|join|ULT Bob
|join|ZZNN
|player|p1|ULT Bob|23
|player|p2|ZZNN|144
|gametype|singles
|gen|6
|tier|UU
|rated
|rule|Sleep Clause Mod: Limit one foe put to sleep
|rule|Species Clause: Limit one of each PokÃ©mon
|rule|OHKO Clause: OHKO moves are banned
|rule|Moody Clause: Moody is banned
|rule|Evasion Moves Clause: Evasion moves are banned
|rule|Endless Battle Clause: Forcing endless battles is banned
|rule|HP Percentage Mod: HP is shown in percentages
|clearpoke
|poke|p1|Celebi
|poke|p1|Aggron, F, shiny
|poke|p1|Crobat, F, shiny
|poke|p1|Blissey, F, shiny
|poke|p1|Alomomola, M, shiny
|poke|p1|Krookodile, F, shiny
|poke|p2|Suicune, shiny
|poke|p2|Gligar, F
|poke|p2|Umbreon, M, shiny
|poke|p2|Serperior, F
|poke|p2|Arcanine, F
|poke|p2|Goodra, F
|rule|Swagger Clause: Swagger is banned
|rule|Baton Pass Clause: Limit one PokÃ©mon knowing Baton Pass
|teampreview
|
|start
|switch|p1a: bob the brobat|Crobat, F, shiny|325\/325
|switch|p2a: Serperior|Serperior, F|354\/354
|turn|1
|
|switch|p2a: Arcanine|Arcanine, F|384\/384
|-ability|p2a: Arcanine|Intimidate|[of] p1a: bob the brobat
|-unboost|p1a: bob the brobat|atk|1
|move|p1a: bob the brobat|Toxic|p2a: Arcanine
|-status|p2a: Arcanine|tox
|
|-damage|p2a: Arcanine|360\/384 tox|[from] psn
|turn|2
|
|switch|p1a: ugly fuck|Alomomola, M, shiny|534\/534
|move|p2a: Arcanine|Will-O-Wisp|p1a: ugly fuck
|-status|p1a: ugly fuck|brn
|
|-damage|p2a: Arcanine|312\/384 tox|[from] psn
|-damage|p1a: ugly fuck|468\/534 brn|[from] brn
|turn|3
|
|switch|p2a: Umbreon|Umbreon, M, shiny|394\/394
|move|p1a: ugly fuck|Toxic|p2a: Umbreon
|-status|p2a: Umbreon|tox
|
|-damage|p1a: ugly fuck|402\/534 brn|[from] brn
|-damage|p2a: Umbreon|370\/394 tox|[from] psn
|turn|4
|
|move|p2a: Umbreon|Heal Bell|p2a: Umbreon
|-cureteam|p2a: Umbreon|[from] move: HealBell
|move|p1a: ugly fuck|Knock Off|p2a: Umbreon
|-resisted|p2a: Umbreon
|-damage|p2a: Umbreon|356\/394
|-enditem|p2a: Umbreon|Leftovers|[from] move: Knock Off|[of] p1a: ugly fuck
|
|-damage|p1a: ugly fuck|336\/534 brn|[from] brn
|turn|5
|
|switch|p2a: Suicune|Suicune, shiny|404\/404
|-ability|p2a: Suicune|Pressure
|move|p1a: ugly fuck|Toxic|p2a: Suicune
|-status|p2a: Suicune|tox
|
|-damage|p2a: Suicune|379\/404 tox|[from] psn
|-damage|p1a: ugly fuck|270\/534 brn|[from] brn
|turn|6
|join|m4rc08oo
|join|Garawra
|
|switch|p1a: cabbage tinkerbell|Celebi|341\/341
|move|p2a: Suicune|Rest|p2a: Suicune
|-status|p2a: Suicune|slp
|-heal|p2a: Suicune|404\/404 slp|[silent]
|-status|p2a: Suicune|slp|[from] move: Rest
|
|turn|7
|leave|m4rc08oo
|
|switch|p2a: Goodra|Goodra, F|384\/384
|move|p1a: cabbage tinkerbell|Swords Dance|p1a: cabbage tinkerbell
|-boost|p1a: cabbage tinkerbell|atk|2
|
|turn|8
|
|move|p1a: cabbage tinkerbell|Zen Headbutt|p2a: Goodra
|-damage|p2a: Goodra|129\/384
|move|p2a: Goodra|Dragon Tail|p1a: cabbage tinkerbell
|-crit|p1a: cabbage tinkerbell
|-damage|p1a: cabbage tinkerbell|254\/341
|drag|p1a: bob the brobat|Crobat, F, shiny|325\/325
|
|-heal|p2a: Goodra|153\/384|[from] item: Leftovers
|turn|9
|
|switch|p2a: Suicune|Suicune, shiny|404\/404 slp
|-ability|p2a: Suicune|Pressure
|move|p1a: bob the brobat|Brave Bird|p2a: Suicune
|-damage|p2a: Suicune|299\/404 slp
|-damage|p1a: bob the brobat|290\/325|[from] recoil|[of] p2a: Suicune
|
|-heal|p1a: bob the brobat|310\/325|[from] item: Black Sludge
|-heal|p2a: Suicune|324\/404 slp|[from] item: Leftovers
|turn|10
|
|switch|p1a: cabbage tinkerbell|Celebi|254\/341
|switch|p2a: Arcanine|Arcanine, F|312\/384
|-ability|p2a: Arcanine|Intimidate|[of] p1a: cabbage tinkerbell
|-unboost|p1a: cabbage tinkerbell|atk|1
|
|-heal|p1a: cabbage tinkerbell|275\/341|[from] item: Leftovers
|turn|11
|
|switch|p1a: ugly fuck|Alomomola, M, shiny|448\/534 brn
|move|p2a: Arcanine|Toxic|p1a: ugly fuck|[miss]
|-miss|p2a: Arcanine|p1a: ugly fuck
|
|-damage|p1a: ugly fuck|382\/534 brn|[from] brn
|turn|12
|
|switch|p2a: Goodra|Goodra, F|153\/384
|move|p1a: ugly fuck|Knock Off|p2a: Goodra
|-damage|p2a: Goodra|119\/384
|-enditem|p2a: Goodra|Leftovers|[from] move: Knock Off|[of] p1a: ugly fuck
|
|-damage|p1a: ugly fuck|316\/534 brn|[from] brn
|turn|13
|
|switch|p1a: cabbage tinkerbell|Celebi|275\/341
|move|p2a: Goodra|Rest|p2a: Goodra
|-status|p2a: Goodra|slp
|-heal|p2a: Goodra|384\/384 slp|[silent]
|-status|p2a: Goodra|slp|[from] move: Rest
|
|-heal|p1a: cabbage tinkerbell|296\/341|[from] item: Leftovers
|turn|14
|join|DMT
|
|switch|p1a: The Don|Krookodile, F, shiny|331\/331
|-ability|p1a: The Don|Intimidate|[of] p2a: Goodra
|-unboost|p2a: Goodra|atk|1
|switch|p2a: Arcanine|Arcanine, F|312\/384
|-ability|p2a: Arcanine|Intimidate|[of] p1a: The Don
|-unboost|p1a: The Don|atk|1
|
|turn|15
|
|switch|p2a: Gligar|Gligar, F|334\/334
|move|p1a: The Don|Earthquake|p2a: Gligar
|-immune|p2a: Gligar|[msg]
|
|turn|16
|join|9 inches
|
|switch|p1a: bob the brobat|Crobat, F, shiny|310\/325
|move|p2a: Gligar|Knock Off|p1a: bob the brobat
|-damage|p1a: bob the brobat|240\/325
|-enditem|p1a: bob the brobat|Black Sludge|[from] move: Knock Off|[of] p2a: Gligar
|
|turn|17
|
|switch|p2a: Arcanine|Arcanine, F|312\/384
|-ability|p2a: Arcanine|Intimidate|[of] p1a: bob the brobat
|-unboost|p1a: bob the brobat|atk|1
|move|p1a: bob the brobat|Toxic|p2a: Arcanine
|-status|p2a: Arcanine|tox
|
|-damage|p2a: Arcanine|288\/384 tox|[from] psn
|turn|18
|
|switch|p1a: ugly fuck|Alomomola, M, shiny|494\/534 brn
|switch|p2a: Serperior|Serperior, F|354\/354
|
|-damage|p1a: ugly fuck|428\/534 brn|[from] brn
|turn|19
|
|switch|p1a: fat fuck|Aggron, F, shiny|344\/344
|move|p2a: Serperior|Dragon Pulse|p1a: fat fuck
|-resisted|p1a: fat fuck
|-damage|p1a: fat fuck|296\/344
|-damage|p2a: Serperior|319\/354|[from] item: Life Orb
|
|turn|20
|join|Waiv's Fren
|
|detailschange|p1a: fat fuck|Aggron-Mega, F, shiny
|-mega|p1a: fat fuck|Aggron|Aggronite
|move|p2a: Serperior|Leaf Storm|p1a: fat fuck
|-resisted|p1a: fat fuck
|-damage|p1a: fat fuck|209\/344
|-boost|p2a: Serperior|spa|2
|-damage|p2a: Serperior|284\/354|[from] item: Life Orb
|move|p1a: fat fuck|Stealth Rock|p2a: Serperior
|-sidestart|p2: ZZNN|move: Stealth Rock
|
|turn|21
|join|huntrd
|
|move|p2a: Serperior|Leaf Storm|p1a: fat fuck
|-resisted|p1a: fat fuck
|-damage|p1a: fat fuck|26\/344
|-boost|p2a: Serperior|spa|2
|-damage|p2a: Serperior|249\/354|[from] item: Life Orb
|move|p1a: fat fuck|Heavy Slam|p2a: Serperior
|-damage|p2a: Serperior|65\/354
|
|turn|22
|
|switch|p1a: Fattest fuck|Blissey, F, shiny|714\/714
|move|p2a: Serperior|Synthesis|p2a: Serperior
|-heal|p2a: Serperior|242\/354
|
|turn|23
|
|move|p2a: Serperior|Substitute|p2a: Serperior
|-start|p2a: Serperior|Substitute
|-damage|p2a: Serperior|154\/354
|move|p1a: Fattest fuck|Wish|p1a: Fattest fuck
|
|turn|24
|c| Waiv's Fren|lol the names
|
|move|p2a: Serperior|Dragon Pulse|p1a: Fattest fuck
|-damage|p1a: Fattest fuck|488\/714
|-damage|p2a: Serperior|119\/354|[from] item: Life Orb
|move|p1a: Fattest fuck|Seismic Toss|p2a: Serperior
|-end|p2a: Serperior|Substitute
|
|-heal|p1a: Fattest fuck|714\/714|[from] move: Wish|[wisher] Fattest fuck
|turn|25
|
|move|p2a: Serperior|Synthesis|p2a: Serperior
|-heal|p2a: Serperior|296\/354
|move|p1a: Fattest fuck|Seismic Toss|p2a: Serperior
|-damage|p2a: Serperior|196\/354
|
|turn|26
|
|move|p2a: Serperior|Leaf Storm|p1a: Fattest fuck
|-damage|p1a: Fattest fuck|155\/714
|-boost|p2a: Serperior|spa|2
|-damage|p2a: Serperior|161\/354|[from] item: Life Orb
|move|p1a: Fattest fuck|Wish|p1a: Fattest fuck
|
|-heal|p1a: Fattest fuck|199\/714|[from] item: Leftovers
|turn|27
|
|move|p1a: Fattest fuck|Protect|p1a: Fattest fuck
|-singleturn|p1a: Fattest fuck|Protect
|move|p2a: Serperior|Synthesis|p2a: Serperior
|-heal|p2a: Serperior|338\/354
|
|-heal|p1a: Fattest fuck|556\/714|[from] move: Wish|[wisher] Fattest fuck
|-heal|p1a: Fattest fuck|600\/714|[from] item: Leftovers
|turn|28
|
|switch|p1a: fat fuck|Aggron-Mega, F, shiny|26\/344
|move|p2a: Serperior|Leaf Storm|p1a: fat fuck
|-resisted|p1a: fat fuck
|-damage|p1a: fat fuck|0 fnt
|-damage|p2a: Serperior|303\/354|[from] item: Life Orb
|faint|p1a: fat fuck
|
|
|switch|p1a: bob the brobat|Crobat, F, shiny|240\/325
|turn|29
|
|switch|p2a: Gligar|Gligar, F|334\/334
|-damage|p2a: Gligar|293\/334|[from] Stealth Rock
|move|p1a: bob the brobat|Brave Bird|p2a: Gligar
|-damage|p2a: Gligar|190\/334
|-damage|p1a: bob the brobat|206\/325|[from] recoil|[of] p2a: Gligar
|
|turn|30
|
|move|p1a: bob the brobat|Toxic|p2a: Gligar
|-status|p2a: Gligar|tox
|move|p2a: Gligar|Defog|p1a: bob the brobat
|-unboost|p1a: bob the brobat|evasion|1
|-sideend|p2: ZZNN|Stealth Rock|[from] move: Defog|[of] p2a: Gligar
|
|-damage|p2a: Gligar|170\/334 tox|[from] psn
|turn|31
|
|move|p1a: bob the brobat|Brave Bird|p2a: Gligar
|-damage|p2a: Gligar|65\/334 tox
|-damage|p1a: bob the brobat|171\/325|[from] recoil|[of] p2a: Gligar
|move|p2a: Gligar|Roost|p2a: Gligar
|-heal|p2a: Gligar|232\/334 tox
|
|-damage|p2a: Gligar|192\/334 tox|[from] psn
|turn|32
|
|switch|p2a: Umbreon|Umbreon, M, shiny|356\/394
|move|p1a: bob the brobat|Roost|p1a: bob the brobat
|-heal|p1a: bob the brobat|325\/325
|
|turn|33
|join|somalia citizen
|
|move|p1a: bob the brobat|Brave Bird|p2a: Umbreon
|-damage|p2a: Umbreon|205\/394
|-damage|p1a: bob the brobat|275\/325|[from] recoil|[of] p2a: Umbreon
|move|p2a: Umbreon|Heal Bell|p2a: Umbreon
|-cureteam|p2a: Umbreon|[from] move: HealBell
|
|turn|34
|join|Bob the Metapod
|join|ULT Celsius
|c| Bob the Metapod|go bob!!
|
|switch|p2a: Suicune|Suicune, shiny|324\/404
|-ability|p2a: Suicune|Pressure
|move|p1a: bob the brobat|Brave Bird|p2a: Suicune
|-crit|p2a: Suicune
|-damage|p2a: Suicune|173\/404
|-damage|p1a: bob the brobat|225\/325|[from] recoil|[of] p2a: Suicune
|
|-heal|p2a: Suicune|198\/404|[from] item: Leftovers
|turn|35
|
|switch|p1a: cabbage tinkerbell|Celebi|296\/341
|move|p2a: Suicune|Rest|p2a: Suicune
|-status|p2a: Suicune|slp
|-heal|p2a: Suicune|404\/404 slp|[silent]
|-status|p2a: Suicune|slp|[from] move: Rest
|
|-heal|p1a: cabbage tinkerbell|317\/341|[from] item: Leftovers
|turn|36
|
|switch|p1a: The Don|Krookodile, F, shiny|331\/331
|-ability|p1a: The Don|Intimidate|[of] p2a: Suicune
|-unboost|p2a: Suicune|atk|1
|switch|p2a: Arcanine|Arcanine, F|288\/384
|-ability|p2a: Arcanine|Intimidate|[of] p1a: The Don
|-unboost|p1a: The Don|atk|1
|
|turn|37
|
|move|p1a: The Don|Knock Off|p2a: Arcanine
|-damage|p2a: Arcanine|159\/384
|-damage|p1a: The Don|276\/331|[from] item: Rocky Helmet|[of] p2a: Arcanine
|-enditem|p2a: Arcanine|Rocky Helmet|[from] move: Knock Off|[of] p1a: The Don
|move|p2a: Arcanine|Will-O-Wisp|p1a: The Don
|-status|p1a: The Don|brn
|
|-damage|p1a: The Don|235\/331 brn|[from] brn
|turn|38
|
|switch|p1a: Fattest fuck|Blissey, F, shiny|600\/714
|move|p2a: Arcanine|Morning Sun|p2a: Arcanine
|-heal|p2a: Arcanine|351\/384
|
|-heal|p1a: Fattest fuck|644\/714|[from] item: Leftovers
|turn|39
|
|switch|p2a: Goodra|Goodra, F|384\/384
|move|p1a: Fattest fuck|Heal Bell|p1a: Fattest fuck
|-cureteam|p1a: Fattest fuck|[from] move: HealBell
|
|-heal|p1a: Fattest fuck|688\/714|[from] item: Leftovers
|turn|40
|
|move|p2a: Goodra|Curse|p2a: Goodra
|-boost|p2a: Goodra|atk|1
|-boost|p2a: Goodra|def|1
|-unboost|p2a: Goodra|spe|1
|move|p1a: Fattest fuck|Wish|p1a: Fattest fuck
|
|-heal|p1a: Fattest fuck|714\/714|[from] item: Leftovers
|turn|41
|
|switch|p1a: The Don|Krookodile, F, shiny|235\/331
|-ability|p1a: The Don|Intimidate|[of] p2a: Goodra
|-unboost|p2a: Goodra|atk|1
|move|p2a: Goodra|Curse|p2a: Goodra
|-boost|p2a: Goodra|atk|1
|-boost|p2a: Goodra|def|1
|-unboost|p2a: Goodra|spe|1
|
|-heal|p1a: The Don|331\/331|[from] move: Wish|[wisher] Fattest fuck
|turn|42
|c|âULT Bob|oh fuk
|
|move|p1a: The Don|Knock Off|p2a: Goodra
|-damage|p2a: Goodra|273\/384
|move|p2a: Goodra|Curse|p2a: Goodra
|-boost|p2a: Goodra|atk|1
|-boost|p2a: Goodra|def|1
|-unboost|p2a: Goodra|spe|1
|
|turn|43
|
|switch|p1a: ugly fuck|Alomomola, M, shiny|534\/534
|move|p2a: Goodra|Curse|p2a: Goodra
|-boost|p2a: Goodra|atk|1
|-boost|p2a: Goodra|def|1
|-unboost|p2a: Goodra|spe|1
|
|turn|44
|
|move|p1a: ugly fuck|Toxic|p2a: Goodra
|-status|p2a: Goodra|tox
|move|p2a: Goodra|Curse|p2a: Goodra
|-boost|p2a: Goodra|atk|1
|-boost|p2a: Goodra|def|1
|-unboost|p2a: Goodra|spe|1
|
|-damage|p2a: Goodra|249\/384 tox|[from] psn
|turn|45
|
|switch|p1a: The Don|Krookodile, F, shiny|331\/331
|-ability|p1a: The Don|Intimidate|[of] p2a: Goodra
|-unboost|p2a: Goodra|atk|1
|move|p2a: Goodra|Rest|p2a: Goodra
|-status|p2a: Goodra|slp
|-heal|p2a: Goodra|384\/384 slp|[silent]
|-status|p2a: Goodra|slp|[from] move: Rest
|
|turn|46
|
|move|p1a: The Don|Earthquake|p2a: Goodra
|-damage|p2a: Goodra|285\/384 slp
|cant|p2a: Goodra|slp
|move|p2a: Goodra|Sleep Talk|p2a: Goodra
|move|p2a: Goodra|Curse|p2a: Goodra|[from]Sleep Talk
|-boost|p2a: Goodra|atk|1
|-boost|p2a: Goodra|def|1
|-unboost|p2a: Goodra|spe|1
|
|turn|47
|c|âULT Bob|crit pls
|
|move|p1a: The Don|Earthquake|p2a: Goodra
|-damage|p2a: Goodra|204\/384 slp
|cant|p2a: Goodra|slp
|move|p2a: Goodra|Sleep Talk|p2a: Goodra
|move|p2a: Goodra|Dragon Tail|p1a: The Don|[from]Sleep Talk
|-damage|p1a: The Don|63\/331
|drag|p1a: ugly fuck|Alomomola, M, shiny|534\/534
|
|turn|48
|
|move|p1a: ugly fuck|Wish|p1a: ugly fuck
|-curestatus|p2a: Goodra|slp
|move|p2a: Goodra|Rest|p2a: Goodra
|-status|p2a: Goodra|slp
|-heal|p2a: Goodra|384\/384 slp|[silent]
|-status|p2a: Goodra|slp|[from] move: Rest
|
|turn|49
|
|switch|p1a: The Don|Krookodile, F, shiny|63\/331
|-ability|p1a: The Don|Intimidate|[of] p2a: Goodra
|-unboost|p2a: Goodra|atk|1
|cant|p2a: Goodra|slp
|move|p2a: Goodra|Sleep Talk|p2a: Goodra
|move|p2a: Goodra|Curse|p2a: Goodra|[from]Sleep Talk
|-boost|p2a: Goodra|atk|1
|
|-heal|p1a: The Don|330\/331|[from] move: Wish|[wisher] ugly fuck
|turn|50
|leave|DMT
|
|move|p1a: The Don|Earthquake|p2a: Goodra
|-damage|p2a: Goodra|296\/384 slp
|cant|p2a: Goodra|slp
|move|p2a: Goodra|Sleep Talk|p2a: Goodra
|move|p2a: Goodra|Curse|p2a: Goodra|[from]Sleep Talk
|-boost|p2a: Goodra|atk|1
|
|turn|51
|
|move|p1a: The Don|Earthquake|p2a: Goodra
|-damage|p2a: Goodra|218\/384 slp
|-curestatus|p2a: Goodra|slp
|move|p2a: Goodra|Dragon Tail|p1a: The Don
|-crit|p1a: The Don
|-damage|p1a: The Don|0 fnt
|faint|p1a: The Don
|
|
|switch|p1a: cabbage tinkerbell|Celebi|317\/341
|turn|52
|
|move|p1a: cabbage tinkerbell|Zen Headbutt|p2a: Goodra
|-damage|p2a: Goodra|185\/384
|move|p2a: Goodra|Dragon Tail|p1a: cabbage tinkerbell
|-damage|p1a: cabbage tinkerbell|119\/341
|drag|p1a: bob the brobat|Crobat, F, shiny|225\/325
|
|turn|53
|leave|Garawra
|
|move|p1a: bob the brobat|Brave Bird|p2a: Goodra
|-damage|p2a: Goodra|131\/384
|-damage|p1a: bob the brobat|207\/325|[from] recoil|[of] p2a: Goodra
|move|p2a: Goodra|Rest|p2a: Goodra
|-status|p2a: Goodra|slp
|-heal|p2a: Goodra|384\/384 slp|[silent]
|-status|p2a: Goodra|slp|[from] move: Rest
|
|turn|54
|
|move|p1a: bob the brobat|Brave Bird|p2a: Goodra
|-damage|p2a: Goodra|327\/384 slp
|-damage|p1a: bob the brobat|188\/325|[from] recoil|[of] p2a: Goodra
|cant|p2a: Goodra|slp
|move|p2a: Goodra|Sleep Talk|p2a: Goodra
|move|p2a: Goodra|Rest|p2a: Goodra|[from]Sleep Talk
|-fail|p2a: Goodra
|
|turn|55
|c|âULT Bob|need fairy type
|
|move|p1a: bob the brobat|Brave Bird|p2a: Goodra
|-damage|p2a: Goodra|275\/384 slp
|-damage|p1a: bob the brobat|171\/325|[from] recoil|[of] p2a: Goodra
|cant|p2a: Goodra|slp
|move|p2a: Goodra|Sleep Talk|p2a: Goodra
|move|p2a: Goodra|Rest|p2a: Goodra|[from]Sleep Talk
|-fail|p2a: Goodra
|
|turn|56
|c| somalia citizen|reveal perish song
|
|move|p1a: bob the brobat|Brave Bird|p2a: Goodra
|-damage|p2a: Goodra|218\/384 slp
|-damage|p1a: bob the brobat|152\/325|[from] recoil|[of] p2a: Goodra
|-curestatus|p2a: Goodra|slp
|move|p2a: Goodra|Dragon Tail|p1a: bob the brobat
|-damage|p1a: bob the brobat|0 fnt
|faint|p1a: bob the brobat
|
|
|switch|p1a: cabbage tinkerbell|Celebi|119\/341
|turn|57
|
|move|p1a: cabbage tinkerbell|Zen Headbutt|p2a: Goodra
|-damage|p2a: Goodra|188\/384
|move|p2a: Goodra|Dragon Tail|p1a: cabbage tinkerbell
|-damage|p1a: cabbage tinkerbell|0 fnt
|faint|p1a: cabbage tinkerbell
|
|-message|ULT Bob forfeited.
|
|win|ZZNN
|raw|Ladder updating...
|raw|ULT Bob's rating: 1618 &rarr; <strong>1593<\/strong><br \/>(-25 for losing)
|raw|ZZNN's rating: 1524 &rarr; <strong>1549<\/strong><br \/>(+25 for winning)
|c| Bob the Metapod|:[
|c|âZZNN|GG
|leave|ULT Bob
|player|p1
|leave|Bob the Metapod