|join|khalB
|join|zuccherino75
|player|p1|khalB|2
|player|p2|zuccherino75|156
|gametype|singles
|gen|6
|tier|ORAS OU
|rated
|rule|Sleep Clause Mod: Limit one foe put to sleep
|rule|Species Clause: Limit one of each PokÃ©mon
|rule|OHKO Clause: OHKO moves are banned
|rule|Moody Clause: Moody is banned
|rule|Evasion Moves Clause: Evasion moves are banned
|rule|Endless Battle Clause: Forcing endless battles is banned
|rule|HP Percentage Mod: HP is shown in percentages
|clearpoke
|poke|p1|Rotom-Wash
|poke|p1|Talonflame, F
|poke|p1|Weavile, F
|poke|p1|Zapdos
|poke|p1|Metagross
|poke|p1|Gliscor, M
|poke|p2|Politoed, M
|poke|p2|Swampert, F
|poke|p2|Kingdra, M
|poke|p2|Ferrothorn, F
|poke|p2|Tornadus-Therian, M
|poke|p2|Breloom, F
|rule|Swagger Clause: Swagger is banned
|rule|Baton Pass Clause: Limit one PokÃ©mon knowing Baton Pass
|teampreview
|
|start
|switch|p1a: Rotom-Wash|Rotom-Wash|304\/304
|switch|p2a: Breloom|Breloom, F|261\/261
|turn|1
|
|switch|p1a: Zapdos|Zapdos|384\/384
|-ability|p1a: Zapdos|Pressure
|move|p2a: Breloom|Spore|p1a: Zapdos
|-status|p1a: Zapdos|slp
|
|turn|2
|
|switch|p2a: Swampert|Swampert, F|347\/347
|switch|p1a: Gliscor|Gliscor, M|354\/354
|
|-status|p1a: Gliscor|tox|[from] item: Toxic Orb
|turn|3
|
|detailschange|p2a: Swampert|Swampert-Mega, F
|message|Swampert has Mega Evolved into Mega Swampert!
|move|p1a: Gliscor|Stealth Rock|p2a: Swampert
|-sidestart|p2: zuccherino75|move: Stealth Rock
|move|p2a: Swampert|Waterfall|p1a: Gliscor
|-supereffective|p1a: Gliscor
|-damage|p1a: Gliscor|114\/354 tox
|
|-heal|p1a: Gliscor|158\/354 tox|[from] ability: Poison Heal
|turn|4
|
|move|p1a: Gliscor|Protect|p1a: Gliscor
|-singleturn|p1a: Gliscor|Protect
|move|p2a: Swampert|Waterfall|p1a: Gliscor
|-activate|p1a: Gliscor|Protect
|
|-heal|p1a: Gliscor|202\/354 tox|[from] ability: Poison Heal
|turn|5
|
|switch|p1a: Rotom-Wash|Rotom-Wash|304\/304
|move|p2a: Swampert|Waterfall|p1a: Rotom-Wash
|-resisted|p1a: Rotom-Wash
|-damage|p1a: Rotom-Wash|215\/304
|
|-heal|p1a: Rotom-Wash|234\/304|[from] item: Leftovers
|turn|6
|
|switch|p2a: Politoed|Politoed, M|384\/384
|-damage|p2a: Politoed|336\/384|[from] Stealth Rock
|-weather|RainDance
|move|p1a: Rotom-Wash|Will-O-Wisp|p2a: Politoed
|-status|p2a: Politoed|brn
|
|-weather|RainDance|[upkeep]
|-heal|p1a: Rotom-Wash|253\/304|[from] item: Leftovers
|-damage|p2a: Politoed|288\/384 brn|[from] brn
|turn|7
|
|switch|p2a: Ferrothorn|Ferrothorn, F|351\/351
|-damage|p2a: Ferrothorn|330\/351|[from] Stealth Rock
|move|p1a: Rotom-Wash|Volt Switch|p2a: Ferrothorn
|-resisted|p2a: Ferrothorn
|-damage|p2a: Ferrothorn|294\/351
|
|switch|p1a: Gliscor|Gliscor, M|202\/354 tox
|
|-weather|RainDance|[upkeep]
|-heal|p2a: Ferrothorn|315\/351|[from] item: Leftovers
|-heal|p1a: Gliscor|246\/354 tox|[from] ability: Poison Heal
|turn|8
|
|move|p1a: Gliscor|Taunt|p2a: Ferrothorn
|-start|p2a: Ferrothorn|move: Taunt
|cant|p2a: Ferrothorn|move: Taunt|Stealth Rock
|
|-weather|RainDance|[upkeep]
|-heal|p2a: Ferrothorn|336\/351|[from] item: Leftovers
|-heal|p1a: Gliscor|290\/354 tox|[from] ability: Poison Heal
|turn|9
|
|move|p1a: Gliscor|Knock Off|p2a: Ferrothorn
|-damage|p2a: Ferrothorn|287\/351
|-damage|p1a: Gliscor|246\/354 tox|[from] ability: Iron Barbs|[of] p2a: Ferrothorn
|-enditem|p2a: Ferrothorn|Leftovers|[from] move: Knock Off|[of] p1a: Gliscor
|move|p2a: Ferrothorn|Gyro Ball|p1a: Gliscor
|-damage|p1a: Gliscor|117\/354 tox
|
|-weather|RainDance|[upkeep]
|-heal|p1a: Gliscor|161\/354 tox|[from] ability: Poison Heal
|turn|10
|
|switch|p1a: Zapdos|Zapdos|384\/384 slp
|-ability|p1a: Zapdos|Pressure
|switch|p2a: Swampert|Swampert-Mega, F|347\/347
|-damage|p2a: Swampert|326\/347|[from] Stealth Rock
|
|-weather|RainDance|[upkeep]
|turn|11
|
|switch|p1a: Gliscor|Gliscor, M|161\/354 tox
|move|p2a: Swampert|Waterfall|p1a: Gliscor
|-supereffective|p1a: Gliscor
|-damage|p1a: Gliscor|0 fnt
|faint|p1a: Gliscor
|
|-weather|RainDance|[upkeep]
|
|switch|p1a: Rotom-Wash|Rotom-Wash|253\/304
|turn|12
|
|switch|p2a: Ferrothorn|Ferrothorn, F|287\/351
|-damage|p2a: Ferrothorn|266\/351|[from] Stealth Rock
|move|p1a: Rotom-Wash|Hydro Pump|p2a: Ferrothorn
|-crit|p2a: Ferrothorn
|-resisted|p2a: Ferrothorn
|-damage|p2a: Ferrothorn|146\/351
|
|-weather|RainDance|[upkeep]
|-heal|p1a: Rotom-Wash|272\/304|[from] item: Leftovers
|turn|13
|
|move|p1a: Rotom-Wash|Will-O-Wisp|p2a: Ferrothorn
|-status|p2a: Ferrothorn|brn
|move|p2a: Ferrothorn|Stealth Rock|p1a: Rotom-Wash
|-sidestart|p1: khalB|move: Stealth Rock
|
|-weather|none
|-heal|p1a: Rotom-Wash|291\/304|[from] item: Leftovers
|-damage|p2a: Ferrothorn|103\/351 brn|[from] brn
|turn|14
|
|move|p1a: Rotom-Wash|Hydro Pump|p2a: Ferrothorn
|-resisted|p2a: Ferrothorn
|-damage|p2a: Ferrothorn|49\/351 brn
|move|p2a: Ferrothorn|Leech Seed|p1a: Rotom-Wash
|-start|p1a: Rotom-Wash|move: Leech Seed
|
|-heal|p1a: Rotom-Wash|304\/304|[from] item: Leftovers
|-damage|p1a: Rotom-Wash|266\/304|[from] Leech Seed|[of] p2a: Ferrothorn
|-heal|p2a: Ferrothorn|87\/351 brn|[silent]
|-damage|p2a: Ferrothorn|44\/351 brn|[from] brn
|turn|15
|
|move|p1a: Rotom-Wash|Volt Switch|p2a: Ferrothorn
|-resisted|p2a: Ferrothorn
|-damage|p2a: Ferrothorn|10\/351 brn
|
|switch|p1a: Zapdos|Zapdos|384\/384 slp
|-damage|p1a: Zapdos|288\/384 slp|[from] Stealth Rock
|-ability|p1a: Zapdos|Pressure
|move|p2a: Ferrothorn|Spikes|p1a: Zapdos
|-sidestart|p1: khalB|Spikes
|
|-heal|p1a: Zapdos|312\/384 slp|[from] item: Leftovers
|-damage|p2a: Ferrothorn|0 fnt|[from] brn
|faint|p2a: Ferrothorn
|
|switch|p2a: Kingdra|Kingdra, M|328\/328
|-damage|p2a: Kingdra|287\/328|[from] Stealth Rock
|turn|16
|
|cant|p1a: Zapdos|slp
|move|p2a: Kingdra|Draco Meteor|p1a: Zapdos
|-damage|p1a: Zapdos|0 fnt
|-unboost|p2a: Kingdra|spa|2
|faint|p1a: Zapdos
|
|
|switch|p1a: Metagross|Metagross|319\/319
|-damage|p1a: Metagross|280\/319|[from] Spikes
|-damage|p1a: Metagross|261\/319|[from] Stealth Rock
|turn|17
|
|switch|p2a: Politoed|Politoed, M|288\/384 brn
|-damage|p2a: Politoed|240\/384 brn|[from] Stealth Rock
|-weather|RainDance
|detailschange|p1a: Metagross|Metagross-Mega
|message|Metagross has Mega Evolved into Mega Metagross!
|move|p1a: Metagross|Power-Up Punch|p2a: Politoed
|-damage|p2a: Politoed|177\/384 brn
|-boost|p1a: Metagross|atk|1
|
|-weather|RainDance|[upkeep]
|-damage|p2a: Politoed|129\/384 brn|[from] brn
|turn|18
|
|move|p1a: Metagross|Zen Headbutt|p2a: Politoed
|-damage|p2a: Politoed|0 fnt
|faint|p2a: Politoed
|
|-weather|RainDance|[upkeep]
|
|switch|p2a: Kingdra|Kingdra, M|287\/328
|-damage|p2a: Kingdra|246\/328|[from] Stealth Rock
|turn|19
|
|move|p2a: Kingdra|Scald|p1a: Metagross
|-damage|p1a: Metagross|0 fnt
|faint|p1a: Metagross
|
|-weather|RainDance|[upkeep]
|
|switch|p1a: Rotom-Wash|Rotom-Wash|266\/304
|-damage|p1a: Rotom-Wash|228\/304|[from] Stealth Rock
|turn|20
|
|move|p2a: Kingdra|Scald|p1a: Rotom-Wash
|-resisted|p1a: Rotom-Wash
|-damage|p1a: Rotom-Wash|119\/304
|-status|p1a: Rotom-Wash|brn
|move|p1a: Rotom-Wash|Will-O-Wisp|p2a: Kingdra|[miss]
|-miss|p1a: Rotom-Wash|p2a: Kingdra
|
|-weather|RainDance|[upkeep]
|-heal|p1a: Rotom-Wash|138\/304 brn|[from] item: Leftovers
|-damage|p1a: Rotom-Wash|100\/304 brn|[from] brn
|turn|21
|
|move|p2a: Kingdra|Scald|p1a: Rotom-Wash
|-resisted|p1a: Rotom-Wash
|-damage|p1a: Rotom-Wash|0 fnt
|faint|p1a: Rotom-Wash
|
|-weather|RainDance|[upkeep]
|
|switch|p1a: Weavile|Weavile, F|282\/282
|-damage|p1a: Weavile|247\/282|[from] Spikes
|-damage|p1a: Weavile|177\/282|[from] Stealth Rock
|-ability|p1a: Weavile|Pressure
|turn|22
|
|move|p2a: Kingdra|Scald|p1a: Weavile
|-damage|p1a: Weavile|0 fnt
|faint|p1a: Weavile
|
|-weather|RainDance|[upkeep]
|c|âzuccherino75|gg
|
|switch|p1a: Talonflame|Talonflame, F|329\/329
|-damage|p1a: Talonflame|165\/329|[from] Stealth Rock
|turn|23
|
|move|p1a: Talonflame|Brave Bird|p2a: Kingdra
|-damage|p2a: Kingdra|57\/328
|-damage|p1a: Talonflame|103\/329|[from] recoil|[of] p2a: Kingdra
|move|p2a: Kingdra|Scald|p1a: Talonflame
|-supereffective|p1a: Talonflame
|-damage|p1a: Talonflame|0 fnt
|faint|p1a: Talonflame
|
|win|zuccherino75
|raw|Ladder updating...
|raw|khalB's rating: 1424 &rarr; <strong>1399<\/strong><br \/>(-25 for losing)
|raw|zuccherino75's rating: 1328 &rarr; <strong>1354<\/strong><br \/>(+26 for winning)
|c|âkhalB|gg 
|leave|khalB
|player|p1