|join|khalB
|join|Ihr Henker
|player|p1|khalB|264
|player|p2|Ihr Henker|1
|gametype|singles
|gen|6
|tier|ORAS OU
|rated
|rule|Sleep Clause Mod: Limit one foe put to sleep
|rule|Species Clause: Limit one of each PokÃ©mon
|rule|OHKO Clause: OHKO moves are banned
|rule|Moody Clause: Moody is banned
|rule|Evasion Moves Clause: Evasion moves are banned
|rule|Endless Battle Clause: Forcing endless battles is banned
|rule|HP Percentage Mod: HP is shown in percentages
|clearpoke
|poke|p1|Rotom-Wash
|poke|p1|Talonflame, M
|poke|p1|Weavile, M
|poke|p1|Zapdos
|poke|p1|Metagross
|poke|p1|Gliscor, M
|poke|p2|Sableye, F
|poke|p2|Ferrothorn, F
|poke|p2|Sylveon, F
|poke|p2|Heatran, F
|poke|p2|Mandibuzz, F
|poke|p2|Rotom-Wash
|rule|Swagger Clause: Swagger is banned
|rule|Baton Pass Clause: Limit one PokÃ©mon knowing Baton Pass
|teampreview
|
|start
|switch|p1a: Rotom-Wash|Rotom-Wash|304\/304
|switch|p2a: Sableye|Sableye, F|304\/304
|turn|1
|
|detailschange|p2a: Sableye|Sableye-Mega, F
|message|Sableye has Mega Evolved into Mega Sableye!
|move|p1a: Rotom-Wash|Will-O-Wisp|p2a: Sableye
|move|p2a: Sableye|Will-O-Wisp|p1a: Rotom-Wash|[from]Magic Bounce
|-status|p1a: Rotom-Wash|brn
|move|p2a: Sableye|Foul Play|p1a: Rotom-Wash
|-damage|p1a: Rotom-Wash|241\/304 brn
|
|-heal|p1a: Rotom-Wash|260\/304 brn|[from] item: Leftovers
|-damage|p1a: Rotom-Wash|222\/304 brn|[from] brn
|turn|2
|
|move|p1a: Rotom-Wash|Hydro Pump|p2a: Sableye
|-damage|p2a: Sableye|189\/304
|move|p2a: Sableye|Will-O-Wisp|p1a: Rotom-Wash
|-fail|p1a: Rotom-Wash|brn
|
|-heal|p1a: Rotom-Wash|241\/304 brn|[from] item: Leftovers
|-damage|p1a: Rotom-Wash|203\/304 brn|[from] brn
|turn|3
|
|move|p1a: Rotom-Wash|Hydro Pump|p2a: Sableye
|-damage|p2a: Sableye|74\/304
|move|p2a: Sableye|Recover|p2a: Sableye
|-heal|p2a: Sableye|226\/304
|
|-heal|p1a: Rotom-Wash|222\/304 brn|[from] item: Leftovers
|-damage|p1a: Rotom-Wash|184\/304 brn|[from] brn
|turn|4
|
|move|p1a: Rotom-Wash|Pain Split|p2a: Sableye
|-sethp|p2a: Sableye|205\/304|p1a: Rotom-Wash|205\/304 brn|[from] move: Pain Split
|move|p2a: Sableye|Recover|p2a: Sableye
|-heal|p2a: Sableye|304\/304
|
|-heal|p1a: Rotom-Wash|224\/304 brn|[from] item: Leftovers
|-damage|p1a: Rotom-Wash|186\/304 brn|[from] brn
|turn|5
|
|move|p1a: Rotom-Wash|Pain Split|p2a: Sableye
|-sethp|p2a: Sableye|245\/304|p1a: Rotom-Wash|245\/304 brn|[from] move: Pain Split
|move|p2a: Sableye|Taunt|p1a: Rotom-Wash
|-start|p1a: Rotom-Wash|move: Taunt
|
|-heal|p1a: Rotom-Wash|264\/304 brn|[from] item: Leftovers
|-damage|p1a: Rotom-Wash|226\/304 brn|[from] brn
|turn|6
|
|move|p1a: Rotom-Wash|Volt Switch|p2a: Sableye
|-damage|p2a: Sableye|173\/304
|
|switch|p1a: Gliscor|Gliscor, M|327\/327
|move|p2a: Sableye|Foul Play|p1a: Gliscor
|-damage|p1a: Gliscor|245\/327
|
|-status|p1a: Gliscor|tox|[from] item: Toxic Orb
|turn|7
|
|move|p1a: Gliscor|Protect|p1a: Gliscor
|-singleturn|p1a: Gliscor|Protect
|move|p2a: Sableye|Recover|p2a: Sableye
|-heal|p2a: Sableye|304\/304
|
|-heal|p1a: Gliscor|285\/327 tox|[from] ability: Poison Heal
|turn|8
|
|switch|p1a: Rotom-Wash|Rotom-Wash|226\/304 brn
|move|p2a: Sableye|Taunt|p1a: Rotom-Wash
|-start|p1a: Rotom-Wash|move: Taunt
|
|-heal|p1a: Rotom-Wash|245\/304 brn|[from] item: Leftovers
|-damage|p1a: Rotom-Wash|207\/304 brn|[from] brn
|turn|9
|
|move|p1a: Rotom-Wash|Hydro Pump|p2a: Sableye|[miss]
|-miss|p1a: Rotom-Wash|p2a: Sableye
|move|p2a: Sableye|Foul Play|p1a: Rotom-Wash
|-damage|p1a: Rotom-Wash|146\/304 brn
|
|-heal|p1a: Rotom-Wash|165\/304 brn|[from] item: Leftovers
|-damage|p1a: Rotom-Wash|127\/304 brn|[from] brn
|turn|10
|
|switch|p2a: Ferrothorn|Ferrothorn, F|352\/352
|move|p1a: Rotom-Wash|Hydro Pump|p2a: Ferrothorn
|-resisted|p2a: Ferrothorn
|-damage|p2a: Ferrothorn|292\/352
|
|-heal|p1a: Rotom-Wash|146\/304 brn|[from] item: Leftovers
|-heal|p2a: Ferrothorn|314\/352|[from] item: Leftovers
|-damage|p1a: Rotom-Wash|108\/304 brn|[from] brn
|turn|11
|
|move|p1a: Rotom-Wash|Volt Switch|p2a: Ferrothorn
|-resisted|p2a: Ferrothorn
|-damage|p2a: Ferrothorn|281\/352
|
|switch|p1a: Zapdos|Zapdos|384\/384
|-ability|p1a: Zapdos|Pressure
|move|p2a: Ferrothorn|Spikes|p1a: Zapdos
|-sidestart|p1: khalB|Spikes
|
|-heal|p2a: Ferrothorn|303\/352|[from] item: Leftovers
|turn|12
|
|switch|p2a: Sylveon|Sylveon, F|394\/394
|move|p1a: Zapdos|Thunderbolt|p2a: Sylveon
|-damage|p2a: Sylveon|312\/394
|
|-heal|p2a: Sylveon|336\/394|[from] item: Leftovers
|turn|13
|
|switch|p1a: Talonflame|Talonflame, M|329\/329
|move|p2a: Sylveon|Wish|p2a: Sylveon
|
|-heal|p2a: Sylveon|360\/394|[from] item: Leftovers
|turn|14
|
|switch|p1a: Zapdos|Zapdos|384\/384
|-ability|p1a: Zapdos|Pressure
|switch|p2a: Heatran|Heatran, F|386\/386
|
|turn|15
|
|move|p1a: Zapdos|Thunderbolt|p2a: Heatran
|-damage|p2a: Heatran|295\/386
|move|p2a: Heatran|Stealth Rock|p1a: Zapdos
|-sidestart|p1: khalB|move: Stealth Rock
|
|-heal|p2a: Heatran|319\/386|[from] item: Leftovers
|turn|16
|
|move|p1a: Zapdos|Thunderbolt|p2a: Heatran
|-damage|p2a: Heatran|222\/386
|move|p2a: Heatran|Roar|p1a: Zapdos
|drag|p1a: Rotom-Wash|Rotom-Wash|108\/304 brn
|-damage|p1a: Rotom-Wash|70\/304 brn|[from] Stealth Rock
|
|-heal|p1a: Rotom-Wash|89\/304 brn|[from] item: Leftovers
|-heal|p2a: Heatran|246\/386|[from] item: Leftovers
|-damage|p1a: Rotom-Wash|51\/304 brn|[from] brn
|turn|17
|
|switch|p2a: Sylveon|Sylveon, F|360\/394
|move|p1a: Rotom-Wash|Pain Split|p2a: Sylveon
|-sethp|p2a: Sylveon|205\/394|p1a: Rotom-Wash|205\/304 brn|[from] move: Pain Split
|
|-heal|p1a: Rotom-Wash|224\/304 brn|[from] item: Leftovers
|-heal|p2a: Sylveon|229\/394|[from] item: Leftovers
|-damage|p1a: Rotom-Wash|186\/304 brn|[from] brn
|turn|18
|
|move|p1a: Rotom-Wash|Volt Switch|p2a: Sylveon
|-damage|p2a: Sylveon|163\/394
|
|switch|p1a: Metagross|Metagross|319\/319
|-damage|p1a: Metagross|300\/319|[from] Stealth Rock
|-damage|p1a: Metagross|261\/319|[from] Spikes
|move|p2a: Sylveon|Wish|p2a: Sylveon
|
|-heal|p2a: Sylveon|187\/394|[from] item: Leftovers
|turn|19
|
|switch|p2a: Rotom-Wash|Rotom-Wash|304\/304
|detailschange|p1a: Metagross|Metagross-Mega
|message|Metagross has Mega Evolved into Mega Metagross!
|move|p1a: Metagross|Power-Up Punch|p2a: Rotom-Wash
|-damage|p2a: Rotom-Wash|246\/304
|-boost|p1a: Metagross|atk|1
|
|-heal|p2a: Rotom-Wash|304\/304|[from] move: Wish|[wisher] Sylveon
|turn|20
|
|switch|p1a: Rotom-Wash|Rotom-Wash|186\/304 brn
|-damage|p1a: Rotom-Wash|148\/304 brn|[from] Stealth Rock
|move|p2a: Rotom-Wash|Will-O-Wisp|p1a: Rotom-Wash
|-fail|p1a: Rotom-Wash|brn
|
|-heal|p1a: Rotom-Wash|167\/304 brn|[from] item: Leftovers
|-damage|p1a: Rotom-Wash|129\/304 brn|[from] brn
|turn|21
|
|switch|p2a: Sylveon|Sylveon, F|187\/394
|move|p1a: Rotom-Wash|Pain Split|p2a: Sylveon
|-sethp|p2a: Sylveon|158\/394|p1a: Rotom-Wash|158\/304 brn|[from] move: Pain Split
|
|-heal|p1a: Rotom-Wash|177\/304 brn|[from] item: Leftovers
|-heal|p2a: Sylveon|182\/394|[from] item: Leftovers
|-damage|p1a: Rotom-Wash|139\/304 brn|[from] brn
|turn|22
|
|move|p1a: Rotom-Wash|Hydro Pump|p2a: Sylveon
|-damage|p2a: Sylveon|91\/394
|move|p2a: Sylveon|Wish|p2a: Sylveon
|
|-heal|p1a: Rotom-Wash|158\/304 brn|[from] item: Leftovers
|-heal|p2a: Sylveon|115\/394|[from] item: Leftovers
|-damage|p1a: Rotom-Wash|120\/304 brn|[from] brn
|turn|23
|
|switch|p1a: Gliscor|Gliscor, M|285\/327 tox
|-damage|p1a: Gliscor|245\/327 tox|[from] Stealth Rock
|move|p2a: Sylveon|Hyper Voice|p1a: Gliscor
|-damage|p1a: Gliscor|77\/327 tox
|
|-heal|p2a: Sylveon|312\/394|[from] move: Wish|[wisher] Sylveon
|-heal|p2a: Sylveon|336\/394|[from] item: Leftovers
|-heal|p1a: Gliscor|117\/327 tox|[from] ability: Poison Heal
|turn|24
|
|move|p1a: Gliscor|Stealth Rock|p2a: Sylveon
|-sidestart|p2: Ihr Henker|move: Stealth Rock
|move|p2a: Sylveon|Hyper Voice|p1a: Gliscor
|-damage|p1a: Gliscor|0 fnt
|faint|p1a: Gliscor
|
|-heal|p2a: Sylveon|360\/394|[from] item: Leftovers
|
|switch|p1a: Rotom-Wash|Rotom-Wash|120\/304 brn
|-damage|p1a: Rotom-Wash|82\/304 brn|[from] Stealth Rock
|turn|25
|
|move|p2a: Sylveon|Protect|p2a: Sylveon
|-singleturn|p2a: Sylveon|Protect
|move|p1a: Rotom-Wash|Pain Split|p2a: Sylveon
|-activate|p2a: Sylveon|Protect
|
|-heal|p1a: Rotom-Wash|101\/304 brn|[from] item: Leftovers
|-heal|p2a: Sylveon|384\/394|[from] item: Leftovers
|-damage|p1a: Rotom-Wash|63\/304 brn|[from] brn
|turn|26
|
|move|p1a: Rotom-Wash|Volt Switch|p2a: Sylveon
|-damage|p2a: Sylveon|326\/394
|
|switch|p1a: Talonflame|Talonflame, M|329\/329
|-damage|p1a: Talonflame|165\/329|[from] Stealth Rock
|move|p2a: Sylveon|Wish|p2a: Sylveon
|
|-heal|p2a: Sylveon|350\/394|[from] item: Leftovers
|turn|27
|
|switch|p2a: Heatran|Heatran, F|246\/386
|-damage|p2a: Heatran|198\/386|[from] Stealth Rock
|move|p1a: Talonflame|Roost|p1a: Talonflame
|-heal|p1a: Talonflame|329\/329
|
|-heal|p2a: Heatran|386\/386|[from] move: Wish|[wisher] Sylveon
|turn|28
|
|move|p1a: Talonflame|Swords Dance|p1a: Talonflame
|-boost|p1a: Talonflame|atk|2
|move|p2a: Heatran|Roar|p1a: Talonflame
|drag|p1a: Rotom-Wash|Rotom-Wash|63\/304 brn
|-damage|p1a: Rotom-Wash|25\/304 brn|[from] Stealth Rock
|
|-heal|p1a: Rotom-Wash|44\/304 brn|[from] item: Leftovers
|-damage|p1a: Rotom-Wash|6\/304 brn|[from] brn
|turn|29
|
|switch|p2a: Sylveon|Sylveon, F|350\/394
|-damage|p2a: Sylveon|301\/394|[from] Stealth Rock
|move|p1a: Rotom-Wash|Pain Split|p2a: Sylveon
|-sethp|p2a: Sylveon|153\/394|p1a: Rotom-Wash|153\/304 brn|[from] move: Pain Split
|
|-heal|p1a: Rotom-Wash|172\/304 brn|[from] item: Leftovers
|-heal|p2a: Sylveon|177\/394|[from] item: Leftovers
|-damage|p1a: Rotom-Wash|134\/304 brn|[from] brn
|turn|30
|
|move|p1a: Rotom-Wash|Will-O-Wisp|p2a: Sylveon
|-status|p2a: Sylveon|brn
|move|p2a: Sylveon|Wish|p2a: Sylveon
|
|-heal|p1a: Rotom-Wash|153\/304 brn|[from] item: Leftovers
|-heal|p2a: Sylveon|201\/394 brn|[from] item: Leftovers
|-damage|p1a: Rotom-Wash|115\/304 brn|[from] brn
|-damage|p2a: Sylveon|152\/394 brn|[from] brn
|turn|31
|
|move|p1a: Rotom-Wash|Hydro Pump|p2a: Sylveon
|-damage|p2a: Sylveon|61\/394 brn
|move|p2a: Sylveon|Heal Bell|p2a: Sylveon
|-cureteam|p2a: Sylveon|[from] move: HealBell
|
|-heal|p2a: Sylveon|258\/394|[from] move: Wish|[wisher] Sylveon
|-heal|p1a: Rotom-Wash|134\/304 brn|[from] item: Leftovers
|-heal|p2a: Sylveon|282\/394|[from] item: Leftovers
|-damage|p1a: Rotom-Wash|96\/304 brn|[from] brn
|turn|32
|
|move|p1a: Rotom-Wash|Pain Split|p2a: Sylveon
|-sethp|p2a: Sylveon|189\/394|p1a: Rotom-Wash|189\/304 brn|[from] move: Pain Split
|move|p2a: Sylveon|Hyper Voice|p1a: Rotom-Wash
|-damage|p1a: Rotom-Wash|63\/304 brn
|
|-heal|p1a: Rotom-Wash|82\/304 brn|[from] item: Leftovers
|-heal|p2a: Sylveon|213\/394|[from] item: Leftovers
|-damage|p1a: Rotom-Wash|44\/304 brn|[from] brn
|turn|33
|
|move|p1a: Rotom-Wash|Will-O-Wisp|p2a: Sylveon|[miss]
|-miss|p1a: Rotom-Wash|p2a: Sylveon
|move|p2a: Sylveon|Hyper Voice|p1a: Rotom-Wash
|-damage|p1a: Rotom-Wash|0 fnt
|faint|p1a: Rotom-Wash
|
|-heal|p2a: Sylveon|237\/394|[from] item: Leftovers
|
|switch|p1a: Talonflame|Talonflame, M|329\/329
|-damage|p1a: Talonflame|165\/329|[from] Stealth Rock
|turn|34
|
|switch|p2a: Heatran|Heatran, F|386\/386
|-damage|p2a: Heatran|338\/386|[from] Stealth Rock
|move|p1a: Talonflame|Brave Bird|p2a: Heatran
|-resisted|p2a: Heatran
|-damage|p2a: Heatran|251\/386
|-damage|p1a: Talonflame|136\/329|[from] recoil|[of] p2a: Heatran
|
|-heal|p2a: Heatran|275\/386|[from] item: Leftovers
|turn|35
|
|move|p1a: Talonflame|Brave Bird|p2a: Heatran
|-resisted|p2a: Heatran
|-damage|p2a: Heatran|188\/386
|-damage|p1a: Talonflame|107\/329|[from] recoil|[of] p2a: Heatran
|move|p2a: Heatran|Roar|p1a: Talonflame
|drag|p1a: Zapdos|Zapdos|384\/384
|-damage|p1a: Zapdos|288\/384|[from] Stealth Rock
|-ability|p1a: Zapdos|Pressure
|
|-heal|p1a: Zapdos|312\/384|[from] item: Leftovers
|-heal|p2a: Heatran|212\/386|[from] item: Leftovers
|turn|36
|
|move|p1a: Zapdos|Thunderbolt|p2a: Heatran
|-damage|p2a: Heatran|122\/386
|move|p2a: Heatran|Roar|p1a: Zapdos
|drag|p1a: Talonflame|Talonflame, M|107\/329
|-damage|p1a: Talonflame|0 fnt|[from] Stealth Rock
|faint|p1a: Talonflame
|
|-heal|p2a: Heatran|146\/386|[from] item: Leftovers
|
|switch|p1a: Weavile|Weavile, M|282\/282
|-damage|p1a: Weavile|212\/282|[from] Stealth Rock
|-damage|p1a: Weavile|177\/282|[from] Spikes
|-ability|p1a: Weavile|Pressure
|turn|37
|
|move|p1a: Weavile|Knock Off|p2a: Heatran
|-damage|p2a: Heatran|0 fnt
|-enditem|p2a: Heatran|Leftovers|[from] move: Knock Off|[of] p1a: Weavile
|-damage|p1a: Weavile|149\/282|[from] item: Life Orb
|faint|p2a: Heatran
|
|
|switch|p2a: Sableye|Sableye-Mega, F|304\/304
|-damage|p2a: Sableye|266\/304|[from] Stealth Rock
|turn|38
|
|move|p1a: Weavile|Icicle Crash|p2a: Sableye
|-damage|p2a: Sableye|133\/304
|-damage|p1a: Weavile|121\/282|[from] item: Life Orb
|cant|p2a: Sableye|flinch
|
|turn|39
|
|move|p1a: Weavile|Icicle Crash|p2a: Sableye
|-damage|p2a: Sableye|0 fnt
|-damage|p1a: Weavile|93\/282|[from] item: Life Orb
|faint|p2a: Sableye
|
|
|switch|p2a: Rotom-Wash|Rotom-Wash|304\/304
|-damage|p2a: Rotom-Wash|266\/304|[from] Stealth Rock
|turn|40
|
|switch|p2a: Ferrothorn|Ferrothorn, F|303\/352
|-damage|p2a: Ferrothorn|281\/352|[from] Stealth Rock
|move|p1a: Weavile|Knock Off|p2a: Ferrothorn
|-damage|p2a: Ferrothorn|128\/352
|-damage|p1a: Weavile|58\/282|[from] ability: Iron Barbs|[of] p2a: Ferrothorn
|-enditem|p2a: Ferrothorn|Leftovers|[from] move: Knock Off|[of] p1a: Weavile
|-damage|p1a: Weavile|30\/282|[from] item: Life Orb
|
|turn|41
|
|move|p1a: Weavile|Low Kick|p2a: Ferrothorn
|-supereffective|p2a: Ferrothorn
|-damage|p2a: Ferrothorn|0 fnt
|-damage|p1a: Weavile|0 fnt|[from] ability: Iron Barbs|[of] p2a: Ferrothorn
|faint|p1a: Weavile
|faint|p2a: Ferrothorn
|
|
|switch|p1a: Metagross|Metagross-Mega|261\/319
|-damage|p1a: Metagross|222\/319|[from] Spikes
|-damage|p1a: Metagross|203\/319|[from] Stealth Rock
|switch|p2a: Rotom-Wash|Rotom-Wash|266\/304
|-damage|p2a: Rotom-Wash|228\/304|[from] Stealth Rock
|turn|42
|
|move|p1a: Metagross|Zen Headbutt|p2a: Rotom-Wash
|-damage|p2a: Rotom-Wash|69\/304
|move|p2a: Rotom-Wash|Will-O-Wisp|p1a: Metagross
|-status|p1a: Metagross|brn
|
|-damage|p1a: Metagross|164\/319 brn|[from] brn
|turn|43
|
|move|p1a: Metagross|Power-Up Punch|p2a: Rotom-Wash
|-damage|p2a: Rotom-Wash|41\/304
|-boost|p1a: Metagross|atk|1
|move|p2a: Rotom-Wash|Rest|p2a: Rotom-Wash
|-status|p2a: Rotom-Wash|slp
|-heal|p2a: Rotom-Wash|304\/304 slp|[silent]
|-status|p2a: Rotom-Wash|slp|[from] move: Rest
|-enditem|p2a: Rotom-Wash|Chesto Berry|[eat]
|-curestatus|p2a: Rotom-Wash|slp
|
|-damage|p1a: Metagross|125\/319 brn|[from] brn
|turn|44
|
|move|p1a: Metagross|Power-Up Punch|p2a: Rotom-Wash
|-damage|p2a: Rotom-Wash|266\/304
|-boost|p1a: Metagross|atk|1
|move|p2a: Rotom-Wash|Hydro Pump|p1a: Metagross
|-damage|p1a: Metagross|0 fnt
|faint|p1a: Metagross
|
|
|switch|p1a: Zapdos|Zapdos|312\/384
|-damage|p1a: Zapdos|216\/384|[from] Stealth Rock
|-ability|p1a: Zapdos|Pressure
|turn|45
|
|move|p1a: Zapdos|Thunderbolt|p2a: Rotom-Wash
|-damage|p2a: Rotom-Wash|148\/304
|move|p2a: Rotom-Wash|Hydro Pump|p1a: Zapdos
|-damage|p1a: Zapdos|75\/384
|
|-heal|p1a: Zapdos|99\/384|[from] item: Leftovers
|turn|46
|
|move|p1a: Zapdos|Roost|p1a: Zapdos
|-heal|p1a: Zapdos|291\/384
|move|p2a: Rotom-Wash|Hydro Pump|p1a: Zapdos
|-damage|p1a: Zapdos|141\/384
|
|-heal|p1a: Zapdos|165\/384|[from] item: Leftovers
|turn|47
|
|move|p1a: Zapdos|Roost|p1a: Zapdos
|-heal|p1a: Zapdos|357\/384
|move|p2a: Rotom-Wash|Hydro Pump|p1a: Zapdos
|-damage|p1a: Zapdos|216\/384
|
|-heal|p1a: Zapdos|240\/384|[from] item: Leftovers
|turn|48
|
|move|p1a: Zapdos|Roost|p1a: Zapdos
|-heal|p1a: Zapdos|384\/384
|move|p2a: Rotom-Wash|Will-O-Wisp|p1a: Zapdos|[miss]
|-miss|p2a: Rotom-Wash|p1a: Zapdos
|
|turn|49
|
|move|p1a: Zapdos|Thunderbolt|p2a: Rotom-Wash
|-damage|p2a: Rotom-Wash|15\/304
|move|p2a: Rotom-Wash|Will-O-Wisp|p1a: Zapdos
|-status|p1a: Zapdos|brn
|
|-damage|p1a: Zapdos|336\/384 brn|[from] brn
|turn|50
|
|move|p1a: Zapdos|Thunderbolt|p2a: Rotom-Wash
|-damage|p2a: Rotom-Wash|0 fnt
|faint|p2a: Rotom-Wash
|
|-heal|p1a: Zapdos|360\/384 brn|[from] item: Leftovers
|-damage|p1a: Zapdos|312\/384 brn|[from] brn
|
|switch|p2a: Sylveon|Sylveon, F|237\/394
|-damage|p2a: Sylveon|188\/394|[from] Stealth Rock
|turn|51
|
|move|p1a: Zapdos|Thunderbolt|p2a: Sylveon
|-damage|p2a: Sylveon|95\/394
|move|p2a: Sylveon|Wish|p2a: Sylveon
|
|-heal|p1a: Zapdos|336\/384 brn|[from] item: Leftovers
|-heal|p2a: Sylveon|119\/394|[from] item: Leftovers
|-damage|p1a: Zapdos|288\/384 brn|[from] brn
|turn|52
|c|âkhalB|gg
|
|move|p2a: Sylveon|Protect|p2a: Sylveon
|-singleturn|p2a: Sylveon|Protect
|move|p1a: Zapdos|Thunderbolt|p2a: Sylveon
|-activate|p2a: Sylveon|Protect
|
|-heal|p2a: Sylveon|316\/394|[from] move: Wish|[wisher] Sylveon
|-heal|p1a: Zapdos|312\/384 brn|[from] item: Leftovers
|-heal|p2a: Sylveon|340\/394|[from] item: Leftovers
|-damage|p1a: Zapdos|264\/384 brn|[from] brn
|turn|53
|c|âIhr Henker|gg
|
|move|p1a: Zapdos|Thunderbolt|p2a: Sylveon
|-damage|p2a: Sylveon|253\/394
|move|p2a: Sylveon|Hyper Voice|p1a: Zapdos
|-damage|p1a: Zapdos|96\/384 brn
|
|-heal|p1a: Zapdos|120\/384 brn|[from] item: Leftovers
|-heal|p2a: Sylveon|277\/394|[from] item: Leftovers
|-damage|p1a: Zapdos|72\/384 brn|[from] brn
|turn|54
|
|move|p1a: Zapdos|Thunderbolt|p2a: Sylveon
|-damage|p2a: Sylveon|195\/394
|move|p2a: Sylveon|Hyper Voice|p1a: Zapdos
|-damage|p1a: Zapdos|0 fnt
|faint|p1a: Zapdos
|
|win|Ihr Henker
|raw|Ladder updating...
|raw|khalB's rating: 1230 &rarr; <strong>1199<\/strong><br \/>(-31 for losing)
|raw|Ihr Henker's rating: 1145 &rarr; <strong>1176<\/strong><br \/>(+31 for winning)
|leave|khalB
|player|p1