|join|Albyness
|join|khalB
|player|p1|Albyness|170
|player|p2|khalB|264
|gametype|singles
|gen|6
|tier|ORAS OU
|rated
|rule|Sleep Clause Mod: Limit one foe put to sleep
|rule|Species Clause: Limit one of each PokÃ©mon
|rule|OHKO Clause: OHKO moves are banned
|rule|Moody Clause: Moody is banned
|rule|Evasion Moves Clause: Evasion moves are banned
|rule|Endless Battle Clause: Forcing endless battles is banned
|rule|HP Percentage Mod: HP is shown in percentages
|clearpoke
|poke|p1|Metagross
|poke|p1|Weavile, F
|poke|p1|Gengar, M, shiny
|poke|p1|Dragonite, F
|poke|p1|Excadrill, M
|poke|p1|Manaphy
|poke|p2|Glalie, F
|poke|p2|Magneton
|poke|p2|Landorus-Therian, M
|poke|p2|Latias, F
|poke|p2|Bisharp, M
|poke|p2|Tyranitar, F
|rule|Swagger Clause: Swagger is banned
|rule|Baton Pass Clause: Limit one PokÃ©mon knowing Baton Pass
|teampreview
|
|start
|switch|p1a: Weavile|Weavile, F|282\/282
|switch|p2a: Landorus-Therian|Landorus-Therian, M|382\/382
|-ability|p1a: Weavile|Pressure
|-ability|p2a: Landorus-Therian|Intimidate|[of] p1a: Weavile
|-unboost|p1a: Weavile|atk|1
|turn|1
|
|switch|p2a: Magneton|Magneton|250\/250
|move|p1a: Weavile|Ice Shard|p2a: Magneton
|-resisted|p2a: Magneton
|-damage|p2a: Magneton|216\/250
|
|turn|2
|
|switch|p1a: Excadrill|Excadrill, M|405\/405
|-ability|p1a: Excadrill|Mold Breaker
|move|p2a: Magneton|Volt Switch|p1a: Excadrill
|-immune|p1a: Excadrill|[msg]
|
|turn|3
|
|switch|p2a: Landorus-Therian|Landorus-Therian, M|382\/382
|-ability|p2a: Landorus-Therian|Intimidate|[of] p1a: Excadrill
|-unboost|p1a: Excadrill|atk|1
|move|p1a: Excadrill|Stealth Rock|p2a: Landorus-Therian
|-sidestart|p2: khalB|move: Stealth Rock
|
|turn|4
|
|move|p2a: Landorus-Therian|Stealth Rock|p1a: Excadrill
|-sidestart|p1: Albyness|move: Stealth Rock
|move|p1a: Excadrill|Rapid Spin|p2a: Landorus-Therian
|-damage|p2a: Landorus-Therian|369\/382
|-sideend|p1: Albyness|Stealth Rock|[from] move: Rapid Spin|[of] p1a: Excadrill
|
|-heal|p2a: Landorus-Therian|382\/382|[from] item: Leftovers
|turn|5
|
|switch|p1a: Manaphy|Manaphy|404\/404
|move|p2a: Landorus-Therian|Stealth Rock|p1a: Manaphy
|-sidestart|p1: Albyness|move: Stealth Rock
|
|turn|6
|
|move|p1a: Manaphy|Tail Glow|p1a: Manaphy
|-boost|p1a: Manaphy|spa|3
|move|p2a: Landorus-Therian|U-turn|p1a: Manaphy
|-damage|p1a: Manaphy|343\/404
|
|switch|p2a: Magneton|Magneton|216\/250
|-damage|p2a: Magneton|201\/250|[from] Stealth Rock
|
|-heal|p1a: Manaphy|368\/404|[from] item: Leftovers
|turn|7
|
|move|p2a: Magneton|Thunderbolt|p1a: Manaphy
|-supereffective|p1a: Manaphy
|-damage|p1a: Manaphy|72\/404
|move|p1a: Manaphy|Scald|p2a: Magneton
|-damage|p2a: Magneton|0 fnt
|faint|p2a: Magneton
|
|-heal|p1a: Manaphy|97\/404|[from] item: Leftovers
|
|switch|p2a: Latias|Latias, F|320\/320
|-damage|p2a: Latias|280\/320|[from] Stealth Rock
|turn|8
|
|move|p2a: Latias|Psyshock|p1a: Manaphy
|-damage|p1a: Manaphy|0 fnt
|-damage|p2a: Latias|248\/320|[from] item: Life Orb
|faint|p1a: Manaphy
|
|
|switch|p1a: Weavile|Weavile, F|282\/282
|-damage|p1a: Weavile|212\/282|[from] Stealth Rock
|-ability|p1a: Weavile|Pressure
|turn|9
|
|switch|p2a: Tyranitar|Tyranitar, F|361\/361
|-damage|p2a: Tyranitar|316\/361|[from] Stealth Rock
|-weather|Sandstorm
|move|p1a: Weavile|Icicle Crash|p2a: Tyranitar
|-damage|p2a: Tyranitar|133\/361
|
|-weather|Sandstorm|[upkeep]
|-damage|p1a: Weavile|195\/282|[from] sandstorm
|turn|10
|
|switch|p2a: Glalie|Glalie, F|302\/302
|-damage|p2a: Glalie|227\/302|[from] Stealth Rock
|move|p1a: Weavile|Icicle Crash|p2a: Glalie
|-resisted|p2a: Glalie
|-damage|p2a: Glalie|95\/302
|
|-weather|Sandstorm|[upkeep]
|-damage|p1a: Weavile|178\/282|[from] sandstorm
|-damage|p2a: Glalie|77\/302|[from] sandstorm
|turn|11
|
|detailschange|p2a: Glalie|Glalie-Mega, F
|message|Glalie has Mega Evolved into Mega Glalie!
|move|p2a: Glalie|Ice Shard|p1a: Weavile
|-crit|p1a: Weavile
|-resisted|p1a: Weavile
|-damage|p1a: Weavile|100\/282
|move|p1a: Weavile|Icicle Crash|p2a: Glalie
|-resisted|p2a: Glalie
|-damage|p2a: Glalie|0 fnt
|faint|p2a: Glalie
|
|-weather|Sandstorm|[upkeep]
|-damage|p1a: Weavile|83\/282|[from] sandstorm
|
|switch|p2a: Bisharp|Bisharp, M|311\/311
|-damage|p2a: Bisharp|292\/311|[from] Stealth Rock
|turn|12
|
|switch|p1a: Excadrill|Excadrill, M|405\/405
|-damage|p1a: Excadrill|393\/405|[from] Stealth Rock
|-ability|p1a: Excadrill|Mold Breaker
|move|p2a: Bisharp|Swords Dance|p2a: Bisharp
|-boost|p2a: Bisharp|atk|2
|
|-weather|Sandstorm|[upkeep]
|turn|13
|
|switch|p1a: Gengar|Gengar, M, shiny|261\/261
|-damage|p1a: Gengar|229\/261|[from] Stealth Rock
|move|p2a: Bisharp|Sucker Punch|p1a: Gengar
|-fail|p1a: Gengar
|
|-weather|none
|turn|14
|
|move|p1a: Gengar|Will-O-Wisp|p2a: Bisharp
|-status|p2a: Bisharp|brn
|move|p2a: Bisharp|Knock Off|p1a: Gengar
|-supereffective|p1a: Gengar
|-damage|p1a: Gengar|0 fnt
|-enditem|p1a: Gengar|Life Orb|[from] move: Knock Off|[of] p2a: Bisharp
|faint|p1a: Gengar
|
|-damage|p2a: Bisharp|254\/311 brn|[from] brn
|
|switch|p1a: Metagross|Metagross|301\/301
|-damage|p1a: Metagross|283\/301|[from] Stealth Rock
|turn|15
|
|detailschange|p1a: Metagross|Metagross-Mega
|message|Metagross has Mega Evolved into Mega Metagross!
|move|p2a: Bisharp|Knock Off|p1a: Metagross
|-supereffective|p1a: Metagross
|-damage|p1a: Metagross|91\/301
|move|p1a: Metagross|Hammer Arm|p2a: Bisharp
|-supereffective|p2a: Bisharp
|-damage|p2a: Bisharp|0 fnt
|-unboost|p1a: Metagross|spe|1
|faint|p2a: Bisharp
|
|
|switch|p2a: Landorus-Therian|Landorus-Therian, M|382\/382
|-damage|p2a: Landorus-Therian|335\/382|[from] Stealth Rock
|-ability|p2a: Landorus-Therian|Intimidate|[of] p1a: Metagross
|-unboost|p1a: Metagross|atk|1
|turn|16
|
|move|p2a: Landorus-Therian|Earthquake|p1a: Metagross
|-supereffective|p1a: Metagross
|-damage|p1a: Metagross|0 fnt
|faint|p1a: Metagross
|
|-heal|p2a: Landorus-Therian|358\/382|[from] item: Leftovers
|
|switch|p1a: Dragonite|Dragonite, F|386\/386
|-damage|p1a: Dragonite|290\/386|[from] Stealth Rock
|turn|17
|
|move|p2a: Landorus-Therian|Stone Edge|p1a: Dragonite|[miss]
|-miss|p2a: Landorus-Therian|p1a: Dragonite
|move|p1a: Dragonite|Outrage|p2a: Landorus-Therian
|-damage|p2a: Landorus-Therian|67\/382
|
|-heal|p2a: Landorus-Therian|90\/382|[from] item: Leftovers
|turn|18
|
|move|p2a: Landorus-Therian|Stone Edge|p1a: Dragonite
|-supereffective|p1a: Dragonite
|-damage|p1a: Dragonite|68\/386
|move|p1a: Dragonite|Outrage|p2a: Landorus-Therian
|-damage|p2a: Landorus-Therian|0 fnt
|faint|p2a: Landorus-Therian
|
|
|switch|p2a: Tyranitar|Tyranitar, F|133\/361
|-damage|p2a: Tyranitar|88\/361|[from] Stealth Rock
|-weather|Sandstorm
|turn|19
|
|move|p2a: Tyranitar|Crunch|p1a: Dragonite
|-damage|p1a: Dragonite|0 fnt
|faint|p1a: Dragonite
|
|-weather|Sandstorm|[upkeep]
|
|switch|p1a: Excadrill|Excadrill, M|393\/405
|-damage|p1a: Excadrill|381\/405|[from] Stealth Rock
|-ability|p1a: Excadrill|Mold Breaker
|turn|20
|
|move|p1a: Excadrill|Rapid Spin|p2a: Tyranitar
|-crit|p2a: Tyranitar
|-resisted|p2a: Tyranitar
|-damage|p2a: Tyranitar|70\/361
|-sideend|p1: Albyness|Stealth Rock|[from] move: Rapid Spin|[of] p1a: Excadrill
|move|p2a: Tyranitar|Crunch|p1a: Excadrill
|-damage|p1a: Excadrill|135\/405
|-unboost|p1a: Excadrill|def|1
|
|-weather|Sandstorm|[upkeep]
|turn|21
|
|move|p1a: Excadrill|Earthquake|p2a: Tyranitar
|-supereffective|p2a: Tyranitar
|-damage|p2a: Tyranitar|0 fnt
|faint|p2a: Tyranitar
|
|-weather|Sandstorm|[upkeep]
|c|âkhalB|gg
|
|switch|p2a: Latias|Latias, F|248\/320
|-damage|p2a: Latias|208\/320|[from] Stealth Rock
|turn|22
|c|âAlbyness|gg
|
|move|p2a: Latias|Psyshock|p1a: Excadrill
|-resisted|p1a: Excadrill
|-damage|p1a: Excadrill|0 fnt
|-damage|p2a: Latias|176\/320|[from] item: Life Orb
|faint|p1a: Excadrill
|
|-weather|Sandstorm|[upkeep]
|-damage|p2a: Latias|156\/320|[from] sandstorm
|
|switch|p1a: Weavile|Weavile, F|83\/282
|-ability|p1a: Weavile|Pressure
|turn|23
|
|move|p1a: Weavile|Knock Off|p2a: Latias
|-supereffective|p2a: Latias
|-damage|p2a: Latias|0 fnt
|-enditem|p2a: Latias|Life Orb|[from] move: Knock Off|[of] p1a: Weavile
|faint|p2a: Latias
|
|win|Albyness
|raw|Ladder updating...
|raw|Albyness's rating: 1401 &rarr; <strong>1414<\/strong><br \/>(+13 for winning)
|raw|khalB's rating: 1264 &rarr; <strong>1248<\/strong><br \/>(-16 for losing)
|leave|khalB
|player|p2