|join|lil manaphy
|join|KhalB
|player|p1|lil manaphy|9
|player|p2|KhalB|170
|gametype|singles
|gen|6
|tier|ORAS OU
|rated
|rule|Sleep Clause Mod: Limit one foe put to sleep
|rule|Species Clause: Limit one of each PokÃ©mon
|rule|OHKO Clause: OHKO moves are banned
|rule|Moody Clause: Moody is banned
|rule|Evasion Moves Clause: Evasion moves are banned
|rule|Endless Battle Clause: Forcing endless battles is banned
|rule|HP Percentage Mod: HP is shown in percentages
|clearpoke
|poke|p1|Sableye, F
|poke|p1|Tentacruel, F
|poke|p1|Chansey, F
|poke|p1|Rotom-Wash
|poke|p1|Landorus-Therian, M
|poke|p1|Greninja, M
|poke|p2|Rotom-Wash
|poke|p2|Weavile, M
|poke|p2|Zapdos
|poke|p2|Heatran, F
|poke|p2|Conkeldurr, F
|poke|p2|Alakazam, F
|rule|Swagger Clause: Swagger is banned
|rule|Baton Pass Clause: Limit one PokÃ©mon knowing Baton Pass
|teampreview
|
|start
|switch|p1a: Sableye|Sableye, F|304\/304
|switch|p2a: Rotom-Wash|Rotom-Wash|304\/304
|turn|1
|
|switch|p2a: Conkeldurr|Conkeldurr, F|414\/414
|detailschange|p1a: Sableye|Sableye-Mega, F
|message|Sableye has Mega Evolved into Mega Sableye!
|move|p1a: Sableye|Will-O-Wisp|p2a: Conkeldurr
|-status|p2a: Conkeldurr|brn
|
|-damage|p2a: Conkeldurr|363\/414 brn|[from] brn
|turn|2
|
|move|p2a: Conkeldurr|Knock Off|p1a: Sableye
|-damage|p1a: Sableye|222\/304
|move|p1a: Sableye|Shadow Ball|p2a: Conkeldurr
|-damage|p2a: Conkeldurr|285\/414 brn
|
|-damage|p2a: Conkeldurr|234\/414 brn|[from] brn
|turn|3
|
|switch|p2a: Heatran|Heatran, F|386\/386
|move|p1a: Sableye|Recover|p1a: Sableye
|-heal|p1a: Sableye|304\/304
|
|turn|4
|
|switch|p1a: Tentacruel|Tentacruel, F|361\/361
|move|p2a: Heatran|Lava Plume|p1a: Tentacruel
|-resisted|p1a: Tentacruel
|-damage|p1a: Tentacruel|322\/361
|-status|p1a: Tentacruel|brn
|
|-heal|p1a: Tentacruel|344\/361 brn|[from] item: Black Sludge
|-damage|p1a: Tentacruel|299\/361 brn|[from] brn
|turn|5
|
|move|p1a: Tentacruel|Knock Off|p2a: Heatran
|-damage|p2a: Heatran|359\/386
|-enditem|p2a: Heatran|Leftovers|[from] move: Knock Off|[of] p1a: Tentacruel
|move|p2a: Heatran|Stealth Rock|p1a: Tentacruel
|-sidestart|p1: lil manaphy|move: Stealth Rock
|
|-heal|p1a: Tentacruel|321\/361 brn|[from] item: Black Sludge
|-damage|p1a: Tentacruel|276\/361 brn|[from] brn
|turn|6
|
|move|p2a: Heatran|Protect|p2a: Heatran
|-singleturn|p2a: Heatran|Protect
|move|p1a: Tentacruel|Rapid Spin|p2a: Heatran
|-activate|p2a: Heatran|Protect
|
|-heal|p1a: Tentacruel|298\/361 brn|[from] item: Black Sludge
|-damage|p1a: Tentacruel|253\/361 brn|[from] brn
|turn|7
|
|move|p1a: Tentacruel|Rapid Spin|p2a: Heatran
|-resisted|p2a: Heatran
|-damage|p2a: Heatran|356\/386
|-sideend|p1: lil manaphy|Stealth Rock|[from] move: Rapid Spin|[of] p1a: Tentacruel
|move|p2a: Heatran|Lava Plume|p1a: Tentacruel
|-crit|p1a: Tentacruel
|-resisted|p1a: Tentacruel
|-damage|p1a: Tentacruel|198\/361 brn
|
|-heal|p1a: Tentacruel|220\/361 brn|[from] item: Black Sludge
|-damage|p1a: Tentacruel|175\/361 brn|[from] brn
|turn|8
|
|move|p2a: Heatran|Protect|p2a: Heatran
|-singleturn|p2a: Heatran|Protect
|move|p1a: Tentacruel|Scald|p2a: Heatran
|-activate|p2a: Heatran|Protect
|
|-heal|p1a: Tentacruel|197\/361 brn|[from] item: Black Sludge
|-damage|p1a: Tentacruel|152\/361 brn|[from] brn
|turn|9
|
|move|p1a: Tentacruel|Scald|p2a: Heatran
|-supereffective|p2a: Heatran
|-damage|p2a: Heatran|240\/386
|move|p2a: Heatran|Stealth Rock|p1a: Tentacruel
|-sidestart|p1: lil manaphy|move: Stealth Rock
|
|-heal|p1a: Tentacruel|174\/361 brn|[from] item: Black Sludge
|-damage|p1a: Tentacruel|129\/361 brn|[from] brn
|turn|10
|
|move|p2a: Heatran|Protect|p2a: Heatran
|-singleturn|p2a: Heatran|Protect
|move|p1a: Tentacruel|Rapid Spin|p2a: Heatran
|-activate|p2a: Heatran|Protect
|
|-heal|p1a: Tentacruel|151\/361 brn|[from] item: Black Sludge
|-damage|p1a: Tentacruel|106\/361 brn|[from] brn
|turn|11
|
|switch|p2a: Alakazam|Alakazam, F|251\/251
|move|p1a: Tentacruel|Scald|p2a: Alakazam
|-damage|p2a: Alakazam|163\/251
|
|-heal|p1a: Tentacruel|128\/361 brn|[from] item: Black Sludge
|-damage|p1a: Tentacruel|83\/361 brn|[from] brn
|turn|12
|
|switch|p1a: Sableye|Sableye-Mega, F|304\/304
|-damage|p1a: Sableye|266\/304|[from] Stealth Rock
|detailschange|p2a: Alakazam|Alakazam-Mega, F
|message|Alakazam has Mega Evolved into Mega Alakazam!
|-ability|p2a: Alakazam|Magic Bounce|[from] ability: Trace|[of] p1a: Sableye
|move|p2a: Alakazam|Energy Ball|p1a: Sableye
|-damage|p1a: Sableye|145\/304
|
|turn|13
|
|move|p2a: Alakazam|Dazzling Gleam|p1a: Sableye
|-supereffective|p1a: Sableye
|-damage|p1a: Sableye|0 fnt
|faint|p1a: Sableye
|
|
|switch|p1a: Landorus-Therian|Landorus-Therian, M|382\/382
|-damage|p1a: Landorus-Therian|335\/382|[from] Stealth Rock
|-ability|p1a: Landorus-Therian|Intimidate|[of] p2a: Alakazam
|-unboost|p2a: Alakazam|atk|1
|turn|14
|
|move|p2a: Alakazam|Psychic|p1a: Landorus-Therian
|-damage|p1a: Landorus-Therian|94\/382
|move|p1a: Landorus-Therian|U-turn|p2a: Alakazam
|-supereffective|p2a: Alakazam
|-damage|p2a: Alakazam|0 fnt
|faint|p2a: Alakazam
|
|switch|p1a: Greninja|Greninja, M|285\/285
|-damage|p1a: Greninja|250\/285|[from] Stealth Rock
|
|
|switch|p2a: Conkeldurr|Conkeldurr, F|234\/414 brn
|turn|15
|
|switch|p1a: Landorus-Therian|Landorus-Therian, M|94\/382
|-damage|p1a: Landorus-Therian|47\/382|[from] Stealth Rock
|-ability|p1a: Landorus-Therian|Intimidate|[of] p2a: Conkeldurr
|-unboost|p2a: Conkeldurr|atk|1
|move|p2a: Conkeldurr|Mach Punch|p1a: Landorus-Therian
|-resisted|p1a: Landorus-Therian
|-damage|p1a: Landorus-Therian|14\/382
|
|-heal|p1a: Landorus-Therian|37\/382|[from] item: Leftovers
|-damage|p2a: Conkeldurr|183\/414 brn|[from] brn
|turn|16
|
|move|p2a: Conkeldurr|Mach Punch|p1a: Landorus-Therian
|-resisted|p1a: Landorus-Therian
|-damage|p1a: Landorus-Therian|6\/382
|move|p1a: Landorus-Therian|Stone Edge|p2a: Conkeldurr
|-resisted|p2a: Conkeldurr
|-damage|p2a: Conkeldurr|129\/414 brn
|
|-heal|p1a: Landorus-Therian|29\/382|[from] item: Leftovers
|-damage|p2a: Conkeldurr|78\/414 brn|[from] brn
|turn|17
|
|switch|p2a: Rotom-Wash|Rotom-Wash|304\/304
|move|p1a: Landorus-Therian|Earthquake|p2a: Rotom-Wash
|-immune|p2a: Rotom-Wash|[msg]
|
|-heal|p1a: Landorus-Therian|52\/382|[from] item: Leftovers
|turn|18
|
|move|p2a: Rotom-Wash|Hydro Pump|p1a: Landorus-Therian
|-supereffective|p1a: Landorus-Therian
|-damage|p1a: Landorus-Therian|0 fnt
|faint|p1a: Landorus-Therian
|
|
|switch|p1a: Tentacruel|Tentacruel, F|83\/361 brn
|-damage|p1a: Tentacruel|38\/361 brn|[from] Stealth Rock
|turn|19
|
|move|p1a: Tentacruel|Rapid Spin|p2a: Rotom-Wash
|-damage|p2a: Rotom-Wash|298\/304
|-sideend|p1: lil manaphy|Stealth Rock|[from] move: Rapid Spin|[of] p1a: Tentacruel
|move|p2a: Rotom-Wash|Volt Switch|p1a: Tentacruel
|-crit|p1a: Tentacruel
|-supereffective|p1a: Tentacruel
|-damage|p1a: Tentacruel|0 fnt
|faint|p1a: Tentacruel
|
|switch|p2a: Weavile|Weavile, M|282\/282
|-ability|p2a: Weavile|Pressure
|
|
|switch|p1a: Rotom-Wash|Rotom-Wash|303\/303
|turn|20
|
|switch|p2a: Heatran|Heatran, F|240\/386
|move|p1a: Rotom-Wash|Hydro Pump|p2a: Heatran
|-supereffective|p2a: Heatran
|-damage|p2a: Heatran|34\/386
|
|turn|21
|
|move|p1a: Rotom-Wash|Hydro Pump|p2a: Heatran
|-supereffective|p2a: Heatran
|-damage|p2a: Heatran|0 fnt
|faint|p2a: Heatran
|
|
|switch|p2a: Rotom-Wash|Rotom-Wash|298\/304
|turn|22
|
|switch|p1a: Chansey|Chansey, F|704\/704
|move|p2a: Rotom-Wash|Will-O-Wisp|p1a: Chansey
|-status|p1a: Chansey|brn
|
|-heal|p2a: Rotom-Wash|304\/304|[from] item: Leftovers
|-damage|p1a: Chansey|616\/704 brn|[from] brn
|turn|23
|
|move|p2a: Rotom-Wash|Volt Switch|p1a: Chansey
|-damage|p1a: Chansey|559\/704 brn
|
|switch|p2a: Weavile|Weavile, M|282\/282
|-ability|p2a: Weavile|Pressure
|move|p1a: Chansey|Toxic|p2a: Weavile
|-status|p2a: Weavile|tox
|
|-damage|p2a: Weavile|265\/282 tox|[from] psn
|-damage|p1a: Chansey|471\/704 brn|[from] brn
|turn|24
|
|switch|p1a: Rotom-Wash|Rotom-Wash|303\/303
|move|p2a: Weavile|Knock Off|p1a: Rotom-Wash
|-damage|p1a: Rotom-Wash|143\/303
|-enditem|p1a: Rotom-Wash|Leftovers|[from] move: Knock Off|[of] p2a: Weavile
|-damage|p2a: Weavile|237\/282 tox|[from] item: Life Orb
|
|-damage|p2a: Weavile|203\/282 tox|[from] psn
|turn|25
|
|switch|p2a: Rotom-Wash|Rotom-Wash|304\/304
|move|p1a: Rotom-Wash|Volt Switch|p2a: Rotom-Wash
|-damage|p2a: Rotom-Wash|234\/304
|
|switch|p1a: Chansey|Chansey, F|471\/704
|
|-heal|p2a: Rotom-Wash|253\/304|[from] item: Leftovers
|turn|26
|
|move|p2a: Rotom-Wash|Volt Switch|p1a: Chansey
|-damage|p1a: Chansey|411\/704
|
|switch|p2a: Weavile|Weavile, M|203\/282 tox
|-ability|p2a: Weavile|Pressure
|move|p1a: Chansey|Soft-Boiled|p1a: Chansey
|-heal|p1a: Chansey|704\/704
|
|-damage|p2a: Weavile|186\/282 tox|[from] psn
|turn|27
|
|switch|p1a: Rotom-Wash|Rotom-Wash|143\/303
|move|p2a: Weavile|Knock Off|p1a: Rotom-Wash
|-damage|p1a: Rotom-Wash|38\/303
|-damage|p2a: Weavile|158\/282 tox|[from] item: Life Orb
|
|-damage|p2a: Weavile|124\/282 tox|[from] psn
|turn|28
|
|move|p2a: Weavile|Knock Off|p1a: Rotom-Wash
|-damage|p1a: Rotom-Wash|0 fnt
|-damage|p2a: Weavile|96\/282 tox|[from] item: Life Orb
|faint|p1a: Rotom-Wash
|
|-damage|p2a: Weavile|45\/282 tox|[from] psn
|
|switch|p1a: Chansey|Chansey, F|704\/704
|turn|29
|
|move|p2a: Weavile|Knock Off|p1a: Chansey
|-damage|p1a: Chansey|445\/704
|-enditem|p1a: Chansey|Eviolite|[from] move: Knock Off|[of] p2a: Weavile
|-damage|p2a: Weavile|17\/282 tox|[from] item: Life Orb
|move|p1a: Chansey|Soft-Boiled|p1a: Chansey
|-heal|p1a: Chansey|704\/704
|
|-damage|p2a: Weavile|0 fnt|[from] psn
|faint|p2a: Weavile
|
|switch|p2a: Conkeldurr|Conkeldurr, F|78\/414 brn
|turn|30
|
|move|p2a: Conkeldurr|Mach Punch|p1a: Chansey
|-supereffective|p1a: Chansey
|-damage|p1a: Chansey|198\/704
|move|p1a: Chansey|Seismic Toss|p2a: Conkeldurr
|-damage|p2a: Conkeldurr|0 fnt
|faint|p2a: Conkeldurr
|
|c|âKhalB|gg
|
|switch|p2a: Rotom-Wash|Rotom-Wash|253\/304
|turn|31
|
|move|p2a: Rotom-Wash|Hydro Pump|p1a: Chansey|[miss]
|-miss|p2a: Rotom-Wash|p1a: Chansey
|move|p1a: Chansey|Soft-Boiled|p1a: Chansey
|-heal|p1a: Chansey|550\/704
|
|-heal|p2a: Rotom-Wash|272\/304|[from] item: Leftovers
|turn|32
|-message|KhalB forfeited.
|
|win|lil manaphy
|raw|Ladder updating...
|leave|KhalB
|player|p2
|raw|lil manaphy's rating: 1642 &rarr; <strong>1655<\/strong><br \/>(+13 for winning)
|raw|KhalB's rating: 1526 &rarr; <strong>1513<\/strong><br \/>(-13 for losing)