|join|Atherius
|join|khalB
|player|p1|Atherius|95
|player|p2|khalB|170
|gametype|singles
|gen|6
|tier|ORAS OU
|rated
|rule|Sleep Clause Mod: Limit one foe put to sleep
|rule|Species Clause: Limit one of each PokÃ©mon
|rule|OHKO Clause: OHKO moves are banned
|rule|Moody Clause: Moody is banned
|rule|Evasion Moves Clause: Evasion moves are banned
|rule|Endless Battle Clause: Forcing endless battles is banned
|rule|HP Percentage Mod: HP is shown in percentages
|clearpoke
|poke|p1|Diancie
|poke|p1|Victini
|poke|p1|Shaymin
|poke|p1|Manaphy
|poke|p1|Mew
|poke|p1|Meloetta
|poke|p2|Rotom-Wash
|poke|p2|Talonflame, M
|poke|p2|Weavile, M
|poke|p2|Zapdos
|poke|p2|Venusaur, M
|poke|p2|Gliscor, F
|rule|Swagger Clause: Swagger is banned
|rule|Baton Pass Clause: Limit one PokÃ©mon knowing Baton Pass
|teampreview
|
|start
|switch|p1a: Diancie|Diancie|241\/241
|switch|p2a: Gliscor|Gliscor, F|354\/354
|turn|1
|
|detailschange|p1a: Diancie|Diancie-Mega
|message|Diancie has Mega Evolved into Mega Diancie!
|move|p1a: Diancie|Protect|p1a: Diancie
|-singleturn|p1a: Diancie|Protect
|move|p2a: Gliscor|Taunt|p1a: Diancie
|-activate|p1a: Diancie|Protect
|
|-status|p2a: Gliscor|tox|[from] item: Toxic Orb
|turn|2
|
|switch|p1a: Manaphy|Manaphy|404\/404
|switch|p2a: Venusaur|Venusaur, M|360\/360
|
|turn|3
|
|switch|p1a: Mew|Mew|404\/404
|detailschange|p2a: Venusaur|Venusaur-Mega, M
|message|Venusaur has Mega Evolved into Mega Venusaur!
|move|p2a: Venusaur|Giga Drain|p1a: Mew
|-damage|p1a: Mew|311\/404
|
|-heal|p1a: Mew|336\/404|[from] item: Leftovers
|turn|4
|
|switch|p2a: Gliscor|Gliscor, F|354\/354 tox
|move|p1a: Mew|Stealth Rock|p2a: Gliscor
|-sidestart|p2: khalB|move: Stealth Rock
|
|-heal|p1a: Mew|361\/404|[from] item: Leftovers
|turn|5
|
|move|p2a: Gliscor|Knock Off|p1a: Mew
|-supereffective|p1a: Mew
|-damage|p1a: Mew|201\/404
|-enditem|p1a: Mew|Leftovers|[from] move: Knock Off|[of] p2a: Gliscor
|move|p1a: Mew|Knock Off|p2a: Gliscor
|-damage|p2a: Gliscor|303\/354 tox
|-enditem|p2a: Gliscor|Toxic Orb|[from] move: Knock Off|[of] p1a: Mew
|
|-heal|p2a: Gliscor|347\/354 tox|[from] ability: Poison Heal
|turn|6
|
|move|p2a: Gliscor|Stealth Rock|p1a: Mew
|-sidestart|p1: Atherius|move: Stealth Rock
|move|p1a: Mew|Roost|p1a: Mew
|-heal|p1a: Mew|403\/404
|
|-heal|p2a: Gliscor|354\/354 tox|[from] ability: Poison Heal
|turn|7
|
|switch|p1a: Diancie|Diancie-Mega|241\/241
|-damage|p1a: Diancie|211\/241|[from] Stealth Rock
|move|p2a: Gliscor|Knock Off|p1a: Diancie
|-resisted|p1a: Diancie
|-damage|p1a: Diancie|189\/241
|
|turn|8
|
|switch|p2a: Venusaur|Venusaur-Mega, M|360\/360
|-damage|p2a: Venusaur|315\/360|[from] Stealth Rock
|move|p1a: Diancie|Moonblast|p2a: Venusaur
|-resisted|p2a: Venusaur
|-damage|p2a: Venusaur|234\/360
|
|turn|9
|
|switch|p1a: Victini|Victini|341\/341
|-damage|p1a: Victini|256\/341|[from] Stealth Rock
|move|p2a: Venusaur|Giga Drain|p1a: Victini
|-resisted|p1a: Victini
|-damage|p1a: Victini|183\/341
|-heal|p2a: Venusaur|271\/360|[from] drain|[of] p1a: Victini
|
|turn|10
|
|switch|p2a: Rotom-Wash|Rotom-Wash|304\/304
|-damage|p2a: Rotom-Wash|266\/304|[from] Stealth Rock
|move|p1a: Victini|Zen Headbutt|p2a: Rotom-Wash
|-damage|p2a: Rotom-Wash|145\/304
|
|-heal|p2a: Rotom-Wash|164\/304|[from] item: Leftovers
|turn|11
|
|switch|p1a: Mew|Mew|403\/404
|-damage|p1a: Mew|353\/404|[from] Stealth Rock
|move|p2a: Rotom-Wash|Pain Split|p1a: Mew
|-sethp|p1a: Mew|258\/404|p2a: Rotom-Wash|258\/304|[from] move: Pain Split
|
|-heal|p2a: Rotom-Wash|277\/304|[from] item: Leftovers
|turn|12
|
|move|p1a: Mew|Knock Off|p2a: Rotom-Wash
|-damage|p2a: Rotom-Wash|202\/304
|-enditem|p2a: Rotom-Wash|Leftovers|[from] move: Knock Off|[of] p1a: Mew
|move|p2a: Rotom-Wash|Volt Switch|p1a: Mew
|-damage|p1a: Mew|188\/404
|
|switch|p2a: Talonflame|Talonflame, M|317\/317
|-damage|p2a: Talonflame|159\/317|[from] Stealth Rock
|
|turn|13
|
|move|p2a: Talonflame|U-turn|p1a: Mew
|-supereffective|p1a: Mew
|-damage|p1a: Mew|0 fnt
|faint|p1a: Mew
|
|switch|p2a: Rotom-Wash|Rotom-Wash|202\/304
|-damage|p2a: Rotom-Wash|164\/304|[from] Stealth Rock
|
|
|switch|p1a: Shaymin|Shaymin|341\/341
|-damage|p1a: Shaymin|299\/341|[from] Stealth Rock
|turn|14
|
|switch|p2a: Venusaur|Venusaur-Mega, M|271\/360
|-damage|p2a: Venusaur|226\/360|[from] Stealth Rock
|move|p1a: Shaymin|Air Slash|p2a: Venusaur
|-supereffective|p2a: Venusaur
|-damage|p2a: Venusaur|49\/360
|-damage|p1a: Shaymin|265\/341|[from] item: Life Orb
|
|turn|15
|
|move|p1a: Shaymin|Air Slash|p2a: Venusaur
|-supereffective|p2a: Venusaur
|-damage|p2a: Venusaur|0 fnt
|-damage|p1a: Shaymin|231\/341|[from] item: Life Orb
|faint|p2a: Venusaur
|
|
|switch|p2a: Weavile|Weavile, M|282\/282
|-damage|p2a: Weavile|212\/282|[from] Stealth Rock
|-ability|p2a: Weavile|Pressure
|turn|16
|
|switch|p1a: Manaphy|Manaphy|404\/404
|-damage|p1a: Manaphy|354\/404|[from] Stealth Rock
|move|p2a: Weavile|Icicle Crash|p1a: Manaphy
|-resisted|p1a: Manaphy
|-damage|p1a: Manaphy|292\/404
|-damage|p2a: Weavile|184\/282|[from] item: Life Orb
|
|-heal|p1a: Manaphy|317\/404|[from] item: Leftovers
|turn|17
|
|switch|p2a: Rotom-Wash|Rotom-Wash|164\/304
|-damage|p2a: Rotom-Wash|126\/304|[from] Stealth Rock
|move|p1a: Manaphy|Calm Mind|p1a: Manaphy
|-boost|p1a: Manaphy|spa|1
|-boost|p1a: Manaphy|spd|1
|
|-heal|p1a: Manaphy|342\/404|[from] item: Leftovers
|turn|18
|
|move|p1a: Manaphy|Calm Mind|p1a: Manaphy
|-boost|p1a: Manaphy|spa|1
|-boost|p1a: Manaphy|spd|1
|move|p2a: Rotom-Wash|Will-O-Wisp|p1a: Manaphy
|-status|p1a: Manaphy|brn
|
|-heal|p1a: Manaphy|367\/404 brn|[from] item: Leftovers
|-damage|p1a: Manaphy|317\/404 brn|[from] brn
|turn|19
|
|move|p1a: Manaphy|Calm Mind|p1a: Manaphy
|-boost|p1a: Manaphy|spa|1
|-boost|p1a: Manaphy|spd|1
|move|p2a: Rotom-Wash|Pain Split|p1a: Manaphy
|-sethp|p1a: Manaphy|221\/404 brn|p2a: Rotom-Wash|221\/304|[from] move: Pain Split
|
|-heal|p1a: Manaphy|246\/404 brn|[from] item: Leftovers
|-damage|p1a: Manaphy|196\/404 brn|[from] brn
|turn|20
|
|move|p1a: Manaphy|Rest|p1a: Manaphy
|-status|p1a: Manaphy|slp
|-heal|p1a: Manaphy|404\/404 slp|[silent]
|-status|p1a: Manaphy|slp|[from] move: Rest
|move|p2a: Rotom-Wash|Volt Switch|p1a: Manaphy
|-crit|p1a: Manaphy
|-supereffective|p1a: Manaphy
|-damage|p1a: Manaphy|128\/404 slp
|
|switch|p2a: Weavile|Weavile, M|184\/282
|-damage|p2a: Weavile|114\/282|[from] Stealth Rock
|-ability|p2a: Weavile|Pressure
|
|-heal|p1a: Manaphy|153\/404 slp|[from] item: Leftovers
|turn|21
|c|âAtherius|That was unfortunate
|
|move|p2a: Weavile|Knock Off|p1a: Manaphy
|-damage|p1a: Manaphy|0 fnt
|-enditem|p1a: Manaphy|Leftovers|[from] move: Knock Off|[of] p2a: Weavile
|-damage|p2a: Weavile|86\/282|[from] item: Life Orb
|faint|p1a: Manaphy
|
|c|âkhalB|ye sry
|c|âAtherius|Nah, it's cool
|c|âkhalB|:]
|c|âAtherius|It happens.
|
|switch|p1a: Victini|Victini|183\/341
|-damage|p1a: Victini|98\/341|[from] Stealth Rock
|turn|22
|
|move|p2a: Weavile|Ice Shard|p1a: Victini
|-crit|p1a: Victini
|-resisted|p1a: Victini
|-damage|p1a: Victini|36\/341
|-damage|p2a: Weavile|58\/282|[from] item: Life Orb
|move|p1a: Victini|U-turn|p2a: Weavile
|-supereffective|p2a: Weavile
|-damage|p2a: Weavile|0 fnt
|faint|p2a: Weavile
|c|âkhalB|its true
|
|switch|p1a: Diancie|Diancie-Mega|189\/241
|-damage|p1a: Diancie|159\/241|[from] Stealth Rock
|
|
|switch|p2a: Rotom-Wash|Rotom-Wash|221\/304
|-damage|p2a: Rotom-Wash|183\/304|[from] Stealth Rock
|turn|23
|
|move|p1a: Diancie|Protect|p1a: Diancie
|-singleturn|p1a: Diancie|Protect
|move|p2a: Rotom-Wash|Hydro Pump|p1a: Diancie
|-activate|p1a: Diancie|Protect
|
|turn|24
|
|switch|p1a: Shaymin|Shaymin|231\/341
|-damage|p1a: Shaymin|189\/341|[from] Stealth Rock
|move|p2a: Rotom-Wash|Volt Switch|p1a: Shaymin
|-resisted|p1a: Shaymin
|-damage|p1a: Shaymin|141\/341
|
|switch|p2a: Zapdos|Zapdos|384\/384
|-damage|p2a: Zapdos|288\/384|[from] Stealth Rock
|-ability|p2a: Zapdos|Pressure
|
|-heal|p2a: Zapdos|312\/384|[from] item: Leftovers
|turn|25
|
|move|p1a: Shaymin|Synthesis|p1a: Shaymin
|-heal|p1a: Shaymin|311\/341
|move|p2a: Zapdos|Discharge|p1a: Shaymin
|-resisted|p1a: Shaymin
|-damage|p1a: Shaymin|252\/341
|
|-heal|p2a: Zapdos|336\/384|[from] item: Leftovers
|turn|26
|
|switch|p1a: Victini|Victini|36\/341
|-damage|p1a: Victini|0 fnt|[from] Stealth Rock
|faint|p1a: Victini
|move|p2a: Zapdos|Toxic|p1: Victini|[notarget]
|-notarget
|
|-heal|p2a: Zapdos|360\/384|[from] item: Leftovers
|
|switch|p1a: Diancie|Diancie-Mega|159\/241
|-damage|p1a: Diancie|129\/241|[from] Stealth Rock
|turn|27
|
|move|p1a: Diancie|Diamond Storm|p2a: Zapdos
|-crit|p2a: Zapdos
|-supereffective|p2a: Zapdos
|-damage|p2a: Zapdos|0 fnt
|-boost|p1a: Diancie|def|1
|faint|p2a: Zapdos
|
|
|switch|p2a: Rotom-Wash|Rotom-Wash|183\/304
|-damage|p2a: Rotom-Wash|145\/304|[from] Stealth Rock
|turn|28
|
|move|p1a: Diancie|Moonblast|p2a: Rotom-Wash
|-damage|p2a: Rotom-Wash|0 fnt
|faint|p2a: Rotom-Wash
|
|c|âkhalB|gg
|
|switch|p2a: Talonflame|Talonflame, M|159\/317
|-damage|p2a: Talonflame|1\/317|[from] Stealth Rock
|turn|29
|c|âAtherius|good game
|
|move|p2a: Talonflame|Brave Bird|p1a: Diancie
|-resisted|p1a: Diancie
|-damage|p1a: Diancie|53\/241
|-damage|p2a: Talonflame|0 fnt|[from] recoil|[of] p1a: Diancie
|faint|p2a: Talonflame
|move|p1a: Diancie|Moonblast|p2: Talonflame|[notarget]
|-notarget
|
|
|switch|p2a: Gliscor|Gliscor, F|354\/354 tox
|-damage|p2a: Gliscor|310\/354 tox|[from] Stealth Rock
|turn|30
|
|move|p1a: Diancie|Moonblast|p2a: Gliscor
|-damage|p2a: Gliscor|85\/354 tox
|move|p2a: Gliscor|Knock Off|p1a: Diancie
|-resisted|p1a: Diancie
|-damage|p1a: Diancie|38\/241
|
|-heal|p2a: Gliscor|129\/354 tox|[from] ability: Poison Heal
|turn|31
|
|move|p1a: Diancie|Moonblast|p2a: Gliscor
|-damage|p2a: Gliscor|0 fnt
|faint|p2a: Gliscor
|
|win|Atherius
|raw|Ladder updating...
|raw|Atherius's rating: 1392 &rarr; <strong>1410<\/strong><br \/>(+18 for winning)
|raw|khalB's rating: 1362 &rarr; <strong>1344<\/strong><br \/>(-18 for losing)
|leave|khalB
|player|p2