|join|khalB
|join|josie1129
|player|p1|khalB|264
|player|p2|josie1129|102
|gametype|singles
|gen|6
|tier|ORAS OU
|rated
|rule|Sleep Clause Mod: Limit one foe put to sleep
|rule|Species Clause: Limit one of each PokÃ©mon
|rule|OHKO Clause: OHKO moves are banned
|rule|Moody Clause: Moody is banned
|rule|Evasion Moves Clause: Evasion moves are banned
|rule|Endless Battle Clause: Forcing endless battles is banned
|rule|HP Percentage Mod: HP is shown in percentages
|clearpoke
|poke|p1|Tyranitar, M
|poke|p1|Magnezone
|poke|p1|Landorus-Therian, M
|poke|p1|Sceptile, F
|poke|p1|Starmie
|poke|p1|Tornadus-Therian, M
|poke|p2|Politoed, M
|poke|p2|Ferrothorn, M
|poke|p2|Swampert, M
|poke|p2|Kabutops, M
|poke|p2|Tornadus-Therian, M
|poke|p2|Gothitelle, M
|rule|Swagger Clause: Swagger is banned
|rule|Baton Pass Clause: Limit one PokÃ©mon knowing Baton Pass
|teampreview
|
|start
|switch|p1a: Sceptile|Sceptile, F|281\/281
|switch|p2a: Tornadus-Therian|Tornadus-Therian, M|332\/332
|turn|1
|
|switch|p1a: Magnezone|Magnezone|344\/344
|move|p2a: Tornadus-Therian|U-turn|p1a: Magnezone
|-resisted|p1a: Magnezone
|-damage|p1a: Magnezone|324\/344
|join|blueshark11
|
|switch|p2a: Swampert|Swampert, M|341\/341
|
|turn|2
|leave|blueshark11
|
|switch|p1a: Landorus-Therian|Landorus-Therian, M|382\/382
|-ability|p1a: Landorus-Therian|Intimidate|[of] p2a: Swampert
|-unboost|p2a: Swampert|atk|1
|detailschange|p2a: Swampert|Swampert-Mega, M
|message|Swampert has Mega Evolved into Mega Swampert!
|move|p2a: Swampert|Ice Punch|p1a: Landorus-Therian
|-supereffective|p1a: Landorus-Therian
|-damage|p1a: Landorus-Therian|150\/382
|
|-heal|p1a: Landorus-Therian|173\/382|[from] item: Leftovers
|turn|3
|
|switch|p1a: Starmie|Starmie|303\/303
|move|p2a: Swampert|Ice Punch|p1a: Starmie
|-resisted|p1a: Starmie
|-damage|p1a: Starmie|259\/303
|
|-heal|p1a: Starmie|277\/303|[from] item: Leftovers
|turn|4
|
|switch|p2a: Gothitelle|Gothitelle, M|301\/301
|move|p1a: Starmie|Scald|p2a: Gothitelle
|-damage|p2a: Gothitelle|181\/301
|
|-heal|p1a: Starmie|295\/303|[from] item: Leftovers
|turn|5
|
|move|p2a: Gothitelle|Trick|p1a: Starmie
|-activate|p2a: Gothitelle|move: Trick|[of] p1a: Starmie
|-item|p1a: Starmie|Choice Scarf|[from] move: Trick
|-item|p2a: Gothitelle|Leftovers|[from] move: Trick
|move|p1a: Starmie|Scald|p2a: Gothitelle
|-damage|p2a: Gothitelle|57\/301
|-status|p2a: Gothitelle|brn
|
|-heal|p2a: Gothitelle|75\/301 brn|[from] item: Leftovers
|-damage|p2a: Gothitelle|38\/301 brn|[from] brn
|turn|6
|
|switch|p2a: Politoed|Politoed, M|384\/384
|-weather|RainDance
|move|p1a: Starmie|Scald|p2a: Politoed
|-resisted|p2a: Politoed
|-damage|p2a: Politoed|279\/384
|
|-weather|RainDance|[upkeep]
|turn|7
|
|move|p1a: Starmie|Scald|p2a: Politoed
|-resisted|p2a: Politoed
|-damage|p2a: Politoed|198\/384
|-status|p2a: Politoed|brn
|move|p2a: Politoed|Scald|p1a: Starmie
|-resisted|p1a: Starmie
|-damage|p1a: Starmie|223\/303
|
|-weather|RainDance|[upkeep]
|-damage|p2a: Politoed|150\/384 brn|[from] brn
|turn|8
|
|switch|p1a: Sceptile|Sceptile, F|281\/281
|switch|p2a: Ferrothorn|Ferrothorn, M|352\/352
|
|-weather|RainDance|[upkeep]
|turn|9
|
|switch|p1a: Tyranitar|Tyranitar, M|385\/385
|-weather|Sandstorm
|switch|p2a: Tornadus-Therian|Tornadus-Therian, M|332\/332
|
|-weather|Sandstorm|[upkeep]
|-damage|p2a: Tornadus-Therian|312\/332|[from] sandstorm
|turn|10
|
|switch|p1a: Landorus-Therian|Landorus-Therian, M|173\/382
|-ability|p1a: Landorus-Therian|Intimidate|[of] p2a: Tornadus-Therian
|-unboost|p2a: Tornadus-Therian|atk|1
|move|p2a: Tornadus-Therian|U-turn|p1a: Landorus-Therian
|-resisted|p1a: Landorus-Therian
|-damage|p1a: Landorus-Therian|160\/382
|
|switch|p2a: Swampert|Swampert-Mega, M|341\/341
|
|-weather|Sandstorm|[upkeep]
|-heal|p1a: Landorus-Therian|183\/382|[from] item: Leftovers
|turn|11
|
|move|p2a: Swampert|Ice Punch|p1a: Landorus-Therian
|-supereffective|p1a: Landorus-Therian
|-damage|p1a: Landorus-Therian|0 fnt
|faint|p1a: Landorus-Therian
|
|-weather|Sandstorm|[upkeep]
|
|switch|p1a: Sceptile|Sceptile, F|281\/281
|turn|12
|
|switch|p2a: Gothitelle|Gothitelle, M|38\/301 brn
|detailschange|p1a: Sceptile|Sceptile-Mega, F
|message|Sceptile has Mega Evolved into Mega Sceptile!
|move|p1a: Sceptile|Dragon Pulse|p2a: Gothitelle
|-damage|p2a: Gothitelle|0 fnt
|faint|p2a: Gothitelle
|
|-weather|Sandstorm|[upkeep]
|-damage|p1a: Sceptile|264\/281|[from] sandstorm
|
|switch|p2a: Tornadus-Therian|Tornadus-Therian, M|332\/332
|turn|13
|
|switch|p1a: Tornadus-Therian|Tornadus-Therian, M|324\/324
|move|p2a: Tornadus-Therian|Hurricane|p1a: Tornadus-Therian
|-damage|p1a: Tornadus-Therian|215\/324
|
|-weather|none
|turn|14
|
|move|p1a: Tornadus-Therian|Knock Off|p2a: Tornadus-Therian
|-damage|p2a: Tornadus-Therian|237\/332
|-enditem|p2a: Tornadus-Therian|Assault Vest|[from] move: Knock Off|[of] p1a: Tornadus-Therian
|move|p2a: Tornadus-Therian|U-turn|p1a: Tornadus-Therian
|-resisted|p1a: Tornadus-Therian
|-damage|p1a: Tornadus-Therian|182\/324
|
|switch|p2a: Ferrothorn|Ferrothorn, M|352\/352
|
|turn|15
|
|switch|p1a: Sceptile|Sceptile-Mega, F|264\/281
|move|p2a: Ferrothorn|Stealth Rock|p1a: Sceptile
|-sidestart|p1: khalB|move: Stealth Rock
|
|turn|16
|
|switch|p2a: Politoed|Politoed, M|150\/384 brn
|-weather|RainDance
|move|p1a: Sceptile|Hidden Power|p2a: Politoed
|-resisted|p2a: Politoed
|-damage|p2a: Politoed|131\/384 brn
|
|-weather|RainDance|[upkeep]
|-damage|p2a: Politoed|83\/384 brn|[from] brn
|turn|17
|
|switch|p1a: Tyranitar|Tyranitar, M|385\/385
|-damage|p1a: Tyranitar|337\/385|[from] Stealth Rock
|-weather|Sandstorm
|switch|p2a: Tornadus-Therian|Tornadus-Therian, M|332\/332
|
|-weather|Sandstorm|[upkeep]
|-damage|p2a: Tornadus-Therian|312\/332|[from] sandstorm
|turn|18
|
|move|p2a: Tornadus-Therian|U-turn|p1a: Tyranitar
|-supereffective|p1a: Tyranitar
|-damage|p1a: Tyranitar|251\/385
|
|move|p1a: Tyranitar|Pursuit|p2a: Tornadus-Therian|[from]Pursuit
|-damage|p2a: Tornadus-Therian|131\/332
|switch|p2a: Swampert|Swampert-Mega, M|341\/341
|
|-weather|Sandstorm|[upkeep]
|turn|19
|
|switch|p1a: Tornadus-Therian|Tornadus-Therian, M|290\/324
|-damage|p1a: Tornadus-Therian|209\/324|[from] Stealth Rock
|move|p2a: Swampert|Waterfall|p1a: Tornadus-Therian
|-damage|p1a: Tornadus-Therian|0 fnt
|faint|p1a: Tornadus-Therian
|
|-weather|Sandstorm|[upkeep]
|
|switch|p1a: Sceptile|Sceptile-Mega, F|264\/281
|-damage|p1a: Sceptile|229\/281|[from] Stealth Rock
|turn|20
|
|switch|p2a: Tornadus-Therian|Tornadus-Therian, M|241\/332
|move|p1a: Sceptile|Dragon Pulse|p2a: Tornadus-Therian
|-damage|p2a: Tornadus-Therian|76\/332
|
|-weather|Sandstorm|[upkeep]
|-damage|p1a: Sceptile|212\/281|[from] sandstorm
|-damage|p2a: Tornadus-Therian|56\/332|[from] sandstorm
|turn|21
|
|switch|p2a: Ferrothorn|Ferrothorn, M|352\/352
|move|p1a: Sceptile|Dragon Pulse|p2a: Ferrothorn
|-resisted|p2a: Ferrothorn
|-damage|p2a: Ferrothorn|284\/352
|
|-weather|none
|-heal|p2a: Ferrothorn|306\/352|[from] item: Leftovers
|turn|22
|
|move|p1a: Sceptile|Hidden Power|p2a: Ferrothorn
|-supereffective|p2a: Ferrothorn
|-damage|p2a: Ferrothorn|54\/352
|move|p2a: Ferrothorn|Spikes|p1a: Sceptile
|-sidestart|p1: khalB|Spikes
|
|-heal|p2a: Ferrothorn|76\/352|[from] item: Leftovers
|turn|23
|
|move|p1a: Sceptile|Hidden Power|p2a: Ferrothorn
|-supereffective|p2a: Ferrothorn
|-damage|p2a: Ferrothorn|0 fnt
|faint|p2a: Ferrothorn
|
|
|switch|p2a: Politoed|Politoed, M|83\/384 brn
|-weather|RainDance
|turn|24
|
|switch|p1a: Tyranitar|Tyranitar, M|251\/385
|-damage|p1a: Tyranitar|203\/385|[from] Spikes
|-damage|p1a: Tyranitar|155\/385|[from] Stealth Rock
|-weather|Sandstorm
|switch|p2a: Tornadus-Therian|Tornadus-Therian, M|166\/332
|
|-weather|Sandstorm|[upkeep]
|-damage|p2a: Tornadus-Therian|146\/332|[from] sandstorm
|turn|25
|
|move|p2a: Tornadus-Therian|Focus Blast|p1a: Tyranitar
|-supereffective|p1a: Tyranitar
|-damage|p1a: Tyranitar|0 fnt
|faint|p1a: Tyranitar
|
|-weather|Sandstorm|[upkeep]
|-damage|p2a: Tornadus-Therian|126\/332|[from] sandstorm
|
|switch|p1a: Starmie|Starmie|223\/303
|-damage|p1a: Starmie|186\/303|[from] Spikes
|-damage|p1a: Starmie|149\/303|[from] Stealth Rock
|turn|26
|
|move|p1a: Starmie|Scald|p2a: Tornadus-Therian
|-damage|p2a: Tornadus-Therian|9\/332
|-status|p2a: Tornadus-Therian|brn
|move|p2a: Tornadus-Therian|U-turn|p1a: Starmie
|-supereffective|p1a: Starmie
|-damage|p1a: Starmie|85\/303
|
|switch|p2a: Politoed|Politoed, M|83\/384 brn
|-weather|RainDance
|
|-weather|RainDance|[upkeep]
|-damage|p2a: Politoed|35\/384 brn|[from] brn
|turn|27
|
|move|p1a: Starmie|Scald|p2a: Politoed
|-resisted|p2a: Politoed
|-damage|p2a: Politoed|0 fnt
|faint|p2a: Politoed
|
|-weather|RainDance|[upkeep]
|
|switch|p2a: Swampert|Swampert-Mega, M|341\/341
|turn|28
|
|move|p1a: Starmie|Scald|p2a: Swampert
|-damage|p2a: Swampert|199\/341
|-status|p2a: Swampert|brn
|move|p2a: Swampert|Earthquake|p1a: Starmie
|-damage|p1a: Starmie|0 fnt
|faint|p1a: Starmie
|
|-weather|RainDance|[upkeep]
|-damage|p2a: Swampert|157\/341 brn|[from] brn
|c|âjosie1129|what
|
|switch|p1a: Sceptile|Sceptile-Mega, F|212\/281
|-damage|p1a: Sceptile|177\/281|[from] Stealth Rock
|-damage|p1a: Sceptile|142\/281|[from] Spikes
|turn|29
|c|âkhalB|you tricked me the scarf
|
|move|p2a: Swampert|Ice Punch|p1a: Sceptile
|-supereffective|p1a: Sceptile
|-damage|p1a: Sceptile|0 fnt
|faint|p1a: Sceptile
|
|-weather|RainDance|[upkeep]
|-damage|p2a: Swampert|115\/341 brn|[from] brn
|
|switch|p1a: Magnezone|Magnezone|324\/344
|-damage|p1a: Magnezone|303\/344|[from] Stealth Rock
|-damage|p1a: Magnezone|260\/344|[from] Spikes
|turn|30
|c|âkhalB|gg
|c|âjosie1129|gg
|
|move|p2a: Swampert|Earthquake|p1a: Magnezone
|-supereffective|p1a: Magnezone
|-damage|p1a: Magnezone|0 fnt
|faint|p1a: Magnezone
|
|win|josie1129
|raw|Ladder updating...
|raw|khalB's rating: 1307 &rarr; <strong>1283<\/strong><br \/>(-24 for losing)
|raw|josie1129's rating: 1243 &rarr; <strong>1273<\/strong><br \/>(+30 for winning)
|leave|khalB
|player|p1