|join|GmTrainerAntacool
|join|khalB
|player|p1|GmTrainerAntacool|234
|player|p2|khalB|1
|gametype|singles
|gen|6
|tier|OU
|rated
|clearpoke
|poke|p1|Landorus-Therian, M
|poke|p1|Sableye, F
|poke|p1|Garchomp, F
|poke|p1|Milotic, M
|poke|p1|Ferrothorn, M
|poke|p1|Mew
|poke|p2|Weavile, F
|poke|p2|Greninja, F
|poke|p2|Ferrothorn, M
|poke|p2|Charizard, M
|poke|p2|Gardevoir, F
|poke|p2|Excadrill, M
|rule|Swagger Clause: Swagger is banned
|rule|Baton Pass Clause: Limit one PokÃ©mon knowing Baton Pass
|rule|Sleep Clause Mod: Limit one foe put to sleep
|rule|Species Clause: Limit one of each PokÃ©mon
|rule|OHKO Clause: OHKO moves are banned
|rule|Moody Clause: Moody is banned
|rule|Evasion Moves Clause: Evasion moves are banned
|rule|Endless Battle Clause: Forcing endless battles is banned
|rule|HP Percentage Mod: HP is shown in percentages
|teampreview
|
|start
|switch|p1a: Sableye|Sableye, F|304\/304
|switch|p2a: Gardevoir|Gardevoir, F|278\/278
|-ability|p2a: Gardevoir|Prankster|[from] ability: Trace|[of] p1a: Sableye
|turn|1
|
|switch|p1a: Ferrothorn|Ferrothorn, M|352\/352
|move|p2a: Gardevoir|Moonblast|p1a: Ferrothorn
|-resisted|p1a: Ferrothorn
|-damage|p1a: Ferrothorn|302\/352
|-unboost|p1a: Ferrothorn|spa|1
|
|-heal|p1a: Ferrothorn|324\/352|[from] item: Leftovers
|turn|2
|
|switch|p2a: Charizard|Charizard, M|298\/298
|move|p1a: Ferrothorn|Thunder Wave|p2a: Charizard
|-status|p2a: Charizard|par
|
|-heal|p1a: Ferrothorn|346\/352|[from] item: Leftovers
|turn|3
|
|switch|p1a: Milotic|Milotic, M|394\/394
|detailschange|p2a: Charizard|Charizard-Mega-X, M
|message|Charizard has Mega Evolved into Mega Charizard!
|move|p2a: Charizard|Flare Blitz|p1a: Milotic
|-resisted|p1a: Milotic
|-damage|p1a: Milotic|220\/394
|-damage|p2a: Charizard|241\/298 par|[from] recoil|[of] p1a: Milotic
|
|-heal|p1a: Milotic|244\/394|[from] item: Leftovers
|turn|4
|
|move|p1a: Milotic|Recover|p1a: Milotic
|-heal|p1a: Milotic|394\/394
|cant|p2a: Charizard|par
|
|turn|5
|
|move|p1a: Milotic|Scald|p2a: Charizard
|-damage|p2a: Charizard|102\/298 par
|move|p2a: Charizard|Dragon Dance|p2a: Charizard
|-boost|p2a: Charizard|atk|1
|-boost|p2a: Charizard|spe|1
|
|turn|6
|
|switch|p2a: Ferrothorn|Ferrothorn, M|352\/352
|move|p1a: Milotic|Scald|p2a: Ferrothorn
|-resisted|p2a: Ferrothorn
|-damage|p2a: Ferrothorn|294\/352
|
|turn|7
|
|switch|p1a: Ferrothorn|Ferrothorn, M|346\/352
|move|p2a: Ferrothorn|Leech Seed|p1a: Ferrothorn
|-immune|p1a: Ferrothorn|[msg]
|
|-heal|p1a: Ferrothorn|352\/352|[from] item: Leftovers
|turn|8
|
|move|p1a: Ferrothorn|Spikes|p2a: Ferrothorn
|-sidestart|p2: khalB|Spikes
|move|p2a: Ferrothorn|Stealth Rock|p1a: Ferrothorn
|-sidestart|p1: GmTrainerAntacool|move: Stealth Rock
|
|turn|9
|
|move|p1a: Ferrothorn|Spikes|p2a: Ferrothorn
|-sidestart|p2: khalB|Spikes
|move|p2a: Ferrothorn|Knock Off|p1a: Ferrothorn
|-damage|p1a: Ferrothorn|292\/352
|-damage|p2a: Ferrothorn|250\/352|[from] ability: Iron Barbs|[of] p1a: Ferrothorn
|-enditem|p1a: Ferrothorn|Leftovers|[from] move: Knock Off|[of] p2a: Ferrothorn
|
|turn|10
|
|switch|p2a: Excadrill|Excadrill, M|362\/362
|-ability|p2a: Excadrill|Mold Breaker
|-item|p2a: Excadrill|Air Balloon
|move|p1a: Ferrothorn|Spikes|p2a: Excadrill
|-sidestart|p2: khalB|Spikes
|
|turn|11
|
|switch|p1a: Sableye|Sableye, F|304\/304
|-damage|p1a: Sableye|266\/304|[from] Stealth Rock
|move|p2a: Excadrill|Earthquake|p1a: Sableye
|-damage|p1a: Sableye|38\/304
|
|turn|12
|
|detailschange|p1a: Sableye|Sableye-Mega, F
|message|Sableye has Mega Evolved into Mega Sableye!
|move|p1a: Sableye|Will-O-Wisp|p2a: Excadrill
|-status|p2a: Excadrill|brn
|move|p2a: Excadrill|Earthquake|p1a: Sableye
|-damage|p1a: Sableye|0 fnt
|faint|p1a: Sableye
|
|-damage|p2a: Excadrill|317\/362 brn|[from] brn
|
|switch|p1a: Landorus-Therian|Landorus-Therian, M|382\/382
|-damage|p1a: Landorus-Therian|335\/382|[from] Stealth Rock
|-ability|p1a: Landorus-Therian|Intimidate|[of] p2a: Excadrill
|-unboost|p2a: Excadrill|atk|1
|turn|13
|
|switch|p2a: Ferrothorn|Ferrothorn, M|250\/352
|-damage|p2a: Ferrothorn|162\/352|[from] Spikes
|move|p1a: Landorus-Therian|Stealth Rock|p2a: Ferrothorn
|-sidestart|p2: khalB|move: Stealth Rock
|
|-heal|p1a: Landorus-Therian|358\/382|[from] item: Leftovers
|turn|14
|
|switch|p2a: Excadrill|Excadrill, M|317\/362 brn
|-damage|p2a: Excadrill|306\/362 brn|[from] Stealth Rock
|-ability|p2a: Excadrill|Mold Breaker
|-item|p2a: Excadrill|Air Balloon
|move|p1a: Landorus-Therian|Gravity|p1a: Landorus-Therian
|-fieldstart|move: Gravity
|
|-heal|p1a: Landorus-Therian|381\/382|[from] item: Leftovers
|-damage|p2a: Excadrill|261\/362 brn|[from] brn
|turn|15
|
|move|p2a: Excadrill|Rapid Spin|p1a: Landorus-Therian
|-damage|p1a: Landorus-Therian|371\/382
|-sideend|p2: khalB|Spikes|[from] move: Rapid Spin|[of] p2a: Excadrill
|-sideend|p2: khalB|Stealth Rock|[from] move: Rapid Spin|[of] p2a: Excadrill
|move|p1a: Landorus-Therian|Earthquake|p2a: Excadrill
|-supereffective|p2a: Excadrill
|-damage|p2a: Excadrill|0 fnt
|-enditem|p2a: Excadrill|Air Balloon
|faint|p2a: Excadrill
|
|-heal|p1a: Landorus-Therian|382\/382|[from] item: Leftovers
|
|switch|p2a: Weavile|Weavile, F|282\/282
|-ability|p2a: Weavile|Pressure
|turn|16
|
|move|p2a: Weavile|Ice Punch|p1a: Landorus-Therian
|-supereffective|p1a: Landorus-Therian
|-damage|p1a: Landorus-Therian|0 fnt
|-damage|p2a: Weavile|254\/282|[from] item: Life Orb
|faint|p1a: Landorus-Therian
|
|
|switch|p1a: Milotic|Milotic, M|394\/394
|-damage|p1a: Milotic|345\/394|[from] Stealth Rock
|turn|17
|
|switch|p2a: Ferrothorn|Ferrothorn, M|162\/352
|move|p1a: Milotic|Scald|p2a: Ferrothorn
|-crit|p2a: Ferrothorn
|-resisted|p2a: Ferrothorn
|-damage|p2a: Ferrothorn|78\/352
|
|-heal|p1a: Milotic|369\/394|[from] item: Leftovers
|turn|18
|
|move|p1a: Milotic|Ice Beam|p2a: Ferrothorn
|-damage|p2a: Ferrothorn|0 fnt
|faint|p2a: Ferrothorn
|
|-heal|p1a: Milotic|393\/394|[from] item: Leftovers
|-fieldend|move: Gravity
|
|switch|p2a: Weavile|Weavile, F|254\/282
|-ability|p2a: Weavile|Pressure
|turn|19
|
|move|p2a: Weavile|Knock Off|p1a: Milotic
|-damage|p1a: Milotic|143\/394
|-enditem|p1a: Milotic|Leftovers|[from] move: Knock Off|[of] p2a: Weavile
|-damage|p2a: Weavile|226\/282|[from] item: Life Orb
|move|p1a: Milotic|Scald|p2a: Weavile
|-crit|p2a: Weavile
|-damage|p2a: Weavile|0 fnt
|faint|p2a: Weavile
|
|
|switch|p2a: Gardevoir|Gardevoir, F|278\/278
|-ability|p2a: Gardevoir|Competitive|[from] ability: Trace|[of] p1a: Milotic
|turn|20
|
|move|p2a: Gardevoir|Healing Wish|p2a: Gardevoir
|faint|p2a: Gardevoir
|move|p1a: Milotic|Scald|p2: Gardevoir|[notarget]
|-notarget
|
|
|switch|p2a: Charizard|Charizard-Mega-X, M|102\/298 par
|-heal|p2a: Charizard|298\/298|[from] move: Healing Wish
|turn|21
|
|move|p2a: Charizard|Dragon Dance|p2a: Charizard
|-boost|p2a: Charizard|atk|1
|-boost|p2a: Charizard|spe|1
|move|p1a: Milotic|Haze|p1a: Milotic
|-clearallboost
|
|turn|22
|c|âkhalB|nice
|
|move|p2a: Charizard|Dragon Claw|p1a: Milotic
|-damage|p1a: Milotic|0 fnt
|faint|p1a: Milotic
|
|c|âGmTrainerAntacool|thks man
|
|switch|p1a: Garchomp|Garchomp, F|357\/357
|-damage|p1a: Garchomp|335\/357|[from] Stealth Rock
|turn|23
|c|âGmTrainerAntacool|it's for crobro, crocune, bulk uppers, BD azu
|c|âkhalB|makes sense
|c|âGmTrainerAntacool|and CM MSableye
|c|âGmTrainerAntacool|:)
|
|move|p1a: Garchomp|Earthquake|p2a: Charizard
|-supereffective|p2a: Charizard
|-damage|p2a: Charizard|0 fnt
|faint|p2a: Charizard
|
|c|âkhalB|gg
|c|âGmTrainerAntacool|gg
|c|âkhalB|:]
|
|switch|p2a: Greninja|Greninja, F|285\/285
|turn|24
|c|âGmTrainerAntacool|:)
|
|move|p1a: Garchomp|Earthquake|p2a: Greninja
|-damage|p2a: Greninja|21\/285
|move|p2a: Greninja|Ice Beam|p1a: Garchomp
|-start|p2a: Greninja|typechange|Ice|[from] Protean
|-supereffective|p1a: Garchomp
|-damage|p1a: Garchomp|0 fnt
|-damage|p2a: Greninja|0 fnt|[from] item: Life Orb
|faint|p1a: Garchomp
|faint|p2a: Greninja
|
|win|GmTrainerAntacool
|raw|Ladder updating...
|leave|khalB
|player|p2
|raw|GmTrainerAntacool's rating: 1608 &rarr; <strong>1620<\/strong><br \/>(+12 for winning)
|raw|khalB's rating: 1466 &rarr; <strong>1454<\/strong><br \/>(-12 for losing)