|join|Daud's High Priest
|join|Un-Doge
|player|p1|Daud's High Priest|147
|player|p2|Un-Doge|101
|gametype|singles
|gen|6
|tier|UU
|rated
|rule|Sleep Clause Mod: Limit one foe put to sleep
|rule|Species Clause: Limit one of each PokÃ©mon
|rule|OHKO Clause: OHKO moves are banned
|rule|Moody Clause: Moody is banned
|rule|Evasion Moves Clause: Evasion moves are banned
|rule|Endless Battle Clause: Forcing endless battles is banned
|rule|HP Percentage Mod: HP is shown in percentages
|clearpoke
|poke|p1|Reuniclus, M, shiny
|poke|p1|Liepard, F, shiny
|poke|p1|Zoroark, M
|poke|p1|Forretress, F
|poke|p1|Articuno
|poke|p1|Hydreigon, M
|poke|p2|Sharpedo, F
|poke|p2|Toxicroak, M
|poke|p2|Arcanine, F
|poke|p2|Gastrodon, M
|poke|p2|Empoleon, F
|poke|p2|Virizion
|rule|Swagger Clause: Swagger is banned
|rule|Baton Pass Clause: Limit one PokÃ©mon knowing Baton Pass
|teampreview
|
|start
|switch|p1a: Forretress|Forretress, F|262\/262
|switch|p2a: Arcanine|Arcanine, F|374\/374
|-ability|p2a: Arcanine|Intimidate|[of] p1a: Forretress
|-unboost|p1a: Forretress|atk|1
|turn|1
|
|switch|p1a: Hydreigon|Hydreigon, M|326\/326
|move|p2a: Arcanine|Flare Blitz|p1a: Hydreigon
|-resisted|p1a: Hydreigon
|-damage|p1a: Hydreigon|236\/326
|-damage|p2a: Arcanine|344\/374|[from] recoil|[of] p1a: Hydreigon
|
|-heal|p2a: Arcanine|367\/374|[from] item: Leftovers
|turn|2
|
|move|p1a: Hydreigon|Draco Meteor|p2a: Arcanine
|-crit|p2a: Arcanine
|-damage|p2a: Arcanine|0 fnt
|-unboost|p1a: Hydreigon|spa|2
|faint|p2a: Arcanine
|
|
|switch|p2a: Empoleon|Empoleon, F|372\/372
|turn|3
|
|switch|p1a: Forretress|Forretress, F|354\/354
|move|p2a: Empoleon|Stealth Rock|p1a: Forretress
|-sidestart|p1: Daud's High Priest|move: Stealth Rock
|
|turn|4
|
|move|p2a: Empoleon|Scald|p1a: Forretress
|-damage|p1a: Forretress|248\/354
|move|p1a: Forretress|Stealth Rock|p2a: Empoleon
|-sidestart|p2: Un-Doge|move: Stealth Rock
|
|-heal|p1a: Forretress|270\/354|[from] item: Leftovers
|turn|5
|
|move|p2a: Empoleon|Scald|p1a: Forretress
|-crit|p1a: Forretress
|-damage|p1a: Forretress|122\/354
|move|p1a: Forretress|Spikes|p2a: Empoleon
|-sidestart|p2: Un-Doge|Spikes
|
|-heal|p1a: Forretress|144\/354|[from] item: Leftovers
|turn|6
|
|move|p2a: Empoleon|Scald|p1a: Forretress
|-damage|p1a: Forretress|50\/354
|move|p1a: Forretress|Rapid Spin|p2a: Empoleon
|-resisted|p2a: Empoleon
|-damage|p2a: Empoleon|364\/372
|-sideend|p1: Daud's High Priest|Stealth Rock|[from] move: Rapid Spin|[of] p1a: Forretress
|
|-heal|p2a: Empoleon|372\/372|[from] item: Leftovers
|-heal|p1a: Forretress|72\/354|[from] item: Leftovers
|turn|7
|
|move|p2a: Empoleon|Scald|p1a: Forretress
|-damage|p1a: Forretress|0 fnt
|faint|p1a: Forretress
|
|
|switch|p1a: Reuniclus|Reuniclus, M, shiny|424\/424
|turn|8
|
|move|p2a: Empoleon|Stealth Rock|p1a: Reuniclus
|-sidestart|p1: Daud's High Priest|move: Stealth Rock
|move|p1a: Reuniclus|Focus Blast|p2a: Empoleon
|-supereffective|p2a: Empoleon
|-damage|p2a: Empoleon|128\/372
|
|-heal|p2a: Empoleon|151\/372|[from] item: Leftovers
|turn|9
|
|switch|p2a: Gastrodon|Gastrodon, M|426\/426
|-damage|p2a: Gastrodon|373\/426|[from] Spikes
|-damage|p2a: Gastrodon|347\/426|[from] Stealth Rock
|move|p1a: Reuniclus|Focus Blast|p2a: Gastrodon
|-damage|p2a: Gastrodon|178\/426
|
|-heal|p2a: Gastrodon|204\/426|[from] item: Leftovers
|turn|10
|
|move|p2a: Gastrodon|Recover|p2a: Gastrodon
|-heal|p2a: Gastrodon|417\/426
|move|p1a: Reuniclus|Psychic|p2a: Gastrodon
|-damage|p2a: Gastrodon|245\/426
|
|-heal|p2a: Gastrodon|271\/426|[from] item: Leftovers
|turn|11
|
|move|p2a: Gastrodon|Earth Power|p1a: Reuniclus
|-damage|p1a: Reuniclus|313\/424
|move|p1a: Reuniclus|Calm Mind|p1a: Reuniclus
|-boost|p1a: Reuniclus|spa|1
|-boost|p1a: Reuniclus|spd|1
|
|-heal|p2a: Gastrodon|297\/426|[from] item: Leftovers
|-heal|p1a: Reuniclus|339\/424|[from] item: Leftovers
|turn|12
|
|move|p2a: Gastrodon|Earth Power|p1a: Reuniclus
|-damage|p1a: Reuniclus|264\/424
|move|p1a: Reuniclus|Calm Mind|p1a: Reuniclus
|-boost|p1a: Reuniclus|spa|1
|-boost|p1a: Reuniclus|spd|1
|
|-heal|p2a: Gastrodon|323\/426|[from] item: Leftovers
|-heal|p1a: Reuniclus|290\/424|[from] item: Leftovers
|turn|13
|
|switch|p2a: Sharpedo|Sharpedo, F|281\/281
|-damage|p2a: Sharpedo|246\/281|[from] Stealth Rock
|-damage|p2a: Sharpedo|211\/281|[from] Spikes
|move|p1a: Reuniclus|Recover|p1a: Reuniclus
|-heal|p1a: Reuniclus|424\/424
|
|turn|14
|
|move|p2a: Sharpedo|Substitute|p2a: Sharpedo
|-start|p2a: Sharpedo|Substitute
|-damage|p2a: Sharpedo|141\/281
|move|p1a: Reuniclus|Focus Blast|p2a: Sharpedo
|-supereffective|p2a: Sharpedo
|-end|p2a: Sharpedo|Substitute
|
|-boost|p2a: Sharpedo|spe|1|[from] ability: Speed Boost
|turn|15
|
|detailschange|p2a: Sharpedo|Sharpedo-Mega, F
|-mega|p2a: Sharpedo|Sharpedo|Sharpedonite
|move|p2a: Sharpedo|Substitute|p2a: Sharpedo
|-start|p2a: Sharpedo|Substitute
|-damage|p2a: Sharpedo|71\/281
|move|p1a: Reuniclus|Focus Blast|p2a: Sharpedo|[miss]
|-miss|p1a: Reuniclus|p2a: Sharpedo
|
|turn|16
|
|move|p2a: Sharpedo|Crunch|p1a: Reuniclus
|-supereffective|p1a: Reuniclus
|-damage|p1a: Reuniclus|0 fnt
|faint|p1a: Reuniclus
|
|
|switch|p1a: Hydreigon|Hydreigon, M|262\/262
|-damage|p1a: Hydreigon|230\/262|[from] Stealth Rock
|turn|17
|
|move|p2a: Sharpedo|Waterfall|p1a: Hydreigon
|replace|p1a: Zoroark|Zoroark, M|230\/262
|-damage|p1a: Zoroark|0 fnt
|faint|p1a: Zoroark
|
|
|switch|p1a: Liepard|Liepard, F, shiny|269\/269
|-damage|p1a: Liepard|236\/269|[from] Stealth Rock
|turn|18
|
|move|p1a: Liepard|Fake Out|p2a: Sharpedo
|-activate|p2a: Sharpedo|Substitute|[damage]
|-damage|p1a: Liepard|210\/269|[from] item: Life Orb
|move|p2a: Sharpedo|Waterfall|p1a: Liepard
|-damage|p1a: Liepard|0 fnt
|faint|p1a: Liepard
|
|-message|Daud's High Priest forfeited.
|leave|Daud's High Priest
|
|win|Un-Doge
|raw|Ladder updating...
|player|p1
|raw|Daud&apos;s High Priest's rating: 1237 &rarr; <strong>1223<\/strong><br \/>(-14 for losing)
|raw|Un-Doge's rating: 1388 &rarr; <strong>1400<\/strong><br \/>(+12 for winning)