|join|indian hedgehog
|join|Zuccherino
|player|p1|indian hedgehog|1
|player|p2|Zuccherino|156
|gametype|singles
|gen|6
|tier|OU (suspect test)
|rated
|clearpoke
|poke|p1|Metagross
|poke|p1|Crawdaunt, F
|poke|p1|Thundurus, M
|poke|p1|Rotom-Wash
|poke|p1|Landorus-Therian, M
|poke|p1|Clefable, F
|poke|p2|Diancie
|poke|p2|Heracross, M
|poke|p2|Cofagrigus, F
|poke|p2|Victini
|poke|p2|Crawdaunt, F
|poke|p2|Cresselia, F
|rule|Swagger Clause: Swagger is banned
|rule|Baton Pass Clause: Limit one PokÃ©mon knowing Baton Pass
|rule|Sleep Clause Mod: Limit one foe put to sleep
|rule|Species Clause: Limit one of each PokÃ©mon
|rule|OHKO Clause: OHKO moves are banned
|rule|Moody Clause: Moody is banned
|rule|Evasion Moves Clause: Evasion moves are banned
|rule|Endless Battle Clause: Forcing endless battles is banned
|rule|HP Percentage Mod: HP is shown in percentages
|teampreview
|
|start
|switch|p1a: Landorus-Therian|Landorus-Therian, M|382\/382
|switch|p2a: Diancie|Diancie|304\/304
|-ability|p1a: Landorus-Therian|Intimidate|[of] p2a: Diancie
|-fail|p2a: Diancie|unboost|[from] ability: Clear Body|[of] p2a: Diancie
|turn|1
|
|move|p1a: Landorus-Therian|Earthquake|p2a: Diancie
|-supereffective|p2a: Diancie
|-damage|p2a: Diancie|140\/304
|move|p2a: Diancie|Trick Room|p2a: Diancie
|-fieldstart|move: Trick Room|[of] p2a: Diancie
|
|turn|2
|
|move|p2a: Diancie|Stealth Rock|p1a: Landorus-Therian
|-sidestart|p1: indian hedgehog|move: Stealth Rock
|move|p1a: Landorus-Therian|Stealth Rock|p2a: Diancie
|-sidestart|p2: Zuccherino|move: Stealth Rock
|
|turn|3
|
|move|p2a: Diancie|Explosion|p1a: Landorus-Therian
|-damage|p1a: Landorus-Therian|232\/382
|faint|p2a: Diancie
|move|p1a: Landorus-Therian|Knock Off|p2: Diancie|[notarget]
|-notarget
|
|-heal|p1a: Landorus-Therian|255\/382|[from] item: Leftovers
|
|switch|p2a: Crawdaunt|Crawdaunt, F|330\/330
|-damage|p2a: Crawdaunt|289\/330|[from] Stealth Rock
|turn|4
|
|switch|p1a: Rotom-Wash|Rotom-Wash|304\/304
|-damage|p1a: Rotom-Wash|266\/304|[from] Stealth Rock
|move|p2a: Crawdaunt|Knock Off|p1a: Rotom-Wash
|-damage|p1a: Rotom-Wash|0 fnt
|-enditem|p1a: Rotom-Wash|Leftovers|[from] move: Knock Off|[of] p2a: Crawdaunt
|-damage|p2a: Crawdaunt|256\/330|[from] item: Life Orb
|faint|p1a: Rotom-Wash
|
|
|switch|p1a: Landorus-Therian|Landorus-Therian, M|255\/382
|-damage|p1a: Landorus-Therian|208\/382|[from] Stealth Rock
|-ability|p1a: Landorus-Therian|Intimidate|[of] p2a: Crawdaunt
|-unboost|p2a: Crawdaunt|atk|1
|turn|5
|
|move|p2a: Crawdaunt|Crabhammer|p1a: Landorus-Therian
|-supereffective|p1a: Landorus-Therian
|-damage|p1a: Landorus-Therian|0 fnt
|-damage|p2a: Crawdaunt|223\/330|[from] item: Life Orb
|faint|p1a: Landorus-Therian
|
|-fieldend|move: Trick Room
|
|switch|p1a: Thundurus|Thundurus, M|299\/299
|-damage|p1a: Thundurus|225\/299|[from] Stealth Rock
|turn|6
|
|move|p2a: Crawdaunt|Aqua Jet|p1a: Thundurus
|-damage|p1a: Thundurus|100\/299
|-damage|p2a: Crawdaunt|190\/330|[from] item: Life Orb
|move|p1a: Thundurus|Volt Switch|p2a: Crawdaunt
|-supereffective|p2a: Crawdaunt
|-damage|p2a: Crawdaunt|0 fnt
|faint|p2a: Crawdaunt
|
|switch|p1a: Crawdaunt|Crawdaunt, F|267\/267
|-damage|p1a: Crawdaunt|234\/267|[from] Stealth Rock
|
|
|switch|p2a: Heracross|Heracross, M|363\/363
|-damage|p2a: Heracross|318\/363|[from] Stealth Rock
|turn|7
|
|switch|p1a: Clefable|Clefable, F|394\/394
|detailschange|p2a: Heracross|Heracross-Mega, M
|-mega|p2a: Heracross|Heracross|Heracronite
|move|p2a: Heracross|Pin Missile|p1a: Clefable
|-resisted|p1a: Clefable
|-damage|p1a: Clefable|365\/394
|-resisted|p1a: Clefable
|-damage|p1a: Clefable|337\/394
|-resisted|p1a: Clefable
|-damage|p1a: Clefable|307\/394
|-resisted|p1a: Clefable
|-damage|p1a: Clefable|275\/394
|-resisted|p1a: Clefable
|-damage|p1a: Clefable|245\/394
|-hitcount|p1a: Clefable|5
|
|-heal|p1a: Clefable|269\/394|[from] item: Leftovers
|turn|8
|
|switch|p2a: Victini|Victini|404\/404
|-damage|p2a: Victini|303\/404|[from] Stealth Rock
|move|p1a: Clefable|Calm Mind|p1a: Clefable
|-boost|p1a: Clefable|spa|1
|-boost|p1a: Clefable|spd|1
|
|-heal|p1a: Clefable|293\/394|[from] item: Leftovers
|turn|9
|
|move|p1a: Clefable|Moonblast|p2a: Victini
|-resisted|p2a: Victini
|-damage|p2a: Victini|222\/404
|move|p2a: Victini|Trick Room|p2a: Victini
|-fieldstart|move: Trick Room|[of] p2a: Victini
|
|-heal|p1a: Clefable|317\/394|[from] item: Leftovers
|turn|10
|
|move|p1a: Clefable|Moonblast|p2a: Victini
|-resisted|p2a: Victini
|-damage|p2a: Victini|149\/404
|-unboost|p2a: Victini|spa|1
|move|p2a: Victini|V-create|p1a: Clefable
|-crit|p1a: Clefable
|-damage|p1a: Clefable|0 fnt
|-unboost|p2a: Victini|def|1
|-unboost|p2a: Victini|spd|1
|-unboost|p2a: Victini|spe|1
|faint|p1a: Clefable
|
|
|switch|p1a: Crawdaunt|Crawdaunt, F|234\/267
|-damage|p1a: Crawdaunt|201\/267|[from] Stealth Rock
|turn|11
|
|switch|p2a: Cofagrigus|Cofagrigus, F|319\/319
|-damage|p2a: Cofagrigus|280\/319|[from] Stealth Rock
|move|p1a: Crawdaunt|Aqua Jet|p2a: Cofagrigus
|-crit|p2a: Cofagrigus
|-damage|p2a: Cofagrigus|132\/319
|-endability|p1a: Crawdaunt|adaptability|[from] Mummy
|-ability|p1a: Crawdaunt|Mummy|[from] Mummy
|-damage|p1a: Crawdaunt|175\/267|[from] item: Life Orb
|
|-heal|p2a: Cofagrigus|151\/319|[from] item: Leftovers
|turn|12
|
|switch|p1a: Thundurus|Thundurus, M|100\/299
|-damage|p1a: Thundurus|26\/299|[from] Stealth Rock
|move|p2a: Cofagrigus|Will-O-Wisp|p1a: Thundurus
|-status|p1a: Thundurus|brn
|
|-heal|p2a: Cofagrigus|170\/319|[from] item: Leftovers
|-heal|p1a: Thundurus|44\/299 brn|[from] item: Leftovers
|-damage|p1a: Thundurus|7\/299 brn|[from] brn
|turn|13
|
|move|p2a: Cofagrigus|Shadow Ball|p1a: Thundurus
|-damage|p1a: Thundurus|0 fnt
|faint|p1a: Thundurus
|
|-heal|p2a: Cofagrigus|189\/319|[from] item: Leftovers
|-fieldend|move: Trick Room
|
|switch|p1a: Crawdaunt|Crawdaunt, F|175\/267
|-damage|p1a: Crawdaunt|142\/267|[from] Stealth Rock
|turn|14
|
|move|p1a: Crawdaunt|Knock Off|p2a: Cofagrigus
|-supereffective|p2a: Cofagrigus
|-damage|p2a: Cofagrigus|0 fnt
|-endability|p1a: Crawdaunt|adaptability|[from] Mummy
|-ability|p1a: Crawdaunt|Mummy|[from] Mummy
|-enditem|p2a: Cofagrigus|Leftovers|[from] move: Knock Off|[of] p1a: Crawdaunt
|-damage|p1a: Crawdaunt|116\/267|[from] item: Life Orb
|faint|p2a: Cofagrigus
|
|
|switch|p2a: Cresselia|Cresselia, F|443\/443
|-damage|p2a: Cresselia|388\/443|[from] Stealth Rock
|turn|15
|
|move|p1a: Crawdaunt|Knock Off|p2a: Cresselia
|-supereffective|p2a: Cresselia
|-damage|p2a: Cresselia|89\/443
|-enditem|p2a: Cresselia|Leftovers|[from] move: Knock Off|[of] p1a: Crawdaunt
|-damage|p1a: Crawdaunt|90\/267|[from] item: Life Orb
|move|p2a: Cresselia|Trick Room|p2a: Cresselia
|-fieldstart|move: Trick Room|[of] p2a: Cresselia
|
|turn|16
|
|switch|p1a: Metagross|Metagross|345\/345
|-damage|p1a: Metagross|324\/345|[from] Stealth Rock
|move|p2a: Cresselia|Lunar Dance|p2a: Cresselia
|faint|p2a: Cresselia
|
|
|switch|p2a: Victini|Victini|149\/404
|-heal|p2a: Victini|404\/404|[from] move: Lunar Dance
|-damage|p2a: Victini|303\/404|[from] Stealth Rock
|turn|17
|
|detailschange|p1a: Metagross|Metagross-Mega
|-mega|p1a: Metagross|Metagross|Metagrossite
|move|p2a: Victini|V-create|p1a: Metagross
|-supereffective|p1a: Metagross
|-damage|p1a: Metagross|0 fnt
|-unboost|p2a: Victini|def|1
|-unboost|p2a: Victini|spd|1
|-unboost|p2a: Victini|spe|1
|faint|p1a: Metagross
|
|
|switch|p1a: Crawdaunt|Crawdaunt, F|90\/267
|-damage|p1a: Crawdaunt|57\/267|[from] Stealth Rock
|turn|18
|
|move|p1a: Crawdaunt|Aqua Jet|p2a: Victini
|-supereffective|p2a: Victini
|-damage|p2a: Victini|0 fnt
|-damage|p1a: Crawdaunt|31\/267|[from] item: Life Orb
|faint|p2a: Victini
|
|
|switch|p2a: Heracross|Heracross-Mega, M|318\/363
|-damage|p2a: Heracross|273\/363|[from] Stealth Rock
|turn|19
|
|move|p1a: Crawdaunt|Aqua Jet|p2a: Heracross
|-crit|p2a: Heracross
|-damage|p2a: Heracross|109\/363
|-damage|p1a: Crawdaunt|5\/267|[from] item: Life Orb
|move|p2a: Heracross|Bullet Seed|p1a: Crawdaunt
|-supereffective|p1a: Crawdaunt
|-damage|p1a: Crawdaunt|0 fnt
|-hitcount|p1a: Crawdaunt|1
|faint|p1a: Crawdaunt
|
|win|Zuccherino
|raw|Ladder updating...
|raw|indian hedgehog's rating: 1530 &rarr; <strong>1504<\/strong><br \/>(-26 for losing)
|raw|Zuccherino's rating: 1427 &rarr; <strong>1453<\/strong><br \/>(+26 for winning)
|c|âZuccherino|gg
|leave|indian hedgehog
|player|p1