|join|GuglioM
|join|indian hedgehog
|player|p1|GuglioM|264
|player|p2|indian hedgehog|170
|gametype|singles
|gen|6
|tier|OU (suspect test)
|rated
|clearpoke
|poke|p1|Latias, F
|poke|p1|Conkeldurr, M
|poke|p1|Gengar, M
|poke|p1|Landorus-Therian, M
|poke|p1|Heatran, F
|poke|p1|Gyarados, M
|poke|p2|Metagross
|poke|p2|Crawdaunt, F
|poke|p2|Thundurus, M
|poke|p2|Rotom-Wash
|poke|p2|Landorus-Therian, M
|poke|p2|Clefable, F
|rule|Swagger Clause: Swagger is banned
|rule|Baton Pass Clause: Limit one PokÃ©mon knowing Baton Pass
|rule|Sleep Clause Mod: Limit one foe put to sleep
|rule|Species Clause: Limit one of each PokÃ©mon
|rule|OHKO Clause: OHKO moves are banned
|rule|Moody Clause: Moody is banned
|rule|Evasion Moves Clause: Evasion moves are banned
|rule|Endless Battle Clause: Forcing endless battles is banned
|rule|HP Percentage Mod: HP is shown in percentages
|teampreview
|
|start
|switch|p1a: Heatran|Heatran, F|385\/385
|switch|p2a: Rotom-Wash|Rotom-Wash|304\/304
|turn|1
|
|move|p2a: Rotom-Wash|Hydro Pump|p1a: Heatran
|-supereffective|p1a: Heatran
|-damage|p1a: Heatran|161\/385
|move|p1a: Heatran|Stealth Rock|p2a: Rotom-Wash
|-sidestart|p2: indian hedgehog|move: Stealth Rock
|
|-heal|p1a: Heatran|185\/385|[from] item: Leftovers
|turn|2
|
|switch|p1a: Latias|Latias, F|319\/319
|move|p2a: Rotom-Wash|Volt Switch|p1a: Latias
|-resisted|p1a: Latias
|-damage|p1a: Latias|282\/319
|
|switch|p2a: Clefable|Clefable, F|394\/394
|
|turn|3
|
|switch|p2a: Crawdaunt|Crawdaunt, F|267\/267
|-damage|p2a: Crawdaunt|234\/267|[from] Stealth Rock
|move|p1a: Latias|Psyshock|p2a: Crawdaunt
|-immune|p2a: Crawdaunt|[msg]
|
|turn|4
|
|switch|p2a: Clefable|Clefable, F|394\/394
|move|p1a: Latias|Draco Meteor|p2a: Clefable
|-immune|p2a: Clefable|[msg]
|
|turn|5
|
|move|p1a: Latias|Psyshock|p2a: Clefable
|-damage|p2a: Clefable|241\/394
|-damage|p1a: Latias|251\/319|[from] item: Life Orb
|move|p2a: Clefable|Moonblast|p1a: Latias
|-supereffective|p1a: Latias
|-damage|p1a: Latias|87\/319
|-unboost|p1a: Latias|spa|1
|
|-heal|p2a: Clefable|265\/394|[from] item: Leftovers
|turn|6
|
|switch|p1a: Gengar|Gengar, M|262\/262
|move|p2a: Clefable|Soft-Boiled|p2a: Clefable
|-heal|p2a: Clefable|394\/394
|
|turn|7
|
|switch|p2a: Rotom-Wash|Rotom-Wash|304\/304
|-damage|p2a: Rotom-Wash|266\/304|[from] Stealth Rock
|move|p1a: Gengar|Sludge Wave|p2a: Rotom-Wash
|-damage|p2a: Rotom-Wash|110\/304
|-damage|p1a: Gengar|236\/262|[from] item: Life Orb
|
|-heal|p2a: Rotom-Wash|129\/304|[from] item: Leftovers
|turn|8
|
|move|p1a: Gengar|Shadow Ball|p2a: Rotom-Wash
|-damage|p2a: Rotom-Wash|0 fnt
|-damage|p1a: Gengar|210\/262|[from] item: Life Orb
|faint|p2a: Rotom-Wash
|
|
|switch|p2a: Thundurus|Thundurus, M|299\/299
|-damage|p2a: Thundurus|225\/299|[from] Stealth Rock
|turn|9
|
|switch|p1a: Latias|Latias, F|87\/319
|move|p2a: Thundurus|Thunderbolt|p1a: Latias
|-resisted|p1a: Latias
|-damage|p1a: Latias|22\/319
|
|-heal|p2a: Thundurus|243\/299|[from] item: Leftovers
|turn|10
|
|move|p2a: Thundurus|Hidden Power|p1a: Latias
|-supereffective|p1a: Latias
|-damage|p1a: Latias|0 fnt
|faint|p1a: Latias
|
|-heal|p2a: Thundurus|261\/299|[from] item: Leftovers
|
|switch|p1a: Conkeldurr|Conkeldurr, M|414\/414
|turn|11
|
|move|p2a: Thundurus|Volt Switch|p1a: Conkeldurr
|-damage|p1a: Conkeldurr|302\/414
|
|switch|p2a: Landorus-Therian|Landorus-Therian, M|382\/382
|-damage|p2a: Landorus-Therian|335\/382|[from] Stealth Rock
|-ability|p2a: Landorus-Therian|Intimidate|[of] p1a: Conkeldurr
|-unboost|p1a: Conkeldurr|atk|1
|move|p1a: Conkeldurr|Ice Punch|p2a: Landorus-Therian
|-supereffective|p2a: Landorus-Therian
|-damage|p2a: Landorus-Therian|107\/382
|
|-heal|p2a: Landorus-Therian|130\/382|[from] item: Leftovers
|turn|12
|
|switch|p1a: Landorus-Therian|Landorus-Therian, M|319\/319
|-ability|p1a: Landorus-Therian|Intimidate|[of] p2a: Landorus-Therian
|-unboost|p2a: Landorus-Therian|atk|1
|move|p2a: Landorus-Therian|Stealth Rock|p1a: Landorus-Therian
|-sidestart|p1: GuglioM|move: Stealth Rock
|
|-heal|p2a: Landorus-Therian|153\/382|[from] item: Leftovers
|turn|13
|
|move|p1a: Landorus-Therian|U-turn|p2a: Landorus-Therian
|-resisted|p2a: Landorus-Therian
|-damage|p2a: Landorus-Therian|119\/382
|
|switch|p1a: Gyarados|Gyarados, M|337\/337
|-damage|p1a: Gyarados|253\/337|[from] Stealth Rock
|-ability|p1a: Gyarados|Intimidate|[of] p2a: Landorus-Therian
|-unboost|p2a: Landorus-Therian|atk|1
|move|p2a: Landorus-Therian|U-turn|p1a: Gyarados
|-resisted|p1a: Gyarados
|-damage|p1a: Gyarados|230\/337
|
|switch|p2a: Thundurus|Thundurus, M|261\/299
|-damage|p2a: Thundurus|187\/299|[from] Stealth Rock
|
|-heal|p2a: Thundurus|205\/299|[from] item: Leftovers
|turn|14
|
|switch|p1a: Landorus-Therian|Landorus-Therian, M|319\/319
|-damage|p1a: Landorus-Therian|280\/319|[from] Stealth Rock
|-ability|p1a: Landorus-Therian|Intimidate|[of] p2a: Thundurus
|-unboost|p2a: Thundurus|atk|1
|move|p2a: Thundurus|Hidden Power|p1a: Landorus-Therian
|-supereffective|p1a: Landorus-Therian
|-damage|p1a: Landorus-Therian|0 fnt
|faint|p1a: Landorus-Therian
|
|-heal|p2a: Thundurus|223\/299|[from] item: Leftovers
|
|switch|p1a: Conkeldurr|Conkeldurr, M|302\/414
|-damage|p1a: Conkeldurr|277\/414|[from] Stealth Rock
|turn|15
|
|move|p2a: Thundurus|Volt Switch|p1a: Conkeldurr
|-damage|p1a: Conkeldurr|160\/414
|
|switch|p2a: Landorus-Therian|Landorus-Therian, M|119\/382
|-damage|p2a: Landorus-Therian|72\/382|[from] Stealth Rock
|-ability|p2a: Landorus-Therian|Intimidate|[of] p1a: Conkeldurr
|-unboost|p1a: Conkeldurr|atk|1
|move|p1a: Conkeldurr|Ice Punch|p2a: Landorus-Therian
|-supereffective|p2a: Landorus-Therian
|-damage|p2a: Landorus-Therian|0 fnt
|faint|p2a: Landorus-Therian
|
|
|switch|p2a: Metagross|Metagross|345\/345
|-damage|p2a: Metagross|324\/345|[from] Stealth Rock
|turn|16
|
|switch|p1a: Heatran|Heatran, F|185\/385
|-damage|p1a: Heatran|137\/385|[from] Stealth Rock
|detailschange|p2a: Metagross|Metagross-Mega
|-mega|p2a: Metagross|Metagross|Metagrossite
|move|p2a: Metagross|Agility|p2a: Metagross
|-boost|p2a: Metagross|spe|2
|
|-heal|p1a: Heatran|161\/385|[from] item: Leftovers
|turn|17
|
|move|p2a: Metagross|Earthquake|p1a: Heatran
|-supereffective|p1a: Heatran
|-damage|p1a: Heatran|0 fnt
|faint|p1a: Heatran
|
|
|switch|p1a: Gyarados|Gyarados, M|230\/337
|-damage|p1a: Gyarados|146\/337|[from] Stealth Rock
|-ability|p1a: Gyarados|Intimidate|[of] p2a: Metagross
|-unboost|p2a: Metagross|atk|1
|turn|18
|
|detailschange|p1a: Gyarados|Gyarados-Mega, M
|-mega|p1a: Gyarados|Gyarados|Gyaradosite
|-ability|p1a: Gyarados|Mold Breaker
|move|p2a: Metagross|Earthquake|p1a: Gyarados
|-damage|p1a: Gyarados|64\/337
|move|p1a: Gyarados|Substitute|p1a: Gyarados
|-fail|p1a: Gyarados|move: Substitute|[weak]
|
|turn|19
|
|switch|p1a: Gengar|Gengar, M|210\/262
|-damage|p1a: Gengar|178\/262|[from] Stealth Rock
|move|p2a: Metagross|Earthquake|p1a: Gengar
|-immune|p1a: Gengar|[msg]
|
|turn|20
|
|move|p2a: Metagross|Zen Headbutt|p1a: Gengar
|-supereffective|p1a: Gengar
|-damage|p1a: Gengar|0 fnt
|faint|p1a: Gengar
|
|
|switch|p1a: Conkeldurr|Conkeldurr, M|160\/414
|-damage|p1a: Conkeldurr|135\/414|[from] Stealth Rock
|turn|21
|c|âindian hedgehog|gg
|
|move|p2a: Metagross|Zen Headbutt|p1a: Conkeldurr
|-supereffective|p1a: Conkeldurr
|-damage|p1a: Conkeldurr|0 fnt
|faint|p1a: Conkeldurr
|
|
|switch|p1a: Gyarados|Gyarados-Mega, M|64\/337
|-damage|p1a: Gyarados|22\/337|[from] Stealth Rock
|-ability|p1a: Gyarados|Mold Breaker
|turn|22
|
|move|p2a: Metagross|Earthquake|p1a: Gyarados
|-damage|p1a: Gyarados|0 fnt
|faint|p1a: Gyarados
|
|win|indian hedgehog
|raw|Ladder updating...
|raw|GuglioM's rating: 1271 &rarr; <strong>1252<\/strong><br \/>(-19 for losing)
|raw|indian hedgehog's rating: 1351 &rarr; <strong>1366<\/strong><br \/>(+15 for winning)
|leave|GuglioM
|player|p1