|join|lil manaphy
|join|beardy superman
|player|p1|lil manaphy|8
|player|p2|beardy superman|265
|gametype|singles
|gen|6
|tier|OU
|rated
|clearpoke
|poke|p1|Lopunny, F
|poke|p1|Rotom-Wash
|poke|p1|Gothitelle, F
|poke|p1|Mandibuzz, F
|poke|p1|Heatran, M
|poke|p1|Celebi
|poke|p2|Metagross
|poke|p2|Keldeo
|poke|p2|Talonflame, M
|poke|p2|Rotom-Wash
|poke|p2|Landorus-Therian, M
|poke|p2|Mew
|rule|Swagger Clause: Swagger is banned
|rule|Baton Pass Clause: Limit one PokÃ©mon knowing Baton Pass
|rule|Sleep Clause Mod: Limit one foe put to sleep
|rule|Species Clause: Limit one of each PokÃ©mon
|rule|OHKO Clause: OHKO moves are banned
|rule|Moody Clause: Moody is banned
|rule|Evasion Moves Clause: Evasion moves are banned
|rule|Endless Battle Clause: Forcing endless battles is banned
|rule|HP Percentage Mod: HP is shown in percentages
|teampreview
|
|start
|switch|p1a: Rotom-Wash|Rotom-Wash|303\/303
|switch|p2a: Rotom-Wash|Rotom-Wash|304\/304
|turn|1
|
|switch|p1a: Celebi|Celebi|404\/404
|move|p2a: Rotom-Wash|Volt Switch|p1a: Celebi
|-resisted|p1a: Celebi
|-damage|p1a: Celebi|371\/404
|
|switch|p2a: Talonflame|Talonflame, M|297\/297
|
|-heal|p1a: Celebi|396\/404|[from] item: Leftovers
|turn|2
|
|switch|p1a: Heatran|Heatran, M|386\/386
|move|p2a: Talonflame|U-turn|p1a: Heatran
|-resisted|p1a: Heatran
|-damage|p1a: Heatran|364\/386
|
|switch|p2a: Keldeo|Keldeo|323\/323
|
|-heal|p1a: Heatran|386\/386|[from] item: Leftovers
|turn|3
|
|switch|p2a: Talonflame|Talonflame, M|297\/297
|move|p1a: Heatran|Protect|p1a: Heatran
|-fail|p1a: Heatran
|
|turn|4
|
|move|p2a: Talonflame|U-turn|p1a: Heatran
|-resisted|p1a: Heatran
|-damage|p1a: Heatran|362\/386
|
|switch|p2a: Mew|Mew|404\/404
|move|p1a: Heatran|Stealth Rock|p2a: Mew
|-sidestart|p2: beardy superman|move: Stealth Rock
|
|-heal|p1a: Heatran|386\/386|[from] item: Leftovers
|turn|5
|
|move|p2a: Mew|Defog|p1a: Heatran
|-unboost|p1a: Heatran|evasion|1
|-sideend|p2: beardy superman|Stealth Rock|[from] move: Defog|[of] p2a: Mew
|move|p1a: Heatran|Toxic|p2a: Mew
|-status|p2a: Mew|tox
|
|-damage|p2a: Mew|379\/404 tox|[from] psn
|turn|6
|
|move|p2a: Mew|Taunt|p1a: Heatran
|-start|p1a: Heatran|move: Taunt
|cant|p1a: Heatran|move: Taunt|Stealth Rock
|
|-heal|p2a: Mew|404\/404 tox|[from] item: Leftovers
|-damage|p2a: Mew|354\/404 tox|[from] psn
|turn|7
|
|move|p2a: Mew|Stealth Rock|p1a: Heatran
|-sidestart|p1: lil manaphy|move: Stealth Rock
|move|p1a: Heatran|Lava Plume|p2a: Mew
|-damage|p2a: Mew|231\/404 tox
|
|-heal|p2a: Mew|256\/404 tox|[from] item: Leftovers
|-damage|p2a: Mew|181\/404 tox|[from] psn
|turn|8
|
|switch|p2a: Rotom-Wash|Rotom-Wash|304\/304
|move|p1a: Heatran|Lava Plume|p2a: Rotom-Wash
|-resisted|p2a: Rotom-Wash
|-damage|p2a: Rotom-Wash|249\/304
|
|-heal|p2a: Rotom-Wash|268\/304|[from] item: Leftovers
|-end|p1a: Heatran|move: Taunt
|turn|9
|
|move|p2a: Rotom-Wash|Hydro Pump|p1a: Heatran
|-supereffective|p1a: Heatran
|-damage|p1a: Heatran|192\/386
|move|p1a: Heatran|Stealth Rock|p2a: Rotom-Wash
|-sidestart|p2: beardy superman|move: Stealth Rock
|
|-heal|p2a: Rotom-Wash|287\/304|[from] item: Leftovers
|-heal|p1a: Heatran|216\/386|[from] item: Leftovers
|turn|10
|
|move|p1a: Heatran|Protect|p1a: Heatran
|-singleturn|p1a: Heatran|Protect
|move|p2a: Rotom-Wash|Hydro Pump|p1a: Heatran
|-activate|p1a: Heatran|Protect
|
|-heal|p2a: Rotom-Wash|304\/304|[from] item: Leftovers
|-heal|p1a: Heatran|240\/386|[from] item: Leftovers
|turn|11
|
|switch|p1a: Celebi|Celebi|396\/404
|-damage|p1a: Celebi|346\/404|[from] Stealth Rock
|move|p2a: Rotom-Wash|Volt Switch|p1a: Celebi
|-resisted|p1a: Celebi
|-damage|p1a: Celebi|316\/404
|
|switch|p2a: Talonflame|Talonflame, M|297\/297
|-damage|p2a: Talonflame|149\/297|[from] Stealth Rock
|
|-heal|p1a: Celebi|341\/404|[from] item: Leftovers
|turn|12
|
|switch|p1a: Heatran|Heatran, M|240\/386
|-damage|p1a: Heatran|192\/386|[from] Stealth Rock
|move|p2a: Talonflame|U-turn|p1a: Heatran
|-resisted|p1a: Heatran
|-damage|p1a: Heatran|168\/386
|
|switch|p2a: Mew|Mew|181\/404 tox
|-damage|p2a: Mew|131\/404 tox|[from] Stealth Rock
|
|-heal|p2a: Mew|156\/404 tox|[from] item: Leftovers
|-heal|p1a: Heatran|192\/386|[from] item: Leftovers
|-damage|p2a: Mew|131\/404 tox|[from] psn
|turn|13
|
|switch|p1a: Gothitelle|Gothitelle, F|301\/301
|-damage|p1a: Gothitelle|264\/301|[from] Stealth Rock
|move|p2a: Mew|Defog|p1a: Gothitelle
|-unboost|p1a: Gothitelle|evasion|1
|-sideend|p1: lil manaphy|Stealth Rock|[from] move: Defog|[of] p1a: Gothitelle
|-sideend|p2: beardy superman|Stealth Rock|[from] move: Defog|[of] p2a: Mew
|
|-heal|p2a: Mew|156\/404 tox|[from] item: Leftovers
|-damage|p2a: Mew|106\/404 tox|[from] psn
|turn|14
|
|move|p1a: Gothitelle|Trick|p2a: Mew
|-activate|p1a: Gothitelle|move: Trick|[of] p2a: Mew
|-item|p2a: Mew|Choice Scarf|[from] move: Trick
|-item|p1a: Gothitelle|Leftovers|[from] move: Trick
|move|p2a: Mew|Taunt|p1a: Gothitelle
|-start|p1a: Gothitelle|move: Taunt
|
|-heal|p1a: Gothitelle|282\/301|[from] item: Leftovers
|-damage|p2a: Mew|31\/404 tox|[from] psn
|turn|15
|
|switch|p1a: Lopunny|Lopunny, F|271\/271
|move|p2a: Mew|Taunt|p1a: Lopunny
|-start|p1a: Lopunny|move: Taunt
|
|-damage|p2a: Mew|0 fnt|[from] psn
|faint|p2a: Mew
|
|switch|p2a: Rotom-Wash|Rotom-Wash|304\/304
|turn|16
|
|detailschange|p1a: Lopunny|Lopunny-Mega, F
|message|Lopunny has Mega Evolved into Mega Lopunny!
|move|p1a: Lopunny|Fake Out|p2a: Rotom-Wash
|-damage|p2a: Rotom-Wash|249\/304
|cant|p2a: Rotom-Wash|flinch
|
|-heal|p2a: Rotom-Wash|268\/304|[from] item: Leftovers
|turn|17
|
|switch|p1a: Celebi|Celebi|341\/404
|move|p2a: Rotom-Wash|Hydro Pump|p1a: Celebi
|-resisted|p1a: Celebi
|-damage|p1a: Celebi|295\/404
|
|-heal|p1a: Celebi|320\/404|[from] item: Leftovers
|-heal|p2a: Rotom-Wash|287\/304|[from] item: Leftovers
|turn|18
|
|move|p1a: Celebi|Giga Drain|p2a: Rotom-Wash
|-supereffective|p2a: Rotom-Wash
|-damage|p2a: Rotom-Wash|123\/304
|-heal|p1a: Celebi|402\/404|[from] drain|[of] p2a: Rotom-Wash
|move|p2a: Rotom-Wash|Volt Switch|p1a: Celebi
|-crit|p1a: Celebi
|-resisted|p1a: Celebi
|-damage|p1a: Celebi|352\/404
|
|switch|p2a: Metagross|Metagross|301\/301
|
|-heal|p1a: Celebi|377\/404|[from] item: Leftovers
|turn|19
|
|switch|p1a: Mandibuzz|Mandibuzz, F|424\/424
|detailschange|p2a: Metagross|Metagross-Mega
|message|Metagross has Mega Evolved into Mega Metagross!
|move|p2a: Metagross|Ice Punch|p1a: Mandibuzz
|-supereffective|p1a: Mandibuzz
|-damage|p1a: Mandibuzz|232\/424
|
|-heal|p1a: Mandibuzz|258\/424|[from] item: Leftovers
|turn|20
|
|switch|p2a: Keldeo|Keldeo|323\/323
|move|p1a: Mandibuzz|Roost|p1a: Mandibuzz
|-heal|p1a: Mandibuzz|424\/424
|
|turn|21
|
|switch|p1a: Celebi|Celebi|377\/404
|move|p2a: Keldeo|Substitute|p2a: Keldeo
|-start|p2a: Keldeo|Substitute
|-damage|p2a: Keldeo|243\/323
|
|-heal|p2a: Keldeo|263\/323|[from] item: Leftovers
|-heal|p1a: Celebi|402\/404|[from] item: Leftovers
|turn|22
|
|move|p2a: Keldeo|Scald|p1a: Celebi
|-resisted|p1a: Celebi
|-damage|p1a: Celebi|352\/404
|move|p1a: Celebi|Giga Drain|p2a: Keldeo
|-supereffective|p2a: Keldeo
|-end|p2a: Keldeo|Substitute
|-heal|p1a: Celebi|392\/404|[from] drain|[of] p2a: Keldeo
|
|-heal|p2a: Keldeo|283\/323|[from] item: Leftovers
|-heal|p1a: Celebi|404\/404|[from] item: Leftovers
|turn|23
|-message|beardy superman forfeited.
|
|win|lil manaphy
|raw|Ladder updating...
|leave|beardy superman
|player|p2
|raw|lil manaphy's rating: 1733 &rarr; <strong>1741<\/strong><br \/>(+8 for winning)
|raw|beardy superman's rating: 1495 &rarr; <strong>1487<\/strong><br \/>(-8 for losing)