|join|WECAMEASROMANS
|join|beardy superman
|player|p1|WECAMEASROMANS|265
|player|p2|beardy superman|266
|gametype|singles
|gen|6
|tier|OU
|rated
|clearpoke
|poke|p1|Metagross
|poke|p1|Crawdaunt, M
|poke|p1|Bisharp, F
|poke|p1|Landorus, M
|poke|p1|Latios, M
|poke|p1|Thundurus, M
|poke|p2|Metagross
|poke|p2|Keldeo
|poke|p2|Talonflame, F
|poke|p2|Rotom-Wash
|poke|p2|Landorus-Therian, M
|poke|p2|Latias, F
|rule|Swagger Clause: Swagger is banned
|rule|Baton Pass Clause: Limit one PokÃ©mon knowing Baton Pass
|rule|Sleep Clause Mod: Limit one foe put to sleep
|rule|Species Clause: Limit one of each PokÃ©mon
|rule|OHKO Clause: OHKO moves are banned
|rule|Moody Clause: Moody is banned
|rule|Evasion Moves Clause: Evasion moves are banned
|rule|Endless Battle Clause: Forcing endless battles is banned
|rule|HP Percentage Mod: HP is shown in percentages
|teampreview
|
|start
|switch|p1a: Thundurus|Thundurus, M|299\/299
|switch|p2a: Latias|Latias, F|301\/301
|turn|1
|
|switch|p1a: Metagross|Metagross|301\/301
|move|p2a: Latias|Draco Meteor|p1a: Metagross
|-resisted|p1a: Metagross
|-damage|p1a: Metagross|150\/301
|-unboost|p2a: Latias|spa|2
|-damage|p2a: Latias|271\/301|[from] item: Life Orb
|
|turn|2
|
|detailschange|p1a: Metagross|Metagross-Mega
|-mega|p1a: Metagross|Metagross|Metagrossite
|move|p2a: Latias|Earthquake|p1a: Metagross
|-supereffective|p1a: Metagross
|-damage|p1a: Metagross|36\/301
|-damage|p2a: Latias|241\/301|[from] item: Life Orb
|move|p1a: Metagross|Zen Headbutt|p2a: Latias
|-resisted|p2a: Latias
|-damage|p2a: Latias|119\/301
|
|turn|3
|
|switch|p2a: Landorus-Therian|Landorus-Therian, M|381\/381
|-ability|p2a: Landorus-Therian|Intimidate|[of] p1a: Metagross
|-unboost|p1a: Metagross|atk|1
|switch|p1a: Landorus|Landorus, M|319\/319
|
|turn|4
|
|move|p1a: Landorus|Stealth Rock|p2a: Landorus-Therian
|-sidestart|p2: beardy superman|move: Stealth Rock
|move|p2a: Landorus-Therian|Stealth Rock|p1a: Landorus
|-sidestart|p1: WECAMEASROMANS|move: Stealth Rock
|
|turn|5
|
|move|p1a: Landorus|Hidden Power|p2a: Landorus-Therian
|-supereffective|p2a: Landorus-Therian
|-damage|p2a: Landorus-Therian|0 fnt
|-damage|p1a: Landorus|288\/319|[from] item: Life Orb
|faint|p2a: Landorus-Therian
|
|
|switch|p2a: Latias|Latias, F|119\/301
|-damage|p2a: Latias|82\/301|[from] Stealth Rock
|turn|6
|
|move|p2a: Latias|Draco Meteor|p1a: Landorus
|-crit|p1a: Landorus
|-damage|p1a: Landorus|0 fnt
|-unboost|p2a: Latias|spa|2
|-damage|p2a: Latias|52\/301|[from] item: Life Orb
|faint|p1a: Landorus
|
|
|switch|p1a: Thundurus|Thundurus, M|299\/299
|-damage|p1a: Thundurus|225\/299|[from] Stealth Rock
|turn|7
|
|move|p1a: Thundurus|Thunderbolt|p2a: Latias
|-resisted|p2a: Latias
|-damage|p2a: Latias|0 fnt
|faint|p2a: Latias
|
|-heal|p1a: Thundurus|243\/299|[from] item: Leftovers
|
|switch|p2a: Metagross|Metagross|301\/301
|-damage|p2a: Metagross|283\/301|[from] Stealth Rock
|turn|8
|join|beppityboopbop
|
|switch|p1a: Bisharp|Bisharp, F|269\/269
|-damage|p1a: Bisharp|253\/269|[from] Stealth Rock
|detailschange|p2a: Metagross|Metagross-Mega
|-mega|p2a: Metagross|Metagross|Metagrossite
|move|p2a: Metagross|Zen Headbutt|p1a: Bisharp
|-immune|p1a: Bisharp|[msg]
|
|turn|9
|join|All Together Now
|
|move|p1a: Bisharp|Sucker Punch|p2a: Metagross
|-supereffective|p2a: Metagross
|-damage|p2a: Metagross|7\/301
|-damage|p1a: Bisharp|227\/269|[from] item: Life Orb
|move|p2a: Metagross|Hammer Arm|p1a: Bisharp
|-supereffective|p1a: Bisharp
|-damage|p1a: Bisharp|0 fnt
|-unboost|p2a: Metagross|spe|1
|faint|p1a: Bisharp
|
|
|switch|p1a: Latios|Latios, M|299\/299
|-damage|p1a: Latios|262\/299|[from] Stealth Rock
|turn|10
|
|move|p2a: Metagross|Bullet Punch|p1a: Latios
|-damage|p1a: Latios|129\/299
|move|p1a: Latios|Psyshock|p2a: Metagross
|-resisted|p2a: Metagross
|-damage|p2a: Metagross|0 fnt
|-damage|p1a: Latios|100\/299|[from] item: Life Orb
|faint|p2a: Metagross
|
|
|switch|p2a: Talonflame|Talonflame, F|297\/297
|-damage|p2a: Talonflame|149\/297|[from] Stealth Rock
|turn|11
|join|lil manaphy
|
|move|p2a: Talonflame|Brave Bird|p1a: Latios
|-damage|p1a: Latios|0 fnt
|-damage|p2a: Talonflame|116\/297|[from] recoil|[of] p1a: Latios
|faint|p1a: Latios
|
|
|switch|p1a: Thundurus|Thundurus, M|243\/299
|-damage|p1a: Thundurus|169\/299|[from] Stealth Rock
|turn|12
|
|move|p2a: Talonflame|Flare Blitz|p1a: Thundurus
|-damage|p1a: Thundurus|0 fnt
|-damage|p2a: Talonflame|60\/297|[from] recoil|[of] p1a: Thundurus
|faint|p1a: Thundurus
|
|
|switch|p1a: Crawdaunt|Crawdaunt, M|267\/267
|-damage|p1a: Crawdaunt|234\/267|[from] Stealth Rock
|turn|13
|join|Squirrelll
|
|move|p2a: Talonflame|Brave Bird|p1a: Crawdaunt
|-damage|p1a: Crawdaunt|35\/267
|-damage|p2a: Talonflame|0 fnt|[from] recoil|[of] p1a: Crawdaunt
|faint|p2a: Talonflame
|move|p1a: Crawdaunt|Aqua Jet|p2: Talonflame|[notarget]
|-notarget
|
|
|switch|p2a: Keldeo|Keldeo|323\/323
|-damage|p2a: Keldeo|303\/323|[from] Stealth Rock
|turn|14
|join|Subtonix
|
|move|p2a: Keldeo|Substitute|p2a: Keldeo
|-start|p2a: Keldeo|Substitute
|-damage|p2a: Keldeo|223\/323
|move|p1a: Crawdaunt|Knock Off|p2a: Keldeo
|-resisted|p2a: Keldeo
|-end|p2a: Keldeo|Substitute
|-damage|p1a: Crawdaunt|9\/267|[from] item: Life Orb
|
|-heal|p2a: Keldeo|243\/323|[from] item: Leftovers
|turn|15
|
|move|p2a: Keldeo|Secret Sword|p1a: Crawdaunt
|-supereffective|p1a: Crawdaunt
|-damage|p1a: Crawdaunt|0 fnt
|faint|p1a: Crawdaunt
|
|-heal|p2a: Keldeo|263\/323|[from] item: Leftovers
|
|switch|p1a: Metagross|Metagross-Mega|36\/301
|-damage|p1a: Metagross|18\/301|[from] Stealth Rock
|turn|16
|leave|Subtonix
|join|Subtonix
|
|move|p1a: Metagross|Zen Headbutt|p2a: Keldeo
|-supereffective|p2a: Keldeo
|-damage|p2a: Keldeo|0 fnt
|faint|p2a: Keldeo
|
|leave|Subtonix
|
|switch|p2a: Rotom-Wash|Rotom-Wash|304\/304
|-damage|p2a: Rotom-Wash|266\/304|[from] Stealth Rock
|turn|17
|
|move|p1a: Metagross|Zen Headbutt|p2a: Rotom-Wash
|-damage|p2a: Rotom-Wash|119\/304
|move|p2a: Rotom-Wash|Volt Switch|p1a: Metagross
|-damage|p1a: Metagross|0 fnt
|faint|p1a: Metagross
|
|win|beardy superman
|raw|Ladder updating...
|raw|WECAMEASROMANS's rating: 1630 &rarr; <strong>1610<\/strong><br \/>(-20 for losing)
|raw|beardy superman's rating: 1635 &rarr; <strong>1655<\/strong><br \/>(+20 for winning)
|leave|WECAMEASROMANS
|join|WECAMEASROMANS
|leave|WECAMEASROMANS
|player|p1