|join|DracoNinja
|join|wts this
|player|p1|DracoNinja|2
|player|p2|wts this|20
|gametype|singles
|gen|6
|tier|OU
|rated
|clearpoke
|poke|p1|Metagross
|poke|p1|Hydreigon, F
|poke|p1|Keldeo
|poke|p1|Landorus-Therian, M
|poke|p1|Rotom-Wash
|poke|p1|Serperior, F
|poke|p2|Gallade, M
|poke|p2|Bisharp, F
|poke|p2|Sylveon, F
|poke|p2|Heatran, F
|poke|p2|Rotom-Wash
|poke|p2|Landorus, M
|rule|Swagger Clause: Swagger is banned
|rule|Baton Pass Clause: Limit one PokÃ©mon knowing Baton Pass
|rule|Sleep Clause Mod: Limit one foe put to sleep
|rule|Species Clause: Limit one of each PokÃ©mon
|rule|OHKO Clause: OHKO moves are banned
|rule|Moody Clause: Moody is banned
|rule|Evasion Moves Clause: Evasion moves are banned
|rule|Endless Battle Clause: Forcing endless battles is banned
|rule|HP Percentage Mod: HP is shown in percentages
|teampreview
|join|daftmau5
|join|Alkov
|c| Alkov|haha
|c| Alkov|john vs draconinja
|c|âwts this|;_;
|c|âwts this|dont say it
|c| daftmau5|rip
|c|âwts this|im testing team
|c| Alkov|exposed
|
|start
|switch|p1a: ZAMROCK|Landorus-Therian, M|357\/357
|switch|p2a: Sylveon|Sylveon, F|391\/391
|-ability|p1a: ZAMROCK|Intimidate|[of] p2a: Sylveon
|-unboost|p2a: Sylveon|atk|1
|turn|1
|
|move|p1a: ZAMROCK|Stealth Rock|p2a: Sylveon
|-sidestart|p2: wts this|move: Stealth Rock
|move|p2a: Sylveon|Hidden Power|p1a: ZAMROCK
|-damage|p1a: ZAMROCK|238\/357
|
|turn|2
|join|NagariHO
|c| Alkov|lol
|c| NagariHO|hey alkov
|c| Alkov|hey nagari n_n
|c| NagariHO|dude my superior team is doing great
|c|âwts this|i did click a cancel button
|c|âwts this|lol
|c| Alkov|ahh thats nice
|c| daftmau5|no reason not to click hyper
|c| daftmau5|gross still takes like 50
|c| daftmau5|lol
|c|âwts this|yeah l know lol
|c|âwts this|i clicked cancel lol
|c| Alkov|my serperior team that i made with adi brought 3 alts to 1700+
|c| Alkov|lol
|
|switch|p2a: Rotom-Wash|Rotom-Wash|303\/303
|-damage|p2a: Rotom-Wash|266\/303|[from] Stealth Rock
|move|p1a: ZAMROCK|U-turn|p2a: Rotom-Wash
|-damage|p2a: Rotom-Wash|191\/303
|
|switch|p1a: KLAND|Serperior, F|291\/291
|
|-heal|p2a: Rotom-Wash|209\/303|[from] item: Leftovers
|turn|3
|c| daftmau5|it's inside
|c| NagariHO|who's adi?
|c| NagariHO|well
|c| NagariHO|the threat
|
|switch|p1a: ZAMROCK|Landorus-Therian, M|238\/357
|-ability|p1a: ZAMROCK|Intimidate|[of] p2a: Rotom-Wash
|-unboost|p2a: Rotom-Wash|atk|1
|switch|p2a: Heatran|Heatran, F|385\/385
|-damage|p2a: Heatran|337\/385|[from] Stealth Rock
|
|-heal|p2a: Heatran|361\/385|[from] item: Leftovers
|turn|4
|c| Alkov|adiisfine
|c| NagariHO|predicted
|c| NagariHO|oh yh th
|c|âwts this|ez
|
|switch|p2a: Rotom-Wash|Rotom-Wash|209\/303
|-damage|p2a: Rotom-Wash|172\/303|[from] Stealth Rock
|move|p1a: ZAMROCK|U-turn|p2a: Rotom-Wash
|-damage|p2a: Rotom-Wash|102\/303
|
|switch|p1a: KLAND|Serperior, F|291\/291
|
|-heal|p2a: Rotom-Wash|120\/303|[from] item: Leftovers
|turn|5
|
|switch|p1a: ZAMROCK|Landorus-Therian, M|238\/357
|-ability|p1a: ZAMROCK|Intimidate|[of] p2a: Rotom-Wash
|-unboost|p2a: Rotom-Wash|atk|1
|switch|p2a: Heatran|Heatran, F|361\/385
|-damage|p2a: Heatran|313\/385|[from] Stealth Rock
|
|-heal|p2a: Heatran|337\/385|[from] item: Leftovers
|turn|6
|c| Alkov|all this plays
|c|âwts this|hahahah
|c| Alkov|lol
|c| NagariHO|calm down DracoNinja
|
|switch|p2a: Landorus|Landorus, M|319\/319
|-damage|p2a: Landorus|280\/319|[from] Stealth Rock
|move|p1a: ZAMROCK|Stone Edge|p2a: Landorus
|-damage|p2a: Landorus|114\/319
|
|turn|7
|c| Alkov|game mode activated
|c| Alkov|ohmy
|c| NagariHO|plz
|c| daftmau5|draco is inside
|c| NagariHO|it's not fair
|c| daftmau5|your head
|c|âwts this|yh
|c|âwts this|she's on fire
|
|switch|p1a: ZORODARK|Hydreigon, F|325\/325
|move|p2a: Landorus|Hidden Power|p1a: ZORODARK
|-supereffective|p1a: ZORODARK
|-damage|p1a: ZORODARK|183\/325
|
|turn|8
|join|SeventyFive
|c| NagariHO|pfff alkov im gonna bring my superior team to the 1700s
|
|move|p2a: Landorus|Hidden Power|p1a: ZORODARK
|-supereffective|p1a: ZORODARK
|-damage|p1a: ZORODARK|51\/325
|move|p1a: ZORODARK|U-turn|p2a: Landorus
|-resisted|p2a: Landorus
|-damage|p2a: Landorus|84\/319
|c| NagariHO|watch me
|
|switch|p1a: SNOWCRISTAL|Keldeo|323\/323
|
|turn|9
|c| Alkov|lol scarfed lando-i
|c| Alkov|hahaha
|c|âwts this|nope
|c| NagariHO|LOOOOL
|c|âwts this|:)
|c|âwts this|trust me
|c| NagariHO|oh
|c| NagariHO|not scarfed hydrei i guess
|c| NagariHO|idk
|join|ThE0testing
|c|âwts this|no switchin
|c|âwts this|bad team
|c|âwts this|lel
|leave|ThE0testing
|c| Alkov|its either hydrei isn't scarfed and draco bluffed it really well against me just now
|c| NagariHO|Alkov, how good wud a dugtrio + sub serperior do?
|c| NagariHO|lol
|c| Alkov|or you're lying
|
|switch|p2a: Sylveon|Sylveon, F|391\/391
|-damage|p2a: Sylveon|343\/391|[from] Stealth Rock
|move|p1a: SNOWCRISTAL|Hydro Pump|p2a: Sylveon|[miss]
|-miss|p1a: SNOWCRISTAL|p2a: Sylveon
|
|turn|10
|c|âwts this|im lying
|c|âwts this|lol
|c| NagariHO|hax
|
|switch|p1a: METALGROSS|Metagross|345\/345
|move|p2a: Sylveon|Hyper Voice|p1a: METALGROSS
|-resisted|p1a: METALGROSS
|-damage|p1a: METALGROSS|177\/345
|
|turn|11
|c| NagariHO|HOLY SHIT
|c|âwts this|power
|c| Alkov|hmmm dugtrio and serperior work well together but like i never liked dugtrio in general
|join|SeventyFive
|c| NagariHO|same
|c| Alkov|apart from SR and killing heatrans
|c| NagariHO|i feel diry using him
|c| Alkov|its useless
|c| NagariHO|true
|join|Hoetel
|c| NagariHO|but tran is the most common counter to serp
|c|âDracoNinja|you can always run taunt serp+bdrum azu
|c|âDracoNinja|eh you got 30% chance to lose
|c| Alkov|30% burn = 100%
|c|âwts this|i played bad
|c|âDracoNinja|but i'll take my chances to bdrum
|c| NagariHO|lol
|c| NagariHO|oh damn
|c| NagariHO|that sounds sick AF
|c|âwts this|i should never switch my rotom into lando
|c|âwts this|lol
|c|âwts this|not is weaken
|c|âwts this|*now
|c| NagariHO|does mega sceptile outclass serpi?
|
|switch|p2a: Rotom-Wash|Rotom-Wash|120\/303
|-damage|p2a: Rotom-Wash|83\/303|[from] Stealth Rock
|detailschange|p1a: METALGROSS|Metagross-Mega
|-mega|p1a: METALGROSS|Metagross|Metagrossite
|move|p1a: METALGROSS|Meteor Mash|p2a: Rotom-Wash
|-resisted|p2a: Rotom-Wash
|-damage|p2a: Rotom-Wash|37\/303
|
|-heal|p2a: Rotom-Wash|55\/303|[from] item: Leftovers
|turn|12
|c| Alkov|n
|c|âDracoNinja|it doesnt
|c| NagariHO|it's just different
|c|âDracoNinja|no
|c| NagariHO|better all out attacker imo tho
|
|move|p1a: METALGROSS|Zen Headbutt|p2a: Rotom-Wash
|-damage|p2a: Rotom-Wash|0 fnt
|faint|p2a: Rotom-Wash
|
|c|âDracoNinja|they play the same role as an offensive grass
|c| NagariHO|well
|c| NagariHO|sceptile has dragon stab
|c| NagariHO|and access to EQ
|
|switch|p2a: Landorus|Landorus, M|84\/319
|-damage|p2a: Landorus|45\/319|[from] Stealth Rock
|turn|13
|c| NagariHO|so he gets less walled
|c|âDracoNinja|serp doesnt take up mega
|c| Alkov|reveal bullet punch
|c| Alkov|lets go
|c|âwts this|reaveal bp
|
|switch|p1a: Z+V|Rotom-Wash|304\/304
|move|p2a: Landorus|U-turn|p1a: Z+V
|-damage|p1a: Z+V|256\/304
|c| NagariHO|well true
|c|âDracoNinja|also serp is a wallbreaker
|
|switch|p2a: Sylveon|Sylveon, F|343\/391
|-damage|p2a: Sylveon|295\/391|[from] Stealth Rock
|
|-heal|p1a: Z+V|275\/304|[from] item: Leftovers
|turn|14
|c|âDracoNinja|so eh
|c| NagariHO|not exactly
|
|move|p1a: Z+V|Will-O-Wisp|p2a: Sylveon
|-status|p2a: Sylveon|brn
|move|p2a: Sylveon|Hyper Voice|p1a: Z+V
|-damage|p1a: Z+V|0 fnt
|faint|p1a: Z+V
|
|-damage|p2a: Sylveon|247\/391 brn|[from] brn
|c| NagariHO|all though he killed a fkn chansey
|c| NagariHO|that made my die
|c| NagariHO|specs powa
|
|switch|p1a: METALGROSS|Metagross-Mega|177\/345
|turn|15
|c| NagariHO|*day
|
|switch|p2a: Bisharp|Bisharp, F|271\/271
|-damage|p2a: Bisharp|255\/271|[from] Stealth Rock
|move|p1a: METALGROSS|Meteor Mash|p2a: Bisharp
|-resisted|p2a: Bisharp
|-damage|p2a: Bisharp|126\/271
|
|turn|16
|join|hashtag fabulous
|c|âDracoNinja|wish i hit the hpump :{
|
|move|p1a: METALGROSS|Hammer Arm|p2a: Bisharp
|-supereffective|p2a: Bisharp
|-damage|p2a: Bisharp|0 fnt
|-unboost|p1a: METALGROSS|spe|1
|faint|p2a: Bisharp
|
|c| NagariHO|Alkov lemme  challenge you after this
|c|âwts this|lol]
|
|switch|p2a: Gallade|Gallade, M|277\/277
|-damage|p2a: Gallade|260\/277|[from] Stealth Rock
|turn|17
|c| daftmau5|real
|
|switch|p1a: ZAMROCK|Landorus-Therian, M|238\/357
|-ability|p1a: ZAMROCK|Intimidate|[of] p2a: Gallade
|-unboost|p2a: Gallade|atk|1
|detailschange|p2a: Gallade|Gallade-Mega, M
|-mega|p2a: Gallade|Gallade|Galladite
|move|p2a: Gallade|Swords Dance|p2a: Gallade
|-boost|p2a: Gallade|atk|2
|
|turn|18
|
|move|p2a: Gallade|Zen Headbutt|p1a: ZAMROCK
|-damage|p1a: ZAMROCK|0 fnt
|faint|p1a: ZAMROCK
|
|c| NagariHO|oh my
|
|switch|p1a: KLAND|Serperior, F|291\/291
|turn|19
|
|move|p1a: KLAND|Leaf Storm|p2a: Gallade
|-damage|p2a: Gallade|88\/277
|-boost|p1a: KLAND|spa|2
|move|p2a: Gallade|Close Combat|p1a: KLAND
|-damage|p1a: KLAND|0 fnt
|-unboost|p2a: Gallade|def|1
|-unboost|p2a: Gallade|spd|1
|faint|p1a: KLAND
|
|
|switch|p1a: ZORODARK|Hydreigon, F|51\/325
|turn|20
|
|switch|p2a: Heatran|Heatran, F|337\/385
|-damage|p2a: Heatran|289\/385|[from] Stealth Rock
|move|p1a: ZORODARK|Dark Pulse|p2a: Heatran
|-damage|p2a: Heatran|184\/385
|
|-heal|p2a: Heatran|208\/385|[from] item: Leftovers
|turn|21
|
|move|p1a: ZORODARK|Dark Pulse|p2a: Heatran
|-damage|p2a: Heatran|112\/385
|move|p2a: Heatran|Toxic|p1a: ZORODARK
|-status|p1a: ZORODARK|tox
|
|-heal|p2a: Heatran|136\/385|[from] item: Leftovers
|-damage|p1a: ZORODARK|31\/325 tox|[from] psn
|turn|22
|
|switch|p1a: SNOWCRISTAL|Keldeo|323\/323
|move|p2a: Heatran|Stealth Rock|p1a: SNOWCRISTAL
|-sidestart|p1: DracoNinja|move: Stealth Rock
|
|-heal|p2a: Heatran|160\/385|[from] item: Leftovers
|turn|23
|join|LittleGuysOnly
|leave|hashtag fabulous
|
|move|p1a: SNOWCRISTAL|Hydro Pump|p2a: Heatran
|-supereffective|p2a: Heatran
|-damage|p2a: Heatran|0 fnt
|faint|p2a: Heatran
|
|
|switch|p2a: Sylveon|Sylveon, F|247\/391 brn
|-damage|p2a: Sylveon|199\/391 brn|[from] Stealth Rock
|turn|24
|
|move|p1a: SNOWCRISTAL|Substitute|p1a: SNOWCRISTAL
|-start|p1a: SNOWCRISTAL|Substitute
|-damage|p1a: SNOWCRISTAL|243\/323
|move|p2a: Sylveon|Hyper Voice|p1a: SNOWCRISTAL
|-supereffective|p1a: SNOWCRISTAL
|-damage|p1a: SNOWCRISTAL|0 fnt
|faint|p1a: SNOWCRISTAL
|
|-damage|p2a: Sylveon|151\/391 brn|[from] brn
|c|âDracoNinja|gg
|c| daftmau5|?
|c| NagariHO|hello?
|c| Alkov|wut
|
|switch|p1a: METALGROSS|Metagross-Mega|177\/345
|-damage|p1a: METALGROSS|156\/345|[from] Stealth Rock
|turn|25
|c|âwts this|lol
|
|move|p1a: METALGROSS|Rock Polish|p1a: METALGROSS
|-boost|p1a: METALGROSS|spe|2
|move|p2a: Sylveon|Hyper Voice|p1a: METALGROSS
|-resisted|p1a: METALGROSS
|-damage|p1a: METALGROSS|19\/345
|
|-damage|p2a: Sylveon|103\/391 brn|[from] brn
|turn|26
|c|âwts this|wait
|c|âwts this|lol
|c|âwts this|gg
|c| Alkov|!!!!!!
|c| NagariHO|oml
|c|âwts this|oml
|c| NagariHO|DracoNinja
|c| Alkov|Clutch af
|c| daftmau5|ah, baited
|c| NagariHO|calm down
|c|âwts this|very G_G
|
|move|p1a: METALGROSS|Meteor Mash|p2a: Sylveon
|-supereffective|p2a: Sylveon
|-damage|p2a: Sylveon|0 fnt
|faint|p2a: Sylveon
|
|c| LittleGuysOnly|gallade with shadow sneak?
|c|âwts this|reveal
|c| Alkov|quick claw lando-i
|c| Alkov|lets go
|c|âwts this|shadow sneak
|c|âDracoNinja|please dont run garbage like that
|
|switch|p2a: Landorus|Landorus, M|45\/319
|-damage|p2a: Landorus|6\/319|[from] Stealth Rock
|turn|27
|c| NagariHO|don't miss
|c|âwts this|i wont run that garbage
|c|âwts this|:D
|
|move|p1a: METALGROSS|Meteor Mash|p2a: Landorus
|-damage|p2a: Landorus|0 fnt
|faint|p2a: Landorus
|
|join|gyarad0site
|c| Alkov|LIES
|c|âwts this|;_;
|c| NagariHO|now it's over
|
|switch|p2a: Gallade|Gallade-Mega, M|88\/277
|-damage|p2a: Gallade|71\/277|[from] Stealth Rock
|turn|28
|c| LittleGuysOnly|inb4 focus band
|c|âDracoNinja|90%
|c|âDracoNinja|hit
|c|âDracoNinja|pls
|
|move|p1a: METALGROSS|Meteor Mash|p2a: Gallade
|-damage|p2a: Gallade|0 fnt
|faint|p2a: Gallade
|
|win|DracoNinja
|raw|Ladder updating...
|raw|DracoNinja's rating: 1544 &rarr; <strong>1563<\/strong><br \/>(+19 for winning)
|raw|wts this's rating: 1521 &rarr; <strong>1503<\/strong><br \/>(-18 for losing)
|c|âwts this|gg
|c| NagariHO|gg
|c|âDracoNinja|gg
|c|âwts this|u must hit
|c|âwts this|lol