|join|Prankster
|join|JohnxYiu
|player|p1|Prankster|95
|player|p2|JohnxYiu|20
|gametype|singles
|gen|6
|tier|OU
|clearpoke
|poke|p1|Diancie
|poke|p1|Rotom-Wash
|poke|p1|Heatran, F, shiny
|poke|p1|Landorus-Therian, M
|poke|p1|Keldeo-Resolute
|poke|p1|Celebi
|poke|p2|Zapdos
|poke|p2|Ferrothorn, M
|poke|p2|Heracross, M
|poke|p2|Tyranitar, F
|poke|p2|Talonflame, F
|poke|p2|Clefable, F
|rule|Swagger Clause: Swagger is banned
|rule|Baton Pass Clause: Limit one PokÃ©mon knowing Baton Pass
|rule|Sleep Clause Mod: Limit one foe put to sleep
|rule|Species Clause: Limit one of each PokÃ©mon
|rule|OHKO Clause: OHKO moves are banned
|rule|Moody Clause: Moody is banned
|rule|Evasion Moves Clause: Evasion moves are banned
|rule|Endless Battle Clause: Forcing endless battles is banned
|rule|HP Percentage Mod: HP is shown in percentages
|teampreview
Prankster made this room hidden.
|
|start
|switch|p1a: Keldeo-Resolute|Keldeo-Resolute|323\/323
|switch|p2a: Ferrothorn|Ferrothorn, M|352\/352
|turn|1
|
|switch|p2a: Clefable|Clefable, F|394\/394
|move|p1a: Keldeo-Resolute|Secret Sword|p2a: Clefable
|-resisted|p2a: Clefable
|-damage|p2a: Clefable|282\/394
|
|-heal|p2a: Clefable|306\/394|[from] item: Leftovers
|turn|2
|
|switch|p1a: Heatran|Heatran, F, shiny|385\/385
|switch|p2a: Heracross|Heracross, M|301\/301
|
|turn|3
|
|switch|p2a: Ferrothorn|Ferrothorn, M|352\/352
|switch|p1a: Landorus-Therian|Landorus-Therian, M|319\/319
|-ability|p1a: Landorus-Therian|Intimidate|[of] p2a: Ferrothorn
|-unboost|p2a: Ferrothorn|atk|1
|
|turn|4
|
|move|p1a: Landorus-Therian|U-turn|p2a: Ferrothorn
|-damage|p2a: Ferrothorn|292\/352
|-damage|p1a: Landorus-Therian|280\/319|[from] ability: Iron Barbs|[of] p2a: Ferrothorn
|
|switch|p1a: Heatran|Heatran, F, shiny|385\/385
|move|p2a: Ferrothorn|Stealth Rock|p1a: Heatran
|-sidestart|p1: Prankster|move: Stealth Rock
|
|turn|5
|
|switch|p2a: Tyranitar|Tyranitar, F|383\/383
|-weather|Sandstorm
|move|p1a: Heatran|Stealth Rock|p2a: Tyranitar
|-sidestart|p2: JohnxYiu|move: Stealth Rock
|
|-weather|Sandstorm|[upkeep]
|turn|6
|
|switch|p1a: Keldeo-Resolute|Keldeo-Resolute|323\/323
|-damage|p1a: Keldeo-Resolute|303\/323|[from] Stealth Rock
|move|p2a: Tyranitar|Stone Edge|p1a: Keldeo-Resolute
|-resisted|p1a: Keldeo-Resolute
|-damage|p1a: Keldeo-Resolute|144\/323
|
|-weather|Sandstorm|[upkeep]
|-damage|p1a: Keldeo-Resolute|124\/323|[from] sandstorm
|turn|7
|
|switch|p2a: Clefable|Clefable, F|306\/394
|move|p1a: Keldeo-Resolute|Hydro Pump|p2a: Clefable|[miss]
|-miss|p1a: Keldeo-Resolute|p2a: Clefable
|
|-weather|Sandstorm|[upkeep]
|-damage|p1a: Keldeo-Resolute|104\/323|[from] sandstorm
|-heal|p2a: Clefable|330\/394|[from] item: Leftovers
|turn|8
|
|switch|p1a: Heatran|Heatran, F, shiny|385\/385
|-damage|p1a: Heatran|337\/385|[from] Stealth Rock
|move|p2a: Clefable|Soft-Boiled|p2a: Clefable
|-heal|p2a: Clefable|394\/394
|
|-weather|Sandstorm|[upkeep]
|-heal|p1a: Heatran|361\/385|[from] item: Leftovers
|turn|9
|
|move|p1a: Heatran|Lava Plume|p2a: Clefable
|-damage|p2a: Clefable|288\/394
|move|p2a: Clefable|Calm Mind|p2a: Clefable
|-boost|p2a: Clefable|spa|1
|-boost|p2a: Clefable|spd|1
|
|-weather|none
|-heal|p1a: Heatran|385\/385|[from] item: Leftovers
|-heal|p2a: Clefable|312\/394|[from] item: Leftovers
|turn|10
|
|move|p1a: Heatran|Taunt|p2a: Clefable
|-start|p2a: Clefable|move: Taunt
|cant|p2a: Clefable|move: Taunt|Soft-Boiled
|
|-heal|p2a: Clefable|336\/394|[from] item: Leftovers
|turn|11
|
|move|p1a: Heatran|Lava Plume|p2a: Clefable
|-damage|p2a: Clefable|263\/394
|-status|p2a: Clefable|brn
|move|p2a: Clefable|Moonblast|p1a: Heatran
|-resisted|p1a: Heatran
|-damage|p1a: Heatran|355\/385
|-unboost|p1a: Heatran|spa|1
|
|-heal|p1a: Heatran|379\/385|[from] item: Leftovers
|-heal|p2a: Clefable|287\/394 brn|[from] item: Leftovers
|turn|12
|
|move|p1a: Heatran|Lava Plume|p2a: Clefable
|-damage|p2a: Clefable|242\/394 brn
|move|p2a: Clefable|Moonblast|p1a: Heatran
|-resisted|p1a: Heatran
|-damage|p1a: Heatran|349\/385
|-unboost|p1a: Heatran|spa|1
|
|-heal|p1a: Heatran|373\/385|[from] item: Leftovers
|-heal|p2a: Clefable|266\/394 brn|[from] item: Leftovers
|-end|p2a: Clefable|move: Taunt
|turn|13
|
|switch|p2a: Heracross|Heracross, M|301\/301
|-damage|p2a: Heracross|264\/301|[from] Stealth Rock
|move|p1a: Heatran|Taunt|p2a: Heracross
|-start|p2a: Heracross|move: Taunt
|
|-heal|p1a: Heatran|385\/385|[from] item: Leftovers
|turn|14
|
|switch|p1a: Landorus-Therian|Landorus-Therian, M|280\/319
|-damage|p1a: Landorus-Therian|241\/319|[from] Stealth Rock
|-ability|p1a: Landorus-Therian|Intimidate|[of] p2a: Heracross
|-unboost|p2a: Heracross|atk|1
|detailschange|p2a: Heracross|Heracross-Mega, M
|-mega|p2a: Heracross|Heracross|Heracronite
|move|p2a: Heracross|Close Combat|p1a: Landorus-Therian
|-resisted|p1a: Landorus-Therian
|-damage|p1a: Landorus-Therian|132\/319
|-unboost|p2a: Heracross|def|1
|-unboost|p2a: Heracross|spd|1
|
|turn|15
|
|switch|p2a: Zapdos|Zapdos|383\/383
|-damage|p2a: Zapdos|288\/383|[from] Stealth Rock
|-ability|p2a: Zapdos|Pressure
|move|p1a: Landorus-Therian|Explosion|p2a: Zapdos
|-damage|p2a: Zapdos|0 fnt
|faint|p1a: Landorus-Therian
|faint|p2a: Zapdos
|
|
|switch|p1a: Keldeo-Resolute|Keldeo-Resolute|104\/323
|switch|p2a: Heracross|Heracross-Mega, M|264\/301
|-damage|p1a: Keldeo-Resolute|84\/323|[from] Stealth Rock
|-damage|p2a: Heracross|227\/301|[from] Stealth Rock
|turn|16
|
|switch|p2a: Ferrothorn|Ferrothorn, M|292\/352
|-damage|p2a: Ferrothorn|270\/352|[from] Stealth Rock
|move|p1a: Keldeo-Resolute|Hydro Pump|p2a: Ferrothorn
|-resisted|p2a: Ferrothorn
|-damage|p2a: Ferrothorn|161\/352
|
|turn|17
|
|switch|p1a: Celebi|Celebi|403\/403
|-damage|p1a: Celebi|353\/403|[from] Stealth Rock
|move|p2a: Ferrothorn|Leech Seed|p1a: Celebi
|-immune|p1a: Celebi|[msg]
|
|-heal|p1a: Celebi|378\/403|[from] item: Leftovers
|turn|18
|
|move|p1a: Celebi|Nasty Plot|p1a: Celebi
|-boost|p1a: Celebi|spa|2
|move|p2a: Ferrothorn|Leech Seed|p1a: Celebi
|-immune|p1a: Celebi|[msg]
|
|-heal|p1a: Celebi|403\/403|[from] item: Leftovers
|turn|19
|
|switch|p2a: Talonflame|Talonflame, F|359\/359
|-damage|p2a: Talonflame|180\/359|[from] Stealth Rock
|move|p1a: Celebi|Baton Pass|p1a: Celebi
|
|switch|p1a: Heatran|Heatran, F, shiny|385\/385
|-damage|p1a: Heatran|337\/385|[from] Stealth Rock
|
|-heal|p1a: Heatran|361\/385|[from] item: Leftovers
|turn|20
|
|move|p2a: Talonflame|Swords Dance|p2a: Talonflame
|-boost|p2a: Talonflame|atk|2
|move|p1a: Heatran|Lava Plume|p2a: Talonflame
|-resisted|p2a: Talonflame
|-damage|p2a: Talonflame|30\/359
|-enditem|p2a: Talonflame|Liechi Berry|[eat]
|-boost|p2a: Talonflame|atk|1|[from] item: Liechi Berry
|
|-heal|p1a: Heatran|385\/385|[from] item: Leftovers
|turn|21
|
|move|p2a: Talonflame|Brave Bird|p1a: Heatran
|-resisted|p1a: Heatran
|-damage|p1a: Heatran|186\/385
|-damage|p2a: Talonflame|0 fnt|[from] recoil|[of] p1a: Heatran
|faint|p2a: Talonflame
|move|p1a: Heatran|Lava Plume|p2: Talonflame|[notarget]
|-notarget
|
|-heal|p1a: Heatran|210\/385|[from] item: Leftovers
|
|switch|p2a: Tyranitar|Tyranitar, F|383\/383
|-damage|p2a: Tyranitar|336\/383|[from] Stealth Rock
|-weather|Sandstorm
|turn|22
|
|switch|p1a: Celebi|Celebi|403\/403
|-damage|p1a: Celebi|353\/403|[from] Stealth Rock
|move|p2a: Tyranitar|Crunch|p1a: Celebi
|-supereffective|p1a: Celebi
|-damage|p1a: Celebi|0 fnt
|faint|p1a: Celebi
|
|-weather|Sandstorm|[upkeep]
|
|switch|p1a: Diancie|Diancie|241\/241
|-damage|p1a: Diancie|211\/241|[from] Stealth Rock
|turn|23
|
|switch|p2a: Ferrothorn|Ferrothorn, M|161\/352
|-damage|p2a: Ferrothorn|139\/352|[from] Stealth Rock
|detailschange|p1a: Diancie|Diancie-Mega
|-mega|p1a: Diancie|Diancie|Diancite
|move|p1a: Diancie|Rock Polish|p1a: Diancie
|-boost|p1a: Diancie|spe|2
|
|-weather|Sandstorm|[upkeep]
|turn|24
|
|move|p1a: Diancie|Earth Power|p2a: Ferrothorn
|-damage|p2a: Ferrothorn|28\/352
|move|p2a: Ferrothorn|Power Whip|p1a: Diancie
|-supereffective|p1a: Diancie
|-damage|p1a: Diancie|0 fnt
|faint|p1a: Diancie
|
|-weather|Sandstorm|[upkeep]
|c|âPrankster|wow i fucked up hard
|c|âPrankster|welp
|c|âJohnxYiu|lol
|
|switch|p1a: Keldeo-Resolute|Keldeo-Resolute|84\/323
|-damage|p1a: Keldeo-Resolute|64\/323|[from] Stealth Rock
|turn|25
|
|move|p2a: Ferrothorn|Protect|p2a: Ferrothorn
|-singleturn|p2a: Ferrothorn|Protect
|move|p1a: Keldeo-Resolute|Scald|p2a: Ferrothorn
|-activate|p2a: Ferrothorn|Protect
|
|-weather|Sandstorm|[upkeep]
|-damage|p1a: Keldeo-Resolute|44\/323|[from] sandstorm
|turn|26
|
|move|p2a: Ferrothorn|Protect|p2a: Ferrothorn
|-singleturn|p2a: Ferrothorn|Protect
|move|p1a: Keldeo-Resolute|Scald|p2a: Ferrothorn
|-activate|p2a: Ferrothorn|Protect
|
|-weather|none
|turn|27
|
|move|p1a: Keldeo-Resolute|Scald|p2a: Ferrothorn
|-resisted|p2a: Ferrothorn
|-damage|p2a: Ferrothorn|0 fnt
|faint|p2a: Ferrothorn
|
|
|switch|p2a: Clefable|Clefable, F|266\/394 brn
|turn|28
|c|âPrankster|even tho clef should be dead rn
|c|âPrankster|welp
|
|switch|p1a: Heatran|Heatran, F, shiny|210\/385
|-damage|p1a: Heatran|162\/385|[from] Stealth Rock
|move|p2a: Clefable|Soft-Boiled|p2a: Clefable
|-heal|p2a: Clefable|394\/394 brn
|
|-heal|p1a: Heatran|186\/385|[from] item: Leftovers
|turn|29
|
|move|p1a: Heatran|Lava Plume|p2a: Clefable
|-damage|p2a: Clefable|295\/394 brn
|move|p2a: Clefable|Calm Mind|p2a: Clefable
|-boost|p2a: Clefable|spa|1
|-boost|p2a: Clefable|spd|1
|
|-heal|p1a: Heatran|210\/385|[from] item: Leftovers
|-heal|p2a: Clefable|319\/394 brn|[from] item: Leftovers
|turn|30
|
|switch|p2a: Tyranitar|Tyranitar, F|336\/383
|-damage|p2a: Tyranitar|289\/383|[from] Stealth Rock
|-weather|Sandstorm
|move|p1a: Heatran|Taunt|p2a: Tyranitar
|-start|p2a: Tyranitar|move: Taunt
|
|-weather|Sandstorm|[upkeep]
|-heal|p1a: Heatran|234\/385|[from] item: Leftovers
|turn|31
|
|move|p1a: Heatran|Lava Plume|p2a: Tyranitar
|-resisted|p2a: Tyranitar
|-damage|p2a: Tyranitar|250\/383
|-status|p2a: Tyranitar|brn
|move|p2a: Tyranitar|Stone Edge|p1a: Heatran
|-damage|p1a: Heatran|84\/385
|
|-weather|Sandstorm|[upkeep]
|-heal|p1a: Heatran|108\/385|[from] item: Leftovers
|-damage|p2a: Tyranitar|203\/383 brn|[from] brn
|turn|32
|
|switch|p1a: Rotom-Wash|Rotom-Wash|303\/303
|-damage|p1a: Rotom-Wash|266\/303|[from] Stealth Rock
|move|p2a: Tyranitar|Stone Edge|p1a: Rotom-Wash
|-damage|p1a: Rotom-Wash|154\/303
|
|-weather|Sandstorm|[upkeep]
|-damage|p1a: Rotom-Wash|136\/303|[from] sandstorm
|-heal|p1a: Rotom-Wash|154\/303|[from] item: Leftovers
|-damage|p2a: Tyranitar|156\/383 brn|[from] brn
|turn|33
|
|switch|p2a: Clefable|Clefable, F|319\/394 brn
|move|p1a: Rotom-Wash|Hydro Pump|p2a: Clefable
|-damage|p2a: Clefable|199\/394 brn
|
|-weather|Sandstorm|[upkeep]
|-damage|p1a: Rotom-Wash|136\/303|[from] sandstorm
|-heal|p1a: Rotom-Wash|154\/303|[from] item: Leftovers
|-heal|p2a: Clefable|223\/394 brn|[from] item: Leftovers
|turn|34
|
|move|p1a: Rotom-Wash|Volt Switch|p2a: Clefable
|-damage|p2a: Clefable|145\/394 brn
|
|switch|p1a: Heatran|Heatran, F, shiny|108\/385
|-damage|p1a: Heatran|60\/385|[from] Stealth Rock
|move|p2a: Clefable|Soft-Boiled|p2a: Clefable
|-heal|p2a: Clefable|342\/394 brn
|
|-weather|none
|-heal|p1a: Heatran|84\/385|[from] item: Leftovers
|-heal|p2a: Clefable|366\/394 brn|[from] item: Leftovers
|turn|35
|
|switch|p2a: Tyranitar|Tyranitar, F|156\/383 brn
|-damage|p2a: Tyranitar|109\/383 brn|[from] Stealth Rock
|-weather|Sandstorm
|move|p1a: Heatran|Taunt|p2a: Tyranitar
|-start|p2a: Tyranitar|move: Taunt
|
|-weather|Sandstorm|[upkeep]
|-heal|p1a: Heatran|108\/385|[from] item: Leftovers
|-damage|p2a: Tyranitar|62\/383 brn|[from] brn
|turn|36
|
|switch|p1a: Rotom-Wash|Rotom-Wash|154\/303
|-damage|p1a: Rotom-Wash|117\/303|[from] Stealth Rock
|move|p2a: Tyranitar|Superpower|p1a: Rotom-Wash
|-damage|p1a: Rotom-Wash|28\/303
|-unboost|p2a: Tyranitar|atk|1
|-unboost|p2a: Tyranitar|def|1
|
|-weather|Sandstorm|[upkeep]
|-damage|p1a: Rotom-Wash|10\/303|[from] sandstorm
|-heal|p1a: Rotom-Wash|28\/303|[from] item: Leftovers
|-damage|p2a: Tyranitar|15\/383 brn|[from] brn
|turn|37
|
|move|p1a: Rotom-Wash|Volt Switch|p2a: Tyranitar
|-damage|p2a: Tyranitar|0 fnt
|faint|p2a: Tyranitar
|
|switch|p1a: Heatran|Heatran, F, shiny|108\/385
|-damage|p1a: Heatran|60\/385|[from] Stealth Rock
|
|-weather|Sandstorm|[upkeep]
|-heal|p1a: Heatran|84\/385|[from] item: Leftovers
|
|switch|p2a: Heracross|Heracross-Mega, M|227\/301
|-damage|p2a: Heracross|190\/301|[from] Stealth Rock
|turn|38
|c|âPrankster|the hydro miss fucked me sort of, but me not earth powering before rp ultimately cost me so gg i guess
|
|move|p2a: Heracross|Close Combat|p1a: Heatran
|-supereffective|p1a: Heatran
|-damage|p1a: Heatran|0 fnt
|-unboost|p2a: Heracross|def|1
|-unboost|p2a: Heracross|spd|1
|faint|p1a: Heatran
|
|-weather|Sandstorm|[upkeep]
|-damage|p2a: Heracross|172\/301|[from] sandstorm
|c|âJohnxYiu|yes
|
|switch|p1a: Keldeo-Resolute|Keldeo-Resolute|44\/323
|-damage|p1a: Keldeo-Resolute|24\/323|[from] Stealth Rock
|turn|39
|c|âJohnxYiu|that hydro miss was crucial
|c|âPrankster|yeah
|c|âPrankster|i won if clef was gone
|c|âPrankster|oh well
|
|move|p1a: Keldeo-Resolute|Hydro Pump|p2a: Heracross|[miss]
|-miss|p1a: Keldeo-Resolute|p2a: Heracross
|move|p2a: Heracross|Bullet Seed|p1a: Keldeo-Resolute
|-supereffective|p1a: Keldeo-Resolute
|-damage|p1a: Keldeo-Resolute|0 fnt
|-hitcount|p1a: Keldeo-Resolute|1
|faint|p1a: Keldeo-Resolute
|
|-weather|none
|c|âJohnxYiu|ah
|c|âPrankster|w\/e
|-message|Prankster forfeited.
|
|win|JohnxYiu
|leave|Prankster
|player|p1
|player|p2|Guest 370224|20
|join|wts this
|player|p2|wts this|20