|join|Zenos
|join|wts this
|player|p1|Zenos|2
|player|p2|wts this|20
|gametype|singles
|gen|6
|tier|OU
|rated
|clearpoke
|poke|p1|Ferrothorn, F
|poke|p1|Landorus-Therian, M
|poke|p1|Talonflame, M, shiny
|poke|p1|Diancie
|poke|p1|Keldeo-Resolute
|poke|p1|Zapdos
|poke|p2|Heracross, M
|poke|p2|Tyranitar, F
|poke|p2|Talonflame, M
|poke|p2|Celebi
|poke|p2|Clefable, F
|poke|p2|Zapdos
|rule|Swagger Clause: Swagger is banned
|rule|Baton Pass Clause: Limit one PokÃ©mon knowing Baton Pass
|rule|Sleep Clause Mod: Limit one foe put to sleep
|rule|Species Clause: Limit one of each PokÃ©mon
|rule|OHKO Clause: OHKO moves are banned
|rule|Moody Clause: Moody is banned
|rule|Evasion Moves Clause: Evasion moves are banned
|rule|Endless Battle Clause: Forcing endless battles is banned
|rule|HP Percentage Mod: HP is shown in percentages
|teampreview
|
|start
|switch|p1a: Landorus-Therian|Landorus-Therian, M|319\/319
|switch|p2a: Zapdos|Zapdos|383\/383
|-ability|p1a: Landorus-Therian|Intimidate|[of] p2a: Zapdos
|-unboost|p2a: Zapdos|atk|1
|-ability|p2a: Zapdos|Pressure
|turn|1
|
|move|p1a: Landorus-Therian|Substitute|p1a: Landorus-Therian
|-start|p1a: Landorus-Therian|Substitute
|-damage|p1a: Landorus-Therian|240\/319
|move|p2a: Zapdos|Heat Wave|p1a: Landorus-Therian
|-end|p1a: Landorus-Therian|Substitute
|
|turn|2
|
|move|p1a: Landorus-Therian|Swords Dance|p1a: Landorus-Therian
|-boost|p1a: Landorus-Therian|atk|2
|move|p2a: Zapdos|Heat Wave|p1a: Landorus-Therian
|-damage|p1a: Landorus-Therian|124\/319
|
|turn|3
|
|move|p1a: Landorus-Therian|Stone Edge|p2a: Zapdos
|-crit|p2a: Zapdos
|-supereffective|p2a: Zapdos
|-damage|p2a: Zapdos|0 fnt
|faint|p2a: Zapdos
|
|
|switch|p2a: Talonflame|Talonflame, M|359\/359
|turn|4
|
|switch|p1a: Ferrothorn|Ferrothorn, F|351\/351
|move|p2a: Talonflame|Brave Bird|p1a: Ferrothorn
|-damage|p1a: Ferrothorn|254\/351
|-damage|p2a: Talonflame|315\/359|[from] ability: Iron Barbs|[of] p1a: Ferrothorn
|-damage|p2a: Talonflame|256\/359|[from] item: Rocky Helmet|[of] p1a: Ferrothorn
|-damage|p2a: Talonflame|224\/359|[from] recoil|[of] p1a: Ferrothorn
|
|turn|5
|
|move|p2a: Talonflame|Flare Blitz|p1a: Ferrothorn
|-supereffective|p1a: Ferrothorn
|-damage|p1a: Ferrothorn|0 fnt
|-damage|p2a: Talonflame|180\/359|[from] ability: Iron Barbs|[of] p1a: Ferrothorn
|-damage|p2a: Talonflame|121\/359|[from] item: Rocky Helmet|[of] p1a: Ferrothorn
|-damage|p2a: Talonflame|37\/359|[from] recoil|[of] p1a: Ferrothorn
|faint|p1a: Ferrothorn
|-enditem|p2a: Talonflame|Liechi Berry|[eat]
|-boost|p2a: Talonflame|atk|1|[from] item: Liechi Berry
|
|
|switch|p1a: Landorus-Therian|Landorus-Therian, M|124\/319
|-ability|p1a: Landorus-Therian|Intimidate|[of] p2a: Talonflame
|-unboost|p2a: Talonflame|atk|1
|turn|6
|
|switch|p1a: Zapdos|Zapdos|383\/383
|-ability|p1a: Zapdos|Pressure
|move|p2a: Talonflame|Swords Dance|p2a: Talonflame
|-boost|p2a: Talonflame|atk|2
|
|turn|7
|
|move|p2a: Talonflame|Flare Blitz|p1a: Zapdos
|-damage|p1a: Zapdos|95\/383
|-damage|p2a: Talonflame|0 fnt|[from] recoil|[of] p1a: Zapdos
|faint|p2a: Talonflame
|move|p1a: Zapdos|Roost|p1a: Zapdos
|-heal|p1a: Zapdos|287\/383
|
|-heal|p1a: Zapdos|310\/383|[from] item: Leftovers
|
|switch|p2a: Heracross|Heracross, M|301\/301
|turn|8
|
|detailschange|p2a: Heracross|Heracross-Mega, M
|-mega|p2a: Heracross|Heracross|Heracronite
|move|p2a: Heracross|Rock Blast|p1a: Zapdos
|-supereffective|p1a: Zapdos
|-damage|p1a: Zapdos|238\/383
|-supereffective|p1a: Zapdos
|-damage|p1a: Zapdos|160\/383
|-supereffective|p1a: Zapdos
|-damage|p1a: Zapdos|82\/383
|-supereffective|p1a: Zapdos
|-damage|p1a: Zapdos|4\/383
|-supereffective|p1a: Zapdos
|-damage|p1a: Zapdos|0 fnt
|-hitcount|p1a: Zapdos|5
|faint|p1a: Zapdos
|
|
|switch|p1a: Talonflame|Talonflame, M, shiny|343\/343
|turn|9
|
|switch|p1a: Keldeo-Resolute|Keldeo-Resolute|323\/323
|switch|p2a: Tyranitar|Tyranitar, F|383\/383
|-weather|Sandstorm
|
|-weather|Sandstorm|[upkeep]
|-damage|p1a: Keldeo-Resolute|303\/323|[from] sandstorm
|turn|10
|
|switch|p2a: Celebi|Celebi|404\/404
|move|p1a: Keldeo-Resolute|Secret Sword|p2a: Celebi
|-resisted|p2a: Celebi
|-damage|p2a: Celebi|314\/404
|-damage|p1a: Keldeo-Resolute|271\/323|[from] item: Life Orb
|
|-weather|Sandstorm|[upkeep]
|-damage|p1a: Keldeo-Resolute|251\/323|[from] sandstorm
|-damage|p2a: Celebi|289\/404|[from] sandstorm
|-heal|p2a: Celebi|314\/404|[from] item: Leftovers
|turn|11
|
|move|p1a: Keldeo-Resolute|Taunt|p2a: Celebi
|-start|p2a: Celebi|move: Taunt
|cant|p2a: Celebi|move: Taunt|Stealth Rock
|
|-weather|Sandstorm|[upkeep]
|-damage|p1a: Keldeo-Resolute|231\/323|[from] sandstorm
|-damage|p2a: Celebi|289\/404|[from] sandstorm
|-heal|p2a: Celebi|314\/404|[from] item: Leftovers
|turn|12
|
|switch|p1a: Talonflame|Talonflame, M, shiny|343\/343
|switch|p2a: Tyranitar|Tyranitar, F|383\/383
|
|-weather|Sandstorm|[upkeep]
|-damage|p1a: Talonflame|322\/343|[from] sandstorm
|turn|13
|
|move|p2a: Tyranitar|Pursuit|p1a: Talonflame|[from]Pursuit
|-damage|p1a: Talonflame|0 fnt
|faint|p1a: Talonflame
|
|-weather|none
|
|switch|p1a: Landorus-Therian|Landorus-Therian, M|124\/319
|-ability|p1a: Landorus-Therian|Intimidate|[of] p2a: Tyranitar
|-unboost|p2a: Tyranitar|atk|1
|turn|14
|
|switch|p2a: Celebi|Celebi|314\/404
|move|p1a: Landorus-Therian|Swords Dance|p1a: Landorus-Therian
|-boost|p1a: Landorus-Therian|atk|2
|
|-heal|p2a: Celebi|339\/404|[from] item: Leftovers
|turn|15
|
|move|p1a: Landorus-Therian|Substitute|p1a: Landorus-Therian
|-start|p1a: Landorus-Therian|Substitute
|-damage|p1a: Landorus-Therian|45\/319
|-enditem|p1a: Landorus-Therian|Salac Berry|[eat]
|-boost|p1a: Landorus-Therian|spe|1|[from] item: Salac Berry
|move|p2a: Celebi|Giga Drain|p1a: Landorus-Therian
|-end|p1a: Landorus-Therian|Substitute
|-heal|p2a: Celebi|379\/404|[from] drain|[of] p1a: Landorus-Therian
|
|-heal|p2a: Celebi|404\/404|[from] item: Leftovers
|turn|16
|
|move|p1a: Landorus-Therian|Stone Edge|p2a: Celebi
|-crit|p2a: Celebi
|-damage|p2a: Celebi|4\/404
|move|p2a: Celebi|Giga Drain|p1a: Landorus-Therian
|-damage|p1a: Landorus-Therian|0 fnt
|-heal|p2a: Celebi|27\/404|[from] drain|[of] p1a: Landorus-Therian
|faint|p1a: Landorus-Therian
|
|-heal|p2a: Celebi|52\/404|[from] item: Leftovers
|
|switch|p1a: Keldeo-Resolute|Keldeo-Resolute|231\/323
|turn|17
|
|move|p1a: Keldeo-Resolute|Scald|p2a: Celebi
|-resisted|p2a: Celebi
|-damage|p2a: Celebi|0 fnt
|-damage|p1a: Keldeo-Resolute|199\/323|[from] item: Life Orb
|faint|p2a: Celebi
|
|
|switch|p2a: Clefable|Clefable, F|394\/394
|turn|18
|
|move|p1a: Keldeo-Resolute|Taunt|p2a: Clefable
|-start|p2a: Clefable|move: Taunt
|move|p2a: Clefable|Moonblast|p1a: Keldeo-Resolute
|-supereffective|p1a: Keldeo-Resolute
|-damage|p1a: Keldeo-Resolute|0 fnt
|faint|p1a: Keldeo-Resolute
|
|
|switch|p1a: Diancie|Diancie|241\/241
|turn|19
|
|move|p1a: Diancie|Calm Mind|p1a: Diancie
|-boost|p1a: Diancie|spa|1
|-boost|p1a: Diancie|spd|1
|move|p2a: Clefable|Moonblast|p1a: Diancie
|-damage|p1a: Diancie|195\/241
|
|turn|20
|
|switch|p2a: Tyranitar|Tyranitar, F|383\/383
|-weather|Sandstorm
|move|p1a: Diancie|Calm Mind|p1a: Diancie
|-boost|p1a: Diancie|spa|1
|-boost|p1a: Diancie|spd|1
|
|-weather|Sandstorm|[upkeep]
|turn|21
|
|move|p1a: Diancie|Protect|p1a: Diancie
|-singleturn|p1a: Diancie|Protect
|move|p2a: Tyranitar|Stone Edge|p1a: Diancie
|-activate|p1a: Diancie|Protect
|
|-weather|Sandstorm|[upkeep]
|turn|22
|
|move|p1a: Diancie|Calm Mind|p1a: Diancie
|-boost|p1a: Diancie|spa|1
|-boost|p1a: Diancie|spd|1
|move|p2a: Tyranitar|Stone Edge|p1a: Diancie
|-damage|p1a: Diancie|0 fnt
|faint|p1a: Diancie
|
|win|wts this
|raw|Ladder updating...
|raw|Zenos's rating: 1459 &rarr; <strong>1444<\/strong><br \/>(-15 for losing)
|raw|wts this's rating: 1542 &rarr; <strong>1557<\/strong><br \/>(+15 for winning)
|leave|Zenos
|player|p1