|join|wts this
|join|TheThorn
|player|p1|wts this|20
|player|p2|TheThorn|102
|gametype|singles
|gen|6
|tier|OU
|rated
|clearpoke
|poke|p1|Serperior, M, shiny
|poke|p1|Slowbro, M
|poke|p1|Sylveon, M
|poke|p1|Metagross
|poke|p1|Keldeo
|poke|p1|Gliscor, M, shiny
|poke|p2|Shuckle, F
|poke|p2|Gardevoir, F
|poke|p2|Bisharp, M
|poke|p2|Mamoswine, F
|poke|p2|Azumarill, M
|poke|p2|Manaphy
|rule|Swagger Clause: Swagger is banned
|rule|Baton Pass Clause: Limit one PokÃ©mon knowing Baton Pass
|rule|Sleep Clause Mod: Limit one foe put to sleep
|rule|Species Clause: Limit one of each PokÃ©mon
|rule|OHKO Clause: OHKO moves are banned
|rule|Moody Clause: Moody is banned
|rule|Evasion Moves Clause: Evasion moves are banned
|rule|Endless Battle Clause: Forcing endless battles is banned
|rule|HP Percentage Mod: HP is shown in percentages
|teampreview
|
|start
|switch|p1a: Serperior|Serperior, M, shiny|294\/294
|switch|p2a: Bisharp|Bisharp, M|271\/271
|turn|1
|
|switch|p1a: Keldeo|Keldeo|323\/323
|move|p2a: Bisharp|Knock Off|p1a: Keldeo
|-resisted|p1a: Keldeo
|-damage|p1a: Keldeo|215\/323
|-boost|p1a: Keldeo|atk|1|[from] ability: Justified
|-enditem|p1a: Keldeo|Choice Scarf|[from] move: Knock Off|[of] p2a: Bisharp
|
|turn|2
|
|switch|p2a: Azumarill|Azumarill, M|403\/403
|move|p1a: Keldeo|Scald|p2a: Azumarill
|-resisted|p2a: Azumarill
|-damage|p2a: Azumarill|343\/403
|
|turn|3
|
|switch|p1a: Slowbro|Slowbro, M|394\/394
|switch|p2a: Shuckle|Shuckle, F|244\/244
|
|turn|4
|
|switch|p1a: Serperior|Serperior, M, shiny|294\/294
|move|p2a: Shuckle|Sticky Web|p1a: Serperior
|-sidestart|p1: wts this|move: Sticky Web
|
|turn|5
|
|switch|p2a: Bisharp|Bisharp, M|271\/271
|move|p1a: Serperior|Leaf Storm|p2a: Bisharp
|-resisted|p2a: Bisharp
|-damage|p2a: Bisharp|136\/271
|-boost|p1a: Serperior|spa|2
|-damage|p1a: Serperior|265\/294|[from] item: Life Orb
|
|turn|6
|
|move|p2a: Bisharp|Sucker Punch|p1a: Serperior
|-damage|p1a: Serperior|103\/294
|move|p1a: Serperior|Leaf Storm|p2a: Bisharp
|-resisted|p2a: Bisharp
|-damage|p2a: Bisharp|0 fnt
|-boost|p1a: Serperior|spa|2
|-damage|p1a: Serperior|74\/294|[from] item: Life Orb
|faint|p2a: Bisharp
|
|
|switch|p2a: Mamoswine|Mamoswine, F|361\/361
|turn|7
|
|switch|p1a: Slowbro|Slowbro, M|394\/394
|-activate|p1a: Slowbro|move: Sticky Web
|-unboost|p1a: Slowbro|spe|1
|move|p2a: Mamoswine|Ice Shard|p1a: Slowbro
|-resisted|p1a: Slowbro
|-damage|p1a: Slowbro|362\/394
|-damage|p2a: Mamoswine|325\/361|[from] item: Life Orb
|
|-heal|p1a: Slowbro|386\/394|[from] item: Leftovers
|turn|8
|
|switch|p2a: Manaphy|Manaphy|353\/353
|move|p1a: Slowbro|Scald|p2a: Manaphy
|-resisted|p2a: Manaphy
|-damage|p2a: Manaphy|308\/353
|-status|p2a: Manaphy|brn
|
|-heal|p2a: Manaphy|330\/353 brn|[from] item: Leftovers
|-heal|p1a: Slowbro|394\/394|[from] item: Leftovers
|-damage|p2a: Manaphy|286\/353 brn|[from] brn
|turn|9
|
|switch|p1a: Sylveon|Sylveon, M|394\/394
|-activate|p1a: Sylveon|move: Sticky Web
|-unboost|p1a: Sylveon|spe|1
|move|p2a: Manaphy|Tail Glow|p2a: Manaphy
|-boost|p2a: Manaphy|spa|3
|
|-heal|p2a: Manaphy|308\/353 brn|[from] item: Leftovers
|-damage|p2a: Manaphy|264\/353 brn|[from] brn
|turn|10
|
|move|p2a: Manaphy|Rain Dance|p2a: Manaphy
|-weather|RainDance
|move|p1a: Sylveon|Hyper Voice|p2a: Manaphy
|-damage|p2a: Manaphy|125\/353 brn
|
|-weather|RainDance|[upkeep]
|-curestatus|p2a: Manaphy|brn
|-heal|p2a: Manaphy|147\/353|[from] item: Leftovers
|turn|11
|
|switch|p1a: Metagross|Metagross|301\/301
|-activate|p1a: Metagross|move: Sticky Web
|-fail|p1a: Metagross|unboost|[from] ability: Clear Body|[of] p1a: Metagross
|move|p2a: Manaphy|Scald|p1a: Metagross
|-damage|p1a: Metagross|0 fnt
|faint|p1a: Metagross
|
|-weather|RainDance|[upkeep]
|-heal|p2a: Manaphy|169\/353|[from] item: Leftovers
|
|switch|p1a: Serperior|Serperior, M, shiny|74\/294
|-activate|p1a: Serperior|move: Sticky Web
|-boost|p1a: Serperior|spe|1
|turn|12
|
|move|p1a: Serperior|Giga Drain|p2a: Manaphy
|-supereffective|p2a: Manaphy
|-damage|p2a: Manaphy|0 fnt
|-heal|p1a: Serperior|159\/294|[from] drain|[of] p2a: Manaphy
|-damage|p1a: Serperior|130\/294|[from] item: Life Orb
|faint|p2a: Manaphy
|
|-weather|RainDance|[upkeep]
|
|switch|p2a: Mamoswine|Mamoswine, F|325\/361
|turn|13
|
|switch|p1a: Slowbro|Slowbro, M|394\/394
|-activate|p1a: Slowbro|move: Sticky Web
|-unboost|p1a: Slowbro|spe|1
|switch|p2a: Gardevoir|Gardevoir, F|298\/298
|-ability|p2a: Gardevoir|Regenerator|[from] ability: Trace|[of] p1a: Slowbro
|
|-weather|RainDance|[upkeep]
|turn|14
|
|detailschange|p2a: Gardevoir|Gardevoir-Mega, F
|-mega|p2a: Gardevoir|Gardevoir|Gardevoirite
|move|p2a: Gardevoir|Hyper Voice|p1a: Slowbro
|-damage|p1a: Slowbro|109\/394
|move|p1a: Slowbro|Thunder Wave|p2a: Gardevoir
|-status|p2a: Gardevoir|par
|
|-weather|none
|-heal|p1a: Slowbro|133\/394|[from] item: Leftovers
|turn|15
|
|switch|p1a: Gliscor|Gliscor, M, shiny|352\/352
|move|p2a: Gardevoir|Hyper Voice|p1a: Gliscor
|-damage|p1a: Gliscor|145\/352
|
|-status|p1a: Gliscor|tox|[from] item: Toxic Orb
|turn|16
|
|move|p1a: Gliscor|Roost|p1a: Gliscor
|-heal|p1a: Gliscor|321\/352 tox
|cant|p2a: Gardevoir|par
|
|-heal|p1a: Gliscor|352\/352 tox|[from] ability: Poison Heal
|turn|17
|
|move|p1a: Gliscor|Stealth Rock|p2a: Gardevoir
|-sidestart|p2: TheThorn|move: Stealth Rock
|move|p2a: Gardevoir|Hyper Voice|p1a: Gliscor
|-damage|p1a: Gliscor|129\/352 tox
|
|-heal|p1a: Gliscor|173\/352 tox|[from] ability: Poison Heal
|turn|18
|
|move|p1a: Gliscor|Roost|p1a: Gliscor
|-heal|p1a: Gliscor|349\/352 tox
|cant|p2a: Gardevoir|par
|
|-heal|p1a: Gliscor|352\/352 tox|[from] ability: Poison Heal
|turn|19
|
|move|p1a: Gliscor|Earthquake|p2a: Gardevoir
|-damage|p2a: Gardevoir|157\/298 par
|cant|p2a: Gardevoir|par
|
|turn|20
|
|move|p1a: Gliscor|Earthquake|p2a: Gardevoir
|-damage|p2a: Gardevoir|13\/298 par
|move|p2a: Gardevoir|Hyper Voice|p1a: Gliscor
|-damage|p1a: Gliscor|159\/352 tox
|
|-heal|p1a: Gliscor|203\/352 tox|[from] ability: Poison Heal
|turn|21
|
|move|p1a: Gliscor|Earthquake|p2a: Gardevoir
|-damage|p2a: Gardevoir|0 fnt
|faint|p2a: Gardevoir
|
|-heal|p1a: Gliscor|247\/352 tox|[from] ability: Poison Heal
|
|switch|p2a: Mamoswine|Mamoswine, F|325\/361
|-damage|p2a: Mamoswine|280\/361|[from] Stealth Rock
|turn|22
|
|switch|p1a: Slowbro|Slowbro, M|264\/394
|-activate|p1a: Slowbro|move: Sticky Web
|-unboost|p1a: Slowbro|spe|1
|move|p2a: Mamoswine|Icicle Spear|p1a: Slowbro
|-resisted|p1a: Slowbro
|-damage|p1a: Slowbro|245\/394
|-resisted|p1a: Slowbro
|-damage|p1a: Slowbro|226\/394
|-resisted|p1a: Slowbro
|-damage|p1a: Slowbro|207\/394
|-hitcount|p1a: Slowbro|3
|-damage|p2a: Mamoswine|244\/361|[from] item: Life Orb
|
|-heal|p1a: Slowbro|231\/394|[from] item: Leftovers
|turn|23
|
|move|p2a: Mamoswine|Stealth Rock|p1a: Slowbro
|-sidestart|p1: wts this|move: Stealth Rock
|move|p1a: Slowbro|Scald|p2a: Mamoswine
|-supereffective|p2a: Mamoswine
|-damage|p2a: Mamoswine|0 fnt
|faint|p2a: Mamoswine
|
|-heal|p1a: Slowbro|255\/394|[from] item: Leftovers
|-message|TheThorn forfeited.
|leave|TheThorn
|
|win|wts this
|raw|Ladder updating...
|player|p2
|raw|wts this's rating: 1325 &rarr; <strong>1349<\/strong><br \/>(+24 for winning)
|raw|TheThorn's rating: 1394 &rarr; <strong>1371<\/strong><br \/>(-23 for losing)