|join|wts this
|join|Helio-Sun TEST
|player|p1|wts this|20
|player|p2|Helio-Sun TEST|282
|gametype|singles
|gen|6
|tier|OU
|rated
|clearpoke
|poke|p1|Sharpedo, F
|poke|p1|Gliscor, M, shiny
|poke|p1|Amoonguss, M
|poke|p1|Heatran, F
|poke|p1|Jirachi
|poke|p1|Clefable, F
|poke|p2|Gliscor, M
|poke|p2|Klefki, F
|poke|p2|Sharpedo, M
|poke|p2|Zapdos
|poke|p2|Excadrill, M
|poke|p2|Gyarados, M
|rule|Swagger Clause: Swagger is banned
|rule|Baton Pass Clause: Limit one PokÃ©mon knowing Baton Pass
|rule|Sleep Clause Mod: Limit one foe put to sleep
|rule|Species Clause: Limit one of each PokÃ©mon
|rule|OHKO Clause: OHKO moves are banned
|rule|Moody Clause: Moody is banned
|rule|Evasion Moves Clause: Evasion moves are banned
|rule|Endless Battle Clause: Forcing endless battles is banned
|rule|HP Percentage Mod: HP is shown in percentages
|teampreview
|
|start
|switch|p1a: Gliscor|Gliscor, M, shiny|352\/352
|switch|p2a: Perhaps I...|Gliscor, M|352\/352
|turn|1
|
|switch|p1a: Amoonguss|Amoonguss, M|432\/432
|move|p2a: Perhaps I...|Substitute|p2a: Perhaps I...
|-start|p2a: Perhaps I...|Substitute
|-damage|p2a: Perhaps I...|264\/352
|
|-status|p2a: Perhaps I...|tox|[from] item: Toxic Orb
|turn|2
|
|move|p2a: Perhaps I...|Swords Dance|p2a: Perhaps I...
|-boost|p2a: Perhaps I...|atk|2
|move|p1a: Amoonguss|Giga Drain|p2a: Perhaps I...
|-end|p2a: Perhaps I...|Substitute
|
|-heal|p2a: Perhaps I...|308\/352 tox|[from] ability: Poison Heal
|turn|3
|
|move|p2a: Perhaps I...|Earthquake|p1a: Amoonguss
|-damage|p1a: Amoonguss|212\/432
|move|p1a: Amoonguss|Clear Smog|p2a: Perhaps I...
|-resisted|p2a: Perhaps I...
|-damage|p2a: Perhaps I...|273\/352 tox
|-clearboost|p2a: Perhaps I...
|
|-heal|p1a: Amoonguss|239\/432|[from] item: Black Sludge
|-heal|p2a: Perhaps I...|317\/352 tox|[from] ability: Poison Heal
|turn|4
|
|move|p2a: Perhaps I...|Baton Pass|p2a: Perhaps I...
|
|switch|p2a: Rene la taupe|Excadrill, M|361\/361
|-ability|p2a: Rene la taupe|Mold Breaker
|-item|p2a: Rene la taupe|Air Balloon
|move|p1a: Amoonguss|Giga Drain|p2a: Rene la taupe
|-damage|p2a: Rene la taupe|259\/361
|-heal|p1a: Amoonguss|290\/432|[from] drain|[of] p2a: Rene la taupe
|-enditem|p2a: Rene la taupe|Air Balloon
|
|-heal|p1a: Amoonguss|317\/432|[from] item: Black Sludge
|turn|5
|
|move|p2a: Rene la taupe|Stealth Rock|p1a: Amoonguss
|-sidestart|p1: wts this|move: Stealth Rock
|move|p1a: Amoonguss|Stun Spore|p2a: Rene la taupe
|-status|p2a: Rene la taupe|par
|
|-heal|p1a: Amoonguss|344\/432|[from] item: Black Sludge
|turn|6
|
|move|p1a: Amoonguss|Giga Drain|p2a: Rene la taupe
|-crit|p2a: Rene la taupe
|-damage|p2a: Rene la taupe|97\/361 par
|-heal|p1a: Amoonguss|425\/432|[from] drain|[of] p2a: Rene la taupe
|move|p2a: Rene la taupe|Iron Head|p1a: Amoonguss
|-damage|p1a: Amoonguss|280\/432
|
|-heal|p1a: Amoonguss|307\/432|[from] item: Black Sludge
|turn|7
|
|switch|p2a: Thunder Bird|Zapdos|384\/384
|-ability|p2a: Thunder Bird|Pressure
|move|p1a: Amoonguss|Giga Drain|p2a: Thunder Bird
|-resisted|p2a: Thunder Bird
|-damage|p2a: Thunder Bird|352\/384
|-heal|p1a: Amoonguss|323\/432|[from] drain|[of] p2a: Thunder Bird
|
|-heal|p2a: Thunder Bird|376\/384|[from] item: Leftovers
|-heal|p1a: Amoonguss|350\/432|[from] item: Black Sludge
|turn|8
|
|switch|p2a: Perhaps I...|Gliscor, M|317\/352 tox
|move|p1a: Amoonguss|Spore|p2a: Perhaps I...
|-fail|p2a: Perhaps I...
|
|-heal|p1a: Amoonguss|377\/432|[from] item: Black Sludge
|-heal|p2a: Perhaps I...|352\/352 tox|[from] ability: Poison Heal
|turn|9
|
|move|p2a: Perhaps I...|Swords Dance|p2a: Perhaps I...
|-boost|p2a: Perhaps I...|atk|2
|move|p1a: Amoonguss|Giga Drain|p2a: Perhaps I...
|-damage|p2a: Perhaps I...|249\/352 tox
|-heal|p1a: Amoonguss|429\/432|[from] drain|[of] p2a: Perhaps I...
|
|-heal|p1a: Amoonguss|432\/432|[from] item: Black Sludge
|-heal|p2a: Perhaps I...|293\/352 tox|[from] ability: Poison Heal
|turn|10
|
|move|p2a: Perhaps I...|Substitute|p2a: Perhaps I...
|-start|p2a: Perhaps I...|Substitute
|-damage|p2a: Perhaps I...|205\/352 tox
|move|p1a: Amoonguss|Giga Drain|p2a: Perhaps I...
|-end|p2a: Perhaps I...|Substitute
|
|-heal|p2a: Perhaps I...|249\/352 tox|[from] ability: Poison Heal
|turn|11
|
|move|p2a: Perhaps I...|Substitute|p2a: Perhaps I...
|-start|p2a: Perhaps I...|Substitute
|-damage|p2a: Perhaps I...|161\/352 tox
|move|p1a: Amoonguss|Giga Drain|p2a: Perhaps I...
|-end|p2a: Perhaps I...|Substitute
|
|-heal|p2a: Perhaps I...|205\/352 tox|[from] ability: Poison Heal
|turn|12
|
|move|p2a: Perhaps I...|Baton Pass|p2a: Perhaps I...
|
|switch|p2a: Dragonforce|Gyarados, M|353\/353
|-ability|p2a: Dragonforce|Intimidate|[of] p1a: Amoonguss
|-unboost|p1a: Amoonguss|atk|1
|move|p1a: Amoonguss|Clear Smog|p2a: Dragonforce
|-damage|p2a: Dragonforce|304\/353
|-clearboost|p2a: Dragonforce
|
|-heal|p2a: Dragonforce|326\/353|[from] item: Leftovers
|turn|13
|
|switch|p1a: Gliscor|Gliscor, M, shiny|352\/352
|-damage|p1a: Gliscor|308\/352|[from] Stealth Rock
|move|p2a: Dragonforce|Taunt|p1a: Gliscor
|-start|p1a: Gliscor|move: Taunt
|
|-heal|p2a: Dragonforce|348\/353|[from] item: Leftovers
|-status|p1a: Gliscor|tox|[from] item: Toxic Orb
|turn|14
|
|switch|p1a: Jirachi|Jirachi|404\/404
|-damage|p1a: Jirachi|379\/404|[from] Stealth Rock
|move|p2a: Dragonforce|Dragon Dance|p2a: Dragonforce
|-boost|p2a: Dragonforce|atk|1
|-boost|p2a: Dragonforce|spe|1
|
|-heal|p2a: Dragonforce|353\/353|[from] item: Leftovers
|-heal|p1a: Jirachi|404\/404|[from] item: Leftovers
|turn|15
|
|switch|p2a: Key of Victory|Klefki, F|317\/317
|move|p1a: Jirachi|Toxic|p2a: Key of Victory
|-fail|p2a: Key of Victory
|
|turn|16
|
|move|p2a: Key of Victory|Light Screen|p2a: Key of Victory
|-sidestart|p2: Helio-Sun TEST|move: Light Screen
|move|p1a: Jirachi|Stealth Rock|p2a: Key of Victory
|-sidestart|p2: Helio-Sun TEST|move: Stealth Rock
|
|turn|17
|
|switch|p1a: Gliscor|Gliscor, M, shiny|308\/352 tox
|-damage|p1a: Gliscor|264\/352 tox|[from] Stealth Rock
|move|p2a: Key of Victory|Foul Play|p1a: Gliscor
|-damage|p1a: Gliscor|217\/352 tox
|
|-heal|p1a: Gliscor|261\/352 tox|[from] ability: Poison Heal
|turn|18
|
|switch|p2a: Perhaps I...|Gliscor, M|205\/352 tox
|-damage|p2a: Perhaps I...|161\/352 tox|[from] Stealth Rock
|move|p1a: Gliscor|Swords Dance|p1a: Gliscor
|-boost|p1a: Gliscor|atk|2
|
|-heal|p2a: Perhaps I...|205\/352 tox|[from] ability: Poison Heal
|-heal|p1a: Gliscor|305\/352 tox|[from] ability: Poison Heal
|turn|19
|
|move|p2a: Perhaps I...|Baton Pass|p2a: Perhaps I...
|
|switch|p2a: Key of Victory|Klefki, F|317\/317
|-damage|p2a: Key of Victory|298\/317|[from] Stealth Rock
|move|p1a: Gliscor|Swords Dance|p1a: Gliscor
|-boost|p1a: Gliscor|atk|2
|
|-heal|p1a: Gliscor|349\/352 tox|[from] ability: Poison Heal
|turn|20
|
|move|p2a: Key of Victory|Magnet Rise|p2a: Key of Victory
|-start|p2a: Key of Victory|Magnet Rise
|move|p1a: Gliscor|Earthquake|p2a: Key of Victory
|-immune|p2a: Key of Victory|[msg]
|
|-heal|p1a: Gliscor|352\/352 tox|[from] ability: Poison Heal
|turn|21
|
|move|p1a: Gliscor|Swords Dance|p1a: Gliscor
|-boost|p1a: Gliscor|atk|2
|move|p2a: Key of Victory|Foul Play|p1a: Gliscor
|-damage|p1a: Gliscor|160\/352 tox
|
|-heal|p1a: Gliscor|204\/352 tox|[from] ability: Poison Heal
|turn|22
|
|move|p1a: Gliscor|Baton Pass|p1a: Gliscor
|
|switch|p1a: Clefable|Clefable, F|394\/394
|move|p2a: Key of Victory|Foul Play|p1a: Clefable
|-resisted|p1a: Clefable
|-damage|p1a: Clefable|302\/394
|
|-heal|p1a: Clefable|326\/394|[from] item: Leftovers
|turn|23
|
|switch|p2a: Dragonforce|Gyarados, M|353\/353
|-damage|p2a: Dragonforce|265\/353|[from] Stealth Rock
|-ability|p2a: Dragonforce|Intimidate|[of] p1a: Clefable
|-unboost|p1a: Clefable|atk|1
|move|p1a: Clefable|Calm Mind|p1a: Clefable
|-boost|p1a: Clefable|spa|1
|-boost|p1a: Clefable|spd|1
|
|-heal|p2a: Dragonforce|287\/353|[from] item: Leftovers
|-heal|p1a: Clefable|350\/394|[from] item: Leftovers
|-sideend|p2: Helio-Sun TEST|move: Light Screen
|turn|24
|
|move|p2a: Dragonforce|Taunt|p1a: Clefable
|-start|p1a: Clefable|move: Taunt
|move|p1a: Clefable|Stored Power|p2a: Dragonforce
|-damage|p2a: Dragonforce|102\/353
|
|-heal|p2a: Dragonforce|124\/353|[from] item: Leftovers
|-heal|p1a: Clefable|374\/394|[from] item: Leftovers
|turn|25
|
|switch|p2a: Archie|Sharpedo, M|281\/281
|-damage|p2a: Archie|246\/281|[from] Stealth Rock
|move|p1a: Clefable|Moonblast|p2a: Archie
|-supereffective|p2a: Archie
|-damage|p2a: Archie|0 fnt
|faint|p2a: Archie
|
|-heal|p1a: Clefable|394\/394|[from] item: Leftovers
|-message|Helio-Sun TEST forfeited.
|leave|Helio-Sun TEST
|
|win|wts this
|raw|Ladder updating...
|player|p2
|raw|wts this's rating: 1535 &rarr; <strong>1552<\/strong><br \/>(+17 for winning)
|raw|Helio-Sun TEST's rating: 1486 &rarr; <strong>1469<\/strong><br \/>(-17 for losing)