|join|Rubicon
|join|xShiba
|player|p1|Rubicon|129
|player|p2|xShiba|170
|gametype|singles
|gen|6
|tier|UU
|rule|Sleep Clause Mod: Limit one foe put to sleep
|rule|Species Clause: Limit one of each PokÃ©mon
|rule|OHKO Clause: OHKO moves are banned
|rule|Moody Clause: Moody is banned
|rule|Evasion Moves Clause: Evasion moves are banned
|rule|Endless Battle Clause: Forcing endless battles is banned
|rule|HP Percentage Mod: HP is shown in percentages
|clearpoke
|poke|p1|Abomasnow, F
|poke|p1|Alakazam, F
|poke|p1|Kyurem
|poke|p1|Tentacruel, M
|poke|p1|Doublade, F
|poke|p1|Umbreon, M
|poke|p2|Tornadus, M
|poke|p2|Kingdra, M
|poke|p2|Kabutops, M
|poke|p2|Golduck, F
|poke|p2|Sableye, M
|poke|p2|Seismitoad, M
|rule|Swagger Clause: Swagger is banned
|rule|Baton Pass Clause: Limit one PokÃ©mon knowing Baton Pass
|teampreview
|join|Mienecho
|join|diggersby test lol
|c| diggersby test lol|hmmm seems familiar
|c| Mienecho|wait what?
|join|gobosox
|c| diggersby test lol|LoL
|c| gobosox|mfw
|c| gobosox|mfw
|c| Mienecho|gobo IT'S YOUR TEAM!
|c| gobosox|mfw
|c|âRubicon|time for music: https:\/\/www.youtube.com\/watch?v=JyqmSsEBXwY
|c| gobosox|mfw
|c| gobosox|mfw
|c| gobosox|mfw
|c| gobosox|mfw
|c| gobosox|mfw
|c| gobosox|mfw
|c| gobosox|mfw
|c| gobosox|mfw
|c| gobosox|mfw
|join|Tipsy Russian
|join|onom
|
|start
|switch|p1a: Cereal killer|Alakazam, F|252\/252
|switch|p2a: NASCAR|Tornadus, M|299\/299
|turn|1
|c| gobosox|based rubicon music hour
|join|drizzlehype
|
|move|p2a: NASCAR|Rain Dance|p2a: NASCAR
|-weather|RainDance
|move|p1a: Cereal killer|Psyshock|p2a: NASCAR
|-damage|p2a: NASCAR|98\/299
|
|-weather|RainDance|[upkeep]
|turn|2
|c|âRubicon|it's as fitting as it gets, too
|
|switch|p1a: Dreamworks|Umbreon, M|394\/394
|switch|p2a: Neptune|Kingdra, M|291\/291
|
|-weather|RainDance|[upkeep]
|turn|3
|c| onom|Shiba using the same team lol
|
|move|p2a: Neptune|Waterfall|p1a: Dreamworks
|-damage|p1a: Dreamworks|164\/394
|-damage|p2a: Neptune|262\/291|[from] item: Life Orb
|move|p1a: Dreamworks|Foul Play|p2a: Neptune
|-damage|p2a: Neptune|120\/291
|
|-weather|RainDance|[upkeep]
|-heal|p1a: Dreamworks|188\/394|[from] item: Leftovers
|turn|4
|
|move|p1a: Dreamworks|Protect|p1a: Dreamworks
|-singleturn|p1a: Dreamworks|Protect
|move|p2a: Neptune|Waterfall|p1a: Dreamworks
|-activate|p1a: Dreamworks|Protect
|
|-weather|RainDance|[upkeep]
|-heal|p1a: Dreamworks|212\/394|[from] item: Leftovers
|turn|5
|c| gobosox|mfw
|
|switch|p1a: 10k Leagues|Tentacruel, M|364\/364
|move|p2a: Neptune|Outrage|p1a: 10k Leagues
|-damage|p1a: 10k Leagues|111\/364
|-damage|p2a: Neptune|91\/291|[from] item: Life Orb
|
|-weather|RainDance|[upkeep]
|-heal|p1a: 10k Leagues|133\/364|[from] item: Black Sludge
|turn|6
|join|ay gurl how u doin
|c| onom|Ow!
|c| diggersby test lol|BAM
|leave|ay gurl how u doin
|c| onom|Nice!
|c| Mienecho|bruh
|c| gobosox|GET IT
|c|âxShiba|idk what im doing
|c| diggersby test lol|lol
|
|switch|p1a: Roflknief|Doublade, F|322\/322
|move|p2a: Neptune|Outrage|p1a: Roflknief
|-resisted|p1a: Roflknief
|-damage|p1a: Roflknief|267\/322
|-damage|p2a: Neptune|62\/291|[from] item: Life Orb
|
|-end|p2a: Neptune|rampage
|-start|p2a: Neptune|confusion
|-weather|RainDance|[upkeep]
|turn|7
|c| Mienecho|heheh
|c| gobosox|SHIBA's SO BAD WITH THE TEAM H's GOOD
|c| gobosox|*HE's
|c| Mienecho|PFFT!
|c| onom|It works
|c| gobosox|get it
|
|switch|p2a: Testicular Warts|Seismitoad, M|351\/351
|move|p1a: Roflknief|Shadow Sneak|p2a: Testicular Warts
|-damage|p2a: Testicular Warts|257\/351
|
|-weather|RainDance|[upkeep]
|turn|8
|c| onom|But he should switch
|c| gobosox|get it
|c| gobosox|get it
|c| gobosox|get it
|c| gobosox|get it
|c| gobosox|get it
|c| gobosox|get it
|c| gobosox|get it
|c| gobosox|get it
|c| gobosox|get it
|c| gobosox|get it
|c| gobosox|get it
|c| gobosox|get it
|c| gobosox|get it
|c| gobosox|get it
|c| gobosox|get it
|c| gobosox|get it
|c| gobosox|get it
|c| Mienecho|SHUT UP!
|c| gobosox|get it
|c| Tipsy Russian|hes doing what gobo couldnt
|
|switch|p1a: Aw hail no!|Abomasnow, F|349\/349
|-weather|Hail
|move|p2a: Testicular Warts|Hydro Pump|p1a: Aw hail no!
|-resisted|p1a: Aw hail no!
|-damage|p1a: Aw hail no!|233\/349
|-damage|p2a: Testicular Warts|222\/351|[from] item: Life Orb
|
|-weather|Hail|[upkeep]
|-damage|p2a: Testicular Warts|201\/351|[from] hail
|turn|9
|c| diggersby test lol|i do't git it
|
|detailschange|p1a: Aw hail no!|Abomasnow-Mega, F
|message|Abomasnow has Mega Evolved into Mega Abomasnow!
|move|p2a: Testicular Warts|Stealth Rock|p1a: Aw hail no!
|-sidestart|p1: Rubicon|move: Stealth Rock
|move|p1a: Aw hail no!|Giga Drain|p2a: Testicular Warts
|-supereffective|p2a: Testicular Warts
|-damage|p2a: Testicular Warts|0 fnt
|-heal|p1a: Aw hail no!|334\/349|[from] drain|[of] p2a: Testicular Warts
|faint|p2a: Testicular Warts
|
|-weather|Hail|[upkeep]
|c| diggersby test lol|:O
|
|switch|p2a: NASCAR|Tornadus, M|98\/299
|turn|10
|c| onom|Sacked on purpose
|c| Mienecho|Hello mega abomasnow
|
|move|p2a: NASCAR|Rain Dance|p2a: NASCAR
|-weather|RainDance
|move|p1a: Aw hail no!|Ice Shard|p2a: NASCAR
|-supereffective|p2a: NASCAR
|-damage|p2a: NASCAR|0 fnt
|faint|p2a: NASCAR
|
|-weather|RainDance|[upkeep]
|c| Mienecho|how are you doing today?
|c| onom|Make the rain count
|c|âxShiba|uhhh
|c|âxShiba|Abomasnow kek
|c|âxShiba|Reks entire team
|c| gobosox|yeah
|c| onom|Golduck
|c| gobosox|it's a bitch
|c| gobosox|give kabu stone edge
|c| onom|Unless you have Stone Edge
|c| gobosox|x scissor is still super effective too
|c| onom|Which you should
|c| gobosox|but it's just gonna giga drain back
|
|switch|p2a: Golfuck|Golduck, F|301\/301
|turn|11
|c| Mienecho|you don't have stab on kabutops?
|
|move|p2a: Golfuck|Signal Beam|p1a: Aw hail no!
|-supereffective|p1a: Aw hail no!
|-damage|p1a: Aw hail no!|139\/349
|-damage|p2a: Golfuck|271\/301|[from] item: Life Orb
|move|p1a: Aw hail no!|Giga Drain|p2a: Golfuck
|-supereffective|p2a: Golfuck
|-damage|p2a: Golfuck|0 fnt
|-heal|p1a: Aw hail no!|275\/349|[from] drain|[of] p2a: Golfuck
|faint|p2a: Golfuck
|
|-weather|RainDance|[upkeep]
|c| diggersby test lol|LOL
|c| onom|Nice
|c|âxShiba|Counter is real rn
|c| gobosox|mfw
|c| Tipsy Russian|nice and progress
|c| Mienecho|damage?
|
|switch|p2a: Neptune|Kingdra, M|62\/291
|turn|12
|c| onom|But Giga Drain
|c| Mienecho|where is it?
|
|move|p1a: Aw hail no!|Ice Shard|p2a: Neptune
|-damage|p2a: Neptune|0 fnt
|faint|p2a: Neptune
|
|-weather|RainDance|[upkeep]
|
|switch|p2a: Satan Dome|Kabutops, M|261\/261
|turn|13
|c| Mienecho|pfft
|
|switch|p1a: Roflknief|Doublade, F|267\/322
|-damage|p1a: Roflknief|247\/322|[from] Stealth Rock
|move|p2a: Satan Dome|X-Scissor|p1a: Roflknief
|-resisted|p1a: Roflknief
|-damage|p1a: Roflknief|231\/322
|-damage|p2a: Satan Dome|235\/261|[from] item: Life Orb
|
|-weather|RainDance|[upkeep]
|turn|14
|c| Mienecho|where is damage?
|join|THYMETIME
|c| onom|lol
|c| Mienecho|reveal the knock off
|
|switch|p1a: Cereal killer|Alakazam, F|252\/252
|move|p2a: Satan Dome|Swords Dance|p2a: Satan Dome
|-boost|p2a: Satan Dome|atk|2
|
|-weather|RainDance|[upkeep]
|turn|15
|
|move|p2a: Satan Dome|Waterfall|p1a: Cereal killer
|-enditem|p1a: Cereal killer|Focus Sash
|-damage|p1a: Cereal killer|1\/252
|-damage|p2a: Satan Dome|209\/261|[from] item: Life Orb
|move|p1a: Cereal killer|Psyshock|p2a: Satan Dome
|-damage|p2a: Satan Dome|68\/261
|
|-weather|RainDance|[upkeep]
|turn|16
|c| diggersby test lol|:O
|c| Mienecho|oh my
|c| gobosox|flinch
|c| Tipsy Russian|why
|c| Tipsy Russian|psyshock
|c|âRubicon|because no energy bawl
|c| Tipsy Russian|35 less spdef
|join|DrReuniclus3
|
|switch|p1a: Roflknief|Doublade, F|231\/322
|-damage|p1a: Roflknief|211\/322|[from] Stealth Rock
|move|p2a: Satan Dome|Waterfall|p1a: Roflknief
|-damage|p1a: Roflknief|0 fnt
|-damage|p2a: Satan Dome|42\/261|[from] item: Life Orb
|faint|p1a: Roflknief
|
|-weather|RainDance|[upkeep]
|c| Mienecho|sabeleye will flinch, crit, and confuse the team to death
|c| gobosox|mfw
|c| Mienecho|don't you worry
|c| gobosox|nothin stands up to this
|c| Mienecho|sabeley will make the comback
|
|switch|p1a: Aw hail no!|Abomasnow-Mega, F|275\/349
|-damage|p1a: Aw hail no!|188\/349|[from] Stealth Rock
|-weather|Hail
|turn|17
|c| gobosox|x scissor that bitch
|
|move|p2a: Satan Dome|Aqua Jet|p1a: Aw hail no!
|-resisted|p1a: Aw hail no!
|-damage|p1a: Aw hail no!|106\/349
|-damage|p2a: Satan Dome|16\/261|[from] item: Life Orb
|move|p1a: Aw hail no!|Ice Shard|p2a: Satan Dome
|-resisted|p2a: Satan Dome
|-damage|p2a: Satan Dome|0 fnt
|faint|p2a: Satan Dome
|
|-weather|Hail|[upkeep]
|c| gobosox|wtf
|c|âxShiba|>Ice Shard
|c| gobosox|oh
|c| Tipsy Russian|he had to
|
|switch|p2a: Whispering Eye|Sableye, M|304\/304
|turn|18
|c| gobosox|:(
|c| onom|Sableye incoming
|
|move|p2a: Whispering Eye|Foul Play|p1a: Aw hail no!
|-damage|p1a: Aw hail no!|0 fnt
|faint|p1a: Aw hail no!
|
|-weather|Hail|[upkeep]
|-damage|p2a: Whispering Eye|285\/304|[from] hail
|
|switch|p1a: Cereal killer|Alakazam, F|1\/252
|turn|19
|c|âxShiba|Sableye foul play sweep y\/y
|c| Mienecho|go buddy go
|c| onom|Now watch Sableye win the match
|c| DrReuniclus3|reveal confuse ray
|
|move|p1a: Cereal killer|Dazzling Gleam|p2a: Whispering Eye
|-supereffective|p2a: Whispering Eye
|-damage|p2a: Whispering Eye|91\/304
|move|p2a: Whispering Eye|Foul Play|p1a: Cereal killer
|-supereffective|p1a: Cereal killer
|-damage|p1a: Cereal killer|0 fnt
|faint|p1a: Cereal killer
|
|-weather|Hail|[upkeep]
|-damage|p2a: Whispering Eye|72\/304|[from] hail
|c| Mienecho|you can do this
|c| Mienecho|not really but still
|c| Tipsy Russian|lol
|
|switch|p1a: Cocytus|Kyurem|405\/405
|-damage|p1a: Cocytus|304\/405|[from] Stealth Rock
|-ability|p1a: Cocytus|Pressure
|turn|20
|c| DrReuniclus3|reveal confuse ray rn
|
|move|p2a: Whispering Eye|Rain Dance|p2a: Whispering Eye
|-weather|RainDance
|move|p1a: Cocytus|Ice Beam|p2a: Whispering Eye
|-damage|p2a: Whispering Eye|0 fnt
|faint|p2a: Whispering Eye
|
|win|Rubicon
|leave|gobosox
|leave|diggersby test lol
|leave|xShiba
|player|p2
|c| onom|Why no Recover?
|leave|Mienecho
|leave|Tipsy Russian
|leave|onom
|leave|DrReuniclus3