|join|Fook Me
|join|Rubicon
|player|p1|Fook Me|169
|player|p2|Rubicon|129
|gametype|singles
|gen|6
|tier|UU
|rated
|rule|Sleep Clause Mod: Limit one foe put to sleep
|rule|Species Clause: Limit one of each Pokemon
|rule|OHKO Clause: OHKO moves are banned
|rule|Moody Clause: Moody is banned
|rule|Evasion Moves Clause: Evasion moves are banned
|rule|Endless Battle Clause: Forcing endless battles is banned
|rule|HP Percentage Mod: HP is reported as percentages
|clearpoke
|poke|p1|Qwilfish, M
|poke|p1|Dugtrio, M
|poke|p1|Kyurem
|poke|p1|Blastoise, M
|poke|p1|Fletchinder, M
|poke|p1|Tangela, F
|poke|p2|Alomomola, F
|poke|p2|Drapion, M
|poke|p2|Cacturne, M
|poke|p2|Entei, shiny
|poke|p2|Togetic, F
|poke|p2|Alakazam, M
|rule|Baton Pass Clause: Limit 3 pokemon knowing Baton Pass
|teampreview
|chat|Fook Me|mfw
|chat|Fook Me|rubicon
|chat|Fook Me|its iloseagain, dont know if you remember
|chat|Fook Me|nerd
|
|start
|switch|p1a: Qwilfish|Qwilfish, M|334\/334
|switch|p2a: Cereal killer|Alakazam, M|252\/252
|-ability|p1a: Qwilfish|Intimidate|[of] p2a: Cereal killer
|-unboost|p2a: Cereal killer|atk|1
|turn|1
|
|switch|p1a: Kyurem|Kyurem|454\/454
|-ability|p1a: Kyurem|Pressure
|move|p2a: Cereal killer|Psyshock|p1a: Kyurem
|-damage|p1a: Kyurem|276\/454
|
|-heal|p1a: Kyurem|304\/454|[from] item: Leftovers
|turn|2
|
|move|p2a: Cereal killer|Dazzling Gleam|p1a: Kyurem
|-supereffective|p1a: Kyurem
|-damage|p1a: Kyurem|124\/454
|move|p1a: Kyurem|Roost|p1a: Kyurem
|-heal|p1a: Kyurem|351\/454
|
|-heal|p1a: Kyurem|379\/454|[from] item: Leftovers
|turn|3
|
|switch|p2a: Sting'Zorga|Drapion, M|343\/343
|move|p1a: Kyurem|Ice Beam|p2a: Sting'Zorga
|-damage|p2a: Sting'Zorga|219\/343
|
|-heal|p1a: Kyurem|407\/454|[from] item: Leftovers
|-heal|p2a: Sting'Zorga|240\/343|[from] item: Black Sludge
|turn|4
|
|switch|p1a: Dugtrio|Dugtrio, M|211\/211
|move|p2a: Sting'Zorga|Toxic Spikes|p1a: Dugtrio
|-sidestart|p1: Fook Me|move: Toxic Spikes
|
|-heal|p2a: Sting'Zorga|261\/343|[from] item: Black Sludge
|turn|5
|
|move|p1a: Dugtrio|Earthquake|p2a: Sting'Zorga
|-supereffective|p2a: Sting'Zorga
|-damage|p2a: Sting'Zorga|13\/343
|move|p2a: Sting'Zorga|Whirlwind|p1a: Dugtrio
|drag|p1a: Blastoise|Blastoise, M|362\/362
|-status|p1a: Blastoise|psn
|
|-heal|p2a: Sting'Zorga|34\/343|[from] item: Black Sludge
|-damage|p1a: Blastoise|317\/362 psn|[from] psn
|turn|6
|
|switch|p2a: Paragon|Togetic, F|313\/313
|detailschange|p1a: Blastoise|Blastoise-Mega, M
|message|Blastoise has Mega Evolved into Mega Blastoise!
|move|p1a: Blastoise|Rapid Spin|p2a: Paragon
|-damage|p2a: Paragon|301\/313
|-sideend|p1: Fook Me|Toxic Spikes|[from] move: Rapid Spin|[of] p1a: Blastoise
|
|-damage|p1a: Blastoise|272\/362 psn|[from] psn
|turn|7
|
|switch|p1a: Qwilfish|Qwilfish, M|334\/334
|-ability|p1a: Qwilfish|Intimidate|[of] p2a: Paragon
|-unboost|p2a: Paragon|atk|1
|switch|p2a: Dr. Crane|Cacturne, M|281\/281
|
|turn|8
|
|switch|p2a: Paragon|Togetic, F|301\/313
|move|p1a: Qwilfish|Spikes|p2a: Paragon
|-sidestart|p2: Rubicon|Spikes
|
|turn|9
|
|move|p1a: Qwilfish|Thunder Wave|p2a: Paragon
|-status|p2a: Paragon|par
|move|p2a: Paragon|Defog|p1a: Qwilfish
|-unboost|p1a: Qwilfish|evasion|1
|-sideend|p2: Rubicon|Spikes|[from] move: Defog|[of] p2a: Paragon
|
|turn|10
|
|move|p1a: Qwilfish|Spikes|p2a: Paragon
|-sidestart|p2: Rubicon|Spikes
|cant|p2a: Paragon|par
|
|turn|11
|
|switch|p1a: Kyurem|Kyurem|407\/454
|-ability|p1a: Kyurem|Pressure
|move|p2a: Paragon|Defog|p1a: Kyurem
|-unboost|p1a: Kyurem|evasion|1
|-sideend|p2: Rubicon|Spikes|[from] move: Defog|[of] p2a: Paragon
|
|-heal|p1a: Kyurem|435\/454|[from] item: Leftovers
|turn|12
|
|switch|p2a: ARGRARJGHH|Entei, shiny|371\/371
|-ability|p2a: ARGRARJGHH|Pressure
|move|p1a: Kyurem|Ice Beam|p2a: ARGRARJGHH
|-resisted|p2a: ARGRARJGHH
|-damage|p2a: ARGRARJGHH|290\/371
|
|-heal|p1a: Kyurem|454\/454|[from] item: Leftovers
|turn|13
|
|switch|p1a: Qwilfish|Qwilfish, M|334\/334
|-ability|p1a: Qwilfish|Intimidate|[of] p2a: ARGRARJGHH
|-unboost|p2a: ARGRARJGHH|atk|1
|move|p2a: ARGRARJGHH|Sacred Fire|p1a: Qwilfish
|-resisted|p1a: Qwilfish
|-damage|p1a: Qwilfish|250\/334
|
|-heal|p1a: Qwilfish|270\/334|[from] item: Leftovers
|turn|14
|
|switch|p2a: Paragon|Togetic, F|301\/313 par
|move|p1a: Qwilfish|Toxic Spikes|p2a: Paragon
|-sidestart|p2: Rubicon|move: Toxic Spikes
|
|-heal|p1a: Qwilfish|290\/334|[from] item: Leftovers
|turn|15
|
|switch|p1a: Tangela|Tangela, F|334\/334
|move|p2a: Paragon|Heal Bell|p2a: Paragon
|-cureteam|p2a: Paragon|[from] move: HealBell
|
|turn|16
|
|move|p1a: Tangela|Infestation|p2a: Paragon
|-resisted|p2a: Paragon
|-damage|p2a: Paragon|300\/313
|-activate|p2a: Paragon|move: Infestation|[of] p1a: Tangela
|move|p2a: Paragon|Defog|p1a: Tangela
|-unboost|p1a: Tangela|evasion|1
|-sideend|p2: Rubicon|Toxic Spikes|[from] move: Defog|[of] p2a: Paragon
|
|-damage|p2a: Paragon|261\/313|[from] move: Infestation|[partiallytrapped]
|turn|17
|
|move|p1a: Tangela|Leech Seed|p2a: Paragon
|-start|p2a: Paragon|move: Leech Seed
|move|p2a: Paragon|Psychic|p1a: Tangela
|-damage|p1a: Tangela|282\/334
|
|-damage|p2a: Paragon|222\/313|[from] Leech Seed|[of] p1a: Tangela
|-heal|p1a: Tangela|321\/334|[silent]
|-damage|p2a: Paragon|183\/313|[from] move: Infestation|[partiallytrapped]
|turn|18
|
|move|p1a: Tangela|Knock Off|p2a: Paragon
|-resisted|p2a: Paragon
|-damage|p2a: Paragon|171\/313
|-enditem|p2a: Paragon|Eviolite|[from] move: Knock Off|[of] p1a: Tangela
|move|p2a: Paragon|Roost|p2a: Paragon
|-heal|p2a: Paragon|313\/313
|
|-damage|p2a: Paragon|274\/313|[from] Leech Seed|[of] p1a: Tangela
|-heal|p1a: Tangela|334\/334|[silent]
|-damage|p2a: Paragon|235\/313|[from] move: Infestation|[partiallytrapped]
|turn|19
|
|move|p1a: Tangela|Giga Drain|p2a: Paragon
|-resisted|p2a: Paragon
|-damage|p2a: Paragon|204\/313
|move|p2a: Paragon|Psychic|p1a: Tangela
|-damage|p1a: Tangela|289\/334
|
|-damage|p2a: Paragon|165\/313|[from] Leech Seed|[of] p1a: Tangela
|-heal|p1a: Tangela|328\/334|[silent]
|-damage|p2a: Paragon|126\/313|[from] move: Infestation|[partiallytrapped]
|turn|20
|
|switch|p1a: Qwilfish|Qwilfish, M|290\/334
|-ability|p1a: Qwilfish|Intimidate|[of] p2a: Paragon
|-unboost|p2a: Paragon|atk|1
|move|p2a: Paragon|Roost|p2a: Paragon
|-heal|p2a: Paragon|283\/313
|
|-heal|p1a: Qwilfish|310\/334|[from] item: Leftovers
|-damage|p2a: Paragon|244\/313|[from] Leech Seed|[of] p1a: Qwilfish
|-heal|p1a: Qwilfish|334\/334|[silent]
|-end|p2a: Paragon|Infestation|[partiallytrapped]
|turn|21
|
|move|p1a: Qwilfish|Spikes|p2a: Paragon
|-sidestart|p2: Rubicon|Spikes
|move|p2a: Paragon|Psychic|p1a: Qwilfish
|-supereffective|p1a: Qwilfish
|-damage|p1a: Qwilfish|162\/334
|
|-heal|p1a: Qwilfish|182\/334|[from] item: Leftovers
|-damage|p2a: Paragon|205\/313|[from] Leech Seed|[of] p1a: Qwilfish
|-heal|p1a: Qwilfish|221\/334|[silent]
|turn|22
|
|move|p1a: Qwilfish|Thunder Wave|p2a: Paragon
|-status|p2a: Paragon|par
|move|p2a: Paragon|Defog|p1a: Qwilfish
|-unboost|p1a: Qwilfish|evasion|1
|-sideend|p2: Rubicon|Spikes|[from] move: Defog|[of] p2a: Paragon
|
|-heal|p1a: Qwilfish|241\/334|[from] item: Leftovers
|-damage|p2a: Paragon|166\/313 par|[from] Leech Seed|[of] p1a: Qwilfish
|-heal|p1a: Qwilfish|280\/334|[silent]
|turn|23
|
|switch|p2a: Cereal killer|Alakazam, M|252\/252
|move|p1a: Qwilfish|Spikes|p2a: Cereal killer
|-sidestart|p2: Rubicon|Spikes
|
|-heal|p1a: Qwilfish|300\/334|[from] item: Leftovers
|turn|24
|
|switch|p1a: Kyurem|Kyurem|454\/454
|-ability|p1a: Kyurem|Pressure
|move|p2a: Cereal killer|Psyshock|p1a: Kyurem
|-damage|p1a: Kyurem|267\/454
|
|-heal|p1a: Kyurem|295\/454|[from] item: Leftovers
|turn|25
|
|move|p2a: Cereal killer|Psyshock|p1a: Kyurem
|-damage|p1a: Kyurem|120\/454
|move|p1a: Kyurem|Ice Beam|p2a: Cereal killer
|-crit|p2a: Cereal killer
|-damage|p2a: Cereal killer|45\/252
|
|-heal|p1a: Kyurem|148\/454|[from] item: Leftovers
|turn|26
|
|switch|p1a: Dugtrio|Dugtrio, M|211\/211
|move|p2a: Cereal killer|Psyshock|p1a: Dugtrio
|-enditem|p1a: Dugtrio|Focus Sash
|-damage|p1a: Dugtrio|1\/211
|
|turn|27
|
|move|p1a: Dugtrio|Sucker Punch|p2a: Cereal killer
|-supereffective|p2a: Cereal killer
|-damage|p2a: Cereal killer|0 fnt
|faint|p2a: Cereal killer
|
|
|switch|p2a: Lonely Heart|Alomomola, F|497\/497
|-damage|p2a: Lonely Heart|435\/497|[from] Spikes
|turn|28
|
|move|p1a: Dugtrio|Stealth Rock|p2a: Lonely Heart
|-sidestart|p2: Rubicon|move: Stealth Rock
|move|p2a: Lonely Heart|Wish|p2a: Lonely Heart
|
|turn|29
|
|switch|p1a: Kyurem|Kyurem|148\/454
|-ability|p1a: Kyurem|Pressure
|move|p2a: Lonely Heart|Toxic|p1a: Kyurem
|-status|p1a: Kyurem|tox
|
|-heal|p2a: Lonely Heart|497\/497|[from] move: Wish|[wisher] Lonely Heart
|-heal|p1a: Kyurem|176\/454 tox|[from] item: Leftovers
|-damage|p1a: Kyurem|148\/454 tox|[from] psn
|turn|30
|
|move|p1a: Kyurem|Roost|p1a: Kyurem
|-heal|p1a: Kyurem|375\/454 tox
|move|p2a: Lonely Heart|Wish|p2a: Lonely Heart
|
|-heal|p1a: Kyurem|403\/454 tox|[from] item: Leftovers
|-damage|p1a: Kyurem|347\/454 tox|[from] psn
|turn|31
|
|switch|p2a: Paragon|Togetic, F|166\/313 par
|-damage|p2a: Paragon|88\/313 par|[from] Stealth Rock
|move|p1a: Kyurem|Substitute|p1a: Kyurem
|-start|p1a: Kyurem|Substitute
|-damage|p1a: Kyurem|234\/454 tox
|
|-heal|p2a: Paragon|313\/313 par|[from] move: Wish|[wisher] Lonely Heart
|-heal|p1a: Kyurem|262\/454 tox|[from] item: Leftovers
|-damage|p1a: Kyurem|178\/454 tox|[from] psn
|turn|32
|
|move|p1a: Kyurem|Ice Beam|p2a: Paragon
|-supereffective|p2a: Paragon
|-damage|p2a: Paragon|143\/313 par
|move|p2a: Paragon|Defog|p1a: Kyurem
|-sideend|p2: Rubicon|Spikes|[from] move: Defog|[of] p2a: Paragon
|-sideend|p2: Rubicon|Stealth Rock|[from] move: Defog|[of] p2a: Paragon
|
|-heal|p1a: Kyurem|206\/454 tox|[from] item: Leftovers
|-damage|p1a: Kyurem|94\/454 tox|[from] psn
|turn|33
|
|switch|p2a: Lonely Heart|Alomomola, F|497\/497
|move|p1a: Kyurem|Roost|p1a: Kyurem
|-heal|p1a: Kyurem|321\/454 tox
|
|-heal|p1a: Kyurem|349\/454 tox|[from] item: Leftovers
|-damage|p1a: Kyurem|209\/454 tox|[from] psn
|turn|34
|
|switch|p1a: Qwilfish|Qwilfish, M|300\/334
|-ability|p1a: Qwilfish|Intimidate|[of] p2a: Lonely Heart
|-unboost|p2a: Lonely Heart|atk|1
|move|p2a: Lonely Heart|Wish|p2a: Lonely Heart
|
|-heal|p1a: Qwilfish|320\/334|[from] item: Leftovers
|turn|35
|
|switch|p2a: Paragon|Togetic, F|143\/313 par
|move|p1a: Qwilfish|Toxic Spikes|p2a: Paragon
|-sidestart|p2: Rubicon|move: Toxic Spikes
|
|-heal|p2a: Paragon|313\/313 par|[from] move: Wish|[wisher] Lonely Heart
|-heal|p1a: Qwilfish|334\/334|[from] item: Leftovers
|turn|36
|
|switch|p1a: Tangela|Tangela, F|334\/334
|move|p2a: Paragon|Heal Bell|p2a: Paragon
|-cureteam|p2a: Paragon|[from] move: HealBell
|
|turn|37
|
|switch|p2a: Sting'Zorga|Drapion, M|34\/343
|-sideend|p2: Rubicon|move: Toxic Spikes|[of] p2a: Sting'Zorga
|move|p1a: Tangela|Infestation|p2a: Sting'Zorga
|-damage|p2a: Sting'Zorga|21\/343
|-activate|p2a: Sting'Zorga|move: Infestation|[of] p1a: Tangela
|
|-heal|p2a: Sting'Zorga|42\/343|[from] item: Black Sludge
|-damage|p2a: Sting'Zorga|0 fnt|[from] move: Infestation|[partiallytrapped]
|faint|p2a: Sting'Zorga
|
|switch|p2a: ARGRARJGHH|Entei, shiny|290\/371
|-ability|p2a: ARGRARJGHH|Pressure
|turn|38
|
|switch|p1a: Qwilfish|Qwilfish, M|334\/334
|-ability|p1a: Qwilfish|Intimidate|[of] p2a: ARGRARJGHH
|-unboost|p2a: ARGRARJGHH|atk|1
|move|p2a: ARGRARJGHH|Sacred Fire|p1a: Qwilfish
|-resisted|p1a: Qwilfish
|-damage|p1a: Qwilfish|256\/334
|-status|p1a: Qwilfish|brn
|
|-heal|p1a: Qwilfish|276\/334 brn|[from] item: Leftovers
|-damage|p1a: Qwilfish|235\/334 brn|[from] brn
|turn|39
|
|switch|p2a: Paragon|Togetic, F|313\/313
|move|p1a: Qwilfish|Toxic Spikes|p2a: Paragon
|-sidestart|p2: Rubicon|move: Toxic Spikes
|
|-heal|p1a: Qwilfish|255\/334 brn|[from] item: Leftovers
|-damage|p1a: Qwilfish|214\/334 brn|[from] brn
|turn|40
|
|move|p1a: Qwilfish|Thunder Wave|p2a: Paragon
|-status|p2a: Paragon|par
|move|p2a: Paragon|Defog|p1a: Qwilfish
|-unboost|p1a: Qwilfish|evasion|1
|-sideend|p2: Rubicon|Toxic Spikes|[from] move: Defog|[of] p2a: Paragon
|
|-heal|p1a: Qwilfish|234\/334 brn|[from] item: Leftovers
|-damage|p1a: Qwilfish|193\/334 brn|[from] brn
|turn|41
|
|switch|p1a: Tangela|Tangela, F|334\/334
|cant|p2a: Paragon|par
|
|turn|42
|
|switch|p2a: ARGRARJGHH|Entei, shiny|290\/371
|-ability|p2a: ARGRARJGHH|Pressure
|move|p1a: Tangela|Infestation|p2a: ARGRARJGHH
|-resisted|p2a: ARGRARJGHH
|-damage|p2a: ARGRARJGHH|280\/371
|-activate|p2a: ARGRARJGHH|move: Infestation|[of] p1a: Tangela
|
|-damage|p2a: ARGRARJGHH|234\/371|[from] move: Infestation|[partiallytrapped]
|turn|43
|
|switch|p1a: Qwilfish|Qwilfish, M|193\/334 brn
|-ability|p1a: Qwilfish|Intimidate|[of] p2a: ARGRARJGHH
|-unboost|p2a: ARGRARJGHH|atk|1
|move|p2a: ARGRARJGHH|Sacred Fire|p1a: Qwilfish
|-resisted|p1a: Qwilfish
|-damage|p1a: Qwilfish|115\/334 brn
|
|-heal|p1a: Qwilfish|135\/334 brn|[from] item: Leftovers
|-damage|p1a: Qwilfish|94\/334 brn|[from] brn
|-end|p2a: ARGRARJGHH|Infestation|[partiallytrapped]
|turn|44
|
|switch|p2a: Paragon|Togetic, F|313\/313 par
|move|p1a: Qwilfish|Toxic Spikes|p2a: Paragon
|-sidestart|p2: Rubicon|move: Toxic Spikes
|
|-heal|p1a: Qwilfish|114\/334 brn|[from] item: Leftovers
|-damage|p1a: Qwilfish|73\/334 brn|[from] brn
|turn|45
|
|switch|p1a: Tangela|Tangela, F|334\/334
|move|p2a: Paragon|Defog|p1a: Tangela
|-unboost|p1a: Tangela|evasion|1
|-sideend|p2: Rubicon|Toxic Spikes|[from] move: Defog|[of] p2a: Paragon
|
|turn|46
|
|switch|p2a: ARGRARJGHH|Entei, shiny|234\/371
|-ability|p2a: ARGRARJGHH|Pressure
|move|p1a: Tangela|Leech Seed|p2a: ARGRARJGHH
|-start|p2a: ARGRARJGHH|move: Leech Seed
|
|-damage|p2a: ARGRARJGHH|188\/371|[from] Leech Seed|[of] p1a: Tangela
|turn|47
|
|switch|p1a: Qwilfish|Qwilfish, M|73\/334 brn
|-ability|p1a: Qwilfish|Intimidate|[of] p2a: ARGRARJGHH
|-unboost|p2a: ARGRARJGHH|atk|1
|move|p2a: ARGRARJGHH|Sacred Fire|p1a: Qwilfish
|-resisted|p1a: Qwilfish
|-damage|p1a: Qwilfish|0 fnt
|faint|p1a: Qwilfish
|
|
|switch|p1a: Dugtrio|Dugtrio, M|1\/211
|turn|48
|
|move|p1a: Dugtrio|Earthquake|p2a: ARGRARJGHH
|-supereffective|p2a: ARGRARJGHH
|-damage|p2a: ARGRARJGHH|0 fnt
|faint|p2a: ARGRARJGHH
|
|
|switch|p2a: Lonely Heart|Alomomola, F|497\/497
|turn|49
|
|move|p1a: Dugtrio|Stealth Rock|p2a: Lonely Heart
|-sidestart|p2: Rubicon|move: Stealth Rock
|move|p2a: Lonely Heart|Waterfall|p1a: Dugtrio
|-supereffective|p1a: Dugtrio
|-damage|p1a: Dugtrio|0 fnt
|faint|p1a: Dugtrio
|
|
|switch|p1a: Tangela|Tangela, F|334\/334
|turn|50
|
|move|p2a: Lonely Heart|Toxic|p1a: Tangela
|-status|p1a: Tangela|tox
|move|p1a: Tangela|Infestation|p2a: Lonely Heart
|-damage|p2a: Lonely Heart|472\/497
|-damage|p1a: Tangela|279\/334 tox|[from] item: Rocky Helmet|[of] p2a: Lonely Heart
|-activate|p2a: Lonely Heart|move: Infestation|[of] p1a: Tangela
|
|-damage|p1a: Tangela|259\/334 tox|[from] psn
|-damage|p2a: Lonely Heart|410\/497|[from] move: Infestation|[partiallytrapped]
|turn|51
|
|move|p2a: Lonely Heart|Protect|p2a: Lonely Heart
|-singleturn|p2a: Lonely Heart|Protect
|move|p1a: Tangela|Leech Seed|p2a: Lonely Heart
|-activate|p2a: Lonely Heart|Protect
|
|-damage|p1a: Tangela|219\/334 tox|[from] psn
|-damage|p2a: Lonely Heart|348\/497|[from] move: Infestation|[partiallytrapped]
|turn|52
|
|move|p2a: Lonely Heart|Wish|p2a: Lonely Heart
|move|p1a: Tangela|Leech Seed|p2a: Lonely Heart
|-start|p2a: Lonely Heart|move: Leech Seed
|
|-damage|p2a: Lonely Heart|286\/497|[from] Leech Seed|[of] p1a: Tangela
|-heal|p1a: Tangela|281\/334 tox|[silent]
|-damage|p1a: Tangela|221\/334 tox|[from] psn
|-damage|p2a: Lonely Heart|224\/497|[from] move: Infestation|[partiallytrapped]
|turn|53
|
|move|p2a: Lonely Heart|Protect|p2a: Lonely Heart
|-singleturn|p2a: Lonely Heart|Protect
|move|p1a: Tangela|Giga Drain|p2a: Lonely Heart
|-activate|p2a: Lonely Heart|Protect
|
|-heal|p2a: Lonely Heart|472\/497|[from] move: Wish|[wisher] Lonely Heart
|-damage|p2a: Lonely Heart|410\/497|[from] Leech Seed|[of] p1a: Tangela
|-heal|p1a: Tangela|283\/334 tox|[silent]
|-damage|p1a: Tangela|203\/334 tox|[from] psn
|-damage|p2a: Lonely Heart|348\/497|[from] move: Infestation|[partiallytrapped]
|turn|54
|
|move|p2a: Lonely Heart|Wish|p2a: Lonely Heart
|move|p1a: Tangela|Giga Drain|p2a: Lonely Heart
|-supereffective|p2a: Lonely Heart
|-damage|p2a: Lonely Heart|114\/497
|-heal|p1a: Tangela|320\/334 tox|[from] drain|[of] p2a: Lonely Heart
|
|-damage|p2a: Lonely Heart|52\/497|[from] Leech Seed|[of] p1a: Tangela
|-heal|p1a: Tangela|334\/334 tox|[silent]
|-damage|p1a: Tangela|234\/334 tox|[from] psn
|-end|p2a: Lonely Heart|Infestation|[partiallytrapped]
|turn|55
|chat|Fook Me|bulky seeds lool
|
|move|p2a: Lonely Heart|Protect|p2a: Lonely Heart
|-singleturn|p2a: Lonely Heart|Protect
|move|p1a: Tangela|Infestation|p2a: Lonely Heart
|-activate|p2a: Lonely Heart|Protect
|
|-heal|p2a: Lonely Heart|300\/497|[from] move: Wish|[wisher] Lonely Heart
|-damage|p2a: Lonely Heart|238\/497|[from] Leech Seed|[of] p1a: Tangela
|-heal|p1a: Tangela|296\/334 tox|[silent]
|-damage|p1a: Tangela|176\/334 tox|[from] psn
|turn|56
|
|switch|p2a: Paragon|Togetic, F|313\/313 par
|-damage|p2a: Paragon|235\/313 par|[from] Stealth Rock
|move|p1a: Tangela|Infestation|p2a: Paragon
|-resisted|p2a: Paragon
|-damage|p2a: Paragon|233\/313 par
|-activate|p2a: Paragon|move: Infestation|[of] p1a: Tangela
|
|-damage|p1a: Tangela|36\/334 tox|[from] psn
|-damage|p2a: Paragon|194\/313 par|[from] move: Infestation|[partiallytrapped]
|turn|57
|
|move|p1a: Tangela|Leech Seed|p2a: Paragon
|-start|p2a: Paragon|move: Leech Seed
|move|p2a: Paragon|Roost|p2a: Paragon
|-heal|p2a: Paragon|313\/313 par
|
|-damage|p2a: Paragon|274\/313 par|[from] Leech Seed|[of] p1a: Tangela
|-heal|p1a: Tangela|75\/334 tox|[silent]
|-damage|p1a: Tangela|0 fnt|[from] psn
|-end|p2a: Paragon|Infestation|[partiallytrapped]
|faint|p1a: Tangela
|
|switch|p1a: Fletchinder|Fletchinder, M|291\/291
|turn|58
|
|switch|p2a: Lonely Heart|Alomomola, F|403\/497
|-damage|p2a: Lonely Heart|341\/497|[from] Stealth Rock
|move|p1a: Fletchinder|Acrobatics|p2a: Lonely Heart
|-damage|p2a: Lonely Heart|223\/497
|-damage|p1a: Fletchinder|243\/291|[from] item: Rocky Helmet|[of] p2a: Lonely Heart
|
|turn|59
|
|switch|p1a: Blastoise|Blastoise-Mega, M|272\/362 psn
|move|p2a: Lonely Heart|Wish|p2a: Lonely Heart
|
|-damage|p1a: Blastoise|227\/362 psn|[from] psn
|turn|60
|
|switch|p2a: Paragon|Togetic, F|274\/313 par
|-damage|p2a: Paragon|196\/313 par|[from] Stealth Rock
|move|p1a: Blastoise|Dark Pulse|p2a: Paragon
|-resisted|p2a: Paragon
|-damage|p2a: Paragon|138\/313 par
|
|-heal|p2a: Paragon|313\/313 par|[from] move: Wish|[wisher] Lonely Heart
|-damage|p1a: Blastoise|182\/362 psn|[from] psn
|turn|61
|chat|Fook Me|fuck that misclik cost me
|
|switch|p1a: Fletchinder|Fletchinder, M|243\/291
|move|p2a: Paragon|Defog|p1a: Fletchinder
|-unboost|p1a: Fletchinder|evasion|1
|-sideend|p2: Rubicon|Stealth Rock|[from] move: Defog|[of] p2a: Paragon
|
|turn|62
|
|switch|p2a: Lonely Heart|Alomomola, F|388\/497
|move|p1a: Fletchinder|Swords Dance|p1a: Fletchinder
|-boost|p1a: Fletchinder|atk|2
|
|turn|63
|
|move|p1a: Fletchinder|Acrobatics|p2a: Lonely Heart
|-damage|p2a: Lonely Heart|159\/497
|-damage|p1a: Fletchinder|195\/291|[from] item: Rocky Helmet|[of] p2a: Lonely Heart
|move|p2a: Lonely Heart|Waterfall|p1a: Fletchinder
|-supereffective|p1a: Fletchinder
|-damage|p1a: Fletchinder|0 fnt
|faint|p1a: Fletchinder
|
|
|switch|p1a: Blastoise|Blastoise-Mega, M|182\/362 psn
|turn|64
|
|switch|p2a: Paragon|Togetic, F|313\/313 par
|move|p1a: Blastoise|Dark Pulse|p2a: Paragon
|-resisted|p2a: Paragon
|-damage|p2a: Paragon|260\/313 par
|
|-damage|p1a: Blastoise|137\/362 psn|[from] psn
|turn|65
|
|move|p1a: Blastoise|Ice Beam|p2a: Paragon
|-supereffective|p2a: Paragon
|-damage|p2a: Paragon|110\/313 par
|move|p2a: Paragon|Psychic|p1a: Blastoise
|-damage|p1a: Blastoise|82\/362 psn
|-unboost|p1a: Blastoise|spd|1
|
|-damage|p1a: Blastoise|37\/362 psn|[from] psn
|turn|66
|
|switch|p2a: Lonely Heart|Alomomola, F|324\/497
|move|p1a: Blastoise|Aura Sphere|p2a: Lonely Heart
|-crit|p2a: Lonely Heart
|-damage|p2a: Lonely Heart|12\/497
|
|-damage|p1a: Blastoise|0 fnt|[from] psn
|faint|p1a: Blastoise
|
|switch|p1a: Kyurem|Kyurem|209\/454 tox
|-ability|p1a: Kyurem|Pressure
|turn|67
|
|move|p1a: Kyurem|Ice Beam|p2a: Lonely Heart
|-resisted|p2a: Lonely Heart
|-damage|p2a: Lonely Heart|0 fnt
|faint|p2a: Lonely Heart
|
|-heal|p1a: Kyurem|237\/454 tox|[from] item: Leftovers
|-damage|p1a: Kyurem|209\/454 tox|[from] psn
|
|switch|p2a: Dr. Crane|Cacturne, M|281\/281
|turn|68
|chat|Rubicon|maybe not
|
|move|p1a: Kyurem|Roost|p1a: Kyurem
|-heal|p1a: Kyurem|436\/454 tox
|move|p2a: Dr. Crane|Drain Punch|p1a: Kyurem
|-supereffective|p1a: Kyurem
|-damage|p1a: Kyurem|184\/454 tox
|-damage|p2a: Dr. Crane|253\/281|[from] item: Life Orb
|
|-heal|p1a: Kyurem|212\/454 tox|[from] item: Leftovers
|-damage|p1a: Kyurem|156\/454 tox|[from] psn
|turn|69
|
|move|p2a: Dr. Crane|Sucker Punch|p1a: Kyurem
|-damage|p1a: Kyurem|0 fnt
|-damage|p2a: Dr. Crane|225\/281|[from] item: Life Orb
|faint|p1a: Kyurem
|
|win|Rubicon
|raw|Ladder updating...
|raw|Fook Me's rating: 1486 &rarr; <strong>1472<\/strong><br \/>(-14 for losing)
|raw|Rubicon's rating: 1592 &rarr; <strong>1606<\/strong><br \/>(+14 for winning)
|chat|Fook Me|gg
|chat|Rubicon|what an answer
|chat|Rubicon|well fought
|chat|Fook Me|ye