|join|Rubicon
|join|Wonto
|player|p1|Rubicon|129
|player|p2|Wonto|7
|gametype|singles
|gen|6
|tier|UU
|rule|Sleep Clause Mod: Limit one foe put to sleep
|rule|Species Clause: Limit one of each PokÃ©mon
|rule|OHKO Clause: OHKO moves are banned
|rule|Moody Clause: Moody is banned
|rule|Evasion Moves Clause: Evasion moves are banned
|rule|Endless Battle Clause: Forcing endless battles is banned
|rule|HP Percentage Mod: HP is shown in percentages
|clearpoke
|poke|p1|Alomomola, F
|poke|p1|Drapion, M
|poke|p1|Cacturne, M
|poke|p1|Entei, shiny
|poke|p1|Togetic, F
|poke|p1|Alakazam, M
|poke|p2|Aerodactyl, F
|poke|p2|Mienshao, M, shiny
|poke|p2|Flygon, F
|poke|p2|Vaporeon, M
|poke|p2|Umbreon, M
|poke|p2|Chandelure, F
|rule|Swagger Clause: Swagger is banned
|rule|Baton Pass Clause: Limit one PokÃ©mon knowing Baton Pass
|teampreview
|join|Living Proof
|join|ToxiCocks
|join|DrReuniclus0
|join|Violator88
|
|start
|switch|p1a: Sting'Zorga|Drapion, M|343\/343
|switch|p2a: Mienshao|Mienshao, M, shiny|271\/271
|turn|1
|join|ANGER MANAGEMENT
|c| Living Proof|#FinalsHype
|c| Violator88|accupressure sweep?
|c| ToxiCocks|Hyyypee
|
|move|p2a: Mienshao|Fake Out|p1a: Sting'Zorga
|-damage|p1a: Sting'Zorga|282\/343
|-damage|p2a: Mienshao|244\/271|[from] item: Life Orb
|cant|p1a: Sting'Zorga|flinch
|
|-heal|p1a: Sting'Zorga|303\/343|[from] item: Black Sludge
|turn|2
|c| DrReuniclus0|hype
|join|Nervous System
|c| DrReuniclus0|y\/y
|join|ZvZ
|
|switch|p1a: Lonely Heart|Alomomola, F|497\/497
|move|p2a: Mienshao|U-turn|p1a: Lonely Heart
|-damage|p1a: Lonely Heart|409\/497
|-damage|p2a: Mienshao|199\/271|[from] item: Rocky Helmet|[of] p1a: Lonely Heart
|-damage|p2a: Mienshao|172\/271|[from] item: Life Orb
|leave|ZvZ
|c| Living Proof|Fat Fish
|
|switch|p2a: Umbreon|Umbreon, M|394\/394
|
|turn|3
|c|âWonto|feeshy
|
|switch|p1a: Sting'Zorga|Drapion, M|303\/343
|move|p2a: Umbreon|Toxic|p1a: Sting'Zorga
|-fail|p1a: Sting'Zorga
|
|-heal|p1a: Sting'Zorga|324\/343|[from] item: Black Sludge
|turn|4
|join|Noriya
|join|I no good
|
|move|p1a: Sting'Zorga|Toxic Spikes|p2a: Umbreon
|-sidestart|p2: Wonto|move: Toxic Spikes
|move|p2a: Umbreon|Wish|p2a: Umbreon
|
|-heal|p1a: Sting'Zorga|343\/343|[from] item: Black Sludge
|turn|5
|
|switch|p2a: Flygon|Flygon, F|364\/364
|move|p1a: Sting'Zorga|Whirlwind|p2a: Flygon
|drag|p2a: Umbreon|Umbreon, M|394\/394
|-status|p2a: Umbreon|psn
|
|-damage|p2a: Umbreon|345\/394 psn|[from] psn
|turn|6
|join|DMT
|join|Technosis
|join|sniperaim
|join|Meowiekins
|join|LessThanThreeMan
|c| sniperaim|how!
|c| sniperaim|nvm
|
|switch|p2a: Mienshao|Mienshao, M, shiny|262\/271
|-status|p2a: Mienshao|psn
|move|p1a: Sting'Zorga|Toxic Spikes|p2a: Mienshao
|-sidestart|p2: Wonto|move: Toxic Spikes
|
|-damage|p2a: Mienshao|229\/271 psn|[from] psn
|turn|7
|
|switch|p1a: Lonely Heart|Alomomola, F|497\/497
|move|p2a: Mienshao|Fake Out|p1a: Lonely Heart
|-damage|p1a: Lonely Heart|446\/497
|-damage|p2a: Mienshao|184\/271 psn|[from] item: Rocky Helmet|[of] p1a: Lonely Heart
|-damage|p2a: Mienshao|157\/271 psn|[from] item: Life Orb
|
|-damage|p2a: Mienshao|124\/271 psn|[from] psn
|turn|8
|join|GeathDrips
|c| Meowiekins|does synchronize work with tspikes
|join|TheManOfMany23
|c| Meowiekins|?
|c|âRubicon|nope
|c| ToxiCocks|no it has to be from like a toxic
|c| ToxiCocks|or a willo
|c| GeathDrips|the cacturne doe
|
|switch|p2a: Vaporeon|Vaporeon, M|464\/464
|-status|p2a: Vaporeon|tox
|move|p1a: Lonely Heart|Wish|p1a: Lonely Heart
|
|-damage|p2a: Vaporeon|435\/464 tox|[from] psn
|turn|9
|c| Meowiekins|that would be a sweet play if ou could like heal bell and double switch when he goes to alomo
|
|switch|p1a: Sting'Zorga|Drapion, M|343\/343
|move|p2a: Vaporeon|Heal Bell|p2a: Vaporeon
|-cureteam|p2a: Vaporeon|[from] move: HealBell
|
|-heal|p2a: Vaporeon|464\/464|[from] item: Leftovers
|turn|10
|c| Meowiekins|free toxic
|c| ToxiCocks|double toxic spikes looking threatening
|join|Bud Hertz
|join|watfor
|
|move|p1a: Sting'Zorga|Taunt|p2a: Vaporeon
|-start|p2a: Vaporeon|move: Taunt
|move|p2a: Vaporeon|Scald|p1a: Sting'Zorga
|-damage|p1a: Sting'Zorga|244\/343
|
|-heal|p1a: Sting'Zorga|265\/343|[from] item: Black Sludge
|turn|11
|c| TheManOfMany23|acupressure
|join|ban windmill
|c|+DMT|acupressure is game
|
|switch|p1a: Dr. Crane|Cacturne, M|281\/281
|move|p2a: Vaporeon|Scald|p1a: Dr. Crane
|-immune|p1a: Dr. Crane|[msg]
|
|turn|12
|c| Violator88|acu sweep
|c|+DMT|cactus plant is also game
|
|switch|p2a: Aerodactyl|Aerodactyl, F|302\/302
|-ability|p2a: Aerodactyl|Pressure
|move|p1a: Dr. Crane|Swords Dance|p1a: Dr. Crane
|-boost|p1a: Dr. Crane|atk|2
|
|turn|13
|c| Bud Hertz|cactus plant
|c| Meowiekins|cactus plant is a threat
|c|âRubicon|it's my game
|c|+DMT|also just realizing
|c| Bud Hertz|is op
|c|+DMT|your team is amazing rubicon
|c|âRubicon|is what the cactus is
|c|âWonto|oh lawd
|c|+DMT|but your cactus
|
|detailschange|p2a: Aerodactyl|Aerodactyl-Mega, F
|message|Aerodactyl has Mega Evolved into Mega Aerodactyl!
|move|p1a: Dr. Crane|Sucker Punch|p2a: Aerodactyl
|-damage|p2a: Aerodactyl|0 fnt
|-damage|p1a: Dr. Crane|253\/281|[from] item: Life Orb
|faint|p2a: Aerodactyl
|
|c|+DMT|should be shiny
|c| TheManOfMany23|will it OHKO aero
|c|+DMT|imio
|c| TheManOfMany23|wow
|c| Meowiekins|oml
|c| GeathDrips|oh my god
|c|+DMT|yeah it ohkos his team
|join|dingbat
|c| GeathDrips|the god
|c|+DMT|at this point
|c| Meowiekins|clean
|c| ToxiCocks|op
|c| DrReuniclus0|kek
|
|switch|p2a: Flygon|Flygon, F|364\/364
|turn|14
|
|move|p1a: Dr. Crane|Sucker Punch|p2a: Flygon
|-fail|p2a: Flygon
|move|p2a: Flygon|Defog|p1a: Dr. Crane
|-unboost|p1a: Dr. Crane|evasion|1
|-sideend|p2: Wonto|Toxic Spikes|[from] move: Defog|[of] p2a: Flygon
|
|turn|15
|c| ban windmill|LOL
|
|switch|p2a: Umbreon|Umbreon, M|345\/394
|move|p1a: Dr. Crane|Sucker Punch|p2a: Umbreon
|-fail|p2a: Umbreon
|
|-heal|p2a: Umbreon|369\/394|[from] item: Leftovers
|turn|16
|c| dingbat|drain punch
|
|switch|p2a: Mienshao|Mienshao, M, shiny|214\/271
|move|p1a: Dr. Crane|Drain Punch|p2a: Mienshao
|-damage|p2a: Mienshao|0 fnt
|-heal|p1a: Dr. Crane|281\/281|[from] drain|[of] p2a: Mienshao
|-damage|p1a: Dr. Crane|253\/281|[from] item: Life Orb
|faint|p2a: Mienshao
|
|c| Meowiekins|rip
|c| GeathDrips|yum
|c| LessThanThreeMan|way to sack your sucker resist
|
|switch|p2a: Chandelure|Chandelure, F|261\/261
|turn|17
|c| Meowiekins|scald burn y\/y
|c| sniperaim|swept by a kekturne
|c| Bud Hertz|sub here
|c|âRubicon|i'm worried about this thing though
|c| ban windmill|drain punch again 
|c| Bud Hertz|then cum
|c| sniperaim|Â¯\_(ã)_\/Â¯
|c| Bud Hertz|to victory
|c| LessThanThreeMan|although idk if it lived anyways
|
|switch|p1a: Sting'Zorga|Drapion, M|265\/343
|move|p2a: Chandelure|Trick|p1a: Sting'Zorga
|-activate|p2a: Chandelure|move: Trick|[of] p1a: Sting'Zorga
|-item|p1a: Sting'Zorga|Choice Specs|[from] move: Trick
|-item|p2a: Chandelure|Black Sludge|[from] move: Trick
|
|-damage|p2a: Chandelure|229\/261|[from] item: Black Sludge
|turn|18
|c|âRubicon|yeah that's what i thought
|c| Meowiekins|shao dies to everything
|c|âWonto|:p
|
|switch|p2a: Flygon|Flygon, F|364\/364
|move|p1a: Sting'Zorga|Knock Off|p2a: Flygon
|-damage|p2a: Flygon|252\/364
|-enditem|p2a: Flygon|Leftovers|[from] move: Knock Off|[of] p1a: Sting'Zorga
|
|turn|19
|leave|TheManOfMany23
|leave|watfor
|
|switch|p1a: Lonely Heart|Alomomola, F|497\/497
|move|p2a: Flygon|Earthquake|p1a: Lonely Heart
|-damage|p1a: Lonely Heart|401\/497
|
|turn|20
|c| Meowiekins|it takes like 80% from moxie sucker form Krow
|c|âWonto|dis feesh
|
|switch|p2a: Chandelure|Chandelure, F|229\/261
|move|p1a: Lonely Heart|Wish|p1a: Lonely Heart
|
|-damage|p2a: Chandelure|197\/261|[from] item: Black Sludge
|turn|21
|
|switch|p1a: Sting'Zorga|Drapion, M|265\/343
|move|p2a: Chandelure|Energy Ball|p1a: Sting'Zorga
|-resisted|p1a: Sting'Zorga
|-damage|p1a: Sting'Zorga|206\/343
|
|-heal|p1a: Sting'Zorga|343\/343|[from] move: Wish|[wisher] Lonely Heart
|-damage|p2a: Chandelure|165\/261|[from] item: Black Sludge
|turn|22
|
|move|p2a: Chandelure|Overheat|p1a: Sting'Zorga
|-damage|p1a: Sting'Zorga|82\/343
|-unboost|p2a: Chandelure|spa|2
|move|p1a: Sting'Zorga|Toxic Spikes|p2a: Chandelure
|-sidestart|p2: Wonto|move: Toxic Spikes
|
|-damage|p2a: Chandelure|133\/261|[from] item: Black Sludge
|turn|23
|c| Bud Hertz|oh
|
|switch|p1a: ARGRARJGHH|Entei, shiny|371\/371
|-ability|p1a: ARGRARJGHH|Pressure
|move|p2a: Chandelure|Overheat|p1a: ARGRARJGHH
|-resisted|p1a: ARGRARJGHH
|-damage|p1a: ARGRARJGHH|285\/371
|-unboost|p2a: Chandelure|spa|2
|
|-damage|p2a: Chandelure|101\/261|[from] item: Black Sludge
|turn|24
|
|switch|p1a: Cereal killer|Alakazam, M|252\/252
|move|p2a: Chandelure|Trick|p1a: Cereal killer
|-activate|p2a: Chandelure|move: Trick|[of] p1a: Cereal killer
|-item|p1a: Cereal killer|Black Sludge|[from] move: Trick
|-item|p2a: Chandelure|Focus Sash|[from] move: Trick
|
|turn|25
|
|switch|p2a: Umbreon|Umbreon, M|369\/394
|-status|p2a: Umbreon|psn
|move|p1a: Cereal killer|Psyshock|p2a: Umbreon
|-immune|p2a: Umbreon|[msg]
|
|-heal|p2a: Umbreon|393\/394 psn|[from] item: Leftovers
|-damage|p2a: Umbreon|344\/394 psn|[from] psn
|turn|26
|join|TheManOfMany23
|
|switch|p1a: Dr. Crane|Cacturne, M|253\/281
|switch|p2a: Flygon|Flygon, F|252\/364
|
|turn|27
|
|switch|p1a: Cereal killer|Alakazam, M|252\/252
|move|p2a: Flygon|U-turn|p1a: Cereal killer
|-supereffective|p1a: Cereal killer
|-damage|p1a: Cereal killer|28\/252
|
|switch|p2a: Umbreon|Umbreon, M|344\/394 psn
|
|-heal|p2a: Umbreon|368\/394 psn|[from] item: Leftovers
|-damage|p2a: Umbreon|319\/394 psn|[from] psn
|turn|28
|leave|sniperaim
|join|sniperaim
|
|switch|p1a: Dr. Crane|Cacturne, M|253\/281
|move|p2a: Umbreon|Foul Play|p1a: Dr. Crane
|-resisted|p1a: Dr. Crane
|-damage|p1a: Dr. Crane|125\/281
|
|-heal|p2a: Umbreon|343\/394 psn|[from] item: Leftovers
|-damage|p2a: Umbreon|294\/394 psn|[from] psn
|turn|29
|
|move|p1a: Dr. Crane|Drain Punch|p2a: Umbreon
|-supereffective|p2a: Umbreon
|-damage|p2a: Umbreon|81\/394 psn
|-heal|p1a: Dr. Crane|232\/281|[from] drain|[of] p2a: Umbreon
|-damage|p1a: Dr. Crane|204\/281|[from] item: Life Orb
|move|p2a: Umbreon|Toxic|p1a: Dr. Crane
|-status|p1a: Dr. Crane|tox
|
|-heal|p2a: Umbreon|105\/394 psn|[from] item: Leftovers
|-damage|p1a: Dr. Crane|187\/281 tox|[from] psn
|-damage|p2a: Umbreon|56\/394 psn|[from] psn
|turn|30
|
|switch|p2a: Vaporeon|Vaporeon, M|464\/464
|-status|p2a: Vaporeon|psn
|move|p1a: Dr. Crane|Seed Bomb|p2a: Vaporeon
|-supereffective|p2a: Vaporeon
|-damage|p2a: Vaporeon|110\/464 psn
|-damage|p1a: Dr. Crane|159\/281 tox|[from] item: Life Orb
|
|-heal|p2a: Vaporeon|139\/464 psn|[from] item: Leftovers
|-damage|p1a: Dr. Crane|125\/281 tox|[from] psn
|-damage|p2a: Vaporeon|81\/464 psn|[from] psn
|turn|31
|c| sniperaim|wdf
|
|move|p1a: Dr. Crane|Seed Bomb|p2a: Vaporeon
|-supereffective|p2a: Vaporeon
|-damage|p2a: Vaporeon|0 fnt
|-damage|p1a: Dr. Crane|97\/281 tox|[from] item: Life Orb
|faint|p2a: Vaporeon
|
|-damage|p1a: Dr. Crane|46\/281 tox|[from] psn
|c| ToxiCocks|prediction?
|
|switch|p2a: Flygon|Flygon, F|252\/364
|turn|32
|
|switch|p1a: Lonely Heart|Alomomola, F|497\/497
|move|p2a: Flygon|Defog|p1a: Lonely Heart
|-unboost|p1a: Lonely Heart|evasion|1
|-sideend|p2: Wonto|Toxic Spikes|[from] move: Defog|[of] p2a: Flygon
|
|turn|33
|
|move|p2a: Flygon|Earthquake|p1a: Lonely Heart
|-damage|p1a: Lonely Heart|398\/497
|move|p1a: Lonely Heart|Waterfall|p2a: Flygon
|-damage|p2a: Flygon|168\/364
|
|turn|34
|c|âWonto|dis fish
|c|âWonto|gonna rape me
|
|move|p2a: Flygon|Earthquake|p1a: Lonely Heart
|-damage|p1a: Lonely Heart|298\/497
|move|p1a: Lonely Heart|Wish|p1a: Lonely Heart
|
|turn|35
|c| Meowiekins|sunfish too strong
|c| TheManOfMany23|power
|
|move|p2a: Flygon|Earthquake|p1a: Lonely Heart
|-crit|p1a: Lonely Heart
|-damage|p1a: Lonely Heart|147\/497
|move|p1a: Lonely Heart|Toxic|p2a: Flygon
|-status|p2a: Flygon|tox
|
|-heal|p1a: Lonely Heart|395\/497|[from] move: Wish|[wisher] Lonely Heart
|-damage|p2a: Flygon|146\/364 tox|[from] psn
|turn|36
|c| dingbat|kekfish
|c|âRubicon|don't break my heart
|
|move|p2a: Flygon|Earthquake|p1a: Lonely Heart
|-damage|p1a: Lonely Heart|287\/497
|move|p1a: Lonely Heart|Wish|p1a: Lonely Heart
|
|-damage|p2a: Flygon|102\/364 tox|[from] psn
|turn|37
|c| TheManOfMany23|vaporeon would beat sunfish 1v1, why ditch it?
|
|move|p2a: Flygon|Earthquake|p1a: Lonely Heart
|-damage|p1a: Lonely Heart|184\/497
|move|p1a: Lonely Heart|Waterfall|p2a: Flygon
|-damage|p2a: Flygon|26\/364 tox
|
|-heal|p1a: Lonely Heart|432\/497|[from] move: Wish|[wisher] Lonely Heart
|-damage|p2a: Flygon|0 fnt|[from] psn
|faint|p2a: Flygon
|c|âRubicon|because it came in at a bad time
|c|âWonto|^
|
|switch|p2a: Chandelure|Chandelure, F|101\/261
|turn|38
|join|Super Mario Kek
|c| TheManOfMany23|ernergy berl
|
|move|p2a: Chandelure|Energy Ball|p1a: Lonely Heart
|-supereffective|p1a: Lonely Heart
|-damage|p1a: Lonely Heart|52\/497
|move|p1a: Lonely Heart|Waterfall|p2a: Chandelure
|-supereffective|p2a: Chandelure
|-damage|p2a: Chandelure|0 fnt
|faint|p2a: Chandelure
|
|c| Super Mario Kek|the name of the fisk
|c| Super Mario Kek|kek
|c| TheManOfMany23|Eviolite sunfish?
|c|âWonto|can i has my specs back? ;_;
|c| Living Proof|Time to reveal the curse Umbreon
|
|switch|p2a: Umbreon|Umbreon, M|56\/394 psn
|turn|39
|c| Living Proof|and rest
|c| Super Mario Kek|curse umbreon
|c| ToxiCocks|kekkkk
|c|âRubicon|those were $500 sunglasses, asshole
|
|move|p1a: Lonely Heart|Waterfall|p2a: Umbreon
|-damage|p2a: Umbreon|0 fnt
|faint|p2a: Umbreon
|
|win|Rubicon
|join|watfor
|c| TheManOfMany23|wtf
|c|âWonto|gg
|c| TheManOfMany23|OHKO
|leave|watfor
|c| Meowiekins|lol
|leave|sniperaim
|c| TheManOfMany23|how
|leave|Living Proof
|leave|I no good
|leave|ToxiCocks
|leave|ban windmill
|leave|TheManOfMany23
|leave|dingbat
|leave|Meowiekins
|leave|Wonto
|player|p2