|join|pokemonisfun
|join|Rubicon
|player|p1|pokemonisfun|184
|player|p2|Rubicon|129
|gametype|singles
|gen|6
|tier|UU
|rated
|rule|Sleep Clause Mod: Limit one foe put to sleep
|rule|Species Clause: Limit one of each Pokemon
|rule|OHKO Clause: OHKO moves are banned
|rule|Moody Clause: Moody is banned
|rule|Evasion Moves Clause: Evasion moves are banned
|rule|Endless Battle Clause: Forcing endless battles is banned.
|rule|HP Percentage Mod: HP is reported as percentages
|clearpoke
|poke|p1|Florges, F
|poke|p1|Celebi
|poke|p1|Quagsire, F
|poke|p1|Forretress, M
|poke|p1|Sableye, M
|poke|p1|Snorlax, M
|poke|p2|Alomomola, F
|poke|p2|Drapion, M
|poke|p2|Cacturne, M
|poke|p2|Entei, shiny
|poke|p2|Manectric, M
|poke|p2|Togetic, F
|teampreview
|
|start
|switch|p1a: Sableye|Sableye, M|297\/297
|switch|p2a: Sting'Zorga|Drapion, M|343\/343
|turn|1
|
|switch|p2a: ARGRARJGHH|Entei, shiny|371\/371
|-ability|p2a: ARGRARJGHH|Pressure
|move|p1a: Sableye|Knock Off|p2a: ARGRARJGHH
|-damage|p2a: ARGRARJGHH|263\/371
|-enditem|p2a: ARGRARJGHH|Choice Band|[from] move: Knock Off|[of] p1a: Sableye
|
|turn|2
|
|switch|p1a: Snorlax|Snorlax, M|481\/481
|move|p2a: ARGRARJGHH|Sacred Fire|p1a: Snorlax
|-damage|p1a: Snorlax|373\/481
|-status|p1a: Snorlax|brn
|
|-heal|p1a: Snorlax|403\/481 brn|[from] item: Leftovers
|-damage|p1a: Snorlax|343\/481 brn|[from] brn
|turn|3
|
|switch|p2a: Sting'Zorga|Drapion, M|343\/343
|move|p1a: Snorlax|Rest|p1a: Snorlax
|-status|p1a: Snorlax|slp
|-heal|p1a: Snorlax|481\/481 slp|[silent]
|-status|p1a: Snorlax|slp|[from] move: Rest
|
|turn|4
|
|switch|p1a: Forretress|Forretress, M|354\/354
|move|p2a: Sting'Zorga|Taunt|p1a: Forretress
|-start|p1a: Forretress|move: Taunt
|
|turn|5
|
|switch|p1a: Sableye|Sableye, M|297\/297
|move|p2a: Sting'Zorga|Toxic Spikes|p1a: Sableye
|-sidestart|p1: pokemonisfun|move: Toxic Spikes
|
|turn|6
|
|move|p2a: Sting'Zorga|Knock Off|p1a: Sableye
|-damage|p1a: Sableye|171\/297
|-enditem|p1a: Sableye|Leftovers|[from] move: Knock Off|[of] p2a: Sting'Zorga
|move|p1a: Sableye|Knock Off|p2a: Sting'Zorga
|-resisted|p2a: Sting'Zorga
|-damage|p2a: Sting'Zorga|299\/343
|-enditem|p2a: Sting'Zorga|Black Sludge|[from] move: Knock Off|[of] p1a: Sableye
|
|turn|7
|join|Ah Yueah
|
|switch|p2a: ARGRARJGHH|Entei, shiny|263\/371
|-ability|p2a: ARGRARJGHH|Pressure
|move|p1a: Sableye|Recover|p1a: Sableye
|-heal|p1a: Sableye|297\/297
|
|turn|8
|
|switch|p2a: Sting'Zorga|Drapion, M|299\/343
|switch|p1a: Snorlax|Snorlax, M|481\/481 slp
|
|turn|9
|join|Dudeman130498
|
|switch|p1a: Sableye|Sableye, M|297\/297
|-status|p1a: Sableye|psn
|move|p2a: Sting'Zorga|Taunt|p1a: Sableye
|-start|p1a: Sableye|move: Taunt
|
|-damage|p1a: Sableye|260\/297 psn|[from] psn
|turn|10
|
|switch|p1a: Forretress|Forretress, M|354\/354
|move|p2a: Sting'Zorga|Knock Off|p1a: Forretress
|-damage|p1a: Forretress|296\/354
|-enditem|p1a: Forretress|Leftovers|[from] move: Knock Off|[of] p2a: Sting'Zorga
|
|turn|11
|join|thunderkid max
|
|move|p2a: Sting'Zorga|Taunt|p1a: Forretress
|-start|p1a: Forretress|move: Taunt
|move|p1a: Forretress|Rapid Spin|p2a: Sting'Zorga
|-damage|p2a: Sting'Zorga|285\/343
|-sideend|p1: pokemonisfun|Toxic Spikes|[from] move: Rapid Spin|[of] p1a: Forretress
|
|turn|12
|
|move|p2a: Sting'Zorga|Toxic Spikes|p1a: Forretress
|-sidestart|p1: pokemonisfun|move: Toxic Spikes
|move|p1a: Forretress|Gyro Ball|p2a: Sting'Zorga
|-damage|p2a: Sting'Zorga|204\/343
|
|turn|13
|
|switch|p2a: ARGRARJGHH|Entei, shiny|263\/371
|-ability|p2a: ARGRARJGHH|Pressure
|move|p1a: Forretress|Rapid Spin|p2a: ARGRARJGHH
|-damage|p2a: ARGRARJGHH|247\/371
|-sideend|p1: pokemonisfun|Toxic Spikes|[from] move: Rapid Spin|[of] p1a: Forretress
|
|-end|p1a: Forretress|move: Taunt
|turn|14
|
|switch|p1a: Snorlax|Snorlax, M|481\/481 slp
|move|p2a: ARGRARJGHH|Sacred Fire|p1a: Snorlax
|-damage|p1a: Snorlax|373\/481 slp
|
|-heal|p1a: Snorlax|403\/481 slp|[from] item: Leftovers
|turn|15
|
|switch|p2a: Lonely Heart|Alomomola, F|497\/497
|cant|p1a: Snorlax|slp
|move|p1a: Snorlax|Sleep Talk|p1a: Snorlax
|move|p1a: Snorlax|Whirlwind|p2a: Lonely Heart|[from]Sleep Talk
|drag|p2a: The Baz|Manectric, M|281\/281
|
|-heal|p1a: Snorlax|433\/481 slp|[from] item: Leftovers
|turn|16
|
|-ability|p2a: The Baz|Intimidate|[of] p1a: Snorlax
|-unboost|p1a: Snorlax|atk|1
|detailschange|p2a: The Baz|Manectric-Mega, M
|message|Manectric has Mega Evolved into Mega Manectric!
|move|p2a: The Baz|Volt Switch|p1a: Snorlax
|-damage|p1a: Snorlax|340\/481 slp
|
|switch|p2a: Lonely Heart|Alomomola, F|497\/497
|cant|p1a: Snorlax|slp
|move|p1a: Snorlax|Sleep Talk|p1a: Snorlax
|move|p1a: Snorlax|Whirlwind|p2a: Lonely Heart|[from]Sleep Talk
|drag|p2a: Paragon|Togetic, F|313\/313
|
|-heal|p1a: Snorlax|370\/481 slp|[from] item: Leftovers
|turn|17
|
|switch|p2a: Sting'Zorga|Drapion, M|204\/343
|switch|p1a: Celebi|Celebi|404\/404
|
|turn|18
|
|switch|p1a: Forretress|Forretress, M|296\/354
|move|p2a: Sting'Zorga|Knock Off|p1a: Forretress
|-damage|p1a: Forretress|256\/354
|
|turn|19
|
|move|p2a: Sting'Zorga|Taunt|p1a: Forretress
|-start|p1a: Forretress|move: Taunt
|cant|p1a: Forretress|move: Taunt|Spikes
|
|turn|20
|
|switch|p2a: Lonely Heart|Alomomola, F|497\/497
|move|p1a: Forretress|Gyro Ball|p2a: Lonely Heart
|-resisted|p2a: Lonely Heart
|-damage|p2a: Lonely Heart|473\/497
|-damage|p1a: Forretress|197\/354|[from] item: Rocky Helmet|[of] p2a: Lonely Heart
|
|turn|21
|
|switch|p2a: Sting'Zorga|Drapion, M|204\/343
|switch|p1a: Celebi|Celebi|404\/404
|
|turn|22
|
|move|p1a: Celebi|Stealth Rock|p2a: Sting'Zorga
|-sidestart|p2: Rubicon|move: Stealth Rock
|move|p2a: Sting'Zorga|Knock Off|p1a: Celebi
|-supereffective|p1a: Celebi
|-damage|p1a: Celebi|248\/404
|-enditem|p1a: Celebi|Leftovers|[from] move: Knock Off|[of] p2a: Sting'Zorga
|
|turn|23
|
|move|p1a: Celebi|Recover|p1a: Celebi
|-heal|p1a: Celebi|404\/404
|move|p2a: Sting'Zorga|Toxic Spikes|p1a: Celebi
|-sidestart|p1: pokemonisfun|move: Toxic Spikes
|
|turn|24
|
|switch|p1a: Forretress|Forretress, M|197\/354
|move|p2a: Sting'Zorga|Taunt|p1a: Forretress
|-start|p1a: Forretress|move: Taunt
|
|turn|25
|
|switch|p2a: Paragon|Togetic, F|313\/313
|-damage|p2a: Paragon|235\/313|[from] Stealth Rock
|move|p1a: Forretress|Rapid Spin|p2a: Paragon
|-damage|p2a: Paragon|224\/313
|-sideend|p1: pokemonisfun|Toxic Spikes|[from] move: Rapid Spin|[of] p1a: Forretress
|
|turn|26
|
|switch|p1a: Florges|Florges, F|360\/360
|move|p2a: Paragon|Defog|p1a: Florges
|-unboost|p1a: Florges|evasion|1
|-sideend|p2: Rubicon|Stealth Rock|[from] move: Defog|[of] p2a: Paragon
|
|turn|27
|
|switch|p2a: ARGRARJGHH|Entei, shiny|247\/371
|-ability|p2a: ARGRARJGHH|Pressure
|move|p1a: Florges|Aromatherapy|p1a: Florges
|-cureteam|p1a: Florges|[from] move: Aromatherapy
|
|turn|28
|join|whyfor
|
|switch|p2a: Dr. Crane|Cacturne, M|281\/281
|move|p1a: Florges|Wish|p1a: Florges
|
|turn|29
|
|switch|p2a: Paragon|Togetic, F|224\/313
|switch|p1a: Forretress|Forretress, M|197\/354
|
|-heal|p1a: Forretress|354\/354|[from] move: Wish|[wisher] Florges
|turn|30
|
|move|p2a: Paragon|Roost|p2a: Paragon
|-heal|p2a: Paragon|313\/313
|move|p1a: Forretress|Spikes|p2a: Paragon
|-sidestart|p2: Rubicon|Spikes
|
|turn|31
|
|switch|p1a: Celebi|Celebi|404\/404
|move|p2a: Paragon|Defog|p1a: Celebi
|-unboost|p1a: Celebi|evasion|1
|-sideend|p2: Rubicon|Spikes|[from] move: Defog|[of] p2a: Paragon
|
|turn|32
|
|move|p1a: Celebi|Stealth Rock|p2a: Paragon
|-sidestart|p2: Rubicon|move: Stealth Rock
|move|p2a: Paragon|Defog|p1a: Celebi
|-unboost|p1a: Celebi|evasion|1
|-sideend|p2: Rubicon|Stealth Rock|[from] move: Defog|[of] p2a: Paragon
|
|turn|33
|chat|pokemonisfun|yes this will totally work
|
|switch|p2a: ARGRARJGHH|Entei, shiny|247\/371
|-ability|p2a: ARGRARJGHH|Pressure
|move|p1a: Celebi|Stealth Rock|p2a: ARGRARJGHH
|-sidestart|p2: Rubicon|move: Stealth Rock
|
|turn|34
|
|switch|p1a: Snorlax|Snorlax, M|370\/481
|move|p2a: ARGRARJGHH|Sacred Fire|p1a: Snorlax
|-damage|p1a: Snorlax|274\/481
|-status|p1a: Snorlax|brn
|
|-heal|p1a: Snorlax|304\/481 brn|[from] item: Leftovers
|-damage|p1a: Snorlax|244\/481 brn|[from] brn
|turn|35
|
|switch|p2a: Paragon|Togetic, F|313\/313
|-damage|p2a: Paragon|235\/313|[from] Stealth Rock
|move|p1a: Snorlax|Rest|p1a: Snorlax
|-status|p1a: Snorlax|slp
|-heal|p1a: Snorlax|481\/481 slp|[silent]
|-status|p1a: Snorlax|slp|[from] move: Rest
|
|turn|36
|leave|Dudeman130498
|
|switch|p1a: Celebi|Celebi|404\/404
|move|p2a: Paragon|Defog|p1a: Celebi
|-unboost|p1a: Celebi|evasion|1
|-sideend|p2: Rubicon|Stealth Rock|[from] move: Defog|[of] p2a: Paragon
|
|turn|37
|
|move|p1a: Celebi|Stealth Rock|p2a: Paragon
|-sidestart|p2: Rubicon|move: Stealth Rock
|move|p2a: Paragon|Psychic|p1a: Celebi
|-resisted|p1a: Celebi
|-damage|p1a: Celebi|376\/404
|
|turn|38
|
|move|p1a: Celebi|Grass Knot|p2a: Paragon
|-resisted|p2a: Paragon
|-damage|p2a: Paragon|229\/313
|move|p2a: Paragon|Defog|p1a: Celebi
|-unboost|p1a: Celebi|evasion|1
|-sideend|p2: Rubicon|Stealth Rock|[from] move: Defog|[of] p2a: Paragon
|
|turn|39
|
|move|p1a: Celebi|Stealth Rock|p2a: Paragon
|-sidestart|p2: Rubicon|move: Stealth Rock
|move|p2a: Paragon|Roost|p2a: Paragon
|-heal|p2a: Paragon|313\/313
|
|turn|40
|
|move|p1a: Celebi|Grass Knot|p2a: Paragon
|-resisted|p2a: Paragon
|-damage|p2a: Paragon|308\/313
|move|p2a: Paragon|Defog|p1a: Celebi
|-unboost|p1a: Celebi|evasion|1
|-sideend|p2: Rubicon|Stealth Rock|[from] move: Defog|[of] p2a: Paragon
|
|turn|41
|
|switch|p2a: Dr. Crane|Cacturne, M|281\/281
|move|p1a: Celebi|Stealth Rock|p2a: Dr. Crane
|-sidestart|p2: Rubicon|move: Stealth Rock
|
|turn|42
|
|move|p2a: Dr. Crane|Sucker Punch|p1a: Celebi
|-fail|p1a: Celebi
|move|p1a: Celebi|Perish Song|p1a: Celebi
|-fieldactivate|move: Perish Song
|
|-start|p1a: Celebi|perish3
|-start|p2a: Dr. Crane|perish3
|turn|43
|
|switch|p1a: Forretress|Forretress, M|354\/354
|switch|p2a: Paragon|Togetic, F|308\/313
|-damage|p2a: Paragon|230\/313|[from] Stealth Rock
|
|turn|44
|
|switch|p1a: Celebi|Celebi|376\/404
|move|p2a: Paragon|Psychic|p1a: Celebi
|-crit|p1a: Celebi
|-resisted|p1a: Celebi
|-damage|p1a: Celebi|335\/404
|
|turn|45
|
|move|p1a: Celebi|Grass Knot|p2a: Paragon
|-resisted|p2a: Paragon
|-damage|p2a: Paragon|224\/313
|move|p2a: Paragon|Defog|p1a: Celebi
|-unboost|p1a: Celebi|evasion|1
|-sideend|p2: Rubicon|Stealth Rock|[from] move: Defog|[of] p2a: Paragon
|
|turn|46
|
|move|p1a: Celebi|Stealth Rock|p2a: Paragon
|-sidestart|p2: Rubicon|move: Stealth Rock
|move|p2a: Paragon|Defog|p1a: Celebi
|-unboost|p1a: Celebi|evasion|1
|-sideend|p2: Rubicon|Stealth Rock|[from] move: Defog|[of] p2a: Paragon
|
|turn|47
|
|switch|p2a: Dr. Crane|Cacturne, M|281\/281
|move|p1a: Celebi|Stealth Rock|p2a: Dr. Crane
|-sidestart|p2: Rubicon|move: Stealth Rock
|
|turn|48
|
|switch|p2a: Paragon|Togetic, F|224\/313
|-damage|p2a: Paragon|146\/313|[from] Stealth Rock
|move|p1a: Celebi|Perish Song|p1a: Celebi
|-fieldactivate|move: Perish Song
|
|-start|p1a: Celebi|perish3
|-start|p2a: Paragon|perish3
|turn|49
|leave|thunderkid max
|
|switch|p1a: Sableye|Sableye, M|260\/297
|move|p2a: Paragon|Roost|p2a: Paragon
|-heal|p2a: Paragon|303\/313
|
|-start|p2a: Paragon|perish2
|turn|50
|
|switch|p2a: ARGRARJGHH|Entei, shiny|247\/371
|-damage|p2a: ARGRARJGHH|155\/371|[from] Stealth Rock
|-ability|p2a: ARGRARJGHH|Pressure
|move|p1a: Sableye|Taunt|p2a: ARGRARJGHH
|-start|p2a: ARGRARJGHH|move: Taunt
|
|turn|51
|
|switch|p2a: Lonely Heart|Alomomola, F|497\/497
|-damage|p2a: Lonely Heart|435\/497|[from] Stealth Rock
|switch|p1a: Snorlax|Snorlax, M|481\/481 slp
|
|turn|52
|
|switch|p1a: Sableye|Sableye, M|260\/297
|move|p2a: Lonely Heart|Wish|p2a: Lonely Heart
|
|turn|53
|
|switch|p2a: Sting'Zorga|Drapion, M|204\/343
|-damage|p2a: Sting'Zorga|162\/343|[from] Stealth Rock
|move|p1a: Sableye|Knock Off|p2a: Sting'Zorga
|-resisted|p2a: Sting'Zorga
|-damage|p2a: Sting'Zorga|135\/343
|
|-heal|p2a: Sting'Zorga|343\/343|[from] move: Wish|[wisher] Lonely Heart
|turn|54
|
|move|p1a: Sableye|Taunt|p2a: Sting'Zorga
|-start|p2a: Sting'Zorga|move: Taunt
|cant|p2a: Sting'Zorga|move: Taunt|Taunt
|
|turn|55
|
|move|p1a: Sableye|Will-O-Wisp|p2a: Sting'Zorga|[miss]
|-miss|p1a: Sableye|p2a: Sting'Zorga
|move|p2a: Sting'Zorga|Knock Off|p1a: Sableye
|-damage|p1a: Sableye|178\/297
|
|turn|56
|
|switch|p2a: The Baz|Manectric-Mega, M|281\/281
|-damage|p2a: The Baz|246\/281|[from] Stealth Rock
|-ability|p2a: The Baz|Intimidate|[of] p1a: Sableye
|-unboost|p1a: Sableye|atk|1
|move|p1a: Sableye|Will-O-Wisp|p2a: The Baz
|-status|p2a: The Baz|brn
|
|-damage|p2a: The Baz|211\/281 brn|[from] brn
|turn|57
|
|switch|p2a: Lonely Heart|Alomomola, F|497\/497
|-damage|p2a: Lonely Heart|435\/497|[from] Stealth Rock
|switch|p1a: Florges|Florges, F|360\/360
|
|turn|58
|
|move|p1a: Florges|Wish|p1a: Florges
|move|p2a: Lonely Heart|Wish|p2a: Lonely Heart
|
|turn|59
|
|switch|p1a: Sableye|Sableye, M|178\/297
|switch|p2a: ARGRARJGHH|Entei, shiny|155\/371
|-damage|p2a: ARGRARJGHH|63\/371|[from] Stealth Rock
|-ability|p2a: ARGRARJGHH|Pressure
|
|-heal|p2a: ARGRARJGHH|311\/371|[from] move: Wish|[wisher] Lonely Heart
|-heal|p1a: Sableye|297\/297|[from] move: Wish|[wisher] Florges
|turn|60
|
|switch|p2a: Sting'Zorga|Drapion, M|343\/343
|-damage|p2a: Sting'Zorga|301\/343|[from] Stealth Rock
|switch|p1a: Snorlax|Snorlax, M|481\/481 slp
|
|turn|61
|
|switch|p1a: Forretress|Forretress, M|354\/354
|move|p2a: Sting'Zorga|Toxic Spikes|p1a: Forretress
|-sidestart|p1: pokemonisfun|move: Toxic Spikes
|
|turn|62
|
|move|p2a: Sting'Zorga|Taunt|p1a: Forretress
|-start|p1a: Forretress|move: Taunt
|move|p1a: Forretress|Rapid Spin|p2a: Sting'Zorga
|-damage|p2a: Sting'Zorga|286\/343
|-sideend|p1: pokemonisfun|Toxic Spikes|[from] move: Rapid Spin|[of] p1a: Forretress
|
|turn|63
|
|move|p1a: Forretress|Gyro Ball|p2a: Sting'Zorga
|-damage|p2a: Sting'Zorga|217\/343
|move|p2a: Sting'Zorga|Whirlwind|p1a: Forretress
|drag|p1a: Sableye|Sableye, M|297\/297
|
|turn|64
|
|switch|p2a: ARGRARJGHH|Entei, shiny|311\/371
|-damage|p2a: ARGRARJGHH|219\/371|[from] Stealth Rock
|-ability|p2a: ARGRARJGHH|Pressure
|move|p1a: Sableye|Taunt|p2a: ARGRARJGHH
|-start|p2a: ARGRARJGHH|move: Taunt
|
|turn|65
|
|switch|p1a: Snorlax|Snorlax, M|481\/481 slp
|move|p2a: ARGRARJGHH|Sacred Fire|p1a: Snorlax|[miss]
|-miss|p2a: ARGRARJGHH|p1a: Snorlax
|
|turn|66
|join|bri1208
|
|switch|p2a: Lonely Heart|Alomomola, F|497\/497
|-damage|p2a: Lonely Heart|435\/497|[from] Stealth Rock
|cant|p1a: Snorlax|slp
|
|turn|67
|
|switch|p1a: Forretress|Forretress, M|354\/354
|move|p2a: Lonely Heart|Wish|p2a: Lonely Heart
|
|turn|68
|
|switch|p2a: Paragon|Togetic, F|303\/313
|-damage|p2a: Paragon|225\/313|[from] Stealth Rock
|move|p1a: Forretress|Spikes|p2a: Paragon
|-sidestart|p2: Rubicon|Spikes
|
|-heal|p2a: Paragon|313\/313|[from] move: Wish|[wisher] Lonely Heart
|turn|69
|
|switch|p1a: Celebi|Celebi|335\/404
|move|p2a: Paragon|Defog|p1a: Celebi
|-unboost|p1a: Celebi|evasion|1
|-sideend|p2: Rubicon|Spikes|[from] move: Defog|[of] p2a: Paragon
|-sideend|p2: Rubicon|Stealth Rock|[from] move: Defog|[of] p2a: Paragon
|
|turn|70
|
|switch|p2a: Dr. Crane|Cacturne, M|281\/281
|move|p1a: Celebi|Stealth Rock|p2a: Dr. Crane
|-sidestart|p2: Rubicon|move: Stealth Rock
|
|turn|71
|
|switch|p1a: Forretress|Forretress, M|354\/354
|move|p2a: Dr. Crane|Swords Dance|p2a: Dr. Crane
|-boost|p2a: Dr. Crane|atk|2
|
|turn|72
|join|Skolver
|leave|Skolver
|
|switch|p2a: Paragon|Togetic, F|313\/313
|-damage|p2a: Paragon|235\/313|[from] Stealth Rock
|switch|p1a: Celebi|Celebi|335\/404
|
|turn|73
|
|move|p1a: Celebi|Grass Knot|p2a: Paragon
|-resisted|p2a: Paragon
|-damage|p2a: Paragon|229\/313
|move|p2a: Paragon|Defog|p1a: Celebi
|-unboost|p1a: Celebi|evasion|1
|-sideend|p2: Rubicon|Stealth Rock|[from] move: Defog|[of] p2a: Paragon
|
|turn|74
|
|move|p1a: Celebi|Stealth Rock|p2a: Paragon
|-sidestart|p2: Rubicon|move: Stealth Rock
|move|p2a: Paragon|Psychic|p1a: Celebi
|-resisted|p1a: Celebi
|-damage|p1a: Celebi|305\/404
|-unboost|p1a: Celebi|spd|1
|
|turn|75
|
|move|p1a: Celebi|Recover|p1a: Celebi
|-heal|p1a: Celebi|404\/404
|move|p2a: Paragon|Defog|p1a: Celebi
|-unboost|p1a: Celebi|evasion|1
|-sideend|p2: Rubicon|Stealth Rock|[from] move: Defog|[of] p2a: Paragon
|
|turn|76
|
|move|p1a: Celebi|Stealth Rock|p2a: Paragon
|-sidestart|p2: Rubicon|move: Stealth Rock
|move|p2a: Paragon|Heal Bell|p2a: Paragon
|-cureteam|p2a: Paragon|[from] move: HealBell
|
|turn|77
|
|move|p1a: Celebi|Grass Knot|p2a: Paragon
|-resisted|p2a: Paragon
|-damage|p2a: Paragon|223\/313
|move|p2a: Paragon|Defog|p1a: Celebi
|-unboost|p1a: Celebi|evasion|1
|-sideend|p2: Rubicon|Stealth Rock|[from] move: Defog|[of] p2a: Paragon
|
|turn|78
|
|move|p1a: Celebi|Stealth Rock|p2a: Paragon
|-sidestart|p2: Rubicon|move: Stealth Rock
|move|p2a: Paragon|Psychic|p1a: Celebi
|-resisted|p1a: Celebi
|-damage|p1a: Celebi|361\/404
|
|turn|79
|
|move|p1a: Celebi|Grass Knot|p2a: Paragon
|-crit|p2a: Paragon
|-resisted|p2a: Paragon
|-damage|p2a: Paragon|214\/313
|move|p2a: Paragon|Defog|p1a: Celebi
|-unboost|p1a: Celebi|evasion|1
|-sideend|p2: Rubicon|Stealth Rock|[from] move: Defog|[of] p2a: Paragon
|
|turn|80
|
|switch|p2a: Lonely Heart|Alomomola, F|497\/497
|move|p1a: Celebi|Stealth Rock|p2a: Lonely Heart
|-sidestart|p2: Rubicon|move: Stealth Rock
|
|turn|81
|
|move|p1a: Celebi|Grass Knot|p2a: Lonely Heart
|-supereffective|p2a: Lonely Heart
|-damage|p2a: Lonely Heart|309\/497
|-damage|p1a: Celebi|294\/404|[from] item: Rocky Helmet|[of] p2a: Lonely Heart
|move|p2a: Lonely Heart|Wish|p2a: Lonely Heart
|
|turn|82
|
|switch|p2a: ARGRARJGHH|Entei, shiny|219\/371
|-damage|p2a: ARGRARJGHH|127\/371|[from] Stealth Rock
|-ability|p2a: ARGRARJGHH|Pressure
|move|p1a: Celebi|Grass Knot|p2a: ARGRARJGHH
|-resisted|p2a: ARGRARJGHH
|-damage|p2a: ARGRARJGHH|54\/371
|
|-heal|p2a: ARGRARJGHH|302\/371|[from] move: Wish|[wisher] Lonely Heart
|turn|83
|
|switch|p2a: Paragon|Togetic, F|214\/313
|-damage|p2a: Paragon|136\/313|[from] Stealth Rock
|switch|p1a: Snorlax|Snorlax, M|481\/481 slp
|
|turn|84
|
|switch|p1a: Sableye|Sableye, M|297\/297
|move|p2a: Paragon|Roost|p2a: Paragon
|-heal|p2a: Paragon|293\/313
|
|turn|85
|
|switch|p2a: ARGRARJGHH|Entei, shiny|302\/371
|-damage|p2a: ARGRARJGHH|210\/371|[from] Stealth Rock
|-ability|p2a: ARGRARJGHH|Pressure
|move|p1a: Sableye|Taunt|p2a: ARGRARJGHH
|-start|p2a: ARGRARJGHH|move: Taunt
|
|turn|86
|
|switch|p2a: Paragon|Togetic, F|293\/313
|-damage|p2a: Paragon|215\/313|[from] Stealth Rock
|switch|p1a: Snorlax|Snorlax, M|481\/481 slp
|
|turn|87
|
|switch|p1a: Celebi|Celebi|294\/404
|move|p2a: Paragon|Defog|p1a: Celebi
|-unboost|p1a: Celebi|evasion|1
|-sideend|p2: Rubicon|Stealth Rock|[from] move: Defog|[of] p2a: Paragon
|
|turn|88
|
|switch|p2a: Dr. Crane|Cacturne, M|281\/281
|move|p1a: Celebi|Stealth Rock|p2a: Dr. Crane
|-sidestart|p2: Rubicon|move: Stealth Rock
|
|turn|89
|
|move|p1a: Celebi|Perish Song|p1a: Celebi
|-fieldactivate|move: Perish Song
|move|p2a: Dr. Crane|Swords Dance|p2a: Dr. Crane
|-boost|p2a: Dr. Crane|atk|2
|
|-start|p1a: Celebi|perish3
|-start|p2a: Dr. Crane|perish3
|turn|90
|
|switch|p1a: Forretress|Forretress, M|354\/354
|move|p2a: Dr. Crane|Swords Dance|p2a: Dr. Crane
|-boost|p2a: Dr. Crane|atk|2
|
|-start|p2a: Dr. Crane|perish2
|turn|91
|
|switch|p1a: Celebi|Celebi|294\/404
|move|p2a: Dr. Crane|Drain Punch|p1a: Celebi
|-resisted|p1a: Celebi
|-damage|p1a: Celebi|173\/404
|-damage|p2a: Dr. Crane|253\/281|[from] item: Life Orb
|
|-start|p2a: Dr. Crane|perish1
|turn|92
|
|switch|p2a: Paragon|Togetic, F|215\/313
|-damage|p2a: Paragon|137\/313|[from] Stealth Rock
|move|p1a: Celebi|Recover|p1a: Celebi
|-heal|p1a: Celebi|375\/404
|
|turn|93
|
|switch|p1a: Sableye|Sableye, M|297\/297
|move|p2a: Paragon|Roost|p2a: Paragon
|-heal|p2a: Paragon|294\/313
|
|turn|94
|
|move|p1a: Sableye|Taunt|p2a: Paragon
|-start|p2a: Paragon|move: Taunt
|cant|p2a: Paragon|move: Taunt|Defog
|
|turn|95
|
|switch|p2a: Lonely Heart|Alomomola, F|474\/497
|-damage|p2a: Lonely Heart|412\/497|[from] Stealth Rock
|move|p1a: Sableye|Knock Off|p2a: Lonely Heart
|-damage|p2a: Lonely Heart|333\/497
|-damage|p1a: Sableye|248\/297|[from] item: Rocky Helmet|[of] p2a: Lonely Heart
|-enditem|p2a: Lonely Heart|Rocky Helmet|[from] move: Knock Off|[of] p1a: Sableye
|
|turn|96
|
|switch|p2a: The Baz|Manectric-Mega, M|211\/281
|-damage|p2a: The Baz|176\/281|[from] Stealth Rock
|-ability|p2a: The Baz|Intimidate|[of] p1a: Sableye
|-unboost|p1a: Sableye|atk|1
|move|p1a: Sableye|Taunt|p2a: The Baz
|-start|p2a: The Baz|move: Taunt
|
|turn|97
|
|switch|p1a: Florges|Florges, F|360\/360
|move|p2a: The Baz|Volt Switch|p1a: Florges
|-damage|p1a: Florges|285\/360
|
|switch|p2a: Sting'Zorga|Drapion, M|217\/343
|-damage|p2a: Sting'Zorga|175\/343|[from] Stealth Rock
|
|-heal|p1a: Florges|307\/360|[from] item: Leftovers
|turn|98
|
|switch|p1a: Forretress|Forretress, M|354\/354
|move|p2a: Sting'Zorga|Toxic Spikes|p1a: Forretress
|-sidestart|p1: pokemonisfun|move: Toxic Spikes
|
|turn|99
|
|move|p2a: Sting'Zorga|Knock Off|p1a: Forretress
|-damage|p1a: Forretress|311\/354
|move|p1a: Forretress|Rapid Spin|p2a: Sting'Zorga
|-damage|p2a: Sting'Zorga|160\/343
|-sideend|p1: pokemonisfun|Toxic Spikes|[from] move: Rapid Spin|[of] p1a: Forretress
|
|turn|100
|
|switch|p2a: Paragon|Togetic, F|294\/313
|-damage|p2a: Paragon|216\/313|[from] Stealth Rock
|move|p1a: Forretress|Gyro Ball|p2a: Paragon
|-supereffective|p2a: Paragon
|-damage|p2a: Paragon|148\/313
|
|turn|101
|join|kush swag yolo 420
|
|switch|p1a: Sableye|Sableye, M|248\/297
|move|p2a: Paragon|Defog|p1a: Sableye
|-unboost|p1a: Sableye|evasion|1
|-sideend|p2: Rubicon|Stealth Rock|[from] move: Defog|[of] p2a: Paragon
|
|turn|102
|join|zTerribadTastic
|
|switch|p2a: ARGRARJGHH|Entei, shiny|210\/371
|-ability|p2a: ARGRARJGHH|Pressure
|move|p1a: Sableye|Knock Off|p2a: ARGRARJGHH
|-damage|p2a: ARGRARJGHH|140\/371
|
|turn|103
|join|Skolver
|
|switch|p2a: The Baz|Manectric-Mega, M|176\/281
|-ability|p2a: The Baz|Intimidate|[of] p1a: Sableye
|-unboost|p1a: Sableye|atk|1
|switch|p1a: Snorlax|Snorlax, M|481\/481 slp
|
|turn|104
|
|switch|p2a: Dr. Crane|Cacturne, M|253\/281
|cant|p1a: Snorlax|slp
|
|turn|105
|
|switch|p1a: Celebi|Celebi|375\/404
|move|p2a: Dr. Crane|Swords Dance|p2a: Dr. Crane
|-boost|p2a: Dr. Crane|atk|2
|
|turn|106
|
|move|p1a: Celebi|Perish Song|p1a: Celebi
|-fieldactivate|move: Perish Song
|move|p2a: Dr. Crane|Swords Dance|p2a: Dr. Crane
|-boost|p2a: Dr. Crane|atk|2
|
|-start|p1a: Celebi|perish3
|-start|p2a: Dr. Crane|perish3
|turn|107
|
|move|p1a: Celebi|Stealth Rock|p2a: Dr. Crane
|-sidestart|p2: Rubicon|move: Stealth Rock
|move|p2a: Dr. Crane|Seed Bomb|p1a: Celebi
|-resisted|p1a: Celebi
|-damage|p1a: Celebi|184\/404
|-damage|p2a: Dr. Crane|225\/281|[from] item: Life Orb
|
|-start|p1a: Celebi|perish2
|-start|p2a: Dr. Crane|perish2
|turn|108
|
|switch|p2a: Paragon|Togetic, F|148\/313
|-damage|p2a: Paragon|70\/313|[from] Stealth Rock
|move|p1a: Celebi|Recover|p1a: Celebi
|-heal|p1a: Celebi|386\/404
|
|-start|p1a: Celebi|perish1
|turn|109
|
|switch|p1a: Sableye|Sableye, M|248\/297
|move|p2a: Paragon|Defog|p1a: Sableye
|-unboost|p1a: Sableye|evasion|1
|-sideend|p2: Rubicon|Stealth Rock|[from] move: Defog|[of] p2a: Paragon
|
|turn|110
|
|switch|p1a: Celebi|Celebi|386\/404
|switch|p2a: Lonely Heart|Alomomola, F|497\/497
|
|turn|111
|
|switch|p2a: Paragon|Togetic, F|70\/313
|move|p1a: Celebi|Stealth Rock|p2a: Paragon
|-sidestart|p2: Rubicon|move: Stealth Rock
|
|turn|112
|
|switch|p1a: Sableye|Sableye, M|248\/297
|move|p2a: Paragon|Defog|p1a: Sableye
|-unboost|p1a: Sableye|evasion|1
|-sideend|p2: Rubicon|Stealth Rock|[from] move: Defog|[of] p2a: Paragon
|
|turn|113
|leave|kush swag yolo 420
|join|LessThanThreeMan
|
|switch|p1a: Celebi|Celebi|386\/404
|move|p2a: Paragon|Roost|p2a: Paragon
|-heal|p2a: Paragon|227\/313
|
|turn|114
|
|switch|p2a: Lonely Heart|Alomomola, F|497\/497
|move|p1a: Celebi|Stealth Rock|p2a: Lonely Heart
|-sidestart|p2: Rubicon|move: Stealth Rock
|
|turn|115
|
|switch|p1a: Sableye|Sableye, M|248\/297
|move|p2a: Lonely Heart|Wish|p2a: Lonely Heart
|
|turn|116
|
|switch|p2a: Sting'Zorga|Drapion, M|160\/343
|-damage|p2a: Sting'Zorga|118\/343|[from] Stealth Rock
|move|p1a: Sableye|Taunt|p2a: Sting'Zorga
|-start|p2a: Sting'Zorga|move: Taunt
|
|-heal|p2a: Sting'Zorga|343\/343|[from] move: Wish|[wisher] Lonely Heart
|turn|117
|
|switch|p2a: The Baz|Manectric-Mega, M|176\/281
|-damage|p2a: The Baz|141\/281|[from] Stealth Rock
|-ability|p2a: The Baz|Intimidate|[of] p1a: Sableye
|-unboost|p1a: Sableye|atk|1
|move|p1a: Sableye|Will-O-Wisp|p2a: The Baz
|-status|p2a: The Baz|brn
|
|-damage|p2a: The Baz|106\/281 brn|[from] brn
|turn|118
|
|switch|p1a: Snorlax|Snorlax, M|481\/481 slp
|move|p2a: The Baz|Volt Switch|p1a: Snorlax
|-damage|p1a: Snorlax|391\/481 slp
|
|switch|p2a: Paragon|Togetic, F|227\/313
|-damage|p2a: Paragon|149\/313|[from] Stealth Rock
|
|-heal|p1a: Snorlax|421\/481 slp|[from] item: Leftovers
|turn|119
|
|switch|p1a: Celebi|Celebi|386\/404
|move|p2a: Paragon|Defog|p1a: Celebi
|-unboost|p1a: Celebi|evasion|1
|-sideend|p2: Rubicon|Stealth Rock|[from] move: Defog|[of] p2a: Paragon
|
|turn|120
|
|move|p1a: Celebi|Stealth Rock|p2a: Paragon
|-sidestart|p2: Rubicon|move: Stealth Rock
|move|p2a: Paragon|Roost|p2a: Paragon
|-heal|p2a: Paragon|306\/313
|
|turn|121
|join|TRC
|
|move|p1a: Celebi|Grass Knot|p2a: Paragon
|-resisted|p2a: Paragon
|-damage|p2a: Paragon|300\/313
|move|p2a: Paragon|Defog|p1a: Celebi
|-unboost|p1a: Celebi|evasion|1
|-sideend|p2: Rubicon|Stealth Rock|[from] move: Defog|[of] p2a: Paragon
|
|turn|122
|chat|Skolver|121 turns & not one down...
|chat|TRC|pif that looks like one of my stall teams
|chat|TRC|but with err
|chat|pokemonisfun|its the squeeze
|chat|TRC|crobat > sableye
|chat|pokemonisfun|i absolutely love squeezing
|
|move|p1a: Celebi|Stealth Rock|p2a: Paragon
|-sidestart|p2: Rubicon|move: Stealth Rock
|move|p2a: Paragon|Heal Bell|p2a: Paragon
|-cureteam|p2a: Paragon|[from] move: HealBell
|
|turn|123
|chat|pokemonisfun|i live for these games
|chat|TRC|also y hasnt entei died et
|chat|TRC|or mane
|chat|TRC|or fricking cacturne
|chat|pokemonisfun|entei is a load of nothing
|chat|TRC|its not even stall vs stall
|chat|TRC|why is it taking so long
|join|specs granbull
|chat|Rubicon|because wish
|join|Yuttt.prose
|
|move|p1a: Celebi|Grass Knot|p2a: Paragon
|-resisted|p2a: Paragon
|-damage|p2a: Paragon|294\/313
|move|p2a: Paragon|Defog|p1a: Celebi
|-unboost|p1a: Celebi|evasion|1
|-sideend|p2: Rubicon|Stealth Rock|[from] move: Defog|[of] p2a: Paragon
|
|turn|124
|chat|TRC|its like weird balance
|chat|pokemonisfun|threats are illusory
|chat|whyfor|except it isn't quite balance
|chat|whyfor|bc his offense isn't that great
|chat|Yuttt.prose|why is this UU
|chat|Yuttt.prose|and not RU
|chat|whyfor|at breaking stall
|
|switch|p2a: Sting'Zorga|Drapion, M|343\/343
|move|p1a: Celebi|Stealth Rock|p2a: Sting'Zorga
|-sidestart|p2: Rubicon|move: Stealth Rock
|
|turn|125
|chat|TRC|pif you should tutor uu
|chat|TRC|so u can tutor me
|join|kush swag yolo 420
|chat|pokemonisfun|tutoring lol
|chat|pokemonisfun|my ego isnt that big
|
|switch|p1a: Forretress|Forretress, M|311\/354
|move|p2a: Sting'Zorga|Taunt|p1a: Forretress
|-start|p1a: Forretress|move: Taunt
|
|turn|126
|chat|kush swag yolo 420|why do autists always run smash pass smeargle holy fuck
|chat|kush swag yolo 420|gayest thing ever
|
|switch|p2a: Lonely Heart|Alomomola, F|497\/497
|-damage|p2a: Lonely Heart|435\/497|[from] Stealth Rock
|move|p1a: Forretress|Gyro Ball|p2a: Lonely Heart
|-resisted|p2a: Lonely Heart
|-damage|p2a: Lonely Heart|410\/497
|
|turn|127
|leave|kush swag yolo 420
|chat|whyfor|pif senpai tutor me pls <3
|chat|pokemonisfun|no
|leave|Yuttt.prose
|chat|pokemonisfun|as if tutoring helps
|chat|whyfor|:[
|chat|whyfor|;-;
|
|switch|p1a: Sableye|Sableye, M|248\/297
|move|p2a: Lonely Heart|Toxic|p1a: Sableye
|-status|p1a: Sableye|tox
|
|-damage|p1a: Sableye|230\/297 tox|[from] psn
|turn|128
|
|switch|p1a: Florges|Florges, F|307\/360
|move|p2a: Lonely Heart|Wish|p2a: Lonely Heart
|
|-heal|p1a: Florges|329\/360|[from] item: Leftovers
|turn|129
|
|switch|p2a: The Baz|Manectric-Mega, M|106\/281
|-damage|p2a: The Baz|71\/281|[from] Stealth Rock
|-ability|p2a: The Baz|Intimidate|[of] p1a: Florges
|-unboost|p1a: Florges|atk|1
|move|p1a: Florges|Moonblast|p2a: The Baz
|-damage|p2a: The Baz|0 fnt
|faint|p2a: The Baz
|
|-heal|p1a: Florges|351\/360|[from] item: Leftovers
|chat|whyfor|FINALLY
|chat|whyfor|something died
|chat|whyfor|hor fucking ray
|chat|TRC|hey something is ded
|chat|pokemonisfun|you could just
|chat|pokemonisfun|not spectate
|chat|Rubicon|ah man...
|
|switch|p2a: Sting'Zorga|Drapion, M|343\/343
|-damage|p2a: Sting'Zorga|301\/343|[from] Stealth Rock
|turn|130
|
|switch|p1a: Forretress|Forretress, M|311\/354
|move|p2a: Sting'Zorga|Taunt|p1a: Forretress
|-start|p1a: Forretress|move: Taunt
|
|turn|131
|
|move|p2a: Sting'Zorga|Toxic Spikes|p1a: Forretress
|-sidestart|p1: pokemonisfun|move: Toxic Spikes
|move|p1a: Forretress|Gyro Ball|p2a: Sting'Zorga
|-damage|p2a: Sting'Zorga|229\/343
|
|turn|132
|chat|TRC|all u needto do
|chat|TRC|is kill the alomo
|leave|bri1208
|chat|TRC|then u auto win
|chat|Rubicon|he's already creeping his way up there
|chat|TRC|just dont let celebi die
|
|move|p2a: Sting'Zorga|Toxic Spikes|p1a: Forretress
|-sidestart|p1: pokemonisfun|move: Toxic Spikes
|move|p1a: Forretress|Rapid Spin|p2a: Sting'Zorga
|-damage|p2a: Sting'Zorga|216\/343
|-sideend|p1: pokemonisfun|Toxic Spikes|[from] move: Rapid Spin|[of] p1a: Forretress
|
|turn|133
|chat|TRC|and ur done
|
|move|p2a: Sting'Zorga|Toxic Spikes|p1a: Forretress
|-sidestart|p1: pokemonisfun|move: Toxic Spikes
|move|p1a: Forretress|Gyro Ball|p2a: Sting'Zorga
|-damage|p2a: Sting'Zorga|146\/343
|
|-end|p1a: Forretress|move: Taunt
|turn|134
|
|move|p2a: Sting'Zorga|Taunt|p1a: Forretress
|-start|p1a: Forretress|move: Taunt
|move|p1a: Forretress|Rapid Spin|p2a: Sting'Zorga
|-damage|p2a: Sting'Zorga|133\/343
|-sideend|p1: pokemonisfun|Toxic Spikes|[from] move: Rapid Spin|[of] p1a: Forretress
|
|turn|135
|
|switch|p2a: Paragon|Togetic, F|294\/313
|-damage|p2a: Paragon|216\/313|[from] Stealth Rock
|move|p1a: Forretress|Gyro Ball|p2a: Paragon
|-supereffective|p2a: Paragon
|-damage|p2a: Paragon|156\/313
|
|turn|136
|
|switch|p1a: Florges|Florges, F|351\/360
|move|p2a: Paragon|Defog|p1a: Florges
|-unboost|p1a: Florges|evasion|1
|-sideend|p2: Rubicon|Stealth Rock|[from] move: Defog|[of] p2a: Paragon
|
|-heal|p1a: Florges|360\/360|[from] item: Leftovers
|turn|137
|
|switch|p2a: ARGRARJGHH|Entei, shiny|140\/371
|-ability|p2a: ARGRARJGHH|Pressure
|move|p1a: Florges|Aromatherapy|p1a: Florges
|-cureteam|p1a: Florges|[from] move: Aromatherapy
|
|turn|138
|
|switch|p1a: Snorlax|Snorlax, M|421\/481
|move|p2a: ARGRARJGHH|Sacred Fire|p1a: Snorlax
|-damage|p1a: Snorlax|324\/481
|-status|p1a: Snorlax|brn
|
|-heal|p1a: Snorlax|354\/481 brn|[from] item: Leftovers
|-damage|p1a: Snorlax|294\/481 brn|[from] brn
|turn|139
|
|switch|p2a: Dr. Crane|Cacturne, M|225\/281
|move|p1a: Snorlax|Rest|p1a: Snorlax
|-status|p1a: Snorlax|slp
|-heal|p1a: Snorlax|481\/481 slp|[silent]
|-status|p1a: Snorlax|slp|[from] move: Rest
|
|turn|140
|join|kl;jkjl
|
|switch|p1a: Celebi|Celebi|386\/404
|move|p2a: Dr. Crane|Swords Dance|p2a: Dr. Crane
|-boost|p2a: Dr. Crane|atk|2
|
|turn|141
|
|move|p1a: Celebi|Perish Song|p1a: Celebi
|-fieldactivate|move: Perish Song
|move|p2a: Dr. Crane|Swords Dance|p2a: Dr. Crane
|-boost|p2a: Dr. Crane|atk|2
|
|-start|p1a: Celebi|perish3
|-start|p2a: Dr. Crane|perish3
|turn|142
|
|move|p1a: Celebi|Stealth Rock|p2a: Dr. Crane
|-sidestart|p2: Rubicon|move: Stealth Rock
|move|p2a: Dr. Crane|Drain Punch|p1a: Celebi
|-resisted|p1a: Celebi
|-damage|p1a: Celebi|263\/404
|-heal|p2a: Dr. Crane|281\/281|[from] drain|[of] p1a: Celebi
|-damage|p2a: Dr. Crane|253\/281|[from] item: Life Orb
|
|-start|p1a: Celebi|perish2
|-start|p2a: Dr. Crane|perish2
|turn|143
|
|switch|p2a: Paragon|Togetic, F|156\/313
|-damage|p2a: Paragon|78\/313|[from] Stealth Rock
|move|p1a: Celebi|Recover|p1a: Celebi
|-heal|p1a: Celebi|404\/404
|
|-start|p1a: Celebi|perish1
|turn|144
|
|switch|p1a: Sableye|Sableye, M|230\/297
|move|p2a: Paragon|Defog|p1a: Sableye
|-unboost|p1a: Sableye|evasion|1
|-sideend|p2: Rubicon|Stealth Rock|[from] move: Defog|[of] p2a: Paragon
|
|turn|145
|
|switch|p2a: Dr. Crane|Cacturne, M|253\/281
|move|p1a: Sableye|Taunt|p2a: Dr. Crane
|-start|p2a: Dr. Crane|move: Taunt
|
|turn|146
|
|switch|p2a: ARGRARJGHH|Entei, shiny|140\/371
|-ability|p2a: ARGRARJGHH|Pressure
|move|p1a: Sableye|Will-O-Wisp|p2a: ARGRARJGHH|[miss]
|-miss|p1a: Sableye|p2a: ARGRARJGHH
|
|turn|147
|
|switch|p2a: Dr. Crane|Cacturne, M|253\/281
|switch|p1a: Snorlax|Snorlax, M|481\/481 slp
|
|turn|148
|
|switch|p1a: Celebi|Celebi|404\/404
|move|p2a: Dr. Crane|Swords Dance|p2a: Dr. Crane
|-boost|p2a: Dr. Crane|atk|2
|
|turn|149
|
|move|p1a: Celebi|Perish Song|p1a: Celebi
|-fieldactivate|move: Perish Song
|move|p2a: Dr. Crane|Swords Dance|p2a: Dr. Crane
|-boost|p2a: Dr. Crane|atk|2
|
|-start|p1a: Celebi|perish3
|-start|p2a: Dr. Crane|perish3
|turn|150
|
|switch|p2a: Paragon|Togetic, F|78\/313
|move|p1a: Celebi|Stealth Rock|p2a: Paragon
|-sidestart|p2: Rubicon|move: Stealth Rock
|
|-start|p1a: Celebi|perish2
|turn|151
|
|switch|p1a: Sableye|Sableye, M|230\/297
|move|p2a: Paragon|Defog|p1a: Sableye
|-unboost|p1a: Sableye|evasion|1
|-sideend|p2: Rubicon|Stealth Rock|[from] move: Defog|[of] p2a: Paragon
|
|turn|152
|
|move|p1a: Sableye|Knock Off|p2a: Paragon
|-resisted|p2a: Paragon
|-damage|p2a: Paragon|44\/313
|-enditem|p2a: Paragon|Eviolite|[from] move: Knock Off|[of] p1a: Sableye
|move|p2a: Paragon|Roost|p2a: Paragon
|-heal|p2a: Paragon|201\/313
|
|turn|153
|
|switch|p2a: ARGRARJGHH|Entei, shiny|140\/371
|-ability|p2a: ARGRARJGHH|Pressure
|move|p1a: Sableye|Knock Off|p2a: ARGRARJGHH
|-damage|p2a: ARGRARJGHH|65\/371
|
|turn|154
|
|switch|p2a: Lonely Heart|Alomomola, F|497\/497
|switch|p1a: Snorlax|Snorlax, M|481\/481 slp
|
|turn|155
|
|switch|p1a: Florges|Florges, F|360\/360
|move|p2a: Lonely Heart|Wish|p2a: Lonely Heart
|
|turn|156
|
|switch|p2a: Sting'Zorga|Drapion, M|133\/343
|move|p1a: Florges|Moonblast|p2a: Sting'Zorga
|-damage|p2a: Sting'Zorga|28\/343
|
|-heal|p2a: Sting'Zorga|276\/343|[from] move: Wish|[wisher] Lonely Heart
|turn|157
|join|Foop
|
|move|p1a: Florges|Moonblast|p2a: Sting'Zorga
|-damage|p2a: Sting'Zorga|171\/343
|-unboost|p2a: Sting'Zorga|spa|1
|move|p2a: Sting'Zorga|Whirlwind|p1a: Florges
|drag|p1a: Snorlax|Snorlax, M|481\/481 slp
|
|turn|158
|
|switch|p1a: Florges|Florges, F|360\/360
|move|p2a: Sting'Zorga|Knock Off|p1a: Florges
|-resisted|p1a: Florges
|-damage|p1a: Florges|302\/360
|-enditem|p1a: Florges|Leftovers|[from] move: Knock Off|[of] p2a: Sting'Zorga
|
|turn|159
|
|move|p2a: Sting'Zorga|Taunt|p1a: Florges
|-start|p1a: Florges|move: Taunt
|move|p1a: Florges|Moonblast|p2a: Sting'Zorga
|-damage|p2a: Sting'Zorga|59\/343
|
|turn|160
|
|switch|p2a: Lonely Heart|Alomomola, F|497\/497
|move|p1a: Florges|Moonblast|p2a: Lonely Heart
|-damage|p2a: Lonely Heart|314\/497
|
|turn|161
|
|move|p1a: Florges|Moonblast|p2a: Lonely Heart
|-damage|p2a: Lonely Heart|125\/497
|move|p2a: Lonely Heart|Wish|p2a: Lonely Heart
|
|-end|p1a: Florges|move: Taunt
|turn|162
|
|move|p2a: Lonely Heart|Protect|p2a: Lonely Heart
|-singleturn|p2a: Lonely Heart|Protect
|move|p1a: Florges|Moonblast|p2a: Lonely Heart
|-activate|p2a: Lonely Heart|Protect
|
|-heal|p2a: Lonely Heart|373\/497|[from] move: Wish|[wisher] Lonely Heart
|turn|163
|
|move|p1a: Florges|Wish|p1a: Florges
|move|p2a: Lonely Heart|Toxic|p1a: Florges
|-status|p1a: Florges|tox
|
|-damage|p1a: Florges|280\/360 tox|[from] psn
|turn|164
|
|move|p1a: Florges|Aromatherapy|p1a: Florges
|-cureteam|p1a: Florges|[from] move: Aromatherapy
|move|p2a: Lonely Heart|Wish|p2a: Lonely Heart
|
|-heal|p1a: Florges|360\/360|[from] move: Wish|[wisher] Florges
|turn|165
|chat|TRC|yo rubi
|chat|TRC|how much wish pp do you have?
|chat|Rubicon|not enough
|
|move|p1a: Florges|Moonblast|p2a: Lonely Heart
|-damage|p2a: Lonely Heart|211\/497
|-unboost|p2a: Lonely Heart|spa|1
|move|p2a: Lonely Heart|Toxic|p1a: Florges
|-status|p1a: Florges|tox
|
|-heal|p2a: Lonely Heart|459\/497|[from] move: Wish|[wisher] Lonely Heart
|-damage|p1a: Florges|338\/360 tox|[from] psn
|turn|166
|chat|pokemonisfun|u can use ctrl f
|leave|kl;jkjl
|
|move|p1a: Florges|Aromatherapy|p1a: Florges
|-cureteam|p1a: Florges|[from] move: Aromatherapy
|move|p2a: Lonely Heart|Wish|p2a: Lonely Heart
|
|turn|167
|chat|TRC|n
|
|switch|p1a: Celebi|Celebi|404\/404
|switch|p2a: Sting'Zorga|Drapion, M|59\/343
|
|-heal|p2a: Sting'Zorga|307\/343|[from] move: Wish|[wisher] Lonely Heart
|turn|168
|
|move|p1a: Celebi|Stealth Rock|p2a: Sting'Zorga
|-sidestart|p2: Rubicon|move: Stealth Rock
|move|p2a: Sting'Zorga|Knock Off|p1a: Celebi
|-supereffective|p1a: Celebi
|-damage|p1a: Celebi|296\/404
|
|turn|169
|chat|TRC|woodchuch
|
|switch|p1a: Florges|Florges, F|338\/360
|move|p2a: Sting'Zorga|Toxic Spikes|p1a: Florges
|-sidestart|p1: pokemonisfun|move: Toxic Spikes
|
|turn|170
|
|move|p1a: Florges|Moonblast|p2a: Sting'Zorga
|-damage|p2a: Sting'Zorga|205\/343
|move|p2a: Sting'Zorga|Whirlwind|p1a: Florges
|drag|p1a: Forretress|Forretress, M|311\/354
|
|turn|171
|
|switch|p2a: Paragon|Togetic, F|201\/313
|-damage|p2a: Paragon|123\/313|[from] Stealth Rock
|move|p1a: Forretress|Rapid Spin|p2a: Paragon
|-damage|p2a: Paragon|106\/313
|-sideend|p1: pokemonisfun|Toxic Spikes|[from] move: Rapid Spin|[of] p1a: Forretress
|
|turn|172
|join|Deetect
|chat|TRC|kill it
|
|move|p2a: Paragon|Roost|p2a: Paragon
|-heal|p2a: Paragon|263\/313
|move|p1a: Forretress|Spikes|p2a: Paragon
|-sidestart|p2: Rubicon|Spikes
|
|turn|173
|chat|TRC|its no evio
|chat|TRC|:[
|
|move|p2a: Paragon|Defog|p1a: Forretress
|-unboost|p1a: Forretress|evasion|1
|-sideend|p2: Rubicon|Spikes|[from] move: Defog|[of] p2a: Paragon
|-sideend|p2: Rubicon|Stealth Rock|[from] move: Defog|[of] p2a: Paragon
|move|p1a: Forretress|Spikes|p2a: Paragon
|-sidestart|p2: Rubicon|Spikes
|
|turn|174
|chat|Deetect|is pokemon
|chat|Deetect|actually fun
|chat|pokemonisfun|very original
|chat|Deetect|also good lord turn 174
|
|switch|p2a: ARGRARJGHH|Entei, shiny|65\/371
|-damage|p2a: ARGRARJGHH|19\/371|[from] Spikes
|-ability|p2a: ARGRARJGHH|Pressure
|move|p1a: Forretress|Spikes|p2a: ARGRARJGHH
|-sidestart|p2: Rubicon|Spikes
|
|turn|175
|
|switch|p1a: Snorlax|Snorlax, M|481\/481
|move|p2a: ARGRARJGHH|Sacred Fire|p1a: Snorlax
|-damage|p1a: Snorlax|385\/481
|-status|p1a: Snorlax|brn
|
|-heal|p1a: Snorlax|415\/481 brn|[from] item: Leftovers
|-damage|p1a: Snorlax|355\/481 brn|[from] brn
|turn|176
|chat|Rubicon|it's over though
|chat|pokemonisfun|defog
|
|switch|p2a: Dr. Crane|Cacturne, M|253\/281
|-damage|p2a: Dr. Crane|207\/281|[from] Spikes
|move|p1a: Snorlax|Rest|p1a: Snorlax
|-status|p1a: Snorlax|slp
|-heal|p1a: Snorlax|481\/481 slp|[silent]
|-status|p1a: Snorlax|slp|[from] move: Rest
|
|turn|177
|
|switch|p1a: Celebi|Celebi|296\/404
|move|p2a: Dr. Crane|Swords Dance|p2a: Dr. Crane
|-boost|p2a: Dr. Crane|atk|2
|
|turn|178
|
|move|p1a: Celebi|Perish Song|p1a: Celebi
|-fieldactivate|move: Perish Song
|move|p2a: Dr. Crane|Swords Dance|p2a: Dr. Crane
|-boost|p2a: Dr. Crane|atk|2
|
|-start|p1a: Celebi|perish3
|-start|p2a: Dr. Crane|perish3
|turn|179
|
|move|p1a: Celebi|Stealth Rock|p2a: Dr. Crane
|-sidestart|p2: Rubicon|move: Stealth Rock
|move|p2a: Dr. Crane|Swords Dance|p2a: Dr. Crane
|-boost|p2a: Dr. Crane|atk|2
|
|-start|p1a: Celebi|perish2
|-start|p2a: Dr. Crane|perish2
|turn|180
|
|move|p1a: Celebi|Recover|p1a: Celebi
|-heal|p1a: Celebi|404\/404
|move|p2a: Dr. Crane|Seed Bomb|p1a: Celebi
|-resisted|p1a: Celebi
|-damage|p1a: Celebi|110\/404
|-damage|p2a: Dr. Crane|179\/281|[from] item: Life Orb
|
|-start|p1a: Celebi|perish1
|-start|p2a: Dr. Crane|perish1
|turn|181
|
|switch|p1a: Sableye|Sableye, M|230\/297
|move|p2a: Dr. Crane|Drain Punch|p1a: Sableye
|-immune|p1a: Sableye|[msg]
|
|-start|p2a: Dr. Crane|perish0
|faint|p2a: Dr. Crane
|leave|Deetect
|chat|LessThanThreeMan|lol
|
|switch|p2a: Sting'Zorga|Drapion, M|205\/343
|-damage|p2a: Sting'Zorga|163\/343|[from] Stealth Rock
|-damage|p2a: Sting'Zorga|106\/343|[from] Spikes
|turn|182
|
|move|p1a: Sableye|Taunt|p2a: Sting'Zorga
|-start|p2a: Sting'Zorga|move: Taunt
|move|p2a: Sting'Zorga|Knock Off|p1a: Sableye
|-damage|p1a: Sableye|142\/297
|
|turn|183
|join|Gnarly Brah
|
|switch|p2a: ARGRARJGHH|Entei, shiny|19\/371
|-damage|p2a: ARGRARJGHH|0 fnt|[from] Stealth Rock
|faint|p2a: ARGRARJGHH
|move|p1a: Sableye|Recover|p1a: Sableye
|-heal|p1a: Sableye|291\/297
|
|chat|TRC|yay pif wins
|join|meowiekins
|chat|TRC|forfeit already this is taking ages :[
|chat|pokemonisfun|no patience
|
|switch|p2a: Lonely Heart|Alomomola, F|497\/497
|-damage|p2a: Lonely Heart|435\/497|[from] Stealth Rock
|-damage|p2a: Lonely Heart|353\/497|[from] Spikes
|turn|184
|chat|Gnarly Brah|RIP 
|chat|TRC|i dont play stall
|chat|TRC|how can bkc survive :[
|
|move|p1a: Sableye|Taunt|p2a: Lonely Heart
|-start|p2a: Lonely Heart|move: Taunt
|move|p2a: Lonely Heart|Waterfall|p1a: Sableye
|-damage|p1a: Sableye|198\/297
|
|turn|185
|chat|meowiekins|oh lord
|chat|meowiekins|185 turns
|chat|TRC|u shold see
|chat|TRC|lady bug vs l elyis
|
|switch|p2a: Paragon|Togetic, F|263\/313
|-damage|p2a: Paragon|185\/313|[from] Stealth Rock
|move|p1a: Sableye|Will-O-Wisp|p2a: Paragon
|-status|p2a: Paragon|brn
|
|-damage|p2a: Paragon|146\/313 brn|[from] brn
|turn|186
|chat|TRC|lol that was funny
|leave|zTerribadTastic
|chat|Gnarly Brah|6-0 by round 200
|chat|Rubicon|i lost my shit
|chat|Rubicon|help me find it
|
|switch|p2a: Lonely Heart|Alomomola, F|497\/497
|-damage|p2a: Lonely Heart|415\/497|[from] Spikes
|-damage|p2a: Lonely Heart|353\/497|[from] Stealth Rock
|move|p1a: Sableye|Recover|p1a: Sableye
|-heal|p1a: Sableye|297\/297
|
|turn|187
|
|move|p1a: Sableye|Taunt|p2a: Lonely Heart
|-start|p2a: Lonely Heart|move: Taunt
|cant|p2a: Lonely Heart|move: Taunt|Wish
|
|turn|188
|chat|TRC|u can still win
|
|move|p1a: Sableye|Will-O-Wisp|p2a: Lonely Heart
|-status|p2a: Lonely Heart|brn
|move|p2a: Lonely Heart|Waterfall|p1a: Sableye
|-damage|p1a: Sableye|248\/297
|
|-damage|p2a: Lonely Heart|291\/497 brn|[from] brn
|turn|189
|chat|Rubicon|do tell
|
|switch|p2a: Sting'Zorga|Drapion, M|106\/343
|-damage|p2a: Sting'Zorga|64\/343|[from] Stealth Rock
|-damage|p2a: Sting'Zorga|7\/343|[from] Spikes
|switch|p1a: Forretress|Forretress, M|311\/354
|
|turn|190
|chat|Gnarly Brah|step 1: Get a crit
|chat|Gnarly Brah|Step 2: Profit
|
|move|p2a: Sting'Zorga|Toxic Spikes|p1a: Forretress
|-sidestart|p1: pokemonisfun|move: Toxic Spikes
|move|p1a: Forretress|Rapid Spin|p2a: Sting'Zorga
|-damage|p2a: Sting'Zorga|0 fnt
|-sideend|p1: pokemonisfun|Toxic Spikes|[from] move: Rapid Spin|[of] p1a: Forretress
|faint|p2a: Sting'Zorga
|
|
|switch|p2a: Paragon|Togetic, F|146\/313 brn
|-damage|p2a: Paragon|68\/313 brn|[from] Stealth Rock
|turn|191
|
|move|p2a: Paragon|Heal Bell|p2a: Paragon
|-cureteam|p2a: Paragon|[from] move: HealBell
|move|p1a: Forretress|Spikes|p2a: Paragon
|-sidestart|p2: Rubicon|Spikes
|
|turn|192
|chat|meowiekins|step 3: ddos pif
|
|move|p2a: Paragon|Roost|p2a: Paragon
|-heal|p2a: Paragon|225\/313
|move|p1a: Forretress|Toxic Spikes|p2a: Paragon
|-sidestart|p2: Rubicon|move: Toxic Spikes
|
|turn|193
|chat|Gnarly Brah|^
|chat|Gnarly Brah|step 4: fite him irl bro
|
|move|p2a: Paragon|Psychic|p1a: Forretress
|-resisted|p1a: Forretress
|-damage|p1a: Forretress|265\/354
|move|p1a: Forretress|Toxic Spikes|p2a: Paragon
|-sidestart|p2: Rubicon|move: Toxic Spikes
|
|turn|194
|
|switch|p2a: Lonely Heart|Alomomola, F|456\/497
|-damage|p2a: Lonely Heart|394\/497|[from] Stealth Rock
|-status|p2a: Lonely Heart|tox
|-damage|p2a: Lonely Heart|270\/497 tox|[from] Spikes
|switch|p1a: Celebi|Celebi|110\/404
|
|-damage|p2a: Lonely Heart|239\/497 tox|[from] psn
|turn|195
|join|mouse de frank
|chat|pokemonisfun|poor quagsire
|leave|mouse de frank
|
|move|p1a: Celebi|Recover|p1a: Celebi
|-heal|p1a: Celebi|312\/404
|move|p2a: Lonely Heart|Wish|p2a: Lonely Heart
|
|-damage|p2a: Lonely Heart|177\/497 tox|[from] psn
|turn|196
|chat|pokemonisfun|had to be benched for 200 turns
|join|bri1208
|chat|Gnarly Brah|^
|chat|Rubicon|i was waiting for him to come in, too
|join|Deetect
|chat|Rubicon|while manectric was still alive
|
|switch|p1a: Florges|Florges, F|338\/360
|move|p2a: Lonely Heart|Toxic|p1a: Florges
|-status|p1a: Florges|tox
|
|-heal|p2a: Lonely Heart|425\/497 tox|[from] move: Wish|[wisher] Lonely Heart
|-damage|p1a: Florges|316\/360 tox|[from] psn
|-damage|p2a: Lonely Heart|332\/497 tox|[from] psn
|turn|197
|leave|Deetect
|chat|bri1208|lol stall the staller
|
|move|p1a: Florges|Aromatherapy|p1a: Florges
|-cureteam|p1a: Florges|[from] move: Aromatherapy
|move|p2a: Lonely Heart|Waterfall|p1a: Florges
|-damage|p1a: Florges|222\/360
|
|-damage|p2a: Lonely Heart|208\/497 tox|[from] psn
|turn|198
|chat|TRC|pif
|chat|TRC|bring in quaggy
|chat|TRC|imo
|chat|pokemonisfun|dont tell me what to do
|chat|Gnarly Brah|snorlax sweep tbh
|chat|meowiekins|put him in coach
|chat|meowiekins|he's ready to play
|chat|Gnarly Brah|mop up
|
|move|p1a: Florges|Wish|p1a: Florges
|move|p2a: Lonely Heart|Wish|p2a: Lonely Heart
|
|-damage|p2a: Lonely Heart|53\/497 tox|[from] psn
|turn|199
|chat|TRC|do it
|chat|Gnarly Brah|janitor
|
|switch|p2a: Paragon|Togetic, F|225\/313
|-damage|p2a: Paragon|147\/313|[from] Stealth Rock
|move|p1a: Florges|Moonblast|p2a: Paragon
|-damage|p2a: Paragon|54\/313
|
|-heal|p2a: Paragon|302\/313|[from] move: Wish|[wisher] Lonely Heart
|-heal|p1a: Florges|360\/360|[from] move: Wish|[wisher] Florges
|turn|200
|chat|meowiekins|peer pressure
|chat|bri1208|did you need to save the replay x3
|chat|Gnarly Brah|turn 200 everybody
|
|switch|p1a: Sableye|Sableye, M|248\/297
|move|p2a: Paragon|Psychic|p1a: Sableye
|-immune|p1a: Sableye|[msg]
|
|turn|201
|leave|Skolver
|
|switch|p2a: Lonely Heart|Alomomola, F|218\/497 tox
|-damage|p2a: Lonely Heart|94\/497 tox|[from] Spikes
|-damage|p2a: Lonely Heart|32\/497 tox|[from] Stealth Rock
|move|p1a: Sableye|Taunt|p2a: Lonely Heart
|-start|p2a: Lonely Heart|move: Taunt
|
|-damage|p2a: Lonely Heart|1\/497 tox|[from] psn
|turn|202
|
|move|p2a: Lonely Heart|Waterfall|p1a: Sableye
|-damage|p1a: Sableye|158\/297
|move|p1a: Sableye|Knock Off|p2a: Lonely Heart
|-damage|p2a: Lonely Heart|0 fnt
|faint|p2a: Lonely Heart
|
|
|switch|p2a: Paragon|Togetic, F|302\/313
|-damage|p2a: Paragon|224\/313|[from] Stealth Rock
|turn|203
|
|move|p1a: Sableye|Recover|p1a: Sableye
|-heal|p1a: Sableye|297\/297
|move|p2a: Paragon|Psychic|p1a: Sableye
|-immune|p1a: Sableye|[msg]
|
|turn|204
|
|switch|p1a: Celebi|Celebi|312\/404
|move|p2a: Paragon|Roost|p2a: Paragon
|-heal|p2a: Paragon|313\/313
|
|turn|205
|
|move|p1a: Celebi|Perish Song|p1a: Celebi
|-fieldactivate|move: Perish Song
|move|p2a: Paragon|Psychic|p1a: Celebi
|-resisted|p1a: Celebi
|-damage|p1a: Celebi|281\/404
|
|-start|p1a: Celebi|perish3
|-start|p2a: Paragon|perish3
|turn|206
|
|move|p1a: Celebi|Recover|p1a: Celebi
|-heal|p1a: Celebi|404\/404
|move|p2a: Paragon|Psychic|p1a: Celebi
|-resisted|p1a: Celebi
|-damage|p1a: Celebi|377\/404
|
|-start|p1a: Celebi|perish2
|-start|p2a: Paragon|perish2
|turn|207
|chat|Gnarly Brah|still countin git as 6-0?
|chat|meowiekins|the world's first 200 turn body bag
|chat|TRC|not really
|
|switch|p1a: Sableye|Sableye, M|297\/297
|move|p2a: Paragon|Psychic|p1a: Sableye
|-immune|p1a: Sableye|[msg]
|
|-start|p2a: Paragon|perish1
|turn|208
|chat|Rubicon|i thought body bags weren't supposed to be messy
|
|move|p1a: Sableye|Taunt|p2a: Paragon
|-start|p2a: Paragon|move: Taunt
|move|p2a: Paragon|Psychic|p1a: Sableye
|-immune|p1a: Sableye|[msg]
|
|-start|p2a: Paragon|perish0
|faint|p2a: Paragon
|
|win|pokemonisfun
|raw|Ladder updating...
|raw|pokemonisfun's rating: 1681 &rarr; <strong>1698<\/strong><br \/>(+17 for winning)
|raw|Rubicon's rating: 1635 &rarr; <strong>1618<\/strong><br \/>(-17 for losing)
|chat|Gnarly Brah|rip
|chat|Rubicon|quick, clean, efficient
|chat|meowiekins|true
|leave|pokemonisfun
|player|p1
|leave|LessThanThreeMan
|leave|Gnarly Brah