|join|Rubicon
|join|Ryukahinas
|player|p1|Rubicon|129
|player|p2|Ryukahinas|266
|gametype|singles
|gen|6
|tier|UU
|rated
|rule|Sleep Clause Mod: Limit one foe put to sleep
|rule|Species Clause: Limit one of each Pokemon
|rule|OHKO Clause: OHKO moves are banned
|rule|Moody Clause: Moody is banned
|rule|Evasion Moves Clause: Evasion moves are banned
|rule|Endless Battle Clause: Forcing endless battles is banned.
|rule|HP Percentage Mod: HP is reported as percentages
|clearpoke
|poke|p1|Slowbro, M
|poke|p1|Drapion, M
|poke|p1|Cacturne, M
|poke|p1|Entei, shiny
|poke|p1|Manectric, M
|poke|p1|Togetic, F
|poke|p2|Florges, F
|poke|p2|Entei, shiny
|poke|p2|Manectric, M
|poke|p2|Tentacruel, M
|poke|p2|Swampert, M
|poke|p2|Flygon, F
|teampreview
|
|start
|switch|p1a: John Pinkerton|Slowbro, M|393\/393
|switch|p2a: Flygon|Flygon, F|301\/301
|turn|1
|
|move|p2a: Flygon|U-turn|p1a: John Pinkerton
|-supereffective|p1a: John Pinkerton
|-damage|p1a: John Pinkerton|295\/393
|-damage|p2a: Flygon|251\/301|[from] item: Rocky Helmet|[of] p1a: John Pinkerton
|
|switch|p2a: Florges|Florges, F|359\/359
|move|p1a: John Pinkerton|Psyshock|p2a: Florges
|-damage|p2a: Florges|278\/359
|
|-heal|p2a: Florges|300\/359|[from] item: Leftovers
|turn|2
|
|switch|p1a: ARGRARJGHH|Entei, shiny|371\/371
|-ability|p1a: ARGRARJGHH|Pressure
|move|p2a: Florges|Moonblast|p1a: ARGRARJGHH
|-resisted|p1a: ARGRARJGHH
|-damage|p1a: ARGRARJGHH|291\/371
|
|-heal|p2a: Florges|322\/359|[from] item: Leftovers
|turn|3
|
|move|p2a: Florges|Protect|p2a: Florges
|-singleturn|p2a: Florges|Protect
|move|p1a: ARGRARJGHH|Sacred Fire|p2a: Florges
|-activate|p2a: Florges|Protect
|
|-heal|p2a: Florges|344\/359|[from] item: Leftovers
|turn|4
|
|switch|p1a: Pokey|Cacturne, M|281\/281
|switch|p2a: Entei|Entei, shiny|371\/371
|-ability|p2a: Entei|Pressure
|
|turn|5
|
|switch|p1a: John Pinkerton|Slowbro, M|393\/393
|move|p2a: Entei|Sacred Fire|p1a: John Pinkerton
|-resisted|p1a: John Pinkerton
|-damage|p1a: John Pinkerton|309\/393
|-status|p1a: John Pinkerton|brn
|
|-damage|p1a: John Pinkerton|260\/393 brn|[from] brn
|turn|6
|
|switch|p2a: Florges|Florges, F|344\/359
|move|p1a: John Pinkerton|Scald|p2a: Florges
|-crit|p2a: Florges
|-damage|p2a: Florges|241\/359
|
|-heal|p2a: Florges|263\/359|[from] item: Leftovers
|-damage|p1a: John Pinkerton|211\/393 brn|[from] brn
|turn|7
|
|switch|p1a: Paragon|Togetic, F|313\/313
|move|p2a: Florges|Moonblast|p1a: Paragon
|-damage|p1a: Paragon|249\/313
|
|-heal|p2a: Florges|285\/359|[from] item: Leftovers
|turn|8
|
|move|p2a: Florges|Moonblast|p1a: Paragon
|-crit|p1a: Paragon
|-damage|p1a: Paragon|167\/313
|-unboost|p1a: Paragon|spa|1
|move|p1a: Paragon|Heal Bell|p1a: Paragon
|-cureteam|p1a: Paragon|[from] move: HealBell
|
|-heal|p2a: Florges|307\/359|[from] item: Leftovers
|turn|9
|
|move|p2a: Florges|Wish|p2a: Florges
|move|p1a: Paragon|Roost|p1a: Paragon
|-heal|p1a: Paragon|313\/313
|
|-heal|p2a: Florges|329\/359|[from] item: Leftovers
|turn|10
|
|switch|p2a: Tentacruel|Tentacruel, M|364\/364
|switch|p1a: Sting'Zorga|Drapion, M|343\/343
|
|turn|11
|
|switch|p2a: Flygon|Flygon, F|251\/301
|move|p1a: Sting'Zorga|Knock Off|p2a: Flygon
|-damage|p2a: Flygon|128\/301
|-enditem|p2a: Flygon|Choice Scarf|[from] move: Knock Off|[of] p1a: Sting'Zorga
|
|turn|12
|
|switch|p1a: Paragon|Togetic, F|313\/313
|move|p2a: Flygon|U-turn|p1a: Paragon
|-resisted|p1a: Paragon
|-damage|p1a: Paragon|300\/313
|
|switch|p2a: Manectric|Manectric, M|281\/281
|
|turn|13
|
|switch|p1a: The Baz|Manectric, M|281\/281
|move|p2a: Manectric|Thunderbolt|p1a: The Baz
|-boost|p1a: The Baz|spa|1|[from] ability: Lightningrod
|
|turn|14
|
|move|p2a: Manectric|Flamethrower|p1a: The Baz
|-damage|p1a: The Baz|145\/281
|move|p1a: The Baz|Hidden Power|p2a: Manectric
|-damage|p2a: Manectric|133\/281
|
|turn|15
|
|switch|p2a: Florges|Florges, F|329\/359
|-formechange|p1a: The Baz|Manectric-Mega
|message|Manectric has Mega Evolved into Mega Manectric!
|-ability|p1a: The Baz|Intimidate|[of] p2a: Florges
|-unboost|p2a: Florges|atk|1
|move|p1a: The Baz|Flamethrower|p2a: Florges
|-damage|p2a: Florges|207\/359
|
|-heal|p2a: Florges|229\/359|[from] item: Leftovers
|turn|16
|
|move|p1a: The Baz|Volt Switch|p2a: Florges
|-damage|p2a: Florges|93\/359
|
|switch|p1a: Sting'Zorga|Drapion, M|343\/343
|move|p2a: Florges|Wish|p2a: Florges
|
|-heal|p2a: Florges|115\/359|[from] item: Leftovers
|turn|17
|
|move|p2a: Florges|Protect|p2a: Florges
|-singleturn|p2a: Florges|Protect
|move|p1a: Sting'Zorga|Whirlwind|p2a: Florges
|drag|p2a: Manectric|Manectric, M|133\/281
|
|-heal|p2a: Manectric|281\/281|[from] move: Wish|[wisher] Florges
|turn|18
|chat|Rubicon|dangit
|
|-formechange|p2a: Manectric|Manectric-Mega
|message|Manectric has Mega Evolved into Mega Manectric!
|-ability|p2a: Manectric|Intimidate|[of] p1a: Sting'Zorga
|-unboost|p1a: Sting'Zorga|atk|1
|move|p2a: Manectric|Flamethrower|p1a: Sting'Zorga
|-damage|p1a: Sting'Zorga|241\/343
|move|p1a: Sting'Zorga|Toxic Spikes|p2a: Manectric
|-sidestart|p2: Ryukahinas|move: Toxic Spikes
|
|-heal|p1a: Sting'Zorga|262\/343|[from] item: Black Sludge
|turn|19
|
|move|p2a: Manectric|Flamethrower|p1a: Sting'Zorga
|-damage|p1a: Sting'Zorga|171\/343
|move|p1a: Sting'Zorga|Whirlwind|p2a: Manectric
|drag|p2a: Florges|Florges, F|115\/359
|-status|p2a: Florges|psn
|
|-heal|p1a: Sting'Zorga|192\/343|[from] item: Black Sludge
|-heal|p2a: Florges|137\/359 psn|[from] item: Leftovers
|-damage|p2a: Florges|93\/359 psn|[from] psn
|turn|20
|
|switch|p2a: Tentacruel|Tentacruel, M|364\/364
|-sideend|p2: Ryukahinas|move: Toxic Spikes|[of] p2a: Tentacruel
|move|p1a: Sting'Zorga|Knock Off|p2a: Tentacruel
|-damage|p2a: Tentacruel|298\/364
|-enditem|p2a: Tentacruel|Black Sludge|[from] move: Knock Off|[of] p1a: Sting'Zorga
|
|-heal|p1a: Sting'Zorga|213\/343|[from] item: Black Sludge
|turn|21
|
|switch|p1a: The Baz|Manectric, M|145\/281
|-formechange|p1a: The Baz|Manectric-Mega
|-ability|p1a: The Baz|Intimidate|[of] p2a: Tentacruel
|-fail|p2a: Tentacruel|unboost|[from] ability: Clear Body|[of] p2a: Tentacruel
|move|p2a: Tentacruel|Scald|p1a: The Baz
|-damage|p1a: The Baz|60\/281
|
|turn|22
|
|switch|p2a: Florges|Florges, F|93\/359 psn
|move|p1a: The Baz|Volt Switch|p2a: Florges
|-damage|p2a: Florges|0 fnt
|faint|p2a: Florges
|
|switch|p1a: Sting'Zorga|Drapion, M|213\/343
|
|-heal|p1a: Sting'Zorga|234\/343|[from] item: Black Sludge
|
|switch|p2a: Tentacruel|Tentacruel, M|298\/364
|turn|23
|
|switch|p1a: Pokey|Cacturne, M|281\/281
|move|p2a: Tentacruel|Scald|p1a: Pokey
|-immune|p1a: Pokey|[msg]
|
|turn|24
|
|move|p2a: Tentacruel|Sludge Bomb|p1a: Pokey
|-supereffective|p1a: Pokey
|-damage|p1a: Pokey|33\/281
|move|p1a: Pokey|Swords Dance|p1a: Pokey
|-boost|p1a: Pokey|atk|2
|
|turn|25
|
|move|p1a: Pokey|Sucker Punch|p2a: Tentacruel
|-damage|p2a: Tentacruel|0 fnt
|-damage|p1a: Pokey|5\/281|[from] item: Life Orb
|faint|p2a: Tentacruel
|
|
|switch|p2a: Entei|Entei, shiny|371\/371
|-ability|p2a: Entei|Pressure
|turn|26
|
|switch|p1a: John Pinkerton|Slowbro, M|342\/393
|move|p2a: Entei|Extreme Speed|p1a: John Pinkerton
|-damage|p1a: John Pinkerton|240\/393
|-damage|p2a: Entei|310\/371|[from] item: Rocky Helmet|[of] p1a: John Pinkerton
|
|turn|27
|
|switch|p2a: Swampert|Swampert, M|404\/404
|move|p1a: John Pinkerton|Scald|p2a: Swampert
|-damage|p2a: Swampert|299\/404
|
|-heal|p2a: Swampert|324\/404|[from] item: Leftovers
|turn|28
|
|switch|p1a: Paragon|Togetic, F|300\/313
|move|p2a: Swampert|Stealth Rock|p1a: Paragon
|-sidestart|p1: Rubicon|move: Stealth Rock
|
|-heal|p2a: Swampert|349\/404|[from] item: Leftovers
|turn|29
|
|move|p1a: Paragon|Defog|p2a: Swampert
|-unboost|p2a: Swampert|evasion|1
|-sideend|p1: Rubicon|Stealth Rock|[from] move: Defog|[of] p1a: Paragon
|move|p2a: Swampert|Roar|p1a: Paragon
|drag|p1a: Sting'Zorga|Drapion, M|234\/343
|
|-heal|p1a: Sting'Zorga|255\/343|[from] item: Black Sludge
|-heal|p2a: Swampert|374\/404|[from] item: Leftovers
|turn|30
|
|move|p1a: Sting'Zorga|Taunt|p2a: Swampert
|-start|p2a: Swampert|move: Taunt
|move|p2a: Swampert|Earthquake|p1a: Sting'Zorga
|-supereffective|p1a: Sting'Zorga
|-damage|p1a: Sting'Zorga|0 fnt
|faint|p1a: Sting'Zorga
|
|-heal|p2a: Swampert|399\/404|[from] item: Leftovers
|
|switch|p1a: Pokey|Cacturne, M|5\/281
|turn|31
|
|switch|p2a: Entei|Entei, shiny|310\/371
|-ability|p2a: Entei|Pressure
|move|p1a: Pokey|Drain Punch|p2a: Entei
|-damage|p2a: Entei|179\/371
|-heal|p1a: Pokey|71\/281|[from] drain|[of] p2a: Entei
|-damage|p1a: Pokey|43\/281|[from] item: Life Orb
|
|turn|32
|
|switch|p2a: Manectric|Manectric, M|281\/281
|-formechange|p2a: Manectric|Manectric-Mega
|-ability|p2a: Manectric|Intimidate|[of] p1a: Pokey
|-unboost|p1a: Pokey|atk|1
|switch|p1a: The Baz|Manectric, M|60\/281
|-formechange|p1a: The Baz|Manectric-Mega
|-ability|p1a: The Baz|Intimidate|[of] p2a: Manectric
|-unboost|p2a: Manectric|atk|1
|
|turn|33
|
|switch|p1a: ARGRARJGHH|Entei, shiny|291\/371
|-ability|p1a: ARGRARJGHH|Pressure
|move|p2a: Manectric|Flamethrower|p1a: ARGRARJGHH
|-resisted|p1a: ARGRARJGHH
|-damage|p1a: ARGRARJGHH|226\/371
|
|turn|34
|
|switch|p2a: Swampert|Swampert, M|399\/404
|move|p1a: ARGRARJGHH|Sacred Fire|p2a: Swampert
|-resisted|p2a: Swampert
|-damage|p2a: Swampert|297\/404
|-status|p2a: Swampert|brn
|
|-heal|p2a: Swampert|322\/404 brn|[from] item: Leftovers
|-damage|p2a: Swampert|272\/404 brn|[from] brn
|turn|35
|
|switch|p1a: Pokey|Cacturne, M|43\/281
|move|p2a: Swampert|Stealth Rock|p1a: Pokey
|-sidestart|p1: Rubicon|move: Stealth Rock
|
|-heal|p2a: Swampert|297\/404 brn|[from] item: Leftovers
|-damage|p2a: Swampert|247\/404 brn|[from] brn
|turn|36
|join|BFoxy
|
|move|p1a: Pokey|Seed Bomb|p2a: Swampert
|-supereffective|p2a: Swampert
|-damage|p2a: Swampert|0 fnt
|-damage|p1a: Pokey|15\/281|[from] item: Life Orb
|faint|p2a: Swampert
|
|
|switch|p2a: Manectric|Manectric, M|281\/281
|-formechange|p2a: Manectric|Manectric-Mega
|-ability|p2a: Manectric|Intimidate|[of] p1a: Pokey
|-unboost|p1a: Pokey|atk|1
|turn|37
|
|move|p1a: Pokey|Sucker Punch|p2a: Manectric
|-damage|p2a: Manectric|139\/281
|-damage|p1a: Pokey|0 fnt|[from] item: Life Orb
|faint|p1a: Pokey
|move|p2a: Manectric|Volt Switch|p1: Pokey|[notarget]
|-notarget
|
|
|switch|p1a: Paragon|Togetic, F|300\/313
|-damage|p1a: Paragon|222\/313|[from] Stealth Rock
|turn|38
|
|move|p2a: Manectric|Thunderbolt|p1a: Paragon
|-supereffective|p1a: Paragon
|-damage|p1a: Paragon|60\/313
|move|p1a: Paragon|Defog|p2a: Manectric
|-unboost|p2a: Manectric|evasion|1
|-sideend|p1: Rubicon|Stealth Rock|[from] move: Defog|[of] p1a: Paragon
|
|turn|39
|
|move|p2a: Manectric|Volt Switch|p1a: Paragon
|-supereffective|p1a: Paragon
|-damage|p1a: Paragon|0 fnt
|faint|p1a: Paragon
|
|switch|p2a: Entei|Entei, shiny|179\/371
|-ability|p2a: Entei|Pressure
|
|
|switch|p1a: John Pinkerton|Slowbro, M|371\/393
|turn|40
|
|move|p2a: Entei|Sacred Fire|p1a: John Pinkerton
|-resisted|p1a: John Pinkerton
|-damage|p1a: John Pinkerton|278\/393
|-status|p1a: John Pinkerton|brn
|move|p1a: John Pinkerton|Scald|p2a: Entei
|-supereffective|p2a: Entei
|-damage|p2a: Entei|0 fnt
|faint|p2a: Entei
|
|-damage|p1a: John Pinkerton|229\/393 brn|[from] brn
|
|switch|p2a: Manectric|Manectric, M|139\/281
|-formechange|p2a: Manectric|Manectric-Mega
|-ability|p2a: Manectric|Intimidate|[of] p1a: John Pinkerton
|-unboost|p1a: John Pinkerton|atk|1
|turn|41
|
|move|p2a: Manectric|Volt Switch|p1a: John Pinkerton
|-supereffective|p1a: John Pinkerton
|-damage|p1a: John Pinkerton|0 fnt
|faint|p1a: John Pinkerton
|
|switch|p2a: Flygon|Flygon, F|128\/301
|
|
|switch|p1a: The Baz|Manectric, M|60\/281
|-formechange|p1a: The Baz|Manectric-Mega
|-ability|p1a: The Baz|Intimidate|[of] p2a: Flygon
|-unboost|p2a: Flygon|atk|1
|turn|42
|
|move|p1a: The Baz|Hidden Power|p2a: Flygon
|-supereffective|p2a: Flygon
|-damage|p2a: Flygon|0 fnt
|faint|p2a: Flygon
|
|
|switch|p2a: Manectric|Manectric, M|139\/281
|-formechange|p2a: Manectric|Manectric-Mega
|-ability|p2a: Manectric|Intimidate|[of] p1a: The Baz
|-unboost|p1a: The Baz|atk|1
|turn|43
|
|move|p2a: Manectric|Flamethrower|p1a: The Baz
|-damage|p1a: The Baz|0 fnt
|faint|p1a: The Baz
|
|
|switch|p1a: ARGRARJGHH|Entei, shiny|226\/371
|-ability|p1a: ARGRARJGHH|Pressure
|turn|44
|
|move|p1a: ARGRARJGHH|Extreme Speed|p2a: Manectric
|-damage|p2a: Manectric|0 fnt
|faint|p2a: Manectric
|
|win|Rubicon
|raw|Ladder updating...
|raw|Rubicon's rating: 1532 &rarr; <strong>1547<\/strong><br \/>(+15 for winning)
|raw|Ryukahinas's rating: 1443 &rarr; <strong>1428<\/strong><br \/>(-15 for losing)
|chat|Rubicon|well fought
|leave|Ryukahinas
|player|p2