|join|Rubicon
|join|Emblema de Fuego
|player|p1|Rubicon|129
|player|p2|Emblema de Fuego|169
|gametype|singles
|gen|6
|tier|UU
|rated
|rule|Sleep Clause Mod: Limit one foe put to sleep
|rule|Species Clause: Limit one of each PokÃ©mon
|rule|OHKO Clause: OHKO moves are banned
|rule|Moody Clause: Moody is banned
|rule|Evasion Moves Clause: Evasion moves are banned
|rule|Endless Battle Clause: Forcing endless battles is banned
|rule|HP Percentage Mod: HP is shown in percentages
|clearpoke
|poke|p1|Diancie
|poke|p1|Porygon2
|poke|p1|Ampharos, F
|poke|p1|Froslass, F
|poke|p1|Cacturne, M
|poke|p1|Darmanitan, M
|poke|p2|Fletchinder, F, shiny
|poke|p2|Raikou, shiny
|poke|p2|Absol, M
|poke|p2|Donphan, M
|poke|p2|Zygarde
|poke|p2|Uxie
|rule|Swagger Clause: Swagger is banned
|rule|Baton Pass Clause: Limit one PokÃ©mon knowing Baton Pass
|teampreview
|
|start
|switch|p1a: Expand Dong|Darmanitan, M|351\/351
|switch|p2a: D-Angelo|Absol, M|271\/271
|turn|1
|
|detailschange|p2a: D-Angelo|Absol-Mega, M
|message|Absol has Mega Evolved into Mega Absol!
|move|p2a: D-Angelo|Protect|p2a: D-Angelo
|-singleturn|p2a: D-Angelo|Protect
|move|p1a: Expand Dong|U-turn|p2a: D-Angelo
|-activate|p2a: D-Angelo|Protect
|
|turn|2
|
|switch|p1a: Lucy in the Sky|Diancie|304\/304
|switch|p2a: Rodolfo|Donphan, M|383\/383
|
|turn|3
|
|switch|p1a: Nora|Froslass, F|282\/282
|move|p2a: Rodolfo|Earthquake|p1a: Nora
|-damage|p1a: Nora|113\/282
|
|turn|4
|
|switch|p1a: duck.exe|Porygon2|374\/374
|-boost|p1a: duck.exe|spa|1|[from] ability: Download
|switch|p2a: D-Angelo|Absol-Mega, M|271\/271
|
|turn|5
|
|switch|p2a: Uzzi|Uxie|353\/353
|move|p1a: duck.exe|Trick Room|p1a: duck.exe
|-fieldstart|move: Trick Room|[of] p1a: duck.exe
|
|turn|6
|
|move|p1a: duck.exe|Shadow Ball|p2a: Uzzi
|-supereffective|p2a: Uzzi
|-damage|p2a: Uzzi|167\/353
|move|p2a: Uzzi|Stealth Rock|p1a: duck.exe
|-sidestart|p1: Rubicon|move: Stealth Rock
|
|-heal|p2a: Uzzi|189\/353|[from] item: Leftovers
|turn|7
|
|move|p1a: duck.exe|Tri Attack|p2a: Uzzi
|-damage|p2a: Uzzi|66\/353
|move|p2a: Uzzi|Yawn|p1a: duck.exe
|-start|p1a: duck.exe|move: Yawn|[of] p2a: Uzzi
|
|-heal|p2a: Uzzi|88\/353|[from] item: Leftovers
|turn|8
|
|switch|p1a: Alexandria|Ampharos, F|384\/384
|-damage|p1a: Alexandria|336\/384|[from] Stealth Rock
|move|p2a: Uzzi|U-turn|p1a: Alexandria
|-damage|p1a: Alexandria|289\/384
|-status|p2a: Uzzi|par
|
|switch|p2a: Rodolfo|Donphan, M|383\/383
|
|turn|9
|
|detailschange|p1a: Alexandria|Ampharos-Mega, F
|message|Ampharos has Mega Evolved into Mega Ampharos!
|-ability|p1a: Alexandria|Mold Breaker
|move|p1a: Alexandria|Dragon Pulse|p2a: Rodolfo
|-damage|p2a: Rodolfo|136\/383
|move|p2a: Rodolfo|Earthquake|p1a: Alexandria
|-supereffective|p1a: Alexandria
|-damage|p1a: Alexandria|25\/384
|
|-heal|p2a: Rodolfo|159\/383|[from] item: Leftovers
|-fieldend|move: Trick Room
|turn|10
|
|move|p2a: Rodolfo|Ice Shard|p1a: Alexandria
|-supereffective|p1a: Alexandria
|-damage|p1a: Alexandria|0 fnt
|faint|p1a: Alexandria
|
|-heal|p2a: Rodolfo|182\/383|[from] item: Leftovers
|
|switch|p1a: Nora|Froslass, F|113\/282
|-damage|p1a: Nora|43\/282|[from] Stealth Rock
|turn|11
|
|switch|p2a: D-Angelo|Absol-Mega, M|271\/271
|move|p1a: Nora|Ice Beam|p2a: D-Angelo
|-damage|p2a: D-Angelo|93\/271
|
|turn|12
|
|move|p2a: D-Angelo|Sucker Punch|p1a: Nora
|-fail|p1a: Nora
|move|p1a: Nora|Destiny Bond|p1a: Nora
|-singlemove|p1a: Nora|Destiny Bond
|
|turn|13
|
|move|p2a: D-Angelo|Protect|p2a: D-Angelo
|-singleturn|p2a: D-Angelo|Protect
|move|p1a: Nora|Ice Beam|p2a: D-Angelo
|-activate|p2a: D-Angelo|Protect
|
|turn|14
|
|move|p2a: D-Angelo|Play Rough|p1a: Nora
|-damage|p1a: Nora|0 fnt
|faint|p1a: Nora
|
|
|switch|p1a: Lucy in the Sky|Diancie|304\/304
|-damage|p1a: Lucy in the Sky|266\/304|[from] Stealth Rock
|turn|15
|
|switch|p2a: Uzzi|Uxie|88\/353 par
|move|p1a: Lucy in the Sky|Trick Room|p1a: Lucy in the Sky
|-fieldstart|move: Trick Room|[of] p1a: Lucy in the Sky
|
|-heal|p2a: Uzzi|110\/353 par|[from] item: Leftovers
|-heal|p1a: Lucy in the Sky|285\/304|[from] item: Leftovers
|turn|16
|
|cant|p2a: Uzzi|par
|move|p1a: Lucy in the Sky|Diamond Storm|p2a: Uzzi
|-damage|p2a: Uzzi|0 fnt
|faint|p2a: Uzzi
|
|-heal|p1a: Lucy in the Sky|304\/304|[from] item: Leftovers
|c|âEmblema de Fuego|hax
|c|âEmblema de Fuego|fuck
|
|switch|p2a: Rodolfo|Donphan, M|182\/383
|turn|17
|
|move|p1a: Lucy in the Sky|Moonblast|p2a: Rodolfo
|-damage|p2a: Rodolfo|34\/383
|move|p2a: Rodolfo|Earthquake|p1a: Lucy in the Sky
|-supereffective|p1a: Lucy in the Sky
|-damage|p1a: Lucy in the Sky|116\/304
|
|-heal|p1a: Lucy in the Sky|135\/304|[from] item: Leftovers
|-heal|p2a: Rodolfo|57\/383|[from] item: Leftovers
|turn|18
|
|move|p2a: Rodolfo|Ice Shard|p1a: Lucy in the Sky
|-damage|p1a: Lucy in the Sky|107\/304
|move|p1a: Lucy in the Sky|Moonblast|p2a: Rodolfo
|-damage|p2a: Rodolfo|0 fnt
|faint|p2a: Rodolfo
|
|-heal|p1a: Lucy in the Sky|126\/304|[from] item: Leftovers
|
|switch|p2a: D-Angelo|Absol-Mega, M|93\/271
|turn|19
|
|move|p2a: D-Angelo|Protect|p2a: D-Angelo
|-singleturn|p2a: D-Angelo|Protect
|move|p1a: Lucy in the Sky|Moonblast|p2a: D-Angelo
|-activate|p2a: D-Angelo|Protect
|
|-heal|p1a: Lucy in the Sky|145\/304|[from] item: Leftovers
|-fieldend|move: Trick Room
|turn|20
|
|move|p2a: D-Angelo|Play Rough|p1a: Lucy in the Sky
|-damage|p1a: Lucy in the Sky|66\/304
|move|p1a: Lucy in the Sky|Trick Room|p1a: Lucy in the Sky
|-fieldstart|move: Trick Room|[of] p1a: Lucy in the Sky
|
|-heal|p1a: Lucy in the Sky|85\/304|[from] item: Leftovers
|turn|21
|
|move|p2a: D-Angelo|Sucker Punch|p1a: Lucy in the Sky
|-resisted|p1a: Lucy in the Sky
|-damage|p1a: Lucy in the Sky|26\/304
|move|p1a: Lucy in the Sky|Diamond Storm|p2a: D-Angelo
|-damage|p2a: D-Angelo|0 fnt
|-boost|p1a: Lucy in the Sky|def|1
|faint|p2a: D-Angelo
|
|-heal|p1a: Lucy in the Sky|45\/304|[from] item: Leftovers
|c|âEmblema de Fuego|lol
|c|âEmblema de Fuego|hax?
|
|switch|p2a: 5|Fletchinder, F, shiny|327\/327
|turn|22
|c|âRubicon|50% chance to raise defense
|
|move|p2a: 5|Acrobatics|p1a: Lucy in the Sky
|-resisted|p1a: Lucy in the Sky
|-damage|p1a: Lucy in the Sky|8\/304
|move|p1a: Lucy in the Sky|Diamond Storm|p2a: 5
|-supereffective|p2a: 5
|-damage|p2a: 5|0 fnt
|-boost|p1a: Lucy in the Sky|def|1
|faint|p2a: 5
|
|-heal|p1a: Lucy in the Sky|27\/304|[from] item: Leftovers
|c|âEmblema de Fuego|uxie paralises fuckme
|c|âEmblema de Fuego|fucking hax
|c|âEmblema de Fuego|yaun 
|
|switch|p2a: Musho|Raikou, shiny|322\/322
|-ability|p2a: Musho|Pressure
|turn|23
|
|move|p1a: Lucy in the Sky|Diamond Storm|p2a: Musho
|-damage|p2a: Musho|118\/322
|-boost|p1a: Lucy in the Sky|def|1
|move|p2a: Musho|Thunderbolt|p1a: Lucy in the Sky
|-damage|p1a: Lucy in the Sky|0 fnt
|faint|p1a: Lucy in the Sky
|
|-heal|p2a: Musho|138\/322|[from] item: Leftovers
|
|switch|p1a: Dr. Crane|Cacturne, M|281\/281
|-damage|p1a: Dr. Crane|246\/281|[from] Stealth Rock
|turn|24
|
|move|p1a: Dr. Crane|Seed Bomb|p2a: Musho
|-damage|p2a: Musho|0 fnt
|-damage|p1a: Dr. Crane|218\/281|[from] item: Life Orb
|faint|p2a: Musho
|
|-fieldend|move: Trick Room
|
|switch|p2a: Zygarde|Zygarde|358\/358
|-ability|p2a: Zygarde|Aura Break
|turn|25
|
|switch|p1a: duck.exe|Porygon2|374\/374
|-damage|p1a: duck.exe|328\/374|[from] Stealth Rock
|-boost|p1a: duck.exe|spa|1|[from] ability: Download
|move|p2a: Zygarde|Dragon Dance|p2a: Zygarde
|-boost|p2a: Zygarde|atk|1
|-boost|p2a: Zygarde|spe|1
|
|turn|26
|
|move|p2a: Zygarde|Earthquake|p1a: duck.exe
|-damage|p1a: duck.exe|159\/374
|move|p1a: duck.exe|Tri Attack|p2a: Zygarde
|-damage|p2a: Zygarde|132\/358
|
|turn|27
|
|move|p2a: Zygarde|Earthquake|p1a: duck.exe
|-damage|p1a: duck.exe|0 fnt
|faint|p1a: duck.exe
|
|
|switch|p1a: Expand Dong|Darmanitan, M|351\/351
|-damage|p1a: Expand Dong|264\/351|[from] Stealth Rock
|turn|28
|
|move|p2a: Zygarde|Extreme Speed|p1a: Expand Dong
|-crit|p1a: Expand Dong
|-damage|p1a: Expand Dong|0 fnt
|faint|p1a: Expand Dong
|
|c|âEmblema de Fuego|yea hax
|
|switch|p1a: Dr. Crane|Cacturne, M|218\/281
|-damage|p1a: Dr. Crane|183\/281|[from] Stealth Rock
|turn|29
|
|move|p2a: Zygarde|Extreme Speed|p1a: Dr. Crane
|-damage|p1a: Dr. Crane|0 fnt
|faint|p1a: Dr. Crane
|
|win|Emblema de Fuego
|raw|Ladder updating...
|raw|Rubicon's rating: 1499 &rarr; <strong>1483<\/strong><br \/>(-16 for losing)
|raw|Emblema de Fuego's rating: 1576 &rarr; <strong>1592<\/strong><br \/>(+16 for winning)
|c|âRubicon|satisfied?
|c|âEmblema de Fuego|XD
|leave|Rubicon
|player|p1