|join|NoKnuckles
|join|Rubicon
|player|p1|NoKnuckles|23
|player|p2|Rubicon|129
|gametype|singles
|gen|6
|tier|UU
|rated
|rule|Sleep Clause Mod: Limit one foe put to sleep
|rule|Species Clause: Limit one of each PokÃ©mon
|rule|OHKO Clause: OHKO moves are banned
|rule|Moody Clause: Moody is banned
|rule|Evasion Moves Clause: Evasion moves are banned
|rule|Endless Battle Clause: Forcing endless battles is banned
|rule|HP Percentage Mod: HP is shown in percentages
|clearpoke
|poke|p1|Beedrill, M
|poke|p1|Crobat, M
|poke|p1|Rotom-Heat
|poke|p1|Nidoking, M
|poke|p1|Vaporeon, F
|poke|p1|Shaymin
|poke|p2|Hydreigon, M
|poke|p2|Honchkrow, F
|poke|p2|Toxicroak, M
|poke|p2|Alomomola, F
|poke|p2|Jirachi
|poke|p2|Raikou
|rule|Swagger Clause: Swagger is banned
|rule|Baton Pass Clause: Limit one PokÃ©mon knowing Baton Pass
|teampreview
|
|start
|switch|p1a: Beedrill|Beedrill, M|271\/271
|switch|p2a: Samson|Raikou|322\/322
|-ability|p2a: Samson|Pressure
|turn|1
|
|switch|p2a: Magdelene|Alomomola, F|534\/534
|detailschange|p1a: Beedrill|Beedrill-Mega, M
|-mega|p1a: Beedrill|Beedrill|Beedrillite
|move|p1a: Beedrill|Protect|p1a: Beedrill
|-fail|p1a: Beedrill
|
|turn|2
|
|move|p1a: Beedrill|U-turn|p2a: Magdelene
|-damage|p2a: Magdelene|376\/534
|-damage|p1a: Beedrill|226\/271|[from] item: Rocky Helmet|[of] p2a: Magdelene
|
|switch|p1a: Shaymin|Shaymin|341\/341
|move|p2a: Magdelene|Wish|p2a: Magdelene
|
|turn|3
|
|switch|p2a: Azazel|Hydreigon, M|325\/325
|move|p1a: Shaymin|Earth Power|p2a: Azazel
|-immune|p2a: Azazel|[msg]
|
|turn|4
|
|switch|p1a: Vaporeon|Vaporeon, F|451\/451
|move|p2a: Azazel|Draco Meteor|p1a: Vaporeon
|-damage|p1a: Vaporeon|147\/451
|-unboost|p2a: Azazel|spa|2
|
|-heal|p1a: Vaporeon|175\/451|[from] item: Leftovers
|turn|5
|
|move|p2a: Azazel|Draco Meteor|p1a: Vaporeon|[miss]
|-miss|p2a: Azazel|p1a: Vaporeon
|move|p1a: Vaporeon|Wish|p1a: Vaporeon
|
|-heal|p1a: Vaporeon|203\/451|[from] item: Leftovers
|turn|6
|
|switch|p2a: Judas|Toxicroak, M|307\/307
|move|p1a: Vaporeon|Scald|p2a: Judas
|-immune|p2a: Judas|[msg]
|
|-heal|p1a: Vaporeon|428\/451|[from] move: Wish|[wisher] Vaporeon
|-heal|p1a: Vaporeon|451\/451|[from] item: Leftovers
|turn|7
|
|switch|p1a: Crobat|Crobat, M|349\/349
|move|p2a: Judas|Swords Dance|p2a: Judas
|-boost|p2a: Judas|atk|2
|
|turn|8
|
|move|p2a: Judas|Sucker Punch|p1a: Crobat
|-damage|p1a: Crobat|58\/349
|-damage|p2a: Judas|277\/307|[from] item: Life Orb
|move|p1a: Crobat|Brave Bird|p2a: Judas
|-supereffective|p2a: Judas
|-damage|p2a: Judas|0 fnt
|-damage|p1a: Crobat|0 fnt|[from] recoil|[of] p2a: Judas
|faint|p2a: Judas
|faint|p1a: Crobat
|
|
|switch|p1a: Beedrill|Beedrill-Mega, M|226\/271
|switch|p2a: Isaac|Jirachi|341\/341
|turn|9
|
|switch|p1a: Rotom-Heat|Rotom-Heat|241\/241
|move|p2a: Isaac|Iron Head|p1a: Rotom-Heat
|-crit|p1a: Rotom-Heat
|-resisted|p1a: Rotom-Heat
|-damage|p1a: Rotom-Heat|201\/241
|
|turn|10
|
|switch|p2a: Samson|Raikou|322\/322
|-ability|p2a: Samson|Pressure
|move|p1a: Rotom-Heat|Volt Switch|p2a: Samson
|-resisted|p2a: Samson
|-damage|p2a: Samson|286\/322
|
|switch|p1a: Beedrill|Beedrill-Mega, M|226\/271
|
|turn|11
|
|switch|p2a: Magdelene|Alomomola, F|534\/534
|move|p1a: Beedrill|U-turn|p2a: Magdelene
|-damage|p2a: Magdelene|378\/534
|-damage|p1a: Beedrill|181\/271|[from] item: Rocky Helmet|[of] p2a: Magdelene
|
|switch|p1a: Shaymin|Shaymin|341\/341
|
|turn|12
|
|switch|p2a: Samson|Raikou|286\/322
|-ability|p2a: Samson|Pressure
|move|p1a: Shaymin|Seed Flare|p2a: Samson|[miss]
|-miss|p1a: Shaymin|p2a: Samson
|
|turn|13
|
|move|p2a: Samson|Hidden Power|p1a: Shaymin
|-supereffective|p1a: Shaymin
|-damage|p1a: Shaymin|209\/341
|move|p1a: Shaymin|Earth Power|p2a: Samson
|-supereffective|p2a: Samson
|-damage|p2a: Samson|117\/322
|-damage|p1a: Shaymin|175\/341|[from] item: Life Orb
|
|turn|14
|
|move|p2a: Samson|Volt Switch|p1a: Shaymin
|-resisted|p1a: Shaymin
|-damage|p1a: Shaymin|123\/341
|
|switch|p2a: Azazel|Hydreigon, M|325\/325
|move|p1a: Shaymin|Earth Power|p2a: Azazel
|-immune|p2a: Azazel|[msg]
|
|turn|15
|
|switch|p1a: Vaporeon|Vaporeon, F|451\/451
|move|p2a: Azazel|U-turn|p1a: Vaporeon
|-damage|p1a: Vaporeon|392\/451
|
|switch|p2a: Samson|Raikou|117\/322
|-ability|p2a: Samson|Pressure
|
|-heal|p1a: Vaporeon|420\/451|[from] item: Leftovers
|turn|16
|
|switch|p1a: Rotom-Heat|Rotom-Heat|201\/241
|move|p2a: Samson|Thunderbolt|p1a: Rotom-Heat
|-resisted|p1a: Rotom-Heat
|-damage|p1a: Rotom-Heat|129\/241
|
|turn|17
|
|move|p1a: Rotom-Heat|Overheat|p2a: Samson
|-damage|p2a: Samson|0 fnt
|-unboost|p1a: Rotom-Heat|spa|2
|faint|p2a: Samson
|
|
|switch|p2a: Azazel|Hydreigon, M|325\/325
|turn|18
|
|switch|p1a: Nidoking|Nidoking, M|304\/304
|move|p2a: Azazel|Dark Pulse|p1a: Nidoking
|-damage|p1a: Nidoking|34\/304
|
|turn|19
|
|move|p2a: Azazel|Dark Pulse|p1a: Nidoking
|-damage|p1a: Nidoking|0 fnt
|faint|p1a: Nidoking
|
|
|switch|p1a: Beedrill|Beedrill-Mega, M|181\/271
|turn|20
|
|switch|p2a: Magdelene|Alomomola, F|534\/534
|move|p1a: Beedrill|U-turn|p2a: Magdelene
|-damage|p2a: Magdelene|378\/534
|-damage|p1a: Beedrill|136\/271|[from] item: Rocky Helmet|[of] p2a: Magdelene
|
|switch|p1a: Rotom-Heat|Rotom-Heat|129\/241
|
|turn|21
|
|move|p2a: Magdelene|Protect|p2a: Magdelene
|-singleturn|p2a: Magdelene|Protect
|move|p1a: Rotom-Heat|Volt Switch|p2a: Magdelene
|-activate|p2a: Magdelene|Protect
|
|turn|22
|
|switch|p2a: Azazel|Hydreigon, M|325\/325
|move|p1a: Rotom-Heat|Volt Switch|p2a: Azazel
|-resisted|p2a: Azazel
|-damage|p2a: Azazel|270\/325
|
|switch|p1a: Vaporeon|Vaporeon, F|420\/451
|
|-heal|p1a: Vaporeon|448\/451|[from] item: Leftovers
|turn|23
|
|move|p1a: Vaporeon|Protect|p1a: Vaporeon
|-singleturn|p1a: Vaporeon|Protect
|move|p2a: Azazel|Draco Meteor|p1a: Vaporeon
|-activate|p1a: Vaporeon|Protect
|
|-heal|p1a: Vaporeon|451\/451|[from] item: Leftovers
|turn|24
|
|move|p2a: Azazel|Draco Meteor|p1a: Vaporeon
|-damage|p1a: Vaporeon|141\/451
|-unboost|p2a: Azazel|spa|2
|move|p1a: Vaporeon|Wish|p1a: Vaporeon
|
|-heal|p1a: Vaporeon|169\/451|[from] item: Leftovers
|turn|25
|
|switch|p2a: Eve|Honchkrow, F|341\/341
|move|p1a: Vaporeon|Scald|p2a: Eve
|-damage|p2a: Eve|163\/341
|-status|p2a: Eve|brn
|
|-heal|p1a: Vaporeon|394\/451|[from] move: Wish|[wisher] Vaporeon
|-heal|p1a: Vaporeon|422\/451|[from] item: Leftovers
|-damage|p2a: Eve|121\/341 brn|[from] brn
|turn|26
|
|move|p2a: Eve|Brave Bird|p1a: Vaporeon
|-damage|p1a: Vaporeon|269\/451
|-damage|p2a: Eve|71\/341 brn|[from] recoil|[of] p1a: Vaporeon
|-damage|p2a: Eve|37\/341 brn|[from] item: Life Orb
|move|p1a: Vaporeon|Wish|p1a: Vaporeon
|
|-heal|p1a: Vaporeon|297\/451|[from] item: Leftovers
|-damage|p2a: Eve|0 fnt|[from] brn
|faint|p2a: Eve
|
|switch|p2a: Magdelene|Alomomola, F|534\/534
|turn|27
|
|move|p2a: Magdelene|Knock Off|p1a: Vaporeon
|-damage|p1a: Vaporeon|232\/451
|-enditem|p1a: Vaporeon|Leftovers|[from] move: Knock Off|[of] p2a: Magdelene
|move|p1a: Vaporeon|Scald|p2a: Magdelene
|-resisted|p2a: Magdelene
|-damage|p2a: Magdelene|438\/534
|
|-heal|p1a: Vaporeon|451\/451|[from] move: Wish|[wisher] Vaporeon
|turn|28
|
|move|p2a: Magdelene|Wish|p2a: Magdelene
|move|p1a: Vaporeon|Baton Pass|p1a: Vaporeon
|
|switch|p1a: Beedrill|Beedrill-Mega, M|136\/271
|
|turn|29
|
|move|p1a: Beedrill|Protect|p1a: Beedrill
|-singleturn|p1a: Beedrill|Protect
|move|p2a: Magdelene|Waterfall|p1a: Beedrill
|-activate|p1a: Beedrill|Protect
|
|-heal|p2a: Magdelene|534\/534|[from] move: Wish|[wisher] Magdelene
|turn|30
|
|switch|p1a: Shaymin|Shaymin|123\/341
|move|p2a: Magdelene|Wish|p2a: Magdelene
|
|turn|31
|
|switch|p2a: Isaac|Jirachi|341\/341
|move|p1a: Shaymin|Rest|p1a: Shaymin
|-status|p1a: Shaymin|slp
|-heal|p1a: Shaymin|341\/341 slp|[silent]
|-status|p1a: Shaymin|slp|[from] move: Rest
|
|turn|32
|
|switch|p1a: Rotom-Heat|Rotom-Heat|129\/241
|move|p2a: Isaac|U-turn|p1a: Rotom-Heat
|-resisted|p1a: Rotom-Heat
|-damage|p1a: Rotom-Heat|93\/241
|
|switch|p2a: Azazel|Hydreigon, M|270\/325
|
|turn|33
|
|move|p1a: Rotom-Heat|Volt Switch|p2a: Azazel
|-resisted|p2a: Azazel
|-damage|p2a: Azazel|213\/325
|
|switch|p1a: Vaporeon|Vaporeon, F|451\/451
|move|p2a: Azazel|Dark Pulse|p1a: Vaporeon
|-damage|p1a: Vaporeon|232\/451
|
|turn|34
|
|move|p2a: Azazel|Dark Pulse|p1a: Vaporeon
|-crit|p1a: Vaporeon
|-damage|p1a: Vaporeon|0 fnt
|faint|p1a: Vaporeon
|
|
|switch|p1a: Beedrill|Beedrill-Mega, M|136\/271
|turn|35
|
|switch|p2a: Magdelene|Alomomola, F|534\/534
|move|p1a: Beedrill|U-turn|p2a: Magdelene
|-damage|p2a: Magdelene|390\/534
|-damage|p1a: Beedrill|91\/271|[from] item: Rocky Helmet|[of] p2a: Magdelene
|
|switch|p1a: Shaymin|Shaymin|341\/341
|
|turn|36
|
|switch|p2a: Azazel|Hydreigon, M|213\/325
|move|p1a: Shaymin|Seed Flare|p2a: Azazel
|-crit|p2a: Azazel
|-resisted|p2a: Azazel
|-damage|p2a: Azazel|17\/325
|-damage|p1a: Shaymin|307\/341|[from] item: Life Orb
|
|turn|37
|
|move|p1a: Shaymin|Seed Flare|p2a: Azazel
|-resisted|p2a: Azazel
|-damage|p2a: Azazel|0 fnt
|-damage|p1a: Shaymin|273\/341|[from] item: Life Orb
|faint|p2a: Azazel
|
|
|switch|p2a: Isaac|Jirachi|341\/341
|turn|38
|
|switch|p1a: Beedrill|Beedrill-Mega, M|91\/271
|move|p2a: Isaac|U-turn|p1a: Beedrill
|-resisted|p1a: Beedrill
|-damage|p1a: Beedrill|26\/271
|
|switch|p2a: Magdelene|Alomomola, F|534\/534
|
|turn|39
|
|move|p1a: Beedrill|U-turn|p2a: Magdelene
|-damage|p2a: Magdelene|380\/534
|-damage|p1a: Beedrill|0 fnt|[from] item: Rocky Helmet|[of] p2a: Magdelene
|faint|p1a: Beedrill
|move|p2a: Magdelene|Wish|p2a: Magdelene
|
|
|switch|p1a: Shaymin|Shaymin|273\/341
|turn|40
|
|switch|p2a: Isaac|Jirachi|341\/341
|move|p1a: Shaymin|Earth Power|p2a: Isaac
|-supereffective|p2a: Isaac
|-damage|p2a: Isaac|110\/341
|-damage|p1a: Shaymin|239\/341|[from] item: Life Orb
|
|-heal|p2a: Isaac|341\/341|[from] move: Wish|[wisher] Magdelene
|turn|41
|
|move|p2a: Isaac|Fire Punch|p1a: Shaymin
|-supereffective|p1a: Shaymin
|-damage|p1a: Shaymin|97\/341
|move|p1a: Shaymin|Earth Power|p2a: Isaac
|-supereffective|p2a: Isaac
|-damage|p2a: Isaac|102\/341
|-damage|p1a: Shaymin|63\/341|[from] item: Life Orb
|
|turn|42
|
|move|p2a: Isaac|Fire Punch|p1a: Shaymin
|-supereffective|p1a: Shaymin
|-damage|p1a: Shaymin|0 fnt
|faint|p1a: Shaymin
|
|
|switch|p1a: Rotom-Heat|Rotom-Heat|93\/241
|turn|43
|
|move|p2a: Isaac|Fire Punch|p1a: Rotom-Heat
|-resisted|p1a: Rotom-Heat
|-damage|p1a: Rotom-Heat|60\/241
|move|p1a: Rotom-Heat|Volt Switch|p2a: Isaac
|-damage|p2a: Isaac|0 fnt
|faint|p2a: Isaac
|
|
|switch|p2a: Magdelene|Alomomola, F|534\/534
|turn|44
|
|move|p1a: Rotom-Heat|Volt Switch|p2a: Magdelene
|-supereffective|p2a: Magdelene
|-damage|p2a: Magdelene|166\/534
|move|p2a: Magdelene|Waterfall|p1a: Rotom-Heat
|-supereffective|p1a: Rotom-Heat
|-damage|p1a: Rotom-Heat|0 fnt
|faint|p1a: Rotom-Heat
|
|win|Rubicon
|raw|Ladder updating...
|raw|NoKnuckles's rating: 1432 &rarr; <strong>1412<\/strong><br \/>(-20 for losing)
|raw|Rubicon's rating: 1422 &rarr; <strong>1443<\/strong><br \/>(+21 for winning)
|c|âNoKnuckles|gg
|c|âRubicon|whooo, close call
|c|âNoKnuckles|yeah
|c|âNoKnuckles|nice
|leave|NoKnuckles
|player|p1