|join|Rubicon
|join|you're a scrub
|player|p1|Rubicon|129
|player|p2|you're a scrub|68
|gametype|singles
|gen|6
|tier|UU
|rated
|rule|Sleep Clause Mod: Limit one foe put to sleep
|rule|Species Clause: Limit one of each Pokemon
|rule|OHKO Clause: OHKO moves are banned
|rule|Moody Clause: Moody is banned
|rule|Evasion Moves Clause: Evasion moves are banned
|rule|Endless Battle Clause: Forcing endless battles is banned.
|rule|HP Percentage Mod: HP is reported as percentages
|clearpoke
|poke|p1|Alomomola, F
|poke|p1|Drapion, M
|poke|p1|Cacturne, M
|poke|p1|Entei, shiny
|poke|p1|Manectric, M
|poke|p1|Togetic, F
|poke|p2|Manectric, F
|poke|p2|Chandelure, M
|poke|p2|Empoleon, M
|poke|p2|Krookodile, F
|poke|p2|Mienshao, F
|poke|p2|Tangrowth, M
|teampreview
|
|start
|switch|p1a: Sting'Zorga|Drapion, M|343\/343
|switch|p2a: Krookodile|Krookodile, F|332\/332
|turn|1
|
|switch|p1a: Lonely Heart|Alomomola, F|497\/497
|move|p2a: Krookodile|Earthquake|p1a: Lonely Heart
|-damage|p1a: Lonely Heart|361\/497
|
|turn|2
|
|switch|p2a: Empoleon|Empoleon, M|372\/372
|move|p1a: Lonely Heart|Wish|p1a: Lonely Heart
|
|turn|3
|
|switch|p1a: Sting'Zorga|Drapion, M|343\/343
|move|p2a: Empoleon|Stealth Rock|p1a: Sting'Zorga
|-sidestart|p1: Rubicon|move: Stealth Rock
|
|turn|4
|
|switch|p2a: Krookodile|Krookodile, F|332\/332
|move|p1a: Sting'Zorga|Toxic Spikes|p2a: Krookodile
|-sidestart|p2: you're a scrub|move: Toxic Spikes
|
|turn|5
|
|move|p2a: Krookodile|Earthquake|p1a: Sting'Zorga
|-supereffective|p1a: Sting'Zorga
|-damage|p1a: Sting'Zorga|25\/343
|move|p1a: Sting'Zorga|Whirlwind|p2a: Krookodile
|drag|p2a: Chandelure|Chandelure, M|261\/261
|-status|p2a: Chandelure|psn
|
|-heal|p1a: Sting'Zorga|46\/343|[from] item: Black Sludge
|-damage|p2a: Chandelure|229\/261 psn|[from] psn
|turn|6
|
|switch|p1a: Paragon|Togetic, F|313\/313
|-damage|p1a: Paragon|235\/313|[from] Stealth Rock
|move|p2a: Chandelure|Substitute|p2a: Chandelure
|-start|p2a: Chandelure|Substitute
|-damage|p2a: Chandelure|164\/261 psn
|
|-heal|p2a: Chandelure|180\/261 psn|[from] item: Leftovers
|-damage|p2a: Chandelure|148\/261 psn|[from] psn
|turn|7
|
|move|p2a: Chandelure|Flamethrower|p1a: Paragon
|-damage|p1a: Paragon|148\/313
|move|p1a: Paragon|Defog|p2a: Chandelure
|-sideend|p2: you're a scrub|Toxic Spikes|[from] move: Defog|[of] p2a: Chandelure
|-sideend|p1: Rubicon|Stealth Rock|[from] move: Defog|[of] p1a: Paragon
|
|-heal|p2a: Chandelure|164\/261 psn|[from] item: Leftovers
|-damage|p2a: Chandelure|132\/261 psn|[from] psn
|turn|8
|
|move|p2a: Chandelure|Flamethrower|p1a: Paragon
|-crit|p1a: Paragon
|-damage|p1a: Paragon|6\/313
|-status|p1a: Paragon|brn
|move|p1a: Paragon|Roost|p1a: Paragon
|-heal|p1a: Paragon|163\/313 brn
|
|-heal|p2a: Chandelure|148\/261 psn|[from] item: Leftovers
|-damage|p2a: Chandelure|116\/261 psn|[from] psn
|-damage|p1a: Paragon|124\/313 brn|[from] brn
|turn|9
|chat|Rubicon|agh
|
|move|p2a: Chandelure|Flamethrower|p1a: Paragon
|-damage|p1a: Paragon|31\/313 brn
|move|p1a: Paragon|Roost|p1a: Paragon
|-heal|p1a: Paragon|188\/313 brn
|
|-heal|p2a: Chandelure|132\/261 psn|[from] item: Leftovers
|-damage|p2a: Chandelure|100\/261 psn|[from] psn
|-damage|p1a: Paragon|149\/313 brn|[from] brn
|turn|10
|
|move|p2a: Chandelure|Shadow Ball|p1a: Paragon
|-damage|p1a: Paragon|73\/313 brn
|move|p1a: Paragon|Roost|p1a: Paragon
|-heal|p1a: Paragon|230\/313 brn
|
|-heal|p2a: Chandelure|116\/261 psn|[from] item: Leftovers
|-damage|p2a: Chandelure|84\/261 psn|[from] psn
|-damage|p1a: Paragon|191\/313 brn|[from] brn
|turn|11
|
|switch|p2a: Manectric|Manectric, F|281\/281
|move|p1a: Paragon|Heal Bell|p1a: Paragon
|-cureteam|p1a: Paragon|[from] move: HealBell
|
|turn|12
|
|switch|p1a: The Baz|Manectric, M|281\/281
|-formechange|p2a: Manectric|Manectric-Mega
|message|Manectric has Mega Evolved into Mega Manectric!
|-ability|p2a: Manectric|Intimidate|[of] p1a: The Baz
|-unboost|p1a: The Baz|atk|1
|move|p2a: Manectric|Volt Switch|p1a: The Baz
|-boost|p1a: The Baz|spa|1|[from] ability: Lightningrod
|
|turn|13
|
|switch|p2a: Chandelure|Chandelure, M|84\/261 psn
|move|p1a: The Baz|Flamethrower|p2a: Chandelure
|-start|p2a: Chandelure|ability: Flash Fire
|
|-heal|p2a: Chandelure|100\/261 psn|[from] item: Leftovers
|-damage|p2a: Chandelure|68\/261 psn|[from] psn
|turn|14
|
|move|p1a: The Baz|Volt Switch|p2a: Chandelure
|-damage|p2a: Chandelure|0 fnt
|faint|p2a: Chandelure
|
|switch|p1a: ARGRARJGHH|Entei, shiny|371\/371
|-ability|p1a: ARGRARJGHH|Pressure
|
|
|switch|p2a: Krookodile|Krookodile, F|332\/332
|turn|15
|
|switch|p1a: Lonely Heart|Alomomola, F|497\/497
|move|p2a: Krookodile|Earthquake|p1a: Lonely Heart
|-damage|p1a: Lonely Heart|356\/497
|
|turn|16
|
|switch|p2a: Manectric|Manectric, F|281\/281
|-formechange|p2a: Manectric|Manectric-Mega
|-ability|p2a: Manectric|Intimidate|[of] p1a: Lonely Heart
|-unboost|p1a: Lonely Heart|atk|1
|move|p1a: Lonely Heart|Wish|p1a: Lonely Heart
|
|turn|17
|
|switch|p1a: ARGRARJGHH|Entei, shiny|371\/371
|-ability|p1a: ARGRARJGHH|Pressure
|move|p2a: Manectric|Volt Switch|p1a: ARGRARJGHH
|-damage|p1a: ARGRARJGHH|196\/371
|
|switch|p2a: Krookodile|Krookodile, F|332\/332
|
|-heal|p1a: ARGRARJGHH|371\/371|[from] move: Wish|[wisher] Lonely Heart
|turn|18
|
|switch|p2a: Manectric|Manectric, F|281\/281
|-formechange|p2a: Manectric|Manectric-Mega
|-ability|p2a: Manectric|Intimidate|[of] p1a: ARGRARJGHH
|-unboost|p1a: ARGRARJGHH|atk|1
|move|p1a: ARGRARJGHH|Sacred Fire|p2a: Manectric
|-damage|p2a: Manectric|77\/281
|
|turn|19
|
|move|p2a: Manectric|Thunderbolt|p1a: ARGRARJGHH
|-damage|p1a: ARGRARJGHH|143\/371
|move|p1a: ARGRARJGHH|Sacred Fire|p2a: Manectric|[miss]
|-miss|p1a: ARGRARJGHH|p2a: Manectric
|
|turn|20
|
|switch|p1a: The Baz|Manectric, M|281\/281
|move|p2a: Manectric|Volt Switch|p1a: The Baz
|-boost|p1a: The Baz|spa|1|[from] ability: Lightningrod
|
|turn|21
|
|move|p2a: Manectric|Overheat|p1a: The Baz
|-damage|p1a: The Baz|1\/281
|-unboost|p2a: Manectric|spa|2
|move|p1a: The Baz|Flamethrower|p2a: Manectric
|-damage|p2a: Manectric|0 fnt
|faint|p2a: Manectric
|
|
|switch|p2a: Mienshao|Mienshao, F|271\/271
|turn|22
|
|switch|p1a: Lonely Heart|Alomomola, F|497\/497
|move|p2a: Mienshao|Fake Out|p1a: Lonely Heart
|-damage|p1a: Lonely Heart|450\/497
|-damage|p2a: Mienshao|226\/271|[from] item: Rocky Helmet|[of] p1a: Lonely Heart
|-damage|p2a: Mienshao|199\/271|[from] item: Life Orb
|
|turn|23
|
|move|p2a: Mienshao|Knock Off|p1a: Lonely Heart
|-damage|p1a: Lonely Heart|328\/497
|-damage|p2a: Mienshao|154\/271|[from] item: Rocky Helmet|[of] p1a: Lonely Heart
|-enditem|p1a: Lonely Heart|Rocky Helmet|[from] move: Knock Off|[of] p2a: Mienshao
|-damage|p2a: Mienshao|127\/271|[from] item: Life Orb
|move|p1a: Lonely Heart|Wish|p1a: Lonely Heart
|
|turn|24
|
|move|p2a: Mienshao|U-turn|p1a: Lonely Heart
|-damage|p1a: Lonely Heart|236\/497
|-damage|p2a: Mienshao|100\/271|[from] item: Life Orb
|
|switch|p2a: Empoleon|Empoleon, M|372\/372
|move|p1a: Lonely Heart|Waterfall|p2a: Empoleon
|-resisted|p2a: Empoleon
|-damage|p2a: Empoleon|332\/372
|
|-heal|p1a: Lonely Heart|484\/497|[from] move: Wish|[wisher] Lonely Heart
|-heal|p2a: Empoleon|355\/372|[from] item: Leftovers
|turn|25
|
|switch|p1a: Paragon|Togetic, F|191\/313
|move|p2a: Empoleon|Stealth Rock|p1a: Paragon
|-sidestart|p1: Rubicon|move: Stealth Rock
|
|-heal|p2a: Empoleon|372\/372|[from] item: Leftovers
|turn|26
|
|move|p2a: Empoleon|Scald|p1a: Paragon
|-damage|p1a: Paragon|143\/313
|move|p1a: Paragon|Defog|p2a: Empoleon
|-unboost|p2a: Empoleon|evasion|1
|-sideend|p1: Rubicon|Stealth Rock|[from] move: Defog|[of] p1a: Paragon
|
|turn|27
|
|move|p2a: Empoleon|Scald|p1a: Paragon
|-damage|p1a: Paragon|94\/313
|move|p1a: Paragon|Roost|p1a: Paragon
|-heal|p1a: Paragon|251\/313
|
|turn|28
|
|switch|p1a: Pokey|Cacturne, M|281\/281
|move|p2a: Empoleon|Stealth Rock|p1a: Pokey
|-sidestart|p1: Rubicon|move: Stealth Rock
|
|turn|29
|
|switch|p2a: mom's spaghetti|Tangrowth, M|404\/404
|move|p1a: Pokey|Drain Punch|p2a: mom's spaghetti
|-damage|p2a: mom's spaghetti|318\/404
|-damage|p1a: Pokey|253\/281|[from] item: Life Orb
|
|turn|30
|
|switch|p1a: Paragon|Togetic, F|251\/313
|-damage|p1a: Paragon|173\/313|[from] Stealth Rock
|move|p2a: mom's spaghetti|Focus Blast|p1a: Paragon|[miss]
|-miss|p2a: mom's spaghetti|p1a: Paragon
|
|turn|31
|
|move|p2a: mom's spaghetti|Knock Off|p1a: Paragon
|-resisted|p1a: Paragon
|-damage|p1a: Paragon|145\/313
|-enditem|p1a: Paragon|Eviolite|[from] move: Knock Off|[of] p2a: mom's spaghetti
|move|p1a: Paragon|Defog|p2a: mom's spaghetti
|-unboost|p2a: mom's spaghetti|evasion|1
|-sideend|p1: Rubicon|Stealth Rock|[from] move: Defog|[of] p1a: Paragon
|
|turn|32
|
|switch|p2a: Empoleon|Empoleon, M|372\/372
|move|p1a: Paragon|Roost|p1a: Paragon
|-heal|p1a: Paragon|302\/313
|
|turn|33
|
|switch|p1a: The Baz|Manectric, M|1\/281
|move|p2a: Empoleon|Stealth Rock|p1a: The Baz
|-sidestart|p1: Rubicon|move: Stealth Rock
|
|turn|34
|
|-formechange|p1a: The Baz|Manectric-Mega
|message|Manectric has Mega Evolved into Mega Manectric!
|-ability|p1a: The Baz|Intimidate|[of] p2a: Empoleon
|-unboost|p2a: Empoleon|atk|1
|move|p1a: The Baz|Flamethrower|p2a: Empoleon
|-damage|p2a: Empoleon|278\/372
|move|p2a: Empoleon|Roar|p1a: The Baz
|drag|p1a: ARGRARJGHH|Entei, shiny|143\/371
|-damage|p1a: ARGRARJGHH|51\/371|[from] Stealth Rock
|-ability|p1a: ARGRARJGHH|Pressure
|
|-heal|p2a: Empoleon|301\/372|[from] item: Leftovers
|turn|35
|
|move|p1a: ARGRARJGHH|Sacred Fire|p2a: Empoleon|[miss]
|-miss|p1a: ARGRARJGHH|p2a: Empoleon
|move|p2a: Empoleon|Roar|p1a: ARGRARJGHH
|drag|p1a: Paragon|Togetic, F|302\/313
|-damage|p1a: Paragon|224\/313|[from] Stealth Rock
|
|-heal|p2a: Empoleon|324\/372|[from] item: Leftovers
|turn|36
|
|move|p2a: Empoleon|Scald|p1a: Paragon
|-damage|p1a: Paragon|154\/313
|move|p1a: Paragon|Defog|p2a: Empoleon
|-unboost|p2a: Empoleon|evasion|1
|-sideend|p1: Rubicon|Stealth Rock|[from] move: Defog|[of] p1a: Paragon
|
|-heal|p2a: Empoleon|347\/372|[from] item: Leftovers
|turn|37
|
|move|p2a: Empoleon|Stealth Rock|p1a: Paragon
|-sidestart|p1: Rubicon|move: Stealth Rock
|move|p1a: Paragon|Roost|p1a: Paragon
|-heal|p1a: Paragon|311\/313
|
|-heal|p2a: Empoleon|370\/372|[from] item: Leftovers
|turn|38
|
|switch|p2a: Krookodile|Krookodile, F|332\/332
|move|p1a: Paragon|Defog|p2a: Krookodile
|-unboost|p2a: Krookodile|evasion|1
|-sideend|p1: Rubicon|Stealth Rock|[from] move: Defog|[of] p1a: Paragon
|
|turn|39
|
|switch|p1a: Lonely Heart|Alomomola, F|497\/497
|move|p2a: Krookodile|Stone Edge|p1a: Lonely Heart
|-damage|p1a: Lonely Heart|398\/497
|
|turn|40
|
|switch|p2a: mom's spaghetti|Tangrowth, M|404\/404
|move|p1a: Lonely Heart|Wish|p1a: Lonely Heart
|
|turn|41
|
|switch|p1a: ARGRARJGHH|Entei, shiny|51\/371
|-ability|p1a: ARGRARJGHH|Pressure
|move|p2a: mom's spaghetti|Knock Off|p1a: ARGRARJGHH
|-damage|p1a: ARGRARJGHH|0 fnt
|faint|p1a: ARGRARJGHH
|
|
|switch|p1a: The Baz|Manectric, M|1\/281
|-formechange|p1a: The Baz|Manectric-Mega
|-ability|p1a: The Baz|Intimidate|[of] p2a: mom's spaghetti
|-unboost|p2a: mom's spaghetti|atk|1
|turn|42
|
|move|p1a: The Baz|Flamethrower|p2a: mom's spaghetti
|-crit|p2a: mom's spaghetti
|-supereffective|p2a: mom's spaghetti
|-damage|p2a: mom's spaghetti|96\/404
|move|p2a: mom's spaghetti|Earthquake|p1a: The Baz
|-supereffective|p1a: The Baz
|-damage|p1a: The Baz|0 fnt
|faint|p1a: The Baz
|
|
|switch|p1a: Pokey|Cacturne, M|253\/281
|turn|43
|
|switch|p2a: Mienshao|Mienshao, F|190\/271
|move|p1a: Pokey|Swords Dance|p1a: Pokey
|-boost|p1a: Pokey|atk|2
|
|turn|44
|
|move|p2a: Mienshao|Fake Out|p1a: Pokey
|-damage|p1a: Pokey|166\/281
|-damage|p2a: Mienshao|163\/271|[from] item: Life Orb
|cant|p1a: Pokey|flinch
|
|turn|45
|
|move|p1a: Pokey|Sucker Punch|p2a: Mienshao
|-resisted|p2a: Mienshao
|-damage|p2a: Mienshao|0 fnt
|-damage|p1a: Pokey|138\/281|[from] item: Life Orb
|faint|p2a: Mienshao
|
|
|switch|p2a: Krookodile|Krookodile, F|332\/332
|turn|46
|
|switch|p1a: Lonely Heart|Alomomola, F|497\/497
|move|p2a: Krookodile|Superpower|p1a: Lonely Heart
|-damage|p1a: Lonely Heart|391\/497
|-unboost|p2a: Krookodile|atk|1
|-unboost|p2a: Krookodile|def|1
|
|turn|47
|
|switch|p2a: mom's spaghetti|Tangrowth, M|230\/404
|switch|p1a: Sting'Zorga|Drapion, M|46\/343
|
|-heal|p1a: Sting'Zorga|67\/343|[from] item: Black Sludge
|turn|48
|
|switch|p2a: Krookodile|Krookodile, F|332\/332
|move|p1a: Sting'Zorga|Toxic Spikes|p2a: Krookodile
|-sidestart|p2: you're a scrub|move: Toxic Spikes
|
|-heal|p1a: Sting'Zorga|88\/343|[from] item: Black Sludge
|turn|49
|
|switch|p2a: Empoleon|Empoleon, M|370\/372
|switch|p1a: Lonely Heart|Alomomola, F|497\/497
|
|-heal|p2a: Empoleon|372\/372|[from] item: Leftovers
|turn|50
|
|move|p1a: Lonely Heart|Wish|p1a: Lonely Heart
|move|p2a: Empoleon|Defog|p1a: Lonely Heart
|-unboost|p1a: Lonely Heart|evasion|1
|-sideend|p2: you're a scrub|Toxic Spikes|[from] move: Defog|[of] p2a: Empoleon
|
|turn|51
|
|switch|p1a: Sting'Zorga|Drapion, M|88\/343
|move|p2a: Empoleon|Stealth Rock|p1a: Sting'Zorga
|-sidestart|p1: Rubicon|move: Stealth Rock
|
|-heal|p1a: Sting'Zorga|336\/343|[from] move: Wish|[wisher] Lonely Heart
|-heal|p1a: Sting'Zorga|343\/343|[from] item: Black Sludge
|turn|52
|
|move|p1a: Sting'Zorga|Knock Off|p2a: Empoleon
|-damage|p2a: Empoleon|249\/372
|-enditem|p2a: Empoleon|Leftovers|[from] move: Knock Off|[of] p1a: Sting'Zorga
|move|p2a: Empoleon|Scald|p1a: Sting'Zorga
|-damage|p1a: Sting'Zorga|246\/343
|
|-heal|p1a: Sting'Zorga|267\/343|[from] item: Black Sludge
|turn|53
|
|switch|p1a: Pokey|Cacturne, M|138\/281
|-damage|p1a: Pokey|103\/281|[from] Stealth Rock
|move|p2a: Empoleon|Roar|p1a: Pokey
|drag|p1a: Sting'Zorga|Drapion, M|267\/343
|-damage|p1a: Sting'Zorga|225\/343|[from] Stealth Rock
|
|-heal|p1a: Sting'Zorga|246\/343|[from] item: Black Sludge
|turn|54
|
|move|p1a: Sting'Zorga|Toxic Spikes|p2a: Empoleon
|-sidestart|p2: you're a scrub|move: Toxic Spikes
|move|p2a: Empoleon|Roar|p1a: Sting'Zorga
|drag|p1a: Paragon|Togetic, F|311\/313
|-damage|p1a: Paragon|233\/313|[from] Stealth Rock
|
|turn|55
|
|switch|p1a: Pokey|Cacturne, M|103\/281
|-damage|p1a: Pokey|68\/281|[from] Stealth Rock
|move|p2a: Empoleon|Defog|p1a: Pokey
|-unboost|p1a: Pokey|evasion|1
|-sideend|p1: Rubicon|Stealth Rock|[from] move: Defog|[of] p1a: Pokey
|-sideend|p2: you're a scrub|Toxic Spikes|[from] move: Defog|[of] p2a: Empoleon
|
|turn|56
|
|switch|p2a: mom's spaghetti|Tangrowth, M|364\/404
|move|p1a: Pokey|Drain Punch|p2a: mom's spaghetti
|-damage|p2a: mom's spaghetti|276\/404
|-heal|p1a: Pokey|112\/281|[from] drain|[of] p2a: mom's spaghetti
|-damage|p1a: Pokey|84\/281|[from] item: Life Orb
|
|turn|57
|
|switch|p1a: Paragon|Togetic, F|233\/313
|move|p2a: mom's spaghetti|Focus Blast|p1a: Paragon|[miss]
|-miss|p2a: mom's spaghetti|p1a: Paragon
|
|turn|58
|
|switch|p2a: Krookodile|Krookodile, F|332\/332
|switch|p1a: Sting'Zorga|Drapion, M|246\/343
|
|-heal|p1a: Sting'Zorga|267\/343|[from] item: Black Sludge
|turn|59
|
|switch|p2a: mom's spaghetti|Tangrowth, M|404\/404
|switch|p1a: Lonely Heart|Alomomola, F|497\/497
|
|turn|60
|
|switch|p2a: Krookodile|Krookodile, F|332\/332
|move|p1a: Lonely Heart|Protect|p1a: Lonely Heart
|-fail|p1a: Lonely Heart
|
|turn|61
|
|move|p2a: Krookodile|Earthquake|p1a: Lonely Heart
|-damage|p1a: Lonely Heart|352\/497
|move|p1a: Lonely Heart|Wish|p1a: Lonely Heart
|
|turn|62
|
|move|p2a: Krookodile|Earthquake|p1a: Lonely Heart
|-damage|p1a: Lonely Heart|202\/497
|move|p1a: Lonely Heart|Toxic|p2a: Krookodile
|-status|p2a: Krookodile|tox
|
|-heal|p1a: Lonely Heart|450\/497|[from] move: Wish|[wisher] Lonely Heart
|-damage|p2a: Krookodile|312\/332 tox|[from] psn
|turn|63
|-message|you're a scrub forfeited.
|
|win|Rubicon
|raw|Ladder updating...
|leave|you're a scrub
|player|p2
|raw|Rubicon's rating: 1544 &rarr; <strong>1559<\/strong><br \/>(+15 for winning)
|raw|you&apos;re a scrub's rating: 1440 &rarr; <strong>1426<\/strong><br \/>(-14 for losing)