|join|Pleasure Kitten
|join|Rubicon
|player|p1|Pleasure Kitten|39
|player|p2|Rubicon|129
|gametype|singles
|gen|6
|tier|UU
|rated
|rule|Sleep Clause Mod: Limit one foe put to sleep
|rule|Species Clause: Limit one of each Pokemon
|rule|OHKO Clause: OHKO moves are banned
|rule|Moody Clause: Moody is banned
|rule|Evasion Moves Clause: Evasion moves are banned
|rule|Endless Battle Clause: Forcing endless battles is banned.
|rule|HP Percentage Mod: HP is reported as percentages
|clearpoke
|poke|p1|Entei, shiny
|poke|p1|Roserade, F
|poke|p1|Blastoise, F
|poke|p1|Krookodile, F
|poke|p1|Crobat, F
|poke|p1|Heracross, F
|poke|p2|Slowbro, M
|poke|p2|Drapion, M
|poke|p2|Cacturne, M
|poke|p2|Entei, shiny
|poke|p2|Manectric, M
|poke|p2|Togetic, F
|teampreview
|chat|Pleasure Kitten|glgl
|chat|Rubicon|mmhmm
|
|start
|switch|p1a: Roserade|Roserade, F|261\/261
|switch|p2a: ARGRARJGHH|Entei, shiny|371\/371
|-ability|p2a: ARGRARJGHH|Pressure
|turn|1
|chat|Pleasure Kitten|o fun
|
|move|p1a: Roserade|Sleep Powder|p2a: ARGRARJGHH
|-status|p2a: ARGRARJGHH|slp
|cant|p2a: ARGRARJGHH|slp
|
|turn|2
|chat|Pleasure Kitten|lel
|
|move|p1a: Roserade|Sludge Bomb|p2a: ARGRARJGHH
|-damage|p2a: ARGRARJGHH|118\/371 slp
|-damage|p1a: Roserade|235\/261|[from] item: Life Orb
|-curestatus|p2a: ARGRARJGHH|slp
|move|p2a: ARGRARJGHH|Sacred Fire|p1a: Roserade
|-supereffective|p1a: Roserade
|-damage|p1a: Roserade|0 fnt
|faint|p1a: Roserade
|
|chat|Pleasure Kitten|=(
|chat|Rubicon|ARGRARJGHH
|
|switch|p1a: Crobat|Crobat, F|374\/374
|turn|3
|
|switch|p2a: John Pinkerton|Slowbro, M|393\/393
|move|p1a: Crobat|Brave Bird|p2a: John Pinkerton
|-damage|p2a: John Pinkerton|308\/393
|-damage|p1a: Crobat|346\/374|[from] recoil|[of] p2a: John Pinkerton
|-damage|p1a: Crobat|284\/374|[from] item: Rocky Helmet|[of] p2a: John Pinkerton
|
|-heal|p1a: Crobat|307\/374|[from] item: Black Sludge
|turn|4
|chat|Pleasure Kitten|o ur that guy
|chat|Pleasure Kitten|xD
|chat|Rubicon|uh huh
|
|move|p1a: Crobat|Toxic|p2a: John Pinkerton
|-status|p2a: John Pinkerton|tox
|move|p2a: John Pinkerton|Scald|p1a: Crobat
|-damage|p1a: Crobat|226\/374
|-status|p1a: Crobat|brn
|
|-heal|p1a: Crobat|249\/374 brn|[from] item: Black Sludge
|-damage|p1a: Crobat|203\/374 brn|[from] brn
|-damage|p2a: John Pinkerton|284\/393 tox|[from] psn
|turn|5
|
|switch|p1a: Blastoise|Blastoise, F|362\/362
|switch|p2a: Sting'Zorga|Drapion, M|343\/343
|
|turn|6
|
|switch|p2a: Paragon|Togetic, F|313\/313
|-formechange|p1a: Blastoise|Blastoise-Mega
|message|Blastoise has Mega Evolved into Mega Blastoise!
|move|p1a: Blastoise|Water Pulse|p2a: Paragon
|-damage|p2a: Paragon|226\/313
|
|turn|7
|
|switch|p1a: Krookodile|Krookodile, F|394\/394
|-ability|p1a: Krookodile|Intimidate|[of] p2a: Paragon
|-unboost|p2a: Paragon|atk|1
|move|p2a: Paragon|Heal Bell|p2a: Paragon
|-cureteam|p2a: Paragon|[from] move: HealBell
|
|turn|8
|
|move|p1a: Krookodile|Stealth Rock|p2a: Paragon
|-sidestart|p2: Rubicon|move: Stealth Rock
|move|p2a: Paragon|Roost|p2a: Paragon
|-heal|p2a: Paragon|313\/313
|
|turn|9
|
|move|p1a: Krookodile|Knock Off|p2a: Paragon
|-resisted|p2a: Paragon
|-damage|p2a: Paragon|264\/313
|-enditem|p2a: Paragon|Eviolite|[from] move: Knock Off|[of] p1a: Krookodile
|move|p2a: Paragon|Defog|p1a: Krookodile
|-unboost|p1a: Krookodile|evasion|1
|-sideend|p2: Rubicon|Stealth Rock|[from] move: Defog|[of] p2a: Paragon
|
|turn|10
|
|move|p1a: Krookodile|Stealth Rock|p2a: Paragon
|-sidestart|p2: Rubicon|move: Stealth Rock
|move|p2a: Paragon|Dazzling Gleam|p1a: Krookodile
|-supereffective|p1a: Krookodile
|-damage|p1a: Krookodile|176\/394
|
|-heal|p1a: Krookodile|200\/394|[from] item: Leftovers
|turn|11
|
|move|p1a: Krookodile|Taunt|p2a: Paragon
|-start|p2a: Paragon|move: Taunt
|cant|p2a: Paragon|move: Taunt|Defog
|
|-heal|p1a: Krookodile|224\/394|[from] item: Leftovers
|turn|12
|join|watfor
|
|switch|p1a: Entei|Entei, shiny|373\/373
|-ability|p1a: Entei|Pressure
|switch|p2a: The Baz|Manectric, M|281\/281
|-damage|p2a: The Baz|246\/281|[from] Stealth Rock
|
|turn|13
|
|-formechange|p2a: The Baz|Manectric-Mega
|message|Manectric has Mega Evolved into Mega Manectric!
|-ability|p2a: The Baz|Intimidate|[of] p1a: Entei
|-unboost|p1a: Entei|atk|1
|move|p2a: The Baz|Volt Switch|p1a: Entei
|-damage|p1a: Entei|193\/373
|
|switch|p2a: John Pinkerton|Slowbro, M|393\/393
|-damage|p2a: John Pinkerton|344\/393|[from] Stealth Rock
|move|p1a: Entei|Sacred Fire|p2a: John Pinkerton
|-resisted|p2a: John Pinkerton
|-damage|p2a: John Pinkerton|287\/393
|
|turn|14
|chat|Pleasure Kitten|scald burns
|chat|watfor|big dommage
|chat|Pleasure Kitten|sacred fire doesn't
|chat|Pleasure Kitten|i'm calling the cops
|
|switch|p1a: Blastoise|Blastoise, F|362\/362
|-formechange|p1a: Blastoise|Blastoise-Mega
|switch|p2a: Sting'Zorga|Drapion, M|343\/343
|-damage|p2a: Sting'Zorga|301\/343|[from] Stealth Rock
|
|-heal|p2a: Sting'Zorga|322\/343|[from] item: Black Sludge
|turn|15
|chat|Rubicon|go ahead
|chat|Rubicon|call the cops
|chat|Rubicon|i don't give a fuck
|chat|Pleasure Kitten|:>3
|
|move|p2a: Sting'Zorga|Toxic Spikes|p1a: Blastoise
|-sidestart|p1: Pleasure Kitten|move: Toxic Spikes
|move|p1a: Blastoise|Aura Sphere|p2a: Sting'Zorga
|-damage|p2a: Sting'Zorga|178\/343
|
|-heal|p2a: Sting'Zorga|199\/343|[from] item: Black Sludge
|turn|16
|
|switch|p2a: Paragon|Togetic, F|264\/313
|-damage|p2a: Paragon|186\/313|[from] Stealth Rock
|move|p1a: Blastoise|Rapid Spin|p2a: Paragon
|-damage|p2a: Paragon|169\/313
|-sideend|p1: Pleasure Kitten|Toxic Spikes|[from] move: Rapid Spin|[of] p1a: Blastoise
|
|turn|17
|chat|watfor|y u no water pulse
|
|switch|p1a: Entei|Entei, shiny|193\/373
|-ability|p1a: Entei|Pressure
|move|p2a: Paragon|Defog|p1a: Entei
|-unboost|p1a: Entei|evasion|1
|-sideend|p2: Rubicon|Stealth Rock|[from] move: Defog|[of] p2a: Paragon
|
|turn|18
|
|switch|p1a: Heracross|Heracross, F|302\/302
|switch|p2a: The Baz|Manectric, M|246\/281
|-formechange|p2a: The Baz|Manectric-Mega
|-ability|p2a: The Baz|Intimidate|[of] p1a: Heracross
|-unboost|p1a: Heracross|atk|1
|
|turn|19
|
|switch|p1a: Krookodile|Krookodile, F|224\/394
|-ability|p1a: Krookodile|Intimidate|[of] p2a: The Baz
|-unboost|p2a: The Baz|atk|1
|switch|p2a: John Pinkerton|Slowbro, M|393\/393
|
|-heal|p1a: Krookodile|248\/394|[from] item: Leftovers
|turn|20
|
|move|p1a: Krookodile|Knock Off|p2a: John Pinkerton
|-supereffective|p2a: John Pinkerton
|-damage|p2a: John Pinkerton|205\/393
|-damage|p1a: Krookodile|183\/394|[from] item: Rocky Helmet|[of] p2a: John Pinkerton
|-enditem|p2a: John Pinkerton|Rocky Helmet|[from] move: Knock Off|[of] p1a: Krookodile
|move|p2a: John Pinkerton|Scald|p1a: Krookodile
|-supereffective|p1a: Krookodile
|-damage|p1a: Krookodile|0 fnt
|faint|p1a: Krookodile
|
|
|switch|p1a: Heracross|Heracross, F|302\/302
|turn|21
|
|switch|p2a: The Baz|Manectric, M|246\/281
|-formechange|p2a: The Baz|Manectric-Mega
|-ability|p2a: The Baz|Intimidate|[of] p1a: Heracross
|-unboost|p1a: Heracross|atk|1
|move|p1a: Heracross|Megahorn|p2a: The Baz
|-damage|p2a: The Baz|81\/281
|
|turn|22
|chat|watfor|#bulk
|
|switch|p2a: Paragon|Togetic, F|169\/313
|move|p1a: Heracross|Megahorn|p2a: Paragon
|-resisted|p2a: Paragon
|-damage|p2a: Paragon|129\/313
|
|turn|23
|chat|Pleasure Kitten|#bulk
|chat|watfor|praise intimidate
|
|switch|p1a: Entei|Entei, shiny|193\/373
|-ability|p1a: Entei|Pressure
|move|p2a: Paragon|Roost|p2a: Paragon
|-heal|p2a: Paragon|286\/313
|
|turn|24
|
|switch|p2a: John Pinkerton|Slowbro, M|336\/393
|move|p1a: Entei|Sacred Fire|p2a: John Pinkerton
|-resisted|p2a: John Pinkerton
|-damage|p2a: John Pinkerton|251\/393
|-status|p2a: John Pinkerton|brn
|
|-damage|p2a: John Pinkerton|202\/393 brn|[from] brn
|turn|25
|chat|Rubicon|satisfied?
|chat|Pleasure Kitten|yus
|chat|Pleasure Kitten|i can die happy now
|
|move|p1a: Entei|Sacred Fire|p2a: John Pinkerton
|-resisted|p2a: John Pinkerton
|-damage|p2a: John Pinkerton|115\/393 brn
|move|p2a: John Pinkerton|Slack Off|p2a: John Pinkerton
|-heal|p2a: John Pinkerton|312\/393 brn
|
|-damage|p2a: John Pinkerton|263\/393 brn|[from] brn
|turn|26
|
|switch|p1a: Blastoise|Blastoise, F|362\/362
|-formechange|p1a: Blastoise|Blastoise-Mega
|move|p2a: John Pinkerton|Scald|p1a: Blastoise
|-resisted|p1a: Blastoise
|-damage|p1a: Blastoise|319\/362
|
|-damage|p2a: John Pinkerton|214\/393 brn|[from] brn
|turn|27
|
|switch|p2a: Paragon|Togetic, F|286\/313
|move|p1a: Blastoise|Dark Pulse|p2a: Paragon
|-crit|p2a: Paragon
|-resisted|p2a: Paragon
|-damage|p2a: Paragon|209\/313
|
|turn|28
|
|move|p1a: Blastoise|Water Pulse|p2a: Paragon
|-damage|p2a: Paragon|91\/313
|-start|p2a: Paragon|confusion
|-activate|p2a: Paragon|confusion
|move|p2a: Paragon|Heal Bell|p2a: Paragon
|-cureteam|p2a: Paragon|[from] move: HealBell
|
|turn|29
|chat|watfor|y u no ice beam blastoise ;-;
|
|switch|p2a: Pokey|Cacturne, M|281\/281
|move|p1a: Blastoise|Water Pulse|p2a: Pokey
|-immune|p2a: Pokey|[msg]
|
|turn|30
|
|move|p2a: Pokey|Seed Bomb|p1a: Blastoise
|-supereffective|p1a: Blastoise
|-damage|p1a: Blastoise|12\/362
|-damage|p2a: Pokey|253\/281|[from] item: Life Orb
|move|p1a: Blastoise|Aura Sphere|p2a: Pokey
|-supereffective|p2a: Pokey
|-damage|p2a: Pokey|0 fnt
|faint|p2a: Pokey
|
|chat|watfor|BULK
|chat|Pleasure Kitten|lol
|chat|watfor|screw you Jolly Cac
|chat|watfor|:D
|
|switch|p2a: Sting'Zorga|Drapion, M|199\/343
|turn|31
|join|Campion Raw Lewis
|
|switch|p1a: Heracross|Heracross, F|302\/302
|move|p2a: Sting'Zorga|Toxic Spikes|p1a: Heracross
|-sidestart|p1: Pleasure Kitten|move: Toxic Spikes
|
|-heal|p2a: Sting'Zorga|220\/343|[from] item: Black Sludge
|turn|32
|
|move|p1a: Heracross|Megahorn|p2a: Sting'Zorga
|-damage|p2a: Sting'Zorga|25\/343
|move|p2a: Sting'Zorga|Knock Off|p1a: Heracross
|-resisted|p1a: Heracross
|-damage|p1a: Heracross|230\/302
|-enditem|p1a: Heracross|Choice Scarf|[from] move: Knock Off|[of] p2a: Sting'Zorga
|
|-heal|p2a: Sting'Zorga|46\/343|[from] item: Black Sludge
|turn|33
|chat|watfor|#bulk
|chat|Rubicon|too slow
|
|move|p1a: Heracross|Megahorn|p2a: Sting'Zorga
|-damage|p2a: Sting'Zorga|0 fnt
|faint|p2a: Sting'Zorga
|-boost|p1a: Heracross|atk|1|[from] ability: Moxie
|
|join|fagilyph
|
|switch|p2a: The Baz|Manectric, M|81\/281
|-formechange|p2a: The Baz|Manectric-Mega
|-ability|p2a: The Baz|Intimidate|[of] p1a: Heracross
|-unboost|p1a: Heracross|atk|1
|turn|34
|
|switch|p1a: Crobat|Crobat, F|203\/374 brn
|move|p2a: The Baz|Volt Switch|p1a: Crobat
|-supereffective|p1a: Crobat
|-damage|p1a: Crobat|0 fnt
|faint|p1a: Crobat
|
|switch|p2a: ARGRARJGHH|Entei, shiny|118\/371
|-ability|p2a: ARGRARJGHH|Pressure
|
|
|switch|p1a: Entei|Entei, shiny|193\/373
|-status|p1a: Entei|psn
|-ability|p1a: Entei|Pressure
|turn|35
|
|switch|p2a: John Pinkerton|Slowbro, M|345\/393
|move|p1a: Entei|Extreme Speed|p2a: John Pinkerton
|-damage|p2a: John Pinkerton|242\/393
|
|-damage|p1a: Entei|147\/373 psn|[from] psn
|turn|36
|chat|watfor|#speed ties
|chat|watfor|Unless Scarf Entei lol
|chat|watfor|[e]
|
|move|p1a: Entei|Extreme Speed|p2a: John Pinkerton
|-damage|p2a: John Pinkerton|141\/393
|move|p2a: John Pinkerton|Slack Off|p2a: John Pinkerton
|-heal|p2a: John Pinkerton|338\/393
|
|-damage|p1a: Entei|101\/373 psn|[from] psn
|turn|37
|
|move|p1a: Entei|Extreme Speed|p2a: John Pinkerton
|-damage|p2a: John Pinkerton|239\/393
|move|p2a: John Pinkerton|Scald|p1a: Entei
|-supereffective|p1a: Entei
|-damage|p1a: Entei|0 fnt
|faint|p1a: Entei
|
|
|switch|p1a: Heracross|Heracross, F|230\/302
|-status|p1a: Heracross|psn
|turn|38
|
|move|p1a: Heracross|Megahorn|p2a: John Pinkerton
|-supereffective|p2a: John Pinkerton
|-damage|p2a: John Pinkerton|0 fnt
|faint|p2a: John Pinkerton
|-boost|p1a: Heracross|atk|1|[from] ability: Moxie
|
|-damage|p1a: Heracross|193\/302 psn|[from] psn
|chat|Pleasure Kitten|wait
|chat|Pleasure Kitten|i'm a retarde
|chat|Pleasure Kitten|i mean
|chat|Pleasure Kitten|wat
|
|switch|p2a: The Baz|Manectric, M|81\/281
|-formechange|p2a: The Baz|Manectric-Mega
|-ability|p2a: The Baz|Intimidate|[of] p1a: Heracross
|-unboost|p1a: Heracross|atk|1
|turn|39
|chat|Pleasure Kitten|am i doing
|chat|Pleasure Kitten|sometimes I wonder
|
|move|p2a: The Baz|Volt Switch|p1a: Heracross
|-damage|p1a: Heracross|54\/302 psn
|
|switch|p2a: Paragon|Togetic, F|91\/313
|move|p1a: Heracross|Knock Off|p2a: Paragon
|-resisted|p2a: Paragon
|-damage|p2a: Paragon|47\/313
|
|-damage|p1a: Heracross|17\/302 psn|[from] psn
|turn|40
|
|move|p1a: Heracross|Close Combat|p2a: Paragon
|-resisted|p2a: Paragon
|-damage|p2a: Paragon|0 fnt
|-unboost|p1a: Heracross|def|1
|-unboost|p1a: Heracross|spd|1
|faint|p2a: Paragon
|-boost|p1a: Heracross|atk|1|[from] ability: Moxie
|
|-damage|p1a: Heracross|0 fnt|[from] psn
|faint|p1a: Heracross
|chat|Pleasure Kitten|lol
|chat|Pleasure Kitten|i'm relly dumb
|chat|Pleasure Kitten|gg
|
|switch|p2a: The Baz|Manectric, M|81\/281
|-formechange|p2a: The Baz|Manectric-Mega
|switch|p1a: Blastoise|Blastoise, F|12\/362
|-formechange|p1a: Blastoise|Blastoise-Mega
|-status|p1a: Blastoise|psn
|-ability|p2a: The Baz|Intimidate|[of] p1a: Blastoise
|-unboost|p1a: Blastoise|atk|1
|turn|41
|chat|watfor|:[
|chat|Rubicon|well fought
|chat|Pleasure Kitten|yeah
|chat|Pleasure Kitten|i fucked up so hard
|
|move|p2a: The Baz|Thunderbolt|p1a: Blastoise
|-supereffective|p1a: Blastoise
|-damage|p1a: Blastoise|0 fnt
|faint|p1a: Blastoise
|
|win|Rubicon
|raw|Ladder updating...
|raw|Pleasure Kitten's rating: 1641 &rarr; <strong>1618<\/strong><br \/>(-23 for losing)
|raw|Rubicon's rating: 1590 &rarr; <strong>1613<\/strong><br \/>(+23 for winning)
|chat|Rubicon|where exactly?
|leave|Pleasure Kitten
|player|p1
|leave|watfor