|join|Rubicon
|join|Ryan2957p
|player|p1|Rubicon|129
|player|p2|Ryan2957p|214
|gametype|singles
|gen|6
|tier|UU
|rated
|rule|Sleep Clause Mod: Limit one foe put to sleep
|rule|Species Clause: Limit one of each PokÃ©mon
|rule|OHKO Clause: OHKO moves are banned
|rule|Moody Clause: Moody is banned
|rule|Evasion Moves Clause: Evasion moves are banned
|rule|Endless Battle Clause: Forcing endless battles is banned
|rule|HP Percentage Mod: HP is shown in percentages
|clearpoke
|poke|p1|Alomomola, F
|poke|p1|Drapion, M
|poke|p1|Cacturne, M
|poke|p1|Entei, shiny
|poke|p1|Togetic, F
|poke|p1|Alakazam, F
|poke|p2|Swampert, M, shiny
|poke|p2|Doublade, M
|poke|p2|Houndoom, F
|poke|p2|Raikou
|poke|p2|Lucario, M
|poke|p2|Roserade, M
|rule|Swagger Clause: Swagger is banned
|rule|Baton Pass Clause: Limit one PokÃ©mon knowing Baton Pass
|teampreview
|
|start
|switch|p1a: ARGRARJGHH|Entei, shiny|371\/371
|switch|p2a: Doublade|Doublade, M|260\/260
|-ability|p1a: ARGRARJGHH|Pressure
|turn|1
|
|switch|p2a: Swampert|Swampert, M, shiny|404\/404
|move|p1a: ARGRARJGHH|Extreme Speed|p2a: Swampert
|-damage|p2a: Swampert|255\/404
|
|-heal|p2a: Swampert|280\/404|[from] item: Leftovers
|turn|2
|
|switch|p1a: Paragon|Togetic, F|313\/313
|move|p2a: Swampert|Earthquake|p1a: Paragon
|-immune|p1a: Paragon|[msg]
|
|-heal|p2a: Swampert|305\/404|[from] item: Leftovers
|turn|3
|
|move|p2a: Swampert|Ice Punch|p1a: Paragon
|-supereffective|p1a: Paragon
|-damage|p1a: Paragon|187\/313
|move|p1a: Paragon|Psychic|p2a: Swampert
|-damage|p2a: Swampert|244\/404
|-unboost|p2a: Swampert|spd|1
|
|-heal|p2a: Swampert|269\/404|[from] item: Leftovers
|turn|4
|
|move|p2a: Swampert|Stealth Rock|p1a: Paragon
|-sidestart|p1: Rubicon|move: Stealth Rock
|move|p1a: Paragon|Roost|p1a: Paragon
|-heal|p1a: Paragon|313\/313
|
|-heal|p2a: Swampert|294\/404|[from] item: Leftovers
|turn|5
|
|move|p2a: Swampert|Waterfall|p1a: Paragon
|-damage|p1a: Paragon|211\/313
|move|p1a: Paragon|Defog|p2a: Swampert
|-unboost|p2a: Swampert|evasion|1
|-sideend|p1: Rubicon|Stealth Rock|[from] move: Defog|[of] p1a: Paragon
|
|-heal|p2a: Swampert|319\/404|[from] item: Leftovers
|turn|6
|
|switch|p1a: Dr. Crane|Cacturne, M|281\/281
|move|p2a: Swampert|Ice Punch|p1a: Dr. Crane
|-supereffective|p1a: Dr. Crane
|-damage|p1a: Dr. Crane|39\/281
|
|-heal|p2a: Swampert|344\/404|[from] item: Leftovers
|turn|7
|
|switch|p2a: Houndoom|Houndoom, F|292\/292
|move|p1a: Dr. Crane|Seed Bomb|p2a: Houndoom
|-resisted|p2a: Houndoom
|-damage|p2a: Houndoom|132\/292
|-damage|p1a: Dr. Crane|11\/281|[from] item: Life Orb
|
|turn|8
|
|switch|p1a: ARGRARJGHH|Entei, shiny|371\/371
|-ability|p1a: ARGRARJGHH|Pressure
|detailschange|p2a: Houndoom|Houndoom-Mega, F
|message|Houndoom has Mega Evolved into Mega Houndoom!
|move|p2a: Houndoom|Flamethrower|p1a: ARGRARJGHH
|-resisted|p1a: ARGRARJGHH
|-damage|p1a: ARGRARJGHH|272\/371
|
|turn|9
|
|switch|p2a: Swampert|Swampert, M, shiny|344\/404
|move|p1a: ARGRARJGHH|Sacred Fire|p2a: Swampert|[miss]
|-miss|p1a: ARGRARJGHH|p2a: Swampert
|
|-heal|p2a: Swampert|369\/404|[from] item: Leftovers
|turn|10
|
|switch|p1a: Paragon|Togetic, F|211\/313
|move|p2a: Swampert|Ice Punch|p1a: Paragon
|-supereffective|p1a: Paragon
|-damage|p1a: Paragon|67\/313
|
|-heal|p2a: Swampert|394\/404|[from] item: Leftovers
|turn|11
|
|switch|p1a: Lonely Heart|Alomomola, F|497\/497
|move|p2a: Swampert|Ice Punch|p1a: Lonely Heart
|-resisted|p1a: Lonely Heart
|-damage|p1a: Lonely Heart|459\/497
|-damage|p2a: Swampert|327\/404|[from] item: Rocky Helmet|[of] p1a: Lonely Heart
|
|-heal|p2a: Swampert|352\/404|[from] item: Leftovers
|turn|12
|
|switch|p2a: Roserade|Roserade, M|324\/324
|move|p1a: Lonely Heart|Toxic|p2a: Roserade
|-fail|p2a: Roserade
|
|turn|13
|
|switch|p1a: Sting'Zorga|Drapion, M|343\/343
|move|p2a: Roserade|Sludge Bomb|p1a: Sting'Zorga
|-resisted|p1a: Sting'Zorga
|-damage|p1a: Sting'Zorga|271\/343
|
|-heal|p1a: Sting'Zorga|292\/343|[from] item: Black Sludge
|turn|14
|
|move|p1a: Sting'Zorga|Toxic Spikes|p2a: Roserade
|-sidestart|p2: Ryan2957p|move: Toxic Spikes
|move|p2a: Roserade|Extrasensory|p1a: Sting'Zorga
|-immune|p1a: Sting'Zorga|[msg]
|
|-heal|p1a: Sting'Zorga|313\/343|[from] item: Black Sludge
|turn|15
|
|switch|p2a: Swampert|Swampert, M, shiny|352\/404
|-status|p2a: Swampert|psn
|move|p1a: Sting'Zorga|Knock Off|p2a: Swampert
|-damage|p2a: Swampert|232\/404 psn
|-enditem|p2a: Swampert|Leftovers|[from] move: Knock Off|[of] p1a: Sting'Zorga
|
|-heal|p1a: Sting'Zorga|334\/343|[from] item: Black Sludge
|-damage|p2a: Swampert|182\/404 psn|[from] psn
|turn|16
|
|move|p1a: Sting'Zorga|Taunt|p2a: Swampert
|-start|p2a: Swampert|move: Taunt
|move|p2a: Swampert|Ice Punch|p1a: Sting'Zorga
|-damage|p1a: Sting'Zorga|247\/343
|
|-heal|p1a: Sting'Zorga|268\/343|[from] item: Black Sludge
|-damage|p2a: Swampert|132\/404 psn|[from] psn
|turn|17
|
|switch|p1a: Lonely Heart|Alomomola, F|497\/497
|move|p2a: Swampert|Earthquake|p1a: Lonely Heart
|-damage|p1a: Lonely Heart|353\/497
|
|-damage|p2a: Swampert|82\/404 psn|[from] psn
|turn|18
|
|switch|p2a: Raikou|Raikou|322\/322
|-status|p2a: Raikou|psn
|-ability|p2a: Raikou|Pressure
|move|p1a: Lonely Heart|Wish|p1a: Lonely Heart
|
|-damage|p2a: Raikou|282\/322 psn|[from] psn
|turn|19
|
|switch|p1a: Sting'Zorga|Drapion, M|268\/343
|move|p2a: Raikou|Hidden Power|p1a: Sting'Zorga
|-damage|p1a: Sting'Zorga|176\/343
|
|-heal|p1a: Sting'Zorga|343\/343|[from] move: Wish|[wisher] Lonely Heart
|-damage|p2a: Raikou|242\/322 psn|[from] psn
|turn|20
|
|switch|p2a: Lucario|Lucario, M|281\/281
|move|p1a: Sting'Zorga|Knock Off|p2a: Lucario
|-resisted|p2a: Lucario
|-damage|p2a: Lucario|209\/281
|-boost|p2a: Lucario|atk|1|[from] ability: Justified
|-enditem|p2a: Lucario|Life Orb|[from] move: Knock Off|[of] p1a: Sting'Zorga
|
|turn|21
|
|move|p2a: Lucario|Close Combat|p1a: Sting'Zorga
|-damage|p1a: Sting'Zorga|58\/343
|-unboost|p2a: Lucario|def|1
|-unboost|p2a: Lucario|spd|1
|move|p1a: Sting'Zorga|Whirlwind|p2a: Lucario
|drag|p2a: Houndoom|Houndoom-Mega, F|132\/292
|-status|p2a: Houndoom|psn
|
|-heal|p1a: Sting'Zorga|79\/343|[from] item: Black Sludge
|-damage|p2a: Houndoom|96\/292 psn|[from] psn
|turn|22
|
|switch|p1a: ARGRARJGHH|Entei, shiny|272\/371
|-ability|p1a: ARGRARJGHH|Pressure
|move|p2a: Houndoom|Flamethrower|p1a: ARGRARJGHH
|-resisted|p1a: ARGRARJGHH
|-damage|p1a: ARGRARJGHH|156\/371
|
|-damage|p2a: Houndoom|60\/292 psn|[from] psn
|turn|23
|
|move|p2a: Houndoom|Dark Pulse|p1a: ARGRARJGHH
|-crit|p1a: ARGRARJGHH
|-damage|p1a: ARGRARJGHH|0 fnt
|faint|p1a: ARGRARJGHH
|
|-damage|p2a: Houndoom|24\/292 psn|[from] psn
|
|switch|p1a: Lonely Heart|Alomomola, F|497\/497
|turn|24
|
|move|p2a: Houndoom|Hidden Power|p1a: Lonely Heart
|-supereffective|p1a: Lonely Heart
|-damage|p1a: Lonely Heart|291\/497
|move|p1a: Lonely Heart|Wish|p1a: Lonely Heart
|
|-damage|p2a: Houndoom|0 fnt|[from] psn
|faint|p2a: Houndoom
|
|switch|p2a: Raikou|Raikou|242\/322 psn
|-ability|p2a: Raikou|Pressure
|turn|25
|
|switch|p1a: Cereal killer|Alakazam, F|252\/252
|move|p2a: Raikou|Thunderbolt|p1a: Cereal killer
|-damage|p1a: Cereal killer|11\/252
|
|-heal|p1a: Cereal killer|252\/252|[from] move: Wish|[wisher] Lonely Heart
|-damage|p2a: Raikou|202\/322 psn|[from] psn
|turn|26
|
|move|p2a: Raikou|Thunderbolt|p1a: Cereal killer
|-damage|p1a: Cereal killer|6\/252
|move|p1a: Cereal killer|Psyshock|p2a: Raikou
|-damage|p2a: Raikou|0 fnt
|faint|p2a: Raikou
|
|
|switch|p2a: Lucario|Lucario, M|209\/281
|turn|27
|
|switch|p1a: Lonely Heart|Alomomola, F|456\/497
|move|p2a: Lucario|Extreme Speed|p1a: Lonely Heart
|-damage|p1a: Lonely Heart|387\/497
|-damage|p2a: Lucario|163\/281|[from] item: Rocky Helmet|[of] p1a: Lonely Heart
|
|turn|28
|
|switch|p2a: Roserade|Roserade, M|324\/324
|-sideend|p2: Ryan2957p|move: Toxic Spikes|[of] p2a: Roserade
|move|p1a: Lonely Heart|Wish|p1a: Lonely Heart
|
|turn|29
|
|switch|p1a: Sting'Zorga|Drapion, M|79\/343
|move|p2a: Roserade|Energy Ball|p1a: Sting'Zorga
|-resisted|p1a: Sting'Zorga
|-damage|p1a: Sting'Zorga|0 fnt
|faint|p1a: Sting'Zorga
|
|
|switch|p1a: Paragon|Togetic, F|67\/313
|turn|30
|
|switch|p2a: Swampert|Swampert, M, shiny|82\/404 psn
|move|p1a: Paragon|Roost|p1a: Paragon
|-heal|p1a: Paragon|224\/313
|
|-damage|p2a: Swampert|32\/404 psn|[from] psn
|turn|31
|
|move|p2a: Swampert|Ice Punch|p1a: Paragon
|-supereffective|p1a: Paragon
|-damage|p1a: Paragon|102\/313
|move|p1a: Paragon|Roost|p1a: Paragon
|-heal|p1a: Paragon|259\/313
|
|-damage|p2a: Swampert|0 fnt|[from] psn
|faint|p2a: Swampert
|
|switch|p2a: Roserade|Roserade, M|324\/324
|turn|32
|
|move|p2a: Roserade|Sludge Bomb|p1a: Paragon
|-supereffective|p1a: Paragon
|-damage|p1a: Paragon|113\/313
|move|p1a: Paragon|Psychic|p2a: Roserade
|-supereffective|p2a: Roserade
|-damage|p2a: Roserade|216\/324
|-unboost|p2a: Roserade|spd|1
|
|-heal|p2a: Roserade|236\/324|[from] item: Black Sludge
|turn|33
|
|move|p2a: Roserade|Sludge Bomb|p1a: Paragon
|-supereffective|p1a: Paragon
|-damage|p1a: Paragon|0 fnt
|faint|p1a: Paragon
|
|-heal|p2a: Roserade|256\/324|[from] item: Black Sludge
|
|switch|p1a: Dr. Crane|Cacturne, M|11\/281
|turn|34
|
|move|p1a: Dr. Crane|Sucker Punch|p2a: Roserade
|-damage|p2a: Roserade|9\/324
|-damage|p1a: Dr. Crane|0 fnt|[from] item: Life Orb
|faint|p1a: Dr. Crane
|move|p2a: Roserade|Sludge Bomb|p1: Dr. Crane|[notarget]
|-notarget
|
|-heal|p2a: Roserade|29\/324|[from] item: Black Sludge
|
|switch|p1a: Cereal killer|Alakazam, F|6\/252
|turn|35
|
|switch|p2a: Doublade|Doublade, M|260\/260
|move|p1a: Cereal killer|Charge Beam|p2a: Doublade
|-damage|p2a: Doublade|185\/260
|
|turn|36
|
|switch|p1a: Lonely Heart|Alomomola, F|497\/497
|move|p2a: Doublade|Shadow Sneak|p1a: Lonely Heart
|-damage|p1a: Lonely Heart|436\/497
|-damage|p2a: Doublade|142\/260|[from] item: Rocky Helmet|[of] p1a: Lonely Heart
|
|turn|37
|
|switch|p2a: Lucario|Lucario, M|163\/281
|move|p1a: Lonely Heart|Waterfall|p2a: Lucario
|-damage|p2a: Lucario|67\/281
|
|turn|38
|
|move|p2a: Lucario|Close Combat|p1a: Lonely Heart
|-damage|p1a: Lonely Heart|274\/497
|-damage|p2a: Lucario|21\/281|[from] item: Rocky Helmet|[of] p1a: Lonely Heart
|-unboost|p2a: Lucario|def|1
|-unboost|p2a: Lucario|spd|1
|move|p1a: Lonely Heart|Wish|p1a: Lonely Heart
|
|turn|39
|
|move|p1a: Lonely Heart|Protect|p1a: Lonely Heart
|-singleturn|p1a: Lonely Heart|Protect
|move|p2a: Lucario|Close Combat|p1a: Lonely Heart
|-activate|p1a: Lonely Heart|Protect
|
|-heal|p1a: Lonely Heart|497\/497|[from] move: Wish|[wisher] Lonely Heart
|turn|40
|
|move|p2a: Lucario|Close Combat|p1a: Lonely Heart
|-damage|p1a: Lonely Heart|350\/497
|-damage|p2a: Lucario|0 fnt|[from] item: Rocky Helmet|[of] p1a: Lonely Heart
|faint|p2a: Lucario
|move|p1a: Lonely Heart|Wish|p1a: Lonely Heart
|
|
|switch|p2a: Roserade|Roserade, M|29\/324
|turn|41
|
|move|p1a: Lonely Heart|Protect|p1a: Lonely Heart
|-singleturn|p1a: Lonely Heart|Protect
|move|p2a: Roserade|Energy Ball|p1a: Lonely Heart
|-activate|p1a: Lonely Heart|Protect
|
|-heal|p1a: Lonely Heart|497\/497|[from] move: Wish|[wisher] Lonely Heart
|-heal|p2a: Roserade|49\/324|[from] item: Black Sludge
|turn|42
|
|move|p2a: Roserade|Energy Ball|p1a: Lonely Heart
|-supereffective|p1a: Lonely Heart
|-damage|p1a: Lonely Heart|39\/497
|move|p1a: Lonely Heart|Waterfall|p2a: Roserade
|-resisted|p2a: Roserade
|-damage|p2a: Roserade|0 fnt
|faint|p2a: Roserade
|
|
|switch|p2a: Doublade|Doublade, M|142\/260
|turn|43
|
|switch|p1a: Cereal killer|Alakazam, F|6\/252
|move|p2a: Doublade|Shadow Sneak|p1a: Cereal killer
|-supereffective|p1a: Cereal killer
|-damage|p1a: Cereal killer|0 fnt
|faint|p1a: Cereal killer
|
|
|switch|p1a: Lonely Heart|Alomomola, F|204\/497
|turn|44
|
|move|p1a: Lonely Heart|Wish|p1a: Lonely Heart
|move|p2a: Doublade|Swords Dance|p2a: Doublade
|-boost|p2a: Doublade|atk|2
|
|turn|45
|
|move|p1a: Lonely Heart|Waterfall|p2a: Doublade
|-damage|p2a: Doublade|111\/260
|cant|p2a: Doublade|flinch
|
|-heal|p1a: Lonely Heart|452\/497|[from] move: Wish|[wisher] Lonely Heart
|turn|46
|
|move|p1a: Lonely Heart|Waterfall|p2a: Doublade
|-damage|p2a: Doublade|81\/260
|move|p2a: Doublade|Swords Dance|p2a: Doublade
|-boost|p2a: Doublade|atk|2
|
|turn|47
|
|move|p1a: Lonely Heart|Waterfall|p2a: Doublade
|-damage|p2a: Doublade|53\/260
|move|p2a: Doublade|Sacred Sword|p1a: Lonely Heart
|-damage|p1a: Lonely Heart|177\/497
|-damage|p2a: Doublade|10\/260|[from] item: Rocky Helmet|[of] p1a: Lonely Heart
|
|turn|48
|
|move|p2a: Doublade|Shadow Sneak|p1a: Lonely Heart
|-damage|p1a: Lonely Heart|5\/497
|-damage|p2a: Doublade|0 fnt|[from] item: Rocky Helmet|[of] p1a: Lonely Heart
|faint|p2a: Doublade
|
|win|Rubicon
|raw|Ladder updating...
|raw|Rubicon's rating: 1494 &rarr; <strong>1503<\/strong><br \/>(+9 for winning)
|raw|Ryan2957p's rating: 1286 &rarr; <strong>1275<\/strong><br \/>(-11 for losing)
|chat|Ryan2957p|gg
|chat|Rubicon|whoo, too close
|chat|Ryan2957p|i know
|chat|Ryan2957p|that was the best battle ive ever had
|chat|Rubicon|i was thinking to myself
|chat|Rubicon|if that rose had giga drain, i'd be screwed
|chat|Ryan2957p|yea