|join|Rubicon
|join|LTI give up now
|player|p1|Rubicon|129
|player|p2|LTI give up now|80
|gametype|singles
|gen|6
|tier|UU
|rated
|rule|Sleep Clause Mod: Limit one foe put to sleep
|rule|Species Clause: Limit one of each Pokemon
|rule|OHKO Clause: OHKO moves are banned
|rule|Moody Clause: Moody is banned
|rule|Evasion Moves Clause: Evasion moves are banned
|rule|Endless Battle Clause: Forcing endless battles is banned.
|rule|HP Percentage Mod: HP is reported as percentages
|clearpoke
|poke|p1|Alomomola, F
|poke|p1|Drapion, M
|poke|p1|Cacturne, M
|poke|p1|Entei, shiny
|poke|p1|Manectric, M
|poke|p1|Togetic, F
|poke|p2|Hydreigon, M
|poke|p2|Magnezone
|poke|p2|Nidoqueen, F
|poke|p2|Aerodactyl, M
|poke|p2|Victini
|poke|p2|Vaporeon, M
|teampreview
|
|start
|switch|p1a: Sting'Zorga|Drapion, M|343\/343
|switch|p2a: Nidoqueen|Nidoqueen, F|384\/384
|turn|1
|
|move|p1a: Sting'Zorga|Knock Off|p2a: Nidoqueen
|-damage|p2a: Nidoqueen|275\/384
|-enditem|p2a: Nidoqueen|Life Orb|[from] move: Knock Off|[of] p1a: Sting'Zorga
|move|p2a: Nidoqueen|Stealth Rock|p1a: Sting'Zorga
|-sidestart|p1: Rubicon|move: Stealth Rock
|
|turn|2
|
|switch|p1a: Paragon|Togetic, F|313\/313
|-damage|p1a: Paragon|235\/313|[from] Stealth Rock
|move|p2a: Nidoqueen|Earth Power|p1a: Paragon
|-immune|p1a: Paragon|[msg]
|
|turn|3
|
|move|p2a: Nidoqueen|Ice Beam|p1a: Paragon
|-supereffective|p1a: Paragon
|-damage|p1a: Paragon|131\/313
|move|p1a: Paragon|Defog|p2a: Nidoqueen
|-unboost|p2a: Nidoqueen|evasion|1
|-sideend|p1: Rubicon|Stealth Rock|[from] move: Defog|[of] p1a: Paragon
|
|turn|4
|
|move|p2a: Nidoqueen|Stealth Rock|p1a: Paragon
|-sidestart|p1: Rubicon|move: Stealth Rock
|move|p1a: Paragon|Roost|p1a: Paragon
|-heal|p1a: Paragon|288\/313
|
|turn|5
|
|switch|p2a: Magnezone|Magnezone|344\/344
|move|p1a: Paragon|Defog|p2a: Magnezone
|-unboost|p2a: Magnezone|evasion|1
|-sideend|p1: Rubicon|Stealth Rock|[from] move: Defog|[of] p1a: Paragon
|
|turn|6
|
|switch|p2a: Nidoqueen|Nidoqueen, F|275\/384
|switch|p1a: The Baz|Manectric, M|281\/281
|
|turn|7
|
|move|p1a: The Baz|Hidden Power|p2a: Nidoqueen
|-supereffective|p2a: Nidoqueen
|-damage|p2a: Nidoqueen|127\/384
|move|p2a: Nidoqueen|Ice Beam|p1a: The Baz
|-damage|p1a: The Baz|123\/281
|
|turn|8
|
|switch|p2a: Hydreigon|Hydreigon, M|326\/326
|move|p1a: The Baz|Hidden Power|p2a: Hydreigon
|-supereffective|p2a: Hydreigon
|-damage|p2a: Hydreigon|182\/326
|
|turn|9
|
|switch|p1a: Paragon|Togetic, F|288\/313
|move|p2a: Hydreigon|Dark Pulse|p1a: Paragon
|-resisted|p1a: Paragon
|-damage|p1a: Paragon|256\/313
|
|turn|10
|
|switch|p2a: Victini|Victini|341\/341
|switch|p1a: ARGRARJGHH|Entei, shiny|371\/371
|-ability|p1a: ARGRARJGHH|Pressure
|
|turn|11
|
|move|p2a: Victini|Zen Headbutt|p1a: ARGRARJGHH
|-damage|p1a: ARGRARJGHH|172\/371
|move|p1a: ARGRARJGHH|Sacred Fire|p2a: Victini
|-resisted|p2a: Victini
|-damage|p2a: Victini|217\/341
|
|turn|12
|
|switch|p1a: Lonely Heart|Alomomola, F|497\/497
|move|p2a: Victini|Zen Headbutt|p1a: Lonely Heart
|-damage|p1a: Lonely Heart|341\/497
|-damage|p2a: Victini|161\/341|[from] item: Rocky Helmet|[of] p1a: Lonely Heart
|
|turn|13
|
|switch|p2a: Magnezone|Magnezone|344\/344
|move|p1a: Lonely Heart|Wish|p1a: Lonely Heart
|
|turn|14
|
|switch|p1a: The Baz|Manectric, M|123\/281
|move|p2a: Magnezone|Flash Cannon|p1a: The Baz
|-resisted|p1a: The Baz
|-damage|p1a: The Baz|0 fnt
|faint|p1a: The Baz
|
|
|switch|p1a: ARGRARJGHH|Entei, shiny|172\/371
|-ability|p1a: ARGRARJGHH|Pressure
|turn|15
|
|switch|p2a: Vaporeon|Vaporeon, M|464\/464
|move|p1a: ARGRARJGHH|Sacred Fire|p2a: Vaporeon
|-resisted|p2a: Vaporeon
|-damage|p2a: Vaporeon|333\/464
|-status|p2a: Vaporeon|brn
|
|-heal|p2a: Vaporeon|362\/464 brn|[from] item: Leftovers
|-damage|p2a: Vaporeon|304\/464 brn|[from] brn
|turn|16
|
|switch|p1a: Pokey|Cacturne, M|281\/281
|move|p2a: Vaporeon|Heal Bell|p2a: Vaporeon
|-cureteam|p2a: Vaporeon|[from] move: HealBell
|
|-heal|p2a: Vaporeon|333\/464|[from] item: Leftovers
|turn|17
|
|switch|p2a: Hydreigon|Hydreigon, M|182\/326
|move|p1a: Pokey|Swords Dance|p1a: Pokey
|-boost|p1a: Pokey|atk|2
|
|turn|18
|
|switch|p2a: Aerodactyl|Aerodactyl, M|331\/331
|-ability|p2a: Aerodactyl|Pressure
|move|p1a: Pokey|Sucker Punch|p2a: Aerodactyl
|-fail|p2a: Aerodactyl
|
|turn|19
|
|-formechange|p2a: Aerodactyl|Aerodactyl-Mega
|message|Aerodactyl has Mega Evolved into Mega Aerodactyl!
|move|p1a: Pokey|Sucker Punch|p2a: Aerodactyl
|-damage|p2a: Aerodactyl|0 fnt
|-damage|p1a: Pokey|253\/281|[from] item: Life Orb
|faint|p2a: Aerodactyl
|
|
|switch|p2a: Victini|Victini|161\/341
|turn|20
|
|switch|p2a: Hydreigon|Hydreigon, M|182\/326
|switch|p1a: Lonely Heart|Alomomola, F|497\/497
|
|turn|21
|
|move|p2a: Hydreigon|U-turn|p1a: Lonely Heart
|-damage|p1a: Lonely Heart|453\/497
|-damage|p2a: Hydreigon|128\/326|[from] item: Rocky Helmet|[of] p1a: Lonely Heart
|
|switch|p2a: Vaporeon|Vaporeon, M|333\/464
|move|p1a: Lonely Heart|Wish|p1a: Lonely Heart
|
|-heal|p2a: Vaporeon|362\/464|[from] item: Leftovers
|turn|22
|
|switch|p1a: Pokey|Cacturne, M|253\/281
|move|p2a: Vaporeon|Wish|p2a: Vaporeon
|
|-heal|p1a: Pokey|281\/281|[from] move: Wish|[wisher] Lonely Heart
|-heal|p2a: Vaporeon|391\/464|[from] item: Leftovers
|turn|23
|
|switch|p2a: Hydreigon|Hydreigon, M|128\/326
|move|p1a: Pokey|Drain Punch|p2a: Hydreigon
|-supereffective|p2a: Hydreigon
|-damage|p2a: Hydreigon|0 fnt
|-damage|p1a: Pokey|253\/281|[from] item: Life Orb
|faint|p2a: Hydreigon
|
|
|switch|p2a: Victini|Victini|161\/341
|turn|24
|
|switch|p2a: Nidoqueen|Nidoqueen, F|127\/384
|move|p1a: Pokey|Sucker Punch|p2a: Nidoqueen
|-fail|p2a: Nidoqueen
|
|turn|25
|
|switch|p1a: Sting'Zorga|Drapion, M|343\/343
|switch|p2a: Victini|Victini|161\/341
|
|turn|26
|
|move|p2a: Victini|V-create|p1a: Sting'Zorga
|-damage|p1a: Sting'Zorga|0 fnt
|-unboost|p2a: Victini|def|1
|-unboost|p2a: Victini|spd|1
|-unboost|p2a: Victini|spe|1
|faint|p1a: Sting'Zorga
|
|
|switch|p1a: ARGRARJGHH|Entei, shiny|172\/371
|-ability|p1a: ARGRARJGHH|Pressure
|turn|27
|
|switch|p2a: Vaporeon|Vaporeon, M|391\/464
|move|p1a: ARGRARJGHH|Sacred Fire|p2a: Vaporeon
|-resisted|p2a: Vaporeon
|-damage|p2a: Vaporeon|254\/464
|
|-heal|p2a: Vaporeon|283\/464|[from] item: Leftovers
|turn|28
|
|move|p1a: ARGRARJGHH|Sacred Fire|p2a: Vaporeon
|-crit|p2a: Vaporeon
|-resisted|p2a: Vaporeon
|-damage|p2a: Vaporeon|97\/464
|-status|p2a: Vaporeon|brn
|move|p2a: Vaporeon|Wish|p2a: Vaporeon
|
|-heal|p2a: Vaporeon|126\/464 brn|[from] item: Leftovers
|-damage|p2a: Vaporeon|68\/464 brn|[from] brn
|turn|29
|
|switch|p1a: Pokey|Cacturne, M|253\/281
|move|p2a: Vaporeon|Protect|p2a: Vaporeon
|-fail|p2a: Vaporeon
|
|-heal|p2a: Vaporeon|300\/464 brn|[from] move: Wish|[wisher] Vaporeon
|-heal|p2a: Vaporeon|329\/464 brn|[from] item: Leftovers
|-damage|p2a: Vaporeon|271\/464 brn|[from] brn
|turn|30
|
|switch|p2a: Victini|Victini|161\/341
|move|p1a: Pokey|Swords Dance|p1a: Pokey
|-boost|p1a: Pokey|atk|2
|
|turn|31
|
|switch|p2a: Nidoqueen|Nidoqueen, F|127\/384
|move|p1a: Pokey|Sucker Punch|p2a: Nidoqueen
|-fail|p2a: Nidoqueen
|
|turn|32
|
|move|p1a: Pokey|Seed Bomb|p2a: Nidoqueen
|-damage|p2a: Nidoqueen|0 fnt
|-damage|p1a: Pokey|225\/281|[from] item: Life Orb
|faint|p2a: Nidoqueen
|
|
|switch|p2a: Victini|Victini|161\/341
|turn|33
|
|switch|p2a: Magnezone|Magnezone|344\/344
|move|p1a: Pokey|Sucker Punch|p2a: Magnezone
|-fail|p2a: Magnezone
|
|turn|34
|
|switch|p2a: Victini|Victini|161\/341
|move|p1a: Pokey|Drain Punch|p2a: Victini
|-resisted|p2a: Victini
|-damage|p2a: Victini|47\/341
|-heal|p1a: Pokey|281\/281|[from] drain|[of] p2a: Victini
|-damage|p1a: Pokey|253\/281|[from] item: Life Orb
|
|turn|35
|
|move|p1a: Pokey|Sucker Punch|p2a: Victini
|-supereffective|p2a: Victini
|-damage|p2a: Victini|0 fnt
|-damage|p1a: Pokey|225\/281|[from] item: Life Orb
|faint|p2a: Victini
|
|-message|LTI give up now forfeited.
|
|win|Rubicon
|raw|Ladder updating...
|raw|Rubicon's rating: 1564 &rarr; <strong>1588<\/strong><br \/>(+24 for winning)
|raw|LTI give up now's rating: 1637 &rarr; <strong>1613<\/strong><br \/>(-24 for losing)
|leave|LTI give up now
|player|p2