|join|Rubicon
|join|OG_Wanka
|player|p1|Rubicon|129
|player|p2|OG_Wanka|102
|gametype|singles
|gen|6
|tier|UU
|rule|Sleep Clause Mod: Limit one foe put to sleep
|rule|Species Clause: Limit one of each PokÃ©mon
|rule|OHKO Clause: OHKO moves are banned
|rule|Moody Clause: Moody is banned
|rule|Evasion Moves Clause: Evasion moves are banned
|rule|Endless Battle Clause: Forcing endless battles is banned
|rule|HP Percentage Mod: HP is shown in percentages
|clearpoke
|poke|p1|Cobalion
|poke|p1|Sableye, M
|poke|p1|Alomomola, M
|poke|p1|Roserade, F
|poke|p1|Aerodactyl, F
|poke|p1|Raikou, shiny
|poke|p2|Piloswine, F
|poke|p2|Roserade, F, shiny
|poke|p2|Jirachi, shiny
|poke|p2|Blastoise, F
|poke|p2|Rotom-Heat
|poke|p2|Mienshao, M
|rule|Swagger Clause: Swagger is banned
|rule|Baton Pass Clause: Limit one PokÃ©mon knowing Baton Pass
|teampreview
|join|TestingStuffy
|join|Feeling Vindictive
|
|start
|switch|p1a: Aeroga|Aerodactyl, F|301\/301
|switch|p2a: Piloswine|Piloswine, F|404\/404
|-ability|p1a: Aeroga|Pressure
|turn|1
|join|Bob the Bro
|
|detailschange|p1a: Aeroga|Aerodactyl-Mega, F
|message|Aerodactyl has Mega Evolved into Mega Aerodactyl!
|move|p1a: Aeroga|Stealth Rock|p2a: Piloswine
|-sidestart|p2: OG_Wanka|move: Stealth Rock
|move|p2a: Piloswine|Stealth Rock|p1a: Aeroga
|-sidestart|p1: Rubicon|move: Stealth Rock
|
|turn|2
|c| Bob the Bro|shrek this fkn clown
|c|âOG_Wanka|same
|
|switch|p1a: Lonely Heart|Alomomola, M|534\/534
|-damage|p1a: Lonely Heart|468\/534|[from] Stealth Rock
|move|p2a: Piloswine|Avalanche|p1a: Lonely Heart
|-crit|p1a: Lonely Heart
|-resisted|p1a: Lonely Heart
|-damage|p1a: Lonely Heart|425\/534
|-damage|p2a: Piloswine|337\/404|[from] item: Rocky Helmet|[of] p1a: Lonely Heart
|
|turn|3
|c| Bob the Bro|domage
|c|âRubicon|never understood how avalanche is contact
|c|âOG_Wanka|same
|
|switch|p1a: Aeroga|Aerodactyl-Mega, F|301\/301
|-damage|p1a: Aeroga|226\/301|[from] Stealth Rock
|switch|p2a: Roserade|Roserade, F, shiny|269\/269
|-damage|p2a: Roserade|236\/269|[from] Stealth Rock
|
|-heal|p2a: Roserade|252\/269|[from] item: Black Sludge
|turn|4
|c| Bob the Bro|predonked
|
|switch|p2a: Piloswine|Piloswine, F|337\/404
|-damage|p2a: Piloswine|287\/404|[from] Stealth Rock
|move|p1a: Aeroga|Aerial Ace|p2a: Piloswine
|-damage|p2a: Piloswine|196\/404
|
|turn|5
|
|switch|p1a: Centurion|Cobalion|324\/324
|-damage|p1a: Centurion|314\/324|[from] Stealth Rock
|switch|p2a: Roserade|Roserade, F, shiny|252\/269
|-damage|p2a: Roserade|219\/269|[from] Stealth Rock
|
|-heal|p2a: Roserade|235\/269|[from] item: Black Sludge
|turn|6
|
|move|p1a: Centurion|Swords Dance|p1a: Centurion
|-boost|p1a: Centurion|atk|2
|move|p2a: Roserade|Sleep Powder|p1a: Centurion
|-status|p1a: Centurion|slp
|-enditem|p1a: Centurion|Lum Berry|[eat]
|-curestatus|p1a: Centurion|slp
|
|-heal|p2a: Roserade|251\/269|[from] item: Black Sludge
|turn|7
|
|move|p1a: Centurion|Iron Head|p2a: Roserade
|-damage|p2a: Roserade|0 fnt
|faint|p2a: Roserade
|
|c|âOG_Wanka|broooms
|c|âOG_Wanka|comin out
|c|âOG_Wanka|oh wait
|
|switch|p2a: Mienshao|Mienshao, M|272\/272
|-damage|p2a: Mienshao|255\/272|[from] Stealth Rock
|turn|8
|
|switch|p1a: Lonely Heart|Alomomola, M|534\/534
|-damage|p1a: Lonely Heart|468\/534|[from] Stealth Rock
|move|p2a: Mienshao|U-turn|p1a: Lonely Heart
|-damage|p1a: Lonely Heart|400\/534
|-damage|p2a: Mienshao|210\/272|[from] item: Rocky Helmet|[of] p1a: Lonely Heart
|
|switch|p2a: Jirachi|Jirachi, shiny|342\/342
|-damage|p2a: Jirachi|321\/342|[from] Stealth Rock
|
|-heal|p2a: Jirachi|342\/342|[from] item: Leftovers
|turn|9
|
|move|p2a: Jirachi|Substitute|p2a: Jirachi
|-start|p2a: Jirachi|Substitute
|-damage|p2a: Jirachi|257\/342
|move|p1a: Lonely Heart|Knock Off|p2a: Jirachi
|-supereffective|p2a: Jirachi
|-end|p2a: Jirachi|Substitute
|
|-heal|p2a: Jirachi|278\/342|[from] item: Leftovers
|turn|10
|
|switch|p1a: Tiger Shot|Raikou, shiny|322\/322
|-damage|p1a: Tiger Shot|282\/322|[from] Stealth Rock
|-ability|p1a: Tiger Shot|Pressure
|move|p2a: Jirachi|Toxic|p1a: Tiger Shot
|-status|p1a: Tiger Shot|tox
|
|-heal|p2a: Jirachi|299\/342|[from] item: Leftovers
|-damage|p1a: Tiger Shot|262\/322 tox|[from] psn
|turn|11
|
|switch|p2a: Piloswine|Piloswine, F|196\/404
|-damage|p2a: Piloswine|146\/404|[from] Stealth Rock
|move|p1a: Tiger Shot|Aura Sphere|p2a: Piloswine
|-supereffective|p2a: Piloswine
|-damage|p2a: Piloswine|0 fnt
|faint|p2a: Piloswine
|
|-damage|p1a: Tiger Shot|222\/322 tox|[from] psn
|c|âOG_Wanka|ow
|c|âRubicon|#tiger
|
|switch|p2a: Mienshao|Mienshao, M|210\/272
|-damage|p2a: Mienshao|193\/272|[from] Stealth Rock
|turn|12
|
|move|p2a: Mienshao|U-turn|p1a: Tiger Shot
|-damage|p1a: Tiger Shot|126\/322 tox
|
|switch|p2a: Rotom-Heat|Rotom-Heat|266\/266
|-damage|p2a: Rotom-Heat|200\/266|[from] Stealth Rock
|move|p1a: Tiger Shot|Aura Sphere|p2a: Rotom-Heat
|-damage|p2a: Rotom-Heat|104\/266
|
|-heal|p2a: Rotom-Heat|120\/266|[from] item: Leftovers
|-damage|p1a: Tiger Shot|66\/322 tox|[from] psn
|turn|13
|c|âOG_Wanka|i too enjoy when ppl dont make normal plays
|
|move|p1a: Tiger Shot|Aura Sphere|p2a: Rotom-Heat
|-damage|p2a: Rotom-Heat|32\/266
|move|p2a: Rotom-Heat|Volt Switch|p1a: Tiger Shot
|-resisted|p1a: Tiger Shot
|-damage|p1a: Tiger Shot|9\/322 tox
|join|SpecsShao
|
|switch|p2a: Jirachi|Jirachi, shiny|299\/342
|-damage|p2a: Jirachi|278\/342|[from] Stealth Rock
|
|-heal|p2a: Jirachi|299\/342|[from] item: Leftovers
|-damage|p1a: Tiger Shot|0 fnt|[from] psn
|faint|p1a: Tiger Shot
|leave|SpecsShao
|
|switch|p1a: Boom lay boom|Sableye, M|304\/304
|-damage|p1a: Boom lay boom|266\/304|[from] Stealth Rock
|turn|14
|leave|Bob the Bro
|
|move|p1a: Boom lay boom|Will-O-Wisp|p2a: Jirachi|[miss]
|-miss|p1a: Boom lay boom|p2a: Jirachi
|move|p2a: Jirachi|Toxic|p1a: Boom lay boom
|-status|p1a: Boom lay boom|tox
|
|-heal|p2a: Jirachi|320\/342|[from] item: Leftovers
|-heal|p1a: Boom lay boom|285\/304 tox|[from] item: Leftovers
|-damage|p1a: Boom lay boom|266\/304 tox|[from] psn
|turn|15
|c|âRubicon|oh that's real nice
|
|switch|p2a: Rotom-Heat|Rotom-Heat|32\/266
|-damage|p2a: Rotom-Heat|0 fnt|[from] Stealth Rock
|faint|p2a: Rotom-Heat
|move|p1a: Boom lay boom|Will-O-Wisp|p2: Rotom-Heat|[notarget]
|-notarget
|
|-heal|p1a: Boom lay boom|285\/304 tox|[from] item: Leftovers
|-damage|p1a: Boom lay boom|247\/304 tox|[from] psn
|
|switch|p2a: Blastoise|Blastoise, F|331\/331
|-damage|p2a: Blastoise|290\/331|[from] Stealth Rock
|turn|16
|
|switch|p1a: Bo K.|Roserade, F|324\/324
|-damage|p1a: Bo K.|284\/324|[from] Stealth Rock
|detailschange|p2a: Blastoise|Blastoise-Mega, F
|message|Blastoise has Mega Evolved into Mega Blastoise!
|move|p2a: Blastoise|Water Pulse|p1a: Bo K.
|-resisted|p1a: Bo K.
|-damage|p1a: Bo K.|224\/324
|
|-heal|p1a: Bo K.|244\/324|[from] item: Black Sludge
|turn|17
|
|switch|p2a: Jirachi|Jirachi, shiny|320\/342
|-damage|p2a: Jirachi|299\/342|[from] Stealth Rock
|move|p1a: Bo K.|Spikes|p2a: Jirachi
|-sidestart|p2: OG_Wanka|Spikes
|
|-heal|p2a: Jirachi|320\/342|[from] item: Leftovers
|-heal|p1a: Bo K.|264\/324|[from] item: Black Sludge
|turn|18
|
|move|p2a: Jirachi|Iron Head|p1a: Bo K.
|-damage|p1a: Bo K.|84\/324
|cant|p1a: Bo K.|flinch
|
|-heal|p2a: Jirachi|341\/342|[from] item: Leftovers
|-heal|p1a: Bo K.|104\/324|[from] item: Black Sludge
|turn|19
|
|switch|p1a: Lonely Heart|Alomomola, M|534\/534
|-damage|p1a: Lonely Heart|468\/534|[from] Stealth Rock
|move|p2a: Jirachi|Body Slam|p1a: Lonely Heart
|-damage|p1a: Lonely Heart|395\/534
|-damage|p2a: Jirachi|284\/342|[from] item: Rocky Helmet|[of] p1a: Lonely Heart
|-status|p1a: Lonely Heart|par
|
|-heal|p2a: Jirachi|305\/342|[from] item: Leftovers
|turn|20
|
|switch|p2a: Blastoise|Blastoise-Mega, F|290\/331
|-damage|p2a: Blastoise|249\/331|[from] Stealth Rock
|-damage|p2a: Blastoise|208\/331|[from] Spikes
|switch|p1a: Boom lay boom|Sableye, M|247\/304 tox
|-damage|p1a: Boom lay boom|209\/304 tox|[from] Stealth Rock
|
|-heal|p1a: Boom lay boom|228\/304 tox|[from] item: Leftovers
|-damage|p1a: Boom lay boom|209\/304 tox|[from] psn
|turn|21
|
|switch|p1a: Bo K.|Roserade, F|104\/324
|-damage|p1a: Bo K.|64\/324|[from] Stealth Rock
|move|p2a: Blastoise|Water Pulse|p1a: Bo K.
|-resisted|p1a: Bo K.
|-damage|p1a: Bo K.|0 fnt
|faint|p1a: Bo K.
|
|
|switch|p1a: Aeroga|Aerodactyl-Mega, F|226\/301
|-damage|p1a: Aeroga|151\/301|[from] Stealth Rock
|turn|22
|
|switch|p2a: Jirachi|Jirachi, shiny|305\/342
|-damage|p2a: Jirachi|263\/342|[from] Spikes
|-damage|p2a: Jirachi|242\/342|[from] Stealth Rock
|move|p1a: Aeroga|Aerial Ace|p2a: Jirachi
|-resisted|p2a: Jirachi
|-damage|p2a: Jirachi|167\/342
|
|-heal|p2a: Jirachi|188\/342|[from] item: Leftovers
|turn|23
|
|move|p1a: Aeroga|Hone Claws|p1a: Aeroga
|-boost|p1a: Aeroga|atk|1
|-boost|p1a: Aeroga|accuracy|1
|move|p2a: Jirachi|Body Slam|p1a: Aeroga
|-crit|p1a: Aeroga
|-resisted|p1a: Aeroga
|-damage|p1a: Aeroga|76\/301
|-status|p1a: Aeroga|par
|
|-heal|p2a: Jirachi|209\/342|[from] item: Leftovers
|turn|24
|
|move|p2a: Jirachi|Iron Head|p1a: Aeroga
|-supereffective|p1a: Aeroga
|-damage|p1a: Aeroga|0 fnt
|faint|p1a: Aeroga
|
|-heal|p2a: Jirachi|230\/342|[from] item: Leftovers
|
|switch|p1a: Boom lay boom|Sableye, M|209\/304 tox
|-damage|p1a: Boom lay boom|171\/304 tox|[from] Stealth Rock
|turn|25
|
|move|p1a: Boom lay boom|Will-O-Wisp|p2a: Jirachi
|-status|p2a: Jirachi|brn
|move|p2a: Jirachi|Iron Head|p1a: Boom lay boom
|-damage|p1a: Boom lay boom|95\/304 tox
|
|-heal|p2a: Jirachi|251\/342 brn|[from] item: Leftovers
|-heal|p1a: Boom lay boom|114\/304 tox|[from] item: Leftovers
|-damage|p2a: Jirachi|209\/342 brn|[from] brn
|-damage|p1a: Boom lay boom|95\/304 tox|[from] psn
|turn|26
|
|move|p1a: Boom lay boom|Recover|p1a: Boom lay boom
|-heal|p1a: Boom lay boom|247\/304 tox
|move|p2a: Jirachi|Iron Head|p1a: Boom lay boom
|-damage|p1a: Boom lay boom|165\/304 tox
|
|-heal|p2a: Jirachi|230\/342 brn|[from] item: Leftovers
|-heal|p1a: Boom lay boom|184\/304 tox|[from] item: Leftovers
|-damage|p2a: Jirachi|188\/342 brn|[from] brn
|-damage|p1a: Boom lay boom|146\/304 tox|[from] psn
|turn|27
|
|switch|p2a: Blastoise|Blastoise-Mega, F|208\/331
|-damage|p2a: Blastoise|167\/331|[from] Spikes
|-damage|p2a: Blastoise|126\/331|[from] Stealth Rock
|switch|p1a: Lonely Heart|Alomomola, M|534\/534 par
|-damage|p1a: Lonely Heart|468\/534 par|[from] Stealth Rock
|
|turn|28
|
|switch|p1a: Boom lay boom|Sableye, M|146\/304 tox
|-damage|p1a: Boom lay boom|108\/304 tox|[from] Stealth Rock
|move|p2a: Blastoise|Dragon Pulse|p1a: Boom lay boom
|-damage|p1a: Boom lay boom|0 fnt
|faint|p1a: Boom lay boom
|
|
|switch|p1a: Centurion|Cobalion|314\/324
|-damage|p1a: Centurion|304\/324|[from] Stealth Rock
|turn|29
|
|switch|p2a: Jirachi|Jirachi, shiny|188\/342 brn
|-damage|p2a: Jirachi|167\/342 brn|[from] Stealth Rock
|-damage|p2a: Jirachi|125\/342 brn|[from] Spikes
|move|p1a: Centurion|Close Combat|p2a: Jirachi
|-damage|p2a: Jirachi|0 fnt
|-unboost|p1a: Centurion|def|1
|-unboost|p1a: Centurion|spd|1
|faint|p2a: Jirachi
|
|
|switch|p2a: Mienshao|Mienshao, M|193\/272
|-damage|p2a: Mienshao|159\/272|[from] Spikes
|-damage|p2a: Mienshao|142\/272|[from] Stealth Rock
|turn|30
|
|switch|p1a: Lonely Heart|Alomomola, M|534\/534 par
|-damage|p1a: Lonely Heart|468\/534 par|[from] Stealth Rock
|move|p2a: Mienshao|High Jump Kick|p1a: Lonely Heart
|-damage|p1a: Lonely Heart|234\/534 par
|-damage|p2a: Mienshao|97\/272|[from] item: Rocky Helmet|[of] p1a: Lonely Heart
|
|turn|31
|
|switch|p2a: Blastoise|Blastoise-Mega, F|126\/331
|-damage|p2a: Blastoise|85\/331|[from] Spikes
|-damage|p2a: Blastoise|44\/331|[from] Stealth Rock
|cant|p1a: Lonely Heart|par
|
|turn|32
|
|move|p2a: Blastoise|Dragon Pulse|p1a: Lonely Heart
|-damage|p1a: Lonely Heart|0 fnt
|faint|p1a: Lonely Heart
|
|
|switch|p1a: Centurion|Cobalion|304\/324
|-damage|p1a: Centurion|294\/324|[from] Stealth Rock
|turn|33
|
|move|p1a: Centurion|Close Combat|p2a: Blastoise
|-damage|p2a: Blastoise|0 fnt
|-unboost|p1a: Centurion|def|1
|-unboost|p1a: Centurion|spd|1
|faint|p2a: Blastoise
|
|c|âOG_Wanka|inb4 high jump miss
|
|switch|p2a: Mienshao|Mienshao, M|97\/272
|-damage|p2a: Mienshao|63\/272|[from] Spikes
|-damage|p2a: Mienshao|46\/272|[from] Stealth Rock
|turn|34
|
|move|p1a: Centurion|Quick Attack|p2a: Mienshao
|-damage|p2a: Mienshao|0 fnt
|faint|p2a: Mienshao
|
|win|Rubicon
|c|âOG_Wanka|lel
|c|âOG_Wanka|gg
|c|âRubicon|good game
|c|âOG_Wanka|bg
|leave|OG_Wanka
|player|p2