|join|Rubicon
|join|ewbaite
|player|p1|Rubicon|129
|player|p2|ewbaite|110
|gametype|singles
|gen|6
|tier|UU
|rated
|rule|Sleep Clause Mod: Limit one foe put to sleep
|rule|Species Clause: Limit one of each PokÃ©mon
|rule|OHKO Clause: OHKO moves are banned
|rule|Moody Clause: Moody is banned
|rule|Evasion Moves Clause: Evasion moves are banned
|rule|Endless Battle Clause: Forcing endless battles is banned
|rule|HP Percentage Mod: HP is shown in percentages
|clearpoke
|poke|p1|Diancie
|poke|p1|Porygon2
|poke|p1|Ampharos, F
|poke|p1|Froslass, F
|poke|p1|Cacturne, M
|poke|p1|Darmanitan, M
|poke|p2|Nidoqueen, F
|poke|p2|Infernape, M
|poke|p2|Hydreigon, F
|poke|p2|Abomasnow, F
|poke|p2|Jirachi
|poke|p2|Starmie
|rule|Swagger Clause: Swagger is banned
|rule|Baton Pass Clause: Limit one PokÃ©mon knowing Baton Pass
|teampreview
|c|âRubicon|aw hail no
|c|âewbaite|groan
|
|start
|switch|p1a: Expand Dong|Darmanitan, M|351\/351
|switch|p2a: Abomasnow|Abomasnow, F|383\/383
|turn|1
|c|âRubicon|sorry
|
|switch|p2a: Starmie|Starmie|324\/324
|move|p1a: Expand Dong|Flare Blitz|p2a: Starmie
|-resisted|p2a: Starmie
|-damage|p2a: Starmie|159\/324
|-damage|p1a: Expand Dong|297\/351|[from] recoil|[of] p2a: Starmie
|
|-heal|p2a: Starmie|179\/324|[from] item: Leftovers
|turn|2
|
|switch|p1a: duck.exe|Porygon2|374\/374
|-boost|p1a: duck.exe|spa|1|[from] ability: Download
|move|p2a: Starmie|Recover|p2a: Starmie
|-heal|p2a: Starmie|324\/324
|
|turn|3
|
|switch|p2a: Jirachi|Jirachi|341\/341
|move|p1a: duck.exe|Trick Room|p1a: duck.exe
|-fieldstart|move: Trick Room|[of] p1a: duck.exe
|
|turn|4
|
|switch|p1a: Alexandria|Ampharos, F|384\/384
|move|p2a: Jirachi|Toxic|p1a: Alexandria
|-status|p1a: Alexandria|tox
|
|-damage|p1a: Alexandria|360\/384 tox|[from] psn
|turn|5
|
|switch|p2a: Nidoqueen|Nidoqueen, F|351\/351
|detailschange|p1a: Alexandria|Ampharos-Mega, F
|message|Ampharos has Mega Evolved into Mega Ampharos!
|-ability|p1a: Alexandria|Mold Breaker
|move|p1a: Alexandria|Thunderbolt|p2a: Nidoqueen
|-immune|p2a: Nidoqueen|[msg]
|
|-damage|p1a: Alexandria|312\/384 tox|[from] psn
|turn|6
|
|switch|p1a: duck.exe|Porygon2|374\/374
|-boost|p1a: duck.exe|spa|1|[from] ability: Download
|switch|p2a: Jirachi|Jirachi|341\/341
|
|turn|7
|
|move|p1a: duck.exe|Tri Attack|p2a: Jirachi
|-resisted|p2a: Jirachi
|-damage|p2a: Jirachi|246\/341
|move|p2a: Jirachi|Toxic|p1a: duck.exe
|-status|p1a: duck.exe|tox
|
|-heal|p2a: Jirachi|267\/341|[from] item: Leftovers
|-damage|p1a: duck.exe|351\/374 tox|[from] psn
|-fieldend|move: Trick Room
|turn|8
|
|move|p2a: Jirachi|Substitute|p2a: Jirachi
|-start|p2a: Jirachi|Substitute
|-damage|p2a: Jirachi|182\/341
|move|p1a: duck.exe|Trick Room|p1a: duck.exe
|-fieldstart|move: Trick Room|[of] p1a: duck.exe
|
|-heal|p2a: Jirachi|203\/341|[from] item: Leftovers
|-damage|p1a: duck.exe|305\/374 tox|[from] psn
|turn|9
|
|switch|p1a: Alexandria|Ampharos-Mega, F|312\/384 tox
|-ability|p1a: Alexandria|Mold Breaker
|move|p2a: Jirachi|Iron Head|p1a: Alexandria
|-resisted|p1a: Alexandria
|-damage|p1a: Alexandria|259\/384 tox
|
|-heal|p2a: Jirachi|224\/341|[from] item: Leftovers
|-damage|p1a: Alexandria|235\/384 tox|[from] psn
|turn|10
|
|move|p1a: Alexandria|Thunderbolt|p2a: Jirachi
|-end|p2a: Jirachi|Substitute
|move|p2a: Jirachi|Iron Head|p1a: Alexandria
|-resisted|p1a: Alexandria
|-damage|p1a: Alexandria|181\/384 tox
|
|-heal|p2a: Jirachi|245\/341|[from] item: Leftovers
|-damage|p1a: Alexandria|133\/384 tox|[from] psn
|turn|11
|
|move|p1a: Alexandria|Dragon Pulse|p2a: Jirachi
|-resisted|p2a: Jirachi
|-damage|p2a: Jirachi|137\/341
|move|p2a: Jirachi|Iron Head|p1a: Alexandria
|-resisted|p1a: Alexandria
|-damage|p1a: Alexandria|73\/384 tox
|
|-heal|p2a: Jirachi|158\/341|[from] item: Leftovers
|-damage|p1a: Alexandria|1\/384 tox|[from] psn
|turn|12
|
|move|p1a: Alexandria|Volt Switch|p2a: Jirachi
|-damage|p2a: Jirachi|0 fnt
|faint|p2a: Jirachi
|
|switch|p1a: duck.exe|Porygon2|305\/374 tox
|
|-damage|p1a: duck.exe|282\/374 tox|[from] psn
|-fieldend|move: Trick Room
|
|switch|p2a: Infernape|Infernape, M|293\/293
|turn|13
|
|switch|p1a: Nora|Froslass, F|282\/282
|move|p2a: Infernape|Fire Blast|p1a: Nora
|-supereffective|p1a: Nora
|-enditem|p1a: Nora|Focus Sash
|-damage|p1a: Nora|1\/282
|-damage|p2a: Infernape|264\/293|[from] item: Life Orb
|
|turn|14
|
|switch|p2a: Abomasnow|Abomasnow, F|383\/383
|move|p1a: Nora|Destiny Bond|p1a: Nora
|-singlemove|p1a: Nora|Destiny Bond
|
|turn|15
|
|detailschange|p2a: Abomasnow|Abomasnow-Mega, F
|message|Abomasnow has Mega Evolved into Mega Abomasnow!
|-weather|Hail
|move|p1a: Nora|Spikes|p2a: Abomasnow
|-sidestart|p2: ewbaite|Spikes
|move|p2a: Abomasnow|Earthquake|p1a: Nora
|-damage|p1a: Nora|0 fnt
|faint|p1a: Nora
|
|-weather|Hail|[upkeep]
|
|switch|p1a: Expand Dong|Darmanitan, M|297\/351
|turn|16
|
|switch|p2a: Starmie|Starmie|324\/324
|-damage|p2a: Starmie|284\/324|[from] Spikes
|move|p1a: Expand Dong|Flare Blitz|p2a: Starmie
|-resisted|p2a: Starmie
|-damage|p2a: Starmie|122\/324
|-damage|p1a: Expand Dong|244\/351|[from] recoil|[of] p2a: Starmie
|
|-weather|Hail|[upkeep]
|-damage|p1a: Expand Dong|223\/351|[from] hail
|-damage|p2a: Starmie|102\/324|[from] hail
|-heal|p2a: Starmie|122\/324|[from] item: Leftovers
|turn|17
|
|move|p1a: Expand Dong|Flare Blitz|p2a: Starmie
|-resisted|p2a: Starmie
|-damage|p2a: Starmie|0 fnt
|-damage|p1a: Expand Dong|183\/351|[from] recoil|[of] p2a: Starmie
|faint|p2a: Starmie
|
|-weather|Hail|[upkeep]
|-damage|p1a: Expand Dong|162\/351|[from] hail
|
|switch|p2a: Hydreigon|Hydreigon, F|325\/325
|turn|18
|
|switch|p1a: Lucy in the Sky|Diancie|304\/304
|move|p2a: Hydreigon|U-turn|p1a: Lucy in the Sky
|-resisted|p1a: Lucy in the Sky
|-damage|p1a: Lucy in the Sky|287\/304
|
|switch|p2a: Nidoqueen|Nidoqueen, F|351\/351
|-damage|p2a: Nidoqueen|308\/351|[from] Spikes
|
|-weather|Hail|[upkeep]
|-damage|p2a: Nidoqueen|287\/351|[from] hail
|-damage|p1a: Lucy in the Sky|268\/304|[from] hail
|-heal|p1a: Lucy in the Sky|287\/304|[from] item: Leftovers
|turn|19
|
|move|p2a: Nidoqueen|Stealth Rock|p1a: Lucy in the Sky
|-sidestart|p1: Rubicon|move: Stealth Rock
|move|p1a: Lucy in the Sky|Trick Room|p1a: Lucy in the Sky
|-fieldstart|move: Trick Room|[of] p1a: Lucy in the Sky
|
|-weather|none
|-heal|p1a: Lucy in the Sky|304\/304|[from] item: Leftovers
|turn|20
|
|move|p1a: Lucy in the Sky|Gyro Ball|p2a: Nidoqueen
|-damage|p2a: Nidoqueen|210\/351
|move|p2a: Nidoqueen|Sludge Wave|p1a: Lucy in the Sky
|-damage|p1a: Lucy in the Sky|140\/304
|
|-heal|p1a: Lucy in the Sky|159\/304|[from] item: Leftovers
|turn|21
|
|switch|p1a: duck.exe|Porygon2|282\/374 tox
|-damage|p1a: duck.exe|236\/374 tox|[from] Stealth Rock
|-boost|p1a: duck.exe|spa|1|[from] ability: Download
|move|p2a: Nidoqueen|Sludge Wave|p1a: duck.exe
|-damage|p1a: duck.exe|94\/374 tox
|
|-damage|p1a: duck.exe|71\/374 tox|[from] psn
|turn|22
|
|move|p1a: duck.exe|Ice Beam|p2a: Nidoqueen
|-supereffective|p2a: Nidoqueen
|-damage|p2a: Nidoqueen|0 fnt
|faint|p2a: Nidoqueen
|
|-damage|p1a: duck.exe|25\/374 tox|[from] psn
|
|switch|p2a: Abomasnow|Abomasnow-Mega, F|383\/383
|-damage|p2a: Abomasnow|336\/383|[from] Spikes
|-weather|Hail
|turn|23
|
|move|p2a: Abomasnow|Swords Dance|p2a: Abomasnow
|-boost|p2a: Abomasnow|atk|2
|move|p1a: duck.exe|Recover|p1a: duck.exe
|-heal|p1a: duck.exe|212\/374 tox
|
|-weather|Hail|[upkeep]
|-damage|p1a: duck.exe|189\/374 tox|[from] hail
|-damage|p1a: duck.exe|120\/374 tox|[from] psn
|-fieldend|move: Trick Room
|turn|24
|
|move|p1a: duck.exe|Tri Attack|p2a: Abomasnow
|-crit|p2a: Abomasnow
|-damage|p2a: Abomasnow|21\/383
|move|p2a: Abomasnow|Earthquake|p1a: duck.exe
|-damage|p1a: duck.exe|0 fnt
|faint|p1a: duck.exe
|
|-weather|Hail|[upkeep]
|
|switch|p1a: Dr. Crane|Cacturne, M|281\/281
|-damage|p1a: Dr. Crane|246\/281|[from] Stealth Rock
|turn|25
|
|move|p1a: Dr. Crane|Sucker Punch|p2a: Abomasnow
|-crit|p2a: Abomasnow
|-damage|p2a: Abomasnow|0 fnt
|-damage|p1a: Dr. Crane|218\/281|[from] item: Life Orb
|faint|p2a: Abomasnow
|
|-weather|Hail|[upkeep]
|-damage|p1a: Dr. Crane|201\/281|[from] hail
|
|switch|p2a: Infernape|Infernape, M|264\/293
|-damage|p2a: Infernape|228\/293|[from] Spikes
|turn|26
|
|move|p1a: Dr. Crane|Sucker Punch|p2a: Infernape
|-resisted|p2a: Infernape
|-damage|p2a: Infernape|99\/293
|-damage|p1a: Dr. Crane|173\/281|[from] item: Life Orb
|move|p2a: Infernape|Fire Blast|p1a: Dr. Crane
|-supereffective|p1a: Dr. Crane
|-damage|p1a: Dr. Crane|0 fnt
|-damage|p2a: Infernape|70\/293|[from] item: Life Orb
|faint|p1a: Dr. Crane
|
|-weather|Hail|[upkeep]
|-damage|p2a: Infernape|52\/293|[from] hail
|
|switch|p1a: Expand Dong|Darmanitan, M|162\/351
|-damage|p1a: Expand Dong|75\/351|[from] Stealth Rock
|turn|27
|
|move|p2a: Infernape|Vacuum Wave|p1a: Expand Dong
|-damage|p1a: Expand Dong|0 fnt
|-damage|p2a: Infernape|23\/293|[from] item: Life Orb
|faint|p1a: Expand Dong
|
|-weather|none
|
|switch|p1a: Lucy in the Sky|Diancie|159\/304
|-damage|p1a: Lucy in the Sky|121\/304|[from] Stealth Rock
|turn|28
|
|move|p2a: Infernape|Grass Knot|p1a: Lucy in the Sky
|-supereffective|p1a: Lucy in the Sky
|-damage|p1a: Lucy in the Sky|85\/304
|-damage|p2a: Infernape|0 fnt|[from] item: Life Orb
|faint|p2a: Infernape
|move|p1a: Lucy in the Sky|Trick Room|p1a: Lucy in the Sky
|-fieldstart|move: Trick Room|[of] p1a: Lucy in the Sky
|
|-heal|p1a: Lucy in the Sky|104\/304|[from] item: Leftovers
|
|switch|p2a: Hydreigon|Hydreigon, F|325\/325
|turn|29
|
|move|p1a: Lucy in the Sky|Moonblast|p2a: Hydreigon
|-supereffective|p2a: Hydreigon
|-damage|p2a: Hydreigon|0 fnt
|faint|p2a: Hydreigon
|
|win|Rubicon
|raw|Ladder updating...
|raw|Rubicon's rating: 1473 &rarr; <strong>1498<\/strong><br \/>(+25 for winning)
|raw|ewbaite's rating: 1569 &rarr; <strong>1544<\/strong><br \/>(-25 for losing)
|c|âewbaite|gg
|c|âRubicon|whoo, close game
|leave|ewbaite
|player|p2