|join|xMarth
|join|Rubicon
|player|p1|xMarth|153
|player|p2|Rubicon|129
|gametype|singles
|gen|6
|tier|UU
|rule|Sleep Clause Mod: Limit one foe put to sleep
|rule|Species Clause: Limit one of each PokÃ©mon
|rule|OHKO Clause: OHKO moves are banned
|rule|Moody Clause: Moody is banned
|rule|Evasion Moves Clause: Evasion moves are banned
|rule|Endless Battle Clause: Forcing endless battles is banned
|rule|HP Percentage Mod: HP is shown in percentages
|clearpoke
|poke|p1|Froslass, F
|poke|p1|Sableye, F
|poke|p1|Lucario, F, shiny
|poke|p1|Swampert, M
|poke|p1|Shaymin
|poke|p1|Aerodactyl, M
|poke|p2|Alomomola, F
|poke|p2|Drapion, M
|poke|p2|Cacturne, M
|poke|p2|Entei, shiny
|poke|p2|Togetic, F
|poke|p2|Alakazam, M
|rule|Swagger Clause: Swagger is banned
|rule|Baton Pass Clause: Limit one PokÃ©mon knowing Baton Pass
|teampreview
|join|LessThanThreeMan
|join|Mighty Dagon
|
|start
|switch|p1a: Froslass|Froslass, F|281\/281
|switch|p2a: Sting'Zorga|Drapion, M|343\/343
|turn|1
|
|move|p1a: Froslass|Spikes|p2a: Sting'Zorga
|-sidestart|p2: Rubicon|Spikes
|move|p2a: Sting'Zorga|Taunt|p1a: Froslass
|-start|p1a: Froslass|move: Taunt
|
|turn|2
|
|switch|p1a: Aerodactyl|Aerodactyl, M|331\/331
|-ability|p1a: Aerodactyl|Pressure
|move|p2a: Sting'Zorga|Toxic Spikes|p1a: Aerodactyl
|-sidestart|p1: xMarth|move: Toxic Spikes
|
|turn|3
|
|switch|p2a: Lonely Heart|Alomomola, F|497\/497
|-damage|p2a: Lonely Heart|435\/497|[from] Spikes
|detailschange|p1a: Aerodactyl|Aerodactyl-Mega, M
|message|Aerodactyl has Mega Evolved into Mega Aerodactyl!
|move|p1a: Aerodactyl|Taunt|p2a: Lonely Heart
|-start|p2a: Lonely Heart|move: Taunt
|
|turn|4
|
|switch|p1a: Froslass|Froslass, F|281\/281
|-status|p1a: Froslass|psn
|move|p2a: Lonely Heart|Waterfall|p1a: Froslass
|-damage|p1a: Froslass|185\/281 psn
|
|-damage|p1a: Froslass|150\/281 psn|[from] psn
|turn|5
|
|move|p1a: Froslass|Spikes|p2a: Lonely Heart
|-sidestart|p2: Rubicon|Spikes
|move|p2a: Lonely Heart|Waterfall|p1a: Froslass
|-damage|p1a: Froslass|57\/281 psn
|
|-damage|p1a: Froslass|22\/281 psn|[from] psn
|turn|6
|join|Jessilina
|join|LT2A Starmaster
|
|switch|p2a: Paragon|Togetic, F|313\/313
|move|p1a: Froslass|Spikes|p2a: Paragon
|-sidestart|p2: Rubicon|Spikes
|
|-damage|p1a: Froslass|0 fnt|[from] psn
|faint|p1a: Froslass
|join|HeyI'mnice
|
|switch|p1a: Aerodactyl|Aerodactyl-Mega, M|331\/331
|turn|7
|
|move|p1a: Aerodactyl|Taunt|p2a: Paragon
|-start|p2a: Paragon|move: Taunt
|cant|p2a: Paragon|move: Taunt|Defog
|
|turn|8
|
|switch|p2a: Lonely Heart|Alomomola, F|497\/497
|-damage|p2a: Lonely Heart|373\/497|[from] Spikes
|move|p1a: Aerodactyl|Stone Edge|p2a: Lonely Heart
|-crit|p2a: Lonely Heart
|-damage|p2a: Lonely Heart|127\/497
|
|turn|9
|c|âRubicon|agh
|
|move|p2a: Lonely Heart|Protect|p2a: Lonely Heart
|-singleturn|p2a: Lonely Heart|Protect
|move|p1a: Aerodactyl|Stone Edge|p2a: Lonely Heart
|-activate|p2a: Lonely Heart|Protect
|
|turn|10
|
|switch|p2a: Sting'Zorga|Drapion, M|343\/343
|-damage|p2a: Sting'Zorga|258\/343|[from] Spikes
|move|p1a: Aerodactyl|Stone Edge|p2a: Sting'Zorga
|-damage|p2a: Sting'Zorga|96\/343
|
|-heal|p2a: Sting'Zorga|117\/343|[from] item: Black Sludge
|turn|11
|
|move|p1a: Aerodactyl|Earthquake|p2a: Sting'Zorga
|-supereffective|p2a: Sting'Zorga
|-damage|p2a: Sting'Zorga|0 fnt
|faint|p2a: Sting'Zorga
|
|join|Hall Matron Jess
|join|BurstStream
|
|switch|p2a: Lonely Heart|Alomomola, F|292\/497
|-damage|p2a: Lonely Heart|168\/497|[from] Spikes
|turn|12
|
|move|p1a: Aerodactyl|Stone Edge|p2a: Lonely Heart
|-damage|p2a: Lonely Heart|24\/497
|move|p2a: Lonely Heart|Waterfall|p1a: Aerodactyl
|-supereffective|p1a: Aerodactyl
|-damage|p1a: Aerodactyl|155\/331
|
|turn|13
|join|Nysyr
|
|move|p2a: Lonely Heart|Protect|p2a: Lonely Heart
|-singleturn|p2a: Lonely Heart|Protect
|move|p1a: Aerodactyl|Pursuit|p2a: Lonely Heart
|-activate|p2a: Lonely Heart|Protect
|
|turn|14
|
|move|p1a: Aerodactyl|Pursuit|p2a: Lonely Heart|[from]Pursuit
|-damage|p2a: Lonely Heart|0 fnt
|-damage|p1a: Aerodactyl|100\/331|[from] item: Rocky Helmet|[of] p2a: Lonely Heart
|faint|p2a: Lonely Heart
|
|
|switch|p2a: Cereal killer|Alakazam, M|252\/252
|turn|15
|
|move|p1a: Aerodactyl|Pursuit|p2a: Cereal killer
|-supereffective|p2a: Cereal killer
|-damage|p2a: Cereal killer|20\/252
|move|p2a: Cereal killer|Charge Beam|p1a: Aerodactyl
|-supereffective|p1a: Aerodactyl
|-damage|p1a: Aerodactyl|0 fnt
|-boost|p2a: Cereal killer|spa|1
|faint|p1a: Aerodactyl
|
|c| LT2A Starmaster|strong plays
|c| LT2A Starmaster|lol
|
|switch|p1a: Lucario|Lucario, F, shiny|281\/281
|turn|16
|
|switch|p2a: Paragon|Togetic, F|313\/313
|move|p1a: Lucario|Extreme Speed|p2a: Paragon
|-damage|p2a: Paragon|229\/313
|-damage|p1a: Lucario|253\/281|[from] item: Life Orb
|
|turn|17
|
|move|p1a: Lucario|Swords Dance|p1a: Lucario
|-boost|p1a: Lucario|atk|2
|move|p2a: Paragon|Defog|p1a: Lucario
|-unboost|p1a: Lucario|evasion|1
|-sideend|p1: xMarth|Toxic Spikes|[from] move: Defog|[of] p1a: Lucario
|-sideend|p2: Rubicon|Spikes|[from] move: Defog|[of] p2a: Paragon
|
|turn|18
|
|move|p1a: Lucario|Swords Dance|p1a: Lucario
|-boost|p1a: Lucario|atk|2
|move|p2a: Paragon|Psychic|p1a: Lucario
|-damage|p1a: Lucario|179\/281
|
|turn|19
|
|move|p1a: Lucario|Bullet Punch|p2a: Paragon
|-supereffective|p2a: Paragon
|-damage|p2a: Paragon|0 fnt
|-damage|p1a: Lucario|151\/281|[from] item: Life Orb
|faint|p2a: Paragon
|
|
|switch|p2a: ARGRARJGHH|Entei, shiny|371\/371
|-ability|p2a: ARGRARJGHH|Pressure
|turn|20
|join|vaiw
|
|move|p2a: ARGRARJGHH|Extreme Speed|p1a: Lucario
|-resisted|p1a: Lucario
|-damage|p1a: Lucario|55\/281
|move|p1a: Lucario|Extreme Speed|p2a: ARGRARJGHH
|-damage|p2a: ARGRARJGHH|0 fnt
|-damage|p1a: Lucario|27\/281|[from] item: Life Orb
|faint|p2a: ARGRARJGHH
|
|join|Mazz
|
|switch|p2a: Cereal killer|Alakazam, M|20\/252
|turn|21
|leave|Mazz
|
|move|p1a: Lucario|Extreme Speed|p2a: Cereal killer
|-damage|p2a: Cereal killer|0 fnt
|-damage|p1a: Lucario|0 fnt|[from] item: Life Orb
|faint|p2a: Cereal killer
|faint|p1a: Lucario
|
|leave|vaiw
|
|switch|p2a: Dr. Crane|Cacturne, M|281\/281
|switch|p1a: Sableye|Sableye, F|299\/299
|turn|22
|
|move|p1a: Sableye|Will-O-Wisp|p2a: Dr. Crane
|-status|p2a: Dr. Crane|brn
|move|p2a: Dr. Crane|Swords Dance|p2a: Dr. Crane
|-boost|p2a: Dr. Crane|atk|2
|
|-damage|p2a: Dr. Crane|246\/281 brn|[from] brn
|turn|23
|
|move|p1a: Sableye|Taunt|p2a: Dr. Crane
|-start|p2a: Dr. Crane|move: Taunt
|cant|p2a: Dr. Crane|move: Taunt|Swords Dance
|
|-damage|p2a: Dr. Crane|211\/281 brn|[from] brn
|turn|24
|
|move|p2a: Dr. Crane|Seed Bomb|p1a: Sableye
|-damage|p1a: Sableye|64\/299
|-damage|p2a: Dr. Crane|183\/281 brn|[from] item: Life Orb
|move|p1a: Sableye|Knock Off|p2a: Dr. Crane
|-resisted|p2a: Dr. Crane
|-damage|p2a: Dr. Crane|109\/281 brn
|-enditem|p2a: Dr. Crane|Life Orb|[from] move: Knock Off|[of] p1a: Sableye
|
|-heal|p1a: Sableye|82\/299|[from] item: Leftovers
|-damage|p2a: Dr. Crane|74\/281 brn|[from] brn
|turn|25
|
|move|p1a: Sableye|Recover|p1a: Sableye
|-heal|p1a: Sableye|232\/299
|move|p2a: Dr. Crane|Seed Bomb|p1a: Sableye
|-damage|p1a: Sableye|61\/299
|
|-heal|p1a: Sableye|79\/299|[from] item: Leftovers
|-damage|p2a: Dr. Crane|39\/281 brn|[from] brn
|-end|p2a: Dr. Crane|move: Taunt
|turn|26
|
|move|p1a: Sableye|Taunt|p2a: Dr. Crane
|-start|p2a: Dr. Crane|move: Taunt
|move|p2a: Dr. Crane|Seed Bomb|p1a: Sableye
|-damage|p1a: Sableye|0 fnt
|faint|p1a: Sableye
|
|-damage|p2a: Dr. Crane|4\/281 brn|[from] brn
|
|switch|p1a: Shaymin|Shaymin|341\/341
|turn|27
|
|move|p2a: Dr. Crane|Sucker Punch|p1a: Shaymin
|-damage|p1a: Shaymin|199\/341
|move|p1a: Shaymin|Earth Power|p2a: Dr. Crane
|-resisted|p2a: Dr. Crane
|-damage|p2a: Dr. Crane|0 fnt
|faint|p2a: Dr. Crane
|
|win|xMarth
|leave|LessThanThreeMan
|leave|xMarth
|player|p1
|leave|Hall Matron Jess
|leave|Rubicon
|player|p2
|leave|Nysyr