|join|Rubicon
|join|RyJu
|player|p1|Rubicon|129
|player|p2|RyJu|99
|gametype|singles
|gen|6
|tier|UU
|rated
|rule|Sleep Clause Mod: Limit one foe put to sleep
|rule|Species Clause: Limit one of each PokÃ©mon
|rule|OHKO Clause: OHKO moves are banned
|rule|Moody Clause: Moody is banned
|rule|Evasion Moves Clause: Evasion moves are banned
|rule|Endless Battle Clause: Forcing endless battles is banned
|rule|HP Percentage Mod: HP is shown in percentages
|clearpoke
|poke|p1|Diancie
|poke|p1|Porygon2
|poke|p1|Ampharos, F
|poke|p1|Froslass, F
|poke|p1|Cacturne, M
|poke|p1|Darmanitan, M
|poke|p2|Absol, M, shiny
|poke|p2|Honchkrow, M
|poke|p2|Darmanitan, F
|poke|p2|Forretress, M
|poke|p2|Starmie
|poke|p2|Flygon, F
|rule|Swagger Clause: Swagger is banned
|rule|Baton Pass Clause: Limit one PokÃ©mon knowing Baton Pass
|teampreview
|
|start
|switch|p1a: Nora|Froslass, F|282\/282
|switch|p2a: Flygon|Flygon, F|364\/364
|turn|1
|
|switch|p2a: Forretress|Forretress, M|354\/354
|move|p1a: Nora|Ice Beam|p2a: Forretress
|-resisted|p2a: Forretress
|-damage|p2a: Forretress|260\/354
|
|turn|2
|
|move|p1a: Nora|Taunt|p2a: Forretress
|-start|p2a: Forretress|move: Taunt
|cant|p2a: Forretress|move: Taunt|Stealth Rock
|
|turn|3
|
|switch|p1a: Expand Dong|Darmanitan, M|351\/351
|move|p2a: Forretress|Volt Switch|p1a: Expand Dong
|-damage|p1a: Expand Dong|293\/351
|
|switch|p2a: Flygon|Flygon, F|364\/364
|
|turn|4
|
|switch|p1a: duck.exe|Porygon2|374\/374
|-boost|p1a: duck.exe|atk|1|[from] ability: Download
|move|p2a: Flygon|U-turn|p1a: duck.exe
|-damage|p1a: duck.exe|331\/374
|
|switch|p2a: Forretress|Forretress, M|260\/354
|
|turn|5
|
|move|p2a: Forretress|Toxic|p1a: duck.exe
|-status|p1a: duck.exe|tox
|move|p1a: duck.exe|Trick Room|p1a: duck.exe
|-fieldstart|move: Trick Room|[of] p1a: duck.exe
|
|-damage|p1a: duck.exe|308\/374 tox|[from] psn
|turn|6
|
|switch|p1a: Alexandria|Ampharos, F|384\/384
|move|p2a: Forretress|Stealth Rock|p1a: Alexandria
|-sidestart|p1: Rubicon|move: Stealth Rock
|
|turn|7
|
|detailschange|p1a: Alexandria|Ampharos-Mega, F
|message|Ampharos has Mega Evolved into Mega Ampharos!
|-ability|p1a: Alexandria|Mold Breaker
|move|p2a: Forretress|Toxic|p1a: Alexandria
|-status|p1a: Alexandria|tox
|move|p1a: Alexandria|Thunderbolt|p2a: Forretress
|-damage|p2a: Forretress|0 fnt
|faint|p2a: Forretress
|
|-damage|p1a: Alexandria|360\/384 tox|[from] psn
|
|switch|p2a: Honchkrow|Honchkrow, M|341\/341
|turn|8
|
|move|p2a: Honchkrow|Sucker Punch|p1a: Alexandria
|-damage|p1a: Alexandria|172\/384 tox
|-damage|p2a: Honchkrow|307\/341|[from] item: Life Orb
|move|p1a: Alexandria|Thunderbolt|p2a: Honchkrow
|-supereffective|p2a: Honchkrow
|-damage|p2a: Honchkrow|0 fnt
|faint|p2a: Honchkrow
|
|-damage|p1a: Alexandria|124\/384 tox|[from] psn
|
|switch|p2a: Lucky|Absol, M, shiny|271\/271
|turn|9
|
|switch|p1a: Lucy in the Sky|Diancie|304\/304
|-damage|p1a: Lucy in the Sky|266\/304|[from] Stealth Rock
|detailschange|p2a: Lucky|Absol-Mega, M, shiny
|message|Absol has Mega Evolved into Mega Absol!
|move|p2a: Lucky|Sucker Punch|p1a: Lucy in the Sky
|-fail|p1a: Lucy in the Sky
|
|-heal|p1a: Lucy in the Sky|285\/304|[from] item: Leftovers
|-fieldend|move: Trick Room
|turn|10
|
|switch|p2a: Flygon|Flygon, F|364\/364
|move|p1a: Lucy in the Sky|Trick Room|p1a: Lucy in the Sky
|-fieldstart|move: Trick Room|[of] p1a: Lucy in the Sky
|
|-heal|p1a: Lucy in the Sky|304\/304|[from] item: Leftovers
|turn|11
|
|move|p1a: Lucy in the Sky|Moonblast|p2a: Flygon
|-supereffective|p2a: Flygon
|-damage|p2a: Flygon|188\/364
|move|p2a: Flygon|Earthquake|p1a: Lucy in the Sky
|-supereffective|p1a: Lucy in the Sky
|-damage|p1a: Lucy in the Sky|152\/304
|
|-heal|p1a: Lucy in the Sky|171\/304|[from] item: Leftovers
|-heal|p2a: Flygon|210\/364|[from] item: Leftovers
|turn|12
|
|switch|p1a: Dr. Crane|Cacturne, M|281\/281
|-damage|p1a: Dr. Crane|246\/281|[from] Stealth Rock
|move|p2a: Flygon|Roost|p2a: Flygon
|-heal|p2a: Flygon|364\/364
|
|turn|13
|
|move|p1a: Dr. Crane|Swords Dance|p1a: Dr. Crane
|-boost|p1a: Dr. Crane|atk|2
|move|p2a: Flygon|U-turn|p1a: Dr. Crane
|-supereffective|p1a: Dr. Crane
|-damage|p1a: Dr. Crane|0 fnt
|faint|p1a: Dr. Crane
|c|âRubicon|dumb me
|
|switch|p2a: Lucky|Absol-Mega, M, shiny|271\/271
|
|
|switch|p1a: Lucy in the Sky|Diancie|171\/304
|-damage|p1a: Lucy in the Sky|133\/304|[from] Stealth Rock
|turn|14
|
|switch|p2a: Flygon|Flygon, F|364\/364
|move|p1a: Lucy in the Sky|Diamond Storm|p2a: Flygon
|-resisted|p2a: Flygon
|-damage|p2a: Flygon|258\/364
|
|-heal|p1a: Lucy in the Sky|152\/304|[from] item: Leftovers
|-heal|p2a: Flygon|280\/364|[from] item: Leftovers
|-fieldend|move: Trick Room
|turn|15
|
|move|p2a: Flygon|Toxic|p1a: Lucy in the Sky
|-status|p1a: Lucy in the Sky|tox
|move|p1a: Lucy in the Sky|Trick Room|p1a: Lucy in the Sky
|-fieldstart|move: Trick Room|[of] p1a: Lucy in the Sky
|
|-heal|p1a: Lucy in the Sky|171\/304 tox|[from] item: Leftovers
|-heal|p2a: Flygon|302\/364|[from] item: Leftovers
|-damage|p1a: Lucy in the Sky|152\/304 tox|[from] psn
|turn|16
|
|move|p1a: Lucy in the Sky|Moonblast|p2a: Flygon
|-supereffective|p2a: Flygon
|-damage|p2a: Flygon|98\/364
|move|p2a: Flygon|Roost|p2a: Flygon
|-heal|p2a: Flygon|280\/364
|
|-heal|p1a: Lucy in the Sky|171\/304 tox|[from] item: Leftovers
|-heal|p2a: Flygon|302\/364|[from] item: Leftovers
|-damage|p1a: Lucy in the Sky|133\/304 tox|[from] psn
|turn|17
|
|switch|p1a: duck.exe|Porygon2|308\/374 tox
|-damage|p1a: duck.exe|262\/374 tox|[from] Stealth Rock
|-boost|p1a: duck.exe|atk|1|[from] ability: Download
|move|p2a: Flygon|U-turn|p1a: duck.exe
|-damage|p1a: duck.exe|223\/374 tox
|
|switch|p2a: Lucky|Absol-Mega, M, shiny|271\/271
|
|-damage|p1a: duck.exe|200\/374 tox|[from] psn
|turn|18
|
|move|p1a: duck.exe|Recover|p1a: duck.exe
|-heal|p1a: duck.exe|374\/374 tox
|move|p2a: Lucky|Swords Dance|p2a: Lucky
|-boost|p2a: Lucky|atk|2
|
|-damage|p1a: duck.exe|328\/374 tox|[from] psn
|turn|19
|
|move|p1a: duck.exe|Tri Attack|p2a: Lucky
|-damage|p2a: Lucky|73\/271
|move|p2a: Lucky|Swords Dance|p2a: Lucky
|-boost|p2a: Lucky|atk|2
|
|-damage|p1a: duck.exe|259\/374 tox|[from] psn
|-fieldend|move: Trick Room
|turn|20
|
|move|p2a: Lucky|Superpower|p1a: duck.exe
|-supereffective|p1a: duck.exe
|-damage|p1a: duck.exe|0 fnt
|-unboost|p2a: Lucky|atk|1
|-unboost|p2a: Lucky|def|1
|faint|p1a: duck.exe
|
|
|switch|p1a: Nora|Froslass, F|282\/282
|-damage|p1a: Nora|212\/282|[from] Stealth Rock
|turn|21
|
|move|p2a: Lucky|Sucker Punch|p1a: Nora
|-supereffective|p1a: Nora
|-damage|p1a: Nora|0 fnt
|faint|p1a: Nora
|
|
|switch|p1a: Expand Dong|Darmanitan, M|293\/351
|-damage|p1a: Expand Dong|206\/351|[from] Stealth Rock
|turn|22
|
|switch|p1a: Lucy in the Sky|Diancie|133\/304 tox
|-damage|p1a: Lucy in the Sky|95\/304 tox|[from] Stealth Rock
|move|p2a: Lucky|Sucker Punch|p1a: Lucy in the Sky
|-fail|p1a: Lucy in the Sky
|
|-heal|p1a: Lucy in the Sky|114\/304 tox|[from] item: Leftovers
|-damage|p1a: Lucy in the Sky|95\/304 tox|[from] psn
|turn|23
|
|move|p2a: Lucky|Knock Off|p1a: Lucy in the Sky
|-resisted|p1a: Lucy in the Sky
|-damage|p1a: Lucy in the Sky|0 fnt
|-enditem|p1a: Lucy in the Sky|Leftovers|[from] move: Knock Off|[of] p2a: Lucky
|faint|p1a: Lucy in the Sky
|
|
|switch|p1a: Expand Dong|Darmanitan, M|206\/351
|-damage|p1a: Expand Dong|119\/351|[from] Stealth Rock
|turn|24
|
|move|p2a: Lucky|Sucker Punch|p1a: Expand Dong
|-damage|p1a: Expand Dong|0 fnt
|faint|p1a: Expand Dong
|
|
|switch|p1a: Alexandria|Ampharos-Mega, F|124\/384 tox
|-damage|p1a: Alexandria|76\/384 tox|[from] Stealth Rock
|-ability|p1a: Alexandria|Mold Breaker
|turn|25
|
|move|p2a: Lucky|Knock Off|p1a: Alexandria
|-crit|p1a: Alexandria
|-damage|p1a: Alexandria|0 fnt
|faint|p1a: Alexandria
|
|win|RyJu
|raw|Ladder updating...
|raw|Rubicon's rating: 1511 &rarr; <strong>1485<\/strong><br \/>(-26 for losing)
|raw|RyJu's rating: 1403 &rarr; <strong>1429<\/strong><br \/>(+26 for winning)
|c|âRubicon|darn
|c|âRyJu|gg