|join|littlelucario
|join|Rubicon
|player|p1|littlelucario|99
|player|p2|Rubicon|129
|gametype|singles
|gen|6
|tier|UU
|rule|Sleep Clause Mod: Limit one foe put to sleep
|rule|Species Clause: Limit one of each PokÃ©mon
|rule|OHKO Clause: OHKO moves are banned
|rule|Moody Clause: Moody is banned
|rule|Evasion Moves Clause: Evasion moves are banned
|rule|Endless Battle Clause: Forcing endless battles is banned
|rule|HP Percentage Mod: HP is shown in percentages
|clearpoke
|poke|p1|Kingdra, F
|poke|p1|Crobat, M
|poke|p1|Swampert, M
|poke|p1|Lucario, F
|poke|p1|Froslass, F
|poke|p1|Blastoise, F
|poke|p2|Hydreigon, M
|poke|p2|Honchkrow, F
|poke|p2|Toxicroak, M
|poke|p2|Alomomola, F
|poke|p2|Jirachi
|poke|p2|Raikou
|rule|Swagger Clause: Swagger is banned
|rule|Baton Pass Clause: Limit one PokÃ©mon knowing Baton Pass
|teampreview
|c|âlittlelucario|glhf
|c|âRubicon|mmhmm
|c|âlittlelucario|i see you hydrei
|c|âRubicon|having fun with a theme team
|c|âRubicon|see if you can guess what it is
|
|start
|switch|p1a: Swampert|Swampert, M|401\/401
|switch|p2a: Isaac|Jirachi|341\/341
|turn|1
|c|âlittlelucario|scientists
|
|move|p2a: Isaac|U-turn|p1a: Swampert
|-damage|p1a: Swampert|350\/401
|c|âRubicon|try again
|
|switch|p2a: Azazel|Hydreigon, M|325\/325
|move|p1a: Swampert|Stealth Rock|p2a: Azazel
|-sidestart|p2: Rubicon|move: Stealth Rock
|
|-heal|p1a: Swampert|375\/401|[from] item: Leftovers
|turn|2
|c|âlittlelucario|z
|c|âlittlelucario|sound
|
|move|p2a: Azazel|Draco Meteor|p1a: Swampert
|-damage|p1a: Swampert|0 fnt
|-unboost|p2a: Azazel|spa|2
|faint|p1a: Swampert
|
|c|âRubicon|it's a vidya gaem
|c|âlittlelucario|specs
|c|âlittlelucario|i dont kknow
|
|switch|p1a: Lucario|Lucario, F|281\/281
|turn|3
|
|switch|p2a: Magdalene|Alomomola, F|534\/534
|-damage|p2a: Magdalene|468\/534|[from] Stealth Rock
|move|p1a: Lucario|Swords Dance|p1a: Lucario
|-boost|p1a: Lucario|atk|2
|
|turn|4
|
|move|p1a: Lucario|Close Combat|p2a: Magdalene
|-damage|p2a: Magdalene|74\/534
|-damage|p1a: Lucario|235\/281|[from] item: Rocky Helmet|[of] p2a: Magdalene
|-unboost|p1a: Lucario|def|1
|-unboost|p1a: Lucario|spd|1
|-damage|p1a: Lucario|207\/281|[from] item: Life Orb
|move|p2a: Magdalene|Waterfall|p1a: Lucario
|-damage|p1a: Lucario|48\/281
|
|turn|5
|
|move|p1a: Lucario|Extreme Speed|p2a: Magdalene
|-damage|p2a: Magdalene|0 fnt
|-damage|p1a: Lucario|2\/281|[from] item: Rocky Helmet|[of] p2a: Magdalene
|-damage|p1a: Lucario|0 fnt|[from] item: Life Orb
|faint|p2a: Magdalene
|faint|p1a: Lucario
|
|
|switch|p2a: Samson|Raikou|322\/322
|switch|p1a: Froslass|Froslass, F|281\/281
|-damage|p2a: Samson|282\/322|[from] Stealth Rock
|-ability|p2a: Samson|Pressure
|turn|6
|
|move|p2a: Samson|Thunderbolt|p1a: Froslass
|-damage|p1a: Froslass|83\/281
|move|p1a: Froslass|Icy Wind|p2a: Samson
|-damage|p2a: Samson|233\/322
|-unboost|p2a: Samson|spe|1
|
|turn|7
|c|âlittlelucario|shit
|c|âlittlelucario|that was supposed to do more
|
|switch|p2a: Isaac|Jirachi|341\/341
|-damage|p2a: Isaac|320\/341|[from] Stealth Rock
|move|p1a: Froslass|Destiny Bond|p1a: Froslass
|-singlemove|p1a: Froslass|Destiny Bond
|
|turn|8
|c|âRubicon|was it now?
|c|âlittlelucario|it was
|c|âRubicon|i'd be hard pressed to believe that something with 55 bp was meant to do a lot
|c|âlittlelucario|but you had av
|
|move|p2a: Isaac|U-turn|p1a: Froslass
|-resisted|p1a: Froslass
|-damage|p1a: Froslass|39\/281
|-start|p2a: Isaac|Disable|U-turn
|c|âlittlelucario|lol
|c|âlittlelucario|nice and disable u-turn
|
|switch|p2a: Judas|Toxicroak, M|307\/307
|-damage|p2a: Judas|288\/307|[from] Stealth Rock
|move|p1a: Froslass|Spikes|p2a: Judas
|-sidestart|p2: Rubicon|Spikes
|
|turn|9
|
|move|p1a: Froslass|Destiny Bond|p1a: Froslass
|-singlemove|p1a: Froslass|Destiny Bond
|move|p2a: Judas|Gunk Shot|p1a: Froslass|[miss]
|-miss|p2a: Judas|p1a: Froslass
|
|turn|10
|c|âRubicon|asdf
|
|move|p1a: Froslass|Destiny Bond|p1a: Froslass
|-singlemove|p1a: Froslass|Destiny Bond
|move|p2a: Judas|Swords Dance|p2a: Judas
|-boost|p2a: Judas|atk|2
|
|turn|11
|c|âlittlelucario|spambond goooo
|
|move|p1a: Froslass|Taunt|p2a: Judas
|-start|p2a: Judas|move: Taunt
|move|p2a: Judas|Gunk Shot|p1a: Froslass|[miss]
|-miss|p2a: Judas|p1a: Froslass
|
|turn|12
|c|âlittlelucario|skilfull dodge
|c|âRubicon|seriously?!
|
|move|p2a: Judas|Sucker Punch|p1a: Froslass
|-fail|p1a: Froslass
|move|p1a: Froslass|Destiny Bond|p1a: Froslass
|-singlemove|p1a: Froslass|Destiny Bond
|
|turn|13
|c|âlittlelucario|brightpowder
|
|move|p1a: Froslass|Destiny Bond|p1a: Froslass
|-singlemove|p1a: Froslass|Destiny Bond
|move|p2a: Judas|Drain Punch|p1a: Froslass
|-immune|p1a: Froslass|[msg]
|
|-end|p2a: Judas|move: Taunt
|turn|14
|c|âlittlelucario|just kill it
|
|move|p2a: Judas|Sucker Punch|p1a: Froslass
|-fail|p1a: Froslass
|move|p1a: Froslass|Destiny Bond|p1a: Froslass
|-singlemove|p1a: Froslass|Destiny Bond
|
|turn|15
|
|move|p1a: Froslass|Destiny Bond|p1a: Froslass
|-singlemove|p1a: Froslass|Destiny Bond
|move|p2a: Judas|Swords Dance|p2a: Judas
|-boost|p2a: Judas|atk|2
|
|turn|16
|
|move|p1a: Froslass|Spikes|p2a: Judas
|-sidestart|p2: Rubicon|Spikes
|move|p2a: Judas|Drain Punch|p1a: Froslass
|-immune|p1a: Froslass|[msg]
|
|turn|17
|
|move|p1a: Froslass|Spikes|p2a: Judas
|-sidestart|p2: Rubicon|Spikes
|move|p2a: Judas|Gunk Shot|p1a: Froslass|[miss]
|-miss|p2a: Judas|p1a: Froslass
|
|turn|18
|c|âlittlelucario|dat brightpowder coming thruuu
|c|âRubicon|you are a sick twisted individual
|
|move|p2a: Judas|Sucker Punch|p1a: Froslass
|-fail|p1a: Froslass
|move|p1a: Froslass|Taunt|p2a: Judas
|-start|p2a: Judas|move: Taunt
|
|turn|19
|
|move|p1a: Froslass|Destiny Bond|p1a: Froslass
|-singlemove|p1a: Froslass|Destiny Bond
|move|p2a: Judas|Drain Punch|p1a: Froslass
|-immune|p1a: Froslass|[msg]
|
|turn|20
|
|move|p1a: Froslass|Icy Wind|p2a: Judas
|-damage|p2a: Judas|195\/307
|-unboost|p2a: Judas|spe|1
|move|p2a: Judas|Gunk Shot|p1a: Froslass
|-crit|p1a: Froslass
|-resisted|p1a: Froslass
|-damage|p1a: Froslass|0 fnt
|-damage|p2a: Judas|165\/307|[from] item: Life Orb
|faint|p1a: Froslass
|
|c|âRubicon|a-HA!
|
|switch|p1a: Blastoise|Blastoise, F|358\/358
|turn|21
|
|detailschange|p1a: Blastoise|Blastoise-Mega, F
|-mega|p1a: Blastoise|Blastoise|Blastoisinite
|move|p2a: Judas|Sucker Punch|p1a: Blastoise
|-damage|p1a: Blastoise|75\/358
|-damage|p2a: Judas|135\/307|[from] item: Life Orb
|move|p1a: Blastoise|Dark Pulse|p2a: Judas
|-resisted|p2a: Judas
|-damage|p2a: Judas|26\/307
|
|-end|p2a: Judas|move: Taunt
|turn|22
|
|move|p1a: Blastoise|Aura Sphere|p2a: Judas
|-resisted|p2a: Judas
|-damage|p2a: Judas|0 fnt
|faint|p2a: Judas
|
|c|âlittlelucario|nice and hazard stacking
|
|switch|p2a: Eve|Honchkrow, F|341\/341
|-damage|p2a: Eve|256\/341|[from] Stealth Rock
|turn|23
|c|âRubicon|those gunk shots though
|
|move|p2a: Eve|Brave Bird|p1a: Blastoise
|-damage|p1a: Blastoise|0 fnt
|-damage|p2a: Eve|231\/341|[from] recoil|[of] p1a: Blastoise
|-damage|p2a: Eve|197\/341|[from] item: Life Orb
|faint|p1a: Blastoise
|-boost|p2a: Eve|atk|1|[from] ability: Moxie
|
|
|switch|p1a: Crobat|Crobat, M|373\/373
|turn|24
|c|âRubicon|jesus H christ
|
|move|p1a: Crobat|Brave Bird|p2a: Eve
|-damage|p2a: Eve|0 fnt
|-damage|p1a: Crobat|308\/373|[from] recoil|[of] p2a: Eve
|faint|p2a: Eve
|
|-heal|p1a: Crobat|331\/373|[from] item: Black Sludge
|
|switch|p2a: Azazel|Hydreigon, M|325\/325
|-damage|p2a: Azazel|285\/325|[from] Stealth Rock
|turn|25
|
|move|p1a: Crobat|Brave Bird|p2a: Azazel
|-damage|p2a: Azazel|122\/325
|-damage|p1a: Crobat|277\/373|[from] recoil|[of] p2a: Azazel
|move|p2a: Azazel|Draco Meteor|p1a: Crobat
|-damage|p1a: Crobat|0 fnt
|-unboost|p2a: Azazel|spa|2
|faint|p1a: Crobat
|
|
|switch|p1a: Kingdra|Kingdra, F|307\/307
|turn|26
|
|move|p2a: Azazel|Draco Meteor|p1a: Kingdra
|-supereffective|p1a: Kingdra
|-damage|p1a: Kingdra|0 fnt
|-unboost|p2a: Azazel|spa|2
|faint|p1a: Kingdra
|
|win|Rubicon
|c|âlittlelucario|wait
|c|âlittlelucario|scarf?
|c|âRubicon|base 98 vs base 85
|c|âlittlelucario|oh
|c|âRubicon|and it was specs
|c|âlittlelucario|im max speed timid
|c|âRubicon|max speed timid as well
|c|âlittlelucario|most specs are modest
|c|âlittlelucario|k
|leave|littlelucario
|player|p1
|leave|Rubicon
|player|p2
|join|Rubicon
|leave|Rubicon
|join|Rubicon