|join|Gordy Lifestyle
|join|Rubicon
|player|p1|Gordy Lifestyle|173
|player|p2|Rubicon|129
|gametype|singles
|gen|6
|tier|UU
|rated
|rule|Sleep Clause Mod: Limit one foe put to sleep
|rule|Species Clause: Limit one of each PokÃ©mon
|rule|OHKO Clause: OHKO moves are banned
|rule|Moody Clause: Moody is banned
|rule|Evasion Moves Clause: Evasion moves are banned
|rule|Endless Battle Clause: Forcing endless battles is banned
|rule|HP Percentage Mod: HP is shown in percentages
|clearpoke
|poke|p1|Pangoro, M
|poke|p1|Tentacruel, M
|poke|p1|Hippowdon, M
|poke|p1|Aerodactyl, M
|poke|p1|Florges, F
|poke|p1|Doublade, M, shiny
|poke|p2|Hydreigon, M
|poke|p2|Honchkrow, F
|poke|p2|Toxicroak, M
|poke|p2|Alomomola, F
|poke|p2|Jirachi
|poke|p2|Raikou
|rule|Swagger Clause: Swagger is banned
|rule|Baton Pass Clause: Limit one PokÃ©mon knowing Baton Pass
|teampreview
|
|start
|switch|p1a: Murray|Pangoro, M|332\/332
|switch|p2a: Azazel|Hydreigon, M|325\/325
|turn|1
|
|move|p2a: Azazel|U-turn|p1a: Murray
|-damage|p1a: Murray|259\/332
|
|switch|p2a: Magdalene|Alomomola, F|534\/534
|move|p1a: Murray|Knock Off|p2a: Magdalene
|-damage|p2a: Magdalene|393\/534
|-damage|p1a: Murray|204\/332|[from] item: Rocky Helmet|[of] p2a: Magdalene
|-enditem|p2a: Magdalene|Rocky Helmet|[from] move: Knock Off|[of] p1a: Murray
|
|turn|2
|
|switch|p1a: Kraken|Tentacruel, M|361\/361
|move|p2a: Magdalene|Wish|p2a: Magdalene
|
|turn|3
|
|switch|p2a: Azazel|Hydreigon, M|325\/325
|move|p1a: Kraken|Toxic Spikes|p2a: Azazel
|-sidestart|p2: Rubicon|move: Toxic Spikes
|
|turn|4
|
|move|p1a: Kraken|Protect|p1a: Kraken
|-singleturn|p1a: Kraken|Protect
|move|p2a: Azazel|Draco Meteor|p1a: Kraken
|-activate|p1a: Kraken|Protect
|
|turn|5
|
|switch|p2a: Isaac|Jirachi|341\/341
|switch|p1a: Petrie|Aerodactyl, M|321\/321
|
|turn|6
|
|detailschange|p1a: Petrie|Aerodactyl-Mega, M
|-mega|p1a: Petrie|Aerodactyl|Aerodactylite
|move|p2a: Isaac|Iron Head|p1a: Petrie
|-supereffective|p1a: Petrie
|-damage|p1a: Petrie|37\/321
|cant|p1a: Petrie|flinch
|
|turn|7
|
|switch|p1a: Kraken|Tentacruel, M|361\/361
|move|p2a: Isaac|Iron Head|p1a: Kraken
|-resisted|p1a: Kraken
|-damage|p1a: Kraken|309\/361
|
|-heal|p1a: Kraken|331\/361|[from] item: Black Sludge
|turn|8
|
|switch|p2a: Judas|Toxicroak, M|307\/307
|-sideend|p2: Rubicon|move: Toxic Spikes|[of] p2a: Judas
|switch|p1a: Petrie|Aerodactyl-Mega, M|37\/321
|
|turn|9
|
|switch|p2a: Magdalene|Alomomola, F|534\/534
|move|p1a: Petrie|Roost|p1a: Petrie
|-heal|p1a: Petrie|198\/321
|
|turn|10
|
|switch|p1a: Kraken|Tentacruel, M|331\/361
|move|p2a: Magdalene|Waterfall|p1a: Kraken
|-resisted|p1a: Kraken
|-damage|p1a: Kraken|297\/361
|
|-heal|p1a: Kraken|319\/361|[from] item: Black Sludge
|turn|11
|
|switch|p2a: Eve|Honchkrow, F|341\/341
|move|p1a: Kraken|Toxic Spikes|p2a: Eve
|-sidestart|p2: Rubicon|move: Toxic Spikes
|
|-heal|p1a: Kraken|341\/361|[from] item: Black Sludge
|turn|12
|
|switch|p1a: Hippowdon|Hippowdon, M|417\/417
|-weather|Sandstorm
|move|p2a: Eve|Substitute|p2a: Eve
|-start|p2a: Eve|Substitute
|-damage|p2a: Eve|256\/341
|
|-weather|Sandstorm|[upkeep]
|-damage|p2a: Eve|235\/341|[from] Sandstorm
|turn|13
|
|move|p2a: Eve|Brave Bird|p1a: Hippowdon
|-damage|p1a: Hippowdon|179\/417
|-damage|p2a: Eve|156\/341|[from] recoil|[of] p1a: Hippowdon
|-damage|p2a: Eve|122\/341|[from] item: Life Orb
|move|p1a: Hippowdon|Stealth Rock|p2a: Eve
|-sidestart|p2: Rubicon|move: Stealth Rock
|
|-weather|Sandstorm|[upkeep]
|-damage|p2a: Eve|101\/341|[from] Sandstorm
|-heal|p1a: Hippowdon|205\/417|[from] item: Leftovers
|turn|14
|
|switch|p1a: Venetia Shield|Doublade, M, shiny|309\/309
|move|p2a: Eve|Roost|p2a: Eve
|-heal|p2a: Eve|272\/341
|
|-weather|Sandstorm|[upkeep]
|-damage|p2a: Eve|251\/341|[from] Sandstorm
|turn|15
|
|move|p2a: Eve|Brave Bird|p1a: Venetia Shield
|-crit|p1a: Venetia Shield
|-resisted|p1a: Venetia Shield
|-damage|p1a: Venetia Shield|208\/309
|-damage|p2a: Eve|218\/341|[from] recoil|[of] p1a: Venetia Shield
|-damage|p2a: Eve|184\/341|[from] item: Life Orb
|move|p1a: Venetia Shield|Swords Dance|p1a: Venetia Shield
|-boost|p1a: Venetia Shield|atk|2
|
|-weather|Sandstorm|[upkeep]
|-damage|p2a: Eve|163\/341|[from] Sandstorm
|turn|16
|
|move|p2a: Eve|Sucker Punch|p1a: Venetia Shield
|-supereffective|p1a: Venetia Shield
|-damage|p1a: Venetia Shield|21\/309
|-damage|p2a: Eve|129\/341|[from] item: Life Orb
|move|p1a: Venetia Shield|Iron Head|p2a: Eve
|-end|p2a: Eve|Substitute
|
|-weather|none
|turn|17
|
|move|p1a: Venetia Shield|Shadow Sneak|p2a: Eve
|-resisted|p2a: Eve
|-damage|p2a: Eve|15\/341
|move|p2a: Eve|Roost|p2a: Eve
|-heal|p2a: Eve|186\/341
|
|turn|18
|
|move|p2a: Eve|Brave Bird|p1a: Venetia Shield
|-resisted|p1a: Venetia Shield
|-damage|p1a: Venetia Shield|0 fnt
|-damage|p2a: Eve|179\/341|[from] recoil|[of] p1a: Venetia Shield
|-damage|p2a: Eve|145\/341|[from] item: Life Orb
|faint|p1a: Venetia Shield
|-boost|p2a: Eve|atk|1|[from] ability: Moxie
|
|
|switch|p1a: Petrie|Aerodactyl-Mega, M|198\/321
|turn|19
|
|move|p1a: Petrie|Taunt|p2a: Eve
|-start|p2a: Eve|move: Taunt
|cant|p2a: Eve|move: Taunt|Substitute
|
|turn|20
|
|switch|p2a: Judas|Toxicroak, M|307\/307
|-damage|p2a: Judas|288\/307|[from] Stealth Rock
|-sideend|p2: Rubicon|move: Toxic Spikes|[of] p2a: Judas
|move|p1a: Petrie|Roost|p1a: Petrie
|-heal|p1a: Petrie|321\/321
|
|turn|21
|
|switch|p2a: Magdalene|Alomomola, F|534\/534
|-damage|p2a: Magdalene|468\/534|[from] Stealth Rock
|move|p1a: Petrie|Aerial Ace|p2a: Magdalene
|-damage|p2a: Magdalene|344\/534
|
|turn|22
|
|switch|p1a: Kraken|Tentacruel, M|341\/361
|move|p2a: Magdalene|Waterfall|p1a: Kraken
|-resisted|p1a: Kraken
|-damage|p1a: Kraken|307\/361
|
|-heal|p1a: Kraken|329\/361|[from] item: Black Sludge
|turn|23
|
|move|p1a: Kraken|Scald|p2a: Magdalene
|-resisted|p2a: Magdalene
|-damage|p2a: Magdalene|273\/534
|move|p2a: Magdalene|Knock Off|p1a: Kraken
|-damage|p1a: Kraken|268\/361
|-enditem|p1a: Kraken|Black Sludge|[from] move: Knock Off|[of] p2a: Magdalene
|
|turn|24
|
|switch|p2a: Judas|Toxicroak, M|288\/307
|-damage|p2a: Judas|269\/307|[from] Stealth Rock
|move|p1a: Kraken|Toxic Spikes|p2a: Judas
|-sidestart|p2: Rubicon|move: Toxic Spikes
|
|turn|25
|
|switch|p1a: Petrie|Aerodactyl-Mega, M|321\/321
|move|p2a: Judas|Swords Dance|p2a: Judas
|-boost|p2a: Judas|atk|2
|
|turn|26
|
|switch|p2a: Isaac|Jirachi|341\/341
|-damage|p2a: Isaac|320\/341|[from] Stealth Rock
|move|p1a: Petrie|Aerial Ace|p2a: Isaac
|-resisted|p2a: Isaac
|-damage|p2a: Isaac|236\/341
|
|turn|27
|
|move|p2a: Isaac|Iron Head|p1a: Petrie
|-supereffective|p1a: Petrie
|-damage|p1a: Petrie|45\/321
|cant|p1a: Petrie|flinch
|
|turn|28
|
|switch|p1a: Kraken|Tentacruel, M|268\/361
|move|p2a: Isaac|Iron Head|p1a: Kraken
|-resisted|p1a: Kraken
|-damage|p1a: Kraken|214\/361
|
|turn|29
|
|switch|p2a: Judas|Toxicroak, M|269\/307
|-sideend|p2: Rubicon|move: Toxic Spikes|[of] p2a: Judas
|-damage|p2a: Judas|250\/307|[from] Stealth Rock
|switch|p1a: Petrie|Aerodactyl-Mega, M|45\/321
|
|turn|30
|
|move|p1a: Petrie|Aerial Ace|p2a: Judas
|-supereffective|p2a: Judas
|-damage|p2a: Judas|0 fnt
|faint|p2a: Judas
|
|
|switch|p2a: Isaac|Jirachi|236\/341
|-damage|p2a: Isaac|215\/341|[from] Stealth Rock
|turn|31
|
|move|p2a: Isaac|U-turn|p1a: Petrie
|-resisted|p1a: Petrie
|-damage|p1a: Petrie|8\/321
|
|move|p1a: Petrie|Pursuit|p2a: Isaac|[from]Pursuit
|-supereffective|p2a: Isaac
|-damage|p2a: Isaac|0 fnt
|faint|p2a: Isaac
|
|c|âRubicon|asdf
|c|âGordy Lifestyle|shrekt
|
|switch|p2a: Samson|Raikou|322\/322
|-damage|p2a: Samson|282\/322|[from] Stealth Rock
|-ability|p2a: Samson|Pressure
|turn|32
|
|switch|p1a: Hippowdon|Hippowdon, M|205\/417
|-weather|Sandstorm
|move|p2a: Samson|Hidden Power|p1a: Hippowdon
|-crit|p1a: Hippowdon
|-supereffective|p1a: Hippowdon
|-damage|p1a: Hippowdon|29\/417
|
|-weather|Sandstorm|[upkeep]
|-damage|p2a: Samson|262\/322|[from] Sandstorm
|-heal|p1a: Hippowdon|55\/417|[from] item: Leftovers
|turn|33
|
|switch|p1a: Freya|Florges, F|359\/359
|move|p2a: Samson|Extrasensory|p1a: Freya
|-damage|p1a: Freya|304\/359
|
|-weather|Sandstorm|[upkeep]
|-damage|p2a: Samson|242\/322|[from] Sandstorm
|-damage|p1a: Freya|282\/359|[from] Sandstorm
|-heal|p1a: Freya|304\/359|[from] item: Leftovers
|turn|34
|
|move|p2a: Samson|Thunderbolt|p1a: Freya
|-damage|p1a: Freya|202\/359
|move|p1a: Freya|Moonblast|p2a: Samson
|-damage|p2a: Samson|161\/322
|
|-weather|Sandstorm|[upkeep]
|-damage|p2a: Samson|141\/322|[from] Sandstorm
|-damage|p1a: Freya|180\/359|[from] Sandstorm
|-heal|p1a: Freya|202\/359|[from] item: Leftovers
|turn|35
|
|move|p2a: Samson|Thunderbolt|p1a: Freya
|-damage|p1a: Freya|109\/359
|move|p1a: Freya|Synthesis|p1a: Freya
|-heal|p1a: Freya|199\/359
|
|-weather|Sandstorm|[upkeep]
|-damage|p2a: Samson|121\/322|[from] Sandstorm
|-damage|p1a: Freya|177\/359|[from] Sandstorm
|-heal|p1a: Freya|199\/359|[from] item: Leftovers
|turn|36
|
|move|p2a: Samson|Volt Switch|p1a: Freya
|-damage|p1a: Freya|117\/359
|
|switch|p2a: Magdalene|Alomomola, F|451\/534
|-damage|p2a: Magdalene|385\/534|[from] Stealth Rock
|move|p1a: Freya|Wish|p1a: Freya
|
|-weather|none
|-heal|p1a: Freya|139\/359|[from] item: Leftovers
|turn|37
|
|move|p1a: Freya|Moonblast|p2a: Magdalene
|-damage|p2a: Magdalene|151\/534
|move|p2a: Magdalene|Knock Off|p1a: Freya
|-resisted|p1a: Freya
|-damage|p1a: Freya|111\/359
|-enditem|p1a: Freya|Leftovers|[from] move: Knock Off|[of] p2a: Magdalene
|
|-heal|p1a: Freya|290\/359|[from] move: Wish|[wisher] Freya
|turn|38
|
|move|p1a: Freya|Moonblast|p2a: Magdalene
|-crit|p2a: Magdalene
|-damage|p2a: Magdalene|0 fnt
|faint|p2a: Magdalene
|
|
|switch|p2a: Eve|Honchkrow, F|145\/341
|-damage|p2a: Eve|60\/341|[from] Stealth Rock
|turn|39
|
|switch|p1a: Kraken|Tentacruel, M|214\/361
|move|p2a: Eve|Brave Bird|p1a: Kraken
|-damage|p1a: Kraken|0 fnt
|-damage|p2a: Eve|0 fnt|[from] recoil|[of] p1a: Kraken
|faint|p1a: Kraken
|faint|p2a: Eve
|
|
|switch|p2a: Azazel|Hydreigon, M|325\/325
|switch|p1a: Freya|Florges, F|290\/359
|-damage|p2a: Azazel|285\/325|[from] Stealth Rock
|turn|40
|
|move|p2a: Azazel|U-turn|p1a: Freya
|-resisted|p1a: Freya
|-damage|p1a: Freya|265\/359
|c|âGordy Lifestyle|i think it's ogre
|
|switch|p2a: Samson|Raikou|121\/322
|-damage|p2a: Samson|81\/322|[from] Stealth Rock
|-ability|p2a: Samson|Pressure
|move|p1a: Freya|Moonblast|p2a: Samson
|-damage|p2a: Samson|0 fnt
|faint|p2a: Samson
|
|
|switch|p2a: Azazel|Hydreigon, M|285\/325
|-damage|p2a: Azazel|245\/325|[from] Stealth Rock
|turn|41
|
|move|p2a: Azazel|Fire Blast|p1a: Freya
|-damage|p1a: Freya|144\/359
|move|p1a: Freya|Moonblast|p2a: Azazel
|-supereffective|p2a: Azazel
|-damage|p2a: Azazel|0 fnt
|faint|p2a: Azazel
|
|win|Gordy Lifestyle
|raw|Ladder updating...
|raw|Gordy Lifestyle's rating: 1476 &rarr; <strong>1497<\/strong><br \/>(+21 for winning)
|raw|Rubicon's rating: 1501 &rarr; <strong>1479<\/strong><br \/>(-22 for losing)
|c|âGordy Lifestyle|gg