|join|Professional 01
|join|much professional
|player|p1|Professional 01|293
|player|p2|much professional|170
|gametype|singles
|gen|6
|tier|OU
|clearpoke
|poke|p1|Gyarados, F
|poke|p1|Latios, M
|poke|p1|Clefable, F
|poke|p1|Keldeo
|poke|p1|Ferrothorn, F
|poke|p1|Gengar, M
|poke|p2|Manectric, M
|poke|p2|Landorus-Therian, M
|poke|p2|Talonflame, F
|poke|p2|Gothitelle, M
|poke|p2|Rotom-Wash
|poke|p2|Latias, F
|rule|Swagger Clause: Swagger is banned
|rule|Baton Pass Clause: Limit one PokÃ©mon knowing Baton Pass
|rule|Sleep Clause Mod: Limit one foe put to sleep
|rule|Species Clause: Limit one of each PokÃ©mon
|rule|OHKO Clause: OHKO moves are banned
|rule|Moody Clause: Moody is banned
|rule|Evasion Moves Clause: Evasion moves are banned
|rule|Endless Battle Clause: Forcing endless battles is banned
|rule|HP Percentage Mod: HP is shown in percentages
|teampreview
|c|âProfessional 01|aight
|c|âProfessional 01|hf
|c|âmuch professional|u2
|
|start
|switch|p1a: Gengar|Gengar, M|265\/265
|switch|p2a: Landorus-Therian|Landorus-Therian, M|319\/319
|-ability|p2a: Landorus-Therian|Intimidate|[of] p1a: Gengar
|-unboost|p1a: Gengar|atk|1
|turn|1
|
|move|p2a: Landorus-Therian|Knock Off|p1a: Gengar
|-crit|p1a: Gengar
|-supereffective|p1a: Gengar
|-damage|p1a: Gengar|0 fnt
|-enditem|p1a: Gengar|Leftovers|[from] move: Knock Off|[of] p2a: Landorus-Therian
|faint|p1a: Gengar
|
|c|âmuch professional|huh
|
|switch|p1a: Gyarados|Gyarados, F|351\/351
|-ability|p1a: Gyarados|Intimidate|[of] p2a: Landorus-Therian
|-unboost|p2a: Landorus-Therian|atk|1
|turn|2
|
|switch|p2a: Rotom-Wash|Rotom-Wash|301\/301
|move|p1a: Gyarados|Dragon Dance|p1a: Gyarados
|-boost|p1a: Gyarados|atk|1
|-boost|p1a: Gyarados|spe|1
|
|turn|3
|
|detailschange|p1a: Gyarados|Gyarados-Mega, F
|-mega|p1a: Gyarados|Gyarados|Gyaradosite
|-ability|p1a: Gyarados|Mold Breaker
|move|p1a: Gyarados|Earthquake|p2a: Rotom-Wash
|-crit|p2a: Rotom-Wash
|-supereffective|p2a: Rotom-Wash
|-damage|p2a: Rotom-Wash|0 fnt
|faint|p2a: Rotom-Wash
|
|c|âmuch professional|did that matter?
|c|âProfessional 01|nope
|c|âProfessional 01|neither did your crit
|
|switch|p2a: Landorus-Therian|Landorus-Therian, M|319\/319
|-ability|p2a: Landorus-Therian|Intimidate|[of] p1a: Gyarados
|-unboost|p1a: Gyarados|atk|1
|turn|4
|c|âProfessional 01|+1 252+ Atk Mold Breaker Mega Gyarados Earthquake vs. 252 HP \/ 212+ Def Rotom-W: 290-342 (95.3 - 112.5%) -- guaranteed OHKO after Stealth Rock
|c|âProfessional 01|+1 252+ Atk Mold Breaker Mega Gyarados Earthquake vs. 252 HP \/ 212+ Def Rotom-W: 290-342 (95.3 - 112.5%) -- 75% chance to OHKO
|c|âProfessional 01|my bad had sr
|
|switch|p2a: Latias|Latias, F|319\/319
|move|p1a: Gyarados|Dragon Dance|p1a: Gyarados
|-boost|p1a: Gyarados|atk|1
|-boost|p1a: Gyarados|spe|1
|
|turn|5
|c|âmuch professional|i have more defense than that as well
|
|move|p1a: Gyarados|Crunch|p2a: Latias
|-supereffective|p2a: Latias
|-damage|p2a: Latias|0 fnt
|faint|p2a: Latias
|
|c|âProfessional 01|+1 252+ Atk Mold Breaker Mega Gyarados Earthquake vs. 252 HP \/ 252+ Def Rotom-W: 282-332 (92.7 - 109.2%) -- 56.3% chance to OHKO
|
|switch|p2a: Landorus-Therian|Landorus-Therian, M|319\/319
|-ability|p2a: Landorus-Therian|Intimidate|[of] p1a: Gyarados
|-unboost|p1a: Gyarados|atk|1
|turn|6
|c|âProfessional 01|since I have a higher chance I don't think it matter too much
|c|âmuch professional|eh i guess
|
|move|p1a: Gyarados|Waterfall|p2a: Landorus-Therian
|-supereffective|p2a: Landorus-Therian
|-damage|p2a: Landorus-Therian|0 fnt
|faint|p2a: Landorus-Therian
|
|
|switch|p2a: Manectric|Manectric, M|281\/281
|turn|7
|c|âmuch professional|lol gg then i guess
|c|âProfessional 01|hm now I think your chance of winning
|c|âProfessional 01|is higher
|c|âmuch professional|how come?
|c|âProfessional 01|i don't think I OHKO mega mane
|
|switch|p2a: Talonflame|Talonflame, F|315\/315
|move|p1a: Gyarados|Earthquake|p2a: Talonflame
|-immune|p2a: Talonflame|[msg]
|
|turn|8
|c|âmuch professional|of course you can
|c|âmuch professional|you're a mega gyara
|c|âProfessional 01|nope
|c|âProfessional 01|anyways
|c|âProfessional 01|you did the correct move
|
|move|p2a: Talonflame|Brave Bird|p1a: Gyarados
|-damage|p1a: Gyarados|99\/351
|-damage|p2a: Talonflame|232\/315|[from] recoil|[of] p1a: Gyarados
|move|p1a: Gyarados|Waterfall|p2a: Talonflame
|-supereffective|p2a: Talonflame
|-damage|p2a: Talonflame|0 fnt
|faint|p2a: Talonflame
|
|c|âProfessional 01|cuz mega mane can't ohko me
|c|âmuch professional|mhm
|
|switch|p2a: Manectric|Manectric, M|281\/281
|turn|9
|
|detailschange|p2a: Manectric|Manectric-Mega, M
|-mega|p2a: Manectric|Manectric|Manectite
|-ability|p2a: Manectric|Intimidate|[of] p1a: Gyarados
|-unboost|p1a: Gyarados|atk|1
|move|p1a: Gyarados|Earthquake|p2a: Manectric
|-supereffective|p2a: Manectric
|-damage|p2a: Manectric|59\/281
|move|p2a: Manectric|Volt Switch|p1a: Gyarados
|-supereffective|p1a: Gyarados
|-damage|p1a: Gyarados|0 fnt
|faint|p1a: Gyarados
|c|âmuch professional|oh
|c|âmuch professional|what do you know
|
|switch|p2a: Gothitelle|Gothitelle, M|301\/301
|
|
|switch|p1a: Keldeo|Keldeo|323\/323
|turn|10
|c|âmuch professional|i had no idea i could live that
|c|âProfessional 01|yup
|
|move|p1a: Keldeo|Scald|p2a: Gothitelle
|-damage|p2a: Gothitelle|169\/301
|move|p2a: Gothitelle|Psychic|p1a: Keldeo
|-supereffective|p1a: Keldeo
|-damage|p1a: Keldeo|71\/323
|
|turn|11
|
|move|p1a: Keldeo|Hydro Pump|p2a: Gothitelle
|-damage|p2a: Gothitelle|7\/301
|move|p2a: Gothitelle|Psychic|p1a: Keldeo
|-supereffective|p1a: Keldeo
|-damage|p1a: Keldeo|0 fnt
|faint|p1a: Keldeo
|
|
|switch|p1a: Latios|Latios, M|309\/309
|turn|12
|
|move|p1a: Latios|Psyshock|p2a: Gothitelle
|-resisted|p2a: Gothitelle
|-damage|p2a: Gothitelle|0 fnt
|-damage|p1a: Latios|279\/309|[from] item: Life Orb
|faint|p2a: Gothitelle
|
|c|âProfessional 01|dude
|c|âmuch professional|yeah i played that wrong
|c|âProfessional 01|i want to teambuild with you sometimes
|c|âmuch professional|haha really?
|c|âProfessional 01|do you have marriland\/smogon account?
|c|âmuch professional|nope
|c|âProfessional 01|skype, if you are willing to?
|c|âmuch professional|no skype either...
|c|âmuch professional|facebook, maybe?
|c|âProfessional 01|no .. I don't do social media
|c|âmuch professional|lol
|c|âmuch professional|well then on showdown then?
|c|âProfessional 01|yes
|c|âmuch professional|i have another team
|c|âmuch professional|can we go again?
|c|âProfessional 01|yup
|c|âmuch professional|that was a disappointing battle lol
|c|âProfessional 01|:]
|-message|much professional lost due to inactivity.
|
|win|Professional 01
|leave|much professional
|player|p2