|join|Professional 01
|join|so long lonesome
|player|p1|Professional 01|293
|player|p2|so long lonesome|1
|gametype|singles
|gen|6
|tier|OU
|rated
|clearpoke
|poke|p1|Volcarona, F
|poke|p1|Slowbro, F
|poke|p1|Gyarados, F
|poke|p1|Clefable, M
|poke|p1|Excadrill, F
|poke|p1|Gliscor, M
|poke|p2|Terrakion
|poke|p2|Victini
|poke|p2|Crobat, M
|poke|p2|Swampert, F
|poke|p2|Jirachi
|poke|p2|Thundurus, M
|rule|Swagger Clause: Swagger is banned
|rule|Baton Pass Clause: Limit one PokÃ©mon knowing Baton Pass
|rule|Sleep Clause Mod: Limit one foe put to sleep
|rule|Species Clause: Limit one of each PokÃ©mon
|rule|OHKO Clause: OHKO moves are banned
|rule|Moody Clause: Moody is banned
|rule|Evasion Moves Clause: Evasion moves are banned
|rule|Endless Battle Clause: Forcing endless battles is banned
|rule|HP Percentage Mod: HP is shown in percentages
|teampreview
|
|start
|switch|p1a: Clefable|Clefable, M|393\/393
|switch|p2a: Swampert|Swampert, F|341\/341
|turn|1
|
|switch|p1a: Gyarados|Gyarados, F|331\/331
|detailschange|p2a: Swampert|Swampert-Mega, F
|-mega|p2a: Swampert|Swampert|Swampertite
|move|p2a: Swampert|Stealth Rock|p1a: Gyarados
|-sidestart|p1: Professional 01|move: Stealth Rock
|
|turn|2
|
|switch|p2a: Thundurus|Thundurus, M|299\/299
|move|p1a: Gyarados|Substitute|p1a: Gyarados
|-start|p1a: Gyarados|Substitute
|-damage|p1a: Gyarados|249\/331
|
|-heal|p1a: Gyarados|269\/331|[from] item: Leftovers
|turn|3
|
|move|p2a: Thundurus|Thunderbolt|p1a: Gyarados
|-supereffective|p1a: Gyarados
|-end|p1a: Gyarados|Substitute
|-damage|p2a: Thundurus|270\/299|[from] item: Life Orb
|move|p1a: Gyarados|Dragon Dance|p1a: Gyarados
|-boost|p1a: Gyarados|atk|1
|-boost|p1a: Gyarados|spe|1
|
|-heal|p1a: Gyarados|289\/331|[from] item: Leftovers
|turn|4
|
|move|p1a: Gyarados|Waterfall|p2a: Thundurus
|-damage|p2a: Thundurus|0 fnt
|faint|p2a: Thundurus
|-boost|p1a: Gyarados|atk|1|[from] ability: Moxie
|
|-heal|p1a: Gyarados|309\/331|[from] item: Leftovers
|
|switch|p2a: Swampert|Swampert-Mega, F|341\/341
|turn|5
|
|move|p1a: Gyarados|Waterfall|p2a: Swampert
|-damage|p2a: Swampert|59\/341
|move|p2a: Swampert|Ice Punch|p1a: Gyarados
|-damage|p1a: Gyarados|181\/331
|
|-heal|p1a: Gyarados|201\/331|[from] item: Leftovers
|turn|6
|-message|so long lonesome forfeited.
|leave|so long lonesome
|
|win|Professional 01
|raw|Ladder updating...
|player|p2
|raw|Professional 01's rating: 1687 &rarr; <strong>1701<\/strong><br \/>(+14 for winning)
|raw|so long lonesome's rating: 1572 &rarr; <strong>1558<\/strong><br \/>(-14 for losing)