|join|FlashyJoey
|join|Professional 01
|player|p1|FlashyJoey|33
|player|p2|Professional 01|293
|gametype|singles
|gen|6
|tier|OU
|rated
|clearpoke
|poke|p1|Starmie
|poke|p1|Chesnaught, F
|poke|p1|Talonflame, M
|poke|p1|Excadrill, F
|poke|p1|Tyranitar, F
|poke|p1|Gardevoir, F
|poke|p2|Volcarona, F
|poke|p2|Garchomp, M
|poke|p2|Clefable, M
|poke|p2|Starmie
|poke|p2|Tyranitar, M
|poke|p2|Rotom-Wash
|rule|Swagger Clause: Swagger is banned
|rule|Baton Pass Clause: Limit one PokÃ©mon knowing Baton Pass
|rule|Sleep Clause Mod: Limit one foe put to sleep
|rule|Species Clause: Limit one of each PokÃ©mon
|rule|OHKO Clause: OHKO moves are banned
|rule|Moody Clause: Moody is banned
|rule|Evasion Moves Clause: Evasion moves are banned
|rule|Endless Battle Clause: Forcing endless battles is banned
|rule|HP Percentage Mod: HP is shown in percentages
|teampreview
|
|start
|switch|p1a: Gardevoir|Gardevoir, F|289\/289
|switch|p2a: Volcarona|Volcarona, F|329\/329
|-ability|p1a: Gardevoir|Flame Body|[from] ability: Trace|[of] p2a: Volcarona
|turn|1
|
|switch|p1a: Talonflame|Talonflame, M|351\/351
|move|p2a: Volcarona|Quiver Dance|p2a: Volcarona
|-boost|p2a: Volcarona|spa|1
|-boost|p2a: Volcarona|spd|1
|-boost|p2a: Volcarona|spe|1
|
|turn|2
|
|switch|p2a: Rotom-Wash|Rotom-Wash|303\/303
|move|p1a: Talonflame|Will-O-Wisp|p2a: Rotom-Wash|[miss]
|-miss|p1a: Talonflame|p2a: Rotom-Wash
|
|turn|3
|
|switch|p1a: Chesnaught|Chesnaught, F|379\/379
|move|p2a: Rotom-Wash|Trick|p1a: Chesnaught
|-activate|p2a: Rotom-Wash|move: Trick|[of] p1a: Chesnaught
|-item|p1a: Chesnaught|Choice Scarf|[from] move: Trick
|-item|p2a: Rotom-Wash|Leftovers|[from] move: Trick
|
|turn|4
|
|move|p1a: Chesnaught|Wood Hammer|p2a: Rotom-Wash
|-supereffective|p2a: Rotom-Wash
|-damage|p2a: Rotom-Wash|87\/303
|-damage|p1a: Chesnaught|308\/379|[from] recoil|[of] p2a: Rotom-Wash
|move|p2a: Rotom-Wash|Will-O-Wisp|p1a: Chesnaught
|-status|p1a: Chesnaught|brn
|
|-heal|p2a: Rotom-Wash|105\/303|[from] item: Leftovers
|-damage|p1a: Chesnaught|261\/379 brn|[from] brn
|turn|5
|
|switch|p1a: Talonflame|Talonflame, M|351\/351
|switch|p2a: Volcarona|Volcarona, F|329\/329
|
|turn|6
|
|switch|p2a: Tyranitar|Tyranitar, M|403\/403
|-weather|Sandstorm
|move|p1a: Talonflame|Will-O-Wisp|p2a: Tyranitar
|-status|p2a: Tyranitar|brn
|
|-weather|Sandstorm|[upkeep]
|-damage|p1a: Talonflame|330\/351|[from] sandstorm
|-heal|p1a: Talonflame|351\/351|[from] item: Leftovers
|-damage|p2a: Tyranitar|353\/403 brn|[from] brn
|turn|7
|
|move|p2a: Tyranitar|Pursuit|p1a: Talonflame|[from]Pursuit
|-damage|p1a: Talonflame|279\/351
|switch|p1a: Starmie|Starmie|323\/323
|
|-weather|Sandstorm|[upkeep]
|-damage|p1a: Starmie|303\/323|[from] sandstorm
|-heal|p1a: Starmie|323\/323|[from] item: Leftovers
|-damage|p2a: Tyranitar|303\/403 brn|[from] brn
|turn|8
|
|switch|p1a: Gardevoir|Gardevoir, F|289\/289
|-ability|p1a: Gardevoir|Sand Stream|[from] ability: Trace|[of] p2a: Tyranitar
|switch|p2a: Starmie|Starmie|323\/323
|
|-weather|Sandstorm|[upkeep]
|-damage|p2a: Starmie|303\/323|[from] sandstorm
|-damage|p1a: Gardevoir|271\/289|[from] sandstorm
|-heal|p2a: Starmie|323\/323|[from] item: Leftovers
|turn|9
|
|detailschange|p1a: Gardevoir|Gardevoir-Mega, F
|-mega|p1a: Gardevoir|Gardevoir|Gardevoirite
|move|p2a: Starmie|Scald|p1a: Gardevoir
|-damage|p1a: Gardevoir|201\/289
|move|p1a: Gardevoir|Hyper Voice|p2a: Starmie
|-damage|p2a: Starmie|29\/323
|
|-weather|Sandstorm|[upkeep]
|-damage|p2a: Starmie|9\/323|[from] sandstorm
|-damage|p1a: Gardevoir|183\/289|[from] sandstorm
|-heal|p2a: Starmie|29\/323|[from] item: Leftovers
|turn|10
|
|move|p2a: Starmie|Scald|p1a: Gardevoir
|-damage|p1a: Gardevoir|113\/289
|-status|p1a: Gardevoir|brn
|move|p1a: Gardevoir|Psyshock|p2a: Starmie
|-crit|p2a: Starmie
|-resisted|p2a: Starmie
|-damage|p2a: Starmie|0 fnt
|faint|p2a: Starmie
|
|-weather|none
|-damage|p1a: Gardevoir|77\/289 brn|[from] brn
|
|switch|p2a: Volcarona|Volcarona, F|329\/329
|turn|11
|
|switch|p1a: Talonflame|Talonflame, M|279\/351
|move|p2a: Volcarona|Fire Blast|p1a: Talonflame
|-resisted|p1a: Talonflame
|-damage|p1a: Talonflame|183\/351
|
|-heal|p1a: Talonflame|204\/351|[from] item: Leftovers
|turn|12
|
|switch|p2a: Rotom-Wash|Rotom-Wash|105\/303
|move|p1a: Talonflame|Taunt|p2a: Rotom-Wash
|-start|p2a: Rotom-Wash|move: Taunt
|
|-heal|p1a: Talonflame|225\/351|[from] item: Leftovers
|-heal|p2a: Rotom-Wash|123\/303|[from] item: Leftovers
|turn|13
|
|move|p1a: Talonflame|Roost|p1a: Talonflame
|-heal|p1a: Talonflame|351\/351
|move|p2a: Rotom-Wash|Volt Switch|p1a: Talonflame
|-damage|p1a: Talonflame|270\/351
|
|switch|p2a: Clefable|Clefable, M|393\/393
|
|-heal|p1a: Talonflame|291\/351|[from] item: Leftovers
|turn|14
|
|switch|p2a: Rotom-Wash|Rotom-Wash|123\/303
|move|p1a: Talonflame|Taunt|p2a: Rotom-Wash
|-start|p2a: Rotom-Wash|move: Taunt
|
|-heal|p1a: Talonflame|312\/351|[from] item: Leftovers
|-heal|p2a: Rotom-Wash|141\/303|[from] item: Leftovers
|turn|15
|
|switch|p1a: Chesnaught|Chesnaught, F|261\/379 brn
|move|p2a: Rotom-Wash|Volt Switch|p1a: Chesnaught
|-resisted|p1a: Chesnaught
|-damage|p1a: Chesnaught|203\/379 brn
|
|switch|p2a: Clefable|Clefable, M|393\/393
|
|-damage|p1a: Chesnaught|156\/379 brn|[from] brn
|turn|16
|
|switch|p2a: Garchomp|Garchomp, M|360\/360
|move|p1a: Chesnaught|Spikes|p2a: Garchomp
|-sidestart|p2: Professional 01|Spikes
|
|-damage|p1a: Chesnaught|109\/379 brn|[from] brn
|turn|17
|
|move|p2a: Garchomp|Swords Dance|p2a: Garchomp
|-boost|p2a: Garchomp|atk|2
|move|p1a: Chesnaught|Spikes|p2a: Garchomp
|-sidestart|p2: Professional 01|Spikes
|
|-damage|p1a: Chesnaught|62\/379 brn|[from] brn
|turn|18
|
|move|p2a: Garchomp|Earthquake|p1a: Chesnaught
|-resisted|p1a: Chesnaught
|-damage|p1a: Chesnaught|0 fnt
|faint|p1a: Chesnaught
|
|
|switch|p1a: Starmie|Starmie|323\/323
|turn|19
|c|âFlashyJoey|burn now
|
|switch|p2a: Clefable|Clefable, M|393\/393
|move|p1a: Starmie|Scald|p2a: Clefable
|-crit|p2a: Clefable
|-damage|p2a: Clefable|267\/393
|
|-heal|p2a: Clefable|291\/393|[from] item: Leftovers
|turn|20
|
|switch|p1a: Talonflame|Talonflame, M|312\/351
|move|p2a: Clefable|Heal Bell|p2a: Clefable
|-cureteam|p2a: Clefable|[from] move: HealBell
|
|-heal|p1a: Talonflame|333\/351|[from] item: Leftovers
|-heal|p2a: Clefable|315\/393|[from] item: Leftovers
|turn|21
|
|move|p1a: Talonflame|Will-O-Wisp|p2a: Clefable
|-status|p2a: Clefable|brn
|move|p2a: Clefable|Thunder Wave|p1a: Talonflame
|-status|p1a: Talonflame|par
|
|-heal|p2a: Clefable|339\/393 brn|[from] item: Leftovers
|-heal|p1a: Talonflame|351\/351 par|[from] item: Leftovers
|turn|22
|
|switch|p1a: Tyranitar|Tyranitar, F|341\/341
|-weather|Sandstorm
|move|p2a: Clefable|Heal Bell|p2a: Clefable
|-cureteam|p2a: Clefable|[from] move: HealBell
|
|-weather|Sandstorm|[upkeep]
|-heal|p2a: Clefable|363\/393|[from] item: Leftovers
|turn|23
|
|move|p1a: Tyranitar|Stealth Rock|p2a: Clefable
|-sidestart|p2: Professional 01|move: Stealth Rock
|move|p2a: Clefable|Thunder Wave|p1a: Tyranitar
|-status|p1a: Tyranitar|par
|
|-weather|Sandstorm|[upkeep]
|-heal|p2a: Clefable|387\/393|[from] item: Leftovers
|turn|24
|
|switch|p2a: Rotom-Wash|Rotom-Wash|141\/303
|-damage|p2a: Rotom-Wash|104\/303|[from] Stealth Rock
|move|p1a: Tyranitar|Superpower|p2a: Rotom-Wash
|-damage|p2a: Rotom-Wash|4\/303
|-unboost|p1a: Tyranitar|atk|1
|-unboost|p1a: Tyranitar|def|1
|
|-weather|Sandstorm|[upkeep]
|-damage|p2a: Rotom-Wash|0 fnt|[from] sandstorm
|faint|p2a: Rotom-Wash
|
|switch|p2a: Garchomp|Garchomp, M|360\/360
|-damage|p2a: Garchomp|300\/360|[from] Spikes
|-damage|p2a: Garchomp|278\/360|[from] Stealth Rock
|turn|25
|
|switch|p1a: Starmie|Starmie|323\/323
|move|p2a: Garchomp|Swords Dance|p2a: Garchomp
|-boost|p2a: Garchomp|atk|2
|
|-weather|Sandstorm|[upkeep]
|-damage|p1a: Starmie|303\/323|[from] sandstorm
|-heal|p1a: Starmie|323\/323|[from] item: Leftovers
|turn|26
|
|move|p1a: Starmie|Scald|p2a: Garchomp
|-damage|p2a: Garchomp|160\/360
|move|p2a: Garchomp|Earthquake|p1a: Starmie
|-damage|p1a: Starmie|0 fnt
|faint|p1a: Starmie
|
|-weather|Sandstorm|[upkeep]
|
|switch|p1a: Excadrill|Excadrill, F|361\/361
|turn|27
|
|detailschange|p2a: Garchomp|Garchomp-Mega, M
|-mega|p2a: Garchomp|Garchomp|Garchompite
|move|p1a: Excadrill|Earthquake|p2a: Garchomp
|-damage|p2a: Garchomp|0 fnt
|-damage|p1a: Excadrill|325\/361|[from] item: Life Orb
|faint|p2a: Garchomp
|
|-weather|Sandstorm|[upkeep]
|
|switch|p2a: Tyranitar|Tyranitar, M|303\/403
|-damage|p2a: Tyranitar|236\/403|[from] Spikes
|-damage|p2a: Tyranitar|186\/403|[from] Stealth Rock
|turn|28
|
|move|p1a: Excadrill|Earthquake|p2a: Tyranitar
|-supereffective|p2a: Tyranitar
|-damage|p2a: Tyranitar|0 fnt
|-damage|p1a: Excadrill|289\/361|[from] item: Life Orb
|faint|p2a: Tyranitar
|
|-weather|Sandstorm|[upkeep]
|-message|Professional 01 forfeited.
|leave|Professional 01
|
|win|FlashyJoey
|raw|Ladder updating...
|player|p2
|raw|FlashyJoey's rating: 1663 &rarr; <strong>1683<\/strong><br \/>(+20 for winning)
|raw|Professional 01's rating: 1671 &rarr; <strong>1650<\/strong><br \/>(-21 for losing)