|join|Professional 01
|join|bousheesnaw
|player|p1|Professional 01|293
|player|p2|bousheesnaw|1
|gametype|singles
|gen|6
|tier|OU
|rated
|clearpoke
|poke|p1|Volcarona, M
|poke|p1|Gliscor, F
|poke|p1|Tyranitar, M
|poke|p1|Starmie
|poke|p1|Heatran, M
|poke|p1|Landorus-Therian, M
|poke|p2|Latios, M
|poke|p2|Magnezone
|poke|p2|Azumarill, M
|poke|p2|Clefable, M
|poke|p2|Landorus-Therian, M
|poke|p2|Bisharp, M
|rule|Swagger Clause: Swagger is banned
|rule|Baton Pass Clause: Limit one PokÃ©mon knowing Baton Pass
|rule|Sleep Clause Mod: Limit one foe put to sleep
|rule|Species Clause: Limit one of each PokÃ©mon
|rule|OHKO Clause: OHKO moves are banned
|rule|Moody Clause: Moody is banned
|rule|Evasion Moves Clause: Evasion moves are banned
|rule|Endless Battle Clause: Forcing endless battles is banned
|rule|HP Percentage Mod: HP is shown in percentages
|teampreview
|
|start
|switch|p1a: Landorus-Therian|Landorus-Therian, M|319\/319
|switch|p2a: Landorus-Therian|Landorus-Therian, M|382\/382
|-ability|p1a: Landorus-Therian|Intimidate|[of] p2a: Landorus-Therian
|-unboost|p2a: Landorus-Therian|atk|1
|-ability|p2a: Landorus-Therian|Intimidate|[of] p1a: Landorus-Therian
|-unboost|p1a: Landorus-Therian|atk|1
|turn|1
|
|move|p1a: Landorus-Therian|Knock Off|p2a: Landorus-Therian
|-damage|p2a: Landorus-Therian|317\/382
|-enditem|p2a: Landorus-Therian|Leftovers|[from] move: Knock Off|[of] p1a: Landorus-Therian
|move|p2a: Landorus-Therian|Stealth Rock|p1a: Landorus-Therian
|-sidestart|p1: Professional 01|move: Stealth Rock
|
|turn|2
|
|switch|p1a: Gliscor|Gliscor, F|352\/352
|-damage|p1a: Gliscor|308\/352|[from] Stealth Rock
|move|p2a: Landorus-Therian|U-turn|p1a: Gliscor
|-crit|p1a: Gliscor
|-resisted|p1a: Gliscor
|-damage|p1a: Gliscor|264\/352
|
|switch|p2a: Clefable|Clefable, M|394\/394
|
|-status|p1a: Gliscor|tox|[from] item: Toxic Orb
|turn|3
|
|switch|p2a: Landorus-Therian|Landorus-Therian, M|317\/382
|-ability|p2a: Landorus-Therian|Intimidate|[of] p1a: Gliscor
|-unboost|p1a: Gliscor|atk|1
|move|p1a: Gliscor|Taunt|p2a: Landorus-Therian
|-start|p2a: Landorus-Therian|move: Taunt
|
|-heal|p1a: Gliscor|308\/352 tox|[from] ability: Poison Heal
|turn|4
|
|switch|p2a: Clefable|Clefable, M|394\/394
|move|p1a: Gliscor|Swords Dance|p1a: Gliscor
|-boost|p1a: Gliscor|atk|2
|
|-heal|p1a: Gliscor|352\/352 tox|[from] ability: Poison Heal
|turn|5
|
|switch|p2a: Latios|Latios, M|301\/301
|move|p1a: Gliscor|Earthquake|p2a: Latios
|-immune|p2a: Latios|[msg]
|
|turn|6
|
|switch|p2a: Landorus-Therian|Landorus-Therian, M|317\/382
|-ability|p2a: Landorus-Therian|Intimidate|[of] p1a: Gliscor
|-unboost|p1a: Gliscor|atk|1
|move|p1a: Gliscor|Knock Off|p2a: Landorus-Therian
|-damage|p2a: Landorus-Therian|274\/382
|
|turn|7
|
|switch|p2a: Clefable|Clefable, M|394\/394
|move|p1a: Gliscor|Swords Dance|p1a: Gliscor
|-boost|p1a: Gliscor|atk|2
|
|turn|8
|
|move|p1a: Gliscor|Knock Off|p2a: Clefable
|-resisted|p2a: Clefable
|-damage|p2a: Clefable|322\/394
|-enditem|p2a: Clefable|Leftovers|[from] move: Knock Off|[of] p1a: Gliscor
|move|p2a: Clefable|Calm Mind|p2a: Clefable
|-boost|p2a: Clefable|spa|1
|-boost|p2a: Clefable|spd|1
|
|turn|9
|
|move|p1a: Gliscor|Earthquake|p2a: Clefable
|-damage|p2a: Clefable|79\/394
|move|p2a: Clefable|Moonblast|p1a: Gliscor
|-damage|p1a: Gliscor|145\/352 tox
|-unboost|p1a: Gliscor|spa|1
|
|-heal|p1a: Gliscor|189\/352 tox|[from] ability: Poison Heal
|turn|10
|
|switch|p2a: Latios|Latios, M|301\/301
|move|p1a: Gliscor|Knock Off|p2a: Latios
|-supereffective|p2a: Latios
|-damage|p2a: Latios|0 fnt
|faint|p2a: Latios
|
|-heal|p1a: Gliscor|233\/352 tox|[from] ability: Poison Heal
|
|switch|p2a: Azumarill|Azumarill, M|404\/404
|turn|11
|
|move|p1a: Gliscor|Earthquake|p2a: Azumarill
|-damage|p2a: Azumarill|58\/404
|move|p2a: Azumarill|Waterfall|p1a: Gliscor
|-supereffective|p1a: Gliscor
|-damage|p1a: Gliscor|0 fnt
|faint|p1a: Gliscor
|
|
|switch|p1a: Starmie|Starmie|323\/323
|-damage|p1a: Starmie|283\/323|[from] Stealth Rock
|turn|12
|
|switch|p2a: Magnezone|Magnezone|282\/282
|move|p1a: Starmie|Rapid Spin|p2a: Magnezone
|-resisted|p2a: Magnezone
|-damage|p2a: Magnezone|277\/282
|-sideend|p1: Professional 01|Stealth Rock|[from] move: Rapid Spin|[of] p1a: Starmie
|
|-heal|p1a: Starmie|303\/323|[from] item: Leftovers
|turn|13
|
|switch|p1a: Landorus-Therian|Landorus-Therian, M|319\/319
|-ability|p1a: Landorus-Therian|Intimidate|[of] p2a: Magnezone
|-unboost|p2a: Magnezone|atk|1
|move|p2a: Magnezone|Flash Cannon|p1a: Landorus-Therian
|-damage|p1a: Landorus-Therian|138\/319
|
|turn|14
|
|switch|p2a: Landorus-Therian|Landorus-Therian, M|274\/382
|-ability|p2a: Landorus-Therian|Intimidate|[of] p1a: Landorus-Therian
|-unboost|p1a: Landorus-Therian|atk|1
|move|p1a: Landorus-Therian|Knock Off|p2a: Landorus-Therian
|-damage|p2a: Landorus-Therian|228\/382
|
|turn|15
|
|switch|p1a: Starmie|Starmie|303\/323
|move|p2a: Landorus-Therian|Stealth Rock|p1a: Starmie
|-sidestart|p1: Professional 01|move: Stealth Rock
|
|-heal|p1a: Starmie|323\/323|[from] item: Leftovers
|turn|16
|
|move|p1a: Starmie|Scald|p2a: Landorus-Therian
|-supereffective|p2a: Landorus-Therian
|-damage|p2a: Landorus-Therian|0 fnt
|faint|p2a: Landorus-Therian
|
|
|switch|p2a: Bisharp|Bisharp, M|272\/272
|turn|17
|
|move|p1a: Starmie|Rapid Spin|p2a: Bisharp
|-resisted|p2a: Bisharp
|-damage|p2a: Bisharp|267\/272
|-sideend|p1: Professional 01|Stealth Rock|[from] move: Rapid Spin|[of] p1a: Starmie
|move|p2a: Bisharp|Pursuit|p1a: Starmie
|-supereffective|p1a: Starmie
|-damage|p1a: Starmie|113\/323
|
|-heal|p1a: Starmie|133\/323|[from] item: Leftovers
|turn|18
|
|move|p1a: Starmie|Scald|p2a: Bisharp
|-damage|p2a: Bisharp|129\/272
|-status|p2a: Bisharp|brn
|move|p2a: Bisharp|Pursuit|p1a: Starmie
|-supereffective|p1a: Starmie
|-damage|p1a: Starmie|35\/323
|
|-heal|p1a: Starmie|55\/323|[from] item: Leftovers
|-damage|p2a: Bisharp|95\/272 brn|[from] brn
|turn|19
|
|move|p2a: Bisharp|Sucker Punch|p1a: Starmie
|-fail|p1a: Starmie
|move|p1a: Starmie|Recover|p1a: Starmie
|-heal|p1a: Starmie|217\/323
|
|-heal|p1a: Starmie|237\/323|[from] item: Leftovers
|-damage|p2a: Bisharp|61\/272 brn|[from] brn
|turn|20
|
|move|p1a: Starmie|Scald|p2a: Bisharp
|-damage|p2a: Bisharp|0 fnt
|faint|p2a: Bisharp
|
|-heal|p1a: Starmie|257\/323|[from] item: Leftovers
|
|switch|p2a: Magnezone|Magnezone|277\/282
|turn|21
|
|switch|p1a: Landorus-Therian|Landorus-Therian, M|138\/319
|-ability|p1a: Landorus-Therian|Intimidate|[of] p2a: Magnezone
|-unboost|p2a: Magnezone|atk|1
|move|p2a: Magnezone|Volt Switch|p1a: Landorus-Therian
|-immune|p1a: Landorus-Therian|[msg]
|
|turn|22
|-message|bousheesnaw forfeited.
|
|win|Professional 01
|raw|Ladder updating...
|raw|Professional 01's rating: 1324 &rarr; <strong>1348<\/strong><br \/>(+24 for winning)
|raw|bousheesnaw's rating: 1390 &rarr; <strong>1366<\/strong><br \/>(-24 for losing)
|leave|Professional 01
|player|p1
|leave|bousheesnaw
|player|p2