|join|Professional 01
|join|sagitarius mimi
|player|p1|Professional 01|293
|player|p2|sagitarius mimi|276
|gametype|singles
|gen|6
|tier|OU
|rated
|clearpoke
|poke|p1|Gliscor, M
|poke|p1|Landorus-Therian, M
|poke|p1|Rotom-Wash
|poke|p1|Venusaur, F
|poke|p1|Tyranitar, F
|poke|p1|Chansey, F
|poke|p2|Talonflame, F
|poke|p2|Staraptor, F
|poke|p2|Deoxys-Speed
|poke|p2|Scizor, F
|poke|p2|Aegislash, M
|poke|p2|Garchomp, F
|rule|Sleep Clause Mod: Limit one foe put to sleep
|rule|Species Clause: Limit one of each Pokemon
|rule|OHKO Clause: OHKO moves are banned
|rule|Moody Clause: Moody is banned
|rule|Evasion Moves Clause: Evasion moves are banned
|rule|Endless Battle Clause: Forcing endless battles is banned.
|rule|HP Percentage Mod: HP is reported as percentages
|teampreview
|
|start
|switch|p1a: Tyranitar|Tyranitar, F|404\/404
|switch|p2a: Garchomp|Garchomp, F|358\/358
|-weather|Sandstorm
|turn|1
|join|Miller010
|
|switch|p1a: Landorus-Therian|Landorus-Therian, M|381\/381
|-ability|p1a: Landorus-Therian|Intimidate|[of] p2a: Garchomp
|-unboost|p2a: Garchomp|atk|1
|move|p2a: Garchomp|Stealth Rock|p1a: Landorus-Therian
|-sidestart|p1: Professional 01|move: Stealth Rock
|
|-weather|Sandstorm|[upkeep]
|turn|2
|
|move|p2a: Garchomp|Swords Dance|p2a: Garchomp
|-boost|p2a: Garchomp|atk|2
|move|p1a: Landorus-Therian|Stealth Rock|p2a: Garchomp
|-sidestart|p2: sagitarius mimi|move: Stealth Rock
|
|-weather|Sandstorm|[upkeep]
|turn|3
|
|move|p2a: Garchomp|Swords Dance|p2a: Garchomp
|-boost|p2a: Garchomp|atk|2
|move|p1a: Landorus-Therian|Hidden Power|p2a: Garchomp
|-supereffective|p2a: Garchomp
|-damage|p2a: Garchomp|126\/358
|
|-weather|Sandstorm|[upkeep]
|turn|4
|
|move|p2a: Garchomp|Outrage|p1a: Landorus-Therian
|-damage|p1a: Landorus-Therian|0 fnt
|faint|p1a: Landorus-Therian
|
|-weather|Sandstorm|[upkeep]
|
|switch|p1a: Gliscor|Gliscor, M|354\/354
|-damage|p1a: Gliscor|310\/354|[from] Stealth Rock
|turn|5
|
|move|p1a: Gliscor|Protect|p1a: Gliscor
|-singleturn|p1a: Gliscor|Protect
|move|p2a: Garchomp|Outrage|p1a: Gliscor
|-activate|p1a: Gliscor|Protect
|
|-end|p2a: Garchomp|rampage
|-start|p2a: Garchomp|confusion
|-weather|none
|-activate|p1a: Gliscor|item: Toxic Orb
|-status|p1a: Gliscor|tox
|turn|6
|
|-activate|p2a: Garchomp|confusion
|move|p2a: Garchomp|Outrage|p1a: Gliscor
|-damage|p1a: Gliscor|0 fnt
|faint|p1a: Gliscor
|
|
|switch|p1a: Tyranitar|Tyranitar, F|404\/404
|-damage|p1a: Tyranitar|354\/404|[from] Stealth Rock
|-weather|Sandstorm
|turn|7
|
|-end|p2a: Garchomp|confusion
|move|p2a: Garchomp|Outrage|p1a: Tyranitar
|-damage|p1a: Tyranitar|0 fnt
|faint|p1a: Tyranitar
|
|-weather|Sandstorm|[upkeep]
|-message|Professional 01 forfeited.
|
|win|sagitarius mimi
|raw|Ladder updating...
|raw|Professional 01's rating: 1558 &rarr; <strong>1543<\/strong><br \/>(-15 for losing)
|raw|sagitarius mimi's rating: 1635 &rarr; <strong>1650<\/strong><br \/>(+15 for winning)
|leave|Professional 01
|player|p1
|leave|Miller010