|join|Professional 01
|join|xalosse
|player|p1|Professional 01|293
|player|p2|xalosse|92
|gametype|singles
|gen|6
|tier|OU
|rated
|clearpoke
|poke|p1|Gliscor, M
|poke|p1|Talonflame, M
|poke|p1|Genesect
|poke|p1|Aegislash, M
|poke|p1|Conkeldurr, F
|poke|p1|Keldeo
|poke|p2|Gliscor, M
|poke|p2|Tentacruel, F
|poke|p2|Donphan, M
|poke|p2|Ferrothorn, F
|poke|p2|Azumarill, M
|poke|p2|Noivern, M
|rule|Sleep Clause Mod: Limit one foe put to sleep
|rule|Species Clause: Limit one of each Pokemon
|rule|OHKO Clause: OHKO moves are banned
|rule|Moody Clause: Moody is banned
|rule|Evasion Moves Clause: Evasion moves are banned
|rule|Endless Battle Clause: Forcing endless battles is banned.
|rule|HP Percentage Mod: HP is reported as percentages
|teampreview
|
|start
|switch|p1a: Conkeldurr|Conkeldurr, F|414\/414
|switch|p2a: Gliscor|Gliscor, M|352\/352
|turn|1
|
|move|p2a: Gliscor|Protect|p2a: Gliscor
|-singleturn|p2a: Gliscor|Protect
|move|p1a: Conkeldurr|Ice Punch|p2a: Gliscor
|-activate|p2a: Gliscor|Protect
|
|-activate|p2a: Gliscor|item: Toxic Orb
|-status|p2a: Gliscor|tox
|turn|2
|
|switch|p2a: Ferrothorn|Ferrothorn, F|352\/352
|move|p1a: Conkeldurr|Knock Off|p2a: Ferrothorn
|-crit|p2a: Ferrothorn
|-damage|p2a: Ferrothorn|224\/352
|-damage|p1a: Conkeldurr|363\/414|[from] ability: Iron Barbs|[of] p2a: Ferrothorn
|-enditem|p2a: Ferrothorn|Leftovers|[from] move: Knock Off|[of] p1a: Conkeldurr
|
|turn|3
|
|move|p1a: Conkeldurr|Drain Punch|p2a: Ferrothorn
|-supereffective|p2a: Ferrothorn
|-damage|p2a: Ferrothorn|2\/352
|-heal|p1a: Conkeldurr|414\/414|[from] drain|[of] p2a: Ferrothorn
|-damage|p1a: Conkeldurr|363\/414|[from] ability: Iron Barbs|[of] p2a: Ferrothorn
|move|p2a: Ferrothorn|Stealth Rock|p1a: Conkeldurr
|-sidestart|p1: Professional 01|move: Stealth Rock
|
|turn|4
|
|move|p1a: Conkeldurr|Mach Punch|p2a: Ferrothorn
|-supereffective|p2a: Ferrothorn
|-damage|p2a: Ferrothorn|0 fnt
|-damage|p1a: Conkeldurr|312\/414|[from] ability: Iron Barbs|[of] p2a: Ferrothorn
|faint|p2a: Ferrothorn
|
|
|switch|p2a: Noivern|Noivern, M|311\/311
|turn|5
|
|move|p2a: Noivern|Flamethrower|p1a: Conkeldurr
|-damage|p1a: Conkeldurr|178\/414
|move|p1a: Conkeldurr|Ice Punch|p2a: Noivern
|-supereffective|p2a: Noivern
|-damage|p2a: Noivern|0 fnt
|faint|p2a: Noivern
|
|
|switch|p2a: Azumarill|Azumarill, M|351\/351
|turn|6
|
|switch|p1a: Keldeo|Keldeo|323\/323
|-damage|p1a: Keldeo|303\/323|[from] Stealth Rock
|move|p2a: Azumarill|Play Rough|p1a: Keldeo
|-supereffective|p1a: Keldeo
|-damage|p1a: Keldeo|0 fnt
|faint|p1a: Keldeo
|
|
|switch|p1a: Genesect|Genesect|283\/283
|-damage|p1a: Genesect|248\/283|[from] Stealth Rock
|-boost|p1a: Genesect|atk|1|[from] ability: Download
|turn|7
|
|move|p1a: Genesect|Thunderbolt|p2a: Azumarill
|-crit|p2a: Azumarill
|-supereffective|p2a: Azumarill
|-damage|p2a: Azumarill|97\/351
|move|p2a: Azumarill|Power-Up Punch|p1a: Genesect
|-damage|p1a: Genesect|174\/283
|-boost|p2a: Azumarill|atk|1
|
|turn|8
|
|move|p2a: Azumarill|Aqua Jet|p1a: Genesect
|-damage|p1a: Genesect|21\/283
|move|p1a: Genesect|Thunderbolt|p2a: Azumarill
|-supereffective|p2a: Azumarill
|-damage|p2a: Azumarill|0 fnt
|faint|p2a: Azumarill
|
|
|switch|p2a: Donphan|Donphan, M|384\/384
|turn|9
|
|move|p1a: Genesect|Thunderbolt|p2a: Donphan
|-immune|p2a: Donphan|[msg]
|move|p2a: Donphan|Knock Off|p1a: Genesect
|-damage|p1a: Genesect|0 fnt
|faint|p1a: Genesect
|
|
|switch|p1a: Conkeldurr|Conkeldurr, F|178\/414
|-damage|p1a: Conkeldurr|153\/414|[from] Stealth Rock
|turn|10
|
|move|p2a: Donphan|Earthquake|p1a: Conkeldurr
|-damage|p1a: Conkeldurr|21\/414
|move|p1a: Conkeldurr|Ice Punch|p2a: Donphan
|-supereffective|p2a: Donphan
|-damage|p2a: Donphan|254\/384
|
|-heal|p2a: Donphan|278\/384|[from] item: Leftovers
|turn|11
|
|move|p2a: Donphan|Ice Shard|p1a: Conkeldurr
|-damage|p1a: Conkeldurr|0 fnt
|faint|p1a: Conkeldurr
|
|-heal|p2a: Donphan|302\/384|[from] item: Leftovers
|
|switch|p1a: Aegislash|Aegislash, M|293\/293
|-damage|p1a: Aegislash|275\/293|[from] Stealth Rock
|turn|12
|
|switch|p1a: Gliscor|Gliscor, M|354\/354
|-damage|p1a: Gliscor|310\/354|[from] Stealth Rock
|move|p2a: Donphan|Earthquake|p1a: Gliscor
|-immune|p1a: Gliscor|[msg]
|
|-heal|p2a: Donphan|326\/384|[from] item: Leftovers
|-activate|p1a: Gliscor|item: Toxic Orb
|-status|p1a: Gliscor|tox
|turn|13
|
|move|p1a: Gliscor|Protect|p1a: Gliscor
|-singleturn|p1a: Gliscor|Protect
|move|p2a: Donphan|Ice Shard|p1a: Gliscor
|-activate|p1a: Gliscor|Protect
|
|-heal|p2a: Donphan|350\/384|[from] item: Leftovers
|-heal|p1a: Gliscor|354\/354 tox|[from] ability: Poison Heal
|turn|14
|
|move|p2a: Donphan|Ice Shard|p1a: Gliscor
|-supereffective|p1a: Gliscor
|-damage|p1a: Gliscor|254\/354 tox
|move|p1a: Gliscor|Toxic|p2a: Donphan|[miss]
|-miss|p1a: Gliscor|p2a: Donphan
|
|-heal|p2a: Donphan|374\/384|[from] item: Leftovers
|-heal|p1a: Gliscor|298\/354 tox|[from] ability: Poison Heal
|turn|15
|
|switch|p2a: Gliscor|Gliscor, M|352\/352 tox
|move|p1a: Gliscor|Toxic|p2a: Gliscor
|-fail|p2a: Gliscor|tox
|
|-heal|p1a: Gliscor|342\/354 tox|[from] ability: Poison Heal
|turn|16
|
|move|p2a: Gliscor|Taunt|p1a: Gliscor
|-start|p1a: Gliscor|move: Taunt
|move|p1a: Gliscor|Knock Off|p2a: Gliscor
|-damage|p2a: Gliscor|300\/352 tox
|-enditem|p2a: Gliscor|Toxic Orb|[from] move: Knock Off|[of] p1a: Gliscor
|
|-heal|p2a: Gliscor|344\/352 tox|[from] ability: Poison Heal
|-heal|p1a: Gliscor|354\/354 tox|[from] ability: Poison Heal
|turn|17
|
|switch|p1a: Aegislash|Aegislash, M|275\/293
|-damage|p1a: Aegislash|257\/293|[from] Stealth Rock
|move|p2a: Gliscor|Knock Off|p1a: Aegislash
|-supereffective|p1a: Aegislash
|-damage|p1a: Aegislash|137\/293
|-enditem|p1a: Aegislash|Weakness Policy
|-boost|p1a: Aegislash|atk|2|[from] item: Weakness Policy
|-boost|p1a: Aegislash|spa|2|[from] item: Weakness Policy
|
|-heal|p2a: Gliscor|352\/352 tox|[from] ability: Poison Heal
|turn|18
|
|move|p2a: Gliscor|Earthquake|p1a: Aegislash
|-supereffective|p1a: Aegislash
|-damage|p1a: Aegislash|0 fnt
|faint|p1a: Aegislash
|
|
|switch|p1a: Talonflame|Talonflame, M|298\/298
|-damage|p1a: Talonflame|149\/298|[from] Stealth Rock
|turn|19
|
|move|p1a: Talonflame|Brave Bird|p2a: Gliscor
|-damage|p2a: Gliscor|231\/352 tox
|-damage|p1a: Talonflame|109\/298|[from] recoil|[of] p2a: Gliscor
|move|p2a: Gliscor|Earthquake|p1a: Talonflame
|-immune|p1a: Talonflame|[msg]
|
|-heal|p2a: Gliscor|275\/352 tox|[from] ability: Poison Heal
|turn|20
|
|move|p1a: Talonflame|Swords Dance|p1a: Talonflame
|-boost|p1a: Talonflame|atk|2
|move|p2a: Gliscor|Knock Off|p1a: Talonflame
|-damage|p1a: Talonflame|13\/298
|-enditem|p1a: Talonflame|Liechi Berry|[from] move: Knock Off|[of] p2a: Gliscor
|
|-heal|p2a: Gliscor|319\/352 tox|[from] ability: Poison Heal
|turn|21
|
|move|p1a: Talonflame|Brave Bird|p2a: Gliscor
|-damage|p2a: Gliscor|90\/352 tox
|-damage|p1a: Talonflame|0 fnt|[from] recoil|[of] p2a: Gliscor
|faint|p1a: Talonflame
|move|p2a: Gliscor|Taunt|p1: Talonflame|[notarget]
|-notarget
|
|-heal|p2a: Gliscor|134\/352 tox|[from] ability: Poison Heal
|
|switch|p1a: Gliscor|Gliscor, M|354\/354 tox
|-damage|p1a: Gliscor|310\/354 tox|[from] Stealth Rock
|turn|22
|
|move|p2a: Gliscor|Taunt|p1a: Gliscor
|-start|p1a: Gliscor|move: Taunt
|move|p1a: Gliscor|Knock Off|p2a: Gliscor
|-damage|p2a: Gliscor|101\/352 tox
|
|-heal|p2a: Gliscor|145\/352 tox|[from] ability: Poison Heal
|-heal|p1a: Gliscor|354\/354 tox|[from] ability: Poison Heal
|turn|23
|
|move|p2a: Gliscor|Knock Off|p1a: Gliscor
|-damage|p1a: Gliscor|304\/354 tox
|-enditem|p1a: Gliscor|Toxic Orb|[from] move: Knock Off|[of] p2a: Gliscor
|move|p1a: Gliscor|Knock Off|p2a: Gliscor
|-damage|p2a: Gliscor|107\/352 tox
|
|-heal|p2a: Gliscor|151\/352 tox|[from] ability: Poison Heal
|-heal|p1a: Gliscor|348\/354 tox|[from] ability: Poison Heal
|turn|24
|
|switch|p2a: Tentacruel|Tentacruel, F|363\/363
|move|p1a: Gliscor|Knock Off|p2a: Tentacruel
|-damage|p2a: Tentacruel|288\/363
|-enditem|p2a: Tentacruel|Black Sludge|[from] move: Knock Off|[of] p1a: Gliscor
|
|-heal|p1a: Gliscor|354\/354 tox|[from] ability: Poison Heal
|-end|p1a: Gliscor|move: Taunt
|turn|25
|
|move|p1a: Gliscor|Protect|p1a: Gliscor
|-singleturn|p1a: Gliscor|Protect
|move|p2a: Tentacruel|Scald|p1a: Gliscor
|-activate|p1a: Gliscor|Protect
|
|turn|26
|
|move|p2a: Tentacruel|Scald|p1a: Gliscor
|-supereffective|p1a: Gliscor
|-damage|p1a: Gliscor|142\/354 tox
|move|p1a: Gliscor|Earthquake|p2a: Tentacruel
|-supereffective|p2a: Tentacruel
|-damage|p2a: Tentacruel|40\/363
|
|-heal|p1a: Gliscor|186\/354 tox|[from] ability: Poison Heal
|turn|27
|
|move|p1a: Gliscor|Protect|p1a: Gliscor
|-singleturn|p1a: Gliscor|Protect
|move|p2a: Tentacruel|Scald|p1a: Gliscor
|-activate|p1a: Gliscor|Protect
|
|-heal|p1a: Gliscor|230\/354 tox|[from] ability: Poison Heal
|turn|28
|
|move|p2a: Tentacruel|Scald|p1a: Gliscor
|-supereffective|p1a: Gliscor
|-damage|p1a: Gliscor|36\/354 tox
|move|p1a: Gliscor|Earthquake|p2a: Tentacruel
|-supereffective|p2a: Tentacruel
|-damage|p2a: Tentacruel|0 fnt
|faint|p2a: Tentacruel
|
|-heal|p1a: Gliscor|80\/354 tox|[from] ability: Poison Heal
|
|switch|p2a: Donphan|Donphan, M|374\/384
|turn|29
|
|move|p1a: Gliscor|Protect|p1a: Gliscor
|-singleturn|p1a: Gliscor|Protect
|move|p2a: Donphan|Ice Shard|p1a: Gliscor
|-activate|p1a: Gliscor|Protect
|
|-heal|p2a: Donphan|384\/384|[from] item: Leftovers
|-heal|p1a: Gliscor|124\/354 tox|[from] ability: Poison Heal
|turn|30
|
|move|p1a: Gliscor|Protect|p1a: Gliscor
|-fail|p1a: Gliscor
|move|p2a: Donphan|Ice Shard|p1a: Gliscor
|-supereffective|p1a: Gliscor
|-damage|p1a: Gliscor|24\/354 tox
|
|-heal|p1a: Gliscor|68\/354 tox|[from] ability: Poison Heal
|turn|31
|
|move|p1a: Gliscor|Protect|p1a: Gliscor
|-singleturn|p1a: Gliscor|Protect
|move|p2a: Donphan|Ice Shard|p1a: Gliscor
|-activate|p1a: Gliscor|Protect
|
|-heal|p1a: Gliscor|112\/354 tox|[from] ability: Poison Heal
|turn|32
|
|move|p1a: Gliscor|Protect|p1a: Gliscor
|-singleturn|p1a: Gliscor|Protect
|move|p2a: Donphan|Ice Shard|p1a: Gliscor
|-activate|p1a: Gliscor|Protect
|
|-heal|p1a: Gliscor|156\/354 tox|[from] ability: Poison Heal
|turn|33
|
|move|p2a: Donphan|Ice Shard|p1a: Gliscor
|-supereffective|p1a: Gliscor
|-damage|p1a: Gliscor|68\/354 tox
|move|p1a: Gliscor|Toxic|p2a: Donphan
|-status|p2a: Donphan|tox
|
|-heal|p1a: Gliscor|112\/354 tox|[from] ability: Poison Heal
|-damage|p2a: Donphan|360\/384 tox|[from] psn
|turn|34
|
|move|p1a: Gliscor|Protect|p1a: Gliscor
|-singleturn|p1a: Gliscor|Protect
|move|p2a: Donphan|Ice Shard|p1a: Gliscor
|-activate|p1a: Gliscor|Protect
|
|-heal|p2a: Donphan|384\/384 tox|[from] item: Leftovers
|-heal|p1a: Gliscor|156\/354 tox|[from] ability: Poison Heal
|-damage|p2a: Donphan|336\/384 tox|[from] psn
|turn|35
|
|move|p1a: Gliscor|Protect|p1a: Gliscor
|-singleturn|p1a: Gliscor|Protect
|move|p2a: Donphan|Ice Shard|p1a: Gliscor
|-activate|p1a: Gliscor|Protect
|
|-heal|p2a: Donphan|360\/384 tox|[from] item: Leftovers
|-heal|p1a: Gliscor|200\/354 tox|[from] ability: Poison Heal
|-damage|p2a: Donphan|288\/384 tox|[from] psn
|turn|36
|
|move|p2a: Donphan|Ice Shard|p1a: Gliscor
|-supereffective|p1a: Gliscor
|-damage|p1a: Gliscor|104\/354 tox
|move|p1a: Gliscor|Knock Off|p2a: Donphan
|-damage|p2a: Donphan|239\/384 tox
|-enditem|p2a: Donphan|Leftovers|[from] move: Knock Off|[of] p1a: Gliscor
|
|-heal|p1a: Gliscor|148\/354 tox|[from] ability: Poison Heal
|-damage|p2a: Donphan|143\/384 tox|[from] psn
|turn|37
|
|move|p1a: Gliscor|Protect|p1a: Gliscor
|-singleturn|p1a: Gliscor|Protect
|move|p2a: Donphan|Ice Shard|p1a: Gliscor
|-activate|p1a: Gliscor|Protect
|
|-heal|p1a: Gliscor|192\/354 tox|[from] ability: Poison Heal
|-damage|p2a: Donphan|23\/384 tox|[from] psn
|turn|38
|
|move|p1a: Gliscor|Protect|p1a: Gliscor
|-fail|p1a: Gliscor
|move|p2a: Donphan|Ice Shard|p1a: Gliscor
|-crit|p1a: Gliscor
|-supereffective|p1a: Gliscor
|-damage|p1a: Gliscor|32\/354 tox
|
|-heal|p1a: Gliscor|76\/354 tox|[from] ability: Poison Heal
|-damage|p2a: Donphan|0 fnt|[from] psn
|faint|p2a: Donphan
|
|switch|p2a: Gliscor|Gliscor, M|151\/352 tox
|turn|39
|
|move|p1a: Gliscor|Protect|p1a: Gliscor
|-singleturn|p1a: Gliscor|Protect
|move|p2a: Gliscor|Knock Off|p1a: Gliscor
|-activate|p1a: Gliscor|Protect
|
|-heal|p2a: Gliscor|195\/352 tox|[from] ability: Poison Heal
|-heal|p1a: Gliscor|120\/354 tox|[from] ability: Poison Heal
|turn|40
|
|move|p2a: Gliscor|Taunt|p1a: Gliscor
|-start|p1a: Gliscor|move: Taunt
|move|p1a: Gliscor|Knock Off|p2a: Gliscor
|-damage|p2a: Gliscor|158\/352 tox
|
|-heal|p2a: Gliscor|202\/352 tox|[from] ability: Poison Heal
|-heal|p1a: Gliscor|164\/354 tox|[from] ability: Poison Heal
|turn|41
|
|move|p2a: Gliscor|Knock Off|p1a: Gliscor
|-damage|p1a: Gliscor|134\/354 tox
|move|p1a: Gliscor|Knock Off|p2a: Gliscor
|-damage|p2a: Gliscor|165\/352 tox
|
|-heal|p2a: Gliscor|209\/352 tox|[from] ability: Poison Heal
|-heal|p1a: Gliscor|178\/354 tox|[from] ability: Poison Heal
|turn|42
|
|move|p2a: Gliscor|Protect|p2a: Gliscor
|-singleturn|p2a: Gliscor|Protect
|move|p1a: Gliscor|Knock Off|p2a: Gliscor
|-activate|p2a: Gliscor|Protect
|
|-heal|p2a: Gliscor|253\/352 tox|[from] ability: Poison Heal
|-heal|p1a: Gliscor|222\/354 tox|[from] ability: Poison Heal
|-end|p1a: Gliscor|move: Taunt
|turn|43
|
|move|p2a: Gliscor|Taunt|p1a: Gliscor
|-start|p1a: Gliscor|move: Taunt
|move|p1a: Gliscor|Knock Off|p2a: Gliscor
|-damage|p2a: Gliscor|217\/352 tox
|
|-heal|p2a: Gliscor|261\/352 tox|[from] ability: Poison Heal
|-heal|p1a: Gliscor|266\/354 tox|[from] ability: Poison Heal
|turn|44
|
|move|p2a: Gliscor|Protect|p2a: Gliscor
|-singleturn|p2a: Gliscor|Protect
|move|p1a: Gliscor|Knock Off|p2a: Gliscor
|-activate|p2a: Gliscor|Protect
|
|-heal|p2a: Gliscor|305\/352 tox|[from] ability: Poison Heal
|-heal|p1a: Gliscor|310\/354 tox|[from] ability: Poison Heal
|turn|45
|
|move|p2a: Gliscor|Knock Off|p1a: Gliscor
|-damage|p1a: Gliscor|278\/354 tox
|move|p1a: Gliscor|Knock Off|p2a: Gliscor
|-damage|p2a: Gliscor|267\/352 tox
|
|-heal|p2a: Gliscor|311\/352 tox|[from] ability: Poison Heal
|-heal|p1a: Gliscor|322\/354 tox|[from] ability: Poison Heal
|-end|p1a: Gliscor|move: Taunt
|turn|46
|
|move|p2a: Gliscor|Taunt|p1a: Gliscor
|-start|p1a: Gliscor|move: Taunt
|cant|p1a: Gliscor|move: Taunt|Toxic
|
|-heal|p2a: Gliscor|352\/352 tox|[from] ability: Poison Heal
|-heal|p1a: Gliscor|354\/354 tox|[from] ability: Poison Heal
|turn|47
|
|move|p2a: Gliscor|Protect|p2a: Gliscor
|-singleturn|p2a: Gliscor|Protect
|move|p1a: Gliscor|Knock Off|p2a: Gliscor
|-activate|p2a: Gliscor|Protect
|
|turn|48
|
|move|p2a: Gliscor|Knock Off|p1a: Gliscor
|-damage|p1a: Gliscor|321\/354 tox
|move|p1a: Gliscor|Earthquake|p2a: Gliscor
|-immune|p2a: Gliscor|[msg]
|
|-heal|p1a: Gliscor|354\/354 tox|[from] ability: Poison Heal
|-end|p1a: Gliscor|move: Taunt
|turn|49
|
|move|p2a: Gliscor|Taunt|p1a: Gliscor
|-start|p1a: Gliscor|move: Taunt
|cant|p1a: Gliscor|move: Taunt|Toxic
|
|turn|50
|
|move|p2a: Gliscor|Knock Off|p1a: Gliscor
|-damage|p1a: Gliscor|322\/354 tox
|move|p1a: Gliscor|Knock Off|p2a: Gliscor
|-damage|p2a: Gliscor|318\/352 tox
|
|-heal|p2a: Gliscor|352\/352 tox|[from] ability: Poison Heal
|-heal|p1a: Gliscor|354\/354 tox|[from] ability: Poison Heal
|turn|51
|
|move|p2a: Gliscor|Knock Off|p1a: Gliscor
|-damage|p1a: Gliscor|320\/354 tox
|move|p1a: Gliscor|Knock Off|p2a: Gliscor
|-damage|p2a: Gliscor|317\/352 tox
|
|-heal|p2a: Gliscor|352\/352 tox|[from] ability: Poison Heal
|-heal|p1a: Gliscor|354\/354 tox|[from] ability: Poison Heal
|-end|p1a: Gliscor|move: Taunt
|turn|52
|
|move|p1a: Gliscor|Protect|p1a: Gliscor
|-singleturn|p1a: Gliscor|Protect
|move|p2a: Gliscor|Taunt|p1a: Gliscor
|-activate|p1a: Gliscor|Protect
|
|turn|53
|
|move|p2a: Gliscor|Taunt|p1a: Gliscor
|-start|p1a: Gliscor|move: Taunt
|cant|p1a: Gliscor|move: Taunt|Toxic
|
|turn|54
|
|move|p2a: Gliscor|Knock Off|p1a: Gliscor
|-damage|p1a: Gliscor|322\/354 tox
|move|p1a: Gliscor|Knock Off|p2a: Gliscor
|-damage|p2a: Gliscor|314\/352 tox
|
|-heal|p2a: Gliscor|352\/352 tox|[from] ability: Poison Heal
|-heal|p1a: Gliscor|354\/354 tox|[from] ability: Poison Heal
|turn|55
|
|move|p2a: Gliscor|Knock Off|p1a: Gliscor
|-damage|p1a: Gliscor|321\/354 tox
|move|p1a: Gliscor|Knock Off|p2a: Gliscor
|-crit|p2a: Gliscor
|-damage|p2a: Gliscor|301\/352 tox
|
|-heal|p2a: Gliscor|345\/352 tox|[from] ability: Poison Heal
|-heal|p1a: Gliscor|354\/354 tox|[from] ability: Poison Heal
|-end|p1a: Gliscor|move: Taunt
|turn|56
|
|move|p2a: Gliscor|Taunt|p1a: Gliscor
|-start|p1a: Gliscor|move: Taunt
|cant|p1a: Gliscor|move: Taunt|Toxic
|
|-heal|p2a: Gliscor|352\/352 tox|[from] ability: Poison Heal
|turn|57
|
|move|p2a: Gliscor|Knock Off|p1a: Gliscor
|-damage|p1a: Gliscor|323\/354 tox
|move|p1a: Gliscor|Knock Off|p2a: Gliscor
|-damage|p2a: Gliscor|318\/352 tox
|
|-heal|p2a: Gliscor|352\/352 tox|[from] ability: Poison Heal
|-heal|p1a: Gliscor|354\/354 tox|[from] ability: Poison Heal
|turn|58
|
|move|p2a: Gliscor|Knock Off|p1a: Gliscor
|-damage|p1a: Gliscor|324\/354 tox
|move|p1a: Gliscor|Knock Off|p2a: Gliscor
|-damage|p2a: Gliscor|314\/352 tox
|
|-heal|p2a: Gliscor|352\/352 tox|[from] ability: Poison Heal
|-heal|p1a: Gliscor|354\/354 tox|[from] ability: Poison Heal
|-end|p1a: Gliscor|move: Taunt
|turn|59
|
|move|p2a: Gliscor|Taunt|p1a: Gliscor
|-start|p1a: Gliscor|move: Taunt
|cant|p1a: Gliscor|move: Taunt|Toxic
|
|turn|60
|
|move|p2a: Gliscor|Knock Off|p1a: Gliscor
|-damage|p1a: Gliscor|322\/354 tox
|move|p1a: Gliscor|Knock Off|p2a: Gliscor
|-damage|p2a: Gliscor|317\/352 tox
|
|-heal|p2a: Gliscor|352\/352 tox|[from] ability: Poison Heal
|-heal|p1a: Gliscor|354\/354 tox|[from] ability: Poison Heal
|turn|61
|
|move|p2a: Gliscor|Knock Off|p1a: Gliscor
|-damage|p1a: Gliscor|325\/354 tox
|move|p1a: Gliscor|Knock Off|p2a: Gliscor
|-damage|p2a: Gliscor|315\/352 tox
|
|-heal|p2a: Gliscor|352\/352 tox|[from] ability: Poison Heal
|-heal|p1a: Gliscor|354\/354 tox|[from] ability: Poison Heal
|-end|p1a: Gliscor|move: Taunt
|turn|62
|
|move|p2a: Gliscor|Taunt|p1a: Gliscor
|-start|p1a: Gliscor|move: Taunt
|cant|p1a: Gliscor|move: Taunt|Toxic
|
|turn|63
|
|move|p2a: Gliscor|Knock Off|p1a: Gliscor
|-damage|p1a: Gliscor|325\/354 tox
|move|p1a: Gliscor|Knock Off|p2a: Gliscor
|-damage|p2a: Gliscor|319\/352 tox
|
|-heal|p2a: Gliscor|352\/352 tox|[from] ability: Poison Heal
|-heal|p1a: Gliscor|354\/354 tox|[from] ability: Poison Heal
|turn|64
|
|move|p2a: Gliscor|Earthquake|p1a: Gliscor
|-immune|p1a: Gliscor|[msg]
|move|p1a: Gliscor|Knock Off|p2a: Gliscor
|-damage|p2a: Gliscor|316\/352 tox
|
|-heal|p2a: Gliscor|352\/352 tox|[from] ability: Poison Heal
|-end|p1a: Gliscor|move: Taunt
|turn|65
|
|move|p2a: Gliscor|Taunt|p1a: Gliscor
|-start|p1a: Gliscor|move: Taunt
|move|p1a: Gliscor|Earthquake|p2a: Gliscor
|-immune|p2a: Gliscor|[msg]
|
|turn|66
|
|move|p2a: Gliscor|Knock Off|p1a: Gliscor
|-damage|p1a: Gliscor|321\/354 tox
|move|p1a: Gliscor|Knock Off|p2a: Gliscor
|-damage|p2a: Gliscor|316\/352 tox
|
|-heal|p2a: Gliscor|352\/352 tox|[from] ability: Poison Heal
|-heal|p1a: Gliscor|354\/354 tox|[from] ability: Poison Heal
|turn|67
|
|move|p2a: Gliscor|Knock Off|p1a: Gliscor
|-damage|p1a: Gliscor|324\/354 tox
|move|p1a: Gliscor|Earthquake|p2a: Gliscor
|-immune|p2a: Gliscor|[msg]
|
|-heal|p1a: Gliscor|354\/354 tox|[from] ability: Poison Heal
|-end|p1a: Gliscor|move: Taunt
|turn|68
|
|move|p2a: Gliscor|Taunt|p1a: Gliscor
|-start|p1a: Gliscor|move: Taunt
|cant|p1a: Gliscor|move: Taunt|Toxic
|
|turn|69
|-message|xalosse forfeited.
|chat|xalosse|you're lucky, i don't have any time left
|leave|xalosse
|
|win|Professional 01
|raw|Ladder updating...
|player|p2
|raw|Professional 01's rating: 1422 &rarr; <strong>1440<\/strong><br \/>(+18 for winning)
|raw|xalosse's rating: 1399 &rarr; <strong>1375<\/strong><br \/>(-24 for losing)