|join|Gym Leader St
|join|Professional 01
|player|p1|Gym Leader St|163
|player|p2|Professional 01|293
|gametype|singles
|gen|6
|tier|OU
|rated
|clearpoke
|poke|p1|Latios, M
|poke|p1|Conkeldurr, M
|poke|p1|Heatran, F
|poke|p1|Genesect
|poke|p1|Garchomp, F
|poke|p1|Deoxys-Defense
|poke|p2|Gliscor, F
|poke|p2|Talonflame, F
|poke|p2|Genesect
|poke|p2|Aegislash, M
|poke|p2|Conkeldurr, M
|poke|p2|Keldeo
|rule|Sleep Clause Mod: Limit one foe put to sleep
|rule|Species Clause: Limit one of each Pokemon
|rule|OHKO Clause: OHKO moves are banned
|rule|Moody Clause: Moody is banned
|rule|Evasion Moves Clause: Evasion moves are banned
|rule|Endless Battle Clause: Forcing endless battles is banned.
|rule|HP Percentage Mod: HP is reported as percentages
|teampreview
|
|start
|switch|p1a: Heatran|Heatran, F|386\/386
|switch|p2a: Conkeldurr|Conkeldurr, M|414\/414
|turn|1
|
|switch|p1a: Deoxys-Defense|Deoxys-Defense|304\/304
|-ability|p1a: Deoxys-Defense|Pressure
|move|p2a: Conkeldurr|Knock Off|p1a: Deoxys-Defense
|-supereffective|p1a: Deoxys-Defense
|-damage|p1a: Deoxys-Defense|162\/304
|-enditem|p1a: Deoxys-Defense|Leftovers|[from] move: Knock Off|[of] p2a: Conkeldurr
|
|turn|2
|
|switch|p2a: Talonflame|Talonflame, F|298\/298
|move|p1a: Deoxys-Defense|Spikes|p2a: Talonflame
|-sidestart|p2: Professional 01|Spikes
|
|turn|3
|
|switch|p1a: Heatran|Heatran, F|386\/386
|move|p2a: Talonflame|Swords Dance|p2a: Talonflame
|-boost|p2a: Talonflame|atk|2
|
|turn|4
|
|switch|p2a: Conkeldurr|Conkeldurr, M|414\/414
|-damage|p2a: Conkeldurr|363\/414|[from] Spikes
|move|p1a: Heatran|Stealth Rock|p2a: Conkeldurr
|-sidestart|p2: Professional 01|move: Stealth Rock
|
|turn|5
|
|switch|p1a: Deoxys-Defense|Deoxys-Defense|162\/304
|-ability|p1a: Deoxys-Defense|Pressure
|move|p2a: Conkeldurr|Drain Punch|p1a: Deoxys-Defense
|-resisted|p1a: Deoxys-Defense
|-damage|p1a: Deoxys-Defense|123\/304
|-heal|p2a: Conkeldurr|383\/414|[from] drain|[of] p1a: Deoxys-Defense
|
|turn|6
|
|switch|p2a: Genesect|Genesect|283\/283
|-damage|p2a: Genesect|248\/283|[from] Spikes
|-damage|p2a: Genesect|213\/283|[from] Stealth Rock
|-boost|p2a: Genesect|spa|1|[from] ability: Download
|move|p1a: Deoxys-Defense|Recover|p1a: Deoxys-Defense
|-heal|p1a: Deoxys-Defense|275\/304
|
|turn|7
|
|switch|p1a: Conkeldurr|Conkeldurr, M|414\/414
|move|p2a: Genesect|Flash Cannon|p1a: Conkeldurr
|-damage|p1a: Conkeldurr|134\/414
|
|-activate|p1a: Conkeldurr|item: Flame Orb
|-status|p1a: Conkeldurr|brn
|turn|8
|
|move|p1a: Conkeldurr|Mach Punch|p2a: Genesect
|-damage|p2a: Genesect|71\/283
|move|p2a: Genesect|Flash Cannon|p1a: Conkeldurr
|-damage|p1a: Conkeldurr|0 fnt
|faint|p1a: Conkeldurr
|
|
|switch|p1a: Genesect|Genesect|283\/283
|-boost|p1a: Genesect|atk|1|[from] ability: Download
|turn|9
|
|switch|p2a: Conkeldurr|Conkeldurr, M|383\/414
|-damage|p2a: Conkeldurr|358\/414|[from] Stealth Rock
|-damage|p2a: Conkeldurr|307\/414|[from] Spikes
|move|p1a: Genesect|U-turn|p2a: Conkeldurr
|-resisted|p2a: Conkeldurr
|-damage|p2a: Conkeldurr|232\/414
|
|switch|p1a: Latios|Latios, M|364\/364
|
|turn|10
|
|move|p1a: Latios|Psyshock|p2a: Conkeldurr
|-supereffective|p2a: Conkeldurr
|-damage|p2a: Conkeldurr|0 fnt
|-damage|p1a: Latios|328\/364|[from] item: Life Orb
|faint|p2a: Conkeldurr
|
|
|switch|p2a: Aegislash|Aegislash, M|293\/293
|-damage|p2a: Aegislash|257\/293|[from] Spikes
|-damage|p2a: Aegislash|239\/293|[from] Stealth Rock
|turn|11
|
|switch|p1a: Garchomp|Garchomp, F|357\/357
|-formechange|p2a: Aegislash|Aegislash-Blade
|move|p2a: Aegislash|Shadow Ball|p1a: Garchomp
|-damage|p1a: Garchomp|168\/357
|
|turn|12
|
|-formechange|p1a: Garchomp|Garchomp-Mega
|message|Garchomp has Mega Evolved into Mega Garchomp!
|-formechange|p2a: Aegislash|Aegislash
|move|p2a: Aegislash|King's Shield|p2a: Aegislash
|-singleturn|p2a: Aegislash|Protect
|move|p1a: Garchomp|Earthquake|p2a: Aegislash
|-activate|p2a: Aegislash|Protect
|
|turn|13
|
|switch|p2a: Gliscor|Gliscor, F|354\/354
|-damage|p2a: Gliscor|310\/354|[from] Stealth Rock
|move|p1a: Garchomp|Earthquake|p2a: Gliscor
|-immune|p2a: Gliscor|[msg]
|
|-activate|p2a: Gliscor|item: Toxic Orb
|-status|p2a: Gliscor|tox
|turn|14
|chat|Gym Leader St|fun fact this mega chomps earthquake always o.ks aegislash even in shield 
|chat|Professional 01|yup
|
|switch|p1a: Genesect|Genesect|283\/283
|-boost|p1a: Genesect|spa|1|[from] ability: Download
|move|p2a: Gliscor|Protect|p2a: Gliscor
|-fail|p2a: Gliscor
|
|-heal|p2a: Gliscor|354\/354 tox|[from] ability: Poison Heal
|turn|15
|chat|Professional 01|Life Orb Garchomp does too though
|chat|Gym Leader St|really? i didnt know that
|
|move|p2a: Gliscor|Protect|p2a: Gliscor
|-singleturn|p2a: Gliscor|Protect
|move|p1a: Genesect|U-turn|p2a: Gliscor
|-activate|p2a: Gliscor|Protect
|
|turn|16
|chat|Gym Leader St|is it only adamant or can a jolly do it to 
|chat|Professional 01|252 Atk Life Orb Garchomp Earthquake vs. 252 HP \/ 0 Def Aegislash-Shield: 299-354 (92.2 - 109.2%) -- 93.8% chance to OHKO after Stealth Rock
|chat|Professional 01|Even though I don't ran max investment on HP, I do run some, Life orbGarchomp has 100% chance of KO-ing me though
|
|switch|p1a: Latios|Latios, M|328\/364
|move|p2a: Gliscor|Knock Off|p1a: Latios
|-supereffective|p1a: Latios
|-damage|p1a: Latios|132\/364
|-enditem|p1a: Latios|Life Orb|[from] move: Knock Off|[of] p2a: Gliscor
|
|turn|17
|
|move|p2a: Gliscor|Protect|p2a: Gliscor
|-singleturn|p2a: Gliscor|Protect
|move|p1a: Latios|Draco Meteor|p2a: Gliscor
|-activate|p2a: Gliscor|Protect
|
|turn|18
|
|switch|p2a: Genesect|Genesect|71\/283
|-damage|p2a: Genesect|36\/283|[from] Spikes
|-damage|p2a: Genesect|1\/283|[from] Stealth Rock
|-boost|p2a: Genesect|atk|1|[from] ability: Download
|move|p1a: Latios|Hidden Power|p2a: Genesect
|-supereffective|p2a: Genesect
|-damage|p2a: Genesect|0 fnt
|faint|p2a: Genesect
|
|
|switch|p2a: Aegislash|Aegislash, M|239\/293
|-damage|p2a: Aegislash|203\/293|[from] Spikes
|-damage|p2a: Aegislash|185\/293|[from] Stealth Rock
|turn|19
|
|move|p1a: Latios|Psyshock|p2a: Aegislash
|-resisted|p2a: Aegislash
|-damage|p2a: Aegislash|119\/293
|-formechange|p2a: Aegislash|Aegislash-Blade
|move|p2a: Aegislash|Shadow Ball|p1a: Latios
|-supereffective|p1a: Latios
|-damage|p1a: Latios|0 fnt
|faint|p1a: Latios
|
|
|switch|p1a: Garchomp|Garchomp, F|168\/357
|-formechange|p1a: Garchomp|Garchomp-Mega
|turn|20
|chat|Professional 01|why not HP fire?
|
|switch|p2a: Gliscor|Gliscor, F|354\/354 tox
|-damage|p2a: Gliscor|310\/354 tox|[from] Stealth Rock
|move|p1a: Garchomp|Earthquake|p2a: Gliscor
|-immune|p2a: Gliscor|[msg]
|
|-heal|p2a: Gliscor|354\/354 tox|[from] ability: Poison Heal
|turn|21
|chat|Gym Leader St|i thought you had weakness policy 
|
|move|p1a: Garchomp|Fire Blast|p2a: Gliscor|[miss]
|-miss|p1a: Garchomp|p2a: Gliscor
|move|p2a: Gliscor|Toxic|p1a: Garchomp
|-status|p1a: Garchomp|tox
|
|-damage|p1a: Garchomp|146\/357 tox|[from] psn
|turn|22
|
|switch|p1a: Genesect|Genesect|283\/283
|-boost|p1a: Genesect|spa|1|[from] ability: Download
|move|p2a: Gliscor|Earthquake|p1a: Genesect
|-crit|p1a: Genesect
|-damage|p1a: Genesect|85\/283
|
|turn|23
|
|move|p2a: Gliscor|Protect|p2a: Gliscor
|-singleturn|p2a: Gliscor|Protect
|move|p1a: Genesect|Ice Beam|p2a: Gliscor
|-activate|p2a: Gliscor|Protect
|
|turn|24
|chat|Professional 01|sorry about the crit
|chat|Professional 01|I do have weakness policy lol
|
|switch|p1a: Deoxys-Defense|Deoxys-Defense|275\/304
|-ability|p1a: Deoxys-Defense|Pressure
|switch|p2a: Keldeo|Keldeo|323\/323
|-damage|p2a: Keldeo|283\/323|[from] Spikes
|-damage|p2a: Keldeo|263\/323|[from] Stealth Rock
|
|turn|25
|
|move|p2a: Keldeo|Hydro Pump|p1a: Deoxys-Defense
|-damage|p1a: Deoxys-Defense|73\/304
|move|p1a: Deoxys-Defense|Seismic Toss|p2a: Keldeo
|-damage|p2a: Keldeo|163\/323
|
|turn|26
|
|move|p2a: Keldeo|Hydro Pump|p1a: Deoxys-Defense
|-damage|p1a: Deoxys-Defense|0 fnt
|faint|p1a: Deoxys-Defense
|
|
|switch|p1a: Genesect|Genesect|85\/283
|-boost|p1a: Genesect|atk|1|[from] ability: Download
|turn|27
|
|switch|p2a: Gliscor|Gliscor, F|354\/354 tox
|-damage|p2a: Gliscor|310\/354 tox|[from] Stealth Rock
|move|p1a: Genesect|Ice Beam|p2a: Gliscor
|-supereffective|p2a: Gliscor
|-damage|p2a: Gliscor|0 fnt
|faint|p2a: Gliscor
|
|
|switch|p2a: Talonflame|Talonflame, F|298\/298
|-damage|p2a: Talonflame|149\/298|[from] Stealth Rock
|turn|28
|
|switch|p1a: Heatran|Heatran, F|386\/386
|switch|p2a: Keldeo|Keldeo|163\/323
|-damage|p2a: Keldeo|123\/323|[from] Spikes
|-damage|p2a: Keldeo|103\/323|[from] Stealth Rock
|
|turn|29
|
|move|p2a: Keldeo|Surf|p1a: Heatran
|-crit|p1a: Heatran
|-supereffective|p1a: Heatran
|-damage|p1a: Heatran|0 fnt
|faint|p1a: Heatran
|
|
|switch|p1a: Genesect|Genesect|85\/283
|-boost|p1a: Genesect|atk|1|[from] ability: Download
|turn|30
|
|move|p1a: Genesect|Thunderbolt|p2a: Keldeo
|-supereffective|p2a: Keldeo
|-damage|p2a: Keldeo|0 fnt
|faint|p2a: Keldeo
|
|
|switch|p2a: Aegislash|Aegislash, M|119\/293
|-damage|p2a: Aegislash|101\/293|[from] Stealth Rock
|-damage|p2a: Aegislash|65\/293|[from] Spikes
|turn|31
|
|-formechange|p2a: Aegislash|Aegislash-Blade
|move|p2a: Aegislash|Shadow Sneak|p1a: Genesect
|-damage|p1a: Genesect|0 fnt
|faint|p1a: Genesect
|
|
|switch|p1a: Garchomp|Garchomp, F|146\/357 tox
|-formechange|p1a: Garchomp|Garchomp-Mega
|turn|32
|chat|Gym Leader St|gg
|
|-formechange|p2a: Aegislash|Aegislash
|move|p2a: Aegislash|King's Shield|p2a: Aegislash
|-singleturn|p2a: Aegislash|Protect
|move|p1a: Garchomp|Earthquake|p2a: Aegislash
|-activate|p2a: Aegislash|Protect
|
|-damage|p1a: Garchomp|124\/357 tox|[from] psn
|turn|33
|chat|Professional 01|gg
|
|-formechange|p2a: Aegislash|Aegislash-Blade
|move|p2a: Aegislash|Shadow Sneak|p1a: Garchomp
|-damage|p1a: Garchomp|49\/357 tox
|move|p1a: Garchomp|Earthquake|p2a: Aegislash
|-supereffective|p2a: Aegislash
|-damage|p2a: Aegislash|0 fnt
|faint|p2a: Aegislash
|
|-damage|p1a: Garchomp|5\/357 tox|[from] psn
|
|switch|p2a: Talonflame|Talonflame, F|149\/298
|-damage|p2a: Talonflame|0 fnt|[from] Stealth Rock
|faint|p2a: Talonflame
|
|win|Gym Leader St
|raw|Ladder updating...
|raw|Gym Leader St's rating: 1322 &rarr; <strong>1349<\/strong><br \/>(+27 for winning)
|raw|Professional 01's rating: 1345 &rarr; <strong>1319<\/strong><br \/>(-26 for losing)
|chat|Professional 01|if I lived with 1 HP man ... 
|leave|Professional 01
|player|p2