|join|Aka DH
|join|Professional 01
|join|jake5
|player|p1|Aka DH|1
|player|p2|Professional 01|293
|gametype|singles
|gen|6
|tier|OU (suspect test)
|rated
|clearpoke
|poke|p1|Bisharp, F
|poke|p1|Venusaur, M
|poke|p1|Heatran, M
|poke|p1|Keldeo
|poke|p1|Chansey, F
|poke|p1|Skarmory, F
|poke|p2|Sharpedo, M
|poke|p2|Landorus-Therian, M
|poke|p2|Ferrothorn, M
|poke|p2|Latios, M
|poke|p2|Clefable, M
|poke|p2|Bisharp, M
|rule|Swagger Clause: Swagger is banned
|rule|Baton Pass Clause: Limit one PokÃ©mon knowing Baton Pass
|rule|Sleep Clause Mod: Limit one foe put to sleep
|rule|Species Clause: Limit one of each PokÃ©mon
|rule|OHKO Clause: OHKO moves are banned
|rule|Moody Clause: Moody is banned
|rule|Evasion Moves Clause: Evasion moves are banned
|rule|Endless Battle Clause: Forcing endless battles is banned
|rule|HP Percentage Mod: HP is shown in percentages
|teampreview
|
|start
|switch|p1a: Heatran|Heatran, M|340\/340
|switch|p2a: Landorus-Therian|Landorus-Therian, M|381\/381
|-item|p1a: Heatran|Air Balloon
|-ability|p2a: Landorus-Therian|Intimidate|[of] p1a: Heatran
|-unboost|p1a: Heatran|atk|1
|turn|1
|
|move|p1a: Heatran|Stealth Rock|p2a: Landorus-Therian
|-sidestart|p2: Professional 01|move: Stealth Rock
|move|p2a: Landorus-Therian|Stealth Rock|p1a: Heatran
|-sidestart|p1: Aka DH|move: Stealth Rock
|
|turn|2
|
|move|p1a: Heatran|Fire Blast|p2a: Landorus-Therian|[miss]
|-miss|p1a: Heatran|p2a: Landorus-Therian
|move|p2a: Landorus-Therian|U-turn|p1a: Heatran
|-resisted|p1a: Heatran
|-damage|p1a: Heatran|322\/340
|-enditem|p1a: Heatran|Air Balloon
|
|switch|p2a: Latios|Latios, M|301\/301
|-damage|p2a: Latios|264\/301|[from] Stealth Rock
|
|turn|3
|
|move|p2a: Latios|Earthquake|p1a: Heatran
|-supereffective|p1a: Heatran
|-damage|p1a: Heatran|5\/340
|-damage|p2a: Latios|234\/301|[from] item: Life Orb
|move|p1a: Heatran|Toxic|p2a: Latios
|-status|p2a: Latios|tox
|
|-damage|p2a: Latios|216\/301 tox|[from] psn
|turn|4
|
|switch|p1a: Skarmory|Skarmory, F|334\/334
|-damage|p1a: Skarmory|293\/334|[from] Stealth Rock
|move|p2a: Latios|Psyshock|p1a: Skarmory
|-resisted|p1a: Skarmory
|-damage|p1a: Skarmory|237\/334
|-damage|p2a: Latios|186\/301 tox|[from] item: Life Orb
|
|-damage|p2a: Latios|150\/301 tox|[from] psn
|turn|5
|
|move|p2a: Latios|Roost|p2a: Latios
|-heal|p2a: Latios|301\/301 tox
|move|p1a: Skarmory|Spikes|p2a: Latios
|-sidestart|p2: Professional 01|Spikes
|
|-damage|p2a: Latios|247\/301 tox|[from] psn
|turn|6
|
|switch|p2a: Ferrothorn|Ferrothorn, M|351\/351
|-damage|p2a: Ferrothorn|330\/351|[from] Stealth Rock
|-damage|p2a: Ferrothorn|287\/351|[from] Spikes
|move|p1a: Skarmory|Roost|p1a: Skarmory
|-heal|p1a: Skarmory|334\/334
|
|-heal|p2a: Ferrothorn|308\/351|[from] item: Leftovers
|turn|7
|
|move|p1a: Skarmory|Spikes|p2a: Ferrothorn
|-sidestart|p2: Professional 01|Spikes
|move|p2a: Ferrothorn|Spikes|p1a: Skarmory
|-sidestart|p1: Aka DH|Spikes
|
|-heal|p2a: Ferrothorn|329\/351|[from] item: Leftovers
|turn|8
|
|move|p2a: Ferrothorn|Spikes|p1a: Skarmory
|-sidestart|p1: Aka DH|Spikes
|move|p1a: Skarmory|Whirlwind|p2a: Ferrothorn
|drag|p2a: Sharpedo|Sharpedo, M|281\/281
|-damage|p2a: Sharpedo|235\/281|[from] Spikes
|-damage|p2a: Sharpedo|200\/281|[from] Stealth Rock
|
|turn|9
|
|switch|p2a: Clefable|Clefable, M|331\/331
|-damage|p2a: Clefable|290\/331|[from] Stealth Rock
|-damage|p2a: Clefable|235\/331|[from] Spikes
|move|p1a: Skarmory|Spikes|p2a: Clefable
|-sidestart|p2: Professional 01|Spikes
|
|-heal|p2a: Clefable|255\/331|[from] item: Leftovers
|turn|10
|
|move|p2a: Clefable|Flamethrower|p1a: Skarmory
|-supereffective|p1a: Skarmory
|-damage|p1a: Skarmory|200\/334
|move|p1a: Skarmory|Whirlwind|p2a: Clefable
|drag|p2a: Ferrothorn|Ferrothorn, M|329\/351
|-damage|p2a: Ferrothorn|242\/351|[from] Spikes
|-damage|p2a: Ferrothorn|221\/351|[from] Stealth Rock
|
|-heal|p2a: Ferrothorn|242\/351|[from] item: Leftovers
|turn|11
|
|move|p2a: Ferrothorn|Leech Seed|p1a: Skarmory
|-start|p1a: Skarmory|move: Leech Seed
|move|p1a: Skarmory|Whirlwind|p2a: Ferrothorn
|drag|p2a: Landorus-Therian|Landorus-Therian, M|381\/381
|-damage|p2a: Landorus-Therian|334\/381|[from] Stealth Rock
|-ability|p2a: Landorus-Therian|Intimidate|[of] p1a: Skarmory
|-unboost|p1a: Skarmory|atk|1
|
|-damage|p1a: Skarmory|159\/334|[from] Leech Seed|[of] p2a: Landorus-Therian
|-heal|p2a: Landorus-Therian|375\/381|[silent]
|turn|12
|
|switch|p1a: Heatran|Heatran, M|5\/340
|-damage|p1a: Heatran|0 fnt|[from] Stealth Rock
|faint|p1a: Heatran
|move|p2a: Landorus-Therian|Stone Edge|p1: Heatran|[notarget]
|-notarget
|
|
|switch|p1a: Keldeo|Keldeo|323\/323
|-damage|p1a: Keldeo|270\/323|[from] Spikes
|-damage|p1a: Keldeo|250\/323|[from] Stealth Rock
|turn|13
|
|switch|p2a: Latios|Latios, M|247\/301 tox
|-damage|p2a: Latios|210\/301 tox|[from] Stealth Rock
|move|p1a: Keldeo|Icy Wind|p2a: Latios
|-supereffective|p2a: Latios
|-damage|p2a: Latios|80\/301 tox
|-unboost|p2a: Latios|spe|1
|
|-heal|p1a: Keldeo|270\/323|[from] item: Leftovers
|-damage|p2a: Latios|62\/301 tox|[from] psn
|turn|14
|
|switch|p2a: Ferrothorn|Ferrothorn, M|242\/351
|-damage|p2a: Ferrothorn|221\/351|[from] Stealth Rock
|-damage|p2a: Ferrothorn|134\/351|[from] Spikes
|move|p1a: Keldeo|Icy Wind|p2a: Ferrothorn
|-damage|p2a: Ferrothorn|81\/351
|-unboost|p2a: Ferrothorn|spe|1
|
|-heal|p1a: Keldeo|290\/323|[from] item: Leftovers
|-heal|p2a: Ferrothorn|102\/351|[from] item: Leftovers
|turn|15
|
|move|p1a: Keldeo|Secret Sword|p2a: Ferrothorn
|-supereffective|p2a: Ferrothorn
|-damage|p2a: Ferrothorn|0 fnt
|faint|p2a: Ferrothorn
|
|-heal|p1a: Keldeo|310\/323|[from] item: Leftovers
|
|switch|p2a: Latios|Latios, M|62\/301 tox
|-damage|p2a: Latios|25\/301 tox|[from] Stealth Rock
|turn|16
|
|switch|p1a: Skarmory|Skarmory, F|159\/334
|-damage|p1a: Skarmory|118\/334|[from] Stealth Rock
|move|p2a: Latios|Psyshock|p1a: Skarmory
|-resisted|p1a: Skarmory
|-damage|p1a: Skarmory|57\/334
|-damage|p2a: Latios|0 fnt|[from] item: Life Orb
|faint|p2a: Latios
|
|
|switch|p2a: Sharpedo|Sharpedo, M|200\/281
|-damage|p2a: Sharpedo|165\/281|[from] Stealth Rock
|-damage|p2a: Sharpedo|95\/281|[from] Spikes
|turn|17
|
|move|p2a: Sharpedo|Waterfall|p1a: Skarmory
|-damage|p1a: Skarmory|0 fnt
|-damage|p2a: Sharpedo|49\/281|[from] item: Rocky Helmet|[of] p1a: Skarmory
|faint|p1a: Skarmory
|
|-boost|p2a: Sharpedo|spe|1|[from] ability: Speed Boost
|
|switch|p1a: Venusaur|Venusaur, M|364\/364
|-damage|p1a: Venusaur|319\/364|[from] Stealth Rock
|-damage|p1a: Venusaur|259\/364|[from] Spikes
|turn|18
|
|detailschange|p2a: Sharpedo|Sharpedo-Mega, M
|-mega|p2a: Sharpedo|Sharpedo|Sharpedonite
|detailschange|p1a: Venusaur|Venusaur-Mega, M
|-mega|p1a: Venusaur|Venusaur|Venusaurite
|move|p2a: Sharpedo|Ice Fang|p1a: Venusaur
|-supereffective|p1a: Venusaur
|-damage|p1a: Venusaur|175\/364
|move|p1a: Venusaur|Giga Drain|p2a: Sharpedo
|-supereffective|p2a: Sharpedo
|-damage|p2a: Sharpedo|0 fnt
|-heal|p1a: Venusaur|200\/364|[from] drain|[of] p2a: Sharpedo
|faint|p2a: Sharpedo
|
|
|switch|p2a: Bisharp|Bisharp, M|333\/333
|-damage|p2a: Bisharp|313\/333|[from] Stealth Rock
|-damage|p2a: Bisharp|230\/333|[from] Spikes
|turn|19
|
|move|p1a: Venusaur|Hidden Power|p2a: Bisharp
|-supereffective|p2a: Bisharp
|-damage|p2a: Bisharp|78\/333
|move|p2a: Bisharp|Swords Dance|p2a: Bisharp
|-boost|p2a: Bisharp|atk|2
|
|turn|20
|
|move|p1a: Venusaur|Synthesis|p1a: Venusaur
|-heal|p1a: Venusaur|364\/364
|move|p2a: Bisharp|Iron Head|p1a: Venusaur
|-damage|p1a: Venusaur|177\/364
|
|turn|21
|
|move|p2a: Bisharp|Sucker Punch|p1a: Venusaur
|-damage|p1a: Venusaur|0 fnt
|faint|p1a: Venusaur
|
|
|switch|p1a: Keldeo|Keldeo|310\/323
|-damage|p1a: Keldeo|290\/323|[from] Stealth Rock
|-damage|p1a: Keldeo|237\/323|[from] Spikes
|turn|22
|
|move|p2a: Bisharp|Sucker Punch|p1a: Keldeo
|-resisted|p1a: Keldeo
|-damage|p1a: Keldeo|24\/323
|-boost|p1a: Keldeo|atk|1|[from] ability: Justified
|move|p1a: Keldeo|Scald|p2a: Bisharp
|-crit|p2a: Bisharp
|-damage|p2a: Bisharp|0 fnt
|faint|p2a: Bisharp
|
|-heal|p1a: Keldeo|44\/323|[from] item: Leftovers
|
|switch|p2a: Clefable|Clefable, M|255\/331
|-damage|p2a: Clefable|173\/331|[from] Spikes
|-damage|p2a: Clefable|132\/331|[from] Stealth Rock
|turn|23
|
|move|p1a: Keldeo|Scald|p2a: Clefable
|-damage|p2a: Clefable|0 fnt
|faint|p2a: Clefable
|
|-heal|p1a: Keldeo|64\/323|[from] item: Leftovers
|-message|Professional 01 forfeited.
|leave|Professional 01
|
|win|Aka DH
|raw|Ladder updating...
|player|p2
|raw|Aka DH's rating: 1567 &rarr; <strong>1579<\/strong><br \/>(+12 for winning)
|raw|Professional 01's rating: 1424 &rarr; <strong>1411<\/strong><br \/>(-13 for losing)