|join|elwind
|join|Asek
|player|p1|elwind|1
|player|p2|Asek|101
|gametype|singles
|gen|6
|tier|OU
|clearpoke
|poke|p1|Keldeo
|poke|p1|Heatran, F
|poke|p1|Tyranitar, F
|poke|p1|Mew
|poke|p1|Gardevoir, M
|poke|p1|Latios, M
|poke|p2|Gallade, M
|poke|p2|Bisharp, M
|poke|p2|Raikou
|poke|p2|Azumarill, M
|poke|p2|Garchomp, F
|poke|p2|Greninja, F
|rule|Swagger Clause: Swagger is banned
|rule|Baton Pass Clause: Limit one PokÃ©mon knowing Baton Pass
|rule|Sleep Clause Mod: Limit one foe put to sleep
|rule|Species Clause: Limit one of each PokÃ©mon
|rule|OHKO Clause: OHKO moves are banned
|rule|Moody Clause: Moody is banned
|rule|Evasion Moves Clause: Evasion moves are banned
|rule|Endless Battle Clause: Forcing endless battles is banned
|rule|HP Percentage Mod: HP is shown in percentages
|teampreview
|c|âAsek|gl hf
|c|âelwind|waaaaaaaaaaaaaaa
|c|âelwind|forgot greninja allowed
|c|âAsek|i have 15 games experience
|
|start
|switch|p1a: Mew|Mew|404\/404
|switch|p2a: Raikou|Raikou|321\/321
|-ability|p2a: Raikou|Pressure
|turn|1
|
|move|p2a: Raikou|Volt Switch|p1a: Mew
|-damage|p1a: Mew|295\/404
|
|switch|p2a: Garchomp|Garchomp, F|357\/357
|move|p1a: Mew|Will-O-Wisp|p2a: Garchomp
|-status|p2a: Garchomp|brn
|
|-heal|p1a: Mew|320\/404|[from] item: Leftovers
|-damage|p2a: Garchomp|313\/357 brn|[from] brn
|turn|2
|
|move|p2a: Garchomp|Stealth Rock|p1a: Mew
|-sidestart|p1: elwind|move: Stealth Rock
|move|p1a: Mew|Knock Off|p2a: Garchomp
|-damage|p2a: Garchomp|240\/357 brn
|-damage|p1a: Mew|270\/404|[from] ability: Rough Skin|[of] p2a: Garchomp
|-enditem|p2a: Garchomp|Focus Sash|[from] move: Knock Off|[of] p1a: Mew
|
|-heal|p1a: Mew|295\/404|[from] item: Leftovers
|-damage|p2a: Garchomp|196\/357 brn|[from] brn
|turn|3
|
|move|p2a: Garchomp|Fire Blast|p1a: Mew
|-crit|p1a: Mew
|-damage|p1a: Mew|195\/404
|move|p1a: Mew|Roost|p1a: Mew
|-heal|p1a: Mew|397\/404
|
|-heal|p1a: Mew|404\/404|[from] item: Leftovers
|-damage|p2a: Garchomp|152\/357 brn|[from] brn
|turn|4
|
|switch|p1a: Latios|Latios, M|301\/301
|-damage|p1a: Latios|264\/301|[from] Stealth Rock
|move|p2a: Garchomp|Fire Blast|p1a: Latios
|-resisted|p1a: Latios
|-damage|p1a: Latios|228\/301
|
|-damage|p2a: Garchomp|108\/357 brn|[from] brn
|turn|5
|
|move|p1a: Latios|Defog|p2a: Garchomp
|-unboost|p2a: Garchomp|evasion|1
|-sideend|p1: elwind|Stealth Rock|[from] move: Defog|[of] p1a: Latios
|move|p2a: Garchomp|Stealth Rock|p1a: Latios
|-sidestart|p1: elwind|move: Stealth Rock
|
|-damage|p2a: Garchomp|64\/357 brn|[from] brn
|turn|6
|
|switch|p2a: Bisharp|Bisharp, M|271\/271
|move|p1a: Latios|Defog|p2a: Bisharp
|-unboost|p2a: Bisharp|evasion|1
|-boost|p2a: Bisharp|atk|2|[from] ability: Defiant
|-sideend|p1: elwind|Stealth Rock|[from] move: Defog|[of] p1a: Latios
|
|turn|7
|
|move|p2a: Bisharp|Pursuit|p1a: Latios|[from]Pursuit
|-supereffective|p1a: Latios
|-damage|p1a: Latios|0 fnt
|faint|p1a: Latios
|
|
|switch|p1a: Keldeo|Keldeo|323\/323
|turn|8
|
|switch|p2a: Azumarill|Azumarill, M|345\/345
|move|p1a: Keldeo|Secret Sword|p2a: Azumarill
|-resisted|p2a: Azumarill
|-damage|p2a: Azumarill|221\/345
|
|turn|9
|
|switch|p1a: Heatran|Heatran, F|386\/386
|move|p2a: Azumarill|Play Rough|p1a: Heatran
|-resisted|p1a: Heatran
|-damage|p1a: Heatran|338\/386
|-unboost|p1a: Heatran|atk|1
|
|-heal|p1a: Heatran|362\/386|[from] item: Leftovers
|turn|10
|
|move|p1a: Heatran|Lava Plume|p2a: Azumarill
|-resisted|p2a: Azumarill
|-damage|p2a: Azumarill|188\/345
|move|p2a: Azumarill|Waterfall|p1a: Heatran
|-supereffective|p1a: Heatran
|-damage|p1a: Heatran|12\/386
|
|-heal|p1a: Heatran|36\/386|[from] item: Leftovers
|turn|11
|
|move|p1a: Heatran|Protect|p1a: Heatran
|-singleturn|p1a: Heatran|Protect
|move|p2a: Azumarill|Aqua Jet|p1a: Heatran
|-activate|p1a: Heatran|Protect
|
|-heal|p1a: Heatran|60\/386|[from] item: Leftovers
|turn|12
|
|switch|p1a: Mew|Mew|404\/404
|move|p2a: Azumarill|Aqua Jet|p1a: Mew
|-damage|p1a: Mew|331\/404
|
|-heal|p1a: Mew|356\/404|[from] item: Leftovers
|turn|13
|
|switch|p2a: Garchomp|Garchomp, F|64\/357 brn
|move|p1a: Mew|Knock Off|p2a: Garchomp
|-damage|p2a: Garchomp|8\/357 brn
|-damage|p1a: Mew|306\/404|[from] ability: Rough Skin|[of] p2a: Garchomp
|
|-heal|p1a: Mew|331\/404|[from] item: Leftovers
|-damage|p2a: Garchomp|0 fnt|[from] brn
|faint|p2a: Garchomp
|
|switch|p2a: Greninja|Greninja, F|285\/285
|turn|14
|
|switch|p1a: Heatran|Heatran, F|60\/386
|move|p2a: Greninja|Gunk Shot|p1a: Heatran
|-start|p2a: Greninja|typechange|Poison|[from] Protean
|-immune|p1a: Heatran|[msg]
|
|-heal|p1a: Heatran|84\/386|[from] item: Leftovers
|turn|15
|
|move|p1a: Heatran|Protect|p1a: Heatran
|-singleturn|p1a: Heatran|Protect
|move|p2a: Greninja|Low Kick|p1a: Heatran
|-start|p2a: Greninja|typechange|Fighting|[from] Protean
|-activate|p1a: Heatran|Protect
|
|-heal|p1a: Heatran|108\/386|[from] item: Leftovers
|turn|16
|
|move|p2a: Greninja|Hydro Pump|p1a: Heatran
|-start|p2a: Greninja|typechange|Water|[from] Protean
|-supereffective|p1a: Heatran
|-damage|p1a: Heatran|0 fnt
|-damage|p2a: Greninja|257\/285|[from] item: Life Orb
|faint|p1a: Heatran
|
|
|switch|p1a: Keldeo|Keldeo|323\/323
|turn|17
|
|move|p2a: Greninja|Gunk Shot|p1a: Keldeo
|-start|p2a: Greninja|typechange|Poison|[from] Protean
|-crit|p1a: Keldeo
|-damage|p1a: Keldeo|46\/323
|-damage|p2a: Greninja|229\/285|[from] item: Life Orb
|move|p1a: Keldeo|Scald|p2a: Greninja
|-damage|p2a: Greninja|0 fnt
|faint|p2a: Greninja
|
|c|âAsek|sorry
|c|âAsek|that sucks
|
|switch|p2a: Raikou|Raikou|321\/321
|-ability|p2a: Raikou|Pressure
|turn|18
|
|move|p2a: Raikou|Thunderbolt|p1a: Keldeo
|-supereffective|p1a: Keldeo
|-damage|p1a: Keldeo|0 fnt
|faint|p1a: Keldeo
|
|
|switch|p1a: Gardevoir|Gardevoir, M|277\/277
|turn|19
|
|detailschange|p1a: Gardevoir|Gardevoir-Mega, M
|-mega|p1a: Gardevoir|Gardevoir|Gardevoirite
|move|p2a: Raikou|Shadow Ball|p1a: Gardevoir
|-supereffective|p1a: Gardevoir
|-damage|p1a: Gardevoir|147\/277
|-unboost|p1a: Gardevoir|spd|1
|move|p1a: Gardevoir|Hyper Voice|p2a: Raikou
|-damage|p2a: Raikou|162\/321
|
|turn|20
|c|âelwind|f this game
|
|switch|p1a: Tyranitar|Tyranitar, F|342\/342
|-weather|Sandstorm
|move|p2a: Raikou|Thunderbolt|p1a: Tyranitar
|-damage|p1a: Tyranitar|242\/342
|
|-weather|Sandstorm|[upkeep]
|-damage|p2a: Raikou|142\/321|[from] sandstorm
|turn|21
|
|move|p1a: Tyranitar|Crunch|p2a: Raikou
|-damage|p2a: Raikou|0 fnt
|faint|p2a: Raikou
|
|-weather|Sandstorm|[upkeep]
|
|switch|p2a: Gallade|Gallade, M|277\/277
|turn|22
|
|detailschange|p2a: Gallade|Gallade-Mega, M
|-mega|p2a: Gallade|Gallade|Galladite
|move|p1a: Tyranitar|Crunch|p2a: Gallade
|-damage|p2a: Gallade|129\/277
|move|p2a: Gallade|Swords Dance|p2a: Gallade
|-boost|p2a: Gallade|atk|2
|
|-weather|Sandstorm|[upkeep]
|-damage|p2a: Gallade|112\/277|[from] sandstorm
|turn|23
|
|move|p1a: Tyranitar|Crunch|p2a: Gallade
|-damage|p2a: Gallade|0 fnt
|faint|p2a: Gallade
|
|-weather|Sandstorm|[upkeep]
|
|switch|p2a: Bisharp|Bisharp, M|271\/271
|turn|24
|
|switch|p1a: Gardevoir|Gardevoir-Mega, M|147\/277
|move|p2a: Bisharp|Iron Head|p1a: Gardevoir
|-supereffective|p1a: Gardevoir
|-damage|p1a: Gardevoir|0 fnt
|faint|p1a: Gardevoir
|
|-weather|none
|
|switch|p1a: Mew|Mew|331\/404
|turn|25
|
|move|p1a: Mew|Will-O-Wisp|p2a: Bisharp
|-status|p2a: Bisharp|brn
|move|p2a: Bisharp|Knock Off|p1a: Mew
|-supereffective|p1a: Mew
|-damage|p1a: Mew|161\/404
|-enditem|p1a: Mew|Leftovers|[from] move: Knock Off|[of] p2a: Bisharp
|
|-damage|p2a: Bisharp|238\/271 brn|[from] brn
|turn|26
|
|move|p1a: Mew|Roost|p1a: Mew
|-heal|p1a: Mew|363\/404
|move|p2a: Bisharp|Knock Off|p1a: Mew
|-supereffective|p1a: Mew
|-damage|p1a: Mew|247\/404
|
|-damage|p2a: Bisharp|205\/271 brn|[from] brn
|turn|27
|
|move|p1a: Mew|Roost|p1a: Mew
|-heal|p1a: Mew|404\/404
|move|p2a: Bisharp|Knock Off|p1a: Mew
|-supereffective|p1a: Mew
|-damage|p1a: Mew|290\/404
|
|-damage|p2a: Bisharp|172\/271 brn|[from] brn
|turn|28
|
|move|p1a: Mew|Roost|p1a: Mew
|-heal|p1a: Mew|404\/404
|move|p2a: Bisharp|Knock Off|p1a: Mew
|-supereffective|p1a: Mew
|-damage|p1a: Mew|288\/404
|
|-damage|p2a: Bisharp|139\/271 brn|[from] brn
|turn|29
|
|move|p1a: Mew|Roost|p1a: Mew
|-heal|p1a: Mew|404\/404
|move|p2a: Bisharp|Knock Off|p1a: Mew
|-supereffective|p1a: Mew
|-damage|p1a: Mew|284\/404
|
|-damage|p2a: Bisharp|106\/271 brn|[from] brn
|turn|30
|
|move|p1a: Mew|Roost|p1a: Mew
|-heal|p1a: Mew|404\/404
|move|p2a: Bisharp|Knock Off|p1a: Mew
|-supereffective|p1a: Mew
|-damage|p1a: Mew|276\/404
|
|-damage|p2a: Bisharp|73\/271 brn|[from] brn
|turn|31
|
|move|p1a: Mew|Roost|p1a: Mew
|-heal|p1a: Mew|404\/404
|move|p2a: Bisharp|Knock Off|p1a: Mew
|-crit|p1a: Mew
|-supereffective|p1a: Mew
|-damage|p1a: Mew|236\/404
|
|-damage|p2a: Bisharp|40\/271 brn|[from] brn
|turn|32
|
|move|p1a: Mew|Roost|p1a: Mew
|-heal|p1a: Mew|404\/404
|move|p2a: Bisharp|Knock Off|p1a: Mew
|-crit|p1a: Mew
|-supereffective|p1a: Mew
|-damage|p1a: Mew|224\/404
|
|-damage|p2a: Bisharp|7\/271 brn|[from] brn
|turn|33
|
|move|p1a: Mew|Roost|p1a: Mew
|-heal|p1a: Mew|404\/404
|move|p2a: Bisharp|Knock Off|p1a: Mew
|-supereffective|p1a: Mew
|-damage|p1a: Mew|288\/404
|
|-damage|p2a: Bisharp|0 fnt|[from] brn
|faint|p2a: Bisharp
|
|switch|p2a: Azumarill|Azumarill, M|188\/345
|turn|34
|
|move|p1a: Mew|Will-O-Wisp|p2a: Azumarill
|-status|p2a: Azumarill|brn
|move|p2a: Azumarill|Waterfall|p1a: Mew
|-damage|p1a: Mew|218\/404
|
|-damage|p2a: Azumarill|145\/345 brn|[from] brn
|turn|35
|c|âAsek|oh well
|c|âAsek|gg
|
|move|p1a: Mew|Roost|p1a: Mew
|-heal|p1a: Mew|404\/404
|move|p2a: Azumarill|Knock Off|p1a: Mew
|-supereffective|p1a: Mew
|-damage|p1a: Mew|332\/404
|
|-damage|p2a: Azumarill|102\/345 brn|[from] brn
|turn|36
|
|move|p1a: Mew|Knock Off|p2a: Azumarill
|-resisted|p2a: Azumarill
|-damage|p2a: Azumarill|58\/345 brn
|-enditem|p2a: Azumarill|Assault Vest|[from] move: Knock Off|[of] p1a: Mew
|move|p2a: Azumarill|Knock Off|p1a: Mew
|-supereffective|p1a: Mew
|-damage|p1a: Mew|256\/404
|
|-damage|p2a: Azumarill|15\/345 brn|[from] brn
|turn|37
|c|âelwind|gg
|
|move|p1a: Mew|Knock Off|p2a: Azumarill
|-resisted|p2a: Azumarill
|-damage|p2a: Azumarill|0 fnt
|faint|p2a: Azumarill
|
|win|elwind
|leave|Asek
|player|p2