|join|elwind
|join|Davon
|player|p1|elwind|101
|player|p2|Davon|75
|gametype|singles
|gen|6
|tier|OU
|rated
|clearpoke
|poke|p1|Shuckle, M
|poke|p1|Landorus, M
|poke|p1|Kingdra, F
|poke|p1|Bisharp, F
|poke|p1|Keldeo
|poke|p1|Jirachi
|poke|p2|Dugtrio, M
|poke|p2|Volcarona, F
|poke|p2|Latias, F
|poke|p2|Beedrill, F
|poke|p2|Rotom-Wash
|poke|p2|Bisharp, F
|rule|Swagger Clause: Swagger is banned
|rule|Baton Pass Clause: Limit one PokÃ©mon knowing Baton Pass
|rule|Sleep Clause Mod: Limit one foe put to sleep
|rule|Species Clause: Limit one of each PokÃ©mon
|rule|OHKO Clause: OHKO moves are banned
|rule|Moody Clause: Moody is banned
|rule|Evasion Moves Clause: Evasion moves are banned
|rule|Endless Battle Clause: Forcing endless battles is banned
|rule|HP Percentage Mod: HP is shown in percentages
|teampreview
|
|start
|switch|p1a: Shuckle|Shuckle, M|244\/244
|switch|p2a: Bisharp|Bisharp, F|271\/271
|turn|1
|
|move|p2a: Bisharp|Iron Head|p1a: Shuckle
|-supereffective|p1a: Shuckle
|-damage|p1a: Shuckle|128\/244
|move|p1a: Shuckle|Stealth Rock|p2a: Bisharp
|-sidestart|p2: Davon|move: Stealth Rock
|
|turn|2
|
|switch|p1a: Keldeo|Keldeo|323\/323
|move|p2a: Bisharp|Iron Head|p1a: Keldeo
|-resisted|p1a: Keldeo
|-damage|p1a: Keldeo|253\/323
|
|turn|3
|
|switch|p2a: Rotom-Wash|Rotom-Wash|294\/294
|-damage|p2a: Rotom-Wash|258\/294|[from] Stealth Rock
|move|p1a: Keldeo|Scald|p2a: Rotom-Wash
|-resisted|p2a: Rotom-Wash
|-damage|p2a: Rotom-Wash|165\/294
|
|-heal|p2a: Rotom-Wash|183\/294|[from] item: Leftovers
|turn|4
|
|switch|p1a: Landorus|Landorus, M|319\/319
|move|p2a: Rotom-Wash|Volt Switch|p1a: Landorus
|-immune|p1a: Landorus|[msg]
|
|-heal|p2a: Rotom-Wash|201\/294|[from] item: Leftovers
|turn|5
|
|move|p1a: Landorus|Substitute|p1a: Landorus
|-start|p1a: Landorus|Substitute
|-damage|p1a: Landorus|240\/319
|move|p2a: Rotom-Wash|Hydro Pump|p1a: Landorus
|-supereffective|p1a: Landorus
|-end|p1a: Landorus|Substitute
|
|-heal|p2a: Rotom-Wash|219\/294|[from] item: Leftovers
|turn|6
|
|switch|p1a: Keldeo|Keldeo|253\/323
|move|p2a: Rotom-Wash|Hydro Pump|p1a: Keldeo
|-resisted|p1a: Keldeo
|-damage|p1a: Keldeo|186\/323
|
|-heal|p2a: Rotom-Wash|237\/294|[from] item: Leftovers
|turn|7
|
|switch|p2a: Latias|Latias, F|302\/302
|-damage|p2a: Latias|265\/302|[from] Stealth Rock
|move|p1a: Keldeo|Secret Sword|p2a: Latias
|-resisted|p2a: Latias
|-damage|p2a: Latias|142\/302
|
|turn|8
|
|move|p2a: Latias|Defog|p1a: Keldeo
|-unboost|p1a: Keldeo|evasion|1
|-sideend|p2: Davon|Stealth Rock|[from] move: Defog|[of] p2a: Latias
|move|p1a: Keldeo|Secret Sword|p2a: Latias
|-resisted|p2a: Latias
|-damage|p2a: Latias|27\/302
|
|turn|9
|
|switch|p2a: Volcarona|Volcarona, F|311\/311
|switch|p1a: Bisharp|Bisharp, F|334\/334
|
|turn|10
|
|move|p2a: Volcarona|Quiver Dance|p2a: Volcarona
|-boost|p2a: Volcarona|spa|1
|-boost|p2a: Volcarona|spd|1
|-boost|p2a: Volcarona|spe|1
|move|p1a: Bisharp|Knock Off|p2a: Volcarona
|-damage|p2a: Volcarona|88\/311
|-status|p1a: Bisharp|brn
|-enditem|p2a: Volcarona|Charcoal|[from] move: Knock Off|[of] p1a: Bisharp
|
|-damage|p1a: Bisharp|293\/334 brn|[from] brn
|turn|11
|
|move|p1a: Bisharp|Sucker Punch|p2a: Volcarona
|-fail|p2a: Volcarona
|move|p2a: Volcarona|Roost|p2a: Volcarona
|-heal|p2a: Volcarona|244\/311
|
|-damage|p1a: Bisharp|252\/334 brn|[from] brn
|turn|12
|
|switch|p1a: Shuckle|Shuckle, M|128\/244
|move|p2a: Volcarona|Quiver Dance|p2a: Volcarona
|-boost|p2a: Volcarona|spa|1
|-boost|p2a: Volcarona|spd|1
|-boost|p2a: Volcarona|spe|1
|
|turn|13
|
|move|p2a: Volcarona|Bug Buzz|p1a: Shuckle
|-damage|p1a: Shuckle|0 fnt
|faint|p1a: Shuckle
|
|-message|elwind forfeited.
|leave|elwind
|
|win|Davon
|raw|Ladder updating...
|player|p1
|raw|elwind's rating: 1460 &rarr; <strong>1433<\/strong><br \/>(-27 for losing)
|raw|Davon's rating: 1342 &rarr; <strong>1369<\/strong><br \/>(+27 for winning)