|join|elwind
|join|Ms.RuPaul
|player|p1|elwind|169
|player|p2|Ms.RuPaul|249
|gametype|singles
|gen|6
|tier|OU
|rated
|clearpoke
|poke|p1|Keldeo
|poke|p1|Charizard, F
|poke|p1|Mew
|poke|p1|Excadrill, M
|poke|p1|Porygon2
|poke|p1|Victini
|poke|p2|Gothitelle, F
|poke|p2|Quagsire, M
|poke|p2|Amoonguss, F, shiny
|poke|p2|Chansey, F
|poke|p2|Skarmory, F
|poke|p2|Charizard, F
|rule|Swagger Clause: Swagger is banned
|rule|Baton Pass Clause: Limit one PokÃ©mon knowing Baton Pass
|rule|Sleep Clause Mod: Limit one foe put to sleep
|rule|Species Clause: Limit one of each PokÃ©mon
|rule|OHKO Clause: OHKO moves are banned
|rule|Moody Clause: Moody is banned
|rule|Evasion Moves Clause: Evasion moves are banned
|rule|Endless Battle Clause: Forcing endless battles is banned
|rule|HP Percentage Mod: HP is shown in percentages
|teampreview
|
|start
|switch|p1a: Victini|Victini|404\/404
|switch|p2a: Gothitelle|Gothitelle, F|301\/301
|turn|1
|
|switch|p2a: Quagsire|Quagsire, M|394\/394
|move|p1a: Victini|U-turn|p2a: Quagsire
|-damage|p2a: Quagsire|350\/394
|
|switch|p1a: Charizard|Charizard, F|297\/297
|
|-heal|p2a: Quagsire|374\/394|[from] item: Leftovers
|turn|2
|
|switch|p1a: Keldeo|Keldeo|323\/323
|switch|p2a: Chansey|Chansey, F|642\/642
|
|turn|3
|
|switch|p1a: Victini|Victini|404\/404
|switch|p2a: Amoonguss|Amoonguss, F, shiny|432\/432
|
|turn|4
|
|switch|p2a: Quagsire|Quagsire, M|374\/394
|move|p1a: Victini|Final Gambit|p2a: Quagsire
|-damage|p2a: Quagsire|0 fnt
|faint|p1a: Victini
|faint|p2a: Quagsire
|
|
|switch|p2a: Gothitelle|Gothitelle, F|301\/301
|switch|p1a: Excadrill|Excadrill, M|424\/424
|-ability|p1a: Excadrill|Mold Breaker
|turn|5
|
|switch|p2a: Skarmory|Skarmory, F|334\/334
|move|p1a: Excadrill|Stealth Rock|p2a: Skarmory
|-sidestart|p2: Ms.RuPaul|move: Stealth Rock
|
|turn|6
|
|switch|p1a: Charizard|Charizard, F|297\/297
|move|p2a: Skarmory|Defog|p1a: Charizard
|-unboost|p1a: Charizard|evasion|1
|-sideend|p2: Ms.RuPaul|Stealth Rock|[from] move: Defog|[of] p2a: Skarmory
|
|turn|7
|
|switch|p2a: Chansey|Chansey, F|642\/642
|detailschange|p1a: Charizard|Charizard-Mega-Y, F
|message|Charizard has Mega Evolved into Mega Charizard!
|-weather|SunnyDay
|move|p1a: Charizard|Flamethrower|p2a: Chansey
|-damage|p2a: Chansey|494\/642
|-status|p2a: Chansey|brn
|
|-weather|SunnyDay|[upkeep]
|-damage|p2a: Chansey|414\/642 brn|[from] brn
|turn|8
|
|switch|p1a: Excadrill|Excadrill, M|424\/424
|-ability|p1a: Excadrill|Mold Breaker
|move|p2a: Chansey|Seismic Toss|p1a: Excadrill
|-damage|p1a: Excadrill|324\/424
|
|-weather|SunnyDay|[upkeep]
|-heal|p1a: Excadrill|350\/424|[from] item: Leftovers
|-damage|p2a: Chansey|334\/642 brn|[from] brn
|turn|9
|
|switch|p2a: Skarmory|Skarmory, F|334\/334
|move|p1a: Excadrill|Stealth Rock|p2a: Skarmory
|-sidestart|p2: Ms.RuPaul|move: Stealth Rock
|
|-weather|SunnyDay|[upkeep]
|-heal|p1a: Excadrill|376\/424|[from] item: Leftovers
|turn|10
|
|switch|p1a: Charizard|Charizard-Mega-Y, F|297\/297
|move|p2a: Skarmory|Defog|p1a: Charizard
|-unboost|p1a: Charizard|evasion|1
|-sideend|p2: Ms.RuPaul|Stealth Rock|[from] move: Defog|[of] p2a: Skarmory
|
|-weather|SunnyDay|[upkeep]
|turn|11
|
|switch|p2a: Chansey|Chansey, F|334\/642
|move|p1a: Charizard|Flamethrower|p2a: Chansey
|-damage|p2a: Chansey|192\/642
|
|-weather|none
|turn|12
|
|move|p1a: Charizard|Focus Blast|p2a: Chansey
|-supereffective|p2a: Chansey
|-damage|p2a: Chansey|26\/642
|move|p2a: Chansey|Soft-Boiled|p2a: Chansey
|-heal|p2a: Chansey|347\/642
|
|turn|13
|
|switch|p1a: Mew|Mew|341\/341
|move|p2a: Chansey|Soft-Boiled|p2a: Chansey
|-heal|p2a: Chansey|642\/642
|
|turn|14
|
|switch|p2a: Charizard|Charizard, F|360\/360
|move|p1a: Mew|Swords Dance|p1a: Mew
|-boost|p1a: Mew|atk|2
|
|turn|15
|
|switch|p2a: Skarmory|Skarmory, F|334\/334
|move|p1a: Mew|Zen Headbutt|p2a: Skarmory
|-resisted|p2a: Skarmory
|-damage|p2a: Skarmory|266\/334
|-damage|p1a: Mew|285\/341|[from] item: Rocky Helmet|[of] p2a: Skarmory
|
|-heal|p1a: Mew|306\/341|[from] item: Leftovers
|turn|16
|
|move|p1a: Mew|Drain Punch|p2a: Skarmory
|-damage|p2a: Skarmory|185\/334
|-heal|p1a: Mew|341\/341|[from] drain|[of] p2a: Skarmory
|-damage|p1a: Mew|285\/341|[from] item: Rocky Helmet|[of] p2a: Skarmory
|move|p2a: Skarmory|Counter|p1a: Mew
|-damage|p1a: Mew|123\/341
|
|-heal|p1a: Mew|144\/341|[from] item: Leftovers
|turn|17
|
|move|p1a: Mew|Drain Punch|p2a: Skarmory
|-damage|p2a: Skarmory|96\/334
|-heal|p1a: Mew|189\/341|[from] drain|[of] p2a: Skarmory
|-damage|p1a: Mew|133\/341|[from] item: Rocky Helmet|[of] p2a: Skarmory
|move|p2a: Skarmory|Roost|p2a: Skarmory
|-heal|p2a: Skarmory|263\/334
|
|-heal|p1a: Mew|154\/341|[from] item: Leftovers
|turn|18
|
|move|p1a: Mew|Swords Dance|p1a: Mew
|-boost|p1a: Mew|atk|2
|move|p2a: Skarmory|Counter|p1a: Mew
|-fail|p1a: Mew
|
|-heal|p1a: Mew|175\/341|[from] item: Leftovers
|turn|19
|
|move|p1a: Mew|Drain Punch|p2a: Skarmory
|-damage|p2a: Skarmory|146\/334
|-heal|p1a: Mew|234\/341|[from] drain|[of] p2a: Skarmory
|-damage|p1a: Mew|178\/341|[from] item: Rocky Helmet|[of] p2a: Skarmory
|move|p2a: Skarmory|Roost|p2a: Skarmory
|-heal|p2a: Skarmory|313\/334
|
|-heal|p1a: Mew|199\/341|[from] item: Leftovers
|turn|20
|
|move|p1a: Mew|Swords Dance|p1a: Mew
|-boost|p1a: Mew|atk|2
|move|p2a: Skarmory|Counter|p1a: Mew
|-fail|p1a: Mew
|
|-heal|p1a: Mew|220\/341|[from] item: Leftovers
|turn|21
|
|move|p1a: Mew|Sucker Punch|p2a: Skarmory
|-damage|p2a: Skarmory|128\/334
|-damage|p1a: Mew|164\/341|[from] item: Rocky Helmet|[of] p2a: Skarmory
|move|p2a: Skarmory|Counter|p1a: Mew
|-damage|p1a: Mew|0 fnt
|faint|p1a: Mew
|
|
|switch|p1a: Keldeo|Keldeo|323\/323
|turn|22
|
|switch|p2a: Amoonguss|Amoonguss, F, shiny|432\/432
|move|p1a: Keldeo|Scald|p2a: Amoonguss
|-resisted|p2a: Amoonguss
|-damage|p2a: Amoonguss|338\/432
|
|-heal|p2a: Amoonguss|365\/432|[from] item: Black Sludge
|turn|23
|leave|elwind
|player|p1
|-message|elwind lost due to inactivity.
|
|win|Ms.RuPaul
|raw|Ladder updating...
|raw|elwind's rating: 1616 &rarr; <strong>1592<\/strong><br \/>(-24 for losing)
|raw|Ms.RuPaul's rating: 1546 &rarr; <strong>1570<\/strong><br \/>(+24 for winning)
|c|âMs.RuPaul|gg
|c|âMs.RuPaul|jeez he was in 1600's nice