|join|elwind
|join|Haytunes
|player|p1|elwind|265
|player|p2|Haytunes|213
|gametype|singles
|gen|6
|tier|OU
|rated
|clearpoke
|poke|p1|Metagross
|poke|p1|Raikou
|poke|p1|Serperior, M
|poke|p1|Keldeo
|poke|p1|Landorus-Therian, M
|poke|p1|Azumarill, F
|poke|p2|Azumarill, M
|poke|p2|Scizor, M
|poke|p2|Gengar, F
|poke|p2|Landorus-Therian, M
|poke|p2|Celebi
|poke|p2|Heatran, M
|rule|Swagger Clause: Swagger is banned
|rule|Baton Pass Clause: Limit one PokÃ©mon knowing Baton Pass
|rule|Sleep Clause Mod: Limit one foe put to sleep
|rule|Species Clause: Limit one of each PokÃ©mon
|rule|OHKO Clause: OHKO moves are banned
|rule|Moody Clause: Moody is banned
|rule|Evasion Moves Clause: Evasion moves are banned
|rule|Endless Battle Clause: Forcing endless battles is banned
|rule|HP Percentage Mod: HP is shown in percentages
|teampreview
|
|start
|switch|p1a: Landorus-Therian|Landorus-Therian, M|325\/325
|switch|p2a: Landorus-Therian|Landorus-Therian, M|382\/382
|-ability|p1a: Landorus-Therian|Intimidate|[of] p2a: Landorus-Therian
|-unboost|p2a: Landorus-Therian|atk|1
|-ability|p2a: Landorus-Therian|Intimidate|[of] p1a: Landorus-Therian
|-unboost|p1a: Landorus-Therian|atk|1
|turn|1
|
|move|p1a: Landorus-Therian|Stealth Rock|p2a: Landorus-Therian
|-sidestart|p2: Haytunes|move: Stealth Rock
|move|p2a: Landorus-Therian|Stealth Rock|p1a: Landorus-Therian
|-sidestart|p1: elwind|move: Stealth Rock
|
|turn|2
|
|switch|p1a: Keldeo|Keldeo|323\/323
|-damage|p1a: Keldeo|303\/323|[from] Stealth Rock
|move|p2a: Landorus-Therian|U-turn|p1a: Keldeo
|-resisted|p1a: Keldeo
|-damage|p1a: Keldeo|277\/323
|
|switch|p2a: Celebi|Celebi|404\/404
|-damage|p2a: Celebi|354\/404|[from] Stealth Rock
|
|-heal|p2a: Celebi|379\/404|[from] item: Leftovers
|turn|3
|
|switch|p1a: Metagross|Metagross|301\/301
|-damage|p1a: Metagross|283\/301|[from] Stealth Rock
|move|p2a: Celebi|Thunder Wave|p1a: Metagross
|-status|p1a: Metagross|par
|
|-heal|p2a: Celebi|404\/404|[from] item: Leftovers
|turn|4
|
|switch|p2a: Landorus-Therian|Landorus-Therian, M|382\/382
|-damage|p2a: Landorus-Therian|335\/382|[from] Stealth Rock
|-ability|p2a: Landorus-Therian|Intimidate|[of] p1a: Metagross
|-fail|p1a: Metagross|unboost|[from] ability: Clear Body|[of] p1a: Metagross
|detailschange|p1a: Metagross|Metagross-Mega
|-mega|p1a: Metagross|Metagross|Metagrossite
|move|p1a: Metagross|Meteor Mash|p2a: Landorus-Therian
|-damage|p2a: Landorus-Therian|143\/382
|
|-heal|p2a: Landorus-Therian|166\/382|[from] item: Leftovers
|turn|5
|
|move|p2a: Landorus-Therian|U-turn|p1a: Metagross
|-damage|p1a: Metagross|233\/301 par
|
|switch|p2a: Heatran|Heatran, M|385\/385
|-damage|p2a: Heatran|337\/385|[from] Stealth Rock
|cant|p1a: Metagross|par
|
|-heal|p2a: Heatran|361\/385|[from] item: Leftovers
|turn|6
|
|switch|p1a: Keldeo|Keldeo|277\/323
|-damage|p1a: Keldeo|257\/323|[from] Stealth Rock
|move|p2a: Heatran|Lava Plume|p1a: Keldeo
|-crit|p1a: Keldeo
|-resisted|p1a: Keldeo
|-damage|p1a: Keldeo|161\/323
|
|-heal|p2a: Heatran|385\/385|[from] item: Leftovers
|turn|7
|
|switch|p2a: Celebi|Celebi|404\/404
|-damage|p2a: Celebi|354\/404|[from] Stealth Rock
|move|p1a: Keldeo|Scald|p2a: Celebi
|-resisted|p2a: Celebi
|-damage|p2a: Celebi|278\/404
|
|-heal|p2a: Celebi|303\/404|[from] item: Leftovers
|turn|8
|
|switch|p1a: Landorus-Therian|Landorus-Therian, M|325\/325
|-damage|p1a: Landorus-Therian|285\/325|[from] Stealth Rock
|-ability|p1a: Landorus-Therian|Intimidate|[of] p2a: Celebi
|-unboost|p2a: Celebi|atk|1
|switch|p2a: Azumarill|Azumarill, M|401\/401
|-damage|p2a: Azumarill|351\/401|[from] Stealth Rock
|
|turn|9
|
|move|p1a: Landorus-Therian|Earthquake|p2a: Azumarill
|-damage|p2a: Azumarill|105\/401
|move|p2a: Azumarill|Play Rough|p1a: Landorus-Therian
|-damage|p1a: Landorus-Therian|78\/325
|
|turn|10
|
|switch|p1a: Serperior|Serperior, M|291\/291
|-damage|p1a: Serperior|255\/291|[from] Stealth Rock
|move|p2a: Azumarill|Aqua Jet|p1a: Serperior
|-resisted|p1a: Serperior
|-damage|p1a: Serperior|213\/291
|
|-heal|p1a: Serperior|231\/291|[from] item: Leftovers
|turn|11
|
|switch|p2a: Heatran|Heatran, M|385\/385
|-damage|p2a: Heatran|337\/385|[from] Stealth Rock
|move|p1a: Serperior|Leaf Storm|p2a: Heatran
|-resisted|p2a: Heatran
|-damage|p2a: Heatran|308\/385
|-boost|p1a: Serperior|spa|2
|
|-heal|p1a: Serperior|249\/291|[from] item: Leftovers
|-heal|p2a: Heatran|332\/385|[from] item: Leftovers
|turn|12
|
|switch|p1a: Keldeo|Keldeo|161\/323
|-damage|p1a: Keldeo|141\/323|[from] Stealth Rock
|move|p2a: Heatran|Protect|p2a: Heatran
|-fail|p2a: Heatran
|
|-heal|p2a: Heatran|356\/385|[from] item: Leftovers
|turn|13
|
|switch|p1a: Azumarill|Azumarill, F|403\/403
|-damage|p1a: Azumarill|353\/403|[from] Stealth Rock
|move|p2a: Heatran|Toxic|p1a: Azumarill
|-status|p1a: Azumarill|tox
|
|-heal|p2a: Heatran|380\/385|[from] item: Leftovers
|-damage|p1a: Azumarill|328\/403 tox|[from] psn
|turn|14
|
|switch|p2a: Scizor|Scizor, M|343\/343
|-damage|p2a: Scizor|301\/343|[from] Stealth Rock
|move|p1a: Azumarill|Waterfall|p2a: Scizor
|-damage|p2a: Scizor|64\/343
|
|-damage|p1a: Azumarill|278\/403 tox|[from] psn
|turn|15
|
|switch|p1a: Keldeo|Keldeo|141\/323
|-damage|p1a: Keldeo|121\/323|[from] Stealth Rock
|detailschange|p2a: Scizor|Scizor-Mega, M
|-mega|p2a: Scizor|Scizor|Scizorite
|move|p2a: Scizor|Bullet Punch|p1a: Keldeo
|-resisted|p1a: Keldeo
|-damage|p1a: Keldeo|55\/323
|
|turn|16
|
|move|p2a: Scizor|Bullet Punch|p1a: Keldeo
|-resisted|p1a: Keldeo
|-damage|p1a: Keldeo|0 fnt
|faint|p1a: Keldeo
|
|
|switch|p1a: Raikou|Raikou|321\/321
|-damage|p1a: Raikou|281\/321|[from] Stealth Rock
|-ability|p1a: Raikou|Pressure
|turn|17
|
|switch|p2a: Celebi|Celebi|303\/404
|-damage|p2a: Celebi|253\/404|[from] Stealth Rock
|move|p1a: Raikou|Thunderbolt|p2a: Celebi
|-resisted|p2a: Celebi
|-damage|p2a: Celebi|194\/404
|
|-heal|p2a: Celebi|219\/404|[from] item: Leftovers
|turn|18
|
|move|p1a: Raikou|Calm Mind|p1a: Raikou
|-boost|p1a: Raikou|spa|1
|-boost|p1a: Raikou|spd|1
|move|p2a: Celebi|Recover|p2a: Celebi
|-heal|p2a: Celebi|404\/404
|
|turn|19
|
|switch|p2a: Heatran|Heatran, M|380\/385
|-damage|p2a: Heatran|332\/385|[from] Stealth Rock
|move|p1a: Raikou|Calm Mind|p1a: Raikou
|-boost|p1a: Raikou|spa|1
|-boost|p1a: Raikou|spd|1
|
|-heal|p2a: Heatran|356\/385|[from] item: Leftovers
|turn|20
|
|move|p1a: Raikou|Thunderbolt|p2a: Heatran
|-damage|p2a: Heatran|104\/385
|move|p2a: Heatran|Toxic|p1a: Raikou
|-status|p1a: Raikou|tox
|
|-heal|p2a: Heatran|128\/385|[from] item: Leftovers
|-damage|p1a: Raikou|261\/321 tox|[from] psn
|turn|21
|
|move|p2a: Heatran|Protect|p2a: Heatran
|-singleturn|p2a: Heatran|Protect
|move|p1a: Raikou|Thunderbolt|p2a: Heatran
|-activate|p2a: Heatran|Protect
|
|-heal|p2a: Heatran|152\/385|[from] item: Leftovers
|-damage|p1a: Raikou|221\/321 tox|[from] psn
|turn|22
|
|switch|p2a: Celebi|Celebi|404\/404
|-damage|p2a: Celebi|354\/404|[from] Stealth Rock
|move|p1a: Raikou|Hidden Power|p2a: Celebi
|-supereffective|p2a: Celebi
|-damage|p2a: Celebi|168\/404
|
|-heal|p2a: Celebi|193\/404|[from] item: Leftovers
|-damage|p1a: Raikou|161\/321 tox|[from] psn
|turn|23
|
|move|p1a: Raikou|Volt Switch|p2a: Celebi
|-resisted|p2a: Celebi
|-damage|p2a: Celebi|102\/404
|
|switch|p1a: Landorus-Therian|Landorus-Therian, M|78\/325
|-damage|p1a: Landorus-Therian|38\/325|[from] Stealth Rock
|-ability|p1a: Landorus-Therian|Intimidate|[of] p2a: Celebi
|-unboost|p2a: Celebi|atk|1
|move|p2a: Celebi|Recover|p2a: Celebi
|-heal|p2a: Celebi|304\/404
|
|-heal|p2a: Celebi|329\/404|[from] item: Leftovers
|turn|24
|
|switch|p2a: Landorus-Therian|Landorus-Therian, M|166\/382
|-damage|p2a: Landorus-Therian|119\/382|[from] Stealth Rock
|-ability|p2a: Landorus-Therian|Intimidate|[of] p1a: Landorus-Therian
|-unboost|p1a: Landorus-Therian|atk|1
|move|p1a: Landorus-Therian|U-turn|p2a: Landorus-Therian
|-resisted|p2a: Landorus-Therian
|-damage|p2a: Landorus-Therian|97\/382
|
|switch|p1a: Serperior|Serperior, M|249\/291
|-damage|p1a: Serperior|213\/291|[from] Stealth Rock
|
|-heal|p1a: Serperior|231\/291|[from] item: Leftovers
|-heal|p2a: Landorus-Therian|120\/382|[from] item: Leftovers
|turn|25
|
|move|p1a: Serperior|Leaf Storm|p2a: Landorus-Therian
|-damage|p2a: Landorus-Therian|0 fnt
|-boost|p1a: Serperior|spa|2
|faint|p2a: Landorus-Therian
|
|-heal|p1a: Serperior|249\/291|[from] item: Leftovers
|
|switch|p2a: Celebi|Celebi|329\/404
|-damage|p2a: Celebi|279\/404|[from] Stealth Rock
|turn|26
|
|move|p1a: Serperior|Hidden Power|p2a: Celebi
|-supereffective|p2a: Celebi
|-damage|p2a: Celebi|123\/404
|move|p2a: Celebi|Thunder Wave|p1a: Serperior
|-status|p1a: Serperior|par
|
|-heal|p2a: Celebi|148\/404|[from] item: Leftovers
|-heal|p1a: Serperior|267\/291 par|[from] item: Leftovers
|turn|27
|
|move|p2a: Celebi|Recover|p2a: Celebi
|-heal|p2a: Celebi|350\/404
|cant|p1a: Serperior|par
|
|-heal|p2a: Celebi|375\/404|[from] item: Leftovers
|-heal|p1a: Serperior|285\/291 par|[from] item: Leftovers
|turn|28
|
|switch|p2a: Gengar|Gengar, F|268\/268
|-damage|p2a: Gengar|235\/268|[from] Stealth Rock
|move|p1a: Serperior|Knock Off|p2a: Gengar
|-supereffective|p2a: Gengar
|-damage|p2a: Gengar|85\/268
|-enditem|p2a: Gengar|Black Sludge|[from] move: Knock Off|[of] p1a: Serperior
|
|-heal|p1a: Serperior|291\/291 par|[from] item: Leftovers
|turn|29
|
|switch|p1a: Metagross|Metagross-Mega|233\/301 par
|-damage|p1a: Metagross|215\/301 par|[from] Stealth Rock
|move|p2a: Gengar|Sludge Wave|p1a: Metagross
|-immune|p1a: Metagross|[msg]
|
|turn|30
|
|move|p2a: Gengar|Shadow Ball|p1a: Metagross
|-supereffective|p1a: Metagross
|-damage|p1a: Metagross|0 fnt
|faint|p1a: Metagross
|
|
|switch|p1a: Raikou|Raikou|161\/321 tox
|-damage|p1a: Raikou|121\/321 tox|[from] Stealth Rock
|-ability|p1a: Raikou|Pressure
|turn|31
|
|switch|p2a: Celebi|Celebi|375\/404
|-damage|p2a: Celebi|325\/404|[from] Stealth Rock
|move|p1a: Raikou|Volt Switch|p2a: Celebi
|-resisted|p2a: Celebi
|-damage|p2a: Celebi|277\/404
|
|switch|p1a: Serperior|Serperior, M|291\/291 par
|-damage|p1a: Serperior|255\/291 par|[from] Stealth Rock
|
|-heal|p2a: Celebi|302\/404|[from] item: Leftovers
|-heal|p1a: Serperior|273\/291 par|[from] item: Leftovers
|turn|32
|
|switch|p2a: Heatran|Heatran, M|152\/385
|-damage|p2a: Heatran|104\/385|[from] Stealth Rock
|cant|p1a: Serperior|par
|
|-heal|p2a: Heatran|128\/385|[from] item: Leftovers
|-heal|p1a: Serperior|291\/291 par|[from] item: Leftovers
|turn|33
|c|âelwind|fark i needed that
|
|switch|p1a: Landorus-Therian|Landorus-Therian, M|38\/325
|-damage|p1a: Landorus-Therian|0 fnt|[from] Stealth Rock
|faint|p1a: Landorus-Therian
|move|p2a: Heatran|Lava Plume|p1: Landorus-Therian|[notarget]
|-notarget
|
|-heal|p2a: Heatran|152\/385|[from] item: Leftovers
|
|switch|p1a: Azumarill|Azumarill, F|278\/403 tox
|-damage|p1a: Azumarill|228\/403 tox|[from] Stealth Rock
|turn|34
|
|move|p2a: Heatran|Protect|p2a: Heatran
|-singleturn|p2a: Heatran|Protect
|move|p1a: Azumarill|Knock Off|p2a: Heatran
|-activate|p2a: Heatran|Protect
|
|-heal|p2a: Heatran|176\/385|[from] item: Leftovers
|-damage|p1a: Azumarill|203\/403 tox|[from] psn
|turn|35
|
|move|p2a: Heatran|Lava Plume|p1a: Azumarill
|-resisted|p1a: Azumarill
|-damage|p1a: Azumarill|129\/403 tox
|move|p1a: Azumarill|Knock Off|p2a: Heatran
|-damage|p2a: Heatran|0 fnt
|-enditem|p2a: Heatran|Leftovers|[from] move: Knock Off|[of] p1a: Azumarill
|faint|p2a: Heatran
|
|-damage|p1a: Azumarill|79\/403 tox|[from] psn
|
|switch|p2a: Scizor|Scizor-Mega, M|64\/343
|-damage|p2a: Scizor|22\/343|[from] Stealth Rock
|turn|36
|
|switch|p1a: Serperior|Serperior, M|291\/291 par
|-damage|p1a: Serperior|255\/291 par|[from] Stealth Rock
|move|p2a: Scizor|Bullet Punch|p1a: Serperior
|-damage|p1a: Serperior|135\/291 par
|
|-heal|p1a: Serperior|153\/291 par|[from] item: Leftovers
|turn|37
|
|move|p2a: Scizor|Knock Off|p1a: Serperior
|-crit|p1a: Serperior
|-damage|p1a: Serperior|0 fnt
|-enditem|p1a: Serperior|Leftovers|[from] move: Knock Off|[of] p2a: Scizor
|faint|p1a: Serperior
|
|-message|elwind forfeited.
|leave|elwind
|
|win|Haytunes
|raw|Ladder updating...
|player|p1
|raw|elwind's rating: 1632 &rarr; <strong>1608<\/strong><br \/>(-24 for losing)
|raw|Haytunes's rating: 1565 &rarr; <strong>1589<\/strong><br \/>(+24 for winning)