|join|elwind
|join|Reverb
|player|p1|elwind|266
|player|p2|Reverb|#reverb
|gametype|singles
|gen|6
|tier|OU
|rated
|clearpoke
|poke|p1|Keldeo
|poke|p1|Heatran, F
|poke|p1|Tyranitar, F
|poke|p1|Mew
|poke|p1|Gardevoir, F
|poke|p1|Latios, M
|poke|p2|Landorus, M
|poke|p2|Celebi
|poke|p2|Heatran, M
|poke|p2|Conkeldurr, F
|poke|p2|Azumarill, F
|poke|p2|Metagross
|rule|Swagger Clause: Swagger is banned
|rule|Baton Pass Clause: Limit one PokÃ©mon knowing Baton Pass
|rule|Sleep Clause Mod: Limit one foe put to sleep
|rule|Species Clause: Limit one of each PokÃ©mon
|rule|OHKO Clause: OHKO moves are banned
|rule|Moody Clause: Moody is banned
|rule|Evasion Moves Clause: Evasion moves are banned
|rule|Endless Battle Clause: Forcing endless battles is banned
|rule|HP Percentage Mod: HP is shown in percentages
|teampreview
|join|habajiga
|join|squirrelll
|join|Doomed hi
|
|start
|switch|p1a: Mew|Mew|404\/404
|switch|p2a: Azumarill|Azumarill, F|372\/372
|turn|1
|
|switch|p2a: Heatran|Heatran, M|385\/385
|move|p1a: Mew|Knock Off|p2a: Heatran
|-crit|p2a: Heatran
|-damage|p2a: Heatran|277\/385
|-enditem|p2a: Heatran|Leftovers|[from] move: Knock Off|[of] p1a: Mew
|
|turn|2
|
|move|p2a: Heatran|Stealth Rock|p1a: Mew
|-sidestart|p1: elwind|move: Stealth Rock
|move|p1a: Mew|Taunt|p2a: Heatran
|-start|p2a: Heatran|move: Taunt
|
|turn|3
|c|âelwind|wat
|c|âelwind|who runs timid
|
|switch|p2a: Conkeldurr|Conkeldurr, F|364\/364
|switch|p1a: Heatran|Heatran, F|386\/386
|-damage|p1a: Heatran|338\/386|[from] Stealth Rock
|
|-heal|p1a: Heatran|362\/386|[from] item: Leftovers
|turn|4
|
|move|p1a: Heatran|Stealth Rock|p2a: Conkeldurr
|-sidestart|p2: Reverb|move: Stealth Rock
|move|p2a: Conkeldurr|Drain Punch|p1a: Heatran
|-supereffective|p1a: Heatran
|-damage|p1a: Heatran|66\/386
|
|-heal|p1a: Heatran|90\/386|[from] item: Leftovers
|turn|5
|
|switch|p1a: Gardevoir|Gardevoir, F|277\/277
|-damage|p1a: Gardevoir|243\/277|[from] Stealth Rock
|move|p2a: Conkeldurr|Mach Punch|p1a: Gardevoir
|-resisted|p1a: Gardevoir
|-damage|p1a: Gardevoir|214\/277
|
|turn|6
|
|switch|p2a: Celebi|Celebi|404\/404
|-damage|p2a: Celebi|354\/404|[from] Stealth Rock
|detailschange|p1a: Gardevoir|Gardevoir-Mega, F
|-mega|p1a: Gardevoir|Gardevoir|Gardevoirite
|move|p1a: Gardevoir|Hyper Voice|p2a: Celebi
|-damage|p2a: Celebi|170\/404
|
|-heal|p2a: Celebi|195\/404|[from] item: Leftovers
|turn|7
|
|switch|p1a: Heatran|Heatran, F|90\/386
|-damage|p1a: Heatran|42\/386|[from] Stealth Rock
|move|p2a: Celebi|Recover|p2a: Celebi
|-heal|p2a: Celebi|397\/404
|
|-heal|p2a: Celebi|404\/404|[from] item: Leftovers
|-heal|p1a: Heatran|66\/386|[from] item: Leftovers
|turn|8
|
|move|p2a: Celebi|Baton Pass|p2a: Celebi
|
|switch|p2a: Conkeldurr|Conkeldurr, F|364\/364
|-damage|p2a: Conkeldurr|342\/364|[from] Stealth Rock
|move|p1a: Heatran|Lava Plume|p2a: Conkeldurr
|-damage|p2a: Conkeldurr|261\/364
|-status|p2a: Conkeldurr|brn
|
|-heal|p1a: Heatran|90\/386|[from] item: Leftovers
|-damage|p2a: Conkeldurr|216\/364 brn|[from] brn
|turn|9
|
|move|p1a: Heatran|Protect|p1a: Heatran
|-singleturn|p1a: Heatran|Protect
|move|p2a: Conkeldurr|Mach Punch|p1a: Heatran
|-activate|p1a: Heatran|Protect
|
|-heal|p1a: Heatran|114\/386|[from] item: Leftovers
|-damage|p2a: Conkeldurr|171\/364 brn|[from] brn
|turn|10
|
|switch|p1a: Keldeo|Keldeo|323\/323
|-damage|p1a: Keldeo|303\/323|[from] Stealth Rock
|move|p2a: Conkeldurr|Drain Punch|p1a: Keldeo
|-damage|p1a: Keldeo|44\/323
|-heal|p2a: Conkeldurr|301\/364 brn|[from] drain|[of] p1a: Keldeo
|
|-damage|p2a: Conkeldurr|256\/364 brn|[from] brn
|turn|11
|
|move|p2a: Conkeldurr|Mach Punch|p1a: Keldeo
|-damage|p1a: Keldeo|0 fnt
|faint|p1a: Keldeo
|
|-damage|p2a: Conkeldurr|211\/364 brn|[from] brn
|
|switch|p1a: Gardevoir|Gardevoir-Mega, F|214\/277
|-damage|p1a: Gardevoir|180\/277|[from] Stealth Rock
|turn|12
|
|switch|p2a: Celebi|Celebi|404\/404
|-damage|p2a: Celebi|354\/404|[from] Stealth Rock
|move|p1a: Gardevoir|Hyper Voice|p2a: Celebi
|-crit|p2a: Celebi
|-damage|p2a: Celebi|72\/404
|
|-heal|p2a: Celebi|97\/404|[from] item: Leftovers
|turn|13
|join|craing
|
|move|p1a: Gardevoir|Hyper Voice|p2a: Celebi
|-damage|p2a: Celebi|0 fnt
|faint|p2a: Celebi
|
|
|switch|p2a: Metagross|Metagross|301\/301
|-damage|p2a: Metagross|283\/301|[from] Stealth Rock
|turn|14
|
|switch|p1a: Mew|Mew|404\/404
|-damage|p1a: Mew|354\/404|[from] Stealth Rock
|detailschange|p2a: Metagross|Metagross-Mega
|-mega|p2a: Metagross|Metagross|Metagrossite
|move|p2a: Metagross|Meteor Mash|p1a: Mew|[miss]
|-miss|p2a: Metagross|p1a: Mew
|
|-heal|p1a: Mew|379\/404|[from] item: Leftovers
|turn|15
|join|tomibello
|
|switch|p2a: Heatran|Heatran, M|277\/385
|-damage|p2a: Heatran|229\/385|[from] Stealth Rock
|move|p1a: Mew|Knock Off|p2a: Heatran
|-damage|p2a: Heatran|184\/385
|
|-heal|p1a: Mew|404\/404|[from] item: Leftovers
|turn|16
|join|Falco the Great
|
|switch|p1a: Heatran|Heatran, F|114\/386
|-damage|p1a: Heatran|66\/386|[from] Stealth Rock
|move|p2a: Heatran|Roar|p1a: Heatran
|drag|p1a: Gardevoir|Gardevoir-Mega, F|180\/277
|-damage|p1a: Gardevoir|146\/277|[from] Stealth Rock
|
|turn|17
|
|move|p1a: Gardevoir|Focus Blast|p2a: Heatran|[miss]
|-miss|p1a: Gardevoir|p2a: Heatran
|move|p2a: Heatran|Lava Plume|p1a: Gardevoir
|-damage|p1a: Gardevoir|59\/277
|
|turn|18
|
|move|p1a: Gardevoir|Hyper Voice|p2a: Heatran
|-resisted|p2a: Heatran
|-damage|p2a: Heatran|130\/385
|move|p2a: Heatran|Lava Plume|p1a: Gardevoir
|-crit|p1a: Gardevoir
|-damage|p1a: Gardevoir|0 fnt
|faint|p1a: Gardevoir
|
|leave|tomibello
|c| Doomed hi|aww
|
|switch|p1a: Tyranitar|Tyranitar, F|342\/342
|-damage|p1a: Tyranitar|300\/342|[from] Stealth Rock
|-weather|Sandstorm
|turn|19
|
|move|p1a: Tyranitar|Superpower|p2a: Heatran
|-crit|p2a: Heatran
|-supereffective|p2a: Heatran
|-damage|p2a: Heatran|0 fnt
|-unboost|p1a: Tyranitar|atk|1
|-unboost|p1a: Tyranitar|def|1
|faint|p2a: Heatran
|
|-weather|Sandstorm|[upkeep]
|
|switch|p2a: Conkeldurr|Conkeldurr, F|211\/364 brn
|-damage|p2a: Conkeldurr|189\/364 brn|[from] Stealth Rock
|turn|20
|
|switch|p1a: Latios|Latios, M|301\/301
|-damage|p1a: Latios|264\/301|[from] Stealth Rock
|move|p2a: Conkeldurr|Drain Punch|p1a: Latios
|-resisted|p1a: Latios
|-damage|p1a: Latios|122\/301
|-heal|p2a: Conkeldurr|260\/364 brn|[from] drain|[of] p1a: Latios
|
|-weather|Sandstorm|[upkeep]
|-damage|p1a: Latios|104\/301|[from] sandstorm
|-damage|p2a: Conkeldurr|238\/364 brn|[from] sandstorm
|-damage|p2a: Conkeldurr|193\/364 brn|[from] brn
|turn|21
|join|MoB Barley
|join|jacksoras
|leave|jacksoras
|
|switch|p2a: Metagross|Metagross-Mega|283\/301
|-damage|p2a: Metagross|265\/301|[from] Stealth Rock
|move|p1a: Latios|Draco Meteor|p2a: Metagross
|-resisted|p2a: Metagross
|-damage|p2a: Metagross|139\/301
|-unboost|p1a: Latios|spa|2
|-damage|p1a: Latios|74\/301|[from] item: Life Orb
|
|-weather|Sandstorm|[upkeep]
|-damage|p1a: Latios|56\/301|[from] sandstorm
|turn|22
|
|switch|p1a: Mew|Mew|404\/404
|-damage|p1a: Mew|354\/404|[from] Stealth Rock
|move|p2a: Metagross|Ice Punch|p1a: Mew
|-damage|p1a: Mew|252\/404
|
|-weather|Sandstorm|[upkeep]
|-damage|p1a: Mew|227\/404|[from] sandstorm
|-heal|p1a: Mew|252\/404|[from] item: Leftovers
|turn|23
|
|move|p2a: Metagross|Meteor Mash|p1a: Mew
|-damage|p1a: Mew|71\/404
|move|p1a: Mew|Knock Off|p2a: Metagross
|-supereffective|p2a: Metagross
|-damage|p2a: Metagross|61\/301
|
|-weather|none
|-heal|p1a: Mew|96\/404|[from] item: Leftovers
|turn|24
|
|switch|p1a: Heatran|Heatran, F|66\/386
|-damage|p1a: Heatran|18\/386|[from] Stealth Rock
|move|p2a: Metagross|Ice Punch|p1a: Heatran
|-resisted|p1a: Heatran
|-damage|p1a: Heatran|0 fnt
|faint|p1a: Heatran
|
|
|switch|p1a: Tyranitar|Tyranitar, F|300\/342
|-damage|p1a: Tyranitar|258\/342|[from] Stealth Rock
|-weather|Sandstorm
|turn|25
|
|move|p1a: Tyranitar|Crunch|p2a: Metagross
|-supereffective|p2a: Metagross
|-damage|p2a: Metagross|0 fnt
|faint|p2a: Metagross
|
|-weather|Sandstorm|[upkeep]
|-message|elwind forfeited.
|
|win|Reverb
|raw|Ladder updating...
|leave|elwind
|player|p1
|raw|elwind's rating: 1640 &rarr; <strong>1624<\/strong><br \/>(-16 for losing)
|raw|Reverb's rating: 1700 &rarr; <strong>1716<\/strong><br \/>(+16 for winning)