|join|Silver97
|join|elwind
|player|p1|Silver97|102
|player|p2|elwind|102
|gametype|singles
|gen|6
|tier|OU
|clearpoke
|poke|p1|Landorus, M
|poke|p1|Thundurus, M
|poke|p1|Metagross
|poke|p1|Starmie
|poke|p1|Clefable, F
|poke|p1|Tornadus-Therian, M
|poke|p2|Kingdra, M
|poke|p2|Ferrothorn, F
|poke|p2|Politoed, F
|poke|p2|Raikou
|poke|p2|Gardevoir, M
|poke|p2|Hawlucha, F
|rule|Swagger Clause: Swagger is banned
|rule|Baton Pass Clause: Limit one PokÃ©mon knowing Baton Pass
|rule|Sleep Clause Mod: Limit one foe put to sleep
|rule|Species Clause: Limit one of each PokÃ©mon
|rule|OHKO Clause: OHKO moves are banned
|rule|Moody Clause: Moody is banned
|rule|Evasion Moves Clause: Evasion moves are banned
|rule|Endless Battle Clause: Forcing endless battles is banned
|rule|HP Percentage Mod: HP is shown in percentages
|teampreview
|
|start
|switch|p1a: Thundurus|Thundurus, M|299\/299
|switch|p2a: Raikou|Raikou|321\/321
|-ability|p2a: Raikou|Pressure
|turn|1
|
|switch|p1a: Clefable|Clefable, F|389\/389
|move|p2a: Raikou|Thunder|p1a: Clefable|[miss]
|-miss|p2a: Raikou|p1a: Clefable
|
|turn|2
|
|move|p2a: Raikou|Volt Switch|p1a: Clefable
|-damage|p1a: Clefable|271\/389
|
|switch|p2a: Gardevoir|Gardevoir, M|277\/277
|-ability|p2a: Gardevoir|Magic Guard|[from] ability: Trace|[of] p1a: Clefable
|move|p1a: Clefable|Stealth Rock|p2a: Gardevoir
|-sidestart|p2: elwind|move: Stealth Rock
|
|-heal|p1a: Clefable|295\/389|[from] item: Leftovers
|turn|3
|
|switch|p1a: Metagross|Metagross|301\/301
|detailschange|p2a: Gardevoir|Gardevoir-Mega, M
|-mega|p2a: Gardevoir|Gardevoir|Gardevoirite
|move|p2a: Gardevoir|Hyper Voice|p1a: Metagross
|-resisted|p1a: Metagross
|-damage|p1a: Metagross|145\/301
|
|turn|4
|
|detailschange|p1a: Metagross|Metagross-Mega
|-mega|p1a: Metagross|Metagross|Metagrossite
|move|p2a: Gardevoir|Focus Blast|p1a: Metagross|[miss]
|-miss|p2a: Gardevoir|p1a: Metagross
|move|p1a: Metagross|Meteor Mash|p2a: Gardevoir
|-crit|p2a: Gardevoir
|-supereffective|p2a: Gardevoir
|-damage|p2a: Gardevoir|0 fnt
|faint|p2a: Gardevoir
|
|c|âelwind|nab
|c|âelwind|man
|
|switch|p2a: Raikou|Raikou|321\/321
|-damage|p2a: Raikou|281\/321|[from] Stealth Rock
|-ability|p2a: Raikou|Pressure
|turn|5
|
|move|p2a: Raikou|Shadow Ball|p1a: Metagross
|-supereffective|p1a: Metagross
|-damage|p1a: Metagross|0 fnt
|faint|p1a: Metagross
|
|
|switch|p1a: Clefable|Clefable, F|295\/389
|turn|6
|
|move|p2a: Raikou|Thunder|p1a: Clefable|[miss]
|-miss|p2a: Raikou|p1a: Clefable
|move|p1a: Clefable|Soft-Boiled|p1a: Clefable
|-heal|p1a: Clefable|389\/389
|
|turn|7
|
|move|p2a: Raikou|Volt Switch|p1a: Clefable
|-damage|p1a: Clefable|271\/389
|
|switch|p2a: Ferrothorn|Ferrothorn, F|352\/352
|-damage|p2a: Ferrothorn|330\/352|[from] Stealth Rock
|move|p1a: Clefable|Moonblast|p2a: Ferrothorn
|-resisted|p2a: Ferrothorn
|-damage|p2a: Ferrothorn|288\/352
|
|-heal|p1a: Clefable|295\/389|[from] item: Leftovers
|-heal|p2a: Ferrothorn|310\/352|[from] item: Leftovers
|turn|8
|
|move|p1a: Clefable|Flamethrower|p2a: Ferrothorn
|-supereffective|p2a: Ferrothorn
|-damage|p2a: Ferrothorn|90\/352
|move|p2a: Ferrothorn|Stealth Rock|p1a: Clefable
|-sidestart|p1: Silver97|move: Stealth Rock
|
|-heal|p1a: Clefable|319\/389|[from] item: Leftovers
|-heal|p2a: Ferrothorn|112\/352|[from] item: Leftovers
|turn|9
|
|switch|p2a: Politoed|Politoed, F|384\/384
|-damage|p2a: Politoed|336\/384|[from] Stealth Rock
|-weather|RainDance
|move|p1a: Clefable|Flamethrower|p2a: Politoed
|-resisted|p2a: Politoed
|-damage|p2a: Politoed|318\/384
|-status|p2a: Politoed|brn
|
|-weather|RainDance|[upkeep]
|-heal|p1a: Clefable|343\/389|[from] item: Leftovers
|-damage|p2a: Politoed|270\/384 brn|[from] brn
|turn|10
|
|move|p2a: Politoed|Scald|p1a: Clefable
|-damage|p1a: Clefable|199\/389
|move|p1a: Clefable|Soft-Boiled|p1a: Clefable
|-heal|p1a: Clefable|389\/389
|
|-weather|RainDance|[upkeep]
|-damage|p2a: Politoed|222\/384 brn|[from] brn
|turn|11
|
|switch|p1a: Starmie|Starmie|319\/319
|-damage|p1a: Starmie|280\/319|[from] Stealth Rock
|move|p2a: Politoed|Encore|p1a: Starmie
|-fail|p1a: Starmie
|
|-weather|RainDance|[upkeep]
|-heal|p1a: Starmie|299\/319|[from] item: Leftovers
|-damage|p2a: Politoed|174\/384 brn|[from] brn
|turn|12
|
|switch|p2a: Raikou|Raikou|281\/321
|-damage|p2a: Raikou|241\/321|[from] Stealth Rock
|-ability|p2a: Raikou|Pressure
|move|p1a: Starmie|Rapid Spin|p2a: Raikou
|-damage|p2a: Raikou|229\/321
|-sideend|p1: Silver97|Stealth Rock|[from] move: Rapid Spin|[of] p1a: Starmie
|
|-weather|RainDance|[upkeep]
|-heal|p1a: Starmie|318\/319|[from] item: Leftovers
|turn|13
|
|move|p2a: Raikou|Hidden Power|p1a: Starmie
|-resisted|p1a: Starmie
|-damage|p1a: Starmie|284\/319
|move|p1a: Starmie|Scald|p2a: Raikou
|-damage|p2a: Raikou|139\/321
|-status|p2a: Raikou|brn
|
|-weather|RainDance|[upkeep]
|-heal|p1a: Starmie|303\/319|[from] item: Leftovers
|-damage|p2a: Raikou|99\/321 brn|[from] brn
|turn|14
|
|move|p2a: Raikou|Thunder|p1a: Starmie
|-supereffective|p1a: Starmie
|-damage|p1a: Starmie|0 fnt
|faint|p1a: Starmie
|
|-weather|RainDance|[upkeep]
|-damage|p2a: Raikou|59\/321 brn|[from] brn
|
|switch|p1a: Clefable|Clefable, F|389\/389
|turn|15
|
|move|p2a: Raikou|Volt Switch|p1a: Clefable
|-damage|p1a: Clefable|272\/389
|
|switch|p2a: Kingdra|Kingdra, M|297\/297
|-damage|p2a: Kingdra|260\/297|[from] Stealth Rock
|move|p1a: Clefable|Soft-Boiled|p1a: Clefable
|-heal|p1a: Clefable|389\/389
|
|-weather|RainDance|[upkeep]
|turn|16
|
|move|p2a: Kingdra|Hydro Pump|p1a: Clefable
|-damage|p1a: Clefable|0 fnt
|faint|p1a: Clefable
|
|-weather|none
|
|switch|p1a: Tornadus-Therian|Tornadus-Therian, M|299\/299
|turn|17
|
|switch|p2a: Ferrothorn|Ferrothorn, F|112\/352
|-damage|p2a: Ferrothorn|90\/352|[from] Stealth Rock
|move|p1a: Tornadus-Therian|Hurricane|p2a: Ferrothorn
|-damage|p2a: Ferrothorn|0 fnt
|faint|p2a: Ferrothorn
|
|
|switch|p2a: Politoed|Politoed, F|174\/384 brn
|-damage|p2a: Politoed|126\/384 brn|[from] Stealth Rock
|-weather|RainDance
|turn|18
|
|move|p1a: Tornadus-Therian|Knock Off|p2a: Politoed
|-damage|p2a: Politoed|61\/384 brn
|-enditem|p2a: Politoed|Damp Rock|[from] move: Knock Off|[of] p1a: Tornadus-Therian
|move|p2a: Politoed|Scald|p1a: Tornadus-Therian
|-damage|p1a: Tornadus-Therian|202\/299
|
|-weather|RainDance|[upkeep]
|-damage|p2a: Politoed|13\/384 brn|[from] brn
|turn|19
|
|move|p1a: Tornadus-Therian|U-turn|p2a: Politoed
|-damage|p2a: Politoed|0 fnt
|faint|p2a: Politoed
|
|switch|p1a: Thundurus|Thundurus, M|299\/299
|
|-weather|RainDance|[upkeep]
|
|switch|p2a: Raikou|Raikou|59\/321 brn
|-damage|p2a: Raikou|19\/321 brn|[from] Stealth Rock
|-ability|p2a: Raikou|Pressure
|turn|20
|
|switch|p1a: Landorus|Landorus, M|319\/319
|move|p2a: Raikou|Thunder|p1a: Landorus
|-immune|p1a: Landorus|[msg]
|
|-weather|RainDance|[upkeep]
|-damage|p2a: Raikou|0 fnt|[from] brn
|faint|p2a: Raikou
|
|switch|p2a: Kingdra|Kingdra, M|260\/297
|-damage|p2a: Kingdra|223\/297|[from] Stealth Rock
|turn|21
|
|move|p2a: Kingdra|Surf|p1a: Landorus
|-supereffective|p1a: Landorus
|-damage|p1a: Landorus|0 fnt
|faint|p1a: Landorus
|
|-weather|RainDance|[upkeep]
|
|switch|p1a: Thundurus|Thundurus, M|299\/299
|turn|22
|
|move|p1a: Thundurus|Thunder Wave|p2a: Kingdra
|-status|p2a: Kingdra|par
|cant|p2a: Kingdra|par
|
|-weather|RainDance|[upkeep]
|turn|23
|
|move|p1a: Thundurus|Thunderbolt|p2a: Kingdra
|-damage|p2a: Kingdra|0 fnt
|-damage|p1a: Thundurus|270\/299|[from] item: Life Orb
|faint|p2a: Kingdra
|
|-weather|RainDance|[upkeep]
|
|switch|p2a: Hawlucha|Hawlucha, F|297\/297
|-damage|p2a: Hawlucha|260\/297|[from] Stealth Rock
|turn|24
|
|move|p2a: Hawlucha|Swords Dance|p2a: Hawlucha
|-boost|p2a: Hawlucha|atk|2
|move|p1a: Thundurus|Thunderbolt|p2a: Hawlucha
|-supereffective|p2a: Hawlucha
|-damage|p2a: Hawlucha|0 fnt
|-damage|p1a: Thundurus|241\/299|[from] item: Life Orb
|faint|p2a: Hawlucha
|
|win|Silver97
|leave|elwind
|player|p2