|join|elwind
|join|ArchPhantom
|player|p1|elwind|265
|player|p2|ArchPhantom|222
|gametype|singles
|gen|6
|tier|OU
|rated
|clearpoke
|poke|p1|Metagross
|poke|p1|Politoed, F
|poke|p1|Kingdra, M
|poke|p1|Ferrothorn, M
|poke|p1|Clefable, F
|poke|p1|Thundurus-Therian, M
|poke|p2|Lopunny, M
|poke|p2|Ferrothorn, M
|poke|p2|Landorus-Therian, M
|poke|p2|Slowbro, F
|poke|p2|Latias, F
|poke|p2|Heatran, M
|rule|Swagger Clause: Swagger is banned
|rule|Baton Pass Clause: Limit one PokÃ©mon knowing Baton Pass
|rule|Sleep Clause Mod: Limit one foe put to sleep
|rule|Species Clause: Limit one of each PokÃ©mon
|rule|OHKO Clause: OHKO moves are banned
|rule|Moody Clause: Moody is banned
|rule|Evasion Moves Clause: Evasion moves are banned
|rule|Endless Battle Clause: Forcing endless battles is banned
|rule|HP Percentage Mod: HP is shown in percentages
|teampreview
|
|start
|switch|p1a: Thundurus-Therian|Thundurus-Therian, M|300\/300
|switch|p2a: Landorus-Therian|Landorus-Therian, M|381\/381
|-ability|p2a: Landorus-Therian|Intimidate|[of] p1a: Thundurus-Therian
|-unboost|p1a: Thundurus-Therian|atk|1
|turn|1
|
|switch|p2a: Ferrothorn|Ferrothorn, M|352\/352
|move|p1a: Thundurus-Therian|Nasty Plot|p1a: Thundurus-Therian
|-boost|p1a: Thundurus-Therian|spa|2
|
|turn|2
|
|move|p1a: Thundurus-Therian|Volt Switch|p2a: Ferrothorn
|-resisted|p2a: Ferrothorn
|-damage|p2a: Ferrothorn|233\/352
|
|switch|p1a: Metagross|Metagross|301\/301
|move|p2a: Ferrothorn|Leech Seed|p1a: Metagross
|-start|p1a: Metagross|move: Leech Seed
|
|-heal|p2a: Ferrothorn|255\/352|[from] item: Leftovers
|-damage|p1a: Metagross|264\/301|[from] Leech Seed|[of] p2a: Ferrothorn
|-heal|p2a: Ferrothorn|292\/352|[silent]
|turn|3
|
|switch|p1a: Politoed|Politoed, F|383\/383
|-weather|RainDance
|switch|p2a: Slowbro|Slowbro, F|393\/393
|
|-weather|RainDance|[upkeep]
|turn|4
|
|switch|p2a: Ferrothorn|Ferrothorn, M|292\/352
|move|p1a: Politoed|Scald|p2a: Ferrothorn
|-resisted|p2a: Ferrothorn
|-damage|p2a: Ferrothorn|192\/352
|
|-weather|RainDance|[upkeep]
|-heal|p2a: Ferrothorn|214\/352|[from] item: Leftovers
|turn|5
|
|switch|p1a: Metagross|Metagross|264\/301
|move|p2a: Ferrothorn|Spikes|p1a: Metagross
|-sidestart|p1: elwind|Spikes
|
|-weather|RainDance|[upkeep]
|-heal|p2a: Ferrothorn|236\/352|[from] item: Leftovers
|turn|6
|
|switch|p2a: Slowbro|Slowbro, F|393\/393
|detailschange|p1a: Metagross|Metagross-Mega
|-mega|p1a: Metagross|Metagross|Metagrossite
|move|p1a: Metagross|Power-Up Punch|p2a: Slowbro
|-resisted|p2a: Slowbro
|-damage|p2a: Slowbro|370\/393
|-damage|p1a: Metagross|214\/301|[from] item: Rocky Helmet|[of] p2a: Slowbro
|-boost|p1a: Metagross|atk|1
|
|-weather|RainDance|[upkeep]
|turn|7
|
|switch|p1a: Kingdra|Kingdra, M|309\/309
|-damage|p1a: Kingdra|271\/309|[from] Spikes
|move|p2a: Slowbro|Thunder Wave|p1a: Kingdra
|-status|p1a: Kingdra|par
|
|-weather|none
|turn|8
|
|switch|p2a: Landorus-Therian|Landorus-Therian, M|381\/381
|-ability|p2a: Landorus-Therian|Intimidate|[of] p1a: Kingdra
|-unboost|p1a: Kingdra|atk|1
|move|p1a: Kingdra|Draco Meteor|p2a: Landorus-Therian
|-damage|p2a: Landorus-Therian|0 fnt
|-unboost|p1a: Kingdra|spa|2
|faint|p2a: Landorus-Therian
|
|
|switch|p2a: Lopunny|Lopunny, M|271\/271
|turn|9
|
|switch|p1a: Clefable|Clefable, F|394\/394
|detailschange|p2a: Lopunny|Lopunny-Mega, M
|-mega|p2a: Lopunny|Lopunny|Lopunnite
|move|p2a: Lopunny|Power-Up Punch|p1a: Clefable
|-resisted|p1a: Clefable
|-damage|p1a: Clefable|361\/394
|-boost|p2a: Lopunny|atk|1
|
|-heal|p1a: Clefable|385\/394|[from] item: Leftovers
|turn|10
|
|move|p2a: Lopunny|Frustration|p1a: Clefable
|-damage|p1a: Clefable|139\/394
|move|p1a: Clefable|Moonblast|p2a: Lopunny
|-supereffective|p2a: Lopunny
|-damage|p2a: Lopunny|41\/271
|
|-heal|p1a: Clefable|163\/394|[from] item: Leftovers
|turn|11
|
|switch|p2a: Latias|Latias, F|301\/301
|switch|p1a: Ferrothorn|Ferrothorn, M|351\/351
|-damage|p1a: Ferrothorn|308\/351|[from] Spikes
|
|-heal|p1a: Ferrothorn|329\/351|[from] item: Leftovers
|turn|12
|
|move|p2a: Latias|Healing Wish|p2a: Latias
|faint|p2a: Latias
|move|p1a: Ferrothorn|Stealth Rock|p2: Latias
|-sidestart|p2: ArchPhantom|move: Stealth Rock
|
|-heal|p1a: Ferrothorn|350\/351|[from] item: Leftovers
|
|switch|p2a: Lopunny|Lopunny-Mega, M|41\/271
|-heal|p2a: Lopunny|271\/271|[from] move: Healing Wish
|-damage|p2a: Lopunny|255\/271|[from] Stealth Rock
|turn|13
|
|move|p2a: Lopunny|Encore|p1a: Ferrothorn
|-start|p1a: Ferrothorn|Encore
|move|p1a: Ferrothorn|Stealth Rock|p2a: Lopunny
|-fail|p2a: Lopunny
|
|-heal|p1a: Ferrothorn|351\/351|[from] item: Leftovers
|turn|14
|
|switch|p1a: Kingdra|Kingdra, M|271\/309 par
|-damage|p1a: Kingdra|233\/309 par|[from] Spikes
|move|p2a: Lopunny|Power-Up Punch|p1a: Kingdra
|-damage|p1a: Kingdra|160\/309 par
|-boost|p2a: Lopunny|atk|1
|
|turn|15
|
|move|p2a: Lopunny|Frustration|p1a: Kingdra
|-damage|p1a: Kingdra|0 fnt
|faint|p1a: Kingdra
|
|
|switch|p1a: Politoed|Politoed, F|383\/383
|-damage|p1a: Politoed|336\/383|[from] Spikes
|-weather|RainDance
|turn|16
|
|move|p2a: Lopunny|High Jump Kick|p1a: Politoed
|-damage|p1a: Politoed|0 fnt
|faint|p1a: Politoed
|
|-weather|RainDance|[upkeep]
|
|switch|p1a: Metagross|Metagross-Mega|214\/301
|-damage|p1a: Metagross|177\/301|[from] Spikes
|turn|17
|
|move|p2a: Lopunny|High Jump Kick|p1a: Metagross
|-damage|p1a: Metagross|0 fnt
|faint|p1a: Metagross
|
|-weather|RainDance|[upkeep]
|-message|elwind forfeited.
|
|win|ArchPhantom
|raw|Ladder updating...
|leave|elwind
|player|p1
|raw|elwind's rating: 1599 &rarr; <strong>1582<\/strong><br \/>(-17 for losing)
|raw|ArchPhantom's rating: 1647 &rarr; <strong>1664<\/strong><br \/>(+17 for winning)