|join|elwind
|join|elo fun
|player|p1|elwind|218
|player|p2|elo fun|11
|gametype|singles
|gen|6
|tier|OU (suspect test)
|rated
|clearpoke
|poke|p1|Amoonguss, F
|poke|p1|Charizard, M
|poke|p1|Slowbro, F
|poke|p1|Skarmory, F
|poke|p1|Landorus, M
|poke|p1|Chansey, F
|poke|p2|Garchomp, M, shiny
|poke|p2|Wobbuffet, M
|poke|p2|Zapdos
|poke|p2|Gengar, M
|poke|p2|Clefable, F
|poke|p2|Gyarados, M
|rule|Sleep Clause Mod: Limit one foe put to sleep
|rule|Species Clause: Limit one of each Pokemon
|rule|OHKO Clause: OHKO moves are banned
|rule|Moody Clause: Moody is banned
|rule|Evasion Moves Clause: Evasion moves are banned
|rule|Endless Battle Clause: Forcing endless battles is banned.
|rule|HP Percentage Mod: HP is reported as percentages
|teampreview
|join|Gryphonscout
|join|Outrageous Fortune
|
|start
|switch|p1a: Landorus|Landorus, M|320\/320
|switch|p2a: Han Solo|Gengar, M|273\/273
|turn|1
|
|switch|p2a: Anakin|Gyarados, M|383\/383
|-ability|p2a: Anakin|Intimidate|[of] p1a: Landorus
|-unboost|p1a: Landorus|atk|1
|move|p1a: Landorus|Knock Off|p2a: Anakin
|-damage|p2a: Anakin|323\/383
|-damage|p1a: Landorus|288\/320|[from] item: Life Orb
|
|turn|2
|
|switch|p1a: Slowbro|Slowbro, F|394\/394
|move|p2a: Anakin|Waterfall|p1a: Slowbro
|-resisted|p1a: Slowbro
|-damage|p1a: Slowbro|349\/394
|
|-heal|p1a: Slowbro|373\/394|[from] item: Leftovers
|turn|3
|join|Reud
|
|switch|p2a: Obi Wan|Zapdos|383\/383
|-ability|p2a: Obi Wan|Pressure
|move|p1a: Slowbro|Scald|p2a: Obi Wan
|-damage|p2a: Obi Wan|289\/383
|-status|p2a: Obi Wan|brn
|
|-heal|p2a: Obi Wan|312\/383 brn|[from] item: Leftovers
|-heal|p1a: Slowbro|394\/394|[from] item: Leftovers
|-damage|p2a: Obi Wan|265\/383 brn|[from] brn
|turn|4
|
|switch|p2a: BOBA FETT|Wobbuffet, M|528\/528
|switch|p1a: Chansey|Chansey, F|704\/704
|
|turn|5
|
|switch|p2a: Han Solo|Gengar, M|273\/273
|move|p1a: Chansey|Stealth Rock|p2a: Han Solo
|-sidestart|p2: elo fun|move: Stealth Rock
|
|turn|6
|
|switch|p1a: Amoonguss|Amoonguss, F|432\/432
|move|p2a: Han Solo|Substitute|p2a: Han Solo
|-start|p2a: Han Solo|Substitute
|-damage|p2a: Han Solo|205\/273
|
|-heal|p2a: Han Solo|222\/273|[from] item: Black Sludge
|turn|7
|
|move|p2a: Han Solo|Will-O-Wisp|p1a: Amoonguss
|-status|p1a: Amoonguss|brn
|move|p1a: Amoonguss|Foul Play|p2a: Han Solo
|-supereffective|p2a: Han Solo
|-activate|p2a: Han Solo|Substitute|[damage]
|
|-heal|p2a: Han Solo|239\/273|[from] item: Black Sludge
|-damage|p1a: Amoonguss|378\/432 brn|[from] brn
|turn|8
|
|move|p2a: Han Solo|Shadow Ball|p1a: Amoonguss
|-damage|p1a: Amoonguss|269\/432 brn
|move|p1a: Amoonguss|Foul Play|p2a: Han Solo
|-supereffective|p2a: Han Solo
|-end|p2a: Han Solo|Substitute
|
|-heal|p2a: Han Solo|256\/273|[from] item: Black Sludge
|-heal|p1a: Amoonguss|296\/432 brn|[from] item: Leftovers
|-damage|p1a: Amoonguss|242\/432 brn|[from] brn
|turn|9
|
|switch|p1a: Charizard|Charizard, M|357\/357
|move|p2a: Han Solo|Substitute|p2a: Han Solo
|-start|p2a: Han Solo|Substitute
|-damage|p2a: Han Solo|188\/273
|
|-heal|p2a: Han Solo|205\/273|[from] item: Black Sludge
|turn|10
|
|detailschange|p1a: Charizard|Charizard-Mega-X, M
|message|Charizard has Mega Evolved into Mega Charizard!
|move|p2a: Han Solo|Taunt|p1a: Charizard
|-start|p1a: Charizard|move: Taunt
|move|p1a: Charizard|Flare Blitz|p2a: Han Solo
|-end|p2a: Han Solo|Substitute
|-damage|p1a: Charizard|335\/357|[from] recoil|[of] p2a: Han Solo
|
|-heal|p2a: Han Solo|222\/273|[from] item: Black Sludge
|turn|11
|
|switch|p2a: BOBA FETT|Wobbuffet, M|528\/528
|-damage|p2a: BOBA FETT|462\/528|[from] Stealth Rock
|move|p1a: Charizard|Flare Blitz|p2a: BOBA FETT
|-damage|p2a: BOBA FETT|221\/528
|-damage|p1a: Charizard|255\/357|[from] recoil|[of] p2a: BOBA FETT
|-enditem|p2a: BOBA FETT|Sitrus Berry|[eat]
|-heal|p2a: BOBA FETT|353\/528|[from] item: Sitrus Berry
|
|turn|12
|
|move|p1a: Charizard|Flare Blitz|p2a: BOBA FETT
|-damage|p2a: BOBA FETT|130\/528
|-damage|p1a: Charizard|181\/357|[from] recoil|[of] p2a: BOBA FETT
|move|p2a: BOBA FETT|Counter|p1a: Charizard
|-damage|p1a: Charizard|0 fnt
|faint|p1a: Charizard
|
|
|switch|p1a: Landorus|Landorus, M|288\/320
|turn|13
|
|move|p1a: Landorus|Focus Blast|p2a: BOBA FETT
|-resisted|p2a: BOBA FETT
|-damage|p2a: BOBA FETT|12\/528
|move|p2a: BOBA FETT|Destiny Bond|p2a: BOBA FETT
|-singlemove|p2a: BOBA FETT|Destiny Bond
|
|turn|14
|chat|elwind|f me
|
|move|p1a: Landorus|Knock Off|p2a: BOBA FETT
|-supereffective|p2a: BOBA FETT
|-damage|p2a: BOBA FETT|0 fnt
|-damage|p1a: Landorus|256\/320|[from] item: Life Orb
|faint|p2a: BOBA FETT
|-activate|p2a: BOBA FETT|Destiny Bond
|faint|p1a: Landorus
|
|chat|elwind|throw
|
|switch|p2a: Han Solo|Gengar, M|222\/273
|-damage|p2a: Han Solo|188\/273|[from] Stealth Rock
|switch|p1a: Slowbro|Slowbro, F|394\/394
|turn|15
|chat|elo fun|why did you do that?
|chat|elo fun|misclick?
|
|switch|p2a: Leia|Clefable, F|391\/391
|-damage|p2a: Leia|343\/391|[from] Stealth Rock
|move|p1a: Slowbro|Scald|p2a: Leia
|-damage|p2a: Leia|244\/391
|
|-heal|p2a: Leia|268\/391|[from] item: Leftovers
|turn|16
|
|switch|p1a: Chansey|Chansey, F|704\/704
|move|p2a: Leia|Calm Mind|p2a: Leia
|-boost|p2a: Leia|spa|1
|-boost|p2a: Leia|spd|1
|
|-heal|p2a: Leia|292\/391|[from] item: Leftovers
|turn|17
|
|switch|p2a: Han Solo|Gengar, M|188\/273
|-damage|p2a: Han Solo|154\/273|[from] Stealth Rock
|move|p1a: Chansey|Stealth Rock|p2a: Han Solo
|-fail|p2a: Han Solo
|
|-heal|p2a: Han Solo|171\/273|[from] item: Black Sludge
|turn|18
|chat|elwind|mis
|chat|elwind|big fail
|
|move|p2a: Han Solo|Substitute|p2a: Han Solo
|-start|p2a: Han Solo|Substitute
|-damage|p2a: Han Solo|103\/273
|move|p1a: Chansey|Heal Bell|p1a: Chansey
|-cureteam|p1a: Chansey|[from] move: HealBell
|
|-heal|p2a: Han Solo|120\/273|[from] item: Black Sludge
|turn|19
|
|switch|p1a: Slowbro|Slowbro, F|394\/394
|move|p2a: Han Solo|Will-O-Wisp|p1a: Slowbro
|-status|p1a: Slowbro|brn
|
|-heal|p2a: Han Solo|137\/273|[from] item: Black Sludge
|-damage|p1a: Slowbro|345\/394 brn|[from] brn
|turn|20
|
|move|p2a: Han Solo|Shadow Ball|p1a: Slowbro
|-supereffective|p1a: Slowbro
|-damage|p1a: Slowbro|9\/394 brn
|move|p1a: Slowbro|Scald|p2a: Han Solo
|-end|p2a: Han Solo|Substitute
|
|-heal|p2a: Han Solo|154\/273|[from] item: Black Sludge
|-heal|p1a: Slowbro|33\/394 brn|[from] item: Leftovers
|-damage|p1a: Slowbro|0 fnt|[from] brn
|faint|p1a: Slowbro
|
|switch|p1a: Skarmory|Skarmory, F|334\/334
|turn|21
|join|Arylide
|
|move|p2a: Han Solo|Will-O-Wisp|p1a: Skarmory|[miss]
|-miss|p2a: Han Solo|p1a: Skarmory
|move|p1a: Skarmory|Brave Bird|p2a: Han Solo
|-damage|p2a: Han Solo|0 fnt
|-damage|p1a: Skarmory|283\/334|[from] recoil|[of] p2a: Han Solo
|faint|p2a: Han Solo
|
|chat|Arylide|inb4 mega ebolbe
|join|z0mOG
|chat|z0mOG|hi kj
|chat|Arylide|so you switched sylv for clefa
|chat|Arylide|y?
|chat|elo fun|ye clef's based
|
|switch|p2a: Leia|Clefable, F|292\/391
|-damage|p2a: Leia|244\/391|[from] Stealth Rock
|turn|22
|chat|z0mOG|wynaut
|chat|Arylide|what is it support cleric?
|chat|Arylide|wish
|chat|Arylide|flamethrower\/moonblast\/wish\/heal?
|
|switch|p1a: Amoonguss|Amoonguss, F|386\/432
|move|p2a: Leia|Moonlight|p2a: Leia
|-heal|p2a: Leia|391\/391
|
|-heal|p1a: Amoonguss|413\/432|[from] item: Leftovers
|turn|23
|chat|elo fun|cm
|chat|Arylide|oh
|chat|Outrageous Fortune|flamethrower\/stored power\/moonblast\/sing
|
|switch|p2a: Obi Wan|Zapdos|265\/383 brn
|-damage|p2a: Obi Wan|170\/383 brn|[from] Stealth Rock
|-ability|p2a: Obi Wan|Pressure
|move|p1a: Amoonguss|Spore|p2a: Obi Wan
|-fail|p2a: Obi Wan
|
|-heal|p2a: Obi Wan|193\/383 brn|[from] item: Leftovers
|-heal|p1a: Amoonguss|432\/432|[from] item: Leftovers
|-damage|p2a: Obi Wan|146\/383 brn|[from] brn
|turn|24
|join|Deetect
|
|switch|p1a: Chansey|Chansey, F|704\/704
|move|p2a: Obi Wan|Roost|p2a: Obi Wan
|-heal|p2a: Obi Wan|338\/383 brn
|
|-heal|p2a: Obi Wan|361\/383 brn|[from] item: Leftovers
|-damage|p2a: Obi Wan|314\/383 brn|[from] brn
|turn|25
|
|move|p2a: Obi Wan|Defog|p1a: Chansey
|-unboost|p1a: Chansey|evasion|1
|-sideend|p2: elo fun|Stealth Rock|[from] move: Defog|[of] p2a: Obi Wan
|move|p1a: Chansey|Seismic Toss|p2a: Obi Wan
|-damage|p2a: Obi Wan|214\/383 brn
|
|-heal|p2a: Obi Wan|237\/383 brn|[from] item: Leftovers
|-damage|p2a: Obi Wan|190\/383 brn|[from] brn
|turn|26
|
|switch|p2a: Anakin|Gyarados, M|323\/383
|-ability|p2a: Anakin|Intimidate|[of] p1a: Chansey
|-unboost|p1a: Chansey|atk|1
|move|p1a: Chansey|Stealth Rock|p2a: Anakin
|-sidestart|p2: elo fun|move: Stealth Rock
|
|turn|27
|
|move|p2a: Anakin|Dragon Dance|p2a: Anakin
|-boost|p2a: Anakin|atk|1
|-boost|p2a: Anakin|spe|1
|move|p1a: Chansey|Seismic Toss|p2a: Anakin
|-damage|p2a: Anakin|223\/383
|
|turn|28
|chat|Arylide|p sure dis is win
|chat|Arylide|unless whirlwind
|
|switch|p1a: Amoonguss|Amoonguss, F|432\/432
|move|p2a: Anakin|Dragon Dance|p2a: Anakin
|-boost|p2a: Anakin|atk|1
|-boost|p2a: Anakin|spe|1
|
|turn|29
|
|move|p2a: Anakin|Waterfall|p1a: Amoonguss
|-resisted|p1a: Amoonguss
|-damage|p1a: Amoonguss|264\/432
|move|p1a: Amoonguss|Spore|p2a: Anakin
|-status|p2a: Anakin|slp
|
|-heal|p1a: Amoonguss|291\/432|[from] item: Leftovers
|turn|30
|chat|Arylide|lel
|
|cant|p2a: Anakin|slp
|move|p2a: Anakin|Sleep Talk|p2a: Anakin
|move|p2a: Anakin|Dragon Dance|p2a: Anakin|[from]Sleep Talk
|-boost|p2a: Anakin|atk|1
|-boost|p2a: Anakin|spe|1
|move|p1a: Amoonguss|Foul Play|p2a: Anakin
|-damage|p2a: Anakin|0 fnt
|faint|p2a: Anakin
|
|-heal|p1a: Amoonguss|318\/432|[from] item: Leftovers
|chat|Outrageous Fortune|slam
|chat|Outrageous Fortune|dunked
|chat|elo fun|jesus fuck what the hell am I doing
|
|switch|p2a: Obi Wan|Zapdos|190\/383 brn
|-damage|p2a: Obi Wan|95\/383 brn|[from] Stealth Rock
|-ability|p2a: Obi Wan|Pressure
|turn|31
|chat|Arylide|>foul play amoongus
|
|move|p2a: Obi Wan|Roost|p2a: Obi Wan
|-heal|p2a: Obi Wan|287\/383 brn
|move|p1a: Amoonguss|Giga Drain|p2a: Obi Wan
|-damage|p2a: Obi Wan|208\/383 brn
|-heal|p1a: Amoonguss|358\/432|[from] drain|[of] p2a: Obi Wan
|
|-heal|p2a: Obi Wan|231\/383 brn|[from] item: Leftovers
|-heal|p1a: Amoonguss|385\/432|[from] item: Leftovers
|-damage|p2a: Obi Wan|184\/383 brn|[from] brn
|turn|32
|chat|Arylide|o shit
|chat|Arylide|di nig is lebit
|chat|Outrageous Fortune|that's like
|chat|Outrageous Fortune|every amoonguss
|chat|Outrageous Fortune|cos aegi is a thing
|
|switch|p1a: Chansey|Chansey, F|704\/704
|move|p2a: Obi Wan|Roost|p2a: Obi Wan
|-heal|p2a: Obi Wan|376\/383 brn
|
|-heal|p2a: Obi Wan|383\/383 brn|[from] item: Leftovers
|-damage|p2a: Obi Wan|336\/383 brn|[from] brn
|turn|33
|
|move|p2a: Obi Wan|Defog|p1a: Chansey
|-unboost|p1a: Chansey|evasion|1
|-sideend|p2: elo fun|Stealth Rock|[from] move: Defog|[of] p2a: Obi Wan
|move|p1a: Chansey|Stealth Rock|p2a: Obi Wan
|-sidestart|p2: elo fun|move: Stealth Rock
|
|-heal|p2a: Obi Wan|359\/383 brn|[from] item: Leftovers
|-damage|p2a: Obi Wan|312\/383 brn|[from] brn
|turn|34
|
|move|p2a: Obi Wan|Defog|p1a: Chansey
|-unboost|p1a: Chansey|evasion|1
|-sideend|p2: elo fun|Stealth Rock|[from] move: Defog|[of] p2a: Obi Wan
|move|p1a: Chansey|Seismic Toss|p2a: Obi Wan
|-damage|p2a: Obi Wan|212\/383 brn
|
|-heal|p2a: Obi Wan|235\/383 brn|[from] item: Leftovers
|-damage|p2a: Obi Wan|188\/383 brn|[from] brn
|turn|35
|
|move|p2a: Obi Wan|Roost|p2a: Obi Wan
|-heal|p2a: Obi Wan|380\/383 brn
|move|p1a: Chansey|Stealth Rock|p2a: Obi Wan
|-sidestart|p2: elo fun|move: Stealth Rock
|
|-heal|p2a: Obi Wan|383\/383 brn|[from] item: Leftovers
|-damage|p2a: Obi Wan|336\/383 brn|[from] brn
|turn|36
|leave|Gryphonscout
|
|switch|p2a: Leia|Clefable, F|391\/391
|-damage|p2a: Leia|343\/391|[from] Stealth Rock
|move|p1a: Chansey|Seismic Toss|p2a: Leia
|-damage|p2a: Leia|243\/391
|
|-heal|p2a: Leia|267\/391|[from] item: Leftovers
|turn|37
|
|switch|p1a: Amoonguss|Amoonguss, F|432\/432
|move|p2a: Leia|Flamethrower|p1a: Amoonguss
|-supereffective|p1a: Amoonguss
|-damage|p1a: Amoonguss|314\/432
|
|-heal|p2a: Leia|291\/391|[from] item: Leftovers
|-heal|p1a: Amoonguss|341\/432|[from] item: Leftovers
|turn|38
|
|switch|p2a: Obi Wan|Zapdos|336\/383 brn
|-damage|p2a: Obi Wan|241\/383 brn|[from] Stealth Rock
|-ability|p2a: Obi Wan|Pressure
|move|p1a: Amoonguss|Spore|p2a: Obi Wan
|-fail|p2a: Obi Wan
|
|-heal|p2a: Obi Wan|264\/383 brn|[from] item: Leftovers
|-heal|p1a: Amoonguss|368\/432|[from] item: Leftovers
|-damage|p2a: Obi Wan|217\/383 brn|[from] brn
|turn|39
|
|move|p2a: Obi Wan|Defog|p1a: Amoonguss
|-unboost|p1a: Amoonguss|evasion|1
|-sideend|p2: elo fun|Stealth Rock|[from] move: Defog|[of] p2a: Obi Wan
|move|p1a: Amoonguss|Foul Play|p2a: Obi Wan
|-damage|p2a: Obi Wan|176\/383 brn
|
|-heal|p2a: Obi Wan|199\/383 brn|[from] item: Leftovers
|-heal|p1a: Amoonguss|395\/432|[from] item: Leftovers
|-damage|p2a: Obi Wan|152\/383 brn|[from] brn
|turn|40
|
|switch|p1a: Chansey|Chansey, F|704\/704
|move|p2a: Obi Wan|Roost|p2a: Obi Wan
|-heal|p2a: Obi Wan|344\/383 brn
|
|-heal|p2a: Obi Wan|367\/383 brn|[from] item: Leftovers
|-damage|p2a: Obi Wan|320\/383 brn|[from] brn
|turn|41
|
|switch|p2a: Luke|Garchomp, M, shiny|357\/357
|move|p1a: Chansey|Stealth Rock|p2a: Luke
|-sidestart|p2: elo fun|move: Stealth Rock
|
|turn|42
|
|switch|p1a: Skarmory|Skarmory, F|283\/334
|move|p2a: Luke|Stealth Rock|p1a: Skarmory
|-sidestart|p1: elwind|move: Stealth Rock
|
|turn|43
|
|move|p2a: Luke|Swords Dance|p2a: Luke
|-boost|p2a: Luke|atk|2
|move|p1a: Skarmory|Defog|p2a: Luke
|-unboost|p2a: Luke|evasion|1
|-sideend|p2: elo fun|Stealth Rock|[from] move: Defog|[of] p2a: Luke
|-sideend|p1: elwind|Stealth Rock|[from] move: Defog|[of] p1a: Skarmory
|
|turn|44
|
|move|p2a: Luke|Stealth Rock|p1a: Skarmory
|-sidestart|p1: elwind|move: Stealth Rock
|move|p1a: Skarmory|Roost|p1a: Skarmory
|-heal|p1a: Skarmory|334\/334
|
|turn|45
|
|move|p2a: Luke|Swords Dance|p2a: Luke
|-boost|p2a: Luke|atk|2
|move|p1a: Skarmory|Defog|p2a: Luke
|-unboost|p2a: Luke|evasion|1
|-sideend|p1: elwind|Stealth Rock|[from] move: Defog|[of] p1a: Skarmory
|
|turn|46
|
|move|p2a: Luke|Outrage|p1a: Skarmory
|-resisted|p1a: Skarmory
|-damage|p1a: Skarmory|113\/334
|-damage|p2a: Luke|298\/357|[from] item: Rocky Helmet|[of] p1a: Skarmory
|-damage|p2a: Luke|263\/357|[from] item: Life Orb
|move|p1a: Skarmory|Whirlwind|p2a: Luke
|drag|p2a: Leia|Clefable, F|291\/391
|
|-heal|p2a: Leia|315\/391|[from] item: Leftovers
|turn|47
|
|switch|p1a: Amoonguss|Amoonguss, F|432\/432
|move|p2a: Leia|Calm Mind|p2a: Leia
|-boost|p2a: Leia|spa|1
|-boost|p2a: Leia|spd|1
|
|-heal|p2a: Leia|339\/391|[from] item: Leftovers
|turn|48
|
|switch|p2a: Obi Wan|Zapdos|320\/383 brn
|-ability|p2a: Obi Wan|Pressure
|move|p1a: Amoonguss|Clear Smog|p2a: Obi Wan
|-damage|p2a: Obi Wan|268\/383 brn
|-clearboost|p2a: Obi Wan
|
|-heal|p2a: Obi Wan|291\/383 brn|[from] item: Leftovers
|-damage|p2a: Obi Wan|244\/383 brn|[from] brn
|turn|49
|
|move|p2a: Obi Wan|Heat Wave|p1a: Amoonguss
|-supereffective|p1a: Amoonguss
|-damage|p1a: Amoonguss|268\/432
|move|p1a: Amoonguss|Foul Play|p2a: Obi Wan
|-damage|p2a: Obi Wan|203\/383 brn
|
|-heal|p2a: Obi Wan|226\/383 brn|[from] item: Leftovers
|-heal|p1a: Amoonguss|295\/432|[from] item: Leftovers
|-damage|p2a: Obi Wan|179\/383 brn|[from] brn
|turn|50
|
|switch|p1a: Chansey|Chansey, F|704\/704
|move|p2a: Obi Wan|Roost|p2a: Obi Wan
|-heal|p2a: Obi Wan|371\/383 brn
|
|-heal|p2a: Obi Wan|383\/383 brn|[from] item: Leftovers
|-damage|p2a: Obi Wan|336\/383 brn|[from] brn
|turn|51
|
|switch|p2a: Leia|Clefable, F|339\/391
|move|p1a: Chansey|Stealth Rock|p2a: Leia
|-sidestart|p2: elo fun|move: Stealth Rock
|
|-heal|p2a: Leia|363\/391|[from] item: Leftovers
|turn|52
|
|switch|p1a: Amoonguss|Amoonguss, F|432\/432
|move|p2a: Leia|Calm Mind|p2a: Leia
|-boost|p2a: Leia|spa|1
|-boost|p2a: Leia|spd|1
|
|-heal|p2a: Leia|387\/391|[from] item: Leftovers
|turn|53
|
|switch|p1a: Chansey|Chansey, F|704\/704
|move|p2a: Leia|Flamethrower|p1a: Chansey
|-damage|p1a: Chansey|641\/704
|
|-heal|p2a: Leia|391\/391|[from] item: Leftovers
|turn|54
|
|switch|p1a: Amoonguss|Amoonguss, F|432\/432
|move|p2a: Leia|Calm Mind|p2a: Leia
|-boost|p2a: Leia|spa|1
|-boost|p2a: Leia|spd|1
|
|turn|55
|
|move|p2a: Leia|Flamethrower|p1a: Amoonguss
|-supereffective|p1a: Amoonguss
|-damage|p1a: Amoonguss|210\/432
|-status|p1a: Amoonguss|brn
|move|p1a: Amoonguss|Clear Smog|p2a: Leia
|-supereffective|p2a: Leia
|-damage|p2a: Leia|331\/391
|-clearboost|p2a: Leia
|
|-heal|p2a: Leia|355\/391|[from] item: Leftovers
|-heal|p1a: Amoonguss|237\/432 brn|[from] item: Leftovers
|-damage|p1a: Amoonguss|183\/432 brn|[from] brn
|turn|56
|chat|z0mOG|where was da roar
|
|move|p2a: Leia|Flamethrower|p1a: Amoonguss
|-supereffective|p1a: Amoonguss
|-damage|p1a: Amoonguss|61\/432 brn
|move|p1a: Amoonguss|Spore|p2a: Leia
|-status|p2a: Leia|slp
|
|-heal|p2a: Leia|379\/391 slp|[from] item: Leftovers
|-heal|p1a: Amoonguss|88\/432 brn|[from] item: Leftovers
|-damage|p1a: Amoonguss|34\/432 brn|[from] brn
|turn|57
|
|switch|p2a: Luke|Garchomp, M, shiny|263\/357
|-damage|p2a: Luke|241\/357|[from] Stealth Rock
|switch|p1a: Skarmory|Skarmory, F|113\/334
|
|turn|58
|
|move|p2a: Luke|Stealth Rock|p1a: Skarmory
|-sidestart|p1: elwind|move: Stealth Rock
|move|p1a: Skarmory|Roost|p1a: Skarmory
|-heal|p1a: Skarmory|280\/334
|
|turn|59
|
|move|p2a: Luke|Swords Dance|p2a: Luke
|-boost|p2a: Luke|atk|2
|move|p1a: Skarmory|Brave Bird|p2a: Luke
|-damage|p2a: Luke|109\/357
|-damage|p1a: Skarmory|239\/334|[from] ability: Rough Skin|[of] p2a: Luke
|-damage|p1a: Skarmory|195\/334|[from] recoil|[of] p2a: Luke
|
|turn|60
|chat|Arylide|you really want dem points 
|
|switch|p2a: Leia|Clefable, F|379\/391 slp
|-damage|p2a: Leia|331\/391 slp|[from] Stealth Rock
|move|p1a: Skarmory|Roost|p1a: Skarmory
|-heal|p1a: Skarmory|334\/334
|
|-heal|p2a: Leia|355\/391 slp|[from] item: Leftovers
|turn|61
|
|cant|p2a: Leia|slp
|move|p1a: Skarmory|Whirlwind|p2a: Leia
|drag|p2a: Luke|Garchomp, M, shiny|109\/357
|-damage|p2a: Luke|87\/357|[from] Stealth Rock
|
|turn|62
|
|switch|p2a: Leia|Clefable, F|355\/391 slp
|-damage|p2a: Leia|307\/391 slp|[from] Stealth Rock
|move|p1a: Skarmory|Whirlwind|p2a: Leia
|drag|p2a: Luke|Garchomp, M, shiny|87\/357
|-damage|p2a: Luke|65\/357|[from] Stealth Rock
|
|turn|63
|
|move|p2a: Luke|Swords Dance|p2a: Luke
|-boost|p2a: Luke|atk|2
|move|p1a: Skarmory|Whirlwind|p2a: Luke
|drag|p2a: Leia|Clefable, F|307\/391 slp
|-damage|p2a: Leia|259\/391 slp|[from] Stealth Rock
|
|-heal|p2a: Leia|283\/391 slp|[from] item: Leftovers
|turn|64
|
|switch|p1a: Chansey|Chansey, F|641\/704
|-damage|p1a: Chansey|553\/704|[from] Stealth Rock
|-curestatus|p2a: Leia|slp
|move|p2a: Leia|Calm Mind|p2a: Leia
|-boost|p2a: Leia|spa|1
|-boost|p2a: Leia|spd|1
|
|-heal|p2a: Leia|307\/391|[from] item: Leftovers
|turn|65
|
|move|p2a: Leia|Calm Mind|p2a: Leia
|-boost|p2a: Leia|spa|1
|-boost|p2a: Leia|spd|1
|move|p1a: Chansey|Heal Bell|p1a: Chansey
|-cureteam|p1a: Chansey|[from] move: HealBell
|
|-heal|p2a: Leia|331\/391|[from] item: Leftovers
|turn|66
|
|move|p2a: Leia|Calm Mind|p2a: Leia
|-boost|p2a: Leia|spa|1
|-boost|p2a: Leia|spd|1
|move|p1a: Chansey|Seismic Toss|p2a: Leia
|-damage|p2a: Leia|231\/391
|
|-heal|p2a: Leia|255\/391|[from] item: Leftovers
|turn|67
|
|move|p2a: Leia|Calm Mind|p2a: Leia
|-boost|p2a: Leia|spa|1
|-boost|p2a: Leia|spd|1
|move|p1a: Chansey|Stealth Rock|p2a: Leia
|-fail|p2a: Leia
|
|-heal|p2a: Leia|279\/391|[from] item: Leftovers
|turn|68
|
|move|p2a: Leia|Calm Mind|p2a: Leia
|-boost|p2a: Leia|spa|1
|-boost|p2a: Leia|spd|1
|move|p1a: Chansey|Stealth Rock|p2a: Leia
|-fail|p2a: Leia
|
|-heal|p2a: Leia|303\/391|[from] item: Leftovers
|turn|69
|
|move|p2a: Leia|Calm Mind|p2a: Leia
|-boost|p2a: Leia|spa|1
|-boost|p2a: Leia|spd|1
|move|p1a: Chansey|Stealth Rock|p2a: Leia
|-fail|p2a: Leia
|
|-heal|p2a: Leia|327\/391|[from] item: Leftovers
|turn|70
|
|move|p2a: Leia|Moonblast|p1a: Chansey
|-damage|p1a: Chansey|325\/704
|move|p1a: Chansey|Soft-Boiled|p1a: Chansey
|-heal|p1a: Chansey|677\/704
|
|-heal|p2a: Leia|351\/391|[from] item: Leftovers
|turn|71
|chat|Deetect|do you just win now
|chat|elo fun|no
|
|move|p2a: Leia|Moonblast|p1a: Chansey
|-damage|p1a: Chansey|448\/704
|move|p1a: Chansey|Stealth Rock|p2a: Leia
|-fail|p2a: Leia
|
|-heal|p2a: Leia|375\/391|[from] item: Leftovers
|turn|72
|chat|elo fun|I need like
|chat|Deetect|holy bulk
|chat|elo fun|crits
|chat|elo fun|I mean I have more pp for one
|chat|elo fun|well
|chat|elo fun|I actually have less
|chat|elo fun|jesus
|
|move|p2a: Leia|Flamethrower|p1a: Chansey
|-damage|p1a: Chansey|304\/704
|-status|p1a: Chansey|brn
|move|p1a: Chansey|Soft-Boiled|p1a: Chansey
|-heal|p1a: Chansey|656\/704 brn
|
|-heal|p2a: Leia|391\/391|[from] item: Leftovers
|-damage|p1a: Chansey|568\/704 brn|[from] brn
|turn|73
|chat|z0mOG|oohhhh
|chat|elo fun|solid burn
|
|move|p2a: Leia|Moonblast|p1a: Chansey
|-damage|p1a: Chansey|339\/704 brn
|-unboost|p1a: Chansey|spa|1
|move|p1a: Chansey|Heal Bell|p1a: Chansey
|-cureteam|p1a: Chansey|[from] move: HealBell
|
|turn|74
|join|risasform
|chat|z0mOG|drop hacker
|
|move|p2a: Leia|Flamethrower|p1a: Chansey
|-damage|p1a: Chansey|183\/704
|move|p1a: Chansey|Soft-Boiled|p1a: Chansey
|-heal|p1a: Chansey|535\/704
|
|turn|75
|
|move|p2a: Leia|Moonblast|p1a: Chansey
|-damage|p1a: Chansey|280\/704
|move|p1a: Chansey|Seismic Toss|p2a: Leia
|-damage|p2a: Leia|291\/391
|
|-heal|p2a: Leia|315\/391|[from] item: Leftovers
|turn|76
|chat|Deetect|Crit
|chat|elo fun|crit
|chat|elo fun|now
|chat|Deetect|crit
|
|move|p2a: Leia|Moonblast|p1a: Chansey
|-damage|p1a: Chansey|25\/704
|move|p1a: Chansey|Soft-Boiled|p1a: Chansey
|-heal|p1a: Chansey|377\/704
|
|-heal|p2a: Leia|339\/391|[from] item: Leftovers
|turn|77
|chat|Deetect|Crit
|
|move|p2a: Leia|Moonblast|p1a: Chansey
|-damage|p1a: Chansey|149\/704
|move|p1a: Chansey|Soft-Boiled|p1a: Chansey
|-heal|p1a: Chansey|501\/704
|
|-heal|p2a: Leia|363\/391|[from] item: Leftovers
|turn|78
|chat|Arylide|CRIT FASTER M8
|chat|Deetect|how much do crit do again now
|chat|z0mOG|>wasting pp
|chat|Arylide|PRESSURE CHANSEY OP
|
|move|p2a: Leia|Flamethrower|p1a: Chansey
|-damage|p1a: Chansey|348\/704
|move|p1a: Chansey|Soft-Boiled|p1a: Chansey
|-heal|p1a: Chansey|700\/704
|
|-heal|p2a: Leia|387\/391|[from] item: Leftovers
|turn|79
|chat|risasform|crit 1.5x
|chat|risasform|burn when
|
|move|p2a: Leia|Flamethrower|p1a: Chansey
|-damage|p1a: Chansey|536\/704
|move|p1a: Chansey|Stealth Rock|p2a: Leia
|-fail|p2a: Leia
|
|-heal|p2a: Leia|391\/391|[from] item: Leftovers
|turn|80
|
|move|p2a: Leia|Flamethrower|p1a: Chansey
|-damage|p1a: Chansey|385\/704
|move|p1a: Chansey|Stealth Rock|p2a: Leia
|-fail|p2a: Leia
|
|turn|81
|
|move|p2a: Leia|Moonblast|p1a: Chansey
|-damage|p1a: Chansey|130\/704
|-unboost|p1a: Chansey|spa|1
|move|p1a: Chansey|Soft-Boiled|p1a: Chansey
|-heal|p1a: Chansey|482\/704
|
|turn|82
|chat|elo fun|crit when
|
|move|p2a: Leia|Moonblast|p1a: Chansey
|-damage|p1a: Chansey|217\/704
|-unboost|p1a: Chansey|spa|1
|move|p1a: Chansey|Soft-Boiled|p1a: Chansey
|-heal|p1a: Chansey|569\/704
|
|turn|83
|
|move|p2a: Leia|Moonblast|p1a: Chansey
|-damage|p1a: Chansey|320\/704
|move|p1a: Chansey|Stealth Rock|p2a: Leia
|-fail|p2a: Leia
|
|turn|84
|chat|elo fun|crit now pls
|
|move|p2a: Leia|Moonblast|p1a: Chansey
|-damage|p1a: Chansey|74\/704
|move|p1a: Chansey|Soft-Boiled|p1a: Chansey
|-heal|p1a: Chansey|426\/704
|
|turn|85
|
|move|p2a: Leia|Moonblast|p1a: Chansey
|-damage|p1a: Chansey|161\/704
|-unboost|p1a: Chansey|spa|1
|move|p1a: Chansey|Soft-Boiled|p1a: Chansey
|-heal|p1a: Chansey|513\/704
|
|turn|86
|
|move|p2a: Leia|Flamethrower|p1a: Chansey
|-damage|p1a: Chansey|359\/704
|move|p1a: Chansey|Soft-Boiled|p1a: Chansey
|-heal|p1a: Chansey|704\/704
|
|turn|87
|
|move|p2a: Leia|Moonblast|p1a: Chansey
|-damage|p1a: Chansey|452\/704
|move|p1a: Chansey|Stealth Rock|p2a: Leia
|-fail|p2a: Leia
|
|turn|88
|
|move|p2a: Leia|Moonblast|p1a: Chansey
|-damage|p1a: Chansey|206\/704
|move|p1a: Chansey|Soft-Boiled|p1a: Chansey
|-heal|p1a: Chansey|558\/704
|
|turn|89
|chat|Deetect|kj pls
|
|move|p2a: Leia|Flamethrower|p1a: Chansey
|-damage|p1a: Chansey|412\/704
|move|p1a: Chansey|Soft-Boiled|p1a: Chansey
|-heal|p1a: Chansey|704\/704
|
|turn|90
|
|move|p2a: Leia|Flamethrower|p1a: Chansey
|-damage|p1a: Chansey|536\/704
|move|p1a: Chansey|Seismic Toss|p2a: Leia
|-damage|p2a: Leia|291\/391
|
|-heal|p2a: Leia|315\/391|[from] item: Leftovers
|turn|91
|
|move|p2a: Leia|Moonblast|p1a: Chansey
|-damage|p1a: Chansey|281\/704
|-unboost|p1a: Chansey|spa|1
|move|p1a: Chansey|Seismic Toss|p2a: Leia
|-damage|p2a: Leia|215\/391
|
|-heal|p2a: Leia|239\/391|[from] item: Leftovers
|turn|92
|chat|elo fun|crit now fuck
|
|move|p2a: Leia|Moonblast|p1a: Chansey
|-damage|p1a: Chansey|46\/704
|move|p1a: Chansey|Soft-Boiled|p1a: Chansey
|-heal|p1a: Chansey|398\/704
|
|-heal|p2a: Leia|263\/391|[from] item: Leftovers
|turn|93
|chat|Arylide|CRIT NOW U FUCK
|chat|Deetect|Crit if not real
|
|move|p2a: Leia|Moonblast|p1a: Chansey
|-damage|p1a: Chansey|139\/704
|-unboost|p1a: Chansey|spa|1
|move|p1a: Chansey|Soft-Boiled|p1a: Chansey
|-heal|p1a: Chansey|491\/704
|
|-heal|p2a: Leia|287\/391|[from] item: Leftovers
|turn|94
|
|move|p2a: Leia|Moonblast|p1a: Chansey
|-damage|p1a: Chansey|262\/704
|move|p1a: Chansey|Soft-Boiled|p1a: Chansey
|-heal|p1a: Chansey|614\/704
|
|-heal|p2a: Leia|311\/391|[from] item: Leftovers
|turn|95
|
|move|p2a: Leia|Moonblast|p1a: Chansey
|-crit|p1a: Chansey
|-damage|p1a: Chansey|217\/704
|move|p1a: Chansey|Seismic Toss|p2a: Leia
|-damage|p2a: Leia|211\/391
|
|-heal|p2a: Leia|235\/391|[from] item: Leftovers
|turn|96
|chat|Deetect|there's the crit
|
|move|p2a: Leia|Moonlight|p2a: Leia
|-heal|p2a: Leia|391\/391
|move|p1a: Chansey|Seismic Toss|p2a: Leia
|-damage|p2a: Leia|291\/391
|
|-heal|p2a: Leia|315\/391|[from] item: Leftovers
|turn|97
|join|Anon Pie
|chat|elo fun|don't want no brave bird hypercrit
|
|switch|p1a: Amoonguss|Amoonguss, F|178\/432
|-damage|p1a: Amoonguss|124\/432|[from] Stealth Rock
|move|p2a: Leia|Moonblast|p1a: Amoonguss
|-resisted|p1a: Amoonguss
|-damage|p1a: Amoonguss|0 fnt
|faint|p1a: Amoonguss
|
|-heal|p2a: Leia|339\/391|[from] item: Leftovers
|
|switch|p1a: Skarmory|Skarmory, F|334\/334
|-damage|p1a: Skarmory|293\/334|[from] Stealth Rock
|turn|98
|chat|z0mOG|>using attacks other than counter
|chat|elwind|ggg
|chat|elo fun|gg
|
|move|p1a: Skarmory|Brave Bird|p2a: Leia
|-damage|p2a: Leia|231\/391
|-damage|p1a: Skarmory|257\/334|[from] recoil|[of] p2a: Leia
|move|p2a: Leia|Flamethrower|p1a: Skarmory
|-supereffective|p1a: Skarmory
|-damage|p1a: Skarmory|0 fnt
|faint|p1a: Skarmory
|
|-heal|p2a: Leia|255\/391|[from] item: Leftovers
|-message|elwind forfeited.
|
|win|elo fun
|raw|Ladder updating...
|raw|elwind's rating: 1476 &rarr; <strong>1450<\/strong><br \/>(-26 for losing)
|raw|elo fun's rating: 1367 &rarr; <strong>1393<\/strong><br \/>(+26 for winning)
|leave|elwind
|player|p1
|leave|Deetect
|leave|elo fun
|player|p2
|leave|Anon Pie
|leave|Reud
|join|Reud
|leave|Reud
|leave|z0mOG
|join|elo fun