|join|elwind
|join|Zamrock
|player|p1|elwind|265
|player|p2|Zamrock|293
|gametype|singles
|gen|6
|tier|OU (suspect test)
|rated
|clearpoke
|poke|p1|Amoonguss, M
|poke|p1|Charizard, M
|poke|p1|Slowbro, M
|poke|p1|Skarmory, M
|poke|p1|Chansey, F
|poke|p1|Landorus, M
|poke|p2|Shuckle, M
|poke|p2|Bisharp, M
|poke|p2|Medicham, F
|poke|p2|Thundurus, M
|poke|p2|Azumarill, M
|poke|p2|Mamoswine, M
|rule|Sleep Clause Mod: Limit one foe put to sleep
|rule|Species Clause: Limit one of each Pokemon
|rule|OHKO Clause: OHKO moves are banned
|rule|Moody Clause: Moody is banned
|rule|Evasion Moves Clause: Evasion moves are banned
|rule|Endless Battle Clause: Forcing endless battles is banned.
|rule|HP Percentage Mod: HP is reported as percentages
|teampreview
|
|start
|switch|p1a: Landorus|Landorus, M|320\/320
|switch|p2a: Shuckle|Shuckle, M|243\/243
|turn|1
|join|y4
|
|move|p1a: Landorus|Earth Power|p2a: Shuckle
|-damage|p2a: Shuckle|118\/243
|move|p2a: Shuckle|Stealth Rock|p1a: Landorus
|-sidestart|p1: elwind|move: Stealth Rock
|
|turn|2
|
|switch|p2a: Thundurus|Thundurus, M|299\/299
|move|p1a: Landorus|Knock Off|p2a: Thundurus
|-damage|p2a: Thundurus|164\/299
|-enditem|p2a: Thundurus|Leftovers|[from] move: Knock Off|[of] p1a: Landorus
|-damage|p1a: Landorus|288\/320|[from] item: Life Orb
|
|turn|3
|
|switch|p2a: Medicham|Medicham, F|262\/262
|switch|p1a: Chansey|Chansey, F|704\/704
|-damage|p1a: Chansey|616\/704|[from] Stealth Rock
|
|turn|4
|
|switch|p2a: Bisharp|Bisharp, M|272\/272
|switch|p1a: Slowbro|Slowbro, M|394\/394
|-damage|p1a: Slowbro|345\/394|[from] Stealth Rock
|
|-heal|p1a: Slowbro|369\/394|[from] item: Leftovers
|turn|5
|
|switch|p1a: Skarmory|Skarmory, M|334\/334
|-damage|p1a: Skarmory|293\/334|[from] Stealth Rock
|move|p2a: Bisharp|Knock Off|p1a: Skarmory
|-damage|p1a: Skarmory|144\/334
|-damage|p2a: Bisharp|227\/272|[from] item: Rocky Helmet|[of] p1a: Skarmory
|-enditem|p1a: Skarmory|Rocky Helmet|[from] move: Knock Off|[of] p2a: Bisharp
|-damage|p2a: Bisharp|200\/272|[from] item: Life Orb
|
|turn|6
|
|move|p2a: Bisharp|Low Kick|p1a: Skarmory
|-damage|p1a: Skarmory|61\/334
|-damage|p2a: Bisharp|173\/272|[from] item: Life Orb
|move|p1a: Skarmory|Roost|p1a: Skarmory
|-heal|p1a: Skarmory|228\/334
|
|turn|7
|
|switch|p2a: Thundurus|Thundurus, M|164\/299
|move|p1a: Skarmory|Brave Bird|p2a: Thundurus
|-resisted|p2a: Thundurus
|-damage|p2a: Thundurus|89\/299
|-damage|p1a: Skarmory|203\/334|[from] recoil|[of] p2a: Thundurus
|
|turn|8
|
|switch|p2a: Azumarill|Azumarill, M|342\/342
|switch|p1a: Amoonguss|Amoonguss, M|432\/432
|-damage|p1a: Amoonguss|378\/432|[from] Stealth Rock
|
|-heal|p1a: Amoonguss|405\/432|[from] item: Leftovers
|turn|9
|
|switch|p2a: Shuckle|Shuckle, M|118\/243
|move|p1a: Amoonguss|Spore|p2a: Shuckle
|-status|p2a: Shuckle|slp
|
|-heal|p1a: Amoonguss|432\/432|[from] item: Leftovers
|turn|10
|
|switch|p2a: Medicham|Medicham, F|262\/262
|move|p1a: Amoonguss|Foul Play|p2a: Medicham
|-damage|p2a: Medicham|167\/262
|
|turn|11
|
|switch|p1a: Slowbro|Slowbro, M|394\/394
|-damage|p1a: Slowbro|345\/394|[from] Stealth Rock
|detailschange|p2a: Medicham|Medicham-Mega, F
|message|Medicham has Mega Evolved into Mega Medicham!
|move|p2a: Medicham|Zen Headbutt|p1a: Slowbro
|-resisted|p1a: Slowbro
|-damage|p1a: Slowbro|272\/394
|
|-heal|p1a: Slowbro|296\/394|[from] item: Leftovers
|turn|12
|
|switch|p2a: Shuckle|Shuckle, M|118\/243 slp
|move|p1a: Slowbro|Scald|p2a: Shuckle
|-supereffective|p2a: Shuckle
|-damage|p2a: Shuckle|32\/243 slp
|
|-heal|p1a: Slowbro|320\/394|[from] item: Leftovers
|turn|13
|
|switch|p1a: Skarmory|Skarmory, M|203\/334
|-damage|p1a: Skarmory|162\/334|[from] Stealth Rock
|switch|p2a: Bisharp|Bisharp, M|173\/272
|
|turn|14
|
|switch|p2a: Thundurus|Thundurus, M|89\/299
|move|p1a: Skarmory|Roost|p1a: Skarmory
|-heal|p1a: Skarmory|329\/334
|
|turn|15
|
|switch|p2a: Mamoswine|Mamoswine, M|361\/361
|switch|p1a: Amoonguss|Amoonguss, M|432\/432
|-damage|p1a: Amoonguss|378\/432|[from] Stealth Rock
|
|-heal|p1a: Amoonguss|405\/432|[from] item: Leftovers
|turn|16
|
|switch|p1a: Slowbro|Slowbro, M|394\/394
|-damage|p1a: Slowbro|345\/394|[from] Stealth Rock
|move|p2a: Mamoswine|Icicle Spear|p1a: Slowbro
|-resisted|p1a: Slowbro
|-damage|p1a: Slowbro|324\/394
|-resisted|p1a: Slowbro
|-damage|p1a: Slowbro|301\/394
|-hitcount|p1a: Slowbro|2
|-damage|p2a: Mamoswine|325\/361|[from] item: Life Orb
|
|-heal|p1a: Slowbro|325\/394|[from] item: Leftovers
|turn|17
|
|switch|p2a: Shuckle|Shuckle, M|32\/243 slp
|move|p1a: Slowbro|Scald|p2a: Shuckle
|-supereffective|p2a: Shuckle
|-damage|p2a: Shuckle|0 fnt
|faint|p2a: Shuckle
|
|-heal|p1a: Slowbro|349\/394|[from] item: Leftovers
|
|switch|p2a: Azumarill|Azumarill, M|342\/342
|turn|18
|
|move|p2a: Azumarill|Belly Drum|p2a: Azumarill
|-damage|p2a: Azumarill|171\/342
|-setboost|p2a: Azumarill|atk|6|[from] move: Belly Drum
|-enditem|p2a: Azumarill|Sitrus Berry|[eat]
|-heal|p2a: Azumarill|256\/342|[from] item: Sitrus Berry
|move|p1a: Slowbro|Toxic|p2a: Azumarill
|-status|p2a: Azumarill|tox
|
|-heal|p1a: Slowbro|373\/394|[from] item: Leftovers
|-damage|p2a: Azumarill|235\/342 tox|[from] psn
|turn|19
|
|switch|p1a: Amoonguss|Amoonguss, M|432\/432
|-damage|p1a: Amoonguss|378\/432|[from] Stealth Rock
|move|p2a: Azumarill|Waterfall|p1a: Amoonguss
|-resisted|p1a: Amoonguss
|-damage|p1a: Amoonguss|0 fnt
|faint|p1a: Amoonguss
|
|-damage|p2a: Azumarill|193\/342 tox|[from] psn
|
|switch|p1a: Skarmory|Skarmory, M|329\/334
|-damage|p1a: Skarmory|288\/334|[from] Stealth Rock
|turn|20
|
|move|p2a: Azumarill|Waterfall|p1a: Skarmory
|-damage|p1a: Skarmory|0 fnt
|faint|p1a: Skarmory
|
|-damage|p2a: Azumarill|130\/342 tox|[from] psn
|
|switch|p1a: Landorus|Landorus, M|288\/320
|-damage|p1a: Landorus|248\/320|[from] Stealth Rock
|turn|21
|
|switch|p1a: Slowbro|Slowbro, M|394\/394
|-damage|p1a: Slowbro|345\/394|[from] Stealth Rock
|move|p2a: Azumarill|Play Rough|p1a: Slowbro
|-damage|p1a: Slowbro|0 fnt
|faint|p1a: Slowbro
|
|-damage|p2a: Azumarill|46\/342 tox|[from] psn
|chat|elwind|alway
|chat|elwind|lose
|chat|Zamrock|2ez
|chat|elwind|to
|chat|elwind|this
|chat|elwind|cunt
|
|switch|p1a: Charizard|Charizard, M|357\/357
|-damage|p1a: Charizard|179\/357|[from] Stealth Rock
|turn|22
|chat|y4|;~)
|chat|Zamrock|outplayed son
|
|detailschange|p1a: Charizard|Charizard-Mega-X, M
|message|Charizard has Mega Evolved into Mega Charizard!
|move|p2a: Azumarill|Aqua Jet|p1a: Charizard
|-damage|p1a: Charizard|0 fnt
|faint|p1a: Charizard
|
|-damage|p2a: Azumarill|0 fnt|[from] psn
|faint|p2a: Azumarill
|leave|y4
|
|switch|p1a: Landorus|Landorus, M|248\/320
|-damage|p1a: Landorus|208\/320|[from] Stealth Rock
|switch|p2a: Mamoswine|Mamoswine, M|325\/361
|turn|23
|
|move|p2a: Mamoswine|Ice Shard|p1a: Landorus
|-supereffective|p1a: Landorus
|-damage|p1a: Landorus|0 fnt
|-damage|p2a: Mamoswine|289\/361|[from] item: Life Orb
|faint|p1a: Landorus
|
|-message|elwind forfeited.
|leave|elwind
|
|win|Zamrock
|raw|Ladder updating...
|player|p1
|raw|elwind's rating: 1424 &rarr; <strong>1396<\/strong><br \/>(-28 for losing)
|raw|Zamrock's rating: 1272 &rarr; <strong>1308<\/strong><br \/>(+36 for winning)