|join|Prismillon
|join|elwind
|player|p1|Prismillon|7
|player|p2|elwind|218
|gametype|singles
|gen|6
|tier|OU (suspect test)
|rated
|clearpoke
|poke|p1|Azumarill, F, shiny
|poke|p1|Charizard, F
|poke|p1|Thundurus, M
|poke|p1|Jirachi
|poke|p1|Aegislash, M
|poke|p1|Greninja, M
|poke|p2|Amoonguss, M
|poke|p2|Charizard, M
|poke|p2|Slowbro, F
|poke|p2|Skarmory, M
|poke|p2|Landorus, M
|poke|p2|Chansey, F
|rule|Sleep Clause Mod: Limit one foe put to sleep
|rule|Species Clause: Limit one of each Pokemon
|rule|OHKO Clause: OHKO moves are banned
|rule|Moody Clause: Moody is banned
|rule|Evasion Moves Clause: Evasion moves are banned
|rule|Endless Battle Clause: Forcing endless battles is banned.
|rule|HP Percentage Mod: HP is reported as percentages
|teampreview
|
|start
|switch|p1a: Starry|Jirachi|342\/342
|switch|p2a: Charizard|Charizard, M|357\/357
|turn|1
|
|detailschange|p2a: Charizard|Charizard-Mega-X, M
|message|Charizard has Mega Evolved into Mega Charizard!
|move|p1a: Starry|Body Slam|p2a: Charizard
|-damage|p2a: Charizard|275\/357
|-status|p2a: Charizard|par
|move|p2a: Charizard|Will-O-Wisp|p1a: Starry
|-status|p1a: Starry|brn
|
|-damage|p1a: Starry|300\/342 brn|[from] brn
|turn|2
|
|switch|p2a: Chansey|Chansey, F|704\/704
|move|p1a: Starry|Stealth Rock|p2a: Chansey
|-sidestart|p2: elwind|move: Stealth Rock
|
|-damage|p1a: Starry|258\/342 brn|[from] brn
|turn|3
|
|move|p1a: Starry|Body Slam|p2a: Chansey
|-damage|p2a: Chansey|647\/704
|-status|p2a: Chansey|par
|move|p2a: Chansey|Stealth Rock|p1a: Starry
|-sidestart|p1: Prismillon|move: Stealth Rock
|
|-damage|p1a: Starry|216\/342 brn|[from] brn
|turn|4
|
|move|p1a: Starry|Iron Head|p2a: Chansey
|-damage|p2a: Chansey|556\/704 par
|cant|p2a: Chansey|flinch
|
|-damage|p1a: Starry|174\/342 brn|[from] brn
|turn|5
|
|switch|p2a: Skarmory|Skarmory, M|334\/334
|-damage|p2a: Skarmory|293\/334|[from] Stealth Rock
|move|p1a: Starry|Iron Head|p2a: Skarmory
|-resisted|p2a: Skarmory
|-damage|p2a: Skarmory|275\/334
|-damage|p1a: Starry|117\/342 brn|[from] item: Rocky Helmet|[of] p2a: Skarmory
|
|-damage|p1a: Starry|75\/342 brn|[from] brn
|turn|6
|join|tytres
|
|move|p1a: Starry|Doom Desire|p2a: Skarmory
|-start|p1a: Starry|Doom Desire
|move|p2a: Skarmory|Defog|p1a: Starry
|-unboost|p1a: Starry|evasion|1
|-sideend|p1: Prismillon|Stealth Rock|[from] move: Defog|[of] p1a: Starry
|-sideend|p2: elwind|Stealth Rock|[from] move: Defog|[of] p2a: Skarmory
|
|-damage|p1a: Starry|33\/342 brn|[from] brn
|turn|7
|
|move|p1a: Starry|Stealth Rock|p2a: Skarmory
|-sidestart|p2: elwind|move: Stealth Rock
|move|p2a: Skarmory|Defog|p1a: Starry
|-unboost|p1a: Starry|evasion|1
|-sideend|p2: elwind|Stealth Rock|[from] move: Defog|[of] p2a: Skarmory
|
|-damage|p1a: Starry|0 fnt|[from] brn
|faint|p1a: Starry
|
|switch|p1a: Draco|Charizard, F|298\/298
|turn|8
|
|switch|p2a: Slowbro|Slowbro, F|394\/394
|detailschange|p1a: Draco|Charizard-Mega-Y, F
|message|Charizard has Mega Evolved into Mega Charizard!
|-weather|SunnyDay
|move|p1a: Draco|Fire Blast|p2a: Slowbro
|-resisted|p2a: Slowbro
|-damage|p2a: Slowbro|202\/394
|
|-weather|SunnyDay|[upkeep]
|-message|Doom Desire hit! (placeholder)
|-resisted|p2a: Slowbro
|-damage|p2a: Slowbro|97\/394
|-heal|p2a: Slowbro|121\/394|[from] item: Leftovers
|turn|9
|
|switch|p2a: Chansey|Chansey, F|556\/704
|move|p1a: Draco|Solar Beam|p2a: Chansey|[still]
|-prepare|p1a: Draco|Solar Beam|p2a: Chansey
|-anim|p1a: Draco|Solar Beam|p2a: Chansey
|-damage|p2a: Chansey|463\/704
|
|-weather|SunnyDay|[upkeep]
|turn|10
|
|switch|p1a: Shield|Aegislash, M|261\/261
|-item|p1a: Shield|Air Balloon
|move|p2a: Chansey|Stealth Rock|p1a: Shield
|-sidestart|p1: Prismillon|move: Stealth Rock
|
|-weather|SunnyDay|[upkeep]
|turn|11
|
|move|p1a: Shield|Swords Dance|p1a: Shield
|-boost|p1a: Shield|atk|2
|move|p2a: Chansey|Heal Bell|p2a: Chansey
|-cureteam|p2a: Chansey|[from] move: HealBell
|
|-weather|SunnyDay|[upkeep]
|turn|12
|
|switch|p2a: Skarmory|Skarmory, M|275\/334
|move|p1a: Shield|Swords Dance|p1a: Shield
|-boost|p1a: Shield|atk|2
|
|-weather|none
|turn|13
|
|-formechange|p1a: Shield|Aegislash-Blade
|move|p1a: Shield|Head Smash|p2a: Skarmory
|-damage|p2a: Skarmory|0 fnt
|-damage|p1a: Shield|218\/261|[from] item: Rocky Helmet|[of] p2a: Skarmory
|-damage|p1a: Shield|80\/261|[from] recoil|[of] p2a: Skarmory
|faint|p2a: Skarmory
|
|
|switch|p2a: Charizard|Charizard-Mega-X, M|275\/357
|turn|14
|
|move|p1a: Shield|Shadow Sneak|p2a: Charizard
|-damage|p2a: Charizard|26\/357
|move|p2a: Charizard|Earthquake|p1a: Shield
|-immune|p1a: Shield|[msg]
|
|turn|15
|chat|elwind|wtf
|chat|elwind|forgot
|chat|elwind|l0l
|chat|tytres|lol
|
|move|p1a: Shield|Shadow Sneak|p2a: Charizard
|-damage|p2a: Charizard|0 fnt
|faint|p2a: Charizard
|
|chat|elwind|well derp gg
|
|switch|p2a: Amoonguss|Amoonguss, M|432\/432
|turn|16
|
|move|p1a: Shield|Head Smash|p2a: Amoonguss
|-damage|p2a: Amoonguss|0 fnt
|-damage|p1a: Shield|0 fnt|[from] recoil|[of] p2a: Amoonguss
|faint|p2a: Amoonguss
|faint|p1a: Shield
|
|
|switch|p1a: Nimbus|Thundurus, M|300\/300
|-damage|p1a: Nimbus|225\/300|[from] Stealth Rock
|switch|p2a: Slowbro|Slowbro, F|252\/394
|turn|17
|
|switch|p2a: Chansey|Chansey, F|463\/704
|move|p1a: Nimbus|Thunderbolt|p2a: Chansey
|-crit|p2a: Chansey
|-damage|p2a: Chansey|331\/704
|
|-heal|p1a: Nimbus|243\/300|[from] item: Leftovers
|turn|18
|chat|tytres|if u can take out azu
|
|move|p1a: Nimbus|Substitute|p1a: Nimbus
|-start|p1a: Nimbus|Substitute
|-damage|p1a: Nimbus|168\/300
|move|p2a: Chansey|Soft-Boiled|p2a: Chansey
|-heal|p2a: Chansey|683\/704
|
|-heal|p1a: Nimbus|186\/300|[from] item: Leftovers
|turn|19
|chat|tytres| u win
|
|move|p1a: Nimbus|Nasty Plot|p1a: Nimbus
|-boost|p1a: Nimbus|spa|2
|move|p2a: Chansey|Seismic Toss|p1a: Nimbus
|-end|p1a: Nimbus|Substitute
|
|-heal|p1a: Nimbus|204\/300|[from] item: Leftovers
|turn|20
|
|move|p1a: Nimbus|Thunderbolt|p2a: Chansey
|-crit|p2a: Chansey
|-damage|p2a: Chansey|413\/704
|move|p2a: Chansey|Seismic Toss|p1a: Nimbus
|-damage|p1a: Nimbus|104\/300
|
|-heal|p1a: Nimbus|122\/300|[from] item: Leftovers
|turn|21
|
|move|p1a: Nimbus|Nasty Plot|p1a: Nimbus
|-boost|p1a: Nimbus|spa|2
|move|p2a: Chansey|Seismic Toss|p1a: Nimbus
|-damage|p1a: Nimbus|22\/300
|
|-heal|p1a: Nimbus|40\/300|[from] item: Leftovers
|turn|22
|
|move|p1a: Nimbus|Thunderbolt|p2a: Chansey
|-damage|p2a: Chansey|131\/704
|move|p2a: Chansey|Soft-Boiled|p2a: Chansey
|-heal|p2a: Chansey|483\/704
|
|-heal|p1a: Nimbus|58\/300|[from] item: Leftovers
|turn|23
|
|move|p1a: Nimbus|Thunderbolt|p2a: Chansey
|-damage|p2a: Chansey|213\/704
|-status|p2a: Chansey|par
|move|p2a: Chansey|Soft-Boiled|p2a: Chansey
|-heal|p2a: Chansey|565\/704 par
|
|-heal|p1a: Nimbus|76\/300|[from] item: Leftovers
|turn|24
|
|move|p1a: Nimbus|Substitute|p1a: Nimbus
|-start|p1a: Nimbus|Substitute
|-damage|p1a: Nimbus|1\/300
|move|p2a: Chansey|Seismic Toss|p1a: Nimbus
|-end|p1a: Nimbus|Substitute
|
|-heal|p1a: Nimbus|19\/300|[from] item: Leftovers
|turn|25
|
|move|p1a: Nimbus|Thunderbolt|p2a: Chansey
|-damage|p2a: Chansey|280\/704 par
|move|p2a: Chansey|Seismic Toss|p1a: Nimbus
|-damage|p1a: Nimbus|0 fnt
|faint|p1a: Nimbus
|
|
|switch|p1a: Nexus|Azumarill, F, shiny|341\/341
|-damage|p1a: Nexus|299\/341|[from] Stealth Rock
|turn|26
|
|switch|p2a: Slowbro|Slowbro, F|383\/394
|move|p1a: Nexus|Belly Drum|p1a: Nexus
|-damage|p1a: Nexus|129\/341
|-setboost|p1a: Nexus|atk|6|[from] move: Belly Drum
|-enditem|p1a: Nexus|Sitrus Berry|[eat]
|-heal|p1a: Nexus|214\/341|[from] item: Sitrus Berry
|
|-heal|p2a: Slowbro|394\/394|[from] item: Leftovers
|turn|27
|chat|elwind|no i cant
|
|move|p1a: Nexus|Play Rough|p2a: Slowbro
|-damage|p2a: Slowbro|0 fnt
|faint|p2a: Slowbro
|
|-message|elwind forfeited.
|
|win|Prismillon
|raw|Ladder updating...
|raw|Prismillon's rating: 1352 &rarr; <strong>1378<\/strong><br \/>(+26 for winning)
|raw|elwind's rating: 1454 &rarr; <strong>1428<\/strong><br \/>(-26 for losing)
|leave|elwind
|player|p2