|inactive|Battle timer is ON: inactive players will automatically lose when time's up.
|join|elwind
|join|SHYAMBLES
|player|p1|elwind|218
|player|p2|SHYAMBLES|78
|gametype|singles
|gen|6
|tier|UU
|rule|Sleep Clause Mod: Limit one foe put to sleep
|rule|Species Clause: Limit one of each PokÃ©mon
|rule|OHKO Clause: OHKO moves are banned
|rule|Moody Clause: Moody is banned
|rule|Evasion Moves Clause: Evasion moves are banned
|rule|Endless Battle Clause: Forcing endless battles is banned
|rule|HP Percentage Mod: HP is reported as percentages
|clearpoke
|poke|p1|Infernape, F
|poke|p1|Florges, F
|poke|p1|Chandelure, F
|poke|p1|Hydreigon, F
|poke|p1|Slowbro, M
|poke|p1|Forretress, F
|poke|p2|Hydreigon, F
|poke|p2|Blastoise, F
|poke|p2|Nidoqueen, F
|poke|p2|Jirachi, shiny
|poke|p2|Haxorus, F, shiny
|poke|p2|Crobat, F
|rule|Swagger Clause: Swagger is banned
|rule|Baton Pass Clause: Limit one PokÃ©mon knowing Baton Pass
|teampreview
|join|KratosMana
|join|Hot N Cold
|join|King Tsunami
|chat|SHYAMBLES|gl
|leave|KratosMana
|chat|elwind|gl
|join|KratosMana
|join|CrashinBoomBang
|join|Liked
|join|Funkasaurus
|join|Finchinator
|join|Omfuga's back!
|
|start
|switch|p1a: Hydreigon|Hydreigon, F|325\/325
|switch|p2a: WEPWNHORSES|Blastoise, F|335\/335
|turn|1
|leave|Liked
|join|Nog
|
|detailschange|p2a: WEPWNHORSES|Blastoise-Mega, F
|message|Blastoise has Mega Evolved into Mega Blastoise!
|move|p1a: Hydreigon|Dark Pulse|p2a: WEPWNHORSES
|-damage|p2a: WEPWNHORSES|144\/335
|-damage|p1a: Hydreigon|293\/325|[from] item: Life Orb
|move|p2a: WEPWNHORSES|Dragon Pulse|p1a: Hydreigon
|-crit|p1a: Hydreigon
|-supereffective|p1a: Hydreigon
|-damage|p1a: Hydreigon|0 fnt
|faint|p1a: Hydreigon
|
|join|blunderr
|
|switch|p1a: Infernape|Infernape, F|293\/293
|turn|2
|
|switch|p2a: HORSEGAZER|Crobat, F|311\/311
|move|p1a: Infernape|Close Combat|p2a: HORSEGAZER
|-crit|p2a: HORSEGAZER
|-resisted|p2a: HORSEGAZER
|-damage|p2a: HORSEGAZER|212\/311
|-unboost|p1a: Infernape|def|1
|-unboost|p1a: Infernape|spd|1
|-damage|p1a: Infernape|264\/293|[from] item: Life Orb
|
|turn|3
|
|move|p2a: HORSEGAZER|U-turn|p1a: Infernape
|-resisted|p1a: Infernape
|-damage|p1a: Infernape|217\/293
|
|switch|p2a: WEPWNHORSES|Blastoise-Mega, F|144\/335
|move|p1a: Infernape|Fire Blast|p2a: WEPWNHORSES|[miss]
|-miss|p1a: Infernape|p2a: WEPWNHORSES
|
|turn|4
|join|MEEPS
|
|move|p1a: Infernape|Close Combat|p2a: WEPWNHORSES
|-damage|p2a: WEPWNHORSES|0 fnt
|-unboost|p1a: Infernape|def|1
|-unboost|p1a: Infernape|spd|1
|-damage|p1a: Infernape|188\/293|[from] item: Life Orb
|faint|p2a: WEPWNHORSES
|
|
|switch|p2a: HORSEGAZER|Crobat, F|212\/311
|turn|5
|
|switch|p1a: Forretress|Forretress, F|354\/354
|move|p2a: HORSEGAZER|Brave Bird|p1a: Forretress
|-damage|p1a: Forretress|200\/354
|-damage|p2a: HORSEGAZER|161\/311|[from] recoil|[of] p1a: Forretress
|
|-heal|p1a: Forretress|222\/354|[from] item: Leftovers
|turn|6
|
|switch|p2a: OMFUGAS HORSE|Nidoqueen, F|353\/353
|move|p1a: Forretress|Stealth Rock|p2a: OMFUGAS HORSE
|-sidestart|p2: SHYAMBLES|move: Stealth Rock
|
|-heal|p1a: Forretress|244\/354|[from] item: Leftovers
|turn|7
|
|move|p2a: OMFUGAS HORSE|Earth Power|p1a: Forretress
|-damage|p1a: Forretress|0 fnt
|faint|p1a: Forretress
|
|join|Vileman
|
|switch|p1a: Chandelure|Chandelure, F|262\/262
|turn|8
|join|Tokyo Tom
|
|switch|p2a: FUNKAHORSEUS|Hydreigon, F|325\/325
|-damage|p2a: FUNKAHORSEUS|285\/325|[from] Stealth Rock
|move|p1a: Chandelure|Overheat|p2a: FUNKAHORSEUS
|-resisted|p2a: FUNKAHORSEUS
|-damage|p2a: FUNKAHORSEUS|66\/325
|-unboost|p1a: Chandelure|spa|2
|
|turn|9
|
|move|p2a: FUNKAHORSEUS|Roost|p2a: FUNKAHORSEUS
|-heal|p2a: FUNKAHORSEUS|229\/325
|move|p1a: Chandelure|Overheat|p2a: FUNKAHORSEUS
|-resisted|p2a: FUNKAHORSEUS
|-damage|p2a: FUNKAHORSEUS|124\/325
|-unboost|p1a: Chandelure|spa|2
|
|turn|10
|
|switch|p1a: Florges|Florges, F|355\/355
|move|p2a: FUNKAHORSEUS|Roost|p2a: FUNKAHORSEUS
|-heal|p2a: FUNKAHORSEUS|287\/325
|
|turn|11
|chat|Funkasaurus|:[
|
|switch|p2a: OMFUGAS HORSE|Nidoqueen, F|353\/353
|-damage|p2a: OMFUGAS HORSE|331\/353|[from] Stealth Rock
|switch|p1a: Infernape|Infernape, F|188\/293
|
|turn|12
|
|switch|p2a: HORSINGBOOMBANG|Haxorus, F, shiny|293\/293
|-damage|p2a: HORSINGBOOMBANG|257\/293|[from] Stealth Rock
|-ability|p2a: HORSINGBOOMBANG|Mold Breaker
|move|p1a: Infernape|Fire Blast|p2a: HORSINGBOOMBANG
|-resisted|p2a: HORSINGBOOMBANG
|-damage|p2a: HORSINGBOOMBANG|114\/293
|-damage|p1a: Infernape|159\/293|[from] item: Life Orb
|
|turn|13
|join|VERLISIFYFAN#1
|
|switch|p1a: Slowbro|Slowbro, M|394\/394
|move|p2a: HORSINGBOOMBANG|Swords Dance|p2a: HORSINGBOOMBANG
|-boost|p2a: HORSINGBOOMBANG|atk|2
|
|turn|14
|join|Soulgazer
|join|Rydro
|join|WhiteQueen
|join|Jirachee
|join|Ciele
|
|move|p2a: HORSINGBOOMBANG|Outrage|p1a: Slowbro
|-damage|p1a: Slowbro|60\/394
|move|p1a: Slowbro|Thunder Wave|p2a: HORSINGBOOMBANG
|-status|p2a: HORSINGBOOMBANG|par
|-enditem|p2a: HORSINGBOOMBANG|Lum Berry|[eat]
|-curestatus|p2a: HORSINGBOOMBANG|par
|
|-heal|p1a: Slowbro|84\/394|[from] item: Leftovers
|turn|15
|leave|Vileman
|
|switch|p1a: Florges|Florges, F|355\/355
|move|p2a: HORSINGBOOMBANG|Outrage|p1a: Florges
|-immune|p1a: Florges|[msg]
|
|turn|16
|
|move|p2a: HORSINGBOOMBANG|Earthquake|p1a: Florges
|-damage|p1a: Florges|0 fnt
|faint|p1a: Florges
|
|
|switch|p1a: Infernape|Infernape, F|159\/293
|turn|17
|chat|SHYAMBLES|rip
|chat|elwind|i should probably know that mechanic
|leave|KratosMana
|
|move|p1a: Infernape|Close Combat|p2a: HORSINGBOOMBANG
|-damage|p2a: HORSINGBOOMBANG|0 fnt
|-unboost|p1a: Infernape|def|1
|-unboost|p1a: Infernape|spd|1
|-damage|p1a: Infernape|130\/293|[from] item: Life Orb
|faint|p2a: HORSINGBOOMBANG
|
|chat|SHYAMBLES|lol
|
|switch|p2a: HORSEGAZER|Crobat, F|161\/311
|-damage|p2a: HORSEGAZER|84\/311|[from] Stealth Rock
|turn|18
|leave|Finchinator
|
|switch|p1a: Slowbro|Slowbro, M|215\/394
|move|p2a: HORSEGAZER|Brave Bird|p1a: Slowbro
|-damage|p1a: Slowbro|49\/394
|-damage|p2a: HORSEGAZER|29\/311|[from] recoil|[of] p1a: Slowbro
|
|-heal|p1a: Slowbro|73\/394|[from] item: Leftovers
|turn|19
|
|switch|p1a: Chandelure|Chandelure, F|262\/262
|move|p2a: HORSEGAZER|Brave Bird|p1a: Chandelure
|-damage|p1a: Chandelure|0 fnt
|-damage|p2a: HORSEGAZER|0 fnt|[from] recoil|[of] p1a: Chandelure
|faint|p1a: Chandelure
|faint|p2a: HORSEGAZER
|
|
|switch|p1a: Infernape|Infernape, F|130\/293
|switch|p2a: HORSEITUP|Jirachi, shiny|341\/341
|-damage|p2a: HORSEITUP|320\/341|[from] Stealth Rock
|turn|20
|join|Morpheuss
|
|move|p2a: HORSEITUP|Trick|p1a: Infernape
|-activate|p2a: HORSEITUP|move: Trick|[of] p1a: Infernape
|-item|p1a: Infernape|Choice Scarf|[from] move: Trick
|-item|p2a: HORSEITUP|Life Orb|[from] move: Trick
|move|p1a: Infernape|Fire Blast|p2a: HORSEITUP
|-supereffective|p2a: HORSEITUP
|-damage|p2a: HORSEITUP|26\/341
|
|turn|21
|chat|elwind|gg
|leave|elwind
|player|p1
|chat|SHYAMBLES|gg
|leave|blunderr
|leave|SHYAMBLES
|player|p2
|join|Finchinator
|leave|King Tsunami
|leave|VERLISIFYFAN#1
|leave|MEEPS
|leave|Nog
|leave|Funkasaurus
|leave|Hot N Cold
|leave|Finchinator
|leave|Morpheuss
|leave|Jirachee
|leave|Tokyo Tom
|leave|Omfuga's back!
|-message|Player 2 lost due to inactivity.
|
|win|elwind