|join|Handiman
|join|alvimarx
|player|p1|Handiman|1
|player|p2|alvimarx|170
|gametype|singles
|tier|OU
|rated
|rule|Evasion Abilities Clause: Evasion abilities are banned
|clearpoke
|poke|p1|Politoed, F
|poke|p1|Landorus-Therian, M
|poke|p1|Thundurus-Therian, M
|poke|p1|Toxicroak, F
|poke|p1|Tentacruel, M
|poke|p1|Ferrothorn, M
|poke|p2|Latias, F
|poke|p2|Breloom, F
|poke|p2|Rotom-Wash
|poke|p2|Magnezone
|poke|p2|Tyranitar, M
|poke|p2|Landorus-Therian, M
|rule|Sleep Clause: Limit one foe put to sleep
|rule|Species Clause: Limit one of each Pokemon
|rule|OHKO Clause: OHKO moves are banned
|rule|Moody Clause: Moody is banned
|rule|Evasion Moves Clause: Evasion moves are banned
|teampreview
|callback|decision
|
|start
|switch|p1a: Landorus-Therian|Landorus-Therian, M|369\/369
|switch|p2a: Rotom|Rotom-Wash|304\/304
|-ability|p1a: Landorus-Therian|Intimidate|[of] p2a: Rotom
|-unboost|p2a: Rotom|atk|1
|turn|1
|callback|decision
|
|switch|p1a: Ferrothorn|Ferrothorn, M|352\/352
|move|p2a: Rotom|Will-O-Wisp|p1a: Ferrothorn
|-status|p1a: Ferrothorn|brn
|
|-damage|p1a: Ferrothorn|308\/352 brn|[from] brn
|turn|2
|callback|decision
|
|switch|p2a: Magnezone|Magnezone|281\/281
|move|p1a: Ferrothorn|Spikes|p2a: Magnezone
|-sidestart|p2: alvimarx|Spikes
|
|-heal|p1a: Ferrothorn|330\/352 brn|[from] item: Leftovers
|-damage|p1a: Ferrothorn|286\/352 brn|[from] brn
|turn|3
|callback|decision
|
|move|p2a: Magnezone|Hidden Power|p1a: Ferrothorn
|-supereffective|p1a: Ferrothorn
|-damage|p1a: Ferrothorn|34\/352 brn
|move|p1a: Ferrothorn|Spikes|p2a: Magnezone
|-sidestart|p2: alvimarx|Spikes
|
|-heal|p1a: Ferrothorn|56\/352 brn|[from] item: Leftovers
|-damage|p1a: Ferrothorn|12\/352 brn|[from] brn
|turn|4
|callback|decision
|
|move|p2a: Magnezone|Hidden Power|p1a: Ferrothorn
|-supereffective|p1a: Ferrothorn
|-damage|p1a: Ferrothorn|0 fnt
|faint|p1a: Ferrothorn
|
|callback|decision
|
|switch|p1a: Landorus-Therian|Landorus-Therian, M|369\/369
|-ability|p1a: Landorus-Therian|Intimidate|[of] p2a: Magnezone
|-unboost|p2a: Magnezone|atk|1
|turn|5
|callback|decision
|
|switch|p2a: Rotom|Rotom-Wash|304\/304
|move|p1a: Landorus-Therian|Stealth Rock|p2a: Rotom
|-sidestart|p2: alvimarx|move: Stealth Rock
|
|turn|6
|callback|decision
|
|switch|p1a: Tentacruel|Tentacruel, M|364\/364
|move|p2a: Rotom|Will-O-Wisp|p1a: Tentacruel|[miss]
|-miss|p2a: Rotom|p1a: Tentacruel
|
|turn|7
|callback|decision
|
|move|p1a: Tentacruel|Toxic|p2a: Rotom
|-status|p2a: Rotom|tox
|move|p2a: Rotom|Volt Switch|p1a: Tentacruel
|-supereffective|p1a: Tentacruel
|-damage|p1a: Tentacruel|170\/364
|callback|decision
|
|switch|p2a: Breloom|Breloom, F|262\/262
|-damage|p2a: Breloom|219\/262|[from] Spikes
|-damage|p2a: Breloom|203\/262|[from] Stealth Rock
|
|-heal|p2a: Breloom|219\/262|[from] item: Leftovers
|-heal|p1a: Tentacruel|192\/364|[from] item: Black Sludge
|turn|8
|callback|decision
|
|switch|p1a: Landorus-Therian|Landorus-Therian, M|369\/369
|-ability|p1a: Landorus-Therian|Intimidate|[of] p2a: Breloom
|-unboost|p2a: Breloom|atk|1
|move|p2a: Breloom|Spore|p1a: Landorus-Therian
|-status|p1a: Landorus-Therian|slp
|
|-heal|p2a: Breloom|235\/262|[from] item: Leftovers
|turn|9
|callback|decision
|
|switch|p2a: Latias|Latias, F|363\/363
|-damage|p2a: Latias|318\/363|[from] Stealth Rock
|switch|p1a: Tentacruel|Tentacruel, M|192\/364
|
|-heal|p2a: Latias|340\/363|[from] item: Leftovers
|-heal|p1a: Tentacruel|214\/364|[from] item: Black Sludge
|turn|10
|callback|decision
|
|move|p2a: Latias|Substitute|p2a: Latias
|-start|p2a: Latias|Substitute
|-damage|p2a: Latias|250\/363
|move|p1a: Tentacruel|Toxic|p2a: Latias
|
|-heal|p2a: Latias|272\/363|[from] item: Leftovers
|-heal|p1a: Tentacruel|236\/364|[from] item: Black Sludge
|turn|11
|callback|decision
|
|switch|p1a: Politoed|Politoed, F|384\/384
|-weather|RainDance|[from] ability: Drizzle|[of] p1a: Politoed
|move|p2a: Latias|Calm Mind|p2a: Latias
|-boost|p2a: Latias|spa|1
|-boost|p2a: Latias|spd|1
|
|-weather|RainDance|[upkeep]
|-heal|p2a: Latias|294\/363|[from] item: Leftovers
|turn|12
|callback|decision
|
|move|p2a: Latias|Dragon Pulse|p1a: Politoed
|-damage|p1a: Politoed|200\/384
|move|p1a: Politoed|Perish Song|p1a: Politoed
|-fieldactivate|move: Perish Song
|
|-start|p2a: Latias|perish3
|-start|p1a: Politoed|perish3
|-weather|RainDance|[upkeep]
|-heal|p2a: Latias|316\/363|[from] item: Leftovers
|-heal|p1a: Politoed|224\/384|[from] item: Leftovers
|turn|13
|callback|decision
|
|move|p1a: Politoed|Protect|p1a: Politoed
|-singleturn|p1a: Politoed|Protect
|move|p2a: Latias|Dragon Pulse|p1a: Politoed
|-activate|p1a: Politoed|Protect
|
|-start|p2a: Latias|perish2
|-start|p1a: Politoed|perish2
|-weather|RainDance|[upkeep]
|-heal|p2a: Latias|338\/363|[from] item: Leftovers
|-heal|p1a: Politoed|248\/384|[from] item: Leftovers
|turn|14
|callback|decision
|
|move|p1a: Politoed|Protect|p1a: Politoed
|-singleturn|p1a: Politoed|Protect
|move|p2a: Latias|Dragon Pulse|p1a: Politoed
|-activate|p1a: Politoed|Protect
|
|-start|p2a: Latias|perish1
|-start|p1a: Politoed|perish1
|-weather|RainDance|[upkeep]
|-heal|p2a: Latias|360\/363|[from] item: Leftovers
|-heal|p1a: Politoed|272\/384|[from] item: Leftovers
|turn|15
|callback|decision
|
|switch|p2a: Tyranitar|Tyranitar, M|404\/404
|-damage|p2a: Tyranitar|337\/404|[from] Spikes
|-damage|p2a: Tyranitar|287\/404|[from] Stealth Rock
|-weather|Sandstorm|[from] ability: Sand Stream|[of] p2a: Tyranitar
|switch|p1a: Toxicroak|Toxicroak, F|313\/313
|
|-weather|Sandstorm|[upkeep]
|-damage|p1a: Toxicroak|294\/313|[from] sandstorm
|turn|16
|callback|decision
|
|switch|p2a: Latias|Latias, F|360\/363
|-damage|p2a: Latias|315\/363|[from] Stealth Rock
|move|p1a: Toxicroak|Drain Punch|p2a: Latias
|-resisted|p2a: Latias
|-damage|p2a: Latias|223\/363
|-heal|p1a: Toxicroak|313\/313|[from] drain|[of] p2a: Latias
|-damage|p1a: Toxicroak|282\/313|[from] item: Life Orb
|
|-weather|Sandstorm|[upkeep]
|-damage|p2a: Latias|201\/363|[from] sandstorm
|-damage|p1a: Toxicroak|263\/313|[from] sandstorm
|-heal|p2a: Latias|223\/363|[from] item: Leftovers
|turn|17
|callback|decision
|
|move|p2a: Latias|Dragon Pulse|p1a: Toxicroak
|-damage|p1a: Toxicroak|103\/313
|move|p1a: Toxicroak|Ice Punch|p2a: Latias
|-supereffective|p2a: Latias
|-damage|p2a: Latias|0 fnt
|-damage|p1a: Toxicroak|72\/313|[from] item: Life Orb
|faint|p2a: Latias
|
|-weather|Sandstorm|[upkeep]
|-damage|p1a: Toxicroak|53\/313|[from] sandstorm
|callback|decision
|
|switch|p2a: Landorus|Landorus-Therian, M|320\/320
|-damage|p2a: Landorus|280\/320|[from] Stealth Rock
|-ability|p2a: Landorus|Intimidate|[of] p1a: Toxicroak
|-unboost|p1a: Toxicroak|atk|1
|turn|18
|callback|decision
|
|switch|p1a: Politoed|Politoed, F|272\/384
|-weather|RainDance|[from] ability: Drizzle|[of] p1a: Politoed
|move|p2a: Landorus|U-turn|p1a: Politoed
|-damage|p1a: Politoed|171\/384
|-damage|p2a: Landorus|248\/320|[from] item: Life Orb
|callback|decision
|
|switch|p2a: Breloom|Breloom, F|235\/262
|-damage|p2a: Breloom|219\/262|[from] Stealth Rock
|-damage|p2a: Breloom|176\/262|[from] Spikes
|
|-weather|RainDance|[upkeep]
|-heal|p2a: Breloom|192\/262|[from] item: Leftovers
|-heal|p1a: Politoed|195\/384|[from] item: Leftovers
|turn|19
|callback|decision
|
|switch|p1a: Landorus-Therian|Landorus-Therian, M|369\/369 slp
|-ability|p1a: Landorus-Therian|Intimidate|[of] p2a: Breloom
|-unboost|p2a: Breloom|atk|1
|move|p2a: Breloom|Seed Bomb|p1a: Landorus-Therian
|-damage|p1a: Landorus-Therian|291\/369 slp
|
|-weather|RainDance|[upkeep]
|-heal|p2a: Breloom|208\/262|[from] item: Leftovers
|-heal|p1a: Landorus-Therian|314\/369 slp|[from] item: Leftovers
|turn|20
|callback|decision
|
|switch|p1a: Toxicroak|Toxicroak, F|53\/313
|move|p2a: Breloom|Substitute|p2a: Breloom
|-start|p2a: Breloom|Substitute
|-damage|p2a: Breloom|143\/262
|
|-weather|RainDance|[upkeep]
|-heal|p1a: Toxicroak|92\/313|[from] ability: Dry Skin
|-heal|p2a: Breloom|159\/262|[from] item: Leftovers
|turn|21
|callback|decision
|
|move|p1a: Toxicroak|Ice Punch|p2a: Breloom
|-supereffective|p2a: Breloom
|-end|p2a: Breloom|Substitute
|-damage|p1a: Toxicroak|61\/313|[from] item: Life Orb
|move|p2a: Breloom|Force Palm|p1a: Toxicroak
|-resisted|p1a: Toxicroak
|-damage|p1a: Toxicroak|0 fnt
|faint|p1a: Toxicroak
|
|-weather|RainDance|[upkeep]
|-heal|p2a: Breloom|175\/262|[from] item: Leftovers
|callback|decision
|
|switch|p1a: Thundurus-Therian|Thundurus-Therian, M|299\/299
|turn|22
|callback|decision
|
|switch|p2a: Tyranitar|Tyranitar, M|287\/404
|-damage|p2a: Tyranitar|237\/404|[from] Stealth Rock
|-damage|p2a: Tyranitar|170\/404|[from] Spikes
|-weather|Sandstorm|[from] ability: Sand Stream|[of] p2a: Tyranitar
|move|p1a: Thundurus-Therian|Focus Blast|p2a: Tyranitar
|-enditem|p2a: Tyranitar|Chople Berry|[eat]
|-supereffective|p2a: Tyranitar
|-damage|p2a: Tyranitar|0 fnt
|faint|p2a: Tyranitar
|
|-weather|Sandstorm|[upkeep]
|-damage|p1a: Thundurus-Therian|281\/299|[from] sandstorm
|callback|decision
|
|switch|p2a: Rotom|Rotom-Wash|304\/304 tox
|-damage|p2a: Rotom|266\/304 tox|[from] Stealth Rock
|turn|23
|callback|decision
|
|switch|p1a: Politoed|Politoed, F|195\/384
|-weather|RainDance|[from] ability: Drizzle|[of] p1a: Politoed
|move|p2a: Rotom|Hydro Pump|p1a: Politoed
|-resisted|p1a: Politoed
|-damage|p1a: Politoed|38\/384
|
|-weather|RainDance|[upkeep]
|-heal|p2a: Rotom|285\/304 tox|[from] item: Leftovers
|-heal|p1a: Politoed|62\/384|[from] item: Leftovers
|-damage|p2a: Rotom|266\/304 tox|[from] psn
|turn|24
|callback|decision
|
|move|p1a: Politoed|Protect|p1a: Politoed
|-singleturn|p1a: Politoed|Protect
|move|p2a: Rotom|Hydro Pump|p1a: Politoed
|-activate|p1a: Politoed|Protect
|
|-weather|RainDance|[upkeep]
|-heal|p2a: Rotom|285\/304 tox|[from] item: Leftovers
|-heal|p1a: Politoed|86\/384|[from] item: Leftovers
|-damage|p2a: Rotom|247\/304 tox|[from] psn
|turn|25
|callback|decision
|
|move|p1a: Politoed|Protect|p1a: Politoed
|-singleturn|p1a: Politoed|Protect
|move|p2a: Rotom|Hydro Pump|p1a: Politoed
|-activate|p1a: Politoed|Protect
|
|-weather|RainDance|[upkeep]
|-heal|p2a: Rotom|266\/304 tox|[from] item: Leftovers
|-heal|p1a: Politoed|110\/384|[from] item: Leftovers
|-damage|p2a: Rotom|209\/304 tox|[from] psn
|turn|26
|callback|decision
|
|switch|p2a: Breloom|Breloom, F|175\/262
|-damage|p2a: Breloom|132\/262|[from] Spikes
|-damage|p2a: Breloom|116\/262|[from] Stealth Rock
|move|p1a: Politoed|Scald|p2a: Breloom
|-resisted|p2a: Breloom
|-damage|p2a: Breloom|19\/262
|
|-weather|RainDance|[upkeep]
|-heal|p2a: Breloom|35\/262|[from] item: Leftovers
|-heal|p1a: Politoed|134\/384|[from] item: Leftovers
|turn|27
|callback|decision
|
|move|p2a: Breloom|Seed Bomb|p1a: Politoed
|-supereffective|p1a: Politoed
|-damage|p1a: Politoed|0 fnt
|faint|p1a: Politoed
|
|-weather|RainDance|[upkeep]
|-heal|p2a: Breloom|51\/262|[from] item: Leftovers
|callback|decision
|
|switch|p1a: Thundurus-Therian|Thundurus-Therian, M|281\/299
|turn|28
|callback|decision
|
|move|p1a: Thundurus-Therian|Hidden Power|p2a: Breloom
|-supereffective|p2a: Breloom
|-damage|p2a: Breloom|0 fnt
|faint|p2a: Breloom
|
|-weather|RainDance|[upkeep]
|callback|decision
|
|switch|p2a: Rotom|Rotom-Wash|209\/304 tox
|-damage|p2a: Rotom|171\/304 tox|[from] Stealth Rock
|turn|29
|callback|decision
|
|move|p1a: Thundurus-Therian|Thunder|p2a: Rotom
|-damage|p2a: Rotom|0 fnt
|faint|p2a: Rotom
|
|-weather|RainDance|[upkeep]
|callback|decision
|
|switch|p2a: Magnezone|Magnezone|281\/281
|-damage|p2a: Magnezone|235\/281|[from] Spikes
|-damage|p2a: Magnezone|218\/281|[from] Stealth Rock
|turn|30
|callback|decision
|
|move|p2a: Magnezone|Flash Cannon|p1a: Thundurus-Therian
|-resisted|p1a: Thundurus-Therian
|-damage|p1a: Thundurus-Therian|190\/299
|move|p1a: Thundurus-Therian|Focus Blast|p2a: Magnezone
|-supereffective|p2a: Magnezone
|-damage|p2a: Magnezone|0 fnt
|faint|p2a: Magnezone
|
|-weather|RainDance|[upkeep]
|callback|decision
|
|switch|p2a: Landorus|Landorus-Therian, M|248\/320
|-damage|p2a: Landorus|208\/320|[from] Stealth Rock
|-ability|p2a: Landorus|Intimidate|[of] p1a: Thundurus-Therian
|-unboost|p1a: Thundurus-Therian|atk|1
|turn|31
|callback|decision
|
|move|p2a: Landorus|Stone Edge|p1a: Thundurus-Therian
|-supereffective|p1a: Thundurus-Therian
|-damage|p1a: Thundurus-Therian|0 fnt
|-damage|p2a: Landorus|176\/320|[from] item: Life Orb
|faint|p1a: Thundurus-Therian
|
|-weather|RainDance|[upkeep]
|callback|decision
|
|switch|p1a: Landorus-Therian|Landorus-Therian, M|314\/369 slp
|-ability|p1a: Landorus-Therian|Intimidate|[of] p2a: Landorus
|-unboost|p2a: Landorus|atk|1
|turn|32
|callback|decision
|
|switch|p1a: Tentacruel|Tentacruel, M|236\/364
|move|p2a: Landorus|Stone Edge|p1a: Tentacruel
|-damage|p1a: Tentacruel|121\/364
|-damage|p2a: Landorus|144\/320|[from] item: Life Orb
|
|-weather|RainDance|[upkeep]
|-heal|p1a: Tentacruel|143\/364|[from] ability: Rain Dish
|-heal|p1a: Tentacruel|165\/364|[from] item: Black Sludge
|turn|33
|callback|decision
|
|switch|p1a: Landorus-Therian|Landorus-Therian, M|314\/369 slp
|-ability|p1a: Landorus-Therian|Intimidate|[of] p2a: Landorus
|-unboost|p2a: Landorus|atk|1
|move|p2a: Landorus|Stone Edge|p1a: Landorus-Therian
|-crit|p1a: Landorus-Therian
|-damage|p1a: Landorus-Therian|29\/369 slp
|-damage|p2a: Landorus|112\/320|[from] item: Life Orb
|
|-weather|RainDance|[upkeep]
|-heal|p1a: Landorus-Therian|52\/369 slp|[from] item: Leftovers
|turn|34
|callback|decision
|
|move|p2a: Landorus|Stone Edge|p1a: Landorus-Therian
|-damage|p1a: Landorus-Therian|0 fnt
|-damage|p2a: Landorus|80\/320|[from] item: Life Orb
|faint|p1a: Landorus-Therian
|
|-weather|RainDance|[upkeep]
|callback|decision
|
|switch|p1a: Tentacruel|Tentacruel, M|165\/364
|turn|35
|callback|decision
|
|move|p1a: Tentacruel|Protect|p1a: Tentacruel
|-singleturn|p1a: Tentacruel|Protect
|move|p2a: Landorus|Earthquake|p1a: Tentacruel
|-activate|p1a: Tentacruel|Protect
|
|-weather|RainDance|[upkeep]
|-heal|p1a: Tentacruel|187\/364|[from] ability: Rain Dish
|-heal|p1a: Tentacruel|209\/364|[from] item: Black Sludge
|turn|36
|callback|decision
|
|move|p1a: Tentacruel|Protect|p1a: Tentacruel
|-fail|p1a: Tentacruel
|move|p2a: Landorus|Earthquake|p1a: Tentacruel
|-supereffective|p1a: Tentacruel
|-damage|p1a: Tentacruel|0 fnt
|-damage|p2a: Landorus|48\/320|[from] item: Life Orb
|faint|p1a: Tentacruel
|
|win|alvimarx
|raw|Ladder updating...
|raw|Handiman's rating: 1747 &rarr; <strong>1743<\/strong><br \/>(-4 for losing)
|raw|alvimarx's rating: 1633 &rarr; <strong>1637<\/strong><br \/>(+4 for winning)
|chat|Handiman|gg