|join|Jalass
|join|Handiman
|player|p1|Jalass|265
|player|p2|Handiman|260
|gametype|singles
|gen|6
|tier|OU
|rated
|clearpoke
|poke|p1|Escavalier, F
|poke|p1|Charizard, M
|poke|p1|Alakazam, F
|poke|p1|Zapdos
|poke|p1|Krookodile, F
|poke|p1|Jellicent, F
|poke|p2|Rotom-Wash
|poke|p2|Latios, M
|poke|p2|Scizor, F
|poke|p2|Talonflame, F
|poke|p2|Gyarados, M
|poke|p2|Landorus-Therian, M
|rule|Swagger Clause: Swagger is banned
|rule|Baton Pass Clause: Limit three PokÃ©mon knowing Baton Pass
|rule|Sleep Clause Mod: Limit one foe put to sleep
|rule|Species Clause: Limit one of each PokÃ©mon
|rule|OHKO Clause: OHKO moves are banned
|rule|Moody Clause: Moody is banned
|rule|Evasion Moves Clause: Evasion moves are banned
|rule|Endless Battle Clause: Forcing endless battles is banned
|rule|HP Percentage Mod: HP is reported as percentages
|teampreview
|
|start
|switch|p1a: Krookodile|Krookodile, F|393\/393
|switch|p2a: Talonflame|Talonflame, F|298\/298
|-ability|p1a: Krookodile|Intimidate|[of] p2a: Talonflame
|-unboost|p2a: Talonflame|atk|1
|turn|1
|
|move|p2a: Talonflame|U-turn|p1a: Krookodile
|-supereffective|p1a: Krookodile
|-damage|p1a: Krookodile|257\/393
|
|switch|p2a: Landorus-Therian|Landorus-Therian, M|340\/340
|-ability|p2a: Landorus-Therian|Intimidate|[of] p1a: Krookodile
|-unboost|p1a: Krookodile|atk|1
|move|p1a: Krookodile|Stealth Rock|p2a: Landorus-Therian
|-sidestart|p2: Handiman|move: Stealth Rock
|
|-heal|p1a: Krookodile|281\/393|[from] item: Leftovers
|turn|2
|
|move|p1a: Krookodile|Taunt|p2a: Landorus-Therian
|-start|p2a: Landorus-Therian|move: Taunt
|cant|p2a: Landorus-Therian|move: Taunt|Stealth Rock
|
|-heal|p1a: Krookodile|305\/393|[from] item: Leftovers
|turn|3
|
|switch|p1a: Charizard|Charizard, M|331\/331
|move|p2a: Landorus-Therian|U-turn|p1a: Charizard
|-resisted|p1a: Charizard
|-damage|p1a: Charizard|309\/331
|
|switch|p2a: Kav|Latios, M|302\/302
|-damage|p2a: Kav|265\/302|[from] Stealth Rock
|
|turn|4
|
|detailschange|p1a: Charizard|Charizard-Mega-X, M
|message|Charizard has Mega Evolved into Mega Charizard!
|move|p2a: Kav|Draco Meteor|p1a: Charizard
|-supereffective|p1a: Charizard
|-damage|p1a: Charizard|0 fnt
|-unboost|p2a: Kav|spa|2
|-damage|p2a: Kav|235\/302|[from] item: Life Orb
|faint|p1a: Charizard
|
|
|switch|p1a: Escavalier|Escavalier, F|343\/343
|turn|5
|
|move|p2a: Kav|Defog|p1a: Escavalier
|-unboost|p1a: Escavalier|evasion|1
|-sideend|p2: Handiman|Stealth Rock|[from] move: Defog|[of] p2a: Kav
|move|p1a: Escavalier|Pursuit|p2a: Kav
|-supereffective|p2a: Kav
|-damage|p2a: Kav|103\/302
|
|turn|6
|
|move|p2a: Kav|Surf|p1a: Escavalier
|-damage|p1a: Escavalier|296\/343
|-damage|p2a: Kav|73\/302|[from] item: Life Orb
|move|p1a: Escavalier|Pursuit|p2a: Kav
|-supereffective|p2a: Kav
|-damage|p2a: Kav|0 fnt
|faint|p2a: Kav
|
|
|switch|p2a: Talonflame|Talonflame, F|298\/298
|turn|7
|
|switch|p1a: Zapdos|Zapdos|383\/383
|-ability|p1a: Zapdos|Pressure
|move|p2a: Talonflame|U-turn|p1a: Zapdos
|-resisted|p1a: Zapdos
|-damage|p1a: Zapdos|321\/383
|
|switch|p2a: Landorus-Therian|Landorus-Therian, M|340\/340
|-ability|p2a: Landorus-Therian|Intimidate|[of] p1a: Zapdos
|-unboost|p1a: Zapdos|atk|1
|
|-heal|p1a: Zapdos|344\/383|[from] item: Leftovers
|turn|8
|
|move|p1a: Zapdos|Hidden Power|p2a: Landorus-Therian
|-supereffective|p2a: Landorus-Therian
|-damage|p2a: Landorus-Therian|128\/340
|move|p2a: Landorus-Therian|Stealth Rock|p1a: Zapdos
|-sidestart|p1: Jalass|move: Stealth Rock
|
|-heal|p1a: Zapdos|367\/383|[from] item: Leftovers
|turn|9
|
|switch|p2a: Jim|Rotom-Wash|304\/304
|move|p1a: Zapdos|Hidden Power|p2a: Jim
|-resisted|p2a: Jim
|-damage|p2a: Jim|282\/304
|
|-heal|p1a: Zapdos|383\/383|[from] item: Leftovers
|-heal|p2a: Jim|301\/304|[from] item: Leftovers
|turn|10
|
|move|p1a: Zapdos|Defog|p2a: Jim
|-unboost|p2a: Jim|evasion|1
|-sideend|p1: Jalass|Stealth Rock|[from] move: Defog|[of] p1a: Zapdos
|move|p2a: Jim|Will-O-Wisp|p1a: Zapdos
|-status|p1a: Zapdos|brn
|
|-heal|p2a: Jim|304\/304|[from] item: Leftovers
|-damage|p1a: Zapdos|336\/383 brn|[from] brn
|turn|11
|
|switch|p1a: Jellicent|Jellicent, F|404\/404
|move|p2a: Jim|Volt Switch|p1a: Jellicent
|-supereffective|p1a: Jellicent
|-damage|p1a: Jellicent|258\/404
|
|switch|p2a: Talonflame|Talonflame, F|298\/298
|
|-heal|p1a: Jellicent|283\/404|[from] item: Leftovers
|turn|12
|
|move|p2a: Talonflame|U-turn|p1a: Jellicent
|-resisted|p1a: Jellicent
|-damage|p1a: Jellicent|229\/404
|
|switch|p2a: Jim|Rotom-Wash|304\/304
|move|p1a: Jellicent|Will-O-Wisp|p2a: Jim
|-status|p2a: Jim|brn
|
|-heal|p1a: Jellicent|254\/404|[from] item: Leftovers
|-damage|p2a: Jim|266\/304 brn|[from] brn
|turn|13
|
|move|p2a: Jim|Will-O-Wisp|p1a: Jellicent
|-status|p1a: Jellicent|brn
|move|p1a: Jellicent|Recover|p1a: Jellicent
|-heal|p1a: Jellicent|404\/404 brn
|
|-heal|p2a: Jim|285\/304 brn|[from] item: Leftovers
|-damage|p2a: Jim|247\/304 brn|[from] brn
|-damage|p1a: Jellicent|354\/404 brn|[from] brn
|turn|14
|
|move|p2a: Jim|Volt Switch|p1a: Jellicent
|-supereffective|p1a: Jellicent
|-damage|p1a: Jellicent|210\/404 brn
|
|switch|p2a: Landorus-Therian|Landorus-Therian, M|128\/340
|-ability|p2a: Landorus-Therian|Intimidate|[of] p1a: Jellicent
|-unboost|p1a: Jellicent|atk|1
|move|p1a: Jellicent|Recover|p1a: Jellicent
|-heal|p1a: Jellicent|404\/404 brn
|
|-damage|p1a: Jellicent|354\/404 brn|[from] brn
|turn|15
|
|switch|p1a: Krookodile|Krookodile, F|305\/393
|-ability|p1a: Krookodile|Intimidate|[of] p2a: Landorus-Therian
|-unboost|p2a: Landorus-Therian|atk|1
|move|p2a: Landorus-Therian|Earthquake|p1a: Krookodile
|-damage|p1a: Krookodile|199\/393
|
|-heal|p1a: Krookodile|223\/393|[from] item: Leftovers
|turn|16
|
|move|p1a: Krookodile|Stealth Rock|p2a: Landorus-Therian
|-sidestart|p2: Handiman|move: Stealth Rock
|move|p2a: Landorus-Therian|U-turn|p1a: Krookodile
|-supereffective|p1a: Krookodile
|-damage|p1a: Krookodile|131\/393
|
|switch|p2a: Gyarados|Gyarados, M|352\/352
|-damage|p2a: Gyarados|264\/352|[from] Stealth Rock
|-ability|p2a: Gyarados|Intimidate|[of] p1a: Krookodile
|-unboost|p1a: Krookodile|atk|1
|
|-heal|p1a: Krookodile|155\/393|[from] item: Leftovers
|turn|17
|
|switch|p1a: Zapdos|Zapdos|336\/383 brn
|-ability|p1a: Zapdos|Pressure
|move|p2a: Gyarados|Waterfall|p1a: Zapdos
|-damage|p1a: Zapdos|203\/383 brn
|
|-heal|p1a: Zapdos|226\/383 brn|[from] item: Leftovers
|-damage|p1a: Zapdos|179\/383 brn|[from] brn
|turn|18
|
|switch|p2a: Jim|Rotom-Wash|247\/304 brn
|-damage|p2a: Jim|209\/304 brn|[from] Stealth Rock
|move|p1a: Zapdos|Roost|p1a: Zapdos
|-heal|p1a: Zapdos|371\/383 brn
|
|-heal|p1a: Zapdos|383\/383 brn|[from] item: Leftovers
|-heal|p2a: Jim|228\/304 brn|[from] item: Leftovers
|-damage|p1a: Zapdos|336\/383 brn|[from] brn
|-damage|p2a: Jim|190\/304 brn|[from] brn
|turn|19
|
|move|p1a: Zapdos|Roost|p1a: Zapdos
|-heal|p1a: Zapdos|383\/383 brn
|move|p2a: Jim|Volt Switch|p1a: Zapdos
|-resisted|p1a: Zapdos
|-damage|p1a: Zapdos|348\/383 brn
|
|switch|p2a: Scizor|Scizor, F|341\/341
|-damage|p2a: Scizor|299\/341|[from] Stealth Rock
|
|-heal|p1a: Zapdos|371\/383 brn|[from] item: Leftovers
|-heal|p2a: Scizor|320\/341|[from] item: Leftovers
|-damage|p1a: Zapdos|324\/383 brn|[from] brn
|turn|20
|
|switch|p1a: Krookodile|Krookodile, F|155\/393
|-ability|p1a: Krookodile|Intimidate|[of] p2a: Scizor
|-unboost|p2a: Scizor|atk|1
|switch|p2a: Jim|Rotom-Wash|190\/304 brn
|-damage|p2a: Jim|152\/304 brn|[from] Stealth Rock
|
|-heal|p1a: Krookodile|179\/393|[from] item: Leftovers
|-heal|p2a: Jim|171\/304 brn|[from] item: Leftovers
|-damage|p2a: Jim|133\/304 brn|[from] brn
|turn|21
|
|switch|p1a: Jellicent|Jellicent, F|354\/404 brn
|move|p2a: Jim|Hydro Pump|p1a: Jellicent
|-heal|p1a: Jellicent|404\/404 brn|[from] ability: Water Absorb|[of] p2a: Jim
|
|-heal|p2a: Jim|152\/304 brn|[from] item: Leftovers
|-damage|p2a: Jim|114\/304 brn|[from] brn
|-damage|p1a: Jellicent|354\/404 brn|[from] brn
|turn|22
|
|move|p2a: Jim|Pain Split|p1a: Jellicent
|-sethp|p1a: Jellicent|234\/404 brn|p2a: Jim|234\/304 brn|[from] move: Pain Split
|move|p1a: Jellicent|Will-O-Wisp|p2a: Jim
|-fail|p2a: Jim|brn
|
|-heal|p2a: Jim|253\/304 brn|[from] item: Leftovers
|-heal|p1a: Jellicent|259\/404 brn|[from] item: Leftovers
|-damage|p2a: Jim|215\/304 brn|[from] brn
|-damage|p1a: Jellicent|209\/404 brn|[from] brn
|turn|23
|
|move|p2a: Jim|Volt Switch|p1a: Jellicent
|-supereffective|p1a: Jellicent
|-damage|p1a: Jellicent|71\/404 brn
|
|switch|p2a: Talonflame|Talonflame, F|298\/298
|-damage|p2a: Talonflame|149\/298|[from] Stealth Rock
|move|p1a: Jellicent|Recover|p1a: Jellicent
|-heal|p1a: Jellicent|273\/404 brn
|
|-heal|p1a: Jellicent|298\/404 brn|[from] item: Leftovers
|-damage|p1a: Jellicent|248\/404 brn|[from] brn
|turn|24
|
|switch|p1a: Krookodile|Krookodile, F|179\/393
|-ability|p1a: Krookodile|Intimidate|[of] p2a: Talonflame
|-unboost|p2a: Talonflame|atk|1
|move|p2a: Talonflame|Brave Bird|p1a: Krookodile
|-damage|p1a: Krookodile|11\/393
|-damage|p2a: Talonflame|94\/298|[from] recoil|[of] p1a: Krookodile
|
|-heal|p1a: Krookodile|35\/393|[from] item: Leftovers
|turn|25
|
|move|p2a: Talonflame|Brave Bird|p1a: Krookodile
|-damage|p1a: Krookodile|0 fnt
|-damage|p2a: Talonflame|82\/298|[from] recoil|[of] p1a: Krookodile
|faint|p1a: Krookodile
|
|
|switch|p1a: Zapdos|Zapdos|324\/383 brn
|-ability|p1a: Zapdos|Pressure
|turn|26
|
|move|p2a: Talonflame|Brave Bird|p1a: Zapdos
|-resisted|p1a: Zapdos
|-damage|p1a: Zapdos|225\/383 brn
|-damage|p2a: Talonflame|49\/298|[from] recoil|[of] p1a: Zapdos
|move|p1a: Zapdos|Discharge|p2a: Talonflame
|-supereffective|p2a: Talonflame
|-damage|p2a: Talonflame|0 fnt
|faint|p2a: Talonflame
|
|-heal|p1a: Zapdos|248\/383 brn|[from] item: Leftovers
|-damage|p1a: Zapdos|201\/383 brn|[from] brn
|
|switch|p2a: Scizor|Scizor, F|320\/341
|-damage|p2a: Scizor|278\/341|[from] Stealth Rock
|turn|27
|
|move|p1a: Zapdos|Roost|p1a: Zapdos
|-heal|p1a: Zapdos|383\/383 brn
|move|p2a: Scizor|Swords Dance|p2a: Scizor
|-boost|p2a: Scizor|atk|2
|
|-heal|p2a: Scizor|299\/341|[from] item: Leftovers
|-damage|p1a: Zapdos|336\/383 brn|[from] brn
|turn|28
|
|switch|p1a: Escavalier|Escavalier, F|296\/343
|move|p2a: Scizor|Bullet Punch|p1a: Escavalier
|-resisted|p1a: Escavalier
|-damage|p1a: Escavalier|198\/343
|
|-heal|p2a: Scizor|320\/341|[from] item: Leftovers
|turn|29
|
|move|p2a: Scizor|Swords Dance|p2a: Scizor
|-boost|p2a: Scizor|atk|2
|move|p1a: Escavalier|Drill Run|p2a: Scizor
|-damage|p2a: Scizor|212\/341
|
|-heal|p2a: Scizor|233\/341|[from] item: Leftovers
|turn|30
|
|move|p2a: Scizor|Swords Dance|p2a: Scizor
|-boost|p2a: Scizor|atk|2
|move|p1a: Escavalier|Drill Run|p2a: Scizor
|-damage|p2a: Scizor|116\/341
|
|-heal|p2a: Scizor|137\/341|[from] item: Leftovers
|turn|31
|
|move|p2a: Scizor|Roost|p2a: Scizor
|-heal|p2a: Scizor|308\/341
|move|p1a: Escavalier|Drill Run|p2a: Scizor|[miss]
|-miss|p1a: Escavalier|p2a: Scizor
|
|-heal|p2a: Scizor|329\/341|[from] item: Leftovers
|turn|32
|
|move|p2a: Scizor|Swords Dance|p2a: Scizor
|-fail|p2a: Scizor
|move|p1a: Escavalier|Drill Run|p2a: Scizor
|-damage|p2a: Scizor|212\/341
|
|-heal|p2a: Scizor|233\/341|[from] item: Leftovers
|turn|33
|
|move|p2a: Scizor|Roost|p2a: Scizor
|-heal|p2a: Scizor|341\/341
|move|p1a: Escavalier|Drill Run|p2a: Scizor
|-crit|p2a: Scizor
|-damage|p2a: Scizor|177\/341
|
|-heal|p2a: Scizor|198\/341|[from] item: Leftovers
|turn|34
|
|move|p2a: Scizor|Roost|p2a: Scizor
|-heal|p2a: Scizor|341\/341
|move|p1a: Escavalier|Drill Run|p2a: Scizor
|-damage|p2a: Scizor|235\/341
|
|-heal|p2a: Scizor|256\/341|[from] item: Leftovers
|turn|35
|
|move|p2a: Scizor|Roost|p2a: Scizor
|-heal|p2a: Scizor|341\/341
|move|p1a: Escavalier|Drill Run|p2a: Scizor
|-damage|p2a: Scizor|242\/341
|
|-heal|p2a: Scizor|263\/341|[from] item: Leftovers
|turn|36
|
|move|p2a: Scizor|Bullet Punch|p1a: Escavalier
|-resisted|p1a: Escavalier
|-damage|p1a: Escavalier|15\/343
|move|p1a: Escavalier|Iron Head|p2a: Scizor
|-resisted|p2a: Scizor
|-damage|p2a: Scizor|188\/341
|
|-heal|p2a: Scizor|209\/341|[from] item: Leftovers
|turn|37
|
|move|p2a: Scizor|Roost|p2a: Scizor
|-heal|p2a: Scizor|341\/341
|move|p1a: Escavalier|Drill Run|p2a: Scizor
|-damage|p2a: Scizor|224\/341
|
|-heal|p2a: Scizor|245\/341|[from] item: Leftovers
|turn|38
|
|move|p2a: Scizor|Roost|p2a: Scizor
|-heal|p2a: Scizor|341\/341
|move|p1a: Escavalier|Drill Run|p2a: Scizor
|-damage|p2a: Scizor|237\/341
|
|-heal|p2a: Scizor|258\/341|[from] item: Leftovers
|turn|39
|
|move|p2a: Scizor|Bullet Punch|p1a: Escavalier
|-resisted|p1a: Escavalier
|-damage|p1a: Escavalier|0 fnt
|faint|p1a: Escavalier
|
|-heal|p2a: Scizor|279\/341|[from] item: Leftovers
|
|switch|p1a: Alakazam|Alakazam, F|252\/252
|turn|40
|
|move|p2a: Scizor|Bullet Punch|p1a: Alakazam
|-enditem|p1a: Alakazam|Focus Sash
|-damage|p1a: Alakazam|1\/252
|move|p1a: Alakazam|Hidden Power|p2a: Scizor
|-supereffective|p2a: Scizor
|-damage|p2a: Scizor|0 fnt
|faint|p2a: Scizor
|
|
|switch|p2a: Gyarados|Gyarados, M|264\/352
|-damage|p2a: Gyarados|176\/352|[from] Stealth Rock
|-ability|p2a: Gyarados|Intimidate|[of] p1a: Alakazam
|-unboost|p1a: Alakazam|atk|1
|turn|41
|
|switch|p1a: Jellicent|Jellicent, F|248\/404 brn
|detailschange|p2a: Gyarados|Gyarados-Mega, M
|message|Gyarados has Mega Evolved into Mega Gyarados!
|-ability|p2a: Gyarados|Mold Breaker
|move|p2a: Gyarados|Dragon Dance|p2a: Gyarados
|-boost|p2a: Gyarados|atk|1
|-boost|p2a: Gyarados|spe|1
|
|-heal|p1a: Jellicent|273\/404 brn|[from] item: Leftovers
|-damage|p1a: Jellicent|223\/404 brn|[from] brn
|turn|42
|
|move|p2a: Gyarados|Bounce|p1a: Jellicent|[still]
|-prepare|p2a: Gyarados|Bounce|p1a: Jellicent
|move|p1a: Jellicent|Will-O-Wisp|p2a: Gyarados|[miss]
|-miss|p1a: Jellicent|p2a: Gyarados
|
|-heal|p1a: Jellicent|248\/404 brn|[from] item: Leftovers
|-damage|p1a: Jellicent|198\/404 brn|[from] brn
|turn|43
|
|move|p2a: Gyarados|Bounce|p1a: Jellicent
|-damage|p1a: Jellicent|38\/404 brn
|move|p1a: Jellicent|Will-O-Wisp|p2a: Gyarados
|-status|p2a: Gyarados|brn
|
|-heal|p1a: Jellicent|63\/404 brn|[from] item: Leftovers
|-damage|p2a: Gyarados|132\/352 brn|[from] brn
|-damage|p1a: Jellicent|13\/404 brn|[from] brn
|turn|44
|
|switch|p1a: Zapdos|Zapdos|336\/383 brn
|-ability|p1a: Zapdos|Pressure
|move|p2a: Gyarados|Earthquake|p1a: Zapdos
|-immune|p1a: Zapdos|[msg]
|
|-heal|p1a: Zapdos|359\/383 brn|[from] item: Leftovers
|-damage|p2a: Gyarados|88\/352 brn|[from] brn
|-damage|p1a: Zapdos|312\/383 brn|[from] brn
|turn|45
|
|move|p2a: Gyarados|Bounce|p1a: Zapdos|[still]
|-prepare|p2a: Gyarados|Bounce|p1a: Zapdos
|move|p1a: Zapdos|Roost|p1a: Zapdos
|-heal|p1a: Zapdos|383\/383 brn
|
|-damage|p2a: Gyarados|44\/352 brn|[from] brn
|-damage|p1a: Zapdos|336\/383 brn|[from] brn
|turn|46
|
|move|p2a: Gyarados|Bounce|p1a: Zapdos
|-resisted|p1a: Zapdos
|-damage|p1a: Zapdos|295\/383 brn
|move|p1a: Zapdos|Roost|p1a: Zapdos
|-heal|p1a: Zapdos|383\/383 brn
|
|-damage|p2a: Gyarados|0 fnt|[from] brn
|-damage|p1a: Zapdos|336\/383 brn|[from] brn
|faint|p2a: Gyarados
|
|switch|p2a: Jim|Rotom-Wash|215\/304 brn
|-damage|p2a: Jim|177\/304 brn|[from] Stealth Rock
|turn|47
|chat|Jalass|gg
|
|move|p1a: Zapdos|Discharge|p2a: Jim
|-damage|p2a: Jim|96\/304 brn
|move|p2a: Jim|Pain Split|p1a: Zapdos
|-sethp|p1a: Zapdos|216\/383 brn|p2a: Jim|216\/304 brn|[from] move: Pain Split
|
|-heal|p1a: Zapdos|239\/383 brn|[from] item: Leftovers
|-heal|p2a: Jim|235\/304 brn|[from] item: Leftovers
|-damage|p1a: Zapdos|192\/383 brn|[from] brn
|-damage|p2a: Jim|197\/304 brn|[from] brn
|turn|48
|c|âJalass|!data pain split
|c|~|\/data-move Pain Split

|
|move|p1a: Zapdos|Roost|p1a: Zapdos
|-heal|p1a: Zapdos|383\/383 brn
|move|p2a: Jim|Hydro Pump|p1a: Zapdos
|-damage|p1a: Zapdos|274\/383 brn
|
|-heal|p1a: Zapdos|297\/383 brn|[from] item: Leftovers
|-heal|p2a: Jim|216\/304 brn|[from] item: Leftovers
|-damage|p1a: Zapdos|250\/383 brn|[from] brn
|-damage|p2a: Jim|178\/304 brn|[from] brn
|turn|49
|
|move|p1a: Zapdos|Discharge|p2a: Jim
|-damage|p2a: Jim|90\/304 brn
|move|p2a: Jim|Volt Switch|p1a: Zapdos
|-damage|p1a: Zapdos|186\/383 brn
|
|switch|p2a: Landorus-Therian|Landorus-Therian, M|128\/340
|-damage|p2a: Landorus-Therian|86\/340|[from] Stealth Rock
|-ability|p2a: Landorus-Therian|Intimidate|[of] p1a: Zapdos
|-unboost|p1a: Zapdos|atk|1
|
|-heal|p1a: Zapdos|209\/383 brn|[from] item: Leftovers
|-damage|p1a: Zapdos|162\/383 brn|[from] brn
|turn|50
|-message|Handiman forfeited.
|leave|Handiman
|
|win|Jalass
|raw|Ladder updating...
|player|p2