|join|Handiman
|join|Gameboy2001
|player|p1|Handiman|260
|player|p2|Gameboy2001|200
|gametype|singles
|gen|6
|tier|OU
|rated
|clearpoke
|poke|p1|Keldeo
|poke|p1|Rotom-Wash
|poke|p1|Excadrill, M
|poke|p1|Talonflame, F
|poke|p1|Manectric, M
|poke|p1|Landorus-Therian, M
|poke|p2|Ferrothorn, M
|poke|p2|Granbull, M
|poke|p2|Armaldo, M
|poke|p2|Milotic, F
|poke|p2|Pinsir, F
|poke|p2|Landorus-Therian, M
|rule|Swagger Clause: Swagger is banned
|rule|Baton Pass Clause: Limit one PokÃ©mon knowing Baton Pass
|rule|Sleep Clause Mod: Limit one foe put to sleep
|rule|Species Clause: Limit one of each PokÃ©mon
|rule|OHKO Clause: OHKO moves are banned
|rule|Moody Clause: Moody is banned
|rule|Evasion Moves Clause: Evasion moves are banned
|rule|Endless Battle Clause: Forcing endless battles is banned
|rule|HP Percentage Mod: HP is reported as percentages
|teampreview
|chat|Gameboy2001|gl hf
|
|start
|switch|p1a: Manectric|Manectric, M|281\/281
|switch|p2a: Landorus-Therian|Landorus-Therian, M|320\/320
|-ability|p2a: Landorus-Therian|Intimidate|[of] p1a: Manectric
|-unboost|p1a: Manectric|atk|1
|turn|1
|
|switch|p1a: Landorus-Therian|Landorus-Therian, M|382\/382
|-ability|p1a: Landorus-Therian|Intimidate|[of] p2a: Landorus-Therian
|-unboost|p2a: Landorus-Therian|atk|1
|move|p2a: Landorus-Therian|Earthquake|p1a: Landorus-Therian
|-immune|p1a: Landorus-Therian|[msg]
|
|turn|2
|
|switch|p2a: Granbull|Granbull, M|384\/384
|-ability|p2a: Granbull|Intimidate|[of] p1a: Landorus-Therian
|-unboost|p1a: Landorus-Therian|atk|1
|move|p1a: Landorus-Therian|Stealth Rock|p2a: Granbull
|-sidestart|p2: Gameboy2001|move: Stealth Rock
|
|turn|3
|
|switch|p1a: Excadrill|Excadrill, M|391\/391
|-ability|p1a: Excadrill|Mold Breaker
|move|p2a: Granbull|Play Rough|p1a: Excadrill
|-resisted|p1a: Excadrill
|-damage|p1a: Excadrill|293\/391
|
|turn|4
|
|move|p1a: Excadrill|Iron Head|p2a: Granbull
|-supereffective|p2a: Granbull
|-damage|p2a: Granbull|112\/384
|move|p2a: Granbull|Earthquake|p1a: Excadrill
|-supereffective|p1a: Excadrill
|-damage|p1a: Excadrill|23\/391
|
|-heal|p2a: Granbull|136\/384|[from] item: Leftovers
|turn|5
|
|switch|p2a: Ferrothorn|Ferrothorn, M|352\/352
|-damage|p2a: Ferrothorn|330\/352|[from] Stealth Rock
|move|p1a: Excadrill|Earthquake|p2a: Ferrothorn
|-damage|p2a: Ferrothorn|188\/352
|
|-heal|p2a: Ferrothorn|210\/352|[from] item: Leftovers
|turn|6
|
|move|p1a: Excadrill|Earthquake|p2a: Ferrothorn
|-damage|p2a: Ferrothorn|50\/352
|move|p2a: Ferrothorn|Leech Seed|p1a: Excadrill
|-start|p1a: Excadrill|move: Leech Seed
|
|-heal|p2a: Ferrothorn|72\/352|[from] item: Leftovers
|-damage|p1a: Excadrill|0 fnt|[from] Leech Seed|[of] p2a: Ferrothorn
|-heal|p2a: Ferrothorn|95\/352|[silent]
|faint|p1a: Excadrill
|
|switch|p1a: Manectric|Manectric, M|281\/281
|turn|7
|
|detailschange|p1a: Manectric|Manectric-Mega, M
|message|Manectric has Mega Evolved into Mega Manectric!
|-ability|p1a: Manectric|Intimidate|[of] p2a: Ferrothorn
|-unboost|p2a: Ferrothorn|atk|1
|move|p1a: Manectric|Flamethrower|p2a: Ferrothorn
|-supereffective|p2a: Ferrothorn
|-damage|p2a: Ferrothorn|0 fnt
|faint|p2a: Ferrothorn
|
|
|switch|p2a: Landorus-Therian|Landorus-Therian, M|320\/320
|-damage|p2a: Landorus-Therian|280\/320|[from] Stealth Rock
|-ability|p2a: Landorus-Therian|Intimidate|[of] p1a: Manectric
|-unboost|p1a: Manectric|atk|1
|turn|8
|
|switch|p1a: Landorus-Therian|Landorus-Therian, M|382\/382
|-ability|p1a: Landorus-Therian|Intimidate|[of] p2a: Landorus-Therian
|-unboost|p2a: Landorus-Therian|atk|1
|move|p2a: Landorus-Therian|U-turn|p1a: Landorus-Therian
|-crit|p1a: Landorus-Therian
|-resisted|p1a: Landorus-Therian
|-damage|p1a: Landorus-Therian|327\/382
|
|switch|p2a: Milotic|Milotic, F|394\/394
|-damage|p2a: Milotic|345\/394|[from] Stealth Rock
|
|-heal|p1a: Landorus-Therian|350\/382|[from] item: Leftovers
|-heal|p2a: Milotic|369\/394|[from] item: Leftovers
|turn|9
|
|move|p1a: Landorus-Therian|Knock Off|p2a: Milotic
|-damage|p2a: Milotic|268\/394
|-enditem|p2a: Milotic|Leftovers|[from] move: Knock Off|[of] p1a: Landorus-Therian
|move|p2a: Milotic|Scald|p1a: Landorus-Therian
|-supereffective|p1a: Landorus-Therian
|-damage|p1a: Landorus-Therian|132\/382
|-status|p1a: Landorus-Therian|brn
|
|-heal|p1a: Landorus-Therian|155\/382 brn|[from] item: Leftovers
|-damage|p1a: Landorus-Therian|108\/382 brn|[from] brn
|turn|10
|
|move|p1a: Landorus-Therian|U-turn|p2a: Milotic
|-damage|p2a: Milotic|234\/394
|
|switch|p1a: Rotom-Wash|Rotom-Wash|304\/304
|move|p2a: Milotic|Recover|p2a: Milotic
|-heal|p2a: Milotic|394\/394
|
|turn|11
|
|move|p1a: Rotom-Wash|Volt Switch|p2a: Milotic
|-supereffective|p2a: Milotic
|-damage|p2a: Milotic|272\/394
|
|switch|p1a: Landorus-Therian|Landorus-Therian, M|108\/382 brn
|-ability|p1a: Landorus-Therian|Intimidate|[of] p2a: Milotic
|-unboost|p2a: Milotic|atk|1
|-boost|p2a: Milotic|spa|2|[from] ability: Competitive
|move|p2a: Milotic|Mirror Coat|p1a: Landorus-Therian
|-damage|p1a: Landorus-Therian|0 fnt
|faint|p1a: Landorus-Therian
|
|
|switch|p1a: Manectric|Manectric-Mega, M|281\/281
|-ability|p1a: Manectric|Intimidate|[of] p2a: Milotic
|-unboost|p2a: Milotic|atk|1
|-boost|p2a: Milotic|spa|2|[from] ability: Competitive
|turn|12
|
|move|p1a: Manectric|Hidden Power|p2a: Milotic
|-resisted|p2a: Milotic
|-damage|p2a: Milotic|245\/394
|move|p2a: Milotic|Scald|p1a: Manectric
|-crit|p1a: Manectric
|-damage|p1a: Manectric|0 fnt
|faint|p1a: Manectric
|
|-message|Handiman forfeited.
|
|win|Gameboy2001
|raw|Ladder updating...
|leave|Handiman
|player|p1
|raw|Handiman's rating: 1581 &rarr; <strong>1556<\/strong><br \/>(-25 for losing)
|raw|Gameboy2001's rating: 1497 &rarr; <strong>1522<\/strong><br \/>(+25 for winning)
|leave|Gameboy2001
|player|p2
|join|sieme
|join|Netherlands