|join|Handiman
|join|TheCodGod
|player|p1|Handiman|253
|player|p2|TheCodGod|265
|gametype|singles
|gen|6
|tier|OU
|rated
|clearpoke
|poke|p1|Landorus-Therian, M
|poke|p1|Rotom-Wash
|poke|p1|Talonflame, M
|poke|p1|Sableye, F
|poke|p1|Azumarill, F
|poke|p1|Ditto
|poke|p2|Altaria, M
|poke|p2|Garchomp, F
|poke|p2|Talonflame, M
|poke|p2|Heatran, M
|poke|p2|Keldeo
|poke|p2|Thundurus, M
|rule|Swagger Clause: Swagger is banned
|rule|Baton Pass Clause: Limit one PokÃ©mon knowing Baton Pass
|rule|Sleep Clause Mod: Limit one foe put to sleep
|rule|Species Clause: Limit one of each PokÃ©mon
|rule|OHKO Clause: OHKO moves are banned
|rule|Moody Clause: Moody is banned
|rule|Evasion Moves Clause: Evasion moves are banned
|rule|Endless Battle Clause: Forcing endless battles is banned
|rule|HP Percentage Mod: HP is shown in percentages
|teampreview
|
|start
|switch|p1a: Sableye|Sableye, F|304\/304
|switch|p2a: Altaria|Altaria, M|291\/291
|turn|1
|
|detailschange|p2a: Altaria|Altaria-Mega, M
|-mega|p2a: Altaria|Altaria|Altarianite
|detailschange|p1a: Sableye|Sableye-Mega, F
|-mega|p1a: Sableye|Sableye|Sablenite
|move|p1a: Sableye|Protect|p1a: Sableye
|-singleturn|p1a: Sableye|Protect
|move|p2a: Altaria|Dragon Dance|p2a: Altaria
|-boost|p2a: Altaria|atk|1
|-boost|p2a: Altaria|spe|1
|
|turn|2
|
|switch|p1a: Landorus-Therian|Landorus-Therian, M|382\/382
|-ability|p1a: Landorus-Therian|Intimidate|[of] p2a: Altaria
|-unboost|p2a: Altaria|atk|1
|move|p2a: Altaria|Frustration|p1a: Landorus-Therian
|-damage|p1a: Landorus-Therian|207\/382
|
|-heal|p1a: Landorus-Therian|230\/382|[from] item: Leftovers
|turn|3
|
|move|p2a: Altaria|Dragon Dance|p2a: Altaria
|-boost|p2a: Altaria|atk|1
|-boost|p2a: Altaria|spe|1
|move|p1a: Landorus-Therian|Stealth Rock|p2a: Altaria
|-sidestart|p2: TheCodGod|move: Stealth Rock
|
|-heal|p1a: Landorus-Therian|253\/382|[from] item: Leftovers
|turn|4
|
|move|p2a: Altaria|Frustration|p1a: Landorus-Therian
|-damage|p1a: Landorus-Therian|0 fnt
|faint|p1a: Landorus-Therian
|
|
|switch|p1a: Ditto|Ditto|299\/299
|-transform|p1a: Ditto|p2a: Altaria
|turn|5
|
|move|p1a: Ditto|Frustration|p2a: Altaria
|-supereffective|p2a: Altaria
|-damage|p2a: Altaria|285\/291
|move|p2a: Altaria|Frustration|p1a: Ditto
|-supereffective|p1a: Ditto
|-damage|p1a: Ditto|0 fnt
|faint|p1a: Ditto
|
|c|âHandiman|-lol
|c|âHandiman|oh yeah
|
|switch|p1a: Rotom-Wash|Rotom-Wash|304\/304
|turn|6
|c|âTheCodGod|Wtf
|
|move|p2a: Altaria|Frustration|p1a: Rotom-Wash
|-damage|p1a: Rotom-Wash|0 fnt
|faint|p1a: Rotom-Wash
|
|c|âHandiman|how did that do so little lol
|c|âTheCodGod|What happened
|c|âHandiman|i should have KOd you...
|
|switch|p1a: Azumarill|Azumarill, F|364\/364
|turn|7
|
|move|p2a: Altaria|Frustration|p1a: Azumarill
|-damage|p1a: Azumarill|0 fnt
|faint|p1a: Azumarill
|
|-message|Handiman forfeited.
|
|win|TheCodGod
|raw|Ladder updating...
|raw|Handiman's rating: 1717 &rarr; <strong>1686<\/strong><br \/>(-31 for losing)
|raw|TheCodGod's rating: 1520 &rarr; <strong>1550<\/strong><br \/>(+30 for winning)
|leave|Handiman
|player|p1