|join|Handiman
|join|lil manaphy
|player|p1|Handiman|253
|player|p2|lil manaphy|272
|gametype|singles
|gen|6
|tier|OU
|rated
|clearpoke
|poke|p1|Landorus-Therian, M
|poke|p1|Rotom-Wash
|poke|p1|Talonflame, M
|poke|p1|Sableye, M
|poke|p1|Azumarill, M
|poke|p1|Gengar, M
|poke|p2|Lopunny, F
|poke|p2|Manaphy
|poke|p2|Scizor, F
|poke|p2|Celebi
|poke|p2|Heatran, M
|poke|p2|Mandibuzz, F
|rule|Swagger Clause: Swagger is banned
|rule|Baton Pass Clause: Limit one PokÃ©mon knowing Baton Pass
|rule|Sleep Clause Mod: Limit one foe put to sleep
|rule|Species Clause: Limit one of each PokÃ©mon
|rule|OHKO Clause: OHKO moves are banned
|rule|Moody Clause: Moody is banned
|rule|Evasion Moves Clause: Evasion moves are banned
|rule|Endless Battle Clause: Forcing endless battles is banned
|rule|HP Percentage Mod: HP is shown in percentages
|teampreview
|
|start
|switch|p1a: Sableye|Sableye, M|304\/304
|switch|p2a: Couture|Lopunny, F|271\/271
|turn|1
|
|detailschange|p2a: Couture|Lopunny-Mega, F
|-mega|p2a: Couture|Lopunny|Lopunnite
|detailschange|p1a: Sableye|Sableye-Mega, M
|-mega|p1a: Sableye|Sableye|Sablenite
|move|p1a: Sableye|Protect|p1a: Sableye
|-singleturn|p1a: Sableye|Protect
|move|p2a: Couture|Fake Out|p1a: Sableye
|-activate|p1a: Sableye|Protect
|
|turn|2
|
|switch|p2a: bean curd puff|Heatran, M|386\/386
|switch|p1a: Landorus-Therian|Landorus-Therian, M|382\/382
|-ability|p1a: Landorus-Therian|Intimidate|[of] p2a: bean curd puff
|-unboost|p2a: bean curd puff|atk|1
|
|turn|3
|
|switch|p1a: Sableye|Sableye-Mega, M|304\/304
|switch|p2a: im walling everyth|Mandibuzz, F|423\/423
|
|turn|4
|join|squirrelll
|
|switch|p2a: bean curd puff|Heatran, M|386\/386
|move|p1a: Sableye|Knock Off|p2a: bean curd puff
|-damage|p2a: bean curd puff|296\/386
|-enditem|p2a: bean curd puff|Leftovers|[from] move: Knock Off|[of] p1a: Sableye
|
|turn|5
|
|switch|p1a: Rotom-Wash|Rotom-Wash|304\/304
|move|p2a: bean curd puff|Lava Plume|p1a: Rotom-Wash
|-resisted|p1a: Rotom-Wash
|-damage|p1a: Rotom-Wash|261\/304
|-status|p1a: Rotom-Wash|brn
|
|-heal|p1a: Rotom-Wash|280\/304 brn|[from] item: Leftovers
|-damage|p1a: Rotom-Wash|242\/304 brn|[from] brn
|turn|6
|join|MoB Barley
|
|switch|p1a: Sableye|Sableye-Mega, M|304\/304
|switch|p2a: just my onion|Celebi|404\/404
|
|turn|7
|
|switch|p1a: Landorus-Therian|Landorus-Therian, M|382\/382
|-ability|p1a: Landorus-Therian|Intimidate|[of] p2a: just my onion
|-unboost|p2a: just my onion|atk|1
|move|p2a: just my onion|Baton Pass|p2a: just my onion
|join|Spooter
|join|ollopa
|join|Demandred
|join|WECAMEASROMANS
|
|switch|p2a: im walling everyth|Mandibuzz, F|423\/423
|
|turn|8
|
|move|p1a: Landorus-Therian|U-turn|p2a: im walling everyth
|-damage|p2a: im walling everyth|371\/423
|-damage|p1a: Landorus-Therian|319\/382|[from] item: Rocky Helmet|[of] p2a: im walling everyth
|
|switch|p1a: Sableye|Sableye-Mega, M|304\/304
|move|p2a: im walling everyth|Foul Play|p1a: Sableye
|-damage|p1a: Sableye|249\/304
|
|turn|9
|leave|WECAMEASROMANS
|
|switch|p2a: bean curd puff|Heatran, M|296\/386
|move|p1a: Sableye|Knock Off|p2a: bean curd puff
|-damage|p2a: bean curd puff|232\/386
|
|turn|10
|
|move|p1a: Sableye|Protect|p1a: Sableye
|-singleturn|p1a: Sableye|Protect
|move|p2a: bean curd puff|Lava Plume|p1a: Sableye
|-activate|p1a: Sableye|Protect
|
|turn|11
|
|move|p2a: bean curd puff|Lava Plume|p1a: Sableye
|-damage|p1a: Sableye|146\/304
|-status|p1a: Sableye|brn
|move|p1a: Sableye|Recover|p1a: Sableye
|-heal|p1a: Sableye|298\/304 brn
|
|-damage|p1a: Sableye|260\/304 brn|[from] brn
|turn|12
|
|move|p2a: bean curd puff|Lava Plume|p1a: Sableye
|-damage|p1a: Sableye|161\/304 brn
|move|p1a: Sableye|Knock Off|p2a: bean curd puff
|-damage|p2a: bean curd puff|196\/386
|
|-damage|p1a: Sableye|123\/304 brn|[from] brn
|turn|13
|
|move|p2a: bean curd puff|Lava Plume|p1a: Sableye
|-crit|p1a: Sableye
|-damage|p1a: Sableye|0 fnt
|faint|p1a: Sableye
|
|
|switch|p1a: Talonflame|Talonflame, M|360\/360
|turn|14
|
|move|p1a: Talonflame|Taunt|p2a: bean curd puff
|-start|p2a: bean curd puff|move: Taunt
|cant|p2a: bean curd puff|move: Taunt|Toxic
|
|turn|15
|
|switch|p1a: Rotom-Wash|Rotom-Wash|242\/304 brn
|switch|p2a: still bigger than|Manaphy|341\/341
|
|-heal|p1a: Rotom-Wash|261\/304 brn|[from] item: Leftovers
|-damage|p1a: Rotom-Wash|223\/304 brn|[from] brn
|turn|16
|
|switch|p2a: just my onion|Celebi|404\/404
|move|p1a: Rotom-Wash|Volt Switch|p2a: just my onion
|-resisted|p2a: just my onion
|-damage|p2a: just my onion|372\/404
|
|switch|p1a: Gengar|Gengar, M|261\/261
|
|-heal|p2a: just my onion|397\/404|[from] item: Leftovers
|turn|17
|
|switch|p2a: bean curd puff|Heatran, M|196\/386
|move|p1a: Gengar|Substitute|p1a: Gengar
|-start|p1a: Gengar|Substitute
|-damage|p1a: Gengar|196\/261
|
|turn|18
|
|move|p1a: Gengar|Focus Blast|p2a: bean curd puff|[miss]
|-miss|p1a: Gengar|p2a: bean curd puff
|move|p2a: bean curd puff|Lava Plume|p1a: Gengar
|-crit|p1a: Gengar
|-end|p1a: Gengar|Substitute
|
|turn|19
|
|move|p1a: Gengar|Focus Blast|p2a: bean curd puff
|-supereffective|p2a: bean curd puff
|-damage|p2a: bean curd puff|0 fnt
|-damage|p1a: Gengar|170\/261|[from] item: Life Orb
|faint|p2a: bean curd puff
|
|
|switch|p2a: business|Scizor, F|343\/343
|turn|20
|
|move|p2a: business|Pursuit|p1a: Gengar|[from]Pursuit
|-supereffective|p1a: Gengar
|-damage|p1a: Gengar|0 fnt
|faint|p1a: Gengar
|
|join|Pure Demize
|
|switch|p1a: Rotom-Wash|Rotom-Wash|223\/304 brn
|turn|21
|
|switch|p2a: just my onion|Celebi|397\/404
|move|p1a: Rotom-Wash|Volt Switch|p2a: just my onion
|-crit|p2a: just my onion
|-resisted|p2a: just my onion
|-damage|p2a: just my onion|345\/404
|
|switch|p1a: Landorus-Therian|Landorus-Therian, M|319\/382
|-ability|p1a: Landorus-Therian|Intimidate|[of] p2a: just my onion
|-unboost|p2a: just my onion|atk|1
|
|-heal|p2a: just my onion|370\/404|[from] item: Leftovers
|-heal|p1a: Landorus-Therian|342\/382|[from] item: Leftovers
|turn|22
|join|its iggy iggs
|
|switch|p2a: im walling everyth|Mandibuzz, F|371\/423
|move|p1a: Landorus-Therian|U-turn|p2a: im walling everyth
|-damage|p2a: im walling everyth|315\/423
|-damage|p1a: Landorus-Therian|279\/382|[from] item: Rocky Helmet|[of] p2a: im walling everyth
|
|switch|p1a: Rotom-Wash|Rotom-Wash|223\/304 brn
|
|-heal|p1a: Rotom-Wash|242\/304 brn|[from] item: Leftovers
|-damage|p1a: Rotom-Wash|204\/304 brn|[from] brn
|turn|23
|
|switch|p2a: just my onion|Celebi|370\/404
|move|p1a: Rotom-Wash|Volt Switch|p2a: just my onion
|-resisted|p2a: just my onion
|-damage|p2a: just my onion|335\/404
|
|switch|p1a: Landorus-Therian|Landorus-Therian, M|279\/382
|-ability|p1a: Landorus-Therian|Intimidate|[of] p2a: just my onion
|-unboost|p2a: just my onion|atk|1
|
|-heal|p2a: just my onion|360\/404|[from] item: Leftovers
|-heal|p1a: Landorus-Therian|302\/382|[from] item: Leftovers
|turn|24
|
|switch|p2a: business|Scizor, F|343\/343
|move|p1a: Landorus-Therian|U-turn|p2a: business
|-resisted|p2a: business
|-damage|p2a: business|308\/343
|
|switch|p1a: Talonflame|Talonflame, M|360\/360
|
|turn|25
|
|switch|p2a: still bigger than|Manaphy|341\/341
|move|p1a: Talonflame|Swords Dance|p1a: Talonflame
|-boost|p1a: Talonflame|atk|2
|
|turn|26
|
|move|p1a: Talonflame|Brave Bird|p2a: still bigger than
|-damage|p2a: still bigger than|28\/341
|-damage|p1a: Talonflame|257\/360|[from] recoil|[of] p2a: still bigger than
|move|p2a: still bigger than|Scald|p1a: Talonflame
|-supereffective|p1a: Talonflame
|-damage|p1a: Talonflame|0 fnt
|faint|p1a: Talonflame
|
|-heal|p2a: still bigger than|49\/341|[from] item: Leftovers
|
|switch|p1a: Rotom-Wash|Rotom-Wash|204\/304 brn
|turn|27
|
|move|p2a: still bigger than|Psychic|p1a: Rotom-Wash
|-damage|p1a: Rotom-Wash|134\/304 brn
|move|p1a: Rotom-Wash|Volt Switch|p2a: still bigger than
|-supereffective|p2a: still bigger than
|-damage|p2a: still bigger than|0 fnt
|faint|p2a: still bigger than
|join|UrsaReign
|
|switch|p1a: Landorus-Therian|Landorus-Therian, M|302\/382
|
|-heal|p1a: Landorus-Therian|325\/382|[from] item: Leftovers
|
|switch|p2a: business|Scizor, F|308\/343
|turn|28
|
|move|p1a: Landorus-Therian|Stealth Rock|p2a: business
|-sidestart|p2: lil manaphy|move: Stealth Rock
|move|p2a: business|Pursuit|p1a: Landorus-Therian
|-damage|p1a: Landorus-Therian|233\/382
|
|-heal|p1a: Landorus-Therian|256\/382|[from] item: Leftovers
|turn|29
|
|move|p1a: Landorus-Therian|U-turn|p2a: business
|-resisted|p2a: business
|-damage|p2a: business|271\/343
|
|move|p2a: business|Pursuit|p1a: Landorus-Therian|[from]Pursuit
|-damage|p1a: Landorus-Therian|123\/382
|switch|p1a: Rotom-Wash|Rotom-Wash|134\/304 brn
|
|-heal|p1a: Rotom-Wash|153\/304 brn|[from] item: Leftovers
|-damage|p1a: Rotom-Wash|115\/304 brn|[from] brn
|turn|30
|
|switch|p2a: just my onion|Celebi|360\/404
|-damage|p2a: just my onion|310\/404|[from] Stealth Rock
|move|p1a: Rotom-Wash|Pain Split|p2a: just my onion
|-sethp|p2a: just my onion|212\/404|p1a: Rotom-Wash|212\/304 brn|[from] move: Pain Split
|
|-heal|p2a: just my onion|237\/404|[from] item: Leftovers
|-heal|p1a: Rotom-Wash|231\/304 brn|[from] item: Leftovers
|-damage|p1a: Rotom-Wash|193\/304 brn|[from] brn
|turn|31
|c| UrsaReign|gg for real
|join|Aka DH
|
|move|p2a: just my onion|Giga Drain|p1a: Rotom-Wash
|-supereffective|p1a: Rotom-Wash
|-damage|p1a: Rotom-Wash|71\/304 brn
|-heal|p2a: just my onion|298\/404|[from] drain|[of] p1a: Rotom-Wash
|move|p1a: Rotom-Wash|Volt Switch|p2a: just my onion
|-crit|p2a: just my onion
|-resisted|p2a: just my onion
|-damage|p2a: just my onion|253\/404
|c|âlil manaphy|ggg
|
|switch|p1a: Landorus-Therian|Landorus-Therian, M|123\/382
|-ability|p1a: Landorus-Therian|Intimidate|[of] p2a: just my onion
|-unboost|p2a: just my onion|atk|1
|
|-heal|p2a: just my onion|278\/404|[from] item: Leftovers
|-heal|p1a: Landorus-Therian|146\/382|[from] item: Leftovers
|turn|32
|
|switch|p2a: im walling everyth|Mandibuzz, F|315\/423
|-damage|p2a: im walling everyth|210\/423|[from] Stealth Rock
|move|p1a: Landorus-Therian|U-turn|p2a: im walling everyth
|-damage|p2a: im walling everyth|158\/423
|-damage|p1a: Landorus-Therian|83\/382|[from] item: Rocky Helmet|[of] p2a: im walling everyth
|
|switch|p1a: Rotom-Wash|Rotom-Wash|71\/304 brn
|
|-heal|p1a: Rotom-Wash|90\/304 brn|[from] item: Leftovers
|-damage|p1a: Rotom-Wash|52\/304 brn|[from] brn
|turn|33
|join|jake5
|c| Aka DH|lil manaphy is on fire
|c| Aka DH|gratz
|
|move|p1a: Rotom-Wash|Volt Switch|p2a: im walling everyth
|-supereffective|p2a: im walling everyth
|-damage|p2a: im walling everyth|0 fnt
|faint|p2a: im walling everyth
|join|Chillingtilnoon
|
|switch|p1a: Landorus-Therian|Landorus-Therian, M|83\/382
|
|-heal|p1a: Landorus-Therian|106\/382|[from] item: Leftovers
|
|switch|p2a: Couture|Lopunny-Mega, F|271\/271
|-damage|p2a: Couture|255\/271|[from] Stealth Rock
|turn|34
|c| UrsaReign|manaphy cheats too much
|leave|jake5
|
|move|p2a: Couture|Return|p1a: Landorus-Therian
|-damage|p1a: Landorus-Therian|0 fnt
|faint|p1a: Landorus-Therian
|
|-message|Handiman forfeited.
|
|win|lil manaphy
|raw|Ladder updating...
|leave|Handiman
|player|p1
|raw|Handiman's rating: 1696 &rarr; <strong>1681<\/strong><br \/>(-15 for losing)
|raw|lil manaphy's rating: 1795 &rarr; <strong>1809<\/strong><br \/>(+14 for winning)
|leave|Spooter
|join|we CAN
|join|amg