|join|Pwocy
|join|Handiman
|player|p1|Pwocy|287
|player|p2|Handiman|253
|gametype|singles
|gen|6
|tier|OU
|rated
|clearpoke
|poke|p1|Gothitelle, F
|poke|p1|Gliscor, F
|poke|p1|Lopunny, F
|poke|p1|Slowbro, F
|poke|p1|Clefable, M
|poke|p1|Tentacruel, F
|poke|p2|Landorus-Therian, M
|poke|p2|Rotom-Wash
|poke|p2|Talonflame, F
|poke|p2|Sableye, F
|poke|p2|Azumarill, M
|poke|p2|Greninja, M
|rule|Swagger Clause: Swagger is banned
|rule|Baton Pass Clause: Limit one PokÃ©mon knowing Baton Pass
|rule|Sleep Clause Mod: Limit one foe put to sleep
|rule|Species Clause: Limit one of each PokÃ©mon
|rule|OHKO Clause: OHKO moves are banned
|rule|Moody Clause: Moody is banned
|rule|Evasion Moves Clause: Evasion moves are banned
|rule|Endless Battle Clause: Forcing endless battles is banned
|rule|HP Percentage Mod: HP is shown in percentages
|teampreview
|
|start
|switch|p1a: Lopunny|Lopunny, F|271\/271
|switch|p2a: Sableye|Sableye, F|304\/304
|turn|1
|
|detailschange|p1a: Lopunny|Lopunny-Mega, F
|-mega|p1a: Lopunny|Lopunny|Lopunnite
|detailschange|p2a: Sableye|Sableye-Mega, F
|-mega|p2a: Sableye|Sableye|Sablenite
|move|p2a: Sableye|Protect|p2a: Sableye
|-singleturn|p2a: Sableye|Protect
|move|p1a: Lopunny|Fake Out|p2a: Sableye
|-activate|p2a: Sableye|Protect
|
|turn|2
|
|switch|p2a: Landorus-Therian|Landorus-Therian, M|382\/382
|-ability|p2a: Landorus-Therian|Intimidate|[of] p1a: Lopunny
|-unboost|p1a: Lopunny|atk|1
|move|p1a: Lopunny|High Jump Kick|p2a: Landorus-Therian
|-crit|p2a: Landorus-Therian
|-resisted|p2a: Landorus-Therian
|-damage|p2a: Landorus-Therian|238\/382
|
|-heal|p2a: Landorus-Therian|261\/382|[from] item: Leftovers
|turn|3
|
|switch|p1a: Clefable|Clefable, M|394\/394
|move|p2a: Landorus-Therian|Stealth Rock|p1a: Clefable
|-sidestart|p1: Pwocy|move: Stealth Rock
|
|-heal|p2a: Landorus-Therian|284\/382|[from] item: Leftovers
|turn|4
|
|move|p2a: Landorus-Therian|U-turn|p1a: Clefable
|-resisted|p1a: Clefable
|-damage|p1a: Clefable|354\/394
|
|switch|p2a: Sableye|Sableye-Mega, F|304\/304
|move|p1a: Clefable|Moonblast|p2a: Sableye
|-supereffective|p2a: Sableye
|-damage|p2a: Sableye|104\/304
|-unboost|p2a: Sableye|spa|1
|
|-heal|p1a: Clefable|378\/394|[from] item: Leftovers
|turn|5
|
|move|p2a: Sableye|Protect|p2a: Sableye
|-singleturn|p2a: Sableye|Protect
|move|p1a: Clefable|Stealth Rock|p2a: Sableye
|move|p2a: Sableye|Stealth Rock|p1a: Clefable|[from]Magic Bounce
|-fail|p1a: Clefable
|
|-heal|p1a: Clefable|394\/394|[from] item: Leftovers
|turn|6
|
|move|p1a: Clefable|Stealth Rock|p2a: Sableye
|move|p2a: Sableye|Stealth Rock|p1a: Clefable|[from]Magic Bounce
|-fail|p1a: Clefable
|move|p2a: Sableye|Knock Off|p1a: Clefable
|-resisted|p1a: Clefable
|-damage|p1a: Clefable|343\/394
|-enditem|p1a: Clefable|Leftovers|[from] move: Knock Off|[of] p2a: Sableye
|
|turn|7
|
|move|p2a: Sableye|Protect|p2a: Sableye
|-singleturn|p2a: Sableye|Protect
|move|p1a: Clefable|Stealth Rock|p2a: Sableye
|move|p2a: Sableye|Stealth Rock|p1a: Clefable|[from]Magic Bounce
|-fail|p1a: Clefable
|
|turn|8
|
|move|p1a: Clefable|Moonblast|p2a: Sableye
|-supereffective|p2a: Sableye
|-damage|p2a: Sableye|0 fnt
|faint|p2a: Sableye
|
|
|switch|p2a: Talonflame|Talonflame, F|360\/360
|turn|9
|
|move|p2a: Talonflame|Taunt|p1a: Clefable
|-start|p1a: Clefable|move: Taunt
|cant|p1a: Clefable|move: Taunt|Thunder Wave
|
|turn|10
|
|switch|p2a: Rotom-Wash|Rotom-Wash|304\/304
|move|p1a: Clefable|Moonblast|p2a: Rotom-Wash
|-damage|p2a: Rotom-Wash|234\/304
|-unboost|p2a: Rotom-Wash|spa|1
|
|-heal|p2a: Rotom-Wash|253\/304|[from] item: Leftovers
|turn|11
|
|move|p2a: Rotom-Wash|Volt Switch|p1a: Clefable
|-damage|p1a: Clefable|288\/394
|
|switch|p2a: Talonflame|Talonflame, F|360\/360
|move|p1a: Clefable|Moonblast|p2a: Talonflame
|-resisted|p2a: Talonflame
|-damage|p2a: Talonflame|284\/360
|
|-heal|p2a: Talonflame|306\/360|[from] item: Leftovers
|-end|p1a: Clefable|move: Taunt
|turn|12
|
|switch|p1a: Gliscor|Gliscor, F|352\/352
|-damage|p1a: Gliscor|308\/352|[from] Stealth Rock
|move|p2a: Talonflame|Taunt|p1a: Gliscor
|-start|p1a: Gliscor|move: Taunt
|
|-heal|p2a: Talonflame|328\/360|[from] item: Leftovers
|-status|p1a: Gliscor|tox|[from] item: Toxic Orb
|turn|13
|
|move|p2a: Talonflame|Swords Dance|p2a: Talonflame
|-boost|p2a: Talonflame|atk|2
|move|p1a: Gliscor|Knock Off|p2a: Talonflame
|-crit|p2a: Talonflame
|-damage|p2a: Talonflame|187\/360
|-enditem|p2a: Talonflame|Leftovers|[from] move: Knock Off|[of] p1a: Gliscor
|
|-heal|p1a: Gliscor|352\/352 tox|[from] ability: Poison Heal
|turn|14
|
|switch|p1a: Slowbro|Slowbro, F|394\/394
|-damage|p1a: Slowbro|345\/394|[from] Stealth Rock
|move|p2a: Talonflame|Brave Bird|p1a: Slowbro
|-damage|p1a: Slowbro|101\/394
|-damage|p2a: Talonflame|106\/360|[from] recoil|[of] p1a: Slowbro
|
|-heal|p1a: Slowbro|125\/394|[from] item: Leftovers
|turn|15
|
|switch|p1a: Tentacruel|Tentacruel, F|360\/360
|-damage|p1a: Tentacruel|315\/360|[from] Stealth Rock
|move|p2a: Talonflame|Brave Bird|p1a: Tentacruel
|-damage|p1a: Tentacruel|0 fnt
|-damage|p2a: Talonflame|2\/360|[from] recoil|[of] p1a: Tentacruel
|faint|p1a: Tentacruel
|
|
|switch|p1a: Lopunny|Lopunny-Mega, F|271\/271
|-damage|p1a: Lopunny|255\/271|[from] Stealth Rock
|turn|16
|
|switch|p2a: Landorus-Therian|Landorus-Therian, M|284\/382
|-ability|p2a: Landorus-Therian|Intimidate|[of] p1a: Lopunny
|-unboost|p1a: Lopunny|atk|1
|move|p1a: Lopunny|Fake Out|p2a: Landorus-Therian
|-damage|p2a: Landorus-Therian|244\/382
|
|-heal|p2a: Landorus-Therian|267\/382|[from] item: Leftovers
|turn|17
|
|move|p1a: Lopunny|Return|p2a: Landorus-Therian
|-crit|p2a: Landorus-Therian
|-damage|p2a: Landorus-Therian|29\/382
|move|p2a: Landorus-Therian|U-turn|p1a: Lopunny
|-resisted|p1a: Lopunny
|-damage|p1a: Lopunny|217\/271
|
|switch|p2a: Talonflame|Talonflame, F|2\/360
|
|turn|18
|
|switch|p1a: Slowbro|Slowbro, F|256\/394
|-damage|p1a: Slowbro|207\/394|[from] Stealth Rock
|move|p2a: Talonflame|Brave Bird|p1a: Slowbro
|-damage|p1a: Slowbro|93\/394
|-damage|p2a: Talonflame|0 fnt|[from] recoil|[of] p1a: Slowbro
|faint|p2a: Talonflame
|
|-heal|p1a: Slowbro|117\/394|[from] item: Leftovers
|
|switch|p2a: Azumarill|Azumarill, M|364\/364
|turn|19
|
|move|p2a: Azumarill|Belly Drum|p2a: Azumarill
|-damage|p2a: Azumarill|182\/364
|-setboost|p2a: Azumarill|atk|6|[from] move: Belly Drum
|-enditem|p2a: Azumarill|Sitrus Berry|[eat]
|-heal|p2a: Azumarill|273\/364|[from] item: Sitrus Berry
|move|p1a: Slowbro|Scald|p2a: Azumarill
|-crit|p2a: Azumarill
|-resisted|p2a: Azumarill
|-damage|p2a: Azumarill|191\/364
|
|-heal|p1a: Slowbro|141\/394|[from] item: Leftovers
|turn|20
|
|move|p2a: Azumarill|Knock Off|p1a: Slowbro
|-supereffective|p1a: Slowbro
|-damage|p1a: Slowbro|0 fnt
|-enditem|p1a: Slowbro|Leftovers|[from] move: Knock Off|[of] p2a: Azumarill
|faint|p1a: Slowbro
|
|
|switch|p1a: Lopunny|Lopunny-Mega, F|217\/271
|-damage|p1a: Lopunny|201\/271|[from] Stealth Rock
|turn|21
|
|move|p1a: Lopunny|Fake Out|p2a: Azumarill
|-damage|p2a: Azumarill|106\/364
|cant|p2a: Azumarill|flinch
|
|turn|22
|
|switch|p1a: Gothitelle|Gothitelle, F|301\/301
|-damage|p1a: Gothitelle|264\/301|[from] Stealth Rock
|move|p2a: Azumarill|Aqua Jet|p1a: Gothitelle
|-damage|p1a: Gothitelle|0 fnt
|faint|p1a: Gothitelle
|
|
|switch|p1a: Lopunny|Lopunny-Mega, F|201\/271
|-damage|p1a: Lopunny|185\/271|[from] Stealth Rock
|turn|23
|
|move|p1a: Lopunny|Fake Out|p2a: Azumarill
|-damage|p2a: Azumarill|21\/364
|cant|p2a: Azumarill|flinch
|
|turn|24
|
|switch|p1a: Gliscor|Gliscor, F|352\/352 tox
|-damage|p1a: Gliscor|308\/352 tox|[from] Stealth Rock
|move|p2a: Azumarill|Aqua Jet|p1a: Gliscor
|-crit|p1a: Gliscor
|-supereffective|p1a: Gliscor
|-damage|p1a: Gliscor|0 fnt
|faint|p1a: Gliscor
|
|
|switch|p1a: Lopunny|Lopunny-Mega, F|185\/271
|-damage|p1a: Lopunny|169\/271|[from] Stealth Rock
|turn|25
|
|move|p1a: Lopunny|Fake Out|p2a: Azumarill
|-damage|p2a: Azumarill|0 fnt
|faint|p2a: Azumarill
|
|
|switch|p2a: Landorus-Therian|Landorus-Therian, M|29\/382
|-ability|p2a: Landorus-Therian|Intimidate|[of] p1a: Lopunny
|-unboost|p1a: Lopunny|atk|1
|turn|26
|
|switch|p2a: Rotom-Wash|Rotom-Wash|253\/304
|move|p1a: Lopunny|Return|p2a: Rotom-Wash
|-damage|p2a: Rotom-Wash|144\/304
|
|-heal|p2a: Rotom-Wash|163\/304|[from] item: Leftovers
|turn|27
|
|move|p1a: Lopunny|Return|p2a: Rotom-Wash
|-damage|p2a: Rotom-Wash|54\/304
|move|p2a: Rotom-Wash|Hydro Pump|p1a: Lopunny
|-damage|p1a: Lopunny|40\/271
|
|-heal|p2a: Rotom-Wash|73\/304|[from] item: Leftovers
|turn|28
|
|switch|p2a: Landorus-Therian|Landorus-Therian, M|29\/382
|-ability|p2a: Landorus-Therian|Intimidate|[of] p1a: Lopunny
|-unboost|p1a: Lopunny|atk|1
|move|p1a: Lopunny|Return|p2a: Landorus-Therian
|-damage|p2a: Landorus-Therian|0 fnt
|faint|p2a: Landorus-Therian
|
|
|switch|p2a: Rotom-Wash|Rotom-Wash|73\/304
|turn|29
|
|move|p1a: Lopunny|Return|p2a: Rotom-Wash
|-damage|p2a: Rotom-Wash|0 fnt
|faint|p2a: Rotom-Wash
|
|
|switch|p2a: Greninja|Greninja, M|285\/285
|turn|30
|
|switch|p1a: Clefable|Clefable, M|288\/394
|move|p2a: Greninja|Gunk Shot|p1a: Clefable
|-start|p2a: Greninja|typechange|Poison|[from] Protean
|-crit|p1a: Clefable
|-supereffective|p1a: Clefable
|-damage|p1a: Clefable|0 fnt
|-damage|p2a: Greninja|257\/285|[from] item: Life Orb
|faint|p1a: Clefable
|
|
|switch|p1a: Lopunny|Lopunny-Mega, F|40\/271
|-damage|p1a: Lopunny|24\/271|[from] Stealth Rock
|turn|31
|
|move|p1a: Lopunny|Fake Out|p2a: Greninja
|-damage|p2a: Greninja|134\/285
|cant|p2a: Greninja|flinch
|
|turn|32
|
|move|p1a: Lopunny|Return|p2a: Greninja
|-damage|p2a: Greninja|0 fnt
|faint|p2a: Greninja
|
|win|Pwocy
|raw|Ladder updating...
|raw|Pwocy's rating: 1488 &rarr; <strong>1508<\/strong><br \/>(+20 for winning)
|raw|Handiman's rating: 1485 &rarr; <strong>1465<\/strong><br \/>(-20 for losing)
|c|âPwocy|gg
|leave|Handiman
|player|p2