|join|flamz
|join|M0gwai
|player|p1|flamz|192
|player|p2|M0gwai|101
|gametype|singles
|gen|6
|tier|OU
|rated
|clearpoke
|poke|p1|Chesnaught, F
|poke|p1|Latios, M
|poke|p1|Heatran, F
|poke|p1|Gliscor, F
|poke|p1|Clefable, M
|poke|p1|Slowbro, M
|poke|p2|Serperior, M
|poke|p2|Talonflame, F
|poke|p2|Blastoise, M
|poke|p2|Landorus-Therian, M
|poke|p2|Klefki, M
|poke|p2|Raikou
|rule|Swagger Clause: Swagger is banned
|rule|Baton Pass Clause: Limit one PokÃ©mon knowing Baton Pass
|rule|Sleep Clause Mod: Limit one foe put to sleep
|rule|Species Clause: Limit one of each PokÃ©mon
|rule|OHKO Clause: OHKO moves are banned
|rule|Moody Clause: Moody is banned
|rule|Evasion Moves Clause: Evasion moves are banned
|rule|Endless Battle Clause: Forcing endless battles is banned
|rule|HP Percentage Mod: HP is shown in percentages
|teampreview
|
|start
|switch|p1a: Clefable|Clefable, M|394\/394
|switch|p2a: Muh Cannonz|Blastoise, M|327\/327
|turn|1
|leave|flamz
|player|p1
|join|flamz
|player|p1|flamz|192
|
|switch|p1a: Chesnaught|Chesnaught, F|380\/380
|detailschange|p2a: Muh Cannonz|Blastoise-Mega, M
|-mega|p2a: Muh Cannonz|Blastoise|Blastoisinite
|move|p2a: Muh Cannonz|Scald|p1a: Chesnaught
|-resisted|p1a: Chesnaught
|-damage|p1a: Chesnaught|284\/380
|
|-heal|p1a: Chesnaught|307\/380|[from] item: Leftovers
|turn|2
|
|switch|p2a: Rockstache|Landorus-Therian, M|382\/382
|-ability|p2a: Rockstache|Intimidate|[of] p1a: Chesnaught
|-unboost|p1a: Chesnaught|atk|1
|move|p1a: Chesnaught|Leech Seed|p2a: Rockstache
|-start|p2a: Rockstache|move: Leech Seed
|
|-heal|p1a: Chesnaught|330\/380|[from] item: Leftovers
|-damage|p2a: Rockstache|335\/382|[from] Leech Seed|[of] p1a: Chesnaught
|-heal|p1a: Chesnaught|377\/380|[silent]
|turn|3
|
|move|p2a: Rockstache|Stealth Rock|p1a: Chesnaught
|-sidestart|p1: flamz|move: Stealth Rock
|move|p1a: Chesnaught|Spikes|p2a: Rockstache
|-sidestart|p2: M0gwai|Spikes
|
|-heal|p2a: Rockstache|358\/382|[from] item: Leftovers
|-heal|p1a: Chesnaught|380\/380|[from] item: Leftovers
|-damage|p2a: Rockstache|311\/382|[from] Leech Seed|[of] p1a: Chesnaught
|turn|4
|
|move|p1a: Chesnaught|Spiky Shield|p1a: Chesnaught
|-singleturn|p1a: Chesnaught|move: Protect
|move|p2a: Rockstache|U-turn|p1a: Chesnaught
|-activate|p1a: Chesnaught|move: Protect
|-damage|p2a: Rockstache|264\/382|[from] Spiky Shield|[of] p1a: Chesnaught
|
|-heal|p2a: Rockstache|287\/382|[from] item: Leftovers
|-damage|p2a: Rockstache|240\/382|[from] Leech Seed|[of] p1a: Chesnaught
|turn|5
|
|move|p2a: Rockstache|U-turn|p1a: Chesnaught
|-damage|p1a: Chesnaught|330\/380
|
|switch|p2a: Katniss|Talonflame, F|319\/319
|move|p1a: Chesnaught|Leech Seed|p2a: Katniss
|-start|p2a: Katniss|move: Leech Seed
|
|-heal|p1a: Chesnaught|353\/380|[from] item: Leftovers
|-damage|p2a: Katniss|280\/319|[from] Leech Seed|[of] p1a: Chesnaught
|-heal|p1a: Chesnaught|380\/380|[silent]
|turn|6
|
|switch|p1a: Slowbro|Slowbro, M|394\/394
|-damage|p1a: Slowbro|345\/394|[from] Stealth Rock
|move|p2a: Katniss|Swords Dance|p2a: Katniss
|-boost|p2a: Katniss|atk|2
|
|-damage|p2a: Katniss|241\/319|[from] Leech Seed|[of] p1a: Slowbro
|-heal|p1a: Slowbro|384\/394|[silent]
|turn|7
|
|switch|p2a: Muh Cannonz|Blastoise-Mega, M|327\/327
|-damage|p2a: Muh Cannonz|287\/327|[from] Spikes
|detailschange|p1a: Slowbro|Slowbro-Mega, M
|-mega|p1a: Slowbro|Slowbro|Slowbronite
|move|p1a: Slowbro|Scald|p2a: Muh Cannonz
|-resisted|p2a: Muh Cannonz
|-damage|p2a: Muh Cannonz|233\/327
|-status|p2a: Muh Cannonz|brn
|
|-damage|p2a: Muh Cannonz|193\/327 brn|[from] brn
|turn|8
|
|switch|p1a: Chesnaught|Chesnaught, F|380\/380
|-damage|p1a: Chesnaught|357\/380|[from] Stealth Rock
|move|p2a: Muh Cannonz|Rapid Spin|p1a: Chesnaught
|-damage|p1a: Chesnaught|352\/380
|-sideend|p2: M0gwai|Spikes|[from] move: Rapid Spin|[of] p2a: Muh Cannonz
|
|-heal|p1a: Chesnaught|375\/380|[from] item: Leftovers
|-damage|p2a: Muh Cannonz|153\/327 brn|[from] brn
|turn|9
|
|switch|p2a: Dickperior|Serperior, M|291\/291
|move|p1a: Chesnaught|Spikes|p2a: Dickperior
|-sidestart|p2: M0gwai|Spikes
|
|-heal|p1a: Chesnaught|380\/380|[from] item: Leftovers
|turn|10
|
|move|p2a: Dickperior|Leaf Storm|p1a: Chesnaught
|-resisted|p1a: Chesnaught
|-damage|p1a: Chesnaught|267\/380
|-boost|p2a: Dickperior|spa|2
|-damage|p2a: Dickperior|262\/291|[from] item: Life Orb
|move|p1a: Chesnaught|Drain Punch|p2a: Dickperior
|-damage|p2a: Dickperior|162\/291
|-heal|p1a: Chesnaught|317\/380|[from] drain|[of] p2a: Dickperior
|
|-heal|p1a: Chesnaught|340\/380|[from] item: Leftovers
|turn|11
|
|move|p2a: Dickperior|Hidden Power|p1a: Chesnaught
|-supereffective|p1a: Chesnaught
|-damage|p1a: Chesnaught|41\/380
|-damage|p2a: Dickperior|133\/291|[from] item: Life Orb
|move|p1a: Chesnaught|Drain Punch|p2a: Dickperior
|-damage|p2a: Dickperior|43\/291
|-heal|p1a: Chesnaught|86\/380|[from] drain|[of] p2a: Dickperior
|
|-heal|p1a: Chesnaught|109\/380|[from] item: Leftovers
|turn|12
|
|move|p1a: Chesnaught|Spiky Shield|p1a: Chesnaught
|-singleturn|p1a: Chesnaught|move: Protect
|move|p2a: Dickperior|Synthesis|p2a: Dickperior
|-heal|p2a: Dickperior|188\/291
|
|-heal|p1a: Chesnaught|132\/380|[from] item: Leftovers
|turn|13
|
|switch|p1a: Heatran|Heatran, F|323\/323
|-damage|p1a: Heatran|283\/323|[from] Stealth Rock
|move|p2a: Dickperior|Dragon Pulse|p1a: Heatran
|-resisted|p1a: Heatran
|-damage|p1a: Heatran|200\/323
|-damage|p2a: Dickperior|159\/291|[from] item: Life Orb
|
|-heal|p1a: Heatran|220\/323|[from] item: Leftovers
|turn|14
|
|switch|p2a: Rockstache|Landorus-Therian, M|240\/382
|-ability|p2a: Rockstache|Intimidate|[of] p1a: Heatran
|-unboost|p1a: Heatran|atk|1
|move|p1a: Heatran|Magma Storm|p2a: Rockstache|[miss]
|-miss|p1a: Heatran|p2a: Rockstache
|
|-heal|p1a: Heatran|240\/323|[from] item: Leftovers
|-heal|p2a: Rockstache|263\/382|[from] item: Leftovers
|turn|15
|
|move|p1a: Heatran|Magma Storm|p2a: Rockstache
|-damage|p2a: Rockstache|46\/382
|-activate|p2a: Rockstache|move: Magma Storm|[of] p1a: Heatran
|move|p2a: Rockstache|U-turn|p1a: Heatran
|-resisted|p1a: Heatran
|-damage|p1a: Heatran|221\/323
|c|âflamz|Does klefki have spikes btw?
|
|switch|p2a: Muh Cannonz|Blastoise-Mega, M|153\/327 brn
|-damage|p2a: Muh Cannonz|113\/327 brn|[from] Spikes
|
|-heal|p1a: Heatran|241\/323|[from] item: Leftovers
|-damage|p2a: Muh Cannonz|73\/327 brn|[from] brn
|turn|16
|
|switch|p1a: Latios|Latios, M|301\/301
|-damage|p1a: Latios|264\/301|[from] Stealth Rock
|move|p2a: Muh Cannonz|Scald|p1a: Latios
|-crit|p1a: Latios
|-resisted|p1a: Latios
|-damage|p1a: Latios|154\/301
|
|-damage|p2a: Muh Cannonz|33\/327 brn|[from] brn
|turn|17
|
|move|p1a: Latios|Psyshock|p2a: Muh Cannonz
|-crit|p2a: Muh Cannonz
|-damage|p2a: Muh Cannonz|0 fnt
|-damage|p1a: Latios|124\/301|[from] item: Life Orb
|faint|p2a: Muh Cannonz
|
|
|switch|p2a: Diego|Raikou|321\/321
|-damage|p2a: Diego|281\/321|[from] Spikes
|-ability|p2a: Diego|Pressure
|turn|18
|
|switch|p1a: Clefable|Clefable, M|394\/394
|move|p2a: Diego|Shadow Ball|p1a: Clefable
|-damage|p1a: Clefable|321\/394
|
|-heal|p1a: Clefable|345\/394|[from] item: Leftovers
|turn|19
|
|move|p2a: Diego|Volt Switch|p1a: Clefable
|-damage|p1a: Clefable|249\/394
|
|switch|p2a: Best Design Ever|Klefki, M|318\/318
|-damage|p2a: Best Design Ever|279\/318|[from] Spikes
|move|p1a: Clefable|Stealth Rock|p2a: Best Design Ever
|-sidestart|p2: M0gwai|move: Stealth Rock
|
|-heal|p2a: Best Design Ever|298\/318|[from] item: Leftovers
|-heal|p1a: Clefable|273\/394|[from] item: Leftovers
|turn|20
|
|switch|p1a: Gliscor|Gliscor, F|352\/352
|-damage|p1a: Gliscor|308\/352|[from] Stealth Rock
|move|p2a: Best Design Ever|Spikes|p1a: Gliscor
|-sidestart|p1: flamz|Spikes
|
|-heal|p2a: Best Design Ever|317\/318|[from] item: Leftovers
|-status|p1a: Gliscor|tox|[from] item: Toxic Orb
|turn|21
|
|move|p2a: Best Design Ever|Magnet Rise|p2a: Best Design Ever
|-start|p2a: Best Design Ever|Magnet Rise
|move|p1a: Gliscor|Earthquake|p2a: Best Design Ever
|-immune|p2a: Best Design Ever|[msg]
|
|-heal|p2a: Best Design Ever|318\/318|[from] item: Leftovers
|-damage|p1a: Gliscor|286\/352 tox|[from] psn
|turn|22
|c|âflamz|Ffs
|
|move|p2a: Best Design Ever|Spikes|p1a: Gliscor
|-sidestart|p1: flamz|Spikes
|move|p1a: Gliscor|Taunt|p2a: Best Design Ever
|-start|p2a: Best Design Ever|move: Taunt
|
|-damage|p1a: Gliscor|242\/352 tox|[from] psn
|turn|23
|
|switch|p1a: Heatran|Heatran, F|241\/323
|-damage|p1a: Heatran|201\/323|[from] Stealth Rock
|-damage|p1a: Heatran|148\/323|[from] Spikes
|move|p2a: Best Design Ever|Play Rough|p1a: Heatran
|-resisted|p1a: Heatran
|-damage|p1a: Heatran|127\/323
|
|-heal|p1a: Heatran|147\/323|[from] item: Leftovers
|turn|24
|
|switch|p2a: Rockstache|Landorus-Therian, M|46\/382
|-damage|p2a: Rockstache|0 fnt|[from] Stealth Rock
|faint|p2a: Rockstache
|move|p1a: Heatran|Magma Storm|p2: Rockstache|[notarget]
|-notarget
|
|-heal|p1a: Heatran|167\/323|[from] item: Leftovers
|
|switch|p2a: Katniss|Talonflame, F|241\/319
|-damage|p2a: Katniss|82\/319|[from] Stealth Rock
|turn|25
|
|move|p2a: Katniss|Natural Gift|p1a: Heatran
|-supereffective|p1a: Heatran
|-damage|p1a: Heatran|0 fnt
|faint|p1a: Heatran
|
|
|switch|p1a: Slowbro|Slowbro-Mega, M|384\/394
|-damage|p1a: Slowbro|319\/394|[from] Spikes
|-damage|p1a: Slowbro|270\/394|[from] Stealth Rock
|turn|26
|
|move|p2a: Katniss|Swords Dance|p2a: Katniss
|-boost|p2a: Katniss|atk|2
|move|p1a: Slowbro|Scald|p2a: Katniss
|-supereffective|p2a: Katniss
|-damage|p2a: Katniss|0 fnt
|faint|p2a: Katniss
|
|
|switch|p2a: Dickperior|Serperior, M|159\/291
|-damage|p2a: Dickperior|123\/291|[from] Stealth Rock
|-damage|p2a: Dickperior|87\/291|[from] Spikes
|turn|27
|
|switch|p1a: Clefable|Clefable, M|273\/394
|move|p2a: Dickperior|Leaf Storm|p1a: Clefable
|-damage|p1a: Clefable|85\/394
|-boost|p2a: Dickperior|spa|2
|-damage|p2a: Dickperior|58\/291|[from] item: Life Orb
|
|-heal|p1a: Clefable|109\/394|[from] item: Leftovers
|turn|28
|
|switch|p1a: Chesnaught|Chesnaught, F|132\/380
|-damage|p1a: Chesnaught|109\/380|[from] Stealth Rock
|-damage|p1a: Chesnaught|46\/380|[from] Spikes
|move|p2a: Dickperior|Synthesis|p2a: Dickperior
|-heal|p2a: Dickperior|203\/291
|
|-heal|p1a: Chesnaught|69\/380|[from] item: Leftovers
|turn|29
|-message|flamz forfeited.
|leave|flamz
|
|move|p2a: Dickperior|Hidden Power|p1a: Chesnaught
|-supereffective|p1a: Chesnaught
|-damage|p1a: Chesnaught|0 fnt
|-damage|p2a: Dickperior|174\/291|[from] item: Life Orb
|faint|p1a: Chesnaught
|
|
|win|M0gwai
|raw|Ladder updating...
|player|p1
|raw|flamz's rating: 1566 &rarr; <strong>1547<\/strong><br \/>(-19 for losing)
|raw|M0gwai's rating: 1579 &rarr; <strong>1599<\/strong><br \/>(+20 for winning)