|join|Es Heatedline
|join|M0gwai
|player|p1|Es Heatedline|144
|player|p2|M0gwai|101
|gametype|singles
|gen|6
|tier|OU
|rated
|clearpoke
|poke|p1|Sableye, M
|poke|p1|Wobbuffet, M
|poke|p1|Chesnaught, F
|poke|p1|Latias, F
|poke|p1|Jirachi
|poke|p1|Clefable, F
|poke|p2|Hydreigon, M
|poke|p2|Metagross
|poke|p2|Keldeo-Resolute
|poke|p2|Magneton
|poke|p2|Landorus-Therian, M
|poke|p2|Azumarill, M
|rule|Swagger Clause: Swagger is banned
|rule|Baton Pass Clause: Limit one PokÃ©mon knowing Baton Pass
|rule|Sleep Clause Mod: Limit one foe put to sleep
|rule|Species Clause: Limit one of each PokÃ©mon
|rule|OHKO Clause: OHKO moves are banned
|rule|Moody Clause: Moody is banned
|rule|Evasion Moves Clause: Evasion moves are banned
|rule|Endless Battle Clause: Forcing endless battles is banned
|rule|HP Percentage Mod: HP is shown in percentages
|teampreview
|
|start
|switch|p1a: Wobbuffet|Wobbuffet, M|534\/534
|switch|p2a: Hydreigon|Hydreigon, M|325\/325
|turn|1
|
|move|p2a: Hydreigon|Superpower|p1a: Wobbuffet
|-resisted|p1a: Wobbuffet
|-damage|p1a: Wobbuffet|464\/534
|-unboost|p2a: Hydreigon|atk|1
|-unboost|p2a: Hydreigon|def|1
|-damage|p2a: Hydreigon|293\/325|[from] item: Life Orb
|move|p1a: Wobbuffet|Mirror Coat|p2a: Hydreigon
|-immune|p2a: Hydreigon|[msg]
|
|-heal|p1a: Wobbuffet|497\/534|[from] item: Leftovers
|turn|2
|
|move|p2a: Hydreigon|Dark Pulse|p1a: Wobbuffet
|-supereffective|p1a: Wobbuffet
|-damage|p1a: Wobbuffet|107\/534
|-damage|p2a: Hydreigon|261\/325|[from] item: Life Orb
|move|p1a: Wobbuffet|Mirror Coat|p2a: Hydreigon
|-immune|p2a: Hydreigon|[msg]
|
|-heal|p1a: Wobbuffet|140\/534|[from] item: Leftovers
|turn|3
|
|switch|p1a: Clefable|Clefable, F|393\/393
|move|p2a: Hydreigon|Flash Cannon|p1a: Clefable
|-supereffective|p1a: Clefable
|-damage|p1a: Clefable|86\/393
|-damage|p2a: Hydreigon|229\/325|[from] item: Life Orb
|
|-heal|p1a: Clefable|110\/393|[from] item: Leftovers
|turn|4
|
|switch|p1a: Wobbuffet|Wobbuffet, M|140\/534
|move|p2a: Hydreigon|Flash Cannon|p1a: Wobbuffet
|-damage|p1a: Wobbuffet|10\/534
|-damage|p2a: Hydreigon|197\/325|[from] item: Life Orb
|
|-heal|p1a: Wobbuffet|43\/534|[from] item: Leftovers
|turn|5
|
|move|p2a: Hydreigon|Dark Pulse|p1a: Wobbuffet
|-supereffective|p1a: Wobbuffet
|-damage|p1a: Wobbuffet|0 fnt
|-damage|p2a: Hydreigon|165\/325|[from] item: Life Orb
|faint|p1a: Wobbuffet
|
|
|switch|p1a: Sableye|Sableye, M|303\/303
|turn|6
|
|detailschange|p1a: Sableye|Sableye-Mega, M
|-mega|p1a: Sableye|Sableye|Sablenite
|move|p1a: Sableye|Calm Mind|p1a: Sableye
|-boost|p1a: Sableye|spa|1
|-boost|p1a: Sableye|spd|1
|move|p2a: Hydreigon|Dark Pulse|p1a: Sableye
|-damage|p1a: Sableye|182\/303
|-damage|p2a: Hydreigon|133\/325|[from] item: Life Orb
|
|turn|7
|
|move|p2a: Hydreigon|Draco Meteor|p1a: Sableye
|-damage|p1a: Sableye|0 fnt
|-unboost|p2a: Hydreigon|spa|2
|-damage|p2a: Hydreigon|101\/325|[from] item: Life Orb
|faint|p1a: Sableye
|
|-message|Es Heatedline forfeited.
|
|win|M0gwai
|raw|Ladder updating...
|leave|Es Heatedline
|player|p1
|raw|Es Heatedline's rating: 1699 &rarr; <strong>1672<\/strong><br \/>(-27 for losing)
|raw|M0gwai's rating: 1586 &rarr; <strong>1612<\/strong><br \/>(+26 for winning)