|join|M0gwai
|join|Hogbackfoshmen
|player|p1|M0gwai|101
|player|p2|Hogbackfoshmen|2
|gametype|singles
|gen|6
|tier|OU
|rated
|clearpoke
|poke|p1|Serperior, F
|poke|p1|Magnezone
|poke|p1|Landorus-Therian, M
|poke|p1|Azumarill, F
|poke|p1|Latias, F
|poke|p1|Lopunny, F
|poke|p2|Thundurus, M, shiny
|poke|p2|Slowbro, M
|poke|p2|Ferrothorn, M
|poke|p2|Conkeldurr, M, shiny
|poke|p2|Chansey, F
|poke|p2|Gengar, M, shiny
|rule|Swagger Clause: Swagger is banned
|rule|Baton Pass Clause: Limit one PokÃ©mon knowing Baton Pass
|rule|Sleep Clause Mod: Limit one foe put to sleep
|rule|Species Clause: Limit one of each PokÃ©mon
|rule|OHKO Clause: OHKO moves are banned
|rule|Moody Clause: Moody is banned
|rule|Evasion Moves Clause: Evasion moves are banned
|rule|Endless Battle Clause: Forcing endless battles is banned
|rule|HP Percentage Mod: HP is shown in percentages
|teampreview
|
|start
|switch|p1a: Zapp Brannigan|Magnezone|281\/281
|switch|p2a: UncleRucus|Conkeldurr, M, shiny|401\/401
|turn|1
|
|move|p1a: Zapp Brannigan|Volt Switch|p2a: UncleRucus
|-damage|p2a: UncleRucus|284\/401
|
|switch|p1a: Frenship|Azumarill, F|404\/404
|move|p2a: UncleRucus|Knock Off|p1a: Frenship
|-resisted|p1a: Frenship
|-damage|p1a: Frenship|321\/404
|-enditem|p1a: Frenship|Assault Vest|[from] move: Knock Off|[of] p2a: UncleRucus
|
|turn|2
|
|switch|p2a: Ferrothorn|Ferrothorn, M|352\/352
|move|p1a: Frenship|Knock Off|p2a: Ferrothorn
|-damage|p2a: Ferrothorn|252\/352
|-damage|p1a: Frenship|271\/404|[from] ability: Iron Barbs|[of] p2a: Ferrothorn
|-damage|p1a: Frenship|204\/404|[from] item: Rocky Helmet|[of] p2a: Ferrothorn
|-enditem|p2a: Ferrothorn|Rocky Helmet|[from] move: Knock Off|[of] p1a: Frenship
|
|turn|3
|
|switch|p1a: Zapp Brannigan|Magnezone|281\/281
|move|p2a: Ferrothorn|Stealth Rock|p1a: Zapp Brannigan
|-sidestart|p1: M0gwai|move: Stealth Rock
|
|turn|4
|
|move|p1a: Zapp Brannigan|Hidden Power|p2a: Ferrothorn
|-supereffective|p2a: Ferrothorn
|-damage|p2a: Ferrothorn|36\/352
|move|p2a: Ferrothorn|Spikes|p1a: Zapp Brannigan
|-sidestart|p1: M0gwai|Spikes
|
|turn|5
|
|move|p1a: Zapp Brannigan|Hidden Power|p2a: Ferrothorn
|-crit|p2a: Ferrothorn
|-supereffective|p2a: Ferrothorn
|-damage|p2a: Ferrothorn|0 fnt
|faint|p2a: Ferrothorn
|
|
|switch|p2a: ImSlowBro|Slowbro, M|394\/394
|turn|6
|
|switch|p1a: Ryanair|Latias, F|319\/319
|-damage|p1a: Ryanair|280\/319|[from] Stealth Rock
|detailschange|p2a: ImSlowBro|Slowbro-Mega, M
|-mega|p2a: ImSlowBro|Slowbro|Slowbronite
|move|p2a: ImSlowBro|Scald|p1a: Ryanair
|-resisted|p1a: Ryanair
|-damage|p1a: Ryanair|237\/319
|-status|p1a: Ryanair|brn
|
|-damage|p1a: Ryanair|198\/319 brn|[from] brn
|turn|7
|
|move|p1a: Ryanair|Defog|p2a: ImSlowBro
|-unboost|p2a: ImSlowBro|evasion|1
|-sideend|p1: M0gwai|Spikes|[from] move: Defog|[of] p1a: Ryanair
|-sideend|p1: M0gwai|Stealth Rock|[from] move: Defog|[of] p1a: Ryanair
|move|p2a: ImSlowBro|Calm Mind|p2a: ImSlowBro
|-boost|p2a: ImSlowBro|spa|1
|-boost|p2a: ImSlowBro|spd|1
|
|-damage|p1a: Ryanair|159\/319 brn|[from] brn
|turn|8
|
|switch|p1a: Dickperior|Serperior, F|289\/289
|move|p2a: ImSlowBro|Calm Mind|p2a: ImSlowBro
|-boost|p2a: ImSlowBro|spa|1
|-boost|p2a: ImSlowBro|spd|1
|
|turn|9
|
|move|p1a: Dickperior|Leaf Storm|p2a: ImSlowBro
|-supereffective|p2a: ImSlowBro
|-damage|p2a: ImSlowBro|189\/394
|-boost|p1a: Dickperior|spa|2
|-damage|p1a: Dickperior|261\/289|[from] item: Life Orb
|move|p2a: ImSlowBro|Psyshock|p1a: Dickperior
|-crit|p1a: Dickperior
|-damage|p1a: Dickperior|0 fnt
|faint|p1a: Dickperior
|
|
|switch|p1a: Zapp Brannigan|Magnezone|281\/281
|turn|10
|
|move|p1a: Zapp Brannigan|Thunderbolt|p2a: ImSlowBro
|-supereffective|p2a: ImSlowBro
|-damage|p2a: ImSlowBro|27\/394
|move|p2a: ImSlowBro|Slack Off|p2a: ImSlowBro
|-heal|p2a: ImSlowBro|224\/394
|
|turn|11
|
|move|p1a: Zapp Brannigan|Thunderbolt|p2a: ImSlowBro
|-supereffective|p2a: ImSlowBro
|-damage|p2a: ImSlowBro|78\/394
|move|p2a: ImSlowBro|Slack Off|p2a: ImSlowBro
|-heal|p2a: ImSlowBro|275\/394
|
|turn|12
|
|move|p1a: Zapp Brannigan|Thunderbolt|p2a: ImSlowBro
|-supereffective|p2a: ImSlowBro
|-damage|p2a: ImSlowBro|113\/394
|move|p2a: ImSlowBro|Slack Off|p2a: ImSlowBro
|-heal|p2a: ImSlowBro|310\/394
|
|turn|13
|join|0rbital
|
|switch|p1a: Lopun-lee|Lopunny, F|271\/271
|move|p2a: ImSlowBro|Slack Off|p2a: ImSlowBro
|-heal|p2a: ImSlowBro|394\/394
|
|turn|14
|
|detailschange|p1a: Lopun-lee|Lopunny-Mega, F
|-mega|p1a: Lopun-lee|Lopunny|Lopunnite
|move|p1a: Lopun-lee|Toxic|p2a: ImSlowBro
|-status|p2a: ImSlowBro|tox
|move|p2a: ImSlowBro|Scald|p1a: Lopun-lee
|-crit|p1a: Lopun-lee
|-damage|p1a: Lopun-lee|0 fnt
|faint|p1a: Lopun-lee
|
|-damage|p2a: ImSlowBro|370\/394 tox|[from] psn
|
|switch|p1a: Zapp Brannigan|Magnezone|281\/281
|turn|15
|
|move|p1a: Zapp Brannigan|Thunderbolt|p2a: ImSlowBro
|-supereffective|p2a: ImSlowBro
|-damage|p2a: ImSlowBro|220\/394 tox
|move|p2a: ImSlowBro|Scald|p1a: Zapp Brannigan
|-damage|p1a: Zapp Brannigan|16\/281
|-status|p1a: Zapp Brannigan|brn
|
|-damage|p1a: Zapp Brannigan|0 fnt|[from] brn
|-damage|p2a: ImSlowBro|172\/394 tox|[from] psn
|faint|p1a: Zapp Brannigan
|c|âM0gwai|gg
|c|âHogbackfoshmen|gg
|c|âM0gwai|Orbital, please dont follow me
|leave|0rbital
|c|âM0gwai|I wanna test stuff out
|-message|M0gwai forfeited.
|leave|M0gwai
|
|win|Hogbackfoshmen
|raw|Ladder updating...
|player|p1
|raw|M0gwai's rating: 1620 &rarr; <strong>1601<\/strong><br \/>(-19 for losing)
|raw|Hogbackfoshmen's rating: 1636 &rarr; <strong>1655<\/strong><br \/>(+19 for winning)