|join|M0gwai
|join|Cholera90
|player|p1|M0gwai|101
|player|p2|Cholera90|25
|gametype|singles
|gen|6
|tier|OU
|rated
|clearpoke
|poke|p1|Victini
|poke|p1|Sceptile, F
|poke|p1|Keldeo-Resolute
|poke|p1|Landorus-Therian, M
|poke|p1|Bisharp, M
|poke|p1|Raikou
|poke|p2|Gardevoir, F
|poke|p2|Thundurus, M
|poke|p2|Talonflame, F
|poke|p2|Conkeldurr, M
|poke|p2|Metagross
|poke|p2|Heatran, M
|rule|Swagger Clause: Swagger is banned
|rule|Baton Pass Clause: Limit one PokÃ©mon knowing Baton Pass
|rule|Sleep Clause Mod: Limit one foe put to sleep
|rule|Species Clause: Limit one of each PokÃ©mon
|rule|OHKO Clause: OHKO moves are banned
|rule|Moody Clause: Moody is banned
|rule|Evasion Moves Clause: Evasion moves are banned
|rule|Endless Battle Clause: Forcing endless battles is banned
|rule|HP Percentage Mod: HP is shown in percentages
|teampreview
|
|start
|switch|p1a: Raikou|Raikou|321\/321
|switch|p2a: Heatran|Heatran, M|323\/323
|-ability|p1a: Raikou|Pressure
|-item|p2a: Heatran|Air Balloon
|turn|1
|
|move|p1a: Raikou|Volt Switch|p2a: Heatran
|-damage|p2a: Heatran|208\/323
|-enditem|p2a: Heatran|Air Balloon
|
|switch|p1a: Landorus-Therian|Landorus-Therian, M|382\/382
|-ability|p1a: Landorus-Therian|Intimidate|[of] p2a: Heatran
|-unboost|p2a: Heatran|atk|1
|move|p2a: Heatran|Stealth Rock|p1a: Landorus-Therian
|-sidestart|p1: M0gwai|move: Stealth Rock
|
|turn|2
|
|move|p2a: Heatran|Lava Plume|p1a: Landorus-Therian
|-damage|p1a: Landorus-Therian|205\/382
|move|p1a: Landorus-Therian|Stealth Rock|p2a: Heatran
|-sidestart|p2: Cholera90|move: Stealth Rock
|
|-heal|p1a: Landorus-Therian|228\/382|[from] item: Leftovers
|turn|3
|
|move|p2a: Heatran|Lava Plume|p1a: Landorus-Therian
|-damage|p1a: Landorus-Therian|59\/382
|move|p1a: Landorus-Therian|Earthquake|p2a: Heatran
|-supereffective|p2a: Heatran
|-damage|p2a: Heatran|0 fnt
|faint|p2a: Heatran
|
|-heal|p1a: Landorus-Therian|82\/382|[from] item: Leftovers
|
|switch|p2a: Talonflame|Talonflame, F|297\/297
|-damage|p2a: Talonflame|149\/297|[from] Stealth Rock
|turn|4
|
|move|p2a: Talonflame|Flare Blitz|p1a: Landorus-Therian
|-damage|p1a: Landorus-Therian|0 fnt
|-damage|p2a: Talonflame|122\/297|[from] recoil|[of] p1a: Landorus-Therian
|-damage|p2a: Talonflame|93\/297|[from] item: Life Orb
|faint|p1a: Landorus-Therian
|
|
|switch|p1a: Raikou|Raikou|321\/321
|-damage|p1a: Raikou|281\/321|[from] Stealth Rock
|-ability|p1a: Raikou|Pressure
|turn|5
|
|move|p2a: Talonflame|Flare Blitz|p1a: Raikou
|-damage|p1a: Raikou|4\/321
|-damage|p2a: Talonflame|2\/297|[from] recoil|[of] p1a: Raikou
|-damage|p2a: Talonflame|0 fnt|[from] item: Life Orb
|faint|p2a: Talonflame
|move|p1a: Raikou|Volt Switch|p2: Talonflame|[notarget]
|-notarget
|
|
|switch|p2a: Conkeldurr|Conkeldurr, M|413\/413
|-damage|p2a: Conkeldurr|388\/413|[from] Stealth Rock
|turn|6
|
|move|p2a: Conkeldurr|Mach Punch|p1a: Raikou
|-damage|p1a: Raikou|0 fnt
|faint|p1a: Raikou
|
|
|switch|p1a: Victini|Victini|345\/345
|-damage|p1a: Victini|259\/345|[from] Stealth Rock
|turn|7
|
|switch|p2a: Metagross|Metagross|364\/364
|-damage|p2a: Metagross|342\/364|[from] Stealth Rock
|move|p1a: Victini|V-create|p2a: Metagross
|-supereffective|p2a: Metagross
|-damage|p2a: Metagross|0 fnt
|-unboost|p1a: Victini|def|1
|-unboost|p1a: Victini|spd|1
|-unboost|p1a: Victini|spe|1
|faint|p2a: Metagross
|
|
|switch|p2a: Thundurus|Thundurus, M|299\/299
|-damage|p2a: Thundurus|225\/299|[from] Stealth Rock
|turn|8
|
|switch|p1a: Sceptile|Sceptile, F|281\/281
|-damage|p1a: Sceptile|246\/281|[from] Stealth Rock
|move|p2a: Thundurus|Thunderbolt|p1a: Sceptile
|-resisted|p1a: Sceptile
|-damage|p1a: Sceptile|121\/281
|-damage|p2a: Thundurus|196\/299|[from] item: Life Orb
|
|turn|9
|
|detailschange|p1a: Sceptile|Sceptile-Mega, F
|-mega|p1a: Sceptile|Sceptile|Sceptilite
|move|p2a: Thundurus|Hidden Power|p1a: Sceptile
|-supereffective|p1a: Sceptile
|-damage|p1a: Sceptile|0 fnt
|-damage|p2a: Thundurus|167\/299|[from] item: Life Orb
|faint|p1a: Sceptile
|
|c|âM0gwai|messed up the evs
|c|âCholera90|yeah modest is tempting but
|c|âCholera90|timid is useful
|c|âCholera90|in certain situations
|c|âM0gwai|im naive nature
|c|âM0gwai|but I forgot to calc hp fire
|c|âM0gwai|it was a speed tie
|
|switch|p1a: Bisharp|Bisharp, M|271\/271
|-damage|p1a: Bisharp|255\/271|[from] Stealth Rock
|turn|10
|
|move|p2a: Thundurus|Thunderbolt|p1a: Bisharp
|-damage|p1a: Bisharp|0 fnt
|-damage|p2a: Thundurus|138\/299|[from] item: Life Orb
|faint|p1a: Bisharp
|
|c|âCholera90|pursuit trap?
|c|âM0gwai|yep, lost because of that mistake, ugh
|-message|M0gwai forfeited.
|leave|M0gwai
|
|win|Cholera90
|raw|Ladder updating...
|player|p1
|raw|M0gwai's rating: 1608 &rarr; <strong>1588<\/strong><br \/>(-20 for losing)
|raw|Cholera90's rating: 1609 &rarr; <strong>1629<\/strong><br \/>(+20 for winning)