|join|M0gwai
|join|dont know why
|player|p1|M0gwai|101
|player|p2|dont know why|266
|gametype|singles
|gen|6
|tier|OU
|rated
|clearpoke
|poke|p1|Serperior, F
|poke|p1|Talonflame, M
|poke|p1|Blastoise, F
|poke|p1|Landorus-Therian, M
|poke|p1|Klefki, F
|poke|p1|Raikou
|poke|p2|Sableye, M
|poke|p2|Excadrill, M
|poke|p2|Manaphy
|poke|p2|Gliscor, M
|poke|p2|Talonflame, M
|poke|p2|Clefable, F
|rule|Swagger Clause: Swagger is banned
|rule|Baton Pass Clause: Limit one PokÃ©mon knowing Baton Pass
|rule|Sleep Clause Mod: Limit one foe put to sleep
|rule|Species Clause: Limit one of each PokÃ©mon
|rule|OHKO Clause: OHKO moves are banned
|rule|Moody Clause: Moody is banned
|rule|Evasion Moves Clause: Evasion moves are banned
|rule|Endless Battle Clause: Forcing endless battles is banned
|rule|HP Percentage Mod: HP is shown in percentages
|teampreview
|
|start
|switch|p1a: Diego|Raikou|321\/321
|switch|p2a: Sableye|Sableye, M|303\/303
|-ability|p1a: Diego|Pressure
|turn|1
|
|detailschange|p2a: Sableye|Sableye-Mega, M
|-mega|p2a: Sableye|Sableye|Sablenite
|move|p2a: Sableye|Will-O-Wisp|p1a: Diego
|-status|p1a: Diego|brn
|move|p1a: Diego|Volt Switch|p2a: Sableye
|-damage|p2a: Sableye|234\/303
|
|switch|p1a: Dickperior|Serperior, F|291\/291
|
|turn|2
|
|switch|p2a: Talonflame|Talonflame, M|345\/345
|move|p1a: Dickperior|Leaf Storm|p2a: Talonflame
|-resisted|p2a: Talonflame
|-damage|p2a: Talonflame|274\/345
|-boost|p1a: Dickperior|spa|2
|-damage|p1a: Dickperior|262\/291|[from] item: Life Orb
|
|-heal|p2a: Talonflame|295\/345|[from] item: Leftovers
|turn|3
|
|switch|p1a: Rockstache|Landorus-Therian, M|382\/382
|-ability|p1a: Rockstache|Intimidate|[of] p2a: Talonflame
|-unboost|p2a: Talonflame|atk|1
|move|p2a: Talonflame|Brave Bird|p1a: Rockstache
|-damage|p1a: Rockstache|289\/382
|-damage|p2a: Talonflame|264\/345|[from] recoil|[of] p1a: Rockstache
|
|-heal|p2a: Talonflame|285\/345|[from] item: Leftovers
|-heal|p1a: Rockstache|312\/382|[from] item: Leftovers
|turn|4
|
|switch|p2a: Sableye|Sableye-Mega, M|234\/303
|move|p1a: Rockstache|U-turn|p2a: Sableye
|-damage|p2a: Sableye|174\/303
|
|switch|p1a: Muh Cannonz|Blastoise, F|327\/327
|
|turn|5
|
|switch|p2a: Manaphy|Manaphy|401\/401
|detailschange|p1a: Muh Cannonz|Blastoise-Mega, F
|-mega|p1a: Muh Cannonz|Blastoise|Blastoisinite
|move|p1a: Muh Cannonz|Scald|p2a: Manaphy
|-resisted|p2a: Manaphy
|-damage|p2a: Manaphy|341\/401
|
|-heal|p2a: Manaphy|366\/401|[from] item: Leftovers
|turn|6
|
|switch|p1a: Diego|Raikou|321\/321 brn
|-ability|p1a: Diego|Pressure
|move|p2a: Manaphy|Rain Dance|p2a: Manaphy
|-weather|RainDance
|
|-weather|RainDance|[upkeep]
|-heal|p2a: Manaphy|391\/401|[from] item: Leftovers
|-damage|p1a: Diego|281\/321 brn|[from] brn
|turn|7
|
|move|p1a: Diego|Volt Switch|p2a: Manaphy
|-supereffective|p2a: Manaphy
|-damage|p2a: Manaphy|235\/401
|
|switch|p1a: Dickperior|Serperior, F|262\/291
|move|p2a: Manaphy|Rest|p2a: Manaphy
|-status|p2a: Manaphy|slp
|-heal|p2a: Manaphy|401\/401 slp|[silent]
|-status|p2a: Manaphy|slp|[from] move: Rest
|
|-weather|RainDance|[upkeep]
|-curestatus|p2a: Manaphy|slp
|turn|8
|
|switch|p1a: Rockstache|Landorus-Therian, M|312\/382
|-ability|p1a: Rockstache|Intimidate|[of] p2a: Manaphy
|-unboost|p2a: Manaphy|atk|1
|switch|p2a: Excadrill|Excadrill, M|424\/424
|-ability|p2a: Excadrill|Mold Breaker
|
|-weather|RainDance|[upkeep]
|-heal|p1a: Rockstache|335\/382|[from] item: Leftovers
|turn|9
|
|move|p1a: Rockstache|Earthquake|p2a: Excadrill
|-supereffective|p2a: Excadrill
|-damage|p2a: Excadrill|0 fnt
|faint|p2a: Excadrill
|
|-weather|RainDance|[upkeep]
|-heal|p1a: Rockstache|358\/382|[from] item: Leftovers
|
|switch|p2a: Gliscor|Gliscor, M|353\/353
|turn|10
|
|move|p2a: Gliscor|Stealth Rock|p1a: Rockstache
|-sidestart|p1: M0gwai|move: Stealth Rock
|move|p1a: Rockstache|Stealth Rock|p2a: Gliscor
|-sidestart|p2: dont know why|move: Stealth Rock
|
|-weather|none
|-heal|p1a: Rockstache|381\/382|[from] item: Leftovers
|-status|p2a: Gliscor|tox|[from] item: Toxic Orb
|turn|11
|
|move|p2a: Gliscor|Taunt|p1a: Rockstache
|-start|p1a: Rockstache|move: Taunt
|move|p1a: Rockstache|U-turn|p2a: Gliscor
|-resisted|p2a: Gliscor
|-damage|p2a: Gliscor|330\/353 tox
|
|switch|p1a: Muh Cannonz|Blastoise-Mega, F|327\/327
|-damage|p1a: Muh Cannonz|287\/327|[from] Stealth Rock
|
|-heal|p2a: Gliscor|353\/353 tox|[from] ability: Poison Heal
|turn|12
|
|switch|p2a: Manaphy|Manaphy|401\/401
|-damage|p2a: Manaphy|351\/401|[from] Stealth Rock
|move|p1a: Muh Cannonz|Rapid Spin|p2a: Manaphy
|-damage|p2a: Manaphy|337\/401
|-sideend|p1: M0gwai|Stealth Rock|[from] move: Rapid Spin|[of] p1a: Muh Cannonz
|
|-heal|p2a: Manaphy|362\/401|[from] item: Leftovers
|turn|13
|
|switch|p1a: Dickperior|Serperior, F|262\/291
|move|p2a: Manaphy|Scald|p1a: Dickperior
|-resisted|p1a: Dickperior
|-damage|p1a: Dickperior|216\/291
|
|-heal|p2a: Manaphy|387\/401|[from] item: Leftovers
|turn|14
|
|switch|p2a: Clefable|Clefable, F|393\/393
|-damage|p2a: Clefable|344\/393|[from] Stealth Rock
|move|p1a: Dickperior|Leaf Storm|p2a: Clefable
|-damage|p2a: Clefable|156\/393
|-boost|p1a: Dickperior|spa|2
|-damage|p1a: Dickperior|187\/291|[from] item: Life Orb
|
|-heal|p2a: Clefable|180\/393|[from] item: Leftovers
|turn|15
|
|move|p1a: Dickperior|Leaf Storm|p2a: Clefable
|-damage|p2a: Clefable|0 fnt
|-boost|p1a: Dickperior|spa|2
|-damage|p1a: Dickperior|158\/291|[from] item: Life Orb
|faint|p2a: Clefable
|
|
|switch|p2a: Talonflame|Talonflame, M|285\/345
|-damage|p2a: Talonflame|113\/345|[from] Stealth Rock
|turn|16
|
|switch|p1a: Rockstache|Landorus-Therian, M|381\/382
|-ability|p1a: Rockstache|Intimidate|[of] p2a: Talonflame
|-unboost|p2a: Talonflame|atk|1
|move|p2a: Talonflame|Roost|p2a: Talonflame
|-heal|p2a: Talonflame|286\/345
|
|-heal|p2a: Talonflame|307\/345|[from] item: Leftovers
|-heal|p1a: Rockstache|382\/382|[from] item: Leftovers
|turn|17
|
|move|p2a: Talonflame|Will-O-Wisp|p1a: Rockstache
|-status|p1a: Rockstache|brn
|move|p1a: Rockstache|Stone Edge|p2a: Talonflame
|-supereffective|p2a: Talonflame
|-damage|p2a: Talonflame|11\/345
|
|-heal|p2a: Talonflame|32\/345|[from] item: Leftovers
|-damage|p1a: Rockstache|335\/382 brn|[from] brn
|turn|18
|
|move|p2a: Talonflame|Roost|p2a: Talonflame
|-heal|p2a: Talonflame|205\/345
|move|p1a: Rockstache|Earthquake|p2a: Talonflame
|-supereffective|p2a: Talonflame
|-damage|p2a: Talonflame|0 fnt
|faint|p2a: Talonflame
|
|-heal|p1a: Rockstache|358\/382 brn|[from] item: Leftovers
|-damage|p1a: Rockstache|311\/382 brn|[from] brn
|
|switch|p2a: Sableye|Sableye-Mega, M|174\/303
|-damage|p2a: Sableye|137\/303|[from] Stealth Rock
|turn|19
|
|move|p1a: Rockstache|U-turn|p2a: Sableye
|-damage|p2a: Sableye|106\/303
|
|switch|p1a: Katniss|Talonflame, M|319\/319
|move|p2a: Sableye|Recover|p2a: Sableye
|-heal|p2a: Sableye|258\/303
|
|turn|20
|
|move|p1a: Katniss|Swords Dance|p1a: Katniss
|-boost|p1a: Katniss|atk|2
|move|p2a: Sableye|Foul Play|p1a: Katniss
|-damage|p1a: Katniss|0 fnt
|faint|p1a: Katniss
|
|
|switch|p1a: Dickperior|Serperior, F|158\/291
|turn|21
|
|move|p1a: Dickperior|Leaf Storm|p2a: Sableye
|-crit|p2a: Sableye
|-damage|p2a: Sableye|38\/303
|-boost|p1a: Dickperior|spa|2
|-damage|p1a: Dickperior|129\/291|[from] item: Life Orb
|move|p2a: Sableye|Foul Play|p1a: Dickperior
|-damage|p1a: Dickperior|62\/291
|
|turn|22
|-message|dont know why forfeited.
|leave|dont know why
|
|move|p1a: Dickperior|Synthesis|p1a: Dickperior
|-heal|p1a: Dickperior|207\/291
|move|p2a: Sableye|Recover|p2a: Sableye
|-heal|p2a: Sableye|190\/303
|
|turn|23
|
|win|M0gwai
|raw|Ladder updating...
|player|p2