|join|Dark Shout
|join|M0gwai
|player|p1|Dark Shout|101
|player|p2|M0gwai|101
|gametype|singles
|gen|6
|tier|OU
|rated
|clearpoke
|poke|p1|Landorus, M
|poke|p1|Klefki, F
|poke|p1|Gallade, M
|poke|p1|Azumarill, M
|poke|p1|Thundurus-Therian, M
|poke|p1|Terrakion
|poke|p2|Serperior, M
|poke|p2|Talonflame, F
|poke|p2|Blastoise, M
|poke|p2|Landorus-Therian, M
|poke|p2|Klefki, M
|poke|p2|Raikou
|rule|Swagger Clause: Swagger is banned
|rule|Baton Pass Clause: Limit one PokÃ©mon knowing Baton Pass
|rule|Sleep Clause Mod: Limit one foe put to sleep
|rule|Species Clause: Limit one of each PokÃ©mon
|rule|OHKO Clause: OHKO moves are banned
|rule|Moody Clause: Moody is banned
|rule|Evasion Moves Clause: Evasion moves are banned
|rule|Endless Battle Clause: Forcing endless battles is banned
|rule|HP Percentage Mod: HP is shown in percentages
|teampreview
|
|start
|switch|p1a: Landorus|Landorus, M|320\/320
|switch|p2a: Rockstache|Landorus-Therian, M|382\/382
|-ability|p2a: Rockstache|Intimidate|[of] p1a: Landorus
|-unboost|p1a: Landorus|atk|1
|turn|1
|
|move|p1a: Landorus|Hidden Power|p2a: Rockstache
|-supereffective|p2a: Rockstache
|-damage|p2a: Rockstache|0 fnt
|-damage|p1a: Landorus|288\/320|[from] item: Life Orb
|faint|p2a: Rockstache
|
|
|switch|p2a: Muh Cannonz|Blastoise, M|327\/327
|turn|2
|
|switch|p1a: Azumarill|Azumarill, M|364\/364
|detailschange|p2a: Muh Cannonz|Blastoise-Mega, M
|-mega|p2a: Muh Cannonz|Blastoise|Blastoisinite
|move|p2a: Muh Cannonz|Scald|p1a: Azumarill
|-resisted|p1a: Azumarill
|-damage|p1a: Azumarill|266\/364
|-status|p1a: Azumarill|brn
|
|-damage|p1a: Azumarill|221\/364 brn|[from] brn
|turn|3
|
|switch|p2a: Best Design Ever|Klefki, M|318\/318
|move|p1a: Azumarill|Belly Drum|p1a: Azumarill
|-damage|p1a: Azumarill|39\/364 brn
|-setboost|p1a: Azumarill|atk|6|[from] move: Belly Drum
|-enditem|p1a: Azumarill|Sitrus Berry|[eat]
|-heal|p1a: Azumarill|130\/364 brn|[from] item: Sitrus Berry
|
|-damage|p1a: Azumarill|85\/364 brn|[from] brn
|turn|4
|
|move|p1a: Azumarill|Aqua Jet|p2a: Best Design Ever
|-damage|p2a: Best Design Ever|129\/318
|move|p2a: Best Design Ever|Play Rough|p1a: Azumarill
|-damage|p1a: Azumarill|0 fnt
|faint|p1a: Azumarill
|
|-heal|p2a: Best Design Ever|148\/318|[from] item: Leftovers
|
|switch|p1a: Landorus|Landorus, M|288\/320
|turn|5
|
|move|p2a: Best Design Ever|Magnet Rise|p2a: Best Design Ever
|-start|p2a: Best Design Ever|Magnet Rise
|move|p1a: Landorus|Earth Power|p2a: Best Design Ever
|-immune|p2a: Best Design Ever|[msg]
|
|-heal|p2a: Best Design Ever|167\/318|[from] item: Leftovers
|turn|6
|
|move|p2a: Best Design Ever|Spikes|p1a: Landorus
|-sidestart|p1: Dark Shout|Spikes
|move|p1a: Landorus|Focus Blast|p2a: Best Design Ever|[miss]
|-miss|p1a: Landorus|p2a: Best Design Ever
|
|-heal|p2a: Best Design Ever|186\/318|[from] item: Leftovers
|turn|7
|
|move|p2a: Best Design Ever|Spikes|p1a: Landorus
|-sidestart|p1: Dark Shout|Spikes
|move|p1a: Landorus|Focus Blast|p2a: Best Design Ever
|-damage|p2a: Best Design Ever|21\/318
|
|-heal|p2a: Best Design Ever|40\/318|[from] item: Leftovers
|turn|8
|
|move|p2a: Best Design Ever|Spikes|p1a: Landorus
|-sidestart|p1: Dark Shout|Spikes
|move|p1a: Landorus|Focus Blast|p2a: Best Design Ever
|-damage|p2a: Best Design Ever|0 fnt
|faint|p2a: Best Design Ever
|
|
|switch|p2a: Diego|Raikou|321\/321
|-ability|p2a: Diego|Pressure
|turn|9
|
|switch|p1a: Klefki|Klefki, F|318\/318
|-damage|p1a: Klefki|239\/318|[from] Spikes
|move|p2a: Diego|Hidden Power|p1a: Klefki
|-resisted|p1a: Klefki
|-damage|p1a: Klefki|206\/318
|
|turn|10
|
|move|p1a: Klefki|Light Screen|p1a: Klefki
|-sidestart|p1: Dark Shout|move: Light Screen
|move|p2a: Diego|Thunderbolt|p1a: Klefki
|-damage|p1a: Klefki|135\/318
|-status|p1a: Klefki|par
|
|turn|11
|
|move|p1a: Klefki|Toxic|p2a: Diego
|-status|p2a: Diego|tox
|move|p2a: Diego|Shadow Ball|p1a: Klefki
|-damage|p1a: Klefki|88\/318 par
|-unboost|p1a: Klefki|spd|1
|
|-damage|p2a: Diego|301\/321 tox|[from] psn
|turn|12
|
|cant|p1a: Klefki|par
|move|p2a: Diego|Shadow Ball|p1a: Klefki
|-crit|p1a: Klefki
|-damage|p1a: Klefki|0 fnt
|faint|p1a: Klefki
|
|-damage|p2a: Diego|261\/321 tox|[from] psn
|
|switch|p1a: Thundurus-Therian|Thundurus-Therian, M|298\/298
|turn|13
|
|move|p2a: Diego|Hidden Power|p1a: Thundurus-Therian
|-supereffective|p1a: Thundurus-Therian
|-damage|p1a: Thundurus-Therian|219\/298
|move|p1a: Thundurus-Therian|Nasty Plot|p1a: Thundurus-Therian
|-boost|p1a: Thundurus-Therian|spa|2
|
|-heal|p1a: Thundurus-Therian|237\/298|[from] item: Leftovers
|-damage|p2a: Diego|201\/321 tox|[from] psn
|turn|14
|
|move|p2a: Diego|Hidden Power|p1a: Thundurus-Therian
|-supereffective|p1a: Thundurus-Therian
|-damage|p1a: Thundurus-Therian|164\/298
|move|p1a: Thundurus-Therian|Nasty Plot|p1a: Thundurus-Therian
|-boost|p1a: Thundurus-Therian|spa|2
|
|-heal|p1a: Thundurus-Therian|182\/298|[from] item: Leftovers
|-damage|p2a: Diego|121\/321 tox|[from] psn
|turn|15
|
|move|p2a: Diego|Hidden Power|p1a: Thundurus-Therian
|-supereffective|p1a: Thundurus-Therian
|-damage|p1a: Thundurus-Therian|102\/298
|move|p1a: Thundurus-Therian|Thunderbolt|p2a: Diego
|-resisted|p2a: Diego
|-damage|p2a: Diego|0 fnt
|faint|p2a: Diego
|
|-heal|p1a: Thundurus-Therian|120\/298|[from] item: Leftovers
|
|switch|p2a: Katniss|Talonflame, F|319\/319
|turn|16
|
|move|p2a: Katniss|Flare Blitz|p1a: Thundurus-Therian
|-damage|p1a: Thundurus-Therian|0 fnt
|-damage|p2a: Katniss|279\/319|[from] recoil|[of] p1a: Thundurus-Therian
|faint|p1a: Thundurus-Therian
|
|
|switch|p1a: Terrakion|Terrakion|323\/323
|-damage|p1a: Terrakion|243\/323|[from] Spikes
|turn|17
|
|move|p2a: Katniss|Brave Bird|p1a: Terrakion
|-damage|p1a: Terrakion|77\/323
|-damage|p2a: Katniss|224\/319|[from] recoil|[of] p1a: Terrakion
|move|p1a: Terrakion|Stone Edge|p2a: Katniss
|-supereffective|p2a: Katniss
|-damage|p2a: Katniss|0 fnt
|faint|p2a: Katniss
|
|-sideend|p1: Dark Shout|move: Light Screen
|
|switch|p2a: Dickperior|Serperior, M|291\/291
|turn|18
|
|move|p1a: Terrakion|Stone Edge|p2a: Dickperior
|-damage|p2a: Dickperior|92\/291
|move|p2a: Dickperior|Leaf Storm|p1a: Terrakion
|-supereffective|p1a: Terrakion
|-damage|p1a: Terrakion|0 fnt
|-boost|p2a: Dickperior|spa|2
|-damage|p2a: Dickperior|63\/291|[from] item: Life Orb
|faint|p1a: Terrakion
|
|
|switch|p1a: Gallade|Gallade, M|277\/277
|-damage|p1a: Gallade|208\/277|[from] Spikes
|turn|19
|
|detailschange|p1a: Gallade|Gallade-Mega, M
|-mega|p1a: Gallade|Gallade|Galladite
|move|p2a: Dickperior|Leaf Storm|p1a: Gallade
|-damage|p1a: Gallade|0 fnt
|-boost|p2a: Dickperior|spa|2
|-damage|p2a: Dickperior|34\/291|[from] item: Life Orb
|faint|p1a: Gallade
|
|
|switch|p1a: Landorus|Landorus, M|288\/320
|turn|20
|
|move|p2a: Dickperior|Dragon Pulse|p1a: Landorus
|-crit|p1a: Landorus
|-damage|p1a: Landorus|0 fnt
|-damage|p2a: Dickperior|5\/291|[from] item: Life Orb
|faint|p1a: Landorus
|
|win|M0gwai
|raw|Ladder updating...
|raw|Dark Shout's rating: 1515 &rarr; <strong>1493<\/strong><br \/>(-22 for losing)
|raw|M0gwai's rating: 1484 &rarr; <strong>1506<\/strong><br \/>(+22 for winning)
|c|âM0gwai|gg
|leave|Dark Shout