|join|Lookmemiss
|join|Bin Ladder
|player|p1|Lookmemiss|265
|player|p2|Bin Ladder|76
|gametype|singles
|gen|6
|tier|OU
|rated
|clearpoke
|poke|p1|Scizor, F
|poke|p1|Raikou
|poke|p1|Keldeo
|poke|p1|Entei, shiny
|poke|p1|Azumarill, F
|poke|p1|Latias, F
|poke|p2|Beedrill, F
|poke|p2|Magnezone
|poke|p2|Gliscor, M
|poke|p2|Ferrothorn, M
|poke|p2|Slowbro, M
|poke|p2|Latios, M
|rule|Swagger Clause: Swagger is banned
|rule|Baton Pass Clause: Limit one PokÃ©mon knowing Baton Pass
|rule|Sleep Clause Mod: Limit one foe put to sleep
|rule|Species Clause: Limit one of each PokÃ©mon
|rule|OHKO Clause: OHKO moves are banned
|rule|Moody Clause: Moody is banned
|rule|Evasion Moves Clause: Evasion moves are banned
|rule|Endless Battle Clause: Forcing endless battles is banned
|rule|HP Percentage Mod: HP is shown in percentages
|teampreview
|join|Mad Rofo
|c| Mad Rofo|BIN LADDER BEST NAME EVER
|c| Mad Rofo|PROPS TO YOU
|c|âBin Ladder|lol
|
|start
|switch|p1a: Scizor|Scizor, F|281\/281
|switch|p2a: Beedrill|Beedrill, F|271\/271
|turn|1
|
|detailschange|p2a: Beedrill|Beedrill-Mega, F
|message|Beedrill has Mega Evolved into Mega Beedrill!
|detailschange|p1a: Scizor|Scizor-Mega, F
|message|Scizor has Mega Evolved into Mega Scizor!
|move|p2a: Beedrill|Protect|p2a: Beedrill
|-singleturn|p2a: Beedrill|Protect
|move|p1a: Scizor|Swords Dance|p1a: Scizor
|-boost|p1a: Scizor|atk|2
|
|turn|2
|
|switch|p2a: Gliscor|Gliscor, M|349\/349
|move|p1a: Scizor|Swords Dance|p1a: Scizor
|-boost|p1a: Scizor|atk|2
|
|-status|p2a: Gliscor|tox|[from] item: Toxic Orb
|turn|3
|
|move|p1a: Scizor|Swords Dance|p1a: Scizor
|-boost|p1a: Scizor|atk|2
|move|p2a: Gliscor|Earthquake|p1a: Scizor
|-damage|p1a: Scizor|193\/281
|
|turn|4
|
|move|p1a: Scizor|Bullet Punch|p2a: Gliscor
|-damage|p2a: Gliscor|0 fnt
|faint|p2a: Gliscor
|
|
|switch|p2a: Magnezone|Magnezone|282\/282
|turn|5
|
|move|p2a: Magnezone|Hidden Power|p1a: Scizor
|-supereffective|p1a: Scizor
|-damage|p1a: Scizor|0 fnt
|faint|p1a: Scizor
|
|
|switch|p1a: Entei|Entei, shiny|372\/372
|-ability|p1a: Entei|Pressure
|turn|6
|
|switch|p2a: Slowbro|Slowbro, M|393\/393
|move|p1a: Entei|Sacred Fire|p2a: Slowbro
|-resisted|p2a: Slowbro
|-damage|p2a: Slowbro|297\/393
|
|-heal|p2a: Slowbro|321\/393|[from] item: Leftovers
|turn|7
|
|switch|p1a: Raikou|Raikou|322\/322
|-ability|p1a: Raikou|Pressure
|move|p2a: Slowbro|Thunder Wave|p1a: Raikou
|-fail|p1a: Raikou
|
|-heal|p2a: Slowbro|345\/393|[from] item: Leftovers
|turn|8
|
|switch|p2a: Magnezone|Magnezone|282\/282
|move|p1a: Raikou|Volt Switch|p2a: Magnezone
|-resisted|p2a: Magnezone
|-damage|p2a: Magnezone|193\/282
|
|switch|p1a: Entei|Entei, shiny|372\/372
|-ability|p1a: Entei|Pressure
|
|turn|9
|
|move|p2a: Magnezone|Volt Switch|p1a: Entei
|-damage|p1a: Entei|200\/372
|
|switch|p2a: Slowbro|Slowbro, M|393\/393
|move|p1a: Entei|Sacred Fire|p2a: Slowbro
|-resisted|p2a: Slowbro
|-damage|p2a: Slowbro|301\/393
|
|-heal|p2a: Slowbro|325\/393|[from] item: Leftovers
|turn|10
|
|switch|p1a: Raikou|Raikou|322\/322
|-ability|p1a: Raikou|Pressure
|move|p2a: Slowbro|Scald|p1a: Raikou
|-damage|p1a: Raikou|226\/322
|
|-heal|p2a: Slowbro|349\/393|[from] item: Leftovers
|turn|11
|
|switch|p2a: Magnezone|Magnezone|193\/282
|move|p1a: Raikou|Volt Switch|p2a: Magnezone
|-resisted|p2a: Magnezone
|-damage|p2a: Magnezone|103\/282
|
|switch|p1a: Keldeo|Keldeo|323\/323
|
|turn|12
|
|switch|p2a: Latios|Latios, M|302\/302
|move|p1a: Keldeo|Scald|p2a: Latios
|-resisted|p2a: Latios
|-damage|p2a: Latios|239\/302
|
|turn|13
|c|âLookmemiss|hey... no burn
|c| Mad Rofo|fireproof Latios
|c| Mad Rofo|new meta
|
|switch|p1a: Latias|Latias, F|319\/319
|move|p2a: Latios|Psyshock|p1a: Latias
|-resisted|p1a: Latias
|-damage|p1a: Latias|215\/319
|-damage|p2a: Latios|209\/302|[from] item: Life Orb
|
|turn|14
|
|switch|p1a: Azumarill|Azumarill, F|391\/391
|switch|p2a: Ferrothorn|Ferrothorn, M|352\/352
|
|turn|15
|
|move|p1a: Azumarill|Superpower|p2a: Ferrothorn
|-supereffective|p2a: Ferrothorn
|-damage|p2a: Ferrothorn|0 fnt
|-damage|p1a: Azumarill|343\/391|[from] ability: Iron Barbs|[of] p2a: Ferrothorn
|-unboost|p1a: Azumarill|atk|1
|-unboost|p1a: Azumarill|def|1
|faint|p2a: Ferrothorn
|
|
|switch|p2a: Beedrill|Beedrill-Mega, F|271\/271
|turn|16
|
|switch|p1a: Keldeo|Keldeo|323\/323
|move|p2a: Beedrill|Poison Jab|p1a: Keldeo
|-damage|p1a: Keldeo|109\/323
|
|turn|17
|
|move|p1a: Keldeo|Scald|p2a: Beedrill
|-damage|p2a: Beedrill|108\/271
|move|p2a: Beedrill|Poison Jab|p1a: Keldeo
|-damage|p1a: Keldeo|0 fnt
|faint|p1a: Keldeo
|
|
|switch|p1a: Entei|Entei, shiny|200\/372
|-ability|p1a: Entei|Pressure
|turn|18
|
|switch|p2a: Slowbro|Slowbro, M|393\/393
|move|p1a: Entei|Sacred Fire|p2a: Slowbro
|-resisted|p2a: Slowbro
|-damage|p2a: Slowbro|309\/393
|
|-heal|p2a: Slowbro|333\/393|[from] item: Leftovers
|turn|19
|c|âLookmemiss|fireproof team
|c| Mad Rofo|ridiculous lol
|c|âLookmemiss|nice
|
|switch|p1a: Raikou|Raikou|226\/322
|-ability|p1a: Raikou|Pressure
|move|p2a: Slowbro|Scald|p1a: Raikou
|-damage|p1a: Raikou|124\/322
|-status|p1a: Raikou|brn
|
|-heal|p2a: Slowbro|357\/393|[from] item: Leftovers
|-damage|p1a: Raikou|84\/322 brn|[from] brn
|turn|20
|c|âLookmemiss|can't play in this conditions
|c| Mad Rofo|these* but yeah
|c| Mad Rofo|hax gods love ya
|c|âLookmemiss|these
|
|switch|p2a: Magnezone|Magnezone|103\/282
|move|p1a: Raikou|Volt Switch|p2a: Magnezone
|-resisted|p2a: Magnezone
|-damage|p2a: Magnezone|7\/282
|
|switch|p1a: Entei|Entei, shiny|200\/372
|-ability|p1a: Entei|Pressure
|
|turn|21
|
|move|p1a: Entei|Extreme Speed|p2a: Magnezone
|-resisted|p2a: Magnezone
|-damage|p2a: Magnezone|0 fnt
|faint|p2a: Magnezone
|
|
|switch|p2a: Slowbro|Slowbro, M|393\/393
|turn|22
|
|switch|p1a: Latias|Latias, F|215\/319
|move|p2a: Slowbro|Scald|p1a: Latias
|-resisted|p1a: Latias
|-damage|p1a: Latias|177\/319
|
|turn|23
|
|move|p1a: Latias|Healing Wish|p1a: Latias
|faint|p1a: Latias
|move|p2a: Slowbro|Thunder Wave|p1: Latias|[notarget]
|-notarget
|
|
|switch|p1a: Raikou|Raikou|84\/322 brn
|-heal|p1a: Raikou|322\/322|[from] move: Healing Wish
|-ability|p1a: Raikou|Pressure
|turn|24
|c| Mad Rofo|uhh he's back
|
|switch|p2a: Latios|Latios, M|209\/302
|move|p1a: Raikou|Thunderbolt|p2a: Latios
|-resisted|p2a: Latios
|-damage|p2a: Latios|107\/302
|
|turn|25
|
|switch|p1a: Azumarill|Azumarill, F|343\/391
|move|p2a: Latios|Roost|p2a: Latios
|-heal|p2a: Latios|258\/302
|
|turn|26
|
|move|p2a: Latios|Psyshock|p1a: Azumarill
|-damage|p1a: Azumarill|135\/391
|-damage|p2a: Latios|228\/302|[from] item: Life Orb
|move|p1a: Azumarill|Play Rough|p2a: Latios
|-supereffective|p2a: Latios
|-damage|p2a: Latios|0 fnt
|faint|p2a: Latios
|
|
|switch|p2a: Beedrill|Beedrill-Mega, F|108\/271
|turn|27
|
|move|p2a: Beedrill|Drill Run|p1a: Azumarill
|-crit|p1a: Azumarill
|-damage|p1a: Azumarill|0 fnt
|faint|p1a: Azumarill
|
|
|switch|p1a: Entei|Entei, shiny|200\/372
|-ability|p1a: Entei|Pressure
|turn|28
|
|switch|p2a: Slowbro|Slowbro, M|393\/393
|move|p1a: Entei|Extreme Speed|p2a: Slowbro
|-damage|p2a: Slowbro|299\/393
|
|-heal|p2a: Slowbro|323\/393|[from] item: Leftovers
|turn|29
|
|switch|p2a: Beedrill|Beedrill-Mega, F|108\/271
|move|p1a: Entei|Extreme Speed|p2a: Beedrill
|-damage|p2a: Beedrill|0 fnt
|faint|p2a: Beedrill
|
|-message|Bin Ladder forfeited.
|
|win|Lookmemiss
|raw|Ladder updating...
|leave|Bin Ladder
|player|p2
|raw|Lookmemiss's rating: 1355 &rarr; <strong>1378<\/strong><br \/>(+23 for winning)
|raw|Bin Ladder's rating: 1395 &rarr; <strong>1373<\/strong><br \/>(-22 for losing)