|join|illestt
|join|Bin Ladder
|player|p1|illestt|144
|player|p2|Bin Ladder|76
|gametype|singles
|gen|6
|tier|OU
|rated
|clearpoke
|poke|p1|Latios, M
|poke|p1|Clefable, F
|poke|p1|Jirachi
|poke|p1|Suicune
|poke|p1|Landorus-Therian, M
|poke|p1|Sableye, F
|poke|p2|Celebi
|poke|p2|Charizard, M
|poke|p2|Jirachi
|poke|p2|Tentacruel, F
|poke|p2|Gliscor, M
|poke|p2|Skarmory, F
|rule|Swagger Clause: Swagger is banned
|rule|Baton Pass Clause: Limit one PokÃ©mon knowing Baton Pass
|rule|Sleep Clause Mod: Limit one foe put to sleep
|rule|Species Clause: Limit one of each PokÃ©mon
|rule|OHKO Clause: OHKO moves are banned
|rule|Moody Clause: Moody is banned
|rule|Evasion Moves Clause: Evasion moves are banned
|rule|Endless Battle Clause: Forcing endless battles is banned
|rule|HP Percentage Mod: HP is shown in percentages
|teampreview
|
|start
|switch|p1a: Clefable|Clefable, F|393\/393
|switch|p2a: Charizard|Charizard, M|311\/311
|turn|1
|
|detailschange|p2a: Charizard|Charizard-Mega-X, M
|message|Charizard has Mega Evolved into Mega Charizard!
|move|p2a: Charizard|Flare Blitz|p1a: Clefable
|-damage|p1a: Clefable|59\/393
|-damage|p2a: Charizard|201\/311|[from] recoil|[of] p1a: Clefable
|move|p1a: Clefable|Thunder Wave|p2a: Charizard
|-status|p2a: Charizard|par
|
|-heal|p1a: Clefable|83\/393|[from] item: Leftovers
|turn|2
|
|switch|p1a: Landorus-Therian|Landorus-Therian, M|319\/319
|-ability|p1a: Landorus-Therian|Intimidate|[of] p2a: Charizard
|-unboost|p2a: Charizard|atk|1
|move|p2a: Charizard|Flare Blitz|p1a: Landorus-Therian
|-damage|p1a: Landorus-Therian|91\/319
|-damage|p2a: Charizard|126\/311 par|[from] recoil|[of] p1a: Landorus-Therian
|
|turn|3
|
|switch|p2a: Skarmory|Skarmory, F|334\/334
|move|p1a: Landorus-Therian|Earthquake|p2a: Skarmory
|-immune|p2a: Skarmory|[msg]
|
|turn|4
|
|switch|p1a: Sableye|Sableye, F|304\/304
|move|p2a: Skarmory|Stealth Rock|p1a: Sableye
|-sidestart|p1: illestt|move: Stealth Rock
|
|turn|5
|
|switch|p2a: Celebi|Celebi|404\/404
|detailschange|p1a: Sableye|Sableye-Mega, F
|message|Sableye has Mega Evolved into Mega Sableye!
|move|p1a: Sableye|Calm Mind|p1a: Sableye
|-boost|p1a: Sableye|spa|1
|-boost|p1a: Sableye|spd|1
|
|turn|6
|
|move|p2a: Celebi|Perish Song|p2a: Celebi
|-fieldactivate|move: Perish Song
|move|p1a: Sableye|Dark Pulse|p2a: Celebi
|-supereffective|p2a: Celebi
|-damage|p2a: Celebi|230\/404
|
|-start|p2a: Celebi|perish3
|-start|p1a: Sableye|perish3
|-heal|p2a: Celebi|255\/404|[from] item: Leftovers
|turn|7
|
|move|p2a: Celebi|Recover|p2a: Celebi
|-heal|p2a: Celebi|404\/404
|move|p1a: Sableye|Dark Pulse|p2a: Celebi
|-supereffective|p2a: Celebi
|-damage|p2a: Celebi|230\/404
|
|-start|p2a: Celebi|perish2
|-start|p1a: Sableye|perish2
|-heal|p2a: Celebi|255\/404|[from] item: Leftovers
|turn|8
|
|switch|p1a: Latios|Latios, M|301\/301
|-damage|p1a: Latios|264\/301|[from] Stealth Rock
|move|p2a: Celebi|Recover|p2a: Celebi
|-heal|p2a: Celebi|404\/404
|
|-start|p2a: Celebi|perish1
|turn|9
|
|move|p1a: Latios|Defog|p2a: Celebi
|-unboost|p2a: Celebi|evasion|1
|-sideend|p1: illestt|Stealth Rock|[from] move: Defog|[of] p1a: Latios
|move|p2a: Celebi|U-turn|p1a: Latios
|-supereffective|p1a: Latios
|-damage|p1a: Latios|122\/301
|
|switch|p2a: Jirachi|Jirachi|404\/404
|
|turn|10
|
|switch|p1a: Sableye|Sableye-Mega, F|304\/304
|move|p2a: Jirachi|Wish|p2a: Jirachi
|
|turn|11
|
|switch|p2a: Charizard|Charizard-Mega-X, M|126\/311 par
|move|p1a: Sableye|Calm Mind|p1a: Sableye
|-boost|p1a: Sableye|spa|1
|-boost|p1a: Sableye|spd|1
|
|-heal|p2a: Charizard|311\/311 par|[from] move: Wish|[wisher] Jirachi
|turn|12
|
|move|p1a: Sableye|Calm Mind|p1a: Sableye
|-boost|p1a: Sableye|spa|1
|-boost|p1a: Sableye|spd|1
|move|p2a: Charizard|Dragon Dance|p2a: Charizard
|-boost|p2a: Charizard|atk|1
|-boost|p2a: Charizard|spe|1
|
|turn|13
|
|cant|p2a: Charizard|par
|move|p1a: Sableye|Dark Pulse|p2a: Charizard
|-damage|p2a: Charizard|128\/311 par
|
|turn|14
|
|switch|p1a: Suicune|Suicune|403\/403
|-ability|p1a: Suicune|Pressure
|move|p2a: Charizard|Flare Blitz|p1a: Suicune
|-resisted|p1a: Suicune
|-damage|p1a: Suicune|252\/403
|-status|p1a: Suicune|brn
|-damage|p2a: Charizard|78\/311 par|[from] recoil|[of] p1a: Suicune
|
|-heal|p1a: Suicune|277\/403 brn|[from] item: Leftovers
|-damage|p1a: Suicune|227\/403 brn|[from] brn
|turn|15
|
|switch|p2a: Celebi|Celebi|404\/404
|move|p1a: Suicune|Scald|p2a: Celebi
|-resisted|p2a: Celebi
|-damage|p2a: Celebi|371\/404
|
|-heal|p2a: Celebi|396\/404|[from] item: Leftovers
|-heal|p1a: Suicune|252\/403 brn|[from] item: Leftovers
|-damage|p1a: Suicune|202\/403 brn|[from] brn
|turn|16
|
|switch|p1a: Jirachi|Jirachi|397\/397
|move|p2a: Celebi|U-turn|p1a: Jirachi
|-damage|p1a: Jirachi|339\/397
|
|switch|p2a: Gliscor|Gliscor, M|349\/349
|
|-heal|p1a: Jirachi|363\/397|[from] item: Leftovers
|-status|p2a: Gliscor|tox|[from] item: Toxic Orb
|turn|17
|
|switch|p1a: Sableye|Sableye-Mega, F|304\/304
|move|p2a: Gliscor|Knock Off|p1a: Sableye
|-damage|p1a: Sableye|272\/304
|
|turn|18
|
|switch|p2a: Celebi|Celebi|396\/404
|move|p1a: Sableye|Calm Mind|p1a: Sableye
|-boost|p1a: Sableye|spa|1
|-boost|p1a: Sableye|spd|1
|
|-heal|p2a: Celebi|404\/404|[from] item: Leftovers
|turn|19
|
|move|p2a: Celebi|Perish Song|p2a: Celebi
|-fieldactivate|move: Perish Song
|move|p1a: Sableye|Calm Mind|p1a: Sableye
|-boost|p1a: Sableye|spa|1
|-boost|p1a: Sableye|spd|1
|
|-start|p2a: Celebi|perish3
|-start|p1a: Sableye|perish3
|turn|20
|
|move|p2a: Celebi|U-turn|p1a: Sableye
|-damage|p1a: Sableye|239\/304
|
|switch|p2a: Gliscor|Gliscor, M|349\/349 tox
|move|p1a: Sableye|Calm Mind|p1a: Sableye
|-boost|p1a: Sableye|spa|1
|-boost|p1a: Sableye|spd|1
|
|-start|p1a: Sableye|perish2
|turn|21
|
|move|p2a: Gliscor|Earthquake|p1a: Sableye
|-damage|p1a: Sableye|166\/304
|move|p1a: Sableye|Dark Pulse|p2a: Gliscor
|-crit|p2a: Gliscor
|-damage|p2a: Gliscor|72\/349 tox
|
|-start|p1a: Sableye|perish1
|-heal|p2a: Gliscor|115\/349 tox|[from] ability: Poison Heal
|turn|22
|
|switch|p1a: Suicune|Suicune|202\/403 brn
|-ability|p1a: Suicune|Pressure
|move|p2a: Gliscor|Roost|p2a: Gliscor
|-heal|p2a: Gliscor|290\/349 tox
|
|-heal|p1a: Suicune|227\/403 brn|[from] item: Leftovers
|-heal|p2a: Gliscor|333\/349 tox|[from] ability: Poison Heal
|-damage|p1a: Suicune|177\/403 brn|[from] brn
|turn|23
|
|move|p2a: Gliscor|Taunt|p1a: Suicune
|-start|p1a: Suicune|move: Taunt
|cant|p1a: Suicune|move: Taunt|Rest
|
|-heal|p1a: Suicune|202\/403 brn|[from] item: Leftovers
|-heal|p2a: Gliscor|349\/349 tox|[from] ability: Poison Heal
|-damage|p1a: Suicune|152\/403 brn|[from] brn
|turn|24
|
|switch|p1a: Sableye|Sableye-Mega, F|166\/304
|move|p2a: Gliscor|Earthquake|p1a: Sableye
|-damage|p1a: Sableye|91\/304
|
|turn|25
|
|switch|p2a: Charizard|Charizard-Mega-X, M|78\/311 par
|move|p1a: Sableye|Recover|p1a: Sableye
|-heal|p1a: Sableye|243\/304
|
|turn|26
|
|switch|p1a: Latios|Latios, M|122\/301
|move|p2a: Charizard|Roost|p2a: Charizard
|-heal|p2a: Charizard|234\/311 par
|
|turn|27
|
|switch|p2a: Jirachi|Jirachi|404\/404
|move|p1a: Latios|Earthquake|p2a: Jirachi
|-supereffective|p2a: Jirachi
|-damage|p2a: Jirachi|212\/404
|-damage|p1a: Latios|92\/301|[from] item: Life Orb
|
|-heal|p2a: Jirachi|237\/404|[from] item: Leftovers
|turn|28
|
|switch|p1a: Sableye|Sableye-Mega, F|243\/304
|move|p2a: Jirachi|Wish|p2a: Jirachi
|
|-heal|p2a: Jirachi|262\/404|[from] item: Leftovers
|turn|29
|
|move|p2a: Jirachi|U-turn|p1a: Sableye
|-damage|p1a: Sableye|210\/304
|
|switch|p2a: Charizard|Charizard-Mega-X, M|234\/311 par
|move|p1a: Sableye|Calm Mind|p1a: Sableye
|-boost|p1a: Sableye|spa|1
|-boost|p1a: Sableye|spd|1
|
|-heal|p2a: Charizard|311\/311 par|[from] move: Wish|[wisher] Jirachi
|turn|30
|
|switch|p1a: Landorus-Therian|Landorus-Therian, M|91\/319
|-ability|p1a: Landorus-Therian|Intimidate|[of] p2a: Charizard
|-unboost|p2a: Charizard|atk|1
|move|p2a: Charizard|Dragon Claw|p1a: Landorus-Therian
|-damage|p1a: Landorus-Therian|0 fnt
|faint|p1a: Landorus-Therian
|
|
|switch|p1a: Latios|Latios, M|92\/301
|turn|31
|
|switch|p2a: Celebi|Celebi|404\/404
|move|p1a: Latios|Earthquake|p2a: Celebi
|-resisted|p2a: Celebi
|-damage|p2a: Celebi|352\/404
|-damage|p1a: Latios|62\/301|[from] item: Life Orb
|
|-heal|p2a: Celebi|377\/404|[from] item: Leftovers
|turn|32
|
|switch|p1a: Suicune|Suicune|152\/403 brn
|-ability|p1a: Suicune|Pressure
|move|p2a: Celebi|U-turn|p1a: Suicune
|-damage|p1a: Suicune|115\/403 brn
|
|switch|p2a: Gliscor|Gliscor, M|349\/349 tox
|
|-heal|p1a: Suicune|140\/403 brn|[from] item: Leftovers
|-damage|p1a: Suicune|90\/403 brn|[from] brn
|turn|33
|
|switch|p1a: Sableye|Sableye-Mega, F|210\/304
|move|p2a: Gliscor|Taunt|p1a: Sableye
|move|p1a: Sableye|Taunt|p2a: Gliscor|[from]Magic Bounce
|-start|p2a: Gliscor|move: Taunt
|
|turn|34
|
|switch|p1a: Suicune|Suicune|90\/403 brn
|-ability|p1a: Suicune|Pressure
|move|p2a: Gliscor|Earthquake|p1a: Suicune
|-damage|p1a: Suicune|17\/403 brn
|
|-heal|p1a: Suicune|42\/403 brn|[from] item: Leftovers
|-damage|p1a: Suicune|0 fnt|[from] brn
|faint|p1a: Suicune
|
|switch|p1a: Sableye|Sableye-Mega, F|210\/304
|turn|35
|
|switch|p2a: Charizard|Charizard-Mega-X, M|311\/311 par
|move|p1a: Sableye|Calm Mind|p1a: Sableye
|-boost|p1a: Sableye|spa|1
|-boost|p1a: Sableye|spd|1
|
|turn|36
|
|move|p1a: Sableye|Recover|p1a: Sableye
|-heal|p1a: Sableye|304\/304
|cant|p2a: Charizard|par
|
|turn|37
|
|move|p1a: Sableye|Calm Mind|p1a: Sableye
|-boost|p1a: Sableye|spa|1
|-boost|p1a: Sableye|spd|1
|cant|p2a: Charizard|par
|
|turn|38
|
|move|p1a: Sableye|Calm Mind|p1a: Sableye
|-boost|p1a: Sableye|spa|1
|-boost|p1a: Sableye|spd|1
|move|p2a: Charizard|Dragon Dance|p2a: Charizard
|-boost|p2a: Charizard|atk|1
|-boost|p2a: Charizard|spe|1
|
|turn|39
|
|move|p2a: Charizard|Flare Blitz|p1a: Sableye
|-damage|p1a: Sableye|30\/304
|-damage|p2a: Charizard|221\/311 par|[from] recoil|[of] p1a: Sableye
|move|p1a: Sableye|Dark Pulse|p2a: Charizard
|-damage|p2a: Charizard|0 fnt
|faint|p2a: Charizard
|
|
|switch|p2a: Gliscor|Gliscor, M|349\/349 tox
|turn|40
|
|switch|p1a: Latios|Latios, M|62\/301
|move|p2a: Gliscor|Earthquake|p1a: Latios
|-immune|p1a: Latios|[msg]
|
|turn|41
|
|switch|p1a: Jirachi|Jirachi|363\/397
|switch|p2a: Celebi|Celebi|377\/404
|
|-heal|p2a: Celebi|402\/404|[from] item: Leftovers
|-heal|p1a: Jirachi|387\/397|[from] item: Leftovers
|turn|42
|
|move|p2a: Celebi|U-turn|p1a: Jirachi
|-damage|p1a: Jirachi|329\/397
|
|switch|p2a: Gliscor|Gliscor, M|349\/349 tox
|move|p1a: Jirachi|Fire Punch|p2a: Gliscor
|-damage|p2a: Gliscor|283\/349 tox
|
|-heal|p1a: Jirachi|353\/397|[from] item: Leftovers
|-heal|p2a: Gliscor|326\/349 tox|[from] ability: Poison Heal
|turn|43
|
|switch|p1a: Clefable|Clefable, F|83\/393
|move|p2a: Gliscor|Knock Off|p1a: Clefable
|-resisted|p1a: Clefable
|-damage|p1a: Clefable|44\/393
|-enditem|p1a: Clefable|Leftovers|[from] move: Knock Off|[of] p2a: Gliscor
|
|-heal|p2a: Gliscor|349\/349 tox|[from] ability: Poison Heal
|turn|44
|
|move|p2a: Gliscor|Earthquake|p1a: Clefable
|-damage|p1a: Clefable|0 fnt
|faint|p1a: Clefable
|
|
|switch|p1a: Latios|Latios, M|62\/301
|turn|45
|
|switch|p1a: Sableye|Sableye-Mega, F|30\/304
|switch|p2a: Celebi|Celebi|402\/404
|
|-heal|p2a: Celebi|404\/404|[from] item: Leftovers
|turn|46
|
|move|p2a: Celebi|U-turn|p1a: Sableye
|-crit|p1a: Sableye
|-damage|p1a: Sableye|0 fnt
|faint|p1a: Sableye
|c|âillestt|LMAO
|-message|illestt forfeited.
|
|win|Bin Ladder
|raw|Ladder updating...
|leave|illestt
|player|p1
|c|âBin Ladder|didn't matter lol