|join|Bin Ladder
|join|Fenix-
|player|p1|Bin Ladder|76
|player|p2|Fenix-|161
|gametype|singles
|gen|6
|tier|OU
|rated
|clearpoke
|poke|p1|Houndoom, F
|poke|p1|Keldeo
|poke|p1|Celebi
|poke|p1|Jirachi
|poke|p1|Gliscor, M
|poke|p1|Latios, M
|poke|p2|Luxray, M
|poke|p2|Cloyster, F
|poke|p2|Galvantula, F
|poke|p2|Gyarados, M
|poke|p2|Sharpedo, M
|poke|p2|Arcanine, F
|rule|Swagger Clause: Swagger is banned
|rule|Baton Pass Clause: Limit one PokÃ©mon knowing Baton Pass
|rule|Sleep Clause Mod: Limit one foe put to sleep
|rule|Species Clause: Limit one of each PokÃ©mon
|rule|OHKO Clause: OHKO moves are banned
|rule|Moody Clause: Moody is banned
|rule|Evasion Moves Clause: Evasion moves are banned
|rule|Endless Battle Clause: Forcing endless battles is banned
|rule|HP Percentage Mod: HP is shown in percentages
|teampreview
|c|âFenix-|gl
|c|âFenix-|testing pokes..
|
|start
|switch|p1a: Jirachi|Jirachi|403\/403
|switch|p2a: Galvantula|Galvantula, F|281\/281
|turn|1
|
|move|p2a: Galvantula|Sticky Web|p1a: Jirachi
|-sidestart|p1: Bin Ladder|move: Sticky Web
|move|p1a: Jirachi|Stealth Rock|p2a: Galvantula
|-sidestart|p2: Fenix-|move: Stealth Rock
|
|turn|2
|
|move|p2a: Galvantula|Hidden Power|p1a: Jirachi
|-supereffective|p1a: Jirachi
|-damage|p1a: Jirachi|313\/403
|move|p1a: Jirachi|Fire Punch|p2a: Galvantula
|-supereffective|p2a: Galvantula
|-damage|p2a: Galvantula|107\/281
|-status|p2a: Galvantula|brn
|
|-heal|p1a: Jirachi|338\/403|[from] item: Leftovers
|-damage|p2a: Galvantula|72\/281 brn|[from] brn
|turn|3
|
|move|p2a: Galvantula|Bug Buzz|p1a: Jirachi
|-damage|p1a: Jirachi|188\/403
|move|p1a: Jirachi|Fire Punch|p2a: Galvantula
|-supereffective|p2a: Galvantula
|-damage|p2a: Galvantula|0 fnt
|faint|p2a: Galvantula
|
|-heal|p1a: Jirachi|213\/403|[from] item: Leftovers
|
|switch|p2a: Gyarados|Gyarados, M|331\/331
|-damage|p2a: Gyarados|249\/331|[from] Stealth Rock
|-ability|p2a: Gyarados|Intimidate|[of] p1a: Jirachi
|-unboost|p1a: Jirachi|atk|1
|turn|4
|
|switch|p1a: Latios|Latios, M|322\/322
|detailschange|p2a: Gyarados|Gyarados-Mega, M
|-mega|p2a: Gyarados|Gyarados|Gyaradosite
|-ability|p2a: Gyarados|Mold Breaker
|move|p2a: Gyarados|Dragon Dance|p2a: Gyarados
|-boost|p2a: Gyarados|atk|1
|-boost|p2a: Gyarados|spe|1
|
|turn|5
|
|switch|p1a: Jirachi|Jirachi|213\/403
|-activate|p1a: Jirachi|move: Sticky Web
|-unboost|p1a: Jirachi|spe|1
|move|p2a: Gyarados|Ice Fang|p1a: Jirachi
|-crit|p1a: Jirachi
|-resisted|p1a: Jirachi
|-damage|p1a: Jirachi|100\/403
|
|-heal|p1a: Jirachi|125\/403|[from] item: Leftovers
|turn|6
|
|move|p2a: Gyarados|Waterfall|p1a: Jirachi
|-damage|p1a: Jirachi|0 fnt
|faint|p1a: Jirachi
|
|
|switch|p1a: Keldeo|Keldeo|323\/323
|-activate|p1a: Keldeo|move: Sticky Web
|-unboost|p1a: Keldeo|spe|1
|turn|7
|
|move|p2a: Gyarados|Earthquake|p1a: Keldeo
|-damage|p1a: Keldeo|87\/323
|move|p1a: Keldeo|Secret Sword|p2a: Gyarados
|-supereffective|p2a: Gyarados
|-damage|p2a: Gyarados|0 fnt
|faint|p2a: Gyarados
|
|
|switch|p2a: Luxray|Luxray, M|301\/301
|-damage|p2a: Luxray|264\/301|[from] Stealth Rock
|-ability|p2a: Luxray|Intimidate|[of] p1a: Keldeo
|-unboost|p1a: Keldeo|atk|1
|turn|8
|
|switch|p1a: Gliscor|Gliscor, M|349\/349
|move|p2a: Luxray|Return|p1a: Gliscor
|-damage|p1a: Gliscor|242\/349
|
|-status|p1a: Gliscor|tox|[from] item: Toxic Orb
|turn|9
|
|switch|p2a: Sharpedo|Sharpedo, M|281\/281
|-damage|p2a: Sharpedo|246\/281|[from] Stealth Rock
|move|p1a: Gliscor|Earthquake|p2a: Sharpedo
|-damage|p2a: Sharpedo|32\/281
|
|-heal|p1a: Gliscor|285\/349 tox|[from] ability: Poison Heal
|turn|10
|
|move|p2a: Sharpedo|Protect|p2a: Sharpedo
|-singleturn|p2a: Sharpedo|Protect
|move|p1a: Gliscor|Earthquake|p2a: Sharpedo
|-activate|p2a: Sharpedo|Protect
|
|-heal|p1a: Gliscor|328\/349 tox|[from] ability: Poison Heal
|-boost|p2a: Sharpedo|spe|1|[from] ability: Speed Boost
|turn|11
|
|move|p2a: Sharpedo|Destiny Bond|p2a: Sharpedo
|-singlemove|p2a: Sharpedo|Destiny Bond
|move|p1a: Gliscor|Earthquake|p2a: Sharpedo
|-damage|p2a: Sharpedo|0 fnt
|faint|p2a: Sharpedo
|-activate|p2a: Sharpedo|Destiny Bond
|faint|p1a: Gliscor
|
|
|switch|p1a: Latios|Latios, M|322\/322
|switch|p2a: Cloyster|Cloyster, F|241\/241
|-damage|p2a: Cloyster|181\/241|[from] Stealth Rock
|turn|12
|
|move|p2a: Cloyster|Ice Shard|p1a: Latios
|-supereffective|p1a: Latios
|-damage|p1a: Latios|194\/322
|move|p1a: Latios|Draco Meteor|p2a: Cloyster
|-damage|p2a: Cloyster|0 fnt
|-unboost|p1a: Latios|spa|2
|-damage|p1a: Latios|162\/322|[from] item: Life Orb
|faint|p2a: Cloyster
|
|
|switch|p2a: Luxray|Luxray, M|264\/301
|-damage|p2a: Luxray|227\/301|[from] Stealth Rock
|-ability|p2a: Luxray|Intimidate|[of] p1a: Latios
|-unboost|p1a: Latios|atk|1
|turn|13
|
|switch|p1a: Celebi|Celebi|381\/381
|-activate|p1a: Celebi|move: Sticky Web
|-unboost|p1a: Celebi|spe|1
|move|p2a: Luxray|Crunch|p1a: Celebi
|-supereffective|p1a: Celebi
|-damage|p1a: Celebi|225\/381
|
|-heal|p1a: Celebi|248\/381|[from] item: Leftovers
|turn|14
|
|move|p2a: Luxray|Crunch|p1a: Celebi
|-supereffective|p1a: Celebi
|-damage|p1a: Celebi|86\/381
|move|p1a: Celebi|Recover|p1a: Celebi
|-heal|p1a: Celebi|277\/381
|
|-heal|p1a: Celebi|300\/381|[from] item: Leftovers
|turn|15
|
|move|p2a: Luxray|Crunch|p1a: Celebi
|-supereffective|p1a: Celebi
|-damage|p1a: Celebi|148\/381
|move|p1a: Celebi|Recover|p1a: Celebi
|-heal|p1a: Celebi|339\/381
|
|-heal|p1a: Celebi|362\/381|[from] item: Leftovers
|turn|16
|
|move|p2a: Luxray|Crunch|p1a: Celebi
|-supereffective|p1a: Celebi
|-damage|p1a: Celebi|216\/381
|move|p1a: Celebi|Giga Drain|p2a: Luxray
|-damage|p2a: Luxray|121\/301
|-heal|p1a: Celebi|269\/381|[from] drain|[of] p2a: Luxray
|
|-heal|p1a: Celebi|292\/381|[from] item: Leftovers
|turn|17
|c|âFenix-|reduce def? :@
|c|âFenix-|or critical
|
|move|p2a: Luxray|Crunch|p1a: Celebi
|-supereffective|p1a: Celebi
|-damage|p1a: Celebi|128\/381
|move|p1a: Celebi|Giga Drain|p2a: Luxray
|-damage|p2a: Luxray|21\/301
|-heal|p1a: Celebi|178\/381|[from] drain|[of] p2a: Luxray
|
|-heal|p1a: Celebi|201\/381|[from] item: Leftovers
|turn|18
|
|move|p2a: Luxray|Crunch|p1a: Celebi
|-supereffective|p1a: Celebi
|-damage|p1a: Celebi|39\/381
|-unboost|p1a: Celebi|def|1
|move|p1a: Celebi|Giga Drain|p2a: Luxray
|-damage|p2a: Luxray|0 fnt
|-heal|p1a: Celebi|50\/381|[from] drain|[of] p2a: Luxray
|faint|p2a: Luxray
|
|-heal|p1a: Celebi|73\/381|[from] item: Leftovers
|
|switch|p2a: Arcanine|Arcanine, F|384\/384
|-damage|p2a: Arcanine|288\/384|[from] Stealth Rock
|-ability|p2a: Arcanine|Intimidate|[of] p1a: Celebi
|-unboost|p1a: Celebi|atk|1
|turn|19
|
|move|p2a: Arcanine|Extreme Speed|p1a: Celebi
|-damage|p1a: Celebi|0 fnt
|-damage|p2a: Arcanine|250\/384|[from] item: Life Orb
|faint|p1a: Celebi
|
|
|switch|p1a: Houndoom|Houndoom, F|291\/291
|-activate|p1a: Houndoom|move: Sticky Web
|-unboost|p1a: Houndoom|spe|1
|turn|20
|
|detailschange|p1a: Houndoom|Houndoom-Mega, F
|-mega|p1a: Houndoom|Houndoom|Houndoominite
|move|p2a: Arcanine|Close Combat|p1a: Houndoom
|-supereffective|p1a: Houndoom
|-damage|p1a: Houndoom|0 fnt
|-unboost|p2a: Arcanine|def|1
|-unboost|p2a: Arcanine|spd|1
|-damage|p2a: Arcanine|212\/384|[from] item: Life Orb
|faint|p1a: Houndoom
|
|
|switch|p1a: Latios|Latios, M|162\/322
|turn|21
|
|move|p2a: Arcanine|Extreme Speed|p1a: Latios
|-damage|p1a: Latios|27\/322
|-damage|p2a: Arcanine|174\/384|[from] item: Life Orb
|move|p1a: Latios|Psyshock|p2a: Arcanine
|-damage|p2a: Arcanine|0 fnt
|-damage|p1a: Latios|0 fnt|[from] item: Life Orb
|faint|p2a: Arcanine
|faint|p1a: Latios
|
|win|Bin Ladder
|raw|Ladder updating...
|raw|Bin Ladder's rating: 1581 &rarr; <strong>1597<\/strong><br \/>(+16 for winning)
|raw|Fenix-'s rating: 1505 &rarr; <strong>1490<\/strong><br \/>(-15 for losing)
|leave|Bin Ladder
|c|âFenix-|gg
|player|p1