|join|Reverb
|join|Bin Ladder
|player|p1|Reverb|#reverb
|player|p2|Bin Ladder|76
|gametype|singles
|gen|6
|tier|OU
|rated
|clearpoke
|poke|p1|Skarmory, M
|poke|p1|Chansey, F
|poke|p1|Sableye, F
|poke|p1|Quagsire, F
|poke|p1|Cresselia, F
|poke|p1|Gothitelle, M
|poke|p2|Tornadus-Therian, M
|poke|p2|Metagross
|poke|p2|Keldeo
|poke|p2|Landorus-Therian, M
|poke|p2|Rotom-Wash
|poke|p2|Clefable, M
|rule|Swagger Clause: Swagger is banned
|rule|Baton Pass Clause: Limit one PokÃ©mon knowing Baton Pass
|rule|Sleep Clause Mod: Limit one foe put to sleep
|rule|Species Clause: Limit one of each PokÃ©mon
|rule|OHKO Clause: OHKO moves are banned
|rule|Moody Clause: Moody is banned
|rule|Evasion Moves Clause: Evasion moves are banned
|rule|Endless Battle Clause: Forcing endless battles is banned
|rule|HP Percentage Mod: HP is shown in percentages
|teampreview
|join|CleanerThanRotom-W
|c|âBin Ladder|rip
|join|Ebinola
|join|Escavalier
|join|Calydon
|c| Ebinola|>CTR-W
|c| Ebinola|the god
|join|Jefo
|
|start
|switch|p1a: Sableye|Sableye, F|304\/304
|switch|p2a: Tony|Landorus-Therian, M|367\/367
|-ability|p2a: Tony|Intimidate|[of] p1a: Sableye
|-unboost|p1a: Sableye|atk|1
|turn|1
|c| Ebinola|bestow upon me your gudness
|join|daftmau5
|c| daftmau5|YOU'RE DOING IT ALL WRONG
|join|Appreciation
|c| Ebinola|so that I may climb to the top of the ladder
|c| CleanerThanRotom-W|i would have more fun laddering if i wold get more than 6 points for once lol...
Bin Ladder turned on modjoin.
|raw|<div class="broadcast-red"><b>Moderated chat was set to +!<\/b><br \/>Only users of rank + and higher can talk.<\/div>
Bin Ladder made this room hidden.
|c|âBin Ladder|:[
|
|switch|p2a: Albert|Clefable, M|394\/394
|detailschange|p1a: Sableye|Sableye-Mega, F
|-mega|p1a: Sableye|Sableye|Sablenite
|move|p1a: Sableye|Will-O-Wisp|p2a: Albert
|-status|p2a: Albert|brn
|
|turn|2
|leave|Calydon
|
|switch|p2a: Kyau|Rotom-Wash|304\/304
|switch|p1a: Chansey|Chansey, F|642\/642
|
|turn|3
|
|move|p2a: Kyau|Volt Switch|p1a: Chansey
|-damage|p1a: Chansey|600\/642
|
|switch|p2a: Jono|Metagross|301\/301
|move|p1a: Chansey|Stealth Rock|p2a: Jono
|-sidestart|p2: Bin Ladder|move: Stealth Rock
|
|turn|4
|
|switch|p1a: Skarmory|Skarmory, M|334\/334
|detailschange|p2a: Jono|Metagross-Mega
|-mega|p2a: Jono|Metagross|Metagrossite
|move|p2a: Jono|Hammer Arm|p1a: Skarmory
|-damage|p1a: Skarmory|228\/334
|-unboost|p2a: Jono|spe|1
|
|turn|5
|
|switch|p2a: Big Bird|Tornadus-Therian, M|299\/299
|-damage|p2a: Big Bird|225\/299|[from] Stealth Rock
|move|p1a: Skarmory|Spikes|p2a: Big Bird
|-sidestart|p2: Bin Ladder|Spikes
|
|turn|6
|
|switch|p1a: Cresselia|Cresselia, F|444\/444
|move|p2a: Big Bird|Knock Off|p1a: Cresselia
|-supereffective|p1a: Cresselia
|-damage|p1a: Cresselia|296\/444
|-enditem|p1a: Cresselia|Leftovers|[from] move: Knock Off|[of] p2a: Big Bird
|-damage|p2a: Big Bird|196\/299|[from] item: Life Orb
|
|turn|7
|
|switch|p2a: Jono|Metagross-Mega|301\/301
|-damage|p2a: Jono|264\/301|[from] Spikes
|-damage|p2a: Jono|246\/301|[from] Stealth Rock
|move|p1a: Cresselia|Moonlight|p1a: Cresselia
|-heal|p1a: Cresselia|444\/444
|
|turn|8
|
|switch|p2a: Kyau|Rotom-Wash|304\/304
|-damage|p2a: Kyau|266\/304|[from] Stealth Rock
|move|p1a: Cresselia|Skill Swap|p2a: Kyau
|-activate|p1a: Cresselia|move: Skill Swap|Levitate|Levitate|[of] p2a: Kyau
|
|-heal|p2a: Kyau|285\/304|[from] item: Leftovers
|turn|9
|
|move|p2a: Kyau|Volt Switch|p1a: Cresselia
|-damage|p1a: Cresselia|384\/444
|
|switch|p2a: Tony|Landorus-Therian, M|367\/367
|-damage|p2a: Tony|322\/367|[from] Stealth Rock
|-ability|p2a: Tony|Intimidate|[of] p1a: Cresselia
|-unboost|p1a: Cresselia|atk|1
|move|p1a: Cresselia|Toxic|p2a: Tony|[miss]
|-miss|p1a: Cresselia|p2a: Tony
|
|-heal|p2a: Tony|344\/367|[from] item: Leftovers
|turn|10
|
|switch|p1a: Sableye|Sableye-Mega, F|304\/304
|move|p2a: Tony|Stealth Rock|p1a: Sableye
|move|p1a: Sableye|Stealth Rock|p2a: Tony|[from]Magic Bounce
|-fail|p2a: Tony
|
|-heal|p2a: Tony|366\/367|[from] item: Leftovers
|turn|11
|-message|Bin Ladder forfeited.
|
|win|Reverb
|raw|Ladder updating...
|leave|Bin Ladder
|player|p2
|raw|Reverb's rating: 1650 &rarr; <strong>1671<\/strong><br \/>(+21 for winning)
|raw|Bin Ladder's rating: 1683 &rarr; <strong>1661<\/strong><br \/>(-22 for losing)
|leave|Escavalier