|join|Takanuuu
|join|Bin Ladder
|c|âTakanuuu|olle cy
|player|p1|Takanuuu|101
|player|p2|Bin Ladder|76
|gametype|singles
|gen|6
|tier|OU
|clearpoke
|poke|p1|Gallade, M
|poke|p1|Bisharp, M
|poke|p1|Sylveon, F
|poke|p1|Heatran, F
|poke|p1|Latios, M
|poke|p1|Azumarill, F
|poke|p2|Celebi
|poke|p2|Keldeo
|poke|p2|Diancie
|poke|p2|Rotom-Wash
|poke|p2|Heatran, F
|poke|p2|Landorus-Therian, M
|rule|Swagger Clause: Swagger is banned
|rule|Baton Pass Clause: Limit one PokÃ©mon knowing Baton Pass
|rule|Sleep Clause Mod: Limit one foe put to sleep
|rule|Species Clause: Limit one of each PokÃ©mon
|rule|OHKO Clause: OHKO moves are banned
|rule|Moody Clause: Moody is banned
|rule|Evasion Moves Clause: Evasion moves are banned
|rule|Endless Battle Clause: Forcing endless battles is banned
|rule|HP Percentage Mod: HP is shown in percentages
|teampreview
|c|âTakanuuu|glhf
|c|âBin Ladder|coÃ±o de piedra stronk
|
|start
|switch|p1a: Azumarill|Azumarill, F|365\/365
|switch|p2a: Celebi|Celebi|381\/381
|turn|1
|c|âTakanuuu|el coÃ±o de su madreps98
|c|âTakanuuu|habia dado cansel
|c|âBin Ladder|aaaaa
|
|switch|p1a: Heatran|Heatran, F|386\/386
|move|p2a: Celebi|Giga Drain|p1a: Heatran
|-resisted|p1a: Heatran
|-damage|p1a: Heatran|372\/386
|
|-heal|p1a: Heatran|386\/386|[from] item: Leftovers
|turn|2
|
|move|p2a: Celebi|Nasty Plot|p2a: Celebi
|-boost|p2a: Celebi|spa|2
|move|p1a: Heatran|Stealth Rock|p2a: Celebi
|-sidestart|p2: Bin Ladder|move: Stealth Rock
|
|turn|3
|c|âTakanuuu|TU PUTA MADRE ME VAS A BATONPASSEAR
|
|move|p2a: Celebi|Baton Pass|p2a: Celebi
|c|âBin Ladder|ROAAAAAAR
|
|switch|p2a: Keldeo|Keldeo|323\/323
|-damage|p2a: Keldeo|303\/323|[from] Stealth Rock
|move|p1a: Heatran|Lava Plume|p2a: Keldeo
|-resisted|p2a: Keldeo
|-damage|p2a: Keldeo|241\/323
|
|turn|4
|c|âTakanuuu|YA ME VI LA REPLAY
|
|move|p2a: Keldeo|Scald|p1a: Heatran
|-supereffective|p1a: Heatran
|-damage|p1a: Heatran|0 fnt
|faint|p1a: Heatran
|
|c|âBin Ladder|tremenda golpisa
|
|switch|p1a: Latios|Latios, M|301\/301
|turn|5
|c|âBin Ladder|eso mataba
|c|âBin Ladder|a 1000 heatrans
|c|âTakanuuu|que ricops98
|
|switch|p2a: Heatran|Heatran, F|383\/383
|-damage|p2a: Heatran|336\/383|[from] Stealth Rock
|move|p1a: Latios|Psyshock|p2a: Heatran
|-resisted|p2a: Heatran
|-damage|p2a: Heatran|244\/383
|-damage|p1a: Latios|271\/301|[from] item: Life Orb
|
|-heal|p2a: Heatran|267\/383|[from] item: Leftovers
|turn|6
|c|âTakanuuu|:<
|
|switch|p2a: Landorus-Therian|Landorus-Therian, M|319\/319
|-damage|p2a: Landorus-Therian|280\/319|[from] Stealth Rock
|-ability|p2a: Landorus-Therian|Intimidate|[of] p1a: Latios
|-unboost|p1a: Latios|atk|1
|move|p1a: Latios|Earthquake|p2a: Landorus-Therian
|-immune|p2a: Landorus-Therian|[msg]
|
|turn|7
|c|âTakanuuu|uoo pleis
|c|âBin Ladder|a vacilar a la sala kek
|c|âBin Ladder|es que hay veces que juego bien
|c|âBin Ladder|creo(?
|
|switch|p1a: Azumarill|Azumarill, F|365\/365
|move|p2a: Landorus-Therian|U-turn|p1a: Azumarill
|-resisted|p1a: Azumarill
|-damage|p1a: Azumarill|311\/365
|
|switch|p2a: Rotom-Wash|Rotom-Wash|295\/295
|-damage|p2a: Rotom-Wash|259\/295|[from] Stealth Rock
|
|-heal|p2a: Rotom-Wash|277\/295|[from] item: Leftovers
|turn|8
|
|switch|p1a: Latios|Latios, M|271\/301
|move|p2a: Rotom-Wash|Will-O-Wisp|p1a: Latios
|-status|p1a: Latios|brn
|
|-heal|p2a: Rotom-Wash|295\/295|[from] item: Leftovers
|-damage|p1a: Latios|234\/301 brn|[from] brn
|turn|9
|c|âTakanuuu|a ver
|c|âTakanuuu|que creo
|c|âTakanuuu|que hay
|c|âTakanuuu|5050
|c|âBin Ladder|en realidad no
|c|âBin Ladder|xd
|c|âTakanuuu|nah
|c|âTakanuuu|ah
|c|âTakanuuu|tengo que jugar
|c|âTakanuuu|muy bien
|c|âTakanuuu|ahora
|c|âTakanuuu|para ganar xd
|c|âBin Ladder|sip sip
|c|âTakanuuu|igual es una mierda de equipo
|c|âTakanuuu|te sacan un spiker y a fregar
|
|switch|p2a: Heatran|Heatran, F|267\/383
|-damage|p2a: Heatran|220\/383|[from] Stealth Rock
|move|p1a: Latios|Draco Meteor|p2a: Heatran
|-resisted|p2a: Heatran
|-damage|p2a: Heatran|121\/383
|-unboost|p1a: Latios|spa|2
|-damage|p1a: Latios|204\/301 brn|[from] item: Life Orb
|
|-heal|p2a: Heatran|144\/383|[from] item: Leftovers
|-damage|p1a: Latios|167\/301 brn|[from] brn
|turn|10
|c|âBin Ladder|pls
|c|âBin Ladder|los spikers
|c|âBin Ladder|todos
|c|âBin Ladder|hago set up con celebi
|c|âBin Ladder|y empiezo a destruir
|
|switch|p1a: Galladeps98|Gallade, M|277\/277
|move|p2a: Heatran|Flash Cannon|p1a: Galladeps98
|-damage|p1a: Galladeps98|168\/277
|
|-heal|p2a: Heatran|167\/383|[from] item: Leftovers
|turn|11
|c|âTakanuuu|Galladito <3
|
|detailschange|p1a: Galladeps98|Gallade-Mega, M
|-mega|p1a: Galladeps98|Gallade|Galladite
|move|p1a: Galladeps98|Swords Dance|p1a: Galladeps98
|-boost|p1a: Galladeps98|atk|2
|move|p2a: Heatran|Lava Plume|p1a: Galladeps98
|-damage|p1a: Galladeps98|60\/277
|-status|p1a: Galladeps98|brn
|
|-heal|p2a: Heatran|190\/383|[from] item: Leftovers
|-damage|p1a: Galladeps98|26\/277 brn|[from] brn
|turn|12
|c|âTakanuuu|sabes
|c|âTakanuuu|iba a hacer skill swap
|c|âBin Ladder|es entierro
|c|âBin Ladder|OOOO
|c|âTakanuuu|pero el cancel me funciono bien
|c|âBin Ladder|skill swap
|c|âTakanuuu|.l.
|c|âBin Ladder|es una puta mierda
|c|âBin Ladder|isi geim
|c|âBin Ladder|igual no tenÃ­a sentido
|c|âBin Ladder|tengo flash
|c|âBin Ladder|cannon
|c|âTakanuuu|ya
|c|âTakanuuu|me hace 39%
|c|âTakanuuu|xd
|c|âTakanuuu|igual hacia cc
|c|âTakanuuu|y luego waa
|
|switch|p2a: Landorus-Therian|Landorus-Therian, M|280\/319
|-damage|p2a: Landorus-Therian|241\/319|[from] Stealth Rock
|-ability|p2a: Landorus-Therian|Intimidate|[of] p1a: Galladeps98
|-unboost|p1a: Galladeps98|atk|1
|move|p1a: Galladeps98|Close Combat|p2a: Landorus-Therian
|-resisted|p2a: Landorus-Therian
|-damage|p2a: Landorus-Therian|131\/319
|-unboost|p1a: Galladeps98|def|1
|-unboost|p1a: Galladeps98|spd|1
|
|-damage|p1a: Galladeps98|0 fnt|[from] brn
|faint|p1a: Galladeps98
|
|switch|p1a: Azumarill|Azumarill, F|311\/365
|turn|13
|c|âBin Ladder|dmgps98
|
|move|p2a: Landorus-Therian|U-turn|p1a: Azumarill
|-resisted|p1a: Azumarill
|-damage|p1a: Azumarill|257\/365
|
|switch|p2a: Rotom-Wash|Rotom-Wash|295\/295
|-damage|p2a: Rotom-Wash|259\/295|[from] Stealth Rock
|move|p1a: Azumarill|Play Rough|p2a: Rotom-Wash
|-crit|p2a: Rotom-Wash
|-damage|p2a: Rotom-Wash|0 fnt
|faint|p2a: Rotom-Wash
|
|c|âTakanuuu|a fregar
|c|âTakanuuu|.l.
|c|âBin Ladder|tremendas band
|c|âBin Ladder|a ver espera
|c|âBin Ladder|que calculo
|c|âBin Ladder|el moonblast
|
|switch|p2a: Landorus-Therian|Landorus-Therian, M|131\/319
|-damage|p2a: Landorus-Therian|92\/319|[from] Stealth Rock
|-ability|p2a: Landorus-Therian|Intimidate|[of] p1a: Azumarill
|-unboost|p1a: Azumarill|atk|1
|turn|14
|
|move|p2a: Landorus-Therian|U-turn|p1a: Azumarill
|-resisted|p1a: Azumarill
|-damage|p1a: Azumarill|201\/365
|
|switch|p2a: Heatran|Heatran, F|190\/383
|-damage|p2a: Heatran|143\/383|[from] Stealth Rock
|move|p1a: Azumarill|Play Rough|p2a: Heatran
|-resisted|p2a: Heatran
|-damage|p2a: Heatran|98\/383
|
|-heal|p2a: Heatran|121\/383|[from] item: Leftovers
|turn|15
|
|switch|p1a: Latios|Latios, M|167\/301 brn
|move|p2a: Heatran|Lava Plume|p1a: Latios
|-resisted|p1a: Latios
|-damage|p1a: Latios|111\/301 brn
|
|-heal|p2a: Heatran|144\/383|[from] item: Leftovers
|-damage|p1a: Latios|74\/301 brn|[from] brn
|turn|16
|
|switch|p2a: Landorus-Therian|Landorus-Therian, M|92\/319
|-damage|p2a: Landorus-Therian|53\/319|[from] Stealth Rock
|-ability|p2a: Landorus-Therian|Intimidate|[of] p1a: Latios
|-unboost|p1a: Latios|atk|1
|move|p1a: Latios|Psyshock|p2a: Landorus-Therian
|-damage|p2a: Landorus-Therian|0 fnt
|-damage|p1a: Latios|44\/301 brn|[from] item: Life Orb
|faint|p2a: Landorus-Therian
|
|-damage|p1a: Latios|7\/301 brn|[from] brn
|c|âTakanuuu|uoo plais
|
|switch|p2a: Diancie|Diancie|241\/241
|-damage|p2a: Diancie|211\/241|[from] Stealth Rock
|turn|17
|c|âTakanuuu|reveal
|c|âTakanuuu|protect diancie
|c|âBin Ladder|n
|
|detailschange|p2a: Diancie|Diancie-Mega
|-mega|p2a: Diancie|Diancie|Diancite
|move|p1a: Latios|Psyshock|p2a: Diancie
|-damage|p2a: Diancie|20\/241
|-damage|p1a: Latios|0 fnt|[from] item: Life Orb
|faint|p1a: Latios
|move|p2a: Diancie|Moonblast|p1: Latios|[notarget]
|-notarget
|
|c|âBin Ladder|es de papel
|c|âBin Ladder|esta cosa
|c|âTakanuuu|mas bulk que rotom-w
|c|âTakanuuu|xd
|
|switch|p1a: Bisharp|Bisharp, M|271\/271
|turn|18
|
|switch|p2a: Keldeo|Keldeo|241\/323
|-damage|p2a: Keldeo|221\/323|[from] Stealth Rock
|move|p1a: Bisharp|Sucker Punch|p2a: Keldeo
|-fail|p2a: Keldeo
|
|turn|19
|c|âTakanuuu|xq cambiaste xd
|c|âBin Ladder|para sacrificar luego
|c|âBin Ladder|y tener free switch
|c|âBin Ladder|en lo que quiera
|c|âBin Ladder|xD
|c|âTakanuuu|a sip
|
|move|p1a: Bisharp|Sucker Punch|p2a: Keldeo
|-resisted|p2a: Keldeo
|-damage|p2a: Keldeo|116\/323
|-boost|p2a: Keldeo|atk|1|[from] ability: Justified
|-damage|p1a: Bisharp|244\/271|[from] item: Life Orb
|move|p2a: Keldeo|Scald|p1a: Bisharp
|-damage|p1a: Bisharp|0 fnt
|faint|p1a: Bisharp
|
|
|switch|p1a: Sylveon|Sylveon, F|392\/392
|turn|20
|
|switch|p2a: Diancie|Diancie-Mega|20\/241
|-damage|p2a: Diancie|0 fnt|[from] Stealth Rock
|faint|p2a: Diancie
|move|p1a: Sylveon|Hyper Voice|p2: Diancie|[notarget]
|-notarget
|
|c|âTakanuuu|that's no rikolino
|
|switch|p2a: Heatran|Heatran, F|144\/383
|-damage|p2a: Heatran|97\/383|[from] Stealth Rock
|turn|21
|c|âBin Ladder|seems like
|c|âBin Ladder|specs sylveon
|
|switch|p1a: Azumarill|Azumarill, F|201\/365
|move|p2a: Heatran|Flash Cannon|p1a: Azumarill
|-damage|p1a: Azumarill|59\/365
|
|-heal|p2a: Heatran|120\/383|[from] item: Leftovers
|turn|22
|c|âBin Ladder|IS THIS
|c|âBin Ladder|A 50\/50
|c|âTakanuuu|OR IT'S JUST FANTASY
|c|âTakanuuu|CAUGHT IN A LANDSLIDE NO ESCAPE FROM REALITY
|c|âBin Ladder|HOLY SHIT
|
|move|p1a: Azumarill|Aqua Jet|p2a: Heatran
|-supereffective|p2a: Heatran
|-damage|p2a: Heatran|0 fnt
|faint|p2a: Heatran
|
|c|âTakanuuu|wo
|c|âBin Ladder|OOOOO
|c|âTakanuuu|ahora
|c|âTakanuuu|puedo ganar
|c|âTakanuuu|eh
|c|âTakanuuu|ah no
|c|âTakanuuu|bp
|c|âTakanuuu|y rip
|c|âBin Ladder|wajajalolxd
|c|âBin Ladder|espera a ver que no la cague ahora
|c|âTakanuuu|admito que te haxee
|c|âBin Ladder|menos que otras veces
|c|âBin Ladder|al menops98
|
|switch|p2a: Keldeo|Keldeo|116\/323
|-damage|p2a: Keldeo|96\/323|[from] Stealth Rock
|turn|23
|c|âTakanuuu|igual
|c|âBin Ladder|y yo te hice un burn rikolino
|c|âTakanuuu|ganas creo
|c|âTakanuuu|eh
|
|move|p1a: Azumarill|Aqua Jet|p2a: Keldeo
|-resisted|p2a: Keldeo
|-damage|p2a: Keldeo|24\/323
|move|p2a: Keldeo|Scald|p1a: Azumarill
|-resisted|p1a: Azumarill
|-damage|p1a: Azumarill|0 fnt
|faint|p1a: Azumarill
|
|c|âTakanuuu|dios
|c|âTakanuuu|no se
|c|âTakanuuu|como va
|
|switch|p1a: Sylveon|Sylveon, F|392\/392
|turn|24
|c|âTakanuuu|era mejor ss ademas xd
|c|âTakanuuu|para hacerle mas a sylveon
|
|move|p2a: Keldeo|Scald|p1a: Sylveon
|-damage|p1a: Sylveon|235\/392
|-status|p1a: Sylveon|brn
|move|p1a: Sylveon|Hyper Voice|p2a: Keldeo
|-supereffective|p2a: Keldeo
|-damage|p2a: Keldeo|0 fnt
|faint|p2a: Keldeo
|
|-damage|p1a: Sylveon|186\/392 brn|[from] brn
|c|âBin Ladder|es que no sÃ©
|c|âBin Ladder|que sylveon es ese
|c|âTakanuuu|ah
|c|âTakanuuu|es specs
|c|âTakanuuu|xd
|
|switch|p2a: Celebi|Celebi|381\/381
|-damage|p2a: Celebi|334\/381|[from] Stealth Rock
|turn|25
|c|âBin Ladder|ya imaginaba
|
|move|p2a: Celebi|Nasty Plot|p2a: Celebi
|-boost|p2a: Celebi|spa|2
|move|p1a: Sylveon|Hyper Voice|p2a: Celebi
|-damage|p2a: Celebi|25\/381
|
|-heal|p2a: Celebi|48\/381|[from] item: Leftovers
|-damage|p1a: Sylveon|137\/392 brn|[from] brn
|turn|26
|
|move|p2a: Celebi|Giga Drain|p1a: Sylveon
|-damage|p1a: Sylveon|0 fnt
|-heal|p2a: Celebi|117\/381|[from] drain|[of] p1a: Sylveon
|faint|p1a: Sylveon
|
|win|Bin Ladder
|c|âTakanuuu|NOOOOOOOOOOOOOO
|c|âBin Ladder|ggeaso
|c|âTakanuuu|gg
|c|âTakanuuu|a ver
|c|âTakanuuu|let me calc
|c|âTakanuuu|cuanto tiene el celebi?
|c|âTakanuuu|de spa
|c|âBin Ladder|de spa?
|c|âBin Ladder|0
|c|âBin Ladder|236
|c|âTakanuuu|special attack
|c|âBin Ladder|0 evs quicir
|c|âTakanuuu|+2 0 SpA Celebi Giga Drain vs. 244 HP \/ 0 SpD Sylveon: 129-153 (32.9 - 39%) -- 99.5% chance to 3HKO
|c|âTakanuuu|sin el burn
|c|âTakanuuu|;_;
|c|âTakanuuu|gg
|c|âBin Ladder|entierro