|join|Here to GG
|join|Bin Ladder
|player|p1|Here to GG|148
|player|p2|Bin Ladder|76
|gametype|singles
|gen|6
|tier|OU
|rated
|clearpoke
|poke|p1|Charizard, M
|poke|p1|Gothitelle, F
|poke|p1|Skarmory, M
|poke|p1|Keldeo
|poke|p1|Landorus-Therian, M
|poke|p1|Chansey, F
|poke|p2|Metagross
|poke|p2|Celebi
|poke|p2|Landorus, M
|poke|p2|Hippowdon, F
|poke|p2|Excadrill, M
|poke|p2|Keldeo
|rule|Swagger Clause: Swagger is banned
|rule|Baton Pass Clause: Limit one PokÃ©mon knowing Baton Pass
|rule|Sleep Clause Mod: Limit one foe put to sleep
|rule|Species Clause: Limit one of each PokÃ©mon
|rule|OHKO Clause: OHKO moves are banned
|rule|Moody Clause: Moody is banned
|rule|Evasion Moves Clause: Evasion moves are banned
|rule|Endless Battle Clause: Forcing endless battles is banned
|rule|HP Percentage Mod: HP is shown in percentages
|teampreview
|
|start
|switch|p1a: Keldeo|Keldeo|323\/323
|switch|p2a: Hippowdon|Hippowdon, F|419\/419
|-weather|Sandstorm
|turn|1
|
|switch|p2a: Celebi|Celebi|381\/381
|move|p1a: Keldeo|Hydro Pump|p2a: Celebi
|-resisted|p2a: Celebi
|-damage|p2a: Celebi|253\/381
|
|-weather|Sandstorm|[upkeep]
|-damage|p1a: Keldeo|303\/323|[from] sandstorm
|-damage|p2a: Celebi|230\/381|[from] sandstorm
|-heal|p2a: Celebi|253\/381|[from] item: Leftovers
|turn|2
|
|move|p1a: Keldeo|Hydro Pump|p2a: Celebi
|-resisted|p2a: Celebi
|-damage|p2a: Celebi|107\/381
|move|p2a: Celebi|Baton Pass|p2a: Celebi
|
|switch|p2a: Keldeo|Keldeo|323\/323
|
|-weather|Sandstorm|[upkeep]
|-damage|p2a: Keldeo|303\/323|[from] sandstorm
|-damage|p1a: Keldeo|283\/323|[from] sandstorm
|turn|3
|
|switch|p2a: Metagross|Metagross|301\/301
|switch|p1a: Gothitelle|Gothitelle, F|281\/281
|
|-weather|Sandstorm|[upkeep]
|-damage|p1a: Gothitelle|264\/281|[from] sandstorm
|turn|4
|
|detailschange|p2a: Metagross|Metagross-Mega
|-mega|p2a: Metagross|Metagross|Metagrossite
|move|p2a: Metagross|Pursuit|p1a: Gothitelle|[from]Pursuit
|-supereffective|p1a: Gothitelle
|-damage|p1a: Gothitelle|0 fnt
|faint|p1a: Gothitelle
|
|-weather|Sandstorm|[upkeep]
|
|switch|p1a: Landorus-Therian|Landorus-Therian, M|319\/319
|-ability|p1a: Landorus-Therian|Intimidate|[of] p2a: Metagross
|-unboost|p2a: Metagross|atk|1
|turn|5
|
|switch|p2a: Hippowdon|Hippowdon, F|419\/419
|move|p1a: Landorus-Therian|U-turn|p2a: Hippowdon
|-damage|p2a: Hippowdon|353\/419
|
|switch|p1a: Keldeo|Keldeo|283\/323
|
|-weather|Sandstorm|[upkeep]
|-damage|p1a: Keldeo|263\/323|[from] sandstorm
|turn|6
|
|switch|p2a: Landorus|Landorus, M|319\/319
|move|p1a: Keldeo|Scald|p2a: Landorus
|-supereffective|p2a: Landorus
|-damage|p2a: Landorus|0 fnt
|faint|p2a: Landorus
|
|-weather|Sandstorm|[upkeep]
|-damage|p1a: Keldeo|243\/323|[from] sandstorm
|
|switch|p2a: Metagross|Metagross-Mega|301\/301
|turn|7
|
|move|p2a: Metagross|Zen Headbutt|p1a: Keldeo
|-supereffective|p1a: Keldeo
|-damage|p1a: Keldeo|0 fnt
|faint|p1a: Keldeo
|
|-weather|Sandstorm|[upkeep]
|
|switch|p1a: Landorus-Therian|Landorus-Therian, M|319\/319
|-ability|p1a: Landorus-Therian|Intimidate|[of] p2a: Metagross
|-unboost|p2a: Metagross|atk|1
|turn|8
|
|switch|p2a: Hippowdon|Hippowdon, F|353\/419
|move|p1a: Landorus-Therian|Earthquake|p2a: Hippowdon
|-damage|p2a: Hippowdon|196\/419
|
|-weather|none
|turn|9
|
|switch|p1a: Charizard|Charizard, M|297\/297
|move|p2a: Hippowdon|Slack Off|p2a: Hippowdon
|-heal|p2a: Hippowdon|406\/419
|
|turn|10
|
|detailschange|p1a: Charizard|Charizard-Mega-X, M
|-mega|p1a: Charizard|Charizard|Charizardite X
|move|p1a: Charizard|Flare Blitz|p2a: Hippowdon
|-damage|p2a: Hippowdon|207\/419
|-damage|p1a: Charizard|231\/297|[from] recoil|[of] p2a: Hippowdon
|move|p2a: Hippowdon|Stone Edge|p1a: Charizard
|-supereffective|p1a: Charizard
|-damage|p1a: Charizard|69\/297
|
|turn|11
|
|move|p1a: Charizard|Dragon Dance|p1a: Charizard
|-boost|p1a: Charizard|atk|1
|-boost|p1a: Charizard|spe|1
|move|p2a: Hippowdon|Slack Off|p2a: Hippowdon
|-heal|p2a: Hippowdon|417\/419
|
|turn|12
|
|move|p1a: Charizard|Flare Blitz|p2a: Hippowdon
|-damage|p2a: Hippowdon|141\/419
|-damage|p1a: Charizard|0 fnt|[from] recoil|[of] p2a: Hippowdon
|faint|p1a: Charizard
|move|p2a: Hippowdon|Earthquake|p1: Charizard|[notarget]
|-notarget
|
|
|switch|p1a: Landorus-Therian|Landorus-Therian, M|319\/319
|-ability|p1a: Landorus-Therian|Intimidate|[of] p2a: Hippowdon
|-unboost|p2a: Hippowdon|atk|1
|turn|13
|
|switch|p2a: Excadrill|Excadrill, M|361\/361
|move|p1a: Landorus-Therian|Earthquake|p2a: Excadrill
|-crit|p2a: Excadrill
|-supereffective|p2a: Excadrill
|-damage|p2a: Excadrill|0 fnt
|faint|p2a: Excadrill
|
|
|switch|p2a: Keldeo|Keldeo|303\/323
|turn|14
|
|move|p2a: Keldeo|Scald|p1a: Landorus-Therian
|-supereffective|p1a: Landorus-Therian
|-damage|p1a: Landorus-Therian|0 fnt
|faint|p1a: Landorus-Therian
|
|-message|Here to GG forfeited.
|
|win|Bin Ladder
|raw|Ladder updating...
|leave|Here to GG
|player|p1
|raw|Here to GG's rating: 1682 &rarr; <strong>1657<\/strong><br \/>(-25 for losing)
|raw|Bin Ladder's rating: 1586 &rarr; <strong>1611<\/strong><br \/>(+25 for winning)