|join|Personal Sentiment
|join|Bulbasawr
|player|p1|Personal Sentiment|211
|player|p2|Bulbasawr|279
|gametype|singles
|gen|6
|tier|ORAS OU
|rated
|rule|Sleep Clause Mod: Limit one foe put to sleep
|rule|Species Clause: Limit one of each PokÃ©mon
|rule|OHKO Clause: OHKO moves are banned
|rule|Moody Clause: Moody is banned
|rule|Evasion Moves Clause: Evasion moves are banned
|rule|Endless Battle Clause: Forcing endless battles is banned
|rule|HP Percentage Mod: HP is shown in percentages
|clearpoke
|poke|p1|Diancie
|poke|p1|Landorus-Therian, M
|poke|p1|Ferrothorn, M
|poke|p1|Rotom-Wash
|poke|p1|Clefable, M
|poke|p1|Victini
|poke|p2|Politoed, F
|poke|p2|Kabutops, F
|poke|p2|Greninja, M
|poke|p2|Mamoswine, M
|poke|p2|Kingdra, F
|poke|p2|Swampert, F
|rule|Swagger Clause: Swagger is banned
|rule|Baton Pass Clause: Limit one PokÃ©mon knowing Baton Pass
|teampreview
|
|start
|switch|p1a: Ferrothorn|Ferrothorn, M|352\/352
|switch|p2a: Greninja|Greninja, M|286\/286
|turn|1
|
|move|p2a: Greninja|Hidden Power|p1a: Ferrothorn
|-start|p2a: Greninja|typechange|Fire|[from] Protean
|-supereffective|p1a: Ferrothorn
|-damage|p1a: Ferrothorn|0 fnt
|-damage|p2a: Greninja|258\/286|[from] item: Life Orb
|faint|p1a: Ferrothorn
|
|
|switch|p1a: Diancie|Diancie|242\/242
|turn|2
|
|switch|p2a: Politoed|Politoed, F|384\/384
|-weather|RainDance
|move|p1a: Diancie|Rock Polish|p1a: Diancie
|-boost|p1a: Diancie|spe|2
|
|-weather|RainDance|[upkeep]
|turn|3
|
|detailschange|p1a: Diancie|Diancie-Mega
|message|Diancie has Mega Evolved into Mega Diancie!
|move|p1a: Diancie|Moonblast|p2a: Politoed
|-damage|p2a: Politoed|164\/384
|move|p2a: Politoed|Hypnosis|p1a: Diancie
|move|p1a: Diancie|Hypnosis|p2a: Politoed|[from]Magic Bounce|[miss]
|-miss|p1a: Diancie|p2a: Politoed
|
|-weather|RainDance|[upkeep]
|turn|4
|
|switch|p2a: Swampert|Swampert, F|341\/341
|move|p1a: Diancie|Moonblast|p2a: Swampert
|-damage|p2a: Swampert|97\/341
|-unboost|p2a: Swampert|spa|1
|
|-weather|RainDance|[upkeep]
|turn|5
|
|detailschange|p2a: Swampert|Swampert-Mega, F
|message|Swampert has Mega Evolved into Mega Swampert!
|move|p1a: Diancie|Moonblast|p2a: Swampert
|-damage|p2a: Swampert|0 fnt
|faint|p2a: Swampert
|
|-weather|RainDance|[upkeep]
|
|switch|p2a: Kabutops|Kabutops, F|262\/262
|turn|6
|
|move|p1a: Diancie|Earth Power|p2a: Kabutops
|-supereffective|p2a: Kabutops
|-damage|p2a: Kabutops|0 fnt
|faint|p2a: Kabutops
|
|-weather|RainDance|[upkeep]
|
|switch|p2a: Kingdra|Kingdra, F|291\/291
|turn|7
|
|move|p1a: Diancie|Moonblast|p2a: Kingdra
|-supereffective|p2a: Kingdra
|-damage|p2a: Kingdra|0 fnt
|faint|p2a: Kingdra
|
|-weather|RainDance|[upkeep]
|-message|Bulbasawr forfeited.
|
|win|Personal Sentiment
|raw|Ladder updating...
|leave|Bulbasawr
|player|p2