|join|Bulbasawr
|join|Trainer Apollo
|player|p1|Bulbasawr|155
|player|p2|Trainer Apollo|102
|gametype|singles
|gen|6
|tier|ORAS OU
|rated
|rule|Sleep Clause Mod: Limit one foe put to sleep
|rule|Species Clause: Limit one of each PokÃ©mon
|rule|OHKO Clause: OHKO moves are banned
|rule|Moody Clause: Moody is banned
|rule|Evasion Moves Clause: Evasion moves are banned
|rule|Endless Battle Clause: Forcing endless battles is banned
|rule|HP Percentage Mod: HP is shown in percentages
|clearpoke
|poke|p1|Dragonite, M
|poke|p1|Pinsir, M
|poke|p1|Landorus-Therian, M
|poke|p1|Keldeo-Resolute
|poke|p1|Excadrill, M
|poke|p1|Talonflame, M
|poke|p2|Archeops, F
|poke|p2|Rotom-Wash
|poke|p2|Flygon, M
|poke|p2|Whimsicott, F
|poke|p2|Jolteon, F
|poke|p2|Beedrill, M
|rule|Swagger Clause: Swagger is banned
|rule|Baton Pass Clause: Limit one PokÃ©mon knowing Baton Pass
|teampreview
|
|start
|switch|p1a: Landorus-Therian|Landorus-Therian, M|320\/320
|switch|p2a: Rotom-Wash|Rotom-Wash|303\/303
|-ability|p1a: Landorus-Therian|Intimidate|[of] p2a: Rotom-Wash
|-unboost|p2a: Rotom-Wash|atk|1
|turn|1
|
|move|p1a: Landorus-Therian|U-turn|p2a: Rotom-Wash
|-damage|p2a: Rotom-Wash|241\/303
|
|switch|p1a: Keldeo-Resolute|Keldeo-Resolute|322\/322
|move|p2a: Rotom-Wash|Will-O-Wisp|p1a: Keldeo-Resolute|[miss]
|-miss|p2a: Rotom-Wash|p1a: Keldeo-Resolute
|
|-heal|p2a: Rotom-Wash|259\/303|[from] item: Leftovers
|turn|2
|
|switch|p2a: Whimsicott|Whimsicott, F|322\/322
|move|p1a: Keldeo-Resolute|Secret Sword|p2a: Whimsicott
|-resisted|p2a: Whimsicott
|-damage|p2a: Whimsicott|234\/322
|-damage|p1a: Keldeo-Resolute|290\/322|[from] item: Life Orb
|
|turn|3
|
|switch|p1a: Excadrill|Excadrill, M|362\/362
|-ability|p1a: Excadrill|Mold Breaker
|-item|p1a: Excadrill|Air Balloon
|move|p2a: Whimsicott|Stun Spore|p1a: Excadrill
|-status|p1a: Excadrill|par
|
|turn|4
|
|move|p2a: Whimsicott|U-turn|p1a: Excadrill
|-resisted|p1a: Excadrill
|-damage|p1a: Excadrill|332\/362 par
|-enditem|p1a: Excadrill|Air Balloon
|
|switch|p2a: Flygon|Flygon, M|344\/344
|cant|p1a: Excadrill|par
|
|turn|5
|
|switch|p1a: Landorus-Therian|Landorus-Therian, M|320\/320
|-ability|p1a: Landorus-Therian|Intimidate|[of] p2a: Flygon
|-unboost|p2a: Flygon|atk|1
|move|p2a: Flygon|Fire Blast|p1a: Landorus-Therian
|-damage|p1a: Landorus-Therian|228\/320
|
|turn|6
|
|switch|p2a: Whimsicott|Whimsicott, F|234\/322
|move|p1a: Landorus-Therian|U-turn|p2a: Whimsicott
|-damage|p2a: Whimsicott|143\/322
|
|switch|p1a: Talonflame|Talonflame, M|298\/298
|-enditem|p2a: Whimsicott|Sitrus Berry|[eat]
|-heal|p2a: Whimsicott|223\/322|[from] item: Sitrus Berry
|
|turn|7
|
|switch|p1a: Keldeo-Resolute|Keldeo-Resolute|290\/322
|switch|p2a: Rotom-Wash|Rotom-Wash|259\/303
|
|-heal|p2a: Rotom-Wash|277\/303|[from] item: Leftovers
|turn|8
|
|move|p1a: Keldeo-Resolute|Secret Sword|p2a: Rotom-Wash
|-damage|p2a: Rotom-Wash|152\/303
|-damage|p1a: Keldeo-Resolute|258\/322|[from] item: Life Orb
|move|p2a: Rotom-Wash|Volt Switch|p1a: Keldeo-Resolute
|-supereffective|p1a: Keldeo-Resolute
|-damage|p1a: Keldeo-Resolute|82\/322
|
|switch|p2a: Beedrill|Beedrill, M|271\/271
|
|turn|9
|
|detailschange|p2a: Beedrill|Beedrill-Mega, M
|message|Beedrill has Mega Evolved into Mega Beedrill!
|move|p2a: Beedrill|Protect|p2a: Beedrill
|-singleturn|p2a: Beedrill|Protect
|move|p1a: Keldeo-Resolute|Scald|p2a: Beedrill
|-activate|p2a: Beedrill|Protect
|
|turn|10
|
|move|p2a: Beedrill|U-turn|p1a: Keldeo-Resolute
|-resisted|p1a: Keldeo-Resolute
|-damage|p1a: Keldeo-Resolute|0 fnt
|faint|p1a: Keldeo-Resolute
|
|switch|p2a: Rotom-Wash|Rotom-Wash|152\/303
|
|-heal|p2a: Rotom-Wash|170\/303|[from] item: Leftovers
|
|switch|p1a: Landorus-Therian|Landorus-Therian, M|228\/320
|-ability|p1a: Landorus-Therian|Intimidate|[of] p2a: Rotom-Wash
|-unboost|p2a: Rotom-Wash|atk|1
|turn|11
|
|move|p1a: Landorus-Therian|U-turn|p2a: Rotom-Wash
|-damage|p2a: Rotom-Wash|97\/303
|
|switch|p1a: Excadrill|Excadrill, M|332\/362 par
|-ability|p1a: Excadrill|Mold Breaker
|move|p2a: Rotom-Wash|Hydro Pump|p1a: Excadrill
|-supereffective|p1a: Excadrill
|-damage|p1a: Excadrill|0 fnt
|faint|p1a: Excadrill
|
|-heal|p2a: Rotom-Wash|115\/303|[from] item: Leftovers
|
|switch|p1a: Landorus-Therian|Landorus-Therian, M|228\/320
|-ability|p1a: Landorus-Therian|Intimidate|[of] p2a: Rotom-Wash
|-unboost|p2a: Rotom-Wash|atk|1
|turn|12
|
|move|p1a: Landorus-Therian|Stone Edge|p2a: Rotom-Wash|[miss]
|-miss|p1a: Landorus-Therian|p2a: Rotom-Wash
|move|p2a: Rotom-Wash|Pain Split|p1a: Landorus-Therian
|-sethp|p1a: Landorus-Therian|171\/320|p2a: Rotom-Wash|171\/303|[from] move: Pain Split
|
|-heal|p2a: Rotom-Wash|189\/303|[from] item: Leftovers
|turn|13
|c|âTrainer Apollo|...
|c|âBulbasawr|ikr.
|
|move|p1a: Landorus-Therian|Stone Edge|p2a: Rotom-Wash
|-damage|p2a: Rotom-Wash|94\/303
|move|p2a: Rotom-Wash|Will-O-Wisp|p1a: Landorus-Therian|[miss]
|-miss|p2a: Rotom-Wash|p1a: Landorus-Therian
|
|-heal|p2a: Rotom-Wash|112\/303|[from] item: Leftovers
|turn|14
|
|switch|p2a: Flygon|Flygon, M|344\/344
|move|p1a: Landorus-Therian|Stone Edge|p2a: Flygon
|-resisted|p2a: Flygon
|-damage|p2a: Flygon|254\/344
|
|turn|15
|
|move|p1a: Landorus-Therian|Stone Edge|p2a: Flygon|[miss]
|-miss|p1a: Landorus-Therian|p2a: Flygon
|move|p2a: Flygon|U-turn|p1a: Landorus-Therian
|-resisted|p1a: Landorus-Therian
|-damage|p1a: Landorus-Therian|142\/320
|
|switch|p2a: Rotom-Wash|Rotom-Wash|112\/303
|
|-heal|p2a: Rotom-Wash|130\/303|[from] item: Leftovers
|turn|16
|
|move|p1a: Landorus-Therian|Stone Edge|p2a: Rotom-Wash
|-damage|p2a: Rotom-Wash|28\/303
|move|p2a: Rotom-Wash|Will-O-Wisp|p1a: Landorus-Therian
|-status|p1a: Landorus-Therian|brn
|
|-heal|p2a: Rotom-Wash|46\/303|[from] item: Leftovers
|-damage|p1a: Landorus-Therian|102\/320 brn|[from] brn
|turn|17
|
|move|p1a: Landorus-Therian|Stone Edge|p2a: Rotom-Wash
|-damage|p2a: Rotom-Wash|1\/303
|move|p2a: Rotom-Wash|Pain Split|p1a: Landorus-Therian
|-sethp|p1a: Landorus-Therian|51\/320 brn|p2a: Rotom-Wash|51\/303|[from] move: Pain Split
|
|-heal|p2a: Rotom-Wash|69\/303|[from] item: Leftovers
|-damage|p1a: Landorus-Therian|11\/320 brn|[from] brn
|turn|18
|
|switch|p2a: Flygon|Flygon, M|254\/344
|move|p1a: Landorus-Therian|Stone Edge|p2a: Flygon
|-resisted|p2a: Flygon
|-damage|p2a: Flygon|206\/344
|
|-damage|p1a: Landorus-Therian|0 fnt|[from] brn
|faint|p1a: Landorus-Therian
|
|switch|p1a: Dragonite|Dragonite, M|386\/386
|turn|19
|
|move|p2a: Flygon|U-turn|p1a: Dragonite
|-resisted|p1a: Dragonite
|-damage|p1a: Dragonite|372\/386
|
|switch|p2a: Whimsicott|Whimsicott, F|223\/322
|move|p1a: Dragonite|Dragon Dance|p1a: Dragonite
|-boost|p1a: Dragonite|atk|1
|-boost|p1a: Dragonite|spe|1
|
|turn|20
|
|move|p2a: Whimsicott|Encore|p1a: Dragonite
|-start|p1a: Dragonite|Encore
|move|p1a: Dragonite|Dragon Dance|p1a: Dragonite
|-boost|p1a: Dragonite|atk|1
|-boost|p1a: Dragonite|spe|1
|
|turn|21
|
|switch|p1a: Talonflame|Talonflame, M|298\/298
|move|p2a: Whimsicott|Stun Spore|p1a: Talonflame
|-status|p1a: Talonflame|par
|
|turn|22
|
|move|p2a: Whimsicott|Moonblast|p1a: Talonflame
|-resisted|p1a: Talonflame
|-damage|p1a: Talonflame|236\/298 par
|move|p1a: Talonflame|Swords Dance|p1a: Talonflame
|-boost|p1a: Talonflame|atk|2
|
|turn|23
|
|move|p2a: Whimsicott|Encore|p1a: Talonflame
|-start|p1a: Talonflame|Encore
|move|p1a: Talonflame|Swords Dance|p1a: Talonflame
|-boost|p1a: Talonflame|atk|2
|
|turn|24
|c|âBulbasawr|omg!
|c|âBulbasawr|lol
|
|switch|p1a: Dragonite|Dragonite, M|372\/386
|move|p2a: Whimsicott|U-turn|p1a: Dragonite
|-resisted|p1a: Dragonite
|-damage|p1a: Dragonite|351\/386
|c|âTrainer Apollo|dont try that child 
|c|âTrainer Apollo|not on my whimsi
|
|switch|p2a: Archeops|Archeops, F|311\/311
|
|turn|25
|
|move|p2a: Archeops|Head Smash|p1a: Dragonite
|-supereffective|p1a: Dragonite
|-damage|p1a: Dragonite|0 fnt
|-damage|p2a: Archeops|135\/311|[from] recoil|[of] p1a: Dragonite
|faint|p1a: Dragonite
|
|
|switch|p1a: Talonflame|Talonflame, M|236\/298 par
|turn|26
|
|move|p2a: Archeops|Head Smash|p1a: Talonflame
|-supereffective|p1a: Talonflame
|-damage|p1a: Talonflame|0 fnt
|-damage|p2a: Archeops|17\/311|[from] recoil|[of] p1a: Talonflame
|faint|p1a: Talonflame
|
|c|âTrainer Apollo|gg
|
|switch|p1a: Pinsir|Pinsir, M|334\/334
|turn|27
|
|detailschange|p1a: Pinsir|Pinsir-Mega, M
|message|Pinsir has Mega Evolved into Mega Pinsir!
|move|p1a: Pinsir|Quick Attack|p2a: Archeops
|-resisted|p2a: Archeops
|-damage|p2a: Archeops|0 fnt
|faint|p2a: Archeops
|
|
|switch|p2a: Jolteon|Jolteon, F|291\/291
|turn|28
|c|âBulbasawr|Pinsir can come thru.
|
|move|p2a: Jolteon|Volt Switch|p1a: Pinsir
|-supereffective|p1a: Pinsir
|-damage|p1a: Pinsir|30\/334
|-damage|p2a: Jolteon|262\/291|[from] item: Life Orb
|c|âBulbasawr|loL!
|
|switch|p2a: Whimsicott|Whimsicott, F|223\/322
|move|p1a: Pinsir|Swords Dance|p1a: Pinsir
|-boost|p1a: Pinsir|atk|2
|
|turn|29
|c|âBulbasawr|lol
|c|âTrainer Apollo|hmm
|
|move|p1a: Pinsir|Quick Attack|p2a: Whimsicott
|-supereffective|p2a: Whimsicott
|-damage|p2a: Whimsicott|0 fnt
|faint|p2a: Whimsicott
|
|c|âBulbasawr|Come through pinsir!
|
|switch|p2a: Jolteon|Jolteon, F|262\/291
|turn|30
|c|âBulbasawr|crit baby!
|
|move|p1a: Pinsir|Quick Attack|p2a: Jolteon
|-crit|p2a: Jolteon
|-resisted|p2a: Jolteon
|-damage|p2a: Jolteon|1\/291
|move|p2a: Jolteon|Volt Switch|p1a: Pinsir
|-supereffective|p1a: Pinsir
|-damage|p1a: Pinsir|0 fnt
|-damage|p2a: Jolteon|0 fnt|[from] item: Life Orb
|faint|p1a: Pinsir
|faint|p2a: Jolteon
|
|win|Trainer Apollo
|raw|Ladder updating...
|raw|Bulbasawr's rating: 1345 &rarr; <strong>1324<\/strong><br \/>(-21 for losing)
|raw|Trainer Apollo's rating: 1333 &rarr; <strong>1354<\/strong><br \/>(+21 for winning)
|c|âBulbasawr|OMG
|c|âTrainer Apollo|oh my
|c|âBulbasawr|gg!
|c|âBulbasawr|xD
|c|âTrainer Apollo|gg