|join|Bulbasawr
|join|Tantuch
|player|p1|Bulbasawr|162
|player|p2|Tantuch|169
|gametype|singles
|gen|6
|tier|ORAS OU
|rated
|rule|Sleep Clause Mod: Limit one foe put to sleep
|rule|Species Clause: Limit one of each PokÃ©mon
|rule|OHKO Clause: OHKO moves are banned
|rule|Moody Clause: Moody is banned
|rule|Evasion Moves Clause: Evasion moves are banned
|rule|Endless Battle Clause: Forcing endless battles is banned
|rule|HP Percentage Mod: HP is shown in percentages
|clearpoke
|poke|p1|Politoed, M
|poke|p1|Swampert, M
|poke|p1|Kabutops, F
|poke|p1|Kingdra, M
|poke|p1|Magnezone
|poke|p1|Greninja, F
|poke|p2|Kyurem-Black
|poke|p2|Sceptile, M
|poke|p2|Azumarill, F
|poke|p2|Skarmory, M
|poke|p2|Diggersby, F
|poke|p2|Latios, M
|rule|Swagger Clause: Swagger is banned
|rule|Baton Pass Clause: Limit one PokÃ©mon knowing Baton Pass
|teampreview
|
|start
|switch|p1a: Greninja|Greninja, F|285\/285
|switch|p2a: Sceptile|Sceptile, M|281\/281
|turn|1
|
|switch|p2a: Azumarill|Azumarill, F|342\/342
|move|p1a: Greninja|Ice Beam|p2a: Azumarill
|-start|p1a: Greninja|typechange|Ice|[from] Protean
|-resisted|p2a: Azumarill
|-damage|p2a: Azumarill|277\/342
|-damage|p1a: Greninja|257\/285|[from] item: Life Orb
|
|turn|2
|
|move|p2a: Azumarill|Aqua Jet|p1a: Greninja
|-damage|p1a: Greninja|157\/285
|move|p1a: Greninja|Gunk Shot|p2a: Azumarill
|-start|p1a: Greninja|typechange|Poison|[from] Protean
|-supereffective|p2a: Azumarill
|-damage|p2a: Azumarill|0 fnt
|-damage|p1a: Greninja|129\/285|[from] item: Life Orb
|faint|p2a: Azumarill
|
|
|switch|p2a: Diggersby|Diggersby, F|311\/311
|turn|3
|
|switch|p1a: Politoed|Politoed, M|384\/384
|-weather|RainDance
|move|p2a: Diggersby|Earthquake|p1a: Politoed
|-damage|p1a: Politoed|216\/384
|
|-weather|RainDance|[upkeep]
|turn|4
|
|move|p2a: Diggersby|Earthquake|p1a: Politoed
|-damage|p1a: Politoed|23\/384
|move|p1a: Politoed|Hypnosis|p2a: Diggersby
|-status|p2a: Diggersby|slp
|
|-weather|RainDance|[upkeep]
|turn|5
|
|switch|p1a: Swampert|Swampert, M|341\/341
|cant|p2a: Diggersby|slp
|
|-weather|RainDance|[upkeep]
|turn|6
|
|detailschange|p1a: Swampert|Swampert-Mega, M
|message|Swampert has Mega Evolved into Mega Swampert!
|-curestatus|p2a: Diggersby|slp
|move|p2a: Diggersby|Earthquake|p1a: Swampert
|-damage|p1a: Swampert|161\/341
|move|p1a: Swampert|Waterfall|p2a: Diggersby
|-supereffective|p2a: Diggersby
|-damage|p2a: Diggersby|0 fnt
|faint|p2a: Diggersby
|
|-weather|RainDance|[upkeep]
|
|switch|p2a: Skarmory|Skarmory, M|271\/271
|turn|7
|
|move|p1a: Swampert|Waterfall|p2a: Skarmory
|-damage|p2a: Skarmory|108\/271
|move|p2a: Skarmory|Roost|p2a: Skarmory
|-heal|p2a: Skarmory|244\/271
|
|-weather|RainDance|[upkeep]
|turn|8
|
|switch|p1a: Magnezone|Magnezone|344\/344
|move|p2a: Skarmory|Roost|p2a: Skarmory
|-heal|p2a: Skarmory|271\/271
|
|-weather|RainDance|[upkeep]
|turn|9
|
|switch|p2a: Kyurem-Black|Kyurem-Black|391\/391
|-ability|p2a: Kyurem-Black|Teravolt
|move|p1a: Magnezone|Volt Switch|p2a: Kyurem-Black
|-resisted|p2a: Kyurem-Black
|-damage|p2a: Kyurem-Black|271\/391
|
|switch|p1a: Kabutops|Kabutops, F|262\/262
|
|-weather|RainDance|[upkeep]
|turn|10
|
|switch|p2a: Skarmory|Skarmory, M|271\/271
|move|p1a: Kabutops|Stone Edge|p2a: Skarmory
|-damage|p2a: Skarmory|123\/271
|-damage|p1a: Kabutops|236\/262|[from] item: Life Orb
|
|-weather|none
|turn|11
|
|switch|p1a: Magnezone|Magnezone|344\/344
|move|p2a: Skarmory|Stealth Rock|p1a: Magnezone
|-sidestart|p1: Bulbasawr|move: Stealth Rock
|
|turn|12
|
|move|p2a: Skarmory|Brave Bird|p1a: Magnezone
|-resisted|p1a: Magnezone
|-damage|p1a: Magnezone|317\/344
|-damage|p2a: Skarmory|114\/271|[from] recoil|[of] p1a: Magnezone
|move|p1a: Magnezone|Volt Switch|p2a: Skarmory
|-supereffective|p2a: Skarmory
|-damage|p2a: Skarmory|0 fnt
|faint|p2a: Skarmory
|
|switch|p1a: Politoed|Politoed, M|23\/384
|-damage|p1a: Politoed|0 fnt|[from] Stealth Rock
|faint|p1a: Politoed
|
|
|switch|p2a: Kyurem-Black|Kyurem-Black|271\/391
|switch|p1a: Greninja|Greninja, F|129\/285
|-damage|p1a: Greninja|94\/285|[from] Stealth Rock
|-ability|p2a: Kyurem-Black|Teravolt
|turn|13
|
|switch|p1a: Magnezone|Magnezone|317\/344
|-damage|p1a: Magnezone|296\/344|[from] Stealth Rock
|move|p2a: Kyurem-Black|Fusion Bolt|p1a: Magnezone
|-resisted|p1a: Magnezone
|-damage|p1a: Magnezone|239\/344
|
|turn|14
|
|switch|p2a: Latios|Latios, M|302\/302
|move|p1a: Magnezone|Volt Switch|p2a: Latios
|-resisted|p2a: Latios
|-damage|p2a: Latios|204\/302
|
|switch|p1a: Greninja|Greninja, F|94\/285
|-damage|p1a: Greninja|59\/285|[from] Stealth Rock
|
|turn|15
|
|switch|p2a: Kyurem-Black|Kyurem-Black|271\/391
|-ability|p2a: Kyurem-Black|Teravolt
|move|p1a: Greninja|Ice Beam|p2a: Kyurem-Black
|-start|p1a: Greninja|typechange|Ice|[from] Protean
|-damage|p2a: Kyurem-Black|72\/391
|-damage|p1a: Greninja|31\/285|[from] item: Life Orb
|
|turn|16
|
|move|p2a: Kyurem-Black|Ice Beam|p1a: Greninja
|-resisted|p1a: Greninja
|-damage|p1a: Greninja|0 fnt
|faint|p1a: Greninja
|
|
|switch|p1a: Magnezone|Magnezone|239\/344
|-damage|p1a: Magnezone|218\/344|[from] Stealth Rock
|turn|17
|
|move|p2a: Kyurem-Black|Ice Beam|p1a: Magnezone
|-resisted|p1a: Magnezone
|-damage|p1a: Magnezone|141\/344
|move|p1a: Magnezone|Flash Cannon|p2a: Kyurem-Black
|-supereffective|p2a: Kyurem-Black
|-damage|p2a: Kyurem-Black|0 fnt
|faint|p2a: Kyurem-Black
|
|
|switch|p2a: Sceptile|Sceptile, M|281\/281
|turn|18
|
|detailschange|p2a: Sceptile|Sceptile-Mega, M
|message|Sceptile has Mega Evolved into Mega Sceptile!
|move|p2a: Sceptile|Focus Blast|p1a: Magnezone|[miss]
|-miss|p2a: Sceptile|p1a: Magnezone
|move|p1a: Magnezone|Flash Cannon|p2a: Sceptile
|-damage|p2a: Sceptile|0 fnt
|faint|p2a: Sceptile
|
|
|switch|p2a: Latios|Latios, M|204\/302
|turn|19
|
|move|p2a: Latios|Psyshock|p1a: Magnezone
|-resisted|p1a: Magnezone
|-damage|p1a: Magnezone|64\/344
|-damage|p2a: Latios|174\/302|[from] item: Life Orb
|move|p1a: Magnezone|Flash Cannon|p2a: Latios
|-damage|p2a: Latios|0 fnt
|faint|p2a: Latios
|
|win|Bulbasawr
|raw|Ladder updating...
|raw|Bulbasawr's rating: 1286 &rarr; <strong>1306<\/strong><br \/>(+20 for winning)
|raw|Tantuch's rating: 1223 &rarr; <strong>1202<\/strong><br \/>(-21 for losing)
|leave|Bulbasawr
|player|p1