|join|BlazenGlory420
|join|Bulbasawr
|player|p1|BlazenGlory420|184
|player|p2|Bulbasawr|279
|gametype|singles
|gen|6
|tier|ORAS OU
|rated
|rule|Sleep Clause Mod: Limit one foe put to sleep
|rule|Species Clause: Limit one of each PokÃ©mon
|rule|OHKO Clause: OHKO moves are banned
|rule|Moody Clause: Moody is banned
|rule|Evasion Moves Clause: Evasion moves are banned
|rule|Endless Battle Clause: Forcing endless battles is banned
|rule|HP Percentage Mod: HP is shown in percentages
|clearpoke
|poke|p1|Lopunny, M
|poke|p1|Bisharp, F, shiny
|poke|p1|Landorus, M
|poke|p1|Rotom-Wash
|poke|p1|Azumarill, F
|poke|p1|Garchomp, M
|poke|p2|Politoed, F
|poke|p2|Kabutops, F
|poke|p2|Greninja, M
|poke|p2|Crawdaunt, F
|poke|p2|Kingdra, M
|poke|p2|Swampert, M
|rule|Swagger Clause: Swagger is banned
|rule|Baton Pass Clause: Limit one PokÃ©mon knowing Baton Pass
|teampreview
|join|piplup is asowm
|c| piplup is asowm|hi friends mew is awesome!!!!!!!!!!!!!!!!!  
|c|âBlazenGlory420|ok
|c|âBlazenGlory420|im trusting u
|
|start
|switch|p1a: Rotom-Wash|Rotom-Wash|304\/304
|switch|p2a: Swampert|Swampert, M|341\/341
|turn|1
|c| piplup is asowm|start now
|c|âBlazenGlory420|im going to use a mew if i ever lose with 1 ill cry
|
|switch|p2a: Politoed|Politoed, F|384\/384
|-weather|RainDance
|move|p1a: Rotom-Wash|Will-O-Wisp|p2a: Politoed
|-status|p2a: Politoed|brn
|
|-weather|RainDance|[upkeep]
|-damage|p2a: Politoed|336\/384 brn|[from] brn
|turn|2
|
|switch|p2a: Kingdra|Kingdra, M|291\/291
|move|p1a: Rotom-Wash|Volt Switch|p2a: Kingdra
|-damage|p2a: Kingdra|188\/291
|leave|piplup is asowm
|
|switch|p1a: Azumarill|Azumarill, F|341\/341
|
|-weather|RainDance|[upkeep]
|turn|3
|
|move|p2a: Kingdra|Scald|p1a: Azumarill
|-resisted|p1a: Azumarill
|-damage|p1a: Azumarill|271\/341
|-damage|p2a: Kingdra|159\/291|[from] item: Life Orb
|move|p1a: Azumarill|Play Rough|p2a: Kingdra
|-supereffective|p2a: Kingdra
|-damage|p2a: Kingdra|0 fnt
|faint|p2a: Kingdra
|
|-weather|RainDance|[upkeep]
|
|switch|p2a: Greninja|Greninja, M|286\/286
|turn|4
|
|switch|p1a: Bisharp|Bisharp, F, shiny|321\/321
|move|p2a: Greninja|Gunk Shot|p1a: Bisharp
|-start|p2a: Greninja|typechange|Poison|[from] Protean
|-immune|p1a: Bisharp|[msg]
|
|-weather|RainDance|[upkeep]
|turn|5
|
|switch|p2a: Swampert|Swampert, M|341\/341
|move|p1a: Bisharp|Sucker Punch|p2a: Swampert
|-fail|p2a: Swampert
|
|-weather|RainDance|[upkeep]
|turn|6
|
|switch|p1a: Rotom-Wash|Rotom-Wash|304\/304
|detailschange|p2a: Swampert|Swampert-Mega, M
|message|Swampert has Mega Evolved into Mega Swampert!
|move|p2a: Swampert|Waterfall|p1a: Rotom-Wash
|-resisted|p1a: Rotom-Wash
|-damage|p1a: Rotom-Wash|214\/304
|
|-weather|RainDance|[upkeep]
|-heal|p1a: Rotom-Wash|233\/304|[from] item: Leftovers
|turn|7
|
|switch|p2a: Greninja|Greninja, M|286\/286
|move|p1a: Rotom-Wash|Hydro Pump|p2a: Greninja
|-resisted|p2a: Greninja
|-damage|p2a: Greninja|138\/286
|
|-weather|RainDance|[upkeep]
|-heal|p1a: Rotom-Wash|252\/304|[from] item: Leftovers
|turn|8
|
|move|p2a: Greninja|Extrasensory|p1a: Rotom-Wash
|-start|p2a: Greninja|typechange|Psychic|[from] Protean
|-damage|p1a: Rotom-Wash|92\/304
|-damage|p2a: Greninja|110\/286|[from] item: Life Orb
|move|p1a: Rotom-Wash|Volt Switch|p2a: Greninja
|-damage|p2a: Greninja|0 fnt
|faint|p2a: Greninja
|
|switch|p1a: Lopunny|Lopunny, M|271\/271
|
|-weather|none
|
|switch|p2a: Swampert|Swampert-Mega, M|341\/341
|turn|9
|
|detailschange|p1a: Lopunny|Lopunny-Mega, M
|message|Lopunny has Mega Evolved into Mega Lopunny!
|move|p1a: Lopunny|Fake Out|p2a: Swampert
|-damage|p2a: Swampert|274\/341
|cant|p2a: Swampert|flinch
|
|turn|10
|
|switch|p1a: Garchomp|Garchomp, M|357\/357
|move|p2a: Swampert|Waterfall|p1a: Garchomp
|-damage|p1a: Garchomp|159\/357
|-damage|p2a: Swampert|232\/341|[from] ability: Rough Skin|[of] p1a: Garchomp
|-damage|p2a: Swampert|176\/341|[from] item: Rocky Helmet|[of] p1a: Garchomp
|
|turn|11
|
|move|p1a: Garchomp|Stealth Rock|p2a: Swampert
|-sidestart|p2: Bulbasawr|move: Stealth Rock
|move|p2a: Swampert|Earthquake|p1a: Garchomp
|-damage|p1a: Garchomp|0 fnt
|faint|p1a: Garchomp
|
|
|switch|p1a: Rotom-Wash|Rotom-Wash|92\/304
|turn|12
|
|move|p2a: Swampert|Superpower|p1a: Rotom-Wash
|-damage|p1a: Rotom-Wash|0 fnt
|-unboost|p2a: Swampert|atk|1
|-unboost|p2a: Swampert|def|1
|faint|p1a: Rotom-Wash
|
|
|switch|p1a: Lopunny|Lopunny-Mega, M|271\/271
|turn|13
|
|switch|p2a: Politoed|Politoed, F|336\/384 brn
|-damage|p2a: Politoed|288\/384 brn|[from] Stealth Rock
|-weather|RainDance
|move|p1a: Lopunny|High Jump Kick|p2a: Politoed
|-damage|p2a: Politoed|77\/384 brn
|
|-weather|RainDance|[upkeep]
|-damage|p2a: Politoed|29\/384 brn|[from] brn
|turn|14
|
|move|p1a: Lopunny|Return|p2a: Politoed
|-damage|p2a: Politoed|0 fnt
|faint|p2a: Politoed
|
|-weather|RainDance|[upkeep]
|
|switch|p2a: Kabutops|Kabutops, F|262\/262
|-damage|p2a: Kabutops|230\/262|[from] Stealth Rock
|turn|15
|
|switch|p1a: Bisharp|Bisharp, F, shiny|321\/321
|move|p2a: Kabutops|Waterfall|p1a: Bisharp
|-damage|p1a: Bisharp|25\/321
|-damage|p2a: Kabutops|204\/262|[from] item: Life Orb
|
|-weather|RainDance|[upkeep]
|turn|16
|
|move|p2a: Kabutops|Aqua Jet|p1a: Bisharp
|-damage|p1a: Bisharp|0 fnt
|-damage|p2a: Kabutops|178\/262|[from] item: Life Orb
|faint|p1a: Bisharp
|
|-weather|RainDance|[upkeep]
|join|badkid69
|
|switch|p1a: Azumarill|Azumarill, F|271\/341
|turn|17
|
|move|p2a: Kabutops|Stone Edge|p1a: Azumarill
|-damage|p1a: Azumarill|0 fnt
|-damage|p2a: Kabutops|152\/262|[from] item: Life Orb
|faint|p1a: Azumarill
|
|-weather|RainDance|[upkeep]
|c| badkid69|your bad kid
|
|switch|p1a: Lopunny|Lopunny-Mega, M|271\/271
|turn|18
|
|switch|p2a: Swampert|Swampert-Mega, M|176\/341
|-damage|p2a: Swampert|155\/341|[from] Stealth Rock
|move|p1a: Lopunny|Fake Out|p2a: Swampert
|-damage|p2a: Swampert|85\/341
|
|-weather|RainDance|[upkeep]
|turn|19
|c| badkid69|Friends get untied     un tied
|
|switch|p1a: Landorus|Landorus, M|320\/320
|move|p2a: Swampert|Waterfall|p1a: Landorus
|-supereffective|p1a: Landorus
|-damage|p1a: Landorus|0 fnt
|faint|p1a: Landorus
|
|-weather|RainDance|[upkeep]
|
|switch|p1a: Lopunny|Lopunny-Mega, M|271\/271
|turn|20
|
|move|p1a: Lopunny|Fake Out|p2a: Swampert
|-damage|p2a: Swampert|16\/341
|cant|p2a: Swampert|flinch
|
|-weather|none
|turn|21
|c| badkid69|killlllllll him!!!!!!
|
|move|p1a: Lopunny|Return|p2a: Swampert
|-damage|p2a: Swampert|0 fnt
|faint|p2a: Swampert
|
|c| badkid69|Finish Him!
|
|switch|p2a: Crawdaunt|Crawdaunt, F|267\/267
|-damage|p2a: Crawdaunt|234\/267|[from] Stealth Rock
|turn|22
|
|move|p2a: Crawdaunt|Aqua Jet|p1a: Lopunny
|-damage|p1a: Lopunny|167\/271
|move|p1a: Lopunny|High Jump Kick|p2a: Crawdaunt
|-supereffective|p2a: Crawdaunt
|-damage|p2a: Crawdaunt|0 fnt
|faint|p2a: Crawdaunt
|
|
|switch|p2a: Kabutops|Kabutops, F|152\/262
|-damage|p2a: Kabutops|120\/262|[from] Stealth Rock
|turn|23
|
|move|p2a: Kabutops|Aqua Jet|p1a: Lopunny
|-damage|p1a: Lopunny|66\/271
|-damage|p2a: Kabutops|94\/262|[from] item: Life Orb
|move|p1a: Lopunny|High Jump Kick|p2a: Kabutops
|-supereffective|p2a: Kabutops
|-damage|p2a: Kabutops|0 fnt
|faint|p2a: Kabutops
|
|win|BlazenGlory420
|raw|Ladder updating...
|raw|BlazenGlory420's rating: 1308 &rarr; <strong>1329<\/strong><br \/>(+21 for winning)
|raw|Bulbasawr's rating: 1327 &rarr; <strong>1306<\/strong><br \/>(-21 for losing)
|c|âBlazenGlory420|close game gg
|leave|Bulbasawr
|player|p2