|join|Bulbasawr
|join|Inferns
|player|p1|Bulbasawr|162
|player|p2|Inferns|1
|gametype|singles
|gen|6
|tier|OU
|rated
|clearpoke
|poke|p1|Tyranitar, M
|poke|p1|Dragonite, F
|poke|p1|Greninja, M
|poke|p1|Keldeo-Resolute
|poke|p1|Excadrill, M
|poke|p1|Talonflame, F
|poke|p2|Gyarados, M, shiny
|poke|p2|Bisharp, M
|poke|p2|Zapdos
|poke|p2|Keldeo-Resolute
|poke|p2|Conkeldurr, M
|poke|p2|Dragonite, F
|rule|Swagger Clause: Swagger is banned
|rule|Baton Pass Clause: Limit one PokÃ©mon knowing Baton Pass
|rule|Sleep Clause Mod: Limit one foe put to sleep
|rule|Species Clause: Limit one of each PokÃ©mon
|rule|OHKO Clause: OHKO moves are banned
|rule|Moody Clause: Moody is banned
|rule|Evasion Moves Clause: Evasion moves are banned
|rule|Endless Battle Clause: Forcing endless battles is banned
|rule|HP Percentage Mod: HP is shown in percentages
|teampreview
|
|start
|switch|p1a: Keldeo-Resolute|Keldeo-Resolute|322\/322
|switch|p2a: Bisharp|Bisharp, M|271\/271
|turn|1
|
|move|p1a: Keldeo-Resolute|Scald|p2a: Bisharp
|-enditem|p2a: Bisharp|Focus Sash
|-damage|p2a: Bisharp|1\/271
|-status|p2a: Bisharp|brn
|move|p2a: Bisharp|Stealth Rock|p1a: Keldeo-Resolute
|-sidestart|p1: Bulbasawr|move: Stealth Rock
|
|-damage|p2a: Bisharp|0 fnt|[from] brn
|faint|p2a: Bisharp
|
|switch|p2a: Conkeldurr|Conkeldurr, M|351\/351
|turn|2
|
|move|p1a: Keldeo-Resolute|Scald|p2a: Conkeldurr
|-damage|p2a: Conkeldurr|201\/351
|move|p2a: Conkeldurr|Knock Off|p1a: Keldeo-Resolute
|-resisted|p1a: Keldeo-Resolute
|-damage|p1a: Keldeo-Resolute|253\/322
|-boost|p1a: Keldeo-Resolute|atk|1|[from] ability: Justified
|-enditem|p1a: Keldeo-Resolute|Choice Specs|[from] move: Knock Off|[of] p2a: Conkeldurr
|
|turn|3
|
|move|p1a: Keldeo-Resolute|Scald|p2a: Conkeldurr
|-damage|p2a: Conkeldurr|101\/351
|move|p2a: Conkeldurr|Drain Punch|p1a: Keldeo-Resolute
|-damage|p1a: Keldeo-Resolute|87\/322
|-heal|p2a: Conkeldurr|184\/351|[from] drain|[of] p1a: Keldeo-Resolute
|
|turn|4
|
|move|p1a: Keldeo-Resolute|Hidden Power|p2a: Conkeldurr
|-supereffective|p2a: Conkeldurr
|-damage|p2a: Conkeldurr|78\/351
|move|p2a: Conkeldurr|Drain Punch|p1a: Keldeo-Resolute
|-damage|p1a: Keldeo-Resolute|0 fnt
|-heal|p2a: Conkeldurr|122\/351|[from] drain|[of] p1a: Keldeo-Resolute
|faint|p1a: Keldeo-Resolute
|
|
|switch|p1a: Dragonite|Dragonite, F|386\/386
|-damage|p1a: Dragonite|290\/386|[from] Stealth Rock
|turn|5
|
|move|p1a: Dragonite|Outrage|p2a: Conkeldurr
|-crit|p2a: Conkeldurr
|-damage|p2a: Conkeldurr|0 fnt
|faint|p2a: Conkeldurr
|
|
|switch|p2a: Gyarados|Gyarados, M, shiny|331\/331
|-ability|p2a: Gyarados|Intimidate|[of] p1a: Dragonite
|-unboost|p1a: Dragonite|atk|1
|turn|6
|
|detailschange|p2a: Gyarados|Gyarados-Mega, M, shiny
|message|Gyarados has Mega Evolved into Mega Gyarados!
|-ability|p2a: Gyarados|Mold Breaker
|move|p2a: Gyarados|Dragon Dance|p2a: Gyarados
|-boost|p2a: Gyarados|atk|1
|-boost|p2a: Gyarados|spe|1
|move|p1a: Dragonite|Outrage|p2a: Gyarados
|-damage|p2a: Gyarados|118\/331
|
|turn|7
|
|move|p2a: Gyarados|Ice Fang|p1a: Dragonite
|-supereffective|p1a: Dragonite
|-damage|p1a: Dragonite|0 fnt
|faint|p1a: Dragonite
|
|
|switch|p1a: Talonflame|Talonflame, F|298\/298
|-damage|p1a: Talonflame|149\/298|[from] Stealth Rock
|turn|8
|
|switch|p2a: Zapdos|Zapdos|384\/384
|-ability|p2a: Zapdos|Pressure
|move|p1a: Talonflame|Brave Bird|p2a: Zapdos
|-resisted|p2a: Zapdos
|-damage|p2a: Zapdos|302\/384
|-damage|p1a: Talonflame|122\/298|[from] recoil|[of] p2a: Zapdos
|
|-heal|p2a: Zapdos|326\/384|[from] item: Leftovers
|turn|9
|
|move|p1a: Talonflame|Flare Blitz|p2a: Zapdos
|-damage|p2a: Zapdos|173\/384
|-damage|p1a: Talonflame|72\/298|[from] recoil|[of] p2a: Zapdos
|move|p2a: Zapdos|Heat Wave|p1a: Talonflame
|-resisted|p1a: Talonflame
|-damage|p1a: Talonflame|3\/298
|
|-heal|p2a: Zapdos|197\/384|[from] item: Leftovers
|turn|10
|
|move|p1a: Talonflame|Roost|p1a: Talonflame
|-heal|p1a: Talonflame|152\/298
|move|p2a: Zapdos|Roost|p2a: Zapdos
|-heal|p2a: Zapdos|384\/384
|
|turn|11
|
|move|p1a: Talonflame|Flare Blitz|p2a: Zapdos
|-damage|p2a: Zapdos|225\/384
|-damage|p1a: Talonflame|100\/298|[from] recoil|[of] p2a: Zapdos
|move|p2a: Zapdos|Discharge|p1a: Talonflame
|-supereffective|p1a: Talonflame
|-damage|p1a: Talonflame|0 fnt
|faint|p1a: Talonflame
|
|-heal|p2a: Zapdos|249\/384|[from] item: Leftovers
|
|switch|p1a: Greninja|Greninja, M|286\/286
|-damage|p1a: Greninja|251\/286|[from] Stealth Rock
|turn|12
|
|move|p1a: Greninja|Ice Beam|p2a: Zapdos
|-start|p1a: Greninja|typechange|Ice|[from] Protean
|-supereffective|p2a: Zapdos
|-damage|p2a: Zapdos|0 fnt
|-damage|p1a: Greninja|223\/286|[from] item: Life Orb
|faint|p2a: Zapdos
|
|
|switch|p2a: Dragonite|Dragonite, F|323\/323
|turn|13
|
|move|p2a: Dragonite|Extreme Speed|p1a: Greninja
|-damage|p1a: Greninja|0 fnt
|faint|p1a: Greninja
|
|
|switch|p1a: Tyranitar|Tyranitar, M|404\/404
|-damage|p1a: Tyranitar|354\/404|[from] Stealth Rock
|-weather|Sandstorm
|turn|14
|
|move|p1a: Tyranitar|Pursuit|p2a: Dragonite|[from]Pursuit
|-damage|p2a: Dragonite|257\/323
|switch|p2a: Gyarados|Gyarados-Mega, M, shiny|118\/331
|-ability|p2a: Gyarados|Mold Breaker
|
|-weather|Sandstorm|[upkeep]
|-damage|p2a: Gyarados|98\/331|[from] sandstorm
|turn|15
|
|move|p2a: Gyarados|Waterfall|p1a: Tyranitar
|-supereffective|p1a: Tyranitar
|-damage|p1a: Tyranitar|46\/404
|move|p1a: Tyranitar|Earthquake|p2a: Gyarados
|-damage|p2a: Gyarados|11\/331
|
|-weather|Sandstorm|[upkeep]
|-damage|p2a: Gyarados|0 fnt|[from] sandstorm
|faint|p2a: Gyarados
|
|switch|p2a: Dragonite|Dragonite, F|257\/323
|turn|16
|
|move|p2a: Dragonite|Fire Punch|p1a: Tyranitar
|-resisted|p1a: Tyranitar
|-damage|p1a: Tyranitar|0 fnt
|faint|p1a: Tyranitar
|
|-weather|Sandstorm|[upkeep]
|-damage|p2a: Dragonite|237\/323|[from] sandstorm
|
|switch|p1a: Excadrill|Excadrill, M|362\/362
|-damage|p1a: Excadrill|351\/362|[from] Stealth Rock
|-item|p1a: Excadrill|Air Balloon
|turn|17
|
|move|p1a: Excadrill|Iron Head|p2a: Dragonite
|-damage|p2a: Dragonite|83\/323
|move|p2a: Dragonite|Fire Punch|p1a: Excadrill
|-supereffective|p1a: Excadrill
|-damage|p1a: Excadrill|0 fnt
|-enditem|p1a: Excadrill|Air Balloon
|faint|p1a: Excadrill
|
|win|Inferns
|raw|Ladder updating...
|raw|Bulbasawr's rating: 1547 &rarr; <strong>1526<\/strong><br \/>(-21 for losing)
|raw|Inferns's rating: 1515 &rarr; <strong>1537<\/strong><br \/>(+22 for winning)