|join|Bulbasawr
|join|theslothmaster98
|player|p1|Bulbasawr|265
|player|p2|theslothmaster98|137
|gametype|singles
|gen|6
|tier|OU
|rated
|clearpoke
|poke|p1|Scolipede, F
|poke|p1|Pinsir, M
|poke|p1|Excadrill, M
|poke|p1|Talonflame, M
|poke|p1|Greninja, M
|poke|p1|Keldeo-Resolute
|poke|p2|Metagross, shiny
|poke|p2|Greninja, M, shiny
|poke|p2|Landorus-Therian, M
|poke|p2|Clefable, M
|poke|p2|Garchomp, M
|poke|p2|Breloom, M
|rule|Swagger Clause: Swagger is banned
|rule|Baton Pass Clause: Limit one PokÃ©mon knowing Baton Pass
|rule|Sleep Clause Mod: Limit one foe put to sleep
|rule|Species Clause: Limit one of each PokÃ©mon
|rule|OHKO Clause: OHKO moves are banned
|rule|Moody Clause: Moody is banned
|rule|Evasion Moves Clause: Evasion moves are banned
|rule|Endless Battle Clause: Forcing endless battles is banned
|rule|HP Percentage Mod: HP is shown in percentages
|teampreview
|
|start
|switch|p1a: Scolipede|Scolipede, F|262\/262
|switch|p2a: Breloom|Breloom, M|262\/262
|turn|1
|
|move|p1a: Scolipede|X-Scissor|p2a: Breloom
|-damage|p2a: Breloom|111\/262
|move|p2a: Breloom|Rock Tomb|p1a: Scolipede
|-supereffective|p1a: Scolipede
|-damage|p1a: Scolipede|22\/262
|-unboost|p1a: Scolipede|spe|1
|
|-boost|p1a: Scolipede|spe|1|[from] ability: Speed Boost
|turn|2
|
|switch|p1a: Talonflame|Talonflame, M|298\/298
|move|p2a: Breloom|Mach Punch|p1a: Talonflame
|-crit|p1a: Talonflame
|-resisted|p1a: Talonflame
|-damage|p1a: Talonflame|188\/298
|
|turn|3
|
|switch|p2a: Landorus-Therian|Landorus-Therian, M|382\/382
|-ability|p2a: Landorus-Therian|Intimidate|[of] p1a: Talonflame
|-unboost|p1a: Talonflame|atk|1
|move|p1a: Talonflame|U-turn|p2a: Landorus-Therian
|-resisted|p2a: Landorus-Therian
|-damage|p2a: Landorus-Therian|359\/382
|
|switch|p1a: Keldeo-Resolute|Keldeo-Resolute|323\/323
|
|-heal|p2a: Landorus-Therian|382\/382|[from] item: Leftovers
|turn|4
|
|switch|p2a: Clefable|Clefable, M|394\/394
|move|p1a: Keldeo-Resolute|Scald|p2a: Clefable
|-damage|p2a: Clefable|291\/394
|
|-heal|p2a: Clefable|315\/394|[from] item: Leftovers
|turn|5
|
|switch|p1a: Excadrill|Excadrill, M|361\/361
|-ability|p1a: Excadrill|Mold Breaker
|-item|p1a: Excadrill|Air Balloon
|move|p2a: Clefable|Moonblast|p1a: Excadrill
|-resisted|p1a: Excadrill
|-damage|p1a: Excadrill|281\/361
|-enditem|p1a: Excadrill|Air Balloon
|
|-heal|p2a: Clefable|339\/394|[from] item: Leftovers
|turn|6
|
|switch|p2a: Landorus-Therian|Landorus-Therian, M|382\/382
|-ability|p2a: Landorus-Therian|Intimidate|[of] p1a: Excadrill
|-unboost|p1a: Excadrill|atk|1
|move|p1a: Excadrill|Stealth Rock|p2a: Landorus-Therian
|-sidestart|p2: theslothmaster98|move: Stealth Rock
|
|turn|7
|
|switch|p1a: Talonflame|Talonflame, M|188\/298
|move|p2a: Landorus-Therian|Stealth Rock|p1a: Talonflame
|-sidestart|p1: Bulbasawr|move: Stealth Rock
|
|turn|8
|
|move|p1a: Talonflame|U-turn|p2a: Landorus-Therian
|-resisted|p2a: Landorus-Therian
|-damage|p2a: Landorus-Therian|349\/382
|
|switch|p1a: Excadrill|Excadrill, M|281\/361
|-damage|p1a: Excadrill|270\/361|[from] Stealth Rock
|-ability|p1a: Excadrill|Mold Breaker
|move|p2a: Landorus-Therian|Knock Off|p1a: Excadrill
|-damage|p1a: Excadrill|166\/361
|
|-heal|p2a: Landorus-Therian|372\/382|[from] item: Leftovers
|turn|9
|
|move|p1a: Excadrill|Rapid Spin|p2a: Landorus-Therian
|-damage|p2a: Landorus-Therian|351\/382
|-sideend|p1: Bulbasawr|Stealth Rock|[from] move: Rapid Spin|[of] p1a: Excadrill
|move|p2a: Landorus-Therian|Earthquake|p1a: Excadrill
|-supereffective|p1a: Excadrill
|-damage|p1a: Excadrill|0 fnt
|faint|p1a: Excadrill
|
|-heal|p2a: Landorus-Therian|374\/382|[from] item: Leftovers
|
|switch|p1a: Greninja|Greninja, M|286\/286
|turn|10
|
|switch|p2a: Breloom|Breloom, M|111\/262
|-damage|p2a: Breloom|95\/262|[from] Stealth Rock
|move|p1a: Greninja|Ice Punch|p2a: Breloom
|-start|p1a: Greninja|typechange|Ice|[from] Protean
|-supereffective|p2a: Breloom
|-damage|p2a: Breloom|0 fnt
|-damage|p1a: Greninja|258\/286|[from] item: Life Orb
|faint|p2a: Breloom
|
|
|switch|p2a: Landorus-Therian|Landorus-Therian, M|374\/382
|-damage|p2a: Landorus-Therian|327\/382|[from] Stealth Rock
|-ability|p2a: Landorus-Therian|Intimidate|[of] p1a: Greninja
|-unboost|p1a: Greninja|atk|1
|turn|11
|
|switch|p2a: Greninja|Greninja, M, shiny|285\/285
|-damage|p2a: Greninja|250\/285|[from] Stealth Rock
|move|p1a: Greninja|Ice Punch|p2a: Greninja
|-resisted|p2a: Greninja
|-damage|p2a: Greninja|180\/285
|-damage|p1a: Greninja|230\/286|[from] item: Life Orb
|
|turn|12
|
|move|p1a: Greninja|Gunk Shot|p2a: Greninja
|-start|p1a: Greninja|typechange|Poison|[from] Protean
|-damage|p2a: Greninja|0 fnt
|-damage|p1a: Greninja|202\/286|[from] item: Life Orb
|faint|p2a: Greninja
|
|
|switch|p2a: Garchomp|Garchomp, M|357\/357
|-damage|p2a: Garchomp|335\/357|[from] Stealth Rock
|turn|13
|
|switch|p1a: Scolipede|Scolipede, F|22\/262
|move|p2a: Garchomp|Stealth Rock|p1a: Scolipede
|-sidestart|p1: Bulbasawr|move: Stealth Rock
|
|turn|14
|
|switch|p2a: Landorus-Therian|Landorus-Therian, M|327\/382
|-damage|p2a: Landorus-Therian|280\/382|[from] Stealth Rock
|-ability|p2a: Landorus-Therian|Intimidate|[of] p1a: Scolipede
|-unboost|p1a: Scolipede|atk|1
|move|p1a: Scolipede|Earthquake|p2a: Landorus-Therian
|-immune|p2a: Landorus-Therian|[msg]
|
|-heal|p2a: Landorus-Therian|303\/382|[from] item: Leftovers
|-boost|p1a: Scolipede|spe|1|[from] ability: Speed Boost
|turn|15
|
|move|p1a: Scolipede|Swords Dance|p1a: Scolipede
|-boost|p1a: Scolipede|atk|2
|move|p2a: Landorus-Therian|U-turn|p1a: Scolipede
|-resisted|p1a: Scolipede
|-damage|p1a: Scolipede|0 fnt
|faint|p1a: Scolipede
|
|switch|p2a: Garchomp|Garchomp, M|335\/357
|-damage|p2a: Garchomp|313\/357|[from] Stealth Rock
|
|
|switch|p1a: Greninja|Greninja, M|202\/286
|-damage|p1a: Greninja|167\/286|[from] Stealth Rock
|turn|16
|
|move|p2a: Garchomp|Outrage|p1a: Greninja
|-damage|p1a: Greninja|0 fnt
|faint|p1a: Greninja
|
|leave|Bulbasawr
|player|p1
|-message|bulbasawr lost due to inactivity.
|
|win|theslothmaster98
|raw|Ladder updating...
|raw|Bulbasawr's rating: 1563 &rarr; <strong>1541<\/strong><br \/>(-22 for losing)
|raw|theslothmaster98's rating: 1525 &rarr; <strong>1548<\/strong><br \/>(+23 for winning)
|leave|theslothmaster98
|player|p2
|join|theslothmaster98