|join|CedOmega
|join|Bulbasawr
|player|p1|CedOmega|169
|player|p2|Bulbasawr|101
|gametype|singles
|gen|6
|tier|OU
|rated
|clearpoke
|poke|p1|Charizard, M, shiny
|poke|p1|Gliscor, F
|poke|p1|Azumarill, M
|poke|p1|Aegislash, M, shiny
|poke|p1|Rotom-Wash
|poke|p1|Chansey, F
|poke|p2|Politoed, F
|poke|p2|Kabutops, F
|poke|p2|Manectric, F
|poke|p2|Kingdra, M
|poke|p2|Keldeo-Resolute
|poke|p2|Rotom-Mow
|rule|Sleep Clause Mod: Limit one foe put to sleep
|rule|Species Clause: Limit one of each Pokemon
|rule|OHKO Clause: OHKO moves are banned
|rule|Moody Clause: Moody is banned
|rule|Evasion Moves Clause: Evasion moves are banned
|rule|Endless Battle Clause: Forcing endless battles is banned.
|rule|HP Percentage Mod: HP is reported as percentages
|teampreview
|
|start
|switch|p1a: Spin Cycle|Rotom-Wash|304\/304
|switch|p2a: Politoed|Politoed, F|384\/384
|-weather|RainDance
|turn|1
|
|move|p1a: Spin Cycle|Will-O-Wisp|p2a: Politoed
|-status|p2a: Politoed|brn
|move|p2a: Politoed|Hypnosis|p1a: Spin Cycle|[miss]
|-miss|p2a: Politoed|p1a: Spin Cycle
|
|-weather|RainDance|[upkeep]
|-damage|p2a: Politoed|336\/384 brn|[from] brn
|turn|2
|
|switch|p1a: Chansey|Chansey, F|704\/704
|move|p2a: Politoed|Hypnosis|p1a: Chansey|[miss]
|-miss|p2a: Politoed|p1a: Chansey
|
|-weather|RainDance|[upkeep]
|-damage|p2a: Politoed|288\/384 brn|[from] brn
|turn|3
|
|move|p2a: Politoed|Hypnosis|p1a: Chansey|[miss]
|-miss|p2a: Politoed|p1a: Chansey
|move|p1a: Chansey|Wish|p1a: Chansey
|
|-weather|RainDance|[upkeep]
|-damage|p2a: Politoed|240\/384 brn|[from] brn
|turn|4
|
|switch|p1a: Spin Cycle|Rotom-Wash|304\/304
|move|p2a: Politoed|Hypnosis|p1a: Spin Cycle
|-status|p1a: Spin Cycle|slp
|
|-weather|RainDance|[upkeep]
|-damage|p2a: Politoed|192\/384 brn|[from] brn
|turn|5
|
|switch|p1a: Chansey|Chansey, F|704\/704
|switch|p2a: Manectric|Manectric, F|281\/281
|
|-weather|RainDance|[upkeep]
|turn|6
|
|detailschange|p2a: Manectric|Manectric-Mega, F
|message|Manectric has Mega Evolved into Mega Manectric!
|-ability|p2a: Manectric|Intimidate|[of] p1a: Chansey
|-unboost|p1a: Chansey|atk|1
|move|p2a: Manectric|Volt Switch|p1a: Chansey
|-damage|p1a: Chansey|619\/704
|
|switch|p2a: Keldeo-Resolute|Keldeo-Resolute|322\/322
|move|p1a: Chansey|Heal Bell|p1a: Chansey
|-cureteam|p1a: Chansey|[from] move: HealBell
|
|-weather|RainDance|[upkeep]
|turn|7
|
|switch|p1a: Caelli|Gliscor, F|354\/354
|move|p2a: Keldeo-Resolute|Hydro Pump|p1a: Caelli
|-supereffective|p1a: Caelli
|-damage|p1a: Caelli|0 fnt
|-damage|p2a: Keldeo-Resolute|290\/322|[from] item: Life Orb
|faint|p1a: Caelli
|
|-weather|RainDance|[upkeep]
|
|switch|p1a: Spin Cycle|Rotom-Wash|304\/304
|turn|8
|
|move|p2a: Keldeo-Resolute|Secret Sword|p1a: Spin Cycle
|-damage|p1a: Spin Cycle|158\/304
|-damage|p2a: Keldeo-Resolute|258\/322|[from] item: Life Orb
|move|p1a: Spin Cycle|Hydro Pump|p2a: Keldeo-Resolute
|-resisted|p2a: Keldeo-Resolute
|-damage|p2a: Keldeo-Resolute|153\/322
|
|-weather|none
|-heal|p1a: Spin Cycle|177\/304|[from] item: Leftovers
|turn|9
|
|move|p2a: Keldeo-Resolute|Hydro Pump|p1a: Spin Cycle
|-resisted|p1a: Spin Cycle
|-damage|p1a: Spin Cycle|81\/304
|-damage|p2a: Keldeo-Resolute|121\/322|[from] item: Life Orb
|move|p1a: Spin Cycle|Discharge|p2a: Keldeo-Resolute
|-supereffective|p2a: Keldeo-Resolute
|-damage|p2a: Keldeo-Resolute|0 fnt
|faint|p2a: Keldeo-Resolute
|
|-heal|p1a: Spin Cycle|100\/304|[from] item: Leftovers
|
|switch|p2a: Rotom-Mow|Rotom-Mow|241\/241
|turn|10
|
|switch|p1a: Bloodfall|Aegislash, M, shiny|324\/324
|move|p2a: Rotom-Mow|Volt Switch|p1a: Bloodfall
|-damage|p1a: Bloodfall|242\/324
|
|switch|p2a: Politoed|Politoed, F|192\/384 brn
|-weather|RainDance
|
|-weather|RainDance|[upkeep]
|-heal|p1a: Bloodfall|262\/324|[from] item: Leftovers
|-damage|p2a: Politoed|144\/384 brn|[from] brn
|turn|11
|
|move|p2a: Politoed|Scald|p1a: Bloodfall
|-damage|p1a: Bloodfall|166\/324
|-status|p1a: Bloodfall|brn
|move|p1a: Bloodfall|Substitute|p1a: Bloodfall
|-start|p1a: Bloodfall|Substitute
|-damage|p1a: Bloodfall|85\/324 brn
|
|-weather|RainDance|[upkeep]
|-heal|p1a: Bloodfall|105\/324 brn|[from] item: Leftovers
|-damage|p2a: Politoed|96\/384 brn|[from] brn
|-damage|p1a: Bloodfall|65\/324 brn|[from] brn
|turn|12
|
|move|p2a: Politoed|Scald|p1a: Bloodfall
|-end|p1a: Bloodfall|Substitute
|-formechange|p1a: Bloodfall|Aegislash-Blade
|move|p1a: Bloodfall|Shadow Ball|p2a: Politoed
|-damage|p2a: Politoed|0 fnt
|faint|p2a: Politoed
|
|-weather|RainDance|[upkeep]
|-heal|p1a: Bloodfall|85\/324 brn|[from] item: Leftovers
|-damage|p1a: Bloodfall|45\/324 brn|[from] brn
|
|switch|p2a: Kabutops|Kabutops, F|262\/262
|turn|13
|
|move|p2a: Kabutops|Swords Dance|p2a: Kabutops
|-boost|p2a: Kabutops|atk|2
|move|p1a: Bloodfall|Shadow Ball|p2a: Kabutops
|-damage|p2a: Kabutops|42\/262
|
|-weather|RainDance|[upkeep]
|-heal|p1a: Bloodfall|65\/324 brn|[from] item: Leftovers
|-damage|p1a: Bloodfall|25\/324 brn|[from] brn
|turn|14
|
|-formechange|p1a: Bloodfall|Aegislash
|move|p1a: Bloodfall|King's Shield|p1a: Bloodfall
|-singleturn|p1a: Bloodfall|Protect
|move|p2a: Kabutops|Aqua Jet|p1a: Bloodfall
|-activate|p1a: Bloodfall|Protect
|-unboost|p2a: Kabutops|atk|2
|
|-weather|RainDance|[upkeep]
|-heal|p1a: Bloodfall|45\/324 brn|[from] item: Leftovers
|-damage|p1a: Bloodfall|5\/324 brn|[from] brn
|turn|15
|
|move|p2a: Kabutops|Aqua Jet|p1a: Bloodfall
|-damage|p1a: Bloodfall|0 fnt
|-damage|p2a: Kabutops|16\/262|[from] item: Life Orb
|faint|p1a: Bloodfall
|
|-weather|RainDance|[upkeep]
|
|switch|p1a: Bubbles|Azumarill, M|404\/404
|turn|16
|
|switch|p2a: Manectric|Manectric-Mega, F|281\/281
|-ability|p2a: Manectric|Intimidate|[of] p1a: Bubbles
|-unboost|p1a: Bubbles|atk|1
|move|p1a: Bubbles|Power-Up Punch|p2a: Manectric
|-damage|p2a: Manectric|233\/281
|-boost|p1a: Bubbles|atk|1
|
|-weather|RainDance|[upkeep]
|turn|17
|
|move|p2a: Manectric|Volt Switch|p1a: Bubbles
|-supereffective|p1a: Bubbles
|-damage|p1a: Bubbles|206\/404
|
|switch|p2a: Kabutops|Kabutops, F|16\/262
|move|p1a: Bubbles|Waterfall|p2a: Kabutops
|-damage|p2a: Kabutops|0 fnt
|faint|p2a: Kabutops
|
|-weather|none
|
|switch|p2a: Manectric|Manectric-Mega, F|233\/281
|-ability|p2a: Manectric|Intimidate|[of] p1a: Bubbles
|-unboost|p1a: Bubbles|atk|1
|turn|18
|
|switch|p1a: Chansey|Chansey, F|619\/704
|move|p2a: Manectric|Thunderbolt|p1a: Chansey
|-crit|p1a: Chansey
|-damage|p1a: Chansey|457\/704
|
|turn|19
|
|move|p2a: Manectric|Volt Switch|p1a: Chansey
|-damage|p1a: Chansey|379\/704
|
|switch|p2a: Rotom-Mow|Rotom-Mow|241\/241
|move|p1a: Chansey|Wish|p1a: Chansey
|
|turn|20
|
|switch|p1a: Apollo|Charizard, M, shiny|298\/298
|move|p2a: Rotom-Mow|Trick|p1a: Apollo
|-fail|p1a: Apollo
|
|turn|21
|
|switch|p2a: Manectric|Manectric-Mega, F|233\/281
|-ability|p2a: Manectric|Intimidate|[of] p1a: Apollo
|-unboost|p1a: Apollo|atk|1
|detailschange|p1a: Apollo|Charizard-Mega-X, M, shiny
|message|Charizard has Mega Evolved into Mega Charizard!
|move|p1a: Apollo|Dragon Dance|p1a: Apollo
|-boost|p1a: Apollo|atk|1
|-boost|p1a: Apollo|spe|1
|
|turn|22
|
|move|p1a: Apollo|Flare Blitz|p2a: Manectric
|-damage|p2a: Manectric|0 fnt
|-damage|p1a: Apollo|221\/298|[from] recoil|[of] p2a: Manectric
|faint|p2a: Manectric
|
|
|switch|p2a: Rotom-Mow|Rotom-Mow|241\/241
|turn|23
|
|move|p1a: Apollo|Flare Blitz|p2a: Rotom-Mow
|-supereffective|p2a: Rotom-Mow
|-damage|p2a: Rotom-Mow|0 fnt
|-damage|p1a: Apollo|141\/298|[from] recoil|[of] p2a: Rotom-Mow
|faint|p2a: Rotom-Mow
|
|-message|Bulbasawr forfeited.
|
|win|CedOmega
|raw|Ladder updating...
|leave|Bulbasawr
|player|p2
|raw|CedOmega's rating: 1428 &rarr; <strong>1445<\/strong><br \/>(+17 for winning)
|raw|Bulbasawr's rating: 1386 &rarr; <strong>1368<\/strong><br \/>(-18 for losing)