|join|lil manaphy
|join|Bulbasawr
|player|p1|lil manaphy|104
|player|p2|Bulbasawr|162
|gametype|singles
|gen|6
|tier|OU
|rated
|clearpoke
|poke|p1|Medicham, M
|poke|p1|Skarmory, F
|poke|p1|Gothitelle, M
|poke|p1|Chansey, F
|poke|p1|Alomomola, F
|poke|p1|Cresselia, F
|poke|p2|Politoed, F
|poke|p2|Keldeo-Resolute
|poke|p2|Greninja, F
|poke|p2|Kabutops, M
|poke|p2|Pinsir, M
|poke|p2|Thundurus, M
|rule|Swagger Clause: Swagger is banned
|rule|Baton Pass Clause: Limit one PokÃ©mon knowing Baton Pass
|rule|Sleep Clause Mod: Limit one foe put to sleep
|rule|Species Clause: Limit one of each PokÃ©mon
|rule|OHKO Clause: OHKO moves are banned
|rule|Moody Clause: Moody is banned
|rule|Evasion Moves Clause: Evasion moves are banned
|rule|Endless Battle Clause: Forcing endless battles is banned
|rule|HP Percentage Mod: HP is shown in percentages
|teampreview
|join|LT2K Murkrow
|c|âBulbasawr|sigh
|
|start
|switch|p1a: Medicham|Medicham, M|261\/261
|switch|p2a: Politoed|Politoed, F|384\/384
|-weather|RainDance
|turn|1
|
|detailschange|p1a: Medicham|Medicham-Mega, M
|message|Medicham has Mega Evolved into Mega Medicham!
|move|p1a: Medicham|Zen Headbutt|p2a: Politoed
|-damage|p2a: Politoed|41\/384
|cant|p2a: Politoed|flinch
|
|-weather|RainDance|[upkeep]
|turn|2
|
|move|p1a: Medicham|Drain Punch|p2a: Politoed
|-damage|p2a: Politoed|0 fnt
|faint|p2a: Politoed
|
|-weather|RainDance|[upkeep]
|
|switch|p2a: Kabutops|Kabutops, M|262\/262
|turn|3
|
|switch|p1a: Alomomola|Alomomola, F|534\/534
|move|p2a: Kabutops|Swords Dance|p2a: Kabutops
|-boost|p2a: Kabutops|atk|2
|
|-weather|RainDance|[upkeep]
|turn|4
|
|move|p2a: Kabutops|Swords Dance|p2a: Kabutops
|-boost|p2a: Kabutops|atk|2
|move|p1a: Alomomola|Toxic|p2a: Kabutops
|-status|p2a: Kabutops|tox
|
|-weather|RainDance|[upkeep]
|-damage|p2a: Kabutops|246\/262 tox|[from] psn
|turn|5
|
|move|p1a: Alomomola|Protect|p1a: Alomomola
|-singleturn|p1a: Alomomola|Protect
|move|p2a: Kabutops|Stone Edge|p1a: Alomomola
|-activate|p1a: Alomomola|Protect
|
|-weather|RainDance|[upkeep]
|-damage|p2a: Kabutops|214\/262 tox|[from] psn
|turn|6
|
|switch|p1a: Gothitelle|Gothitelle, M|301\/301
|move|p2a: Kabutops|Stone Edge|p1a: Gothitelle
|-damage|p1a: Gothitelle|0 fnt
|-damage|p2a: Kabutops|188\/262 tox|[from] item: Life Orb
|faint|p1a: Gothitelle
|
|-weather|RainDance|[upkeep]
|-damage|p2a: Kabutops|140\/262 tox|[from] psn
|
|switch|p1a: Alomomola|Alomomola, F|534\/534
|turn|7
|
|move|p1a: Alomomola|Protect|p1a: Alomomola
|-singleturn|p1a: Alomomola|Protect
|move|p2a: Kabutops|Swords Dance|p2a: Kabutops
|-boost|p2a: Kabutops|atk|2
|
|-weather|RainDance|[upkeep]
|-damage|p2a: Kabutops|76\/262 tox|[from] psn
|turn|8
|
|switch|p1a: Medicham|Medicham-Mega, M|261\/261
|move|p2a: Kabutops|Stone Edge|p1a: Medicham|[miss]
|-miss|p2a: Kabutops|p1a: Medicham
|
|-weather|none
|-damage|p2a: Kabutops|0 fnt|[from] psn
|faint|p2a: Kabutops
|c|âBulbasawr|Stall team and stall time???
|
|switch|p2a: Greninja|Greninja, F|286\/286
|turn|9
|
|switch|p2a: Keldeo-Resolute|Keldeo-Resolute|322\/322
|move|p1a: Medicham|Drain Punch|p2a: Keldeo-Resolute
|-damage|p2a: Keldeo-Resolute|61\/322
|
|turn|10
|-message|Bulbasawr forfeited.
|
|win|lil manaphy
|raw|Ladder updating...
|leave|Bulbasawr
|player|p2
|raw|lil manaphy's rating: 1926 &rarr; <strong>1933<\/strong><br \/>(+7 for winning)
|raw|Bulbasawr's rating: 1656 &rarr; <strong>1649<\/strong><br \/>(-7 for losing)