|join|rampant negrow
|join|Bulbasawr
|player|p1|rampant negrow|291
|player|p2|Bulbasawr|162
|gametype|singles
|gen|6
|tier|OU
|rated
|clearpoke
|poke|p1|Mawile, F
|poke|p1|Landorus, M
|poke|p1|Thundurus, M
|poke|p1|Garchomp, F, shiny
|poke|p1|Aegislash, F, shiny
|poke|p1|Keldeo-Resolute, shiny
|poke|p2|Pinsir, F
|poke|p2|Mamoswine, F
|poke|p2|Dragonite, M
|poke|p2|Talonflame, M
|poke|p2|Excadrill, M
|poke|p2|Greninja, M
|rule|Swagger Clause: Swagger is banned
|rule|Baton Pass Clause: Limit three PokÃ©mon knowing Baton Pass
|rule|Sleep Clause Mod: Limit one foe put to sleep
|rule|Species Clause: Limit one of each PokÃ©mon
|rule|OHKO Clause: OHKO moves are banned
|rule|Moody Clause: Moody is banned
|rule|Evasion Moves Clause: Evasion moves are banned
|rule|Endless Battle Clause: Forcing endless battles is banned
|rule|HP Percentage Mod: HP is reported as percentages
|teampreview
|
|start
|switch|p1a: sssa|Keldeo-Resolute, shiny|324\/324
|switch|p2a: Greninja|Greninja, M|286\/286
|turn|1
|
|-start|p2a: Greninja|typechange|Grass|[from] Protean
|move|p2a: Greninja|Grass Knot|p1a: sssa
|-supereffective|p1a: sssa
|-damage|p1a: sssa|87\/324
|-damage|p2a: Greninja|258\/286|[from] item: Life Orb
|move|p1a: sssa|Hydro Pump|p2a: Greninja
|-resisted|p2a: Greninja
|-damage|p2a: Greninja|77\/286
|
|turn|2
|
|-start|p2a: Greninja|typechange|Psychic|[from] Protean
|move|p2a: Greninja|Extrasensory|p1a: sssa
|-supereffective|p1a: sssa
|-damage|p1a: sssa|0 fnt
|-damage|p2a: Greninja|49\/286|[from] item: Life Orb
|faint|p1a: sssa
|
|
|switch|p1a: hey|Aegislash, F, shiny|323\/323
|turn|3
|
|-formechange|p1a: hey|Aegislash-Blade
|move|p1a: hey|Shadow Sneak|p2a: Greninja
|-supereffective|p2a: Greninja
|-damage|p2a: Greninja|0 fnt
|-damage|p1a: hey|291\/323|[from] item: Life Orb
|faint|p2a: Greninja
|
|
|switch|p2a: Excadrill|Excadrill, M|361\/361
|-ability|p2a: Excadrill|Mold Breaker
|-item|p2a: Excadrill|Air Balloon
|turn|4
|
|-formechange|p1a: hey|Aegislash
|move|p1a: hey|King's Shield|p1a: hey
|-singleturn|p1a: hey|Protect
|move|p2a: Excadrill|Stealth Rock|p1a: hey
|-sidestart|p1: rampant negrow|move: Stealth Rock
|
|turn|5
|
|switch|p1a: Theodore|Thundurus, M|299\/299
|-damage|p1a: Theodore|225\/299|[from] Stealth Rock
|move|p2a: Excadrill|Earthquake|p1a: Theodore
|-immune|p1a: Theodore|[msg]
|
|turn|6
|
|move|p1a: Theodore|Superpower|p2a: Excadrill
|-supereffective|p2a: Excadrill
|-damage|p2a: Excadrill|0 fnt
|-enditem|p2a: Excadrill|Air Balloon
|-unboost|p1a: Theodore|atk|1
|-unboost|p1a: Theodore|def|1
|-damage|p1a: Theodore|196\/299|[from] item: Life Orb
|faint|p2a: Excadrill
|
|
|switch|p2a: Dragonite|Dragonite, M|323\/323
|turn|7
|
|switch|p1a: Mawile|Mawile, F|272\/272
|-damage|p1a: Mawile|255\/272|[from] Stealth Rock
|-ability|p1a: Mawile|Intimidate|[of] p2a: Dragonite
|-unboost|p2a: Dragonite|atk|1
|move|p2a: Dragonite|Dragon Dance|p2a: Dragonite
|-boost|p2a: Dragonite|atk|1
|-boost|p2a: Dragonite|spe|1
|
|turn|8
|
|detailschange|p1a: Mawile|Mawile-Mega, F
|message|Mawile has Mega Evolved into Mega Mawile!
|move|p2a: Dragonite|Earthquake|p1a: Mawile
|-supereffective|p1a: Mawile
|-damage|p1a: Mawile|15\/272
|move|p1a: Mawile|Play Rough|p2a: Dragonite
|-supereffective|p2a: Dragonite
|-damage|p2a: Dragonite|11\/323
|
|turn|9
|
|switch|p1a: hey|Aegislash, F, shiny|291\/323
|-damage|p1a: hey|271\/323|[from] Stealth Rock
|move|p2a: Dragonite|Extreme Speed|p1a: hey
|-immune|p1a: hey|[msg]
|
|turn|10
|
|-formechange|p1a: hey|Aegislash-Blade
|move|p1a: hey|Shadow Sneak|p2a: Dragonite
|-damage|p2a: Dragonite|0 fnt
|-damage|p1a: hey|239\/323|[from] item: Life Orb
|faint|p2a: Dragonite
|
|
|switch|p2a: Pinsir|Pinsir, F|334\/334
|turn|11
|
|move|p2a: Pinsir|Swords Dance|p2a: Pinsir
|-boost|p2a: Pinsir|atk|2
|move|p1a: hey|Shadow Ball|p2a: Pinsir
|-damage|p2a: Pinsir|5\/334
|-damage|p1a: hey|207\/323|[from] item: Life Orb
|
|turn|12
|
|detailschange|p2a: Pinsir|Pinsir-Mega, F
|message|Pinsir has Mega Evolved into Mega Pinsir!
|-formechange|p1a: hey|Aegislash
|move|p1a: hey|King's Shield|p1a: hey
|-singleturn|p1a: hey|Protect
|move|p2a: Pinsir|Quick Attack|p1a: hey
|-activate|p1a: hey|Protect
|-unboost|p2a: Pinsir|atk|2
|
|turn|13
|
|-formechange|p1a: hey|Aegislash-Blade
|move|p1a: hey|Shadow Sneak|p2a: Pinsir
|-damage|p2a: Pinsir|0 fnt
|-damage|p1a: hey|175\/323|[from] item: Life Orb
|faint|p2a: Pinsir
|
|
|switch|p2a: Mamoswine|Mamoswine, F|361\/361
|turn|14
|
|switch|p1a: Mawile|Mawile-Mega, F|15\/272
|-damage|p1a: Mawile|0 fnt|[from] Stealth Rock
|faint|p1a: Mawile
|move|p2a: Mamoswine|Earthquake|p1: Mawile|[notarget]
|-notarget
|
|
|switch|p1a: pscd pcd|Garchomp, F, shiny|357\/357
|-damage|p1a: pscd pcd|335\/357|[from] Stealth Rock
|turn|15
|-message|Bulbasawr lost due to inactivity.
|
|win|rampant negrow
|raw|Ladder updating...
|raw|rampant negrow's rating: 1671 &rarr; <strong>1690<\/strong><br \/>(+19 for winning)
|raw|Bulbasawr's rating: 1646 &rarr; <strong>1628<\/strong><br \/>(-18 for losing)