|join|LakeTrout
|join|Bulbasawr
|player|p1|LakeTrout|1
|player|p2|Bulbasawr|155
|gametype|singles
|gen|6
|tier|OU
|rated
|clearpoke
|poke|p1|Hitmonlee, M
|poke|p1|Metagross
|poke|p1|Latias, F
|poke|p1|Heatran, F
|poke|p1|Keldeo
|poke|p1|Garchomp, F
|poke|p2|Politoed, M
|poke|p2|Sceptile, M
|poke|p2|Kabutops, M
|poke|p2|Kingdra, M
|poke|p2|Infernape, M
|poke|p2|Greninja, M
|rule|Swagger Clause: Swagger is banned
|rule|Baton Pass Clause: Limit one PokÃ©mon knowing Baton Pass
|rule|Sleep Clause Mod: Limit one foe put to sleep
|rule|Species Clause: Limit one of each PokÃ©mon
|rule|OHKO Clause: OHKO moves are banned
|rule|Moody Clause: Moody is banned
|rule|Evasion Moves Clause: Evasion moves are banned
|rule|Endless Battle Clause: Forcing endless battles is banned
|rule|HP Percentage Mod: HP is shown in percentages
|teampreview
|
|start
|switch|p1a: Heatran|Heatran, F|385\/385
|switch|p2a: Infernape|Infernape, M|293\/293
|-item|p1a: Heatran|Air Balloon
|turn|1
|
|switch|p1a: Latias|Latias, F|301\/301
|move|p2a: Infernape|Close Combat|p1a: Latias
|-resisted|p1a: Latias
|-damage|p1a: Latias|202\/301
|-unboost|p2a: Infernape|def|1
|-unboost|p2a: Infernape|spd|1
|
|turn|2
|
|move|p1a: Latias|Psyshock|p2a: Infernape
|-supereffective|p2a: Infernape
|-enditem|p2a: Infernape|Focus Sash
|-damage|p2a: Infernape|1\/293
|-damage|p1a: Latias|172\/301|[from] item: Life Orb
|move|p2a: Infernape|Endeavor|p1a: Latias
|-damage|p1a: Latias|1\/301
|
|turn|3
|
|switch|p1a: Keldeo|Keldeo|323\/323
|move|p2a: Infernape|Mach Punch|p1a: Keldeo
|-damage|p1a: Keldeo|244\/323
|
|turn|4
|
|switch|p2a: Sceptile|Sceptile, M|282\/282
|move|p1a: Keldeo|Scald|p2a: Sceptile
|-resisted|p2a: Sceptile
|-damage|p2a: Sceptile|201\/282
|
|turn|5
|
|switch|p1a: Heatran|Heatran, F|385\/385
|-item|p1a: Heatran|Air Balloon
|detailschange|p2a: Sceptile|Sceptile-Mega, M
|message|Sceptile has Mega Evolved into Mega Sceptile!
|move|p2a: Sceptile|Substitute|p2a: Sceptile
|-start|p2a: Sceptile|Substitute
|-damage|p2a: Sceptile|131\/282
|
|turn|6
|
|switch|p2a: Infernape|Infernape, M|1\/293
|move|p1a: Heatran|Stealth Rock|p2a: Infernape
|-sidestart|p2: Bulbasawr|move: Stealth Rock
|
|turn|7
|
|switch|p1a: Latias|Latias, F|1\/301
|move|p2a: Infernape|Close Combat|p1a: Latias
|-resisted|p1a: Latias
|-damage|p1a: Latias|0 fnt
|-unboost|p2a: Infernape|def|1
|-unboost|p2a: Infernape|spd|1
|faint|p1a: Latias
|
|
|switch|p1a: Keldeo|Keldeo|244\/323
|turn|8
|
|move|p2a: Infernape|Mach Punch|p1a: Keldeo
|-damage|p1a: Keldeo|166\/323
|move|p1a: Keldeo|Hidden Power|p2a: Infernape
|-resisted|p2a: Infernape
|-damage|p2a: Infernape|0 fnt
|faint|p2a: Infernape
|
|
|switch|p2a: Sceptile|Sceptile-Mega, M|131\/282
|-damage|p2a: Sceptile|96\/282|[from] Stealth Rock
|turn|9
|
|move|p1a: Keldeo|Hidden Power|p2a: Sceptile
|-supereffective|p2a: Sceptile
|-damage|p2a: Sceptile|0 fnt
|faint|p2a: Sceptile
|
|
|switch|p2a: Politoed|Politoed, M|384\/384
|-damage|p2a: Politoed|336\/384|[from] Stealth Rock
|-weather|RainDance
|turn|10
|
|switch|p1a: Garchomp|Garchomp, F|357\/357
|move|p2a: Politoed|Hypnosis|p1a: Garchomp|[miss]
|-miss|p2a: Politoed|p1a: Garchomp
|
|-weather|RainDance|[upkeep]
|turn|11
|
|move|p1a: Garchomp|Swords Dance|p1a: Garchomp
|-boost|p1a: Garchomp|atk|2
|move|p2a: Politoed|Scald|p1a: Garchomp
|-damage|p1a: Garchomp|206\/357
|
|-weather|RainDance|[upkeep]
|turn|12
|
|move|p1a: Garchomp|Outrage|p2a: Politoed
|-damage|p2a: Politoed|0 fnt
|faint|p2a: Politoed
|
|-weather|RainDance|[upkeep]
|
|switch|p2a: Kingdra|Kingdra, M|291\/291
|-damage|p2a: Kingdra|255\/291|[from] Stealth Rock
|turn|13
|
|move|p2a: Kingdra|Ice Beam|p1a: Garchomp
|-supereffective|p1a: Garchomp
|-damage|p1a: Garchomp|0 fnt
|-damage|p2a: Kingdra|226\/291|[from] item: Life Orb
|faint|p1a: Garchomp
|
|-weather|RainDance|[upkeep]
|
|switch|p1a: Metagross|Metagross|301\/301
|turn|14
|
|detailschange|p1a: Metagross|Metagross-Mega
|message|Metagross has Mega Evolved into Mega Metagross!
|move|p2a: Kingdra|Hydro Pump|p1a: Metagross
|-damage|p1a: Metagross|0 fnt
|-damage|p2a: Kingdra|197\/291|[from] item: Life Orb
|faint|p1a: Metagross
|
|-weather|RainDance|[upkeep]
|
|switch|p1a: Heatran|Heatran, F|385\/385
|-item|p1a: Heatran|Air Balloon
|turn|15
|
|move|p2a: Kingdra|Hydro Pump|p1a: Heatran
|-supereffective|p1a: Heatran
|-damage|p1a: Heatran|0 fnt
|-enditem|p1a: Heatran|Air Balloon
|-damage|p2a: Kingdra|168\/291|[from] item: Life Orb
|faint|p1a: Heatran
|
|-weather|RainDance|[upkeep]
|
|switch|p1a: Hitmonlee|Hitmonlee, M|241\/241
|turn|16
|
|move|p1a: Hitmonlee|Endure|p1a: Hitmonlee
|-singleturn|p1a: Hitmonlee|move: Endure
|move|p2a: Kingdra|Surf|p1a: Hitmonlee
|-damage|p1a: Hitmonlee|7\/241
|-damage|p2a: Kingdra|139\/291|[from] item: Life Orb
|-enditem|p1a: Hitmonlee|Liechi Berry|[eat]
|-boost|p1a: Hitmonlee|atk|1|[from] item: Liechi Berry
|
|-weather|RainDance|[upkeep]
|turn|17
|
|move|p1a: Hitmonlee|Reversal|p2a: Kingdra
|-damage|p2a: Kingdra|0 fnt
|faint|p2a: Kingdra
|
|-weather|none
|
|switch|p2a: Kabutops|Kabutops, M|262\/262
|-damage|p2a: Kabutops|230\/262|[from] Stealth Rock
|turn|18
|
|move|p1a: Hitmonlee|Mach Punch|p2a: Kabutops
|-supereffective|p2a: Kabutops
|-damage|p2a: Kabutops|8\/262
|move|p2a: Kabutops|Aqua Jet|p1a: Hitmonlee
|-damage|p1a: Hitmonlee|0 fnt
|-damage|p2a: Kabutops|0 fnt|[from] item: Life Orb
|faint|p1a: Hitmonlee
|faint|p2a: Kabutops
|
|c|âLakeTrout|Gg
|
|switch|p1a: Keldeo|Keldeo|166\/323
|switch|p2a: Greninja|Greninja, M|285\/285
|-damage|p2a: Greninja|250\/285|[from] Stealth Rock
|turn|19
|
|move|p1a: Keldeo|Secret Sword|p2a: Greninja
|-supereffective|p2a: Greninja
|-damage|p2a: Greninja|0 fnt
|faint|p2a: Greninja
|
|win|LakeTrout
|raw|Ladder updating...
|leave|Bulbasawr
|player|p2
|raw|LakeTrout's rating: 1369 &rarr; <strong>1392<\/strong><br \/>(+23 for winning)
|raw|Bulbasawr's rating: 1421 &rarr; <strong>1398<\/strong><br \/>(-23 for losing)