|join|Bulbasawr
|join|YuGiUh
|player|p1|Bulbasawr|155
|player|p2|YuGiUh|184
|gametype|singles
|gen|6
|tier|OU
|rated
|clearpoke
|poke|p1|Politoed, F
|poke|p1|Sceptile, F
|poke|p1|Kabutops, M
|poke|p1|Kingdra, M
|poke|p1|Mamoswine, F
|poke|p1|Greninja, M
|poke|p2|Sableye, F
|poke|p2|Heatran, F
|poke|p2|Chansey, F
|poke|p2|Skarmory, F
|poke|p2|Bisharp, M
|poke|p2|Keldeo
|rule|Swagger Clause: Swagger is banned
|rule|Baton Pass Clause: Limit one PokÃ©mon knowing Baton Pass
|rule|Sleep Clause Mod: Limit one foe put to sleep
|rule|Species Clause: Limit one of each PokÃ©mon
|rule|OHKO Clause: OHKO moves are banned
|rule|Moody Clause: Moody is banned
|rule|Evasion Moves Clause: Evasion moves are banned
|rule|Endless Battle Clause: Forcing endless battles is banned
|rule|HP Percentage Mod: HP is shown in percentages
|teampreview
|
|start
|switch|p1a: Sceptile|Sceptile, F|281\/281
|switch|p2a: Zavlelle|Sableye, F|304\/304
|turn|1
|
|detailschange|p1a: Sceptile|Sceptile-Mega, F
|message|Sceptile has Mega Evolved into Mega Sceptile!
|move|p2a: Zavlelle|Will-O-Wisp|p1a: Sceptile
|-status|p1a: Sceptile|brn
|move|p1a: Sceptile|Substitute|p1a: Sceptile
|-start|p1a: Sceptile|Substitute
|-damage|p1a: Sceptile|211\/281 brn
|
|-damage|p1a: Sceptile|176\/281 brn|[from] brn
|turn|2
|
|move|p2a: Zavlelle|Calm Mind|p2a: Zavlelle
|-boost|p2a: Zavlelle|spa|1
|-boost|p2a: Zavlelle|spd|1
|move|p1a: Sceptile|Giga Drain|p2a: Zavlelle
|-damage|p2a: Zavlelle|177\/304
|-heal|p1a: Sceptile|240\/281 brn|[from] drain|[of] p2a: Zavlelle
|
|-damage|p1a: Sceptile|205\/281 brn|[from] brn
|turn|3
|
|move|p2a: Zavlelle|Calm Mind|p2a: Zavlelle
|-boost|p2a: Zavlelle|spa|1
|-boost|p2a: Zavlelle|spd|1
|move|p1a: Sceptile|Dragon Pulse|p2a: Zavlelle
|-damage|p2a: Zavlelle|59\/304
|
|-damage|p1a: Sceptile|170\/281 brn|[from] brn
|turn|4
|
|move|p2a: Zavlelle|Recover|p2a: Zavlelle
|-heal|p2a: Zavlelle|211\/304
|move|p1a: Sceptile|Dragon Pulse|p2a: Zavlelle
|-damage|p2a: Zavlelle|100\/304
|
|-damage|p1a: Sceptile|135\/281 brn|[from] brn
|turn|5
|
|move|p2a: Zavlelle|Recover|p2a: Zavlelle
|-heal|p2a: Zavlelle|252\/304
|move|p1a: Sceptile|Giga Drain|p2a: Zavlelle
|-damage|p2a: Zavlelle|144\/304
|-heal|p1a: Sceptile|189\/281 brn|[from] drain|[of] p2a: Zavlelle
|
|-damage|p1a: Sceptile|154\/281 brn|[from] brn
|turn|6
|
|move|p2a: Zavlelle|Recover|p2a: Zavlelle
|-heal|p2a: Zavlelle|296\/304
|move|p1a: Sceptile|Giga Drain|p2a: Zavlelle
|-damage|p2a: Zavlelle|193\/304
|-heal|p1a: Sceptile|206\/281 brn|[from] drain|[of] p2a: Zavlelle
|
|-damage|p1a: Sceptile|171\/281 brn|[from] brn
|turn|7
|
|move|p2a: Zavlelle|Calm Mind|p2a: Zavlelle
|-boost|p2a: Zavlelle|spa|1
|-boost|p2a: Zavlelle|spd|1
|move|p1a: Sceptile|Giga Drain|p2a: Zavlelle
|-damage|p2a: Zavlelle|117\/304
|-heal|p1a: Sceptile|209\/281 brn|[from] drain|[of] p2a: Zavlelle
|
|-damage|p1a: Sceptile|174\/281 brn|[from] brn
|turn|8
|
|move|p2a: Zavlelle|Recover|p2a: Zavlelle
|-heal|p2a: Zavlelle|269\/304
|move|p1a: Sceptile|Giga Drain|p2a: Zavlelle
|-damage|p2a: Zavlelle|190\/304
|-heal|p1a: Sceptile|214\/281 brn|[from] drain|[of] p2a: Zavlelle
|
|-damage|p1a: Sceptile|179\/281 brn|[from] brn
|turn|9
|
|move|p2a: Zavlelle|Calm Mind|p2a: Zavlelle
|-boost|p2a: Zavlelle|spa|1
|-boost|p2a: Zavlelle|spd|1
|move|p1a: Sceptile|Giga Drain|p2a: Zavlelle
|-damage|p2a: Zavlelle|121\/304
|-heal|p1a: Sceptile|214\/281 brn|[from] drain|[of] p2a: Zavlelle
|
|-damage|p1a: Sceptile|179\/281 brn|[from] brn
|turn|10
|
|move|p2a: Zavlelle|Recover|p2a: Zavlelle
|-heal|p2a: Zavlelle|273\/304
|move|p1a: Sceptile|Giga Drain|p2a: Zavlelle
|-damage|p2a: Zavlelle|210\/304
|-heal|p1a: Sceptile|211\/281 brn|[from] drain|[of] p2a: Zavlelle
|
|-damage|p1a: Sceptile|176\/281 brn|[from] brn
|turn|11
|
|move|p2a: Zavlelle|Calm Mind|p2a: Zavlelle
|-boost|p2a: Zavlelle|spa|1
|-boost|p2a: Zavlelle|spd|1
|move|p1a: Sceptile|Giga Drain|p2a: Zavlelle
|-damage|p2a: Zavlelle|150\/304
|-heal|p1a: Sceptile|206\/281 brn|[from] drain|[of] p2a: Zavlelle
|
|-damage|p1a: Sceptile|171\/281 brn|[from] brn
|turn|12
|
|move|p2a: Zavlelle|Recover|p2a: Zavlelle
|-heal|p2a: Zavlelle|302\/304
|move|p1a: Sceptile|Giga Drain|p2a: Zavlelle
|-damage|p2a: Zavlelle|244\/304
|-heal|p1a: Sceptile|200\/281 brn|[from] drain|[of] p2a: Zavlelle
|
|-damage|p1a: Sceptile|165\/281 brn|[from] brn
|turn|13
|
|move|p2a: Zavlelle|Calm Mind|p2a: Zavlelle
|-boost|p2a: Zavlelle|spa|1
|-boost|p2a: Zavlelle|spd|1
|move|p1a: Sceptile|Giga Drain|p2a: Zavlelle
|-damage|p2a: Zavlelle|193\/304
|-heal|p1a: Sceptile|191\/281 brn|[from] drain|[of] p2a: Zavlelle
|
|-damage|p1a: Sceptile|156\/281 brn|[from] brn
|turn|14
|
|move|p2a: Zavlelle|Recover|p2a: Zavlelle
|-heal|p2a: Zavlelle|304\/304
|move|p1a: Sceptile|Giga Drain|p2a: Zavlelle
|-damage|p2a: Zavlelle|250\/304
|-heal|p1a: Sceptile|183\/281 brn|[from] drain|[of] p2a: Zavlelle
|
|-damage|p1a: Sceptile|148\/281 brn|[from] brn
|turn|15
|
|move|p1a: Sceptile|Giga Drain|p2a: Zavlelle
|-damage|p2a: Zavlelle|196\/304
|-heal|p1a: Sceptile|175\/281 brn|[from] drain|[of] p2a: Zavlelle
|move|p2a: Zavlelle|Dark Pulse|p1a: Sceptile
|-end|p1a: Sceptile|Substitute
|
|-damage|p1a: Sceptile|140\/281 brn|[from] brn
|turn|16
|
|move|p1a: Sceptile|Dragon Pulse|p2a: Zavlelle
|-damage|p2a: Zavlelle|139\/304
|move|p2a: Zavlelle|Dark Pulse|p1a: Sceptile
|-damage|p1a: Sceptile|0 fnt
|faint|p1a: Sceptile
|
|
|switch|p1a: Mamoswine|Mamoswine, F|361\/361
|turn|17
|
|move|p2a: Zavlelle|Will-O-Wisp|p1a: Mamoswine
|-status|p1a: Mamoswine|brn
|move|p1a: Mamoswine|Knock Off|p2a: Zavlelle
|-damage|p2a: Zavlelle|104\/304
|
|-damage|p1a: Mamoswine|316\/361 brn|[from] brn
|turn|18
|
|switch|p1a: Politoed|Politoed, F|384\/384
|-weather|RainDance
|move|p2a: Zavlelle|Recover|p2a: Zavlelle
|-heal|p2a: Zavlelle|256\/304
|
|-weather|RainDance|[upkeep]
|turn|19
|
|detailschange|p2a: Zavlelle|Sableye-Mega, F
|message|Sableye has Mega Evolved into Mega Sableye!
|move|p1a: Politoed|Encore|p2a: Zavlelle
|move|p2a: Zavlelle|Encore|p1a: Politoed|[from]Magic Bounce
|-fail|p1a: Politoed
|move|p2a: Zavlelle|Dark Pulse|p1a: Politoed
|-damage|p1a: Politoed|69\/384
|
|-weather|RainDance|[upkeep]
|turn|20
|-message|Bulbasawr forfeited.
|
|win|YuGiUh
|raw|Ladder updating...
|leave|Bulbasawr
|player|p1
|raw|Bulbasawr's rating: 1468 &rarr; <strong>1442<\/strong><br \/>(-26 for losing)
|raw|YuGiUh's rating: 1364 &rarr; <strong>1390<\/strong><br \/>(+26 for winning)