|join|wish killer
|join|Bulbasawr
|player|p1|wish killer|101
|player|p2|Bulbasawr|281
|gametype|singles
|gen|6
|tier|OU
|rated
|clearpoke
|poke|p1|Chansey, F
|poke|p1|Keldeo
|poke|p1|Heatran, F
|poke|p1|Skarmory, F
|poke|p1|Bisharp, F
|poke|p1|Venusaur, F
|poke|p2|Pinsir, F
|poke|p2|Mamoswine, M
|poke|p2|Dragonite, F
|poke|p2|Talonflame, F
|poke|p2|Excadrill, M
|poke|p2|Greninja, F
|rule|Baton Pass Clause: Limit 3 pokemon knowing Baton Pass
|rule|Sleep Clause Mod: Limit one foe put to sleep
|rule|Species Clause: Limit one of each Pokemon
|rule|OHKO Clause: OHKO moves are banned
|rule|Moody Clause: Moody is banned
|rule|Evasion Moves Clause: Evasion moves are banned
|rule|Endless Battle Clause: Forcing endless battles is banned
|rule|HP Percentage Mod: HP is reported as percentages
|teampreview
|
|start
|switch|p1a: Heatran|Heatran, F|340\/340
|switch|p2a: Greninja|Greninja, F|286\/286
|-item|p1a: Heatran|Air Balloon
|turn|1
|
|switch|p2a: Pinsir|Pinsir, F|334\/334
|switch|p1a: Chansey|Chansey, F|685\/685
|
|turn|2
|
|detailschange|p2a: Pinsir|Pinsir-Mega, F
|message|Pinsir has Mega Evolved into Mega Pinsir!
|move|p2a: Pinsir|Swords Dance|p2a: Pinsir
|-boost|p2a: Pinsir|atk|2
|move|p1a: Chansey|Thunder Wave|p2a: Pinsir
|-status|p2a: Pinsir|par
|
|turn|3
|
|switch|p1a: Skarmory|Skarmory, F|334\/334
|cant|p2a: Pinsir|par
|
|turn|4
|
|move|p1a: Skarmory|Spikes|p2a: Pinsir
|-sidestart|p2: Bulbasawr|Spikes
|move|p2a: Pinsir|Frustration|p1a: Skarmory
|-resisted|p1a: Skarmory
|-damage|p1a: Skarmory|136\/334
|-damage|p2a: Pinsir|279\/334 par|[from] item: Rocky Helmet|[of] p1a: Skarmory
|
|turn|5
|
|move|p1a: Skarmory|Roost|p1a: Skarmory
|-heal|p1a: Skarmory|303\/334
|cant|p2a: Pinsir|par
|
|turn|6
|
|move|p1a: Skarmory|Brave Bird|p2a: Pinsir
|-supereffective|p2a: Pinsir
|-damage|p2a: Pinsir|93\/334 par
|-damage|p1a: Skarmory|242\/334|[from] recoil|[of] p2a: Pinsir
|move|p2a: Pinsir|Frustration|p1a: Skarmory
|-resisted|p1a: Skarmory
|-damage|p1a: Skarmory|42\/334
|-damage|p2a: Pinsir|38\/334 par|[from] item: Rocky Helmet|[of] p1a: Skarmory
|
|turn|7
|
|move|p2a: Pinsir|Quick Attack|p1a: Skarmory
|-resisted|p1a: Skarmory
|-damage|p1a: Skarmory|0 fnt
|-damage|p2a: Pinsir|0 fnt|[from] item: Rocky Helmet|[of] p1a: Skarmory
|faint|p1a: Skarmory
|faint|p2a: Pinsir
|
|
|switch|p1a: Heatran|Heatran, F|340\/340
|switch|p2a: Dragonite|Dragonite, F|323\/323
|-item|p1a: Heatran|Air Balloon
|turn|8
|
|move|p1a: Heatran|Toxic|p2a: Dragonite|[miss]
|-miss|p1a: Heatran|p2a: Dragonite
|move|p2a: Dragonite|Dragon Dance|p2a: Dragonite
|-boost|p2a: Dragonite|atk|1
|-boost|p2a: Dragonite|spe|1
|
|turn|9
|
|move|p2a: Dragonite|Dragon Dance|p2a: Dragonite
|-boost|p2a: Dragonite|atk|1
|-boost|p2a: Dragonite|spe|1
|move|p1a: Heatran|Toxic|p2a: Dragonite
|-status|p2a: Dragonite|tox
|-enditem|p2a: Dragonite|Lum Berry|[eat]
|-curestatus|p2a: Dragonite|tox
|
|turn|10
|
|move|p2a: Dragonite|Dragon Claw|p1a: Heatran
|-resisted|p1a: Heatran
|-damage|p1a: Heatran|217\/340
|-enditem|p1a: Heatran|Air Balloon
|move|p1a: Heatran|Toxic|p2a: Dragonite
|-status|p2a: Dragonite|tox
|
|-damage|p2a: Dragonite|303\/323 tox|[from] psn
|turn|11
|
|switch|p1a: Chansey|Chansey, F|685\/685
|move|p2a: Dragonite|Earthquake|p1a: Chansey
|-damage|p1a: Chansey|357\/685
|
|-damage|p2a: Dragonite|263\/323 tox|[from] psn
|turn|12
|
|move|p2a: Dragonite|Dragon Claw|p1a: Chansey
|-damage|p1a: Chansey|0 fnt
|faint|p1a: Chansey
|
|-damage|p2a: Dragonite|203\/323 tox|[from] psn
|
|switch|p1a: Venusaur|Venusaur, F|364\/364
|turn|13
|
|detailschange|p1a: Venusaur|Venusaur-Mega, F
|message|Venusaur has Mega Evolved into Mega Venusaur!
|move|p2a: Dragonite|Dragon Claw|p1a: Venusaur
|-damage|p1a: Venusaur|172\/364
|move|p1a: Venusaur|Synthesis|p1a: Venusaur
|-heal|p1a: Venusaur|354\/364
|
|-damage|p2a: Dragonite|123\/323 tox|[from] psn
|turn|14
|
|switch|p2a: Greninja|Greninja, F|286\/286
|-damage|p2a: Greninja|251\/286|[from] Spikes
|move|p1a: Venusaur|Synthesis|p1a: Venusaur
|-heal|p1a: Venusaur|364\/364
|
|turn|15
|
|-start|p2a: Greninja|typechange|Psychic|[from] Protean
|move|p2a: Greninja|Extrasensory|p1a: Venusaur
|-supereffective|p1a: Venusaur
|-damage|p1a: Venusaur|112\/364
|move|p1a: Venusaur|Giga Drain|p2a: Greninja
|-damage|p2a: Greninja|110\/286
|-heal|p1a: Venusaur|183\/364|[from] drain|[of] p2a: Greninja
|
|turn|16
|
|switch|p1a: Bisharp|Bisharp, F|334\/334
|-start|p2a: Greninja|typechange|Fire|[from] Protean
|move|p2a: Greninja|Hidden Power|p1a: Bisharp
|-supereffective|p1a: Bisharp
|-damage|p1a: Bisharp|60\/334
|
|-heal|p1a: Bisharp|80\/334|[from] item: Leftovers
|turn|17
|
|switch|p2a: Talonflame|Talonflame, F|298\/298
|move|p1a: Bisharp|Knock Off|p2a: Talonflame
|-damage|p2a: Talonflame|55\/298
|-enditem|p2a: Talonflame|Choice Band|[from] move: Knock Off|[of] p1a: Bisharp
|
|-heal|p1a: Bisharp|100\/334|[from] item: Leftovers
|turn|18
|
|switch|p1a: Heatran|Heatran, F|217\/340
|move|p2a: Talonflame|Roost|p2a: Talonflame
|-heal|p2a: Talonflame|204\/298
|
|turn|19
|
|move|p2a: Talonflame|U-turn|p1a: Heatran
|-crit|p1a: Heatran
|-resisted|p1a: Heatran
|-damage|p1a: Heatran|198\/340
|
|switch|p2a: Dragonite|Dragonite, F|123\/323 tox
|move|p1a: Heatran|Stealth Rock|p2a: Dragonite
|-sidestart|p2: Bulbasawr|move: Stealth Rock
|
|-damage|p2a: Dragonite|103\/323 tox|[from] psn
|turn|20
|
|switch|p1a: Venusaur|Venusaur-Mega, F|183\/364
|move|p2a: Dragonite|Earthquake|p1a: Venusaur
|-damage|p1a: Venusaur|102\/364
|
|-damage|p2a: Dragonite|63\/323 tox|[from] psn
|turn|21
|
|move|p2a: Dragonite|Dragon Claw|p1a: Venusaur
|-damage|p1a: Venusaur|0 fnt
|faint|p1a: Venusaur
|
|-damage|p2a: Dragonite|3\/323 tox|[from] psn
|
|switch|p1a: Keldeo|Keldeo|323\/323
|turn|22
|
|move|p2a: Dragonite|Extreme Speed|p1a: Keldeo
|-damage|p1a: Keldeo|208\/323
|move|p1a: Keldeo|Secret Sword|p2a: Dragonite
|-resisted|p2a: Dragonite
|-damage|p2a: Dragonite|0 fnt
|faint|p2a: Dragonite
|
|-heal|p1a: Keldeo|228\/323|[from] item: Leftovers
|
|switch|p2a: Greninja|Greninja, F|110\/286
|-damage|p2a: Greninja|75\/286|[from] Spikes
|-damage|p2a: Greninja|40\/286|[from] Stealth Rock
|turn|23
|
|switch|p2a: Excadrill|Excadrill, M|361\/361
|-damage|p2a: Excadrill|350\/361|[from] Stealth Rock
|-ability|p2a: Excadrill|Mold Breaker
|-item|p2a: Excadrill|Air Balloon
|move|p1a: Keldeo|Secret Sword|p2a: Excadrill
|-crit|p2a: Excadrill
|-supereffective|p2a: Excadrill
|-damage|p2a: Excadrill|0 fnt
|-enditem|p2a: Excadrill|Air Balloon
|faint|p2a: Excadrill
|
|-heal|p1a: Keldeo|248\/323|[from] item: Leftovers
|
|switch|p2a: Greninja|Greninja, F|40\/286
|-damage|p2a: Greninja|5\/286|[from] Stealth Rock
|-damage|p2a: Greninja|0 fnt|[from] Spikes
|faint|p2a: Greninja
|
|switch|p2a: Talonflame|Talonflame, F|204\/298
|-damage|p2a: Talonflame|55\/298|[from] Stealth Rock
|turn|24
|
|move|p2a: Talonflame|Brave Bird|p1a: Keldeo
|-supereffective|p1a: Keldeo
|-damage|p1a: Keldeo|0 fnt
|-damage|p2a: Talonflame|0 fnt|[from] recoil|[of] p1a: Keldeo
|faint|p1a: Keldeo
|faint|p2a: Talonflame
|
|
|switch|p1a: Heatran|Heatran, F|198\/340
|switch|p2a: Mamoswine|Mamoswine, M|361\/361
|-damage|p2a: Mamoswine|316\/361|[from] Spikes
|-damage|p2a: Mamoswine|271\/361|[from] Stealth Rock
|turn|25
|
|move|p1a: Heatran|Fire Blast|p2a: Mamoswine
|-supereffective|p2a: Mamoswine
|-damage|p2a: Mamoswine|0 fnt
|faint|p2a: Mamoswine
|
|win|wish killer
|raw|Ladder updating...
|raw|wish killer's rating: 1911 &rarr; <strong>1920<\/strong><br \/>(+9 for winning)
|raw|Bulbasawr's rating: 1698 &rarr; <strong>1689<\/strong><br \/>(-9 for losing)