|join|wish killer
|join|Bulbasawr
|join|Zenzo
|player|p1|wish killer|68
|player|p2|Bulbasawr|155
|gametype|singles
|gen|6
|tier|OU
|rated
|clearpoke
|poke|p1|Bisharp, F
|poke|p1|Venusaur, F
|poke|p1|Heatran, M
|poke|p1|Keldeo
|poke|p1|Chansey, F
|poke|p1|Skarmory, F
|poke|p2|Landorus-Therian, M
|poke|p2|Pinsir, M
|poke|p2|Starmie
|poke|p2|Talonflame, M
|poke|p2|Keldeo-Resolute
|poke|p2|Azelf
|rule|Swagger Clause: Swagger is banned
|rule|Baton Pass Clause: Limit one PokÃ©mon knowing Baton Pass
|rule|Sleep Clause Mod: Limit one foe put to sleep
|rule|Species Clause: Limit one of each PokÃ©mon
|rule|OHKO Clause: OHKO moves are banned
|rule|Moody Clause: Moody is banned
|rule|Evasion Moves Clause: Evasion moves are banned
|rule|Endless Battle Clause: Forcing endless battles is banned
|rule|HP Percentage Mod: HP is shown in percentages
|teampreview
|c|âBulbasawr|FUCKING STALL
|
|start
|switch|p1a: Bisharp|Bisharp, F|334\/334
|switch|p2a: Azelf|Azelf|291\/291
|turn|1
|
|move|p2a: Azelf|Fire Blast|p1a: Bisharp
|-supereffective|p1a: Bisharp
|-damage|p1a: Bisharp|6\/334
|move|p1a: Bisharp|Knock Off|p2a: Azelf
|-supereffective|p2a: Azelf
|-enditem|p2a: Azelf|Focus Sash
|-damage|p2a: Azelf|1\/291
|
|-heal|p1a: Bisharp|26\/334|[from] item: Leftovers
|turn|2
|
|move|p2a: Azelf|Stealth Rock|p1a: Bisharp
|-sidestart|p1: wish killer|move: Stealth Rock
|move|p1a: Bisharp|Knock Off|p2a: Azelf
|-supereffective|p2a: Azelf
|-damage|p2a: Azelf|0 fnt
|faint|p2a: Azelf
|
|-heal|p1a: Bisharp|46\/334|[from] item: Leftovers
|c| Zenzo|nice predict.
|c|âBulbasawr|what poredict.
|
|switch|p2a: Keldeo-Resolute|Keldeo-Resolute|323\/323
|turn|3
|
|switch|p1a: Venusaur|Venusaur, F|364\/364
|-damage|p1a: Venusaur|319\/364|[from] Stealth Rock
|move|p2a: Keldeo-Resolute|Icy Wind|p1a: Venusaur
|-supereffective|p1a: Venusaur
|-damage|p1a: Venusaur|197\/364
|-unboost|p1a: Venusaur|spe|1
|
|turn|4
|
|switch|p2a: Talonflame|Talonflame, M|297\/297
|detailschange|p1a: Venusaur|Venusaur-Mega, F
|-mega|p1a: Venusaur|Venusaur|Venusaurite
|move|p1a: Venusaur|Synthesis|p1a: Venusaur
|-heal|p1a: Venusaur|364\/364
|
|turn|5
|
|move|p2a: Talonflame|U-turn|p1a: Venusaur
|-damage|p1a: Venusaur|311\/364
|
|switch|p2a: Landorus-Therian|Landorus-Therian, M|329\/329
|-ability|p2a: Landorus-Therian|Intimidate|[of] p1a: Venusaur
|-unboost|p1a: Venusaur|atk|1
|move|p1a: Venusaur|Leech Seed|p2a: Landorus-Therian
|-start|p2a: Landorus-Therian|move: Leech Seed
|
|-damage|p2a: Landorus-Therian|288\/329|[from] Leech Seed|[of] p1a: Venusaur
|-heal|p1a: Venusaur|352\/364|[silent]
|turn|6
|
|move|p2a: Landorus-Therian|U-turn|p1a: Venusaur
|-damage|p1a: Venusaur|288\/364
|
|switch|p2a: Pinsir|Pinsir, M|277\/277
|move|p1a: Venusaur|Hidden Power|p2a: Pinsir
|-supereffective|p2a: Pinsir
|-damage|p2a: Pinsir|137\/277
|
|turn|7
|
|switch|p1a: Skarmory|Skarmory, F|334\/334
|-damage|p1a: Skarmory|293\/334|[from] Stealth Rock
|detailschange|p2a: Pinsir|Pinsir-Mega, M
|-mega|p2a: Pinsir|Pinsir|Pinsirite
|move|p2a: Pinsir|Swords Dance|p2a: Pinsir
|-boost|p2a: Pinsir|atk|2
|
|turn|8
|
|move|p2a: Pinsir|Frustration|p1a: Skarmory
|-resisted|p1a: Skarmory
|-damage|p1a: Skarmory|118\/334
|-damage|p2a: Pinsir|91\/277|[from] item: Rocky Helmet|[of] p1a: Skarmory
|move|p1a: Skarmory|Brave Bird|p2a: Pinsir
|-supereffective|p2a: Pinsir
|-damage|p2a: Pinsir|0 fnt
|-damage|p1a: Skarmory|88\/334|[from] recoil|[of] p2a: Pinsir
|faint|p2a: Pinsir
|
|
|switch|p2a: Keldeo-Resolute|Keldeo-Resolute|323\/323
|turn|9
|
|switch|p2a: Talonflame|Talonflame, M|297\/297
|switch|p1a: Venusaur|Venusaur-Mega, F|288\/364
|-damage|p1a: Venusaur|243\/364|[from] Stealth Rock
|
|turn|10
|
|switch|p1a: Skarmory|Skarmory, F|88\/334
|-damage|p1a: Skarmory|47\/334|[from] Stealth Rock
|move|p2a: Talonflame|U-turn|p1a: Skarmory
|-resisted|p1a: Skarmory
|-damage|p1a: Skarmory|32\/334
|-damage|p2a: Talonflame|248\/297|[from] item: Rocky Helmet|[of] p1a: Skarmory
|
|switch|p2a: Keldeo-Resolute|Keldeo-Resolute|323\/323
|
|turn|11
|
|move|p2a: Keldeo-Resolute|Icy Wind|p1a: Skarmory
|-damage|p1a: Skarmory|0 fnt
|faint|p1a: Skarmory
|
|
|switch|p1a: Keldeo|Keldeo|323\/323
|-damage|p1a: Keldeo|303\/323|[from] Stealth Rock
|turn|12
|
|switch|p2a: Starmie|Starmie|324\/324
|move|p1a: Keldeo|Substitute|p1a: Keldeo
|-start|p1a: Keldeo|Substitute
|-damage|p1a: Keldeo|223\/323
|
|-heal|p1a: Keldeo|243\/323|[from] item: Leftovers
|turn|13
|join|FUQ GLISCORE
|
|move|p1a: Keldeo|Calm Mind|p1a: Keldeo
|-boost|p1a: Keldeo|spa|1
|-boost|p1a: Keldeo|spd|1
|move|p2a: Starmie|Scald|p1a: Keldeo
|-resisted|p1a: Keldeo
|-activate|p1a: Keldeo|Substitute|[damage]
|
|-heal|p1a: Keldeo|263\/323|[from] item: Leftovers
|turn|14
|-message|Bulbasawr forfeited.
|leave|Bulbasawr
|leave|FUQ GLISCORE
|
|win|wish killer
|raw|Ladder updating...
|player|p2
|raw|wish killer's rating: 1779 &rarr; <strong>1797<\/strong><br \/>(+18 for winning)
|raw|Bulbasawr's rating: 1740 &rarr; <strong>1723<\/strong><br \/>(-17 for losing)