|join|Reverb
|join|Bulbasawr
|player|p1|Reverb|#reverb
|player|p2|Bulbasawr|155
|gametype|singles
|gen|6
|tier|OU
|rated
|clearpoke
|poke|p1|Metagross
|poke|p1|Heatran, F
|poke|p1|Landorus-Therian, M
|poke|p1|Rotom-Wash
|poke|p1|Keldeo-Resolute
|poke|p1|Gengar, F
|poke|p2|Landorus-Therian, M
|poke|p2|Pinsir, M
|poke|p2|Azelf
|poke|p2|Excadrill, F
|poke|p2|Talonflame, M
|poke|p2|Keldeo-Resolute
|rule|Swagger Clause: Swagger is banned
|rule|Baton Pass Clause: Limit one PokÃ©mon knowing Baton Pass
|rule|Sleep Clause Mod: Limit one foe put to sleep
|rule|Species Clause: Limit one of each PokÃ©mon
|rule|OHKO Clause: OHKO moves are banned
|rule|Moody Clause: Moody is banned
|rule|Evasion Moves Clause: Evasion moves are banned
|rule|Endless Battle Clause: Forcing endless battles is banned
|rule|HP Percentage Mod: HP is shown in percentages
|teampreview
|
|start
|switch|p1a: Heatran|Heatran, F|385\/385
|switch|p2a: Azelf|Azelf|291\/291
|turn|1
|
|move|p2a: Azelf|Taunt|p1a: Heatran
|-start|p1a: Heatran|move: Taunt
|move|p1a: Heatran|Lava Plume|p2a: Azelf
|-damage|p2a: Azelf|138\/291
|
|turn|2
|
|move|p2a: Azelf|Stealth Rock|p1a: Heatran
|-sidestart|p1: Reverb|move: Stealth Rock
|move|p1a: Heatran|Lava Plume|p2a: Azelf
|-damage|p2a: Azelf|0 fnt
|faint|p2a: Azelf
|
|
|switch|p2a: Keldeo-Resolute|Keldeo-Resolute|323\/323
|turn|3
|
|switch|p1a: Rotom-Wash|Rotom-Wash|303\/303
|-damage|p1a: Rotom-Wash|266\/303|[from] Stealth Rock
|move|p2a: Keldeo-Resolute|Substitute|p2a: Keldeo-Resolute
|-start|p2a: Keldeo-Resolute|Substitute
|-damage|p2a: Keldeo-Resolute|243\/323
|
|-heal|p2a: Keldeo-Resolute|263\/323|[from] item: Leftovers
|-heal|p1a: Rotom-Wash|284\/303|[from] item: Leftovers
|turn|4
|
|move|p2a: Keldeo-Resolute|Secret Sword|p1a: Rotom-Wash
|-damage|p1a: Rotom-Wash|169\/303
|move|p1a: Rotom-Wash|Volt Switch|p2a: Keldeo-Resolute
|-supereffective|p2a: Keldeo-Resolute
|-end|p2a: Keldeo-Resolute|Substitute
|
|switch|p1a: Heatran|Heatran, F|385\/385
|-damage|p1a: Heatran|337\/385|[from] Stealth Rock
|
|-heal|p2a: Keldeo-Resolute|283\/323|[from] item: Leftovers
|-heal|p1a: Heatran|361\/385|[from] item: Leftovers
|turn|5
|join|Agilis
|
|move|p2a: Keldeo-Resolute|Secret Sword|p1a: Heatran
|-supereffective|p1a: Heatran
|-damage|p1a: Heatran|91\/385
|move|p1a: Heatran|Stealth Rock|p2a: Keldeo-Resolute
|-sidestart|p2: Bulbasawr|move: Stealth Rock
|
|-heal|p2a: Keldeo-Resolute|303\/323|[from] item: Leftovers
|-heal|p1a: Heatran|115\/385|[from] item: Leftovers
|turn|6
|join|Cholera90
|
|move|p2a: Keldeo-Resolute|Scald|p1a: Heatran
|-supereffective|p1a: Heatran
|-damage|p1a: Heatran|0 fnt
|faint|p1a: Heatran
|
|-heal|p2a: Keldeo-Resolute|323\/323|[from] item: Leftovers
|join|Pure Demize
|
|switch|p1a: Metagross|Metagross|301\/301
|-damage|p1a: Metagross|283\/301|[from] Stealth Rock
|turn|7
|join|Zamrock
|
|detailschange|p1a: Metagross|Metagross-Mega
|-mega|p1a: Metagross|Metagross|Metagrossite
|move|p2a: Keldeo-Resolute|Scald|p1a: Metagross
|-damage|p1a: Metagross|159\/301
|move|p1a: Metagross|Zen Headbutt|p2a: Keldeo-Resolute
|-supereffective|p2a: Keldeo-Resolute
|-damage|p2a: Keldeo-Resolute|0 fnt
|faint|p2a: Keldeo-Resolute
|
|
|switch|p2a: Landorus-Therian|Landorus-Therian, M|319\/319
|-damage|p2a: Landorus-Therian|280\/319|[from] Stealth Rock
|-ability|p2a: Landorus-Therian|Intimidate|[of] p1a: Metagross
|-unboost|p1a: Metagross|atk|1
|turn|8
|
|switch|p1a: Landorus-Therian|Landorus-Therian, M|327\/327
|-damage|p1a: Landorus-Therian|287\/327|[from] Stealth Rock
|-ability|p1a: Landorus-Therian|Intimidate|[of] p2a: Landorus-Therian
|-unboost|p2a: Landorus-Therian|atk|1
|move|p2a: Landorus-Therian|U-turn|p1a: Landorus-Therian
|-resisted|p1a: Landorus-Therian
|-damage|p1a: Landorus-Therian|251\/327
|c| Zamrock|Reverb
|
|switch|p2a: Excadrill|Excadrill, F|361\/361
|-damage|p2a: Excadrill|350\/361|[from] Stealth Rock
|-ability|p2a: Excadrill|Mold Breaker
|-item|p2a: Excadrill|Air Balloon
|
|turn|9
|c| Zamrock|i wanna be known in the community and get
|
|move|p1a: Landorus-Therian|U-turn|p2a: Excadrill
|-resisted|p2a: Excadrill
|-damage|p2a: Excadrill|288\/361
|-enditem|p2a: Excadrill|Air Balloon
|c| Zamrock|global
|c| Zamrock|teach me how
|c| Zamrock|i'll be great
|c| Zamrock|n_n
|
|switch|p1a: Gengar|Gengar, F|261\/261
|-damage|p1a: Gengar|229\/261|[from] Stealth Rock
|move|p2a: Excadrill|Earthquake|p1a: Gengar
|-supereffective|p1a: Gengar
|-damage|p1a: Gengar|0 fnt
|faint|p1a: Gengar
|
|c|âReverb|be a really good user who contributes a lot
|c| Agilis|^Cheesy
|c| Agilis|But true
|
|switch|p1a: Keldeo-Resolute|Keldeo-Resolute|323\/323
|-damage|p1a: Keldeo-Resolute|303\/323|[from] Stealth Rock
|turn|10
|c| Zamrock|mfw contribute
|c| Zamrock|i tutor
|c| Zamrock|is that enough?
|c| Zamrock|-
|c|âReverb|contribute on PS
|c| Zamrock|dash
|c| Zamrock|like talk a lot
|
|move|p1a: Keldeo-Resolute|Scald|p2a: Excadrill
|-supereffective|p2a: Excadrill
|-damage|p2a: Excadrill|0 fnt
|faint|p2a: Excadrill
|
|c| Zamrock|and don't make fun of niggas
|c| Zamrock|p much
|c| Zamrock|yn
|c|âReverb|and dont get angry so easily
|
|switch|p2a: Pinsir|Pinsir, M|278\/278
|-damage|p2a: Pinsir|209\/278|[from] Stealth Rock
|turn|11
|c| Zamrock|p_p
|c| Zamrock|i'm a nice boy
|c| Zamrock|i swear
|c| Zamrock|!
|
|move|p1a: Keldeo-Resolute|Scald|p2a: Pinsir
|-damage|p2a: Pinsir|0 fnt
|faint|p2a: Pinsir
|
|-message|Bulbasawr forfeited.
|leave|Bulbasawr
|c| Zamrock|i haven't been mad at some1 for like
|
|win|Reverb
|raw|Ladder updating...
|player|p2