|join|Lukas Hex
|join|Bulbasawr
|player|p1|Lukas Hex|101
|player|p2|Bulbasawr|155
|gametype|singles
|gen|6
|tier|OU (suspect test)
|rated
|clearpoke
|poke|p1|Kyurem-Black, shiny
|poke|p1|Gallade, M, shiny
|poke|p1|Klefki, M, shiny
|poke|p1|Bisharp, M, shiny
|poke|p1|Starmie, shiny
|poke|p1|Heatran, F, shiny
|poke|p2|Scolipede, F
|poke|p2|Pinsir, M
|poke|p2|Excadrill, F
|poke|p2|Talonflame, F
|poke|p2|Bisharp, F
|poke|p2|Keldeo-Resolute
|rule|Swagger Clause: Swagger is banned
|rule|Baton Pass Clause: Limit one PokÃ©mon knowing Baton Pass
|rule|Sleep Clause Mod: Limit one foe put to sleep
|rule|Species Clause: Limit one of each PokÃ©mon
|rule|OHKO Clause: OHKO moves are banned
|rule|Moody Clause: Moody is banned
|rule|Evasion Moves Clause: Evasion moves are banned
|rule|Endless Battle Clause: Forcing endless battles is banned
|rule|HP Percentage Mod: HP is shown in percentages
|teampreview
|
|start
|switch|p1a: Bisharp|Bisharp, M, shiny|333\/333
|switch|p2a: Scolipede|Scolipede, F|261\/261
|turn|1
|
|move|p2a: Scolipede|Earthquake|p1a: Bisharp
|-supereffective|p1a: Bisharp
|-damage|p1a: Bisharp|147\/333
|move|p1a: Bisharp|Swords Dance|p1a: Bisharp
|-boost|p1a: Bisharp|atk|2
|
|-boost|p2a: Scolipede|spe|1|[from] ability: Speed Boost
|turn|2
|
|move|p1a: Bisharp|Sucker Punch|p2a: Scolipede
|-fail|p2a: Scolipede
|move|p2a: Scolipede|Swords Dance|p2a: Scolipede
|-boost|p2a: Scolipede|atk|2
|
|-boost|p2a: Scolipede|spe|1|[from] ability: Speed Boost
|turn|3
|
|move|p1a: Bisharp|Sucker Punch|p2a: Scolipede
|-fail|p2a: Scolipede
|move|p2a: Scolipede|Baton Pass|p2a: Scolipede
|
|switch|p2a: Pinsir|Pinsir, M|334\/334
|
|turn|4
|
|detailschange|p2a: Pinsir|Pinsir-Mega, M
|-mega|p2a: Pinsir|Pinsir|Pinsirite
|move|p2a: Pinsir|Swords Dance|p2a: Pinsir
|-boost|p2a: Pinsir|atk|2
|move|p1a: Bisharp|Iron Head|p2a: Pinsir
|-damage|p2a: Pinsir|57\/334
|
|turn|5
|
|move|p2a: Pinsir|Quick Attack|p1a: Bisharp
|-resisted|p1a: Bisharp
|-damage|p1a: Bisharp|0 fnt
|faint|p1a: Bisharp
|
|
|switch|p1a: Klefki|Klefki, M, shiny|317\/317
|turn|6
|
|move|p1a: Klefki|Reflect|p1a: Klefki
|-sidestart|p1: Lukas Hex|Reflect
|move|p2a: Pinsir|Earthquake|p1a: Klefki
|-supereffective|p1a: Klefki
|-damage|p1a: Klefki|0 fnt
|faint|p1a: Klefki
|
|
|switch|p1a: Heatran|Heatran, F, shiny|385\/385
|-item|p1a: Heatran|Air Balloon
|turn|7
|
|move|p2a: Pinsir|Facade|p1a: Heatran
|-resisted|p1a: Heatran
|-damage|p1a: Heatran|241\/385
|-enditem|p1a: Heatran|Air Balloon
|move|p1a: Heatran|Lava Plume|p2a: Pinsir
|-crit|p2a: Pinsir
|-supereffective|p2a: Pinsir
|-damage|p2a: Pinsir|0 fnt
|faint|p2a: Pinsir
|
|
|switch|p2a: Excadrill|Excadrill, F|361\/361
|-ability|p2a: Excadrill|Mold Breaker
|-item|p2a: Excadrill|Air Balloon
|turn|8
|
|move|p2a: Excadrill|Earthquake|p1a: Heatran
|-supereffective|p1a: Heatran
|-damage|p1a: Heatran|0 fnt
|faint|p1a: Heatran
|
|
|switch|p1a: Gallade|Gallade, M, shiny|307\/307
|turn|9
|
|detailschange|p1a: Gallade|Gallade-Mega, M, shiny
|-mega|p1a: Gallade|Gallade|Galladite
|move|p2a: Excadrill|Earthquake|p1a: Gallade
|-damage|p1a: Gallade|219\/307
|move|p1a: Gallade|Drain Punch|p2a: Excadrill
|-supereffective|p2a: Excadrill
|-damage|p2a: Excadrill|0 fnt
|-heal|p1a: Gallade|307\/307|[from] drain|[of] p2a: Excadrill
|-enditem|p2a: Excadrill|Air Balloon
|faint|p2a: Excadrill
|
|
|switch|p2a: Talonflame|Talonflame, F|297\/297
|turn|10
|
|switch|p1a: Starmie|Starmie, shiny|289\/289
|move|p2a: Talonflame|Brave Bird|p1a: Starmie
|-damage|p1a: Starmie|189\/289
|-damage|p2a: Talonflame|264\/297|[from] recoil|[of] p1a: Starmie
|
|turn|11
|
|switch|p2a: Keldeo-Resolute|Keldeo-Resolute|323\/323
|move|p1a: Starmie|Psychic|p2a: Keldeo-Resolute
|-supereffective|p2a: Keldeo-Resolute
|-damage|p2a: Keldeo-Resolute|5\/323
|-unboost|p2a: Keldeo-Resolute|spd|1
|
|-heal|p2a: Keldeo-Resolute|25\/323|[from] item: Leftovers
|turn|12
|
|move|p2a: Keldeo-Resolute|Scald|p1a: Starmie
|-resisted|p1a: Starmie
|-damage|p1a: Starmie|109\/289
|-enditem|p1a: Starmie|Sitrus Berry|[eat]
|-heal|p1a: Starmie|181\/289|[from] item: Sitrus Berry
|move|p1a: Starmie|Psychic|p2a: Keldeo-Resolute
|-supereffective|p2a: Keldeo-Resolute
|-damage|p2a: Keldeo-Resolute|0 fnt
|faint|p2a: Keldeo-Resolute
|
|
|switch|p2a: Bisharp|Bisharp, F|271\/271
|turn|13
|
|move|p1a: Starmie|Ice Beam|p2a: Bisharp
|-resisted|p2a: Bisharp
|-damage|p2a: Bisharp|210\/271
|move|p2a: Bisharp|Knock Off|p1a: Starmie
|-supereffective|p1a: Starmie
|-damage|p1a: Starmie|37\/289
|
|-sideend|p1: Lukas Hex|Reflect
|turn|14
|
|move|p1a: Starmie|Ice Beam|p2a: Bisharp
|-resisted|p2a: Bisharp
|-damage|p2a: Bisharp|150\/271
|-status|p2a: Bisharp|frz
|cant|p2a: Bisharp|frz
|
|turn|15
|
|switch|p1a: Gallade|Gallade-Mega, M, shiny|307\/307
|cant|p2a: Bisharp|frz
|
|turn|16
|
|move|p1a: Gallade|Bulk Up|p1a: Gallade
|-boost|p1a: Gallade|atk|1
|-boost|p1a: Gallade|def|1
|-curestatus|p2a: Bisharp|frz
|move|p2a: Bisharp|Knock Off|p1a: Gallade
|-damage|p1a: Gallade|217\/307
|
|turn|17
|
|move|p1a: Gallade|Drain Punch|p2a: Bisharp
|-crit|p2a: Bisharp
|-supereffective|p2a: Bisharp
|-damage|p2a: Bisharp|0 fnt
|-heal|p1a: Gallade|292\/307|[from] drain|[of] p2a: Bisharp
|faint|p2a: Bisharp
|
|
|switch|p2a: Talonflame|Talonflame, F|264\/297
|turn|18
|
|move|p2a: Talonflame|Brave Bird|p1a: Gallade
|-supereffective|p1a: Gallade
|-damage|p1a: Gallade|32\/307
|-damage|p2a: Talonflame|178\/297|[from] recoil|[of] p1a: Gallade
|move|p1a: Gallade|Ice Punch|p2a: Talonflame
|-damage|p2a: Talonflame|0 fnt
|faint|p2a: Talonflame
|
|
|switch|p2a: Scolipede|Scolipede, F|261\/261
|turn|19
|
|move|p2a: Scolipede|Earthquake|p1a: Gallade
|-damage|p1a: Gallade|0 fnt
|faint|p1a: Gallade
|
|-boost|p2a: Scolipede|spe|1|[from] ability: Speed Boost
|
|switch|p1a: Kyurem-Black|Kyurem-Black, shiny|453\/453
|-ability|p1a: Kyurem-Black|Teravolt
|turn|20
|
|move|p2a: Scolipede|Rock Slide|p1a: Kyurem-Black
|-supereffective|p1a: Kyurem-Black
|-damage|p1a: Kyurem-Black|301\/453
|cant|p1a: Kyurem-Black|flinch
|
|-boost|p2a: Scolipede|spe|1|[from] ability: Speed Boost
|turn|21
|
|move|p2a: Scolipede|Rock Slide|p1a: Kyurem-Black
|-supereffective|p1a: Kyurem-Black
|-damage|p1a: Kyurem-Black|161\/453
|move|p1a: Kyurem-Black|Freeze Shock|p2a: Scolipede|[still]
|-prepare|p1a: Kyurem-Black|Freeze Shock|p2a: Scolipede
|-enditem|p1a: Kyurem-Black|Power Herb
|-anim|p1a: Kyurem-Black|Freeze Shock|p2a: Scolipede
|-enditem|p2a: Scolipede|Focus Sash
|-damage|p2a: Scolipede|1\/261
|
|-boost|p2a: Scolipede|spe|1|[from] ability: Speed Boost
|turn|22
|c|âLukas Hex|oh my gosh haha
|
|move|p2a: Scolipede|Rock Slide|p1a: Kyurem-Black
|-supereffective|p1a: Kyurem-Black
|-damage|p1a: Kyurem-Black|7\/453
|move|p1a: Kyurem-Black|Ice Beam|p2a: Scolipede
|-crit|p2a: Scolipede
|-damage|p2a: Scolipede|0 fnt
|faint|p2a: Scolipede
|
|win|Lukas Hex
|raw|Ladder updating...
|raw|Lukas Hex's rating: 1437 &rarr; <strong>1461<\/strong><br \/>(+24 for winning)
|raw|Bulbasawr's rating: 1500 &rarr; <strong>1476<\/strong><br \/>(-24 for losing)
|leave|Bulbasawr