|join|Longines
|join|Don't Get Swept
|player|p1|Longines|37
|player|p2|Don't Get Swept|269
|gametype|singles
|gen|6
|tier|OU
|rated
|clearpoke
|poke|p1|Greninja, F
|poke|p1|Garchomp, F
|poke|p1|Scizor, F
|poke|p1|Bisharp, F
|poke|p1|Latios, M
|poke|p1|Landorus-Therian, M
|poke|p2|Scizor, F
|poke|p2|Keldeo
|poke|p2|Garchomp, M
|poke|p2|Tyranitar, F
|poke|p2|Gengar, M
|poke|p2|Talonflame, F
|rule|Swagger Clause: Swagger is banned
|rule|Baton Pass Clause: Limit one PokÃ©mon knowing Baton Pass
|rule|Sleep Clause Mod: Limit one foe put to sleep
|rule|Species Clause: Limit one of each PokÃ©mon
|rule|OHKO Clause: OHKO moves are banned
|rule|Moody Clause: Moody is banned
|rule|Evasion Moves Clause: Evasion moves are banned
|rule|Endless Battle Clause: Forcing endless battles is banned
|rule|HP Percentage Mod: HP is shown in percentages
|teampreview
|
|start
|switch|p1a: Garchomp|Garchomp, F|357\/357
|switch|p2a: Keldeo|Keldeo|323\/323
|turn|1
|
|move|p2a: Keldeo|Scald|p1a: Garchomp
|-damage|p1a: Garchomp|183\/357
|move|p1a: Garchomp|Stealth Rock|p2a: Keldeo
|-sidestart|p2: Don't Get Swept|move: Stealth Rock
|
|turn|2
|
|move|p2a: Keldeo|Scald|p1a: Garchomp
|-damage|p1a: Garchomp|15\/357
|move|p1a: Garchomp|Dragon Claw|p2a: Keldeo
|-damage|p2a: Keldeo|164\/323
|
|turn|3
|
|move|p2a: Keldeo|Scald|p1a: Garchomp
|-damage|p1a: Garchomp|0 fnt
|faint|p1a: Garchomp
|
|
|switch|p1a: Greninja|Greninja, F|286\/286
|turn|4
|
|switch|p2a: Garchomp|Garchomp, M|420\/420
|-damage|p2a: Garchomp|394\/420|[from] Stealth Rock
|move|p1a: Greninja|Hidden Power|p2a: Garchomp
|-start|p1a: Greninja|typechange|Grass|[from] Protean
|-damage|p2a: Garchomp|252\/420
|-damage|p1a: Greninja|258\/286|[from] item: Life Orb
|
|turn|5
|
|switch|p2a: Keldeo|Keldeo|164\/323
|-damage|p2a: Keldeo|144\/323|[from] Stealth Rock
|move|p1a: Greninja|Ice Beam|p2a: Keldeo
|-start|p1a: Greninja|typechange|Ice|[from] Protean
|-resisted|p2a: Keldeo
|-damage|p2a: Keldeo|50\/323
|-damage|p1a: Greninja|230\/286|[from] item: Life Orb
|
|turn|6
|
|move|p2a: Keldeo|Secret Sword|p1a: Greninja
|-supereffective|p1a: Greninja
|-damage|p1a: Greninja|0 fnt
|faint|p1a: Greninja
|
|-message|Longines forfeited.
|
|win|Don't Get Swept
|raw|Ladder updating...
|leave|Longines
|player|p1
|raw|Longines's rating: 1234 &rarr; <strong>1207<\/strong><br \/>(-27 for losing)
|raw|Don&apos;t Get Swept's rating: 1202 &rarr; <strong>1229<\/strong><br \/>(+27 for winning)