|join|Don't Get Swept
|join|Mawile Fan
|player|p1|Don't Get Swept|293
|player|p2|Mawile Fan|167
|gametype|singles
|gen|6
|tier|OU
|rated
|clearpoke
|poke|p1|Metagross
|poke|p1|Landorus, M, shiny
|poke|p1|Azumarill, F
|poke|p1|Latias, F
|poke|p1|Heatran, M
|poke|p1|Chesnaught, F
|poke|p2|Slowbro, F
|poke|p2|Heatran, F
|poke|p2|Serperior, M
|poke|p2|Altaria, M
|poke|p2|Ferrothorn, M
|poke|p2|Tentacruel, M
|rule|Swagger Clause: Swagger is banned
|rule|Baton Pass Clause: Limit one PokÃ©mon knowing Baton Pass
|rule|Sleep Clause Mod: Limit one foe put to sleep
|rule|Species Clause: Limit one of each PokÃ©mon
|rule|OHKO Clause: OHKO moves are banned
|rule|Moody Clause: Moody is banned
|rule|Evasion Moves Clause: Evasion moves are banned
|rule|Endless Battle Clause: Forcing endless battles is banned
|rule|HP Percentage Mod: HP is shown in percentages
|teampreview
|
|start
|switch|p1a: Basedlord Hax|Chesnaught, F|320\/320
|switch|p2a: Heatran|Heatran, F|337\/337
|-item|p2a: Heatran|Air Balloon
|turn|1
|c|âDon't Get Swept|shit
|
|move|p1a: Basedlord Hax|Substitute|p1a: Basedlord Hax
|-start|p1a: Basedlord Hax|Substitute
|-damage|p1a: Basedlord Hax|240\/320
|move|p2a: Heatran|Fire Blast|p1a: Basedlord Hax
|-supereffective|p1a: Basedlord Hax
|-end|p1a: Basedlord Hax|Substitute
|
|turn|2
|c|âMawile Fan|max speed
|c|âDon't Get Swept|yeah
|c|âDon't Get Swept|jk not max
|c|âDon't Get Swept|but enough to outspeed trans.
|
|switch|p2a: Tentacruel|Tentacruel, M|364\/364
|move|p1a: Basedlord Hax|Substitute|p1a: Basedlord Hax
|-start|p1a: Basedlord Hax|Substitute
|-damage|p1a: Basedlord Hax|160\/320
|
|turn|3
|
|move|p1a: Basedlord Hax|Seed Bomb|p2a: Tentacruel
|-damage|p2a: Tentacruel|187\/364
|move|p2a: Tentacruel|Acid Spray|p1a: Basedlord Hax
|-supereffective|p1a: Basedlord Hax
|-end|p1a: Basedlord Hax|Substitute
|
|-heal|p2a: Tentacruel|209\/364|[from] item: Black Sludge
|turn|4
|
|switch|p1a: 2Ton|Metagross|301\/301
|switch|p2a: Altaria|Altaria, M|353\/353
|
|turn|5
|
|switch|p1a: Basedlord Hax|Chesnaught, F|160\/320
|switch|p2a: Slowbro|Slowbro, F|391\/391
|
|turn|6
|
|move|p1a: Basedlord Hax|Substitute|p1a: Basedlord Hax
|-start|p1a: Basedlord Hax|Substitute
|-damage|p1a: Basedlord Hax|80\/320
|-enditem|p1a: Basedlord Hax|Salac Berry|[eat]
|-boost|p1a: Basedlord Hax|spe|1|[from] item: Salac Berry
|move|p2a: Slowbro|Psyshock|p1a: Basedlord Hax
|-supereffective|p1a: Basedlord Hax
|-end|p1a: Basedlord Hax|Substitute
|
|turn|7
|
|move|p1a: Basedlord Hax|Seed Bomb|p2a: Slowbro
|-supereffective|p2a: Slowbro
|-damage|p2a: Slowbro|149\/391
|move|p2a: Slowbro|Psyshock|p1a: Basedlord Hax
|-supereffective|p1a: Basedlord Hax
|-damage|p1a: Basedlord Hax|0 fnt
|faint|p1a: Basedlord Hax
|
|-heal|p2a: Slowbro|173\/391|[from] item: Leftovers
|
|switch|p1a: Back Then|Azumarill, F|364\/364
|turn|8
|
|switch|p2a: Ferrothorn|Ferrothorn, M|351\/351
|move|p1a: Back Then|Knock Off|p2a: Ferrothorn
|-damage|p2a: Ferrothorn|251\/351
|-damage|p1a: Back Then|319\/364|[from] ability: Iron Barbs|[of] p2a: Ferrothorn
|-enditem|p2a: Ferrothorn|Leftovers|[from] move: Knock Off|[of] p1a: Back Then
|
|turn|9
|
|switch|p1a: Heatran|Heatran, M|385\/385
|move|p2a: Ferrothorn|Leech Seed|p1a: Heatran|[miss]
|-miss|p2a: Ferrothorn|p1a: Heatran
|
|turn|10
|
|switch|p2a: Heatran|Heatran, F|337\/337
|-item|p2a: Heatran|Air Balloon
|move|p1a: Heatran|Stealth Rock|p2a: Heatran
|-sidestart|p2: Mawile Fan|move: Stealth Rock
|
|turn|11
|
|switch|p1a: Bars For Eons|Latias, F|349\/349
|move|p2a: Heatran|Stealth Rock|p1a: Bars For Eons
|-sidestart|p1: Don't Get Swept|move: Stealth Rock
|
|turn|12
|
|switch|p1a: Heatran|Heatran, M|385\/385
|-damage|p1a: Heatran|337\/385|[from] Stealth Rock
|switch|p2a: Ferrothorn|Ferrothorn, M|251\/351
|-damage|p2a: Ferrothorn|230\/351|[from] Stealth Rock
|
|-heal|p1a: Heatran|361\/385|[from] item: Leftovers
|turn|13
|c|âDon't Get Swept|yus
|
|switch|p1a: Back Then|Azumarill, F|319\/364
|-damage|p1a: Back Then|274\/364|[from] Stealth Rock
|switch|p2a: Heatran|Heatran, F|337\/337
|-damage|p2a: Heatran|295\/337|[from] Stealth Rock
|-item|p2a: Heatran|Air Balloon
|
|turn|14
|
|switch|p2a: Tentacruel|Tentacruel, M|209\/364
|-damage|p2a: Tentacruel|164\/364|[from] Stealth Rock
|move|p1a: Back Then|Belly Drum|p1a: Back Then
|-damage|p1a: Back Then|92\/364
|-setboost|p1a: Back Then|atk|6|[from] move: Belly Drum
|-enditem|p1a: Back Then|Sitrus Berry|[eat]
|-heal|p1a: Back Then|183\/364|[from] item: Sitrus Berry
|
|-heal|p2a: Tentacruel|186\/364|[from] item: Black Sludge
|turn|15
|
|move|p1a: Back Then|Aqua Jet|p2a: Tentacruel
|-resisted|p2a: Tentacruel
|-damage|p2a: Tentacruel|0 fnt
|faint|p2a: Tentacruel
|
|
|switch|p2a: Serperior|Serperior, M|291\/291
|-damage|p2a: Serperior|255\/291|[from] Stealth Rock
|turn|16
|
|move|p1a: Back Then|Aqua Jet|p2a: Serperior
|-resisted|p2a: Serperior
|-damage|p2a: Serperior|72\/291
|move|p2a: Serperior|Giga Drain|p1a: Back Then
|-supereffective|p1a: Back Then
|-damage|p1a: Back Then|0 fnt
|-heal|p2a: Serperior|164\/291|[from] drain|[of] p1a: Back Then
|-damage|p2a: Serperior|135\/291|[from] item: Life Orb
|faint|p1a: Back Then
|
|
|switch|p1a: ForceLikeObiwan|Landorus, M, shiny|319\/319
|-damage|p1a: ForceLikeObiwan|280\/319|[from] Stealth Rock
|turn|17
|
|move|p2a: Serperior|Leaf Storm|p1a: ForceLikeObiwan
|-damage|p1a: ForceLikeObiwan|34\/319
|-boost|p2a: Serperior|spa|2
|-damage|p2a: Serperior|106\/291|[from] item: Life Orb
|move|p1a: ForceLikeObiwan|Earth Power|p2a: Serperior
|-resisted|p2a: Serperior
|-damage|p2a: Serperior|0 fnt
|faint|p2a: Serperior
|
|
|switch|p2a: Altaria|Altaria, M|353\/353
|-damage|p2a: Altaria|265\/353|[from] Stealth Rock
|turn|18
|
|move|p1a: ForceLikeObiwan|Sludge Wave|p2a: Altaria
|-damage|p2a: Altaria|73\/353
|move|p2a: Altaria|Frustration|p1a: ForceLikeObiwan
|-damage|p1a: ForceLikeObiwan|0 fnt
|faint|p1a: ForceLikeObiwan
|
|
|switch|p1a: 2Ton|Metagross|301\/301
|-damage|p1a: 2Ton|283\/301|[from] Stealth Rock
|turn|19
|
|detailschange|p1a: 2Ton|Metagross-Mega
|-mega|p1a: 2Ton|Metagross|Metagrossite
|move|p1a: 2Ton|Pursuit|p2a: Altaria|[from]Pursuit
|-crit|p2a: Altaria
|-damage|p2a: Altaria|0 fnt
|faint|p2a: Altaria
|
|
|switch|p2a: Slowbro|Slowbro, F|303\/391
|-damage|p2a: Slowbro|255\/391|[from] Stealth Rock
|turn|20
|
|switch|p1a: Bars For Eons|Latias, F|349\/349
|-damage|p1a: Bars For Eons|306\/349|[from] Stealth Rock
|move|p2a: Slowbro|Scald|p1a: Bars For Eons
|-resisted|p1a: Bars For Eons
|-damage|p1a: Bars For Eons|272\/349
|-status|p1a: Bars For Eons|brn
|
|-heal|p1a: Bars For Eons|293\/349 brn|[from] item: Leftovers
|-heal|p2a: Slowbro|279\/391|[from] item: Leftovers
|-damage|p1a: Bars For Eons|250\/349 brn|[from] brn
|turn|21
|
|switch|p1a: Heatran|Heatran, M|361\/385
|-damage|p1a: Heatran|313\/385|[from] Stealth Rock
|switch|p2a: Ferrothorn|Ferrothorn, M|230\/351
|-damage|p2a: Ferrothorn|209\/351|[from] Stealth Rock
|
|-heal|p1a: Heatran|337\/385|[from] item: Leftovers
|turn|22
|
|switch|p2a: Heatran|Heatran, F|295\/337
|-damage|p2a: Heatran|253\/337|[from] Stealth Rock
|-item|p2a: Heatran|Air Balloon
|move|p1a: Heatran|Magma Storm|p2a: Heatran
|-start|p2a: Heatran|ability: Flash Fire
|
|-heal|p1a: Heatran|361\/385|[from] item: Leftovers
|turn|23
|
|switch|p1a: Bars For Eons|Latias, F|250\/349 brn
|-damage|p1a: Bars For Eons|207\/349 brn|[from] Stealth Rock
|move|p2a: Heatran|Flash Cannon|p1a: Bars For Eons
|-damage|p1a: Bars For Eons|87\/349 brn
|
|-heal|p1a: Bars For Eons|108\/349 brn|[from] item: Leftovers
|-damage|p1a: Bars For Eons|65\/349 brn|[from] brn
|turn|24
|
|switch|p2a: Ferrothorn|Ferrothorn, M|209\/351
|-damage|p2a: Ferrothorn|188\/351|[from] Stealth Rock
|move|p1a: Bars For Eons|Psyshock|p2a: Ferrothorn
|-resisted|p2a: Ferrothorn
|-damage|p2a: Ferrothorn|149\/351
|
|-heal|p1a: Bars For Eons|86\/349 brn|[from] item: Leftovers
|-damage|p1a: Bars For Eons|43\/349 brn|[from] brn
|turn|25
|
|move|p1a: Bars For Eons|Defog|p2a: Ferrothorn
|-unboost|p2a: Ferrothorn|evasion|1
|-sideend|p2: Mawile Fan|Stealth Rock|[from] move: Defog|[of] p2a: Ferrothorn
|-sideend|p1: Don't Get Swept|Stealth Rock|[from] move: Defog|[of] p1a: Bars For Eons
|move|p2a: Ferrothorn|Leech Seed|p1a: Bars For Eons
|-start|p1a: Bars For Eons|move: Leech Seed
|
|-heal|p1a: Bars For Eons|64\/349 brn|[from] item: Leftovers
|-damage|p1a: Bars For Eons|21\/349 brn|[from] Leech Seed|[of] p2a: Ferrothorn
|-heal|p2a: Ferrothorn|192\/351|[silent]
|-damage|p1a: Bars For Eons|0 fnt|[from] brn
|faint|p1a: Bars For Eons
|
|switch|p1a: Heatran|Heatran, M|361\/385
|turn|26
|
|switch|p1a: 2Ton|Metagross-Mega|283\/301
|switch|p2a: Heatran|Heatran, F|253\/337
|-item|p2a: Heatran|Air Balloon
|
|turn|27
|
|switch|p1a: Heatran|Heatran, M|361\/385
|switch|p2a: Slowbro|Slowbro, F|391\/391
|
|-heal|p1a: Heatran|385\/385|[from] item: Leftovers
|turn|28
|
|switch|p2a: Heatran|Heatran, F|253\/337
|-item|p2a: Heatran|Air Balloon
|move|p1a: Heatran|Magma Storm|p2a: Heatran
|-start|p2a: Heatran|ability: Flash Fire
|
|turn|29
|
|move|p2a: Heatran|Earth Power|p1a: Heatran
|-supereffective|p1a: Heatran
|-damage|p1a: Heatran|5\/385
|move|p1a: Heatran|Stealth Rock|p2a: Heatran
|-sidestart|p2: Mawile Fan|move: Stealth Rock
|
|-heal|p1a: Heatran|29\/385|[from] item: Leftovers
|turn|30
|c|âDon't Get Swept|bitch
|-message|Don't Get Swept forfeited.
|leave|Don't Get Swept
|
|win|Mawile Fan
|raw|Ladder updating...
|player|p1
|raw|Don&apos;t Get Swept's rating: 1567 &rarr; <strong>1545<\/strong><br \/>(-22 for losing)
|raw|Mawile Fan's rating: 1522 &rarr; <strong>1544<\/strong><br \/>(+22 for winning)