|join|Don't Get Swept
|join|The Ess of Johan
|player|p1|Don't Get Swept|293
|player|p2|The Ess of Johan|112
|gametype|singles
|gen|6
|tier|OU
|rated
|clearpoke
|poke|p1|Diancie
|poke|p1|Hydreigon, M
|poke|p1|Magnezone
|poke|p1|Jirachi
|poke|p1|Landorus-Therian, M
|poke|p1|Azumarill, M
|poke|p2|Celebi
|poke|p2|Heatran, F
|poke|p2|Mandibuzz, F
|poke|p2|Gothitelle, F
|poke|p2|Lopunny, F
|poke|p2|Clefable, F, shiny
|rule|Swagger Clause: Swagger is banned
|rule|Baton Pass Clause: Limit one PokÃ©mon knowing Baton Pass
|rule|Sleep Clause Mod: Limit one foe put to sleep
|rule|Species Clause: Limit one of each PokÃ©mon
|rule|OHKO Clause: OHKO moves are banned
|rule|Moody Clause: Moody is banned
|rule|Evasion Moves Clause: Evasion moves are banned
|rule|Endless Battle Clause: Forcing endless battles is banned
|rule|HP Percentage Mod: HP is shown in percentages
|teampreview
|
|start
|switch|p1a: ForceLikeObiwan|Landorus-Therian, M|319\/319
|switch|p2a: Celebi|Celebi|401\/401
|-ability|p1a: ForceLikeObiwan|Intimidate|[of] p2a: Celebi
|-unboost|p2a: Celebi|atk|1
|turn|1
|
|switch|p2a: Mandibuzz|Mandibuzz, F|423\/423
|move|p1a: ForceLikeObiwan|U-turn|p2a: Mandibuzz
|-damage|p2a: Mandibuzz|357\/423
|-damage|p1a: ForceLikeObiwan|266\/319|[from] item: Rocky Helmet|[of] p2a: Mandibuzz
|
|switch|p1a: Dangerzone|Magnezone|281\/281
|
|turn|2
|
|switch|p2a: Celebi|Celebi|401\/401
|move|p1a: Dangerzone|Volt Switch|p2a: Celebi
|-resisted|p2a: Celebi
|-damage|p2a: Celebi|353\/401
|
|switch|p1a: ForceLikeObiwan|Landorus-Therian, M|266\/319
|-ability|p1a: ForceLikeObiwan|Intimidate|[of] p2a: Celebi
|-unboost|p2a: Celebi|atk|1
|
|-heal|p2a: Celebi|378\/401|[from] item: Leftovers
|turn|3
|
|switch|p2a: Mandibuzz|Mandibuzz, F|357\/423
|move|p1a: ForceLikeObiwan|U-turn|p2a: Mandibuzz
|-damage|p2a: Mandibuzz|295\/423
|-damage|p1a: ForceLikeObiwan|213\/319|[from] item: Rocky Helmet|[of] p2a: Mandibuzz
|
|switch|p1a: Diancie|Diancie|241\/241
|
|turn|4
|
|switch|p2a: Celebi|Celebi|378\/401
|detailschange|p1a: Diancie|Diancie-Mega
|-mega|p1a: Diancie|Diancie|Diancite
|move|p1a: Diancie|Moonblast|p2a: Celebi
|-damage|p2a: Celebi|240\/401
|
|-heal|p2a: Celebi|265\/401|[from] item: Leftovers
|turn|5
|
|switch|p1a: Hydreigon|Hydreigon, M|325\/325
|move|p2a: Celebi|Giga Drain|p1a: Hydreigon
|-resisted|p1a: Hydreigon
|-damage|p1a: Hydreigon|278\/325
|-heal|p2a: Celebi|289\/401|[from] drain|[of] p1a: Hydreigon
|
|-heal|p2a: Celebi|314\/401|[from] item: Leftovers
|turn|6
|
|switch|p2a: Mandibuzz|Mandibuzz, F|295\/423
|move|p1a: Hydreigon|Dark Pulse|p2a: Mandibuzz
|-resisted|p2a: Mandibuzz
|-damage|p2a: Mandibuzz|201\/423
|-damage|p1a: Hydreigon|246\/325|[from] item: Life Orb
|
|turn|7
|
|switch|p2a: Heatran|Heatran, F|370\/370
|move|p1a: Hydreigon|Draco Meteor|p2a: Heatran
|-resisted|p2a: Heatran
|-damage|p2a: Heatran|248\/370
|-unboost|p1a: Hydreigon|spa|2
|-damage|p1a: Hydreigon|214\/325|[from] item: Life Orb
|
|-heal|p2a: Heatran|271\/370|[from] item: Leftovers
|turn|8
|
|switch|p2a: Mandibuzz|Mandibuzz, F|201\/423
|move|p1a: Hydreigon|Superpower|p2a: Mandibuzz
|-damage|p2a: Mandibuzz|100\/423
|-damage|p1a: Hydreigon|160\/325|[from] item: Rocky Helmet|[of] p2a: Mandibuzz
|-unboost|p1a: Hydreigon|atk|1
|-unboost|p1a: Hydreigon|def|1
|-damage|p1a: Hydreigon|128\/325|[from] item: Life Orb
|
|turn|9
|
|move|p1a: Hydreigon|Draco Meteor|p2a: Mandibuzz|[miss]
|-miss|p1a: Hydreigon|p2a: Mandibuzz
|move|p2a: Mandibuzz|Roost|p2a: Mandibuzz
|-heal|p2a: Mandibuzz|312\/423
|
|turn|10
|
|switch|p1a: Dangerzone|Magnezone|281\/281
|move|p2a: Mandibuzz|Roost|p2a: Mandibuzz
|-heal|p2a: Mandibuzz|423\/423
|
|turn|11
|
|switch|p2a: Celebi|Celebi|314\/401
|move|p1a: Dangerzone|Volt Switch|p2a: Celebi
|-resisted|p2a: Celebi
|-damage|p2a: Celebi|264\/401
|
|switch|p1a: Jirachi|Jirachi|404\/404
|
|-heal|p2a: Celebi|289\/401|[from] item: Leftovers
|turn|12
|
|switch|p2a: Gothitelle|Gothitelle, F|301\/301
|move|p1a: Jirachi|Wish|p1a: Jirachi
|
|turn|13
|
|move|p2a: Gothitelle|Trick|p1a: Jirachi
|-activate|p2a: Gothitelle|move: Trick|[of] p1a: Jirachi
|-item|p1a: Jirachi|Choice Scarf|[from] move: Trick
|-item|p2a: Gothitelle|Leftovers|[from] move: Trick
|move|p1a: Jirachi|U-turn|p2a: Gothitelle
|-supereffective|p2a: Gothitelle
|-damage|p2a: Gothitelle|187\/301
|c|âDon't Get Swept|actually
|
|switch|p1a: Hydreigon|Hydreigon, M|128\/325
|
|-heal|p1a: Hydreigon|325\/325|[from] move: Wish|[wisher] Jirachi
|-heal|p2a: Gothitelle|205\/301|[from] item: Leftovers
|turn|14
|c|âDon't Get Swept|that might help me with celebi later
|c|âDon't Get Swept|thanks
|c|âThe Ess of Johan|yup
|
|switch|p2a: Mandibuzz|Mandibuzz, F|423\/423
|move|p1a: Hydreigon|Dark Pulse|p2a: Mandibuzz
|-resisted|p2a: Mandibuzz
|-damage|p2a: Mandibuzz|341\/423
|-damage|p1a: Hydreigon|293\/325|[from] item: Life Orb
|
|turn|15
|
|move|p1a: Hydreigon|Superpower|p2a: Mandibuzz
|-damage|p2a: Mandibuzz|240\/423
|-damage|p1a: Hydreigon|239\/325|[from] item: Rocky Helmet|[of] p2a: Mandibuzz
|-unboost|p1a: Hydreigon|atk|1
|-unboost|p1a: Hydreigon|def|1
|-damage|p1a: Hydreigon|207\/325|[from] item: Life Orb
|move|p2a: Mandibuzz|Roost|p2a: Mandibuzz
|-heal|p2a: Mandibuzz|423\/423
|
|turn|16
|
|switch|p1a: Jirachi|Jirachi|404\/404
|move|p2a: Mandibuzz|Foul Play|p1a: Jirachi
|-supereffective|p1a: Jirachi
|-damage|p1a: Jirachi|174\/404
|
|turn|17
|c|âDon't Get Swept|knock off
|
|switch|p1a: Dangerzone|Magnezone|281\/281
|move|p2a: Mandibuzz|Foul Play|p1a: Dangerzone
|-damage|p1a: Dangerzone|211\/281
|
|turn|18
|
|switch|p2a: Celebi|Celebi|289\/401
|move|p1a: Dangerzone|Volt Switch|p2a: Celebi
|-resisted|p2a: Celebi
|-damage|p2a: Celebi|244\/401
|
|switch|p1a: ForceLikeObiwan|Landorus-Therian, M|213\/319
|-ability|p1a: ForceLikeObiwan|Intimidate|[of] p2a: Celebi
|-unboost|p2a: Celebi|atk|1
|
|-heal|p2a: Celebi|269\/401|[from] item: Leftovers
|turn|19
|
|switch|p1a: Diancie|Diancie-Mega|241\/241
|switch|p2a: Mandibuzz|Mandibuzz, F|423\/423
|
|turn|20
|
|switch|p2a: Clefable|Clefable, F, shiny|393\/393
|move|p1a: Diancie|Moonblast|p2a: Clefable
|-damage|p2a: Clefable|176\/393
|
|-heal|p2a: Clefable|200\/393|[from] item: Leftovers
|turn|21
|
|move|p2a: Clefable|Protect|p2a: Clefable
|-singleturn|p2a: Clefable|Protect
|move|p1a: Diancie|Moonblast|p2a: Clefable
|-activate|p2a: Clefable|Protect
|
|-heal|p2a: Clefable|224\/393|[from] item: Leftovers
|turn|22
|
|move|p1a: Diancie|Moonblast|p2a: Clefable
|-damage|p2a: Clefable|0 fnt
|faint|p2a: Clefable
|
|
|switch|p2a: Celebi|Celebi|269\/401
|turn|23
|
|switch|p1a: Jirachi|Jirachi|174\/404
|move|p2a: Celebi|Recover|p2a: Celebi
|-heal|p2a: Celebi|401\/401
|
|turn|24
|
|switch|p2a: Gothitelle|Gothitelle, F|205\/301
|move|p1a: Jirachi|U-turn|p2a: Gothitelle
|-supereffective|p2a: Gothitelle
|-damage|p2a: Gothitelle|87\/301
|
|switch|p1a: Hydreigon|Hydreigon, M|207\/325
|
|-heal|p2a: Gothitelle|105\/301|[from] item: Leftovers
|turn|25
|
|switch|p2a: Mandibuzz|Mandibuzz, F|423\/423
|move|p1a: Hydreigon|Draco Meteor|p2a: Mandibuzz
|-damage|p2a: Mandibuzz|142\/423
|-unboost|p1a: Hydreigon|spa|2
|-damage|p1a: Hydreigon|175\/325|[from] item: Life Orb
|
|turn|26
|
|switch|p1a: Dangerzone|Magnezone|211\/281
|move|p2a: Mandibuzz|Roost|p2a: Mandibuzz
|-heal|p2a: Mandibuzz|354\/423
|
|turn|27
|
|switch|p2a: Gothitelle|Gothitelle, F|105\/301
|move|p1a: Dangerzone|Thunderbolt|p2a: Gothitelle
|-crit|p2a: Gothitelle
|-damage|p2a: Gothitelle|0 fnt
|faint|p2a: Gothitelle
|
|
|switch|p2a: Lopunny|Lopunny, F|271\/271
|turn|28
|
|switch|p1a: ForceLikeObiwan|Landorus-Therian, M|213\/319
|-ability|p1a: ForceLikeObiwan|Intimidate|[of] p2a: Lopunny
|-unboost|p2a: Lopunny|atk|1
|detailschange|p2a: Lopunny|Lopunny-Mega, F
|-mega|p2a: Lopunny|Lopunny|Lopunnite
|move|p2a: Lopunny|High Jump Kick|p1a: ForceLikeObiwan
|-resisted|p1a: ForceLikeObiwan
|-damage|p1a: ForceLikeObiwan|131\/319
|
|turn|29
|
|switch|p2a: Mandibuzz|Mandibuzz, F|354\/423
|move|p1a: ForceLikeObiwan|Explosion|p2a: Mandibuzz
|-damage|p2a: Mandibuzz|111\/423
|faint|p1a: ForceLikeObiwan
|
|
|switch|p1a: Dangerzone|Magnezone|211\/281
|turn|30
|
|switch|p2a: Celebi|Celebi|401\/401
|move|p1a: Dangerzone|Volt Switch|p2a: Celebi
|-resisted|p2a: Celebi
|-damage|p2a: Celebi|355\/401
|
|switch|p1a: Jirachi|Jirachi|174\/404
|
|-heal|p2a: Celebi|380\/401|[from] item: Leftovers
|turn|31
|
|switch|p2a: Heatran|Heatran, F|271\/370
|move|p1a: Jirachi|U-turn|p2a: Heatran
|-resisted|p2a: Heatran
|-damage|p2a: Heatran|257\/370
|
|switch|p1a: Diancie|Diancie-Mega|241\/241
|
|-heal|p2a: Heatran|280\/370|[from] item: Leftovers
|turn|32
|
|switch|p2a: Celebi|Celebi|380\/401
|move|p1a: Diancie|Earth Power|p2a: Celebi
|-resisted|p2a: Celebi
|-damage|p2a: Celebi|332\/401
|
|-heal|p2a: Celebi|357\/401|[from] item: Leftovers
|turn|33
|
|move|p1a: Diancie|Moonblast|p2a: Celebi
|-damage|p2a: Celebi|206\/401
|move|p2a: Celebi|Giga Drain|p1a: Diancie
|-supereffective|p1a: Diancie
|-damage|p1a: Diancie|67\/241
|-heal|p2a: Celebi|293\/401|[from] drain|[of] p1a: Diancie
|
|-heal|p2a: Celebi|318\/401|[from] item: Leftovers
|turn|34
|
|switch|p1a: Jirachi|Jirachi|174\/404
|move|p2a: Celebi|U-turn|p1a: Jirachi
|-damage|p1a: Jirachi|123\/404
|
|switch|p2a: Heatran|Heatran, F|280\/370
|
|-heal|p2a: Heatran|303\/370|[from] item: Leftovers
|turn|35
|
|move|p1a: Jirachi|U-turn|p2a: Heatran
|-crit|p2a: Heatran
|-resisted|p2a: Heatran
|-damage|p2a: Heatran|285\/370
|
|switch|p1a: Diancie|Diancie-Mega|67\/241
|move|p2a: Heatran|Lava Plume|p1a: Diancie
|-resisted|p1a: Diancie
|-damage|p1a: Diancie|0 fnt
|faint|p1a: Diancie
|
|-heal|p2a: Heatran|308\/370|[from] item: Leftovers
|
|switch|p1a: Hydreigon|Hydreigon, M|175\/325
|turn|36
|
|switch|p2a: Celebi|Celebi|318\/401
|move|p1a: Hydreigon|Dark Pulse|p2a: Celebi
|-supereffective|p2a: Celebi
|-damage|p2a: Celebi|74\/401
|-damage|p1a: Hydreigon|143\/325|[from] item: Life Orb
|
|-heal|p2a: Celebi|99\/401|[from] item: Leftovers
|turn|37
|
|switch|p2a: Mandibuzz|Mandibuzz, F|111\/423
|move|p1a: Hydreigon|Dark Pulse|p2a: Mandibuzz
|-resisted|p2a: Mandibuzz
|-damage|p2a: Mandibuzz|28\/423
|-damage|p1a: Hydreigon|111\/325|[from] item: Life Orb
|
|turn|38
|
|move|p1a: Hydreigon|Dark Pulse|p2a: Mandibuzz
|-resisted|p2a: Mandibuzz
|-damage|p2a: Mandibuzz|0 fnt
|-damage|p1a: Hydreigon|79\/325|[from] item: Life Orb
|faint|p2a: Mandibuzz
|
|
|switch|p2a: Lopunny|Lopunny-Mega, F|271\/271
|turn|39
|
|switch|p1a: Jirachi|Jirachi|123\/404
|move|p2a: Lopunny|Frustration|p1a: Jirachi
|-resisted|p1a: Jirachi
|-damage|p1a: Jirachi|23\/404
|
|turn|40
|
|move|p2a: Lopunny|Quick Attack|p1a: Jirachi
|-resisted|p1a: Jirachi
|-damage|p1a: Jirachi|0 fnt
|faint|p1a: Jirachi
|
|
|switch|p1a: Azumarill|Azumarill, M|364\/364
|turn|41
|
|move|p2a: Lopunny|Frustration|p1a: Azumarill
|-damage|p1a: Azumarill|139\/364
|-enditem|p1a: Azumarill|Sitrus Berry|[eat]
|-heal|p1a: Azumarill|230\/364|[from] item: Sitrus Berry
|move|p1a: Azumarill|Play Rough|p2a: Lopunny
|-supereffective|p2a: Lopunny
|-damage|p2a: Lopunny|0 fnt
|faint|p2a: Lopunny
|
|
|switch|p2a: Celebi|Celebi|99\/401
|turn|42
|
|move|p2a: Celebi|Recover|p2a: Celebi
|-heal|p2a: Celebi|300\/401
|move|p1a: Azumarill|Knock Off|p2a: Celebi
|-supereffective|p2a: Celebi
|-damage|p2a: Celebi|12\/401
|-enditem|p2a: Celebi|Leftovers|[from] move: Knock Off|[of] p1a: Azumarill
|
|turn|43
|
|move|p1a: Azumarill|Aqua Jet|p2a: Celebi
|-resisted|p2a: Celebi
|-damage|p2a: Celebi|0 fnt
|faint|p2a: Celebi
|
|c|âDon't Get Swept|gg
|c|âThe Ess of Johan|gg
|
|switch|p2a: Heatran|Heatran, F|308\/370
|turn|44
|
|move|p2a: Heatran|Lava Plume|p1a: Azumarill
|-resisted|p1a: Azumarill
|-damage|p1a: Azumarill|143\/364
|-status|p1a: Azumarill|brn
|move|p1a: Azumarill|Knock Off|p2a: Heatran
|-damage|p2a: Heatran|235\/370
|-enditem|p2a: Heatran|Leftovers|[from] move: Knock Off|[of] p1a: Azumarill
|
|-damage|p1a: Azumarill|98\/364 brn|[from] brn
|turn|45
|
|move|p2a: Heatran|Protect|p2a: Heatran
|-singleturn|p2a: Heatran|Protect
|move|p1a: Azumarill|Aqua Jet|p2a: Heatran
|-activate|p2a: Heatran|Protect
|
|-damage|p1a: Azumarill|53\/364 brn|[from] brn
|turn|46
|
|move|p1a: Azumarill|Aqua Jet|p2a: Heatran
|-supereffective|p2a: Heatran
|-damage|p2a: Heatran|149\/370
|move|p2a: Heatran|Lava Plume|p1a: Azumarill
|-resisted|p1a: Azumarill
|-damage|p1a: Azumarill|0 fnt
|faint|p1a: Azumarill
|
|
|switch|p1a: Hydreigon|Hydreigon, M|79\/325
|turn|47
|
|move|p1a: Hydreigon|Superpower|p2a: Heatran
|-supereffective|p2a: Heatran
|-damage|p2a: Heatran|0 fnt
|-unboost|p1a: Hydreigon|atk|1
|-unboost|p1a: Hydreigon|def|1
|-damage|p1a: Hydreigon|47\/325|[from] item: Life Orb
|faint|p2a: Heatran
|
|win|Don't Get Swept
|raw|Ladder updating...
|raw|Don&apos;t Get Swept's rating: 1619 &rarr; <strong>1631<\/strong><br \/>(+12 for winning)
|raw|The Ess of Johan's rating: 1471 &rarr; <strong>1459<\/strong><br \/>(-12 for losing)
|leave|Don't Get Swept
|join|Don't Get Swept
|leave|Don't Get Swept
|player|p1
|leave|The Ess of Johan
|player|p2
|join|Don't Get Swept