|join|DigitBite
|join|Don't Get Swept
|player|p1|DigitBite|186
|player|p2|Don't Get Swept|269
|gametype|singles
|gen|6
|tier|OU
|rated
|clearpoke
|poke|p1|Diancie
|poke|p1|Landorus-Therian, M
|poke|p1|Tyranitar, M
|poke|p1|Rotom-Wash
|poke|p1|Kyurem-Black
|poke|p1|Tentacruel, F
|poke|p2|Scizor, M
|poke|p2|Keldeo
|poke|p2|Garchomp, F
|poke|p2|Tyranitar, F
|poke|p2|Gengar, M
|poke|p2|Talonflame, M
|rule|Swagger Clause: Swagger is banned
|rule|Baton Pass Clause: Limit one PokÃ©mon knowing Baton Pass
|rule|Sleep Clause Mod: Limit one foe put to sleep
|rule|Species Clause: Limit one of each PokÃ©mon
|rule|OHKO Clause: OHKO moves are banned
|rule|Moody Clause: Moody is banned
|rule|Evasion Moves Clause: Evasion moves are banned
|rule|Endless Battle Clause: Forcing endless battles is banned
|rule|HP Percentage Mod: HP is shown in percentages
|teampreview
|join|Senhor Anseio
|
|start
|switch|p1a: Kyurem-Black|Kyurem-Black|392\/392
|switch|p2a: Keldeo|Keldeo|323\/323
|-ability|p1a: Kyurem-Black|Teravolt
|turn|1
|
|switch|p2a: Garchomp|Garchomp, F|420\/420
|move|p1a: Kyurem-Black|Fusion Bolt|p2a: Garchomp
|-immune|p2a: Garchomp|[msg]
|
|turn|2
|
|switch|p1a: Rotom-Wash|Rotom-Wash|304\/304
|move|p2a: Garchomp|Stealth Rock|p1a: Rotom-Wash
|-sidestart|p1: DigitBite|move: Stealth Rock
|
|turn|3
|
|move|p2a: Garchomp|Toxic|p1a: Rotom-Wash
|-status|p1a: Rotom-Wash|tox
|move|p1a: Rotom-Wash|Hydro Pump|p2a: Garchomp
|-damage|p2a: Garchomp|267\/420
|
|-damage|p1a: Rotom-Wash|285\/304 tox|[from] psn
|turn|4
|
|move|p1a: Rotom-Wash|Volt Switch|p2a: Garchomp
|-immune|p2a: Garchomp|[msg]
|move|p2a: Garchomp|Dragon Tail|p1a: Rotom-Wash
|-damage|p1a: Rotom-Wash|222\/304 tox
|drag|p1a: Diancie|Diancie|241\/241
|-damage|p1a: Diancie|211\/241|[from] Stealth Rock
|
|turn|5
|
|detailschange|p1a: Diancie|Diancie-Mega
|-mega|p1a: Diancie|Diancie|Diancite
|move|p1a: Diancie|Protect|p1a: Diancie
|-singleturn|p1a: Diancie|Protect
|move|p2a: Garchomp|Earthquake|p1a: Diancie
|-activate|p1a: Diancie|Protect
|
|turn|6
|
|switch|p1a: Landorus-Therian|Landorus-Therian, M|320\/320
|-damage|p1a: Landorus-Therian|280\/320|[from] Stealth Rock
|-ability|p1a: Landorus-Therian|Intimidate|[of] p2a: Garchomp
|-unboost|p2a: Garchomp|atk|1
|move|p2a: Garchomp|Toxic|p1a: Landorus-Therian
|-status|p1a: Landorus-Therian|tox
|
|-heal|p1a: Landorus-Therian|300\/320 tox|[from] item: Leftovers
|-damage|p1a: Landorus-Therian|280\/320 tox|[from] psn
|turn|7
|
|switch|p2a: Keldeo|Keldeo|323\/323
|move|p1a: Landorus-Therian|Earthquake|p2a: Keldeo
|-damage|p2a: Keldeo|110\/323
|
|-heal|p1a: Landorus-Therian|300\/320 tox|[from] item: Leftovers
|-damage|p1a: Landorus-Therian|260\/320 tox|[from] psn
|turn|8
|
|switch|p1a: Tentacruel|Tentacruel, F|364\/364
|-damage|p1a: Tentacruel|319\/364|[from] Stealth Rock
|move|p2a: Keldeo|Secret Sword|p1a: Tentacruel
|-resisted|p1a: Tentacruel
|-damage|p1a: Tentacruel|214\/364
|
|-heal|p1a: Tentacruel|236\/364|[from] item: Black Sludge
|turn|9
|
|switch|p2a: Garchomp|Garchomp, F|267\/420
|move|p1a: Tentacruel|Toxic Spikes|p2a: Garchomp
|-sidestart|p2: Don't Get Swept|move: Toxic Spikes
|
|-heal|p1a: Tentacruel|258\/364|[from] item: Black Sludge
|turn|10
|
|move|p2a: Garchomp|Earthquake|p1a: Tentacruel
|-supereffective|p1a: Tentacruel
|-damage|p1a: Tentacruel|0 fnt
|faint|p1a: Tentacruel
|
|
|switch|p1a: Rotom-Wash|Rotom-Wash|222\/304 tox
|-damage|p1a: Rotom-Wash|184\/304 tox|[from] Stealth Rock
|turn|11
|
|switch|p2a: Scizor|Scizor, M|344\/344
|move|p1a: Rotom-Wash|Will-O-Wisp|p2a: Scizor
|-status|p2a: Scizor|brn
|
|-heal|p1a: Rotom-Wash|203\/304 tox|[from] item: Leftovers
|-damage|p1a: Rotom-Wash|184\/304 tox|[from] psn
|-damage|p2a: Scizor|301\/344 brn|[from] brn
|turn|12
|
|detailschange|p2a: Scizor|Scizor-Mega, M
|-mega|p2a: Scizor|Scizor|Scizorite
|move|p1a: Rotom-Wash|Pain Split|p2a: Scizor
|-sethp|p2a: Scizor|242\/344 brn|p1a: Rotom-Wash|242\/304 tox|[from] move: Pain Split
|move|p2a: Scizor|Roost|p2a: Scizor
|-heal|p2a: Scizor|344\/344 brn
|
|-heal|p1a: Rotom-Wash|261\/304 tox|[from] item: Leftovers
|-damage|p1a: Rotom-Wash|223\/304 tox|[from] psn
|-damage|p2a: Scizor|301\/344 brn|[from] brn
|turn|13
|
|move|p1a: Rotom-Wash|Volt Switch|p2a: Scizor
|-damage|p2a: Scizor|204\/344 brn
|
|switch|p1a: Diancie|Diancie-Mega|211\/241
|-damage|p1a: Diancie|181\/241|[from] Stealth Rock
|move|p2a: Scizor|Defog|p1a: Diancie
|move|p1a: Diancie|Defog|p2a: Scizor|[from]Magic Bounce
|-unboost|p2a: Scizor|evasion|1
|-sideend|p2: Don't Get Swept|Toxic Spikes|[from] move: Defog|[of] p2a: Scizor
|-sideend|p1: DigitBite|Stealth Rock|[from] move: Defog|[of] p1a: Diancie
|
|-damage|p2a: Scizor|161\/344 brn|[from] brn
|turn|14
|
|move|p1a: Diancie|Protect|p1a: Diancie
|-singleturn|p1a: Diancie|Protect
|move|p2a: Scizor|Bullet Punch|p1a: Diancie
|-activate|p1a: Diancie|Protect
|
|-damage|p2a: Scizor|118\/344 brn|[from] brn
|turn|15
|
|switch|p1a: Landorus-Therian|Landorus-Therian, M|260\/320 tox
|-ability|p1a: Landorus-Therian|Intimidate|[of] p2a: Scizor
|-unboost|p2a: Scizor|atk|1
|move|p2a: Scizor|Bullet Punch|p1a: Landorus-Therian
|-damage|p1a: Landorus-Therian|218\/320 tox
|
|-heal|p1a: Landorus-Therian|238\/320 tox|[from] item: Leftovers
|-damage|p1a: Landorus-Therian|218\/320 tox|[from] psn
|-damage|p2a: Scizor|75\/344 brn|[from] brn
|turn|16
|
|move|p1a: Landorus-Therian|Knock Off|p2a: Scizor
|-damage|p2a: Scizor|26\/344 brn
|move|p2a: Scizor|Roost|p2a: Scizor
|-heal|p2a: Scizor|198\/344 brn
|
|-heal|p1a: Landorus-Therian|238\/320 tox|[from] item: Leftovers
|-damage|p1a: Landorus-Therian|198\/320 tox|[from] psn
|-damage|p2a: Scizor|155\/344 brn|[from] brn
|turn|17
|
|move|p1a: Landorus-Therian|Earthquake|p2a: Scizor
|-damage|p2a: Scizor|44\/344 brn
|move|p2a: Scizor|Roost|p2a: Scizor
|-heal|p2a: Scizor|216\/344 brn
|
|-heal|p1a: Landorus-Therian|218\/320 tox|[from] item: Leftovers
|-damage|p1a: Landorus-Therian|158\/320 tox|[from] psn
|-damage|p2a: Scizor|173\/344 brn|[from] brn
|turn|18
|
|switch|p1a: Diancie|Diancie-Mega|181\/241
|move|p2a: Scizor|Roost|p2a: Scizor
|-heal|p2a: Scizor|344\/344 brn
|
|-damage|p2a: Scizor|301\/344 brn|[from] brn
|turn|19
|
|move|p1a: Diancie|Protect|p1a: Diancie
|-singleturn|p1a: Diancie|Protect
|move|p2a: Scizor|Swords Dance|p2a: Scizor
|-boost|p2a: Scizor|atk|2
|
|-damage|p2a: Scizor|258\/344 brn|[from] brn
|turn|20
|
|switch|p1a: Landorus-Therian|Landorus-Therian, M|158\/320 tox
|-ability|p1a: Landorus-Therian|Intimidate|[of] p2a: Scizor
|-unboost|p2a: Scizor|atk|1
|move|p2a: Scizor|Swords Dance|p2a: Scizor
|-boost|p2a: Scizor|atk|2
|
|-heal|p1a: Landorus-Therian|178\/320 tox|[from] item: Leftovers
|-damage|p1a: Landorus-Therian|158\/320 tox|[from] psn
|-damage|p2a: Scizor|215\/344 brn|[from] brn
|turn|21
|
|switch|p1a: Kyurem-Black|Kyurem-Black|392\/392
|-ability|p1a: Kyurem-Black|Teravolt
|move|p2a: Scizor|Roost|p2a: Scizor
|-heal|p2a: Scizor|344\/344 brn
|
|-damage|p2a: Scizor|301\/344 brn|[from] brn
|turn|22
|
|move|p2a: Scizor|Bullet Punch|p1a: Kyurem-Black
|-supereffective|p1a: Kyurem-Black
|-damage|p1a: Kyurem-Black|188\/392
|move|p1a: Kyurem-Black|Outrage|p2a: Scizor
|-resisted|p2a: Scizor
|-damage|p2a: Scizor|228\/344 brn
|
|-damage|p2a: Scizor|185\/344 brn|[from] brn
|turn|23
|
|move|p1a: Kyurem-Black|Outrage|p2a: Scizor
|-resisted|p2a: Scizor
|-damage|p2a: Scizor|104\/344 brn
|move|p2a: Scizor|Swords Dance|p2a: Scizor
|-boost|p2a: Scizor|atk|2
|
|-damage|p2a: Scizor|61\/344 brn|[from] brn
|turn|24
|
|move|p2a: Scizor|Bullet Punch|p1a: Kyurem-Black
|-crit|p1a: Kyurem-Black
|-supereffective|p1a: Kyurem-Black
|-damage|p1a: Kyurem-Black|0 fnt
|faint|p1a: Kyurem-Black
|
|-damage|p2a: Scizor|18\/344 brn|[from] brn
|
|switch|p1a: Diancie|Diancie-Mega|181\/241
|turn|25
|
|move|p2a: Scizor|Bullet Punch|p1a: Diancie
|-supereffective|p1a: Diancie
|-damage|p1a: Diancie|0 fnt
|faint|p1a: Diancie
|
|-damage|p2a: Scizor|0 fnt|[from] brn
|faint|p2a: Scizor
|-message|DigitBite forfeited.
|
|win|Don't Get Swept
|raw|Ladder updating...
|leave|DigitBite
|player|p1
|raw|DigitBite's rating: 1422 &rarr; <strong>1398<\/strong><br \/>(-24 for losing)
|raw|Don&apos;t Get Swept's rating: 1351 &rarr; <strong>1375<\/strong><br \/>(+24 for winning)