|join|kamicaze
|join|uphaze
|player|p1|kamicaze|266
|player|p2|uphaze|87
|gametype|singles
|gen|6
|tier|OU
|rated
|clearpoke
|poke|p1|Metagross, shiny
|poke|p1|Heatran, M, shiny
|poke|p1|Rotom-Wash, shiny
|poke|p1|Landorus-Therian, M, shiny
|poke|p1|Scizor, M
|poke|p1|Salamence, F, shiny
|poke|p2|Sableye, M
|poke|p2|Clefable, F
|poke|p2|Tentacruel, M
|poke|p2|Kyurem-Black
|poke|p2|Landorus-Therian, M
|poke|p2|Rotom-Wash
|rule|Swagger Clause: Swagger is banned
|rule|Baton Pass Clause: Limit one PokÃ©mon knowing Baton Pass
|rule|Sleep Clause Mod: Limit one foe put to sleep
|rule|Species Clause: Limit one of each PokÃ©mon
|rule|OHKO Clause: OHKO moves are banned
|rule|Moody Clause: Moody is banned
|rule|Evasion Moves Clause: Evasion moves are banned
|rule|Endless Battle Clause: Forcing endless battles is banned
|rule|HP Percentage Mod: HP is shown in percentages
|teampreview
|
|start
|switch|p1a: Heatran|Heatran, M, shiny|386\/386
|switch|p2a: Rotom-Wash|Rotom-Wash|304\/304
|turn|1
|
|move|p2a: Rotom-Wash|Volt Switch|p1a: Heatran
|-damage|p1a: Heatran|292\/386
|
|switch|p2a: Tentacruel|Tentacruel, M|364\/364
|move|p1a: Heatran|Stealth Rock|p2a: Tentacruel
|-sidestart|p2: uphaze|move: Stealth Rock
|
|turn|2
|
|switch|p1a: Rotom-Wash|Rotom-Wash, shiny|304\/304
|move|p2a: Tentacruel|Rapid Spin|p1a: Rotom-Wash
|-damage|p1a: Rotom-Wash|293\/304
|-sideend|p2: uphaze|Stealth Rock|[from] move: Rapid Spin|[of] p2a: Tentacruel
|
|turn|3
|
|switch|p2a: Landorus-Therian|Landorus-Therian, M|320\/320
|-ability|p2a: Landorus-Therian|Intimidate|[of] p1a: Rotom-Wash
|-unboost|p1a: Rotom-Wash|atk|1
|move|p1a: Rotom-Wash|Light Screen|p1a: Rotom-Wash
|-sidestart|p1: kamicaze|move: Light Screen
|
|turn|4
|
|move|p2a: Landorus-Therian|U-turn|p1a: Rotom-Wash
|-damage|p1a: Rotom-Wash|201\/304
|
|switch|p2a: Sableye|Sableye, M|304\/304
|move|p1a: Rotom-Wash|Reflect|p1a: Rotom-Wash
|-sidestart|p1: kamicaze|Reflect
|
|turn|5
|
|detailschange|p2a: Sableye|Sableye-Mega, M
|message|Sableye has Mega Evolved into Mega Sableye!
|move|p2a: Sableye|Calm Mind|p2a: Sableye
|-boost|p2a: Sableye|spa|1
|-boost|p2a: Sableye|spd|1
|move|p1a: Rotom-Wash|Hydro Pump|p2a: Sableye|[miss]
|-miss|p1a: Rotom-Wash|p2a: Sableye
|
|turn|6
|
|switch|p1a: Scizor|Scizor, M|344\/344
|move|p2a: Sableye|Calm Mind|p2a: Sableye
|-boost|p2a: Sableye|spa|1
|-boost|p2a: Sableye|spd|1
|
|turn|7
|
|move|p1a: Scizor|Swords Dance|p1a: Scizor
|-boost|p1a: Scizor|atk|2
|move|p2a: Sableye|Will-O-Wisp|p1a: Scizor|[miss]
|-miss|p2a: Sableye|p1a: Scizor
|
|turn|8
|
|move|p1a: Scizor|Bug Bite|p2a: Sableye
|-damage|p2a: Sableye|84\/304
|move|p2a: Sableye|Will-O-Wisp|p1a: Scizor|[miss]
|-miss|p2a: Sableye|p1a: Scizor
|
|turn|9
|
|switch|p2a: Landorus-Therian|Landorus-Therian, M|320\/320
|-ability|p2a: Landorus-Therian|Intimidate|[of] p1a: Scizor
|-unboost|p1a: Scizor|atk|1
|move|p1a: Scizor|Bullet Punch|p2a: Landorus-Therian
|-damage|p2a: Landorus-Therian|119\/320
|
|turn|10
|
|switch|p2a: Tentacruel|Tentacruel, M|364\/364
|move|p1a: Scizor|Bullet Punch|p2a: Tentacruel
|-resisted|p2a: Tentacruel
|-damage|p2a: Tentacruel|273\/364
|
|-heal|p2a: Tentacruel|295\/364|[from] item: Black Sludge
|-sideend|p1: kamicaze|move: Light Screen
|turn|11
|
|move|p2a: Tentacruel|Scald|p1a: Scizor
|-damage|p1a: Scizor|245\/344
|move|p1a: Scizor|Swords Dance|p1a: Scizor
|-boost|p1a: Scizor|atk|2
|
|-heal|p2a: Tentacruel|317\/364|[from] item: Black Sludge
|-sideend|p1: kamicaze|Reflect
|turn|12
|
|move|p2a: Tentacruel|Scald|p1a: Scizor
|-damage|p1a: Scizor|160\/344
|move|p1a: Scizor|Knock Off|p2a: Tentacruel
|-damage|p2a: Tentacruel|5\/364
|-enditem|p2a: Tentacruel|Black Sludge|[from] move: Knock Off|[of] p1a: Scizor
|
|turn|13
|
|switch|p2a: Rotom-Wash|Rotom-Wash|304\/304
|move|p1a: Scizor|Bullet Punch|p2a: Rotom-Wash
|-crit|p2a: Rotom-Wash
|-resisted|p2a: Rotom-Wash
|-damage|p2a: Rotom-Wash|192\/304
|
|turn|14
|
|move|p2a: Rotom-Wash|Hydro Pump|p1a: Scizor
|-damage|p1a: Scizor|0 fnt
|faint|p1a: Scizor
|
|
|switch|p1a: Rotom-Wash|Rotom-Wash, shiny|201\/304
|turn|15
|
|switch|p2a: Sableye|Sableye-Mega, M|84\/304
|move|p1a: Rotom-Wash|Light Screen|p1a: Rotom-Wash
|-sidestart|p1: kamicaze|move: Light Screen
|
|turn|16
|
|move|p1a: Rotom-Wash|Hydro Pump|p2a: Sableye|[miss]
|-miss|p1a: Rotom-Wash|p2a: Sableye
|move|p2a: Sableye|Recover|p2a: Sableye
|-heal|p2a: Sableye|236\/304
|
|turn|17
|
|move|p1a: Rotom-Wash|Volt Switch|p2a: Sableye
|-damage|p2a: Sableye|158\/304
|
|switch|p1a: Salamence|Salamence, F, shiny|331\/331
|move|p2a: Sableye|Recover|p2a: Sableye
|-heal|p2a: Sableye|304\/304
|
|turn|18
|
|move|p1a: Salamence|Dragon Dance|p1a: Salamence
|-boost|p1a: Salamence|atk|1
|-boost|p1a: Salamence|spe|1
|move|p2a: Sableye|Will-O-Wisp|p1a: Salamence
|-status|p1a: Salamence|brn
|-enditem|p1a: Salamence|Lum Berry|[eat]
|-curestatus|p1a: Salamence|brn
|
|turn|19
|
|switch|p2a: Tentacruel|Tentacruel, M|5\/364
|move|p1a: Salamence|Dragon Claw|p2a: Tentacruel
|-damage|p2a: Tentacruel|0 fnt
|faint|p2a: Tentacruel
|-boost|p1a: Salamence|atk|1|[from] ability: Moxie
|
|
|switch|p2a: Clefable|Clefable, F|394\/394
|turn|20
|
|move|p1a: Salamence|Fire Fang|p2a: Clefable|[miss]
|-miss|p1a: Salamence|p2a: Clefable
|move|p2a: Clefable|Wish|p2a: Clefable
|
|turn|21
|
|move|p1a: Salamence|Fire Fang|p2a: Clefable
|-damage|p2a: Clefable|316\/394
|move|p2a: Clefable|Toxic|p1a: Salamence
|-status|p1a: Salamence|tox
|
|-heal|p2a: Clefable|394\/394|[from] move: Wish|[wisher] Clefable
|-damage|p1a: Salamence|311\/331 tox|[from] psn
|turn|22
|
|move|p1a: Salamence|Earthquake|p2a: Clefable
|-damage|p2a: Clefable|266\/394
|move|p2a: Clefable|Wish|p2a: Clefable
|
|-heal|p2a: Clefable|290\/394|[from] item: Leftovers
|-damage|p1a: Salamence|271\/331 tox|[from] psn
|-sideend|p1: kamicaze|move: Light Screen
|turn|23
|
|move|p1a: Salamence|Dragon Dance|p1a: Salamence
|-boost|p1a: Salamence|atk|1
|-boost|p1a: Salamence|spe|1
|move|p2a: Clefable|Moonblast|p1a: Salamence
|-supereffective|p1a: Salamence
|-damage|p1a: Salamence|25\/331 tox
|
|-heal|p2a: Clefable|394\/394|[from] move: Wish|[wisher] Clefable
|-damage|p1a: Salamence|0 fnt|[from] psn
|faint|p1a: Salamence
|
|switch|p1a: Metagross|Metagross, shiny|302\/302
|turn|24
|
|switch|p2a: Rotom-Wash|Rotom-Wash|192\/304
|move|p1a: Metagross|Meteor Mash|p2a: Rotom-Wash
|-resisted|p2a: Rotom-Wash
|-damage|p2a: Rotom-Wash|153\/304
|
|turn|25
|
|detailschange|p1a: Metagross|Metagross-Mega, shiny
|message|Metagross has Mega Evolved into Mega Metagross!
|move|p2a: Rotom-Wash|Will-O-Wisp|p1a: Metagross|[miss]
|-miss|p2a: Rotom-Wash|p1a: Metagross
|move|p1a: Metagross|Zen Headbutt|p2a: Rotom-Wash
|-damage|p2a: Rotom-Wash|0 fnt
|faint|p2a: Rotom-Wash
|
|
|switch|p2a: Landorus-Therian|Landorus-Therian, M|119\/320
|-ability|p2a: Landorus-Therian|Intimidate|[of] p1a: Metagross
|-unboost|p1a: Metagross|atk|1
|turn|26
|
|move|p2a: Landorus-Therian|U-turn|p1a: Metagross
|-damage|p1a: Metagross|242\/302
|
|switch|p2a: Sableye|Sableye-Mega, M|304\/304
|move|p1a: Metagross|Ice Punch|p2a: Sableye
|-damage|p2a: Sableye|247\/304
|
|turn|27
|
|switch|p1a: Landorus-Therian|Landorus-Therian, M, shiny|382\/382
|-ability|p1a: Landorus-Therian|Intimidate|[of] p2a: Sableye
|-unboost|p2a: Sableye|atk|1
|move|p2a: Sableye|Recover|p2a: Sableye
|-heal|p2a: Sableye|304\/304
|
|turn|28
|
|move|p1a: Landorus-Therian|Stealth Rock|p2a: Sableye
|move|p2a: Sableye|Stealth Rock|p1a: Landorus-Therian|[from]Magic Bounce
|-sidestart|p1: kamicaze|move: Stealth Rock
|move|p2a: Sableye|Calm Mind|p2a: Sableye
|-boost|p2a: Sableye|spa|1
|-boost|p2a: Sableye|spd|1
|
|turn|29
|-message|kamicaze forfeited.
|
|win|uphaze
|raw|Ladder updating...
|leave|kamicaze
|player|p1
|raw|kamicaze's rating: 1187 &rarr; <strong>1163<\/strong><br \/>(-24 for losing)
|raw|uphaze's rating: 1192 &rarr; <strong>1216<\/strong><br \/>(+24 for winning)