|join|hggh
|join|uphaze
|player|p1|hggh|170
|player|p2|uphaze|87
|gametype|singles
|gen|6
|tier|OU
|rated
|clearpoke
|poke|p1|Rotom-Wash
|poke|p1|Scizor, F
|poke|p1|Tyranitar, M
|poke|p1|Garchomp, M
|poke|p1|Gardevoir, M
|poke|p1|Bisharp, F
|poke|p2|Sableye, M
|poke|p2|Clefable, M
|poke|p2|Tentacruel, F
|poke|p2|Kyurem-Black
|poke|p2|Landorus-Therian, M
|poke|p2|Rotom-Wash
|rule|Swagger Clause: Swagger is banned
|rule|Baton Pass Clause: Limit one PokÃ©mon knowing Baton Pass
|rule|Sleep Clause Mod: Limit one foe put to sleep
|rule|Species Clause: Limit one of each PokÃ©mon
|rule|OHKO Clause: OHKO moves are banned
|rule|Moody Clause: Moody is banned
|rule|Evasion Moves Clause: Evasion moves are banned
|rule|Endless Battle Clause: Forcing endless battles is banned
|rule|HP Percentage Mod: HP is shown in percentages
|teampreview
|
|start
|switch|p1a: Rotom-Wash|Rotom-Wash|303\/303
|switch|p2a: Landorus-Therian|Landorus-Therian, M|320\/320
|-ability|p2a: Landorus-Therian|Intimidate|[of] p1a: Rotom-Wash
|-unboost|p1a: Rotom-Wash|atk|1
|turn|1
|
|move|p2a: Landorus-Therian|U-turn|p1a: Rotom-Wash
|-damage|p1a: Rotom-Wash|234\/303
|
|switch|p2a: Rotom-Wash|Rotom-Wash|304\/304
|move|p1a: Rotom-Wash|Will-O-Wisp|p2a: Rotom-Wash
|-status|p2a: Rotom-Wash|brn
|
|-heal|p1a: Rotom-Wash|252\/303|[from] item: Leftovers
|-damage|p2a: Rotom-Wash|266\/304 brn|[from] brn
|turn|2
|
|switch|p2a: Landorus-Therian|Landorus-Therian, M|320\/320
|-ability|p2a: Landorus-Therian|Intimidate|[of] p1a: Rotom-Wash
|-unboost|p1a: Rotom-Wash|atk|1
|move|p1a: Rotom-Wash|Volt Switch|p2a: Landorus-Therian
|-immune|p2a: Landorus-Therian|[msg]
|
|-heal|p1a: Rotom-Wash|270\/303|[from] item: Leftovers
|turn|3
|
|move|p2a: Landorus-Therian|U-turn|p1a: Rotom-Wash
|-damage|p1a: Rotom-Wash|205\/303
|
|switch|p2a: Rotom-Wash|Rotom-Wash|266\/304 brn
|move|p1a: Rotom-Wash|Volt Switch|p2a: Rotom-Wash
|-damage|p2a: Rotom-Wash|185\/304 brn
|
|switch|p1a: Gardevoir|Gardevoir, M|277\/277
|-ability|p1a: Gardevoir|Levitate|[from] ability: Trace|[of] p2a: Rotom-Wash
|
|-damage|p2a: Rotom-Wash|147\/304 brn|[from] brn
|turn|4
|
|detailschange|p1a: Gardevoir|Gardevoir-Mega, M
|message|Gardevoir has Mega Evolved into Mega Gardevoir!
|move|p2a: Rotom-Wash|Volt Switch|p1a: Gardevoir
|-damage|p1a: Gardevoir|208\/277
|
|switch|p2a: Tentacruel|Tentacruel, F|364\/364
|move|p1a: Gardevoir|Taunt|p2a: Tentacruel
|-start|p2a: Tentacruel|move: Taunt
|
|turn|5
|
|switch|p2a: Sableye|Sableye, M|304\/304
|move|p1a: Gardevoir|Psyshock|p2a: Sableye
|-immune|p2a: Sableye|[msg]
|
|turn|6
|
|switch|p2a: Landorus-Therian|Landorus-Therian, M|320\/320
|-ability|p2a: Landorus-Therian|Intimidate|[of] p1a: Gardevoir
|-unboost|p1a: Gardevoir|atk|1
|move|p1a: Gardevoir|Hyper Voice|p2a: Landorus-Therian
|-damage|p2a: Landorus-Therian|26\/320
|
|turn|7
|
|switch|p1a: Rotom-Wash|Rotom-Wash|205\/303
|move|p2a: Landorus-Therian|Knock Off|p1a: Rotom-Wash
|-damage|p1a: Rotom-Wash|120\/303
|-enditem|p1a: Rotom-Wash|Leftovers|[from] move: Knock Off|[of] p2a: Landorus-Therian
|
|turn|8
|
|switch|p2a: Rotom-Wash|Rotom-Wash|147\/304 brn
|move|p1a: Rotom-Wash|Hydro Pump|p2a: Rotom-Wash
|-resisted|p2a: Rotom-Wash
|-damage|p2a: Rotom-Wash|85\/304 brn
|
|-damage|p2a: Rotom-Wash|47\/304 brn|[from] brn
|turn|9
|
|move|p2a: Rotom-Wash|Volt Switch|p1a: Rotom-Wash
|-damage|p1a: Rotom-Wash|35\/303
|
|switch|p2a: Landorus-Therian|Landorus-Therian, M|26\/320
|-ability|p2a: Landorus-Therian|Intimidate|[of] p1a: Rotom-Wash
|-unboost|p1a: Rotom-Wash|atk|1
|move|p1a: Rotom-Wash|Volt Switch|p2a: Landorus-Therian
|-immune|p2a: Landorus-Therian|[msg]
|
|turn|10
|
|switch|p1a: Garchomp|Garchomp, M|357\/357
|move|p2a: Landorus-Therian|U-turn|p1a: Garchomp
|-damage|p1a: Garchomp|256\/357
|-damage|p2a: Landorus-Therian|0 fnt|[from] ability: Rough Skin|[of] p1a: Garchomp
|faint|p2a: Landorus-Therian
|
|
|switch|p2a: Sableye|Sableye, M|304\/304
|turn|11
|
|switch|p1a: Gardevoir|Gardevoir-Mega, M|208\/277
|detailschange|p2a: Sableye|Sableye-Mega, M
|message|Sableye has Mega Evolved into Mega Sableye!
|move|p2a: Sableye|Shadow Ball|p1a: Gardevoir
|-supereffective|p1a: Gardevoir
|-damage|p1a: Gardevoir|74\/277
|
|turn|12
|
|switch|p2a: Kyurem-Black|Kyurem-Black|391\/391
|-ability|p2a: Kyurem-Black|Teravolt
|move|p1a: Gardevoir|Hyper Voice|p2a: Kyurem-Black
|-supereffective|p2a: Kyurem-Black
|-damage|p2a: Kyurem-Black|0 fnt
|faint|p2a: Kyurem-Black
|
|
|switch|p2a: Rotom-Wash|Rotom-Wash|47\/304 brn
|turn|13
|
|switch|p1a: Garchomp|Garchomp, M|256\/357
|move|p2a: Rotom-Wash|Hydro Pump|p1a: Garchomp
|-damage|p1a: Garchomp|64\/357
|
|-damage|p2a: Rotom-Wash|9\/304 brn|[from] brn
|turn|14
|
|move|p2a: Rotom-Wash|Hydro Pump|p1a: Garchomp
|-damage|p1a: Garchomp|0 fnt
|faint|p1a: Garchomp
|
|-damage|p2a: Rotom-Wash|0 fnt|[from] brn
|faint|p2a: Rotom-Wash
|
|switch|p1a: Gardevoir|Gardevoir-Mega, M|74\/277
|switch|p2a: Clefable|Clefable, M|394\/394
|turn|15
|
|switch|p1a: Scizor|Scizor, F|343\/343
|move|p2a: Clefable|Moonblast|p1a: Scizor
|-resisted|p1a: Scizor
|-damage|p1a: Scizor|278\/343
|
|turn|16
|
|switch|p2a: Tentacruel|Tentacruel, F|364\/364
|move|p1a: Scizor|Bullet Punch|p2a: Tentacruel
|-resisted|p2a: Tentacruel
|-damage|p2a: Tentacruel|283\/364
|
|-heal|p2a: Tentacruel|305\/364|[from] item: Black Sludge
|turn|17
|
|switch|p1a: Tyranitar|Tyranitar, M|403\/403
|-weather|Sandstorm
|move|p2a: Tentacruel|Toxic Spikes|p1a: Tyranitar
|-sidestart|p1: hggh|move: Toxic Spikes
|
|-weather|Sandstorm|[upkeep]
|-damage|p2a: Tentacruel|283\/364|[from] sandstorm
|-heal|p2a: Tentacruel|305\/364|[from] item: Black Sludge
|turn|18
|
|move|p2a: Tentacruel|Toxic Spikes|p1a: Tyranitar
|-sidestart|p1: hggh|move: Toxic Spikes
|move|p1a: Tyranitar|Earthquake|p2a: Tentacruel
|-supereffective|p2a: Tentacruel
|-damage|p2a: Tentacruel|103\/364
|
|-weather|Sandstorm|[upkeep]
|-damage|p2a: Tentacruel|81\/364|[from] sandstorm
|-heal|p2a: Tentacruel|103\/364|[from] item: Black Sludge
|turn|19
|
|switch|p2a: Clefable|Clefable, M|394\/394
|move|p1a: Tyranitar|Earthquake|p2a: Clefable
|-damage|p2a: Clefable|303\/394
|
|-weather|Sandstorm|[upkeep]
|-damage|p2a: Clefable|279\/394|[from] sandstorm
|-heal|p2a: Clefable|303\/394|[from] item: Leftovers
|turn|20
|
|switch|p1a: Bisharp|Bisharp, F|272\/272
|move|p2a: Clefable|Wish|p2a: Clefable
|
|-weather|Sandstorm|[upkeep]
|-damage|p2a: Clefable|279\/394|[from] sandstorm
|-heal|p2a: Clefable|303\/394|[from] item: Leftovers
|turn|21
|
|switch|p2a: Tentacruel|Tentacruel, F|103\/364
|move|p1a: Bisharp|Iron Head|p2a: Tentacruel
|-resisted|p2a: Tentacruel
|-damage|p2a: Tentacruel|9\/364
|-damage|p1a: Bisharp|245\/272|[from] item: Life Orb
|
|-weather|none
|-heal|p2a: Tentacruel|206\/364|[from] move: Wish|[wisher] Clefable
|-heal|p2a: Tentacruel|228\/364|[from] item: Black Sludge
|turn|22
|
|move|p2a: Tentacruel|Scald|p1a: Bisharp
|-damage|p1a: Bisharp|136\/272
|move|p1a: Bisharp|Knock Off|p2a: Tentacruel
|-damage|p2a: Tentacruel|0 fnt
|-enditem|p2a: Tentacruel|Black Sludge|[from] move: Knock Off|[of] p1a: Bisharp
|-damage|p1a: Bisharp|109\/272|[from] item: Life Orb
|faint|p2a: Tentacruel
|
|
|switch|p2a: Sableye|Sableye-Mega, M|304\/304
|turn|23
|
|move|p1a: Bisharp|Iron Head|p2a: Sableye
|-damage|p2a: Sableye|175\/304
|-damage|p1a: Bisharp|82\/272|[from] item: Life Orb
|move|p2a: Sableye|Will-O-Wisp|p1a: Bisharp
|-status|p1a: Bisharp|brn
|
|-damage|p1a: Bisharp|48\/272 brn|[from] brn
|turn|24
|
|move|p1a: Bisharp|Iron Head|p2a: Sableye
|-damage|p2a: Sableye|113\/304
|-damage|p1a: Bisharp|21\/272 brn|[from] item: Life Orb
|move|p2a: Sableye|Recover|p2a: Sableye
|-heal|p2a: Sableye|265\/304
|
|-damage|p1a: Bisharp|0 fnt|[from] brn
|faint|p1a: Bisharp
|
|switch|p1a: Gardevoir|Gardevoir-Mega, M|74\/277
|-status|p1a: Gardevoir|tox
|turn|25
|
|switch|p2a: Clefable|Clefable, M|303\/394
|move|p1a: Gardevoir|Hyper Voice|p2a: Clefable
|-damage|p2a: Clefable|42\/394
|
|-heal|p2a: Clefable|66\/394|[from] item: Leftovers
|-damage|p1a: Gardevoir|57\/277 tox|[from] psn
|turn|26
|
|move|p2a: Clefable|Protect|p2a: Clefable
|-singleturn|p2a: Clefable|Protect
|move|p1a: Gardevoir|Hyper Voice|p2a: Clefable
|-activate|p2a: Clefable|Protect
|
|-heal|p2a: Clefable|90\/394|[from] item: Leftovers
|-damage|p1a: Gardevoir|23\/277 tox|[from] psn
|turn|27
|
|move|p2a: Clefable|Protect|p2a: Clefable
|-fail|p2a: Clefable
|move|p1a: Gardevoir|Hyper Voice|p2a: Clefable
|-damage|p2a: Clefable|0 fnt
|faint|p2a: Clefable
|
|-damage|p1a: Gardevoir|0 fnt|[from] psn
|faint|p1a: Gardevoir
|
|switch|p1a: Rotom-Wash|Rotom-Wash|35\/303
|switch|p2a: Sableye|Sableye-Mega, M|265\/304
|turn|28
|
|move|p1a: Rotom-Wash|Pain Split|p2a: Sableye
|-sethp|p2a: Sableye|150\/304|p1a: Rotom-Wash|150\/303|[from] move: Pain Split
|move|p2a: Sableye|Recover|p2a: Sableye
|-heal|p2a: Sableye|302\/304
|
|turn|29
|
|move|p1a: Rotom-Wash|Will-O-Wisp|p2a: Sableye
|move|p2a: Sableye|Will-O-Wisp|p1a: Rotom-Wash|[from]Magic Bounce
|-status|p1a: Rotom-Wash|brn
|move|p2a: Sableye|Calm Mind|p2a: Sableye
|-boost|p2a: Sableye|spa|1
|-boost|p2a: Sableye|spd|1
|
|-damage|p1a: Rotom-Wash|113\/303 brn|[from] brn
|turn|30
|
|move|p1a: Rotom-Wash|Volt Switch|p2a: Sableye
|-damage|p2a: Sableye|247\/304
|
|switch|p1a: Scizor|Scizor, F|278\/343
|move|p2a: Sableye|Calm Mind|p2a: Sableye
|-boost|p2a: Sableye|spa|1
|-boost|p2a: Sableye|spd|1
|
|turn|31
|
|move|p1a: Scizor|U-turn|p2a: Sableye
|-damage|p2a: Sableye|111\/304
|
|switch|p1a: Rotom-Wash|Rotom-Wash|113\/303 brn
|move|p2a: Sableye|Will-O-Wisp|p1a: Rotom-Wash
|-fail|p1a: Rotom-Wash|brn
|
|-damage|p1a: Rotom-Wash|76\/303 brn|[from] brn
|turn|32
|
|move|p1a: Rotom-Wash|Volt Switch|p2a: Sableye
|-damage|p2a: Sableye|72\/304
|
|switch|p1a: Scizor|Scizor, F|278\/343
|move|p2a: Sableye|Recover|p2a: Sableye
|-heal|p2a: Sableye|224\/304
|
|turn|33
|
|move|p1a: Scizor|U-turn|p2a: Sableye
|-damage|p2a: Sableye|97\/304
|
|switch|p1a: Tyranitar|Tyranitar, M|403\/403
|-status|p1a: Tyranitar|tox
|-weather|Sandstorm
|move|p2a: Sableye|Recover|p2a: Sableye
|-heal|p2a: Sableye|249\/304
|
|-weather|Sandstorm|[upkeep]
|-damage|p2a: Sableye|230\/304|[from] sandstorm
|-damage|p1a: Tyranitar|378\/403 tox|[from] psn
|turn|34
|
|move|p1a: Tyranitar|Crunch|p2a: Sableye
|-crit|p2a: Sableye
|-damage|p2a: Sableye|127\/304
|move|p2a: Sableye|Recover|p2a: Sableye
|-heal|p2a: Sableye|279\/304
|
|-weather|Sandstorm|[upkeep]
|-damage|p2a: Sableye|260\/304|[from] sandstorm
|-heal|p1a: Tyranitar|403\/403 tox|[from] item: Leftovers
|-damage|p1a: Tyranitar|353\/403 tox|[from] psn
|turn|35
|
|move|p1a: Tyranitar|Crunch|p2a: Sableye
|-damage|p2a: Sableye|191\/304
|move|p2a: Sableye|Recover|p2a: Sableye
|-heal|p2a: Sableye|304\/304
|
|-weather|Sandstorm|[upkeep]
|-damage|p2a: Sableye|285\/304|[from] sandstorm
|-heal|p1a: Tyranitar|378\/403 tox|[from] item: Leftovers
|-damage|p1a: Tyranitar|303\/403 tox|[from] psn
|turn|36
|
|switch|p1a: Rotom-Wash|Rotom-Wash|76\/303 brn
|move|p2a: Sableye|Calm Mind|p2a: Sableye
|-boost|p2a: Sableye|spa|1
|-boost|p2a: Sableye|spd|1
|
|-weather|Sandstorm|[upkeep]
|-damage|p1a: Rotom-Wash|58\/303 brn|[from] sandstorm
|-damage|p2a: Sableye|266\/304|[from] sandstorm
|-damage|p1a: Rotom-Wash|21\/303 brn|[from] brn
|turn|37
|
|move|p1a: Rotom-Wash|Pain Split|p2a: Sableye
|-sethp|p2a: Sableye|143\/304|p1a: Rotom-Wash|143\/303 brn|[from] move: Pain Split
|move|p2a: Sableye|Recover|p2a: Sableye
|-heal|p2a: Sableye|295\/304
|
|-weather|none
|-damage|p1a: Rotom-Wash|106\/303 brn|[from] brn
|turn|38
|
|move|p1a: Rotom-Wash|Pain Split|p2a: Sableye
|-sethp|p2a: Sableye|200\/304|p1a: Rotom-Wash|200\/303 brn|[from] move: Pain Split
|move|p2a: Sableye|Calm Mind|p2a: Sableye
|-boost|p2a: Sableye|spa|1
|-boost|p2a: Sableye|spd|1
|
|-damage|p1a: Rotom-Wash|163\/303 brn|[from] brn
|turn|39
|
|move|p1a: Rotom-Wash|Pain Split|p2a: Sableye
|-sethp|p2a: Sableye|181\/304|p1a: Rotom-Wash|181\/303 brn|[from] move: Pain Split
|move|p2a: Sableye|Recover|p2a: Sableye
|-heal|p2a: Sableye|304\/304
|
|-damage|p1a: Rotom-Wash|144\/303 brn|[from] brn
|turn|40
|
|move|p1a: Rotom-Wash|Pain Split|p2a: Sableye
|-sethp|p2a: Sableye|224\/304|p1a: Rotom-Wash|224\/303 brn|[from] move: Pain Split
|move|p2a: Sableye|Calm Mind|p2a: Sableye
|-boost|p2a: Sableye|spa|1
|-boost|p2a: Sableye|spd|1
|
|-damage|p1a: Rotom-Wash|187\/303 brn|[from] brn
|turn|41
|
|move|p1a: Rotom-Wash|Volt Switch|p2a: Sableye
|-damage|p2a: Sableye|202\/304
|
|switch|p1a: Scizor|Scizor, F|278\/343
|move|p2a: Sableye|Recover|p2a: Sableye
|-heal|p2a: Sableye|304\/304
|
|turn|42
|
|move|p1a: Scizor|U-turn|p2a: Sableye
|-damage|p2a: Sableye|175\/304
|
|switch|p1a: Tyranitar|Tyranitar, M|303\/403 tox
|-weather|Sandstorm
|move|p2a: Sableye|Recover|p2a: Sableye
|-heal|p2a: Sableye|304\/304
|
|-weather|Sandstorm|[upkeep]
|-damage|p2a: Sableye|285\/304|[from] sandstorm
|-heal|p1a: Tyranitar|328\/403 tox|[from] item: Leftovers
|-damage|p1a: Tyranitar|303\/403 tox|[from] psn
|turn|43
|
|switch|p1a: Rotom-Wash|Rotom-Wash|187\/303 brn
|move|p2a: Sableye|Calm Mind|p2a: Sableye
|-boost|p2a: Sableye|spa|1
|-boost|p2a: Sableye|spd|1
|
|-weather|Sandstorm|[upkeep]
|-damage|p1a: Rotom-Wash|169\/303 brn|[from] sandstorm
|-damage|p2a: Sableye|266\/304|[from] sandstorm
|-damage|p1a: Rotom-Wash|132\/303 brn|[from] brn
|turn|44
|
|move|p1a: Rotom-Wash|Pain Split|p2a: Sableye
|-sethp|p2a: Sableye|199\/304|p1a: Rotom-Wash|199\/303 brn|[from] move: Pain Split
|move|p2a: Sableye|Recover|p2a: Sableye
|-heal|p2a: Sableye|304\/304
|
|-weather|Sandstorm|[upkeep]
|-damage|p1a: Rotom-Wash|181\/303 brn|[from] sandstorm
|-damage|p2a: Sableye|285\/304|[from] sandstorm
|-damage|p1a: Rotom-Wash|144\/303 brn|[from] brn
|turn|45
|
|move|p1a: Rotom-Wash|Pain Split|p2a: Sableye
|-sethp|p2a: Sableye|214\/304|p1a: Rotom-Wash|214\/303 brn|[from] move: Pain Split
|move|p2a: Sableye|Shadow Ball|p1a: Rotom-Wash
|-damage|p1a: Rotom-Wash|0 fnt
|faint|p1a: Rotom-Wash
|
|-weather|Sandstorm|[upkeep]
|-damage|p2a: Sableye|195\/304|[from] sandstorm
|
|switch|p1a: Scizor|Scizor, F|278\/343
|turn|46
|
|move|p1a: Scizor|U-turn|p2a: Sableye
|-damage|p2a: Sableye|62\/304
|
|switch|p1a: Tyranitar|Tyranitar, M|303\/403 tox
|move|p2a: Sableye|Recover|p2a: Sableye
|-heal|p2a: Sableye|214\/304
|
|-weather|none
|-heal|p1a: Tyranitar|328\/403 tox|[from] item: Leftovers
|-damage|p1a: Tyranitar|303\/403 tox|[from] psn
|turn|47
|
|move|p1a: Tyranitar|Crunch|p2a: Sableye
|-damage|p2a: Sableye|144\/304
|move|p2a: Sableye|Recover|p2a: Sableye
|-heal|p2a: Sableye|296\/304
|
|-heal|p1a: Tyranitar|328\/403 tox|[from] item: Leftovers
|-damage|p1a: Tyranitar|278\/403 tox|[from] psn
|turn|48
|
|move|p1a: Tyranitar|Crunch|p2a: Sableye
|-damage|p2a: Sableye|224\/304
|move|p2a: Sableye|Shadow Ball|p1a: Tyranitar
|-resisted|p1a: Tyranitar
|-damage|p1a: Tyranitar|117\/403 tox
|-unboost|p1a: Tyranitar|spd|1
|
|-heal|p1a: Tyranitar|142\/403 tox|[from] item: Leftovers
|-damage|p1a: Tyranitar|67\/403 tox|[from] psn
|turn|49
|
|move|p1a: Tyranitar|Crunch|p2a: Sableye
|-damage|p2a: Sableye|151\/304
|move|p2a: Sableye|Recover|p2a: Sableye
|-heal|p2a: Sableye|303\/304
|
|-heal|p1a: Tyranitar|92\/403 tox|[from] item: Leftovers
|-damage|p1a: Tyranitar|0 fnt|[from] psn
|faint|p1a: Tyranitar
|
|switch|p1a: Scizor|Scizor, F|278\/343
|turn|50
|
|move|p1a: Scizor|U-turn|p2a: Sableye
|-damage|p2a: Sableye|168\/304
|move|p2a: Sableye|Shadow Ball|p1a: Scizor
|-damage|p1a: Scizor|0 fnt
|faint|p1a: Scizor
|
|win|uphaze
|raw|Ladder updating...
|leave|hggh
|player|p1
|raw|hggh's rating: 1361 &rarr; <strong>1338<\/strong><br \/>(-23 for losing)
|raw|uphaze's rating: 1297 &rarr; <strong>1326<\/strong><br \/>(+29 for winning)