|join|uphaze
|join|Bloody Sunday
|player|p1|uphaze|87
|player|p2|Bloody Sunday|68
|gametype|singles
|gen|6
|tier|OU
|rated
|clearpoke
|poke|p1|Archeops, F
|poke|p1|Gengar, M
|poke|p1|Kyurem-Black
|poke|p1|Alomomola, M
|poke|p1|Raikou
|poke|p1|Talonflame, M
|poke|p2|Bisharp, F
|poke|p2|Venusaur, M
|poke|p2|Heatran, F
|poke|p2|Keldeo
|poke|p2|Chansey, F
|poke|p2|Skarmory, F
|rule|Swagger Clause: Swagger is banned
|rule|Baton Pass Clause: Limit one PokÃ©mon knowing Baton Pass
|rule|Sleep Clause Mod: Limit one foe put to sleep
|rule|Species Clause: Limit one of each PokÃ©mon
|rule|OHKO Clause: OHKO moves are banned
|rule|Moody Clause: Moody is banned
|rule|Evasion Moves Clause: Evasion moves are banned
|rule|Endless Battle Clause: Forcing endless battles is banned
|rule|HP Percentage Mod: HP is shown in percentages
|teampreview
|
|start
|switch|p1a: Archeops|Archeops, F|354\/354
|switch|p2a: Heatran|Heatran, F|340\/340
|-item|p2a: Heatran|Air Balloon
|turn|1
|
|move|p1a: Archeops|Taunt|p2a: Heatran
|-start|p2a: Heatran|move: Taunt
|move|p2a: Heatran|Fire Blast|p1a: Archeops
|-resisted|p1a: Archeops
|-damage|p1a: Archeops|234\/354
|
|turn|2
|join|loyal shot
|
|move|p1a: Archeops|Stealth Rock|p2a: Heatran
|-sidestart|p2: Bloody Sunday|move: Stealth Rock
|move|p2a: Heatran|Fire Blast|p1a: Archeops
|-resisted|p1a: Archeops
|-damage|p1a: Archeops|129\/354
|
|turn|3
|
|move|p1a: Archeops|Endeavor|p2a: Heatran
|-damage|p2a: Heatran|129\/340
|-enditem|p2a: Heatran|Air Balloon
|move|p2a: Heatran|Fire Blast|p1a: Archeops
|-resisted|p1a: Archeops
|-damage|p1a: Archeops|16\/354
|
|-end|p2a: Heatran|move: Taunt
|turn|4
|
|move|p1a: Archeops|Endeavor|p2a: Heatran
|-damage|p2a: Heatran|16\/340
|move|p2a: Heatran|Fire Blast|p1a: Archeops
|-resisted|p1a: Archeops
|-damage|p1a: Archeops|0 fnt
|faint|p1a: Archeops
|
|
|switch|p1a: Talonflame|Talonflame, M|298\/298
|turn|5
|
|switch|p2a: Skarmory|Skarmory, F|334\/334
|-damage|p2a: Skarmory|293\/334|[from] Stealth Rock
|move|p1a: Talonflame|U-turn|p2a: Skarmory
|-resisted|p2a: Skarmory
|-damage|p2a: Skarmory|279\/334
|-damage|p1a: Talonflame|249\/298|[from] item: Rocky Helmet|[of] p2a: Skarmory
|
|switch|p1a: Raikou|Raikou|322\/322
|-ability|p1a: Raikou|Pressure
|
|turn|6
|
|switch|p2a: Heatran|Heatran, F|16\/340
|-damage|p2a: Heatran|0 fnt|[from] Stealth Rock
|faint|p2a: Heatran
|move|p1a: Raikou|Volt Switch|p2: Heatran|[notarget]
|-notarget
|
|
|switch|p2a: Chansey|Chansey, F|684\/684
|-damage|p2a: Chansey|599\/684|[from] Stealth Rock
|turn|7
|
|move|p1a: Raikou|Volt Switch|p2a: Chansey
|-damage|p2a: Chansey|530\/684
|
|switch|p1a: Gengar|Gengar, M|262\/262
|move|p2a: Chansey|Thunder Wave|p1a: Gengar
|-status|p1a: Gengar|par
|
|turn|8
|
|move|p2a: Chansey|Soft-Boiled|p2a: Chansey
|-heal|p2a: Chansey|684\/684
|move|p1a: Gengar|Taunt|p2a: Chansey
|-start|p2a: Chansey|move: Taunt
|
|turn|9
|
|switch|p2a: Skarmory|Skarmory, F|279\/334
|-damage|p2a: Skarmory|238\/334|[from] Stealth Rock
|cant|p1a: Gengar|par
|
|turn|10
|join|BLOODY ARISE
|c|âuphaze|NOOOOOOOOOOOOOOOO
|c|âuphaze|FUCK FUCK FUCL
|c| BLOODY ARISE|ahh!!
|c| BLOODY ARISE|sorry i'm late bloody fren
|
|move|p2a: Skarmory|Spikes|p1a: Gengar
|-sidestart|p1: uphaze|Spikes
|cant|p1a: Gengar|par
|
|turn|11
|c| BLOODY ARISE|go bloody! n_n
|
|move|p2a: Skarmory|Spikes|p1a: Gengar
|-sidestart|p1: uphaze|Spikes
|cant|p1a: Gengar|par
|
|turn|12
|c| loyal shot|lol
|
|move|p2a: Skarmory|Spikes|p1a: Gengar
|-sidestart|p1: uphaze|Spikes
|cant|p1a: Gengar|par
|
|turn|13
|c| loyal shot|he's gonna luck his way back up
|c| loyal shot|disgusting
|
|move|p2a: Skarmory|Brave Bird|p1a: Gengar
|-damage|p1a: Gengar|93\/262 par
|-damage|p2a: Skarmory|182\/334|[from] recoil|[of] p1a: Gengar
|move|p1a: Gengar|Shadow Ball|p2a: Skarmory
|-damage|p2a: Skarmory|0 fnt
|-damage|p1a: Gengar|67\/262 par|[from] item: Life Orb
|faint|p2a: Skarmory
|
|c| BLOODY ARISE|rood
|
|switch|p2a: Keldeo|Keldeo|323\/323
|-damage|p2a: Keldeo|303\/323|[from] Stealth Rock
|turn|14
|
|switch|p1a: Raikou|Raikou|322\/322
|-damage|p1a: Raikou|242\/322|[from] Spikes
|-ability|p1a: Raikou|Pressure
|move|p2a: Keldeo|Scald|p1a: Raikou
|-damage|p1a: Raikou|148\/322
|-status|p1a: Raikou|brn
|
|-heal|p2a: Keldeo|323\/323|[from] item: Leftovers
|-damage|p1a: Raikou|108\/322 brn|[from] brn
|turn|15
|c|âuphaze|it's your lucky day
|c|âuphaze|really
|c| loyal shot|the luck is insane
|c|âuphaze|amazing
|c| loyal shot|dw his moral
|
|switch|p2a: Chansey|Chansey, F|684\/684
|-damage|p2a: Chansey|599\/684|[from] Stealth Rock
|move|p1a: Raikou|Volt Switch|p2a: Chansey
|-damage|p2a: Chansey|533\/684
|c| BLOODY ARISE|bloody always has bloody luck
|c| BLOODY ARISE|n_n
|c| loyal shot|is completely destroyed
|c| BLOODY ARISE|not yet
|c| loyal shot|because he lost against a bunch of low elo'ers
|c| BLOODY ARISE|he lost to like 2
|c| BLOODY ARISE|but he's been on like a 5 game win streak or somethin
|c| BLOODY ARISE|kek
|
|switch|p1a: Talonflame|Talonflame, M|249\/298
|
|turn|16
|join|BLOODY SUPPORTER
|
|move|p1a: Talonflame|Brave Bird|p2a: Chansey
|-damage|p2a: Chansey|247\/684
|-damage|p1a: Talonflame|155\/298|[from] recoil|[of] p2a: Chansey
|move|p2a: Chansey|Thunder Wave|p1a: Talonflame
|-status|p1a: Talonflame|par
|
|turn|17
|
|switch|p1a: Alomomola|Alomomola, M|513\/513
|-damage|p1a: Alomomola|385\/513|[from] Spikes
|move|p2a: Chansey|Soft-Boiled|p2a: Chansey
|-heal|p2a: Chansey|589\/684
|
|turn|18
|c|âuphaze|WHAT?????
|c|âuphaze|YOU DIDN'T SWITCH TO BISHARP???
|c|âuphaze|YOU EXPECTED PARA HAX???
|c|âuphaze|ARE YOU FUCKING KIDDING ME?
|
|switch|p2a: Venusaur|Venusaur, M|364\/364
|-damage|p2a: Venusaur|319\/364|[from] Stealth Rock
|move|p1a: Alomomola|Toxic|p2a: Venusaur
|-fail|p2a: Venusaur
|
|turn|19
|c| BLOODY ARISE|kek
|c| BLOODY ARISE|mbe he just bloody donk'd u
|
|switch|p1a: Kyurem-Black|Kyurem-Black|391\/391
|-damage|p1a: Kyurem-Black|294\/391|[from] Spikes
|-ability|p1a: Kyurem-Black|Teravolt
|detailschange|p2a: Venusaur|Venusaur-Mega, M
|message|Venusaur has Mega Evolved into Mega Venusaur!
|move|p2a: Venusaur|Leech Seed|p1a: Kyurem-Black
|-start|p1a: Kyurem-Black|move: Leech Seed
|
|-damage|p1a: Kyurem-Black|246\/391|[from] Leech Seed|[of] p2a: Venusaur
|-heal|p2a: Venusaur|364\/364|[silent]
|turn|20
|
|switch|p1a: Talonflame|Talonflame, M|155\/298 par
|move|p2a: Venusaur|Synthesis|p2a: Venusaur
|
|turn|21
|
|switch|p2a: Chansey|Chansey, F|589\/684
|-damage|p2a: Chansey|504\/684|[from] Stealth Rock
|move|p1a: Talonflame|Brave Bird|p2a: Chansey
|-damage|p2a: Chansey|180\/684
|-damage|p1a: Talonflame|48\/298 par|[from] recoil|[of] p2a: Chansey
|
|turn|22
|
|switch|p2a: Bisharp|Bisharp, F|334\/334
|-damage|p2a: Bisharp|314\/334|[from] Stealth Rock
|move|p1a: Talonflame|Brave Bird|p2a: Bisharp
|-resisted|p2a: Bisharp
|-damage|p2a: Bisharp|207\/334
|-damage|p1a: Talonflame|13\/298 par|[from] recoil|[of] p2a: Bisharp
|
|-heal|p2a: Bisharp|227\/334|[from] item: Leftovers
|turn|23
|
|cant|p1a: Talonflame|par
|move|p2a: Bisharp|Swords Dance|p2a: Bisharp
|-boost|p2a: Bisharp|atk|2
|
|-heal|p2a: Bisharp|247\/334|[from] item: Leftovers
|turn|24
|c|âuphaze|he has a leftovers bisharp
|c| BLOODY ARISE|kek
|
|move|p1a: Talonflame|Brave Bird|p2a: Bisharp
|-resisted|p2a: Bisharp
|-damage|p2a: Bisharp|137\/334
|-damage|p1a: Talonflame|0 fnt|[from] recoil|[of] p2a: Bisharp
|faint|p1a: Talonflame
|move|p2a: Bisharp|Knock Off|p1: Talonflame|[notarget]
|-notarget
|
|-heal|p2a: Bisharp|157\/334|[from] item: Leftovers
|c| BLOODY ARISE|rip u..
|
|switch|p1a: Alomomola|Alomomola, M|513\/513
|-damage|p1a: Alomomola|385\/513|[from] Spikes
|turn|25
|
|move|p2a: Bisharp|Knock Off|p1a: Alomomola
|-damage|p1a: Alomomola|78\/513
|-damage|p2a: Bisharp|102\/334|[from] item: Rocky Helmet|[of] p1a: Alomomola
|-enditem|p1a: Alomomola|Rocky Helmet|[from] move: Knock Off|[of] p2a: Bisharp
|move|p1a: Alomomola|Scald|p2a: Bisharp
|-damage|p2a: Bisharp|29\/334
|-status|p2a: Bisharp|brn
|
|-heal|p2a: Bisharp|49\/334 brn|[from] item: Leftovers
|-damage|p2a: Bisharp|8\/334 brn|[from] brn
|turn|26
|c|âuphaze|YES
|c|âuphaze|a little bit luck for me
|c| BLOODY ARISE|whats the next?
|
|switch|p1a: Gengar|Gengar, M|67\/262 par
|move|p2a: Bisharp|Knock Off|p1a: Gengar
|-supereffective|p1a: Gengar
|-damage|p1a: Gengar|0 fnt
|-enditem|p1a: Gengar|Life Orb|[from] move: Knock Off|[of] p2a: Bisharp
|faint|p1a: Gengar
|
|-heal|p2a: Bisharp|28\/334 brn|[from] item: Leftovers
|-damage|p2a: Bisharp|0 fnt|[from] brn
|faint|p2a: Bisharp
|
|switch|p1a: Kyurem-Black|Kyurem-Black|246\/391
|-damage|p1a: Kyurem-Black|149\/391|[from] Spikes
|switch|p2a: Venusaur|Venusaur-Mega, M|364\/364
|-damage|p2a: Venusaur|319\/364|[from] Stealth Rock
|-ability|p1a: Kyurem-Black|Teravolt
|turn|27
|
|switch|p2a: Chansey|Chansey, F|180\/684
|-damage|p2a: Chansey|95\/684|[from] Stealth Rock
|move|p1a: Kyurem-Black|Fusion Bolt|p2a: Chansey
|-damage|p2a: Chansey|0 fnt
|-damage|p1a: Kyurem-Black|110\/391|[from] item: Life Orb
|faint|p2a: Chansey
|
|
|switch|p2a: Keldeo|Keldeo|323\/323
|-damage|p2a: Keldeo|303\/323|[from] Stealth Rock
|turn|28
|
|switch|p1a: Alomomola|Alomomola, M|249\/513
|-damage|p1a: Alomomola|121\/513|[from] Spikes
|move|p2a: Keldeo|Secret Sword|p1a: Alomomola
|-damage|p1a: Alomomola|0 fnt
|faint|p1a: Alomomola
|
|-heal|p2a: Keldeo|323\/323|[from] item: Leftovers
|
|switch|p1a: Raikou|Raikou|108\/322 brn
|-damage|p1a: Raikou|28\/322 brn|[from] Spikes
|-ability|p1a: Raikou|Pressure
|turn|29
|c|âuphaze|50\/50
|c| BLOODY ARISE|bloody venu
|
|switch|p2a: Venusaur|Venusaur-Mega, M|319\/364
|-damage|p2a: Venusaur|274\/364|[from] Stealth Rock
|move|p1a: Raikou|Volt Switch|p2a: Venusaur
|-resisted|p2a: Venusaur
|-damage|p2a: Venusaur|223\/364
|
|switch|p1a: Kyurem-Black|Kyurem-Black|110\/391
|-damage|p1a: Kyurem-Black|13\/391|[from] Spikes
|-ability|p1a: Kyurem-Black|Teravolt
|
|turn|30
|c| BLOODY ARISE|it wasnt rly a 50\/50
|
|move|p1a: Kyurem-Black|Ice Beam|p2a: Venusaur
|-supereffective|p2a: Venusaur
|-damage|p2a: Venusaur|0 fnt
|-damage|p1a: Kyurem-Black|0 fnt|[from] item: Life Orb
|faint|p2a: Venusaur
|faint|p1a: Kyurem-Black
|
|
|switch|p1a: Raikou|Raikou|28\/322 brn
|-damage|p1a: Raikou|0 fnt|[from] Spikes
|faint|p1a: Raikou
|
|win|Bloody Sunday
|raw|Ladder updating...
|raw|uphaze's rating: 1646 &rarr; <strong>1631<\/strong><br \/>(-15 for losing)
|raw|Bloody Sunday's rating: 1719 &rarr; <strong>1735<\/strong><br \/>(+16 for winning)
|c|âuphaze|don't say me gg
|c|âuphaze|please
|leave|BLOODY ARISE
|leave|uphaze
|player|p1
|leave|Bloody Sunday
|player|p2
|leave|BLOODY SUPPORTER