|join|Saberz
|join|uphaze
|player|p1|Saberz|99
|player|p2|uphaze|87
|gametype|singles
|gen|6
|tier|OU
|rated
|clearpoke
|poke|p1|Gallade, M, shiny
|poke|p1|Raikou, shiny
|poke|p1|Bisharp, M, shiny
|poke|p1|Latias, F, shiny
|poke|p1|Clefable, F
|poke|p1|Landorus-Therian, M, shiny
|poke|p2|Diancie
|poke|p2|Gengar, F
|poke|p2|Kyurem-Black
|poke|p2|Scizor, M
|poke|p2|Gliscor, F
|poke|p2|Raikou
|rule|Swagger Clause: Swagger is banned
|rule|Baton Pass Clause: Limit one PokÃ©mon knowing Baton Pass
|rule|Sleep Clause Mod: Limit one foe put to sleep
|rule|Species Clause: Limit one of each PokÃ©mon
|rule|OHKO Clause: OHKO moves are banned
|rule|Moody Clause: Moody is banned
|rule|Evasion Moves Clause: Evasion moves are banned
|rule|Endless Battle Clause: Forcing endless battles is banned
|rule|HP Percentage Mod: HP is shown in percentages
|teampreview
|
|start
|switch|p1a: Bisharp|Bisharp, M, shiny|284\/284
|switch|p2a: Diancie|Diancie|241\/241
|turn|1
|
|detailschange|p2a: Diancie|Diancie-Mega
|message|Diancie has Mega Evolved into Mega Diancie!
|move|p2a: Diancie|Protect|p2a: Diancie
|-singleturn|p2a: Diancie|Protect
|move|p1a: Bisharp|Knock Off|p2a: Diancie
|-activate|p2a: Diancie|Protect
|
|turn|2
|
|switch|p1a: Landorus-Therian|Landorus-Therian, M, shiny|382\/382
|-ability|p1a: Landorus-Therian|Intimidate|[of] p2a: Diancie
|-unboost|p2a: Diancie|atk|1
|move|p2a: Diancie|Earth Power|p1a: Landorus-Therian
|-immune|p1a: Landorus-Therian|[msg]
|
|turn|3
|
|move|p2a: Diancie|Protect|p2a: Diancie
|-singleturn|p2a: Diancie|Protect
|move|p1a: Landorus-Therian|Stealth Rock|p2a: Diancie
|move|p2a: Diancie|Stealth Rock|p1a: Landorus-Therian|[from]Magic Bounce
|-sidestart|p1: Saberz|move: Stealth Rock
|
|turn|4
|
|move|p2a: Diancie|Moonblast|p1a: Landorus-Therian
|-damage|p1a: Landorus-Therian|156\/382
|move|p1a: Landorus-Therian|Earthquake|p2a: Diancie
|-supereffective|p2a: Diancie
|-damage|p2a: Diancie|0 fnt
|faint|p2a: Diancie
|
|-heal|p1a: Landorus-Therian|179\/382|[from] item: Leftovers
|
|switch|p2a: Kyurem-Black|Kyurem-Black|391\/391
|-ability|p2a: Kyurem-Black|Teravolt
|turn|5
|
|switch|p1a: Gallade|Gallade, M, shiny|278\/278
|-damage|p1a: Gallade|261\/278|[from] Stealth Rock
|move|p2a: Kyurem-Black|Ice Beam|p1a: Gallade
|-crit|p1a: Gallade
|-damage|p1a: Gallade|0 fnt
|-damage|p2a: Kyurem-Black|352\/391|[from] item: Life Orb
|faint|p1a: Gallade
|
|c|âuphaze|...
|c|âuphaze|i'm sorry
|
|switch|p1a: Clefable|Clefable, F|394\/394
|turn|6
|
|move|p2a: Kyurem-Black|Ice Beam|p1a: Clefable
|-damage|p1a: Clefable|160\/394
|-status|p1a: Clefable|frz
|-damage|p2a: Kyurem-Black|313\/391|[from] item: Life Orb
|-curestatus|p1a: Clefable|frz
|move|p1a: Clefable|Calm Mind|p1a: Clefable
|-boost|p1a: Clefable|spa|1
|-boost|p1a: Clefable|spd|1
|
|-heal|p1a: Clefable|184\/394|[from] item: Leftovers
|turn|7
|
|switch|p2a: Scizor|Scizor, M|344\/344
|move|p1a: Clefable|Soft-Boiled|p1a: Clefable
|-heal|p1a: Clefable|381\/394
|
|-heal|p1a: Clefable|394\/394|[from] item: Leftovers
|turn|8
|
|move|p2a: Scizor|Iron Head|p1a: Clefable
|-supereffective|p1a: Clefable
|-damage|p1a: Clefable|0 fnt
|faint|p1a: Clefable
|
|
|switch|p1a: Bisharp|Bisharp, M, shiny|284\/284
|-damage|p1a: Bisharp|267\/284|[from] Stealth Rock
|turn|9
|
|switch|p2a: Kyurem-Black|Kyurem-Black|313\/391
|-ability|p2a: Kyurem-Black|Teravolt
|move|p1a: Bisharp|Knock Off|p2a: Kyurem-Black
|-damage|p2a: Kyurem-Black|89\/391
|-enditem|p2a: Kyurem-Black|Life Orb|[from] move: Knock Off|[of] p1a: Bisharp
|-damage|p1a: Bisharp|239\/284|[from] item: Life Orb
|
|turn|10
|
|move|p1a: Bisharp|Sucker Punch|p2a: Kyurem-Black
|-damage|p2a: Kyurem-Black|0 fnt
|-damage|p1a: Bisharp|211\/284|[from] item: Life Orb
|faint|p2a: Kyurem-Black
|
|
|switch|p2a: Gliscor|Gliscor, F|343\/343
|turn|11
|
|switch|p1a: Landorus-Therian|Landorus-Therian, M, shiny|179\/382
|-damage|p1a: Landorus-Therian|132\/382|[from] Stealth Rock
|-ability|p1a: Landorus-Therian|Intimidate|[of] p2a: Gliscor
|-unboost|p2a: Gliscor|atk|1
|move|p2a: Gliscor|Earthquake|p1a: Landorus-Therian
|-immune|p1a: Landorus-Therian|[msg]
|
|-heal|p1a: Landorus-Therian|155\/382|[from] item: Leftovers
|-status|p2a: Gliscor|tox|[from] item: Toxic Orb
|turn|12
|
|switch|p2a: Scizor|Scizor, M|344\/344
|move|p1a: Landorus-Therian|Stealth Rock|p2a: Scizor
|-sidestart|p2: uphaze|move: Stealth Rock
|
|-heal|p1a: Landorus-Therian|178\/382|[from] item: Leftovers
|turn|13
|
|move|p1a: Landorus-Therian|Earthquake|p2a: Scizor
|-damage|p2a: Scizor|190\/344
|move|p2a: Scizor|Iron Head|p1a: Landorus-Therian
|-damage|p1a: Landorus-Therian|0 fnt
|faint|p1a: Landorus-Therian
|
|
|switch|p1a: Bisharp|Bisharp, M, shiny|211\/284
|-damage|p1a: Bisharp|194\/284|[from] Stealth Rock
|turn|14
|
|move|p1a: Bisharp|Knock Off|p2a: Scizor
|-damage|p2a: Scizor|0 fnt
|-enditem|p2a: Scizor|Choice Band|[from] move: Knock Off|[of] p1a: Bisharp
|-damage|p1a: Bisharp|166\/284|[from] item: Life Orb
|faint|p2a: Scizor
|
|
|switch|p2a: Gengar|Gengar, F|262\/262
|-damage|p2a: Gengar|230\/262|[from] Stealth Rock
|turn|15
|
|switch|p1a: Latias|Latias, F, shiny|302\/302
|-damage|p1a: Latias|265\/302|[from] Stealth Rock
|move|p2a: Gengar|Will-O-Wisp|p1a: Latias
|-status|p1a: Latias|brn
|
|-damage|p1a: Latias|228\/302 brn|[from] brn
|turn|16
|
|switch|p2a: Gliscor|Gliscor, F|343\/343 tox
|-damage|p2a: Gliscor|301\/343 tox|[from] Stealth Rock
|move|p1a: Latias|Psyshock|p2a: Gliscor
|-damage|p2a: Gliscor|196\/343 tox
|-damage|p1a: Latias|198\/302 brn|[from] item: Life Orb
|
|-damage|p1a: Latias|161\/302 brn|[from] brn
|-heal|p2a: Gliscor|238\/343 tox|[from] ability: Poison Heal
|turn|17
|
|switch|p2a: Raikou|Raikou|322\/322
|-damage|p2a: Raikou|282\/322|[from] Stealth Rock
|-ability|p2a: Raikou|Pressure
|move|p1a: Latias|Draco Meteor|p2a: Raikou
|-damage|p2a: Raikou|114\/322
|-unboost|p1a: Latias|spa|2
|-damage|p1a: Latias|131\/302 brn|[from] item: Life Orb
|
|-damage|p1a: Latias|94\/302 brn|[from] brn
|turn|18
|
|switch|p1a: Bisharp|Bisharp, M, shiny|166\/284
|-damage|p1a: Bisharp|149\/284|[from] Stealth Rock
|move|p2a: Raikou|Shadow Ball|p1a: Bisharp
|-resisted|p1a: Bisharp
|-damage|p1a: Bisharp|94\/284
|
|turn|19
|
|move|p2a: Raikou|Thunderbolt|p1a: Bisharp
|-damage|p1a: Bisharp|0 fnt
|faint|p1a: Bisharp
|
|
|switch|p1a: Raikou|Raikou, shiny|322\/322
|-damage|p1a: Raikou|282\/322|[from] Stealth Rock
|-ability|p1a: Raikou|Pressure
|turn|20
|
|move|p1a: Raikou|Shadow Ball|p2a: Raikou
|-damage|p2a: Raikou|52\/322
|-unboost|p2a: Raikou|spd|1
|move|p2a: Raikou|Shadow Ball|p1a: Raikou
|-damage|p1a: Raikou|202\/322
|-unboost|p1a: Raikou|spd|1
|
|turn|21
|
|move|p1a: Raikou|Shadow Ball|p2a: Raikou
|-damage|p2a: Raikou|0 fnt
|faint|p2a: Raikou
|
|
|switch|p2a: Gliscor|Gliscor, F|238\/343 tox
|-damage|p2a: Gliscor|196\/343 tox|[from] Stealth Rock
|turn|22
|
|switch|p1a: Latias|Latias, F, shiny|94\/302 brn
|-damage|p1a: Latias|57\/302 brn|[from] Stealth Rock
|move|p2a: Gliscor|Stone Edge|p1a: Latias
|-damage|p1a: Latias|0 fnt
|faint|p1a: Latias
|
|-heal|p2a: Gliscor|238\/343 tox|[from] ability: Poison Heal
|
|switch|p1a: Raikou|Raikou, shiny|202\/322
|-damage|p1a: Raikou|162\/322|[from] Stealth Rock
|-ability|p1a: Raikou|Pressure
|turn|23
|
|move|p1a: Raikou|Shadow Ball|p2a: Gliscor
|-damage|p2a: Gliscor|129\/343 tox
|move|p2a: Gliscor|Earthquake|p1a: Raikou
|-supereffective|p1a: Raikou
|-damage|p1a: Raikou|0 fnt
|faint|p1a: Raikou
|
|win|uphaze
|raw|Ladder updating...
|raw|Saberz's rating: 1331 &rarr; <strong>1314<\/strong><br \/>(-17 for losing)
|raw|uphaze's rating: 1385 &rarr; <strong>1402<\/strong><br \/>(+17 for winning)