|join|uphaze
|join|bored in job
|player|p1|uphaze|87
|player|p2|bored in job|42
|gametype|singles
|gen|6
|tier|OU
|rated
|clearpoke
|poke|p1|Diancie
|poke|p1|Gengar, F
|poke|p1|Kyurem-Black
|poke|p1|Scizor, F
|poke|p1|Gliscor, F
|poke|p1|Raikou
|poke|p2|Clefable, F
|poke|p2|Tentacruel, M, shiny
|poke|p2|Landorus-Therian, M
|poke|p2|Gardevoir, M, shiny
|poke|p2|Gyarados, F, shiny
|poke|p2|Heatran, M
|rule|Swagger Clause: Swagger is banned
|rule|Baton Pass Clause: Limit one PokÃ©mon knowing Baton Pass
|rule|Sleep Clause Mod: Limit one foe put to sleep
|rule|Species Clause: Limit one of each PokÃ©mon
|rule|OHKO Clause: OHKO moves are banned
|rule|Moody Clause: Moody is banned
|rule|Evasion Moves Clause: Evasion moves are banned
|rule|Endless Battle Clause: Forcing endless battles is banned
|rule|HP Percentage Mod: HP is shown in percentages
|teampreview
|
|start
|switch|p1a: Diancie|Diancie|241\/241
|switch|p2a: Landorus-Therian|Landorus-Therian, M|320\/320
|-ability|p2a: Landorus-Therian|Intimidate|[of] p1a: Diancie
|-fail|p1a: Diancie|unboost|[from] ability: Clear Body|[of] p1a: Diancie
|turn|1
|
|detailschange|p1a: Diancie|Diancie-Mega
|message|Diancie has Mega Evolved into Mega Diancie!
|move|p1a: Diancie|Protect|p1a: Diancie
|-singleturn|p1a: Diancie|Protect
|move|p2a: Landorus-Therian|Earthquake|p1a: Diancie
|-activate|p1a: Diancie|Protect
|
|turn|2
|
|switch|p1a: Gliscor|Gliscor, F|343\/343
|move|p2a: Landorus-Therian|Earthquake|p1a: Gliscor
|-immune|p1a: Gliscor|[msg]
|
|-status|p1a: Gliscor|tox|[from] item: Toxic Orb
|turn|3
|
|switch|p2a: Gyarados|Gyarados, F, shiny|393\/393
|-ability|p2a: Gyarados|Intimidate|[of] p1a: Gliscor
|-unboost|p1a: Gliscor|atk|1
|switch|p1a: Diancie|Diancie-Mega|241\/241
|
|turn|4
|
|switch|p1a: Kyurem-Black|Kyurem-Black|391\/391
|-ability|p1a: Kyurem-Black|Teravolt
|move|p2a: Gyarados|Waterfall|p1a: Kyurem-Black
|-resisted|p1a: Kyurem-Black
|-damage|p1a: Kyurem-Black|331\/391
|
|turn|5
|
|switch|p2a: Clefable|Clefable, F|393\/393
|move|p1a: Kyurem-Black|Ice Beam|p2a: Clefable
|-damage|p2a: Clefable|177\/393
|-damage|p1a: Kyurem-Black|292\/391|[from] item: Life Orb
|
|-heal|p2a: Clefable|201\/393|[from] item: Leftovers
|turn|6
|
|switch|p2a: Gyarados|Gyarados, F, shiny|393\/393
|-ability|p2a: Gyarados|Intimidate|[of] p1a: Kyurem-Black
|-unboost|p1a: Kyurem-Black|atk|1
|move|p1a: Kyurem-Black|Ice Beam|p2a: Gyarados
|-damage|p2a: Gyarados|186\/393
|-damage|p1a: Kyurem-Black|253\/391|[from] item: Life Orb
|
|-heal|p2a: Gyarados|210\/393|[from] item: Leftovers
|turn|7
|
|switch|p1a: Gliscor|Gliscor, F|343\/343 tox
|switch|p2a: Heatran|Heatran, M|386\/386
|
|turn|8
|
|switch|p2a: Gyarados|Gyarados, F, shiny|210\/393
|-ability|p2a: Gyarados|Intimidate|[of] p1a: Gliscor
|-unboost|p1a: Gliscor|atk|1
|move|p1a: Gliscor|Earthquake|p2a: Gyarados
|-immune|p2a: Gyarados|[msg]
|
|-heal|p2a: Gyarados|234\/393|[from] item: Leftovers
|turn|9
|
|move|p1a: Gliscor|Stealth Rock|p2a: Gyarados
|-sidestart|p2: bored in job|move: Stealth Rock
|move|p2a: Gyarados|Waterfall|p1a: Gliscor
|-supereffective|p1a: Gliscor
|-damage|p1a: Gliscor|185\/343 tox
|
|-heal|p2a: Gyarados|258\/393|[from] item: Leftovers
|-heal|p1a: Gliscor|227\/343 tox|[from] ability: Poison Heal
|turn|10
|
|switch|p1a: Kyurem-Black|Kyurem-Black|253\/391
|-ability|p1a: Kyurem-Black|Teravolt
|switch|p2a: Clefable|Clefable, F|201\/393
|-damage|p2a: Clefable|152\/393|[from] Stealth Rock
|
|-heal|p2a: Clefable|176\/393|[from] item: Leftovers
|turn|11
|
|switch|p2a: Tentacruel|Tentacruel, M, shiny|364\/364
|-damage|p2a: Tentacruel|319\/364|[from] Stealth Rock
|move|p1a: Kyurem-Black|Ice Beam|p2a: Tentacruel
|-resisted|p2a: Tentacruel
|-damage|p2a: Tentacruel|241\/364
|-damage|p1a: Kyurem-Black|214\/391|[from] item: Life Orb
|
|-heal|p2a: Tentacruel|263\/364|[from] item: Black Sludge
|turn|12
|
|switch|p2a: Landorus-Therian|Landorus-Therian, M|320\/320
|-damage|p2a: Landorus-Therian|280\/320|[from] Stealth Rock
|-ability|p2a: Landorus-Therian|Intimidate|[of] p1a: Kyurem-Black
|-unboost|p1a: Kyurem-Black|atk|1
|move|p1a: Kyurem-Black|Fusion Bolt|p2a: Landorus-Therian
|-immune|p2a: Landorus-Therian|[msg]
|
|turn|13
|
|switch|p1a: Gliscor|Gliscor, F|227\/343 tox
|move|p2a: Landorus-Therian|Stone Edge|p1a: Gliscor
|-damage|p1a: Gliscor|142\/343 tox
|
|-heal|p1a: Gliscor|184\/343 tox|[from] ability: Poison Heal
|turn|14
|
|switch|p2a: Clefable|Clefable, F|176\/393
|-damage|p2a: Clefable|127\/393|[from] Stealth Rock
|move|p1a: Gliscor|Stone Edge|p2a: Clefable
|-damage|p2a: Clefable|49\/393
|
|-heal|p2a: Clefable|73\/393|[from] item: Leftovers
|-heal|p1a: Gliscor|226\/343 tox|[from] ability: Poison Heal
|turn|15
|
|move|p1a: Gliscor|Earthquake|p2a: Clefable
|-damage|p2a: Clefable|0 fnt
|faint|p2a: Clefable
|
|-heal|p1a: Gliscor|268\/343 tox|[from] ability: Poison Heal
|
|switch|p2a: Gardevoir|Gardevoir, M, shiny|277\/277
|-damage|p2a: Gardevoir|243\/277|[from] Stealth Rock
|-ability|p2a: Gardevoir|Poison Heal|[from] ability: Trace|[of] p1a: Gliscor
|turn|16
|
|switch|p1a: Scizor|Scizor, F|344\/344
|detailschange|p2a: Gardevoir|Gardevoir-Mega, M, shiny
|message|Gardevoir has Mega Evolved into Mega Gardevoir!
|move|p2a: Gardevoir|Hyper Voice|p1a: Scizor
|-resisted|p1a: Scizor
|-damage|p1a: Scizor|183\/344
|
|turn|17
|
|switch|p2a: Gyarados|Gyarados, F, shiny|258\/393
|-damage|p2a: Gyarados|160\/393|[from] Stealth Rock
|-ability|p2a: Gyarados|Intimidate|[of] p1a: Scizor
|-unboost|p1a: Scizor|atk|1
|move|p1a: Scizor|Bullet Punch|p2a: Gyarados
|-resisted|p2a: Gyarados
|-damage|p2a: Gyarados|109\/393
|
|-heal|p2a: Gyarados|133\/393|[from] item: Leftovers
|turn|18
|
|switch|p1a: Kyurem-Black|Kyurem-Black|214\/391
|-ability|p1a: Kyurem-Black|Teravolt
|move|p2a: Gyarados|Waterfall|p1a: Kyurem-Black
|-resisted|p1a: Kyurem-Black
|-damage|p1a: Kyurem-Black|151\/391
|
|-heal|p2a: Gyarados|157\/393|[from] item: Leftovers
|turn|19
|
|switch|p2a: Heatran|Heatran, M|386\/386
|-damage|p2a: Heatran|338\/386|[from] Stealth Rock
|move|p1a: Kyurem-Black|Ice Beam|p2a: Heatran
|-resisted|p2a: Heatran
|-damage|p2a: Heatran|306\/386
|-damage|p1a: Kyurem-Black|112\/391|[from] item: Life Orb
|
|-heal|p2a: Heatran|330\/386|[from] item: Leftovers
|turn|20
|
|move|p2a: Heatran|Protect|p2a: Heatran
|-singleturn|p2a: Heatran|Protect
|move|p1a: Kyurem-Black|Earth Power|p2a: Heatran
|-activate|p2a: Heatran|Protect
|
|-heal|p2a: Heatran|354\/386|[from] item: Leftovers
|turn|21
|
|move|p1a: Kyurem-Black|Earth Power|p2a: Heatran
|-supereffective|p2a: Heatran
|-damage|p2a: Heatran|0 fnt
|-damage|p1a: Kyurem-Black|73\/391|[from] item: Life Orb
|faint|p2a: Heatran
|
|
|switch|p2a: Landorus-Therian|Landorus-Therian, M|280\/320
|-damage|p2a: Landorus-Therian|240\/320|[from] Stealth Rock
|-ability|p2a: Landorus-Therian|Intimidate|[of] p1a: Kyurem-Black
|-unboost|p1a: Kyurem-Black|atk|1
|turn|22
|
|switch|p1a: Raikou|Raikou|322\/322
|-ability|p1a: Raikou|Pressure
|move|p2a: Landorus-Therian|Knock Off|p1a: Raikou
|-damage|p1a: Raikou|158\/322
|-enditem|p1a: Raikou|Assault Vest|[from] move: Knock Off|[of] p2a: Landorus-Therian
|
|turn|23
|
|switch|p2a: Gyarados|Gyarados, F, shiny|157\/393
|-damage|p2a: Gyarados|59\/393|[from] Stealth Rock
|-ability|p2a: Gyarados|Intimidate|[of] p1a: Raikou
|-unboost|p1a: Raikou|atk|1
|move|p1a: Raikou|Volt Switch|p2a: Gyarados
|-supereffective|p2a: Gyarados
|-damage|p2a: Gyarados|0 fnt
|faint|p2a: Gyarados
|
|switch|p1a: Gliscor|Gliscor, F|268\/343 tox
|
|-heal|p1a: Gliscor|310\/343 tox|[from] ability: Poison Heal
|
|switch|p2a: Gardevoir|Gardevoir-Mega, M, shiny|243\/277
|-damage|p2a: Gardevoir|209\/277|[from] Stealth Rock
|turn|24
|
|move|p2a: Gardevoir|Substitute|p2a: Gardevoir
|-start|p2a: Gardevoir|Substitute
|-damage|p2a: Gardevoir|140\/277
|move|p1a: Gliscor|Earthquake|p2a: Gardevoir
|-end|p2a: Gardevoir|Substitute
|
|-heal|p1a: Gliscor|343\/343 tox|[from] ability: Poison Heal
|turn|25
|
|move|p2a: Gardevoir|Hyper Voice|p1a: Gliscor
|-damage|p1a: Gliscor|24\/343 tox
|move|p1a: Gliscor|Earthquake|p2a: Gardevoir
|-damage|p2a: Gardevoir|0 fnt
|faint|p2a: Gardevoir
|
|-heal|p1a: Gliscor|66\/343 tox|[from] ability: Poison Heal
|-message|bored in job forfeited.
|
|win|uphaze
|raw|Ladder updating...
|leave|bored in job
|player|p2