|join|LT2B killar45
|join|uphaze
|player|p1|LT2B killar45|1
|player|p2|uphaze|87
|gametype|singles
|gen|6
|tier|OU
|rated
|clearpoke
|poke|p1|Tyranitar, M
|poke|p1|Terrakion
|poke|p1|Keldeo
|poke|p1|Scizor, M
|poke|p1|Latias, F
|poke|p1|Talonflame, F
|poke|p2|Cobalion
|poke|p2|Gengar, F
|poke|p2|Kyurem-Black
|poke|p2|Alomomola, M
|poke|p2|Raikou
|poke|p2|Talonflame, M
|rule|Swagger Clause: Swagger is banned
|rule|Baton Pass Clause: Limit one PokÃ©mon knowing Baton Pass
|rule|Sleep Clause Mod: Limit one foe put to sleep
|rule|Species Clause: Limit one of each PokÃ©mon
|rule|OHKO Clause: OHKO moves are banned
|rule|Moody Clause: Moody is banned
|rule|Evasion Moves Clause: Evasion moves are banned
|rule|Endless Battle Clause: Forcing endless battles is banned
|rule|HP Percentage Mod: HP is shown in percentages
|teampreview
|
|start
|switch|p1a: Terrakion|Terrakion|323\/323
|switch|p2a: Cobalion|Cobalion|324\/324
|turn|1
|
|move|p1a: Terrakion|Stealth Rock|p2a: Cobalion
|-sidestart|p2: uphaze|move: Stealth Rock
|move|p2a: Cobalion|Stealth Rock|p1a: Terrakion
|-sidestart|p1: LT2B killar45|move: Stealth Rock
|
|turn|2
|
|move|p2a: Cobalion|Volt Switch|p1a: Terrakion
|-damage|p1a: Terrakion|254\/323
|
|switch|p2a: Gengar|Gengar, F|262\/262
|-damage|p2a: Gengar|230\/262|[from] Stealth Rock
|move|p1a: Terrakion|Close Combat|p2a: Gengar
|-immune|p2a: Gengar|[msg]
|
|turn|3
|
|move|p2a: Gengar|Giga Drain|p1a: Terrakion
|-supereffective|p1a: Terrakion
|-damage|p1a: Terrakion|12\/323
|-heal|p2a: Gengar|262\/262|[from] drain|[of] p1a: Terrakion
|-damage|p2a: Gengar|236\/262|[from] item: Life Orb
|move|p1a: Terrakion|Stone Edge|p2a: Gengar
|-damage|p2a: Gengar|0 fnt
|faint|p2a: Gengar
|
|c|âuphaze|shit
|c|âLT2B killar45|lol
|
|switch|p2a: Alomomola|Alomomola, M|513\/513
|-damage|p2a: Alomomola|449\/513|[from] Stealth Rock
|turn|4
|
|move|p1a: Terrakion|Taunt|p2a: Alomomola
|-start|p2a: Alomomola|move: Taunt
|cant|p2a: Alomomola|move: Taunt|Wish
|
|turn|5
|
|move|p1a: Terrakion|Close Combat|p2a: Alomomola
|-damage|p2a: Alomomola|266\/513
|-damage|p1a: Terrakion|0 fnt|[from] item: Rocky Helmet|[of] p2a: Alomomola
|faint|p1a: Terrakion
|move|p2a: Alomomola|Scald|p1: Terrakion|[notarget]
|-notarget
|
|
|switch|p1a: Keldeo|Keldeo|322\/322
|-damage|p1a: Keldeo|302\/322|[from] Stealth Rock
|turn|6
|
|switch|p2a: Cobalion|Cobalion|324\/324
|-damage|p2a: Cobalion|314\/324|[from] Stealth Rock
|move|p1a: Keldeo|Secret Sword|p2a: Cobalion
|-supereffective|p2a: Cobalion
|-damage|p2a: Cobalion|68\/324
|
|-heal|p1a: Keldeo|322\/322|[from] item: Leftovers
|turn|7
|
|move|p1a: Keldeo|Secret Sword|p2a: Cobalion
|-supereffective|p2a: Cobalion
|-damage|p2a: Cobalion|0 fnt
|faint|p2a: Cobalion
|
|
|switch|p2a: Raikou|Raikou|322\/322
|-damage|p2a: Raikou|282\/322|[from] Stealth Rock
|-ability|p2a: Raikou|Pressure
|turn|8
|
|switch|p1a: Latias|Latias, F|302\/302
|-damage|p1a: Latias|265\/302|[from] Stealth Rock
|move|p2a: Raikou|Volt Switch|p1a: Latias
|-resisted|p1a: Latias
|-damage|p1a: Latias|217\/302
|
|switch|p2a: Alomomola|Alomomola, M|437\/513
|-damage|p2a: Alomomola|373\/513|[from] Stealth Rock
|
|turn|9
|
|switch|p2a: Raikou|Raikou|282\/322
|-damage|p2a: Raikou|242\/322|[from] Stealth Rock
|-ability|p2a: Raikou|Pressure
|move|p1a: Latias|Draco Meteor|p2a: Raikou
|-damage|p2a: Raikou|59\/322
|-unboost|p1a: Latias|spa|2
|-damage|p1a: Latias|187\/302|[from] item: Life Orb
|
|turn|10
|
|move|p2a: Raikou|Volt Switch|p1a: Latias
|-resisted|p1a: Latias
|-damage|p1a: Latias|140\/302
|
|switch|p2a: Alomomola|Alomomola, M|513\/513
|-damage|p2a: Alomomola|449\/513|[from] Stealth Rock
|move|p1a: Latias|Draco Meteor|p2a: Alomomola|[miss]
|-miss|p1a: Latias|p2a: Alomomola
|
|turn|11
|
|switch|p1a: Keldeo|Keldeo|322\/322
|-damage|p1a: Keldeo|302\/322|[from] Stealth Rock
|switch|p2a: Raikou|Raikou|59\/322
|-damage|p2a: Raikou|19\/322|[from] Stealth Rock
|-ability|p2a: Raikou|Pressure
|
|-heal|p1a: Keldeo|322\/322|[from] item: Leftovers
|turn|12
|
|switch|p1a: Latias|Latias, F|140\/302
|-damage|p1a: Latias|103\/302|[from] Stealth Rock
|move|p2a: Raikou|Shadow Ball|p1a: Latias
|-supereffective|p1a: Latias
|-damage|p1a: Latias|0 fnt
|faint|p1a: Latias
|
|
|switch|p1a: Tyranitar|Tyranitar, M|342\/342
|-damage|p1a: Tyranitar|300\/342|[from] Stealth Rock
|-weather|Sandstorm
|turn|13
|
|detailschange|p1a: Tyranitar|Tyranitar-Mega, M
|message|Tyranitar has Mega Evolved into Mega Tyranitar!
|move|p2a: Raikou|Thunderbolt|p1a: Tyranitar
|-damage|p1a: Tyranitar|221\/342
|move|p1a: Tyranitar|Dragon Dance|p1a: Tyranitar
|-boost|p1a: Tyranitar|atk|1
|-boost|p1a: Tyranitar|spe|1
|
|-weather|Sandstorm|[upkeep]
|-damage|p2a: Raikou|0 fnt|[from] sandstorm
|faint|p2a: Raikou
|
|switch|p2a: Alomomola|Alomomola, M|513\/513
|-damage|p2a: Alomomola|449\/513|[from] Stealth Rock
|turn|14
|
|move|p1a: Tyranitar|Stone Edge|p2a: Alomomola|[miss]
|-miss|p1a: Tyranitar|p2a: Alomomola
|move|p2a: Alomomola|Wish|p2a: Alomomola
|
|-weather|Sandstorm|[upkeep]
|-damage|p2a: Alomomola|417\/513|[from] sandstorm
|turn|15
|
|move|p1a: Tyranitar|Stone Edge|p2a: Alomomola|[miss]
|-miss|p1a: Tyranitar|p2a: Alomomola
|move|p2a: Alomomola|Toxic|p1a: Tyranitar
|-status|p1a: Tyranitar|tox
|
|-weather|Sandstorm|[upkeep]
|-damage|p2a: Alomomola|385\/513|[from] sandstorm
|-heal|p2a: Alomomola|513\/513|[from] move: Wish|[wisher] Alomomola
|-damage|p1a: Tyranitar|200\/342 tox|[from] psn
|turn|16
|c|âLT2B killar45|stop missing
|c|âLT2B killar45|damn it
|
|move|p1a: Tyranitar|Stone Edge|p2a: Alomomola
|-crit|p2a: Alomomola
|-damage|p2a: Alomomola|146\/513
|move|p2a: Alomomola|Wish|p2a: Alomomola
|
|-weather|Sandstorm|[upkeep]
|-damage|p2a: Alomomola|114\/513|[from] sandstorm
|-damage|p1a: Tyranitar|158\/342 tox|[from] psn
|turn|17
|
|move|p2a: Alomomola|Protect|p2a: Alomomola
|-singleturn|p2a: Alomomola|Protect
|move|p1a: Tyranitar|Dragon Dance|p1a: Tyranitar
|-boost|p1a: Tyranitar|atk|1
|-boost|p1a: Tyranitar|spe|1
|
|-weather|none
|-heal|p2a: Alomomola|370\/513|[from] move: Wish|[wisher] Alomomola
|-damage|p1a: Tyranitar|95\/342 tox|[from] psn
|turn|18
|
|move|p1a: Tyranitar|Stone Edge|p2a: Alomomola|[miss]
|-miss|p1a: Tyranitar|p2a: Alomomola
|move|p2a: Alomomola|Wish|p2a: Alomomola
|
|-damage|p1a: Tyranitar|11\/342 tox|[from] psn
|turn|19
|
|move|p2a: Alomomola|Protect|p2a: Alomomola
|-singleturn|p2a: Alomomola|Protect
|move|p1a: Tyranitar|Stone Edge|p2a: Alomomola
|-activate|p2a: Alomomola|Protect
|
|-heal|p2a: Alomomola|513\/513|[from] move: Wish|[wisher] Alomomola
|-damage|p1a: Tyranitar|0 fnt|[from] psn
|faint|p1a: Tyranitar
|c|âLT2B killar45|are you kidding me right now
|
|switch|p1a: Keldeo|Keldeo|322\/322
|-damage|p1a: Keldeo|302\/322|[from] Stealth Rock
|turn|20
|
|move|p1a: Keldeo|Secret Sword|p2a: Alomomola
|-damage|p2a: Alomomola|384\/513
|move|p2a: Alomomola|Toxic|p1a: Keldeo
|-status|p1a: Keldeo|tox
|
|-heal|p1a: Keldeo|322\/322 tox|[from] item: Leftovers
|-damage|p1a: Keldeo|302\/322 tox|[from] psn
|turn|21
|
|switch|p1a: Scizor|Scizor, M|344\/344
|-damage|p1a: Scizor|301\/344|[from] Stealth Rock
|move|p2a: Alomomola|Wish|p2a: Alomomola
|
|turn|22
|
|move|p2a: Alomomola|Scald|p1a: Scizor
|-damage|p1a: Scizor|234\/344
|-status|p1a: Scizor|brn
|move|p1a: Scizor|Bug Bite|p2a: Alomomola
|-damage|p2a: Alomomola|272\/513
|-damage|p1a: Scizor|177\/344 brn|[from] item: Rocky Helmet|[of] p2a: Alomomola
|
|-heal|p2a: Alomomola|513\/513|[from] move: Wish|[wisher] Alomomola
|-damage|p1a: Scizor|134\/344 brn|[from] brn
|turn|23
|c|âLT2B killar45|staph
|
|move|p1a: Scizor|Bug Bite|p2a: Alomomola
|-damage|p2a: Alomomola|410\/513
|-damage|p1a: Scizor|77\/344 brn|[from] item: Rocky Helmet|[of] p2a: Alomomola
|move|p2a: Alomomola|Wish|p2a: Alomomola
|
|-damage|p1a: Scizor|34\/344 brn|[from] brn
|turn|24
|
|move|p2a: Alomomola|Protect|p2a: Alomomola
|-singleturn|p2a: Alomomola|Protect
|move|p1a: Scizor|Bug Bite|p2a: Alomomola
|-activate|p2a: Alomomola|Protect
|
|-heal|p2a: Alomomola|513\/513|[from] move: Wish|[wisher] Alomomola
|-damage|p1a: Scizor|0 fnt|[from] brn
|faint|p1a: Scizor
|
|switch|p1a: Talonflame|Talonflame, F|298\/298
|-damage|p1a: Talonflame|149\/298|[from] Stealth Rock
|turn|25
|
|move|p1a: Talonflame|Brave Bird|p2a: Alomomola
|-damage|p2a: Alomomola|317\/513
|-damage|p1a: Talonflame|100\/298|[from] item: Rocky Helmet|[of] p2a: Alomomola
|-damage|p1a: Talonflame|35\/298|[from] recoil|[of] p2a: Alomomola
|move|p2a: Alomomola|Wish|p2a: Alomomola
|
|turn|26
|
|move|p2a: Alomomola|Protect|p2a: Alomomola
|-singleturn|p2a: Alomomola|Protect
|move|p1a: Talonflame|Brave Bird|p2a: Alomomola
|-activate|p2a: Alomomola|Protect
|
|-heal|p2a: Alomomola|513\/513|[from] move: Wish|[wisher] Alomomola
|turn|27
|-message|LT2B killar45 forfeited.
|
|win|uphaze
|raw|Ladder updating...
|leave|LT2B killar45
|player|p1
|raw|LT2B killar45's rating: 1629 &rarr; <strong>1613<\/strong><br \/>(-16 for losing)
|raw|uphaze's rating: 1690 &rarr; <strong>1706<\/strong><br \/>(+16 for winning)