|join|uphaze
|join|dukevesper
|player|p1|uphaze|87
|player|p2|dukevesper|290
|gametype|singles
|gen|6
|tier|OU
|rated
|clearpoke
|poke|p1|Politoed, F
|poke|p1|Omastar, M
|poke|p1|Ferrothorn, F
|poke|p1|Qwilfish, M
|poke|p1|Seismitoad, M
|poke|p1|Ludicolo, F
|poke|p2|Gardevoir, F, shiny
|poke|p2|Landorus-Therian, M, shiny
|poke|p2|Gyarados, M
|poke|p2|Latios, M
|poke|p2|Talonflame, M
|poke|p2|Excadrill, M, shiny
|rule|Swagger Clause: Swagger is banned
|rule|Baton Pass Clause: Limit one PokÃ©mon knowing Baton Pass
|rule|Sleep Clause Mod: Limit one foe put to sleep
|rule|Species Clause: Limit one of each PokÃ©mon
|rule|OHKO Clause: OHKO moves are banned
|rule|Moody Clause: Moody is banned
|rule|Evasion Moves Clause: Evasion moves are banned
|rule|Endless Battle Clause: Forcing endless battles is banned
|rule|HP Percentage Mod: HP is shown in percentages
|teampreview
|
|start
|switch|p1a: Politoed|Politoed, F|384\/384
|switch|p2a: Aire|Gardevoir, F, shiny|277\/277
|-ability|p2a: Aire|Drizzle|[from] ability: Trace|[of] p1a: Politoed
|-weather|RainDance
|turn|1
|
|switch|p1a: Ferrothorn|Ferrothorn, F|352\/352
|detailschange|p2a: Aire|Gardevoir-Mega, F, shiny
|message|Gardevoir has Mega Evolved into Mega Gardevoir!
|move|p2a: Aire|Taunt|p1a: Ferrothorn
|-start|p1a: Ferrothorn|move: Taunt
|
|-weather|RainDance|[upkeep]
|turn|2
|
|switch|p2a: Megure|Landorus-Therian, M, shiny|382\/382
|-ability|p2a: Megure|Intimidate|[of] p1a: Ferrothorn
|-unboost|p1a: Ferrothorn|atk|1
|move|p1a: Ferrothorn|Gyro Ball|p2a: Megure
|-crit|p2a: Megure
|-damage|p2a: Megure|0 fnt
|faint|p2a: Megure
|
|-weather|RainDance|[upkeep]
|c|âuphaze|sorry :\/
|c|âdukevesper|holy crap
|c|âdukevesper|its fine
|c|âuphaze|i'm choice banded
|c|âdukevesper|but i didnt even think a crit would kill and ah
|
|switch|p2a: Gervase|Gyarados, M|332\/332
|-ability|p2a: Gervase|Intimidate|[of] p1a: Ferrothorn
|-unboost|p1a: Ferrothorn|atk|1
|turn|3
|
|switch|p2a: Disco|Excadrill, M, shiny|362\/362
|-ability|p2a: Disco|Mold Breaker
|switch|p1a: Ludicolo|Ludicolo, F|300\/300
|
|-weather|RainDance|[upkeep]
|turn|4
|
|move|p1a: Ludicolo|Scald|p2a: Disco
|-supereffective|p2a: Disco
|-damage|p2a: Disco|0 fnt
|-damage|p1a: Ludicolo|270\/300|[from] item: Life Orb
|faint|p2a: Disco
|
|-weather|RainDance|[upkeep]
|
|switch|p2a: Gervase|Gyarados, M|332\/332
|-ability|p2a: Gervase|Intimidate|[of] p1a: Ludicolo
|-unboost|p1a: Ludicolo|atk|1
|turn|5
|
|move|p1a: Ludicolo|Giga Drain|p2a: Gervase
|-damage|p2a: Gervase|172\/332
|-heal|p1a: Ludicolo|300\/300|[from] drain|[of] p2a: Gervase
|-damage|p1a: Ludicolo|270\/300|[from] item: Life Orb
|move|p2a: Gervase|Dragon Dance|p2a: Gervase
|-boost|p2a: Gervase|atk|1
|-boost|p2a: Gervase|spe|1
|
|-weather|none
|-heal|p2a: Gervase|192\/332|[from] item: Leftovers
|turn|6
|c|âuphaze|my politoed has a damp rock
|c|âuphaze|wtf??
|c|âuphaze|you didn't knocked off it
|c|âuphaze|how can you explain that?
|c|âdukevesper|my gyaradoshas cloud nine
|c|âuphaze|what?
|c|âuphaze|cloud nine?
|c|âdukevesper|jk idk, maybe you forgot to put damp rock on
|c|âuphaze|no no i just did a battle 1 minute ago and it worked
|c|âuphaze|i really don't understand how that shit is possible
|
|move|p2a: Gervase|Dragon Dance|p2a: Gervase
|-boost|p2a: Gervase|atk|1
|-boost|p2a: Gervase|spe|1
|move|p1a: Ludicolo|Giga Drain|p2a: Gervase
|-damage|p2a: Gervase|50\/332
|-heal|p1a: Ludicolo|300\/300|[from] drain|[of] p2a: Gervase
|-damage|p1a: Ludicolo|270\/300|[from] item: Life Orb
|
|-heal|p2a: Gervase|70\/332|[from] item: Leftovers
|turn|7
|
|move|p2a: Gervase|Bounce|p1a: Ludicolo|[still]
|-prepare|p2a: Gervase|Bounce|p1a: Ludicolo
|move|p1a: Ludicolo|Giga Drain|p2a: Gervase|[miss]
|-miss|p1a: Ludicolo|p2a: Gervase
|
|-heal|p2a: Gervase|90\/332|[from] item: Leftovers
|turn|8
|c|âdukevesper|dont miss please
|
|switch|p1a: Ferrothorn|Ferrothorn, F|352\/352
|move|p2a: Gervase|Bounce|p1a: Ferrothorn|[miss]
|-miss|p2a: Gervase|p1a: Ferrothorn
|
|-heal|p2a: Gervase|110\/332|[from] item: Leftovers
|turn|9
|c|âdukevesper|crap
|
|move|p2a: Gervase|Bounce|p1a: Ferrothorn|[still]
|-prepare|p2a: Gervase|Bounce|p1a: Ferrothorn
|move|p1a: Ferrothorn|Knock Off|p2a: Gervase|[miss]
|-miss|p1a: Ferrothorn|p2a: Gervase
|
|-heal|p2a: Gervase|130\/332|[from] item: Leftovers
|turn|10
|
|move|p2a: Gervase|Bounce|p1a: Ferrothorn
|-damage|p1a: Ferrothorn|75\/352
|-damage|p2a: Gervase|89\/332|[from] ability: Iron Barbs|[of] p1a: Ferrothorn
|-status|p1a: Ferrothorn|par
|cant|p1a: Ferrothorn|par
|
|-heal|p2a: Gervase|109\/332|[from] item: Leftovers
|turn|11
|c|âdukevesper|i was praying for that lol
|
|move|p2a: Gervase|Earthquake|p1a: Ferrothorn
|-crit|p1a: Ferrothorn
|-damage|p1a: Ferrothorn|0 fnt
|faint|p1a: Ferrothorn
|
|-heal|p2a: Gervase|129\/332|[from] item: Leftovers
|
|switch|p1a: Politoed|Politoed, F|384\/384
|-weather|RainDance
|turn|12
|
|move|p2a: Gervase|Bounce|p1a: Politoed|[still]
|-prepare|p2a: Gervase|Bounce|p1a: Politoed
|move|p1a: Politoed|Encore|p2a: Gervase|[miss]
|-miss|p1a: Politoed|p2a: Gervase
|
|-weather|RainDance|[upkeep]
|-heal|p2a: Gervase|149\/332|[from] item: Leftovers
|turn|13
|
|switch|p1a: Qwilfish|Qwilfish, M|272\/272
|move|p2a: Gervase|Bounce|p1a: Qwilfish|[miss]
|-miss|p2a: Gervase|p1a: Qwilfish
|
|-weather|RainDance|[upkeep]
|-heal|p2a: Gervase|169\/332|[from] item: Leftovers
|turn|14
|
|move|p1a: Qwilfish|Destiny Bond|p1a: Qwilfish
|-singlemove|p1a: Qwilfish|Destiny Bond
|move|p2a: Gervase|Earthquake|p1a: Qwilfish
|-supereffective|p1a: Qwilfish
|-damage|p1a: Qwilfish|0 fnt
|faint|p1a: Qwilfish
|-activate|p1a: Qwilfish|Destiny Bond
|faint|p2a: Gervase
|
|-weather|RainDance|[upkeep]
|c|âdukevesper|my gyara needs to learn to hit a bounce lol
|
|switch|p2a: Latinos|Latios, M|301\/301
|switch|p1a: Seismitoad|Seismitoad, M|351\/351
|turn|15
|
|move|p1a: Seismitoad|Knock Off|p2a: Latinos
|-supereffective|p2a: Latinos
|-damage|p2a: Latinos|0 fnt
|-enditem|p2a: Latinos|Life Orb|[from] move: Knock Off|[of] p1a: Seismitoad
|-damage|p1a: Seismitoad|316\/351|[from] item: Life Orb
|faint|p2a: Latinos
|
|-weather|RainDance|[upkeep]
|
|switch|p2a: Aire|Gardevoir-Mega, F, shiny|277\/277
|turn|16
|c|âdukevesper|gg
|c|âdukevesper|all over for me
|
|move|p1a: Seismitoad|Poison Jab|p2a: Aire
|-supereffective|p2a: Aire
|-damage|p2a: Aire|0 fnt
|-damage|p1a: Seismitoad|281\/351|[from] item: Life Orb
|faint|p2a: Aire
|
|-weather|RainDance|[upkeep]
|
|switch|p2a: TOASTY!|Talonflame, M|298\/298
|turn|17
|c|âuphaze|gg
|
|move|p1a: Seismitoad|Knock Off|p2a: TOASTY!
|-damage|p2a: TOASTY!|115\/298
|-enditem|p2a: TOASTY!|Sharp Beak|[from] move: Knock Off|[of] p1a: Seismitoad
|-damage|p1a: Seismitoad|246\/351|[from] item: Life Orb
|move|p2a: TOASTY!|Swords Dance|p2a: TOASTY!
|-boost|p2a: TOASTY!|atk|2
|
|-weather|RainDance|[upkeep]
|turn|18
|
|move|p2a: TOASTY!|Brave Bird|p1a: Seismitoad
|-damage|p1a: Seismitoad|0 fnt
|-damage|p2a: TOASTY!|34\/298|[from] recoil|[of] p1a: Seismitoad
|faint|p1a: Seismitoad
|
|-weather|RainDance|[upkeep]
|
|switch|p1a: Omastar|Omastar, M|303\/303
|turn|19
|
|move|p2a: TOASTY!|Roost|p2a: TOASTY!
|-heal|p2a: TOASTY!|183\/298
|move|p1a: Omastar|Scald|p2a: TOASTY!
|-supereffective|p2a: TOASTY!
|-damage|p2a: TOASTY!|0 fnt
|-damage|p1a: Omastar|273\/303|[from] item: Life Orb
|faint|p2a: TOASTY!
|
|win|uphaze
|raw|Ladder updating...
|raw|uphaze's rating: 1645 &rarr; <strong>1664<\/strong><br \/>(+19 for winning)
|raw|dukevesper's rating: 1625 &rarr; <strong>1606<\/strong><br \/>(-19 for losing)
|leave|dukevesper
|player|p2