|join|iker47
|join|uphaze
|player|p1|iker47|107
|player|p2|uphaze|87
|gametype|singles
|gen|6
|tier|OU
|rated
|clearpoke
|poke|p1|Conkeldurr, F
|poke|p1|Gengar, M
|poke|p1|Ferrothorn, M
|poke|p1|Metagross
|poke|p1|Kyurem-Black
|poke|p1|Zapdos
|poke|p2|Diancie
|poke|p2|Gengar, M
|poke|p2|Kyurem-Black
|poke|p2|Scizor, M
|poke|p2|Gliscor, M
|poke|p2|Raikou
|rule|Swagger Clause: Swagger is banned
|rule|Baton Pass Clause: Limit one PokÃ©mon knowing Baton Pass
|rule|Sleep Clause Mod: Limit one foe put to sleep
|rule|Species Clause: Limit one of each PokÃ©mon
|rule|OHKO Clause: OHKO moves are banned
|rule|Moody Clause: Moody is banned
|rule|Evasion Moves Clause: Evasion moves are banned
|rule|Endless Battle Clause: Forcing endless battles is banned
|rule|HP Percentage Mod: HP is shown in percentages
|teampreview
|
|start
|switch|p1a: ANTIEGG|Conkeldurr, F|414\/414
|switch|p2a: Diancie|Diancie|241\/241
|turn|1
|
|detailschange|p2a: Diancie|Diancie-Mega
|message|Diancie has Mega Evolved into Mega Diancie!
|move|p2a: Diancie|Protect|p2a: Diancie
|-singleturn|p2a: Diancie|Protect
|move|p1a: ANTIEGG|Power-Up Punch|p2a: Diancie
|-activate|p2a: Diancie|Protect
|
|turn|2
|
|move|p2a: Diancie|Moonblast|p1a: ANTIEGG
|-supereffective|p1a: ANTIEGG
|-damage|p1a: ANTIEGG|60\/414
|move|p1a: ANTIEGG|Power-Up Punch|p2a: Diancie
|-damage|p2a: Diancie|154\/241
|-boost|p1a: ANTIEGG|atk|1
|
|turn|3
|
|switch|p2a: Gliscor|Gliscor, M|346\/346
|move|p1a: ANTIEGG|Mach Punch|p2a: Gliscor
|-resisted|p2a: Gliscor
|-damage|p2a: Gliscor|283\/346
|
|-status|p2a: Gliscor|tox|[from] item: Toxic Orb
|turn|4
|
|move|p2a: Gliscor|Earthquake|p1a: ANTIEGG
|-damage|p1a: ANTIEGG|0 fnt
|faint|p1a: ANTIEGG
|
|-heal|p2a: Gliscor|326\/346 tox|[from] ability: Poison Heal
|
|switch|p1a: Metagross|Metagross|302\/302
|turn|5
|
|detailschange|p1a: Metagross|Metagross-Mega
|message|Metagross has Mega Evolved into Mega Metagross!
|move|p1a: Metagross|Ice Punch|p2a: Gliscor
|-supereffective|p2a: Gliscor
|-damage|p2a: Gliscor|0 fnt
|faint|p2a: Gliscor
|
|
|switch|p2a: Scizor|Scizor, M|344\/344
|turn|6
|
|switch|p1a: AY|Ferrothorn, M|352\/352
|move|p2a: Scizor|U-turn|p1a: AY
|-damage|p1a: AY|223\/352
|-damage|p2a: Scizor|301\/344|[from] ability: Iron Barbs|[of] p1a: AY
|-damage|p2a: Scizor|244\/344|[from] item: Rocky Helmet|[of] p1a: AY
|
|switch|p2a: Gengar|Gengar, M|262\/262
|
|turn|7
|
|move|p2a: Gengar|Taunt|p1a: AY
|-start|p1a: AY|move: Taunt
|cant|p1a: AY|move: Taunt|Leech Seed
|
|turn|8
|
|switch|p2a: Scizor|Scizor, M|244\/344
|switch|p1a: Zapdos|Zapdos|347\/347
|-ability|p1a: Zapdos|Pressure
|
|turn|9
|
|switch|p2a: Diancie|Diancie-Mega|154\/241
|move|p1a: Zapdos|Heat Wave|p2a: Diancie
|-resisted|p2a: Diancie
|-damage|p2a: Diancie|97\/241
|
|turn|10
|
|switch|p2a: Kyurem-Black|Kyurem-Black|391\/391
|-ability|p2a: Kyurem-Black|Teravolt
|move|p1a: Zapdos|Charge Beam|p2a: Kyurem-Black
|-resisted|p2a: Kyurem-Black
|-damage|p2a: Kyurem-Black|341\/391
|-boost|p1a: Zapdos|spa|1
|
|turn|11
|
|move|p2a: Kyurem-Black|Ice Beam|p1a: Zapdos
|-supereffective|p1a: Zapdos
|-damage|p1a: Zapdos|58\/347
|-damage|p2a: Kyurem-Black|302\/391|[from] item: Life Orb
|move|p1a: Zapdos|Heat Wave|p2a: Kyurem-Black
|-crit|p2a: Kyurem-Black
|-damage|p2a: Kyurem-Black|14\/391
|
|turn|12
|
|move|p2a: Kyurem-Black|Fusion Bolt|p1a: Zapdos
|-damage|p1a: Zapdos|0 fnt
|-damage|p2a: Kyurem-Black|0 fnt|[from] item: Life Orb
|faint|p1a: Zapdos
|faint|p2a: Kyurem-Black
|
|
|switch|p1a: Kyurem-Black|Kyurem-Black|391\/391
|switch|p2a: Scizor|Scizor, M|244\/344
|-ability|p1a: Kyurem-Black|Teravolt
|turn|13
|
|move|p1a: Kyurem-Black|Earth Power|p2a: Scizor
|-damage|p2a: Scizor|115\/344
|move|p2a: Scizor|Superpower|p1a: Kyurem-Black
|-supereffective|p1a: Kyurem-Black
|-damage|p1a: Kyurem-Black|0 fnt
|-unboost|p2a: Scizor|atk|1
|-unboost|p2a: Scizor|def|1
|faint|p1a: Kyurem-Black
|
|
|switch|p1a: MURASAME|Gengar, M|262\/262
|turn|14
|
|switch|p2a: Raikou|Raikou|322\/322
|-ability|p2a: Raikou|Pressure
|move|p1a: MURASAME|Shadow Ball|p2a: Raikou
|-damage|p2a: Raikou|232\/322
|-unboost|p2a: Raikou|spd|1
|
|turn|15
|
|move|p2a: Raikou|Shadow Ball|p1a: MURASAME
|-supereffective|p1a: MURASAME
|-damage|p1a: MURASAME|38\/262
|move|p1a: MURASAME|Shadow Ball|p2a: Raikou
|-crit|p2a: Raikou
|-damage|p2a: Raikou|31\/322
|
|turn|16
|
|move|p2a: Raikou|Volt Switch|p1a: MURASAME
|-damage|p1a: MURASAME|0 fnt
|faint|p1a: MURASAME
|
|switch|p2a: Scizor|Scizor, M|115\/344
|
|
|switch|p1a: AY|Ferrothorn, M|223\/352
|turn|17
|
|move|p2a: Scizor|Superpower|p1a: AY
|-supereffective|p1a: AY
|-damage|p1a: AY|0 fnt
|-damage|p2a: Scizor|72\/344|[from] ability: Iron Barbs|[of] p1a: AY
|-damage|p2a: Scizor|15\/344|[from] item: Rocky Helmet|[of] p1a: AY
|-unboost|p2a: Scizor|atk|1
|-unboost|p2a: Scizor|def|1
|faint|p1a: AY
|
|
|switch|p1a: Metagross|Metagross-Mega|302\/302
|turn|18
|
|move|p1a: Metagross|Bullet Punch|p2a: Scizor
|-resisted|p2a: Scizor
|-damage|p2a: Scizor|0 fnt
|faint|p2a: Scizor
|
|
|switch|p2a: Raikou|Raikou|31\/322
|-ability|p2a: Raikou|Pressure
|turn|19
|
|move|p1a: Metagross|Bullet Punch|p2a: Raikou
|-resisted|p2a: Raikou
|-damage|p2a: Raikou|0 fnt
|faint|p2a: Raikou
|
|
|switch|p2a: Gengar|Gengar, M|262\/262
|turn|20
|
|move|p2a: Gengar|Shadow Ball|p1a: Metagross
|-supereffective|p1a: Metagross
|-damage|p1a: Metagross|0 fnt
|-damage|p2a: Gengar|236\/262|[from] item: Life Orb
|faint|p1a: Metagross
|
|win|uphaze
|raw|Ladder updating...
|raw|iker47's rating: 1304 &rarr; <strong>1285<\/strong><br \/>(-19 for losing)
|raw|uphaze's rating: 1327 &rarr; <strong>1345<\/strong><br \/>(+18 for winning)
|leave|iker47
|player|p1