|join|SirChrom
|join|uphaze
|player|p1|SirChrom|290
|player|p2|uphaze|87
|gametype|singles
|gen|6
|tier|OU
|rated
|clearpoke
|poke|p1|Gardevoir, M
|poke|p1|Landorus-Therian, M
|poke|p1|Azumarill, F
|poke|p1|Volcarona, M
|poke|p1|Ferrothorn, F
|poke|p1|Latias, F
|poke|p2|Diancie
|poke|p2|Gengar, M
|poke|p2|Kyurem-Black
|poke|p2|Heatran, M
|poke|p2|Raikou
|poke|p2|Talonflame, M
|rule|Swagger Clause: Swagger is banned
|rule|Baton Pass Clause: Limit one PokÃ©mon knowing Baton Pass
|rule|Sleep Clause Mod: Limit one foe put to sleep
|rule|Species Clause: Limit one of each PokÃ©mon
|rule|OHKO Clause: OHKO moves are banned
|rule|Moody Clause: Moody is banned
|rule|Evasion Moves Clause: Evasion moves are banned
|rule|Endless Battle Clause: Forcing endless battles is banned
|rule|HP Percentage Mod: HP is shown in percentages
|teampreview
|
|start
|switch|p1a: Landorus-Therian|Landorus-Therian, M|382\/382
|switch|p2a: Diancie|Diancie|241\/241
|-ability|p1a: Landorus-Therian|Intimidate|[of] p2a: Diancie
|-fail|p2a: Diancie|unboost|[from] ability: Clear Body|[of] p2a: Diancie
|turn|1
|
|detailschange|p2a: Diancie|Diancie-Mega
|message|Diancie has Mega Evolved into Mega Diancie!
|move|p2a: Diancie|Protect|p2a: Diancie
|-singleturn|p2a: Diancie|Protect
|move|p1a: Landorus-Therian|Earthquake|p2a: Diancie
|-activate|p2a: Diancie|Protect
|
|turn|2
|
|switch|p2a: Heatran|Heatran, M|323\/323
|-item|p2a: Heatran|Air Balloon
|move|p1a: Landorus-Therian|Knock Off|p2a: Heatran
|-damage|p2a: Heatran|200\/323
|-enditem|p2a: Heatran|Air Balloon
|
|turn|3
|
|move|p2a: Heatran|Hidden Power|p1a: Landorus-Therian
|-supereffective|p1a: Landorus-Therian
|-damage|p1a: Landorus-Therian|38\/382
|move|p1a: Landorus-Therian|Knock Off|p2a: Heatran
|-damage|p2a: Heatran|117\/323
|
|-heal|p1a: Landorus-Therian|61\/382|[from] item: Leftovers
|turn|4
|
|switch|p1a: Azumarill|Azumarill, F|404\/404
|move|p2a: Heatran|Stealth Rock|p1a: Azumarill
|-sidestart|p1: SirChrom|move: Stealth Rock
|
|turn|5
|
|move|p2a: Heatran|Flash Cannon|p1a: Azumarill
|-damage|p1a: Azumarill|239\/404
|move|p1a: Azumarill|Waterfall|p2a: Heatran
|-supereffective|p2a: Heatran
|-damage|p2a: Heatran|0 fnt
|faint|p2a: Heatran
|
|
|switch|p2a: Kyurem-Black|Kyurem-Black|391\/391
|-ability|p2a: Kyurem-Black|Teravolt
|turn|6
|
|switch|p1a: Landorus-Therian|Landorus-Therian, M|61\/382
|-damage|p1a: Landorus-Therian|14\/382|[from] Stealth Rock
|-ability|p1a: Landorus-Therian|Intimidate|[of] p2a: Kyurem-Black
|-unboost|p2a: Kyurem-Black|atk|1
|move|p2a: Kyurem-Black|Ice Beam|p1a: Landorus-Therian
|-supereffective|p1a: Landorus-Therian
|-damage|p1a: Landorus-Therian|0 fnt
|-damage|p2a: Kyurem-Black|352\/391|[from] item: Life Orb
|faint|p1a: Landorus-Therian
|
|
|switch|p1a: Gardevoir|Gardevoir, M|340\/340
|-damage|p1a: Gardevoir|298\/340|[from] Stealth Rock
|turn|7
|
|switch|p2a: Raikou|Raikou|322\/322
|-ability|p2a: Raikou|Pressure
|detailschange|p1a: Gardevoir|Gardevoir-Mega, M
|message|Gardevoir has Mega Evolved into Mega Gardevoir!
|move|p1a: Gardevoir|Hyper Voice|p2a: Raikou
|-damage|p2a: Raikou|147\/322
|
|turn|8
|
|move|p2a: Raikou|Volt Switch|p1a: Gardevoir
|-damage|p1a: Gardevoir|208\/340
|
|switch|p2a: Talonflame|Talonflame, M|298\/298
|move|p1a: Gardevoir|Hyper Voice|p2a: Talonflame
|-resisted|p2a: Talonflame
|-damage|p2a: Talonflame|116\/298
|
|turn|9
|
|switch|p1a: Ferrothorn|Ferrothorn, F|352\/352
|-damage|p1a: Ferrothorn|330\/352|[from] Stealth Rock
|move|p2a: Talonflame|U-turn|p1a: Ferrothorn
|-damage|p1a: Ferrothorn|267\/352
|-damage|p2a: Talonflame|79\/298|[from] ability: Iron Barbs|[of] p1a: Ferrothorn
|-damage|p2a: Talonflame|30\/298|[from] item: Rocky Helmet|[of] p1a: Ferrothorn
|
|switch|p2a: Diancie|Diancie-Mega|241\/241
|
|turn|10
|
|move|p2a: Diancie|Hidden Power|p1a: Ferrothorn
|-supereffective|p1a: Ferrothorn
|-damage|p1a: Ferrothorn|0 fnt
|faint|p1a: Ferrothorn
|
|
|switch|p1a: Azumarill|Azumarill, F|239\/404
|-damage|p1a: Azumarill|189\/404|[from] Stealth Rock
|turn|11
|
|move|p1a: Azumarill|Aqua Jet|p2a: Diancie
|-supereffective|p2a: Diancie
|-damage|p2a: Diancie|0 fnt
|faint|p2a: Diancie
|
|
|switch|p2a: Kyurem-Black|Kyurem-Black|352\/391
|-ability|p2a: Kyurem-Black|Teravolt
|turn|12
|
|move|p1a: Azumarill|Aqua Jet|p2a: Kyurem-Black
|-resisted|p2a: Kyurem-Black
|-damage|p2a: Kyurem-Black|283\/391
|move|p2a: Kyurem-Black|Ice Beam|p1a: Azumarill
|-resisted|p1a: Azumarill
|-damage|p1a: Azumarill|80\/404
|-damage|p2a: Kyurem-Black|244\/391|[from] item: Life Orb
|
|turn|13
|
|switch|p1a: Gardevoir|Gardevoir-Mega, M|208\/340
|-damage|p1a: Gardevoir|166\/340|[from] Stealth Rock
|move|p2a: Kyurem-Black|Ice Beam|p1a: Gardevoir
|-damage|p1a: Gardevoir|26\/340
|-damage|p2a: Kyurem-Black|205\/391|[from] item: Life Orb
|
|turn|14
|c|âuphaze|what?
|c|âuphaze|ok that's bulky
|
|move|p2a: Kyurem-Black|Ice Beam|p1a: Gardevoir
|-damage|p1a: Gardevoir|0 fnt
|-damage|p2a: Kyurem-Black|166\/391|[from] item: Life Orb
|faint|p1a: Gardevoir
|
|c|âuphaze|so i outspeed
|
|switch|p1a: Latias|Latias, F|364\/364
|-damage|p1a: Latias|319\/364|[from] Stealth Rock
|turn|15
|
|move|p1a: Latias|Draco Meteor|p2a: Kyurem-Black
|-supereffective|p2a: Kyurem-Black
|-damage|p2a: Kyurem-Black|0 fnt
|-unboost|p1a: Latias|spa|2
|faint|p2a: Kyurem-Black
|
|-heal|p1a: Latias|341\/364|[from] item: Leftovers
|
|switch|p2a: Raikou|Raikou|147\/322
|-ability|p2a: Raikou|Pressure
|turn|16
|
|move|p2a: Raikou|Shadow Ball|p1a: Latias
|-supereffective|p1a: Latias
|-damage|p1a: Latias|209\/364
|-unboost|p1a: Latias|spd|1
|move|p1a: Latias|Defog|p2a: Raikou
|-unboost|p2a: Raikou|evasion|1
|-sideend|p1: SirChrom|Stealth Rock|[from] move: Defog|[of] p1a: Latias
|
|-heal|p1a: Latias|231\/364|[from] item: Leftovers
|turn|17
|
|move|p2a: Raikou|Volt Switch|p1a: Latias
|-resisted|p1a: Latias
|-damage|p1a: Latias|159\/364
|
|switch|p2a: Gengar|Gengar, M|262\/262
|move|p1a: Latias|Healing Wish|p1a: Latias
|faint|p1a: Latias
|
|
|switch|p1a: Azumarill|Azumarill, F|80\/404
|-heal|p1a: Azumarill|404\/404|[from] move: Healing Wish
|turn|18
|
|move|p1a: Azumarill|Aqua Jet|p2a: Gengar
|-damage|p2a: Gengar|58\/262
|move|p2a: Gengar|Giga Drain|p1a: Azumarill
|-supereffective|p1a: Azumarill
|-damage|p1a: Azumarill|121\/404
|-heal|p2a: Gengar|200\/262|[from] drain|[of] p1a: Azumarill
|-damage|p2a: Gengar|174\/262|[from] item: Life Orb
|
|turn|19
|
|move|p1a: Azumarill|Aqua Jet|p2a: Gengar
|-damage|p2a: Gengar|0 fnt
|faint|p2a: Gengar
|
|
|switch|p2a: Talonflame|Talonflame, M|30\/298
|turn|20
|
|switch|p2a: Raikou|Raikou|147\/322
|-ability|p2a: Raikou|Pressure
|move|p1a: Azumarill|Aqua Jet|p2a: Raikou
|-damage|p2a: Raikou|0 fnt
|faint|p2a: Raikou
|
|
|switch|p2a: Talonflame|Talonflame, M|30\/298
|turn|21
|
|move|p2a: Talonflame|Brave Bird|p1a: Azumarill
|-damage|p1a: Azumarill|0 fnt
|-damage|p2a: Talonflame|0 fnt|[from] recoil|[of] p1a: Azumarill
|faint|p1a: Azumarill
|faint|p2a: Talonflame
|
|win|SirChrom
|raw|Ladder updating...
|raw|SirChrom's rating: 1324 &rarr; <strong>1343<\/strong><br \/>(+19 for winning)
|raw|uphaze's rating: 1309 &rarr; <strong>1290<\/strong><br \/>(-19 for losing)
|c|âSirChrom|Holy Crap GG XD