|join|uphaze
|join|MTNG
MTNG made this room private.
|player|p1|uphaze|87
|player|p2|MTNG|141
|gametype|singles
|gen|6
|tier|OU (suspect test)
|rated
|clearpoke
|poke|p1|Charizard, F
|poke|p1|Ferrothorn, M
|poke|p1|Clefable, F
|poke|p1|Starmie
|poke|p1|Bisharp, M
|poke|p1|Kyurem-Black
|poke|p2|Pidgeot, M
|poke|p2|Kyurem-Black
|poke|p2|Ferrothorn, F
|poke|p2|Latios, M
|poke|p2|Bisharp, F
|poke|p2|Thundurus, M
|rule|Swagger Clause: Swagger is banned
|rule|Baton Pass Clause: Limit one PokÃ©mon knowing Baton Pass
|rule|Sleep Clause Mod: Limit one foe put to sleep
|rule|Species Clause: Limit one of each PokÃ©mon
|rule|OHKO Clause: OHKO moves are banned
|rule|Moody Clause: Moody is banned
|rule|Evasion Moves Clause: Evasion moves are banned
|rule|Endless Battle Clause: Forcing endless battles is banned
|rule|HP Percentage Mod: HP is shown in percentages
|teampreview
|
|start
|switch|p1a: Ferrothorn|Ferrothorn, M|352\/352
|switch|p2a: Red Baron|Pidgeot, M|307\/307
|turn|1
|
|switch|p1a: Starmie|Starmie|262\/262
|detailschange|p2a: Red Baron|Pidgeot-Mega, M
|-mega|p2a: Red Baron|Pidgeot|Pidgeotite
|move|p2a: Red Baron|Heat Wave|p1a: Starmie
|-resisted|p1a: Starmie
|-damage|p1a: Starmie|193\/262
|
|turn|2
|
|switch|p1a: Bisharp|Bisharp, M|272\/272
|move|p2a: Red Baron|Hurricane|p1a: Bisharp
|-resisted|p1a: Bisharp
|-damage|p1a: Bisharp|138\/272
|
|turn|3
|
|switch|p2a: ill fuckin shank u|Ferrothorn, F|352\/352
|move|p1a: Bisharp|Sucker Punch|p2a: ill fuckin shank u
|-fail|p2a: ill fuckin shank u
|
|turn|4
|
|move|p1a: Bisharp|Swords Dance|p1a: Bisharp
|-boost|p1a: Bisharp|atk|2
|move|p2a: ill fuckin shank u|Leech Seed|p1a: Bisharp
|-start|p1a: Bisharp|move: Leech Seed
|
|-damage|p1a: Bisharp|104\/272|[from] Leech Seed|[of] p2a: ill fuckin shank u
|turn|5
|
|move|p2a: ill fuckin shank u|Protect|p2a: ill fuckin shank u
|-singleturn|p2a: ill fuckin shank u|Protect
|move|p1a: Bisharp|Knock Off|p2a: ill fuckin shank u
|-activate|p2a: ill fuckin shank u|Protect
|
|-damage|p1a: Bisharp|70\/272|[from] Leech Seed|[of] p2a: ill fuckin shank u
|turn|6
|
|move|p1a: Bisharp|Knock Off|p2a: ill fuckin shank u
|-damage|p2a: ill fuckin shank u|70\/352
|-damage|p1a: Bisharp|36\/272|[from] ability: Iron Barbs|[of] p2a: ill fuckin shank u
|-damage|p1a: Bisharp|0 fnt|[from] item: Rocky Helmet|[of] p2a: ill fuckin shank u
|faint|p1a: Bisharp
|move|p2a: ill fuckin shank u|Stealth Rock|p1: Bisharp
|-sidestart|p1: uphaze|move: Stealth Rock
|
|
|switch|p1a: Ferrothorn|Ferrothorn, M|352\/352
|-damage|p1a: Ferrothorn|330\/352|[from] Stealth Rock
|turn|7
|
|switch|p2a: Red Baron|Pidgeot-Mega, M|307\/307
|move|p1a: Ferrothorn|Gyro Ball|p2a: Red Baron
|-damage|p2a: Red Baron|114\/307
|
|turn|8
|
|switch|p1a: Starmie|Starmie|193\/262
|-damage|p1a: Starmie|161\/262|[from] Stealth Rock
|move|p2a: Red Baron|Heat Wave|p1a: Starmie
|-resisted|p1a: Starmie
|-damage|p1a: Starmie|92\/262
|
|turn|9
|
|move|p2a: Red Baron|Hurricane|p1a: Starmie
|-damage|p1a: Starmie|0 fnt
|faint|p1a: Starmie
|
|
|switch|p1a: Clefable|Clefable, F|394\/394
|-damage|p1a: Clefable|345\/394|[from] Stealth Rock
|turn|10
|
|switch|p2a: ill fuckin shank u|Ferrothorn, F|70\/352
|move|p1a: Clefable|Moonblast|p2a: ill fuckin shank u
|-resisted|p2a: ill fuckin shank u
|-damage|p2a: ill fuckin shank u|31\/352
|
|-heal|p1a: Clefable|369\/394|[from] item: Leftovers
|turn|11
|
|move|p1a: Clefable|Moonblast|p2a: ill fuckin shank u
|-resisted|p2a: ill fuckin shank u
|-damage|p2a: ill fuckin shank u|0 fnt
|faint|p2a: ill fuckin shank u
|
|-heal|p1a: Clefable|393\/394|[from] item: Leftovers
|
|switch|p2a: we both know|Kyurem-Black|391\/391
|-ability|p2a: we both know|Teravolt
|turn|12
|
|switch|p1a: Ferrothorn|Ferrothorn, M|330\/352
|-damage|p1a: Ferrothorn|308\/352|[from] Stealth Rock
|move|p2a: we both know|Iron Head|p1a: Ferrothorn
|-resisted|p1a: Ferrothorn
|-damage|p1a: Ferrothorn|263\/352
|-damage|p2a: we both know|343\/391|[from] ability: Iron Barbs|[of] p1a: Ferrothorn
|-damage|p2a: we both know|304\/391|[from] item: Life Orb
|
|turn|13
|
|switch|p2a: Thundurus|Thundurus, M|299\/299
|move|p1a: Ferrothorn|Stealth Rock|p2a: Thundurus
|-sidestart|p2: MTNG|move: Stealth Rock
|
|turn|14
|
|move|p2a: Thundurus|Superpower|p1a: Ferrothorn
|-supereffective|p1a: Ferrothorn
|-damage|p1a: Ferrothorn|91\/352
|-damage|p2a: Thundurus|262\/299|[from] ability: Iron Barbs|[of] p1a: Ferrothorn
|-unboost|p2a: Thundurus|atk|1
|-unboost|p2a: Thundurus|def|1
|-damage|p2a: Thundurus|233\/299|[from] item: Life Orb
|move|p1a: Ferrothorn|Leech Seed|p2a: Thundurus
|-start|p2a: Thundurus|move: Leech Seed
|
|-damage|p2a: Thundurus|196\/299|[from] Leech Seed|[of] p1a: Ferrothorn
|-heal|p1a: Ferrothorn|128\/352|[silent]
|turn|15
|
|switch|p2a: Red Baron|Pidgeot-Mega, M|114\/307
|-damage|p2a: Red Baron|38\/307|[from] Stealth Rock
|move|p1a: Ferrothorn|Leech Seed|p2a: Red Baron
|-start|p2a: Red Baron|move: Leech Seed
|
|-damage|p2a: Red Baron|0 fnt|[from] Leech Seed|[of] p1a: Ferrothorn
|-heal|p1a: Ferrothorn|166\/352|[silent]
|faint|p2a: Red Baron
|
|switch|p2a: Thundurus|Thundurus, M|196\/299
|-damage|p2a: Thundurus|122\/299|[from] Stealth Rock
|turn|16
|
|move|p2a: Thundurus|Thunderbolt|p1a: Ferrothorn
|-resisted|p1a: Ferrothorn
|-damage|p1a: Ferrothorn|74\/352
|-damage|p2a: Thundurus|93\/299|[from] item: Life Orb
|move|p1a: Ferrothorn|Leech Seed|p2a: Thundurus
|-start|p2a: Thundurus|move: Leech Seed
|
|-damage|p2a: Thundurus|56\/299|[from] Leech Seed|[of] p1a: Ferrothorn
|-heal|p1a: Ferrothorn|111\/352|[silent]
|turn|17
|
|move|p1a: Ferrothorn|Protect|p1a: Ferrothorn
|-singleturn|p1a: Ferrothorn|Protect
|move|p2a: Thundurus|Superpower|p1a: Ferrothorn
|-activate|p1a: Ferrothorn|Protect
|
|-damage|p2a: Thundurus|19\/299|[from] Leech Seed|[of] p1a: Ferrothorn
|-heal|p1a: Ferrothorn|148\/352|[silent]
|turn|18
|
|move|p2a: Thundurus|Superpower|p1a: Ferrothorn
|-supereffective|p1a: Ferrothorn
|-damage|p1a: Ferrothorn|0 fnt
|-damage|p2a: Thundurus|0 fnt|[from] ability: Iron Barbs|[of] p1a: Ferrothorn
|faint|p2a: Thundurus
|faint|p1a: Ferrothorn
|
|
|switch|p1a: Charizard|Charizard, F|332\/332
|switch|p2a: im bi xD|Bisharp, F|271\/271
|-damage|p1a: Charizard|166\/332|[from] Stealth Rock
|-damage|p2a: im bi xD|255\/271|[from] Stealth Rock
|turn|19
|
|detailschange|p1a: Charizard|Charizard-Mega-X, F
|-mega|p1a: Charizard|Charizard|Charizardite X
|move|p2a: im bi xD|Sucker Punch|p1a: Charizard
|-damage|p1a: Charizard|4\/332
|move|p1a: Charizard|Flare Blitz|p2a: im bi xD
|-supereffective|p2a: im bi xD
|-damage|p2a: im bi xD|0 fnt
|-damage|p1a: Charizard|0 fnt|[from] recoil|[of] p2a: im bi xD
|faint|p2a: im bi xD
|faint|p1a: Charizard
|
|
|switch|p1a: Kyurem-Black|Kyurem-Black|391\/391
|switch|p2a: we both know|Kyurem-Black|304\/391
|-damage|p1a: Kyurem-Black|294\/391|[from] Stealth Rock
|-ability|p1a: Kyurem-Black|Teravolt
|-damage|p2a: we both know|207\/391|[from] Stealth Rock
|-ability|p2a: we both know|Teravolt
|turn|20
|
|move|p1a: Kyurem-Black|Ice Beam|p2a: we both know
|-damage|p2a: we both know|0 fnt
|-damage|p1a: Kyurem-Black|255\/391|[from] item: Life Orb
|faint|p2a: we both know
|
|
|switch|p2a: uscentral|Latios, M|302\/302
|-damage|p2a: uscentral|265\/302|[from] Stealth Rock
|turn|21
|
|move|p2a: uscentral|Psyshock|p1a: Kyurem-Black
|-damage|p1a: Kyurem-Black|68\/391
|-damage|p2a: uscentral|235\/302|[from] item: Life Orb
|move|p1a: Kyurem-Black|Ice Beam|p2a: uscentral
|-supereffective|p2a: uscentral
|-damage|p2a: uscentral|0 fnt
|-damage|p1a: Kyurem-Black|29\/391|[from] item: Life Orb
|faint|p2a: uscentral
|
|win|uphaze
|raw|Ladder updating...
|raw|uphaze's rating: 1179 &rarr; <strong>1199<\/strong><br \/>(+20 for winning)
|raw|MTNG's rating: 1104 &rarr; <strong>1084<\/strong><br \/>(-20 for losing)
|leave|MTNG
|player|p2