|join|uphaze
|join|afijpafjafji
|player|p1|uphaze|87
|player|p2|afijpafjafji|43
|gametype|singles
|gen|6
|tier|OU (suspect test)
|rated
|clearpoke
|poke|p1|Charizard, M
|poke|p1|Ferrothorn, M
|poke|p1|Clefable, M
|poke|p1|Starmie
|poke|p1|Hippowdon, M
|poke|p1|Kyurem-Black
|poke|p2|Venusaur, M
|poke|p2|Blastoise, F
|poke|p2|Talonflame, M
|poke|p2|Chatot, M
|poke|p2|Ferrothorn, M
|poke|p2|Hawlucha, M
|rule|Swagger Clause: Swagger is banned
|rule|Baton Pass Clause: Limit one PokÃ©mon knowing Baton Pass
|rule|Sleep Clause Mod: Limit one foe put to sleep
|rule|Species Clause: Limit one of each PokÃ©mon
|rule|OHKO Clause: OHKO moves are banned
|rule|Moody Clause: Moody is banned
|rule|Evasion Moves Clause: Evasion moves are banned
|rule|Endless Battle Clause: Forcing endless battles is banned
|rule|HP Percentage Mod: HP is shown in percentages
|teampreview
|
|start
|switch|p1a: Hippowdon|Hippowdon, M|420\/420
|switch|p2a: Blastoise|Blastoise, F|362\/362
|-weather|Sandstorm
|turn|1
|
|move|p2a: Blastoise|Toxic|p1a: Hippowdon
|-status|p1a: Hippowdon|tox
|move|p1a: Hippowdon|Stealth Rock|p2a: Blastoise
|-sidestart|p2: afijpafjafji|move: Stealth Rock
|
|-weather|Sandstorm|[upkeep]
|-damage|p2a: Blastoise|340\/362|[from] sandstorm
|-heal|p2a: Blastoise|362\/362|[from] item: Leftovers
|-damage|p1a: Hippowdon|394\/420 tox|[from] psn
|turn|2
|
|switch|p1a: Ferrothorn|Ferrothorn, M|352\/352
|move|p2a: Blastoise|Rapid Spin|p1a: Ferrothorn
|-resisted|p1a: Ferrothorn
|-damage|p1a: Ferrothorn|348\/352
|-damage|p2a: Blastoise|317\/362|[from] ability: Iron Barbs|[of] p1a: Ferrothorn
|-sideend|p2: afijpafjafji|Stealth Rock|[from] move: Rapid Spin|[of] p2a: Blastoise
|
|-weather|Sandstorm|[upkeep]
|-damage|p2a: Blastoise|295\/362|[from] sandstorm
|-heal|p2a: Blastoise|317\/362|[from] item: Leftovers
|turn|3
|
|switch|p1a: Hippowdon|Hippowdon, M|394\/420 tox
|move|p2a: Blastoise|Scald|p1a: Hippowdon
|-crit|p1a: Hippowdon
|-supereffective|p1a: Hippowdon
|-damage|p1a: Hippowdon|76\/420 tox
|
|-weather|Sandstorm|[upkeep]
|-damage|p2a: Blastoise|295\/362|[from] sandstorm
|-heal|p2a: Blastoise|317\/362|[from] item: Leftovers
|-heal|p1a: Hippowdon|102\/420 tox|[from] item: Leftovers
|-damage|p1a: Hippowdon|76\/420 tox|[from] psn
|turn|4
|
|switch|p1a: Ferrothorn|Ferrothorn, M|348\/352
|move|p2a: Blastoise|Scald|p1a: Ferrothorn
|-resisted|p1a: Ferrothorn
|-damage|p1a: Ferrothorn|313\/352
|
|-weather|Sandstorm|[upkeep]
|-damage|p2a: Blastoise|295\/362|[from] sandstorm
|-heal|p2a: Blastoise|317\/362|[from] item: Leftovers
|turn|5
|
|switch|p2a: Talonflame|Talonflame, M|297\/297
|move|p1a: Ferrothorn|Leech Seed|p2a: Talonflame
|-start|p2a: Talonflame|move: Leech Seed
|
|-weather|none
|-damage|p2a: Talonflame|260\/297|[from] Leech Seed|[of] p1a: Ferrothorn
|-heal|p1a: Ferrothorn|350\/352|[silent]
|turn|6
|
|switch|p2a: Ferrothorn|Ferrothorn, M|352\/352
|switch|p1a: Hippowdon|Hippowdon, M|76\/420 tox
|-weather|Sandstorm
|
|-weather|Sandstorm|[upkeep]
|-heal|p1a: Hippowdon|102\/420 tox|[from] item: Leftovers
|-damage|p1a: Hippowdon|76\/420 tox|[from] psn
|turn|7
|
|move|p1a: Hippowdon|Stealth Rock|p2a: Ferrothorn
|-sidestart|p2: afijpafjafji|move: Stealth Rock
|move|p2a: Ferrothorn|Stealth Rock|p1a: Hippowdon
|-sidestart|p1: uphaze|move: Stealth Rock
|
|-weather|Sandstorm|[upkeep]
|-heal|p1a: Hippowdon|102\/420 tox|[from] item: Leftovers
|-damage|p1a: Hippowdon|50\/420 tox|[from] psn
|turn|8
|
|move|p2a: Ferrothorn|Protect|p2a: Ferrothorn
|-singleturn|p2a: Ferrothorn|Protect
|move|p1a: Hippowdon|Slack Off|p1a: Hippowdon
|-heal|p1a: Hippowdon|260\/420 tox
|
|-weather|Sandstorm|[upkeep]
|-heal|p1a: Hippowdon|286\/420 tox|[from] item: Leftovers
|-damage|p1a: Hippowdon|208\/420 tox|[from] psn
|turn|9
|
|switch|p1a: Ferrothorn|Ferrothorn, M|350\/352
|-damage|p1a: Ferrothorn|328\/352|[from] Stealth Rock
|move|p2a: Ferrothorn|Leech Seed|p1a: Ferrothorn
|-immune|p1a: Ferrothorn|[msg]
|
|-weather|Sandstorm|[upkeep]
|turn|10
|
|move|p2a: Ferrothorn|Leech Seed|p1a: Ferrothorn
|-immune|p1a: Ferrothorn|[msg]
|move|p1a: Ferrothorn|Toxic|p2a: Ferrothorn
|-fail|p2a: Ferrothorn
|
|-weather|none
|turn|11
|
|switch|p1a: Starmie|Starmie|324\/324
|-damage|p1a: Starmie|284\/324|[from] Stealth Rock
|move|p2a: Ferrothorn|Leech Seed|p1a: Starmie
|-start|p1a: Starmie|move: Leech Seed
|
|-heal|p1a: Starmie|304\/324|[from] item: Leftovers
|-damage|p1a: Starmie|264\/324|[from] Leech Seed|[of] p2a: Ferrothorn
|turn|12
|
|move|p1a: Starmie|Rapid Spin|p2a: Ferrothorn
|-resisted|p2a: Ferrothorn
|-damage|p2a: Ferrothorn|348\/352
|-damage|p1a: Starmie|224\/324|[from] ability: Iron Barbs|[of] p2a: Ferrothorn
|-end|p1a: Starmie|Leech Seed|[from] move: Rapid Spin|[of] p1a: Starmie
|-sideend|p1: uphaze|Stealth Rock|[from] move: Rapid Spin|[of] p1a: Starmie
|move|p2a: Ferrothorn|Gyro Ball|p1a: Starmie
|-resisted|p1a: Starmie
|-damage|p1a: Starmie|134\/324
|
|-heal|p1a: Starmie|154\/324|[from] item: Leftovers
|-heal|p2a: Ferrothorn|352\/352|[from] item: Leftovers
|turn|13
|
|move|p1a: Starmie|Recover|p1a: Starmie
|-heal|p1a: Starmie|316\/324
|move|p2a: Ferrothorn|Leech Seed|p1a: Starmie
|-start|p1a: Starmie|move: Leech Seed
|
|-heal|p1a: Starmie|324\/324|[from] item: Leftovers
|-damage|p1a: Starmie|284\/324|[from] Leech Seed|[of] p2a: Ferrothorn
|turn|14
|
|switch|p1a: Charizard|Charizard, M|332\/332
|move|p2a: Ferrothorn|Stealth Rock|p1a: Charizard
|-sidestart|p1: uphaze|move: Stealth Rock
|
|turn|15
|
|switch|p2a: Blastoise|Blastoise, F|317\/362
|-damage|p2a: Blastoise|272\/362|[from] Stealth Rock
|move|p1a: Charizard|Dragon Dance|p1a: Charizard
|-boost|p1a: Charizard|atk|1
|-boost|p1a: Charizard|spe|1
|
|-heal|p2a: Blastoise|294\/362|[from] item: Leftovers
|turn|16
|
|detailschange|p1a: Charizard|Charizard-Mega-X, M
|-mega|p1a: Charizard|Charizard|Charizardite X
|move|p1a: Charizard|Thunder Punch|p2a: Blastoise
|-supereffective|p2a: Blastoise
|-damage|p2a: Blastoise|0 fnt
|faint|p2a: Blastoise
|
|
|switch|p2a: Venusaur|Venusaur, M|364\/364
|-damage|p2a: Venusaur|319\/364|[from] Stealth Rock
|turn|17
|
|detailschange|p2a: Venusaur|Venusaur-Mega, M
|-mega|p2a: Venusaur|Venusaur|Venusaurite
|move|p1a: Charizard|Flare Blitz|p2a: Venusaur
|-supereffective|p2a: Venusaur
|-damage|p2a: Venusaur|49\/364
|-damage|p1a: Charizard|243\/332|[from] recoil|[of] p2a: Venusaur
|move|p2a: Venusaur|Leech Seed|p1a: Charizard
|-start|p1a: Charizard|move: Leech Seed
|
|-damage|p1a: Charizard|202\/332|[from] Leech Seed|[of] p2a: Venusaur
|-heal|p2a: Venusaur|90\/364|[silent]
|turn|18
|
|move|p2a: Venusaur|Protect|p2a: Venusaur
|-singleturn|p2a: Venusaur|Protect
|move|p1a: Charizard|Flare Blitz|p2a: Venusaur
|-activate|p2a: Venusaur|Protect
|
|-damage|p1a: Charizard|161\/332|[from] Leech Seed|[of] p2a: Venusaur
|-heal|p2a: Venusaur|131\/364|[silent]
|turn|19
|
|switch|p2a: Talonflame|Talonflame, M|260\/297
|-damage|p2a: Talonflame|112\/297|[from] Stealth Rock
|move|p1a: Charizard|Flare Blitz|p2a: Talonflame
|-resisted|p2a: Talonflame
|-damage|p2a: Talonflame|0 fnt
|-damage|p1a: Charizard|124\/332|[from] recoil|[of] p2a: Talonflame
|faint|p2a: Talonflame
|
|
|switch|p2a: Ferrothorn|Ferrothorn, M|352\/352
|-damage|p2a: Ferrothorn|330\/352|[from] Stealth Rock
|turn|20
|
|move|p2a: Ferrothorn|Protect|p2a: Ferrothorn
|-singleturn|p2a: Ferrothorn|Protect
|move|p1a: Charizard|Flare Blitz|p2a: Ferrothorn
|-activate|p2a: Ferrothorn|Protect
|
|-heal|p2a: Ferrothorn|352\/352|[from] item: Leftovers
|-damage|p1a: Charizard|83\/332|[from] Leech Seed|[of] p2a: Ferrothorn
|turn|21
|
|move|p1a: Charizard|Flare Blitz|p2a: Ferrothorn
|-supereffective|p2a: Ferrothorn
|-damage|p2a: Ferrothorn|0 fnt
|-damage|p1a: Charizard|42\/332|[from] ability: Iron Barbs|[of] p2a: Ferrothorn
|-damage|p1a: Charizard|0 fnt|[from] recoil|[of] p2a: Ferrothorn
|faint|p2a: Ferrothorn
|faint|p1a: Charizard
|
|
|switch|p1a: Starmie|Starmie|284\/324
|switch|p2a: Venusaur|Venusaur-Mega, M|131\/364
|-damage|p1a: Starmie|244\/324|[from] Stealth Rock
|-damage|p2a: Venusaur|86\/364|[from] Stealth Rock
|turn|22
|
|move|p1a: Starmie|Psyshock|p2a: Venusaur
|-supereffective|p2a: Venusaur
|-damage|p2a: Venusaur|0 fnt
|faint|p2a: Venusaur
|
|-heal|p1a: Starmie|264\/324|[from] item: Leftovers
|
|switch|p2a: Chatot|Chatot, M|294\/294
|-damage|p2a: Chatot|221\/294|[from] Stealth Rock
|turn|23
|
|move|p1a: Starmie|Rapid Spin|p2a: Chatot
|-damage|p2a: Chatot|200\/294
|-sideend|p1: uphaze|Stealth Rock|[from] move: Rapid Spin|[of] p1a: Starmie
|move|p2a: Chatot|Boomburst|p1a: Starmie
|-enditem|p2a: Chatot|Normal Gem|[from] gem|[move] Boomburst
|-damage|p1a: Starmie|0 fnt
|faint|p1a: Starmie
|
|
|switch|p1a: Ferrothorn|Ferrothorn, M|328\/352
|turn|24
|
|move|p2a: Chatot|Nasty Plot|p2a: Chatot
|-boost|p2a: Chatot|spa|2
|move|p1a: Ferrothorn|Leech Seed|p2a: Chatot
|-start|p2a: Chatot|move: Leech Seed
|
|-damage|p2a: Chatot|164\/294|[from] Leech Seed|[of] p1a: Ferrothorn
|-heal|p1a: Ferrothorn|352\/352|[silent]
|turn|25
|
|move|p1a: Ferrothorn|Protect|p1a: Ferrothorn
|-singleturn|p1a: Ferrothorn|Protect
|move|p2a: Chatot|Chatter|p1a: Ferrothorn
|-activate|p1a: Ferrothorn|Protect
|
|-damage|p2a: Chatot|128\/294|[from] Leech Seed|[of] p1a: Ferrothorn
|turn|26
|
|move|p2a: Chatot|Chatter|p1a: Ferrothorn
|-damage|p1a: Ferrothorn|177\/352
|-start|p1a: Ferrothorn|confusion
|-activate|p1a: Ferrothorn|confusion
|move|p1a: Ferrothorn|Gyro Ball|p2a: Chatot
|-damage|p2a: Chatot|0 fnt
|faint|p2a: Chatot
|
|
|switch|p2a: Hawlucha|Hawlucha, M|298\/298
|-damage|p2a: Hawlucha|261\/298|[from] Stealth Rock
|turn|27
|
|move|p2a: Hawlucha|Sky Attack|p1a: Ferrothorn|[still]
|-prepare|p2a: Hawlucha|Sky Attack|p1a: Ferrothorn
|-enditem|p2a: Hawlucha|Power Herb
|-anim|p2a: Hawlucha|Sky Attack|p1a: Ferrothorn
|-damage|p1a: Ferrothorn|47\/352
|cant|p1a: Ferrothorn|flinch
|
|turn|28
|
|move|p2a: Hawlucha|Drain Punch|p1a: Ferrothorn
|-supereffective|p1a: Ferrothorn
|-damage|p1a: Ferrothorn|0 fnt
|-heal|p2a: Hawlucha|285\/298|[from] drain|[of] p1a: Ferrothorn
|-damage|p2a: Hawlucha|248\/298|[from] ability: Iron Barbs|[of] p1a: Ferrothorn
|faint|p1a: Ferrothorn
|
|c|âafijpafjafji|i can still make it
|
|switch|p1a: Clefable|Clefable, M|394\/394
|turn|29
|c|âuphaze|no
|
|move|p2a: Hawlucha|Drain Punch|p1a: Clefable
|-resisted|p1a: Clefable
|-damage|p1a: Clefable|343\/394
|-heal|p2a: Hawlucha|274\/298|[from] drain|[of] p1a: Clefable
|move|p1a: Clefable|Moonblast|p2a: Hawlucha
|-supereffective|p2a: Hawlucha
|-damage|p2a: Hawlucha|0 fnt
|faint|p2a: Hawlucha
|
|win|uphaze
|raw|Ladder updating...
|raw|uphaze's rating: 1179 &rarr; <strong>1199<\/strong><br \/>(+20 for winning)
|raw|afijpafjafji's rating: 1108 &rarr; <strong>1088<\/strong><br \/>(-20 for losing)
|c|âafijpafjafji|yes
|c|âafijpafjafji|told ya
|leave|afijpafjafji
|player|p2