|join|uphaze
|join|Mohammad
|player|p1|uphaze|87
|player|p2|Mohammad|93
|gametype|singles
|gen|6
|tier|OU (suspect test)
|rated
|clearpoke
|poke|p1|Charizard, M
|poke|p1|Ferrothorn, M
|poke|p1|Clefable, F
|poke|p1|Starmie
|poke|p1|Hippowdon, F
|poke|p1|Heatran, M
|poke|p2|Chansey, F, shiny
|poke|p2|Gengar, F, shiny
|poke|p2|Slowbro, F, shiny
|poke|p2|Magnezone, shiny
|poke|p2|Landorus-Therian, M, shiny
|poke|p2|Dragonite, M, shiny
|rule|Swagger Clause: Swagger is banned
|rule|Baton Pass Clause: Limit one PokÃ©mon knowing Baton Pass
|rule|Sleep Clause Mod: Limit one foe put to sleep
|rule|Species Clause: Limit one of each PokÃ©mon
|rule|OHKO Clause: OHKO moves are banned
|rule|Moody Clause: Moody is banned
|rule|Evasion Moves Clause: Evasion moves are banned
|rule|Endless Battle Clause: Forcing endless battles is banned
|rule|HP Percentage Mod: HP is shown in percentages
|teampreview
|
|start
|switch|p1a: Ferrothorn|Ferrothorn, M|352\/352
|switch|p2a: Magnezone|Magnezone, shiny|282\/282
|turn|1
|
|switch|p1a: Heatran|Heatran, M|324\/324
|-item|p1a: Heatran|Air Balloon
|move|p2a: Magnezone|Hidden Power|p1a: Heatran
|-start|p1a: Heatran|ability: Flash Fire
|
|turn|2
|
|switch|p2a: Slowbro|Slowbro, F, shiny|393\/393
|move|p1a: Heatran|Lava Plume|p2a: Slowbro
|-resisted|p2a: Slowbro
|-damage|p2a: Slowbro|255\/393
|
|turn|3
|
|switch|p1a: Clefable|Clefable, F|394\/394
|detailschange|p2a: Slowbro|Slowbro-Mega, F, shiny
|-mega|p2a: Slowbro|Slowbro|Slowbronite
|move|p2a: Slowbro|Calm Mind|p2a: Slowbro
|-boost|p2a: Slowbro|spa|1
|-boost|p2a: Slowbro|spd|1
|
|turn|4
|
|move|p1a: Clefable|Calm Mind|p1a: Clefable
|-boost|p1a: Clefable|spa|1
|-boost|p1a: Clefable|spd|1
|move|p2a: Slowbro|Scald|p1a: Clefable
|-damage|p1a: Clefable|312\/394
|-status|p1a: Clefable|brn
|
|-heal|p1a: Clefable|336\/394 brn|[from] item: Leftovers
|-damage|p1a: Clefable|287\/394 brn|[from] brn
|turn|5
|
|switch|p2a: Magnezone|Magnezone, shiny|282\/282
|move|p1a: Clefable|Wish|p1a: Clefable
|
|-heal|p1a: Clefable|311\/394 brn|[from] item: Leftovers
|-damage|p1a: Clefable|262\/394 brn|[from] brn
|turn|6
|
|move|p1a: Clefable|Protect|p1a: Clefable
|-singleturn|p1a: Clefable|Protect
|move|p2a: Magnezone|Flash Cannon|p1a: Clefable
|-activate|p1a: Clefable|Protect
|
|-heal|p1a: Clefable|394\/394 brn|[from] move: Wish|[wisher] Clefable
|-damage|p1a: Clefable|345\/394 brn|[from] brn
|turn|7
|
|switch|p1a: Ferrothorn|Ferrothorn, M|352\/352
|move|p2a: Magnezone|Flash Cannon|p1a: Ferrothorn
|-resisted|p1a: Ferrothorn
|-damage|p1a: Ferrothorn|292\/352
|
|turn|8
|
|switch|p2a: Landorus-Therian|Landorus-Therian, M, shiny|382\/382
|-ability|p2a: Landorus-Therian|Intimidate|[of] p1a: Ferrothorn
|-unboost|p1a: Ferrothorn|atk|1
|move|p1a: Ferrothorn|Stealth Rock|p2a: Landorus-Therian
|-sidestart|p2: Mohammad|move: Stealth Rock
|
|turn|9
|
|switch|p1a: Starmie|Starmie|324\/324
|move|p2a: Landorus-Therian|Stealth Rock|p1a: Starmie
|-sidestart|p1: uphaze|move: Stealth Rock
|
|turn|10
|
|switch|p2a: Gengar|Gengar, F, shiny|262\/262
|-damage|p2a: Gengar|230\/262|[from] Stealth Rock
|move|p1a: Starmie|Rapid Spin|p2a: Gengar
|-immune|p2a: Gengar|[msg]
|
|turn|11
|
|switch|p2a: Magnezone|Magnezone, shiny|282\/282
|-damage|p2a: Magnezone|265\/282|[from] Stealth Rock
|move|p1a: Starmie|Psyshock|p2a: Magnezone
|-resisted|p2a: Magnezone
|-damage|p2a: Magnezone|220\/282
|
|turn|12
|
|move|p1a: Starmie|Rapid Spin|p2a: Magnezone
|-resisted|p2a: Magnezone
|-damage|p2a: Magnezone|215\/282
|-sideend|p1: uphaze|Stealth Rock|[from] move: Rapid Spin|[of] p1a: Starmie
|move|p2a: Magnezone|Volt Switch|p1a: Starmie
|-supereffective|p1a: Starmie
|-damage|p1a: Starmie|36\/324
|
|switch|p2a: Chansey|Chansey, F, shiny|703\/703
|-damage|p2a: Chansey|616\/703|[from] Stealth Rock
|
|-heal|p1a: Starmie|56\/324|[from] item: Leftovers
|turn|13
|
|move|p1a: Starmie|Recover|p1a: Starmie
|-heal|p1a: Starmie|218\/324
|move|p2a: Chansey|Seismic Toss|p1a: Starmie
|-damage|p1a: Starmie|118\/324
|
|-heal|p1a: Starmie|138\/324|[from] item: Leftovers
|turn|14
|
|move|p1a: Starmie|Recover|p1a: Starmie
|-heal|p1a: Starmie|300\/324
|move|p2a: Chansey|Toxic|p1a: Starmie
|-status|p1a: Starmie|tox
|
|-heal|p1a: Starmie|320\/324 tox|[from] item: Leftovers
|-damage|p1a: Starmie|300\/324 tox|[from] psn
|turn|15
|
|switch|p1a: Ferrothorn|Ferrothorn, M|292\/352
|move|p2a: Chansey|Wish|p2a: Chansey
|
|turn|16
|
|switch|p2a: Magnezone|Magnezone, shiny|215\/282
|-damage|p2a: Magnezone|198\/282|[from] Stealth Rock
|move|p1a: Ferrothorn|Leech Seed|p2a: Magnezone
|-start|p2a: Magnezone|move: Leech Seed
|
|-heal|p2a: Magnezone|282\/282|[from] move: Wish|[wisher] Chansey
|-damage|p2a: Magnezone|247\/282|[from] Leech Seed|[of] p1a: Ferrothorn
|-heal|p1a: Ferrothorn|327\/352|[silent]
|turn|17
|
|move|p1a: Ferrothorn|Protect|p1a: Ferrothorn
|-singleturn|p1a: Ferrothorn|Protect
|move|p2a: Magnezone|Volt Switch|p1a: Ferrothorn
|-activate|p1a: Ferrothorn|Protect
|
|-damage|p2a: Magnezone|212\/282|[from] Leech Seed|[of] p1a: Ferrothorn
|-heal|p1a: Ferrothorn|352\/352|[silent]
|turn|18
|
|move|p2a: Magnezone|Volt Switch|p1a: Ferrothorn
|-resisted|p1a: Ferrothorn
|-damage|p1a: Ferrothorn|298\/352
|
|switch|p2a: Gengar|Gengar, F, shiny|230\/262
|-damage|p2a: Gengar|198\/262|[from] Stealth Rock
|move|p1a: Ferrothorn|Leech Seed|p2a: Gengar|[miss]
|-miss|p1a: Ferrothorn|p2a: Gengar
|
|turn|19
|
|move|p2a: Gengar|Focus Blast|p1a: Ferrothorn
|-supereffective|p1a: Ferrothorn
|-damage|p1a: Ferrothorn|42\/352
|move|p1a: Ferrothorn|Gyro Ball|p2a: Gengar
|-damage|p2a: Gengar|0 fnt
|faint|p2a: Gengar
|
|
|switch|p2a: Landorus-Therian|Landorus-Therian, M, shiny|382\/382
|-damage|p2a: Landorus-Therian|335\/382|[from] Stealth Rock
|-ability|p2a: Landorus-Therian|Intimidate|[of] p1a: Ferrothorn
|-unboost|p1a: Ferrothorn|atk|1
|turn|20
|
|move|p2a: Landorus-Therian|Stealth Rock|p1a: Ferrothorn
|-sidestart|p1: uphaze|move: Stealth Rock
|move|p1a: Ferrothorn|Leech Seed|p2a: Landorus-Therian
|-start|p2a: Landorus-Therian|move: Leech Seed
|
|-heal|p2a: Landorus-Therian|358\/382|[from] item: Leftovers
|-damage|p2a: Landorus-Therian|311\/382|[from] Leech Seed|[of] p1a: Ferrothorn
|-heal|p1a: Ferrothorn|89\/352|[silent]
|turn|21
|
|move|p2a: Landorus-Therian|Earthquake|p1a: Ferrothorn
|-damage|p1a: Ferrothorn|0 fnt
|faint|p1a: Ferrothorn
|
|-heal|p2a: Landorus-Therian|334\/382|[from] item: Leftovers
|
|switch|p1a: Starmie|Starmie|300\/324
|-damage|p1a: Starmie|260\/324|[from] Stealth Rock
|turn|22
|
|move|p1a: Starmie|Scald|p2a: Landorus-Therian
|-supereffective|p2a: Landorus-Therian
|-damage|p2a: Landorus-Therian|92\/382
|move|p2a: Landorus-Therian|U-turn|p1a: Starmie
|-supereffective|p1a: Starmie
|-damage|p1a: Starmie|42\/324
|
|switch|p2a: Dragonite|Dragonite, M, shiny|385\/385
|-damage|p2a: Dragonite|289\/385|[from] Stealth Rock
|
|-heal|p1a: Starmie|62\/324|[from] item: Leftovers
|turn|23
|
|move|p2a: Dragonite|Extreme Speed|p1a: Starmie
|-damage|p1a: Starmie|0 fnt
|faint|p1a: Starmie
|
|
|switch|p1a: Clefable|Clefable, F|345\/394 brn
|-damage|p1a: Clefable|296\/394 brn|[from] Stealth Rock
|turn|24
|
|switch|p2a: Magnezone|Magnezone, shiny|212\/282
|-damage|p2a: Magnezone|195\/282|[from] Stealth Rock
|move|p1a: Clefable|Wish|p1a: Clefable
|
|-heal|p1a: Clefable|320\/394 brn|[from] item: Leftovers
|-damage|p1a: Clefable|271\/394 brn|[from] brn
|turn|25
|
|move|p1a: Clefable|Protect|p1a: Clefable
|-singleturn|p1a: Clefable|Protect
|move|p2a: Magnezone|Flash Cannon|p1a: Clefable
|-activate|p1a: Clefable|Protect
|
|-heal|p1a: Clefable|394\/394 brn|[from] move: Wish|[wisher] Clefable
|-damage|p1a: Clefable|345\/394 brn|[from] brn
|turn|26
|
|move|p2a: Magnezone|Flash Cannon|p1a: Clefable
|-supereffective|p1a: Clefable
|-damage|p1a: Clefable|55\/394 brn
|move|p1a: Clefable|Wish|p1a: Clefable
|
|-heal|p1a: Clefable|79\/394 brn|[from] item: Leftovers
|-damage|p1a: Clefable|30\/394 brn|[from] brn
|turn|27
|
|switch|p1a: Charizard|Charizard, M|311\/311
|-damage|p1a: Charizard|156\/311|[from] Stealth Rock
|move|p2a: Magnezone|Flash Cannon|p1a: Charizard
|-resisted|p1a: Charizard
|-damage|p1a: Charizard|75\/311
|
|-heal|p1a: Charizard|272\/311|[from] move: Wish|[wisher] Clefable
|turn|28
|
|switch|p2a: Landorus-Therian|Landorus-Therian, M, shiny|92\/382
|-damage|p2a: Landorus-Therian|45\/382|[from] Stealth Rock
|-ability|p2a: Landorus-Therian|Intimidate|[of] p1a: Charizard
|-unboost|p1a: Charizard|atk|1
|move|p1a: Charizard|Dragon Dance|p1a: Charizard
|-boost|p1a: Charizard|atk|1
|-boost|p1a: Charizard|spe|1
|
|-heal|p2a: Landorus-Therian|68\/382|[from] item: Leftovers
|turn|29
|
|move|p1a: Charizard|Flare Blitz|p2a: Landorus-Therian
|-damage|p2a: Landorus-Therian|0 fnt
|-damage|p1a: Charizard|250\/311|[from] recoil|[of] p2a: Landorus-Therian
|faint|p2a: Landorus-Therian
|
|
|switch|p2a: Slowbro|Slowbro-Mega, F, shiny|255\/393
|-damage|p2a: Slowbro|206\/393|[from] Stealth Rock
|turn|30
|
|detailschange|p1a: Charizard|Charizard-Mega-X, M
|-mega|p1a: Charizard|Charizard|Charizardite X
|move|p1a: Charizard|Dragon Dance|p1a: Charizard
|-boost|p1a: Charizard|atk|1
|-boost|p1a: Charizard|spe|1
|move|p2a: Slowbro|Scald|p1a: Charizard
|-damage|p1a: Charizard|109\/311
|
|turn|31
|
|move|p1a: Charizard|Roost|p1a: Charizard
|-heal|p1a: Charizard|265\/311
|move|p2a: Slowbro|Scald|p1a: Charizard
|-damage|p1a: Charizard|138\/311
|
|turn|32
|
|move|p1a: Charizard|Roost|p1a: Charizard
|-heal|p1a: Charizard|294\/311
|move|p2a: Slowbro|Calm Mind|p2a: Slowbro
|-boost|p2a: Slowbro|spa|1
|-boost|p2a: Slowbro|spd|1
|
|turn|33
|
|move|p1a: Charizard|Thunder Punch|p2a: Slowbro
|-supereffective|p2a: Slowbro
|-damage|p2a: Slowbro|18\/393
|move|p2a: Slowbro|Scald|p1a: Charizard
|-damage|p1a: Charizard|96\/311
|
|turn|34
|
|move|p1a: Charizard|Thunder Punch|p2a: Slowbro
|-supereffective|p2a: Slowbro
|-damage|p2a: Slowbro|0 fnt
|faint|p2a: Slowbro
|
|
|switch|p2a: Dragonite|Dragonite, M, shiny|289\/385
|-damage|p2a: Dragonite|193\/385|[from] Stealth Rock
|turn|35
|
|move|p2a: Dragonite|Extreme Speed|p1a: Charizard
|-damage|p1a: Charizard|0 fnt
|faint|p1a: Charizard
|
|
|switch|p1a: Hippowdon|Hippowdon, F|420\/420
|-damage|p1a: Hippowdon|394\/420|[from] Stealth Rock
|-weather|Sandstorm
|turn|36
|
|switch|p2a: Chansey|Chansey, F, shiny|616\/703
|-damage|p2a: Chansey|529\/703|[from] Stealth Rock
|move|p1a: Hippowdon|Toxic|p2a: Chansey
|-status|p2a: Chansey|tox
|
|-weather|Sandstorm|[upkeep]
|-damage|p2a: Chansey|486\/703 tox|[from] sandstorm
|-heal|p1a: Hippowdon|420\/420|[from] item: Leftovers
|-damage|p2a: Chansey|443\/703 tox|[from] psn
|turn|37
|
|switch|p1a: Clefable|Clefable, F|30\/394 brn
|-damage|p1a: Clefable|0 fnt|[from] Stealth Rock
|faint|p1a: Clefable
|move|p2a: Chansey|Toxic|p1: Clefable|[notarget]
|-notarget
|
|-weather|Sandstorm|[upkeep]
|-damage|p2a: Chansey|400\/703 tox|[from] sandstorm
|-damage|p2a: Chansey|314\/703 tox|[from] psn
|
|switch|p1a: Heatran|Heatran, M|324\/324
|-damage|p1a: Heatran|284\/324|[from] Stealth Rock
|-item|p1a: Heatran|Air Balloon
|turn|38
|
|move|p1a: Heatran|Lava Plume|p2a: Chansey
|-damage|p2a: Chansey|230\/703 tox
|move|p2a: Chansey|Wish|p2a: Chansey
|
|-weather|Sandstorm|[upkeep]
|-damage|p2a: Chansey|187\/703 tox|[from] sandstorm
|-damage|p2a: Chansey|58\/703 tox|[from] psn
|turn|39
|
|switch|p2a: Dragonite|Dragonite, M, shiny|193\/385
|-damage|p2a: Dragonite|97\/385|[from] Stealth Rock
|move|p1a: Heatran|Hidden Power|p2a: Dragonite
|-supereffective|p2a: Dragonite
|-damage|p2a: Dragonite|0 fnt
|faint|p2a: Dragonite
|
|-weather|Sandstorm|[upkeep]
|-message|Mohammad forfeited.
|leave|Mohammad
|
|win|uphaze
|raw|Ladder updating...
|player|p2
|raw|uphaze's rating: 1256 &rarr; <strong>1275<\/strong><br \/>(+19 for winning)
|raw|Mohammad's rating: 1175 &rarr; <strong>1155<\/strong><br \/>(-20 for losing)