|join|Ajna
|join|DecentDin0
|player|p1|Ajna|218
|player|p2|DecentDin0|124
|gametype|singles
|gen|6
|tier|UU
|rated
|rule|Sleep Clause Mod: Limit one foe put to sleep
|rule|Species Clause: Limit one of each PokÃ©mon
|rule|OHKO Clause: OHKO moves are banned
|rule|Moody Clause: Moody is banned
|rule|Evasion Moves Clause: Evasion moves are banned
|rule|Endless Battle Clause: Forcing endless battles is banned
|rule|HP Percentage Mod: HP is shown in percentages
|clearpoke
|poke|p1|Entei, shiny
|poke|p1|Vaporeon, F
|poke|p1|Whimsicott, F
|poke|p1|Krookodile, M
|poke|p1|Crobat, F
|poke|p1|Alakazam, F
|poke|p2|Sharpedo, M
|poke|p2|Gligar, F, shiny
|poke|p2|Uxie
|poke|p2|Crobat, M
|poke|p2|Starmie
|poke|p2|Linoone, F, shiny
|rule|Swagger Clause: Swagger is banned
|rule|Baton Pass Clause: Limit one PokÃ©mon knowing Baton Pass
|teampreview
|
|start
|switch|p1a: Krookodile|Krookodile, M|331\/331
|switch|p2a: Crobat|Crobat, M|374\/374
|-ability|p1a: Krookodile|Intimidate|[of] p2a: Crobat
|-unboost|p2a: Crobat|atk|1
|turn|1
|
|move|p2a: Crobat|U-turn|p1a: Krookodile
|-supereffective|p1a: Krookodile
|-damage|p1a: Krookodile|247\/331
|
|switch|p2a: Batman|Gligar, F, shiny|334\/334
|move|p1a: Krookodile|Stealth Rock|p2a: Batman
|-sidestart|p2: DecentDin0|move: Stealth Rock
|
|turn|2
|
|move|p1a: Krookodile|Knock Off|p2a: Batman
|-damage|p2a: Batman|240\/334
|-enditem|p2a: Batman|Eviolite|[from] move: Knock Off|[of] p1a: Krookodile
|move|p2a: Batman|Stealth Rock|p1a: Krookodile
|-sidestart|p1: Ajna|move: Stealth Rock
|
|turn|3
|
|move|p1a: Krookodile|Knock Off|p2a: Batman
|-damage|p2a: Batman|150\/334
|move|p2a: Batman|Toxic|p1a: Krookodile
|-status|p1a: Krookodile|tox
|
|-damage|p1a: Krookodile|227\/331 tox|[from] psn
|turn|4
|
|switch|p1a: Vaporeon|Vaporeon, F|451\/451
|-damage|p1a: Vaporeon|395\/451|[from] Stealth Rock
|move|p2a: Batman|Roost|p2a: Batman
|-heal|p2a: Batman|317\/334
|
|-heal|p1a: Vaporeon|423\/451|[from] item: Leftovers
|turn|5
|
|switch|p2a: Uxie|Uxie|354\/354
|-damage|p2a: Uxie|310\/354|[from] Stealth Rock
|move|p1a: Vaporeon|Scald|p2a: Uxie
|-damage|p2a: Uxie|247\/354
|
|-heal|p2a: Uxie|269\/354|[from] item: Leftovers
|-heal|p1a: Vaporeon|451\/451|[from] item: Leftovers
|turn|6
|
|move|p2a: Uxie|Yawn|p1a: Vaporeon
|-start|p1a: Vaporeon|move: Yawn|[of] p2a: Uxie
|move|p1a: Vaporeon|Heal Bell|p1a: Vaporeon
|-cureteam|p1a: Vaporeon|[from] move: HealBell
|
|-heal|p2a: Uxie|291\/354|[from] item: Leftovers
|turn|7
|
|switch|p1a: Krookodile|Krookodile, M|227\/331
|-damage|p1a: Krookodile|207\/331|[from] Stealth Rock
|-ability|p1a: Krookodile|Intimidate|[of] p2a: Uxie
|-unboost|p2a: Uxie|atk|1
|move|p2a: Uxie|Yawn|p1a: Krookodile
|-start|p1a: Krookodile|move: Yawn|[of] p2a: Uxie
|
|-heal|p2a: Uxie|313\/354|[from] item: Leftovers
|turn|8
|
|move|p1a: Krookodile|Pursuit|p2a: Uxie
|-supereffective|p2a: Uxie
|-damage|p2a: Uxie|175\/354
|move|p2a: Uxie|U-turn|p1a: Krookodile
|-crit|p1a: Krookodile
|-supereffective|p1a: Krookodile
|-damage|p1a: Krookodile|45\/331
|
|switch|p2a: Linoone|Linoone, F, shiny|298\/298
|-damage|p2a: Linoone|261\/298|[from] Stealth Rock
|
|-status|p1a: Krookodile|slp
|turn|9
|
|switch|p1a: Whimsicott|Whimsicott, F|261\/261
|-damage|p1a: Whimsicott|229\/261|[from] Stealth Rock
|move|p2a: Linoone|Belly Drum|p2a: Linoone
|-damage|p2a: Linoone|112\/298
|-setboost|p2a: Linoone|atk|6|[from] move: Belly Drum
|-enditem|p2a: Linoone|Sitrus Berry|[eat]
|-heal|p2a: Linoone|186\/298|[from] item: Sitrus Berry
|
|turn|10
|
|move|p2a: Linoone|Extreme Speed|p1a: Whimsicott
|-damage|p1a: Whimsicott|0 fnt
|faint|p1a: Whimsicott
|
|
|switch|p1a: Entei|Entei, shiny|371\/371
|-damage|p1a: Entei|279\/371|[from] Stealth Rock
|-ability|p1a: Entei|Pressure
|turn|11
|
|move|p2a: Linoone|Extreme Speed|p1a: Entei
|-damage|p1a: Entei|0 fnt
|faint|p1a: Entei
|
|
|switch|p1a: Vaporeon|Vaporeon, F|451\/451
|-damage|p1a: Vaporeon|395\/451|[from] Stealth Rock
|turn|12
|
|move|p2a: Linoone|Seed Bomb|p1a: Vaporeon
|-supereffective|p1a: Vaporeon
|-damage|p1a: Vaporeon|0 fnt
|faint|p1a: Vaporeon
|
|-message|Ajna forfeited.
|
|win|DecentDin0
|raw|Ladder updating...
|leave|Ajna
|player|p1
|raw|Ajna's rating: 1503 &rarr; <strong>1475<\/strong><br \/>(-28 for losing)
|raw|DecentDin0's rating: 1347 &rarr; <strong>1375<\/strong><br \/>(+28 for winning)