|join|Ajna
|join|pikachuvolt23
|player|p1|Ajna|218
|player|p2|pikachuvolt23|290
|gametype|singles
|gen|6
|tier|UU
|rated
|rule|Sleep Clause Mod: Limit one foe put to sleep
|rule|Species Clause: Limit one of each PokÃ©mon
|rule|OHKO Clause: OHKO moves are banned
|rule|Moody Clause: Moody is banned
|rule|Evasion Moves Clause: Evasion moves are banned
|rule|Endless Battle Clause: Forcing endless battles is banned
|rule|HP Percentage Mod: HP is shown in percentages
|clearpoke
|poke|p1|Umbreon, F
|poke|p1|Empoleon, F
|poke|p1|Rotom-Heat
|poke|p1|Zygarde
|poke|p1|Mienshao, F
|poke|p1|Crobat, F
|poke|p2|Azelf, shiny
|poke|p2|Beedrill, M, shiny
|poke|p2|Entei, shiny
|poke|p2|Yanmega, M, shiny
|poke|p2|Golbat, F, shiny
|poke|p2|Umbreon, M, shiny
|rule|Swagger Clause: Swagger is banned
|rule|Baton Pass Clause: Limit one PokÃ©mon knowing Baton Pass
|teampreview
|join|DatPokeGuy
|
|start
|switch|p1a: Rotom-Heat|Rotom-Heat|303\/303
|switch|p2a: Azelf|Azelf, shiny|291\/291
|turn|1
|
|move|p2a: Azelf|Stealth Rock|p1a: Rotom-Heat
|-sidestart|p1: Ajna|move: Stealth Rock
|move|p1a: Rotom-Heat|Volt Switch|p2a: Azelf
|-damage|p2a: Azelf|170\/291
|
|switch|p1a: Mienshao|Mienshao, F|271\/271
|-damage|p1a: Mienshao|255\/271|[from] Stealth Rock
|
|turn|2
|
|move|p1a: Mienshao|U-turn|p2a: Azelf
|-supereffective|p2a: Azelf
|-damage|p2a: Azelf|0 fnt
|faint|p2a: Azelf
|
|switch|p1a: Empoleon|Empoleon, F|371\/371
|-damage|p1a: Empoleon|348\/371|[from] Stealth Rock
|
|-heal|p1a: Empoleon|371\/371|[from] item: Leftovers
|
|switch|p2a: Entei|Entei, shiny|371\/371
|-ability|p2a: Entei|Pressure
|turn|3
|
|move|p2a: Entei|Sacred Fire|p1a: Empoleon
|-damage|p1a: Empoleon|97\/371
|move|p1a: Empoleon|Defog|p2a: Entei
|-unboost|p2a: Entei|evasion|1
|-sideend|p1: Ajna|Stealth Rock|[from] move: Defog|[of] p1a: Empoleon
|
|-heal|p1a: Empoleon|120\/371|[from] item: Leftovers
|turn|4
|
|switch|p1a: Rotom-Heat|Rotom-Heat|303\/303
|move|p2a: Entei|Sacred Fire|p1a: Rotom-Heat
|-resisted|p1a: Rotom-Heat
|-damage|p1a: Rotom-Heat|219\/303
|
|-heal|p1a: Rotom-Heat|237\/303|[from] item: Leftovers
|turn|5
|
|switch|p2a: Umbreon|Umbreon, M, shiny|394\/394
|move|p1a: Rotom-Heat|Volt Switch|p2a: Umbreon
|-damage|p2a: Umbreon|339\/394
|
|switch|p1a: Zygarde|Zygarde|401\/401
|-ability|p1a: Zygarde|Aura Break
|
|-heal|p2a: Umbreon|363\/394|[from] item: Leftovers
|turn|6
|
|move|p1a: Zygarde|Substitute|p1a: Zygarde
|-start|p1a: Zygarde|Substitute
|-damage|p1a: Zygarde|301\/401
|move|p2a: Umbreon|Foul Play|p1a: Zygarde
|-activate|p1a: Zygarde|Substitute|[damage]
|
|-heal|p1a: Zygarde|326\/401|[from] item: Leftovers
|-heal|p2a: Umbreon|387\/394|[from] item: Leftovers
|turn|7
|
|move|p1a: Zygarde|Coil|p1a: Zygarde
|-boost|p1a: Zygarde|atk|1
|-boost|p1a: Zygarde|def|1
|-boost|p1a: Zygarde|accuracy|1
|move|p2a: Umbreon|Foul Play|p1a: Zygarde
|-end|p1a: Zygarde|Substitute
|
|-heal|p1a: Zygarde|351\/401|[from] item: Leftovers
|-heal|p2a: Umbreon|394\/394|[from] item: Leftovers
|turn|8
|
|move|p1a: Zygarde|Substitute|p1a: Zygarde
|-start|p1a: Zygarde|Substitute
|-damage|p1a: Zygarde|251\/401
|move|p2a: Umbreon|Foul Play|p1a: Zygarde
|-activate|p1a: Zygarde|Substitute|[damage]
|
|-heal|p1a: Zygarde|276\/401|[from] item: Leftovers
|turn|9
|
|move|p1a: Zygarde|Coil|p1a: Zygarde
|-boost|p1a: Zygarde|atk|1
|-boost|p1a: Zygarde|def|1
|-boost|p1a: Zygarde|accuracy|1
|move|p2a: Umbreon|Foul Play|p1a: Zygarde
|-end|p1a: Zygarde|Substitute
|
|-heal|p1a: Zygarde|301\/401|[from] item: Leftovers
|turn|10
|
|move|p2a: Umbreon|Foul Play|p1a: Zygarde
|-damage|p1a: Zygarde|202\/401
|move|p1a: Zygarde|Dragon Tail|p2a: Umbreon
|-damage|p2a: Umbreon|265\/394
|drag|p2a: Entei|Entei, shiny|371\/371
|-ability|p2a: Entei|Pressure
|
|-heal|p1a: Zygarde|227\/401|[from] item: Leftovers
|turn|11
|
|move|p1a: Zygarde|Earthquake|p2a: Entei
|-supereffective|p2a: Entei
|-damage|p2a: Entei|0 fnt
|faint|p2a: Entei
|
|-heal|p1a: Zygarde|252\/401|[from] item: Leftovers
|
|switch|p2a: Golbat|Golbat, F, shiny|353\/353
|turn|12
|
|move|p1a: Zygarde|Substitute|p1a: Zygarde
|-start|p1a: Zygarde|Substitute
|-damage|p1a: Zygarde|152\/401
|move|p2a: Golbat|Haze|p2a: Golbat
|-clearallboost
|
|-heal|p1a: Zygarde|177\/401|[from] item: Leftovers
|turn|13
|
|move|p1a: Zygarde|Coil|p1a: Zygarde
|-boost|p1a: Zygarde|atk|1
|-boost|p1a: Zygarde|def|1
|-boost|p1a: Zygarde|accuracy|1
|move|p2a: Golbat|Brave Bird|p1a: Zygarde
|-damage|p1a: Zygarde|77\/401
|-damage|p2a: Golbat|320\/353|[from] recoil|[of] p1a: Zygarde
|
|-heal|p1a: Zygarde|102\/401|[from] item: Leftovers
|turn|14
|
|move|p2a: Golbat|Haze|p2a: Golbat
|-clearallboost
|move|p1a: Zygarde|Dragon Tail|p2a: Golbat
|-damage|p2a: Golbat|259\/353
|drag|p2a: Yanmega|Yanmega, M, shiny|313\/313
|
|-heal|p1a: Zygarde|127\/401|[from] item: Leftovers
|turn|15
|
|move|p2a: Yanmega|Bug Buzz|p1a: Zygarde
|-damage|p1a: Zygarde|0 fnt
|-damage|p2a: Yanmega|282\/313|[from] item: Life Orb
|faint|p1a: Zygarde
|
|-boost|p2a: Yanmega|spe|1|[from] ability: Speed Boost
|
|switch|p1a: Rotom-Heat|Rotom-Heat|237\/303
|turn|16
|
|switch|p2a: Umbreon|Umbreon, M, shiny|265\/394
|move|p1a: Rotom-Heat|Volt Switch|p2a: Umbreon
|-damage|p2a: Umbreon|217\/394
|
|switch|p1a: Empoleon|Empoleon, F|120\/371
|
|-heal|p2a: Umbreon|241\/394|[from] item: Leftovers
|-heal|p1a: Empoleon|143\/371|[from] item: Leftovers
|turn|17
|
|move|p2a: Umbreon|Wish|p2a: Umbreon
|move|p1a: Empoleon|Stealth Rock|p2a: Umbreon
|-sidestart|p2: pikachuvolt23|move: Stealth Rock
|
|-heal|p2a: Umbreon|265\/394|[from] item: Leftovers
|-heal|p1a: Empoleon|166\/371|[from] item: Leftovers
|turn|18
|
|move|p2a: Umbreon|Foul Play|p1a: Empoleon
|-damage|p1a: Empoleon|73\/371
|move|p1a: Empoleon|Roar|p2a: Umbreon
|drag|p2a: Beedrill|Beedrill, M, shiny|271\/271
|-damage|p2a: Beedrill|204\/271|[from] Stealth Rock
|
|-heal|p2a: Beedrill|271\/271|[from] move: Wish|[wisher] Umbreon
|-heal|p1a: Empoleon|96\/371|[from] item: Leftovers
|turn|19
|
|detailschange|p2a: Beedrill|Beedrill-Mega, M, shiny
|-mega|p2a: Beedrill|Beedrill|Beedrillite
|move|p2a: Beedrill|U-turn|p1a: Empoleon
|-resisted|p1a: Empoleon
|-damage|p1a: Empoleon|0 fnt
|faint|p1a: Empoleon
|
|switch|p2a: Golbat|Golbat, F, shiny|259\/353
|-damage|p2a: Golbat|171\/353|[from] Stealth Rock
|
|
|switch|p1a: Rotom-Heat|Rotom-Heat|237\/303
|turn|20
|
|move|p2a: Golbat|Defog|p1a: Rotom-Heat
|-unboost|p1a: Rotom-Heat|evasion|1
|-sideend|p2: pikachuvolt23|Stealth Rock|[from] move: Defog|[of] p2a: Golbat
|move|p1a: Rotom-Heat|Volt Switch|p2a: Golbat
|-crit|p2a: Golbat
|-supereffective|p2a: Golbat
|-damage|p2a: Golbat|0 fnt
|faint|p2a: Golbat
|
|switch|p1a: Crobat|Crobat, F|325\/325
|
|
|switch|p2a: Umbreon|Umbreon, M, shiny|265\/394
|turn|21
|
|move|p1a: Crobat|Toxic|p2a: Umbreon
|-status|p2a: Umbreon|tox
|move|p2a: Umbreon|Wish|p2a: Umbreon
|
|-heal|p2a: Umbreon|289\/394 tox|[from] item: Leftovers
|-damage|p2a: Umbreon|265\/394 tox|[from] psn
|turn|22
|
|move|p1a: Crobat|Brave Bird|p2a: Umbreon
|-damage|p2a: Umbreon|84\/394 tox
|-damage|p1a: Crobat|265\/325|[from] recoil|[of] p2a: Umbreon
|move|p2a: Umbreon|Foul Play|p1a: Crobat
|-damage|p1a: Crobat|112\/325
|
|-heal|p2a: Umbreon|281\/394 tox|[from] move: Wish|[wisher] Umbreon
|-heal|p2a: Umbreon|305\/394 tox|[from] item: Leftovers
|-damage|p2a: Umbreon|257\/394 tox|[from] psn
|turn|23
|
|move|p1a: Crobat|Roost|p1a: Crobat
|-heal|p1a: Crobat|275\/325
|move|p2a: Umbreon|Foul Play|p1a: Crobat
|-damage|p1a: Crobat|116\/325
|
|-heal|p2a: Umbreon|281\/394 tox|[from] item: Leftovers
|-damage|p2a: Umbreon|209\/394 tox|[from] psn
|turn|24
|
|move|p1a: Crobat|Roost|p1a: Crobat
|-heal|p1a: Crobat|279\/325
|move|p2a: Umbreon|Wish|p2a: Umbreon
|
|-heal|p2a: Umbreon|233\/394 tox|[from] item: Leftovers
|-damage|p2a: Umbreon|137\/394 tox|[from] psn
|turn|25
|
|move|p2a: Umbreon|Protect|p2a: Umbreon
|-singleturn|p2a: Umbreon|Protect
|move|p1a: Crobat|Brave Bird|p2a: Umbreon
|-activate|p2a: Umbreon|Protect
|
|-heal|p2a: Umbreon|334\/394 tox|[from] move: Wish|[wisher] Umbreon
|-heal|p2a: Umbreon|358\/394 tox|[from] item: Leftovers
|-damage|p2a: Umbreon|238\/394 tox|[from] psn
|turn|26
|
|move|p1a: Crobat|Brave Bird|p2a: Umbreon
|-damage|p2a: Umbreon|45\/394 tox
|-damage|p1a: Crobat|215\/325|[from] recoil|[of] p2a: Umbreon
|move|p2a: Umbreon|Foul Play|p1a: Crobat
|-damage|p1a: Crobat|68\/325
|
|-heal|p2a: Umbreon|69\/394 tox|[from] item: Leftovers
|-damage|p2a: Umbreon|0 fnt|[from] psn
|faint|p2a: Umbreon
|
|switch|p2a: Beedrill|Beedrill-Mega, M, shiny|271\/271
|turn|27
|
|move|p2a: Beedrill|Knock Off|p1a: Crobat
|-damage|p1a: Crobat|0 fnt
|-enditem|p1a: Crobat|Sky Plate|[from] move: Knock Off|[of] p2a: Beedrill
|faint|p1a: Crobat
|
|
|switch|p1a: Rotom-Heat|Rotom-Heat|237\/303
|turn|28
|
|move|p2a: Beedrill|Poison Jab|p1a: Rotom-Heat
|-damage|p1a: Rotom-Heat|95\/303
|move|p1a: Rotom-Heat|Overheat|p2a: Beedrill
|-supereffective|p2a: Beedrill
|-damage|p2a: Beedrill|0 fnt
|-unboost|p1a: Rotom-Heat|spa|2
|faint|p2a: Beedrill
|
|-heal|p1a: Rotom-Heat|113\/303|[from] item: Leftovers
|
|switch|p2a: Yanmega|Yanmega, M, shiny|282\/313
|turn|29
|
|switch|p1a: Mienshao|Mienshao, F|255\/271
|move|p2a: Yanmega|Ancient Power|p1a: Mienshao
|-resisted|p1a: Mienshao
|-damage|p1a: Mienshao|185\/271
|-damage|p2a: Yanmega|251\/313|[from] item: Life Orb
|
|-boost|p2a: Yanmega|spe|1|[from] ability: Speed Boost
|turn|30
|
|move|p2a: Yanmega|Protect|p2a: Yanmega
|-singleturn|p2a: Yanmega|Protect
|move|p1a: Mienshao|Knock Off|p2a: Yanmega
|-activate|p2a: Yanmega|Protect
|
|-boost|p2a: Yanmega|spe|1|[from] ability: Speed Boost
|turn|31
|
|switch|p1a: Umbreon|Umbreon, F|393\/393
|move|p2a: Yanmega|Air Slash|p1a: Umbreon
|-damage|p1a: Umbreon|294\/393
|-damage|p2a: Yanmega|220\/313|[from] item: Life Orb
|
|-heal|p1a: Umbreon|318\/393|[from] item: Leftovers
|-boost|p2a: Yanmega|spe|1|[from] ability: Speed Boost
|turn|32
|
|move|p1a: Umbreon|Protect|p1a: Umbreon
|-singleturn|p1a: Umbreon|Protect
|move|p2a: Yanmega|Bug Buzz|p1a: Umbreon
|-activate|p1a: Umbreon|Protect
|
|-heal|p1a: Umbreon|342\/393|[from] item: Leftovers
|-boost|p2a: Yanmega|spe|1|[from] ability: Speed Boost
|turn|33
|
|move|p2a: Yanmega|Bug Buzz|p1a: Umbreon
|-supereffective|p1a: Umbreon
|-damage|p1a: Umbreon|74\/393
|-damage|p2a: Yanmega|189\/313|[from] item: Life Orb
|move|p1a: Umbreon|Wish|p1a: Umbreon
|
|-heal|p1a: Umbreon|98\/393|[from] item: Leftovers
|-boost|p2a: Yanmega|spe|1|[from] ability: Speed Boost
|turn|34
|leave|DatPokeGuy
|
|move|p2a: Yanmega|Protect|p2a: Yanmega
|-singleturn|p2a: Yanmega|Protect
|move|p1a: Umbreon|Protect|p1a: Umbreon
|-fail|p1a: Umbreon
|
|-heal|p1a: Umbreon|294\/393|[from] move: Wish|[wisher] Umbreon
|-heal|p1a: Umbreon|318\/393|[from] item: Leftovers
|-boost|p2a: Yanmega|spe|1|[from] ability: Speed Boost
|turn|35
|
|move|p2a: Yanmega|Bug Buzz|p1a: Umbreon
|-supereffective|p1a: Umbreon
|-damage|p1a: Umbreon|42\/393
|-unboost|p1a: Umbreon|spd|1
|-damage|p2a: Yanmega|158\/313|[from] item: Life Orb
|move|p1a: Umbreon|Wish|p1a: Umbreon
|
|-heal|p1a: Umbreon|66\/393|[from] item: Leftovers
|turn|36
|
|switch|p1a: Rotom-Heat|Rotom-Heat|113\/303
|move|p2a: Yanmega|Air Slash|p1a: Rotom-Heat
|-resisted|p1a: Rotom-Heat
|-damage|p1a: Rotom-Heat|34\/303
|-damage|p2a: Yanmega|127\/313|[from] item: Life Orb
|
|-heal|p1a: Rotom-Heat|230\/303|[from] move: Wish|[wisher] Umbreon
|-heal|p1a: Rotom-Heat|248\/303|[from] item: Leftovers
|turn|37
|
|switch|p1a: Mienshao|Mienshao, F|185\/271
|move|p2a: Yanmega|Ancient Power|p1a: Mienshao
|-resisted|p1a: Mienshao
|-damage|p1a: Mienshao|116\/271
|-boost|p2a: Yanmega|atk|1
|-boost|p2a: Yanmega|def|1
|-boost|p2a: Yanmega|spa|1
|-boost|p2a: Yanmega|spd|1
|-damage|p2a: Yanmega|96\/313|[from] item: Life Orb
|
|turn|38
|
|move|p2a: Yanmega|Air Slash|p1a: Mienshao
|-supereffective|p1a: Mienshao
|-damage|p1a: Mienshao|0 fnt
|-damage|p2a: Yanmega|65\/313|[from] item: Life Orb
|faint|p1a: Mienshao
|
|
|switch|p1a: Rotom-Heat|Rotom-Heat|248\/303
|turn|39
|
|move|p2a: Yanmega|Ancient Power|p1a: Rotom-Heat
|-supereffective|p1a: Rotom-Heat
|-damage|p1a: Rotom-Heat|0 fnt
|-damage|p2a: Yanmega|34\/313|[from] item: Life Orb
|faint|p1a: Rotom-Heat
|
|c|âAjna|you won off the boost
|c|âAjna|lmao
|c|âAjna|im done
|
|switch|p1a: Umbreon|Umbreon, F|66\/393
|turn|40
|c|âpikachuvolt23|lol
|
|move|p2a: Yanmega|Bug Buzz|p1a: Umbreon
|-supereffective|p1a: Umbreon
|-damage|p1a: Umbreon|0 fnt
|-damage|p2a: Yanmega|3\/313|[from] item: Life Orb
|faint|p1a: Umbreon
|
|win|pikachuvolt23
|raw|Ladder updating...
|raw|Ajna's rating: 1321 &rarr; <strong>1299<\/strong><br \/>(-22 for losing)
|raw|pikachuvolt23's rating: 1281 &rarr; <strong>1309<\/strong><br \/>(+28 for winning)
|leave|Ajna
|player|p1