|join|Ajna
|join|gorex
|player|p1|Ajna|218
|player|p2|gorex|33
|gametype|singles
|gen|6
|tier|UU
|rule|Sleep Clause Mod: Limit one foe put to sleep
|rule|Species Clause: Limit one of each PokÃ©mon
|rule|OHKO Clause: OHKO moves are banned
|rule|Moody Clause: Moody is banned
|rule|Evasion Moves Clause: Evasion moves are banned
|rule|Endless Battle Clause: Forcing endless battles is banned
|rule|HP Percentage Mod: HP is shown in percentages
|clearpoke
|poke|p1|Beedrill, M
|poke|p1|Raikou
|poke|p1|Starmie
|poke|p1|Nidoqueen, F
|poke|p1|Chesnaught, F
|poke|p1|Florges, F
|poke|p2|Beedrill, F
|poke|p2|Tangrowth, M
|poke|p2|Mienshao, F
|poke|p2|Granbull, F
|poke|p2|Hydreigon, M
|poke|p2|Empoleon, F
|rule|Swagger Clause: Swagger is banned
|rule|Baton Pass Clause: Limit one PokÃ©mon knowing Baton Pass
|teampreview
|
|start
|switch|p1a: Nidoqueen|Nidoqueen, F|351\/351
|switch|p2a: Beedrill|Beedrill, F|272\/272
|turn|1
|
|detailschange|p2a: Beedrill|Beedrill-Mega, F
|message|Beedrill has Mega Evolved into Mega Beedrill!
|move|p2a: Beedrill|U-turn|p1a: Nidoqueen
|-resisted|p1a: Nidoqueen
|-damage|p1a: Nidoqueen|254\/351
|
|switch|p2a: Hydreigon|Hydreigon, M|325\/325
|move|p1a: Nidoqueen|Ice Beam|p2a: Hydreigon
|-supereffective|p2a: Hydreigon
|-damage|p2a: Hydreigon|16\/325
|
|turn|2
|
|move|p2a: Hydreigon|Draco Meteor|p1a: Nidoqueen
|-damage|p1a: Nidoqueen|0 fnt
|-unboost|p2a: Hydreigon|spa|2
|-damage|p2a: Hydreigon|0 fnt|[from] item: Life Orb
|faint|p1a: Nidoqueen
|faint|p2a: Hydreigon
|
|
|switch|p2a: Beedrill|Beedrill-Mega, F|272\/272
|switch|p1a: Beedrill|Beedrill, M|271\/271
|turn|3
|
|detailschange|p1a: Beedrill|Beedrill-Mega, M
|message|Beedrill has Mega Evolved into Mega Beedrill!
|move|p1a: Beedrill|Protect|p1a: Beedrill
|-singleturn|p1a: Beedrill|Protect
|move|p2a: Beedrill|U-turn|p1a: Beedrill
|-activate|p1a: Beedrill|Protect
|
|turn|4
|
|move|p1a: Beedrill|U-turn|p2a: Beedrill
|-resisted|p2a: Beedrill
|-damage|p2a: Beedrill|77\/272
|
|switch|p1a: Florges|Florges, F|359\/359
|move|p2a: Beedrill|U-turn|p1a: Florges
|-resisted|p1a: Florges
|-damage|p1a: Florges|279\/359
|
|switch|p2a: Tangrowth|Tangrowth, M|371\/371
|
|-heal|p1a: Florges|301\/359|[from] item: Leftovers
|turn|5
|
|move|p1a: Florges|Synthesis|p1a: Florges
|-heal|p1a: Florges|359\/359
|move|p2a: Tangrowth|Leaf Storm|p1a: Florges
|-damage|p1a: Florges|168\/359
|-unboost|p2a: Tangrowth|spa|2
|-damage|p2a: Tangrowth|334\/371|[from] item: Life Orb
|
|-heal|p1a: Florges|190\/359|[from] item: Leftovers
|turn|6
|
|switch|p1a: Raikou|Raikou|321\/321
|-ability|p1a: Raikou|Pressure
|move|p2a: Tangrowth|Sleep Powder|p1a: Raikou
|-status|p1a: Raikou|slp
|
|turn|7
|
|switch|p2a: Mienshao|Mienshao, F|271\/271
|cant|p1a: Raikou|slp
|
|turn|8
|
|move|p2a: Mienshao|U-turn|p1a: Raikou
|-damage|p1a: Raikou|211\/321 slp
|
|switch|p2a: Beedrill|Beedrill-Mega, F|77\/272
|cant|p1a: Raikou|slp
|
|turn|9
|
|switch|p1a: Starmie|Starmie|292\/292
|move|p2a: Beedrill|Poison Jab|p1a: Starmie
|-damage|p1a: Starmie|114\/292
|
|-heal|p1a: Starmie|132\/292|[from] item: Leftovers
|turn|10
|
|move|p2a: Beedrill|Poison Jab|p1a: Starmie
|-damage|p1a: Starmie|0 fnt
|faint|p1a: Starmie
|
|
|switch|p1a: Beedrill|Beedrill-Mega, M|271\/271
|turn|11
|
|switch|p2a: Empoleon|Empoleon, F|372\/372
|move|p1a: Beedrill|Knock Off|p2a: Empoleon
|-damage|p2a: Empoleon|235\/372
|-enditem|p2a: Empoleon|Leftovers|[from] move: Knock Off|[of] p1a: Beedrill
|
|turn|12
|
|move|p1a: Beedrill|U-turn|p2a: Empoleon
|-resisted|p2a: Empoleon
|-damage|p2a: Empoleon|132\/372
|
|switch|p1a: Raikou|Raikou|211\/321 slp
|-ability|p1a: Raikou|Pressure
|move|p2a: Empoleon|Stealth Rock|p1a: Raikou
|-sidestart|p1: Ajna|move: Stealth Rock
|
|turn|13
|
|-curestatus|p1a: Raikou|slp
|move|p1a: Raikou|Thunderbolt|p2a: Empoleon
|-supereffective|p2a: Empoleon
|-damage|p2a: Empoleon|0 fnt
|faint|p2a: Empoleon
|
|
|switch|p2a: Beedrill|Beedrill-Mega, F|77\/272
|turn|14
|
|switch|p1a: Chesnaught|Chesnaught, F|379\/379
|-damage|p1a: Chesnaught|356\/379|[from] Stealth Rock
|move|p2a: Beedrill|Poison Jab|p1a: Chesnaught
|-supereffective|p1a: Chesnaught
|-damage|p1a: Chesnaught|100\/379
|
|-heal|p1a: Chesnaught|123\/379|[from] item: Leftovers
|turn|15
|
|move|p2a: Beedrill|Poison Jab|p1a: Chesnaught
|-supereffective|p1a: Chesnaught
|-damage|p1a: Chesnaught|0 fnt
|faint|p1a: Chesnaught
|
|
|switch|p1a: Beedrill|Beedrill-Mega, M|271\/271
|-damage|p1a: Beedrill|204\/271|[from] Stealth Rock
|turn|16
|
|move|p2a: Beedrill|Protect|p2a: Beedrill
|-singleturn|p2a: Beedrill|Protect
|move|p1a: Beedrill|Poison Jab|p2a: Beedrill
|-activate|p2a: Beedrill|Protect
|
|turn|17
|
|switch|p2a: Granbull|Granbull, F|383\/383
|-ability|p2a: Granbull|Intimidate|[of] p1a: Beedrill
|-unboost|p1a: Beedrill|atk|1
|move|p1a: Beedrill|Poison Jab|p2a: Granbull
|-supereffective|p2a: Granbull
|-damage|p2a: Granbull|143\/383
|-status|p2a: Granbull|psn
|
|-heal|p2a: Granbull|166\/383 psn|[from] item: Leftovers
|-damage|p2a: Granbull|119\/383 psn|[from] psn
|turn|18
|
|move|p1a: Beedrill|Poison Jab|p2a: Granbull
|-supereffective|p2a: Granbull
|-damage|p2a: Granbull|0 fnt
|faint|p2a: Granbull
|
|
|switch|p2a: Mienshao|Mienshao, F|271\/271
|turn|19
|
|move|p1a: Beedrill|Protect|p1a: Beedrill
|-singleturn|p1a: Beedrill|Protect
|move|p2a: Mienshao|Knock Off|p1a: Beedrill
|-activate|p1a: Beedrill|Protect
|
|turn|20
|
|switch|p1a: Florges|Florges, F|190\/359
|-damage|p1a: Florges|146\/359|[from] Stealth Rock
|move|p2a: Mienshao|Knock Off|p1a: Florges
|-resisted|p1a: Florges
|-damage|p1a: Florges|90\/359
|-enditem|p1a: Florges|Leftovers|[from] move: Knock Off|[of] p2a: Mienshao
|
|turn|21
|
|switch|p2a: Beedrill|Beedrill-Mega, F|77\/272
|move|p1a: Florges|Moonblast|p2a: Beedrill
|-resisted|p2a: Beedrill
|-damage|p2a: Beedrill|0 fnt
|faint|p2a: Beedrill
|
|
|switch|p2a: Tangrowth|Tangrowth, M|371\/371
|turn|22
|
|move|p1a: Florges|Synthesis|p1a: Florges
|-heal|p1a: Florges|269\/359
|move|p2a: Tangrowth|Sleep Powder|p1a: Florges
|-status|p1a: Florges|slp
|
|turn|23
|
|cant|p1a: Florges|slp
|move|p2a: Tangrowth|Leaf Storm|p1a: Florges
|-damage|p1a: Florges|57\/359 slp
|-unboost|p2a: Tangrowth|spa|2
|-damage|p2a: Tangrowth|334\/371|[from] item: Life Orb
|
|turn|24
|
|-curestatus|p1a: Florges|slp
|move|p1a: Florges|Synthesis|p1a: Florges
|-heal|p1a: Florges|236\/359
|move|p2a: Tangrowth|Leaf Storm|p1a: Florges
|-damage|p1a: Florges|137\/359
|-unboost|p2a: Tangrowth|spa|2
|-damage|p2a: Tangrowth|297\/371|[from] item: Life Orb
|
|turn|25
|
|move|p1a: Florges|Synthesis|p1a: Florges
|-heal|p1a: Florges|316\/359
|move|p2a: Tangrowth|Sleep Powder|p1a: Florges
|-status|p1a: Florges|slp
|
|turn|26
|
|switch|p2a: Mienshao|Mienshao, F|271\/271
|cant|p1a: Florges|slp
|
|turn|27
|
|switch|p2a: Tangrowth|Tangrowth, M|371\/371
|cant|p1a: Florges|slp
|
|turn|28
|
|cant|p1a: Florges|slp
|move|p2a: Tangrowth|Leaf Storm|p1a: Florges
|-damage|p1a: Florges|129\/359 slp
|-unboost|p2a: Tangrowth|spa|2
|-damage|p2a: Tangrowth|334\/371|[from] item: Life Orb
|
|turn|29
|
|-curestatus|p1a: Florges|slp
|move|p1a: Florges|Synthesis|p1a: Florges
|-heal|p1a: Florges|308\/359
|move|p2a: Tangrowth|Leaf Storm|p1a: Florges
|-damage|p1a: Florges|213\/359
|-unboost|p2a: Tangrowth|spa|2
|-damage|p2a: Tangrowth|297\/371|[from] item: Life Orb
|
|turn|30
|
|move|p1a: Florges|Calm Mind|p1a: Florges
|-boost|p1a: Florges|spa|1
|-boost|p1a: Florges|spd|1
|move|p2a: Tangrowth|Sleep Powder|p1a: Florges
|-status|p1a: Florges|slp
|
|turn|31
|
|switch|p2a: Mienshao|Mienshao, F|271\/271
|cant|p1a: Florges|slp
|
|turn|32
|
|move|p2a: Mienshao|High Jump Kick|p1a: Florges
|-resisted|p1a: Florges
|-damage|p1a: Florges|94\/359 slp
|cant|p1a: Florges|slp
|
|turn|33
|
|move|p2a: Mienshao|High Jump Kick|p1a: Florges
|-resisted|p1a: Florges
|-damage|p1a: Florges|0 fnt
|faint|p1a: Florges
|
|
|switch|p1a: Beedrill|Beedrill-Mega, M|204\/271
|-damage|p1a: Beedrill|137\/271|[from] Stealth Rock
|turn|34
|
|switch|p2a: Tangrowth|Tangrowth, M|371\/371
|move|p1a: Beedrill|Poison Jab|p2a: Tangrowth
|-supereffective|p2a: Tangrowth
|-damage|p2a: Tangrowth|51\/371
|-status|p2a: Tangrowth|psn
|
|-damage|p2a: Tangrowth|5\/371 psn|[from] psn
|turn|35
|
|move|p1a: Beedrill|Poison Jab|p2a: Tangrowth
|-supereffective|p2a: Tangrowth
|-damage|p2a: Tangrowth|0 fnt
|faint|p2a: Tangrowth
|
|
|switch|p2a: Mienshao|Mienshao, F|271\/271
|turn|36
|
|move|p1a: Beedrill|Protect|p1a: Beedrill
|-singleturn|p1a: Beedrill|Protect
|move|p2a: Mienshao|Knock Off|p1a: Beedrill
|-activate|p1a: Beedrill|Protect
|
|turn|37
|
|move|p2a: Mienshao|Knock Off|p1a: Beedrill
|-damage|p1a: Beedrill|0 fnt
|faint|p1a: Beedrill
|
|
|switch|p1a: Raikou|Raikou|211\/321
|-damage|p1a: Raikou|171\/321|[from] Stealth Rock
|-ability|p1a: Raikou|Pressure
|turn|38
|
|move|p2a: Mienshao|Knock Off|p1a: Raikou
|-damage|p1a: Raikou|40\/321
|-enditem|p1a: Raikou|Assault Vest|[from] move: Knock Off|[of] p2a: Mienshao
|move|p1a: Raikou|Thunderbolt|p2a: Mienshao
|-damage|p2a: Mienshao|67\/271
|
|turn|39
|
|move|p2a: Mienshao|Knock Off|p1a: Raikou
|-damage|p1a: Raikou|0 fnt
|faint|p1a: Raikou
|
|win|gorex
|leave|Ajna
|player|p1