|join|pokemonisfun
|join|Ajna
|join|i wish i had hoes
|player|p1|pokemonisfun|102
|player|p2|Ajna|218
|gametype|singles
|gen|6
|tier|UU
|rule|Sleep Clause Mod: Limit one foe put to sleep
|rule|Species Clause: Limit one of each PokÃ©mon
|rule|OHKO Clause: OHKO moves are banned
|rule|Moody Clause: Moody is banned
|rule|Evasion Moves Clause: Evasion moves are banned
|rule|Endless Battle Clause: Forcing endless battles is banned
|rule|HP Percentage Mod: HP is shown in percentages
|clearpoke
|poke|p1|Blissey, F
|poke|p1|Swampert, M
|poke|p1|Granbull, F
|poke|p1|Alomomola, F
|poke|p1|Crobat, M
|poke|p1|Celebi
|poke|p2|Kyurem
|poke|p2|Swampert, F
|poke|p2|Crobat, F
|poke|p2|Florges, F
|poke|p2|Absol, F
|poke|p2|Roserade, M
|rule|Swagger Clause: Swagger is banned
|rule|Baton Pass Clause: Limit one PokÃ©mon knowing Baton Pass
|teampreview
|join|DMT
|join|xShiba
|leave|xShiba
|join|hairy toenail
|join|Jetpack
|
|start
|switch|p1a: bubblsy bubbles|Swampert, M|404\/404
|switch|p2a: Crobat|Crobat, F|325\/325
|turn|1
|c|âpokemonisfun|is this where i get np swept
|c|âAjna|y
|
|detailschange|p1a: bubblsy bubbles|Swampert-Mega, M
|-mega|p1a: bubblsy bubbles|Swampert|Swampertite
|move|p2a: Crobat|U-turn|p1a: bubblsy bubbles
|-damage|p1a: bubblsy bubbles|344\/404
|
|switch|p2a: Roserade|Roserade, M|261\/261
|move|p1a: bubblsy bubbles|Scald|p2a: Roserade
|-resisted|p2a: Roserade
|-damage|p2a: Roserade|219\/261
|
|turn|2
|
|switch|p1a: batsy watzy|Crobat, M|373\/373
|move|p2a: Roserade|Spikes|p1a: batsy watzy
|-sidestart|p1: pokemonisfun|Spikes
|
|turn|3
|
|switch|p2a: Swampert|Swampert, F|403\/403
|move|p1a: batsy watzy|Defog|p2a: Swampert
|-unboost|p2a: Swampert|evasion|1
|-sideend|p1: pokemonisfun|Spikes|[from] move: Defog|[of] p1a: batsy watzy
|
|turn|4
|join|tcw
|c|âpokemonisfun|ugh cb bat would have won already
|
|switch|p1a: onion fairy god|Celebi|396\/396
|move|p2a: Swampert|Stealth Rock|p1a: onion fairy god
|-sidestart|p1: pokemonisfun|move: Stealth Rock
|
|turn|5
|leave|tcw
|leave|DMT
|
|switch|p2a: Kyurem|Kyurem|391\/391
|-ability|p2a: Kyurem|Pressure
|move|p1a: onion fairy god|Stealth Rock|p2a: Kyurem
|-sidestart|p2: Ajna|move: Stealth Rock
|
|turn|6
|join|Meowiekins
|
|switch|p2a: Absol|Absol, F|271\/271
|-damage|p2a: Absol|238\/271|[from] Stealth Rock
|-ability|p2a: Absol|Pressure
|switch|p1a: Mega Chansey|Blissey, F|652\/652
|-damage|p1a: Mega Chansey|571\/652|[from] Stealth Rock
|
|-heal|p1a: Mega Chansey|611\/652|[from] item: Leftovers
|turn|7
|
|switch|p1a: woofy woof woof|Granbull, F|384\/384
|-damage|p1a: woofy woof woof|336\/384|[from] Stealth Rock
|-ability|p1a: woofy woof woof|Intimidate|[of] p2a: Absol
|-unboost|p2a: Absol|atk|1
|detailschange|p2a: Absol|Absol-Mega, F
|-mega|p2a: Absol|Absol|Absolite
|move|p2a: Absol|Knock Off|p1a: woofy woof woof
|-resisted|p1a: woofy woof woof
|-damage|p1a: woofy woof woof|285\/384
|-enditem|p1a: woofy woof woof|Leftovers|[from] move: Knock Off|[of] p2a: Absol
|
|turn|8
|
|switch|p2a: Florges|Florges, F|359\/359
|-damage|p2a: Florges|315\/359|[from] Stealth Rock
|move|p1a: woofy woof woof|Play Rough|p2a: Florges
|-damage|p2a: Florges|180\/359
|
|-heal|p2a: Florges|202\/359|[from] item: Leftovers
|turn|9
|
|move|p2a: Florges|Wish|p2a: Florges
|move|p1a: woofy woof woof|Play Rough|p2a: Florges
|-damage|p2a: Florges|76\/359
|
|-heal|p2a: Florges|98\/359|[from] item: Leftovers
|turn|10
|join|Dad's Dad
|
|move|p2a: Florges|Protect|p2a: Florges
|-singleturn|p2a: Florges|Protect
|move|p1a: woofy woof woof|Roar|p2a: Florges
|drag|p2a: Swampert|Swampert, F|403\/403
|-damage|p2a: Swampert|378\/403|[from] Stealth Rock
|
|-heal|p2a: Swampert|403\/403|[from] move: Wish|[wisher] Florges
|turn|11
|
|switch|p1a: onion fairy god|Celebi|396\/396
|-damage|p1a: onion fairy god|347\/396|[from] Stealth Rock
|move|p2a: Swampert|Scald|p1a: onion fairy god
|-resisted|p1a: onion fairy god
|-damage|p1a: onion fairy god|305\/396
|
|-heal|p1a: onion fairy god|329\/396|[from] item: Leftovers
|turn|12
|
|switch|p2a: Kyurem|Kyurem|391\/391
|-damage|p2a: Kyurem|294\/391|[from] Stealth Rock
|-ability|p2a: Kyurem|Pressure
|move|p1a: onion fairy god|Giga Drain|p2a: Kyurem
|-resisted|p2a: Kyurem
|-damage|p2a: Kyurem|244\/391
|-heal|p1a: onion fairy god|354\/396|[from] drain|[of] p2a: Kyurem
|
|-heal|p1a: onion fairy god|378\/396|[from] item: Leftovers
|turn|13
|leave|Dad's Dad
|
|switch|p1a: Mega Chansey|Blissey, F|611\/652
|-damage|p1a: Mega Chansey|530\/652|[from] Stealth Rock
|move|p2a: Kyurem|Ice Beam|p1a: Mega Chansey
|-damage|p1a: Mega Chansey|389\/652
|-status|p1a: Mega Chansey|frz
|
|-heal|p1a: Mega Chansey|429\/652 frz|[from] item: Leftovers
|turn|14
|c|âAjna|ez
|
|switch|p1a: swimmy swim|Alomomola, F|471\/471
|-damage|p1a: swimmy swim|413\/471|[from] Stealth Rock
|move|p2a: Kyurem|Ice Beam|p1a: swimmy swim
|-resisted|p1a: swimmy swim
|-damage|p1a: swimmy swim|259\/471
|
|-heal|p1a: swimmy swim|288\/471|[from] item: Leftovers
|turn|15
|c|âpokemonisfun|lol
|c|âpokemonisfun|nice
|c|âpokemonisfun|spdef
|c|âAjna|ty
|c|âpokemonisfun|resist
|join|Zamrock
|
|switch|p2a: Roserade|Roserade, M|219\/261
|-damage|p2a: Roserade|187\/261|[from] Stealth Rock
|move|p1a: swimmy swim|Wish|p1a: swimmy swim
|
|-heal|p1a: swimmy swim|317\/471|[from] item: Leftovers
|turn|16
|leave|Zamrock
|
|switch|p2a: Swampert|Swampert, F|403\/403
|-damage|p2a: Swampert|378\/403|[from] Stealth Rock
|switch|p1a: Mega Chansey|Blissey, F|429\/652
|-damage|p1a: Mega Chansey|348\/652|[from] Stealth Rock
|
|-heal|p1a: Mega Chansey|583\/652|[from] move: Wish|[wisher] swimmy swim
|-heal|p1a: Mega Chansey|623\/652|[from] item: Leftovers
|-heal|p2a: Swampert|403\/403|[from] item: Leftovers
|turn|17
|
|move|p1a: Mega Chansey|Toxic|p2a: Swampert
|-status|p2a: Swampert|tox
|move|p2a: Swampert|Earthquake|p1a: Mega Chansey
|-damage|p1a: Mega Chansey|359\/652
|
|-heal|p1a: Mega Chansey|399\/652|[from] item: Leftovers
|-damage|p2a: Swampert|378\/403 tox|[from] psn
|turn|18
|
|switch|p2a: Absol|Absol-Mega, F|238\/271
|-damage|p2a: Absol|205\/271|[from] Stealth Rock
|move|p1a: Mega Chansey|Soft-Boiled|p1a: Mega Chansey
|-heal|p1a: Mega Chansey|652\/652
|
|turn|19
|join|Kingt9722
|
|switch|p1a: woofy woof woof|Granbull, F|285\/384
|-damage|p1a: woofy woof woof|237\/384|[from] Stealth Rock
|-ability|p1a: woofy woof woof|Intimidate|[of] p2a: Absol
|-unboost|p2a: Absol|atk|1
|move|p2a: Absol|Knock Off|p1a: woofy woof woof
|-resisted|p1a: woofy woof woof
|-damage|p1a: woofy woof woof|199\/384
|
|turn|20
|join|Shit User
|leave|Shit User
|raw|<div class="broadcast-red"><b>Moderated chat was set to +!<\/b><br \/>Only users of rank + and higher can talk.<\/div>
|c|âpokemonisfun|no
|c|âAjna|lol
|c|âpokemonisfun|come back shit user
|join|Dad's Dad
|leave|Dad's Dad
|
|switch|p2a: Crobat|Crobat, F|325\/325
|-damage|p2a: Crobat|244\/325|[from] Stealth Rock
|move|p1a: woofy woof woof|Play Rough|p2a: Crobat
|-resisted|p2a: Crobat
|-damage|p2a: Crobat|166\/325
|
|turn|21
|
|switch|p1a: swimmy swim|Alomomola, F|471\/471
|-damage|p1a: swimmy swim|413\/471|[from] Stealth Rock
|move|p2a: Crobat|Roost|p2a: Crobat
|-heal|p2a: Crobat|325\/325
|
|-heal|p1a: swimmy swim|442\/471|[from] item: Leftovers
|turn|22
|
|move|p2a: Crobat|U-turn|p1a: swimmy swim
|-damage|p1a: swimmy swim|387\/471
|join|dodmen
|
|switch|p2a: Florges|Florges, F|98\/359
|-damage|p2a: Florges|54\/359|[from] Stealth Rock
|move|p1a: swimmy swim|Scald|p2a: Florges
|-damage|p2a: Florges|23\/359
|
|-heal|p2a: Florges|45\/359|[from] item: Leftovers
|-heal|p1a: swimmy swim|416\/471|[from] item: Leftovers
|turn|23
|c|âpokemonisfun|User 'dodmen' is already a Voice
|c|âpokemonisfun|nice
|c|+dodmen|xD
|join|Feliburn
|
|switch|p1a: bubblsy bubbles|Swampert-Mega, M|344\/404
|-damage|p1a: bubblsy bubbles|319\/404|[from] Stealth Rock
|move|p2a: Florges|Wish|p2a: Florges
|
|-heal|p2a: Florges|67\/359|[from] item: Leftovers
|turn|24
|c|+Feliburn|lol pif vs sowwy
|c|+dodmen|where is the sdef resttalk escavalier
|c|+dodmen|or the np lucario
|c|+dodmen|or the sub cm eball jirachi
|c|âpokemonisfun|shut up
|
|move|p2a: Florges|Moonblast|p1a: bubblsy bubbles
|-damage|p1a: bubblsy bubbles|240\/404
|move|p1a: bubblsy bubbles|Scald|p2a: Florges
|-damage|p2a: Florges|7\/359
|
|-heal|p2a: Florges|186\/359|[from] move: Wish|[wisher] Florges
|-heal|p2a: Florges|208\/359|[from] item: Leftovers
|turn|25
|c|âpokemonisfun|stop cting me
|c|+dodmen|!
|c|âpokemonisfun|wow no burns
|c|âpokemonisfun|hax
|
|move|p2a: Florges|Wish|p2a: Florges
|move|p1a: bubblsy bubbles|Earthquake|p2a: Florges
|-damage|p2a: Florges|33\/359
|
|-heal|p2a: Florges|55\/359|[from] item: Leftovers
|turn|26
|
|move|p2a: Florges|Protect|p2a: Florges
|-singleturn|p2a: Florges|Protect
|move|p1a: bubblsy bubbles|Earthquake|p2a: Florges
|-activate|p2a: Florges|Protect
|
|-heal|p2a: Florges|234\/359|[from] move: Wish|[wisher] Florges
|-heal|p2a: Florges|256\/359|[from] item: Leftovers
|turn|27
|
|move|p2a: Florges|Wish|p2a: Florges
|move|p1a: bubblsy bubbles|Scald|p2a: Florges
|-damage|p2a: Florges|202\/359
|-status|p2a: Florges|brn
|
|-heal|p2a: Florges|224\/359 brn|[from] item: Leftovers
|-damage|p2a: Florges|180\/359 brn|[from] brn
|turn|28
|
|switch|p2a: Crobat|Crobat, F|325\/325
|-damage|p2a: Crobat|244\/325|[from] Stealth Rock
|move|p1a: bubblsy bubbles|Earthquake|p2a: Crobat
|-immune|p2a: Crobat|[msg]
|
|-heal|p2a: Crobat|325\/325|[from] move: Wish|[wisher] Florges
|turn|29
|c|âpokemonisfun|why do you insist on making your florges in pain
|
|switch|p1a: swimmy swim|Alomomola, F|471\/471
|-damage|p1a: swimmy swim|413\/471|[from] Stealth Rock
|move|p2a: Crobat|Brave Bird|p1a: swimmy swim
|-damage|p1a: swimmy swim|256\/471
|-damage|p2a: Crobat|273\/325|[from] recoil|[of] p1a: swimmy swim
|
|-heal|p1a: swimmy swim|285\/471|[from] item: Leftovers
|turn|30
|c|âAjna|shes a bitch
|c|âAjna|she deserves it
|join|Tidal Waltz
|
|move|p2a: Crobat|U-turn|p1a: swimmy swim
|-damage|p1a: swimmy swim|234\/471
|
|switch|p2a: Roserade|Roserade, M|187\/261
|-damage|p2a: Roserade|155\/261|[from] Stealth Rock
|move|p1a: swimmy swim|Wish|p1a: swimmy swim
|
|-heal|p1a: swimmy swim|263\/471|[from] item: Leftovers
|turn|31
|
|switch|p1a: batsy watzy|Crobat, M|373\/373
|-damage|p1a: batsy watzy|280\/373|[from] Stealth Rock
|move|p2a: Roserade|Spikes|p1a: batsy watzy
|-sidestart|p1: pokemonisfun|Spikes
|
|-heal|p1a: batsy watzy|373\/373|[from] move: Wish|[wisher] swimmy swim
|turn|32
|c|âpokemonisfun|hey are you specs kyurem
|join|OverUnderUsed
|c|âAjna|nah
|c|âAjna|im banded
|c|âAjna|ice beam
|leave|OverUnderUsed
|c|âpokemonisfun|okay i believe you
|c|âAjna|thanks
|c|âAjna|i appreciate tha
|c|âAjna|t
|
|switch|p2a: Swampert|Swampert, F|378\/403 tox
|-damage|p2a: Swampert|353\/403 tox|[from] Stealth Rock
|move|p1a: batsy watzy|Brave Bird|p2a: Swampert
|-damage|p2a: Swampert|253\/403 tox
|-damage|p1a: batsy watzy|340\/373|[from] recoil|[of] p2a: Swampert
|
|-heal|p1a: batsy watzy|363\/373|[from] item: Black Sludge
|-heal|p2a: Swampert|278\/403 tox|[from] item: Leftovers
|-damage|p2a: Swampert|253\/403 tox|[from] psn
|turn|33
|
|move|p1a: batsy watzy|Defog|p2a: Swampert
|-unboost|p2a: Swampert|evasion|1
|-sideend|p2: Ajna|Stealth Rock|[from] move: Defog|[of] p2a: Swampert
|-sideend|p1: pokemonisfun|Spikes|[from] move: Defog|[of] p1a: batsy watzy
|-sideend|p1: pokemonisfun|Stealth Rock|[from] move: Defog|[of] p1a: batsy watzy
|move|p2a: Swampert|Scald|p1a: batsy watzy
|-damage|p1a: batsy watzy|269\/373
|-status|p1a: batsy watzy|brn
|
|-heal|p1a: batsy watzy|292\/373 brn|[from] item: Black Sludge
|-heal|p2a: Swampert|278\/403 tox|[from] item: Leftovers
|-damage|p1a: batsy watzy|246\/373 brn|[from] brn
|-damage|p2a: Swampert|228\/403 tox|[from] psn
|turn|34
|
|switch|p1a: onion fairy god|Celebi|378\/396
|switch|p2a: Crobat|Crobat, F|273\/325
|
|-heal|p1a: onion fairy god|396\/396|[from] item: Leftovers
|turn|35
|
|switch|p1a: swimmy swim|Alomomola, F|420\/471
|move|p2a: Crobat|U-turn|p1a: swimmy swim
|-damage|p1a: swimmy swim|363\/471
|
|switch|p2a: Kyurem|Kyurem|244\/391
|-ability|p2a: Kyurem|Pressure
|
|-heal|p1a: swimmy swim|392\/471|[from] item: Leftovers
|turn|36
|c|âpokemonisfun|i wall banded kyurem
|c|âpokemonisfun|so i will stay in and scald to burn fish
|c|âAjna|ok
|c|âAjna|thats a good
|c|âAjna|idea
|
|move|p1a: swimmy swim|Protect|p1a: swimmy swim
|-singleturn|p1a: swimmy swim|Protect
|move|p2a: Kyurem|Draco Meteor|p1a: swimmy swim
|-activate|p1a: swimmy swim|Protect
|
|-heal|p1a: swimmy swim|421\/471|[from] item: Leftovers
|turn|37
|c|âAjna|dont go to granbull
|c|âpokemonisfun|haha banded draco metoer will do nothing!
|c|âAjna|he doesnt want
|c|âAjna|this ice beam
|c|âAjna|and blissey doesnt want
|c|âAjna|this outrage
|c|âpokemonisfun|okay got it
|c|âAjna|where are your switch ins?
|c|âpokemonisfun|celebi
|c|âpokemonisfun|yache
|c|âAjna|o
|
|switch|p1a: woofy woof woof|Granbull, F|199\/384
|-ability|p1a: woofy woof woof|Intimidate|[of] p2a: Kyurem
|-unboost|p2a: Kyurem|atk|1
|move|p2a: Kyurem|Draco Meteor|p1a: woofy woof woof
|-immune|p1a: woofy woof woof|[msg]
|
|turn|38
|
|switch|p2a: Crobat|Crobat, F|273\/325
|move|p1a: woofy woof woof|Play Rough|p2a: Crobat
|-resisted|p2a: Crobat
|-damage|p2a: Crobat|192\/325
|
|turn|39
|
|switch|p1a: swimmy swim|Alomomola, F|471\/471
|move|p2a: Crobat|U-turn|p1a: swimmy swim
|-damage|p1a: swimmy swim|415\/471
|
|switch|p2a: Absol|Absol-Mega, F|205\/271
|
|-heal|p1a: swimmy swim|444\/471|[from] item: Leftovers
|turn|40
|
|move|p2a: Absol|Swords Dance|p2a: Absol
|-boost|p2a: Absol|atk|2
|move|p1a: swimmy swim|Scald|p2a: Absol
|-damage|p2a: Absol|136\/271
|
|-heal|p1a: swimmy swim|471\/471|[from] item: Leftovers
|turn|41
|c|âAjna|im not
|c|âAjna|getting burnt
|
|switch|p1a: woofy woof woof|Granbull, F|199\/384
|-ability|p1a: woofy woof woof|Intimidate|[of] p2a: Absol
|-unboost|p2a: Absol|atk|1
|move|p2a: Absol|Knock Off|p1a: woofy woof woof
|-resisted|p1a: woofy woof woof
|-damage|p1a: woofy woof woof|112\/384
|
|turn|42
|
|switch|p1a: swimmy swim|Alomomola, F|471\/471
|move|p2a: Absol|Play Rough|p1a: swimmy swim
|-damage|p1a: swimmy swim|312\/471
|
|-heal|p1a: swimmy swim|341\/471|[from] item: Leftovers
|turn|43
|
|move|p2a: Absol|Knock Off|p1a: swimmy swim
|-damage|p1a: swimmy swim|112\/471
|-enditem|p1a: swimmy swim|Leftovers|[from] move: Knock Off|[of] p2a: Absol
|move|p1a: swimmy swim|Scald|p2a: Absol
|-crit|p2a: Absol
|-damage|p2a: Absol|34\/271
|
|turn|44
|c|âAjna|told
|c|âAjna|u
|c|âAjna|m8
|c|âpokemonisfun|r
|c|âpokemonisfun|i
|c|âpokemonisfun|p
|
|switch|p1a: woofy woof woof|Granbull, F|112\/384
|-ability|p1a: woofy woof woof|Intimidate|[of] p2a: Absol
|-unboost|p2a: Absol|atk|1
|move|p2a: Absol|Swords Dance|p2a: Absol
|-boost|p2a: Absol|atk|2
|
|turn|45
|
|move|p2a: Absol|Play Rough|p1a: woofy woof woof
|-damage|p1a: woofy woof woof|0 fnt
|faint|p1a: woofy woof woof
|
|
|switch|p1a: batsy watzy|Crobat, M|246\/373 brn
|turn|46
|
|move|p2a: Absol|Sucker Punch|p1a: batsy watzy
|-fail|p1a: batsy watzy
|move|p1a: batsy watzy|Haze|p1a: batsy watzy
|-clearallboost
|
|-heal|p1a: batsy watzy|269\/373 brn|[from] item: Black Sludge
|-damage|p1a: batsy watzy|223\/373 brn|[from] brn
|turn|47
|c|+dodmen|!
|c|âAjna|no fun
|
|move|p1a: batsy watzy|Brave Bird|p2a: Absol
|-damage|p2a: Absol|0 fnt
|-damage|p1a: batsy watzy|212\/373 brn|[from] recoil|[of] p2a: Absol
|faint|p2a: Absol
|
|-heal|p1a: batsy watzy|235\/373 brn|[from] item: Black Sludge
|-damage|p1a: batsy watzy|189\/373 brn|[from] brn
|join|xShiba
|c|âAjna|awe
|c|âAjna|rip
|c|âAjna|win con
|c|âpokemonisfun|win con
|c|âpokemonisfun|is a social construct
|leave|xShiba
|
|switch|p2a: Crobat|Crobat, F|192\/325
|turn|48
|c|âAjna|critting mola
|c|âAjna|rn
|
|switch|p1a: swimmy swim|Alomomola, F|269\/471
|move|p2a: Crobat|Brave Bird|p1a: swimmy swim
|-damage|p1a: swimmy swim|106\/471
|-damage|p2a: Crobat|138\/325|[from] recoil|[of] p1a: swimmy swim
|
|turn|49
|c|âpokemonisfun|uh
|c|âpokemonisfun|rip
|
|switch|p1a: bubblsy bubbles|Swampert-Mega, M|240\/404
|move|p2a: Crobat|Brave Bird|p1a: bubblsy bubbles
|-damage|p1a: bubblsy bubbles|71\/404
|-damage|p2a: Crobat|82\/325|[from] recoil|[of] p1a: bubblsy bubbles
|
|turn|50
|
|switch|p1a: swimmy swim|Alomomola, F|263\/471
|move|p2a: Crobat|Brave Bird|p1a: swimmy swim
|-damage|p1a: swimmy swim|110\/471
|-damage|p2a: Crobat|32\/325|[from] recoil|[of] p1a: swimmy swim
|
|turn|51
|c|+dodmen|blissey wins imo
|
|switch|p1a: onion fairy god|Celebi|396\/396
|move|p2a: Crobat|Roost|p2a: Crobat
|-heal|p2a: Crobat|195\/325
|
|turn|52
|c|+dodmen|ah
|
|move|p2a: Crobat|Brave Bird|p1a: onion fairy god
|-supereffective|p1a: onion fairy god
|-damage|p1a: onion fairy god|132\/396
|-damage|p2a: Crobat|108\/325|[from] recoil|[of] p1a: onion fairy god
|move|p1a: onion fairy god|Stealth Rock|p2a: Crobat
|-sidestart|p2: Ajna|move: Stealth Rock
|
|-heal|p1a: onion fairy god|156\/396|[from] item: Leftovers
|turn|53
|c|âpokemonisfun|oh i get it
|join|CCDa1 Laxuy
|
|switch|p1a: bubblsy bubbles|Swampert-Mega, M|71\/404
|move|p2a: Crobat|Brave Bird|p1a: bubblsy bubbles
|-damage|p1a: bubblsy bubbles|0 fnt
|-damage|p2a: Crobat|85\/325|[from] recoil|[of] p1a: bubblsy bubbles
|faint|p1a: bubblsy bubbles
|
|c|âpokemonisfun|sharp beak!!!!
|c|âAjna|n
|
|switch|p1a: swimmy swim|Alomomola, F|267\/471
|turn|54
|c|âAjna|sharp beak
|c|âAjna|is for
|c|âAjna|retards
|leave|CCDa1 Laxuy
|c|âpokemonisfun|sky plate
|c|âAjna|y
|
|move|p2a: Crobat|Roost|p2a: Crobat
|-heal|p2a: Crobat|248\/325
|move|p1a: swimmy swim|Wish|p1a: swimmy swim
|
|turn|55
|c|âAjna|sharp beak feels wrong
|c|âAjna|cuz like
|c|âAjna|its a bat
|c|âpokemonisfun|no beak
|c|âpokemonisfun|xp
|
|move|p2a: Crobat|Brave Bird|p1a: swimmy swim
|-damage|p1a: swimmy swim|95\/471
|-damage|p2a: Crobat|191\/325|[from] recoil|[of] p1a: swimmy swim
|move|p1a: swimmy swim|Scald|p2a: Crobat
|-damage|p2a: Crobat|131\/325
|
|-heal|p1a: swimmy swim|330\/471|[from] move: Wish|[wisher] swimmy swim
|turn|56
|join|Affinity Jo
|
|move|p2a: Crobat|Roost|p2a: Crobat
|-heal|p2a: Crobat|294\/325
|move|p1a: swimmy swim|Wish|p1a: swimmy swim
|
|turn|57
|leave|Affinity Jo
|
|move|p2a: Crobat|U-turn|p1a: swimmy swim
|-damage|p1a: swimmy swim|273\/471
|
|switch|p2a: Roserade|Roserade, M|155\/261
|-damage|p2a: Roserade|123\/261|[from] Stealth Rock
|move|p1a: swimmy swim|Scald|p2a: Roserade
|-crit|p2a: Roserade
|-resisted|p2a: Roserade
|-damage|p2a: Roserade|90\/261
|
|-heal|p1a: swimmy swim|471\/471|[from] move: Wish|[wisher] swimmy swim
|turn|58
|
|switch|p1a: batsy watzy|Crobat, M|189\/373 brn
|move|p2a: Roserade|Sludge Bomb|p1a: batsy watzy
|-resisted|p1a: batsy watzy
|-damage|p1a: batsy watzy|66\/373 brn
|-damage|p2a: Roserade|64\/261|[from] item: Life Orb
|
|-heal|p1a: batsy watzy|89\/373 brn|[from] item: Black Sludge
|-damage|p1a: batsy watzy|43\/373 brn|[from] brn
|turn|59
|c|+dodmen|hp ground
|
|switch|p2a: Crobat|Crobat, F|294\/325
|-damage|p2a: Crobat|213\/325|[from] Stealth Rock
|move|p1a: batsy watzy|Roost|p1a: batsy watzy
|-heal|p1a: batsy watzy|230\/373 brn
|
|-heal|p1a: batsy watzy|253\/373 brn|[from] item: Black Sludge
|-damage|p1a: batsy watzy|207\/373 brn|[from] brn
|turn|60
|
|switch|p1a: swimmy swim|Alomomola, F|471\/471
|move|p2a: Crobat|U-turn|p1a: swimmy swim
|-damage|p1a: swimmy swim|418\/471
|
|switch|p2a: Florges|Florges, F|180\/359 brn
|-damage|p2a: Florges|136\/359 brn|[from] Stealth Rock
|
|-heal|p2a: Florges|158\/359 brn|[from] item: Leftovers
|-damage|p2a: Florges|114\/359 brn|[from] brn
|turn|61
|
|switch|p1a: Mega Chansey|Blissey, F|652\/652
|move|p2a: Florges|Aromatherapy|p2a: Florges
|-cureteam|p2a: Florges|[from] move: Aromatherapy
|
|-heal|p2a: Florges|136\/359|[from] item: Leftovers
|turn|62
|leave|Tidal Waltz
|join|THEiTodd
|
|switch|p2a: Swampert|Swampert, F|228\/403
|-damage|p2a: Swampert|203\/403|[from] Stealth Rock
|move|p1a: Mega Chansey|Heal Bell|p1a: Mega Chansey
|-cureteam|p1a: Mega Chansey|[from] move: HealBell
|
|-heal|p2a: Swampert|228\/403|[from] item: Leftovers
|turn|63
|c|âpokemonisfun|hey senpai
|
|switch|p2a: Florges|Florges, F|136\/359
|-damage|p2a: Florges|92\/359|[from] Stealth Rock
|move|p1a: Mega Chansey|Seismic Toss|p2a: Florges
|-damage|p2a: Florges|0 fnt
|faint|p2a: Florges
|
|c|+dodmen|rip
|c|âAjna|rip
|c|âAjna|in
|c|âpokemonisfun|that made a lot of sense
|c|âAjna|pieces
|c|âAjna|i tot
|c|âAjna|u might
|c|âAjna|go
|c|âAjna|to
|c|âAjna|the
|c|âAjna|onion roll
|
|switch|p2a: Swampert|Swampert, F|228\/403
|-damage|p2a: Swampert|203\/403|[from] Stealth Rock
|turn|64
|c|âpokemonisfun|onion fairy god
|join|Vaporeon for Ubers
|
|move|p1a: Mega Chansey|Toxic|p2a: Swampert|[miss]
|-miss|p1a: Mega Chansey|p2a: Swampert
|move|p2a: Swampert|Stealth Rock|p1a: Mega Chansey
|-sidestart|p1: pokemonisfun|move: Stealth Rock
|
|-heal|p2a: Swampert|228\/403|[from] item: Leftovers
|turn|65
|c|âAjna|its ok
|c|âAjna|pert
|c|âAjna|is 6-0ing u
|join|DrReuniclus3
|c|âpokemonisfun|kind of hard to do when youre at 4-4
|
|move|p1a: Mega Chansey|Toxic|p2a: Swampert
|-status|p2a: Swampert|tox
|move|p2a: Swampert|Earthquake|p1a: Mega Chansey
|-damage|p1a: Mega Chansey|379\/652
|
|-heal|p1a: Mega Chansey|419\/652|[from] item: Leftovers
|-heal|p2a: Swampert|253\/403 tox|[from] item: Leftovers
|-damage|p2a: Swampert|228\/403 tox|[from] psn
|turn|66
|c|âAjna|nah
|c|âAjna|im gonna use
|leave|sniperaim
|c|âAjna|call of the haunted
|c|âAjna|to bring back
|c|âpokemonisfun|max revive
|c|âAjna|ur mons
|join|ahyueah$$$$$$$$$
|
|move|p1a: Mega Chansey|Soft-Boiled|p1a: Mega Chansey
|-heal|p1a: Mega Chansey|652\/652
|move|p2a: Swampert|Earthquake|p1a: Mega Chansey
|-damage|p1a: Mega Chansey|391\/652
|
|-heal|p1a: Mega Chansey|431\/652|[from] item: Leftovers
|-heal|p2a: Swampert|253\/403 tox|[from] item: Leftovers
|-damage|p2a: Swampert|203\/403 tox|[from] psn
|turn|67
|
|switch|p2a: Roserade|Roserade, M|64\/261
|-damage|p2a: Roserade|32\/261|[from] Stealth Rock
|move|p1a: Mega Chansey|Soft-Boiled|p1a: Mega Chansey
|-heal|p1a: Mega Chansey|652\/652
|
|turn|68
|
|move|p2a: Roserade|Rest|p2a: Roserade
|-status|p2a: Roserade|slp
|-heal|p2a: Roserade|261\/261 slp|[silent]
|-status|p2a: Roserade|slp|[from] move: Rest
|move|p1a: Mega Chansey|Seismic Toss|p2a: Roserade
|-damage|p2a: Roserade|161\/261 slp
|
|turn|69
|c|âpokemonisfun|oml
|c|âpokemonisfun|un
|c|âAjna|ez
|c|âpokemonisfun|rip
|
|switch|p2a: Crobat|Crobat, F|213\/325
|-damage|p2a: Crobat|132\/325|[from] Stealth Rock
|move|p1a: Mega Chansey|Seismic Toss|p2a: Crobat
|-damage|p2a: Crobat|32\/325
|
|turn|70
|
|switch|p1a: swimmy swim|Alomomola, F|471\/471
|-damage|p1a: swimmy swim|413\/471|[from] Stealth Rock
|move|p2a: Crobat|Roost|p2a: Crobat
|-heal|p2a: Crobat|195\/325
|
|turn|71
|
|move|p2a: Crobat|Defog|p1a: swimmy swim
|-unboost|p1a: swimmy swim|evasion|1
|-sideend|p1: pokemonisfun|Stealth Rock|[from] move: Defog|[of] p1a: swimmy swim
|-sideend|p2: Ajna|Stealth Rock|[from] move: Defog|[of] p2a: Crobat
|move|p1a: swimmy swim|Scald|p2a: Crobat
|-damage|p2a: Crobat|141\/325
|
|turn|72
|
|move|p2a: Crobat|U-turn|p1a: swimmy swim
|-damage|p1a: swimmy swim|363\/471
|c|âAjna|i has
|c|âAjna|water veil
|
|switch|p2a: Roserade|Roserade, M|161\/261
|move|p1a: swimmy swim|Scald|p2a: Roserade
|-resisted|p2a: Roserade
|-damage|p2a: Roserade|140\/261
|-status|p2a: Roserade|brn
|
|-damage|p2a: Roserade|108\/261 brn|[from] brn
|turn|73
|c|âpokemonisfun|nice water veil
|
|switch|p1a: batsy watzy|Crobat, M|207\/373
|move|p2a: Roserade|Rest|p2a: Roserade
|-status|p2a: Roserade|slp
|-heal|p2a: Roserade|261\/261 slp|[silent]
|-status|p2a: Roserade|slp|[from] move: Rest
|
|-heal|p1a: batsy watzy|230\/373|[from] item: Black Sludge
|turn|74
|c|âAjna|roserade
|c|âpokemonisfun|lol
|c|âAjna|has natural cure
|c|âAjna|duhhhh
|c|âpokemonisfun|fuck you
|c|âAjna|<3
|
|switch|p2a: Swampert|Swampert, F|203\/403 tox
|move|p1a: batsy watzy|Brave Bird|p2a: Swampert
|-damage|p2a: Swampert|104\/403 tox
|-damage|p1a: batsy watzy|197\/373|[from] recoil|[of] p2a: Swampert
|
|-heal|p1a: batsy watzy|220\/373|[from] item: Black Sludge
|-heal|p2a: Swampert|129\/403 tox|[from] item: Leftovers
|-damage|p2a: Swampert|104\/403 tox|[from] psn
|turn|75
|
|switch|p1a: onion fairy god|Celebi|156\/396
|move|p2a: Swampert|Stealth Rock|p1a: onion fairy god
|-sidestart|p1: pokemonisfun|move: Stealth Rock
|
|-heal|p1a: onion fairy god|180\/396|[from] item: Leftovers
|-heal|p2a: Swampert|129\/403 tox|[from] item: Leftovers
|-damage|p2a: Swampert|79\/403 tox|[from] psn
|turn|76
|join|habajiga
THEiTodd was promoted to Room Voice by pokemonisfun.
|c|+THEiTodd|about
|c|+THEiTodd|time
|c|+THEiTodd|jesus
|c|âpokemonisfun|im sorry senpai
|
|switch|p2a: Crobat|Crobat, F|141\/325
|move|p1a: onion fairy god|Stealth Rock|p2a: Crobat
|-sidestart|p2: Ajna|move: Stealth Rock
|
|-heal|p1a: onion fairy god|204\/396|[from] item: Leftovers
|turn|77
|c|+THEiTodd|its ok
|c|+THEiTodd|just be faster
|c|+THEiTodd|next time
|c|+THEiTodd|i was worried
|c|âpokemonisfun|i was wondering why you didnt say hi back to me
|
|switch|p1a: swimmy swim|Alomomola, F|471\/471
|-damage|p1a: swimmy swim|413\/471|[from] Stealth Rock
|move|p2a: Crobat|Roost|p2a: Crobat
|-heal|p2a: Crobat|304\/325
|
|turn|78
|c|+THEiTodd|yeah
|c|+THEiTodd|:\/
|c|âpokemonisfun|it was my own fault
|
|switch|p2a: Roserade|Roserade, M|261\/261
|-damage|p2a: Roserade|229\/261|[from] Stealth Rock
|move|p1a: swimmy swim|Wish|p1a: swimmy swim
|
|turn|79
|
|switch|p1a: Mega Chansey|Blissey, F|652\/652
|-damage|p1a: Mega Chansey|571\/652|[from] Stealth Rock
|move|p2a: Roserade|Sludge Bomb|p1a: Mega Chansey
|-damage|p1a: Mega Chansey|461\/652
|-damage|p2a: Roserade|203\/261|[from] item: Life Orb
|
|-heal|p1a: Mega Chansey|652\/652|[from] move: Wish|[wisher] swimmy swim
|turn|80
|join|DrReunicluspooper
|
|move|p2a: Roserade|Sludge Bomb|p1a: Mega Chansey
|-damage|p1a: Mega Chansey|527\/652
|-damage|p2a: Roserade|177\/261|[from] item: Life Orb
|move|p1a: Mega Chansey|Seismic Toss|p2a: Roserade
|-damage|p2a: Roserade|77\/261
|
|-heal|p1a: Mega Chansey|567\/652|[from] item: Leftovers
|turn|81
|c|âAjna|wow
|
|move|p2a: Roserade|Rest|p2a: Roserade
|-status|p2a: Roserade|slp
|-heal|p2a: Roserade|261\/261 slp|[silent]
|-status|p2a: Roserade|slp|[from] move: Rest
|move|p1a: Mega Chansey|Seismic Toss|p2a: Roserade
|-damage|p2a: Roserade|161\/261 slp
|
|-heal|p1a: Mega Chansey|607\/652|[from] item: Leftovers
|turn|82
|c|âAjna|no poison
|c|âAjna|hax
|c|âpokemonisfun|sry
|
|switch|p2a: Crobat|Crobat, F|304\/325
|-damage|p2a: Crobat|223\/325|[from] Stealth Rock
|move|p1a: Mega Chansey|Seismic Toss|p2a: Crobat
|-damage|p2a: Crobat|123\/325
|
|-heal|p1a: Mega Chansey|647\/652|[from] item: Leftovers
|turn|83
|leave|FeliburnIsRIP
|c|âAjna|these garb players
|c|âAjna|smh
|
|switch|p1a: swimmy swim|Alomomola, F|471\/471
|-damage|p1a: swimmy swim|413\/471|[from] Stealth Rock
|move|p2a: Crobat|Roost|p2a: Crobat
|-heal|p2a: Crobat|286\/325
|
|turn|84
|c|âpokemonisfun|scald burn crit
|c|âpokemonisfun|i can feel it
|c|âAjna|n
|
|move|p2a: Crobat|Defog|p1a: swimmy swim
|-unboost|p1a: swimmy swim|evasion|1
|-sideend|p1: pokemonisfun|Stealth Rock|[from] move: Defog|[of] p1a: swimmy swim
|-sideend|p2: Ajna|Stealth Rock|[from] move: Defog|[of] p2a: Crobat
|move|p1a: swimmy swim|Scald|p2a: Crobat
|-crit|p2a: Crobat
|-damage|p2a: Crobat|195\/325
|
|turn|85
|c|âAjna|just crit
|c|âAjna|told u
|c|âpokemonisfun|damn it
|
|switch|p2a: Kyurem|Kyurem|244\/391
|-ability|p2a: Kyurem|Pressure
|move|p1a: swimmy swim|Scald|p2a: Kyurem
|-resisted|p2a: Kyurem
|-damage|p2a: Kyurem|217\/391
|
|turn|86
|c|âAjna|silly
|
|move|p1a: swimmy swim|Protect|p1a: swimmy swim
|-singleturn|p1a: swimmy swim|Protect
|move|p2a: Kyurem|Ice Beam|p1a: swimmy swim
|-activate|p1a: swimmy swim|Protect
|
|turn|87
|c|âpokemonisfun|i expect in my next game for scald to burn as much as will o wisp
|c|âAjna|im freezing
|c|âAjna|u
|c|+THEiTodd|pif
|
|move|p2a: Kyurem|Ice Beam|p1a: swimmy swim
|-resisted|p1a: swimmy swim
|-damage|p1a: swimmy swim|266\/471
|move|p1a: swimmy swim|Scald|p2a: Kyurem
|-resisted|p2a: Kyurem
|-damage|p2a: Kyurem|193\/391
|
|turn|88
|c|+THEiTodd|what happened
|c|+THEiTodd|to your
|c|âAjna|cuz
|c|+THEiTodd|exploring lad
|c|+THEiTodd|icon?
|c|âAjna|scald
|c|âpokemonisfun|oh
|c|âAjna|doesnt unthaw
|c|âpokemonisfun|shoot
|c|âAjna|or anything
|
|switch|p1a: Mega Chansey|Blissey, F|647\/652
|move|p2a: Kyurem|Ice Beam|p1a: Mega Chansey
|-damage|p1a: Mega Chansey|500\/652
|
|-heal|p1a: Mega Chansey|540\/652|[from] item: Leftovers
|turn|89
|c|âpokemonisfun|idk what happened
|
|switch|p2a: Crobat|Crobat, F|195\/325
|switch|p1a: swimmy swim|Alomomola, F|423\/471
|
|turn|90
|
|switch|p2a: Roserade|Roserade, M|161\/261
|move|p1a: swimmy swim|Scald|p2a: Roserade
|-resisted|p2a: Roserade
|-damage|p2a: Roserade|137\/261
|
|turn|91
|c|âAjna|i think
|join|aspire
|c|âAjna|we should save some time here
|c|âAjna|and just have you forfeit
|c|âAjna|cuz this game is mine
|join|6 agility
|c|âpokemonisfun|it depends
|join|morgan threeman
|c|âpokemonisfun|if my internet keeps working
|leave|morgan threeman
|c|âpokemonisfun|if it does i win
|c|âAjna|rofl
|join|morgan threeman
|leave|aspire
|leave|morgan threeman
|c|âAjna|imma ddos
|c|âAjna|u
|c|âAjna|ez
|leave|dodmen
|c|âAjna|o
|
|switch|p1a: batsy watzy|Crobat, M|220\/373
|move|p2a: Roserade|Giga Drain|p1a: batsy watzy
|-resisted|p1a: batsy watzy
|-damage|p1a: batsy watzy|168\/373
|-heal|p2a: Roserade|163\/261|[from] drain|[of] p1a: batsy watzy
|-damage|p2a: Roserade|137\/261|[from] item: Life Orb
|
|-heal|p1a: batsy watzy|191\/373|[from] item: Black Sludge
|turn|92
|c|âAjna|o i c
|c|âAjna|how it is
|c|âAjna|meanie
|-message|Ajna forfeited.
|
|win|pokemonisfun
|leave|Ajna
|player|p2
|leave|hairy toenail
|leave|habajiga