|join|dodmen
|join|Ajna
|player|p1|dodmen|171
|player|p2|Ajna|218
|gametype|singles
|gen|6
|tier|UU
|rule|Sleep Clause Mod: Limit one foe put to sleep
|rule|Species Clause: Limit one of each PokÃ©mon
|rule|OHKO Clause: OHKO moves are banned
|rule|Moody Clause: Moody is banned
|rule|Evasion Moves Clause: Evasion moves are banned
|rule|Endless Battle Clause: Forcing endless battles is banned
|rule|HP Percentage Mod: HP is shown in percentages
|clearpoke
|poke|p1|Mienshao, F
|poke|p1|Empoleon, F
|poke|p1|Pidgeot, F
|poke|p1|Krookodile, M
|poke|p1|Florges, F
|poke|p1|Haxorus, F
|poke|p2|Crobat, F
|poke|p2|Jirachi
|poke|p2|Swampert, F
|poke|p2|Shaymin
|poke|p2|Florges, F
|poke|p2|Absol, M
|rule|Swagger Clause: Swagger is banned
|rule|Baton Pass Clause: Limit one PokÃ©mon knowing Baton Pass
|teampreview
|
|start
|switch|p1a: Empoleon|Empoleon, F|361\/361
|switch|p2a: Swampert|Swampert, F|403\/403
|turn|1
|
|move|p1a: Empoleon|Grass Knot|p2a: Swampert
|-supereffective|p2a: Swampert
|-damage|p2a: Swampert|71\/403
|move|p2a: Swampert|Earthquake|p1a: Empoleon
|-supereffective|p1a: Empoleon
|-damage|p1a: Empoleon|77\/361
|
|-heal|p1a: Empoleon|99\/361|[from] item: Leftovers
|-heal|p2a: Swampert|96\/403|[from] item: Leftovers
|turn|2
|c|âAjna|can you
|c|âdodmen|jesus christ
|c|âAjna|fucking not
|c|âAjna|XD
|c|âAjna|yeah i have spdef
|c|âAjna|invest
|c|âAjna|:]
|
|switch|p2a: Absol|Absol, M|271\/271
|move|p1a: Empoleon|Stealth Rock|p2a: Absol
|-sidestart|p2: Ajna|move: Stealth Rock
|
|-heal|p1a: Empoleon|121\/361|[from] item: Leftovers
|turn|3
|
|switch|p1a: Florges|Florges, F|357\/357
|detailschange|p2a: Absol|Absol-Mega, M
|-mega|p2a: Absol|Absol|Absolite
|move|p2a: Absol|Knock Off|p1a: Florges
|-resisted|p1a: Florges
|-damage|p1a: Florges|273\/357
|-enditem|p1a: Florges|Leftovers|[from] move: Knock Off|[of] p2a: Absol
|
|turn|4
|c|âAjna|why are you grass knot emp
|c|âAjna|lmao
|c|âdodmen|cause i hate swampert
|c|âAjna|lol
|
|switch|p2a: Crobat|Crobat, F|325\/325
|-damage|p2a: Crobat|244\/325|[from] Stealth Rock
|switch|p1a: Krookodile|Krookodile, M|331\/331
|-ability|p1a: Krookodile|Intimidate|[of] p2a: Crobat
|-unboost|p2a: Crobat|atk|1
|
|turn|5
|join|KingT9722
|join|Colbrushie
|
|move|p2a: Crobat|Defog|p1a: Krookodile
|-unboost|p1a: Krookodile|evasion|1
|-sideend|p2: Ajna|Stealth Rock|[from] move: Defog|[of] p2a: Crobat
|move|p1a: Krookodile|Knock Off|p2a: Crobat
|-crit|p2a: Crobat
|-damage|p2a: Crobat|0 fnt
|-enditem|p2a: Crobat|Sky Plate|[from] move: Knock Off|[of] p1a: Krookodile
|faint|p2a: Crobat
|
|c| Colbrushie|ah
|c|âAjna|riperoni
|c| Colbrushie|rip
|c|âdodmen|in pieces
|c| Colbrushie|grats on ro btw dodmen
|
|switch|p2a: Shaymin|Shaymin|341\/341
|turn|6
|c|âdodmen|thanks
|
|switch|p1a: Pidgeot|Pidgeot, F|307\/307
|move|p2a: Shaymin|Seed Flare|p1a: Pidgeot
|-resisted|p1a: Pidgeot
|-damage|p1a: Pidgeot|124\/307
|-unboost|p1a: Pidgeot|spd|2
|
|turn|7
|c|âAjna|the counter
|c|âAjna|is here
|c|âdodmen|"resist"
|c|âdodmen|i swear if you're scarfed
|c|âdodmen|m8
|c|âAjna|:]
|
|switch|p2a: Florges|Florges, F|359\/359
|detailschange|p1a: Pidgeot|Pidgeot-Mega, F
|-mega|p1a: Pidgeot|Pidgeot|Pidgeotite
|move|p1a: Pidgeot|Heat Wave|p2a: Florges
|-damage|p2a: Florges|292\/359
|
|-heal|p2a: Florges|314\/359|[from] item: Leftovers
|turn|8
|c| Colbrushie|yum
|join|wolfenstein
|c|âAjna|you really think thats scarf damage?
|c| Colbrushie|~~now catch this confuse~~
|c|âAjna|lol
Ajna made this room hidden.
|c| wolfenstein|dudeman
|c| KingT9722|lol
|c| wolfenstein|are you recently RO?
|
|switch|p1a: Empoleon|Empoleon, F|121\/361
|move|p2a: Florges|Wish|p2a: Florges
|
|-heal|p2a: Florges|336\/359|[from] item: Leftovers
|-heal|p1a: Empoleon|143\/361|[from] item: Leftovers
|turn|9
|c|âAjna|let me get this yung wish to pert
|c|âAjna|no reason
|c|âAjna|to not setup rocks
|c|âAjna|:]
|
|switch|p2a: Swampert|Swampert, F|96\/403
|move|p1a: Empoleon|Hydro Pump|p2a: Swampert
|-damage|p2a: Swampert|0 fnt
|faint|p2a: Swampert
|
|-heal|p1a: Empoleon|165\/361|[from] item: Leftovers
|c|âAjna|no fun
|
|switch|p2a: Absol|Absol-Mega, M|271\/271
|turn|10
|
|switch|p1a: Florges|Florges, F|273\/357
|move|p2a: Absol|Knock Off|p1a: Florges
|-resisted|p1a: Florges
|-damage|p1a: Florges|218\/357
|
|turn|11
|c|âAjna|ugh i canceld
|c|âAjna|canceled*
|
|switch|p2a: Shaymin|Shaymin|341\/341
|move|p1a: Florges|Synthesis|p1a: Florges
|-heal|p1a: Florges|357\/357
|
|turn|12
|c|âAjna|show me
|c| KingT9722|lol is that cm
|c|âAjna|el the switch in
|c|âAjna|el switch in
|c|âAjna|lmao
|c|âdodmen|dodging
|c|âAjna|you wish
|c| Colbrushie|easiest pp stall
|c|âAjna|my min
|
|switch|p1a: Pidgeot|Pidgeot-Mega, F|124\/307
|move|p2a: Shaymin|Seed Flare|p1a: Pidgeot
|-resisted|p1a: Pidgeot
|-damage|p1a: Pidgeot|0 fnt
|faint|p1a: Pidgeot
|
|c|âAjna|is well trained
|c|âAjna|af
|
|switch|p1a: Haxorus|Haxorus, F|293\/293
|-ability|p1a: Haxorus|Mold Breaker
|turn|13
|
|move|p2a: Shaymin|Seed Flare|p1a: Haxorus
|-resisted|p1a: Haxorus
|-damage|p1a: Haxorus|118\/293
|move|p1a: Haxorus|Dragon Dance|p1a: Haxorus
|-boost|p1a: Haxorus|atk|1
|-boost|p1a: Haxorus|spe|1
|
|turn|14
|
|switch|p2a: Florges|Florges, F|336\/359
|move|p1a: Haxorus|Outrage|p2a: Florges
|-immune|p2a: Florges|[msg]
|
|-heal|p2a: Florges|358\/359|[from] item: Leftovers
|turn|15
|
|move|p1a: Haxorus|Earthquake|p2a: Florges
|-damage|p2a: Florges|68\/359
|-damage|p1a: Haxorus|89\/293|[from] item: Life Orb
|move|p2a: Florges|Moonblast|p1a: Haxorus
|-crit|p1a: Haxorus
|-supereffective|p1a: Haxorus
|-damage|p1a: Haxorus|0 fnt
|faint|p1a: Haxorus
|
|-heal|p2a: Florges|90\/359|[from] item: Leftovers
|c|âAjna|weak
|c|âAjna|af
|
|switch|p1a: Krookodile|Krookodile, M|331\/331
|-ability|p1a: Krookodile|Intimidate|[of] p2a: Florges
|-unboost|p2a: Florges|atk|1
|turn|16
|c|âAjna|only 80
|
|move|p2a: Florges|Protect|p2a: Florges
|-singleturn|p2a: Florges|Protect
|move|p1a: Krookodile|Earthquake|p2a: Florges
|-activate|p2a: Florges|Protect
|
|-heal|p2a: Florges|112\/359|[from] item: Leftovers
|turn|17
|
|switch|p2a: Shaymin|Shaymin|341\/341
|move|p1a: Krookodile|Knock Off|p2a: Shaymin
|-damage|p2a: Shaymin|146\/341
|-enditem|p2a: Shaymin|Choice Specs|[from] move: Knock Off|[of] p1a: Krookodile
|
|turn|18
|c|âAjna|i tot u was banded
|c|âAjna|gdi
|
|switch|p1a: Florges|Florges, F|357\/357
|move|p2a: Shaymin|Seed Flare|p1a: Florges
|-damage|p1a: Florges|243\/357
|-unboost|p1a: Florges|spd|2
|
|turn|19
|leave|wolfenstein
|
|move|p2a: Shaymin|Seed Flare|p1a: Florges|[miss]
|-miss|p2a: Shaymin|p1a: Florges
|move|p1a: Florges|Moonblast|p2a: Shaymin
|-damage|p2a: Shaymin|28\/341
|-unboost|p2a: Shaymin|spa|1
|
|turn|20
|
|move|p2a: Shaymin|Healing Wish|p2a: Shaymin
|faint|p2a: Shaymin
|move|p1a: Florges|Moonblast|p2: Shaymin|[notarget]
|-notarget
|
|c|âdodmen|fuck i knew that was coming
|
|switch|p2a: Florges|Florges, F|112\/359
|-heal|p2a: Florges|359\/359|[from] move: Healing Wish
|turn|21
|
|switch|p1a: Empoleon|Empoleon, F|165\/361
|switch|p2a: Jirachi|Jirachi|341\/341
|
|-heal|p1a: Empoleon|187\/361|[from] item: Leftovers
|turn|22
|leave|Colbrushie
|
|switch|p2a: Florges|Florges, F|359\/359
|move|p1a: Empoleon|Hydro Pump|p2a: Florges
|-damage|p2a: Florges|242\/359
|
|-heal|p2a: Florges|264\/359|[from] item: Leftovers
|-heal|p1a: Empoleon|209\/361|[from] item: Leftovers
|turn|23
|
|switch|p2a: Absol|Absol-Mega, M|271\/271
|move|p1a: Empoleon|Flash Cannon|p2a: Absol
|-damage|p2a: Absol|54\/271
|
|-heal|p1a: Empoleon|231\/361|[from] item: Leftovers
|turn|24
|c|âdodmen|rekt
|c|âAjna|lmao
|c|âAjna|this set
|
|switch|p2a: Jirachi|Jirachi|341\/341
|switch|p1a: Florges|Florges, F|243\/357
|
|turn|25
|
|switch|p1a: Empoleon|Empoleon, F|231\/361
|move|p2a: Jirachi|U-turn|p1a: Empoleon
|-resisted|p1a: Empoleon
|-damage|p1a: Empoleon|196\/361
|
|switch|p2a: Absol|Absol-Mega, M|54\/271
|
|-heal|p1a: Empoleon|218\/361|[from] item: Leftovers
|turn|26
|
|switch|p1a: Florges|Florges, F|243\/357
|move|p2a: Absol|Knock Off|p1a: Florges
|-resisted|p1a: Florges
|-damage|p1a: Florges|184\/357
|
|turn|27
|c|âAjna|theres not much i can do at this point lol
|
|switch|p2a: Jirachi|Jirachi|341\/341
|switch|p1a: Krookodile|Krookodile, M|331\/331
|-ability|p1a: Krookodile|Intimidate|[of] p2a: Jirachi
|-unboost|p2a: Jirachi|atk|1
|
|turn|28
|c|âAjna|rip
|
|move|p2a: Jirachi|Trick|p1a: Krookodile
|-activate|p2a: Jirachi|move: Trick|[of] p1a: Krookodile
|-item|p1a: Krookodile|Choice Scarf|[from] move: Trick
|-item|p2a: Jirachi|Dread Plate|[from] move: Trick
|move|p1a: Krookodile|Pursuit|p2a: Jirachi
|-supereffective|p2a: Jirachi
|-damage|p2a: Jirachi|197\/341
|
|turn|29
|
|move|p1a: Krookodile|Pursuit|p2a: Jirachi
|-crit|p2a: Jirachi
|-supereffective|p2a: Jirachi
|-damage|p2a: Jirachi|11\/341
|move|p2a: Jirachi|U-turn|p1a: Krookodile
|-supereffective|p1a: Krookodile
|-damage|p1a: Krookodile|213\/331
|
|switch|p2a: Absol|Absol-Mega, M|54\/271
|
|turn|30
|
|move|p1a: Krookodile|Pursuit|p2a: Absol
|-resisted|p2a: Absol
|-damage|p2a: Absol|1\/271
|move|p2a: Absol|Swords Dance|p2a: Absol
|-boost|p2a: Absol|atk|2
|
|turn|31
|c|âAjna|lol
|c|âAjna|gg
|c|âAjna|i cant do anything
|c|âdodmen|lol
|c|âdodmen|crit suckers
|
|move|p1a: Krookodile|Pursuit|p2a: Absol|[from]Pursuit
|-resisted|p2a: Absol
|-damage|p2a: Absol|0 fnt
|faint|p2a: Absol
|
|
|switch|p2a: Florges|Florges, F|264\/359
|turn|32
|
|switch|p1a: Empoleon|Empoleon, F|218\/361
|move|p2a: Florges|Moonblast|p1a: Empoleon
|-resisted|p1a: Empoleon
|-damage|p1a: Empoleon|159\/361
|
|-heal|p2a: Florges|286\/359|[from] item: Leftovers
|-heal|p1a: Empoleon|181\/361|[from] item: Leftovers
|turn|33
|
|move|p2a: Florges|Moonblast|p1a: Empoleon
|-resisted|p1a: Empoleon
|-damage|p1a: Empoleon|118\/361
|move|p1a: Empoleon|Stealth Rock|p2a: Florges
|-sidestart|p2: Ajna|move: Stealth Rock
|
|-heal|p2a: Florges|308\/359|[from] item: Leftovers
|-heal|p1a: Empoleon|140\/361|[from] item: Leftovers
|turn|34
|c|âAjna|the friggin empoleon gave me so much trouble
|
|move|p2a: Florges|Moonblast|p1a: Empoleon
|-resisted|p1a: Empoleon
|-damage|p1a: Empoleon|78\/361
|move|p1a: Empoleon|Flash Cannon|p2a: Florges
|-supereffective|p2a: Florges
|-damage|p2a: Florges|138\/359
|
|-heal|p2a: Florges|160\/359|[from] item: Leftovers
|-heal|p1a: Empoleon|100\/361|[from] item: Leftovers
|turn|35
|c|âdodmen|yeah this empoleon is amazing
|
|move|p2a: Florges|Moonblast|p1a: Empoleon
|-resisted|p1a: Empoleon
|-damage|p1a: Empoleon|34\/361
|move|p1a: Empoleon|Flash Cannon|p2a: Florges
|-supereffective|p2a: Florges
|-damage|p2a: Florges|0 fnt
|faint|p2a: Florges
|
|-heal|p1a: Empoleon|56\/361|[from] item: Leftovers
|c|âAjna|gg
|
|switch|p2a: Jirachi|Jirachi|11\/341
|-damage|p2a: Jirachi|0 fnt|[from] Stealth Rock
|faint|p2a: Jirachi
|
|win|dodmen
|leave|KingT9722
|leave|Ajna
|player|p2