|join|Cienight
|join|joakonix_2002
|player|p1|Cienight|29
|player|p2|joakonix_2002|101
|gametype|singles
|gen|6
|tier|OU
|rated
|clearpoke
|poke|p1|Scizor, F
|poke|p1|Diggersby, M, shiny
|poke|p1|Greninja, M, shiny
|poke|p1|Dragonite, M
|poke|p1|Latios, M
|poke|p1|Azelf
|poke|p2|Cloyster, M
|poke|p2|Charizard, F
|poke|p2|Excadrill, F
|poke|p2|Greninja, M
|poke|p2|Kyurem-Black
|poke|p2|Mamoswine, F
|rule|Swagger Clause: Swagger is banned
|rule|Baton Pass Clause: Limit one PokÃ©mon knowing Baton Pass
|rule|Sleep Clause Mod: Limit one foe put to sleep
|rule|Species Clause: Limit one of each PokÃ©mon
|rule|OHKO Clause: OHKO moves are banned
|rule|Moody Clause: Moody is banned
|rule|Evasion Moves Clause: Evasion moves are banned
|rule|Endless Battle Clause: Forcing endless battles is banned
|rule|HP Percentage Mod: HP is shown in percentages
|teampreview
|
|start
|switch|p1a: Azelf|Azelf|354\/354
|switch|p2a: Cloyster|Cloyster, M|242\/242
|turn|1
|
|move|p1a: Azelf|Stealth Rock|p2a: Cloyster
|-sidestart|p2: joakonix_2002|move: Stealth Rock
|move|p2a: Cloyster|Icicle Spear|p1a: Azelf
|-damage|p1a: Azelf|291\/354
|-damage|p1a: Azelf|227\/354
|-damage|p1a: Azelf|161\/354
|-damage|p1a: Azelf|97\/354
|-damage|p1a: Azelf|42\/354
|-hitcount|p1a: Azelf|5
|
|turn|2
|
|move|p2a: Cloyster|Ice Shard|p1a: Azelf
|-damage|p1a: Azelf|0 fnt
|faint|p1a: Azelf
|
|
|switch|p1a: Scizor|Scizor, F|283\/283
|turn|3
|
|detailschange|p1a: Scizor|Scizor-Mega, F
|message|Scizor has Mega Evolved into Mega Scizor!
|move|p2a: Cloyster|Rock Blast|p1a: Scizor
|-damage|p1a: Scizor|264\/283
|-damage|p1a: Scizor|244\/283
|-damage|p1a: Scizor|225\/283
|-damage|p1a: Scizor|205\/283
|-crit|p1a: Scizor
|-damage|p1a: Scizor|175\/283
|-hitcount|p1a: Scizor|5
|move|p1a: Scizor|Swords Dance|p1a: Scizor
|-boost|p1a: Scizor|atk|2
|
|turn|4
|
|move|p1a: Scizor|Bullet Punch|p2a: Cloyster
|-damage|p2a: Cloyster|97\/242
|move|p2a: Cloyster|Shell Smash|p2a: Cloyster
|-boost|p2a: Cloyster|atk|2
|-boost|p2a: Cloyster|spa|2
|-boost|p2a: Cloyster|spe|2
|-unboost|p2a: Cloyster|def|1
|-unboost|p2a: Cloyster|spd|1
|
|turn|5
|
|move|p2a: Cloyster|Ice Shard|p1a: Scizor
|-resisted|p1a: Scizor
|-damage|p1a: Scizor|126\/283
|move|p1a: Scizor|Bullet Punch|p2a: Cloyster
|-damage|p2a: Cloyster|0 fnt
|faint|p2a: Cloyster
|
|
|switch|p2a: Excadrill|Excadrill, F|362\/362
|-damage|p2a: Excadrill|351\/362|[from] Stealth Rock
|turn|6
|
|move|p1a: Scizor|Swords Dance|p1a: Scizor
|-boost|p1a: Scizor|atk|2
|move|p2a: Excadrill|Rapid Spin|p1a: Scizor
|-resisted|p1a: Scizor
|-damage|p1a: Scizor|117\/283
|-sideend|p2: joakonix_2002|Stealth Rock|[from] move: Rapid Spin|[of] p2a: Excadrill
|
|-heal|p2a: Excadrill|362\/362|[from] item: Leftovers
|turn|7
|
|move|p1a: Scizor|Superpower|p2a: Excadrill
|-supereffective|p2a: Excadrill
|-damage|p2a: Excadrill|0 fnt
|-unboost|p1a: Scizor|atk|1
|-unboost|p1a: Scizor|def|1
|faint|p2a: Excadrill
|
|
|switch|p2a: Mamoswine|Mamoswine, F|362\/362
|turn|8
|
|move|p1a: Scizor|Bullet Punch|p2a: Mamoswine
|-supereffective|p2a: Mamoswine
|-enditem|p2a: Mamoswine|Focus Sash
|-damage|p2a: Mamoswine|1\/362
|move|p2a: Mamoswine|Earthquake|p1a: Scizor
|-damage|p1a: Scizor|0 fnt
|faint|p1a: Scizor
|
|
|switch|p1a: Dragonite|Dragonite, M|323\/323
|turn|9
|
|move|p1a: Dragonite|Extreme Speed|p2a: Mamoswine
|-damage|p2a: Mamoswine|0 fnt
|faint|p2a: Mamoswine
|
|
|switch|p2a: Kyurem-Black|Kyurem-Black|392\/392
|-ability|p2a: Kyurem-Black|Teravolt
|turn|10
|
|switch|p1a: Greninja|Greninja, M, shiny|285\/285
|move|p2a: Kyurem-Black|Outrage|p1a: Greninja
|-damage|p1a: Greninja|0 fnt
|faint|p1a: Greninja
|
|
|switch|p1a: Diggersby|Diggersby, M, shiny|311\/311
|turn|11
|
|move|p1a: Diggersby|Quick Attack|p2a: Kyurem-Black
|-damage|p2a: Kyurem-Black|278\/392
|-damage|p1a: Diggersby|280\/311|[from] item: Life Orb
|move|p2a: Kyurem-Black|Outrage|p1a: Diggersby
|-damage|p1a: Diggersby|0 fnt
|faint|p1a: Diggersby
|
|-end|p2a: Kyurem-Black|rampage
|-start|p2a: Kyurem-Black|confusion
|
|switch|p1a: Latios|Latios, M|302\/302
|turn|12
|
|-activate|p2a: Kyurem-Black|confusion
|move|p2a: Kyurem-Black|Outrage|p1a: Latios
|-crit|p1a: Latios
|-supereffective|p1a: Latios
|-damage|p1a: Latios|0 fnt
|faint|p1a: Latios
|
|
|switch|p1a: Dragonite|Dragonite, M|323\/323
|turn|13
|
|move|p1a: Dragonite|Extreme Speed|p2a: Kyurem-Black
|-damage|p2a: Kyurem-Black|112\/392
|-activate|p2a: Kyurem-Black|confusion
|-damage|p2a: Kyurem-Black|52\/392|[from] confusion
|
|-end|p2a: Kyurem-Black|rampage
|turn|14
|
|move|p1a: Dragonite|Extreme Speed|p2a: Kyurem-Black
|-damage|p2a: Kyurem-Black|0 fnt
|faint|p2a: Kyurem-Black
|
|
|switch|p2a: Charizard|Charizard, F|298\/298
|turn|15
|
|detailschange|p2a: Charizard|Charizard-Mega-Y, F
|message|Charizard has Mega Evolved into Mega Charizard!
|-weather|SunnyDay
|move|p1a: Dragonite|Extreme Speed|p2a: Charizard
|-damage|p2a: Charizard|103\/298
|move|p2a: Charizard|Ancient Power|p1a: Dragonite
|-supereffective|p1a: Dragonite
|-damage|p1a: Dragonite|241\/323
|
|-weather|SunnyDay|[upkeep]
|turn|16
|
|move|p1a: Dragonite|Extreme Speed|p2a: Charizard
|-damage|p2a: Charizard|0 fnt
|faint|p2a: Charizard
|
|-weather|SunnyDay|[upkeep]
|
|switch|p2a: Greninja|Greninja, M|286\/286
|turn|17
|c|âjoakonix_2002|chan
|c|âjoakonix_2002|chan
|
|move|p1a: Dragonite|Extreme Speed|p2a: Greninja
|-damage|p2a: Greninja|80\/286
|move|p2a: Greninja|Ice Beam|p1a: Dragonite
|-start|p2a: Greninja|typechange|Ice|[from] Protean
|-supereffective|p1a: Dragonite
|-damage|p1a: Dragonite|0 fnt
|-damage|p2a: Greninja|52\/286|[from] item: Life Orb
|faint|p1a: Dragonite
|
|win|joakonix_2002
|raw|Ladder updating...
|c|âjoakonix_2002|bumbom
|raw|Cienight's rating: 1715 &rarr; <strong>1685<\/strong><br \/>(-30 for losing)
|raw|joakonix_2002's rating: 1521 &rarr; <strong>1551<\/strong><br \/>(+30 for winning)
|c|âjoakonix_2002|gg
|leave|Cienight
|player|p1