|join|DashTidus
|join|Cienight
|player|p1|DashTidus|1
|player|p2|Cienight|84
|gametype|singles
|gen|6
|tier|OU
|rated
|clearpoke
|poke|p1|Charizard, M
|poke|p1|Absol, M
|poke|p1|Dragonite, F
|poke|p1|Arcanine, F
|poke|p1|Umbreon, F
|poke|p1|Skarmory, M
|poke|p2|Azumarill, F
|poke|p2|Ferrothorn, F
|poke|p2|Landorus-Therian, M
|poke|p2|Latias, F
|poke|p2|Charizard, M
|poke|p2|Mew
|rule|Swagger Clause: Swagger is banned
|rule|Baton Pass Clause: Limit one PokÃ©mon knowing Baton Pass
|rule|Sleep Clause Mod: Limit one foe put to sleep
|rule|Species Clause: Limit one of each PokÃ©mon
|rule|OHKO Clause: OHKO moves are banned
|rule|Moody Clause: Moody is banned
|rule|Evasion Moves Clause: Evasion moves are banned
|rule|Endless Battle Clause: Forcing endless battles is banned
|rule|HP Percentage Mod: HP is shown in percentages
|teampreview
|
|start
|switch|p1a: Arcanine|Arcanine, F|384\/384
|switch|p2a: Ferrothorn|Ferrothorn, F|349\/349
|-ability|p1a: Arcanine|Intimidate|[of] p2a: Ferrothorn
|-unboost|p2a: Ferrothorn|atk|1
|turn|1
|
|switch|p2a: Charizard|Charizard, M|315\/315
|move|p1a: Arcanine|Overheat|p2a: Charizard
|-resisted|p2a: Charizard
|-damage|p2a: Charizard|223\/315
|-unboost|p1a: Arcanine|spa|2
|
|turn|2
|
|switch|p1a: Umbreon|Umbreon, F|394\/394
|move|p2a: Charizard|Dragon Dance|p2a: Charizard
|-boost|p2a: Charizard|atk|1
|-boost|p2a: Charizard|spe|1
|
|turn|3
|
|switch|p2a: Ferrothorn|Ferrothorn, F|349\/349
|switch|p1a: Arcanine|Arcanine, F|384\/384
|-ability|p1a: Arcanine|Intimidate|[of] p2a: Ferrothorn
|-unboost|p2a: Ferrothorn|atk|1
|
|turn|4
|
|switch|p2a: Charizard|Charizard, M|223\/315
|move|p1a: Arcanine|Overheat|p2a: Charizard
|-resisted|p2a: Charizard
|-damage|p2a: Charizard|141\/315
|-unboost|p1a: Arcanine|spa|2
|
|turn|5
|
|detailschange|p2a: Charizard|Charizard-Mega-X, M
|message|Charizard has Mega Evolved into Mega Charizard!
|move|p1a: Arcanine|Extreme Speed|p2a: Charizard
|-damage|p2a: Charizard|83\/315
|move|p2a: Charizard|Roost|p2a: Charizard
|-heal|p2a: Charizard|241\/315
|
|turn|6
|
|switch|p1a: Skarmory|Skarmory, M|334\/334
|move|p2a: Charizard|Dragon Claw|p1a: Skarmory
|-resisted|p1a: Skarmory
|-damage|p1a: Skarmory|282\/334
|
|-heal|p1a: Skarmory|302\/334|[from] item: Leftovers
|turn|7
|
|move|p2a: Charizard|Flare Blitz|p1a: Skarmory
|-supereffective|p1a: Skarmory
|-damage|p1a: Skarmory|0 fnt
|-damage|p2a: Charizard|141\/315|[from] recoil|[of] p1a: Skarmory
|faint|p1a: Skarmory
|
|
|switch|p1a: Absol|Absol, M|272\/272
|turn|8
|
|switch|p2a: Azumarill|Azumarill, F|381\/381
|move|p1a: Absol|Swords Dance|p1a: Absol
|-boost|p1a: Absol|atk|2
|
|turn|9
|
|move|p1a: Absol|Knock Off|p2a: Azumarill
|-resisted|p2a: Azumarill
|-damage|p2a: Azumarill|140\/381
|-enditem|p2a: Azumarill|Choice Band|[from] move: Knock Off|[of] p1a: Absol
|move|p2a: Azumarill|Play Rough|p1a: Absol
|-supereffective|p1a: Absol
|-enditem|p1a: Absol|Focus Sash
|-damage|p1a: Absol|1\/272
|-unboost|p1a: Absol|atk|1
|
|turn|10
|join|Alvadora -â¶â»â-
|
|switch|p2a: Ferrothorn|Ferrothorn, F|349\/349
|move|p1a: Absol|Sucker Punch|p2a: Ferrothorn
|-fail|p2a: Ferrothorn
|
|turn|11
|
|move|p1a: Absol|Swords Dance|p1a: Absol
|-boost|p1a: Absol|atk|2
|move|p2a: Ferrothorn|Gyro Ball|p1a: Absol
|-damage|p1a: Absol|0 fnt
|faint|p1a: Absol
|
|
|switch|p1a: Charizard|Charizard, M|297\/297
|turn|12
|join|Mentalist Swag
|
|switch|p2a: Landorus-Therian|Landorus-Therian, M|325\/325
|-ability|p2a: Landorus-Therian|Intimidate|[of] p1a: Charizard
|-unboost|p1a: Charizard|atk|1
|detailschange|p1a: Charizard|Charizard-Mega-Y, M
|message|Charizard has Mega Evolved into Mega Charizard!
|-weather|SunnyDay
|move|p1a: Charizard|Flamethrower|p2a: Landorus-Therian
|-damage|p2a: Landorus-Therian|0 fnt
|faint|p2a: Landorus-Therian
|
|-weather|SunnyDay|[upkeep]
|
|switch|p2a: Latias|Latias, F|301\/301
|turn|13
|
|move|p2a: Latias|Thunderbolt|p1a: Charizard
|-supereffective|p1a: Charizard
|-damage|p1a: Charizard|86\/297
|-damage|p2a: Latias|271\/301|[from] item: Life Orb
|move|p1a: Charizard|Dragon Pulse|p2a: Latias
|-supereffective|p2a: Latias
|-damage|p2a: Latias|69\/301
|
|-weather|SunnyDay|[upkeep]
|turn|14
|
|switch|p1a: Umbreon|Umbreon, F|394\/394
|move|p2a: Latias|Thunderbolt|p1a: Umbreon
|-damage|p1a: Umbreon|324\/394
|-damage|p2a: Latias|39\/301|[from] item: Life Orb
|
|-weather|SunnyDay|[upkeep]
|-heal|p1a: Umbreon|348\/394|[from] item: Leftovers
|turn|15
|
|switch|p2a: Ferrothorn|Ferrothorn, F|349\/349
|move|p1a: Umbreon|Foul Play|p2a: Ferrothorn
|-damage|p2a: Ferrothorn|280\/349
|-damage|p1a: Umbreon|299\/394|[from] ability: Iron Barbs|[of] p2a: Ferrothorn
|
|-weather|SunnyDay|[upkeep]
|-heal|p1a: Umbreon|323\/394|[from] item: Leftovers
|-heal|p2a: Ferrothorn|301\/349|[from] item: Leftovers
|turn|16
|
|move|p1a: Umbreon|Taunt|p2a: Ferrothorn
|-start|p2a: Ferrothorn|move: Taunt
|cant|p2a: Ferrothorn|move: Taunt|Stealth Rock
|
|-weather|none
|-heal|p1a: Umbreon|347\/394|[from] item: Leftovers
|-heal|p2a: Ferrothorn|322\/349|[from] item: Leftovers
|turn|17
|c|âCienight|taunt umbreon
|
|switch|p1a: Charizard|Charizard-Mega-Y, M|86\/297
|-weather|SunnyDay
|switch|p2a: Mew|Mew|403\/403
|
|-weather|SunnyDay|[upkeep]
|turn|18
|
|move|p1a: Charizard|Flamethrower|p2a: Mew
|-damage|p2a: Mew|141\/403
|move|p2a: Mew|Knock Off|p1a: Charizard
|-damage|p1a: Charizard|26\/297
|
|-weather|SunnyDay|[upkeep]
|-heal|p2a: Mew|166\/403|[from] item: Leftovers
|turn|19
|join|Starmaster
|
|move|p1a: Charizard|Flamethrower|p2a: Mew
|-damage|p2a: Mew|0 fnt
|faint|p2a: Mew
|
|-weather|SunnyDay|[upkeep]
|
|switch|p2a: Latias|Latias, F|39\/301
|turn|20
|
|switch|p1a: Umbreon|Umbreon, F|347\/394
|move|p2a: Latias|Thunderbolt|p1a: Umbreon
|-damage|p1a: Umbreon|273\/394
|-damage|p2a: Latias|9\/301|[from] item: Life Orb
|
|-weather|SunnyDay|[upkeep]
|-heal|p1a: Umbreon|297\/394|[from] item: Leftovers
|turn|21
|c| Starmaster|dashtidus watchout if u win hes gonna call u retarded
|
|switch|p2a: Azumarill|Azumarill, F|140\/381
|move|p1a: Umbreon|Taunt|p2a: Azumarill
|-start|p2a: Azumarill|move: Taunt
|
|-weather|none
|-heal|p1a: Umbreon|321\/394|[from] item: Leftovers
|turn|22
|c|âCienight|starmaster
|c|âCienight|just dier
|c| Starmaster|!
|c| Alvadora -â¶â»â-|beef
|c|âCienight|somewhere
|
|switch|p1a: Arcanine|Arcanine, F|384\/384
|-ability|p1a: Arcanine|Intimidate|[of] p2a: Azumarill
|-unboost|p2a: Azumarill|atk|1
|move|p2a: Azumarill|Play Rough|p1a: Arcanine
|-resisted|p1a: Arcanine
|-damage|p1a: Arcanine|327\/384
|-damage|p2a: Azumarill|77\/381|[from] item: Rocky Helmet|[of] p1a: Arcanine
|
|turn|23
|
|move|p1a: Arcanine|Overheat|p2a: Azumarill
|-resisted|p2a: Azumarill
|-damage|p2a: Azumarill|0 fnt
|-unboost|p1a: Arcanine|spa|2
|faint|p2a: Azumarill
|
|
|switch|p2a: Charizard|Charizard-Mega-X, M|141\/315
|turn|24
|c|âDashTidus|:( lost then
|c| Starmaster|lol no u havent
|c| Alvadora -â¶â»â-|banded dnite espeed supercrit lets go
|c| Starmaster|just go to umbreon
|c|âDashTidus|:D
|c| Starmaster|force him to blitz
|
|switch|p1a: Charizard|Charizard-Mega-Y, M|26\/297
|-weather|SunnyDay
|move|p2a: Charizard|Roost|p2a: Charizard
|-heal|p2a: Charizard|299\/315
|
|-weather|SunnyDay|[upkeep]
|turn|25
|c| Starmaster|on the foul play
|c| Starmaster|or u can
|c| Starmaster|give him fucking
|c| Starmaster|sun
|c| Starmaster|LOL
|c|âDashTidus|:)
|
|switch|p2a: Ferrothorn|Ferrothorn, F|322\/349
|move|p1a: Charizard|Dragon Pulse|p2a: Ferrothorn
|-resisted|p2a: Ferrothorn
|-damage|p2a: Ferrothorn|275\/349
|
|-weather|SunnyDay|[upkeep]
|-heal|p2a: Ferrothorn|296\/349|[from] item: Leftovers
|turn|26
|
|move|p1a: Charizard|Flamethrower|p2a: Ferrothorn
|-supereffective|p2a: Ferrothorn
|-damage|p2a: Ferrothorn|0 fnt
|faint|p2a: Ferrothorn
|
|-weather|SunnyDay|[upkeep]
|
|switch|p2a: Latias|Latias, F|9\/301
|turn|27
|
|switch|p1a: Umbreon|Umbreon, F|321\/394
|move|p2a: Latias|Draco Meteor|p1a: Umbreon
|-damage|p1a: Umbreon|157\/394
|-unboost|p2a: Latias|spa|2
|-damage|p2a: Latias|0 fnt|[from] item: Life Orb
|faint|p2a: Latias
|
|-weather|SunnyDay|[upkeep]
|-heal|p1a: Umbreon|181\/394|[from] item: Leftovers
|
|switch|p2a: Charizard|Charizard-Mega-X, M|299\/315
|turn|28
|
|move|p2a: Charizard|Dragon Dance|p2a: Charizard
|-boost|p2a: Charizard|atk|1
|-boost|p2a: Charizard|spe|1
|move|p1a: Umbreon|Foul Play|p2a: Charizard
|-damage|p2a: Charizard|86\/315
|
|-weather|none
|-heal|p1a: Umbreon|205\/394|[from] item: Leftovers
|turn|29
|
|move|p2a: Charizard|Dragon Claw|p1a: Umbreon
|-damage|p1a: Umbreon|0 fnt
|faint|p1a: Umbreon
|
|
|switch|p1a: Dragonite|Dragonite, F|324\/324
|turn|30
|c|âDashTidus|hm
|c|âDashTidus|hard choice now
|c| Alvadora -â¶â»â-|just outrage
|c|âCienight|unless you choke
|c|âCienight|you won
|c| Alvadora -â¶â»â-|a +1 dclaw doesnt kill
|c| Alvadora -â¶â»â-|thru multiscale
|
|move|p2a: Charizard|Dragon Claw|p1a: Dragonite
|-crit|p1a: Dragonite
|-supereffective|p1a: Dragonite
|-damage|p1a: Dragonite|0 fnt
|faint|p1a: Dragonite
|
|c|âDashTidus|loool
|c| Alvadora -â¶â»â-|LMFAO
|
|switch|p1a: Charizard|Charizard-Mega-Y, M|26\/297
|-weather|SunnyDay
|turn|31
|c| Mentalist Swag|haxed
|
|switch|p1a: Arcanine|Arcanine, F|327\/384
|-ability|p1a: Arcanine|Intimidate|[of] p2a: Charizard
|-unboost|p2a: Charizard|atk|1
|move|p2a: Charizard|Dragon Claw|p1a: Arcanine
|-damage|p1a: Arcanine|162\/384
|-damage|p2a: Charizard|34\/315|[from] item: Rocky Helmet|[of] p1a: Arcanine
|
|-weather|SunnyDay|[upkeep]
|turn|32
|
|move|p1a: Arcanine|Extreme Speed|p2a: Charizard
|-damage|p2a: Charizard|0 fnt
|faint|p2a: Charizard
|
|win|DashTidus
|raw|Ladder updating...
|c| Alvadora -â¶â»â-|+1 252+ Atk Tough Claws Mega Charizard X Dragon Claw vs. 0 HP \/ 4 Def Multiscale Dragonite: 297-349 (91.9 - 108%) -- 50% chance to OHKO
|c|âCienight|right
|c|âDashTidus|:)
|c| Alvadora -â¶â»â-|lmfao
|raw|DashTidus's rating: 1578 &rarr; <strong>1601<\/strong><br \/>(+23 for winning)
|raw|Cienight's rating: 1618 &rarr; <strong>1596<\/strong><br \/>(-22 for losing)
|c|âCienight|rocky helm
|leave|Cienight
|player|p2
|c|âDashTidus|xD
|c|âDashTidus|cya :)
|leave|Alvadora -â¶â»â-
|leave|Mentalist Swag