|join|Cienight
|join|terry41
|player|p1|Cienight|29
|player|p2|terry41|17
|gametype|singles
|gen|6
|tier|OU
|rated
|clearpoke
|poke|p1|Scizor, M
|poke|p1|Diggersby, F, shiny
|poke|p1|Greninja, M, shiny
|poke|p1|Dragonite, M
|poke|p1|Latios, M
|poke|p1|Azelf
|poke|p2|Charizard, F
|poke|p2|Manaphy
|poke|p2|Landorus-Therian, M
|poke|p2|Mamoswine, M
|poke|p2|Latias, F
|poke|p2|Bisharp, F
|rule|Swagger Clause: Swagger is banned
|rule|Baton Pass Clause: Limit one PokÃ©mon knowing Baton Pass
|rule|Sleep Clause Mod: Limit one foe put to sleep
|rule|Species Clause: Limit one of each PokÃ©mon
|rule|OHKO Clause: OHKO moves are banned
|rule|Moody Clause: Moody is banned
|rule|Evasion Moves Clause: Evasion moves are banned
|rule|Endless Battle Clause: Forcing endless battles is banned
|rule|HP Percentage Mod: HP is shown in percentages
|teampreview
|
|start
|switch|p1a: Azelf|Azelf|354\/354
|switch|p2a: Bisharp|Bisharp, F|271\/271
|turn|1
|
|move|p1a: Azelf|Stealth Rock|p2a: Bisharp
|-sidestart|p2: terry41|move: Stealth Rock
|move|p2a: Bisharp|Knock Off|p1a: Azelf
|-supereffective|p1a: Azelf
|-enditem|p1a: Azelf|Focus Sash
|-damage|p1a: Azelf|1\/354
|
|turn|2
|
|move|p2a: Bisharp|Sucker Punch|p1a: Azelf
|-fail|p1a: Azelf
|move|p1a: Azelf|Taunt|p2a: Bisharp
|-start|p2a: Bisharp|move: Taunt
|
|turn|3
|
|switch|p1a: Scizor|Scizor, M|283\/283
|move|p2a: Bisharp|Sucker Punch|p1a: Scizor
|-fail|p1a: Scizor
|
|turn|4
|
|detailschange|p1a: Scizor|Scizor-Mega, M
|message|Scizor has Mega Evolved into Mega Scizor!
|move|p2a: Bisharp|Knock Off|p1a: Scizor
|-damage|p1a: Scizor|189\/283
|move|p1a: Scizor|Swords Dance|p1a: Scizor
|-boost|p1a: Scizor|atk|2
|
|turn|5
|
|move|p1a: Scizor|Bug Bite|p2a: Bisharp
|-enditem|p2a: Bisharp|Focus Sash
|-damage|p2a: Bisharp|1\/271
|move|p2a: Bisharp|Knock Off|p1a: Scizor
|-damage|p1a: Scizor|101\/283
|
|-end|p2a: Bisharp|move: Taunt
|turn|6
|
|move|p2a: Bisharp|Sucker Punch|p1a: Scizor
|-fail|p1a: Scizor
|move|p1a: Scizor|Swords Dance|p1a: Scizor
|-boost|p1a: Scizor|atk|2
|
|turn|7
|
|move|p2a: Bisharp|Sucker Punch|p1a: Scizor
|-fail|p1a: Scizor
|move|p1a: Scizor|Swords Dance|p1a: Scizor
|-boost|p1a: Scizor|atk|2
|
|turn|8
|
|move|p1a: Scizor|Bullet Punch|p2a: Bisharp
|-resisted|p2a: Bisharp
|-damage|p2a: Bisharp|0 fnt
|faint|p2a: Bisharp
|
|
|switch|p2a: Manaphy|Manaphy|361\/361
|-damage|p2a: Manaphy|316\/361|[from] Stealth Rock
|turn|9
|
|move|p2a: Manaphy|Scald|p1a: Scizor
|-damage|p1a: Scizor|0 fnt
|faint|p1a: Scizor
|
|-heal|p2a: Manaphy|338\/361|[from] item: Leftovers
|
|switch|p1a: Azelf|Azelf|1\/354
|turn|10
|
|switch|p2a: Landorus-Therian|Landorus-Therian, M|320\/320
|-damage|p2a: Landorus-Therian|280\/320|[from] Stealth Rock
|-ability|p2a: Landorus-Therian|Intimidate|[of] p1a: Azelf
|-unboost|p1a: Azelf|atk|1
|move|p1a: Azelf|Explosion|p2a: Landorus-Therian
|-damage|p2a: Landorus-Therian|110\/320
|faint|p1a: Azelf
|
|
|switch|p1a: Dragonite|Dragonite, M|323\/323
|turn|11
|
|switch|p2a: Mamoswine|Mamoswine, M|361\/361
|-damage|p2a: Mamoswine|316\/361|[from] Stealth Rock
|move|p1a: Dragonite|Extreme Speed|p2a: Mamoswine
|-damage|p2a: Mamoswine|120\/361
|
|turn|12
|
|move|p1a: Dragonite|Extreme Speed|p2a: Mamoswine
|-damage|p2a: Mamoswine|0 fnt
|faint|p2a: Mamoswine
|
|
|switch|p2a: Latias|Latias, F|320\/320
|-damage|p2a: Latias|280\/320|[from] Stealth Rock
|turn|13
|
|move|p1a: Dragonite|Extreme Speed|p2a: Latias
|-damage|p2a: Latias|112\/320
|move|p2a: Latias|Defog|p1a: Dragonite
|-unboost|p1a: Dragonite|evasion|1
|-sideend|p2: terry41|Stealth Rock|[from] move: Defog|[of] p2a: Latias
|
|turn|14
|
|switch|p2a: Landorus-Therian|Landorus-Therian, M|110\/320
|-ability|p2a: Landorus-Therian|Intimidate|[of] p1a: Dragonite
|-unboost|p1a: Dragonite|atk|1
|move|p1a: Dragonite|Extreme Speed|p2a: Landorus-Therian
|-damage|p2a: Landorus-Therian|0 fnt
|faint|p2a: Landorus-Therian
|
|
|switch|p2a: Charizard|Charizard, F|315\/315
|turn|15
|
|switch|p1a: Latios|Latios, M|302\/302
|detailschange|p2a: Charizard|Charizard-Mega-X, F
|message|Charizard has Mega Evolved into Mega Charizard!
|move|p2a: Charizard|Dragon Dance|p2a: Charizard
|-boost|p2a: Charizard|atk|1
|-boost|p2a: Charizard|spe|1
|
|turn|16
|
|move|p2a: Charizard|Dragon Claw|p1a: Latios
|-supereffective|p1a: Latios
|-damage|p1a: Latios|0 fnt
|faint|p1a: Latios
|
|c|âCienight|adamant or jolly?:p
|
|switch|p1a: Dragonite|Dragonite, M|323\/323
|turn|17
|
|move|p2a: Charizard|Dragon Claw|p1a: Dragonite
|-supereffective|p1a: Dragonite
|-damage|p1a: Dragonite|26\/323
|move|p1a: Dragonite|Outrage|p2a: Charizard
|-supereffective|p2a: Charizard
|-damage|p2a: Charizard|0 fnt
|faint|p2a: Charizard
|
|
|switch|p2a: Latias|Latias, F|112\/320
|turn|18
|
|move|p2a: Latias|Hidden Power|p1a: Dragonite
|-resisted|p1a: Dragonite
|-damage|p1a: Dragonite|0 fnt
|-damage|p2a: Latias|80\/320|[from] item: Life Orb
|faint|p1a: Dragonite
|
|
|switch|p1a: Greninja|Greninja, M, shiny|285\/285
|turn|19
|
|move|p1a: Greninja|Dark Pulse|p2a: Latias
|-start|p1a: Greninja|typechange|Dark|[from] Protean
|-supereffective|p2a: Latias
|-damage|p2a: Latias|0 fnt
|-damage|p1a: Greninja|257\/285|[from] item: Life Orb
|faint|p2a: Latias
|
|
|switch|p2a: Manaphy|Manaphy|338\/361
|turn|20
|
|move|p1a: Greninja|Dark Pulse|p2a: Manaphy
|-damage|p2a: Manaphy|182\/361
|-damage|p1a: Greninja|229\/285|[from] item: Life Orb
|move|p2a: Manaphy|Scald|p1a: Greninja
|-damage|p1a: Greninja|57\/285
|
|-heal|p2a: Manaphy|204\/361|[from] item: Leftovers
|turn|21
|
|move|p1a: Greninja|Dark Pulse|p2a: Manaphy
|-damage|p2a: Manaphy|51\/361
|-damage|p1a: Greninja|29\/285|[from] item: Life Orb
|cant|p2a: Manaphy|flinch
|
|-heal|p2a: Manaphy|73\/361|[from] item: Leftovers
|turn|22
|c|âterry41|gg
|
|move|p1a: Greninja|Dark Pulse|p2a: Manaphy
|-damage|p2a: Manaphy|0 fnt
|-damage|p1a: Greninja|1\/285|[from] item: Life Orb
|faint|p2a: Manaphy
|
|win|Cienight
|raw|Ladder updating...
|c|âCienight|gg