|join|Cienight
|join|Dukekk
|player|p1|Cienight|75
|player|p2|Dukekk|209
|gametype|singles
|gen|6
|tier|OU
|rated
|clearpoke
|poke|p1|Azumarill, F
|poke|p1|Ferrothorn, F
|poke|p1|Landorus-Therian, M, shiny
|poke|p1|Latias, F
|poke|p1|Charizard, M
|poke|p1|Mew
|poke|p2|Politoed, M
|poke|p2|Zapdos
|poke|p2|Swampert, M
|poke|p2|Gothitelle, M
|poke|p2|Manaphy
|poke|p2|Ferrothorn, F
|rule|Swagger Clause: Swagger is banned
|rule|Baton Pass Clause: Limit one PokÃ©mon knowing Baton Pass
|rule|Sleep Clause Mod: Limit one foe put to sleep
|rule|Species Clause: Limit one of each PokÃ©mon
|rule|OHKO Clause: OHKO moves are banned
|rule|Moody Clause: Moody is banned
|rule|Evasion Moves Clause: Evasion moves are banned
|rule|Endless Battle Clause: Forcing endless battles is banned
|rule|HP Percentage Mod: HP is shown in percentages
|teampreview
|
|start
|switch|p1a: Azumarill|Azumarill, F|381\/381
|switch|p2a: Politoed|Politoed, M|384\/384
|-weather|RainDance
|turn|1
|join|CleanerThanRotom-W
|
|move|p2a: Politoed|Toxic|p1a: Azumarill
|-status|p1a: Azumarill|tox
|move|p1a: Azumarill|Superpower|p2a: Politoed
|-damage|p2a: Politoed|168\/384
|-unboost|p1a: Azumarill|atk|1
|-unboost|p1a: Azumarill|def|1
|
|-weather|RainDance|[upkeep]
|-damage|p1a: Azumarill|358\/381 tox|[from] psn
|turn|2
|
|switch|p2a: Ferrothorn|Ferrothorn, F|352\/352
|switch|p1a: Latias|Latias, F|301\/301
|
|-weather|RainDance|[upkeep]
|turn|3
|
|switch|p1a: Charizard|Charizard, M|315\/315
|move|p2a: Ferrothorn|Stealth Rock|p1a: Charizard
|-sidestart|p1: Cienight|move: Stealth Rock
|
|-weather|RainDance|[upkeep]
|turn|4
|
|switch|p2a: Politoed|Politoed, M|168\/384
|detailschange|p1a: Charizard|Charizard-Mega-X, M
|message|Charizard has Mega Evolved into Mega Charizard!
|move|p1a: Charizard|Dragon Dance|p1a: Charizard
|-boost|p1a: Charizard|atk|1
|-boost|p1a: Charizard|spe|1
|
|-weather|RainDance|[upkeep]
|turn|5
|c| CleanerThanRotom-W|dont u lose to zard y+tar
|
|switch|p2a: Ferrothorn|Ferrothorn, F|352\/352
|move|p1a: Charizard|Dragon Claw|p2a: Ferrothorn
|-resisted|p2a: Ferrothorn
|-damage|p2a: Ferrothorn|266\/352
|-damage|p1a: Charizard|276\/315|[from] ability: Iron Barbs|[of] p2a: Ferrothorn
|
|-weather|RainDance|[upkeep]
|-heal|p2a: Ferrothorn|288\/352|[from] item: Leftovers
|turn|6
|
|move|p1a: Charizard|Dragon Dance|p1a: Charizard
|-boost|p1a: Charizard|atk|1
|-boost|p1a: Charizard|spe|1
|move|p2a: Ferrothorn|Leech Seed|p1a: Charizard
|-start|p1a: Charizard|move: Leech Seed
|
|-weather|RainDance|[upkeep]
|-heal|p2a: Ferrothorn|310\/352|[from] item: Leftovers
|-damage|p1a: Charizard|237\/315|[from] Leech Seed|[of] p2a: Ferrothorn
|-heal|p2a: Ferrothorn|349\/352|[silent]
|turn|7
|
|move|p1a: Charizard|Roost|p1a: Charizard
|-heal|p1a: Charizard|315\/315
|move|p2a: Ferrothorn|Gyro Ball|p1a: Charizard
|-resisted|p1a: Charizard
|-damage|p1a: Charizard|234\/315
|
|-weather|RainDance|[upkeep]
|-heal|p2a: Ferrothorn|352\/352|[from] item: Leftovers
|-damage|p1a: Charizard|195\/315|[from] Leech Seed|[of] p2a: Ferrothorn
|turn|8
|
|move|p1a: Charizard|Roost|p1a: Charizard
|-heal|p1a: Charizard|315\/315
|move|p2a: Ferrothorn|Gyro Ball|p1a: Charizard
|-resisted|p1a: Charizard
|-damage|p1a: Charizard|243\/315
|
|-weather|none
|-damage|p1a: Charizard|204\/315|[from] Leech Seed|[of] p2a: Ferrothorn
|turn|9
|
|switch|p2a: Politoed|Politoed, M|168\/384
|-weather|RainDance
|move|p1a: Charizard|Roost|p1a: Charizard
|-heal|p1a: Charizard|315\/315
|
|-weather|RainDance|[upkeep]
|-damage|p1a: Charizard|276\/315|[from] Leech Seed|[of] p2a: Politoed
|-heal|p2a: Politoed|207\/384|[silent]
|turn|10
|
|switch|p2a: Ferrothorn|Ferrothorn, F|352\/352
|move|p1a: Charizard|Dragon Claw|p2a: Ferrothorn
|-resisted|p2a: Ferrothorn
|-damage|p2a: Ferrothorn|226\/352
|-damage|p1a: Charizard|237\/315|[from] ability: Iron Barbs|[of] p2a: Ferrothorn
|
|-weather|RainDance|[upkeep]
|-heal|p2a: Ferrothorn|248\/352|[from] item: Leftovers
|-damage|p1a: Charizard|198\/315|[from] Leech Seed|[of] p2a: Ferrothorn
|-heal|p2a: Ferrothorn|287\/352|[silent]
|turn|11
|
|switch|p2a: Swampert|Swampert, M|385\/385
|move|p1a: Charizard|Roost|p1a: Charizard
|-heal|p1a: Charizard|315\/315
|
|-weather|RainDance|[upkeep]
|-damage|p1a: Charizard|276\/315|[from] Leech Seed|[of] p2a: Swampert
|turn|12
|
|detailschange|p2a: Swampert|Swampert-Mega, M
|message|Swampert has Mega Evolved into Mega Swampert!
|move|p1a: Charizard|Dragon Claw|p2a: Swampert
|-damage|p2a: Swampert|40\/385
|move|p2a: Swampert|Earthquake|p1a: Charizard
|-supereffective|p1a: Charizard
|-damage|p1a: Charizard|0 fnt
|faint|p1a: Charizard
|
|-weather|RainDance|[upkeep]
|
|switch|p1a: Ferrothorn|Ferrothorn, F|349\/349
|-damage|p1a: Ferrothorn|328\/349|[from] Stealth Rock
|turn|13
|c|âDukekk|bad calc
|
|switch|p2a: Gothitelle|Gothitelle, M|301\/301
|move|p1a: Ferrothorn|Stealth Rock|p2a: Gothitelle
|-sidestart|p2: Dukekk|move: Stealth Rock
|
|-weather|RainDance|[upkeep]
|-heal|p1a: Ferrothorn|349\/349|[from] item: Leftovers
|turn|14
|c|âCienight|you're bad , definitely
|
|move|p2a: Gothitelle|Trick|p1a: Ferrothorn
|-activate|p2a: Gothitelle|move: Trick|[of] p1a: Ferrothorn
|-item|p1a: Ferrothorn|Choice Scarf|[from] move: Trick
|-item|p2a: Gothitelle|Leftovers|[from] move: Trick
|move|p1a: Ferrothorn|Gyro Ball|p2a: Gothitelle
|-damage|p2a: Gothitelle|184\/301
|
|-weather|RainDance|[upkeep]
|-heal|p2a: Gothitelle|202\/301|[from] item: Leftovers
|turn|15
|
|move|p2a: Gothitelle|Calm Mind|p2a: Gothitelle
|-boost|p2a: Gothitelle|spa|1
|-boost|p2a: Gothitelle|spd|1
|move|p1a: Ferrothorn|Gyro Ball|p2a: Gothitelle
|-damage|p2a: Gothitelle|87\/301
|
|-weather|RainDance|[upkeep]
|-heal|p2a: Gothitelle|105\/301|[from] item: Leftovers
|turn|16
|
|move|p2a: Gothitelle|Rest|p2a: Gothitelle
|-status|p2a: Gothitelle|slp
|-heal|p2a: Gothitelle|301\/301 slp|[silent]
|-status|p2a: Gothitelle|slp|[from] move: Rest
|move|p1a: Ferrothorn|Gyro Ball|p2a: Gothitelle
|-damage|p2a: Gothitelle|192\/301 slp
|
|-weather|none
|-heal|p2a: Gothitelle|210\/301 slp|[from] item: Leftovers
|turn|17
|
|cant|p2a: Gothitelle|slp
|move|p1a: Ferrothorn|Gyro Ball|p2a: Gothitelle
|-damage|p2a: Gothitelle|101\/301 slp
|
|-heal|p2a: Gothitelle|119\/301 slp|[from] item: Leftovers
|turn|18
|
|cant|p2a: Gothitelle|slp
|move|p1a: Ferrothorn|Gyro Ball|p2a: Gothitelle
|-damage|p2a: Gothitelle|0 fnt
|faint|p2a: Gothitelle
|
|
|switch|p2a: Politoed|Politoed, M|207\/384
|-damage|p2a: Politoed|159\/384|[from] Stealth Rock
|-weather|RainDance
|turn|19
|
|switch|p2a: Ferrothorn|Ferrothorn, F|287\/352
|-damage|p2a: Ferrothorn|265\/352|[from] Stealth Rock
|switch|p1a: Azumarill|Azumarill, F|358\/381 tox
|-damage|p1a: Azumarill|311\/381 tox|[from] Stealth Rock
|
|-weather|RainDance|[upkeep]
|-heal|p2a: Ferrothorn|287\/352|[from] item: Leftovers
|-damage|p1a: Azumarill|288\/381 tox|[from] psn
|turn|20
|
|move|p2a: Ferrothorn|Protect|p2a: Ferrothorn
|-singleturn|p2a: Ferrothorn|Protect
|move|p1a: Azumarill|Superpower|p2a: Ferrothorn
|-activate|p2a: Ferrothorn|Protect
|
|-weather|RainDance|[upkeep]
|-heal|p2a: Ferrothorn|309\/352|[from] item: Leftovers
|-damage|p1a: Azumarill|242\/381 tox|[from] psn
|turn|21
|
|switch|p2a: Zapdos|Zapdos|384\/384
|-damage|p2a: Zapdos|288\/384|[from] Stealth Rock
|-ability|p2a: Zapdos|Pressure
|move|p1a: Azumarill|Superpower|p2a: Zapdos
|-resisted|p2a: Zapdos
|-damage|p2a: Zapdos|182\/384
|-unboost|p1a: Azumarill|atk|1
|-unboost|p1a: Azumarill|def|1
|
|-weather|RainDance|[upkeep]
|-heal|p2a: Zapdos|206\/384|[from] item: Leftovers
|-damage|p1a: Azumarill|173\/381 tox|[from] psn
|turn|22
|
|switch|p1a: Mew|Mew|403\/403
|-damage|p1a: Mew|353\/403|[from] Stealth Rock
|move|p2a: Zapdos|Roost|p2a: Zapdos
|-heal|p2a: Zapdos|384\/384
|
|-weather|RainDance|[upkeep]
|-heal|p1a: Mew|378\/403|[from] item: Leftovers
|turn|23
|
|move|p1a: Mew|Taunt|p2a: Zapdos
|-start|p2a: Zapdos|move: Taunt
|move|p2a: Zapdos|Volt Switch|p1a: Mew
|-damage|p1a: Mew|299\/403
|
|switch|p2a: Manaphy|Manaphy|404\/404
|-damage|p2a: Manaphy|354\/404|[from] Stealth Rock
|
|-weather|RainDance|[upkeep]
|-heal|p1a: Mew|324\/403|[from] item: Leftovers
|-heal|p2a: Manaphy|379\/404|[from] item: Leftovers
|turn|24
|
|move|p1a: Mew|Taunt|p2a: Manaphy
|-start|p2a: Manaphy|move: Taunt
|move|p2a: Manaphy|Scald|p1a: Mew
|-damage|p1a: Mew|161\/403
|
|-weather|RainDance|[upkeep]
|-heal|p1a: Mew|186\/403|[from] item: Leftovers
|-heal|p2a: Manaphy|404\/404|[from] item: Leftovers
|turn|25
|
|move|p1a: Mew|Roost|p1a: Mew
|-heal|p1a: Mew|388\/403
|move|p2a: Manaphy|Scald|p1a: Mew
|-damage|p1a: Mew|216\/403
|-status|p1a: Mew|brn
|-status|p2a: Manaphy|brn
|
|-weather|RainDance|[upkeep]
|-heal|p1a: Mew|241\/403 brn|[from] item: Leftovers
|-curestatus|p2a: Manaphy|brn
|-damage|p1a: Mew|191\/403 brn|[from] brn
|turn|26
|
|move|p1a: Mew|Roost|p1a: Mew
|-heal|p1a: Mew|393\/403 brn
|move|p2a: Manaphy|Scald|p1a: Mew
|-damage|p1a: Mew|245\/403 brn
|
|-weather|none
|-heal|p1a: Mew|270\/403 brn|[from] item: Leftovers
|-damage|p1a: Mew|220\/403 brn|[from] brn
|-end|p2a: Manaphy|move: Taunt
|turn|27
|
|move|p1a: Mew|Taunt|p2a: Manaphy
|-start|p2a: Manaphy|move: Taunt
|cant|p2a: Manaphy|move: Taunt|Tail Glow
|
|-heal|p1a: Mew|245\/403 brn|[from] item: Leftovers
|-damage|p1a: Mew|195\/403 brn|[from] brn
|turn|28
|
|switch|p1a: Latias|Latias, F|301\/301
|-damage|p1a: Latias|264\/301|[from] Stealth Rock
|switch|p2a: Politoed|Politoed, M|159\/384
|-damage|p2a: Politoed|111\/384|[from] Stealth Rock
|-weather|RainDance
|
|-weather|RainDance|[upkeep]
|turn|29
|
|switch|p2a: Ferrothorn|Ferrothorn, F|309\/352
|-damage|p2a: Ferrothorn|287\/352|[from] Stealth Rock
|move|p1a: Latias|Draco Meteor|p2a: Ferrothorn
|-resisted|p2a: Ferrothorn
|-damage|p2a: Ferrothorn|182\/352
|-unboost|p1a: Latias|spa|2
|-damage|p1a: Latias|234\/301|[from] item: Life Orb
|
|-weather|RainDance|[upkeep]
|-heal|p2a: Ferrothorn|204\/352|[from] item: Leftovers
|turn|30
|
|switch|p2a: Manaphy|Manaphy|404\/404
|-damage|p2a: Manaphy|354\/404|[from] Stealth Rock
|move|p1a: Latias|Healing Wish|p1a: Latias
|faint|p1a: Latias
|
|-weather|RainDance|[upkeep]
|-heal|p2a: Manaphy|379\/404|[from] item: Leftovers
|
|switch|p1a: Mew|Mew|195\/403 brn
|-heal|p1a: Mew|403\/403|[from] move: Healing Wish
|-damage|p1a: Mew|353\/403|[from] Stealth Rock
|turn|31
|
|switch|p1a: Ferrothorn|Ferrothorn, F|349\/349
|-damage|p1a: Ferrothorn|328\/349|[from] Stealth Rock
|move|p2a: Manaphy|Scald|p1a: Ferrothorn
|-resisted|p1a: Ferrothorn
|-damage|p1a: Ferrothorn|248\/349
|-status|p1a: Ferrothorn|brn
|
|-weather|RainDance|[upkeep]
|-heal|p2a: Manaphy|404\/404|[from] item: Leftovers
|-damage|p1a: Ferrothorn|205\/349 brn|[from] brn
|turn|32
|
|move|p2a: Manaphy|Tail Glow|p2a: Manaphy
|-boost|p2a: Manaphy|spa|3
|move|p1a: Ferrothorn|Leech Seed|p2a: Manaphy
|-start|p2a: Manaphy|move: Leech Seed
|
|-weather|RainDance|[upkeep]
|-damage|p2a: Manaphy|354\/404|[from] Leech Seed|[of] p1a: Ferrothorn
|-heal|p1a: Ferrothorn|255\/349 brn|[silent]
|-damage|p1a: Ferrothorn|212\/349 brn|[from] brn
|turn|33
|
|move|p2a: Manaphy|Tail Glow|p2a: Manaphy
|-boost|p2a: Manaphy|spa|3
|move|p1a: Ferrothorn|Leech Seed|p2a: Manaphy
|-fail|p2a: Manaphy
|
|-weather|RainDance|[upkeep]
|-heal|p2a: Manaphy|379\/404|[from] item: Leftovers
|-damage|p2a: Manaphy|329\/404|[from] Leech Seed|[of] p1a: Ferrothorn
|-heal|p1a: Ferrothorn|262\/349 brn|[silent]
|-damage|p1a: Ferrothorn|219\/349 brn|[from] brn
|turn|34
|
|move|p2a: Manaphy|Scald|p1a: Ferrothorn
|-resisted|p1a: Ferrothorn
|-damage|p1a: Ferrothorn|0 fnt
|faint|p1a: Ferrothorn
|
|-weather|RainDance|[upkeep]
|-heal|p2a: Manaphy|354\/404|[from] item: Leftovers
|
|switch|p1a: Azumarill|Azumarill, F|173\/381 tox
|-damage|p1a: Azumarill|126\/381 tox|[from] Stealth Rock
|turn|35
|
|move|p1a: Azumarill|Aqua Jet|p2a: Manaphy
|-resisted|p2a: Manaphy
|-damage|p2a: Manaphy|256\/404
|move|p2a: Manaphy|Scald|p1a: Azumarill
|-resisted|p1a: Azumarill
|-damage|p1a: Azumarill|0 fnt
|faint|p1a: Azumarill
|
|-weather|none
|-heal|p2a: Manaphy|281\/404|[from] item: Leftovers
|
|switch|p1a: Landorus-Therian|Landorus-Therian, M, shiny|325\/325
|-damage|p1a: Landorus-Therian|285\/325|[from] Stealth Rock
|-ability|p1a: Landorus-Therian|Intimidate|[of] p2a: Manaphy
|-unboost|p2a: Manaphy|atk|1
|turn|36
|
|move|p1a: Landorus-Therian|Earthquake|p2a: Manaphy
|-damage|p2a: Manaphy|103\/404
|move|p2a: Manaphy|Scald|p1a: Landorus-Therian
|-crit|p1a: Landorus-Therian
|-supereffective|p1a: Landorus-Therian
|-damage|p1a: Landorus-Therian|0 fnt
|faint|p1a: Landorus-Therian
|
|-heal|p2a: Manaphy|128\/404|[from] item: Leftovers
|
|switch|p1a: Mew|Mew|353\/403
|-damage|p1a: Mew|303\/403|[from] Stealth Rock
|turn|37
|
|move|p1a: Mew|Knock Off|p2a: Manaphy
|-damage|p2a: Manaphy|58\/404
|-enditem|p2a: Manaphy|Leftovers|[from] move: Knock Off|[of] p1a: Mew
|move|p2a: Manaphy|Scald|p1a: Mew
|-damage|p1a: Mew|0 fnt
|faint|p1a: Mew
|
|win|Dukekk
|raw|Ladder updating...
|raw|Cienight's rating: 1641 &rarr; <strong>1616<\/strong><br \/>(-25 for losing)
|raw|Dukekk's rating: 1561 &rarr; <strong>1585<\/strong><br \/>(+24 for winning)