|join|Cienight
|join|Flygon 42
|player|p1|Cienight|84
|player|p2|Flygon 42|209
|gametype|singles
|gen|6
|tier|OU
|rated
|clearpoke
|poke|p1|Metagross
|poke|p1|Keldeo
|poke|p1|Heatran, F
|poke|p1|Landorus-Therian, M
|poke|p1|Ferrothorn, M
|poke|p1|Greninja, F
|poke|p2|Landorus-Therian, M, shiny
|poke|p2|Rotom-Wash
|poke|p2|Metagross
|poke|p2|Volcarona, M, shiny
|poke|p2|Tyranitar, F
|poke|p2|Greninja, M
|rule|Swagger Clause: Swagger is banned
|rule|Baton Pass Clause: Limit one PokÃ©mon knowing Baton Pass
|rule|Sleep Clause Mod: Limit one foe put to sleep
|rule|Species Clause: Limit one of each PokÃ©mon
|rule|OHKO Clause: OHKO moves are banned
|rule|Moody Clause: Moody is banned
|rule|Evasion Moves Clause: Evasion moves are banned
|rule|Endless Battle Clause: Forcing endless battles is banned
|rule|HP Percentage Mod: HP is shown in percentages
|teampreview
|join|fdsafdasfads
|join|Jefo
|
|start
|switch|p1a: Heatran|Heatran, F|386\/386
|switch|p2a: BRO-tom|Rotom-Wash|304\/304
|turn|1
|
|move|p2a: BRO-tom|Volt Switch|p1a: Heatran
|-damage|p1a: Heatran|268\/386
|
|switch|p2a: Baulkarona|Volcarona, M, shiny|328\/328
|move|p1a: Heatran|Stealth Rock|p2a: Baulkarona
|-sidestart|p2: Flygon 42|move: Stealth Rock
|
|-heal|p1a: Heatran|292\/386|[from] item: Leftovers
|turn|2
|
|move|p2a: Baulkarona|Quiver Dance|p2a: Baulkarona
|-boost|p2a: Baulkarona|spa|1
|-boost|p2a: Baulkarona|spd|1
|-boost|p2a: Baulkarona|spe|1
|move|p1a: Heatran|Toxic|p2a: Baulkarona
|-status|p2a: Baulkarona|tox
|-enditem|p2a: Baulkarona|Lum Berry|[eat]
|-curestatus|p2a: Baulkarona|tox
|
|-heal|p1a: Heatran|316\/386|[from] item: Leftovers
|turn|3
|
|move|p2a: Baulkarona|Quiver Dance|p2a: Baulkarona
|-boost|p2a: Baulkarona|spa|1
|-boost|p2a: Baulkarona|spd|1
|-boost|p2a: Baulkarona|spe|1
|move|p1a: Heatran|Toxic|p2a: Baulkarona
|-status|p2a: Baulkarona|tox
|
|-heal|p1a: Heatran|340\/386|[from] item: Leftovers
|-damage|p2a: Baulkarona|308\/328 tox|[from] psn
|turn|4
|
|move|p2a: Baulkarona|Hidden Power|p1a: Heatran
|-supereffective|p1a: Heatran
|-damage|p1a: Heatran|0 fnt
|faint|p1a: Heatran
|
|-damage|p2a: Baulkarona|268\/328 tox|[from] psn
|
|switch|p1a: Landorus-Therian|Landorus-Therian, M|327\/327
|-ability|p1a: Landorus-Therian|Intimidate|[of] p2a: Baulkarona
|-unboost|p2a: Baulkarona|atk|1
|turn|5
|
|move|p2a: Baulkarona|Flamethrower|p1a: Landorus-Therian
|-damage|p1a: Landorus-Therian|0 fnt
|faint|p1a: Landorus-Therian
|
|-damage|p2a: Baulkarona|208\/328 tox|[from] psn
|
|switch|p1a: Keldeo|Keldeo|322\/322
|turn|6
|
|move|p2a: Baulkarona|Flamethrower|p1a: Keldeo
|-crit|p1a: Keldeo
|-resisted|p1a: Keldeo
|-damage|p1a: Keldeo|25\/322
|move|p1a: Keldeo|Scald|p2a: Baulkarona
|-supereffective|p2a: Baulkarona
|-damage|p2a: Baulkarona|20\/328 tox
|
|-damage|p2a: Baulkarona|0 fnt|[from] psn
|faint|p2a: Baulkarona
|c| Jefo|-------
|
|switch|p2a: BRO-tom|Rotom-Wash|304\/304
|-damage|p2a: BRO-tom|266\/304|[from] Stealth Rock
|turn|7
|
|switch|p1a: Ferrothorn|Ferrothorn, M|352\/352
|move|p2a: BRO-tom|Volt Switch|p1a: Ferrothorn
|-resisted|p1a: Ferrothorn
|-damage|p1a: Ferrothorn|298\/352
|
|switch|p2a: Top Frog|Greninja, M|286\/286
|-damage|p2a: Top Frog|251\/286|[from] Stealth Rock
|
|-heal|p1a: Ferrothorn|320\/352|[from] item: Leftovers
|turn|8
|
|move|p1a: Ferrothorn|Protect|p1a: Ferrothorn
|-singleturn|p1a: Ferrothorn|Protect
|move|p2a: Top Frog|Hidden Power|p1a: Ferrothorn
|-start|p2a: Top Frog|typechange|Fire|[from] Protean
|-activate|p1a: Ferrothorn|Protect
|
|-heal|p1a: Ferrothorn|342\/352|[from] item: Leftovers
|turn|9
|
|switch|p1a: Greninja|Greninja, F|285\/285
|move|p2a: Top Frog|Hidden Power|p1a: Greninja
|-resisted|p1a: Greninja
|-damage|p1a: Greninja|214\/285
|-damage|p2a: Top Frog|223\/286|[from] item: Life Orb
|
|turn|10
|join|Orda-Y
|
|switch|p1a: Metagross|Metagross|302\/302
|switch|p2a: Life of the Party|Tyranitar, F|342\/342
|-damage|p2a: Life of the Party|300\/342|[from] Stealth Rock
|-weather|Sandstorm
|
|-weather|Sandstorm|[upkeep]
|turn|11
|
|detailschange|p1a: Metagross|Metagross-Mega
|message|Metagross has Mega Evolved into Mega Metagross!
|move|p1a: Metagross|Meteor Mash|p2a: Life of the Party|[miss]
|-miss|p1a: Metagross|p2a: Life of the Party
|move|p2a: Life of the Party|Crunch|p1a: Metagross
|-supereffective|p1a: Metagross
|-damage|p1a: Metagross|96\/302
|
|-weather|Sandstorm|[upkeep]
|turn|12
|c| fdsafdasfads|lolll
|c|âCienight|I just can't stop
|c|âCienight|getting haxed
|c| Jefo|HOLY SHIT
|
|move|p1a: Metagross|Meteor Mash|p2a: Life of the Party
|-supereffective|p2a: Life of the Party
|-damage|p2a: Life of the Party|0 fnt
|-boost|p1a: Metagross|atk|1
|faint|p2a: Life of the Party
|
|-weather|Sandstorm|[upkeep]
|c|âCienight|why do I even play
|
|switch|p2a: MovesLikeJaguar|Landorus-Therian, M, shiny|320\/320
|-damage|p2a: MovesLikeJaguar|280\/320|[from] Stealth Rock
|-ability|p2a: MovesLikeJaguar|Intimidate|[of] p1a: Metagross
|-unboost|p1a: Metagross|atk|1
|turn|13
|
|switch|p1a: Ferrothorn|Ferrothorn, M|342\/352
|move|p2a: MovesLikeJaguar|Earthquake|p1a: Ferrothorn
|-damage|p1a: Ferrothorn|198\/352
|
|-weather|Sandstorm|[upkeep]
|-heal|p1a: Ferrothorn|220\/352|[from] item: Leftovers
|turn|14
|join|AlphaRyno
|c| Orda-Y|mmh megagross looks nice in its backsprite as well
|
|move|p2a: MovesLikeJaguar|Earthquake|p1a: Ferrothorn
|-crit|p1a: Ferrothorn
|-damage|p1a: Ferrothorn|13\/352
|move|p1a: Ferrothorn|Leech Seed|p2a: MovesLikeJaguar
|-start|p2a: MovesLikeJaguar|move: Leech Seed
|
|-weather|none
|-heal|p1a: Ferrothorn|35\/352|[from] item: Leftovers
|-damage|p2a: MovesLikeJaguar|240\/320|[from] Leech Seed|[of] p1a: Ferrothorn
|-heal|p1a: Ferrothorn|75\/352|[silent]
|turn|15
|c| Orda-Y|my condolences
|c| Orda-Y|for the hax
|c|âCienight|lol..
|
|switch|p2a: BRO-tom|Rotom-Wash|266\/304
|-damage|p2a: BRO-tom|228\/304|[from] Stealth Rock
|move|p1a: Ferrothorn|Protect|p1a: Ferrothorn
|-fail|p1a: Ferrothorn
|
|-heal|p1a: Ferrothorn|97\/352|[from] item: Leftovers
|turn|16
|
|move|p1a: Ferrothorn|Protect|p1a: Ferrothorn
|-singleturn|p1a: Ferrothorn|Protect
|move|p2a: BRO-tom|Hydro Pump|p1a: Ferrothorn
|-activate|p1a: Ferrothorn|Protect
|
|-heal|p1a: Ferrothorn|119\/352|[from] item: Leftovers
|turn|17
|
|move|p2a: BRO-tom|Hydro Pump|p1a: Ferrothorn
|-resisted|p1a: Ferrothorn
|-damage|p1a: Ferrothorn|30\/352
|move|p1a: Ferrothorn|Leech Seed|p2a: BRO-tom
|-start|p2a: BRO-tom|move: Leech Seed
|
|-heal|p1a: Ferrothorn|52\/352|[from] item: Leftovers
|-damage|p2a: BRO-tom|190\/304|[from] Leech Seed|[of] p1a: Ferrothorn
|-heal|p1a: Ferrothorn|90\/352|[silent]
|turn|18
|
|switch|p2a: Just Too Meta|Metagross|302\/302
|-damage|p2a: Just Too Meta|284\/302|[from] Stealth Rock
|move|p1a: Ferrothorn|Leech Seed|p2a: Just Too Meta
|-start|p2a: Just Too Meta|move: Leech Seed
|
|-heal|p1a: Ferrothorn|112\/352|[from] item: Leftovers
|-damage|p2a: Just Too Meta|247\/302|[from] Leech Seed|[of] p1a: Ferrothorn
|-heal|p1a: Ferrothorn|149\/352|[silent]
|turn|19
|
|detailschange|p2a: Just Too Meta|Metagross-Mega
|message|Metagross has Mega Evolved into Mega Metagross!
|move|p1a: Ferrothorn|Protect|p1a: Ferrothorn
|-singleturn|p1a: Ferrothorn|Protect
|move|p2a: Just Too Meta|Earthquake|p1a: Ferrothorn
|-activate|p1a: Ferrothorn|Protect
|
|-heal|p1a: Ferrothorn|171\/352|[from] item: Leftovers
|-damage|p2a: Just Too Meta|210\/302|[from] Leech Seed|[of] p1a: Ferrothorn
|-heal|p1a: Ferrothorn|208\/352|[silent]
|turn|20
|c| Orda-Y|what if ferrothorn got spikey shield
|c| fdsafdasfads|what if ferrothorn got a mega
|
|switch|p2a: MovesLikeJaguar|Landorus-Therian, M, shiny|240\/320
|-damage|p2a: MovesLikeJaguar|200\/320|[from] Stealth Rock
|-ability|p2a: MovesLikeJaguar|Intimidate|[of] p1a: Ferrothorn
|-unboost|p1a: Ferrothorn|atk|1
|switch|p1a: Keldeo|Keldeo|25\/322
|
|turn|21
|join|survivor tele
|
|move|p2a: MovesLikeJaguar|U-turn|p1a: Keldeo
|-crit|p1a: Keldeo
|-resisted|p1a: Keldeo
|-damage|p1a: Keldeo|0 fnt
|faint|p1a: Keldeo
|
|switch|p2a: BRO-tom|Rotom-Wash|190\/304
|-damage|p2a: BRO-tom|152\/304|[from] Stealth Rock
|
|
|switch|p1a: Ferrothorn|Ferrothorn, M|208\/352
|turn|22
|
|move|p1a: Ferrothorn|Protect|p1a: Ferrothorn
|-singleturn|p1a: Ferrothorn|Protect
|move|p2a: BRO-tom|Hidden Power|p1a: Ferrothorn
|-activate|p1a: Ferrothorn|Protect
|
|-heal|p1a: Ferrothorn|230\/352|[from] item: Leftovers
|turn|23
|
|switch|p1a: Greninja|Greninja, F|214\/285
|move|p2a: BRO-tom|Hidden Power|p1a: Greninja
|-resisted|p1a: Greninja
|-damage|p1a: Greninja|155\/285
|
|turn|24
|join|gamerguy1123
|
|move|p1a: Greninja|Dark Pulse|p2a: BRO-tom
|-start|p1a: Greninja|typechange|Dark|[from] Protean
|-damage|p2a: BRO-tom|4\/304
|-damage|p1a: Greninja|127\/285|[from] item: Life Orb
|move|p2a: BRO-tom|Hidden Power|p1a: Greninja
|-damage|p1a: Greninja|13\/285
|
|turn|25
|
|move|p1a: Greninja|Dark Pulse|p2a: BRO-tom
|-crit|p2a: BRO-tom
|-damage|p2a: BRO-tom|0 fnt
|-damage|p1a: Greninja|0 fnt|[from] item: Life Orb
|faint|p2a: BRO-tom
|faint|p1a: Greninja
|
|
|switch|p2a: Top Frog|Greninja, M|223\/286
|switch|p1a: Metagross|Metagross-Mega|96\/302
|-damage|p2a: Top Frog|188\/286|[from] Stealth Rock
|turn|26
|
|move|p1a: Metagross|Bullet Punch|p2a: Top Frog
|-resisted|p2a: Top Frog
|-damage|p2a: Top Frog|113\/286
|move|p2a: Top Frog|Hidden Power|p1a: Metagross
|-start|p2a: Top Frog|typechange|Fire|[from] Protean
|-supereffective|p1a: Metagross
|-damage|p1a: Metagross|0 fnt
|-damage|p2a: Top Frog|85\/286|[from] item: Life Orb
|faint|p1a: Metagross
|
|
|switch|p1a: Ferrothorn|Ferrothorn, M|230\/352
|turn|27
|
|move|p2a: Top Frog|Hidden Power|p1a: Ferrothorn
|-supereffective|p1a: Ferrothorn
|-damage|p1a: Ferrothorn|0 fnt
|-damage|p2a: Top Frog|57\/286|[from] item: Life Orb
|faint|p1a: Ferrothorn
|
|win|Flygon 42
|raw|Ladder updating...
|c| Orda-Y|I need to go to bed
|c| Orda-Y|constructing stupid hypothetical scenarios
|c| Orda-Y|nite Cien, gl
|raw|Cienight's rating: 1569 &rarr; <strong>1547<\/strong><br \/>(-22 for losing)
|raw|Flygon 42's rating: 1547 &rarr; <strong>1569<\/strong><br \/>(+22 for winning)
|c|âCienight|nite
|leave|survivor tele
|leave|Orda-Y
|leave|Cienight
|player|p1
|leave|Flygon 42
|player|p2
|join|I need some help
|leave|gamerguy1123