|join|Cienight
|join|justtryinsomestuff
|player|p1|Cienight|75
|player|p2|justtryinsomestuff|2
|gametype|singles
|gen|6
|tier|OU
|rated
|clearpoke
|poke|p1|Azumarill, F
|poke|p1|Ferrothorn, F
|poke|p1|Landorus-Therian, M
|poke|p1|Latias, F
|poke|p1|Charizard, M
|poke|p1|Mew
|poke|p2|Metagross
|poke|p2|Greninja, F
|poke|p2|Keldeo-Resolute
|poke|p2|Landorus-Therian, M
|poke|p2|Tentacruel, M
|poke|p2|Talonflame, M
|rule|Swagger Clause: Swagger is banned
|rule|Baton Pass Clause: Limit one PokÃ©mon knowing Baton Pass
|rule|Sleep Clause Mod: Limit one foe put to sleep
|rule|Species Clause: Limit one of each PokÃ©mon
|rule|OHKO Clause: OHKO moves are banned
|rule|Moody Clause: Moody is banned
|rule|Evasion Moves Clause: Evasion moves are banned
|rule|Endless Battle Clause: Forcing endless battles is banned
|rule|HP Percentage Mod: HP is shown in percentages
|teampreview
|
|start
|switch|p1a: Landorus-Therian|Landorus-Therian, M|325\/325
|switch|p2a: Talonflame|Talonflame, M|297\/297
|-ability|p1a: Landorus-Therian|Intimidate|[of] p2a: Talonflame
|-unboost|p2a: Talonflame|atk|1
|turn|1
|
|switch|p2a: Landorus-Therian|Landorus-Therian, M|382\/382
|-ability|p2a: Landorus-Therian|Intimidate|[of] p1a: Landorus-Therian
|-unboost|p1a: Landorus-Therian|atk|1
|move|p1a: Landorus-Therian|U-turn|p2a: Landorus-Therian
|-resisted|p2a: Landorus-Therian
|-damage|p2a: Landorus-Therian|358\/382
|
|switch|p1a: Azumarill|Azumarill, F|381\/381
|
|-heal|p2a: Landorus-Therian|381\/382|[from] item: Leftovers
|turn|2
|
|switch|p2a: Tentacruel|Tentacruel, M|364\/364
|move|p1a: Azumarill|Waterfall|p2a: Tentacruel
|-resisted|p2a: Tentacruel
|-damage|p2a: Tentacruel|189\/364
|
|-heal|p2a: Tentacruel|211\/364|[from] item: Black Sludge
|turn|3
|
|move|p2a: Tentacruel|Knock Off|p1a: Azumarill
|-resisted|p1a: Azumarill
|-damage|p1a: Azumarill|357\/381
|-enditem|p1a: Azumarill|Choice Band|[from] move: Knock Off|[of] p2a: Tentacruel
|move|p1a: Azumarill|Waterfall|p2a: Tentacruel
|-resisted|p2a: Tentacruel
|-damage|p2a: Tentacruel|81\/364
|
|-heal|p2a: Tentacruel|103\/364|[from] item: Black Sludge
|turn|4
|
|move|p2a: Tentacruel|Acid Spray|p1a: Azumarill
|-supereffective|p1a: Azumarill
|-damage|p1a: Azumarill|265\/381
|-unboost|p1a: Azumarill|spd|2
|move|p1a: Azumarill|Waterfall|p2a: Tentacruel
|-resisted|p2a: Tentacruel
|-damage|p2a: Tentacruel|0 fnt
|faint|p2a: Tentacruel
|
|join|Ox the Fox
|
|switch|p2a: Greninja|Greninja, F|286\/286
|turn|5
|
|switch|p1a: Ferrothorn|Ferrothorn, F|349\/349
|move|p2a: Greninja|Hidden Power|p1a: Ferrothorn
|-start|p2a: Greninja|typechange|Fire|[from] Protean
|-supereffective|p1a: Ferrothorn
|-damage|p1a: Ferrothorn|0 fnt
|-damage|p2a: Greninja|258\/286|[from] item: Life Orb
|faint|p1a: Ferrothorn
|
|
|switch|p1a: Landorus-Therian|Landorus-Therian, M|325\/325
|-ability|p1a: Landorus-Therian|Intimidate|[of] p2a: Greninja
|-unboost|p2a: Greninja|atk|1
|turn|6
|
|switch|p2a: Landorus-Therian|Landorus-Therian, M|381\/382
|-ability|p2a: Landorus-Therian|Intimidate|[of] p1a: Landorus-Therian
|-unboost|p1a: Landorus-Therian|atk|1
|move|p1a: Landorus-Therian|Stone Edge|p2a: Landorus-Therian
|-damage|p2a: Landorus-Therian|312\/382
|
|-heal|p2a: Landorus-Therian|335\/382|[from] item: Leftovers
|turn|7
|
|switch|p1a: Azumarill|Azumarill, F|265\/381
|move|p2a: Landorus-Therian|Stealth Rock|p1a: Azumarill
|-sidestart|p1: Cienight|move: Stealth Rock
|
|-heal|p2a: Landorus-Therian|358\/382|[from] item: Leftovers
|turn|8
|
|switch|p2a: Metagross|Metagross|302\/302
|move|p1a: Azumarill|Waterfall|p2a: Metagross
|-damage|p2a: Metagross|172\/302
|
|turn|9
|
|detailschange|p2a: Metagross|Metagross-Mega
|message|Metagross has Mega Evolved into Mega Metagross!
|move|p2a: Metagross|Meteor Mash|p1a: Azumarill
|-damage|p1a: Azumarill|0 fnt
|faint|p1a: Azumarill
|
|
|switch|p1a: Landorus-Therian|Landorus-Therian, M|325\/325
|-damage|p1a: Landorus-Therian|285\/325|[from] Stealth Rock
|-ability|p1a: Landorus-Therian|Intimidate|[of] p2a: Metagross
|-unboost|p2a: Metagross|atk|1
|turn|10
|
|switch|p2a: Talonflame|Talonflame, M|297\/297
|move|p1a: Landorus-Therian|U-turn|p2a: Talonflame
|-resisted|p2a: Talonflame
|-damage|p2a: Talonflame|268\/297
|
|switch|p1a: Latias|Latias, F|301\/301
|-damage|p1a: Latias|264\/301|[from] Stealth Rock
|
|turn|11
|
|move|p2a: Talonflame|Swords Dance|p2a: Talonflame
|-boost|p2a: Talonflame|atk|2
|move|p1a: Latias|Defog|p2a: Talonflame
|-unboost|p2a: Talonflame|evasion|1
|-sideend|p1: Cienight|Stealth Rock|[from] move: Defog|[of] p1a: Latias
|
|turn|12
|
|move|p2a: Talonflame|Brave Bird|p1a: Latias
|-damage|p1a: Latias|0 fnt
|-damage|p2a: Talonflame|181\/297|[from] recoil|[of] p1a: Latias
|faint|p1a: Latias
|
|
|switch|p1a: Landorus-Therian|Landorus-Therian, M|285\/325
|-ability|p1a: Landorus-Therian|Intimidate|[of] p2a: Talonflame
|-unboost|p2a: Talonflame|atk|1
|turn|13
|
|move|p2a: Talonflame|Brave Bird|p1a: Landorus-Therian
|-damage|p1a: Landorus-Therian|5\/325
|-damage|p2a: Talonflame|89\/297|[from] recoil|[of] p1a: Landorus-Therian
|move|p1a: Landorus-Therian|Stone Edge|p2a: Talonflame
|-supereffective|p2a: Talonflame
|-damage|p2a: Talonflame|0 fnt
|faint|p2a: Talonflame
|
|
|switch|p2a: Landorus-Therian|Landorus-Therian, M|358\/382
|-ability|p2a: Landorus-Therian|Intimidate|[of] p1a: Landorus-Therian
|-unboost|p1a: Landorus-Therian|atk|1
|turn|14
|
|switch|p1a: Charizard|Charizard, M|315\/315
|move|p2a: Landorus-Therian|Stealth Rock|p1a: Charizard
|-sidestart|p1: Cienight|move: Stealth Rock
|
|-heal|p2a: Landorus-Therian|381\/382|[from] item: Leftovers
|turn|15
|
|detailschange|p1a: Charizard|Charizard-Mega-X, M
|message|Charizard has Mega Evolved into Mega Charizard!
|move|p1a: Charizard|Dragon Dance|p1a: Charizard
|-boost|p1a: Charizard|atk|1
|-boost|p1a: Charizard|spe|1
|move|p2a: Landorus-Therian|Stone Edge|p1a: Charizard
|-supereffective|p1a: Charizard
|-damage|p1a: Charizard|121\/315
|
|-heal|p2a: Landorus-Therian|382\/382|[from] item: Leftovers
|turn|16
|
|move|p1a: Charizard|Flare Blitz|p2a: Landorus-Therian
|-damage|p2a: Landorus-Therian|58\/382
|-damage|p1a: Charizard|14\/315|[from] recoil|[of] p2a: Landorus-Therian
|move|p2a: Landorus-Therian|Earthquake|p1a: Charizard
|-supereffective|p1a: Charizard
|-damage|p1a: Charizard|0 fnt
|faint|p1a: Charizard
|
|-heal|p2a: Landorus-Therian|81\/382|[from] item: Leftovers
|
|switch|p1a: Mew|Mew|403\/403
|-damage|p1a: Mew|353\/403|[from] Stealth Rock
|turn|17
|
|move|p1a: Mew|Will-O-Wisp|p2a: Landorus-Therian
|-status|p2a: Landorus-Therian|brn
|move|p2a: Landorus-Therian|Knock Off|p1a: Mew
|-supereffective|p1a: Mew
|-damage|p1a: Mew|241\/403
|-enditem|p1a: Mew|Leftovers|[from] move: Knock Off|[of] p2a: Landorus-Therian
|
|-heal|p2a: Landorus-Therian|104\/382 brn|[from] item: Leftovers
|-damage|p2a: Landorus-Therian|57\/382 brn|[from] brn
|turn|18
|join|ShootingStarmie
|
|switch|p2a: Greninja|Greninja, F|258\/286
|move|p1a: Mew|Roost|p1a: Mew
|-heal|p1a: Mew|403\/403
|
|turn|19
|
|move|p2a: Greninja|Dark Pulse|p1a: Mew
|-start|p2a: Greninja|typechange|Dark|[from] Protean
|-supereffective|p1a: Mew
|-damage|p1a: Mew|122\/403
|-damage|p2a: Greninja|230\/286|[from] item: Life Orb
|move|p1a: Mew|Knock Off|p2a: Greninja
|-resisted|p2a: Greninja
|-damage|p2a: Greninja|180\/286
|-enditem|p2a: Greninja|Life Orb|[from] move: Knock Off|[of] p1a: Mew
|
|turn|20
|
|move|p2a: Greninja|Dark Pulse|p1a: Mew
|-supereffective|p1a: Mew
|-damage|p1a: Mew|0 fnt
|faint|p1a: Mew
|
|c|âjusttryinsomestuff|gg
|
|switch|p1a: Landorus-Therian|Landorus-Therian, M|5\/325
|-damage|p1a: Landorus-Therian|0 fnt|[from] Stealth Rock
|faint|p1a: Landorus-Therian
|
|win|justtryinsomestuff
|raw|Ladder updating...
|c|âCienight|no.
|leave|Cienight
|player|p1
|raw|Cienight's rating: 1591 &rarr; <strong>1568<\/strong><br \/>(-23 for losing)
|raw|justtryinsomestuff's rating: 1544 &rarr; <strong>1567<\/strong><br \/>(+23 for winning)
|leave|Ox the Fox