|join|bad n lucky
|join|Cienight
|player|p1|bad n lucky|266
|player|p2|Cienight|75
|gametype|singles
|gen|6
|tier|OU
|rated
|clearpoke
|poke|p1|Talonflame, M, shiny
|poke|p1|Celebi
|poke|p1|Keldeo
|poke|p1|Landorus-Therian, M
|poke|p1|Latios, M, shiny
|poke|p1|Manectric, M
|poke|p2|Azumarill, F
|poke|p2|Ferrothorn, F
|poke|p2|Landorus-Therian, M, shiny
|poke|p2|Latias, F
|poke|p2|Charizard, M
|poke|p2|Mew
|rule|Swagger Clause: Swagger is banned
|rule|Baton Pass Clause: Limit one PokÃ©mon knowing Baton Pass
|rule|Sleep Clause Mod: Limit one foe put to sleep
|rule|Species Clause: Limit one of each PokÃ©mon
|rule|OHKO Clause: OHKO moves are banned
|rule|Moody Clause: Moody is banned
|rule|Evasion Moves Clause: Evasion moves are banned
|rule|Endless Battle Clause: Forcing endless battles is banned
|rule|HP Percentage Mod: HP is shown in percentages
|teampreview
|
|start
|switch|p1a: Landorus-Therian|Landorus-Therian, M|382\/382
|switch|p2a: Azumarill|Azumarill, F|363\/363
|-ability|p1a: Landorus-Therian|Intimidate|[of] p2a: Azumarill
|-unboost|p2a: Azumarill|atk|1
|turn|1
|
|move|p1a: Landorus-Therian|Stealth Rock|p2a: Azumarill
|-sidestart|p2: Cienight|move: Stealth Rock
|move|p2a: Azumarill|Waterfall|p1a: Landorus-Therian
|-supereffective|p1a: Landorus-Therian
|-damage|p1a: Landorus-Therian|94\/382
|-damage|p2a: Azumarill|303\/363|[from] item: Rocky Helmet|[of] p1a: Landorus-Therian
|
|turn|2
|
|switch|p2a: Landorus-Therian|Landorus-Therian, M, shiny|319\/319
|-damage|p2a: Landorus-Therian|280\/319|[from] Stealth Rock
|-ability|p2a: Landorus-Therian|Intimidate|[of] p1a: Landorus-Therian
|-unboost|p1a: Landorus-Therian|atk|1
|move|p1a: Landorus-Therian|U-turn|p2a: Landorus-Therian
|-resisted|p2a: Landorus-Therian
|-damage|p2a: Landorus-Therian|255\/319
|
|switch|p1a: Keldeo|Keldeo|323\/323
|
|turn|3
|
|switch|p2a: Latias|Latias, F|301\/301
|-damage|p2a: Latias|264\/301|[from] Stealth Rock
|switch|p1a: Talonflame|Talonflame, M, shiny|319\/319
|
|turn|4
|
|move|p1a: Talonflame|Swords Dance|p1a: Talonflame
|-boost|p1a: Talonflame|atk|2
|move|p2a: Latias|Defog|p1a: Talonflame
|-unboost|p1a: Talonflame|evasion|1
|-sideend|p2: Cienight|Stealth Rock|[from] move: Defog|[of] p2a: Latias
|
|turn|5
|
|switch|p2a: Landorus-Therian|Landorus-Therian, M, shiny|255\/319
|-ability|p2a: Landorus-Therian|Intimidate|[of] p1a: Talonflame
|-unboost|p1a: Talonflame|atk|1
|move|p1a: Talonflame|Brave Bird|p2a: Landorus-Therian
|-damage|p2a: Landorus-Therian|0 fnt
|-damage|p1a: Talonflame|235\/319|[from] recoil|[of] p2a: Landorus-Therian
|faint|p2a: Landorus-Therian
|
|join|Animus Majulous
|
|switch|p2a: Mew|Mew|400\/400
|turn|6
|
|move|p1a: Talonflame|Swords Dance|p1a: Talonflame
|-boost|p1a: Talonflame|atk|2
|move|p2a: Mew|Knock Off|p1a: Talonflame
|-damage|p1a: Talonflame|129\/319
|-enditem|p1a: Talonflame|Sharp Beak|[from] move: Knock Off|[of] p2a: Mew
|
|turn|7
|
|move|p1a: Talonflame|Roost|p1a: Talonflame
|-heal|p1a: Talonflame|289\/319
|move|p2a: Mew|Taunt|p1a: Talonflame
|-start|p1a: Talonflame|move: Taunt
|
|turn|8
|
|switch|p2a: Ferrothorn|Ferrothorn, F|349\/349
|move|p1a: Talonflame|Flare Blitz|p2a: Ferrothorn
|-supereffective|p2a: Ferrothorn
|-damage|p2a: Ferrothorn|0 fnt
|-damage|p1a: Talonflame|250\/319|[from] ability: Iron Barbs|[of] p2a: Ferrothorn
|-damage|p1a: Talonflame|135\/319|[from] recoil|[of] p2a: Ferrothorn
|faint|p2a: Ferrothorn
|
|
|switch|p2a: Mew|Mew|400\/400
|turn|9
|join|jack41
|join|belsex
|
|move|p1a: Talonflame|Flare Blitz|p2a: Mew
|-damage|p2a: Mew|27\/400
|-damage|p1a: Talonflame|12\/319|[from] recoil|[of] p2a: Mew
|move|p2a: Mew|Knock Off|p1a: Talonflame
|-damage|p1a: Talonflame|0 fnt
|faint|p1a: Talonflame
|
|-heal|p2a: Mew|52\/400|[from] item: Leftovers
|c|âCienight|wait what
|c|âCienight|how did I
|c|âCienight|live that
|c|âCienight|lol
|
|switch|p1a: Manectric|Manectric, M|281\/281
|turn|10
|c|âbad n lucky|are you like
|c|âbad n lucky|just max hp
|c|âCienight|no
|
|detailschange|p1a: Manectric|Manectric-Mega, M
|-mega|p1a: Manectric|Manectric|Manectite
|-ability|p1a: Manectric|Intimidate|[of] p2a: Mew
|-unboost|p2a: Mew|atk|1
|move|p1a: Manectric|Thunderbolt|p2a: Mew
|-damage|p2a: Mew|0 fnt
|faint|p2a: Mew
|
|
|switch|p2a: Charizard|Charizard, M|297\/297
|turn|11
|
|detailschange|p2a: Charizard|Charizard-Mega-X, M
|-mega|p2a: Charizard|Charizard|Charizardite X
|move|p1a: Manectric|Volt Switch|p2a: Charizard
|-resisted|p2a: Charizard
|-damage|p2a: Charizard|225\/297
|
|switch|p1a: Landorus-Therian|Landorus-Therian, M|94\/382
|-ability|p1a: Landorus-Therian|Intimidate|[of] p2a: Charizard
|-unboost|p2a: Charizard|atk|1
|move|p2a: Charizard|Dragon Dance|p2a: Charizard
|-boost|p2a: Charizard|atk|1
|-boost|p2a: Charizard|spe|1
|
|turn|12
|
|switch|p1a: Manectric|Manectric-Mega, M|281\/281
|-ability|p1a: Manectric|Intimidate|[of] p2a: Charizard
|-unboost|p2a: Charizard|atk|1
|move|p2a: Charizard|Dragon Claw|p1a: Manectric
|-damage|p1a: Manectric|127\/281
|
|turn|13
|
|move|p2a: Charizard|Dragon Claw|p1a: Manectric
|-damage|p1a: Manectric|0 fnt
|faint|p1a: Manectric
|
|
|switch|p1a: Landorus-Therian|Landorus-Therian, M|94\/382
|-ability|p1a: Landorus-Therian|Intimidate|[of] p2a: Charizard
|-unboost|p2a: Charizard|atk|1
|turn|14
|
|move|p2a: Charizard|Flare Blitz|p1a: Landorus-Therian
|-damage|p1a: Landorus-Therian|0 fnt
|-damage|p2a: Charizard|176\/297|[from] item: Rocky Helmet|[of] p1a: Landorus-Therian
|-damage|p2a: Charizard|145\/297|[from] recoil|[of] p1a: Landorus-Therian
|faint|p1a: Landorus-Therian
|
|
|switch|p1a: Keldeo|Keldeo|323\/323
|turn|15
|
|switch|p2a: Latias|Latias, F|264\/301
|move|p1a: Keldeo|Secret Sword|p2a: Latias
|-resisted|p2a: Latias
|-damage|p2a: Latias|152\/301
|
|turn|16
|
|move|p2a: Latias|Draco Meteor|p1a: Keldeo
|-damage|p1a: Keldeo|29\/323
|-unboost|p2a: Latias|spa|2
|-damage|p2a: Latias|122\/301|[from] item: Life Orb
|move|p1a: Keldeo|Secret Sword|p2a: Latias
|-resisted|p2a: Latias
|-damage|p2a: Latias|0 fnt
|faint|p2a: Latias
|
|
|switch|p2a: Azumarill|Azumarill, F|303\/363
|turn|17
|
|move|p2a: Azumarill|Aqua Jet|p1a: Keldeo
|-resisted|p1a: Keldeo
|-damage|p1a: Keldeo|0 fnt
|faint|p1a: Keldeo
|
|
|switch|p1a: Celebi|Celebi|404\/404
|turn|18
|
|switch|p2a: Charizard|Charizard-Mega-X, M|145\/297
|move|p1a: Celebi|Substitute|p1a: Celebi
|-start|p1a: Celebi|Substitute
|-damage|p1a: Celebi|303\/404
|
|-heal|p1a: Celebi|328\/404|[from] item: Leftovers
|turn|19
|
|move|p2a: Charizard|Dragon Claw|p1a: Celebi
|-end|p1a: Celebi|Substitute
|move|p1a: Celebi|Baton Pass|p1a: Celebi
|
|switch|p1a: Latios|Latios, M, shiny|301\/301
|
|turn|20
|
|move|p1a: Latios|Psychic|p2a: Charizard
|-damage|p2a: Charizard|0 fnt
|-damage|p1a: Latios|271\/301|[from] item: Life Orb
|faint|p2a: Charizard
|
|
|switch|p2a: Azumarill|Azumarill, F|303\/363
|turn|21
|
|move|p1a: Latios|Psychic|p2a: Azumarill
|-damage|p2a: Azumarill|44\/363
|-damage|p1a: Latios|241\/301|[from] item: Life Orb
|move|p2a: Azumarill|Play Rough|p1a: Latios
|-supereffective|p1a: Latios
|-damage|p1a: Latios|0 fnt
|faint|p1a: Latios
|
|
|switch|p1a: Celebi|Celebi|328\/404
|turn|22
|c|âCienight|gg
|
|move|p1a: Celebi|Giga Drain|p2a: Azumarill
|-supereffective|p2a: Azumarill
|-damage|p2a: Azumarill|0 fnt
|-heal|p1a: Celebi|350\/404|[from] drain|[of] p2a: Azumarill
|faint|p2a: Azumarill
|
|win|bad n lucky
|raw|Ladder updating...
|c|âbad n lucky|gg
|raw|bad n lucky's rating: 1640 &rarr; <strong>1663<\/strong><br \/>(+23 for winning)
|raw|Cienight's rating: 1705 &rarr; <strong>1681<\/strong><br \/>(-24 for losing)