|join|lfgi nigg
|join|Cienight
|player|p1|lfgi nigg|272
|player|p2|Cienight|84
|gametype|singles
|gen|6
|tier|OU
|clearpoke
|poke|p1|Manectric, F
|poke|p1|Kingdra, F
|poke|p1|Politoed, M
|poke|p1|Kabutops, M
|poke|p1|Ferrothorn, F
|poke|p1|Keldeo-Resolute
|poke|p2|Azelf
|poke|p2|Scizor, F
|poke|p2|Diggersby, M, shiny
|poke|p2|Latios, M
|poke|p2|Keldeo-Resolute
|poke|p2|Landorus-Therian, M, shiny
|rule|Swagger Clause: Swagger is banned
|rule|Baton Pass Clause: Limit one PokÃ©mon knowing Baton Pass
|rule|Sleep Clause Mod: Limit one foe put to sleep
|rule|Species Clause: Limit one of each PokÃ©mon
|rule|OHKO Clause: OHKO moves are banned
|rule|Moody Clause: Moody is banned
|rule|Evasion Moves Clause: Evasion moves are banned
|rule|Endless Battle Clause: Forcing endless battles is banned
|rule|HP Percentage Mod: HP is shown in percentages
|teampreview
|
|start
|switch|p1a: Manectric|Manectric, F|281\/281
|switch|p2a: Azelf|Azelf|291\/291
|turn|1
|
|detailschange|p1a: Manectric|Manectric-Mega, F
|-mega|p1a: Manectric|Manectric|Manectite
|-ability|p1a: Manectric|Intimidate|[of] p2a: Azelf
|-unboost|p2a: Azelf|atk|1
|move|p2a: Azelf|Stealth Rock|p1a: Manectric
|-sidestart|p1: lfgi nigg|move: Stealth Rock
|move|p1a: Manectric|Flamethrower|p2a: Azelf
|-damage|p2a: Azelf|136\/291
|
|turn|2
|
|move|p1a: Manectric|Volt Switch|p2a: Azelf
|-damage|p2a: Azelf|0 fnt
|faint|p2a: Azelf
|join|Risky Chance
|
|switch|p1a: Politoed|Politoed, M|383\/383
|-damage|p1a: Politoed|336\/383|[from] Stealth Rock
|-weather|RainDance
|
|-weather|RainDance|[upkeep]
|
|switch|p2a: Keldeo-Resolute|Keldeo-Resolute|323\/323
|turn|3
|
|move|p2a: Keldeo-Resolute|Secret Sword|p1a: Politoed
|-damage|p1a: Politoed|57\/383
|move|p1a: Politoed|Encore|p2a: Keldeo-Resolute
|-start|p2a: Keldeo-Resolute|Encore
|
|-weather|RainDance|[upkeep]
|turn|4
|join|habajiga
|join|jake5
|
|switch|p1a: Kingdra|Kingdra, F|301\/301
|-damage|p1a: Kingdra|264\/301|[from] Stealth Rock
|move|p2a: Keldeo-Resolute|Secret Sword|p1a: Kingdra
|-damage|p1a: Kingdra|11\/301
|
|-weather|RainDance|[upkeep]
|turn|5
|leave|jake5
|join|ThimoLimo
|
|move|p1a: Kingdra|Hydro Pump|p2a: Keldeo-Resolute|[miss]
|-miss|p1a: Kingdra|p2a: Keldeo-Resolute
|move|p2a: Keldeo-Resolute|Secret Sword|p1a: Kingdra
|-damage|p1a: Kingdra|0 fnt
|faint|p1a: Kingdra
|
|-weather|RainDance|[upkeep]
|c|âlfgi nigg|cool
|
|switch|p1a: Manectric|Manectric-Mega, F|281\/281
|-damage|p1a: Manectric|246\/281|[from] Stealth Rock
|-ability|p1a: Manectric|Intimidate|[of] p2a: Keldeo-Resolute
|-unboost|p2a: Keldeo-Resolute|atk|1
|turn|6
|
|switch|p2a: Latios|Latios, M|301\/301
|move|p1a: Manectric|Hidden Power|p2a: Latios
|-supereffective|p2a: Latios
|-damage|p2a: Latios|155\/301
|
|-weather|RainDance|[upkeep]
|turn|7
|
|switch|p1a: Ferrothorn|Ferrothorn, F|352\/352
|-damage|p1a: Ferrothorn|330\/352|[from] Stealth Rock
|move|p2a: Latios|Recover|p2a: Latios
|-heal|p2a: Latios|301\/301
|
|-weather|RainDance|[upkeep]
|-heal|p1a: Ferrothorn|352\/352|[from] item: Leftovers
|turn|8
|
|switch|p2a: Keldeo-Resolute|Keldeo-Resolute|323\/323
|move|p1a: Ferrothorn|Stealth Rock|p2a: Keldeo-Resolute
|-sidestart|p2: Cienight|move: Stealth Rock
|
|-weather|RainDance|[upkeep]
|turn|9
|
|move|p2a: Keldeo-Resolute|Secret Sword|p1a: Ferrothorn
|-supereffective|p1a: Ferrothorn
|-damage|p1a: Ferrothorn|64\/352
|move|p1a: Ferrothorn|Leech Seed|p2a: Keldeo-Resolute
|-start|p2a: Keldeo-Resolute|move: Leech Seed
|
|-weather|none
|-heal|p1a: Ferrothorn|86\/352|[from] item: Leftovers
|-damage|p2a: Keldeo-Resolute|283\/323|[from] Leech Seed|[of] p1a: Ferrothorn
|-heal|p1a: Ferrothorn|126\/352|[silent]
|turn|10
|
|move|p1a: Ferrothorn|Protect|p1a: Ferrothorn
|-singleturn|p1a: Ferrothorn|Protect
|move|p2a: Keldeo-Resolute|Secret Sword|p1a: Ferrothorn
|-activate|p1a: Ferrothorn|Protect
|
|-heal|p1a: Ferrothorn|148\/352|[from] item: Leftovers
|-damage|p2a: Keldeo-Resolute|243\/323|[from] Leech Seed|[of] p1a: Ferrothorn
|-heal|p1a: Ferrothorn|188\/352|[silent]
|turn|11
|
|move|p1a: Ferrothorn|Protect|p1a: Ferrothorn
|-fail|p1a: Ferrothorn
|move|p2a: Keldeo-Resolute|Secret Sword|p1a: Ferrothorn
|-supereffective|p1a: Ferrothorn
|-damage|p1a: Ferrothorn|0 fnt
|faint|p1a: Ferrothorn
|
|
|switch|p1a: Manectric|Manectric-Mega, F|246\/281
|-damage|p1a: Manectric|211\/281|[from] Stealth Rock
|-ability|p1a: Manectric|Intimidate|[of] p2a: Keldeo-Resolute
|-unboost|p2a: Keldeo-Resolute|atk|1
|turn|12
|
|switch|p2a: Latios|Latios, M|301\/301
|-damage|p2a: Latios|264\/301|[from] Stealth Rock
|move|p1a: Manectric|Volt Switch|p2a: Latios
|-resisted|p2a: Latios
|-damage|p2a: Latios|208\/301
|
|switch|p1a: Politoed|Politoed, M|57\/383
|-damage|p1a: Politoed|10\/383|[from] Stealth Rock
|-weather|RainDance
|
|-weather|RainDance|[upkeep]
|turn|13
|c|âlfgi nigg|can u explain why u were sacking keldeo to kingdra?
|c|âlfgi nigg|that was a horrible play
|
|move|p2a: Latios|Psyshock|p1a: Politoed
|-damage|p1a: Politoed|0 fnt
|-damage|p2a: Latios|178\/301|[from] item: Life Orb
|faint|p1a: Politoed
|
|-weather|RainDance|[upkeep]
|c|âCienight|because it wasn't even a win con
|
|switch|p1a: Kabutops|Kabutops, M|261\/261
|-damage|p1a: Kabutops|229\/261|[from] Stealth Rock
|turn|14
|c|âlfgi nigg|look at my team....
|c|âlfgi nigg|wow
|
|move|p1a: Kabutops|Stone Edge|p2a: Latios
|-damage|p2a: Latios|0 fnt
|-damage|p1a: Kabutops|203\/261|[from] item: Life Orb
|faint|p2a: Latios
|
|-weather|RainDance|[upkeep]
|
|switch|p2a: Keldeo-Resolute|Keldeo-Resolute|243\/323
|-damage|p2a: Keldeo-Resolute|223\/323|[from] Stealth Rock
|turn|15
|leave|habajiga
|c|âlfgi nigg|"not win con"
|c|âCienight|dude
|c|âCienight|I just picked
|c|âCienight|6 random mons
|
|switch|p1a: Keldeo-Resolute|Keldeo-Resolute|323\/323
|-damage|p1a: Keldeo-Resolute|303\/323|[from] Stealth Rock
|move|p2a: Keldeo-Resolute|Secret Sword|p1a: Keldeo-Resolute
|-damage|p1a: Keldeo-Resolute|39\/323
|
|-weather|RainDance|[upkeep]
|turn|16
|
|move|p2a: Keldeo-Resolute|Secret Sword|p1a: Keldeo-Resolute
|-damage|p1a: Keldeo-Resolute|0 fnt
|faint|p1a: Keldeo-Resolute
|
|-weather|RainDance|[upkeep]
|c|âlfgi nigg|and u win a speed tie
|c|âlfgi nigg|garbo
|-message|lfgi nigg forfeited.
|leave|lfgi nigg
|
|win|Cienight
|player|p1
|leave|Cienight
|player|p2
|leave|ThimoLimo