|join|Cienight
|join|A Sprite fan
|player|p1|Cienight|75
|player|p2|A Sprite fan|124
|gametype|singles
|gen|6
|tier|OU
|rated
|clearpoke
|poke|p1|Azumarill, F
|poke|p1|Ferrothorn, F
|poke|p1|Landorus-Therian, M, shiny
|poke|p1|Latias, F
|poke|p1|Charizard, M
|poke|p1|Mew
|poke|p2|Azelf
|poke|p2|Gallade, M
|poke|p2|Bisharp, F
|poke|p2|Manaphy
|poke|p2|Landorus-Therian, M
|poke|p2|Thundurus, M
|rule|Swagger Clause: Swagger is banned
|rule|Baton Pass Clause: Limit one PokÃ©mon knowing Baton Pass
|rule|Sleep Clause Mod: Limit one foe put to sleep
|rule|Species Clause: Limit one of each PokÃ©mon
|rule|OHKO Clause: OHKO moves are banned
|rule|Moody Clause: Moody is banned
|rule|Evasion Moves Clause: Evasion moves are banned
|rule|Endless Battle Clause: Forcing endless battles is banned
|rule|HP Percentage Mod: HP is shown in percentages
|teampreview
|
|start
|switch|p1a: Landorus-Therian|Landorus-Therian, M, shiny|325\/325
|switch|p2a: Azelf|Azelf|291\/291
|-ability|p1a: Landorus-Therian|Intimidate|[of] p2a: Azelf
|-unboost|p2a: Azelf|atk|1
|turn|1
|
|move|p1a: Landorus-Therian|U-turn|p2a: Azelf
|-supereffective|p2a: Azelf
|-enditem|p2a: Azelf|Focus Sash
|-damage|p2a: Azelf|1\/291
|
|switch|p1a: Azumarill|Azumarill, F|381\/381
|move|p2a: Azelf|Stealth Rock|p1a: Azumarill
|-sidestart|p1: Cienight|move: Stealth Rock
|
|turn|2
|
|move|p1a: Azumarill|Aqua Jet|p2a: Azelf
|-damage|p2a: Azelf|0 fnt
|faint|p2a: Azelf
|
|
|switch|p2a: Raijin|Thundurus, M|299\/299
|turn|3
|
|switch|p1a: Ferrothorn|Ferrothorn, F|349\/349
|-damage|p1a: Ferrothorn|328\/349|[from] Stealth Rock
|move|p2a: Raijin|Thunderbolt|p1a: Ferrothorn
|-resisted|p1a: Ferrothorn
|-damage|p1a: Ferrothorn|249\/349
|-damage|p2a: Raijin|270\/299|[from] item: Life Orb
|
|-heal|p1a: Ferrothorn|270\/349|[from] item: Leftovers
|turn|4
|
|move|p2a: Raijin|Focus Blast|p1a: Ferrothorn
|-supereffective|p1a: Ferrothorn
|-damage|p1a: Ferrothorn|0 fnt
|-damage|p2a: Raijin|241\/299|[from] item: Life Orb
|faint|p1a: Ferrothorn
|
|
|switch|p1a: Mew|Mew|400\/400
|-damage|p1a: Mew|350\/400|[from] Stealth Rock
|turn|5
|
|move|p2a: Raijin|Thunder Wave|p1a: Mew
|-status|p1a: Mew|par
|move|p1a: Mew|Knock Off|p2a: Raijin
|-damage|p2a: Raijin|138\/299
|-enditem|p2a: Raijin|Life Orb|[from] move: Knock Off|[of] p1a: Mew
|
|-heal|p1a: Mew|375\/400 par|[from] item: Leftovers
|turn|6
|
|switch|p2a: Manaphy|Manaphy|369\/369
|move|p1a: Mew|Will-O-Wisp|p2a: Manaphy
|-status|p2a: Manaphy|brn
|
|-heal|p1a: Mew|400\/400 par|[from] item: Leftovers
|-damage|p2a: Manaphy|323\/369 brn|[from] brn
|turn|7
|
|switch|p1a: Latias|Latias, F|301\/301
|-damage|p1a: Latias|264\/301|[from] Stealth Rock
|move|p2a: Manaphy|Tail Glow|p2a: Manaphy
|-boost|p2a: Manaphy|spa|3
|
|-heal|p2a: Manaphy|346\/369 brn|[from] item: Leftovers
|-damage|p2a: Manaphy|300\/369 brn|[from] brn
|turn|8
|
|switch|p2a: 2HKOed by Latios|Bisharp, F|279\/279
|move|p1a: Latias|Defog|p2a: 2HKOed by Latios
|-unboost|p2a: 2HKOed by Latios|evasion|1
|-boost|p2a: 2HKOed by Latios|atk|2|[from] ability: Defiant
|-sideend|p1: Cienight|Stealth Rock|[from] move: Defog|[of] p1a: Latias
|
|turn|9
|
|move|p1a: Latias|Healing Wish|p1a: Latias
|faint|p1a: Latias
|move|p2a: 2HKOed by Latios|Pursuit|p1: Latias|[notarget]
|-notarget
|
|
|switch|p1a: Mew|Mew|400\/400 par
|-heal|p1a: Mew|400\/400|[from] move: Healing Wish
|turn|10
|
|move|p1a: Mew|Will-O-Wisp|p2a: 2HKOed by Latios
|-status|p2a: 2HKOed by Latios|brn
|move|p2a: 2HKOed by Latios|Knock Off|p1a: Mew
|-supereffective|p1a: Mew
|-damage|p1a: Mew|28\/400
|-enditem|p1a: Mew|Leftovers|[from] move: Knock Off|[of] p2a: 2HKOed by Latios
|
|-damage|p2a: 2HKOed by Latios|245\/279 brn|[from] brn
|turn|11
|
|move|p1a: Mew|Roost|p1a: Mew
|-heal|p1a: Mew|228\/400
|move|p2a: 2HKOed by Latios|Knock Off|p1a: Mew
|-supereffective|p1a: Mew
|-damage|p1a: Mew|0 fnt
|faint|p1a: Mew
|
|-damage|p2a: 2HKOed by Latios|211\/279 brn|[from] brn
|
|switch|p1a: Charizard|Charizard, M|297\/297
|turn|12
|
|detailschange|p1a: Charizard|Charizard-Mega-X, M
|-mega|p1a: Charizard|Charizard|Charizardite X
|move|p1a: Charizard|Flare Blitz|p2a: 2HKOed by Latios
|-supereffective|p2a: 2HKOed by Latios
|-damage|p2a: 2HKOed by Latios|0 fnt
|-damage|p1a: Charizard|227\/297|[from] recoil|[of] p2a: 2HKOed by Latios
|faint|p2a: 2HKOed by Latios
|
|
|switch|p2a: MUFASA DIES|Landorus-Therian, M|319\/319
|-ability|p2a: MUFASA DIES|Intimidate|[of] p1a: Charizard
|-unboost|p1a: Charizard|atk|1
|turn|13
|
|switch|p1a: Landorus-Therian|Landorus-Therian, M, shiny|325\/325
|-ability|p1a: Landorus-Therian|Intimidate|[of] p2a: MUFASA DIES
|-unboost|p2a: MUFASA DIES|atk|1
|move|p2a: MUFASA DIES|U-turn|p1a: Landorus-Therian
|-resisted|p1a: Landorus-Therian
|-damage|p1a: Landorus-Therian|291\/325
|
|switch|p2a: Manaphy|Manaphy|300\/369 brn
|
|-heal|p2a: Manaphy|323\/369 brn|[from] item: Leftovers
|-damage|p2a: Manaphy|277\/369 brn|[from] brn
|turn|14
|
|move|p1a: Landorus-Therian|Knock Off|p2a: Manaphy
|-damage|p2a: Manaphy|130\/369 brn
|-enditem|p2a: Manaphy|Leftovers|[from] move: Knock Off|[of] p1a: Landorus-Therian
|move|p2a: Manaphy|Scald|p1a: Landorus-Therian
|-supereffective|p1a: Landorus-Therian
|-damage|p1a: Landorus-Therian|0 fnt
|faint|p1a: Landorus-Therian
|
|-damage|p2a: Manaphy|84\/369 brn|[from] brn
|
|switch|p1a: Charizard|Charizard-Mega-X, M|227\/297
|turn|15
|
|move|p1a: Charizard|Dragon Claw|p2a: Manaphy
|-damage|p2a: Manaphy|0 fnt
|faint|p2a: Manaphy
|
|
|switch|p2a: MUFASA DIES|Landorus-Therian, M|319\/319
|-ability|p2a: MUFASA DIES|Intimidate|[of] p1a: Charizard
|-unboost|p1a: Charizard|atk|1
|turn|16
|
|switch|p1a: Azumarill|Azumarill, F|381\/381
|move|p2a: MUFASA DIES|Earthquake|p1a: Azumarill
|-damage|p1a: Azumarill|138\/381
|
|turn|17
|
|switch|p2a: Raijin|Thundurus, M|138\/299
|move|p1a: Azumarill|Aqua Jet|p2a: Raijin
|-damage|p2a: Raijin|0 fnt
|faint|p2a: Raijin
|
|
|switch|p2a: MUFASA DIES|Landorus-Therian, M|319\/319
|-ability|p2a: MUFASA DIES|Intimidate|[of] p1a: Azumarill
|-unboost|p1a: Azumarill|atk|1
|turn|18
|
|switch|p1a: Charizard|Charizard-Mega-X, M|227\/297
|move|p2a: MUFASA DIES|Earthquake|p1a: Charizard
|-supereffective|p1a: Charizard
|-damage|p1a: Charizard|0 fnt
|faint|p1a: Charizard
|
|
|switch|p1a: Azumarill|Azumarill, F|138\/381
|turn|19
|
|switch|p2a: Bulk Up|Gallade, M|277\/277
|move|p1a: Azumarill|Aqua Jet|p2a: Bulk Up
|-damage|p2a: Bulk Up|96\/277
|
|turn|20
|
|detailschange|p2a: Bulk Up|Gallade-Mega, M
|-mega|p2a: Bulk Up|Gallade|Galladite
|move|p1a: Azumarill|Aqua Jet|p2a: Bulk Up
|-damage|p2a: Bulk Up|0 fnt
|faint|p2a: Bulk Up
|
|
|switch|p2a: MUFASA DIES|Landorus-Therian, M|319\/319
|-ability|p2a: MUFASA DIES|Intimidate|[of] p1a: Azumarill
|-unboost|p1a: Azumarill|atk|1
|turn|21
|
|move|p1a: Azumarill|Aqua Jet|p2a: MUFASA DIES
|-supereffective|p2a: MUFASA DIES
|-damage|p2a: MUFASA DIES|121\/319
|move|p2a: MUFASA DIES|Earthquake|p1a: Azumarill
|-damage|p1a: Azumarill|0 fnt
|faint|p1a: Azumarill
|
|win|A Sprite fan
|raw|Ladder updating...
|raw|Cienight's rating: 1691 &rarr; <strong>1667<\/strong><br \/>(-24 for losing)
|raw|A Sprite fan's rating: 1618 &rarr; <strong>1642<\/strong><br \/>(+24 for winning)
|leave|Cienight
|player|p1