|join|AdiratcuzNegat
|join|Cienight
|player|p1|AdiratcuzNegat|283
|player|p2|Cienight|84
|gametype|singles
|gen|6
|tier|OU (suspect test)
|rated
|clearpoke
|poke|p1|Sceptile, M
|poke|p1|Starmie
|poke|p1|Heatran, M
|poke|p1|Gliscor, F
|poke|p1|Azumarill, F
|poke|p1|Diggersby, M
|poke|p2|Azumarill, F
|poke|p2|Ferrothorn, M
|poke|p2|Landorus-Therian, M, shiny
|poke|p2|Latias, F
|poke|p2|Charizard, M
|poke|p2|Mew
|rule|Swagger Clause: Swagger is banned
|rule|Baton Pass Clause: Limit one PokÃ©mon knowing Baton Pass
|rule|Sleep Clause Mod: Limit one foe put to sleep
|rule|Species Clause: Limit one of each PokÃ©mon
|rule|OHKO Clause: OHKO moves are banned
|rule|Moody Clause: Moody is banned
|rule|Evasion Moves Clause: Evasion moves are banned
|rule|Endless Battle Clause: Forcing endless battles is banned
|rule|HP Percentage Mod: HP is shown in percentages
|teampreview
|
|start
|switch|p1a: Heatran|Heatran, M|381\/381
|switch|p2a: Azumarill|Azumarill, F|381\/381
|turn|1
|join|Numera
|c| Numera|you already have reqs
|c| Numera|why waste more time on the ladder lol
|
|move|p1a: Heatran|Flash Cannon|p2a: Azumarill
|-damage|p2a: Azumarill|225\/381
|move|p2a: Azumarill|Waterfall|p1a: Heatran
|-supereffective|p1a: Heatran
|-damage|p1a: Heatran|0 fnt
|faint|p1a: Heatran
|
|
|switch|p1a: Diggersby|Diggersby, M|311\/311
|turn|2
|
|switch|p2a: Ferrothorn|Ferrothorn, M|349\/349
|move|p1a: Diggersby|Swords Dance|p1a: Diggersby
|-boost|p1a: Diggersby|atk|2
|
|turn|3
|c| Numera|trying to stop anti-ban people from getting reqs or something? I'd be all for that
|
|move|p1a: Diggersby|Earthquake|p2a: Ferrothorn
|-damage|p2a: Ferrothorn|39\/349
|move|p2a: Ferrothorn|Gyro Ball|p1a: Diggersby
|-damage|p1a: Diggersby|97\/311
|
|-heal|p2a: Ferrothorn|60\/349|[from] item: Leftovers
|turn|4
|
|move|p1a: Diggersby|Return|p2a: Ferrothorn
|-resisted|p2a: Ferrothorn
|-damage|p2a: Ferrothorn|0 fnt
|-damage|p1a: Diggersby|59\/311|[from] ability: Iron Barbs|[of] p2a: Ferrothorn
|faint|p2a: Ferrothorn
|
|c|âAdiratcuzNegat|i don't want to vote tbh
|
|switch|p2a: Landorus-Therian|Landorus-Therian, M, shiny|325\/325
|-ability|p2a: Landorus-Therian|Intimidate|[of] p1a: Diggersby
|-unboost|p1a: Diggersby|atk|1
|turn|5
|
|switch|p1a: Gliscor|Gliscor, F|353\/353
|move|p2a: Landorus-Therian|Earthquake|p1a: Gliscor
|-immune|p1a: Gliscor|[msg]
|
|-status|p1a: Gliscor|tox|[from] item: Toxic Orb
|turn|6
|c| Numera|imog
|c| Numera|get reqs
|
|switch|p2a: Mew|Mew|403\/403
|move|p1a: Gliscor|Stealth Rock|p2a: Mew
|-sidestart|p2: Cienight|move: Stealth Rock
|
|turn|7
|c| Numera|vote ban anyway
|c| Numera|:]
|
|move|p2a: Mew|Taunt|p1a: Gliscor
|-start|p1a: Gliscor|move: Taunt
|cant|p1a: Gliscor|move: Taunt|Toxic
|
|turn|8
|
|switch|p1a: Sceptile|Sceptile, M|300\/300
|move|p2a: Mew|Knock Off|p1a: Sceptile
|-damage|p1a: Sceptile|229\/300
|
|turn|9
|
|detailschange|p1a: Sceptile|Sceptile-Mega, M
|-mega|p1a: Sceptile|Sceptile|Sceptilite
|move|p1a: Sceptile|Substitute|p1a: Sceptile
|-start|p1a: Sceptile|Substitute
|-damage|p1a: Sceptile|154\/300
|move|p2a: Mew|Taunt|p1a: Sceptile
|-start|p1a: Sceptile|move: Taunt
|
|turn|10
|
|move|p1a: Sceptile|Giga Drain|p2a: Mew
|-damage|p2a: Mew|292\/403
|-heal|p1a: Sceptile|210\/300|[from] drain|[of] p2a: Mew
|move|p2a: Mew|Knock Off|p1a: Sceptile
|-activate|p1a: Sceptile|Substitute|[damage]
|
|-heal|p2a: Mew|317\/403|[from] item: Leftovers
|turn|11
|
|move|p1a: Sceptile|Dragon Pulse|p2a: Mew
|-damage|p2a: Mew|188\/403
|move|p2a: Mew|Knock Off|p1a: Sceptile
|-crit|p1a: Sceptile
|-end|p1a: Sceptile|Substitute
|
|-heal|p2a: Mew|213\/403|[from] item: Leftovers
|turn|12
|
|move|p1a: Sceptile|Dragon Pulse|p2a: Mew
|-damage|p2a: Mew|65\/403
|move|p2a: Mew|Roost|p2a: Mew
|-heal|p2a: Mew|267\/403
|
|-heal|p2a: Mew|292\/403|[from] item: Leftovers
|-end|p1a: Sceptile|move: Taunt
|turn|13
|
|move|p1a: Sceptile|Substitute|p1a: Sceptile
|-start|p1a: Sceptile|Substitute
|-damage|p1a: Sceptile|135\/300
|move|p2a: Mew|Knock Off|p1a: Sceptile
|-activate|p1a: Sceptile|Substitute|[damage]
|
|-heal|p2a: Mew|317\/403|[from] item: Leftovers
|turn|14
|
|move|p1a: Sceptile|Giga Drain|p2a: Mew
|-damage|p2a: Mew|187\/403
|-heal|p1a: Sceptile|200\/300|[from] drain|[of] p2a: Mew
|move|p2a: Mew|Roost|p2a: Mew
|-heal|p2a: Mew|389\/403
|
|-heal|p2a: Mew|403\/403|[from] item: Leftovers
|turn|15
|
|move|p1a: Sceptile|Giga Drain|p2a: Mew
|-damage|p2a: Mew|289\/403
|-heal|p1a: Sceptile|257\/300|[from] drain|[of] p2a: Mew
|move|p2a: Mew|Taunt|p1a: Sceptile
|-start|p1a: Sceptile|move: Taunt
|
|-heal|p2a: Mew|314\/403|[from] item: Leftovers
|turn|16
|
|move|p1a: Sceptile|Dragon Pulse|p2a: Mew
|-damage|p2a: Mew|179\/403
|move|p2a: Mew|Knock Off|p1a: Sceptile
|-end|p1a: Sceptile|Substitute
|
|-heal|p2a: Mew|204\/403|[from] item: Leftovers
|turn|17
|
|switch|p1a: Gliscor|Gliscor, F|353\/353 tox
|move|p2a: Mew|Roost|p2a: Mew
|-heal|p2a: Mew|403\/403
|
|turn|18
|
|move|p2a: Mew|Taunt|p1a: Gliscor
|-start|p1a: Gliscor|move: Taunt
|move|p1a: Gliscor|Earthquake|p2a: Mew
|-damage|p2a: Mew|285\/403
|
|-heal|p2a: Mew|310\/403|[from] item: Leftovers
|turn|19
|
|switch|p2a: Latias|Latias, F|301\/301
|-damage|p2a: Latias|264\/301|[from] Stealth Rock
|move|p1a: Gliscor|Earthquake|p2a: Latias
|-immune|p2a: Latias|[msg]
|
|turn|20
|
|switch|p1a: Azumarill|Azumarill, F|401\/401
|move|p2a: Latias|Defog|p1a: Azumarill
|-unboost|p1a: Azumarill|evasion|1
|-sideend|p2: Cienight|Stealth Rock|[from] move: Defog|[of] p2a: Latias
|
|turn|21
|join|BHARATHTHEBEST
|
|move|p2a: Latias|Thunderbolt|p1a: Azumarill
|-supereffective|p1a: Azumarill
|-damage|p1a: Azumarill|214\/401
|-damage|p2a: Latias|234\/301|[from] item: Life Orb
|move|p1a: Azumarill|Waterfall|p2a: Latias
|-resisted|p2a: Latias
|-damage|p2a: Latias|144\/301
|
|turn|22
|
|switch|p2a: Landorus-Therian|Landorus-Therian, M, shiny|325\/325
|-ability|p2a: Landorus-Therian|Intimidate|[of] p1a: Azumarill
|-unboost|p1a: Azumarill|atk|1
|move|p1a: Azumarill|Knock Off|p2a: Landorus-Therian
|-damage|p2a: Landorus-Therian|221\/325
|-enditem|p2a: Landorus-Therian|Choice Scarf|[from] move: Knock Off|[of] p1a: Azumarill
|
|turn|23
|
|switch|p1a: Gliscor|Gliscor, F|353\/353 tox
|move|p2a: Landorus-Therian|U-turn|p1a: Gliscor
|-crit|p1a: Gliscor
|-resisted|p1a: Gliscor
|-damage|p1a: Gliscor|306\/353 tox
|
|switch|p2a: Azumarill|Azumarill, F|225\/381
|
|-heal|p1a: Gliscor|350\/353 tox|[from] ability: Poison Heal
|turn|24
|
|move|p1a: Gliscor|Stealth Rock|p2a: Azumarill
|-sidestart|p2: Cienight|move: Stealth Rock
|move|p2a: Azumarill|Play Rough|p1a: Gliscor
|-damage|p1a: Gliscor|166\/353 tox
|
|-heal|p1a: Gliscor|210\/353 tox|[from] ability: Poison Heal
|turn|25
|
|switch|p2a: Landorus-Therian|Landorus-Therian, M, shiny|221\/325
|-damage|p2a: Landorus-Therian|181\/325|[from] Stealth Rock
|-ability|p2a: Landorus-Therian|Intimidate|[of] p1a: Gliscor
|-unboost|p1a: Gliscor|atk|1
|move|p1a: Gliscor|Toxic|p2a: Landorus-Therian
|-status|p2a: Landorus-Therian|tox
|
|-damage|p2a: Landorus-Therian|161\/325 tox|[from] psn
|-heal|p1a: Gliscor|254\/353 tox|[from] ability: Poison Heal
|turn|26
|
|move|p2a: Landorus-Therian|Explosion|p1a: Gliscor
|-damage|p1a: Gliscor|19\/353 tox
|faint|p2a: Landorus-Therian
|move|p1a: Gliscor|Toxic|p2: Landorus-Therian|[notarget]
|-notarget
|
|-heal|p1a: Gliscor|63\/353 tox|[from] ability: Poison Heal
|
|switch|p2a: Latias|Latias, F|144\/301
|-damage|p2a: Latias|107\/301|[from] Stealth Rock
|turn|27
|
|move|p2a: Latias|Defog|p1a: Gliscor
|-unboost|p1a: Gliscor|evasion|1
|-sideend|p2: Cienight|Stealth Rock|[from] move: Defog|[of] p2a: Latias
|move|p1a: Gliscor|Roost|p1a: Gliscor
|-heal|p1a: Gliscor|240\/353 tox
|
|-heal|p1a: Gliscor|284\/353 tox|[from] ability: Poison Heal
|turn|28
|
|switch|p2a: Azumarill|Azumarill, F|225\/381
|move|p1a: Gliscor|Stealth Rock|p2a: Azumarill
|-sidestart|p2: Cienight|move: Stealth Rock
|
|-heal|p1a: Gliscor|328\/353 tox|[from] ability: Poison Heal
|turn|29
|
|switch|p1a: Sceptile|Sceptile-Mega, M|257\/300
|move|p2a: Azumarill|Waterfall|p1a: Sceptile
|-resisted|p1a: Sceptile
|-damage|p1a: Sceptile|181\/300
|
|turn|30
|
|switch|p2a: Mew|Mew|310\/403
|-damage|p2a: Mew|260\/403|[from] Stealth Rock
|move|p1a: Sceptile|Dragon Pulse|p2a: Mew
|-damage|p2a: Mew|116\/403
|
|-heal|p2a: Mew|141\/403|[from] item: Leftovers
|turn|31
|
|move|p1a: Sceptile|Dragon Pulse|p2a: Mew
|-damage|p2a: Mew|0 fnt
|faint|p2a: Mew
|
|-message|Cienight forfeited.
|leave|Cienight
|
|win|AdiratcuzNegat
|raw|Ladder updating...
|player|p2
|raw|AdiratcuzNegat's rating: 1506 &rarr; <strong>1527<\/strong><br \/>(+21 for winning)
|raw|Cienight's rating: 1527 &rarr; <strong>1506<\/strong><br \/>(-21 for losing)