|join|SSB is better
|join|Cienight
|player|p1|SSB is better|153
|player|p2|Cienight|84
|gametype|singles
|gen|6
|tier|OU (suspect test)
|rated
|clearpoke
|poke|p1|Mamoswine, M
|poke|p1|Charizard, F
|poke|p1|Keldeo
|poke|p1|Clefable, M
|poke|p1|Thundurus, M
|poke|p1|Mew, shiny
|poke|p2|Azumarill, F
|poke|p2|Ferrothorn, M
|poke|p2|Landorus-Therian, M, shiny
|poke|p2|Latias, F
|poke|p2|Charizard, M
|poke|p2|Mew
|rule|Swagger Clause: Swagger is banned
|rule|Baton Pass Clause: Limit one PokÃ©mon knowing Baton Pass
|rule|Sleep Clause Mod: Limit one foe put to sleep
|rule|Species Clause: Limit one of each PokÃ©mon
|rule|OHKO Clause: OHKO moves are banned
|rule|Moody Clause: Moody is banned
|rule|Evasion Moves Clause: Evasion moves are banned
|rule|Endless Battle Clause: Forcing endless battles is banned
|rule|HP Percentage Mod: HP is shown in percentages
|teampreview
|
|start
|switch|p1a: Keldeo|Keldeo|323\/323
|switch|p2a: Mew|Mew|403\/403
|turn|1
|
|switch|p2a: Latias|Latias, F|301\/301
|move|p1a: Keldeo|Scald|p2a: Latias
|-resisted|p2a: Latias
|-damage|p2a: Latias|211\/301
|
|turn|2
|
|switch|p1a: Mew|Mew, shiny|404\/404
|move|p2a: Latias|Thunderbolt|p1a: Mew
|-damage|p1a: Mew|307\/404
|-damage|p2a: Latias|181\/301|[from] item: Life Orb
|
|-heal|p1a: Mew|332\/404|[from] item: Leftovers
|turn|3
|
|switch|p2a: Charizard|Charizard, M|315\/315
|switch|p1a: Keldeo|Keldeo|323\/323
|
|turn|4
|
|switch|p2a: Latias|Latias, F|181\/301
|move|p1a: Keldeo|Hydro Pump|p2a: Latias
|-resisted|p2a: Latias
|-damage|p2a: Latias|71\/301
|
|turn|5
|
|switch|p1a: Clefable|Clefable, M|394\/394
|move|p2a: Latias|Draco Meteor|p1a: Clefable
|-immune|p1a: Clefable|[msg]
|
|turn|6
|
|switch|p2a: Azumarill|Azumarill, F|381\/381
|move|p1a: Clefable|Moonblast|p2a: Azumarill
|-damage|p2a: Azumarill|254\/381
|
|turn|7
|
|move|p2a: Azumarill|Play Rough|p1a: Clefable
|-damage|p1a: Clefable|151\/394
|move|p1a: Clefable|Moonblast|p2a: Azumarill
|-damage|p2a: Azumarill|125\/381
|-unboost|p2a: Azumarill|spa|1
|
|-heal|p1a: Clefable|175\/394|[from] item: Leftovers
|turn|8
|
|move|p2a: Azumarill|Play Rough|p1a: Clefable
|-damage|p1a: Clefable|0 fnt
|faint|p1a: Clefable
|
|
|switch|p1a: Charizard|Charizard, F|333\/333
|turn|9
|
|switch|p2a: Latias|Latias, F|71\/301
|detailschange|p1a: Charizard|Charizard-Mega-X, F
|-mega|p1a: Charizard|Charizard|Charizardite X
|move|p1a: Charizard|Flare Blitz|p2a: Latias
|-resisted|p2a: Latias
|-damage|p2a: Latias|0 fnt
|-damage|p1a: Charizard|310\/333|[from] recoil|[of] p2a: Latias
|faint|p2a: Latias
|
|
|switch|p2a: Landorus-Therian|Landorus-Therian, M, shiny|325\/325
|-ability|p2a: Landorus-Therian|Intimidate|[of] p1a: Charizard
|-unboost|p1a: Charizard|atk|1
|turn|10
|
|switch|p1a: Thundurus|Thundurus, M|300\/300
|move|p2a: Landorus-Therian|U-turn|p1a: Thundurus
|-resisted|p1a: Thundurus
|-damage|p1a: Thundurus|237\/300
|
|switch|p2a: Ferrothorn|Ferrothorn, M|349\/349
|
|turn|11
|
|move|p1a: Thundurus|Focus Blast|p2a: Ferrothorn
|-supereffective|p2a: Ferrothorn
|-damage|p2a: Ferrothorn|79\/349
|-damage|p1a: Thundurus|207\/300|[from] item: Life Orb
|move|p2a: Ferrothorn|Stealth Rock|p1a: Thundurus
|-sidestart|p1: SSB is better|move: Stealth Rock
|
|-heal|p2a: Ferrothorn|100\/349|[from] item: Leftovers
|turn|12
|
|switch|p2a: Mew|Mew|403\/403
|move|p1a: Thundurus|Thunderbolt|p2a: Mew
|-damage|p2a: Mew|247\/403
|-damage|p1a: Thundurus|177\/300|[from] item: Life Orb
|
|-heal|p2a: Mew|272\/403|[from] item: Leftovers
|turn|13
|
|move|p1a: Thundurus|Thunder Wave|p2a: Mew
|-status|p2a: Mew|par
|cant|p2a: Mew|par
|
|-heal|p2a: Mew|297\/403 par|[from] item: Leftovers
|turn|14
|
|switch|p1a: Mew|Mew, shiny|332\/404
|-damage|p1a: Mew|282\/404|[from] Stealth Rock
|move|p2a: Mew|Roost|p2a: Mew
|-heal|p2a: Mew|403\/403 par
|
|-heal|p1a: Mew|307\/404|[from] item: Leftovers
|turn|15
|
|switch|p2a: Charizard|Charizard, M|315\/315
|move|p1a: Mew|Defog|p2a: Charizard
|-unboost|p2a: Charizard|evasion|1
|-sideend|p1: SSB is better|Stealth Rock|[from] move: Defog|[of] p1a: Mew
|
|-heal|p1a: Mew|332\/404|[from] item: Leftovers
|turn|16
|
|switch|p1a: Mamoswine|Mamoswine, M|361\/361
|detailschange|p2a: Charizard|Charizard-Mega-X, M
|-mega|p2a: Charizard|Charizard|Charizardite X
|move|p2a: Charizard|Dragon Dance|p2a: Charizard
|-boost|p2a: Charizard|atk|1
|-boost|p2a: Charizard|spe|1
|
|turn|17
|
|move|p2a: Charizard|Flare Blitz|p1a: Mamoswine
|-supereffective|p1a: Mamoswine
|-enditem|p1a: Mamoswine|Focus Sash
|-damage|p1a: Mamoswine|1\/361
|-damage|p2a: Charizard|196\/315|[from] recoil|[of] p1a: Mamoswine
|move|p1a: Mamoswine|Earthquake|p2a: Charizard
|-supereffective|p2a: Charizard
|-damage|p2a: Charizard|0 fnt
|faint|p2a: Charizard
|
|join|maestro YOda
|leave|maestro YOda
|
|switch|p2a: Landorus-Therian|Landorus-Therian, M, shiny|325\/325
|-ability|p2a: Landorus-Therian|Intimidate|[of] p1a: Mamoswine
|-unboost|p1a: Mamoswine|atk|1
|turn|18
|
|move|p1a: Mamoswine|Ice Shard|p2a: Landorus-Therian
|-supereffective|p2a: Landorus-Therian
|-damage|p2a: Landorus-Therian|129\/325
|move|p2a: Landorus-Therian|U-turn|p1a: Mamoswine
|-damage|p1a: Mamoswine|0 fnt
|faint|p1a: Mamoswine
|
|switch|p2a: Azumarill|Azumarill, F|125\/381
|
|
|switch|p1a: Mew|Mew, shiny|332\/404
|turn|19
|
|switch|p2a: Mew|Mew|403\/403 par
|move|p1a: Mew|Will-O-Wisp|p2a: Mew
|-fail|p2a: Mew
|
|-heal|p1a: Mew|357\/404|[from] item: Leftovers
|turn|20
|
|switch|p1a: Charizard|Charizard-Mega-X, F|310\/333
|cant|p2a: Mew|par
|
|turn|21
|-message|Cienight forfeited.
|leave|Cienight
|
|switch|p2a: Landorus-Therian|Landorus-Therian, M, shiny|129\/325
|-ability|p2a: Landorus-Therian|Intimidate|[of] p1a: Charizard
|-unboost|p1a: Charizard|atk|1
|move|p1a: Charizard|Flare Blitz|p2a: Landorus-Therian
|-damage|p2a: Landorus-Therian|0 fnt
|-damage|p1a: Charizard|267\/333|[from] recoil|[of] p2a: Landorus-Therian
|faint|p2a: Landorus-Therian
|
|
|win|SSB is better
|raw|Ladder updating...
|player|p2
|raw|SSB is better's rating: 1491 &rarr; <strong>1517<\/strong><br \/>(+26 for winning)
|raw|Cienight's rating: 1589 &rarr; <strong>1564<\/strong><br \/>(-25 for losing)