|join|Cienight
|join|Vatman
|player|p1|Cienight|84
|player|p2|Vatman|52
|gametype|singles
|gen|6
|tier|OU (suspect test)
|rated
|clearpoke
|poke|p1|Azumarill, F
|poke|p1|Ferrothorn, M
|poke|p1|Landorus-Therian, M, shiny
|poke|p1|Latias, F
|poke|p1|Charizard, M
|poke|p1|Mew
|poke|p2|Sableye, F
|poke|p2|Gliscor, F, shiny
|poke|p2|Amoonguss, F
|poke|p2|Chansey, F, shiny
|poke|p2|Scizor, M, shiny
|poke|p2|Rotom-Wash
|rule|Swagger Clause: Swagger is banned
|rule|Baton Pass Clause: Limit one PokÃ©mon knowing Baton Pass
|rule|Sleep Clause Mod: Limit one foe put to sleep
|rule|Species Clause: Limit one of each PokÃ©mon
|rule|OHKO Clause: OHKO moves are banned
|rule|Moody Clause: Moody is banned
|rule|Evasion Moves Clause: Evasion moves are banned
|rule|Endless Battle Clause: Forcing endless battles is banned
|rule|HP Percentage Mod: HP is shown in percentages
|teampreview
|
|start
|switch|p1a: Charizard|Charizard, M|315\/315
|switch|p2a: LG|Rotom-Wash|304\/304
|turn|1
|
|detailschange|p1a: Charizard|Charizard-Mega-X, M
|-mega|p1a: Charizard|Charizard|Charizardite X
|move|p1a: Charizard|Dragon Claw|p2a: LG
|-damage|p2a: LG|174\/304
|move|p2a: LG|Volt Switch|p1a: Charizard
|-resisted|p1a: Charizard
|-damage|p1a: Charizard|264\/315
|
|switch|p2a: Rhinestone Eyes|Sableye, F|303\/303
|
|turn|2
|
|detailschange|p2a: Rhinestone Eyes|Sableye-Mega, F
|-mega|p2a: Rhinestone Eyes|Sableye|Sablenite
|move|p1a: Charizard|Dragon Claw|p2a: Rhinestone Eyes
|-damage|p2a: Rhinestone Eyes|158\/303
|move|p2a: Rhinestone Eyes|Foul Play|p1a: Charizard
|-damage|p1a: Charizard|98\/315
|
|turn|3
|
|move|p1a: Charizard|Roost|p1a: Charizard
|-heal|p1a: Charizard|256\/315
|move|p2a: Rhinestone Eyes|Recover|p2a: Rhinestone Eyes
|-heal|p2a: Rhinestone Eyes|303\/303
|
|turn|4
|
|switch|p1a: Azumarill|Azumarill, F|381\/381
|move|p2a: Rhinestone Eyes|Foul Play|p1a: Azumarill
|-resisted|p1a: Azumarill
|-damage|p1a: Azumarill|317\/381
|
|turn|5
|
|switch|p1a: Charizard|Charizard-Mega-X, M|256\/315
|switch|p2a: Sporini|Amoonguss, F|432\/432
|
|turn|6
|c|âCienight|sporiniii
|
|move|p1a: Charizard|Flare Blitz|p2a: Sporini
|-supereffective|p2a: Sporini
|-damage|p2a: Sporini|0 fnt
|-damage|p1a: Charizard|113\/315|[from] recoil|[of] p2a: Sporini
|faint|p2a: Sporini
|
|
|switch|p2a: Vatgurl|Gliscor, F, shiny|354\/354
|turn|7
|c|âCienight|sporiniiiiiiiiii
|
|switch|p1a: Ferrothorn|Ferrothorn, M|349\/349
|move|p2a: Vatgurl|Stealth Rock|p1a: Ferrothorn
|-sidestart|p1: Cienight|move: Stealth Rock
|
|-status|p2a: Vatgurl|tox|[from] item: Toxic Orb
|turn|8
|
|move|p2a: Vatgurl|Taunt|p1a: Ferrothorn
|-start|p1a: Ferrothorn|move: Taunt
|cant|p1a: Ferrothorn|move: Taunt|Leech Seed
|
|turn|9
|
|switch|p2a: LG|Rotom-Wash|174\/304
|move|p1a: Ferrothorn|Gyro Ball|p2a: LG
|-resisted|p2a: LG
|-damage|p2a: LG|150\/304
|
|-heal|p2a: LG|169\/304|[from] item: Leftovers
|turn|10
|
|switch|p1a: Latias|Latias, F|301\/301
|-damage|p1a: Latias|264\/301|[from] Stealth Rock
|move|p2a: LG|Volt Switch|p1a: Latias
|-resisted|p1a: Latias
|-damage|p1a: Latias|227\/301
|
|switch|p2a: Rhinestone Eyes|Sableye-Mega, F|303\/303
|
|turn|11
|
|move|p1a: Latias|Defog|p2a: Rhinestone Eyes
|move|p2a: Rhinestone Eyes|Defog|p1a: Latias|[from]Magic Bounce
|-unboost|p1a: Latias|evasion|1
|-sideend|p1: Cienight|Stealth Rock|[from] move: Defog|[of] p1a: Latias
|move|p2a: Rhinestone Eyes|Knock Off|p1a: Latias
|-supereffective|p1a: Latias
|-damage|p1a: Latias|21\/301
|-enditem|p1a: Latias|Life Orb|[from] move: Knock Off|[of] p2a: Rhinestone Eyes
|
|turn|12
|
|switch|p1a: Mew|Mew|403\/403
|move|p2a: Rhinestone Eyes|Knock Off|p1a: Mew
|-crit|p1a: Mew
|-supereffective|p1a: Mew
|-damage|p1a: Mew|127\/403
|-enditem|p1a: Mew|Leftovers|[from] move: Knock Off|[of] p2a: Rhinestone Eyes
|
|turn|13
|
|move|p1a: Mew|Roost|p1a: Mew
|-heal|p1a: Mew|329\/403
|move|p2a: Rhinestone Eyes|Foul Play|p1a: Mew
|-supereffective|p1a: Mew
|-damage|p1a: Mew|101\/403
|
|turn|14
|
|move|p1a: Mew|Roost|p1a: Mew
|-heal|p1a: Mew|303\/403
|move|p2a: Rhinestone Eyes|Knock Off|p1a: Mew
|-supereffective|p1a: Mew
|-damage|p1a: Mew|165\/403
|
|turn|15
|
|switch|p2a: Vatgurl|Gliscor, F, shiny|354\/354 tox
|move|p1a: Mew|Roost|p1a: Mew
|-heal|p1a: Mew|367\/403
|
|turn|16
|join|toneloni97
|
|move|p1a: Mew|Taunt|p2a: Vatgurl
|-start|p2a: Vatgurl|move: Taunt
|cant|p2a: Vatgurl|move: Taunt|Stealth Rock
|
|turn|17
|leave|toneloni97
|
|switch|p1a: Azumarill|Azumarill, F|317\/381
|move|p2a: Vatgurl|U-turn|p1a: Azumarill
|-resisted|p1a: Azumarill
|-damage|p1a: Azumarill|287\/381
|
|switch|p2a: LG|Rotom-Wash|169\/304
|
|-heal|p2a: LG|188\/304|[from] item: Leftovers
|turn|18
|
|move|p2a: LG|Volt Switch|p1a: Azumarill
|-supereffective|p1a: Azumarill
|-damage|p1a: Azumarill|89\/381
|
|switch|p2a: XX|Scizor, M, shiny|343\/343
|move|p1a: Azumarill|Play Rough|p2a: XX
|-resisted|p2a: XX
|-damage|p2a: XX|205\/343
|
|turn|19
|
|switch|p1a: Charizard|Charizard-Mega-X, M|113\/315
|move|p2a: XX|Bullet Punch|p1a: Charizard
|-resisted|p1a: Charizard
|-damage|p1a: Charizard|27\/315
|
|turn|20
|
|switch|p1a: Landorus-Therian|Landorus-Therian, M, shiny|325\/325
|-ability|p1a: Landorus-Therian|Intimidate|[of] p2a: XX
|-unboost|p2a: XX|atk|1
|switch|p2a: Vatgurl|Gliscor, F, shiny|354\/354 tox
|
|turn|21
|
|move|p1a: Landorus-Therian|U-turn|p2a: Vatgurl
|-resisted|p2a: Vatgurl
|-damage|p2a: Vatgurl|325\/354 tox
|
|switch|p1a: Latias|Latias, F|21\/301
|move|p2a: Vatgurl|Stealth Rock|p1a: Latias
|-sidestart|p1: Cienight|move: Stealth Rock
|
|-heal|p2a: Vatgurl|354\/354 tox|[from] ability: Poison Heal
|turn|22
|
|move|p1a: Latias|Healing Wish|p1a: Latias
|faint|p1a: Latias
|move|p2a: Vatgurl|Taunt|p1: Latias|[notarget]
|-notarget
|
|
|switch|p1a: Azumarill|Azumarill, F|89\/381
|-heal|p1a: Azumarill|381\/381|[from] move: Healing Wish
|-damage|p1a: Azumarill|334\/381|[from] Stealth Rock
|turn|23
|
|switch|p2a: LG|Rotom-Wash|188\/304
|move|p1a: Azumarill|Waterfall|p2a: LG
|-resisted|p2a: LG
|-damage|p2a: LG|93\/304
|
|-heal|p2a: LG|112\/304|[from] item: Leftovers
|turn|24
|
|switch|p1a: Charizard|Charizard-Mega-X, M|27\/315
|-damage|p1a: Charizard|0 fnt|[from] Stealth Rock
|faint|p1a: Charizard
|move|p2a: LG|Pain Split|p1: Charizard|[notarget]
|-notarget
|
|-heal|p2a: LG|131\/304|[from] item: Leftovers
|
|switch|p1a: Mew|Mew|367\/403
|-damage|p1a: Mew|317\/403|[from] Stealth Rock
|turn|25
|
|switch|p2a: Rhinestone Eyes|Sableye-Mega, F|303\/303
|move|p1a: Mew|Will-O-Wisp|p2a: Rhinestone Eyes
|move|p2a: Rhinestone Eyes|Will-O-Wisp|p1a: Mew|[from]Magic Bounce
|-status|p1a: Mew|brn
|-status|p2a: Rhinestone Eyes|brn
|
|-damage|p1a: Mew|267\/403 brn|[from] brn
|-damage|p2a: Rhinestone Eyes|266\/303 brn|[from] brn
|turn|26
|
|switch|p1a: Azumarill|Azumarill, F|334\/381
|-damage|p1a: Azumarill|287\/381|[from] Stealth Rock
|switch|p2a: Lucky|Chansey, F, shiny|703\/703
|
|turn|27
|
|move|p1a: Azumarill|Waterfall|p2a: Lucky
|-damage|p2a: Lucky|361\/703
|move|p2a: Lucky|Wish|p2a: Lucky
|
|turn|28
|
|move|p1a: Azumarill|Waterfall|p2a: Lucky
|-damage|p2a: Lucky|27\/703
|move|p2a: Lucky|Seismic Toss|p1a: Azumarill
|-damage|p1a: Azumarill|187\/381
|
|-heal|p2a: Lucky|378\/703|[from] move: Wish|[wisher] Lucky
|turn|29
|
|move|p1a: Azumarill|Waterfall|p2a: Lucky
|-damage|p2a: Lucky|26\/703
|cant|p2a: Lucky|flinch
|
|turn|30
|
|move|p1a: Azumarill|Waterfall|p2a: Lucky
|-damage|p2a: Lucky|0 fnt
|faint|p2a: Lucky
|
|
|switch|p2a: LG|Rotom-Wash|131\/304
|turn|31
|
|switch|p1a: Mew|Mew|267\/403 brn
|-damage|p1a: Mew|217\/403 brn|[from] Stealth Rock
|move|p2a: LG|Will-O-Wisp|p1a: Mew
|-fail|p1a: Mew|brn
|
|-heal|p2a: LG|150\/304|[from] item: Leftovers
|-damage|p1a: Mew|167\/403 brn|[from] brn
|turn|32
|
|switch|p2a: Vatgurl|Gliscor, F, shiny|354\/354 tox
|move|p1a: Mew|Roost|p1a: Mew
|-heal|p1a: Mew|369\/403 brn
|
|-damage|p1a: Mew|319\/403 brn|[from] brn
|turn|33
|join|Aloha
|
|move|p1a: Mew|Taunt|p2a: Vatgurl
|-start|p2a: Vatgurl|move: Taunt
|move|p2a: Vatgurl|Earthquake|p1a: Mew
|-damage|p1a: Mew|196\/403 brn
|
|-damage|p1a: Mew|146\/403 brn|[from] brn
|turn|34
|
|switch|p1a: Ferrothorn|Ferrothorn, M|349\/349
|-damage|p1a: Ferrothorn|328\/349|[from] Stealth Rock
|move|p2a: Vatgurl|U-turn|p1a: Ferrothorn
|-damage|p1a: Ferrothorn|294\/349
|-damage|p2a: Vatgurl|310\/354 tox|[from] ability: Iron Barbs|[of] p1a: Ferrothorn
|
|switch|p2a: Rhinestone Eyes|Sableye-Mega, F|266\/303 brn
|
|-heal|p1a: Ferrothorn|315\/349|[from] item: Leftovers
|-damage|p2a: Rhinestone Eyes|229\/303 brn|[from] brn
|turn|35
|
|switch|p1a: Mew|Mew|146\/403 brn
|-damage|p1a: Mew|96\/403 brn|[from] Stealth Rock
|move|p2a: Rhinestone Eyes|Will-O-Wisp|p1a: Mew
|-fail|p1a: Mew|brn
|
|-damage|p1a: Mew|46\/403 brn|[from] brn
|-damage|p2a: Rhinestone Eyes|192\/303 brn|[from] brn
|turn|36
|
|switch|p2a: Vatgurl|Gliscor, F, shiny|310\/354 tox
|move|p1a: Mew|Roost|p1a: Mew
|-heal|p1a: Mew|248\/403 brn
|
|-damage|p1a: Mew|198\/403 brn|[from] brn
|-heal|p2a: Vatgurl|354\/354 tox|[from] ability: Poison Heal
|turn|37
|
|move|p1a: Mew|Roost|p1a: Mew
|-heal|p1a: Mew|400\/403 brn
|move|p2a: Vatgurl|Taunt|p1a: Mew
|-start|p1a: Mew|move: Taunt
|
|-damage|p1a: Mew|350\/403 brn|[from] brn
|turn|38
|
|switch|p1a: Ferrothorn|Ferrothorn, M|315\/349
|-damage|p1a: Ferrothorn|294\/349|[from] Stealth Rock
|move|p2a: Vatgurl|Taunt|p1a: Ferrothorn
|-start|p1a: Ferrothorn|move: Taunt
|
|-heal|p1a: Ferrothorn|315\/349|[from] item: Leftovers
|turn|39
|join|Bin Suna
|join|Alexlmz
|join|Weeak
|
|move|p2a: Vatgurl|Earthquake|p1a: Ferrothorn
|-damage|p1a: Ferrothorn|246\/349
|move|p1a: Ferrothorn|Power Whip|p2a: Vatgurl
|-damage|p2a: Vatgurl|270\/354 tox
|
|-heal|p1a: Ferrothorn|267\/349|[from] item: Leftovers
|-heal|p2a: Vatgurl|314\/354 tox|[from] ability: Poison Heal
|turn|40
|
|switch|p1a: Landorus-Therian|Landorus-Therian, M, shiny|325\/325
|-damage|p1a: Landorus-Therian|285\/325|[from] Stealth Rock
|-ability|p1a: Landorus-Therian|Intimidate|[of] p2a: Vatgurl
|-unboost|p2a: Vatgurl|atk|1
|move|p2a: Vatgurl|Earthquake|p1a: Landorus-Therian
|-immune|p1a: Landorus-Therian|[msg]
|
|-heal|p2a: Vatgurl|354\/354 tox|[from] ability: Poison Heal
|turn|41
|
|move|p1a: Landorus-Therian|Explosion|p2a: Vatgurl
|-damage|p2a: Vatgurl|152\/354 tox
|faint|p1a: Landorus-Therian
|move|p2a: Vatgurl|U-turn|p1: Landorus-Therian|[notarget]
|-notarget
|
|-heal|p2a: Vatgurl|196\/354 tox|[from] ability: Poison Heal
|
|switch|p1a: Azumarill|Azumarill, F|187\/381
|-damage|p1a: Azumarill|140\/381|[from] Stealth Rock
|turn|42
|
|switch|p2a: LG|Rotom-Wash|150\/304
|move|p1a: Azumarill|Waterfall|p2a: LG
|-resisted|p2a: LG
|-damage|p2a: LG|60\/304
|
|-heal|p2a: LG|79\/304|[from] item: Leftovers
|turn|43
|
|switch|p1a: Mew|Mew|350\/403 brn
|-damage|p1a: Mew|300\/403 brn|[from] Stealth Rock
|move|p2a: LG|Pain Split|p1a: Mew
|-sethp|p1a: Mew|189\/403 brn|p2a: LG|189\/304|[from] move: Pain Split
|
|-heal|p2a: LG|208\/304|[from] item: Leftovers
|-damage|p1a: Mew|139\/403 brn|[from] brn
|turn|44
|
|switch|p2a: Vatgurl|Gliscor, F, shiny|196\/354 tox
|move|p1a: Mew|Roost|p1a: Mew
|-heal|p1a: Mew|341\/403 brn
|
|-damage|p1a: Mew|291\/403 brn|[from] brn
|-heal|p2a: Vatgurl|240\/354 tox|[from] ability: Poison Heal
|turn|45
|
|move|p1a: Mew|Taunt|p2a: Vatgurl
|-start|p2a: Vatgurl|move: Taunt
|move|p2a: Vatgurl|U-turn|p1a: Mew
|-supereffective|p1a: Mew
|-damage|p1a: Mew|179\/403 brn
|
|switch|p2a: XX|Scizor, M, shiny|205\/343
|
|-damage|p1a: Mew|129\/403 brn|[from] brn
|turn|46
|
|switch|p1a: Ferrothorn|Ferrothorn, M|267\/349
|-damage|p1a: Ferrothorn|246\/349|[from] Stealth Rock
|switch|p2a: LG|Rotom-Wash|208\/304
|
|-heal|p2a: LG|227\/304|[from] item: Leftovers
|-heal|p1a: Ferrothorn|267\/349|[from] item: Leftovers
|turn|47
|leave|weeeak
|
|move|p2a: LG|Volt Switch|p1a: Ferrothorn
|-resisted|p1a: Ferrothorn
|-damage|p1a: Ferrothorn|233\/349
|
|switch|p2a: Rhinestone Eyes|Sableye-Mega, F|192\/303 brn
|move|p1a: Ferrothorn|Power Whip|p2a: Rhinestone Eyes
|-damage|p2a: Rhinestone Eyes|87\/303 brn
|
|-heal|p1a: Ferrothorn|254\/349|[from] item: Leftovers
|-damage|p2a: Rhinestone Eyes|50\/303 brn|[from] brn
|turn|48
|
|switch|p1a: Azumarill|Azumarill, F|140\/381
|-damage|p1a: Azumarill|93\/381|[from] Stealth Rock
|move|p2a: Rhinestone Eyes|Recover|p2a: Rhinestone Eyes
|-heal|p2a: Rhinestone Eyes|202\/303 brn
|
|-damage|p2a: Rhinestone Eyes|165\/303 brn|[from] brn
|turn|49
|
|switch|p2a: LG|Rotom-Wash|227\/304
|move|p1a: Azumarill|Play Rough|p2a: LG
|-damage|p2a: LG|28\/304
|
|-heal|p2a: LG|47\/304|[from] item: Leftovers
|turn|50
|
|switch|p1a: Ferrothorn|Ferrothorn, M|254\/349
|-damage|p1a: Ferrothorn|233\/349|[from] Stealth Rock
|move|p2a: LG|Will-O-Wisp|p1a: Ferrothorn
|-status|p1a: Ferrothorn|brn
|
|-heal|p2a: LG|66\/304|[from] item: Leftovers
|-heal|p1a: Ferrothorn|254\/349 brn|[from] item: Leftovers
|-damage|p1a: Ferrothorn|211\/349 brn|[from] brn
|turn|51
|-message|Cienight forfeited.
|
|win|Vatman
|raw|Ladder updating...
|leave|Cienight
|player|p1
|raw|Cienight's rating: 1534 &rarr; <strong>1502<\/strong><br \/>(-32 for losing)
|raw|Vatman's rating: 1317 &rarr; <strong>1348<\/strong><br \/>(+31 for winning)
|join|gyarad0site