|join|Vatman
|join|Cienight
|player|p1|Vatman|52
|player|p2|Cienight|84
|gametype|singles
|gen|6
|tier|OU (suspect test)
|rated
|clearpoke
|poke|p1|Scizor, F
|poke|p1|Gliscor, F
|poke|p1|Sylveon, F
|poke|p1|Talonflame, F
|poke|p1|Amoonguss, F
|poke|p1|Sableye, F
|poke|p2|Azumarill, F
|poke|p2|Ferrothorn, M
|poke|p2|Landorus-Therian, M
|poke|p2|Latias, F
|poke|p2|Charizard, M
|poke|p2|Mew
|rule|Swagger Clause: Swagger is banned
|rule|Baton Pass Clause: Limit one PokÃ©mon knowing Baton Pass
|rule|Sleep Clause Mod: Limit one foe put to sleep
|rule|Species Clause: Limit one of each PokÃ©mon
|rule|OHKO Clause: OHKO moves are banned
|rule|Moody Clause: Moody is banned
|rule|Evasion Moves Clause: Evasion moves are banned
|rule|Endless Battle Clause: Forcing endless battles is banned
|rule|HP Percentage Mod: HP is shown in percentages
|teampreview
|
|start
|switch|p1a: Rhinestone Eyes|Sableye, F|303\/303
|switch|p2a: Charizard|Charizard, M|315\/315
|turn|1
|
|detailschange|p1a: Rhinestone Eyes|Sableye-Mega, F
|-mega|p1a: Rhinestone Eyes|Sableye|Sablenite
|move|p2a: Charizard|Dragon Dance|p2a: Charizard
|-boost|p2a: Charizard|atk|1
|-boost|p2a: Charizard|spe|1
|move|p1a: Rhinestone Eyes|Foul Play|p2a: Charizard
|-damage|p2a: Charizard|96\/315
|
|turn|2
|
|switch|p1a: Gypsy|Talonflame, F|360\/360
|detailschange|p2a: Charizard|Charizard-Mega-X, M
|-mega|p2a: Charizard|Charizard|Charizardite X
|move|p2a: Charizard|Flare Blitz|p1a: Gypsy
|-resisted|p1a: Gypsy
|-damage|p1a: Gypsy|91\/360
|-damage|p2a: Charizard|7\/315|[from] recoil|[of] p1a: Gypsy
|
|-heal|p1a: Gypsy|113\/360|[from] item: Leftovers
|turn|3
|
|switch|p2a: Ferrothorn|Ferrothorn, M|349\/349
|move|p1a: Gypsy|Brave Bird|p2a: Ferrothorn
|-damage|p2a: Ferrothorn|276\/349
|-damage|p1a: Gypsy|68\/360|[from] ability: Iron Barbs|[of] p2a: Ferrothorn
|-damage|p1a: Gypsy|44\/360|[from] recoil|[of] p2a: Ferrothorn
|
|-heal|p1a: Gypsy|66\/360|[from] item: Leftovers
|-heal|p2a: Ferrothorn|297\/349|[from] item: Leftovers
|turn|4
|
|switch|p1a: Rhinestone Eyes|Sableye-Mega, F|303\/303
|move|p2a: Ferrothorn|Gyro Ball|p1a: Rhinestone Eyes
|-damage|p1a: Rhinestone Eyes|258\/303
|
|-heal|p2a: Ferrothorn|318\/349|[from] item: Leftovers
|turn|5
|
|switch|p2a: Mew|Mew|403\/403
|move|p1a: Rhinestone Eyes|Knock Off|p2a: Mew
|-supereffective|p2a: Mew
|-damage|p2a: Mew|209\/403
|-enditem|p2a: Mew|Leftovers|[from] move: Knock Off|[of] p1a: Rhinestone Eyes
|
|turn|6
|
|move|p2a: Mew|Roost|p2a: Mew
|-heal|p2a: Mew|403\/403
|move|p1a: Rhinestone Eyes|Foul Play|p2a: Mew
|-supereffective|p2a: Mew
|-damage|p2a: Mew|197\/403
|
|turn|7
|
|switch|p1a: Gypsy|Talonflame, F|66\/360
|move|p2a: Mew|Roost|p2a: Mew
|-heal|p2a: Mew|399\/403
|
|-heal|p1a: Gypsy|88\/360|[from] item: Leftovers
|turn|8
|
|move|p1a: Gypsy|U-turn|p2a: Mew
|-crit|p2a: Mew
|-supereffective|p2a: Mew
|-damage|p2a: Mew|269\/403
|
|switch|p1a: Rhinestone Eyes|Sableye-Mega, F|258\/303
|move|p2a: Mew|Knock Off|p1a: Rhinestone Eyes
|-damage|p1a: Rhinestone Eyes|216\/303
|
|turn|9
|
|move|p2a: Mew|Roost|p2a: Mew
|-heal|p2a: Mew|403\/403
|move|p1a: Rhinestone Eyes|Foul Play|p2a: Mew
|-supereffective|p2a: Mew
|-damage|p2a: Mew|187\/403
|
|turn|10
|
|switch|p1a: Vatgurl|Gliscor, F|337\/337
|move|p2a: Mew|Roost|p2a: Mew
|-heal|p2a: Mew|389\/403
|
|-status|p1a: Vatgurl|tox|[from] item: Toxic Orb
|turn|11
|
|switch|p2a: Ferrothorn|Ferrothorn, M|318\/349
|move|p1a: Vatgurl|Stealth Rock|p2a: Ferrothorn
|-sidestart|p2: Cienight|move: Stealth Rock
|
|-heal|p2a: Ferrothorn|339\/349|[from] item: Leftovers
|turn|12
|
|switch|p2a: Latias|Latias, F|301\/301
|-damage|p2a: Latias|264\/301|[from] Stealth Rock
|move|p1a: Vatgurl|Taunt|p2a: Latias
|-start|p2a: Latias|move: Taunt
|
|turn|13
|
|switch|p2a: Azumarill|Azumarill, F|381\/381
|-damage|p2a: Azumarill|334\/381|[from] Stealth Rock
|switch|p1a: XX|Scizor, F|343\/343
|
|turn|14
|
|switch|p1a: Sporini|Amoonguss, F|432\/432
|move|p2a: Azumarill|Waterfall|p1a: Sporini
|-resisted|p1a: Sporini
|-damage|p1a: Sporini|301\/432
|
|-heal|p1a: Sporini|328\/432|[from] item: Black Sludge
|turn|15
|
|switch|p2a: Ferrothorn|Ferrothorn, M|339\/349
|-damage|p2a: Ferrothorn|318\/349|[from] Stealth Rock
|switch|p1a: Gypsy|Talonflame, F|88\/360
|
|-heal|p1a: Gypsy|110\/360|[from] item: Leftovers
|-heal|p2a: Ferrothorn|339\/349|[from] item: Leftovers
|turn|16
|
|switch|p1a: Rhinestone Eyes|Sableye-Mega, F|216\/303
|switch|p2a: Latias|Latias, F|264\/301
|-damage|p2a: Latias|227\/301|[from] Stealth Rock
|
|turn|17
|
|move|p2a: Latias|Defog|p1a: Rhinestone Eyes
|move|p1a: Rhinestone Eyes|Defog|p2a: Latias|[from]Magic Bounce
|-unboost|p2a: Latias|evasion|1
|-sideend|p2: Cienight|Stealth Rock|[from] move: Defog|[of] p2a: Latias
|move|p1a: Rhinestone Eyes|Recover|p1a: Rhinestone Eyes
|-heal|p1a: Rhinestone Eyes|303\/303
|
|turn|18
|
|switch|p2a: Mew|Mew|389\/403
|move|p1a: Rhinestone Eyes|Knock Off|p2a: Mew
|-supereffective|p2a: Mew
|-damage|p2a: Mew|261\/403
|
|turn|19
|
|switch|p2a: Azumarill|Azumarill, F|334\/381
|move|p1a: Rhinestone Eyes|Foul Play|p2a: Azumarill
|-resisted|p2a: Azumarill
|-damage|p2a: Azumarill|267\/381
|
|turn|20
|
|switch|p2a: Charizard|Charizard-Mega-X, M|7\/315
|switch|p1a: Sporini|Amoonguss, F|432\/432
|
|turn|21
|
|move|p2a: Charizard|Roost|p2a: Charizard
|-heal|p2a: Charizard|165\/315
|move|p1a: Sporini|Spore|p2a: Charizard
|-status|p2a: Charizard|slp
|
|turn|22
|
|switch|p2a: Ferrothorn|Ferrothorn, M|339\/349
|switch|p1a: Gypsy|Talonflame, F|110\/360
|
|-heal|p1a: Gypsy|132\/360|[from] item: Leftovers
|-heal|p2a: Ferrothorn|349\/349|[from] item: Leftovers
|turn|23
|
|switch|p1a: Rhinestone Eyes|Sableye-Mega, F|303\/303
|move|p2a: Ferrothorn|Power Whip|p1a: Rhinestone Eyes
|-damage|p1a: Rhinestone Eyes|186\/303
|
|turn|24
|
|switch|p2a: Mew|Mew|261\/403
|move|p1a: Rhinestone Eyes|Will-O-Wisp|p2a: Mew
|-status|p2a: Mew|brn
|-status|p1a: Rhinestone Eyes|brn
|
|-damage|p2a: Mew|211\/403 brn|[from] brn
|-damage|p1a: Rhinestone Eyes|149\/303 brn|[from] brn
|turn|25
|
|move|p2a: Mew|Roost|p2a: Mew
|-heal|p2a: Mew|403\/403 brn
|move|p1a: Rhinestone Eyes|Recover|p1a: Rhinestone Eyes
|-heal|p1a: Rhinestone Eyes|301\/303 brn
|
|-damage|p2a: Mew|353\/403 brn|[from] brn
|-damage|p1a: Rhinestone Eyes|264\/303 brn|[from] brn
|turn|26
|
|switch|p2a: Ferrothorn|Ferrothorn, M|349\/349
|switch|p1a: Purr|Sylveon, F|394\/394
|
|turn|27
|
|switch|p1a: Rhinestone Eyes|Sableye-Mega, F|264\/303 brn
|move|p2a: Ferrothorn|Power Whip|p1a: Rhinestone Eyes|[miss]
|-miss|p2a: Ferrothorn|p1a: Rhinestone Eyes
|
|-damage|p1a: Rhinestone Eyes|227\/303 brn|[from] brn
|turn|28
|
|switch|p1a: Purr|Sylveon, F|394\/394
|switch|p2a: Charizard|Charizard-Mega-X, M|165\/315 slp
|
|turn|29
|
|switch|p2a: Ferrothorn|Ferrothorn, M|349\/349
|move|p1a: Purr|Heal Bell|p1a: Purr
|-cureteam|p1a: Purr|[from] move: HealBell
|
|turn|30
|
|switch|p1a: Rhinestone Eyes|Sableye-Mega, F|227\/303
|move|p2a: Ferrothorn|Power Whip|p1a: Rhinestone Eyes
|-damage|p1a: Rhinestone Eyes|119\/303
|
|turn|31
|
|switch|p2a: Azumarill|Azumarill, F|267\/381
|move|p1a: Rhinestone Eyes|Recover|p1a: Rhinestone Eyes
|-heal|p1a: Rhinestone Eyes|271\/303
|
|turn|32
|
|switch|p1a: Sporini|Amoonguss, F|432\/432
|move|p2a: Azumarill|Play Rough|p1a: Sporini
|-resisted|p1a: Sporini
|-damage|p1a: Sporini|289\/432
|
|-heal|p1a: Sporini|316\/432|[from] item: Black Sludge
|turn|33
|
|switch|p2a: Mew|Mew|353\/403 brn
|move|p1a: Sporini|Giga Drain|p2a: Mew
|-damage|p2a: Mew|289\/403 brn
|-heal|p1a: Sporini|348\/432|[from] drain|[of] p2a: Mew
|
|-heal|p1a: Sporini|375\/432|[from] item: Black Sludge
|-damage|p2a: Mew|239\/403 brn|[from] brn
|turn|34
|
|switch|p1a: Rhinestone Eyes|Sableye-Mega, F|271\/303
|move|p2a: Mew|Knock Off|p1a: Rhinestone Eyes
|-damage|p1a: Rhinestone Eyes|249\/303
|
|-damage|p2a: Mew|189\/403 brn|[from] brn
|turn|35
|
|move|p2a: Mew|Roost|p2a: Mew
|-heal|p2a: Mew|391\/403 brn
|move|p1a: Rhinestone Eyes|Knock Off|p2a: Mew
|-supereffective|p2a: Mew
|-damage|p2a: Mew|253\/403 brn
|
|-damage|p2a: Mew|203\/403 brn|[from] brn
|turn|36
|
|switch|p2a: Ferrothorn|Ferrothorn, M|349\/349
|move|p1a: Rhinestone Eyes|Foul Play|p2a: Ferrothorn
|-damage|p2a: Ferrothorn|286\/349
|-damage|p1a: Rhinestone Eyes|212\/303|[from] ability: Iron Barbs|[of] p2a: Ferrothorn
|
|-heal|p2a: Ferrothorn|307\/349|[from] item: Leftovers
|turn|37
|
|switch|p2a: Mew|Mew|203\/403 brn
|move|p1a: Rhinestone Eyes|Knock Off|p2a: Mew
|-supereffective|p2a: Mew
|-damage|p2a: Mew|63\/403 brn
|
|-damage|p2a: Mew|13\/403 brn|[from] brn
|turn|38
|
|move|p2a: Mew|Roost|p2a: Mew
|-heal|p2a: Mew|215\/403 brn
|move|p1a: Rhinestone Eyes|Foul Play|p2a: Mew
|-supereffective|p2a: Mew
|-damage|p2a: Mew|9\/403 brn
|
|-damage|p2a: Mew|0 fnt|[from] brn
|faint|p2a: Mew
|
|switch|p2a: Azumarill|Azumarill, F|267\/381
|turn|39
|
|switch|p2a: Latias|Latias, F|227\/301
|switch|p1a: Purr|Sylveon, F|394\/394
|
|turn|40
|
|move|p2a: Latias|Healing Wish|p2a: Latias
|faint|p2a: Latias
|move|p1a: Purr|Hyper Voice|p2: Latias|[notarget]
|-notarget
|
|
|switch|p2a: Charizard|Charizard-Mega-X, M|165\/315 slp
|-heal|p2a: Charizard|315\/315|[from] move: Healing Wish
|turn|41
|
|switch|p2a: Ferrothorn|Ferrothorn, M|307\/349
|switch|p1a: Gypsy|Talonflame, F|132\/360
|
|-heal|p1a: Gypsy|154\/360|[from] item: Leftovers
|-heal|p2a: Ferrothorn|328\/349|[from] item: Leftovers
|turn|42
|
|switch|p1a: Rhinestone Eyes|Sableye-Mega, F|212\/303
|switch|p2a: Azumarill|Azumarill, F|267\/381
|
|turn|43
|
|switch|p2a: Charizard|Charizard-Mega-X, M|315\/315
|switch|p1a: Sporini|Amoonguss, F|432\/432
|
|turn|44
|
|switch|p2a: Landorus-Therian|Landorus-Therian, M|325\/325
|-ability|p2a: Landorus-Therian|Intimidate|[of] p1a: Sporini
|-unboost|p1a: Sporini|atk|1
|move|p1a: Sporini|Spore|p2a: Landorus-Therian
|-status|p2a: Landorus-Therian|slp
|
|turn|45
|
|switch|p2a: Charizard|Charizard-Mega-X, M|315\/315
|switch|p1a: Rhinestone Eyes|Sableye-Mega, F|212\/303
|
|turn|46
|
|switch|p2a: Azumarill|Azumarill, F|267\/381
|move|p1a: Rhinestone Eyes|Foul Play|p2a: Azumarill
|-resisted|p2a: Azumarill
|-damage|p2a: Azumarill|207\/381
|
|turn|47
|
|switch|p2a: Charizard|Charizard-Mega-X, M|315\/315
|move|p1a: Rhinestone Eyes|Will-O-Wisp|p2a: Charizard
|-fail|p2a: Charizard
|
|turn|48
|
|move|p2a: Charizard|Dragon Claw|p1a: Rhinestone Eyes
|-damage|p1a: Rhinestone Eyes|53\/303
|move|p1a: Rhinestone Eyes|Foul Play|p2a: Charizard
|-damage|p2a: Charizard|146\/315
|
|turn|49
|
|switch|p1a: Purr|Sylveon, F|394\/394
|move|p2a: Charizard|Roost|p2a: Charizard
|-heal|p2a: Charizard|304\/315
|
|turn|50
|
|switch|p2a: Ferrothorn|Ferrothorn, M|328\/349
|move|p1a: Purr|Wish|p1a: Purr
|
|-heal|p2a: Ferrothorn|349\/349|[from] item: Leftovers
|turn|51
|
|switch|p1a: Gypsy|Talonflame, F|154\/360
|move|p2a: Ferrothorn|Stealth Rock|p1a: Gypsy
|-sidestart|p1: Vatman|move: Stealth Rock
|
|-heal|p1a: Gypsy|351\/360|[from] move: Wish|[wisher] Purr
|-heal|p1a: Gypsy|360\/360|[from] item: Leftovers
|turn|52
|
|move|p1a: Gypsy|Will-O-Wisp|p2a: Ferrothorn
|-status|p2a: Ferrothorn|brn
|move|p2a: Ferrothorn|Leech Seed|p1a: Gypsy
|-start|p1a: Gypsy|move: Leech Seed
|
|-damage|p1a: Gypsy|315\/360|[from] Leech Seed|[of] p2a: Ferrothorn
|-damage|p2a: Ferrothorn|306\/349 brn|[from] brn
|turn|53
|
|switch|p2a: Charizard|Charizard-Mega-X, M|304\/315
|move|p1a: Gypsy|U-turn|p2a: Charizard
|-crit|p2a: Charizard
|-resisted|p2a: Charizard
|-damage|p2a: Charizard|269\/315
|
|switch|p1a: Vatgurl|Gliscor, F|337\/337
|-damage|p1a: Vatgurl|295\/337|[from] Stealth Rock
|
|-status|p1a: Vatgurl|tox|[from] item: Toxic Orb
|turn|54
|
|switch|p2a: Landorus-Therian|Landorus-Therian, M|325\/325 slp
|-ability|p2a: Landorus-Therian|Intimidate|[of] p1a: Vatgurl
|-unboost|p1a: Vatgurl|atk|1
|move|p1a: Vatgurl|U-turn|p2a: Landorus-Therian
|-resisted|p2a: Landorus-Therian
|-damage|p2a: Landorus-Therian|306\/325 slp
|
|switch|p1a: Rhinestone Eyes|Sableye-Mega, F|53\/303
|-damage|p1a: Rhinestone Eyes|16\/303|[from] Stealth Rock
|
|turn|55
|
|switch|p2a: Azumarill|Azumarill, F|207\/381
|move|p1a: Rhinestone Eyes|Recover|p1a: Rhinestone Eyes
|-heal|p1a: Rhinestone Eyes|168\/303
|
|turn|56
|
|switch|p2a: Charizard|Charizard-Mega-X, M|269\/315
|switch|p1a: Sporini|Amoonguss, F|432\/432
|-damage|p1a: Sporini|378\/432|[from] Stealth Rock
|
|-heal|p1a: Sporini|405\/432|[from] item: Black Sludge
|turn|57
|
|move|p2a: Charizard|Dragon Dance|p2a: Charizard
|-boost|p2a: Charizard|atk|1
|-boost|p2a: Charizard|spe|1
|move|p1a: Sporini|Spore|p2a: Charizard
|-message|Sleep Clause Mod activated.
|-fail|p2a: Charizard
|
|-heal|p1a: Sporini|432\/432|[from] item: Black Sludge
|turn|58
|
|move|p2a: Charizard|Dragon Dance|p2a: Charizard
|-boost|p2a: Charizard|atk|1
|-boost|p2a: Charizard|spe|1
|move|p1a: Sporini|Foul Play|p2a: Charizard
|-damage|p2a: Charizard|66\/315
|
|turn|59
|
|move|p2a: Charizard|Dragon Claw|p1a: Sporini
|-damage|p1a: Sporini|47\/432
|move|p1a: Sporini|Foul Play|p2a: Charizard
|-damage|p2a: Charizard|0 fnt
|faint|p2a: Charizard
|
|-heal|p1a: Sporini|74\/432|[from] item: Black Sludge
|-message|Cienight forfeited.
|
|win|Vatman
|raw|Ladder updating...
|leave|Cienight
|player|p2
|raw|Vatman's rating: 1177 &rarr; <strong>1197<\/strong><br \/>(+20 for winning)
|raw|Cienight's rating: 1118 &rarr; <strong>1097<\/strong><br \/>(-21 for losing)