|join|Yuttt.ttttt
|join|Cienight
|c|âYuttt.ttttt|m8888
|c|âCienight|m9
|c|âCienight|why does ps lag
|c|âCienight|a shitton
|player|p1|Yuttt.ttttt|113
|player|p2|Cienight|84
|gametype|singles
|gen|6
|tier|OU (suspect test)
|clearpoke
|poke|p1|Tyranitar, M, shiny
|poke|p1|Clefable, F, shiny
|poke|p1|Celebi
|poke|p1|Thundurus, M, shiny
|poke|p1|Excadrill, M, shiny
|poke|p1|Keldeo-Resolute, shiny
|poke|p2|Gallade, M
|poke|p2|Clefable, F
|poke|p2|Kyurem-Black
|poke|p2|Rotom-Wash
|poke|p2|Empoleon, F
|poke|p2|Landorus-Therian, M
|rule|Swagger Clause: Swagger is banned
|rule|Baton Pass Clause: Limit one PokÃ©mon knowing Baton Pass
|rule|Sleep Clause Mod: Limit one foe put to sleep
|rule|Species Clause: Limit one of each PokÃ©mon
|rule|OHKO Clause: OHKO moves are banned
|rule|Moody Clause: Moody is banned
|rule|Evasion Moves Clause: Evasion moves are banned
|rule|Endless Battle Clause: Forcing endless battles is banned
|rule|HP Percentage Mod: HP is shown in percentages
|teampreview
|c|âCienight|everytime we battle
|c|âYuttt.ttttt|it lags
|c|âYuttt.ttttt|all day
|
|start
|switch|p1a: Keldeo-Irresolute|Keldeo-Resolute, shiny|323\/323
|switch|p2a: Kyurem-Black|Kyurem-Black|391\/391
|-ability|p2a: Kyurem-Black|Teravolt
|turn|1
|c|âCienight|scarf cube
|c|âCienight|r u rdy
|c|âYuttt.ttttt|show me the scarf
|c|âCienight|?
|c|âYuttt.ttttt|as i show you the wacan
|c|âCienight|wacan doesnt even
|c|âCienight|ohko
|c|âCienight|cube
|
|switch|p1a: Holy Mol|Excadrill, M, shiny|359\/359
|switch|p2a: Clefable|Clefable, F|394\/394
|
|turn|2
|c|âYuttt.ttttt|fuck
|c|âYuttt.ttttt|misclicked
|c|âCienight|y sure
|c|âYuttt.ttttt|damnit please ps
|c|âCienight|SURE
|c|âCienight|S U R E
|c|âCienight|SHURE
|c|âYuttt.ttttt|also get doubled
|
|switch|p2a: Landorus-Therian|Landorus-Therian, M|369\/369
|-ability|p2a: Landorus-Therian|Intimidate|[of] p1a: Holy Mol
|-unboost|p1a: Holy Mol|atk|1
|move|p1a: Holy Mol|Iron Head|p2a: Landorus-Therian
|-damage|p2a: Landorus-Therian|233\/369
|-damage|p1a: Holy Mol|324\/359|[from] item: Life Orb
|
|-heal|p2a: Landorus-Therian|256\/369|[from] item: Leftovers
|turn|3
|c|âCienight|is that
|c|âCienight|dmg
|c|âCienight|to u
|c|âYuttt.ttttt|cancel
|c|âYuttt.ttttt|worked
|c|âYuttt.ttttt|!
|c|âCienight|eat this
|c|âCienight|nigga
|c|âCienight|NIGGA
|c|âYuttt.ttttt|stone edge me bby
|c|âCienight|I'm clicking
|c|âCienight|edge
|c|âCienight|obv
|
|switch|p1a: Thundurosu|Thundurus, M, shiny|299\/299
|move|p2a: Landorus-Therian|Earthquake|p1a: Thundurosu
|-immune|p1a: Thundurosu|[msg]
|
|-heal|p2a: Landorus-Therian|279\/369|[from] item: Leftovers
|turn|4
|c|âCienight|you're
|c|âCienight|a moron
|c|âYuttt.ttttt|not even
|c|âYuttt.ttttt|trying
|c|âCienight|who switches thund
|c|âCienight|into lando
|c|âCienight|like that
|c|âCienight|u bitch
|c|âYuttt.ttttt|people
|c|âYuttt.ttttt|press
|c|âCienight|k
|c|âYuttt.ttttt|kyube
|c|âYuttt.ttttt|as i superpower
|c|âCienight|I'm staying in
|c|âCienight|k
|
|switch|p2a: Clefable|Clefable, F|394\/394
|move|p1a: Thundurosu|Hidden Power|p2a: Clefable
|-damage|p2a: Clefable|313\/394
|-damage|p1a: Thundurosu|270\/299|[from] item: Life Orb
|
|-heal|p2a: Clefable|337\/394|[from] item: Leftovers
|turn|5
|c|âYuttt.ttttt|nice SpD
|c|âYuttt.ttttt|losr
|c|âCienight|danke
|c|âCienight|DANKE
|
|move|p1a: Thundurosu|Thunderbolt|p2a: Clefable
|-damage|p2a: Clefable|160\/394
|-damage|p1a: Thundurosu|241\/299|[from] item: Life Orb
|move|p2a: Clefable|Flamethrower|p1a: Thundurosu
|-damage|p1a: Thundurosu|153\/299
|
|-heal|p2a: Clefable|184\/394|[from] item: Leftovers
|turn|6
|c|âYuttt.ttttt|min roll
|c|âYuttt.ttttt|wow
|c|âCienight|?
|c|âCienight|what min
|c|âYuttt.ttttt|wait
|c|âCienight|u blindfuck
|c|âYuttt.ttttt|i cant cant
|c|âYuttt.ttttt|count
|c|âCienight|you cant cant
|c|âYuttt.ttttt|gtfo man
|c|âCienight|I c u
|c|âCienight|man
|c|âYuttt.ttttt|man
|c|âCienight|cant cant
|
|switch|p1a: Holy Mol|Excadrill, M, shiny|324\/359
|move|p2a: Clefable|Soft-Boiled|p2a: Clefable
|-heal|p2a: Clefable|381\/394
|
|-heal|p2a: Clefable|394\/394|[from] item: Leftovers
|turn|7
|c|âYuttt.ttttt|man
|c|âCienight|man
|c|âYuttt.ttttt|the double to  keldeo
|c|âYuttt.ttttt|is so easy...
|c|âCienight|y
|c|âCienight|you won't
|c|âCienight|do it
|c|âCienight|tho
|c|âYuttt.ttttt|no
|c|âCienight|cause you suck
|c|âYuttt.ttttt|i wont
|c|âYuttt.ttttt|ill double to celebi
|c|âYuttt.ttttt|because you noticed im sand rush
|c|âCienight|"noticed"
|
|switch|p2a: Rotom-Wash|Rotom-Wash|303\/303
|move|p1a: Holy Mol|Rock Slide|p2a: Rotom-Wash
|-damage|p2a: Rotom-Wash|203\/303
|-damage|p1a: Holy Mol|289\/359|[from] item: Life Orb
|
|-heal|p2a: Rotom-Wash|221\/303|[from] item: Leftovers
|turn|8
|c|âYuttt.ttttt|volt switch me
|c|âYuttt.ttttt|poopyhead
|c|âCienight|p-lease
|c|âCienight|P-LEASE
|c|âYuttt.ttttt|ill flinch
|c|âYuttt.ttttt|anyways
|
|move|p1a: Holy Mol|Rock Slide|p2a: Rotom-Wash
|-damage|p2a: Rotom-Wash|124\/303
|-damage|p1a: Holy Mol|254\/359|[from] item: Life Orb
|cant|p2a: Rotom-Wash|flinch
|
|-heal|p2a: Rotom-Wash|142\/303|[from] item: Leftovers
|turn|9
|c|âYuttt.ttttt|easy
|c|âCienight|that was
|c|âCienight|wow
|c|âYuttt.ttttt|af
|c|âCienight|you fat
|c|âCienight|fgt
|c|âYuttt.ttttt|fliched once
|c|âYuttt.ttttt|second flinch
|
|switch|p1a: Not Celery|Celebi|403\/403
|move|p2a: Rotom-Wash|Pain Split|p1a: Not Celery
|-sethp|p1a: Not Celery|272\/403|p2a: Rotom-Wash|272\/303|[from] move: Pain Split
|
|-heal|p1a: Not Celery|297\/403|[from] item: Leftovers
|-heal|p2a: Rotom-Wash|290\/303|[from] item: Leftovers
|turn|10
|c|âYuttt.ttttt|is natural
|c|âYuttt.ttttt|rood
|c|âCienight|flinch this dick
|
|switch|p2a: Empoleon|Empoleon, F|371\/371
|move|p1a: Not Celery|Stealth Rock|p2a: Empoleon
|-sidestart|p2: Cienight|move: Stealth Rock
|
|-heal|p1a: Not Celery|322\/403|[from] item: Leftovers
|turn|11
|c|âYuttt.ttttt|SCALD ME
|c|âCienight|Im gonna
|c|âCienight|lol
|c|âCienight|lolololo
|c|âCienight|l
|
|switch|p1a: Keldeo-Irresolute|Keldeo-Resolute, shiny|323\/323
|move|p2a: Empoleon|Defog|p1a: Keldeo-Irresolute
|-unboost|p1a: Keldeo-Irresolute|evasion|1
|-sideend|p2: Cienight|Stealth Rock|[from] move: Defog|[of] p2a: Empoleon
|
|turn|12
|c|âYuttt.ttttt|fuck cancel
|c|âYuttt.ttttt|didn't get to baton pass
|c|âCienight|totally mattered
|c|âYuttt.ttttt|i might as well
|c|âYuttt.ttttt|ragequite
|
|switch|p2a: Clefable|Clefable, F|394\/394
|move|p1a: Keldeo-Irresolute|Substitute|p1a: Keldeo-Irresolute
|-start|p1a: Keldeo-Irresolute|Substitute
|-damage|p1a: Keldeo-Irresolute|243\/323
|
|-heal|p1a: Keldeo-Irresolute|263\/323|[from] item: Leftovers
|turn|13
|c|âCienight|rage-quite
|c|âYuttt.ttttt|yeah
|c|âYuttt.ttttt|thats what I'm gone do
|c|âYuttt.ttttt|ill burn
|c|âYuttt.ttttt|to check for unaware
|
|move|p1a: Keldeo-Irresolute|Scald|p2a: Clefable
|-damage|p2a: Clefable|270\/394
|move|p2a: Clefable|Moonblast|p1a: Keldeo-Irresolute
|-supereffective|p1a: Keldeo-Irresolute
|-end|p1a: Keldeo-Irresolute|Substitute
|
|-heal|p1a: Keldeo-Irresolute|283\/323|[from] item: Leftovers
|-heal|p2a: Clefable|294\/394|[from] item: Leftovers
|turn|14
|c|âCienight|might as well
|c|âCienight|quiterage
|c|âYuttt.ttttt|flamethrower me
|c|âYuttt.ttttt|bby
|c|âCienight|n
|c|âCienight|Im
|c|âCienight|cming
|c|âCienight|: )
|
|move|p1a: Keldeo-Irresolute|Scald|p2a: Clefable
|-damage|p2a: Clefable|167\/394
|-status|p2a: Clefable|brn
|move|p2a: Clefable|Soft-Boiled|p2a: Clefable
|-heal|p2a: Clefable|364\/394 brn
|
|-heal|p1a: Keldeo-Irresolute|303\/323|[from] item: Leftovers
|-heal|p2a: Clefable|388\/394 brn|[from] item: Leftovers
|turn|15
|c|âYuttt.ttttt|wow
|c|âYuttt.ttttt|rude
|c|âCienight|obv
|
|move|p1a: Keldeo-Irresolute|Calm Mind|p1a: Keldeo-Irresolute
|-boost|p1a: Keldeo-Irresolute|spa|1
|-boost|p1a: Keldeo-Irresolute|spd|1
|move|p2a: Clefable|Moonblast|p1a: Keldeo-Irresolute
|-supereffective|p1a: Keldeo-Irresolute
|-damage|p1a: Keldeo-Irresolute|147\/323
|
|-heal|p1a: Keldeo-Irresolute|167\/323|[from] item: Leftovers
|-heal|p2a: Clefable|394\/394 brn|[from] item: Leftovers
|turn|16
|c|âYuttt.ttttt|get
|c|âYuttt.ttttt|the fuck
|c|âYuttt.ttttt|out
|c|âYuttt.ttttt|man
|
|switch|p1a: Holy Mol|Excadrill, M, shiny|254\/359
|move|p2a: Clefable|Calm Mind|p2a: Clefable
|-boost|p2a: Clefable|spa|1
|-boost|p2a: Clefable|spd|1
|
|turn|17
|c|âYuttt.ttttt|stop even trying
|
|switch|p2a: Rotom-Wash|Rotom-Wash|290\/303
|move|p1a: Holy Mol|Iron Head|p2a: Rotom-Wash
|-resisted|p2a: Rotom-Wash
|-damage|p2a: Rotom-Wash|252\/303
|-damage|p1a: Holy Mol|219\/359|[from] item: Life Orb
|
|-heal|p2a: Rotom-Wash|270\/303|[from] item: Leftovers
|turn|18
|c|âCienight|Im
|c|âCienight|throwering
|c|âCienight|celebi
|
|switch|p1a: Not Celery|Celebi|322\/403
|move|p2a: Rotom-Wash|Volt Switch|p1a: Not Celery
|-resisted|p1a: Not Celery
|-damage|p1a: Not Celery|282\/403
|c|âYuttt.ttttt|stop
|c|âYuttt.ttttt|this
|
|switch|p2a: Gallade|Gallade, M|278\/278
|
|-heal|p1a: Not Celery|307\/403|[from] item: Leftovers
|turn|19
|c|âYuttt.ttttt|show me
|c|âCienight|stop wot
|c|âYuttt.ttttt|your skills
|
|switch|p1a: lunar|Clefable, F, shiny|394\/394
|detailschange|p2a: Gallade|Gallade-Mega, M
|-mega|p2a: Gallade|Gallade|Galladite
|move|p2a: Gallade|Swords Dance|p2a: Gallade
|-boost|p2a: Gallade|atk|2
|
|turn|20
|c|âYuttt.ttttt|he
|c|âCienight|come
|c|âCienight|at
|c|âCienight|me
|c|âYuttt.ttttt|danced
|c|âYuttt.ttttt|luckily im LO
|
|move|p2a: Gallade|Zen Headbutt|p1a: lunar
|-damage|p1a: lunar|109\/394
|move|p1a: lunar|Moonblast|p2a: Gallade
|-supereffective|p2a: Gallade
|-damage|p2a: Gallade|80\/278
|
|-heal|p1a: lunar|133\/394|[from] item: Leftovers
|turn|21
|c|âCienight|do you even unaware
|c|âYuttt.ttttt|no
|c|âCienight|I'm
|c|âCienight|healing wish
|c|âCienight|gallade
|c|âCienight|btw
|
|switch|p1a: Keldeo-Irresolute|Keldeo-Resolute, shiny|167\/323
|move|p2a: Gallade|Close Combat|p1a: Keldeo-Irresolute
|-damage|p1a: Keldeo-Irresolute|0 fnt
|-unboost|p2a: Gallade|def|1
|-unboost|p2a: Gallade|spd|1
|faint|p1a: Keldeo-Irresolute
|
|c|âYuttt.ttttt|scarf pursuit tar
|c|âYuttt.ttttt|gg
|
|switch|p1a: Thundurosu|Thundurus, M, shiny|153\/299
|turn|22
|c|âCienight|dude
|c|âCienight|I've
|c|âCienight|sneak
|c|âCienight|lol
|
|switch|p2a: Clefable|Clefable, F|394\/394 brn
|move|p1a: Thundurosu|Thunderbolt|p2a: Clefable
|-damage|p2a: Clefable|219\/394 brn
|-damage|p1a: Thundurosu|124\/299|[from] item: Life Orb
|
|-heal|p2a: Clefable|243\/394 brn|[from] item: Leftovers
|turn|23
|c|âYuttt.ttttt|bad liar
|c|âYuttt.ttttt|even worse player
|
|switch|p1a: lunar|Clefable, F, shiny|133\/394
|move|p2a: Clefable|Soft-Boiled|p2a: Clefable
|-heal|p2a: Clefable|394\/394 brn
|
|-heal|p1a: lunar|157\/394|[from] item: Leftovers
|turn|24
|
|switch|p2a: Empoleon|Empoleon, F|371\/371
|move|p1a: lunar|Soft-Boiled|p1a: lunar
|-heal|p1a: lunar|354\/394
|
|-heal|p1a: lunar|378\/394|[from] item: Leftovers
|turn|25
|
|switch|p1a: Holy Mol|Excadrill, M, shiny|219\/359
|move|p2a: Empoleon|Stealth Rock|p1a: Holy Mol
|-sidestart|p1: Yuttt.ttttt|move: Stealth Rock
|
|turn|26
|c|âCienight|amh
|c|âCienight|I'm staying in
|join|TheObsessed
|c|âYuttt.ttttt|you do that
|c|âYuttt.ttttt|my tarot card says
|c|âYuttt.ttttt|you are switching
|c|âYuttt.ttttt|to rotom-w
|
|switch|p2a: Rotom-Wash|Rotom-Wash|270\/303
|move|p1a: Holy Mol|Rapid Spin|p2a: Rotom-Wash
|-damage|p2a: Rotom-Wash|244\/303
|-sideend|p1: Yuttt.ttttt|Stealth Rock|[from] move: Rapid Spin|[of] p1a: Holy Mol
|-damage|p1a: Holy Mol|184\/359|[from] item: Life Orb
|
|-heal|p2a: Rotom-Wash|262\/303|[from] item: Leftovers
|turn|27
|c|âYuttt.ttttt|predonk
|c|âCienight|MINDREADER
|
|switch|p1a: Not Celery|Celebi|307\/403
|move|p2a: Rotom-Wash|Hydro Pump|p1a: Not Celery
|-resisted|p1a: Not Celery
|-damage|p1a: Not Celery|247\/403
|
|-heal|p1a: Not Celery|272\/403|[from] item: Leftovers
|-heal|p2a: Rotom-Wash|280\/303|[from] item: Leftovers
|turn|28
|
|move|p1a: Not Celery|Baton Pass|p1a: Not Celery
|c|âYuttt.ttttt|fucking
|c|âCienight|too
|c|âYuttt.ttttt|noob
|c|âCienight|easy
|
|switch|p1a: Holy Mol|Excadrill, M, shiny|184\/359
|move|p2a: Rotom-Wash|Will-O-Wisp|p1a: Holy Mol
|-status|p1a: Holy Mol|brn
|
|-heal|p2a: Rotom-Wash|298\/303|[from] item: Leftovers
|-damage|p1a: Holy Mol|140\/359 brn|[from] brn
|turn|29
|c|âYuttt.ttttt|fajshflkasdjhflkasjfhaskdjlfhasdf
|c|âYuttt.ttttt|asdf
|c|âYuttt.ttttt|sadf
|c|âYuttt.ttttt|sa
|c|âYuttt.ttttt|fsa
|c|âYuttt.ttttt|df
|c|âYuttt.ttttt|da fuck
|c|âCienight|:]
|c|âYuttt.ttttt|ok
|c|âCienight|[:
|c|âYuttt.ttttt|lets have a last ditch effort
|c|âCienight|close to
|c|âCienight|6-0
|c|âCienight|?
|c|âCienight|??
|c|âYuttt.ttttt|ill just sack everything
|c|âYuttt.ttttt|then sweep
|
|move|p1a: Holy Mol|Rock Slide|p2a: Rotom-Wash
|-damage|p2a: Rotom-Wash|254\/303
|-damage|p1a: Holy Mol|105\/359 brn|[from] item: Life Orb
|move|p2a: Rotom-Wash|Volt Switch|p1a: Holy Mol
|-immune|p1a: Holy Mol|[msg]
|
|-heal|p2a: Rotom-Wash|272\/303|[from] item: Leftovers
|-damage|p1a: Holy Mol|61\/359 brn|[from] brn
|turn|30
|
|move|p1a: Holy Mol|Rock Slide|p2a: Rotom-Wash
|-damage|p2a: Rotom-Wash|229\/303
|-damage|p1a: Holy Mol|26\/359 brn|[from] item: Life Orb
|move|p2a: Rotom-Wash|Hydro Pump|p1a: Holy Mol|[miss]
|-miss|p2a: Rotom-Wash|p1a: Holy Mol
|
|-heal|p2a: Rotom-Wash|247\/303|[from] item: Leftovers
|-damage|p1a: Holy Mol|0 fnt|[from] brn
|faint|p1a: Holy Mol
|c|âYuttt.ttttt|hacks
|
|switch|p1a: Thundurosu|Thundurus, M, shiny|124\/299
|turn|31
|c|âCienight|should I predict
|c|âCienight|the nasty plot
|c|âCienight|?
|c|âCienight|^__^
|
|move|p1a: Thundurosu|Thunderbolt|p2a: Rotom-Wash
|-damage|p2a: Rotom-Wash|59\/303
|-damage|p1a: Thundurosu|95\/299|[from] item: Life Orb
|move|p2a: Rotom-Wash|Volt Switch|p1a: Thundurosu
|-damage|p1a: Thundurosu|0 fnt
|faint|p1a: Thundurosu
|
|switch|p2a: Kyurem-Black|Kyurem-Black|391\/391
|-ability|p2a: Kyurem-Black|Teravolt
|
|
|switch|p1a: GODZILLA|Tyranitar, M, shiny|343\/343
|-weather|Sandstorm
|turn|32
|
|switch|p2a: Empoleon|Empoleon, F|371\/371
|detailschange|p1a: GODZILLA|Tyranitar-Mega, M, shiny
|-mega|p1a: GODZILLA|Tyranitar|Tyranitarite
|move|p1a: GODZILLA|Dragon Dance|p1a: GODZILLA
|-boost|p1a: GODZILLA|atk|1
|-boost|p1a: GODZILLA|spe|1
|
|-weather|Sandstorm|[upkeep]
|turn|33
|c|âYuttt.ttttt|eq
|c|âYuttt.ttttt|time
|
|move|p1a: GODZILLA|Fire Punch|p2a: Empoleon
|-crit|p2a: Empoleon
|-damage|p2a: Empoleon|159\/371
|move|p2a: Empoleon|Roar|p1a: GODZILLA
|drag|p1a: lunar|Clefable, F, shiny|378\/394
|
|-weather|Sandstorm|[upkeep]
|-heal|p2a: Empoleon|182\/371|[from] item: Leftovers
|-heal|p1a: lunar|394\/394|[from] item: Leftovers
|turn|34
|c|âCienight|more like
|c|âCienight|crit time
|c|âCienight|u bitch
|
|switch|p1a: Not Celery|Celebi|272\/403
|move|p2a: Empoleon|Stealth Rock|p1a: Not Celery
|-sidestart|p1: Yuttt.ttttt|move: Stealth Rock
|
|-weather|Sandstorm|[upkeep]
|-damage|p1a: Not Celery|247\/403|[from] sandstorm
|-heal|p1a: Not Celery|272\/403|[from] item: Leftovers
|-heal|p2a: Empoleon|205\/371|[from] item: Leftovers
|turn|35
|
|switch|p2a: Kyurem-Black|Kyurem-Black|391\/391
|-ability|p2a: Kyurem-Black|Teravolt
|move|p1a: Not Celery|Stealth Rock|p2a: Kyurem-Black
|-sidestart|p2: Cienight|move: Stealth Rock
|
|-weather|Sandstorm|[upkeep]
|-damage|p2a: Kyurem-Black|367\/391|[from] sandstorm
|-damage|p1a: Not Celery|247\/403|[from] sandstorm
|-heal|p1a: Not Celery|272\/403|[from] item: Leftovers
|turn|36
|c|âCienight|its time
|c|âCienight|to end this
|c|âYuttt.ttttt|man
|
|move|p2a: Kyurem-Black|Ice Beam|p1a: Not Celery
|-supereffective|p1a: Not Celery
|-damage|p1a: Not Celery|0 fnt
|-damage|p2a: Kyurem-Black|328\/391|[from] item: Life Orb
|faint|p1a: Not Celery
|
|-weather|none
|c|âCienight|come
|c|âCienight|ttar
|c|âCienight|lemme show u
|c|âCienight|something
|c|âCienight|:]]]]]]]]]]]]]]]]]]]]]]]]]]]]]]]]]]]]]]]]]]]]]]]]]]]]]]]]]]]]]]]]
|
|switch|p1a: GODZILLA|Tyranitar-Mega, M, shiny|343\/343
|-damage|p1a: GODZILLA|301\/343|[from] Stealth Rock
|-weather|Sandstorm
|turn|37
|join|IAmGingy
|c| IAmGingy|nice
|
|move|p2a: Kyurem-Black|Outrage|p1a: GODZILLA
|-damage|p1a: GODZILLA|77\/343
|-damage|p2a: Kyurem-Black|289\/391|[from] item: Life Orb
|move|p1a: GODZILLA|Dragon Dance|p1a: GODZILLA
|-boost|p1a: GODZILLA|atk|1
|-boost|p1a: GODZILLA|spe|1
|
|-weather|Sandstorm|[upkeep]
|-damage|p2a: Kyurem-Black|265\/391|[from] sandstorm
|turn|38
|c|âCienight|COME ATME
|c| IAmGingy|rlly fkn old
|c|âCienight|TTAR
|c| IAmGingy|teams
|c| IAmGingy|lol
|c|âCienight|TTAAAAAAAAR
|c|âCienight|COME AT MEEEEEEEEEEEEE
|
|move|p1a: GODZILLA|Fire Punch|p2a: Kyurem-Black
|-damage|p2a: Kyurem-Black|95\/391
|move|p2a: Kyurem-Black|Outrage|p1a: GODZILLA
|-damage|p1a: GODZILLA|0 fnt
|-damage|p2a: Kyurem-Black|56\/391|[from] item: Life Orb
|faint|p1a: GODZILLA
|
|-weather|Sandstorm|[upkeep]
|-damage|p2a: Kyurem-Black|32\/391|[from] sandstorm
|
|switch|p1a: lunar|Clefable, F, shiny|394\/394
|turn|39
|leave|TheObsessed
|
|move|p2a: Kyurem-Black|Outrage|p1a: lunar
|-immune|p1a: lunar|[msg]
|move|p1a: lunar|Calm Mind|p1a: lunar
|-boost|p1a: lunar|spa|1
|-boost|p1a: lunar|spd|1
|
|-end|p2a: Kyurem-Black|rampage
|-start|p2a: Kyurem-Black|confusion
|-weather|Sandstorm|[upkeep]
|-damage|p2a: Kyurem-Black|8\/391|[from] sandstorm
|turn|40
|c|âCienight|not like
|c|âCienight|I've
|c|âCienight|iron head
|c|âCienight|lol
|
|-activate|p2a: Kyurem-Black|confusion
|move|p2a: Kyurem-Black|Fusion Bolt|p1a: lunar
|-damage|p1a: lunar|239\/394
|-damage|p2a: Kyurem-Black|0 fnt|[from] item: Life Orb
|faint|p2a: Kyurem-Black
|move|p1a: lunar|Soft-Boiled|p1a: lunar
|-heal|p1a: lunar|394\/394
|
|-weather|Sandstorm|[upkeep]
|
|switch|p2a: Landorus-Therian|Landorus-Therian, M|279\/369
|-damage|p2a: Landorus-Therian|233\/369|[from] Stealth Rock
|-ability|p2a: Landorus-Therian|Intimidate|[of] p1a: lunar
|-unboost|p1a: lunar|atk|1
|turn|41
|
|move|p2a: Landorus-Therian|Swords Dance|p2a: Landorus-Therian
|-boost|p2a: Landorus-Therian|atk|2
|move|p1a: lunar|Soft-Boiled|p1a: lunar
|-fail|p1a: lunar
|
|-weather|none
|-heal|p2a: Landorus-Therian|256\/369|[from] item: Leftovers
|turn|42
|c|âYuttt.ttttt|fuck
|c|âYuttt.ttttt|cancel
|c|âYuttt.ttttt|...
|
|move|p2a: Landorus-Therian|Earthquake|p1a: lunar
|-damage|p1a: lunar|87\/394
|move|p1a: lunar|Moonblast|p2a: Landorus-Therian
|-damage|p2a: Landorus-Therian|73\/369
|-unboost|p2a: Landorus-Therian|spa|1
|
|-heal|p2a: Landorus-Therian|96\/369|[from] item: Leftovers
|-heal|p1a: lunar|111\/394|[from] item: Leftovers
|turn|43
|c|âYuttt.ttttt|bg
|c|âCienight|ge
|c|âCienight|ge
|
|move|p2a: Landorus-Therian|Earthquake|p1a: lunar
|-damage|p1a: lunar|0 fnt
|faint|p1a: lunar
|
|win|Cienight
|leave|Yuttt.ttttt
|player|p1
|leave|Cienight
|player|p2
|leave|IAmGingy