|join|mc celery
|join|Cunty Vibes
|player|p1|mc celery|267
|player|p2|Cunty Vibes|185
|gametype|singles
|gen|6
|tier|OU
|rated
|clearpoke
|poke|p1|Landorus-Therian, M
|poke|p1|Conkeldurr, F
|poke|p1|Magnezone
|poke|p1|Azumarill, M
|poke|p1|Pinsir, M
|poke|p1|Empoleon, F
|poke|p2|Clefable, F
|poke|p2|Conkeldurr, F
|poke|p2|Landorus-Therian, M
|poke|p2|Chansey, F
|poke|p2|Scizor, F
|poke|p2|Alomomola, F
|rule|Swagger Clause: Swagger is banned
|rule|Baton Pass Clause: Limit one PokÃ©mon knowing Baton Pass
|rule|Sleep Clause Mod: Limit one foe put to sleep
|rule|Species Clause: Limit one of each PokÃ©mon
|rule|OHKO Clause: OHKO moves are banned
|rule|Moody Clause: Moody is banned
|rule|Evasion Moves Clause: Evasion moves are banned
|rule|Endless Battle Clause: Forcing endless battles is banned
|rule|HP Percentage Mod: HP is reported as percentages
|teampreview
|
|start
|switch|p1a: Azumarill|Azumarill, M|349\/349
|switch|p2a: Alomomola|Alomomola, F|534\/534
|turn|1
|
|switch|p1a: Conkeldurr|Conkeldurr, F|365\/365
|move|p2a: Alomomola|Toxic|p1a: Conkeldurr
|-status|p1a: Conkeldurr|tox
|
|-damage|p1a: Conkeldurr|343\/365 tox|[from] psn
|turn|2
|
|switch|p2a: Scizor|Scizor, F|343\/343
|move|p1a: Conkeldurr|Drain Punch|p2a: Scizor
|-damage|p2a: Scizor|178\/343
|-heal|p1a: Conkeldurr|365\/365 tox|[from] drain|[of] p2a: Scizor
|
|-damage|p1a: Conkeldurr|321\/365 tox|[from] psn
|turn|3
|
|detailschange|p2a: Scizor|Scizor-Mega, F
|message|Scizor has Mega Evolved into Mega Scizor!
|move|p2a: Scizor|Knock Off|p1a: Conkeldurr
|-resisted|p1a: Conkeldurr
|-damage|p1a: Conkeldurr|267\/365 tox
|-enditem|p1a: Conkeldurr|Assault Vest|[from] move: Knock Off|[of] p2a: Scizor
|move|p1a: Conkeldurr|Drain Punch|p2a: Scizor
|-damage|p2a: Scizor|57\/343
|-heal|p1a: Conkeldurr|328\/365 tox|[from] drain|[of] p2a: Scizor
|
|-damage|p1a: Conkeldurr|262\/365 tox|[from] psn
|turn|4
|
|switch|p2a: Clefable|Clefable, F|394\/394
|switch|p1a: Magnezone|Magnezone|301\/301
|
|turn|5
|
|switch|p2a: Chansey|Chansey, F|704\/704
|move|p1a: Magnezone|Volt Switch|p2a: Chansey
|-damage|p2a: Chansey|575\/704
|
|switch|p1a: Conkeldurr|Conkeldurr, F|262\/365 tox
|
|-damage|p1a: Conkeldurr|240\/365 tox|[from] psn
|turn|6
|
|move|p2a: Chansey|Protect|p2a: Chansey
|-singleturn|p2a: Chansey|Protect
|move|p1a: Conkeldurr|Knock Off|p2a: Chansey
|-activate|p2a: Chansey|Protect
|
|-damage|p1a: Conkeldurr|196\/365 tox|[from] psn
|turn|7
|
|switch|p2a: Clefable|Clefable, F|394\/394
|move|p1a: Conkeldurr|Knock Off|p2a: Clefable
|-resisted|p2a: Clefable
|-damage|p2a: Clefable|309\/394
|-enditem|p2a: Clefable|Leftovers|[from] move: Knock Off|[of] p1a: Conkeldurr
|
|-damage|p1a: Conkeldurr|130\/365 tox|[from] psn
|turn|8
|
|switch|p1a: Empoleon|Empoleon, F|371\/371
|move|p2a: Clefable|Moonblast|p1a: Empoleon
|-resisted|p1a: Empoleon
|-damage|p1a: Empoleon|325\/371
|-unboost|p1a: Empoleon|spa|1
|
|-heal|p1a: Empoleon|348\/371|[from] item: Leftovers
|turn|9
|
|switch|p2a: Scizor|Scizor-Mega, F|57\/343
|move|p1a: Empoleon|Stealth Rock|p2a: Scizor
|-sidestart|p2: Cunty Vibes|move: Stealth Rock
|
|-heal|p1a: Empoleon|371\/371|[from] item: Leftovers
|turn|10
|
|switch|p1a: Magnezone|Magnezone|301\/301
|move|p2a: Scizor|Roost|p2a: Scizor
|-heal|p2a: Scizor|229\/343
|
|turn|11
|
|move|p1a: Magnezone|Hidden Power|p2a: Scizor
|-supereffective|p2a: Scizor
|-damage|p2a: Scizor|0 fnt
|faint|p2a: Scizor
|
|
|switch|p2a: Alomomola|Alomomola, F|534\/534
|-damage|p2a: Alomomola|468\/534|[from] Stealth Rock
|turn|12
|
|switch|p1a: Empoleon|Empoleon, F|371\/371
|move|p2a: Alomomola|Wish|p2a: Alomomola
|
|turn|13
|
|switch|p2a: Conkeldurr|Conkeldurr, F|401\/401
|-damage|p2a: Conkeldurr|376\/401|[from] Stealth Rock
|move|p1a: Empoleon|Scald|p2a: Conkeldurr
|-damage|p2a: Conkeldurr|285\/401
|
|-heal|p2a: Conkeldurr|401\/401|[from] move: Wish|[wisher] Alomomola
|turn|14
|
|switch|p1a: Azumarill|Azumarill, M|349\/349
|move|p2a: Conkeldurr|Knock Off|p1a: Azumarill
|-resisted|p1a: Azumarill
|-damage|p1a: Azumarill|287\/349
|-enditem|p1a: Azumarill|Choice Band|[from] move: Knock Off|[of] p2a: Conkeldurr
|
|turn|15
|
|switch|p1a: Pinsir|Pinsir, M|271\/271
|switch|p2a: Alomomola|Alomomola, F|534\/534
|-damage|p2a: Alomomola|468\/534|[from] Stealth Rock
|
|turn|16
|
|detailschange|p1a: Pinsir|Pinsir-Mega, M
|message|Pinsir has Mega Evolved into Mega Pinsir!
|move|p1a: Pinsir|Substitute|p1a: Pinsir
|-start|p1a: Pinsir|Substitute
|-damage|p1a: Pinsir|204\/271
|move|p2a: Alomomola|Scald|p1a: Pinsir
|-activate|p1a: Pinsir|Substitute|[damage]
|
|turn|17
|
|move|p1a: Pinsir|Return|p2a: Alomomola
|-damage|p2a: Alomomola|234\/534
|-damage|p1a: Pinsir|159\/271|[from] item: Rocky Helmet|[of] p2a: Alomomola
|move|p2a: Alomomola|Scald|p1a: Pinsir
|-end|p1a: Pinsir|Substitute
|
|turn|18
|
|switch|p2a: Landorus-Therian|Landorus-Therian, M|382\/382
|-damage|p2a: Landorus-Therian|335\/382|[from] Stealth Rock
|-ability|p2a: Landorus-Therian|Intimidate|[of] p1a: Pinsir
|-unboost|p1a: Pinsir|atk|1
|move|p1a: Pinsir|Return|p2a: Landorus-Therian
|-damage|p2a: Landorus-Therian|194\/382
|
|-heal|p2a: Landorus-Therian|217\/382|[from] item: Leftovers
|turn|19
|
|switch|p1a: Empoleon|Empoleon, F|371\/371
|move|p2a: Landorus-Therian|Stealth Rock|p1a: Empoleon
|-sidestart|p1: mc celery|move: Stealth Rock
|
|-heal|p2a: Landorus-Therian|240\/382|[from] item: Leftovers
|turn|20
|
|switch|p2a: Conkeldurr|Conkeldurr, F|401\/401
|-damage|p2a: Conkeldurr|376\/401|[from] Stealth Rock
|move|p1a: Empoleon|Scald|p2a: Conkeldurr
|-damage|p2a: Conkeldurr|289\/401
|
|turn|21
|
|move|p1a: Empoleon|Defog|p2a: Conkeldurr
|-unboost|p2a: Conkeldurr|evasion|1
|-sideend|p2: Cunty Vibes|Stealth Rock|[from] move: Defog|[of] p2a: Conkeldurr
|-sideend|p1: mc celery|Stealth Rock|[from] move: Defog|[of] p1a: Empoleon
|move|p2a: Conkeldurr|Drain Punch|p1a: Empoleon
|-supereffective|p1a: Empoleon
|-damage|p1a: Empoleon|125\/371
|-heal|p2a: Conkeldurr|401\/401|[from] drain|[of] p1a: Empoleon
|
|-heal|p1a: Empoleon|148\/371|[from] item: Leftovers
|turn|22
|
|switch|p1a: Azumarill|Azumarill, M|287\/349
|switch|p2a: Alomomola|Alomomola, F|412\/534
|
|turn|23
|
|switch|p1a: Empoleon|Empoleon, F|148\/371
|move|p2a: Alomomola|Wish|p2a: Alomomola
|
|-heal|p1a: Empoleon|171\/371|[from] item: Leftovers
|turn|24
|
|move|p2a: Alomomola|Scald|p1a: Empoleon
|-resisted|p1a: Empoleon
|-damage|p1a: Empoleon|151\/371
|move|p1a: Empoleon|Stealth Rock|p2a: Alomomola
|-sidestart|p2: Cunty Vibes|move: Stealth Rock
|
|-heal|p2a: Alomomola|534\/534|[from] move: Wish|[wisher] Alomomola
|-heal|p1a: Empoleon|174\/371|[from] item: Leftovers
|turn|25
|
|switch|p1a: Conkeldurr|Conkeldurr, F|130\/365 tox
|move|p2a: Alomomola|Scald|p1a: Conkeldurr
|-damage|p1a: Conkeldurr|75\/365 tox
|
|-damage|p1a: Conkeldurr|53\/365 tox|[from] psn
|turn|26
|
|switch|p1a: Magnezone|Magnezone|301\/301
|move|p2a: Alomomola|Wish|p2a: Alomomola
|
|turn|27
|
|move|p1a: Magnezone|Flash Cannon|p2a: Alomomola
|-resisted|p2a: Alomomola
|-damage|p2a: Alomomola|342\/534
|move|p2a: Alomomola|Mirror Coat|p1a: Magnezone
|-damage|p1a: Magnezone|0 fnt
|faint|p1a: Magnezone
|
|-heal|p2a: Alomomola|534\/534|[from] move: Wish|[wisher] Alomomola
|chat|mc celery|Oh wow
|
|switch|p1a: Azumarill|Azumarill, M|287\/349
|turn|28
|
|move|p2a: Alomomola|Wish|p2a: Alomomola
|move|p1a: Azumarill|Play Rough|p2a: Alomomola
|-damage|p2a: Alomomola|366\/534
|-damage|p1a: Azumarill|229\/349|[from] item: Rocky Helmet|[of] p2a: Alomomola
|-unboost|p2a: Alomomola|atk|1
|
|turn|29
|
|move|p2a: Alomomola|Scald|p1a: Azumarill
|-resisted|p1a: Azumarill
|-damage|p1a: Azumarill|200\/349
|-status|p1a: Azumarill|brn
|move|p1a: Azumarill|Waterfall|p2a: Alomomola
|-resisted|p2a: Alomomola
|-damage|p2a: Alomomola|330\/534
|-damage|p1a: Azumarill|142\/349 brn|[from] item: Rocky Helmet|[of] p2a: Alomomola
|
|-heal|p2a: Alomomola|534\/534|[from] move: Wish|[wisher] Alomomola
|-damage|p1a: Azumarill|99\/349 brn|[from] brn
|turn|30
|
|move|p2a: Alomomola|Wish|p2a: Alomomola
|move|p1a: Azumarill|Facade|p2a: Alomomola
|-damage|p2a: Alomomola|346\/534
|-damage|p1a: Azumarill|41\/349 brn|[from] item: Rocky Helmet|[of] p2a: Alomomola
|
|-damage|p1a: Azumarill|0 fnt|[from] brn
|faint|p1a: Azumarill
|
|switch|p1a: Empoleon|Empoleon, F|174\/371
|turn|31
|
|move|p2a: Alomomola|Scald|p1a: Empoleon
|-resisted|p1a: Empoleon
|-damage|p1a: Empoleon|153\/371
|move|p1a: Empoleon|Roar|p2a: Alomomola
|drag|p2a: Clefable|Clefable, F|309\/394
|-damage|p2a: Clefable|260\/394|[from] Stealth Rock
|
|-heal|p2a: Clefable|394\/394|[from] move: Wish|[wisher] Alomomola
|-heal|p1a: Empoleon|176\/371|[from] item: Leftovers
|turn|32
|
|switch|p2a: Conkeldurr|Conkeldurr, F|401\/401
|-damage|p2a: Conkeldurr|376\/401|[from] Stealth Rock
|move|p1a: Empoleon|Scald|p2a: Conkeldurr
|-damage|p2a: Conkeldurr|280\/401
|
|-heal|p1a: Empoleon|199\/371|[from] item: Leftovers
|turn|33
|
|switch|p1a: Pinsir|Pinsir-Mega, M|159\/271
|move|p2a: Conkeldurr|Ice Punch|p1a: Pinsir
|-supereffective|p1a: Pinsir
|-damage|p1a: Pinsir|0 fnt
|faint|p1a: Pinsir
|
|-message|mc celery forfeited.
|
|win|Cunty Vibes
|raw|Ladder updating...
|leave|mc celery
|player|p1
|raw|mc celery's rating: 1885 &rarr; <strong>1865<\/strong><br \/>(-20 for losing)
|raw|Cunty Vibes's rating: 1898 &rarr; <strong>1917<\/strong><br \/>(+19 for winning)