|join|Cunty Vibes
|join|Magicblade
|player|p1|Cunty Vibes|185
|player|p2|Magicblade|151
|gametype|singles
|gen|6
|tier|OU
|rated
|clearpoke
|poke|p1|Clefable, F
|poke|p1|Conkeldurr, M
|poke|p1|Landorus-Therian, M
|poke|p1|Chansey, F
|poke|p1|Scizor, M
|poke|p1|Alomomola, F
|poke|p2|Medicham, M
|poke|p2|Bisharp, M
|poke|p2|Porygon2
|poke|p2|Entei, shiny
|poke|p2|Zapdos
|poke|p2|Mew
|rule|Swagger Clause: Swagger is banned
|rule|Baton Pass Clause: Limit one PokÃ©mon knowing Baton Pass
|rule|Sleep Clause Mod: Limit one foe put to sleep
|rule|Species Clause: Limit one of each PokÃ©mon
|rule|OHKO Clause: OHKO moves are banned
|rule|Moody Clause: Moody is banned
|rule|Evasion Moves Clause: Evasion moves are banned
|rule|Endless Battle Clause: Forcing endless battles is banned
|rule|HP Percentage Mod: HP is shown in percentages
|teampreview
|
|start
|switch|p1a: Alomomola|Alomomola, F|534\/534
|switch|p2a: Calamity|Mew|404\/404
|turn|1
|
|move|p2a: Calamity|Taunt|p1a: Alomomola
|-start|p1a: Alomomola|move: Taunt
|cant|p1a: Alomomola|move: Taunt|Toxic
|
|turn|2
|join|mars40
|
|switch|p1a: Landorus-Therian|Landorus-Therian, M|382\/382
|-ability|p1a: Landorus-Therian|Intimidate|[of] p2a: Calamity
|-unboost|p2a: Calamity|atk|1
|move|p2a: Calamity|Stealth Rock|p1a: Landorus-Therian
|-sidestart|p1: Cunty Vibes|move: Stealth Rock
|
|turn|3
|
|switch|p1a: Conkeldurr|Conkeldurr, M|401\/401
|-damage|p1a: Conkeldurr|376\/401|[from] Stealth Rock
|move|p2a: Calamity|Will-O-Wisp|p1a: Conkeldurr
|-status|p1a: Conkeldurr|brn
|
|-damage|p1a: Conkeldurr|326\/401 brn|[from] brn
|turn|4
|
|move|p2a: Calamity|Roost|p2a: Calamity
|-fail|p2a: Calamity
|move|p1a: Conkeldurr|Drain Punch|p2a: Calamity
|-resisted|p2a: Calamity
|-damage|p2a: Calamity|324\/404
|-heal|p1a: Conkeldurr|366\/401 brn|[from] drain|[of] p2a: Calamity
|
|-heal|p2a: Calamity|349\/404|[from] item: Leftovers
|-damage|p1a: Conkeldurr|316\/401 brn|[from] brn
|turn|5
|
|move|p2a: Calamity|Roost|p2a: Calamity
|-heal|p2a: Calamity|404\/404
|move|p1a: Conkeldurr|Ice Punch|p2a: Calamity
|-damage|p2a: Calamity|296\/404
|
|-heal|p2a: Calamity|321\/404|[from] item: Leftovers
|-damage|p1a: Conkeldurr|266\/401 brn|[from] brn
|turn|6
|
|move|p2a: Calamity|Taunt|p1a: Conkeldurr
|-start|p1a: Conkeldurr|move: Taunt
|move|p1a: Conkeldurr|Drain Punch|p2a: Calamity
|-resisted|p2a: Calamity
|-damage|p2a: Calamity|234\/404
|-heal|p1a: Conkeldurr|310\/401 brn|[from] drain|[of] p2a: Calamity
|
|-heal|p2a: Calamity|259\/404|[from] item: Leftovers
|-damage|p1a: Conkeldurr|260\/401 brn|[from] brn
|turn|7
|
|move|p2a: Calamity|Roost|p2a: Calamity
|-heal|p2a: Calamity|404\/404
|move|p1a: Conkeldurr|Drain Punch|p2a: Calamity
|-resisted|p2a: Calamity
|-damage|p2a: Calamity|317\/404
|-heal|p1a: Conkeldurr|304\/401 brn|[from] drain|[of] p2a: Calamity
|
|-heal|p2a: Calamity|342\/404|[from] item: Leftovers
|-damage|p1a: Conkeldurr|254\/401 brn|[from] brn
|turn|8
|
|switch|p2a: Raikiri|Zapdos|384\/384
|-ability|p2a: Raikiri|Pressure
|move|p1a: Conkeldurr|Drain Punch|p2a: Raikiri
|-resisted|p2a: Raikiri
|-damage|p2a: Raikiri|267\/384
|-heal|p1a: Conkeldurr|313\/401 brn|[from] drain|[of] p2a: Raikiri
|
|-heal|p2a: Raikiri|291\/384|[from] item: Leftovers
|-damage|p1a: Conkeldurr|263\/401 brn|[from] brn
|-end|p1a: Conkeldurr|move: Taunt
|turn|9
|
|move|p2a: Raikiri|Thunderbolt|p1a: Conkeldurr
|-crit|p1a: Conkeldurr
|-damage|p1a: Conkeldurr|107\/401 brn
|move|p1a: Conkeldurr|Ice Punch|p2a: Raikiri
|-supereffective|p2a: Raikiri
|-damage|p2a: Raikiri|0 fnt
|faint|p2a: Raikiri
|
|-damage|p1a: Conkeldurr|57\/401 brn|[from] brn
|
|switch|p2a: Bruce Lee|Medicham, M|262\/262
|turn|10
|
|switch|p1a: Alomomola|Alomomola, F|534\/534
|-damage|p1a: Alomomola|468\/534|[from] Stealth Rock
|detailschange|p2a: Bruce Lee|Medicham-Mega, M
|message|Medicham has Mega Evolved into Mega Medicham!
|move|p2a: Bruce Lee|Fake Out|p1a: Alomomola
|-damage|p1a: Alomomola|396\/534
|-damage|p2a: Bruce Lee|219\/262|[from] item: Rocky Helmet|[of] p1a: Alomomola
|
|turn|11
|
|move|p2a: Bruce Lee|Psycho Cut|p1a: Alomomola
|-damage|p1a: Alomomola|219\/534
|move|p1a: Alomomola|Wish|p1a: Alomomola
|
|turn|12
|
|switch|p1a: Scizor|Scizor, M|343\/343
|-damage|p1a: Scizor|301\/343|[from] Stealth Rock
|move|p2a: Bruce Lee|Psycho Cut|p1a: Scizor
|-resisted|p1a: Scizor
|-damage|p1a: Scizor|221\/343
|
|-heal|p1a: Scizor|343\/343|[from] move: Wish|[wisher] Alomomola
|turn|13
|
|detailschange|p1a: Scizor|Scizor-Mega, M
|message|Scizor has Mega Evolved into Mega Scizor!
|move|p2a: Bruce Lee|Drain Punch|p1a: Scizor
|-damage|p1a: Scizor|208\/343
|-heal|p2a: Bruce Lee|262\/262|[from] drain|[of] p1a: Scizor
|move|p1a: Scizor|Defog|p2a: Bruce Lee
|-unboost|p2a: Bruce Lee|evasion|1
|-sideend|p1: Cunty Vibes|Stealth Rock|[from] move: Defog|[of] p1a: Scizor
|
|turn|14
|
|switch|p2a: Calamity|Mew|342\/404
|move|p1a: Scizor|Roost|p1a: Scizor
|-heal|p1a: Scizor|343\/343
|
|-heal|p2a: Calamity|367\/404|[from] item: Leftovers
|turn|15
|
|switch|p1a: Alomomola|Alomomola, F|397\/534
|move|p2a: Calamity|Stealth Rock|p1a: Alomomola
|-sidestart|p1: Cunty Vibes|move: Stealth Rock
|
|-heal|p2a: Calamity|392\/404|[from] item: Leftovers
|turn|16
|
|move|p2a: Calamity|Taunt|p1a: Alomomola
|-start|p1a: Alomomola|move: Taunt
|move|p1a: Alomomola|Scald|p2a: Calamity
|-damage|p2a: Calamity|349\/404
|
|-heal|p2a: Calamity|374\/404|[from] item: Leftovers
|turn|17
|
|move|p2a: Calamity|Will-O-Wisp|p1a: Alomomola
|-status|p1a: Alomomola|brn
|move|p1a: Alomomola|Scald|p2a: Calamity
|-damage|p2a: Calamity|329\/404
|
|-heal|p2a: Calamity|354\/404|[from] item: Leftovers
|-damage|p1a: Alomomola|331\/534 brn|[from] brn
|turn|18
|
|move|p2a: Calamity|Roost|p2a: Calamity
|-heal|p2a: Calamity|404\/404
|move|p1a: Alomomola|Scald|p2a: Calamity
|-damage|p2a: Calamity|356\/404
|-status|p2a: Calamity|brn
|
|-heal|p2a: Calamity|381\/404 brn|[from] item: Leftovers
|-damage|p2a: Calamity|331\/404 brn|[from] brn
|-damage|p1a: Alomomola|265\/534 brn|[from] brn
|-end|p1a: Alomomola|move: Taunt
|turn|19
|
|switch|p1a: Landorus-Therian|Landorus-Therian, M|382\/382
|-damage|p1a: Landorus-Therian|335\/382|[from] Stealth Rock
|-ability|p1a: Landorus-Therian|Intimidate|[of] p2a: Calamity
|-unboost|p2a: Calamity|atk|1
|move|p2a: Calamity|Taunt|p1a: Landorus-Therian
|-start|p1a: Landorus-Therian|move: Taunt
|
|-heal|p2a: Calamity|356\/404 brn|[from] item: Leftovers
|-heal|p1a: Landorus-Therian|358\/382|[from] item: Leftovers
|-damage|p2a: Calamity|306\/404 brn|[from] brn
|turn|20
|
|switch|p1a: Chansey|Chansey, F|704\/704
|-damage|p1a: Chansey|616\/704|[from] Stealth Rock
|move|p2a: Calamity|Will-O-Wisp|p1a: Chansey
|-status|p1a: Chansey|brn
|
|-heal|p2a: Calamity|331\/404 brn|[from] item: Leftovers
|-damage|p2a: Calamity|281\/404 brn|[from] brn
|-damage|p1a: Chansey|528\/704 brn|[from] brn
|turn|21
|
|move|p2a: Calamity|Taunt|p1a: Chansey
|-start|p1a: Chansey|move: Taunt
|cant|p1a: Chansey|move: Taunt|Wish
|
|-heal|p2a: Calamity|306\/404 brn|[from] item: Leftovers
|-damage|p2a: Calamity|256\/404 brn|[from] brn
|-damage|p1a: Chansey|440\/704 brn|[from] brn
|turn|22
|
|switch|p1a: Landorus-Therian|Landorus-Therian, M|358\/382
|-damage|p1a: Landorus-Therian|311\/382|[from] Stealth Rock
|-ability|p1a: Landorus-Therian|Intimidate|[of] p2a: Calamity
|-unboost|p2a: Calamity|atk|1
|move|p2a: Calamity|Roost|p2a: Calamity
|-heal|p2a: Calamity|404\/404 brn
|
|-heal|p1a: Landorus-Therian|334\/382|[from] item: Leftovers
|-damage|p2a: Calamity|354\/404 brn|[from] brn
|turn|23
|
|switch|p1a: Alomomola|Alomomola, F|443\/534 brn
|-damage|p1a: Alomomola|377\/534 brn|[from] Stealth Rock
|move|p2a: Calamity|Will-O-Wisp|p1a: Alomomola
|-fail|p1a: Alomomola|brn
|
|-heal|p2a: Calamity|379\/404 brn|[from] item: Leftovers
|-damage|p2a: Calamity|329\/404 brn|[from] brn
|-damage|p1a: Alomomola|311\/534 brn|[from] brn
|turn|24
|
|move|p2a: Calamity|Taunt|p1a: Alomomola
|-start|p1a: Alomomola|move: Taunt
|cant|p1a: Alomomola|move: Taunt|Wish
|
|-heal|p2a: Calamity|354\/404 brn|[from] item: Leftovers
|-damage|p2a: Calamity|304\/404 brn|[from] brn
|-damage|p1a: Alomomola|245\/534 brn|[from] brn
|turn|25
|
|switch|p1a: Scizor|Scizor-Mega, M|343\/343
|-damage|p1a: Scizor|301\/343|[from] Stealth Rock
|move|p2a: Calamity|Will-O-Wisp|p1a: Scizor
|-status|p1a: Scizor|brn
|
|-heal|p2a: Calamity|329\/404 brn|[from] item: Leftovers
|-damage|p2a: Calamity|279\/404 brn|[from] brn
|-damage|p1a: Scizor|259\/343 brn|[from] brn
|turn|26
|
|move|p2a: Calamity|Taunt|p1a: Scizor
|-start|p1a: Scizor|move: Taunt
|cant|p1a: Scizor|move: Taunt|Defog
|
|-heal|p2a: Calamity|304\/404 brn|[from] item: Leftovers
|-damage|p2a: Calamity|254\/404 brn|[from] brn
|-damage|p1a: Scizor|217\/343 brn|[from] brn
|turn|27
|
|switch|p1a: Landorus-Therian|Landorus-Therian, M|334\/382
|-damage|p1a: Landorus-Therian|287\/382|[from] Stealth Rock
|-ability|p1a: Landorus-Therian|Intimidate|[of] p2a: Calamity
|-unboost|p2a: Calamity|atk|1
|move|p2a: Calamity|Will-O-Wisp|p1a: Landorus-Therian
|-status|p1a: Landorus-Therian|brn
|
|-heal|p2a: Calamity|279\/404 brn|[from] item: Leftovers
|-heal|p1a: Landorus-Therian|310\/382 brn|[from] item: Leftovers
|-damage|p2a: Calamity|229\/404 brn|[from] brn
|-damage|p1a: Landorus-Therian|263\/382 brn|[from] brn
|turn|28
|
|move|p2a: Calamity|Roost|p2a: Calamity
|-heal|p2a: Calamity|404\/404 brn
|move|p1a: Landorus-Therian|U-turn|p2a: Calamity
|-supereffective|p2a: Calamity
|-damage|p2a: Calamity|346\/404 brn
|
|switch|p1a: Alomomola|Alomomola, F|423\/534 brn
|-damage|p1a: Alomomola|357\/534 brn|[from] Stealth Rock
|
|-heal|p2a: Calamity|371\/404 brn|[from] item: Leftovers
|-damage|p2a: Calamity|321\/404 brn|[from] brn
|-damage|p1a: Alomomola|291\/534 brn|[from] brn
|turn|29
|
|move|p2a: Calamity|Taunt|p1a: Alomomola
|-start|p1a: Alomomola|move: Taunt
|cant|p1a: Alomomola|move: Taunt|Wish
|
|-heal|p2a: Calamity|346\/404 brn|[from] item: Leftovers
|-damage|p2a: Calamity|296\/404 brn|[from] brn
|-damage|p1a: Alomomola|225\/534 brn|[from] brn
|turn|30
|
|switch|p1a: Chansey|Chansey, F|440\/704
|-damage|p1a: Chansey|352\/704|[from] Stealth Rock
|move|p2a: Calamity|Will-O-Wisp|p1a: Chansey|[miss]
|-miss|p2a: Calamity|p1a: Chansey
|
|-heal|p2a: Calamity|321\/404 brn|[from] item: Leftovers
|-damage|p2a: Calamity|271\/404 brn|[from] brn
|turn|31
|
|move|p1a: Chansey|Protect|p1a: Chansey
|-singleturn|p1a: Chansey|Protect
|move|p2a: Calamity|Taunt|p1a: Chansey
|-activate|p1a: Chansey|Protect
|
|-heal|p2a: Calamity|296\/404 brn|[from] item: Leftovers
|-damage|p2a: Calamity|246\/404 brn|[from] brn
|turn|32
|
|move|p2a: Calamity|Will-O-Wisp|p1a: Chansey
|-status|p1a: Chansey|brn
|move|p1a: Chansey|Wish|p1a: Chansey
|
|-heal|p2a: Calamity|271\/404 brn|[from] item: Leftovers
|-damage|p2a: Calamity|221\/404 brn|[from] brn
|-damage|p1a: Chansey|264\/704 brn|[from] brn
|turn|33
|
|switch|p2a: Amaterasu|Entei, shiny|434\/434
|-ability|p2a: Amaterasu|Pressure
|switch|p1a: Conkeldurr|Conkeldurr, M|57\/401 brn
|-damage|p1a: Conkeldurr|32\/401 brn|[from] Stealth Rock
|
|-heal|p1a: Conkeldurr|384\/401 brn|[from] move: Wish|[wisher] Chansey
|-damage|p1a: Conkeldurr|334\/401 brn|[from] brn
|turn|34
|
|switch|p2a: Bruce Lee|Medicham-Mega, M|262\/262
|switch|p1a: Alomomola|Alomomola, F|403\/534 brn
|-damage|p1a: Alomomola|337\/534 brn|[from] Stealth Rock
|
|-damage|p1a: Alomomola|271\/534 brn|[from] brn
|turn|35
|
|switch|p1a: Clefable|Clefable, F|394\/394
|-damage|p1a: Clefable|345\/394|[from] Stealth Rock
|move|p2a: Bruce Lee|Psycho Cut|p1a: Clefable
|-damage|p1a: Clefable|158\/394
|
|-heal|p1a: Clefable|182\/394|[from] item: Leftovers
|turn|36
|
|move|p2a: Bruce Lee|Psycho Cut|p1a: Clefable
|-damage|p1a: Clefable|0 fnt
|faint|p1a: Clefable
|
|
|switch|p1a: Scizor|Scizor-Mega, M|217\/343 brn
|-damage|p1a: Scizor|175\/343 brn|[from] Stealth Rock
|turn|37
|
|move|p2a: Bruce Lee|Drain Punch|p1a: Scizor
|-damage|p1a: Scizor|55\/343 brn
|move|p1a: Scizor|Roost|p1a: Scizor
|-heal|p1a: Scizor|227\/343 brn
|
|-damage|p1a: Scizor|185\/343 brn|[from] brn
|turn|38
|
|move|p2a: Bruce Lee|Drain Punch|p1a: Scizor
|-damage|p1a: Scizor|53\/343 brn
|move|p1a: Scizor|Roost|p1a: Scizor
|-heal|p1a: Scizor|225\/343 brn
|
|-damage|p1a: Scizor|183\/343 brn|[from] brn
|turn|39
|
|move|p2a: Bruce Lee|Drain Punch|p1a: Scizor
|-damage|p1a: Scizor|59\/343 brn
|move|p1a: Scizor|Roost|p1a: Scizor
|-heal|p1a: Scizor|231\/343 brn
|
|-damage|p1a: Scizor|189\/343 brn|[from] brn
|turn|40
|
|switch|p2a: Amaterasu|Entei, shiny|434\/434
|-ability|p2a: Amaterasu|Pressure
|move|p1a: Scizor|Roost|p1a: Scizor
|-heal|p1a: Scizor|343\/343 brn
|
|-damage|p1a: Scizor|301\/343 brn|[from] brn
|turn|41
|
|switch|p2a: Bruce Lee|Medicham-Mega, M|262\/262
|switch|p1a: Alomomola|Alomomola, F|449\/534 brn
|-damage|p1a: Alomomola|383\/534 brn|[from] Stealth Rock
|
|-damage|p1a: Alomomola|317\/534 brn|[from] brn
|turn|42
|
|move|p2a: Bruce Lee|Psycho Cut|p1a: Alomomola
|-damage|p1a: Alomomola|124\/534 brn
|move|p1a: Alomomola|Wish|p1a: Alomomola
|
|-damage|p1a: Alomomola|58\/534 brn|[from] brn
|turn|43
|
|switch|p1a: Landorus-Therian|Landorus-Therian, M|263\/382 brn
|-damage|p1a: Landorus-Therian|216\/382 brn|[from] Stealth Rock
|-ability|p1a: Landorus-Therian|Intimidate|[of] p2a: Bruce Lee
|-unboost|p2a: Bruce Lee|atk|1
|move|p2a: Bruce Lee|Drain Punch|p1a: Landorus-Therian
|-resisted|p1a: Landorus-Therian
|-damage|p1a: Landorus-Therian|159\/382 brn
|
|-heal|p1a: Landorus-Therian|382\/382 brn|[from] move: Wish|[wisher] Alomomola
|-damage|p1a: Landorus-Therian|335\/382 brn|[from] brn
|turn|44
|
|switch|p2a: Amaterasu|Entei, shiny|434\/434
|-ability|p2a: Amaterasu|Pressure
|switch|p1a: Scizor|Scizor-Mega, M|301\/343 brn
|-damage|p1a: Scizor|259\/343 brn|[from] Stealth Rock
|
|-damage|p1a: Scizor|217\/343 brn|[from] brn
|turn|45
|
|switch|p1a: Landorus-Therian|Landorus-Therian, M|335\/382 brn
|-damage|p1a: Landorus-Therian|288\/382 brn|[from] Stealth Rock
|-ability|p1a: Landorus-Therian|Intimidate|[of] p2a: Amaterasu
|-unboost|p2a: Amaterasu|atk|1
|move|p2a: Amaterasu|Sacred Fire|p1a: Landorus-Therian
|-damage|p1a: Landorus-Therian|200\/382 brn
|
|-heal|p1a: Landorus-Therian|223\/382 brn|[from] item: Leftovers
|-damage|p1a: Landorus-Therian|176\/382 brn|[from] brn
|turn|46
|
|switch|p2a: Bruce Lee|Medicham-Mega, M|262\/262
|move|p1a: Landorus-Therian|Stealth Rock|p2a: Bruce Lee
|-sidestart|p2: Magicblade|move: Stealth Rock
|
|-heal|p1a: Landorus-Therian|199\/382 brn|[from] item: Leftovers
|-damage|p1a: Landorus-Therian|152\/382 brn|[from] brn
|turn|47
|
|switch|p1a: Scizor|Scizor-Mega, M|217\/343 brn
|-damage|p1a: Scizor|175\/343 brn|[from] Stealth Rock
|move|p2a: Bruce Lee|Psycho Cut|p1a: Scizor
|-resisted|p1a: Scizor
|-damage|p1a: Scizor|121\/343 brn
|
|-damage|p1a: Scizor|79\/343 brn|[from] brn
|turn|48
|
|switch|p1a: Landorus-Therian|Landorus-Therian, M|152\/382 brn
|-damage|p1a: Landorus-Therian|105\/382 brn|[from] Stealth Rock
|-ability|p1a: Landorus-Therian|Intimidate|[of] p2a: Bruce Lee
|-unboost|p2a: Bruce Lee|atk|1
|move|p2a: Bruce Lee|Drain Punch|p1a: Landorus-Therian
|-resisted|p1a: Landorus-Therian
|-damage|p1a: Landorus-Therian|46\/382 brn
|
|-heal|p1a: Landorus-Therian|69\/382 brn|[from] item: Leftovers
|-damage|p1a: Landorus-Therian|22\/382 brn|[from] brn
|turn|49
|
|move|p2a: Bruce Lee|Psycho Cut|p1a: Landorus-Therian
|-damage|p1a: Landorus-Therian|0 fnt
|faint|p1a: Landorus-Therian
|
|
|switch|p1a: Alomomola|Alomomola, F|236\/534 brn
|-damage|p1a: Alomomola|170\/534 brn|[from] Stealth Rock
|turn|50
|
|move|p2a: Bruce Lee|Psycho Cut|p1a: Alomomola
|-damage|p1a: Alomomola|43\/534 brn
|move|p1a: Alomomola|Wish|p1a: Alomomola
|
|-damage|p1a: Alomomola|0 fnt|[from] brn
|faint|p1a: Alomomola
|join|callumcomingthur
|
|switch|p1a: Chansey|Chansey, F|264\/704
|-damage|p1a: Chansey|176\/704|[from] Stealth Rock
|turn|51
|
|move|p1a: Chansey|Protect|p1a: Chansey
|-singleturn|p1a: Chansey|Protect
|move|p2a: Bruce Lee|Drain Punch|p1a: Chansey
|-activate|p1a: Chansey|Protect
|
|-heal|p1a: Chansey|443\/704|[from] move: Wish|[wisher] Alomomola
|turn|52
|
|move|p2a: Bruce Lee|Drain Punch|p1a: Chansey
|-supereffective|p1a: Chansey
|-damage|p1a: Chansey|71\/704
|move|p1a: Chansey|Wish|p1a: Chansey
|
|turn|53
|
|switch|p2a: Bishop|Bisharp, M|272\/272
|-damage|p2a: Bishop|255\/272|[from] Stealth Rock
|move|p1a: Chansey|Protect|p1a: Chansey
|-fail|p1a: Chansey
|
|-heal|p1a: Chansey|423\/704|[from] move: Wish|[wisher] Chansey
|turn|54
|
|move|p2a: Bishop|Swords Dance|p2a: Bishop
|-boost|p2a: Bishop|atk|2
|move|p1a: Chansey|Wish|p1a: Chansey
|
|turn|55
|c| callumcomingthur|is only it got strogner fighting stab ;p
|c|âMagicblade|hjk missed
|c|âMagicblade|30 times
|c| callumcomingthur|lol
|c|âMagicblade|outta 32
|c|âMagicblade|I ever used it
|
|switch|p1a: Conkeldurr|Conkeldurr, M|334\/401 brn
|-damage|p1a: Conkeldurr|309\/401 brn|[from] Stealth Rock
|move|p2a: Bishop|Iron Head|p1a: Conkeldurr
|-damage|p1a: Conkeldurr|0 fnt
|-damage|p2a: Bishop|228\/272|[from] item: Life Orb
|faint|p1a: Conkeldurr
|
|c|âMagicblade|!
|c|âMagicblade|!
|-message|Cunty Vibes forfeited.
|
|win|Magicblade
|raw|Ladder updating...
|leave|Cunty Vibes
|player|p1
|raw|Cunty Vibes's rating: 1922 &rarr; <strong>1899<\/strong><br \/>(-23 for losing)
|raw|Magicblade's rating: 1864 &rarr; <strong>1887<\/strong><br \/>(+23 for winning)
|c|âMagicblade|and its gg
|c|âMagicblade|xp
|c| callumcomingthur|lol