|join|Cunty Vibes
|join|DUX_Knight
|player|p1|Cunty Vibes|185
|player|p2|DUX_Knight|163
|gametype|singles
|gen|6
|tier|OU
|rated
|clearpoke
|poke|p1|Clefable, F
|poke|p1|Conkeldurr, F
|poke|p1|Landorus-Therian, M
|poke|p1|Chansey, F
|poke|p1|Scizor, M
|poke|p1|Alomomola, F
|poke|p2|Landorus-Therian, M
|poke|p2|Conkeldurr, M
|poke|p2|Latias, F, shiny
|poke|p2|Rotom-Wash
|poke|p2|Venusaur, M
|poke|p2|Heatran, M
|rule|Swagger Clause: Swagger is banned
|rule|Baton Pass Clause: Limit one PokÃ©mon knowing Baton Pass
|rule|Sleep Clause Mod: Limit one foe put to sleep
|rule|Species Clause: Limit one of each PokÃ©mon
|rule|OHKO Clause: OHKO moves are banned
|rule|Moody Clause: Moody is banned
|rule|Evasion Moves Clause: Evasion moves are banned
|rule|Endless Battle Clause: Forcing endless battles is banned
|rule|HP Percentage Mod: HP is shown in percentages
|teampreview
|
|start
|switch|p1a: Conkeldurr|Conkeldurr, F|401\/401
|switch|p2a: Captain Punchy|Conkeldurr, M|414\/414
|turn|1
|
|switch|p1a: Scizor|Scizor, M|343\/343
|switch|p2a: Venom|Venusaur, M|364\/364
|
|turn|2
|
|switch|p1a: Chansey|Chansey, F|704\/704
|detailschange|p2a: Venom|Venusaur-Mega, M
|message|Venusaur has Mega Evolved into Mega Venusaur!
|move|p2a: Venom|Hidden Power|p1a: Chansey
|-damage|p1a: Chansey|659\/704
|
|turn|3
|
|switch|p2a: Captain Punchy|Conkeldurr, M|414\/414
|move|p1a: Chansey|Seismic Toss|p2a: Captain Punchy
|-damage|p2a: Captain Punchy|314\/414
|
|turn|4
|
|switch|p1a: Scizor|Scizor, M|343\/343
|move|p2a: Captain Punchy|Drain Punch|p1a: Scizor
|-damage|p1a: Scizor|232\/343
|-heal|p2a: Captain Punchy|370\/414|[from] drain|[of] p1a: Scizor
|
|turn|5
|
|switch|p2a: Simba|Landorus-Therian, M|381\/381
|-ability|p2a: Simba|Intimidate|[of] p1a: Scizor
|-unboost|p1a: Scizor|atk|1
|detailschange|p1a: Scizor|Scizor-Mega, M
|message|Scizor has Mega Evolved into Mega Scizor!
|move|p1a: Scizor|Knock Off|p2a: Simba
|-damage|p2a: Simba|322\/381
|-enditem|p2a: Simba|Leftovers|[from] move: Knock Off|[of] p1a: Scizor
|
|turn|6
|
|move|p2a: Simba|Stealth Rock|p1a: Scizor
|-sidestart|p1: Cunty Vibes|move: Stealth Rock
|move|p1a: Scizor|Roost|p1a: Scizor
|-heal|p1a: Scizor|343\/343
|
|turn|7
|
|move|p2a: Simba|Earthquake|p1a: Scizor
|-damage|p1a: Scizor|255\/343
|move|p1a: Scizor|Defog|p2a: Simba
|-unboost|p2a: Simba|evasion|1
|-sideend|p1: Cunty Vibes|Stealth Rock|[from] move: Defog|[of] p1a: Scizor
|
|turn|8
|
|move|p2a: Simba|Stealth Rock|p1a: Scizor
|-sidestart|p1: Cunty Vibes|move: Stealth Rock
|move|p1a: Scizor|Knock Off|p2a: Simba
|-damage|p2a: Simba|287\/381
|
|turn|9
|
|switch|p2a: Derpliance|Rotom-Wash|304\/304
|move|p1a: Scizor|Defog|p2a: Derpliance
|-unboost|p2a: Derpliance|evasion|1
|-sideend|p1: Cunty Vibes|Stealth Rock|[from] move: Defog|[of] p1a: Scizor
|
|turn|10
|
|move|p2a: Derpliance|Volt Switch|p1a: Scizor
|-damage|p1a: Scizor|164\/343
|
|switch|p2a: Simba|Landorus-Therian, M|287\/381
|-ability|p2a: Simba|Intimidate|[of] p1a: Scizor
|-unboost|p1a: Scizor|atk|1
|move|p1a: Scizor|Roost|p1a: Scizor
|-heal|p1a: Scizor|336\/343
|
|turn|11
|
|move|p2a: Simba|U-turn|p1a: Scizor
|-resisted|p1a: Scizor
|-damage|p1a: Scizor|314\/343
|
|switch|p2a: Venom|Venusaur-Mega, M|364\/364
|move|p1a: Scizor|Knock Off|p2a: Venom
|-crit|p2a: Venom
|-damage|p2a: Venom|271\/364
|
|turn|12
|
|switch|p1a: Conkeldurr|Conkeldurr, F|401\/401
|move|p2a: Venom|Giga Drain|p1a: Conkeldurr
|-damage|p1a: Conkeldurr|272\/401
|-heal|p2a: Venom|336\/364|[from] drain|[of] p1a: Conkeldurr
|
|turn|13
|
|switch|p1a: Chansey|Chansey, F|659\/704
|move|p2a: Venom|Sludge Bomb|p1a: Chansey
|-damage|p1a: Chansey|554\/704
|
|turn|14
|
|move|p2a: Venom|Sludge Bomb|p1a: Chansey
|-damage|p1a: Chansey|445\/704
|move|p1a: Chansey|Wish|p1a: Chansey
|
|turn|15
|
|switch|p2a: Captain Punchy|Conkeldurr, M|370\/414
|switch|p1a: Conkeldurr|Conkeldurr, F|272\/401
|
|-heal|p1a: Conkeldurr|401\/401|[from] move: Wish|[wisher] Chansey
|turn|16
|
|switch|p2a: Venom|Venusaur-Mega, M|336\/364
|switch|p1a: Scizor|Scizor-Mega, M|314\/343
|
|turn|17
|
|switch|p1a: Chansey|Chansey, F|445\/704
|move|p2a: Venom|Sludge Bomb|p1a: Chansey
|-crit|p1a: Chansey
|-damage|p1a: Chansey|289\/704
|-status|p1a: Chansey|psn
|
|-damage|p1a: Chansey|201\/704 psn|[from] psn
|turn|18
|
|switch|p1a: Scizor|Scizor-Mega, M|314\/343
|move|p2a: Venom|Sludge Bomb|p1a: Scizor
|-immune|p1a: Scizor|[msg]
|
|turn|19
|
|switch|p1a: Alomomola|Alomomola, F|534\/534
|move|p2a: Venom|Hidden Power|p1a: Alomomola
|-resisted|p1a: Alomomola
|-damage|p1a: Alomomola|464\/534
|
|turn|20
|
|move|p2a: Venom|Giga Drain|p1a: Alomomola
|-supereffective|p1a: Alomomola
|-damage|p1a: Alomomola|0 fnt
|-heal|p2a: Venom|364\/364|[from] drain|[of] p1a: Alomomola
|faint|p1a: Alomomola
|
|
|switch|p1a: Chansey|Chansey, F|201\/704
|turn|21
|
|switch|p2a: Captain Punchy|Conkeldurr, M|370\/414
|move|p1a: Chansey|Wish|p1a: Chansey
|
|turn|22
|
|move|p1a: Chansey|Protect|p1a: Chansey
|-singleturn|p1a: Chansey|Protect
|move|p2a: Captain Punchy|Drain Punch|p1a: Chansey
|-activate|p1a: Chansey|Protect
|
|-heal|p1a: Chansey|553\/704|[from] move: Wish|[wisher] Chansey
|turn|23
|
|switch|p1a: Scizor|Scizor-Mega, M|314\/343
|move|p2a: Captain Punchy|Drain Punch|p1a: Scizor
|-damage|p1a: Scizor|221\/343
|-heal|p2a: Captain Punchy|414\/414|[from] drain|[of] p1a: Scizor
|
|turn|24
|
|switch|p2a: Derpliance|Rotom-Wash|304\/304
|move|p1a: Scizor|Knock Off|p2a: Derpliance
|-damage|p2a: Derpliance|234\/304
|-enditem|p2a: Derpliance|Leftovers|[from] move: Knock Off|[of] p1a: Scizor
|
|turn|25
|
|switch|p1a: Conkeldurr|Conkeldurr, F|401\/401
|move|p2a: Derpliance|Will-O-Wisp|p1a: Conkeldurr
|-status|p1a: Conkeldurr|brn
|
|-damage|p1a: Conkeldurr|351\/401 brn|[from] brn
|turn|26
|
|move|p2a: Derpliance|Volt Switch|p1a: Conkeldurr
|-damage|p1a: Conkeldurr|281\/401 brn
|
|switch|p2a: Venom|Venusaur-Mega, M|364\/364
|move|p1a: Conkeldurr|Ice Punch|p2a: Venom
|-supereffective|p2a: Venom
|-damage|p2a: Venom|242\/364
|
|-damage|p1a: Conkeldurr|231\/401 brn|[from] brn
|turn|27
|
|switch|p1a: Chansey|Chansey, F|553\/704
|move|p2a: Venom|Giga Drain|p1a: Chansey
|-damage|p1a: Chansey|463\/704
|-heal|p2a: Venom|287\/364|[from] drain|[of] p1a: Chansey
|
|turn|28
|
|switch|p2a: Captain Punchy|Conkeldurr, M|414\/414
|move|p1a: Chansey|Wish|p1a: Chansey
|
|turn|29
|
|switch|p1a: Scizor|Scizor-Mega, M|221\/343
|move|p2a: Captain Punchy|Drain Punch|p1a: Scizor
|-damage|p1a: Scizor|130\/343
|
|-heal|p1a: Scizor|343\/343|[from] move: Wish|[wisher] Chansey
|turn|30
|
|switch|p2a: Simba|Landorus-Therian, M|287\/381
|-ability|p2a: Simba|Intimidate|[of] p1a: Scizor
|-unboost|p1a: Scizor|atk|1
|move|p1a: Scizor|Knock Off|p2a: Simba
|-damage|p2a: Simba|247\/381
|
|turn|31
|
|move|p1a: Scizor|Bullet Punch|p2a: Simba
|-damage|p2a: Simba|192\/381
|move|p2a: Simba|U-turn|p1a: Scizor
|-resisted|p1a: Scizor
|-damage|p1a: Scizor|320\/343
|
|switch|p2a: Derpliance|Rotom-Wash|234\/304
|
|turn|32
|
|switch|p1a: Chansey|Chansey, F|463\/704
|move|p2a: Derpliance|Volt Switch|p1a: Chansey
|-damage|p1a: Chansey|403\/704
|
|switch|p2a: Simba|Landorus-Therian, M|192\/381
|-ability|p2a: Simba|Intimidate|[of] p1a: Chansey
|-unboost|p1a: Chansey|atk|1
|
|turn|33
|
|switch|p1a: Landorus-Therian|Landorus-Therian, M|382\/382
|-ability|p1a: Landorus-Therian|Intimidate|[of] p2a: Simba
|-unboost|p2a: Simba|atk|1
|move|p2a: Simba|Stealth Rock|p1a: Landorus-Therian
|-sidestart|p1: Cunty Vibes|move: Stealth Rock
|
|turn|34
|
|switch|p2a: Derpliance|Rotom-Wash|234\/304
|move|p1a: Landorus-Therian|Stealth Rock|p2a: Derpliance
|-sidestart|p2: DUX_Knight|move: Stealth Rock
|
|turn|35
|
|move|p1a: Landorus-Therian|Stone Edge|p2a: Derpliance
|-damage|p2a: Derpliance|162\/304
|move|p2a: Derpliance|Hydro Pump|p1a: Landorus-Therian
|-supereffective|p1a: Landorus-Therian
|-damage|p1a: Landorus-Therian|46\/382
|
|-heal|p1a: Landorus-Therian|69\/382|[from] item: Leftovers
|turn|36
|
|move|p1a: Landorus-Therian|Stone Edge|p2a: Derpliance
|-damage|p2a: Derpliance|93\/304
|move|p2a: Derpliance|Volt Switch|p1a: Landorus-Therian
|-immune|p1a: Landorus-Therian|[msg]
|
|-heal|p1a: Landorus-Therian|92\/382|[from] item: Leftovers
|turn|37
|
|move|p1a: Landorus-Therian|U-turn|p2a: Derpliance
|-damage|p2a: Derpliance|40\/304
|
|switch|p1a: Chansey|Chansey, F|403\/704
|-damage|p1a: Chansey|315\/704|[from] Stealth Rock
|move|p2a: Derpliance|Hydro Pump|p1a: Chansey
|-damage|p1a: Chansey|227\/704
|
|turn|38
|
|move|p2a: Derpliance|Pain Split|p1a: Chansey
|-sethp|p1a: Chansey|133\/704|p2a: Derpliance|133\/304|[from] move: Pain Split
|move|p1a: Chansey|Wish|p1a: Chansey
|
|turn|39
|
|move|p2a: Derpliance|Volt Switch|p1a: Chansey
|-crit|p1a: Chansey
|-damage|p1a: Chansey|54\/704
|
|switch|p2a: Captain Punchy|Conkeldurr, M|414\/414
|-damage|p2a: Captain Punchy|389\/414|[from] Stealth Rock
|move|p1a: Chansey|Seismic Toss|p2a: Captain Punchy
|-damage|p2a: Captain Punchy|289\/414
|
|-heal|p1a: Chansey|406\/704|[from] move: Wish|[wisher] Chansey
|turn|40
|
|switch|p1a: Clefable|Clefable, F|394\/394
|-damage|p1a: Clefable|345\/394|[from] Stealth Rock
|move|p2a: Captain Punchy|Drain Punch|p1a: Clefable
|-resisted|p1a: Clefable
|-damage|p1a: Clefable|277\/394
|-heal|p2a: Captain Punchy|323\/414|[from] drain|[of] p1a: Clefable
|
|-heal|p1a: Clefable|301\/394|[from] item: Leftovers
|turn|41
|
|switch|p1a: Chansey|Chansey, F|406\/704
|-damage|p1a: Chansey|318\/704|[from] Stealth Rock
|switch|p2a: Lavasaur|Heatran, M|385\/385
|-damage|p2a: Lavasaur|337\/385|[from] Stealth Rock
|
|-heal|p2a: Lavasaur|361\/385|[from] item: Leftovers
|turn|42
|
|move|p1a: Chansey|Wish|p1a: Chansey
|move|p2a: Lavasaur|Roar|p1a: Chansey
|drag|p1a: Scizor|Scizor-Mega, M|320\/343
|-damage|p1a: Scizor|278\/343|[from] Stealth Rock
|
|-heal|p2a: Lavasaur|385\/385|[from] item: Leftovers
|turn|43
|
|switch|p1a: Chansey|Chansey, F|318\/704
|-damage|p1a: Chansey|230\/704|[from] Stealth Rock
|move|p2a: Lavasaur|Lava Plume|p1a: Chansey
|-crit|p1a: Chansey
|-damage|p1a: Chansey|121\/704
|-status|p1a: Chansey|brn
|
|-heal|p1a: Chansey|473\/704 brn|[from] move: Wish|[wisher] Chansey
|-damage|p1a: Chansey|385\/704 brn|[from] brn
|turn|44
|
|move|p2a: Lavasaur|Lava Plume|p1a: Chansey
|-damage|p1a: Chansey|313\/704 brn
|move|p1a: Chansey|Wish|p1a: Chansey
|
|-damage|p1a: Chansey|225\/704 brn|[from] brn
|turn|45
|
|move|p1a: Chansey|Seismic Toss|p2a: Lavasaur
|-damage|p2a: Lavasaur|285\/385
|move|p2a: Lavasaur|Roar|p1a: Chansey
|drag|p1a: Landorus-Therian|Landorus-Therian, M|92\/382
|-damage|p1a: Landorus-Therian|45\/382|[from] Stealth Rock
|-ability|p1a: Landorus-Therian|Intimidate|[of] p2a: Lavasaur
|-unboost|p2a: Lavasaur|atk|1
|
|-heal|p1a: Landorus-Therian|382\/382|[from] move: Wish|[wisher] Chansey
|-heal|p2a: Lavasaur|309\/385|[from] item: Leftovers
|turn|46
|
|switch|p2a: Simba|Landorus-Therian, M|192\/381
|-damage|p2a: Simba|145\/381|[from] Stealth Rock
|-ability|p2a: Simba|Intimidate|[of] p1a: Landorus-Therian
|-unboost|p1a: Landorus-Therian|atk|1
|move|p1a: Landorus-Therian|Stone Edge|p2a: Simba
|-damage|p2a: Simba|86\/381
|
|turn|47
|
|move|p2a: Simba|U-turn|p1a: Landorus-Therian
|-resisted|p1a: Landorus-Therian
|-damage|p1a: Landorus-Therian|351\/382
|
|switch|p2a: Sierra|Latias, F, shiny|364\/364
|-damage|p2a: Sierra|319\/364|[from] Stealth Rock
|move|p1a: Landorus-Therian|U-turn|p2a: Sierra
|-supereffective|p2a: Sierra
|-damage|p2a: Sierra|201\/364
|
|switch|p1a: Clefable|Clefable, F|301\/394
|-damage|p1a: Clefable|252\/394|[from] Stealth Rock
|
|-heal|p2a: Sierra|223\/364|[from] item: Leftovers
|-heal|p1a: Clefable|276\/394|[from] item: Leftovers
|turn|48
|
|switch|p1a: Landorus-Therian|Landorus-Therian, M|351\/382
|-damage|p1a: Landorus-Therian|304\/382|[from] Stealth Rock
|-ability|p1a: Landorus-Therian|Intimidate|[of] p2a: Sierra
|-unboost|p2a: Sierra|atk|1
|move|p2a: Sierra|Wish|p2a: Sierra
|
|-heal|p2a: Sierra|245\/364|[from] item: Leftovers
|-heal|p1a: Landorus-Therian|327\/382|[from] item: Leftovers
|turn|49
|
|switch|p2a: Derpliance|Rotom-Wash|133\/304
|-damage|p2a: Derpliance|95\/304|[from] Stealth Rock
|move|p1a: Landorus-Therian|U-turn|p2a: Derpliance
|-damage|p2a: Derpliance|44\/304
|
|switch|p1a: Chansey|Chansey, F|225\/704
|-damage|p1a: Chansey|137\/704|[from] Stealth Rock
|
|-heal|p2a: Derpliance|226\/304|[from] move: Wish|[wisher] Sierra
|turn|50
|
|move|p2a: Derpliance|Volt Switch|p1a: Chansey
|-damage|p1a: Chansey|83\/704
|
|switch|p2a: Lavasaur|Heatran, M|309\/385
|-damage|p2a: Lavasaur|261\/385|[from] Stealth Rock
|move|p1a: Chansey|Wish|p1a: Chansey
|
|-heal|p2a: Lavasaur|285\/385|[from] item: Leftovers
|turn|51
|
|switch|p1a: Conkeldurr|Conkeldurr, F|231\/401 brn
|-damage|p1a: Conkeldurr|206\/401 brn|[from] Stealth Rock
|move|p2a: Lavasaur|Roar|p1a: Conkeldurr
|drag|p1a: Chansey|Chansey, F|83\/704
|-damage|p1a: Chansey|0 fnt|[from] Stealth Rock
|faint|p1a: Chansey
|
|-heal|p2a: Lavasaur|309\/385|[from] item: Leftovers
|
|switch|p1a: Landorus-Therian|Landorus-Therian, M|327\/382
|-damage|p1a: Landorus-Therian|280\/382|[from] Stealth Rock
|-ability|p1a: Landorus-Therian|Intimidate|[of] p2a: Lavasaur
|-unboost|p2a: Lavasaur|atk|1
|turn|52
|
|switch|p2a: Simba|Landorus-Therian, M|86\/381
|-damage|p2a: Simba|39\/381|[from] Stealth Rock
|-ability|p2a: Simba|Intimidate|[of] p1a: Landorus-Therian
|-unboost|p1a: Landorus-Therian|atk|1
|move|p1a: Landorus-Therian|Stone Edge|p2a: Simba
|-damage|p2a: Simba|0 fnt
|faint|p2a: Simba
|
|-heal|p1a: Landorus-Therian|303\/382|[from] item: Leftovers
|
|switch|p2a: Derpliance|Rotom-Wash|226\/304
|-damage|p2a: Derpliance|188\/304|[from] Stealth Rock
|turn|53
|
|move|p1a: Landorus-Therian|U-turn|p2a: Derpliance
|-damage|p2a: Derpliance|152\/304
|
|switch|p1a: Clefable|Clefable, F|276\/394
|-damage|p1a: Clefable|227\/394|[from] Stealth Rock
|move|p2a: Derpliance|Hydro Pump|p1a: Clefable
|-damage|p1a: Clefable|76\/394
|
|-heal|p1a: Clefable|100\/394|[from] item: Leftovers
|turn|54
|
|move|p2a: Derpliance|Hydro Pump|p1a: Clefable
|-damage|p1a: Clefable|0 fnt
|faint|p1a: Clefable
|
|
|switch|p1a: Conkeldurr|Conkeldurr, F|206\/401 brn
|-damage|p1a: Conkeldurr|181\/401 brn|[from] Stealth Rock
|turn|55
|
|switch|p2a: Venom|Venusaur-Mega, M|287\/364
|-damage|p2a: Venom|242\/364|[from] Stealth Rock
|move|p1a: Conkeldurr|Drain Punch|p2a: Venom
|-resisted|p2a: Venom
|-damage|p2a: Venom|153\/364
|-heal|p1a: Conkeldurr|226\/401 brn|[from] drain|[of] p2a: Venom
|
|-damage|p1a: Conkeldurr|176\/401 brn|[from] brn
|turn|56
|
|switch|p1a: Scizor|Scizor-Mega, M|278\/343
|-damage|p1a: Scizor|236\/343|[from] Stealth Rock
|move|p2a: Venom|Synthesis|p2a: Venom
|-heal|p2a: Venom|335\/364
|
|turn|57
|
|switch|p1a: Landorus-Therian|Landorus-Therian, M|303\/382
|-damage|p1a: Landorus-Therian|256\/382|[from] Stealth Rock
|-ability|p1a: Landorus-Therian|Intimidate|[of] p2a: Venom
|-unboost|p2a: Venom|atk|1
|move|p2a: Venom|Hidden Power|p1a: Landorus-Therian
|-damage|p1a: Landorus-Therian|162\/382
|
|-heal|p1a: Landorus-Therian|185\/382|[from] item: Leftovers
|turn|58
|
|switch|p2a: Sierra|Latias, F, shiny|245\/364
|-damage|p2a: Sierra|200\/364|[from] Stealth Rock
|move|p1a: Landorus-Therian|Earthquake|p2a: Sierra
|-immune|p2a: Sierra|[msg]
|
|-heal|p2a: Sierra|222\/364|[from] item: Leftovers
|-heal|p1a: Landorus-Therian|208\/382|[from] item: Leftovers
|turn|59
|
|move|p2a: Sierra|Draco Meteor|p1a: Landorus-Therian|[miss]
|-miss|p2a: Sierra|p1a: Landorus-Therian
|move|p1a: Landorus-Therian|U-turn|p2a: Sierra
|-supereffective|p2a: Sierra
|-damage|p2a: Sierra|48\/364
|
|switch|p1a: Scizor|Scizor-Mega, M|236\/343
|-damage|p1a: Scizor|194\/343|[from] Stealth Rock
|
|-heal|p2a: Sierra|70\/364|[from] item: Leftovers
|turn|60
|
|move|p1a: Scizor|Bullet Punch|p2a: Sierra
|-damage|p2a: Sierra|0 fnt
|faint|p2a: Sierra
|
|
|switch|p2a: Lavasaur|Heatran, M|309\/385
|-damage|p2a: Lavasaur|261\/385|[from] Stealth Rock
|turn|61
|
|move|p2a: Lavasaur|Lava Plume|p1a: Scizor
|-supereffective|p1a: Scizor
|-damage|p1a: Scizor|0 fnt
|faint|p1a: Scizor
|
|-heal|p2a: Lavasaur|285\/385|[from] item: Leftovers
|
|switch|p1a: Landorus-Therian|Landorus-Therian, M|208\/382
|-damage|p1a: Landorus-Therian|161\/382|[from] Stealth Rock
|-ability|p1a: Landorus-Therian|Intimidate|[of] p2a: Lavasaur
|-unboost|p2a: Lavasaur|atk|1
|turn|62
|
|move|p1a: Landorus-Therian|Stone Edge|p2a: Lavasaur
|-damage|p2a: Lavasaur|181\/385
|move|p2a: Lavasaur|Lava Plume|p1a: Landorus-Therian
|-damage|p1a: Landorus-Therian|25\/382
|-status|p1a: Landorus-Therian|brn
|
|-heal|p1a: Landorus-Therian|48\/382 brn|[from] item: Leftovers
|-heal|p2a: Lavasaur|205\/385|[from] item: Leftovers
|-damage|p1a: Landorus-Therian|1\/382 brn|[from] brn
|turn|63
|
|switch|p2a: Captain Punchy|Conkeldurr, M|323\/414
|-damage|p2a: Captain Punchy|298\/414|[from] Stealth Rock
|move|p1a: Landorus-Therian|Stone Edge|p2a: Captain Punchy
|-resisted|p2a: Captain Punchy
|-damage|p2a: Captain Punchy|268\/414
|
|-heal|p1a: Landorus-Therian|24\/382 brn|[from] item: Leftovers
|-damage|p1a: Landorus-Therian|0 fnt|[from] brn
|faint|p1a: Landorus-Therian
|
|switch|p1a: Conkeldurr|Conkeldurr, F|176\/401 brn
|-damage|p1a: Conkeldurr|151\/401 brn|[from] Stealth Rock
|turn|64
|
|move|p2a: Captain Punchy|Knock Off|p1a: Conkeldurr
|-resisted|p1a: Conkeldurr
|-damage|p1a: Conkeldurr|82\/401 brn
|-enditem|p1a: Conkeldurr|Assault Vest|[from] move: Knock Off|[of] p2a: Captain Punchy
|move|p1a: Conkeldurr|Drain Punch|p2a: Captain Punchy
|-damage|p2a: Captain Punchy|19\/414
|-heal|p1a: Conkeldurr|207\/401 brn|[from] drain|[of] p2a: Captain Punchy
|
|-damage|p1a: Conkeldurr|157\/401 brn|[from] brn
|turn|65
|
|move|p2a: Captain Punchy|Mach Punch|p1a: Conkeldurr
|-damage|p1a: Conkeldurr|67\/401 brn
|move|p1a: Conkeldurr|Mach Punch|p2a: Captain Punchy
|-damage|p2a: Captain Punchy|0 fnt
|faint|p2a: Captain Punchy
|
|-damage|p1a: Conkeldurr|17\/401 brn|[from] brn
|
|switch|p2a: Venom|Venusaur-Mega, M|335\/364
|-damage|p2a: Venom|290\/364|[from] Stealth Rock
|turn|66
|chat|DUX_Knight|gg
|
|move|p2a: Venom|Giga Drain|p1a: Conkeldurr
|-damage|p1a: Conkeldurr|0 fnt
|-heal|p2a: Venom|299\/364|[from] drain|[of] p1a: Conkeldurr
|faint|p1a: Conkeldurr
|
|win|DUX_Knight
|raw|Ladder updating...
|raw|Cunty Vibes's rating: 1898 &rarr; <strong>1865<\/strong><br \/>(-33 for losing)
|raw|DUX_Knight's rating: 1612 &rarr; <strong>1646<\/strong><br \/>(+34 for winning)