|join|Cunty Vibes
|join|Magicblade
|player|p1|Cunty Vibes|185
|player|p2|Magicblade|151
|gametype|singles
|gen|6
|tier|OU
|rated
|clearpoke
|poke|p1|Clefable, F
|poke|p1|Conkeldurr, F
|poke|p1|Landorus-Therian, M
|poke|p1|Chansey, F
|poke|p1|Scizor, M
|poke|p1|Alomomola, F
|poke|p2|Gengar, M
|poke|p2|Meloetta, shiny
|poke|p2|Conkeldurr, M
|poke|p2|Gyarados, M
|poke|p2|Ferrothorn, M
|poke|p2|Landorus, M
|rule|Swagger Clause: Swagger is banned
|rule|Baton Pass Clause: Limit one PokÃ©mon knowing Baton Pass
|rule|Sleep Clause Mod: Limit one foe put to sleep
|rule|Species Clause: Limit one of each PokÃ©mon
|rule|OHKO Clause: OHKO moves are banned
|rule|Moody Clause: Moody is banned
|rule|Evasion Moves Clause: Evasion moves are banned
|rule|Endless Battle Clause: Forcing endless battles is banned
|rule|HP Percentage Mod: HP is shown in percentages
|teampreview
|
|start
|switch|p1a: Conkeldurr|Conkeldurr, F|401\/401
|switch|p2a: Enten|Landorus, M|319\/319
|turn|1
|
|switch|p2a: Hentai|Ferrothorn, M|352\/352
|move|p1a: Conkeldurr|Ice Punch|p2a: Hentai
|-damage|p2a: Hentai|289\/352
|-damage|p1a: Conkeldurr|351\/401|[from] ability: Iron Barbs|[of] p2a: Hentai
|-damage|p1a: Conkeldurr|285\/401|[from] item: Rocky Helmet|[of] p2a: Hentai
|
|turn|2
|
|move|p2a: Hentai|Protect|p2a: Hentai
|-singleturn|p2a: Hentai|Protect
|move|p1a: Conkeldurr|Drain Punch|p2a: Hentai
|-activate|p2a: Hentai|Protect
|
|turn|3
|
|move|p1a: Conkeldurr|Drain Punch|p2a: Hentai
|-supereffective|p2a: Hentai
|-damage|p2a: Hentai|113\/352
|-heal|p1a: Conkeldurr|373\/401|[from] drain|[of] p2a: Hentai
|-damage|p1a: Conkeldurr|323\/401|[from] ability: Iron Barbs|[of] p2a: Hentai
|-damage|p1a: Conkeldurr|257\/401|[from] item: Rocky Helmet|[of] p2a: Hentai
|move|p2a: Hentai|Stealth Rock|p1a: Conkeldurr
|-sidestart|p1: Cunty Vibes|move: Stealth Rock
|
|turn|4
|
|move|p1a: Conkeldurr|Drain Punch|p2a: Hentai
|-supereffective|p2a: Hentai
|-damage|p2a: Hentai|0 fnt
|-heal|p1a: Conkeldurr|314\/401|[from] drain|[of] p2a: Hentai
|-damage|p1a: Conkeldurr|264\/401|[from] ability: Iron Barbs|[of] p2a: Hentai
|-damage|p1a: Conkeldurr|198\/401|[from] item: Rocky Helmet|[of] p2a: Hentai
|faint|p2a: Hentai
|
|
|switch|p2a: Enten|Landorus, M|319\/319
|turn|5
|
|switch|p1a: Chansey|Chansey, F|704\/704
|-damage|p1a: Chansey|616\/704|[from] Stealth Rock
|move|p2a: Enten|Psychic|p1a: Chansey
|-damage|p1a: Chansey|509\/704
|
|turn|6
|
|move|p2a: Enten|Knock Off|p1a: Chansey
|-crit|p1a: Chansey
|-damage|p1a: Chansey|274\/704
|-enditem|p1a: Chansey|Eviolite|[from] move: Knock Off|[of] p2a: Enten
|-damage|p2a: Enten|288\/319|[from] item: Life Orb
|move|p1a: Chansey|Wish|p1a: Chansey
|
|turn|7
|
|move|p1a: Chansey|Protect|p1a: Chansey
|-singleturn|p1a: Chansey|Protect
|move|p2a: Enten|Psychic|p1a: Chansey
|-activate|p1a: Chansey|Protect
|
|-heal|p1a: Chansey|626\/704|[from] move: Wish|[wisher] Chansey
|turn|8
|
|move|p2a: Enten|Focus Blast|p1a: Chansey
|-supereffective|p1a: Chansey
|-damage|p1a: Chansey|197\/704
|move|p1a: Chansey|Wish|p1a: Chansey
|
|turn|9
|
|move|p1a: Chansey|Protect|p1a: Chansey
|-singleturn|p1a: Chansey|Protect
|move|p2a: Enten|Earth Power|p1a: Chansey
|-activate|p1a: Chansey|Protect
|
|-heal|p1a: Chansey|549\/704|[from] move: Wish|[wisher] Chansey
|turn|10
|
|switch|p1a: Landorus-Therian|Landorus-Therian, M|382\/382
|-damage|p1a: Landorus-Therian|335\/382|[from] Stealth Rock
|-ability|p1a: Landorus-Therian|Intimidate|[of] p2a: Enten
|-unboost|p2a: Enten|atk|1
|move|p2a: Enten|Focus Blast|p1a: Landorus-Therian
|-resisted|p1a: Landorus-Therian
|-damage|p1a: Landorus-Therian|208\/382
|
|-heal|p1a: Landorus-Therian|231\/382|[from] item: Leftovers
|turn|11
|
|switch|p2a: Predator|Gyarados, M|331\/331
|-ability|p2a: Predator|Intimidate|[of] p1a: Landorus-Therian
|-unboost|p1a: Landorus-Therian|atk|1
|move|p1a: Landorus-Therian|Stone Edge|p2a: Predator
|-supereffective|p2a: Predator
|-damage|p2a: Predator|151\/331
|
|-heal|p1a: Landorus-Therian|254\/382|[from] item: Leftovers
|turn|12
|
|switch|p1a: Alomomola|Alomomola, F|534\/534
|-damage|p1a: Alomomola|468\/534|[from] Stealth Rock
|move|p2a: Predator|Dragon Dance|p2a: Predator
|-boost|p2a: Predator|atk|1
|-boost|p2a: Predator|spe|1
|
|turn|13
|
|detailschange|p2a: Predator|Gyarados-Mega, M
|message|Gyarados has Mega Evolved into Mega Gyarados!
|-ability|p2a: Predator|Mold Breaker
|move|p2a: Predator|Substitute|p2a: Predator
|-start|p2a: Predator|Substitute
|-damage|p2a: Predator|69\/331
|move|p1a: Alomomola|Toxic|p2a: Predator
|
|turn|14
|
|move|p2a: Predator|Dragon Dance|p2a: Predator
|-boost|p2a: Predator|atk|1
|-boost|p2a: Predator|spe|1
|move|p1a: Alomomola|Wish|p1a: Alomomola
|
|turn|15
|
|move|p2a: Predator|Waterfall|p1a: Alomomola
|-resisted|p1a: Alomomola
|-damage|p1a: Alomomola|330\/534
|-damage|p2a: Predator|14\/331|[from] item: Rocky Helmet|[of] p1a: Alomomola
|cant|p1a: Alomomola|flinch
|
|-heal|p1a: Alomomola|534\/534|[from] move: Wish|[wisher] Alomomola
|turn|16
|join|callumcomingthur
|
|move|p2a: Predator|Dragon Dance|p2a: Predator
|-boost|p2a: Predator|atk|1
|-boost|p2a: Predator|spe|1
|move|p1a: Alomomola|Wish|p1a: Alomomola
|
|turn|17
|
|move|p2a: Predator|Earthquake|p1a: Alomomola
|-damage|p1a: Alomomola|265\/534
|move|p1a: Alomomola|Scald|p2a: Predator
|-resisted|p2a: Predator
|-activate|p2a: Predator|Substitute|[damage]
|
|-heal|p1a: Alomomola|532\/534|[from] move: Wish|[wisher] Alomomola
|turn|18
|
|move|p2a: Predator|Dragon Dance|p2a: Predator
|-boost|p2a: Predator|atk|1
|-boost|p2a: Predator|spe|1
|move|p1a: Alomomola|Wish|p1a: Alomomola
|
|turn|19
|
|switch|p1a: Scizor|Scizor, M|343\/343
|-damage|p1a: Scizor|301\/343|[from] Stealth Rock
|move|p2a: Predator|Earthquake|p1a: Scizor
|-damage|p1a: Scizor|50\/343
|
|-heal|p1a: Scizor|317\/343|[from] move: Wish|[wisher] Alomomola
|turn|20
|
|detailschange|p1a: Scizor|Scizor-Mega, M
|message|Scizor has Mega Evolved into Mega Scizor!
|move|p1a: Scizor|Bullet Punch|p2a: Predator
|-resisted|p2a: Predator
|-activate|p2a: Predator|Substitute|[damage]
|move|p2a: Predator|Waterfall|p1a: Scizor
|-damage|p1a: Scizor|79\/343
|
|turn|21
|
|switch|p1a: Landorus-Therian|Landorus-Therian, M|254\/382
|-damage|p1a: Landorus-Therian|207\/382|[from] Stealth Rock
|-activate|p2a: Predator|Substitute|ability: Intimidate|[of] p1a: Landorus-Therian
|move|p2a: Predator|Waterfall|p1a: Landorus-Therian
|-supereffective|p1a: Landorus-Therian
|-damage|p1a: Landorus-Therian|0 fnt
|faint|p1a: Landorus-Therian
|
|join|Crawling Chaos
|c| Crawling Chaos|What do you want
|
|switch|p1a: Scizor|Scizor-Mega, M|79\/343
|-damage|p1a: Scizor|37\/343|[from] Stealth Rock
|turn|22
|c| Crawling Chaos|I'm watching anime
|c|âMagicblade|i sent a link
|c| Crawling Chaos|,,,
|c|âMagicblade|not this battle dumbass
|
|move|p1a: Scizor|Bullet Punch|p2a: Predator
|-resisted|p2a: Predator
|-end|p2a: Predator|Substitute
|move|p2a: Predator|Waterfall|p1a: Scizor
|-damage|p1a: Scizor|0 fnt
|faint|p1a: Scizor
|
|
|switch|p1a: Conkeldurr|Conkeldurr, F|198\/401
|-damage|p1a: Conkeldurr|173\/401|[from] Stealth Rock
|turn|23
|c|âMagicblade|yay u didn't kek
|c| Crawling Chaos|Oh well who cares about the other battle
|
|move|p1a: Conkeldurr|Mach Punch|p2a: Predator
|-supereffective|p2a: Predator
|-damage|p2a: Predator|0 fnt
|faint|p2a: Predator
|
|c| Crawling Chaos|!!1!!
|
|switch|p2a: Enten|Landorus, M|288\/319
|turn|24
|c| Crawling Chaos|You got creamed on
|c|âMagicblade|i won him
|c|âMagicblade|lol
|c| Crawling Chaos|Oh
|c| Crawling Chaos|w\/e back to anime
|
|switch|p1a: Clefable|Clefable, F|394\/394
|-damage|p1a: Clefable|345\/394|[from] Stealth Rock
|move|p2a: Enten|Psychic|p1a: Clefable
|-damage|p1a: Clefable|173\/394
|
|-heal|p1a: Clefable|197\/394|[from] item: Leftovers
|turn|25
|leave|Crawling Chaos
|c|âMagicblade|kk
|
|move|p2a: Enten|Earth Power|p1a: Clefable
|-damage|p1a: Clefable|0 fnt
|faint|p1a: Clefable
|
|
|switch|p1a: Alomomola|Alomomola, F|534\/534
|-damage|p1a: Alomomola|468\/534|[from] Stealth Rock
|turn|26
|c|âMagicblade|im lovin this lando set
|
|move|p2a: Enten|Earth Power|p1a: Alomomola
|-damage|p1a: Alomomola|55\/534
|move|p1a: Alomomola|Mirror Coat|p2a: Enten
|-damage|p2a: Enten|0 fnt
|faint|p2a: Enten
|
|
|switch|p2a: Kage|Gengar, M|262\/262
|turn|27
|c| callumcomingthur|the damage
|
|move|p2a: Kage|Sludge Bomb|p1a: Alomomola
|-damage|p1a: Alomomola|0 fnt
|faint|p1a: Alomomola
|
|
|switch|p1a: Conkeldurr|Conkeldurr, F|173\/401
|-damage|p1a: Conkeldurr|148\/401|[from] Stealth Rock
|turn|28
|
|move|p2a: Kage|Sludge Bomb|p1a: Conkeldurr
|-crit|p1a: Conkeldurr
|-damage|p1a: Conkeldurr|0 fnt
|faint|p1a: Conkeldurr
|
|-message|Cunty Vibes forfeited.
|
|win|Magicblade
|raw|Ladder updating...
|leave|Cunty Vibes
|player|p1
|c|âMagicblade|lol