|join|Cunty Vibes
|join|G123Rocks
|player|p1|Cunty Vibes|185
|player|p2|G123Rocks|290
|gametype|singles
|gen|6
|tier|OU
|rated
|clearpoke
|poke|p1|Clefable, F
|poke|p1|Conkeldurr, M
|poke|p1|Landorus-Therian, M
|poke|p1|Chansey, F
|poke|p1|Scizor, M
|poke|p1|Alomomola, F
|poke|p2|Azumarill, M
|poke|p2|Pinsir, F
|poke|p2|Magnezone
|poke|p2|Latios, M
|poke|p2|Landorus-Therian, M
|poke|p2|Mamoswine, M
|rule|Swagger Clause: Swagger is banned
|rule|Baton Pass Clause: Limit one PokÃ©mon knowing Baton Pass
|rule|Sleep Clause Mod: Limit one foe put to sleep
|rule|Species Clause: Limit one of each PokÃ©mon
|rule|OHKO Clause: OHKO moves are banned
|rule|Moody Clause: Moody is banned
|rule|Evasion Moves Clause: Evasion moves are banned
|rule|Endless Battle Clause: Forcing endless battles is banned
|rule|HP Percentage Mod: HP is shown in percentages
|teampreview
|
|start
|switch|p1a: Alomomola|Alomomola, F|534\/534
|switch|p2a: Landorus-Therian|Landorus-Therian, M|320\/320
|-ability|p2a: Landorus-Therian|Intimidate|[of] p1a: Alomomola
|-unboost|p1a: Alomomola|atk|1
|turn|1
|
|move|p2a: Landorus-Therian|U-turn|p1a: Alomomola
|-damage|p1a: Alomomola|452\/534
|-damage|p2a: Landorus-Therian|267\/320|[from] item: Rocky Helmet|[of] p1a: Alomomola
|
|switch|p2a: Mag|Magnezone|282\/282
|move|p1a: Alomomola|Scald|p2a: Mag
|-damage|p2a: Mag|234\/282
|-status|p2a: Mag|brn
|
|-damage|p2a: Mag|199\/282 brn|[from] brn
|turn|2
|
|switch|p2a: OP|Pinsir, F|271\/271
|switch|p1a: Landorus-Therian|Landorus-Therian, M|382\/382
|-ability|p1a: Landorus-Therian|Intimidate|[of] p2a: OP
|-fail|p2a: OP|unboost|Attack|[from] ability: Hyper Cutter|[of] p2a: OP
|
|turn|3
|
|detailschange|p2a: OP|Pinsir-Mega, F
|message|Pinsir has Mega Evolved into Mega Pinsir!
|move|p2a: OP|Substitute|p2a: OP
|-start|p2a: OP|Substitute
|-damage|p2a: OP|204\/271
|move|p1a: Landorus-Therian|Stealth Rock|p2a: OP
|-sidestart|p2: G123Rocks|move: Stealth Rock
|
|turn|4
|
|move|p2a: OP|Return|p1a: Landorus-Therian
|-damage|p1a: Landorus-Therian|180\/382
|move|p1a: Landorus-Therian|Stone Edge|p2a: OP|[miss]
|-miss|p1a: Landorus-Therian|p2a: OP
|
|-heal|p1a: Landorus-Therian|203\/382|[from] item: Leftovers
|turn|5
|
|switch|p1a: Alomomola|Alomomola, F|534\/534
|move|p2a: OP|Return|p1a: Alomomola
|-crit|p1a: Alomomola
|-damage|p1a: Alomomola|191\/534
|-damage|p2a: OP|159\/271|[from] item: Rocky Helmet|[of] p1a: Alomomola
|
|turn|6
|
|switch|p1a: Scizor|Scizor, M|343\/343
|move|p2a: OP|Swords Dance|p2a: OP
|-boost|p2a: OP|atk|2
|
|turn|7
|
|detailschange|p1a: Scizor|Scizor-Mega, M
|message|Scizor has Mega Evolved into Mega Scizor!
|move|p1a: Scizor|Bullet Punch|p2a: OP
|-end|p2a: OP|Substitute
|move|p2a: OP|Return|p1a: Scizor
|-damage|p1a: Scizor|33\/343
|
|turn|8
|
|move|p2a: OP|Return|p1a: Scizor
|-damage|p1a: Scizor|0 fnt
|faint|p1a: Scizor
|
|
|switch|p1a: Landorus-Therian|Landorus-Therian, M|203\/382
|-ability|p1a: Landorus-Therian|Intimidate|[of] p2a: OP
|-unboost|p2a: OP|atk|1
|turn|9
|
|switch|p1a: Alomomola|Alomomola, F|369\/534
|move|p2a: OP|Return|p1a: Alomomola
|-crit|p1a: Alomomola
|-damage|p1a: Alomomola|0 fnt
|-damage|p2a: OP|114\/271|[from] item: Rocky Helmet|[of] p1a: Alomomola
|faint|p1a: Alomomola
|
|
|switch|p1a: Landorus-Therian|Landorus-Therian, M|203\/382
|-ability|p1a: Landorus-Therian|Intimidate|[of] p2a: OP
|-unboost|p2a: OP|atk|1
|turn|10
|
|switch|p2a: Landorus-Therian|Landorus-Therian, M|267\/320
|-damage|p2a: Landorus-Therian|227\/320|[from] Stealth Rock
|-ability|p2a: Landorus-Therian|Intimidate|[of] p1a: Landorus-Therian
|-unboost|p1a: Landorus-Therian|atk|1
|move|p1a: Landorus-Therian|Stone Edge|p2a: Landorus-Therian
|-damage|p2a: Landorus-Therian|154\/320
|
|-heal|p1a: Landorus-Therian|226\/382|[from] item: Leftovers
|turn|11
|
|switch|p1a: Clefable|Clefable, F|394\/394
|move|p2a: Landorus-Therian|U-turn|p1a: Clefable
|-resisted|p1a: Clefable
|-damage|p1a: Clefable|350\/394
|
|switch|p2a: Saviour|Latios, M|301\/301
|-damage|p2a: Saviour|264\/301|[from] Stealth Rock
|
|-heal|p1a: Clefable|374\/394|[from] item: Leftovers
|turn|12
|
|move|p2a: Saviour|Defog|p1a: Clefable
|-unboost|p1a: Clefable|evasion|1
|-sideend|p2: G123Rocks|Stealth Rock|[from] move: Defog|[of] p2a: Saviour
|move|p1a: Clefable|Calm Mind|p1a: Clefable
|-boost|p1a: Clefable|spa|1
|-boost|p1a: Clefable|spd|1
|
|-heal|p1a: Clefable|394\/394|[from] item: Leftovers
|turn|13
|
|move|p2a: Saviour|Psyshock|p1a: Clefable
|-damage|p1a: Clefable|237\/394
|-damage|p2a: Saviour|234\/301|[from] item: Life Orb
|move|p1a: Clefable|Moonblast|p2a: Saviour
|-supereffective|p2a: Saviour
|-damage|p2a: Saviour|0 fnt
|faint|p2a: Saviour
|
|-heal|p1a: Clefable|261\/394|[from] item: Leftovers
|
|switch|p2a: Landorus-Therian|Landorus-Therian, M|154\/320
|-ability|p2a: Landorus-Therian|Intimidate|[of] p1a: Clefable
|-unboost|p1a: Clefable|atk|1
|turn|14
|
|move|p2a: Landorus-Therian|Earthquake|p1a: Clefable
|-damage|p1a: Clefable|72\/394
|move|p1a: Clefable|Moonlight|p1a: Clefable
|-heal|p1a: Clefable|269\/394
|
|-heal|p1a: Clefable|293\/394|[from] item: Leftovers
|turn|15
|
|switch|p2a: Mag|Magnezone|199\/282 brn
|move|p1a: Clefable|Moonlight|p1a: Clefable
|-heal|p1a: Clefable|394\/394
|
|-damage|p2a: Mag|164\/282 brn|[from] brn
|turn|16
|
|switch|p1a: Chansey|Chansey, F|704\/704
|move|p2a: Mag|Flash Cannon|p1a: Chansey
|-damage|p1a: Chansey|566\/704
|
|-damage|p2a: Mag|129\/282 brn|[from] brn
|turn|17
|
|switch|p2a: Azum|Azumarill, M|404\/404
|move|p1a: Chansey|Wish|p1a: Chansey
|
|turn|18
|
|switch|p1a: Clefable|Clefable, F|394\/394
|move|p2a: Azum|Waterfall|p1a: Clefable
|-damage|p1a: Clefable|238\/394
|
|-heal|p1a: Clefable|394\/394|[from] move: Wish|[wisher] Chansey
|turn|19
|
|move|p1a: Clefable|Calm Mind|p1a: Clefable
|-boost|p1a: Clefable|spa|1
|-boost|p1a: Clefable|spd|1
|move|p2a: Azum|Knock Off|p1a: Clefable
|-resisted|p1a: Clefable
|-damage|p1a: Clefable|334\/394
|-enditem|p1a: Clefable|Leftovers|[from] move: Knock Off|[of] p2a: Azum
|
|turn|20
|
|move|p1a: Clefable|Flamethrower|p2a: Azum
|-resisted|p2a: Azum
|-damage|p2a: Azum|363\/404
|move|p2a: Azum|Play Rough|p1a: Clefable|[miss]
|-miss|p2a: Azum|p1a: Clefable
|
|turn|21
|
|move|p1a: Clefable|Moonblast|p2a: Azum
|-damage|p2a: Azum|227\/404
|move|p2a: Azum|Play Rough|p1a: Clefable
|-damage|p1a: Clefable|151\/394
|
|turn|22
|
|move|p1a: Clefable|Moonlight|p1a: Clefable
|-heal|p1a: Clefable|348\/394
|move|p2a: Azum|Waterfall|p1a: Clefable
|-damage|p1a: Clefable|189\/394
|
|turn|23
|
|move|p1a: Clefable|Moonlight|p1a: Clefable
|-heal|p1a: Clefable|386\/394
|move|p2a: Azum|Waterfall|p1a: Clefable
|-damage|p1a: Clefable|235\/394
|
|turn|24
|
|move|p1a: Clefable|Moonlight|p1a: Clefable
|-heal|p1a: Clefable|394\/394
|move|p2a: Azum|Play Rough|p1a: Clefable
|-crit|p1a: Clefable
|-damage|p1a: Clefable|130\/394
|
|turn|25
|c|âG123Rocks|stop wasting my and ur time
|c|âG123Rocks|u aint gonna win
|c|âCunty Vibes|r00d
|
|switch|p2a: Mag|Magnezone|129\/282 brn
|move|p1a: Clefable|Moonlight|p1a: Clefable
|-heal|p1a: Clefable|327\/394
|
|-damage|p2a: Mag|94\/282 brn|[from] brn
|turn|26
|
|move|p2a: Mag|Flash Cannon|p1a: Clefable
|-supereffective|p1a: Clefable
|-damage|p1a: Clefable|0 fnt
|faint|p1a: Clefable
|
|-damage|p2a: Mag|59\/282 brn|[from] brn
|
|switch|p1a: Chansey|Chansey, F|566\/704
|turn|27
|
|switch|p2a: Azum|Azumarill, M|227\/404
|move|p1a: Chansey|Wish|p1a: Chansey
|
|turn|28
|
|move|p2a: Azum|Knock Off|p1a: Chansey
|-damage|p1a: Chansey|376\/704
|-enditem|p1a: Chansey|Eviolite|[from] move: Knock Off|[of] p2a: Azum
|move|p1a: Chansey|Seismic Toss|p2a: Azum
|-damage|p2a: Azum|127\/404
|
|-heal|p1a: Chansey|704\/704|[from] move: Wish|[wisher] Chansey
|turn|29
|
|move|p1a: Chansey|Wish|p1a: Chansey
|move|p2a: Azum|Waterfall|p1a: Chansey
|-damage|p1a: Chansey|370\/704
|
|turn|30
|
|switch|p1a: Landorus-Therian|Landorus-Therian, M|226\/382
|-ability|p1a: Landorus-Therian|Intimidate|[of] p2a: Azum
|-unboost|p2a: Azum|atk|1
|move|p2a: Azum|Play Rough|p1a: Landorus-Therian
|-damage|p1a: Landorus-Therian|133\/382
|
|-heal|p1a: Landorus-Therian|382\/382|[from] move: Wish|[wisher] Chansey
|turn|31
|
|switch|p2a: Deam Cold|Mamoswine, M|362\/362
|move|p1a: Landorus-Therian|Stealth Rock|p2a: Deam Cold
|-sidestart|p2: G123Rocks|move: Stealth Rock
|
|turn|32
|
|switch|p1a: Chansey|Chansey, F|370\/704
|move|p2a: Deam Cold|Icicle Spear|p1a: Chansey
|-damage|p1a: Chansey|288\/704
|-damage|p1a: Chansey|194\/704
|-hitcount|p1a: Chansey|2
|
|turn|33
|
|move|p2a: Deam Cold|Earthquake|p1a: Chansey
|-damage|p1a: Chansey|0 fnt
|faint|p1a: Chansey
|
|
|switch|p1a: Conkeldurr|Conkeldurr, M|401\/401
|turn|34
|
|switch|p2a: Mag|Magnezone|59\/282 brn
|-damage|p2a: Mag|42\/282 brn|[from] Stealth Rock
|move|p1a: Conkeldurr|Drain Punch|p2a: Mag
|-supereffective|p2a: Mag
|-damage|p2a: Mag|0 fnt
|faint|p2a: Mag
|
|
|switch|p2a: Landorus-Therian|Landorus-Therian, M|154\/320
|-damage|p2a: Landorus-Therian|114\/320|[from] Stealth Rock
|-ability|p2a: Landorus-Therian|Intimidate|[of] p1a: Conkeldurr
|-unboost|p1a: Conkeldurr|atk|1
|turn|35
|
|switch|p1a: Landorus-Therian|Landorus-Therian, M|382\/382
|-ability|p1a: Landorus-Therian|Intimidate|[of] p2a: Landorus-Therian
|-unboost|p2a: Landorus-Therian|atk|1
|move|p2a: Landorus-Therian|U-turn|p1a: Landorus-Therian
|-resisted|p1a: Landorus-Therian
|-damage|p1a: Landorus-Therian|356\/382
|
|switch|p2a: Deam Cold|Mamoswine, M|362\/362
|-damage|p2a: Deam Cold|317\/362|[from] Stealth Rock
|
|-heal|p1a: Landorus-Therian|379\/382|[from] item: Leftovers
|turn|36
|
|switch|p1a: Conkeldurr|Conkeldurr, M|401\/401
|move|p2a: Deam Cold|Earthquake|p1a: Conkeldurr
|-damage|p1a: Conkeldurr|212\/401
|
|turn|37
|
|switch|p2a: OP|Pinsir-Mega, F|114\/271
|-damage|p2a: OP|0 fnt|[from] Stealth Rock
|faint|p2a: OP
|move|p1a: Conkeldurr|Ice Punch|p2: OP|[notarget]
|-notarget
|
|
|switch|p2a: Azum|Azumarill, M|127\/404
|-damage|p2a: Azum|77\/404|[from] Stealth Rock
|turn|38
|
|switch|p1a: Landorus-Therian|Landorus-Therian, M|379\/382
|-ability|p1a: Landorus-Therian|Intimidate|[of] p2a: Azum
|-unboost|p2a: Azum|atk|1
|move|p2a: Azum|Waterfall|p1a: Landorus-Therian
|-supereffective|p1a: Landorus-Therian
|-damage|p1a: Landorus-Therian|209\/382
|
|-heal|p1a: Landorus-Therian|232\/382|[from] item: Leftovers
|turn|39
|
|switch|p2a: Landorus-Therian|Landorus-Therian, M|114\/320
|-damage|p2a: Landorus-Therian|74\/320|[from] Stealth Rock
|-ability|p2a: Landorus-Therian|Intimidate|[of] p1a: Landorus-Therian
|-unboost|p1a: Landorus-Therian|atk|1
|move|p1a: Landorus-Therian|Stone Edge|p2a: Landorus-Therian
|-damage|p2a: Landorus-Therian|0 fnt
|faint|p2a: Landorus-Therian
|
|-heal|p1a: Landorus-Therian|255\/382|[from] item: Leftovers
|
|switch|p2a: Deam Cold|Mamoswine, M|317\/362
|-damage|p2a: Deam Cold|272\/362|[from] Stealth Rock
|turn|40
|
|move|p2a: Deam Cold|Icicle Spear|p1a: Landorus-Therian
|-supereffective|p1a: Landorus-Therian
|-damage|p1a: Landorus-Therian|111\/382
|-supereffective|p1a: Landorus-Therian
|-damage|p1a: Landorus-Therian|0 fnt
|-hitcount|p1a: Landorus-Therian|2
|faint|p1a: Landorus-Therian
|
|
|switch|p1a: Conkeldurr|Conkeldurr, M|212\/401
|turn|41
|
|move|p2a: Deam Cold|Earthquake|p1a: Conkeldurr
|-damage|p1a: Conkeldurr|26\/401
|move|p1a: Conkeldurr|Drain Punch|p2a: Deam Cold
|-supereffective|p2a: Deam Cold
|-damage|p2a: Deam Cold|0 fnt
|-heal|p1a: Conkeldurr|162\/401|[from] drain|[of] p2a: Deam Cold
|faint|p2a: Deam Cold
|
|-message|G123Rocks forfeited.
|
|win|Cunty Vibes
|raw|Ladder updating...
|raw|Cunty Vibes's rating: 1889 &rarr; <strong>1902<\/strong><br \/>(+13 for winning)
|raw|G123Rocks's rating: 1770 &rarr; <strong>1757<\/strong><br \/>(-13 for losing)
|leave|G123Rocks
|player|p2
|c|âCunty Vibes|so uh, what was that about me not winning?