|join|Cunty Vibes
|join|LTI_THEBEST
|player|p1|Cunty Vibes|185
|player|p2|LTI_THEBEST|290
|gametype|singles
|gen|6
|tier|OU
|rated
|clearpoke
|poke|p1|Clefable, M
|poke|p1|Conkeldurr, M
|poke|p1|Landorus-Therian, M
|poke|p1|Chansey, F
|poke|p1|Scizor, F
|poke|p1|Alomomola, F
|poke|p2|Scolipede, M
|poke|p2|Charizard, M
|poke|p2|Clefable, F
|poke|p2|Latias, F
|poke|p2|Latios, M
|poke|p2|Espeon, M
|rule|Swagger Clause: Swagger is banned
|rule|Baton Pass Clause: Limit one PokÃ©mon knowing Baton Pass
|rule|Sleep Clause Mod: Limit one foe put to sleep
|rule|Species Clause: Limit one of each PokÃ©mon
|rule|OHKO Clause: OHKO moves are banned
|rule|Moody Clause: Moody is banned
|rule|Evasion Moves Clause: Evasion moves are banned
|rule|Endless Battle Clause: Forcing endless battles is banned
|rule|HP Percentage Mod: HP is shown in percentages
|teampreview
|
|start
|switch|p1a: Landorus-Therian|Landorus-Therian, M|382\/382
|switch|p2a: Latios|Latios, M|364\/364
|-ability|p1a: Landorus-Therian|Intimidate|[of] p2a: Latios
|-unboost|p2a: Latios|atk|1
|turn|1
|
|move|p2a: Latios|Reflect|p2a: Latios
|-sidestart|p2: LTI_THEBEST|Reflect
|move|p1a: Landorus-Therian|Stealth Rock|p2a: Latios
|-sidestart|p2: LTI_THEBEST|move: Stealth Rock
|
|turn|2
|
|move|p2a: Latios|Light Screen|p2a: Latios
|-sidestart|p2: LTI_THEBEST|move: Light Screen
|move|p1a: Landorus-Therian|U-turn|p2a: Latios
|-crit|p2a: Latios
|-supereffective|p2a: Latios
|-damage|p2a: Latios|64\/364
|
|switch|p1a: Clefable|Clefable, M|394\/394
|
|turn|3
|
|move|p2a: Latios|Memento|p1a: Clefable
|-unboost|p1a: Clefable|atk|2
|-unboost|p1a: Clefable|spa|2
|faint|p2a: Latios
|move|p1a: Clefable|Calm Mind|p1a: Clefable
|-boost|p1a: Clefable|spa|1
|-boost|p1a: Clefable|spd|1
|
|
|switch|p2a: Scolipede|Scolipede, M|324\/324
|-damage|p2a: Scolipede|243\/324|[from] Stealth Rock
|turn|4
|
|move|p2a: Scolipede|Iron Defense|p2a: Scolipede
|-boost|p2a: Scolipede|def|2
|move|p1a: Clefable|Calm Mind|p1a: Clefable
|-boost|p1a: Clefable|spa|1
|-boost|p1a: Clefable|spd|1
|
|-boost|p2a: Scolipede|spe|1|[from] ability: Speed Boost
|turn|5
|
|move|p2a: Scolipede|Iron Defense|p2a: Scolipede
|-boost|p2a: Scolipede|def|2
|move|p1a: Clefable|Calm Mind|p1a: Clefable
|-boost|p1a: Clefable|spa|1
|-boost|p1a: Clefable|spd|1
|
|-boost|p2a: Scolipede|spe|1|[from] ability: Speed Boost
|turn|6
|
|move|p2a: Scolipede|Baton Pass|p2a: Scolipede
|
|switch|p2a: Espeon|Espeon, M|333\/333
|-damage|p2a: Espeon|292\/333|[from] Stealth Rock
|move|p1a: Clefable|Flamethrower|p2a: Espeon
|-damage|p2a: Espeon|237\/333
|
|-heal|p2a: Espeon|257\/333|[from] item: Leftovers
|turn|7
|
|move|p2a: Espeon|Calm Mind|p2a: Espeon
|-boost|p2a: Espeon|spa|1
|-boost|p2a: Espeon|spd|1
|move|p1a: Clefable|Moonblast|p2a: Espeon
|-damage|p2a: Espeon|179\/333
|
|-heal|p2a: Espeon|199\/333|[from] item: Leftovers
|turn|8
|
|move|p2a: Espeon|Calm Mind|p2a: Espeon
|-boost|p2a: Espeon|spa|1
|-boost|p2a: Espeon|spd|1
|move|p1a: Clefable|Calm Mind|p1a: Clefable
|-boost|p1a: Clefable|spa|1
|-boost|p1a: Clefable|spd|1
|
|-heal|p2a: Espeon|219\/333|[from] item: Leftovers
|-sideend|p2: LTI_THEBEST|Reflect
|turn|9
|
|move|p2a: Espeon|Stored Power|p1a: Clefable
|-damage|p1a: Clefable|279\/394
|move|p1a: Clefable|Moonblast|p2a: Espeon
|-damage|p2a: Espeon|105\/333
|
|-heal|p2a: Espeon|125\/333|[from] item: Leftovers
|-heal|p1a: Clefable|303\/394|[from] item: Leftovers
|-sideend|p2: LTI_THEBEST|move: Light Screen
|turn|10
|
|move|p2a: Espeon|Calm Mind|p2a: Espeon
|-boost|p2a: Espeon|spa|1
|-boost|p2a: Espeon|spd|1
|move|p1a: Clefable|Moonblast|p2a: Espeon
|-damage|p2a: Espeon|0 fnt
|faint|p2a: Espeon
|
|-heal|p1a: Clefable|327\/394|[from] item: Leftovers
|-message|LTI_THEBEST forfeited.
|
|win|Cunty Vibes
|raw|Ladder updating...
|leave|LTI_THEBEST
|player|p2
|raw|Cunty Vibes's rating: 1863 &rarr; <strong>1875<\/strong><br \/>(+12 for winning)
|raw|LTI_THEBEST's rating: 1720 &rarr; <strong>1708<\/strong><br \/>(-12 for losing)