|join|Cunty Vibes
|join|TestBlackTeam
|player|p1|Cunty Vibes|185
|player|p2|TestBlackTeam|269
|gametype|singles
|gen|6
|tier|OU
|rated
|clearpoke
|poke|p1|Clefable, M
|poke|p1|Conkeldurr, M
|poke|p1|Landorus-Therian, M
|poke|p1|Chansey, F
|poke|p1|Scizor, M
|poke|p1|Alomomola, F
|poke|p2|Charizard, M
|poke|p2|Chansey, F
|poke|p2|Talonflame, F
|poke|p2|Rotom-Wash
|poke|p2|Mamoswine, F
|poke|p2|Forretress, F
|rule|Swagger Clause: Swagger is banned
|rule|Baton Pass Clause: Limit one PokÃ©mon knowing Baton Pass
|rule|Sleep Clause Mod: Limit one foe put to sleep
|rule|Species Clause: Limit one of each PokÃ©mon
|rule|OHKO Clause: OHKO moves are banned
|rule|Moody Clause: Moody is banned
|rule|Evasion Moves Clause: Evasion moves are banned
|rule|Endless Battle Clause: Forcing endless battles is banned
|rule|HP Percentage Mod: HP is reported as percentages
|teampreview
|chat|TestBlackTeam|gl hf :)
|chat|Cunty Vibes|you too
|
|start
|switch|p1a: Conkeldurr|Conkeldurr, M|401\/401
|switch|p2a: Rotom-Wash|Rotom-Wash|241\/241
|turn|1
|
|move|p2a: Rotom-Wash|Volt Switch|p1a: Conkeldurr
|-damage|p1a: Conkeldurr|311\/401
|
|switch|p2a: Talonflame|Talonflame, F|298\/298
|move|p1a: Conkeldurr|Knock Off|p2a: Talonflame
|-damage|p2a: Talonflame|116\/298
|-enditem|p2a: Talonflame|Life Orb|[from] move: Knock Off|[of] p1a: Conkeldurr
|
|turn|2
|
|switch|p1a: Landorus-Therian|Landorus-Therian, M|382\/382
|-ability|p1a: Landorus-Therian|Intimidate|[of] p2a: Talonflame
|-unboost|p2a: Talonflame|atk|1
|move|p2a: Talonflame|U-turn|p1a: Landorus-Therian
|-resisted|p1a: Landorus-Therian
|-damage|p1a: Landorus-Therian|364\/382
|
|switch|p2a: Rotom-Wash|Rotom-Wash|241\/241
|
|-heal|p1a: Landorus-Therian|382\/382|[from] item: Leftovers
|turn|3
|
|switch|p1a: Chansey|Chansey, F|704\/704
|move|p2a: Rotom-Wash|Hydro Pump|p1a: Chansey|[miss]
|-miss|p2a: Rotom-Wash|p1a: Chansey
|
|turn|4
|
|switch|p2a: Mamoswine|Mamoswine, F|362\/362
|move|p1a: Chansey|Wish|p1a: Chansey
|
|turn|5
|
|switch|p1a: Conkeldurr|Conkeldurr, M|311\/401
|move|p2a: Mamoswine|Stealth Rock|p1a: Conkeldurr
|-sidestart|p1: Cunty Vibes|move: Stealth Rock
|
|-heal|p1a: Conkeldurr|401\/401|[from] move: Wish|[wisher] Chansey
|turn|6
|
|switch|p2a: Talonflame|Talonflame, F|116\/298
|move|p1a: Conkeldurr|Drain Punch|p2a: Talonflame
|-resisted|p2a: Talonflame
|-damage|p2a: Talonflame|11\/298
|
|turn|7
|
|switch|p1a: Landorus-Therian|Landorus-Therian, M|382\/382
|-damage|p1a: Landorus-Therian|335\/382|[from] Stealth Rock
|-ability|p1a: Landorus-Therian|Intimidate|[of] p2a: Talonflame
|-unboost|p2a: Talonflame|atk|1
|move|p2a: Talonflame|Roost|p2a: Talonflame
|-heal|p2a: Talonflame|160\/298
|
|-heal|p1a: Landorus-Therian|358\/382|[from] item: Leftovers
|turn|8
|
|move|p2a: Talonflame|U-turn|p1a: Landorus-Therian
|-resisted|p1a: Landorus-Therian
|-damage|p1a: Landorus-Therian|341\/382
|
|switch|p2a: Forretress|Forretress, F|354\/354
|move|p1a: Landorus-Therian|Stealth Rock|p2a: Forretress
|-sidestart|p2: TestBlackTeam|move: Stealth Rock
|
|-heal|p1a: Landorus-Therian|364\/382|[from] item: Leftovers
|turn|9
|
|move|p1a: Landorus-Therian|U-turn|p2a: Forretress
|-resisted|p2a: Forretress
|-damage|p2a: Forretress|331\/354
|
|switch|p1a: Scizor|Scizor, M|343\/343
|-damage|p1a: Scizor|301\/343|[from] Stealth Rock
|move|p2a: Forretress|Rapid Spin|p1a: Scizor
|-resisted|p1a: Scizor
|-damage|p1a: Scizor|296\/343
|-sideend|p2: TestBlackTeam|Stealth Rock|[from] move: Rapid Spin|[of] p2a: Forretress
|
|-heal|p2a: Forretress|353\/354|[from] item: Leftovers
|turn|10
|
|detailschange|p1a: Scizor|Scizor-Mega, M
|message|Scizor has Mega Evolved into Mega Scizor!
|move|p1a: Scizor|Defog|p2a: Forretress
|-unboost|p2a: Forretress|evasion|1
|-sideend|p1: Cunty Vibes|Stealth Rock|[from] move: Defog|[of] p1a: Scizor
|move|p2a: Forretress|Volt Switch|p1a: Scizor
|-damage|p1a: Scizor|260\/343
|
|switch|p2a: Charizard|Charizard, M|298\/298
|
|turn|11
|
|switch|p2a: Rotom-Wash|Rotom-Wash|241\/241
|switch|p1a: Alomomola|Alomomola, F|534\/534
|
|turn|12
|
|move|p2a: Rotom-Wash|Volt Switch|p1a: Alomomola
|-supereffective|p1a: Alomomola
|-damage|p1a: Alomomola|160\/534
|
|switch|p2a: Chansey|Chansey, F|704\/704
|move|p1a: Alomomola|Mirror Coat|p2a: Chansey
|-damage|p2a: Chansey|0 fnt
|faint|p2a: Chansey
|
|
|switch|p2a: Talonflame|Talonflame, F|160\/298
|turn|13
|
|switch|p1a: Landorus-Therian|Landorus-Therian, M|364\/382
|-ability|p1a: Landorus-Therian|Intimidate|[of] p2a: Talonflame
|-unboost|p2a: Talonflame|atk|1
|move|p2a: Talonflame|U-turn|p1a: Landorus-Therian
|-resisted|p1a: Landorus-Therian
|-damage|p1a: Landorus-Therian|348\/382
|
|switch|p2a: Rotom-Wash|Rotom-Wash|241\/241
|
|-heal|p1a: Landorus-Therian|371\/382|[from] item: Leftovers
|turn|14
|
|switch|p1a: Chansey|Chansey, F|704\/704
|move|p2a: Rotom-Wash|Trick|p1a: Chansey
|-activate|p2a: Rotom-Wash|move: Trick|[of] p1a: Chansey
|-item|p1a: Chansey|Choice Scarf|[from] move: Trick
|-item|p2a: Rotom-Wash|Eviolite|[from] move: Trick
|
|turn|15
|
|move|p2a: Rotom-Wash|Volt Switch|p1a: Chansey
|-damage|p1a: Chansey|593\/704
|
|switch|p2a: Charizard|Charizard, M|298\/298
|move|p1a: Chansey|Seismic Toss|p2a: Charizard
|-damage|p2a: Charizard|198\/298
|
|turn|16
|
|detailschange|p2a: Charizard|Charizard-Mega-Y, M
|message|Charizard has Mega Evolved into Mega Charizard!
|-weather|SunnyDay
|move|p2a: Charizard|Fire Blast|p1a: Chansey
|-damage|p1a: Chansey|248\/704
|-status|p1a: Chansey|brn
|move|p1a: Chansey|Seismic Toss|p2a: Charizard
|-damage|p2a: Charizard|98\/298
|
|-weather|SunnyDay|[upkeep]
|-damage|p1a: Chansey|160\/704 brn|[from] brn
|turn|17
|
|move|p2a: Charizard|Roost|p2a: Charizard
|-heal|p2a: Charizard|247\/298
|move|p1a: Chansey|Seismic Toss|p2a: Charizard
|-damage|p2a: Charizard|147\/298
|
|-weather|SunnyDay|[upkeep]
|-damage|p1a: Chansey|72\/704 brn|[from] brn
|turn|18
|
|move|p2a: Charizard|Roost|p2a: Charizard
|-heal|p2a: Charizard|296\/298
|move|p1a: Chansey|Seismic Toss|p2a: Charizard
|-damage|p2a: Charizard|196\/298
|
|-weather|SunnyDay|[upkeep]
|-damage|p1a: Chansey|0 fnt|[from] brn
|faint|p1a: Chansey
|
|switch|p1a: Landorus-Therian|Landorus-Therian, M|371\/382
|-ability|p1a: Landorus-Therian|Intimidate|[of] p2a: Charizard
|-unboost|p2a: Charizard|atk|1
|turn|19
|
|move|p2a: Charizard|Hidden Power|p1a: Landorus-Therian
|-crit|p1a: Landorus-Therian
|-supereffective|p1a: Landorus-Therian
|-damage|p1a: Landorus-Therian|0 fnt
|faint|p1a: Landorus-Therian
|
|-weather|SunnyDay|[upkeep]
|
|switch|p1a: Conkeldurr|Conkeldurr, M|401\/401
|turn|20
|
|switch|p2a: Talonflame|Talonflame, F|160\/298
|move|p1a: Conkeldurr|Ice Punch|p2a: Talonflame
|-damage|p2a: Talonflame|13\/298
|
|-weather|none
|turn|21
|
|move|p2a: Talonflame|Brave Bird|p1a: Conkeldurr
|-supereffective|p1a: Conkeldurr
|-damage|p1a: Conkeldurr|41\/401
|-damage|p2a: Talonflame|0 fnt|[from] recoil|[of] p1a: Conkeldurr
|faint|p2a: Talonflame
|move|p1a: Conkeldurr|Drain Punch|p2: Talonflame|[notarget]
|-notarget
|
|
|switch|p2a: Rotom-Wash|Rotom-Wash|241\/241
|turn|22
|
|move|p1a: Conkeldurr|Mach Punch|p2a: Rotom-Wash
|-damage|p2a: Rotom-Wash|157\/241
|move|p2a: Rotom-Wash|Volt Switch|p1a: Conkeldurr
|-damage|p1a: Conkeldurr|0 fnt
|faint|p1a: Conkeldurr
|
|switch|p2a: Charizard|Charizard-Mega-Y, M|196\/298
|-weather|SunnyDay
|
|-weather|SunnyDay|[upkeep]
|
|switch|p1a: Clefable|Clefable, M|394\/394
|turn|23
|
|move|p2a: Charizard|Fire Blast|p1a: Clefable|[miss]
|-miss|p2a: Charizard|p1a: Clefable
|move|p1a: Clefable|Moonlight|p1a: Clefable
|
|-weather|SunnyDay|[upkeep]
|turn|24
|
|move|p2a: Charizard|Fire Blast|p1a: Clefable
|-damage|p1a: Clefable|13\/394
|move|p1a: Clefable|Moonlight|p1a: Clefable
|-heal|p1a: Clefable|276\/394
|
|-weather|SunnyDay|[upkeep]
|-heal|p1a: Clefable|300\/394|[from] item: Leftovers
|turn|25
|
|switch|p1a: Alomomola|Alomomola, F|338\/534
|move|p2a: Charizard|Fire Blast|p1a: Alomomola
|-resisted|p1a: Alomomola
|-damage|p1a: Alomomola|67\/534
|
|-weather|SunnyDay|[upkeep]
|turn|26
|
|switch|p1a: Scizor|Scizor-Mega, M|260\/343
|move|p2a: Charizard|Fire Blast|p1a: Scizor
|-supereffective|p1a: Scizor
|-damage|p1a: Scizor|0 fnt
|faint|p1a: Scizor
|
|-weather|none
|
|switch|p1a: Alomomola|Alomomola, F|245\/534
|turn|27
|
|switch|p2a: Rotom-Wash|Rotom-Wash|157\/241
|switch|p1a: Clefable|Clefable, M|300\/394
|
|-heal|p1a: Clefable|324\/394|[from] item: Leftovers
|turn|28
|
|move|p2a: Rotom-Wash|Volt Switch|p1a: Clefable
|-damage|p1a: Clefable|206\/394
|
|switch|p2a: Charizard|Charizard-Mega-Y, M|196\/298
|-weather|SunnyDay
|move|p1a: Clefable|Calm Mind|p1a: Clefable
|-boost|p1a: Clefable|spa|1
|-boost|p1a: Clefable|spd|1
|
|-weather|SunnyDay|[upkeep]
|-heal|p1a: Clefable|230\/394|[from] item: Leftovers
|turn|29
|
|move|p2a: Charizard|Fire Blast|p1a: Clefable
|-damage|p1a: Clefable|0 fnt
|faint|p1a: Clefable
|
|-weather|SunnyDay|[upkeep]
|-message|Cunty Vibes forfeited.
|
|win|TestBlackTeam
|raw|Ladder updating...
|leave|Cunty Vibes
|player|p1
|raw|Cunty Vibes's rating: 1739 &rarr; <strong>1714<\/strong><br \/>(-25 for losing)
|raw|TestBlackTeam's rating: 1645 &rarr; <strong>1670<\/strong><br \/>(+25 for winning)