|join|Cunty Vibes
|join|Mega-Luc
|player|p1|Cunty Vibes|185
|player|p2|Mega-Luc|2
|gametype|singles
|gen|6
|tier|OU
|rated
|clearpoke
|poke|p1|Clefable, F
|poke|p1|Conkeldurr, F
|poke|p1|Landorus-Therian, M
|poke|p1|Chansey, F
|poke|p1|Scizor, F
|poke|p1|Alomomola, F
|poke|p2|Gliscor, F
|poke|p2|Scizor, M
|poke|p2|Rotom-Wash
|poke|p2|Gothitelle, F
|poke|p2|Ditto
|poke|p2|Chansey, F
|rule|Swagger Clause: Swagger is banned
|rule|Baton Pass Clause: Limit one PokÃ©mon knowing Baton Pass
|rule|Sleep Clause Mod: Limit one foe put to sleep
|rule|Species Clause: Limit one of each PokÃ©mon
|rule|OHKO Clause: OHKO moves are banned
|rule|Moody Clause: Moody is banned
|rule|Evasion Moves Clause: Evasion moves are banned
|rule|Endless Battle Clause: Forcing endless battles is banned
|rule|HP Percentage Mod: HP is shown in percentages
|teampreview
|
|start
|switch|p1a: Conkeldurr|Conkeldurr, F|401\/401
|switch|p2a: Scizor|Scizor, M|344\/344
|turn|1
|
|switch|p1a: Scizor|Scizor, F|343\/343
|detailschange|p2a: Scizor|Scizor-Mega, M
|message|Scizor has Mega Evolved into Mega Scizor!
|move|p2a: Scizor|Knock Off|p1a: Scizor
|-damage|p1a: Scizor|282\/343
|
|turn|2
|
|detailschange|p1a: Scizor|Scizor-Mega, F
|message|Scizor has Mega Evolved into Mega Scizor!
|move|p2a: Scizor|Swords Dance|p2a: Scizor
|-boost|p2a: Scizor|atk|2
|move|p1a: Scizor|Knock Off|p2a: Scizor
|-damage|p2a: Scizor|300\/344
|
|turn|3
|
|switch|p1a: Clefable|Clefable, F|394\/394
|move|p2a: Scizor|Swords Dance|p2a: Scizor
|-boost|p2a: Scizor|atk|2
|
|turn|4
|
|switch|p2a: Gothitelle|Gothitelle, F|301\/301
|move|p1a: Clefable|Flamethrower|p2a: Gothitelle
|-damage|p2a: Gothitelle|242\/301
|
|turn|5
|
|move|p2a: Gothitelle|Trick|p1a: Clefable
|-activate|p2a: Gothitelle|move: Trick|[of] p1a: Clefable
|-item|p1a: Clefable|Choice Scarf|[from] move: Trick
|-item|p2a: Gothitelle|Leftovers|[from] move: Trick
|move|p1a: Clefable|Moonblast|p2a: Gothitelle
|-damage|p2a: Gothitelle|143\/301
|-unboost|p2a: Gothitelle|spa|1
|
|-heal|p2a: Gothitelle|161\/301|[from] item: Leftovers
|turn|6
|
|move|p2a: Gothitelle|Psychic|p1a: Clefable
|-damage|p1a: Clefable|258\/394
|-unboost|p1a: Clefable|spd|1
|move|p1a: Clefable|Moonblast|p2a: Gothitelle
|-damage|p2a: Gothitelle|62\/301
|
|-heal|p2a: Gothitelle|80\/301|[from] item: Leftovers
|turn|7
|
|move|p2a: Gothitelle|Rest|p2a: Gothitelle
|-status|p2a: Gothitelle|slp
|-heal|p2a: Gothitelle|301\/301 slp|[silent]
|-status|p2a: Gothitelle|slp|[from] move: Rest
|move|p1a: Clefable|Moonblast|p2a: Gothitelle
|-damage|p2a: Gothitelle|198\/301 slp
|
|-heal|p2a: Gothitelle|216\/301 slp|[from] item: Leftovers
|turn|8
|
|switch|p2a: Scizor|Scizor-Mega, M|300\/344
|move|p1a: Clefable|Moonblast|p2a: Scizor
|-resisted|p2a: Scizor
|-damage|p2a: Scizor|249\/344
|-unboost|p2a: Scizor|spa|1
|
|turn|9
|
|switch|p1a: Alomomola|Alomomola, F|534\/534
|move|p2a: Scizor|Swords Dance|p2a: Scizor
|-boost|p2a: Scizor|atk|2
|
|turn|10
|
|switch|p2a: Gothitelle|Gothitelle, F|216\/301 slp
|move|p1a: Alomomola|Scald|p2a: Gothitelle
|-damage|p2a: Gothitelle|171\/301 slp
|
|-heal|p2a: Gothitelle|189\/301 slp|[from] item: Leftovers
|turn|11
|
|cant|p2a: Gothitelle|slp
|move|p1a: Alomomola|Scald|p2a: Gothitelle
|-damage|p2a: Gothitelle|143\/301 slp
|
|-heal|p2a: Gothitelle|161\/301 slp|[from] item: Leftovers
|turn|12
|
|cant|p2a: Gothitelle|slp
|move|p1a: Alomomola|Scald|p2a: Gothitelle
|-damage|p2a: Gothitelle|119\/301 slp
|
|-heal|p2a: Gothitelle|137\/301 slp|[from] item: Leftovers
|turn|13
|
|-curestatus|p2a: Gothitelle|slp
|move|p2a: Gothitelle|Psychic|p1a: Alomomola
|-damage|p1a: Alomomola|309\/534
|move|p1a: Alomomola|Mirror Coat|p2a: Gothitelle
|-damage|p2a: Gothitelle|0 fnt
|faint|p2a: Gothitelle
|
|
|switch|p2a: Rotom-Wash|Rotom-Wash|304\/304
|turn|14
|
|switch|p1a: Conkeldurr|Conkeldurr, F|401\/401
|move|p2a: Rotom-Wash|Volt Switch|p1a: Conkeldurr
|-damage|p1a: Conkeldurr|329\/401
|
|switch|p2a: Scizor|Scizor-Mega, M|249\/344
|
|turn|15
|
|switch|p1a: Clefable|Clefable, F|258\/394
|move|p2a: Scizor|Swords Dance|p2a: Scizor
|-boost|p2a: Scizor|atk|2
|
|turn|16
|
|switch|p2a: Rotom-Wash|Rotom-Wash|304\/304
|move|p1a: Clefable|Flamethrower|p2a: Rotom-Wash
|-resisted|p2a: Rotom-Wash
|-damage|p2a: Rotom-Wash|271\/304
|
|-heal|p2a: Rotom-Wash|290\/304|[from] item: Leftovers
|turn|17
|
|switch|p1a: Chansey|Chansey, F|704\/704
|move|p2a: Rotom-Wash|Volt Switch|p1a: Chansey
|-crit|p1a: Chansey
|-damage|p1a: Chansey|614\/704
|
|switch|p2a: Scizor|Scizor-Mega, M|249\/344
|
|turn|18
|
|move|p2a: Scizor|Roost|p2a: Scizor
|-heal|p2a: Scizor|344\/344
|move|p1a: Chansey|Wish|p1a: Chansey
|
|turn|19
|
|switch|p1a: Clefable|Clefable, F|258\/394
|move|p2a: Scizor|Bullet Punch|p1a: Clefable
|-supereffective|p1a: Clefable
|-damage|p1a: Clefable|54\/394
|
|-heal|p1a: Clefable|394\/394|[from] move: Wish|[wisher] Chansey
|turn|20
|
|switch|p2a: Chansey|Chansey, F|641\/641
|move|p1a: Clefable|Flamethrower|p2a: Chansey
|-damage|p2a: Chansey|609\/641
|
|turn|21
|
|switch|p1a: Landorus-Therian|Landorus-Therian, M|382\/382
|-ability|p1a: Landorus-Therian|Intimidate|[of] p2a: Chansey
|-unboost|p2a: Chansey|atk|1
|move|p2a: Chansey|Stealth Rock|p1a: Landorus-Therian
|-sidestart|p1: Cunty Vibes|move: Stealth Rock
|
|turn|22
|
|switch|p2a: Scizor|Scizor-Mega, M|344\/344
|move|p1a: Landorus-Therian|Stealth Rock|p2a: Scizor
|-sidestart|p2: Mega-Luc|move: Stealth Rock
|
|turn|23
|
|move|p1a: Landorus-Therian|U-turn|p2a: Scizor
|-resisted|p2a: Scizor
|-damage|p2a: Scizor|317\/344
|
|switch|p1a: Clefable|Clefable, F|394\/394
|-damage|p1a: Clefable|345\/394|[from] Stealth Rock
|move|p2a: Scizor|Swords Dance|p2a: Scizor
|-boost|p2a: Scizor|atk|2
|
|turn|24
|
|switch|p2a: Chansey|Chansey, F|609\/641
|-damage|p2a: Chansey|529\/641|[from] Stealth Rock
|move|p1a: Clefable|Flamethrower|p2a: Chansey
|-damage|p2a: Chansey|496\/641
|
|turn|25
|
|switch|p2a: Ditto|Ditto|300\/300
|-damage|p2a: Ditto|263\/300|[from] Stealth Rock
|-transform|p2a: Ditto|p1a: Clefable
|move|p1a: Clefable|Flamethrower|p2a: Ditto
|-damage|p2a: Ditto|195\/300
|
|turn|26
|
|switch|p1a: Chansey|Chansey, F|614\/704
|-damage|p1a: Chansey|526\/704|[from] Stealth Rock
|move|p2a: Ditto|Moonlight|p2a: Ditto
|-heal|p2a: Ditto|300\/300
|
|turn|27
|
|switch|p2a: Gliscor|Gliscor, F|352\/352
|-damage|p2a: Gliscor|308\/352|[from] Stealth Rock
|switch|p1a: Alomomola|Alomomola, F|487\/534
|-damage|p1a: Alomomola|421\/534|[from] Stealth Rock
|
|-status|p2a: Gliscor|tox|[from] item: Toxic Orb
|turn|28
|
|move|p2a: Gliscor|Toxic|p1a: Alomomola|[miss]
|-miss|p2a: Gliscor|p1a: Alomomola
|move|p1a: Alomomola|Wish|p1a: Alomomola
|
|-heal|p2a: Gliscor|352\/352 tox|[from] ability: Poison Heal
|turn|29
|
|switch|p1a: Clefable|Clefable, F|345\/394
|-damage|p1a: Clefable|296\/394|[from] Stealth Rock
|move|p2a: Gliscor|Substitute|p2a: Gliscor
|-start|p2a: Gliscor|Substitute
|-damage|p2a: Gliscor|264\/352 tox
|
|-heal|p1a: Clefable|394\/394|[from] move: Wish|[wisher] Alomomola
|-heal|p2a: Gliscor|308\/352 tox|[from] ability: Poison Heal
|turn|30
|
|switch|p1a: Scizor|Scizor-Mega, F|282\/343
|-damage|p1a: Scizor|240\/343|[from] Stealth Rock
|move|p2a: Gliscor|Toxic|p1a: Scizor
|-fail|p1a: Scizor
|
|-heal|p2a: Gliscor|352\/352 tox|[from] ability: Poison Heal
|turn|31
|
|move|p1a: Scizor|Bullet Punch|p2a: Gliscor
|-activate|p2a: Gliscor|Substitute|[damage]
|move|p2a: Gliscor|Earthquake|p1a: Scizor
|-damage|p1a: Scizor|177\/343
|
|turn|32
|
|move|p2a: Gliscor|Earthquake|p1a: Scizor
|-damage|p1a: Scizor|114\/343
|move|p1a: Scizor|Knock Off|p2a: Gliscor
|-end|p2a: Gliscor|Substitute
|
|turn|33
|
|move|p2a: Gliscor|Earthquake|p1a: Scizor
|-damage|p1a: Scizor|44\/343
|move|p1a: Scizor|Roost|p1a: Scizor
|-heal|p1a: Scizor|216\/343
|
|turn|34
|
|switch|p2a: Scizor|Scizor-Mega, M|317\/344
|-damage|p2a: Scizor|274\/344|[from] Stealth Rock
|move|p1a: Scizor|Knock Off|p2a: Scizor
|-damage|p2a: Scizor|224\/344
|
|turn|35
|
|switch|p1a: Alomomola|Alomomola, F|534\/534
|-damage|p1a: Alomomola|468\/534|[from] Stealth Rock
|move|p2a: Scizor|Bullet Punch|p1a: Alomomola
|-resisted|p1a: Alomomola
|-damage|p1a: Alomomola|423\/534
|-damage|p2a: Scizor|167\/344|[from] item: Rocky Helmet|[of] p1a: Alomomola
|
|turn|36
|
|switch|p2a: Rotom-Wash|Rotom-Wash|290\/304
|-damage|p2a: Rotom-Wash|252\/304|[from] Stealth Rock
|move|p1a: Alomomola|Scald|p2a: Rotom-Wash
|-resisted|p2a: Rotom-Wash
|-damage|p2a: Rotom-Wash|230\/304
|-status|p2a: Rotom-Wash|brn
|
|-heal|p2a: Rotom-Wash|249\/304 brn|[from] item: Leftovers
|-damage|p2a: Rotom-Wash|211\/304 brn|[from] brn
|turn|37
|
|move|p2a: Rotom-Wash|Will-O-Wisp|p1a: Alomomola
|-status|p1a: Alomomola|brn
|move|p1a: Alomomola|Mirror Coat|p2a: Rotom-Wash
|-fail|p2a: Rotom-Wash
|
|-heal|p2a: Rotom-Wash|230\/304 brn|[from] item: Leftovers
|-damage|p2a: Rotom-Wash|192\/304 brn|[from] brn
|-damage|p1a: Alomomola|357\/534 brn|[from] brn
|turn|38
|
|switch|p1a: Chansey|Chansey, F|526\/704
|-damage|p1a: Chansey|438\/704|[from] Stealth Rock
|move|p2a: Rotom-Wash|Volt Switch|p1a: Chansey
|-damage|p1a: Chansey|386\/704
|
|switch|p2a: Scizor|Scizor-Mega, M|167\/344
|-damage|p2a: Scizor|124\/344|[from] Stealth Rock
|
|turn|39
|
|switch|p1a: Clefable|Clefable, F|394\/394
|-damage|p1a: Clefable|345\/394|[from] Stealth Rock
|move|p2a: Scizor|Roost|p2a: Scizor
|-heal|p2a: Scizor|296\/344
|
|turn|40
|
|switch|p2a: Gliscor|Gliscor, F|352\/352 tox
|-damage|p2a: Gliscor|308\/352 tox|[from] Stealth Rock
|move|p1a: Clefable|Flamethrower|p2a: Gliscor
|-damage|p2a: Gliscor|225\/352 tox
|
|-heal|p2a: Gliscor|269\/352 tox|[from] ability: Poison Heal
|turn|41
|
|switch|p1a: Scizor|Scizor-Mega, F|216\/343
|-damage|p1a: Scizor|174\/343|[from] Stealth Rock
|move|p2a: Gliscor|Earthquake|p1a: Scizor
|-damage|p1a: Scizor|105\/343
|
|-heal|p2a: Gliscor|313\/352 tox|[from] ability: Poison Heal
|turn|42
|
|switch|p2a: Scizor|Scizor-Mega, M|296\/344
|-damage|p2a: Scizor|253\/344|[from] Stealth Rock
|move|p1a: Scizor|Roost|p1a: Scizor
|-heal|p1a: Scizor|277\/343
|
|turn|43
|
|move|p2a: Scizor|Swords Dance|p2a: Scizor
|-boost|p2a: Scizor|atk|2
|move|p1a: Scizor|Defog|p2a: Scizor
|-unboost|p2a: Scizor|evasion|1
|-sideend|p2: Mega-Luc|Stealth Rock|[from] move: Defog|[of] p2a: Scizor
|-sideend|p1: Cunty Vibes|Stealth Rock|[from] move: Defog|[of] p1a: Scizor
|
|turn|44
|join|Honchkrow Hate
|
|switch|p1a: Alomomola|Alomomola, F|534\/534 brn
|move|p2a: Scizor|Swords Dance|p2a: Scizor
|-boost|p2a: Scizor|atk|2
|
|-damage|p1a: Alomomola|468\/534 brn|[from] brn
|turn|45
|
|move|p2a: Scizor|Bullet Punch|p1a: Alomomola
|-resisted|p1a: Alomomola
|-damage|p1a: Alomomola|317\/534 brn
|-damage|p2a: Scizor|196\/344|[from] item: Rocky Helmet|[of] p1a: Alomomola
|move|p1a: Alomomola|Wish|p1a: Alomomola
|
|-damage|p1a: Alomomola|251\/534 brn|[from] brn
|turn|46
|
|switch|p1a: Clefable|Clefable, F|345\/394
|move|p2a: Scizor|Bullet Punch|p1a: Clefable
|-supereffective|p1a: Clefable
|-damage|p1a: Clefable|163\/394
|
|-heal|p1a: Clefable|394\/394|[from] move: Wish|[wisher] Alomomola
|turn|47
|
|switch|p2a: Gliscor|Gliscor, F|313\/352 tox
|move|p1a: Clefable|Flamethrower|p2a: Gliscor
|-damage|p2a: Gliscor|222\/352 tox
|
|-heal|p2a: Gliscor|266\/352 tox|[from] ability: Poison Heal
|turn|48
|
|switch|p1a: Scizor|Scizor-Mega, F|277\/343
|move|p2a: Gliscor|Toxic|p1a: Scizor
|-fail|p1a: Scizor
|
|-heal|p2a: Gliscor|310\/352 tox|[from] ability: Poison Heal
|turn|49
|
|switch|p2a: Rotom-Wash|Rotom-Wash|192\/304 brn
|switch|p1a: Landorus-Therian|Landorus-Therian, M|382\/382
|-ability|p1a: Landorus-Therian|Intimidate|[of] p2a: Rotom-Wash
|-unboost|p2a: Rotom-Wash|atk|1
|
|-heal|p2a: Rotom-Wash|211\/304 brn|[from] item: Leftovers
|-damage|p2a: Rotom-Wash|173\/304 brn|[from] brn
|turn|50
|
|move|p2a: Rotom-Wash|Volt Switch|p1a: Landorus-Therian
|-immune|p1a: Landorus-Therian|[msg]
|move|p1a: Landorus-Therian|U-turn|p2a: Rotom-Wash
|-damage|p2a: Rotom-Wash|114\/304 brn
|
|switch|p1a: Conkeldurr|Conkeldurr, F|329\/401
|
|-heal|p2a: Rotom-Wash|133\/304 brn|[from] item: Leftovers
|-damage|p2a: Rotom-Wash|95\/304 brn|[from] brn
|turn|51
|c|âMega-Luc|o
|
|move|p2a: Rotom-Wash|Volt Switch|p1a: Conkeldurr
|-damage|p1a: Conkeldurr|248\/401
|
|switch|p2a: Scizor|Scizor-Mega, M|196\/344
|move|p1a: Conkeldurr|Drain Punch|p2a: Scizor
|-damage|p2a: Scizor|103\/344
|-heal|p1a: Conkeldurr|295\/401|[from] drain|[of] p2a: Scizor
|
|turn|52
|
|switch|p1a: Clefable|Clefable, F|394\/394
|move|p2a: Scizor|Roost|p2a: Scizor
|-heal|p2a: Scizor|275\/344
|
|turn|53
|
|switch|p2a: Chansey|Chansey, F|496\/641
|move|p1a: Clefable|Flamethrower|p2a: Chansey
|-damage|p2a: Chansey|463\/641
|
|turn|54
|
|switch|p1a: Scizor|Scizor-Mega, F|277\/343
|move|p2a: Chansey|Stealth Rock|p1a: Scizor
|-sidestart|p1: Cunty Vibes|move: Stealth Rock
|
|turn|55
|
|switch|p2a: Scizor|Scizor-Mega, M|275\/344
|move|p1a: Scizor|Defog|p2a: Scizor
|-unboost|p2a: Scizor|evasion|1
|-sideend|p1: Cunty Vibes|Stealth Rock|[from] move: Defog|[of] p1a: Scizor
|
|turn|56
|
|switch|p1a: Landorus-Therian|Landorus-Therian, M|382\/382
|-ability|p1a: Landorus-Therian|Intimidate|[of] p2a: Scizor
|-unboost|p2a: Scizor|atk|1
|move|p2a: Scizor|Bullet Punch|p1a: Landorus-Therian
|-damage|p1a: Landorus-Therian|319\/382
|
|-heal|p1a: Landorus-Therian|342\/382|[from] item: Leftovers
|turn|57
|
|switch|p1a: Clefable|Clefable, F|394\/394
|move|p2a: Scizor|Swords Dance|p2a: Scizor
|-boost|p2a: Scizor|atk|2
|
|turn|58
|
|switch|p2a: Chansey|Chansey, F|463\/641
|move|p1a: Clefable|Flamethrower|p2a: Chansey
|-damage|p2a: Chansey|425\/641
|-status|p2a: Chansey|brn
|
|-damage|p2a: Chansey|345\/641 brn|[from] brn
|turn|59
|
|switch|p1a: Scizor|Scizor-Mega, F|277\/343
|move|p2a: Chansey|Soft-Boiled|p2a: Chansey
|-heal|p2a: Chansey|641\/641 brn
|
|-damage|p2a: Chansey|561\/641 brn|[from] brn
|turn|60
|
|switch|p1a: Landorus-Therian|Landorus-Therian, M|342\/382
|-ability|p1a: Landorus-Therian|Intimidate|[of] p2a: Chansey
|-unboost|p2a: Chansey|atk|1
|switch|p2a: Scizor|Scizor-Mega, M|275\/344
|
|-heal|p1a: Landorus-Therian|365\/382|[from] item: Leftovers
|turn|61
|
|switch|p1a: Clefable|Clefable, F|394\/394
|switch|p2a: Gliscor|Gliscor, F|310\/352 tox
|
|-heal|p2a: Gliscor|352\/352 tox|[from] ability: Poison Heal
|turn|62
|
|switch|p1a: Scizor|Scizor-Mega, F|277\/343
|move|p2a: Gliscor|Substitute|p2a: Gliscor
|-start|p2a: Gliscor|Substitute
|-damage|p2a: Gliscor|264\/352 tox
|
|-heal|p2a: Gliscor|308\/352 tox|[from] ability: Poison Heal
|turn|63
|
|switch|p1a: Landorus-Therian|Landorus-Therian, M|365\/382
|-activate|p2a: Gliscor|Substitute|ability: Intimidate|[of] p1a: Landorus-Therian
|move|p2a: Gliscor|Earthquake|p1a: Landorus-Therian
|-immune|p1a: Landorus-Therian|[msg]
|
|-heal|p1a: Landorus-Therian|382\/382|[from] item: Leftovers
|-heal|p2a: Gliscor|352\/352 tox|[from] ability: Poison Heal
|turn|64
|leave|Honchkrow Hate
|
|switch|p1a: Alomomola|Alomomola, F|429\/534 brn
|move|p2a: Gliscor|Toxic|p1a: Alomomola
|-fail|p1a: Alomomola
|
|-damage|p1a: Alomomola|363\/534 brn|[from] brn
|turn|65
|
|move|p2a: Gliscor|Earthquake|p1a: Alomomola
|-damage|p1a: Alomomola|260\/534 brn
|move|p1a: Alomomola|Wish|p1a: Alomomola
|
|-damage|p1a: Alomomola|194\/534 brn|[from] brn
|turn|66
|
|switch|p1a: Conkeldurr|Conkeldurr, F|295\/401
|move|p2a: Gliscor|Earthquake|p1a: Conkeldurr
|-damage|p1a: Conkeldurr|169\/401
|
|-heal|p1a: Conkeldurr|401\/401|[from] move: Wish|[wisher] Alomomola
|turn|67
|
|switch|p1a: Alomomola|Alomomola, F|372\/534 brn
|move|p2a: Gliscor|Toxic|p1a: Alomomola
|-fail|p1a: Alomomola
|
|-damage|p1a: Alomomola|306\/534 brn|[from] brn
|turn|68
|join|stevenz1289
|
|switch|p1a: Landorus-Therian|Landorus-Therian, M|382\/382
|-activate|p2a: Gliscor|Substitute|ability: Intimidate|[of] p1a: Landorus-Therian
|move|p2a: Gliscor|Earthquake|p1a: Landorus-Therian
|-immune|p1a: Landorus-Therian|[msg]
|
|turn|69
|
|switch|p1a: Scizor|Scizor-Mega, F|277\/343
|move|p2a: Gliscor|Toxic|p1a: Scizor
|-fail|p1a: Scizor
|
|turn|70
|join|Rasmer77
|
|move|p2a: Gliscor|Earthquake|p1a: Scizor
|-damage|p1a: Scizor|213\/343
|move|p1a: Scizor|Knock Off|p2a: Gliscor
|-activate|p2a: Gliscor|Substitute|[damage]
|
|turn|71
|
|switch|p2a: Scizor|Scizor-Mega, M|275\/344
|move|p1a: Scizor|Bullet Punch|p2a: Scizor
|-resisted|p2a: Scizor
|-damage|p2a: Scizor|245\/344
|
|turn|72
|
|switch|p1a: Alomomola|Alomomola, F|484\/534 brn
|move|p2a: Scizor|Bullet Punch|p1a: Alomomola
|-resisted|p1a: Alomomola
|-damage|p1a: Alomomola|439\/534 brn
|-damage|p2a: Scizor|188\/344|[from] item: Rocky Helmet|[of] p1a: Alomomola
|
|-damage|p1a: Alomomola|373\/534 brn|[from] brn
|turn|73
|
|switch|p2a: Rotom-Wash|Rotom-Wash|95\/304 brn
|move|p1a: Alomomola|Scald|p2a: Rotom-Wash
|-resisted|p2a: Rotom-Wash
|-damage|p2a: Rotom-Wash|71\/304 brn
|
|-heal|p2a: Rotom-Wash|90\/304 brn|[from] item: Leftovers
|-damage|p2a: Rotom-Wash|52\/304 brn|[from] brn
|-damage|p1a: Alomomola|307\/534 brn|[from] brn
|turn|74
|
|switch|p1a: Scizor|Scizor-Mega, F|213\/343
|move|p2a: Rotom-Wash|Pain Split|p1a: Scizor
|-sethp|p1a: Scizor|132\/343|p2a: Rotom-Wash|132\/304 brn|[from] move: Pain Split
|
|-heal|p2a: Rotom-Wash|151\/304 brn|[from] item: Leftovers
|-damage|p2a: Rotom-Wash|113\/304 brn|[from] brn
|turn|75
|
|switch|p1a: Conkeldurr|Conkeldurr, F|401\/401
|move|p2a: Rotom-Wash|Volt Switch|p1a: Conkeldurr
|-damage|p1a: Conkeldurr|323\/401
|
|switch|p2a: Scizor|Scizor-Mega, M|188\/344
|
|turn|76
|
|switch|p1a: Alomomola|Alomomola, F|485\/534 brn
|move|p2a: Scizor|Bullet Punch|p1a: Alomomola
|-resisted|p1a: Alomomola
|-damage|p1a: Alomomola|437\/534 brn
|-damage|p2a: Scizor|131\/344|[from] item: Rocky Helmet|[of] p1a: Alomomola
|
|-damage|p1a: Alomomola|371\/534 brn|[from] brn
|turn|77
|
|switch|p2a: Rotom-Wash|Rotom-Wash|113\/304 brn
|move|p1a: Alomomola|Wish|p1a: Alomomola
|
|-heal|p2a: Rotom-Wash|132\/304 brn|[from] item: Leftovers
|-damage|p2a: Rotom-Wash|94\/304 brn|[from] brn
|-damage|p1a: Alomomola|305\/534 brn|[from] brn
|turn|78
|
|switch|p1a: Conkeldurr|Conkeldurr, F|323\/401
|move|p2a: Rotom-Wash|Volt Switch|p1a: Conkeldurr
|-damage|p1a: Conkeldurr|250\/401
|
|switch|p2a: Scizor|Scizor-Mega, M|131\/344
|
|-heal|p1a: Conkeldurr|401\/401|[from] move: Wish|[wisher] Alomomola
|turn|79
|
|switch|p1a: Scizor|Scizor-Mega, F|132\/343
|move|p2a: Scizor|Roost|p2a: Scizor
|-heal|p2a: Scizor|303\/344
|
|turn|80
|
|move|p2a: Scizor|Swords Dance|p2a: Scizor
|-boost|p2a: Scizor|atk|2
|move|p1a: Scizor|Roost|p1a: Scizor
|-heal|p1a: Scizor|304\/343
|
|turn|81
|
|switch|p1a: Alomomola|Alomomola, F|483\/534 brn
|move|p2a: Scizor|Bullet Punch|p1a: Alomomola
|-resisted|p1a: Alomomola
|-damage|p1a: Alomomola|395\/534 brn
|-damage|p2a: Scizor|246\/344|[from] item: Rocky Helmet|[of] p1a: Alomomola
|
|-damage|p1a: Alomomola|329\/534 brn|[from] brn
|turn|82
|
|switch|p1a: Clefable|Clefable, F|394\/394
|move|p2a: Scizor|Bullet Punch|p1a: Clefable
|-supereffective|p1a: Clefable
|-damage|p1a: Clefable|188\/394
|
|turn|83
|
|switch|p1a: Alomomola|Alomomola, F|507\/534 brn
|move|p2a: Scizor|Knock Off|p1a: Alomomola
|-crit|p1a: Alomomola
|-damage|p1a: Alomomola|204\/534 brn
|-damage|p2a: Scizor|189\/344|[from] item: Rocky Helmet|[of] p1a: Alomomola
|-enditem|p1a: Alomomola|Rocky Helmet|[from] move: Knock Off|[of] p2a: Scizor
|
|-damage|p1a: Alomomola|138\/534 brn|[from] brn
|turn|84
|
|switch|p1a: Landorus-Therian|Landorus-Therian, M|382\/382
|-ability|p1a: Landorus-Therian|Intimidate|[of] p2a: Scizor
|-unboost|p2a: Scizor|atk|1
|move|p2a: Scizor|Knock Off|p1a: Landorus-Therian
|-damage|p1a: Landorus-Therian|251\/382
|-enditem|p1a: Landorus-Therian|Leftovers|[from] move: Knock Off|[of] p2a: Scizor
|
|turn|85
|
|move|p1a: Landorus-Therian|Earthquake|p2a: Scizor
|-damage|p2a: Scizor|77\/344
|move|p2a: Scizor|Roost|p2a: Scizor
|-heal|p2a: Scizor|249\/344
|
|turn|86
|
|move|p1a: Landorus-Therian|Earthquake|p2a: Scizor
|-damage|p2a: Scizor|144\/344
|move|p2a: Scizor|Swords Dance|p2a: Scizor
|-boost|p2a: Scizor|atk|2
|
|turn|87
|
|move|p1a: Landorus-Therian|U-turn|p2a: Scizor
|-resisted|p2a: Scizor
|-damage|p2a: Scizor|120\/344
|
|switch|p1a: Scizor|Scizor-Mega, F|304\/343
|move|p2a: Scizor|Roost|p2a: Scizor
|-heal|p2a: Scizor|292\/344
|
|turn|88
|
|move|p2a: Scizor|Swords Dance|p2a: Scizor
|-boost|p2a: Scizor|atk|2
|move|p1a: Scizor|Knock Off|p2a: Scizor
|-damage|p2a: Scizor|249\/344
|
|turn|89
|
|move|p2a: Scizor|Swords Dance|p2a: Scizor
|-boost|p2a: Scizor|atk|2
|move|p1a: Scizor|Roost|p1a: Scizor
|-heal|p1a: Scizor|343\/343
|
|turn|90
|
|move|p2a: Scizor|Roost|p2a: Scizor
|-heal|p2a: Scizor|344\/344
|move|p1a: Scizor|Roost|p1a: Scizor
|-fail|p1a: Scizor
|
|turn|91
|
|move|p2a: Scizor|Knock Off|p1a: Scizor
|-damage|p1a: Scizor|147\/343
|move|p1a: Scizor|Roost|p1a: Scizor
|-heal|p1a: Scizor|319\/343
|
|turn|92
|
|move|p2a: Scizor|Knock Off|p1a: Scizor
|-damage|p1a: Scizor|149\/343
|move|p1a: Scizor|Roost|p1a: Scizor
|-heal|p1a: Scizor|321\/343
|
|turn|93
|
|switch|p1a: Clefable|Clefable, F|188\/394
|move|p2a: Scizor|Knock Off|p1a: Clefable
|-resisted|p1a: Clefable
|-damage|p1a: Clefable|133\/394
|-enditem|p1a: Clefable|Choice Scarf|[from] move: Knock Off|[of] p2a: Scizor
|
|turn|94
|
|switch|p1a: Alomomola|Alomomola, F|316\/534 brn
|move|p2a: Scizor|Bullet Punch|p1a: Alomomola
|-resisted|p1a: Alomomola
|-damage|p1a: Alomomola|116\/534 brn
|
|-damage|p1a: Alomomola|50\/534 brn|[from] brn
|turn|95
|
|move|p2a: Scizor|Knock Off|p1a: Alomomola
|-damage|p1a: Alomomola|0 fnt
|faint|p1a: Alomomola
|
|
|switch|p1a: Scizor|Scizor-Mega, F|321\/343
|turn|96
|
|move|p2a: Scizor|Bullet Punch|p1a: Scizor
|-resisted|p1a: Scizor
|-damage|p1a: Scizor|195\/343
|move|p1a: Scizor|Roost|p1a: Scizor
|-heal|p1a: Scizor|343\/343
|
|turn|97
|join|skielark
|join|orlando57
|leave|skielark
|-message|Cunty Vibes forfeited.
|
|win|Mega-Luc
|raw|Ladder updating...
|raw|Cunty Vibes's rating: 1860 &rarr; <strong>1836<\/strong><br \/>(-24 for losing)
|raw|Mega-Luc's rating: 1793 &rarr; <strong>1817<\/strong><br \/>(+24 for winning)
|leave|Cunty Vibes
|player|p1