|join|Crowleone
|join|Cunty Vibes
|player|p1|Crowleone|2
|player|p2|Cunty Vibes|185
|gametype|singles
|gen|6
|tier|OU
|rated
|clearpoke
|poke|p1|Manectric, F
|poke|p1|Landorus-Therian, M
|poke|p1|Machamp, F
|poke|p1|Gothitelle, M
|poke|p1|Azumarill, M
|poke|p1|Bisharp, F
|poke|p2|Clefable, M
|poke|p2|Conkeldurr, M
|poke|p2|Landorus-Therian, M
|poke|p2|Chansey, F
|poke|p2|Scizor, M
|poke|p2|Alomomola, F
|rule|Swagger Clause: Swagger is banned
|rule|Baton Pass Clause: Limit one PokÃ©mon knowing Baton Pass
|rule|Sleep Clause Mod: Limit one foe put to sleep
|rule|Species Clause: Limit one of each PokÃ©mon
|rule|OHKO Clause: OHKO moves are banned
|rule|Moody Clause: Moody is banned
|rule|Evasion Moves Clause: Evasion moves are banned
|rule|Endless Battle Clause: Forcing endless battles is banned
|rule|HP Percentage Mod: HP is shown in percentages
|teampreview
|
|start
|switch|p1a: Manectric|Manectric, F|281\/281
|switch|p2a: Conkeldurr|Conkeldurr, M|401\/401
|turn|1
|
|detailschange|p1a: Manectric|Manectric-Mega, F
|message|Manectric has Mega Evolved into Mega Manectric!
|-ability|p1a: Manectric|Intimidate|[of] p2a: Conkeldurr
|-unboost|p2a: Conkeldurr|atk|1
|move|p1a: Manectric|Volt Switch|p2a: Conkeldurr
|-damage|p2a: Conkeldurr|281\/401
|
|switch|p1a: Azumarill|Azumarill, M|403\/403
|move|p2a: Conkeldurr|Knock Off|p1a: Azumarill
|-resisted|p1a: Azumarill
|-damage|p1a: Azumarill|347\/403
|-enditem|p1a: Azumarill|Assault Vest|[from] move: Knock Off|[of] p2a: Conkeldurr
|
|turn|2
|
|switch|p2a: Scizor|Scizor, M|343\/343
|move|p1a: Azumarill|Knock Off|p2a: Scizor
|-damage|p2a: Scizor|277\/343
|
|turn|3
|
|switch|p1a: Landorus-Therian|Landorus-Therian, M|381\/381
|-ability|p1a: Landorus-Therian|Intimidate|[of] p2a: Scizor
|-unboost|p2a: Scizor|atk|1
|detailschange|p2a: Scizor|Scizor-Mega, M
|message|Scizor has Mega Evolved into Mega Scizor!
|move|p2a: Scizor|Knock Off|p1a: Landorus-Therian
|-damage|p1a: Landorus-Therian|318\/381
|-enditem|p1a: Landorus-Therian|Leftovers|[from] move: Knock Off|[of] p2a: Scizor
|
|turn|4
|
|move|p2a: Scizor|Bullet Punch|p1a: Landorus-Therian
|-damage|p1a: Landorus-Therian|266\/381
|move|p1a: Landorus-Therian|Stealth Rock|p2a: Scizor
|-sidestart|p2: Cunty Vibes|move: Stealth Rock
|
|turn|5
|
|move|p1a: Landorus-Therian|U-turn|p2a: Scizor
|-resisted|p2a: Scizor
|-damage|p2a: Scizor|251\/343
|
|switch|p1a: Manectric|Manectric-Mega, F|281\/281
|-ability|p1a: Manectric|Intimidate|[of] p2a: Scizor
|-unboost|p2a: Scizor|atk|1
|move|p2a: Scizor|Defog|p1a: Manectric
|-unboost|p1a: Manectric|evasion|1
|-sideend|p2: Cunty Vibes|Stealth Rock|[from] move: Defog|[of] p2a: Scizor
|
|turn|6
|
|switch|p2a: Landorus-Therian|Landorus-Therian, M|382\/382
|-ability|p2a: Landorus-Therian|Intimidate|[of] p1a: Manectric
|-unboost|p1a: Manectric|atk|1
|move|p1a: Manectric|Volt Switch|p2a: Landorus-Therian
|-immune|p2a: Landorus-Therian|[msg]
|
|turn|7
|
|switch|p1a: Landorus-Therian|Landorus-Therian, M|266\/381
|-ability|p1a: Landorus-Therian|Intimidate|[of] p2a: Landorus-Therian
|-unboost|p2a: Landorus-Therian|atk|1
|switch|p2a: Conkeldurr|Conkeldurr, M|281\/401
|
|turn|8
|
|move|p1a: Landorus-Therian|U-turn|p2a: Conkeldurr
|-resisted|p2a: Conkeldurr
|-damage|p2a: Conkeldurr|235\/401
|
|switch|p1a: Azumarill|Azumarill, M|347\/403
|move|p2a: Conkeldurr|Ice Punch|p1a: Azumarill
|-resisted|p1a: Azumarill
|-damage|p1a: Azumarill|288\/403
|
|turn|9
|
|switch|p2a: Alomomola|Alomomola, F|534\/534
|move|p1a: Azumarill|Waterfall|p2a: Alomomola
|-resisted|p2a: Alomomola
|-damage|p2a: Alomomola|463\/534
|-damage|p1a: Azumarill|221\/403|[from] item: Rocky Helmet|[of] p2a: Alomomola
|
|turn|10
|
|switch|p2a: Scizor|Scizor-Mega, M|251\/343
|switch|p1a: Gothitelle|Gothitelle, M|299\/299
|
|turn|11
|
|switch|p1a: Landorus-Therian|Landorus-Therian, M|266\/381
|-ability|p1a: Landorus-Therian|Intimidate|[of] p2a: Scizor
|-unboost|p2a: Scizor|atk|1
|move|p2a: Scizor|Knock Off|p1a: Landorus-Therian
|-damage|p1a: Landorus-Therian|226\/381
|
|turn|12
|
|move|p1a: Landorus-Therian|Earthquake|p2a: Scizor
|-crit|p2a: Scizor
|-damage|p2a: Scizor|97\/343
|move|p2a: Scizor|Roost|p2a: Scizor
|-heal|p2a: Scizor|269\/343
|
|turn|13
|
|move|p1a: Landorus-Therian|Stealth Rock|p2a: Scizor
|-sidestart|p2: Cunty Vibes|move: Stealth Rock
|move|p2a: Scizor|Roost|p2a: Scizor
|-heal|p2a: Scizor|343\/343
|
|turn|14
|
|switch|p1a: Bisharp|Bisharp, F|271\/271
|move|p2a: Scizor|Knock Off|p1a: Bisharp
|-resisted|p1a: Bisharp
|-damage|p1a: Bisharp|238\/271
|-enditem|p1a: Bisharp|Choice Scarf|[from] move: Knock Off|[of] p2a: Scizor
|
|turn|15
|
|move|p2a: Scizor|Bullet Punch|p1a: Bisharp
|-resisted|p1a: Bisharp
|-damage|p1a: Bisharp|202\/271
|move|p1a: Bisharp|Knock Off|p2a: Scizor
|-damage|p2a: Scizor|280\/343
|
|turn|16
|
|switch|p1a: Landorus-Therian|Landorus-Therian, M|226\/381
|-ability|p1a: Landorus-Therian|Intimidate|[of] p2a: Scizor
|-unboost|p2a: Scizor|atk|1
|move|p2a: Scizor|Bullet Punch|p1a: Landorus-Therian
|-damage|p1a: Landorus-Therian|186\/381
|
|turn|17
|
|move|p1a: Landorus-Therian|U-turn|p2a: Scizor
|-resisted|p2a: Scizor
|-damage|p2a: Scizor|257\/343
|
|switch|p1a: Bisharp|Bisharp, F|202\/271
|move|p2a: Scizor|Defog|p1a: Bisharp
|-unboost|p1a: Bisharp|evasion|1
|-boost|p1a: Bisharp|atk|2|[from] ability: Defiant
|-sideend|p2: Cunty Vibes|Stealth Rock|[from] move: Defog|[of] p2a: Scizor
|
|turn|18
|
|move|p1a: Bisharp|Knock Off|p2a: Scizor
|-crit|p2a: Scizor
|-damage|p2a: Scizor|70\/343
|move|p2a: Scizor|Roost|p2a: Scizor
|-heal|p2a: Scizor|242\/343
|
|turn|19
|
|move|p1a: Bisharp|Knock Off|p2a: Scizor
|-damage|p2a: Scizor|112\/343
|move|p2a: Scizor|Roost|p2a: Scizor
|-heal|p2a: Scizor|284\/343
|
|turn|20
|
|switch|p2a: Clefable|Clefable, M|394\/394
|move|p1a: Bisharp|Knock Off|p2a: Clefable
|-resisted|p2a: Clefable
|-damage|p2a: Clefable|321\/394
|-enditem|p2a: Clefable|Leftovers|[from] move: Knock Off|[of] p1a: Bisharp
|
|turn|21
|
|move|p1a: Bisharp|Iron Head|p2a: Clefable
|-supereffective|p2a: Clefable
|-damage|p2a: Clefable|81\/394
|move|p2a: Clefable|Flamethrower|p1a: Bisharp
|-supereffective|p1a: Bisharp
|-damage|p1a: Bisharp|26\/271
|
|turn|22
|
|switch|p2a: Alomomola|Alomomola, F|534\/534
|move|p1a: Bisharp|Iron Head|p2a: Alomomola
|-resisted|p2a: Alomomola
|-damage|p2a: Alomomola|410\/534
|-damage|p1a: Bisharp|0 fnt|[from] item: Rocky Helmet|[of] p2a: Alomomola
|faint|p1a: Bisharp
|
|
|switch|p1a: Gothitelle|Gothitelle, M|299\/299
|turn|23
|
|move|p1a: Gothitelle|Energy Ball|p2a: Alomomola
|-supereffective|p2a: Alomomola
|-damage|p2a: Alomomola|0 fnt
|faint|p2a: Alomomola
|
|
|switch|p2a: Scizor|Scizor-Mega, M|284\/343
|turn|24
|
|switch|p1a: Landorus-Therian|Landorus-Therian, M|186\/381
|-ability|p1a: Landorus-Therian|Intimidate|[of] p2a: Scizor
|-unboost|p2a: Scizor|atk|1
|move|p2a: Scizor|Knock Off|p1a: Landorus-Therian
|-damage|p1a: Landorus-Therian|142\/381
|
|turn|25
|
|move|p2a: Scizor|Bullet Punch|p1a: Landorus-Therian
|-damage|p1a: Landorus-Therian|84\/381
|move|p1a: Landorus-Therian|U-turn|p2a: Scizor
|-resisted|p2a: Scizor
|-damage|p2a: Scizor|261\/343
|
|switch|p1a: Manectric|Manectric-Mega, F|281\/281
|-ability|p1a: Manectric|Intimidate|[of] p2a: Scizor
|-unboost|p2a: Scizor|atk|1
|
|turn|26
|
|switch|p2a: Landorus-Therian|Landorus-Therian, M|382\/382
|-ability|p2a: Landorus-Therian|Intimidate|[of] p1a: Manectric
|-unboost|p1a: Manectric|atk|1
|move|p1a: Manectric|Volt Switch|p2a: Landorus-Therian
|-immune|p2a: Landorus-Therian|[msg]
|
|turn|27
|
|move|p1a: Manectric|Hidden Power|p2a: Landorus-Therian
|-supereffective|p2a: Landorus-Therian
|-damage|p2a: Landorus-Therian|2\/382
|move|p2a: Landorus-Therian|Stealth Rock|p1a: Manectric
|-sidestart|p1: Crowleone|move: Stealth Rock
|
|-heal|p2a: Landorus-Therian|25\/382|[from] item: Leftovers
|turn|28
|
|move|p1a: Manectric|Flamethrower|p2a: Landorus-Therian
|-damage|p2a: Landorus-Therian|0 fnt
|faint|p2a: Landorus-Therian
|
|
|switch|p2a: Conkeldurr|Conkeldurr, M|235\/401
|turn|29
|
|move|p1a: Manectric|Volt Switch|p2a: Conkeldurr
|-damage|p2a: Conkeldurr|124\/401
|
|switch|p1a: Gothitelle|Gothitelle, M|299\/299
|-damage|p1a: Gothitelle|262\/299|[from] Stealth Rock
|move|p2a: Conkeldurr|Drain Punch|p1a: Gothitelle
|-resisted|p1a: Gothitelle
|-damage|p1a: Gothitelle|184\/299
|-heal|p2a: Conkeldurr|163\/401|[from] drain|[of] p1a: Gothitelle
|
|turn|30
|
|move|p2a: Conkeldurr|Mach Punch|p1a: Gothitelle
|-resisted|p1a: Gothitelle
|-damage|p1a: Gothitelle|142\/299
|move|p1a: Gothitelle|Psychic|p2a: Conkeldurr
|-supereffective|p2a: Conkeldurr
|-damage|p2a: Conkeldurr|0 fnt
|faint|p2a: Conkeldurr
|
|
|switch|p2a: Chansey|Chansey, F|704\/704
|turn|31
|
|switch|p1a: Machamp|Machamp, F|369\/369
|-damage|p1a: Machamp|346\/369|[from] Stealth Rock
|move|p2a: Chansey|Seismic Toss|p1a: Machamp
|-damage|p1a: Machamp|246\/369
|
|-heal|p1a: Machamp|269\/369|[from] item: Leftovers
|turn|32
|
|switch|p2a: Scizor|Scizor-Mega, M|261\/343
|move|p1a: Machamp|Dynamic Punch|p2a: Scizor
|-damage|p2a: Scizor|146\/343
|-start|p2a: Scizor|confusion
|
|-heal|p1a: Machamp|292\/369|[from] item: Leftovers
|turn|33
|
|-activate|p2a: Scizor|confusion
|move|p2a: Scizor|Roost|p2a: Scizor
|-heal|p2a: Scizor|318\/343
|move|p1a: Machamp|Dynamic Punch|p2a: Scizor
|-damage|p2a: Scizor|210\/343
|
|-heal|p1a: Machamp|315\/369|[from] item: Leftovers
|turn|34
|
|-activate|p2a: Scizor|confusion
|move|p2a: Scizor|Knock Off|p1a: Machamp
|-resisted|p1a: Machamp
|-damage|p1a: Machamp|253\/369
|-enditem|p1a: Machamp|Leftovers|[from] move: Knock Off|[of] p2a: Scizor
|move|p1a: Machamp|Dynamic Punch|p2a: Scizor
|-damage|p2a: Scizor|105\/343
|
|turn|35
|
|-activate|p2a: Scizor|confusion
|-damage|p2a: Scizor|68\/343|[from] confusion
|move|p1a: Machamp|Dynamic Punch|p2a: Scizor
|-damage|p2a: Scizor|0 fnt
|faint|p2a: Scizor
|
|
|switch|p2a: Clefable|Clefable, M|81\/394
|turn|36
|
|switch|p1a: Gothitelle|Gothitelle, M|142\/299
|-damage|p1a: Gothitelle|105\/299|[from] Stealth Rock
|move|p2a: Clefable|Moonlight|p2a: Clefable
|-heal|p2a: Clefable|278\/394
|
|turn|37
|
|move|p1a: Gothitelle|Psychic|p2a: Clefable
|-damage|p2a: Clefable|53\/394
|move|p2a: Clefable|Moonblast|p1a: Gothitelle
|-crit|p1a: Gothitelle
|-damage|p1a: Gothitelle|0 fnt
|faint|p1a: Gothitelle
|
|
|switch|p1a: Manectric|Manectric-Mega, F|281\/281
|-damage|p1a: Manectric|246\/281|[from] Stealth Rock
|-ability|p1a: Manectric|Intimidate|[of] p2a: Clefable
|-unboost|p2a: Clefable|atk|1
|turn|38
|
|switch|p2a: Chansey|Chansey, F|704\/704
|move|p1a: Manectric|Volt Switch|p2a: Chansey
|-damage|p2a: Chansey|623\/704
|
|switch|p1a: Machamp|Machamp, F|253\/369
|-damage|p1a: Machamp|230\/369|[from] Stealth Rock
|
|turn|39
|
|move|p1a: Machamp|Dynamic Punch|p2a: Chansey
|-supereffective|p2a: Chansey
|-damage|p2a: Chansey|75\/704
|-start|p2a: Chansey|confusion
|-activate|p2a: Chansey|confusion
|move|p2a: Chansey|Wish|p2a: Chansey
|
|turn|40
|
|-activate|p2a: Chansey|confusion
|move|p2a: Chansey|Protect|p2a: Chansey
|-singleturn|p2a: Chansey|Protect
|move|p1a: Machamp|Dynamic Punch|p2a: Chansey
|-activate|p2a: Chansey|Protect
|
|-heal|p2a: Chansey|427\/704|[from] move: Wish|[wisher] Chansey
|turn|41
|
|-activate|p2a: Chansey|confusion
|move|p2a: Chansey|Protect|p2a: Chansey
|-singleturn|p2a: Chansey|Protect
|move|p1a: Machamp|Dynamic Punch|p2a: Chansey
|-activate|p2a: Chansey|Protect
|
|turn|42
|
|-activate|p2a: Chansey|confusion
|-damage|p2a: Chansey|424\/704|[from] confusion
|move|p1a: Machamp|Dynamic Punch|p2a: Chansey
|-supereffective|p2a: Chansey
|-damage|p2a: Chansey|0 fnt
|faint|p2a: Chansey
|
|
|switch|p2a: Clefable|Clefable, M|53\/394
|turn|43
|
|move|p1a: Machamp|Ice Punch|p2a: Clefable
|-damage|p2a: Clefable|0 fnt
|faint|p2a: Clefable
|
|win|Crowleone
|raw|Ladder updating...
|raw|Crowleone's rating: 1799 &rarr; <strong>1824<\/strong><br \/>(+25 for winning)
|raw|Cunty Vibes's rating: 1897 &rarr; <strong>1872<\/strong><br \/>(-25 for losing)
|leave|Cunty Vibes
|player|p2