|join|Cunty Vibes
|join|jake5alt2
|player|p1|Cunty Vibes|185
|player|p2|jake5alt2|1
|gametype|singles
|gen|6
|tier|OU
|rated
|clearpoke
|poke|p1|Clefable, F
|poke|p1|Conkeldurr, M
|poke|p1|Landorus-Therian, M
|poke|p1|Chansey, F
|poke|p1|Scizor, F
|poke|p1|Alomomola, F
|poke|p2|Medicham, M, shiny
|poke|p2|Manaphy, shiny
|poke|p2|Bisharp, F, shiny
|poke|p2|Landorus-Therian, M, shiny
|poke|p2|Latios, M, shiny
|poke|p2|Clefable, M, shiny
|rule|Swagger Clause: Swagger is banned
|rule|Baton Pass Clause: Limit one PokÃ©mon knowing Baton Pass
|rule|Sleep Clause Mod: Limit one foe put to sleep
|rule|Species Clause: Limit one of each PokÃ©mon
|rule|OHKO Clause: OHKO moves are banned
|rule|Moody Clause: Moody is banned
|rule|Evasion Moves Clause: Evasion moves are banned
|rule|Endless Battle Clause: Forcing endless battles is banned
|rule|HP Percentage Mod: HP is shown in percentages
|teampreview
|
|start
|switch|p1a: Alomomola|Alomomola, F|534\/534
|switch|p2a: Bisharp|Bisharp, F, shiny|272\/272
|turn|1
|
|move|p2a: Bisharp|Stealth Rock|p1a: Alomomola
|-sidestart|p1: Cunty Vibes|move: Stealth Rock
|move|p1a: Alomomola|Scald|p2a: Bisharp
|-damage|p2a: Bisharp|208\/272
|
|turn|2
|
|move|p2a: Bisharp|Knock Off|p1a: Alomomola
|-damage|p1a: Alomomola|395\/534
|-damage|p2a: Bisharp|163\/272|[from] item: Rocky Helmet|[of] p1a: Alomomola
|-enditem|p1a: Alomomola|Rocky Helmet|[from] move: Knock Off|[of] p2a: Bisharp
|move|p1a: Alomomola|Toxic|p2a: Bisharp|[miss]
|-miss|p1a: Alomomola|p2a: Bisharp
|
|turn|3
|join|Funnelby
|
|switch|p2a: Manaphy|Manaphy, shiny|382\/382
|move|p1a: Alomomola|Wish|p1a: Alomomola
|
|turn|4
|
|switch|p1a: Clefable|Clefable, F|394\/394
|-damage|p1a: Clefable|345\/394|[from] Stealth Rock
|move|p2a: Manaphy|Tail Glow|p2a: Manaphy
|-boost|p2a: Manaphy|spa|3
|
|-heal|p1a: Clefable|394\/394|[from] move: Wish|[wisher] Alomomola
|turn|5
|join|plz ban the ghost
|join|Highest Threat
|
|switch|p2a: Bisharp|Bisharp, F, shiny|163\/272
|move|p1a: Clefable|Calm Mind|p1a: Clefable
|-boost|p1a: Clefable|spa|1
|-boost|p1a: Clefable|spd|1
|
|turn|6
|
|switch|p1a: Scizor|Scizor, F|343\/343
|-damage|p1a: Scizor|301\/343|[from] Stealth Rock
|move|p2a: Bisharp|Iron Head|p1a: Scizor
|-resisted|p1a: Scizor
|-damage|p1a: Scizor|252\/343
|
|turn|7
|
|switch|p2a: Manaphy|Manaphy, shiny|382\/382
|detailschange|p1a: Scizor|Scizor-Mega, F
|message|Scizor has Mega Evolved into Mega Scizor!
|move|p1a: Scizor|Knock Off|p2a: Manaphy
|-damage|p2a: Manaphy|286\/382
|-enditem|p2a: Manaphy|Leftovers|[from] move: Knock Off|[of] p1a: Scizor
|
|turn|8
|
|switch|p2a: Bisharp|Bisharp, F, shiny|163\/272
|move|p1a: Scizor|Defog|p2a: Bisharp
|-unboost|p2a: Bisharp|evasion|1
|-boost|p2a: Bisharp|atk|2|[from] ability: Defiant
|-sideend|p1: Cunty Vibes|Stealth Rock|[from] move: Defog|[of] p1a: Scizor
|
|turn|9
|
|switch|p1a: Alomomola|Alomomola, F|534\/534
|move|p2a: Bisharp|Stealth Rock|p1a: Alomomola
|-sidestart|p1: Cunty Vibes|move: Stealth Rock
|
|turn|10
|
|move|p2a: Bisharp|Knock Off|p1a: Alomomola
|-damage|p1a: Alomomola|329\/534
|move|p1a: Alomomola|Scald|p2a: Bisharp
|-damage|p2a: Bisharp|102\/272
|-status|p2a: Bisharp|brn
|
|-damage|p2a: Bisharp|68\/272 brn|[from] brn
|turn|11
|
|move|p2a: Bisharp|Knock Off|p1a: Alomomola
|-crit|p1a: Alomomola
|-damage|p1a: Alomomola|178\/534
|move|p1a: Alomomola|Wish|p1a: Alomomola
|
|-damage|p2a: Bisharp|34\/272 brn|[from] brn
|turn|12
|
|switch|p2a: Medicham|Medicham, M, shiny|262\/262
|switch|p1a: Scizor|Scizor-Mega, F|252\/343
|-damage|p1a: Scizor|210\/343|[from] Stealth Rock
|
|-heal|p1a: Scizor|343\/343|[from] move: Wish|[wisher] Alomomola
|turn|13
|
|detailschange|p2a: Medicham|Medicham-Mega, M, shiny
|message|Medicham has Mega Evolved into Mega Medicham!
|move|p2a: Medicham|High Jump Kick|p1a: Scizor
|-damage|p1a: Scizor|142\/343
|move|p1a: Scizor|Defog|p2a: Medicham
|-unboost|p2a: Medicham|evasion|1
|-sideend|p1: Cunty Vibes|Stealth Rock|[from] move: Defog|[of] p1a: Scizor
|
|turn|14
|
|switch|p1a: Landorus-Therian|Landorus-Therian, M|382\/382
|-ability|p1a: Landorus-Therian|Intimidate|[of] p2a: Medicham
|-unboost|p2a: Medicham|atk|1
|move|p2a: Medicham|High Jump Kick|p1a: Landorus-Therian|[miss]
|-miss|p2a: Medicham|p1a: Landorus-Therian
|-damage|p2a: Medicham|131\/262|[from] highjumpkick
|
|turn|15
|
|switch|p2a: Bisharp|Bisharp, F, shiny|34\/272 brn
|switch|p1a: Alomomola|Alomomola, F|356\/534
|
|-damage|p2a: Bisharp|0 fnt|[from] brn
|faint|p2a: Bisharp
|
|switch|p2a: Manaphy|Manaphy, shiny|286\/382
|turn|16
|
|switch|p1a: Clefable|Clefable, F|394\/394
|move|p2a: Manaphy|Tail Glow|p2a: Manaphy
|-boost|p2a: Manaphy|spa|3
|
|turn|17
|
|move|p2a: Manaphy|Rain Dance|p2a: Manaphy
|-weather|RainDance
|move|p1a: Clefable|Calm Mind|p1a: Clefable
|-boost|p1a: Clefable|spa|1
|-boost|p1a: Clefable|spd|1
|
|-weather|RainDance|[upkeep]
|turn|18
|
|move|p2a: Manaphy|Scald|p1a: Clefable
|-damage|p1a: Clefable|286\/394
|move|p1a: Clefable|Moonblast|p2a: Manaphy
|-damage|p2a: Manaphy|157\/382
|
|-weather|RainDance|[upkeep]
|-heal|p1a: Clefable|310\/394|[from] item: Leftovers
|turn|19
|
|move|p2a: Manaphy|Scald|p1a: Clefable
|-damage|p1a: Clefable|207\/394
|-status|p1a: Clefable|brn
|move|p1a: Clefable|Moonblast|p2a: Manaphy
|-damage|p2a: Manaphy|39\/382
|
|-weather|RainDance|[upkeep]
|-heal|p1a: Clefable|231\/394 brn|[from] item: Leftovers
|-damage|p1a: Clefable|182\/394 brn|[from] brn
|turn|20
|
|move|p2a: Manaphy|Scald|p1a: Clefable
|-crit|p1a: Clefable
|-damage|p1a: Clefable|0 fnt
|faint|p1a: Clefable
|
|-weather|RainDance|[upkeep]
|
|switch|p1a: Conkeldurr|Conkeldurr, M|401\/401
|turn|21
|
|move|p1a: Conkeldurr|Mach Punch|p2a: Manaphy
|-damage|p2a: Manaphy|0 fnt
|faint|p2a: Manaphy
|
|-weather|none
|
|switch|p2a: Medicham|Medicham-Mega, M, shiny|131\/262
|turn|22
|
|switch|p1a: Alomomola|Alomomola, F|534\/534
|move|p2a: Medicham|Zen Headbutt|p1a: Alomomola
|-damage|p1a: Alomomola|321\/534
|
|turn|23
|
|switch|p1a: Landorus-Therian|Landorus-Therian, M|382\/382
|-ability|p1a: Landorus-Therian|Intimidate|[of] p2a: Medicham
|-unboost|p2a: Medicham|atk|1
|move|p2a: Medicham|Substitute|p2a: Medicham
|-start|p2a: Medicham|Substitute
|-damage|p2a: Medicham|66\/262
|
|turn|24
|
|move|p2a: Medicham|High Jump Kick|p1a: Landorus-Therian
|-resisted|p1a: Landorus-Therian
|-damage|p1a: Landorus-Therian|289\/382
|move|p1a: Landorus-Therian|Stealth Rock|p2a: Medicham
|-sidestart|p2: jake5alt2|move: Stealth Rock
|
|-heal|p1a: Landorus-Therian|312\/382|[from] item: Leftovers
|turn|25
|join|I'm Cancer
|
|move|p2a: Medicham|Ice Punch|p1a: Landorus-Therian
|-supereffective|p1a: Landorus-Therian
|-damage|p1a: Landorus-Therian|12\/382
|move|p1a: Landorus-Therian|U-turn|p2a: Medicham
|-end|p2a: Medicham|Substitute
|
|switch|p1a: Alomomola|Alomomola, F|499\/534
|
|turn|26
|
|switch|p2a: Clefable|Clefable, M, shiny|394\/394
|move|p1a: Alomomola|Scald|p2a: Clefable
|-damage|p2a: Clefable|345\/394
|
|turn|27
|
|move|p1a: Alomomola|Wish|p1a: Alomomola
|move|p2a: Clefable|Flamethrower|p1a: Alomomola
|-resisted|p1a: Alomomola
|-damage|p1a: Alomomola|424\/534
|
|turn|28
|
|move|p2a: Clefable|Flamethrower|p1a: Alomomola
|-resisted|p1a: Alomomola
|-damage|p1a: Alomomola|345\/534
|move|p1a: Alomomola|Mirror Coat|p2a: Clefable
|-damage|p2a: Clefable|187\/394
|
|-heal|p1a: Alomomola|534\/534|[from] move: Wish|[wisher] Alomomola
|turn|29
|
|move|p1a: Alomomola|Wish|p1a: Alomomola
|move|p2a: Clefable|Calm Mind|p2a: Clefable
|-boost|p2a: Clefable|spa|1
|-boost|p2a: Clefable|spd|1
|
|turn|30
|
|switch|p1a: Scizor|Scizor-Mega, F|142\/343
|move|p2a: Clefable|Flamethrower|p1a: Scizor
|-supereffective|p1a: Scizor
|-damage|p1a: Scizor|0 fnt
|faint|p1a: Scizor
|
|
|switch|p1a: Landorus-Therian|Landorus-Therian, M|12\/382
|-ability|p1a: Landorus-Therian|Intimidate|[of] p2a: Clefable
|-unboost|p2a: Clefable|atk|1
|turn|31
|
|move|p1a: Landorus-Therian|Earthquake|p2a: Clefable
|-damage|p2a: Clefable|45\/394
|move|p2a: Clefable|Moonblast|p1a: Landorus-Therian
|-damage|p1a: Landorus-Therian|0 fnt
|faint|p1a: Landorus-Therian
|
|
|switch|p1a: Chansey|Chansey, F|704\/704
|turn|32
|
|move|p2a: Clefable|Soft-Boiled|p2a: Clefable
|-heal|p2a: Clefable|242\/394
|move|p1a: Chansey|Seismic Toss|p2a: Clefable
|-damage|p2a: Clefable|142\/394
|
|turn|33
|
|move|p2a: Clefable|Soft-Boiled|p2a: Clefable
|-heal|p2a: Clefable|339\/394
|move|p1a: Chansey|Seismic Toss|p2a: Clefable
|-damage|p2a: Clefable|239\/394
|
|turn|34
|c| I'm Cancer|gj jake
|c| I'm Cancer|.-.
|
|move|p2a: Clefable|Calm Mind|p2a: Clefable
|-boost|p2a: Clefable|spa|1
|-boost|p2a: Clefable|spd|1
|move|p1a: Chansey|Seismic Toss|p2a: Clefable
|-damage|p2a: Clefable|139\/394
|
|turn|35
|
|move|p2a: Clefable|Soft-Boiled|p2a: Clefable
|-heal|p2a: Clefable|336\/394
|move|p1a: Chansey|Seismic Toss|p2a: Clefable
|-damage|p2a: Clefable|236\/394
|
|turn|36
|c| Highest Threat|Life Orb Clefable
|c| Highest Threat|O.o
|
|move|p2a: Clefable|Calm Mind|p2a: Clefable
|-boost|p2a: Clefable|spa|1
|-boost|p2a: Clefable|spd|1
|move|p1a: Chansey|Seismic Toss|p2a: Clefable
|-damage|p2a: Clefable|136\/394
|
|turn|37
|
|move|p2a: Clefable|Soft-Boiled|p2a: Clefable
|-heal|p2a: Clefable|333\/394
|move|p1a: Chansey|Seismic Toss|p2a: Clefable
|-damage|p2a: Clefable|233\/394
|
|turn|38
|
|move|p2a: Clefable|Calm Mind|p2a: Clefable
|-boost|p2a: Clefable|spa|1
|-boost|p2a: Clefable|spd|1
|move|p1a: Chansey|Seismic Toss|p2a: Clefable
|-damage|p2a: Clefable|133\/394
|
|turn|39
|
|move|p2a: Clefable|Soft-Boiled|p2a: Clefable
|-heal|p2a: Clefable|330\/394
|move|p1a: Chansey|Seismic Toss|p2a: Clefable
|-damage|p2a: Clefable|230\/394
|
|turn|40
|
|move|p2a: Clefable|Calm Mind|p2a: Clefable
|-boost|p2a: Clefable|spa|1
|-boost|p2a: Clefable|spd|1
|move|p1a: Chansey|Wish|p1a: Chansey
|
|turn|41
|
|move|p2a: Clefable|Calm Mind|p2a: Clefable
|-boost|p2a: Clefable|spa|1
|-boost|p2a: Clefable|spd|1
|move|p1a: Chansey|Seismic Toss|p2a: Clefable
|-damage|p2a: Clefable|130\/394
|
|turn|42
|
|move|p2a: Clefable|Soft-Boiled|p2a: Clefable
|-heal|p2a: Clefable|327\/394
|move|p1a: Chansey|Wish|p1a: Chansey
|
|turn|43
|
|move|p2a: Clefable|Flamethrower|p1a: Chansey
|-damage|p1a: Chansey|466\/704
|move|p1a: Chansey|Seismic Toss|p2a: Clefable
|-damage|p2a: Clefable|227\/394
|
|-heal|p1a: Chansey|704\/704|[from] move: Wish|[wisher] Chansey
|turn|44
|
|move|p2a: Clefable|Moonblast|p1a: Chansey
|-damage|p1a: Chansey|321\/704
|move|p1a: Chansey|Wish|p1a: Chansey
|
|turn|45
|
|move|p1a: Chansey|Protect|p1a: Chansey
|-singleturn|p1a: Chansey|Protect
|move|p2a: Clefable|Soft-Boiled|p2a: Clefable
|-heal|p2a: Clefable|394\/394
|
|-heal|p1a: Chansey|673\/704|[from] move: Wish|[wisher] Chansey
|turn|46
|
|move|p2a: Clefable|Moonblast|p1a: Chansey
|-damage|p1a: Chansey|329\/704
|-unboost|p1a: Chansey|spa|1
|move|p1a: Chansey|Wish|p1a: Chansey
|
|turn|47
|
|move|p1a: Chansey|Protect|p1a: Chansey
|-singleturn|p1a: Chansey|Protect
|move|p2a: Clefable|Calm Mind|p2a: Clefable
|-fail|p2a: Clefable
|
|-heal|p1a: Chansey|681\/704|[from] move: Wish|[wisher] Chansey
|turn|48
|
|move|p2a: Clefable|Flamethrower|p1a: Chansey
|-damage|p1a: Chansey|454\/704
|move|p1a: Chansey|Wish|p1a: Chansey
|
|turn|49
|
|move|p2a: Clefable|Calm Mind|p2a: Clefable
|-fail|p2a: Clefable
|move|p1a: Chansey|Seismic Toss|p2a: Clefable
|-damage|p2a: Clefable|294\/394
|
|-heal|p1a: Chansey|704\/704|[from] move: Wish|[wisher] Chansey
|turn|50
|
|move|p2a: Clefable|Moonblast|p1a: Chansey
|-damage|p1a: Chansey|363\/704
|move|p1a: Chansey|Wish|p1a: Chansey
|
|turn|51
|
|move|p2a: Clefable|Calm Mind|p2a: Clefable
|-fail|p2a: Clefable
|move|p1a: Chansey|Seismic Toss|p2a: Clefable
|-damage|p2a: Clefable|194\/394
|
|-heal|p1a: Chansey|704\/704|[from] move: Wish|[wisher] Chansey
|turn|52
|
|move|p2a: Clefable|Flamethrower|p1a: Chansey
|-damage|p1a: Chansey|483\/704
|move|p1a: Chansey|Wish|p1a: Chansey
|
|turn|53
|
|move|p2a: Clefable|Soft-Boiled|p2a: Clefable
|-heal|p2a: Clefable|391\/394
|move|p1a: Chansey|Seismic Toss|p2a: Clefable
|-damage|p2a: Clefable|291\/394
|
|-heal|p1a: Chansey|704\/704|[from] move: Wish|[wisher] Chansey
|turn|54
|
|move|p2a: Clefable|Moonblast|p1a: Chansey
|-damage|p1a: Chansey|324\/704
|-unboost|p1a: Chansey|spa|1
|move|p1a: Chansey|Wish|p1a: Chansey
|
|turn|55
|
|move|p1a: Chansey|Protect|p1a: Chansey
|-singleturn|p1a: Chansey|Protect
|move|p2a: Clefable|Calm Mind|p2a: Clefable
|-fail|p2a: Clefable
|
|-heal|p1a: Chansey|676\/704|[from] move: Wish|[wisher] Chansey
|turn|56
|
|move|p2a: Clefable|Moonblast|p1a: Chansey
|-damage|p1a: Chansey|332\/704
|-unboost|p1a: Chansey|spa|1
|move|p1a: Chansey|Wish|p1a: Chansey
|
|turn|57
|
|move|p1a: Chansey|Protect|p1a: Chansey
|-singleturn|p1a: Chansey|Protect
|move|p2a: Clefable|Calm Mind|p2a: Clefable
|-fail|p2a: Clefable
|
|-heal|p1a: Chansey|684\/704|[from] move: Wish|[wisher] Chansey
|turn|58
|
|move|p2a: Clefable|Moonblast|p1a: Chansey
|-damage|p1a: Chansey|343\/704
|move|p1a: Chansey|Wish|p1a: Chansey
|
|turn|59
|
|move|p1a: Chansey|Protect|p1a: Chansey
|-singleturn|p1a: Chansey|Protect
|move|p2a: Clefable|Calm Mind|p2a: Clefable
|-fail|p2a: Clefable
|
|-heal|p1a: Chansey|695\/704|[from] move: Wish|[wisher] Chansey
|turn|60
|
|move|p2a: Clefable|Moonblast|p1a: Chansey
|-damage|p1a: Chansey|327\/704
|move|p1a: Chansey|Wish|p1a: Chansey
|
|turn|61
|
|move|p1a: Chansey|Protect|p1a: Chansey
|-singleturn|p1a: Chansey|Protect
|move|p2a: Clefable|Calm Mind|p2a: Clefable
|-fail|p2a: Clefable
|
|-heal|p1a: Chansey|679\/704|[from] move: Wish|[wisher] Chansey
|turn|62
|
|move|p2a: Clefable|Moonblast|p1a: Chansey
|-damage|p1a: Chansey|327\/704
|-unboost|p1a: Chansey|spa|1
|move|p1a: Chansey|Wish|p1a: Chansey
|
|turn|63
|
|move|p1a: Chansey|Protect|p1a: Chansey
|-singleturn|p1a: Chansey|Protect
|move|p2a: Clefable|Calm Mind|p2a: Clefable
|-fail|p2a: Clefable
|
|-heal|p1a: Chansey|679\/704|[from] move: Wish|[wisher] Chansey
|turn|64
|
|move|p2a: Clefable|Moonblast|p1a: Chansey
|-damage|p1a: Chansey|296\/704
|-unboost|p1a: Chansey|spa|1
|move|p1a: Chansey|Wish|p1a: Chansey
|
|turn|65
|
|move|p2a: Clefable|Calm Mind|p2a: Clefable
|-fail|p2a: Clefable
|move|p1a: Chansey|Seismic Toss|p2a: Clefable
|-damage|p2a: Clefable|191\/394
|
|-heal|p1a: Chansey|648\/704|[from] move: Wish|[wisher] Chansey
|turn|66
|join|Pablochu
|
|move|p1a: Chansey|Protect|p1a: Chansey
|-singleturn|p1a: Chansey|Protect
|move|p2a: Clefable|Soft-Boiled|p2a: Clefable
|-heal|p2a: Clefable|388\/394
|
|turn|67
|
|move|p2a: Clefable|Moonblast|p1a: Chansey
|-damage|p1a: Chansey|311\/704
|-unboost|p1a: Chansey|spa|1
|move|p1a: Chansey|Wish|p1a: Chansey
|
|turn|68
|
|move|p1a: Chansey|Protect|p1a: Chansey
|-singleturn|p1a: Chansey|Protect
|move|p2a: Clefable|Calm Mind|p2a: Clefable
|-fail|p2a: Clefable
|
|-heal|p1a: Chansey|663\/704|[from] move: Wish|[wisher] Chansey
|turn|69
|
|move|p2a: Clefable|Moonblast|p1a: Chansey
|-damage|p1a: Chansey|319\/704
|move|p1a: Chansey|Wish|p1a: Chansey
|
|turn|70
|c| I'm Cancer|jake
|c|âjake5alt2|mm?
|
|move|p1a: Chansey|Protect|p1a: Chansey
|-singleturn|p1a: Chansey|Protect
|move|p2a: Clefable|Calm Mind|p2a: Clefable
|-fail|p2a: Clefable
|
|-heal|p1a: Chansey|671\/704|[from] move: Wish|[wisher] Chansey
|turn|71
|c| I'm Cancer|how's life?
|c|âjake5alt2|not bad
|
|move|p2a: Clefable|Moonblast|p1a: Chansey
|-damage|p1a: Chansey|338\/704
|move|p1a: Chansey|Wish|p1a: Chansey
|
|turn|72
|
|move|p2a: Clefable|Calm Mind|p2a: Clefable
|-fail|p2a: Clefable
|move|p1a: Chansey|Seismic Toss|p2a: Clefable
|-damage|p2a: Clefable|288\/394
|
|-heal|p1a: Chansey|690\/704|[from] move: Wish|[wisher] Chansey
|turn|73
|
|move|p1a: Chansey|Protect|p1a: Chansey
|-singleturn|p1a: Chansey|Protect
|move|p2a: Clefable|Calm Mind|p2a: Clefable
|-fail|p2a: Clefable
|
|turn|74
|
|move|p1a: Chansey|Protect|p1a: Chansey
|-singleturn|p1a: Chansey|Protect
|move|p2a: Clefable|Moonblast|p1a: Chansey
|-activate|p1a: Chansey|Protect
|
|turn|75
|
|move|p1a: Chansey|Protect|p1a: Chansey
|-fail|p1a: Chansey
|move|p2a: Clefable|Moonblast|p1a: Chansey
|-damage|p1a: Chansey|361\/704
|
|turn|76
|c| Highest Threat|IAMGINGY
|c| Highest Threat|O-o
|
|move|p2a: Clefable|Calm Mind|p2a: Clefable
|-fail|p2a: Clefable
|move|p1a: Chansey|Seismic Toss|p2a: Clefable
|-damage|p2a: Clefable|188\/394
|
|turn|77
|c| I'm Cancer|\/me lowest threat
|c| I'm Cancer|._.
|
|move|p2a: Clefable|Soft-Boiled|p2a: Clefable
|-heal|p2a: Clefable|385\/394
|move|p1a: Chansey|Seismic Toss|p2a: Clefable
|-damage|p2a: Clefable|285\/394
|
|turn|78
|
|move|p1a: Chansey|Protect|p1a: Chansey
|-singleturn|p1a: Chansey|Protect
|move|p2a: Clefable|Moonblast|p1a: Chansey
|-activate|p1a: Chansey|Protect
|
|turn|79
|c| Highest Threat|U wiered
|c| Highest Threat|wierd*
|c| Highest Threat|lol
|
|move|p1a: Chansey|Protect|p1a: Chansey
|-singleturn|p1a: Chansey|Protect
|move|p2a: Clefable|Moonblast|p1a: Chansey
|-activate|p1a: Chansey|Protect
|
|turn|80
|c| Highest Threat|always been o.O
|c|âjake5alt2|seriously wtf
|
|move|p2a: Clefable|Flamethrower|p1a: Chansey
|-damage|p1a: Chansey|140\/704
|move|p1a: Chansey|Seismic Toss|p2a: Clefable
|-damage|p2a: Clefable|185\/394
|
|turn|81
|
|move|p2a: Clefable|Soft-Boiled|p2a: Clefable
|-heal|p2a: Clefable|382\/394
|move|p1a: Chansey|Seismic Toss|p2a: Clefable
|-damage|p2a: Clefable|282\/394
|
|turn|82
|c| I'm Cancer|gimme a burn
|c| I'm Cancer|imo.
|
|move|p1a: Chansey|Protect|p1a: Chansey
|-singleturn|p1a: Chansey|Protect
|move|p2a: Clefable|Flamethrower|p1a: Chansey
|-activate|p1a: Chansey|Protect
|
|turn|83
|
|move|p2a: Clefable|Flamethrower|p1a: Chansey
|-damage|p1a: Chansey|0 fnt
|faint|p1a: Chansey
|
|
|switch|p1a: Alomomola|Alomomola, F|534\/534
|turn|84
|
|move|p2a: Clefable|Moonblast|p1a: Alomomola
|-damage|p1a: Alomomola|0 fnt
|faint|p1a: Alomomola
|
|c|âjake5alt2|rekt
|-message|Cunty Vibes forfeited.
|
|win|jake5alt2
|raw|Ladder updating...
|leave|Cunty Vibes
|player|p1
|raw|Cunty Vibes's rating: 1955 &rarr; <strong>1924<\/strong><br \/>(-31 for losing)
|raw|jake5alt2's rating: 1728 &rarr; <strong>1759<\/strong><br \/>(+31 for winning)
|c|âjake5alt2|nice points lol
|c| I'm Cancer|.-.
|leave|plz ban the ghost
|leave|Pablochu