|join|Cunty Vibes
|join|MaGOATneto
|player|p1|Cunty Vibes|185
|player|p2|MaGOATneto|209
|gametype|singles
|gen|6
|tier|OU
|rated
|clearpoke
|poke|p1|Clefable, M
|poke|p1|Porygon2
|poke|p1|Charizard, M
|poke|p1|Skarmory, M
|poke|p1|Starmie
|poke|p1|Mew
|poke|p2|Thundurus, M
|poke|p2|Greninja, M
|poke|p2|Bisharp, M
|poke|p2|Heatran, F
|poke|p2|Azumarill, M
|poke|p2|Charizard, F
|rule|Swagger Clause: Swagger is banned
|rule|Baton Pass Clause: Limit one PokÃ©mon knowing Baton Pass
|rule|Sleep Clause Mod: Limit one foe put to sleep
|rule|Species Clause: Limit one of each PokÃ©mon
|rule|OHKO Clause: OHKO moves are banned
|rule|Moody Clause: Moody is banned
|rule|Evasion Moves Clause: Evasion moves are banned
|rule|Endless Battle Clause: Forcing endless battles is banned
|rule|HP Percentage Mod: HP is reported as percentages
|teampreview
|
|start
|switch|p1a: Charizard|Charizard, M|359\/359
|switch|p2a: Bisharp|Bisharp, M|271\/271
|turn|1
|
|switch|p2a: Heatran|Heatran, F|386\/386
|-item|p2a: Heatran|Air Balloon
|detailschange|p1a: Charizard|Charizard-Mega-X, M
|message|Charizard has Mega Evolved into Mega Charizard!
|move|p1a: Charizard|Earthquake|p2a: Heatran
|-immune|p2a: Heatran|[msg]
|
|turn|2
|
|switch|p1a: Starmie|Starmie|323\/323
|move|p2a: Heatran|Earth Power|p1a: Starmie
|-damage|p1a: Starmie|217\/323
|-unboost|p1a: Starmie|spd|1
|
|-heal|p1a: Starmie|237\/323|[from] item: Leftovers
|turn|3
|
|move|p1a: Starmie|Scald|p2a: Heatran
|-supereffective|p2a: Heatran
|-damage|p2a: Heatran|248\/386
|-enditem|p2a: Heatran|Air Balloon
|move|p2a: Heatran|Stealth Rock|p1a: Starmie
|-sidestart|p1: Cunty Vibes|move: Stealth Rock
|
|-heal|p1a: Starmie|257\/323|[from] item: Leftovers
|turn|4
|
|move|p1a: Starmie|Rapid Spin|p2a: Heatran
|-resisted|p2a: Heatran
|-damage|p2a: Heatran|242\/386
|-sideend|p1: Cunty Vibes|Stealth Rock|[from] move: Rapid Spin|[of] p1a: Starmie
|move|p2a: Heatran|Roar|p1a: Starmie
|drag|p1a: Charizard|Charizard-Mega-X, M|359\/359
|
|turn|5
|
|move|p1a: Charizard|Earthquake|p2a: Heatran
|-supereffective|p2a: Heatran
|-damage|p2a: Heatran|0 fnt
|faint|p2a: Heatran
|
|
|switch|p2a: Azumarill|Azumarill, M|404\/404
|turn|6
|
|move|p1a: Charizard|Will-O-Wisp|p2a: Azumarill
|-status|p2a: Azumarill|brn
|move|p2a: Azumarill|Belly Drum|p2a: Azumarill
|-damage|p2a: Azumarill|202\/404 brn
|-setboost|p2a: Azumarill|atk|6|[from] move: Belly Drum
|-enditem|p2a: Azumarill|Sitrus Berry|[eat]
|-heal|p2a: Azumarill|303\/404 brn|[from] item: Sitrus Berry
|
|-damage|p2a: Azumarill|253\/404 brn|[from] brn
|turn|7
|
|switch|p1a: Clefable|Clefable, M|394\/394
|move|p2a: Azumarill|Play Rough|p1a: Clefable
|-damage|p1a: Clefable|309\/394
|
|-heal|p1a: Clefable|333\/394|[from] item: Leftovers
|-damage|p2a: Azumarill|203\/404 brn|[from] brn
|turn|8
|
|move|p1a: Clefable|Calm Mind|p1a: Clefable
|-boost|p1a: Clefable|spa|1
|-boost|p1a: Clefable|spd|1
|move|p2a: Azumarill|Play Rough|p1a: Clefable
|-damage|p1a: Clefable|251\/394
|
|-heal|p1a: Clefable|275\/394|[from] item: Leftovers
|-damage|p2a: Azumarill|153\/404 brn|[from] brn
|turn|9
|
|move|p1a: Clefable|Calm Mind|p1a: Clefable
|-boost|p1a: Clefable|spa|1
|-boost|p1a: Clefable|spd|1
|move|p2a: Azumarill|Play Rough|p1a: Clefable
|-damage|p1a: Clefable|182\/394
|
|-heal|p1a: Clefable|206\/394|[from] item: Leftovers
|-damage|p2a: Azumarill|103\/404 brn|[from] brn
|turn|10
|
|move|p1a: Clefable|Moonlight|p1a: Clefable
|-heal|p1a: Clefable|394\/394
|move|p2a: Azumarill|Play Rough|p1a: Clefable
|-damage|p1a: Clefable|312\/394
|
|-heal|p1a: Clefable|336\/394|[from] item: Leftovers
|-damage|p2a: Azumarill|53\/404 brn|[from] brn
|turn|11
|
|switch|p2a: Bisharp|Bisharp, M|271\/271
|move|p1a: Clefable|Moonblast|p2a: Bisharp
|-damage|p2a: Bisharp|0 fnt
|faint|p2a: Bisharp
|
|-heal|p1a: Clefable|360\/394|[from] item: Leftovers
|-message|MaGOATneto forfeited.
|
|win|Cunty Vibes
|raw|Ladder updating...
|raw|Cunty Vibes's rating: 1738 &rarr; <strong>1758<\/strong><br \/>(+20 for winning)
|raw|MaGOATneto's rating: 1734 &rarr; <strong>1714<\/strong><br \/>(-20 for losing)
|leave|MaGOATneto
|player|p2