|join|Cunty Vibes
|join|LT1Y FLAN76
|player|p1|Cunty Vibes|185
|player|p2|LT1Y FLAN76|132
|gametype|singles
|gen|6
|tier|OU
|rated
|clearpoke
|poke|p1|Clefable, M
|poke|p1|Conkeldurr, M
|poke|p1|Landorus-Therian, M
|poke|p1|Chansey, F
|poke|p1|Scizor, M
|poke|p1|Alomomola, F
|poke|p2|Hippowdon, M
|poke|p2|Charizard, M
|poke|p2|Ferrothorn, M
|poke|p2|Bisharp, M
|poke|p2|Starmie
|poke|p2|Azumarill, F
|rule|Swagger Clause: Swagger is banned
|rule|Baton Pass Clause: Limit one PokÃ©mon knowing Baton Pass
|rule|Sleep Clause Mod: Limit one foe put to sleep
|rule|Species Clause: Limit one of each PokÃ©mon
|rule|OHKO Clause: OHKO moves are banned
|rule|Moody Clause: Moody is banned
|rule|Evasion Moves Clause: Evasion moves are banned
|rule|Endless Battle Clause: Forcing endless battles is banned
|rule|HP Percentage Mod: HP is shown in percentages
|teampreview
|
|start
|switch|p1a: Alomomola|Alomomola, F|534\/534
|switch|p2a: Starmie|Starmie|324\/324
|turn|1
|
|move|p2a: Starmie|Scald|p1a: Alomomola
|-resisted|p1a: Alomomola
|-damage|p1a: Alomomola|458\/534
|move|p1a: Alomomola|Mirror Coat|p2a: Starmie
|-damage|p2a: Starmie|172\/324
|
|-heal|p2a: Starmie|192\/324|[from] item: Leftovers
|turn|2
|
|move|p2a: Starmie|Scald|p1a: Alomomola
|-resisted|p1a: Alomomola
|-damage|p1a: Alomomola|383\/534
|move|p1a: Alomomola|Wish|p1a: Alomomola
|
|-heal|p2a: Starmie|212\/324|[from] item: Leftovers
|turn|3
|
|switch|p1a: Conkeldurr|Conkeldurr, M|401\/401
|move|p2a: Starmie|Scald|p1a: Conkeldurr
|-damage|p1a: Conkeldurr|314\/401
|
|-heal|p1a: Conkeldurr|401\/401|[from] move: Wish|[wisher] Alomomola
|-heal|p2a: Starmie|232\/324|[from] item: Leftovers
|turn|4
|
|switch|p2a: Azumarill|Azumarill, F|373\/373
|switch|p1a: Scizor|Scizor, M|343\/343
|
|turn|5
|
|switch|p2a: Charizard|Charizard, M|359\/359
|detailschange|p1a: Scizor|Scizor-Mega, M
|message|Scizor has Mega Evolved into Mega Scizor!
|move|p1a: Scizor|Bullet Punch|p2a: Charizard
|-resisted|p2a: Charizard
|-damage|p2a: Charizard|296\/359
|
|turn|6
|join|LT1A Murkrow
|
|switch|p1a: Alomomola|Alomomola, F|534\/534
|detailschange|p2a: Charizard|Charizard-Mega-Y, M
|message|Charizard has Mega Evolved into Mega Charizard!
|-weather|SunnyDay
|move|p2a: Charizard|Flamethrower|p1a: Alomomola
|-resisted|p1a: Alomomola
|-damage|p1a: Alomomola|287\/534
|
|-weather|SunnyDay|[upkeep]
|turn|7
|
|switch|p2a: Bisharp|Bisharp, M|269\/269
|switch|p1a: Chansey|Chansey, F|704\/704
|
|-weather|SunnyDay|[upkeep]
|turn|8
|
|move|p2a: Bisharp|Pursuit|p1a: Chansey|[from]Pursuit
|-damage|p1a: Chansey|462\/704
|-damage|p2a: Bisharp|243\/269|[from] item: Life Orb
|switch|p1a: Conkeldurr|Conkeldurr, M|401\/401
|
|-weather|SunnyDay|[upkeep]
|turn|9
|
|switch|p2a: Azumarill|Azumarill, F|373\/373
|move|p1a: Conkeldurr|Knock Off|p2a: Azumarill
|-resisted|p2a: Azumarill
|-damage|p2a: Azumarill|289\/373
|-enditem|p2a: Azumarill|Assault Vest|[from] move: Knock Off|[of] p1a: Conkeldurr
|
|-weather|SunnyDay|[upkeep]
|turn|10
|join|LT1A 808
|
|switch|p1a: Landorus-Therian|Landorus-Therian, M|382\/382
|-ability|p1a: Landorus-Therian|Intimidate|[of] p2a: Azumarill
|-unboost|p2a: Azumarill|atk|1
|move|p2a: Azumarill|Play Rough|p1a: Landorus-Therian
|-damage|p1a: Landorus-Therian|288\/382
|
|-weather|none
|-heal|p1a: Landorus-Therian|311\/382|[from] item: Leftovers
|turn|11
|
|switch|p2a: Ferrothorn|Ferrothorn, M|352\/352
|move|p1a: Landorus-Therian|Stealth Rock|p2a: Ferrothorn
|-sidestart|p2: LT1Y FLAN76|move: Stealth Rock
|
|-heal|p1a: Landorus-Therian|334\/382|[from] item: Leftovers
|turn|12
|
|switch|p1a: Alomomola|Alomomola, F|465\/534
|move|p2a: Ferrothorn|Leech Seed|p1a: Alomomola
|-start|p1a: Alomomola|move: Leech Seed
|
|-damage|p1a: Alomomola|399\/534|[from] Leech Seed|[of] p2a: Ferrothorn
|turn|13
|join|etaoivacation
|join|Tesung
|
|switch|p1a: Scizor|Scizor-Mega, M|343\/343
|switch|p2a: Starmie|Starmie|232\/324
|-damage|p2a: Starmie|192\/324|[from] Stealth Rock
|
|-heal|p2a: Starmie|212\/324|[from] item: Leftovers
|turn|14
|
|move|p2a: Starmie|Reflect Type|p1a: Scizor
|-start|p2a: Starmie|typechange|Bug\/Steel|[from] move: Reflect Type|[of] p1a: Scizor
|move|p1a: Scizor|Pursuit|p2a: Starmie
|-damage|p2a: Starmie|145\/324
|
|-heal|p2a: Starmie|165\/324|[from] item: Leftovers
|turn|15
|join|LT1A dirtyhunt
|join|LT1B Darx
|
|switch|p1a: Clefable|Clefable, M|394\/394
|move|p2a: Starmie|Rapid Spin|p1a: Clefable
|-damage|p1a: Clefable|384\/394
|-sideend|p2: LT1Y FLAN76|Stealth Rock|[from] move: Rapid Spin|[of] p2a: Starmie
|
|-heal|p2a: Starmie|185\/324|[from] item: Leftovers
|-heal|p1a: Clefable|394\/394|[from] item: Leftovers
|turn|16
|
|switch|p2a: Charizard|Charizard-Mega-Y, M|296\/359
|-weather|SunnyDay
|move|p1a: Clefable|Calm Mind|p1a: Clefable
|-boost|p1a: Clefable|spa|1
|-boost|p1a: Clefable|spd|1
|
|-weather|SunnyDay|[upkeep]
|turn|17
|join|Robert Edward Lee
|
|move|p2a: Charizard|Flamethrower|p1a: Clefable
|-damage|p1a: Clefable|181\/394
|move|p1a: Clefable|Calm Mind|p1a: Clefable
|-boost|p1a: Clefable|spa|1
|-boost|p1a: Clefable|spd|1
|
|-weather|SunnyDay|[upkeep]
|-heal|p1a: Clefable|205\/394|[from] item: Leftovers
|turn|18
|join|machmush47
|
|move|p2a: Charizard|Flamethrower|p1a: Clefable
|-damage|p1a: Clefable|60\/394
|move|p1a: Clefable|Moonlight|p1a: Clefable
|-heal|p1a: Clefable|323\/394
|
|-weather|SunnyDay|[upkeep]
|-heal|p1a: Clefable|347\/394|[from] item: Leftovers
|turn|19
|join|LT1A Anybody
|
|move|p2a: Charizard|Flamethrower|p1a: Clefable
|-damage|p1a: Clefable|199\/394
|move|p1a: Clefable|Moonblast|p2a: Charizard
|-resisted|p2a: Charizard
|-damage|p2a: Charizard|203\/359
|
|-weather|SunnyDay|[upkeep]
|-heal|p1a: Clefable|223\/394|[from] item: Leftovers
|turn|20
|leave|machmush47
|
|move|p2a: Charizard|Flamethrower|p1a: Clefable
|-damage|p1a: Clefable|78\/394
|move|p1a: Clefable|Moonlight|p1a: Clefable
|-heal|p1a: Clefable|341\/394
|
|-weather|none
|-heal|p1a: Clefable|365\/394|[from] item: Leftovers
|turn|21
|join|innovamania
|
|move|p2a: Charizard|Roost|p2a: Charizard
|-heal|p2a: Charizard|359\/359
|move|p1a: Clefable|Calm Mind|p1a: Clefable
|-boost|p1a: Clefable|spa|1
|-boost|p1a: Clefable|spd|1
|
|-heal|p1a: Clefable|389\/394|[from] item: Leftovers
|turn|22
|c| LT1A Anybody|go to bisharp lol
|join|testing noobnoob
|c|âLT1Y FLAN76|oh yea
|c|âLT1Y FLAN76|thx
|join|LT1A Viole G
|leave|innovamania
|c| LT1A Anybody|and get rekt'd by flamethrower
|c|âLT1Y FLAN76|i thought they ran stored power ????
|
|move|p2a: Charizard|Flamethrower|p1a: Clefable
|-damage|p1a: Clefable|308\/394
|move|p1a: Clefable|Moonblast|p2a: Charizard
|-resisted|p2a: Charizard
|-damage|p2a: Charizard|239\/359
|
|-heal|p1a: Clefable|332\/394|[from] item: Leftovers
|turn|23
|c| LT1A Murkrow|lmao don't get flan flustered son
|c|âLT1Y FLAN76|jk
|
|move|p2a: Charizard|Flamethrower|p1a: Clefable
|-damage|p1a: Clefable|242\/394
|move|p1a: Clefable|Moonblast|p2a: Charizard
|-resisted|p2a: Charizard
|-damage|p2a: Charizard|114\/359
|
|-heal|p1a: Clefable|266\/394|[from] item: Leftovers
|turn|24
|c| LT1A Murkrow|there's a lot of pressure here
|
|move|p2a: Charizard|Roost|p2a: Charizard
|-heal|p2a: Charizard|294\/359
|move|p1a: Clefable|Moonblast|p2a: Charizard
|-resisted|p2a: Charizard
|-damage|p2a: Charizard|182\/359
|-unboost|p2a: Charizard|spa|1
|
|-heal|p1a: Clefable|290\/394|[from] item: Leftovers
|turn|25
|
|move|p2a: Charizard|Flamethrower|p1a: Clefable
|-damage|p1a: Clefable|205\/394
|move|p1a: Clefable|Moonblast|p2a: Charizard
|-crit|p2a: Charizard
|-resisted|p2a: Charizard
|-damage|p2a: Charizard|10\/359
|
|-heal|p1a: Clefable|229\/394|[from] item: Leftovers
|turn|26
|join|Kisasi
|
|move|p2a: Charizard|Roost|p2a: Charizard
|-heal|p2a: Charizard|190\/359
|move|p1a: Clefable|Moonlight|p1a: Clefable
|-heal|p1a: Clefable|394\/394
|
|turn|27
|c| LT1A Anybody|dt zard y
|c| LT1A Anybody|wanted to see its spd
|join|AlldaAlts
|
|switch|p2a: Hippowdon|Hippowdon, M|420\/420
|-weather|Sandstorm
|move|p1a: Clefable|Calm Mind|p1a: Clefable
|-boost|p1a: Clefable|spa|1
|-boost|p1a: Clefable|spd|1
|
|-weather|Sandstorm|[upkeep]
|-damage|p1a: Clefable|370\/394|[from] sandstorm
|-heal|p1a: Clefable|394\/394|[from] item: Leftovers
|turn|28
|
|move|p1a: Clefable|Moonblast|p2a: Hippowdon
|-damage|p2a: Hippowdon|66\/420
|move|p2a: Hippowdon|Earthquake|p1a: Clefable
|-damage|p1a: Clefable|277\/394
|
|-weather|Sandstorm|[upkeep]
|-damage|p1a: Clefable|253\/394|[from] sandstorm
|-heal|p1a: Clefable|277\/394|[from] item: Leftovers
|-heal|p2a: Hippowdon|92\/420|[from] item: Leftovers
|turn|29
|c| LT1A Anybody|that fucking bulk
|
|move|p1a: Clefable|Moonblast|p2a: Hippowdon
|-damage|p2a: Hippowdon|0 fnt
|faint|p2a: Hippowdon
|
|-weather|Sandstorm|[upkeep]
|-damage|p1a: Clefable|253\/394|[from] sandstorm
|-heal|p1a: Clefable|277\/394|[from] item: Leftovers
|c| testing noobnoob|why not roar?
|
|switch|p2a: Bisharp|Bisharp, M|243\/269
|turn|30
|leave|Robert Edward Lee
|c| testing noobnoob|you noob
|c|âLT1Y FLAN76|k
|
|switch|p1a: Alomomola|Alomomola, F|534\/534
|move|p2a: Bisharp|Iron Head|p1a: Alomomola
|-resisted|p1a: Alomomola
|-damage|p1a: Alomomola|448\/534
|-damage|p2a: Bisharp|199\/269|[from] item: Rocky Helmet|[of] p1a: Alomomola
|-damage|p2a: Bisharp|173\/269|[from] item: Life Orb
|
|-weather|Sandstorm|[upkeep]
|-damage|p1a: Alomomola|415\/534|[from] sandstorm
|turn|31
|c| LT1A Murkrow|lmao
|leave|LT1A Anybody
|join|Robert Edward Lee
|c| LT1A Murkrow|these kids telling you how to play
|leave|Robert Edward Lee
|c| Kisasi|alomomola diserves higher tier.
|join|I'm bored alt
|
|switch|p2a: Starmie|Starmie|185\/324
|move|p1a: Alomomola|Wish|p1a: Alomomola
|
|-weather|none
|-heal|p2a: Starmie|205\/324|[from] item: Leftovers
|turn|32
|c| LT1A Murkrow|git gud flan
|c| LT1A Murkrow|if not they're here to help
|leave|LT1A Viole G
|
|switch|p1a: Chansey|Chansey, F|462\/704
|move|p2a: Starmie|Scald|p1a: Chansey
|-damage|p1a: Chansey|398\/704
|
|-heal|p1a: Chansey|665\/704|[from] move: Wish|[wisher] Alomomola
|-heal|p2a: Starmie|225\/324|[from] item: Leftovers
|turn|33
|join|redthunder49
|join|Beowulf
|
|switch|p1a: Conkeldurr|Conkeldurr, M|401\/401
|move|p2a: Starmie|Scald|p1a: Conkeldurr
|-damage|p1a: Conkeldurr|316\/401
|
|-heal|p2a: Starmie|245\/324|[from] item: Leftovers
|turn|34
|
|switch|p2a: Azumarill|Azumarill, F|289\/373
|move|p1a: Conkeldurr|Drain Punch|p2a: Azumarill
|-resisted|p2a: Azumarill
|-damage|p2a: Azumarill|199\/373
|-heal|p1a: Conkeldurr|361\/401|[from] drain|[of] p2a: Azumarill
|
|turn|35
|leave|Beowulf
|
|switch|p2a: Charizard|Charizard-Mega-Y, M|190\/359
|-weather|SunnyDay
|switch|p1a: Landorus-Therian|Landorus-Therian, M|334\/382
|-ability|p1a: Landorus-Therian|Intimidate|[of] p2a: Charizard
|-unboost|p2a: Charizard|atk|1
|
|-weather|SunnyDay|[upkeep]
|-heal|p1a: Landorus-Therian|357\/382|[from] item: Leftovers
|turn|36
|join|the super grunt
|
|switch|p2a: Bisharp|Bisharp, M|173\/269
|move|p1a: Landorus-Therian|Stealth Rock|p2a: Bisharp
|-sidestart|p2: LT1Y FLAN76|move: Stealth Rock
|
|-weather|SunnyDay|[upkeep]
|-heal|p1a: Landorus-Therian|380\/382|[from] item: Leftovers
|turn|37
|join|LT1X williamyixin
|
|switch|p2a: Charizard|Charizard-Mega-Y, M|190\/359
|-damage|p2a: Charizard|11\/359|[from] Stealth Rock
|move|p1a: Landorus-Therian|U-turn|p2a: Charizard
|-resisted|p2a: Charizard
|-damage|p2a: Charizard|0 fnt
|faint|p2a: Charizard
|c| testing noobnoob|lol a true noob
|
|switch|p1a: Alomomola|Alomomola, F|534\/534
|
|-weather|SunnyDay|[upkeep]
|c|âLT1Y FLAN76|Ya
|
|switch|p2a: Starmie|Starmie|245\/324
|-damage|p2a: Starmie|205\/324|[from] Stealth Rock
|turn|38
|
|move|p2a: Starmie|Scald|p1a: Alomomola
|-crit|p1a: Alomomola
|-resisted|p1a: Alomomola
|-damage|p1a: Alomomola|476\/534
|-status|p1a: Alomomola|brn
|move|p1a: Alomomola|Toxic|p2a: Starmie
|-status|p2a: Starmie|tox
|
|-weather|SunnyDay|[upkeep]
|-heal|p2a: Starmie|225\/324 tox|[from] item: Leftovers
|-damage|p2a: Starmie|205\/324 tox|[from] psn
|-damage|p1a: Alomomola|410\/534 brn|[from] brn
|turn|39
|c| etaoivacation|C'mon flan:(
|
|move|p2a: Starmie|Rapid Spin|p1a: Alomomola
|-damage|p1a: Alomomola|399\/534 brn
|-damage|p2a: Starmie|151\/324 tox|[from] item: Rocky Helmet|[of] p1a: Alomomola
|-sideend|p2: LT1Y FLAN76|Stealth Rock|[from] move: Rapid Spin|[of] p2a: Starmie
|move|p1a: Alomomola|Scald|p2a: Starmie
|-resisted|p2a: Starmie
|-damage|p2a: Starmie|139\/324 tox
|
|-weather|none
|-heal|p2a: Starmie|159\/324 tox|[from] item: Leftovers
|-damage|p2a: Starmie|119\/324 tox|[from] psn
|-damage|p1a: Alomomola|333\/534 brn|[from] brn
|turn|40
|
|move|p2a: Starmie|Recover|p2a: Starmie
|-heal|p2a: Starmie|281\/324 tox
|move|p1a: Alomomola|Wish|p1a: Alomomola
|
|-heal|p2a: Starmie|301\/324 tox|[from] item: Leftovers
|-damage|p2a: Starmie|241\/324 tox|[from] psn
|-damage|p1a: Alomomola|267\/534 brn|[from] brn
|turn|41
|leave|LT1A dirtyhunt
|-message|LT1Y FLAN76 forfeited.
|
|win|Cunty Vibes
|raw|Ladder updating...
|leave|LT1Y FLAN76
|player|p2
|raw|Cunty Vibes's rating: 1864 &rarr; <strong>1876<\/strong><br \/>(+12 for winning)
|raw|LT1Y FLAN76's rating: 1717 &rarr; <strong>1705<\/strong><br \/>(-12 for losing)
|leave|Cunty Vibes
|player|p1
|leave|LT1A Murkrow
|leave|Kisasi
|leave|LT1A 808
|leave|AlldaAlts
|leave|LT1B Darx
|leave|testing noobnoob
|join|ox jefo honch
|join|darrenlol123
|leave|darrenlol123
|leave|LT1X williamyixin
|join|Dazer
|leave|Dazer
|join|LT1B AeroScape
|leave|ox jefo honch
|leave|LT1B AeroScape
|join|Prankster
|leave|Prankster