|join|Cunty Vibes
|join|Mega Nymphali
|player|p1|Cunty Vibes|185
|player|p2|Mega Nymphali|168
|gametype|singles
|gen|6
|tier|OU
|rated
|clearpoke
|poke|p1|Clefable, M
|poke|p1|Conkeldurr, F
|poke|p1|Landorus-Therian, M
|poke|p1|Chansey, F
|poke|p1|Scizor, M
|poke|p1|Alomomola, F
|poke|p2|Medicham, F
|poke|p2|Landorus-Therian, M
|poke|p2|Sylveon, M
|poke|p2|Heatran, M
|poke|p2|Gothitelle, F
|poke|p2|Zapdos
|rule|Swagger Clause: Swagger is banned
|rule|Baton Pass Clause: Limit one PokÃ©mon knowing Baton Pass
|rule|Sleep Clause Mod: Limit one foe put to sleep
|rule|Species Clause: Limit one of each PokÃ©mon
|rule|OHKO Clause: OHKO moves are banned
|rule|Moody Clause: Moody is banned
|rule|Evasion Moves Clause: Evasion moves are banned
|rule|Endless Battle Clause: Forcing endless battles is banned
|rule|HP Percentage Mod: HP is shown in percentages
|teampreview
|
|start
|switch|p1a: Landorus-Therian|Landorus-Therian, M|382\/382
|switch|p2a: Zapdos|Zapdos|384\/384
|-ability|p2a: Zapdos|Pressure
|-ability|p1a: Landorus-Therian|Intimidate|[of] p2a: Zapdos
|-unboost|p2a: Zapdos|atk|1
|turn|1
|
|move|p2a: Zapdos|Hidden Power|p1a: Landorus-Therian
|-supereffective|p1a: Landorus-Therian
|-damage|p1a: Landorus-Therian|118\/382
|move|p1a: Landorus-Therian|Stone Edge|p2a: Zapdos|[miss]
|-miss|p1a: Landorus-Therian|p2a: Zapdos
|
|-heal|p1a: Landorus-Therian|141\/382|[from] item: Leftovers
|turn|2
|
|switch|p1a: Conkeldurr|Conkeldurr, F|401\/401
|move|p2a: Zapdos|Volt Switch|p1a: Conkeldurr
|-damage|p1a: Conkeldurr|319\/401
|
|switch|p2a: Landorus-Therian|Landorus-Therian, M|382\/382
|-ability|p2a: Landorus-Therian|Intimidate|[of] p1a: Conkeldurr
|-unboost|p1a: Conkeldurr|atk|1
|
|turn|3
|
|switch|p2a: Zapdos|Zapdos|384\/384
|-ability|p2a: Zapdos|Pressure
|move|p1a: Conkeldurr|Ice Punch|p2a: Zapdos
|-supereffective|p2a: Zapdos
|-damage|p2a: Zapdos|276\/384
|-damage|p1a: Conkeldurr|253\/401|[from] item: Rocky Helmet|[of] p2a: Zapdos
|
|turn|4
|
|move|p2a: Zapdos|Roost|p2a: Zapdos
|-heal|p2a: Zapdos|384\/384
|move|p1a: Conkeldurr|Knock Off|p2a: Zapdos
|-damage|p2a: Zapdos|308\/384
|-damage|p1a: Conkeldurr|187\/401|[from] item: Rocky Helmet|[of] p2a: Zapdos
|-enditem|p2a: Zapdos|Rocky Helmet|[from] move: Knock Off|[of] p1a: Conkeldurr
|
|turn|5
|
|switch|p1a: Landorus-Therian|Landorus-Therian, M|141\/382
|-ability|p1a: Landorus-Therian|Intimidate|[of] p2a: Zapdos
|-unboost|p2a: Zapdos|atk|1
|move|p2a: Zapdos|Volt Switch|p1a: Landorus-Therian
|-immune|p1a: Landorus-Therian|[msg]
|
|-heal|p1a: Landorus-Therian|164\/382|[from] item: Leftovers
|turn|6
|
|switch|p1a: Scizor|Scizor, M|343\/343
|move|p2a: Zapdos|Hidden Power|p1a: Scizor
|-resisted|p1a: Scizor
|-damage|p1a: Scizor|311\/343
|
|turn|7
|
|switch|p1a: Chansey|Chansey, F|704\/704
|move|p2a: Zapdos|Heat Wave|p1a: Chansey
|-damage|p1a: Chansey|650\/704
|
|turn|8
|
|switch|p1a: Landorus-Therian|Landorus-Therian, M|164\/382
|-ability|p1a: Landorus-Therian|Intimidate|[of] p2a: Zapdos
|-unboost|p2a: Zapdos|atk|1
|move|p2a: Zapdos|Volt Switch|p1a: Landorus-Therian
|-immune|p1a: Landorus-Therian|[msg]
|
|-heal|p1a: Landorus-Therian|187\/382|[from] item: Leftovers
|turn|9
|
|switch|p1a: Chansey|Chansey, F|650\/704
|move|p2a: Zapdos|Hidden Power|p1a: Chansey
|-damage|p1a: Chansey|610\/704
|
|turn|10
|
|move|p2a: Zapdos|Volt Switch|p1a: Chansey
|-damage|p1a: Chansey|541\/704
|
|switch|p2a: Medicham|Medicham, F|262\/262
|move|p1a: Chansey|Wish|p1a: Chansey
|
|turn|11
|
|switch|p1a: Alomomola|Alomomola, F|534\/534
|detailschange|p2a: Medicham|Medicham-Mega, F
|message|Medicham has Mega Evolved into Mega Medicham!
|move|p2a: Medicham|Ice Punch|p1a: Alomomola
|-resisted|p1a: Alomomola
|-damage|p1a: Alomomola|473\/534
|-damage|p2a: Medicham|219\/262|[from] item: Rocky Helmet|[of] p1a: Alomomola
|
|-heal|p1a: Alomomola|534\/534|[from] move: Wish|[wisher] Chansey
|turn|12
|
|switch|p2a: Gothitelle|Gothitelle, F|344\/344
|move|p1a: Alomomola|Toxic|p2a: Gothitelle
|-status|p2a: Gothitelle|tox
|
|-damage|p2a: Gothitelle|323\/344 tox|[from] psn
|turn|13
|
|move|p2a: Gothitelle|Trick|p1a: Alomomola
|-activate|p2a: Gothitelle|move: Trick|[of] p1a: Alomomola
|-item|p1a: Alomomola|Choice Scarf|[from] move: Trick
|-item|p2a: Gothitelle|Rocky Helmet|[from] move: Trick
|move|p1a: Alomomola|Mirror Coat|p2a: Gothitelle
|-fail|p2a: Gothitelle
|
|-damage|p2a: Gothitelle|281\/344 tox|[from] psn
|turn|14
|
|move|p2a: Gothitelle|Rest|p2a: Gothitelle
|-status|p2a: Gothitelle|slp
|-heal|p2a: Gothitelle|344\/344 slp|[silent]
|-status|p2a: Gothitelle|slp|[from] move: Rest
|move|p1a: Alomomola|Mirror Coat|p2a: Gothitelle
|-fail|p2a: Gothitelle
|
|turn|15
|
|cant|p2a: Gothitelle|slp
|move|p1a: Alomomola|Mirror Coat|p2a: Gothitelle
|-fail|p2a: Gothitelle
|
|turn|16
|
|cant|p2a: Gothitelle|slp
|move|p1a: Alomomola|Mirror Coat|p2a: Gothitelle
|-fail|p2a: Gothitelle
|
|turn|17
|
|-curestatus|p2a: Gothitelle|slp
|move|p2a: Gothitelle|Calm Mind|p2a: Gothitelle
|-boost|p2a: Gothitelle|spa|1
|-boost|p2a: Gothitelle|spd|1
|move|p1a: Alomomola|Mirror Coat|p2a: Gothitelle
|-fail|p2a: Gothitelle
|
|turn|18
|
|move|p2a: Gothitelle|Calm Mind|p2a: Gothitelle
|-boost|p2a: Gothitelle|spa|1
|-boost|p2a: Gothitelle|spd|1
|move|p1a: Alomomola|Mirror Coat|p2a: Gothitelle
|-fail|p2a: Gothitelle
|
|turn|19
|
|move|p2a: Gothitelle|Calm Mind|p2a: Gothitelle
|-boost|p2a: Gothitelle|spa|1
|-boost|p2a: Gothitelle|spd|1
|move|p1a: Alomomola|Mirror Coat|p2a: Gothitelle
|-fail|p2a: Gothitelle
|
|turn|20
|
|move|p2a: Gothitelle|Calm Mind|p2a: Gothitelle
|-boost|p2a: Gothitelle|spa|1
|-boost|p2a: Gothitelle|spd|1
|move|p1a: Alomomola|Mirror Coat|p2a: Gothitelle
|-fail|p2a: Gothitelle
|
|turn|21
|
|move|p2a: Gothitelle|Calm Mind|p2a: Gothitelle
|-boost|p2a: Gothitelle|spa|1
|-boost|p2a: Gothitelle|spd|1
|move|p1a: Alomomola|Mirror Coat|p2a: Gothitelle
|-fail|p2a: Gothitelle
|
|turn|22
|
|move|p2a: Gothitelle|Calm Mind|p2a: Gothitelle
|-boost|p2a: Gothitelle|spa|1
|-boost|p2a: Gothitelle|spd|1
|move|p1a: Alomomola|Mirror Coat|p2a: Gothitelle
|-fail|p2a: Gothitelle
|
|turn|23
|
|move|p2a: Gothitelle|Calm Mind|p2a: Gothitelle
|-fail|p2a: Gothitelle
|move|p1a: Alomomola|Mirror Coat|p2a: Gothitelle
|-fail|p2a: Gothitelle
|
|turn|24
|join|masati 3
|
|move|p2a: Gothitelle|Calm Mind|p2a: Gothitelle
|-fail|p2a: Gothitelle
|move|p1a: Alomomola|Mirror Coat|p2a: Gothitelle
|-fail|p2a: Gothitelle
|
|turn|25
|
|move|p2a: Gothitelle|Calm Mind|p2a: Gothitelle
|-fail|p2a: Gothitelle
|move|p1a: Alomomola|Mirror Coat|p2a: Gothitelle
|-fail|p2a: Gothitelle
|
|turn|26
|
|move|p2a: Gothitelle|Calm Mind|p2a: Gothitelle
|-fail|p2a: Gothitelle
|move|p1a: Alomomola|Mirror Coat|p2a: Gothitelle
|-fail|p2a: Gothitelle
|
|turn|27
|
|move|p2a: Gothitelle|Calm Mind|p2a: Gothitelle
|-fail|p2a: Gothitelle
|move|p1a: Alomomola|Mirror Coat|p2a: Gothitelle
|-fail|p2a: Gothitelle
|
|turn|28
|
|move|p2a: Gothitelle|Calm Mind|p2a: Gothitelle
|-fail|p2a: Gothitelle
|move|p1a: Alomomola|Mirror Coat|p2a: Gothitelle
|-fail|p2a: Gothitelle
|
|turn|29
|
|move|p2a: Gothitelle|Calm Mind|p2a: Gothitelle
|-fail|p2a: Gothitelle
|move|p1a: Alomomola|Mirror Coat|p2a: Gothitelle
|-fail|p2a: Gothitelle
|
|turn|30
|
|move|p2a: Gothitelle|Calm Mind|p2a: Gothitelle
|-fail|p2a: Gothitelle
|move|p1a: Alomomola|Mirror Coat|p2a: Gothitelle
|-fail|p2a: Gothitelle
|
|turn|31
|
|move|p2a: Gothitelle|Calm Mind|p2a: Gothitelle
|-fail|p2a: Gothitelle
|move|p1a: Alomomola|Mirror Coat|p2a: Gothitelle
|-fail|p2a: Gothitelle
|
|turn|32
|
|move|p2a: Gothitelle|Calm Mind|p2a: Gothitelle
|-fail|p2a: Gothitelle
|move|p1a: Alomomola|Mirror Coat|p2a: Gothitelle
|-fail|p2a: Gothitelle
|
|turn|33
|
|move|p2a: Gothitelle|Rest|p2a: Gothitelle
|-fail|p2a: Gothitelle
|move|p1a: Alomomola|Mirror Coat|p2a: Gothitelle
|-fail|p2a: Gothitelle
|
|turn|34
|
|move|p2a: Gothitelle|Rest|p2a: Gothitelle
|-fail|p2a: Gothitelle
|move|p1a: Alomomola|Mirror Coat|p2a: Gothitelle
|-fail|p2a: Gothitelle
|
|turn|35
|
|move|p2a: Gothitelle|Rest|p2a: Gothitelle
|-fail|p2a: Gothitelle
|move|p1a: Alomomola|Mirror Coat|p2a: Gothitelle
|-fail|p2a: Gothitelle
|
|turn|36
|
|move|p2a: Gothitelle|Calm Mind|p2a: Gothitelle
|-fail|p2a: Gothitelle
|move|p1a: Alomomola|Mirror Coat|p2a: Gothitelle
|-fail|p2a: Gothitelle
|
|turn|37
|
|move|p2a: Gothitelle|Calm Mind|p2a: Gothitelle
|-fail|p2a: Gothitelle
|move|p1a: Alomomola|Mirror Coat|p2a: Gothitelle
|-fail|p2a: Gothitelle
|
|turn|38
|
|move|p2a: Gothitelle|Calm Mind|p2a: Gothitelle
|-fail|p2a: Gothitelle
|move|p1a: Alomomola|Mirror Coat|p2a: Gothitelle
|-fail|p2a: Gothitelle
|
|turn|39
|
|move|p2a: Gothitelle|Calm Mind|p2a: Gothitelle
|-fail|p2a: Gothitelle
|move|p1a: Alomomola|Mirror Coat|p2a: Gothitelle
|-fail|p2a: Gothitelle
|
|turn|40
|
|move|p2a: Gothitelle|Rest|p2a: Gothitelle
|-fail|p2a: Gothitelle
|move|p1a: Alomomola|Mirror Coat|p2a: Gothitelle
|-fail|p2a: Gothitelle
|
|turn|41
|
|move|p2a: Gothitelle|Rest|p2a: Gothitelle
|-fail|p2a: Gothitelle
|move|p1a: Alomomola|Mirror Coat|p2a: Gothitelle
|-fail|p2a: Gothitelle
|
|turn|42
|
|move|p2a: Gothitelle|Rest|p2a: Gothitelle
|-fail|p2a: Gothitelle
|move|p1a: Alomomola|Mirror Coat|p2a: Gothitelle
|-fail|p2a: Gothitelle
|
|turn|43
|
|move|p2a: Gothitelle|Calm Mind|p2a: Gothitelle
|-fail|p2a: Gothitelle
|move|p1a: Alomomola|Mirror Coat|p2a: Gothitelle
|-fail|p2a: Gothitelle
|
|turn|44
|
|move|p2a: Gothitelle|Calm Mind|p2a: Gothitelle
|-fail|p2a: Gothitelle
|move|p1a: Alomomola|Mirror Coat|p2a: Gothitelle
|-fail|p2a: Gothitelle
|
|turn|45
|
|move|p2a: Gothitelle|Calm Mind|p2a: Gothitelle
|-fail|p2a: Gothitelle
|-activate|p1a: Alomomola|move: Struggle
|move|p1a: Alomomola|Struggle|p2a: Gothitelle
|-damage|p2a: Gothitelle|317\/344
|-damage|p1a: Alomomola|445\/534|[from] item: Rocky Helmet|[of] p2a: Gothitelle
|-damage|p1a: Alomomola|312\/534
|
|turn|46
|
|move|p2a: Gothitelle|Trick|p1a: Alomomola
|-activate|p2a: Gothitelle|move: Trick|[of] p1a: Alomomola
|-item|p1a: Alomomola|Rocky Helmet|[from] move: Trick
|-item|p2a: Gothitelle|Choice Scarf|[from] move: Trick
|-activate|p1a: Alomomola|move: Struggle
|move|p1a: Alomomola|Struggle|p2a: Gothitelle
|-damage|p2a: Gothitelle|290\/344
|-damage|p1a: Alomomola|179\/534
|
|turn|47
|
|move|p2a: Gothitelle|Psyshock|p1a: Alomomola
|-damage|p1a: Alomomola|0 fnt
|faint|p1a: Alomomola
|
|
|switch|p1a: Clefable|Clefable, M|394\/394
|turn|48
|
|move|p2a: Gothitelle|Psyshock|p1a: Clefable
|-damage|p1a: Clefable|319\/394
|move|p1a: Clefable|Calm Mind|p1a: Clefable
|-boost|p1a: Clefable|spa|1
|-boost|p1a: Clefable|spd|1
|
|-heal|p1a: Clefable|343\/394|[from] item: Leftovers
|turn|49
|
|switch|p2a: Heatran|Heatran, M|386\/386
|move|p1a: Clefable|Calm Mind|p1a: Clefable
|-boost|p1a: Clefable|spa|1
|-boost|p1a: Clefable|spd|1
|
|-heal|p1a: Clefable|367\/394|[from] item: Leftovers
|turn|50
|
|move|p2a: Heatran|Will-O-Wisp|p1a: Clefable
|-status|p1a: Clefable|brn
|move|p1a: Clefable|Moonblast|p2a: Heatran
|-resisted|p2a: Heatran
|-damage|p2a: Heatran|349\/386
|-unboost|p2a: Heatran|spa|1
|
|-heal|p2a: Heatran|373\/386|[from] item: Leftovers
|-heal|p1a: Clefable|391\/394 brn|[from] item: Leftovers
|-damage|p1a: Clefable|342\/394 brn|[from] brn
|turn|51
|
|move|p2a: Heatran|Stealth Rock|p1a: Clefable
|-sidestart|p1: Cunty Vibes|move: Stealth Rock
|move|p1a: Clefable|Calm Mind|p1a: Clefable
|-boost|p1a: Clefable|spa|1
|-boost|p1a: Clefable|spd|1
|
|-heal|p2a: Heatran|386\/386|[from] item: Leftovers
|-heal|p1a: Clefable|366\/394 brn|[from] item: Leftovers
|-damage|p1a: Clefable|317\/394 brn|[from] brn
|turn|52
|
|move|p1a: Clefable|Calm Mind|p1a: Clefable
|-boost|p1a: Clefable|spa|1
|-boost|p1a: Clefable|spd|1
|move|p2a: Heatran|Roar|p1a: Clefable
|drag|p1a: Chansey|Chansey, F|541\/704
|-damage|p1a: Chansey|453\/704|[from] Stealth Rock
|
|turn|53
|
|switch|p2a: Medicham|Medicham-Mega, F|219\/262
|move|p1a: Chansey|Wish|p1a: Chansey
|
|turn|54
|
|switch|p1a: Scizor|Scizor, M|311\/343
|-damage|p1a: Scizor|269\/343|[from] Stealth Rock
|move|p2a: Medicham|Drain Punch|p1a: Scizor
|-damage|p1a: Scizor|109\/343
|-heal|p2a: Medicham|262\/262|[from] drain|[of] p1a: Scizor
|
|-heal|p1a: Scizor|343\/343|[from] move: Wish|[wisher] Chansey
|turn|55
|
|detailschange|p1a: Scizor|Scizor-Mega, M
|message|Scizor has Mega Evolved into Mega Scizor!
|move|p2a: Medicham|Drain Punch|p1a: Scizor
|-damage|p1a: Scizor|217\/343
|move|p1a: Scizor|Knock Off|p2a: Medicham
|-damage|p2a: Medicham|182\/262
|
|turn|56
|
|move|p2a: Medicham|Drain Punch|p1a: Scizor
|-damage|p1a: Scizor|85\/343
|-heal|p2a: Medicham|248\/262|[from] drain|[of] p1a: Scizor
|move|p1a: Scizor|Roost|p1a: Scizor
|-heal|p1a: Scizor|257\/343
|
|turn|57
|
|move|p2a: Medicham|Ice Punch|p1a: Scizor
|-resisted|p1a: Scizor
|-damage|p1a: Scizor|213\/343
|move|p1a: Scizor|Roost|p1a: Scizor
|-heal|p1a: Scizor|343\/343
|
|turn|58
|
|move|p2a: Medicham|Drain Punch|p1a: Scizor
|-damage|p1a: Scizor|225\/343
|-heal|p2a: Medicham|262\/262|[from] drain|[of] p1a: Scizor
|move|p1a: Scizor|Knock Off|p2a: Medicham
|-damage|p2a: Medicham|179\/262
|
|turn|59
|
|move|p2a: Medicham|Drain Punch|p1a: Scizor
|-damage|p1a: Scizor|90\/343
|-heal|p2a: Medicham|247\/262|[from] drain|[of] p1a: Scizor
|move|p1a: Scizor|Roost|p1a: Scizor
|-heal|p1a: Scizor|262\/343
|
|turn|60
|
|switch|p2a: Heatran|Heatran, M|386\/386
|move|p1a: Scizor|Roost|p1a: Scizor
|-heal|p1a: Scizor|343\/343
|
|turn|61
|
|switch|p1a: Chansey|Chansey, F|453\/704
|-damage|p1a: Chansey|365\/704|[from] Stealth Rock
|move|p2a: Heatran|Will-O-Wisp|p1a: Chansey|[miss]
|-miss|p2a: Heatran|p1a: Chansey
|
|turn|62
|
|switch|p1a: Scizor|Scizor-Mega, M|343\/343
|-damage|p1a: Scizor|301\/343|[from] Stealth Rock
|move|p2a: Heatran|Roar|p1a: Scizor
|drag|p1a: Landorus-Therian|Landorus-Therian, M|187\/382
|-damage|p1a: Landorus-Therian|140\/382|[from] Stealth Rock
|-ability|p1a: Landorus-Therian|Intimidate|[of] p2a: Heatran
|-unboost|p2a: Heatran|atk|1
|
|-heal|p1a: Landorus-Therian|163\/382|[from] item: Leftovers
|turn|63
|
|switch|p2a: Zapdos|Zapdos|308\/384
|-ability|p2a: Zapdos|Pressure
|move|p1a: Landorus-Therian|Earthquake|p2a: Zapdos
|-immune|p2a: Zapdos|[msg]
|
|-heal|p1a: Landorus-Therian|186\/382|[from] item: Leftovers
|turn|64
|
|switch|p1a: Conkeldurr|Conkeldurr, F|187\/401
|-damage|p1a: Conkeldurr|162\/401|[from] Stealth Rock
|move|p2a: Zapdos|Volt Switch|p1a: Conkeldurr
|-damage|p1a: Conkeldurr|72\/401
|
|switch|p2a: Medicham|Medicham-Mega, F|247\/262
|
|turn|65
|leave|Cunty Vibes
|player|p1
|-message|cuntyvibes lost due to inactivity.
|
|win|Mega Nymphali
|raw|Ladder updating...
|raw|Cunty Vibes's rating: 1898 &rarr; <strong>1869<\/strong><br \/>(-29 for losing)
|raw|Mega Nymphali's rating: 1729 &rarr; <strong>1758<\/strong><br \/>(+29 for winning)