|join|Cunty Vibes
|join|bluri
|player|p1|Cunty Vibes|185
|player|p2|bluri|97
|gametype|singles
|gen|6
|tier|OU
|rated
|clearpoke
|poke|p1|Clefable, M
|poke|p1|Conkeldurr, M
|poke|p1|Landorus-Therian, M
|poke|p1|Chansey, F
|poke|p1|Scizor, M
|poke|p1|Alomomola, F
|poke|p2|Landorus, M
|poke|p2|Thundurus, M
|poke|p2|Tyranitar, M
|poke|p2|Alomomola, F
|poke|p2|Ferrothorn, M
|poke|p2|Gardevoir, F
|rule|Swagger Clause: Swagger is banned
|rule|Baton Pass Clause: Limit one PokÃ©mon knowing Baton Pass
|rule|Sleep Clause Mod: Limit one foe put to sleep
|rule|Species Clause: Limit one of each PokÃ©mon
|rule|OHKO Clause: OHKO moves are banned
|rule|Moody Clause: Moody is banned
|rule|Evasion Moves Clause: Evasion moves are banned
|rule|Endless Battle Clause: Forcing endless battles is banned
|rule|HP Percentage Mod: HP is shown in percentages
|teampreview
|join|kloshitteroladelo
|c|âbluri|gl
|c|âCunty Vibes|u2
|
|start
|switch|p1a: Conkeldurr|Conkeldurr, M|401\/401
|switch|p2a: Thundurus|Thundurus, M|299\/299
|turn|1
|
|switch|p2a: Alomomola|Alomomola, F|534\/534
|move|p1a: Conkeldurr|Knock Off|p2a: Alomomola
|-damage|p2a: Alomomola|420\/534
|-enditem|p2a: Alomomola|Leftovers|[from] move: Knock Off|[of] p1a: Conkeldurr
|
|turn|2
|
|switch|p1a: Alomomola|Alomomola, F|534\/534
|move|p2a: Alomomola|Wish|p2a: Alomomola
|
|turn|3
|
|move|p2a: Alomomola|Toxic|p1a: Alomomola|[miss]
|-miss|p2a: Alomomola|p1a: Alomomola
|move|p1a: Alomomola|Scald|p2a: Alomomola
|-resisted|p2a: Alomomola
|-damage|p2a: Alomomola|375\/534
|-status|p2a: Alomomola|brn
|
|-heal|p2a: Alomomola|534\/534 brn|[from] move: Wish|[wisher] Alomomola
|-damage|p2a: Alomomola|468\/534 brn|[from] brn
|turn|4
|c|âbluri|lol
|
|switch|p1a: Conkeldurr|Conkeldurr, M|401\/401
|move|p2a: Alomomola|Wish|p2a: Alomomola
|
|-damage|p2a: Alomomola|402\/534 brn|[from] brn
|turn|5
|
|switch|p2a: Gardevoir|Gardevoir, F|277\/277
|-ability|p2a: Gardevoir|Guts|[from] ability: Trace|[of] p1a: Conkeldurr
|move|p1a: Conkeldurr|Knock Off|p2a: Gardevoir
|-damage|p2a: Gardevoir|156\/277
|
|-heal|p2a: Gardevoir|277\/277|[from] move: Wish|[wisher] Alomomola
|turn|6
|
|switch|p2a: Landorus|Landorus, M|320\/320
|switch|p1a: Chansey|Chansey, F|704\/704
|
|turn|7
|join|psmalld
|
|switch|p2a: Ferrothorn|Ferrothorn, M|289\/289
|move|p1a: Chansey|Seismic Toss|p2a: Ferrothorn
|-damage|p2a: Ferrothorn|189\/289
|-damage|p1a: Chansey|616\/704|[from] ability: Iron Barbs|[of] p2a: Ferrothorn
|
|-heal|p2a: Ferrothorn|207\/289|[from] item: Leftovers
|turn|8
|
|switch|p1a: Scizor|Scizor, M|343\/343
|move|p2a: Ferrothorn|Stealth Rock|p1a: Scizor
|-sidestart|p1: Cunty Vibes|move: Stealth Rock
|
|-heal|p2a: Ferrothorn|225\/289|[from] item: Leftovers
|turn|9
|
|switch|p2a: Alomomola|Alomomola, F|534\/534 brn
|detailschange|p1a: Scizor|Scizor-Mega, M
|message|Scizor has Mega Evolved into Mega Scizor!
|move|p1a: Scizor|Defog|p2a: Alomomola
|-unboost|p2a: Alomomola|evasion|1
|-sideend|p1: Cunty Vibes|Stealth Rock|[from] move: Defog|[of] p1a: Scizor
|
|-damage|p2a: Alomomola|468\/534 brn|[from] brn
|turn|10
|
|switch|p1a: Conkeldurr|Conkeldurr, M|401\/401
|move|p2a: Alomomola|Wish|p2a: Alomomola
|
|-damage|p2a: Alomomola|402\/534 brn|[from] brn
|turn|11
|
|switch|p2a: Gardevoir|Gardevoir, F|277\/277
|-ability|p2a: Gardevoir|Guts|[from] ability: Trace|[of] p1a: Conkeldurr
|switch|p1a: Scizor|Scizor-Mega, M|343\/343
|
|turn|12
|
|switch|p2a: Alomomola|Alomomola, F|534\/534 brn
|move|p1a: Scizor|Knock Off|p2a: Alomomola
|-damage|p2a: Alomomola|477\/534 brn
|
|-damage|p2a: Alomomola|411\/534 brn|[from] brn
|turn|13
|
|switch|p1a: Conkeldurr|Conkeldurr, M|401\/401
|move|p2a: Alomomola|Wish|p2a: Alomomola
|
|-damage|p2a: Alomomola|345\/534 brn|[from] brn
|turn|14
|
|switch|p2a: Gardevoir|Gardevoir, F|277\/277
|-ability|p2a: Gardevoir|Guts|[from] ability: Trace|[of] p1a: Conkeldurr
|move|p1a: Conkeldurr|Ice Punch|p2a: Gardevoir
|-damage|p2a: Gardevoir|130\/277
|
|-heal|p2a: Gardevoir|277\/277|[from] move: Wish|[wisher] Alomomola
|turn|15
|
|switch|p1a: Chansey|Chansey, F|616\/704
|detailschange|p2a: Gardevoir|Gardevoir-Mega, F
|message|Gardevoir has Mega Evolved into Mega Gardevoir!
|move|p2a: Gardevoir|Hyper Voice|p1a: Chansey
|-crit|p1a: Chansey
|-damage|p1a: Chansey|390\/704
|
|turn|16
|
|move|p2a: Gardevoir|Taunt|p1a: Chansey
|-start|p1a: Chansey|move: Taunt
|move|p1a: Chansey|Seismic Toss|p2a: Gardevoir
|-damage|p2a: Gardevoir|177\/277
|
|turn|17
|
|switch|p1a: Scizor|Scizor-Mega, M|343\/343
|move|p2a: Gardevoir|Focus Blast|p1a: Scizor
|-damage|p1a: Scizor|170\/343
|
|turn|18
|c|âbluri|50\/50
|
|switch|p2a: Alomomola|Alomomola, F|523\/534 brn
|move|p1a: Scizor|Bullet Punch|p2a: Alomomola
|-resisted|p2a: Alomomola
|-damage|p2a: Alomomola|478\/534 brn
|
|-damage|p2a: Alomomola|412\/534 brn|[from] brn
|turn|19
|
|move|p1a: Scizor|Roost|p1a: Scizor
|-heal|p1a: Scizor|342\/343
|move|p2a: Alomomola|Scald|p1a: Scizor
|-damage|p1a: Scizor|294\/343
|
|-damage|p2a: Alomomola|346\/534 brn|[from] brn
|turn|20
|
|switch|p1a: Conkeldurr|Conkeldurr, M|401\/401
|move|p2a: Alomomola|Wish|p2a: Alomomola
|
|-damage|p2a: Alomomola|280\/534 brn|[from] brn
|turn|21
|
|switch|p2a: Gardevoir|Gardevoir-Mega, F|177\/277
|move|p1a: Conkeldurr|Ice Punch|p2a: Gardevoir
|-damage|p2a: Gardevoir|31\/277
|
|-heal|p2a: Gardevoir|277\/277|[from] move: Wish|[wisher] Alomomola
|turn|22
|
|move|p2a: Gardevoir|Hyper Voice|p1a: Conkeldurr
|-supereffective|p1a: Conkeldurr
|-damage|p1a: Conkeldurr|0 fnt
|faint|p1a: Conkeldurr
|
|
|switch|p1a: Alomomola|Alomomola, F|534\/534
|turn|23
|
|switch|p2a: Alomomola|Alomomola, F|458\/534 brn
|move|p1a: Alomomola|Toxic|p2a: Alomomola
|-fail|p2a: Alomomola
|
|-damage|p2a: Alomomola|392\/534 brn|[from] brn
|turn|24
|
|switch|p1a: Chansey|Chansey, F|390\/704
|move|p2a: Alomomola|Toxic|p1a: Chansey
|-status|p1a: Chansey|tox
|
|-damage|p2a: Alomomola|326\/534 brn|[from] brn
|-damage|p1a: Chansey|346\/704 tox|[from] psn
|turn|25
|
|switch|p2a: Thundurus|Thundurus, M|299\/299
|move|p1a: Chansey|Wish|p1a: Chansey
|
|-damage|p1a: Chansey|258\/704 tox|[from] psn
|turn|26
|
|move|p1a: Chansey|Protect|p1a: Chansey
|-singleturn|p1a: Chansey|Protect
|move|p2a: Thundurus|Nasty Plot|p2a: Thundurus
|-boost|p2a: Thundurus|spa|2
|
|-heal|p1a: Chansey|610\/704 tox|[from] move: Wish|[wisher] Chansey
|-damage|p1a: Chansey|478\/704 tox|[from] psn
|turn|27
|
|switch|p1a: Clefable|Clefable, M|394\/394
|move|p2a: Thundurus|Thunderbolt|p1a: Clefable
|-damage|p1a: Clefable|172\/394
|-damage|p2a: Thundurus|270\/299|[from] item: Life Orb
|
|-heal|p1a: Clefable|196\/394|[from] item: Leftovers
|turn|28
|
|switch|p1a: Landorus-Therian|Landorus-Therian, M|382\/382
|-ability|p1a: Landorus-Therian|Intimidate|[of] p2a: Thundurus
|-unboost|p2a: Thundurus|atk|1
|move|p2a: Thundurus|Thunderbolt|p1a: Landorus-Therian
|-immune|p1a: Landorus-Therian|[msg]
|
|turn|29
|
|switch|p1a: Chansey|Chansey, F|478\/704
|move|p2a: Thundurus|Hidden Power|p1a: Chansey
|-damage|p1a: Chansey|299\/704
|-damage|p2a: Thundurus|241\/299|[from] item: Life Orb
|
|turn|30
|
|move|p2a: Thundurus|Focus Blast|p1a: Chansey
|-supereffective|p1a: Chansey
|-damage|p1a: Chansey|0 fnt
|-damage|p2a: Thundurus|212\/299|[from] item: Life Orb
|faint|p1a: Chansey
|
|
|switch|p1a: Landorus-Therian|Landorus-Therian, M|382\/382
|-ability|p1a: Landorus-Therian|Intimidate|[of] p2a: Thundurus
|-unboost|p2a: Thundurus|atk|1
|turn|31
|
|switch|p1a: Scizor|Scizor-Mega, M|294\/343
|move|p2a: Thundurus|Hidden Power|p1a: Scizor
|-damage|p1a: Scizor|25\/343
|-damage|p2a: Thundurus|183\/299|[from] item: Life Orb
|
|turn|32
|
|switch|p1a: Clefable|Clefable, M|196\/394
|move|p2a: Thundurus|Thunderbolt|p1a: Clefable
|-damage|p1a: Clefable|0 fnt
|-damage|p2a: Thundurus|154\/299|[from] item: Life Orb
|faint|p1a: Clefable
|
|
|switch|p1a: Landorus-Therian|Landorus-Therian, M|382\/382
|-ability|p1a: Landorus-Therian|Intimidate|[of] p2a: Thundurus
|-unboost|p2a: Thundurus|atk|1
|turn|33
|
|move|p2a: Thundurus|Hidden Power|p1a: Landorus-Therian
|-damage|p1a: Landorus-Therian|47\/382
|-damage|p2a: Thundurus|125\/299|[from] item: Life Orb
|move|p1a: Landorus-Therian|Stone Edge|p2a: Thundurus
|-crit|p2a: Thundurus
|-supereffective|p2a: Thundurus
|-damage|p2a: Thundurus|0 fnt
|faint|p2a: Thundurus
|
|-heal|p1a: Landorus-Therian|70\/382|[from] item: Leftovers
|
|switch|p2a: Landorus|Landorus, M|320\/320
|turn|34
|c|âbluri|gg
|leave|kloshitteroladelo
|
|move|p2a: Landorus|Sludge Wave|p1a: Landorus-Therian
|-resisted|p1a: Landorus-Therian
|-damage|p1a: Landorus-Therian|0 fnt
|faint|p1a: Landorus-Therian
|
|
|switch|p1a: Alomomola|Alomomola, F|534\/534
|turn|35
|
|move|p2a: Landorus|Calm Mind|p2a: Landorus
|-boost|p2a: Landorus|spa|1
|-boost|p2a: Landorus|spd|1
|move|p1a: Alomomola|Mirror Coat|p2a: Landorus
|-fail|p2a: Landorus
|
|turn|36
|c|âCunty Vibes|gg
|-message|Cunty Vibes forfeited.
|
|win|bluri
|raw|Ladder updating...
|leave|Cunty Vibes
|player|p1
|raw|Cunty Vibes's rating: 1898 &rarr; <strong>1877<\/strong><br \/>(-21 for losing)
|raw|bluri's rating: 1873 &rarr; <strong>1895<\/strong><br \/>(+22 for winning)