|join|Cunty Vibes
|join|u got slowbro'ed
|player|p1|Cunty Vibes|185
|player|p2|u got slowbro'ed|167
|gametype|singles
|gen|6
|tier|OU
|rated
|clearpoke
|poke|p1|Chansey, F
|poke|p1|Cresselia, F
|poke|p1|Zapdos
|poke|p1|Alomomola, F
|poke|p1|Aegislash, M
|poke|p1|Tyranitar, M
|poke|p2|Slowbro, F
|poke|p2|Latios, M
|poke|p2|Heatran, F
|poke|p2|Scizor, M
|poke|p2|Clefable, F
|poke|p2|Terrakion
|rule|Swagger Clause: Swagger is banned
|rule|Baton Pass Clause: Limit 3 pokemon knowing Baton Pass
|rule|Sleep Clause Mod: Limit one foe put to sleep
|rule|Species Clause: Limit one of each Pokemon
|rule|OHKO Clause: OHKO moves are banned
|rule|Moody Clause: Moody is banned
|rule|Evasion Moves Clause: Evasion moves are banned
|rule|Endless Battle Clause: Forcing endless battles is banned
|rule|HP Percentage Mod: HP is reported as percentages
|teampreview
|join|consecutio
|
|start
|switch|p1a: Alomomola|Alomomola, F|534\/534
|switch|p2a: Calm|Heatran, F|385\/385
|turn|1
|
|switch|p1a: Tyranitar|Tyranitar, M|404\/404
|-weather|Sandstorm
|move|p2a: Calm|Stealth Rock|p1a: Tyranitar
|-sidestart|p1: Cunty Vibes|move: Stealth Rock
|
|-weather|Sandstorm|[upkeep]
|turn|2
|
|detailschange|p1a: Tyranitar|Tyranitar-Mega, M
|message|Tyranitar has Mega Evolved into Mega Tyranitar!
|move|p2a: Calm|Protect|p2a: Calm
|-singleturn|p2a: Calm|Protect
|move|p1a: Tyranitar|Stealth Rock|p2a: Calm
|-sidestart|p2: u got slowbro'ed|move: Stealth Rock
|
|-weather|Sandstorm|[upkeep]
|turn|3
|
|switch|p2a: bold|Slowbro, F|394\/394
|-damage|p2a: bold|345\/394|[from] Stealth Rock
|move|p1a: Tyranitar|Stone Edge|p2a: bold|[miss]
|-miss|p1a: Tyranitar|p2a: bold
|
|-weather|Sandstorm|[upkeep]
|-damage|p2a: bold|321\/394|[from] sandstorm
|-heal|p2a: bold|345\/394|[from] item: Leftovers
|turn|4
|
|switch|p1a: Aegislash|Aegislash, M|324\/324
|-damage|p1a: Aegislash|304\/324|[from] Stealth Rock
|move|p2a: bold|Scald|p1a: Aegislash
|-damage|p1a: Aegislash|246\/324
|
|-weather|Sandstorm|[upkeep]
|-damage|p2a: bold|321\/394|[from] sandstorm
|-heal|p1a: Aegislash|266\/324|[from] item: Leftovers
|-heal|p2a: bold|345\/394|[from] item: Leftovers
|turn|5
|
|switch|p2a: Scizor|Scizor, M|342\/342
|-damage|p2a: Scizor|300\/342|[from] Stealth Rock
|-formechange|p1a: Aegislash|Aegislash-Blade
|move|p1a: Aegislash|Shadow Ball|p2a: Scizor
|-damage|p2a: Scizor|93\/342
|
|-weather|none
|-heal|p1a: Aegislash|286\/324|[from] item: Leftovers
|turn|6
|
|detailschange|p2a: Scizor|Scizor-Mega, M
|message|Scizor has Mega Evolved into Mega Scizor!
|move|p2a: Scizor|Roost|p2a: Scizor
|-heal|p2a: Scizor|264\/342
|move|p1a: Aegislash|Substitute|p1a: Aegislash
|-start|p1a: Aegislash|Substitute
|-damage|p1a: Aegislash|205\/324
|
|-heal|p1a: Aegislash|225\/324|[from] item: Leftovers
|turn|7
|
|move|p2a: Scizor|Knock Off|p1a: Aegislash
|-supereffective|p1a: Aegislash
|-end|p1a: Aegislash|Substitute
|move|p1a: Aegislash|Shadow Ball|p2a: Scizor
|-damage|p2a: Scizor|95\/342
|
|-heal|p1a: Aegislash|245\/324|[from] item: Leftovers
|turn|8
|
|-formechange|p1a: Aegislash|Aegislash
|move|p1a: Aegislash|King's Shield|p1a: Aegislash
|-singleturn|p1a: Aegislash|Protect
|move|p2a: Scizor|Roost|p2a: Scizor
|-heal|p2a: Scizor|266\/342
|
|-heal|p1a: Aegislash|265\/324|[from] item: Leftovers
|turn|9
|
|switch|p1a: Alomomola|Alomomola, F|534\/534
|-damage|p1a: Alomomola|468\/534|[from] Stealth Rock
|move|p2a: Scizor|Knock Off|p1a: Alomomola
|-damage|p1a: Alomomola|382\/534
|-damage|p2a: Scizor|209\/342|[from] item: Rocky Helmet|[of] p1a: Alomomola
|-enditem|p1a: Alomomola|Rocky Helmet|[from] move: Knock Off|[of] p2a: Scizor
|
|turn|10
|
|switch|p2a: Clefable|Clefable, F|394\/394
|move|p1a: Alomomola|Scald|p2a: Clefable
|-damage|p2a: Clefable|352\/394
|
|-heal|p2a: Clefable|376\/394|[from] item: Leftovers
|turn|11
|
|switch|p1a: Aegislash|Aegislash, M|265\/324
|-damage|p1a: Aegislash|245\/324|[from] Stealth Rock
|move|p2a: Clefable|Calm Mind|p2a: Clefable
|-boost|p2a: Clefable|spa|1
|-boost|p2a: Clefable|spd|1
|
|-heal|p2a: Clefable|394\/394|[from] item: Leftovers
|-heal|p1a: Aegislash|265\/324|[from] item: Leftovers
|turn|12
|
|move|p2a: Clefable|Flamethrower|p1a: Aegislash
|-supereffective|p1a: Aegislash
|-damage|p1a: Aegislash|131\/324
|move|p1a: Aegislash|Toxic|p2a: Clefable
|-status|p2a: Clefable|tox
|
|-heal|p1a: Aegislash|151\/324|[from] item: Leftovers
|turn|13
|
|move|p1a: Aegislash|King's Shield|p1a: Aegislash
|-singleturn|p1a: Aegislash|Protect
|move|p2a: Clefable|Flamethrower|p1a: Aegislash
|-activate|p1a: Aegislash|Protect
|
|-heal|p1a: Aegislash|171\/324|[from] item: Leftovers
|turn|14
|
|switch|p1a: Chansey|Chansey, F|704\/704
|-damage|p1a: Chansey|616\/704|[from] Stealth Rock
|move|p2a: Clefable|Flamethrower|p1a: Chansey
|-damage|p1a: Chansey|552\/704
|
|turn|15
|join|Human Realm
|
|switch|p2a: Scizor|Scizor-Mega, M|209\/342
|-damage|p2a: Scizor|167\/342|[from] Stealth Rock
|move|p1a: Chansey|Wish|p1a: Chansey
|
|turn|16
|chat|Human Realm|omg
|chat|Human Realm|yes
|chat|Human Realm|best stall battle ever
|
|switch|p1a: Alomomola|Alomomola, F|534\/534
|-damage|p1a: Alomomola|468\/534|[from] Stealth Rock
|move|p2a: Scizor|Roost|p2a: Scizor
|-heal|p2a: Scizor|338\/342
|
|-heal|p1a: Alomomola|534\/534|[from] move: Wish|[wisher] Chansey
|turn|17
|
|switch|p2a: Calm|Heatran, F|385\/385
|-damage|p2a: Calm|337\/385|[from] Stealth Rock
|move|p1a: Alomomola|Scald|p2a: Calm
|-supereffective|p2a: Calm
|-damage|p2a: Calm|271\/385
|
|-heal|p2a: Calm|295\/385|[from] item: Leftovers
|turn|18
|
|move|p2a: Calm|Toxic|p1a: Alomomola
|-status|p1a: Alomomola|tox
|move|p1a: Alomomola|Scald|p2a: Calm
|-supereffective|p2a: Calm
|-damage|p2a: Calm|229\/385
|
|-heal|p2a: Calm|253\/385|[from] item: Leftovers
|-damage|p1a: Alomomola|501\/534 tox|[from] psn
|turn|19
|
|switch|p2a: Clefable|Clefable, F|394\/394 tox
|switch|p1a: Tyranitar|Tyranitar-Mega, M|404\/404
|-damage|p1a: Tyranitar|354\/404|[from] Stealth Rock
|-weather|Sandstorm
|
|-weather|Sandstorm|[upkeep]
|turn|20
|
|switch|p2a: bold|Slowbro, F|394\/394
|-damage|p2a: bold|345\/394|[from] Stealth Rock
|move|p1a: Tyranitar|Stone Edge|p2a: bold
|-damage|p2a: bold|207\/394
|
|-weather|Sandstorm|[upkeep]
|-damage|p2a: bold|183\/394|[from] sandstorm
|-heal|p2a: bold|207\/394|[from] item: Leftovers
|turn|21
|
|move|p1a: Tyranitar|Stone Edge|p2a: bold
|-damage|p2a: bold|62\/394
|move|p2a: bold|Slack Off|p2a: bold
|-heal|p2a: bold|259\/394
|
|-weather|Sandstorm|[upkeep]
|-damage|p2a: bold|235\/394|[from] sandstorm
|-heal|p2a: bold|259\/394|[from] item: Leftovers
|turn|22
|
|switch|p1a: Aegislash|Aegislash, M|171\/324
|-damage|p1a: Aegislash|151\/324|[from] Stealth Rock
|move|p2a: bold|Slack Off|p2a: bold
|-heal|p2a: bold|394\/394
|
|-weather|Sandstorm|[upkeep]
|-damage|p2a: bold|370\/394|[from] sandstorm
|-heal|p1a: Aegislash|171\/324|[from] item: Leftovers
|-heal|p2a: bold|394\/394|[from] item: Leftovers
|turn|23
|
|switch|p2a: Scizor|Scizor-Mega, M|338\/342
|-damage|p2a: Scizor|296\/342|[from] Stealth Rock
|move|p1a: Aegislash|Substitute|p1a: Aegislash
|-start|p1a: Aegislash|Substitute
|-damage|p1a: Aegislash|90\/324
|
|-weather|none
|-heal|p1a: Aegislash|110\/324|[from] item: Leftovers
|turn|24
|
|move|p1a: Aegislash|King's Shield|p1a: Aegislash
|-singleturn|p1a: Aegislash|Protect
|move|p2a: Scizor|Swords Dance|p2a: Scizor
|-boost|p2a: Scizor|atk|2
|
|-heal|p1a: Aegislash|130\/324|[from] item: Leftovers
|turn|25
|
|move|p2a: Scizor|Knock Off|p1a: Aegislash
|-supereffective|p1a: Aegislash
|-end|p1a: Aegislash|Substitute
|-formechange|p1a: Aegislash|Aegislash-Blade
|move|p1a: Aegislash|Shadow Ball|p2a: Scizor
|-damage|p2a: Scizor|124\/342
|
|-heal|p1a: Aegislash|150\/324|[from] item: Leftovers
|turn|26
|
|switch|p1a: Zapdos|Zapdos|384\/384
|-damage|p1a: Zapdos|288\/384|[from] Stealth Rock
|-ability|p1a: Zapdos|Pressure
|move|p2a: Scizor|Roost|p2a: Scizor
|-heal|p2a: Scizor|295\/342
|
|-heal|p1a: Zapdos|312\/384|[from] item: Leftovers
|turn|27
|
|switch|p2a: Clefable|Clefable, F|394\/394 tox
|move|p1a: Zapdos|Heat Wave|p2a: Clefable
|-damage|p2a: Clefable|311\/394 tox
|
|-heal|p1a: Zapdos|336\/384|[from] item: Leftovers
|-heal|p2a: Clefable|335\/394 tox|[from] item: Leftovers
|turn|28
|
|move|p1a: Zapdos|Heat Wave|p2a: Clefable
|-crit|p2a: Clefable
|-damage|p2a: Clefable|213\/394 tox
|move|p2a: Clefable|Calm Mind|p2a: Clefable
|-boost|p2a: Clefable|spa|1
|-boost|p2a: Clefable|spd|1
|
|-heal|p1a: Zapdos|360\/384|[from] item: Leftovers
|-heal|p2a: Clefable|237\/394 tox|[from] item: Leftovers
|turn|29
|join|irl cat
|
|switch|p1a: Chansey|Chansey, F|552\/704
|-damage|p1a: Chansey|464\/704|[from] Stealth Rock
|move|p2a: Clefable|Calm Mind|p2a: Clefable
|-boost|p2a: Clefable|spa|1
|-boost|p2a: Clefable|spd|1
|
|-heal|p2a: Clefable|261\/394 tox|[from] item: Leftovers
|turn|30
|join|call me a god
|
|move|p2a: Clefable|Calm Mind|p2a: Clefable
|-boost|p2a: Clefable|spa|1
|-boost|p2a: Clefable|spd|1
|move|p1a: Chansey|Wish|p1a: Chansey
|
|-heal|p2a: Clefable|285\/394 tox|[from] item: Leftovers
|turn|31
|leave|call me a god
|
|move|p2a: Clefable|Flamethrower|p1a: Chansey
|-damage|p1a: Chansey|347\/704
|move|p1a: Chansey|Seismic Toss|p2a: Clefable
|-damage|p2a: Clefable|185\/394 tox
|
|-heal|p1a: Chansey|699\/704|[from] move: Wish|[wisher] Chansey
|-heal|p2a: Clefable|209\/394 tox|[from] item: Leftovers
|turn|32
|
|move|p2a: Clefable|Calm Mind|p2a: Clefable
|-boost|p2a: Clefable|spa|1
|-boost|p2a: Clefable|spd|1
|move|p1a: Chansey|Heal Bell|p1a: Chansey
|-cureteam|p1a: Chansey|[from] move: HealBell
|
|-heal|p2a: Clefable|233\/394 tox|[from] item: Leftovers
|turn|33
|
|move|p2a: Clefable|Moonblast|p1a: Chansey
|-damage|p1a: Chansey|491\/704
|move|p1a: Chansey|Seismic Toss|p2a: Clefable
|-damage|p2a: Clefable|133\/394 tox
|
|-heal|p2a: Clefable|157\/394 tox|[from] item: Leftovers
|turn|34
|
|move|p2a: Clefable|Calm Mind|p2a: Clefable
|-boost|p2a: Clefable|spa|1
|-boost|p2a: Clefable|spd|1
|move|p1a: Chansey|Wish|p1a: Chansey
|
|-heal|p2a: Clefable|181\/394 tox|[from] item: Leftovers
|turn|35
|
|move|p2a: Clefable|Soft-Boiled|p2a: Clefable
|-heal|p2a: Clefable|378\/394 tox
|move|p1a: Chansey|Seismic Toss|p2a: Clefable
|-damage|p2a: Clefable|278\/394 tox
|
|-heal|p1a: Chansey|704\/704|[from] move: Wish|[wisher] Chansey
|-heal|p2a: Clefable|302\/394 tox|[from] item: Leftovers
|turn|36
|
|move|p2a: Clefable|Calm Mind|p2a: Clefable
|-boost|p2a: Clefable|spa|1
|-boost|p2a: Clefable|spd|1
|move|p1a: Chansey|Seismic Toss|p2a: Clefable
|-damage|p2a: Clefable|202\/394 tox
|
|-heal|p2a: Clefable|226\/394 tox|[from] item: Leftovers
|turn|37
|
|move|p2a: Clefable|Moonblast|p1a: Chansey
|-damage|p1a: Chansey|422\/704
|move|p1a: Chansey|Wish|p1a: Chansey
|
|-heal|p2a: Clefable|250\/394 tox|[from] item: Leftovers
|turn|38
|
|move|p2a: Clefable|Calm Mind|p2a: Clefable
|-fail|p2a: Clefable
|move|p1a: Chansey|Seismic Toss|p2a: Clefable
|-damage|p2a: Clefable|150\/394 tox
|
|-heal|p1a: Chansey|704\/704|[from] move: Wish|[wisher] Chansey
|-heal|p2a: Clefable|174\/394 tox|[from] item: Leftovers
|turn|39
|join|rps godd
|join|AlldaHax
|
|move|p2a: Clefable|Flamethrower|p1a: Chansey
|-damage|p1a: Chansey|528\/704
|move|p1a: Chansey|Wish|p1a: Chansey
|
|-heal|p2a: Clefable|198\/394 tox|[from] item: Leftovers
|turn|40
|
|move|p2a: Clefable|Flamethrower|p1a: Chansey
|-damage|p1a: Chansey|367\/704
|-status|p1a: Chansey|brn
|move|p1a: Chansey|Seismic Toss|p2a: Clefable
|-damage|p2a: Clefable|98\/394 tox
|
|-heal|p1a: Chansey|704\/704 brn|[from] move: Wish|[wisher] Chansey
|-heal|p2a: Clefable|122\/394 tox|[from] item: Leftovers
|-damage|p1a: Chansey|616\/704 brn|[from] brn
|turn|41
|chat|irl cat|throwin flames
|
|move|p2a: Clefable|Moonblast|p1a: Chansey
|-damage|p1a: Chansey|328\/704 brn
|move|p1a: Chansey|Heal Bell|p1a: Chansey
|-cureteam|p1a: Chansey|[from] move: HealBell
|
|-heal|p2a: Clefable|146\/394 tox|[from] item: Leftovers
|turn|42
|
|move|p2a: Clefable|Moonblast|p1a: Chansey
|-damage|p1a: Chansey|79\/704
|move|p1a: Chansey|Wish|p1a: Chansey
|
|-heal|p2a: Clefable|170\/394 tox|[from] item: Leftovers
|turn|43
|
|move|p1a: Chansey|Protect|p1a: Chansey
|-singleturn|p1a: Chansey|Protect
|move|p2a: Clefable|Calm Mind|p2a: Clefable
|-fail|p2a: Clefable
|
|-heal|p1a: Chansey|431\/704|[from] move: Wish|[wisher] Chansey
|-heal|p2a: Clefable|194\/394 tox|[from] item: Leftovers
|turn|44
|
|move|p2a: Clefable|Moonblast|p1a: Chansey
|-damage|p1a: Chansey|170\/704
|move|p1a: Chansey|Wish|p1a: Chansey
|
|-heal|p2a: Clefable|218\/394 tox|[from] item: Leftovers
|turn|45
|
|move|p1a: Chansey|Protect|p1a: Chansey
|-singleturn|p1a: Chansey|Protect
|move|p2a: Clefable|Calm Mind|p2a: Clefable
|-fail|p2a: Clefable
|
|-heal|p1a: Chansey|522\/704|[from] move: Wish|[wisher] Chansey
|-heal|p2a: Clefable|242\/394 tox|[from] item: Leftovers
|turn|46
|
|move|p2a: Clefable|Moonblast|p1a: Chansey
|-damage|p1a: Chansey|258\/704
|move|p1a: Chansey|Wish|p1a: Chansey
|
|-heal|p2a: Clefable|266\/394 tox|[from] item: Leftovers
|turn|47
|
|move|p1a: Chansey|Protect|p1a: Chansey
|-singleturn|p1a: Chansey|Protect
|move|p2a: Clefable|Calm Mind|p2a: Clefable
|-fail|p2a: Clefable
|
|-heal|p1a: Chansey|610\/704|[from] move: Wish|[wisher] Chansey
|-heal|p2a: Clefable|290\/394 tox|[from] item: Leftovers
|turn|48
|
|move|p2a: Clefable|Flamethrower|p1a: Chansey
|-damage|p1a: Chansey|436\/704
|move|p1a: Chansey|Wish|p1a: Chansey
|
|-heal|p2a: Clefable|314\/394 tox|[from] item: Leftovers
|turn|49
|
|switch|p1a: Cresselia|Cresselia, F|444\/444
|-damage|p1a: Cresselia|389\/444|[from] Stealth Rock
|move|p2a: Clefable|Moonblast|p1a: Cresselia
|-damage|p1a: Cresselia|53\/444
|
|-heal|p1a: Cresselia|405\/444|[from] move: Wish|[wisher] Chansey
|-heal|p1a: Cresselia|432\/444|[from] item: Leftovers
|-heal|p2a: Clefable|338\/394 tox|[from] item: Leftovers
|turn|50
|
|switch|p2a: bold|Slowbro, F|394\/394
|-damage|p2a: bold|345\/394|[from] Stealth Rock
|move|p1a: Cresselia|Skill Swap|p2a: bold
|-activate|p1a: Cresselia|move: Skill Swap|Regenerator|Levitate|[of] p2a: bold
|
|-heal|p1a: Cresselia|444\/444|[from] item: Leftovers
|-heal|p2a: bold|369\/394|[from] item: Leftovers
|turn|51
|
|switch|p2a: Clefable|Clefable, F|338\/394 tox
|move|p1a: Cresselia|Toxic|p2a: Clefable|[miss]
|-miss|p1a: Cresselia|p2a: Clefable
|
|-heal|p2a: Clefable|362\/394 tox|[from] item: Leftovers
|turn|52
|
|switch|p1a: Chansey|Chansey, F|436\/704
|-damage|p1a: Chansey|348\/704|[from] Stealth Rock
|switch|p2a: Scizor|Scizor-Mega, M|295\/342
|-damage|p2a: Scizor|253\/342|[from] Stealth Rock
|
|turn|53
|
|switch|p1a: Alomomola|Alomomola, F|534\/534
|-damage|p1a: Alomomola|468\/534|[from] Stealth Rock
|move|p2a: Scizor|Swords Dance|p2a: Scizor
|-boost|p2a: Scizor|atk|2
|
|turn|54
|
|switch|p2a: Modest|Latios, M|302\/302
|-damage|p2a: Modest|265\/302|[from] Stealth Rock
|move|p1a: Alomomola|Scald|p2a: Modest
|-resisted|p2a: Modest
|-damage|p2a: Modest|244\/302
|
|turn|55
|
|switch|p2a: Jolly|Terrakion|324\/324
|-damage|p2a: Jolly|304\/324|[from] Stealth Rock
|move|p1a: Alomomola|Protect|p1a: Alomomola
|-fail|p1a: Alomomola
|
|turn|56
|
|switch|p2a: bold|Slowbro, F|369\/394
|-damage|p2a: bold|320\/394|[from] Stealth Rock
|move|p1a: Alomomola|Wish|p1a: Alomomola
|
|-heal|p2a: bold|344\/394|[from] item: Leftovers
|turn|57
|
|switch|p1a: Aegislash|Aegislash, M|150\/324
|-damage|p1a: Aegislash|130\/324|[from] Stealth Rock
|move|p2a: bold|Thunder Wave|p1a: Aegislash
|-status|p1a: Aegislash|par
|
|-heal|p1a: Aegislash|324\/324 par|[from] move: Wish|[wisher] Alomomola
|-heal|p2a: bold|368\/394|[from] item: Leftovers
|turn|58
|chat|consecutio|this gonna last forever
|
|switch|p2a: Scizor|Scizor-Mega, M|253\/342
|-damage|p2a: Scizor|211\/342|[from] Stealth Rock
|-formechange|p1a: Aegislash|Aegislash-Blade
|move|p1a: Aegislash|Shadow Ball|p2a: Scizor
|-damage|p2a: Scizor|55\/342
|
|turn|59
|
|switch|p1a: Zapdos|Zapdos|360\/384
|-damage|p1a: Zapdos|264\/384|[from] Stealth Rock
|-ability|p1a: Zapdos|Pressure
|move|p2a: Scizor|Roost|p2a: Scizor
|-heal|p2a: Scizor|226\/342
|
|-heal|p1a: Zapdos|288\/384|[from] item: Leftovers
|turn|60
|
|switch|p2a: Modest|Latios, M|244\/302
|-damage|p2a: Modest|207\/302|[from] Stealth Rock
|move|p1a: Zapdos|Thunderbolt|p2a: Modest
|-resisted|p2a: Modest
|-damage|p2a: Modest|151\/302
|
|-heal|p1a: Zapdos|312\/384|[from] item: Leftovers
|turn|61
|leave|rps godd
|chat|Human Realm|cunty vibes is really good
|
|switch|p2a: Jolly|Terrakion|304\/324
|-damage|p2a: Jolly|284\/324|[from] Stealth Rock
|switch|p1a: Tyranitar|Tyranitar-Mega, M|354\/404
|-damage|p1a: Tyranitar|304\/404|[from] Stealth Rock
|-weather|Sandstorm
|
|-weather|Sandstorm|[upkeep]
|turn|62
|
|switch|p1a: Alomomola|Alomomola, F|534\/534
|-damage|p1a: Alomomola|468\/534|[from] Stealth Rock
|move|p2a: Jolly|Close Combat|p1a: Alomomola
|-damage|p1a: Alomomola|251\/534
|-unboost|p2a: Jolly|def|1
|-unboost|p2a: Jolly|spd|1
|
|-weather|Sandstorm|[upkeep]
|-damage|p1a: Alomomola|218\/534|[from] sandstorm
|turn|63
|
|switch|p1a: Aegislash|Aegislash, M|324\/324 par
|-damage|p1a: Aegislash|304\/324 par|[from] Stealth Rock
|move|p2a: Jolly|Close Combat|p1a: Aegislash
|-immune|p1a: Aegislash|[msg]
|
|-weather|Sandstorm|[upkeep]
|-heal|p1a: Aegislash|324\/324 par|[from] item: Leftovers
|turn|64
|
|switch|p2a: Clefable|Clefable, F|362\/394 tox
|-formechange|p1a: Aegislash|Aegislash-Blade
|move|p1a: Aegislash|Shadow Ball|p2a: Clefable
|-damage|p2a: Clefable|215\/394 tox
|-unboost|p2a: Clefable|spd|1
|
|-weather|Sandstorm|[upkeep]
|-heal|p2a: Clefable|239\/394 tox|[from] item: Leftovers
|turn|65
|
|switch|p2a: Calm|Heatran, F|253\/385
|-damage|p2a: Calm|205\/385|[from] Stealth Rock
|switch|p1a: Alomomola|Alomomola, F|396\/534
|-damage|p1a: Alomomola|330\/534|[from] Stealth Rock
|
|-weather|none
|-heal|p2a: Calm|229\/385|[from] item: Leftovers
|turn|66
|join|rps godd
|
|move|p2a: Calm|Toxic|p1a: Alomomola
|-status|p1a: Alomomola|tox
|move|p1a: Alomomola|Wish|p1a: Alomomola
|
|-heal|p2a: Calm|253\/385|[from] item: Leftovers
|-damage|p1a: Alomomola|297\/534 tox|[from] psn
|turn|67
|
|switch|p1a: Chansey|Chansey, F|348\/704
|-damage|p1a: Chansey|260\/704|[from] Stealth Rock
|move|p2a: Calm|Protect|p2a: Calm
|-fail|p2a: Calm
|
|-heal|p1a: Chansey|527\/704|[from] move: Wish|[wisher] Alomomola
|-heal|p2a: Calm|277\/385|[from] item: Leftovers
|turn|68
|
|switch|p2a: Scizor|Scizor-Mega, M|226\/342
|-damage|p2a: Scizor|184\/342|[from] Stealth Rock
|move|p1a: Chansey|Wish|p1a: Chansey
|
|turn|69
|
|switch|p1a: Zapdos|Zapdos|312\/384
|-damage|p1a: Zapdos|216\/384|[from] Stealth Rock
|-ability|p1a: Zapdos|Pressure
|move|p2a: Scizor|Roost|p2a: Scizor
|-heal|p2a: Scizor|342\/342
|
|-heal|p1a: Zapdos|384\/384|[from] move: Wish|[wisher] Chansey
|turn|70
|
|switch|p2a: Calm|Heatran, F|277\/385
|-damage|p2a: Calm|229\/385|[from] Stealth Rock
|move|p1a: Zapdos|Heat Wave|p2a: Calm
|-start|p2a: Calm|ability: Flash Fire
|
|-heal|p2a: Calm|253\/385|[from] item: Leftovers
|turn|71
|
|switch|p1a: Tyranitar|Tyranitar-Mega, M|304\/404
|-damage|p1a: Tyranitar|254\/404|[from] Stealth Rock
|-weather|Sandstorm
|move|p2a: Calm|Lava Plume|p1a: Tyranitar
|-resisted|p1a: Tyranitar
|-damage|p1a: Tyranitar|206\/404
|
|-weather|Sandstorm|[upkeep]
|-heal|p2a: Calm|277\/385|[from] item: Leftovers
|turn|72
|
|move|p2a: Calm|Protect|p2a: Calm
|-singleturn|p2a: Calm|Protect
|move|p1a: Tyranitar|Stone Edge|p2a: Calm
|-activate|p2a: Calm|Protect
|
|-weather|Sandstorm|[upkeep]
|-heal|p2a: Calm|301\/385|[from] item: Leftovers
|turn|73
|chat|Human Realm|Gg regardless who wins
|chat|Human Realm|.
|
|switch|p2a: bold|Slowbro, F|394\/394
|-damage|p2a: bold|345\/394|[from] Stealth Rock
|move|p1a: Tyranitar|Earthquake|p2a: bold
|-damage|p2a: bold|249\/394
|
|-weather|Sandstorm|[upkeep]
|-damage|p2a: bold|225\/394|[from] sandstorm
|-heal|p2a: bold|249\/394|[from] item: Leftovers
|turn|74
|
|switch|p1a: Alomomola|Alomomola, F|475\/534 tox
|-damage|p1a: Alomomola|409\/534 tox|[from] Stealth Rock
|move|p2a: bold|Slack Off|p2a: bold
|-heal|p2a: bold|394\/394
|
|-weather|Sandstorm|[upkeep]
|-damage|p1a: Alomomola|376\/534 tox|[from] sandstorm
|-damage|p2a: bold|370\/394|[from] sandstorm
|-heal|p2a: bold|394\/394|[from] item: Leftovers
|-damage|p1a: Alomomola|343\/534 tox|[from] psn
|turn|75
|
|switch|p2a: Clefable|Clefable, F|239\/394 tox
|move|p1a: Alomomola|Wish|p1a: Alomomola
|
|-weather|none
|-heal|p2a: Clefable|263\/394 tox|[from] item: Leftovers
|-damage|p1a: Alomomola|277\/534 tox|[from] psn
|turn|76
|
|switch|p1a: Tyranitar|Tyranitar-Mega, M|206\/404
|-damage|p1a: Tyranitar|156\/404|[from] Stealth Rock
|-weather|Sandstorm
|switch|p2a: bold|Slowbro, F|394\/394
|-damage|p2a: bold|345\/394|[from] Stealth Rock
|
|-weather|Sandstorm|[upkeep]
|-damage|p2a: bold|321\/394|[from] sandstorm
|-heal|p1a: Tyranitar|404\/404|[from] move: Wish|[wisher] Alomomola
|-heal|p2a: bold|345\/394|[from] item: Leftovers
|turn|77
|
|switch|p1a: Aegislash|Aegislash, M|324\/324 par
|-damage|p1a: Aegislash|304\/324 par|[from] Stealth Rock
|move|p2a: bold|Thunder Wave|p1a: Aegislash
|-fail|p1a: Aegislash|par
|
|-weather|Sandstorm|[upkeep]
|-damage|p2a: bold|321\/394|[from] sandstorm
|-heal|p2a: bold|345\/394|[from] item: Leftovers
|-heal|p1a: Aegislash|324\/324 par|[from] item: Leftovers
|turn|78
|
|switch|p2a: Scizor|Scizor-Mega, M|342\/342
|-damage|p2a: Scizor|300\/342|[from] Stealth Rock
|move|p1a: Aegislash|Substitute|p1a: Aegislash
|-start|p1a: Aegislash|Substitute
|-damage|p1a: Aegislash|243\/324 par
|
|-weather|Sandstorm|[upkeep]
|-heal|p1a: Aegislash|263\/324 par|[from] item: Leftovers
|turn|79
|
|cant|p1a: Aegislash|par
|move|p2a: Scizor|Swords Dance|p2a: Scizor
|-boost|p2a: Scizor|atk|2
|
|-weather|Sandstorm|[upkeep]
|-heal|p1a: Aegislash|283\/324 par|[from] item: Leftovers
|turn|80
|
|move|p2a: Scizor|Knock Off|p1a: Aegislash
|-supereffective|p1a: Aegislash
|-end|p1a: Aegislash|Substitute
|-formechange|p1a: Aegislash|Aegislash-Blade
|move|p1a: Aegislash|Shadow Ball|p2a: Scizor
|-damage|p2a: Scizor|135\/342
|
|-weather|none
|-heal|p1a: Aegislash|303\/324 par|[from] item: Leftovers
|turn|81
|
|-formechange|p1a: Aegislash|Aegislash
|move|p1a: Aegislash|King's Shield|p1a: Aegislash
|-singleturn|p1a: Aegislash|Protect
|move|p2a: Scizor|Knock Off|p1a: Aegislash
|-activate|p1a: Aegislash|Protect
|-unboost|p2a: Scizor|atk|2
|
|-heal|p1a: Aegislash|323\/324 par|[from] item: Leftovers
|turn|82
|chat|u got slowbro'ed|u kidding?
|
|switch|p1a: Zapdos|Zapdos|384\/384
|-damage|p1a: Zapdos|288\/384|[from] Stealth Rock
|-ability|p1a: Zapdos|Pressure
|move|p2a: Scizor|Roost|p2a: Scizor
|-heal|p2a: Scizor|306\/342
|
|-heal|p1a: Zapdos|312\/384|[from] item: Leftovers
|turn|83
|chat|rps godd|omg
|chat|rps godd|lol
|
|switch|p2a: Calm|Heatran, F|301\/385
|-damage|p2a: Calm|253\/385|[from] Stealth Rock
|move|p1a: Zapdos|Thunderbolt|p2a: Calm
|-damage|p2a: Calm|166\/385
|
|-heal|p1a: Zapdos|336\/384|[from] item: Leftovers
|-heal|p2a: Calm|190\/385|[from] item: Leftovers
|turn|84
|
|move|p2a: Calm|Protect|p2a: Calm
|-singleturn|p2a: Calm|Protect
|move|p1a: Zapdos|Thunderbolt|p2a: Calm
|-activate|p2a: Calm|Protect
|
|-heal|p1a: Zapdos|360\/384|[from] item: Leftovers
|-heal|p2a: Calm|214\/385|[from] item: Leftovers
|turn|85
|
|move|p1a: Zapdos|Thunderbolt|p2a: Calm
|-damage|p2a: Calm|130\/385
|move|p2a: Calm|Lava Plume|p1a: Zapdos
|-damage|p1a: Zapdos|224\/384
|
|-heal|p1a: Zapdos|248\/384|[from] item: Leftovers
|-heal|p2a: Calm|154\/385|[from] item: Leftovers
|turn|86
|
|move|p2a: Calm|Protect|p2a: Calm
|-singleturn|p2a: Calm|Protect
|move|p1a: Zapdos|Thunderbolt|p2a: Calm
|-activate|p2a: Calm|Protect
|
|-heal|p1a: Zapdos|272\/384|[from] item: Leftovers
|-heal|p2a: Calm|178\/385|[from] item: Leftovers
|turn|87
|
|switch|p1a: Chansey|Chansey, F|527\/704
|-damage|p1a: Chansey|439\/704|[from] Stealth Rock
|move|p2a: Calm|Toxic|p1a: Chansey
|-status|p1a: Chansey|tox
|
|-heal|p2a: Calm|202\/385|[from] item: Leftovers
|-damage|p1a: Chansey|395\/704 tox|[from] psn
|turn|88
|
|switch|p2a: Jolly|Terrakion|284\/324
|-damage|p2a: Jolly|264\/324|[from] Stealth Rock
|move|p1a: Chansey|Wish|p1a: Chansey
|
|-damage|p1a: Chansey|307\/704 tox|[from] psn
|turn|89
|
|move|p1a: Chansey|Protect|p1a: Chansey
|-singleturn|p1a: Chansey|Protect
|move|p2a: Jolly|Earthquake|p1a: Chansey
|-activate|p1a: Chansey|Protect
|
|-heal|p1a: Chansey|659\/704 tox|[from] move: Wish|[wisher] Chansey
|-damage|p1a: Chansey|527\/704 tox|[from] psn
|turn|90
|
|switch|p2a: Scizor|Scizor-Mega, M|306\/342
|-damage|p2a: Scizor|264\/342|[from] Stealth Rock
|switch|p1a: Cresselia|Cresselia, F|444\/444
|-damage|p1a: Cresselia|389\/444|[from] Stealth Rock
|
|-heal|p1a: Cresselia|416\/444|[from] item: Leftovers
|turn|91
|
|switch|p1a: Zapdos|Zapdos|272\/384
|-damage|p1a: Zapdos|176\/384|[from] Stealth Rock
|-ability|p1a: Zapdos|Pressure
|move|p2a: Scizor|Swords Dance|p2a: Scizor
|-boost|p2a: Scizor|atk|2
|
|-heal|p1a: Zapdos|200\/384|[from] item: Leftovers
|turn|92
|chat|u got slowbro'ed|i know u will roost
|
|switch|p2a: Jolly|Terrakion|264\/324
|-damage|p2a: Jolly|244\/324|[from] Stealth Rock
|move|p1a: Zapdos|Heat Wave|p2a: Jolly
|-resisted|p2a: Jolly
|-damage|p2a: Jolly|191\/324
|
|-heal|p1a: Zapdos|224\/384|[from] item: Leftovers
|turn|93
|
|switch|p2a: Scizor|Scizor-Mega, M|264\/342
|-damage|p2a: Scizor|222\/342|[from] Stealth Rock
|switch|p1a: Aegislash|Aegislash, M|323\/324 par
|-damage|p1a: Aegislash|303\/324 par|[from] Stealth Rock
|
|-heal|p1a: Aegislash|323\/324 par|[from] item: Leftovers
|turn|94
|
|move|p2a: Scizor|Knock Off|p1a: Aegislash
|-supereffective|p1a: Aegislash
|-damage|p1a: Aegislash|157\/324 par
|-enditem|p1a: Aegislash|Leftovers|[from] move: Knock Off|[of] p2a: Scizor
|-formechange|p1a: Aegislash|Aegislash-Blade
|move|p1a: Aegislash|Shadow Ball|p2a: Scizor
|-damage|p2a: Scizor|68\/342
|
|turn|95
|
|switch|p1a: Alomomola|Alomomola, F|455\/534 tox
|-damage|p1a: Alomomola|389\/534 tox|[from] Stealth Rock
|move|p2a: Scizor|Roost|p2a: Scizor
|-heal|p2a: Scizor|239\/342
|
|-damage|p1a: Alomomola|356\/534 tox|[from] psn
|turn|96
|
|switch|p2a: Clefable|Clefable, F|263\/394 tox
|move|p1a: Alomomola|Scald|p2a: Clefable
|-damage|p2a: Clefable|224\/394 tox
|
|-heal|p2a: Clefable|248\/394 tox|[from] item: Leftovers
|-damage|p1a: Alomomola|290\/534 tox|[from] psn
|turn|97
|
|move|p2a: Clefable|Calm Mind|p2a: Clefable
|-boost|p2a: Clefable|spa|1
|-boost|p2a: Clefable|spd|1
|move|p1a: Alomomola|Mirror Coat|p2a: Clefable
|-fail|p2a: Clefable
|
|-heal|p2a: Clefable|272\/394 tox|[from] item: Leftovers
|-damage|p1a: Alomomola|191\/534 tox|[from] psn
|turn|98
|
|switch|p1a: Chansey|Chansey, F|527\/704
|-damage|p1a: Chansey|439\/704|[from] Stealth Rock
|move|p2a: Clefable|Calm Mind|p2a: Clefable
|-boost|p2a: Clefable|spa|1
|-boost|p2a: Clefable|spd|1
|
|-heal|p2a: Clefable|296\/394 tox|[from] item: Leftovers
|turn|99
|
|move|p2a: Clefable|Calm Mind|p2a: Clefable
|-boost|p2a: Clefable|spa|1
|-boost|p2a: Clefable|spd|1
|move|p1a: Chansey|Wish|p1a: Chansey
|
|-heal|p2a: Clefable|320\/394 tox|[from] item: Leftovers
|turn|100
|
|move|p2a: Clefable|Moonblast|p1a: Chansey
|-damage|p1a: Chansey|279\/704
|-unboost|p1a: Chansey|spa|1
|move|p1a: Chansey|Seismic Toss|p2a: Clefable
|-damage|p2a: Clefable|220\/394 tox
|
|-heal|p1a: Chansey|631\/704|[from] move: Wish|[wisher] Chansey
|-heal|p2a: Clefable|244\/394 tox|[from] item: Leftovers
|turn|101
|
|switch|p1a: Cresselia|Cresselia, F|416\/444
|-damage|p1a: Cresselia|361\/444|[from] Stealth Rock
|move|p2a: Clefable|Calm Mind|p2a: Clefable
|-boost|p2a: Clefable|spa|1
|-boost|p2a: Clefable|spd|1
|
|-heal|p1a: Cresselia|388\/444|[from] item: Leftovers
|-heal|p2a: Clefable|268\/394 tox|[from] item: Leftovers
|turn|102
|
|switch|p2a: Scizor|Scizor-Mega, M|239\/342
|-damage|p2a: Scizor|197\/342|[from] Stealth Rock
|move|p1a: Cresselia|Skill Swap|p2a: Scizor
|-activate|p1a: Cresselia|move: Skill Swap|Technician|Levitate|[of] p2a: Scizor
|
|-heal|p1a: Cresselia|415\/444|[from] item: Leftovers
|turn|103
|
|switch|p1a: Zapdos|Zapdos|224\/384
|-damage|p1a: Zapdos|128\/384|[from] Stealth Rock
|-ability|p1a: Zapdos|Pressure
|move|p2a: Scizor|Knock Off|p1a: Zapdos
|-damage|p1a: Zapdos|41\/384
|-enditem|p1a: Zapdos|Leftovers|[from] move: Knock Off|[of] p2a: Scizor
|
|turn|104
|
|move|p2a: Scizor|Bullet Punch|p1a: Zapdos
|-resisted|p1a: Zapdos
|-damage|p1a: Zapdos|16\/384
|move|p1a: Zapdos|Roost|p1a: Zapdos
|-heal|p1a: Zapdos|208\/384
|
|turn|105
|chat|u got slowbro'ed|techincian
|
|switch|p2a: Modest|Latios, M|151\/302
|-damage|p2a: Modest|114\/302|[from] Stealth Rock
|move|p1a: Zapdos|Roost|p1a: Zapdos
|-heal|p1a: Zapdos|384\/384
|
|turn|106
|
|switch|p1a: Tyranitar|Tyranitar-Mega, M|404\/404
|-damage|p1a: Tyranitar|354\/404|[from] Stealth Rock
|-weather|Sandstorm
|move|p2a: Modest|Defog|p1a: Tyranitar
|-unboost|p1a: Tyranitar|evasion|1
|-sideend|p1: Cunty Vibes|Stealth Rock|[from] move: Defog|[of] p1a: Tyranitar
|-sideend|p2: u got slowbro'ed|Stealth Rock|[from] move: Defog|[of] p2a: Modest
|
|-weather|Sandstorm|[upkeep]
|-damage|p2a: Modest|96\/302|[from] sandstorm
|turn|107
|
|switch|p2a: bold|Slowbro, F|394\/394
|switch|p1a: Zapdos|Zapdos|384\/384
|-ability|p1a: Zapdos|Pressure
|
|-weather|Sandstorm|[upkeep]
|-damage|p1a: Zapdos|360\/384|[from] sandstorm
|-damage|p2a: bold|370\/394|[from] sandstorm
|-heal|p2a: bold|394\/394|[from] item: Leftovers
|turn|108
|
|switch|p2a: Modest|Latios, M|96\/302
|move|p1a: Zapdos|Thunderbolt|p2a: Modest
|-resisted|p2a: Modest
|-damage|p2a: Modest|40\/302
|
|-weather|Sandstorm|[upkeep]
|-damage|p2a: Modest|22\/302|[from] sandstorm
|-damage|p1a: Zapdos|336\/384|[from] sandstorm
|turn|109
|
|switch|p1a: Tyranitar|Tyranitar-Mega, M|354\/404
|move|p2a: Modest|Draco Meteor|p1a: Tyranitar
|-damage|p1a: Tyranitar|230\/404
|-unboost|p2a: Modest|spa|2
|
|-weather|Sandstorm|[upkeep]
|-damage|p2a: Modest|4\/302|[from] sandstorm
|turn|110
|
|switch|p2a: bold|Slowbro, F|394\/394
|move|p1a: Tyranitar|Stealth Rock|p2a: bold
|-sidestart|p2: u got slowbro'ed|move: Stealth Rock
|
|-weather|none
|turn|111
|
|switch|p1a: Chansey|Chansey, F|631\/704
|move|p2a: bold|Scald|p1a: Chansey
|-damage|p1a: Chansey|570\/704
|-status|p1a: Chansey|brn
|
|-damage|p1a: Chansey|482\/704 brn|[from] brn
|turn|112
|
|switch|p1a: Aegislash|Aegislash, M|157\/324 par
|switch|p2a: Calm|Heatran, F|202\/385
|-damage|p2a: Calm|154\/385|[from] Stealth Rock
|
|-heal|p2a: Calm|178\/385|[from] item: Leftovers
|turn|113
|
|move|p2a: Calm|Stealth Rock|p1a: Aegislash
|-sidestart|p1: Cunty Vibes|move: Stealth Rock
|-formechange|p1a: Aegislash|Aegislash-Blade
|move|p1a: Aegislash|Shadow Ball|p2a: Calm
|-damage|p2a: Calm|69\/385
|
|-heal|p2a: Calm|93\/385|[from] item: Leftovers
|turn|114
|
|switch|p1a: Alomomola|Alomomola, F|369\/534 tox
|-damage|p1a: Alomomola|303\/534 tox|[from] Stealth Rock
|move|p2a: Calm|Lava Plume|p1a: Alomomola
|-resisted|p1a: Alomomola
|-damage|p1a: Alomomola|194\/534 tox
|
|-heal|p2a: Calm|117\/385|[from] item: Leftovers
|-damage|p1a: Alomomola|161\/534 tox|[from] psn
|turn|115
|
|switch|p1a: Tyranitar|Tyranitar-Mega, M|230\/404
|-damage|p1a: Tyranitar|180\/404|[from] Stealth Rock
|-weather|Sandstorm
|move|p2a: Calm|Lava Plume|p1a: Tyranitar
|-resisted|p1a: Tyranitar
|-damage|p1a: Tyranitar|147\/404
|
|-weather|Sandstorm|[upkeep]
|-heal|p2a: Calm|141\/385|[from] item: Leftovers
|turn|116
|
|move|p2a: Calm|Protect|p2a: Calm
|-singleturn|p2a: Calm|Protect
|move|p1a: Tyranitar|Earthquake|p2a: Calm
|-activate|p2a: Calm|Protect
|
|-weather|Sandstorm|[upkeep]
|-heal|p2a: Calm|165\/385|[from] item: Leftovers
|turn|117
|
|switch|p2a: Modest|Latios, M|4\/302
|-damage|p2a: Modest|0 fnt|[from] Stealth Rock
|faint|p2a: Modest
|move|p1a: Tyranitar|Stone Edge|p2: Modest|[notarget]
|-notarget
|
|-weather|Sandstorm|[upkeep]
|
|switch|p2a: Jolly|Terrakion|191\/324
|-damage|p2a: Jolly|171\/324|[from] Stealth Rock
|turn|118
|
|switch|p1a: Cresselia|Cresselia, F|415\/444
|-damage|p1a: Cresselia|360\/444|[from] Stealth Rock
|move|p2a: Jolly|Stone Edge|p1a: Cresselia|[miss]
|-miss|p2a: Jolly|p1a: Cresselia
|
|-weather|Sandstorm|[upkeep]
|-damage|p1a: Cresselia|333\/444|[from] sandstorm
|-heal|p1a: Cresselia|360\/444|[from] item: Leftovers
|turn|119
|
|switch|p1a: Aegislash|Aegislash, M|157\/324 par
|-damage|p1a: Aegislash|137\/324 par|[from] Stealth Rock
|move|p2a: Jolly|Stone Edge|p1a: Aegislash
|-resisted|p1a: Aegislash
|-damage|p1a: Aegislash|66\/324 par
|
|-weather|none
|turn|120
|
|move|p2a: Jolly|Stone Edge|p1a: Aegislash
|-resisted|p1a: Aegislash
|-damage|p1a: Aegislash|0 fnt
|faint|p1a: Aegislash
|
|
|switch|p1a: Alomomola|Alomomola, F|339\/534 tox
|-damage|p1a: Alomomola|273\/534 tox|[from] Stealth Rock
|turn|121
|
|move|p2a: Jolly|Stone Edge|p1a: Alomomola
|-damage|p1a: Alomomola|117\/534 tox
|move|p1a: Alomomola|Wish|p1a: Alomomola
|
|-damage|p1a: Alomomola|84\/534 tox|[from] psn
|turn|122
|
|switch|p2a: Clefable|Clefable, F|268\/394 tox
|switch|p1a: Tyranitar|Tyranitar-Mega, M|147\/404
|-damage|p1a: Tyranitar|97\/404|[from] Stealth Rock
|-weather|Sandstorm
|
|-weather|Sandstorm|[upkeep]
|-heal|p1a: Tyranitar|364\/404|[from] move: Wish|[wisher] Alomomola
|-heal|p2a: Clefable|292\/394 tox|[from] item: Leftovers
|turn|123
|
|switch|p2a: bold|Slowbro, F|394\/394
|-damage|p2a: bold|345\/394|[from] Stealth Rock
|move|p1a: Tyranitar|Earthquake|p2a: bold
|-damage|p2a: bold|258\/394
|
|-weather|Sandstorm|[upkeep]
|-damage|p2a: bold|234\/394|[from] sandstorm
|-heal|p2a: bold|258\/394|[from] item: Leftovers
|turn|124
|
|switch|p1a: Zapdos|Zapdos|336\/384
|-damage|p1a: Zapdos|240\/384|[from] Stealth Rock
|-ability|p1a: Zapdos|Pressure
|move|p2a: bold|Slack Off|p2a: bold
|-heal|p2a: bold|394\/394
|
|-weather|Sandstorm|[upkeep]
|-damage|p1a: Zapdos|216\/384|[from] sandstorm
|-damage|p2a: bold|370\/394|[from] sandstorm
|-heal|p2a: bold|394\/394|[from] item: Leftovers
|turn|125
|
|switch|p2a: Clefable|Clefable, F|292\/394 tox
|move|p1a: Zapdos|Roost|p1a: Zapdos
|-heal|p1a: Zapdos|384\/384
|
|-weather|Sandstorm|[upkeep]
|-damage|p1a: Zapdos|360\/384|[from] sandstorm
|-heal|p2a: Clefable|316\/394 tox|[from] item: Leftovers
|turn|126
|chat|irl cat|how long this battle gon beeeee
|
|move|p1a: Zapdos|Thunderbolt|p2a: Clefable
|-damage|p2a: Clefable|195\/394 tox
|move|p2a: Clefable|Calm Mind|p2a: Clefable
|-boost|p2a: Clefable|spa|1
|-boost|p2a: Clefable|spd|1
|
|-weather|none
|-heal|p2a: Clefable|219\/394 tox|[from] item: Leftovers
|turn|127
|
|switch|p1a: Cresselia|Cresselia, F|360\/444
|-damage|p1a: Cresselia|305\/444|[from] Stealth Rock
|move|p2a: Clefable|Soft-Boiled|p2a: Clefable
|-heal|p2a: Clefable|394\/394 tox
|
|-heal|p1a: Cresselia|332\/444|[from] item: Leftovers
|turn|128
|
|switch|p2a: Scizor|Scizor-Mega, M|197\/342
|-damage|p2a: Scizor|155\/342|[from] Stealth Rock
|move|p1a: Cresselia|Skill Swap|p2a: Scizor
|-activate|p1a: Cresselia|move: Skill Swap|Technician|Levitate|[of] p2a: Scizor
|
|-heal|p1a: Cresselia|359\/444|[from] item: Leftovers
|turn|129
|
|switch|p1a: Zapdos|Zapdos|360\/384
|-damage|p1a: Zapdos|264\/384|[from] Stealth Rock
|-ability|p1a: Zapdos|Pressure
|move|p2a: Scizor|Roost|p2a: Scizor
|-heal|p2a: Scizor|326\/342
|
|turn|130
|chat|rps godd|when zapdos dies :[
|
|switch|p2a: Clefable|Clefable, F|394\/394 tox
|move|p1a: Zapdos|Thunderbolt|p2a: Clefable
|-damage|p2a: Clefable|277\/394 tox
|
|-heal|p2a: Clefable|301\/394 tox|[from] item: Leftovers
|turn|131
|
|move|p1a: Zapdos|Roost|p1a: Zapdos
|-heal|p1a: Zapdos|384\/384
|move|p2a: Clefable|Calm Mind|p2a: Clefable
|-boost|p2a: Clefable|spa|1
|-boost|p2a: Clefable|spd|1
|
|-heal|p2a: Clefable|325\/394 tox|[from] item: Leftovers
|turn|132
|
|switch|p1a: Cresselia|Cresselia, F|359\/444
|-damage|p1a: Cresselia|304\/444|[from] Stealth Rock
|move|p2a: Clefable|Calm Mind|p2a: Clefable
|-boost|p2a: Clefable|spa|1
|-boost|p2a: Clefable|spd|1
|
|-heal|p1a: Cresselia|331\/444|[from] item: Leftovers
|-heal|p2a: Clefable|349\/394 tox|[from] item: Leftovers
|turn|133
|
|move|p1a: Cresselia|Skill Swap|p2a: Clefable
|-activate|p1a: Cresselia|move: Skill Swap|Magic Guard|Levitate|[of] p2a: Clefable
|move|p2a: Clefable|Moonblast|p1a: Cresselia
|-damage|p1a: Cresselia|166\/444
|
|-heal|p1a: Cresselia|193\/444|[from] item: Leftovers
|-heal|p2a: Clefable|373\/394 tox|[from] item: Leftovers
|-damage|p2a: Clefable|277\/394 tox|[from] psn
|turn|134
|
|switch|p1a: Chansey|Chansey, F|482\/704
|-damage|p1a: Chansey|394\/704|[from] Stealth Rock
|switch|p2a: Jolly|Terrakion|171\/324
|-damage|p2a: Jolly|151\/324|[from] Stealth Rock
|
|turn|135
|
|move|p1a: Chansey|Protect|p1a: Chansey
|-singleturn|p1a: Chansey|Protect
|move|p2a: Jolly|Close Combat|p1a: Chansey
|-activate|p1a: Chansey|Protect
|
|turn|136
|
|switch|p1a: Zapdos|Zapdos|384\/384
|-damage|p1a: Zapdos|288\/384|[from] Stealth Rock
|-ability|p1a: Zapdos|Pressure
|move|p2a: Jolly|Close Combat|p1a: Zapdos
|-resisted|p1a: Zapdos
|-damage|p1a: Zapdos|192\/384
|-unboost|p2a: Jolly|def|1
|-unboost|p2a: Jolly|spd|1
|
|turn|137
|
|switch|p2a: Clefable|Clefable, F|277\/394 tox
|move|p1a: Zapdos|Thunderbolt|p2a: Clefable
|-damage|p2a: Clefable|151\/394 tox
|
|-heal|p2a: Clefable|175\/394 tox|[from] item: Leftovers
|turn|138
|
|move|p1a: Zapdos|Thunderbolt|p2a: Clefable
|-damage|p2a: Clefable|57\/394 tox
|move|p2a: Clefable|Soft-Boiled|p2a: Clefable
|-heal|p2a: Clefable|254\/394 tox
|
|-heal|p2a: Clefable|278\/394 tox|[from] item: Leftovers
|turn|139
|
|move|p1a: Zapdos|Roost|p1a: Zapdos
|-heal|p1a: Zapdos|384\/384
|move|p2a: Clefable|Soft-Boiled|p2a: Clefable
|-heal|p2a: Clefable|394\/394 tox
|
|turn|140
|
|switch|p2a: Jolly|Terrakion|151\/324
|-damage|p2a: Jolly|131\/324|[from] Stealth Rock
|move|p1a: Zapdos|Thunderbolt|p2a: Jolly
|-damage|p2a: Jolly|0 fnt
|faint|p2a: Jolly
|
|
|switch|p2a: Clefable|Clefable, F|394\/394 tox
|turn|141
|chat|Human Realm|5VS4 1 DOWN
|
|switch|p1a: Chansey|Chansey, F|394\/704
|-damage|p1a: Chansey|306\/704|[from] Stealth Rock
|move|p2a: Clefable|Calm Mind|p2a: Clefable
|-boost|p2a: Clefable|spa|1
|-boost|p2a: Clefable|spd|1
|
|turn|142
|
|move|p2a: Clefable|Calm Mind|p2a: Clefable
|-boost|p2a: Clefable|spa|1
|-boost|p2a: Clefable|spd|1
|move|p1a: Chansey|Wish|p1a: Chansey
|
|turn|143
|chat|rps godd|rip terrak
|chat|u got slowbro'ed|i see cresselia coming
|chat|u got slowbro'ed|i see cresselia coming
|
|move|p1a: Chansey|Protect|p1a: Chansey
|-singleturn|p1a: Chansey|Protect
|move|p2a: Clefable|Calm Mind|p2a: Clefable
|-boost|p2a: Clefable|spa|1
|-boost|p2a: Clefable|spd|1
|
|-heal|p1a: Chansey|658\/704|[from] move: Wish|[wisher] Chansey
|turn|144
|
|move|p2a: Clefable|Calm Mind|p2a: Clefable
|-boost|p2a: Clefable|spa|1
|-boost|p2a: Clefable|spd|1
|move|p1a: Chansey|Seismic Toss|p2a: Clefable
|-damage|p2a: Clefable|294\/394 tox
|
|-heal|p2a: Clefable|318\/394 tox|[from] item: Leftovers
|turn|145
|
|move|p2a: Clefable|Calm Mind|p2a: Clefable
|-boost|p2a: Clefable|spa|1
|-boost|p2a: Clefable|spd|1
|move|p1a: Chansey|Seismic Toss|p2a: Clefable
|-damage|p2a: Clefable|218\/394 tox
|
|-heal|p2a: Clefable|242\/394 tox|[from] item: Leftovers
|turn|146
|
|move|p2a: Clefable|Moonblast|p1a: Chansey
|-damage|p1a: Chansey|439\/704
|-unboost|p1a: Chansey|spa|1
|move|p1a: Chansey|Seismic Toss|p2a: Clefable
|-damage|p2a: Clefable|142\/394 tox
|
|-heal|p2a: Clefable|166\/394 tox|[from] item: Leftovers
|turn|147
|
|switch|p1a: Cresselia|Cresselia, F|193\/444
|-damage|p1a: Cresselia|138\/444|[from] Stealth Rock
|move|p2a: Clefable|Moonblast|p1a: Cresselia
|-damage|p1a: Cresselia|0 fnt
|faint|p1a: Cresselia
|
|-heal|p2a: Clefable|190\/394 tox|[from] item: Leftovers
|
|switch|p1a: Tyranitar|Tyranitar-Mega, M|364\/404
|-damage|p1a: Tyranitar|314\/404|[from] Stealth Rock
|-weather|Sandstorm
|turn|148
|
|switch|p2a: bold|Slowbro, F|394\/394
|-damage|p2a: bold|345\/394|[from] Stealth Rock
|move|p1a: Tyranitar|Stone Edge|p2a: bold
|-damage|p2a: bold|210\/394
|
|-weather|Sandstorm|[upkeep]
|-damage|p2a: bold|186\/394|[from] sandstorm
|-heal|p2a: bold|210\/394|[from] item: Leftovers
|turn|149
|
|switch|p2a: Scizor|Scizor-Mega, M|326\/342
|-damage|p2a: Scizor|284\/342|[from] Stealth Rock
|move|p1a: Tyranitar|Stone Edge|p2a: Scizor|[miss]
|-miss|p1a: Tyranitar|p2a: Scizor
|
|-weather|Sandstorm|[upkeep]
|turn|150
|
|switch|p2a: Calm|Heatran, F|165\/385
|-damage|p2a: Calm|117\/385|[from] Stealth Rock
|switch|p1a: Zapdos|Zapdos|384\/384
|-damage|p1a: Zapdos|288\/384|[from] Stealth Rock
|-ability|p1a: Zapdos|Pressure
|
|-weather|Sandstorm|[upkeep]
|-damage|p1a: Zapdos|264\/384|[from] sandstorm
|-heal|p2a: Calm|141\/385|[from] item: Leftovers
|turn|151
|
|move|p2a: Calm|Protect|p2a: Calm
|-singleturn|p2a: Calm|Protect
|move|p1a: Zapdos|Roost|p1a: Zapdos
|-heal|p1a: Zapdos|384\/384
|
|-weather|Sandstorm|[upkeep]
|-damage|p1a: Zapdos|360\/384|[from] sandstorm
|-heal|p2a: Calm|165\/385|[from] item: Leftovers
|turn|152
|
|move|p1a: Zapdos|Thunderbolt|p2a: Calm
|-damage|p2a: Calm|74\/385
|move|p2a: Calm|Toxic|p1a: Zapdos
|-status|p1a: Zapdos|tox
|
|-weather|none
|-heal|p2a: Calm|98\/385|[from] item: Leftovers
|-damage|p1a: Zapdos|336\/384 tox|[from] psn
|turn|153
|
|switch|p1a: Tyranitar|Tyranitar-Mega, M|314\/404
|-damage|p1a: Tyranitar|264\/404|[from] Stealth Rock
|-weather|Sandstorm
|move|p2a: Calm|Lava Plume|p1a: Tyranitar
|-resisted|p1a: Tyranitar
|-damage|p1a: Tyranitar|231\/404
|
|-weather|Sandstorm|[upkeep]
|-heal|p2a: Calm|122\/385|[from] item: Leftovers
|turn|154
|
|move|p2a: Calm|Protect|p2a: Calm
|-singleturn|p2a: Calm|Protect
|move|p1a: Tyranitar|Earthquake|p2a: Calm
|-activate|p2a: Calm|Protect
|
|-weather|Sandstorm|[upkeep]
|-heal|p2a: Calm|146\/385|[from] item: Leftovers
|turn|155
|
|switch|p2a: Scizor|Scizor-Mega, M|284\/342
|-damage|p2a: Scizor|242\/342|[from] Stealth Rock
|move|p1a: Tyranitar|Stone Edge|p2a: Scizor|[miss]
|-miss|p1a: Tyranitar|p2a: Scizor
|
|-weather|Sandstorm|[upkeep]
|turn|156
|chat|rps godd|:]
|
|switch|p1a: Alomomola|Alomomola, F|262\/534 tox
|-damage|p1a: Alomomola|196\/534 tox|[from] Stealth Rock
|move|p2a: Scizor|Knock Off|p1a: Alomomola
|-damage|p1a: Alomomola|127\/534 tox
|
|-weather|Sandstorm|[upkeep]
|-damage|p1a: Alomomola|94\/534 tox|[from] sandstorm
|-damage|p1a: Alomomola|61\/534 tox|[from] psn
|turn|157
|chat|rps godd|looking like the game wil be over soon :]
|
|move|p2a: Scizor|Knock Off|p1a: Alomomola
|-damage|p1a: Alomomola|0 fnt
|faint|p1a: Alomomola
|
|-weather|none
|
|switch|p1a: Zapdos|Zapdos|336\/384 tox
|-damage|p1a: Zapdos|240\/384 tox|[from] Stealth Rock
|-ability|p1a: Zapdos|Pressure
|turn|158
|
|move|p1a: Zapdos|Thunderbolt|p2a: Scizor
|-damage|p2a: Scizor|122\/342
|move|p2a: Scizor|Knock Off|p1a: Zapdos
|-damage|p1a: Zapdos|178\/384 tox
|
|-damage|p1a: Zapdos|154\/384 tox|[from] psn
|turn|159
|
|move|p1a: Zapdos|Heat Wave|p2a: Scizor
|-crit|p2a: Scizor
|-supereffective|p2a: Scizor
|-damage|p2a: Scizor|0 fnt
|faint|p2a: Scizor
|
|-damage|p1a: Zapdos|106\/384 tox|[from] psn
|
|switch|p2a: Calm|Heatran, F|146\/385
|-damage|p2a: Calm|98\/385|[from] Stealth Rock
|turn|160
|
|move|p1a: Zapdos|Roost|p1a: Zapdos
|-heal|p1a: Zapdos|298\/384 tox
|move|p2a: Calm|Lava Plume|p1a: Zapdos
|-damage|p1a: Zapdos|178\/384 tox
|
|-heal|p2a: Calm|122\/385|[from] item: Leftovers
|-damage|p1a: Zapdos|106\/384 tox|[from] psn
|turn|161
|
|switch|p1a: Chansey|Chansey, F|439\/704
|-damage|p1a: Chansey|351\/704|[from] Stealth Rock
|move|p2a: Calm|Lava Plume|p1a: Chansey
|-damage|p1a: Chansey|276\/704
|
|-heal|p2a: Calm|146\/385|[from] item: Leftovers
|turn|162
|
|switch|p2a: Clefable|Clefable, F|190\/394 tox
|switch|p1a: Tyranitar|Tyranitar-Mega, M|231\/404
|-damage|p1a: Tyranitar|181\/404|[from] Stealth Rock
|-weather|Sandstorm
|
|-weather|Sandstorm|[upkeep]
|-heal|p2a: Clefable|214\/394 tox|[from] item: Leftovers
|turn|163
|
|switch|p2a: bold|Slowbro, F|341\/394
|-damage|p2a: bold|292\/394|[from] Stealth Rock
|move|p1a: Tyranitar|Earthquake|p2a: bold
|-damage|p2a: bold|199\/394
|
|-weather|Sandstorm|[upkeep]
|-damage|p2a: bold|175\/394|[from] sandstorm
|-heal|p2a: bold|199\/394|[from] item: Leftovers
|turn|164
|
|move|p1a: Tyranitar|Earthquake|p2a: bold
|-damage|p2a: bold|103\/394
|move|p2a: bold|Slack Off|p2a: bold
|-heal|p2a: bold|300\/394
|
|-weather|Sandstorm|[upkeep]
|-damage|p2a: bold|276\/394|[from] sandstorm
|-heal|p2a: bold|300\/394|[from] item: Leftovers
|turn|165
|
|move|p1a: Tyranitar|Earthquake|p2a: bold
|-damage|p2a: bold|216\/394
|move|p2a: bold|Scald|p1a: Tyranitar
|-supereffective|p1a: Tyranitar
|-damage|p1a: Tyranitar|67\/404
|
|-weather|Sandstorm|[upkeep]
|-damage|p2a: bold|192\/394|[from] sandstorm
|-heal|p2a: bold|216\/394|[from] item: Leftovers
|turn|166
|
|move|p1a: Tyranitar|Earthquake|p2a: bold
|-damage|p2a: bold|118\/394
|move|p2a: bold|Slack Off|p2a: bold
|-heal|p2a: bold|315\/394
|
|-weather|none
|-heal|p2a: bold|339\/394|[from] item: Leftovers
|turn|167
|
|move|p1a: Tyranitar|Ice Punch|p2a: bold
|-resisted|p2a: bold
|-damage|p2a: bold|306\/394
|move|p2a: bold|Thunder Wave|p1a: Tyranitar
|-status|p1a: Tyranitar|par
|
|-heal|p2a: bold|330\/394|[from] item: Leftovers
|turn|168
|
|move|p2a: bold|Psyshock|p1a: Tyranitar
|-immune|p1a: Tyranitar|[msg]
|move|p1a: Tyranitar|Earthquake|p2a: bold
|-damage|p2a: bold|240\/394
|
|-heal|p2a: bold|264\/394|[from] item: Leftovers
|turn|169
|
|switch|p2a: Clefable|Clefable, F|214\/394 tox
|move|p1a: Tyranitar|Earthquake|p2a: Clefable
|-damage|p2a: Clefable|74\/394 tox
|
|-heal|p2a: Clefable|98\/394 tox|[from] item: Leftovers
|turn|170
|
|move|p2a: Clefable|Soft-Boiled|p2a: Clefable
|-heal|p2a: Clefable|295\/394 tox
|move|p1a: Tyranitar|Earthquake|p2a: Clefable
|-crit|p2a: Clefable
|-damage|p2a: Clefable|97\/394 tox
|
|-heal|p2a: Clefable|121\/394 tox|[from] item: Leftovers
|turn|171
|
|move|p2a: Clefable|Soft-Boiled|p2a: Clefable
|-heal|p2a: Clefable|318\/394 tox
|cant|p1a: Tyranitar|par
|
|-heal|p2a: Clefable|342\/394 tox|[from] item: Leftovers
|turn|172
|
|move|p2a: Clefable|Calm Mind|p2a: Clefable
|-boost|p2a: Clefable|spa|1
|-boost|p2a: Clefable|spd|1
|move|p1a: Tyranitar|Earthquake|p2a: Clefable
|-damage|p2a: Clefable|208\/394 tox
|
|-heal|p2a: Clefable|232\/394 tox|[from] item: Leftovers
|turn|173
|
|move|p2a: Clefable|Moonblast|p1a: Tyranitar
|-supereffective|p1a: Tyranitar
|-damage|p1a: Tyranitar|0 fnt
|faint|p1a: Tyranitar
|
|-heal|p2a: Clefable|256\/394 tox|[from] item: Leftovers
|
|switch|p1a: Chansey|Chansey, F|276\/704
|-damage|p1a: Chansey|188\/704|[from] Stealth Rock
|turn|174
|
|move|p2a: Clefable|Calm Mind|p2a: Clefable
|-boost|p2a: Clefable|spa|1
|-boost|p2a: Clefable|spd|1
|move|p1a: Chansey|Wish|p1a: Chansey
|
|-heal|p2a: Clefable|280\/394 tox|[from] item: Leftovers
|turn|175
|
|move|p2a: Clefable|Flamethrower|p1a: Chansey
|-damage|p1a: Chansey|106\/704
|move|p1a: Chansey|Heal Bell|p1a: Chansey
|-cureteam|p1a: Chansey|[from] move: HealBell
|
|-heal|p1a: Chansey|458\/704|[from] move: Wish|[wisher] Chansey
|-heal|p2a: Clefable|304\/394 tox|[from] item: Leftovers
|turn|176
|
|move|p2a: Clefable|Calm Mind|p2a: Clefable
|-boost|p2a: Clefable|spa|1
|-boost|p2a: Clefable|spd|1
|move|p1a: Chansey|Seismic Toss|p2a: Clefable
|-damage|p2a: Clefable|204\/394 tox
|
|-heal|p2a: Clefable|228\/394 tox|[from] item: Leftovers
|turn|177
|
|move|p2a: Clefable|Calm Mind|p2a: Clefable
|-boost|p2a: Clefable|spa|1
|-boost|p2a: Clefable|spd|1
|move|p1a: Chansey|Seismic Toss|p2a: Clefable
|-damage|p2a: Clefable|128\/394 tox
|
|-heal|p2a: Clefable|152\/394 tox|[from] item: Leftovers
|turn|178
|
|move|p2a: Clefable|Soft-Boiled|p2a: Clefable
|-heal|p2a: Clefable|349\/394 tox
|move|p1a: Chansey|Seismic Toss|p2a: Clefable
|-damage|p2a: Clefable|249\/394 tox
|
|-heal|p2a: Clefable|273\/394 tox|[from] item: Leftovers
|turn|179
|
|move|p2a: Clefable|Calm Mind|p2a: Clefable
|-boost|p2a: Clefable|spa|1
|-boost|p2a: Clefable|spd|1
|move|p1a: Chansey|Seismic Toss|p2a: Clefable
|-damage|p2a: Clefable|173\/394 tox
|
|-heal|p2a: Clefable|197\/394 tox|[from] item: Leftovers
|turn|180
|
|move|p2a: Clefable|Soft-Boiled|p2a: Clefable
|-heal|p2a: Clefable|394\/394 tox
|move|p1a: Chansey|Wish|p1a: Chansey
|
|turn|181
|
|switch|p1a: Zapdos|Zapdos|106\/384
|-damage|p1a: Zapdos|10\/384|[from] Stealth Rock
|-ability|p1a: Zapdos|Pressure
|move|p2a: Clefable|Calm Mind|p2a: Clefable
|-boost|p2a: Clefable|spa|1
|-boost|p2a: Clefable|spd|1
|
|-heal|p1a: Zapdos|362\/384|[from] move: Wish|[wisher] Chansey
|turn|182
|
|move|p1a: Zapdos|Thunderbolt|p2a: Clefable
|-damage|p2a: Clefable|363\/394 tox
|move|p2a: Clefable|Moonblast|p1a: Zapdos
|-damage|p1a: Zapdos|0 fnt
|faint|p1a: Zapdos
|
|-heal|p2a: Clefable|387\/394 tox|[from] item: Leftovers
|
|switch|p1a: Chansey|Chansey, F|458\/704
|-damage|p1a: Chansey|370\/704|[from] Stealth Rock
|turn|183
|chat|Cunty Vibes|gg
|
|move|p2a: Clefable|Moonblast|p1a: Chansey
|-damage|p1a: Chansey|88\/704
|move|p1a: Chansey|Seismic Toss|p2a: Clefable
|-damage|p2a: Clefable|287\/394 tox
|
|-heal|p2a: Clefable|311\/394 tox|[from] item: Leftovers
|turn|184
|chat|u got slowbro'ed|gg
|
|move|p2a: Clefable|Moonblast|p1a: Chansey
|-damage|p1a: Chansey|0 fnt
|faint|p1a: Chansey
|
|win|u got slowbro'ed
|raw|Ladder updating...
|raw|Cunty Vibes's rating: 1922 &rarr; <strong>1907<\/strong><br \/>(-15 for losing)
|raw|u got slowbro&apos;ed's rating: 2016 &rarr; <strong>2031<\/strong><br \/>(+15 for winning)
|chat|consecutio|gg
|leave|Cunty Vibes
|player|p1