|join|badapplepi
|join|Cunty Vibes
|player|p1|badapplepi|148
|player|p2|Cunty Vibes|185
|gametype|singles
|gen|6
|tier|OU
|rated
|clearpoke
|poke|p1|Rotom-Wash, shiny
|poke|p1|Dragonite, F
|poke|p1|Scizor, F
|poke|p1|Talonflame, M
|poke|p1|Machamp, F
|poke|p1|Mew, shiny
|poke|p2|Clefable, F
|poke|p2|Conkeldurr, F
|poke|p2|Landorus-Therian, M
|poke|p2|Chansey, F
|poke|p2|Scizor, F
|poke|p2|Alomomola, F
|rule|Swagger Clause: Swagger is banned
|rule|Baton Pass Clause: Limit one PokÃ©mon knowing Baton Pass
|rule|Sleep Clause Mod: Limit one foe put to sleep
|rule|Species Clause: Limit one of each PokÃ©mon
|rule|OHKO Clause: OHKO moves are banned
|rule|Moody Clause: Moody is banned
|rule|Evasion Moves Clause: Evasion moves are banned
|rule|Endless Battle Clause: Forcing endless battles is banned
|rule|HP Percentage Mod: HP is reported as percentages
|teampreview
|
|start
|switch|p1a: Rotom-Wash|Rotom-Wash, shiny|304\/304
|switch|p2a: Conkeldurr|Conkeldurr, F|401\/401
|turn|1
|
|move|p1a: Rotom-Wash|Hydro Pump|p2a: Conkeldurr
|-damage|p2a: Conkeldurr|286\/401
|move|p2a: Conkeldurr|Knock Off|p1a: Rotom-Wash
|-damage|p1a: Rotom-Wash|192\/304
|-enditem|p1a: Rotom-Wash|Choice Scarf|[from] move: Knock Off|[of] p2a: Conkeldurr
|
|turn|2
|
|move|p1a: Rotom-Wash|Hydro Pump|p2a: Conkeldurr
|-damage|p2a: Conkeldurr|166\/401
|move|p2a: Conkeldurr|Drain Punch|p1a: Rotom-Wash
|-damage|p1a: Rotom-Wash|57\/304
|-heal|p2a: Conkeldurr|234\/401|[from] drain|[of] p1a: Rotom-Wash
|
|turn|3
|
|move|p2a: Conkeldurr|Mach Punch|p1a: Rotom-Wash
|-damage|p1a: Rotom-Wash|0 fnt
|faint|p1a: Rotom-Wash
|
|
|switch|p1a: Machamp|Machamp, F|384\/384
|turn|4
|
|switch|p2a: Alomomola|Alomomola, F|534\/534
|move|p1a: Machamp|Dynamic Punch|p2a: Alomomola
|-damage|p2a: Alomomola|354\/534
|-damage|p1a: Machamp|320\/384|[from] item: Rocky Helmet|[of] p2a: Alomomola
|-start|p2a: Alomomola|confusion
|
|turn|5
|
|-activate|p2a: Alomomola|confusion
|move|p2a: Alomomola|Wish|p2a: Alomomola
|move|p1a: Machamp|Knock Off|p2a: Alomomola
|-damage|p2a: Alomomola|248\/534
|-damage|p1a: Machamp|256\/384|[from] item: Rocky Helmet|[of] p2a: Alomomola
|-enditem|p2a: Alomomola|Rocky Helmet|[from] move: Knock Off|[of] p1a: Machamp
|
|turn|6
|
|-activate|p2a: Alomomola|confusion
|-damage|p2a: Alomomola|232\/534|[from] confusion
|move|p1a: Machamp|Dynamic Punch|p2a: Alomomola
|-damage|p2a: Alomomola|70\/534
|
|-heal|p2a: Alomomola|337\/534|[from] move: Wish|[wisher] Alomomola
|turn|7
|
|switch|p2a: Clefable|Clefable, F|394\/394
|move|p1a: Machamp|Dynamic Punch|p2a: Clefable
|-resisted|p2a: Clefable
|-damage|p2a: Clefable|313\/394
|-start|p2a: Clefable|confusion
|
|-heal|p2a: Clefable|337\/394|[from] item: Leftovers
|turn|8
|
|switch|p2a: Alomomola|Alomomola, F|515\/534
|switch|p1a: Mew|Mew, shiny|404\/404
|
|turn|9
|
|move|p1a: Mew|Will-O-Wisp|p2a: Alomomola
|-status|p2a: Alomomola|brn
|move|p2a: Alomomola|Toxic|p1a: Mew
|-status|p1a: Mew|tox
|
|-damage|p1a: Mew|379\/404 tox|[from] psn
|-damage|p2a: Alomomola|449\/534 brn|[from] brn
|turn|10
|
|move|p1a: Mew|Stealth Rock|p2a: Alomomola
|-sidestart|p2: Cunty Vibes|move: Stealth Rock
|move|p2a: Alomomola|Wish|p2a: Alomomola
|
|-heal|p1a: Mew|404\/404 tox|[from] item: Leftovers
|-damage|p1a: Mew|354\/404 tox|[from] psn
|-damage|p2a: Alomomola|383\/534 brn|[from] brn
|turn|11
|
|switch|p2a: Conkeldurr|Conkeldurr, F|234\/401
|-damage|p2a: Conkeldurr|209\/401|[from] Stealth Rock
|move|p1a: Mew|Roar|p2a: Conkeldurr
|drag|p2a: Scizor|Scizor, F|343\/343
|-damage|p2a: Scizor|301\/343|[from] Stealth Rock
|
|-heal|p2a: Scizor|343\/343|[from] move: Wish|[wisher] Alomomola
|-heal|p1a: Mew|379\/404 tox|[from] item: Leftovers
|-damage|p1a: Mew|304\/404 tox|[from] psn
|turn|12
|
|switch|p1a: Machamp|Machamp, F|256\/384
|detailschange|p2a: Scizor|Scizor-Mega, F
|message|Scizor has Mega Evolved into Mega Scizor!
|move|p2a: Scizor|Knock Off|p1a: Machamp
|-resisted|p1a: Machamp
|-damage|p1a: Machamp|194\/384
|-enditem|p1a: Machamp|Quick Claw|[from] move: Knock Off|[of] p2a: Scizor
|
|turn|13
|
|move|p2a: Scizor|Defog|p1a: Machamp
|-unboost|p1a: Machamp|evasion|1
|-sideend|p2: Cunty Vibes|Stealth Rock|[from] move: Defog|[of] p2a: Scizor
|move|p1a: Machamp|Dynamic Punch|p2a: Scizor
|-damage|p2a: Scizor|228\/343
|-start|p2a: Scizor|confusion
|
|turn|14
|
|switch|p2a: Alomomola|Alomomola, F|534\/534 brn
|move|p1a: Machamp|Dynamic Punch|p2a: Alomomola
|-crit|p2a: Alomomola
|-damage|p2a: Alomomola|282\/534 brn
|-start|p2a: Alomomola|confusion
|
|-damage|p2a: Alomomola|216\/534 brn|[from] brn
|turn|15
|
|switch|p2a: Clefable|Clefable, F|337\/394
|move|p1a: Machamp|Dynamic Punch|p2a: Clefable
|-resisted|p2a: Clefable
|-damage|p2a: Clefable|257\/394
|-start|p2a: Clefable|confusion
|
|-heal|p2a: Clefable|281\/394|[from] item: Leftovers
|turn|16
|
|switch|p1a: Mew|Mew, shiny|304\/404 tox
|-activate|p2a: Clefable|confusion
|-damage|p2a: Clefable|264\/394|[from] confusion
|
|-heal|p1a: Mew|329\/404 tox|[from] item: Leftovers
|-heal|p2a: Clefable|288\/394|[from] item: Leftovers
|-damage|p1a: Mew|304\/404 tox|[from] psn
|turn|17
|
|switch|p2a: Conkeldurr|Conkeldurr, F|209\/401
|move|p1a: Mew|Stealth Rock|p2a: Conkeldurr
|-sidestart|p2: Cunty Vibes|move: Stealth Rock
|
|-heal|p1a: Mew|329\/404 tox|[from] item: Leftovers
|-damage|p1a: Mew|279\/404 tox|[from] psn
|turn|18
|
|switch|p1a: Dragonite|Dragonite, F|324\/324
|move|p2a: Conkeldurr|Drain Punch|p1a: Dragonite
|-resisted|p1a: Dragonite
|-damage|p1a: Dragonite|281\/324
|-heal|p2a: Conkeldurr|231\/401|[from] drain|[of] p1a: Dragonite
|
|turn|19
|
|switch|p2a: Landorus-Therian|Landorus-Therian, M|382\/382
|-damage|p2a: Landorus-Therian|335\/382|[from] Stealth Rock
|-ability|p2a: Landorus-Therian|Intimidate|[of] p1a: Dragonite
|-unboost|p1a: Dragonite|atk|1
|move|p1a: Dragonite|Outrage|p2a: Landorus-Therian
|-damage|p2a: Landorus-Therian|206\/382
|
|-heal|p2a: Landorus-Therian|229\/382|[from] item: Leftovers
|turn|20
|
|move|p1a: Dragonite|Outrage|p2a: Landorus-Therian
|-damage|p2a: Landorus-Therian|106\/382
|move|p2a: Landorus-Therian|Stone Edge|p1a: Dragonite
|-supereffective|p1a: Dragonite
|-damage|p1a: Dragonite|43\/324
|
|-end|p1a: Dragonite|rampage
|-start|p1a: Dragonite|confusion
|-heal|p2a: Landorus-Therian|129\/382|[from] item: Leftovers
|-enditem|p1a: Dragonite|Lum Berry|[eat]
|-end|p1a: Dragonite|confusion
|turn|21
|
|switch|p2a: Scizor|Scizor-Mega, F|228\/343
|-damage|p2a: Scizor|186\/343|[from] Stealth Rock
|move|p1a: Dragonite|Earthquake|p2a: Scizor
|-damage|p2a: Scizor|130\/343
|
|turn|22
|
|move|p1a: Dragonite|Extreme Speed|p2a: Scizor
|-resisted|p2a: Scizor
|-damage|p2a: Scizor|110\/343
|move|p2a: Scizor|Roost|p2a: Scizor
|-heal|p2a: Scizor|282\/343
|
|turn|23
|
|switch|p1a: Talonflame|Talonflame, M|298\/298
|move|p2a: Scizor|Defog|p1a: Talonflame
|-unboost|p1a: Talonflame|evasion|1
|-sideend|p2: Cunty Vibes|Stealth Rock|[from] move: Defog|[of] p2a: Scizor
|
|turn|24
|
|switch|p2a: Alomomola|Alomomola, F|394\/534 brn
|move|p1a: Talonflame|Swords Dance|p1a: Talonflame
|-boost|p1a: Talonflame|atk|2
|
|-damage|p2a: Alomomola|328\/534 brn|[from] brn
|turn|25
|
|switch|p2a: Clefable|Clefable, F|288\/394
|move|p1a: Talonflame|Brave Bird|p2a: Clefable
|-damage|p2a: Clefable|132\/394
|-damage|p1a: Talonflame|247\/298|[from] recoil|[of] p2a: Clefable
|
|-heal|p2a: Clefable|156\/394|[from] item: Leftovers
|turn|26
|
|move|p1a: Talonflame|Brave Bird|p2a: Clefable
|-damage|p2a: Clefable|0 fnt
|-damage|p1a: Talonflame|196\/298|[from] recoil|[of] p2a: Clefable
|faint|p2a: Clefable
|
|
|switch|p2a: Alomomola|Alomomola, F|506\/534 brn
|turn|27
|
|move|p1a: Talonflame|Brave Bird|p2a: Alomomola
|-damage|p2a: Alomomola|175\/534 brn
|-damage|p1a: Talonflame|87\/298|[from] recoil|[of] p2a: Alomomola
|move|p2a: Alomomola|Scald|p1a: Talonflame
|-supereffective|p1a: Talonflame
|-damage|p1a: Talonflame|0 fnt
|faint|p1a: Talonflame
|
|-damage|p2a: Alomomola|109\/534 brn|[from] brn
|
|switch|p1a: Machamp|Machamp, F|194\/384
|turn|28
|
|switch|p2a: Landorus-Therian|Landorus-Therian, M|129\/382
|-ability|p2a: Landorus-Therian|Intimidate|[of] p1a: Machamp
|-unboost|p1a: Machamp|atk|1
|move|p1a: Machamp|Dynamic Punch|p2a: Landorus-Therian
|-resisted|p2a: Landorus-Therian
|-damage|p2a: Landorus-Therian|78\/382
|-start|p2a: Landorus-Therian|confusion
|
|-heal|p2a: Landorus-Therian|101\/382|[from] item: Leftovers
|turn|29
|
|switch|p2a: Alomomola|Alomomola, F|287\/534 brn
|move|p1a: Machamp|Ice Punch|p2a: Alomomola
|-crit|p2a: Alomomola
|-resisted|p2a: Alomomola
|-damage|p2a: Alomomola|221\/534 brn
|
|-damage|p2a: Alomomola|155\/534 brn|[from] brn
|turn|30
|
|switch|p2a: Landorus-Therian|Landorus-Therian, M|101\/382
|-ability|p2a: Landorus-Therian|Intimidate|[of] p1a: Machamp
|-unboost|p1a: Machamp|atk|1
|move|p1a: Machamp|Ice Punch|p2a: Landorus-Therian
|-supereffective|p2a: Landorus-Therian
|-damage|p2a: Landorus-Therian|0 fnt
|faint|p2a: Landorus-Therian
|
|
|switch|p2a: Alomomola|Alomomola, F|333\/534 brn
|turn|31
|
|move|p2a: Alomomola|Wish|p2a: Alomomola
|move|p1a: Machamp|Dynamic Punch|p2a: Alomomola
|-damage|p2a: Alomomola|252\/534 brn
|-start|p2a: Alomomola|confusion
|
|-damage|p2a: Alomomola|186\/534 brn|[from] brn
|turn|32
|
|switch|p1a: Dragonite|Dragonite, F|43\/324
|-activate|p2a: Alomomola|confusion
|move|p2a: Alomomola|Scald|p1a: Dragonite
|-resisted|p1a: Dragonite
|-damage|p1a: Dragonite|22\/324
|-status|p1a: Dragonite|brn
|
|-heal|p2a: Alomomola|453\/534 brn|[from] move: Wish|[wisher] Alomomola
|-damage|p1a: Dragonite|0 fnt|[from] brn
|-damage|p2a: Alomomola|387\/534 brn|[from] brn
|faint|p1a: Dragonite
|
|switch|p1a: Machamp|Machamp, F|194\/384
|turn|33
|
|-activate|p2a: Alomomola|confusion
|-damage|p2a: Alomomola|378\/534 brn|[from] confusion
|move|p1a: Machamp|Knock Off|p2a: Alomomola
|-damage|p2a: Alomomola|306\/534 brn
|
|-damage|p2a: Alomomola|240\/534 brn|[from] brn
|turn|34
|
|switch|p1a: Mew|Mew, shiny|279\/404 tox
|-activate|p2a: Alomomola|confusion
|move|p2a: Alomomola|Toxic|p1a: Mew
|-fail|p1a: Mew|tox
|
|-heal|p1a: Mew|304\/404 tox|[from] item: Leftovers
|-damage|p1a: Mew|279\/404 tox|[from] psn
|-damage|p2a: Alomomola|174\/534 brn|[from] brn
|turn|35
|
|switch|p2a: Conkeldurr|Conkeldurr, F|231\/401
|move|p1a: Mew|Stealth Rock|p2a: Conkeldurr
|-sidestart|p2: Cunty Vibes|move: Stealth Rock
|
|-heal|p1a: Mew|304\/404 tox|[from] item: Leftovers
|-damage|p1a: Mew|254\/404 tox|[from] psn
|turn|36
|
|move|p2a: Conkeldurr|Drain Punch|p1a: Mew
|-resisted|p1a: Mew
|-damage|p1a: Mew|182\/404 tox
|-heal|p2a: Conkeldurr|267\/401|[from] drain|[of] p1a: Mew
|move|p1a: Mew|Roar|p2a: Conkeldurr
|drag|p2a: Chansey|Chansey, F|704\/704
|-damage|p2a: Chansey|616\/704|[from] Stealth Rock
|
|-heal|p1a: Mew|207\/404 tox|[from] item: Leftovers
|-damage|p1a: Mew|132\/404 tox|[from] psn
|turn|37
|
|switch|p1a: Machamp|Machamp, F|194\/384
|move|p2a: Chansey|Wish|p2a: Chansey
|
|turn|38
|
|switch|p2a: Alomomola|Alomomola, F|352\/534 brn
|-damage|p2a: Alomomola|286\/534 brn|[from] Stealth Rock
|move|p1a: Machamp|Knock Off|p2a: Alomomola
|-damage|p2a: Alomomola|215\/534 brn
|
|-heal|p2a: Alomomola|534\/534 brn|[from] move: Wish|[wisher] Chansey
|-damage|p2a: Alomomola|468\/534 brn|[from] brn
|turn|39
|
|switch|p1a: Mew|Mew, shiny|132\/404 tox
|move|p2a: Alomomola|Wish|p2a: Alomomola
|
|-heal|p1a: Mew|157\/404 tox|[from] item: Leftovers
|-damage|p1a: Mew|132\/404 tox|[from] psn
|-damage|p2a: Alomomola|402\/534 brn|[from] brn
|turn|40
|
|switch|p2a: Conkeldurr|Conkeldurr, F|267\/401
|-damage|p2a: Conkeldurr|242\/401|[from] Stealth Rock
|move|p1a: Mew|Roar|p2a: Conkeldurr
|drag|p2a: Scizor|Scizor-Mega, F|282\/343
|-damage|p2a: Scizor|240\/343|[from] Stealth Rock
|
|-heal|p2a: Scizor|343\/343|[from] move: Wish|[wisher] Alomomola
|-heal|p1a: Mew|157\/404 tox|[from] item: Leftovers
|-damage|p1a: Mew|107\/404 tox|[from] psn
|turn|41
|
|move|p1a: Mew|Roost|p1a: Mew
|-heal|p1a: Mew|309\/404 tox
|move|p2a: Scizor|Knock Off|p1a: Mew
|-supereffective|p1a: Mew
|-damage|p1a: Mew|89\/404 tox
|-enditem|p1a: Mew|Leftovers|[from] move: Knock Off|[of] p2a: Scizor
|
|-damage|p1a: Mew|14\/404 tox|[from] psn
|turn|42
|
|move|p2a: Scizor|Bullet Punch|p1a: Mew
|-damage|p1a: Mew|0 fnt
|faint|p1a: Mew
|
|
|switch|p1a: Scizor|Scizor, F|344\/344
|turn|43
|
|switch|p2a: Alomomola|Alomomola, F|534\/534 brn
|-damage|p2a: Alomomola|468\/534 brn|[from] Stealth Rock
|detailschange|p1a: Scizor|Scizor-Mega, F
|message|Scizor has Mega Evolved into Mega Scizor!
|move|p1a: Scizor|Swords Dance|p1a: Scizor
|-boost|p1a: Scizor|atk|2
|
|-damage|p2a: Alomomola|402\/534 brn|[from] brn
|turn|44
|
|move|p1a: Scizor|Quick Attack|p2a: Alomomola
|-damage|p2a: Alomomola|263\/534 brn
|move|p2a: Alomomola|Scald|p1a: Scizor
|-damage|p1a: Scizor|299\/344
|
|-damage|p2a: Alomomola|197\/534 brn|[from] brn
|turn|45
|
|move|p1a: Scizor|Swords Dance|p1a: Scizor
|-boost|p1a: Scizor|atk|2
|move|p2a: Alomomola|Scald|p1a: Scizor
|-damage|p1a: Scizor|248\/344
|
|-damage|p2a: Alomomola|131\/534 brn|[from] brn
|turn|46
|
|switch|p2a: Scizor|Scizor-Mega, F|343\/343
|-damage|p2a: Scizor|301\/343|[from] Stealth Rock
|move|p1a: Scizor|Quick Attack|p2a: Scizor
|-resisted|p2a: Scizor
|-damage|p2a: Scizor|223\/343
|
|turn|47
|
|move|p2a: Scizor|Knock Off|p1a: Scizor
|-damage|p1a: Scizor|193\/344
|move|p1a: Scizor|Superpower|p2a: Scizor
|-damage|p2a: Scizor|0 fnt
|-unboost|p1a: Scizor|atk|1
|-unboost|p1a: Scizor|def|1
|faint|p2a: Scizor
|
|
|switch|p2a: Alomomola|Alomomola, F|309\/534 brn
|-damage|p2a: Alomomola|243\/534 brn|[from] Stealth Rock
|turn|48
|
|move|p1a: Scizor|Quick Attack|p2a: Alomomola
|-damage|p2a: Alomomola|70\/534 brn
|move|p2a: Alomomola|Scald|p1a: Scizor
|-damage|p1a: Scizor|145\/344
|
|-damage|p2a: Alomomola|4\/534 brn|[from] brn
|turn|49
|
|move|p1a: Scizor|Swords Dance|p1a: Scizor
|-boost|p1a: Scizor|atk|2
|move|p2a: Alomomola|Scald|p1a: Scizor
|-damage|p1a: Scizor|99\/344
|-status|p1a: Scizor|brn
|
|-damage|p1a: Scizor|56\/344 brn|[from] brn
|-damage|p2a: Alomomola|0 fnt|[from] brn
|faint|p2a: Alomomola
|
|switch|p2a: Chansey|Chansey, F|616\/704
|-damage|p2a: Chansey|528\/704|[from] Stealth Rock
|turn|50
|
|move|p2a: Chansey|Protect|p2a: Chansey
|-singleturn|p2a: Chansey|Protect
|move|p1a: Scizor|Superpower|p2a: Chansey
|-activate|p2a: Chansey|Protect
|
|-damage|p1a: Scizor|13\/344 brn|[from] brn
|turn|51
|
|move|p1a: Scizor|Superpower|p2a: Chansey
|-supereffective|p2a: Chansey
|-damage|p2a: Chansey|0 fnt
|-unboost|p1a: Scizor|atk|1
|-unboost|p1a: Scizor|def|1
|faint|p2a: Chansey
|
|-damage|p1a: Scizor|0 fnt|[from] brn
|faint|p1a: Scizor
|
|switch|p1a: Machamp|Machamp, F|194\/384
|switch|p2a: Conkeldurr|Conkeldurr, F|242\/401
|-damage|p2a: Conkeldurr|217\/401|[from] Stealth Rock
|turn|52
|chat|badapplepi|lol
|-message|badapplepi forfeited.
|
|win|Cunty Vibes
|raw|Ladder updating...
|leave|badapplepi
|player|p1
|raw|badapplepi's rating: 1788 &rarr; <strong>1767<\/strong><br \/>(-21 for losing)
|raw|Cunty Vibes's rating: 1776 &rarr; <strong>1797<\/strong><br \/>(+21 for winning)