|join|wish killer
|join|Cunty Vibes
|player|p1|wish killer|68
|player|p2|Cunty Vibes|185
|gametype|singles
|gen|6
|tier|OU
|rated
|clearpoke
|poke|p1|Bisharp, F
|poke|p1|Venusaur, F
|poke|p1|Heatran, F
|poke|p1|Keldeo
|poke|p1|Chansey, F
|poke|p1|Skarmory, F
|poke|p2|Clefable, M
|poke|p2|Conkeldurr, M
|poke|p2|Landorus-Therian, M
|poke|p2|Chansey, F
|poke|p2|Scizor, M
|poke|p2|Alomomola, F
|rule|Swagger Clause: Swagger is banned
|rule|Baton Pass Clause: Limit one PokÃ©mon knowing Baton Pass
|rule|Sleep Clause Mod: Limit one foe put to sleep
|rule|Species Clause: Limit one of each PokÃ©mon
|rule|OHKO Clause: OHKO moves are banned
|rule|Moody Clause: Moody is banned
|rule|Evasion Moves Clause: Evasion moves are banned
|rule|Endless Battle Clause: Forcing endless battles is banned
|rule|HP Percentage Mod: HP is shown in percentages
|teampreview
|
|start
|switch|p1a: Heatran|Heatran, F|340\/340
|switch|p2a: Conkeldurr|Conkeldurr, M|401\/401
|-item|p1a: Heatran|Air Balloon
|turn|1
|
|move|p1a: Heatran|Stealth Rock|p2a: Conkeldurr
|-sidestart|p2: Cunty Vibes|move: Stealth Rock
|move|p2a: Conkeldurr|Ice Punch|p1a: Heatran
|-resisted|p1a: Heatran
|-damage|p1a: Heatran|319\/340
|-enditem|p1a: Heatran|Air Balloon
|
|turn|2
|
|move|p1a: Heatran|Fire Blast|p2a: Conkeldurr
|-crit|p2a: Conkeldurr
|-damage|p2a: Conkeldurr|194\/401
|-status|p2a: Conkeldurr|brn
|move|p2a: Conkeldurr|Knock Off|p1a: Heatran
|-damage|p1a: Heatran|218\/340
|
|-damage|p2a: Conkeldurr|144\/401 brn|[from] brn
|turn|3
|
|switch|p2a: Chansey|Chansey, F|704\/704
|-damage|p2a: Chansey|616\/704|[from] Stealth Rock
|move|p1a: Heatran|Fire Blast|p2a: Chansey
|-damage|p2a: Chansey|520\/704
|
|turn|4
|
|move|p1a: Heatran|Toxic|p2a: Chansey
|-status|p2a: Chansey|tox
|move|p2a: Chansey|Wish|p2a: Chansey
|
|-damage|p2a: Chansey|476\/704 tox|[from] psn
|turn|5
|
|move|p1a: Heatran|Fire Blast|p2a: Chansey
|-damage|p2a: Chansey|362\/704 tox
|move|p2a: Chansey|Seismic Toss|p1a: Heatran
|-damage|p1a: Heatran|118\/340
|
|-heal|p2a: Chansey|704\/704 tox|[from] move: Wish|[wisher] Chansey
|-damage|p2a: Chansey|616\/704 tox|[from] psn
|turn|6
|
|move|p1a: Heatran|Taunt|p2a: Chansey
|-start|p2a: Chansey|move: Taunt
|cant|p2a: Chansey|move: Taunt|Wish
|
|-damage|p2a: Chansey|484\/704 tox|[from] psn
|turn|7
|
|switch|p2a: Alomomola|Alomomola, F|534\/534
|-damage|p2a: Alomomola|468\/534|[from] Stealth Rock
|move|p1a: Heatran|Toxic|p2a: Alomomola
|-status|p2a: Alomomola|tox
|
|-damage|p2a: Alomomola|435\/534 tox|[from] psn
|turn|8
|
|move|p1a: Heatran|Taunt|p2a: Alomomola
|-start|p2a: Alomomola|move: Taunt
|move|p2a: Alomomola|Scald|p1a: Heatran
|-supereffective|p1a: Heatran
|-damage|p1a: Heatran|32\/340
|
|-damage|p2a: Alomomola|369\/534 tox|[from] psn
|turn|9
|
|move|p1a: Heatran|Fire Blast|p2a: Alomomola|[miss]
|-miss|p1a: Heatran|p2a: Alomomola
|move|p2a: Alomomola|Scald|p1a: Heatran
|-supereffective|p1a: Heatran
|-damage|p1a: Heatran|0 fnt
|faint|p1a: Heatran
|
|-damage|p2a: Alomomola|270\/534 tox|[from] psn
|
|switch|p1a: Keldeo|Keldeo|323\/323
|turn|10
|
|move|p1a: Keldeo|Calm Mind|p1a: Keldeo
|-boost|p1a: Keldeo|spa|1
|-boost|p1a: Keldeo|spd|1
|move|p2a: Alomomola|Mirror Coat|p1a: Keldeo
|-fail|p1a: Keldeo
|
|-damage|p2a: Alomomola|138\/534 tox|[from] psn
|-end|p2a: Alomomola|move: Taunt
|turn|11
|
|switch|p2a: Scizor|Scizor, M|343\/343
|-damage|p2a: Scizor|301\/343|[from] Stealth Rock
|move|p1a: Keldeo|Scald|p2a: Scizor
|-damage|p2a: Scizor|30\/343
|
|turn|12
|join|Ill leave
|
|detailschange|p2a: Scizor|Scizor-Mega, M
|message|Scizor has Mega Evolved into Mega Scizor!
|move|p1a: Keldeo|Scald|p2a: Scizor
|-crit|p2a: Scizor
|-damage|p2a: Scizor|0 fnt
|faint|p2a: Scizor
|
|join|Animus Majulous
|
|switch|p2a: Clefable|Clefable, M|394\/394
|-damage|p2a: Clefable|345\/394|[from] Stealth Rock
|turn|13
|
|move|p1a: Keldeo|Scald|p2a: Clefable
|-damage|p2a: Clefable|201\/394
|-status|p2a: Clefable|brn
|move|p2a: Clefable|Calm Mind|p2a: Clefable
|-boost|p2a: Clefable|spa|1
|-boost|p2a: Clefable|spd|1
|
|-heal|p2a: Clefable|225\/394 brn|[from] item: Leftovers
|-damage|p2a: Clefable|176\/394 brn|[from] brn
|turn|14
|
|switch|p1a: Skarmory|Skarmory, F|334\/334
|move|p2a: Clefable|Moonlight|p2a: Clefable
|-heal|p2a: Clefable|373\/394 brn
|
|-heal|p2a: Clefable|394\/394 brn|[from] item: Leftovers
|-damage|p2a: Clefable|345\/394 brn|[from] brn
|turn|15
|
|move|p1a: Skarmory|Spikes|p2a: Clefable
|-sidestart|p2: Cunty Vibes|Spikes
|move|p2a: Clefable|Flamethrower|p1a: Skarmory
|-supereffective|p1a: Skarmory
|-damage|p1a: Skarmory|134\/334
|
|-heal|p2a: Clefable|369\/394 brn|[from] item: Leftovers
|-damage|p2a: Clefable|320\/394 brn|[from] brn
|turn|16
|
|move|p1a: Skarmory|Spikes|p2a: Clefable
|-sidestart|p2: Cunty Vibes|Spikes
|move|p2a: Clefable|Flamethrower|p1a: Skarmory
|-supereffective|p1a: Skarmory
|-damage|p1a: Skarmory|0 fnt
|faint|p1a: Skarmory
|
|-heal|p2a: Clefable|344\/394 brn|[from] item: Leftovers
|-damage|p2a: Clefable|295\/394 brn|[from] brn
|c|+Animus Majulous|wow, two really high ranked players
|
|switch|p1a: Bisharp|Bisharp, F|334\/334
|turn|17
|
|move|p1a: Bisharp|Iron Head|p2a: Clefable
|-supereffective|p2a: Clefable
|-damage|p2a: Clefable|41\/394 brn
|move|p2a: Clefable|Flamethrower|p1a: Bisharp
|-supereffective|p1a: Bisharp
|-damage|p1a: Bisharp|50\/334
|
|-heal|p1a: Bisharp|70\/334|[from] item: Leftovers
|-heal|p2a: Clefable|65\/394 brn|[from] item: Leftovers
|-damage|p2a: Clefable|16\/394 brn|[from] brn
|turn|18
|join|Kung Fu Pancham
|
|move|p1a: Bisharp|Knock Off|p2a: Clefable
|-resisted|p2a: Clefable
|-damage|p2a: Clefable|0 fnt
|-enditem|p2a: Clefable|Leftovers|[from] move: Knock Off|[of] p1a: Bisharp
|faint|p2a: Clefable
|
|-heal|p1a: Bisharp|90\/334|[from] item: Leftovers
|
|switch|p2a: Alomomola|Alomomola, F|316\/534 tox
|-damage|p2a: Alomomola|250\/534 tox|[from] Stealth Rock
|-damage|p2a: Alomomola|161\/534 tox|[from] Spikes
|turn|19
|
|move|p1a: Bisharp|Knock Off|p2a: Alomomola
|-damage|p2a: Alomomola|5\/534 tox
|-damage|p1a: Bisharp|35\/334|[from] item: Rocky Helmet|[of] p2a: Alomomola
|-enditem|p2a: Alomomola|Rocky Helmet|[from] move: Knock Off|[of] p1a: Bisharp
|move|p2a: Alomomola|Wish|p2a: Alomomola
|
|-heal|p1a: Bisharp|55\/334|[from] item: Leftovers
|-damage|p2a: Alomomola|0 fnt|[from] psn
|faint|p2a: Alomomola
|c| Ill leave|wish killer why do you run lefties 
|
|switch|p2a: Landorus-Therian|Landorus-Therian, M|382\/382
|-damage|p2a: Landorus-Therian|335\/382|[from] Stealth Rock
|-ability|p2a: Landorus-Therian|Intimidate|[of] p1a: Bisharp
|-unboost|p1a: Bisharp|atk|1
|-boost|p1a: Bisharp|atk|2|[from] ability: Defiant
|turn|20
|
|switch|p2a: Conkeldurr|Conkeldurr, M|144\/401 brn
|-damage|p2a: Conkeldurr|119\/401 brn|[from] Stealth Rock
|-damage|p2a: Conkeldurr|53\/401 brn|[from] Spikes
|move|p1a: Bisharp|Knock Off|p2a: Conkeldurr
|-resisted|p2a: Conkeldurr
|-damage|p2a: Conkeldurr|0 fnt
|-enditem|p2a: Conkeldurr|Assault Vest|[from] move: Knock Off|[of] p1a: Bisharp
|faint|p2a: Conkeldurr
|
|-heal|p1a: Bisharp|75\/334|[from] item: Leftovers
|-message|Cunty Vibes forfeited.
|
|win|wish killer
|raw|Ladder updating...
|leave|Cunty Vibes
|player|p2
|raw|wish killer's rating: 1870 &rarr; <strong>1890<\/strong><br \/>(+20 for winning)
|raw|Cunty Vibes's rating: 1876 &rarr; <strong>1856<\/strong><br \/>(-20 for losing)