|join|Cunty Vibes
|join|REXtreme
|player|p1|Cunty Vibes|185
|player|p2|REXtreme|179
|gametype|singles
|gen|6
|tier|OU
|rated
|clearpoke
|poke|p1|Clefable, M
|poke|p1|Conkeldurr, F
|poke|p1|Landorus-Therian, M
|poke|p1|Chansey, F
|poke|p1|Scizor, F
|poke|p1|Alomomola, F
|poke|p2|Banette, M, shiny
|poke|p2|Alakazam, M, shiny
|poke|p2|Ferrothorn, M, shiny
|poke|p2|Sableye, F, shiny
|poke|p2|Blissey, F
|poke|p2|Alomomola, F, shiny
|rule|Swagger Clause: Swagger is banned
|rule|Baton Pass Clause: Limit one PokÃ©mon knowing Baton Pass
|rule|Sleep Clause Mod: Limit one foe put to sleep
|rule|Species Clause: Limit one of each PokÃ©mon
|rule|OHKO Clause: OHKO moves are banned
|rule|Moody Clause: Moody is banned
|rule|Evasion Moves Clause: Evasion moves are banned
|rule|Endless Battle Clause: Forcing endless battles is banned
|rule|HP Percentage Mod: HP is shown in percentages
|teampreview
|
|start
|switch|p1a: Conkeldurr|Conkeldurr, F|401\/401
|switch|p2a: Cactisc|Ferrothorn, M, shiny|351\/351
|turn|1
|
|switch|p2a: Knopfaug|Sableye, F, shiny|303\/303
|move|p1a: Conkeldurr|Knock Off|p2a: Knopfaug
|-crit|p2a: Knopfaug
|-damage|p2a: Knopfaug|126\/303
|-enditem|p2a: Knopfaug|Leftovers|[from] move: Knock Off|[of] p1a: Conkeldurr
|
|turn|2
|
|move|p2a: Knopfaug|Recover|p2a: Knopfaug
|-heal|p2a: Knopfaug|278\/303
|move|p1a: Conkeldurr|Ice Punch|p2a: Knopfaug
|-damage|p2a: Knopfaug|182\/303
|
|turn|3
|
|move|p2a: Knopfaug|Recover|p2a: Knopfaug
|-heal|p2a: Knopfaug|303\/303
|move|p1a: Conkeldurr|Ice Punch|p2a: Knopfaug
|-damage|p2a: Knopfaug|208\/303
|
|turn|4
|
|move|p2a: Knopfaug|Knock Off|p1a: Conkeldurr
|-crit|p1a: Conkeldurr
|-resisted|p1a: Conkeldurr
|-damage|p1a: Conkeldurr|349\/401
|-enditem|p1a: Conkeldurr|Assault Vest|[from] move: Knock Off|[of] p2a: Knopfaug
|move|p1a: Conkeldurr|Ice Punch|p2a: Knopfaug
|-damage|p2a: Knopfaug|116\/303
|
|turn|5
|
|move|p2a: Knopfaug|Recover|p2a: Knopfaug
|-heal|p2a: Knopfaug|268\/303
|move|p1a: Conkeldurr|Ice Punch|p2a: Knopfaug
|-damage|p2a: Knopfaug|171\/303
|
|turn|6
|
|move|p2a: Knopfaug|Recover|p2a: Knopfaug
|-heal|p2a: Knopfaug|303\/303
|move|p1a: Conkeldurr|Ice Punch|p2a: Knopfaug
|-damage|p2a: Knopfaug|207\/303
|
|turn|7
|
|move|p2a: Knopfaug|Will-O-Wisp|p1a: Conkeldurr
|-status|p1a: Conkeldurr|brn
|move|p1a: Conkeldurr|Knock Off|p2a: Knopfaug
|-damage|p2a: Knopfaug|94\/303
|
|-damage|p1a: Conkeldurr|299\/401 brn|[from] brn
|turn|8
|
|move|p2a: Knopfaug|Recover|p2a: Knopfaug
|-heal|p2a: Knopfaug|246\/303
|move|p1a: Conkeldurr|Ice Punch|p2a: Knopfaug
|-damage|p2a: Knopfaug|109\/303
|
|-damage|p1a: Conkeldurr|249\/401 brn|[from] brn
|turn|9
|
|move|p2a: Knopfaug|Recover|p2a: Knopfaug
|-heal|p2a: Knopfaug|261\/303
|move|p1a: Conkeldurr|Ice Punch|p2a: Knopfaug
|-damage|p2a: Knopfaug|136\/303
|
|-damage|p1a: Conkeldurr|199\/401 brn|[from] brn
|turn|10
|
|switch|p1a: Clefable|Clefable, M|394\/394
|move|p2a: Knopfaug|Substitute|p2a: Knopfaug
|-start|p2a: Knopfaug|Substitute
|-damage|p2a: Knopfaug|61\/303
|
|turn|11
|
|move|p2a: Knopfaug|Recover|p2a: Knopfaug
|-heal|p2a: Knopfaug|213\/303
|move|p1a: Clefable|Moonblast|p2a: Knopfaug
|-supereffective|p2a: Knopfaug
|-end|p2a: Knopfaug|Substitute
|
|turn|12
|
|switch|p1a: Alomomola|Alomomola, F|534\/534
|switch|p2a: Pinkiblobba|Blissey, F|651\/651
|
|turn|13
|
|move|p1a: Alomomola|Wish|p1a: Alomomola
|move|p2a: Pinkiblobba|Wish|p2a: Pinkiblobba
|
|turn|14
|
|switch|p1a: Conkeldurr|Conkeldurr, F|199\/401 brn
|switch|p2a: Cactisc|Ferrothorn, M, shiny|351\/351
|
|-heal|p1a: Conkeldurr|401\/401 brn|[from] move: Wish|[wisher] Alomomola
|-damage|p1a: Conkeldurr|351\/401 brn|[from] brn
|turn|15
|
|move|p2a: Cactisc|Protect|p2a: Cactisc
|-singleturn|p2a: Cactisc|Protect
|move|p1a: Conkeldurr|Knock Off|p2a: Cactisc
|-activate|p2a: Cactisc|Protect
|
|-damage|p1a: Conkeldurr|301\/401 brn|[from] brn
|turn|16
|
|switch|p2a: Knopfaug|Sableye, F, shiny|213\/303
|move|p1a: Conkeldurr|Drain Punch|p2a: Knopfaug
|-immune|p2a: Knopfaug|[msg]
|
|-damage|p1a: Conkeldurr|251\/401 brn|[from] brn
|turn|17
|
|switch|p1a: Clefable|Clefable, M|394\/394
|move|p2a: Knopfaug|Knock Off|p1a: Clefable
|-resisted|p1a: Clefable
|-damage|p1a: Clefable|364\/394
|-enditem|p1a: Clefable|Leftovers|[from] move: Knock Off|[of] p2a: Knopfaug
|
|turn|18
|
|switch|p2a: Pinkiblobba|Blissey, F|651\/651
|move|p1a: Clefable|Moonblast|p2a: Pinkiblobba
|-damage|p2a: Pinkiblobba|587\/651
|
|-heal|p2a: Pinkiblobba|627\/651|[from] item: Leftovers
|turn|19
|
|switch|p1a: Landorus-Therian|Landorus-Therian, M|382\/382
|-ability|p1a: Landorus-Therian|Intimidate|[of] p2a: Pinkiblobba
|-unboost|p2a: Pinkiblobba|atk|1
|move|p2a: Pinkiblobba|Toxic|p1a: Landorus-Therian
|-status|p1a: Landorus-Therian|tox
|
|-heal|p2a: Pinkiblobba|651\/651|[from] item: Leftovers
|-damage|p1a: Landorus-Therian|359\/382 tox|[from] psn
|turn|20
|
|switch|p2a: Cactisc|Ferrothorn, M, shiny|351\/351
|move|p1a: Landorus-Therian|Stealth Rock|p2a: Cactisc
|-sidestart|p2: REXtreme|move: Stealth Rock
|
|-heal|p1a: Landorus-Therian|382\/382 tox|[from] item: Leftovers
|-damage|p1a: Landorus-Therian|336\/382 tox|[from] psn
|turn|21
|
|switch|p1a: Alomomola|Alomomola, F|534\/534
|move|p2a: Cactisc|Stealth Rock|p1a: Alomomola
|-sidestart|p1: Cunty Vibes|move: Stealth Rock
|
|turn|22
|
|move|p1a: Alomomola|Scald|p2a: Cactisc
|-resisted|p2a: Cactisc
|-damage|p2a: Cactisc|336\/351
|-status|p2a: Cactisc|brn
|move|p2a: Cactisc|Knock Off|p1a: Alomomola
|-damage|p1a: Alomomola|502\/534
|-damage|p2a: Cactisc|278\/351 brn|[from] item: Rocky Helmet|[of] p1a: Alomomola
|-enditem|p1a: Alomomola|Rocky Helmet|[from] move: Knock Off|[of] p2a: Cactisc
|
|-heal|p2a: Cactisc|299\/351 brn|[from] item: Leftovers
|-damage|p2a: Cactisc|256\/351 brn|[from] brn
|turn|23
|
|move|p1a: Alomomola|Wish|p1a: Alomomola
|move|p2a: Cactisc|Leech Seed|p1a: Alomomola
|-start|p1a: Alomomola|move: Leech Seed
|
|-heal|p2a: Cactisc|277\/351 brn|[from] item: Leftovers
|-damage|p1a: Alomomola|436\/534|[from] Leech Seed|[of] p2a: Cactisc
|-heal|p2a: Cactisc|343\/351 brn|[silent]
|-damage|p2a: Cactisc|300\/351 brn|[from] brn
|turn|24
|
|switch|p1a: Conkeldurr|Conkeldurr, F|251\/401 brn
|-damage|p1a: Conkeldurr|226\/401 brn|[from] Stealth Rock
|move|p2a: Cactisc|Leech Seed|p1a: Conkeldurr|[miss]
|-miss|p2a: Cactisc|p1a: Conkeldurr
|
|-heal|p1a: Conkeldurr|401\/401 brn|[from] move: Wish|[wisher] Alomomola
|-heal|p2a: Cactisc|321\/351 brn|[from] item: Leftovers
|-damage|p1a: Conkeldurr|351\/401 brn|[from] brn
|-damage|p2a: Cactisc|278\/351 brn|[from] brn
|turn|25
|
|switch|p2a: Knopfaug|Sableye, F, shiny|213\/303
|-damage|p2a: Knopfaug|176\/303|[from] Stealth Rock
|move|p1a: Conkeldurr|Ice Punch|p2a: Knopfaug
|-damage|p2a: Knopfaug|32\/303
|
|-damage|p1a: Conkeldurr|301\/401 brn|[from] brn
|turn|26
|
|move|p2a: Knopfaug|Recover|p2a: Knopfaug
|-heal|p2a: Knopfaug|184\/303
|move|p1a: Conkeldurr|Ice Punch|p2a: Knopfaug
|-damage|p2a: Knopfaug|60\/303
|
|-damage|p1a: Conkeldurr|251\/401 brn|[from] brn
|turn|27
|
|switch|p1a: Clefable|Clefable, M|364\/394
|-damage|p1a: Clefable|315\/394|[from] Stealth Rock
|move|p2a: Knopfaug|Recover|p2a: Knopfaug
|-heal|p2a: Knopfaug|212\/303
|
|turn|28
|
|switch|p2a: Pinkiblobba|Blissey, F|651\/651
|-damage|p2a: Pinkiblobba|570\/651|[from] Stealth Rock
|move|p1a: Clefable|Moonblast|p2a: Pinkiblobba
|-damage|p2a: Pinkiblobba|495\/651
|
|-heal|p2a: Pinkiblobba|535\/651|[from] item: Leftovers
|turn|29
|
|switch|p1a: Alomomola|Alomomola, F|534\/534
|-damage|p1a: Alomomola|468\/534|[from] Stealth Rock
|move|p2a: Pinkiblobba|Wish|p2a: Pinkiblobba
|
|-heal|p2a: Pinkiblobba|575\/651|[from] item: Leftovers
|turn|30
|
|switch|p2a: HexerKazoom|Alakazam, M, shiny|251\/251
|move|p1a: Alomomola|Wish|p1a: Alomomola
|
|turn|31
|
|switch|p1a: Scizor|Scizor, F|343\/343
|-damage|p1a: Scizor|301\/343|[from] Stealth Rock
|move|p2a: HexerKazoom|Psychic|p1a: Scizor
|-resisted|p1a: Scizor
|-damage|p1a: Scizor|204\/343
|
|-heal|p1a: Scizor|343\/343|[from] move: Wish|[wisher] Alomomola
|turn|32
|join|G123Rocks
|
|switch|p2a: Ultraviolet|Alomomola, F, shiny|471\/471
|-damage|p2a: Ultraviolet|413\/471|[from] Stealth Rock
|detailschange|p1a: Scizor|Scizor-Mega, F
|message|Scizor has Mega Evolved into Mega Scizor!
|move|p1a: Scizor|Knock Off|p2a: Ultraviolet
|-damage|p2a: Ultraviolet|327\/471
|-enditem|p2a: Ultraviolet|Leftovers|[from] move: Knock Off|[of] p1a: Scizor
|
|turn|33
|chat|G123Rocks|im here
|chat|G123Rocks|n_n
|
|switch|p1a: Alomomola|Alomomola, F|534\/534
|-damage|p1a: Alomomola|468\/534|[from] Stealth Rock
|move|p2a: Ultraviolet|Scald|p1a: Alomomola
|-resisted|p1a: Alomomola
|-damage|p1a: Alomomola|429\/534
|
|turn|34
|
|switch|p2a: Cactisc|Ferrothorn, M, shiny|278\/351 brn
|-damage|p2a: Cactisc|257\/351 brn|[from] Stealth Rock
|move|p1a: Alomomola|Toxic|p2a: Cactisc
|-fail|p2a: Cactisc
|
|-heal|p2a: Cactisc|278\/351 brn|[from] item: Leftovers
|-damage|p2a: Cactisc|235\/351 brn|[from] brn
|turn|35
|chat|G123Rocks|so cunty u goin for top 1?!
|chat|Cunty Vibes|i guess
|
|move|p1a: Alomomola|Wish|p1a: Alomomola
|move|p2a: Cactisc|Leech Seed|p1a: Alomomola
|-start|p1a: Alomomola|move: Leech Seed
|
|-heal|p2a: Cactisc|256\/351 brn|[from] item: Leftovers
|-damage|p1a: Alomomola|363\/534|[from] Leech Seed|[of] p2a: Cactisc
|-heal|p2a: Cactisc|322\/351 brn|[silent]
|-damage|p2a: Cactisc|279\/351 brn|[from] brn
|turn|36
|chat|G123Rocks|u a grl or a boy
|
|switch|p1a: Conkeldurr|Conkeldurr, F|251\/401 brn
|-damage|p1a: Conkeldurr|226\/401 brn|[from] Stealth Rock
|move|p2a: Cactisc|Leech Seed|p1a: Conkeldurr
|-start|p1a: Conkeldurr|move: Leech Seed
|
|-heal|p1a: Conkeldurr|401\/401 brn|[from] move: Wish|[wisher] Alomomola
|-heal|p2a: Cactisc|300\/351 brn|[from] item: Leftovers
|-damage|p1a: Conkeldurr|351\/401 brn|[from] Leech Seed|[of] p2a: Cactisc
|-heal|p2a: Cactisc|350\/351 brn|[silent]
|-damage|p1a: Conkeldurr|301\/401 brn|[from] brn
|-damage|p2a: Cactisc|307\/351 brn|[from] brn
|turn|37
|chat|G123Rocks|no ans
|chat|G123Rocks|>.>
|
|move|p2a: Cactisc|Protect|p2a: Cactisc
|-singleturn|p2a: Cactisc|Protect
|move|p1a: Conkeldurr|Drain Punch|p2a: Cactisc
|-activate|p2a: Cactisc|Protect
|
|-heal|p2a: Cactisc|328\/351 brn|[from] item: Leftovers
|-damage|p1a: Conkeldurr|251\/401 brn|[from] Leech Seed|[of] p2a: Cactisc
|-heal|p2a: Cactisc|351\/351 brn|[silent]
|-damage|p1a: Conkeldurr|201\/401 brn|[from] brn
|-damage|p2a: Cactisc|308\/351 brn|[from] brn
|turn|38
|
|switch|p1a: Alomomola|Alomomola, F|534\/534
|-damage|p1a: Alomomola|468\/534|[from] Stealth Rock
|switch|p2a: Knopfaug|Sableye, F, shiny|212\/303
|-damage|p2a: Knopfaug|175\/303|[from] Stealth Rock
|
|turn|39
|
|move|p2a: Knopfaug|Substitute|p2a: Knopfaug
|-start|p2a: Knopfaug|Substitute
|-damage|p2a: Knopfaug|100\/303
|move|p1a: Alomomola|Scald|p2a: Knopfaug
|-activate|p2a: Knopfaug|Substitute|[damage]
|
|turn|40
|
|move|p2a: Knopfaug|Recover|p2a: Knopfaug
|-heal|p2a: Knopfaug|252\/303
|move|p1a: Alomomola|Scald|p2a: Knopfaug
|-end|p2a: Knopfaug|Substitute
|
|turn|41
|
|move|p2a: Knopfaug|Substitute|p2a: Knopfaug
|-start|p2a: Knopfaug|Substitute
|-damage|p2a: Knopfaug|177\/303
|move|p1a: Alomomola|Wish|p1a: Alomomola
|
|turn|42
|
|switch|p1a: Conkeldurr|Conkeldurr, F|201\/401 brn
|-damage|p1a: Conkeldurr|176\/401 brn|[from] Stealth Rock
|move|p2a: Knopfaug|Knock Off|p1a: Conkeldurr
|-crit|p1a: Conkeldurr
|-resisted|p1a: Conkeldurr
|-damage|p1a: Conkeldurr|141\/401 brn
|
|-heal|p1a: Conkeldurr|401\/401 brn|[from] move: Wish|[wisher] Alomomola
|-damage|p1a: Conkeldurr|351\/401 brn|[from] brn
|turn|43
|
|move|p2a: Knopfaug|Recover|p2a: Knopfaug
|-heal|p2a: Knopfaug|303\/303
|move|p1a: Conkeldurr|Knock Off|p2a: Knopfaug
|-end|p2a: Knopfaug|Substitute
|
|-damage|p1a: Conkeldurr|301\/401 brn|[from] brn
|turn|44
|
|move|p2a: Knopfaug|Substitute|p2a: Knopfaug
|-start|p2a: Knopfaug|Substitute
|-damage|p2a: Knopfaug|228\/303
|move|p1a: Conkeldurr|Ice Punch|p2a: Knopfaug
|-end|p2a: Knopfaug|Substitute
|
|-damage|p1a: Conkeldurr|251\/401 brn|[from] brn
|turn|45
|
|move|p2a: Knopfaug|Substitute|p2a: Knopfaug
|-start|p2a: Knopfaug|Substitute
|-damage|p2a: Knopfaug|153\/303
|move|p1a: Conkeldurr|Knock Off|p2a: Knopfaug
|-end|p2a: Knopfaug|Substitute
|
|-damage|p1a: Conkeldurr|201\/401 brn|[from] brn
|turn|46
|
|move|p2a: Knopfaug|Substitute|p2a: Knopfaug
|-start|p2a: Knopfaug|Substitute
|-damage|p2a: Knopfaug|78\/303
|move|p1a: Conkeldurr|Ice Punch|p2a: Knopfaug
|-end|p2a: Knopfaug|Substitute
|
|-damage|p1a: Conkeldurr|151\/401 brn|[from] brn
|turn|47
|
|move|p2a: Knopfaug|Recover|p2a: Knopfaug
|-heal|p2a: Knopfaug|230\/303
|move|p1a: Conkeldurr|Ice Punch|p2a: Knopfaug
|-damage|p2a: Knopfaug|89\/303
|-status|p2a: Knopfaug|frz
|
|-damage|p1a: Conkeldurr|101\/401 brn|[from] brn
|turn|48
|
|cant|p2a: Knopfaug|frz
|move|p1a: Conkeldurr|Drain Punch|p2a: Knopfaug
|-immune|p2a: Knopfaug|[msg]
|
|-damage|p1a: Conkeldurr|51\/401 brn|[from] brn
|turn|49
|
|-curestatus|p2a: Knopfaug|frz
|move|p2a: Knopfaug|Recover|p2a: Knopfaug
|-heal|p2a: Knopfaug|241\/303
|move|p1a: Conkeldurr|Knock Off|p2a: Knopfaug
|-damage|p2a: Knopfaug|121\/303
|
|-damage|p1a: Conkeldurr|1\/401 brn|[from] brn
|turn|50
|
|switch|p1a: Clefable|Clefable, M|315\/394
|-damage|p1a: Clefable|266\/394|[from] Stealth Rock
|move|p2a: Knopfaug|Recover|p2a: Knopfaug
|-heal|p2a: Knopfaug|273\/303
|
|turn|51
|
|switch|p1a: Scizor|Scizor-Mega, F|343\/343
|-damage|p1a: Scizor|301\/343|[from] Stealth Rock
|switch|p2a: Pinkiblobba|Blissey, F|575\/651
|-damage|p2a: Pinkiblobba|494\/651|[from] Stealth Rock
|
|-heal|p2a: Pinkiblobba|534\/651|[from] item: Leftovers
|turn|52
|
|switch|p2a: Bluedoocult|Banette, M, shiny|271\/271
|-damage|p2a: Bluedoocult|238\/271|[from] Stealth Rock
|move|p1a: Scizor|Knock Off|p2a: Bluedoocult
|-supereffective|p2a: Bluedoocult
|-damage|p2a: Bluedoocult|28\/271
|
|turn|53
|
|detailschange|p2a: Bluedoocult|Banette-Mega, M, shiny
|message|Banette has Mega Evolved into Mega Banette!
|move|p2a: Bluedoocult|Protect|p2a: Bluedoocult
|-singleturn|p2a: Bluedoocult|Protect
|move|p1a: Scizor|Defog|p2a: Bluedoocult
|-activate|p2a: Bluedoocult|Protect
|
|turn|54
|
|move|p2a: Bluedoocult|Destiny Bond|p2a: Bluedoocult
|-singlemove|p2a: Bluedoocult|Destiny Bond
|move|p1a: Scizor|Defog|p2a: Bluedoocult
|-unboost|p2a: Bluedoocult|evasion|1
|-sideend|p2: REXtreme|Stealth Rock|[from] move: Defog|[of] p2a: Bluedoocult
|-sideend|p1: Cunty Vibes|Stealth Rock|[from] move: Defog|[of] p1a: Scizor
|
|turn|55
|
|switch|p1a: Alomomola|Alomomola, F|534\/534
|move|p2a: Bluedoocult|Destiny Bond|p2a: Bluedoocult
|-singlemove|p2a: Bluedoocult|Destiny Bond
|
|turn|56
|
|switch|p2a: HexerKazoom|Alakazam, M, shiny|251\/251
|move|p1a: Alomomola|Wish|p1a: Alomomola
|
|turn|57
|
|move|p2a: HexerKazoom|Psychic|p1a: Alomomola
|-damage|p1a: Alomomola|243\/534
|move|p1a: Alomomola|Mirror Coat|p2a: HexerKazoom
|-enditem|p2a: HexerKazoom|Focus Sash
|-damage|p2a: HexerKazoom|1\/251
|
|-heal|p1a: Alomomola|510\/534|[from] move: Wish|[wisher] Alomomola
|turn|58
|
|move|p2a: HexerKazoom|Encore|p1a: Alomomola
|-start|p1a: Alomomola|Encore
|move|p1a: Alomomola|Mirror Coat|p2a: HexerKazoom
|-fail|p2a: HexerKazoom
|
|turn|59
|
|switch|p2a: Cactisc|Ferrothorn, M, shiny|308\/351 brn
|switch|p1a: Chansey|Chansey, F|704\/704
|
|-heal|p2a: Cactisc|329\/351 brn|[from] item: Leftovers
|-damage|p2a: Cactisc|286\/351 brn|[from] brn
|turn|60
|
|move|p1a: Chansey|Wish|p1a: Chansey
|move|p2a: Cactisc|Stealth Rock|p1a: Chansey
|-sidestart|p1: Cunty Vibes|move: Stealth Rock
|
|-heal|p2a: Cactisc|307\/351 brn|[from] item: Leftovers
|-damage|p2a: Cactisc|264\/351 brn|[from] brn
|turn|61
|
|switch|p1a: Clefable|Clefable, M|266\/394
|-damage|p1a: Clefable|217\/394|[from] Stealth Rock
|move|p2a: Cactisc|Leech Seed|p1a: Clefable
|-start|p1a: Clefable|move: Leech Seed
|
|-heal|p1a: Clefable|394\/394|[from] move: Wish|[wisher] Chansey
|-heal|p2a: Cactisc|285\/351 brn|[from] item: Leftovers
|-damage|p1a: Clefable|345\/394|[from] Leech Seed|[of] p2a: Cactisc
|-heal|p2a: Cactisc|334\/351 brn|[silent]
|-damage|p2a: Cactisc|291\/351 brn|[from] brn
|turn|62
|
|switch|p1a: Alomomola|Alomomola, F|534\/534
|-damage|p1a: Alomomola|468\/534|[from] Stealth Rock
|switch|p2a: Pinkiblobba|Blissey, F|534\/651
|
|-heal|p2a: Pinkiblobba|574\/651|[from] item: Leftovers
|turn|63
|
|move|p1a: Alomomola|Wish|p1a: Alomomola
|move|p2a: Pinkiblobba|Toxic|p1a: Alomomola
|-status|p1a: Alomomola|tox
|
|-heal|p2a: Pinkiblobba|614\/651|[from] item: Leftovers
|-damage|p1a: Alomomola|435\/534 tox|[from] psn
|turn|64
|
|switch|p1a: Scizor|Scizor-Mega, F|301\/343
|-damage|p1a: Scizor|259\/343|[from] Stealth Rock
|move|p2a: Pinkiblobba|Wish|p2a: Pinkiblobba
|
|-heal|p1a: Scizor|343\/343|[from] move: Wish|[wisher] Alomomola
|-heal|p2a: Pinkiblobba|651\/651|[from] item: Leftovers
|turn|65
|leave|G123Rocks
|
|switch|p2a: Knopfaug|Sableye, F, shiny|273\/303
|move|p1a: Scizor|Knock Off|p2a: Knopfaug
|-damage|p2a: Knopfaug|209\/303
|
|-heal|p2a: Knopfaug|303\/303|[from] move: Wish|[wisher] Pinkiblobba
|turn|66
|
|move|p2a: Knopfaug|Will-O-Wisp|p1a: Scizor
|-status|p1a: Scizor|brn
|move|p1a: Scizor|Defog|p2a: Knopfaug
|-unboost|p2a: Knopfaug|evasion|1
|-sideend|p1: Cunty Vibes|Stealth Rock|[from] move: Defog|[of] p1a: Scizor
|
|-damage|p1a: Scizor|301\/343 brn|[from] brn
|turn|67
|
|switch|p1a: Landorus-Therian|Landorus-Therian, M|336\/382 tox
|-ability|p1a: Landorus-Therian|Intimidate|[of] p2a: Knopfaug
|-unboost|p2a: Knopfaug|atk|1
|move|p2a: Knopfaug|Knock Off|p1a: Landorus-Therian
|-damage|p1a: Landorus-Therian|302\/382 tox
|-enditem|p1a: Landorus-Therian|Leftovers|[from] move: Knock Off|[of] p2a: Knopfaug
|
|-damage|p1a: Landorus-Therian|279\/382 tox|[from] psn
|turn|68
|
|switch|p2a: Cactisc|Ferrothorn, M, shiny|291\/351 brn
|move|p1a: Landorus-Therian|Stealth Rock|p2a: Cactisc
|-sidestart|p2: REXtreme|move: Stealth Rock
|
|-heal|p2a: Cactisc|312\/351 brn|[from] item: Leftovers
|-damage|p1a: Landorus-Therian|233\/382 tox|[from] psn
|-damage|p2a: Cactisc|269\/351 brn|[from] brn
|turn|69
|
|move|p1a: Landorus-Therian|Earthquake|p2a: Cactisc
|-crit|p2a: Cactisc
|-damage|p2a: Cactisc|68\/351 brn
|move|p2a: Cactisc|Stealth Rock|p1a: Landorus-Therian
|-sidestart|p1: Cunty Vibes|move: Stealth Rock
|
|-heal|p2a: Cactisc|89\/351 brn|[from] item: Leftovers
|-damage|p1a: Landorus-Therian|164\/382 tox|[from] psn
|-damage|p2a: Cactisc|46\/351 brn|[from] brn
|turn|70
|
|switch|p2a: Ultraviolet|Alomomola, F, shiny|471\/471
|-damage|p2a: Ultraviolet|413\/471|[from] Stealth Rock
|move|p1a: Landorus-Therian|U-turn|p2a: Ultraviolet
|-damage|p2a: Ultraviolet|352\/471
|
|switch|p1a: Chansey|Chansey, F|704\/704
|-damage|p1a: Chansey|616\/704|[from] Stealth Rock
|
|turn|71
|
|switch|p2a: Pinkiblobba|Blissey, F|651\/651
|-damage|p2a: Pinkiblobba|570\/651|[from] Stealth Rock
|switch|p1a: Clefable|Clefable, M|345\/394
|-damage|p1a: Clefable|296\/394|[from] Stealth Rock
|
|-heal|p2a: Pinkiblobba|610\/651|[from] item: Leftovers
|turn|72
|
|switch|p1a: Alomomola|Alomomola, F|534\/534 tox
|-damage|p1a: Alomomola|468\/534 tox|[from] Stealth Rock
|move|p2a: Pinkiblobba|Wish|p2a: Pinkiblobba
|
|-heal|p2a: Pinkiblobba|650\/651|[from] item: Leftovers
|-damage|p1a: Alomomola|435\/534 tox|[from] psn
|turn|73
|
|switch|p2a: Cactisc|Ferrothorn, M, shiny|46\/351 brn
|-damage|p2a: Cactisc|25\/351 brn|[from] Stealth Rock
|move|p1a: Alomomola|Scald|p2a: Cactisc
|-resisted|p2a: Cactisc
|-damage|p2a: Cactisc|10\/351 brn
|
|-heal|p2a: Cactisc|335\/351 brn|[from] move: Wish|[wisher] Pinkiblobba
|-heal|p2a: Cactisc|351\/351 brn|[from] item: Leftovers
|-damage|p1a: Alomomola|369\/534 tox|[from] psn
|-damage|p2a: Cactisc|308\/351 brn|[from] brn
|turn|74
|
|move|p1a: Alomomola|Wish|p1a: Alomomola
|move|p2a: Cactisc|Leech Seed|p1a: Alomomola|[miss]
|-miss|p2a: Cactisc|p1a: Alomomola
|
|-heal|p2a: Cactisc|329\/351 brn|[from] item: Leftovers
|-damage|p1a: Alomomola|270\/534 tox|[from] psn
|-damage|p2a: Cactisc|286\/351 brn|[from] brn
|turn|75
|
|switch|p1a: Chansey|Chansey, F|616\/704
|-damage|p1a: Chansey|528\/704|[from] Stealth Rock
|move|p2a: Cactisc|Leech Seed|p1a: Chansey
|-start|p1a: Chansey|move: Leech Seed
|
|-heal|p1a: Chansey|704\/704|[from] move: Wish|[wisher] Alomomola
|-heal|p2a: Cactisc|307\/351 brn|[from] item: Leftovers
|-damage|p1a: Chansey|616\/704|[from] Leech Seed|[of] p2a: Cactisc
|-heal|p2a: Cactisc|351\/351 brn|[silent]
|-damage|p2a: Cactisc|308\/351 brn|[from] brn
|turn|76
|
|move|p1a: Chansey|Heal Bell|p1a: Chansey
|-cureteam|p1a: Chansey|[from] move: HealBell
|move|p2a: Cactisc|Knock Off|p1a: Chansey
|-damage|p1a: Chansey|570\/704
|-enditem|p1a: Chansey|Eviolite|[from] move: Knock Off|[of] p2a: Cactisc
|
|-heal|p2a: Cactisc|329\/351 brn|[from] item: Leftovers
|-damage|p1a: Chansey|482\/704|[from] Leech Seed|[of] p2a: Cactisc
|-heal|p2a: Cactisc|351\/351 brn|[silent]
|-damage|p2a: Cactisc|308\/351 brn|[from] brn
|turn|77
|
|switch|p1a: Clefable|Clefable, M|296\/394
|-damage|p1a: Clefable|247\/394|[from] Stealth Rock
|switch|p2a: Knopfaug|Sableye, F, shiny|303\/303
|-damage|p2a: Knopfaug|266\/303|[from] Stealth Rock
|
|turn|78
|
|switch|p2a: Ultraviolet|Alomomola, F, shiny|471\/471
|-damage|p2a: Ultraviolet|413\/471|[from] Stealth Rock
|move|p1a: Clefable|Moonblast|p2a: Ultraviolet
|-damage|p2a: Ultraviolet|283\/471
|
|turn|79
|
|move|p2a: Ultraviolet|Wish|p2a: Ultraviolet
|move|p1a: Clefable|Calm Mind|p1a: Clefable
|-boost|p1a: Clefable|spa|1
|-boost|p1a: Clefable|spd|1
|
|turn|80
|
|move|p2a: Ultraviolet|Toxic|p1a: Clefable
|-status|p1a: Clefable|tox
|move|p1a: Clefable|Moonblast|p2a: Ultraviolet
|-damage|p2a: Ultraviolet|87\/471
|-unboost|p2a: Ultraviolet|spa|1
|
|-heal|p2a: Ultraviolet|322\/471|[from] move: Wish|[wisher] Ultraviolet
|-damage|p1a: Clefable|223\/394 tox|[from] psn
|turn|81
|
|move|p2a: Ultraviolet|Wish|p2a: Ultraviolet
|move|p1a: Clefable|Moonblast|p2a: Ultraviolet
|-damage|p2a: Ultraviolet|138\/471
|-unboost|p2a: Ultraviolet|spa|1
|
|-damage|p1a: Clefable|175\/394 tox|[from] psn
|turn|82
|
|move|p2a: Ultraviolet|Protect|p2a: Ultraviolet
|-singleturn|p2a: Ultraviolet|Protect
|move|p1a: Clefable|Moonlight|p1a: Clefable
|-heal|p1a: Clefable|372\/394 tox
|
|-heal|p2a: Ultraviolet|373\/471|[from] move: Wish|[wisher] Ultraviolet
|-damage|p1a: Clefable|300\/394 tox|[from] psn
|turn|83
|
|switch|p1a: Alomomola|Alomomola, F|448\/534
|-damage|p1a: Alomomola|382\/534|[from] Stealth Rock
|move|p2a: Ultraviolet|Wish|p2a: Ultraviolet
|
|turn|84
|
|switch|p2a: HexerKazoom|Alakazam, M, shiny|1\/251
|move|p1a: Alomomola|Toxic|p2a: HexerKazoom
|-status|p2a: HexerKazoom|tox
|
|-heal|p2a: HexerKazoom|236\/251 tox|[from] move: Wish|[wisher] Ultraviolet
|turn|85
|
|switch|p1a: Scizor|Scizor-Mega, F|301\/343
|-damage|p1a: Scizor|259\/343|[from] Stealth Rock
|move|p2a: HexerKazoom|Encore|p1a: Scizor
|-fail|p1a: Scizor
|
|turn|86
|
|switch|p2a: Knopfaug|Sableye, F, shiny|266\/303
|-damage|p2a: Knopfaug|229\/303|[from] Stealth Rock
|move|p1a: Scizor|Knock Off|p2a: Knopfaug
|-damage|p2a: Knopfaug|171\/303
|
|turn|87
|
|switch|p1a: Alomomola|Alomomola, F|534\/534
|-damage|p1a: Alomomola|468\/534|[from] Stealth Rock
|move|p2a: Knopfaug|Will-O-Wisp|p1a: Alomomola|[miss]
|-miss|p2a: Knopfaug|p1a: Alomomola
|
|turn|88
|
|move|p2a: Knopfaug|Substitute|p2a: Knopfaug
|-start|p2a: Knopfaug|Substitute
|-damage|p2a: Knopfaug|96\/303
|move|p1a: Alomomola|Toxic|p2a: Knopfaug
|
|turn|89
|
|move|p2a: Knopfaug|Recover|p2a: Knopfaug
|-heal|p2a: Knopfaug|248\/303
|move|p1a: Alomomola|Wish|p1a: Alomomola
|
|turn|90
|
|switch|p1a: Chansey|Chansey, F|482\/704
|-damage|p1a: Chansey|394\/704|[from] Stealth Rock
|move|p2a: Knopfaug|Knock Off|p1a: Chansey
|-damage|p1a: Chansey|303\/704
|
|-heal|p1a: Chansey|570\/704|[from] move: Wish|[wisher] Alomomola
|turn|91
|
|move|p1a: Chansey|Protect|p1a: Chansey
|-singleturn|p1a: Chansey|Protect
|move|p2a: Knopfaug|Will-O-Wisp|p1a: Chansey
|-activate|p1a: Chansey|Protect
|
|turn|92
|
|move|p2a: Knopfaug|Will-O-Wisp|p1a: Chansey
|-status|p1a: Chansey|brn
|move|p1a: Chansey|Wish|p1a: Chansey
|
|-damage|p1a: Chansey|482\/704 brn|[from] brn
|turn|93
|
|switch|p1a: Landorus-Therian|Landorus-Therian, M|164\/382
|-damage|p1a: Landorus-Therian|117\/382|[from] Stealth Rock
|-activate|p2a: Knopfaug|Substitute|ability: Intimidate|[of] p1a: Landorus-Therian
|move|p2a: Knopfaug|Knock Off|p1a: Landorus-Therian
|-damage|p1a: Landorus-Therian|83\/382
|
|-heal|p1a: Landorus-Therian|382\/382|[from] move: Wish|[wisher] Chansey
|turn|94
|
|switch|p1a: Chansey|Chansey, F|482\/704
|-damage|p1a: Chansey|394\/704|[from] Stealth Rock
|move|p2a: Knopfaug|Will-O-Wisp|p1a: Chansey
|-status|p1a: Chansey|brn
|
|-damage|p1a: Chansey|306\/704 brn|[from] brn
|turn|95
|
|move|p2a: Knopfaug|Knock Off|p1a: Chansey
|-damage|p1a: Chansey|210\/704 brn
|move|p1a: Chansey|Wish|p1a: Chansey
|
|-damage|p1a: Chansey|122\/704 brn|[from] brn
|turn|96
|
|move|p1a: Chansey|Protect|p1a: Chansey
|-singleturn|p1a: Chansey|Protect
|move|p2a: Knopfaug|Knock Off|p1a: Chansey
|-activate|p1a: Chansey|Protect
|
|-heal|p1a: Chansey|474\/704 brn|[from] move: Wish|[wisher] Chansey
|-damage|p1a: Chansey|386\/704 brn|[from] brn
|turn|97
|
|move|p2a: Knopfaug|Knock Off|p1a: Chansey
|-damage|p1a: Chansey|292\/704 brn
|move|p1a: Chansey|Wish|p1a: Chansey
|
|-damage|p1a: Chansey|204\/704 brn|[from] brn
|turn|98
|
|move|p1a: Chansey|Protect|p1a: Chansey
|-singleturn|p1a: Chansey|Protect
|move|p2a: Knopfaug|Knock Off|p1a: Chansey
|-activate|p1a: Chansey|Protect
|
|-heal|p1a: Chansey|556\/704 brn|[from] move: Wish|[wisher] Chansey
|-damage|p1a: Chansey|468\/704 brn|[from] brn
|turn|99
|
|move|p2a: Knopfaug|Knock Off|p1a: Chansey
|-damage|p1a: Chansey|383\/704 brn
|move|p1a: Chansey|Wish|p1a: Chansey
|
|-damage|p1a: Chansey|295\/704 brn|[from] brn
|turn|100
|
|move|p1a: Chansey|Protect|p1a: Chansey
|-singleturn|p1a: Chansey|Protect
|move|p2a: Knopfaug|Knock Off|p1a: Chansey
|-activate|p1a: Chansey|Protect
|
|-heal|p1a: Chansey|647\/704 brn|[from] move: Wish|[wisher] Chansey
|-damage|p1a: Chansey|559\/704 brn|[from] brn
|turn|101
|
|move|p2a: Knopfaug|Knock Off|p1a: Chansey
|-damage|p1a: Chansey|471\/704 brn
|move|p1a: Chansey|Wish|p1a: Chansey
|
|-damage|p1a: Chansey|383\/704 brn|[from] brn
|turn|102
|
|switch|p1a: Clefable|Clefable, M|300\/394 tox
|-damage|p1a: Clefable|251\/394 tox|[from] Stealth Rock
|move|p2a: Knopfaug|Will-O-Wisp|p1a: Clefable
|-fail|p1a: Clefable
|
|-heal|p1a: Clefable|394\/394 tox|[from] move: Wish|[wisher] Chansey
|-damage|p1a: Clefable|370\/394 tox|[from] psn
|turn|103
|
|switch|p2a: Pinkiblobba|Blissey, F|650\/651
|-damage|p2a: Pinkiblobba|569\/651|[from] Stealth Rock
|move|p1a: Clefable|Moonblast|p2a: Pinkiblobba
|-damage|p2a: Pinkiblobba|497\/651
|
|-heal|p2a: Pinkiblobba|537\/651|[from] item: Leftovers
|-damage|p1a: Clefable|322\/394 tox|[from] psn
|turn|104
|
|switch|p1a: Scizor|Scizor-Mega, F|259\/343
|-damage|p1a: Scizor|217\/343|[from] Stealth Rock
|move|p2a: Pinkiblobba|Seismic Toss|p1a: Scizor
|-damage|p1a: Scizor|117\/343
|
|-heal|p2a: Pinkiblobba|577\/651|[from] item: Leftovers
|turn|105
|
|move|p1a: Scizor|Defog|p2a: Pinkiblobba
|-unboost|p2a: Pinkiblobba|evasion|1
|-sideend|p2: REXtreme|Stealth Rock|[from] move: Defog|[of] p2a: Pinkiblobba
|-sideend|p1: Cunty Vibes|Stealth Rock|[from] move: Defog|[of] p1a: Scizor
|move|p2a: Pinkiblobba|Seismic Toss|p1a: Scizor
|-damage|p1a: Scizor|17\/343
|
|-heal|p2a: Pinkiblobba|617\/651|[from] item: Leftovers
|turn|106
|
|switch|p2a: Bluedoocult|Banette-Mega, M, shiny|28\/271
|move|p1a: Scizor|Roost|p1a: Scizor
|-heal|p1a: Scizor|189\/343
|
|turn|107
|
|move|p2a: Bluedoocult|Will-O-Wisp|p1a: Scizor
|-status|p1a: Scizor|brn
|move|p1a: Scizor|Bullet Punch|p2a: Bluedoocult
|-damage|p2a: Bluedoocult|0 fnt
|faint|p2a: Bluedoocult
|
|-damage|p1a: Scizor|147\/343 brn|[from] brn
|
|switch|p2a: HexerKazoom|Alakazam, M, shiny|236\/251 tox
|turn|108
|
|switch|p1a: Chansey|Chansey, F|383\/704
|move|p2a: HexerKazoom|Focus Blast|p1a: Chansey|[miss]
|-miss|p2a: HexerKazoom|p1a: Chansey
|
|turn|109
|
|move|p2a: HexerKazoom|Focus Blast|p1a: Chansey|[miss]
|-miss|p2a: HexerKazoom|p1a: Chansey
|move|p1a: Chansey|Wish|p1a: Chansey
|
|turn|110
|
|move|p1a: Chansey|Protect|p1a: Chansey
|-singleturn|p1a: Chansey|Protect
|move|p2a: HexerKazoom|Focus Blast|p1a: Chansey
|-activate|p1a: Chansey|Protect
|
|-heal|p1a: Chansey|704\/704|[from] move: Wish|[wisher] Chansey
|turn|111
|
|move|p2a: HexerKazoom|Encore|p1a: Chansey
|-start|p1a: Chansey|Encore
|move|p1a: Chansey|Protect|p1a: Chansey
|-fail|p1a: Chansey
|
|turn|112
|
|move|p1a: Chansey|Protect|p1a: Chansey
|-singleturn|p1a: Chansey|Protect
|move|p2a: HexerKazoom|Psychic|p1a: Chansey
|-activate|p1a: Chansey|Protect
|
|turn|113
|
|move|p1a: Chansey|Protect|p1a: Chansey
|-fail|p1a: Chansey
|move|p2a: HexerKazoom|Focus Blast|p1a: Chansey
|-supereffective|p1a: Chansey
|-damage|p1a: Chansey|434\/704
|
|-end|p1a: Chansey|Encore
|turn|114
|
|move|p2a: HexerKazoom|Encore|p1a: Chansey
|-start|p1a: Chansey|Encore
|move|p1a: Chansey|Protect|p1a: Chansey
|-fail|p1a: Chansey
|
|turn|115
|
|move|p1a: Chansey|Protect|p1a: Chansey
|-singleturn|p1a: Chansey|Protect
|move|p2a: HexerKazoom|Psychic|p1a: Chansey
|-activate|p1a: Chansey|Protect
|
|turn|116
|
|switch|p1a: Landorus-Therian|Landorus-Therian, M|382\/382
|-ability|p1a: Landorus-Therian|Intimidate|[of] p2a: HexerKazoom
|-unboost|p2a: HexerKazoom|atk|1
|move|p2a: HexerKazoom|Focus Blast|p1a: Landorus-Therian|[miss]
|-miss|p2a: HexerKazoom|p1a: Landorus-Therian
|
|turn|117
|
|switch|p2a: Ultraviolet|Alomomola, F, shiny|471\/471
|move|p1a: Landorus-Therian|Earthquake|p2a: Ultraviolet
|-damage|p2a: Ultraviolet|342\/471
|
|turn|118
|
|move|p1a: Landorus-Therian|U-turn|p2a: Ultraviolet
|-damage|p2a: Ultraviolet|278\/471
|
|switch|p1a: Chansey|Chansey, F|434\/704
|move|p2a: Ultraviolet|Toxic|p1a: Chansey
|-status|p1a: Chansey|tox
|
|-damage|p1a: Chansey|390\/704 tox|[from] psn
|turn|119
|
|switch|p2a: HexerKazoom|Alakazam, M, shiny|236\/251 tox
|move|p1a: Chansey|Heal Bell|p1a: Chansey
|-cureteam|p1a: Chansey|[from] move: HealBell
|
|turn|120
|
|move|p2a: HexerKazoom|Encore|p1a: Chansey
|-start|p1a: Chansey|Encore
|move|p1a: Chansey|Heal Bell|p1a: Chansey
|-cureteam|p1a: Chansey|[from] move: HealBell
|
|turn|121
|
|switch|p2a: Knopfaug|Sableye, F, shiny|248\/303
|switch|p1a: Clefable|Clefable, M|322\/394
|
|turn|122
|
|switch|p2a: Pinkiblobba|Blissey, F|617\/651
|move|p1a: Clefable|Moonblast|p2a: Pinkiblobba
|-damage|p2a: Pinkiblobba|550\/651
|
|-heal|p2a: Pinkiblobba|590\/651|[from] item: Leftovers
|turn|123
|
|switch|p1a: Scizor|Scizor-Mega, F|147\/343
|move|p2a: Pinkiblobba|Wish|p2a: Pinkiblobba
|
|-heal|p2a: Pinkiblobba|630\/651|[from] item: Leftovers
|turn|124
|
|switch|p2a: Knopfaug|Sableye, F, shiny|248\/303
|move|p1a: Scizor|Roost|p1a: Scizor
|-heal|p1a: Scizor|319\/343
|
|-heal|p2a: Knopfaug|303\/303|[from] move: Wish|[wisher] Pinkiblobba
|turn|125
|
|switch|p1a: Clefable|Clefable, M|322\/394
|move|p2a: Knopfaug|Will-O-Wisp|p1a: Clefable
|-status|p1a: Clefable|brn
|
|-damage|p1a: Clefable|273\/394 brn|[from] brn
|turn|126
|
|switch|p2a: Pinkiblobba|Blissey, F|630\/651
|move|p1a: Clefable|Calm Mind|p1a: Clefable
|-boost|p1a: Clefable|spa|1
|-boost|p1a: Clefable|spd|1
|
|-heal|p2a: Pinkiblobba|651\/651|[from] item: Leftovers
|-damage|p1a: Clefable|224\/394 brn|[from] brn
|turn|127
|
|move|p1a: Clefable|Calm Mind|p1a: Clefable
|-boost|p1a: Clefable|spa|1
|-boost|p1a: Clefable|spd|1
|move|p2a: Pinkiblobba|Seismic Toss|p1a: Clefable
|-damage|p1a: Clefable|124\/394 brn
|
|-damage|p1a: Clefable|75\/394 brn|[from] brn
|turn|128
|
|switch|p2a: HexerKazoom|Alakazam, M, shiny|236\/251 tox
|move|p1a: Clefable|Moonlight|p1a: Clefable
|-heal|p1a: Clefable|272\/394 brn
|
|-damage|p1a: Clefable|223\/394 brn|[from] brn
|turn|129
|
|switch|p1a: Landorus-Therian|Landorus-Therian, M|382\/382
|-ability|p1a: Landorus-Therian|Intimidate|[of] p2a: HexerKazoom
|-unboost|p2a: HexerKazoom|atk|1
|move|p2a: HexerKazoom|Encore|p1a: Landorus-Therian
|-fail|p1a: Landorus-Therian
|
|turn|130
|
|switch|p2a: Ultraviolet|Alomomola, F, shiny|435\/471
|move|p1a: Landorus-Therian|Stealth Rock|p2a: Ultraviolet
|-sidestart|p2: REXtreme|move: Stealth Rock
|
|turn|131
|
|move|p1a: Landorus-Therian|U-turn|p2a: Ultraviolet
|-damage|p2a: Ultraviolet|374\/471
|
|switch|p1a: Alomomola|Alomomola, F|534\/534
|move|p2a: Ultraviolet|Toxic|p1a: Alomomola
|-status|p1a: Alomomola|tox
|
|-damage|p1a: Alomomola|501\/534 tox|[from] psn
|turn|132
|
|switch|p2a: Cactisc|Ferrothorn, M, shiny|308\/351 brn
|-damage|p2a: Cactisc|287\/351 brn|[from] Stealth Rock
|switch|p1a: Conkeldurr|Conkeldurr, F|1\/401
|
|-heal|p2a: Cactisc|308\/351 brn|[from] item: Leftovers
|-damage|p2a: Cactisc|265\/351 brn|[from] brn
|turn|133
|
|switch|p2a: Knopfaug|Sableye, F, shiny|303\/303
|-damage|p2a: Knopfaug|266\/303|[from] Stealth Rock
|move|p1a: Conkeldurr|Drain Punch|p2a: Knopfaug
|-immune|p2a: Knopfaug|[msg]
|
|turn|134
|
|switch|p1a: Alomomola|Alomomola, F|534\/534 tox
|move|p2a: Knopfaug|Knock Off|p1a: Alomomola
|-damage|p1a: Alomomola|498\/534 tox
|
|-damage|p1a: Alomomola|465\/534 tox|[from] psn
|turn|135
|
|switch|p2a: Cactisc|Ferrothorn, M, shiny|265\/351 brn
|-damage|p2a: Cactisc|244\/351 brn|[from] Stealth Rock
|move|p1a: Alomomola|Wish|p1a: Alomomola
|
|-heal|p2a: Cactisc|265\/351 brn|[from] item: Leftovers
|-damage|p1a: Alomomola|399\/534 tox|[from] psn
|-damage|p2a: Cactisc|222\/351 brn|[from] brn
|turn|136
|
|switch|p1a: Landorus-Therian|Landorus-Therian, M|382\/382
|-ability|p1a: Landorus-Therian|Intimidate|[of] p2a: Cactisc
|-unboost|p2a: Cactisc|atk|1
|move|p2a: Cactisc|Knock Off|p1a: Landorus-Therian
|-damage|p1a: Landorus-Therian|369\/382
|
|-heal|p1a: Landorus-Therian|382\/382|[from] move: Wish|[wisher] Alomomola
|-heal|p2a: Cactisc|243\/351 brn|[from] item: Leftovers
|-damage|p2a: Cactisc|200\/351 brn|[from] brn
|turn|137
|
|switch|p2a: Ultraviolet|Alomomola, F, shiny|471\/471
|-damage|p2a: Ultraviolet|413\/471|[from] Stealth Rock
|move|p1a: Landorus-Therian|Earthquake|p2a: Ultraviolet
|-damage|p2a: Ultraviolet|277\/471
|
|turn|138
|
|move|p1a: Landorus-Therian|Earthquake|p2a: Ultraviolet
|-damage|p2a: Ultraviolet|135\/471
|move|p2a: Ultraviolet|Wish|p2a: Ultraviolet
|
|turn|139
|
|switch|p1a: Alomomola|Alomomola, F|534\/534 tox
|move|p2a: Ultraviolet|Protect|p2a: Ultraviolet
|-fail|p2a: Ultraviolet
|
|-heal|p2a: Ultraviolet|370\/471|[from] move: Wish|[wisher] Ultraviolet
|-damage|p1a: Alomomola|501\/534 tox|[from] psn
|turn|140
|
|switch|p2a: Pinkiblobba|Blissey, F|651\/651
|-damage|p2a: Pinkiblobba|570\/651|[from] Stealth Rock
|move|p1a: Alomomola|Wish|p1a: Alomomola
|
|-heal|p2a: Pinkiblobba|610\/651|[from] item: Leftovers
|-damage|p1a: Alomomola|435\/534 tox|[from] psn
|turn|141
|
|switch|p1a: Scizor|Scizor-Mega, F|319\/343
|move|p2a: Pinkiblobba|Seismic Toss|p1a: Scizor
|-damage|p1a: Scizor|219\/343
|
|-heal|p1a: Scizor|343\/343|[from] move: Wish|[wisher] Alomomola
|-heal|p2a: Pinkiblobba|650\/651|[from] item: Leftovers
|turn|142
|
|move|p2a: Pinkiblobba|Protect|p2a: Pinkiblobba
|-singleturn|p2a: Pinkiblobba|Protect
|move|p1a: Scizor|Knock Off|p2a: Pinkiblobba
|-activate|p2a: Pinkiblobba|Protect
|
|-heal|p2a: Pinkiblobba|651\/651|[from] item: Leftovers
|turn|143
|
|switch|p2a: Ultraviolet|Alomomola, F, shiny|471\/471
|-damage|p2a: Ultraviolet|413\/471|[from] Stealth Rock
|move|p1a: Scizor|Knock Off|p2a: Ultraviolet
|-damage|p2a: Ultraviolet|355\/471
|
|turn|144
|
|switch|p1a: Alomomola|Alomomola, F|534\/534 tox
|move|p2a: Ultraviolet|Scald|p1a: Alomomola
|-resisted|p1a: Alomomola
|-damage|p1a: Alomomola|496\/534 tox
|
|-damage|p1a: Alomomola|463\/534 tox|[from] psn
|turn|145
|
|move|p2a: Ultraviolet|Wish|p2a: Ultraviolet
|move|p1a: Alomomola|Toxic|p2a: Ultraviolet
|-status|p2a: Ultraviolet|tox
|
|-damage|p2a: Ultraviolet|326\/471 tox|[from] psn
|-damage|p1a: Alomomola|397\/534 tox|[from] psn
|turn|146
|
|switch|p2a: Cactisc|Ferrothorn, M, shiny|200\/351 brn
|-damage|p2a: Cactisc|179\/351 brn|[from] Stealth Rock
|switch|p1a: Conkeldurr|Conkeldurr, F|1\/401
|
|-heal|p2a: Cactisc|351\/351 brn|[from] move: Wish|[wisher] Ultraviolet
|-damage|p2a: Cactisc|308\/351 brn|[from] brn
|turn|147
|
|switch|p2a: Knopfaug|Sableye, F, shiny|266\/303
|-damage|p2a: Knopfaug|229\/303|[from] Stealth Rock
|move|p1a: Conkeldurr|Drain Punch|p2a: Knopfaug
|-immune|p2a: Knopfaug|[msg]
|
|turn|148
|
|switch|p1a: Alomomola|Alomomola, F|534\/534 tox
|move|p2a: Knopfaug|Will-O-Wisp|p1a: Alomomola|[miss]
|-miss|p2a: Knopfaug|p1a: Alomomola
|
|-damage|p1a: Alomomola|501\/534 tox|[from] psn
|turn|149
|
|switch|p1a: Chansey|Chansey, F|390\/704
|move|p2a: Knopfaug|Substitute|p2a: Knopfaug
|-start|p2a: Knopfaug|Substitute
|-damage|p2a: Knopfaug|154\/303
|
|turn|150
|
|move|p2a: Knopfaug|Will-O-Wisp|p1a: Chansey
|-status|p1a: Chansey|brn
|move|p1a: Chansey|Wish|p1a: Chansey
|
|-damage|p1a: Chansey|302\/704 brn|[from] brn
|turn|151
|
|move|p1a: Chansey|Protect|p1a: Chansey
|-singleturn|p1a: Chansey|Protect
|move|p2a: Knopfaug|Knock Off|p1a: Chansey
|-activate|p1a: Chansey|Protect
|
|-heal|p1a: Chansey|654\/704 brn|[from] move: Wish|[wisher] Chansey
|-damage|p1a: Chansey|566\/704 brn|[from] brn
|turn|152
|
|move|p2a: Knopfaug|Will-O-Wisp|p1a: Chansey
|-fail|p1a: Chansey|brn
|move|p1a: Chansey|Wish|p1a: Chansey
|
|-damage|p1a: Chansey|478\/704 brn|[from] brn
|turn|153
|
|move|p2a: Knopfaug|Knock Off|p1a: Chansey
|-damage|p1a: Chansey|387\/704 brn
|move|p1a: Chansey|Heal Bell|p1a: Chansey
|-cureteam|p1a: Chansey|[from] move: HealBell
|
|-heal|p1a: Chansey|704\/704|[from] move: Wish|[wisher] Chansey
|turn|154
|
|move|p2a: Knopfaug|Will-O-Wisp|p1a: Chansey
|-status|p1a: Chansey|brn
|move|p1a: Chansey|Wish|p1a: Chansey
|
|-damage|p1a: Chansey|616\/704 brn|[from] brn
|turn|155
|
|switch|p1a: Conkeldurr|Conkeldurr, F|1\/401
|move|p2a: Knopfaug|Knock Off|p1a: Conkeldurr
|-resisted|p1a: Conkeldurr
|-damage|p1a: Conkeldurr|0 fnt
|faint|p1a: Conkeldurr
|
|
|switch|p1a: Clefable|Clefable, M|223\/394
|turn|156
|
|move|p2a: Knopfaug|Will-O-Wisp|p1a: Clefable
|-status|p1a: Clefable|brn
|move|p1a: Clefable|Calm Mind|p1a: Clefable
|-boost|p1a: Clefable|spa|1
|-boost|p1a: Clefable|spd|1
|
|-damage|p1a: Clefable|174\/394 brn|[from] brn
|turn|157
|
|switch|p2a: Pinkiblobba|Blissey, F|651\/651
|-damage|p2a: Pinkiblobba|570\/651|[from] Stealth Rock
|move|p1a: Clefable|Moonblast|p2a: Pinkiblobba
|-damage|p2a: Pinkiblobba|476\/651
|-unboost|p2a: Pinkiblobba|spa|1
|
|-heal|p2a: Pinkiblobba|516\/651|[from] item: Leftovers
|-damage|p1a: Clefable|125\/394 brn|[from] brn
|turn|158
|
|move|p1a: Clefable|Moonlight|p1a: Clefable
|-heal|p1a: Clefable|322\/394 brn
|move|p2a: Pinkiblobba|Wish|p2a: Pinkiblobba
|
|-heal|p2a: Pinkiblobba|556\/651|[from] item: Leftovers
|-damage|p1a: Clefable|273\/394 brn|[from] brn
|turn|159
|
|move|p1a: Clefable|Flamethrower|p2a: Pinkiblobba
|-crit|p2a: Pinkiblobba
|-damage|p2a: Pinkiblobba|453\/651
|move|p2a: Pinkiblobba|Seismic Toss|p1a: Clefable
|-damage|p1a: Clefable|173\/394 brn
|
|-heal|p2a: Pinkiblobba|651\/651|[from] move: Wish|[wisher] Pinkiblobba
|-damage|p1a: Clefable|124\/394 brn|[from] brn
|turn|160
|
|move|p1a: Clefable|Moonblast|p2a: Pinkiblobba
|-damage|p2a: Pinkiblobba|545\/651
|move|p2a: Pinkiblobba|Wish|p2a: Pinkiblobba
|
|-heal|p2a: Pinkiblobba|585\/651|[from] item: Leftovers
|-damage|p1a: Clefable|75\/394 brn|[from] brn
|turn|161
|
|switch|p1a: Scizor|Scizor-Mega, F|343\/343
|move|p2a: Pinkiblobba|Seismic Toss|p1a: Scizor
|-damage|p1a: Scizor|243\/343
|
|-heal|p2a: Pinkiblobba|651\/651|[from] move: Wish|[wisher] Pinkiblobba
|turn|162
|
|switch|p2a: Ultraviolet|Alomomola, F, shiny|471\/471 tox
|-damage|p2a: Ultraviolet|413\/471 tox|[from] Stealth Rock
|move|p1a: Scizor|Knock Off|p2a: Ultraviolet
|-damage|p2a: Ultraviolet|351\/471 tox
|
|-damage|p2a: Ultraviolet|322\/471 tox|[from] psn
|turn|163
|
|switch|p1a: Alomomola|Alomomola, F|534\/534
|move|p2a: Ultraviolet|Wish|p2a: Ultraviolet
|
|-damage|p2a: Ultraviolet|264\/471 tox|[from] psn
|turn|164
|
|switch|p2a: Cactisc|Ferrothorn, M, shiny|308\/351 brn
|-damage|p2a: Cactisc|287\/351 brn|[from] Stealth Rock
|move|p1a: Alomomola|Wish|p1a: Alomomola
|
|-heal|p2a: Cactisc|351\/351 brn|[from] move: Wish|[wisher] Ultraviolet
|-damage|p2a: Cactisc|308\/351 brn|[from] brn
|turn|165
|
|switch|p1a: Clefable|Clefable, M|75\/394 brn
|move|p2a: Cactisc|Stealth Rock|p1a: Clefable
|-sidestart|p1: Cunty Vibes|move: Stealth Rock
|
|-heal|p1a: Clefable|342\/394 brn|[from] move: Wish|[wisher] Alomomola
|-heal|p2a: Cactisc|329\/351 brn|[from] item: Leftovers
|-damage|p1a: Clefable|293\/394 brn|[from] brn
|-damage|p2a: Cactisc|286\/351 brn|[from] brn
|turn|166
|
|switch|p1a: Scizor|Scizor-Mega, F|243\/343
|-damage|p1a: Scizor|201\/343|[from] Stealth Rock
|switch|p2a: Pinkiblobba|Blissey, F|651\/651
|-damage|p2a: Pinkiblobba|570\/651|[from] Stealth Rock
|
|-heal|p2a: Pinkiblobba|610\/651|[from] item: Leftovers
|turn|167
|
|switch|p2a: Ultraviolet|Alomomola, F, shiny|421\/471 tox
|-damage|p2a: Ultraviolet|363\/471 tox|[from] Stealth Rock
|move|p1a: Scizor|Roost|p1a: Scizor
|-heal|p1a: Scizor|343\/343
|
|-damage|p2a: Ultraviolet|334\/471 tox|[from] psn
|turn|168
|
|switch|p1a: Alomomola|Alomomola, F|534\/534
|-damage|p1a: Alomomola|468\/534|[from] Stealth Rock
|move|p2a: Ultraviolet|Wish|p2a: Ultraviolet
|
|-damage|p2a: Ultraviolet|276\/471 tox|[from] psn
|turn|169
|
|move|p2a: Ultraviolet|Toxic|p1a: Alomomola|[miss]
|-miss|p2a: Ultraviolet|p1a: Alomomola
|move|p1a: Alomomola|Scald|p2a: Ultraviolet
|-crit|p2a: Ultraviolet
|-resisted|p2a: Ultraviolet
|-damage|p2a: Ultraviolet|232\/471 tox
|
|-heal|p2a: Ultraviolet|467\/471 tox|[from] move: Wish|[wisher] Ultraviolet
|-damage|p2a: Ultraviolet|380\/471 tox|[from] psn
|turn|170
|
|switch|p2a: Pinkiblobba|Blissey, F|610\/651
|-damage|p2a: Pinkiblobba|529\/651|[from] Stealth Rock
|move|p1a: Alomomola|Scald|p2a: Pinkiblobba
|-damage|p2a: Pinkiblobba|501\/651
|-status|p2a: Pinkiblobba|brn
|
|-heal|p2a: Pinkiblobba|541\/651 brn|[from] item: Leftovers
|-damage|p2a: Pinkiblobba|460\/651 brn|[from] brn
|turn|171
|
|switch|p1a: Landorus-Therian|Landorus-Therian, M|382\/382
|-damage|p1a: Landorus-Therian|335\/382|[from] Stealth Rock
|-ability|p1a: Landorus-Therian|Intimidate|[of] p2a: Pinkiblobba
|-unboost|p2a: Pinkiblobba|atk|1
|switch|p2a: Ultraviolet|Alomomola, F, shiny|471\/471 tox
|-damage|p2a: Ultraviolet|413\/471 tox|[from] Stealth Rock
|
|-damage|p2a: Ultraviolet|384\/471 tox|[from] psn
|turn|172
|
|move|p1a: Landorus-Therian|Earthquake|p2a: Ultraviolet
|-damage|p2a: Ultraviolet|245\/471 tox
|move|p2a: Ultraviolet|Wish|p2a: Ultraviolet
|
|-damage|p2a: Ultraviolet|187\/471 tox|[from] psn
|turn|173
|
|switch|p2a: Knopfaug|Sableye, F, shiny|154\/303
|-damage|p2a: Knopfaug|117\/303|[from] Stealth Rock
|move|p1a: Landorus-Therian|U-turn|p2a: Knopfaug
|-damage|p2a: Knopfaug|48\/303
|
|switch|p1a: Clefable|Clefable, M|293\/394 brn
|-damage|p1a: Clefable|244\/394 brn|[from] Stealth Rock
|
|-heal|p2a: Knopfaug|283\/303|[from] move: Wish|[wisher] Ultraviolet
|-damage|p1a: Clefable|195\/394 brn|[from] brn
|turn|174
|
|switch|p2a: Pinkiblobba|Blissey, F|460\/651
|-damage|p2a: Pinkiblobba|379\/651|[from] Stealth Rock
|move|p1a: Clefable|Moonblast|p2a: Pinkiblobba
|-damage|p2a: Pinkiblobba|306\/651
|
|-heal|p2a: Pinkiblobba|346\/651|[from] item: Leftovers
|-damage|p1a: Clefable|146\/394 brn|[from] brn
|turn|175
|
|switch|p1a: Landorus-Therian|Landorus-Therian, M|335\/382
|-damage|p1a: Landorus-Therian|288\/382|[from] Stealth Rock
|-ability|p1a: Landorus-Therian|Intimidate|[of] p2a: Pinkiblobba
|-unboost|p2a: Pinkiblobba|atk|1
|move|p2a: Pinkiblobba|Wish|p2a: Pinkiblobba
|
|-heal|p2a: Pinkiblobba|386\/651|[from] item: Leftovers
|turn|176
|
|switch|p2a: Knopfaug|Sableye, F, shiny|283\/303
|-damage|p2a: Knopfaug|246\/303|[from] Stealth Rock
|move|p1a: Landorus-Therian|Earthquake|p2a: Knopfaug
|-damage|p2a: Knopfaug|111\/303
|
|-heal|p2a: Knopfaug|303\/303|[from] move: Wish|[wisher] Pinkiblobba
|turn|177
|
|switch|p1a: Alomomola|Alomomola, F|534\/534
|-damage|p1a: Alomomola|468\/534|[from] Stealth Rock
|move|p2a: Knopfaug|Will-O-Wisp|p1a: Alomomola
|-status|p1a: Alomomola|brn
|
|-damage|p1a: Alomomola|402\/534 brn|[from] brn
|turn|178
|
|switch|p2a: Ultraviolet|Alomomola, F, shiny|344\/471 tox
|-damage|p2a: Ultraviolet|286\/471 tox|[from] Stealth Rock
|move|p1a: Alomomola|Wish|p1a: Alomomola
|
|-damage|p2a: Ultraviolet|257\/471 tox|[from] psn
|-damage|p1a: Alomomola|336\/534 brn|[from] brn
|turn|179
|
|switch|p2a: Pinkiblobba|Blissey, F|386\/651
|-damage|p2a: Pinkiblobba|305\/651|[from] Stealth Rock
|switch|p1a: Landorus-Therian|Landorus-Therian, M|288\/382
|-damage|p1a: Landorus-Therian|241\/382|[from] Stealth Rock
|-ability|p1a: Landorus-Therian|Intimidate|[of] p2a: Pinkiblobba
|-unboost|p2a: Pinkiblobba|atk|1
|
|-heal|p1a: Landorus-Therian|382\/382|[from] move: Wish|[wisher] Alomomola
|-heal|p2a: Pinkiblobba|345\/651|[from] item: Leftovers
|turn|180
|
|switch|p2a: Ultraviolet|Alomomola, F, shiny|414\/471 tox
|-damage|p2a: Ultraviolet|356\/471 tox|[from] Stealth Rock
|move|p1a: Landorus-Therian|Earthquake|p2a: Ultraviolet
|-damage|p2a: Ultraviolet|223\/471 tox
|
|-damage|p2a: Ultraviolet|194\/471 tox|[from] psn
|turn|181
|
|move|p1a: Landorus-Therian|Earthquake|p2a: Ultraviolet
|-damage|p2a: Ultraviolet|58\/471 tox
|move|p2a: Ultraviolet|Wish|p2a: Ultraviolet
|
|-damage|p2a: Ultraviolet|0 fnt|[from] psn
|faint|p2a: Ultraviolet
|
|switch|p2a: Knopfaug|Sableye, F, shiny|303\/303
|-damage|p2a: Knopfaug|266\/303|[from] Stealth Rock
|turn|182
|
|switch|p1a: Alomomola|Alomomola, F|514\/534 brn
|-damage|p1a: Alomomola|448\/534 brn|[from] Stealth Rock
|move|p2a: Knopfaug|Will-O-Wisp|p1a: Alomomola
|-fail|p1a: Alomomola|brn
|
|-heal|p2a: Knopfaug|303\/303|[from] move: Wish|[wisher] Ultraviolet
|-damage|p1a: Alomomola|382\/534 brn|[from] brn
|turn|183
|
|move|p2a: Knopfaug|Substitute|p2a: Knopfaug
|-start|p2a: Knopfaug|Substitute
|-damage|p2a: Knopfaug|228\/303
|move|p1a: Alomomola|Toxic|p2a: Knopfaug
|
|-damage|p1a: Alomomola|316\/534 brn|[from] brn
|turn|184
|
|switch|p1a: Chansey|Chansey, F|616\/704
|-damage|p1a: Chansey|528\/704|[from] Stealth Rock
|move|p2a: Knopfaug|Knock Off|p1a: Chansey
|-damage|p1a: Chansey|441\/704
|
|turn|185
|
|move|p1a: Chansey|Protect|p1a: Chansey
|-singleturn|p1a: Chansey|Protect
|move|p2a: Knopfaug|Will-O-Wisp|p1a: Chansey
|-activate|p1a: Chansey|Protect
|
|turn|186
|
|move|p2a: Knopfaug|Will-O-Wisp|p1a: Chansey
|-status|p1a: Chansey|brn
|move|p1a: Chansey|Wish|p1a: Chansey
|
|-damage|p1a: Chansey|353\/704 brn|[from] brn
|turn|187
|
|switch|p1a: Clefable|Clefable, M|146\/394 brn
|-damage|p1a: Clefable|97\/394 brn|[from] Stealth Rock
|move|p2a: Knopfaug|Knock Off|p1a: Clefable
|-resisted|p1a: Clefable
|-damage|p1a: Clefable|76\/394 brn
|
|-heal|p1a: Clefable|394\/394 brn|[from] move: Wish|[wisher] Chansey
|-damage|p1a: Clefable|345\/394 brn|[from] brn
|turn|188
|
|switch|p2a: Pinkiblobba|Blissey, F|345\/651
|-damage|p2a: Pinkiblobba|264\/651|[from] Stealth Rock
|move|p1a: Clefable|Moonblast|p2a: Pinkiblobba
|-damage|p2a: Pinkiblobba|194\/651
|
|-heal|p2a: Pinkiblobba|234\/651|[from] item: Leftovers
|-damage|p1a: Clefable|296\/394 brn|[from] brn
|turn|189
|
|switch|p1a: Landorus-Therian|Landorus-Therian, M|382\/382
|-damage|p1a: Landorus-Therian|335\/382|[from] Stealth Rock
|-ability|p1a: Landorus-Therian|Intimidate|[of] p2a: Pinkiblobba
|-unboost|p2a: Pinkiblobba|atk|1
|move|p2a: Pinkiblobba|Wish|p2a: Pinkiblobba
|
|-heal|p2a: Pinkiblobba|274\/651|[from] item: Leftovers
|turn|190
|
|switch|p2a: Cactisc|Ferrothorn, M, shiny|286\/351 brn
|-damage|p2a: Cactisc|265\/351 brn|[from] Stealth Rock
|move|p1a: Landorus-Therian|Earthquake|p2a: Cactisc
|-damage|p2a: Cactisc|133\/351 brn
|
|-heal|p2a: Cactisc|351\/351 brn|[from] move: Wish|[wisher] Pinkiblobba
|-damage|p2a: Cactisc|308\/351 brn|[from] brn
|turn|191
|
|move|p1a: Landorus-Therian|Earthquake|p2a: Cactisc
|-damage|p2a: Cactisc|181\/351 brn
|move|p2a: Cactisc|Leech Seed|p1a: Landorus-Therian
|-start|p1a: Landorus-Therian|move: Leech Seed
|
|-heal|p2a: Cactisc|202\/351 brn|[from] item: Leftovers
|-damage|p1a: Landorus-Therian|288\/382|[from] Leech Seed|[of] p2a: Cactisc
|-heal|p2a: Cactisc|249\/351 brn|[silent]
|-damage|p2a: Cactisc|206\/351 brn|[from] brn
|turn|192
|
|switch|p1a: Clefable|Clefable, M|296\/394 brn
|-damage|p1a: Clefable|247\/394 brn|[from] Stealth Rock
|move|p2a: Cactisc|Leech Seed|p1a: Clefable
|-start|p1a: Clefable|move: Leech Seed
|
|-heal|p2a: Cactisc|227\/351 brn|[from] item: Leftovers
|-damage|p1a: Clefable|198\/394 brn|[from] Leech Seed|[of] p2a: Cactisc
|-heal|p2a: Cactisc|276\/351 brn|[silent]
|-damage|p1a: Clefable|149\/394 brn|[from] brn
|-damage|p2a: Cactisc|233\/351 brn|[from] brn
|turn|193
|
|switch|p1a: Landorus-Therian|Landorus-Therian, M|288\/382
|-damage|p1a: Landorus-Therian|241\/382|[from] Stealth Rock
|-ability|p1a: Landorus-Therian|Intimidate|[of] p2a: Cactisc
|-unboost|p2a: Cactisc|atk|1
|switch|p2a: HexerKazoom|Alakazam, M, shiny|236\/251 tox
|
|turn|194
|
|move|p2a: HexerKazoom|Psychic|p1a: Landorus-Therian
|-damage|p1a: Landorus-Therian|48\/382
|move|p1a: Landorus-Therian|U-turn|p2a: HexerKazoom
|-supereffective|p2a: HexerKazoom
|-damage|p2a: HexerKazoom|0 fnt
|faint|p2a: HexerKazoom
|
|switch|p1a: Scizor|Scizor-Mega, F|343\/343
|-damage|p1a: Scizor|301\/343|[from] Stealth Rock
|
|
|switch|p2a: Knopfaug|Sableye, F, shiny|228\/303
|-damage|p2a: Knopfaug|191\/303|[from] Stealth Rock
|turn|195
|
|move|p2a: Knopfaug|Will-O-Wisp|p1a: Scizor
|-status|p1a: Scizor|brn
|move|p1a: Scizor|Defog|p2a: Knopfaug
|-unboost|p2a: Knopfaug|evasion|1
|-sideend|p2: REXtreme|Stealth Rock|[from] move: Defog|[of] p2a: Knopfaug
|-sideend|p1: Cunty Vibes|Stealth Rock|[from] move: Defog|[of] p1a: Scizor
|
|-damage|p1a: Scizor|259\/343 brn|[from] brn
|turn|196
|
|switch|p1a: Alomomola|Alomomola, F|494\/534 brn
|switch|p2a: Cactisc|Ferrothorn, M, shiny|233\/351 brn
|
|-heal|p2a: Cactisc|254\/351 brn|[from] item: Leftovers
|-damage|p1a: Alomomola|428\/534 brn|[from] brn
|-damage|p2a: Cactisc|211\/351 brn|[from] brn
|turn|197
|
|switch|p1a: Scizor|Scizor-Mega, F|259\/343 brn
|move|p2a: Cactisc|Stealth Rock|p1a: Scizor
|-sidestart|p1: Cunty Vibes|move: Stealth Rock
|
|-heal|p2a: Cactisc|232\/351 brn|[from] item: Leftovers
|-damage|p1a: Scizor|217\/343 brn|[from] brn
|-damage|p2a: Cactisc|189\/351 brn|[from] brn
|turn|198
|
|move|p1a: Scizor|Defog|p2a: Cactisc
|-unboost|p2a: Cactisc|evasion|1
|-sideend|p1: Cunty Vibes|Stealth Rock|[from] move: Defog|[of] p1a: Scizor
|move|p2a: Cactisc|Leech Seed|p1a: Scizor
|-start|p1a: Scizor|move: Leech Seed
|
|-heal|p2a: Cactisc|210\/351 brn|[from] item: Leftovers
|-damage|p1a: Scizor|175\/343 brn|[from] Leech Seed|[of] p2a: Cactisc
|-heal|p2a: Cactisc|252\/351 brn|[silent]
|-damage|p1a: Scizor|133\/343 brn|[from] brn
|-damage|p2a: Cactisc|209\/351 brn|[from] brn
|turn|199
|
|move|p1a: Scizor|Roost|p1a: Scizor
|-heal|p1a: Scizor|305\/343 brn
|move|p2a: Cactisc|Stealth Rock|p1a: Scizor
|-sidestart|p1: Cunty Vibes|move: Stealth Rock
|
|-heal|p2a: Cactisc|230\/351 brn|[from] item: Leftovers
|-damage|p1a: Scizor|263\/343 brn|[from] Leech Seed|[of] p2a: Cactisc
|-heal|p2a: Cactisc|272\/351 brn|[silent]
|-damage|p1a: Scizor|221\/343 brn|[from] brn
|-damage|p2a: Cactisc|229\/351 brn|[from] brn
|turn|200
|
|move|p2a: Cactisc|Protect|p2a: Cactisc
|-singleturn|p2a: Cactisc|Protect
|move|p1a: Scizor|Defog|p2a: Cactisc
|-activate|p2a: Cactisc|Protect
|
|-heal|p2a: Cactisc|250\/351 brn|[from] item: Leftovers
|-damage|p1a: Scizor|179\/343 brn|[from] Leech Seed|[of] p2a: Cactisc
|-heal|p2a: Cactisc|292\/351 brn|[silent]
|-damage|p1a: Scizor|137\/343 brn|[from] brn
|-damage|p2a: Cactisc|249\/351 brn|[from] brn
|turn|201
|
|move|p1a: Scizor|Defog|p2a: Cactisc
|-unboost|p2a: Cactisc|evasion|1
|-sideend|p1: Cunty Vibes|Stealth Rock|[from] move: Defog|[of] p1a: Scizor
|move|p2a: Cactisc|Stealth Rock|p1a: Scizor
|-sidestart|p1: Cunty Vibes|move: Stealth Rock
|
|-heal|p2a: Cactisc|270\/351 brn|[from] item: Leftovers
|-damage|p1a: Scizor|95\/343 brn|[from] Leech Seed|[of] p2a: Cactisc
|-heal|p2a: Cactisc|312\/351 brn|[silent]
|-damage|p1a: Scizor|53\/343 brn|[from] brn
|-damage|p2a: Cactisc|269\/351 brn|[from] brn
|turn|202
|
|move|p1a: Scizor|Roost|p1a: Scizor
|-heal|p1a: Scizor|225\/343 brn
|move|p2a: Cactisc|Knock Off|p1a: Scizor
|-damage|p1a: Scizor|212\/343 brn
|
|-heal|p2a: Cactisc|290\/351 brn|[from] item: Leftovers
|-damage|p1a: Scizor|170\/343 brn|[from] Leech Seed|[of] p2a: Cactisc
|-heal|p2a: Cactisc|332\/351 brn|[silent]
|-damage|p1a: Scizor|128\/343 brn|[from] brn
|-damage|p2a: Cactisc|289\/351 brn|[from] brn
|turn|203
|
|move|p2a: Cactisc|Protect|p2a: Cactisc
|-singleturn|p2a: Cactisc|Protect
|move|p1a: Scizor|Roost|p1a: Scizor
|-heal|p1a: Scizor|300\/343 brn
|
|-heal|p2a: Cactisc|310\/351 brn|[from] item: Leftovers
|-damage|p1a: Scizor|258\/343 brn|[from] Leech Seed|[of] p2a: Cactisc
|-heal|p2a: Cactisc|351\/351 brn|[silent]
|-damage|p1a: Scizor|216\/343 brn|[from] brn
|-damage|p2a: Cactisc|308\/351 brn|[from] brn
|turn|204
|
|switch|p1a: Clefable|Clefable, M|149\/394 brn
|-damage|p1a: Clefable|100\/394 brn|[from] Stealth Rock
|move|p2a: Cactisc|Stealth Rock|p1a: Clefable
|-fail|p1a: Clefable
|
|-heal|p2a: Cactisc|329\/351 brn|[from] item: Leftovers
|-damage|p1a: Clefable|51\/394 brn|[from] brn
|-damage|p2a: Cactisc|286\/351 brn|[from] brn
|turn|205
|
|move|p1a: Clefable|Moonlight|p1a: Clefable
|-heal|p1a: Clefable|248\/394 brn
|move|p2a: Cactisc|Leech Seed|p1a: Clefable
|-start|p1a: Clefable|move: Leech Seed
|
|-heal|p2a: Cactisc|307\/351 brn|[from] item: Leftovers
|-damage|p1a: Clefable|199\/394 brn|[from] Leech Seed|[of] p2a: Cactisc
|-heal|p2a: Cactisc|351\/351 brn|[silent]
|-damage|p1a: Clefable|150\/394 brn|[from] brn
|-damage|p2a: Cactisc|308\/351 brn|[from] brn
|turn|206
|
|switch|p1a: Chansey|Chansey, F|353\/704
|-damage|p1a: Chansey|265\/704|[from] Stealth Rock
|move|p2a: Cactisc|Protect|p2a: Cactisc
|-fail|p2a: Cactisc
|
|-heal|p2a: Cactisc|329\/351 brn|[from] item: Leftovers
|-damage|p2a: Cactisc|286\/351 brn|[from] brn
|turn|207
|
|move|p1a: Chansey|Heal Bell|p1a: Chansey
|-cureteam|p1a: Chansey|[from] move: HealBell
|move|p2a: Cactisc|Leech Seed|p1a: Chansey
|-start|p1a: Chansey|move: Leech Seed
|
|-heal|p2a: Cactisc|307\/351 brn|[from] item: Leftovers
|-damage|p1a: Chansey|177\/704|[from] Leech Seed|[of] p2a: Cactisc
|-heal|p2a: Cactisc|351\/351 brn|[silent]
|-damage|p2a: Cactisc|308\/351 brn|[from] brn
|turn|208
|
|switch|p2a: Knopfaug|Sableye, F, shiny|191\/303
|move|p1a: Chansey|Wish|p1a: Chansey
|
|-damage|p1a: Chansey|89\/704|[from] Leech Seed|[of] p2a: Knopfaug
|-heal|p2a: Knopfaug|279\/303|[silent]
|turn|209
|
|switch|p1a: Clefable|Clefable, M|150\/394
|-damage|p1a: Clefable|101\/394|[from] Stealth Rock
|move|p2a: Knopfaug|Will-O-Wisp|p1a: Clefable
|-status|p1a: Clefable|brn
|
|-heal|p1a: Clefable|394\/394 brn|[from] move: Wish|[wisher] Chansey
|-damage|p1a: Clefable|345\/394 brn|[from] brn
|turn|210
|
|switch|p2a: Pinkiblobba|Blissey, F|274\/651
|move|p1a: Clefable|Calm Mind|p1a: Clefable
|-boost|p1a: Clefable|spa|1
|-boost|p1a: Clefable|spd|1
|
|-heal|p2a: Pinkiblobba|314\/651|[from] item: Leftovers
|-damage|p1a: Clefable|296\/394 brn|[from] brn
|turn|211
|
|switch|p2a: Knopfaug|Sableye, F, shiny|279\/303
|move|p1a: Clefable|Moonblast|p2a: Knopfaug
|-supereffective|p2a: Knopfaug
|-damage|p2a: Knopfaug|0 fnt
|faint|p2a: Knopfaug
|
|-damage|p1a: Clefable|247\/394 brn|[from] brn
|
|switch|p2a: Cactisc|Ferrothorn, M, shiny|308\/351 brn
|turn|212
|
|move|p1a: Clefable|Flamethrower|p2a: Cactisc
|-supereffective|p2a: Cactisc
|-damage|p2a: Cactisc|44\/351 brn
|move|p2a: Cactisc|Leech Seed|p1a: Clefable
|-start|p1a: Clefable|move: Leech Seed
|
|-heal|p2a: Cactisc|65\/351 brn|[from] item: Leftovers
|-damage|p1a: Clefable|198\/394 brn|[from] Leech Seed|[of] p2a: Cactisc
|-heal|p2a: Cactisc|114\/351 brn|[silent]
|-damage|p1a: Clefable|149\/394 brn|[from] brn
|-damage|p2a: Cactisc|71\/351 brn|[from] brn
|turn|213
|
|switch|p1a: Chansey|Chansey, F|89\/704
|-damage|p1a: Chansey|1\/704|[from] Stealth Rock
|switch|p2a: Pinkiblobba|Blissey, F|314\/651
|
|-heal|p2a: Pinkiblobba|354\/651|[from] item: Leftovers
|turn|214
|
|move|p2a: Pinkiblobba|Seismic Toss|p1a: Chansey
|-damage|p1a: Chansey|0 fnt
|faint|p1a: Chansey
|
|-heal|p2a: Pinkiblobba|394\/651|[from] item: Leftovers
|
|switch|p1a: Scizor|Scizor-Mega, F|216\/343
|-damage|p1a: Scizor|174\/343|[from] Stealth Rock
|turn|215
|
|move|p1a: Scizor|Knock Off|p2a: Pinkiblobba
|-damage|p2a: Pinkiblobba|195\/651
|-enditem|p2a: Pinkiblobba|Leftovers|[from] move: Knock Off|[of] p1a: Scizor
|move|p2a: Pinkiblobba|Wish|p2a: Pinkiblobba
|
|turn|216
|
|switch|p2a: Cactisc|Ferrothorn, M, shiny|71\/351 brn
|move|p1a: Scizor|Knock Off|p2a: Cactisc
|-damage|p2a: Cactisc|0 fnt
|-damage|p1a: Scizor|132\/343|[from] ability: Iron Barbs|[of] p2a: Cactisc
|-enditem|p2a: Cactisc|Leftovers|[from] move: Knock Off|[of] p1a: Scizor
|faint|p2a: Cactisc
|
|
|switch|p2a: Pinkiblobba|Blissey, F|195\/651
|turn|217
|
|move|p1a: Scizor|Bullet Punch|p2a: Pinkiblobba
|-damage|p2a: Pinkiblobba|9\/651
|move|p2a: Pinkiblobba|Wish|p2a: Pinkiblobba
|
|turn|218
|
|move|p2a: Pinkiblobba|Protect|p2a: Pinkiblobba
|-singleturn|p2a: Pinkiblobba|Protect
|move|p1a: Scizor|Bullet Punch|p2a: Pinkiblobba
|-activate|p2a: Pinkiblobba|Protect
|
|-heal|p2a: Pinkiblobba|334\/651|[from] move: Wish|[wisher] Pinkiblobba
|turn|219
|
|move|p1a: Scizor|Bullet Punch|p2a: Pinkiblobba
|-damage|p2a: Pinkiblobba|154\/651
|move|p2a: Pinkiblobba|Wish|p2a: Pinkiblobba
|
|turn|220
|
|move|p2a: Pinkiblobba|Protect|p2a: Pinkiblobba
|-singleturn|p2a: Pinkiblobba|Protect
|move|p1a: Scizor|Roost|p1a: Scizor
|-heal|p1a: Scizor|304\/343
|
|-heal|p2a: Pinkiblobba|479\/651|[from] move: Wish|[wisher] Pinkiblobba
|turn|221
|
|move|p1a: Scizor|Bullet Punch|p2a: Pinkiblobba
|-crit|p2a: Pinkiblobba
|-damage|p2a: Pinkiblobba|206\/651
|move|p2a: Pinkiblobba|Seismic Toss|p1a: Scizor
|-damage|p1a: Scizor|204\/343
|
|turn|222
|
|move|p1a: Scizor|Bullet Punch|p2a: Pinkiblobba
|-damage|p2a: Pinkiblobba|37\/651
|move|p2a: Pinkiblobba|Wish|p2a: Pinkiblobba
|
|turn|223
|
|move|p2a: Pinkiblobba|Protect|p2a: Pinkiblobba
|-singleturn|p2a: Pinkiblobba|Protect
|move|p1a: Scizor|Knock Off|p2a: Pinkiblobba
|-activate|p2a: Pinkiblobba|Protect
|
|-heal|p2a: Pinkiblobba|362\/651|[from] move: Wish|[wisher] Pinkiblobba
|turn|224
|
|move|p1a: Scizor|Defog|p2a: Pinkiblobba
|-unboost|p2a: Pinkiblobba|evasion|1
|-sideend|p1: Cunty Vibes|Stealth Rock|[from] move: Defog|[of] p1a: Scizor
|move|p2a: Pinkiblobba|Wish|p2a: Pinkiblobba
|
|turn|225
|
|move|p1a: Scizor|Knock Off|p2a: Pinkiblobba
|-damage|p2a: Pinkiblobba|232\/651
|move|p2a: Pinkiblobba|Seismic Toss|p1a: Scizor
|-damage|p1a: Scizor|104\/343
|
|-heal|p2a: Pinkiblobba|557\/651|[from] move: Wish|[wisher] Pinkiblobba
|turn|226
|
|move|p1a: Scizor|Roost|p1a: Scizor
|-heal|p1a: Scizor|276\/343
|move|p2a: Pinkiblobba|Seismic Toss|p1a: Scizor
|-damage|p1a: Scizor|176\/343
|
|turn|227
|
|move|p1a: Scizor|Bullet Punch|p2a: Pinkiblobba
|-damage|p2a: Pinkiblobba|389\/651
|move|p2a: Pinkiblobba|Seismic Toss|p1a: Scizor
|-damage|p1a: Scizor|76\/343
|
|turn|228
|
|move|p1a: Scizor|Roost|p1a: Scizor
|-heal|p1a: Scizor|248\/343
|move|p2a: Pinkiblobba|Seismic Toss|p1a: Scizor
|-damage|p1a: Scizor|148\/343
|
|turn|229
|
|move|p1a: Scizor|Roost|p1a: Scizor
|-heal|p1a: Scizor|320\/343
|move|p2a: Pinkiblobba|Wish|p2a: Pinkiblobba
|
|turn|230
|
|move|p1a: Scizor|Bullet Punch|p2a: Pinkiblobba
|-damage|p2a: Pinkiblobba|215\/651
|move|p2a: Pinkiblobba|Seismic Toss|p1a: Scizor
|-damage|p1a: Scizor|220\/343
|
|-heal|p2a: Pinkiblobba|540\/651|[from] move: Wish|[wisher] Pinkiblobba
|turn|231
|
|move|p1a: Scizor|Bullet Punch|p2a: Pinkiblobba
|-damage|p2a: Pinkiblobba|347\/651
|move|p2a: Pinkiblobba|Seismic Toss|p1a: Scizor
|-damage|p1a: Scizor|120\/343
|
|turn|232
|
|move|p1a: Scizor|Bullet Punch|p2a: Pinkiblobba
|-damage|p2a: Pinkiblobba|154\/651
|move|p2a: Pinkiblobba|Seismic Toss|p1a: Scizor
|-damage|p1a: Scizor|20\/343
|
|turn|233
|
|move|p1a: Scizor|Bullet Punch|p2a: Pinkiblobba
|-damage|p2a: Pinkiblobba|0 fnt
|faint|p2a: Pinkiblobba
|
|win|Cunty Vibes
|raw|Ladder updating...
|raw|Cunty Vibes's rating: 1861 &rarr; <strong>1871<\/strong><br \/>(+10 for winning)
|raw|REXtreme's rating: 1671 &rarr; <strong>1661<\/strong><br \/>(-10 for losing)