|join|Mob Barley
|join|Cunty Vibes
|player|p1|Mob Barley|161
|player|p2|Cunty Vibes|185
|gametype|singles
|gen|6
|tier|OU
|rated
|clearpoke
|poke|p1|Bisharp, M, shiny
|poke|p1|Thundurus, M
|poke|p1|Azumarill, M
|poke|p1|Venusaur, M, shiny
|poke|p1|Garchomp, M, shiny
|poke|p1|Mew, shiny
|poke|p2|Clefable, F
|poke|p2|Conkeldurr, F
|poke|p2|Landorus-Therian, M
|poke|p2|Chansey, F
|poke|p2|Scizor, F
|poke|p2|Alomomola, F
|rule|Swagger Clause: Swagger is banned
|rule|Baton Pass Clause: Limit one PokÃ©mon knowing Baton Pass
|rule|Sleep Clause Mod: Limit one foe put to sleep
|rule|Species Clause: Limit one of each PokÃ©mon
|rule|OHKO Clause: OHKO moves are banned
|rule|Moody Clause: Moody is banned
|rule|Evasion Moves Clause: Evasion moves are banned
|rule|Endless Battle Clause: Forcing endless battles is banned
|rule|HP Percentage Mod: HP is shown in percentages
|teampreview
|
|start
|switch|p1a: DNA|Mew, shiny|404\/404
|switch|p2a: Alomomola|Alomomola, F|534\/534
|turn|1
|
|move|p1a: DNA|Knock Off|p2a: Alomomola
|-damage|p2a: Alomomola|473\/534
|-damage|p1a: DNA|337\/404|[from] item: Rocky Helmet|[of] p2a: Alomomola
|-enditem|p2a: Alomomola|Rocky Helmet|[from] move: Knock Off|[of] p1a: DNA
|move|p2a: Alomomola|Toxic|p1a: DNA|[miss]
|-miss|p2a: Alomomola|p1a: DNA
|
|turn|2
|
|switch|p2a: Conkeldurr|Conkeldurr, F|401\/401
|move|p1a: DNA|Stealth Rock|p2a: Conkeldurr
|-sidestart|p2: Cunty Vibes|move: Stealth Rock
|
|turn|3
|
|move|p1a: DNA|Knock Off|p2a: Conkeldurr
|-resisted|p2a: Conkeldurr
|-damage|p2a: Conkeldurr|362\/401
|-enditem|p2a: Conkeldurr|Assault Vest|[from] move: Knock Off|[of] p1a: DNA
|move|p2a: Conkeldurr|Ice Punch|p1a: DNA
|-damage|p1a: DNA|231\/404
|-status|p1a: DNA|frz
|
|turn|4
|
|switch|p1a: Cannabis|Venusaur, M, shiny|340\/340
|move|p2a: Conkeldurr|Knock Off|p1a: Cannabis
|-damage|p1a: Cannabis|244\/340
|
|turn|5
|
|switch|p2a: Scizor|Scizor, F|343\/343
|-damage|p2a: Scizor|301\/343|[from] Stealth Rock
|detailschange|p1a: Cannabis|Venusaur-Mega, M, shiny
|message|Venusaur has Mega Evolved into Mega Venusaur!
|move|p1a: Cannabis|Sludge Bomb|p2a: Scizor
|-immune|p2a: Scizor|[msg]
|
|turn|6
|
|switch|p2a: Chansey|Chansey, F|704\/704
|-damage|p2a: Chansey|616\/704|[from] Stealth Rock
|move|p1a: Cannabis|Hidden Power|p2a: Chansey
|-damage|p2a: Chansey|571\/704
|
|turn|7
|
|switch|p1a: Blooregard|Azumarill, M|381\/381
|move|p2a: Chansey|Seismic Toss|p1a: Blooregard
|-damage|p1a: Blooregard|281\/381
|
|turn|8
|
|move|p2a: Chansey|Protect|p2a: Chansey
|-singleturn|p2a: Chansey|Protect
|move|p1a: Blooregard|Play Rough|p2a: Chansey
|-activate|p2a: Chansey|Protect
|
|turn|9
|
|switch|p2a: Alomomola|Alomomola, F|534\/534
|-damage|p2a: Alomomola|468\/534|[from] Stealth Rock
|move|p1a: Blooregard|Play Rough|p2a: Alomomola
|-damage|p2a: Alomomola|209\/534
|
|turn|10
|
|switch|p2a: Scizor|Scizor, F|301\/343
|-damage|p2a: Scizor|259\/343|[from] Stealth Rock
|move|p1a: Blooregard|Play Rough|p2a: Scizor
|-resisted|p2a: Scizor
|-damage|p2a: Scizor|157\/343
|
|turn|11
|
|switch|p1a: Cannabis|Venusaur-Mega, M, shiny|244\/340
|detailschange|p2a: Scizor|Scizor-Mega, F
|message|Scizor has Mega Evolved into Mega Scizor!
|move|p2a: Scizor|Roost|p2a: Scizor
|-heal|p2a: Scizor|329\/343
|
|turn|12
|
|switch|p2a: Chansey|Chansey, F|571\/704
|-damage|p2a: Chansey|483\/704|[from] Stealth Rock
|move|p1a: Cannabis|Hidden Power|p2a: Chansey
|-damage|p2a: Chansey|432\/704
|
|turn|13
|
|switch|p1a: Powah Rangah|Bisharp, M, shiny|272\/272
|move|p2a: Chansey|Wish|p2a: Chansey
|
|turn|14
|join|Sporeles
|
|switch|p1a: Cannabis|Venusaur-Mega, M, shiny|244\/340
|switch|p2a: Conkeldurr|Conkeldurr, F|362\/401
|-damage|p2a: Conkeldurr|337\/401|[from] Stealth Rock
|
|-heal|p2a: Conkeldurr|401\/401|[from] move: Wish|[wisher] Chansey
|turn|15
|
|switch|p1a: Blooregard|Azumarill, M|281\/381
|switch|p2a: Landorus-Therian|Landorus-Therian, M|382\/382
|-damage|p2a: Landorus-Therian|335\/382|[from] Stealth Rock
|-ability|p2a: Landorus-Therian|Intimidate|[of] p1a: Blooregard
|-unboost|p1a: Blooregard|atk|1
|
|-heal|p2a: Landorus-Therian|358\/382|[from] item: Leftovers
|turn|16
|
|switch|p2a: Scizor|Scizor-Mega, F|329\/343
|-damage|p2a: Scizor|287\/343|[from] Stealth Rock
|move|p1a: Blooregard|Aqua Jet|p2a: Scizor
|-crit|p2a: Scizor
|-damage|p2a: Scizor|166\/343
|
|turn|17
|
|switch|p1a: Nimbus|Thundurus, M|299\/299
|move|p2a: Scizor|Defog|p1a: Nimbus
|-unboost|p1a: Nimbus|evasion|1
|-sideend|p2: Cunty Vibes|Stealth Rock|[from] move: Defog|[of] p2a: Scizor
|
|turn|18
|
|switch|p2a: Landorus-Therian|Landorus-Therian, M|358\/382
|-ability|p2a: Landorus-Therian|Intimidate|[of] p1a: Nimbus
|-unboost|p1a: Nimbus|atk|1
|move|p1a: Nimbus|Thunderbolt|p2a: Landorus-Therian
|-immune|p2a: Landorus-Therian|[msg]
|
|-heal|p2a: Landorus-Therian|381\/382|[from] item: Leftovers
|turn|19
|
|switch|p2a: Conkeldurr|Conkeldurr, F|401\/401
|move|p1a: Nimbus|Nasty Plot|p1a: Nimbus
|-boost|p1a: Nimbus|spa|2
|
|turn|20
|
|move|p1a: Nimbus|Hidden Power|p2a: Conkeldurr
|-supereffective|p2a: Conkeldurr
|-damage|p2a: Conkeldurr|0 fnt
|-damage|p1a: Nimbus|270\/299|[from] item: Life Orb
|faint|p2a: Conkeldurr
|
|
|switch|p2a: Landorus-Therian|Landorus-Therian, M|381\/382
|-ability|p2a: Landorus-Therian|Intimidate|[of] p1a: Nimbus
|-unboost|p1a: Nimbus|atk|1
|turn|21
|
|move|p1a: Nimbus|Hidden Power|p2a: Landorus-Therian
|-damage|p2a: Landorus-Therian|48\/382
|-damage|p1a: Nimbus|241\/299|[from] item: Life Orb
|move|p2a: Landorus-Therian|Stone Edge|p1a: Nimbus
|-supereffective|p1a: Nimbus
|-damage|p1a: Nimbus|0 fnt
|faint|p1a: Nimbus
|
|-heal|p2a: Landorus-Therian|71\/382|[from] item: Leftovers
|
|switch|p1a: Powah Rangah|Bisharp, M, shiny|272\/272
|turn|22
|
|move|p1a: Powah Rangah|Knock Off|p2a: Landorus-Therian
|-damage|p2a: Landorus-Therian|0 fnt
|-enditem|p2a: Landorus-Therian|Leftovers|[from] move: Knock Off|[of] p1a: Powah Rangah
|-damage|p1a: Powah Rangah|245\/272|[from] item: Life Orb
|faint|p2a: Landorus-Therian
|
|
|switch|p2a: Alomomola|Alomomola, F|387\/534
|turn|23
|
|switch|p1a: DNA|Mew, shiny|231\/404 frz
|switch|p2a: Scizor|Scizor-Mega, F|166\/343
|
|turn|24
|
|cant|p1a: DNA|frz
|move|p2a: Scizor|Knock Off|p1a: DNA
|-supereffective|p1a: DNA
|-damage|p1a: DNA|19\/404 frz
|-enditem|p1a: DNA|Focus Sash|[from] move: Knock Off|[of] p2a: Scizor
|
|turn|25
|
|move|p2a: Scizor|Bullet Punch|p1a: DNA
|-damage|p1a: DNA|0 fnt
|faint|p1a: DNA
|
|
|switch|p1a: Cannabis|Venusaur-Mega, M, shiny|244\/340
|turn|26
|
|switch|p2a: Chansey|Chansey, F|432\/704
|move|p1a: Cannabis|Sludge Bomb|p2a: Chansey
|-damage|p2a: Chansey|324\/704
|
|turn|27
|
|switch|p1a: Powah Rangah|Bisharp, M, shiny|245\/272
|move|p2a: Chansey|Wish|p2a: Chansey
|
|turn|28
|
|move|p2a: Chansey|Protect|p2a: Chansey
|-singleturn|p2a: Chansey|Protect
|move|p1a: Powah Rangah|Swords Dance|p1a: Powah Rangah
|-boost|p1a: Powah Rangah|atk|2
|
|-heal|p2a: Chansey|676\/704|[from] move: Wish|[wisher] Chansey
|turn|29
|c|âMob Barley|thats gg
|
|switch|p2a: Alomomola|Alomomola, F|534\/534
|move|p1a: Powah Rangah|Knock Off|p2a: Alomomola
|-damage|p2a: Alomomola|242\/534
|-damage|p1a: Powah Rangah|218\/272|[from] item: Life Orb
|
|turn|30
|join|Contract Killer
|
|move|p1a: Powah Rangah|Swords Dance|p1a: Powah Rangah
|-boost|p1a: Powah Rangah|atk|2
|move|p2a: Alomomola|Wish|p2a: Alomomola
|
|turn|31
|
|switch|p2a: Clefable|Clefable, F|394\/394
|move|p1a: Powah Rangah|Knock Off|p2a: Clefable
|-resisted|p2a: Clefable
|-damage|p2a: Clefable|290\/394
|-enditem|p2a: Clefable|Leftovers|[from] move: Knock Off|[of] p1a: Powah Rangah
|-damage|p1a: Powah Rangah|191\/272|[from] item: Life Orb
|
|-heal|p2a: Clefable|394\/394|[from] move: Wish|[wisher] Alomomola
|turn|32
|
|move|p1a: Powah Rangah|Iron Head|p2a: Clefable
|-supereffective|p2a: Clefable
|-damage|p2a: Clefable|74\/394
|-damage|p1a: Powah Rangah|164\/272|[from] item: Life Orb
|move|p2a: Clefable|Flamethrower|p1a: Powah Rangah
|-supereffective|p1a: Powah Rangah
|-damage|p1a: Powah Rangah|0 fnt
|faint|p1a: Powah Rangah
|
|c|âMob Barley|lol
|c|âMob Barley|nb
|c|âCunty Vibes|spoke too soon :P
|c|âMob Barley|but dont get why not magic guard
|
|switch|p1a: Sharknado|Garchomp, M, shiny|358\/358
|turn|33
|c|âCunty Vibes|that's pretty much why
|
|switch|p2a: Alomomola|Alomomola, F|420\/534
|move|p1a: Sharknado|Earthquake|p2a: Alomomola
|-damage|p2a: Alomomola|254\/534
|
|turn|34
|
|move|p1a: Sharknado|Earthquake|p2a: Alomomola
|-damage|p2a: Alomomola|106\/534
|move|p2a: Alomomola|Scald|p1a: Sharknado
|-damage|p1a: Sharknado|309\/358
|
|turn|35
|
|switch|p2a: Chansey|Chansey, F|676\/704
|move|p1a: Sharknado|Earthquake|p2a: Chansey
|-damage|p2a: Chansey|454\/704
|
|turn|36
|
|move|p1a: Sharknado|Earthquake|p2a: Chansey
|-damage|p2a: Chansey|229\/704
|move|p2a: Chansey|Wish|p2a: Chansey
|
|turn|37
|
|switch|p1a: Blooregard|Azumarill, M|281\/381
|move|p2a: Chansey|Protect|p2a: Chansey
|-fail|p2a: Chansey
|
|-heal|p2a: Chansey|581\/704|[from] move: Wish|[wisher] Chansey
|turn|38
|join|shartruce2
|
|switch|p2a: Clefable|Clefable, F|74\/394
|move|p1a: Blooregard|Play Rough|p2a: Clefable
|-damage|p2a: Clefable|0 fnt
|faint|p2a: Clefable
|
|
|switch|p2a: Scizor|Scizor-Mega, F|166\/343
|turn|39
|
|switch|p1a: Cannabis|Venusaur-Mega, M, shiny|244\/340
|move|p2a: Scizor|Roost|p2a: Scizor
|-heal|p2a: Scizor|338\/343
|
|turn|40
|
|switch|p2a: Chansey|Chansey, F|581\/704
|move|p1a: Cannabis|Synthesis|p1a: Cannabis
|-heal|p1a: Cannabis|340\/340
|
|turn|41
|
|move|p1a: Cannabis|Sludge Bomb|p2a: Chansey
|-damage|p2a: Chansey|470\/704
|move|p2a: Chansey|Wish|p2a: Chansey
|
|turn|42
|
|move|p1a: Cannabis|Sludge Bomb|p2a: Chansey
|-damage|p2a: Chansey|370\/704
|move|p2a: Chansey|Seismic Toss|p1a: Cannabis
|-damage|p1a: Cannabis|240\/340
|
|-heal|p2a: Chansey|704\/704|[from] move: Wish|[wisher] Chansey
|turn|43
|
|move|p1a: Cannabis|Sludge Bomb|p2a: Chansey
|-damage|p2a: Chansey|605\/704
|move|p2a: Chansey|Seismic Toss|p1a: Cannabis
|-damage|p1a: Cannabis|140\/340
|
|turn|44
|
|move|p1a: Cannabis|Synthesis|p1a: Cannabis
|-heal|p1a: Cannabis|310\/340
|move|p2a: Chansey|Seismic Toss|p1a: Cannabis
|-damage|p1a: Cannabis|210\/340
|
|turn|45
|
|move|p1a: Cannabis|Sludge Bomb|p2a: Chansey
|-damage|p2a: Chansey|499\/704
|move|p2a: Chansey|Seismic Toss|p1a: Cannabis
|-damage|p1a: Cannabis|110\/340
|
|turn|46
|
|move|p1a: Cannabis|Synthesis|p1a: Cannabis
|-heal|p1a: Cannabis|280\/340
|move|p2a: Chansey|Seismic Toss|p1a: Cannabis
|-damage|p1a: Cannabis|180\/340
|
|turn|47
|
|move|p1a: Cannabis|Sludge Bomb|p2a: Chansey
|-damage|p2a: Chansey|393\/704
|-status|p2a: Chansey|psn
|move|p2a: Chansey|Wish|p2a: Chansey
|
|-damage|p2a: Chansey|305\/704 psn|[from] psn
|turn|48
|
|move|p1a: Cannabis|Hidden Power|p2a: Chansey
|-damage|p2a: Chansey|256\/704 psn
|move|p2a: Chansey|Seismic Toss|p1a: Cannabis
|-damage|p1a: Cannabis|80\/340
|
|-heal|p2a: Chansey|608\/704 psn|[from] move: Wish|[wisher] Chansey
|-damage|p2a: Chansey|520\/704 psn|[from] psn
|turn|49
|
|switch|p2a: Alomomola|Alomomola, F|284\/534
|move|p1a: Cannabis|Synthesis|p1a: Cannabis
|-heal|p1a: Cannabis|250\/340
|
|turn|50
|
|switch|p1a: Blooregard|Azumarill, M|281\/381
|switch|p2a: Chansey|Chansey, F|520\/704
|
|turn|51
|
|move|p2a: Chansey|Protect|p2a: Chansey
|-singleturn|p2a: Chansey|Protect
|move|p1a: Blooregard|Superpower|p2a: Chansey
|-activate|p2a: Chansey|Protect
|
|turn|52
|
|switch|p2a: Scizor|Scizor-Mega, F|338\/343
|move|p1a: Blooregard|Superpower|p2a: Scizor
|-damage|p2a: Scizor|193\/343
|-unboost|p1a: Blooregard|atk|1
|-unboost|p1a: Blooregard|def|1
|
|turn|53
|
|switch|p1a: Sharknado|Garchomp, M, shiny|309\/358
|move|p2a: Scizor|Roost|p2a: Scizor
|-heal|p2a: Scizor|343\/343
|
|turn|54
|
|switch|p1a: Cannabis|Venusaur-Mega, M, shiny|250\/340
|switch|p2a: Alomomola|Alomomola, F|462\/534
|
|turn|55
|
|switch|p2a: Chansey|Chansey, F|520\/704
|move|p1a: Cannabis|Giga Drain|p2a: Chansey
|-damage|p2a: Chansey|429\/704
|-heal|p1a: Cannabis|296\/340|[from] drain|[of] p2a: Chansey
|
|turn|56
|
|move|p1a: Cannabis|Sludge Bomb|p2a: Chansey
|-damage|p2a: Chansey|324\/704
|move|p2a: Chansey|Wish|p2a: Chansey
|
|turn|57
|
|move|p1a: Cannabis|Sludge Bomb|p2a: Chansey
|-damage|p2a: Chansey|207\/704
|move|p2a: Chansey|Seismic Toss|p1a: Cannabis
|-damage|p1a: Cannabis|196\/340
|
|-heal|p2a: Chansey|559\/704|[from] move: Wish|[wisher] Chansey
|turn|58
|
|move|p1a: Cannabis|Giga Drain|p2a: Chansey
|-damage|p2a: Chansey|463\/704
|-heal|p1a: Cannabis|244\/340|[from] drain|[of] p2a: Chansey
|move|p2a: Chansey|Seismic Toss|p1a: Cannabis
|-damage|p1a: Cannabis|144\/340
|
|turn|59
|
|move|p1a: Cannabis|Giga Drain|p2a: Chansey
|-damage|p2a: Chansey|367\/704
|-heal|p1a: Cannabis|192\/340|[from] drain|[of] p2a: Chansey
|move|p2a: Chansey|Wish|p2a: Chansey
|
|turn|60
|
|move|p1a: Cannabis|Giga Drain|p2a: Chansey
|-damage|p2a: Chansey|280\/704
|-heal|p1a: Cannabis|236\/340|[from] drain|[of] p2a: Chansey
|move|p2a: Chansey|Seismic Toss|p1a: Cannabis
|-damage|p1a: Cannabis|136\/340
|
|-heal|p2a: Chansey|632\/704|[from] move: Wish|[wisher] Chansey
|turn|61
|
|move|p1a: Cannabis|Synthesis|p1a: Cannabis
|-heal|p1a: Cannabis|306\/340
|move|p2a: Chansey|Seismic Toss|p1a: Cannabis
|-damage|p1a: Cannabis|206\/340
|
|turn|62
|
|move|p1a: Cannabis|Sludge Bomb|p2a: Chansey
|-damage|p2a: Chansey|527\/704
|move|p2a: Chansey|Seismic Toss|p1a: Cannabis
|-damage|p1a: Cannabis|106\/340
|
|turn|63
|
|move|p1a: Cannabis|Synthesis|p1a: Cannabis
|-heal|p1a: Cannabis|276\/340
|move|p2a: Chansey|Seismic Toss|p1a: Cannabis
|-damage|p1a: Cannabis|176\/340
|
|turn|64
|
|switch|p1a: Blooregard|Azumarill, M|281\/381
|move|p2a: Chansey|Seismic Toss|p1a: Blooregard
|-damage|p1a: Blooregard|181\/381
|
|turn|65
|
|move|p2a: Chansey|Protect|p2a: Chansey
|-singleturn|p2a: Chansey|Protect
|move|p1a: Blooregard|Superpower|p2a: Chansey
|-activate|p2a: Chansey|Protect
|
|turn|66
|
|switch|p2a: Alomomola|Alomomola, F|534\/534
|move|p1a: Blooregard|Superpower|p2a: Alomomola
|-damage|p2a: Alomomola|315\/534
|-unboost|p1a: Blooregard|atk|1
|-unboost|p1a: Blooregard|def|1
|
|turn|67
|
|move|p2a: Alomomola|Scald|p1a: Blooregard
|-resisted|p1a: Blooregard
|-damage|p1a: Blooregard|153\/381
|-status|p1a: Blooregard|brn
|move|p1a: Blooregard|Superpower|p2a: Alomomola
|-damage|p2a: Alomomola|239\/534
|-unboost|p1a: Blooregard|atk|1
|-unboost|p1a: Blooregard|def|1
|
|-damage|p1a: Blooregard|106\/381 brn|[from] brn
|turn|68
|join|Sugar K Leonard
|join|Sage Sasuke
|-message|Mob Barley forfeited.
|
|win|Cunty Vibes
|raw|Ladder updating...
|leave|Mob Barley
|player|p1
|raw|Mob Barley's rating: 1852 &rarr; <strong>1833<\/strong><br \/>(-19 for losing)
|raw|Cunty Vibes's rating: 1880 &rarr; <strong>1899<\/strong><br \/>(+19 for winning)
|leave|Cunty Vibes
|player|p2
|leave|shartruce2