|join|Cunty Vibes
|join|lil manaphy
|player|p1|Cunty Vibes|185
|player|p2|lil manaphy|9
|gametype|singles
|gen|6
|tier|OU
|rated
|clearpoke
|poke|p1|Clefable, M
|poke|p1|Conkeldurr, F
|poke|p1|Landorus-Therian, M
|poke|p1|Chansey, F
|poke|p1|Scizor, M
|poke|p1|Alomomola, F
|poke|p2|Gardevoir, F, shiny
|poke|p2|Mandibuzz, F
|poke|p2|Amoonguss, F
|poke|p2|Chansey, F
|poke|p2|Keldeo
|poke|p2|Landorus-Therian, M
|rule|Swagger Clause: Swagger is banned
|rule|Baton Pass Clause: Limit one PokÃ©mon knowing Baton Pass
|rule|Sleep Clause Mod: Limit one foe put to sleep
|rule|Species Clause: Limit one of each PokÃ©mon
|rule|OHKO Clause: OHKO moves are banned
|rule|Moody Clause: Moody is banned
|rule|Evasion Moves Clause: Evasion moves are banned
|rule|Endless Battle Clause: Forcing endless battles is banned
|rule|HP Percentage Mod: HP is shown in percentages
|teampreview
|
|start
|switch|p1a: Alomomola|Alomomola, F|534\/534
|switch|p2a: Landorus-Therian|Landorus-Therian, M|382\/382
|-ability|p2a: Landorus-Therian|Intimidate|[of] p1a: Alomomola
|-unboost|p1a: Alomomola|atk|1
|turn|1
|
|move|p2a: Landorus-Therian|Stealth Rock|p1a: Alomomola
|-sidestart|p1: Cunty Vibes|move: Stealth Rock
|move|p1a: Alomomola|Scald|p2a: Landorus-Therian
|-supereffective|p2a: Landorus-Therian
|-damage|p2a: Landorus-Therian|262\/382
|
|-heal|p2a: Landorus-Therian|285\/382|[from] item: Leftovers
|turn|2
|
|move|p2a: Landorus-Therian|U-turn|p1a: Alomomola
|-damage|p1a: Alomomola|465\/534
|-damage|p2a: Landorus-Therian|222\/382|[from] item: Rocky Helmet|[of] p1a: Alomomola
|
|switch|p2a: Zoe|Amoonguss, F|432\/432
|move|p1a: Alomomola|Scald|p2a: Zoe
|-resisted|p2a: Zoe
|-damage|p2a: Zoe|407\/432
|
|-heal|p2a: Zoe|432\/432|[from] item: Black Sludge
|turn|3
|
|move|p1a: Alomomola|Scald|p2a: Zoe
|-resisted|p2a: Zoe
|-damage|p2a: Zoe|402\/432
|move|p2a: Zoe|Spore|p1a: Alomomola
|-status|p1a: Alomomola|slp
|
|-heal|p2a: Zoe|429\/432|[from] item: Black Sludge
|turn|4
|
|switch|p1a: Conkeldurr|Conkeldurr, F|401\/401
|-damage|p1a: Conkeldurr|376\/401|[from] Stealth Rock
|switch|p2a: Keldeo|Keldeo|323\/323
|
|turn|5
|
|switch|p2a: Landorus-Therian|Landorus-Therian, M|222\/382
|-ability|p2a: Landorus-Therian|Intimidate|[of] p1a: Conkeldurr
|-unboost|p1a: Conkeldurr|atk|1
|move|p1a: Conkeldurr|Drain Punch|p2a: Landorus-Therian
|-crit|p2a: Landorus-Therian
|-resisted|p2a: Landorus-Therian
|-damage|p2a: Landorus-Therian|128\/382
|-heal|p1a: Conkeldurr|401\/401|[from] drain|[of] p2a: Landorus-Therian
|
|-heal|p2a: Landorus-Therian|151\/382|[from] item: Leftovers
|turn|6
|
|switch|p1a: Alomomola|Alomomola, F|534\/534 slp
|-damage|p1a: Alomomola|468\/534 slp|[from] Stealth Rock
|move|p2a: Landorus-Therian|U-turn|p1a: Alomomola
|-damage|p1a: Alomomola|404\/534 slp
|-damage|p2a: Landorus-Therian|88\/382|[from] item: Rocky Helmet|[of] p1a: Alomomola
|
|switch|p2a: Keldeo|Keldeo|323\/323
|
|turn|7
|
|move|p2a: Keldeo|Calm Mind|p2a: Keldeo
|-boost|p2a: Keldeo|spa|1
|-boost|p2a: Keldeo|spd|1
|cant|p1a: Alomomola|slp
|
|turn|8
|
|switch|p1a: Clefable|Clefable, M|394\/394
|-damage|p1a: Clefable|345\/394|[from] Stealth Rock
|move|p2a: Keldeo|Substitute|p2a: Keldeo
|-start|p2a: Keldeo|Substitute
|-damage|p2a: Keldeo|243\/323
|
|-heal|p2a: Keldeo|263\/323|[from] item: Leftovers
|-heal|p1a: Clefable|369\/394|[from] item: Leftovers
|turn|9
|
|move|p2a: Keldeo|Scald|p1a: Clefable
|-damage|p1a: Clefable|204\/394
|move|p1a: Clefable|Calm Mind|p1a: Clefable
|-boost|p1a: Clefable|spa|1
|-boost|p1a: Clefable|spd|1
|
|-heal|p2a: Keldeo|283\/323|[from] item: Leftovers
|-heal|p1a: Clefable|228\/394|[from] item: Leftovers
|turn|10
|
|move|p2a: Keldeo|Scald|p1a: Clefable
|-crit|p1a: Clefable
|-damage|p1a: Clefable|0 fnt
|faint|p1a: Clefable
|
|-heal|p2a: Keldeo|303\/323|[from] item: Leftovers
|
|switch|p1a: Conkeldurr|Conkeldurr, F|401\/401
|-damage|p1a: Conkeldurr|376\/401|[from] Stealth Rock
|turn|11
|
|move|p2a: Keldeo|Secret Sword|p1a: Conkeldurr
|-damage|p1a: Conkeldurr|120\/401
|move|p1a: Conkeldurr|Drain Punch|p2a: Keldeo
|-end|p2a: Keldeo|Substitute
|-heal|p1a: Conkeldurr|160\/401|[from] drain|[of] p2a: Keldeo
|
|-heal|p2a: Keldeo|323\/323|[from] item: Leftovers
|turn|12
|-message|Cunty Vibes forfeited.
|
|win|lil manaphy
|raw|Ladder updating...
|leave|Cunty Vibes
|player|p1
|raw|Cunty Vibes's rating: 1862 &rarr; <strong>1841<\/strong><br \/>(-21 for losing)
|raw|lil manaphy's rating: 1843 &rarr; <strong>1864<\/strong><br \/>(+21 for winning)