|join|Cunty Vibes
|join|uCan'tSeeMe
|player|p1|Cunty Vibes|185
|player|p2|uCan'tSeeMe|126
|gametype|singles
|gen|6
|tier|OU
|rated
|clearpoke
|poke|p1|Clefable, F
|poke|p1|Conkeldurr, F
|poke|p1|Landorus-Therian, M
|poke|p1|Chansey, F
|poke|p1|Scizor, M
|poke|p1|Alomomola, F
|poke|p2|Mamoswine, M
|poke|p2|Landorus-Therian, M
|poke|p2|Magnezone
|poke|p2|Azumarill, M
|poke|p2|Latios, M
|poke|p2|Pinsir, M
|rule|Swagger Clause: Swagger is banned
|rule|Baton Pass Clause: Limit one PokÃ©mon knowing Baton Pass
|rule|Sleep Clause Mod: Limit one foe put to sleep
|rule|Species Clause: Limit one of each PokÃ©mon
|rule|OHKO Clause: OHKO moves are banned
|rule|Moody Clause: Moody is banned
|rule|Evasion Moves Clause: Evasion moves are banned
|rule|Endless Battle Clause: Forcing endless battles is banned
|rule|HP Percentage Mod: HP is shown in percentages
|teampreview
|join|G123Rocks
|chat|G123Rocks|ahh
|chat|G123Rocks|i beat her
|chat|G123Rocks|all da time
|chat|G123Rocks|LOL
|join|Cosine180
|chat|uCan'tSeeMe|gl hf :]
|chat|Cunty Vibes|u2
|
|start
|switch|p1a: Alomomola|Alomomola, F|534\/534
|switch|p2a: Mamoswine|Mamoswine, M|362\/362
|turn|1
|
|switch|p2a: Magnezone|Magnezone|322\/322
|move|p1a: Alomomola|Scald|p2a: Magnezone
|-damage|p2a: Magnezone|273\/322
|-status|p2a: Magnezone|brn
|
|-damage|p2a: Magnezone|233\/322 brn|[from] brn
|turn|2
|
|switch|p1a: Chansey|Chansey, F|704\/704
|move|p2a: Magnezone|Volt Switch|p1a: Chansey
|-damage|p1a: Chansey|563\/704
|
|switch|p2a: Pinsir|Pinsir, M|272\/272
|
|turn|3
|
|switch|p1a: Landorus-Therian|Landorus-Therian, M|382\/382
|-ability|p1a: Landorus-Therian|Intimidate|[of] p2a: Pinsir
|-fail|p2a: Pinsir|unboost|Attack|[from] ability: Hyper Cutter|[of] p2a: Pinsir
|detailschange|p2a: Pinsir|Pinsir-Mega, M
|message|Pinsir has Mega Evolved into Mega Pinsir!
|move|p2a: Pinsir|Substitute|p2a: Pinsir
|-start|p2a: Pinsir|Substitute
|-damage|p2a: Pinsir|204\/272
|
|turn|4
|
|move|p2a: Pinsir|Return|p1a: Landorus-Therian
|-crit|p1a: Landorus-Therian
|-damage|p1a: Landorus-Therian|88\/382
|move|p1a: Landorus-Therian|Stone Edge|p2a: Pinsir
|-crit|p2a: Pinsir
|-supereffective|p2a: Pinsir
|-end|p2a: Pinsir|Substitute
|
|-heal|p1a: Landorus-Therian|111\/382|[from] item: Leftovers
|turn|5
|
|move|p2a: Pinsir|Substitute|p2a: Pinsir
|-start|p2a: Pinsir|Substitute
|-damage|p2a: Pinsir|136\/272
|move|p1a: Landorus-Therian|Stone Edge|p2a: Pinsir|[miss]
|-miss|p1a: Landorus-Therian|p2a: Pinsir
|
|-heal|p1a: Landorus-Therian|134\/382|[from] item: Leftovers
|turn|6
|chat|G123Rocks|deam
|chat|G123Rocks|LOOOL
|chat|G123Rocks|u gonna get points
|chat|G123Rocks|brah
|chat|G123Rocks|alot
|chat|G123Rocks|of points
|chat|G123Rocks|i mean
|chat|Cunty Vibes|god fucking dammit
|chat|G123Rocks|alot
|
|switch|p1a: Alomomola|Alomomola, F|534\/534
|move|p2a: Pinsir|Return|p1a: Alomomola
|-damage|p1a: Alomomola|321\/534
|-damage|p2a: Pinsir|91\/272|[from] item: Rocky Helmet|[of] p1a: Alomomola
|
|turn|7
|chat|uCan'tSeeMe|odd hp number loll
|chat|G123Rocks|dats wat happens
|chat|G123Rocks|whn stall is used
|chat|Cunty Vibes|no, that's what happens when hax fucks me over
|chat|G123Rocks|nope
|chat|G123Rocks|stally ppl deserved it
|
|move|p2a: Pinsir|Swords Dance|p2a: Pinsir
|-boost|p2a: Pinsir|atk|2
|move|p1a: Alomomola|Wish|p1a: Alomomola
|
|turn|8
|chat|G123Rocks|ur done
|chat|G123Rocks|its gg
|
|switch|p1a: Clefable|Clefable, F|394\/394
|move|p2a: Pinsir|Return|p1a: Clefable
|-damage|p1a: Clefable|177\/394
|
|-heal|p1a: Clefable|394\/394|[from] move: Wish|[wisher] Alomomola
|turn|9
|
|move|p2a: Pinsir|Return|p1a: Clefable
|-damage|p1a: Clefable|144\/394
|move|p1a: Clefable|Flamethrower|p2a: Pinsir
|-supereffective|p2a: Pinsir
|-end|p2a: Pinsir|Substitute
|
|-heal|p1a: Clefable|168\/394|[from] item: Leftovers
|turn|10
|chat|G123Rocks|baby grl its gg
|
|switch|p1a: Landorus-Therian|Landorus-Therian, M|134\/382
|-ability|p1a: Landorus-Therian|Intimidate|[of] p2a: Pinsir
|-unboost|p2a: Pinsir|atk|1
|move|p2a: Pinsir|Return|p1a: Landorus-Therian
|-damage|p1a: Landorus-Therian|0 fnt
|faint|p1a: Landorus-Therian
|
|
|switch|p1a: Alomomola|Alomomola, F|499\/534
|turn|11
|
|move|p2a: Pinsir|Substitute|p2a: Pinsir
|-start|p2a: Pinsir|Substitute
|-damage|p2a: Pinsir|23\/272
|move|p1a: Alomomola|Scald|p2a: Pinsir
|-activate|p2a: Pinsir|Substitute|[damage]
|
|turn|12
|
|move|p2a: Pinsir|Swords Dance|p2a: Pinsir
|-boost|p2a: Pinsir|atk|2
|move|p1a: Alomomola|Wish|p1a: Alomomola
|
|turn|13
|
|move|p2a: Pinsir|Return|p1a: Alomomola
|-damage|p1a: Alomomola|0 fnt
|-damage|p2a: Pinsir|0 fnt|[from] item: Rocky Helmet|[of] p1a: Alomomola
|faint|p2a: Pinsir
|faint|p1a: Alomomola
|
|chat|G123Rocks|LOL
|chat|G123Rocks|max roll
|chat|G123Rocks|coming through
|
|switch|p2a: Magnezone|Magnezone|233\/322 brn
|switch|p1a: Clefable|Clefable, F|168\/394
|turn|14
|chat|G123Rocks|stall is soo stupid
|chat|G123Rocks|it needs to go
|chat|Cunty Vibes|no u
|chat|G123Rocks|imo
|chat|Cunty Vibes|u need to go imo
|chat|G123Rocks|nah son
|chat|G123Rocks|u need 2
|
|switch|p1a: Chansey|Chansey, F|563\/704
|move|p2a: Magnezone|Volt Switch|p1a: Chansey
|-crit|p1a: Chansey
|-damage|p1a: Chansey|353\/704
|chat|G123Rocks|and ur yummmp points
|chat|G123Rocks|LOLL
|
|switch|p2a: Azumarill|Azumarill, M|399\/399
|
|turn|15
|
|move|p1a: Chansey|Protect|p1a: Chansey
|-singleturn|p1a: Chansey|Protect
|move|p2a: Azumarill|Knock Off|p1a: Chansey
|-activate|p1a: Chansey|Protect
|
|turn|16
|
|move|p2a: Azumarill|Play Rough|p1a: Chansey
|-damage|p1a: Chansey|98\/704
|-unboost|p1a: Chansey|atk|1
|move|p1a: Chansey|Wish|p1a: Chansey
|
|turn|17
|
|switch|p1a: Clefable|Clefable, F|168\/394
|move|p2a: Azumarill|Waterfall|p1a: Clefable
|-damage|p1a: Clefable|29\/394
|
|-heal|p1a: Clefable|381\/394|[from] move: Wish|[wisher] Chansey
|-heal|p1a: Clefable|394\/394|[from] item: Leftovers
|turn|18
|
|move|p1a: Clefable|Calm Mind|p1a: Clefable
|-boost|p1a: Clefable|spa|1
|-boost|p1a: Clefable|spd|1
|move|p2a: Azumarill|Play Rough|p1a: Clefable
|-damage|p1a: Clefable|235\/394
|
|-heal|p1a: Clefable|259\/394|[from] item: Leftovers
|turn|19
|
|move|p1a: Clefable|Flamethrower|p2a: Azumarill
|-resisted|p2a: Azumarill
|-damage|p2a: Azumarill|357\/399
|move|p2a: Azumarill|Knock Off|p1a: Clefable
|-resisted|p1a: Clefable
|-damage|p1a: Clefable|196\/394
|-enditem|p1a: Clefable|Leftovers|[from] move: Knock Off|[of] p2a: Azumarill
|
|turn|20
|chat|G123Rocks|ya
|chat|G123Rocks|good
|chat|G123Rocks|now 
|chat|G123Rocks|ply rough da shit
|
|move|p1a: Clefable|Moonlight|p1a: Clefable
|-heal|p1a: Clefable|393\/394
|move|p2a: Azumarill|Play Rough|p1a: Clefable
|-damage|p1a: Clefable|228\/394
|
|turn|21
|
|move|p1a: Clefable|Moonlight|p1a: Clefable
|-heal|p1a: Clefable|394\/394
|move|p2a: Azumarill|Play Rough|p1a: Clefable
|-crit|p1a: Clefable
|-damage|p1a: Clefable|133\/394
|
|turn|22
|join|CP3MVP
|
|switch|p2a: Magnezone|Magnezone|233\/322 brn
|move|p1a: Clefable|Moonlight|p1a: Clefable
|-heal|p1a: Clefable|330\/394
|
|-damage|p2a: Magnezone|193\/322 brn|[from] brn
|turn|23
|
|move|p2a: Magnezone|Flash Cannon|p1a: Clefable
|-supereffective|p1a: Clefable
|-damage|p1a: Clefable|0 fnt
|faint|p1a: Clefable
|
|-damage|p2a: Magnezone|153\/322 brn|[from] brn
|
|switch|p1a: Scizor|Scizor, M|343\/343
|turn|24
|chat|G123Rocks|Yumm points
|
|switch|p2a: Landorus-Therian|Landorus-Therian, M|341\/341
|-ability|p2a: Landorus-Therian|Intimidate|[of] p1a: Scizor
|-unboost|p1a: Scizor|atk|1
|detailschange|p1a: Scizor|Scizor-Mega, M
|message|Scizor has Mega Evolved into Mega Scizor!
|move|p1a: Scizor|Knock Off|p2a: Landorus-Therian
|-damage|p2a: Landorus-Therian|268\/341
|-enditem|p2a: Landorus-Therian|Choice Scarf|[from] move: Knock Off|[of] p1a: Scizor
|
|turn|25
|
|move|p2a: Landorus-Therian|Earthquake|p1a: Scizor
|-damage|p1a: Scizor|228\/343
|move|p1a: Scizor|Knock Off|p2a: Landorus-Therian
|-damage|p2a: Landorus-Therian|213\/341
|
|turn|26
|
|switch|p1a: Chansey|Chansey, F|98\/704
|move|p2a: Landorus-Therian|U-turn|p1a: Chansey
|-damage|p1a: Chansey|0 fnt
|faint|p1a: Chansey
|
|switch|p2a: Azumarill|Azumarill, M|357\/399
|
|
|switch|p1a: Scizor|Scizor-Mega, M|228\/343
|turn|27
|
|move|p1a: Scizor|Knock Off|p2a: Azumarill
|-resisted|p2a: Azumarill
|-damage|p2a: Azumarill|292\/399
|-enditem|p2a: Azumarill|Assault Vest|[from] move: Knock Off|[of] p1a: Scizor
|move|p2a: Azumarill|Waterfall|p1a: Scizor
|-damage|p1a: Scizor|126\/343
|
|turn|28
|join|mc celery
|chat|G123Rocks|it kills
|chat|mc celery|I was busy
|chat|mc celery|eating an orange
|
|move|p1a: Scizor|Knock Off|p2a: Azumarill
|-resisted|p2a: Azumarill
|-damage|p2a: Azumarill|252\/399
|move|p2a: Azumarill|Waterfall|p1a: Scizor
|-damage|p1a: Scizor|27\/343
|
|turn|29
|chat|mc celery|I envy that alomomola
|chat|uCan'tSeeMe|obvious
|chat|mc celery|and hate it at the same time
|-message|Cunty Vibes forfeited.
|
|win|uCan'tSeeMe
|raw|Ladder updating...
|leave|Cunty Vibes
|player|p1
|raw|Cunty Vibes's rating: 1885 &rarr; <strong>1861<\/strong><br \/>(-24 for losing)
|raw|uCan&apos;tSeeMe's rating: 1806 &rarr; <strong>1831<\/strong><br \/>(+25 for winning)
|chat|uCan'tSeeMe|gg
|chat|G123Rocks|LLOL
|chat|G123Rocks|gg
|chat|CP3MVP|g_g
|chat|G123Rocks|told u
|chat|G123Rocks|my team
|chat|uCan'tSeeMe|man
|chat|G123Rocks|coming through!!
|chat|uCan'tSeeMe|that team is amazing lol
|chat|G123Rocks|haha
|leave|CP3MVP
|join|red chinchompa
|chat|G123Rocks|good
|chat|G123Rocks|prediction tho
|chat|uCan'tSeeMe|haha ty
|leave|red chinchompa
|chat|G123Rocks|well now dont btl
|leave|mc celery
|join|red chinchompa
|chat|G123Rocks|i can smell noobs
|leave|G123Rocks
|chat|uCan'tSeeMe|hahha
|leave|red chinchompa
|leave|Cosine180
|join|G123Rocks