|join|Cunty Vibes
|join|lil manaphy
|player|p1|Cunty Vibes|185
|player|p2|lil manaphy|104
|gametype|singles
|gen|6
|tier|OU
|rated
|clearpoke
|poke|p1|Clefable, M
|poke|p1|Conkeldurr, F
|poke|p1|Landorus-Therian, M
|poke|p1|Chansey, F
|poke|p1|Scizor, F
|poke|p1|Alomomola, F
|poke|p2|Mew
|poke|p2|Alomomola, F
|poke|p2|Ferrothorn, M
|poke|p2|Landorus-Therian, M
|poke|p2|Mandibuzz, F
|poke|p2|Charizard, F
|rule|Swagger Clause: Swagger is banned
|rule|Baton Pass Clause: Limit one PokÃ©mon knowing Baton Pass
|rule|Sleep Clause Mod: Limit one foe put to sleep
|rule|Species Clause: Limit one of each PokÃ©mon
|rule|OHKO Clause: OHKO moves are banned
|rule|Moody Clause: Moody is banned
|rule|Evasion Moves Clause: Evasion moves are banned
|rule|Endless Battle Clause: Forcing endless battles is banned
|rule|HP Percentage Mod: HP is reported as percentages
|teampreview
|join|testingfunthings
|
|start
|switch|p1a: Alomomola|Alomomola, F|534\/534
|switch|p2a: World â¡ Princess|Landorus-Therian, M|381\/381
|-ability|p2a: World â¡ Princess|Intimidate|[of] p1a: Alomomola
|-unboost|p1a: Alomomola|atk|1
|turn|1
|
|move|p2a: World â¡ Princess|Stealth Rock|p1a: Alomomola
|-sidestart|p1: Cunty Vibes|move: Stealth Rock
|move|p1a: Alomomola|Toxic|p2a: World â¡ Princess|[miss]
|-miss|p1a: Alomomola|p2a: World â¡ Princess
|
|turn|2
|
|move|p2a: World â¡ Princess|U-turn|p1a: Alomomola
|-damage|p1a: Alomomola|474\/534
|-damage|p2a: World â¡ Princess|318\/381|[from] item: Rocky Helmet|[of] p1a: Alomomola
|
|switch|p2a: mega tangela|Ferrothorn, M|352\/352
|move|p1a: Alomomola|Toxic|p2a: mega tangela|[miss]
|-miss|p1a: Alomomola|p2a: mega tangela
|
|turn|3
|
|switch|p2a: flying type|Charizard, F|333\/333
|move|p1a: Alomomola|Scald|p2a: flying type
|-supereffective|p2a: flying type
|-damage|p2a: flying type|229\/333
|
|turn|4
|
|switch|p2a: mega tangela|Ferrothorn, M|352\/352
|switch|p1a: Chansey|Chansey, F|704\/704
|-damage|p1a: Chansey|616\/704|[from] Stealth Rock
|
|turn|5
|
|move|p1a: Chansey|Protect|p1a: Chansey
|-singleturn|p1a: Chansey|Protect
|move|p2a: mega tangela|Spikes|p1a: Chansey
|-sidestart|p1: Cunty Vibes|Spikes
|
|turn|6
|
|switch|p2a: flying type|Charizard, F|229\/333
|move|p1a: Chansey|Wish|p1a: Chansey
|
|turn|7
|chat|testingfunthings|scouting for knock off?
|
|switch|p1a: Conkeldurr|Conkeldurr, F|401\/401
|-damage|p1a: Conkeldurr|351\/401|[from] Spikes
|-damage|p1a: Conkeldurr|326\/401|[from] Stealth Rock
|move|p2a: flying type|Dragon Claw|p1a: Conkeldurr
|-damage|p1a: Conkeldurr|237\/401
|
|-heal|p1a: Conkeldurr|401\/401|[from] move: Wish|[wisher] Chansey
|turn|8
|
|move|p2a: flying type|Dragon Dance|p2a: flying type
|-boost|p2a: flying type|atk|1
|-boost|p2a: flying type|spe|1
|move|p1a: Conkeldurr|Knock Off|p2a: flying type
|-damage|p2a: flying type|125\/333
|
|turn|9
|
|switch|p1a: Alomomola|Alomomola, F|534\/534
|-damage|p1a: Alomomola|468\/534|[from] Stealth Rock
|-damage|p1a: Alomomola|402\/534|[from] Spikes
|move|p2a: flying type|Roost|p2a: flying type
|-heal|p2a: flying type|292\/333
|
|turn|10
|
|detailschange|p2a: flying type|Charizard-Mega-X, F
|message|Charizard has Mega Evolved into Mega Charizard!
|move|p2a: flying type|Dragon Claw|p1a: Alomomola
|-damage|p1a: Alomomola|131\/534
|-damage|p2a: flying type|237\/333|[from] item: Rocky Helmet|[of] p1a: Alomomola
|move|p1a: Alomomola|Toxic|p2a: flying type
|-status|p2a: flying type|tox
|
|-damage|p2a: flying type|217\/333 tox|[from] psn
|turn|11
|
|switch|p1a: Landorus-Therian|Landorus-Therian, M|382\/382
|-damage|p1a: Landorus-Therian|335\/382|[from] Stealth Rock
|-ability|p1a: Landorus-Therian|Intimidate|[of] p2a: flying type
|-unboost|p2a: flying type|atk|1
|move|p2a: flying type|Flare Blitz|p1a: Landorus-Therian
|-damage|p1a: Landorus-Therian|89\/382
|-damage|p2a: flying type|136\/333 tox|[from] recoil|[of] p1a: Landorus-Therian
|
|-heal|p1a: Landorus-Therian|112\/382|[from] item: Leftovers
|-damage|p2a: flying type|96\/333 tox|[from] psn
|turn|12
|
|switch|p1a: Alomomola|Alomomola, F|309\/534
|-damage|p1a: Alomomola|243\/534|[from] Stealth Rock
|-damage|p1a: Alomomola|177\/534|[from] Spikes
|move|p2a: flying type|Dragon Claw|p1a: Alomomola
|-damage|p1a: Alomomola|0 fnt
|-damage|p2a: flying type|41\/333 tox|[from] item: Rocky Helmet|[of] p1a: Alomomola
|faint|p1a: Alomomola
|
|-damage|p2a: flying type|0 fnt|[from] psn
|faint|p2a: flying type
|
|switch|p2a: daylight|Mew|404\/404
|switch|p1a: Scizor|Scizor, F|343\/343
|-damage|p1a: Scizor|301\/343|[from] Spikes
|-damage|p1a: Scizor|259\/343|[from] Stealth Rock
|turn|13
|
|detailschange|p1a: Scizor|Scizor-Mega, F
|message|Scizor has Mega Evolved into Mega Scizor!
|move|p2a: daylight|Taunt|p1a: Scizor
|-start|p1a: Scizor|move: Taunt
|cant|p1a: Scizor|move: Taunt|Defog
|
|turn|14
|
|move|p2a: daylight|Knock Off|p1a: Scizor
|-damage|p1a: Scizor|232\/343
|move|p1a: Scizor|Knock Off|p2a: daylight
|-supereffective|p2a: daylight
|-damage|p2a: daylight|186\/404
|-enditem|p2a: daylight|Leftovers|[from] move: Knock Off|[of] p1a: Scizor
|
|turn|15
|
|switch|p1a: Conkeldurr|Conkeldurr, F|401\/401
|-damage|p1a: Conkeldurr|376\/401|[from] Stealth Rock
|-damage|p1a: Conkeldurr|326\/401|[from] Spikes
|move|p2a: daylight|Will-O-Wisp|p1a: Conkeldurr
|-status|p1a: Conkeldurr|brn
|
|-damage|p1a: Conkeldurr|276\/401 brn|[from] brn
|turn|16
|
|switch|p2a: World â¡ Princess|Landorus-Therian, M|318\/381
|-ability|p2a: World â¡ Princess|Intimidate|[of] p1a: Conkeldurr
|-unboost|p1a: Conkeldurr|atk|1
|move|p1a: Conkeldurr|Knock Off|p2a: World â¡ Princess
|-damage|p2a: World â¡ Princess|210\/381
|-enditem|p2a: World â¡ Princess|Leftovers|[from] move: Knock Off|[of] p1a: Conkeldurr
|
|-damage|p1a: Conkeldurr|226\/401 brn|[from] brn
|turn|17
|
|move|p2a: World â¡ Princess|Earthquake|p1a: Conkeldurr
|-damage|p1a: Conkeldurr|60\/401 brn
|move|p1a: Conkeldurr|Drain Punch|p2a: World â¡ Princess
|-resisted|p2a: World â¡ Princess
|-damage|p2a: World â¡ Princess|148\/381
|-heal|p1a: Conkeldurr|91\/401 brn|[from] drain|[of] p2a: World â¡ Princess
|
|-damage|p1a: Conkeldurr|41\/401 brn|[from] brn
|turn|18
|
|switch|p1a: Landorus-Therian|Landorus-Therian, M|112\/382
|-damage|p1a: Landorus-Therian|65\/382|[from] Stealth Rock
|-ability|p1a: Landorus-Therian|Intimidate|[of] p2a: World â¡ Princess
|-unboost|p2a: World â¡ Princess|atk|1
|move|p2a: World â¡ Princess|U-turn|p1a: Landorus-Therian
|-resisted|p1a: Landorus-Therian
|-damage|p1a: Landorus-Therian|44\/382
|
|switch|p2a: daylight|Mew|186\/404
|
|-heal|p1a: Landorus-Therian|67\/382|[from] item: Leftovers
|turn|19
|
|move|p2a: daylight|Will-O-Wisp|p1a: Landorus-Therian
|-status|p1a: Landorus-Therian|brn
|move|p1a: Landorus-Therian|Stealth Rock|p2a: daylight
|-sidestart|p2: lil manaphy|move: Stealth Rock
|
|-heal|p1a: Landorus-Therian|90\/382 brn|[from] item: Leftovers
|-damage|p1a: Landorus-Therian|43\/382 brn|[from] brn
|turn|20
|
|move|p2a: daylight|Soft-Boiled|p2a: daylight
|-heal|p2a: daylight|388\/404
|move|p1a: Landorus-Therian|U-turn|p2a: daylight
|-supereffective|p2a: daylight
|-damage|p2a: daylight|306\/404
|
|switch|p1a: Chansey|Chansey, F|616\/704
|-damage|p1a: Chansey|528\/704|[from] Spikes
|-damage|p1a: Chansey|440\/704|[from] Stealth Rock
|
|turn|21
|
|move|p2a: daylight|Taunt|p1a: Chansey
|-start|p1a: Chansey|move: Taunt
|move|p1a: Chansey|Seismic Toss|p2a: daylight
|-damage|p2a: daylight|206\/404
|
|turn|22
|
|move|p2a: daylight|Soft-Boiled|p2a: daylight
|-heal|p2a: daylight|404\/404
|move|p1a: Chansey|Seismic Toss|p2a: daylight
|-damage|p2a: daylight|304\/404
|
|turn|23
|
|move|p2a: daylight|Will-O-Wisp|p1a: Chansey
|-status|p1a: Chansey|brn
|move|p1a: Chansey|Seismic Toss|p2a: daylight
|-damage|p2a: daylight|204\/404
|
|-damage|p1a: Chansey|352\/704 brn|[from] brn
|-end|p1a: Chansey|move: Taunt
|turn|24
|
|move|p2a: daylight|Taunt|p1a: Chansey
|-start|p1a: Chansey|move: Taunt
|move|p1a: Chansey|Seismic Toss|p2a: daylight
|-damage|p2a: daylight|104\/404
|
|-damage|p1a: Chansey|264\/704 brn|[from] brn
|turn|25
|
|move|p2a: daylight|Soft-Boiled|p2a: daylight
|-heal|p2a: daylight|306\/404
|move|p1a: Chansey|Seismic Toss|p2a: daylight
|-damage|p2a: daylight|206\/404
|
|-damage|p1a: Chansey|176\/704 brn|[from] brn
|turn|26
|
|move|p2a: daylight|Soft-Boiled|p2a: daylight
|-heal|p2a: daylight|404\/404
|move|p1a: Chansey|Seismic Toss|p2a: daylight
|-damage|p2a: daylight|304\/404
|
|-damage|p1a: Chansey|88\/704 brn|[from] brn
|-end|p1a: Chansey|move: Taunt
|turn|27
|
|move|p2a: daylight|Taunt|p1a: Chansey
|-start|p1a: Chansey|move: Taunt
|move|p1a: Chansey|Seismic Toss|p2a: daylight
|-damage|p2a: daylight|204\/404
|
|-damage|p1a: Chansey|0 fnt|[from] brn
|faint|p1a: Chansey
|
|switch|p1a: Clefable|Clefable, M|394\/394
|-damage|p1a: Clefable|345\/394|[from] Stealth Rock
|-damage|p1a: Clefable|296\/394|[from] Spikes
|turn|28
|
|move|p2a: daylight|Taunt|p1a: Clefable
|-start|p1a: Clefable|move: Taunt
|cant|p1a: Clefable|move: Taunt|Calm Mind
|
|-heal|p1a: Clefable|320\/394|[from] item: Leftovers
|turn|29
|
|move|p2a: daylight|Will-O-Wisp|p1a: Clefable
|-status|p1a: Clefable|brn
|move|p1a: Clefable|Moonblast|p2a: daylight
|-damage|p2a: daylight|128\/404
|
|-heal|p1a: Clefable|344\/394 brn|[from] item: Leftovers
|-damage|p1a: Clefable|295\/394 brn|[from] brn
|turn|30
|
|move|p2a: daylight|Soft-Boiled|p2a: daylight
|-heal|p2a: daylight|330\/404
|move|p1a: Clefable|Moonblast|p2a: daylight
|-crit|p2a: daylight
|-damage|p2a: daylight|207\/404
|
|-heal|p1a: Clefable|319\/394 brn|[from] item: Leftovers
|-damage|p1a: Clefable|270\/394 brn|[from] brn
|-end|p1a: Clefable|move: Taunt
|turn|31
|
|move|p2a: daylight|Taunt|p1a: Clefable
|-start|p1a: Clefable|move: Taunt
|move|p1a: Clefable|Moonblast|p2a: daylight
|-damage|p2a: daylight|131\/404
|
|-heal|p1a: Clefable|294\/394 brn|[from] item: Leftovers
|-damage|p1a: Clefable|245\/394 brn|[from] brn
|turn|32
|
|move|p2a: daylight|Soft-Boiled|p2a: daylight
|-heal|p2a: daylight|333\/404
|move|p1a: Clefable|Flamethrower|p2a: daylight
|-damage|p2a: daylight|279\/404
|
|-heal|p1a: Clefable|269\/394 brn|[from] item: Leftovers
|-damage|p1a: Clefable|220\/394 brn|[from] brn
|turn|33
|
|move|p2a: daylight|Knock Off|p1a: Clefable
|-resisted|p1a: Clefable
|-damage|p1a: Clefable|189\/394 brn
|-enditem|p1a: Clefable|Leftovers|[from] move: Knock Off|[of] p2a: daylight
|move|p1a: Clefable|Flamethrower|p2a: daylight
|-damage|p2a: daylight|231\/404
|
|-damage|p1a: Clefable|140\/394 brn|[from] brn
|-end|p1a: Clefable|move: Taunt
|turn|34
|
|move|p2a: daylight|Taunt|p1a: Clefable
|-start|p1a: Clefable|move: Taunt
|cant|p1a: Clefable|move: Taunt|Moonlight
|
|-damage|p1a: Clefable|91\/394 brn|[from] brn
|turn|35
|-message|Cunty Vibes forfeited.
|
|win|lil manaphy
|raw|Ladder updating...
|raw|Cunty Vibes's rating: 1925 &rarr; <strong>1904<\/strong><br \/>(-21 for losing)
|raw|lil manaphy's rating: 1917 &rarr; <strong>1938<\/strong><br \/>(+21 for winning)
|leave|Cunty Vibes
|player|p1