|join|Gizmozian
|join|Cunty Vibes
|player|p1|Gizmozian|116
|player|p2|Cunty Vibes|185
|gametype|singles
|gen|6
|tier|OU
|rated
|clearpoke
|poke|p1|Garchomp, M, shiny
|poke|p1|Mawile, M, shiny
|poke|p1|Greninja, M, shiny
|poke|p1|Dragonite, M, shiny
|poke|p1|Latias, F, shiny
|poke|p1|Aegislash, M, shiny
|poke|p2|Chansey, F
|poke|p2|Cresselia, F
|poke|p2|Zapdos
|poke|p2|Alomomola, F
|poke|p2|Aegislash, M
|poke|p2|Tyranitar, M
|rule|Swagger Clause: Swagger is banned
|rule|Baton Pass Clause: Limit three PokÃ©mon knowing Baton Pass
|rule|Sleep Clause Mod: Limit one foe put to sleep
|rule|Species Clause: Limit one of each PokÃ©mon
|rule|OHKO Clause: OHKO moves are banned
|rule|Moody Clause: Moody is banned
|rule|Evasion Moves Clause: Evasion moves are banned
|rule|Endless Battle Clause: Forcing endless battles is banned
|rule|HP Percentage Mod: HP is reported as percentages
|teampreview
|chat|Gizmozian|oh boy oh boy oh boy
|
|start
|switch|p1a: FOR THE TEAM|Garchomp, M, shiny|357\/357
|switch|p2a: Alomomola|Alomomola, F|534\/534
|turn|1
|chat|Gizmozian|gl hf n_N
|chat|Gizmozian|n_n*
|chat|Cunty Vibes|u2
|
|move|p1a: FOR THE TEAM|Stealth Rock|p2a: Alomomola
|-sidestart|p2: Cunty Vibes|move: Stealth Rock
|move|p2a: Alomomola|Scald|p1a: FOR THE TEAM
|-damage|p1a: FOR THE TEAM|302\/357
|
|turn|2
|
|move|p1a: FOR THE TEAM|Swords Dance|p1a: FOR THE TEAM
|-boost|p1a: FOR THE TEAM|atk|2
|move|p2a: Alomomola|Scald|p1a: FOR THE TEAM
|-crit|p1a: FOR THE TEAM
|-damage|p1a: FOR THE TEAM|224\/357
|
|turn|3
|
|move|p1a: FOR THE TEAM|Earthquake|p2a: Alomomola
|-damage|p2a: Alomomola|230\/534
|move|p2a: Alomomola|Scald|p1a: FOR THE TEAM
|-damage|p1a: FOR THE TEAM|169\/357
|
|turn|4
|
|switch|p2a: Cresselia|Cresselia, F|444\/444
|-damage|p2a: Cresselia|389\/444|[from] Stealth Rock
|move|p1a: FOR THE TEAM|Earthquake|p2a: Cresselia
|-immune|p2a: Cresselia|[msg]
|
|-heal|p2a: Cresselia|416\/444|[from] item: Leftovers
|turn|5
|
|move|p1a: FOR THE TEAM|Outrage|p2a: Cresselia
|-damage|p2a: Cresselia|161\/444
|move|p2a: Cresselia|Ice Beam|p1a: FOR THE TEAM
|-supereffective|p1a: FOR THE TEAM
|-damage|p1a: FOR THE TEAM|0 fnt
|faint|p1a: FOR THE TEAM
|
|-heal|p2a: Cresselia|188\/444|[from] item: Leftovers
|
|switch|p1a: Aegislash|Aegislash, M, shiny|261\/261
|-item|p1a: Aegislash|Air Balloon
|turn|6
|
|switch|p1a: Patronizing|Mawile, M, shiny|271\/271
|-ability|p1a: Patronizing|Intimidate|[of] p2a: Cresselia
|-unboost|p2a: Cresselia|atk|1
|switch|p2a: Chansey|Chansey, F|704\/704
|-damage|p2a: Chansey|616\/704|[from] Stealth Rock
|
|turn|7
|
|switch|p2a: Zapdos|Zapdos|384\/384
|-damage|p2a: Zapdos|288\/384|[from] Stealth Rock
|-ability|p2a: Zapdos|Pressure
|detailschange|p1a: Patronizing|Mawile-Mega, M, shiny
|message|Mawile has Mega Evolved into Mega Mawile!
|move|p1a: Patronizing|Swords Dance|p1a: Patronizing
|-boost|p1a: Patronizing|atk|2
|
|-heal|p2a: Zapdos|312\/384|[from] item: Leftovers
|turn|8
|
|move|p2a: Zapdos|Heat Wave|p1a: Patronizing
|-supereffective|p1a: Patronizing
|-damage|p1a: Patronizing|91\/271
|move|p1a: Patronizing|Play Rough|p2a: Zapdos
|-damage|p2a: Zapdos|0 fnt
|faint|p2a: Zapdos
|
|
|switch|p2a: Tyranitar|Tyranitar, M|404\/404
|-damage|p2a: Tyranitar|354\/404|[from] Stealth Rock
|-weather|Sandstorm
|turn|9
|
|switch|p1a: Aegislash|Aegislash, M, shiny|261\/261
|-item|p1a: Aegislash|Air Balloon
|detailschange|p2a: Tyranitar|Tyranitar-Mega, M
|message|Tyranitar has Mega Evolved into Mega Tyranitar!
|move|p2a: Tyranitar|Earthquake|p1a: Aegislash
|-immune|p1a: Aegislash|[msg]
|
|-weather|Sandstorm|[upkeep]
|turn|10
|
|switch|p2a: Aegislash|Aegislash, M|324\/324
|-damage|p2a: Aegislash|304\/324|[from] Stealth Rock
|-formechange|p1a: Aegislash|Aegislash-Blade
|move|p1a: Aegislash|Sacred Sword|p2a: Aegislash
|-immune|p2a: Aegislash|[msg]
|
|-weather|Sandstorm|[upkeep]
|-heal|p2a: Aegislash|324\/324|[from] item: Leftovers
|turn|11
|
|switch|p1a: Greninja|Greninja, M, shiny|285\/285
|-formechange|p2a: Aegislash|Aegislash-Blade
|move|p2a: Aegislash|Shadow Ball|p1a: Greninja
|-crit|p1a: Greninja
|-resisted|p1a: Greninja
|-damage|p1a: Greninja|122\/285
|-unboost|p1a: Greninja|spd|1
|
|-weather|Sandstorm|[upkeep]
|-damage|p1a: Greninja|105\/285|[from] sandstorm
|turn|12
|
|-formechange|p2a: Aegislash|Aegislash
|move|p2a: Aegislash|King's Shield|p2a: Aegislash
|-singleturn|p2a: Aegislash|Protect
|-start|p1a: Greninja|typechange|Fire|[from] Protean
|move|p1a: Greninja|Hidden Power|p2a: Aegislash
|-activate|p2a: Aegislash|Protect
|
|-weather|Sandstorm|[upkeep]
|-damage|p1a: Greninja|88\/285|[from] sandstorm
|turn|13
|
|switch|p2a: Chansey|Chansey, F|616\/704
|-damage|p2a: Chansey|528\/704|[from] Stealth Rock
|move|p1a: Greninja|Hidden Power|p2a: Chansey
|-damage|p2a: Chansey|454\/704
|-damage|p1a: Greninja|60\/285|[from] item: Life Orb
|
|-weather|none
|turn|14
|
|switch|p1a: Worst shiny:D|Dragonite, M, shiny|323\/323
|move|p2a: Chansey|Wish|p2a: Chansey
|
|turn|15
|
|switch|p2a: Cresselia|Cresselia, F|188\/444
|-damage|p2a: Cresselia|133\/444|[from] Stealth Rock
|move|p1a: Worst shiny:D|Outrage|p2a: Cresselia
|-damage|p2a: Cresselia|0 fnt
|faint|p2a: Cresselia
|
|
|switch|p2a: Aegislash|Aegislash, M|324\/324
|-damage|p2a: Aegislash|304\/324|[from] Stealth Rock
|turn|16
|
|move|p2a: Aegislash|King's Shield|p2a: Aegislash
|-singleturn|p2a: Aegislash|Protect
|move|p1a: Worst shiny:D|Outrage|p2a: Aegislash
|-activate|p2a: Aegislash|Protect
|-unboost|p1a: Worst shiny:D|atk|2
|
|-end|p1a: Worst shiny:D|rampage
|-start|p1a: Worst shiny:D|confusion
|-heal|p2a: Aegislash|324\/324|[from] item: Leftovers
|turn|17
|
|switch|p1a: Greninja|Greninja, M, shiny|60\/285
|move|p2a: Aegislash|Substitute|p2a: Aegislash
|-start|p2a: Aegislash|Substitute
|-damage|p2a: Aegislash|243\/324
|
|-heal|p2a: Aegislash|263\/324|[from] item: Leftovers
|turn|18
|
|move|p2a: Aegislash|King's Shield|p2a: Aegislash
|-singleturn|p2a: Aegislash|Protect
|-start|p1a: Greninja|typechange|Fire|[from] Protean
|move|p1a: Greninja|Hidden Power|p2a: Aegislash
|-activate|p2a: Aegislash|Protect
|
|-heal|p2a: Aegislash|283\/324|[from] item: Leftovers
|turn|19
|
|move|p1a: Greninja|Hidden Power|p2a: Aegislash
|-supereffective|p2a: Aegislash
|-end|p2a: Aegislash|Substitute
|-damage|p1a: Greninja|32\/285|[from] item: Life Orb
|move|p2a: Aegislash|Substitute|p2a: Aegislash
|-start|p2a: Aegislash|Substitute
|-damage|p2a: Aegislash|202\/324
|
|-heal|p2a: Aegislash|222\/324|[from] item: Leftovers
|turn|20
|
|move|p2a: Aegislash|King's Shield|p2a: Aegislash
|-singleturn|p2a: Aegislash|Protect
|move|p1a: Greninja|Hidden Power|p2a: Aegislash
|-activate|p2a: Aegislash|Protect
|
|-heal|p2a: Aegislash|242\/324|[from] item: Leftovers
|turn|21
|
|move|p1a: Greninja|Hidden Power|p2a: Aegislash
|-supereffective|p2a: Aegislash
|-end|p2a: Aegislash|Substitute
|-damage|p1a: Greninja|4\/285|[from] item: Life Orb
|move|p2a: Aegislash|Substitute|p2a: Aegislash
|-start|p2a: Aegislash|Substitute
|-damage|p2a: Aegislash|161\/324
|
|-heal|p2a: Aegislash|181\/324|[from] item: Leftovers
|turn|22
|
|move|p2a: Aegislash|King's Shield|p2a: Aegislash
|-singleturn|p2a: Aegislash|Protect
|move|p1a: Greninja|Hidden Power|p2a: Aegislash
|-activate|p2a: Aegislash|Protect
|
|-heal|p2a: Aegislash|201\/324|[from] item: Leftovers
|turn|23
|
|move|p1a: Greninja|Hidden Power|p2a: Aegislash
|-supereffective|p2a: Aegislash
|-end|p2a: Aegislash|Substitute
|-damage|p1a: Greninja|0 fnt|[from] item: Life Orb
|faint|p1a: Greninja
|move|p2a: Aegislash|Substitute|p2a: Aegislash
|-start|p2a: Aegislash|Substitute
|-damage|p2a: Aegislash|120\/324
|
|-heal|p2a: Aegislash|140\/324|[from] item: Leftovers
|
|switch|p1a: Worst shiny:D|Dragonite, M, shiny|323\/323
|turn|24
|
|move|p2a: Aegislash|King's Shield|p2a: Aegislash
|-singleturn|p2a: Aegislash|Protect
|move|p1a: Worst shiny:D|Earthquake|p2a: Aegislash
|-activate|p2a: Aegislash|Protect
|
|-heal|p2a: Aegislash|160\/324|[from] item: Leftovers
|turn|25
|
|move|p1a: Worst shiny:D|Earthquake|p2a: Aegislash
|-supereffective|p2a: Aegislash
|-end|p2a: Aegislash|Substitute
|move|p2a: Aegislash|Toxic|p1a: Worst shiny:D
|-status|p1a: Worst shiny:D|tox
|
|-heal|p2a: Aegislash|180\/324|[from] item: Leftovers
|-damage|p1a: Worst shiny:D|303\/323 tox|[from] psn
|turn|26
|
|move|p2a: Aegislash|King's Shield|p2a: Aegislash
|-singleturn|p2a: Aegislash|Protect
|move|p1a: Worst shiny:D|Earthquake|p2a: Aegislash
|-activate|p2a: Aegislash|Protect
|
|-heal|p2a: Aegislash|200\/324|[from] item: Leftovers
|-damage|p1a: Worst shiny:D|263\/323 tox|[from] psn
|turn|27
|
|switch|p2a: Alomomola|Alomomola, F|408\/534
|-damage|p2a: Alomomola|342\/534|[from] Stealth Rock
|move|p1a: Worst shiny:D|Earthquake|p2a: Alomomola
|-damage|p2a: Alomomola|177\/534
|
|-damage|p1a: Worst shiny:D|203\/323 tox|[from] psn
|turn|28
|
|move|p1a: Worst shiny:D|Earthquake|p2a: Alomomola
|-damage|p2a: Alomomola|10\/534
|move|p2a: Alomomola|Wish|p2a: Alomomola
|
|-damage|p1a: Worst shiny:D|123\/323 tox|[from] psn
|turn|29
|
|switch|p1a: Patronizing|Mawile-Mega, M, shiny|91\/271
|move|p2a: Alomomola|Protect|p2a: Alomomola
|-fail|p2a: Alomomola
|
|-heal|p2a: Alomomola|277\/534|[from] move: Wish|[wisher] Alomomola
|turn|30
|
|move|p1a: Patronizing|Play Rough|p2a: Alomomola
|-damage|p2a: Alomomola|33\/534
|-damage|p1a: Patronizing|46\/271|[from] item: Rocky Helmet|[of] p2a: Alomomola
|move|p2a: Alomomola|Wish|p2a: Alomomola
|
|turn|31
|
|move|p1a: Patronizing|Play Rough|p2a: Alomomola
|-damage|p2a: Alomomola|0 fnt
|-damage|p1a: Patronizing|1\/271|[from] item: Rocky Helmet|[of] p2a: Alomomola
|faint|p2a: Alomomola
|
|chat|Gizmozian|whew
|
|switch|p2a: Tyranitar|Tyranitar-Mega, M|354\/404
|-damage|p2a: Tyranitar|304\/404|[from] Stealth Rock
|-weather|Sandstorm
|turn|32
|
|switch|p1a: Worst shiny:D|Dragonite, M, shiny|123\/323 tox
|move|p2a: Tyranitar|Ice Punch|p1a: Worst shiny:D
|-crit|p1a: Worst shiny:D
|-supereffective|p1a: Worst shiny:D
|-damage|p1a: Worst shiny:D|0 fnt
|faint|p1a: Worst shiny:D
|
|-weather|Sandstorm|[upkeep]
|
|switch|p1a: Aegislash|Aegislash, M, shiny|261\/261
|-item|p1a: Aegislash|Air Balloon
|turn|33
|
|switch|p2a: Chansey|Chansey, F|454\/704
|-damage|p2a: Chansey|366\/704|[from] Stealth Rock
|-formechange|p1a: Aegislash|Aegislash-Blade
|move|p1a: Aegislash|Sacred Sword|p2a: Chansey
|-supereffective|p2a: Chansey
|-damage|p2a: Chansey|114\/704
|
|-weather|Sandstorm|[upkeep]
|-damage|p2a: Chansey|70\/704|[from] sandstorm
|turn|34
|
|move|p1a: Aegislash|Sacred Sword|p2a: Chansey
|-supereffective|p2a: Chansey
|-damage|p2a: Chansey|0 fnt
|faint|p2a: Chansey
|
|-weather|Sandstorm|[upkeep]
|
|switch|p2a: Aegislash|Aegislash, M|200\/324
|-damage|p2a: Aegislash|180\/324|[from] Stealth Rock
|turn|35
|
|move|p1a: Aegislash|Shadow Ball|p2a: Aegislash
|-supereffective|p2a: Aegislash
|-damage|p2a: Aegislash|0 fnt
|faint|p2a: Aegislash
|
|-weather|Sandstorm|[upkeep]
|
|switch|p2a: Tyranitar|Tyranitar-Mega, M|304\/404
|-damage|p2a: Tyranitar|254\/404|[from] Stealth Rock
|turn|36
|
|move|p1a: Aegislash|Sacred Sword|p2a: Tyranitar
|-supereffective|p2a: Tyranitar
|-damage|p2a: Tyranitar|0 fnt
|faint|p2a: Tyranitar
|
|win|Gizmozian
|raw|Ladder updating...
|raw|Gizmozian's rating: 1861 &rarr; <strong>1882<\/strong><br \/>(+21 for winning)
|raw|Cunty Vibes's rating: 1871 &rarr; <strong>1851<\/strong><br \/>(-20 for losing)
|chat|Gizmozian|gg
|leave|Cunty Vibes
|player|p2