|join|Flamme Doudoune
|join|Cunty Vibes
|player|p1|Flamme Doudoune|145
|player|p2|Cunty Vibes|185
|gametype|singles
|gen|6
|tier|OU
|rated
|clearpoke
|poke|p1|Ferrothorn, M
|poke|p1|Landorus-Therian, M
|poke|p1|Latias, F
|poke|p1|Tyranitar, F
|poke|p1|Gengar, M
|poke|p1|Krookodile, F
|poke|p2|Clefable, M
|poke|p2|Conkeldurr, F
|poke|p2|Landorus-Therian, M
|poke|p2|Chansey, F
|poke|p2|Scizor, F
|poke|p2|Alomomola, F
|rule|Swagger Clause: Swagger is banned
|rule|Baton Pass Clause: Limit one PokÃ©mon knowing Baton Pass
|rule|Sleep Clause Mod: Limit one foe put to sleep
|rule|Species Clause: Limit one of each PokÃ©mon
|rule|OHKO Clause: OHKO moves are banned
|rule|Moody Clause: Moody is banned
|rule|Evasion Moves Clause: Evasion moves are banned
|rule|Endless Battle Clause: Forcing endless battles is banned
|rule|HP Percentage Mod: HP is shown in percentages
|teampreview
|
|start
|switch|p1a: Draco-Spam|Latias, F|301\/301
|switch|p2a: Alomomola|Alomomola, F|534\/534
|turn|1
|
|switch|p1a: No Zone plz|Ferrothorn, M|351\/351
|switch|p2a: Scizor|Scizor, F|343\/343
|
|turn|2
|
|switch|p2a: Conkeldurr|Conkeldurr, F|401\/401
|move|p1a: No Zone plz|Stealth Rock|p2a: Conkeldurr
|-sidestart|p2: Cunty Vibes|move: Stealth Rock
|
|turn|3
|
|switch|p1a: 12|Landorus-Therian, M|319\/319
|-ability|p1a: 12|Intimidate|[of] p2a: Conkeldurr
|-unboost|p2a: Conkeldurr|atk|1
|move|p2a: Conkeldurr|Knock Off|p1a: 12
|-damage|p1a: 12|221\/319
|-enditem|p1a: 12|Life Orb|[from] move: Knock Off|[of] p2a: Conkeldurr
|
|turn|4
|
|switch|p2a: Alomomola|Alomomola, F|534\/534
|-damage|p2a: Alomomola|468\/534|[from] Stealth Rock
|move|p1a: 12|Rock Polish|p1a: 12
|-boost|p1a: 12|spe|2
|
|turn|5
|
|switch|p1a: Draco-Spam|Latias, F|301\/301
|move|p2a: Alomomola|Wish|p2a: Alomomola
|
|turn|6
|
|switch|p2a: Scizor|Scizor, F|343\/343
|-damage|p2a: Scizor|301\/343|[from] Stealth Rock
|move|p1a: Draco-Spam|Psyshock|p2a: Scizor
|-resisted|p2a: Scizor
|-damage|p2a: Scizor|241\/343
|-damage|p1a: Draco-Spam|271\/301|[from] item: Life Orb
|
|-heal|p2a: Scizor|343\/343|[from] move: Wish|[wisher] Alomomola
|turn|7
|
|detailschange|p2a: Scizor|Scizor-Mega, F
|-mega|p2a: Scizor|Scizor|Scizorite
|move|p1a: Draco-Spam|Hidden Power|p2a: Scizor
|-supereffective|p2a: Scizor
|-damage|p2a: Scizor|41\/343
|-damage|p1a: Draco-Spam|241\/301|[from] item: Life Orb
|move|p2a: Scizor|Pursuit|p1a: Draco-Spam
|-supereffective|p1a: Draco-Spam
|-damage|p1a: Draco-Spam|81\/301
|
|turn|8
|
|move|p1a: Draco-Spam|Psyshock|p2a: Scizor
|-resisted|p2a: Scizor
|-damage|p2a: Scizor|0 fnt
|-damage|p1a: Draco-Spam|51\/301|[from] item: Life Orb
|faint|p2a: Scizor
|
|
|switch|p2a: Chansey|Chansey, F|704\/704
|-damage|p2a: Chansey|616\/704|[from] Stealth Rock
|turn|9
|
|switch|p1a: No Zone plz|Ferrothorn, M|351\/351
|move|p2a: Chansey|Wish|p2a: Chansey
|
|turn|10
|
|switch|p2a: Conkeldurr|Conkeldurr, F|401\/401
|-damage|p2a: Conkeldurr|376\/401|[from] Stealth Rock
|move|p1a: No Zone plz|Power Whip|p2a: Conkeldurr
|-damage|p2a: Conkeldurr|103\/401
|
|-heal|p2a: Conkeldurr|401\/401|[from] move: Wish|[wisher] Chansey
|turn|11
|
|switch|p2a: Landorus-Therian|Landorus-Therian, M|382\/382
|-damage|p2a: Landorus-Therian|335\/382|[from] Stealth Rock
|-ability|p2a: Landorus-Therian|Intimidate|[of] p1a: No Zone plz
|-unboost|p1a: No Zone plz|atk|1
|switch|p1a: Melodead|Gengar, M|261\/261
|
|-heal|p2a: Landorus-Therian|358\/382|[from] item: Leftovers
|turn|12
|
|switch|p1a: Megodzilla|Tyranitar, F|352\/352
|-weather|Sandstorm
|move|p2a: Landorus-Therian|U-turn|p1a: Megodzilla
|-supereffective|p1a: Megodzilla
|-damage|p1a: Megodzilla|220\/352
|
|switch|p2a: Conkeldurr|Conkeldurr, F|401\/401
|-damage|p2a: Conkeldurr|376\/401|[from] Stealth Rock
|
|-weather|Sandstorm|[upkeep]
|-damage|p2a: Conkeldurr|351\/401|[from] sandstorm
|turn|13
|
|detailschange|p1a: Megodzilla|Tyranitar-Mega, F
|-mega|p1a: Megodzilla|Tyranitar|Tyranitarite
|move|p1a: Megodzilla|Earthquake|p2a: Conkeldurr
|-damage|p2a: Conkeldurr|196\/401
|move|p2a: Conkeldurr|Ice Punch|p1a: Megodzilla
|-damage|p1a: Megodzilla|141\/352
|
|-weather|Sandstorm|[upkeep]
|-damage|p2a: Conkeldurr|171\/401|[from] sandstorm
|turn|14
|
|switch|p1a: 12|Landorus-Therian, M|221\/319
|-ability|p1a: 12|Intimidate|[of] p2a: Conkeldurr
|-unboost|p2a: Conkeldurr|atk|1
|switch|p2a: Landorus-Therian|Landorus-Therian, M|358\/382
|-damage|p2a: Landorus-Therian|311\/382|[from] Stealth Rock
|-ability|p2a: Landorus-Therian|Intimidate|[of] p1a: 12
|-unboost|p1a: 12|atk|1
|
|-weather|Sandstorm|[upkeep]
|-heal|p2a: Landorus-Therian|334\/382|[from] item: Leftovers
|turn|15
|
|move|p1a: 12|Hidden Power|p2a: Landorus-Therian
|-supereffective|p2a: Landorus-Therian
|-damage|p2a: Landorus-Therian|0 fnt
|faint|p2a: Landorus-Therian
|
|-weather|Sandstorm|[upkeep]
|
|switch|p2a: Alomomola|Alomomola, F|534\/534
|-damage|p2a: Alomomola|468\/534|[from] Stealth Rock
|turn|16
|c|âFlamme Doudoune|13 ahaha
|
|switch|p1a: Draco-Spam|Latias, F|51\/301
|move|p2a: Alomomola|Wish|p2a: Alomomola
|
|-weather|none
|turn|17
|
|switch|p2a: Clefable|Clefable, M|394\/394
|-damage|p2a: Clefable|345\/394|[from] Stealth Rock
|move|p1a: Draco-Spam|Psyshock|p2a: Clefable
|-damage|p2a: Clefable|192\/394
|-damage|p1a: Draco-Spam|21\/301|[from] item: Life Orb
|
|-heal|p2a: Clefable|394\/394|[from] move: Wish|[wisher] Alomomola
|turn|18
|
|move|p1a: Draco-Spam|Healing Wish|p1a: Draco-Spam
|faint|p1a: Draco-Spam
|move|p2a: Clefable|Moonlight|p2a: Clefable
|
|
|switch|p1a: Megodzilla|Tyranitar-Mega, F|141\/352
|-heal|p1a: Megodzilla|352\/352|[from] move: Healing Wish
|-weather|Sandstorm
|turn|19
|
|move|p1a: Megodzilla|Dragon Dance|p1a: Megodzilla
|-boost|p1a: Megodzilla|atk|1
|-boost|p1a: Megodzilla|spe|1
|move|p2a: Clefable|Calm Mind|p2a: Clefable
|-boost|p2a: Clefable|spa|1
|-boost|p2a: Clefable|spd|1
|
|-weather|Sandstorm|[upkeep]
|-damage|p2a: Clefable|370\/394|[from] sandstorm
|-heal|p2a: Clefable|394\/394|[from] item: Leftovers
|turn|20
|
|move|p1a: Megodzilla|Earthquake|p2a: Clefable
|-damage|p2a: Clefable|270\/394
|move|p2a: Clefable|Moonblast|p1a: Megodzilla
|-supereffective|p1a: Megodzilla
|-damage|p1a: Megodzilla|152\/352
|
|-weather|Sandstorm|[upkeep]
|-damage|p2a: Clefable|246\/394|[from] sandstorm
|-heal|p2a: Clefable|270\/394|[from] item: Leftovers
|turn|21
|
|move|p1a: Megodzilla|Stone Edge|p2a: Clefable
|-damage|p2a: Clefable|71\/394
|move|p2a: Clefable|Moonlight|p2a: Clefable
|-heal|p2a: Clefable|169\/394
|
|-weather|Sandstorm|[upkeep]
|-damage|p2a: Clefable|145\/394|[from] sandstorm
|-heal|p2a: Clefable|169\/394|[from] item: Leftovers
|turn|22
|
|move|p1a: Megodzilla|Stone Edge|p2a: Clefable|[miss]
|-miss|p1a: Megodzilla|p2a: Clefable
|move|p2a: Clefable|Moonlight|p2a: Clefable
|-heal|p2a: Clefable|267\/394
|
|-weather|Sandstorm|[upkeep]
|-damage|p2a: Clefable|243\/394|[from] sandstorm
|-heal|p2a: Clefable|267\/394|[from] item: Leftovers
|turn|23
|
|move|p1a: Megodzilla|Dragon Dance|p1a: Megodzilla
|-boost|p1a: Megodzilla|atk|1
|-boost|p1a: Megodzilla|spe|1
|move|p2a: Clefable|Moonlight|p2a: Clefable
|-heal|p2a: Clefable|365\/394
|
|-weather|none
|-heal|p2a: Clefable|389\/394|[from] item: Leftovers
|turn|24
|
|move|p1a: Megodzilla|Stone Edge|p2a: Clefable|[miss]
|-miss|p1a: Megodzilla|p2a: Clefable
|move|p2a: Clefable|Calm Mind|p2a: Clefable
|-boost|p2a: Clefable|spa|1
|-boost|p2a: Clefable|spd|1
|
|-heal|p2a: Clefable|394\/394|[from] item: Leftovers
|turn|25
|
|move|p1a: Megodzilla|Stone Edge|p2a: Clefable
|-damage|p2a: Clefable|208\/394
|move|p2a: Clefable|Calm Mind|p2a: Clefable
|-boost|p2a: Clefable|spa|1
|-boost|p2a: Clefable|spd|1
|
|-heal|p2a: Clefable|232\/394|[from] item: Leftovers
|turn|26
|
|move|p1a: Megodzilla|Dragon Dance|p1a: Megodzilla
|-boost|p1a: Megodzilla|atk|1
|-boost|p1a: Megodzilla|spe|1
|move|p2a: Clefable|Moonlight|p2a: Clefable
|-heal|p2a: Clefable|394\/394
|
|turn|27
|
|move|p1a: Megodzilla|Stone Edge|p2a: Clefable
|-damage|p2a: Clefable|201\/394
|move|p2a: Clefable|Calm Mind|p2a: Clefable
|-boost|p2a: Clefable|spa|1
|-boost|p2a: Clefable|spd|1
|
|-heal|p2a: Clefable|225\/394|[from] item: Leftovers
|turn|28
|c|âFlamme Doudoune|lol
|c|âFlamme Doudoune|i'm so stupide
|
|switch|p1a: Melodead|Gengar, M|261\/261
|move|p2a: Clefable|Moonlight|p2a: Clefable
|-heal|p2a: Clefable|394\/394
|
|turn|29
|
|move|p1a: Melodead|Sludge Bomb|p2a: Clefable
|-supereffective|p2a: Clefable
|-damage|p2a: Clefable|243\/394
|-status|p2a: Clefable|psn
|-damage|p1a: Melodead|235\/261|[from] item: Life Orb
|move|p2a: Clefable|Flamethrower|p1a: Melodead
|-damage|p1a: Melodead|0 fnt
|faint|p1a: Melodead
|
|-heal|p2a: Clefable|267\/394 psn|[from] item: Leftovers
|-damage|p2a: Clefable|218\/394 psn|[from] psn
|
|switch|p1a: Tic-Tac-Tic-Tac|Krookodile, F|331\/331
|turn|30
|
|move|p1a: Tic-Tac-Tic-Tac|Knock Off|p2a: Clefable
|-resisted|p2a: Clefable
|-damage|p2a: Clefable|144\/394 psn
|-enditem|p2a: Clefable|Leftovers|[from] move: Knock Off|[of] p1a: Tic-Tac-Tic-Tac
|move|p2a: Clefable|Moonblast|p1a: Tic-Tac-Tic-Tac
|-supereffective|p1a: Tic-Tac-Tic-Tac
|-damage|p1a: Tic-Tac-Tic-Tac|0 fnt
|faint|p1a: Tic-Tac-Tic-Tac
|
|-damage|p2a: Clefable|95\/394 psn|[from] psn
|
|switch|p1a: Megodzilla|Tyranitar-Mega, F|152\/352
|-weather|Sandstorm
|turn|31
|
|move|p1a: Megodzilla|Earthquake|p2a: Clefable
|-damage|p2a: Clefable|0 fnt
|faint|p2a: Clefable
|
|-weather|Sandstorm|[upkeep]
|
|switch|p2a: Alomomola|Alomomola, F|534\/534
|-damage|p2a: Alomomola|468\/534|[from] Stealth Rock
|turn|32
|
|move|p1a: Megodzilla|Dragon Dance|p1a: Megodzilla
|-boost|p1a: Megodzilla|atk|1
|-boost|p1a: Megodzilla|spe|1
|move|p2a: Alomomola|Scald|p1a: Megodzilla
|-supereffective|p1a: Megodzilla
|-damage|p1a: Megodzilla|102\/352
|
|-weather|Sandstorm|[upkeep]
|-damage|p2a: Alomomola|435\/534|[from] sandstorm
|turn|33
|
|switch|p2a: Chansey|Chansey, F|616\/704
|-damage|p2a: Chansey|528\/704|[from] Stealth Rock
|move|p1a: Megodzilla|Stone Edge|p2a: Chansey
|-damage|p2a: Chansey|110\/704
|
|-weather|Sandstorm|[upkeep]
|-damage|p2a: Chansey|66\/704|[from] sandstorm
|turn|34
|
|move|p1a: Megodzilla|Earthquake|p2a: Chansey
|-damage|p2a: Chansey|0 fnt
|faint|p2a: Chansey
|
|-weather|Sandstorm|[upkeep]
|
|switch|p2a: Conkeldurr|Conkeldurr, F|171\/401
|-damage|p2a: Conkeldurr|146\/401|[from] Stealth Rock
|turn|35
|
|switch|p1a: 12|Landorus-Therian, M|221\/319
|-ability|p1a: 12|Intimidate|[of] p2a: Conkeldurr
|-unboost|p2a: Conkeldurr|atk|1
|move|p2a: Conkeldurr|Mach Punch|p1a: 12
|-resisted|p1a: 12
|-damage|p1a: 12|188\/319
|
|-weather|none
|turn|36
|
|switch|p1a: No Zone plz|Ferrothorn, M|351\/351
|switch|p2a: Alomomola|Alomomola, F|534\/534
|-damage|p2a: Alomomola|468\/534|[from] Stealth Rock
|
|turn|37
|
|move|p2a: Alomomola|Scald|p1a: No Zone plz
|-resisted|p1a: No Zone plz
|-damage|p1a: No Zone plz|331\/351
|move|p1a: No Zone plz|Power Whip|p2a: Alomomola
|-supereffective|p2a: Alomomola
|-damage|p2a: Alomomola|0 fnt
|-damage|p1a: No Zone plz|273\/351|[from] item: Rocky Helmet|[of] p2a: Alomomola
|faint|p2a: Alomomola
|
|
|switch|p2a: Conkeldurr|Conkeldurr, F|146\/401
|-damage|p2a: Conkeldurr|121\/401|[from] Stealth Rock
|turn|38
|
|switch|p1a: Megodzilla|Tyranitar-Mega, F|102\/352
|-weather|Sandstorm
|move|p2a: Conkeldurr|Ice Punch|p1a: Megodzilla
|-damage|p1a: Megodzilla|28\/352
|
|-weather|Sandstorm|[upkeep]
|-damage|p2a: Conkeldurr|96\/401|[from] sandstorm
|turn|39
|-message|Cunty Vibes forfeited.
|
|win|Flamme Doudoune
|raw|Ladder updating...
|leave|Cunty Vibes
|player|p2
|raw|Flamme Doudoune's rating: 1492 &rarr; <strong>1514<\/strong><br \/>(+22 for winning)
|raw|Cunty Vibes's rating: 1529 &rarr; <strong>1507<\/strong><br \/>(-22 for losing)