|join|thinah
|join|KingTurtwig97
|player|p1|thinah|64
|player|p2|KingTurtwig97|200
|gametype|singles
|gen|6
|tier|UU
|rated
|rule|Sleep Clause Mod: Limit one foe put to sleep
|rule|Species Clause: Limit one of each PokÃ©mon
|rule|OHKO Clause: OHKO moves are banned
|rule|Moody Clause: Moody is banned
|rule|Evasion Moves Clause: Evasion moves are banned
|rule|Endless Battle Clause: Forcing endless battles is banned
|rule|HP Percentage Mod: HP is shown in percentages
|clearpoke
|poke|p1|Nidoking, M
|poke|p1|Swampert, F
|poke|p1|Pidgeot, M
|poke|p1|Arcanine, M
|poke|p1|Hydreigon, M
|poke|p1|Meloetta
|poke|p2|Raikou
|poke|p2|Sharpedo, M
|poke|p2|Quagsire, M
|poke|p2|Espeon, M
|poke|p2|Nidoqueen, F
|poke|p2|Infernape, F
|rule|Swagger Clause: Swagger is banned
|rule|Baton Pass Clause: Limit one PokÃ©mon knowing Baton Pass
|teampreview
|join|Tomlock5000
|
|start
|switch|p1a: Swampert|Swampert, F|404\/404
|switch|p2a: Raikou|Raikou|321\/321
|-ability|p2a: Raikou|Pressure
|turn|1
|
|switch|p1a: Meloetta|Meloetta|404\/404
|move|p2a: Raikou|Hidden Power|p1a: Meloetta
|-damage|p1a: Meloetta|355\/404
|-damage|p2a: Raikou|289\/321|[from] item: Life Orb
|
|turn|2
|
|move|p2a: Raikou|Volt Switch|p1a: Meloetta
|-damage|p1a: Meloetta|272\/404
|-damage|p2a: Raikou|257\/321|[from] item: Life Orb
|
|switch|p2a: Sharpedo|Sharpedo, M|281\/281
|move|p1a: Meloetta|Psyshock|p2a: Sharpedo
|-immune|p2a: Sharpedo|[msg]
|
|turn|3
|
|switch|p2a: Quagsire|Quagsire, M|394\/394
|switch|p1a: Swampert|Swampert, F|404\/404
|
|turn|4
|
|switch|p2a: Espeon|Espeon, M|334\/334
|move|p1a: Swampert|Stealth Rock|p2a: Espeon
|move|p2a: Espeon|Stealth Rock|p1a: Swampert|[from]Magic Bounce
|-sidestart|p1: thinah|move: Stealth Rock
|
|turn|5
|c|âKingTurtwig97|Thanks\
|
|move|p2a: Espeon|Light Screen|p2a: Espeon
|-sidestart|p2: KingTurtwig97|move: Light Screen
|move|p1a: Swampert|Scald|p2a: Espeon
|-damage|p2a: Espeon|295\/334
|
|turn|6
|
|switch|p1a: Pidgeot|Pidgeot, M|307\/307
|-damage|p1a: Pidgeot|231\/307|[from] Stealth Rock
|move|p2a: Espeon|Reflect|p2a: Espeon
|-sidestart|p2: KingTurtwig97|Reflect
|
|turn|7
|
|detailschange|p1a: Pidgeot|Pidgeot-Mega, M
|-mega|p1a: Pidgeot|Pidgeot|Pidgeotite
|move|p2a: Espeon|Yawn|p1a: Pidgeot
|-start|p1a: Pidgeot|move: Yawn|[of] p2a: Espeon
|move|p1a: Pidgeot|Defog|p2a: Espeon
|move|p2a: Espeon|Defog|p1a: Pidgeot|[from]Magic Bounce
|-unboost|p1a: Pidgeot|evasion|1
|-sideend|p1: thinah|Stealth Rock|[from] move: Defog|[of] p1a: Pidgeot
|
|turn|8
|c| Tomlock5000|that's one weir mechanic
|c| Tomlock5000|*weird
|
|switch|p1a: Meloetta|Meloetta|272\/404
|move|p2a: Espeon|Baton Pass|p2a: Espeon
|c|âKingTurtwig97|Yeah
|
|switch|p2a: Sharpedo|Sharpedo, M|281\/281
|
|turn|9
|c| Tomlock5000|defog removes hazards on both sides of the field, but not the screens if it gets bounced?
|
|switch|p1a: Swampert|Swampert, F|404\/404
|move|p2a: Sharpedo|Crunch|p1a: Swampert
|-damage|p1a: Swampert|289\/404
|
|-heal|p1a: Swampert|314\/404|[from] item: Leftovers
|-boost|p2a: Sharpedo|spe|1|[from] ability: Speed Boost
|turn|10
|
|detailschange|p2a: Sharpedo|Sharpedo-Mega, M
|-mega|p2a: Sharpedo|Sharpedo|Sharpedonite
|move|p2a: Sharpedo|Crunch|p1a: Swampert
|-damage|p1a: Swampert|113\/404
|move|p1a: Swampert|Scald|p2a: Sharpedo
|-resisted|p2a: Sharpedo
|-damage|p2a: Sharpedo|234\/281
|
|-heal|p1a: Swampert|138\/404|[from] item: Leftovers
|turn|11
|
|move|p2a: Sharpedo|Crunch|p1a: Swampert
|-damage|p1a: Swampert|0 fnt
|faint|p1a: Swampert
|
|
|switch|p1a: Hydreigon|Hydreigon, M|325\/325
|turn|12
|
|move|p2a: Sharpedo|Ice Fang|p1a: Hydreigon
|-supereffective|p1a: Hydreigon
|-damage|p1a: Hydreigon|21\/325
|-status|p1a: Hydreigon|frz
|cant|p1a: Hydreigon|frz
|
|-sideend|p2: KingTurtwig97|move: Light Screen
|turn|13
|c| Tomlock5000|:[
|c|âKingTurtwig97|Wow... sorry
|
|move|p2a: Sharpedo|Crunch|p1a: Hydreigon
|-resisted|p1a: Hydreigon
|-damage|p1a: Hydreigon|0 fnt
|faint|p1a: Hydreigon
|
|-sideend|p2: KingTurtwig97|Reflect
|
|switch|p1a: Arcanine|Arcanine, M|321\/321
|-ability|p1a: Arcanine|Intimidate|[of] p2a: Sharpedo
|-unboost|p2a: Sharpedo|atk|1
|turn|14
|
|switch|p2a: Quagsire|Quagsire, M|394\/394
|move|p1a: Arcanine|Extreme Speed|p2a: Quagsire
|-damage|p2a: Quagsire|292\/394
|
|-heal|p2a: Quagsire|316\/394|[from] item: Leftovers
|turn|15
|
|switch|p1a: Meloetta|Meloetta|272\/404
|move|p2a: Quagsire|Toxic|p1a: Meloetta
|-status|p1a: Meloetta|tox
|
|-heal|p2a: Quagsire|340\/394|[from] item: Leftovers
|-damage|p1a: Meloetta|247\/404 tox|[from] psn
|turn|16
|
|move|p1a: Meloetta|Energy Ball|p2a: Quagsire
|-supereffective|p2a: Quagsire
|-damage|p2a: Quagsire|0 fnt
|faint|p2a: Quagsire
|
|-damage|p1a: Meloetta|197\/404 tox|[from] psn
|
|switch|p2a: Sharpedo|Sharpedo-Mega, M|234\/281
|turn|17
|
|move|p2a: Sharpedo|Crunch|p1a: Meloetta
|-supereffective|p1a: Meloetta
|-damage|p1a: Meloetta|0 fnt
|faint|p1a: Meloetta
|
|
|switch|p1a: Pidgeot|Pidgeot-Mega, M|231\/307
|turn|18
|
|move|p1a: Pidgeot|Hurricane|p2a: Sharpedo
|-damage|p2a: Sharpedo|0 fnt
|faint|p2a: Sharpedo
|
|
|switch|p2a: Raikou|Raikou|257\/321
|-ability|p2a: Raikou|Pressure
|turn|19
|
|switch|p1a: Nidoking|Nidoking, M|303\/303
|move|p2a: Raikou|Extrasensory|p1a: Nidoking
|-supereffective|p1a: Nidoking
|-damage|p1a: Nidoking|38\/303
|-damage|p2a: Raikou|225\/321|[from] item: Life Orb
|
|turn|20
|c| Tomlock5000|nice
|
|move|p1a: Nidoking|Earthquake|p2a: Raikou
|-supereffective|p2a: Raikou
|-damage|p2a: Raikou|0 fnt
|faint|p2a: Raikou
|
|
|switch|p2a: Espeon|Espeon, M|295\/334
|turn|21
|
|switch|p1a: Pidgeot|Pidgeot-Mega, M|231\/307
|move|p2a: Espeon|Reflect|p2a: Espeon
|-sidestart|p2: KingTurtwig97|Reflect
|
|turn|22
|
|move|p1a: Pidgeot|Hurricane|p2a: Espeon
|-damage|p2a: Espeon|70\/334
|move|p2a: Espeon|Light Screen|p2a: Espeon
|-sidestart|p2: KingTurtwig97|move: Light Screen
|
|turn|23
|
|move|p1a: Pidgeot|Hurricane|p2a: Espeon
|-damage|p2a: Espeon|0 fnt
|faint|p2a: Espeon
|
|
|switch|p2a: Nidoqueen|Nidoqueen, F|353\/353
|turn|24
|
|move|p1a: Pidgeot|Defog|p2a: Nidoqueen
|-unboost|p2a: Nidoqueen|evasion|1
|-sideend|p2: KingTurtwig97|Reflect
|-sideend|p2: KingTurtwig97|Reflect|[from] move: Defog|[of] p2a: Nidoqueen
|-sideend|p2: KingTurtwig97|move: Light Screen
|-sideend|p2: KingTurtwig97|Light Screen|[from] move: Defog|[of] p2a: Nidoqueen
|move|p2a: Nidoqueen|Ice Beam|p1a: Pidgeot
|-supereffective|p1a: Pidgeot
|-damage|p1a: Pidgeot|0 fnt
|faint|p1a: Pidgeot
|
|
|switch|p1a: Nidoking|Nidoking, M|38\/303
|turn|25
|
|move|p1a: Nidoking|Earthquake|p2a: Nidoqueen
|-supereffective|p2a: Nidoqueen
|-damage|p2a: Nidoqueen|27\/353
|move|p2a: Nidoqueen|Earth Power|p1a: Nidoking
|-supereffective|p1a: Nidoking
|-damage|p1a: Nidoking|0 fnt
|faint|p1a: Nidoking
|
|
|switch|p1a: Arcanine|Arcanine, M|321\/321
|-ability|p1a: Arcanine|Intimidate|[of] p2a: Nidoqueen
|-unboost|p2a: Nidoqueen|atk|1
|turn|26
|
|move|p1a: Arcanine|Extreme Speed|p2a: Nidoqueen
|-damage|p2a: Nidoqueen|0 fnt
|faint|p2a: Nidoqueen
|
|
|switch|p2a: Infernape|Infernape, F|294\/294
|turn|27
|
|move|p1a: Arcanine|Extreme Speed|p2a: Infernape
|-damage|p2a: Infernape|122\/294
|move|p2a: Infernape|Close Combat|p1a: Arcanine
|-damage|p1a: Arcanine|27\/321
|-unboost|p2a: Infernape|def|1
|-unboost|p2a: Infernape|spd|1
|-damage|p2a: Infernape|93\/294|[from] item: Life Orb
|
|turn|28
|c|âthinah|gg
|
|move|p1a: Arcanine|Extreme Speed|p2a: Infernape
|-damage|p2a: Infernape|0 fnt
|faint|p2a: Infernape
|
|win|thinah
|raw|Ladder updating...
|leave|KingTurtwig97
|raw|thinah's rating: 1358 &rarr; <strong>1383<\/strong><br \/>(+25 for winning)
|raw|KingTurtwig97's rating: 1446 &rarr; <strong>1421<\/strong><br \/>(-25 for losing)
|c| Tomlock5000|GG
|player|p2