|join|KingTurtwig97
|join|zoid's warhorse
|player|p1|KingTurtwig97|200
|player|p2|zoid's warhorse|188
|gametype|singles
|gen|6
|tier|UU
|rated
|rule|Sleep Clause Mod: Limit one foe put to sleep
|rule|Species Clause: Limit one of each PokÃ©mon
|rule|OHKO Clause: OHKO moves are banned
|rule|Moody Clause: Moody is banned
|rule|Evasion Moves Clause: Evasion moves are banned
|rule|Endless Battle Clause: Forcing endless battles is banned
|rule|HP Percentage Mod: HP is shown in percentages
|clearpoke
|poke|p1|Raikou
|poke|p1|Sharpedo, F
|poke|p1|Donphan, M
|poke|p1|Florges, F
|poke|p1|Jirachi
|poke|p1|Infernape, F
|poke|p2|Aerodactyl, M
|poke|p2|Azelf
|poke|p2|Dragalge, M
|poke|p2|Lucario, F
|poke|p2|Magneton
|poke|p2|Serperior, M
|rule|Swagger Clause: Swagger is banned
|rule|Baton Pass Clause: Limit one PokÃ©mon knowing Baton Pass
|teampreview
|
|start
|switch|p1a: Raikou|Raikou|321\/321
|switch|p2a: Azelf|Azelf|291\/291
|-ability|p1a: Raikou|Pressure
|turn|1
|
|move|p1a: Raikou|Volt Switch|p2a: Azelf
|-damage|p2a: Azelf|84\/291
|-damage|p1a: Raikou|289\/321|[from] item: Life Orb
|
|switch|p1a: Donphan|Donphan, M|384\/384
|move|p2a: Azelf|Stealth Rock|p1a: Donphan
|-sidestart|p1: KingTurtwig97|move: Stealth Rock
|
|turn|2
|
|move|p2a: Azelf|Explosion|p1a: Donphan
|-damage|p1a: Donphan|201\/384
|faint|p2a: Azelf
|move|p1a: Donphan|Rapid Spin|p2: Azelf|[notarget]
|-notarget
|
|-heal|p1a: Donphan|225\/384|[from] item: Leftovers
|
|switch|p2a: Serperior|Serperior, M|296\/296
|turn|3
|
|switch|p1a: Jirachi|Jirachi|404\/404
|-damage|p1a: Jirachi|379\/404|[from] Stealth Rock
|move|p2a: Serperior|Leaf Storm|p1a: Jirachi
|-resisted|p1a: Jirachi
|-damage|p1a: Jirachi|278\/404
|-boost|p2a: Serperior|spa|2
|-damage|p2a: Serperior|267\/296|[from] item: Life Orb
|
|-heal|p1a: Jirachi|303\/404|[from] item: Leftovers
|turn|4
|
|move|p2a: Serperior|Hidden Power|p1a: Jirachi
|-supereffective|p1a: Jirachi
|-damage|p1a: Jirachi|35\/404
|-damage|p2a: Serperior|238\/296|[from] item: Life Orb
|move|p1a: Jirachi|Toxic|p2a: Serperior
|-status|p2a: Serperior|tox
|
|-heal|p1a: Jirachi|60\/404|[from] item: Leftovers
|-damage|p2a: Serperior|220\/296 tox|[from] psn
|turn|5
|
|move|p2a: Serperior|Giga Drain|p1a: Jirachi
|-resisted|p1a: Jirachi
|-damage|p1a: Jirachi|0 fnt
|-heal|p2a: Serperior|250\/296 tox|[from] drain|[of] p1a: Jirachi
|-damage|p2a: Serperior|221\/296 tox|[from] item: Life Orb
|faint|p1a: Jirachi
|
|-damage|p2a: Serperior|185\/296 tox|[from] psn
|
|switch|p1a: Florges|Florges, F|360\/360
|-damage|p1a: Florges|315\/360|[from] Stealth Rock
|turn|6
|
|switch|p2a: Dragalge|Dragalge, M|317\/317
|move|p1a: Florges|Wish|p1a: Florges
|
|-heal|p1a: Florges|337\/360|[from] item: Leftovers
|turn|7
|
|move|p1a: Florges|Moonblast|p2a: Dragalge
|-damage|p2a: Dragalge|220\/317
|move|p2a: Dragalge|Sludge Wave|p1a: Florges
|-supereffective|p1a: Florges
|-damage|p1a: Florges|25\/360
|
|-heal|p1a: Florges|205\/360|[from] move: Wish|[wisher] Florges
|-heal|p1a: Florges|227\/360|[from] item: Leftovers
|turn|8
|
|move|p1a: Florges|Moonblast|p2a: Dragalge
|-damage|p2a: Dragalge|114\/317
|move|p2a: Dragalge|Sludge Wave|p1a: Florges
|-supereffective|p1a: Florges
|-damage|p1a: Florges|0 fnt
|faint|p1a: Florges
|
|
|switch|p1a: Raikou|Raikou|289\/321
|-damage|p1a: Raikou|249\/321|[from] Stealth Rock
|-ability|p1a: Raikou|Pressure
|turn|9
|
|switch|p2a: Magneton|Magneton|303\/303
|move|p1a: Raikou|Extrasensory|p2a: Magneton
|-resisted|p2a: Magneton
|-damage|p2a: Magneton|248\/303
|-damage|p1a: Raikou|217\/321|[from] item: Life Orb
|
|turn|10
|
|move|p1a: Raikou|Volt Switch|p2a: Magneton
|-resisted|p2a: Magneton
|-damage|p2a: Magneton|184\/303
|-damage|p1a: Raikou|185\/321|[from] item: Life Orb
|
|switch|p1a: Donphan|Donphan, M|225\/384
|-damage|p1a: Donphan|201\/384|[from] Stealth Rock
|move|p2a: Magneton|Flash Cannon|p1a: Donphan
|-damage|p1a: Donphan|0 fnt
|faint|p1a: Donphan
|
|
|switch|p1a: Infernape|Infernape, F|293\/293
|-damage|p1a: Infernape|257\/293|[from] Stealth Rock
|turn|11
|
|move|p1a: Infernape|Fire Blast|p2a: Magneton
|-supereffective|p2a: Magneton
|-damage|p2a: Magneton|0 fnt
|-damage|p1a: Infernape|228\/293|[from] item: Life Orb
|faint|p2a: Magneton
|
|
|switch|p2a: Aerodactyl|Aerodactyl, M|302\/302
|-ability|p2a: Aerodactyl|Unnerve|p1: KingTurtwig97
|turn|12
|
|detailschange|p2a: Aerodactyl|Aerodactyl-Mega, M
|-mega|p2a: Aerodactyl|Aerodactyl|Aerodactylite
|move|p1a: Infernape|Vacuum Wave|p2a: Aerodactyl
|-damage|p2a: Aerodactyl|224\/302
|-damage|p1a: Infernape|199\/293|[from] item: Life Orb
|move|p2a: Aerodactyl|Aerial Ace|p1a: Infernape
|-supereffective|p1a: Infernape
|-damage|p1a: Infernape|0 fnt
|faint|p1a: Infernape
|
|
|switch|p1a: Raikou|Raikou|185\/321
|-damage|p1a: Raikou|145\/321|[from] Stealth Rock
|-ability|p1a: Raikou|Pressure
|turn|13
|
|move|p2a: Aerodactyl|Aqua Tail|p1a: Raikou
|-damage|p1a: Raikou|0 fnt
|faint|p1a: Raikou
|
|
|switch|p1a: Sharpedo|Sharpedo, F|281\/281
|-damage|p1a: Sharpedo|246\/281|[from] Stealth Rock
|turn|14
|
|move|p1a: Sharpedo|Protect|p1a: Sharpedo
|-singleturn|p1a: Sharpedo|Protect
|move|p2a: Aerodactyl|Aerial Ace|p1a: Sharpedo
|-activate|p1a: Sharpedo|Protect
|
|-boost|p1a: Sharpedo|spe|1|[from] ability: Speed Boost
|turn|15
|
|detailschange|p1a: Sharpedo|Sharpedo-Mega, F
|-mega|p1a: Sharpedo|Sharpedo|Sharpedonite
|move|p2a: Aerodactyl|Aerial Ace|p1a: Sharpedo
|-damage|p1a: Sharpedo|63\/281
|move|p1a: Sharpedo|Waterfall|p2a: Aerodactyl
|-supereffective|p2a: Aerodactyl
|-damage|p2a: Aerodactyl|0 fnt
|faint|p2a: Aerodactyl
|
|c|âzoid's warhorse|slow sharpedo
|
|switch|p2a: Lucario|Lucario, F|289\/289
|turn|16
|
|move|p2a: Lucario|Extreme Speed|p1a: Sharpedo
|-damage|p1a: Sharpedo|0 fnt
|-damage|p2a: Lucario|261\/289|[from] item: Life Orb
|faint|p1a: Sharpedo
|
|win|zoid's warhorse
|raw|Ladder updating...
|raw|KingTurtwig97's rating: 1258 &rarr; <strong>1228<\/strong><br \/>(-30 for losing)
|raw|zoid&apos;s warhorse's rating: 1179 &rarr; <strong>1210<\/strong><br \/>(+31 for winning)
|c|âzoid's warhorse|gg
|leave|KingTurtwig97