|join|awesomness
|join|Eckleburg
|player|p1|awesomness|80
|player|p2|Eckleburg|160
|gametype|singles
|gen|6
|tier|ORAS OU
|rated
|rule|Sleep Clause Mod: Limit one foe put to sleep
|rule|Species Clause: Limit one of each PokÃ©mon
|rule|OHKO Clause: OHKO moves are banned
|rule|Moody Clause: Moody is banned
|rule|Evasion Moves Clause: Evasion moves are banned
|rule|Endless Battle Clause: Forcing endless battles is banned
|rule|HP Percentage Mod: HP is shown in percentages
|clearpoke
|poke|p1|Sharpedo, F
|poke|p1|Sylveon, F
|poke|p1|Ferrothorn, M
|poke|p1|Latios, M
|poke|p1|Conkeldurr, F
|poke|p1|Thundurus-Therian, M
|poke|p2|Greninja, M
|poke|p2|Gengar, F
|poke|p2|Terrakion
|poke|p2|Lopunny, F
|poke|p2|Azumarill, F
|poke|p2|Ferrothorn, F
|rule|Swagger Clause: Swagger is banned
|rule|Baton Pass Clause: Limit one PokÃ©mon knowing Baton Pass
|teampreview
|
|start
|switch|p1a: Storm|Thundurus-Therian, M|300\/300
|switch|p2a: Terrakion|Terrakion|323\/323
|turn|1
|
|move|p2a: Terrakion|Stone Edge|p1a: Storm
|-supereffective|p1a: Storm
|-damage|p1a: Storm|0 fnt
|faint|p1a: Storm
|
|
|switch|p1a: Hug me|Ferrothorn, M|352\/352
|turn|2
|
|switch|p2a: Ferrothorn|Ferrothorn, F|352\/352
|move|p1a: Hug me|Stealth Rock|p2a: Ferrothorn
|-sidestart|p2: Eckleburg|move: Stealth Rock
|
|turn|3
|
|switch|p1a: Punches|Conkeldurr, F|414\/414
|move|p2a: Ferrothorn|Thunder Wave|p1a: Punches
|-status|p1a: Punches|par
|
|turn|4
|
|move|p2a: Ferrothorn|Stealth Rock|p1a: Punches
|-sidestart|p1: awesomness|move: Stealth Rock
|cant|p1a: Punches|par
|
|turn|5
|
|switch|p2a: Azumarill|Azumarill, F|404\/404
|-damage|p2a: Azumarill|354\/404|[from] Stealth Rock
|move|p1a: Punches|Drain Punch|p2a: Azumarill
|-resisted|p2a: Azumarill
|-damage|p2a: Azumarill|231\/404
|
|turn|6
|
|switch|p2a: Greninja|Greninja, M|286\/286
|-damage|p2a: Greninja|251\/286|[from] Stealth Rock
|switch|p1a: Hug me|Ferrothorn, M|352\/352
|-damage|p1a: Hug me|330\/352|[from] Stealth Rock
|
|turn|7
|
|move|p1a: Hug me|Protect|p1a: Hug me
|-singleturn|p1a: Hug me|Protect
|move|p2a: Greninja|Hidden Power|p1a: Hug me
|-start|p2a: Greninja|typechange|Fire|[from] Protean
|-activate|p1a: Hug me|Protect
|
|turn|8
|
|switch|p1a: Fairys|Sylveon, F|394\/394
|-damage|p1a: Fairys|345\/394|[from] Stealth Rock
|move|p2a: Greninja|Dark Pulse|p1a: Fairys
|-start|p2a: Greninja|typechange|Dark|[from] Protean
|-resisted|p1a: Fairys
|-damage|p1a: Fairys|300\/394
|-damage|p2a: Greninja|223\/286|[from] item: Life Orb
|
|-heal|p1a: Fairys|324\/394|[from] item: Leftovers
|turn|9
|
|switch|p2a: Ferrothorn|Ferrothorn, F|352\/352
|-damage|p2a: Ferrothorn|330\/352|[from] Stealth Rock
|switch|p1a: Punches|Conkeldurr, F|414\/414 par
|-damage|p1a: Punches|389\/414 par|[from] Stealth Rock
|
|-heal|p2a: Ferrothorn|352\/352|[from] item: Leftovers
|turn|10
|
|move|p2a: Ferrothorn|Power Whip|p1a: Punches
|-damage|p1a: Punches|262\/414 par
|move|p1a: Punches|Poison Jab|p2a: Ferrothorn
|-immune|p2a: Ferrothorn|[msg]
|
|turn|11
|
|move|p2a: Ferrothorn|Power Whip|p1a: Punches
|-damage|p1a: Punches|139\/414 par
|move|p1a: Punches|Poison Jab|p2a: Ferrothorn
|-immune|p2a: Ferrothorn|[msg]
|
|turn|12
|
|switch|p2a: Azumarill|Azumarill, F|231\/404
|-damage|p2a: Azumarill|181\/404|[from] Stealth Rock
|move|p1a: Punches|Drain Punch|p2a: Azumarill
|-resisted|p2a: Azumarill
|-damage|p2a: Azumarill|37\/404
|-heal|p1a: Punches|211\/414 par|[from] drain|[of] p2a: Azumarill
|
|turn|13
|
|cant|p1a: Punches|par
|move|p2a: Azumarill|Play Rough|p1a: Punches|[miss]
|-miss|p2a: Azumarill|p1a: Punches
|
|turn|14
|c|âEckleburg|Oiii
|c|âEckleburg|xd
|
|move|p1a: Punches|Mach Punch|p2a: Azumarill
|-resisted|p2a: Azumarill
|-damage|p2a: Azumarill|0 fnt
|faint|p2a: Azumarill
|
|
|switch|p2a: Gengar|Gengar, F|261\/261
|-damage|p2a: Gengar|229\/261|[from] Stealth Rock
|turn|15
|
|switch|p1a: Hug me|Ferrothorn, M|330\/352
|-damage|p1a: Hug me|308\/352|[from] Stealth Rock
|move|p2a: Gengar|Psychic|p1a: Hug me
|-resisted|p1a: Hug me
|-damage|p1a: Hug me|248\/352
|-damage|p2a: Gengar|203\/261|[from] item: Life Orb
|
|turn|16
|
|switch|p1a: Punches|Conkeldurr, F|211\/414 par
|-damage|p1a: Punches|186\/414 par|[from] Stealth Rock
|move|p2a: Gengar|Substitute|p2a: Gengar
|-start|p2a: Gengar|Substitute
|-damage|p2a: Gengar|138\/261
|
|turn|17
|
|move|p2a: Gengar|Psychic|p1a: Punches
|-supereffective|p1a: Punches
|-damage|p1a: Punches|0 fnt
|-damage|p2a: Gengar|112\/261|[from] item: Life Orb
|faint|p1a: Punches
|
|
|switch|p1a: Hug me|Ferrothorn, M|248\/352
|-damage|p1a: Hug me|226\/352|[from] Stealth Rock
|turn|18
|
|move|p2a: Gengar|Shadow Ball|p1a: Hug me
|-crit|p1a: Hug me
|-damage|p1a: Hug me|0 fnt
|-damage|p2a: Gengar|86\/261|[from] item: Life Orb
|faint|p1a: Hug me
|
|
|switch|p1a: Fairys|Sylveon, F|324\/394
|-damage|p1a: Fairys|275\/394|[from] Stealth Rock
|turn|19
|
|move|p2a: Gengar|Sludge Bomb|p1a: Fairys
|-supereffective|p1a: Fairys
|-damage|p1a: Fairys|38\/394
|-status|p1a: Fairys|psn
|-damage|p2a: Gengar|60\/261|[from] item: Life Orb
|move|p1a: Fairys|Wish|p1a: Fairys
|
|-heal|p1a: Fairys|62\/394 psn|[from] item: Leftovers
|-damage|p1a: Fairys|13\/394 psn|[from] psn
|turn|20
|
|move|p1a: Fairys|Protect|p1a: Fairys
|-singleturn|p1a: Fairys|Protect
|move|p2a: Gengar|Sludge Bomb|p1a: Fairys
|-activate|p1a: Fairys|Protect
|
|-heal|p1a: Fairys|210\/394 psn|[from] move: Wish|[wisher] Fairys
|-heal|p1a: Fairys|234\/394 psn|[from] item: Leftovers
|-damage|p1a: Fairys|185\/394 psn|[from] psn
|turn|21
|
|move|p2a: Gengar|Sludge Bomb|p1a: Fairys
|-supereffective|p1a: Fairys
|-damage|p1a: Fairys|0 fnt
|-damage|p2a: Gengar|34\/261|[from] item: Life Orb
|faint|p1a: Fairys
|
|
|switch|p1a: Sharkpedo|Sharpedo, F|281\/281
|-damage|p1a: Sharkpedo|246\/281|[from] Stealth Rock
|turn|22
|
|move|p1a: Sharkpedo|Protect|p1a: Sharkpedo
|-singleturn|p1a: Sharkpedo|Protect
|move|p2a: Gengar|Sludge Bomb|p1a: Sharkpedo
|-activate|p1a: Sharkpedo|Protect
|
|-boost|p1a: Sharkpedo|spe|1|[from] ability: Speed Boost
|turn|23
|
|detailschange|p1a: Sharkpedo|Sharpedo-Mega, F
|message|Sharpedo has Mega Evolved into Mega Sharpedo!
|move|p1a: Sharkpedo|Crunch|p2a: Gengar
|-supereffective|p2a: Gengar
|-end|p2a: Gengar|Substitute
|move|p2a: Gengar|Sludge Bomb|p1a: Sharkpedo
|-damage|p1a: Sharkpedo|0 fnt
|-damage|p2a: Gengar|8\/261|[from] item: Life Orb
|faint|p1a: Sharkpedo
|
|
|switch|p1a: Eon Dragon|Latios, M|302\/302
|-damage|p1a: Eon Dragon|265\/302|[from] Stealth Rock
|turn|24
|
|move|p2a: Gengar|Shadow Ball|p1a: Eon Dragon
|-supereffective|p1a: Eon Dragon
|-damage|p1a: Eon Dragon|0 fnt
|-damage|p2a: Gengar|0 fnt|[from] item: Life Orb
|faint|p1a: Eon Dragon
|faint|p2a: Gengar
|
|win|Eckleburg
|raw|Ladder updating...
|raw|awesomness's rating: 1381 &rarr; <strong>1355<\/strong><br \/>(-26 for losing)
|raw|Eckleburg's rating: 1271 &rarr; <strong>1304<\/strong><br \/>(+33 for winning)