|join|BahaFan
|join|Eckleburg
|player|p1|BahaFan|256
|player|p2|Eckleburg|281
|gametype|singles
|gen|6
|tier|OU
|rated
|clearpoke
|poke|p1|Medicham, F
|poke|p1|Clefable, M
|poke|p1|Landorus, M, shiny
|poke|p1|Skarmory, F
|poke|p1|Keldeo-Resolute
|poke|p1|Tyranitar, F
|poke|p2|Pinsir, M
|poke|p2|Gyarados, M
|poke|p2|Greninja, F
|poke|p2|Heatran, M
|poke|p2|Mew
|poke|p2|Chansey, F
|rule|Swagger Clause: Swagger is banned
|rule|Baton Pass Clause: Limit one PokÃ©mon knowing Baton Pass
|rule|Sleep Clause Mod: Limit one foe put to sleep
|rule|Species Clause: Limit one of each PokÃ©mon
|rule|OHKO Clause: OHKO moves are banned
|rule|Moody Clause: Moody is banned
|rule|Evasion Moves Clause: Evasion moves are banned
|rule|Endless Battle Clause: Forcing endless battles is banned
|rule|HP Percentage Mod: HP is shown in percentages
|teampreview
|
|start
|switch|p1a: Keldeo-Resolute|Keldeo-Resolute|323\/323
|switch|p2a: Heatran|Heatran, M|324\/324
|turn|1
|
|switch|p2a: Intello|Chansey, F|641\/641
|move|p1a: Keldeo-Resolute|Hydro Pump|p2a: Intello
|-damage|p2a: Intello|548\/641
|
|turn|2
|
|switch|p1a: Landorus|Landorus, M, shiny|319\/319
|move|p2a: Intello|Thunder Wave|p1a: Landorus
|-immune|p1a: Landorus|[msg]
|
|turn|3
|
|switch|p2a: Mew|Mew|404\/404
|move|p1a: Landorus|Stealth Rock|p2a: Mew
|-sidestart|p2: Eckleburg|move: Stealth Rock
|
|turn|4
|
|switch|p1a: Keldeo-Resolute|Keldeo-Resolute|323\/323
|move|p2a: Mew|Will-O-Wisp|p1a: Keldeo-Resolute
|-status|p1a: Keldeo-Resolute|brn
|
|-damage|p1a: Keldeo-Resolute|283\/323 brn|[from] brn
|turn|5
|
|move|p1a: Keldeo-Resolute|Toxic|p2a: Mew
|-status|p2a: Mew|tox
|move|p2a: Mew|Knock Off|p1a: Keldeo-Resolute
|-resisted|p1a: Keldeo-Resolute
|-damage|p1a: Keldeo-Resolute|244\/323 brn
|-boost|p1a: Keldeo-Resolute|atk|1|[from] ability: Justified
|-enditem|p1a: Keldeo-Resolute|Choice Scarf|[from] move: Knock Off|[of] p2a: Mew
|
|-damage|p1a: Keldeo-Resolute|204\/323 brn|[from] brn
|-damage|p2a: Mew|379\/404 tox|[from] psn
|turn|6
|
|switch|p1a: Clefable|Clefable, M|393\/393
|switch|p2a: Intello|Chansey, F|548\/641
|-damage|p2a: Intello|468\/641|[from] Stealth Rock
|
|turn|7
|
|switch|p1a: Landorus|Landorus, M, shiny|319\/319
|move|p2a: Intello|Thunder Wave|p1a: Landorus
|-immune|p1a: Landorus|[msg]
|
|turn|8
|
|switch|p1a: Medicham|Medicham, F|261\/261
|switch|p2a: Mew|Mew|379\/404 tox
|-damage|p2a: Mew|329\/404 tox|[from] Stealth Rock
|
|-heal|p2a: Mew|354\/404 tox|[from] item: Leftovers
|-damage|p2a: Mew|329\/404 tox|[from] psn
|turn|9
|
|detailschange|p1a: Medicham|Medicham-Mega, F
|message|Medicham has Mega Evolved into Mega Medicham!
|move|p1a: Medicham|Fake Out|p2a: Mew
|-crit|p2a: Mew
|-damage|p2a: Mew|224\/404 tox
|cant|p2a: Mew|flinch
|
|-heal|p2a: Mew|249\/404 tox|[from] item: Leftovers
|-damage|p2a: Mew|199\/404 tox|[from] psn
|turn|10
|
|switch|p1a: Clefable|Clefable, M|393\/393
|move|p2a: Mew|Will-O-Wisp|p1a: Clefable
|-status|p1a: Clefable|brn
|
|-heal|p2a: Mew|224\/404 tox|[from] item: Leftovers
|-damage|p2a: Mew|149\/404 tox|[from] psn
|turn|11
|
|move|p2a: Mew|Knock Off|p1a: Clefable
|-resisted|p1a: Clefable
|-damage|p1a: Clefable|359\/393 brn
|-enditem|p1a: Clefable|Leftovers|[from] move: Knock Off|[of] p2a: Mew
|move|p1a: Clefable|Calm Mind|p1a: Clefable
|-boost|p1a: Clefable|spa|1
|-boost|p1a: Clefable|spd|1
|
|-heal|p2a: Mew|174\/404 tox|[from] item: Leftovers
|-damage|p2a: Mew|74\/404 tox|[from] psn
|turn|12
|
|switch|p2a: Intello|Chansey, F|468\/641
|-damage|p2a: Intello|388\/641|[from] Stealth Rock
|move|p1a: Clefable|Calm Mind|p1a: Clefable
|-boost|p1a: Clefable|spa|1
|-boost|p1a: Clefable|spd|1
|
|turn|13
|
|move|p1a: Clefable|Calm Mind|p1a: Clefable
|-boost|p1a: Clefable|spa|1
|-boost|p1a: Clefable|spd|1
|move|p2a: Intello|Aromatherapy|p2a: Intello
|-cureteam|p2a: Intello|[from] move: Aromatherapy
|
|turn|14
|
|move|p1a: Clefable|Calm Mind|p1a: Clefable
|-boost|p1a: Clefable|spa|1
|-boost|p1a: Clefable|spd|1
|move|p2a: Intello|Soft-Boiled|p2a: Intello
|-heal|p2a: Intello|641\/641
|
|turn|15
|
|move|p1a: Clefable|Calm Mind|p1a: Clefable
|-boost|p1a: Clefable|spa|1
|-boost|p1a: Clefable|spd|1
|move|p2a: Intello|Seismic Toss|p1a: Clefable
|-damage|p1a: Clefable|259\/393 brn
|
|turn|16
|
|move|p1a: Clefable|Soft-Boiled|p1a: Clefable
|-heal|p1a: Clefable|393\/393 brn
|move|p2a: Intello|Seismic Toss|p1a: Clefable
|-damage|p1a: Clefable|293\/393 brn
|
|turn|17
|
|move|p1a: Clefable|Calm Mind|p1a: Clefable
|-boost|p1a: Clefable|spa|1
|-boost|p1a: Clefable|spd|1
|move|p2a: Intello|Seismic Toss|p1a: Clefable
|-damage|p1a: Clefable|193\/393 brn
|
|turn|18
|
|move|p1a: Clefable|Soft-Boiled|p1a: Clefable
|-heal|p1a: Clefable|390\/393 brn
|move|p2a: Intello|Seismic Toss|p1a: Clefable
|-damage|p1a: Clefable|290\/393 brn
|
|turn|19
|
|move|p1a: Clefable|Stored Power|p2a: Intello
|-damage|p2a: Intello|279\/641
|move|p2a: Intello|Seismic Toss|p1a: Clefable
|-damage|p1a: Clefable|190\/393 brn
|
|turn|20
|
|move|p1a: Clefable|Soft-Boiled|p1a: Clefable
|-heal|p1a: Clefable|387\/393 brn
|move|p2a: Intello|Seismic Toss|p1a: Clefable
|-damage|p1a: Clefable|287\/393 brn
|
|turn|21
|
|move|p1a: Clefable|Stored Power|p2a: Intello
|-damage|p2a: Intello|0 fnt
|faint|p2a: Intello
|
|
|switch|p2a: Pinsir|Pinsir, M|272\/272
|-damage|p2a: Pinsir|204\/272|[from] Stealth Rock
|turn|22
|
|detailschange|p2a: Pinsir|Pinsir-Mega, M
|message|Pinsir has Mega Evolved into Mega Pinsir!
|move|p2a: Pinsir|Return|p1a: Clefable
|-damage|p1a: Clefable|65\/393 brn
|move|p1a: Clefable|Moonblast|p2a: Pinsir
|-damage|p2a: Pinsir|0 fnt
|faint|p2a: Pinsir
|
|
|switch|p2a: Canine|Gyarados, M|332\/332
|-damage|p2a: Canine|249\/332|[from] Stealth Rock
|-ability|p2a: Canine|Intimidate|[of] p1a: Clefable
|-unboost|p1a: Clefable|atk|1
|turn|23
|
|switch|p1a: Skarmory|Skarmory, F|334\/334
|move|p2a: Canine|Waterfall|p1a: Skarmory
|-damage|p1a: Skarmory|225\/334
|-damage|p2a: Canine|216\/332|[from] item: Life Orb
|
|turn|24
|
|move|p2a: Canine|Dragon Dance|p2a: Canine
|-boost|p2a: Canine|atk|1
|-boost|p2a: Canine|spe|1
|move|p1a: Skarmory|Roost|p1a: Skarmory
|-heal|p1a: Skarmory|334\/334
|
|turn|25
|
|move|p2a: Canine|Dragon Dance|p2a: Canine
|-boost|p2a: Canine|atk|1
|-boost|p2a: Canine|spe|1
|move|p1a: Skarmory|Whirlwind|p2a: Canine
|drag|p2a: Mew|Mew|74\/404
|-damage|p2a: Mew|24\/404|[from] Stealth Rock
|
|-heal|p2a: Mew|49\/404|[from] item: Leftovers
|turn|26
|
|switch|p1a: Clefable|Clefable, M|65\/393 brn
|move|p2a: Mew|Roost|p2a: Mew
|-heal|p2a: Mew|251\/404
|
|-heal|p2a: Mew|276\/404|[from] item: Leftovers
|turn|27
|
|move|p2a: Mew|Defog|p1a: Clefable
|-unboost|p1a: Clefable|evasion|1
|-sideend|p2: Eckleburg|Stealth Rock|[from] move: Defog|[of] p2a: Mew
|move|p1a: Clefable|Soft-Boiled|p1a: Clefable
|-heal|p1a: Clefable|262\/393 brn
|
|-heal|p2a: Mew|301\/404|[from] item: Leftovers
|turn|28
|
|switch|p2a: Canine|Gyarados, M|216\/332
|-ability|p2a: Canine|Intimidate|[of] p1a: Clefable
|-unboost|p1a: Clefable|atk|1
|move|p1a: Clefable|Soft-Boiled|p1a: Clefable
|-heal|p1a: Clefable|393\/393 brn
|
|turn|29
|
|switch|p1a: Skarmory|Skarmory, F|334\/334
|move|p2a: Canine|Dragon Dance|p2a: Canine
|-boost|p2a: Canine|atk|1
|-boost|p2a: Canine|spe|1
|
|turn|30
|
|move|p2a: Canine|Waterfall|p1a: Skarmory
|-damage|p1a: Skarmory|170\/334
|-damage|p2a: Canine|183\/332|[from] item: Life Orb
|move|p1a: Skarmory|Whirlwind|p2a: Canine
|drag|p2a: Mew|Mew|301\/404
|
|-heal|p2a: Mew|326\/404|[from] item: Leftovers
|turn|31
|
|switch|p1a: Clefable|Clefable, M|393\/393 brn
|move|p2a: Mew|Will-O-Wisp|p1a: Clefable
|-fail|p1a: Clefable|brn
|
|-heal|p2a: Mew|351\/404|[from] item: Leftovers
|turn|32
|
|move|p2a: Mew|Roost|p2a: Mew
|-heal|p2a: Mew|404\/404
|move|p1a: Clefable|Calm Mind|p1a: Clefable
|-boost|p1a: Clefable|spa|1
|-boost|p1a: Clefable|spd|1
|
|turn|33
|
|switch|p2a: Canine|Gyarados, M|183\/332
|-ability|p2a: Canine|Intimidate|[of] p1a: Clefable
|-unboost|p1a: Clefable|atk|1
|move|p1a: Clefable|Calm Mind|p1a: Clefable
|-boost|p1a: Clefable|spa|1
|-boost|p1a: Clefable|spd|1
|
|turn|34
|
|move|p2a: Canine|Dragon Dance|p2a: Canine
|-boost|p2a: Canine|atk|1
|-boost|p2a: Canine|spe|1
|move|p1a: Clefable|Moonblast|p2a: Canine
|-damage|p2a: Canine|0 fnt
|faint|p2a: Canine
|
|
|switch|p2a: Heatran|Heatran, M|324\/324
|turn|35
|
|move|p2a: Heatran|Flash Cannon|p1a: Clefable
|-supereffective|p1a: Clefable
|-damage|p1a: Clefable|211\/393 brn
|-unboost|p1a: Clefable|spd|1
|move|p1a: Clefable|Calm Mind|p1a: Clefable
|-boost|p1a: Clefable|spa|1
|-boost|p1a: Clefable|spd|1
|
|turn|36
|
|move|p2a: Heatran|Flash Cannon|p1a: Clefable
|-supereffective|p1a: Clefable
|-damage|p1a: Clefable|43\/393 brn
|move|p1a: Clefable|Soft-Boiled|p1a: Clefable
|-heal|p1a: Clefable|240\/393 brn
|
|turn|37
|
|switch|p1a: Tyranitar|Tyranitar, F|403\/403
|-weather|Sandstorm
|move|p2a: Heatran|Flash Cannon|p1a: Tyranitar
|-supereffective|p1a: Tyranitar
|-damage|p1a: Tyranitar|263\/403
|
|-weather|Sandstorm|[upkeep]
|turn|38
|
|move|p2a: Heatran|Flash Cannon|p1a: Tyranitar
|-supereffective|p1a: Tyranitar
|-damage|p1a: Tyranitar|117\/403
|move|p1a: Tyranitar|Stone Edge|p2a: Heatran
|-damage|p2a: Heatran|131\/324
|
|-weather|Sandstorm|[upkeep]
|turn|39
|
|move|p2a: Heatran|Flash Cannon|p1a: Tyranitar
|-crit|p1a: Tyranitar
|-supereffective|p1a: Tyranitar
|-damage|p1a: Tyranitar|0 fnt
|faint|p1a: Tyranitar
|
|-weather|Sandstorm|[upkeep]
|
|switch|p1a: Keldeo-Resolute|Keldeo-Resolute|204\/323 brn
|turn|40
|
|move|p2a: Heatran|Flash Cannon|p1a: Keldeo-Resolute
|-resisted|p1a: Keldeo-Resolute
|-damage|p1a: Keldeo-Resolute|111\/323 brn
|move|p1a: Keldeo-Resolute|Toxic|p2a: Heatran
|-fail|p2a: Heatran
|
|-weather|Sandstorm|[upkeep]
|-damage|p1a: Keldeo-Resolute|91\/323 brn|[from] sandstorm
|-damage|p1a: Keldeo-Resolute|51\/323 brn|[from] brn
|turn|41
|
|switch|p1a: Skarmory|Skarmory, F|170\/334
|move|p2a: Heatran|Flash Cannon|p1a: Skarmory
|-resisted|p1a: Skarmory
|-damage|p1a: Skarmory|56\/334
|
|-weather|none
|turn|42
|
|move|p2a: Heatran|Flash Cannon|p1a: Skarmory
|-resisted|p1a: Skarmory
|-damage|p1a: Skarmory|0 fnt
|faint|p1a: Skarmory
|
|
|switch|p1a: Medicham|Medicham-Mega, F|261\/261
|turn|43
|
|move|p2a: Heatran|Flash Cannon|p1a: Medicham
|-damage|p1a: Medicham|93\/261
|move|p1a: Medicham|High Jump Kick|p2a: Heatran
|-supereffective|p2a: Heatran
|-damage|p2a: Heatran|0 fnt
|faint|p2a: Heatran
|
|
|switch|p2a: Greninja|Greninja, F|286\/286
|turn|44
|
|switch|p1a: Landorus|Landorus, M, shiny|319\/319
|move|p2a: Greninja|Hydro Pump|p1a: Landorus
|-start|p2a: Greninja|typechange|Water|[from] Protean
|-supereffective|p1a: Landorus
|-damage|p1a: Landorus|0 fnt
|-damage|p2a: Greninja|258\/286|[from] item: Life Orb
|faint|p1a: Landorus
|
|
|switch|p1a: Keldeo-Resolute|Keldeo-Resolute|51\/323 brn
|turn|45
|
|move|p2a: Greninja|Hidden Power|p1a: Keldeo-Resolute
|-start|p2a: Greninja|typechange|Fire|[from] Protean
|-resisted|p1a: Keldeo-Resolute
|-damage|p1a: Keldeo-Resolute|0 fnt
|-damage|p2a: Greninja|230\/286|[from] item: Life Orb
|faint|p1a: Keldeo-Resolute
|
|
|switch|p1a: Medicham|Medicham-Mega, F|93\/261
|turn|46
|
|move|p1a: Medicham|Fake Out|p2a: Greninja
|-damage|p2a: Greninja|111\/286
|cant|p2a: Greninja|flinch
|
|turn|47
|
|move|p2a: Greninja|Hidden Power|p1a: Medicham
|-damage|p1a: Medicham|0 fnt
|-damage|p2a: Greninja|83\/286|[from] item: Life Orb
|faint|p1a: Medicham
|
|
|switch|p1a: Clefable|Clefable, M|240\/393 brn
|turn|48
|
|move|p2a: Greninja|Ice Beam|p1a: Clefable
|-start|p2a: Greninja|typechange|Ice|[from] Protean
|-damage|p1a: Clefable|44\/393 brn
|-damage|p2a: Greninja|55\/286|[from] item: Life Orb
|move|p1a: Clefable|Soft-Boiled|p1a: Clefable
|-heal|p1a: Clefable|241\/393 brn
|
|turn|49
|
|move|p2a: Greninja|Hydro Pump|p1a: Clefable
|-start|p2a: Greninja|typechange|Water|[from] Protean
|-damage|p1a: Clefable|0 fnt
|-damage|p2a: Greninja|27\/286|[from] item: Life Orb
|faint|p1a: Clefable
|
|win|Eckleburg
|raw|Ladder updating...
|raw|BahaFan's rating: 1672 &rarr; <strong>1652<\/strong><br \/>(-20 for losing)
|raw|Eckleburg's rating: 1675 &rarr; <strong>1695<\/strong><br \/>(+20 for winning)
|c|âEckleburg|GG