|join|Legendary Latias
|join|Eckleburg
|player|p1|Legendary Latias|285
|player|p2|Eckleburg|281
|gametype|singles
|gen|6
|tier|OU
|rated
|clearpoke
|poke|p1|Diggersby, M
|poke|p1|Thundurus-Therian, M
|poke|p1|Heatran, M
|poke|p1|Mandibuzz, F
|poke|p1|Excadrill, F
|poke|p1|Gardevoir, F
|poke|p2|Galvantula, M
|poke|p2|Thundurus-Therian, M
|poke|p2|Kingdra, M
|poke|p2|Seismitoad, F
|poke|p2|Scizor, M
|poke|p2|Politoed, F
|rule|Swagger Clause: Swagger is banned
|rule|Baton Pass Clause: Limit one PokÃ©mon knowing Baton Pass
|rule|Sleep Clause Mod: Limit one foe put to sleep
|rule|Species Clause: Limit one of each PokÃ©mon
|rule|OHKO Clause: OHKO moves are banned
|rule|Moody Clause: Moody is banned
|rule|Evasion Moves Clause: Evasion moves are banned
|rule|Endless Battle Clause: Forcing endless battles is banned
|rule|HP Percentage Mod: HP is shown in percentages
|teampreview
|
|start
|switch|p1a: Thundurus-Therian|Thundurus-Therian, M|300\/300
|switch|p2a: Piege|Galvantula, M|282\/282
|turn|1
|
|move|p1a: Thundurus-Therian|Volt Switch|p2a: Piege
|-resisted|p2a: Piege
|-damage|p2a: Piege|186\/282
|
|switch|p1a: Excadrill|Excadrill, F|424\/424
|-ability|p1a: Excadrill|Mold Breaker
|move|p2a: Piege|Sticky Web|p1a: Excadrill
|-sidestart|p1: Legendary Latias|move: Sticky Web
|
|turn|2
|
|switch|p2a: Pluie|Politoed, F|384\/384
|-weather|RainDance
|move|p1a: Excadrill|Stealth Rock|p2a: Pluie
|-sidestart|p2: Eckleburg|move: Stealth Rock
|
|-weather|RainDance|[upkeep]
|turn|3
|
|switch|p1a: Gardevoir|Gardevoir, F|340\/340
|-activate|p1a: Gardevoir|move: Sticky Web
|-unboost|p1a: Gardevoir|spe|1
|-ability|p1a: Gardevoir|Drizzle|[from] ability: Trace|[of] p2a: Pluie
|move|p2a: Pluie|Scald|p1a: Gardevoir
|-damage|p1a: Gardevoir|231\/340
|-status|p1a: Gardevoir|brn
|
|-weather|RainDance|[upkeep]
|-damage|p1a: Gardevoir|189\/340 brn|[from] brn
|turn|4
|
|switch|p2a: Boue|Seismitoad, F|401\/401
|-damage|p2a: Boue|376\/401|[from] Stealth Rock
|detailschange|p1a: Gardevoir|Gardevoir-Mega, F
|message|Gardevoir has Mega Evolved into Mega Gardevoir!
|move|p1a: Gardevoir|Hyper Voice|p2a: Boue
|-damage|p2a: Boue|58\/401
|
|-weather|RainDance|[upkeep]
|-damage|p1a: Gardevoir|147\/340 brn|[from] brn
|turn|5
|
|switch|p1a: Mandibuzz|Mandibuzz, F|424\/424
|move|p2a: Boue|Rock Slide|p1a: Mandibuzz
|-supereffective|p1a: Mandibuzz
|-damage|p1a: Mandibuzz|254\/424
|
|-weather|RainDance|[upkeep]
|-heal|p1a: Mandibuzz|280\/424|[from] item: Leftovers
|turn|6
|
|move|p2a: Boue|Rock Slide|p1a: Mandibuzz
|-supereffective|p1a: Mandibuzz
|-damage|p1a: Mandibuzz|102\/424
|cant|p1a: Mandibuzz|flinch
|
|-weather|RainDance|[upkeep]
|-heal|p1a: Mandibuzz|128\/424|[from] item: Leftovers
|turn|7
|
|switch|p1a: Excadrill|Excadrill, F|424\/424
|-activate|p1a: Excadrill|move: Sticky Web
|-unboost|p1a: Excadrill|spe|1
|-ability|p1a: Excadrill|Mold Breaker
|move|p2a: Boue|Rock Slide|p1a: Excadrill
|-resisted|p1a: Excadrill
|-damage|p1a: Excadrill|381\/424
|
|-weather|RainDance|[upkeep]
|-heal|p1a: Excadrill|407\/424|[from] item: Leftovers
|turn|8
|
|switch|p2a: Maree|Kingdra, M|291\/291
|-damage|p2a: Maree|255\/291|[from] Stealth Rock
|move|p1a: Excadrill|Rapid Spin|p2a: Maree
|-damage|p2a: Maree|225\/291
|-sideend|p1: Legendary Latias|Sticky Web|[from] move: Rapid Spin|[of] p1a: Excadrill
|
|-weather|RainDance|[upkeep]
|-heal|p1a: Excadrill|424\/424|[from] item: Leftovers
|turn|9
|
|switch|p1a: Heatran|Heatran, M|386\/386
|move|p2a: Maree|Surf|p1a: Heatran
|-supereffective|p1a: Heatran
|-damage|p1a: Heatran|27\/386
|-damage|p2a: Maree|196\/291|[from] item: Life Orb
|
|-weather|none
|-heal|p1a: Heatran|51\/386|[from] item: Leftovers
|turn|10
|
|switch|p2a: Pluie|Politoed, F|384\/384
|-damage|p2a: Pluie|336\/384|[from] Stealth Rock
|-weather|RainDance
|move|p1a: Heatran|Roar|p2a: Pluie
|drag|p2a: Thundurus-Therian|Thundurus-Therian, M|300\/300
|-damage|p2a: Thundurus-Therian|225\/300|[from] Stealth Rock
|
|-weather|RainDance|[upkeep]
|-heal|p1a: Heatran|75\/386|[from] item: Leftovers
|turn|11
|
|switch|p1a: Thundurus-Therian|Thundurus-Therian, M|300\/300
|move|p2a: Thundurus-Therian|Focus Blast|p1a: Thundurus-Therian|[miss]
|-miss|p2a: Thundurus-Therian|p1a: Thundurus-Therian
|
|-weather|RainDance|[upkeep]
|turn|12
|
|switch|p2a: Boue|Seismitoad, F|58\/401
|-damage|p2a: Boue|33\/401|[from] Stealth Rock
|move|p1a: Thundurus-Therian|Thunderbolt|p2a: Boue
|-immune|p2a: Boue|[msg]
|
|-weather|RainDance|[upkeep]
|turn|13
|
|switch|p1a: Diggersby|Diggersby, M|374\/374
|move|p2a: Boue|Drain Punch|p1a: Diggersby
|-supereffective|p1a: Diggersby
|-damage|p1a: Diggersby|76\/374
|-heal|p2a: Boue|182\/401|[from] drain|[of] p1a: Diggersby
|
|-weather|RainDance|[upkeep]
|turn|14
|
|switch|p2a: Piege|Galvantula, M|186\/282
|-damage|p2a: Piege|116\/282|[from] Stealth Rock
|move|p1a: Diggersby|Quick Attack|p2a: Piege
|-damage|p2a: Piege|0 fnt
|faint|p2a: Piege
|
|-weather|RainDance|[upkeep]
|
|switch|p2a: Maree|Kingdra, M|196\/291
|-damage|p2a: Maree|160\/291|[from] Stealth Rock
|turn|15
|
|move|p1a: Diggersby|Quick Attack|p2a: Maree
|-damage|p2a: Maree|0 fnt
|faint|p2a: Maree
|
|-weather|RainDance|[upkeep]
|
|switch|p2a: Boue|Seismitoad, F|182\/401
|-damage|p2a: Boue|157\/401|[from] Stealth Rock
|turn|16
|
|move|p1a: Diggersby|Quick Attack|p2a: Boue
|-damage|p2a: Boue|0 fnt
|faint|p2a: Boue
|
|-weather|RainDance|[upkeep]
|c|âEckleburg|Dat Quickattackpower...
|
|switch|p2a: Acier|Scizor, M|343\/343
|-damage|p2a: Acier|301\/343|[from] Stealth Rock
|turn|17
|c|âLegendary Latias|Banded + Huge Power = OP xD
|
|switch|p1a: Mandibuzz|Mandibuzz, F|128\/424
|move|p2a: Acier|Bullet Punch|p1a: Mandibuzz
|-damage|p1a: Mandibuzz|7\/424
|
|-weather|none
|-heal|p1a: Mandibuzz|33\/424|[from] item: Leftovers
|turn|18
|
|move|p2a: Acier|Bullet Punch|p1a: Mandibuzz
|-damage|p1a: Mandibuzz|0 fnt
|faint|p1a: Mandibuzz
|
|c|âEckleburg|U just killed half of my team
|c|âEckleburg|so...yeah, it is.
|c|âEckleburg|xd
|c|âLegendary Latias|You should've brought in Scizor sooner =P
|c|âLegendary Latias|Would've forced the switch
|
|switch|p1a: Heatran|Heatran, M|75\/386
|turn|19
|c|âEckleburg|Yeah, i see. But i'd really thought that u switch to Gardevoir
|c|âEckleburg|And that predict was fail
|
|switch|p2a: Pluie|Politoed, F|336\/384
|-damage|p2a: Pluie|288\/384|[from] Stealth Rock
|-weather|RainDance
|move|p1a: Heatran|Will-O-Wisp|p2a: Pluie
|-status|p2a: Pluie|brn
|
|-weather|RainDance|[upkeep]
|-heal|p1a: Heatran|99\/386|[from] item: Leftovers
|-damage|p2a: Pluie|240\/384 brn|[from] brn
|turn|20
|
|switch|p1a: Thundurus-Therian|Thundurus-Therian, M|300\/300
|move|p2a: Pluie|Scald|p1a: Thundurus-Therian
|-damage|p1a: Thundurus-Therian|141\/300
|
|-weather|RainDance|[upkeep]
|-damage|p2a: Pluie|192\/384 brn|[from] brn
|turn|21
|
|move|p1a: Thundurus-Therian|Hidden Power|p2a: Pluie
|-resisted|p2a: Pluie
|-damage|p2a: Pluie|156\/384 brn
|move|p2a: Pluie|Scald|p1a: Thundurus-Therian
|-damage|p1a: Thundurus-Therian|0 fnt
|faint|p1a: Thundurus-Therian
|
|-weather|RainDance|[upkeep]
|-damage|p2a: Pluie|108\/384 brn|[from] brn
|c|âEckleburg|?
|
|switch|p1a: Gardevoir|Gardevoir-Mega, F|147\/340 brn
|turn|22
|
|move|p1a: Gardevoir|Wish|p1a: Gardevoir
|move|p2a: Pluie|Scald|p1a: Gardevoir
|-crit|p1a: Gardevoir
|-damage|p1a: Gardevoir|0 fnt
|faint|p1a: Gardevoir
|
|-weather|RainDance|[upkeep]
|-damage|p2a: Pluie|60\/384 brn|[from] brn
|
|switch|p1a: Diggersby|Diggersby, M|76\/374
|turn|23
|c|âEckleburg|Special Wall Poli Sweep lul
|
|move|p1a: Diggersby|Quick Attack|p2a: Pluie
|-damage|p2a: Pluie|0 fnt
|faint|p2a: Pluie
|
|-weather|RainDance|[upkeep]
|-heal|p1a: Diggersby|246\/374|[from] move: Wish|[wisher] Gardevoir
|
|switch|p2a: Acier|Scizor, M|301\/343
|-damage|p2a: Acier|259\/343|[from] Stealth Rock
|turn|24
|c|âLegendary Latias|I was expecting the Thundy switch in, predicting the Tbolt or V Switch
|
|switch|p1a: Excadrill|Excadrill, F|424\/424
|-ability|p1a: Excadrill|Mold Breaker
|move|p2a: Acier|Superpower|p1a: Excadrill
|-supereffective|p1a: Excadrill
|-damage|p1a: Excadrill|0 fnt
|-unboost|p2a: Acier|atk|1
|-unboost|p2a: Acier|def|1
|faint|p1a: Excadrill
|
|-weather|RainDance|[upkeep]
|c|âEckleburg|Ah, i see
|
|switch|p1a: Diggersby|Diggersby, M|246\/374
|turn|25
|
|move|p1a: Diggersby|Return|p2a: Acier
|-crit|p2a: Acier
|-resisted|p2a: Acier
|-damage|p2a: Acier|0 fnt
|faint|p2a: Acier
|
|-weather|RainDance|[upkeep]
|c|âEckleburg|iiiphdpiwdepdu0d crit
|
|switch|p2a: Thundurus-Therian|Thundurus-Therian, M|225\/300
|-damage|p2a: Thundurus-Therian|150\/300|[from] Stealth Rock
|turn|26
|c|âLegendary Latias|Dunno if that crit mattered O_o
|
|switch|p1a: Heatran|Heatran, M|99\/386
|move|p2a: Thundurus-Therian|Focus Blast|p1a: Heatran|[miss]
|-miss|p2a: Thundurus-Therian|p1a: Heatran
|
|-weather|none
|-heal|p1a: Heatran|123\/386|[from] item: Leftovers
|turn|27
|
|move|p2a: Thundurus-Therian|Focus Blast|p1a: Heatran|[miss]
|-miss|p2a: Thundurus-Therian|p1a: Heatran
|move|p1a: Heatran|Flamethrower|p2a: Thundurus-Therian
|-damage|p2a: Thundurus-Therian|0 fnt
|faint|p2a: Thundurus-Therian
|
|win|Legendary Latias
|raw|Ladder updating...
|raw|Legendary Latias's rating: 1321 &rarr; <strong>1339<\/strong><br \/>(+18 for winning)
|raw|Eckleburg's rating: 1283 &rarr; <strong>1261<\/strong><br \/>(-22 for losing)
|c|âEckleburg|...
|c|âLegendary Latias|oWow xD
|c|âLegendary Latias|Focus miss at its best xD
|c|âEckleburg|This match dude
|c|âEckleburg|GG
|c|âEckleburg|xd
|c|âLegendary Latias|Well played =P
|leave|Eckleburg
|player|p2