|join|hiomate
|join|Eckleburg
|player|p1|hiomate|260
|player|p2|Eckleburg|160
|gametype|singles
|gen|6
|tier|OU
|rated
|clearpoke
|poke|p1|Altaria, F
|poke|p1|Keldeo
|poke|p1|Landorus-Therian, M
|poke|p1|Talonflame, F
|poke|p1|Latios, M
|poke|p1|Jirachi
|poke|p2|Greninja, M
|poke|p2|Landorus-Therian, M
|poke|p2|Bisharp, M
|poke|p2|Gardevoir, F
|poke|p2|Magnezone
|poke|p2|Latias, F
|rule|Swagger Clause: Swagger is banned
|rule|Baton Pass Clause: Limit one PokÃ©mon knowing Baton Pass
|rule|Sleep Clause Mod: Limit one foe put to sleep
|rule|Species Clause: Limit one of each PokÃ©mon
|rule|OHKO Clause: OHKO moves are banned
|rule|Moody Clause: Moody is banned
|rule|Evasion Moves Clause: Evasion moves are banned
|rule|Endless Battle Clause: Forcing endless battles is banned
|rule|HP Percentage Mod: HP is shown in percentages
|teampreview
|
|start
|switch|p1a: Keldeo|Keldeo|323\/323
|switch|p2a: Landorus-Therian|Landorus-Therian, M|319\/319
|-ability|p2a: Landorus-Therian|Intimidate|[of] p1a: Keldeo
|-unboost|p1a: Keldeo|atk|1
|turn|1
|
|move|p2a: Landorus-Therian|U-turn|p1a: Keldeo
|-resisted|p1a: Keldeo
|-damage|p1a: Keldeo|271\/323
|
|switch|p2a: Latias|Latias, F|319\/319
|move|p1a: Keldeo|Substitute|p1a: Keldeo
|-start|p1a: Keldeo|Substitute
|-damage|p1a: Keldeo|191\/323
|
|-heal|p1a: Keldeo|211\/323|[from] item: Leftovers
|turn|2
|
|move|p2a: Latias|Thunderbolt|p1a: Keldeo
|-supereffective|p1a: Keldeo
|-end|p1a: Keldeo|Substitute
|-damage|p2a: Latias|288\/319|[from] item: Life Orb
|move|p1a: Keldeo|Scald|p2a: Latias
|-resisted|p2a: Latias
|-damage|p2a: Latias|226\/319
|
|-heal|p1a: Keldeo|231\/323|[from] item: Leftovers
|turn|3
|
|switch|p1a: Jirachi|Jirachi|404\/404
|move|p2a: Latias|Draco Meteor|p1a: Jirachi
|-resisted|p1a: Jirachi
|-damage|p1a: Jirachi|303\/404
|-unboost|p2a: Latias|spa|2
|-damage|p2a: Latias|195\/319|[from] item: Life Orb
|
|-heal|p1a: Jirachi|328\/404|[from] item: Leftovers
|turn|4
|
|move|p2a: Latias|Thunder Wave|p1a: Jirachi
|-status|p1a: Jirachi|par
|cant|p1a: Jirachi|par
|
|-heal|p1a: Jirachi|353\/404 par|[from] item: Leftovers
|turn|5
|
|switch|p2a: Landorus-Therian|Landorus-Therian, M|319\/319
|-ability|p2a: Landorus-Therian|Intimidate|[of] p1a: Jirachi
|-unboost|p1a: Jirachi|atk|1
|move|p1a: Jirachi|Fire Punch|p2a: Landorus-Therian
|-damage|p2a: Landorus-Therian|277\/319
|
|-heal|p1a: Jirachi|378\/404 par|[from] item: Leftovers
|turn|6
|
|switch|p1a: Landorus-Therian|Landorus-Therian, M|382\/382
|-ability|p1a: Landorus-Therian|Intimidate|[of] p2a: Landorus-Therian
|-unboost|p2a: Landorus-Therian|atk|1
|move|p2a: Landorus-Therian|Earthquake|p1a: Landorus-Therian
|-immune|p1a: Landorus-Therian|[msg]
|
|turn|7
|
|switch|p2a: Greninja|Greninja, M|286\/286
|move|p1a: Landorus-Therian|U-turn|p2a: Greninja
|-supereffective|p2a: Greninja
|-damage|p2a: Greninja|90\/286
|
|switch|p1a: Talonflame|Talonflame, F|319\/319
|
|turn|8
|
|switch|p2a: Landorus-Therian|Landorus-Therian, M|277\/319
|-ability|p2a: Landorus-Therian|Intimidate|[of] p1a: Talonflame
|-unboost|p1a: Talonflame|atk|1
|move|p1a: Talonflame|U-turn|p2a: Landorus-Therian
|-resisted|p2a: Landorus-Therian
|-damage|p2a: Landorus-Therian|246\/319
|
|switch|p1a: Landorus-Therian|Landorus-Therian, M|382\/382
|-ability|p1a: Landorus-Therian|Intimidate|[of] p2a: Landorus-Therian
|-unboost|p2a: Landorus-Therian|atk|1
|
|turn|9
|
|move|p2a: Landorus-Therian|U-turn|p1a: Landorus-Therian
|-resisted|p1a: Landorus-Therian
|-damage|p1a: Landorus-Therian|360\/382
|
|switch|p2a: Latias|Latias, F|195\/319
|move|p1a: Landorus-Therian|Stealth Rock|p2a: Latias
|-sidestart|p2: Eckleburg|move: Stealth Rock
|
|-heal|p1a: Landorus-Therian|382\/382|[from] item: Leftovers
|turn|10
|
|switch|p1a: Jirachi|Jirachi|378\/404 par
|move|p2a: Latias|Draco Meteor|p1a: Jirachi|[miss]
|-miss|p2a: Latias|p1a: Jirachi
|
|-heal|p1a: Jirachi|403\/404 par|[from] item: Leftovers
|turn|11
|
|switch|p1a: Altaria|Altaria, F|291\/291
|move|p2a: Latias|Thunderbolt|p1a: Altaria
|-damage|p1a: Altaria|175\/291
|-damage|p2a: Latias|164\/319|[from] item: Life Orb
|
|turn|12
|
|detailschange|p1a: Altaria|Altaria-Mega, F
|-mega|p1a: Altaria|Altaria|Altarianite
|move|p2a: Latias|Thunder Wave|p1a: Altaria
|-status|p1a: Altaria|par
|move|p1a: Altaria|Dragon Dance|p1a: Altaria
|-boost|p1a: Altaria|atk|1
|-boost|p1a: Altaria|spe|1
|
|turn|13
|
|move|p2a: Latias|Healing Wish|p2a: Latias
|faint|p2a: Latias
|move|p1a: Altaria|Heal Bell|p1a: Altaria
|-cureteam|p1a: Altaria|[from] move: HealBell
|
|
|switch|p2a: Greninja|Greninja, M|90\/286
|-heal|p2a: Greninja|286\/286|[from] move: Healing Wish
|-damage|p2a: Greninja|251\/286|[from] Stealth Rock
|turn|14
|
|move|p1a: Altaria|Return|p2a: Greninja
|-supereffective|p2a: Greninja
|-damage|p2a: Greninja|0 fnt
|faint|p2a: Greninja
|
|
|switch|p2a: Bisharp|Bisharp, M|272\/272
|-damage|p2a: Bisharp|255\/272|[from] Stealth Rock
|turn|15
|
|move|p1a: Altaria|Return|p2a: Bisharp
|-damage|p2a: Bisharp|0 fnt
|faint|p2a: Bisharp
|
|-message|Eckleburg forfeited.
|leave|Eckleburg
|
|switch|p2a: Magnezone|Magnezone|282\/282
|-damage|p2a: Magnezone|265\/282|[from] Stealth Rock
|turn|16
|
|win|hiomate
|raw|Ladder updating...
|player|p2
|raw|hiomate's rating: 1466 &rarr; <strong>1488<\/strong><br \/>(+22 for winning)
|raw|Eckleburg's rating: 1501 &rarr; <strong>1479<\/strong><br \/>(-22 for losing)