|join|Eckleburg
|join|ChoiceSpecsTRex
|player|p1|Eckleburg|281
|player|p2|ChoiceSpecsTRex|124
|gametype|singles
|gen|6
|tier|OU
|rated
|clearpoke
|poke|p1|Landorus-Therian, M
|poke|p1|Pinsir, M
|poke|p1|Gyarados, M
|poke|p1|Heatran, M
|poke|p1|Mew
|poke|p1|Chansey, F
|poke|p2|Azumarill, F, shiny
|poke|p2|Talonflame, F
|poke|p2|Excadrill, M
|poke|p2|Alakazam, F
|poke|p2|Venusaur, M
|poke|p2|Salamence, F
|rule|Swagger Clause: Swagger is banned
|rule|Baton Pass Clause: Limit one PokÃ©mon knowing Baton Pass
|rule|Sleep Clause Mod: Limit one foe put to sleep
|rule|Species Clause: Limit one of each PokÃ©mon
|rule|OHKO Clause: OHKO moves are banned
|rule|Moody Clause: Moody is banned
|rule|Evasion Moves Clause: Evasion moves are banned
|rule|Endless Battle Clause: Forcing endless battles is banned
|rule|HP Percentage Mod: HP is shown in percentages
|teampreview
|
|start
|switch|p1a: Landorus-Therian|Landorus-Therian, M|319\/319
|switch|p2a: Azumarill|Azumarill, F, shiny|404\/404
|-ability|p1a: Landorus-Therian|Intimidate|[of] p2a: Azumarill
|-unboost|p2a: Azumarill|atk|1
|turn|1
|
|switch|p1a: Mew|Mew|404\/404
|move|p2a: Azumarill|Waterfall|p1a: Mew
|-damage|p1a: Mew|325\/404
|
|-heal|p1a: Mew|350\/404|[from] item: Leftovers
|turn|2
|
|switch|p2a: Talonflame|Talonflame, F|297\/297
|move|p1a: Mew|Knock Off|p2a: Talonflame
|-damage|p2a: Talonflame|190\/297
|-enditem|p2a: Talonflame|Choice Band|[from] move: Knock Off|[of] p1a: Mew
|
|-heal|p1a: Mew|375\/404|[from] item: Leftovers
|turn|3
|
|move|p2a: Talonflame|U-turn|p1a: Mew
|-supereffective|p1a: Mew
|-damage|p1a: Mew|277\/404
|
|switch|p2a: Venusaur|Venusaur, M|364\/364
|move|p1a: Mew|Roost|p1a: Mew
|-heal|p1a: Mew|404\/404
|
|turn|4
|
|detailschange|p2a: Venusaur|Venusaur-Mega, M
|message|Venusaur has Mega Evolved into Mega Venusaur!
|move|p1a: Mew|Will-O-Wisp|p2a: Venusaur|[miss]
|-miss|p1a: Mew|p2a: Venusaur
|move|p2a: Venusaur|Leech Seed|p1a: Mew
|-start|p1a: Mew|move: Leech Seed
|
|-damage|p1a: Mew|354\/404|[from] Leech Seed|[of] p2a: Venusaur
|turn|5
|
|switch|p1a: Oeuf|Chansey, F|641\/641
|move|p2a: Venusaur|Giga Drain|p1a: Oeuf
|-damage|p1a: Oeuf|584\/641
|
|turn|6
|
|switch|p2a: Azumarill|Azumarill, F, shiny|404\/404
|move|p1a: Oeuf|Thunder Wave|p2a: Azumarill
|-status|p2a: Azumarill|par
|
|turn|7
|
|switch|p1a: Mew|Mew|354\/404
|cant|p2a: Azumarill|par
|
|-heal|p1a: Mew|379\/404|[from] item: Leftovers
|turn|8
|
|switch|p1a: Canine|Gyarados, M|331\/331
|-ability|p1a: Canine|Intimidate|[of] p2a: Azumarill
|-unboost|p2a: Azumarill|atk|1
|move|p2a: Azumarill|Knock Off|p1a: Canine
|-damage|p1a: Canine|215\/331
|-enditem|p1a: Canine|Life Orb|[from] move: Knock Off|[of] p2a: Azumarill
|
|turn|9
|
|switch|p2a: Salamence|Salamence, F|391\/391
|-ability|p2a: Salamence|Intimidate|[of] p1a: Canine
|-unboost|p1a: Canine|atk|1
|move|p1a: Canine|Dragon Dance|p1a: Canine
|-boost|p1a: Canine|atk|1
|-boost|p1a: Canine|spe|1
|
|turn|10
|
|move|p1a: Canine|Stone Edge|p2a: Salamence
|-supereffective|p2a: Salamence
|-damage|p2a: Salamence|183\/391
|move|p2a: Salamence|Dragon Tail|p1a: Canine
|-damage|p1a: Canine|95\/331
|drag|p1a: Oeuf|Chansey, F|584\/641
|
|-heal|p2a: Salamence|207\/391|[from] item: Leftovers
|turn|11
|
|move|p2a: Salamence|Roost|p2a: Salamence
|-heal|p2a: Salamence|391\/391
|move|p1a: Oeuf|Seismic Toss|p2a: Salamence
|-damage|p2a: Salamence|291\/391
|
|-heal|p2a: Salamence|315\/391|[from] item: Leftovers
|turn|12
|
|switch|p2a: Azumarill|Azumarill, F, shiny|404\/404 par
|move|p1a: Oeuf|Seismic Toss|p2a: Azumarill
|-damage|p2a: Azumarill|304\/404 par
|
|turn|13
|
|switch|p1a: Canine|Gyarados, M|95\/331
|-ability|p1a: Canine|Intimidate|[of] p2a: Azumarill
|-unboost|p2a: Azumarill|atk|1
|move|p2a: Azumarill|Knock Off|p1a: Canine
|-damage|p1a: Canine|19\/331
|
|turn|14
|
|cant|p2a: Azumarill|par
|move|p1a: Canine|Earthquake|p2a: Azumarill
|-damage|p2a: Azumarill|158\/404 par
|
|turn|15
|
|switch|p2a: Salamence|Salamence, F|315\/391
|-ability|p2a: Salamence|Intimidate|[of] p1a: Canine
|-unboost|p1a: Canine|atk|1
|move|p1a: Canine|Stone Edge|p2a: Salamence
|-supereffective|p2a: Salamence
|-damage|p2a: Salamence|173\/391
|
|-heal|p2a: Salamence|197\/391|[from] item: Leftovers
|turn|16
|
|move|p1a: Canine|Stone Edge|p2a: Salamence
|-crit|p2a: Salamence
|-supereffective|p2a: Salamence
|-damage|p2a: Salamence|0 fnt
|faint|p2a: Salamence
|
|
|switch|p2a: Talonflame|Talonflame, F|190\/297
|turn|17
|
|switch|p1a: Mew|Mew|379\/404
|move|p2a: Talonflame|U-turn|p1a: Mew
|-supereffective|p1a: Mew
|-damage|p1a: Mew|281\/404
|
|switch|p2a: Venusaur|Venusaur-Mega, M|364\/364
|
|-heal|p1a: Mew|306\/404|[from] item: Leftovers
|turn|18
|
|move|p1a: Mew|Will-O-Wisp|p2a: Venusaur
|-status|p2a: Venusaur|brn
|move|p2a: Venusaur|Leech Seed|p1a: Mew
|-start|p1a: Mew|move: Leech Seed
|
|-heal|p1a: Mew|331\/404|[from] item: Leftovers
|-damage|p1a: Mew|281\/404|[from] Leech Seed|[of] p2a: Venusaur
|-damage|p2a: Venusaur|319\/364 brn|[from] brn
|turn|19
|
|switch|p1a: Cerf|Pinsir, M|271\/271
|move|p2a: Venusaur|Leech Seed|p1a: Cerf
|-start|p1a: Cerf|move: Leech Seed
|
|-damage|p1a: Cerf|238\/271|[from] Leech Seed|[of] p2a: Venusaur
|-heal|p2a: Venusaur|352\/364 brn|[silent]
|-damage|p2a: Venusaur|307\/364 brn|[from] brn
|turn|20
|
|detailschange|p1a: Cerf|Pinsir-Mega, M
|message|Pinsir has Mega Evolved into Mega Pinsir!
|move|p1a: Cerf|Return|p2a: Venusaur
|-supereffective|p2a: Venusaur
|-damage|p2a: Venusaur|0 fnt
|faint|p2a: Venusaur
|
|
|switch|p2a: Talonflame|Talonflame, F|190\/297
|turn|21
|
|switch|p1a: Mew|Mew|281\/404
|move|p2a: Talonflame|Brave Bird|p1a: Mew
|-damage|p1a: Mew|161\/404
|-damage|p2a: Talonflame|150\/297|[from] recoil|[of] p1a: Mew
|
|-heal|p1a: Mew|186\/404|[from] item: Leftovers
|turn|22
|
|move|p2a: Talonflame|U-turn|p1a: Mew
|-crit|p1a: Mew
|-supereffective|p1a: Mew
|-damage|p1a: Mew|42\/404
|
|switch|p2a: Azumarill|Azumarill, F, shiny|158\/404 par
|move|p1a: Mew|Roost|p1a: Mew
|-heal|p1a: Mew|244\/404
|
|-heal|p1a: Mew|269\/404|[from] item: Leftovers
|turn|23
|
|move|p1a: Mew|Roost|p1a: Mew
|-heal|p1a: Mew|404\/404
|cant|p2a: Azumarill|par
|
|turn|24
|
|move|p1a: Mew|Knock Off|p2a: Azumarill
|-resisted|p2a: Azumarill
|-damage|p2a: Azumarill|113\/404 par
|-enditem|p2a: Azumarill|Assault Vest|[from] move: Knock Off|[of] p1a: Mew
|move|p2a: Azumarill|Knock Off|p1a: Mew
|-crit|p1a: Mew
|-supereffective|p1a: Mew
|-damage|p1a: Mew|92\/404
|-enditem|p1a: Mew|Leftovers|[from] move: Knock Off|[of] p2a: Azumarill
|
|turn|25
|
|move|p2a: Azumarill|Aqua Jet|p1a: Mew
|-damage|p1a: Mew|23\/404
|move|p1a: Mew|Roost|p1a: Mew
|-heal|p1a: Mew|225\/404
|
|turn|26
|
|move|p1a: Mew|Roost|p1a: Mew
|-heal|p1a: Mew|404\/404
|move|p2a: Azumarill|Waterfall|p1a: Mew
|-damage|p1a: Mew|278\/404
|
|turn|27
|
|move|p1a: Mew|Knock Off|p2a: Azumarill
|-resisted|p2a: Azumarill
|-damage|p2a: Azumarill|82\/404 par
|move|p2a: Azumarill|Waterfall|p1a: Mew
|-damage|p1a: Mew|151\/404
|
|turn|28
|
|move|p1a: Mew|Roost|p1a: Mew
|-heal|p1a: Mew|353\/404
|move|p2a: Azumarill|Waterfall|p1a: Mew
|-crit|p1a: Mew
|-damage|p1a: Mew|154\/404
|
|turn|29
|
|move|p1a: Mew|Roost|p1a: Mew
|-heal|p1a: Mew|356\/404
|cant|p2a: Azumarill|par
|
|turn|30
|
|move|p1a: Mew|Knock Off|p2a: Azumarill
|-resisted|p2a: Azumarill
|-damage|p2a: Azumarill|53\/404 par
|move|p2a: Azumarill|Waterfall|p1a: Mew
|-damage|p1a: Mew|226\/404
|
|turn|31
|
|move|p1a: Mew|Roost|p1a: Mew
|-heal|p1a: Mew|404\/404
|cant|p2a: Azumarill|par
|
|turn|32
|
|move|p1a: Mew|Knock Off|p2a: Azumarill
|-resisted|p2a: Azumarill
|-damage|p2a: Azumarill|23\/404 par
|cant|p2a: Azumarill|par
|
|turn|33
|
|cant|p2a: Azumarill|par
|move|p1a: Mew|Knock Off|p2a: Azumarill
|-resisted|p2a: Azumarill
|-damage|p2a: Azumarill|0 fnt
|faint|p2a: Azumarill
|
|-message|ChoiceSpecsTRex forfeited.
|
|win|Eckleburg
|raw|Ladder updating...
|raw|Eckleburg's rating: 1573 &rarr; <strong>1589<\/strong><br \/>(+16 for winning)
|raw|ChoiceSpecsTRex's rating: 1491 &rarr; <strong>1476<\/strong><br \/>(-15 for losing)
|leave|ChoiceSpecsTRex
|player|p2