|join|Tellow
|join|Eckleburg
|player|p1|Tellow|290
|player|p2|Eckleburg|281
|gametype|singles
|gen|6
|tier|OU
|rated
|clearpoke
|poke|p1|Alakazam, F
|poke|p1|Tyranitar, F
|poke|p1|Yanmega, F, shiny
|poke|p1|Raikou
|poke|p1|Excadrill, F
|poke|p1|Breloom, F, shiny
|poke|p2|Pinsir, M
|poke|p2|Gyarados, M
|poke|p2|Greninja, F
|poke|p2|Magnezone
|poke|p2|Mew
|poke|p2|Chansey, F
|rule|Swagger Clause: Swagger is banned
|rule|Baton Pass Clause: Limit one PokÃ©mon knowing Baton Pass
|rule|Sleep Clause Mod: Limit one foe put to sleep
|rule|Species Clause: Limit one of each PokÃ©mon
|rule|OHKO Clause: OHKO moves are banned
|rule|Moody Clause: Moody is banned
|rule|Evasion Moves Clause: Evasion moves are banned
|rule|Endless Battle Clause: Forcing endless battles is banned
|rule|HP Percentage Mod: HP is shown in percentages
|teampreview
|
|start
|switch|p1a: Breloom|Breloom, F, shiny|262\/262
|switch|p2a: Greninja|Greninja, F|285\/285
|turn|1
|
|switch|p2a: Canine|Gyarados, M|332\/332
|-ability|p2a: Canine|Intimidate|[of] p1a: Breloom
|-unboost|p1a: Breloom|atk|1
|move|p1a: Breloom|Spore|p2a: Canine
|-status|p2a: Canine|slp
|
|turn|2
|
|switch|p2a: Mew|Mew|404\/404
|move|p1a: Breloom|Bullet Seed|p2a: Mew
|-damage|p2a: Mew|368\/404
|-damage|p2a: Mew|334\/404
|-damage|p2a: Mew|300\/404
|-damage|p2a: Mew|267\/404
|-damage|p2a: Mew|231\/404
|-hitcount|p2a: Mew|5
|
|-heal|p2a: Mew|256\/404|[from] item: Leftovers
|turn|3
|
|move|p1a: Breloom|Bullet Seed|p2a: Mew
|-damage|p2a: Mew|220\/404
|-damage|p2a: Mew|186\/404
|-damage|p2a: Mew|153\/404
|-hitcount|p2a: Mew|3
|move|p2a: Mew|Will-O-Wisp|p1a: Breloom
|-status|p1a: Breloom|brn
|
|-heal|p2a: Mew|178\/404|[from] item: Leftovers
|-damage|p1a: Breloom|230\/262 brn|[from] brn
|turn|4
|
|move|p1a: Breloom|Bullet Seed|p2a: Mew
|-damage|p2a: Mew|160\/404
|-damage|p2a: Mew|144\/404
|-damage|p2a: Mew|126\/404
|-hitcount|p2a: Mew|3
|move|p2a: Mew|Knock Off|p1a: Breloom
|-resisted|p1a: Breloom
|-damage|p1a: Breloom|182\/262 brn
|-enditem|p1a: Breloom|Focus Sash|[from] move: Knock Off|[of] p2a: Mew
|
|-heal|p2a: Mew|151\/404|[from] item: Leftovers
|-damage|p1a: Breloom|150\/262 brn|[from] brn
|turn|5
|
|move|p1a: Breloom|Bullet Seed|p2a: Mew
|-damage|p2a: Mew|132\/404
|-damage|p2a: Mew|116\/404
|-hitcount|p2a: Mew|2
|move|p2a: Mew|Roost|p2a: Mew
|-heal|p2a: Mew|318\/404
|
|-heal|p2a: Mew|343\/404|[from] item: Leftovers
|-damage|p1a: Breloom|118\/262 brn|[from] brn
|turn|6
|
|move|p1a: Breloom|Rock Tomb|p2a: Mew
|-damage|p2a: Mew|315\/404
|-unboost|p2a: Mew|spe|1
|move|p2a: Mew|Knock Off|p1a: Breloom
|-resisted|p1a: Breloom
|-damage|p1a: Breloom|85\/262 brn
|
|-heal|p2a: Mew|340\/404|[from] item: Leftovers
|-damage|p1a: Breloom|53\/262 brn|[from] brn
|turn|7
|
|move|p1a: Breloom|Rock Tomb|p2a: Mew
|-damage|p2a: Mew|311\/404
|-unboost|p2a: Mew|spe|1
|move|p2a: Mew|Knock Off|p1a: Breloom
|-resisted|p1a: Breloom
|-damage|p1a: Breloom|24\/262 brn
|
|-heal|p2a: Mew|336\/404|[from] item: Leftovers
|-damage|p1a: Breloom|0 fnt|[from] brn
|faint|p1a: Breloom
|
|switch|p1a: Yanmega|Yanmega, F, shiny|313\/313
|turn|8
|
|switch|p2a: Intello|Chansey, F|641\/641
|move|p1a: Yanmega|U-turn|p2a: Intello
|-damage|p2a: Intello|542\/641
|
|switch|p1a: Excadrill|Excadrill, F|362\/362
|-item|p1a: Excadrill|Air Balloon
|
|turn|9
|
|switch|p2a: Canine|Gyarados, M|332\/332 slp
|-ability|p2a: Canine|Intimidate|[of] p1a: Excadrill
|-unboost|p1a: Excadrill|atk|1
|move|p1a: Excadrill|Swords Dance|p1a: Excadrill
|-boost|p1a: Excadrill|atk|2
|
|turn|10
|
|move|p1a: Excadrill|Swords Dance|p1a: Excadrill
|-boost|p1a: Excadrill|atk|2
|cant|p2a: Canine|slp
|
|turn|11
|
|move|p1a: Excadrill|Iron Head|p2a: Canine
|-resisted|p2a: Canine
|-damage|p2a: Canine|74\/332 slp
|cant|p2a: Canine|slp
|
|turn|12
|
|move|p1a: Excadrill|Iron Head|p2a: Canine
|-resisted|p2a: Canine
|-damage|p2a: Canine|0 fnt
|faint|p2a: Canine
|
|
|switch|p2a: Mat|Magnezone|282\/282
|turn|13
|
|move|p2a: Mat|Hidden Power|p1a: Excadrill
|-crit|p1a: Excadrill
|-supereffective|p1a: Excadrill
|-damage|p1a: Excadrill|62\/362
|-enditem|p1a: Excadrill|Air Balloon
|move|p1a: Excadrill|Earthquake|p2a: Mat
|-supereffective|p2a: Mat
|-damage|p2a: Mat|0 fnt
|faint|p2a: Mat
|
|
|switch|p2a: Greninja|Greninja, F|285\/285
|turn|14
|
|move|p2a: Greninja|Hydro Pump|p1a: Excadrill|[miss]
|-start|p2a: Greninja|typechange|Water|[from] Protean
|-miss|p2a: Greninja|p1a: Excadrill
|move|p1a: Excadrill|Earthquake|p2a: Greninja
|-damage|p2a: Greninja|0 fnt
|faint|p2a: Greninja
|
|c|âEckleburg|=_=
|
|switch|p2a: Pinsir|Pinsir, M|272\/272
|turn|15
|
|detailschange|p2a: Pinsir|Pinsir-Mega, M
|message|Pinsir has Mega Evolved into Mega Pinsir!
|move|p2a: Pinsir|Quick Attack|p1a: Excadrill
|-resisted|p1a: Excadrill
|-damage|p1a: Excadrill|0 fnt
|faint|p1a: Excadrill
|
|
|switch|p1a: Raikou|Raikou|322\/322
|-ability|p1a: Raikou|Pressure
|turn|16
|
|switch|p2a: Intello|Chansey, F|542\/641
|move|p1a: Raikou|Volt Switch|p2a: Intello
|-crit|p2a: Intello
|-damage|p2a: Intello|424\/641
|
|switch|p1a: Yanmega|Yanmega, F, shiny|313\/313
|
|turn|17
|
|move|p1a: Yanmega|U-turn|p2a: Intello
|-damage|p2a: Intello|331\/641
|
|switch|p1a: Tyranitar|Tyranitar, F|342\/342
|-weather|Sandstorm
|move|p2a: Intello|Thunder Wave|p1a: Tyranitar
|-status|p1a: Tyranitar|par
|
|-weather|Sandstorm|[upkeep]
|-damage|p2a: Intello|291\/641|[from] sandstorm
|turn|18
|
|move|p2a: Intello|Soft-Boiled|p2a: Intello
|-heal|p2a: Intello|612\/641
|cant|p1a: Tyranitar|par
|
|-weather|Sandstorm|[upkeep]
|-damage|p2a: Intello|572\/641|[from] sandstorm
|turn|19
|
|move|p2a: Intello|Seismic Toss|p1a: Tyranitar
|-damage|p1a: Tyranitar|242\/342 par
|move|p1a: Tyranitar|Stone Edge|p2a: Intello
|-crit|p2a: Intello
|-damage|p2a: Intello|182\/641
|
|-weather|Sandstorm|[upkeep]
|-damage|p2a: Intello|142\/641|[from] sandstorm
|turn|20
|
|move|p2a: Intello|Soft-Boiled|p2a: Intello
|-heal|p2a: Intello|463\/641
|cant|p1a: Tyranitar|par
|
|-weather|Sandstorm|[upkeep]
|-damage|p2a: Intello|423\/641|[from] sandstorm
|turn|21
|
|move|p2a: Intello|Soft-Boiled|p2a: Intello
|-heal|p2a: Intello|641\/641
|move|p1a: Tyranitar|Stone Edge|p2a: Intello
|-damage|p2a: Intello|382\/641
|
|-weather|none
|turn|22
|
|switch|p1a: Alakazam|Alakazam, F|252\/252
|move|p2a: Intello|Soft-Boiled|p2a: Intello
|-heal|p2a: Intello|641\/641
|
|turn|23
|
|detailschange|p1a: Alakazam|Alakazam-Mega, F
|message|Alakazam has Mega Evolved into Mega Alakazam!
|-ability|p1a: Alakazam|Natural Cure|[from] ability: Trace|[of] p2a: Intello
|move|p1a: Alakazam|Taunt|p2a: Intello
|-start|p2a: Intello|move: Taunt
|cant|p2a: Intello|move: Taunt|Thunder Wave
|
|turn|24
|
|switch|p1a: Tyranitar|Tyranitar, F|242\/342 par
|-weather|Sandstorm
|switch|p2a: Mew|Mew|336\/404
|
|-weather|Sandstorm|[upkeep]
|-damage|p2a: Mew|311\/404|[from] sandstorm
|-heal|p2a: Mew|336\/404|[from] item: Leftovers
|turn|25
|
|move|p2a: Mew|Knock Off|p1a: Tyranitar
|-resisted|p1a: Tyranitar
|-damage|p1a: Tyranitar|210\/342 par
|-enditem|p1a: Tyranitar|Choice Scarf|[from] move: Knock Off|[of] p2a: Mew
|cant|p1a: Tyranitar|par
|
|-weather|Sandstorm|[upkeep]
|-damage|p2a: Mew|311\/404|[from] sandstorm
|-heal|p2a: Mew|336\/404|[from] item: Leftovers
|turn|26
|
|move|p2a: Mew|Knock Off|p1a: Tyranitar
|-resisted|p1a: Tyranitar
|-damage|p1a: Tyranitar|188\/342 par
|move|p1a: Tyranitar|Crunch|p2a: Mew
|-supereffective|p2a: Mew
|-damage|p2a: Mew|132\/404
|
|-weather|Sandstorm|[upkeep]
|-damage|p2a: Mew|107\/404|[from] sandstorm
|-heal|p2a: Mew|132\/404|[from] item: Leftovers
|turn|27
|
|move|p2a: Mew|Roost|p2a: Mew
|-heal|p2a: Mew|334\/404
|cant|p1a: Tyranitar|par
|
|-weather|Sandstorm|[upkeep]
|-damage|p2a: Mew|309\/404|[from] sandstorm
|-heal|p2a: Mew|334\/404|[from] item: Leftovers
|turn|28
|
|move|p2a: Mew|Knock Off|p1a: Tyranitar
|-resisted|p1a: Tyranitar
|-damage|p1a: Tyranitar|164\/342 par
|move|p1a: Tyranitar|Crunch|p2a: Mew
|-supereffective|p2a: Mew
|-damage|p2a: Mew|134\/404
|
|-weather|none
|-heal|p2a: Mew|159\/404|[from] item: Leftovers
|turn|29
|
|move|p2a: Mew|Roost|p2a: Mew
|-heal|p2a: Mew|361\/404
|move|p1a: Tyranitar|Crunch|p2a: Mew
|-supereffective|p2a: Mew
|-damage|p2a: Mew|161\/404
|-unboost|p2a: Mew|def|1
|
|-heal|p2a: Mew|186\/404|[from] item: Leftovers
|turn|30
|
|move|p2a: Mew|Roost|p2a: Mew
|-heal|p2a: Mew|388\/404
|move|p1a: Tyranitar|Crunch|p2a: Mew
|-supereffective|p2a: Mew
|-damage|p2a: Mew|76\/404
|-unboost|p2a: Mew|def|1
|
|-heal|p2a: Mew|101\/404|[from] item: Leftovers
|turn|31
|
|switch|p2a: Intello|Chansey, F|641\/641
|move|p1a: Tyranitar|Crunch|p2a: Intello
|-damage|p2a: Intello|442\/641
|-unboost|p2a: Intello|def|1
|
|turn|32
|
|move|p2a: Intello|Thunder Wave|p1a: Tyranitar
|-fail|p1a: Tyranitar|par
|move|p1a: Tyranitar|Stone Edge|p2a: Intello
|-damage|p2a: Intello|12\/641
|
|turn|33
|
|move|p2a: Intello|Seismic Toss|p1a: Tyranitar
|-damage|p1a: Tyranitar|64\/342 par
|move|p1a: Tyranitar|Stone Edge|p2a: Intello
|-damage|p2a: Intello|0 fnt
|faint|p2a: Intello
|
|c|âEckleburg|my def dropped 3 times, what the heck
|c|âEckleburg|xd
|
|switch|p2a: Mew|Mew|101\/404
|turn|34
|
|move|p2a: Mew|Roost|p2a: Mew
|-heal|p2a: Mew|303\/404
|move|p1a: Tyranitar|Crunch|p2a: Mew
|-supereffective|p2a: Mew
|-damage|p2a: Mew|103\/404
|
|-heal|p2a: Mew|128\/404|[from] item: Leftovers
|turn|35
|
|move|p2a: Mew|Roost|p2a: Mew
|-heal|p2a: Mew|330\/404
|move|p1a: Tyranitar|Crunch|p2a: Mew
|-supereffective|p2a: Mew
|-damage|p2a: Mew|132\/404
|-unboost|p2a: Mew|def|1
|
|-heal|p2a: Mew|157\/404|[from] item: Leftovers
|turn|36
|
|move|p2a: Mew|Roost|p2a: Mew
|-heal|p2a: Mew|359\/404
|move|p1a: Tyranitar|Stone Edge|p2a: Mew
|-damage|p2a: Mew|157\/404
|
|-heal|p2a: Mew|182\/404|[from] item: Leftovers
|turn|37
|
|move|p2a: Mew|Roost|p2a: Mew
|-heal|p2a: Mew|384\/404
|cant|p1a: Tyranitar|par
|
|-heal|p2a: Mew|404\/404|[from] item: Leftovers
|turn|38
|
|move|p2a: Mew|Knock Off|p1a: Tyranitar
|-resisted|p1a: Tyranitar
|-damage|p1a: Tyranitar|40\/342 par
|cant|p1a: Tyranitar|par
|
|turn|39
|
|move|p2a: Mew|Knock Off|p1a: Tyranitar
|-resisted|p1a: Tyranitar
|-damage|p1a: Tyranitar|15\/342 par
|move|p1a: Tyranitar|Crunch|p2a: Mew
|-supereffective|p2a: Mew
|-damage|p2a: Mew|92\/404
|-unboost|p2a: Mew|def|1
|
|-heal|p2a: Mew|117\/404|[from] item: Leftovers
|turn|40
|
|move|p2a: Mew|Knock Off|p1a: Tyranitar
|-resisted|p1a: Tyranitar
|-damage|p1a: Tyranitar|0 fnt
|faint|p1a: Tyranitar
|
|-heal|p2a: Mew|142\/404|[from] item: Leftovers
|
|switch|p1a: Yanmega|Yanmega, F, shiny|313\/313
|turn|41
|
|move|p1a: Yanmega|Bug Buzz|p2a: Mew
|-supereffective|p2a: Mew
|-damage|p2a: Mew|0 fnt
|faint|p2a: Mew
|
|
|switch|p2a: Pinsir|Pinsir-Mega, M|272\/272
|turn|42
|
|move|p1a: Yanmega|Bug Buzz|p2a: Pinsir
|-resisted|p2a: Pinsir
|-damage|p2a: Pinsir|110\/272
|move|p2a: Pinsir|Swords Dance|p2a: Pinsir
|-boost|p2a: Pinsir|atk|2
|
|turn|43
|
|move|p2a: Pinsir|Quick Attack|p1a: Yanmega
|-supereffective|p1a: Yanmega
|-damage|p1a: Yanmega|0 fnt
|faint|p1a: Yanmega
|
|
|switch|p1a: Raikou|Raikou|322\/322
|-ability|p1a: Raikou|Pressure
|turn|44
|
|move|p2a: Pinsir|Quick Attack|p1a: Raikou
|-resisted|p1a: Raikou
|-damage|p1a: Raikou|179\/322
|move|p1a: Raikou|Thunderbolt|p2a: Pinsir
|-supereffective|p2a: Pinsir
|-damage|p2a: Pinsir|0 fnt
|faint|p2a: Pinsir
|
|win|Tellow
|raw|Ladder updating...
|raw|Tellow's rating: 1486 &rarr; <strong>1504<\/strong><br \/>(+18 for winning)
|raw|Eckleburg's rating: 1451 &rarr; <strong>1433<\/strong><br \/>(-18 for losing)
|c|âEckleburg|gg
|leave|Eckleburg
|player|p2