|join|Eckleburg
|join|Grey Knight
|player|p1|Eckleburg|281
|player|p2|Grey Knight|170
|gametype|singles
|gen|6
|tier|OU
|rated
|clearpoke
|poke|p1|Landorus-Therian, M
|poke|p1|Pinsir, M
|poke|p1|Gyarados, M
|poke|p1|Heatran, M
|poke|p1|Mew
|poke|p1|Chansey, F
|poke|p2|Ferrothorn, M
|poke|p2|Azumarill, F
|poke|p2|Victini
|poke|p2|Conkeldurr, M
|poke|p2|Espeon, F
|poke|p2|Dragonite, F
|rule|Swagger Clause: Swagger is banned
|rule|Baton Pass Clause: Limit one PokÃ©mon knowing Baton Pass
|rule|Sleep Clause Mod: Limit one foe put to sleep
|rule|Species Clause: Limit one of each PokÃ©mon
|rule|OHKO Clause: OHKO moves are banned
|rule|Moody Clause: Moody is banned
|rule|Evasion Moves Clause: Evasion moves are banned
|rule|Endless Battle Clause: Forcing endless battles is banned
|rule|HP Percentage Mod: HP is shown in percentages
|teampreview
|
|start
|switch|p1a: Landorus-Therian|Landorus-Therian, M|319\/319
|switch|p2a: Azumarill|Azumarill, F|393\/393
|-ability|p1a: Landorus-Therian|Intimidate|[of] p2a: Azumarill
|-unboost|p2a: Azumarill|atk|1
|turn|1
|
|switch|p1a: Mew|Mew|404\/404
|move|p2a: Azumarill|Waterfall|p1a: Mew
|-damage|p1a: Mew|266\/404
|
|-heal|p1a: Mew|291\/404|[from] item: Leftovers
|turn|2
|
|switch|p2a: Espeon|Espeon, F|334\/334
|move|p1a: Mew|Knock Off|p2a: Espeon
|-supereffective|p2a: Espeon
|-damage|p2a: Espeon|184\/334
|-enditem|p2a: Espeon|Leftovers|[from] move: Knock Off|[of] p1a: Mew
|
|-heal|p1a: Mew|316\/404|[from] item: Leftovers
|turn|3
|
|switch|p1a: Oeuf|Chansey, F|641\/641
|move|p2a: Espeon|Reflect|p2a: Espeon
|-sidestart|p2: Grey Knight|Reflect
|
|turn|4
|
|move|p2a: Espeon|Toxic|p1a: Oeuf
|-status|p1a: Oeuf|tox
|move|p1a: Oeuf|Seismic Toss|p2a: Espeon
|-damage|p2a: Espeon|84\/334
|
|-damage|p1a: Oeuf|601\/641 tox|[from] psn
|turn|5
|
|move|p2a: Espeon|Morning Sun|p2a: Espeon
|-heal|p2a: Espeon|251\/334
|move|p1a: Oeuf|Seismic Toss|p2a: Espeon
|-damage|p2a: Espeon|151\/334
|
|-damage|p1a: Oeuf|521\/641 tox|[from] psn
|turn|6
|
|switch|p1a: Landorus-Therian|Landorus-Therian, M|319\/319
|-ability|p1a: Landorus-Therian|Intimidate|[of] p2a: Espeon
|-unboost|p2a: Espeon|atk|1
|move|p2a: Espeon|Psychic|p1a: Landorus-Therian
|-damage|p1a: Landorus-Therian|154\/319
|
|turn|7
|
|move|p1a: Landorus-Therian|Knock Off|p2a: Espeon
|-crit|p2a: Espeon
|-supereffective|p2a: Espeon
|-damage|p2a: Espeon|0 fnt
|faint|p2a: Espeon
|
|-sideend|p2: Grey Knight|Reflect
|
|switch|p2a: Victini|Victini|341\/341
|turn|8
|
|switch|p1a: Canine|Gyarados, M|331\/331
|-ability|p1a: Canine|Intimidate|[of] p2a: Victini
|-unboost|p2a: Victini|atk|1
|move|p2a: Victini|U-turn|p1a: Canine
|-resisted|p1a: Canine
|-damage|p1a: Canine|305\/331
|
|switch|p2a: Azumarill|Azumarill, F|393\/393
|
|turn|9
|
|move|p1a: Canine|Earthquake|p2a: Azumarill
|-damage|p2a: Azumarill|182\/393
|-damage|p1a: Canine|272\/331|[from] item: Life Orb
|move|p2a: Azumarill|Play Rough|p1a: Canine|[miss]
|-miss|p2a: Azumarill|p1a: Canine
|
|turn|10
|
|switch|p2a: Dragonite|Dragonite, F|342\/342
|move|p1a: Canine|Stone Edge|p2a: Dragonite|[miss]
|-miss|p1a: Canine|p2a: Dragonite
|
|turn|11
|
|move|p1a: Canine|Waterfall|p2a: Dragonite
|-resisted|p2a: Dragonite
|-damage|p2a: Dragonite|288\/342
|-damage|p1a: Canine|239\/331|[from] item: Life Orb
|move|p2a: Dragonite|Outrage|p1a: Canine
|-damage|p1a: Canine|0 fnt
|faint|p1a: Canine
|
|
|switch|p1a: Landorus-Therian|Landorus-Therian, M|154\/319
|-ability|p1a: Landorus-Therian|Intimidate|[of] p2a: Dragonite
|-unboost|p2a: Dragonite|atk|1
|turn|12
|
|move|p1a: Landorus-Therian|Stone Edge|p2a: Dragonite
|-supereffective|p2a: Dragonite
|-damage|p2a: Dragonite|20\/342
|move|p2a: Dragonite|Outrage|p1a: Landorus-Therian
|-damage|p1a: Landorus-Therian|0 fnt
|faint|p1a: Landorus-Therian
|
|-end|p2a: Dragonite|rampage
|-start|p2a: Dragonite|confusion
|
|switch|p1a: Cerf|Pinsir, M|271\/271
|turn|13
|
|detailschange|p1a: Cerf|Pinsir-Mega, M
|message|Pinsir has Mega Evolved into Mega Pinsir!
|move|p1a: Cerf|Swords Dance|p1a: Cerf
|-boost|p1a: Cerf|atk|2
|-activate|p2a: Dragonite|confusion
|move|p2a: Dragonite|Outrage|p1a: Cerf
|-damage|p1a: Cerf|63\/271
|
|turn|14
|
|move|p1a: Cerf|Quick Attack|p2a: Dragonite
|-damage|p2a: Dragonite|0 fnt
|faint|p2a: Dragonite
|
|
|switch|p2a: Victini|Victini|341\/341
|turn|15
|
|move|p1a: Cerf|Quick Attack|p2a: Victini
|-damage|p2a: Victini|119\/341
|move|p2a: Victini|Bolt Strike|p1a: Cerf
|-supereffective|p1a: Cerf
|-damage|p1a: Cerf|0 fnt
|faint|p1a: Cerf
|
|
|switch|p1a: Mew|Mew|316\/404
|turn|16
|
|switch|p2a: Ferrothorn|Ferrothorn, M|352\/352
|move|p1a: Mew|Knock Off|p2a: Ferrothorn
|-damage|p2a: Ferrothorn|304\/352
|-damage|p1a: Mew|266\/404|[from] ability: Iron Barbs|[of] p2a: Ferrothorn
|-enditem|p2a: Ferrothorn|Leftovers|[from] move: Knock Off|[of] p1a: Mew
|
|-heal|p1a: Mew|291\/404|[from] item: Leftovers
|turn|17
|
|move|p1a: Mew|Will-O-Wisp|p2a: Ferrothorn
|-status|p2a: Ferrothorn|brn
|move|p2a: Ferrothorn|Stealth Rock|p1a: Mew
|-sidestart|p1: Eckleburg|move: Stealth Rock
|
|-heal|p1a: Mew|316\/404|[from] item: Leftovers
|-damage|p2a: Ferrothorn|260\/352 brn|[from] brn
|turn|18
|
|switch|p2a: Conkeldurr|Conkeldurr, M|414\/414
|move|p1a: Mew|Defog|p2a: Conkeldurr
|-unboost|p2a: Conkeldurr|evasion|1
|-sideend|p1: Eckleburg|Stealth Rock|[from] move: Defog|[of] p1a: Mew
|
|-heal|p1a: Mew|341\/404|[from] item: Leftovers
|turn|19
|
|move|p1a: Mew|Knock Off|p2a: Conkeldurr
|-resisted|p2a: Conkeldurr
|-damage|p2a: Conkeldurr|376\/414
|-enditem|p2a: Conkeldurr|Assault Vest|[from] move: Knock Off|[of] p1a: Mew
|move|p2a: Conkeldurr|Knock Off|p1a: Mew
|-supereffective|p1a: Mew
|-damage|p1a: Mew|149\/404
|-enditem|p1a: Mew|Leftovers|[from] move: Knock Off|[of] p2a: Conkeldurr
|
|turn|20
|
|move|p1a: Mew|Roost|p1a: Mew
|-heal|p1a: Mew|351\/404
|move|p2a: Conkeldurr|Knock Off|p1a: Mew
|-supereffective|p1a: Mew
|-damage|p1a: Mew|229\/404
|
|turn|21
|
|move|p1a: Mew|Roost|p1a: Mew
|-heal|p1a: Mew|404\/404
|move|p2a: Conkeldurr|Knock Off|p1a: Mew
|-supereffective|p1a: Mew
|-damage|p1a: Mew|280\/404
|
|turn|22
|
|move|p1a: Mew|Knock Off|p2a: Conkeldurr
|-resisted|p2a: Conkeldurr
|-damage|p2a: Conkeldurr|351\/414
|move|p2a: Conkeldurr|Knock Off|p1a: Mew
|-supereffective|p1a: Mew
|-damage|p1a: Mew|156\/404
|
|turn|23
|
|move|p1a: Mew|Roost|p1a: Mew
|-heal|p1a: Mew|358\/404
|move|p2a: Conkeldurr|Drain Punch|p1a: Mew
|-resisted|p1a: Mew
|-damage|p1a: Mew|300\/404
|-heal|p2a: Conkeldurr|380\/414|[from] drain|[of] p1a: Mew
|
|turn|24
|c|âGrey Knight|troll sey
|c|âGrey Knight|set*
|
|move|p1a: Mew|Will-O-Wisp|p2a: Conkeldurr
|-status|p2a: Conkeldurr|brn
|move|p2a: Conkeldurr|Drain Punch|p1a: Mew
|-resisted|p1a: Mew
|-damage|p1a: Mew|215\/404
|-heal|p2a: Conkeldurr|414\/414 brn|[from] drain|[of] p1a: Mew
|
|-damage|p2a: Conkeldurr|363\/414 brn|[from] brn
|turn|25
|
|move|p1a: Mew|Roost|p1a: Mew
|-heal|p1a: Mew|404\/404
|move|p2a: Conkeldurr|Knock Off|p1a: Mew
|-supereffective|p1a: Mew
|-damage|p1a: Mew|192\/404
|
|-damage|p2a: Conkeldurr|312\/414 brn|[from] brn
|turn|26
|
|move|p1a: Mew|Roost|p1a: Mew
|-heal|p1a: Mew|394\/404
|move|p2a: Conkeldurr|Drain Punch|p1a: Mew
|-resisted|p1a: Mew
|-damage|p1a: Mew|310\/404
|-heal|p2a: Conkeldurr|354\/414 brn|[from] drain|[of] p1a: Mew
|
|-damage|p2a: Conkeldurr|303\/414 brn|[from] brn
|turn|27
|c|âGrey Knight|hey dude
|c|âGrey Knight|you will eventually run out of roosts
|c|âGrey Knight|and you know whats going to happen next ?
|c|âGrey Knight|mew dies
|c|âGrey Knight|and then heatran
|c|âGrey Knight|and then the blob
|c|âGrey Knight|so why don't you forfeit and save both of us from boring turns
|
|move|p1a: Mew|Knock Off|p2a: Conkeldurr
|-resisted|p2a: Conkeldurr
|-damage|p2a: Conkeldurr|276\/414 brn
|move|p2a: Conkeldurr|Drain Punch|p1a: Mew
|-resisted|p1a: Mew
|-damage|p1a: Mew|233\/404
|-heal|p2a: Conkeldurr|315\/414 brn|[from] drain|[of] p1a: Mew
|
|-damage|p2a: Conkeldurr|264\/414 brn|[from] brn
|turn|28
|
|move|p1a: Mew|Roost|p1a: Mew
|-heal|p1a: Mew|404\/404
|move|p2a: Conkeldurr|Knock Off|p1a: Mew
|-supereffective|p1a: Mew
|-damage|p1a: Mew|202\/404
|
|-damage|p2a: Conkeldurr|213\/414 brn|[from] brn
|turn|29
|
|move|p1a: Mew|Roost|p1a: Mew
|-heal|p1a: Mew|404\/404
|move|p2a: Conkeldurr|Drain Punch|p1a: Mew
|-resisted|p1a: Mew
|-damage|p1a: Mew|325\/404
|-heal|p2a: Conkeldurr|253\/414 brn|[from] drain|[of] p1a: Mew
|
|-damage|p2a: Conkeldurr|202\/414 brn|[from] brn
|turn|30
|
|move|p1a: Mew|Knock Off|p2a: Conkeldurr
|-resisted|p2a: Conkeldurr
|-damage|p2a: Conkeldurr|177\/414 brn
|move|p2a: Conkeldurr|Knock Off|p1a: Mew
|-supereffective|p1a: Mew
|-damage|p1a: Mew|133\/404
|
|-damage|p2a: Conkeldurr|126\/414 brn|[from] brn
|turn|31
|
|move|p1a: Mew|Roost|p1a: Mew
|-heal|p1a: Mew|335\/404
|move|p2a: Conkeldurr|Knock Off|p1a: Mew
|-supereffective|p1a: Mew
|-damage|p1a: Mew|127\/404
|
|-damage|p2a: Conkeldurr|75\/414 brn|[from] brn
|turn|32
|
|move|p1a: Mew|Roost|p1a: Mew
|-heal|p1a: Mew|329\/404
|move|p2a: Conkeldurr|Knock Off|p1a: Mew
|-supereffective|p1a: Mew
|-damage|p1a: Mew|127\/404
|
|-damage|p2a: Conkeldurr|24\/414 brn|[from] brn
|turn|33
|
|move|p1a: Mew|Roost|p1a: Mew
|-heal|p1a: Mew|329\/404
|move|p2a: Conkeldurr|Knock Off|p1a: Mew
|-supereffective|p1a: Mew
|-damage|p1a: Mew|121\/404
|
|-damage|p2a: Conkeldurr|0 fnt|[from] brn
|faint|p2a: Conkeldurr
|
|switch|p2a: Victini|Victini|119\/341
|turn|34
|
|switch|p1a: Oeuf|Chansey, F|521\/641
|move|p2a: Victini|U-turn|p1a: Oeuf
|-damage|p1a: Oeuf|431\/641
|
|switch|p2a: Azumarill|Azumarill, F|182\/393
|
|turn|35
|
|move|p2a: Azumarill|Waterfall|p1a: Oeuf
|-damage|p1a: Oeuf|74\/641
|move|p1a: Oeuf|Thunder Wave|p2a: Azumarill
|-status|p2a: Azumarill|par
|
|turn|36
|
|move|p1a: Oeuf|Soft-Boiled|p1a: Oeuf
|-heal|p1a: Oeuf|395\/641
|move|p2a: Azumarill|Waterfall|p1a: Oeuf
|-damage|p1a: Oeuf|65\/641
|
|turn|37
|
|switch|p2a: Victini|Victini|119\/341
|move|p1a: Oeuf|Soft-Boiled|p1a: Oeuf
|-heal|p1a: Oeuf|386\/641
|
|turn|38
|
|move|p2a: Victini|V-create|p1a: Oeuf
|-damage|p1a: Oeuf|16\/641
|-unboost|p2a: Victini|def|1
|-unboost|p2a: Victini|spd|1
|-unboost|p2a: Victini|spe|1
|move|p1a: Oeuf|Thunder Wave|p2a: Victini
|-status|p2a: Victini|par
|
|turn|39
|
|switch|p2a: Azumarill|Azumarill, F|182\/393 par
|move|p1a: Oeuf|Soft-Boiled|p1a: Oeuf
|-heal|p1a: Oeuf|337\/641
|
|turn|40
|
|move|p1a: Oeuf|Soft-Boiled|p1a: Oeuf
|-heal|p1a: Oeuf|641\/641
|move|p2a: Azumarill|Superpower|p1a: Oeuf
|-supereffective|p1a: Oeuf
|-damage|p1a: Oeuf|0 fnt
|-unboost|p2a: Azumarill|atk|1
|-unboost|p2a: Azumarill|def|1
|faint|p1a: Oeuf
|
|
|switch|p1a: Mew|Mew|121\/404
|turn|41
|
|switch|p2a: Victini|Victini|119\/341 par
|move|p1a: Mew|Roost|p1a: Mew
|-heal|p1a: Mew|323\/404
|
|turn|42
|
|switch|p2a: Ferrothorn|Ferrothorn, M|260\/352 brn
|move|p1a: Mew|Knock Off|p2a: Ferrothorn
|-damage|p2a: Ferrothorn|228\/352 brn
|-damage|p1a: Mew|273\/404|[from] ability: Iron Barbs|[of] p2a: Ferrothorn
|
|-damage|p2a: Ferrothorn|184\/352 brn|[from] brn
|turn|43
|
|move|p1a: Mew|Roost|p1a: Mew
|-heal|p1a: Mew|404\/404
|move|p2a: Ferrothorn|Stealth Rock|p1a: Mew
|-sidestart|p1: Eckleburg|move: Stealth Rock
|
|-damage|p2a: Ferrothorn|140\/352 brn|[from] brn
|turn|44
|
|move|p1a: Mew|Knock Off|p2a: Ferrothorn
|-damage|p2a: Ferrothorn|108\/352 brn
|-damage|p1a: Mew|354\/404|[from] ability: Iron Barbs|[of] p2a: Ferrothorn
|move|p2a: Ferrothorn|Power Whip|p1a: Mew
|-damage|p1a: Mew|302\/404
|
|-damage|p2a: Ferrothorn|64\/352 brn|[from] brn
|turn|45
|
|move|p1a: Mew|Roost|p1a: Mew
|-heal|p1a: Mew|404\/404
|move|p2a: Ferrothorn|Gyro Ball|p1a: Mew
|-damage|p1a: Mew|347\/404
|
|-damage|p2a: Ferrothorn|20\/352 brn|[from] brn
|turn|46
|
|move|p1a: Mew|Defog|p2a: Ferrothorn
|-unboost|p2a: Ferrothorn|evasion|1
|-sideend|p1: Eckleburg|Stealth Rock|[from] move: Defog|[of] p1a: Mew
|move|p2a: Ferrothorn|Power Whip|p1a: Mew
|-damage|p1a: Mew|298\/404
|
|-damage|p2a: Ferrothorn|0 fnt|[from] brn
|faint|p2a: Ferrothorn
|
|switch|p2a: Azumarill|Azumarill, F|182\/393 par
|turn|47
|
|move|p1a: Mew|Roost|p1a: Mew
|-heal|p1a: Mew|404\/404
|move|p2a: Azumarill|Play Rough|p1a: Mew
|-damage|p1a: Mew|193\/404
|-unboost|p1a: Mew|atk|1
|
|turn|48
|
|move|p1a: Mew|Roost|p1a: Mew
|-heal|p1a: Mew|395\/404
|move|p2a: Azumarill|Play Rough|p1a: Mew
|-damage|p1a: Mew|184\/404
|
|turn|49
|
|move|p1a: Mew|Roost|p1a: Mew
|-heal|p1a: Mew|386\/404
|move|p2a: Azumarill|Play Rough|p1a: Mew
|-damage|p1a: Mew|169\/404
|
|turn|50
|
|switch|p1a: Heatran|Heatran, M|324\/324
|move|p2a: Azumarill|Play Rough|p1a: Heatran
|-resisted|p1a: Heatran
|-damage|p1a: Heatran|257\/324
|
|turn|51
|
|move|p1a: Heatran|Earth Power|p2a: Azumarill
|-damage|p2a: Azumarill|36\/393 par
|move|p2a: Azumarill|Play Rough|p1a: Heatran
|-crit|p1a: Heatran
|-resisted|p1a: Heatran
|-damage|p1a: Heatran|159\/324
|
|turn|52
|
|switch|p2a: Victini|Victini|119\/341 par
|move|p1a: Heatran|Earth Power|p2a: Victini
|-supereffective|p2a: Victini
|-damage|p2a: Victini|0 fnt
|faint|p2a: Victini
|
|-message|Grey Knight forfeited.
|
|win|Eckleburg
|raw|Ladder updating...
|leave|Grey Knight
|player|p2
|raw|Eckleburg's rating: 1516 &rarr; <strong>1537<\/strong><br \/>(+21 for winning)
|raw|Grey Knight's rating: 1522 &rarr; <strong>1502<\/strong><br \/>(-20 for losing)
|c|âEckleburg|:'(((