|join|Eckleburg
|join|DHAWK
|player|p1|Eckleburg|160
|player|p2|DHAWK|238
|gametype|singles
|gen|6
|tier|OU
|rated
|clearpoke
|poke|p1|Greninja, M, shiny
|poke|p1|Landorus-Therian, M
|poke|p1|Bisharp, M
|poke|p1|Gardevoir, F
|poke|p1|Magnezone
|poke|p1|Latias, F
|poke|p2|Rotom-Wash
|poke|p2|Conkeldurr, M
|poke|p2|Togekiss, F
|poke|p2|Greninja, F
|poke|p2|Gliscor, F
|poke|p2|Metagross
|rule|Swagger Clause: Swagger is banned
|rule|Baton Pass Clause: Limit one PokÃ©mon knowing Baton Pass
|rule|Sleep Clause Mod: Limit one foe put to sleep
|rule|Species Clause: Limit one of each PokÃ©mon
|rule|OHKO Clause: OHKO moves are banned
|rule|Moody Clause: Moody is banned
|rule|Evasion Moves Clause: Evasion moves are banned
|rule|Endless Battle Clause: Forcing endless battles is banned
|rule|HP Percentage Mod: HP is shown in percentages
|teampreview
|
|start
|switch|p1a: Landorus-Therian|Landorus-Therian, M|382\/382
|switch|p2a: Rotom-Wash|Rotom-Wash|304\/304
|-ability|p1a: Landorus-Therian|Intimidate|[of] p2a: Rotom-Wash
|-unboost|p2a: Rotom-Wash|atk|1
|turn|1
|
|move|p1a: Landorus-Therian|U-turn|p2a: Rotom-Wash
|-damage|p2a: Rotom-Wash|232\/304
|
|switch|p1a: Gardevoir|Gardevoir, F|278\/278
|-ability|p1a: Gardevoir|Levitate|[from] ability: Trace|[of] p2a: Rotom-Wash
|move|p2a: Rotom-Wash|Hydro Pump|p1a: Gardevoir|[miss]
|-miss|p2a: Rotom-Wash|p1a: Gardevoir
|
|turn|2
|
|detailschange|p1a: Gardevoir|Gardevoir-Mega, F
|-mega|p1a: Gardevoir|Gardevoir|Gardevoirite
|move|p1a: Gardevoir|Hyper Voice|p2a: Rotom-Wash
|-damage|p2a: Rotom-Wash|37\/304
|move|p2a: Rotom-Wash|Will-O-Wisp|p1a: Gardevoir
|-status|p1a: Gardevoir|brn
|
|-damage|p1a: Gardevoir|244\/278 brn|[from] brn
|turn|3
|
|move|p1a: Gardevoir|Hyper Voice|p2a: Rotom-Wash
|-damage|p2a: Rotom-Wash|0 fnt
|faint|p2a: Rotom-Wash
|
|-damage|p1a: Gardevoir|210\/278 brn|[from] brn
|
|switch|p2a: Metagross|Metagross|364\/364
|turn|4
|
|switch|p1a: Magnezone|Magnezone|282\/282
|detailschange|p2a: Metagross|Metagross-Mega
|-mega|p2a: Metagross|Metagross|Metagrossite
|move|p2a: Metagross|Bullet Punch|p1a: Magnezone
|-crit|p1a: Magnezone
|-resisted|p1a: Magnezone
|-damage|p1a: Magnezone|242\/282
|
|turn|5
|
|move|p1a: Magnezone|Thunderbolt|p2a: Metagross
|-damage|p2a: Metagross|208\/364
|move|p2a: Metagross|Thunder Punch|p1a: Magnezone
|-resisted|p1a: Magnezone
|-damage|p1a: Magnezone|182\/282
|
|turn|6
|
|move|p1a: Magnezone|Thunderbolt|p2a: Metagross
|-damage|p2a: Metagross|70\/364
|move|p2a: Metagross|Zen Headbutt|p1a: Magnezone
|-resisted|p1a: Magnezone
|-damage|p1a: Magnezone|88\/282
|
|turn|7
|
|move|p1a: Magnezone|Thunderbolt|p2a: Metagross
|-damage|p2a: Metagross|0 fnt
|faint|p2a: Metagross
|
|
|switch|p2a: Gliscor|Gliscor, F|351\/351
|turn|8
|
|switch|p1a: Greninja|Greninja, M, shiny|286\/286
|move|p2a: Gliscor|Earthquake|p1a: Greninja
|-damage|p1a: Greninja|123\/286
|
|-status|p2a: Gliscor|tox|[from] item: Toxic Orb
|turn|9
|
|switch|p2a: Greninja|Greninja, F|286\/286
|move|p1a: Greninja|Ice Beam|p2a: Greninja
|-start|p1a: Greninja|typechange|Ice|[from] Protean
|-resisted|p2a: Greninja
|-damage|p2a: Greninja|174\/286
|-damage|p1a: Greninja|95\/286|[from] item: Life Orb
|
|turn|10
|
|move|p2a: Greninja|Dark Pulse|p1a: Greninja
|-start|p2a: Greninja|typechange|Dark|[from] Protean
|-damage|p1a: Greninja|0 fnt
|-damage|p2a: Greninja|146\/286|[from] item: Life Orb
|faint|p1a: Greninja
|
|
|switch|p1a: Latias|Latias, F|319\/319
|turn|11
|
|move|p2a: Greninja|Dark Pulse|p1a: Latias
|-supereffective|p1a: Latias
|-damage|p1a: Latias|54\/319
|-damage|p2a: Greninja|118\/286|[from] item: Life Orb
|cant|p1a: Latias|flinch
|
|turn|12
|c|âEckleburg|lol
|c|âEckleburg|without the flinch u would be so dead xd
|
|move|p2a: Greninja|Dark Pulse|p1a: Latias
|-crit|p1a: Latias
|-supereffective|p1a: Latias
|-damage|p1a: Latias|0 fnt
|-damage|p2a: Greninja|90\/286|[from] item: Life Orb
|faint|p1a: Latias
|
|
|switch|p1a: Landorus-Therian|Landorus-Therian, M|382\/382
|-ability|p1a: Landorus-Therian|Intimidate|[of] p2a: Greninja
|-unboost|p2a: Greninja|atk|1
|turn|13
|
|switch|p1a: Magnezone|Magnezone|88\/282
|move|p2a: Greninja|Ice Beam|p1a: Magnezone
|-start|p2a: Greninja|typechange|Ice|[from] Protean
|-resisted|p1a: Magnezone
|-damage|p1a: Magnezone|0 fnt
|-damage|p2a: Greninja|62\/286|[from] item: Life Orb
|faint|p1a: Magnezone
|
|
|switch|p1a: Bisharp|Bisharp, M|272\/272
|turn|14
|
|switch|p2a: Gliscor|Gliscor, F|351\/351 tox
|move|p1a: Bisharp|Sucker Punch|p2a: Gliscor
|-fail|p2a: Gliscor
|
|turn|15
|
|switch|p1a: Landorus-Therian|Landorus-Therian, M|382\/382
|-ability|p1a: Landorus-Therian|Intimidate|[of] p2a: Gliscor
|-unboost|p2a: Gliscor|atk|1
|move|p2a: Gliscor|Stealth Rock|p1a: Landorus-Therian
|-sidestart|p1: Eckleburg|move: Stealth Rock
|
|turn|16
|
|move|p2a: Gliscor|Knock Off|p1a: Landorus-Therian
|-damage|p1a: Landorus-Therian|347\/382
|-enditem|p1a: Landorus-Therian|Leftovers|[from] move: Knock Off|[of] p2a: Gliscor
|move|p1a: Landorus-Therian|Stealth Rock|p2a: Gliscor
|-sidestart|p2: DHAWK|move: Stealth Rock
|
|turn|17
|
|move|p2a: Gliscor|Knock Off|p1a: Landorus-Therian
|-damage|p1a: Landorus-Therian|320\/382
|move|p1a: Landorus-Therian|U-turn|p2a: Gliscor
|-resisted|p2a: Gliscor
|-damage|p2a: Gliscor|326\/351 tox
|
|switch|p1a: Gardevoir|Gardevoir-Mega, F|210\/278 brn
|-damage|p1a: Gardevoir|176\/278 brn|[from] Stealth Rock
|
|-damage|p1a: Gardevoir|142\/278 brn|[from] brn
|-heal|p2a: Gliscor|351\/351 tox|[from] ability: Poison Heal
|turn|18
|
|move|p2a: Gliscor|Protect|p2a: Gliscor
|-singleturn|p2a: Gliscor|Protect
|move|p1a: Gardevoir|Hyper Voice|p2a: Gliscor
|-activate|p2a: Gliscor|Protect
|
|-damage|p1a: Gardevoir|108\/278 brn|[from] brn
|turn|19
|
|switch|p2a: Togekiss|Togekiss, F|374\/374
|-damage|p2a: Togekiss|281\/374|[from] Stealth Rock
|move|p1a: Gardevoir|Hyper Voice|p2a: Togekiss
|-damage|p2a: Togekiss|97\/374
|
|-heal|p2a: Togekiss|120\/374|[from] item: Leftovers
|-damage|p1a: Gardevoir|74\/278 brn|[from] brn
|turn|20
|
|move|p1a: Gardevoir|Hyper Voice|p2a: Togekiss
|-damage|p2a: Togekiss|0 fnt
|faint|p2a: Togekiss
|
|-damage|p1a: Gardevoir|40\/278 brn|[from] brn
|
|switch|p2a: Conkeldurr|Conkeldurr, M|383\/383
|-damage|p2a: Conkeldurr|360\/383|[from] Stealth Rock
|turn|21
|
|switch|p1a: Landorus-Therian|Landorus-Therian, M|320\/382
|-damage|p1a: Landorus-Therian|273\/382|[from] Stealth Rock
|-ability|p1a: Landorus-Therian|Intimidate|[of] p2a: Conkeldurr
|-unboost|p2a: Conkeldurr|atk|1
|move|p2a: Conkeldurr|Mach Punch|p1a: Landorus-Therian
|-crit|p1a: Landorus-Therian
|-resisted|p1a: Landorus-Therian
|-damage|p1a: Landorus-Therian|228\/382
|
|turn|22
|
|move|p1a: Landorus-Therian|U-turn|p2a: Conkeldurr
|-resisted|p2a: Conkeldurr
|-damage|p2a: Conkeldurr|320\/383
|
|switch|p1a: Gardevoir|Gardevoir-Mega, F|40\/278 brn
|-damage|p1a: Gardevoir|6\/278 brn|[from] Stealth Rock
|move|p2a: Conkeldurr|Drain Punch|p1a: Gardevoir
|-resisted|p1a: Gardevoir
|-damage|p1a: Gardevoir|0 fnt
|-heal|p2a: Conkeldurr|323\/383|[from] drain|[of] p1a: Gardevoir
|faint|p1a: Gardevoir
|
|
|switch|p1a: Bisharp|Bisharp, M|272\/272
|-damage|p1a: Bisharp|255\/272|[from] Stealth Rock
|turn|23
|
|move|p2a: Conkeldurr|Mach Punch|p1a: Bisharp
|-supereffective|p1a: Bisharp
|-damage|p1a: Bisharp|39\/272
|move|p1a: Bisharp|Iron Head|p2a: Conkeldurr
|-damage|p2a: Conkeldurr|123\/383
|-damage|p1a: Bisharp|12\/272|[from] item: Life Orb
|-enditem|p2a: Conkeldurr|Sitrus Berry|[eat]
|-heal|p2a: Conkeldurr|218\/383|[from] item: Sitrus Berry
|
|turn|24
|
|move|p1a: Bisharp|Sucker Punch|p2a: Conkeldurr
|-resisted|p2a: Conkeldurr
|-damage|p2a: Conkeldurr|117\/383
|-damage|p1a: Bisharp|0 fnt|[from] item: Life Orb
|faint|p1a: Bisharp
|move|p2a: Conkeldurr|Mach Punch|p1: Bisharp|[notarget]
|-notarget
|
|
|switch|p1a: Landorus-Therian|Landorus-Therian, M|228\/382
|-damage|p1a: Landorus-Therian|181\/382|[from] Stealth Rock
|-ability|p1a: Landorus-Therian|Intimidate|[of] p2a: Conkeldurr
|-unboost|p2a: Conkeldurr|atk|1
|turn|25
|
|move|p1a: Landorus-Therian|Earthquake|p2a: Conkeldurr
|-damage|p2a: Conkeldurr|0 fnt
|faint|p2a: Conkeldurr
|
|
|switch|p2a: Greninja|Greninja, F|62\/286
|-damage|p2a: Greninja|27\/286|[from] Stealth Rock
|turn|26
|
|move|p2a: Greninja|Ice Beam|p1a: Landorus-Therian
|-start|p2a: Greninja|typechange|Ice|[from] Protean
|-supereffective|p1a: Landorus-Therian
|-damage|p1a: Landorus-Therian|0 fnt
|-damage|p2a: Greninja|0 fnt|[from] item: Life Orb
|faint|p1a: Landorus-Therian
|faint|p2a: Greninja
|
|win|DHAWK
|raw|Ladder updating...
|raw|Eckleburg's rating: 1367 &rarr; <strong>1345<\/strong><br \/>(-22 for losing)
|raw|DHAWK's rating: 1336 &rarr; <strong>1357<\/strong><br \/>(+21 for winning)
|c|âDHAWK|lol
|leave|Eckleburg
|c|âDHAWK|gg
|player|p1
|c|âDHAWK|pendejo