|join|no reqs for u
|join|Eckleburg
|player|p1|no reqs for u|33
|player|p2|Eckleburg|160
|gametype|singles
|gen|6
|tier|OU (suspect test)
|rated
|clearpoke
|poke|p1|Dragonite, F
|poke|p1|Gallade, M
|poke|p1|Bisharp, F
|poke|p1|Diggersby, M
|poke|p1|Azumarill, F
|poke|p1|Garchomp, M
|poke|p2|Thundurus-Therian, M
|poke|p2|Kingdra, M
|poke|p2|Swampert, M
|poke|p2|Azumarill, F
|poke|p2|Politoed, F
|poke|p2|Ferrothorn, M
|rule|Swagger Clause: Swagger is banned
|rule|Baton Pass Clause: Limit one PokÃ©mon knowing Baton Pass
|rule|Sleep Clause Mod: Limit one foe put to sleep
|rule|Species Clause: Limit one of each PokÃ©mon
|rule|OHKO Clause: OHKO moves are banned
|rule|Moody Clause: Moody is banned
|rule|Evasion Moves Clause: Evasion moves are banned
|rule|Endless Battle Clause: Forcing endless battles is banned
|rule|HP Percentage Mod: HP is shown in percentages
|teampreview
|
|start
|switch|p1a: Garchomp|Garchomp, M|358\/358
|switch|p2a: Thundurus-Therian|Thundurus-Therian, M|299\/299
|turn|1
|c|âEckleburg|didnt we fought today?
|
|switch|p1a: Gallade|Gallade, M|277\/277
|move|p2a: Thundurus-Therian|Hidden Power|p1a: Gallade
|-damage|p1a: Gallade|195\/277
|
|turn|2
|join|no reqs for uu
|c|âno reqs for u|n
|c| no reqs for uu|n
|join|FlamingVictini PB
|
|switch|p2a: Pluie|Politoed, F|384\/384
|-weather|RainDance
|detailschange|p1a: Gallade|Gallade-Mega, M
|-mega|p1a: Gallade|Gallade|Galladite
|move|p1a: Gallade|Zen Headbutt|p2a: Pluie
|-damage|p2a: Pluie|204\/384
|
|-weather|RainDance|[upkeep]
|turn|3
|c| FlamingVictini PB|changed it to dnite?
|c| FlamingVictini PB|for that banded espeed?
|c|âno reqs for u|yea for talonflame
|c| no reqs for uu|u have to name it
|c| no reqs for uu|time for a duel
|join|no reqs for uuu
|c| no reqs for uu|js
|c|âno reqs for u|now we got 6 offensivei monsters
|c| no reqs for uuu|:]
|c|âno reqs for u|that literally shit on stall
|c| no reqs for uu|:]
|c|âno reqs for u|:]
|c| no reqs for uuu|i literally shit on ur face
|c| no reqs for uu|>
|c| no reqs for uu|nice mem
|c| no reqs for uu|xddxddDDxddx
|c| no reqs for uuu|\/me has reported Eckleburg for timestalling
|c|âno reqs for u|LOL
|
|switch|p2a: Balise|Azumarill, F|404\/404
|move|p1a: Gallade|Zen Headbutt|p2a: Balise
|-damage|p2a: Balise|181\/404
|
|-weather|RainDance|[upkeep]
|turn|4
|c| no reqs for uuu|hahahahha nice counter fren XD
|
|move|p2a: Balise|Aqua Jet|p1a: Gallade
|-damage|p1a: Gallade|0 fnt
|faint|p1a: Gallade
|
|-weather|RainDance|[upkeep]
|c|âno reqs for u|>uses banded azu
|
|switch|p1a: Garchomp|Garchomp, M|358\/358
|turn|5
|c| no reqs for uu|\/me has reported Eckleburg for inappropriate behaviour.
|
|move|p2a: Balise|Aqua Jet|p1a: Garchomp
|-damage|p1a: Garchomp|168\/358
|-damage|p2a: Balise|131\/404|[from] ability: Rough Skin|[of] p1a: Garchomp
|move|p1a: Garchomp|Stealth Rock|p2a: Balise
|-sidestart|p2: Eckleburg|move: Stealth Rock
|
|-weather|RainDance|[upkeep]
|turn|6
|c| no reqs for uuu|75 gxe comin thruu xD
|
|switch|p1a: Azumarill|Azumarill, F|364\/364
|move|p2a: Balise|Aqua Jet|p1a: Azumarill
|-resisted|p1a: Azumarill
|-damage|p1a: Azumarill|240\/364
|
|-weather|RainDance|[upkeep]
|turn|7
|c| no reqs for uu|75 stands for the amount  of battles he played
|c| no reqs for uu|xddDDDDxxxDXdXdxd
|
|move|p2a: Balise|Aqua Jet|p1a: Azumarill
|-resisted|p1a: Azumarill
|-damage|p1a: Azumarill|129\/364
|-enditem|p1a: Azumarill|Sitrus Berry|[eat]
|-heal|p1a: Azumarill|220\/364|[from] item: Sitrus Berry
|move|p1a: Azumarill|Belly Drum|p1a: Azumarill
|-damage|p1a: Azumarill|38\/364
|-setboost|p1a: Azumarill|atk|6|[from] move: Belly Drum
|
|-weather|RainDance|[upkeep]
|turn|8
|c| no reqs for uu|<<<<<
|c|âno reqs for u|who does that
|c|âno reqs for u|smh
|
|move|p1a: Azumarill|Aqua Jet|p2a: Balise
|-resisted|p2a: Balise
|-damage|p2a: Balise|0 fnt
|faint|p2a: Balise
|
|-weather|RainDance|[upkeep]
|c| no reqs for uu|>>>
|
|switch|p2a: Maree|Kingdra, M|291\/291
|-damage|p2a: Maree|255\/291|[from] Stealth Rock
|turn|9
|
|move|p1a: Azumarill|Aqua Jet|p2a: Maree
|-crit|p2a: Maree
|-resisted|p2a: Maree
|-damage|p2a: Maree|48\/291
|move|p2a: Maree|Waterfall|p1a: Azumarill
|-resisted|p1a: Azumarill
|-damage|p1a: Azumarill|0 fnt
|-damage|p2a: Maree|19\/291|[from] item: Life Orb
|faint|p1a: Azumarill
|
|-weather|none
|
|switch|p1a: Garchomp|Garchomp, M|168\/358
|turn|10
|
|switch|p2a: Pluie|Politoed, F|204\/384
|-damage|p2a: Pluie|156\/384|[from] Stealth Rock
|-weather|RainDance
|move|p1a: Garchomp|Earthquake|p2a: Pluie
|-damage|p2a: Pluie|0 fnt
|faint|p2a: Pluie
|
|-weather|RainDance|[upkeep]
|c| no reqs for uu|eziest fire blast of my life
|c| no reqs for uuu|u got kingdra'ed
|c| no reqs for uuu|what els
|c| no reqs for uu|u got stealth rock'ed
|c| no reqs for uu|what els
|
|switch|p2a: Thundurus-Therian|Thundurus-Therian, M|299\/299
|-damage|p2a: Thundurus-Therian|225\/299|[from] Stealth Rock
|turn|11
|c| no reqs for uu|sharp
|c| no reqs for uu|so ez
|c| no reqs for uuu|eckleburg, aren't you supposed to hit x right about now?
|
|move|p2a: Thundurus-Therian|Focus Blast|p1a: Garchomp
|-damage|p1a: Garchomp|0 fnt
|faint|p1a: Garchomp
|
|-weather|RainDance|[upkeep]
|c| no reqs for uu|>scarf
|c| no reqs for uu|eziest
|c| no reqs for uu|dd of my life
|
|switch|p1a: Bisharp|Bisharp, F|272\/272
|turn|12
|
|switch|p2a: Maree|Kingdra, M|19\/291
|-damage|p2a: Maree|0 fnt|[from] Stealth Rock
|faint|p2a: Maree
|move|p1a: Bisharp|Sucker Punch|p2: Maree|[notarget]
|-notarget
|
|-weather|RainDance|[upkeep]
|
|switch|p2a: Cheneau|Swampert, M|354\/354
|-damage|p2a: Cheneau|332\/354|[from] Stealth Rock
|turn|13
|
|detailschange|p2a: Cheneau|Swampert-Mega, M
|-mega|p2a: Cheneau|Swampert|Swampertite
|move|p1a: Bisharp|Knock Off|p2a: Cheneau
|-damage|p2a: Cheneau|184\/354
|-damage|p1a: Bisharp|245\/272|[from] item: Life Orb
|move|p2a: Cheneau|Waterfall|p1a: Bisharp
|-damage|p1a: Bisharp|0 fnt
|faint|p1a: Bisharp
|
|-weather|RainDance|[upkeep]
|
|switch|p1a: Dragonite|Dragonite, F|323\/323
|turn|14
|
|switch|p2a: Epine|Ferrothorn, M|352\/352
|-damage|p2a: Epine|330\/352|[from] Stealth Rock
|move|p1a: Dragonite|Extreme Speed|p2a: Epine
|-resisted|p2a: Epine
|-damage|p2a: Epine|290\/352
|-damage|p1a: Dragonite|283\/323|[from] ability: Iron Barbs|[of] p2a: Epine
|
|-weather|RainDance|[upkeep]
|-heal|p2a: Epine|312\/352|[from] item: Leftovers
|turn|15
|c| no reqs for uuu|amazing prediction, fella!
|c|âno reqs for u|hello? i clicked outrage
|c|âno reqs for u|wtf
|c| no reqs for uuu|hello? i clicked superpower
|
|move|p1a: Dragonite|Extreme Speed|p2a: Epine
|-resisted|p2a: Epine
|-damage|p2a: Epine|272\/352
|-damage|p1a: Dragonite|243\/323|[from] ability: Iron Barbs|[of] p2a: Epine
|move|p2a: Epine|Gyro Ball|p1a: Dragonite
|-damage|p1a: Dragonite|63\/323
|
|-weather|RainDance|[upkeep]
|-heal|p2a: Epine|294\/352|[from] item: Leftovers
|turn|16
|c| no reqs for uuu|wtf
|c| no reqs for uuu|wtf
|c| no reqs for uuu|wtf
|
|move|p1a: Dragonite|Extreme Speed|p2a: Epine
|-resisted|p2a: Epine
|-damage|p2a: Epine|254\/352
|-damage|p1a: Dragonite|23\/323|[from] ability: Iron Barbs|[of] p2a: Epine
|move|p2a: Epine|Gyro Ball|p1a: Dragonite
|-damage|p1a: Dragonite|0 fnt
|faint|p1a: Dragonite
|
|-weather|RainDance|[upkeep]
|-heal|p2a: Epine|276\/352|[from] item: Leftovers
|c| no reqs for uu|sd
|c|âno reqs for u|hm i wonder whether banded eq kills
|c| no reqs for uu|gg
|
|switch|p1a: Diggersby|Diggersby, M|311\/311
|turn|17
|c| no reqs for uu|i dont see a problem
|c| no reqs for uu|:^)
|
|move|p1a: Diggersby|Swords Dance|p1a: Diggersby
|-boost|p1a: Diggersby|atk|2
|move|p2a: Epine|Power Whip|p1a: Diggersby
|-supereffective|p1a: Diggersby
|-damage|p1a: Diggersby|0 fnt
|faint|p1a: Diggersby
|
|win|Eckleburg
|raw|Ladder updating...
|raw|no reqs for u's rating: 1534 &rarr; <strong>1509<\/strong><br \/>(-25 for losing)
|raw|Eckleburg's rating: 1449 &rarr; <strong>1474<\/strong><br \/>(+25 for winning)
|c|âno reqs for u|ofc
|c|âEckleburg|gg.
|c|âno reqs for u|he hits
|c|âno reqs for u|hacker
|leave|no reqs for u
|c|âEckleburg|:*