|join|Eckleburg
|join|Swaqfeq
|player|p1|Eckleburg|160
|player|p2|Swaqfeq|246
|gametype|singles
|gen|6
|tier|OU (suspect test)
|rated
|clearpoke
|poke|p1|Manaphy
|poke|p1|Swampert, M
|poke|p1|Azumarill, F
|poke|p1|Politoed, F
|poke|p1|Celebi
|poke|p1|Klefki, F
|poke|p2|Garchomp, F, shiny
|poke|p2|Gengar, M, shiny
|poke|p2|Bisharp, F, shiny
|poke|p2|Keldeo
|poke|p2|Sceptile, F, shiny
|poke|p2|Landorus-Therian, M, shiny
|rule|Swagger Clause: Swagger is banned
|rule|Baton Pass Clause: Limit one PokÃ©mon knowing Baton Pass
|rule|Sleep Clause Mod: Limit one foe put to sleep
|rule|Species Clause: Limit one of each PokÃ©mon
|rule|OHKO Clause: OHKO moves are banned
|rule|Moody Clause: Moody is banned
|rule|Evasion Moves Clause: Evasion moves are banned
|rule|Endless Battle Clause: Forcing endless battles is banned
|rule|HP Percentage Mod: HP is shown in percentages
|teampreview
|
|start
|switch|p1a: Celebi|Celebi|404\/404
|switch|p2a: Garchomp|Garchomp, F, shiny|357\/357
|turn|1
|
|move|p2a: Garchomp|Stealth Rock|p1a: Celebi
|-sidestart|p1: Eckleburg|move: Stealth Rock
|move|p1a: Celebi|Stealth Rock|p2a: Garchomp
|-sidestart|p2: Swaqfeq|move: Stealth Rock
|
|turn|2
|
|switch|p1a: Pluie|Politoed, F|384\/384
|-damage|p1a: Pluie|336\/384|[from] Stealth Rock
|-weather|RainDance
|move|p2a: Garchomp|Swords Dance|p2a: Garchomp
|-boost|p2a: Garchomp|atk|2
|
|-weather|RainDance|[upkeep]
|turn|3
|
|switch|p1a: Klefki|Klefki, F|318\/318
|-damage|p1a: Klefki|299\/318|[from] Stealth Rock
|move|p2a: Garchomp|Earthquake|p1a: Klefki
|-supereffective|p1a: Klefki
|-damage|p1a: Klefki|0 fnt
|faint|p1a: Klefki
|
|-weather|RainDance|[upkeep]
|
|switch|p1a: Cheneau|Swampert, M|378\/378
|-damage|p1a: Cheneau|355\/378|[from] Stealth Rock
|turn|4
|
|detailschange|p1a: Cheneau|Swampert-Mega, M
|-mega|p1a: Cheneau|Swampert|Swampertite
|move|p2a: Garchomp|Earthquake|p1a: Cheneau
|-damage|p1a: Cheneau|18\/378
|move|p1a: Cheneau|Ice Punch|p2a: Garchomp
|-supereffective|p2a: Garchomp
|-enditem|p2a: Garchomp|Focus Sash
|-damage|p2a: Garchomp|1\/357
|-damage|p1a: Cheneau|0 fnt|[from] ability: Rough Skin|[of] p2a: Garchomp
|faint|p1a: Cheneau
|
|-weather|RainDance|[upkeep]
|
|switch|p1a: Balise|Azumarill, F|404\/404
|-damage|p1a: Balise|354\/404|[from] Stealth Rock
|turn|5
|
|move|p1a: Balise|Aqua Jet|p2a: Garchomp
|-damage|p2a: Garchomp|0 fnt
|-damage|p1a: Balise|304\/404|[from] ability: Rough Skin|[of] p2a: Garchomp
|faint|p2a: Garchomp
|
|-weather|RainDance|[upkeep]
|
|switch|p2a: Gengar|Gengar, M, shiny|261\/261
|-damage|p2a: Gengar|229\/261|[from] Stealth Rock
|turn|6
|
|move|p1a: Balise|Aqua Jet|p2a: Gengar
|-damage|p2a: Gengar|0 fnt
|faint|p2a: Gengar
|
|-weather|RainDance|[upkeep]
|
|switch|p2a: Sceptile|Sceptile, F, shiny|281\/281
|-damage|p2a: Sceptile|246\/281|[from] Stealth Rock
|turn|7
|
|switch|p1a: Celebi|Celebi|404\/404
|-damage|p1a: Celebi|354\/404|[from] Stealth Rock
|detailschange|p2a: Sceptile|Sceptile-Mega, F, shiny
|-mega|p2a: Sceptile|Sceptile|Sceptilite
|move|p2a: Sceptile|Giga Drain|p1a: Celebi
|-resisted|p1a: Celebi
|-damage|p1a: Celebi|298\/404
|-heal|p2a: Sceptile|274\/281|[from] drain|[of] p1a: Celebi
|
|-weather|RainDance|[upkeep]
|-heal|p1a: Celebi|323\/404|[from] item: Leftovers
|turn|8
|
|switch|p1a: Manaphy|Manaphy|404\/404
|-damage|p1a: Manaphy|354\/404|[from] Stealth Rock
|move|p2a: Sceptile|Dragon Pulse|p1a: Manaphy
|-damage|p1a: Manaphy|204\/404
|
|-weather|RainDance|[upkeep]
|-heal|p1a: Manaphy|229\/404|[from] item: Leftovers
|turn|9
|
|move|p2a: Sceptile|Giga Drain|p1a: Manaphy
|-supereffective|p1a: Manaphy
|-damage|p1a: Manaphy|0 fnt
|-heal|p2a: Sceptile|281\/281|[from] drain|[of] p1a: Manaphy
|faint|p1a: Manaphy
|
|-weather|none
|
|switch|p1a: Pluie|Politoed, F|336\/384
|-damage|p1a: Pluie|288\/384|[from] Stealth Rock
|-weather|RainDance
|turn|10
|
|switch|p1a: Balise|Azumarill, F|304\/404
|-damage|p1a: Balise|254\/404|[from] Stealth Rock
|move|p2a: Sceptile|Giga Drain|p1a: Balise
|-supereffective|p1a: Balise
|-damage|p1a: Balise|0 fnt
|faint|p1a: Balise
|
|-weather|RainDance|[upkeep]
|
|switch|p1a: Celebi|Celebi|323\/404
|-damage|p1a: Celebi|273\/404|[from] Stealth Rock
|turn|11
|
|move|p2a: Sceptile|Dragon Pulse|p1a: Celebi
|-damage|p1a: Celebi|164\/404
|move|p1a: Celebi|Giga Drain|p2a: Sceptile
|-resisted|p2a: Sceptile
|-damage|p2a: Sceptile|251\/281
|-heal|p1a: Celebi|179\/404|[from] drain|[of] p2a: Sceptile
|
|-weather|RainDance|[upkeep]
|-heal|p1a: Celebi|204\/404|[from] item: Leftovers
|turn|12
|
|switch|p2a: Bisharp|Bisharp, F, shiny|271\/271
|-damage|p2a: Bisharp|255\/271|[from] Stealth Rock
|move|p1a: Celebi|Psychic|p2a: Bisharp
|-immune|p2a: Bisharp|[msg]
|
|-weather|RainDance|[upkeep]
|-heal|p1a: Celebi|229\/404|[from] item: Leftovers
|turn|13
|
|move|p2a: Bisharp|Knock Off|p1a: Celebi
|-supereffective|p1a: Celebi
|-damage|p1a: Celebi|0 fnt
|-enditem|p1a: Celebi|Leftovers|[from] move: Knock Off|[of] p2a: Bisharp
|-damage|p2a: Bisharp|228\/271|[from] item: Life Orb
|faint|p1a: Celebi
|
|-weather|RainDance|[upkeep]
|
|switch|p1a: Pluie|Politoed, F|288\/384
|-damage|p1a: Pluie|240\/384|[from] Stealth Rock
|turn|14
|
|move|p2a: Bisharp|Knock Off|p1a: Pluie
|-damage|p1a: Pluie|5\/384
|-enditem|p1a: Pluie|Damp Rock|[from] move: Knock Off|[of] p2a: Bisharp
|-damage|p2a: Bisharp|201\/271|[from] item: Life Orb
|move|p1a: Pluie|Scald|p2a: Bisharp
|-damage|p2a: Bisharp|35\/271
|
|-weather|RainDance|[upkeep]
|turn|15
|
|move|p2a: Bisharp|Knock Off|p1a: Pluie
|-damage|p1a: Pluie|0 fnt
|-damage|p2a: Bisharp|8\/271|[from] item: Life Orb
|faint|p1a: Pluie
|
|win|Swaqfeq
|raw|Ladder updating...
|raw|Eckleburg's rating: 1291 &rarr; <strong>1270<\/strong><br \/>(-21 for losing)
|raw|Swaqfeq's rating: 1355 &rarr; <strong>1372<\/strong><br \/>(+17 for winning)