|join|Eckleburg
|join|watchMeMiss
|player|p1|Eckleburg|160
|player|p2|watchMeMiss|2
|gametype|singles
|gen|6
|tier|OU (suspect test)
|rated
|clearpoke
|poke|p1|Keldeo-Resolute
|poke|p1|Landorus-Therian, M
|poke|p1|Bisharp, F
|poke|p1|Gardevoir, F
|poke|p1|Magnezone
|poke|p1|Latias, F
|poke|p2|Lopunny, M
|poke|p2|Heatran, M
|poke|p2|Rotom-Wash
|poke|p2|Magnezone
|poke|p2|Skarmory, M
|poke|p2|Sylveon, F
|rule|Swagger Clause: Swagger is banned
|rule|Baton Pass Clause: Limit one PokÃ©mon knowing Baton Pass
|rule|Sleep Clause Mod: Limit one foe put to sleep
|rule|Species Clause: Limit one of each PokÃ©mon
|rule|OHKO Clause: OHKO moves are banned
|rule|Moody Clause: Moody is banned
|rule|Evasion Moves Clause: Evasion moves are banned
|rule|Endless Battle Clause: Forcing endless battles is banned
|rule|HP Percentage Mod: HP is shown in percentages
|teampreview
|
|start
|switch|p1a: Landorus-Therian|Landorus-Therian, M|319\/319
|switch|p2a: Rotom-Wash|Rotom-Wash|304\/304
|-ability|p1a: Landorus-Therian|Intimidate|[of] p2a: Rotom-Wash
|-unboost|p2a: Rotom-Wash|atk|1
|turn|1
|
|switch|p2a: Skarmory|Skarmory, M|334\/334
|move|p1a: Landorus-Therian|U-turn|p2a: Skarmory
|-crit|p2a: Skarmory
|-resisted|p2a: Skarmory
|-damage|p2a: Skarmory|314\/334
|
|switch|p1a: Aimant|Magnezone|282\/282
|
|turn|2
|
|switch|p2a: Magnezone|Magnezone|281\/281
|move|p1a: Aimant|Thunderbolt|p2a: Magnezone
|-resisted|p2a: Magnezone
|-damage|p2a: Magnezone|193\/281
|
|turn|3
|
|move|p1a: Aimant|Thunderbolt|p2a: Magnezone
|-resisted|p2a: Magnezone
|-damage|p2a: Magnezone|108\/281
|move|p2a: Magnezone|Hidden Power|p1a: Aimant
|-supereffective|p1a: Aimant
|-damage|p1a: Aimant|62\/282
|
|turn|4
|
|move|p1a: Aimant|Thunderbolt|p2a: Magnezone
|-resisted|p2a: Magnezone
|-damage|p2a: Magnezone|17\/281
|move|p2a: Magnezone|Hidden Power|p1a: Aimant
|-supereffective|p1a: Aimant
|-damage|p1a: Aimant|0 fnt
|faint|p1a: Aimant
|
|
|switch|p1a: Landorus-Therian|Landorus-Therian, M|319\/319
|-ability|p1a: Landorus-Therian|Intimidate|[of] p2a: Magnezone
|-unboost|p2a: Magnezone|atk|1
|turn|5
|
|switch|p2a: Skarmory|Skarmory, M|314\/334
|move|p1a: Landorus-Therian|Stealth Rock|p2a: Skarmory
|-sidestart|p2: watchMeMiss|move: Stealth Rock
|
|turn|6
|
|switch|p1a: Keldeo-Resolute|Keldeo-Resolute|324\/324
|switch|p2a: Lopunny|Lopunny, M|271\/271
|-damage|p2a: Lopunny|238\/271|[from] Stealth Rock
|
|turn|7
|
|detailschange|p2a: Lopunny|Lopunny-Mega, M
|-mega|p2a: Lopunny|Lopunny|Lopunnite
|move|p2a: Lopunny|Fake Out|p1a: Keldeo-Resolute
|-damage|p1a: Keldeo-Resolute|239\/324
|cant|p1a: Keldeo-Resolute|flinch
|
|turn|8
|
|switch|p2a: Sylveon|Sylveon, F|394\/394
|-damage|p2a: Sylveon|345\/394|[from] Stealth Rock
|switch|p1a: Landorus-Therian|Landorus-Therian, M|319\/319
|-ability|p1a: Landorus-Therian|Intimidate|[of] p2a: Sylveon
|-unboost|p2a: Sylveon|atk|1
|
|-heal|p2a: Sylveon|369\/394|[from] item: Leftovers
|turn|9
|
|switch|p2a: Skarmory|Skarmory, M|314\/334
|-damage|p2a: Skarmory|273\/334|[from] Stealth Rock
|move|p1a: Landorus-Therian|U-turn|p2a: Skarmory
|-resisted|p2a: Skarmory
|-damage|p2a: Skarmory|260\/334
|
|switch|p1a: Keldeo-Resolute|Keldeo-Resolute|239\/324
|
|turn|10
|
|switch|p2a: Sylveon|Sylveon, F|369\/394
|-damage|p2a: Sylveon|320\/394|[from] Stealth Rock
|move|p1a: Keldeo-Resolute|Secret Sword|p2a: Sylveon
|-resisted|p2a: Sylveon
|-damage|p2a: Sylveon|182\/394
|-damage|p1a: Keldeo-Resolute|207\/324|[from] item: Life Orb
|
|-heal|p2a: Sylveon|206\/394|[from] item: Leftovers
|turn|11
|
|move|p1a: Keldeo-Resolute|Hydro Pump|p2a: Sylveon
|-damage|p2a: Sylveon|60\/394
|-damage|p1a: Keldeo-Resolute|175\/324|[from] item: Life Orb
|move|p2a: Sylveon|Hyper Voice|p1a: Keldeo-Resolute
|-supereffective|p1a: Keldeo-Resolute
|-damage|p1a: Keldeo-Resolute|0 fnt
|faint|p1a: Keldeo-Resolute
|
|-heal|p2a: Sylveon|84\/394|[from] item: Leftovers
|
|switch|p1a: Gardevoir|Gardevoir, F|278\/278
|-ability|p1a: Gardevoir|Pixilate|[from] ability: Trace|[of] p2a: Sylveon
|turn|12
|
|switch|p2a: Heatran|Heatran, M|386\/386
|-damage|p2a: Heatran|338\/386|[from] Stealth Rock
|detailschange|p1a: Gardevoir|Gardevoir-Mega, F
|-mega|p1a: Gardevoir|Gardevoir|Gardevoirite
|move|p1a: Gardevoir|Focus Blast|p2a: Heatran|[miss]
|-miss|p1a: Gardevoir|p2a: Heatran
|
|-heal|p2a: Heatran|362\/386|[from] item: Leftovers
|turn|13
|
|move|p1a: Gardevoir|Taunt|p2a: Heatran
|-start|p2a: Heatran|move: Taunt
|move|p2a: Heatran|Lava Plume|p1a: Gardevoir
|-damage|p1a: Gardevoir|193\/278
|
|-heal|p2a: Heatran|386\/386|[from] item: Leftovers
|turn|14
|
|move|p1a: Gardevoir|Focus Blast|p2a: Heatran
|-supereffective|p2a: Heatran
|-damage|p2a: Heatran|126\/386
|move|p2a: Heatran|Lava Plume|p1a: Gardevoir
|-damage|p1a: Gardevoir|97\/278
|-status|p1a: Gardevoir|brn
|
|-heal|p2a: Heatran|150\/386|[from] item: Leftovers
|-damage|p1a: Gardevoir|63\/278 brn|[from] brn
|turn|15
|
|switch|p1a: Latias|Latias, F|319\/319
|switch|p2a: Magnezone|Magnezone|17\/281
|-damage|p2a: Magnezone|0 fnt|[from] Stealth Rock
|faint|p2a: Magnezone
|
|
|switch|p2a: Lopunny|Lopunny-Mega, M|238\/271
|-damage|p2a: Lopunny|222\/271|[from] Stealth Rock
|turn|16
|
|switch|p1a: Landorus-Therian|Landorus-Therian, M|319\/319
|-ability|p1a: Landorus-Therian|Intimidate|[of] p2a: Lopunny
|-unboost|p2a: Lopunny|atk|1
|move|p2a: Lopunny|Ice Punch|p1a: Landorus-Therian
|-crit|p1a: Landorus-Therian
|-supereffective|p1a: Landorus-Therian
|-damage|p1a: Landorus-Therian|0 fnt
|faint|p1a: Landorus-Therian
|
|
|switch|p1a: Latias|Latias, F|319\/319
|turn|17
|
|move|p2a: Lopunny|Ice Punch|p1a: Latias
|-supereffective|p1a: Latias
|-damage|p1a: Latias|187\/319
|move|p1a: Latias|Draco Meteor|p2a: Lopunny
|-damage|p2a: Lopunny|0 fnt
|-unboost|p1a: Latias|spa|2
|-damage|p1a: Latias|156\/319|[from] item: Life Orb
|faint|p2a: Lopunny
|
|
|switch|p2a: Heatran|Heatran, M|150\/386
|-damage|p2a: Heatran|102\/386|[from] Stealth Rock
|turn|18
|
|move|p1a: Latias|Healing Wish|p1a: Latias
|faint|p1a: Latias
|move|p2a: Heatran|Lava Plume|p1: Latias|[notarget]
|-notarget
|
|-heal|p2a: Heatran|126\/386|[from] item: Leftovers
|
|switch|p1a: Gardevoir|Gardevoir-Mega, F|63\/278 brn
|-heal|p1a: Gardevoir|278\/278|[from] move: Healing Wish
|turn|19
|
|move|p1a: Gardevoir|Focus Blast|p2a: Heatran
|-crit|p2a: Heatran
|-supereffective|p2a: Heatran
|-damage|p2a: Heatran|0 fnt
|faint|p2a: Heatran
|
|
|switch|p2a: Rotom-Wash|Rotom-Wash|304\/304
|-damage|p2a: Rotom-Wash|266\/304|[from] Stealth Rock
|turn|20
|
|move|p1a: Gardevoir|Hyper Voice|p2a: Rotom-Wash
|-damage|p2a: Rotom-Wash|20\/304
|move|p2a: Rotom-Wash|Thunder Wave|p1a: Gardevoir
|-status|p1a: Gardevoir|par
|
|-heal|p2a: Rotom-Wash|39\/304|[from] item: Leftovers
|turn|21
|
|move|p2a: Rotom-Wash|Pain Split|p1a: Gardevoir
|-sethp|p1a: Gardevoir|158\/278 par|p2a: Rotom-Wash|158\/304|[from] move: Pain Split
|move|p1a: Gardevoir|Hyper Voice|p2a: Rotom-Wash
|-damage|p2a: Rotom-Wash|0 fnt
|faint|p2a: Rotom-Wash
|
|
|switch|p2a: Sylveon|Sylveon, F|84\/394
|-damage|p2a: Sylveon|35\/394|[from] Stealth Rock
|turn|22
|
|switch|p1a: Coupe|Bisharp, F|272\/272
|move|p2a: Sylveon|Hyper Voice|p1a: Coupe
|-damage|p1a: Coupe|73\/272
|
|-heal|p2a: Sylveon|59\/394|[from] item: Leftovers
|turn|23
|
|move|p1a: Coupe|Pursuit|p2a: Sylveon|[from]Pursuit
|-resisted|p2a: Sylveon
|-damage|p2a: Sylveon|0 fnt
|-damage|p1a: Coupe|46\/272|[from] item: Life Orb
|faint|p2a: Sylveon
|
|
|switch|p2a: Skarmory|Skarmory, M|260\/334
|-damage|p2a: Skarmory|219\/334|[from] Stealth Rock
|turn|24
|
|move|p1a: Coupe|Knock Off|p2a: Skarmory
|-damage|p2a: Skarmory|81\/334
|-enditem|p2a: Skarmory|Shed Shell|[from] move: Knock Off|[of] p1a: Coupe
|-damage|p1a: Coupe|19\/272|[from] item: Life Orb
|move|p2a: Skarmory|Drill Peck|p1a: Coupe
|-resisted|p1a: Coupe
|-damage|p1a: Coupe|0 fnt
|faint|p1a: Coupe
|
|
|switch|p1a: Gardevoir|Gardevoir-Mega, F|158\/278 par
|turn|25
|
|move|p2a: Skarmory|Roost|p2a: Skarmory
|-heal|p2a: Skarmory|248\/334
|cant|p1a: Gardevoir|par
|
|turn|26
|
|move|p2a: Skarmory|Drill Peck|p1a: Gardevoir
|-damage|p1a: Gardevoir|47\/278 par
|cant|p1a: Gardevoir|par
|
|turn|27
|c|âEckleburg|lel
|c|âEckleburg|gg
|
|move|p2a: Skarmory|Drill Peck|p1a: Gardevoir
|-damage|p1a: Gardevoir|0 fnt
|faint|p1a: Gardevoir
|
|win|watchMeMiss
|raw|Ladder updating...
|raw|Eckleburg's rating: 1530 &rarr; <strong>1502<\/strong><br \/>(-28 for losing)
|raw|watchMeMiss's rating: 1394 &rarr; <strong>1422<\/strong><br \/>(+28 for winning)
|leave|Eckleburg
|player|p1
|c|âwatchMeMiss|omg gg