|join|Swagilyph
|join|Kiull
|player|p1|Swagilyph|188
|player|p2|Kiull|266
|gametype|singles
|gen|6
|tier|OU
|rated
|clearpoke
|poke|p1|Medicham, M
|poke|p1|Scizor, M
|poke|p1|Landorus-Therian, M
|poke|p1|Rotom-Wash
|poke|p1|Heatran, F
|poke|p1|Amoonguss, F
|poke|p2|Excadrill, M
|poke|p2|Tyranitar, F
|poke|p2|Keldeo
|poke|p2|Talonflame, F
|poke|p2|Dragonite, F
|poke|p2|Manectric, F
|rule|Swagger Clause: Swagger is banned
|rule|Baton Pass Clause: Limit one PokÃ©mon knowing Baton Pass
|rule|Sleep Clause Mod: Limit one foe put to sleep
|rule|Species Clause: Limit one of each PokÃ©mon
|rule|OHKO Clause: OHKO moves are banned
|rule|Moody Clause: Moody is banned
|rule|Evasion Moves Clause: Evasion moves are banned
|rule|Endless Battle Clause: Forcing endless battles is banned
|rule|HP Percentage Mod: HP is shown in percentages
|teampreview
|join|GeRANTula
|c|âKiull|oh sheet
|c|âSwagilyph|sup
|c|âKiull|im cri
|c|âSwagilyph|Im joe
|c|âKiull|im cri more
|
|start
|switch|p1a: Landorus-Therian|Landorus-Therian, M|354\/354
|switch|p2a: Manectric|Manectric, F|282\/282
|-ability|p1a: Landorus-Therian|Intimidate|[of] p2a: Manectric
|-unboost|p2a: Manectric|atk|1
|turn|1
|
|detailschange|p2a: Manectric|Manectric-Mega, F
|message|Manectric has Mega Evolved into Mega Manectric!
|-ability|p2a: Manectric|Intimidate|[of] p1a: Landorus-Therian
|-unboost|p1a: Landorus-Therian|atk|1
|move|p1a: Landorus-Therian|U-turn|p2a: Manectric
|-damage|p2a: Manectric|208\/282
|
|switch|p1a: Heatran|Heatran, F|326\/326
|-item|p1a: Heatran|Air Balloon
|move|p2a: Manectric|Hidden Power|p1a: Heatran
|-resisted|p1a: Heatran
|-damage|p1a: Heatran|308\/326
|-enditem|p1a: Heatran|Air Balloon
|
|turn|2
|
|move|p2a: Manectric|Volt Switch|p1a: Heatran
|-damage|p1a: Heatran|193\/326
|
|switch|p2a: Excadrill|Excadrill, M|361\/361
|move|p1a: Heatran|Stealth Rock|p2a: Excadrill
|-sidestart|p2: Kiull|move: Stealth Rock
|
|turn|3
|
|switch|p1a: Rotom-Wash|Rotom-Wash|303\/303
|move|p2a: Excadrill|Rapid Spin|p1a: Rotom-Wash
|-damage|p1a: Rotom-Wash|282\/303
|-sideend|p2: Kiull|Stealth Rock|[from] move: Rapid Spin|[of] p2a: Excadrill
|
|turn|4
|
|switch|p2a: Tyranitar|Tyranitar, F|404\/404
|-weather|Sandstorm
|move|p1a: Rotom-Wash|Will-O-Wisp|p2a: Tyranitar
|-status|p2a: Tyranitar|brn
|
|-weather|Sandstorm|[upkeep]
|-damage|p1a: Rotom-Wash|264\/303|[from] sandstorm
|-damage|p2a: Tyranitar|354\/404 brn|[from] brn
|turn|5
|
|move|p1a: Rotom-Wash|Volt Switch|p2a: Tyranitar
|-crit|p2a: Tyranitar
|-damage|p2a: Tyranitar|257\/404 brn
|
|switch|p1a: Amoonguss|Amoonguss, F|432\/432
|move|p2a: Tyranitar|Stealth Rock|p1a: Amoonguss
|-sidestart|p1: Swagilyph|move: Stealth Rock
|
|-weather|Sandstorm|[upkeep]
|-damage|p1a: Amoonguss|405\/432|[from] sandstorm
|-heal|p1a: Amoonguss|432\/432|[from] item: Black Sludge
|-damage|p2a: Tyranitar|207\/404 brn|[from] brn
|turn|6
|
|move|p2a: Tyranitar|Ice Beam|p1a: Amoonguss
|-supereffective|p1a: Amoonguss
|-damage|p1a: Amoonguss|260\/432
|-status|p1a: Amoonguss|frz
|cant|p1a: Amoonguss|frz
|
|-weather|Sandstorm|[upkeep]
|-damage|p1a: Amoonguss|233\/432 frz|[from] sandstorm
|-heal|p1a: Amoonguss|260\/432 frz|[from] item: Black Sludge
|-damage|p2a: Tyranitar|157\/404 brn|[from] brn
|turn|7
|c|âKiull|yes
|c|âSwagilyph|lucky and bad
|
|switch|p2a: Talonflame|Talonflame, F|298\/298
|switch|p1a: Scizor|Scizor, M|343\/343
|-damage|p1a: Scizor|301\/343|[from] Stealth Rock
|
|-weather|Sandstorm|[upkeep]
|-damage|p2a: Talonflame|280\/298|[from] sandstorm
|turn|8
|
|switch|p1a: Rotom-Wash|Rotom-Wash|264\/303
|-damage|p1a: Rotom-Wash|227\/303|[from] Stealth Rock
|move|p2a: Talonflame|U-turn|p1a: Rotom-Wash
|-damage|p1a: Rotom-Wash|158\/303
|
|switch|p2a: Excadrill|Excadrill, M|361\/361
|
|-weather|Sandstorm|[upkeep]
|-damage|p1a: Rotom-Wash|140\/303|[from] sandstorm
|turn|9
|
|move|p2a: Excadrill|Rock Slide|p1a: Rotom-Wash
|-damage|p1a: Rotom-Wash|71\/303
|cant|p1a: Rotom-Wash|flinch
|
|-weather|Sandstorm|[upkeep]
|-damage|p1a: Rotom-Wash|53\/303|[from] sandstorm
|turn|10
|c|âSwagilyph|lucky and bad
|c|âSwagilyph|holy shit lol
|c| GeRANTula|true
|c| GeRANTula|very true
|
|move|p2a: Excadrill|Rock Slide|p1a: Rotom-Wash
|-miss|p2a: Excadrill|p1a: Rotom-Wash
|move|p1a: Rotom-Wash|Rest|p1a: Rotom-Wash
|-status|p1a: Rotom-Wash|slp
|-heal|p1a: Rotom-Wash|303\/303 slp|[silent]
|-status|p1a: Rotom-Wash|slp|[from] move: Rest
|-enditem|p1a: Rotom-Wash|Chesto Berry|[eat]
|-curestatus|p1a: Rotom-Wash|slp
|
|-weather|Sandstorm|[upkeep]
|-damage|p1a: Rotom-Wash|285\/303|[from] sandstorm
|turn|11
|c|âSwagilyph|ah nice
|c|âKiull|lol
|c| GeRANTula|karma
|join|TheRogerRabbit
|
|switch|p2a: Manectric|Manectric-Mega, F|208\/282
|-ability|p2a: Manectric|Intimidate|[of] p1a: Rotom-Wash
|-unboost|p1a: Rotom-Wash|atk|1
|move|p1a: Rotom-Wash|Hydro Pump|p2a: Manectric
|-damage|p2a: Manectric|46\/282
|
|-weather|none
|turn|12
|join|Farfetchd Memes
|c| TheRogerRabbit|chimpact imo
|leave|TheRogerRabbit
|
|switch|p1a: Landorus-Therian|Landorus-Therian, M|354\/354
|-damage|p1a: Landorus-Therian|310\/354|[from] Stealth Rock
|-ability|p1a: Landorus-Therian|Intimidate|[of] p2a: Manectric
|-unboost|p2a: Manectric|atk|1
|move|p2a: Manectric|Thunderbolt|p1a: Landorus-Therian
|-immune|p1a: Landorus-Therian|[msg]
|
|turn|13
|join|Yristul
|
|switch|p2a: Talonflame|Talonflame, F|280\/298
|move|p1a: Landorus-Therian|U-turn|p2a: Talonflame
|-resisted|p2a: Talonflame
|-damage|p2a: Talonflame|248\/298
|
|switch|p1a: Rotom-Wash|Rotom-Wash|285\/303
|-damage|p1a: Rotom-Wash|248\/303|[from] Stealth Rock
|
|turn|14
|c| Farfetchd Memes|Go for the Hydro Pump
|
|move|p2a: Talonflame|U-turn|p1a: Rotom-Wash
|-damage|p1a: Rotom-Wash|177\/303
|
|switch|p2a: Tyranitar|Tyranitar, F|157\/404 brn
|-weather|Sandstorm
|move|p1a: Rotom-Wash|Volt Switch|p2a: Tyranitar
|-damage|p2a: Tyranitar|100\/404 brn
|c| Farfetchd Memes|( Í¡Â° ÍÊ Í¡Â°)
|
|switch|p1a: Medicham|Medicham, M|261\/261
|-damage|p1a: Medicham|245\/261|[from] Stealth Rock
|
|-weather|Sandstorm|[upkeep]
|-damage|p1a: Medicham|229\/261|[from] sandstorm
|-damage|p2a: Tyranitar|50\/404 brn|[from] brn
|turn|15
|
|detailschange|p1a: Medicham|Medicham-Mega, M
|message|Medicham has Mega Evolved into Mega Medicham!
|move|p1a: Medicham|Fake Out|p2a: Tyranitar
|-resisted|p2a: Tyranitar
|-damage|p2a: Tyranitar|25\/404 brn
|cant|p2a: Tyranitar|flinch
|
|-weather|Sandstorm|[upkeep]
|-damage|p1a: Medicham|213\/261|[from] sandstorm
|-damage|p2a: Tyranitar|0 fnt|[from] brn
|faint|p2a: Tyranitar
|
|switch|p2a: Talonflame|Talonflame, F|248\/298
|turn|16
|
|move|p2a: Talonflame|Brave Bird|p1a: Medicham
|-supereffective|p1a: Medicham
|-damage|p1a: Medicham|0 fnt
|-damage|p2a: Talonflame|178\/298|[from] recoil|[of] p1a: Medicham
|faint|p1a: Medicham
|
|-weather|Sandstorm|[upkeep]
|-damage|p2a: Talonflame|160\/298|[from] sandstorm
|
|switch|p1a: Landorus-Therian|Landorus-Therian, M|310\/354
|-damage|p1a: Landorus-Therian|266\/354|[from] Stealth Rock
|-ability|p1a: Landorus-Therian|Intimidate|[of] p2a: Talonflame
|-unboost|p2a: Talonflame|atk|1
|turn|17
|
|switch|p2a: Manectric|Manectric-Mega, F|46\/282
|-ability|p2a: Manectric|Intimidate|[of] p1a: Landorus-Therian
|-unboost|p1a: Landorus-Therian|atk|1
|move|p1a: Landorus-Therian|U-turn|p2a: Manectric
|-damage|p2a: Manectric|0 fnt
|faint|p2a: Manectric
|
|switch|p1a: Scizor|Scizor, M|301\/343
|-damage|p1a: Scizor|259\/343|[from] Stealth Rock
|
|-weather|Sandstorm|[upkeep]
|
|switch|p2a: Excadrill|Excadrill, M|361\/361
|turn|18
|join|Not Tricks
|
|move|p2a: Excadrill|Iron Head|p1a: Scizor
|-resisted|p1a: Scizor
|-damage|p1a: Scizor|178\/343
|move|p1a: Scizor|Superpower|p2a: Excadrill
|-supereffective|p2a: Excadrill
|-damage|p2a: Excadrill|0 fnt
|-unboost|p1a: Scizor|atk|1
|-unboost|p1a: Scizor|def|1
|faint|p2a: Excadrill
|
|-weather|Sandstorm|[upkeep]
|
|switch|p2a: Talonflame|Talonflame, F|160\/298
|turn|19
|
|move|p2a: Talonflame|U-turn|p1a: Scizor
|-resisted|p1a: Scizor
|-damage|p1a: Scizor|102\/343
|
|move|p1a: Scizor|Pursuit|p2a: Talonflame|[from]Pursuit
|-damage|p2a: Talonflame|79\/298
|switch|p2a: Keldeo|Keldeo|323\/323
|
|-weather|Sandstorm|[upkeep]
|-damage|p2a: Keldeo|303\/323|[from] sandstorm
|turn|20
|join|JasonToddX
|
|move|p1a: Scizor|Bullet Punch|p2a: Keldeo
|-crit|p2a: Keldeo
|-resisted|p2a: Keldeo
|-damage|p2a: Keldeo|215\/323
|move|p2a: Keldeo|Scald|p1a: Scizor
|-damage|p1a: Scizor|12\/343
|
|-weather|Sandstorm|[upkeep]
|-damage|p2a: Keldeo|195\/323|[from] sandstorm
|turn|21
|
|move|p1a: Scizor|Bullet Punch|p2a: Keldeo
|-resisted|p2a: Keldeo
|-damage|p2a: Keldeo|155\/323
|move|p2a: Keldeo|Scald|p1a: Scizor
|-damage|p1a: Scizor|0 fnt
|faint|p1a: Scizor
|
|-weather|none
|
|switch|p1a: Rotom-Wash|Rotom-Wash|177\/303
|-damage|p1a: Rotom-Wash|140\/303|[from] Stealth Rock
|turn|22
|
|move|p2a: Keldeo|Scald|p1a: Rotom-Wash
|-resisted|p1a: Rotom-Wash
|-damage|p1a: Rotom-Wash|74\/303
|move|p1a: Rotom-Wash|Volt Switch|p2a: Keldeo
|-supereffective|p2a: Keldeo
|-damage|p2a: Keldeo|0 fnt
|faint|p2a: Keldeo
|c| JasonToddX|really scald?
|
|switch|p1a: Landorus-Therian|Landorus-Therian, M|266\/354
|-damage|p1a: Landorus-Therian|222\/354|[from] Stealth Rock
|
|
|switch|p2a: Talonflame|Talonflame, F|79\/298
|turn|23
|join|RPG 2.0
|
|move|p2a: Talonflame|Brave Bird|p1a: Landorus-Therian
|-damage|p1a: Landorus-Therian|0 fnt
|-damage|p2a: Talonflame|6\/298|[from] recoil|[of] p1a: Landorus-Therian
|faint|p1a: Landorus-Therian
|
|
|switch|p1a: Rotom-Wash|Rotom-Wash|74\/303
|-damage|p1a: Rotom-Wash|37\/303|[from] Stealth Rock
|turn|24
|c| JasonToddX|choice banded i bet
|
|move|p2a: Talonflame|Brave Bird|p1a: Rotom-Wash
|-resisted|p1a: Rotom-Wash
|-damage|p1a: Rotom-Wash|0 fnt
|-damage|p2a: Talonflame|0 fnt|[from] recoil|[of] p1a: Rotom-Wash
|faint|p1a: Rotom-Wash
|faint|p2a: Talonflame
|
|
|switch|p2a: Dragonite|Dragonite, F|324\/324
|switch|p1a: Heatran|Heatran, F|193\/326
|-damage|p1a: Heatran|153\/326|[from] Stealth Rock
|turn|25
|
|move|p2a: Dragonite|Earthquake|p1a: Heatran
|-supereffective|p1a: Heatran
|-damage|p1a: Heatran|0 fnt
|faint|p1a: Heatran
|
|
|switch|p1a: Amoonguss|Amoonguss, F|404\/432 frz
|-damage|p1a: Amoonguss|350\/432 frz|[from] Stealth Rock
|turn|26
|join|tiger6
|
|move|p2a: Dragonite|Outrage|p1a: Amoonguss
|-damage|p1a: Amoonguss|134\/432 frz
|cant|p1a: Amoonguss|frz
|
|-heal|p1a: Amoonguss|161\/432 frz|[from] item: Black Sludge
|turn|27
|
|move|p2a: Dragonite|Outrage|p1a: Amoonguss
|-damage|p1a: Amoonguss|0 fnt
|faint|p1a: Amoonguss
|
|win|Kiull
|raw|Ladder updating...
|leave|JasonToddX
|raw|Swagilyph's rating: 1583 &rarr; <strong>1565<\/strong><br \/>(-18 for losing)
|raw|Kiull's rating: 1613 &rarr; <strong>1631<\/strong><br \/>(+18 for winning)
|c|âKiull|gg
|c| Not Tricks|rip in peace
|c|âSwagilyph|lick my taint
|leave|Swagilyph
|player|p1
|c| GeRANTula|lol
|leave|Not Tricks
|leave|Yristul