|join|Kiull
|join|Though Guy
|player|p1|Kiull|265
|player|p2|Though Guy|15
|gametype|singles
|gen|6
|tier|OU
|rated
|clearpoke
|poke|p1|Venusaur, F, shiny
|poke|p1|Azumarill, F, shiny
|poke|p1|Hawlucha, F
|poke|p1|Latios, M
|poke|p1|Landorus-Therian, M
|poke|p1|Victini
|poke|p2|Machamp, M
|poke|p2|Garchomp, M
|poke|p2|Greninja, M
|poke|p2|Landorus-Therian, M
|poke|p2|Scolipede, F
|poke|p2|Tyranitar, M
|rule|Swagger Clause: Swagger is banned
|rule|Baton Pass Clause: Limit one PokÃ©mon knowing Baton Pass
|rule|Sleep Clause Mod: Limit one foe put to sleep
|rule|Species Clause: Limit one of each PokÃ©mon
|rule|OHKO Clause: OHKO moves are banned
|rule|Moody Clause: Moody is banned
|rule|Evasion Moves Clause: Evasion moves are banned
|rule|Endless Battle Clause: Forcing endless battles is banned
|rule|HP Percentage Mod: HP is shown in percentages
|teampreview
|join|mattmattmatt
|
|start
|switch|p1a: Latios|Latios, M|302\/302
|switch|p2a: I WRECK STUFF|Tyranitar, M|404\/404
|-weather|Sandstorm
|turn|1
|
|move|p1a: Latios|Draco Meteor|p2a: I WRECK STUFF
|-damage|p2a: I WRECK STUFF|190\/404
|-unboost|p1a: Latios|spa|2
|-damage|p1a: Latios|272\/302|[from] item: Life Orb
|move|p2a: I WRECK STUFF|Pursuit|p1a: Latios
|-supereffective|p1a: Latios
|-damage|p1a: Latios|114\/302
|
|-weather|Sandstorm|[upkeep]
|-damage|p1a: Latios|96\/302|[from] sandstorm
|turn|2
|
|move|p1a: Latios|Draco Meteor|p2a: I WRECK STUFF
|-damage|p2a: I WRECK STUFF|89\/404
|-unboost|p1a: Latios|spa|2
|-damage|p1a: Latios|66\/302|[from] item: Life Orb
|move|p2a: I WRECK STUFF|Pursuit|p1a: Latios
|-supereffective|p1a: Latios
|-damage|p1a: Latios|0 fnt
|faint|p1a: Latios
|
|-weather|Sandstorm|[upkeep]
|
|switch|p1a: Hawlucha|Hawlucha, F|299\/299
|turn|3
|
|move|p1a: Hawlucha|Swords Dance|p1a: Hawlucha
|-boost|p1a: Hawlucha|atk|2
|move|p2a: I WRECK STUFF|Rock Slide|p1a: Hawlucha
|-damage|p1a: Hawlucha|143\/299
|
|-weather|Sandstorm|[upkeep]
|-damage|p1a: Hawlucha|125\/299|[from] sandstorm
|turn|4
|
|switch|p2a: Angry Angry|Garchomp, M|382\/382
|move|p1a: Hawlucha|Sky Attack|p2a: Angry Angry|[still]|[miss]
|-prepare|p1a: Hawlucha|Sky Attack|p2a: Angry Angry
|-enditem|p1a: Hawlucha|Power Herb
|-anim|p1a: Hawlucha|Sky Attack|p2a: Angry Angry
|-miss|p1a: Hawlucha|p2a: Angry Angry
|
|-weather|Sandstorm|[upkeep]
|-damage|p1a: Hawlucha|107\/299|[from] sandstorm
|turn|5
|
|move|p1a: Hawlucha|High Jump Kick|p2a: Angry Angry
|-damage|p2a: Angry Angry|0 fnt
|-damage|p1a: Hawlucha|70\/299|[from] ability: Rough Skin|[of] p2a: Angry Angry
|faint|p2a: Angry Angry
|
|-weather|none
|
|switch|p2a: I WRECK STUFF|Tyranitar, M|89\/404
|-weather|Sandstorm
|turn|6
|
|switch|p2a: Gwargh|Landorus-Therian, M|382\/382
|-ability|p2a: Gwargh|Intimidate|[of] p1a: Hawlucha
|-unboost|p1a: Hawlucha|atk|1
|move|p1a: Hawlucha|Acrobatics|p2a: Gwargh
|-damage|p2a: Gwargh|112\/382
|
|-weather|Sandstorm|[upkeep]
|-damage|p1a: Hawlucha|52\/299|[from] sandstorm
|turn|7
|
|switch|p2a: I WRECK STUFF|Tyranitar, M|89\/404
|move|p1a: Hawlucha|Acrobatics|p2a: I WRECK STUFF
|-resisted|p2a: I WRECK STUFF
|-damage|p2a: I WRECK STUFF|0 fnt
|faint|p2a: I WRECK STUFF
|
|-weather|Sandstorm|[upkeep]
|-damage|p1a: Hawlucha|34\/299|[from] sandstorm
|
|switch|p2a: Gwargh|Landorus-Therian, M|112\/382
|-ability|p2a: Gwargh|Intimidate|[of] p1a: Hawlucha
|-unboost|p1a: Hawlucha|atk|1
|turn|8
|
|move|p1a: Hawlucha|Acrobatics|p2a: Gwargh
|-damage|p2a: Gwargh|0 fnt
|faint|p2a: Gwargh
|
|-weather|Sandstorm|[upkeep]
|-damage|p1a: Hawlucha|16\/299|[from] sandstorm
|
|switch|p2a: Eohhh|Scolipede, F|324\/324
|turn|9
|
|move|p1a: Hawlucha|Swords Dance|p1a: Hawlucha
|-boost|p1a: Hawlucha|atk|2
|move|p2a: Eohhh|Baton Pass|p2a: Eohhh
|
|switch|p2a: Fast Fast|Greninja, M|348\/348
|
|-weather|Sandstorm|[upkeep]
|-damage|p1a: Hawlucha|0 fnt|[from] sandstorm
|-damage|p2a: Fast Fast|327\/348|[from] sandstorm
|-heal|p2a: Fast Fast|348\/348|[from] item: Leftovers
|faint|p1a: Hawlucha
|
|switch|p1a: Victini|Victini|341\/341
|turn|10
|
|move|p1a: Victini|U-turn|p2a: Fast Fast
|-supereffective|p2a: Fast Fast
|-damage|p2a: Fast Fast|168\/348
|
|switch|p1a: Azumarill|Azumarill, F, shiny|361\/361
|move|p2a: Fast Fast|Spikes|p1a: Azumarill
|-start|p2a: Fast Fast|typechange|Ground|[from] Protean
|-sidestart|p1: Kiull|Spikes
|
|-weather|none
|-heal|p2a: Fast Fast|189\/348|[from] item: Leftovers
|turn|11
|
|move|p1a: Azumarill|Aqua Jet|p2a: Fast Fast
|-supereffective|p2a: Fast Fast
|-damage|p2a: Fast Fast|0 fnt
|faint|p2a: Fast Fast
|
|
|switch|p2a: Eohhh|Scolipede, F|324\/324
|turn|12
|
|move|p2a: Eohhh|Iron Defense|p2a: Eohhh
|-boost|p2a: Eohhh|def|2
|move|p1a: Azumarill|Waterfall|p2a: Eohhh
|-damage|p2a: Eohhh|234\/324
|
|-boost|p2a: Eohhh|spe|1|[from] ability: Speed Boost
|turn|13
|
|switch|p1a: Victini|Victini|341\/341
|-damage|p1a: Victini|299\/341|[from] Spikes
|move|p2a: Eohhh|Iron Defense|p2a: Eohhh
|-boost|p2a: Eohhh|def|2
|
|-boost|p2a: Eohhh|spe|1|[from] ability: Speed Boost
|turn|14
|
|move|p2a: Eohhh|Iron Defense|p2a: Eohhh
|-boost|p2a: Eohhh|def|2
|move|p1a: Victini|V-create|p2a: Eohhh
|-supereffective|p2a: Eohhh
|-damage|p2a: Eohhh|100\/324
|-enditem|p2a: Eohhh|Weakness Policy
|-boost|p2a: Eohhh|atk|2|[from] item: Weakness Policy
|-boost|p2a: Eohhh|spa|2|[from] item: Weakness Policy
|-unboost|p1a: Victini|def|1
|-unboost|p1a: Victini|spd|1
|-unboost|p1a: Victini|spe|1
|
|-boost|p2a: Eohhh|spe|1|[from] ability: Speed Boost
|turn|15
|
|switch|p1a: Landorus-Therian|Landorus-Therian, M|382\/382
|-ability|p1a: Landorus-Therian|Intimidate|[of] p2a: Eohhh
|-unboost|p2a: Eohhh|atk|1
|move|p2a: Eohhh|Baton Pass|p2a: Eohhh
|
|switch|p2a: THE MAN|Machamp, M|384\/384
|
|turn|16
|
|switch|p1a: Venusaur|Venusaur, F, shiny|364\/364
|-damage|p1a: Venusaur|319\/364|[from] Spikes
|move|p2a: THE MAN|Ice Punch|p1a: Venusaur
|-supereffective|p1a: Venusaur
|-damage|p1a: Venusaur|99\/364
|
|turn|17
|
|detailschange|p1a: Venusaur|Venusaur-Mega, F, shiny
|message|Venusaur has Mega Evolved into Mega Venusaur!
|move|p2a: THE MAN|Ice Punch|p1a: Venusaur
|-supereffective|p1a: Venusaur
|-damage|p1a: Venusaur|9\/364
|move|p1a: Venusaur|Giga Drain|p2a: THE MAN
|-damage|p2a: THE MAN|231\/384
|-heal|p1a: Venusaur|86\/364|[from] drain|[of] p2a: THE MAN
|
|-heal|p2a: THE MAN|255\/384|[from] item: Leftovers
|turn|18
|
|move|p2a: THE MAN|Fire Blast|p1a: Venusaur
|-supereffective|p1a: Venusaur
|-damage|p1a: Venusaur|0 fnt
|faint|p1a: Venusaur
|
|-heal|p2a: THE MAN|279\/384|[from] item: Leftovers
|
|switch|p1a: Landorus-Therian|Landorus-Therian, M|382\/382
|-ability|p1a: Landorus-Therian|Intimidate|[of] p2a: THE MAN
|-unboost|p2a: THE MAN|atk|1
|turn|19
|
|switch|p1a: Azumarill|Azumarill, F, shiny|361\/361
|-damage|p1a: Azumarill|316\/361|[from] Spikes
|move|p2a: THE MAN|Ice Punch|p1a: Azumarill
|-resisted|p1a: Azumarill
|-damage|p1a: Azumarill|280\/361
|
|-heal|p2a: THE MAN|303\/384|[from] item: Leftovers
|turn|20
|
|move|p2a: THE MAN|Dynamic Punch|p1a: Azumarill
|-resisted|p1a: Azumarill
|-damage|p1a: Azumarill|201\/361
|-start|p1a: Azumarill|confusion
|-activate|p1a: Azumarill|confusion
|-damage|p1a: Azumarill|137\/361|[from] confusion
|
|-heal|p2a: THE MAN|327\/384|[from] item: Leftovers
|turn|21
|
|move|p2a: THE MAN|Focus Blast|p1a: Azumarill
|-resisted|p1a: Azumarill
|-damage|p1a: Azumarill|44\/361
|-end|p1a: Azumarill|confusion
|move|p1a: Azumarill|Play Rough|p2a: THE MAN
|-supereffective|p2a: THE MAN
|-damage|p2a: THE MAN|207\/384
|
|-heal|p2a: THE MAN|231\/384|[from] item: Leftovers
|turn|22
|
|move|p1a: Azumarill|Aqua Jet|p2a: THE MAN
|-damage|p2a: THE MAN|203\/384
|move|p2a: THE MAN|Focus Blast|p1a: Azumarill
|-resisted|p1a: Azumarill
|-damage|p1a: Azumarill|0 fnt
|faint|p1a: Azumarill
|
|-heal|p2a: THE MAN|227\/384|[from] item: Leftovers
|
|switch|p1a: Landorus-Therian|Landorus-Therian, M|382\/382
|-ability|p1a: Landorus-Therian|Intimidate|[of] p2a: THE MAN
|-unboost|p2a: THE MAN|atk|1
|turn|23
|
|move|p2a: THE MAN|Dynamic Punch|p1a: Landorus-Therian
|-resisted|p1a: Landorus-Therian
|-damage|p1a: Landorus-Therian|349\/382
|-start|p1a: Landorus-Therian|confusion
|-activate|p1a: Landorus-Therian|confusion
|-damage|p1a: Landorus-Therian|316\/382|[from] confusion
|
|-heal|p2a: THE MAN|251\/384|[from] item: Leftovers
|-heal|p1a: Landorus-Therian|339\/382|[from] item: Leftovers
|turn|24
|
|move|p2a: THE MAN|Fire Blast|p1a: Landorus-Therian
|-damage|p1a: Landorus-Therian|128\/382
|-end|p1a: Landorus-Therian|confusion
|move|p1a: Landorus-Therian|Knock Off|p2a: THE MAN
|-resisted|p2a: THE MAN
|-damage|p2a: THE MAN|235\/384
|-enditem|p2a: THE MAN|Leftovers|[from] move: Knock Off|[of] p1a: Landorus-Therian
|
|-heal|p1a: Landorus-Therian|151\/382|[from] item: Leftovers
|turn|25
|
|move|p2a: THE MAN|Fire Blast|p1a: Landorus-Therian
|-damage|p1a: Landorus-Therian|0 fnt
|faint|p1a: Landorus-Therian
|
|
|switch|p1a: Victini|Victini|299\/341
|-damage|p1a: Victini|257\/341|[from] Spikes
|turn|26
|
|move|p1a: Victini|Zen Headbutt|p2a: THE MAN
|-supereffective|p2a: THE MAN
|-damage|p2a: THE MAN|163\/384
|move|p2a: THE MAN|Dynamic Punch|p1a: Victini
|-resisted|p1a: Victini
|-damage|p1a: Victini|210\/341
|-start|p1a: Victini|confusion
|
|turn|27
|
|-activate|p1a: Victini|confusion
|move|p1a: Victini|Zen Headbutt|p2a: THE MAN
|-supereffective|p2a: THE MAN
|-damage|p2a: THE MAN|91\/384
|move|p2a: THE MAN|Focus Blast|p1a: Victini
|-resisted|p1a: Victini
|-damage|p1a: Victini|81\/341
|-unboost|p1a: Victini|spd|1
|
|turn|28
|
|-end|p1a: Victini|confusion
|move|p1a: Victini|Zen Headbutt|p2a: THE MAN
|-supereffective|p2a: THE MAN
|-damage|p2a: THE MAN|17\/384
|move|p2a: THE MAN|Focus Blast|p1a: Victini
|-resisted|p1a: Victini
|-damage|p1a: Victini|0 fnt
|faint|p1a: Victini
|
|win|Though Guy
|raw|Ladder updating...
|raw|Kiull's rating: 1397 &rarr; <strong>1375<\/strong><br \/>(-22 for losing)
|raw|Though Guy's rating: 1363 &rarr; <strong>1385<\/strong><br \/>(+22 for winning)
|c|âThough Guy|THE MAN is a beast... THE MAN is our hero... THE MAN is our hope (singing)