|join|PlizardGoesRawr
|join|Kiull
|player|p1|PlizardGoesRawr|286
|player|p2|Kiull|266
|gametype|singles
|gen|6
|tier|OU
|rated
|clearpoke
|poke|p1|Latias, F
|poke|p1|Conkeldurr, M
|poke|p1|Magnezone
|poke|p1|Landorus-Therian, M
|poke|p1|Ferrothorn, M
|poke|p1|Keldeo
|poke|p2|Lopunny, F, shiny
|poke|p2|Landorus-Therian, M, shiny
|poke|p2|Greninja, F, shiny
|poke|p2|Tyranitar, F
|poke|p2|Excadrill, F, shiny
|poke|p2|Talonflame, F, shiny
|rule|Swagger Clause: Swagger is banned
|rule|Baton Pass Clause: Limit one PokÃ©mon knowing Baton Pass
|rule|Sleep Clause Mod: Limit one foe put to sleep
|rule|Species Clause: Limit one of each PokÃ©mon
|rule|OHKO Clause: OHKO moves are banned
|rule|Moody Clause: Moody is banned
|rule|Evasion Moves Clause: Evasion moves are banned
|rule|Endless Battle Clause: Forcing endless battles is banned
|rule|HP Percentage Mod: HP is shown in percentages
|teampreview
|join|GeRANTula
|
|start
|switch|p1a: Keldeo|Keldeo|323\/323
|switch|p2a: Tyranitar|Tyranitar, F|403\/403
|-weather|Sandstorm
|turn|1
|
|switch|p2a: Landorus-Therian|Landorus-Therian, M, shiny|319\/319
|-ability|p2a: Landorus-Therian|Intimidate|[of] p1a: Keldeo
|-unboost|p1a: Keldeo|atk|1
|move|p1a: Keldeo|Secret Sword|p2a: Landorus-Therian
|-resisted|p2a: Landorus-Therian
|-damage|p2a: Landorus-Therian|230\/319
|
|-weather|Sandstorm|[upkeep]
|-damage|p1a: Keldeo|303\/323|[from] sandstorm
|turn|2
|
|switch|p1a: Landorus-Therian|Landorus-Therian, M|381\/381
|-ability|p1a: Landorus-Therian|Intimidate|[of] p2a: Landorus-Therian
|-unboost|p2a: Landorus-Therian|atk|1
|move|p2a: Landorus-Therian|U-turn|p1a: Landorus-Therian
|-resisted|p1a: Landorus-Therian
|-damage|p1a: Landorus-Therian|356\/381
|
|switch|p2a: Excadrill|Excadrill, F, shiny|361\/361
|
|-weather|Sandstorm|[upkeep]
|-heal|p1a: Landorus-Therian|379\/381|[from] item: Leftovers
|turn|3
|
|switch|p2a: Landorus-Therian|Landorus-Therian, M, shiny|230\/319
|-ability|p2a: Landorus-Therian|Intimidate|[of] p1a: Landorus-Therian
|-unboost|p1a: Landorus-Therian|atk|1
|switch|p1a: Ferrothorn|Ferrothorn, M|352\/352
|
|-weather|Sandstorm|[upkeep]
|turn|4
|
|switch|p2a: Tyranitar|Tyranitar, F|403\/403
|move|p1a: Ferrothorn|Spikes|p2a: Tyranitar
|-sidestart|p2: Kiull|Spikes
|
|-weather|Sandstorm|[upkeep]
|turn|5
|
|switch|p1a: Landorus-Therian|Landorus-Therian, M|379\/381
|-ability|p1a: Landorus-Therian|Intimidate|[of] p2a: Tyranitar
|-unboost|p2a: Tyranitar|atk|1
|move|p2a: Tyranitar|Stealth Rock|p1a: Landorus-Therian
|-sidestart|p1: PlizardGoesRawr|move: Stealth Rock
|
|-weather|Sandstorm|[upkeep]
|-heal|p1a: Landorus-Therian|381\/381|[from] item: Leftovers
|turn|6
|
|move|p1a: Landorus-Therian|Stealth Rock|p2a: Tyranitar
|-sidestart|p2: Kiull|move: Stealth Rock
|move|p2a: Tyranitar|Ice Beam|p1a: Landorus-Therian
|-supereffective|p1a: Landorus-Therian
|-damage|p1a: Landorus-Therian|81\/381
|
|-weather|Sandstorm|[upkeep]
|-heal|p1a: Landorus-Therian|104\/381|[from] item: Leftovers
|turn|7
|
|move|p1a: Landorus-Therian|U-turn|p2a: Tyranitar
|-supereffective|p2a: Tyranitar
|-damage|p2a: Tyranitar|295\/403
|
|move|p2a: Tyranitar|Pursuit|p1a: Landorus-Therian|[from]Pursuit
|-damage|p1a: Landorus-Therian|41\/381
|switch|p1a: Conkeldurr|Conkeldurr, M|352\/352
|-damage|p1a: Conkeldurr|330\/352|[from] Stealth Rock
|
|-weather|Sandstorm|[upkeep]
|-damage|p1a: Conkeldurr|308\/352|[from] sandstorm
|turn|8
|
|switch|p2a: Landorus-Therian|Landorus-Therian, M, shiny|230\/319
|-damage|p2a: Landorus-Therian|191\/319|[from] Stealth Rock
|-ability|p2a: Landorus-Therian|Intimidate|[of] p1a: Conkeldurr
|-unboost|p1a: Conkeldurr|atk|1
|move|p1a: Conkeldurr|Ice Punch|p2a: Landorus-Therian
|-supereffective|p2a: Landorus-Therian
|-damage|p2a: Landorus-Therian|0 fnt
|faint|p2a: Landorus-Therian
|
|-weather|none
|
|switch|p2a: Talonflame|Talonflame, F, shiny|297\/297
|-damage|p2a: Talonflame|149\/297|[from] Stealth Rock
|turn|9
|
|switch|p1a: Ferrothorn|Ferrothorn, M|352\/352
|-damage|p1a: Ferrothorn|330\/352|[from] Stealth Rock
|move|p2a: Talonflame|Roost|p2a: Talonflame
|-heal|p2a: Talonflame|297\/297
|
|turn|10
|
|switch|p2a: Tyranitar|Tyranitar, F|295\/403
|-damage|p2a: Tyranitar|245\/403|[from] Spikes
|-damage|p2a: Tyranitar|195\/403|[from] Stealth Rock
|-weather|Sandstorm
|move|p1a: Ferrothorn|Leech Seed|p2a: Tyranitar
|-start|p2a: Tyranitar|move: Leech Seed
|
|-weather|Sandstorm|[upkeep]
|-damage|p2a: Tyranitar|145\/403|[from] Leech Seed|[of] p1a: Ferrothorn
|-heal|p1a: Ferrothorn|352\/352|[silent]
|turn|11
|
|switch|p2a: Excadrill|Excadrill, F, shiny|361\/361
|-damage|p2a: Excadrill|316\/361|[from] Spikes
|-damage|p2a: Excadrill|305\/361|[from] Stealth Rock
|switch|p1a: Landorus-Therian|Landorus-Therian, M|41\/381
|-damage|p1a: Landorus-Therian|0 fnt|[from] Stealth Rock
|faint|p1a: Landorus-Therian
|
|-weather|Sandstorm|[upkeep]
|
|switch|p1a: Conkeldurr|Conkeldurr, M|308\/352
|-damage|p1a: Conkeldurr|286\/352|[from] Stealth Rock
|turn|12
|
|move|p1a: Conkeldurr|Mach Punch|p2a: Excadrill
|-supereffective|p2a: Excadrill
|-damage|p2a: Excadrill|59\/361
|move|p2a: Excadrill|Rapid Spin|p1a: Conkeldurr
|-damage|p1a: Conkeldurr|255\/352
|-sideend|p2: Kiull|Spikes|[from] move: Rapid Spin|[of] p2a: Excadrill
|-sideend|p2: Kiull|Stealth Rock|[from] move: Rapid Spin|[of] p2a: Excadrill
|
|-weather|Sandstorm|[upkeep]
|-damage|p1a: Conkeldurr|233\/352|[from] sandstorm
|turn|13
|
|switch|p2a: Talonflame|Talonflame, F, shiny|297\/297
|move|p1a: Conkeldurr|Mach Punch|p2a: Talonflame
|-resisted|p2a: Talonflame
|-damage|p2a: Talonflame|251\/297
|
|-weather|Sandstorm|[upkeep]
|-damage|p2a: Talonflame|233\/297|[from] sandstorm
|-damage|p1a: Conkeldurr|211\/352|[from] sandstorm
|turn|14
|
|move|p2a: Talonflame|Flare Blitz|p1a: Conkeldurr
|-damage|p1a: Conkeldurr|0 fnt
|-damage|p2a: Talonflame|163\/297|[from] recoil|[of] p1a: Conkeldurr
|faint|p1a: Conkeldurr
|
|-weather|Sandstorm|[upkeep]
|-damage|p2a: Talonflame|145\/297|[from] sandstorm
|
|switch|p1a: Ferrothorn|Ferrothorn, M|352\/352
|-damage|p1a: Ferrothorn|330\/352|[from] Stealth Rock
|turn|15
|
|move|p2a: Talonflame|Flare Blitz|p1a: Ferrothorn
|-crit|p1a: Ferrothorn
|-supereffective|p1a: Ferrothorn
|-damage|p1a: Ferrothorn|0 fnt
|-damage|p2a: Talonflame|108\/297|[from] ability: Iron Barbs|[of] p1a: Ferrothorn
|-damage|p2a: Talonflame|0 fnt|[from] recoil|[of] p1a: Ferrothorn
|faint|p1a: Ferrothorn
|faint|p2a: Talonflame
|
|-weather|Sandstorm|[upkeep]
|
|switch|p1a: Keldeo|Keldeo|303\/323
|switch|p2a: Excadrill|Excadrill, F, shiny|59\/361
|-damage|p1a: Keldeo|283\/323|[from] Stealth Rock
|turn|16
|
|move|p1a: Keldeo|Secret Sword|p2a: Excadrill
|-supereffective|p2a: Excadrill
|-damage|p2a: Excadrill|0 fnt
|faint|p2a: Excadrill
|
|-weather|Sandstorm|[upkeep]
|-damage|p1a: Keldeo|263\/323|[from] sandstorm
|
|switch|p2a: Lopunny|Lopunny, F, shiny|271\/271
|turn|17
|
|switch|p1a: Magnezone|Magnezone|282\/282
|-damage|p1a: Magnezone|265\/282|[from] Stealth Rock
|detailschange|p2a: Lopunny|Lopunny-Mega, F, shiny
|message|Lopunny has Mega Evolved into Mega Lopunny!
|move|p2a: Lopunny|Fake Out|p1a: Magnezone
|-resisted|p1a: Magnezone
|-damage|p1a: Magnezone|230\/282
|
|-weather|none
|turn|18
|
|move|p2a: Lopunny|High Jump Kick|p1a: Magnezone
|-supereffective|p1a: Magnezone
|-damage|p1a: Magnezone|0 fnt
|faint|p1a: Magnezone
|
|
|switch|p1a: Keldeo|Keldeo|263\/323
|-damage|p1a: Keldeo|243\/323|[from] Stealth Rock
|turn|19
|
|switch|p2a: Tyranitar|Tyranitar, F|145\/403
|-weather|Sandstorm
|move|p1a: Keldeo|Secret Sword|p2a: Tyranitar
|-supereffective|p2a: Tyranitar
|-damage|p2a: Tyranitar|0 fnt
|faint|p2a: Tyranitar
|
|-weather|Sandstorm|[upkeep]
|-damage|p1a: Keldeo|223\/323|[from] sandstorm
|
|switch|p2a: Lopunny|Lopunny-Mega, F, shiny|271\/271
|turn|20
|
|switch|p1a: Latias|Latias, F|363\/363
|-damage|p1a: Latias|318\/363|[from] Stealth Rock
|move|p2a: Lopunny|Fake Out|p1a: Latias
|-damage|p1a: Latias|251\/363
|
|-weather|Sandstorm|[upkeep]
|-damage|p2a: Lopunny|255\/271|[from] sandstorm
|-damage|p1a: Latias|229\/363|[from] sandstorm
|turn|21
|
|switch|p2a: Greninja|Greninja, F, shiny|285\/285
|detailschange|p1a: Latias|Latias-Mega, F
|message|Latias has Mega Evolved into Mega Latias!
|move|p1a: Latias|Recover|p1a: Latias
|-heal|p1a: Latias|363\/363
|
|-weather|Sandstorm|[upkeep]
|-damage|p2a: Greninja|268\/285|[from] sandstorm
|-damage|p1a: Latias|341\/363|[from] sandstorm
|turn|22
|
|move|p2a: Greninja|Ice Beam|p1a: Latias
|-start|p2a: Greninja|typechange|Ice|[from] Protean
|-supereffective|p1a: Latias
|-damage|p1a: Latias|73\/363
|-status|p1a: Latias|frz
|-damage|p2a: Greninja|240\/285|[from] item: Life Orb
|cant|p1a: Latias|frz
|
|-weather|Sandstorm|[upkeep]
|-damage|p2a: Greninja|223\/285|[from] sandstorm
|-damage|p1a: Latias|51\/363 frz|[from] sandstorm
|turn|23
|
|move|p2a: Greninja|U-turn|p1a: Latias
|-start|p2a: Greninja|typechange|Bug|[from] Protean
|-supereffective|p1a: Latias
|-damage|p1a: Latias|0 fnt
|-damage|p2a: Greninja|195\/285|[from] item: Life Orb
|faint|p1a: Latias
|
|switch|p2a: Lopunny|Lopunny-Mega, F, shiny|255\/271
|
|-weather|Sandstorm|[upkeep]
|-damage|p2a: Lopunny|239\/271|[from] sandstorm
|
|switch|p1a: Keldeo|Keldeo|223\/323
|-damage|p1a: Keldeo|203\/323|[from] Stealth Rock
|turn|24
|
|move|p2a: Lopunny|Fake Out|p1a: Keldeo
|-damage|p1a: Keldeo|115\/323
|cant|p1a: Keldeo|flinch
|
|-weather|Sandstorm|[upkeep]
|-damage|p1a: Keldeo|95\/323|[from] sandstorm
|-damage|p2a: Lopunny|223\/271|[from] sandstorm
|turn|25
|
|switch|p2a: Greninja|Greninja, F, shiny|195\/285
|move|p1a: Keldeo|Secret Sword|p2a: Greninja
|-supereffective|p2a: Greninja
|-damage|p2a: Greninja|0 fnt
|faint|p2a: Greninja
|
|-weather|Sandstorm|[upkeep]
|-damage|p1a: Keldeo|75\/323|[from] sandstorm
|
|switch|p2a: Lopunny|Lopunny-Mega, F, shiny|223\/271
|turn|26
|c| GeRANTula|mad?
|c|âPlizardGoesRawr|so i get frozen in the turn that i have been chosen recover just bc mixed greninja with u turn will put me in this bullshit, just great
|c|âPlizardGoesRawr|awful
|
|move|p2a: Lopunny|Fake Out|p1a: Keldeo
|-damage|p1a: Keldeo|0 fnt
|faint|p1a: Keldeo
|
|win|Kiull
|raw|Ladder updating...
|raw|PlizardGoesRawr's rating: 1644 &rarr; <strong>1611<\/strong><br \/>(-33 for losing)
|raw|Kiull's rating: 1395 &rarr; <strong>1428<\/strong><br \/>(+33 for winning)
|leave|PlizardGoesRawr
|player|p1