|join|dorkman75
|join|Kiull
|player|p1|dorkman75|176
|player|p2|Kiull|33
|gametype|singles
|gen|6
|tier|OU
|rated
|clearpoke
|poke|p1|Heracross, M
|poke|p1|Shuckle, F
|poke|p1|Azumarill, F
|poke|p1|Landorus, M
|poke|p1|Heatran, F
|poke|p1|Starmie
|poke|p2|Breloom, F
|poke|p2|Gyarados, F, shiny
|poke|p2|Tyranitar, F
|poke|p2|Thundurus, M
|poke|p2|Landorus, M
|poke|p2|Scizor, M
|rule|Swagger Clause: Swagger is banned
|rule|Baton Pass Clause: Limit one PokÃ©mon knowing Baton Pass
|rule|Sleep Clause Mod: Limit one foe put to sleep
|rule|Species Clause: Limit one of each PokÃ©mon
|rule|OHKO Clause: OHKO moves are banned
|rule|Moody Clause: Moody is banned
|rule|Evasion Moves Clause: Evasion moves are banned
|rule|Endless Battle Clause: Forcing endless battles is banned
|rule|HP Percentage Mod: HP is shown in percentages
|teampreview
|
|start
|switch|p1a: Shuckle|Shuckle, F|243\/243
|switch|p2a: Mushroom|Breloom, F|262\/262
|turn|1
|join|Electrolled
|leave|Electrolled
|join|njkdhfaf
|
|switch|p1a: Heracross|Heracross, M|301\/301
|move|p2a: Mushroom|Spore|p1a: Heracross
|-status|p1a: Heracross|slp
|
|turn|2
|
|switch|p1a: Shuckle|Shuckle, F|243\/243
|move|p2a: Mushroom|Rock Tomb|p1a: Shuckle
|-supereffective|p1a: Shuckle
|-damage|p1a: Shuckle|165\/243
|-unboost|p1a: Shuckle|spe|1
|
|-heal|p1a: Shuckle|180\/243|[from] item: Leftovers
|turn|3
|
|switch|p2a: Water Snake|Gyarados, F, shiny|331\/331
|-ability|p2a: Water Snake|Intimidate|[of] p1a: Shuckle
|-unboost|p1a: Shuckle|atk|1
|move|p1a: Shuckle|Sticky Web|p2a: Water Snake
|-sidestart|p2: Kiull|move: Sticky Web
|
|-heal|p1a: Shuckle|195\/243|[from] item: Leftovers
|turn|4
|
|switch|p1a: Azumarill|Azumarill, F|341\/341
|move|p2a: Water Snake|Dragon Dance|p2a: Water Snake
|-boost|p2a: Water Snake|atk|1
|-boost|p2a: Water Snake|spe|1
|
|turn|5
|
|switch|p2a: Scizor|Scizor, M|344\/344
|-activate|p2a: Scizor|move: Sticky Web
|-unboost|p2a: Scizor|spe|1
|move|p1a: Azumarill|Play Rough|p2a: Scizor
|-resisted|p2a: Scizor
|-damage|p2a: Scizor|190\/344
|
|turn|6
|
|move|p1a: Azumarill|Play Rough|p2a: Scizor
|-resisted|p2a: Scizor
|-damage|p2a: Scizor|50\/344
|move|p2a: Scizor|Knock Off|p1a: Azumarill
|-resisted|p1a: Azumarill
|-damage|p1a: Azumarill|232\/341
|-enditem|p1a: Azumarill|Choice Band|[from] move: Knock Off|[of] p2a: Scizor
|
|turn|7
|
|move|p1a: Azumarill|Aqua Jet|p2a: Scizor
|-damage|p2a: Scizor|0 fnt
|faint|p2a: Scizor
|
|
|switch|p2a: Mushroom|Breloom, F|262\/262
|-activate|p2a: Mushroom|move: Sticky Web
|-unboost|p2a: Mushroom|spe|1
|turn|8
|
|move|p1a: Azumarill|Play Rough|p2a: Mushroom
|-supereffective|p2a: Mushroom
|-enditem|p2a: Mushroom|Focus Sash
|-damage|p2a: Mushroom|1\/262
|move|p2a: Mushroom|Bullet Seed|p1a: Azumarill
|-supereffective|p1a: Azumarill
|-damage|p1a: Azumarill|80\/341
|-supereffective|p1a: Azumarill
|-damage|p1a: Azumarill|0 fnt
|-hitcount|p1a: Azumarill|2
|faint|p1a: Azumarill
|
|
|switch|p1a: Starmie|Starmie|261\/261
|turn|9
|
|move|p2a: Mushroom|Mach Punch|p1a: Starmie
|-crit|p1a: Starmie
|-resisted|p1a: Starmie
|-damage|p1a: Starmie|171\/261
|move|p1a: Starmie|Psychic|p2a: Mushroom
|-supereffective|p2a: Mushroom
|-damage|p2a: Mushroom|0 fnt
|-damage|p1a: Starmie|145\/261|[from] item: Life Orb
|faint|p2a: Mushroom
|
|
|switch|p2a: Not A Dragon|Tyranitar, F|341\/341
|-activate|p2a: Not A Dragon|move: Sticky Web
|-unboost|p2a: Not A Dragon|spe|1
|-weather|Sandstorm
|turn|10
|
|switch|p1a: Shuckle|Shuckle, F|195\/243
|move|p2a: Not A Dragon|Crunch|p1a: Shuckle
|-damage|p1a: Shuckle|144\/243
|
|-weather|Sandstorm|[upkeep]
|-heal|p1a: Shuckle|159\/243|[from] item: Leftovers
|turn|11
|
|switch|p2a: God|Landorus, M|319\/319
|move|p1a: Shuckle|Stealth Rock|p2a: God
|-sidestart|p2: Kiull|move: Stealth Rock
|
|-weather|Sandstorm|[upkeep]
|-heal|p1a: Shuckle|174\/243|[from] item: Leftovers
|turn|12
|c|âdorkman75|u know man
|
|switch|p1a: Heracross|Heracross, M|301\/301 slp
|move|p2a: God|Stealth Rock|p1a: Heracross
|-sidestart|p1: dorkman75|move: Stealth Rock
|
|-weather|Sandstorm|[upkeep]
|-damage|p1a: Heracross|283\/301 slp|[from] sandstorm
|turn|13
|leave|njkdhfaf
|join|njkdhfaf
|c|âKiull|no
|
|detailschange|p1a: Heracross|Heracross-Mega, M
|-mega|p1a: Heracross|Heracross|Heracronite
|move|p2a: God|Psychic|p1a: Heracross
|-supereffective|p1a: Heracross
|-damage|p1a: Heracross|0 fnt
|faint|p1a: Heracross
|
|-weather|Sandstorm|[upkeep]
|c|âKiull|i dont
|c|âdorkman75|lando is baded
|c|âdorkman75|based
|
|switch|p1a: Starmie|Starmie|145\/261
|-damage|p1a: Starmie|113\/261|[from] Stealth Rock
|turn|14
|c|âdorkman75|based lord landorus-i
|
|move|p1a: Starmie|Ice Beam|p2a: God
|-supereffective|p2a: God
|-damage|p2a: God|0 fnt
|-damage|p1a: Starmie|87\/261|[from] item: Life Orb
|faint|p2a: God
|
|-weather|none
|
|switch|p2a: God|Thundurus, M|299\/299
|-damage|p2a: God|225\/299|[from] Stealth Rock
|turn|15
|
|move|p2a: God|Thunder Wave|p1a: Starmie
|-status|p1a: Starmie|par
|move|p1a: Starmie|Ice Beam|p2a: God
|-supereffective|p2a: God
|-damage|p2a: God|0 fnt
|-damage|p1a: Starmie|61\/261 par|[from] item: Life Orb
|faint|p2a: God
|
|
|switch|p2a: Water Snake|Gyarados, F, shiny|331\/331
|-damage|p2a: Water Snake|249\/331|[from] Stealth Rock
|-ability|p2a: Water Snake|Intimidate|[of] p1a: Starmie
|-unboost|p1a: Starmie|atk|1
|turn|16
|
|detailschange|p2a: Water Snake|Gyarados-Mega, F, shiny
|-mega|p2a: Water Snake|Gyarados|Gyaradosite
|-ability|p2a: Water Snake|Mold Breaker
|move|p2a: Water Snake|Dragon Dance|p2a: Water Snake
|-boost|p2a: Water Snake|atk|1
|-boost|p2a: Water Snake|spe|1
|cant|p1a: Starmie|par
|
|turn|17
|c|âdorkman75|gg
|
|switch|p1a: Shuckle|Shuckle, F|174\/243
|-damage|p1a: Shuckle|114\/243|[from] Stealth Rock
|move|p2a: Water Snake|Waterfall|p1a: Shuckle
|-supereffective|p1a: Shuckle
|-damage|p1a: Shuckle|0 fnt
|faint|p1a: Shuckle
|
|
|switch|p1a: Heatran|Heatran, F|323\/323
|-damage|p1a: Heatran|283\/323|[from] Stealth Rock
|turn|18
|c|âdorkman75|so your gonna miss waterfall k?
|c|âKiull|k
|
|move|p2a: Water Snake|Waterfall|p1a: Heatran
|-supereffective|p1a: Heatran
|-damage|p1a: Heatran|0 fnt
|faint|p1a: Heatran
|
|c|âdorkman75|click crunch if you have balls
|c|âKiull|dont have it
|
|switch|p1a: Landorus|Landorus, M|319\/319
|-damage|p1a: Landorus|280\/319|[from] Stealth Rock
|turn|19
|c|âdorkman75|it will kill  cmon
|
|move|p2a: Water Snake|Waterfall|p1a: Landorus
|-supereffective|p1a: Landorus
|-damage|p1a: Landorus|0 fnt
|faint|p1a: Landorus
|
|
|switch|p1a: Starmie|Starmie|61\/261 par
|-damage|p1a: Starmie|29\/261 par|[from] Stealth Rock
|turn|20
|
|move|p2a: Water Snake|Ice Fang|p1a: Starmie
|-resisted|p1a: Starmie
|-damage|p1a: Starmie|0 fnt
|faint|p1a: Starmie
|
|win|Kiull
|raw|Ladder updating...
|c|âdorkman75|gg