|join|TheSkyAboveUs
|join|Kiull
|player|p1|TheSkyAboveUs|266
|player|p2|Kiull|97
|gametype|singles
|gen|6
|tier|OU
|rated
|clearpoke
|poke|p1|Sableye, F, shiny
|poke|p1|Chansey, F, shiny
|poke|p1|Quagsire, F, shiny
|poke|p1|Skarmory, F, shiny
|poke|p1|Gliscor, M, shiny
|poke|p1|Cresselia, F, shiny
|poke|p2|Heatran, F, shiny
|poke|p2|Talonflame, F
|poke|p2|Venusaur, F
|poke|p2|Starmie, shiny
|poke|p2|Sylveon, F, shiny
|poke|p2|Garchomp, F, shiny
|rule|Swagger Clause: Swagger is banned
|rule|Baton Pass Clause: Limit one PokÃ©mon knowing Baton Pass
|rule|Sleep Clause Mod: Limit one foe put to sleep
|rule|Species Clause: Limit one of each PokÃ©mon
|rule|OHKO Clause: OHKO moves are banned
|rule|Moody Clause: Moody is banned
|rule|Evasion Moves Clause: Evasion moves are banned
|rule|Endless Battle Clause: Forcing endless battles is banned
|rule|HP Percentage Mod: HP is shown in percentages
|teampreview
|c|âKiull|holy shit youre a poopyhead
|c|âTheSkyAboveUs|love u 2
|
|start
|switch|p1a: Sableye|Sableye, F, shiny|301\/301
|switch|p2a: Venusaur|Venusaur, F|342\/342
|turn|1
|
|switch|p2a: Sylveon|Sylveon, F, shiny|394\/394
|switch|p1a: Chansey|Chansey, F, shiny|703\/703
|
|turn|2
|
|move|p2a: Sylveon|Psyshock|p1a: Chansey
|-damage|p1a: Chansey|516\/703
|move|p1a: Chansey|Stealth Rock|p2a: Sylveon
|-sidestart|p2: Kiull|move: Stealth Rock
|
|turn|3
|
|switch|p2a: Venusaur|Venusaur, F|342\/342
|-damage|p2a: Venusaur|300\/342|[from] Stealth Rock
|move|p1a: Chansey|Thunder Wave|p2a: Venusaur
|-status|p2a: Venusaur|par
|
|turn|4
|
|detailschange|p2a: Venusaur|Venusaur-Mega, F
|-mega|p2a: Venusaur|Venusaur|Venusaurite
|move|p1a: Chansey|Seismic Toss|p2a: Venusaur
|-damage|p2a: Venusaur|200\/342 par
|move|p2a: Venusaur|Knock Off|p1a: Chansey
|-damage|p1a: Chansey|430\/703
|-enditem|p1a: Chansey|Eviolite|[from] move: Knock Off|[of] p2a: Venusaur
|
|turn|5
|c|âTheSkyAboveUs|that just gave me cancer
|
|move|p1a: Chansey|Seismic Toss|p2a: Venusaur
|-damage|p2a: Venusaur|100\/342 par
|move|p2a: Venusaur|Synthesis|p2a: Venusaur
|-heal|p2a: Venusaur|271\/342 par
|
|turn|6
|c|âKiull|have you seen your team?
|c|âTheSkyAboveUs|its legit
|c|âKiull|kys
|
|switch|p2a: Garchomp|Garchomp, F, shiny|357\/357
|-damage|p2a: Garchomp|335\/357|[from] Stealth Rock
|move|p1a: Chansey|Seismic Toss|p2a: Garchomp
|-damage|p2a: Garchomp|235\/357
|-damage|p1a: Chansey|343\/703|[from] ability: Rough Skin|[of] p2a: Garchomp
|
|turn|7
|c|âTheSkyAboveUs|kys?
|
|move|p2a: Garchomp|Dragon Claw|p1a: Chansey
|-damage|p1a: Chansey|37\/703
|move|p1a: Chansey|Soft-Boiled|p1a: Chansey
|-heal|p1a: Chansey|389\/703
|
|turn|8
|c|âTheSkyAboveUs|cancel button  no work
|
|move|p2a: Garchomp|Earthquake|p1a: Chansey
|-damage|p1a: Chansey|7\/703
|move|p1a: Chansey|Soft-Boiled|p1a: Chansey
|-heal|p1a: Chansey|359\/703
|
|turn|9
|c|âTheSkyAboveUs|u cant break me
|
|switch|p2a: Starmie|Starmie, shiny|262\/262
|-damage|p2a: Starmie|230\/262|[from] Stealth Rock
|switch|p1a: Skarmory|Skarmory, F, shiny|333\/333
|
|turn|10
|
|switch|p1a: Sableye|Sableye, F, shiny|301\/301
|move|p2a: Starmie|Rapid Spin|p1a: Sableye
|-immune|p1a: Sableye|[msg]
|
|turn|11
|
|switch|p2a: Venusaur|Venusaur-Mega, F|271\/342 par
|-damage|p2a: Venusaur|229\/342 par|[from] Stealth Rock
|detailschange|p1a: Sableye|Sableye-Mega, F, shiny
|-mega|p1a: Sableye|Sableye|Sablenite
|move|p1a: Sableye|Calm Mind|p1a: Sableye
|-boost|p1a: Sableye|spa|1
|-boost|p1a: Sableye|spd|1
|
|turn|12
|
|move|p1a: Sableye|Dark Pulse|p2a: Venusaur
|-damage|p2a: Venusaur|124\/342 par
|move|p2a: Venusaur|Sludge Bomb|p1a: Sableye
|-resisted|p1a: Sableye
|-damage|p1a: Sableye|253\/301
|
|turn|13
|
|move|p1a: Sableye|Dark Pulse|p2a: Venusaur
|-damage|p2a: Venusaur|19\/342 par
|move|p2a: Venusaur|Synthesis|p2a: Venusaur
|-heal|p2a: Venusaur|190\/342 par
|
|turn|14
|
|switch|p1a: Chansey|Chansey, F, shiny|359\/703
|switch|p2a: Garchomp|Garchomp, F, shiny|235\/357
|-damage|p2a: Garchomp|213\/357|[from] Stealth Rock
|
|turn|15
|c|âTheSkyAboveUs|nice
|
|switch|p1a: Skarmory|Skarmory, F, shiny|333\/333
|move|p2a: Garchomp|Swords Dance|p2a: Garchomp
|-boost|p2a: Garchomp|atk|2
|
|turn|16
|
|move|p2a: Garchomp|Dragon Claw|p1a: Skarmory
|-resisted|p1a: Skarmory
|-damage|p1a: Skarmory|259\/333
|move|p1a: Skarmory|Whirlwind|p2a: Garchomp
|drag|p2a: Heatran|Heatran, F, shiny|385\/385
|-damage|p2a: Heatran|337\/385|[from] Stealth Rock
|-item|p2a: Heatran|Air Balloon
|
|turn|17
|c|âTheSkyAboveUs|get the fuck outta here
|
|switch|p1a: Chansey|Chansey, F, shiny|359\/703
|move|p2a: Heatran|Stealth Rock|p1a: Chansey
|-sidestart|p1: TheSkyAboveUs|move: Stealth Rock
|
|turn|18
|c|âTheSkyAboveUs|predicted that but couldt risk it
|
|switch|p2a: Starmie|Starmie, shiny|230\/262
|-damage|p2a: Starmie|198\/262|[from] Stealth Rock
|move|p1a: Chansey|Soft-Boiled|p1a: Chansey
|-heal|p1a: Chansey|703\/703
|
|turn|19
|
|switch|p2a: Venusaur|Venusaur-Mega, F|190\/342 par
|-damage|p2a: Venusaur|148\/342 par|[from] Stealth Rock
|move|p1a: Chansey|Thunder Wave|p2a: Venusaur
|-fail|p2a: Venusaur|par
|
|turn|20
|
|move|p1a: Chansey|Seismic Toss|p2a: Venusaur
|-damage|p2a: Venusaur|48\/342 par
|cant|p2a: Venusaur|par
|
|turn|21
|
|move|p1a: Chansey|Seismic Toss|p2a: Venusaur
|-damage|p2a: Venusaur|0 fnt
|faint|p2a: Venusaur
|
|
|switch|p2a: Sylveon|Sylveon, F, shiny|394\/394
|-damage|p2a: Sylveon|345\/394|[from] Stealth Rock
|turn|22
|
|move|p2a: Sylveon|Psyshock|p1a: Chansey
|-damage|p1a: Chansey|436\/703
|move|p1a: Chansey|Thunder Wave|p2a: Sylveon
|-status|p2a: Sylveon|par
|
|turn|23
|
|move|p1a: Chansey|Seismic Toss|p2a: Sylveon
|-damage|p2a: Sylveon|245\/394 par
|move|p2a: Sylveon|Psyshock|p1a: Chansey
|-damage|p1a: Chansey|163\/703
|
|turn|24
|
|switch|p2a: Starmie|Starmie, shiny|198\/262
|-damage|p2a: Starmie|166\/262|[from] Stealth Rock
|move|p1a: Chansey|Soft-Boiled|p1a: Chansey
|-heal|p1a: Chansey|515\/703
|
|turn|25
|
|switch|p1a: Sableye|Sableye-Mega, F, shiny|253\/301
|-damage|p1a: Sableye|216\/301|[from] Stealth Rock
|move|p2a: Starmie|Hydro Pump|p1a: Sableye|[miss]
|-miss|p2a: Starmie|p1a: Sableye
|
|turn|26
|
|switch|p2a: Sylveon|Sylveon, F, shiny|245\/394 par
|-damage|p2a: Sylveon|196\/394 par|[from] Stealth Rock
|move|p1a: Sableye|Recover|p1a: Sableye
|-heal|p1a: Sableye|301\/301
|
|turn|27
|
|switch|p1a: Skarmory|Skarmory, F, shiny|259\/333
|-damage|p1a: Skarmory|218\/333|[from] Stealth Rock
|move|p2a: Sylveon|Hyper Voice|p1a: Skarmory
|-resisted|p1a: Skarmory
|-damage|p1a: Skarmory|1\/333
|
|turn|28
|
|move|p1a: Skarmory|Roost|p1a: Skarmory
|-heal|p1a: Skarmory|168\/333
|move|p2a: Sylveon|Hyper Voice|p1a: Skarmory
|-resisted|p1a: Skarmory
|-damage|p1a: Skarmory|0 fnt
|faint|p1a: Skarmory
|
|
|switch|p1a: Chansey|Chansey, F, shiny|515\/703
|-damage|p1a: Chansey|428\/703|[from] Stealth Rock
|turn|29
|
|move|p1a: Chansey|Soft-Boiled|p1a: Chansey
|-heal|p1a: Chansey|703\/703
|move|p2a: Sylveon|Hyper Voice|p1a: Chansey
|-damage|p1a: Chansey|435\/703
|
|turn|30
|
|move|p1a: Chansey|Seismic Toss|p2a: Sylveon
|-damage|p2a: Sylveon|96\/394 par
|move|p2a: Sylveon|Hyper Voice|p1a: Chansey
|-damage|p1a: Chansey|141\/703
|
|turn|31
|
|move|p1a: Chansey|Soft-Boiled|p1a: Chansey
|-heal|p1a: Chansey|493\/703
|move|p2a: Sylveon|Hyper Voice|p1a: Chansey
|-damage|p1a: Chansey|211\/703
|
|turn|32
|
|switch|p2a: Starmie|Starmie, shiny|166\/262
|-damage|p2a: Starmie|134\/262|[from] Stealth Rock
|move|p1a: Chansey|Soft-Boiled|p1a: Chansey
|-heal|p1a: Chansey|563\/703
|
|turn|33
|
|switch|p1a: Sableye|Sableye-Mega, F, shiny|301\/301
|-damage|p1a: Sableye|264\/301|[from] Stealth Rock
|move|p2a: Starmie|Hydro Pump|p1a: Sableye
|-damage|p1a: Sableye|37\/301
|-damage|p2a: Starmie|108\/262|[from] item: Life Orb
|
|turn|34
|
|move|p2a: Starmie|Ice Beam|p1a: Sableye
|-damage|p1a: Sableye|0 fnt
|-damage|p2a: Starmie|82\/262|[from] item: Life Orb
|faint|p1a: Sableye
|
|
|switch|p1a: Chansey|Chansey, F, shiny|563\/703
|-damage|p1a: Chansey|476\/703|[from] Stealth Rock
|turn|35
|
|move|p2a: Starmie|Rapid Spin|p1a: Chansey
|-damage|p1a: Chansey|447\/703
|-sideend|p2: Kiull|Stealth Rock|[from] move: Rapid Spin|[of] p2a: Starmie
|-damage|p2a: Starmie|56\/262|[from] item: Life Orb
|move|p1a: Chansey|Stealth Rock|p2a: Starmie
|-sidestart|p2: Kiull|move: Stealth Rock
|
|turn|36
|
|move|p2a: Starmie|Hydro Pump|p1a: Chansey
|-damage|p1a: Chansey|252\/703
|-damage|p2a: Starmie|30\/262|[from] item: Life Orb
|move|p1a: Chansey|Soft-Boiled|p1a: Chansey
|-heal|p1a: Chansey|604\/703
|
|turn|37
|
|move|p2a: Starmie|Hydro Pump|p1a: Chansey
|-damage|p1a: Chansey|390\/703
|-damage|p2a: Starmie|4\/262|[from] item: Life Orb
|move|p1a: Chansey|Stealth Rock|p2a: Starmie
|-fail|p2a: Starmie
|
|turn|38
|
|move|p2a: Starmie|Rapid Spin|p1a: Chansey
|-damage|p1a: Chansey|359\/703
|-sideend|p2: Kiull|Stealth Rock|[from] move: Rapid Spin|[of] p2a: Starmie
|-damage|p2a: Starmie|0 fnt|[from] item: Life Orb
|faint|p2a: Starmie
|move|p1a: Chansey|Stealth Rock|p2: Starmie
|-sidestart|p2: Kiull|move: Stealth Rock
|
|
|switch|p2a: Garchomp|Garchomp, F, shiny|213\/357
|-damage|p2a: Garchomp|191\/357|[from] Stealth Rock
|turn|39
|
|switch|p1a: Quagsire|Quagsire, F, shiny|394\/394
|-damage|p1a: Quagsire|370\/394|[from] Stealth Rock
|move|p2a: Garchomp|Swords Dance|p2a: Garchomp
|-boost|p2a: Garchomp|atk|2
|
|-heal|p1a: Quagsire|394\/394|[from] item: Leftovers
|turn|40
|
|move|p2a: Garchomp|Substitute|p2a: Garchomp
|-start|p2a: Garchomp|Substitute
|-damage|p2a: Garchomp|102\/357
|move|p1a: Quagsire|Toxic|p2a: Garchomp
|
|turn|41
|
|move|p2a: Garchomp|Earthquake|p1a: Quagsire
|-damage|p1a: Quagsire|249\/394
|move|p1a: Quagsire|Earthquake|p2a: Garchomp
|-end|p2a: Garchomp|Substitute
|
|-heal|p1a: Quagsire|273\/394|[from] item: Leftovers
|turn|42
|
|move|p2a: Garchomp|Earthquake|p1a: Quagsire
|-damage|p1a: Quagsire|129\/394
|move|p1a: Quagsire|Recover|p1a: Quagsire
|-heal|p1a: Quagsire|326\/394
|
|-heal|p1a: Quagsire|350\/394|[from] item: Leftovers
|turn|43
|
|move|p2a: Garchomp|Substitute|p2a: Garchomp
|-start|p2a: Garchomp|Substitute
|-damage|p2a: Garchomp|13\/357
|-enditem|p2a: Garchomp|Salac Berry|[eat]
|-boost|p2a: Garchomp|spe|1|[from] item: Salac Berry
|move|p1a: Quagsire|Earthquake|p2a: Garchomp
|-end|p2a: Garchomp|Substitute
|
|-heal|p1a: Quagsire|374\/394|[from] item: Leftovers
|turn|44
|
|move|p2a: Garchomp|Earthquake|p1a: Quagsire
|-damage|p1a: Quagsire|239\/394
|move|p1a: Quagsire|Recover|p1a: Quagsire
|-heal|p1a: Quagsire|394\/394
|
|turn|45
|
|move|p2a: Garchomp|Earthquake|p1a: Quagsire
|-damage|p1a: Quagsire|246\/394
|move|p1a: Quagsire|Earthquake|p2a: Garchomp
|-damage|p2a: Garchomp|0 fnt
|faint|p2a: Garchomp
|
|-heal|p1a: Quagsire|270\/394|[from] item: Leftovers
|
|switch|p2a: Talonflame|Talonflame, F|359\/359
|-damage|p2a: Talonflame|180\/359|[from] Stealth Rock
|turn|46
|
|move|p2a: Talonflame|Roost|p2a: Talonflame
|-heal|p2a: Talonflame|359\/359
|move|p1a: Quagsire|Scald|p2a: Talonflame
|-supereffective|p2a: Talonflame
|-damage|p2a: Talonflame|191\/359
|
|-heal|p2a: Talonflame|213\/359|[from] item: Leftovers
|-heal|p1a: Quagsire|294\/394|[from] item: Leftovers
|turn|47
|
|move|p2a: Talonflame|Taunt|p1a: Quagsire
|-start|p1a: Quagsire|move: Taunt
|cant|p1a: Quagsire|move: Taunt|Toxic
|
|-heal|p2a: Talonflame|235\/359|[from] item: Leftovers
|-heal|p1a: Quagsire|318\/394|[from] item: Leftovers
|turn|48
|
|move|p2a: Talonflame|Brave Bird|p1a: Quagsire
|-damage|p1a: Quagsire|185\/394
|-damage|p2a: Talonflame|191\/359|[from] recoil|[of] p1a: Quagsire
|move|p1a: Quagsire|Scald|p2a: Talonflame
|-supereffective|p2a: Talonflame
|-damage|p2a: Talonflame|33\/359
|
|-heal|p2a: Talonflame|55\/359|[from] item: Leftovers
|-heal|p1a: Quagsire|209\/394|[from] item: Leftovers
|turn|49
|
|move|p2a: Talonflame|Brave Bird|p1a: Quagsire
|-damage|p1a: Quagsire|68\/394
|-damage|p2a: Talonflame|8\/359|[from] recoil|[of] p1a: Quagsire
|move|p1a: Quagsire|Earthquake|p2a: Talonflame
|-immune|p2a: Talonflame|[msg]
|
|-heal|p2a: Talonflame|30\/359|[from] item: Leftovers
|-heal|p1a: Quagsire|92\/394|[from] item: Leftovers
|-end|p1a: Quagsire|move: Taunt
|turn|50
|
|move|p2a: Talonflame|Brave Bird|p1a: Quagsire
|-damage|p1a: Quagsire|0 fnt
|-damage|p2a: Talonflame|0 fnt|[from] recoil|[of] p1a: Quagsire
|faint|p1a: Quagsire
|faint|p2a: Talonflame
|
|
|switch|p1a: Cresselia|Cresselia, F, shiny|443\/443
|switch|p2a: Sylveon|Sylveon, F, shiny|96\/394 par
|-damage|p1a: Cresselia|388\/443|[from] Stealth Rock
|-damage|p2a: Sylveon|47\/394 par|[from] Stealth Rock
|turn|51
|
|move|p1a: Cresselia|Skill Swap|p2a: Sylveon
|-activate|p1a: Cresselia|move: Skill Swap|Pixilate|Levitate|[of] p2a: Sylveon
|cant|p2a: Sylveon|par
|
|-heal|p1a: Cresselia|415\/443|[from] item: Leftovers
|turn|52
|
|move|p1a: Cresselia|Psychic|p2a: Sylveon
|-damage|p2a: Sylveon|0 fnt
|faint|p2a: Sylveon
|
|-heal|p1a: Cresselia|442\/443|[from] item: Leftovers
|c|âKiull|youre such a poopyhead virgin
|c|âTheSkyAboveUs|lol
|
|switch|p2a: Heatran|Heatran, F, shiny|337\/385
|-damage|p2a: Heatran|289\/385|[from] Stealth Rock
|-item|p2a: Heatran|Air Balloon
|turn|53
|c|âTheSkyAboveUs|im not a fagggot but i am a virgin
|
|move|p1a: Cresselia|Psychic|p2a: Heatran
|-crit|p2a: Heatran
|-resisted|p2a: Heatran
|-damage|p2a: Heatran|246\/385
|-enditem|p2a: Heatran|Air Balloon
|move|p2a: Heatran|Lava Plume|p1a: Cresselia
|-damage|p1a: Cresselia|363\/443
|-status|p1a: Cresselia|brn
|
|-heal|p1a: Cresselia|390\/443 brn|[from] item: Leftovers
|-damage|p1a: Cresselia|335\/443 brn|[from] brn
|turn|54
|
|move|p1a: Cresselia|Skill Swap|p2a: Heatran
|-activate|p1a: Cresselia|move: Skill Swap|Flash Fire|Pixilate|[of] p2a: Heatran
|move|p2a: Heatran|Flash Cannon|p1a: Cresselia
|-damage|p1a: Cresselia|244\/443 brn
|
|-heal|p1a: Cresselia|271\/443 brn|[from] item: Leftovers
|-damage|p1a: Cresselia|216\/443 brn|[from] brn
|turn|55
|c|âTheSkyAboveUs|ur pretty good not going to lie
|
|move|p1a: Cresselia|Moonlight|p1a: Cresselia
|-heal|p1a: Cresselia|437\/443 brn
|move|p2a: Heatran|Flash Cannon|p1a: Cresselia
|-damage|p1a: Cresselia|359\/443 brn
|
|-heal|p1a: Cresselia|386\/443 brn|[from] item: Leftovers
|-damage|p1a: Cresselia|331\/443 brn|[from] brn
|turn|56
|c|âKiull|are youre awefull at the game beacuse you play stall
|c|âTheSkyAboveUs|yea
|c|âTheSkyAboveUs|so i use stall to climb :)
|c|âKiull|thats fucking gay and boring
|
|move|p1a: Cresselia|Psychic|p2a: Heatran
|-resisted|p2a: Heatran
|-damage|p2a: Heatran|216\/385
|move|p2a: Heatran|Flash Cannon|p1a: Cresselia
|-damage|p1a: Cresselia|244\/443 brn
|
|-heal|p1a: Cresselia|271\/443 brn|[from] item: Leftovers
|-damage|p1a: Cresselia|216\/443 brn|[from] brn
|turn|57
|c|âTheSkyAboveUs|sorry to hear that
|
|move|p1a: Cresselia|Moonlight|p1a: Cresselia
|-heal|p1a: Cresselia|437\/443 brn
|move|p2a: Heatran|Flash Cannon|p1a: Cresselia
|-damage|p1a: Cresselia|359\/443 brn
|
|-heal|p1a: Cresselia|386\/443 brn|[from] item: Leftovers
|-damage|p1a: Cresselia|331\/443 brn|[from] brn
|turn|58
|c|âKiull|i would have most likely won too if that hydro didnt miss or i didnt get para
|
|move|p1a: Cresselia|Psychic|p2a: Heatran
|-resisted|p2a: Heatran
|-damage|p2a: Heatran|189\/385
|move|p2a: Heatran|Flash Cannon|p1a: Cresselia
|-damage|p1a: Cresselia|250\/443 brn
|
|-heal|p1a: Cresselia|277\/443 brn|[from] item: Leftovers
|-damage|p1a: Cresselia|222\/443 brn|[from] brn
|turn|59
|c|âTheSkyAboveUs|hey ur right
|c|âTheSkyAboveUs|but i dont control that
|
|move|p1a: Cresselia|Psychic|p2a: Heatran
|-resisted|p2a: Heatran
|-damage|p2a: Heatran|160\/385
|move|p2a: Heatran|Flash Cannon|p1a: Cresselia
|-damage|p1a: Cresselia|146\/443 brn
|
|-heal|p1a: Cresselia|173\/443 brn|[from] item: Leftovers
|-damage|p1a: Cresselia|118\/443 brn|[from] brn
|turn|60
|c|âKiull|no but you pro for it because you play stall because youre skill less
|c|âKiull|pray*
|
|move|p1a: Cresselia|Moonlight|p1a: Cresselia
|-heal|p1a: Cresselia|339\/443 brn
|move|p2a: Heatran|Flash Cannon|p1a: Cresselia
|-damage|p1a: Cresselia|255\/443 brn
|
|-heal|p1a: Cresselia|282\/443 brn|[from] item: Leftovers
|-damage|p1a: Cresselia|227\/443 brn|[from] brn
|turn|61
|c|âTheSkyAboveUs|stall is a legit play style just like ho and balance
|c|âTheSkyAboveUs|i understand where u r coming at if i used bp
|
|move|p1a: Cresselia|Psychic|p2a: Heatran
|-crit|p2a: Heatran
|-resisted|p2a: Heatran
|-damage|p2a: Heatran|116\/385
|move|p2a: Heatran|Flash Cannon|p1a: Cresselia
|-damage|p1a: Cresselia|151\/443 brn
|
|-heal|p1a: Cresselia|178\/443 brn|[from] item: Leftovers
|-damage|p1a: Cresselia|123\/443 brn|[from] brn
|turn|62
|c|âKiull|well no shit its a play style but the fucking kid that play that way are fucking poopyheads
|
|move|p1a: Cresselia|Moonlight|p1a: Cresselia
|-heal|p1a: Cresselia|344\/443 brn
|move|p2a: Heatran|Flash Cannon|p1a: Cresselia
|-crit|p1a: Cresselia
|-damage|p1a: Cresselia|229\/443 brn
|
|-heal|p1a: Cresselia|256\/443 brn|[from] item: Leftovers
|-damage|p1a: Cresselia|201\/443 brn|[from] brn
|turn|63
|c|âTheSkyAboveUs|why?
|c|âTheSkyAboveUs|are u just mad bcuz u lost
|c|âKiull|do you see what turn we are on and what you are doing you can win right now
|c|âTheSkyAboveUs|ur right sorry
|c|âKiull|you are making the game almost endless
|
|move|p1a: Cresselia|Psychic|p2a: Heatran
|-resisted|p2a: Heatran
|-damage|p2a: Heatran|85\/385
|move|p2a: Heatran|Flash Cannon|p1a: Cresselia
|-damage|p1a: Cresselia|123\/443 brn
|
|-heal|p1a: Cresselia|150\/443 brn|[from] item: Leftovers
|-damage|p1a: Cresselia|95\/443 brn|[from] brn
|turn|64
|
|move|p1a: Cresselia|Psychic|p2a: Heatran
|-resisted|p2a: Heatran
|-damage|p2a: Heatran|58\/385
|move|p2a: Heatran|Flash Cannon|p1a: Cresselia
|-damage|p1a: Cresselia|8\/443 brn
|
|-heal|p1a: Cresselia|35\/443 brn|[from] item: Leftovers
|-damage|p1a: Cresselia|0 fnt|[from] brn
|faint|p1a: Cresselia
|c|âTheSkyAboveUs|gg
|
|switch|p1a: Gliscor|Gliscor, M, shiny|352\/352
|-damage|p1a: Gliscor|308\/352|[from] Stealth Rock
|turn|65
|c|âKiull|bg
|
|move|p1a: Gliscor|Earthquake|p2a: Heatran
|-supereffective|p2a: Heatran
|-damage|p2a: Heatran|0 fnt
|faint|p2a: Heatran
|
|win|TheSkyAboveUs
|raw|Ladder updating...
|raw|TheSkyAboveUs's rating: 1510 &rarr; <strong>1535<\/strong><br \/>(+25 for winning)
|raw|Kiull's rating: 1593 &rarr; <strong>1568<\/strong><br \/>(-25 for losing)
|c|âTheSkyAboveUs|:(
|c|âKiull|kys and make a good team poopyhead
|leave|TheSkyAboveUs