|join|Raedwulf
|join|Kiull
|player|p1|Raedwulf|164
|player|p2|Kiull|33
|gametype|singles
|gen|6
|tier|OU
|rated
|clearpoke
|poke|p1|Tyranitar, M
|poke|p1|Landorus-Therian, M
|poke|p1|Latias, F
|poke|p1|Rotom-Wash
|poke|p1|Excadrill, M
|poke|p1|Scizor, F
|poke|p2|Altaria, F, shiny
|poke|p2|Landorus, M, shiny
|poke|p2|Rotom-Wash, shiny
|poke|p2|Latios, M, shiny
|poke|p2|Heatran, F, shiny
|poke|p2|Conkeldurr, F, shiny
|rule|Swagger Clause: Swagger is banned
|rule|Baton Pass Clause: Limit one PokÃ©mon knowing Baton Pass
|rule|Sleep Clause Mod: Limit one foe put to sleep
|rule|Species Clause: Limit one of each PokÃ©mon
|rule|OHKO Clause: OHKO moves are banned
|rule|Moody Clause: Moody is banned
|rule|Evasion Moves Clause: Evasion moves are banned
|rule|Endless Battle Clause: Forcing endless battles is banned
|rule|HP Percentage Mod: HP is shown in percentages
|teampreview
|
|start
|switch|p1a: Landorus-Therian|Landorus-Therian, M|320\/320
|switch|p2a: Latios|Latios, M, shiny|302\/302
|-ability|p1a: Landorus-Therian|Intimidate|[of] p2a: Latios
|-unboost|p2a: Latios|atk|1
|turn|1
|
|move|p2a: Latios|Draco Meteor|p1a: Landorus-Therian
|-damage|p1a: Landorus-Therian|43\/320
|-unboost|p2a: Latios|spa|2
|move|p1a: Landorus-Therian|U-turn|p2a: Latios
|-supereffective|p2a: Latios
|-damage|p2a: Latios|76\/302
|
|switch|p1a: Scizor|Scizor, F|303\/303
|
|turn|2
|
|switch|p2a: Landorus|Landorus, M, shiny|319\/319
|detailschange|p1a: Scizor|Scizor-Mega, F
|-mega|p1a: Scizor|Scizor|Scizorite
|move|p1a: Scizor|Superpower|p2a: Landorus
|-resisted|p2a: Landorus
|-damage|p2a: Landorus|231\/319
|-unboost|p1a: Scizor|atk|1
|-unboost|p1a: Scizor|def|1
|
|turn|3
|
|switch|p1a: Rotom-Wash|Rotom-Wash|304\/304
|move|p2a: Landorus|Stealth Rock|p1a: Rotom-Wash
|-sidestart|p1: Raedwulf|move: Stealth Rock
|
|turn|4
|
|switch|p2a: Conkeldurr|Conkeldurr, F, shiny|352\/352
|move|p1a: Rotom-Wash|Hydro Pump|p2a: Conkeldurr
|-damage|p2a: Conkeldurr|265\/352
|
|turn|5
|
|move|p1a: Rotom-Wash|Volt Switch|p2a: Conkeldurr
|-damage|p2a: Conkeldurr|214\/352
|
|switch|p1a: Latias|Latias, F|319\/319
|-damage|p1a: Latias|280\/319|[from] Stealth Rock
|move|p2a: Conkeldurr|Knock Off|p1a: Latias
|-supereffective|p1a: Latias
|-damage|p1a: Latias|16\/319
|-enditem|p1a: Latias|Life Orb|[from] move: Knock Off|[of] p2a: Conkeldurr
|
|turn|6
|
|move|p2a: Conkeldurr|Mach Punch|p1a: Latias
|-resisted|p1a: Latias
|-damage|p1a: Latias|0 fnt
|faint|p1a: Latias
|
|
|switch|p1a: Scizor|Scizor-Mega, F|303\/303
|-damage|p1a: Scizor|266\/303|[from] Stealth Rock
|turn|7
|
|move|p1a: Scizor|Swords Dance|p1a: Scizor
|-boost|p1a: Scizor|atk|2
|move|p2a: Conkeldurr|Drain Punch|p1a: Scizor
|-damage|p1a: Scizor|157\/303
|-heal|p2a: Conkeldurr|269\/352|[from] drain|[of] p1a: Scizor
|
|turn|8
|
|move|p1a: Scizor|Bug Bite|p2a: Conkeldurr
|-resisted|p2a: Conkeldurr
|-damage|p2a: Conkeldurr|66\/352
|move|p2a: Conkeldurr|Drain Punch|p1a: Scizor
|-damage|p1a: Scizor|49\/303
|-heal|p2a: Conkeldurr|120\/352|[from] drain|[of] p1a: Scizor
|
|turn|9
|
|move|p1a: Scizor|Bullet Punch|p2a: Conkeldurr
|-damage|p2a: Conkeldurr|0 fnt
|faint|p2a: Conkeldurr
|
|
|switch|p2a: Rotom-Wash|Rotom-Wash, shiny|303\/303
|turn|10
|
|move|p1a: Scizor|Bug Bite|p2a: Rotom-Wash
|-damage|p2a: Rotom-Wash|21\/303
|move|p2a: Rotom-Wash|Will-O-Wisp|p1a: Scizor
|-status|p1a: Scizor|brn
|
|-heal|p2a: Rotom-Wash|39\/303|[from] item: Leftovers
|-damage|p1a: Scizor|12\/303 brn|[from] brn
|turn|11
|
|switch|p2a: Heatran|Heatran, F, shiny|323\/323
|move|p1a: Scizor|Bullet Punch|p2a: Heatran
|-resisted|p2a: Heatran
|-damage|p2a: Heatran|295\/323
|
|-heal|p2a: Heatran|315\/323|[from] item: Leftovers
|-damage|p1a: Scizor|0 fnt|[from] brn
|faint|p1a: Scizor
|
|switch|p1a: Tyranitar|Tyranitar, M|403\/403
|-damage|p1a: Tyranitar|353\/403|[from] Stealth Rock
|-weather|Sandstorm
|turn|12
|
|move|p2a: Heatran|Earth Power|p1a: Tyranitar
|-supereffective|p1a: Tyranitar
|-damage|p1a: Tyranitar|211\/403
|move|p1a: Tyranitar|Stealth Rock|p2a: Heatran
|-sidestart|p2: Kiull|move: Stealth Rock
|
|-weather|Sandstorm|[upkeep]
|-heal|p2a: Heatran|323\/323|[from] item: Leftovers
|turn|13
|
|switch|p1a: Rotom-Wash|Rotom-Wash|304\/304
|-damage|p1a: Rotom-Wash|266\/304|[from] Stealth Rock
|move|p2a: Heatran|Earth Power|p1a: Rotom-Wash
|-immune|p1a: Rotom-Wash|[msg]
|
|-weather|Sandstorm|[upkeep]
|-damage|p1a: Rotom-Wash|247\/304|[from] sandstorm
|-heal|p1a: Rotom-Wash|266\/304|[from] item: Leftovers
|turn|14
|
|switch|p2a: Rotom-Wash|Rotom-Wash, shiny|39\/303
|-damage|p2a: Rotom-Wash|2\/303|[from] Stealth Rock
|move|p1a: Rotom-Wash|Hydro Pump|p2a: Rotom-Wash|[miss]
|-miss|p1a: Rotom-Wash|p2a: Rotom-Wash
|
|-weather|Sandstorm|[upkeep]
|-damage|p2a: Rotom-Wash|0 fnt|[from] sandstorm
|-damage|p1a: Rotom-Wash|247\/304|[from] sandstorm
|-heal|p1a: Rotom-Wash|266\/304|[from] item: Leftovers
|faint|p2a: Rotom-Wash
|
|switch|p2a: Latios|Latios, M, shiny|76\/302
|-damage|p2a: Latios|39\/302|[from] Stealth Rock
|turn|15
|
|switch|p1a: Tyranitar|Tyranitar, M|211\/403
|-damage|p1a: Tyranitar|161\/403|[from] Stealth Rock
|move|p2a: Latios|Draco Meteor|p1a: Tyranitar
|-damage|p1a: Tyranitar|11\/403
|-unboost|p2a: Latios|spa|2
|
|-weather|Sandstorm|[upkeep]
|-damage|p2a: Latios|21\/302|[from] sandstorm
|turn|16
|
|move|p2a: Latios|Draco Meteor|p1a: Tyranitar
|-damage|p1a: Tyranitar|0 fnt
|-unboost|p2a: Latios|spa|2
|faint|p1a: Tyranitar
|
|-weather|Sandstorm|[upkeep]
|-damage|p2a: Latios|3\/302|[from] sandstorm
|
|switch|p1a: Excadrill|Excadrill, M|361\/361
|-damage|p1a: Excadrill|350\/361|[from] Stealth Rock
|turn|17
|
|move|p1a: Excadrill|Swords Dance|p1a: Excadrill
|-boost|p1a: Excadrill|atk|2
|move|p2a: Latios|Draco Meteor|p1a: Excadrill
|-resisted|p1a: Excadrill
|-damage|p1a: Excadrill|299\/361
|-unboost|p2a: Latios|spa|2
|
|-weather|Sandstorm|[upkeep]
|-damage|p2a: Latios|0 fnt|[from] sandstorm
|faint|p2a: Latios
|
|switch|p2a: Landorus|Landorus, M, shiny|231\/319
|-damage|p2a: Landorus|192\/319|[from] Stealth Rock
|turn|18
|
|move|p1a: Excadrill|Iron Head|p2a: Landorus
|-damage|p2a: Landorus|0 fnt
|-damage|p1a: Excadrill|263\/361|[from] item: Life Orb
|faint|p2a: Landorus
|
|-weather|Sandstorm|[upkeep]
|
|switch|p2a: Altaria|Altaria, F, shiny|352\/352
|-damage|p2a: Altaria|264\/352|[from] Stealth Rock
|turn|19
|
|detailschange|p2a: Altaria|Altaria-Mega, F, shiny
|-mega|p2a: Altaria|Altaria|Altarianite
|move|p1a: Excadrill|Iron Head|p2a: Altaria
|-supereffective|p2a: Altaria
|-damage|p2a: Altaria|0 fnt
|-damage|p1a: Excadrill|227\/361|[from] item: Life Orb
|faint|p2a: Altaria
|
|-weather|none
|
|switch|p2a: Heatran|Heatran, F, shiny|323\/323
|-damage|p2a: Heatran|283\/323|[from] Stealth Rock
|turn|20
|
|move|p2a: Heatran|Fire Blast|p1a: Excadrill
|-crit|p1a: Excadrill
|-supereffective|p1a: Excadrill
|-damage|p1a: Excadrill|0 fnt
|faint|p1a: Excadrill
|
|-heal|p2a: Heatran|303\/323|[from] item: Leftovers
|
|switch|p1a: Landorus-Therian|Landorus-Therian, M|43\/320
|-damage|p1a: Landorus-Therian|3\/320|[from] Stealth Rock
|-ability|p1a: Landorus-Therian|Intimidate|[of] p2a: Heatran
|-unboost|p2a: Heatran|atk|1
|turn|21
|c|âRaedwulf|gg
|
|move|p1a: Landorus-Therian|Earthquake|p2a: Heatran
|-supereffective|p2a: Heatran
|-damage|p2a: Heatran|0 fnt
|faint|p2a: Heatran
|
|win|Raedwulf
|raw|Ladder updating...
|raw|Raedwulf's rating: 1414 &rarr; <strong>1430<\/strong><br \/>(+16 for winning)
|raw|Kiull's rating: 1336 &rarr; <strong>1320<\/strong><br \/>(-16 for losing)
|leave|Kiull
|player|p2