|join|wish killer
|join|Kiull
|join|Gervantula
|player|p1|wish killer|68
|player|p2|Kiull|97
|gametype|singles
|gen|6
|tier|OU
|rated
|clearpoke
|poke|p1|Bisharp, M
|poke|p1|Venusaur, F
|poke|p1|Heatran, F
|poke|p1|Keldeo
|poke|p1|Chansey, F
|poke|p1|Skarmory, F
|poke|p2|Heatran, F, shiny
|poke|p2|Talonflame, F
|poke|p2|Venusaur, F
|poke|p2|Latios, M
|poke|p2|Clefable, M
|poke|p2|Azumarill, F
|rule|Swagger Clause: Swagger is banned
|rule|Baton Pass Clause: Limit one PokÃ©mon knowing Baton Pass
|rule|Sleep Clause Mod: Limit one foe put to sleep
|rule|Species Clause: Limit one of each PokÃ©mon
|rule|OHKO Clause: OHKO moves are banned
|rule|Moody Clause: Moody is banned
|rule|Evasion Moves Clause: Evasion moves are banned
|rule|Endless Battle Clause: Forcing endless battles is banned
|rule|HP Percentage Mod: HP is shown in percentages
|teampreview
|join|CleanerThanRotom-W
|join|i came from leddit
|join|belgrade
|join|ryzed
|join|Lil Barry
|c|âwish killer|welcome lusty
|
|start
|switch|p1a: Teleee is 18|Heatran, F|340\/340
|switch|p2a: Venusaur|Venusaur, F|359\/359
|-item|p1a: Teleee is 18|Air Balloon
|turn|1
|c|âwish killer|welcome c05ta
|c| CleanerThanRotom-W|hello Aka DH
|c|âwish killer|nice gxe
|join|Everylone
|
|detailschange|p2a: Venusaur|Venusaur-Mega, F
|-mega|p2a: Venusaur|Venusaur|Venusaurite
|move|p1a: Teleee is 18|Stealth Rock|p2a: Venusaur
|-sidestart|p2: Kiull|move: Stealth Rock
|move|p2a: Venusaur|Knock Off|p1a: Teleee is 18
|-damage|p1a: Teleee is 18|292\/340
|-enditem|p1a: Teleee is 18|Air Balloon
|
|turn|2
|join|jolird
|c| i came from leddit|nice rank cleaner
|c| CleanerThanRotom-W|nice rank leddit
|c| CleanerThanRotom-W|nice tie wish killer
|c|âwish killer|hax is insane cleaner
|c| CleanerThanRotom-W|ik
|c| i came from leddit|don't use eq kiull
|
|switch|p1a: Aka Zenzoh|Skarmory, F|334\/334
|switch|p2a: Latios|Latios, M|301\/301
|-damage|p2a: Latios|264\/301|[from] Stealth Rock
|
|turn|3
|c|âKiull|http:\/\/www.skype.com\/en\/download-skype\/skype-for-computer\/
|c| i came from leddit|no
|
|switch|p1a: Teleee is 18|Heatran, F|292\/340
|move|p2a: Latios|Defog|p1a: Teleee is 18
|-unboost|p1a: Teleee is 18|evasion|1
|-sideend|p2: Kiull|Stealth Rock|[from] move: Defog|[of] p2a: Latios
|
|turn|4
|join|A2tehBR
|
|move|p2a: Latios|Earthquake|p1a: Teleee is 18
|-supereffective|p1a: Teleee is 18
|-damage|p1a: Teleee is 18|6\/340
|-damage|p2a: Latios|234\/301|[from] item: Life Orb
|move|p1a: Teleee is 18|Stealth Rock|p2a: Latios
|-sidestart|p2: Kiull|move: Stealth Rock
|
|turn|5
|
|switch|p1a: AKA Leddit|Bisharp, M|334\/334
|move|p2a: Latios|Psyshock|p1a: AKA Leddit
|-immune|p1a: AKA Leddit|[msg]
|
|turn|6
|leave|A2tehBR
|c| CleanerThanRotom-W|gr8 play
|c| CleanerThanRotom-W|now we can pursuit
|c| CleanerThanRotom-W|ez
|
|move|p2a: Latios|Earthquake|p1a: AKA Leddit
|-supereffective|p1a: AKA Leddit
|-damage|p1a: AKA Leddit|162\/334
|-damage|p2a: Latios|204\/301|[from] item: Life Orb
|move|p1a: AKA Leddit|Knock Off|p2a: Latios
|-supereffective|p2a: Latios
|-damage|p2a: Latios|0 fnt
|-enditem|p2a: Latios|Life Orb|[from] move: Knock Off|[of] p1a: AKA Leddit
|faint|p2a: Latios
|
|-heal|p1a: AKA Leddit|182\/334|[from] item: Leftovers
|c| i came from leddit|nice!
|c|âwish killer|nice rocks
|c| CleanerThanRotom-W|im happy
|c| CleanerThanRotom-W|to help you
|c| CleanerThanRotom-W|wish killer
|c| CleanerThanRotom-W|for outtrolling ur opponent
|c| i came from leddit|you got wish killer'd
|c|âwish killer|thanks cleanerthanrotom-w
|c| CleanerThanRotom-W|np wish killer
|c| CleanerThanRotom-W|now we can keep our rocks
|c|âwish killer|are you aka dh?
|c| CleanerThanRotom-W|yes
|c|âwish killer|you're friendly
|
|switch|p2a: Azumarill|Azumarill, F|355\/355
|-damage|p2a: Azumarill|311\/355|[from] Stealth Rock
|turn|7
|c| CleanerThanRotom-W|are you bloody sunday?
|c|âwish killer|no
|
|switch|p2a: Talonflame|Talonflame, F|359\/359
|-damage|p2a: Talonflame|180\/359|[from] Stealth Rock
|switch|p1a: AKA Trice|Venusaur, F|364\/364
|
|-heal|p2a: Talonflame|202\/359|[from] item: Leftovers
|turn|8
|c| CleanerThanRotom-W|good
|c|âwish killer|bloody sunday is a nerd
|c| CleanerThanRotom-W|because hes not friendly
|
|detailschange|p1a: AKA Trice|Venusaur-Mega, F
|-mega|p1a: AKA Trice|Venusaur|Venusaurite
|move|p2a: Talonflame|Taunt|p1a: AKA Trice
|-start|p1a: AKA Trice|move: Taunt
|cant|p1a: AKA Trice|move: Taunt|Leech Seed
|
|-heal|p2a: Talonflame|224\/359|[from] item: Leftovers
|turn|9
|
|switch|p1a: Teleee is 18|Heatran, F|6\/340
|move|p2a: Talonflame|Brave Bird|p1a: Teleee is 18
|-resisted|p1a: Teleee is 18
|-damage|p1a: Teleee is 18|0 fnt
|-damage|p2a: Talonflame|222\/359|[from] recoil|[of] p1a: Teleee is 18
|faint|p1a: Teleee is 18
|
|-heal|p2a: Talonflame|244\/359|[from] item: Leftovers
|
|switch|p1a: Jake the ripper|Keldeo|323\/323
|turn|10
|
|move|p2a: Talonflame|Brave Bird|p1a: Jake the ripper
|-supereffective|p1a: Jake the ripper
|-damage|p1a: Jake the ripper|0 fnt
|-damage|p2a: Talonflame|137\/359|[from] recoil|[of] p1a: Jake the ripper
|faint|p1a: Jake the ripper
|
|-heal|p2a: Talonflame|159\/359|[from] item: Leftovers
|
|switch|p1a: AKA Leddit|Bisharp, M|182\/334
|turn|11
|
|move|p2a: Talonflame|Roost|p2a: Talonflame
|-heal|p2a: Talonflame|339\/359
|move|p1a: AKA Leddit|Sucker Punch|p2a: Talonflame
|-fail|p2a: Talonflame
|
|-heal|p2a: Talonflame|359\/359|[from] item: Leftovers
|-heal|p1a: AKA Leddit|202\/334|[from] item: Leftovers
|turn|12
|
|switch|p1a: Aka Zenzoh|Skarmory, F|334\/334
|move|p2a: Talonflame|Swords Dance|p2a: Talonflame
|-boost|p2a: Talonflame|atk|2
|
|turn|13
|
|switch|p1a: AKA Leddit|Bisharp, M|202\/334
|move|p2a: Talonflame|Taunt|p1a: AKA Leddit
|-start|p1a: AKA Leddit|move: Taunt
|
|-heal|p1a: AKA Leddit|222\/334|[from] item: Leftovers
|turn|14
|
|move|p2a: Talonflame|Swords Dance|p2a: Talonflame
|-boost|p2a: Talonflame|atk|2
|move|p1a: AKA Leddit|Knock Off|p2a: Talonflame
|-damage|p2a: Talonflame|131\/359
|-enditem|p2a: Talonflame|Leftovers|[from] move: Knock Off|[of] p1a: AKA Leddit
|
|-heal|p1a: AKA Leddit|242\/334|[from] item: Leftovers
|turn|15
|
|move|p2a: Talonflame|Roost|p2a: Talonflame
|-heal|p2a: Talonflame|311\/359
|move|p1a: AKA Leddit|Sucker Punch|p2a: Talonflame
|-fail|p2a: Talonflame
|
|-heal|p1a: AKA Leddit|262\/334|[from] item: Leftovers
|turn|16
|
|switch|p1a: Aka Zenzoh|Skarmory, F|334\/334
|move|p2a: Talonflame|Swords Dance|p2a: Talonflame
|-boost|p2a: Talonflame|atk|2
|
|turn|17
|
|move|p2a: Talonflame|Taunt|p1a: Aka Zenzoh
|-start|p1a: Aka Zenzoh|move: Taunt
|move|p1a: Aka Zenzoh|Brave Bird|p2a: Talonflame
|-damage|p2a: Talonflame|146\/359
|-damage|p1a: Aka Zenzoh|280\/334|[from] recoil|[of] p2a: Talonflame
|
|turn|18
|
|switch|p1a: AKA Leddit|Bisharp, M|262\/334
|move|p2a: Talonflame|Roost|p2a: Talonflame
|-heal|p2a: Talonflame|326\/359
|
|-heal|p1a: AKA Leddit|282\/334|[from] item: Leftovers
|turn|19
|
|switch|p1a: Aka Zenzoh|Skarmory, F|280\/334
|move|p2a: Talonflame|Brave Bird|p1a: Aka Zenzoh
|-resisted|p1a: Aka Zenzoh
|-damage|p1a: Aka Zenzoh|75\/334
|-damage|p2a: Talonflame|267\/359|[from] item: Rocky Helmet|[of] p1a: Aka Zenzoh
|-damage|p2a: Talonflame|199\/359|[from] recoil|[of] p1a: Aka Zenzoh
|
|turn|20
|
|move|p2a: Talonflame|Brave Bird|p1a: Aka Zenzoh
|-resisted|p1a: Aka Zenzoh
|-damage|p1a: Aka Zenzoh|0 fnt
|-damage|p2a: Talonflame|140\/359|[from] item: Rocky Helmet|[of] p1a: Aka Zenzoh
|-damage|p2a: Talonflame|115\/359|[from] recoil|[of] p1a: Aka Zenzoh
|faint|p1a: Aka Zenzoh
|
|
|switch|p1a: RS Cleaner|Chansey, F|684\/684
|turn|21
|
|move|p2a: Talonflame|Taunt|p1a: RS Cleaner
|-start|p1a: RS Cleaner|move: Taunt
|move|p1a: RS Cleaner|Seismic Toss|p2a: Talonflame
|-damage|p2a: Talonflame|15\/359
|
|turn|22
|
|move|p2a: Talonflame|Roost|p2a: Talonflame
|-heal|p2a: Talonflame|195\/359
|move|p1a: RS Cleaner|Seismic Toss|p2a: Talonflame
|-damage|p2a: Talonflame|95\/359
|
|turn|23
|
|move|p2a: Talonflame|Roost|p2a: Talonflame
|-heal|p2a: Talonflame|275\/359
|move|p1a: RS Cleaner|Seismic Toss|p2a: Talonflame
|-damage|p2a: Talonflame|175\/359
|
|-end|p1a: RS Cleaner|move: Taunt
|turn|24
|
|move|p2a: Talonflame|Taunt|p1a: RS Cleaner
|-start|p1a: RS Cleaner|move: Taunt
|move|p1a: RS Cleaner|Seismic Toss|p2a: Talonflame
|-damage|p2a: Talonflame|75\/359
|
|turn|25
|
|move|p2a: Talonflame|Roost|p2a: Talonflame
|-heal|p2a: Talonflame|255\/359
|move|p1a: RS Cleaner|Seismic Toss|p2a: Talonflame
|-damage|p2a: Talonflame|155\/359
|
|turn|26
|
|move|p2a: Talonflame|Roost|p2a: Talonflame
|-heal|p2a: Talonflame|335\/359
|move|p1a: RS Cleaner|Seismic Toss|p2a: Talonflame
|-damage|p2a: Talonflame|235\/359
|
|-end|p1a: RS Cleaner|move: Taunt
|turn|27
|
|move|p2a: Talonflame|Brave Bird|p1a: RS Cleaner
|-damage|p1a: RS Cleaner|0 fnt
|-damage|p2a: Talonflame|9\/359|[from] recoil|[of] p1a: RS Cleaner
|faint|p1a: RS Cleaner
|
|
|switch|p1a: AKA Leddit|Bisharp, M|282\/334
|turn|28
|
|move|p2a: Talonflame|Roost|p2a: Talonflame
|-heal|p2a: Talonflame|189\/359
|move|p1a: AKA Leddit|Knock Off|p2a: Talonflame
|-damage|p2a: Talonflame|15\/359
|
|-heal|p1a: AKA Leddit|302\/334|[from] item: Leftovers
|turn|29
|
|move|p2a: Talonflame|Roost|p2a: Talonflame
|-heal|p2a: Talonflame|195\/359
|move|p1a: AKA Leddit|Knock Off|p2a: Talonflame
|-damage|p2a: Talonflame|29\/359
|
|-heal|p1a: AKA Leddit|322\/334|[from] item: Leftovers
|turn|30
|
|move|p2a: Talonflame|Roost|p2a: Talonflame
|-heal|p2a: Talonflame|209\/359
|move|p1a: AKA Leddit|Knock Off|p2a: Talonflame
|-damage|p2a: Talonflame|49\/359
|
|-heal|p1a: AKA Leddit|334\/334|[from] item: Leftovers
|turn|31
|
|move|p2a: Talonflame|Roost|p2a: Talonflame
|-heal|p2a: Talonflame|229\/359
|move|p1a: AKA Leddit|Knock Off|p2a: Talonflame
|-damage|p2a: Talonflame|51\/359
|
|turn|32
|
|move|p2a: Talonflame|Roost|p2a: Talonflame
|-heal|p2a: Talonflame|231\/359
|move|p1a: AKA Leddit|Knock Off|p2a: Talonflame
|-damage|p2a: Talonflame|68\/359
|
|turn|33
|
|move|p2a: Talonflame|Brave Bird|p1a: AKA Leddit
|-resisted|p1a: AKA Leddit
|-damage|p1a: AKA Leddit|0 fnt
|-damage|p2a: Talonflame|0 fnt|[from] recoil|[of] p1a: AKA Leddit
|faint|p1a: AKA Leddit
|faint|p2a: Talonflame
|
|
|switch|p2a: Heatran|Heatran, F, shiny|385\/385
|switch|p1a: AKA Trice|Venusaur-Mega, F|364\/364
|-damage|p2a: Heatran|337\/385|[from] Stealth Rock
|-item|p2a: Heatran|Air Balloon
|turn|34
|
|move|p2a: Heatran|Lava Plume|p1a: AKA Trice
|-supereffective|p1a: AKA Trice
|-damage|p1a: AKA Trice|268\/364
|move|p1a: AKA Trice|Leech Seed|p2a: Heatran
|-start|p2a: Heatran|move: Leech Seed
|
|-damage|p2a: Heatran|289\/385|[from] Leech Seed|[of] p1a: AKA Trice
|-heal|p1a: AKA Trice|316\/364|[silent]
|turn|35
|
|move|p2a: Heatran|Lava Plume|p1a: AKA Trice
|-supereffective|p1a: AKA Trice
|-damage|p1a: AKA Trice|218\/364
|-status|p1a: AKA Trice|brn
|move|p1a: AKA Trice|Giga Drain|p2a: Heatran
|-resisted|p2a: Heatran
|-damage|p2a: Heatran|271\/385
|-heal|p1a: AKA Trice|227\/364 brn|[from] drain|[of] p2a: Heatran
|-enditem|p2a: Heatran|Air Balloon
|
|-damage|p2a: Heatran|223\/385|[from] Leech Seed|[of] p1a: AKA Trice
|-heal|p1a: AKA Trice|275\/364 brn|[silent]
|-damage|p1a: AKA Trice|230\/364 brn|[from] brn
|turn|36
|
|move|p2a: Heatran|Lava Plume|p1a: AKA Trice
|-supereffective|p1a: AKA Trice
|-damage|p1a: AKA Trice|128\/364 brn
|move|p1a: AKA Trice|Synthesis|p1a: AKA Trice
|-heal|p1a: AKA Trice|310\/364 brn
|
|-damage|p2a: Heatran|175\/385|[from] Leech Seed|[of] p1a: AKA Trice
|-heal|p1a: AKA Trice|358\/364 brn|[silent]
|-damage|p1a: AKA Trice|313\/364 brn|[from] brn
|turn|37
|
|move|p2a: Heatran|Lava Plume|p1a: AKA Trice
|-supereffective|p1a: AKA Trice
|-damage|p1a: AKA Trice|215\/364 brn
|move|p1a: AKA Trice|Giga Drain|p2a: Heatran
|-resisted|p2a: Heatran
|-damage|p2a: Heatran|157\/385
|-heal|p1a: AKA Trice|224\/364 brn|[from] drain|[of] p2a: Heatran
|
|-damage|p2a: Heatran|109\/385|[from] Leech Seed|[of] p1a: AKA Trice
|-heal|p1a: AKA Trice|272\/364 brn|[silent]
|-damage|p1a: AKA Trice|227\/364 brn|[from] brn
|turn|38
|
|move|p2a: Heatran|Lava Plume|p1a: AKA Trice
|-supereffective|p1a: AKA Trice
|-damage|p1a: AKA Trice|129\/364 brn
|move|p1a: AKA Trice|Synthesis|p1a: AKA Trice
|-heal|p1a: AKA Trice|311\/364 brn
|
|-damage|p2a: Heatran|61\/385|[from] Leech Seed|[of] p1a: AKA Trice
|-heal|p1a: AKA Trice|359\/364 brn|[silent]
|-damage|p1a: AKA Trice|314\/364 brn|[from] brn
|turn|39
|
|move|p2a: Heatran|Lava Plume|p1a: AKA Trice
|-supereffective|p1a: AKA Trice
|-damage|p1a: AKA Trice|212\/364 brn
|move|p1a: AKA Trice|Giga Drain|p2a: Heatran
|-resisted|p2a: Heatran
|-damage|p2a: Heatran|44\/385
|-heal|p1a: AKA Trice|221\/364 brn|[from] drain|[of] p2a: Heatran
|
|-damage|p2a: Heatran|0 fnt|[from] Leech Seed|[of] p1a: AKA Trice
|-heal|p1a: AKA Trice|265\/364 brn|[silent]
|-damage|p1a: AKA Trice|220\/364 brn|[from] brn
|faint|p2a: Heatran
|
|switch|p2a: Venusaur|Venusaur-Mega, F|359\/359
|-damage|p2a: Venusaur|315\/359|[from] Stealth Rock
|turn|40
|-message|wish killer forfeited.
|leave|wish killer
|leave|i came from leddit
|
|win|Kiull
|raw|Ladder updating...
|player|p1
|raw|wish killer's rating: 1838 &rarr; <strong>1805<\/strong><br \/>(-33 for losing)
|raw|Kiull's rating: 1558 &rarr; <strong>1592<\/strong><br \/>(+34 for winning)
|leave|belgrade
|leave|ryzed