|join|riyan09
|join|Kiull
|player|p1|riyan09|163
|player|p2|Kiull|33
|gametype|singles
|gen|6
|tier|OU (suspect test)
|rated
|clearpoke
|poke|p1|Pikachu, M, shiny
|poke|p1|Espeon, F
|poke|p1|Snorlax, M
|poke|p1|Venusaur, M
|poke|p1|Blastoise, M
|poke|p1|Charizard, M
|poke|p2|Altaria, F, shiny
|poke|p2|Landorus, M, shiny
|poke|p2|Rotom-Wash, shiny
|poke|p2|Latios, M, shiny
|poke|p2|Heatran, F, shiny
|poke|p2|Conkeldurr, F, shiny
|rule|Swagger Clause: Swagger is banned
|rule|Baton Pass Clause: Limit one PokÃ©mon knowing Baton Pass
|rule|Sleep Clause Mod: Limit one foe put to sleep
|rule|Species Clause: Limit one of each PokÃ©mon
|rule|OHKO Clause: OHKO moves are banned
|rule|Moody Clause: Moody is banned
|rule|Evasion Moves Clause: Evasion moves are banned
|rule|Endless Battle Clause: Forcing endless battles is banned
|rule|HP Percentage Mod: HP is shown in percentages
|teampreview
|
|start
|switch|p1a: Bolt|Pikachu, M, shiny|212\/212
|switch|p2a: Altaria|Altaria, F, shiny|352\/352
|turn|1
|
|detailschange|p2a: Altaria|Altaria-Mega, F, shiny
|-mega|p2a: Altaria|Altaria|Altarianite
|move|p1a: Bolt|Fake Out|p2a: Altaria
|-damage|p2a: Altaria|301\/352
|cant|p2a: Altaria|flinch
|
|turn|2
|
|move|p1a: Bolt|Knock Off|p2a: Altaria
|-resisted|p2a: Altaria
|-damage|p2a: Altaria|260\/352
|move|p2a: Altaria|Dragon Dance|p2a: Altaria
|-boost|p2a: Altaria|atk|1
|-boost|p2a: Altaria|spe|1
|
|turn|3
|
|move|p2a: Altaria|Dragon Dance|p2a: Altaria
|-boost|p2a: Altaria|atk|1
|-boost|p2a: Altaria|spe|1
|move|p1a: Bolt|Volt Tackle|p2a: Altaria
|-crit|p2a: Altaria
|-resisted|p2a: Altaria
|-damage|p2a: Altaria|83\/352
|-damage|p1a: Bolt|154\/212|[from] recoil|[of] p2a: Altaria
|
|turn|4
|
|move|p1a: Bolt|Quick Attack|p2a: Altaria
|-damage|p2a: Altaria|35\/352
|move|p2a: Altaria|Roost|p2a: Altaria
|-heal|p2a: Altaria|211\/352
|
|turn|5
|
|move|p2a: Altaria|Roost|p2a: Altaria
|-heal|p2a: Altaria|352\/352
|move|p1a: Bolt|Volt Tackle|p2a: Altaria
|-resisted|p2a: Altaria
|-damage|p2a: Altaria|247\/352
|-damage|p1a: Bolt|119\/212|[from] recoil|[of] p2a: Altaria
|
|turn|6
|
|switch|p1a: Turtok|Blastoise, M|361\/361
|move|p2a: Altaria|Dragon Dance|p2a: Altaria
|-boost|p2a: Altaria|atk|1
|-boost|p2a: Altaria|spe|1
|
|turn|7
|
|move|p2a: Altaria|Frustration|p1a: Turtok
|-damage|p1a: Turtok|63\/361
|move|p1a: Turtok|Roar|p2a: Altaria
|drag|p2a: Landorus|Landorus, M, shiny|319\/319
|
|-heal|p1a: Turtok|85\/361|[from] item: Leftovers
|turn|8
|
|move|p2a: Landorus|Earth Power|p1a: Turtok
|-damage|p1a: Turtok|0 fnt
|-damage|p2a: Landorus|288\/319|[from] item: Life Orb
|faint|p1a: Turtok
|
|
|switch|p1a: Psiya|Espeon, F|334\/334
|turn|9
|
|move|p1a: Psiya|Reflect|p1a: Psiya
|-sidestart|p1: riyan09|Reflect
|move|p2a: Landorus|Earth Power|p1a: Psiya
|-damage|p1a: Psiya|138\/334
|-damage|p2a: Landorus|257\/319|[from] item: Life Orb
|
|turn|10
|
|move|p1a: Psiya|Light Screen|p1a: Psiya
|-sidestart|p1: riyan09|move: Light Screen
|move|p2a: Landorus|Earth Power|p1a: Psiya
|-damage|p1a: Psiya|42\/334
|-damage|p2a: Landorus|226\/319|[from] item: Life Orb
|
|turn|11
|
|move|p1a: Psiya|Yawn|p2a: Landorus
|-start|p2a: Landorus|move: Yawn|[of] p1a: Psiya
|move|p2a: Landorus|Stealth Rock|p1a: Psiya
|move|p1a: Psiya|Stealth Rock|p2a: Landorus|[from]Magic Bounce
|-sidestart|p2: Kiull|move: Stealth Rock
|
|turn|12
|
|switch|p2a: Latios|Latios, M, shiny|302\/302
|-damage|p2a: Latios|265\/302|[from] Stealth Rock
|move|p1a: Psiya|Psyshock|p2a: Latios
|-resisted|p2a: Latios
|-damage|p2a: Latios|198\/302
|
|turn|13
|
|move|p2a: Latios|Trick|p1a: Psiya
|-activate|p2a: Latios|move: Trick|[of] p1a: Psiya
|-item|p1a: Psiya|Choice Scarf|[from] move: Trick
|-item|p2a: Latios|Light Clay|[from] move: Trick
|move|p1a: Psiya|Yawn|p2a: Latios
|-start|p2a: Latios|move: Yawn|[of] p1a: Psiya
|
|turn|14
|
|switch|p2a: Landorus|Landorus, M, shiny|226\/319
|-damage|p2a: Landorus|187\/319|[from] Stealth Rock
|move|p1a: Psiya|Yawn|p2a: Landorus
|-start|p2a: Landorus|move: Yawn|[of] p1a: Psiya
|
|turn|15
|
|switch|p1a: Lizardon|Charizard, M|297\/297
|move|p2a: Landorus|Earth Power|p1a: Lizardon
|-immune|p1a: Lizardon|[msg]
|
|-status|p2a: Landorus|slp
|turn|16
|
|switch|p2a: Rotom-Wash|Rotom-Wash, shiny|303\/303
|-damage|p2a: Rotom-Wash|266\/303|[from] Stealth Rock
|move|p1a: Lizardon|Swords Dance|p1a: Lizardon
|-boost|p1a: Lizardon|atk|2
|
|-heal|p2a: Rotom-Wash|284\/303|[from] item: Leftovers
|-sideend|p1: riyan09|Reflect
|turn|17
|
|detailschange|p1a: Lizardon|Charizard-Mega-X, M
|-mega|p1a: Lizardon|Charizard|Charizardite X
|move|p1a: Lizardon|Flame Charge|p2a: Rotom-Wash
|-resisted|p2a: Rotom-Wash
|-damage|p2a: Rotom-Wash|191\/303
|-boost|p1a: Lizardon|spe|1
|move|p2a: Rotom-Wash|Hydro Pump|p1a: Lizardon|[miss]
|-miss|p2a: Rotom-Wash|p1a: Lizardon
|
|-heal|p2a: Rotom-Wash|209\/303|[from] item: Leftovers
|-sideend|p1: riyan09|move: Light Screen
|turn|18
|
|move|p1a: Lizardon|Swords Dance|p1a: Lizardon
|-boost|p1a: Lizardon|atk|2
|move|p2a: Rotom-Wash|Hydro Pump|p1a: Lizardon
|-damage|p1a: Lizardon|143\/297
|
|-heal|p2a: Rotom-Wash|227\/303|[from] item: Leftovers
|turn|19
|
|move|p1a: Lizardon|Dragon Claw|p2a: Rotom-Wash
|-damage|p2a: Rotom-Wash|0 fnt
|faint|p2a: Rotom-Wash
|
|
|switch|p2a: Altaria|Altaria-Mega, F, shiny|247\/352
|-damage|p2a: Altaria|203\/352|[from] Stealth Rock
|turn|20
|
|move|p1a: Lizardon|Flame Charge|p2a: Altaria
|-resisted|p2a: Altaria
|-damage|p2a: Altaria|29\/352
|-boost|p1a: Lizardon|spe|1
|move|p2a: Altaria|Frustration|p1a: Lizardon
|-damage|p1a: Lizardon|5\/297
|
|turn|21
|
|switch|p2a: Landorus|Landorus, M, shiny|187\/319 slp
|-damage|p2a: Landorus|148\/319 slp|[from] Stealth Rock
|move|p1a: Lizardon|Flame Charge|p2a: Landorus
|-damage|p2a: Landorus|0 fnt
|-boost|p1a: Lizardon|spe|1
|faint|p2a: Landorus
|
|
|switch|p2a: Heatran|Heatran, F, shiny|323\/323
|-damage|p2a: Heatran|283\/323|[from] Stealth Rock
|turn|22
|
|move|p1a: Lizardon|Roost|p1a: Lizardon
|-heal|p1a: Lizardon|154\/297
|move|p2a: Heatran|Earth Power|p1a: Lizardon
|-supereffective|p1a: Lizardon
|-damage|p1a: Lizardon|0 fnt
|faint|p1a: Lizardon
|
|-heal|p2a: Heatran|303\/323|[from] item: Leftovers
|
|switch|p1a: Relaxo|Snorlax, M|524\/524
|turn|23
|
|move|p2a: Heatran|Will-O-Wisp|p1a: Relaxo|[miss]
|-miss|p2a: Heatran|p1a: Relaxo
|move|p1a: Relaxo|Earthquake|p2a: Heatran
|-supereffective|p2a: Heatran
|-damage|p2a: Heatran|0 fnt
|faint|p2a: Heatran
|
|
|switch|p2a: Latios|Latios, M, shiny|198\/302
|-damage|p2a: Latios|161\/302|[from] Stealth Rock
|turn|24
|
|move|p2a: Latios|Defog|p1a: Relaxo
|-unboost|p1a: Relaxo|evasion|1
|-sideend|p2: Kiull|Stealth Rock|[from] move: Defog|[of] p2a: Latios
|move|p1a: Relaxo|Ice Punch|p2a: Latios
|-supereffective|p2a: Latios
|-damage|p2a: Latios|0 fnt
|faint|p2a: Latios
|
|
|switch|p2a: Conkeldurr|Conkeldurr, F, shiny|352\/352
|turn|25
|
|move|p2a: Conkeldurr|Drain Punch|p1a: Relaxo
|-crit|p1a: Relaxo
|-supereffective|p1a: Relaxo
|-damage|p1a: Relaxo|0 fnt
|faint|p1a: Relaxo
|
|
|switch|p1a: Bolt|Pikachu, M, shiny|119\/212
|turn|26
|
|move|p1a: Bolt|Fake Out|p2a: Conkeldurr
|-damage|p2a: Conkeldurr|294\/352
|cant|p2a: Conkeldurr|flinch
|
|turn|27
|
|switch|p1a: Bisaflor|Venusaur, M|319\/319
|move|p2a: Conkeldurr|Drain Punch|p1a: Bisaflor
|-crit|p1a: Bisaflor
|-resisted|p1a: Bisaflor
|-damage|p1a: Bisaflor|199\/319
|-heal|p2a: Conkeldurr|352\/352|[from] drain|[of] p1a: Bisaflor
|
|-heal|p1a: Bisaflor|218\/319|[from] item: Black Sludge
|turn|28
|
|move|p1a: Bisaflor|Sleep Powder|p2a: Conkeldurr|[miss]
|-miss|p1a: Bisaflor|p2a: Conkeldurr
|move|p2a: Conkeldurr|Ice Punch|p1a: Bisaflor
|-supereffective|p1a: Bisaflor
|-damage|p1a: Bisaflor|0 fnt
|faint|p1a: Bisaflor
|
|
|switch|p1a: Psiya|Espeon, F|42\/334
|turn|29
|
|move|p2a: Conkeldurr|Mach Punch|p1a: Psiya
|-resisted|p1a: Psiya
|-damage|p1a: Psiya|0 fnt
|faint|p1a: Psiya
|
|
|switch|p1a: Bolt|Pikachu, M, shiny|119\/212
|turn|30
|
|move|p1a: Bolt|Fake Out|p2a: Conkeldurr
|-damage|p2a: Conkeldurr|292\/352
|cant|p2a: Conkeldurr|flinch
|
|turn|31
|
|move|p2a: Conkeldurr|Mach Punch|p1a: Bolt
|-damage|p1a: Bolt|0 fnt
|-status|p2a: Conkeldurr|par
|faint|p1a: Bolt
|
|win|Kiull
|raw|Ladder updating...