|join|Mad Rofo
|join|Kiull
|player|p1|Mad Rofo|52
|player|p2|Kiull|170
|gametype|singles
|gen|6
|tier|OU
|rated
|clearpoke
|poke|p1|Politoed, M
|poke|p1|Keldeo
|poke|p1|Ferrothorn, F
|poke|p1|Raikou
|poke|p1|Tornadus-Therian, M
|poke|p1|Swampert, M
|poke|p2|Lopunny, F, shiny
|poke|p2|Landorus-Therian, M, shiny
|poke|p2|Latias, F, shiny
|poke|p2|Crawdaunt, F
|poke|p2|Talonflame, F, shiny
|poke|p2|Breloom, F, shiny
|rule|Swagger Clause: Swagger is banned
|rule|Baton Pass Clause: Limit one PokÃ©mon knowing Baton Pass
|rule|Sleep Clause Mod: Limit one foe put to sleep
|rule|Species Clause: Limit one of each PokÃ©mon
|rule|OHKO Clause: OHKO moves are banned
|rule|Moody Clause: Moody is banned
|rule|Evasion Moves Clause: Evasion moves are banned
|rule|Endless Battle Clause: Forcing endless battles is banned
|rule|HP Percentage Mod: HP is shown in percentages
|teampreview
|join|watchMeMiss
|
|start
|switch|p1a: Tornadus-Therian|Tornadus-Therian, M|299\/299
|switch|p2a: Breloom|Breloom, F, shiny|262\/262
|turn|1
|c|âMad Rofo|gl hf
|
|switch|p2a: Landorus-Therian|Landorus-Therian, M, shiny|382\/382
|-ability|p2a: Landorus-Therian|Intimidate|[of] p1a: Tornadus-Therian
|-unboost|p1a: Tornadus-Therian|atk|1
|move|p1a: Tornadus-Therian|U-turn|p2a: Landorus-Therian
|-resisted|p2a: Landorus-Therian
|-damage|p2a: Landorus-Therian|369\/382
|
|switch|p1a: Keldeo|Keldeo|323\/323
|
|-heal|p2a: Landorus-Therian|382\/382|[from] item: Leftovers
|turn|2
|join|Gerantula
|
|switch|p2a: Latias|Latias, F, shiny|331\/331
|move|p1a: Keldeo|Icy Wind|p2a: Latias
|-supereffective|p2a: Latias
|-damage|p2a: Latias|167\/331
|-unboost|p2a: Latias|spe|1
|
|-heal|p2a: Latias|187\/331|[from] item: Leftovers
|turn|3
|
|switch|p1a: Ferrothorn|Ferrothorn, F|352\/352
|move|p2a: Latias|Psyshock|p1a: Ferrothorn
|-resisted|p1a: Ferrothorn
|-damage|p1a: Ferrothorn|315\/352
|
|-heal|p2a: Latias|207\/331|[from] item: Leftovers
|-heal|p1a: Ferrothorn|337\/352|[from] item: Leftovers
|turn|4
|
|switch|p2a: Lopunny|Lopunny, F, shiny|272\/272
|move|p1a: Ferrothorn|Gyro Ball|p2a: Lopunny
|-damage|p2a: Lopunny|83\/272
|
|-heal|p1a: Ferrothorn|352\/352|[from] item: Leftovers
|turn|5
|
|detailschange|p2a: Lopunny|Lopunny-Mega, F, shiny
|message|Lopunny has Mega Evolved into Mega Lopunny!
|move|p2a: Lopunny|High Jump Kick|p1a: Ferrothorn
|-supereffective|p1a: Ferrothorn
|-damage|p1a: Ferrothorn|4\/352
|-damage|p2a: Lopunny|49\/272|[from] ability: Iron Barbs|[of] p1a: Ferrothorn
|move|p1a: Ferrothorn|Stealth Rock|p2a: Lopunny
|-sidestart|p2: Kiull|move: Stealth Rock
|
|-heal|p1a: Ferrothorn|26\/352|[from] item: Leftovers
|turn|6
|
|move|p2a: Lopunny|Power-Up Punch|p1a: Ferrothorn
|-supereffective|p1a: Ferrothorn
|-damage|p1a: Ferrothorn|0 fnt
|-damage|p2a: Lopunny|15\/272|[from] ability: Iron Barbs|[of] p1a: Ferrothorn
|-boost|p2a: Lopunny|atk|1
|faint|p1a: Ferrothorn
|
|c|âMad Rofo|well
|
|switch|p1a: Politoed|Politoed, M|384\/384
|-weather|RainDance
|turn|7
|
|move|p2a: Lopunny|High Jump Kick|p1a: Politoed
|-crit|p1a: Politoed
|-damage|p1a: Politoed|0 fnt
|faint|p1a: Politoed
|
|-weather|RainDance|[upkeep]
|c|âMad Rofo|ahh not bad
|c|âMad Rofo|gg
|
|switch|p1a: Swampert|Swampert, M|366\/366
|turn|8
|
|detailschange|p1a: Swampert|Swampert-Mega, M
|message|Swampert has Mega Evolved into Mega Swampert!
|move|p2a: Lopunny|High Jump Kick|p1a: Swampert
|-damage|p1a: Swampert|8\/366
|move|p1a: Swampert|Waterfall|p2a: Lopunny
|-damage|p2a: Lopunny|0 fnt
|faint|p2a: Lopunny
|
|-weather|RainDance|[upkeep]
|c|âMad Rofo|oml
|c|âMad Rofo|the bulk
|
|switch|p2a: Breloom|Breloom, F, shiny|262\/262
|-damage|p2a: Breloom|246\/262|[from] Stealth Rock
|turn|9
|
|move|p1a: Swampert|Superpower|p2a: Breloom
|-damage|p2a: Breloom|33\/262
|-unboost|p1a: Swampert|atk|1
|-unboost|p1a: Swampert|def|1
|move|p2a: Breloom|Rock Tomb|p1a: Swampert
|-resisted|p1a: Swampert
|-damage|p1a: Swampert|0 fnt
|faint|p1a: Swampert
|
|-weather|RainDance|[upkeep]
|
|switch|p1a: Tornadus-Therian|Tornadus-Therian, M|299\/299
|turn|10
|
|move|p2a: Breloom|Mach Punch|p1a: Tornadus-Therian
|-resisted|p1a: Tornadus-Therian
|-damage|p1a: Tornadus-Therian|236\/299
|move|p1a: Tornadus-Therian|Hurricane|p2a: Breloom
|-crit|p2a: Breloom
|-supereffective|p2a: Breloom
|-damage|p2a: Breloom|0 fnt
|faint|p2a: Breloom
|
|-weather|RainDance|[upkeep]
|
|switch|p2a: Crawdaunt|Crawdaunt, F|267\/267
|-damage|p2a: Crawdaunt|234\/267|[from] Stealth Rock
|turn|11
|
|move|p2a: Crawdaunt|Aqua Jet|p1a: Tornadus-Therian
|-damage|p1a: Tornadus-Therian|80\/299
|move|p1a: Tornadus-Therian|Hurricane|p2a: Crawdaunt
|-damage|p2a: Crawdaunt|0 fnt
|faint|p2a: Crawdaunt
|
|-weather|RainDance|[upkeep]
|
|switch|p2a: Latias|Latias, F, shiny|207\/331
|-damage|p2a: Latias|166\/331|[from] Stealth Rock
|turn|12
|
|move|p1a: Tornadus-Therian|U-turn|p2a: Latias
|-supereffective|p2a: Latias
|-damage|p2a: Latias|48\/331
|
|switch|p1a: Raikou|Raikou|321\/321
|-ability|p1a: Raikou|Pressure
|move|p2a: Latias|Defog|p1a: Raikou
|-unboost|p1a: Raikou|evasion|1
|-sideend|p2: Kiull|Stealth Rock|[from] move: Defog|[of] p2a: Latias
|
|-weather|RainDance|[upkeep]
|-heal|p2a: Latias|68\/331|[from] item: Leftovers
|turn|13
|
|move|p1a: Raikou|Substitute|p1a: Raikou
|-start|p1a: Raikou|Substitute
|-damage|p1a: Raikou|241\/321
|move|p2a: Latias|Draco Meteor|p1a: Raikou
|-end|p1a: Raikou|Substitute
|-unboost|p2a: Latias|spa|2
|
|-weather|RainDance|[upkeep]
|-heal|p1a: Raikou|261\/321|[from] item: Leftovers
|-heal|p2a: Latias|88\/331|[from] item: Leftovers
|turn|14
|
|move|p1a: Raikou|Substitute|p1a: Raikou
|-start|p1a: Raikou|Substitute
|-damage|p1a: Raikou|181\/321
|move|p2a: Latias|Psyshock|p1a: Raikou
|-activate|p1a: Raikou|Substitute|[damage]
|
|-weather|none
|-heal|p1a: Raikou|201\/321|[from] item: Leftovers
|-heal|p2a: Latias|108\/331|[from] item: Leftovers
|turn|15
|
|move|p1a: Raikou|Calm Mind|p1a: Raikou
|-boost|p1a: Raikou|spa|1
|-boost|p1a: Raikou|spd|1
|move|p2a: Latias|Psyshock|p1a: Raikou
|-end|p1a: Raikou|Substitute
|
|-heal|p1a: Raikou|221\/321|[from] item: Leftovers
|-heal|p2a: Latias|128\/331|[from] item: Leftovers
|turn|16
|
|switch|p2a: Landorus-Therian|Landorus-Therian, M, shiny|382\/382
|-ability|p2a: Landorus-Therian|Intimidate|[of] p1a: Raikou
|-unboost|p1a: Raikou|atk|1
|move|p1a: Raikou|Substitute|p1a: Raikou
|-start|p1a: Raikou|Substitute
|-damage|p1a: Raikou|141\/321
|
|-heal|p1a: Raikou|161\/321|[from] item: Leftovers
|turn|17
|
|move|p1a: Raikou|Hidden Power|p2a: Landorus-Therian
|-supereffective|p2a: Landorus-Therian
|-damage|p2a: Landorus-Therian|0 fnt
|faint|p2a: Landorus-Therian
|
|-heal|p1a: Raikou|181\/321|[from] item: Leftovers
|
|switch|p2a: Talonflame|Talonflame, F, shiny|298\/298
|turn|18
|c|âMad Rofo|gg
|
|move|p1a: Raikou|Thunderbolt|p2a: Talonflame
|-supereffective|p2a: Talonflame
|-damage|p2a: Talonflame|0 fnt
|faint|p2a: Talonflame
|
|-heal|p1a: Raikou|201\/321|[from] item: Leftovers
|-message|Kiull forfeited.
|leave|Kiull
|
|win|Mad Rofo
|raw|Ladder updating...
|player|p2
|leave|Gerantula
|raw|Mad Rofo's rating: 1280 &rarr; <strong>1301<\/strong><br \/>(+21 for winning)
|raw|Kiull's rating: 1219 &rarr; <strong>1198<\/strong><br \/>(-21 for losing)