|join|Kiull
|join|Anal Scout
|player|p1|Kiull|33
|player|p2|Anal Scout|294
|gametype|singles
|gen|6
|tier|OU
|rated
|clearpoke
|poke|p1|Sceptile, F
|poke|p1|Magnezone, shiny
|poke|p1|Heatran, F, shiny
|poke|p1|Gyarados, F
|poke|p1|Landorus-Therian, M
|poke|p1|Latias, F
|poke|p2|Pinsir, M
|poke|p2|Crawdaunt, M
|poke|p2|Donphan, M, shiny
|poke|p2|Dragonite, M, shiny
|poke|p2|Jolteon, M, shiny
|poke|p2|Arcanine, M, shiny
|rule|Swagger Clause: Swagger is banned
|rule|Baton Pass Clause: Limit one PokÃ©mon knowing Baton Pass
|rule|Sleep Clause Mod: Limit one foe put to sleep
|rule|Species Clause: Limit one of each PokÃ©mon
|rule|OHKO Clause: OHKO moves are banned
|rule|Moody Clause: Moody is banned
|rule|Evasion Moves Clause: Evasion moves are banned
|rule|Endless Battle Clause: Forcing endless battles is banned
|rule|HP Percentage Mod: HP is shown in percentages
|teampreview
|join|Gervantula
|join|l R0YAL l
|
|start
|switch|p1a: Sceptile|Sceptile, F|281\/281
|switch|p2a: Zapster|Jolteon, M, shiny|272\/272
|turn|1
|
|detailschange|p1a: Sceptile|Sceptile-Mega, F
|-mega|p1a: Sceptile|Sceptile|Sceptilite
|move|p2a: Zapster|Hidden Power|p1a: Sceptile
|-supereffective|p1a: Sceptile
|-damage|p1a: Sceptile|0 fnt
|faint|p1a: Sceptile
|
|
|switch|p1a: Latias|Latias, F|319\/319
|turn|2
|join|stallisgayyy
|
|move|p2a: Zapster|Hidden Power|p1a: Latias
|-supereffective|p1a: Latias
|-damage|p1a: Latias|163\/319
|move|p1a: Latias|Draco Meteor|p2a: Zapster
|-damage|p2a: Zapster|0 fnt
|-unboost|p1a: Latias|spa|2
|-damage|p1a: Latias|132\/319|[from] item: Life Orb
|faint|p2a: Zapster
|
|
|switch|p2a: Golden Fire|Arcanine, M, shiny|321\/321
|-ability|p2a: Golden Fire|Intimidate|[of] p1a: Latias
|-unboost|p1a: Latias|atk|1
|turn|3
|
|switch|p1a: Heatran|Heatran, F, shiny|364\/364
|-item|p1a: Heatran|Air Balloon
|switch|p2a: Red Lobster|Crawdaunt, M|268\/268
|
|turn|4
|
|switch|p1a: Gyarados|Gyarados, F|353\/353
|-ability|p1a: Gyarados|Intimidate|[of] p2a: Red Lobster
|-unboost|p2a: Red Lobster|atk|1
|move|p2a: Red Lobster|Crabhammer|p1a: Gyarados
|-resisted|p1a: Gyarados
|-damage|p1a: Gyarados|233\/353
|-damage|p2a: Red Lobster|242\/268|[from] item: Life Orb
|
|-heal|p1a: Gyarados|255\/353|[from] item: Leftovers
|turn|5
|
|switch|p1a: Magnezone|Magnezone, shiny|281\/281
|move|p2a: Red Lobster|Knock Off|p1a: Magnezone
|-damage|p1a: Magnezone|89\/281
|-enditem|p1a: Magnezone|Choice Specs|[from] move: Knock Off|[of] p2a: Red Lobster
|-damage|p2a: Red Lobster|216\/268|[from] item: Life Orb
|
|turn|6
|
|switch|p2a: Golden Fire|Arcanine, M, shiny|321\/321
|-ability|p2a: Golden Fire|Intimidate|[of] p1a: Magnezone
|-unboost|p1a: Magnezone|atk|1
|move|p1a: Magnezone|Volt Switch|p2a: Golden Fire
|-damage|p2a: Golden Fire|216\/321
|
|switch|p1a: Landorus-Therian|Landorus-Therian, M|319\/319
|-ability|p1a: Landorus-Therian|Intimidate|[of] p2a: Golden Fire
|-unboost|p2a: Golden Fire|atk|1
|
|turn|7
|
|move|p1a: Landorus-Therian|U-turn|p2a: Golden Fire
|-resisted|p2a: Golden Fire
|-damage|p2a: Golden Fire|166\/321
|
|switch|p1a: Heatran|Heatran, F, shiny|364\/364
|-item|p1a: Heatran|Air Balloon
|move|p2a: Golden Fire|Close Combat|p1a: Heatran
|-supereffective|p1a: Heatran
|-damage|p1a: Heatran|174\/364
|-enditem|p1a: Heatran|Air Balloon
|-unboost|p2a: Golden Fire|def|1
|-unboost|p2a: Golden Fire|spd|1
|
|turn|8
|
|switch|p2a: Mamotoe|Donphan, M, shiny|384\/384
|switch|p1a: Landorus-Therian|Landorus-Therian, M|319\/319
|-ability|p1a: Landorus-Therian|Intimidate|[of] p2a: Mamotoe
|-unboost|p2a: Mamotoe|atk|1
|
|turn|9
|
|move|p2a: Mamotoe|Ice Shard|p1a: Landorus-Therian
|-supereffective|p1a: Landorus-Therian
|-damage|p1a: Landorus-Therian|211\/319
|move|p1a: Landorus-Therian|U-turn|p2a: Mamotoe
|-crit|p2a: Mamotoe
|-damage|p2a: Mamotoe|272\/384
|
|switch|p1a: Latias|Latias, F|132\/319
|
|-heal|p2a: Mamotoe|296\/384|[from] item: Leftovers
|turn|10
|leave|l R0YAL l
|
|switch|p2a: Five Nights With B|Dragonite, M, shiny|324\/324
|move|p1a: Latias|Draco Meteor|p2a: Five Nights With B|[miss]
|-miss|p1a: Latias|p2a: Five Nights With B
|
|turn|11
|
|move|p1a: Latias|Draco Meteor|p2a: Five Nights With B
|-supereffective|p2a: Five Nights With B
|-damage|p2a: Five Nights With B|59\/324
|-enditem|p2a: Five Nights With B|Weakness Policy
|-boost|p2a: Five Nights With B|atk|2|[from] item: Weakness Policy
|-boost|p2a: Five Nights With B|spa|2|[from] item: Weakness Policy
|-unboost|p1a: Latias|spa|2
|-damage|p1a: Latias|101\/319|[from] item: Life Orb
|move|p2a: Five Nights With B|Dragon Dance|p2a: Five Nights With B
|-boost|p2a: Five Nights With B|atk|1
|-boost|p2a: Five Nights With B|spe|1
|
|turn|12
|
|move|p2a: Five Nights With B|Dragon Claw|p1a: Latias
|-supereffective|p1a: Latias
|-damage|p1a: Latias|0 fnt
|faint|p1a: Latias
|
|
|switch|p1a: Landorus-Therian|Landorus-Therian, M|211\/319
|-ability|p1a: Landorus-Therian|Intimidate|[of] p2a: Five Nights With B
|-unboost|p2a: Five Nights With B|atk|1
|turn|13
|
|switch|p1a: Magnezone|Magnezone, shiny|89\/281
|move|p2a: Five Nights With B|Dragon Claw|p1a: Magnezone
|-resisted|p1a: Magnezone
|-damage|p1a: Magnezone|0 fnt
|faint|p1a: Magnezone
|
|
|switch|p1a: Landorus-Therian|Landorus-Therian, M|211\/319
|-ability|p1a: Landorus-Therian|Intimidate|[of] p2a: Five Nights With B
|-unboost|p2a: Five Nights With B|atk|1
|turn|14
|
|move|p1a: Landorus-Therian|Explosion|p2a: Five Nights With B
|-damage|p2a: Five Nights With B|0 fnt
|faint|p1a: Landorus-Therian
|faint|p2a: Five Nights With B
|
|
|switch|p1a: Heatran|Heatran, F, shiny|174\/364
|switch|p2a: Red Lobster|Crawdaunt, M|216\/268
|turn|15
|
|move|p2a: Red Lobster|Aqua Jet|p1a: Heatran
|-crit|p1a: Heatran
|-supereffective|p1a: Heatran
|-damage|p1a: Heatran|0 fnt
|-damage|p2a: Red Lobster|190\/268|[from] item: Life Orb
|faint|p1a: Heatran
|
|
|switch|p1a: Gyarados|Gyarados, F|255\/353
|-ability|p1a: Gyarados|Intimidate|[of] p2a: Red Lobster
|-unboost|p2a: Red Lobster|atk|1
|turn|16
|
|move|p1a: Gyarados|Dragon Dance|p1a: Gyarados
|-boost|p1a: Gyarados|atk|1
|-boost|p1a: Gyarados|spe|1
|move|p2a: Red Lobster|Knock Off|p1a: Gyarados
|-damage|p1a: Gyarados|0 fnt
|-enditem|p1a: Gyarados|Leftovers|[from] move: Knock Off|[of] p2a: Red Lobster
|-damage|p2a: Red Lobster|164\/268|[from] item: Life Orb
|faint|p1a: Gyarados
|
|win|Anal Scout
|raw|Ladder updating...
|raw|Kiull's rating: 1391 &rarr; <strong>1368<\/strong><br \/>(-23 for losing)
|raw|Anal Scout's rating: 1326 &rarr; <strong>1350<\/strong><br \/>(+24 for winning)
|leave|Kiull
|c|âAnal Scout|gg
|player|p1
|leave|Gervantula