|join|Digersbitho
|join|sean1993
|player|p1|Digersbitho|157
|player|p2|sean1993|101
|gametype|singles
|gen|6
|tier|OU
|rated
|clearpoke
|poke|p1|Diggersby, M
|poke|p1|Swellow, M
|poke|p1|Greninja, M
|poke|p1|Thundurus, M
|poke|p1|Staraptor, F
|poke|p1|Conkeldurr, M
|poke|p2|Landorus-Therian, M
|poke|p2|Thundurus, M
|poke|p2|Bisharp, M
|poke|p2|Pinsir, F, shiny
|poke|p2|Talonflame, F
|poke|p2|Tentacruel, M
|rule|Baton Pass Clause: Limit 3 pokemon knowing Baton Pass
|rule|Sleep Clause Mod: Limit one foe put to sleep
|rule|Species Clause: Limit one of each Pokemon
|rule|OHKO Clause: OHKO moves are banned
|rule|Moody Clause: Moody is banned
|rule|Evasion Moves Clause: Evasion moves are banned
|rule|Endless Battle Clause: Forcing endless battles is banned
|rule|HP Percentage Mod: HP is reported as percentages
|teampreview
|
|start
|switch|p1a: Greninja|Greninja, M|286\/286
|switch|p2a: Landorus-Therian|Landorus-Therian, M|319\/319
|-ability|p2a: Landorus-Therian|Intimidate|[of] p1a: Greninja
|-unboost|p1a: Greninja|atk|1
|turn|1
|
|-start|p1a: Greninja|typechange|Ice|[from] Protean
|move|p1a: Greninja|Ice Beam|p2a: Landorus-Therian
|-supereffective|p2a: Landorus-Therian
|-damage|p2a: Landorus-Therian|0 fnt
|-damage|p1a: Greninja|258\/286|[from] item: Life Orb
|faint|p2a: Landorus-Therian
|
|
|switch|p2a: Talonflame|Talonflame, F|298\/298
|turn|2
|
|move|p2a: Talonflame|Brave Bird|p1a: Greninja
|-damage|p1a: Greninja|0 fnt
|-damage|p2a: Talonflame|213\/298|[from] recoil|[of] p1a: Greninja
|faint|p1a: Greninja
|
|
|switch|p1a: Diggersby|Diggersby, M|374\/374
|turn|3
|
|switch|p2a: Pinsir|Pinsir, F, shiny|272\/272
|move|p1a: Diggersby|Return|p2a: Pinsir
|-damage|p2a: Pinsir|0 fnt
|faint|p2a: Pinsir
|
|
|switch|p2a: Thundurus|Thundurus, M|299\/299
|turn|4
|
|move|p2a: Thundurus|Superpower|p1a: Diggersby
|-supereffective|p1a: Diggersby
|-damage|p1a: Diggersby|26\/374
|-unboost|p2a: Thundurus|atk|1
|-unboost|p2a: Thundurus|def|1
|-damage|p2a: Thundurus|270\/299|[from] item: Life Orb
|move|p1a: Diggersby|Return|p2a: Thundurus
|-damage|p2a: Thundurus|0 fnt
|faint|p2a: Thundurus
|
|
|switch|p2a: Talonflame|Talonflame, F|213\/298
|turn|5
|
|move|p2a: Talonflame|Brave Bird|p1a: Diggersby
|-damage|p1a: Diggersby|0 fnt
|-damage|p2a: Talonflame|204\/298|[from] recoil|[of] p1a: Diggersby
|faint|p1a: Diggersby
|
|
|switch|p1a: Thundurus|Thundurus, M|300\/300
|turn|6
|
|switch|p2a: Tentacruel|Tentacruel, M|364\/364
|move|p1a: Thundurus|Thunderbolt|p2a: Tentacruel
|-supereffective|p2a: Tentacruel
|-damage|p2a: Tentacruel|116\/364
|
|-heal|p2a: Tentacruel|138\/364|[from] item: Leftovers
|turn|7
|
|move|p1a: Thundurus|Substitute|p1a: Thundurus
|-start|p1a: Thundurus|Substitute
|-damage|p1a: Thundurus|225\/300
|move|p2a: Tentacruel|Toxic|p1a: Thundurus
|
|-heal|p1a: Thundurus|243\/300|[from] item: Leftovers
|-heal|p2a: Tentacruel|160\/364|[from] item: Leftovers
|turn|8
|leave|sean1993
|player|p2
|-message|sean1993 lost due to inactivity.
|
|win|Digersbitho
|raw|Ladder updating...
|raw|Digersbitho's rating: 1048 &rarr; <strong>1090<\/strong><br \/>(+42 for winning)
|raw|sean1993's rating: 1145 &rarr; <strong>1114<\/strong><br \/>(-31 for losing)