|join|sean1993
|join|teamtester420
|player|p1|sean1993|1
|player|p2|teamtester420|101
|gametype|singles
|gen|6
|tier|ORAS OU
|rated
|rule|Sleep Clause Mod: Limit one foe put to sleep
|rule|Species Clause: Limit one of each PokÃ©mon
|rule|OHKO Clause: OHKO moves are banned
|rule|Moody Clause: Moody is banned
|rule|Evasion Moves Clause: Evasion moves are banned
|rule|Endless Battle Clause: Forcing endless battles is banned
|rule|HP Percentage Mod: HP is shown in percentages
|clearpoke
|poke|p1|Suicune
|poke|p1|Celebi
|poke|p1|Infernape, M
|poke|p1|Landorus-Therian, M
|poke|p1|Salamence, M
|poke|p1|Excadrill, F
|poke|p2|Weavile, M
|poke|p2|Espeon, M
|poke|p2|Chansey, F
|poke|p2|Ferrothorn, M
|poke|p2|Slowbro, F
|poke|p2|Talonflame, F
|rule|Swagger Clause: Swagger is banned
|rule|Baton Pass Clause: Limit one PokÃ©mon knowing Baton Pass
|teampreview
|
|start
|switch|p1a: Infernape|Infernape, M|293\/293
|switch|p2a: Not a bomb|Ferrothorn, M|352\/352
|turn|1
|
|move|p1a: Infernape|Fire Blast|p2a: Not a bomb
|-supereffective|p2a: Not a bomb
|-damage|p2a: Not a bomb|0 fnt
|faint|p2a: Not a bomb
|
|
|switch|p2a: Pyrogrine|Talonflame, F|298\/298
|turn|2
|
|move|p2a: Pyrogrine|Brave Bird|p1a: Infernape
|-supereffective|p1a: Infernape
|-enditem|p1a: Infernape|Focus Sash
|-damage|p1a: Infernape|1\/293
|-damage|p2a: Pyrogrine|202\/298|[from] recoil|[of] p1a: Infernape
|move|p1a: Infernape|Thunder Punch|p2a: Pyrogrine
|-supereffective|p2a: Pyrogrine
|-damage|p2a: Pyrogrine|0 fnt
|faint|p2a: Pyrogrine
|
|
|switch|p2a: Frostbite|Weavile, M|282\/282
|-ability|p2a: Frostbite|Pressure
|turn|3
|
|switch|p1a: Salamence|Salamence, M|331\/331
|-ability|p1a: Salamence|Intimidate|[of] p2a: Frostbite
|-unboost|p2a: Frostbite|atk|1
|move|p2a: Frostbite|Ice Shard|p1a: Salamence
|-supereffective|p1a: Salamence
|-damage|p1a: Salamence|0 fnt
|-damage|p2a: Frostbite|254\/282|[from] item: Life Orb
|faint|p1a: Salamence
|
|
|switch|p1a: Suicune|Suicune|403\/403
|-ability|p1a: Suicune|Pressure
|turn|4
|
|move|p2a: Frostbite|Knock Off|p1a: Suicune
|-damage|p1a: Suicune|309\/403
|-enditem|p1a: Suicune|Leftovers|[from] move: Knock Off|[of] p2a: Frostbite
|-damage|p2a: Frostbite|226\/282|[from] item: Life Orb
|move|p1a: Suicune|Scald|p2a: Frostbite
|-damage|p2a: Frostbite|126\/282
|-status|p2a: Frostbite|brn
|
|-damage|p2a: Frostbite|91\/282 brn|[from] brn
|turn|5
|c|âsean1993|that was free
|
|move|p2a: Frostbite|Ice Punch|p1a: Suicune
|-resisted|p1a: Suicune
|-damage|p1a: Suicune|291\/403
|-damage|p2a: Frostbite|63\/282 brn|[from] item: Life Orb
|move|p1a: Suicune|Calm Mind|p1a: Suicune
|-boost|p1a: Suicune|spa|1
|-boost|p1a: Suicune|spd|1
|
|-damage|p2a: Frostbite|28\/282 brn|[from] brn
|turn|6
|
|move|p2a: Frostbite|Ice Punch|p1a: Suicune
|-resisted|p1a: Suicune
|-damage|p1a: Suicune|273\/403
|-damage|p2a: Frostbite|0 fnt|[from] item: Life Orb
|faint|p2a: Frostbite
|move|p1a: Suicune|Calm Mind|p1a: Suicune
|-boost|p1a: Suicune|spa|1
|-boost|p1a: Suicune|spd|1
|
|
|switch|p2a: Best mega|Slowbro, F|394\/394
|turn|7
|
|detailschange|p2a: Best mega|Slowbro-Mega, F
|message|Slowbro has Mega Evolved into Mega Slowbro!
|move|p1a: Suicune|Scald|p2a: Best mega
|-resisted|p2a: Best mega
|-damage|p2a: Best mega|286\/394
|move|p2a: Best mega|Calm Mind|p2a: Best mega
|-boost|p2a: Best mega|spa|1
|-boost|p2a: Best mega|spd|1
|
|turn|8
|
|switch|p1a: Celebi|Celebi|341\/341
|move|p2a: Best mega|Slack Off|p2a: Best mega
|-heal|p2a: Best mega|394\/394
|
|turn|9
|
|move|p1a: Celebi|Giga Drain|p2a: Best mega
|-supereffective|p2a: Best mega
|-damage|p2a: Best mega|194\/394
|move|p2a: Best mega|Slack Off|p2a: Best mega
|-heal|p2a: Best mega|391\/394
|
|turn|10
|
|move|p1a: Celebi|Giga Drain|p2a: Best mega
|-supereffective|p2a: Best mega
|-damage|p2a: Best mega|197\/394
|move|p2a: Best mega|Calm Mind|p2a: Best mega
|-boost|p2a: Best mega|spa|1
|-boost|p2a: Best mega|spd|1
|
|turn|11
|
|move|p1a: Celebi|Giga Drain|p2a: Best mega
|-supereffective|p2a: Best mega
|-damage|p2a: Best mega|51\/394
|move|p2a: Best mega|Slack Off|p2a: Best mega
|-heal|p2a: Best mega|248\/394
|
|turn|12
|
|move|p1a: Celebi|Giga Drain|p2a: Best mega
|-supereffective|p2a: Best mega
|-damage|p2a: Best mega|92\/394
|move|p2a: Best mega|Slack Off|p2a: Best mega
|-heal|p2a: Best mega|289\/394
|
|turn|13
|
|switch|p1a: Suicune|Suicune|273\/403
|-ability|p1a: Suicune|Pressure
|move|p2a: Best mega|Slack Off|p2a: Best mega
|-heal|p2a: Best mega|394\/394
|
|turn|14
|
|move|p1a: Suicune|Calm Mind|p1a: Suicune
|-boost|p1a: Suicune|spa|1
|-boost|p1a: Suicune|spd|1
|move|p2a: Best mega|Psyshock|p1a: Suicune
|-damage|p1a: Suicune|128\/403
|
|turn|15
|
|move|p1a: Suicune|Rest|p1a: Suicune
|-status|p1a: Suicune|slp
|-heal|p1a: Suicune|403\/403 slp|[silent]
|-status|p1a: Suicune|slp|[from] move: Rest
|move|p2a: Best mega|Psyshock|p1a: Suicune
|-damage|p1a: Suicune|259\/403 slp
|
|turn|16
|
|cant|p1a: Suicune|slp
|move|p1a: Suicune|Sleep Talk|p1a: Suicune
|move|p1a: Suicune|Calm Mind|p1a: Suicune|[from]Sleep Talk
|-boost|p1a: Suicune|spa|1
|-boost|p1a: Suicune|spd|1
|move|p2a: Best mega|Calm Mind|p2a: Best mega
|-boost|p2a: Best mega|spa|1
|-boost|p2a: Best mega|spd|1
|
|turn|17
|
|cant|p1a: Suicune|slp
|move|p1a: Suicune|Sleep Talk|p1a: Suicune
|move|p1a: Suicune|Scald|p2a: Best mega|[from]Sleep Talk
|-resisted|p2a: Best mega
|-damage|p2a: Best mega|352\/394
|-status|p2a: Best mega|brn
|move|p2a: Best mega|Calm Mind|p2a: Best mega
|-boost|p2a: Best mega|spa|1
|-boost|p2a: Best mega|spd|1
|
|-damage|p2a: Best mega|303\/394 brn|[from] brn
|turn|18
|
|-curestatus|p1a: Suicune|slp
|move|p1a: Suicune|Scald|p2a: Best mega
|-resisted|p2a: Best mega
|-damage|p2a: Best mega|269\/394 brn
|move|p2a: Best mega|Psyshock|p1a: Suicune
|-damage|p1a: Suicune|40\/403
|
|-damage|p2a: Best mega|220\/394 brn|[from] brn
|turn|19
|
|move|p1a: Suicune|Scald|p2a: Best mega
|-resisted|p2a: Best mega
|-damage|p2a: Best mega|184\/394 brn
|move|p2a: Best mega|Slack Off|p2a: Best mega
|-heal|p2a: Best mega|381\/394 brn
|
|-damage|p2a: Best mega|332\/394 brn|[from] brn
|turn|20
|
|move|p1a: Suicune|Scald|p2a: Best mega
|-resisted|p2a: Best mega
|-damage|p2a: Best mega|299\/394 brn
|move|p2a: Best mega|Psyshock|p1a: Suicune
|-damage|p1a: Suicune|0 fnt
|faint|p1a: Suicune
|
|-damage|p2a: Best mega|250\/394 brn|[from] brn
|
|switch|p1a: Infernape|Infernape, M|1\/293
|turn|21
|
|move|p1a: Infernape|Thunder Punch|p2a: Best mega
|-supereffective|p2a: Best mega
|-damage|p2a: Best mega|162\/394 brn
|move|p2a: Best mega|Slack Off|p2a: Best mega
|-heal|p2a: Best mega|359\/394 brn
|
|-damage|p2a: Best mega|310\/394 brn|[from] brn
|turn|22
|-message|sean1993 forfeited.
|
|win|teamtester420
|raw|Ladder updating...
|leave|sean1993
|player|p1
|raw|sean1993's rating: 1278 &rarr; <strong>1252<\/strong><br \/>(-26 for losing)
|raw|teamtester420's rating: 1272 &rarr; <strong>1298<\/strong><br \/>(+26 for winning)