|join|sean1993
|join|Glory Blaze
|player|p1|sean1993|1
|player|p2|Glory Blaze|253
|gametype|singles
|gen|6
|tier|ORAS OU
|rated
|rule|Sleep Clause Mod: Limit one foe put to sleep
|rule|Species Clause: Limit one of each PokÃ©mon
|rule|OHKO Clause: OHKO moves are banned
|rule|Moody Clause: Moody is banned
|rule|Evasion Moves Clause: Evasion moves are banned
|rule|Endless Battle Clause: Forcing endless battles is banned
|rule|HP Percentage Mod: HP is shown in percentages
|clearpoke
|poke|p1|Suicune
|poke|p1|Celebi
|poke|p1|Infernape, M
|poke|p1|Landorus-Therian, M
|poke|p1|Salamence, M
|poke|p1|Excadrill, M
|poke|p2|Magnezone
|poke|p2|Slurpuff, M
|poke|p2|Landorus-Therian, M
|poke|p2|Greninja, M
|poke|p2|Latios, M
|poke|p2|Charizard, F
|rule|Swagger Clause: Swagger is banned
|rule|Baton Pass Clause: Limit one PokÃ©mon knowing Baton Pass
|teampreview
|
|start
|switch|p1a: Infernape|Infernape, M|293\/293
|switch|p2a: Landorus-Therian|Landorus-Therian, M|319\/319
|-ability|p2a: Landorus-Therian|Intimidate|[of] p1a: Infernape
|-unboost|p1a: Infernape|atk|1
|turn|1
|
|move|p2a: Landorus-Therian|U-turn|p1a: Infernape
|-resisted|p1a: Infernape
|-damage|p1a: Infernape|259\/293
|
|switch|p2a: Latios|Latios, M|302\/302
|move|p1a: Infernape|Stealth Rock|p2a: Latios
|-sidestart|p2: Glory Blaze|move: Stealth Rock
|
|turn|2
|
|move|p2a: Latios|Memento|p1a: Infernape
|-unboost|p1a: Infernape|atk|2
|-unboost|p1a: Infernape|spa|2
|faint|p2a: Latios
|move|p1a: Infernape|Fire Blast|p2: Latios|[notarget]
|-notarget
|
|
|switch|p2a: Slurpuff|Slurpuff, M|306\/306
|-damage|p2a: Slurpuff|268\/306|[from] Stealth Rock
|turn|3
|
|switch|p1a: Excadrill|Excadrill, M|361\/361
|-ability|p1a: Excadrill|Mold Breaker
|move|p2a: Slurpuff|Belly Drum|p2a: Slurpuff
|-damage|p2a: Slurpuff|115\/306
|-setboost|p2a: Slurpuff|atk|6|[from] move: Belly Drum
|-enditem|p2a: Slurpuff|Sitrus Berry|[eat]
|-heal|p2a: Slurpuff|191\/306|[from] item: Sitrus Berry
|
|turn|4
|
|move|p2a: Slurpuff|Drain Punch|p1a: Excadrill
|-supereffective|p1a: Excadrill
|-damage|p1a: Excadrill|0 fnt
|-heal|p2a: Slurpuff|306\/306|[from] drain|[of] p1a: Excadrill
|faint|p1a: Excadrill
|
|
|switch|p1a: Salamence|Salamence, M|331\/331
|-ability|p1a: Salamence|Intimidate|[of] p2a: Slurpuff
|-unboost|p2a: Slurpuff|atk|1
|turn|5
|
|switch|p1a: Landorus-Therian|Landorus-Therian, M|382\/382
|-ability|p1a: Landorus-Therian|Intimidate|[of] p2a: Slurpuff
|-unboost|p2a: Slurpuff|atk|1
|move|p2a: Slurpuff|Substitute|p2a: Slurpuff
|-start|p2a: Slurpuff|Substitute
|-damage|p2a: Slurpuff|230\/306
|
|turn|6
|
|move|p2a: Slurpuff|Play Rough|p1a: Landorus-Therian
|-damage|p1a: Landorus-Therian|36\/382
|move|p1a: Landorus-Therian|Earthquake|p2a: Slurpuff
|-end|p2a: Slurpuff|Substitute
|
|-heal|p1a: Landorus-Therian|59\/382|[from] item: Leftovers
|turn|7
|
|move|p2a: Slurpuff|Play Rough|p1a: Landorus-Therian
|-damage|p1a: Landorus-Therian|0 fnt
|faint|p1a: Landorus-Therian
|
|
|switch|p1a: Salamence|Salamence, M|331\/331
|-ability|p1a: Salamence|Intimidate|[of] p2a: Slurpuff
|-unboost|p2a: Slurpuff|atk|1
|turn|8
|
|switch|p1a: Infernape|Infernape, M|259\/293
|move|p2a: Slurpuff|Belly Drum|p2a: Slurpuff
|-damage|p2a: Slurpuff|77\/306
|-setboost|p2a: Slurpuff|atk|6|[from] move: Belly Drum
|
|turn|9
|
|move|p2a: Slurpuff|Drain Punch|p1a: Infernape
|-damage|p1a: Infernape|0 fnt
|-heal|p2a: Slurpuff|207\/306|[from] drain|[of] p1a: Infernape
|faint|p1a: Infernape
|
|-message|sean1993 forfeited.
|
|win|Glory Blaze
|raw|Ladder updating...
|leave|sean1993
|player|p1
|raw|sean1993's rating: 1261 &rarr; <strong>1231<\/strong><br \/>(-30 for losing)
|raw|Glory Blaze's rating: 1187 &rarr; <strong>1217<\/strong><br \/>(+30 for winning)