|join|LucasN
|join|sean1993
|player|p1|LucasN|147
|player|p2|sean1993|92
|gametype|singles
|gen|6
|tier|OU
|rated
|clearpoke
|poke|p1|Mamoswine, M
|poke|p1|Charizard, M, shiny
|poke|p1|Aegislash, M, shiny
|poke|p1|Mandibuzz, F
|poke|p1|Scizor, M
|poke|p1|Tyranitar, M
|poke|p2|Charizard, M
|poke|p2|Rotom-Wash
|poke|p2|Tyranitar, M
|poke|p2|Keldeo
|poke|p2|Clefable, F
|poke|p2|Excadrill, M
|rule|Sleep Clause Mod: Limit one foe put to sleep
|rule|Species Clause: Limit one of each Pokemon
|rule|OHKO Clause: OHKO moves are banned
|rule|Moody Clause: Moody is banned
|rule|Evasion Moves Clause: Evasion moves are banned
|rule|Endless Battle Clause: Forcing endless battles is banned.
|rule|HP Percentage Mod: HP is reported as percentages
|teampreview
|
|start
|switch|p1a: Charizard|Charizard, M, shiny|298\/298
|switch|p2a: Tyranitar|Tyranitar, M|404\/404
|-weather|Sandstorm
|turn|1
|join|ZT007
|
|move|p2a: Tyranitar|Pursuit|p1a: Charizard|[from]Pursuit
|-damage|p1a: Charizard|150\/298
|switch|p1a: Tyranitar|Tyranitar, M|404\/404
|
|-weather|Sandstorm|[upkeep]
|turn|2
|
|move|p1a: Tyranitar|Earthquake|p2a: Tyranitar
|-supereffective|p2a: Tyranitar
|-damage|p2a: Tyranitar|164\/404
|move|p2a: Tyranitar|Stealth Rock|p1a: Tyranitar
|-sidestart|p1: LucasN|move: Stealth Rock
|
|-weather|Sandstorm|[upkeep]
|-heal|p2a: Tyranitar|189\/404|[from] item: Leftovers
|turn|3
|
|switch|p2a: Excadrill|Excadrill, M|361\/361
|-ability|p2a: Excadrill|Mold Breaker
|-item|p2a: Excadrill|Air Balloon
|move|p1a: Tyranitar|Crunch|p2a: Excadrill
|-damage|p2a: Excadrill|139\/361
|-enditem|p2a: Excadrill|Air Balloon
|
|-weather|Sandstorm|[upkeep]
|turn|4
|
|switch|p1a: Mandibuzz|Mandibuzz, F|424\/424
|-damage|p1a: Mandibuzz|318\/424|[from] Stealth Rock
|move|p2a: Excadrill|Iron Head|p1a: Mandibuzz
|-damage|p1a: Mandibuzz|213\/424
|-damage|p2a: Excadrill|79\/361|[from] item: Rocky Helmet|[of] p1a: Mandibuzz
|
|-weather|Sandstorm|[upkeep]
|turn|5
|
|move|p2a: Excadrill|Rock Slide|p1a: Mandibuzz
|-supereffective|p1a: Mandibuzz
|-damage|p1a: Mandibuzz|93\/424
|move|p1a: Mandibuzz|Defog|p2a: Excadrill
|-unboost|p2a: Excadrill|evasion|1
|-sideend|p1: LucasN|Stealth Rock|[from] move: Defog|[of] p1a: Mandibuzz
|
|-weather|none
|turn|6
|
|move|p2a: Excadrill|Rock Slide|p1a: Mandibuzz
|-supereffective|p1a: Mandibuzz
|-damage|p1a: Mandibuzz|0 fnt
|faint|p1a: Mandibuzz
|
|
|switch|p1a: Charizard|Charizard, M, shiny|150\/298
|turn|7
|
|-formechange|p1a: Charizard|Charizard-Mega-Y
|message|Charizard has Mega Evolved into Mega Charizard!
|-weather|SunnyDay
|move|p1a: Charizard|Flamethrower|p2a: Excadrill
|-supereffective|p2a: Excadrill
|-damage|p2a: Excadrill|0 fnt
|faint|p2a: Excadrill
|
|-weather|SunnyDay|[upkeep]
|
|switch|p2a: Tyranitar|Tyranitar, M|189\/404
|-weather|Sandstorm
|turn|8
|
|move|p1a: Charizard|Air Slash|p2a: Tyranitar
|-resisted|p2a: Tyranitar
|-damage|p2a: Tyranitar|154\/404
|move|p2a: Tyranitar|Pursuit|p1a: Charizard
|-damage|p1a: Charizard|81\/298
|
|-weather|Sandstorm|[upkeep]
|-damage|p1a: Charizard|63\/298|[from] sandstorm
|-heal|p2a: Tyranitar|179\/404|[from] item: Leftovers
|turn|9
|
|switch|p1a: Scizor|Scizor, M|344\/344
|move|p2a: Tyranitar|Crunch|p1a: Scizor
|-damage|p1a: Scizor|229\/344
|
|-weather|Sandstorm|[upkeep]
|-heal|p2a: Tyranitar|204\/404|[from] item: Leftovers
|turn|10
|
|switch|p2a: Rotom-Wash|Rotom-Wash|299\/299
|move|p1a: Scizor|U-turn|p2a: Rotom-Wash
|-damage|p2a: Rotom-Wash|106\/299
|
|switch|p1a: Charizard|Charizard, M, shiny|63\/298
|-formechange|p1a: Charizard|Charizard-Mega-Y
|-weather|SunnyDay
|
|-weather|SunnyDay|[upkeep]
|-heal|p2a: Rotom-Wash|124\/299|[from] item: Leftovers
|turn|11
|
|move|p1a: Charizard|Solar Beam|p2a: Rotom-Wash|[still]
|-prepare|p1a: Charizard|Solar Beam|p2a: Rotom-Wash
|-anim|p1a: Charizard|Solar Beam|p2a: Rotom-Wash
|-supereffective|p2a: Rotom-Wash
|-damage|p2a: Rotom-Wash|0 fnt
|faint|p2a: Rotom-Wash
|
|-weather|SunnyDay|[upkeep]
|
|switch|p2a: Clefable|Clefable, F|394\/394
|turn|12
|
|move|p1a: Charizard|Flamethrower|p2a: Clefable
|-damage|p2a: Clefable|75\/394
|move|p2a: Clefable|Calm Mind|p2a: Clefable
|-boost|p2a: Clefable|spa|1
|-boost|p2a: Clefable|spd|1
|
|-weather|SunnyDay|[upkeep]
|-heal|p2a: Clefable|99\/394|[from] item: Leftovers
|turn|13
|
|switch|p2a: Tyranitar|Tyranitar, M|204\/404
|-weather|Sandstorm
|move|p1a: Charizard|Flamethrower|p2a: Tyranitar
|-resisted|p2a: Tyranitar
|-damage|p2a: Tyranitar|162\/404
|-status|p2a: Tyranitar|brn
|
|-weather|Sandstorm|[upkeep]
|-damage|p1a: Charizard|45\/298|[from] sandstorm
|-heal|p2a: Tyranitar|187\/404 brn|[from] item: Leftovers
|-damage|p2a: Tyranitar|137\/404 brn|[from] brn
|turn|14
|
|move|p1a: Charizard|Solar Beam|p2a: Tyranitar|[still]
|-prepare|p1a: Charizard|Solar Beam|p2a: Tyranitar
|move|p2a: Tyranitar|Pursuit|p1a: Charizard
|-damage|p1a: Charizard|6\/298
|
|-weather|Sandstorm|[upkeep]
|-damage|p1a: Charizard|0 fnt|[from] sandstorm
|-heal|p2a: Tyranitar|162\/404 brn|[from] item: Leftovers
|-damage|p2a: Tyranitar|112\/404 brn|[from] brn
|faint|p1a: Charizard
|
|switch|p1a: Mamoswine|Mamoswine, M|362\/362
|turn|15
|
|move|p1a: Mamoswine|Icicle Crash|p2a: Tyranitar
|-damage|p2a: Tyranitar|0 fnt
|-damage|p1a: Mamoswine|326\/362|[from] item: Life Orb
|faint|p2a: Tyranitar
|
|-weather|Sandstorm|[upkeep]
|
|switch|p2a: Charizard|Charizard, M|297\/297
|turn|16
|
|-formechange|p2a: Charizard|Charizard-Mega-X
|message|Charizard has Mega Evolved into Mega Charizard!
|move|p2a: Charizard|Flare Blitz|p1a: Mamoswine
|-supereffective|p1a: Mamoswine
|-damage|p1a: Mamoswine|0 fnt
|-damage|p2a: Charizard|189\/297|[from] recoil|[of] p1a: Mamoswine
|faint|p1a: Mamoswine
|
|-weather|Sandstorm|[upkeep]
|-damage|p2a: Charizard|171\/297|[from] sandstorm
|
|switch|p1a: Tyranitar|Tyranitar, M|404\/404
|turn|17
|
|switch|p2a: Clefable|Clefable, F|99\/394
|move|p1a: Tyranitar|Rock Slide|p2a: Clefable
|-damage|p2a: Clefable|0 fnt
|faint|p2a: Clefable
|
|-weather|none
|
|switch|p2a: Keldeo|Keldeo|323\/323
|turn|18
|
|switch|p1a: Scizor|Scizor, M|229\/344
|move|p2a: Keldeo|Hydro Pump|p1a: Scizor|[miss]
|-miss|p2a: Keldeo|p1a: Scizor
|
|turn|19
|
|move|p2a: Keldeo|Hydro Pump|p1a: Scizor
|-damage|p1a: Scizor|0 fnt
|faint|p1a: Scizor
|
|
|switch|p1a: Aegislash|Aegislash, M, shiny|262\/262
|turn|20
|
|move|p2a: Keldeo|Hydro Pump|p1a: Aegislash
|-damage|p1a: Aegislash|129\/262
|-formechange|p1a: Aegislash|Aegislash-Blade
|move|p1a: Aegislash|Shadow Ball|p2a: Keldeo
|-damage|p2a: Keldeo|152\/323
|-unboost|p2a: Keldeo|spd|1
|
|turn|21
|
|move|p2a: Keldeo|Hydro Pump|p1a: Aegislash|[miss]
|-miss|p2a: Keldeo|p1a: Aegislash
|move|p1a: Aegislash|Shadow Ball|p2a: Keldeo
|-damage|p2a: Keldeo|0 fnt
|faint|p2a: Keldeo
|
|
|switch|p2a: Charizard|Charizard, M|171\/297
|-formechange|p2a: Charizard|Charizard-Mega-X
|turn|22
|
|move|p1a: Aegislash|Shadow Sneak|p2a: Charizard
|-damage|p2a: Charizard|87\/297
|move|p2a: Charizard|Hone Claws|p2a: Charizard
|-boost|p2a: Charizard|atk|1
|-boost|p2a: Charizard|accuracy|1
|
|turn|23
|
|move|p1a: Aegislash|Shadow Sneak|p2a: Charizard
|-damage|p2a: Charizard|11\/297
|move|p2a: Charizard|Earthquake|p1a: Aegislash
|-supereffective|p1a: Aegislash
|-damage|p1a: Aegislash|0 fnt
|faint|p1a: Aegislash
|
|
|switch|p1a: Tyranitar|Tyranitar, M|404\/404
|-weather|Sandstorm
|turn|24
|
|move|p2a: Charizard|Earthquake|p1a: Tyranitar
|-supereffective|p1a: Tyranitar
|-damage|p1a: Tyranitar|98\/404
|move|p1a: Tyranitar|Crunch|p2a: Charizard
|-damage|p2a: Charizard|0 fnt
|faint|p2a: Charizard
|
|win|LucasN
|raw|Ladder updating...
|raw|LucasN's rating: 1489 &rarr; <strong>1505<\/strong><br \/>(+16 for winning)
|raw|sean1993's rating: 1422 &rarr; <strong>1406<\/strong><br \/>(-16 for losing)
|chat|LucasN|gg
|leave|ZT007
|chat|sean1993|gg