|join|Flechazo
|join|sean1993
|player|p1|Flechazo|290
|player|p2|sean1993|92
|gametype|singles
|gen|6
|tier|OU
|rated
|clearpoke
|poke|p1|Scolipede, M
|poke|p1|Zapdos
|poke|p1|Espeon, M
|poke|p1|Clefable, F
|poke|p1|Smeargle, F
|poke|p1|Vaporeon, F
|poke|p2|Heatran, M
|poke|p2|Rotom-Wash
|poke|p2|Tyranitar, M
|poke|p2|Dragonite, F
|poke|p2|Clefable, F
|poke|p2|Landorus, M
|rule|Sleep Clause Mod: Limit one foe put to sleep
|rule|Species Clause: Limit one of each Pokemon
|rule|OHKO Clause: OHKO moves are banned
|rule|Moody Clause: Moody is banned
|rule|Evasion Moves Clause: Evasion moves are banned
|rule|Endless Battle Clause: Forcing endless battles is banned.
|rule|HP Percentage Mod: HP is reported as percentages
|teampreview
|
|start
|switch|p1a: Scolipede|Scolipede, M|320\/320
|switch|p2a: Heatran|Heatran, M|330\/330
|turn|1
|
|move|p1a: Scolipede|Protect|p1a: Scolipede
|-singleturn|p1a: Scolipede|Protect
|move|p2a: Heatran|Lava Plume|p1a: Scolipede
|-activate|p1a: Scolipede|Protect
|
|-boost|p1a: Scolipede|spe|1|[from] ability: Speed Boost
|turn|2
|
|move|p2a: Heatran|Lava Plume|p1a: Scolipede
|-supereffective|p1a: Scolipede
|-damage|p1a: Scolipede|0 fnt
|faint|p1a: Scolipede
|
|chat|Flechazo|Scarfed
|chat|Flechazo|Smart
|
|switch|p1a: Vaporeon|Vaporeon, F|464\/464
|turn|3
|
|switch|p2a: Rotom-Wash|Rotom-Wash|299\/299
|move|p1a: Vaporeon|Acid Armor|p1a: Vaporeon
|-boost|p1a: Vaporeon|def|2
|
|turn|4
|
|move|p2a: Rotom-Wash|Will-O-Wisp|p1a: Vaporeon
|-status|p1a: Vaporeon|brn
|move|p1a: Vaporeon|Baton Pass|p1a: Vaporeon
|
|switch|p1a: Zapdos|Zapdos|384\/384
|-ability|p1a: Zapdos|Pressure
|
|turn|5
|
|move|p2a: Rotom-Wash|Volt Switch|p1a: Zapdos
|-damage|p1a: Zapdos|288\/384
|
|switch|p2a: Landorus|Landorus, M|319\/319
|move|p1a: Zapdos|Agility|p1a: Zapdos
|-boost|p1a: Zapdos|spe|2
|
|-heal|p1a: Zapdos|312\/384|[from] item: Leftovers
|turn|6
|
|move|p1a: Zapdos|Agility|p1a: Zapdos
|-boost|p1a: Zapdos|spe|2
|move|p2a: Landorus|Hidden Power|p1a: Zapdos
|-supereffective|p1a: Zapdos
|-damage|p1a: Zapdos|140\/384
|-damage|p2a: Landorus|288\/319|[from] item: Life Orb
|
|-heal|p1a: Zapdos|164\/384|[from] item: Leftovers
|turn|7
|
|move|p1a: Zapdos|Baton Pass|p1a: Zapdos
|
|switch|p1a: Vaporeon|Vaporeon, F|464\/464 brn
|move|p2a: Landorus|Hidden Power|p1a: Vaporeon
|-resisted|p1a: Vaporeon
|-damage|p1a: Vaporeon|420\/464 brn
|-damage|p2a: Landorus|257\/319|[from] item: Life Orb
|
|-heal|p1a: Vaporeon|449\/464 brn|[from] item: Leftovers
|-damage|p1a: Vaporeon|391\/464 brn|[from] brn
|turn|8
|
|move|p1a: Vaporeon|Acid Armor|p1a: Vaporeon
|-boost|p1a: Vaporeon|def|2
|move|p2a: Landorus|Psychic|p1a: Vaporeon
|-damage|p1a: Vaporeon|225\/464 brn
|
|-heal|p1a: Vaporeon|254\/464 brn|[from] item: Leftovers
|-damage|p1a: Vaporeon|196\/464 brn|[from] brn
|turn|9
|
|move|p1a: Vaporeon|Baton Pass|p1a: Vaporeon
|
|switch|p1a: Espeon|Espeon, M|334\/334
|move|p2a: Landorus|Psychic|p1a: Espeon
|-resisted|p1a: Espeon
|-damage|p1a: Espeon|273\/334
|
|-heal|p1a: Espeon|293\/334|[from] item: Leftovers
|turn|10
|
|move|p1a: Espeon|Substitute|p1a: Espeon
|-start|p1a: Espeon|Substitute
|-damage|p1a: Espeon|210\/334
|move|p2a: Landorus|Earth Power|p1a: Espeon
|-end|p1a: Espeon|Substitute
|
|-heal|p1a: Espeon|230\/334|[from] item: Leftovers
|turn|11
|
|move|p1a: Espeon|Baton Pass|p1a: Espeon
|
|switch|p1a: Zapdos|Zapdos|164\/384
|-ability|p1a: Zapdos|Pressure
|move|p2a: Landorus|Psychic|p1a: Zapdos
|-damage|p1a: Zapdos|12\/384
|
|-heal|p1a: Zapdos|36\/384|[from] item: Leftovers
|turn|12
|
|move|p1a: Zapdos|Baton Pass|p1a: Zapdos
|
|switch|p1a: Smeargle|Smeargle, F|304\/304
|move|p2a: Landorus|Psychic|p1a: Smeargle
|-damage|p1a: Smeargle|28\/304
|
|turn|13
|
|move|p1a: Smeargle|Spore|p2a: Landorus
|-status|p2a: Landorus|slp
|cant|p2a: Landorus|slp
|
|turn|14
|
|switch|p2a: Heatran|Heatran, M|330\/330
|move|p1a: Smeargle|Ingrain|p1a: Smeargle
|-start|p1a: Smeargle|move: Ingrain
|
|-heal|p1a: Smeargle|47\/304|[from] Ingrain
|turn|15
|
|move|p1a: Smeargle|Baton Pass|p1a: Smeargle
|
|switch|p1a: Vaporeon|Vaporeon, F|196\/464 brn
|move|p2a: Heatran|Earth Power|p1a: Vaporeon
|-damage|p1a: Vaporeon|94\/464 brn
|
|-heal|p1a: Vaporeon|123\/464 brn|[from] item: Leftovers
|-heal|p1a: Vaporeon|152\/464 brn|[from] Ingrain
|-damage|p1a: Vaporeon|94\/464 brn|[from] brn
|turn|16
|
|move|p1a: Vaporeon|Baton Pass|p1a: Vaporeon
|
|switch|p1a: Zapdos|Zapdos|36\/384
|-ability|p1a: Zapdos|Pressure
|move|p2a: Heatran|Earth Power|p1a: Zapdos
|-supereffective|p1a: Zapdos
|-damage|p1a: Zapdos|0 fnt
|faint|p1a: Zapdos
|
|chat|Flechazo|Ingrain
|chat|Flechazo|Fuck
|chat|Flechazo|gg
|-message|Flechazo forfeited.
|
|win|sean1993
|raw|Ladder updating...
|leave|Flechazo
|player|p1
|raw|Ladder (probably) updated, but score could not be retrieved (timeout).
|raw|Ladder (probably) updated, but score could not be retrieved (Error: socket hang up).