|join|Reddragonn
|join|sean1993
|player|p1|Reddragonn|266
|player|p2|sean1993|1
|gametype|singles
|gen|6
|tier|OU
|rated
|clearpoke
|poke|p1|Gardevoir, M
|poke|p1|Landorus-Therian, M
|poke|p1|Greninja, M
|poke|p1|Dragonite, M
|poke|p1|Terrakion
|poke|p1|Bisharp, M
|poke|p2|Suicune
|poke|p2|Victini
|poke|p2|Medicham, M
|poke|p2|Excadrill, F
|poke|p2|Landorus-Therian, M
|poke|p2|Clefable, F
|rule|Swagger Clause: Swagger is banned
|rule|Baton Pass Clause: Limit one PokÃ©mon knowing Baton Pass
|rule|Sleep Clause Mod: Limit one foe put to sleep
|rule|Species Clause: Limit one of each PokÃ©mon
|rule|OHKO Clause: OHKO moves are banned
|rule|Moody Clause: Moody is banned
|rule|Evasion Moves Clause: Evasion moves are banned
|rule|Endless Battle Clause: Forcing endless battles is banned
|rule|HP Percentage Mod: HP is shown in percentages
|teampreview
|
|start
|switch|p1a: Gardevoir|Gardevoir, M|278\/278
|switch|p2a: Victini|Victini|341\/341
|-ability|p1a: Gardevoir|Victory Star|[from] ability: Trace|[of] p2a: Victini
|turn|1
|
|switch|p1a: Terrakion|Terrakion|323\/323
|move|p2a: Victini|V-create|p1a: Terrakion
|-resisted|p1a: Terrakion
|-damage|p1a: Terrakion|183\/323
|-unboost|p2a: Victini|def|1
|-unboost|p2a: Victini|spd|1
|-unboost|p2a: Victini|spe|1
|
|turn|2
|
|switch|p2a: Landorus-Therian|Landorus-Therian, M|320\/320
|-ability|p2a: Landorus-Therian|Intimidate|[of] p1a: Terrakion
|-unboost|p1a: Terrakion|atk|1
|move|p1a: Terrakion|Stealth Rock|p2a: Landorus-Therian
|-sidestart|p2: sean1993|move: Stealth Rock
|
|turn|3
|
|move|p2a: Landorus-Therian|U-turn|p1a: Terrakion
|-resisted|p1a: Terrakion
|-damage|p1a: Terrakion|137\/323
|
|switch|p2a: Clefable|Clefable, F|394\/394
|move|p1a: Terrakion|Taunt|p2a: Clefable
|-start|p2a: Clefable|move: Taunt
|
|turn|4
|
|move|p1a: Terrakion|Stone Edge|p2a: Clefable
|-damage|p2a: Clefable|267\/394
|move|p2a: Clefable|Moonblast|p1a: Terrakion
|-supereffective|p1a: Terrakion
|-damage|p1a: Terrakion|0 fnt
|faint|p1a: Terrakion
|
|-heal|p2a: Clefable|291\/394|[from] item: Leftovers
|
|switch|p1a: Bisharp|Bisharp, M|272\/272
|turn|5
|
|switch|p2a: Excadrill|Excadrill, F|361\/361
|-damage|p2a: Excadrill|350\/361|[from] Stealth Rock
|-ability|p2a: Excadrill|Mold Breaker
|move|p1a: Bisharp|Knock Off|p2a: Excadrill
|-damage|p2a: Excadrill|15\/361
|-enditem|p2a: Excadrill|Choice Scarf|[from] move: Knock Off|[of] p1a: Bisharp
|-damage|p1a: Bisharp|245\/272|[from] item: Life Orb
|
|turn|6
|
|switch|p1a: Landorus-Therian|Landorus-Therian, M|320\/320
|-ability|p1a: Landorus-Therian|Intimidate|[of] p2a: Excadrill
|-unboost|p2a: Excadrill|atk|1
|move|p2a: Excadrill|Earthquake|p1a: Landorus-Therian
|-immune|p1a: Landorus-Therian|[msg]
|
|turn|7
|
|move|p1a: Landorus-Therian|U-turn|p2a: Excadrill
|-resisted|p2a: Excadrill
|-damage|p2a: Excadrill|0 fnt
|faint|p2a: Excadrill
|
|switch|p1a: Dragonite|Dragonite, M|323\/323
|
|
|switch|p2a: Medicham|Medicham, M|261\/261
|-damage|p2a: Medicham|245\/261|[from] Stealth Rock
|turn|8
|
|detailschange|p2a: Medicham|Medicham-Mega, M
|message|Medicham has Mega Evolved into Mega Medicham!
|move|p2a: Medicham|Fake Out|p1a: Dragonite
|-damage|p1a: Dragonite|284\/323
|cant|p1a: Dragonite|flinch
|
|turn|9
|
|move|p1a: Dragonite|Extreme Speed|p2a: Medicham
|-damage|p2a: Medicham|52\/261
|move|p2a: Medicham|Ice Punch|p1a: Dragonite
|-supereffective|p1a: Dragonite
|-damage|p1a: Dragonite|0 fnt
|faint|p1a: Dragonite
|
|
|switch|p1a: Landorus-Therian|Landorus-Therian, M|320\/320
|-ability|p1a: Landorus-Therian|Intimidate|[of] p2a: Medicham
|-unboost|p2a: Medicham|atk|1
|turn|10
|
|switch|p2a: Landorus-Therian|Landorus-Therian, M|320\/320
|-damage|p2a: Landorus-Therian|280\/320|[from] Stealth Rock
|-ability|p2a: Landorus-Therian|Intimidate|[of] p1a: Landorus-Therian
|-unboost|p1a: Landorus-Therian|atk|1
|move|p1a: Landorus-Therian|U-turn|p2a: Landorus-Therian
|-resisted|p2a: Landorus-Therian
|-damage|p2a: Landorus-Therian|250\/320
|
|switch|p1a: Greninja|Greninja, M|286\/286
|
|turn|11
|
|switch|p1a: Landorus-Therian|Landorus-Therian, M|320\/320
|-ability|p1a: Landorus-Therian|Intimidate|[of] p2a: Landorus-Therian
|-unboost|p2a: Landorus-Therian|atk|1
|move|p2a: Landorus-Therian|U-turn|p1a: Landorus-Therian
|-resisted|p1a: Landorus-Therian
|-damage|p1a: Landorus-Therian|287\/320
|
|switch|p2a: Suicune|Suicune|403\/403
|-damage|p2a: Suicune|353\/403|[from] Stealth Rock
|-ability|p2a: Suicune|Pressure
|
|-heal|p2a: Suicune|378\/403|[from] item: Leftovers
|turn|12
|
|move|p1a: Landorus-Therian|U-turn|p2a: Suicune
|-damage|p2a: Suicune|319\/403
|c|âReddragonn|DOGE
|
|switch|p1a: Greninja|Greninja, M|286\/286
|move|p2a: Suicune|Scald|p1a: Greninja
|-resisted|p1a: Greninja
|-damage|p1a: Greninja|225\/286
|-status|p1a: Greninja|brn
|
|-heal|p2a: Suicune|344\/403|[from] item: Leftovers
|-damage|p1a: Greninja|190\/286 brn|[from] brn
|turn|13
|
|move|p1a: Greninja|Grass Knot|p2a: Suicune
|-start|p1a: Greninja|typechange|Grass|[from] Protean
|-supereffective|p2a: Suicune
|-damage|p2a: Suicune|14\/403
|-damage|p1a: Greninja|162\/286 brn|[from] item: Life Orb
|move|p2a: Suicune|Calm Mind|p2a: Suicune
|-boost|p2a: Suicune|spa|1
|-boost|p2a: Suicune|spd|1
|
|-heal|p2a: Suicune|39\/403|[from] item: Leftovers
|-damage|p1a: Greninja|127\/286 brn|[from] brn
|turn|14
|c|âReddragonn|RIP DOGE
|
|move|p1a: Greninja|Grass Knot|p2a: Suicune
|-supereffective|p2a: Suicune
|-damage|p2a: Suicune|0 fnt
|-damage|p1a: Greninja|99\/286 brn|[from] item: Life Orb
|faint|p2a: Suicune
|
|-damage|p1a: Greninja|64\/286 brn|[from] brn
|
|switch|p2a: Landorus-Therian|Landorus-Therian, M|250\/320
|-damage|p2a: Landorus-Therian|210\/320|[from] Stealth Rock
|-ability|p2a: Landorus-Therian|Intimidate|[of] p1a: Greninja
|-unboost|p1a: Greninja|atk|1
|turn|15
|
|move|p2a: Landorus-Therian|U-turn|p1a: Greninja
|-crit|p1a: Greninja
|-supereffective|p1a: Greninja
|-damage|p1a: Greninja|0 fnt
|faint|p1a: Greninja
|
|switch|p2a: Medicham|Medicham-Mega, M|52\/261
|-damage|p2a: Medicham|36\/261|[from] Stealth Rock
|
|
|switch|p1a: Landorus-Therian|Landorus-Therian, M|287\/320
|-ability|p1a: Landorus-Therian|Intimidate|[of] p2a: Medicham
|-unboost|p2a: Medicham|atk|1
|turn|16
|
|move|p2a: Medicham|Fake Out|p1a: Landorus-Therian
|-damage|p1a: Landorus-Therian|231\/320
|cant|p1a: Landorus-Therian|flinch
|
|turn|17
|
|move|p1a: Landorus-Therian|U-turn|p2a: Medicham
|-crit|p2a: Medicham
|-damage|p2a: Medicham|0 fnt
|faint|p2a: Medicham
|
|switch|p1a: Bisharp|Bisharp, M|245\/272
|
|
|switch|p2a: Victini|Victini|341\/341
|-damage|p2a: Victini|256\/341|[from] Stealth Rock
|turn|18
|c|âReddragonn|if scarf victini gg
|
|switch|p1a: Landorus-Therian|Landorus-Therian, M|231\/320
|-ability|p1a: Landorus-Therian|Intimidate|[of] p2a: Victini
|-unboost|p2a: Victini|atk|1
|move|p2a: Victini|V-create|p1a: Landorus-Therian
|-damage|p1a: Landorus-Therian|29\/320
|-unboost|p2a: Victini|def|1
|-unboost|p2a: Victini|spd|1
|-unboost|p2a: Victini|spe|1
|
|turn|19
|
|move|p1a: Landorus-Therian|Stone Edge|p2a: Victini
|-supereffective|p2a: Victini
|-damage|p2a: Victini|0 fnt
|faint|p2a: Victini
|
|
|switch|p2a: Landorus-Therian|Landorus-Therian, M|210\/320
|-damage|p2a: Landorus-Therian|170\/320|[from] Stealth Rock
|-ability|p2a: Landorus-Therian|Intimidate|[of] p1a: Landorus-Therian
|-unboost|p1a: Landorus-Therian|atk|1
|turn|20
|
|move|p1a: Landorus-Therian|Stone Edge|p2a: Landorus-Therian|[miss]
|-miss|p1a: Landorus-Therian|p2a: Landorus-Therian
|move|p2a: Landorus-Therian|U-turn|p1a: Landorus-Therian
|-resisted|p1a: Landorus-Therian
|-damage|p1a: Landorus-Therian|0 fnt
|faint|p1a: Landorus-Therian
|
|switch|p2a: Clefable|Clefable, F|291\/394
|
|-heal|p2a: Clefable|315\/394|[from] item: Leftovers
|
|switch|p1a: Bisharp|Bisharp, M|245\/272
|turn|21
|
|move|p1a: Bisharp|Iron Head|p2a: Clefable
|-supereffective|p2a: Clefable
|-damage|p2a: Clefable|0 fnt
|-damage|p1a: Bisharp|218\/272|[from] item: Life Orb
|faint|p2a: Clefable
|
|-message|sean1993 forfeited.
|
|win|Reddragonn
|raw|Ladder updating...
|leave|sean1993
|player|p2
|raw|Reddragonn's rating: 1620 &rarr; <strong>1642<\/strong><br \/>(+22 for winning)
|raw|sean1993's rating: 1616 &rarr; <strong>1596<\/strong><br \/>(-20 for losing)