|join|sean1993
|join|Pentao
|player|p1|sean1993|92
|player|p2|Pentao|28
|gametype|singles
|gen|6
|tier|OU
|rated
|clearpoke
|poke|p1|Deoxys-Defense
|poke|p1|Talonflame, F
|poke|p1|Charizard, F
|poke|p1|Keldeo
|poke|p1|Thundurus, M
|poke|p1|Bisharp, M
|poke|p2|Manectric, M, shiny
|poke|p2|Cobalion
|poke|p2|Mew, shiny
|poke|p2|Alomomola, F
|poke|p2|Excadrill, M
|poke|p2|Tornadus-Therian, M
|rule|Sleep Clause Mod: Limit one foe put to sleep
|rule|Species Clause: Limit one of each Pokemon
|rule|OHKO Clause: OHKO moves are banned
|rule|Moody Clause: Moody is banned
|rule|Evasion Moves Clause: Evasion moves are banned
|rule|Endless Battle Clause: Forcing endless battles is banned.
|rule|HP Percentage Mod: HP is reported as percentages
|teampreview
|chat|Pentao|Oh hey, been a while since I saw a DeoSharp team
|
|start
|switch|p1a: Charizard|Charizard, F|298\/298
|switch|p2a: Patriarch|Cobalion|323\/323
|turn|1
|chat|Pentao|But I guess that's what happens when you lose your ranking and fall into the 1500s again
|
|-formechange|p1a: Charizard|Charizard-Mega-X
|message|Charizard has Mega Evolved into Mega Charizard!
|move|p2a: Patriarch|Volt Switch|p1a: Charizard
|-resisted|p1a: Charizard
|-damage|p1a: Charizard|255\/298
|-damage|p2a: Patriarch|291\/323|[from] item: Life Orb
|
|switch|p2a: Pentaijou|Alomomola, F|534\/534
|move|p1a: Charizard|Dragon Dance|p1a: Charizard
|-boost|p1a: Charizard|atk|1
|-boost|p1a: Charizard|spe|1
|
|turn|2
|
|move|p1a: Charizard|Dragon Claw|p2a: Pentaijou
|-damage|p2a: Pentaijou|194\/534
|move|p2a: Pentaijou|Toxic|p1a: Charizard
|-status|p1a: Charizard|tox
|
|-heal|p2a: Pentaijou|227\/534|[from] item: Leftovers
|-damage|p1a: Charizard|237\/298 tox|[from] psn
|turn|3
|
|move|p2a: Pentaijou|Protect|p2a: Pentaijou
|-singleturn|p2a: Pentaijou|Protect
|move|p1a: Charizard|Dragon Claw|p2a: Pentaijou
|-activate|p2a: Pentaijou|Protect
|
|-heal|p2a: Pentaijou|260\/534|[from] item: Leftovers
|-damage|p1a: Charizard|201\/298 tox|[from] psn
|turn|4
|
|switch|p2a: Pentaookami|Manectric, M, shiny|281\/281
|move|p1a: Charizard|Dragon Claw|p2a: Pentaookami
|-crit|p2a: Pentaookami
|-damage|p2a: Pentaookami|0 fnt
|faint|p2a: Pentaookami
|
|-damage|p1a: Charizard|147\/298 tox|[from] psn
|
|switch|p2a: Pentaijou|Alomomola, F|438\/534
|turn|5
|
|switch|p1a: Deoxys-Defense|Deoxys-Defense|304\/304
|-ability|p1a: Deoxys-Defense|Pressure
|move|p2a: Pentaijou|Wish|p2a: Pentaijou
|
|-heal|p2a: Pentaijou|471\/534|[from] item: Leftovers
|turn|6
|
|switch|p2a: Patriarch|Cobalion|291\/323
|move|p1a: Deoxys-Defense|Thunder Wave|p2a: Patriarch
|-status|p2a: Patriarch|par
|
|-heal|p2a: Patriarch|323\/323 par|[from] move: Wish|[wisher] Pentaijou
|turn|7
|
|move|p1a: Deoxys-Defense|Stealth Rock|p2a: Patriarch
|-sidestart|p2: Pentao|move: Stealth Rock
|move|p2a: Patriarch|Stealth Rock|p1a: Deoxys-Defense
|-sidestart|p1: sean1993|move: Stealth Rock
|
|turn|8
|
|switch|p2a: ãã³ã¿|Mew, shiny|404\/404
|-damage|p2a: ãã³ã¿|354\/404|[from] Stealth Rock
|move|p1a: Deoxys-Defense|Spikes|p2a: ãã³ã¿
|-sidestart|p2: Pentao|Spikes
|
|-heal|p2a: ãã³ã¿|379\/404|[from] item: Leftovers
|turn|9
|
|move|p2a: ãã³ã¿|Heal Bell|p2a: ãã³ã¿
|-cureteam|p2a: ãã³ã¿|[from] move: HealBell
|move|p1a: Deoxys-Defense|Thunder Wave|p2a: ãã³ã¿
|-status|p2a: ãã³ã¿|par
|-status|p1a: Deoxys-Defense|par
|
|-heal|p2a: ãã³ã¿|404\/404 par|[from] item: Leftovers
|turn|10
|
|switch|p1a: Bisharp|Bisharp, M|271\/271
|-damage|p1a: Bisharp|255\/271|[from] Stealth Rock
|cant|p2a: ãã³ã¿|par
|
|turn|11
|
|move|p1a: Bisharp|Swords Dance|p1a: Bisharp
|-boost|p1a: Bisharp|atk|2
|move|p2a: ãã³ã¿|Will-O-Wisp|p1a: Bisharp
|-status|p1a: Bisharp|brn
|
|-damage|p1a: Bisharp|222\/271 brn|[from] brn
|turn|12
|
|move|p1a: Bisharp|Knock Off|p2a: ãã³ã¿
|-supereffective|p2a: ãã³ã¿
|-damage|p2a: ãã³ã¿|8\/404 par
|-enditem|p2a: ãã³ã¿|Leftovers|[from] move: Knock Off|[of] p1a: Bisharp
|cant|p2a: ãã³ã¿|par
|
|-damage|p1a: Bisharp|189\/271 brn|[from] brn
|turn|13
|
|move|p1a: Bisharp|Swords Dance|p1a: Bisharp
|-boost|p1a: Bisharp|atk|2
|move|p2a: ãã³ã¿|Soft-Boiled|p2a: ãã³ã¿
|-heal|p2a: ãã³ã¿|210\/404 par
|
|-damage|p1a: Bisharp|156\/271 brn|[from] brn
|turn|14
|
|move|p1a: Bisharp|Knock Off|p2a: ãã³ã¿
|-supereffective|p2a: ãã³ã¿
|-damage|p2a: ãã³ã¿|0 fnt
|faint|p2a: ãã³ã¿
|
|-damage|p1a: Bisharp|123\/271 brn|[from] brn
|
|switch|p2a: Pentaedge|Excadrill, M|366\/366
|-damage|p2a: Pentaedge|355\/366|[from] Stealth Rock
|-damage|p2a: Pentaedge|310\/366|[from] Spikes
|-ability|p2a: Pentaedge|Mold Breaker
|turn|15
|
|move|p1a: Bisharp|Sucker Punch|p2a: Pentaedge
|-damage|p2a: Pentaedge|0 fnt
|faint|p2a: Pentaedge
|
|-damage|p1a: Bisharp|90\/271 brn|[from] brn
|
|switch|p2a: Patriarch|Cobalion|323\/323
|-damage|p2a: Patriarch|313\/323|[from] Stealth Rock
|-damage|p2a: Patriarch|273\/323|[from] Spikes
|turn|16
|
|move|p1a: Bisharp|Sucker Punch|p2a: Patriarch
|-resisted|p2a: Patriarch
|-damage|p2a: Patriarch|168\/323
|-boost|p2a: Patriarch|atk|1|[from] ability: Justified
|move|p2a: Patriarch|Volt Switch|p1a: Bisharp
|-damage|p1a: Bisharp|0 fnt
|-damage|p2a: Patriarch|136\/323|[from] item: Life Orb
|faint|p1a: Bisharp
|
|switch|p2a: Pentaijou|Alomomola, F|534\/534
|-damage|p2a: Pentaijou|468\/534|[from] Spikes
|-damage|p2a: Pentaijou|402\/534|[from] Stealth Rock
|
|-heal|p2a: Pentaijou|435\/534|[from] item: Leftovers
|
|switch|p1a: Thundurus|Thundurus, M|299\/299
|-damage|p1a: Thundurus|225\/299|[from] Stealth Rock
|turn|17
|
|move|p1a: Thundurus|Thunderbolt|p2a: Pentaijou
|-supereffective|p2a: Pentaijou
|-damage|p2a: Pentaijou|29\/534
|-status|p2a: Pentaijou|par
|-damage|p1a: Thundurus|196\/299|[from] item: Life Orb
|move|p2a: Pentaijou|Mirror Coat|p1a: Thundurus
|-damage|p1a: Thundurus|0 fnt
|faint|p1a: Thundurus
|
|-heal|p2a: Pentaijou|62\/534 par|[from] item: Leftovers
|
|switch|p1a: Talonflame|Talonflame, F|298\/298
|-damage|p1a: Talonflame|149\/298|[from] Stealth Rock
|turn|18
|
|move|p1a: Talonflame|Brave Bird|p2a: Pentaijou
|-damage|p2a: Pentaijou|0 fnt
|-damage|p1a: Talonflame|129\/298|[from] recoil|[of] p2a: Pentaijou
|faint|p2a: Pentaijou
|
|
|switch|p2a: Pentafever|Tornadus-Therian, M|299\/299
|-damage|p2a: Pentafever|225\/299|[from] Stealth Rock
|turn|19
|
|move|p2a: Pentafever|Air Slash|p1a: Talonflame
|-damage|p1a: Talonflame|0 fnt
|-damage|p2a: Pentafever|196\/299|[from] item: Life Orb
|faint|p1a: Talonflame
|
|
|switch|p1a: Charizard|Charizard, F|147\/298 tox
|-formechange|p1a: Charizard|Charizard-Mega-X
|-damage|p1a: Charizard|73\/298 tox|[from] Stealth Rock
|turn|20
|
|move|p2a: Pentafever|Air Slash|p1a: Charizard
|-damage|p1a: Charizard|0 fnt
|-damage|p2a: Pentafever|167\/299|[from] item: Life Orb
|faint|p1a: Charizard
|
|
|switch|p1a: Deoxys-Defense|Deoxys-Defense|304\/304 par
|-damage|p1a: Deoxys-Defense|266\/304 par|[from] Stealth Rock
|-ability|p1a: Deoxys-Defense|Pressure
|turn|21
|
|move|p2a: Pentafever|Knock Off|p1a: Deoxys-Defense
|-supereffective|p1a: Deoxys-Defense
|-damage|p1a: Deoxys-Defense|146\/304 par
|-enditem|p1a: Deoxys-Defense|Red Card|[from] move: Knock Off|[of] p2a: Pentafever
|-damage|p2a: Pentafever|138\/299|[from] item: Life Orb
|move|p1a: Deoxys-Defense|Seismic Toss|p2a: Pentafever
|-damage|p2a: Pentafever|38\/299
|
|turn|22
|
|move|p2a: Pentafever|U-turn|p1a: Deoxys-Defense
|-supereffective|p1a: Deoxys-Defense
|-damage|p1a: Deoxys-Defense|58\/304 par
|-damage|p2a: Pentafever|9\/299|[from] item: Life Orb
|
|switch|p2a: Patriarch|Cobalion|136\/323
|-damage|p2a: Patriarch|126\/323|[from] Stealth Rock
|-damage|p2a: Patriarch|86\/323|[from] Spikes
|move|p1a: Deoxys-Defense|Seismic Toss|p2a: Patriarch
|-damage|p2a: Patriarch|0 fnt
|faint|p2a: Patriarch
|
|
|switch|p2a: Pentafever|Tornadus-Therian, M|108\/299
|-damage|p2a: Pentafever|34\/299|[from] Stealth Rock
|turn|23
|
|move|p2a: Pentafever|Air Slash|p1a: Deoxys-Defense
|-damage|p1a: Deoxys-Defense|0 fnt
|-damage|p2a: Pentafever|5\/299|[from] item: Life Orb
|faint|p1a: Deoxys-Defense
|
|
|switch|p1a: Keldeo|Keldeo|323\/323
|-damage|p1a: Keldeo|303\/323|[from] Stealth Rock
|turn|24
|
|move|p2a: Pentafever|Air Slash|p1a: Keldeo
|-supereffective|p1a: Keldeo
|-damage|p1a: Keldeo|0 fnt
|-damage|p2a: Pentafever|0 fnt|[from] item: Life Orb
|faint|p1a: Keldeo
|faint|p2a: Pentafever
|
|tie
|raw|Ladder updating...
|raw|sean1993's rating: 1585 &rarr; <strong>1588<\/strong><br \/>(+3 for tying)
|raw|Pentao's rating: 1628 &rarr; <strong>1625<\/strong><br \/>(-3 for tying)
|chat|Pentao|... good game lol
|chat|sean1993|lol