|join|sean1993
|join|AThatCritMattered
|player|p1|sean1993|101
|player|p2|AThatCritMattered|161
|gametype|singles
|gen|6
|tier|OU
|rated
|clearpoke
|poke|p1|Deoxys-Defense
|poke|p1|Talonflame, M
|poke|p1|Bisharp, F
|poke|p1|Thundurus, M
|poke|p1|Keldeo
|poke|p1|Charizard, M
|poke|p2|Manectric, M, shiny
|poke|p2|Landorus-Therian, M, shiny
|poke|p2|Togekiss, M
|poke|p2|Garchomp, M
|poke|p2|Chansey, F
|poke|p2|Bisharp, F
|rule|Baton Pass Clause: Limit 3 pokemon knowing Baton Pass
|rule|Sleep Clause Mod: Limit one foe put to sleep
|rule|Species Clause: Limit one of each Pokemon
|rule|OHKO Clause: OHKO moves are banned
|rule|Moody Clause: Moody is banned
|rule|Evasion Moves Clause: Evasion moves are banned
|rule|Endless Battle Clause: Forcing endless battles is banned
|rule|HP Percentage Mod: HP is reported as percentages
|teampreview
|
|start
|switch|p1a: Thundurus|Thundurus, M|299\/299
|switch|p2a: Manectric|Manectric, M, shiny|281\/281
|turn|1
|
|detailschange|p2a: Manectric|Manectric-Mega, M, shiny
|message|Manectric has Mega Evolved into Mega Manectric!
|-ability|p2a: Manectric|Intimidate|[of] p1a: Thundurus
|-unboost|p1a: Thundurus|atk|1
|-boost|p1a: Thundurus|atk|2|[from] ability: Defiant
|move|p1a: Thundurus|Superpower|p2a: Manectric
|-damage|p2a: Manectric|12\/281
|-unboost|p1a: Thundurus|atk|1
|-unboost|p1a: Thundurus|def|1
|-damage|p1a: Thundurus|270\/299|[from] item: Life Orb
|move|p2a: Manectric|Thunderbolt|p1a: Thundurus
|-damage|p1a: Thundurus|33\/299
|
|turn|2
|
|move|p2a: Manectric|Thunderbolt|p1a: Thundurus
|-damage|p1a: Thundurus|0 fnt
|faint|p1a: Thundurus
|
|
|switch|p1a: Talonflame|Talonflame, M|297\/297
|turn|3
|
|switch|p2a: Landorus-Therian|Landorus-Therian, M, shiny|382\/382
|-ability|p2a: Landorus-Therian|Intimidate|[of] p1a: Talonflame
|-unboost|p1a: Talonflame|atk|1
|move|p1a: Talonflame|Brave Bird|p2a: Landorus-Therian
|-damage|p2a: Landorus-Therian|255\/382
|-damage|p1a: Talonflame|255\/297|[from] recoil|[of] p2a: Landorus-Therian
|
|-heal|p2a: Landorus-Therian|278\/382|[from] item: Leftovers
|turn|4
|
|switch|p1a: Deoxys-Defense|Deoxys-Defense|303\/303
|-ability|p1a: Deoxys-Defense|Pressure
|move|p2a: Landorus-Therian|Stealth Rock|p1a: Deoxys-Defense
|-sidestart|p1: sean1993|move: Stealth Rock
|
|-heal|p2a: Landorus-Therian|301\/382|[from] item: Leftovers
|turn|5
|
|switch|p2a: Manectric|Manectric-Mega, M, shiny|12\/281
|-ability|p2a: Manectric|Intimidate|[of] p1a: Deoxys-Defense
|-unboost|p1a: Deoxys-Defense|atk|1
|move|p1a: Deoxys-Defense|Stealth Rock|p2a: Manectric
|-sidestart|p2: AThatCritMattered|move: Stealth Rock
|
|turn|6
|
|move|p2a: Manectric|Thunderbolt|p1a: Deoxys-Defense
|-damage|p1a: Deoxys-Defense|195\/303
|-status|p1a: Deoxys-Defense|par
|-enditem|p1a: Deoxys-Defense|Red Card|[of] p2a: Manectric
|drag|p2a: Bisharp|Bisharp, F|272\/272
|-damage|p2a: Bisharp|255\/272|[from] Stealth Rock
|move|p1a: Deoxys-Defense|Spikes|p2a: Bisharp
|-sidestart|p2: AThatCritMattered|Spikes
|
|turn|7
|
|move|p2a: Bisharp|Swords Dance|p2a: Bisharp
|-boost|p2a: Bisharp|atk|2
|move|p1a: Deoxys-Defense|Spikes|p2a: Bisharp
|-sidestart|p2: AThatCritMattered|Spikes
|
|turn|8
|
|move|p2a: Bisharp|Knock Off|p1a: Deoxys-Defense
|-supereffective|p1a: Deoxys-Defense
|-damage|p1a: Deoxys-Defense|0 fnt
|-damage|p2a: Bisharp|228\/272|[from] item: Life Orb
|faint|p1a: Deoxys-Defense
|
|
|switch|p1a: Bisharp|Bisharp, F|283\/283
|-damage|p1a: Bisharp|266\/283|[from] Stealth Rock
|turn|9
|
|move|p1a: Bisharp|Sucker Punch|p2a: Bisharp
|-resisted|p2a: Bisharp
|-damage|p2a: Bisharp|149\/272
|move|p2a: Bisharp|Iron Head|p1a: Bisharp
|-resisted|p1a: Bisharp
|-damage|p1a: Bisharp|59\/283
|-damage|p2a: Bisharp|122\/272|[from] item: Life Orb
|
|-heal|p1a: Bisharp|76\/283|[from] item: Leftovers
|turn|10
|
|move|p2a: Bisharp|Sucker Punch|p1a: Bisharp
|-resisted|p1a: Bisharp
|-damage|p1a: Bisharp|0 fnt
|-damage|p2a: Bisharp|95\/272|[from] item: Life Orb
|faint|p1a: Bisharp
|
|
|switch|p1a: Keldeo|Keldeo|324\/324
|-damage|p1a: Keldeo|304\/324|[from] Stealth Rock
|turn|11
|
|move|p2a: Bisharp|Sucker Punch|p1a: Keldeo
|-resisted|p1a: Keldeo
|-damage|p1a: Keldeo|87\/324
|-boost|p1a: Keldeo|atk|1|[from] ability: Justified
|-damage|p2a: Bisharp|68\/272|[from] item: Life Orb
|move|p1a: Keldeo|Scald|p2a: Bisharp
|-damage|p2a: Bisharp|0 fnt
|faint|p2a: Bisharp
|
|-heal|p1a: Keldeo|107\/324|[from] item: Leftovers
|
|switch|p2a: Togekiss|Togekiss, M|373\/373
|-damage|p2a: Togekiss|280\/373|[from] Stealth Rock
|turn|12
|
|move|p1a: Keldeo|Scald|p2a: Togekiss
|-crit|p2a: Togekiss
|-damage|p2a: Togekiss|82\/373
|move|p2a: Togekiss|Dazzling Gleam|p1a: Keldeo
|-supereffective|p1a: Keldeo
|-damage|p1a: Keldeo|0 fnt
|faint|p1a: Keldeo
|
|-heal|p2a: Togekiss|105\/373|[from] item: Leftovers
|
|switch|p1a: Charizard|Charizard, M|297\/297
|-damage|p1a: Charizard|149\/297|[from] Stealth Rock
|turn|13
|
|detailschange|p1a: Charizard|Charizard-Mega-X, M
|message|Charizard has Mega Evolved into Mega Charizard!
|move|p1a: Charizard|Flare Blitz|p2a: Togekiss
|-damage|p2a: Togekiss|0 fnt
|-damage|p1a: Charizard|114\/297|[from] recoil|[of] p2a: Togekiss
|faint|p2a: Togekiss
|
|
|switch|p2a: Landorus-Therian|Landorus-Therian, M, shiny|301\/382
|-damage|p2a: Landorus-Therian|254\/382|[from] Stealth Rock
|-ability|p2a: Landorus-Therian|Intimidate|[of] p1a: Charizard
|-unboost|p1a: Charizard|atk|1
|turn|14
|
|move|p1a: Charizard|Flare Blitz|p2a: Landorus-Therian
|-damage|p2a: Landorus-Therian|92\/382
|-damage|p1a: Charizard|61\/297|[from] recoil|[of] p2a: Landorus-Therian
|move|p2a: Landorus-Therian|Stone Edge|p1a: Charizard
|-supereffective|p1a: Charizard
|-damage|p1a: Charizard|0 fnt
|faint|p1a: Charizard
|
|-heal|p2a: Landorus-Therian|115\/382|[from] item: Leftovers
|
|switch|p1a: Talonflame|Talonflame, M|255\/297
|-damage|p1a: Talonflame|107\/297|[from] Stealth Rock
|turn|15
|
|move|p1a: Talonflame|Brave Bird|p2a: Landorus-Therian
|-damage|p2a: Landorus-Therian|0 fnt
|-damage|p1a: Talonflame|69\/297|[from] recoil|[of] p2a: Landorus-Therian
|faint|p2a: Landorus-Therian
|
|
|switch|p2a: Garchomp|Garchomp, M|358\/358
|-damage|p2a: Garchomp|299\/358|[from] Spikes
|-damage|p2a: Garchomp|277\/358|[from] Stealth Rock
|turn|16
|
|move|p1a: Talonflame|Brave Bird|p2a: Garchomp
|-damage|p2a: Garchomp|18\/358
|-damage|p1a: Talonflame|32\/297|[from] ability: Rough Skin|[of] p2a: Garchomp
|-damage|p1a: Talonflame|0 fnt|[from] recoil|[of] p2a: Garchomp
|faint|p1a: Talonflame
|
|win|AThatCritMattered
|raw|Ladder updating...
|raw|sean1993's rating: 1434 &rarr; <strong>1416<\/strong><br \/>(-18 for losing)
|raw|AThatCritMattered's rating: 1464 &rarr; <strong>1482<\/strong><br \/>(+18 for winning)
|leave|sean1993
|player|p1