|join|sean1993
|join|lol im a n00b
|player|p1|sean1993|265
|player|p2|lol im a n00b|12
|gametype|singles
|gen|6
|tier|OU
|rated
|clearpoke
|poke|p1|Deoxys-Defense
|poke|p1|Talonflame, F
|poke|p1|Bisharp, F
|poke|p1|Thundurus, M
|poke|p1|Keldeo
|poke|p1|Heracross, M
|poke|p2|Bisharp, M
|poke|p2|Deoxys-Speed
|poke|p2|Keldeo
|poke|p2|Landorus-Therian, M
|poke|p2|Mawile, F
|poke|p2|Thundurus, M
|rule|Swagger Clause: Swagger is banned
|rule|Baton Pass Clause: Limit three PokÃ©mon knowing Baton Pass
|rule|Sleep Clause Mod: Limit one foe put to sleep
|rule|Species Clause: Limit one of each PokÃ©mon
|rule|OHKO Clause: OHKO moves are banned
|rule|Moody Clause: Moody is banned
|rule|Evasion Moves Clause: Evasion moves are banned
|rule|Endless Battle Clause: Forcing endless battles is banned
|rule|HP Percentage Mod: HP is reported as percentages
|teampreview
|
|start
|switch|p1a: Deoxys-Defense|Deoxys-Defense|303\/303
|switch|p2a: Bisharp|Bisharp, M|272\/272
|-ability|p1a: Deoxys-Defense|Pressure
|turn|1
|
|move|p1a: Deoxys-Defense|Stealth Rock|p2a: Bisharp
|-sidestart|p2: lol im a n00b|move: Stealth Rock
|move|p2a: Bisharp|Knock Off|p1a: Deoxys-Defense
|-crit|p1a: Deoxys-Defense
|-supereffective|p1a: Deoxys-Defense
|-damage|p1a: Deoxys-Defense|0 fnt
|-enditem|p1a: Deoxys-Defense|Red Card|[from] move: Knock Off|[of] p2a: Bisharp
|-damage|p2a: Bisharp|245\/272|[from] item: Life Orb
|faint|p1a: Deoxys-Defense
|
|
|switch|p1a: Heracross|Heracross, M|364\/364
|turn|2
|
|switch|p2a: Landorus-Therian|Landorus-Therian, M|320\/320
|-damage|p2a: Landorus-Therian|280\/320|[from] Stealth Rock
|-ability|p2a: Landorus-Therian|Intimidate|[of] p1a: Heracross
|-unboost|p1a: Heracross|atk|1
|switch|p1a: Keldeo|Keldeo|324\/324
|
|-heal|p2a: Landorus-Therian|300\/320|[from] item: Leftovers
|turn|3
|
|switch|p2a: Mawile|Mawile, F|304\/304
|-damage|p2a: Mawile|285\/304|[from] Stealth Rock
|-ability|p2a: Mawile|Intimidate|[of] p1a: Keldeo
|-unboost|p1a: Keldeo|atk|1
|move|p1a: Keldeo|Scald|p2a: Mawile
|-damage|p2a: Mawile|59\/304
|-status|p2a: Mawile|brn
|
|-damage|p2a: Mawile|21\/304 brn|[from] brn
|turn|4
|
|detailschange|p2a: Mawile|Mawile-Mega, F
|message|Mawile has Mega Evolved into Mega Mawile!
|move|p1a: Keldeo|Calm Mind|p1a: Keldeo
|-boost|p1a: Keldeo|spa|1
|-boost|p1a: Keldeo|spd|1
|move|p2a: Mawile|Play Rough|p1a: Keldeo
|-supereffective|p1a: Keldeo
|-damage|p1a: Keldeo|0 fnt
|faint|p1a: Keldeo
|
|-damage|p2a: Mawile|0 fnt|[from] brn
|faint|p2a: Mawile
|
|switch|p2a: Deoxys-Speed|Deoxys-Speed|304\/304
|-damage|p2a: Deoxys-Speed|266\/304|[from] Stealth Rock
|switch|p1a: Thundurus|Thundurus, M|300\/300
|-ability|p2a: Deoxys-Speed|Pressure
|turn|5
|
|move|p2a: Deoxys-Speed|Psycho Boost|p1a: Thundurus
|-damage|p1a: Thundurus|0 fnt
|-unboost|p2a: Deoxys-Speed|spa|2
|-damage|p2a: Deoxys-Speed|236\/304|[from] item: Life Orb
|faint|p1a: Thundurus
|
|
|switch|p1a: Bisharp|Bisharp, F|283\/283
|turn|6
|
|move|p2a: Deoxys-Speed|Stealth Rock|p1a: Bisharp
|-sidestart|p1: sean1993|move: Stealth Rock
|move|p1a: Bisharp|Swords Dance|p1a: Bisharp
|-boost|p1a: Bisharp|atk|2
|
|turn|7
|
|move|p2a: Deoxys-Speed|Hidden Power|p1a: Bisharp
|-supereffective|p1a: Bisharp
|-damage|p1a: Bisharp|163\/283
|-damage|p2a: Deoxys-Speed|206\/304|[from] item: Life Orb
|move|p1a: Bisharp|Knock Off|p2a: Deoxys-Speed
|-supereffective|p2a: Deoxys-Speed
|-damage|p2a: Deoxys-Speed|0 fnt
|-enditem|p2a: Deoxys-Speed|Life Orb|[from] move: Knock Off|[of] p1a: Bisharp
|faint|p2a: Deoxys-Speed
|
|-heal|p1a: Bisharp|180\/283|[from] item: Leftovers
|
|switch|p2a: Keldeo|Keldeo|322\/322
|-damage|p2a: Keldeo|302\/322|[from] Stealth Rock
|turn|8
|
|move|p1a: Bisharp|Sucker Punch|p2a: Keldeo
|-resisted|p2a: Keldeo
|-damage|p2a: Keldeo|138\/322
|-boost|p2a: Keldeo|atk|1|[from] ability: Justified
|move|p2a: Keldeo|Secret Sword|p1a: Bisharp
|-supereffective|p1a: Bisharp
|-damage|p1a: Bisharp|0 fnt
|faint|p1a: Bisharp
|
|
|switch|p1a: Heracross|Heracross, M|364\/364
|-damage|p1a: Heracross|319\/364|[from] Stealth Rock
|turn|9
|
|detailschange|p1a: Heracross|Heracross-Mega, M
|message|Heracross has Mega Evolved into Mega Heracross!
|move|p2a: Keldeo|Secret Sword|p1a: Heracross
|-resisted|p1a: Heracross
|-damage|p1a: Heracross|226\/364
|move|p1a: Heracross|Bullet Seed|p2a: Keldeo
|-supereffective|p2a: Keldeo
|-damage|p2a: Keldeo|40\/322
|-supereffective|p2a: Keldeo
|-damage|p2a: Keldeo|0 fnt
|-hitcount|p2a: Keldeo|2
|faint|p2a: Keldeo
|
|
|switch|p2a: Landorus-Therian|Landorus-Therian, M|300\/320
|-damage|p2a: Landorus-Therian|260\/320|[from] Stealth Rock
|-ability|p2a: Landorus-Therian|Intimidate|[of] p1a: Heracross
|-unboost|p1a: Heracross|atk|1
|turn|10
|
|move|p2a: Landorus-Therian|Stone Edge|p1a: Heracross
|-damage|p1a: Heracross|105\/364
|move|p1a: Heracross|Rock Blast|p2a: Landorus-Therian
|-damage|p2a: Landorus-Therian|229\/320
|-damage|p2a: Landorus-Therian|200\/320
|-damage|p2a: Landorus-Therian|171\/320
|-damage|p2a: Landorus-Therian|139\/320
|-damage|p2a: Landorus-Therian|107\/320
|-hitcount|p2a: Landorus-Therian|5
|
|-heal|p2a: Landorus-Therian|127\/320|[from] item: Leftovers
|turn|11
|
|move|p2a: Landorus-Therian|Stone Edge|p1a: Heracross
|-damage|p1a: Heracross|0 fnt
|faint|p1a: Heracross
|
|-heal|p2a: Landorus-Therian|147\/320|[from] item: Leftovers
|
|switch|p1a: Talonflame|Talonflame, F|297\/297
|-damage|p1a: Talonflame|149\/297|[from] Stealth Rock
|turn|12
|
|move|p1a: Talonflame|Brave Bird|p2a: Landorus-Therian
|-damage|p2a: Landorus-Therian|0 fnt
|-damage|p1a: Talonflame|100\/297|[from] recoil|[of] p2a: Landorus-Therian
|faint|p2a: Landorus-Therian
|
|
|switch|p2a: Thundurus|Thundurus, M|300\/300
|-damage|p2a: Thundurus|225\/300|[from] Stealth Rock
|turn|13
|
|move|p1a: Talonflame|Brave Bird|p2a: Thundurus
|-resisted|p2a: Thundurus
|-damage|p2a: Thundurus|45\/300
|-damage|p1a: Talonflame|41\/297|[from] recoil|[of] p2a: Thundurus
|move|p2a: Thundurus|Thunderbolt|p1a: Talonflame
|-supereffective|p1a: Talonflame
|-damage|p1a: Talonflame|0 fnt
|-damage|p2a: Thundurus|15\/300|[from] item: Life Orb
|faint|p1a: Talonflame
|
|win|lol im a n00b
|raw|Ladder updating...
|raw|sean1993's rating: 1547 &rarr; <strong>1524<\/strong><br \/>(-23 for losing)
|raw|lol im a n00b's rating: 1492 &rarr; <strong>1515<\/strong><br \/>(+23 for winning)
|chat|lol im a n00b|gg