|join|sean1993
|join|WorthlessNoob
|player|p1|sean1993|92
|player|p2|WorthlessNoob|169
|gametype|singles
|gen|6
|tier|OU
|rated
|clearpoke
|poke|p1|Heatran, M
|poke|p1|Rotom-Wash
|poke|p1|Tyranitar, M
|poke|p1|Dragonite, M
|poke|p1|Clefable, M
|poke|p1|Landorus, M
|poke|p2|Kyurem
|poke|p2|Abomasnow, M
|poke|p2|Clawitzer, F
|poke|p2|Cofagrigus, F
|poke|p2|Hitmontop, M
|poke|p2|Tyrantrum, F
|rule|Sleep Clause Mod: Limit one foe put to sleep
|rule|Species Clause: Limit one of each Pokemon
|rule|OHKO Clause: OHKO moves are banned
|rule|Moody Clause: Moody is banned
|rule|Evasion Moves Clause: Evasion moves are banned
|rule|Endless Battle Clause: Forcing endless battles is banned.
|rule|HP Percentage Mod: HP is reported as percentages
|teampreview
|chat|WorthlessNoob|crap this is my ru team lol
|
|start
|switch|p1a: Rotom-Wash|Rotom-Wash|299\/299
|switch|p2a: Abomasnow|Abomasnow, M|384\/384
|-weather|Hail
|turn|1
|chat|sean1993|cool
|chat|sean1993|never played that
|
|-formechange|p2a: Abomasnow|Abomasnow-Mega
|message|Abomasnow has Mega Evolved into Mega Abomasnow!
|move|p1a: Rotom-Wash|Volt Switch|p2a: Abomasnow
|-resisted|p2a: Abomasnow
|-damage|p2a: Abomasnow|335\/384
|
|switch|p1a: Heatran|Heatran, M|330\/330
|move|p2a: Abomasnow|Seed Bomb|p1a: Heatran
|-resisted|p1a: Heatran
|-damage|p1a: Heatran|295\/330
|
|-weather|Hail|[upkeep]
|-damage|p1a: Heatran|275\/330|[from] hail
|turn|2
|
|switch|p2a: Clawitzer|Clawitzer, F|283\/283
|move|p1a: Heatran|Lava Plume|p2a: Clawitzer
|-resisted|p2a: Clawitzer
|-damage|p2a: Clawitzer|205\/283
|-status|p2a: Clawitzer|brn
|
|-weather|Hail|[upkeep]
|-damage|p1a: Heatran|255\/330|[from] hail
|-damage|p2a: Clawitzer|188\/283 brn|[from] hail
|-damage|p2a: Clawitzer|153\/283 brn|[from] brn
|turn|3
|
|switch|p1a: Clefable|Clefable, M|394\/394
|move|p2a: Clawitzer|Water Pulse|p1a: Clefable
|-damage|p1a: Clefable|205\/394
|
|-weather|Hail|[upkeep]
|-damage|p2a: Clawitzer|136\/283 brn|[from] hail
|-heal|p1a: Clefable|229\/394|[from] item: Leftovers
|-damage|p2a: Clawitzer|101\/283 brn|[from] brn
|turn|4
|
|move|p2a: Clawitzer|Water Pulse|p1a: Clefable
|-crit|p1a: Clefable
|-damage|p1a: Clefable|0 fnt
|faint|p1a: Clefable
|
|-weather|Hail|[upkeep]
|-damage|p2a: Clawitzer|84\/283 brn|[from] hail
|-damage|p2a: Clawitzer|49\/283 brn|[from] brn
|
|switch|p1a: Dragonite|Dragonite, M|323\/323
|turn|5
|
|switch|p2a: Hitmontop|Hitmontop, M|304\/304
|-ability|p2a: Hitmontop|Intimidate|[of] p1a: Dragonite
|-unboost|p1a: Dragonite|atk|1
|move|p1a: Dragonite|Extreme Speed|p2a: Hitmontop
|-damage|p2a: Hitmontop|245\/304
|
|-weather|none
|-heal|p2a: Hitmontop|264\/304|[from] item: Leftovers
|turn|6
|
|switch|p1a: Landorus|Landorus, M|319\/319
|move|p2a: Hitmontop|Toxic|p1a: Landorus
|-status|p1a: Landorus|tox
|
|-heal|p2a: Hitmontop|283\/304|[from] item: Leftovers
|-damage|p1a: Landorus|300\/319 tox|[from] psn
|turn|7
|
|switch|p2a: Cofagrigus|Cofagrigus, F|320\/320
|move|p1a: Landorus|Psychic|p2a: Cofagrigus
|-damage|p2a: Cofagrigus|195\/320
|
|-heal|p2a: Cofagrigus|215\/320|[from] item: Leftovers
|-damage|p1a: Landorus|262\/319 tox|[from] psn
|turn|8
|
|move|p1a: Landorus|Earth Power|p2a: Cofagrigus
|-crit|p2a: Cofagrigus
|-damage|p2a: Cofagrigus|0 fnt
|faint|p2a: Cofagrigus
|
|-damage|p1a: Landorus|205\/319 tox|[from] psn
|
|switch|p2a: Abomasnow|Abomasnow, M|335\/384
|-formechange|p2a: Abomasnow|Abomasnow-Mega
|-weather|Hail
|turn|9
|
|switch|p1a: Heatran|Heatran, M|255\/330
|move|p2a: Abomasnow|Earthquake|p1a: Heatran
|-supereffective|p1a: Heatran
|-damage|p1a: Heatran|0 fnt
|faint|p1a: Heatran
|
|-weather|Hail|[upkeep]
|
|switch|p1a: Tyranitar|Tyranitar, M|404\/404
|-weather|Sandstorm
|turn|10
|
|switch|p2a: Hitmontop|Hitmontop, M|283\/304
|-ability|p2a: Hitmontop|Intimidate|[of] p1a: Tyranitar
|-unboost|p1a: Tyranitar|atk|1
|-formechange|p1a: Tyranitar|Tyranitar-Mega
|message|Tyranitar has Mega Evolved into Mega Tyranitar!
|move|p1a: Tyranitar|Fire Punch|p2a: Hitmontop
|-crit|p2a: Hitmontop
|-damage|p2a: Hitmontop|162\/304
|-status|p2a: Hitmontop|brn
|
|-weather|Sandstorm|[upkeep]
|-damage|p2a: Hitmontop|143\/304 brn|[from] sandstorm
|-heal|p2a: Hitmontop|162\/304 brn|[from] item: Leftovers
|-damage|p2a: Hitmontop|124\/304 brn|[from] brn
|turn|11
|
|move|p2a: Hitmontop|Close Combat|p1a: Tyranitar
|-supereffective|p1a: Tyranitar
|-damage|p1a: Tyranitar|176\/404
|-unboost|p2a: Hitmontop|def|1
|-unboost|p2a: Hitmontop|spd|1
|move|p1a: Tyranitar|Stealth Rock|p2a: Hitmontop
|-sidestart|p2: WorthlessNoob|move: Stealth Rock
|
|-weather|Sandstorm|[upkeep]
|-damage|p2a: Hitmontop|105\/304 brn|[from] sandstorm
|-heal|p2a: Hitmontop|124\/304 brn|[from] item: Leftovers
|-damage|p2a: Hitmontop|86\/304 brn|[from] brn
|turn|12
|
|switch|p1a: Landorus|Landorus, M|205\/319 tox
|move|p2a: Hitmontop|Toxic|p1a: Landorus
|-fail|p1a: Landorus|tox
|
|-weather|Sandstorm|[upkeep]
|-damage|p2a: Hitmontop|67\/304 brn|[from] sandstorm
|-heal|p2a: Hitmontop|86\/304 brn|[from] item: Leftovers
|-damage|p1a: Landorus|186\/319 tox|[from] psn
|-damage|p2a: Hitmontop|48\/304 brn|[from] brn
|turn|13
|
|move|p1a: Landorus|Earth Power|p2a: Hitmontop
|-damage|p2a: Hitmontop|0 fnt
|faint|p2a: Hitmontop
|
|-weather|Sandstorm|[upkeep]
|-damage|p1a: Landorus|148\/319 tox|[from] psn
|
|switch|p2a: Abomasnow|Abomasnow, M|335\/384
|-formechange|p2a: Abomasnow|Abomasnow-Mega
|-damage|p2a: Abomasnow|239\/384|[from] Stealth Rock
|-weather|Hail
|turn|14
|
|move|p2a: Abomasnow|Ice Shard|p1a: Landorus
|-supereffective|p1a: Landorus
|-damage|p1a: Landorus|0 fnt
|faint|p1a: Landorus
|
|-weather|Hail|[upkeep]
|
|switch|p1a: Dragonite|Dragonite, M|323\/323
|turn|15
|
|switch|p2a: Clawitzer|Clawitzer, F|49\/283 brn
|-damage|p2a: Clawitzer|14\/283 brn|[from] Stealth Rock
|move|p1a: Dragonite|Iron Head|p2a: Clawitzer
|-resisted|p2a: Clawitzer
|-damage|p2a: Clawitzer|0 fnt
|faint|p2a: Clawitzer
|
|-weather|Hail|[upkeep]
|-damage|p1a: Dragonite|303\/323|[from] hail
|
|switch|p2a: Abomasnow|Abomasnow, M|239\/384
|-formechange|p2a: Abomasnow|Abomasnow-Mega
|-damage|p2a: Abomasnow|143\/384|[from] Stealth Rock
|turn|16
|
|move|p2a: Abomasnow|Ice Shard|p1a: Dragonite
|-supereffective|p1a: Dragonite
|-damage|p1a: Dragonite|0 fnt
|faint|p1a: Dragonite
|
|-weather|Hail|[upkeep]
|
|switch|p1a: Tyranitar|Tyranitar, M|176\/404
|-formechange|p1a: Tyranitar|Tyranitar-Mega
|-weather|Sandstorm
|turn|17
|
|move|p2a: Abomasnow|Ice Shard|p1a: Tyranitar
|-damage|p1a: Tyranitar|118\/404
|move|p1a: Tyranitar|Fire Punch|p2a: Abomasnow
|-supereffective|p2a: Abomasnow
|-damage|p2a: Abomasnow|0 fnt
|faint|p2a: Abomasnow
|
|-weather|Sandstorm|[upkeep]
|
|switch|p2a: Tyrantrum|Tyrantrum, F|305\/305
|-damage|p2a: Tyrantrum|267\/305|[from] Stealth Rock
|turn|18
|
|move|p2a: Tyrantrum|Dragon Claw|p1a: Tyranitar
|-damage|p1a: Tyranitar|19\/404
|move|p1a: Tyranitar|Brick Break|p2a: Tyrantrum
|-supereffective|p2a: Tyrantrum
|-damage|p2a: Tyrantrum|117\/305
|
|-weather|Sandstorm|[upkeep]
|-heal|p2a: Tyrantrum|136\/305|[from] item: Leftovers
|turn|19
|
|switch|p1a: Rotom-Wash|Rotom-Wash|299\/299
|move|p2a: Tyrantrum|Dragon Claw|p1a: Rotom-Wash
|-damage|p1a: Rotom-Wash|151\/299
|
|-weather|Sandstorm|[upkeep]
|-damage|p1a: Rotom-Wash|133\/299|[from] sandstorm
|-heal|p1a: Rotom-Wash|151\/299|[from] item: Leftovers
|-heal|p2a: Tyrantrum|155\/305|[from] item: Leftovers
|turn|20
|
|move|p1a: Rotom-Wash|Hydro Pump|p2a: Tyrantrum
|-damage|p2a: Tyrantrum|5\/305
|move|p2a: Tyrantrum|Crunch|p1a: Rotom-Wash
|-damage|p1a: Rotom-Wash|15\/299
|
|-weather|Sandstorm|[upkeep]
|-damage|p1a: Rotom-Wash|0 fnt|[from] sandstorm
|-heal|p2a: Tyrantrum|24\/305|[from] item: Leftovers
|faint|p1a: Rotom-Wash
|
|switch|p1a: Tyranitar|Tyranitar, M|19\/404
|-formechange|p1a: Tyranitar|Tyranitar-Mega
|turn|21
|
|move|p2a: Tyrantrum|Dragon Claw|p1a: Tyranitar
|-damage|p1a: Tyranitar|0 fnt
|faint|p1a: Tyranitar
|
|win|WorthlessNoob
|raw|Ladder updating...
|chat|WorthlessNoob|gg
|chat|WorthlessNoob| woot
|raw|sean1993's rating: 1454 &rarr; <strong>1437<\/strong><br \/>(-17 for losing)
|raw|WorthlessNoob's rating: 1481 &rarr; <strong>1500<\/strong><br \/>(+19 for winning)
|leave|sean1993
|player|p1