|join|Dragonflyetc
|join|sean1993
|player|p1|Dragonflyetc|2
|player|p2|sean1993|1
|gametype|singles
|gen|6
|tier|OU
|rated
|clearpoke
|poke|p1|Absol, F
|poke|p1|Xatu, M
|poke|p1|Espeon, F
|poke|p1|Whimsicott, F
|poke|p1|Heatran, M
|poke|p1|Ditto
|poke|p2|Deoxys-Defense
|poke|p2|Talonflame, F
|poke|p2|Bisharp, M
|poke|p2|Thundurus, M
|poke|p2|Keldeo
|poke|p2|Excadrill, M
|rule|Baton Pass Clause: Limit 3 pokemon knowing Baton Pass
|rule|Sleep Clause Mod: Limit one foe put to sleep
|rule|Species Clause: Limit one of each Pokemon
|rule|OHKO Clause: OHKO moves are banned
|rule|Moody Clause: Moody is banned
|rule|Swagger Clause: Swagger is banned
|rule|Evasion Moves Clause: Evasion moves are banned
|rule|Endless Battle Clause: Forcing endless battles is banned
|rule|HP Percentage Mod: HP is reported as percentages
|teampreview
|
|start
|switch|p1a: Miroko|Absol, F|271\/271
|switch|p2a: Deoxys-Defense|Deoxys-Defense|303\/303
|-ability|p2a: Deoxys-Defense|Pressure
|turn|1
|
|detailschange|p1a: Miroko|Absol-Mega, F
|message|Absol has Mega Evolved into Mega Absol!
|move|p2a: Deoxys-Defense|Seismic Toss|p1a: Miroko
|-damage|p1a: Miroko|171\/271
|move|p1a: Miroko|Knock Off|p2a: Deoxys-Defense
|-supereffective|p2a: Deoxys-Defense
|-damage|p2a: Deoxys-Defense|49\/303
|-enditem|p2a: Deoxys-Defense|Red Card|[from] move: Knock Off|[of] p1a: Miroko
|
|turn|2
|
|move|p1a: Miroko|Swords Dance|p1a: Miroko
|-boost|p1a: Miroko|atk|2
|move|p2a: Deoxys-Defense|Seismic Toss|p1a: Miroko
|-damage|p1a: Miroko|71\/271
|
|turn|3
|
|move|p1a: Miroko|Knock Off|p2a: Deoxys-Defense
|-supereffective|p2a: Deoxys-Defense
|-damage|p2a: Deoxys-Defense|0 fnt
|faint|p2a: Deoxys-Defense
|
|
|switch|p2a: Talonflame|Talonflame, F|297\/297
|turn|4
|
|move|p1a: Miroko|Sucker Punch|p2a: Talonflame
|-damage|p2a: Talonflame|0 fnt
|faint|p2a: Talonflame
|
|
|switch|p2a: Keldeo|Keldeo|324\/324
|turn|5
|
|move|p1a: Miroko|Superpower|p2a: Keldeo
|-damage|p2a: Keldeo|0 fnt
|-unboost|p1a: Miroko|atk|1
|-unboost|p1a: Miroko|def|1
|faint|p2a: Keldeo
|
|
|switch|p2a: Excadrill|Excadrill, M|361\/361
|-ability|p2a: Excadrill|Mold Breaker
|turn|6
|
|move|p2a: Excadrill|Iron Head|p1a: Miroko
|-damage|p1a: Miroko|0 fnt
|faint|p1a: Miroko
|
|
|switch|p1a: Xanadu|Xatu, M|296\/296
|turn|7
|
|switch|p2a: Bisharp|Bisharp, M|283\/283
|move|p1a: Xanadu|Heat Wave|p2a: Bisharp
|-supereffective|p2a: Bisharp
|-damage|p2a: Bisharp|53\/283
|
|-heal|p2a: Bisharp|70\/283|[from] item: Leftovers
|turn|8
|
|move|p1a: Xanadu|Confuse Ray|p2a: Bisharp
|-start|p2a: Bisharp|confusion
|-activate|p2a: Bisharp|confusion
|move|p2a: Bisharp|Knock Off|p1a: Xanadu
|-supereffective|p1a: Xanadu
|-damage|p1a: Xanadu|0 fnt
|-enditem|p1a: Xanadu|Red Card|[from] move: Knock Off|[of] p2a: Bisharp
|faint|p1a: Xanadu
|
|-heal|p2a: Bisharp|87\/283|[from] item: Leftovers
|
|switch|p1a: Mike Hunt|Ditto|300\/300
|-transform|p1a: Mike Hunt|p2a: Bisharp
|turn|9
|
|-activate|p2a: Bisharp|confusion
|move|p2a: Bisharp|Sucker Punch|p1a: Mike Hunt
|-fail|p1a: Mike Hunt
|move|p1a: Mike Hunt|Swords Dance|p1a: Mike Hunt
|-boost|p1a: Mike Hunt|atk|2
|
|-heal|p2a: Bisharp|104\/283|[from] item: Leftovers
|turn|10
|
|move|p1a: Mike Hunt|Swords Dance|p1a: Mike Hunt
|-boost|p1a: Mike Hunt|atk|2
|-end|p2a: Bisharp|confusion
|move|p2a: Bisharp|Knock Off|p1a: Mike Hunt
|-resisted|p1a: Mike Hunt
|-damage|p1a: Mike Hunt|207\/300
|-enditem|p1a: Mike Hunt|Red Card|[from] move: Knock Off|[of] p2a: Bisharp
|
|-heal|p2a: Bisharp|121\/283|[from] item: Leftovers
|turn|11
|
|move|p2a: Bisharp|Sucker Punch|p1a: Mike Hunt
|-resisted|p1a: Mike Hunt
|-damage|p1a: Mike Hunt|130\/300
|move|p1a: Mike Hunt|Sucker Punch|p2a: Bisharp
|-fail|p2a: Bisharp
|
|-heal|p2a: Bisharp|138\/283|[from] item: Leftovers
|turn|12
|
|move|p2a: Bisharp|Sucker Punch|p1a: Mike Hunt
|-resisted|p1a: Mike Hunt
|-damage|p1a: Mike Hunt|49\/300
|move|p1a: Mike Hunt|Knock Off|p2a: Bisharp
|-resisted|p2a: Bisharp
|-damage|p2a: Bisharp|0 fnt
|-enditem|p2a: Bisharp|Leftovers|[from] move: Knock Off|[of] p1a: Mike Hunt
|faint|p2a: Bisharp
|
|
|switch|p2a: Excadrill|Excadrill, M|361\/361
|-ability|p2a: Excadrill|Mold Breaker
|turn|13
|
|move|p1a: Mike Hunt|Sucker Punch|p2a: Excadrill
|-damage|p2a: Excadrill|0 fnt
|faint|p2a: Excadrill
|
|-message|sean1993 forfeited.
|
|win|Dragonflyetc
|raw|Ladder updating...
|leave|sean1993
|player|p2
|raw|Dragonflyetc's rating: 1462 &rarr; <strong>1482<\/strong><br \/>(+20 for winning)
|raw|sean1993's rating: 1457 &rarr; <strong>1438<\/strong><br \/>(-19 for losing)