|join|N3RV0US
|join|sean1993
|player|p1|N3RV0US|274
|player|p2|sean1993|1
|gametype|singles
|gen|6
|tier|OU
|rated
|clearpoke
|poke|p1|Mandibuzz, F
|poke|p1|Keldeo
|poke|p1|Mamoswine, F
|poke|p1|Scizor, M, shiny
|poke|p1|Espeon, M
|poke|p1|Volcarona, M
|poke|p2|Suicune
|poke|p2|Celebi
|poke|p2|Infernape, F
|poke|p2|Landorus-Therian, M
|poke|p2|Pinsir, M
|poke|p2|Excadrill, M
|rule|Swagger Clause: Swagger is banned
|rule|Baton Pass Clause: Limit one PokÃ©mon knowing Baton Pass
|rule|Sleep Clause Mod: Limit one foe put to sleep
|rule|Species Clause: Limit one of each PokÃ©mon
|rule|OHKO Clause: OHKO moves are banned
|rule|Moody Clause: Moody is banned
|rule|Evasion Moves Clause: Evasion moves are banned
|rule|Endless Battle Clause: Forcing endless battles is banned
|rule|HP Percentage Mod: HP is reported as percentages
|teampreview
|
|start
|switch|p1a: Mamoswine|Mamoswine, F|362\/362
|switch|p2a: Landorus-Therian|Landorus-Therian, M|382\/382
|-ability|p2a: Landorus-Therian|Intimidate|[of] p1a: Mamoswine
|-unboost|p1a: Mamoswine|atk|1
|turn|1
|
|switch|p2a: Infernape|Infernape, F|293\/293
|move|p1a: Mamoswine|Icicle Crash|p2a: Infernape
|-resisted|p2a: Infernape
|-damage|p2a: Infernape|209\/293
|
|turn|2
|
|switch|p1a: Espeon|Espeon, M|272\/272
|move|p2a: Infernape|Close Combat|p1a: Espeon
|-resisted|p1a: Espeon
|-damage|p1a: Espeon|130\/272
|-unboost|p2a: Infernape|def|1
|-unboost|p2a: Infernape|spd|1
|
|turn|3
|
|move|p2a: Infernape|Close Combat|p1a: Espeon
|-resisted|p1a: Espeon
|-damage|p1a: Espeon|0 fnt
|-unboost|p2a: Infernape|def|1
|-unboost|p2a: Infernape|spd|1
|faint|p1a: Espeon
|
|
|switch|p1a: Volcarona|Volcarona, M|374\/374
|turn|4
|
|move|p2a: Infernape|Stealth Rock|p1a: Volcarona
|-sidestart|p1: N3RV0US|move: Stealth Rock
|move|p1a: Volcarona|Quiver Dance|p1a: Volcarona
|-boost|p1a: Volcarona|spa|1
|-boost|p1a: Volcarona|spd|1
|-boost|p1a: Volcarona|spe|1
|
|turn|5
|
|move|p1a: Volcarona|Quiver Dance|p1a: Volcarona
|-boost|p1a: Volcarona|spa|1
|-boost|p1a: Volcarona|spd|1
|-boost|p1a: Volcarona|spe|1
|move|p2a: Infernape|Thunder Punch|p1a: Volcarona
|-crit|p1a: Volcarona
|-damage|p1a: Volcarona|235\/374
|
|turn|6
|
|move|p1a: Volcarona|Quiver Dance|p1a: Volcarona
|-boost|p1a: Volcarona|spa|1
|-boost|p1a: Volcarona|spd|1
|-boost|p1a: Volcarona|spe|1
|move|p2a: Infernape|Thunder Punch|p1a: Volcarona
|-damage|p1a: Volcarona|143\/374
|-status|p1a: Volcarona|par
|-enditem|p1a: Volcarona|Sitrus Berry|[eat]
|-heal|p1a: Volcarona|236\/374 par|[from] item: Sitrus Berry
|
|turn|7
|
|move|p2a: Infernape|Thunder Punch|p1a: Volcarona
|-damage|p1a: Volcarona|147\/374 par
|move|p1a: Volcarona|Quiver Dance|p1a: Volcarona
|-boost|p1a: Volcarona|spa|1
|-boost|p1a: Volcarona|spd|1
|-boost|p1a: Volcarona|spe|1
|
|turn|8
|
|move|p2a: Infernape|Thunder Punch|p1a: Volcarona
|-damage|p1a: Volcarona|55\/374 par
|move|p1a: Volcarona|Roost|p1a: Volcarona
|-heal|p1a: Volcarona|242\/374 par
|
|turn|9
|
|move|p2a: Infernape|Thunder Punch|p1a: Volcarona
|-damage|p1a: Volcarona|158\/374 par
|move|p1a: Volcarona|Roost|p1a: Volcarona
|-heal|p1a: Volcarona|345\/374 par
|
|turn|10
|
|move|p2a: Infernape|Thunder Punch|p1a: Volcarona
|-damage|p1a: Volcarona|253\/374 par
|move|p1a: Volcarona|Quiver Dance|p1a: Volcarona
|-boost|p1a: Volcarona|spa|1
|-boost|p1a: Volcarona|spd|1
|-boost|p1a: Volcarona|spe|1
|
|turn|11
|
|switch|p2a: Landorus-Therian|Landorus-Therian, M|382\/382
|-ability|p2a: Landorus-Therian|Intimidate|[of] p1a: Volcarona
|-unboost|p1a: Volcarona|atk|1
|cant|p1a: Volcarona|par
|
|turn|12
|
|move|p2a: Landorus-Therian|Stone Edge|p1a: Volcarona
|-supereffective|p1a: Volcarona
|-damage|p1a: Volcarona|0 fnt
|faint|p1a: Volcarona
|
|chat|sean1993|lol
|chat|sean1993|try again
|
|switch|p1a: Mamoswine|Mamoswine, F|362\/362
|-damage|p1a: Mamoswine|317\/362|[from] Stealth Rock
|turn|13
|
|switch|p2a: Infernape|Infernape, F|209\/293
|move|p1a: Mamoswine|Stealth Rock|p2a: Infernape
|-sidestart|p2: sean1993|move: Stealth Rock
|
|turn|14
|
|switch|p1a: Mandibuzz|Mandibuzz, F|424\/424
|-damage|p1a: Mandibuzz|318\/424|[from] Stealth Rock
|move|p2a: Infernape|Close Combat|p1a: Mandibuzz
|-damage|p1a: Mandibuzz|200\/424
|-unboost|p2a: Infernape|def|1
|-unboost|p2a: Infernape|spd|1
|
|-heal|p1a: Mandibuzz|226\/424|[from] item: Leftovers
|turn|15
|
|move|p2a: Infernape|Thunder Punch|p1a: Mandibuzz
|-supereffective|p1a: Mandibuzz
|-damage|p1a: Mandibuzz|86\/424
|move|p1a: Mandibuzz|Foul Play|p2a: Infernape
|-resisted|p2a: Infernape
|-damage|p2a: Infernape|45\/293
|
|-heal|p1a: Mandibuzz|112\/424|[from] item: Leftovers
|turn|16
|chat|N3RV0US|You got lucky bro
|
|move|p2a: Infernape|Close Combat|p1a: Mandibuzz
|-damage|p1a: Mandibuzz|0 fnt
|-unboost|p2a: Infernape|def|1
|-unboost|p2a: Infernape|spd|1
|faint|p1a: Mandibuzz
|
|
|switch|p1a: Scizor|Scizor, M, shiny|344\/344
|-damage|p1a: Scizor|301\/344|[from] Stealth Rock
|turn|17
|
|detailschange|p1a: Scizor|Scizor-Mega, M, shiny
|message|Scizor has Mega Evolved into Mega Scizor!
|move|p1a: Scizor|Bullet Punch|p2a: Infernape
|-crit|p2a: Infernape
|-resisted|p2a: Infernape
|-damage|p2a: Infernape|0 fnt
|faint|p2a: Infernape
|
|
|switch|p2a: Celebi|Celebi|341\/341
|-damage|p2a: Celebi|299\/341|[from] Stealth Rock
|turn|18
|
|move|p2a: Celebi|Trick|p1a: Scizor
|-fail|p1a: Scizor
|move|p1a: Scizor|Bug Bite|p2a: Celebi
|-supereffective|p2a: Celebi
|-damage|p2a: Celebi|0 fnt
|faint|p2a: Celebi
|
|
|switch|p2a: Pinsir|Pinsir, M|271\/271
|-damage|p2a: Pinsir|204\/271|[from] Stealth Rock
|turn|19
|chat|N3RV0US|that wasnt very smart
|
|detailschange|p2a: Pinsir|Pinsir-Mega, M
|message|Pinsir has Mega Evolved into Mega Pinsir!
|move|p1a: Scizor|Bullet Punch|p2a: Pinsir
|-damage|p2a: Pinsir|84\/271
|move|p2a: Pinsir|Frustration|p1a: Scizor
|-damage|p1a: Scizor|114\/344
|
|turn|20
|
|move|p2a: Pinsir|Quick Attack|p1a: Scizor
|-damage|p1a: Scizor|38\/344
|move|p1a: Scizor|Bullet Punch|p2a: Pinsir
|-damage|p2a: Pinsir|0 fnt
|faint|p2a: Pinsir
|
|
|switch|p2a: Landorus-Therian|Landorus-Therian, M|382\/382
|-damage|p2a: Landorus-Therian|335\/382|[from] Stealth Rock
|-ability|p2a: Landorus-Therian|Intimidate|[of] p1a: Scizor
|-unboost|p1a: Scizor|atk|1
|turn|21
|
|move|p2a: Landorus-Therian|Earthquake|p1a: Scizor
|-damage|p1a: Scizor|0 fnt
|faint|p1a: Scizor
|
|-heal|p2a: Landorus-Therian|358\/382|[from] item: Leftovers
|chat|sean1993|agreed
|
|switch|p1a: Mamoswine|Mamoswine, F|317\/362
|-damage|p1a: Mamoswine|272\/362|[from] Stealth Rock
|turn|22
|
|switch|p2a: Suicune|Suicune|403\/403
|-damage|p2a: Suicune|353\/403|[from] Stealth Rock
|-ability|p2a: Suicune|Pressure
|move|p1a: Mamoswine|Earthquake|p2a: Suicune
|-damage|p2a: Suicune|214\/403
|
|-heal|p2a: Suicune|239\/403|[from] item: Leftovers
|turn|23
|
|move|p1a: Mamoswine|Earthquake|p2a: Suicune
|-damage|p2a: Suicune|103\/403
|move|p2a: Suicune|Calm Mind|p2a: Suicune
|-boost|p2a: Suicune|spa|1
|-boost|p2a: Suicune|spd|1
|
|-heal|p2a: Suicune|128\/403|[from] item: Leftovers
|turn|24
|
|move|p1a: Mamoswine|Earthquake|p2a: Suicune
|-damage|p2a: Suicune|0 fnt
|faint|p2a: Suicune
|
|
|switch|p2a: Excadrill|Excadrill, M|361\/361
|-damage|p2a: Excadrill|350\/361|[from] Stealth Rock
|-ability|p2a: Excadrill|Mold Breaker
|turn|25
|chat|N3RV0US|youre so bad
|
|move|p2a: Excadrill|Iron Head|p1a: Mamoswine
|-supereffective|p1a: Mamoswine
|-damage|p1a: Mamoswine|0 fnt
|faint|p1a: Mamoswine
|
|chat|sean1993|in a rush
|chat|N3RV0US|you lost
|
|switch|p1a: Keldeo|Keldeo|324\/324
|-damage|p1a: Keldeo|304\/324|[from] Stealth Rock
|turn|26
|
|switch|p2a: Landorus-Therian|Landorus-Therian, M|358\/382
|-damage|p2a: Landorus-Therian|311\/382|[from] Stealth Rock
|-ability|p2a: Landorus-Therian|Intimidate|[of] p1a: Keldeo
|-unboost|p1a: Keldeo|atk|1
|move|p1a: Keldeo|Scald|p2a: Landorus-Therian
|-supereffective|p2a: Landorus-Therian
|-damage|p2a: Landorus-Therian|0 fnt
|faint|p2a: Landorus-Therian
|
|
|switch|p2a: Excadrill|Excadrill, M|350\/361
|-damage|p2a: Excadrill|339\/361|[from] Stealth Rock
|-ability|p2a: Excadrill|Mold Breaker
|turn|27
|
|move|p1a: Keldeo|Scald|p2a: Excadrill
|-supereffective|p2a: Excadrill
|-damage|p2a: Excadrill|0 fnt
|faint|p2a: Excadrill
|
|win|N3RV0US
|raw|Ladder updating...