|join|ZT007
|join|sean1993
|player|p1|ZT007|161
|player|p2|sean1993|1
|gametype|singles
|gen|6
|tier|OU
|rated
|clearpoke
|poke|p1|Infernape, M
|poke|p1|Suicune
|poke|p1|Celebi
|poke|p1|Landorus-Therian, M
|poke|p1|Pinsir, M
|poke|p1|Excadrill, M
|poke|p2|Deoxys-Defense
|poke|p2|Talonflame, M
|poke|p2|Charizard, F
|poke|p2|Keldeo
|poke|p2|Thundurus, M
|poke|p2|Bisharp, M
|rule|Sleep Clause Mod: Limit one foe put to sleep
|rule|Species Clause: Limit one of each Pokemon
|rule|OHKO Clause: OHKO moves are banned
|rule|Moody Clause: Moody is banned
|rule|Evasion Moves Clause: Evasion moves are banned
|rule|Endless Battle Clause: Forcing endless battles is banned.
|rule|HP Percentage Mod: HP is reported as percentages
|teampreview
|
|start
|switch|p1a: Celebi|Celebi|341\/341
|switch|p2a: Thundurus|Thundurus, M|299\/299
|turn|1
|
|move|p1a: Celebi|Trick|p2a: Thundurus
|-activate|p1a: Celebi|move: Trick|[of] p2a: Thundurus
|-item|p2a: Thundurus|Choice Scarf|[from] move: Trick
|-item|p1a: Celebi|Life Orb|[from] move: Trick
|move|p2a: Thundurus|Knock Off|p1a: Celebi
|-supereffective|p1a: Celebi
|-damage|p1a: Celebi|149\/341
|-enditem|p1a: Celebi|Life Orb|[from] move: Knock Off|[of] p2a: Thundurus
|
|turn|2
|join|nathansan
|
|move|p2a: Thundurus|Knock Off|p1a: Celebi
|-supereffective|p1a: Celebi
|-damage|p1a: Celebi|11\/341
|move|p1a: Celebi|Psychic|p2a: Thundurus
|-damage|p2a: Thundurus|112\/299
|
|turn|3
|
|switch|p2a: Bisharp|Bisharp, M|271\/271
|move|p1a: Celebi|Psychic|p2a: Bisharp
|-immune|p2a: Bisharp|[msg]
|
|turn|4
|
|move|p2a: Bisharp|Sucker Punch|p1a: Celebi
|-supereffective|p1a: Celebi
|-damage|p1a: Celebi|0 fnt
|faint|p1a: Celebi
|
|chat|nathansan|nice switch sean ><
|
|switch|p1a: Infernape|Infernape, M|293\/293
|turn|5
|
|switch|p2a: Deoxys-Defense|Deoxys-Defense|304\/304
|-ability|p2a: Deoxys-Defense|Pressure
|move|p1a: Infernape|Overheat|p2a: Deoxys-Defense
|-damage|p2a: Deoxys-Defense|199\/304
|-unboost|p1a: Infernape|spa|2
|-enditem|p2a: Deoxys-Defense|Red Card|[of] p1a: Infernape
|drag|p1a: Landorus-Therian|Landorus-Therian, M|381\/381
|-ability|p1a: Landorus-Therian|Intimidate|[of] p2a: Deoxys-Defense
|-unboost|p2a: Deoxys-Defense|atk|1
|
|turn|6
|
|move|p2a: Deoxys-Defense|Stealth Rock|p1a: Landorus-Therian
|-sidestart|p1: ZT007|move: Stealth Rock
|move|p1a: Landorus-Therian|Knock Off|p2a: Deoxys-Defense
|-supereffective|p2a: Deoxys-Defense
|-damage|p2a: Deoxys-Defense|101\/304
|
|turn|7
|
|move|p2a: Deoxys-Defense|Spikes|p1a: Landorus-Therian
|-sidestart|p1: ZT007|Spikes
|move|p1a: Landorus-Therian|U-turn|p2a: Deoxys-Defense
|-supereffective|p2a: Deoxys-Defense
|-damage|p2a: Deoxys-Defense|0 fnt
|faint|p2a: Deoxys-Defense
|
|switch|p1a: Excadrill|Excadrill, M|362\/362
|-damage|p1a: Excadrill|317\/362|[from] Spikes
|-damage|p1a: Excadrill|306\/362|[from] Stealth Rock
|-ability|p1a: Excadrill|Mold Breaker
|
|
|switch|p2a: Thundurus|Thundurus, M|112\/299
|turn|8
|
|switch|p1a: Landorus-Therian|Landorus-Therian, M|381\/381
|-damage|p1a: Landorus-Therian|334\/381|[from] Stealth Rock
|-ability|p1a: Landorus-Therian|Intimidate|[of] p2a: Thundurus
|-unboost|p2a: Thundurus|atk|1
|-boost|p2a: Thundurus|atk|2|[from] ability: Defiant
|move|p2a: Thundurus|Superpower|p1a: Landorus-Therian
|-resisted|p1a: Landorus-Therian
|-damage|p1a: Landorus-Therian|261\/381
|-unboost|p2a: Thundurus|atk|1
|-unboost|p2a: Thundurus|def|1
|
|-heal|p1a: Landorus-Therian|284\/381|[from] item: Leftovers
|turn|9
|
|switch|p2a: Charizard|Charizard, F|298\/298
|move|p1a: Landorus-Therian|Knock Off|p2a: Charizard
|-damage|p2a: Charizard|188\/298
|
|-heal|p1a: Landorus-Therian|307\/381|[from] item: Leftovers
|turn|10
|
|move|p2a: Charizard|Flare Blitz|p1a: Landorus-Therian
|-damage|p1a: Landorus-Therian|172\/381
|-damage|p2a: Charizard|143\/298|[from] recoil|[of] p1a: Landorus-Therian
|move|p1a: Landorus-Therian|Stone Edge|p2a: Charizard
|-crit|p2a: Charizard
|-supereffective|p2a: Charizard
|-damage|p2a: Charizard|0 fnt
|faint|p2a: Charizard
|
|-heal|p1a: Landorus-Therian|195\/381|[from] item: Leftovers
|
|switch|p2a: Keldeo|Keldeo|323\/323
|turn|11
|
|switch|p1a: Suicune|Suicune|403\/403
|-damage|p1a: Suicune|353\/403|[from] Stealth Rock
|-damage|p1a: Suicune|303\/403|[from] Spikes
|-ability|p1a: Suicune|Pressure
|move|p2a: Keldeo|Scald|p1a: Suicune
|-resisted|p1a: Suicune
|-damage|p1a: Suicune|243\/403
|
|-heal|p1a: Suicune|268\/403|[from] item: Leftovers
|turn|12
|
|move|p2a: Keldeo|Calm Mind|p2a: Keldeo
|-boost|p2a: Keldeo|spa|1
|-boost|p2a: Keldeo|spd|1
|move|p1a: Suicune|Calm Mind|p1a: Suicune
|-boost|p1a: Suicune|spa|1
|-boost|p1a: Suicune|spd|1
|
|-heal|p1a: Suicune|293\/403|[from] item: Leftovers
|turn|13
|
|move|p2a: Keldeo|Calm Mind|p2a: Keldeo
|-boost|p2a: Keldeo|spa|1
|-boost|p2a: Keldeo|spd|1
|move|p1a: Suicune|Scald|p2a: Keldeo
|-resisted|p2a: Keldeo
|-damage|p2a: Keldeo|287\/323
|
|-heal|p1a: Suicune|318\/403|[from] item: Leftovers
|turn|14
|
|move|p2a: Keldeo|Substitute|p2a: Keldeo
|-start|p2a: Keldeo|Substitute
|-damage|p2a: Keldeo|207\/323
|move|p1a: Suicune|Scald|p2a: Keldeo
|-resisted|p2a: Keldeo
|-activate|p2a: Keldeo|Substitute|[damage]
|
|-heal|p1a: Suicune|343\/403|[from] item: Leftovers
|turn|15
|
|move|p2a: Keldeo|Secret Sword|p1a: Suicune
|-damage|p1a: Suicune|151\/403
|move|p1a: Suicune|Calm Mind|p1a: Suicune
|-boost|p1a: Suicune|spa|1
|-boost|p1a: Suicune|spd|1
|
|-heal|p1a: Suicune|176\/403|[from] item: Leftovers
|turn|16
|
|move|p2a: Keldeo|Secret Sword|p1a: Suicune
|-damage|p1a: Suicune|0 fnt
|faint|p1a: Suicune
|
|
|switch|p1a: Excadrill|Excadrill, M|306\/362
|-damage|p1a: Excadrill|295\/362|[from] Stealth Rock
|-damage|p1a: Excadrill|250\/362|[from] Spikes
|-ability|p1a: Excadrill|Mold Breaker
|turn|17
|
|move|p1a: Excadrill|Earthquake|p2a: Keldeo
|-end|p2a: Keldeo|Substitute
|move|p2a: Keldeo|Scald|p1a: Excadrill
|-supereffective|p1a: Excadrill
|-damage|p1a: Excadrill|0 fnt
|faint|p1a: Excadrill
|
|
|switch|p1a: Pinsir|Pinsir, M|271\/271
|-damage|p1a: Pinsir|204\/271|[from] Stealth Rock
|-damage|p1a: Pinsir|171\/271|[from] Spikes
|turn|18
|
|switch|p2a: Bisharp|Bisharp, M|271\/271
|-formechange|p1a: Pinsir|Pinsir-Mega
|message|Pinsir has Mega Evolved into Mega Pinsir!
|move|p1a: Pinsir|Quick Attack|p2a: Bisharp
|-resisted|p2a: Bisharp
|-damage|p2a: Bisharp|219\/271
|
|turn|19
|
|switch|p1a: Infernape|Infernape, M|293\/293
|-damage|p1a: Infernape|257\/293|[from] Stealth Rock
|-damage|p1a: Infernape|221\/293|[from] Spikes
|move|p2a: Bisharp|Sucker Punch|p1a: Infernape
|-fail|p1a: Infernape
|
|turn|20
|
|switch|p2a: Keldeo|Keldeo|207\/323
|move|p1a: Infernape|Close Combat|p2a: Keldeo
|-damage|p2a: Keldeo|9\/323
|-unboost|p1a: Infernape|def|1
|-unboost|p1a: Infernape|spd|1
|
|turn|21
|
|move|p1a: Infernape|Close Combat|p2a: Keldeo
|-damage|p2a: Keldeo|0 fnt
|-unboost|p1a: Infernape|def|1
|-unboost|p1a: Infernape|spd|1
|faint|p2a: Keldeo
|
|
|switch|p2a: Talonflame|Talonflame, M|298\/298
|turn|22
|
|switch|p1a: Landorus-Therian|Landorus-Therian, M|195\/381
|-damage|p1a: Landorus-Therian|148\/381|[from] Stealth Rock
|-ability|p1a: Landorus-Therian|Intimidate|[of] p2a: Talonflame
|-unboost|p2a: Talonflame|atk|1
|move|p2a: Talonflame|U-turn|p1a: Landorus-Therian
|-resisted|p1a: Landorus-Therian
|-damage|p1a: Landorus-Therian|118\/381
|
|switch|p2a: Thundurus|Thundurus, M|112\/299
|
|-heal|p1a: Landorus-Therian|141\/381|[from] item: Leftovers
|turn|23
|
|move|p2a: Thundurus|Hidden Power|p1a: Landorus-Therian
|-supereffective|p1a: Landorus-Therian
|-damage|p1a: Landorus-Therian|0 fnt
|faint|p1a: Landorus-Therian
|
|
|switch|p1a: Infernape|Infernape, M|221\/293
|-damage|p1a: Infernape|185\/293|[from] Spikes
|-damage|p1a: Infernape|149\/293|[from] Stealth Rock
|turn|24
|
|move|p2a: Thundurus|Hidden Power|p1a: Infernape
|-resisted|p1a: Infernape
|-damage|p1a: Infernape|105\/293
|move|p1a: Infernape|Rock Slide|p2a: Thundurus
|-crit|p2a: Thundurus
|-supereffective|p2a: Thundurus
|-damage|p2a: Thundurus|0 fnt
|faint|p2a: Thundurus
|
|
|switch|p2a: Talonflame|Talonflame, M|298\/298
|turn|25
|
|move|p2a: Talonflame|Brave Bird|p1a: Infernape
|-supereffective|p1a: Infernape
|-damage|p1a: Infernape|0 fnt
|-damage|p2a: Talonflame|263\/298|[from] recoil|[of] p1a: Infernape
|faint|p1a: Infernape
|
|
|switch|p1a: Pinsir|Pinsir, M|171\/271
|-formechange|p1a: Pinsir|Pinsir-Mega
|-damage|p1a: Pinsir|36\/271|[from] Stealth Rock
|turn|26
|
|move|p2a: Talonflame|Brave Bird|p1a: Pinsir
|-crit|p1a: Pinsir
|-supereffective|p1a: Pinsir
|-damage|p1a: Pinsir|0 fnt
|-damage|p2a: Talonflame|251\/298|[from] recoil|[of] p1a: Pinsir
|faint|p1a: Pinsir
|
|win|sean1993
|raw|Ladder updating...
|raw|ZT007's rating: 1659 &rarr; <strong>1638<\/strong><br \/>(-21 for losing)
|raw|sean1993's rating: 1635 &rarr; <strong>1656<\/strong><br \/>(+21 for winning)
|leave|ZT007
|player|p1