|join|emmanuel pacquiao
|join|sean1993
|player|p1|emmanuel pacquiao|26
|player|p2|sean1993|92
|gametype|singles
|gen|6
|tier|OU
|rated
|clearpoke
|poke|p1|Tyranitar, F
|poke|p1|Kyurem-Black
|poke|p1|Charizard, F
|poke|p1|Talonflame, M
|poke|p1|Skarmory, F
|poke|p1|Rotom-Wash
|poke|p2|Scolipede, F
|poke|p2|Sylveon, M
|poke|p2|Espeon, M
|poke|p2|Vaporeon, M
|poke|p2|Smeargle, M
|poke|p2|Mr. Mime, F
|rule|Sleep Clause Mod: Limit one foe put to sleep
|rule|Species Clause: Limit one of each Pokemon
|rule|OHKO Clause: OHKO moves are banned
|rule|Moody Clause: Moody is banned
|rule|Evasion Moves Clause: Evasion moves are banned
|rule|Endless Battle Clause: Forcing endless battles is banned.
|rule|HP Percentage Mod: HP is reported as percentages
|teampreview
|
|start
|switch|p1a: Rotom-Wash|Rotom-Wash|241\/241
|switch|p2a: Vaporeon|Vaporeon, M|464\/464
|turn|1
|
|switch|p2a: Sylveon|Sylveon, M|394\/394
|move|p1a: Rotom-Wash|Volt Switch|p2a: Sylveon
|-damage|p2a: Sylveon|325\/394
|
|switch|p1a: Talonflame|Talonflame, M|298\/298
|
|-heal|p2a: Sylveon|349\/394|[from] item: Leftovers
|turn|2
|
|move|p1a: Talonflame|Brave Bird|p2a: Sylveon
|-damage|p2a: Sylveon|84\/394
|-damage|p1a: Talonflame|211\/298|[from] recoil|[of] p2a: Sylveon
|move|p2a: Sylveon|Baton Pass|p2a: Sylveon
|
|switch|p2a: Vaporeon|Vaporeon, M|464\/464
|
|turn|3
|
|switch|p1a: Kyurem-Black|Kyurem-Black|412\/412
|-ability|p1a: Kyurem-Black|Teravolt
|move|p2a: Vaporeon|Acid Armor|p2a: Vaporeon
|-boost|p2a: Vaporeon|def|2
|
|turn|4
|join|Chimpz
|
|move|p1a: Kyurem-Black|Fusion Bolt|p2a: Vaporeon
|-supereffective|p2a: Vaporeon
|-damage|p2a: Vaporeon|332\/464
|move|p2a: Vaporeon|Substitute|p2a: Vaporeon
|-start|p2a: Vaporeon|Substitute
|-damage|p2a: Vaporeon|216\/464
|
|-heal|p2a: Vaporeon|245\/464|[from] item: Leftovers
|turn|5
|
|move|p1a: Kyurem-Black|Fusion Bolt|p2a: Vaporeon
|-supereffective|p2a: Vaporeon
|-end|p2a: Vaporeon|Substitute
|move|p2a: Vaporeon|Acid Armor|p2a: Vaporeon
|-boost|p2a: Vaporeon|def|2
|
|-heal|p2a: Vaporeon|274\/464|[from] item: Leftovers
|turn|6
|
|move|p1a: Kyurem-Black|Fusion Bolt|p2a: Vaporeon
|-supereffective|p2a: Vaporeon
|-damage|p2a: Vaporeon|186\/464
|move|p2a: Vaporeon|Acid Armor|p2a: Vaporeon
|-boost|p2a: Vaporeon|def|2
|
|-heal|p2a: Vaporeon|215\/464|[from] item: Leftovers
|turn|7
|
|move|p1a: Kyurem-Black|Earth Power|p2a: Vaporeon
|-damage|p2a: Vaporeon|114\/464
|move|p2a: Vaporeon|Baton Pass|p2a: Vaporeon
|chat|Chimpz|literally copying that one guys team
|chat|Chimpz|mon for mon
|chat|Chimpz|what a dumpster
|
|switch|p2a: Scolipede|Scolipede, F|324\/324
|
|turn|8
|
|switch|p1a: Rotom-Wash|Rotom-Wash|241\/241
|move|p2a: Scolipede|Protect|p2a: Scolipede
|-fail|p2a: Scolipede
|
|-boost|p2a: Scolipede|spe|1|[from] ability: Speed Boost
|turn|9
|
|move|p1a: Rotom-Wash|Trick|p2a: Scolipede
|-activate|p1a: Rotom-Wash|move: Trick|[of] p2a: Scolipede
|-item|p2a: Scolipede|Choice Scarf|[from] move: Trick
|-item|p1a: Rotom-Wash|Leftovers|[from] move: Trick
|move|p2a: Scolipede|Substitute|p2a: Scolipede
|-start|p2a: Scolipede|Substitute
|-damage|p2a: Scolipede|243\/324
|
|-boost|p2a: Scolipede|spe|1|[from] ability: Speed Boost
|turn|10
|
|switch|p2a: Mr. Mime|Mr. Mime, F|284\/284
|move|p1a: Rotom-Wash|Will-O-Wisp|p2a: Mr. Mime
|-status|p2a: Mr. Mime|brn
|
|-damage|p2a: Mr. Mime|249\/284 brn|[from] brn
|turn|11
|
|switch|p2a: Scolipede|Scolipede, F|243\/324
|move|p1a: Rotom-Wash|Volt Switch|p2a: Scolipede
|-damage|p2a: Scolipede|92\/324
|
|switch|p1a: Talonflame|Talonflame, M|211\/298
|
|turn|12
|
|move|p2a: Scolipede|Protect|p2a: Scolipede
|-singleturn|p2a: Scolipede|Protect
|move|p1a: Talonflame|Swords Dance|p1a: Talonflame
|-boost|p1a: Talonflame|atk|2
|
|-boost|p2a: Scolipede|spe|1|[from] ability: Speed Boost
|turn|13
|
|move|p2a: Scolipede|Protect|p2a: Scolipede
|-fail|p2a: Scolipede
|move|p1a: Talonflame|Swords Dance|p1a: Talonflame
|-boost|p1a: Talonflame|atk|2
|
|-boost|p2a: Scolipede|spe|1|[from] ability: Speed Boost
|turn|14
|-message|sean1993 forfeited.
|
|win|emmanuel pacquiao
|raw|Ladder updating...
|raw|emmanuel pacquiao's rating: 1537 &rarr; <strong>1552<\/strong><br \/>(+15 for winning)
|raw|sean1993's rating: 1452 &rarr; <strong>1437<\/strong><br \/>(-15 for losing)