|join|sean1993
|join|erik jefferson
|player|p1|sean1993|1
|player|p2|erik jefferson|176
|gametype|singles
|gen|6
|tier|OU
|rated
|clearpoke
|poke|p1|Landorus, M
|poke|p1|Talonflame, F
|poke|p1|Excadrill, F
|poke|p1|Thundurus, M
|poke|p1|Suicune
|poke|p1|Heracross, M
|poke|p2|Latios, M
|poke|p2|Mawile, F
|poke|p2|Garchomp, F
|poke|p2|Talonflame, F
|poke|p2|Gothitelle, M
|poke|p2|Rotom-Wash
|rule|Swagger Clause: Swagger is banned
|rule|Baton Pass Clause: Limit one PokÃ©mon knowing Baton Pass
|rule|Sleep Clause Mod: Limit one foe put to sleep
|rule|Species Clause: Limit one of each PokÃ©mon
|rule|OHKO Clause: OHKO moves are banned
|rule|Moody Clause: Moody is banned
|rule|Evasion Moves Clause: Evasion moves are banned
|rule|Endless Battle Clause: Forcing endless battles is banned
|rule|HP Percentage Mod: HP is reported as percentages
|teampreview
|
|start
|switch|p1a: Heracross|Heracross, M|351\/351
|switch|p2a: Talonflame|Talonflame, F|298\/298
|turn|1
|
|detailschange|p1a: Heracross|Heracross-Mega, M
|message|Heracross has Mega Evolved into Mega Heracross!
|move|p2a: Talonflame|Flare Blitz|p1a: Heracross
|-supereffective|p1a: Heracross
|-damage|p1a: Heracross|0 fnt
|-damage|p2a: Talonflame|182\/298|[from] recoil|[of] p1a: Heracross
|faint|p1a: Heracross
|
|
|switch|p1a: Excadrill|Excadrill, F|361\/361
|-ability|p1a: Excadrill|Mold Breaker
|turn|2
|
|switch|p2a: Mawile|Mawile, F|263\/263
|-ability|p2a: Mawile|Intimidate|[of] p1a: Excadrill
|-unboost|p1a: Excadrill|atk|1
|move|p1a: Excadrill|Rock Slide|p2a: Mawile
|-resisted|p2a: Mawile
|-damage|p2a: Mawile|227\/263
|
|turn|3
|
|switch|p1a: Landorus|Landorus, M|320\/320
|detailschange|p2a: Mawile|Mawile-Mega, F
|message|Mawile has Mega Evolved into Mega Mawile!
|move|p2a: Mawile|Knock Off|p1a: Landorus
|-damage|p1a: Landorus|91\/320
|-enditem|p1a: Landorus|Life Orb|[from] move: Knock Off|[of] p2a: Mawile
|
|turn|4
|
|switch|p2a: Latios|Latios, M|302\/302
|move|p1a: Landorus|Earth Power|p2a: Latios
|-immune|p2a: Latios|[msg]
|
|turn|5
|
|move|p2a: Latios|Psyshock|p1a: Landorus
|-damage|p1a: Landorus|0 fnt
|-damage|p2a: Latios|272\/302|[from] item: Life Orb
|faint|p1a: Landorus
|
|
|switch|p1a: Thundurus|Thundurus, M|300\/300
|turn|6
|
|move|p1a: Thundurus|Knock Off|p2a: Latios
|-supereffective|p2a: Latios
|-damage|p2a: Latios|0 fnt
|-enditem|p2a: Latios|Life Orb|[from] move: Knock Off|[of] p1a: Thundurus
|-damage|p1a: Thundurus|270\/300|[from] item: Life Orb
|faint|p2a: Latios
|
|
|switch|p2a: Rotom-Wash|Rotom-Wash|304\/304
|turn|7
|
|move|p1a: Thundurus|Taunt|p2a: Rotom-Wash
|-start|p2a: Rotom-Wash|move: Taunt
|move|p2a: Rotom-Wash|Hydro Pump|p1a: Thundurus
|-damage|p1a: Thundurus|101\/300
|
|turn|8
|
|move|p1a: Thundurus|Knock Off|p2a: Rotom-Wash
|-damage|p2a: Rotom-Wash|204\/304
|-enditem|p2a: Rotom-Wash|Leftovers|[from] move: Knock Off|[of] p1a: Thundurus
|-damage|p1a: Thundurus|71\/300|[from] item: Life Orb
|move|p2a: Rotom-Wash|Volt Switch|p1a: Thundurus
|-crit|p1a: Thundurus
|-damage|p1a: Thundurus|0 fnt
|faint|p1a: Thundurus
|
|switch|p2a: Gothitelle|Gothitelle, M|281\/281
|
|
|switch|p1a: Talonflame|Talonflame, F|297\/297
|turn|9
|
|move|p1a: Talonflame|U-turn|p2a: Gothitelle
|-supereffective|p2a: Gothitelle
|-damage|p2a: Gothitelle|69\/281
|
|switch|p1a: Suicune|Suicune|403\/403
|-ability|p1a: Suicune|Pressure
|move|p2a: Gothitelle|Thunderbolt|p1a: Suicune
|-supereffective|p1a: Suicune
|-damage|p1a: Suicune|183\/403
|
|-heal|p1a: Suicune|208\/403|[from] item: Leftovers
|turn|10
|
|move|p2a: Gothitelle|Thunderbolt|p1a: Suicune
|-supereffective|p1a: Suicune
|-damage|p1a: Suicune|0 fnt
|faint|p1a: Suicune
|
|
|switch|p1a: Excadrill|Excadrill, F|361\/361
|-ability|p1a: Excadrill|Mold Breaker
|turn|11
|
|move|p1a: Excadrill|Earthquake|p2a: Gothitelle
|-damage|p2a: Gothitelle|0 fnt
|faint|p2a: Gothitelle
|
|
|switch|p2a: Rotom-Wash|Rotom-Wash|204\/304
|turn|12
|
|move|p1a: Excadrill|Earthquake|p2a: Rotom-Wash
|-supereffective|p2a: Rotom-Wash
|-damage|p2a: Rotom-Wash|0 fnt
|faint|p2a: Rotom-Wash
|
|
|switch|p2a: Talonflame|Talonflame, F|182\/298
|turn|13
|
|switch|p1a: Talonflame|Talonflame, F|297\/297
|move|p2a: Talonflame|Flare Blitz|p1a: Talonflame
|-resisted|p1a: Talonflame
|-damage|p1a: Talonflame|131\/297
|-damage|p2a: Talonflame|127\/298|[from] recoil|[of] p1a: Talonflame
|
|turn|14
|
|move|p1a: Talonflame|Brave Bird|p2a: Talonflame
|-damage|p2a: Talonflame|0 fnt
|-damage|p1a: Talonflame|89\/297|[from] recoil|[of] p2a: Talonflame
|faint|p2a: Talonflame
|
|
|switch|p2a: Mawile|Mawile-Mega, F|227\/263
|turn|15
|
|move|p1a: Talonflame|Brave Bird|p2a: Mawile
|-resisted|p2a: Mawile
|-damage|p2a: Mawile|130\/263
|-damage|p1a: Talonflame|57\/297|[from] recoil|[of] p2a: Mawile
|move|p2a: Mawile|Knock Off|p1a: Talonflame
|-damage|p1a: Talonflame|0 fnt
|-enditem|p1a: Talonflame|Choice Band|[from] move: Knock Off|[of] p2a: Mawile
|faint|p1a: Talonflame
|
|
|switch|p1a: Excadrill|Excadrill, F|361\/361
|-ability|p1a: Excadrill|Mold Breaker
|turn|16
|
|move|p2a: Mawile|Sucker Punch|p1a: Excadrill
|-damage|p1a: Excadrill|88\/361
|move|p1a: Excadrill|Iron Head|p2a: Mawile
|-damage|p2a: Mawile|4\/263
|
|turn|17
|
|move|p2a: Mawile|Sucker Punch|p1a: Excadrill
|-damage|p1a: Excadrill|0 fnt
|faint|p1a: Excadrill
|
|win|erik jefferson
|raw|Ladder updating...
|raw|sean1993's rating: 1583 &rarr; <strong>1562<\/strong><br \/>(-21 for losing)
|raw|erik jefferson's rating: 1574 &rarr; <strong>1594<\/strong><br \/>(+20 for winning)
|chat|erik jefferson|gg
|leave|sean1993
|player|p1