|join|sean1993
|join|gyarad0site
|player|p1|sean1993|1
|player|p2|gyarad0site|101
|gametype|singles
|gen|6
|tier|OU
|rated
|clearpoke
|poke|p1|Landorus, M
|poke|p1|Talonflame, F
|poke|p1|Excadrill, F
|poke|p1|Thundurus, M
|poke|p1|Suicune
|poke|p1|Heracross, M
|poke|p2|Latios, M
|poke|p2|Keldeo
|poke|p2|Mawile, M
|poke|p2|Raikou
|poke|p2|Landorus-Therian, M
|poke|p2|Talonflame, F
|rule|Swagger Clause: Swagger is banned
|rule|Baton Pass Clause: Limit three PokÃ©mon knowing Baton Pass
|rule|Sleep Clause Mod: Limit one foe put to sleep
|rule|Species Clause: Limit one of each PokÃ©mon
|rule|OHKO Clause: OHKO moves are banned
|rule|Moody Clause: Moody is banned
|rule|Evasion Moves Clause: Evasion moves are banned
|rule|Endless Battle Clause: Forcing endless battles is banned
|rule|HP Percentage Mod: HP is reported as percentages
|teampreview
|chat|gyarad0site|hey hf
|
|start
|switch|p1a: Landorus|Landorus, M|320\/320
|switch|p2a: Raikou|Raikou|321\/321
|-ability|p2a: Raikou|Pressure
|turn|1
|
|move|p2a: Raikou|Hidden Power|p1a: Landorus
|-supereffective|p1a: Landorus
|-damage|p1a: Landorus|0 fnt
|faint|p1a: Landorus
|
|
|switch|p1a: Thundurus|Thundurus, M|300\/300
|turn|2
|
|switch|p1a: Suicune|Suicune|403\/403
|-ability|p1a: Suicune|Pressure
|move|p2a: Raikou|Thunderbolt|p1a: Suicune
|-supereffective|p1a: Suicune
|-damage|p1a: Suicune|157\/403
|
|-heal|p1a: Suicune|182\/403|[from] item: Leftovers
|turn|3
|
|switch|p1a: Excadrill|Excadrill, F|361\/361
|-ability|p1a: Excadrill|Mold Breaker
|move|p2a: Raikou|Extrasensory|p1a: Excadrill
|-crit|p1a: Excadrill
|-resisted|p1a: Excadrill
|-damage|p1a: Excadrill|269\/361
|
|turn|4
|
|switch|p2a: Landorus-Therian|Landorus-Therian, M|382\/382
|-ability|p2a: Landorus-Therian|Intimidate|[of] p1a: Excadrill
|-unboost|p1a: Excadrill|atk|1
|move|p1a: Excadrill|Earthquake|p2a: Landorus-Therian
|-immune|p2a: Landorus-Therian|[msg]
|
|turn|5
|
|switch|p1a: Suicune|Suicune|182\/403
|-ability|p1a: Suicune|Pressure
|move|p2a: Landorus-Therian|Stealth Rock|p1a: Suicune
|-sidestart|p1: sean1993|move: Stealth Rock
|
|-heal|p1a: Suicune|207\/403|[from] item: Leftovers
|turn|6
|
|move|p2a: Landorus-Therian|U-turn|p1a: Suicune
|-damage|p1a: Suicune|158\/403
|
|switch|p2a: Raikou|Raikou|321\/321
|-ability|p2a: Raikou|Pressure
|move|p1a: Suicune|Scald|p2a: Raikou
|-damage|p2a: Raikou|236\/321
|
|-heal|p2a: Raikou|256\/321|[from] item: Leftovers
|-heal|p1a: Suicune|183\/403|[from] item: Leftovers
|turn|7
|
|move|p2a: Raikou|Thunderbolt|p1a: Suicune
|-supereffective|p1a: Suicune
|-damage|p1a: Suicune|0 fnt
|faint|p1a: Suicune
|
|-heal|p2a: Raikou|276\/321|[from] item: Leftovers
|
|switch|p1a: Heracross|Heracross, M|351\/351
|-damage|p1a: Heracross|308\/351|[from] Stealth Rock
|turn|8
|
|switch|p2a: Talonflame|Talonflame, F|359\/359
|detailschange|p1a: Heracross|Heracross-Mega, M
|message|Heracross has Mega Evolved into Mega Heracross!
|move|p1a: Heracross|Rock Blast|p2a: Talonflame
|-supereffective|p2a: Talonflame
|-damage|p2a: Talonflame|131\/359
|-crit|p2a: Talonflame
|-supereffective|p2a: Talonflame
|-damage|p2a: Talonflame|0 fnt
|-hitcount|p2a: Talonflame|2
|faint|p2a: Talonflame
|
|chat|gyarad0site|owch
|
|switch|p2a: Keldeo|Keldeo|323\/323
|turn|9
|
|move|p2a: Keldeo|Hidden Power|p1a: Heracross
|-supereffective|p1a: Heracross
|-damage|p1a: Heracross|0 fnt
|faint|p1a: Heracross
|
|
|switch|p1a: Thundurus|Thundurus, M|300\/300
|-damage|p1a: Thundurus|225\/300|[from] Stealth Rock
|turn|10
|
|switch|p2a: Raikou|Raikou|276\/321
|-ability|p2a: Raikou|Pressure
|move|p1a: Thundurus|Knock Off|p2a: Raikou
|-damage|p2a: Raikou|101\/321
|-enditem|p2a: Raikou|Leftovers|[from] move: Knock Off|[of] p1a: Thundurus
|-damage|p1a: Thundurus|195\/300|[from] item: Life Orb
|
|turn|11
|
|move|p2a: Raikou|Thunderbolt|p1a: Thundurus
|-damage|p1a: Thundurus|30\/300
|move|p1a: Thundurus|Superpower|p2a: Raikou
|-damage|p2a: Raikou|0 fnt
|-unboost|p1a: Thundurus|atk|1
|-unboost|p1a: Thundurus|def|1
|-damage|p1a: Thundurus|0 fnt|[from] item: Life Orb
|faint|p2a: Raikou
|faint|p1a: Thundurus
|
|
|switch|p1a: Excadrill|Excadrill, F|269\/361
|-damage|p1a: Excadrill|258\/361|[from] Stealth Rock
|switch|p2a: Keldeo|Keldeo|323\/323
|-ability|p1a: Excadrill|Mold Breaker
|turn|12
|
|move|p1a: Excadrill|Iron Head|p2a: Keldeo
|-resisted|p2a: Keldeo
|-damage|p2a: Keldeo|233\/323
|move|p2a: Keldeo|Scald|p1a: Excadrill
|-supereffective|p1a: Excadrill
|-damage|p1a: Excadrill|0 fnt
|faint|p1a: Excadrill
|
|-message|sean1993 forfeited.
|
|win|gyarad0site
|raw|Ladder updating...
|leave|sean1993
|player|p1
|raw|sean1993's rating: 1728 &rarr; <strong>1706<\/strong><br \/>(-22 for losing)
|raw|gyarad0site's rating: 1694 &rarr; <strong>1716<\/strong><br \/>(+22 for winning)