|join|Miguel Inferno
|join|sean1993
|player|p1|Miguel Inferno|99
|player|p2|sean1993|1
|gametype|singles
|gen|6
|tier|OU
|rated
|clearpoke
|poke|p1|Kyurem-Black
|poke|p1|Latias, F
|poke|p1|Scizor, M
|poke|p1|Heatran, M
|poke|p1|Azumarill, M
|poke|p1|Landorus-Therian, M
|poke|p2|Landorus, M
|poke|p2|Talonflame, F
|poke|p2|Excadrill, M
|poke|p2|Thundurus, M
|poke|p2|Suicune
|poke|p2|Heracross, M
|rule|Swagger Clause: Swagger is banned
|rule|Baton Pass Clause: Limit one PokÃ©mon knowing Baton Pass
|rule|Sleep Clause Mod: Limit one foe put to sleep
|rule|Species Clause: Limit one of each PokÃ©mon
|rule|OHKO Clause: OHKO moves are banned
|rule|Moody Clause: Moody is banned
|rule|Evasion Moves Clause: Evasion moves are banned
|rule|Endless Battle Clause: Forcing endless battles is banned
|rule|HP Percentage Mod: HP is reported as percentages
|teampreview
|
|start
|switch|p1a: Latias|Latias, F|301\/301
|switch|p2a: Thundurus|Thundurus, M|300\/300
|turn|1
|
|move|p2a: Thundurus|Knock Off|p1a: Latias
|-supereffective|p1a: Latias
|-damage|p1a: Latias|7\/301
|-enditem|p1a: Latias|Life Orb|[from] move: Knock Off|[of] p2a: Thundurus
|-damage|p2a: Thundurus|270\/300|[from] item: Life Orb
|move|p1a: Latias|Psyshock|p2a: Thundurus
|-damage|p2a: Thundurus|113\/300
|
|turn|2
|
|move|p2a: Thundurus|Knock Off|p1a: Latias
|-crit|p1a: Latias
|-supereffective|p1a: Latias
|-damage|p1a: Latias|0 fnt
|-damage|p2a: Thundurus|83\/300|[from] item: Life Orb
|faint|p1a: Latias
|
|
|switch|p1a: Heatran|Heatran, M|385\/385
|turn|3
|
|move|p2a: Thundurus|Superpower|p1a: Heatran
|-crit|p1a: Heatran
|-supereffective|p1a: Heatran
|-damage|p1a: Heatran|0 fnt
|-unboost|p2a: Thundurus|atk|1
|-unboost|p2a: Thundurus|def|1
|-damage|p2a: Thundurus|53\/300|[from] item: Life Orb
|faint|p1a: Heatran
|
|
|switch|p1a: Scizor|Scizor, M|342\/342
|turn|4
|
|detailschange|p1a: Scizor|Scizor-Mega, M
|message|Scizor has Mega Evolved into Mega Scizor!
|move|p2a: Thundurus|Taunt|p1a: Scizor
|-start|p1a: Scizor|move: Taunt
|cant|p1a: Scizor|move: Taunt|Swords Dance
|
|turn|5
|
|move|p1a: Scizor|Bullet Punch|p2a: Thundurus
|-resisted|p2a: Thundurus
|-damage|p2a: Thundurus|0 fnt
|faint|p2a: Thundurus
|
|
|switch|p2a: Talonflame|Talonflame, F|297\/297
|turn|6
|
|switch|p1a: Azumarill|Azumarill, M|379\/379
|move|p2a: Talonflame|U-turn|p1a: Azumarill
|-resisted|p1a: Azumarill
|-damage|p1a: Azumarill|319\/379
|
|switch|p2a: Heracross|Heracross, M|360\/360
|
|turn|7
|
|switch|p1a: Landorus-Therian|Landorus-Therian, M|369\/369
|-ability|p1a: Landorus-Therian|Intimidate|[of] p2a: Heracross
|-unboost|p2a: Heracross|atk|1
|detailschange|p2a: Heracross|Heracross-Mega, M
|message|Heracross has Mega Evolved into Mega Heracross!
|move|p2a: Heracross|Bullet Seed|p1a: Landorus-Therian
|-damage|p1a: Landorus-Therian|345\/369
|-damage|p1a: Landorus-Therian|321\/369
|-damage|p1a: Landorus-Therian|300\/369
|-damage|p1a: Landorus-Therian|279\/369
|-damage|p1a: Landorus-Therian|257\/369
|-hitcount|p1a: Landorus-Therian|5
|
|-heal|p1a: Landorus-Therian|280\/369|[from] item: Leftovers
|turn|8
|
|switch|p2a: Suicune|Suicune|403\/403
|-ability|p2a: Suicune|Pressure
|move|p1a: Landorus-Therian|Stealth Rock|p2a: Suicune
|-sidestart|p2: sean1993|move: Stealth Rock
|
|-heal|p1a: Landorus-Therian|303\/369|[from] item: Leftovers
|turn|9
|
|move|p1a: Landorus-Therian|U-turn|p2a: Suicune
|-damage|p2a: Suicune|355\/403
|
|switch|p1a: Kyurem-Black|Kyurem-Black|405\/405
|-ability|p1a: Kyurem-Black|Teravolt
|move|p2a: Suicune|Calm Mind|p2a: Suicune
|-boost|p2a: Suicune|spa|1
|-boost|p2a: Suicune|spd|1
|
|-heal|p2a: Suicune|380\/403|[from] item: Leftovers
|turn|10
|
|move|p1a: Kyurem-Black|Substitute|p1a: Kyurem-Black
|-start|p1a: Kyurem-Black|Substitute
|-damage|p1a: Kyurem-Black|304\/405
|move|p2a: Suicune|Calm Mind|p2a: Suicune
|-boost|p2a: Suicune|spa|1
|-boost|p2a: Suicune|spd|1
|
|-heal|p1a: Kyurem-Black|329\/405|[from] item: Leftovers
|-heal|p2a: Suicune|403\/403|[from] item: Leftovers
|turn|11
|
|move|p1a: Kyurem-Black|Fusion Bolt|p2a: Suicune
|-supereffective|p2a: Suicune
|-damage|p2a: Suicune|227\/403
|move|p2a: Suicune|Scald|p1a: Kyurem-Black
|-resisted|p1a: Kyurem-Black
|-activate|p1a: Kyurem-Black|Substitute|[damage]
|
|-heal|p1a: Kyurem-Black|354\/405|[from] item: Leftovers
|-heal|p2a: Suicune|252\/403|[from] item: Leftovers
|turn|12
|
|move|p1a: Kyurem-Black|Fusion Bolt|p2a: Suicune
|-supereffective|p2a: Suicune
|-damage|p2a: Suicune|98\/403
|move|p2a: Suicune|Calm Mind|p2a: Suicune
|-boost|p2a: Suicune|spa|1
|-boost|p2a: Suicune|spd|1
|
|-heal|p1a: Kyurem-Black|379\/405|[from] item: Leftovers
|-heal|p2a: Suicune|123\/403|[from] item: Leftovers
|turn|13
|
|move|p1a: Kyurem-Black|Fusion Bolt|p2a: Suicune
|-supereffective|p2a: Suicune
|-damage|p2a: Suicune|0 fnt
|faint|p2a: Suicune
|
|-heal|p1a: Kyurem-Black|404\/405|[from] item: Leftovers
|
|switch|p2a: Heracross|Heracross-Mega, M|360\/360
|-damage|p2a: Heracross|315\/360|[from] Stealth Rock
|turn|14
|
|move|p1a: Kyurem-Black|Ice Beam|p2a: Heracross
|-damage|p2a: Heracross|141\/360
|move|p2a: Heracross|Rock Blast|p1a: Kyurem-Black
|-supereffective|p1a: Kyurem-Black
|-end|p1a: Kyurem-Black|Substitute
|-supereffective|p1a: Kyurem-Black
|-damage|p1a: Kyurem-Black|298\/405
|-supereffective|p1a: Kyurem-Black
|-damage|p1a: Kyurem-Black|206\/405
|-supereffective|p1a: Kyurem-Black
|-damage|p1a: Kyurem-Black|112\/405
|-supereffective|p1a: Kyurem-Black
|-damage|p1a: Kyurem-Black|8\/405
|-hitcount|p1a: Kyurem-Black|5
|
|-heal|p1a: Kyurem-Black|33\/405|[from] item: Leftovers
|turn|15
|
|move|p1a: Kyurem-Black|Ice Beam|p2a: Heracross
|-damage|p2a: Heracross|0 fnt
|faint|p2a: Heracross
|
|-heal|p1a: Kyurem-Black|58\/405|[from] item: Leftovers
|
|switch|p2a: Excadrill|Excadrill, M|361\/361
|-damage|p2a: Excadrill|350\/361|[from] Stealth Rock
|-ability|p2a: Excadrill|Mold Breaker
|turn|16
|
|switch|p1a: Landorus-Therian|Landorus-Therian, M|303\/369
|-ability|p1a: Landorus-Therian|Intimidate|[of] p2a: Excadrill
|-unboost|p2a: Excadrill|atk|1
|move|p2a: Excadrill|Iron Head|p1a: Landorus-Therian
|-damage|p1a: Landorus-Therian|219\/369
|
|-heal|p1a: Landorus-Therian|242\/369|[from] item: Leftovers
|turn|17
|
|switch|p2a: Landorus|Landorus, M|320\/320
|-damage|p2a: Landorus|280\/320|[from] Stealth Rock
|move|p1a: Landorus-Therian|U-turn|p2a: Landorus
|-resisted|p2a: Landorus
|-damage|p2a: Landorus|236\/320
|
|switch|p1a: Azumarill|Azumarill, M|319\/379
|
|turn|18
|chat|sean1993|:)
|
|move|p2a: Landorus|Sludge Wave|p1a: Azumarill
|-supereffective|p1a: Azumarill
|-damage|p1a: Azumarill|12\/379
|move|p1a: Azumarill|Waterfall|p2a: Landorus
|-supereffective|p2a: Landorus
|-damage|p2a: Landorus|0 fnt
|faint|p2a: Landorus
|
|
|switch|p2a: Talonflame|Talonflame, F|297\/297
|-damage|p2a: Talonflame|149\/297|[from] Stealth Rock
|turn|19
|
|switch|p1a: Landorus-Therian|Landorus-Therian, M|242\/369
|-ability|p1a: Landorus-Therian|Intimidate|[of] p2a: Talonflame
|-unboost|p2a: Talonflame|atk|1
|move|p2a: Talonflame|Brave Bird|p1a: Landorus-Therian
|-damage|p1a: Landorus-Therian|100\/369
|-damage|p2a: Talonflame|102\/297|[from] recoil|[of] p1a: Landorus-Therian
|
|-heal|p1a: Landorus-Therian|123\/369|[from] item: Leftovers
|turn|20
|
|switch|p2a: Excadrill|Excadrill, M|350\/361
|-damage|p2a: Excadrill|339\/361|[from] Stealth Rock
|-ability|p2a: Excadrill|Mold Breaker
|switch|p1a: Kyurem-Black|Kyurem-Black|58\/405
|-ability|p1a: Kyurem-Black|Teravolt
|
|-heal|p1a: Kyurem-Black|83\/405|[from] item: Leftovers
|turn|21
|
|move|p2a: Excadrill|Rapid Spin|p1a: Kyurem-Black
|-damage|p1a: Kyurem-Black|53\/405
|-sideend|p2: sean1993|Stealth Rock|[from] move: Rapid Spin|[of] p2a: Excadrill
|move|p1a: Kyurem-Black|Earth Power|p2a: Excadrill
|-supereffective|p2a: Excadrill
|-damage|p2a: Excadrill|19\/361
|
|-heal|p1a: Kyurem-Black|78\/405|[from] item: Leftovers
|turn|22
|
|move|p2a: Excadrill|Rapid Spin|p1a: Kyurem-Black
|-damage|p1a: Kyurem-Black|50\/405
|move|p1a: Kyurem-Black|Earth Power|p2a: Excadrill
|-supereffective|p2a: Excadrill
|-damage|p2a: Excadrill|0 fnt
|faint|p2a: Excadrill
|
|-heal|p1a: Kyurem-Black|75\/405|[from] item: Leftovers
|
|switch|p2a: Talonflame|Talonflame, F|102\/297
|turn|23
|
|switch|p1a: Landorus-Therian|Landorus-Therian, M|123\/369
|-ability|p1a: Landorus-Therian|Intimidate|[of] p2a: Talonflame
|-unboost|p2a: Talonflame|atk|1
|move|p2a: Talonflame|Brave Bird|p1a: Landorus-Therian
|-damage|p1a: Landorus-Therian|0 fnt
|-damage|p2a: Talonflame|61\/297|[from] recoil|[of] p1a: Landorus-Therian
|faint|p1a: Landorus-Therian
|
|
|switch|p1a: Kyurem-Black|Kyurem-Black|75\/405
|-ability|p1a: Kyurem-Black|Teravolt
|turn|24
|chat|Miguel Inferno|pff
|chat|Miguel Inferno|gg
|
|switch|p1a: Azumarill|Azumarill, M|12\/379
|move|p2a: Talonflame|Brave Bird|p1a: Azumarill
|-damage|p1a: Azumarill|0 fnt
|-damage|p2a: Talonflame|57\/297|[from] recoil|[of] p1a: Azumarill
|faint|p1a: Azumarill
|
|chat|Miguel Inferno|you are time stalling me
|
|switch|p1a: Scizor|Scizor-Mega, M|342\/342
|turn|25
|
|move|p2a: Talonflame|Brave Bird|p1a: Scizor
|-damage|p1a: Scizor|231\/342
|-damage|p2a: Talonflame|20\/297|[from] recoil|[of] p1a: Scizor
|move|p1a: Scizor|Roost|p1a: Scizor
|-heal|p1a: Scizor|342\/342
|
|turn|26
|chat|Miguel Inferno|gg
|
|move|p2a: Talonflame|Brave Bird|p1a: Scizor
|-damage|p1a: Scizor|221\/342
|-damage|p2a: Talonflame|0 fnt|[from] recoil|[of] p1a: Scizor
|faint|p2a: Talonflame
|
|win|Miguel Inferno
|raw|Ladder updating...
|raw|Miguel Inferno's rating: 1556 &rarr; <strong>1577<\/strong><br \/>(+21 for winning)
|raw|sean1993's rating: 1566 &rarr; <strong>1548<\/strong><br \/>(-18 for losing)