|join|sean1993
|join|PokeHD
|player|p1|sean1993|265
|player|p2|PokeHD|279
|gametype|singles
|gen|6
|tier|OU
|rated
|clearpoke
|poke|p1|Deoxys-Speed
|poke|p1|Talonflame, M
|poke|p1|Excadrill, M
|poke|p1|Thundurus, M
|poke|p1|Suicune
|poke|p1|Heracross, F
|poke|p2|Hawlucha, F
|poke|p2|Talonflame, F
|poke|p2|Rotom-Wash
|poke|p2|Heracross, M
|poke|p2|Goodra, F
|poke|p2|Alakazam, F
|rule|Swagger Clause: Swagger is banned
|rule|Baton Pass Clause: Limit three PokÃ©mon knowing Baton Pass
|rule|Sleep Clause Mod: Limit one foe put to sleep
|rule|Species Clause: Limit one of each PokÃ©mon
|rule|OHKO Clause: OHKO moves are banned
|rule|Moody Clause: Moody is banned
|rule|Evasion Moves Clause: Evasion moves are banned
|rule|Endless Battle Clause: Forcing endless battles is banned
|rule|HP Percentage Mod: HP is reported as percentages
|teampreview
|
|start
|switch|p1a: Deoxys-Speed|Deoxys-Speed|241\/241
|switch|p2a: Talonflame|Talonflame, F|359\/359
|-ability|p1a: Deoxys-Speed|Pressure
|turn|1
|
|switch|p1a: Excadrill|Excadrill, M|361\/361
|-ability|p1a: Excadrill|Mold Breaker
|move|p2a: Talonflame|Swords Dance|p2a: Talonflame
|-boost|p2a: Talonflame|atk|2
|
|turn|2
|
|move|p1a: Excadrill|Rock Slide|p2a: Talonflame
|-supereffective|p2a: Talonflame
|-damage|p2a: Talonflame|0 fnt
|faint|p2a: Talonflame
|
|
|switch|p2a: Alakazam|Alakazam, F|252\/252
|turn|3
|
|move|p1a: Excadrill|Rock Slide|p2a: Alakazam
|-damage|p2a: Alakazam|79\/252
|move|p2a: Alakazam|Focus Blast|p1a: Excadrill
|-supereffective|p1a: Excadrill
|-damage|p1a: Excadrill|0 fnt
|faint|p1a: Excadrill
|
|
|switch|p1a: Deoxys-Speed|Deoxys-Speed|241\/241
|-ability|p1a: Deoxys-Speed|Pressure
|turn|4
|
|move|p1a: Deoxys-Speed|Ice Beam|p2a: Alakazam
|-damage|p2a: Alakazam|0 fnt
|-damage|p1a: Deoxys-Speed|217\/241|[from] item: Life Orb
|faint|p2a: Alakazam
|
|
|switch|p2a: Goodra|Goodra, F|383\/383
|turn|5
|
|move|p1a: Deoxys-Speed|Psycho Boost|p2a: Goodra
|-damage|p2a: Goodra|241\/383
|-unboost|p1a: Deoxys-Speed|spa|2
|-damage|p1a: Deoxys-Speed|193\/241|[from] item: Life Orb
|move|p2a: Goodra|Draco Meteor|p1a: Deoxys-Speed
|-damage|p1a: Deoxys-Speed|0 fnt
|-unboost|p2a: Goodra|spa|2
|faint|p1a: Deoxys-Speed
|
|
|switch|p1a: Suicune|Suicune|403\/403
|-ability|p1a: Suicune|Pressure
|turn|6
|
|switch|p2a: Heracross|Heracross, M|311\/311
|move|p1a: Suicune|Calm Mind|p1a: Suicune
|-boost|p1a: Suicune|spa|1
|-boost|p1a: Suicune|spd|1
|
|turn|7
|
|detailschange|p2a: Heracross|Heracross-Mega, M
|message|Heracross has Mega Evolved into Mega Heracross!
|move|p2a: Heracross|Bullet Seed|p1a: Suicune
|-supereffective|p1a: Suicune
|-damage|p1a: Suicune|347\/403
|-supereffective|p1a: Suicune
|-damage|p1a: Suicune|299\/403
|-supereffective|p1a: Suicune
|-damage|p1a: Suicune|249\/403
|-supereffective|p1a: Suicune
|-damage|p1a: Suicune|193\/403
|-supereffective|p1a: Suicune
|-damage|p1a: Suicune|143\/403
|-hitcount|p1a: Suicune|5
|move|p1a: Suicune|Scald|p2a: Heracross
|-damage|p2a: Heracross|194\/311
|
|-heal|p1a: Suicune|168\/403|[from] item: Leftovers
|turn|8
|
|move|p2a: Heracross|Pin Missile|p1a: Suicune
|-damage|p1a: Suicune|128\/403
|-damage|p1a: Suicune|88\/403
|-damage|p1a: Suicune|51\/403
|-damage|p1a: Suicune|12\/403
|-damage|p1a: Suicune|0 fnt
|-hitcount|p1a: Suicune|5
|faint|p1a: Suicune
|
|
|switch|p1a: Talonflame|Talonflame, M|297\/297
|turn|9
|
|switch|p2a: Rotom-Wash|Rotom-Wash|304\/304
|move|p1a: Talonflame|Brave Bird|p2a: Rotom-Wash
|-crit|p2a: Rotom-Wash
|-resisted|p2a: Rotom-Wash
|-damage|p2a: Rotom-Wash|110\/304
|-damage|p1a: Talonflame|233\/297|[from] recoil|[of] p2a: Rotom-Wash
|
|-heal|p2a: Rotom-Wash|129\/304|[from] item: Leftovers
|turn|10
|
|switch|p1a: Heracross|Heracross, F|351\/351
|move|p2a: Rotom-Wash|Hydro Pump|p1a: Heracross
|-damage|p1a: Heracross|183\/351
|
|-heal|p2a: Rotom-Wash|148\/304|[from] item: Leftovers
|turn|11
|
|detailschange|p1a: Heracross|Heracross-Mega, F
|message|Heracross has Mega Evolved into Mega Heracross!
|move|p1a: Heracross|Rock Blast|p2a: Rotom-Wash
|-damage|p2a: Rotom-Wash|110\/304
|-damage|p2a: Rotom-Wash|71\/304
|-damage|p2a: Rotom-Wash|36\/304
|-damage|p2a: Rotom-Wash|0 fnt
|-hitcount|p2a: Rotom-Wash|4
|faint|p2a: Rotom-Wash
|
|
|switch|p2a: Hawlucha|Hawlucha, F|340\/340
|turn|12
|
|move|p2a: Hawlucha|Sky Attack|p1a: Heracross|[still]|[miss]
|-prepare|p2a: Hawlucha|Sky Attack|p1a: Heracross
|-enditem|p2a: Hawlucha|Power Herb
|-anim|p2a: Hawlucha|Sky Attack|p1a: Heracross
|-miss|p2a: Hawlucha|p1a: Heracross
|move|p1a: Heracross|Rock Blast|p2a: Hawlucha
|-damage|p2a: Hawlucha|290\/340
|-damage|p2a: Hawlucha|240\/340
|-damage|p2a: Hawlucha|186\/340
|-damage|p2a: Hawlucha|135\/340
|-damage|p2a: Hawlucha|84\/340
|-hitcount|p2a: Hawlucha|5
|
|turn|13
|-message|PokeHD forfeited.
|
|win|sean1993
|raw|Ladder updating...
|leave|PokeHD
|player|p2
|raw|sean1993's rating: 1541 &rarr; <strong>1559<\/strong><br \/>(+18 for winning)
|raw|PokeHD's rating: 1500 &rarr; <strong>1482<\/strong><br \/>(-18 for losing)