|join|sis puella magi!
|join|sean1993
|player|p1|sis puella magi!|86
|player|p2|sean1993|1
|gametype|singles
|gen|6
|tier|OU
|rated
|clearpoke
|poke|p1|Sylveon, F
|poke|p1|Aegislash, F
|poke|p1|Azumarill, F
|poke|p1|Mawile, F, shiny
|poke|p1|Gardevoir, F
|poke|p1|Sableye, M
|poke|p2|Suicune
|poke|p2|Celebi
|poke|p2|Infernape, F
|poke|p2|Landorus-Therian, M
|poke|p2|Pinsir, M
|poke|p2|Excadrill, M
|rule|Swagger Clause: Swagger is banned
|rule|Baton Pass Clause: Limit one PokÃ©mon knowing Baton Pass
|rule|Sleep Clause Mod: Limit one foe put to sleep
|rule|Species Clause: Limit one of each PokÃ©mon
|rule|OHKO Clause: OHKO moves are banned
|rule|Moody Clause: Moody is banned
|rule|Evasion Moves Clause: Evasion moves are banned
|rule|Endless Battle Clause: Forcing endless battles is banned
|rule|HP Percentage Mod: HP is reported as percentages
|teampreview
|
|start
|switch|p1a: Mami Tomoe|Gardevoir, F|278\/278
|switch|p2a: Infernape|Infernape, F|293\/293
|-ability|p1a: Mami Tomoe|Iron Fist|[from] ability: Trace|[of] p2a: Infernape
|turn|1
|
|move|p1a: Mami Tomoe|Psyshock|p2a: Infernape
|-supereffective|p2a: Infernape
|-enditem|p2a: Infernape|Focus Sash
|-damage|p2a: Infernape|1\/293
|move|p2a: Infernape|Stealth Rock|p1a: Mami Tomoe
|-sidestart|p1: sis puella magi!|move: Stealth Rock
|
|turn|2
|
|move|p1a: Mami Tomoe|Psyshock|p2a: Infernape
|-supereffective|p2a: Infernape
|-damage|p2a: Infernape|0 fnt
|faint|p2a: Infernape
|
|
|switch|p2a: Excadrill|Excadrill, M|361\/361
|-ability|p2a: Excadrill|Mold Breaker
|turn|3
|
|switch|p1a: Sayaka|Azumarill, F|404\/404
|-damage|p1a: Sayaka|354\/404|[from] Stealth Rock
|move|p2a: Excadrill|Earthquake|p1a: Sayaka
|-crit|p1a: Sayaka
|-damage|p1a: Sayaka|45\/404
|-enditem|p1a: Sayaka|Sitrus Berry|[eat]
|-heal|p1a: Sayaka|146\/404|[from] item: Sitrus Berry
|
|turn|4
|
|move|p1a: Sayaka|Aqua Jet|p2a: Excadrill
|-supereffective|p2a: Excadrill
|-damage|p2a: Excadrill|91\/361
|move|p2a: Excadrill|Earthquake|p1a: Sayaka
|-damage|p1a: Sayaka|0 fnt
|faint|p1a: Sayaka
|
|
|switch|p1a: Q.B.|Sableye, M|304\/304
|-damage|p1a: Q.B.|266\/304|[from] Stealth Rock
|turn|5
|
|switch|p2a: Suicune|Suicune|403\/403
|-ability|p2a: Suicune|Pressure
|move|p1a: Q.B.|Will-O-Wisp|p2a: Suicune|[miss]
|-miss|p1a: Q.B.|p2a: Suicune
|
|-heal|p1a: Q.B.|285\/304|[from] item: Leftovers
|turn|6
|
|switch|p1a: Madoka|Sylveon, F|394\/394
|-damage|p1a: Madoka|345\/394|[from] Stealth Rock
|move|p2a: Suicune|Calm Mind|p2a: Suicune
|-boost|p2a: Suicune|spa|1
|-boost|p2a: Suicune|spd|1
|
|-heal|p1a: Madoka|369\/394|[from] item: Leftovers
|turn|7
|
|move|p2a: Suicune|Scald|p1a: Madoka
|-damage|p1a: Madoka|273\/394
|move|p1a: Madoka|Calm Mind|p1a: Madoka
|-boost|p1a: Madoka|spa|1
|-boost|p1a: Madoka|spd|1
|
|-heal|p1a: Madoka|297\/394|[from] item: Leftovers
|turn|8
|
|move|p2a: Suicune|Calm Mind|p2a: Suicune
|-boost|p2a: Suicune|spa|1
|-boost|p2a: Suicune|spd|1
|move|p1a: Madoka|Calm Mind|p1a: Madoka
|-boost|p1a: Madoka|spa|1
|-boost|p1a: Madoka|spd|1
|
|-heal|p1a: Madoka|321\/394|[from] item: Leftovers
|turn|9
|
|move|p2a: Suicune|Calm Mind|p2a: Suicune
|-boost|p2a: Suicune|spa|1
|-boost|p2a: Suicune|spd|1
|move|p1a: Madoka|Calm Mind|p1a: Madoka
|-boost|p1a: Madoka|spa|1
|-boost|p1a: Madoka|spd|1
|
|-heal|p1a: Madoka|345\/394|[from] item: Leftovers
|turn|10
|
|move|p2a: Suicune|Calm Mind|p2a: Suicune
|-boost|p2a: Suicune|spa|1
|-boost|p2a: Suicune|spd|1
|move|p1a: Madoka|Calm Mind|p1a: Madoka
|-boost|p1a: Madoka|spa|1
|-boost|p1a: Madoka|spd|1
|
|-heal|p1a: Madoka|369\/394|[from] item: Leftovers
|turn|11
|
|move|p2a: Suicune|Scald|p1a: Madoka
|-damage|p1a: Madoka|305\/394
|move|p1a: Madoka|Calm Mind|p1a: Madoka
|-boost|p1a: Madoka|spa|1
|-boost|p1a: Madoka|spd|1
|
|-heal|p1a: Madoka|329\/394|[from] item: Leftovers
|turn|12
|
|move|p2a: Suicune|Calm Mind|p2a: Suicune
|-boost|p2a: Suicune|spa|1
|-boost|p2a: Suicune|spd|1
|move|p1a: Madoka|Calm Mind|p1a: Madoka
|-boost|p1a: Madoka|spa|1
|-boost|p1a: Madoka|spd|1
|
|-heal|p1a: Madoka|353\/394|[from] item: Leftovers
|turn|13
|
|move|p2a: Suicune|Scald|p1a: Madoka
|-damage|p1a: Madoka|287\/394
|move|p1a: Madoka|Substitute|p1a: Madoka
|-start|p1a: Madoka|Substitute
|-damage|p1a: Madoka|189\/394
|
|-heal|p1a: Madoka|213\/394|[from] item: Leftovers
|turn|14
|
|move|p2a: Suicune|Scald|p1a: Madoka
|-activate|p1a: Madoka|Substitute|[damage]
|move|p1a: Madoka|Hyper Voice|p2a: Suicune
|-damage|p2a: Suicune|210\/403
|
|-heal|p2a: Suicune|235\/403|[from] item: Leftovers
|-heal|p1a: Madoka|237\/394|[from] item: Leftovers
|turn|15
|
|move|p2a: Suicune|Calm Mind|p2a: Suicune
|-boost|p2a: Suicune|spa|1
|-boost|p2a: Suicune|spd|1
|move|p1a: Madoka|Hyper Voice|p2a: Suicune
|-damage|p2a: Suicune|64\/403
|
|-heal|p2a: Suicune|89\/403|[from] item: Leftovers
|-heal|p1a: Madoka|261\/394|[from] item: Leftovers
|turn|16
|
|move|p2a: Suicune|Rest|p2a: Suicune
|-status|p2a: Suicune|slp
|-heal|p2a: Suicune|403\/403 slp|[silent]
|-status|p2a: Suicune|slp|[from] move: Rest
|move|p1a: Madoka|Substitute|p1a: Madoka
|-fail|p1a: Madoka|move: Substitute
|
|-heal|p1a: Madoka|285\/394|[from] item: Leftovers
|turn|17
|
|cant|p2a: Suicune|slp
|move|p2a: Suicune|Sleep Talk|p2a: Suicune
|move|p2a: Suicune|Scald|p1a: Madoka|[from]Sleep Talk
|-end|p1a: Madoka|Substitute
|move|p1a: Madoka|Hyper Voice|p2a: Suicune
|-damage|p2a: Suicune|211\/403 slp
|
|-heal|p2a: Suicune|236\/403 slp|[from] item: Leftovers
|-heal|p1a: Madoka|309\/394|[from] item: Leftovers
|turn|18
|
|cant|p2a: Suicune|slp
|move|p2a: Suicune|Sleep Talk|p2a: Suicune
|move|p2a: Suicune|Rest|p2a: Suicune|[from]Sleep Talk
|-fail|p2a: Suicune
|move|p1a: Madoka|Substitute|p1a: Madoka
|-start|p1a: Madoka|Substitute
|-damage|p1a: Madoka|211\/394
|
|-heal|p2a: Suicune|261\/403 slp|[from] item: Leftovers
|-heal|p1a: Madoka|235\/394|[from] item: Leftovers
|turn|19
|
|-curestatus|p2a: Suicune|slp
|move|p2a: Suicune|Calm Mind|p2a: Suicune
|-fail|p2a: Suicune
|move|p1a: Madoka|Hyper Voice|p2a: Suicune
|-damage|p2a: Suicune|90\/403
|
|-heal|p2a: Suicune|115\/403|[from] item: Leftovers
|-heal|p1a: Madoka|259\/394|[from] item: Leftovers
|turn|20
|
|move|p2a: Suicune|Rest|p2a: Suicune
|-status|p2a: Suicune|slp
|-heal|p2a: Suicune|403\/403 slp|[silent]
|-status|p2a: Suicune|slp|[from] move: Rest
|move|p1a: Madoka|Hyper Voice|p2a: Suicune
|-damage|p2a: Suicune|220\/403 slp
|
|-heal|p2a: Suicune|245\/403 slp|[from] item: Leftovers
|-heal|p1a: Madoka|283\/394|[from] item: Leftovers
|turn|21
|
|cant|p2a: Suicune|slp
|move|p2a: Suicune|Sleep Talk|p2a: Suicune
|move|p2a: Suicune|Scald|p1a: Madoka|[from]Sleep Talk
|-activate|p1a: Madoka|Substitute|[damage]
|move|p1a: Madoka|Hyper Voice|p2a: Suicune
|-damage|p2a: Suicune|59\/403 slp
|
|-heal|p2a: Suicune|84\/403 slp|[from] item: Leftovers
|-heal|p1a: Madoka|307\/394|[from] item: Leftovers
|turn|22
|
|cant|p2a: Suicune|slp
|move|p2a: Suicune|Sleep Talk|p2a: Suicune
|move|p2a: Suicune|Scald|p1a: Madoka|[from]Sleep Talk
|-end|p1a: Madoka|Substitute
|move|p1a: Madoka|Hyper Voice|p2a: Suicune
|-damage|p2a: Suicune|0 fnt
|faint|p2a: Suicune
|
|-heal|p1a: Madoka|331\/394|[from] item: Leftovers
|
|switch|p2a: Excadrill|Excadrill, M|91\/361
|-ability|p2a: Excadrill|Mold Breaker
|turn|23
|
|move|p2a: Excadrill|Iron Head|p1a: Madoka
|-supereffective|p1a: Madoka
|-damage|p1a: Madoka|0 fnt
|faint|p1a: Madoka
|
|
|switch|p1a: Homura|Aegislash, F|324\/324
|-damage|p1a: Homura|304\/324|[from] Stealth Rock
|turn|24
|
|switch|p2a: Landorus-Therian|Landorus-Therian, M|382\/382
|-ability|p2a: Landorus-Therian|Intimidate|[of] p1a: Homura
|-unboost|p1a: Homura|atk|1
|-formechange|p1a: Homura|Aegislash-Blade
|move|p1a: Homura|Shadow Ball|p2a: Landorus-Therian
|-damage|p2a: Landorus-Therian|187\/382
|
|-heal|p2a: Landorus-Therian|210\/382|[from] item: Leftovers
|turn|25
|
|switch|p1a: Mami Tomoe|Gardevoir, F|278\/278
|-damage|p1a: Mami Tomoe|244\/278|[from] Stealth Rock
|-ability|p1a: Mami Tomoe|Intimidate|[from] ability: Trace|[of] p2a: Landorus-Therian
|-ability|p1a: Mami Tomoe|Intimidate|[of] p2a: Landorus-Therian
|-unboost|p2a: Landorus-Therian|atk|1
|move|p2a: Landorus-Therian|Earthquake|p1a: Mami Tomoe
|-damage|p1a: Mami Tomoe|75\/278
|
|-heal|p2a: Landorus-Therian|233\/382|[from] item: Leftovers
|turn|26
|
|move|p1a: Mami Tomoe|Moonblast|p2a: Landorus-Therian
|-damage|p2a: Landorus-Therian|19\/382
|move|p2a: Landorus-Therian|Earthquake|p1a: Mami Tomoe
|-damage|p1a: Mami Tomoe|0 fnt
|faint|p1a: Mami Tomoe
|
|-heal|p2a: Landorus-Therian|42\/382|[from] item: Leftovers
|
|switch|p1a: Homura|Aegislash, F|304\/324
|-damage|p1a: Homura|284\/324|[from] Stealth Rock
|turn|27
|
|-formechange|p1a: Homura|Aegislash-Blade
|move|p1a: Homura|Shadow Sneak|p2a: Landorus-Therian
|-damage|p2a: Landorus-Therian|0 fnt
|faint|p2a: Landorus-Therian
|
|
|switch|p2a: Pinsir|Pinsir, M|271\/271
|turn|28
|
|detailschange|p2a: Pinsir|Pinsir-Mega, M
|message|Pinsir has Mega Evolved into Mega Pinsir!
|-formechange|p1a: Homura|Aegislash
|move|p1a: Homura|King's Shield|p1a: Homura
|-singleturn|p1a: Homura|Protect
|move|p2a: Pinsir|Earthquake|p1a: Homura
|-activate|p1a: Homura|Protect
|
|turn|29
|
|move|p2a: Pinsir|Swords Dance|p2a: Pinsir
|-boost|p2a: Pinsir|atk|2
|-formechange|p1a: Homura|Aegislash-Blade
|move|p1a: Homura|Flash Cannon|p2a: Pinsir
|-damage|p2a: Pinsir|90\/271
|
|turn|30
|
|move|p1a: Homura|Shadow Sneak|p2a: Pinsir
|-damage|p2a: Pinsir|30\/271
|move|p2a: Pinsir|Earthquake|p1a: Homura
|-supereffective|p1a: Homura
|-damage|p1a: Homura|0 fnt
|faint|p1a: Homura
|
|
|switch|p1a: Q.B.|Sableye, M|285\/304
|-damage|p1a: Q.B.|247\/304|[from] Stealth Rock
|turn|31
|
|move|p1a: Q.B.|Will-O-Wisp|p2a: Pinsir
|-status|p2a: Pinsir|brn
|move|p2a: Pinsir|Earthquake|p1a: Q.B.
|-damage|p1a: Q.B.|90\/304
|
|-heal|p1a: Q.B.|109\/304|[from] item: Leftovers
|-damage|p2a: Pinsir|0 fnt|[from] brn
|faint|p2a: Pinsir
|
|switch|p2a: Celebi|Celebi|341\/341
|turn|32
|
|move|p1a: Q.B.|Taunt|p2a: Celebi
|-start|p2a: Celebi|move: Taunt
|cant|p2a: Celebi|move: Taunt|Trick
|
|-heal|p1a: Q.B.|128\/304|[from] item: Leftovers
|turn|33
|
|move|p2a: Celebi|Leaf Storm|p1a: Q.B.
|-damage|p1a: Q.B.|0 fnt
|-unboost|p2a: Celebi|spa|2
|faint|p1a: Q.B.
|
|
|switch|p1a: Kyoko|Mawile, F, shiny|303\/303
|-damage|p1a: Kyoko|285\/303|[from] Stealth Rock
|-ability|p1a: Kyoko|Intimidate|[of] p2a: Celebi
|-unboost|p2a: Celebi|atk|1
|turn|34
|
|detailschange|p1a: Kyoko|Mawile-Mega, F, shiny
|message|Mawile has Mega Evolved into Mega Mawile!
|move|p2a: Celebi|Leaf Storm|p1a: Kyoko
|-resisted|p1a: Kyoko
|-damage|p1a: Kyoko|232\/303
|-unboost|p2a: Celebi|spa|2
|move|p1a: Kyoko|Substitute|p1a: Kyoko
|-start|p1a: Kyoko|Substitute
|-damage|p1a: Kyoko|157\/303
|
|-end|p2a: Celebi|move: Taunt
|turn|35
|
|move|p1a: Kyoko|Sucker Punch|p2a: Celebi
|-supereffective|p2a: Celebi
|-damage|p2a: Celebi|0 fnt
|faint|p2a: Celebi
|
|
|switch|p2a: Excadrill|Excadrill, M|91\/361
|-ability|p2a: Excadrill|Mold Breaker
|turn|36
|
|move|p1a: Kyoko|Sucker Punch|p2a: Excadrill
|-damage|p2a: Excadrill|0 fnt
|faint|p2a: Excadrill
|
|win|sis puella magi!
|raw|Ladder updating...
|raw|sis puella magi!'s rating: 1683 &rarr; <strong>1694<\/strong><br \/>(+11 for winning)
|raw|sean1993's rating: 1508 &rarr; <strong>1497<\/strong><br \/>(-11 for losing)
|chat|sis puella magi!|gg
|leave|sean1993
|player|p2