|join|sean1993
|join|ldlc
|player|p1|sean1993|169
|player|p2|ldlc|138
|gametype|singles
|gen|6
|tier|OU
|rated
|clearpoke
|poke|p1|Infernape, F
|poke|p1|Azumarill, F
|poke|p1|Lucario, M
|poke|p1|Landorus, M
|poke|p1|Metagross
|poke|p1|Thundurus, M
|poke|p2|Serperior, M
|poke|p2|Heatran, M
|poke|p2|Diancie
|poke|p2|Gyarados, M
|poke|p2|Raikou
|poke|p2|Landorus-Therian, M
|rule|Swagger Clause: Swagger is banned
|rule|Baton Pass Clause: Limit one PokÃ©mon knowing Baton Pass
|rule|Sleep Clause Mod: Limit one foe put to sleep
|rule|Species Clause: Limit one of each PokÃ©mon
|rule|OHKO Clause: OHKO moves are banned
|rule|Moody Clause: Moody is banned
|rule|Evasion Moves Clause: Evasion moves are banned
|rule|Endless Battle Clause: Forcing endless battles is banned
|rule|HP Percentage Mod: HP is shown in percentages
|teampreview
|
|start
|switch|p1a: Infernape|Infernape, F|293\/293
|switch|p2a: Raikou|Raikou|320\/320
|-ability|p2a: Raikou|Pressure
|turn|1
|
|move|p2a: Raikou|Thunderbolt|p1a: Infernape
|-damage|p1a: Infernape|100\/293
|move|p1a: Infernape|Stealth Rock|p2a: Raikou
|-sidestart|p2: ldlc|move: Stealth Rock
|
|turn|2
|
|switch|p1a: Landorus|Landorus, M|320\/320
|move|p2a: Raikou|Thunderbolt|p1a: Landorus
|-immune|p1a: Landorus|[msg]
|
|turn|3
|
|move|p2a: Raikou|Hidden Power|p1a: Landorus
|-supereffective|p1a: Landorus
|-damage|p1a: Landorus|24\/320
|move|p1a: Landorus|Psychic|p2a: Raikou
|-damage|p2a: Raikou|204\/320
|
|turn|4
|
|switch|p1a: Thundurus|Thundurus, M|299\/299
|move|p2a: Raikou|Extrasensory|p1a: Thundurus
|-damage|p1a: Thundurus|198\/299
|
|turn|5
|
|move|p2a: Raikou|Thunderbolt|p1a: Thundurus
|-damage|p1a: Thundurus|30\/299
|move|p1a: Thundurus|Knock Off|p2a: Raikou
|-crit|p2a: Raikou
|-damage|p2a: Raikou|0 fnt
|-enditem|p2a: Raikou|Assault Vest|[from] move: Knock Off|[of] p1a: Thundurus
|-damage|p1a: Thundurus|1\/299|[from] item: Life Orb
|faint|p2a: Raikou
|
|
|switch|p2a: Serperior|Serperior, M|291\/291
|-damage|p2a: Serperior|255\/291|[from] Stealth Rock
|turn|6
|
|move|p2a: Serperior|Leaf Storm|p1a: Thundurus
|-resisted|p1a: Thundurus
|-damage|p1a: Thundurus|0 fnt
|-boost|p2a: Serperior|spa|2
|faint|p1a: Thundurus
|
|
|switch|p1a: Metagross|Metagross|301\/301
|turn|7
|
|detailschange|p1a: Metagross|Metagross-Mega
|-mega|p1a: Metagross|Metagross|Metagrossite
|move|p2a: Serperior|Hidden Power|p1a: Metagross
|-supereffective|p1a: Metagross
|-damage|p1a: Metagross|115\/301
|move|p1a: Metagross|Meteor Mash|p2a: Serperior
|-damage|p2a: Serperior|8\/291
|
|turn|8
|
|move|p1a: Metagross|Bullet Punch|p2a: Serperior
|-damage|p2a: Serperior|0 fnt
|faint|p2a: Serperior
|
|
|switch|p2a: Gyarados|Gyarados, M|353\/353
|-damage|p2a: Gyarados|265\/353|[from] Stealth Rock
|-ability|p2a: Gyarados|Intimidate|[of] p1a: Metagross
|-unboost|p1a: Metagross|atk|1
|turn|9
|
|move|p1a: Metagross|Thunder Punch|p2a: Gyarados
|-supereffective|p2a: Gyarados
|-damage|p2a: Gyarados|0 fnt
|faint|p2a: Gyarados
|
|
|switch|p2a: Landorus-Therian|Landorus-Therian, M|342\/342
|-damage|p2a: Landorus-Therian|300\/342|[from] Stealth Rock
|-ability|p2a: Landorus-Therian|Intimidate|[of] p1a: Metagross
|-unboost|p1a: Metagross|atk|1
|turn|10
|
|switch|p1a: Infernape|Infernape, F|100\/293
|move|p2a: Landorus-Therian|Earthquake|p1a: Infernape
|-supereffective|p1a: Infernape
|-damage|p1a: Infernape|0 fnt
|faint|p1a: Infernape
|
|
|switch|p1a: Azumarill|Azumarill, F|404\/404
|turn|11
|
|move|p1a: Azumarill|Aqua Jet|p2a: Landorus-Therian
|-supereffective|p2a: Landorus-Therian
|-damage|p2a: Landorus-Therian|102\/342
|move|p2a: Landorus-Therian|Earthquake|p1a: Azumarill
|-damage|p1a: Azumarill|191\/404
|-enditem|p1a: Azumarill|Sitrus Berry|[eat]
|-heal|p1a: Azumarill|292\/404|[from] item: Sitrus Berry
|
|turn|12
|
|move|p1a: Azumarill|Aqua Jet|p2a: Landorus-Therian
|-supereffective|p2a: Landorus-Therian
|-damage|p2a: Landorus-Therian|0 fnt
|faint|p2a: Landorus-Therian
|
|
|switch|p2a: Heatran|Heatran, M|386\/386
|-damage|p2a: Heatran|338\/386|[from] Stealth Rock
|turn|13
|
|switch|p1a: Metagross|Metagross-Mega|115\/301
|move|p2a: Heatran|Stealth Rock|p1a: Metagross
|-sidestart|p1: sean1993|move: Stealth Rock
|
|-heal|p2a: Heatran|362\/386|[from] item: Leftovers
|turn|14
|
|move|p1a: Metagross|Zen Headbutt|p2a: Heatran
|-resisted|p2a: Heatran
|-damage|p2a: Heatran|264\/386
|move|p2a: Heatran|Lava Plume|p1a: Metagross
|-crit|p1a: Metagross
|-supereffective|p1a: Metagross
|-damage|p1a: Metagross|0 fnt
|faint|p1a: Metagross
|
|-heal|p2a: Heatran|288\/386|[from] item: Leftovers
|
|switch|p1a: Lucario|Lucario, M|281\/281
|-damage|p1a: Lucario|273\/281|[from] Stealth Rock
|turn|15
|
|move|p1a: Lucario|Close Combat|p2a: Heatran
|-supereffective|p2a: Heatran
|-damage|p2a: Heatran|0 fnt
|-unboost|p1a: Lucario|def|1
|-unboost|p1a: Lucario|spd|1
|-damage|p1a: Lucario|245\/281|[from] item: Life Orb
|faint|p2a: Heatran
|
|
|switch|p2a: Diancie|Diancie|241\/241
|-damage|p2a: Diancie|211\/241|[from] Stealth Rock
|turn|16
|
|detailschange|p2a: Diancie|Diancie-Mega
|-mega|p2a: Diancie|Diancie|Diancite
|move|p2a: Diancie|Protect|p2a: Diancie
|-singleturn|p2a: Diancie|Protect
|move|p1a: Lucario|Close Combat|p2a: Diancie
|-activate|p2a: Diancie|Protect
|
|turn|17
|
|move|p1a: Lucario|Extreme Speed|p2a: Diancie
|-resisted|p2a: Diancie
|-damage|p2a: Diancie|159\/241
|-damage|p1a: Lucario|217\/281|[from] item: Life Orb
|move|p2a: Diancie|Moonblast|p1a: Lucario
|-damage|p1a: Lucario|0 fnt
|faint|p1a: Lucario
|
|
|switch|p1a: Azumarill|Azumarill, F|292\/404
|-damage|p1a: Azumarill|242\/404|[from] Stealth Rock
|turn|18
|
|move|p1a: Azumarill|Aqua Jet|p2a: Diancie
|-supereffective|p2a: Diancie
|-damage|p2a: Diancie|0 fnt
|faint|p2a: Diancie
|
|win|sean1993
|raw|Ladder updating...
|raw|sean1993's rating: 1547 &rarr; <strong>1562<\/strong><br \/>(+15 for winning)
|raw|ldlc's rating: 1441 &rarr; <strong>1427<\/strong><br \/>(-14 for losing)