|join|Gouda
|join|sean1993
|player|p1|Gouda|163
|player|p2|sean1993|101
|gametype|singles
|tier|OU
|rated
|rule|Evasion Abilities Clause: Evasion abilities are banned
|clearpoke
|poke|p1|Ferrothorn, F
|poke|p1|Smeargle, M
|poke|p1|Conkeldurr, M
|poke|p1|Reuniclus, M
|poke|p1|Heatran, F
|poke|p1|Donphan, F
|poke|p2|Keldeo
|poke|p2|Gengar, M
|poke|p2|Weavile, F
|poke|p2|Breloom, M
|poke|p2|Garchomp, M
|poke|p2|Scizor, F
|rule|Sleep Clause Mod: Limit one foe put to sleep
|rule|Species Clause: Limit one of each Pokemon
|rule|OHKO Clause: OHKO moves are banned
|rule|Moody Clause: Moody is banned
|rule|Evasion Moves Clause: Evasion moves are banned
|rule|HP Percentage Mod: HP is reported as percentages
|teampreview
|callback|decision
|
|start
|switch|p1a: Smeargle|Smeargle, M|314\/314
|switch|p2a: Gengar|Gengar, M|261\/261
|turn|1
|callback|decision
|
|move|p2a: Gengar|Substitute|p2a: Gengar
|-start|p2a: Gengar|Substitute
|-damage|p2a: Gengar|196\/261
|move|p1a: Smeargle|Trick Room|p1a: Smeargle
|-fieldstart|move: Trick Room|[of] p1a: Smeargle
|
|turn|2
|callback|decision
|
|move|p1a: Smeargle|U-turn|p2a: Gengar
|-resisted|p2a: Gengar
|-activate|p2a: Gengar|Substitute|[damage]
|callback|decision
|
|switch|p1a: Ferrothorn|Ferrothorn, F|352\/352
|move|p2a: Gengar|Sludge Bomb|p1a: Ferrothorn
|-immune|p1a: Ferrothorn|[msg]
|
|turn|3
|callback|decision
|
|move|p1a: Ferrothorn|Gyro Ball|p2a: Gengar
|-end|p2a: Gengar|Substitute
|move|p2a: Gengar|Thunderbolt|p1a: Ferrothorn
|-resisted|p1a: Ferrothorn
|-damage|p1a: Ferrothorn|305\/352
|
|turn|4
|callback|decision
|
|switch|p2a: Scizor|Scizor, F|331\/331
|move|p1a: Ferrothorn|Gyro Ball|p2a: Scizor
|-crit|p2a: Scizor
|-resisted|p2a: Scizor
|-damage|p2a: Scizor|55\/331
|
|-heal|p2a: Scizor|75\/331|[from] item: Leftovers
|turn|5
|callback|decision
|
|move|p1a: Ferrothorn|Gyro Ball|p2a: Scizor
|-resisted|p2a: Scizor
|-damage|p2a: Scizor|0 fnt
|faint|p2a: Scizor
|
|-fieldend|move: Trick Room
|callback|decision
|
|switch|p2a: Garchomp|Garchomp, M|358\/358
|turn|6
|callback|decision
|
|move|p2a: Garchomp|Stealth Rock|p1a: Ferrothorn
|-sidestart|p1: Gouda|move: Stealth Rock
|move|p1a: Ferrothorn|Gyro Ball|p2a: Garchomp
|-damage|p2a: Garchomp|21\/358
|-damage|p1a: Ferrothorn|261\/352|[from] ability: Rough Skin|[of] p2a: Garchomp
|
|turn|7
|callback|decision
|
|switch|p1a: Donphan|Donphan, F|384\/384
|-damage|p1a: Donphan|360\/384|[from] Stealth Rock
|move|p2a: Garchomp|Fire Blast|p1a: Donphan
|-damage|p1a: Donphan|254\/384
|
|-heal|p1a: Donphan|278\/384|[from] item: Leftovers
|turn|8
|callback|decision
|
|move|p2a: Garchomp|Earthquake|p1a: Donphan
|-damage|p1a: Donphan|136\/384
|move|p1a: Donphan|Stealth Rock|p2a: Garchomp
|-sidestart|p2: sean1993|move: Stealth Rock
|
|-heal|p1a: Donphan|160\/384|[from] item: Leftovers
|turn|9
|callback|decision
|
|move|p2a: Garchomp|Earthquake|p1a: Donphan
|-damage|p1a: Donphan|9\/384
|move|p1a: Donphan|Rapid Spin|p2a: Garchomp
|-damage|p2a: Garchomp|0 fnt
|-damage|p1a: Donphan|0 fnt|[from] ability: Rough Skin|[of] p2a: Garchomp
|faint|p2a: Garchomp
|faint|p1a: Donphan
|
|callback|decision
|
|switch|p2a: Breloom|Breloom, M|289\/289
|-damage|p2a: Breloom|271\/289|[from] Stealth Rock
|switch|p1a: Smeargle|Smeargle, M|314\/314
|-damage|p1a: Smeargle|275\/314|[from] Stealth Rock
|turn|10
|callback|decision
|
|move|p2a: Breloom|Mach Punch|p1a: Smeargle
|-enditem|p2a: Breloom|Fighting Gem|[from] gem|[move] Mach Punch
|-supereffective|p1a: Smeargle
|-damage|p1a: Smeargle|0 fnt
|faint|p1a: Smeargle
|
|callback|decision
|
|switch|p1a: Conkeldurr|Conkeldurr, M|414\/414
|-damage|p1a: Conkeldurr|389\/414|[from] Stealth Rock
|turn|11
|callback|decision
|
|move|p2a: Breloom|Spore|p1a: Conkeldurr
|-status|p1a: Conkeldurr|slp
|cant|p1a: Conkeldurr|slp
|
|turn|12
|callback|decision
|
|-singleturn|p2a: Breloom|move: Focus Punch
|cant|p1a: Conkeldurr|slp
|move|p2a: Breloom|Focus Punch|p1a: Conkeldurr
|-damage|p1a: Conkeldurr|71\/414 slp
|
|turn|13
|callback|decision
|
|move|p2a: Breloom|Mach Punch|p1a: Conkeldurr
|-damage|p1a: Conkeldurr|0 fnt
|faint|p1a: Conkeldurr
|
|callback|decision
|
|switch|p1a: Reuniclus|Reuniclus, M|424\/424
|turn|14
|callback|decision
|
|move|p2a: Breloom|Spore|p1a: Reuniclus
|-status|p1a: Reuniclus|slp
|cant|p1a: Reuniclus|slp
|
|turn|15
|callback|decision
|
|switch|p2a: Weavile|Weavile, F|289\/289
|-damage|p2a: Weavile|217\/289|[from] Stealth Rock
|-ability|p2a: Weavile|Pressure
|switch|p1a: Ferrothorn|Ferrothorn, F|261\/352
|-damage|p1a: Ferrothorn|239\/352|[from] Stealth Rock
|
|turn|16
|callback|decision
|
|move|p2a: Weavile|Low Kick|p1a: Ferrothorn
|-supereffective|p1a: Ferrothorn
|-damage|p1a: Ferrothorn|13\/352
|-damage|p2a: Weavile|181\/289|[from] ability: Iron Barbs|[of] p1a: Ferrothorn
|-damage|p2a: Weavile|153\/289|[from] item: Life Orb
|move|p1a: Ferrothorn|Gyro Ball|p2a: Weavile
|-supereffective|p2a: Weavile
|-damage|p2a: Weavile|0 fnt
|faint|p2a: Weavile
|
|callback|decision
|
|switch|p2a: Gengar|Gengar, M|196\/261
|-damage|p2a: Gengar|164\/261|[from] Stealth Rock
|turn|17
|callback|decision
|
|move|p2a: Gengar|Shadow Ball|p1a: Ferrothorn
|-crit|p1a: Ferrothorn
|-resisted|p1a: Ferrothorn
|-damage|p1a: Ferrothorn|0 fnt
|faint|p1a: Ferrothorn
|
|callback|decision
|
|switch|p1a: Heatran|Heatran, F|386\/386
|-damage|p1a: Heatran|338\/386|[from] Stealth Rock
|turn|18
|callback|decision
|
|move|p2a: Gengar|Thunderbolt|p1a: Heatran
|-damage|p1a: Heatran|226\/386
|move|p1a: Heatran|Heat Wave|p2a: Gengar
|-damage|p2a: Gengar|0 fnt
|-damage|p1a: Heatran|188\/386|[from] item: Life Orb
|faint|p2a: Gengar
|
|callback|decision
|
|switch|p2a: Keldeo|Keldeo|323\/323
|-damage|p2a: Keldeo|303\/323|[from] Stealth Rock
|turn|19
|callback|decision
|
|move|p2a: Keldeo|Hydro Pump|p1a: Heatran|[miss]
|-miss|p2a: Keldeo|p1a: Heatran
|move|p1a: Heatran|Dragon Pulse|p2a: Keldeo
|-damage|p2a: Keldeo|144\/323
|-damage|p1a: Heatran|150\/386|[from] item: Life Orb
|
|turn|20
|callback|decision
|
|move|p2a: Keldeo|Hydro Pump|p1a: Heatran
|-supereffective|p1a: Heatran
|-damage|p1a: Heatran|0 fnt
|faint|p1a: Heatran
|
|callback|decision
|
|switch|p1a: Reuniclus|Reuniclus, M|424\/424 slp
|turn|21
|callback|decision
|
|move|p2a: Keldeo|Hydro Pump|p1a: Reuniclus
|-damage|p1a: Reuniclus|193\/424 slp
|cant|p1a: Reuniclus|slp
|
|turn|22
|callback|decision
|
|move|p2a: Keldeo|Hydro Pump|p1a: Reuniclus|[miss]
|-miss|p2a: Keldeo|p1a: Reuniclus
|-curestatus|p1a: Reuniclus|slp
|move|p1a: Reuniclus|Trick Room|p1a: Reuniclus
|-fieldstart|move: Trick Room|[of] p1a: Reuniclus
|
|turn|23
|callback|decision
|chat|Gouda|gg
|
|move|p1a: Reuniclus|Psychic|p2a: Keldeo
|-supereffective|p2a: Keldeo
|-damage|p2a: Keldeo|0 fnt
|faint|p2a: Keldeo
|
|callback|decision
|
|switch|p2a: Breloom|Breloom, M|271\/289
|-damage|p2a: Breloom|253\/289|[from] Stealth Rock
|turn|24
|callback|decision
|
|move|p1a: Reuniclus|Psychic|p2a: Breloom
|-supereffective|p2a: Breloom
|-damage|p2a: Breloom|0 fnt
|faint|p2a: Breloom
|
|win|Gouda
|raw|Ladder updating...
|raw|Gouda's rating: 1760 &rarr; <strong>1764<\/strong><br \/>(+4 for winning)
|raw|sean1993's rating: 1731 &rarr; <strong>1728<\/strong><br \/>(-3 for losing)