|join|sean1993
|join|Elusive-Death
|player|p1|sean1993|1
|player|p2|Elusive-Death|2
|gametype|singles
|tier|OU
|rated
|rule|Evasion Abilities Clause: Evasion abilities are banned
|clearpoke
|poke|p1|Keldeo
|poke|p1|Gengar, F
|poke|p1|Weavile, F
|poke|p1|Breloom, F
|poke|p1|Garchomp, F
|poke|p1|Scizor, F
|poke|p2|Sharpedo, F
|poke|p2|Politoed, M
|poke|p2|Keldeo
|poke|p2|Blastoise, M
|poke|p2|Toxicroak, M
|poke|p2|Thundurus-Therian, M
|rule|Sleep Clause Mod: Limit one foe put to sleep
|rule|Species Clause: Limit one of each Pokemon
|rule|OHKO Clause: OHKO moves are banned
|rule|Moody Clause: Moody is banned
|rule|Evasion Moves Clause: Evasion moves are banned
|rule|HP Percentage Mod: HP is reported as percentages
|teampreview
|callback|decision
|
|start
|switch|p1a: Breloom|Breloom, F|289\/289
|switch|p2a: Politoed|Politoed, M|384\/384
|-weather|RainDance|[from] ability: Drizzle|[of] p2a: Politoed
|turn|1
|callback|decision
|
|move|p1a: Breloom|Bullet Seed|p2a: Politoed
|-supereffective|p2a: Politoed
|-damage|p2a: Politoed|264\/384
|-supereffective|p2a: Politoed
|-damage|p2a: Politoed|144\/384
|-supereffective|p2a: Politoed
|-damage|p2a: Politoed|6\/384
|-hitcount|p2a: Politoed|3
|move|p2a: Politoed|Ice Beam|p1a: Breloom
|-supereffective|p1a: Breloom
|-damage|p1a: Breloom|89\/289
|
|-weather|RainDance|[upkeep]
|-heal|p2a: Politoed|30\/384|[from] item: Leftovers
|turn|2
|callback|decision
|
|move|p1a: Breloom|Bullet Seed|p2a: Politoed
|-supereffective|p2a: Politoed
|-damage|p2a: Politoed|0 fnt
|-hitcount|p2a: Politoed|1
|faint|p2a: Politoed
|
|-weather|RainDance|[upkeep]
|callback|decision
|
|switch|p2a: Sharpedo|Sharpedo, F|281\/281
|turn|3
|callback|decision
|
|move|p2a: Sharpedo|Aqua Jet|p1a: Breloom
|-resisted|p1a: Breloom
|-damage|p1a: Breloom|10\/289
|-damage|p2a: Sharpedo|253\/281|[from] item: Life Orb
|move|p1a: Breloom|Bullet Seed|p2a: Sharpedo
|-crit|p2a: Sharpedo
|-supereffective|p2a: Sharpedo
|-damage|p2a: Sharpedo|0 fnt
|-hitcount|p2a: Sharpedo|1
|faint|p2a: Sharpedo
|
|-weather|RainDance|[upkeep]
|callback|decision
|
|switch|p2a: Toxicroak|Toxicroak, M|370\/370
|turn|4
|callback|decision
|
|move|p2a: Toxicroak|Sucker Punch|p1a: Breloom
|-fail|p1a: Breloom
|move|p1a: Breloom|Spore|p2a: Toxicroak
|-status|p2a: Toxicroak|slp
|
|-weather|RainDance|[upkeep]
|turn|5
|callback|decision
|
|-singleturn|p1a: Breloom|move: Focus Punch
|switch|p2a: Thundurus-Therian|Thundurus-Therian, M|300\/300
|move|p1a: Breloom|Focus Punch|p2a: Thundurus-Therian
|-enditem|p1a: Breloom|Fighting Gem|[from] gem|[move] Focus Punch
|-resisted|p2a: Thundurus-Therian
|-damage|p2a: Thundurus-Therian|11\/300
|
|-weather|RainDance|[upkeep]
|turn|6
|callback|decision
|
|move|p1a: Breloom|Mach Punch|p2a: Thundurus-Therian
|-resisted|p2a: Thundurus-Therian
|-damage|p2a: Thundurus-Therian|0 fnt
|faint|p2a: Thundurus-Therian
|
|-weather|RainDance|[upkeep]
|callback|decision
|
|switch|p2a: Blastoise|Blastoise, M|362\/362
|turn|7
|callback|decision
|
|move|p1a: Breloom|Bullet Seed|p2a: Blastoise
|-supereffective|p2a: Blastoise
|-damage|p2a: Blastoise|212\/362
|-supereffective|p2a: Blastoise
|-damage|p2a: Blastoise|68\/362
|-supereffective|p2a: Blastoise
|-damage|p2a: Blastoise|0 fnt
|-hitcount|p2a: Blastoise|3
|faint|p2a: Blastoise
|
|-weather|RainDance|[upkeep]
|callback|decision
|
|switch|p2a: Keldeo|Keldeo|323\/323
|turn|8
|callback|decision
|
|move|p1a: Breloom|Mach Punch|p2a: Keldeo
|-damage|p2a: Keldeo|203\/323
|move|p2a: Keldeo|Icy Wind|p1a: Breloom
|-supereffective|p1a: Breloom
|-damage|p1a: Breloom|0 fnt
|faint|p1a: Breloom
|
|-weather|RainDance|[upkeep]
|-heal|p2a: Keldeo|223\/323|[from] item: Leftovers
|callback|decision
|
|switch|p1a: Keldeo|Keldeo|323\/323
|turn|9
|callback|decision
|
|move|p1a: Keldeo|Hidden Power|p2a: Keldeo
|-supereffective|p2a: Keldeo
|-damage|p2a: Keldeo|53\/323
|move|p2a: Keldeo|Hidden Power|p1a: Keldeo
|-crit|p1a: Keldeo
|-supereffective|p1a: Keldeo
|-damage|p1a: Keldeo|0 fnt
|faint|p1a: Keldeo
|
|-weather|RainDance|[upkeep]
|-heal|p2a: Keldeo|73\/323|[from] item: Leftovers
|callback|decision
|
|switch|p1a: Scizor|Scizor, F|331\/331
|turn|10
|callback|decision
|
|move|p1a: Scizor|Bullet Punch|p2a: Keldeo
|-crit|p2a: Keldeo
|-resisted|p2a: Keldeo
|-damage|p2a: Keldeo|0 fnt
|faint|p2a: Keldeo
|
|-weather|RainDance|[upkeep]
|callback|decision
|
|switch|p2a: Toxicroak|Toxicroak, M|370\/370 slp
|turn|11
|callback|decision
|
|cant|p2a: Toxicroak|slp
|move|p1a: Scizor|Swords Dance|p1a: Scizor
|-boost|p1a: Scizor|atk|2
|
|-weather|RainDance|[upkeep]
|turn|12
|callback|decision
|
|-curestatus|p2a: Toxicroak|slp
|move|p2a: Toxicroak|Drain Punch|p1a: Scizor
|-damage|p1a: Scizor|163\/331
|-damage|p2a: Toxicroak|333\/370|[from] item: Life Orb
|move|p1a: Scizor|Bug Bite|p2a: Toxicroak
|-resisted|p2a: Toxicroak
|-damage|p2a: Toxicroak|209\/370
|
|-weather|RainDance|[upkeep]
|-heal|p2a: Toxicroak|255\/370|[from] ability: Dry Skin
|-heal|p1a: Scizor|183\/331|[from] item: Leftovers
|turn|13
|callback|decision
|
|move|p1a: Scizor|Bullet Punch|p2a: Toxicroak
|-damage|p2a: Toxicroak|0 fnt
|faint|p2a: Toxicroak
|
|win|sean1993
|raw|Ladder updating...
|raw|sean1993's rating: 1772 &rarr; <strong>1774<\/strong><br \/>(+2 for winning)
|raw|Elusive-Death's rating: 1678 &rarr; <strong>1670<\/strong><br \/>(-8 for losing)
|leave|Elusive-Death
|player|p2