|join|sean1993
|join|Hogback_fosh_men
|player|p1|sean1993|1
|player|p2|Hogback_fosh_men|102
|gametype|singles
|tier|OU
|rated
|rule|Evasion Abilities Clause: Evasion abilities are banned
|clearpoke
|poke|p1|Keldeo
|poke|p1|Gengar, M
|poke|p1|Weavile, M
|poke|p1|Breloom, F
|poke|p1|Garchomp, F
|poke|p1|Scizor, M
|poke|p2|Skarmory, M
|poke|p2|Jellicent, F
|poke|p2|Mienshao, F, shiny
|poke|p2|Heatran, M
|poke|p2|Mew
|poke|p2|Salamence, F
|rule|Sleep Clause Mod: Limit one foe put to sleep
|rule|Species Clause: Limit one of each Pokemon
|rule|OHKO Clause: OHKO moves are banned
|rule|Moody Clause: Moody is banned
|rule|Evasion Moves Clause: Evasion moves are banned
|rule|HP Percentage Mod: HP is reported as percentages
|teampreview
|callback|decision
|
|start
|switch|p1a: Garchomp|Garchomp, F|358\/358
|switch|p2a: Skarmory|Skarmory, M|334\/334
|turn|1
|callback|decision
|
|move|p1a: Garchomp|Stealth Rock|p2a: Skarmory
|-sidestart|p2: Hogback_fosh_men|move: Stealth Rock
|move|p2a: Skarmory|Stealth Rock|p1a: Garchomp
|-sidestart|p1: sean1993|move: Stealth Rock
|
|turn|2
|callback|decision
|
|move|p1a: Garchomp|Fire Blast|p2a: Skarmory
|-supereffective|p2a: Skarmory
|-damage|p2a: Skarmory|176\/334
|move|p2a: Skarmory|Spikes|p1a: Garchomp
|-sidestart|p1: sean1993|Spikes
|
|-heal|p2a: Skarmory|196\/334|[from] item: Leftovers
|turn|3
|callback|decision
|
|move|p1a: Garchomp|Fire Blast|p2a: Skarmory
|-supereffective|p2a: Skarmory
|-damage|p2a: Skarmory|34\/334
|move|p2a: Skarmory|Spikes|p1a: Garchomp
|-sidestart|p1: sean1993|Spikes
|
|-heal|p2a: Skarmory|54\/334|[from] item: Leftovers
|turn|4
|callback|decision
|
|move|p1a: Garchomp|Fire Blast|p2a: Skarmory
|-supereffective|p2a: Skarmory
|-damage|p2a: Skarmory|0 fnt
|faint|p2a: Skarmory
|
|callback|decision
|
|switch|p2a: Jellicent|Jellicent, F|404\/404
|-damage|p2a: Jellicent|354\/404|[from] Stealth Rock
|turn|5
|callback|decision
|
|switch|p1a: Breloom|Breloom, F|289\/289
|-damage|p1a: Breloom|271\/289|[from] Stealth Rock
|-damage|p1a: Breloom|223\/289|[from] Spikes
|move|p2a: Jellicent|Will-O-Wisp|p1a: Breloom
|-status|p1a: Breloom|brn
|
|-heal|p2a: Jellicent|379\/404|[from] item: Leftovers
|-damage|p1a: Breloom|187\/289 brn|[from] brn
|turn|6
|callback|decision
|
|move|p1a: Breloom|Bullet Seed|p2a: Jellicent
|-supereffective|p2a: Jellicent
|-damage|p2a: Jellicent|311\/404
|-crit|p2a: Jellicent
|-supereffective|p2a: Jellicent
|-damage|p2a: Jellicent|161\/404
|-supereffective|p2a: Jellicent
|-damage|p2a: Jellicent|95\/404
|-hitcount|p2a: Jellicent|3
|move|p2a: Jellicent|Recover|p2a: Jellicent
|-heal|p2a: Jellicent|297\/404
|
|-heal|p2a: Jellicent|322\/404|[from] item: Leftovers
|-damage|p1a: Breloom|151\/289 brn|[from] brn
|turn|7
|callback|decision
|
|move|p1a: Breloom|Bullet Seed|p2a: Jellicent
|-supereffective|p2a: Jellicent
|-damage|p2a: Jellicent|250\/404
|-supereffective|p2a: Jellicent
|-damage|p2a: Jellicent|178\/404
|-supereffective|p2a: Jellicent
|-damage|p2a: Jellicent|106\/404
|-supereffective|p2a: Jellicent
|-damage|p2a: Jellicent|32\/404
|-hitcount|p2a: Jellicent|4
|move|p2a: Jellicent|Recover|p2a: Jellicent
|-heal|p2a: Jellicent|234\/404
|
|-heal|p2a: Jellicent|259\/404|[from] item: Leftovers
|-damage|p1a: Breloom|115\/289 brn|[from] brn
|turn|8
|callback|decision
|
|switch|p2a: Heatran|Heatran, M|355\/355
|-damage|p2a: Heatran|311\/355|[from] Stealth Rock
|move|p1a: Breloom|Bullet Seed|p2a: Heatran
|-resisted|p2a: Heatran
|-damage|p2a: Heatran|303\/355
|-resisted|p2a: Heatran
|-damage|p2a: Heatran|294\/355
|-hitcount|p2a: Heatran|2
|
|-heal|p2a: Heatran|316\/355|[from] item: Leftovers
|-damage|p1a: Breloom|79\/289 brn|[from] brn
|turn|9
|callback|decision
|
|switch|p2a: Jellicent|Jellicent, F|259\/404
|-damage|p2a: Jellicent|209\/404|[from] Stealth Rock
|switch|p1a: Garchomp|Garchomp, F|358\/358
|-damage|p1a: Garchomp|299\/358|[from] Spikes
|-damage|p1a: Garchomp|277\/358|[from] Stealth Rock
|
|-heal|p2a: Jellicent|234\/404|[from] item: Leftovers
|turn|10
|callback|decision
|
|switch|p1a: Scizor|Scizor, M|331\/331
|-damage|p1a: Scizor|290\/331|[from] Stealth Rock
|-damage|p1a: Scizor|235\/331|[from] Spikes
|move|p2a: Jellicent|Recover|p2a: Jellicent
|-heal|p2a: Jellicent|404\/404
|
|turn|11
|callback|decision
|
|move|p1a: Scizor|Bug Bite|p2a: Jellicent
|-resisted|p2a: Jellicent
|-damage|p2a: Jellicent|321\/404
|move|p2a: Jellicent|Will-O-Wisp|p1a: Scizor|[miss]
|-miss|p2a: Jellicent|p1a: Scizor
|
|-heal|p2a: Jellicent|346\/404|[from] item: Leftovers
|turn|12
|callback|decision
|
|switch|p1a: Breloom|Breloom, F|79\/289 brn
|-damage|p1a: Breloom|61\/289 brn|[from] Stealth Rock
|-damage|p1a: Breloom|13\/289 brn|[from] Spikes
|move|p2a: Jellicent|Scald|p1a: Breloom
|-resisted|p1a: Breloom
|-damage|p1a: Breloom|0 fnt
|faint|p1a: Breloom
|
|-heal|p2a: Jellicent|371\/404|[from] item: Leftovers
|callback|decision
|
|switch|p1a: Gengar|Gengar, M|261\/261
|-damage|p1a: Gengar|229\/261|[from] Stealth Rock
|turn|13
|callback|decision
|
|switch|p2a: Heatran|Heatran, M|316\/355
|-damage|p2a: Heatran|272\/355|[from] Stealth Rock
|move|p1a: Gengar|Substitute|p1a: Gengar
|-start|p1a: Gengar|Substitute
|-damage|p1a: Gengar|164\/261
|
|-heal|p2a: Heatran|294\/355|[from] item: Leftovers
|turn|14
|callback|decision
|
|move|p1a: Gengar|Thunderbolt|p2a: Heatran
|-crit|p2a: Heatran
|-damage|p2a: Heatran|65\/355
|move|p2a: Heatran|Roar|p1a: Gengar
|drag|p1a: Scizor|Scizor, M|235\/331
|-damage|p1a: Scizor|194\/331|[from] Stealth Rock
|-damage|p1a: Scizor|139\/331|[from] Spikes
|
|-heal|p2a: Heatran|87\/355|[from] item: Leftovers
|turn|15
|callback|decision
|
|move|p2a: Heatran|Fire Blast|p1a: Scizor
|-supereffective|p1a: Scizor
|-damage|p1a: Scizor|0 fnt
|faint|p1a: Scizor
|
|-heal|p2a: Heatran|109\/355|[from] item: Leftovers
|callback|decision
|
|switch|p1a: Garchomp|Garchomp, F|277\/358
|-damage|p1a: Garchomp|218\/358|[from] Spikes
|-damage|p1a: Garchomp|196\/358|[from] Stealth Rock
|turn|16
|callback|decision
|
|move|p1a: Garchomp|Dual Chop|p2a: Heatran
|-resisted|p2a: Heatran
|-damage|p2a: Heatran|74\/355
|-resisted|p2a: Heatran
|-damage|p2a: Heatran|42\/355
|-hitcount|p2a: Heatran|2
|move|p2a: Heatran|Fire Blast|p1a: Garchomp
|-resisted|p1a: Garchomp
|-damage|p1a: Garchomp|70\/358
|
|-heal|p2a: Heatran|64\/355|[from] item: Leftovers
|turn|17
|callback|decision
|
|move|p1a: Garchomp|Earthquake|p2a: Heatran
|-supereffective|p2a: Heatran
|-damage|p2a: Heatran|0 fnt
|faint|p2a: Heatran
|
|callback|decision
|
|switch|p2a: Mew|Mew|404\/404
|-damage|p2a: Mew|354\/404|[from] Stealth Rock
|turn|18
|callback|decision
|
|move|p1a: Garchomp|Earthquake|p2a: Mew
|-damage|p2a: Mew|186\/404
|move|p2a: Mew|Psychic|p1a: Garchomp
|-crit|p1a: Garchomp
|-damage|p1a: Garchomp|0 fnt
|faint|p1a: Garchomp
|
|-heal|p2a: Mew|211\/404|[from] item: Leftovers
|callback|decision
|
|switch|p1a: Weavile|Weavile, M|289\/289
|-damage|p1a: Weavile|217\/289|[from] Stealth Rock
|-damage|p1a: Weavile|169\/289|[from] Spikes
|-ability|p1a: Weavile|Pressure
|turn|19
|callback|decision
|
|move|p1a: Weavile|Pursuit|p2a: Mew
|-supereffective|p2a: Mew
|-damage|p2a: Mew|45\/404
|-damage|p1a: Weavile|141\/289|[from] item: Life Orb
|move|p2a: Mew|Iron Defense|p2a: Mew
|-boost|p2a: Mew|def|2
|
|-heal|p2a: Mew|70\/404|[from] item: Leftovers
|turn|20
|callback|decision
|
|move|p1a: Weavile|Pursuit|p2a: Mew
|-supereffective|p2a: Mew
|-damage|p2a: Mew|0 fnt
|-damage|p1a: Weavile|113\/289|[from] item: Life Orb
|faint|p2a: Mew
|
|callback|decision
|
|switch|p2a: Mienshao|Mienshao, F, shiny|272\/272
|-damage|p2a: Mienshao|255\/272|[from] Stealth Rock
|turn|21
|callback|decision
|
|switch|p1a: Gengar|Gengar, M|164\/261
|-damage|p1a: Gengar|132\/261|[from] Stealth Rock
|move|p2a: Mienshao|U-turn|p1a: Gengar
|-resisted|p1a: Gengar
|-damage|p1a: Gengar|97\/261
|callback|decision
|
|switch|p2a: Jellicent|Jellicent, F|371\/404
|-damage|p2a: Jellicent|321\/404|[from] Stealth Rock
|
|-heal|p2a: Jellicent|346\/404|[from] item: Leftovers
|turn|22
|callback|decision
|
|move|p1a: Gengar|Shadow Ball|p2a: Jellicent
|-supereffective|p2a: Jellicent
|-damage|p2a: Jellicent|70\/404
|-unboost|p2a: Jellicent|spd|1
|move|p2a: Jellicent|Shadow Ball|p1a: Gengar
|-supereffective|p1a: Gengar
|-damage|p1a: Gengar|0 fnt
|faint|p1a: Gengar
|
|-heal|p2a: Jellicent|95\/404|[from] item: Leftovers
|callback|decision
|
|switch|p1a: Weavile|Weavile, M|113\/289
|-damage|p1a: Weavile|41\/289|[from] Stealth Rock
|-damage|p1a: Weavile|0 fnt|[from] Spikes
|faint|p1a: Weavile
|callback|decision
|
|switch|p1a: Keldeo|Keldeo|323\/323
|-damage|p1a: Keldeo|270\/323|[from] Spikes
|-damage|p1a: Keldeo|250\/323|[from] Stealth Rock
|turn|23
|callback|decision
|
|move|p1a: Keldeo|Hydro Pump|p2a: Jellicent
|-heal|p2a: Jellicent|196\/404|[from] ability: Water Absorb|[of] p1a: Keldeo
|move|p2a: Jellicent|Recover|p2a: Jellicent
|-heal|p2a: Jellicent|398\/404
|
|-heal|p2a: Jellicent|404\/404|[from] item: Leftovers
|turn|24
|callback|decision
|-message|sean1993 forfeited.
|
|win|Hogback_fosh_men
|raw|Ladder updating...
|leave|sean1993
|player|p1
|raw|sean1993's rating: 1772 &rarr; <strong>1769<\/strong><br \/>(-3 for losing)
|raw|Hogback_fosh_men's rating: 1850 &rarr; <strong>1853<\/strong><br \/>(+3 for winning)