|join|Gussy
|join|sean1993
|player|p1|Gussy|2
|player|p2|sean1993|169
|gametype|singles
|tier|OU
|rated
|rule|Evasion Abilities Clause: Evasion abilities are banned
|clearpoke
|poke|p1|Skarmory, F
|poke|p1|Dragonite, F
|poke|p1|Kyurem-Black
|poke|p1|Latios, M
|poke|p1|Terrakion
|poke|p1|Keldeo
|poke|p2|Keldeo
|poke|p2|Gengar, F
|poke|p2|Weavile, M
|poke|p2|Breloom, F
|poke|p2|Garchomp, F
|poke|p2|Scizor, F
|rule|Sleep Clause Mod: Limit one foe put to sleep
|rule|Species Clause: Limit one of each Pokemon
|rule|OHKO Clause: OHKO moves are banned
|rule|Moody Clause: Moody is banned
|rule|Evasion Moves Clause: Evasion moves are banned
|rule|HP Percentage Mod: HP is reported as percentages
|teampreview
|callback|decision
|
|start
|switch|p1a: Skarmory|Skarmory, F|240\/240
|switch|p2a: Garchomp|Garchomp, F|358\/358
|turn|1
|callback|decision
|
|move|p2a: Garchomp|Fire Blast|p1a: Skarmory
|-supereffective|p1a: Skarmory
|-damage|p1a: Skarmory|10\/240
|move|p1a: Skarmory|Stealth Rock|p2a: Garchomp
|-sidestart|p2: sean1993|move: Stealth Rock
|
|turn|2
|callback|decision
|-enditem|p1a: Skarmory|Custap Berry|[eat]
|-activate|p1a: Skarmory|Custap Berry
|
|move|p1a: Skarmory|Spikes|p2a: Garchomp
|-sidestart|p2: sean1993|Spikes
|move|p2a: Garchomp|Fire Blast|p1a: Skarmory
|-supereffective|p1a: Skarmory
|-damage|p1a: Skarmory|0 fnt
|faint|p1a: Skarmory
|
|callback|decision
|
|switch|p1a: Latios|Latios, M|304\/304
|turn|3
|callback|decision
|
|move|p1a: Latios|Draco Meteor|p2a: Garchomp
|-supereffective|p2a: Garchomp
|-enditem|p2a: Garchomp|Focus Sash
|-damage|p2a: Garchomp|1\/358
|-unboost|p1a: Latios|spa|2
|-damage|p1a: Latios|274\/304|[from] item: Life Orb
|move|p2a: Garchomp|Outrage|p1a: Latios
|-supereffective|p1a: Latios
|-damage|p1a: Latios|0 fnt
|faint|p1a: Latios
|
|callback|decision
|
|switch|p1a: Keldeo|Keldeo|323\/323
|turn|4
|callback|decision
|
|move|p1a: Keldeo|Surf|p2a: Garchomp
|-damage|p2a: Garchomp|0 fnt
|-damage|p1a: Keldeo|291\/323|[from] item: Life Orb
|faint|p2a: Garchomp
|
|callback|decision
|
|switch|p2a: Keldeo|Keldeo|323\/323
|-damage|p2a: Keldeo|283\/323|[from] Spikes
|-damage|p2a: Keldeo|263\/323|[from] Stealth Rock
|turn|5
|callback|decision
|
|move|p2a: Keldeo|Secret Sword|p1a: Keldeo
|-damage|p1a: Keldeo|116\/323
|move|p1a: Keldeo|Secret Sword|p2a: Keldeo
|-damage|p2a: Keldeo|59\/323
|-damage|p1a: Keldeo|84\/323|[from] item: Life Orb
|
|turn|6
|callback|decision
|
|move|p2a: Keldeo|Secret Sword|p1a: Keldeo
|-crit|p1a: Keldeo
|-damage|p1a: Keldeo|0 fnt
|faint|p1a: Keldeo
|
|callback|decision
|
|switch|p1a: Terrakion|Terrakion|324\/324
|turn|7
|callback|decision
|
|move|p2a: Keldeo|Secret Sword|p1a: Terrakion
|-supereffective|p1a: Terrakion
|-damage|p1a: Terrakion|0 fnt
|faint|p1a: Terrakion
|
|callback|decision
|
|switch|p1a: Dragonite|Dragonite, F|324\/324
|turn|8
|callback|decision
|
|move|p1a: Dragonite|ExtremeSpeed|p2a: Keldeo
|-damage|p2a: Keldeo|0 fnt
|faint|p2a: Keldeo
|
|callback|decision
|
|switch|p2a: Weavile|Weavile, M|289\/289
|-damage|p2a: Weavile|253\/289|[from] Spikes
|-damage|p2a: Weavile|181\/289|[from] Stealth Rock
|-ability|p2a: Weavile|Pressure
|turn|9
|callback|decision
|
|switch|p1a: Kyurem-Black|Kyurem-Black|391\/391
|-ability|p1a: Kyurem-Black|Teravolt
|move|p2a: Weavile|Ice Shard|p1a: Kyurem-Black
|-damage|p1a: Kyurem-Black|300\/391
|-damage|p2a: Weavile|153\/289|[from] item: Life Orb
|
|turn|10
|callback|decision
|
|move|p1a: Kyurem-Black|Outrage|p2a: Weavile
|-damage|p2a: Weavile|0 fnt
|faint|p2a: Weavile
|
|callback|decision
|
|switch|p2a: Scizor|Scizor, F|331\/331
|-damage|p2a: Scizor|290\/331|[from] Spikes
|-damage|p2a: Scizor|249\/331|[from] Stealth Rock
|turn|11
|callback|decision
|
|move|p2a: Scizor|Bullet Punch|p1a: Kyurem-Black
|-supereffective|p1a: Kyurem-Black
|-damage|p1a: Kyurem-Black|42\/391
|move|p1a: Kyurem-Black|Outrage|p2a: Scizor
|-resisted|p2a: Scizor
|-damage|p2a: Scizor|129\/331
|
|-heal|p2a: Scizor|149\/331|[from] item: Leftovers
|turn|12
|callback|decision
|
|move|p2a: Scizor|Bullet Punch|p1a: Kyurem-Black
|-crit|p1a: Kyurem-Black
|-supereffective|p1a: Kyurem-Black
|-damage|p1a: Kyurem-Black|0 fnt
|faint|p1a: Kyurem-Black
|
|-heal|p2a: Scizor|169\/331|[from] item: Leftovers
|callback|decision
|
|switch|p1a: Dragonite|Dragonite, F|324\/324
|turn|13
|callback|decision
|
|move|p2a: Scizor|Bullet Punch|p1a: Dragonite
|-damage|p1a: Dragonite|267\/324
|move|p1a: Dragonite|Outrage|p2a: Scizor
|-resisted|p2a: Scizor
|-damage|p2a: Scizor|0 fnt
|faint|p2a: Scizor
|
|callback|decision
|
|switch|p2a: Breloom|Breloom, F|289\/289
|-damage|p2a: Breloom|253\/289|[from] Spikes
|-damage|p2a: Breloom|235\/289|[from] Stealth Rock
|turn|14
|callback|decision
|
|move|p1a: Dragonite|Outrage|p2a: Breloom
|-damage|p2a: Breloom|0 fnt
|faint|p2a: Breloom
|
|callback|decision
|
|switch|p2a: Gengar|Gengar, F|261\/261
|-damage|p2a: Gengar|229\/261|[from] Stealth Rock
|turn|15
|callback|decision
|
|move|p2a: Gengar|Substitute|p2a: Gengar
|-start|p2a: Gengar|Substitute
|-damage|p2a: Gengar|164\/261
|move|p1a: Dragonite|Outrage|p2a: Gengar
|-end|p2a: Gengar|Substitute
|
|-end|p1a: Dragonite|rampage
|-start|p1a: Dragonite|confusion
|turn|16
|callback|decision
|
|move|p2a: Gengar|Shadow Ball|p1a: Dragonite
|-crit|p1a: Dragonite
|-damage|p1a: Dragonite|0 fnt
|faint|p1a: Dragonite
|
|win|sean1993
|raw|Ladder updating...
|raw|Gussy's rating: 1868 &rarr; <strong>1859<\/strong><br \/>(-9 for losing)
|raw|sean1993's rating: 1715 &rarr; <strong>1719<\/strong><br \/>(+4 for winning)
|chat|Gussy|gg