|join|sean1993
|join|Det. Shuckle Jones
|player|p1|sean1993|17
|player|p2|Det. Shuckle Jones|165
|gametype|singles
|tier|Pokebank OU (beta)
|rated
|clearpoke
|poke|p1|Greninja, M
|poke|p1|Lucario, M
|poke|p1|Thundurus, M
|poke|p1|Talonflame, M
|poke|p1|Rotom-Wash
|poke|p1|Chansey, F, shiny
|poke|p2|Pinsir, M
|poke|p2|Doublade, F
|poke|p2|Florges, F
|poke|p2|Victini
|poke|p2|Espeon, F
|poke|p2|Blastoise, F
|rule|Sleep Clause Mod: Limit one foe put to sleep
|rule|Species Clause: Limit one of each Pokemon
|rule|Moody Clause: Moody is banned
|rule|OHKO Clause: OHKO moves are banned
|rule|Evasion Moves Clause: Evasion moves are banned
|rule|HP Percentage Mod: HP is reported as percentages
|teampreview
|callback|decision
|
|start
|switch|p1a: Greninja|Greninja, M|285\/285
|switch|p2a: Bo Jangles|Victini|341\/341
|turn|1
|callback|decision
|
|switch|p2a: Claws For Alarm|Espeon, F|272\/272
|-start|p1a: Greninja|typechange|Dark|[from] Protean
|move|p1a: Greninja|Dark Pulse|p2a: Claws For Alarm
|-supereffective|p2a: Claws For Alarm
|-damage|p2a: Claws For Alarm|20\/272
|
|turn|2
|callback|decision
|
|move|p1a: Greninja|Dark Pulse|p2a: Claws For Alarm
|-crit|p2a: Claws For Alarm
|-supereffective|p2a: Claws For Alarm
|-damage|p2a: Claws For Alarm|0 fnt
|faint|p2a: Claws For Alarm
|
|callback|decision
|
|switch|p2a: Hole Punch|Pinsir, M|272\/272
|turn|3
|callback|decision
|
|switch|p1a: Talonflame|Talonflame, M|335\/335
|-formechange|p2a: Hole Punch|Pinsir-Mega
|message|Pinsir has Mega Evolved into Mega Pinsir!
|move|p2a: Hole Punch|Return|p1a: Talonflame
|-damage|p1a: Talonflame|0 fnt
|faint|p1a: Talonflame
|
|callback|decision
|
|switch|p1a: Thundurus|Thundurus, M|299\/299
|turn|4
|callback|decision
|
|switch|p2a: Beatrice|Florges, F|298\/298
|move|p1a: Thundurus|Thunder Wave|p2a: Beatrice
|-status|p2a: Beatrice|par
|
|turn|5
|callback|decision
|
|switch|p1a: Lucario|Lucario, M|344\/344
|move|p2a: Beatrice|Substitute|p2a: Beatrice
|-start|p2a: Beatrice|Substitute
|-damage|p2a: Beatrice|224\/298 par
|
|-heal|p2a: Beatrice|242\/298 par|[from] item: Leftovers
|turn|6
|callback|decision
|
|-formechange|p1a: Lucario|Lucario-Mega
|message|Lucario has Mega Evolved into Mega Lucario!
|move|p1a: Lucario|Swords Dance|p1a: Lucario
|-boost|p1a: Lucario|atk|2
|cant|p2a: Beatrice|par
|
|-heal|p2a: Beatrice|260\/298 par|[from] item: Leftovers
|turn|7
|callback|decision
|
|move|p1a: Lucario|Ice Punch|p2a: Beatrice
|-end|p2a: Beatrice|Substitute
|move|p2a: Beatrice|Moonblast|p1a: Lucario
|-crit|p1a: Lucario
|-damage|p1a: Lucario|31\/344
|-unboost|p1a: Lucario|spa|1
|
|-heal|p2a: Beatrice|278\/298 par|[from] item: Leftovers
|turn|8
|callback|decision
|
|switch|p2a: Shelldon|Blastoise, F|362\/362
|move|p1a: Lucario|Ice Punch|p2a: Shelldon
|-resisted|p2a: Shelldon
|-damage|p2a: Shelldon|275\/362
|
|-heal|p2a: Shelldon|297\/362|[from] item: Leftovers
|turn|9
|callback|decision
|
|move|p1a: Lucario|Close Combat|p2a: Shelldon
|-damage|p2a: Shelldon|0 fnt
|-unboost|p1a: Lucario|def|1
|-unboost|p1a: Lucario|spd|1
|faint|p2a: Shelldon
|
|callback|decision
|
|switch|p2a: Hole Punch|Pinsir, M|272\/272
|-formechange|p2a: Hole Punch|Pinsir-Mega
|turn|10
|callback|decision
|
|move|p2a: Hole Punch|Quick Attack|p1a: Lucario
|-damage|p1a: Lucario|0 fnt
|faint|p1a: Lucario
|
|callback|decision
|
|switch|p1a: Stratz|Chansey, F, shiny|641\/641
|turn|11
|callback|decision
|
|move|p2a: Hole Punch|Return|p1a: Stratz
|-damage|p1a: Stratz|104\/641
|move|p1a: Stratz|Toxic|p2a: Hole Punch
|-status|p2a: Hole Punch|tox
|
|-heal|p1a: Stratz|144\/641|[from] item: Leftovers
|-damage|p2a: Hole Punch|255\/272 tox|[from] psn
|turn|12
|callback|decision
|
|move|p1a: Stratz|Protect|p1a: Stratz
|-singleturn|p1a: Stratz|Protect
|move|p2a: Hole Punch|Swords Dance|p2a: Hole Punch
|-boost|p2a: Hole Punch|atk|2
|
|-heal|p1a: Stratz|184\/641|[from] item: Leftovers
|-damage|p2a: Hole Punch|221\/272 tox|[from] psn
|turn|13
|callback|decision
|
|move|p1a: Stratz|Protect|p1a: Stratz
|-fail|p1a: Stratz
|move|p2a: Hole Punch|Return|p1a: Stratz
|-damage|p1a: Stratz|0 fnt
|faint|p1a: Stratz
|
|-damage|p2a: Hole Punch|170\/272 tox|[from] psn
|callback|decision
|
|switch|p1a: Thundurus|Thundurus, M|299\/299
|turn|14
|callback|decision
|
|move|p2a: Hole Punch|Return|p1a: Thundurus
|-resisted|p1a: Thundurus
|-damage|p1a: Thundurus|0 fnt
|faint|p1a: Thundurus
|
|-damage|p2a: Hole Punch|102\/272 tox|[from] psn
|callback|decision
|
|switch|p1a: Greninja|Greninja, M|285\/285
|turn|15
|callback|decision
|
|move|p2a: Hole Punch|Quick Attack|p1a: Greninja
|-enditem|p1a: Greninja|Focus Sash
|-damage|p1a: Greninja|1\/285
|-start|p1a: Greninja|typechange|Water|[from] Protean
|move|p1a: Greninja|Hydro Pump|p2a: Hole Punch|[miss]
|-miss|p1a: Greninja|p2a: Hole Punch
|
|-damage|p2a: Hole Punch|17\/272 tox|[from] psn
|turn|16
|callback|decision
|
|switch|p1a: Rotom-Wash|Rotom-Wash|304\/304
|move|p2a: Hole Punch|Quick Attack|p1a: Rotom-Wash
|-resisted|p1a: Rotom-Wash
|-damage|p1a: Rotom-Wash|205\/304
|
|-damage|p2a: Hole Punch|0 fnt|[from] psn
|faint|p2a: Hole Punch
|callback|decision
|
|switch|p2a: Bo Jangles|Victini|341\/341
|turn|17
|callback|decision
|
|move|p2a: Bo Jangles|V-create|p1a: Rotom-Wash
|-resisted|p1a: Rotom-Wash
|-damage|p1a: Rotom-Wash|25\/304
|-unboost|p2a: Bo Jangles|def|1
|-unboost|p2a: Bo Jangles|spd|1
|-unboost|p2a: Bo Jangles|spe|1
|move|p1a: Rotom-Wash|Hydro Pump|p2a: Bo Jangles
|-crit|p2a: Bo Jangles
|-supereffective|p2a: Bo Jangles
|-damage|p2a: Bo Jangles|0 fnt
|faint|p2a: Bo Jangles
|
|callback|decision
|
|switch|p2a: #2Bladez|Doublade, F|289\/289
|turn|18
|callback|decision
|
|move|p2a: #2Bladez|Shadow Sneak|p1a: Rotom-Wash
|-damage|p1a: Rotom-Wash|0 fnt
|faint|p1a: Rotom-Wash
|
|callback|decision
|
|switch|p1a: Greninja|Greninja, M|1\/285
|turn|19
|callback|decision
|
|move|p2a: #2Bladez|Shadow Sneak|p1a: Greninja
|-resisted|p1a: Greninja
|-damage|p1a: Greninja|0 fnt
|faint|p1a: Greninja
|
|win|Det. Shuckle Jones
|raw|Ladder updating...
|chat|Det. Shuckle Jones|gg
|raw|sean1993's rating: 1619 &rarr; <strong>1611<\/strong><br \/>(-8 for losing)
|raw|Det. Shuckle Jones's rating: 1464 &rarr; <strong>1471<\/strong><br \/>(+7 for winning)
|leave|sean1993
|player|p1