|J|King UU
|J|Meruu
|player|p1|King UU|22
|player|p2|Meruu|174
|gametype|singles
|gen|6
|tier|UU
|rule|Sleep Clause Mod: Limit one foe put to sleep
|rule|Species Clause: Limit one of each PokÃ©mon
|rule|OHKO Clause: OHKO moves are banned
|rule|Moody Clause: Moody is banned
|rule|Evasion Moves Clause: Evasion moves are banned
|rule|Endless Battle Clause: Forcing endless battles is banned
|rule|HP Percentage Mod: HP is shown in percentages
|clearpoke
|poke|p1|Vaporeon, M
|poke|p1|Machamp, F
|poke|p1|Gligar, M
|poke|p1|Florges, F
|poke|p1|Jirachi
|poke|p1|Ampharos, M
|poke|p2|Blastoise, M
|poke|p2|Nidoqueen, F
|poke|p2|Kyurem
|poke|p2|Chandelure, F
|poke|p2|Virizion
|poke|p2|Jirachi
|rule|Swagger Clause: Swagger is banned
|rule|Baton Pass Clause: Limit one PokÃ©mon knowing Baton Pass
|teampreview
|J|Hack
|J|IronBullet93
|J|destiny device
|J|BLUNDERR
|J|Shit user
|J|So Dynamic
|J|I LOVE BOUFFALANT
|J|Laga
|J|CrushinDefeat
|J|Isa RC
|J|Mizuhime
|J|radianthero156
|J|Ciele
|J|xShiba
|J|Funkasaurus
|J|Sovahkiin
|J|Philz
|J|Emma Bae â¥
|J|BKC
|J|IU M
|J|Tipsy Russian
|J|bouff
|J|reyscarface
|J|love incest
|J|Misery Business
|J|giara
|J|gobosox
|J|IAmGingy
|J|chimpact
|J|SAGA
|J|Dotteh
|J|waiv
|J|tele
|J|Dad's Dad
|L|Sovahkiin
|c|+BKC|hold up real quick
|J|xMarth
|J|cbt
|J|LessThanThreeMan
|J|Lavish Spawn
|J|Finchinator
|J|gr8astard
|J|VictoryLightSpear
|J|fingerscrossed
|J|Munkin
|c|+bouff|bro..
|J|Bellicose
|J|namehtmas
|J|bro fist
|J|Key
|J|steeljackal
|J|Ginku
|J|purrl
|J|King Tsunami
|c|+steeljackal|meruuuuuuu
|J|pearl12345
|J|El Didi
|J|Deckline
|J|Dice
|c|+destiny device|rofl
|J|Alf
|J|Sadfthadsf
|J|Sinclair
|raw|<div class="broadcast-red"><b>Moderated chat was set to +!<\/b><br \/>Only users of rank + and higher can talk.<\/div>
|J|gengarrskhan
|c|+gobosox|gl meruu
|J|BLINGAS
|J|Garchompfan26
|J|Pwnemon
|J|Chirac
|J|Sovahkiin
|J|Rohail
|J|Jayde
|raw|<div class="broadcast-red"><b>Moderated chat was set to %!<\/b><br \/>Only users of rank % and higher can talk.<\/div>
|J|dodmen
|J|TRC
|J|RiCH HOMiE CHRiS
|J|Sunshine 92
|J|Manu
|J|bugzinator RC
|J|Ranger Mike
|J|the pdc show
|J|Meowiekins
|J|LiberalLucario
|L|Sunshine 92
|J|Afro Smash
|L|Dad's Dad
|J|Lohgock
|J|H-C
|J|the jaiho
|J|Dad's Dad
|L|the jaiho
|J|Lady bug
|J|Marshall.Law
|J|kaboom1212
|L|Lohgock
|J|the jaiho
|J|LOLK
|J|Draco Meteora
|J|canboma
|J|Lohgock
|J|Yun0 Gasai
|J|zebra.k
|J|mbh
|
|start
|switch|p1a: Machamp|Machamp, F|374\/374
|switch|p2a: based bouff|Blastoise, M|345\/345
|turn|1
|J|ExStaz404
|L|Rohail
|L|zebra.k
|J|lunarr
|J|Rohail
|J|Cicada
|J|Huganaga
|J|GoaoTwo
|J|Zephir
|
|detailschange|p2a: based bouff|Blastoise-Mega, M
|-mega|p2a: based bouff|Blastoise|Blastoisinite
|move|p2a: based bouff|Water Pulse|p1a: Machamp
|-damage|p1a: Machamp|227\/374
|move|p1a: Machamp|Close Combat|p2a: based bouff
|-damage|p2a: based bouff|152\/345
|-unboost|p1a: Machamp|def|1
|-unboost|p1a: Machamp|spd|1
|
|turn|2
|J|Tokyo Tom
|J|A1d0g
|J|BAIKA
|J|Aqualouis
|
|switch|p1a: Vaporeon|Vaporeon, M|464\/464
|move|p2a: based bouff|Dragon Pulse|p1a: Vaporeon
|-crit|p1a: Vaporeon
|-damage|p1a: Vaporeon|242\/464
|
|-heal|p1a: Vaporeon|271\/464|[from] item: Leftovers
|turn|3
|L|cbt
|L|A1d0g
|J|Problems
|J|McMeghan
|J|sejun's ego
|c|âMeruu|is that fullspdef or something
|J|reiku
|c|âMeruu|aids
|L|ExStaz404
|J|Nails
|J|Trintirotulene
|J|Inflikted
|J|destinyunknown
|J|Z+V1
|J|DatGuyChuck
|J|Nayrz
|J|Tyrano
|
|switch|p2a: lady booger|Virizion|323\/323
|move|p1a: Vaporeon|Wish|p1a: Vaporeon
|
|-heal|p1a: Vaporeon|300\/464|[from] item: Leftovers
|turn|4
|c|&Ciele|also timer pls
|J|dfmetal
|J|Reanbell
|J|Aloha
|J|Icey Tea
|c|âMeruu|how
|J|Lucipurrr
|J|The Goomy
|L|kaboom1212
|J|Zamrock
|J|Alastor Law
|
|switch|p1a: Jirachi|Jirachi|341\/341
|move|p2a: lady booger|Swords Dance|p2a: lady booger
|-boost|p2a: lady booger|atk|2
|
|turn|5
|J|edgar
|J|Conflict
|J|Santuga
|J|Ninety Nine
|J|PttP
|J|Byewin
|
|move|p1a: Jirachi|Zen Headbutt|p2a: lady booger
|-supereffective|p2a: lady booger
|-damage|p2a: lady booger|27\/323
|move|p2a: lady booger|Swords Dance|p2a: lady booger
|-boost|p2a: lady booger|atk|2
|
|turn|6
|J|OpTic Gaga
|
|switch|p2a: primal jacqueline|Jirachi|375\/375
|move|p1a: Jirachi|Zen Headbutt|p2a: primal jacqueline
|-resisted|p2a: primal jacqueline
|-damage|p2a: primal jacqueline|345\/375
|
|-heal|p2a: primal jacqueline|368\/375|[from] item: Leftovers
|turn|7
|
|switch|p1a: Gligar|Gligar, M|334\/334
|move|p2a: primal jacqueline|Toxic|p1a: Gligar
|-status|p1a: Gligar|tox
|
|-heal|p2a: primal jacqueline|375\/375|[from] item: Leftovers
|-damage|p1a: Gligar|314\/334 tox|[from] psn
|turn|8
|J|DoughBoy
|J|Ojama
|J|The DragonKnight
|J|mudla
|
|move|p2a: primal jacqueline|Iron Head|p1a: Gligar
|-damage|p1a: Gligar|260\/334 tox
|move|p1a: Gligar|Stealth Rock|p2a: primal jacqueline
|-sidestart|p2: Meruu|move: Stealth Rock
|
|-damage|p1a: Gligar|220\/334 tox|[from] psn
|turn|9
|
|switch|p1a: Ampharos|Ampharos, M|384\/384
|move|p2a: primal jacqueline|Substitute|p2a: primal jacqueline
|-start|p2a: primal jacqueline|Substitute
|-damage|p2a: primal jacqueline|282\/375
|
|-heal|p2a: primal jacqueline|305\/375|[from] item: Leftovers
|turn|10
|J|joltage
|J|Agammemnon
|J|Ren-chon
|J|unamed
|
|detailschange|p1a: Ampharos|Ampharos-Mega, M
|-mega|p1a: Ampharos|Ampharos|Ampharosite
|-ability|p1a: Ampharos|Mold Breaker
|move|p2a: primal jacqueline|Toxic|p1a: Ampharos
|-status|p1a: Ampharos|tox
|move|p1a: Ampharos|Volt Switch|p2a: primal jacqueline
|-end|p2a: primal jacqueline|Substitute
|L|Huganaga
|
|switch|p1a: Jirachi|Jirachi|341\/341
|
|-heal|p2a: primal jacqueline|328\/375|[from] item: Leftovers
|turn|11
|J|Huganaga
|L|Munkin
|J|Munkin
|
|move|p1a: Jirachi|U-turn|p2a: primal jacqueline
|-damage|p2a: primal jacqueline|259\/375
|J|boudouche
|J|ANGER MANAGEMENT
|J|Harsha
|
|switch|p1a: Ampharos|Ampharos-Mega, M|384\/384 tox
|-ability|p1a: Ampharos|Mold Breaker
|move|p2a: primal jacqueline|Substitute|p2a: primal jacqueline
|-start|p2a: primal jacqueline|Substitute
|-damage|p2a: primal jacqueline|166\/375
|
|-heal|p2a: primal jacqueline|189\/375|[from] item: Leftovers
|-damage|p1a: Ampharos|360\/384 tox|[from] psn
|turn|12
|L|Harsha
|J|Jibaku
|
|move|p2a: primal jacqueline|Iron Head|p1a: Ampharos
|-resisted|p1a: Ampharos
|-damage|p1a: Ampharos|318\/384 tox
|cant|p1a: Ampharos|flinch
|
|-heal|p2a: primal jacqueline|212\/375|[from] item: Leftovers
|-damage|p1a: Ampharos|270\/384 tox|[from] psn
|turn|13
|J|lenamoaoo
|J|DennisEG
|L|The DragonKnight
|
|move|p2a: primal jacqueline|Iron Head|p1a: Ampharos
|-resisted|p1a: Ampharos
|-damage|p1a: Ampharos|222\/384 tox
|cant|p1a: Ampharos|flinch
|
|-heal|p2a: primal jacqueline|235\/375|[from] item: Leftovers
|-damage|p1a: Ampharos|150\/384 tox|[from] psn
|turn|14
|J|Magnus42
|
|switch|p1a: Jirachi|Jirachi|341\/341
|move|p2a: primal jacqueline|Iron Head|p1a: Jirachi
|-resisted|p1a: Jirachi
|-damage|p1a: Jirachi|290\/341
|
|-heal|p2a: primal jacqueline|258\/375|[from] item: Leftovers
|turn|15
|c|âMeruu|pls no rest
|J|Stone_Cold
|c|âMeruu|!!!
|
|move|p1a: Jirachi|U-turn|p2a: primal jacqueline
|-activate|p2a: primal jacqueline|Substitute|[damage]
|J|Eo
|L|Stone_Cold
|
|switch|p1a: Gligar|Gligar, M|220\/334 tox
|move|p2a: primal jacqueline|Fire Punch|p1a: Gligar
|-damage|p1a: Gligar|189\/334 tox
|
|-heal|p2a: primal jacqueline|281\/375|[from] item: Leftovers
|-damage|p1a: Gligar|169\/334 tox|[from] psn
|turn|16
|J|Stone_Cold
|J|s o u l g a z e r
|L|Eo
|
|move|p2a: primal jacqueline|Iron Head|p1a: Gligar
|-damage|p1a: Gligar|118\/334 tox
|cant|p1a: Gligar|flinch
|
|-heal|p2a: primal jacqueline|304\/375|[from] item: Leftovers
|-damage|p1a: Gligar|78\/334 tox|[from] psn
|turn|17
|J|FlamingVictini PB
|
|move|p2a: primal jacqueline|Iron Head|p1a: Gligar
|-damage|p1a: Gligar|27\/334 tox
|cant|p1a: Gligar|flinch
|
|-heal|p2a: primal jacqueline|327\/375|[from] item: Leftovers
|-damage|p1a: Gligar|0 fnt|[from] psn
|faint|p1a: Gligar
|L|So Dynamic
|
|switch|p1a: Jirachi|Jirachi|290\/341
|turn|18
|J|phil
|
|move|p1a: Jirachi|U-turn|p2a: primal jacqueline
|-end|p2a: primal jacqueline|Substitute
|
|switch|p1a: Vaporeon|Vaporeon, M|300\/464
|move|p2a: primal jacqueline|Substitute|p2a: primal jacqueline
|-start|p2a: primal jacqueline|Substitute
|-damage|p2a: primal jacqueline|234\/375
|
|-heal|p2a: primal jacqueline|257\/375|[from] item: Leftovers
|-heal|p1a: Vaporeon|329\/464|[from] item: Leftovers
|turn|19
|
|switch|p1a: Jirachi|Jirachi|290\/341
|move|p2a: primal jacqueline|Toxic|p1a: Jirachi
|-fail|p1a: Jirachi
|
|-heal|p2a: primal jacqueline|280\/375|[from] item: Leftovers
|turn|20
|
|move|p1a: Jirachi|U-turn|p2a: primal jacqueline
|-crit|p2a: primal jacqueline
|-end|p2a: primal jacqueline|Substitute
|c|âMeruu|-.-
|c|âKing UU|fuck off
|J|Lighthouses.
|c|âKing UU|say one word about hax
|J|SeventyFive
|J|cerberush
|J|Toxzn
|J|FNH
|J|habajiga
|J|Calloflochie
|J|jake5
|J|So Dynamic
|J|Feeling The Moment
|c|âMeruu|u shouldve brought ur primal
|c|âMeruu|noob
|J|Omfuga
|
|switch|p1a: Vaporeon|Vaporeon, M|329\/464
|move|p2a: primal jacqueline|Fire Punch|p1a: Vaporeon
|-resisted|p1a: Vaporeon
|-damage|p1a: Vaporeon|290\/464
|
|-heal|p2a: primal jacqueline|303\/375|[from] item: Leftovers
|-heal|p1a: Vaporeon|319\/464|[from] item: Leftovers
|turn|21
|L|phil
|J|phil
|J|Kyla's Nightmare
|J|Spuun
|J|hairy toenail
|
|move|p2a: primal jacqueline|Toxic|p1a: Vaporeon
|-status|p1a: Vaporeon|tox
|move|p1a: Vaporeon|Wish|p1a: Vaporeon
|
|-heal|p2a: primal jacqueline|326\/375|[from] item: Leftovers
|-heal|p1a: Vaporeon|348\/464 tox|[from] item: Leftovers
|-damage|p1a: Vaporeon|319\/464 tox|[from] psn
|turn|22
|L|Huganaga
|J|Cristal
|J|OVERLORD_FOLGORIO
|J|OG_Wanka
|L|LOLK
|J|LOLK
|L|bugzinator RC
|
|switch|p2a: lady booger|Virizion|27\/323
|-damage|p2a: lady booger|7\/323|[from] Stealth Rock
|switch|p1a: Ampharos|Ampharos-Mega, M|150\/384 tox
|-ability|p1a: Ampharos|Mold Breaker
|
|-heal|p1a: Ampharos|382\/384 tox|[from] move: Wish|[wisher] Vaporeon
|-damage|p1a: Ampharos|358\/384 tox|[from] psn
|turn|23
|J|bugzinator RC
|c|âMeruu|o
|c|âMeruu|i couldnt see it
|J|Tesung
|J|zdrup
|c|âMeruu|they need to fix megas l0l
|J|Hot N Cold
|
|switch|p2a: silentverse!!!|Nidoqueen, F|363\/363
|-damage|p2a: silentverse!!!|341\/363|[from] Stealth Rock
|move|p1a: Ampharos|Rest|p1a: Ampharos
|-status|p1a: Ampharos|slp
|-heal|p1a: Ampharos|384\/384 slp|[silent]
|-status|p1a: Ampharos|slp|[from] move: Rest
|
|turn|24
|L|cerberush
|J|Aboulique
|J|cerberush
|L|cerberush
|
|switch|p1a: Vaporeon|Vaporeon, M|319\/464 tox
|move|p2a: silentverse!!!|Earth Power|p1a: Vaporeon
|-damage|p1a: Vaporeon|138\/464 tox
|
|-heal|p1a: Vaporeon|167\/464 tox|[from] item: Leftovers
|-damage|p1a: Vaporeon|138\/464 tox|[from] psn
|turn|25
|
|move|p2a: silentverse!!!|Earth Power|p1a: Vaporeon
|-damage|p1a: Vaporeon|0 fnt
|faint|p1a: Vaporeon
|
|J|Montsegur
|L|gengarrskhan
|J|iplaytennislol
|J|QueenOfLuvdiscs
|
|switch|p1a: Machamp|Machamp, F|227\/374
|turn|26
|J|Joryn
|J|Gizmo
|J|nofux ;_;
|J|The Ledian
|J|TheCanadianWifier
|L|Philz
|J|Philz
|
|move|p2a: silentverse!!!|Sludge Wave|p1a: Machamp
|-damage|p1a: Machamp|50\/374
|move|p1a: Machamp|Knock Off|p2a: silentverse!!!
|-damage|p2a: silentverse!!!|209\/363
|-enditem|p2a: silentverse!!!|Life Orb|[from] move: Knock Off|[of] p1a: Machamp
|
|turn|27
|L|Rohail
|
|move|p2a: silentverse!!!|Earth Power|p1a: Machamp
|-damage|p1a: Machamp|0 fnt
|faint|p1a: Machamp
|
|J|Sike2303
|
|switch|p1a: Jirachi|Jirachi|290\/341
|turn|28
|
|switch|p2a: lady booger|Virizion|7\/323
|-damage|p2a: lady booger|0 fnt|[from] Stealth Rock
|faint|p2a: lady booger
|move|p1a: Jirachi|Zen Headbutt|p2: lady booger|[notarget]
|-notarget
|
|J|zebra.k
|L|zebra.k
|J|zebra.k
|J|pokeaim
|
|switch|p2a: primal jacqueline|Jirachi|326\/375
|-damage|p2a: primal jacqueline|303\/375|[from] Stealth Rock
|turn|29
|J|Haunted.Shadow
|J|aqbf
|J|Celsius
|L|CrushinDefeat
|
|move|p1a: Jirachi|Zen Headbutt|p2a: primal jacqueline
|-resisted|p2a: primal jacqueline
|-damage|p2a: primal jacqueline|276\/375
|cant|p2a: primal jacqueline|flinch
|
|-heal|p2a: primal jacqueline|299\/375|[from] item: Leftovers
|turn|30
|J|CrushinDefeat
|c|âMeruu|..
|L|H-C
|L|Stone_Cold
|c|âMeruu|u rly think i would double
|c|âKing UU|thought you'd go for double
|c|âMeruu|nigga
|c|âKing UU|why not
|c|âMeruu|i dont like to rush when im eating
|c|âKing UU|hell
|c|âMeruu|:]
|c|âKing UU|knowing you
|c|âKing UU|you might even triple
|c|@Funkasaurus|now now, boys
|c|@Funkasaurus|Let's not argue.
|
|switch|p1a: Ampharos|Ampharos-Mega, M|384\/384 slp
|-ability|p1a: Ampharos|Mold Breaker
|move|p2a: primal jacqueline|Substitute|p2a: primal jacqueline
|-start|p2a: primal jacqueline|Substitute
|-damage|p2a: primal jacqueline|206\/375
|
|-heal|p2a: primal jacqueline|229\/375|[from] item: Leftovers
|turn|31
|
|move|p2a: primal jacqueline|Iron Head|p1a: Ampharos
|-resisted|p1a: Ampharos
|-damage|p1a: Ampharos|343\/384 slp
|cant|p1a: Ampharos|slp
|cant|p1a: Ampharos|flinch
|
|-heal|p2a: primal jacqueline|252\/375|[from] item: Leftovers
|turn|32
|J|Eo
|
|move|p2a: primal jacqueline|Iron Head|p1a: Ampharos
|-resisted|p1a: Ampharos
|-damage|p1a: Ampharos|295\/384 slp
|cant|p1a: Ampharos|slp
|cant|p1a: Ampharos|flinch
|
|-heal|p2a: primal jacqueline|275\/375|[from] item: Leftovers
|turn|33
|
|move|p2a: primal jacqueline|Iron Head|p1a: Ampharos
|-crit|p1a: Ampharos
|-resisted|p1a: Ampharos
|-damage|p1a: Ampharos|233\/384 slp
|-curestatus|p1a: Ampharos|slp
|cant|p1a: Ampharos|flinch
|
|-heal|p2a: primal jacqueline|298\/375|[from] item: Leftovers
|turn|34
|J|cthaehaeh
|L|Tipsy Russian
|
|move|p2a: primal jacqueline|Toxic|p1a: Ampharos
|-status|p1a: Ampharos|tox
|move|p1a: Ampharos|Dragon Pulse|p2a: primal jacqueline
|-resisted|p2a: primal jacqueline
|-activate|p2a: primal jacqueline|Substitute|[damage]
|
|-heal|p2a: primal jacqueline|321\/375|[from] item: Leftovers
|-damage|p1a: Ampharos|209\/384 tox|[from] psn
|turn|35
|L|So Dynamic
|J|innovamania
|
|move|p2a: primal jacqueline|Iron Head|p1a: Ampharos
|-resisted|p1a: Ampharos
|-damage|p1a: Ampharos|167\/384 tox
|move|p1a: Ampharos|Rest|p1a: Ampharos
|-status|p1a: Ampharos|slp
|-heal|p1a: Ampharos|384\/384 slp|[silent]
|-status|p1a: Ampharos|slp|[from] move: Rest
|
|-heal|p2a: primal jacqueline|344\/375|[from] item: Leftovers
|turn|36
|J|cerberush
|L|Trintirotulene
|J|kratosmana
|J|ITS IGGY IGGS
|L|Calloflochie
|
|move|p2a: primal jacqueline|Iron Head|p1a: Ampharos
|-resisted|p1a: Ampharos
|-damage|p1a: Ampharos|343\/384 slp
|cant|p1a: Ampharos|slp
|cant|p1a: Ampharos|flinch
|
|-heal|p2a: primal jacqueline|367\/375|[from] item: Leftovers
|turn|37
|
|move|p2a: primal jacqueline|Iron Head|p1a: Ampharos
|-resisted|p1a: Ampharos
|-damage|p1a: Ampharos|295\/384 slp
|cant|p1a: Ampharos|slp
|cant|p1a: Ampharos|flinch
|
|-heal|p2a: primal jacqueline|375\/375|[from] item: Leftovers
|turn|38
|L|s o u l g a z e r
|L|cerberush
|L|jake5
|
|move|p2a: primal jacqueline|Iron Head|p1a: Ampharos
|-resisted|p1a: Ampharos
|-damage|p1a: Ampharos|253\/384 slp
|-curestatus|p1a: Ampharos|slp
|cant|p1a: Ampharos|flinch
|
|turn|39
|L|Lavish Spawn
|
|move|p2a: primal jacqueline|Toxic|p1a: Ampharos|[miss]
|-miss|p2a: primal jacqueline|p1a: Ampharos
|move|p1a: Ampharos|Rest|p1a: Ampharos
|-status|p1a: Ampharos|slp
|-heal|p1a: Ampharos|384\/384 slp|[silent]
|-status|p1a: Ampharos|slp|[from] move: Rest
|
|turn|40
|L|Zamrock
|L|Gizmo
|
|switch|p2a: based bouff|Blastoise-Mega, M|152\/345
|-damage|p2a: based bouff|109\/345|[from] Stealth Rock
|cant|p1a: Ampharos|slp
|move|p1a: Ampharos|Sleep Talk|p1a: Ampharos
|move|p1a: Ampharos|Dragon Pulse|p2a: based bouff|[from]Sleep Talk
|-damage|p2a: based bouff|0 fnt
|faint|p2a: based bouff
|
|J|Halcyon of Light
|
|switch|p2a: silentverse!!!|Nidoqueen, F|209\/363
|-damage|p2a: silentverse!!!|187\/363|[from] Stealth Rock
|turn|41
|
|switch|p1a: Florges|Florges, F|360\/360
|move|p2a: silentverse!!!|Earth Power|p1a: Florges
|-damage|p1a: Florges|260\/360
|
|-heal|p1a: Florges|282\/360|[from] item: Leftovers
|turn|42
|L|the pdc show
|J|the pdc show
|L|Laga
|L|Halcyon of Light
|J|Halcyon of Light
|J|Calloflochie
|
|move|p2a: silentverse!!!|Stealth Rock|p1a: Florges
|-sidestart|p1: King UU|move: Stealth Rock
|move|p1a: Florges|Synthesis|p1a: Florges
|-heal|p1a: Florges|360\/360
|
|turn|43
|L|TheCanadianWifier
|L|QueenOfLuvdiscs
|
|switch|p2a: primal jacqueline|Jirachi|375\/375
|-damage|p2a: primal jacqueline|352\/375|[from] Stealth Rock
|move|p1a: Florges|Calm Mind|p1a: Florges
|-boost|p1a: Florges|spa|1
|-boost|p1a: Florges|spd|1
|
|-heal|p2a: primal jacqueline|375\/375|[from] item: Leftovers
|turn|44
|L|destiny device
|
|switch|p1a: Ampharos|Ampharos-Mega, M|384\/384 slp
|-damage|p1a: Ampharos|336\/384 slp|[from] Stealth Rock
|-ability|p1a: Ampharos|Mold Breaker
|move|p2a: primal jacqueline|Substitute|p2a: primal jacqueline
|-start|p2a: primal jacqueline|Substitute
|-damage|p2a: primal jacqueline|282\/375
|
|-heal|p2a: primal jacqueline|305\/375|[from] item: Leftovers
|turn|45
|L|Tesung
|L|Cristal
|J|Dread Arceus
|
|move|p2a: primal jacqueline|Fire Punch|p1a: Ampharos
|-resisted|p1a: Ampharos
|-damage|p1a: Ampharos|306\/384 slp
|cant|p1a: Ampharos|slp
|move|p1a: Ampharos|Sleep Talk|p1a: Ampharos
|move|p1a: Ampharos|Volt Switch|p2a: primal jacqueline|[from]Sleep Talk
|-end|p2a: primal jacqueline|Substitute
|L|destinyunknown
|J|Tesung
|J|destinyunknown
|
|switch|p1a: Jirachi|Jirachi|290\/341
|-damage|p1a: Jirachi|269\/341|[from] Stealth Rock
|
|-heal|p2a: primal jacqueline|328\/375|[from] item: Leftovers
|turn|46
|L|Celsius
|L|Lighthouses.
|
|move|p1a: Jirachi|U-turn|p2a: primal jacqueline
|-damage|p2a: primal jacqueline|259\/375
|
|switch|p1a: Ampharos|Ampharos-Mega, M|306\/384 slp
|-damage|p1a: Ampharos|258\/384 slp|[from] Stealth Rock
|-ability|p1a: Ampharos|Mold Breaker
|move|p2a: primal jacqueline|Iron Head|p1a: Ampharos
|-resisted|p1a: Ampharos
|-damage|p1a: Ampharos|213\/384 slp
|
|-heal|p2a: primal jacqueline|282\/375|[from] item: Leftovers
|turn|47
|L|SeventyFive
|L|Tesung
|L|zebra.k
|J|TheCanadianWifier
|J|Qwilphish
|J|Tesung
|J|Rowan
|L|BLUNDERR
|
|move|p2a: primal jacqueline|Iron Head|p1a: Ampharos
|-resisted|p1a: Ampharos
|-damage|p1a: Ampharos|172\/384 slp
|-curestatus|p1a: Ampharos|slp
|cant|p1a: Ampharos|flinch
|
|-heal|p2a: primal jacqueline|305\/375|[from] item: Leftovers
|turn|48
|J|Draeden
|
|move|p2a: primal jacqueline|Iron Head|p1a: Ampharos
|-resisted|p1a: Ampharos
|-damage|p1a: Ampharos|131\/384
|move|p1a: Ampharos|Rest|p1a: Ampharos
|-status|p1a: Ampharos|slp
|-heal|p1a: Ampharos|384\/384 slp|[silent]
|-status|p1a: Ampharos|slp|[from] move: Rest
|
|-heal|p2a: primal jacqueline|328\/375|[from] item: Leftovers
|turn|49
|J|metmaver
|J|So Dynamic
|L|bugzinator RC
|J|Lavish Spawn
|L|Toxzn
|
|move|p2a: primal jacqueline|Iron Head|p1a: Ampharos
|-resisted|p1a: Ampharos
|-damage|p1a: Ampharos|343\/384 slp
|cant|p1a: Ampharos|slp
|cant|p1a: Ampharos|flinch
|
|-heal|p2a: primal jacqueline|351\/375|[from] item: Leftovers
|turn|50
|J|BLUNDERR
|
|move|p2a: primal jacqueline|Iron Head|p1a: Ampharos
|-resisted|p1a: Ampharos
|-damage|p1a: Ampharos|298\/384 slp
|cant|p1a: Ampharos|slp
|move|p1a: Ampharos|Sleep Talk|p1a: Ampharos
|move|p1a: Ampharos|Rest|p1a: Ampharos|[from]Sleep Talk
|-fail|p1a: Ampharos
|
|-heal|p2a: primal jacqueline|374\/375|[from] item: Leftovers
|turn|51
|L|So Dynamic
|
|move|p2a: primal jacqueline|Substitute|p2a: primal jacqueline
|-start|p2a: primal jacqueline|Substitute
|-damage|p2a: primal jacqueline|281\/375
|-curestatus|p1a: Ampharos|slp
|move|p1a: Ampharos|Dragon Pulse|p2a: primal jacqueline
|-resisted|p2a: primal jacqueline
|-activate|p2a: primal jacqueline|Substitute|[damage]
|
|-heal|p2a: primal jacqueline|304\/375|[from] item: Leftovers
|turn|52
|L|nofux ;_;
|
|move|p2a: primal jacqueline|Toxic|p1a: Ampharos
|-status|p1a: Ampharos|tox
|move|p1a: Ampharos|Rest|p1a: Ampharos
|-status|p1a: Ampharos|slp
|-heal|p1a: Ampharos|384\/384 slp|[silent]
|-status|p1a: Ampharos|slp|[from] move: Rest
|
|-heal|p2a: primal jacqueline|327\/375|[from] item: Leftovers
|turn|53
|
|switch|p2a: the cryo killer|Kyurem|391\/391
|-damage|p2a: the cryo killer|294\/391|[from] Stealth Rock
|-ability|p2a: the cryo killer|Pressure
|cant|p1a: Ampharos|slp
|move|p1a: Ampharos|Sleep Talk|p1a: Ampharos
|move|p1a: Ampharos|Dragon Pulse|p2a: the cryo killer|[from]Sleep Talk
|-supereffective|p2a: the cryo killer
|-damage|p2a: the cryo killer|0 fnt
|faint|p2a: the cryo killer
|
|
|switch|p2a: silentverse!!!|Nidoqueen, F|187\/363
|-damage|p2a: silentverse!!!|165\/363|[from] Stealth Rock
|turn|54
|J|Zamrock
|J|Celsius
|J|Texas Cloverleaf
|
|switch|p1a: Florges|Florges, F|360\/360
|-damage|p1a: Florges|315\/360|[from] Stealth Rock
|move|p2a: silentverse!!!|Earth Power|p1a: Florges
|-damage|p1a: Florges|201\/360
|
|-heal|p1a: Florges|223\/360|[from] item: Leftovers
|turn|55
|J|Rob
|L|Dread Arceus
|J|tml
|J|kd24
|L|FNH
|J|FNH
|J|ZxuT
|L|Agammemnon
|L|Ninety Nine
|J|destiny device
|J|Disenchanted
|L|ZxuT
|
|move|p2a: silentverse!!!|Sludge Wave|p1a: Florges
|-supereffective|p1a: Florges
|-damage|p1a: Florges|5\/360
|move|p1a: Florges|Synthesis|p1a: Florges
|-heal|p1a: Florges|185\/360
|
|-heal|p1a: Florges|207\/360|[from] item: Leftovers
|turn|56
|J|ZxuT
|L|destiny device
|J|Bowlii
|
|move|p2a: silentverse!!!|Earth Power|p1a: Florges
|-damage|p1a: Florges|105\/360
|move|p1a: Florges|Aromatherapy|p1a: Florges
|-cureteam|p1a: Florges|[from] move: Aromatherapy
|
|-heal|p1a: Florges|127\/360|[from] item: Leftovers
|turn|57
|J|Arcanine is Regal
|J|bugzinator RC
|
|move|p2a: silentverse!!!|Sludge Wave|p1a: Florges
|-supereffective|p1a: Florges
|-damage|p1a: Florges|0 fnt
|faint|p1a: Florges
|
|
|switch|p1a: Jirachi|Jirachi|269\/341
|-damage|p1a: Jirachi|248\/341|[from] Stealth Rock
|turn|58
|L|tml
|J|John Krasinski
|J|Cosine180
|
|switch|p2a: primal jacqueline|Jirachi|327\/375
|-damage|p2a: primal jacqueline|304\/375|[from] Stealth Rock
|move|p1a: Jirachi|Zen Headbutt|p2a: primal jacqueline
|-resisted|p2a: primal jacqueline
|-damage|p2a: primal jacqueline|272\/375
|
|-heal|p2a: primal jacqueline|295\/375|[from] item: Leftovers
|turn|59
|
|move|p1a: Jirachi|Zen Headbutt|p2a: primal jacqueline
|-resisted|p2a: primal jacqueline
|-damage|p2a: primal jacqueline|265\/375
|cant|p2a: primal jacqueline|flinch
|
|-heal|p2a: primal jacqueline|288\/375|[from] item: Leftovers
|turn|60
|J|destiny device
|c|âKing UU|stop not double
|c|âKing UU|c:
|c|âMeruu|.
|
|switch|p1a: Ampharos|Ampharos-Mega, M|384\/384
|-damage|p1a: Ampharos|336\/384|[from] Stealth Rock
|-ability|p1a: Ampharos|Mold Breaker
|move|p2a: primal jacqueline|Toxic|p1a: Ampharos|[miss]
|-miss|p2a: primal jacqueline|p1a: Ampharos
|
|-heal|p2a: primal jacqueline|311\/375|[from] item: Leftovers
|turn|61
|J|Flan76
|J|TheLaughingCats
|
|move|p2a: primal jacqueline|Substitute|p2a: primal jacqueline
|-start|p2a: primal jacqueline|Substitute
|-damage|p2a: primal jacqueline|218\/375
|move|p1a: Ampharos|Volt Switch|p2a: primal jacqueline
|-end|p2a: primal jacqueline|Substitute
|
|switch|p1a: Jirachi|Jirachi|248\/341
|-damage|p1a: Jirachi|227\/341|[from] Stealth Rock
|
|-heal|p2a: primal jacqueline|241\/375|[from] item: Leftovers
|turn|62
|
|switch|p2a: cielendelier|Chandelure, F|261\/261
|-damage|p2a: cielendelier|196\/261|[from] Stealth Rock
|move|p1a: Jirachi|Trick|p2a: cielendelier
|-activate|p1a: Jirachi|move: Trick|[of] p2a: cielendelier
|-item|p2a: cielendelier|Choice Scarf|[from] move: Trick
|-item|p1a: Jirachi|Choice Scarf|[from] move: Trick
|
|turn|63
|L|Marshall.Law
|J|Christo m8
|J|Rewer
|J|Dread Arceus
|J|Dark_380
|J|I ABR I
|c|âMeruu|nigga u have one play
|
|move|p1a: Jirachi|Zen Headbutt|p2a: cielendelier
|-damage|p2a: cielendelier|72\/261
|move|p2a: cielendelier|Shadow Ball|p1a: Jirachi
|-supereffective|p1a: Jirachi
|-damage|p1a: Jirachi|0 fnt
|faint|p1a: Jirachi
|
|
|switch|p1a: Ampharos|Ampharos-Mega, M|336\/384
|-damage|p1a: Ampharos|288\/384|[from] Stealth Rock
|-ability|p1a: Ampharos|Mold Breaker
|turn|64
|L|unamed
|c|âMeruu|gg
|L|I ABR I
|
|move|p2a: cielendelier|Shadow Ball|p1a: Ampharos
|-damage|p1a: Ampharos|140\/384
|move|p1a: Ampharos|Rest|p1a: Ampharos
|-status|p1a: Ampharos|slp
|-heal|p1a: Ampharos|384\/384 slp|[silent]
|-status|p1a: Ampharos|slp|[from] move: Rest
|
|turn|65
|c|âMeruu|u played well
|
|move|p2a: cielendelier|Shadow Ball|p1a: Ampharos
|-damage|p1a: Ampharos|246\/384 slp
|cant|p1a: Ampharos|slp
|move|p1a: Ampharos|Sleep Talk|p1a: Ampharos
|move|p1a: Ampharos|Volt Switch|p2a: cielendelier|[from]Sleep Talk
|-damage|p2a: cielendelier|0 fnt
|faint|p2a: cielendelier
|
|c|âKing UU|not according
|c|âKing UU|to our wonderful
|c|âKing UU|and dedicated
|c|âKing UU|bouff
|c|âMeruu|i think u did i just know ur weak mons
|c|âMeruu|:^)
|
|switch|p2a: silentverse!!!|Nidoqueen, F|165\/363
|-damage|p2a: silentverse!!!|143\/363|[from] Stealth Rock
|turn|66
|J|sniperaim
|c|âKing UU|that's kind
|
|move|p2a: silentverse!!!|Earth Power|p1a: Ampharos
|-supereffective|p1a: Ampharos
|-damage|p1a: Ampharos|0 fnt
|faint|p1a: Ampharos
|
|win|Meruu
|c|@Funkasaurus|masterful display from both parties involved
|L|Chirac
|c|@Funkasaurus|:]
|L|TheLaughingCats
|L|Aqualouis
|L|Isa RC
|L|Lavish Spawn
|L|Ojama
|L|Sinclair
|L|giara
|L|Garchompfan26
|c|âKing UU|gg
|L|Yun0 Gasai
|L|bro fist
|L|reyscarface
|L|Lady bug
|L|habajiga
|L|Mizuhime
|L|mudla
|L|IronBullet93
|L|SAGA
|L|PttP
|L|Santuga
|L|Hack
|L|Sovahkiin
|L|innovamania
|L|Feeling The Moment
|L|VictoryLightSpear
|L|mbh
|L|Funkasaurus
|L|RiCH HOMiE CHRiS
|L|Lohgock
|L|dfmetal
|L|Celsius
|L|King UU
|player|p1
|L|DoughBoy
|L|Zamrock
|c|âMeruu|gg
|L|tele
|L|gr8astard
|L|Key
|L|purrl
|L|Draeden
|c|âMeruu|good luck
|L|Tyrano
|L|Emma Bae â¥
|L|Alf
|c|âMeruu|in rest
|L|McMeghan
|L|boudouche
|L|DatGuyChuck
|L|hairy toenail
|L|Finchinator
|L|dodmen
|L|DennisEG
|L|Dice
|L|reiku
|L|Cosine180
|L|gobosox
|L|sniperaim
|L|OVERLORD_FOLGORIO
|L|The Goomy
|L|Eo
|L|ZxuT
|L|Philz
|L|TRC
|L|Conflict
|L|Omfuga
|L|edgar
|L|Reanbell
|L|destinyunknown
|L|kd24
|L|El Didi
|L|Munkin
|L|steeljackal
|L|Deckline
|L|bouff
|L|phil
|L|FNH
|J|Dorian Gray I
|L|Shit user
|L|waiv
|L|Inflikted
|L|the pdc show
|L|GiraGoomy
|L|Byewin
|L|LOLK
|L|LiberalLucario
|L|Arcanine is Regal
|L|pokeaim
|L|OpTic Gaga
|L|Lady Ciaran
|L|Ciele
|L|Manu
|L|King Tsunami
|J|The Goomy
|L|pearl12345
|L|xShiba
|L|Joryn
|L|The Goomy
|L|Haunted.Shadow
|L|Draco Meteora
|L|FlamingVictini PB
|L|Dread Arceus
|L|John Krasinski
|L|Christo m8
|L|BLINGAS
|L|Ginku
|L|lenamoaoo
|L|bugzinator RC
|L|namehtmas
|L|Z+V1
|L|BKC
|L|Misery Business
|L|TheCanadianWifier
|L|chimpact
|L|Calloflochie
|L|ANGER MANAGEMENT
|L|destiny device
|L|Sadfthadsf