|inactive|Battle timer is ON: inactive players will automatically lose when time's up.
|J|Meruu
|J|bugzinator RC
|player|p1|Meruu|174
|player|p2|bugzinator RC|128
|gametype|singles
|gen|6
|tier|UU
|rule|Sleep Clause Mod: Limit one foe put to sleep
|rule|Species Clause: Limit one of each PokÃ©mon
|rule|OHKO Clause: OHKO moves are banned
|rule|Moody Clause: Moody is banned
|rule|Evasion Moves Clause: Evasion moves are banned
|rule|Endless Battle Clause: Forcing endless battles is banned
|rule|HP Percentage Mod: HP is shown in percentages
|clearpoke
|poke|p1|Krookodile, M
|poke|p1|Florges, F
|poke|p1|Slowking, M
|poke|p1|Forretress, M
|poke|p1|Aerodactyl, F
|poke|p1|Jirachi
|poke|p2|Dragalge, F
|poke|p2|Gligar, F
|poke|p2|Aggron, F
|poke|p2|Whimsicott, M
|poke|p2|Slowking, F
|poke|p2|Hydreigon, F
|rule|Swagger Clause: Swagger is banned
|rule|Baton Pass Clause: Limit one PokÃ©mon knowing Baton Pass
|teampreview
|J|Texas Cloverleaf
|J|HaxW.We R DNA
|J|Yogiras
|J|Finchinator
|J|Maverrr
|J|Hack
|J|silverbackkap
|J|MoxieInfinite
|J|A2tehBR
|J|bit.ly\/1yZr1oz
|J|Ladybug
|J|IronBullet93
|J|fran17
|J|bouff
|J|Astounded
|J|Sapientia
|J|Goddess Martel
|J|Asuya's FanGurl
|J|Fireburn
|c| bit.ly\/1yZr1oz|go meru *-*
|J|Ginku
|L|Ginku
|J|Ginku
|J|Cnorth26
|J|august
|J|suiÑunÐµ
|J|double01
|c|âMeruu|modchatz
|J|namehtmas
|J|New Breed
|J|BAIKA
|c|âMeruu|imo tbh
|c|+Finchinator|go bugzy
|J|reyscarface
|J|Moony
|J|Conflict
|c|+double01|spl?
|J|galactico
|J|Henry
|c|âMeruu|also gl bugzy liking ur team
|c|+namehtmas|n ost
|c|âbugzinator RC|u2
|J|Ciele
|J|h-c is bad
|c|âbugzinator RC|~_~
|J|fitzy
|J|Mr.378
|J|bomber
|c|+double01|:[
|raw|<div class="broadcast-red"><b>Moderated chat was set to %!<\/b><br \/>Only users of rank % and higher can talk.<\/div>
|J|dekzeh
|J|IUM ï½ï½ï½ï½ï½ ï½ï½ï½ï½ï½ï½ï½ï½
|J|Stathakis
|J|bro fist
|J|Soulgazer
|J|ba$ed n bad
|J|FAJI
|J|IAmGIngy
|J|HONOR
|J|Misery Business
|J|Lockheeed
|J|Thetwinmasters
|J|Alexander
|J|Zenadark
|J|Dilwar's Alt
|J|CrashinBoomBang
|c|âMeruu|.
|J|RiCH HOMiE CA$ED
|
|start
|switch|p1a: Jirachi|Jirachi|341\/341
|switch|p2a: Hydreigon|Hydreigon, F|325\/325
|turn|1
|J|nhngfbdc
|
|move|p1a: Jirachi|U-turn|p2a: Hydreigon
|-supereffective|p2a: Hydreigon
|-damage|p2a: Hydreigon|181\/325
|J|elastico
|J|Rodri18
|
|switch|p1a: Florges|Florges, F|360\/360
|move|p2a: Hydreigon|U-turn|p1a: Florges
|-crit|p1a: Florges
|-resisted|p1a: Florges
|-damage|p1a: Florges|320\/360
|J|TFL
|J|Ernes
|
|switch|p2a: Dragalge|Dragalge, F|310\/310
|
|-heal|p1a: Florges|342\/360|[from] item: Leftovers
|turn|2
|J|ULT Christo
|J|Jukain
|J|Void
|J|zdrup
|L|Dilwar's Alt
|L|Zenadark
|J|sugarhigh
|J|mael oo
|
|switch|p1a: Krookodile|Krookodile, M|331\/331
|-ability|p1a: Krookodile|Intimidate|[of] p2a: Dragalge
|-unboost|p2a: Dragalge|atk|1
|move|p2a: Dragalge|Toxic Spikes|p1a: Krookodile
|-sidestart|p1: Meruu|move: Toxic Spikes
|
|turn|3
|J|Zamrock
|J|Lord Emvee
|J|dingbat
|J|lunarr
|J|craing ;_;
|L|TFL
|
|switch|p2a: Whimsicott|Whimsicott, M|323\/323
|move|p1a: Krookodile|Knock Off|p2a: Whimsicott
|-resisted|p2a: Whimsicott
|-damage|p2a: Whimsicott|251\/323
|-enditem|p2a: Whimsicott|Leftovers|[from] move: Knock Off|[of] p1a: Krookodile
|
|turn|4
|J|ZoroDark
|J|ssjjynx
|J|vilest vileplume
|
|switch|p1a: Aerodactyl|Aerodactyl, F|301\/301
|-ability|p1a: Aerodactyl|Pressure
|move|p2a: Whimsicott|U-turn|p1a: Aerodactyl
|-resisted|p1a: Aerodactyl
|-damage|p1a: Aerodactyl|281\/301
|J|SuperSmoke
|
|switch|p2a: Slowking|Slowking, F|393\/393
|
|turn|5
|J|Quaggsterrr
|J|Lohgock
|
|switch|p1a: Slowking|Slowking, M|394\/394
|-status|p1a: Slowking|psn
|move|p2a: Slowking|Scald|p1a: Slowking
|-resisted|p1a: Slowking
|-damage|p1a: Slowking|353\/394 psn
|
|-heal|p1a: Slowking|377\/394 psn|[from] item: Leftovers
|-damage|p1a: Slowking|328\/394 psn|[from] psn
|turn|6
|J|Benita
|J|Updated Kanto
|J|Sweep
|J|Raducan
|
|switch|p2a: Whimsicott|Whimsicott, M|251\/323
|move|p1a: Slowking|Scald|p2a: Whimsicott
|-crit|p2a: Whimsicott
|-resisted|p2a: Whimsicott
|-damage|p2a: Whimsicott|167\/323
|
|-heal|p1a: Slowking|352\/394 psn|[from] item: Leftovers
|-damage|p1a: Slowking|303\/394 psn|[from] psn
|turn|7
|
|move|p2a: Whimsicott|Leech Seed|p1a: Slowking
|-start|p1a: Slowking|move: Leech Seed
|move|p1a: Slowking|Scald|p2a: Whimsicott
|-resisted|p2a: Whimsicott
|-damage|p2a: Whimsicott|104\/323
|
|-heal|p1a: Slowking|327\/394 psn|[from] item: Leftovers
|-damage|p1a: Slowking|278\/394 psn|[from] Leech Seed|[of] p2a: Whimsicott
|-heal|p2a: Whimsicott|153\/323|[silent]
|-damage|p1a: Slowking|229\/394 psn|[from] psn
|turn|8
|J|Ah Yueah
|
|switch|p1a: Forretress|Forretress, M|354\/354
|move|p2a: Whimsicott|U-turn|p1a: Forretress
|-crit|p1a: Forretress
|-resisted|p1a: Forretress
|-damage|p1a: Forretress|342\/354
|L|Ah Yueah
|J|4trackboy
|J|ALLALA haxes
|J|Aogiri Tree
|J|Tom Bus
|L|Aogiri Tree
|J|FNH
|J|Qwilphish
|
|switch|p2a: Dragalge|Dragalge, F|310\/310
|
|-heal|p1a: Forretress|354\/354|[from] item: Leftovers
|turn|9
|J|JabbaTheGriffin
|J|Alth
|J|Mencemeat
|J|clueless
|J|Brazilian Army
|J|Enki
|J|FruitDealer
|J|Ren-chon
|J|Aogiri Tree
|
|move|p2a: Dragalge|Draco Meteor|p1a: Forretress
|-resisted|p1a: Forretress
|-damage|p1a: Forretress|117\/354
|-unboost|p2a: Dragalge|spa|2
|move|p1a: Forretress|Volt Switch|p2a: Dragalge
|-resisted|p2a: Dragalge
|-damage|p2a: Dragalge|295\/310
|J|PURRL
|J|TFC
|
|switch|p1a: Slowking|Slowking, M|360\/394 psn
|
|-heal|p1a: Slowking|384\/394 psn|[from] item: Leftovers
|-damage|p1a: Slowking|335\/394 psn|[from] psn
|turn|10
|J|galbia
|J|Cienight
|J|Gelly
|J|Ox the Box
|
|switch|p2a: Slowking|Slowking, F|393\/393
|move|p1a: Slowking|Scald|p2a: Slowking
|-resisted|p2a: Slowking
|-damage|p2a: Slowking|349\/393
|-status|p2a: Slowking|brn
|
|-heal|p2a: Slowking|373\/393 brn|[from] item: Leftovers
|-heal|p1a: Slowking|359\/394 psn|[from] item: Leftovers
|-damage|p2a: Slowking|324\/393 brn|[from] brn
|-damage|p1a: Slowking|310\/394 psn|[from] psn
|turn|11
|
|move|p2a: Slowking|Scald|p1a: Slowking
|-resisted|p1a: Slowking
|-damage|p1a: Slowking|268\/394 psn
|move|p1a: Slowking|Scald|p2a: Slowking
|-resisted|p2a: Slowking
|-damage|p2a: Slowking|280\/393 brn
|
|-heal|p2a: Slowking|304\/393 brn|[from] item: Leftovers
|-heal|p1a: Slowking|292\/394 psn|[from] item: Leftovers
|-damage|p2a: Slowking|255\/393 brn|[from] brn
|-damage|p1a: Slowking|243\/394 psn|[from] psn
|turn|12
|J|Tirips
|J|leremyju
|J|Joghurt
|
|move|p2a: Slowking|Scald|p1a: Slowking
|-resisted|p1a: Slowking
|-damage|p1a: Slowking|198\/394 psn
|move|p1a: Slowking|Scald|p2a: Slowking
|-resisted|p2a: Slowking
|-damage|p2a: Slowking|213\/393 brn
|
|-heal|p2a: Slowking|237\/393 brn|[from] item: Leftovers
|-heal|p1a: Slowking|222\/394 psn|[from] item: Leftovers
|-damage|p2a: Slowking|188\/393 brn|[from] brn
|-damage|p1a: Slowking|173\/394 psn|[from] psn
|turn|13
|J|e7e
|
|switch|p2a: Whimsicott|Whimsicott, M|153\/323
|move|p1a: Slowking|Slack Off|p1a: Slowking
|-heal|p1a: Slowking|370\/394 psn
|
|-heal|p1a: Slowking|394\/394 psn|[from] item: Leftovers
|-damage|p1a: Slowking|345\/394 psn|[from] psn
|turn|14
|J|ludicrousman
|
|move|p2a: Whimsicott|Leech Seed|p1a: Slowking
|-start|p1a: Slowking|move: Leech Seed
|move|p1a: Slowking|Scald|p2a: Whimsicott
|-resisted|p2a: Whimsicott
|-damage|p2a: Whimsicott|92\/323
|-status|p2a: Whimsicott|brn
|
|-heal|p1a: Slowking|369\/394 psn|[from] item: Leftovers
|-damage|p1a: Slowking|320\/394 psn|[from] Leech Seed|[of] p2a: Whimsicott
|-heal|p2a: Whimsicott|141\/323 brn|[silent]
|-damage|p2a: Whimsicott|101\/323 brn|[from] brn
|-damage|p1a: Slowking|271\/394 psn|[from] psn
|turn|15
|c|âMeruu|ban scald
|L|leremyju
|J|Teddeh
|
|switch|p1a: Aerodactyl|Aerodactyl, F|281\/301
|-ability|p1a: Aerodactyl|Pressure
|move|p2a: Whimsicott|U-turn|p1a: Aerodactyl
|-resisted|p1a: Aerodactyl
|-damage|p1a: Aerodactyl|270\/301
|J|tbh js imo
|
|switch|p2a: Aggron|Aggron, F|344\/344
|
|turn|16
|J|Praj.pran
|L|Gelly
|L|Ox the Box
|J|rob
|J|SilentVerse
|L|tbh js imo
|
|switch|p1a: Slowking|Slowking, M|394\/394 psn
|detailschange|p2a: Aggron|Aggron-Mega, F
|-mega|p2a: Aggron|Aggron|Aggronite
|move|p2a: Aggron|Heavy Slam|p1a: Slowking
|-resisted|p1a: Slowking
|-damage|p1a: Slowking|325\/394 psn
|
|-heal|p1a: Slowking|349\/394 psn|[from] item: Leftovers
|-damage|p1a: Slowking|300\/394 psn|[from] psn
|turn|17
|J|hncc
|J|skysoki
|
|switch|p1a: Forretress|Forretress, M|117\/354
|move|p2a: Aggron|Curse|p2a: Aggron
|-boost|p2a: Aggron|atk|1
|-boost|p2a: Aggron|def|1
|-unboost|p2a: Aggron|spe|1
|
|-heal|p1a: Forretress|139\/354|[from] item: Leftovers
|turn|18
|L|SilentVerse
|L|Sweep
|L|FNH
|c|âMeruu|ew
|J|SilentVerse
|J|jellu
|J|gizmo
|
|move|p2a: Aggron|Heavy Slam|p1a: Forretress
|-resisted|p1a: Forretress
|-damage|p1a: Forretress|82\/354
|move|p1a: Forretress|Volt Switch|p2a: Aggron
|-damage|p2a: Aggron|312\/344
|
|switch|p1a: Slowking|Slowking, M|394\/394 psn
|
|-damage|p1a: Slowking|345\/394 psn|[from] psn
|turn|19
|L|Praj.pran
|
|move|p1a: Slowking|Scald|p2a: Aggron
|-damage|p2a: Aggron|231\/344
|move|p2a: Aggron|Curse|p2a: Aggron
|-boost|p2a: Aggron|atk|1
|-boost|p2a: Aggron|def|1
|-unboost|p2a: Aggron|spe|1
|
|-heal|p1a: Slowking|369\/394 psn|[from] item: Leftovers
|-damage|p1a: Slowking|320\/394 psn|[from] psn
|turn|20
|J|El-Soldier
|
|move|p1a: Slowking|Calm Mind|p1a: Slowking
|-boost|p1a: Slowking|spa|1
|-boost|p1a: Slowking|spd|1
|move|p2a: Aggron|Heavy Slam|p1a: Slowking
|-resisted|p1a: Slowking
|-damage|p1a: Slowking|185\/394 psn
|
|-heal|p1a: Slowking|209\/394 psn|[from] item: Leftovers
|-damage|p1a: Slowking|160\/394 psn|[from] psn
|turn|21
|L|Thetwinmasters
|J|Great1ncarnation
|J|TheEnder
|
|move|p1a: Slowking|Slack Off|p1a: Slowking
|-heal|p1a: Slowking|357\/394 psn
|move|p2a: Aggron|Heavy Slam|p1a: Slowking
|-resisted|p1a: Slowking
|-damage|p1a: Slowking|231\/394 psn
|
|-heal|p1a: Slowking|255\/394 psn|[from] item: Leftovers
|-damage|p1a: Slowking|206\/394 psn|[from] psn
|turn|22
|J|rivers of dratini
|J|Tesung
|J|Praj.pran
|J|Lavish Spawn
|J|cbt
|L|rivers of dratini
|J|iris
|c|âMeruu|pre-emptive ban scald
|J|Laga
|J|majaspic22
|
|move|p1a: Slowking|Scald|p2a: Aggron
|-damage|p2a: Aggron|117\/344
|-status|p2a: Aggron|brn
|move|p2a: Aggron|Heavy Slam|p1a: Slowking
|-resisted|p1a: Slowking
|-damage|p1a: Slowking|135\/394 psn
|
|-heal|p1a: Slowking|159\/394 psn|[from] item: Leftovers
|-damage|p1a: Slowking|110\/394 psn|[from] psn
|-damage|p2a: Aggron|74\/344 brn|[from] brn
|turn|23
|J|H-C
|J|EGTZexion
|J|Reymedy
|J|Celsius
|J|boudouche
|
|switch|p2a: Slowking|Slowking, F|319\/393 brn
|move|p1a: Slowking|Scald|p2a: Slowking
|-resisted|p2a: Slowking
|-damage|p2a: Slowking|256\/393 brn
|
|-heal|p2a: Slowking|280\/393 brn|[from] item: Leftovers
|-heal|p1a: Slowking|134\/394 psn|[from] item: Leftovers
|-damage|p2a: Slowking|231\/393 brn|[from] brn
|-damage|p1a: Slowking|85\/394 psn|[from] psn
|turn|24
|J|dzasgaedh
|L|SuperSmoke
|L|dzasgaedh
|
|switch|p1a: Jirachi|Jirachi|341\/341
|move|p2a: Slowking|Dragon Tail|p1a: Jirachi
|-resisted|p1a: Jirachi
|-damage|p1a: Jirachi|333\/341
|drag|p1a: Aerodactyl|Aerodactyl, F|270\/301
|-ability|p1a: Aerodactyl|Pressure
|
|-heal|p2a: Slowking|255\/393 brn|[from] item: Leftovers
|-damage|p2a: Slowking|206\/393 brn|[from] brn
|turn|25
|L|galactico
|J|MetalGro$$
|L|skysoki
|L|Zamrock
|L|Sapientia
|
|detailschange|p1a: Aerodactyl|Aerodactyl-Mega, F
|-mega|p1a: Aerodactyl|Aerodactyl|Aerodactylite
|move|p1a: Aerodactyl|Stone Edge|p2a: Slowking
|-damage|p2a: Slowking|50\/393 brn
|move|p2a: Slowking|Scald|p1a: Aerodactyl
|-crit|p1a: Aerodactyl
|-supereffective|p1a: Aerodactyl
|-damage|p1a: Aerodactyl|0 fnt
|faint|p1a: Aerodactyl
|
|-heal|p2a: Slowking|74\/393 brn|[from] item: Leftovers
|-damage|p2a: Slowking|25\/393 brn|[from] brn
|c|âMeruu|ouch
|L|Quaggsterrr
|c|âMeruu|shouldve been adamant
|L|A2tehBR
|J|King Tsunami
|L|Void
|J|the Jaiho
|L|Stathakis
|J|Void
|J|Stathakis
|
|switch|p1a: Krookodile|Krookodile, M|331\/331
|-status|p1a: Krookodile|psn
|-ability|p1a: Krookodile|Intimidate|[of] p2a: Slowking
|-unboost|p2a: Slowking|atk|1
|turn|26
|L|Ren-chon
|J|BKC
|J|giara
|
|move|p1a: Krookodile|Pursuit|p2a: Slowking|[from]Pursuit
|-supereffective|p2a: Slowking
|-damage|p2a: Slowking|0 fnt
|faint|p2a: Slowking
|
|-damage|p1a: Krookodile|290\/331 psn|[from] psn
|L|Lord Emvee
|L|BKC
|
|switch|p2a: Hydreigon|Hydreigon, F|181\/325
|turn|27
|J|McMeghan
|L|Soulgazer
|
|switch|p1a: Jirachi|Jirachi|333\/341
|move|p2a: Hydreigon|U-turn|p1a: Jirachi
|-damage|p1a: Jirachi|284\/341
|J|EvaUnit10
|
|switch|p2a: Gligar|Gligar, F|334\/334
|
|turn|28
|L|EvaUnit10
|J|Hawkstar
|
|move|p1a: Jirachi|U-turn|p2a: Gligar
|-resisted|p2a: Gligar
|-damage|p2a: Gligar|312\/334
|
|switch|p1a: Slowking|Slowking, M|216\/394 psn
|move|p2a: Gligar|Stealth Rock|p1a: Slowking
|-sidestart|p1: Meruu|move: Stealth Rock
|
|-heal|p1a: Slowking|240\/394 psn|[from] item: Leftovers
|-damage|p1a: Slowking|191\/394 psn|[from] psn
|turn|29
|L|fran17
|
|move|p2a: Gligar|U-turn|p1a: Slowking
|-supereffective|p1a: Slowking
|-damage|p1a: Slowking|119\/394 psn
|
|switch|p2a: Hydreigon|Hydreigon, F|181\/325
|move|p1a: Slowking|Slack Off|p1a: Slowking
|-heal|p1a: Slowking|316\/394 psn
|
|-heal|p1a: Slowking|340\/394 psn|[from] item: Leftovers
|-damage|p1a: Slowking|291\/394 psn|[from] psn
|turn|30
|L|gizmo
|L|nhngfbdc
|L|cbt
|J|cbt
|J|ee ohgh ah han
|L|ee ohgh ah han
|
|switch|p1a: Florges|Florges, F|342\/360
|-damage|p1a: Florges|297\/360|[from] Stealth Rock
|-status|p1a: Florges|psn
|move|p2a: Hydreigon|Dark Pulse|p1a: Florges
|-resisted|p1a: Florges
|-damage|p1a: Florges|256\/360 psn
|
|-heal|p1a: Florges|278\/360 psn|[from] item: Leftovers
|-damage|p1a: Florges|233\/360 psn|[from] psn
|turn|31
|J|Soulgazer
|J|Geotal
|L|TheEnder
|
|switch|p2a: Dragalge|Dragalge, F|295\/310
|move|p1a: Florges|Moonblast|p2a: Dragalge
|-damage|p2a: Dragalge|189\/310
|
|-heal|p1a: Florges|255\/360 psn|[from] item: Leftovers
|-damage|p1a: Florges|210\/360 psn|[from] psn
|turn|32
|L|Brazilian Army
|L|Geotal
|L|Soulgazer
|c|âMeruu|damn
|c|âMeruu|i dont have time to calc
|
|switch|p1a: Jirachi|Jirachi|284\/341
|-damage|p1a: Jirachi|263\/341|[from] Stealth Rock
|move|p2a: Dragalge|Draco Meteor|p1a: Jirachi
|-resisted|p1a: Jirachi
|-damage|p1a: Jirachi|105\/341
|-unboost|p2a: Dragalge|spa|2
|
|turn|33
|J|mmaver
|L|HaxW.We R DNA
|J|HaxW.We R DNA
|
|switch|p2a: Gligar|Gligar, F|312\/334
|move|p1a: Jirachi|U-turn|p2a: Gligar
|-resisted|p2a: Gligar
|-damage|p2a: Gligar|293\/334
|L|HaxW.We R DNA
|J|HaxW.We R DNA
|c|âMeruu|damn its a roll
|
|switch|p1a: Forretress|Forretress, M|82\/354
|-damage|p1a: Forretress|38\/354|[from] Stealth Rock
|
|-heal|p1a: Forretress|60\/354|[from] item: Leftovers
|turn|34
|J|m4ver
|L|Cienight
|J|galactico
|J|BKC
|c|@reyscarface|timer
|
|move|p2a: Gligar|U-turn|p1a: Forretress
|-resisted|p1a: Forretress
|-damage|p1a: Forretress|46\/354
|
|switch|p2a: Aggron|Aggron-Mega, F|74\/344 brn
|move|p1a: Forretress|Rapid Spin|p2a: Aggron
|-resisted|p2a: Aggron
|-damage|p2a: Aggron|70\/344 brn
|-sideend|p1: Meruu|Toxic Spikes|[from] move: Rapid Spin|[of] p1a: Forretress
|-sideend|p1: Meruu|Stealth Rock|[from] move: Rapid Spin|[of] p1a: Forretress
|
|-heal|p1a: Forretress|68\/354|[from] item: Leftovers
|-damage|p2a: Aggron|27\/344 brn|[from] brn
|turn|35
|J|KingT9722
|L|giara
|J|txerogross
|
|switch|p1a: Slowking|Slowking, M|394\/394 psn
|move|p2a: Aggron|Rest|p2a: Aggron
|-status|p2a: Aggron|slp
|-heal|p2a: Aggron|344\/344 slp|[silent]
|-status|p2a: Aggron|slp|[from] move: Rest
|
|-damage|p1a: Slowking|345\/394 psn|[from] psn
|turn|36
|L|Raducan
|
|switch|p2a: Dragalge|Dragalge, F|189\/310
|switch|p1a: Jirachi|Jirachi|105\/341
|
|turn|37
|
|switch|p2a: Aggron|Aggron-Mega, F|344\/344 slp
|move|p1a: Jirachi|Iron Head|p2a: Aggron
|-resisted|p2a: Aggron
|-damage|p2a: Aggron|314\/344 slp
|
|turn|38
|
|switch|p1a: Krookodile|Krookodile, M|290\/331 psn
|-ability|p1a: Krookodile|Intimidate|[of] p2a: Aggron
|-unboost|p2a: Aggron|atk|1
|switch|p2a: Dragalge|Dragalge, F|189\/310
|
|-damage|p1a: Krookodile|249\/331 psn|[from] psn
|turn|39
|J|ampd302
|J|kebabe
|
|switch|p2a: Whimsicott|Whimsicott, M|101\/323 brn
|move|p1a: Krookodile|Stealth Rock|p2a: Whimsicott
|-sidestart|p2: bugzinator RC|move: Stealth Rock
|
|-damage|p1a: Krookodile|208\/331 psn|[from] psn
|-damage|p2a: Whimsicott|61\/323 brn|[from] brn
|turn|40
|L|Alexander
|
|switch|p1a: Jirachi|Jirachi|105\/341
|move|p2a: Whimsicott|Leech Seed|p1a: Jirachi
|-start|p1a: Jirachi|move: Leech Seed
|
|-damage|p1a: Jirachi|63\/341|[from] Leech Seed|[of] p2a: Whimsicott
|-heal|p2a: Whimsicott|103\/323 brn|[silent]
|-damage|p2a: Whimsicott|63\/323 brn|[from] brn
|turn|41
|L|Lavish Spawn
|J|sobrekito
|
|move|p2a: Whimsicott|Leech Seed|p1a: Jirachi
|-fail|p1a: Jirachi
|move|p1a: Jirachi|U-turn|p2a: Whimsicott
|-damage|p2a: Whimsicott|12\/323 brn
|J|BalloonRotom
|L|Aogiri Tree
|
|switch|p1a: Florges|Florges, F|210\/360 psn
|
|-heal|p1a: Florges|232\/360 psn|[from] item: Leftovers
|-damage|p2a: Whimsicott|0 fnt|[from] brn
|-damage|p1a: Florges|187\/360 psn|[from] psn
|faint|p2a: Whimsicott
|
|switch|p2a: Dragalge|Dragalge, F|189\/310
|-damage|p2a: Dragalge|151\/310|[from] Stealth Rock
|turn|42
|J|Toxzn
|L|Lockheeed
|
|move|p1a: Florges|Moonblast|p2a: Dragalge
|-damage|p2a: Dragalge|51\/310
|move|p2a: Dragalge|Toxic Spikes|p1a: Florges
|-sidestart|p1: Meruu|move: Toxic Spikes
|
|-heal|p1a: Florges|209\/360 psn|[from] item: Leftovers
|-damage|p1a: Florges|164\/360 psn|[from] psn
|turn|43
|J|Santuga
|J|Bluwing
|J|Draco Meteora
|
|switch|p1a: Jirachi|Jirachi|63\/341
|move|p2a: Dragalge|Sludge Wave|p1a: Jirachi
|-immune|p1a: Jirachi|[msg]
|
|turn|44
|J|giara
|
|move|p1a: Jirachi|U-turn|p2a: Dragalge
|-resisted|p2a: Dragalge
|-damage|p2a: Dragalge|13\/310
|
|switch|p1a: Krookodile|Krookodile, M|208\/331 psn
|-ability|p1a: Krookodile|Intimidate|[of] p2a: Dragalge
|-unboost|p2a: Dragalge|atk|1
|move|p2a: Dragalge|Sludge Wave|p1a: Krookodile
|-crit|p1a: Krookodile
|-resisted|p1a: Krookodile
|-damage|p1a: Krookodile|4\/331 psn
|
|-damage|p1a: Krookodile|0 fnt|[from] psn
|faint|p1a: Krookodile
|L|Bluwing
|J|DERDOMME
|J|Bedschibaer
|c|âMeruu|aw
|J|Zamrock
|J|Clockwatch
|J|Lord Emvee
|
|switch|p1a: Jirachi|Jirachi|63\/341
|turn|45
|J|CherubAgent
|J|Thetwinmasters
|J|Bluwing
|
|move|p1a: Jirachi|U-turn|p2a: Dragalge
|-resisted|p2a: Dragalge
|-damage|p2a: Dragalge|0 fnt
|faint|p2a: Dragalge
|J|FORTUNE
|
|switch|p1a: Forretress|Forretress, M|68\/354
|
|-heal|p1a: Forretress|90\/354|[from] item: Leftovers
|
|switch|p2a: Hydreigon|Hydreigon, F|181\/325
|-damage|p2a: Hydreigon|141\/325|[from] Stealth Rock
|turn|46
|
|switch|p1a: Florges|Florges, F|164\/360 psn
|move|p2a: Hydreigon|Fire Blast|p1a: Florges
|-damage|p1a: Florges|92\/360 psn
|
|-heal|p1a: Florges|114\/360 psn|[from] item: Leftovers
|-damage|p1a: Florges|69\/360 psn|[from] psn
|turn|47
|J|Zeb
|J|kd24
|
|switch|p1a: Slowking|Slowking, M|394\/394 psn
|move|p2a: Hydreigon|Fire Blast|p1a: Slowking
|-crit|p1a: Slowking
|-resisted|p1a: Slowking
|-damage|p1a: Slowking|313\/394 psn
|
|-heal|p1a: Slowking|337\/394 psn|[from] item: Leftovers
|-damage|p1a: Slowking|288\/394 psn|[from] psn
|turn|48
|
|switch|p2a: Gligar|Gligar, F|293\/334
|-damage|p2a: Gligar|252\/334|[from] Stealth Rock
|move|p1a: Slowking|Scald|p2a: Gligar
|-supereffective|p2a: Gligar
|-damage|p2a: Gligar|136\/334
|-status|p2a: Gligar|brn
|
|-heal|p1a: Slowking|312\/394 psn|[from] item: Leftovers
|-damage|p2a: Gligar|95\/334 brn|[from] brn
|-damage|p1a: Slowking|263\/394 psn|[from] psn
|turn|49
|L|Joghurt
|c|âMeruu|b-ban scald?
|
|switch|p1a: Forretress|Forretress, M|90\/354
|move|p2a: Gligar|U-turn|p1a: Forretress
|-resisted|p1a: Forretress
|-damage|p1a: Forretress|84\/354
|
|switch|p2a: Hydreigon|Hydreigon, F|141\/325
|-damage|p2a: Hydreigon|101\/325|[from] Stealth Rock
|
|-heal|p1a: Forretress|106\/354|[from] item: Leftovers
|turn|50
|J|Arcticblast
|L|Praj.pran
|L|galactico
|
|move|p2a: Hydreigon|Dark Pulse|p1a: Forretress
|-damage|p1a: Forretress|0 fnt
|faint|p1a: Forretress
|
|
|switch|p1a: Jirachi|Jirachi|63\/341
|turn|51
|L|Arcticblast
|
|switch|p2a: Aggron|Aggron-Mega, F|314\/344 slp
|-damage|p2a: Aggron|293\/344 slp|[from] Stealth Rock
|move|p1a: Jirachi|Healing Wish|p1a: Jirachi
|faint|p1a: Jirachi
|
|J|Ren-chon
|
|switch|p1a: Florges|Florges, F|69\/360 psn
|-heal|p1a: Florges|360\/360|[from] move: Healing Wish
|-status|p1a: Florges|psn
|turn|52
|
|switch|p1a: Slowking|Slowking, M|394\/394 psn
|cant|p2a: Aggron|slp
|move|p2a: Aggron|Sleep Talk|p2a: Aggron
|move|p2a: Aggron|Heavy Slam|p1a: Slowking|[from]Sleep Talk
|-resisted|p1a: Slowking
|-damage|p1a: Slowking|331\/394 psn
|
|-heal|p1a: Slowking|355\/394 psn|[from] item: Leftovers
|-damage|p1a: Slowking|306\/394 psn|[from] psn
|turn|53
|J|user zf
|J|tml
|J|ee ohgh ah han
|J|Alexander
|J|atticus
|
|cant|p2a: Aggron|slp
|move|p2a: Aggron|Sleep Talk|p2a: Aggron
|move|p2a: Aggron|Curse|p2a: Aggron|[from]Sleep Talk
|-boost|p2a: Aggron|atk|1
|-boost|p2a: Aggron|def|1
|-unboost|p2a: Aggron|spe|1
|move|p1a: Slowking|Calm Mind|p1a: Slowking
|-boost|p1a: Slowking|spa|1
|-boost|p1a: Slowking|spd|1
|
|-heal|p1a: Slowking|330\/394 psn|[from] item: Leftovers
|-damage|p1a: Slowking|281\/394 psn|[from] psn
|turn|54
|J|Orch
|
|move|p1a: Slowking|Calm Mind|p1a: Slowking
|-boost|p1a: Slowking|spa|1
|-boost|p1a: Slowking|spd|1
|-curestatus|p2a: Aggron|slp
|move|p2a: Aggron|Curse|p2a: Aggron
|-boost|p2a: Aggron|atk|1
|-boost|p2a: Aggron|def|1
|-unboost|p2a: Aggron|spe|1
|
|-heal|p1a: Slowking|305\/394 psn|[from] item: Leftovers
|-damage|p1a: Slowking|256\/394 psn|[from] psn
|turn|55
|L|Lohgock
|L|Qwilphish
|
|move|p1a: Slowking|Scald|p2a: Aggron
|-damage|p2a: Aggron|140\/344
|move|p2a: Aggron|Heavy Slam|p1a: Slowking
|-resisted|p1a: Slowking
|-damage|p1a: Slowking|127\/394 psn
|
|-heal|p1a: Slowking|151\/394 psn|[from] item: Leftovers
|-damage|p1a: Slowking|102\/394 psn|[from] psn
|turn|56
|L|FORTUNE
|J|Qwilphish
|J|iMeridian
|J|blunderr
|J|SAGA
|J|pistolero
|J|FORTUNE
|
|switch|p2a: Gligar|Gligar, F|95\/334 brn
|-damage|p2a: Gligar|54\/334 brn|[from] Stealth Rock
|move|p1a: Slowking|Slack Off|p1a: Slowking
|-heal|p1a: Slowking|299\/394 psn
|
|-heal|p1a: Slowking|323\/394 psn|[from] item: Leftovers
|-damage|p2a: Gligar|13\/334 brn|[from] brn
|-damage|p1a: Slowking|274\/394 psn|[from] psn
|turn|57
|J|jpw234
|
|move|p2a: Gligar|Roost|p2a: Gligar
|-heal|p2a: Gligar|180\/334 brn
|move|p1a: Slowking|Slack Off|p1a: Slowking
|-heal|p1a: Slowking|394\/394 psn
|
|-damage|p2a: Gligar|139\/334 brn|[from] brn
|-damage|p1a: Slowking|345\/394 psn|[from] psn
|turn|58
|J|Hydratic
|
|move|p2a: Gligar|Earthquake|p1a: Slowking
|-damage|p1a: Slowking|305\/394 psn
|move|p1a: Slowking|Scald|p2a: Gligar
|-supereffective|p2a: Gligar
|-damage|p2a: Gligar|0 fnt
|faint|p2a: Gligar
|
|-heal|p1a: Slowking|329\/394 psn|[from] item: Leftovers
|-damage|p1a: Slowking|280\/394 psn|[from] psn
|L|BKC
|
|switch|p2a: Hydreigon|Hydreigon, F|101\/325
|-damage|p2a: Hydreigon|61\/325|[from] Stealth Rock
|turn|59
|J|Dread Arceus
|
|move|p2a: Hydreigon|U-turn|p1a: Slowking
|-supereffective|p1a: Slowking
|-damage|p1a: Slowking|192\/394 psn
|
|switch|p2a: Aggron|Aggron-Mega, F|140\/344
|-damage|p2a: Aggron|119\/344|[from] Stealth Rock
|move|p1a: Slowking|Scald|p2a: Aggron
|-damage|p2a: Aggron|0 fnt
|faint|p2a: Aggron
|
|-heal|p1a: Slowking|216\/394 psn|[from] item: Leftovers
|-damage|p1a: Slowking|167\/394 psn|[from] psn
|c|âMeruu|oo
|c|âMeruu|gg
|c|âbugzinator RC|gg
|c|âbugzinator RC|it does make sense
|J|Cosine180
|c|âMeruu|idk i think going for the crit
|c|âMeruu|was ur best option
|c|âbugzinator RC|if he didnt wanna risk crit 
|c|âbugzinator RC|was over anyway
|L|blunderr
|L|Santuga
|c|âbugzinator RC|gg
|
|switch|p2a: Hydreigon|Hydreigon, F|61\/325
|-damage|p2a: Hydreigon|21\/325|[from] Stealth Rock
|turn|60
|J|leremyju
|c|âMeruu|but this has been a good 60 turns anyways
|
|move|p2a: Hydreigon|Dark Pulse|p1a: Slowking
|-supereffective|p1a: Slowking
|-damage|p1a: Slowking|51\/394 psn
|move|p1a: Slowking|Scald|p2a: Hydreigon
|-resisted|p2a: Hydreigon
|-damage|p2a: Hydreigon|0 fnt
|faint|p2a: Hydreigon
|
|win|Meruu
|L|tml
|L|RiCH HOMiE CA$ED
|c|âMeruu|gg
|L|SAGA
|L|FORTUNE
|L|Clockwatch
|L|Laga
|L|clueless
|L|bugzinator RC
|player|p2
|L|HONOR
|L|TFC
|L|Draco Meteora
|L|Mr.378
|L|Cosine180
|L|FAJI
|L|jpw234
|L|Yogiras
|L|HaxW.We R DNA
|L|rob
|L|King Tsunami
|L|Ren-chon
|L|Celsius
|L|silverbackkap
|L|giara
|L|leremyju
|L|Lord Emvee
|L|reyscarface
|L|dekzeh
|L|BalloonRotom
|L|Orch
|L|zdrup
|L|Astounded
|L|double01
|L|IronBullet93
|L|Bedschibaer
|L|sobrekito
|L|IAmGIngy
|L|Thetwinmasters
|L|bouff
|L|MetalGro$$
|L|Ladybug
|L|mael oo
|L|iris
|L|Teddeh
|L|Dread Arceus
|L|SilentVerse
|L|e7e
|L|Benita
|L|Conflict
|L|ee ohgh ah han
|L|Texas Cloverleaf
|L|CherubAgent
|L|txerogross
|L|bro fist
|L|Finchinator
|L|Qwilphish
|L|ssjjynx
|L|JabbaTheGriffin
|L|boudouche
|L|the Jaiho
|L|H-C
|L|Ciele
|L|Ernes
|L|Meruu
|player|p1