|join|North Korea Winner
|join|Meruu
|join|STEELIXXX
|player|p1|North Korea Winner|209
|player|p2|Meruu|45
|gametype|singles
|gen|6
|tier|UU
|rule|Sleep Clause Mod: Limit one foe put to sleep
|rule|Species Clause: Limit one of each PokÃ©mon
|rule|OHKO Clause: OHKO moves are banned
|rule|Moody Clause: Moody is banned
|rule|Evasion Moves Clause: Evasion moves are banned
|rule|Endless Battle Clause: Forcing endless battles is banned
|rule|HP Percentage Mod: HP is shown in percentages
|clearpoke
|poke|p1|Zygarde
|poke|p1|Swampert, M
|poke|p1|Suicune, shiny
|poke|p1|Crobat, M
|poke|p1|Alakazam, M
|poke|p1|Jirachi
|poke|p2|Reuniclus, M
|poke|p2|Florges, F
|poke|p2|Hydreigon, F
|poke|p2|Abomasnow, M
|poke|p2|Empoleon, M
|poke|p2|Jirachi
|rule|Swagger Clause: Swagger is banned
|rule|Baton Pass Clause: Limit one PokÃ©mon knowing Baton Pass
|teampreview
|join|voltage flare 13
|join|r0ady
|join|Yankmeister
|join|epic4eternity
|join|BasedAaron
|
|start
|switch|p1a: Cunt|Jirachi|341\/341
|switch|p2a: Abomasnow|Abomasnow, M|379\/379
|-weather|Hail
|turn|1
|c|âNorth Korea Winner|for our glorious leader
|join|testintime
|join|Salmoneus
|c| Yankmeister|the interview says otherwise
|join|Shit user
|
|switch|p2a: Jirachi|Jirachi|341\/341
|move|p1a: Cunt|U-turn|p2a: Jirachi
|-damage|p2a: Jirachi|274\/341
|
|switch|p1a: Ziggy Stardust|Zygarde|419\/419
|-ability|p1a: Ziggy Stardust|Aura Break
|
|-weather|Hail|[upkeep]
|-damage|p2a: Jirachi|253\/341|[from] hail
|-damage|p1a: Ziggy Stardust|393\/419|[from] hail
|-heal|p1a: Ziggy Stardust|419\/419|[from] item: Leftovers
|turn|2
|join|Laurens2603
|c| voltage flare 13|good luck contestants
|c|âNorth Korea Winner|yankie propaganda
|
|move|p2a: Jirachi|U-turn|p1a: Ziggy Stardust
|-damage|p1a: Ziggy Stardust|360\/419
|join|SadPierrot
|
|switch|p2a: Florges|Florges, F|360\/360
|move|p1a: Ziggy Stardust|Substitute|p1a: Ziggy Stardust
|-start|p1a: Ziggy Stardust|Substitute
|-damage|p1a: Ziggy Stardust|256\/419
|
|-weather|Hail|[upkeep]
|-damage|p1a: Ziggy Stardust|230\/419|[from] hail
|-damage|p2a: Florges|338\/360|[from] hail
|-heal|p1a: Ziggy Stardust|256\/419|[from] item: Leftovers
|-heal|p2a: Florges|360\/360|[from] item: Leftovers
|turn|3
|join|C-glehawk
|join|MrGatr
|join|I'm Bi...sharp
|
|move|p1a: Ziggy Stardust|Earthquake|p2a: Florges
|-damage|p2a: Florges|216\/360
|move|p2a: Florges|Moonblast|p1a: Ziggy Stardust
|-supereffective|p1a: Ziggy Stardust
|-end|p1a: Ziggy Stardust|Substitute
|
|-weather|Hail|[upkeep]
|-damage|p1a: Ziggy Stardust|230\/419|[from] hail
|-damage|p2a: Florges|194\/360|[from] hail
|-heal|p1a: Ziggy Stardust|256\/419|[from] item: Leftovers
|-heal|p2a: Florges|216\/360|[from] item: Leftovers
|turn|4
|
|switch|p1a: Cunt|Jirachi|341\/341
|move|p2a: Florges|Wish|p2a: Florges
|
|-weather|Hail|[upkeep]
|-damage|p1a: Cunt|320\/341|[from] hail
|-damage|p2a: Florges|194\/360|[from] hail
|-heal|p2a: Florges|216\/360|[from] item: Leftovers
|turn|5
|c| Laurens2603|GO KIM YUNG-LIM
|c| Laurens2603|or whatever
|
|move|p2a: Florges|Protect|p2a: Florges
|-singleturn|p2a: Florges|Protect
|move|p1a: Cunt|Iron Head|p2a: Florges
|-activate|p2a: Florges|Protect
|
|-weather|none
|-heal|p2a: Florges|360\/360|[from] move: Wish|[wisher] Florges
|turn|6
|
|switch|p1a: Bert|Swampert, M|404\/404
|switch|p2a: Empoleon|Empoleon, M|372\/372
|
|turn|7
|c| Shit user|ji sung park?
|c| Laurens2603|ya
|join|Starmie Sweep
|
|switch|p2a: Hydreigon|Hydreigon, F|325\/325
|move|p1a: Bert|Earthquake|p2a: Hydreigon
|-immune|p2a: Hydreigon|[msg]
|
|turn|8
|c| SadPierrot|kim yung-il
|c| Yankmeister|the guy who works at the restaurant down my road?
|
|move|p2a: Hydreigon|Dark Pulse|p1a: Bert
|-damage|p1a: Bert|217\/404
|-damage|p2a: Hydreigon|293\/325|[from] item: Life Orb
|move|p1a: Bert|Stealth Rock|p2a: Hydreigon
|-sidestart|p2: Meruu|move: Stealth Rock
|
|-heal|p1a: Bert|242\/404|[from] item: Leftovers
|turn|9
|join|IDerpy
|c| IDerpy|am i late?
|c| Laurens2603|yes
|c| Laurens2603|2late
|c| Shit user|is that sp def pert
|c| Laurens2603|skrub
|c| IDerpy|:L
|c| SadPierrot|are you pregnant?
|
|move|p2a: Hydreigon|Dark Pulse|p1a: Bert
|-damage|p1a: Bert|34\/404
|-damage|p2a: Hydreigon|261\/325|[from] item: Life Orb
|move|p1a: Bert|Scald|p2a: Hydreigon
|-resisted|p2a: Hydreigon
|-damage|p2a: Hydreigon|189\/325
|
|-heal|p1a: Bert|59\/404|[from] item: Leftovers
|turn|10
|c| Shit user|o min roll
|c| Laurens2603|flinch
|c| Laurens2603|o
|join|Lucipurrr
|
|move|p2a: Hydreigon|Dark Pulse|p1a: Bert
|-damage|p1a: Bert|0 fnt
|-damage|p2a: Hydreigon|157\/325|[from] item: Life Orb
|faint|p1a: Bert
|
|leave|IDerpy
|join|Sclee
|join|hairy toenail
|
|switch|p1a: Cunt|Jirachi|320\/341
|turn|11
|
|switch|p2a: Empoleon|Empoleon, M|372\/372
|-damage|p2a: Empoleon|349\/372|[from] Stealth Rock
|move|p1a: Cunt|U-turn|p2a: Empoleon
|-resisted|p2a: Empoleon
|-damage|p2a: Empoleon|309\/372
|join|Eyan
|
|switch|p1a: Ziggy Stardust|Zygarde|256\/419
|-ability|p1a: Ziggy Stardust|Aura Break
|
|-heal|p1a: Ziggy Stardust|282\/419|[from] item: Leftovers
|-heal|p2a: Empoleon|332\/372|[from] item: Leftovers
|turn|12
|
|move|p2a: Empoleon|Defog|p1a: Ziggy Stardust
|-unboost|p1a: Ziggy Stardust|evasion|1
|-sideend|p2: Meruu|Stealth Rock|[from] move: Defog|[of] p2a: Empoleon
|move|p1a: Ziggy Stardust|Dragon Tail|p2a: Empoleon
|-resisted|p2a: Empoleon
|-damage|p2a: Empoleon|277\/372
|drag|p2a: Abomasnow|Abomasnow, M|379\/379
|-weather|Hail
|
|-weather|Hail|[upkeep]
|-damage|p1a: Ziggy Stardust|256\/419|[from] hail
|-heal|p1a: Ziggy Stardust|282\/419|[from] item: Leftovers
|turn|13
|leave|SadPierrot
|join|pokemanMastur
|c|âNorth Korea Winner|i blame america for suboptimal dtail
|
|switch|p1a: Enucius|Suicune, shiny|404\/404
|-ability|p1a: Enucius|Pressure
|detailschange|p2a: Abomasnow|Abomasnow-Mega, M
|-mega|p2a: Abomasnow|Abomasnow|Abomasite
|move|p2a: Abomasnow|Ice Shard|p1a: Enucius
|-resisted|p1a: Enucius
|-damage|p1a: Enucius|378\/404
|
|-weather|Hail|[upkeep]
|-damage|p1a: Enucius|353\/404|[from] hail
|-heal|p1a: Enucius|378\/404|[from] item: Leftovers
|turn|14
|join|thymetime
|c| Lucipurrr|Kim Jong Won
|join|dingbat
|
|switch|p1a: Cunt|Jirachi|320\/341
|move|p2a: Abomasnow|Wood Hammer|p1a: Cunt
|-resisted|p1a: Cunt
|-damage|p1a: Cunt|211\/341
|-damage|p2a: Abomasnow|343\/379|[from] recoil|[of] p1a: Cunt
|
|-weather|Hail|[upkeep]
|-damage|p1a: Cunt|190\/341|[from] hail
|turn|15
|c| Lucipurrr|Get it, North Korea Winner?
|c| dingbat|Cunt
|c| hairy toenail|xd
|c| Shit user|xd
|c| dingbat|xd
|
|switch|p2a: Reuniclus|Reuniclus, M|424\/424
|move|p1a: Cunt|U-turn|p2a: Reuniclus
|-supereffective|p2a: Reuniclus
|-damage|p2a: Reuniclus|296\/424
|c| r0ady|where do i go after i see wally in the delta episode?
|
|switch|p1a: Brobat|Crobat, M|311\/311
|
|-weather|Hail|[upkeep]
|-damage|p1a: Brobat|292\/311|[from] hail
|-heal|p2a: Reuniclus|322\/424|[from] item: Leftovers
|turn|16
|
|move|p1a: Brobat|Brave Bird|p2a: Reuniclus
|-damage|p2a: Reuniclus|147\/424
|-damage|p1a: Brobat|234\/311|[from] recoil|[of] p2a: Reuniclus
|move|p2a: Reuniclus|Recover|p2a: Reuniclus
|-heal|p2a: Reuniclus|359\/424
|
|-weather|none
|-heal|p2a: Reuniclus|385\/424|[from] item: Leftovers
|turn|17
|
|move|p1a: Brobat|U-turn|p2a: Reuniclus
|-supereffective|p2a: Reuniclus
|-damage|p2a: Reuniclus|269\/424
|c| Yankmeister|you have to release all your pokes after
|c| voltage flare 13|go to mossdeep or back to devon
|
|switch|p1a: Spoonman|Alakazam, M|251\/251
|move|p2a: Reuniclus|Psyshock|p1a: Spoonman
|-resisted|p1a: Spoonman
|-damage|p1a: Spoonman|148\/251
|
|-heal|p2a: Reuniclus|295\/424|[from] item: Leftovers
|turn|18
|c| Yankmeister|to progress
|join|Beefcake Emperor
|c| pokemanMastur|Shadow ball? :D
|leave|Beefcake Emperor
|c| voltage flare 13|to progress
|join|save2014
|join|Emma Bae
|
|switch|p2a: Florges|Florges, F|360\/360
|detailschange|p1a: Spoonman|Alakazam-Mega, M
|-mega|p1a: Spoonman|Alakazam|Alakazite
|-ability|p1a: Spoonman|Flower Veil|[from] ability: Trace|[of] p2a: Florges
|move|p1a: Spoonman|Calm Mind|p1a: Spoonman
|-boost|p1a: Spoonman|spa|1
|-boost|p1a: Spoonman|spd|1
|
|turn|19
|c| r0ady|i like how aerodactilyte is just sitting in the middle of a fucking cave
|
|switch|p2a: Hydreigon|Hydreigon, F|157\/325
|move|p1a: Spoonman|Calm Mind|p1a: Spoonman
|-boost|p1a: Spoonman|spa|1
|-boost|p1a: Spoonman|spd|1
|
|turn|20
|c| voltage flare 13|lol
|
|move|p1a: Spoonman|Dazzling Gleam|p2a: Hydreigon
|-supereffective|p2a: Hydreigon
|-damage|p2a: Hydreigon|0 fnt
|faint|p2a: Hydreigon
|
|c| voltage flare 13|who will win
|c| r0ady|and medichamite was in a corner
|
|switch|p2a: Jirachi|Jirachi|253\/341
|turn|21
|c| voltage flare 13|lol
|join|niccool
|join|BurstStream
|c|âMeruu|fuck this dude he traced my flower veil
|join|Duskt70
|
|switch|p1a: Ziggy Stardust|Zygarde|282\/419
|-ability|p1a: Ziggy Stardust|Aura Break
|move|p2a: Jirachi|U-turn|p1a: Ziggy Stardust
|-damage|p1a: Ziggy Stardust|219\/419
|
|switch|p2a: Abomasnow|Abomasnow-Mega, M|343\/379
|-weather|Hail
|
|-weather|Hail|[upkeep]
|-damage|p1a: Ziggy Stardust|193\/419|[from] hail
|-heal|p1a: Ziggy Stardust|219\/419|[from] item: Leftovers
|turn|22
|
|move|p2a: Abomasnow|Wood Hammer|p1a: Ziggy Stardust
|-damage|p1a: Ziggy Stardust|21\/419
|-damage|p2a: Abomasnow|278\/379|[from] recoil|[of] p1a: Ziggy Stardust
|move|p1a: Ziggy Stardust|Dragon Tail|p2a: Abomasnow
|-damage|p2a: Abomasnow|179\/379
|drag|p2a: Florges|Florges, F|360\/360
|
|-weather|Hail|[upkeep]
|-damage|p1a: Ziggy Stardust|0 fnt|[from] hail
|-damage|p2a: Florges|338\/360|[from] hail
|-heal|p2a: Florges|360\/360|[from] item: Leftovers
|faint|p1a: Ziggy Stardust
|
|switch|p1a: Cunt|Jirachi|190\/341
|turn|23
|c| voltage flare 13|i traced nature cure and swapped both my pokes where poison
|
|move|p2a: Florges|Protect|p2a: Florges
|-singleturn|p2a: Florges|Protect
|move|p1a: Cunt|Iron Head|p2a: Florges
|-activate|p2a: Florges|Protect
|
|-weather|Hail|[upkeep]
|-damage|p1a: Cunt|169\/341|[from] hail
|-damage|p2a: Florges|338\/360|[from] hail
|-heal|p2a: Florges|360\/360|[from] item: Leftovers
|turn|24
|join|Z23Adster
|
|switch|p1a: Enucius|Suicune, shiny|378\/404
|-ability|p1a: Enucius|Pressure
|switch|p2a: Empoleon|Empoleon, M|277\/372
|
|-weather|Hail|[upkeep]
|-damage|p1a: Enucius|353\/404|[from] hail
|-damage|p2a: Empoleon|254\/372|[from] hail
|-heal|p1a: Enucius|378\/404|[from] item: Leftovers
|-heal|p2a: Empoleon|277\/372|[from] item: Leftovers
|turn|25
|
|move|p1a: Enucius|Scald|p2a: Empoleon
|-resisted|p2a: Empoleon
|-damage|p2a: Empoleon|247\/372
|-status|p2a: Empoleon|brn
|move|p2a: Empoleon|Stealth Rock|p1a: Enucius
|-sidestart|p1: North Korea Winner|move: Stealth Rock
|
|-weather|none
|-heal|p1a: Enucius|403\/404|[from] item: Leftovers
|-heal|p2a: Empoleon|270\/372 brn|[from] item: Leftovers
|-damage|p2a: Empoleon|224\/372 brn|[from] brn
|turn|26
|join|UniterFlash
|c| r0ady|if empoleon got roost i feel like it would be wayyy better
|
|switch|p2a: Reuniclus|Reuniclus, M|295\/424
|move|p1a: Enucius|Scald|p2a: Reuniclus
|-damage|p2a: Reuniclus|198\/424
|-status|p2a: Reuniclus|brn
|
|-heal|p1a: Enucius|404\/404|[from] item: Leftovers
|-heal|p2a: Reuniclus|224\/424 brn|[from] item: Leftovers
|turn|27
|c| voltage flare 13|good luck
|c| BurstStream|r0ady Empoleon with roost
|
|switch|p1a: Cunt|Jirachi|169\/341
|-damage|p1a: Cunt|148\/341|[from] Stealth Rock
|move|p2a: Reuniclus|Recover|p2a: Reuniclus
|-heal|p2a: Reuniclus|424\/424 brn
|
|turn|28
|c| BurstStream|would have a shot of being OU cause muh Greninja Check wihtout Low Kick
|c|âMeruu|empoleon doesn't rly need roost... it would give more versatility for sure but it doesn't need it at all
|leave|Emma Bae
|c| voltage flare 13|i thought empoleon all ready got roost
|
|switch|p2a: Jirachi|Jirachi|253\/341
|move|p1a: Cunt|U-turn|p2a: Jirachi
|-damage|p2a: Jirachi|178\/341
|c| Laurens2603|STARDUST
|c| Shit user|yes cos all these roost empoleons
|c| Laurens2603|oml
|c| Shit user|you see all the time
|
|switch|p1a: Enucius|Suicune, shiny|404\/404
|-damage|p1a: Enucius|354\/404|[from] Stealth Rock
|-ability|p1a: Enucius|Pressure
|
|-heal|p1a: Enucius|379\/404|[from] item: Leftovers
|turn|29
|
|move|p2a: Jirachi|U-turn|p1a: Enucius
|-damage|p1a: Enucius|330\/404
|
|switch|p2a: Reuniclus|Reuniclus, M|424\/424 brn
|move|p1a: Enucius|Scald|p2a: Reuniclus
|-damage|p2a: Reuniclus|322\/424 brn
|
|-heal|p1a: Enucius|355\/404|[from] item: Leftovers
|-heal|p2a: Reuniclus|348\/424 brn|[from] item: Leftovers
|turn|30
|
|move|p1a: Enucius|Calm Mind|p1a: Enucius
|-boost|p1a: Enucius|spa|1
|-boost|p1a: Enucius|spd|1
|move|p2a: Reuniclus|Calm Mind|p2a: Reuniclus
|-boost|p2a: Reuniclus|spa|1
|-boost|p2a: Reuniclus|spd|1
|
|-heal|p1a: Enucius|380\/404|[from] item: Leftovers
|-heal|p2a: Reuniclus|374\/424 brn|[from] item: Leftovers
|turn|31
|c| Shit user|o
|leave|Laurens2603
|c| hairy toenail|o
|c| Shit user|nkw how hard can you crit
|
|switch|p1a: Cunt|Jirachi|148\/341
|-damage|p1a: Cunt|127\/341|[from] Stealth Rock
|move|p2a: Reuniclus|Calm Mind|p2a: Reuniclus
|-boost|p2a: Reuniclus|spa|1
|-boost|p2a: Reuniclus|spd|1
|
|-heal|p2a: Reuniclus|400\/424 brn|[from] item: Leftovers
|turn|32
|leave|Lucipurrr
|c|âMeruu|no crits please
|c| pokemanMastur|iron head the shit out of this
|c|âNorth Korea Winner|flinch is more likely
|
|move|p1a: Cunt|U-turn|p2a: Reuniclus
|-supereffective|p2a: Reuniclus
|-damage|p2a: Reuniclus|284\/424 brn
|c| Shit user|nah go to
|join|Chrisbo10
|c| pokemanMastur|or you do that .-.
|c| BurstStream|the mispredictions
|
|switch|p1a: Brobat|Crobat, M|234\/311
|-damage|p1a: Brobat|157\/311|[from] Stealth Rock
|move|p2a: Reuniclus|Focus Blast|p1a: Brobat
|-resisted|p1a: Brobat
|-damage|p1a: Brobat|89\/311
|
|-heal|p2a: Reuniclus|310\/424 brn|[from] item: Leftovers
|turn|33
|
|move|p1a: Brobat|Brave Bird|p2a: Reuniclus
|-damage|p2a: Reuniclus|109\/424 brn
|-damage|p1a: Brobat|23\/311|[from] recoil|[of] p2a: Reuniclus
|move|p2a: Reuniclus|Psyshock|p1a: Brobat
|-supereffective|p1a: Brobat
|-damage|p1a: Brobat|0 fnt
|faint|p1a: Brobat
|
|-heal|p2a: Reuniclus|135\/424 brn|[from] item: Leftovers
|leave|save2014
|c| BurstStream|was that CB or Sky Plate Bat
|
|switch|p1a: Cunt|Jirachi|127\/341
|-damage|p1a: Cunt|106\/341|[from] Stealth Rock
|turn|34
|c|âMeruu|sky pl8
|c| Yankmeister|it lives a u turn now
|c|âNorth Korea Winner|pl8
|c| BurstStream|yeah
|leave|Chrisbo10
|c| voltage flare 13|bye everyone
|c| Shit user|p sure you can flinch the rest of his team dw
|
|switch|p2a: Empoleon|Empoleon, M|224\/372 brn
|move|p1a: Cunt|Iron Head|p2a: Empoleon
|-resisted|p2a: Empoleon
|-damage|p2a: Empoleon|194\/372 brn
|
|-heal|p2a: Empoleon|217\/372 brn|[from] item: Leftovers
|-damage|p2a: Empoleon|171\/372 brn|[from] brn
|turn|35
|leave|voltage flare 13
|c| Shit user|flinch this
|
|move|p1a: Cunt|Iron Head|p2a: Empoleon
|-resisted|p2a: Empoleon
|-damage|p2a: Empoleon|141\/372 brn
|cant|p2a: Empoleon|flinch
|
|-heal|p2a: Empoleon|164\/372 brn|[from] item: Leftovers
|-damage|p2a: Empoleon|118\/372 brn|[from] brn
|turn|36
|
|move|p1a: Cunt|Iron Head|p2a: Empoleon
|-resisted|p2a: Empoleon
|-damage|p2a: Empoleon|87\/372 brn
|move|p2a: Empoleon|Scald|p1a: Cunt
|-damage|p1a: Cunt|0 fnt
|faint|p1a: Cunt
|
|-heal|p2a: Empoleon|110\/372 brn|[from] item: Leftovers
|-damage|p2a: Empoleon|64\/372 brn|[from] brn
|c| niccool|l
|c|âMeruu|he'd die to hail + ice shard anyway
|c|âMeruu|no way for me to lose
|-message|North Korea Winner forfeited.
|
|win|Meruu
|c|âNorth Korea Winner|g
|leave|Shit user
|leave|Salmoneus
|leave|Meruu
|leave|hairy toenail
|leave|North Korea Winner
|leave|Starmie Sweep
|leave|Duskt70
|player|p2
|leave|Z23Adster
|player|p1
|leave|BurstStream
|leave|Sclee
|leave|thymetime
|leave|r0ady
|c| niccool|ggggggggggggggggggggggggfggggggggg