|join|Meruu
|join|Fondle My Cloyster
|player|p1|Meruu|174
|player|p2|Fondle My Cloyster|100
|gametype|singles
|gen|6
|tier|UU
|rated
|rule|Sleep Clause Mod: Limit one foe put to sleep
|rule|Species Clause: Limit one of each PokÃ©mon
|rule|OHKO Clause: OHKO moves are banned
|rule|Moody Clause: Moody is banned
|rule|Evasion Moves Clause: Evasion moves are banned
|rule|Endless Battle Clause: Forcing endless battles is banned
|rule|HP Percentage Mod: HP is shown in percentages
|clearpoke
|poke|p1|Tornadus, M
|poke|p1|Swampert, F
|poke|p1|Whimsicott, M
|poke|p1|Jirachi
|poke|p1|Tentacruel, F
|poke|p1|Goodra, F
|poke|p2|Aerodactyl, F
|poke|p2|Crobat, F
|poke|p2|Kingdra, F
|poke|p2|Zygarde
|poke|p2|Arcanine, M
|poke|p2|Toxicroak, F
|rule|Swagger Clause: Swagger is banned
|rule|Baton Pass Clause: Limit one PokÃ©mon knowing Baton Pass
|teampreview
|join|Omegateck
|
|start
|switch|p1a: Goodra|Goodra, F|336\/336
|switch|p2a: Crobat|Crobat, F|373\/373
|turn|1
|c|âMeruu|resist where
|
|move|p2a: Crobat|U-turn|p1a: Goodra
|-damage|p1a: Goodra|269\/336
|
|switch|p2a: Toxicroak|Toxicroak, F|370\/370
|move|p1a: Goodra|Outrage|p2a: Toxicroak
|-damage|p2a: Toxicroak|0 fnt
|faint|p2a: Toxicroak
|
|
|switch|p2a: Arcanine|Arcanine, M|384\/384
|-ability|p2a: Arcanine|Intimidate|[of] p1a: Goodra
|-unboost|p1a: Goodra|atk|1
|turn|2
|join|4FS
|
|move|p1a: Goodra|Outrage|p2a: Arcanine
|-damage|p2a: Arcanine|213\/384
|move|p2a: Arcanine|Will-O-Wisp|p1a: Goodra
|-status|p1a: Goodra|brn
|
|-heal|p2a: Arcanine|237\/384|[from] item: Leftovers
|-damage|p1a: Goodra|227\/336 brn|[from] brn
|turn|3
|
|move|p1a: Goodra|Outrage|p2a: Arcanine
|-damage|p2a: Arcanine|161\/384
|move|p2a: Arcanine|Morning Sun|p2a: Arcanine
|-heal|p2a: Arcanine|353\/384
|
|-end|p1a: Goodra|rampage
|-start|p1a: Goodra|confusion
|-heal|p2a: Arcanine|377\/384|[from] item: Leftovers
|-damage|p1a: Goodra|185\/336 brn|[from] brn
|turn|4
|
|switch|p1a: Tornadus|Tornadus, M|299\/299
|move|p2a: Arcanine|Will-O-Wisp|p1a: Tornadus
|-status|p1a: Tornadus|brn
|
|-heal|p2a: Arcanine|384\/384|[from] item: Leftovers
|-damage|p1a: Tornadus|262\/299 brn|[from] brn
|turn|5
|
|switch|p2a: Aerodactyl|Aerodactyl, F|301\/301
|-ability|p2a: Aerodactyl|Pressure
|move|p1a: Tornadus|Rain Dance|p1a: Tornadus
|-weather|RainDance
|
|-weather|RainDance|[upkeep]
|-damage|p1a: Tornadus|225\/299 brn|[from] brn
|turn|6
|
|switch|p1a: Swampert|Swampert, F|349\/349
|detailschange|p2a: Aerodactyl|Aerodactyl-Mega, F
|message|Aerodactyl has Mega Evolved into Mega Aerodactyl!
|move|p2a: Aerodactyl|Stealth Rock|p1a: Swampert
|-sidestart|p1: Meruu|move: Stealth Rock
|
|-weather|RainDance|[upkeep]
|turn|7
|
|switch|p2a: Arcanine|Arcanine, M|384\/384
|-ability|p2a: Arcanine|Intimidate|[of] p1a: Swampert
|-unboost|p1a: Swampert|atk|1
|detailschange|p1a: Swampert|Swampert-Mega, F
|message|Swampert has Mega Evolved into Mega Swampert!
|move|p1a: Swampert|Waterfall|p2a: Arcanine
|-supereffective|p2a: Arcanine
|-damage|p2a: Arcanine|120\/384
|
|-weather|RainDance|[upkeep]
|-heal|p2a: Arcanine|144\/384|[from] item: Leftovers
|turn|8
|
|switch|p2a: Aerodactyl|Aerodactyl-Mega, F|301\/301
|move|p1a: Swampert|Earthquake|p2a: Aerodactyl
|-immune|p2a: Aerodactyl|[msg]
|
|-weather|RainDance|[upkeep]
|turn|9
|
|switch|p2a: Arcanine|Arcanine, M|144\/384
|-ability|p2a: Arcanine|Intimidate|[of] p1a: Swampert
|-unboost|p1a: Swampert|atk|1
|move|p1a: Swampert|Waterfall|p2a: Arcanine
|-supereffective|p2a: Arcanine
|-damage|p2a: Arcanine|0 fnt
|faint|p2a: Arcanine
|
|-weather|RainDance|[upkeep]
|
|switch|p2a: Kingdra|Kingdra, F|291\/291
|turn|10
|
|switch|p1a: Tentacruel|Tentacruel, F|364\/364
|-damage|p1a: Tentacruel|319\/364|[from] Stealth Rock
|move|p2a: Kingdra|Draco Meteor|p1a: Tentacruel|[miss]
|-miss|p2a: Kingdra|p1a: Tentacruel
|
|-weather|RainDance|[upkeep]
|-heal|p1a: Tentacruel|341\/364|[from] item: Black Sludge
|turn|11
|
|move|p2a: Kingdra|Focus Energy|p2a: Kingdra
|-start|p2a: Kingdra|move: Focus Energy
|move|p1a: Tentacruel|Toxic Spikes|p2a: Kingdra
|-sidestart|p2: Fondle My Cloyster|move: Toxic Spikes
|
|-weather|RainDance|[upkeep]
|-heal|p1a: Tentacruel|363\/364|[from] item: Black Sludge
|turn|12
|
|switch|p1a: Goodra|Goodra, F|185\/336 brn
|-damage|p1a: Goodra|143\/336 brn|[from] Stealth Rock
|move|p2a: Kingdra|Draco Meteor|p1a: Goodra
|-crit|p1a: Goodra
|-supereffective|p1a: Goodra
|-damage|p1a: Goodra|0 fnt
|-unboost|p2a: Kingdra|spa|2
|faint|p1a: Goodra
|
|-weather|none
|
|switch|p1a: Whimsicott|Whimsicott, M|261\/261
|-damage|p1a: Whimsicott|229\/261|[from] Stealth Rock
|turn|13
|
|switch|p2a: Crobat|Crobat, F|373\/373
|move|p1a: Whimsicott|Moonblast|p2a: Crobat
|-resisted|p2a: Crobat
|-damage|p2a: Crobat|282\/373
|
|turn|14
|c|âMeruu|.
|
|switch|p1a: Jirachi|Jirachi|341\/341
|-damage|p1a: Jirachi|320\/341|[from] Stealth Rock
|move|p2a: Crobat|Brave Bird|p1a: Jirachi
|-resisted|p1a: Jirachi
|-damage|p1a: Jirachi|245\/341
|-damage|p2a: Crobat|257\/373|[from] recoil|[of] p1a: Jirachi
|
|-heal|p1a: Jirachi|266\/341|[from] item: Leftovers
|turn|15
|
|move|p2a: Crobat|Defog|p1a: Jirachi
|-unboost|p1a: Jirachi|evasion|1
|-sideend|p1: Meruu|Stealth Rock|[from] move: Defog|[of] p1a: Jirachi
|-sideend|p2: Fondle My Cloyster|Toxic Spikes|[from] move: Defog|[of] p2a: Crobat
|move|p1a: Jirachi|Stealth Rock|p2a: Crobat
|-sidestart|p2: Fondle My Cloyster|move: Stealth Rock
|
|-heal|p1a: Jirachi|287\/341|[from] item: Leftovers
|turn|16
|join|Stannis Is Coming
|
|move|p2a: Crobat|Defog|p1a: Jirachi
|-unboost|p1a: Jirachi|evasion|1
|-sideend|p2: Fondle My Cloyster|Stealth Rock|[from] move: Defog|[of] p2a: Crobat
|move|p1a: Jirachi|Zen Headbutt|p2a: Crobat|[miss]
|-miss|p1a: Jirachi|p2a: Crobat
|
|-heal|p1a: Jirachi|308\/341|[from] item: Leftovers
|turn|17
|c|âMeruu|sIGH
|c| Stannis Is Coming|g.g
|
|move|p2a: Crobat|U-turn|p1a: Jirachi
|-damage|p1a: Jirachi|254\/341
|
|switch|p2a: Zygarde|Zygarde|420\/420
|-ability|p2a: Zygarde|Aura Break
|move|p1a: Jirachi|Iron Head|p2a: Zygarde
|-damage|p2a: Zygarde|318\/420
|
|-heal|p1a: Jirachi|275\/341|[from] item: Leftovers
|turn|18
|
|move|p1a: Jirachi|U-turn|p2a: Zygarde
|-damage|p2a: Zygarde|254\/420
|
|switch|p1a: Whimsicott|Whimsicott, M|229\/261
|move|p2a: Zygarde|Dragon Dance|p2a: Zygarde
|-boost|p2a: Zygarde|atk|1
|-boost|p2a: Zygarde|spe|1
|
|turn|19
|join|DerpaniteX
|c| DerpaniteX|lel fondle my cloyster
|c|âFondle My Cloyster|lel
|c| Stannis Is Coming|inb4 eq crit
|
|switch|p2a: Crobat|Crobat, F|257\/373
|move|p1a: Whimsicott|Moonblast|p2a: Crobat
|-resisted|p2a: Crobat
|-damage|p2a: Crobat|173\/373
|
|turn|20
|c| Stannis Is Coming|imo
|
|switch|p1a: Jirachi|Jirachi|275\/341
|move|p2a: Crobat|Roost|p2a: Crobat
|-heal|p2a: Crobat|360\/373
|
|-heal|p1a: Jirachi|296\/341|[from] item: Leftovers
|turn|21
|
|move|p2a: Crobat|U-turn|p1a: Jirachi
|-damage|p1a: Jirachi|248\/341
|
|switch|p2a: Aerodactyl|Aerodactyl-Mega, F|301\/301
|move|p1a: Jirachi|Stealth Rock|p2a: Aerodactyl
|-sidestart|p2: Fondle My Cloyster|move: Stealth Rock
|
|-heal|p1a: Jirachi|269\/341|[from] item: Leftovers
|turn|22
|
|switch|p1a: Swampert|Swampert-Mega, F|349\/349
|move|p2a: Aerodactyl|Stealth Rock|p1a: Swampert
|-sidestart|p1: Meruu|move: Stealth Rock
|
|turn|23
|c| DerpaniteX|inb4 hp grass crit max roll
|c|âMeruu|ya!!!
|c| Stannis Is Coming|kek
|
|move|p2a: Aerodactyl|Aerial Ace|p1a: Swampert
|-damage|p1a: Swampert|207\/349
|move|p1a: Swampert|Waterfall|p2a: Aerodactyl
|-supereffective|p2a: Aerodactyl
|-damage|p2a: Aerodactyl|0 fnt
|faint|p2a: Aerodactyl
|
|c|âMeruu|good one!
|c| Stannis Is Coming|hp grass modest
|c|âMeruu|xd
|
|switch|p2a: Kingdra|Kingdra, F|291\/291
|-damage|p2a: Kingdra|255\/291|[from] Stealth Rock
|turn|24
|c| DerpaniteX|c:
|
|move|p2a: Kingdra|Ice Beam|p1a: Swampert
|-damage|p1a: Swampert|132\/349
|move|p1a: Swampert|Earthquake|p2a: Kingdra
|-damage|p2a: Kingdra|63\/291
|
|turn|25
|
|switch|p1a: Whimsicott|Whimsicott, M|229\/261
|-damage|p1a: Whimsicott|197\/261|[from] Stealth Rock
|move|p2a: Kingdra|Ice Beam|p1a: Whimsicott
|-supereffective|p1a: Whimsicott
|-damage|p1a: Whimsicott|0 fnt
|faint|p1a: Whimsicott
|
|
|switch|p1a: Jirachi|Jirachi|269\/341
|-damage|p1a: Jirachi|248\/341|[from] Stealth Rock
|turn|26
|
|move|p1a: Jirachi|Zen Headbutt|p2a: Kingdra
|-damage|p2a: Kingdra|0 fnt
|faint|p2a: Kingdra
|
|-heal|p1a: Jirachi|269\/341|[from] item: Leftovers
|
|switch|p2a: Zygarde|Zygarde|254\/420
|-damage|p2a: Zygarde|228\/420|[from] Stealth Rock
|-ability|p2a: Zygarde|Aura Break
|turn|27
|
|move|p1a: Jirachi|Iron Head|p2a: Zygarde
|-damage|p2a: Zygarde|134\/420
|move|p2a: Zygarde|Dragon Dance|p2a: Zygarde
|-boost|p2a: Zygarde|atk|1
|-boost|p2a: Zygarde|spe|1
|
|-heal|p1a: Jirachi|290\/341|[from] item: Leftovers
|turn|28
|c| Stannis Is Coming|60%
|
|move|p2a: Zygarde|Earthquake|p1a: Jirachi
|-crit|p1a: Jirachi
|-supereffective|p1a: Jirachi
|-damage|p1a: Jirachi|0 fnt
|faint|p1a: Jirachi
|
|c| DerpaniteX|the brokenness that is zygarde is here
|
|switch|p1a: Tornadus|Tornadus, M|225\/299 brn
|-damage|p1a: Tornadus|151\/299 brn|[from] Stealth Rock
|turn|29
|
|move|p2a: Zygarde|Extreme Speed|p1a: Tornadus
|-damage|p1a: Tornadus|0 fnt
|faint|p1a: Tornadus
|
|c| Stannis Is Coming|gg
|c| Stannis Is Coming|that 60%
|c| Stannis Is Coming|tho
|c|âMeruu|lol knew i should've kept whims
|c|âMeruu|zzz
|-message|Meruu forfeited.
|
|win|Fondle My Cloyster
|raw|Ladder updating...
|raw|Meruu's rating: 1635 &rarr; <strong>1601<\/strong><br \/>(-34 for losing)
|raw|Fondle My Cloyster's rating: 1343 &rarr; <strong>1377<\/strong><br \/>(+34 for winning)
|leave|Meruu
|player|p1
|c| Stannis Is Coming|the tilt
|c| Stannis Is Coming|ouch
|leave|DerpaniteX
|leave|Stannis Is Coming
|leave|Omegateck
|join|Omegateck