|join|Meruu
|join|namehtmas
|player|p1|Meruu|174
|player|p2|namehtmas|167
|gametype|singles
|gen|6
|tier|UU
|rule|Sleep Clause Mod: Limit one foe put to sleep
|rule|Species Clause: Limit one of each PokÃ©mon
|rule|OHKO Clause: OHKO moves are banned
|rule|Moody Clause: Moody is banned
|rule|Evasion Moves Clause: Evasion moves are banned
|rule|Endless Battle Clause: Forcing endless battles is banned
|rule|HP Percentage Mod: HP is shown in percentages
|clearpoke
|poke|p1|Tornadus, M
|poke|p1|Swampert, F
|poke|p1|Whimsicott, F
|poke|p1|Jirachi
|poke|p1|Tentacruel, F
|poke|p1|Goodra, F
|poke|p2|Corsola, M
|poke|p2|Xatu, F
|poke|p2|Steelix, F
|poke|p2|Entei, shiny
|poke|p2|Sandslash, M
|poke|p2|Scrafty, F
|rule|Swagger Clause: Swagger is banned
|rule|Baton Pass Clause: Limit one PokÃ©mon knowing Baton Pass
|teampreview
|
|start
|switch|p1a: Swampert|Swampert, F|349\/349
|switch|p2a: Xatu|Xatu, F|271\/271
|turn|1
|
|detailschange|p1a: Swampert|Swampert-Mega, F
|message|Swampert has Mega Evolved into Mega Swampert!
|move|p2a: Xatu|Grass Knot|p1a: Swampert
|-supereffective|p1a: Swampert
|-damage|p1a: Swampert|9\/349
|move|p1a: Swampert|Rain Dance|p1a: Swampert
|-weather|RainDance
|
|-weather|RainDance|[upkeep]
|turn|2
|c|âMeruu|hax!!
|
|move|p1a: Swampert|Waterfall|p2a: Xatu
|-damage|p2a: Xatu|0 fnt
|faint|p2a: Xatu
|
|-weather|RainDance|[upkeep]
|
|switch|p2a: Entei|Entei, shiny|372\/372
|-ability|p2a: Entei|Pressure
|turn|3
|
|switch|p1a: Tentacruel|Tentacruel, F|364\/364
|move|p2a: Entei|Extreme Speed|p1a: Tentacruel
|-damage|p1a: Tentacruel|279\/364
|
|-weather|RainDance|[upkeep]
|-heal|p1a: Tentacruel|301\/364|[from] item: Black Sludge
|turn|4
|
|move|p2a: Entei|Sandstorm|p2a: Entei
|-weather|Sandstorm
|move|p1a: Tentacruel|Toxic Spikes|p2a: Entei
|-sidestart|p2: namehtmas|move: Toxic Spikes
|
|-weather|Sandstorm|[upkeep]
|-damage|p2a: Entei|349\/372|[from] sandstorm
|-damage|p1a: Tentacruel|279\/364|[from] sandstorm
|-heal|p1a: Tentacruel|301\/364|[from] item: Black Sludge
|turn|5
|
|move|p2a: Entei|Bulldoze|p1a: Tentacruel
|-supereffective|p1a: Tentacruel
|-damage|p1a: Tentacruel|155\/364
|move|p1a: Tentacruel|Scald|p2a: Entei
|-supereffective|p2a: Entei
|-damage|p2a: Entei|157\/372
|
|-weather|Sandstorm|[upkeep]
|-damage|p2a: Entei|134\/372|[from] sandstorm
|-damage|p1a: Tentacruel|133\/364|[from] sandstorm
|-heal|p1a: Tentacruel|155\/364|[from] item: Black Sludge
|turn|6
|
|move|p2a: Entei|Bulldoze|p1a: Tentacruel
|-supereffective|p1a: Tentacruel
|-damage|p1a: Tentacruel|13\/364
|move|p1a: Tentacruel|Scald|p2a: Entei
|-supereffective|p2a: Entei
|-damage|p2a: Entei|0 fnt
|faint|p2a: Entei
|
|-weather|Sandstorm|[upkeep]
|-damage|p1a: Tentacruel|0 fnt|[from] sandstorm
|faint|p1a: Tentacruel
|
|switch|p1a: Swampert|Swampert-Mega, F|9\/349
|switch|p2a: Sandslash|Sandslash, M|292\/292
|-status|p2a: Sandslash|psn
|turn|7
|
|move|p2a: Sandslash|Earthquake|p1a: Swampert
|-damage|p1a: Swampert|0 fnt
|faint|p1a: Swampert
|
|-weather|Sandstorm|[upkeep]
|-damage|p2a: Sandslash|256\/292 psn|[from] psn
|c|âMeruu|o
|c|âMeruu|z
|
|switch|p1a: Whimsicott|Whimsicott, F|261\/261
|turn|8
|join|watfor
|
|move|p2a: Sandslash|Aerial Ace|p1a: Whimsicott
|-supereffective|p1a: Whimsicott
|-damage|p1a: Whimsicott|99\/261
|move|p1a: Whimsicott|Giga Drain|p2a: Sandslash
|-supereffective|p2a: Sandslash
|-damage|p2a: Sandslash|0 fnt
|-heal|p1a: Whimsicott|227\/261|[from] drain|[of] p2a: Sandslash
|faint|p2a: Sandslash
|
|-weather|Sandstorm|[upkeep]
|-damage|p1a: Whimsicott|211\/261|[from] sandstorm
|c| watfor|lmao
|c| watfor|aerial ace
|
|switch|p2a: Steelix|Steelix, F|354\/354
|turn|9
|
|switch|p1a: Goodra|Goodra, F|336\/336
|detailschange|p2a: Steelix|Steelix-Mega, F
|message|Steelix has Mega Evolved into Mega Steelix!
|move|p2a: Steelix|Iron Head|p1a: Goodra
|-crit|p1a: Goodra
|-damage|p1a: Goodra|0 fnt
|faint|p1a: Goodra
|
|-weather|Sandstorm|[upkeep]
|
|switch|p1a: Tornadus|Tornadus, M|299\/299
|turn|10
|
|move|p1a: Tornadus|Rain Dance|p1a: Tornadus
|-weather|RainDance
|move|p2a: Steelix|Stone Edge|p1a: Tornadus
|-supereffective|p1a: Tornadus
|-damage|p1a: Tornadus|0 fnt
|faint|p1a: Tornadus
|
|-weather|RainDance|[upkeep]
|
|switch|p1a: Jirachi|Jirachi|341\/341
|turn|11
|c|âMeruu|hax!!
|
|move|p1a: Jirachi|Iron Head|p2a: Steelix
|-resisted|p2a: Steelix
|-damage|p2a: Steelix|325\/354
|cant|p2a: Steelix|flinch
|
|-weather|RainDance|[upkeep]
|turn|12
|
|move|p1a: Jirachi|Iron Head|p2a: Steelix
|-resisted|p2a: Steelix
|-damage|p2a: Steelix|295\/354
|move|p2a: Steelix|Earthquake|p1a: Jirachi
|-supereffective|p1a: Jirachi
|-damage|p1a: Jirachi|0 fnt
|faint|p1a: Jirachi
|
|-weather|RainDance|[upkeep]
|
|switch|p1a: Whimsicott|Whimsicott, F|211\/261
|turn|13
|
|move|p1a: Whimsicott|Stun Spore|p2a: Steelix
|-status|p2a: Steelix|par
|move|p2a: Steelix|Iron Head|p1a: Whimsicott
|-supereffective|p1a: Whimsicott
|-damage|p1a: Whimsicott|0 fnt
|faint|p1a: Whimsicott
|
|win|namehtmas
|c|ânamehtmas|gg
|c|âMeruu|nice hax!!
|c|ânamehtmas|thx
|leave|Meruu
|player|p1