|join|Meruu
|join|BasedAaron
|join|thymetime
|player|p1|Meruu|45
|player|p2|BasedAaron|66
|gametype|singles
|gen|6
|tier|UU
|rule|Sleep Clause Mod: Limit one foe put to sleep
|rule|Species Clause: Limit one of each PokÃ©mon
|rule|OHKO Clause: OHKO moves are banned
|rule|Moody Clause: Moody is banned
|rule|Evasion Moves Clause: Evasion moves are banned
|rule|Endless Battle Clause: Forcing endless battles is banned
|rule|HP Percentage Mod: HP is shown in percentages
|clearpoke
|poke|p1|Reuniclus, F
|poke|p1|Florges, F
|poke|p1|Hydreigon, M
|poke|p1|Abomasnow, F
|poke|p1|Empoleon, F
|poke|p1|Jirachi
|poke|p2|Bronzong
|poke|p2|Swampert, F
|poke|p2|Toxicroak, F
|poke|p2|Kabutops, F
|poke|p2|Magneton
|poke|p2|Tornadus, M
|rule|Swagger Clause: Swagger is banned
|rule|Baton Pass Clause: Limit one PokÃ©mon knowing Baton Pass
|teampreview
|join|STEELIXXX
|join|Lucipurrr
|join|ChuffedTeapot
|join|CarlaSaysRawr
|
|start
|switch|p1a: Jirachi|Jirachi|341\/341
|switch|p2a: Bronzong|Bronzong|338\/338
|turn|1
|join|Duskt70
|
|switch|p2a: Magneton|Magneton|242\/242
|move|p1a: Jirachi|Trick|p2a: Magneton
|-activate|p1a: Jirachi|move: Trick|[of] p2a: Magneton
|-item|p2a: Magneton|Choice Scarf|[from] move: Trick
|-item|p1a: Jirachi|Choice Specs|[from] move: Trick
|
|turn|2
|leave|BasedAaron
|join|BasedAaron
|player|p2
|c|âBasedAaron|,
|player|p2|BasedAaron|66
|join|Starmie Sweep
|
|move|p2a: Magneton|Volt Switch|p1a: Jirachi
|-damage|p1a: Jirachi|229\/341
|
|switch|p2a: Swampert|Swampert, F|361\/361
|move|p1a: Jirachi|U-turn|p2a: Swampert
|-damage|p2a: Swampert|287\/361
|
|switch|p1a: Hydreigon|Hydreigon, M|325\/325
|
|turn|3
|join|epic4eternity
|
|detailschange|p2a: Swampert|Swampert-Mega, F
|-mega|p2a: Swampert|Swampert|Swampertite
|move|p1a: Hydreigon|Dark Pulse|p2a: Swampert
|-damage|p2a: Swampert|114\/361
|-damage|p1a: Hydreigon|293\/325|[from] item: Life Orb
|move|p2a: Swampert|Ice Punch|p1a: Hydreigon
|-supereffective|p1a: Hydreigon
|-damage|p1a: Hydreigon|49\/325
|
|turn|4
|c|âMeruu|fear the hp grass hydreigon
|c|âBasedAaron|lol i was calcing a draco but that just about as scary
|
|switch|p2a: Magneton|Magneton|242\/242
|move|p1a: Hydreigon|Dark Pulse|p2a: Magneton
|-damage|p2a: Magneton|8\/242
|-damage|p1a: Hydreigon|17\/325|[from] item: Life Orb
|
|turn|5
|join|Yankmeister
|
|switch|p1a: Reuniclus|Reuniclus, F|424\/424
|move|p2a: Magneton|Volt Switch|p1a: Reuniclus
|-damage|p1a: Reuniclus|240\/424
|leave|ChuffedTeapot
|
|switch|p2a: Toxicroak|Toxicroak, F|369\/369
|
|-heal|p1a: Reuniclus|266\/424|[from] item: Leftovers
|turn|6
|
|move|p2a: Toxicroak|Gunk Shot|p1a: Reuniclus
|-damage|p1a: Reuniclus|112\/424
|move|p1a: Reuniclus|Psyshock|p2a: Toxicroak
|-supereffective|p2a: Toxicroak
|-damage|p2a: Toxicroak|0 fnt
|faint|p2a: Toxicroak
|
|-heal|p1a: Reuniclus|138\/424|[from] item: Leftovers
|c|âBasedAaron|fuck
|c| Yankmeister|tanked
|join|hairy toenail
|
|switch|p2a: Magneton|Magneton|8\/242
|turn|7
|c|âMeruu|252+ Atk Life Orb Toxicroak Knock Off (97.5 BP) vs. 252 HP \/ 252+ Def Reuniclus: 229-270 (54 - 63.6%) -- guaranteed 2HKO after Leftovers recovery
|leave|Lucipurrr
|join|0rbital
|join|testintime
|c|âBasedAaron|im bulk up and i thought they was a decent chance you were a sweeper reun
|
|switch|p1a: Abomasnow|Abomasnow, F|379\/379
|-weather|Hail
|move|p2a: Magneton|Thunderbolt|p1a: Abomasnow
|-resisted|p1a: Abomasnow
|-damage|p1a: Abomasnow|266\/379
|
|-weather|Hail|[upkeep]
|-damage|p2a: Magneton|0 fnt|[from] hail
|faint|p2a: Magneton
|c|âMeruu|sweeper lefties
|c|âMeruu|the threat
|c| Duskt70|c team
|
|switch|p2a: Bronzong|Bronzong|338\/338
|turn|8
|join|SadPierrot
|
|switch|p1a: Reuniclus|Reuniclus, F|138\/424
|move|p2a: Bronzong|Rain Dance|p2a: Bronzong
|-weather|RainDance
|
|-weather|RainDance|[upkeep]
|-heal|p1a: Reuniclus|164\/424|[from] item: Leftovers
|turn|9
|
|move|p1a: Reuniclus|Recover|p1a: Reuniclus
|-heal|p1a: Reuniclus|376\/424
|move|p2a: Bronzong|Explosion|p1a: Reuniclus
|-damage|p1a: Reuniclus|236\/424
|faint|p2a: Bronzong
|
|-weather|RainDance|[upkeep]
|-heal|p1a: Reuniclus|262\/424|[from] item: Leftovers
|leave|0rbital
|
|switch|p2a: Tornadus|Tornadus, M|299\/299
|turn|10
|
|switch|p1a: Florges|Florges, F|360\/360
|move|p2a: Tornadus|Hurricane|p1a: Florges
|-damage|p1a: Florges|207\/360
|-damage|p2a: Tornadus|270\/299|[from] item: Life Orb
|
|-weather|RainDance|[upkeep]
|-heal|p1a: Florges|229\/360|[from] item: Leftovers
|turn|11
|
|switch|p2a: Kabutops|Kabutops, F|262\/262
|move|p1a: Florges|Protect|p1a: Florges
|-fail|p1a: Florges
|
|-weather|RainDance|[upkeep]
|-heal|p1a: Florges|251\/360|[from] item: Leftovers
|turn|12
|
|switch|p1a: Empoleon|Empoleon, F|372\/372
|move|p2a: Kabutops|Waterfall|p1a: Empoleon
|-resisted|p1a: Empoleon
|-damage|p1a: Empoleon|223\/372
|-damage|p2a: Kabutops|236\/262|[from] item: Life Orb
|
|-weather|none
|-heal|p1a: Empoleon|246\/372|[from] item: Leftovers
|turn|13
|leave|SadPierrot
|c|âMeruu|no damp rocks anywhere??
|
|move|p2a: Kabutops|Knock Off|p1a: Empoleon
|-damage|p1a: Empoleon|86\/372
|-enditem|p1a: Empoleon|Leftovers|[from] move: Knock Off|[of] p2a: Kabutops
|-damage|p2a: Kabutops|210\/262|[from] item: Life Orb
|move|p1a: Empoleon|Stealth Rock|p2a: Kabutops
|-sidestart|p2: BasedAaron|move: Stealth Rock
|
|turn|14
|c|âBasedAaron|nope
|c|âMeruu|rain is a joke without damp rock :\/
|c|âBasedAaron|well i have 3 seters so i thought it off set that
|
|move|p2a: Kabutops|Waterfall|p1a: Empoleon
|-resisted|p1a: Empoleon
|-damage|p1a: Empoleon|0 fnt
|-damage|p2a: Kabutops|184\/262|[from] item: Life Orb
|faint|p1a: Empoleon
|
|c|âMeruu|at least one of your setters should have damp rock though
|c|âBasedAaron|ill probs put it on bronzong, ty
|
|switch|p1a: Jirachi|Jirachi|229\/341
|turn|15
|
|move|p1a: Jirachi|Healing Wish|p1a: Jirachi
|faint|p1a: Jirachi
|move|p2a: Kabutops|Knock Off|p1: Jirachi|[notarget]
|-notarget
|
|
|switch|p1a: Hydreigon|Hydreigon, M|17\/325
|-heal|p1a: Hydreigon|325\/325|[from] move: Healing Wish
|turn|16
|c|âBasedAaron|and ill change this to sd
|
|move|p2a: Kabutops|Aqua Jet|p1a: Hydreigon
|-crit|p1a: Hydreigon
|-resisted|p1a: Hydreigon
|-damage|p1a: Hydreigon|251\/325
|-damage|p2a: Kabutops|158\/262|[from] item: Life Orb
|move|p1a: Hydreigon|Dark Pulse|p2a: Kabutops
|-damage|p2a: Kabutops|0 fnt
|-damage|p1a: Hydreigon|219\/325|[from] item: Life Orb
|faint|p2a: Kabutops
|
|c|âMeruu|I don't like SD lol
|join|Shit user
|c| Yankmeister|get kindra instead of pert
|join|Lunaim
|c|âMeruu|I think you should try 4 atks
|c|âMeruu|and outspeed scarfers
|c|âMeruu|with mega pert outspeeding maero
|leave|Duskt70
|c|âBasedAaron|i have 3 and rapid spin
|c| Yankmeister|swampert and kabutops are redundant on the same team
|c|âMeruu|also ^
|c| Yankmeister|kabutops is more threatening than pert with swords dance
|c| Yankmeister|plus has priority
|c|âBasedAaron|but pert has that ice punch thoo
|c|âMeruu|i dont like SD\/setup on rain mons
|
|switch|p2a: Tornadus|Tornadus, M|270\/299
|-damage|p2a: Tornadus|196\/299|[from] Stealth Rock
|turn|17
|c|âBasedAaron|understandable
|join|r0ady
|c|âBasedAaron|i was running a speed on swampert to beat all non scarfers, and kabutops beats the scarfers
|c| Yankmeister|plus two waterfall in the ran doesnt care about coverage lol
|join|Captain Fuccboi420
|c|âMeruu|you want coverage to sweep HO with for kabutops
|c| Yankmeister|you wont miss ice punch
|c|âMeruu|superpowering the empoleon would've saved you massive amount of rain turns
|
|switch|p1a: Florges|Florges, F|251\/360
|move|p2a: Tornadus|Rain Dance|p2a: Tornadus
|-weather|RainDance
|
|-weather|RainDance|[upkeep]
|-heal|p1a: Florges|273\/360|[from] item: Leftovers
|turn|18
|c|âMeruu|and idk i wouldn't drop ice punch
|c|âMeruu|o.0
|
|move|p1a: Florges|Protect|p1a: Florges
|-singleturn|p1a: Florges|Protect
|move|p2a: Tornadus|Hurricane|p1a: Florges
|-activate|p1a: Florges|Protect
|
|-weather|RainDance|[upkeep]
|-heal|p1a: Florges|295\/360|[from] item: Leftovers
|turn|19
|c| Yankmeister|i got pretty high on the OU ladder before it reset for oras just because sd kabutops is such a threat
|
|move|p2a: Tornadus|Hurricane|p1a: Florges
|-damage|p1a: Florges|127\/360
|-damage|p2a: Tornadus|167\/299|[from] item: Life Orb
|move|p1a: Florges|Moonblast|p2a: Tornadus
|-damage|p2a: Tornadus|25\/299
|
|-weather|RainDance|[upkeep]
|-heal|p1a: Florges|149\/360|[from] item: Leftovers
|turn|20
|
|move|p2a: Tornadus|Tailwind|p2a: Tornadus
|-sidestart|p2: BasedAaron|move: Tailwind
|move|p1a: Florges|Moonblast|p2a: Tornadus
|-damage|p2a: Tornadus|0 fnt
|faint|p2a: Tornadus
|
|-weather|RainDance|[upkeep]
|-heal|p1a: Florges|171\/360|[from] item: Leftovers
|c| Yankmeister|people always try to stall out rain by protect or switching so you can sd safely
|
|switch|p2a: Swampert|Swampert-Mega, F|114\/361
|-damage|p2a: Swampert|92\/361|[from] Stealth Rock
|turn|21
|c|âBasedAaron|mhm i
|
|move|p1a: Florges|Protect|p1a: Florges
|-singleturn|p1a: Florges|Protect
|move|p2a: Swampert|Waterfall|p1a: Florges
|-activate|p1a: Florges|Protect
|
|-weather|none
|-heal|p1a: Florges|193\/360|[from] item: Leftovers
|turn|22
|join|I'm Bi...sharp
|
|move|p2a: Swampert|Waterfall|p1a: Florges
|-damage|p1a: Florges|43\/360
|cant|p1a: Florges|flinch
|
|-heal|p1a: Florges|65\/360|[from] item: Leftovers
|turn|23
|
|move|p2a: Swampert|Waterfall|p1a: Florges
|-damage|p1a: Florges|0 fnt
|faint|p1a: Florges
|
|-sideend|p2: BasedAaron|move: Tailwind
|leave|Captain Fuccboi420
|
|switch|p1a: Abomasnow|Abomasnow, F|266\/379
|-weather|Hail
|turn|24
|c|âBasedAaron|welp gg and ty for comments guys
|
|detailschange|p1a: Abomasnow|Abomasnow-Mega, F
|-mega|p1a: Abomasnow|Abomasnow|Abomasite
|move|p1a: Abomasnow|Ice Shard|p2a: Swampert
|-damage|p2a: Swampert|19\/361
|move|p2a: Swampert|Earthquake|p1a: Abomasnow
|-resisted|p1a: Abomasnow
|-damage|p1a: Abomasnow|158\/379
|
|-weather|Hail|[upkeep]
|-damage|p2a: Swampert|0 fnt|[from] hail
|faint|p2a: Swampert
|
|win|Meruu
|leave|STEELIXXX
|leave|Lunaim
|leave|Meruu
|player|p1
|leave|r0ady
|leave|hairy toenail
|leave|Yankmeister
|leave|epic4eternity
|leave|testintime
|leave|Starmie Sweep
|leave|thymetime