|join|Meruu
|join|spuun
|player|p1|Meruu|174
|player|p2|spuun|8
|gametype|singles
|gen|6
|tier|UU
|rule|Sleep Clause Mod: Limit one foe put to sleep
|rule|Species Clause: Limit one of each PokÃ©mon
|rule|OHKO Clause: OHKO moves are banned
|rule|Moody Clause: Moody is banned
|rule|Evasion Moves Clause: Evasion moves are banned
|rule|Endless Battle Clause: Forcing endless battles is banned
|rule|HP Percentage Mod: HP is shown in percentages
|clearpoke
|poke|p1|Umbreon, M
|poke|p1|Gligar, M
|poke|p1|Tentacruel, M
|poke|p1|Kyurem
|poke|p1|Whimsicott, F
|poke|p1|Jirachi
|poke|p2|Amoonguss, M
|poke|p2|Alomomola, F
|poke|p2|Doublade, F
|poke|p2|Gligar, M
|poke|p2|Hitmontop, M
|poke|p2|Aromatisse, F
|rule|Swagger Clause: Swagger is banned
|rule|Baton Pass Clause: Limit one PokÃ©mon knowing Baton Pass
|teampreview
|join|7better
|join|zebra.k
|
|start
|switch|p1a: Tentacruel|Tentacruel, M|363\/363
|switch|p2a: Hitmontop|Hitmontop, M|304\/304
|-ability|p2a: Hitmontop|Intimidate|[of] p1a: Tentacruel
|-fail|p1a: Tentacruel|unboost|[from] ability: Clear Body|[of] p1a: Tentacruel
|turn|1
|join|Ablert Enistein
|join|finnigans wake
|
|switch|p2a: Amoonguss|Amoonguss, M|432\/432
|move|p1a: Tentacruel|Toxic|p2a: Amoonguss
|-fail|p2a: Amoonguss
|
|turn|2
|
|move|p1a: Tentacruel|Toxic Spikes|p2a: Amoonguss
|-sidestart|p2: spuun|move: Toxic Spikes
|move|p2a: Amoonguss|Spore|p1a: Tentacruel
|-status|p1a: Tentacruel|slp
|
|turn|3
|
|switch|p1a: Kyurem|Kyurem|391\/391
|-ability|p1a: Kyurem|Pressure
|switch|p2a: Gligar|Gligar, M|334\/334
|
|turn|4
|
|switch|p2a: Amoonguss|Amoonguss, M|432\/432
|-sideend|p2: spuun|move: Toxic Spikes|[of] p2a: Amoonguss
|move|p1a: Kyurem|Ice Beam|p2a: Amoonguss
|-supereffective|p2a: Amoonguss
|-damage|p2a: Amoonguss|16\/432
|-damage|p1a: Kyurem|352\/391|[from] item: Life Orb
|
|-heal|p2a: Amoonguss|43\/432|[from] item: Black Sludge
|turn|5
|c| Ablert Enistein|how did it live that
|c|âspuun|evs
|c| 7better|cuz god
|c| zebra.k|cause nothing OHKOes anything
|c| Ablert Enistein|u ev for this?
|c|âMeruu|spdef >.>
|c|âspuun|I calc everything.
|
|switch|p2a: Hitmontop|Hitmontop, M|304\/304
|-ability|p2a: Hitmontop|Intimidate|[of] p1a: Kyurem
|-unboost|p1a: Kyurem|atk|1
|move|p1a: Kyurem|Ice Beam|p2a: Hitmontop
|-damage|p2a: Hitmontop|160\/304
|-damage|p1a: Kyurem|313\/391|[from] item: Life Orb
|
|-heal|p2a: Hitmontop|179\/304|[from] item: Leftovers
|turn|6
|c| Ablert Enistein|why would u ev for such an irrelevant mon
|c| Ablert Enistein|lmao
|c| 7better|its good
|
|move|p1a: Kyurem|Draco Meteor|p2a: Hitmontop
|-damage|p2a: Hitmontop|0 fnt
|-unboost|p1a: Kyurem|spa|2
|-damage|p1a: Kyurem|274\/391|[from] item: Life Orb
|faint|p2a: Hitmontop
|
|c|âMeruu|kyurem is pretty irrelevant
|c|âMeruu|o.o
|join|BurstStream
|
|switch|p2a: Doublade|Doublade, F|319\/319
|turn|7
|
|switch|p1a: Umbreon|Umbreon, M|394\/394
|move|p2a: Doublade|Shadow Claw|p1a: Umbreon
|-crit|p1a: Umbreon
|-resisted|p1a: Umbreon
|-damage|p1a: Umbreon|313\/394
|
|-heal|p1a: Umbreon|337\/394|[from] item: Leftovers
|turn|8
|
|switch|p2a: Gligar|Gligar, M|334\/334
|move|p1a: Umbreon|Foul Play|p2a: Gligar
|-damage|p2a: Gligar|283\/334
|
|-heal|p1a: Umbreon|361\/394|[from] item: Leftovers
|turn|9
|
|switch|p1a: Gligar|Gligar, M|334\/334
|move|p2a: Gligar|Stealth Rock|p1a: Gligar
|-sidestart|p1: Meruu|move: Stealth Rock
|
|turn|10
|
|switch|p2a: Alomomola|Alomomola, F|497\/497
|move|p1a: Gligar|Stealth Rock|p2a: Alomomola
|-sidestart|p2: spuun|move: Stealth Rock
|
|turn|11
|
|move|p1a: Gligar|U-turn|p2a: Alomomola
|-damage|p2a: Alomomola|463\/497
|
|switch|p1a: Umbreon|Umbreon, M|361\/394
|-damage|p1a: Umbreon|312\/394|[from] Stealth Rock
|move|p2a: Alomomola|Toxic|p1a: Umbreon
|-status|p1a: Umbreon|tox
|-status|p2a: Alomomola|tox
|
|-heal|p1a: Umbreon|336\/394 tox|[from] item: Leftovers
|-heal|p2a: Alomomola|494\/497 tox|[from] item: Leftovers
|-damage|p2a: Alomomola|463\/497 tox|[from] psn
|-damage|p1a: Umbreon|312\/394 tox|[from] psn
|turn|12
|
|switch|p2a: Aromatisse|Aromatisse, F|406\/406
|-damage|p2a: Aromatisse|356\/406|[from] Stealth Rock
|move|p1a: Umbreon|Heal Bell|p1a: Umbreon
|-cureteam|p1a: Umbreon|[from] move: HealBell
|
|-heal|p1a: Umbreon|336\/394|[from] item: Leftovers
|-heal|p2a: Aromatisse|381\/406|[from] item: Leftovers
|turn|13
|
|switch|p1a: Tentacruel|Tentacruel, M|363\/363
|-damage|p1a: Tentacruel|318\/363|[from] Stealth Rock
|move|p2a: Aromatisse|Aromatherapy|p2a: Aromatisse
|-cureteam|p2a: Aromatisse|[from] move: Aromatherapy
|
|-heal|p1a: Tentacruel|340\/363|[from] item: Black Sludge
|-heal|p2a: Aromatisse|406\/406|[from] item: Leftovers
|turn|14
|
|move|p1a: Tentacruel|Scald|p2a: Aromatisse
|-damage|p2a: Aromatisse|319\/406
|move|p2a: Aromatisse|Wish|p2a: Aromatisse
|
|-heal|p1a: Tentacruel|362\/363|[from] item: Black Sludge
|-heal|p2a: Aromatisse|344\/406|[from] item: Leftovers
|turn|15
|
|switch|p2a: Amoonguss|Amoonguss, M|187\/432
|-damage|p2a: Amoonguss|133\/432|[from] Stealth Rock
|move|p1a: Tentacruel|Rapid Spin|p2a: Amoonguss
|-damage|p2a: Amoonguss|121\/432
|-sideend|p1: Meruu|Stealth Rock|[from] move: Rapid Spin|[of] p1a: Tentacruel
|
|-heal|p2a: Amoonguss|324\/432|[from] move: Wish|[wisher] Aromatisse
|-heal|p1a: Tentacruel|363\/363|[from] item: Black Sludge
|-heal|p2a: Amoonguss|351\/432|[from] item: Black Sludge
|turn|16
|leave|zebra.k
|
|switch|p1a: Jirachi|Jirachi|341\/341
|move|p2a: Amoonguss|Spore|p1a: Jirachi
|-status|p1a: Jirachi|slp
|
|-heal|p2a: Amoonguss|378\/432|[from] item: Black Sludge
|turn|17
|
|switch|p1a: Gligar|Gligar, M|334\/334
|move|p2a: Amoonguss|Foul Play|p1a: Gligar
|-crit|p1a: Gligar
|-damage|p1a: Gligar|294\/334
|
|-heal|p2a: Amoonguss|405\/432|[from] item: Black Sludge
|turn|18
|c| Ablert Enistein|i wish my name was Albert Einstein
|c|âspuun|I wish that for you.
|
|move|p1a: Gligar|U-turn|p2a: Amoonguss
|-damage|p2a: Amoonguss|362\/432
|join|Frickett
|c| Ablert Enistein|thank you
|
|switch|p1a: Umbreon|Umbreon, M|336\/394
|move|p2a: Amoonguss|Giga Drain|p1a: Umbreon
|-damage|p1a: Umbreon|293\/394
|-heal|p2a: Amoonguss|384\/432|[from] drain|[of] p1a: Umbreon
|
|-heal|p1a: Umbreon|317\/394|[from] item: Leftovers
|-heal|p2a: Amoonguss|411\/432|[from] item: Black Sludge
|turn|19
|c| BurstStream|alsi crits
|c|âspuun|also idc about this game
|c| BurstStream|mattered
|
|switch|p2a: Aromatisse|Aromatisse, F|344\/406
|-damage|p2a: Aromatisse|294\/406|[from] Stealth Rock
|move|p1a: Umbreon|Wish|p1a: Umbreon
|
|-heal|p1a: Umbreon|341\/394|[from] item: Leftovers
|-heal|p2a: Aromatisse|319\/406|[from] item: Leftovers
|turn|20
|c| Ablert Enistein|yh that crit mattered
|
|switch|p1a: Tentacruel|Tentacruel, M|363\/363
|move|p2a: Aromatisse|Wish|p2a: Aromatisse
|
|-heal|p2a: Aromatisse|344\/406|[from] item: Leftovers
|turn|21
|c| Ablert Enistein|apologize you fag
|
|switch|p2a: Gligar|Gligar, M|283\/334
|-damage|p2a: Gligar|242\/334|[from] Stealth Rock
|move|p1a: Tentacruel|Scald|p2a: Gligar
|-supereffective|p2a: Gligar
|-damage|p2a: Gligar|150\/334
|
|-heal|p2a: Gligar|334\/334|[from] move: Wish|[wisher] Aromatisse
|turn|22
|
|move|p1a: Tentacruel|Toxic|p2a: Gligar
|-fail|p2a: Gligar
|move|p2a: Gligar|Earthquake|p1a: Tentacruel
|-supereffective|p1a: Tentacruel
|-damage|p1a: Tentacruel|187\/363
|
|-heal|p1a: Tentacruel|209\/363|[from] item: Black Sludge
|turn|23
|c| Ablert Enistein|i love gligar's shiny forehead
|c|âMeruu|o
|
|switch|p1a: Kyurem|Kyurem|274\/391
|-ability|p1a: Kyurem|Pressure
|move|p2a: Gligar|Stealth Rock|p1a: Kyurem
|-sidestart|p1: Meruu|move: Stealth Rock
|
|turn|24
|c| Ablert Enistein|why would he have defog on this tho
|
|switch|p2a: Doublade|Doublade, F|319\/319
|-damage|p2a: Doublade|300\/319|[from] Stealth Rock
|move|p1a: Kyurem|Ice Beam|p2a: Doublade
|-resisted|p2a: Doublade
|-damage|p2a: Doublade|180\/319
|-damage|p1a: Kyurem|235\/391|[from] item: Life Orb
|
|turn|25
|c|âspuun|because hitmontop sucks.
|
|switch|p2a: Aromatisse|Aromatisse, F|344\/406
|-damage|p2a: Aromatisse|294\/406|[from] Stealth Rock
|move|p1a: Kyurem|Earth Power|p2a: Aromatisse
|-damage|p2a: Aromatisse|159\/406
|-damage|p1a: Kyurem|196\/391|[from] item: Life Orb
|
|-heal|p2a: Aromatisse|184\/406|[from] item: Leftovers
|turn|26
|c| Ablert Enistein|but ur using it
|c|âspuun|ik
|
|move|p1a: Kyurem|Ice Beam|p2a: Aromatisse
|-damage|p2a: Aromatisse|0 fnt
|-damage|p1a: Kyurem|157\/391|[from] item: Life Orb
|faint|p2a: Aromatisse
|
|
|switch|p2a: Gligar|Gligar, M|334\/334
|-damage|p2a: Gligar|293\/334|[from] Stealth Rock
|turn|27
|c| BurstStream|ded
|c|âspuun|im done
|
|move|p1a: Kyurem|Roost|p1a: Kyurem
|-heal|p1a: Kyurem|353\/391
|move|p2a: Gligar|Earthquake|p1a: Kyurem
|-damage|p1a: Kyurem|248\/391
|
|turn|28
|c| BurstStream|fIRY BITCH
|c|âspuun|so win
|c|âspuun|omg
|c| Ablert Enistein|just run florges
|c| BurstStream|also this is why
|c| BurstStream|you need a awnser
|c| Ablert Enistein|its better than aromatisse on your team
|c| BurstStream|to Kyurem
|c|âspuun|nah
|join|oml2easy
|c|âspuun|I joined tou
|c| Ablert Enistein|you have fighting checks
|c|âspuun|r
|c|âspuun|so zebra would
|c|âspuun|lol
|c| oml2easy|~spoon ya later
|
|move|p1a: Kyurem|Ice Beam|p2a: Gligar
|-supereffective|p2a: Gligar
|-damage|p2a: Gligar|0 fnt
|-damage|p1a: Kyurem|209\/391|[from] item: Life Orb
|faint|p2a: Gligar
|
|c|âspuun|so just kill my pokes
|c|âspuun|ty
|
|switch|p2a: Doublade|Doublade, F|180\/319
|-damage|p2a: Doublade|161\/319|[from] Stealth Rock
|turn|29
|
|move|p1a: Kyurem|Earth Power|p2a: Doublade
|-supereffective|p2a: Doublade
|-damage|p2a: Doublade|0 fnt
|-damage|p1a: Kyurem|170\/391|[from] item: Life Orb
|faint|p2a: Doublade
|
|
|switch|p2a: Amoonguss|Amoonguss, M|432\/432
|-damage|p2a: Amoonguss|378\/432|[from] Stealth Rock
|turn|30
|
|move|p1a: Kyurem|Ice Beam|p2a: Amoonguss
|-supereffective|p2a: Amoonguss
|-damage|p2a: Amoonguss|0 fnt
|-damage|p1a: Kyurem|131\/391|[from] item: Life Orb
|faint|p2a: Amoonguss
|
|
|switch|p2a: Alomomola|Alomomola, F|497\/497
|-damage|p2a: Alomomola|435\/497|[from] Stealth Rock
|turn|31
|
|move|p1a: Kyurem|Draco Meteor|p2a: Alomomola
|-damage|p2a: Alomomola|0 fnt
|-unboost|p1a: Kyurem|spa|2
|-damage|p1a: Kyurem|92\/391|[from] item: Life Orb
|faint|p2a: Alomomola
|
|win|Meruu
|c|âspuun|rt
|leave|Ablert Enistein
|leave|spuun
|player|p2
|leave|Meruu
|player|p1
|leave|7better
|leave|finnigans wake
|leave|Frickett
|leave|oml2easy
|join|Kyla's Nightmare
|leave|Kyla's Nightmare
|join|IheartMagikarp
|leave|IheartMagikarp