|join|Meruu
|join|ChuffedTeapot
|player|p1|Meruu|45
|player|p2|ChuffedTeapot|2
|gametype|singles
|gen|6
|tier|UU
|rule|Sleep Clause Mod: Limit one foe put to sleep
|rule|Species Clause: Limit one of each PokÃ©mon
|rule|OHKO Clause: OHKO moves are banned
|rule|Moody Clause: Moody is banned
|rule|Evasion Moves Clause: Evasion moves are banned
|rule|Endless Battle Clause: Forcing endless battles is banned
|rule|HP Percentage Mod: HP is shown in percentages
|clearpoke
|poke|p1|Florges, F
|poke|p1|Crobat, F
|poke|p1|Porygon-Z
|poke|p1|Steelix, F
|poke|p1|Cresselia, F
|poke|p1|Hydreigon, M
|poke|p2|Houndoom, M
|poke|p2|Lanturn, F
|poke|p2|Ariados, M
|poke|p2|Nidoking, M
|poke|p2|Sceptile, M
|poke|p2|Forretress, F
|rule|Swagger Clause: Swagger is banned
|rule|Baton Pass Clause: Limit one PokÃ©mon knowing Baton Pass
|teampreview
|join|ahyueah
|join|BenzMafia
|join|sniperaim
|join|ANGER MANAGEMENT
|join|Eppy
|join|Peppermint Creams
|join|finnigans wake
|join|SO GIMMICK
|join|r0ady
|join|OG Wanka
|join|pokemanMastur
|join|DaSpoofy
|
|start
|switch|p1a: Porygon-Z|Porygon-Z|336\/336
|switch|p2a: Forretress|Forretress, F|349\/349
|turn|1
|join|AlldaAlts
|c| pokemanMastur|win for us tea ^^
|
|move|p1a: Porygon-Z|Tri Attack|p2a: Forretress
|-resisted|p2a: Forretress
|-damage|p2a: Forretress|110\/349
|-enditem|p2a: Forretress|Red Card|[of] p1a: Porygon-Z
|drag|p1a: Crobat|Crobat, F|321\/321
|move|p2a: Forretress|Spikes|p1a: Crobat
|-sidestart|p1: Meruu|Spikes
|
|turn|2
|
|move|p1a: Crobat|Defog|p2a: Forretress
|-unboost|p2a: Forretress|evasion|1
|-sideend|p1: Meruu|Spikes|[from] move: Defog|[of] p1a: Crobat
|move|p2a: Forretress|Gyro Ball|p1a: Crobat
|-damage|p1a: Crobat|138\/321
|
|-heal|p1a: Crobat|158\/321|[from] item: Black Sludge
|turn|3
|c|âChuffedTeapot|XD i will try
|
|move|p1a: Crobat|U-turn|p2a: Forretress
|-resisted|p2a: Forretress
|-damage|p2a: Forretress|90\/349
|
|switch|p1a: Porygon-Z|Porygon-Z|336\/336
|move|p2a: Forretress|Spikes|p1a: Porygon-Z
|-sidestart|p1: Meruu|Spikes
|
|turn|4
|c| SO GIMMICK|YES THAT RED CARD SET.
|
|switch|p2a: Lanturn|Lanturn, F|453\/453
|move|p1a: Porygon-Z|Tri Attack|p2a: Lanturn
|-damage|p2a: Lanturn|143\/453
|
|turn|5
|c| pokemanMastur|so good
|c|âChuffedTeapot|nooooooo
|c| pokemanMastur|rapped me so hard XD
|join|trevor ellis
|c|âMeruu|XD
|
|switch|p2a: Forretress|Forretress, F|90\/349
|move|p1a: Porygon-Z|Tri Attack|p2a: Forretress
|-resisted|p2a: Forretress
|-damage|p2a: Forretress|0 fnt
|faint|p2a: Forretress
|
|c| r0ady|the counter
|c|âChuffedTeapot|o well im dead
|c| Peppermint Creams|The bulk is reel
|leave|trevor ellis
|
|switch|p2a: Ariados|Ariados, M|343\/343
|turn|6
|c| SO GIMMICK|6-0 by a porygon z...
|c|âMeruu|!data ariados
|c|~|\/data-pokemon Ariados

|c|âChuffedTeapot|almighty ariados
|
|move|p1a: Porygon-Z|Tri Attack|p2a: Ariados
|-damage|p2a: Ariados|0 fnt
|faint|p2a: Ariados
|
|c|âChuffedTeapot|nvm
|c| OG Wanka|lol
|c| Peppermint Creams|Welp
|join|the fun in this
|c| SO GIMMICK|not even a focus sash ._.
|c| r0ady|not even sash sticky web
|c| r0ady|wtf
|
|switch|p2a: Houndoom|Houndoom, M|291\/291
|turn|7
|c| the fun in this|i bet it was disable toxic infestation
|
|move|p2a: Houndoom|Destiny Bond|p2a: Houndoom
|-singlemove|p2a: Houndoom|Destiny Bond
|move|p1a: Porygon-Z|Tri Attack|p2a: Houndoom
|-damage|p2a: Houndoom|0 fnt
|faint|p2a: Houndoom
|-activate|p2a: Houndoom|Destiny Bond
|faint|p1a: Porygon-Z
|
|c|âChuffedTeapot|ok time to resort to something gay
|c|âChuffedTeapot|XD
|c| r0ady|destiny bond
|c|âMeruu|XD
|c| Peppermint Creams|WHAT
|c| r0ady|fucking houndoom
|
|switch|p1a: Hydreigon|Hydreigon, M|325\/325
|switch|p2a: Nidoking|Nidoking, M|303\/303
|turn|8
|c| Peppermint Creams|The legend is here
|c| SO GIMMICK|this team.
|
|move|p1a: Hydreigon|U-turn|p2a: Nidoking
|-resisted|p2a: Nidoking
|-damage|p2a: Nidoking|272\/303
|c| SO GIMMICK|I must try.
|
|switch|p1a: Cresselia|Cresselia, F|444\/444
|move|p2a: Nidoking|Ice Beam|p1a: Cresselia
|-crit|p1a: Cresselia
|-damage|p1a: Cresselia|295\/444
|
|-heal|p1a: Cresselia|322\/444|[from] item: Leftovers
|turn|9
|c|âChuffedTeapot|i disappointed all with my team
|c| r0ady|where is your hydriegon switch in
|c| finnigans wake|at least its not a 6-0 lol
|c| DaSpoofy|gg already
|
|move|p2a: Nidoking|Earth Power|p1a: Cresselia
|-immune|p1a: Cresselia|[msg]
|move|p1a: Cresselia|Psyshock|p2a: Nidoking
|-supereffective|p2a: Nidoking
|-damage|p2a: Nidoking|104\/303
|
|-heal|p1a: Cresselia|349\/444|[from] item: Leftovers
|turn|10
|c| SO GIMMICK|^
|c|âChuffedTeapot|o shit
|c|âChuffedTeapot|i forgot
|c|âChuffedTeapot|XD
|
|move|p2a: Nidoking|Stealth Rock|p1a: Cresselia
|-sidestart|p1: Meruu|move: Stealth Rock
|move|p1a: Cresselia|Calm Mind|p1a: Cresselia
|-boost|p1a: Cresselia|spa|1
|-boost|p1a: Cresselia|spd|1
|
|-heal|p1a: Cresselia|376\/444|[from] item: Leftovers
|turn|11
|c| Peppermint Creams|The legend
|
|move|p2a: Nidoking|Poison Jab|p1a: Cresselia
|-damage|p1a: Cresselia|263\/444
|move|p1a: Cresselia|Calm Mind|p1a: Cresselia
|-boost|p1a: Cresselia|spa|1
|-boost|p1a: Cresselia|spd|1
|
|-heal|p1a: Cresselia|290\/444|[from] item: Leftovers
|turn|12
|leave|DaSpoofy
|
|move|p2a: Nidoking|Poison Jab|p1a: Cresselia
|-damage|p1a: Cresselia|176\/444
|move|p1a: Cresselia|Moonlight|p1a: Cresselia
|-heal|p1a: Cresselia|398\/444
|
|-heal|p1a: Cresselia|425\/444|[from] item: Leftovers
|turn|13
|c| Peppermint Creams|GG
|leave|sniperaim
|
|switch|p2a: Lanturn|Lanturn, F|143\/453
|move|p1a: Cresselia|Psyshock|p2a: Lanturn
|-damage|p2a: Lanturn|0 fnt
|faint|p2a: Lanturn
|
|-heal|p1a: Cresselia|444\/444|[from] item: Leftovers
|c| finnigans wake|this is when you megahorn
|
|switch|p2a: Sceptile|Sceptile, M|281\/281
|turn|14
|join|Zhaf
|c|âChuffedTeapot|o well
|c| pokemanMastur|gg
|
|detailschange|p2a: Sceptile|Sceptile-Mega, M
|-mega|p2a: Sceptile|Sceptile|Sceptilite
|move|p2a: Sceptile|Swords Dance|p2a: Sceptile
|-boost|p2a: Sceptile|atk|2
|move|p1a: Cresselia|Moonblast|p2a: Sceptile
|-supereffective|p2a: Sceptile
|-damage|p2a: Sceptile|13\/281
|-unboost|p2a: Sceptile|spa|1
|
|turn|15
|c|âChuffedTeapot|The pressure was real
|c| r0ady|YES I FOUND THE LIGHT BALL FOR PIKACHU
|c| r0ady|GG COMPUTER
|
|move|p2a: Sceptile|Leaf Blade|p1a: Cresselia
|-damage|p1a: Cresselia|233\/444
|move|p1a: Cresselia|Moonblast|p2a: Sceptile
|-supereffective|p2a: Sceptile
|-damage|p2a: Sceptile|0 fnt
|faint|p2a: Sceptile
|
|-heal|p1a: Cresselia|260\/444|[from] item: Leftovers
|leave|pokemanMastur
|leave|Peppermint Creams
|
|switch|p2a: Nidoking|Nidoking, M|104\/303
|turn|16
|
|move|p2a: Nidoking|Poison Jab|p1a: Cresselia
|-damage|p1a: Cresselia|139\/444
|move|p1a: Cresselia|Psyshock|p2a: Nidoking
|-supereffective|p2a: Nidoking
|-damage|p2a: Nidoking|0 fnt
|faint|p2a: Nidoking
|
|win|Meruu
|c|âChuffedTeapot|gg i win
|c|âChuffedTeapot|XD
|leave|Eppy
|leave|BenzMafia
|leave|ChuffedTeapot
|player|p2
|leave|SO GIMMICK
|leave|r0ady
|leave|ahyueah
|leave|ANGER MANAGEMENT
|leave|finnigans wake
|leave|AlldaAlts
|leave|OG Wanka
|leave|Meruu