|join|Meruu
|join|Zitan
|join|ablert enistein
|player|p1|Meruu|174
|player|p2|Zitan|145
|gametype|singles
|gen|6
|tier|UU
|rule|Sleep Clause Mod: Limit one foe put to sleep
|rule|Species Clause: Limit one of each PokÃ©mon
|rule|OHKO Clause: OHKO moves are banned
|rule|Moody Clause: Moody is banned
|rule|Evasion Moves Clause: Evasion moves are banned
|rule|Endless Battle Clause: Forcing endless battles is banned
|rule|HP Percentage Mod: HP is shown in percentages
|clearpoke
|poke|p1|Tornadus, M
|poke|p1|Swampert, M
|poke|p1|Whimsicott, F
|poke|p1|Jirachi
|poke|p1|Tentacruel, M
|poke|p1|Goodra, F
|poke|p2|Florges, F
|poke|p2|Porygon2
|poke|p2|Starmie, shiny
|poke|p2|Scrafty, M
|poke|p2|Blissey, F
|poke|p2|Rotom-Heat, shiny
|rule|Swagger Clause: Swagger is banned
|rule|Baton Pass Clause: Limit one PokÃ©mon knowing Baton Pass
|teampreview
|c|âZitan|gl hf
|join|finnigans wake
|
|start
|switch|p1a: Goodra|Goodra, F|336\/336
|switch|p2a: Scrafty|Scrafty, M|271\/271
|turn|1
|
|switch|p1a: Whimsicott|Whimsicott, F|261\/261
|move|p2a: Scrafty|Dragon Dance|p2a: Scrafty
|-boost|p2a: Scrafty|atk|1
|-boost|p2a: Scrafty|spe|1
|
|turn|2
|
|switch|p2a: Florges|Florges, F|360\/360
|move|p1a: Whimsicott|Moonblast|p2a: Florges
|-damage|p2a: Florges|276\/360
|
|-heal|p2a: Florges|298\/360|[from] item: Leftovers
|turn|3
|
|switch|p1a: Jirachi|Jirachi|341\/341
|move|p2a: Florges|Wish|p2a: Florges
|
|-heal|p2a: Florges|320\/360|[from] item: Leftovers
|turn|4
|
|switch|p2a: Rotom-Heat|Rotom-Heat, shiny|303\/303
|move|p1a: Jirachi|Stealth Rock|p2a: Rotom-Heat
|-sidestart|p2: Zitan|move: Stealth Rock
|
|turn|5
|
|move|p1a: Jirachi|U-turn|p2a: Rotom-Heat
|-resisted|p2a: Rotom-Heat
|-damage|p2a: Rotom-Heat|268\/303
|
|switch|p1a: Tornadus|Tornadus, M|299\/299
|move|p2a: Rotom-Heat|Will-O-Wisp|p1a: Tornadus
|-status|p1a: Tornadus|brn
|
|-damage|p1a: Tornadus|262\/299 brn|[from] brn
|turn|6
|
|move|p1a: Tornadus|Rain Dance|p1a: Tornadus
|-weather|RainDance
|move|p2a: Rotom-Heat|Volt Switch|p1a: Tornadus
|-supereffective|p1a: Tornadus
|-damage|p1a: Tornadus|0 fnt
|-damage|p2a: Rotom-Heat|238\/303|[from] item: Life Orb
|faint|p1a: Tornadus
|join|Decaymor
|
|switch|p2a: Starmie|Starmie, shiny|261\/261
|-damage|p2a: Starmie|229\/261|[from] Stealth Rock
|
|-weather|RainDance|[upkeep]
|leave|finnigans wake
|leave|Decaymor
|
|switch|p1a: Swampert|Swampert, M|349\/349
|turn|7
|c|âMeruu|damn the lag is real
|c|âZitan|Nothing for me
|c|âMeruu|i already made my move
|
|switch|p2a: Florges|Florges, F|320\/360
|-damage|p2a: Florges|275\/360|[from] Stealth Rock
|detailschange|p1a: Swampert|Swampert-Mega, M
|-mega|p1a: Swampert|Swampert|Swampertite
|move|p1a: Swampert|Earthquake|p2a: Florges
|-damage|p2a: Florges|0 fnt
|faint|p2a: Florges
|
|-weather|RainDance|[upkeep]
|join|3 hands no purpose
|
|switch|p2a: Porygon2|Porygon2|373\/373
|-damage|p2a: Porygon2|327\/373|[from] Stealth Rock
|-boost|p2a: Porygon2|spa|1|[from] ability: Download
|turn|8
|join|SadPierrot
|join|pokemanMastur
|
|move|p1a: Swampert|Waterfall|p2a: Porygon2
|-damage|p2a: Porygon2|128\/373
|move|p2a: Porygon2|Tri Attack|p1a: Swampert
|-damage|p1a: Swampert|178\/349
|
|-weather|RainDance|[upkeep]
|turn|9
|
|switch|p2a: Blissey|Blissey, F|713\/713
|-damage|p2a: Blissey|624\/713|[from] Stealth Rock
|move|p1a: Swampert|Waterfall|p2a: Blissey
|-damage|p2a: Blissey|170\/713
|
|-weather|RainDance|[upkeep]
|-heal|p2a: Blissey|214\/713|[from] item: Leftovers
|turn|10
|
|move|p2a: Blissey|Protect|p2a: Blissey
|-singleturn|p2a: Blissey|Protect
|move|p1a: Swampert|Waterfall|p2a: Blissey
|-activate|p2a: Blissey|Protect
|
|-weather|RainDance|[upkeep]
|-heal|p2a: Blissey|258\/713|[from] item: Leftovers
|turn|11
|
|switch|p2a: Starmie|Starmie, shiny|229\/261
|-damage|p2a: Starmie|197\/261|[from] Stealth Rock
|move|p1a: Swampert|Waterfall|p2a: Starmie
|-resisted|p2a: Starmie
|-damage|p2a: Starmie|41\/261
|
|-weather|RainDance|[upkeep]
|turn|12
|c|âZitan|damn
|c|âZitan|im screwed
|
|move|p1a: Swampert|Waterfall|p2a: Starmie
|-resisted|p2a: Starmie
|-damage|p2a: Starmie|0 fnt
|faint|p2a: Starmie
|
|-weather|RainDance|[upkeep]
|c|âZitan|welp
|
|switch|p2a: Scrafty|Scrafty, M|271\/271
|-damage|p2a: Scrafty|255\/271|[from] Stealth Rock
|turn|13
|
|move|p1a: Swampert|Waterfall|p2a: Scrafty
|-damage|p2a: Scrafty|18\/271
|move|p2a: Scrafty|Drain Punch|p1a: Swampert
|-damage|p1a: Swampert|69\/349
|-heal|p2a: Scrafty|73\/271|[from] drain|[of] p1a: Swampert
|
|-weather|none
|-heal|p2a: Scrafty|89\/271|[from] item: Leftovers
|turn|14
|join|I'm Bi...sharp
|c|âZitan|im gettin rekt bi
|c| pokemanMastur|what ability has scrafty?
|c| I'm Bi...sharp|lol
|c|âZitan|shed skin
|c| pokemanMastur|ah k, I prefer too use moxie (i sweep with that alot in AG lol)
|
|move|p2a: Scrafty|Crunch|p1a: Swampert
|-damage|p1a: Swampert|0 fnt
|faint|p1a: Swampert
|
|-heal|p2a: Scrafty|105\/271|[from] item: Leftovers
|c|âZitan|This is a more defensive team lol
|c|âMeruu|oops
|c|âMeruu|misclick
|c| pokemanMastur|I can understand
|c|âMeruu|LOL
|c|âMeruu|this lag
|c|âZitan|>misclick
|
|switch|p1a: Whimsicott|Whimsicott, F|261\/261
|turn|15
|c|âZitan|jk
|c|âMeruu|isnt letting me make my move
|leave|pokemanMastur
|c|âMeruu|like i already made it
|c|âMeruu|and my counter is still counting down
|
|move|p1a: Whimsicott|Moonblast|p2a: Scrafty
|-supereffective|p2a: Scrafty
|-damage|p2a: Scrafty|0 fnt
|faint|p2a: Scrafty
|
|join|BlackFlameBullet
|c| I'm Bi...sharp|that happens quite a lot of times Meruu
|
|switch|p2a: Porygon2|Porygon2|128\/373
|-damage|p2a: Porygon2|82\/373|[from] Stealth Rock
|-boost|p2a: Porygon2|spa|1|[from] ability: Download
|turn|16
|join|Typhlosion271
|c| BlackFlameBullet|Meruu pls tell me
|c| BlackFlameBullet|this is a manly
|c| BlackFlameBullet|Tornadus Set
|
|move|p1a: Whimsicott|Moonblast|p2a: Porygon2
|-damage|p2a: Porygon2|0 fnt
|faint|p2a: Porygon2
|
|
|switch|p2a: Blissey|Blissey, F|258\/713
|-damage|p2a: Blissey|169\/713|[from] Stealth Rock
|turn|17
|c|âMeruu|there is one manly set
|join|Evolved
|
|switch|p1a: Goodra|Goodra, F|336\/336
|move|p2a: Blissey|Protect|p2a: Blissey
|-fail|p2a: Blissey
|
|-heal|p2a: Blissey|213\/713|[from] item: Leftovers
|turn|18
|
|move|p1a: Goodra|Outrage|p2a: Blissey
|-damage|p2a: Blissey|0 fnt
|faint|p2a: Blissey
|
|c| I'm Bi...sharp|40 seconds
|c| I'm Bi...sharp|that goodra
|c|âZitan|gg
|c| I'm Bi...sharp|such swag
|c| BlackFlameBullet|Ah
|c| BlackFlameBullet|good job Meery
|c| BlackFlameBullet|usign the actualy
|c|âMeruu|i literally
|
|switch|p2a: Rotom-Heat|Rotom-Heat, shiny|238\/303
|-damage|p2a: Rotom-Heat|163\/303|[from] Stealth Rock
|turn|19
|c| BlackFlameBullet|good Goodra set
|c|âMeruu|already made a move
|c|âMeruu|x_X
|c|âZitan|I gotta make some more teams
|
|move|p1a: Goodra|Outrage|p2a: Rotom-Heat
|-damage|p2a: Rotom-Heat|0 fnt
|faint|p2a: Rotom-Heat
|
|win|Meruu
|c|âZitan|goodluck