|join|Meruu
|join|SalmoneusUU
|player|p1|Meruu|174
|player|p2|SalmoneusUU|174
|gametype|singles
|gen|6
|tier|UU
|rated
|rule|Sleep Clause Mod: Limit one foe put to sleep
|rule|Species Clause: Limit one of each PokÃ©mon
|rule|OHKO Clause: OHKO moves are banned
|rule|Moody Clause: Moody is banned
|rule|Evasion Moves Clause: Evasion moves are banned
|rule|Endless Battle Clause: Forcing endless battles is banned
|rule|HP Percentage Mod: HP is shown in percentages
|clearpoke
|poke|p1|Umbreon, F
|poke|p1|Gligar, F
|poke|p1|Tentacruel, M
|poke|p1|Hydreigon, M
|poke|p1|Whimsicott, F
|poke|p1|Jirachi
|poke|p2|Starmie
|poke|p2|Florges, F
|poke|p2|Krookodile, M
|poke|p2|Rotom-Heat
|poke|p2|Aerodactyl, M
|poke|p2|Goodra, F
|rule|Swagger Clause: Swagger is banned
|rule|Baton Pass Clause: Limit one PokÃ©mon knowing Baton Pass
|teampreview
|c|âSalmoneusUU|glhf
|
|start
|switch|p1a: Hydreigon|Hydreigon, M|325\/325
|switch|p2a: Krookodile|Krookodile, M|394\/394
|-ability|p2a: Krookodile|Intimidate|[of] p1a: Hydreigon
|-unboost|p1a: Hydreigon|atk|1
|turn|1
|
|switch|p2a: Florges|Florges, F|360\/360
|move|p1a: Hydreigon|Draco Meteor|p2a: Florges
|-immune|p2a: Florges|[msg]
|
|turn|2
|
|switch|p1a: Tentacruel|Tentacruel, M|363\/363
|switch|p2a: Krookodile|Krookodile, M|394\/394
|-ability|p2a: Krookodile|Intimidate|[of] p1a: Tentacruel
|-fail|p1a: Tentacruel|unboost|[from] ability: Clear Body|[of] p1a: Tentacruel
|
|turn|3
|
|switch|p1a: Whimsicott|Whimsicott, F|261\/261
|move|p2a: Krookodile|Stealth Rock|p1a: Whimsicott
|-sidestart|p1: Meruu|move: Stealth Rock
|
|turn|4
|
|switch|p2a: Aerodactyl|Aerodactyl, M|301\/301
|-ability|p2a: Aerodactyl|Pressure
|move|p1a: Whimsicott|Substitute|p1a: Whimsicott
|-start|p1a: Whimsicott|Substitute
|-damage|p1a: Whimsicott|196\/261
|
|-heal|p1a: Whimsicott|212\/261|[from] item: Leftovers
|turn|5
|
|detailschange|p2a: Aerodactyl|Aerodactyl-Mega, M
|message|Aerodactyl has Mega Evolved into Mega Aerodactyl!
|move|p1a: Whimsicott|Leech Seed|p2a: Aerodactyl
|-start|p2a: Aerodactyl|move: Leech Seed
|move|p2a: Aerodactyl|Stone Edge|p1a: Whimsicott
|-end|p1a: Whimsicott|Substitute
|
|-heal|p1a: Whimsicott|228\/261|[from] item: Leftovers
|-damage|p2a: Aerodactyl|264\/301|[from] Leech Seed|[of] p1a: Whimsicott
|-heal|p1a: Whimsicott|261\/261|[silent]
|turn|6
|
|switch|p2a: Rotom-Heat|Rotom-Heat|304\/304
|move|p1a: Whimsicott|Substitute|p1a: Whimsicott
|-start|p1a: Whimsicott|Substitute
|-damage|p1a: Whimsicott|196\/261
|
|-heal|p1a: Whimsicott|212\/261|[from] item: Leftovers
|turn|7
|join|epic4eternity
|
|move|p1a: Whimsicott|Leech Seed|p2a: Rotom-Heat
|-start|p2a: Rotom-Heat|move: Leech Seed
|move|p2a: Rotom-Heat|Volt Switch|p1a: Whimsicott
|-resisted|p1a: Whimsicott
|-activate|p1a: Whimsicott|Substitute|[damage]
|
|switch|p2a: Aerodactyl|Aerodactyl-Mega, M|264\/301
|
|-heal|p1a: Whimsicott|228\/261|[from] item: Leftovers
|turn|8
|
|switch|p2a: Rotom-Heat|Rotom-Heat|304\/304
|move|p1a: Whimsicott|Leech Seed|p2a: Rotom-Heat
|-start|p2a: Rotom-Heat|move: Leech Seed
|
|-heal|p1a: Whimsicott|244\/261|[from] item: Leftovers
|-damage|p2a: Rotom-Heat|266\/304|[from] Leech Seed|[of] p1a: Whimsicott
|-heal|p1a: Whimsicott|261\/261|[silent]
|turn|9
|
|move|p1a: Whimsicott|Moonblast|p2a: Rotom-Heat
|-resisted|p2a: Rotom-Heat
|-damage|p2a: Rotom-Heat|209\/304
|move|p2a: Rotom-Heat|Volt Switch|p1a: Whimsicott
|-resisted|p1a: Whimsicott
|-end|p1a: Whimsicott|Substitute
|
|switch|p2a: Goodra|Goodra, F|384\/384
|
|turn|10
|
|move|p1a: Whimsicott|Substitute|p1a: Whimsicott
|-start|p1a: Whimsicott|Substitute
|-damage|p1a: Whimsicott|196\/261
|move|p2a: Goodra|Sludge Bomb|p1a: Whimsicott
|-supereffective|p1a: Whimsicott
|-end|p1a: Whimsicott|Substitute
|
|-heal|p1a: Whimsicott|212\/261|[from] item: Leftovers
|turn|11
|
|switch|p1a: Umbreon|Umbreon, F|394\/394
|-damage|p1a: Umbreon|345\/394|[from] Stealth Rock
|move|p2a: Goodra|Sludge Bomb|p1a: Umbreon
|-damage|p1a: Umbreon|280\/394
|
|-heal|p1a: Umbreon|304\/394|[from] item: Leftovers
|turn|12
|
|switch|p2a: Florges|Florges, F|360\/360
|move|p1a: Umbreon|Wish|p1a: Umbreon
|
|-heal|p1a: Umbreon|328\/394|[from] item: Leftovers
|turn|13
|
|switch|p1a: Tentacruel|Tentacruel, M|363\/363
|-damage|p1a: Tentacruel|318\/363|[from] Stealth Rock
|move|p2a: Florges|Moonblast|p1a: Tentacruel
|-resisted|p1a: Tentacruel
|-damage|p1a: Tentacruel|264\/363
|
|-heal|p1a: Tentacruel|363\/363|[from] move: Wish|[wisher] Umbreon
|turn|14
|
|switch|p2a: Starmie|Starmie|261\/261
|move|p1a: Tentacruel|Toxic Spikes|p2a: Starmie
|-sidestart|p2: SalmoneusUU|move: Toxic Spikes
|
|turn|15
|
|move|p2a: Starmie|Hydro Pump|p1a: Tentacruel|[miss]
|-miss|p2a: Starmie|p1a: Tentacruel
|move|p1a: Tentacruel|Rapid Spin|p2a: Starmie
|-damage|p2a: Starmie|250\/261
|-sideend|p1: Meruu|Stealth Rock|[from] move: Rapid Spin|[of] p1a: Tentacruel
|
|turn|16
|
|switch|p1a: Umbreon|Umbreon, F|328\/394
|move|p2a: Starmie|Psyshock|p1a: Umbreon
|-immune|p1a: Umbreon|[msg]
|
|-heal|p1a: Umbreon|352\/394|[from] item: Leftovers
|turn|17
|
|switch|p2a: Rotom-Heat|Rotom-Heat|209\/304
|move|p1a: Umbreon|Foul Play|p2a: Rotom-Heat
|-damage|p2a: Rotom-Heat|160\/304
|
|-heal|p2a: Rotom-Heat|179\/304|[from] item: Leftovers
|-heal|p1a: Umbreon|376\/394|[from] item: Leftovers
|turn|18
|
|switch|p1a: Hydreigon|Hydreigon, M|325\/325
|move|p2a: Rotom-Heat|Will-O-Wisp|p1a: Hydreigon|[miss]
|-miss|p2a: Rotom-Heat|p1a: Hydreigon
|
|-heal|p2a: Rotom-Heat|198\/304|[from] item: Leftovers
|turn|19
|
|move|p1a: Hydreigon|Dark Pulse|p2a: Rotom-Heat
|-damage|p2a: Rotom-Heat|25\/304
|-damage|p1a: Hydreigon|293\/325|[from] item: Life Orb
|move|p2a: Rotom-Heat|Volt Switch|p1a: Hydreigon
|-resisted|p1a: Hydreigon
|-damage|p1a: Hydreigon|242\/325
|
|switch|p2a: Krookodile|Krookodile, M|394\/394
|-status|p2a: Krookodile|psn
|-ability|p2a: Krookodile|Intimidate|[of] p1a: Hydreigon
|-unboost|p1a: Hydreigon|atk|1
|
|-damage|p2a: Krookodile|345\/394 psn|[from] psn
|turn|20
|
|move|p1a: Hydreigon|Draco Meteor|p2a: Krookodile
|-damage|p2a: Krookodile|0 fnt
|-unboost|p1a: Hydreigon|spa|2
|-damage|p1a: Hydreigon|210\/325|[from] item: Life Orb
|faint|p2a: Krookodile
|
|
|switch|p2a: Starmie|Starmie|250\/261
|-status|p2a: Starmie|psn
|turn|21
|
|switch|p1a: Jirachi|Jirachi|341\/341
|move|p2a: Starmie|Ice Beam|p1a: Jirachi
|-resisted|p1a: Jirachi
|-damage|p1a: Jirachi|270\/341
|-damage|p2a: Starmie|224\/261 psn|[from] item: Life Orb
|
|-damage|p2a: Starmie|192\/261 psn|[from] psn
|turn|22
|
|move|p1a: Jirachi|U-turn|p2a: Starmie
|-supereffective|p2a: Starmie
|-damage|p2a: Starmie|18\/261 psn
|-message|SalmoneusUU forfeited.
|
|win|Meruu
|raw|Ladder updating...
|
|switch|p1a: Umbreon|Umbreon, F|376\/394
|leave|SalmoneusUU
|player|p2
|raw|Meruu's rating: 1655 &rarr; <strong>1667<\/strong><br \/>(+12 for winning)
|raw|SalmoneusUU's rating: 1509 &rarr; <strong>1497<\/strong><br \/>(-12 for losing)
|leave|Meruu
|player|p1