|join|undeniably
|join|cooki3
|player|p1|undeniably|174
|player|p2|cooki3|102
|gametype|singles
|gen|6
|tier|UU
|rated
|rule|Sleep Clause Mod: Limit one foe put to sleep
|rule|Species Clause: Limit one of each PokÃ©mon
|rule|OHKO Clause: OHKO moves are banned
|rule|Moody Clause: Moody is banned
|rule|Evasion Moves Clause: Evasion moves are banned
|rule|Endless Battle Clause: Forcing endless battles is banned
|rule|HP Percentage Mod: HP is shown in percentages
|clearpoke
|poke|p1|Yanmega, M
|poke|p1|Hydreigon, M
|poke|p1|Starmie
|poke|p1|Mawile, F
|poke|p1|Roserade, M
|poke|p1|Jirachi
|poke|p2|Aggron, F
|poke|p2|Virizion
|poke|p2|Starmie
|poke|p2|Krookodile, M
|poke|p2|Dragalge, M
|poke|p2|Arcanine, M
|rule|Swagger Clause: Swagger is banned
|rule|Baton Pass Clause: Limit one PokÃ©mon knowing Baton Pass
|teampreview
|
|start
|switch|p1a: Hydreigon|Hydreigon, M|325\/325
|switch|p2a: Krookodile|Krookodile, M|331\/331
|-ability|p2a: Krookodile|Intimidate|[of] p1a: Hydreigon
|-unboost|p1a: Hydreigon|atk|1
|turn|1
|
|move|p1a: Hydreigon|Draco Meteor|p2a: Krookodile
|-damage|p2a: Krookodile|0 fnt
|-unboost|p1a: Hydreigon|spa|2
|-damage|p1a: Hydreigon|293\/325|[from] item: Life Orb
|faint|p2a: Krookodile
|
|
|switch|p2a: Virizion|Virizion|323\/323
|turn|2
|
|switch|p1a: Mawile|Mawile, F|304\/304
|-ability|p1a: Mawile|Intimidate|[of] p2a: Virizion
|-unboost|p2a: Virizion|atk|1
|move|p2a: Virizion|Swords Dance|p2a: Virizion
|-boost|p2a: Virizion|atk|2
|
|turn|3
|
|move|p2a: Virizion|Sacred Sword|p1a: Mawile
|-damage|p1a: Mawile|148\/304
|move|p1a: Mawile|Stealth Rock|p2a: Virizion
|-sidestart|p2: cooki3|move: Stealth Rock
|
|-heal|p1a: Mawile|167\/304|[from] item: Leftovers
|turn|4
|
|move|p2a: Virizion|Swords Dance|p2a: Virizion
|-boost|p2a: Virizion|atk|2
|move|p1a: Mawile|Play Rough|p2a: Virizion|[miss]
|-miss|p1a: Mawile|p2a: Virizion
|
|-heal|p1a: Mawile|186\/304|[from] item: Leftovers
|turn|5
|
|switch|p1a: Yanmega|Yanmega, M|317\/317
|move|p2a: Virizion|Sacred Sword|p1a: Yanmega
|-resisted|p1a: Yanmega
|-damage|p1a: Yanmega|227\/317
|
|turn|6
|
|move|p1a: Yanmega|Protect|p1a: Yanmega
|-singleturn|p1a: Yanmega|Protect
|move|p2a: Virizion|Zen Headbutt|p1a: Yanmega
|-activate|p1a: Yanmega|Protect
|
|-boost|p1a: Yanmega|spe|1|[from] ability: Speed Boost
|turn|7
|
|switch|p2a: Dragalge|Dragalge, M|334\/334
|-damage|p2a: Dragalge|293\/334|[from] Stealth Rock
|move|p1a: Yanmega|Air Slash|p2a: Dragalge
|-damage|p2a: Dragalge|192\/334
|-damage|p1a: Yanmega|196\/317|[from] item: Life Orb
|
|-boost|p1a: Yanmega|spe|1|[from] ability: Speed Boost
|turn|8
|
|switch|p1a: Mawile|Mawile, F|186\/304
|-ability|p1a: Mawile|Intimidate|[of] p2a: Dragalge
|-unboost|p2a: Dragalge|atk|1
|move|p2a: Dragalge|Draco Meteor|p1a: Mawile
|-immune|p1a: Mawile|[msg]
|
|-heal|p1a: Mawile|205\/304|[from] item: Leftovers
|turn|9
|
|switch|p2a: Arcanine|Arcanine, M|322\/322
|-damage|p2a: Arcanine|242\/322|[from] Stealth Rock
|-ability|p2a: Arcanine|Intimidate|[of] p1a: Mawile
|-unboost|p1a: Mawile|atk|1
|move|p1a: Mawile|Iron Head|p2a: Arcanine
|-resisted|p2a: Arcanine
|-damage|p2a: Arcanine|212\/322
|
|-heal|p1a: Mawile|224\/304|[from] item: Leftovers
|turn|10
|
|switch|p1a: Starmie|Starmie|323\/323
|move|p2a: Arcanine|Close Combat|p1a: Starmie
|-resisted|p1a: Starmie
|-damage|p1a: Starmie|207\/323
|-unboost|p2a: Arcanine|def|1
|-unboost|p2a: Arcanine|spd|1
|
|-heal|p1a: Starmie|227\/323|[from] item: Leftovers
|turn|11
|
|switch|p2a: Virizion|Virizion|323\/323
|-damage|p2a: Virizion|303\/323|[from] Stealth Rock
|move|p1a: Starmie|Scald|p2a: Virizion
|-resisted|p2a: Virizion
|-damage|p2a: Virizion|262\/323
|
|-heal|p1a: Starmie|247\/323|[from] item: Leftovers
|-heal|p2a: Virizion|282\/323|[from] item: Leftovers
|turn|12
|
|switch|p1a: Mawile|Mawile, F|224\/304
|-ability|p1a: Mawile|Intimidate|[of] p2a: Virizion
|-unboost|p2a: Virizion|atk|1
|move|p2a: Virizion|Leaf Blade|p1a: Mawile
|-crit|p1a: Mawile
|-resisted|p1a: Mawile
|-damage|p1a: Mawile|144\/304
|
|-heal|p2a: Virizion|302\/323|[from] item: Leftovers
|-heal|p1a: Mawile|163\/304|[from] item: Leftovers
|turn|13
|
|switch|p2a: Aggron|Aggron, F|344\/344
|-damage|p2a: Aggron|323\/344|[from] Stealth Rock
|move|p1a: Mawile|Play Rough|p2a: Aggron
|-resisted|p2a: Aggron
|-damage|p2a: Aggron|296\/344
|
|-heal|p1a: Mawile|182\/304|[from] item: Leftovers
|turn|14
|
|switch|p1a: Starmie|Starmie|247\/323
|detailschange|p2a: Aggron|Aggron-Mega, F
|-mega|p2a: Aggron|Aggron|Aggronite
|move|p2a: Aggron|Iron Head|p1a: Starmie
|-resisted|p1a: Starmie
|-damage|p1a: Starmie|157\/323
|
|-heal|p1a: Starmie|177\/323|[from] item: Leftovers
|turn|15
|
|switch|p2a: Starmie|Starmie|261\/261
|-damage|p2a: Starmie|229\/261|[from] Stealth Rock
|move|p1a: Starmie|Scald|p2a: Starmie
|-resisted|p2a: Starmie
|-damage|p2a: Starmie|173\/261
|
|-heal|p1a: Starmie|197\/323|[from] item: Leftovers
|turn|16
|
|switch|p1a: Hydreigon|Hydreigon, M|293\/325
|move|p2a: Starmie|Thunderbolt|p1a: Hydreigon
|-resisted|p1a: Hydreigon
|-damage|p1a: Hydreigon|220\/325
|-damage|p2a: Starmie|147\/261|[from] item: Life Orb
|
|turn|17
|
|switch|p2a: Virizion|Virizion|302\/323
|-damage|p2a: Virizion|282\/323|[from] Stealth Rock
|switch|p1a: Jirachi|Jirachi|341\/341
|
|-heal|p2a: Virizion|302\/323|[from] item: Leftovers
|turn|18
|
|switch|p2a: Aggron|Aggron-Mega, F|296\/344
|-damage|p2a: Aggron|275\/344|[from] Stealth Rock
|move|p1a: Jirachi|U-turn|p2a: Aggron
|-resisted|p2a: Aggron
|-damage|p2a: Aggron|257\/344
|
|switch|p1a: Hydreigon|Hydreigon, M|220\/325
|
|turn|19
|
|switch|p2a: Dragalge|Dragalge, M|192\/334
|-damage|p2a: Dragalge|151\/334|[from] Stealth Rock
|move|p1a: Hydreigon|Draco Meteor|p2a: Dragalge
|-supereffective|p2a: Dragalge
|-damage|p2a: Dragalge|0 fnt
|-unboost|p1a: Hydreigon|spa|2
|-damage|p1a: Hydreigon|188\/325|[from] item: Life Orb
|faint|p2a: Dragalge
|
|
|switch|p2a: Starmie|Starmie|147\/261
|-damage|p2a: Starmie|115\/261|[from] Stealth Rock
|turn|20
|
|switch|p1a: Jirachi|Jirachi|341\/341
|move|p2a: Starmie|Ice Beam|p1a: Jirachi
|-resisted|p1a: Jirachi
|-damage|p1a: Jirachi|280\/341
|-damage|p2a: Starmie|89\/261|[from] item: Life Orb
|
|turn|21
|
|move|p1a: Jirachi|U-turn|p2a: Starmie
|-supereffective|p2a: Starmie
|-damage|p2a: Starmie|0 fnt
|faint|p2a: Starmie
|
|switch|p1a: Starmie|Starmie|197\/323
|
|-heal|p1a: Starmie|217\/323|[from] item: Leftovers
|
|switch|p2a: Virizion|Virizion|302\/323
|-damage|p2a: Virizion|282\/323|[from] Stealth Rock
|turn|22
|
|move|p1a: Starmie|Psyshock|p2a: Virizion
|-supereffective|p2a: Virizion
|-damage|p2a: Virizion|18\/323
|move|p2a: Virizion|Leaf Blade|p1a: Starmie
|-supereffective|p1a: Starmie
|-damage|p1a: Starmie|0 fnt
|faint|p1a: Starmie
|
|-heal|p2a: Virizion|38\/323|[from] item: Leftovers
|
|switch|p1a: Jirachi|Jirachi|280\/341
|turn|23
|
|move|p1a: Jirachi|U-turn|p2a: Virizion
|-damage|p2a: Virizion|0 fnt
|faint|p2a: Virizion
|
|switch|p1a: Hydreigon|Hydreigon, M|188\/325
|
|
|switch|p2a: Arcanine|Arcanine, M|212\/322
|-damage|p2a: Arcanine|132\/322|[from] Stealth Rock
|-ability|p2a: Arcanine|Intimidate|[of] p1a: Hydreigon
|-unboost|p1a: Hydreigon|atk|1
|turn|24
|
|move|p2a: Arcanine|Extreme Speed|p1a: Hydreigon
|-damage|p1a: Hydreigon|25\/325
|move|p1a: Hydreigon|Dark Pulse|p2a: Arcanine
|-damage|p2a: Arcanine|0 fnt
|-damage|p1a: Hydreigon|0 fnt|[from] item: Life Orb
|faint|p2a: Arcanine
|faint|p1a: Hydreigon
|
|
|switch|p2a: Aggron|Aggron-Mega, F|257\/344
|switch|p1a: Mawile|Mawile, F|182\/304
|-damage|p2a: Aggron|236\/344|[from] Stealth Rock
|-ability|p1a: Mawile|Intimidate|[of] p2a: Aggron
|-unboost|p2a: Aggron|atk|1
|turn|25
|
|switch|p1a: Jirachi|Jirachi|280\/341
|move|p2a: Aggron|Earthquake|p1a: Jirachi
|-supereffective|p1a: Jirachi
|-damage|p1a: Jirachi|82\/341
|
|turn|26
|
|move|p1a: Jirachi|U-turn|p2a: Aggron
|-resisted|p2a: Aggron
|-damage|p2a: Aggron|220\/344
|
|switch|p1a: Mawile|Mawile, F|182\/304
|-ability|p1a: Mawile|Intimidate|[of] p2a: Aggron
|-unboost|p2a: Aggron|atk|1
|move|p2a: Aggron|Earthquake|p1a: Mawile
|-supereffective|p1a: Mawile
|-damage|p1a: Mawile|76\/304
|
|-heal|p1a: Mawile|95\/304|[from] item: Leftovers
|turn|27
|
|switch|p1a: Roserade|Roserade, M|261\/261
|move|p2a: Aggron|Earthquake|p1a: Roserade
|-damage|p1a: Roserade|163\/261
|
|-heal|p1a: Roserade|179\/261|[from] item: Black Sludge
|turn|28
|
|move|p1a: Roserade|Giga Drain|p2a: Aggron
|-resisted|p2a: Aggron
|-damage|p2a: Aggron|148\/344
|-heal|p1a: Roserade|215\/261|[from] drain|[of] p2a: Aggron
|move|p2a: Aggron|Ice Punch|p1a: Roserade
|-crit|p1a: Roserade
|-supereffective|p1a: Roserade
|-damage|p1a: Roserade|0 fnt
|faint|p1a: Roserade
|
|
|switch|p1a: Yanmega|Yanmega, M|196\/317
|turn|29
|
|switch|p1a: Mawile|Mawile, F|95\/304
|-ability|p1a: Mawile|Intimidate|[of] p2a: Aggron
|-unboost|p2a: Aggron|atk|1
|move|p2a: Aggron|Ice Punch|p1a: Mawile
|-resisted|p1a: Mawile
|-damage|p1a: Mawile|80\/304
|
|-heal|p1a: Mawile|99\/304|[from] item: Leftovers
|turn|30
|
|move|p1a: Mawile|Iron Head|p2a: Aggron
|-resisted|p2a: Aggron
|-damage|p2a: Aggron|128\/344
|move|p2a: Aggron|Iron Head|p1a: Mawile
|-damage|p1a: Mawile|48\/304
|
|-heal|p1a: Mawile|67\/304|[from] item: Leftovers
|turn|31
|
|move|p2a: Aggron|Earthquake|p1a: Mawile
|-supereffective|p1a: Mawile
|-damage|p1a: Mawile|0 fnt
|faint|p1a: Mawile
|
|
|switch|p1a: Yanmega|Yanmega, M|196\/317
|turn|32
|
|move|p1a: Yanmega|Bug Buzz|p2a: Aggron
|-resisted|p2a: Aggron
|-damage|p2a: Aggron|3\/344
|-damage|p1a: Yanmega|165\/317|[from] item: Life Orb
|move|p2a: Aggron|Ice Punch|p1a: Yanmega
|-supereffective|p1a: Yanmega
|-damage|p1a: Yanmega|71\/317
|
|-boost|p1a: Yanmega|spe|1|[from] ability: Speed Boost
|turn|33
|
|move|p1a: Yanmega|Bug Buzz|p2a: Aggron
|-resisted|p2a: Aggron
|-damage|p2a: Aggron|0 fnt
|-damage|p1a: Yanmega|40\/317|[from] item: Life Orb
|faint|p2a: Aggron
|
|win|undeniably
|raw|Ladder updating...
|raw|undeniably's rating: 1385 &rarr; <strong>1403<\/strong><br \/>(+18 for winning)
|raw|cooki3's rating: 1342 &rarr; <strong>1324<\/strong><br \/>(-18 for losing)
|leave|cooki3
|player|p2
|player|p1|Guest 217407|174
|join|Meruu
|player|p1|Meruu|174
|join|Wat For