|join|Meruu
|join|Why Fi
|join|Gay Bear Sex
|player|p1|Meruu|174
|player|p2|Why Fi|164
|gametype|singles
|gen|6
|tier|UU
|rule|Sleep Clause Mod: Limit one foe put to sleep
|rule|Species Clause: Limit one of each PokÃ©mon
|rule|OHKO Clause: OHKO moves are banned
|rule|Moody Clause: Moody is banned
|rule|Evasion Moves Clause: Evasion moves are banned
|rule|Endless Battle Clause: Forcing endless battles is banned
|rule|HP Percentage Mod: HP is shown in percentages
|clearpoke
|poke|p1|Cresselia, F
|poke|p1|Escavalier, M
|poke|p1|Audino, M
|poke|p1|Rhyperior, M
|poke|p1|Pidgeot, M
|poke|p1|Alomomola, M
|poke|p2|Beedrill, M
|poke|p2|Blissey, F
|poke|p2|Donphan, F
|poke|p2|Raikou, shiny
|poke|p2|Porygon-Z
|poke|p2|Celebi
|rule|Swagger Clause: Swagger is banned
|rule|Baton Pass Clause: Limit one PokÃ©mon knowing Baton Pass
|teampreview
|join|finnigans wake
|join|epic4eternity
|join|watfor
|join|uunubnub
|join|The Real BT
|
|start
|switch|p1a: Escavalier|Escavalier, M|344\/344
|switch|p2a: Porygon-Z|Porygon-Z|312\/312
|turn|1
|join|utra
|c| epic4eternity|hey look it the poke that nobody has seen in weeks, blissey
|join|monk dopelgang
|c|âWhy Fi|I forgot it was on this team tbh. I just picked one at random
|
|move|p2a: Porygon-Z|Trick|p1a: Escavalier
|-activate|p2a: Porygon-Z|move: Trick|[of] p1a: Escavalier
|-item|p1a: Escavalier|Choice Scarf|[from] move: Trick
|-item|p2a: Porygon-Z|Choice Band|[from] move: Trick
|move|p1a: Escavalier|Megahorn|p2a: Porygon-Z
|-damage|p2a: Porygon-Z|0 fnt
|faint|p2a: Porygon-Z
|
|join|Exemption
|c|âWhy Fi|o
|c|âMeruu|w\/e
|
|switch|p2a: Beedrill|Beedrill, M|272\/272
|turn|2
|
|switch|p1a: Alomomola|Alomomola, M|521\/521
|detailschange|p2a: Beedrill|Beedrill-Mega, M
|-mega|p2a: Beedrill|Beedrill|Beedrillite
|move|p2a: Beedrill|U-turn|p1a: Alomomola
|-damage|p1a: Alomomola|371\/521
|-damage|p2a: Beedrill|227\/272|[from] item: Rocky Helmet|[of] p1a: Alomomola
|
|switch|p2a: Celebi|Celebi|404\/404
|
|turn|3
|
|switch|p1a: Escavalier|Escavalier, M|344\/344
|move|p2a: Celebi|Energy Ball|p1a: Escavalier
|-resisted|p1a: Escavalier
|-damage|p1a: Escavalier|318\/344
|-unboost|p1a: Escavalier|spd|1
|
|turn|4
|join|TheRogerRabbit
|c|âMeruu|hp fire is shit in UU
|c|âMeruu|so i really hope
|
|switch|p2a: Donphan|Donphan, F|384\/384
|move|p1a: Escavalier|Megahorn|p2a: Donphan
|-damage|p2a: Donphan|240\/384
|
|-heal|p2a: Donphan|264\/384|[from] item: Leftovers
|turn|5
|c|âMeruu|you're not running it
|c|âWhy Fi|I'm not
|
|switch|p1a: Pidgeot|Pidgeot, M|307\/307
|move|p2a: Donphan|Stealth Rock|p1a: Pidgeot
|-sidestart|p1: Meruu|move: Stealth Rock
|
|-heal|p2a: Donphan|288\/384|[from] item: Leftovers
|turn|6
|
|switch|p2a: Blissey|Blissey, F|714\/714
|detailschange|p1a: Pidgeot|Pidgeot-Mega, M
|-mega|p1a: Pidgeot|Pidgeot|Pidgeotite
|move|p1a: Pidgeot|Hurricane|p2a: Blissey
|-damage|p2a: Blissey|587\/714
|-start|p2a: Blissey|confusion
|
|-heal|p2a: Blissey|631\/714|[from] item: Leftovers
|turn|7
|leave|Exemption
|c| epic4eternity|revela work up refresh
|join|Kylo's Nightmare
|
|move|p1a: Pidgeot|Defog|p2a: Blissey
|-unboost|p2a: Blissey|evasion|1
|-sideend|p1: Meruu|Stealth Rock|[from] move: Defog|[of] p1a: Pidgeot
|-activate|p2a: Blissey|confusion
|-damage|p2a: Blissey|604\/714|[from] confusion
|
|-heal|p2a: Blissey|648\/714|[from] item: Leftovers
|turn|8
|leave|Kylo's Nightmare
|
|switch|p1a: Audino|Audino, M|410\/410
|-activate|p2a: Blissey|confusion
|move|p2a: Blissey|Toxic|p1a: Audino|[miss]
|-miss|p2a: Blissey|p1a: Audino
|
|-heal|p2a: Blissey|692\/714|[from] item: Leftovers
|turn|9
|
|switch|p2a: Beedrill|Beedrill-Mega, M|227\/272
|move|p1a: Audino|Knock Off|p2a: Beedrill
|-damage|p2a: Beedrill|160\/272
|
|turn|10
|
|switch|p1a: Alomomola|Alomomola, M|521\/521
|move|p2a: Beedrill|Knock Off|p1a: Alomomola
|-damage|p1a: Alomomola|410\/521
|-damage|p2a: Beedrill|115\/272|[from] item: Rocky Helmet|[of] p1a: Alomomola
|-enditem|p1a: Alomomola|Rocky Helmet|[from] move: Knock Off|[of] p2a: Beedrill
|
|turn|11
|
|move|p2a: Beedrill|U-turn|p1a: Alomomola
|-damage|p1a: Alomomola|254\/521
|
|switch|p2a: Raikou|Raikou, shiny|322\/322
|-ability|p2a: Raikou|Pressure
|move|p1a: Alomomola|Scald|p2a: Raikou
|-damage|p2a: Raikou|267\/322
|
|turn|12
|join|Testlum
|
|switch|p1a: Rhyperior|Rhyperior, M|431\/431
|move|p2a: Raikou|Aura Sphere|p1a: Rhyperior
|-supereffective|p1a: Rhyperior
|-damage|p1a: Rhyperior|190\/431
|
|-heal|p1a: Rhyperior|216\/431|[from] item: Leftovers
|turn|13
|
|switch|p1a: Cresselia|Cresselia, F|444\/444
|move|p2a: Raikou|Aura Sphere|p1a: Cresselia
|-resisted|p1a: Cresselia
|-damage|p1a: Cresselia|394\/444
|
|-heal|p1a: Cresselia|421\/444|[from] item: Leftovers
|turn|14
|leave|Testlum
|
|switch|p2a: Celebi|Celebi|404\/404
|switch|p1a: Audino|Audino, M|410\/410
|
|turn|15
|
|move|p2a: Celebi|Calm Mind|p2a: Celebi
|-boost|p2a: Celebi|spa|1
|-boost|p2a: Celebi|spd|1
|move|p1a: Audino|Knock Off|p2a: Celebi
|-supereffective|p2a: Celebi
|-damage|p2a: Celebi|324\/404
|-enditem|p2a: Celebi|Leftovers|[from] move: Knock Off|[of] p1a: Audino
|
|turn|16
|
|switch|p1a: Escavalier|Escavalier, M|318\/344
|move|p2a: Celebi|Energy Ball|p1a: Escavalier
|-resisted|p1a: Escavalier
|-damage|p1a: Escavalier|281\/344
|
|turn|17
|c|âMeruu|pdef cm energy ball
|c|âMeruu|wtf??
|
|switch|p2a: Donphan|Donphan, F|288\/384
|move|p1a: Escavalier|Megahorn|p2a: Donphan
|-crit|p2a: Donphan
|-damage|p2a: Donphan|42\/384
|
|-heal|p2a: Donphan|66\/384|[from] item: Leftovers
|turn|18
|
|move|p2a: Donphan|Stealth Rock|p1a: Escavalier
|-sidestart|p1: Meruu|move: Stealth Rock
|move|p1a: Escavalier|Megahorn|p2a: Donphan
|-crit|p2a: Donphan
|-damage|p2a: Donphan|0 fnt
|faint|p2a: Donphan
|
|
|switch|p2a: Raikou|Raikou, shiny|267\/322
|-ability|p2a: Raikou|Pressure
|turn|19
|
|switch|p1a: Cresselia|Cresselia, F|421\/444
|-damage|p1a: Cresselia|366\/444|[from] Stealth Rock
|move|p2a: Raikou|Volt Switch|p1a: Cresselia
|-crit|p1a: Cresselia
|-damage|p1a: Cresselia|164\/444
|
|switch|p2a: Beedrill|Beedrill-Mega, M|115\/272
|
|-heal|p1a: Cresselia|191\/444|[from] item: Leftovers
|turn|20
|c|âMeruu|i cant
|c|âMeruu|see that stupid thing
|c|âMeruu|on team preview
|c|âMeruu|lol
|c|âWhy Fi|what mega bee?
|c|âMeruu|ya i forgot you had it
|c|âMeruu|i wouldn't have
|
|switch|p1a: Alomomola|Alomomola, M|427\/521
|-damage|p1a: Alomomola|362\/521|[from] Stealth Rock
|move|p2a: Beedrill|Knock Off|p1a: Alomomola
|-damage|p1a: Alomomola|285\/521
|
|turn|21
|c|âWhy Fi|lol
|join|LarryBusJr
|c|âMeruu|switched this in otherwise
|
|move|p2a: Beedrill|U-turn|p1a: Alomomola
|-damage|p1a: Alomomola|139\/521
|c|âWhy Fi|I still lose
|
|switch|p2a: Celebi|Celebi|324\/404
|move|p1a: Alomomola|Wish|p1a: Alomomola
|
|turn|22
|
|switch|p1a: Escavalier|Escavalier, M|281\/344
|-damage|p1a: Escavalier|238\/344|[from] Stealth Rock
|move|p2a: Celebi|Calm Mind|p2a: Celebi
|-boost|p2a: Celebi|spa|1
|-boost|p2a: Celebi|spd|1
|
|-heal|p1a: Escavalier|344\/344|[from] move: Wish|[wisher] Alomomola
|turn|23
|c|âWhy Fi|oddly enough I have nothing for this thing
|
|move|p2a: Celebi|Earth Power|p1a: Escavalier
|-damage|p1a: Escavalier|251\/344
|move|p1a: Escavalier|Megahorn|p2a: Celebi
|-supereffective|p2a: Celebi
|-damage|p2a: Celebi|0 fnt
|faint|p2a: Celebi
|
|
|switch|p2a: Raikou|Raikou, shiny|267\/322
|-ability|p2a: Raikou|Pressure
|turn|24
|
|switch|p1a: Rhyperior|Rhyperior, M|216\/431
|-damage|p1a: Rhyperior|190\/431|[from] Stealth Rock
|move|p2a: Raikou|Aura Sphere|p1a: Rhyperior
|-supereffective|p1a: Rhyperior
|-damage|p1a: Rhyperior|0 fnt
|faint|p1a: Rhyperior
|
|
|switch|p1a: Cresselia|Cresselia, F|191\/444
|-damage|p1a: Cresselia|136\/444|[from] Stealth Rock
|turn|25
|
|switch|p2a: Blissey|Blissey, F|692\/714
|move|p1a: Cresselia|Moonlight|p1a: Cresselia
|-heal|p1a: Cresselia|358\/444
|
|-heal|p1a: Cresselia|385\/444|[from] item: Leftovers
|-heal|p2a: Blissey|714\/714|[from] item: Leftovers
|turn|26
|
|switch|p1a: Pidgeot|Pidgeot-Mega, M|307\/307
|-damage|p1a: Pidgeot|231\/307|[from] Stealth Rock
|move|p2a: Blissey|Wish|p2a: Blissey
|
|turn|27
|
|switch|p2a: Raikou|Raikou, shiny|267\/322
|-ability|p2a: Raikou|Pressure
|move|p1a: Pidgeot|Defog|p2a: Raikou
|-unboost|p2a: Raikou|evasion|1
|-sideend|p1: Meruu|Stealth Rock|[from] move: Defog|[of] p1a: Pidgeot
|
|-heal|p2a: Raikou|322\/322|[from] move: Wish|[wisher] Blissey
|turn|28
|
|move|p1a: Pidgeot|Hurricane|p2a: Raikou
|-resisted|p2a: Raikou
|-damage|p2a: Raikou|217\/322
|move|p2a: Raikou|Volt Switch|p1a: Pidgeot
|-supereffective|p1a: Pidgeot
|-damage|p1a: Pidgeot|0 fnt
|faint|p1a: Pidgeot
|
|switch|p2a: Beedrill|Beedrill-Mega, M|115\/272
|
|
|switch|p1a: Alomomola|Alomomola, M|312\/521
|turn|29
|
|move|p2a: Beedrill|U-turn|p1a: Alomomola
|-damage|p1a: Alomomola|156\/521
|
|switch|p2a: Raikou|Raikou, shiny|217\/322
|-ability|p2a: Raikou|Pressure
|move|p1a: Alomomola|Wish|p1a: Alomomola
|
|turn|30
|
|switch|p1a: Escavalier|Escavalier, M|251\/344
|move|p2a: Raikou|Thunderbolt|p1a: Escavalier
|-damage|p1a: Escavalier|20\/344
|
|-heal|p1a: Escavalier|280\/344|[from] move: Wish|[wisher] Alomomola
|turn|31
|
|move|p2a: Raikou|Thunderbolt|p1a: Escavalier
|-damage|p1a: Escavalier|64\/344
|move|p1a: Escavalier|Drill Run|p2a: Raikou
|-supereffective|p2a: Raikou
|-damage|p2a: Raikou|0 fnt
|faint|p2a: Raikou
|
|
|switch|p2a: Beedrill|Beedrill-Mega, M|115\/272
|turn|32
|
|switch|p1a: Alomomola|Alomomola, M|329\/521
|move|p2a: Beedrill|Knock Off|p1a: Alomomola
|-damage|p1a: Alomomola|257\/521
|
|turn|33
|join|DMT
|
|move|p2a: Beedrill|Swords Dance|p2a: Beedrill
|-boost|p2a: Beedrill|atk|2
|move|p1a: Alomomola|Wish|p1a: Alomomola
|
|turn|34
|c|âMeruu|wot
|c| watfor|eyy
|c| watfor|lmao
|
|move|p2a: Beedrill|Poison Jab|p1a: Alomomola
|-damage|p1a: Alomomola|0 fnt
|faint|p1a: Alomomola
|
|join|LessThanThreeMan
|c| monk dopelgang|ooooo
|c|âMeruu|i guess that's gg
|c|âMeruu|l0l
|c|âWhy Fi|lol
|
|switch|p1a: Cresselia|Cresselia, F|385\/444
|turn|35
|join|iplaytennislol
|leave|DMT
|leave|iplaytennislol
|c|âWhy Fi|watch me lose
|
|move|p2a: Beedrill|Knock Off|p1a: Cresselia
|-supereffective|p1a: Cresselia
|-damage|p1a: Cresselia|29\/444
|-enditem|p1a: Cresselia|Leftovers|[from] move: Knock Off|[of] p2a: Beedrill
|move|p1a: Cresselia|Thunder Wave|p2a: Beedrill
|-status|p2a: Beedrill|par
|
|turn|36
|c| monk dopelgang|first tim ive seen sd beedrill actually WORK
|c|âWhy Fi|yep
|c| monk dopelgang|*time
|c| watfor|that is why
|c| watfor|SD u-turn
|c| watfor|is bad
|c|âMeruu|i should've killed
|c|âMeruu|o.o
|
|move|p1a: Cresselia|Psychic|p2a: Beedrill
|-supereffective|p2a: Beedrill
|-damage|p2a: Beedrill|0 fnt
|faint|p2a: Beedrill
|
|c|âMeruu|and no
|c|âMeruu|sd u-turn is fine
|c|âMeruu|idk why he didnt
|
|switch|p2a: Blissey|Blissey, F|714\/714
|turn|37
|c|âMeruu|poison jab
|c|âWhy Fi|idk either
|c|âMeruu|i think pjab does more
|c|âMeruu|with adaptability
|c|âWhy Fi|I was going to uturn into Bliss
|c|âMeruu|or w8
|c|âMeruu|actually no it doesn't
|c|âMeruu|lol
|
|move|p1a: Cresselia|Moonlight|p1a: Cresselia
|-heal|p1a: Cresselia|251\/444
|move|p2a: Blissey|Seismic Toss|p1a: Cresselia
|-damage|p1a: Cresselia|151\/444
|
|turn|38
|c| watfor|no knock off does more yeah
|leave|The Real BT
|c| watfor|u-turn does the most
|join|The Real BT
|
|move|p1a: Cresselia|Moonlight|p1a: Cresselia
|-heal|p1a: Cresselia|373\/444
|move|p2a: Blissey|Toxic|p1a: Cresselia
|-status|p1a: Cresselia|tox
|
|-damage|p1a: Cresselia|346\/444 tox|[from] psn
|turn|39
|
|switch|p1a: Audino|Audino, M|410\/410
|move|p2a: Blissey|Seismic Toss|p1a: Audino
|-damage|p1a: Audino|310\/410
|
|-heal|p1a: Audino|335\/410|[from] item: Leftovers
|turn|40
|
|move|p1a: Audino|Protect|p1a: Audino
|-singleturn|p1a: Audino|Protect
|move|p2a: Blissey|Seismic Toss|p1a: Audino
|-activate|p1a: Audino|Protect
|
|-heal|p1a: Audino|360\/410|[from] item: Leftovers
|turn|41
|leave|Gay Bear Sex
|join|Gay Bear Sex
|
|move|p2a: Blissey|Seismic Toss|p1a: Audino
|-damage|p1a: Audino|260\/410
|move|p1a: Audino|Knock Off|p2a: Blissey
|-damage|p2a: Blissey|504\/714
|-enditem|p2a: Blissey|Leftovers|[from] move: Knock Off|[of] p1a: Audino
|
|-heal|p1a: Audino|285\/410|[from] item: Leftovers
|turn|42
|
|move|p1a: Audino|Protect|p1a: Audino
|-singleturn|p1a: Audino|Protect
|move|p2a: Blissey|Wish|p2a: Blissey
|
|-heal|p1a: Audino|310\/410|[from] item: Leftovers
|turn|43
|
|move|p2a: Blissey|Seismic Toss|p1a: Audino
|-damage|p1a: Audino|210\/410
|move|p1a: Audino|Knock Off|p2a: Blissey
|-damage|p2a: Blissey|360\/714
|
|-heal|p2a: Blissey|714\/714|[from] move: Wish|[wisher] Blissey
|-heal|p1a: Audino|235\/410|[from] item: Leftovers
|turn|44
|
|move|p2a: Blissey|Toxic|p1a: Audino
|-status|p1a: Audino|tox
|move|p1a: Audino|Wish|p1a: Audino
|
|-heal|p1a: Audino|260\/410 tox|[from] item: Leftovers
|-damage|p1a: Audino|235\/410 tox|[from] psn
|turn|45
|c| LarryBusJr|gg
|c|âMeruu|how
|c|âMeruu|is this gg
|
|move|p2a: Blissey|Seismic Toss|p1a: Audino
|-damage|p1a: Audino|135\/410 tox
|move|p1a: Audino|Heal Bell|p1a: Audino
|-cureteam|p1a: Audino|[from] move: HealBell
|
|-heal|p1a: Audino|340\/410|[from] move: Wish|[wisher] Audino
|-heal|p1a: Audino|365\/410|[from] item: Leftovers
|turn|46
|c|âMeruu|lol
|c| LarryBusJr|dont
|c| finnigans wake|lol
|c| LarryBusJr|stall
|c| LarryBusJr|this
|c| LarryBusJr|out
|c|âWhy Fi|lol
|c|âMeruu|why not?  I win
|c|âMeruu|hello
|
|move|p1a: Audino|Protect|p1a: Audino
|-singleturn|p1a: Audino|Protect
|move|p2a: Blissey|Seismic Toss|p1a: Audino
|-activate|p1a: Audino|Protect
|
|-heal|p1a: Audino|390\/410|[from] item: Leftovers
|turn|47
|c| monk dopelgang|true
|c| LarryBusJr|talking
|c| LarryBusJr|to
|
|switch|p1a: Cresselia|Cresselia, F|346\/444
|move|p2a: Blissey|Seismic Toss|p1a: Cresselia
|-damage|p1a: Cresselia|246\/444
|
|turn|48
|c| monk dopelgang|3 pokes vs 1
|c| LarryBusJr|whyfi
|c| LarryBusJr|duhhh
|
|move|p1a: Cresselia|Psychic|p2a: Blissey
|-damage|p2a: Blissey|669\/714
|move|p2a: Blissey|Toxic|p1a: Cresselia
|-status|p1a: Cresselia|tox
|
|-damage|p1a: Cresselia|219\/444 tox|[from] psn
|turn|49
|c|âWhy Fi|I had to wait almost 30 minutes to play a game.
|c|âWhy Fi|I'm playing damn it.
|c|âMeruu|why
|c|âMeruu|u lose
|c| LarryBusJr|:[
|
|move|p1a: Cresselia|Moonlight|p1a: Cresselia
|-heal|p1a: Cresselia|441\/444 tox
|move|p2a: Blissey|Seismic Toss|p1a: Cresselia
|-damage|p1a: Cresselia|341\/444 tox
|
|-damage|p1a: Cresselia|287\/444 tox|[from] psn
|turn|50
|-message|Why Fi forfeited.
|leave|Why Fi
|
|win|Meruu
|leave|finnigans wake
|player|p2
|leave|watfor
|leave|uunubnub
|leave|monk dopelgang