|join|Meruu
|join|KOTT
|player|p1|Meruu|45
|player|p2|KOTT|266
|gametype|singles
|gen|6
|tier|UU
|rated
|rule|Sleep Clause Mod: Limit one foe put to sleep
|rule|Species Clause: Limit one of each PokÃ©mon
|rule|OHKO Clause: OHKO moves are banned
|rule|Moody Clause: Moody is banned
|rule|Evasion Moves Clause: Evasion moves are banned
|rule|Endless Battle Clause: Forcing endless battles is banned
|rule|HP Percentage Mod: HP is shown in percentages
|clearpoke
|poke|p1|Florges, F
|poke|p1|Crobat, F
|poke|p1|Heliolisk, M
|poke|p1|Steelix, M
|poke|p1|Cresselia, F
|poke|p1|Hydreigon, M
|poke|p2|Darmanitan, F
|poke|p2|Machamp, F
|poke|p2|Sharpedo, M
|poke|p2|Virizion
|poke|p2|Tornadus, M
|poke|p2|Blastoise, F
|rule|Swagger Clause: Swagger is banned
|rule|Baton Pass Clause: Limit one PokÃ©mon knowing Baton Pass
|teampreview
|
|start
|switch|p1a: Crobat|Crobat, F|321\/321
|switch|p2a: Blastoise|Blastoise, F|361\/361
|turn|1
|
|detailschange|p2a: Blastoise|Blastoise-Mega, F
|-mega|p2a: Blastoise|Blastoise|Blastoisinite
|move|p1a: Crobat|U-turn|p2a: Blastoise
|-damage|p2a: Blastoise|306\/361
|
|switch|p1a: Florges|Florges, F|360\/360
|move|p2a: Blastoise|Scald|p1a: Florges
|-damage|p1a: Florges|249\/360
|-status|p1a: Florges|brn
|
|-heal|p1a: Florges|271\/360 brn|[from] item: Leftovers
|-damage|p1a: Florges|226\/360 brn|[from] brn
|turn|2
|
|switch|p2a: Darmanitan|Darmanitan, F|351\/351
|move|p1a: Florges|Aromatherapy|p1a: Florges
|-cureteam|p1a: Florges|[from] move: Aromatherapy
|
|-heal|p1a: Florges|248\/360|[from] item: Leftovers
|turn|3
|join|SmashBrosBrawl
|
|move|p1a: Florges|Protect|p1a: Florges
|-singleturn|p1a: Florges|Protect
|move|p2a: Darmanitan|U-turn|p1a: Florges
|-activate|p1a: Florges|Protect
|
|-heal|p1a: Florges|270\/360|[from] item: Leftovers
|turn|4
|join|AlldaAlts
|
|move|p2a: Darmanitan|U-turn|p1a: Florges
|-resisted|p1a: Florges
|-damage|p1a: Florges|222\/360
|
|switch|p2a: Tornadus|Tornadus, M|299\/299
|move|p1a: Florges|Wish|p1a: Florges
|
|-heal|p1a: Florges|244\/360|[from] item: Leftovers
|turn|5
|
|move|p2a: Tornadus|Knock Off|p1a: Florges
|-resisted|p1a: Florges
|-damage|p1a: Florges|193\/360
|-enditem|p1a: Florges|Leftovers|[from] move: Knock Off|[of] p2a: Tornadus
|move|p1a: Florges|Moonblast|p2a: Tornadus
|-damage|p2a: Tornadus|160\/299
|
|-heal|p1a: Florges|360\/360|[from] move: Wish|[wisher] Florges
|turn|6
|
|move|p2a: Tornadus|Acrobatics|p1a: Florges
|-damage|p1a: Florges|171\/360
|move|p1a: Florges|Moonblast|p2a: Tornadus
|-damage|p2a: Tornadus|18\/299
|-unboost|p2a: Tornadus|spa|1
|
|turn|7
|c|+SmashBrosBrawl|bope
|c|+SmashBrosBrawl|d
|
|switch|p1a: Steelix|Steelix, M|354\/354
|move|p2a: Tornadus|Acrobatics|p1a: Steelix
|-resisted|p1a: Steelix
|-damage|p1a: Steelix|305\/354
|
|turn|8
|c|âMeruu|ooPZ
|
|detailschange|p1a: Steelix|Steelix-Mega, M
|-mega|p1a: Steelix|Steelix|Steelixite
|move|p2a: Tornadus|U-turn|p1a: Steelix
|-resisted|p1a: Steelix
|-damage|p1a: Steelix|287\/354
|c|+SmashBrosBrawl|why r u using
|c|+SmashBrosBrawl|this thing
|
|switch|p2a: Blastoise|Blastoise-Mega, F|306\/361
|move|p1a: Steelix|Stealth Rock|p2a: Blastoise
|-sidestart|p2: KOTT|move: Stealth Rock
|
|turn|9
|c|âMeruu|cos i can
|c|+SmashBrosBrawl|KOTT
|
|switch|p1a: Heliolisk|Heliolisk, M|265\/265
|move|p2a: Blastoise|Aura Sphere|p1a: Heliolisk
|-crit|p1a: Heliolisk
|-supereffective|p1a: Heliolisk
|-damage|p1a: Heliolisk|0 fnt
|faint|p1a: Heliolisk
|
|c|+SmashBrosBrawl|aura sphere
|c|+SmashBrosBrawl|BOP
|c|âMeruu|HAX
|c|+SmashBrosBrawl|lmoa
|
|switch|p1a: Cresselia|Cresselia, F|444\/444
|turn|10
|c|âMeruu|f-fuck!!!
|c|+SmashBrosBrawl|mfw that was
|c|+SmashBrosBrawl|the worst play
|c|+SmashBrosBrawl|u could make
|c|âKOTT|pays to be unpredictable, hence  tornadus, virizion etc
|c|âMeruu|ya unpredictable!!!
|
|move|p1a: Cresselia|Calm Mind|p1a: Cresselia
|-boost|p1a: Cresselia|spa|1
|-boost|p1a: Cresselia|spd|1
|move|p2a: Blastoise|Dark Pulse|p1a: Cresselia
|-supereffective|p1a: Cresselia
|-damage|p1a: Cresselia|290\/444
|
|-heal|p1a: Cresselia|317\/444|[from] item: Leftovers
|turn|11
|
|move|p1a: Cresselia|Calm Mind|p1a: Cresselia
|-boost|p1a: Cresselia|spa|1
|-boost|p1a: Cresselia|spd|1
|move|p2a: Blastoise|Rapid Spin|p1a: Cresselia
|-damage|p1a: Cresselia|307\/444
|-sideend|p2: KOTT|Stealth Rock|[from] move: Rapid Spin|[of] p2a: Blastoise
|
|-heal|p1a: Cresselia|334\/444|[from] item: Leftovers
|turn|12
|
|switch|p2a: Sharpedo|Sharpedo, M|281\/281
|move|p1a: Cresselia|Psyshock|p2a: Sharpedo
|-immune|p2a: Sharpedo|[msg]
|
|-heal|p1a: Cresselia|361\/444|[from] item: Leftovers
|turn|13
|c|+SmashBrosBrawl|n
|c|+SmashBrosBrawl|n
|c|âMeruu|>.>
|c|+SmashBrosBrawl|o
|c|+SmashBrosBrawl|nice moonblat
|c|+SmashBrosBrawl|NERD
|
|move|p2a: Sharpedo|Crunch|p1a: Cresselia
|-crit|p1a: Cresselia
|-supereffective|p1a: Cresselia
|-damage|p1a: Cresselia|65\/444
|move|p1a: Cresselia|Moonblast|p2a: Sharpedo
|-supereffective|p2a: Sharpedo
|-enditem|p2a: Sharpedo|Focus Sash
|-damage|p2a: Sharpedo|1\/281
|-unboost|p2a: Sharpedo|spa|1
|
|-heal|p1a: Cresselia|92\/444|[from] item: Leftovers
|-boost|p2a: Sharpedo|spe|1|[from] ability: Speed Boost
|turn|14
|c|+SmashBrosBrawl|rofl
|c|âMeruu|smh this nigga does not stop haxing
|
|switch|p1a: Hydreigon|Hydreigon, M|325\/325
|move|p2a: Sharpedo|Crunch|p1a: Hydreigon
|-resisted|p1a: Hydreigon
|-damage|p1a: Hydreigon|245\/325
|
|-boost|p2a: Sharpedo|spe|1|[from] ability: Speed Boost
|turn|15
|c|+SmashBrosBrawl|ice fang flinch here
|c|âMeruu|inb4 dbond
|c|âKOTT|lol no hax here
|join|epic4eternity
|
|move|p2a: Sharpedo|Destiny Bond|p2a: Sharpedo
|-singlemove|p2a: Sharpedo|Destiny Bond
|move|p1a: Hydreigon|U-turn|p2a: Sharpedo
|-supereffective|p2a: Sharpedo
|-damage|p2a: Sharpedo|0 fnt
|faint|p2a: Sharpedo
|-activate|p2a: Sharpedo|Destiny Bond
|faint|p1a: Hydreigon
|
|c|+SmashBrosBrawl|wow meru
|c|+SmashBrosBrawl|ure a psych
|c|+SmashBrosBrawl|!!
|c|âKOTT|good guess!
|c|âMeruu|thx lol!!
|c|âKOTT|lol
|c|âMeruu|XD!!!
|
|switch|p1a: Crobat|Crobat, F|321\/321
|switch|p2a: Virizion|Virizion|323\/323
|turn|16
|
|move|p1a: Crobat|Brave Bird|p2a: Virizion
|-supereffective|p2a: Virizion
|-damage|p2a: Virizion|0 fnt
|-damage|p1a: Crobat|214\/321|[from] recoil|[of] p2a: Virizion
|faint|p2a: Virizion
|
|-heal|p1a: Crobat|234\/321|[from] item: Black Sludge
|c|+SmashBrosBrawl|why is hydreigon ur fire resist
|
|switch|p2a: Tornadus|Tornadus, M|18\/299
|turn|17
|
|move|p2a: Tornadus|Tailwind|p2a: Tornadus
|-sidestart|p2: KOTT|move: Tailwind
|move|p1a: Crobat|Brave Bird|p2a: Tornadus
|-damage|p2a: Tornadus|0 fnt
|-damage|p1a: Crobat|228\/321|[from] recoil|[of] p2a: Tornadus
|faint|p2a: Tornadus
|
|-heal|p1a: Crobat|248\/321|[from] item: Black Sludge
|
|switch|p2a: Darmanitan|Darmanitan, F|351\/351
|turn|18
|
|switch|p1a: Cresselia|Cresselia, F|92\/444
|move|p2a: Darmanitan|Flare Blitz|p1a: Cresselia
|-damage|p1a: Cresselia|0 fnt
|-damage|p2a: Darmanitan|321\/351|[from] recoil|[of] p1a: Cresselia
|faint|p1a: Cresselia
|
|
|switch|p1a: Florges|Florges, F|171\/360
|turn|19
|
|move|p1a: Florges|Protect|p1a: Florges
|-singleturn|p1a: Florges|Protect
|move|p2a: Darmanitan|Flare Blitz|p1a: Florges
|-activate|p1a: Florges|Protect
|
|turn|20
|
|switch|p1a: Steelix|Steelix-Mega, M|287\/354
|move|p2a: Darmanitan|Flare Blitz|p1a: Steelix
|-crit|p1a: Steelix
|-supereffective|p1a: Steelix
|-damage|p1a: Steelix|0 fnt
|-damage|p2a: Darmanitan|226\/351|[from] recoil|[of] p1a: Steelix
|faint|p1a: Steelix
|
|-sideend|p2: KOTT|move: Tailwind
|leave|AlldaAlts
|
|switch|p1a: Crobat|Crobat, F|248\/321
|turn|21
|
|switch|p2a: Machamp|Machamp, F|321\/321
|move|p1a: Crobat|Brave Bird|p2a: Machamp
|-supereffective|p2a: Machamp
|-damage|p2a: Machamp|0 fnt
|-damage|p1a: Crobat|142\/321|[from] recoil|[of] p2a: Machamp
|faint|p2a: Machamp
|
|-heal|p1a: Crobat|162\/321|[from] item: Black Sludge
|
|switch|p2a: Blastoise|Blastoise-Mega, F|306\/361
|turn|22
|
|move|p1a: Crobat|U-turn|p2a: Blastoise
|-damage|p2a: Blastoise|249\/361
|
|switch|p1a: Florges|Florges, F|171\/360
|move|p2a: Blastoise|Scald|p1a: Florges
|-damage|p1a: Florges|68\/360
|
|turn|23
|c|âMeruu|o shit xD
|
|switch|p2a: Darmanitan|Darmanitan, F|226\/351
|move|p1a: Florges|Moonblast|p2a: Darmanitan
|-resisted|p2a: Darmanitan
|-damage|p2a: Darmanitan|122\/351
|-unboost|p2a: Darmanitan|spa|1
|
|turn|24
|c|+SmashBrosBrawl|why
|c|+SmashBrosBrawl|u fuker
|
|move|p1a: Florges|Protect|p1a: Florges
|-singleturn|p1a: Florges|Protect
|move|p2a: Darmanitan|Flare Blitz|p1a: Florges
|-activate|p1a: Florges|Protect
|
|turn|25
|
|move|p2a: Darmanitan|Flare Blitz|p1a: Florges
|-damage|p1a: Florges|0 fnt
|-damage|p2a: Darmanitan|100\/351|[from] recoil|[of] p1a: Florges
|faint|p1a: Florges
|
|c|âKOTT|gg
|
|switch|p1a: Crobat|Crobat, F|162\/321
|turn|26
|
|move|p2a: Darmanitan|Flare Blitz|p1a: Crobat
|-damage|p1a: Crobat|0 fnt
|-damage|p2a: Darmanitan|47\/351|[from] recoil|[of] p1a: Crobat
|faint|p1a: Crobat
|
|win|KOTT
|raw|Ladder updating...
|raw|Meruu's rating: 1652 &rarr; <strong>1619<\/strong><br \/>(-33 for losing)
|raw|KOTT's rating: 1386 &rarr; <strong>1419<\/strong><br \/>(+33 for winning)
|leave|Meruu
|player|p1
|leave|epic4eternity
|leave|SmashBrosBrawl