|join|TimeTravel3
|join|Bl153
|player|p1|TimeTravel3|209
|player|p2|Bl153|101
|gametype|singles
|gen|6
|tier|OU
|rated
|clearpoke
|poke|p1|Garchomp, M
|poke|p1|Bisharp, F
|poke|p1|Breloom, F
|poke|p1|Charizard, M
|poke|p1|Azumarill, M
|poke|p1|Latias, F
|poke|p2|Cobalion
|poke|p2|Landorus-Therian, M
|poke|p2|Heatran, F, shiny
|poke|p2|Rotom-Wash
|poke|p2|Gallade, M
|poke|p2|Sylveon, F
|rule|Swagger Clause: Swagger is banned
|rule|Baton Pass Clause: Limit one PokÃ©mon knowing Baton Pass
|rule|Sleep Clause Mod: Limit one foe put to sleep
|rule|Species Clause: Limit one of each PokÃ©mon
|rule|OHKO Clause: OHKO moves are banned
|rule|Moody Clause: Moody is banned
|rule|Evasion Moves Clause: Evasion moves are banned
|rule|Endless Battle Clause: Forcing endless battles is banned
|rule|HP Percentage Mod: HP is shown in percentages
|teampreview
|c|âBl153|gl hf
|
|start
|switch|p1a: Garchomp|Garchomp, M|357\/357
|switch|p2a: Cobalion|Cobalion|369\/369
|turn|1
|
|move|p2a: Cobalion|Hidden Power|p1a: Garchomp
|-supereffective|p1a: Garchomp
|-damage|p1a: Garchomp|189\/357
|move|p1a: Garchomp|Earthquake|p2a: Cobalion
|-supereffective|p2a: Cobalion
|-damage|p2a: Cobalion|105\/369
|
|-heal|p2a: Cobalion|128\/369|[from] item: Leftovers
|turn|2
|
|move|p2a: Cobalion|Hidden Power|p1a: Garchomp
|-supereffective|p1a: Garchomp
|-damage|p1a: Garchomp|0 fnt
|faint|p1a: Garchomp
|
|-heal|p2a: Cobalion|151\/369|[from] item: Leftovers
|
|switch|p1a: Breloom|Breloom, F|261\/261
|turn|3
|
|switch|p2a: Landorus-Therian|Landorus-Therian, M|381\/381
|-ability|p2a: Landorus-Therian|Intimidate|[of] p1a: Breloom
|-unboost|p1a: Breloom|atk|1
|move|p1a: Breloom|Spore|p2a: Landorus-Therian
|-status|p2a: Landorus-Therian|slp
|
|turn|4
|
|switch|p2a: Heatran|Heatran, F, shiny|385\/385
|move|p1a: Breloom|Swords Dance|p1a: Breloom
|-boost|p1a: Breloom|atk|2
|
|turn|5
|
|move|p1a: Breloom|Mach Punch|p2a: Heatran
|-supereffective|p2a: Heatran
|-damage|p2a: Heatran|71\/385
|move|p2a: Heatran|Lava Plume|p1a: Breloom
|-supereffective|p1a: Breloom
|-enditem|p1a: Breloom|Focus Sash
|-damage|p1a: Breloom|1\/261
|-status|p1a: Breloom|brn
|
|-heal|p2a: Heatran|95\/385|[from] item: Leftovers
|-damage|p1a: Breloom|0 fnt|[from] brn
|faint|p1a: Breloom
|
|switch|p1a: Charizard|Charizard, M|359\/359
|turn|6
|
|move|p1a: Charizard|Dragon Dance|p1a: Charizard
|-boost|p1a: Charizard|atk|1
|-boost|p1a: Charizard|spe|1
|move|p2a: Heatran|Toxic|p1a: Charizard
|-status|p1a: Charizard|tox
|
|-heal|p2a: Heatran|119\/385|[from] item: Leftovers
|-damage|p1a: Charizard|337\/359 tox|[from] psn
|turn|7
|
|switch|p2a: Landorus-Therian|Landorus-Therian, M|381\/381 slp
|-ability|p2a: Landorus-Therian|Intimidate|[of] p1a: Charizard
|-unboost|p1a: Charizard|atk|1
|move|p1a: Charizard|Earthquake|p2a: Landorus-Therian
|-immune|p2a: Landorus-Therian|[msg]
|
|-damage|p1a: Charizard|293\/359 tox|[from] psn
|turn|8
|
|switch|p2a: Rotom-Wash|Rotom-Wash|303\/303
|detailschange|p1a: Charizard|Charizard-Mega-X, M
|-mega|p1a: Charizard|Charizard|Charizardite X
|move|p1a: Charizard|Dragon Claw|p2a: Rotom-Wash
|-damage|p2a: Rotom-Wash|162\/303
|
|-heal|p2a: Rotom-Wash|180\/303|[from] item: Leftovers
|-damage|p1a: Charizard|227\/359 tox|[from] psn
|turn|9
|
|move|p1a: Charizard|Dragon Claw|p2a: Rotom-Wash
|-damage|p2a: Rotom-Wash|36\/303
|move|p2a: Rotom-Wash|Hydro Pump|p1a: Charizard
|-damage|p1a: Charizard|76\/359 tox
|
|-heal|p2a: Rotom-Wash|54\/303|[from] item: Leftovers
|-damage|p1a: Charizard|0 fnt|[from] psn
|faint|p1a: Charizard
|
|switch|p1a: Latias|Latias, F|301\/301
|turn|10
|
|switch|p2a: Heatran|Heatran, F, shiny|119\/385
|move|p1a: Latias|Psyshock|p2a: Heatran
|-resisted|p2a: Heatran
|-damage|p2a: Heatran|37\/385
|-damage|p1a: Latias|271\/301|[from] item: Life Orb
|
|-heal|p2a: Heatran|61\/385|[from] item: Leftovers
|turn|11
|
|switch|p1a: Azumarill|Azumarill, M|342\/342
|move|p2a: Heatran|Lava Plume|p1a: Azumarill
|-crit|p1a: Azumarill
|-resisted|p1a: Azumarill
|-damage|p1a: Azumarill|241\/342
|
|-heal|p2a: Heatran|85\/385|[from] item: Leftovers
|turn|12
|
|move|p1a: Azumarill|Knock Off|p2a: Heatran
|-damage|p2a: Heatran|0 fnt
|-enditem|p2a: Heatran|Leftovers|[from] move: Knock Off|[of] p1a: Azumarill
|faint|p2a: Heatran
|
|
|switch|p2a: Cobalion|Cobalion|151\/369
|turn|13
|
|switch|p1a: Latias|Latias, F|271\/301
|move|p2a: Cobalion|Volt Switch|p1a: Latias
|-resisted|p1a: Latias
|-damage|p1a: Latias|253\/301
|
|switch|p2a: Sylveon|Sylveon, F|387\/387
|
|turn|14
|
|move|p1a: Latias|Psyshock|p2a: Sylveon
|-crit|p2a: Sylveon
|-damage|p2a: Sylveon|48\/387
|-damage|p1a: Latias|223\/301|[from] item: Life Orb
|move|p2a: Sylveon|Hyper Voice|p1a: Latias
|-supereffective|p1a: Latias
|-damage|p1a: Latias|0 fnt
|faint|p1a: Latias
|
|
|switch|p1a: Bisharp|Bisharp, F|271\/271
|turn|15
|
|move|p1a: Bisharp|Swords Dance|p1a: Bisharp
|-boost|p1a: Bisharp|atk|2
|move|p2a: Sylveon|Hyper Voice|p1a: Bisharp
|-enditem|p1a: Bisharp|Focus Sash
|-damage|p1a: Bisharp|1\/271
|
|turn|16
|
|move|p1a: Bisharp|Knock Off|p2a: Sylveon
|-resisted|p2a: Sylveon
|-damage|p2a: Sylveon|0 fnt
|-enditem|p2a: Sylveon|Pixie Plate|[from] move: Knock Off|[of] p1a: Bisharp
|faint|p2a: Sylveon
|
|
|switch|p2a: Cobalion|Cobalion|151\/369
|turn|17
|
|move|p1a: Bisharp|Sucker Punch|p2a: Cobalion
|-resisted|p2a: Cobalion
|-damage|p2a: Cobalion|34\/369
|-boost|p2a: Cobalion|atk|1|[from] ability: Justified
|move|p2a: Cobalion|Volt Switch|p1a: Bisharp
|-damage|p1a: Bisharp|0 fnt
|faint|p1a: Bisharp
|
|switch|p2a: Rotom-Wash|Rotom-Wash|54\/303
|
|-heal|p2a: Rotom-Wash|72\/303|[from] item: Leftovers
|
|switch|p1a: Azumarill|Azumarill, M|241\/342
|turn|18
|
|move|p2a: Rotom-Wash|Will-O-Wisp|p1a: Azumarill|[miss]
|-miss|p2a: Rotom-Wash|p1a: Azumarill
|move|p1a: Azumarill|Play Rough|p2a: Rotom-Wash
|-damage|p2a: Rotom-Wash|0 fnt
|faint|p2a: Rotom-Wash
|
|
|switch|p2a: Gallade|Gallade, M|277\/277
|turn|19
|
|detailschange|p2a: Gallade|Gallade-Mega, M
|-mega|p2a: Gallade|Gallade|Galladite
|move|p2a: Gallade|Psycho Cut|p1a: Azumarill
|-damage|p1a: Azumarill|58\/342
|-enditem|p1a: Azumarill|Sitrus Berry|[eat]
|-heal|p1a: Azumarill|143\/342|[from] item: Sitrus Berry
|move|p1a: Azumarill|Play Rough|p2a: Gallade
|-supereffective|p2a: Gallade
|-damage|p2a: Gallade|0 fnt
|faint|p2a: Gallade
|
|
|switch|p2a: Landorus-Therian|Landorus-Therian, M|381\/381 slp
|-ability|p2a: Landorus-Therian|Intimidate|[of] p1a: Azumarill
|-unboost|p1a: Azumarill|atk|1
|turn|20
|
|cant|p2a: Landorus-Therian|slp
|move|p1a: Azumarill|Play Rough|p2a: Landorus-Therian
|-damage|p2a: Landorus-Therian|261\/381 slp
|
|-heal|p2a: Landorus-Therian|284\/381 slp|[from] item: Leftovers
|turn|21
|
|cant|p2a: Landorus-Therian|slp
|move|p1a: Azumarill|Play Rough|p2a: Landorus-Therian
|-damage|p2a: Landorus-Therian|158\/381 slp
|
|-heal|p2a: Landorus-Therian|181\/381 slp|[from] item: Leftovers
|turn|22
|
|move|p1a: Azumarill|Aqua Jet|p2a: Landorus-Therian
|-supereffective|p2a: Landorus-Therian
|-damage|p2a: Landorus-Therian|73\/381 slp
|-curestatus|p2a: Landorus-Therian|slp
|move|p2a: Landorus-Therian|Earthquake|p1a: Azumarill
|-damage|p1a: Azumarill|0 fnt
|faint|p1a: Azumarill
|
|win|Bl153
|raw|Ladder updating...
|raw|TimeTravel3's rating: 1782 &rarr; <strong>1752<\/strong><br \/>(-30 for losing)
|raw|Bl153's rating: 1588 &rarr; <strong>1618<\/strong><br \/>(+30 for winning)
|c|âBl153|gg