|join|Bl153
|join|RomanNWK
|player|p1|Bl153|101
|player|p2|RomanNWK|272
|gametype|singles
|gen|6
|tier|OU
|rated
|clearpoke
|poke|p1|Cobalion
|poke|p1|Landorus-Therian, M
|poke|p1|Heatran, F, shiny
|poke|p1|Rotom-Wash
|poke|p1|Gallade, M
|poke|p1|Sylveon, F
|poke|p2|Alomomola, F, shiny
|poke|p2|Chesnaught, M, shiny
|poke|p2|Heatran, M, shiny
|poke|p2|Chansey, F, shiny
|poke|p2|Gengar, M, shiny
|poke|p2|Gothitelle, F, shiny
|rule|Swagger Clause: Swagger is banned
|rule|Baton Pass Clause: Limit one PokÃ©mon knowing Baton Pass
|rule|Sleep Clause Mod: Limit one foe put to sleep
|rule|Species Clause: Limit one of each PokÃ©mon
|rule|OHKO Clause: OHKO moves are banned
|rule|Moody Clause: Moody is banned
|rule|Evasion Moves Clause: Evasion moves are banned
|rule|Endless Battle Clause: Forcing endless battles is banned
|rule|HP Percentage Mod: HP is shown in percentages
|teampreview
|c|âBl153|gl hf
|
|start
|switch|p1a: Landorus-Therian|Landorus-Therian, M|381\/381
|switch|p2a: Heatran|Heatran, M, shiny|385\/385
|-ability|p1a: Landorus-Therian|Intimidate|[of] p2a: Heatran
|-unboost|p2a: Heatran|atk|1
|-item|p2a: Heatran|Air Balloon
|turn|1
|
|move|p1a: Landorus-Therian|Knock Off|p2a: Heatran
|-damage|p2a: Heatran|269\/385
|-enditem|p2a: Heatran|Air Balloon
|move|p2a: Heatran|Stealth Rock|p1a: Landorus-Therian
|-sidestart|p1: Bl153|move: Stealth Rock
|
|turn|2
|
|switch|p2a: Chesnaught|Chesnaught, M, shiny|380\/380
|move|p1a: Landorus-Therian|U-turn|p2a: Chesnaught
|-damage|p2a: Chesnaught|327\/380
|-damage|p1a: Landorus-Therian|318\/381|[from] item: Rocky Helmet|[of] p2a: Chesnaught
|
|switch|p1a: Heatran|Heatran, F, shiny|385\/385
|-damage|p1a: Heatran|337\/385|[from] Stealth Rock
|
|-heal|p1a: Heatran|361\/385|[from] item: Leftovers
|turn|3
|
|switch|p2a: Chansey|Chansey, F, shiny|641\/641
|move|p1a: Heatran|Toxic|p2a: Chansey
|-status|p2a: Chansey|tox
|
|-heal|p1a: Heatran|385\/385|[from] item: Leftovers
|-damage|p2a: Chansey|601\/641 tox|[from] psn
|turn|4
|
|switch|p1a: Landorus-Therian|Landorus-Therian, M|318\/381
|-damage|p1a: Landorus-Therian|271\/381|[from] Stealth Rock
|-ability|p1a: Landorus-Therian|Intimidate|[of] p2a: Chansey
|-unboost|p2a: Chansey|atk|1
|move|p2a: Chansey|Heal Bell|p2a: Chansey
|-cureteam|p2a: Chansey|[from] move: HealBell
|
|-heal|p1a: Landorus-Therian|294\/381|[from] item: Leftovers
|turn|5
|
|switch|p2a: Chesnaught|Chesnaught, M, shiny|327\/380
|move|p1a: Landorus-Therian|Knock Off|p2a: Chesnaught
|-resisted|p2a: Chesnaught
|-damage|p2a: Chesnaught|288\/380
|-damage|p1a: Landorus-Therian|231\/381|[from] item: Rocky Helmet|[of] p2a: Chesnaught
|-enditem|p2a: Chesnaught|Rocky Helmet|[from] move: Knock Off|[of] p1a: Landorus-Therian
|
|-heal|p1a: Landorus-Therian|254\/381|[from] item: Leftovers
|turn|6
|
|move|p1a: Landorus-Therian|Stealth Rock|p2a: Chesnaught
|-sidestart|p2: RomanNWK|move: Stealth Rock
|move|p2a: Chesnaught|Spikes|p1a: Landorus-Therian
|-sidestart|p1: Bl153|Spikes
|
|-heal|p1a: Landorus-Therian|277\/381|[from] item: Leftovers
|turn|7
|
|switch|p1a: Sylveon|Sylveon, F|387\/387
|-damage|p1a: Sylveon|339\/387|[from] Stealth Rock
|-damage|p1a: Sylveon|291\/387|[from] Spikes
|move|p2a: Chesnaught|Leech Seed|p1a: Sylveon
|-start|p1a: Sylveon|move: Leech Seed
|
|-damage|p1a: Sylveon|243\/387|[from] Leech Seed|[of] p2a: Chesnaught
|-heal|p2a: Chesnaught|336\/380|[silent]
|turn|8
|
|switch|p2a: Chansey|Chansey, F, shiny|601\/641
|-damage|p2a: Chansey|521\/641|[from] Stealth Rock
|move|p1a: Sylveon|Hyper Voice|p2a: Chansey
|-damage|p2a: Chansey|403\/641
|
|-damage|p1a: Sylveon|195\/387|[from] Leech Seed|[of] p2a: Chansey
|-heal|p2a: Chansey|451\/641|[silent]
|turn|9
|
|switch|p1a: Gallade|Gallade, M|277\/277
|-damage|p1a: Gallade|243\/277|[from] Spikes
|-damage|p1a: Gallade|226\/277|[from] Stealth Rock
|move|p2a: Chansey|Toxic|p1a: Gallade
|-status|p1a: Gallade|tox
|
|-damage|p1a: Gallade|209\/277 tox|[from] psn
|turn|10
|
|switch|p2a: Chesnaught|Chesnaught, M, shiny|336\/380
|-damage|p2a: Chesnaught|313\/380|[from] Stealth Rock
|detailschange|p1a: Gallade|Gallade-Mega, M
|-mega|p1a: Gallade|Gallade|Galladite
|move|p1a: Gallade|Swords Dance|p1a: Gallade
|-boost|p1a: Gallade|atk|2
|
|-damage|p1a: Gallade|175\/277 tox|[from] psn
|turn|11
|
|move|p1a: Gallade|Psycho Cut|p2a: Chesnaught
|-crit|p2a: Chesnaught
|-supereffective|p2a: Chesnaught
|-damage|p2a: Chesnaught|0 fnt
|faint|p2a: Chesnaught
|
|-damage|p1a: Gallade|124\/277 tox|[from] psn
|
|switch|p2a: Gengar|Gengar, M, shiny|262\/262
|-damage|p2a: Gengar|230\/262|[from] Stealth Rock
|turn|12
|
|move|p1a: Gallade|Psycho Cut|p2a: Gengar
|-supereffective|p2a: Gengar
|-damage|p2a: Gengar|0 fnt
|faint|p2a: Gengar
|
|-damage|p1a: Gallade|56\/277 tox|[from] psn
|
|switch|p2a: Alomomola|Alomomola, F, shiny|534\/534
|-damage|p2a: Alomomola|468\/534|[from] Stealth Rock
|turn|13
|
|move|p2a: Alomomola|Protect|p2a: Alomomola
|-singleturn|p2a: Alomomola|Protect
|move|p1a: Gallade|Close Combat|p2a: Alomomola
|-activate|p2a: Alomomola|Protect
|
|-heal|p2a: Alomomola|501\/534|[from] item: Leftovers
|-damage|p1a: Gallade|0 fnt|[from] psn
|faint|p1a: Gallade
|
|switch|p1a: Cobalion|Cobalion|369\/369
|-damage|p1a: Cobalion|323\/369|[from] Spikes
|-damage|p1a: Cobalion|312\/369|[from] Stealth Rock
|turn|14
|
|move|p1a: Cobalion|Volt Switch|p2a: Alomomola
|-supereffective|p2a: Alomomola
|-damage|p2a: Alomomola|403\/534
|
|switch|p1a: Rotom-Wash|Rotom-Wash|303\/303
|-damage|p1a: Rotom-Wash|266\/303|[from] Stealth Rock
|move|p2a: Alomomola|Scald|p1a: Rotom-Wash
|-resisted|p1a: Rotom-Wash
|-damage|p1a: Rotom-Wash|243\/303
|
|-heal|p1a: Rotom-Wash|261\/303|[from] item: Leftovers
|-heal|p2a: Alomomola|436\/534|[from] item: Leftovers
|turn|15
|
|move|p1a: Rotom-Wash|Volt Switch|p2a: Alomomola
|-supereffective|p2a: Alomomola
|-damage|p2a: Alomomola|232\/534
|
|switch|p1a: Heatran|Heatran, F, shiny|385\/385
|-damage|p1a: Heatran|337\/385|[from] Spikes
|-damage|p1a: Heatran|289\/385|[from] Stealth Rock
|move|p2a: Alomomola|Mirror Coat|p1a: Heatran
|-damage|p1a: Heatran|0 fnt
|faint|p1a: Heatran
|
|-heal|p2a: Alomomola|265\/534|[from] item: Leftovers
|
|switch|p1a: Sylveon|Sylveon, F|195\/387
|-damage|p1a: Sylveon|147\/387|[from] Spikes
|-damage|p1a: Sylveon|99\/387|[from] Stealth Rock
|turn|16
|
|move|p2a: Alomomola|Protect|p2a: Alomomola
|-singleturn|p2a: Alomomola|Protect
|move|p1a: Sylveon|Wish|p1a: Sylveon
|
|-heal|p2a: Alomomola|298\/534|[from] item: Leftovers
|turn|17
|
|move|p2a: Alomomola|Wish|p2a: Alomomola
|move|p1a: Sylveon|Hyper Voice|p2a: Alomomola
|-damage|p2a: Alomomola|25\/534
|
|-heal|p1a: Sylveon|292\/387|[from] move: Wish|[wisher] Sylveon
|-heal|p2a: Alomomola|58\/534|[from] item: Leftovers
|turn|18
|
|move|p2a: Alomomola|Protect|p2a: Alomomola
|-singleturn|p2a: Alomomola|Protect
|move|p1a: Sylveon|Hidden Power|p2a: Alomomola
|-activate|p2a: Alomomola|Protect
|
|-heal|p2a: Alomomola|325\/534|[from] move: Wish|[wisher] Alomomola
|-heal|p2a: Alomomola|358\/534|[from] item: Leftovers
|turn|19
|
|move|p2a: Alomomola|Wish|p2a: Alomomola
|move|p1a: Sylveon|Wish|p1a: Sylveon
|
|-heal|p2a: Alomomola|391\/534|[from] item: Leftovers
|turn|20
|
|switch|p1a: Landorus-Therian|Landorus-Therian, M|277\/381
|-damage|p1a: Landorus-Therian|230\/381|[from] Stealth Rock
|-ability|p1a: Landorus-Therian|Intimidate|[of] p2a: Alomomola
|-unboost|p2a: Alomomola|atk|1
|move|p2a: Alomomola|Mirror Coat|p1a: Landorus-Therian
|-fail|p1a: Landorus-Therian
|
|-heal|p2a: Alomomola|534\/534|[from] move: Wish|[wisher] Alomomola
|-heal|p1a: Landorus-Therian|381\/381|[from] move: Wish|[wisher] Sylveon
|turn|21
|
|move|p1a: Landorus-Therian|Knock Off|p2a: Alomomola
|-damage|p2a: Alomomola|398\/534
|-enditem|p2a: Alomomola|Leftovers|[from] move: Knock Off|[of] p1a: Landorus-Therian
|move|p2a: Alomomola|Scald|p1a: Landorus-Therian
|-supereffective|p1a: Landorus-Therian
|-damage|p1a: Landorus-Therian|279\/381
|
|-heal|p1a: Landorus-Therian|302\/381|[from] item: Leftovers
|turn|22
|
|move|p1a: Landorus-Therian|U-turn|p2a: Alomomola
|-damage|p2a: Alomomola|292\/534
|
|switch|p1a: Sylveon|Sylveon, F|292\/387
|-damage|p1a: Sylveon|244\/387|[from] Spikes
|-damage|p1a: Sylveon|196\/387|[from] Stealth Rock
|move|p2a: Alomomola|Scald|p1a: Sylveon
|-damage|p1a: Sylveon|159\/387
|
|turn|23
|
|move|p2a: Alomomola|Wish|p2a: Alomomola
|move|p1a: Sylveon|Wish|p1a: Sylveon
|
|turn|24
|
|switch|p2a: Gothitelle|Gothitelle, F, shiny|344\/344
|-damage|p2a: Gothitelle|301\/344|[from] Stealth Rock
|move|p1a: Sylveon|Hyper Voice|p2a: Gothitelle
|-crit|p2a: Gothitelle
|-damage|p2a: Gothitelle|0 fnt
|faint|p2a: Gothitelle
|
|-heal|p1a: Sylveon|352\/387|[from] move: Wish|[wisher] Sylveon
|
|switch|p2a: Chansey|Chansey, F, shiny|451\/641
|-damage|p2a: Chansey|371\/641|[from] Stealth Rock
|turn|25
|
|switch|p1a: Cobalion|Cobalion|312\/369
|-damage|p1a: Cobalion|266\/369|[from] Spikes
|-damage|p1a: Cobalion|255\/369|[from] Stealth Rock
|move|p2a: Chansey|Soft-Boiled|p2a: Chansey
|-heal|p2a: Chansey|641\/641
|
|-heal|p1a: Cobalion|278\/369|[from] item: Leftovers
|turn|26
|
|move|p1a: Cobalion|Close Combat|p2a: Chansey
|-supereffective|p2a: Chansey
|-damage|p2a: Chansey|267\/641
|-unboost|p1a: Cobalion|def|1
|-unboost|p1a: Cobalion|spd|1
|move|p2a: Chansey|Seismic Toss|p1a: Cobalion
|-damage|p1a: Cobalion|178\/369
|
|-heal|p1a: Cobalion|201\/369|[from] item: Leftovers
|turn|27
|-message|RomanNWK forfeited.
|leave|RomanNWK
|
|win|Bl153
|raw|Ladder updating...
|player|p2
|raw|Bl153's rating: 1540 &rarr; <strong>1559<\/strong><br \/>(+19 for winning)
|raw|RomanNWK's rating: 1499 &rarr; <strong>1481<\/strong><br \/>(-18 for losing)