|join|Ernes
|join|Bl153
|player|p1|Ernes|18
|player|p2|Bl153|101
|gametype|singles
|gen|6
|tier|OU
|rated
|clearpoke
|poke|p1|Metagross
|poke|p1|Landorus-Therian, M
|poke|p1|Manaphy
|poke|p1|Chesnaught, M
|poke|p1|Heatran, F
|poke|p1|Latias, F
|poke|p2|Cobalion
|poke|p2|Landorus-Therian, M
|poke|p2|Heatran, F, shiny
|poke|p2|Rotom-Wash
|poke|p2|Gallade, M
|poke|p2|Sylveon, F
|rule|Swagger Clause: Swagger is banned
|rule|Baton Pass Clause: Limit one PokÃ©mon knowing Baton Pass
|rule|Sleep Clause Mod: Limit one foe put to sleep
|rule|Species Clause: Limit one of each PokÃ©mon
|rule|OHKO Clause: OHKO moves are banned
|rule|Moody Clause: Moody is banned
|rule|Evasion Moves Clause: Evasion moves are banned
|rule|Endless Battle Clause: Forcing endless battles is banned
|rule|HP Percentage Mod: HP is shown in percentages
|teampreview
|c|âBl153|gl hf
|
|start
|switch|p1a: Manaphy|Manaphy|365\/365
|switch|p2a: Rotom-Wash|Rotom-Wash|303\/303
|turn|1
|
|move|p1a: Manaphy|Tail Glow|p1a: Manaphy
|-boost|p1a: Manaphy|spa|3
|move|p2a: Rotom-Wash|Volt Switch|p1a: Manaphy
|-supereffective|p1a: Manaphy
|-damage|p1a: Manaphy|177\/365
|
|switch|p2a: Sylveon|Sylveon, F|387\/387
|
|-heal|p1a: Manaphy|199\/365|[from] item: Leftovers
|turn|2
|
|move|p1a: Manaphy|Rain Dance|p1a: Manaphy
|-weather|RainDance
|move|p2a: Sylveon|Hyper Voice|p1a: Manaphy
|-damage|p1a: Manaphy|0 fnt
|faint|p1a: Manaphy
|
|-weather|RainDance|[upkeep]
|
|switch|p1a: Metagross|Metagross|301\/301
|turn|3
|
|switch|p2a: Rotom-Wash|Rotom-Wash|303\/303
|detailschange|p1a: Metagross|Metagross-Mega
|-mega|p1a: Metagross|Metagross|Metagrossite
|move|p1a: Metagross|Zen Headbutt|p2a: Rotom-Wash
|-damage|p2a: Rotom-Wash|153\/303
|
|-weather|RainDance|[upkeep]
|-heal|p2a: Rotom-Wash|171\/303|[from] item: Leftovers
|turn|4
|
|switch|p1a: Latias|Latias, F|301\/301
|switch|p2a: Landorus-Therian|Landorus-Therian, M|381\/381
|-ability|p2a: Landorus-Therian|Intimidate|[of] p1a: Latias
|-unboost|p1a: Latias|atk|1
|
|-weather|RainDance|[upkeep]
|turn|5
|
|switch|p1a: Landorus-Therian|Landorus-Therian, M|319\/319
|-ability|p1a: Landorus-Therian|Intimidate|[of] p2a: Landorus-Therian
|-unboost|p2a: Landorus-Therian|atk|1
|move|p2a: Landorus-Therian|Knock Off|p1a: Landorus-Therian
|-damage|p1a: Landorus-Therian|236\/319
|-enditem|p1a: Landorus-Therian|Choice Scarf|[from] move: Knock Off|[of] p2a: Landorus-Therian
|
|-weather|RainDance|[upkeep]
|turn|6
|
|switch|p2a: Cobalion|Cobalion|369\/369
|move|p1a: Landorus-Therian|Knock Off|p2a: Cobalion
|-resisted|p2a: Cobalion
|-damage|p2a: Cobalion|322\/369
|-boost|p2a: Cobalion|atk|1|[from] ability: Justified
|-enditem|p2a: Cobalion|Leftovers|[from] move: Knock Off|[of] p1a: Landorus-Therian
|
|-weather|none
|turn|7
|
|move|p2a: Cobalion|Hidden Power|p1a: Landorus-Therian
|-supereffective|p1a: Landorus-Therian
|-damage|p1a: Landorus-Therian|32\/319
|move|p1a: Landorus-Therian|Earthquake|p2a: Cobalion
|-supereffective|p2a: Cobalion
|-damage|p2a: Cobalion|26\/369
|
|turn|8
|
|switch|p1a: Metagross|Metagross-Mega|301\/301
|move|p2a: Cobalion|Iron Head|p1a: Metagross
|-resisted|p1a: Metagross
|-damage|p1a: Metagross|248\/301
|
|turn|9
|
|switch|p2a: Landorus-Therian|Landorus-Therian, M|381\/381
|-ability|p2a: Landorus-Therian|Intimidate|[of] p1a: Metagross
|-unboost|p1a: Metagross|atk|1
|move|p1a: Metagross|Zen Headbutt|p2a: Landorus-Therian|[miss]
|-miss|p1a: Metagross|p2a: Landorus-Therian
|
|turn|10
|
|switch|p1a: Landorus-Therian|Landorus-Therian, M|32\/319
|-ability|p1a: Landorus-Therian|Intimidate|[of] p2a: Landorus-Therian
|-unboost|p2a: Landorus-Therian|atk|1
|move|p2a: Landorus-Therian|Stealth Rock|p1a: Landorus-Therian
|-sidestart|p1: Ernes|move: Stealth Rock
|
|turn|11
|
|move|p1a: Landorus-Therian|Knock Off|p2a: Landorus-Therian
|-damage|p2a: Landorus-Therian|258\/381
|-enditem|p2a: Landorus-Therian|Leftovers|[from] move: Knock Off|[of] p1a: Landorus-Therian
|move|p2a: Landorus-Therian|U-turn|p1a: Landorus-Therian
|-resisted|p1a: Landorus-Therian
|-damage|p1a: Landorus-Therian|1\/319
|
|switch|p2a: Cobalion|Cobalion|26\/369
|
|turn|12
|
|move|p2a: Cobalion|Close Combat|p1a: Landorus-Therian
|-resisted|p1a: Landorus-Therian
|-damage|p1a: Landorus-Therian|0 fnt
|-unboost|p2a: Cobalion|def|1
|-unboost|p2a: Cobalion|spd|1
|faint|p1a: Landorus-Therian
|
|
|switch|p1a: Metagross|Metagross-Mega|248\/301
|-damage|p1a: Metagross|230\/301|[from] Stealth Rock
|turn|13
|
|move|p1a: Metagross|Meteor Mash|p2a: Cobalion|[miss]
|-miss|p1a: Metagross|p2a: Cobalion
|move|p2a: Cobalion|Close Combat|p1a: Metagross
|-damage|p1a: Metagross|128\/301
|-unboost|p2a: Cobalion|def|1
|-unboost|p2a: Cobalion|spd|1
|
|turn|14
|c|âBl153|sorry man
|c|âBl153|all dat hax
|c|âErnes|its ok
|
|switch|p2a: Landorus-Therian|Landorus-Therian, M|258\/381
|-ability|p2a: Landorus-Therian|Intimidate|[of] p1a: Metagross
|-unboost|p1a: Metagross|atk|1
|move|p1a: Metagross|Meteor Mash|p2a: Landorus-Therian
|-damage|p2a: Landorus-Therian|111\/381
|
|turn|15
|
|switch|p2a: Cobalion|Cobalion|26\/369
|move|p1a: Metagross|Zen Headbutt|p2a: Cobalion
|-damage|p2a: Cobalion|0 fnt
|faint|p2a: Cobalion
|
|
|switch|p2a: Landorus-Therian|Landorus-Therian, M|111\/381
|-ability|p2a: Landorus-Therian|Intimidate|[of] p1a: Metagross
|-unboost|p1a: Metagross|atk|1
|turn|16
|
|move|p1a: Metagross|Ice Punch|p2a: Landorus-Therian
|-supereffective|p2a: Landorus-Therian
|-damage|p2a: Landorus-Therian|0 fnt
|faint|p2a: Landorus-Therian
|
|
|switch|p2a: Gallade|Gallade, M|277\/277
|turn|17
|
|switch|p1a: Chesnaught|Chesnaught, M|380\/380
|-damage|p1a: Chesnaught|357\/380|[from] Stealth Rock
|detailschange|p2a: Gallade|Gallade-Mega, M
|-mega|p2a: Gallade|Gallade|Galladite
|move|p2a: Gallade|Swords Dance|p2a: Gallade
|-boost|p2a: Gallade|atk|2
|
|-heal|p1a: Chesnaught|380\/380|[from] item: Leftovers
|turn|18
|
|move|p2a: Gallade|Psycho Cut|p1a: Chesnaught
|-supereffective|p1a: Chesnaught
|-damage|p1a: Chesnaught|0 fnt
|faint|p1a: Chesnaught
|
|
|switch|p1a: Latias|Latias, F|301\/301
|-damage|p1a: Latias|264\/301|[from] Stealth Rock
|turn|19
|
|move|p1a: Latias|Draco Meteor|p2a: Gallade
|-damage|p2a: Gallade|47\/277
|-unboost|p1a: Latias|spa|2
|-damage|p1a: Latias|234\/301|[from] item: Life Orb
|move|p2a: Gallade|Ice Punch|p1a: Latias
|-supereffective|p1a: Latias
|-damage|p1a: Latias|0 fnt
|faint|p1a: Latias
|
|
|switch|p1a: Metagross|Metagross-Mega|128\/301
|-damage|p1a: Metagross|110\/301|[from] Stealth Rock
|turn|20
|
|switch|p2a: Sylveon|Sylveon, F|387\/387
|move|p1a: Metagross|Ice Punch|p2a: Sylveon
|-crit|p2a: Sylveon
|-damage|p2a: Sylveon|150\/387
|
|turn|21
|
|move|p1a: Metagross|Meteor Mash|p2a: Sylveon
|-supereffective|p2a: Sylveon
|-damage|p2a: Sylveon|0 fnt
|faint|p2a: Sylveon
|
|
|switch|p2a: Rotom-Wash|Rotom-Wash|171\/303
|turn|22
|
|move|p1a: Metagross|Zen Headbutt|p2a: Rotom-Wash
|-damage|p2a: Rotom-Wash|35\/303
|move|p2a: Rotom-Wash|Hydro Pump|p1a: Metagross
|-damage|p1a: Metagross|0 fnt
|faint|p1a: Metagross
|
|-heal|p2a: Rotom-Wash|53\/303|[from] item: Leftovers
|
|switch|p1a: Heatran|Heatran, F|380\/380
|-damage|p1a: Heatran|333\/380|[from] Stealth Rock
|turn|23
|
|move|p2a: Rotom-Wash|Pain Split|p1a: Heatran
|-sethp|p1a: Heatran|193\/380|p2a: Rotom-Wash|193\/303|[from] move: Pain Split
|move|p1a: Heatran|Stealth Rock|p2a: Rotom-Wash
|-sidestart|p2: Bl153|move: Stealth Rock
|
|-heal|p2a: Rotom-Wash|211\/303|[from] item: Leftovers
|-heal|p1a: Heatran|216\/380|[from] item: Leftovers
|turn|24
|
|move|p2a: Rotom-Wash|Hydro Pump|p1a: Heatran
|-supereffective|p1a: Heatran
|-damage|p1a: Heatran|30\/380
|move|p1a: Heatran|Toxic|p2a: Rotom-Wash
|-status|p2a: Rotom-Wash|tox
|
|-heal|p2a: Rotom-Wash|229\/303 tox|[from] item: Leftovers
|-heal|p1a: Heatran|53\/380|[from] item: Leftovers
|-damage|p2a: Rotom-Wash|211\/303 tox|[from] psn
|turn|25
|
|move|p2a: Rotom-Wash|Volt Switch|p1a: Heatran
|-damage|p1a: Heatran|0 fnt
|faint|p1a: Heatran
|
|win|Bl153
|raw|Ladder updating...
|raw|Ernes's rating: 1545 &rarr; <strong>1524<\/strong><br \/>(-21 for losing)
|raw|Bl153's rating: 1519 &rarr; <strong>1540<\/strong><br \/>(+21 for winning)
|c|âBl153|gg
|c|âErnes|gg
|leave|Ernes
|player|p1