|join|Bl153
|join|fanofshofu
|player|p1|Bl153|101
|player|p2|fanofshofu|163
|gametype|singles
|gen|6
|tier|OU
|rated
|clearpoke
|poke|p1|Dragonite, M
|poke|p1|Azumarill, M
|poke|p1|Scizor, M
|poke|p1|Heatran, M, shiny
|poke|p1|Gengar, M
|poke|p1|Rotom-Wash
|poke|p2|Thundurus, M
|poke|p2|Landorus-Therian, M
|poke|p2|Bisharp, M
|poke|p2|Azumarill, F
|poke|p2|Latios, M
|poke|p2|Conkeldurr, M
|rule|Swagger Clause: Swagger is banned
|rule|Baton Pass Clause: Limit one PokÃ©mon knowing Baton Pass
|rule|Sleep Clause Mod: Limit one foe put to sleep
|rule|Species Clause: Limit one of each PokÃ©mon
|rule|OHKO Clause: OHKO moves are banned
|rule|Moody Clause: Moody is banned
|rule|Evasion Moves Clause: Evasion moves are banned
|rule|Endless Battle Clause: Forcing endless battles is banned
|rule|HP Percentage Mod: HP is shown in percentages
|teampreview
|join|EMOLGASUCKS
|c|âBl153|gl hf
|c|âfanofshofu|u2
|
|start
|switch|p1a: Scizor|Scizor, M|343\/343
|switch|p2a: Landorus-Therian|Landorus-Therian, M|382\/382
|-ability|p2a: Landorus-Therian|Intimidate|[of] p1a: Scizor
|-unboost|p1a: Scizor|atk|1
|turn|1
|c|âBl153|its the server dude.. not me
|c|âBl153|I wasnt taking an eon trust me..
|c|âfanofshofu|ok
|
|detailschange|p1a: Scizor|Scizor-Mega, M
|-mega|p1a: Scizor|Scizor|Scizorite
|move|p2a: Landorus-Therian|Stealth Rock|p1a: Scizor
|-sidestart|p1: Bl153|move: Stealth Rock
|move|p1a: Scizor|Toxic|p2a: Landorus-Therian
|-status|p2a: Landorus-Therian|tox
|
|-damage|p2a: Landorus-Therian|359\/382 tox|[from] psn
|turn|2
|c|âBl153|thank u :]
|
|move|p2a: Landorus-Therian|U-turn|p1a: Scizor
|-resisted|p1a: Scizor
|-damage|p1a: Scizor|319\/343
|c|âfanofshofu|yeah! :D
|
|switch|p2a: Conkeldurr|Conkeldurr, M|351\/351
|move|p1a: Scizor|Defog|p2a: Conkeldurr
|-unboost|p2a: Conkeldurr|evasion|1
|-sideend|p1: Bl153|Stealth Rock|[from] move: Defog|[of] p1a: Scizor
|
|turn|3
|
|switch|p1a: Azumarill|Azumarill, M|395\/395
|move|p2a: Conkeldurr|Fire Punch|p1a: Azumarill
|-resisted|p1a: Azumarill
|-damage|p1a: Azumarill|335\/395
|
|turn|4
|
|move|p1a: Azumarill|Play Rough|p2a: Conkeldurr
|-supereffective|p2a: Conkeldurr
|-damage|p2a: Conkeldurr|0 fnt
|faint|p2a: Conkeldurr
|
|
|switch|p2a: Bisharp|Bisharp, M|272\/272
|-ability|p2a: Bisharp|Pressure
|turn|5
|
|move|p2a: Bisharp|Iron Head|p1a: Azumarill
|-damage|p1a: Azumarill|115\/395
|-damage|p2a: Bisharp|245\/272|[from] item: Life Orb
|move|p1a: Azumarill|Waterfall|p2a: Bisharp
|-damage|p2a: Bisharp|56\/272
|
|turn|6
|
|move|p1a: Azumarill|Aqua Jet|p2a: Bisharp
|-damage|p2a: Bisharp|0 fnt
|faint|p2a: Bisharp
|
|
|switch|p2a: Thundurus|Thundurus, M|300\/300
|turn|7
|
|move|p2a: Thundurus|Volt Switch|p1a: Azumarill
|-supereffective|p1a: Azumarill
|-damage|p1a: Azumarill|0 fnt
|-damage|p2a: Thundurus|270\/300|[from] item: Life Orb
|faint|p1a: Azumarill
|
|switch|p2a: Azumarill|Azumarill, F|404\/404
|
|
|switch|p1a: Rotom-Wash|Rotom-Wash|303\/303
|turn|8
|
|move|p1a: Rotom-Wash|Will-O-Wisp|p2a: Azumarill
|-status|p2a: Azumarill|brn
|move|p2a: Azumarill|Play Rough|p1a: Rotom-Wash
|-damage|p1a: Rotom-Wash|231\/303
|
|-heal|p1a: Rotom-Wash|249\/303|[from] item: Leftovers
|-damage|p2a: Azumarill|354\/404 brn|[from] brn
|turn|9
|
|move|p1a: Rotom-Wash|Volt Switch|p2a: Azumarill
|-supereffective|p2a: Azumarill
|-damage|p2a: Azumarill|150\/404 brn
|
|switch|p1a: Heatran|Heatran, M, shiny|385\/385
|-enditem|p2a: Azumarill|Sitrus Berry|[eat]
|-heal|p2a: Azumarill|251\/404 brn|[from] item: Sitrus Berry
|move|p2a: Azumarill|Belly Drum|p2a: Azumarill
|-damage|p2a: Azumarill|49\/404 brn
|-setboost|p2a: Azumarill|atk|6|[from] move: Belly Drum
|
|-damage|p2a: Azumarill|0 fnt|[from] brn
|faint|p2a: Azumarill
|
|switch|p2a: Latios|Latios, M|302\/302
|turn|10
|
|switch|p1a: Scizor|Scizor-Mega, M|319\/343
|detailschange|p2a: Latios|Latios-Mega, M
|-mega|p2a: Latios|Latios|Latiosite
|move|p2a: Latios|Earthquake|p1a: Scizor
|-damage|p1a: Scizor|263\/343
|
|turn|11
|
|move|p2a: Latios|Surf|p1a: Scizor
|-crit|p1a: Scizor
|-damage|p1a: Scizor|66\/343
|move|p1a: Scizor|Toxic|p2a: Latios
|-status|p2a: Latios|tox
|
|-damage|p2a: Latios|284\/302 tox|[from] psn
|turn|12
|
|move|p1a: Scizor|Bullet Punch|p2a: Latios
|-damage|p2a: Latios|173\/302 tox
|move|p2a: Latios|Surf|p1a: Scizor
|-damage|p1a: Scizor|0 fnt
|faint|p1a: Scizor
|
|-damage|p2a: Latios|137\/302 tox|[from] psn
|
|switch|p1a: Dragonite|Dragonite, M|347\/347
|turn|13
|
|switch|p2a: Landorus-Therian|Landorus-Therian, M|359\/382 tox
|-ability|p2a: Landorus-Therian|Intimidate|[of] p1a: Dragonite
|-unboost|p1a: Dragonite|atk|1
|move|p1a: Dragonite|Extreme Speed|p2a: Landorus-Therian
|-damage|p2a: Landorus-Therian|279\/382 tox
|
|-heal|p2a: Landorus-Therian|302\/382 tox|[from] item: Leftovers
|-damage|p2a: Landorus-Therian|279\/382 tox|[from] psn
|turn|14
|
|move|p1a: Dragonite|Extreme Speed|p2a: Landorus-Therian
|-damage|p2a: Landorus-Therian|195\/382 tox
|move|p2a: Landorus-Therian|Stealth Rock|p1a: Dragonite
|-sidestart|p1: Bl153|move: Stealth Rock
|
|-heal|p2a: Landorus-Therian|218\/382 tox|[from] item: Leftovers
|-damage|p2a: Landorus-Therian|172\/382 tox|[from] psn
|turn|15
|
|switch|p1a: Heatran|Heatran, M, shiny|385\/385
|-damage|p1a: Heatran|337\/385|[from] Stealth Rock
|move|p2a: Landorus-Therian|Knock Off|p1a: Heatran
|-damage|p1a: Heatran|233\/385
|-enditem|p1a: Heatran|Leftovers|[from] move: Knock Off|[of] p2a: Landorus-Therian
|
|-heal|p2a: Landorus-Therian|195\/382 tox|[from] item: Leftovers
|-damage|p2a: Landorus-Therian|126\/382 tox|[from] psn
|turn|16
|
|move|p2a: Landorus-Therian|Earthquake|p1a: Heatran
|-supereffective|p1a: Heatran
|-damage|p1a: Heatran|0 fnt
|faint|p1a: Heatran
|
|-heal|p2a: Landorus-Therian|149\/382 tox|[from] item: Leftovers
|-damage|p2a: Landorus-Therian|57\/382 tox|[from] psn
|
|switch|p1a: Gengar|Gengar, M|261\/261
|-damage|p1a: Gengar|229\/261|[from] Stealth Rock
|turn|17
|
|move|p1a: Gengar|Shadow Ball|p2a: Landorus-Therian
|-damage|p2a: Landorus-Therian|0 fnt
|faint|p2a: Landorus-Therian
|
|
|switch|p2a: Thundurus|Thundurus, M|270\/300
|turn|18
|
|move|p2a: Thundurus|Thunder Wave|p1a: Gengar
|-status|p1a: Gengar|par
|move|p1a: Gengar|Shadow Ball|p2a: Thundurus
|-damage|p2a: Thundurus|83\/300
|
|turn|19
|
|move|p2a: Thundurus|Hidden Power|p1a: Gengar
|-damage|p1a: Gengar|116\/261 par
|-damage|p2a: Thundurus|53\/300|[from] item: Life Orb
|move|p1a: Gengar|Shadow Ball|p2a: Thundurus
|-damage|p2a: Thundurus|0 fnt
|faint|p2a: Thundurus
|
|c|âBl153|gg
|
|switch|p2a: Latios|Latios-Mega, M|137\/302 tox
|turn|20
|
|move|p2a: Latios|Psyshock|p1a: Gengar
|-supereffective|p1a: Gengar
|-damage|p1a: Gengar|0 fnt
|faint|p1a: Gengar
|
|-damage|p2a: Latios|119\/302 tox|[from] psn
|
|switch|p1a: Dragonite|Dragonite, M|347\/347
|-damage|p1a: Dragonite|261\/347|[from] Stealth Rock
|turn|21
|
|move|p1a: Dragonite|Extreme Speed|p2a: Latios
|-damage|p2a: Latios|0 fnt
|faint|p2a: Latios
|
|win|Bl153
|raw|Ladder updating...
|raw|Bl153's rating: 1570 &rarr; <strong>1586<\/strong><br \/>(+16 for winning)
|raw|fanofshofu's rating: 1501 &rarr; <strong>1485<\/strong><br \/>(-16 for losing)
|leave|fanofshofu
|player|p2