|join|Bl153
|join|mackattack93
|player|p1|Bl153|101
|player|p2|mackattack93|161
|gametype|singles
|gen|6
|tier|OU
|rated
|clearpoke
|poke|p1|Alakazam, M
|poke|p1|Milotic, F
|poke|p1|Heatran, M, shiny
|poke|p1|Conkeldurr, M
|poke|p1|Zapdos
|poke|p1|Sableye, M
|poke|p2|Sceptile, F
|poke|p2|Klefki, F
|poke|p2|Salamence, F
|poke|p2|Heatran, M
|poke|p2|Weavile, F
|poke|p2|Starmie
|rule|Swagger Clause: Swagger is banned
|rule|Baton Pass Clause: Limit one PokÃ©mon knowing Baton Pass
|rule|Sleep Clause Mod: Limit one foe put to sleep
|rule|Species Clause: Limit one of each PokÃ©mon
|rule|OHKO Clause: OHKO moves are banned
|rule|Moody Clause: Moody is banned
|rule|Evasion Moves Clause: Evasion moves are banned
|rule|Endless Battle Clause: Forcing endless battles is banned
|rule|HP Percentage Mod: HP is shown in percentages
|teampreview
|c|âBl153|gl hf
|
|start
|switch|p1a: Zapdos|Zapdos|383\/383
|switch|p2a: Klefki|Klefki, F|318\/318
|-ability|p1a: Zapdos|Pressure
|turn|1
|
|move|p2a: Klefki|Spikes|p1a: Zapdos
|-sidestart|p1: Bl153|Spikes
|move|p1a: Zapdos|Defog|p2a: Klefki
|-unboost|p2a: Klefki|evasion|1
|-sideend|p1: Bl153|Spikes|[from] move: Defog|[of] p1a: Zapdos
|
|turn|2
|
|move|p2a: Klefki|Spikes|p1a: Zapdos
|-sidestart|p1: Bl153|Spikes
|move|p1a: Zapdos|Volt Switch|p2a: Klefki
|-damage|p2a: Klefki|201\/318
|
|switch|p1a: Sableye|Sableye, M|303\/303
|-damage|p1a: Sableye|266\/303|[from] Spikes
|
|-heal|p2a: Klefki|220\/318|[from] item: Leftovers
|turn|3
|
|switch|p2a: Sceptile|Sceptile, F|281\/281
|detailschange|p1a: Sableye|Sableye-Mega, M
|-mega|p1a: Sableye|Sableye|Sablenite
|move|p1a: Sableye|Recover|p1a: Sableye
|-heal|p1a: Sableye|303\/303
|
|turn|4
|
|detailschange|p2a: Sceptile|Sceptile-Mega, F
|-mega|p2a: Sceptile|Sceptile|Sceptilite
|move|p2a: Sceptile|Dragon Pulse|p1a: Sableye
|-damage|p1a: Sableye|153\/303
|move|p1a: Sableye|Calm Mind|p1a: Sableye
|-boost|p1a: Sableye|spa|1
|-boost|p1a: Sableye|spd|1
|
|turn|5
|
|move|p2a: Sceptile|Leaf Storm|p1a: Sableye
|-damage|p1a: Sableye|0 fnt
|-unboost|p2a: Sceptile|spa|2
|faint|p1a: Sableye
|
|
|switch|p1a: Conkeldurr|Conkeldurr, M|413\/413
|-damage|p1a: Conkeldurr|362\/413|[from] Spikes
|turn|6
|
|switch|p2a: Klefki|Klefki, F|220\/318
|move|p1a: Conkeldurr|Knock Off|p2a: Klefki
|-resisted|p2a: Klefki
|-damage|p2a: Klefki|178\/318
|-enditem|p2a: Klefki|Leftovers|[from] move: Knock Off|[of] p1a: Conkeldurr
|
|turn|7
|
|switch|p1a: Zapdos|Zapdos|383\/383
|-ability|p1a: Zapdos|Pressure
|move|p2a: Klefki|Spikes|p1a: Zapdos
|-sidestart|p1: Bl153|Spikes
|
|turn|8
|
|switch|p2a: Sceptile|Sceptile-Mega, F|281\/281
|move|p1a: Zapdos|Defog|p2a: Sceptile
|-unboost|p2a: Sceptile|evasion|1
|-sideend|p1: Bl153|Spikes|[from] move: Defog|[of] p1a: Zapdos
|
|turn|9
|
|move|p2a: Sceptile|Dragon Pulse|p1a: Zapdos
|-damage|p1a: Zapdos|206\/383
|move|p1a: Zapdos|Hidden Power|p2a: Sceptile
|-supereffective|p2a: Sceptile
|-damage|p2a: Sceptile|0 fnt
|faint|p2a: Sceptile
|
|-heal|p1a: Zapdos|229\/383|[from] item: Leftovers
|c|âmackattack93|so weak lol
|c|âBl153|YEP
|
|switch|p2a: Weavile|Weavile, F|281\/281
|-ability|p2a: Weavile|Pressure
|turn|10
|c|âBl153|I thought that after the D Pulse on Sableye lol
|c|âBl153|NOW I wish I ahd it for this monster
|
|move|p2a: Weavile|Knock Off|p1a: Zapdos
|-damage|p1a: Zapdos|57\/383
|-enditem|p1a: Zapdos|Leftovers|[from] move: Knock Off|[of] p2a: Weavile
|-damage|p2a: Weavile|253\/281|[from] item: Life Orb
|move|p1a: Zapdos|Volt Switch|p2a: Weavile
|-crit|p2a: Weavile
|-damage|p2a: Weavile|78\/281
|c|âBl153|*had
|
|switch|p1a: Conkeldurr|Conkeldurr, M|362\/413
|
|turn|11
|
|switch|p2a: Klefki|Klefki, F|178\/318
|move|p1a: Conkeldurr|Drain Punch|p2a: Klefki
|-damage|p2a: Klefki|78\/318
|-heal|p1a: Conkeldurr|412\/413|[from] drain|[of] p2a: Klefki
|
|turn|12
|
|move|p2a: Klefki|Spikes|p1a: Conkeldurr
|-sidestart|p1: Bl153|Spikes
|move|p1a: Conkeldurr|Drain Punch|p2a: Klefki
|-damage|p2a: Klefki|0 fnt
|-heal|p1a: Conkeldurr|413\/413|[from] drain|[of] p2a: Klefki
|faint|p2a: Klefki
|
|
|switch|p2a: Salamence|Salamence, F|331\/331
|turn|13
|
|move|p2a: Salamence|Aerial Ace|p1a: Conkeldurr
|-supereffective|p1a: Conkeldurr
|-damage|p1a: Conkeldurr|183\/413
|move|p1a: Conkeldurr|Ice Punch|p2a: Salamence
|-supereffective|p2a: Salamence
|-damage|p2a: Salamence|0 fnt
|faint|p2a: Salamence
|
|c|âmackattack93|lololololol
|c|âBl153|Well... thats new
|c|âBl153|its no Double Edge lol
|
|switch|p2a: Starmie|Starmie|324\/324
|turn|14
|
|switch|p1a: Zapdos|Zapdos|57\/383
|-ability|p1a: Zapdos|Pressure
|move|p2a: Starmie|Scald|p1a: Zapdos
|-damage|p1a: Zapdos|0 fnt
|faint|p1a: Zapdos
|
|
|switch|p1a: Alakazam|Alakazam, M|252\/252
|turn|15
|
|move|p1a: Alakazam|Shadow Ball|p2a: Starmie
|-supereffective|p2a: Starmie
|-damage|p2a: Starmie|118\/324
|move|p2a: Starmie|Scald|p1a: Alakazam
|-damage|p1a: Alakazam|159\/252
|
|-heal|p2a: Starmie|138\/324|[from] item: Leftovers
|turn|16
|
|switch|p2a: Heatran|Heatran, M|379\/379
|move|p1a: Alakazam|Shadow Ball|p2a: Heatran
|-damage|p2a: Heatran|305\/379
|
|-heal|p2a: Heatran|328\/379|[from] item: Leftovers
|turn|17
|
|move|p1a: Alakazam|Focus Blast|p2a: Heatran
|-supereffective|p2a: Heatran
|-damage|p2a: Heatran|124\/379
|move|p2a: Heatran|Lava Plume|p1a: Alakazam
|-crit|p1a: Alakazam
|-damage|p1a: Alakazam|0 fnt
|faint|p1a: Alakazam
|
|-heal|p2a: Heatran|147\/379|[from] item: Leftovers
|
|switch|p1a: Conkeldurr|Conkeldurr, M|183\/413
|-damage|p1a: Conkeldurr|132\/413|[from] Spikes
|turn|18
|
|move|p2a: Heatran|Lava Plume|p1a: Conkeldurr
|-damage|p1a: Conkeldurr|32\/413
|move|p1a: Conkeldurr|Drain Punch|p2a: Heatran
|-supereffective|p2a: Heatran
|-damage|p2a: Heatran|0 fnt
|-heal|p1a: Conkeldurr|106\/413|[from] drain|[of] p2a: Heatran
|faint|p2a: Heatran
|
|
|switch|p2a: Weavile|Weavile, F|78\/281
|-ability|p2a: Weavile|Pressure
|turn|19
|
|move|p2a: Weavile|Ice Shard|p1a: Conkeldurr
|-damage|p1a: Conkeldurr|11\/413
|-damage|p2a: Weavile|50\/281|[from] item: Life Orb
|move|p1a: Conkeldurr|Mach Punch|p2a: Weavile
|-supereffective|p2a: Weavile
|-damage|p2a: Weavile|0 fnt
|faint|p2a: Weavile
|
|c|âBl153|LMAO
|c|âmackattack93|wow
|c|âBl153|defense evs FTW
|
|switch|p2a: Starmie|Starmie|138\/324
|turn|20
|
|move|p2a: Starmie|Scald|p1a: Conkeldurr
|-crit|p1a: Conkeldurr
|-damage|p1a: Conkeldurr|0 fnt
|faint|p1a: Conkeldurr
|
|-heal|p2a: Starmie|158\/324|[from] item: Leftovers
|
|switch|p1a: Milotic|Milotic, F|387\/387
|-damage|p1a: Milotic|339\/387|[from] Spikes
|turn|21
|
|move|p2a: Starmie|Scald|p1a: Milotic
|-crit|p1a: Milotic
|-resisted|p1a: Milotic
|-damage|p1a: Milotic|279\/387
|-status|p1a: Milotic|brn
|move|p1a: Milotic|Hidden Power|p2a: Starmie
|-supereffective|p2a: Starmie
|-damage|p2a: Starmie|32\/324
|
|-heal|p2a: Starmie|52\/324|[from] item: Leftovers
|-heal|p1a: Milotic|303\/387 brn|[from] item: Leftovers
|-damage|p1a: Milotic|255\/387 brn|[from] brn
|turn|22
|
|move|p2a: Starmie|Recover|p2a: Starmie
|-heal|p2a: Starmie|214\/324
|move|p1a: Milotic|Hidden Power|p2a: Starmie
|-supereffective|p2a: Starmie
|-damage|p2a: Starmie|90\/324
|
|-heal|p2a: Starmie|110\/324|[from] item: Leftovers
|-heal|p1a: Milotic|279\/387 brn|[from] item: Leftovers
|-damage|p1a: Milotic|231\/387 brn|[from] brn
|turn|23
|
|move|p2a: Starmie|Recover|p2a: Starmie
|-heal|p2a: Starmie|272\/324
|move|p1a: Milotic|Recover|p1a: Milotic
|-heal|p1a: Milotic|387\/387 brn
|
|-heal|p2a: Starmie|292\/324|[from] item: Leftovers
|-damage|p1a: Milotic|339\/387 brn|[from] brn
|turn|24
|
|switch|p1a: Heatran|Heatran, M, shiny|385\/385
|-damage|p1a: Heatran|337\/385|[from] Spikes
|move|p2a: Starmie|Scald|p1a: Heatran
|-supereffective|p1a: Heatran
|-damage|p1a: Heatran|199\/385
|
|-heal|p2a: Starmie|312\/324|[from] item: Leftovers
|-heal|p1a: Heatran|223\/385|[from] item: Leftovers
|turn|25
|
|move|p2a: Starmie|Scald|p1a: Heatran
|-supereffective|p1a: Heatran
|-damage|p1a: Heatran|83\/385
|move|p1a: Heatran|Toxic|p2a: Starmie
|-status|p2a: Starmie|tox
|
|-heal|p2a: Starmie|324\/324 tox|[from] item: Leftovers
|-heal|p1a: Heatran|107\/385|[from] item: Leftovers
|-damage|p2a: Starmie|304\/324 tox|[from] psn
|turn|26
|-message|mackattack93 forfeited.
|leave|mackattack93
|
|win|Bl153
|raw|Ladder updating...
|player|p2
|raw|Bl153's rating: 1611 &rarr; <strong>1628<\/strong><br \/>(+17 for winning)
|raw|mackattack93's rating: 1557 &rarr; <strong>1540<\/strong><br \/>(-17 for losing)