|join|rodifrias
|join|ImGonnaWinThis
|player|p1|rodifrias|151
|player|p2|ImGonnaWinThis|263
|gametype|singles
|gen|6
|tier|OU
|rated
|clearpoke
|poke|p1|Sharpedo, F
|poke|p1|Garchomp, M
|poke|p1|Conkeldurr, M
|poke|p1|Snorlax, F
|poke|p1|Pyroar, M
|poke|p1|Shedinja
|poke|p2|Lopunny, F, shiny
|poke|p2|Greninja, M, shiny
|poke|p2|Mamoswine, M, shiny
|poke|p2|Latios, M, shiny
|poke|p2|Azumarill, M, shiny
|poke|p2|Magnezone, shiny
|rule|Swagger Clause: Swagger is banned
|rule|Baton Pass Clause: Limit one PokÃ©mon knowing Baton Pass
|rule|Sleep Clause Mod: Limit one foe put to sleep
|rule|Species Clause: Limit one of each PokÃ©mon
|rule|OHKO Clause: OHKO moves are banned
|rule|Moody Clause: Moody is banned
|rule|Evasion Moves Clause: Evasion moves are banned
|rule|Endless Battle Clause: Forcing endless battles is banned
|rule|HP Percentage Mod: HP is shown in percentages
|teampreview
|
|start
|switch|p1a: Shedinja|Shedinja|1\/1
|switch|p2a: Zed|Greninja, M, shiny|285\/285
|turn|1
|
|switch|p1a: Snorlax|Snorlax, F|524\/524
|move|p2a: Zed|Dark Pulse|p1a: Snorlax
|-start|p2a: Zed|typechange|Dark|[from] Protean
|-damage|p1a: Snorlax|450\/524
|-damage|p2a: Zed|257\/285|[from] item: Life Orb
|
|turn|2
|
|switch|p2a: Magnezone|Magnezone, shiny|282\/282
|move|p1a: Snorlax|Body Slam|p2a: Magnezone
|-resisted|p2a: Magnezone
|-damage|p2a: Magnezone|235\/282
|
|turn|3
|
|move|p2a: Magnezone|Hidden Power|p1a: Snorlax
|-damage|p1a: Snorlax|433\/524
|move|p1a: Snorlax|Fire Blast|p2a: Magnezone
|-supereffective|p2a: Magnezone
|-damage|p2a: Magnezone|101\/282
|
|turn|4
|
|switch|p2a: Lopunny|Lopunny, F, shiny|272\/272
|move|p1a: Snorlax|Body Slam|p2a: Lopunny
|-damage|p2a: Lopunny|149\/272
|
|turn|5
|
|switch|p2a: Zed|Greninja, M, shiny|257\/285
|switch|p1a: Shedinja|Shedinja|1\/1
|
|turn|6
|
|switch|p2a: Azumarill|Azumarill, M, shiny|380\/380
|switch|p1a: Snorlax|Snorlax, F|433\/524
|
|turn|7
|
|move|p2a: Azumarill|Knock Off|p1a: Snorlax
|-damage|p1a: Snorlax|130\/524
|-enditem|p1a: Snorlax|Assault Vest|[from] move: Knock Off|[of] p2a: Azumarill
|move|p1a: Snorlax|Body Slam|p2a: Azumarill
|-damage|p2a: Azumarill|242\/380
|-status|p2a: Azumarill|par
|
|turn|8
|
|move|p1a: Snorlax|Body Slam|p2a: Azumarill
|-damage|p2a: Azumarill|104\/380 par
|move|p2a: Azumarill|Knock Off|p1a: Snorlax
|-damage|p1a: Snorlax|0 fnt
|faint|p1a: Snorlax
|
|
|switch|p1a: Garchomp|Garchomp, M|358\/358
|turn|9
|
|move|p1a: Garchomp|Substitute|p1a: Garchomp
|-start|p1a: Garchomp|Substitute
|-damage|p1a: Garchomp|269\/358
|move|p2a: Azumarill|Knock Off|p1a: Garchomp
|-end|p1a: Garchomp|Substitute
|
|-heal|p1a: Garchomp|291\/358|[from] item: Leftovers
|turn|10
|
|switch|p1a: Sharpedo|Sharpedo, F|281\/281
|move|p2a: Azumarill|Knock Off|p1a: Sharpedo
|-crit|p1a: Sharpedo
|-resisted|p1a: Sharpedo
|-damage|p1a: Sharpedo|52\/281
|
|turn|11
|
|move|p1a: Sharpedo|Protect|p1a: Sharpedo
|-singleturn|p1a: Sharpedo|Protect
|cant|p2a: Azumarill|par
|
|-boost|p1a: Sharpedo|spe|1|[from] ability: Speed Boost
|turn|12
|
|detailschange|p1a: Sharpedo|Sharpedo-Mega, F
|message|Sharpedo has Mega Evolved into Mega Sharpedo!
|move|p1a: Sharpedo|Crunch|p2a: Azumarill
|-resisted|p2a: Azumarill
|-damage|p2a: Azumarill|0 fnt
|faint|p2a: Azumarill
|
|
|switch|p2a: Lopunny|Lopunny, F, shiny|149\/272
|turn|13
|
|detailschange|p2a: Lopunny|Lopunny-Mega, F, shiny
|message|Lopunny has Mega Evolved into Mega Lopunny!
|move|p2a: Lopunny|Fake Out|p1a: Sharpedo
|-damage|p1a: Sharpedo|0 fnt
|faint|p1a: Sharpedo
|
|c|âImGonnaWinThis|shedinja eh
|
|switch|p1a: Conkeldurr|Conkeldurr, M|414\/414
|turn|14
|
|switch|p2a: Magnezone|Magnezone, shiny|101\/282
|move|p1a: Conkeldurr|Drain Punch|p2a: Magnezone
|-supereffective|p2a: Magnezone
|-damage|p2a: Magnezone|0 fnt
|-damage|p1a: Conkeldurr|373\/414|[from] item: Life Orb
|faint|p2a: Magnezone
|
|
|switch|p2a: Latios|Latios, M, shiny|301\/301
|turn|15
|
|switch|p1a: Shedinja|Shedinja|1\/1
|move|p2a: Latios|Psyshock|p1a: Shedinja
|-activate|p1a: Shedinja|ability: Wonder Guard
|
|turn|16
|
|switch|p2a: Mamoswine|Mamoswine, M, shiny|362\/362
|move|p1a: Shedinja|X-Scissor|p2a: Mamoswine
|-crit|p2a: Mamoswine
|-damage|p2a: Mamoswine|154\/362
|
|turn|17
|
|move|p2a: Mamoswine|Stealth Rock|p1a: Shedinja
|-sidestart|p1: rodifrias|move: Stealth Rock
|move|p1a: Shedinja|Phantom Force|p2a: Mamoswine|[still]
|-prepare|p1a: Shedinja|Phantom Force|p2a: Mamoswine
|
|turn|18
|
|switch|p2a: Lopunny|Lopunny-Mega, F, shiny|149\/272
|move|p1a: Shedinja|Phantom Force|p2a: Lopunny
|-immune|p2a: Lopunny|[msg]
|
|turn|19
|
|switch|p2a: Zed|Greninja, M, shiny|257\/285
|move|p1a: Shedinja|X-Scissor|p2a: Zed
|-supereffective|p2a: Zed
|-damage|p2a: Zed|0 fnt
|faint|p2a: Zed
|
|
|switch|p2a: Lopunny|Lopunny-Mega, F, shiny|149\/272
|turn|20
|
|move|p2a: Lopunny|High Jump Kick|p1a: Shedinja
|-activate|p1a: Shedinja|ability: Wonder Guard
|-damage|p2a: Lopunny|13\/272|[from] highjumpkick
|move|p1a: Shedinja|X-Scissor|p2a: Lopunny
|-resisted|p2a: Lopunny
|-damage|p2a: Lopunny|0 fnt
|faint|p2a: Lopunny
|
|c|ârodifrias|gg?=Â¡
|
|switch|p2a: Latios|Latios, M, shiny|301\/301
|turn|21
|
|move|p2a: Latios|Earthquake|p1a: Shedinja
|-activate|p1a: Shedinja|ability: Wonder Guard
|move|p1a: Shedinja|Phantom Force|p2a: Latios|[still]
|-prepare|p1a: Shedinja|Phantom Force|p2a: Latios
|
|turn|22
|
|switch|p2a: Mamoswine|Mamoswine, M, shiny|154\/362
|move|p1a: Shedinja|Phantom Force|p2a: Mamoswine
|-damage|p2a: Mamoswine|0 fnt
|faint|p2a: Mamoswine
|
|c|âImGonnaWinThis|lol
|
|switch|p2a: Latios|Latios, M, shiny|301\/301
|turn|23
|
|move|p2a: Latios|Defog|p1a: Shedinja
|-unboost|p1a: Shedinja|evasion|1
|-sideend|p1: rodifrias|Stealth Rock|[from] move: Defog|[of] p1a: Shedinja
|move|p1a: Shedinja|X-Scissor|p2a: Latios
|-supereffective|p2a: Latios
|-damage|p2a: Latios|0 fnt
|faint|p2a: Latios
|
|win|rodifrias
|raw|Ladder updating...
|raw|rodifrias's rating: 1307 &rarr; <strong>1325<\/strong><br \/>(+18 for winning)
|raw|ImGonnaWinThis's rating: 1285 &rarr; <strong>1261<\/strong><br \/>(-24 for losing)
|c|ârodifrias|shedinja op
|c|âImGonnaWinThis|no fk u
|leave|ImGonnaWinThis
|player|p2