|join|noggah
|join|BalloonRotom
|player|p1|noggah|272
|player|p2|BalloonRotom|265
|gametype|singles
|gen|6
|tier|OU
|rated
|clearpoke
|poke|p1|Tyranitar, M
|poke|p1|Excadrill, M
|poke|p1|Breloom, M
|poke|p1|Charizard, F
|poke|p1|Azumarill, M
|poke|p1|Garchomp, M
|poke|p2|Scizor, M
|poke|p2|Rotom-Wash
|poke|p2|Landorus-Therian, M
|poke|p2|Azumarill, M
|poke|p2|Tyranitar, F
|poke|p2|Zapdos
|rule|Sleep Clause Mod: Limit one foe put to sleep
|rule|Species Clause: Limit one of each Pokemon
|rule|OHKO Clause: OHKO moves are banned
|rule|Moody Clause: Moody is banned
|rule|Evasion Moves Clause: Evasion moves are banned
|rule|Endless Battle Clause: Forcing endless battles is banned.
|rule|HP Percentage Mod: HP is reported as percentages
|teampreview
|
|start
|switch|p1a: Breloom|Breloom, M|262\/262
|switch|p2a: Rotom-Wash|Rotom-Wash|242\/242
|turn|1
|
|move|p2a: Rotom-Wash|Will-O-Wisp|p1a: Breloom
|-status|p1a: Breloom|brn
|move|p1a: Breloom|Bullet Seed|p2a: Rotom-Wash
|-supereffective|p2a: Rotom-Wash
|-damage|p2a: Rotom-Wash|162\/242
|-supereffective|p2a: Rotom-Wash
|-damage|p2a: Rotom-Wash|94\/242
|-supereffective|p2a: Rotom-Wash
|-damage|p2a: Rotom-Wash|26\/242
|-supereffective|p2a: Rotom-Wash
|-damage|p2a: Rotom-Wash|0 fnt
|-hitcount|p2a: Rotom-Wash|4
|faint|p2a: Rotom-Wash
|
|-damage|p1a: Breloom|230\/262 brn|[from] brn
|
|switch|p2a: Landorus-Therian|Landorus-Therian, M|337\/337
|-ability|p2a: Landorus-Therian|Intimidate|[of] p1a: Breloom
|-unboost|p1a: Breloom|atk|1
|turn|2
|
|move|p2a: Landorus-Therian|U-turn|p1a: Breloom
|-damage|p1a: Breloom|114\/262 brn
|
|switch|p2a: Scizor|Scizor, M|344\/344
|move|p1a: Breloom|Rock Tomb|p2a: Scizor|[miss]
|-miss|p1a: Breloom|p2a: Scizor
|
|-damage|p1a: Breloom|82\/262 brn|[from] brn
|turn|3
|
|move|p1a: Breloom|Spore|p2a: Scizor
|-status|p2a: Scizor|slp
|cant|p2a: Scizor|slp
|
|-damage|p1a: Breloom|50\/262 brn|[from] brn
|turn|4
|
|switch|p1a: Charizard|Charizard, F|333\/333
|switch|p2a: Landorus-Therian|Landorus-Therian, M|337\/337
|-ability|p2a: Landorus-Therian|Intimidate|[of] p1a: Charizard
|-unboost|p1a: Charizard|atk|1
|
|turn|5
|
|switch|p1a: Breloom|Breloom, M|50\/262 brn
|move|p2a: Landorus-Therian|Stone Edge|p1a: Breloom
|-resisted|p1a: Breloom
|-damage|p1a: Breloom|0 fnt
|faint|p1a: Breloom
|
|
|switch|p1a: Azumarill|Azumarill, M|345\/345
|turn|6
|
|switch|p2a: Zapdos|Zapdos|384\/384
|-ability|p2a: Zapdos|Pressure
|move|p1a: Azumarill|Knock Off|p2a: Zapdos
|-damage|p2a: Zapdos|270\/384
|-enditem|p2a: Zapdos|Leftovers|[from] move: Knock Off|[of] p1a: Azumarill
|
|turn|7
|
|move|p2a: Zapdos|Volt Switch|p1a: Azumarill
|-crit|p1a: Azumarill
|-supereffective|p1a: Azumarill
|-damage|p1a: Azumarill|85\/345
|
|switch|p2a: Scizor|Scizor, M|344\/344 slp
|move|p1a: Azumarill|Waterfall|p2a: Scizor
|-damage|p2a: Scizor|175\/344 slp
|
|turn|8
|
|switch|p2a: Zapdos|Zapdos|270\/384
|-ability|p2a: Zapdos|Pressure
|move|p1a: Azumarill|Waterfall|p2a: Zapdos
|-damage|p2a: Zapdos|125\/384
|
|turn|9
|
|switch|p1a: Excadrill|Excadrill, M|361\/361
|move|p2a: Zapdos|Roost|p2a: Zapdos
|-heal|p2a: Zapdos|317\/384
|
|turn|10
|
|move|p1a: Excadrill|Earthquake|p2a: Zapdos
|-immune|p2a: Zapdos|[msg]
|move|p2a: Zapdos|Heat Wave|p1a: Excadrill
|-supereffective|p1a: Excadrill
|-damage|p1a: Excadrill|121\/361
|
|turn|11
|
|move|p1a: Excadrill|Rock Slide|p2a: Zapdos
|-supereffective|p2a: Zapdos
|-damage|p2a: Zapdos|99\/384
|-damage|p1a: Excadrill|85\/361|[from] item: Life Orb
|cant|p2a: Zapdos|flinch
|
|turn|12
|
|switch|p2a: Landorus-Therian|Landorus-Therian, M|337\/337
|-ability|p2a: Landorus-Therian|Intimidate|[of] p1a: Excadrill
|-unboost|p1a: Excadrill|atk|1
|move|p1a: Excadrill|Iron Head|p2a: Landorus-Therian
|-damage|p2a: Landorus-Therian|193\/337
|-damage|p1a: Excadrill|49\/361|[from] item: Life Orb
|
|turn|13
|
|switch|p1a: Garchomp|Garchomp, M|357\/357
|move|p2a: Landorus-Therian|U-turn|p1a: Garchomp
|-crit|p1a: Garchomp
|-damage|p1a: Garchomp|193\/357
|-damage|p2a: Landorus-Therian|151\/337|[from] ability: Rough Skin|[of] p1a: Garchomp
|
|switch|p2a: Azumarill|Azumarill, M|404\/404
|
|turn|14
|
|move|p1a: Garchomp|Earthquake|p2a: Azumarill
|-damage|p2a: Azumarill|184\/404
|move|p2a: Azumarill|Play Rough|p1a: Garchomp
|-supereffective|p1a: Garchomp
|-damage|p1a: Garchomp|0 fnt
|-damage|p2a: Azumarill|134\/404|[from] ability: Rough Skin|[of] p1a: Garchomp
|faint|p1a: Garchomp
|
|
|switch|p1a: Charizard|Charizard, F|333\/333
|turn|15
|
|detailschange|p1a: Charizard|Charizard-Mega-X, F
|message|Charizard has Mega Evolved into Mega Charizard!
|move|p1a: Charizard|Flare Blitz|p2a: Azumarill
|-resisted|p2a: Azumarill
|-damage|p2a: Azumarill|0 fnt
|-damage|p1a: Charizard|289\/333|[from] recoil|[of] p2a: Azumarill
|faint|p2a: Azumarill
|
|
|switch|p2a: Landorus-Therian|Landorus-Therian, M|151\/337
|-ability|p2a: Landorus-Therian|Intimidate|[of] p1a: Charizard
|-unboost|p1a: Charizard|atk|1
|turn|16
|
|move|p2a: Landorus-Therian|Earthquake|p1a: Charizard
|-supereffective|p1a: Charizard
|-damage|p1a: Charizard|0 fnt
|faint|p1a: Charizard
|
|
|switch|p1a: Azumarill|Azumarill, M|85\/345
|turn|17
|
|switch|p2a: Scizor|Scizor, M|175\/344 slp
|move|p1a: Azumarill|Aqua Jet|p2a: Scizor
|-damage|p2a: Scizor|93\/344 slp
|
|turn|18
|
|cant|p2a: Scizor|slp
|move|p1a: Azumarill|Waterfall|p2a: Scizor
|-damage|p2a: Scizor|0 fnt
|faint|p2a: Scizor
|
|
|switch|p2a: Zapdos|Zapdos|99\/384
|-ability|p2a: Zapdos|Pressure
|turn|19
|
|switch|p1a: Tyranitar|Tyranitar, M|341\/341
|-weather|Sandstorm
|move|p2a: Zapdos|Roost|p2a: Zapdos
|-heal|p2a: Zapdos|291\/384
|
|-weather|Sandstorm|[upkeep]
|-damage|p2a: Zapdos|267\/384|[from] sandstorm
|turn|20
|
|move|p1a: Tyranitar|Stealth Rock|p2a: Zapdos
|-sidestart|p2: BalloonRotom|move: Stealth Rock
|move|p2a: Zapdos|Roost|p2a: Zapdos
|-heal|p2a: Zapdos|384\/384
|
|-weather|Sandstorm|[upkeep]
|-damage|p2a: Zapdos|360\/384|[from] sandstorm
|turn|21
|
|move|p1a: Tyranitar|Crunch|p2a: Zapdos
|-damage|p2a: Zapdos|240\/384
|move|p2a: Zapdos|Heat Wave|p1a: Tyranitar
|-resisted|p1a: Tyranitar
|-damage|p1a: Tyranitar|310\/341
|
|-weather|Sandstorm|[upkeep]
|-damage|p2a: Zapdos|216\/384|[from] sandstorm
|turn|22
|
|move|p1a: Tyranitar|Ice Beam|p2a: Zapdos
|-supereffective|p2a: Zapdos
|-damage|p2a: Zapdos|36\/384
|move|p2a: Zapdos|Roost|p2a: Zapdos
|-heal|p2a: Zapdos|228\/384
|
|-weather|Sandstorm|[upkeep]
|-damage|p2a: Zapdos|204\/384|[from] sandstorm
|turn|23
|
|move|p1a: Tyranitar|Ice Beam|p2a: Zapdos
|-supereffective|p2a: Zapdos
|-damage|p2a: Zapdos|42\/384
|move|p2a: Zapdos|Roost|p2a: Zapdos
|-heal|p2a: Zapdos|234\/384
|
|-weather|Sandstorm|[upkeep]
|-damage|p2a: Zapdos|210\/384|[from] sandstorm
|turn|24
|
|move|p1a: Tyranitar|Ice Beam|p2a: Zapdos
|-supereffective|p2a: Zapdos
|-damage|p2a: Zapdos|56\/384
|move|p2a: Zapdos|Roost|p2a: Zapdos
|-heal|p2a: Zapdos|248\/384
|
|-weather|Sandstorm|[upkeep]
|-damage|p2a: Zapdos|224\/384|[from] sandstorm
|turn|25
|
|move|p1a: Tyranitar|Ice Beam|p2a: Zapdos
|-supereffective|p2a: Zapdos
|-damage|p2a: Zapdos|50\/384
|move|p2a: Zapdos|Roost|p2a: Zapdos
|-heal|p2a: Zapdos|242\/384
|
|-weather|Sandstorm|[upkeep]
|-damage|p2a: Zapdos|218\/384|[from] sandstorm
|turn|26
|
|switch|p2a: Tyranitar|Tyranitar, F|342\/342
|-damage|p2a: Tyranitar|300\/342|[from] Stealth Rock
|move|p1a: Tyranitar|Ice Beam|p2a: Tyranitar
|-damage|p2a: Tyranitar|252\/342
|
|-weather|none
|turn|27
|
|switch|p1a: Azumarill|Azumarill, M|85\/345
|move|p2a: Tyranitar|Dragon Dance|p2a: Tyranitar
|-boost|p2a: Tyranitar|atk|1
|-boost|p2a: Tyranitar|spe|1
|
|turn|28
|
|move|p1a: Azumarill|Aqua Jet|p2a: Tyranitar
|-supereffective|p2a: Tyranitar
|-damage|p2a: Tyranitar|90\/342
|move|p2a: Tyranitar|Earthquake|p1a: Azumarill
|-damage|p1a: Azumarill|0 fnt
|faint|p1a: Azumarill
|
|
|switch|p1a: Tyranitar|Tyranitar, M|310\/341
|-weather|Sandstorm
|turn|29
|
|detailschange|p2a: Tyranitar|Tyranitar-Mega, F
|message|Tyranitar has Mega Evolved into Mega Tyranitar!
|move|p2a: Tyranitar|Dragon Dance|p2a: Tyranitar
|-boost|p2a: Tyranitar|atk|1
|-boost|p2a: Tyranitar|spe|1
|move|p1a: Tyranitar|Crunch|p2a: Tyranitar
|-resisted|p2a: Tyranitar
|-damage|p2a: Tyranitar|42\/342
|
|-weather|Sandstorm|[upkeep]
|turn|30
|
|move|p2a: Tyranitar|Earthquake|p1a: Tyranitar
|-supereffective|p1a: Tyranitar
|-damage|p1a: Tyranitar|0 fnt
|faint|p1a: Tyranitar
|
|-weather|Sandstorm|[upkeep]
|
|switch|p1a: Excadrill|Excadrill, M|49\/361
|turn|31
|
|move|p1a: Excadrill|Iron Head|p2a: Tyranitar
|-supereffective|p2a: Tyranitar
|-damage|p2a: Tyranitar|0 fnt
|-damage|p1a: Excadrill|13\/361|[from] item: Life Orb
|faint|p2a: Tyranitar
|
|-weather|Sandstorm|[upkeep]
|
|switch|p2a: Zapdos|Zapdos|218\/384
|-damage|p2a: Zapdos|122\/384|[from] Stealth Rock
|-ability|p2a: Zapdos|Pressure
|turn|32
|
|move|p1a: Excadrill|Rock Slide|p2a: Zapdos
|-supereffective|p2a: Zapdos
|-damage|p2a: Zapdos|0 fnt
|-damage|p1a: Excadrill|0 fnt|[from] item: Life Orb
|faint|p2a: Zapdos
|faint|p1a: Excadrill
|
|win|BalloonRotom
|raw|Ladder updating...
|raw|noggah's rating: 1538 &rarr; <strong>1521<\/strong><br \/>(-17 for losing)
|raw|BalloonRotom's rating: 1601 &rarr; <strong>1618<\/strong><br \/>(+17 for winning)
|chat|BalloonRotom|gg
|leave|noggah
|player|p1