|join|ALeader TChin
|join|terra1396
|player|p1|ALeader TChin|aggron-3.gif
|player|p2|terra1396|99
|gametype|singles
|tier|OU
|clearpoke
|poke|p1|Gengar, F
|poke|p1|Aegislash, M
|poke|p1|Banette, M
|poke|p1|Jellicent, M
|poke|p1|Chandelure, M
|poke|p1|Gourgeist-Large, F
|poke|p2|Zoroark, F
|poke|p2|Bronzong, shiny
|poke|p2|Scolipede, M
|poke|p2|Garchomp, F
|poke|p2|Genesect
|poke|p2|Talonflame, M
|rule|Sleep Clause Mod: Limit one foe put to sleep
|rule|Species Clause: Limit one of each Pokemon
|rule|OHKO Clause: OHKO moves are banned
|rule|Moody Clause: Moody is banned
|rule|Evasion Moves Clause: Evasion moves are banned
|rule|Endless Battle Clause: Forcing endless battles is banned.
|rule|HP Percentage Mod: HP is reported as percentages
|teampreview
|callback|decision
|chat|ALeader TChin|ok
|chat|ALeader TChin|ok
|
|start
|switch|p1a: Jellicent|Jellicent, M|404\/404
|switch|p2a: Bronzong|Bronzong, shiny|262\/262
|turn|1
|callback|decision
|
|move|p2a: Bronzong|Night Daze|p1a: Jellicent
|-supereffective|p1a: Jellicent
|-damage|p1a: Jellicent|218\/404
|move|p1a: Jellicent|Taunt|p2a: Bronzong
|-start|p2a: Bronzong|move: Taunt
|
|-heal|p1a: Jellicent|243\/404|[from] item: Leftovers
|turn|2
|callback|decision
|
|move|p2a: Bronzong|Night Daze|p1a: Jellicent
|-supereffective|p1a: Jellicent
|-damage|p1a: Jellicent|25\/404
|-unboost|p1a: Jellicent|accuracy|1
|move|p1a: Jellicent|Toxic|p2a: Bronzong|[miss]
|-miss|p1a: Jellicent|p2a: Bronzong
|
|-heal|p1a: Jellicent|50\/404|[from] item: Leftovers
|turn|3
|callback|decision
|chat|ALeader TChin|zoarh stoppp
|
|move|p2a: Bronzong|Night Daze|p1a: Jellicent
|-supereffective|p1a: Jellicent
|-damage|p1a: Jellicent|0 fnt
|faint|p1a: Jellicent
|
|callback|decision
|chat|ALeader TChin|Zoarark
|
|switch|p1a: Aegislash|Aegislash, M|324\/324
|-item|p1a: Aegislash|Air Balloon
|turn|4
|callback|decision
|chat|terra1396|it either backfires or makes a great start
|chat|ALeader TChin|lol
|chat|ALeader TChin|yes
|
|move|p2a: Bronzong|Night Daze|p1a: Aegislash
|-supereffective|p1a: Aegislash
|-damage|p1a: Aegislash|118\/324
|-enditem|p1a: Aegislash|Air Balloon
|move|p1a: Aegislash|Swords Dance|p1a: Aegislash
|-boost|p1a: Aegislash|atk|2
|
|-end|p2a: Bronzong|move: Taunt
|turn|5
|callback|decision
|
|move|p1a: Aegislash|King's Shield|p1a: Aegislash
|-singleturn|p1a: Aegislash|Protect
|move|p2a: Bronzong|Night Daze|p1a: Aegislash
|-activate|p1a: Aegislash|Protect
|
|turn|6
|callback|decision
|
|move|p2a: Bronzong|Night Daze|p1a: Aegislash
|-supereffective|p1a: Aegislash
|-damage|p1a: Aegislash|0 fnt
|faint|p1a: Aegislash
|
|callback|decision
|chat|ALeader TChin|choice scarf?
|chat|terra1396|who knows
|chat|ALeader TChin|lol
|
|switch|p1a: Gengar|Gengar, F|262\/262
|turn|7
|callback|decision
|
|move|p1a: Gengar|Focus Blast|p2a: Bronzong
|-supereffective|p2a: Bronzong
|-enditem|p2a: Bronzong|Focus Sash
|replace|p2a: Zoroark|Zoroark, F|262\/262
|-damage|p2a: Zoroark|1\/262
|-damage|p1a: Gengar|236\/262|[from] item: Life Orb
|move|p2a: Zoroark|Night Daze|p1a: Gengar|[miss]
|-miss|p2a: Zoroark|p1a: Gengar
|
|turn|8
|callback|decision
|chat|ALeader TChin|wow
|chat|terra1396|:O
|
|move|p1a: Gengar|Shadow Ball|p2a: Zoroark
|-resisted|p2a: Zoroark
|-damage|p2a: Zoroark|0 fnt
|-damage|p1a: Gengar|210\/262|[from] item: Life Orb
|faint|p2a: Zoroark
|
|callback|decision
|
|switch|p2a: Talonflame|Talonflame, M|298\/298
|turn|9
|callback|decision
|chat|terra1396|that hurt a little
|chat|terra1396|lol
|
|move|p2a: Talonflame|Brave Bird|p1a: Gengar
|-damage|p1a: Gengar|0 fnt
|-damage|p2a: Talonflame|229\/298|[from] recoil|[of] p1a: Gengar
|-damage|p2a: Talonflame|200\/298|[from] item: Life Orb
|faint|p1a: Gengar
|
|callback|decision
|chat|ALeader TChin|yep
|
|switch|p1a: Banette|Banette, M|332\/332
|turn|10
|callback|decision
|
|-formechange|p1a: Banette|Banette-Mega
|message|Banette has Mega Evolved into Mega Banette!
|move|p2a: Talonflame|Brave Bird|p1a: Banette
|-damage|p1a: Banette|16\/332
|-damage|p2a: Talonflame|96\/298|[from] recoil|[of] p1a: Banette
|-damage|p2a: Talonflame|67\/298|[from] item: Life Orb
|move|p1a: Banette|Confuse Ray|p2a: Talonflame
|-start|p2a: Talonflame|confusion
|
|turn|11
|callback|decision
|
|switch|p2a: Bronzong|Bronzong, shiny|338\/338
|move|p1a: Banette|Sucker Punch|p2a: Bronzong
|-fail|p2a: Bronzong
|
|turn|12
|callback|decision
|
|move|p1a: Banette|Confuse Ray|p2a: Bronzong
|-start|p2a: Bronzong|confusion
|-activate|p2a: Bronzong|confusion
|move|p2a: Bronzong|Light Screen|p2a: Bronzong
|-sidestart|p2: terra1396|move: Light Screen
|
|turn|13
|callback|decision
|
|move|p1a: Banette|Shadow Ball|p2a: Bronzong
|-supereffective|p2a: Bronzong
|-damage|p2a: Bronzong|262\/338
|-activate|p2a: Bronzong|confusion
|move|p2a: Bronzong|Stealth Rock|p1a: Banette
|-sidestart|p1: ALeader TChin|move: Stealth Rock
|
|turn|14
|callback|decision
|
|move|p1a: Banette|Shadow Ball|p2a: Bronzong
|-supereffective|p2a: Bronzong
|-damage|p2a: Bronzong|189\/338
|-end|p2a: Bronzong|confusion
|move|p2a: Bronzong|Toxic|p1a: Banette
|-status|p1a: Banette|tox
|
|-damage|p1a: Banette|0 fnt|[from] psn
|faint|p1a: Banette
|callback|decision
|
|switch|p1a: Chandelure|Chandelure, M|261\/261
|-damage|p1a: Chandelure|196\/261|[from] Stealth Rock
|turn|15
|callback|decision
|
|switch|p2a: Garchomp|Garchomp, F|420\/420
|move|p1a: Chandelure|Flamethrower|p2a: Garchomp
|-crit|p2a: Garchomp
|-resisted|p2a: Garchomp
|-damage|p2a: Garchomp|264\/420
|-status|p2a: Garchomp|brn
|
|-damage|p2a: Garchomp|212\/420 brn|[from] brn
|turn|16
|callback|decision
|chat|ALeader TChin|lol
|
|switch|p1a: Gourgeist-Large|Gourgeist-Large, F|354\/354
|-damage|p1a: Gourgeist-Large|310\/354|[from] Stealth Rock
|-item|p2a: Garchomp|Assault Vest|[from] ability: Frisk|[of] p1a: Gourgeist-Large|[identify]
|move|p2a: Garchomp|Earthquake|p1a: Gourgeist-Large
|-resisted|p1a: Gourgeist-Large
|-damage|p1a: Gourgeist-Large|277\/354
|
|-heal|p1a: Gourgeist-Large|299\/354|[from] item: Leftovers
|-damage|p2a: Garchomp|160\/420 brn|[from] brn
|turn|17
|callback|decision
|
|switch|p2a: Genesect|Genesect|283\/283
|-boost|p2a: Genesect|spa|1|[from] ability: Download
|move|p1a: Gourgeist-Large|Leech Seed|p2a: Genesect
|-start|p2a: Genesect|move: Leech Seed
|
|-heal|p1a: Gourgeist-Large|321\/354|[from] item: Leftovers
|-damage|p2a: Genesect|248\/283|[from] Leech Seed|[of] p1a: Gourgeist-Large
|-heal|p1a: Gourgeist-Large|354\/354|[silent]
|turn|18
|callback|decision
|
|move|p2a: Genesect|Bug Buzz|p1a: Gourgeist-Large
|-damage|p1a: Gourgeist-Large|140\/354
|move|p1a: Gourgeist-Large|Will-O-Wisp|p2a: Genesect|[miss]
|-miss|p1a: Gourgeist-Large|p2a: Genesect
|
|-heal|p1a: Gourgeist-Large|162\/354|[from] item: Leftovers
|-damage|p2a: Genesect|213\/283|[from] Leech Seed|[of] p1a: Gourgeist-Large
|-heal|p1a: Gourgeist-Large|197\/354|[silent]
|turn|19
|callback|decision
|
|move|p2a: Genesect|Bug Buzz|p1a: Gourgeist-Large
|-damage|p1a: Gourgeist-Large|0 fnt
|faint|p1a: Gourgeist-Large
|
|-sideend|p2: terra1396|move: Light Screen
|callback|decision
|
|switch|p1a: Chandelure|Chandelure, M|196\/261
|-damage|p1a: Chandelure|131\/261|[from] Stealth Rock
|turn|20
|callback|decision
|
|move|p2a: Genesect|Bug Buzz|p1a: Chandelure
|-resisted|p1a: Chandelure
|-damage|p1a: Chandelure|64\/261
|move|p1a: Chandelure|Flamethrower|p2a: Genesect
|-supereffective|p2a: Genesect
|-damage|p2a: Genesect|0 fnt
|faint|p2a: Genesect
|
|callback|decision
|
|switch|p2a: Garchomp|Garchomp, F|160\/420 brn
|turn|21
|callback|decision
|
|move|p1a: Chandelure|Flamethrower|p2a: Garchomp
|-resisted|p2a: Garchomp
|-damage|p2a: Garchomp|53\/420 brn
|move|p2a: Garchomp|Earthquake|p1a: Chandelure
|-supereffective|p1a: Chandelure
|-damage|p1a: Chandelure|0 fnt
|faint|p1a: Chandelure
|
|win|terra1396
|chat|terra1396|gg
|chat|terra1396|I've been on a winning streak lately