|join|ALeader Gaara
|join|terra1396
|player|p1|ALeader Gaara|99
|player|p2|terra1396|99
|gametype|singles
|tier|OU
|clearpoke
|poke|p1|Hippowdon, M, shiny
|poke|p1|Gastrodon, F, shiny
|poke|p1|Gliscor, F, shiny
|poke|p1|Excadrill, M, shiny
|poke|p1|Mamoswine, M, shiny
|poke|p1|Diggersby, M, shiny
|poke|p2|Zoroark, F
|poke|p2|Bronzong, shiny
|poke|p2|Scolipede, M
|poke|p2|Garchomp, F
|poke|p2|Genesect
|poke|p2|Talonflame, M
|rule|Sleep Clause Mod: Limit one foe put to sleep
|rule|Species Clause: Limit one of each Pokemon
|rule|OHKO Clause: OHKO moves are banned
|rule|Moody Clause: Moody is banned
|rule|Evasion Moves Clause: Evasion moves are banned
|rule|Endless Battle Clause: Forcing endless battles is banned.
|rule|HP Percentage Mod: HP is reported as percentages
|teampreview
|callback|decision
|chat|ALeader Gaara|im liking this :P
|chat|terra1396|darn not much to counter this
|chat|ALeader Gaara|you're my first challenger
|chat|terra1396|oh really
|chat|ALeader Gaara|yes
|chat|ALeader Gaara|I came to being a leader today
|chat|terra1396|let's see if you're the first to beat me
|
|start
|switch|p1a: Shukaku|Hippowdon, M, shiny|420\/420
|switch|p2a: Bronzong|Bronzong, shiny|262\/262
|-weather|Sandstorm
|turn|1
|callback|decision
|
|move|p2a: Bronzong|Night Daze|p1a: Shukaku
|-damage|p1a: Shukaku|224\/420
|move|p1a: Shukaku|Stealth Rock|p2a: Bronzong
|-sidestart|p2: terra1396|move: Stealth Rock
|
|-weather|Sandstorm|[upkeep]
|-damage|p2a: Bronzong|246\/262|[from] sandstorm
|-heal|p1a: Shukaku|250\/420|[from] item: Leftovers
|turn|2
|callback|decision
|
|switch|p1a: Neji|Gliscor, F, shiny|337\/337
|move|p2a: Bronzong|Nasty Plot|p2a: Bronzong
|-boost|p2a: Bronzong|spa|2
|
|-weather|Sandstorm|[upkeep]
|-damage|p2a: Bronzong|230\/262|[from] sandstorm
|-activate|p1a: Neji|item: Toxic Orb
|-status|p1a: Neji|tox
|turn|3
|callback|decision
|chat|ALeader Gaara|shoot
|
|move|p1a: Neji|Protect|p1a: Neji
|-singleturn|p1a: Neji|Protect
|move|p2a: Bronzong|Night Daze|p1a: Neji
|-activate|p1a: Neji|Protect
|
|-weather|Sandstorm|[upkeep]
|-damage|p2a: Bronzong|214\/262|[from] sandstorm
|turn|4
|callback|decision
|chat|ALeader Gaara|thats an interesting bronzong
|chat|terra1396|lol
|
|switch|p1a: Diggersbytho?|Diggersby, M, shiny|311\/311
|move|p2a: Bronzong|Night Daze|p1a: Diggersbytho?
|-damage|p1a: Diggersbytho?|0 fnt
|faint|p1a: Diggersbytho?
|
|-weather|Sandstorm|[upkeep]
|-damage|p2a: Bronzong|198\/262|[from] sandstorm
|callback|decision
|
|switch|p1a: Slug|Gastrodon, F, shiny|426\/426
|turn|5
|callback|decision
|chat|terra1396|You're not the first to say that
|
|move|p2a: Bronzong|Night Daze|p1a: Slug
|-damage|p1a: Slug|116\/426
|-unboost|p1a: Slug|accuracy|1
|move|p1a: Slug|Scald|p2a: Bronzong
|replace|p2a: Zoroark|Zoroark, F|198\/262
|-damage|p2a: Zoroark|65\/262
|-status|p2a: Zoroark|brn
|
|-weather|none
|-heal|p1a: Slug|142\/426|[from] item: Leftovers
|-damage|p2a: Zoroark|33\/262 brn|[from] brn
|turn|6
|callback|decision
|chat|ALeader Gaara|oh
|chat|ALeader Gaara|My lord
|chat|ALeader Gaara|LMAO
|chat|ALeader Gaara|night daze...
|chat|terra1396|almost everyone has fallen for it lmao
|chat|ALeader Gaara|im stupid
|chat|ALeader Gaara|shoulda equaked it from the beginning
|join|ALeader Escar
|
|switch|p1a: Neji|Gliscor, F, shiny|337\/337 tox
|move|p2a: Zoroark|Night Daze|p1a: Neji
|-damage|p1a: Neji|0 fnt
|faint|p1a: Neji
|
|-damage|p2a: Zoroark|1\/262 brn|[from] brn
|callback|decision
|chat|ALeader Gaara|LOL
|chat|ALeader Gaara|i def lost to my first challenge
|
|switch|p1a: Shukaku|Hippowdon, M, shiny|250\/420
|-weather|Sandstorm
|turn|7
|callback|decision
|chat|ALeader Gaara|thats a set of op pokemon
|
|move|p1a: Shukaku|Protect|p1a: Shukaku
|-singleturn|p1a: Shukaku|Protect
|move|p2a: Zoroark|Night Daze|p1a: Shukaku
|-activate|p1a: Shukaku|Protect
|
|-weather|Sandstorm|[upkeep]
|-damage|p2a: Zoroark|0 fnt|[from] sandstorm
|-heal|p1a: Shukaku|276\/420|[from] item: Leftovers
|faint|p2a: Zoroark
|callback|decision
|chat|ALeader Escar|terra is good
|chat|terra1396|I haven't lost yet
|chat|terra1396|I have 11 badges right now
|
|switch|p2a: Bronzong|Bronzong, shiny|338\/338
|-damage|p2a: Bronzong|317\/338|[from] Stealth Rock
|turn|8
|callback|decision
|chat|ALeader Escar|hopefully an e4 can stop him
|
|switch|p1a: Gaara|Excadrill, M, shiny|362\/362
|-item|p1a: Gaara|Air Balloon
|move|p2a: Bronzong|Reflect|p2a: Bronzong
|-sidestart|p2: terra1396|Reflect
|
|-weather|Sandstorm|[upkeep]
|turn|9
|callback|decision
|chat|ALeader Escar|(actually no)
|chat|ALeader Gaara|Right?
|
|switch|p2a: Scolipede|Scolipede, M|324\/324
|-damage|p2a: Scolipede|243\/324|[from] Stealth Rock
|move|p1a: Gaara|Swords Dance|p1a: Gaara
|-boost|p1a: Gaara|atk|2
|
|-weather|Sandstorm|[upkeep]
|-damage|p2a: Scolipede|223\/324|[from] sandstorm
|turn|10
|callback|decision
|chat|ALeader Gaara|xD
|chat|terra1396|ugh fairy is my weakness
|
|move|p1a: Gaara|Rock Slide|p2a: Scolipede
|-supereffective|p2a: Scolipede
|-damage|p2a: Scolipede|52\/324
|-enditem|p2a: Scolipede|Sitrus Berry|[eat]
|-heal|p2a: Scolipede|133\/324|[from] item: Sitrus Berry
|move|p2a: Scolipede|Swords Dance|p2a: Scolipede
|-boost|p2a: Scolipede|atk|2
|
|-weather|Sandstorm|[upkeep]
|-damage|p2a: Scolipede|113\/324|[from] sandstorm
|-boost|p2a: Scolipede|spe|1|[from] ability: Speed Boost
|turn|11
|callback|decision
|chat|ALeader Gaara|Clummzyy >>
|chat|ALeader Escar|i kinda want to see him win
|
|move|p1a: Gaara|Rock Slide|p2a: Scolipede
|-supereffective|p2a: Scolipede
|-damage|p2a: Scolipede|0 fnt
|faint|p2a: Scolipede
|
|-weather|none
|callback|decision
|
|switch|p2a: Garchomp|Garchomp, F|420\/420
|-damage|p2a: Garchomp|394\/420|[from] Stealth Rock
|turn|12
|callback|decision
|chat|terra1396|uh oh
|chat|ALeader Gaara|Clumzy can defeat him
|
|move|p1a: Gaara|Earthquake|p2a: Garchomp
|-damage|p2a: Garchomp|220\/420
|move|p2a: Garchomp|Brick Break|p1a: Gaara
|-supereffective|p1a: Gaara
|-damage|p1a: Gaara|116\/362
|-enditem|p1a: Gaara|Air Balloon
|
|turn|13
|callback|decision
|chat|ALeader Gaara|ouch
|
|switch|p1a: Shukaku|Hippowdon, M, shiny|276\/420
|-weather|Sandstorm
|move|p2a: Garchomp|Earthquake|p1a: Shukaku
|-damage|p1a: Shukaku|173\/420
|
|-weather|Sandstorm|[upkeep]
|-heal|p1a: Shukaku|199\/420|[from] item: Leftovers
|turn|14
|callback|decision
|chat|ALeader Escar|mega mawile?
|chat|ALeader Gaara|pretty sure he has it
|
|move|p1a: Shukaku|Protect|p1a: Shukaku
|-singleturn|p1a: Shukaku|Protect
|move|p2a: Garchomp|Earthquake|p1a: Shukaku
|-activate|p1a: Shukaku|Protect
|
|-weather|Sandstorm|[upkeep]
|-heal|p1a: Shukaku|225\/420|[from] item: Leftovers
|turn|15
|callback|decision
|
|move|p2a: Garchomp|Earthquake|p1a: Shukaku
|-damage|p1a: Shukaku|116\/420
|move|p1a: Shukaku|Ice Fang|p2a: Garchomp
|-supereffective|p2a: Garchomp
|-damage|p2a: Garchomp|122\/420
|-damage|p1a: Shukaku|64\/420|[from] ability: Rough Skin|[of] p2a: Garchomp
|
|-weather|Sandstorm|[upkeep]
|-heal|p1a: Shukaku|90\/420|[from] item: Leftovers
|-sideend|p2: terra1396|Reflect
|turn|16
|callback|decision
|chat|terra1396|mega mawile has been particularly nasty too me
|chat|ALeader Escar|his garchomp was a real threat to me but i wont say how until after the battle
|
|move|p1a: Shukaku|Protect|p1a: Shukaku
|-singleturn|p1a: Shukaku|Protect
|move|p2a: Garchomp|Outrage|p1a: Shukaku
|-activate|p1a: Shukaku|Protect
|
|-weather|Sandstorm|[upkeep]
|-heal|p1a: Shukaku|116\/420|[from] item: Leftovers
|turn|17
|callback|decision
|chat|ALeader Gaara|oooh
|
|move|p2a: Garchomp|Outrage|p1a: Shukaku
|-damage|p1a: Shukaku|0 fnt
|faint|p1a: Shukaku
|
|-weather|none
|callback|decision
|
|switch|p1a: Choji|Mamoswine, M, shiny|424\/424
|turn|18
|callback|decision
|
|move|p1a: Choji|Ice Shard|p2a: Garchomp
|-supereffective|p2a: Garchomp
|-damage|p2a: Garchomp|0 fnt
|-damage|p1a: Choji|382\/424|[from] item: Life Orb
|faint|p2a: Garchomp
|
|callback|decision
|chat|ALeader Gaara|shoulda done that a long time ago
|chat|ALeader Escar|or until it faints.....
|
|switch|p2a: Genesect|Genesect|283\/283
|-damage|p2a: Genesect|248\/283|[from] Stealth Rock
|-boost|p2a: Genesect|spa|1|[from] ability: Download
|turn|19
|callback|decision
|
|move|p2a: Genesect|Flash Cannon|p1a: Choji
|-supereffective|p1a: Choji
|-damage|p1a: Choji|0 fnt
|faint|p1a: Choji
|
|callback|decision
|
|switch|p1a: Gaara|Excadrill, M, shiny|116\/362
|turn|20
|callback|decision
|chat|terra1396|my gar is pretty darn bulky
|
|move|p2a: Genesect|Flash Cannon|p1a: Gaara
|-resisted|p1a: Gaara
|-damage|p1a: Gaara|0 fnt
|faint|p1a: Gaara
|
|callback|decision
|chat|ALeader Escar|it had an assault vest
|chat|ALeader Gaara|:O
|chat|ALeader Gaara|Gg
|
|switch|p1a: Slug|Gastrodon, F, shiny|142\/426
|turn|21
|callback|decision
|chat|ALeader Gaara|I cant stop him
|chat|ALeader Gaara|He's an excellent trainer
|chat|terra1396|gg
|
|move|p2a: Genesect|Flash Cannon|p1a: Slug
|-resisted|p1a: Slug
|-damage|p1a: Slug|5\/426
|move|p1a: Slug|Earth Power|p2a: Genesect
|-damage|p2a: Genesect|143\/283
|
|-heal|p1a: Slug|31\/426|[from] item: Leftovers
|turn|22
|callback|decision
|chat|ALeader Gaara|>_>
|chat|ALeader Gaara|Recover
|chat|ALeader Gaara|LMAO
|chat|ALeader Escar|champion terra?
|chat|terra1396|I had a lot of practice in another link
|chat|terra1396|*league
|
|move|p2a: Genesect|Flash Cannon|p1a: Slug
|-resisted|p1a: Slug
|-damage|p1a: Slug|0 fnt
|faint|p1a: Slug
|
|win|terra1396
|chat|ALeader Gaara|Escar that would be interesting
|chat|ALeader Gaara|New champ, ill say
|chat|terra1396|Idk
|chat|ALeader Escar|yeah
|leave|ALeader Gaara
|player|p1
|chat|terra1396|I make dumb mistakes sometimes lol
|chat|ALeader Escar|we will see how it goes
|chat|terra1396|I accidently brick breaked a volcarona and that almost gave me my first loss
|chat|terra1396|cause I got burned lol