|join|ALeader Boogie
|join|terra1396
|player|p1|ALeader Boogie|aegislash-2.gif
|player|p2|terra1396|99
|gametype|singles
|tier|OU
|clearpoke
|poke|p1|Skarmory, F
|poke|p1|Excadrill, F
|poke|p1|Heatran, F
|poke|p1|Mawile, M, shiny
|poke|p1|Klefki, M
|poke|p1|Aegislash, M
|poke|p2|Zoroark, F
|poke|p2|Bronzong, shiny
|poke|p2|Scolipede, M
|poke|p2|Garchomp, F
|poke|p2|Genesect
|poke|p2|Talonflame, M
|rule|Sleep Clause Mod: Limit one foe put to sleep
|rule|Species Clause: Limit one of each Pokemon
|rule|OHKO Clause: OHKO moves are banned
|rule|Moody Clause: Moody is banned
|rule|Evasion Moves Clause: Evasion moves are banned
|rule|Endless Battle Clause: Forcing endless battles is banned.
|rule|HP Percentage Mod: HP is reported as percentages
|teampreview
|callback|decision
|chat|ALeader Boogie|ty sry
|chat|terra1396|it's ok
|chat|terra1396|glhf
|chat|ALeader Boogie|same
|chat|ALeader Boogie|:D
|
|start
|switch|p1a: Stallmory|Skarmory, F|334\/334
|switch|p2a: Bronzong|Bronzong, shiny|262\/262
|turn|1
|callback|decision
|
|move|p2a: Bronzong|Nasty Plot|p2a: Bronzong
|-boost|p2a: Bronzong|spa|2
|move|p1a: Stallmory|Stealth Rock|p2a: Bronzong
|-sidestart|p2: terra1396|move: Stealth Rock
|
|turn|2
|callback|decision
|
|move|p2a: Bronzong|Flamethrower|p1a: Stallmory
|-crit|p1a: Stallmory
|-supereffective|p1a: Stallmory
|-activate|p1a: Stallmory|Sturdy
|-damage|p1a: Stallmory|1\/334
|move|p1a: Stallmory|Spikes|p2a: Bronzong
|-sidestart|p2: terra1396|Spikes
|
|turn|3
|callback|decision
|
|switch|p1a: Steelran bruh?|Heatran, F|340\/340
|-item|p1a: Steelran bruh?|Air Balloon
|move|p2a: Bronzong|Night Daze|p1a: Steelran bruh?
|-damage|p1a: Steelran bruh?|154\/340
|-enditem|p1a: Steelran bruh?|Air Balloon
|
|turn|4
|callback|decision
|chat|terra1396|changed in last moment lol
|
|move|p2a: Bronzong|Night Daze|p1a: Steelran bruh?
|-damage|p1a: Steelran bruh?|0 fnt
|faint|p1a: Steelran bruh?
|
|callback|decision
|
|switch|p1a: SteelTheKeys|Klefki, M|318\/318
|turn|5
|callback|decision
|
|move|p1a: SteelTheKeys|Light Screen|p1a: SteelTheKeys
|-sidestart|p1: ALeader Boogie|move: Light Screen
|move|p2a: Bronzong|Flamethrower|p1a: SteelTheKeys
|-supereffective|p1a: SteelTheKeys
|-damage|p1a: SteelTheKeys|128\/318
|
|turn|6
|callback|decision
|
|move|p1a: SteelTheKeys|Thunder Wave|p2a: Bronzong
|-status|p2a: Bronzong|par
|move|p2a: Bronzong|Nasty Plot|p2a: Bronzong
|-boost|p2a: Bronzong|spa|2
|
|turn|7
|callback|decision
|
|move|p1a: SteelTheKeys|Reflect|p1a: SteelTheKeys
|-sidestart|p1: ALeader Boogie|Reflect
|move|p2a: Bronzong|Flamethrower|p1a: SteelTheKeys
|-supereffective|p1a: SteelTheKeys
|-damage|p1a: SteelTheKeys|0 fnt
|faint|p1a: SteelTheKeys
|
|callback|decision
|
|switch|p1a: AgeIsStillAsh|Aegislash, M|267\/267
|turn|8
|callback|decision
|
|move|p1a: AgeIsStillAsh|Autotomize|p1a: AgeIsStillAsh
|-boost|p1a: AgeIsStillAsh|spe|2
|-start|p1a: AgeIsStillAsh|Autotomize
|move|p2a: Bronzong|Night Daze|p1a: AgeIsStillAsh
|-supereffective|p1a: AgeIsStillAsh
|-damage|p1a: AgeIsStillAsh|0 fnt
|faint|p1a: AgeIsStillAsh
|
|callback|decision
|chat|ALeader Boogie|ah shit
|
|switch|p1a: Stallmory|Skarmory, F|1\/334
|turn|9
|callback|decision
|
|move|p2a: Bronzong|Flamethrower|p1a: Stallmory
|-supereffective|p1a: Stallmory
|-damage|p1a: Stallmory|0 fnt
|faint|p1a: Stallmory
|
|callback|decision
|
|switch|p1a: SteelDrillen|Excadrill, F|362\/362
|-ability|p1a: SteelDrillen|Mold Breaker
|turn|10
|callback|decision
|chat|ALeader Boogie|gg
|
|move|p1a: SteelDrillen|Earthquake|p2a: Bronzong
|-enditem|p2a: Bronzong|Focus Sash
|replace|p2a: Zoroark|Zoroark, F|262\/262 par
|-damage|p2a: Zoroark|1\/262 par
|move|p2a: Zoroark|Flamethrower|p1a: SteelDrillen
|-supereffective|p1a: SteelDrillen
|-damage|p1a: SteelDrillen|0 fnt
|faint|p1a: SteelDrillen
|
|callback|decision
|chat|ALeader Boogie|no wonder
|chat|terra1396|good lord zoroark op
|
|switch|p1a: Steelcario|Mawile, M, shiny|303\/303
|turn|11
|callback|decision
|chat|terra1396|gg
|
|-formechange|p1a: Steelcario|Mawile-Mega
|message|Mawile has Mega Evolved into Mega Mawile!
|move|p1a: Steelcario|Sucker Punch|p2a: Zoroark
|-resisted|p2a: Zoroark
|-damage|p2a: Zoroark|0 fnt
|faint|p2a: Zoroark
|
|callback|decision
|chat|ALeader Boogie|lol
|
|switch|p2a: Scolipede|Scolipede, M|324\/324
|-damage|p2a: Scolipede|284\/324|[from] Spikes
|-damage|p2a: Scolipede|203\/324|[from] Stealth Rock
|turn|12
|callback|decision
|
|move|p2a: Scolipede|Swords Dance|p2a: Scolipede
|-boost|p2a: Scolipede|atk|2
|move|p1a: Steelcario|Substitute|p1a: Steelcario
|-start|p1a: Steelcario|Substitute
|-damage|p1a: Steelcario|228\/303
|
|-sideend|p1: ALeader Boogie|move: Light Screen
|-boost|p2a: Scolipede|spe|1|[from] ability: Speed Boost
|turn|13
|callback|decision
|
|move|p2a: Scolipede|Earthquake|p1a: Steelcario
|-supereffective|p1a: Steelcario
|-end|p1a: Steelcario|Substitute
|move|p1a: Steelcario|Swords Dance|p1a: Steelcario
|-boost|p1a: Steelcario|atk|2
|
|-boost|p2a: Scolipede|spe|1|[from] ability: Speed Boost
|turn|14
|callback|decision
|
|move|p1a: Steelcario|Sucker Punch|p2a: Scolipede
|-damage|p2a: Scolipede|0 fnt
|faint|p2a: Scolipede
|
|-sideend|p1: ALeader Boogie|Reflect
|callback|decision
|
|switch|p2a: Garchomp|Garchomp, F|420\/420
|-damage|p2a: Garchomp|368\/420|[from] Spikes
|-damage|p2a: Garchomp|342\/420|[from] Stealth Rock
|turn|15
|callback|decision
|
|move|p1a: Steelcario|Sucker Punch|p2a: Garchomp
|-damage|p2a: Garchomp|35\/420
|-damage|p1a: Steelcario|191\/303|[from] ability: Rough Skin|[of] p2a: Garchomp
|move|p2a: Garchomp|Earthquake|p1a: Steelcario
|-supereffective|p1a: Steelcario
|-damage|p1a: Steelcario|0 fnt
|faint|p1a: Steelcario
|
|win|terra1396
|chat|ALeader Boogie|aww
|chat|terra1396|gg
|chat|ALeader Boogie|gg
|chat|ALeader Boogie|dat zorak
|chat|terra1396|op huh
|chat|ALeader Boogie|should have known
|chat|terra1396|it's fooled almost every leader
|chat|ALeader Boogie|well played
|chat|ALeader Boogie|well
|chat|ALeader Boogie|it got me
|chat|terra1396|it's funny
|chat|ALeader Boogie|badly
|chat|terra1396|everyone got tricked
|chat|ALeader Boogie|very good
|chat|terra1396|in one of my battles
|chat|ALeader Boogie|wanna fight my ou team?
|chat|ALeader Boogie|currently testing?
|join|CookFrosslas
|chat|terra1396|Sure. I'll use my real team