|join|ALeader Kevin
|join|terra1396
|player|p1|ALeader Kevin|garchomp-2.gif
|player|p2|terra1396|99
|gametype|singles
|tier|OU
|clearpoke
|poke|p1|Garchomp, M
|poke|p1|Tyrantrum, M
|poke|p1|Kyurem-Black
|poke|p1|Noivern, M
|poke|p1|Hydreigon, M
|poke|p1|Haxorus, M, shiny
|poke|p2|Zoroark, F
|poke|p2|Bronzong, shiny
|poke|p2|Scolipede, M
|poke|p2|Garchomp, F
|poke|p2|Genesect
|poke|p2|Talonflame, M
|rule|Sleep Clause Mod: Limit one foe put to sleep
|rule|Species Clause: Limit one of each Pokemon
|rule|OHKO Clause: OHKO moves are banned
|rule|Moody Clause: Moody is banned
|rule|Evasion Moves Clause: Evasion moves are banned
|rule|Endless Battle Clause: Forcing endless battles is banned.
|rule|HP Percentage Mod: HP is reported as percentages
|teampreview
|callback|decision
|chat|terra1396|ready?
|chat|ALeader Kevin|yah
|chat|ALeader Kevin|gl this time be good
|
|start
|switch|p1a: ADragosaur|Tyrantrum, M|368\/368
|switch|p2a: Genesect|Genesect|283\/283
|-boost|p2a: Genesect|spa|1|[from] ability: Download
|turn|1
|callback|decision
|chat|terra1396|lol
|chat|terra1396|I'll try
|
|move|p2a: Genesect|Flash Cannon|p1a: ADragosaur
|-supereffective|p1a: ADragosaur
|-enditem|p1a: ADragosaur|Focus Sash
|-damage|p1a: ADragosaur|1\/368
|move|p1a: ADragosaur|Stealth Rock|p2a: Genesect
|-sidestart|p2: terra1396|move: Stealth Rock
|
|turn|2
|callback|decision
|chat|terra1396|today hasn't been my best day though
|
|move|p2a: Genesect|Flash Cannon|p1a: ADragosaur
|-supereffective|p1a: ADragosaur
|-damage|p1a: ADragosaur|0 fnt
|faint|p1a: ADragosaur
|
|callback|decision
|chat|ALeader Kevin|**Ill Use My Strategy Like Yesterday K**
|
|switch|p1a: ADragonBurst|Noivern, M|311\/311
|turn|3
|callback|decision
|chat|terra1396|Do your best lol, I only need one badge
|
|switch|p2a: Bronzong|Bronzong, shiny|262\/262
|-damage|p2a: Bronzong|230\/262|[from] Stealth Rock
|move|p1a: ADragonBurst|Flamethrower|p2a: Bronzong
|replace|p2a: Zoroark|Zoroark, F|230\/262
|-damage|p2a: Zoroark|93\/262
|
|turn|4
|callback|decision
|
|move|p1a: ADragonBurst|Flamethrower|p2a: Zoroark
|-damage|p2a: Zoroark|0 fnt
|faint|p2a: Zoroark
|
|callback|decision
|
|switch|p2a: Talonflame|Talonflame, M|298\/298
|-damage|p2a: Talonflame|149\/298|[from] Stealth Rock
|turn|5
|callback|decision
|
|move|p2a: Talonflame|Brave Bird|p1a: ADragonBurst
|-damage|p1a: ADragonBurst|61\/311
|-damage|p2a: Talonflame|66\/298|[from] recoil|[of] p1a: ADragonBurst
|-damage|p2a: Talonflame|37\/298|[from] item: Life Orb
|move|p1a: ADragonBurst|Flamethrower|p2a: Talonflame
|-resisted|p2a: Talonflame
|-damage|p2a: Talonflame|0 fnt
|faint|p2a: Talonflame
|
|callback|decision
|
|switch|p2a: Garchomp|Garchomp, F|420\/420
|-damage|p2a: Garchomp|394\/420|[from] Stealth Rock
|turn|6
|callback|decision
|
|move|p1a: ADragonBurst|Flamethrower|p2a: Garchomp
|-resisted|p2a: Garchomp
|-damage|p2a: Garchomp|360\/420
|move|p2a: Garchomp|Stone Edge|p1a: ADragonBurst
|-crit|p1a: ADragonBurst
|-supereffective|p1a: ADragonBurst
|-damage|p1a: ADragonBurst|0 fnt
|faint|p1a: ADragonBurst
|
|callback|decision
|
|switch|p1a: ADragon Master|Garchomp, M|358\/358
|turn|7
|callback|decision
|
|switch|p2a: Bronzong|Bronzong, shiny|338\/338
|-damage|p2a: Bronzong|317\/338|[from] Stealth Rock
|-formechange|p1a: ADragon Master|Garchomp-Mega
|message|Garchomp has Mega Evolved into Mega Garchomp!
|move|p1a: ADragon Master|Outrage|p2a: Bronzong
|-resisted|p2a: Bronzong
|-damage|p2a: Bronzong|218\/338
|
|turn|8
|callback|decision
|
|move|p1a: ADragon Master|Outrage|p2a: Bronzong
|-resisted|p2a: Bronzong
|-damage|p2a: Bronzong|117\/338
|move|p2a: Bronzong|Toxic|p1a: ADragon Master
|-status|p1a: ADragon Master|tox
|
|-damage|p1a: ADragon Master|336\/358 tox|[from] psn
|turn|9
|callback|decision
|
|move|p1a: ADragon Master|Outrage|p2a: Bronzong
|-resisted|p2a: Bronzong
|-damage|p2a: Bronzong|18\/338
|move|p2a: Bronzong|Reflect|p2a: Bronzong
|-sidestart|p2: terra1396|Reflect
|
|-end|p1a: ADragon Master|rampage
|-start|p1a: ADragon Master|confusion
|-damage|p1a: ADragon Master|292\/358 tox|[from] psn
|turn|10
|callback|decision
|
|-activate|p1a: ADragon Master|confusion
|-damage|p1a: ADragon Master|243\/358 tox|[from] confusion
|move|p2a: Bronzong|Light Screen|p2a: Bronzong
|-sidestart|p2: terra1396|move: Light Screen
|
|-damage|p1a: ADragon Master|177\/358 tox|[from] psn
|turn|11
|callback|decision
|
|-activate|p1a: ADragon Master|confusion
|move|p1a: ADragon Master|Fire Fang|p2a: Bronzong
|-supereffective|p2a: Bronzong
|-damage|p2a: Bronzong|0 fnt
|faint|p2a: Bronzong
|
|-damage|p1a: ADragon Master|89\/358 tox|[from] psn
|callback|decision
|
|switch|p2a: Scolipede|Scolipede, M|324\/324
|-damage|p2a: Scolipede|243\/324|[from] Stealth Rock
|turn|12
|callback|decision
|
|-activate|p1a: ADragon Master|confusion
|move|p1a: ADragon Master|Fire Fang|p2a: Scolipede
|-supereffective|p2a: Scolipede
|-damage|p2a: Scolipede|169\/324
|move|p2a: Scolipede|Swords Dance|p2a: Scolipede
|-boost|p2a: Scolipede|atk|2
|
|-damage|p1a: ADragon Master|0 fnt|[from] psn
|-boost|p2a: Scolipede|spe|1|[from] ability: Speed Boost
|faint|p1a: ADragon Master
|callback|decision
|
|switch|p1a: A3 Heads Dragon|Hydreigon, M|325\/325
|turn|13
|callback|decision
|
|move|p2a: Scolipede|Megahorn|p1a: A3 Heads Dragon
|-supereffective|p1a: A3 Heads Dragon
|-damage|p1a: A3 Heads Dragon|0 fnt
|faint|p1a: A3 Heads Dragon
|
|-boost|p2a: Scolipede|spe|1|[from] ability: Speed Boost
|callback|decision
|
|switch|p1a: AKnight Dragon|Haxorus, M, shiny|302\/302
|-ability|p1a: AKnight Dragon|Mold Breaker
|turn|14
|callback|decision
|
|move|p2a: Scolipede|Megahorn|p1a: AKnight Dragon
|-enditem|p1a: AKnight Dragon|Focus Sash
|-damage|p1a: AKnight Dragon|1\/302
|move|p1a: AKnight Dragon|Earthquake|p2a: Scolipede
|-damage|p2a: Scolipede|110\/324
|-enditem|p2a: Scolipede|Sitrus Berry|[eat]
|-heal|p2a: Scolipede|191\/324|[from] item: Sitrus Berry
|
|-boost|p2a: Scolipede|spe|1|[from] ability: Speed Boost
|turn|15
|callback|decision
|
|move|p2a: Scolipede|Earthquake|p1a: AKnight Dragon
|-damage|p1a: AKnight Dragon|0 fnt
|faint|p1a: AKnight Dragon
|
|-boost|p2a: Scolipede|spe|1|[from] ability: Speed Boost
|callback|decision
|
|switch|p1a: ADragon Freezer|Kyurem-Black|391\/391
|-ability|p1a: ADragon Freezer|Teravolt
|turn|16
|callback|decision
|chat|ALeader Kevin|gg BRO
|
|move|p2a: Scolipede|Megahorn|p1a: ADragon Freezer
|-damage|p1a: ADragon Freezer|150\/391
|move|p1a: ADragon Freezer|Outrage|p2a: Scolipede
|-damage|p2a: Scolipede|98\/324
|
|-sideend|p2: terra1396|Reflect
|-boost|p2a: Scolipede|spe|1|[from] ability: Speed Boost
|turn|17
|callback|decision
|chat|terra1396|gg
|chat|terra1396|scarf noivern caught me by surprise yesterday
|
|move|p2a: Scolipede|Megahorn|p1a: ADragon Freezer
|-damage|p1a: ADragon Freezer|0 fnt
|faint|p1a: ADragon Freezer
|
|win|terra1396
|chat|terra1396|20 badges yes!
|leave|ALeader Kevin
|player|p1
|leave|terra1396
|player|p2
|join|terra1396
|leave|terra1396
|join|terra1396