|join|terra1396
|join|HOF Poker
|player|p1|terra1396|99
|player|p2|HOF Poker|99
|gametype|singles
|gen|6
|tier|OU Monotype
|rule|Same Type Clause: Pokemon in a team must share a type
|rule|Evasion Abilities Clause: Evasion abilities are banned
|clearpoke
|poke|p1|Charizard, M
|poke|p1|Victini
|poke|p1|Ninetales, F
|poke|p1|Darmanitan, M
|poke|p1|Talonflame, M
|poke|p1|Heatran, M
|poke|p2|Heatran, M, shiny
|poke|p2|Aegislash, M
|poke|p2|Mawile, F, shiny
|poke|p2|Klefki, F
|poke|p2|Scizor, M, shiny
|poke|p2|Excadrill, F
|rule|Sleep Clause Mod: Limit one foe put to sleep
|rule|Species Clause: Limit one of each Pokemon
|rule|OHKO Clause: OHKO moves are banned
|rule|Moody Clause: Moody is banned
|rule|Evasion Moves Clause: Evasion moves are banned
|rule|Endless Battle Clause: Forcing endless battles is banned.
|rule|HP Percentage Mod: HP is reported as percentages
|teampreview
|chat|HOF Poker|glhf and gg
|join|REV L Chevy 12
|join|REV Flash Fire
|chat|terra1396|u too
|
|start
|switch|p1a: Ninetales|Ninetales, F|350\/350
|switch|p2a: PinPoint|Excadrill, F|361\/361
|-ability|p2a: PinPoint|Mold Breaker
|-item|p2a: PinPoint|Air Balloon
|-weather|SunnyDay
|turn|1
|chat|REV L Chevy 12|Terra Gonna SWEEP
|
|move|p2a: PinPoint|Earthquake|p1a: Ninetales
|-supereffective|p1a: Ninetales
|-damage|p1a: Ninetales|0 fnt
|faint|p1a: Ninetales
|
|-weather|SunnyDay|[upkeep]
|chat|HOF Poker|nope
|
|switch|p1a: Talonflame|Talonflame, M|298\/298
|turn|2
|
|switch|p2a: Thermometer|Heatran, M, shiny|386\/386
|-item|p2a: Thermometer|Air Balloon
|move|p1a: Talonflame|Swords Dance|p1a: Talonflame
|-boost|p1a: Talonflame|atk|2
|
|-weather|SunnyDay|[upkeep]
|turn|3
|chat|REV Flash Fire|Steel Mono ILY <3
|
|move|p1a: Talonflame|Brave Bird|p2a: Thermometer
|-resisted|p2a: Thermometer
|-damage|p2a: Thermometer|165\/386
|-damage|p1a: Talonflame|225\/298|[from] recoil|[of] p2a: Thermometer
|-enditem|p2a: Thermometer|Air Balloon
|-damage|p1a: Talonflame|196\/298|[from] item: Life Orb
|move|p2a: Thermometer|Stealth Rock|p1a: Talonflame
|-sidestart|p1: terra1396|move: Stealth Rock
|
|-weather|SunnyDay|[upkeep]
|turn|4
|chat|REV Flash Fire|Flash Fire Plx
|
|move|p1a: Talonflame|Brave Bird|p2a: Thermometer
|-resisted|p2a: Thermometer
|-damage|p2a: Thermometer|0 fnt
|-damage|p1a: Talonflame|142\/298|[from] recoil|[of] p2a: Thermometer
|-damage|p1a: Talonflame|113\/298|[from] item: Life Orb
|faint|p2a: Thermometer
|
|-weather|SunnyDay|[upkeep]
|
|switch|p2a: Key Maiden|Klefki, F|318\/318
|turn|5
|
|move|p2a: Key Maiden|Switcheroo|p1a: Talonflame
|-activate|p2a: Key Maiden|move: Trick|[of] p1a: Talonflame
|-item|p1a: Talonflame|Choice Scarf|[from] Trick
|-item|p2a: Key Maiden|Life Orb|[from] Trick
|move|p1a: Talonflame|Flare Blitz|p2a: Key Maiden
|-supereffective|p2a: Key Maiden
|-damage|p2a: Key Maiden|0 fnt
|-damage|p1a: Talonflame|8\/298|[from] recoil|[of] p2a: Key Maiden
|faint|p2a: Key Maiden
|
|-weather|SunnyDay|[upkeep]
|
|switch|p2a: Venus|Mawile, F, shiny|304\/304
|-ability|p2a: Venus|Intimidate|[of] p1a: Talonflame
|-unboost|p1a: Talonflame|atk|1
|turn|6
|
|-formechange|p2a: Venus|Mawile-Mega
|message|Mawile has Mega Evolved into Mega Mawile!
|move|p2a: Venus|Sucker Punch|p1a: Talonflame
|-damage|p1a: Talonflame|0 fnt
|faint|p1a: Talonflame
|
|-weather|SunnyDay|[upkeep]
|
|switch|p1a: Heatran|Heatran, M|386\/386
|-damage|p1a: Heatran|338\/386|[from] Stealth Rock
|-item|p1a: Heatran|Air Balloon
|turn|7
|
|switch|p2a: Reverse|Aegislash, M|283\/283
|move|p1a: Heatran|Lava Plume|p2a: Reverse
|-crit|p2a: Reverse
|-supereffective|p2a: Reverse
|-damage|p2a: Reverse|0 fnt
|faint|p2a: Reverse
|
|-weather|SunnyDay|[upkeep]
|
|switch|p2a: Venus|Mawile, F, shiny|304\/304
|-formechange|p2a: Venus|Mawile-Mega
|turn|8
|
|move|p2a: Venus|Sucker Punch|p1a: Heatran
|-fail|p1a: Heatran
|move|p1a: Heatran|Roar|p2a: Venus
|drag|p2a: ScumBagsssss|Scizor, M, shiny|344\/344
|
|-weather|none
|turn|9
|chat|terra1396|I know what you want
|
|move|p1a: Heatran|Lava Plume|p2a: ScumBagsssss
|-supereffective|p2a: ScumBagsssss
|-damage|p2a: ScumBagsssss|0 fnt
|faint|p2a: ScumBagsssss
|
|
|switch|p2a: PinPoint|Excadrill, F|361\/361
|-ability|p2a: PinPoint|Mold Breaker
|-item|p2a: PinPoint|Air Balloon
|turn|10
|
|move|p2a: PinPoint|Rock Slide|p1a: Heatran
|-damage|p1a: Heatran|245\/386
|-enditem|p1a: Heatran|Air Balloon
|cant|p1a: Heatran|flinch
|
|turn|11
|chat|terra1396|:O
|
|move|p2a: PinPoint|Earthquake|p1a: Heatran
|-supereffective|p1a: Heatran
|-damage|p1a: Heatran|0 fnt
|faint|p1a: Heatran
|
|chat|HOF Poker|yolo
|
|switch|p1a: Charizard|Charizard, M|298\/298
|-damage|p1a: Charizard|149\/298|[from] Stealth Rock
|turn|12
|chat|REV L Chevy 12|o-0
|
|-formechange|p1a: Charizard|Charizard-Mega-Y
|message|Charizard has Mega Evolved into Mega Charizard!
|-weather|SunnyDay
|move|p1a: Charizard|Fire Blast|p2a: PinPoint
|-supereffective|p2a: PinPoint
|-damage|p2a: PinPoint|0 fnt
|-enditem|p2a: PinPoint|Air Balloon
|faint|p2a: PinPoint
|
|-weather|SunnyDay|[upkeep]
|chat|REV Flash Fire|Giga Dril Breaker
|
|switch|p2a: Venus|Mawile, F, shiny|304\/304
|-formechange|p2a: Venus|Mawile-Mega
|turn|13
|
|move|p2a: Venus|Sucker Punch|p1a: Charizard
|-damage|p1a: Charizard|0 fnt
|faint|p1a: Charizard
|
|-weather|SunnyDay|[upkeep]
|
|switch|p1a: Darmanitan|Darmanitan, M|352\/352
|-damage|p1a: Darmanitan|264\/352|[from] Stealth Rock
|turn|14
|chat|REV L Chevy 12|oh man
|
|move|p2a: Venus|Sucker Punch|p1a: Darmanitan
|-damage|p1a: Darmanitan|0 fnt
|faint|p1a: Darmanitan
|
|-weather|SunnyDay|[upkeep]
|chat|HOF Poker|gg
|chat|terra1396|gg
|
|switch|p1a: Victini|Victini|404\/404
|-damage|p1a: Victini|303\/404|[from] Stealth Rock
|turn|15
|chat|REV L Chevy 12| burn the mawile
|chat|REV Flash Fire|mawile sweep
|
|move|p2a: Venus|Sucker Punch|p1a: Victini
|-supereffective|p1a: Victini
|-damage|p1a: Victini|0 fnt
|faint|p1a: Victini
|
|win|HOF Poker
|leave|REV L Chevy 12
|chat|HOF Poker|Late gaming sweep