|join|REV Tygastro
|join|terra1396
|player|p1|REV Tygastro|229
|player|p2|terra1396|99
|gametype|singles
|gen|6
|tier|OU Monotype
|rule|Same Type Clause: Pokemon in a team must share a type
|rule|Sleep Clause Mod: Limit one foe put to sleep
|rule|Species Clause: Limit one of each Pokemon
|rule|OHKO Clause: OHKO moves are banned
|rule|Moody Clause: Moody is banned
|rule|Evasion Moves Clause: Evasion moves are banned
|rule|Endless Battle Clause: Forcing endless battles is banned
|rule|HP Percentage Mod: HP is reported as percentages
|clearpoke
|poke|p1|Heatran, F
|poke|p1|Skarmory, M
|poke|p1|Excadrill, M
|poke|p1|Aegislash, M
|poke|p1|Ferrothorn, M
|poke|p1|Mawile, M
|poke|p2|Cresselia, F
|poke|p2|Gardevoir, F
|poke|p2|Victini, shiny
|poke|p2|Slowbro, M
|poke|p2|Metagross
|poke|p2|Malamar, M
|rule|Baton Pass Clause: Limit 3 pokemon knowing Baton Pass
|teampreview
|chat|REV Tygastro|gl hf
|join|pokepat
|chat|terra1396|uh oh, don't do good with steel
|leave|pokepat
|chat|REV Tygastro|i don't play good with steel
|
|start
|switch|p1a: Skarmory|Skarmory, M|334\/334
|switch|p2a: Swagtini|Victini, shiny|342\/342
|turn|1
|
|move|p2a: Swagtini|Bolt Strike|p1a: Skarmory
|-supereffective|p1a: Skarmory
|-damage|p1a: Skarmory|157\/334
|-status|p1a: Skarmory|par
|-damage|p2a: Swagtini|308\/342|[from] item: Life Orb
|move|p1a: Skarmory|Stealth Rock|p2a: Swagtini
|-sidestart|p2: terra1396|move: Stealth Rock
|
|-heal|p1a: Skarmory|177\/334 par|[from] item: Leftovers
|turn|2
|join|Proton Matter
|join|REV Poker
|
|switch|p1a: Excadrill|Excadrill, M|362\/362
|-ability|p1a: Excadrill|Mold Breaker
|move|p2a: Swagtini|Bolt Strike|p1a: Excadrill
|-immune|p1a: Excadrill|[msg]
|
|turn|3
|
|move|p1a: Excadrill|Earthquake|p2a: Swagtini
|-supereffective|p2a: Swagtini
|-damage|p2a: Swagtini|0 fnt
|faint|p2a: Swagtini
|
|
|switch|p2a: Cresselia|Cresselia, F|402\/402
|-damage|p2a: Cresselia|352\/402|[from] Stealth Rock
|turn|4
|chat|Proton Matter|Woah
|
|switch|p1a: Aegislash|Aegislash, M|324\/324
|move|p2a: Cresselia|Reflect|p2a: Cresselia
|-sidestart|p2: terra1396|Reflect
|
|turn|5
|
|move|p2a: Cresselia|Thunder Wave|p1a: Aegislash
|-status|p1a: Aegislash|par
|-formechange|p1a: Aegislash|Aegislash-Blade
|cant|p1a: Aegislash|par
|
|turn|6
|chat|REV Tygastro|WOW
|
|move|p2a: Cresselia|Light Screen|p2a: Cresselia
|-sidestart|p2: terra1396|move: Light Screen
|move|p1a: Aegislash|Shadow Ball|p2a: Cresselia
|-supereffective|p2a: Cresselia
|-damage|p2a: Cresselia|253\/402
|
|turn|7
|
|switch|p2a: Malamar|Malamar, M|376\/376
|-damage|p2a: Malamar|329\/376|[from] Stealth Rock
|move|p1a: Aegislash|Shadow Ball|p2a: Malamar
|-damage|p2a: Malamar|252\/376
|
|turn|8
|
|-formechange|p1a: Aegislash|Aegislash
|move|p1a: Aegislash|King's Shield|p1a: Aegislash
|-singleturn|p1a: Aegislash|Protect
|move|p2a: Malamar|Payback|p1a: Aegislash
|-activate|p1a: Aegislash|Protect
|-boost|p2a: Malamar|atk|2
|
|turn|9
|chat|terra1396|big mistake
|chat|REV Tygastro|QQ
|chat|Proton Matter|:I
|
|move|p2a: Malamar|Payback|p1a: Aegislash
|-supereffective|p1a: Aegislash
|-damage|p1a: Aegislash|126\/324 par
|-enditem|p1a: Aegislash|Weakness Policy
|-boost|p1a: Aegislash|atk|2|[from] item: Weakness Policy
|-boost|p1a: Aegislash|spa|2|[from] item: Weakness Policy
|-formechange|p1a: Aegislash|Aegislash-Blade
|move|p1a: Aegislash|Shadow Ball|p2a: Malamar
|-damage|p2a: Malamar|109\/376
|
|turn|10
|
|move|p1a: Aegislash|Shadow Sneak|p2a: Malamar
|-damage|p2a: Malamar|40\/376
|move|p2a: Malamar|Payback|p1a: Aegislash
|-supereffective|p1a: Aegislash
|-damage|p1a: Aegislash|0 fnt
|faint|p1a: Aegislash
|
|
|switch|p1a: Excadrill|Excadrill, M|362\/362
|-ability|p1a: Excadrill|Mold Breaker
|turn|11
|
|move|p1a: Excadrill|Earthquake|p2a: Malamar
|-damage|p2a: Malamar|0 fnt
|faint|p2a: Malamar
|
|-sideend|p2: terra1396|Reflect
|chat|terra1396|Bad timing!! Q.Q
|leave|Proton Matter
|
|switch|p2a: Slowbro|Slowbro, M|394\/394
|-damage|p2a: Slowbro|345\/394|[from] Stealth Rock
|turn|12
|
|switch|p1a: Ferrothorn|Ferrothorn, M|352\/352
|move|p2a: Slowbro|Scald|p1a: Ferrothorn
|-resisted|p1a: Ferrothorn
|-damage|p1a: Ferrothorn|310\/352
|
|-heal|p2a: Slowbro|369\/394|[from] item: Leftovers
|-heal|p1a: Ferrothorn|332\/352|[from] item: Leftovers
|turn|13
|
|switch|p2a: Cresselia|Cresselia, F|253\/402
|-damage|p2a: Cresselia|203\/402|[from] Stealth Rock
|move|p1a: Ferrothorn|Power Whip|p2a: Cresselia
|-damage|p2a: Cresselia|92\/402
|
|-heal|p1a: Ferrothorn|352\/352|[from] item: Leftovers
|-sideend|p2: terra1396|move: Light Screen
|turn|14
|
|move|p2a: Cresselia|Reflect|p2a: Cresselia
|-sidestart|p2: terra1396|Reflect
|move|p1a: Ferrothorn|Power Whip|p2a: Cresselia
|-damage|p2a: Cresselia|40\/402
|
|turn|15
|
|move|p2a: Cresselia|Thunder Wave|p1a: Ferrothorn
|-status|p1a: Ferrothorn|par
|cant|p1a: Ferrothorn|par
|
|turn|16
|
|move|p2a: Cresselia|Light Screen|p2a: Cresselia
|-sidestart|p2: terra1396|move: Light Screen
|move|p1a: Ferrothorn|Power Whip|p2a: Cresselia
|-damage|p2a: Cresselia|0 fnt
|faint|p2a: Cresselia
|
|
|switch|p2a: Slowbro|Slowbro, M|394\/394
|-damage|p2a: Slowbro|345\/394|[from] Stealth Rock
|turn|17
|chat|REV Tygastro|thank god
|
|move|p2a: Slowbro|Calm Mind|p2a: Slowbro
|-boost|p2a: Slowbro|spa|1
|-boost|p2a: Slowbro|spd|1
|move|p1a: Ferrothorn|Leech Seed|p2a: Slowbro
|-start|p2a: Slowbro|move: Leech Seed
|
|-heal|p2a: Slowbro|369\/394|[from] item: Leftovers
|-damage|p2a: Slowbro|320\/394|[from] Leech Seed|[of] p1a: Ferrothorn
|turn|18
|
|move|p2a: Slowbro|Calm Mind|p2a: Slowbro
|-boost|p2a: Slowbro|spa|1
|-boost|p2a: Slowbro|spd|1
|move|p1a: Ferrothorn|Power Whip|p2a: Slowbro
|-supereffective|p2a: Slowbro
|-damage|p2a: Slowbro|218\/394
|
|-heal|p2a: Slowbro|242\/394|[from] item: Leftovers
|-damage|p2a: Slowbro|193\/394|[from] Leech Seed|[of] p1a: Ferrothorn
|turn|19
|chat|REV Tygastro|plz crit
|chat|REV Tygastro|i need u
|
|move|p2a: Slowbro|Slack Off|p2a: Slowbro
|-heal|p2a: Slowbro|390\/394
|cant|p1a: Ferrothorn|par
|
|-heal|p2a: Slowbro|394\/394|[from] item: Leftovers
|-damage|p2a: Slowbro|345\/394|[from] Leech Seed|[of] p1a: Ferrothorn
|turn|20
|
|switch|p1a: Mawile|Mawile, M|304\/304
|-ability|p1a: Mawile|Intimidate|[of] p2a: Slowbro
|-unboost|p2a: Slowbro|atk|1
|move|p2a: Slowbro|Ice Beam|p1a: Mawile
|-resisted|p1a: Mawile
|-damage|p1a: Mawile|177\/304
|
|-heal|p2a: Slowbro|369\/394|[from] item: Leftovers
|-damage|p2a: Slowbro|320\/394|[from] Leech Seed|[of] p1a: Mawile
|-heal|p1a: Mawile|226\/304|[silent]
|turn|21
|
|detailschange|p1a: Mawile|Mawile-Mega, M
|message|Mawile has Mega Evolved into Mega Mawile!
|move|p1a: Mawile|Swords Dance|p1a: Mawile
|-boost|p1a: Mawile|atk|2
|move|p2a: Slowbro|Scald|p1a: Mawile
|-damage|p1a: Mawile|0 fnt
|faint|p1a: Mawile
|
|-heal|p2a: Slowbro|344\/394|[from] item: Leftovers
|-sideend|p2: terra1396|Reflect
|chat|REV Tygastro|oops
|
|switch|p1a: Ferrothorn|Ferrothorn, M|352\/352 par
|turn|22
|
|move|p2a: Slowbro|Ice Beam|p1a: Ferrothorn
|-damage|p1a: Ferrothorn|221\/352 par
|move|p1a: Ferrothorn|Power Whip|p2a: Slowbro
|-supereffective|p2a: Slowbro
|-damage|p2a: Slowbro|140\/394
|
|-heal|p2a: Slowbro|164\/394|[from] item: Leftovers
|-heal|p1a: Ferrothorn|243\/352 par|[from] item: Leftovers
|-damage|p2a: Slowbro|115\/394|[from] Leech Seed|[of] p1a: Ferrothorn
|-heal|p1a: Ferrothorn|292\/352 par|[silent]
|turn|23
|
|move|p2a: Slowbro|Ice Beam|p1a: Ferrothorn
|-damage|p1a: Ferrothorn|161\/352 par
|move|p1a: Ferrothorn|Power Whip|p2a: Slowbro
|-supereffective|p2a: Slowbro
|-damage|p2a: Slowbro|0 fnt
|faint|p2a: Slowbro
|
|-heal|p1a: Ferrothorn|183\/352 par|[from] item: Leftovers
|-sideend|p2: terra1396|move: Light Screen
|chat|REV Tygastro|YES
|
|switch|p2a: Gardevoir|Gardevoir, F|309\/309
|-damage|p2a: Gardevoir|271\/309|[from] Stealth Rock
|-ability|p2a: Gardevoir|Iron Barbs|[from] ability: Trace|[of] p1a: Ferrothorn
|turn|24
|chat|terra1396|darn ferro >_>
|
|move|p2a: Gardevoir|Shadow Ball|p1a: Ferrothorn
|-damage|p1a: Ferrothorn|108\/352 par
|-unboost|p1a: Ferrothorn|spd|1
|move|p1a: Ferrothorn|Gyro Ball|p2a: Gardevoir
|-supereffective|p2a: Gardevoir
|-damage|p2a: Gardevoir|0 fnt
|-damage|p1a: Ferrothorn|64\/352 par|[from] ability: Iron Barbs|[of] p2a: Gardevoir
|faint|p2a: Gardevoir
|
|-heal|p1a: Ferrothorn|86\/352 par|[from] item: Leftovers
|
|switch|p2a: Metagross|Metagross|364\/364
|-damage|p2a: Metagross|342\/364|[from] Stealth Rock
|turn|25
|
|move|p2a: Metagross|Meteor Mash|p1a: Ferrothorn
|-resisted|p1a: Ferrothorn
|-damage|p1a: Ferrothorn|11\/352 par
|-damage|p2a: Metagross|297\/364|[from] ability: Iron Barbs|[of] p1a: Ferrothorn
|move|p1a: Ferrothorn|Leech Seed|p2a: Metagross
|-start|p2a: Metagross|move: Leech Seed
|
|-heal|p1a: Ferrothorn|33\/352 par|[from] item: Leftovers
|-damage|p2a: Metagross|252\/364|[from] Leech Seed|[of] p1a: Ferrothorn
|-heal|p1a: Ferrothorn|78\/352 par|[silent]
|turn|26
|
|move|p2a: Metagross|Meteor Mash|p1a: Ferrothorn
|-resisted|p1a: Ferrothorn
|-damage|p1a: Ferrothorn|3\/352 par
|-damage|p2a: Metagross|207\/364|[from] ability: Iron Barbs|[of] p1a: Ferrothorn
|move|p1a: Ferrothorn|Power Whip|p2a: Metagross
|-crit|p2a: Metagross
|-resisted|p2a: Metagross
|-damage|p2a: Metagross|123\/364
|
|-heal|p1a: Ferrothorn|25\/352 par|[from] item: Leftovers
|-damage|p2a: Metagross|78\/364|[from] Leech Seed|[of] p1a: Ferrothorn
|-heal|p1a: Ferrothorn|70\/352 par|[silent]
|turn|27
|chat|terra1396|gg :I
|
|move|p2a: Metagross|Meteor Mash|p1a: Ferrothorn
|-resisted|p1a: Ferrothorn
|-damage|p1a: Ferrothorn|0 fnt
|-damage|p2a: Metagross|33\/364|[from] ability: Iron Barbs|[of] p1a: Ferrothorn
|faint|p1a: Ferrothorn
|
|chat|terra1396|3 not bad
|
|switch|p1a: Excadrill|Excadrill, M|362\/362
|-ability|p1a: Excadrill|Mold Breaker
|turn|28
|chat|REV Tygastro|lol
|
|move|p1a: Excadrill|Earthquake|p2a: Metagross
|-supereffective|p2a: Metagross
|-damage|p2a: Metagross|0 fnt
|faint|p2a: Metagross
|
|win|REV Tygastro
|chat|REV Tygastro|gg