|join|terra1396
|join|NeoBladed
|player|p1|terra1396|137
|player|p2|NeoBladed|4.gif
|gametype|singles
|tier|OU
|clearpoke
|poke|p1|Zoroark, F
|poke|p1|Cresselia, F
|poke|p1|Scolipede, M
|poke|p1|Garchomp, M
|poke|p1|Genesect, shiny
|poke|p1|Talonflame, F
|poke|p2|Dragalge, F
|poke|p2|Latias, F
|poke|p2|Tyrantrum, M
|poke|p2|Salamence, F
|poke|p2|Hydreigon, F
|poke|p2|Druddigon, F
|rule|Sleep Clause Mod: Limit one foe put to sleep
|rule|Species Clause: Limit one of each Pokemon
|rule|OHKO Clause: OHKO moves are banned
|rule|Moody Clause: Moody is banned
|rule|Evasion Moves Clause: Evasion moves are banned
|rule|Endless Battle Clause: Forcing endless battles is banned.
|rule|HP Percentage Mod: HP is reported as percentages
|teampreview
|callback|decision
|chat|NeoBladed|Im not exactly at my best. Considering a 2 month hiatus so.. YOur chances are pretty good.. 
|chat|NeoBladed|Gl
|chat|terra1396|I'm sleep deprived lol glhf
|
|start
|switch|p1a: Cresselia|Cresselia, F|262\/262
|switch|p2a: Latias|Latias, F|364\/364
|turn|1
|callback|decision
|chat|NeoBladed|Im rusty. IN fact.
|chat|NeoBladed|Im gonna name myself rusty neo
|
|move|p1a: Cresselia|Nasty Plot|p1a: Cresselia
|-boost|p1a: Cresselia|spa|2
|move|p2a: Latias|Calm Mind|p2a: Latias
|-boost|p2a: Latias|spa|1
|-boost|p2a: Latias|spd|1
|
|turn|2
|callback|decision
|
|move|p1a: Cresselia|Nasty Plot|p1a: Cresselia
|-boost|p1a: Cresselia|spa|2
|move|p2a: Latias|Surf|p1a: Cresselia
|replace|p1a: Zoroark|Zoroark, F|262\/262
|-damage|p1a: Zoroark|88\/262
|
|turn|3
|callback|decision
|chat|terra1396|lol misclick damn it
|
|switch|p2a: Tyrantrum|Tyrantrum, M|368\/368
|-item|p2a: Tyrantrum|Air Balloon
|move|p1a: Zoroark|Night Daze|p2a: Tyrantrum
|-damage|p2a: Tyrantrum|0 fnt
|-enditem|p2a: Tyrantrum|Air Balloon
|faint|p2a: Tyrantrum
|
|callback|decision
|join|ioj
|chat|NeoBladed|U R NOT ZOROARK
|chat|NeoBladed|jk
|
|switch|p2a: Druddigon|Druddigon, F|358\/358
|turn|4
|callback|decision
|
|move|p2a: Druddigon|Sucker Punch|p1a: Zoroark
|-resisted|p1a: Zoroark
|-damage|p1a: Zoroark|15\/262
|-damage|p2a: Druddigon|323\/358|[from] item: Life Orb
|move|p1a: Zoroark|Night Daze|p2a: Druddigon
|-damage|p2a: Druddigon|1\/358
|
|turn|5
|callback|decision
|chat|NeoBladed|Mhm.
|chat|ioj|neo
|chat|ioj|I challenge u next
|chat|NeoBladed|Huh.
|chat|terra1396|:o
|chat|NeoBladed|Druddigon lives
|chat|terra1396|come on
|chat|ioj|lol
|chat|NeoBladed|Swag
|chat|ioj|dat focus sash
|
|switch|p1a: Cresselia|Cresselia, F|444\/444
|move|p2a: Druddigon|Sucker Punch|p1a: Cresselia
|-fail|p1a: Cresselia
|
|turn|6
|callback|decision
|
|move|p1a: Cresselia|Reflect|p1a: Cresselia
|-sidestart|p1: terra1396|Reflect
|move|p2a: Druddigon|Stealth Rock|p1a: Cresselia
|-sidestart|p1: terra1396|move: Stealth Rock
|
|turn|7
|callback|decision
|
|switch|p2a: Latias|Latias, F|364\/364
|move|p1a: Cresselia|Light Screen|p1a: Cresselia
|-sidestart|p1: terra1396|move: Light Screen
|
|turn|8
|callback|decision
|
|move|p2a: Latias|Calm Mind|p2a: Latias
|-boost|p2a: Latias|spa|1
|-boost|p2a: Latias|spd|1
|move|p1a: Cresselia|Thunder Wave|p2a: Latias
|-status|p2a: Latias|par
|
|turn|9
|callback|decision
|chat|ioj|well
|
|switch|p1a: Scolipede|Scolipede, M|324\/324
|-damage|p1a: Scolipede|243\/324|[from] Stealth Rock
|move|p2a: Latias|Calm Mind|p2a: Latias
|-boost|p2a: Latias|spa|1
|-boost|p2a: Latias|spd|1
|
|turn|10
|callback|decision
|chat|ioj|dat's parahaxed
|
|move|p1a: Scolipede|Swords Dance|p1a: Scolipede
|-boost|p1a: Scolipede|atk|2
|move|p2a: Latias|Surf|p1a: Scolipede
|-damage|p1a: Scolipede|142\/324
|-enditem|p1a: Scolipede|Sitrus Berry|[eat]
|-heal|p1a: Scolipede|223\/324|[from] item: Sitrus Berry
|
|-boost|p1a: Scolipede|spe|1|[from] ability: Speed Boost
|turn|11
|callback|decision
|chat|ioj|oh
|chat|ioj|this sweepr=er
|
|move|p1a: Scolipede|Baton Pass|p1a: Scolipede
|callback|decision
|
|switch|p1a: Garchomp|Garchomp, M|420\/420
|-damage|p1a: Garchomp|394\/420|[from] Stealth Rock
|cant|p2a: Latias|par
|
|turn|12
|callback|decision
|chat|NeoBladed|Oh gosh im too bad atm
|
|-formechange|p1a: Garchomp|Garchomp-Mega
|message|Garchomp has Mega Evolved into Mega Garchomp!
|move|p1a: Garchomp|Dragon Claw|p2a: Latias
|-supereffective|p2a: Latias
|-damage|p2a: Latias|0 fnt
|faint|p2a: Latias
|
|callback|decision
|chat|ioj|neo I challenge u next
|
|switch|p2a: Salamence|Salamence, F|331\/331
|turn|13
|callback|decision
|
|move|p2a: Salamence|Outrage|p1a: Garchomp
|-supereffective|p1a: Garchomp
|-damage|p1a: Garchomp|225\/420
|move|p1a: Garchomp|Dragon Claw|p2a: Salamence
|-supereffective|p2a: Salamence
|-damage|p2a: Salamence|0 fnt
|faint|p2a: Salamence
|
|-sideend|p1: terra1396|Reflect
|callback|decision
|chat|NeoBladed|...
|chat|NeoBladed|What
|chat|NeoBladed|OH mega
|chat|NeoBladed|Wait
|chat|NeoBladed|._.
|chat|ioj|no
|chat|ioj|the light screen
|chat|NeoBladed|Yea
|chat|ioj|reflect
|chat|ioj|my bad
|chat|terra1396|._. reflect
|chat|NeoBladed|i forgot
|chat|NeoBladed|._.
|chat|ioj|gg
|chat|NeoBladed|I did say u have a good chance
|chat|NeoBladed|OH well
|chat|NeoBladed|I authorize my ability to make this a draw
|chat|terra1396|....
|chat|ioj|lolol
|
|switch|p2a: Hydreigon|Hydreigon, F|325\/325
|turn|14
|callback|decision
|chat|ioj|he can
|chat|NeoBladed|XD
|chat|NeoBladed|Wait I can?
|chat|NeoBladed|0_0
|chat|terra1396|no!
|chat|ioj|ya
|chat|ioj| forcetie
|chat|NeoBladed|Im jk fool
|chat|terra1396|lol
|chat|terra1396|I know
|chat|NeoBladed|I wouldn't do that
|chat|NeoBladed|Thats so..
|chat|NeoBladed|Unprofessional
|
|move|p1a: Garchomp|Dragon Claw|p2a: Hydreigon
|-supereffective|p2a: Hydreigon
|-damage|p2a: Hydreigon|0 fnt
|faint|p2a: Hydreigon
|
|-sideend|p1: terra1396|move: Light Screen
|callback|decision
|chat|ioj|neo
|
|switch|p2a: Dragalge|Dragalge, F|334\/334
|turn|15
|callback|decision
|chat|ioj|i have waited so long for u
|
|move|p1a: Garchomp|Dragon Claw|p2a: Dragalge
|-supereffective|p2a: Dragalge
|-damage|p2a: Dragalge|0 fnt
|faint|p2a: Dragalge
|
|callback|decision
|chat|ioj|les battle after this
|
|switch|p2a: Druddigon|Druddigon, F|1\/358
|turn|16
|callback|decision
|chat|NeoBladed|OK focetie
|chat|NeoBladed|lol gg
|
|move|p2a: Druddigon|Sucker Punch|p1a: Garchomp
|-damage|p1a: Garchomp|146\/420
|-damage|p2a: Druddigon|0 fnt|[from] item: Life Orb
|faint|p2a: Druddigon
|
|win|terra1396
|chat|terra1396|gg
|chat|NeoBladed|I give you!