|join|theslothmaster98
|join|terra1396
|player|p1|theslothmaster98|137
|player|p2|terra1396|137
|gametype|singles
|gen|6
|tier|OU
|rated
|clearpoke
|poke|p1|Metagross, shiny
|poke|p1|Conkeldurr, M
|poke|p1|Landorus-Therian, M
|poke|p1|Breloom, M
|poke|p1|Clefable, M
|poke|p1|Keldeo
|poke|p2|Landorus-Therian, M
|poke|p2|Metagross
|poke|p2|Slowbro, M
|poke|p2|Conkeldurr, M
|poke|p2|Heatran, F
|poke|p2|Umbreon, M
|rule|Swagger Clause: Swagger is banned
|rule|Baton Pass Clause: Limit one PokÃ©mon knowing Baton Pass
|rule|Sleep Clause Mod: Limit one foe put to sleep
|rule|Species Clause: Limit one of each PokÃ©mon
|rule|OHKO Clause: OHKO moves are banned
|rule|Moody Clause: Moody is banned
|rule|Evasion Moves Clause: Evasion moves are banned
|rule|Endless Battle Clause: Forcing endless battles is banned
|rule|HP Percentage Mod: HP is shown in percentages
|teampreview
|
|start
|switch|p1a: Landorus-Therian|Landorus-Therian, M|382\/382
|switch|p2a: Slowbro|Slowbro, M|331\/331
|-ability|p1a: Landorus-Therian|Intimidate|[of] p2a: Slowbro
|-unboost|p2a: Slowbro|atk|1
|turn|1
|
|move|p1a: Landorus-Therian|U-turn|p2a: Slowbro
|-supereffective|p2a: Slowbro
|-damage|p2a: Slowbro|221\/331
|
|switch|p1a: Clefable|Clefable, M|394\/394
|move|p2a: Slowbro|Ice Beam|p1a: Clefable
|-damage|p1a: Clefable|331\/394
|
|-heal|p1a: Clefable|355\/394|[from] item: Leftovers
|-heal|p2a: Slowbro|241\/331|[from] item: Leftovers
|turn|2
|
|switch|p2a: Metagross|Metagross|302\/302
|move|p1a: Clefable|Calm Mind|p1a: Clefable
|-boost|p1a: Clefable|spa|1
|-boost|p1a: Clefable|spd|1
|
|-heal|p1a: Clefable|379\/394|[from] item: Leftovers
|turn|3
|
|switch|p1a: Metagross|Metagross, shiny|302\/302
|detailschange|p2a: Metagross|Metagross-Mega
|-mega|p2a: Metagross|Metagross|Metagrossite
|move|p2a: Metagross|Meteor Mash|p1a: Metagross
|-resisted|p1a: Metagross
|-damage|p1a: Metagross|209\/302
|-boost|p2a: Metagross|atk|1
|
|turn|4
|
|detailschange|p1a: Metagross|Metagross-Mega, shiny
|-mega|p1a: Metagross|Metagross|Metagrossite
|move|p2a: Metagross|Hammer Arm|p1a: Metagross
|-damage|p1a: Metagross|20\/302
|-unboost|p2a: Metagross|spe|1
|move|p1a: Metagross|Meteor Mash|p2a: Metagross
|-resisted|p2a: Metagross
|-damage|p2a: Metagross|226\/302
|
|turn|5
|
|switch|p1a: Landorus-Therian|Landorus-Therian, M|382\/382
|-ability|p1a: Landorus-Therian|Intimidate|[of] p2a: Metagross
|-unboost|p2a: Metagross|atk|1
|move|p2a: Metagross|Bullet Punch|p1a: Landorus-Therian
|-damage|p1a: Landorus-Therian|303\/382
|
|-heal|p1a: Landorus-Therian|326\/382|[from] item: Leftovers
|turn|6
|
|switch|p2a: Landorus-Therian|Landorus-Therian, M|351\/351
|-ability|p2a: Landorus-Therian|Intimidate|[of] p1a: Landorus-Therian
|-unboost|p1a: Landorus-Therian|atk|1
|switch|p1a: Keldeo|Keldeo|386\/386
|
|turn|7
|
|move|p2a: Landorus-Therian|U-turn|p1a: Keldeo
|-resisted|p1a: Keldeo
|-damage|p1a: Keldeo|328\/386
|
|switch|p2a: Slowbro|Slowbro, M|331\/331
|move|p1a: Keldeo|Scald|p2a: Slowbro
|-crit|p2a: Slowbro
|-resisted|p2a: Slowbro
|-damage|p2a: Slowbro|208\/331
|-status|p2a: Slowbro|brn
|
|-heal|p1a: Keldeo|352\/386|[from] item: Leftovers
|-heal|p2a: Slowbro|228\/331 brn|[from] item: Leftovers
|-damage|p2a: Slowbro|187\/331 brn|[from] brn
|turn|8
|
|switch|p1a: Clefable|Clefable, M|379\/394
|move|p2a: Slowbro|Psyshock|p1a: Clefable
|-crit|p1a: Clefable
|-damage|p1a: Clefable|139\/394
|
|-heal|p1a: Clefable|163\/394|[from] item: Leftovers
|-heal|p2a: Slowbro|207\/331 brn|[from] item: Leftovers
|-damage|p2a: Slowbro|166\/331 brn|[from] brn
|turn|9
|
|switch|p2a: Heatran|Heatran, F|355\/355
|-item|p2a: Heatran|Air Balloon
|move|p1a: Clefable|Soft-Boiled|p1a: Clefable
|-heal|p1a: Clefable|360\/394
|
|-heal|p1a: Clefable|384\/394|[from] item: Leftovers
|turn|10
|
|move|p2a: Heatran|Flash Cannon|p1a: Clefable
|-supereffective|p1a: Clefable
|-damage|p1a: Clefable|132\/394
|move|p1a: Clefable|Moonblast|p2a: Heatran
|-resisted|p2a: Heatran
|-damage|p2a: Heatran|332\/355
|-enditem|p2a: Heatran|Air Balloon
|
|-heal|p1a: Clefable|156\/394|[from] item: Leftovers
|turn|11
|
|switch|p1a: Keldeo|Keldeo|352\/386
|move|p2a: Heatran|Stealth Rock|p1a: Keldeo
|-sidestart|p1: theslothmaster98|move: Stealth Rock
|
|-heal|p1a: Keldeo|376\/386|[from] item: Leftovers
|turn|12
|
|switch|p2a: Slowbro|Slowbro, M|276\/331 brn
|move|p1a: Keldeo|Substitute|p1a: Keldeo
|-start|p1a: Keldeo|Substitute
|-damage|p1a: Keldeo|280\/386
|
|-heal|p1a: Keldeo|304\/386|[from] item: Leftovers
|-heal|p2a: Slowbro|296\/331 brn|[from] item: Leftovers
|-damage|p2a: Slowbro|255\/331 brn|[from] brn
|turn|13
|
|move|p1a: Keldeo|Scald|p2a: Slowbro
|-resisted|p2a: Slowbro
|-damage|p2a: Slowbro|175\/331 brn
|move|p2a: Slowbro|Psyshock|p1a: Keldeo
|-supereffective|p1a: Keldeo
|-end|p1a: Keldeo|Substitute
|
|-heal|p1a: Keldeo|328\/386|[from] item: Leftovers
|-heal|p2a: Slowbro|195\/331 brn|[from] item: Leftovers
|-damage|p2a: Slowbro|154\/331 brn|[from] brn
|turn|14
|
|switch|p1a: Metagross|Metagross-Mega, shiny|20\/302
|-damage|p1a: Metagross|2\/302|[from] Stealth Rock
|move|p2a: Slowbro|Psyshock|p1a: Metagross
|-resisted|p1a: Metagross
|-damage|p1a: Metagross|0 fnt
|faint|p1a: Metagross
|
|-heal|p2a: Slowbro|174\/331 brn|[from] item: Leftovers
|-damage|p2a: Slowbro|133\/331 brn|[from] brn
|
|switch|p1a: Breloom|Breloom, M|261\/261
|-damage|p1a: Breloom|245\/261|[from] Stealth Rock
|turn|15
|
|switch|p2a: Landorus-Therian|Landorus-Therian, M|351\/351
|-ability|p2a: Landorus-Therian|Intimidate|[of] p1a: Breloom
|-unboost|p1a: Breloom|atk|1
|move|p1a: Breloom|Bullet Seed|p2a: Landorus-Therian
|-damage|p2a: Landorus-Therian|305\/351
|-damage|p2a: Landorus-Therian|260\/351
|-damage|p2a: Landorus-Therian|212\/351
|-hitcount|p2a: Landorus-Therian|3
|
|turn|16
|
|move|p2a: Landorus-Therian|Outrage|p1a: Breloom
|-damage|p1a: Breloom|42\/261
|move|p1a: Breloom|Spore|p2a: Landorus-Therian
|-status|p2a: Landorus-Therian|slp
|
|turn|17
|
|cant|p2a: Landorus-Therian|slp
|move|p1a: Breloom|Rock Tomb|p2a: Landorus-Therian
|-damage|p2a: Landorus-Therian|132\/351 slp
|-unboost|p2a: Landorus-Therian|spe|1
|
|turn|18
|
|move|p1a: Breloom|Bullet Seed|p2a: Landorus-Therian
|-damage|p2a: Landorus-Therian|86\/351 slp
|-crit|p2a: Landorus-Therian
|-damage|p2a: Landorus-Therian|0 fnt
|-hitcount|p2a: Landorus-Therian|2
|faint|p2a: Landorus-Therian
|
|
|switch|p2a: Metagross|Metagross-Mega|226\/302
|turn|19
|
|switch|p1a: Landorus-Therian|Landorus-Therian, M|326\/382
|-damage|p1a: Landorus-Therian|279\/382|[from] Stealth Rock
|-ability|p1a: Landorus-Therian|Intimidate|[of] p2a: Metagross
|-unboost|p2a: Metagross|atk|1
|move|p2a: Metagross|Meteor Mash|p1a: Landorus-Therian
|-damage|p1a: Landorus-Therian|159\/382
|-boost|p2a: Metagross|atk|1
|
|-heal|p1a: Landorus-Therian|182\/382|[from] item: Leftovers
|turn|20
|
|switch|p2a: Slowbro|Slowbro, M|243\/331 brn
|switch|p1a: Keldeo|Keldeo|328\/386
|-damage|p1a: Keldeo|304\/386|[from] Stealth Rock
|
|-heal|p1a: Keldeo|328\/386|[from] item: Leftovers
|-heal|p2a: Slowbro|263\/331 brn|[from] item: Leftovers
|-damage|p2a: Slowbro|222\/331 brn|[from] brn
|turn|21
|
|move|p1a: Keldeo|Substitute|p1a: Keldeo
|-start|p1a: Keldeo|Substitute
|-damage|p1a: Keldeo|232\/386
|move|p2a: Slowbro|Psyshock|p1a: Keldeo
|-supereffective|p1a: Keldeo
|-end|p1a: Keldeo|Substitute
|
|-heal|p1a: Keldeo|256\/386|[from] item: Leftovers
|-heal|p2a: Slowbro|242\/331 brn|[from] item: Leftovers
|-damage|p2a: Slowbro|201\/331 brn|[from] brn
|turn|22
|
|switch|p1a: Landorus-Therian|Landorus-Therian, M|182\/382
|-damage|p1a: Landorus-Therian|135\/382|[from] Stealth Rock
|-ability|p1a: Landorus-Therian|Intimidate|[of] p2a: Slowbro
|-unboost|p2a: Slowbro|atk|1
|move|p2a: Slowbro|Psyshock|p1a: Landorus-Therian
|-damage|p1a: Landorus-Therian|51\/382
|
|-heal|p1a: Landorus-Therian|74\/382|[from] item: Leftovers
|-heal|p2a: Slowbro|221\/331 brn|[from] item: Leftovers
|-damage|p2a: Slowbro|180\/331 brn|[from] brn
|turn|23
|
|switch|p2a: Umbreon|Umbreon, M|394\/394
|move|p1a: Landorus-Therian|Knock Off|p2a: Umbreon
|-crit|p2a: Umbreon
|-resisted|p2a: Umbreon
|-damage|p2a: Umbreon|326\/394
|-enditem|p2a: Umbreon|Leftovers|[from] move: Knock Off|[of] p1a: Landorus-Therian
|
|-heal|p1a: Landorus-Therian|97\/382|[from] item: Leftovers
|turn|24
|
|move|p1a: Landorus-Therian|Stealth Rock|p2a: Umbreon
|-sidestart|p2: terra1396|move: Stealth Rock
|move|p2a: Umbreon|Wish|p2a: Umbreon
|
|-heal|p1a: Landorus-Therian|120\/382|[from] item: Leftovers
|turn|25
|
|move|p1a: Landorus-Therian|Earthquake|p2a: Umbreon
|-damage|p2a: Umbreon|185\/394
|move|p2a: Umbreon|Heal Bell|p2a: Umbreon
|-cureteam|p2a: Umbreon|[from] move: HealBell
|
|-heal|p2a: Umbreon|382\/394|[from] move: Wish|[wisher] Umbreon
|-heal|p1a: Landorus-Therian|143\/382|[from] item: Leftovers
|turn|26
|
|move|p1a: Landorus-Therian|Earthquake|p2a: Umbreon
|-damage|p2a: Umbreon|244\/394
|move|p2a: Umbreon|Toxic|p1a: Landorus-Therian
|-status|p1a: Landorus-Therian|tox
|
|-heal|p1a: Landorus-Therian|166\/382 tox|[from] item: Leftovers
|-damage|p1a: Landorus-Therian|143\/382 tox|[from] psn
|turn|27
|
|switch|p2a: Slowbro|Slowbro, M|290\/331
|-damage|p2a: Slowbro|249\/331|[from] Stealth Rock
|move|p1a: Landorus-Therian|U-turn|p2a: Slowbro
|-supereffective|p2a: Slowbro
|-damage|p2a: Slowbro|145\/331
|
|switch|p1a: Breloom|Breloom, M|42\/261
|-damage|p1a: Breloom|26\/261|[from] Stealth Rock
|
|-heal|p2a: Slowbro|165\/331|[from] item: Leftovers
|turn|28
|
|move|p1a: Breloom|Spore|p2a: Slowbro
|-status|p2a: Slowbro|slp
|cant|p2a: Slowbro|slp
|
|-heal|p2a: Slowbro|185\/331 slp|[from] item: Leftovers
|turn|29
|
|move|p1a: Breloom|Bullet Seed|p2a: Slowbro
|-supereffective|p2a: Slowbro
|-damage|p2a: Slowbro|87\/331 slp
|-supereffective|p2a: Slowbro
|-damage|p2a: Slowbro|0 fnt
|-hitcount|p2a: Slowbro|2
|faint|p2a: Slowbro
|
|
|switch|p2a: Metagross|Metagross-Mega|226\/302
|-damage|p2a: Metagross|208\/302|[from] Stealth Rock
|turn|30
|
|move|p1a: Breloom|Mach Punch|p2a: Metagross
|-damage|p2a: Metagross|138\/302
|move|p2a: Metagross|Meteor Mash|p1a: Breloom
|-damage|p1a: Breloom|0 fnt
|faint|p1a: Breloom
|
|
|switch|p1a: Conkeldurr|Conkeldurr, M|413\/413
|-damage|p1a: Conkeldurr|388\/413|[from] Stealth Rock
|turn|31
|
|move|p2a: Metagross|Zen Headbutt|p1a: Conkeldurr
|-supereffective|p1a: Conkeldurr
|-damage|p1a: Conkeldurr|0 fnt
|faint|p1a: Conkeldurr
|
|
|switch|p1a: Landorus-Therian|Landorus-Therian, M|143\/382 tox
|-damage|p1a: Landorus-Therian|96\/382 tox|[from] Stealth Rock
|-ability|p1a: Landorus-Therian|Intimidate|[of] p2a: Metagross
|-unboost|p2a: Metagross|atk|1
|turn|32
|
|switch|p2a: Umbreon|Umbreon, M|244\/394
|-damage|p2a: Umbreon|195\/394|[from] Stealth Rock
|move|p1a: Landorus-Therian|Earthquake|p2a: Umbreon
|-damage|p2a: Umbreon|60\/394
|
|-heal|p1a: Landorus-Therian|119\/382 tox|[from] item: Leftovers
|-damage|p1a: Landorus-Therian|96\/382 tox|[from] psn
|turn|33
|
|move|p1a: Landorus-Therian|U-turn|p2a: Umbreon
|-supereffective|p2a: Umbreon
|-damage|p2a: Umbreon|0 fnt
|faint|p2a: Umbreon
|
|switch|p1a: Keldeo|Keldeo|256\/386
|-damage|p1a: Keldeo|232\/386|[from] Stealth Rock
|
|-heal|p1a: Keldeo|256\/386|[from] item: Leftovers
|
|switch|p2a: Conkeldurr|Conkeldurr, M|351\/351
|-damage|p2a: Conkeldurr|330\/351|[from] Stealth Rock
|turn|34
|
|switch|p1a: Clefable|Clefable, M|156\/394
|move|p2a: Conkeldurr|Thunder Punch|p1a: Clefable
|-damage|p1a: Clefable|24\/394
|-status|p1a: Clefable|par
|
|-heal|p1a: Clefable|48\/394 par|[from] item: Leftovers
|turn|35
|
|move|p2a: Conkeldurr|Drain Punch|p1a: Clefable
|-resisted|p1a: Clefable
|-damage|p1a: Clefable|0 fnt
|-heal|p2a: Conkeldurr|351\/351|[from] drain|[of] p1a: Clefable
|faint|p1a: Clefable
|
|
|switch|p1a: Landorus-Therian|Landorus-Therian, M|96\/382 tox
|-damage|p1a: Landorus-Therian|49\/382 tox|[from] Stealth Rock
|-ability|p1a: Landorus-Therian|Intimidate|[of] p2a: Conkeldurr
|-unboost|p2a: Conkeldurr|atk|1
|turn|36
|
|move|p1a: Landorus-Therian|Earthquake|p2a: Conkeldurr
|-damage|p2a: Conkeldurr|194\/351
|move|p2a: Conkeldurr|Knock Off|p1a: Landorus-Therian
|-crit|p1a: Landorus-Therian
|-damage|p1a: Landorus-Therian|0 fnt
|-enditem|p1a: Landorus-Therian|Leftovers|[from] move: Knock Off|[of] p2a: Conkeldurr
|faint|p1a: Landorus-Therian
|
|
|switch|p1a: Keldeo|Keldeo|256\/386
|-damage|p1a: Keldeo|232\/386|[from] Stealth Rock
|turn|37
|
|switch|p2a: Heatran|Heatran, F|332\/355
|-damage|p2a: Heatran|288\/355|[from] Stealth Rock
|move|p1a: Keldeo|Secret Sword|p2a: Heatran
|-supereffective|p2a: Heatran
|-damage|p2a: Heatran|4\/355
|
|-heal|p1a: Keldeo|256\/386|[from] item: Leftovers
|turn|38
|
|move|p1a: Keldeo|Substitute|p1a: Keldeo
|-start|p1a: Keldeo|Substitute
|-damage|p1a: Keldeo|160\/386
|move|p2a: Heatran|Lava Plume|p1a: Keldeo
|-resisted|p1a: Keldeo
|-activate|p1a: Keldeo|Substitute|[damage]
|
|-heal|p1a: Keldeo|184\/386|[from] item: Leftovers
|turn|39
|
|move|p1a: Keldeo|Calm Mind|p1a: Keldeo
|-boost|p1a: Keldeo|spa|1
|-boost|p1a: Keldeo|spd|1
|move|p2a: Heatran|Lava Plume|p1a: Keldeo
|-resisted|p1a: Keldeo
|-end|p1a: Keldeo|Substitute
|
|-heal|p1a: Keldeo|208\/386|[from] item: Leftovers
|turn|40
|
|move|p1a: Keldeo|Calm Mind|p1a: Keldeo
|-boost|p1a: Keldeo|spa|1
|-boost|p1a: Keldeo|spd|1
|move|p2a: Heatran|Earth Power|p1a: Keldeo
|-damage|p1a: Keldeo|150\/386
|
|-heal|p1a: Keldeo|174\/386|[from] item: Leftovers
|turn|41
|
|move|p1a: Keldeo|Substitute|p1a: Keldeo
|-start|p1a: Keldeo|Substitute
|-damage|p1a: Keldeo|78\/386
|move|p2a: Heatran|Earth Power|p1a: Keldeo
|-activate|p1a: Keldeo|Substitute|[damage]
|
|-heal|p1a: Keldeo|102\/386|[from] item: Leftovers
|turn|42
|
|move|p1a: Keldeo|Scald|p2a: Heatran
|-supereffective|p2a: Heatran
|-damage|p2a: Heatran|0 fnt
|faint|p2a: Heatran
|
|-heal|p1a: Keldeo|126\/386|[from] item: Leftovers
|
|switch|p2a: Conkeldurr|Conkeldurr, M|194\/351
|-damage|p2a: Conkeldurr|173\/351|[from] Stealth Rock
|turn|43
|
|move|p2a: Conkeldurr|Mach Punch|p1a: Keldeo
|-end|p1a: Keldeo|Substitute
|move|p1a: Keldeo|Substitute|p1a: Keldeo
|-start|p1a: Keldeo|Substitute
|-damage|p1a: Keldeo|30\/386
|
|-heal|p1a: Keldeo|54\/386|[from] item: Leftovers
|turn|44
|
|move|p2a: Conkeldurr|Mach Punch|p1a: Keldeo
|-activate|p1a: Keldeo|Substitute|[damage]
|move|p1a: Keldeo|Secret Sword|p2a: Conkeldurr
|-damage|p2a: Conkeldurr|0 fnt
|faint|p2a: Conkeldurr
|
|-heal|p1a: Keldeo|78\/386|[from] item: Leftovers
|c|âtheslothmaster98|gg
|
|switch|p2a: Metagross|Metagross-Mega|138\/302
|-damage|p2a: Metagross|120\/302|[from] Stealth Rock
|turn|45
|
|move|p2a: Metagross|Zen Headbutt|p1a: Keldeo
|-supereffective|p1a: Keldeo
|-end|p1a: Keldeo|Substitute
|move|p1a: Keldeo|Secret Sword|p2a: Metagross
|-damage|p2a: Metagross|0 fnt
|faint|p2a: Metagross
|
|win|theslothmaster98
|raw|Ladder updating...
|raw|theslothmaster98's rating: 1663 &rarr; <strong>1682<\/strong><br \/>(+19 for winning)
|raw|terra1396's rating: 1643 &rarr; <strong>1624<\/strong><br \/>(-19 for losing)
|leave|terra1396
|player|p2
|leave|theslothmaster98
|player|p1
|join|theslothmaster98