|join|terra1396
|join|UberGamer
|player|p1|terra1396|99
|player|p2|UberGamer|167
|gametype|singles
|gen|6
|tier|OU
|clearpoke
|poke|p1|Zoroark, F
|poke|p1|Bronzong
|poke|p1|Genesect
|poke|p1|Talonflame, M
|poke|p1|Scolipede, M
|poke|p1|Garchomp, M
|poke|p2|Klefki, F
|poke|p2|Deoxys-Defense
|poke|p2|Cloyster, M
|poke|p2|Mandibuzz, F
|poke|p2|Conkeldurr, F
|poke|p2|Latios, M
|rule|Sleep Clause Mod: Limit one foe put to sleep
|rule|Species Clause: Limit one of each Pokemon
|rule|OHKO Clause: OHKO moves are banned
|rule|Moody Clause: Moody is banned
|rule|Evasion Moves Clause: Evasion moves are banned
|rule|Endless Battle Clause: Forcing endless battles is banned.
|rule|HP Percentage Mod: HP is reported as percentages
|teampreview
|callback|decision
|join|AChamp-Aero
|chat|AChamp-Aero|wait wait wait
|chat|AChamp-Aero|:O
|chat|terra1396|hmm?
|chat|UberGamer|Yes Aero? 
|chat|AChamp-Aero|and yous may start :3
|chat|terra1396|lol
|chat|UberGamer|Should I publicize, or keep this mainly private
|chat|AChamp-Aero|i'll post it for the peps at ktn
|chat|terra1396|Well I told aero lol
|chat|UberGamer|Kk
|join|WildWolve57
|join|leader im mr. wall
|join|Erasthamus
|chat|AChamp-Aero|hall of famers duke it out tho
|join|Core poppop
|chat|WildWolve57|LOL
|chat|Erasthamus|Awh man
|chat|UberGamer|Lol, except I think neither of us use our old Champ teams
|chat|AChamp-Aero|\/me has camera rolling
|
|start
|switch|p1a: Bronzong|Bronzong|262\/262
|switch|p2a: Klefki|Klefki, F|318\/318
|turn|1
|callback|decision
|chat|terra1396|yep
|chat|Erasthamus|Shoutout to Bronzong man
|chat|AChamp-Aero|lol
|join|ALeader Hoaxer
|chat|terra1396|aw shit, luck don't fail me now
|chat|AChamp-Aero|The original Klefki
|
|move|p2a: Klefki|Substitute|p2a: Klefki
|-start|p2a: Klefki|Substitute
|-damage|p2a: Klefki|239\/318
|move|p1a: Bronzong|Flamethrower|p2a: Klefki
|-supereffective|p2a: Klefki
|-end|p2a: Klefki|Substitute
|
|turn|2
|callback|decision
|chat|ALeader Hoaxer|huh?
|
|switch|p2a: Mandibuzz|Mandibuzz, F|424\/424
|move|p1a: Bronzong|Flamethrower|p2a: Mandibuzz
|-damage|p2a: Mandibuzz|326\/424
|
|-heal|p2a: Mandibuzz|352\/424|[from] item: Leftovers
|turn|3
|callback|decision
|chat|AChamp-Aero|oo
|chat|AChamp-Aero|poison that thing tho :I
|join|DarknessReigns
|
|switch|p1a: Genesect|Genesect|284\/284
|-boost|p1a: Genesect|spa|1|[from] ability: Download
|move|p2a: Mandibuzz|Foul Play|p1a: Genesect
|-damage|p1a: Genesect|145\/284
|
|-heal|p2a: Mandibuzz|378\/424|[from] item: Leftovers
|turn|4
|callback|decision
|chat|Erasthamus|Lucky you didn't get the Atk boost
|chat|AChamp-Aero|\/me remembers both of these teams
|
|switch|p2a: Klefki|Klefki, F|239\/318
|move|p1a: Genesect|Ice Beam|p2a: Klefki
|-resisted|p2a: Klefki
|-damage|p2a: Klefki|151\/318
|-status|p2a: Klefki|frz
|
|turn|5
|callback|decision
|chat|UberGamer|Son of a...
|chat|AChamp-Aero|It took Uber 5 tries to defeat me lol
|chat|DarknessReigns|...
|chat|Erasthamus|Ouch
|chat|UberGamer|Aero, first 4 were bug mono
|
|cant|p2a: Klefki|frz
|move|p1a: Genesect|Ice Beam|p2a: Klefki
|-resisted|p2a: Klefki
|-damage|p2a: Klefki|63\/318 frz
|
|turn|6
|callback|decision
|chat|AChamp-Aero|until i let u switch
|chat|AChamp-Aero|lol
|chat|terra1396|My first battle against aero
|chat|UberGamer|Anyone who can beat a team with uber dragons using Bug Mono is a god
|chat|terra1396|scolipede froze >.>
|
|cant|p2a: Klefki|frz
|move|p1a: Genesect|Ice Beam|p2a: Klefki
|-crit|p2a: Klefki
|-resisted|p2a: Klefki
|-damage|p2a: Klefki|0 fnt
|faint|p2a: Klefki
|
|callback|decision
|chat|AChamp-Aero|lol
|
|switch|p2a: Cloyster|Cloyster, M|242\/242
|turn|7
|callback|decision
|chat|UberGamer|That freeze, was gonna get dem parahax goin, lol
|
|switch|p1a: Bronzong|Bronzong|338\/338
|move|p2a: Cloyster|Shell Smash|p2a: Cloyster
|-boost|p2a: Cloyster|atk|2
|-boost|p2a: Cloyster|spa|2
|-boost|p2a: Cloyster|spe|2
|-unboost|p2a: Cloyster|def|1
|-unboost|p2a: Cloyster|spd|1
|
|turn|8
|callback|decision
|leave|DarknessReigns
|join|Aleccat
|chat|Aleccat|GO TERRA
|chat|Erasthamus|Good switch though
|chat|UberGamer|Love you to Cat...
|chat|WildWolve57|lol
|chat|Erasthamus|lol
|
|move|p2a: Cloyster|Icicle Spear|p1a: Bronzong
|-resisted|p1a: Bronzong
|-damage|p1a: Bronzong|305\/338
|-resisted|p1a: Bronzong
|-damage|p1a: Bronzong|275\/338
|-resisted|p1a: Bronzong
|-damage|p1a: Bronzong|246\/338
|-resisted|p1a: Bronzong
|-damage|p1a: Bronzong|213\/338
|-resisted|p1a: Bronzong
|-damage|p1a: Bronzong|184\/338
|-hitcount|p1a: Bronzong|5
|move|p1a: Bronzong|Toxic|p2a: Cloyster
|-status|p2a: Cloyster|tox
|
|-damage|p2a: Cloyster|227\/242 tox|[from] psn
|turn|9
|callback|decision
|chat|AChamp-Aero|**I CANT ROOT FOR ANYONE SINCE BOTH OF YOU DEFEATED ME SO GG WP**
|chat|Aleccat|well you said i suck at grass
|chat|Aleccat|and that i really suck at grass
|chat|UberGamer|Come on, ONE crit, that's all I want
|
|move|p2a: Cloyster|Icicle Spear|p1a: Bronzong
|-resisted|p1a: Bronzong
|-damage|p1a: Bronzong|153\/338
|-resisted|p1a: Bronzong
|-damage|p1a: Bronzong|120\/338
|-resisted|p1a: Bronzong
|-damage|p1a: Bronzong|89\/338
|-resisted|p1a: Bronzong
|-damage|p1a: Bronzong|57\/338
|-resisted|p1a: Bronzong
|-damage|p1a: Bronzong|24\/338
|-hitcount|p1a: Bronzong|5
|move|p1a: Bronzong|Reflect|p1a: Bronzong
|-sidestart|p1: terra1396|Reflect
|
|-damage|p2a: Cloyster|197\/242 tox|[from] psn
|turn|10
|callback|decision
|chat|Aleccat|so dat was mean
|chat|UberGamer|Well, Cat, want me to lie to you? I can
|chat|Aleccat|and shall be punished
|
|move|p2a: Cloyster|Icicle Spear|p1a: Bronzong
|-resisted|p1a: Bronzong
|-damage|p1a: Bronzong|9\/338
|-resisted|p1a: Bronzong
|-damage|p1a: Bronzong|0 fnt
|-hitcount|p1a: Bronzong|2
|faint|p1a: Bronzong
|
|-damage|p2a: Cloyster|152\/242 tox|[from] psn
|callback|decision
|chat|WildWolve57|DAYUUMMMM
|
|switch|p1a: Talonflame|Talonflame, M|298\/298
|turn|11
|callback|decision
|chat|Erasthamus|Ouch
|chat|Aleccat|idk
|
|move|p1a: Talonflame|Brave Bird|p2a: Cloyster
|-damage|p2a: Cloyster|0 fnt
|-damage|p1a: Talonflame|248\/298|[from] recoil|[of] p2a: Cloyster
|-damage|p1a: Talonflame|219\/298|[from] item: Life Orb
|faint|p2a: Cloyster
|
|callback|decision
|chat|Erasthamus|LO Talon?
|
|switch|p2a: Latios|Latios, M|302\/302
|turn|12
|callback|decision
|chat|Erasthamus|Huh
|chat|AChamp-Aero|but i will root for **TERRA** since he took on the league and finished with 20 badges, 8 elites, and 3 frontiers
|chat|AChamp-Aero|lol
|chat|WildWolve57|lol
|chat|terra1396|hmm what to do
|
|switch|p1a: Genesect|Genesect|262\/262
|move|p2a: Latios|Thunderbolt|p1a: Genesect
|replace|p1a: Zoroark|Zoroark, F|262\/262
|-damage|p1a: Zoroark|62\/262
|-damage|p2a: Latios|272\/302|[from] item: Life Orb
|
|turn|13
|callback|decision
|chat|UberGamer|Hey, there weren't that much stuff when I beat the league, lol
|
|move|p2a: Latios|Surf|p1a: Zoroark
|-damage|p1a: Zoroark|0 fnt
|-damage|p2a: Latios|242\/302|[from] item: Life Orb
|faint|p1a: Zoroark
|
|callback|decision
|
|switch|p1a: Genesect|Genesect|145\/284
|-boost|p1a: Genesect|atk|1|[from] ability: Download
|turn|14
|callback|decision
|
|switch|p2a: Deoxys-Defense|Deoxys-Defense|304\/304
|-ability|p2a: Deoxys-Defense|Pressure
|move|p1a: Genesect|U-turn|p2a: Deoxys-Defense
|-crit|p2a: Deoxys-Defense
|-supereffective|p2a: Deoxys-Defense
|-damage|p2a: Deoxys-Defense|26\/304
|callback|decision
|chat|WildWolve57|I wasn't even there when UberGamer won XD
|chat|Erasthamus|Ouch
|
|switch|p1a: Scolipede|Scolipede, M|324\/324
|
|-heal|p2a: Deoxys-Defense|45\/304|[from] item: Leftovers
|turn|15
|callback|decision
|chat|UberGamer|Ahh, bad call
|chat|WildWolve57|so I am rooting for both
|
|move|p1a: Scolipede|Swords Dance|p1a: Scolipede
|-boost|p1a: Scolipede|atk|2
|move|p2a: Deoxys-Defense|Recover|p2a: Deoxys-Defense
|-heal|p2a: Deoxys-Defense|197\/304
|
|-heal|p2a: Deoxys-Defense|216\/304|[from] item: Leftovers
|-boost|p1a: Scolipede|spe|1|[from] ability: Speed Boost
|turn|16
|callback|decision
|chat|UberGamer|But I will survive
|chat|UberGamer|Until, you know, X-Scisor
|chat|Erasthamus|Lol
|
|move|p1a: Scolipede|Megahorn|p2a: Deoxys-Defense
|-supereffective|p2a: Deoxys-Defense
|-damage|p2a: Deoxys-Defense|0 fnt
|faint|p2a: Deoxys-Defense
|
|-sideend|p1: terra1396|Reflect
|-boost|p1a: Scolipede|spe|1|[from] ability: Speed Boost
|callback|decision
|chat|Erasthamus|Or megahorn
|chat|Erasthamus|Oop
|chat|UberGamer|That too
|chat|WildWolve57|baton pass doe :3
|
|switch|p2a: Conkeldurr|Conkeldurr, F|398\/398
|turn|17
|callback|decision
|join|DarknessReigns
|join|Forbidden Doku
|chat|WildWolve57|DARKNESS
|join|â¥~kjnm~â¥
|chat|DarknessReigns|CLUMZZY
|chat|DarknessReigns|o3o
|chat|WildWolve57|o3o
|
|move|p1a: Scolipede|Swords Dance|p1a: Scolipede
|-boost|p1a: Scolipede|atk|2
|move|p2a: Conkeldurr|Ice Punch|p1a: Scolipede
|-damage|p1a: Scolipede|211\/324
|
|-boost|p1a: Scolipede|spe|1|[from] ability: Speed Boost
|turn|18
|callback|decision
|join|Rodocapopokemon9
|chat|DarknessReigns|ouo
|
|move|p1a: Scolipede|Earthquake|p2a: Conkeldurr
|-damage|p2a: Conkeldurr|131\/398
|move|p2a: Conkeldurr|Bulk Up|p2a: Conkeldurr
|-boost|p2a: Conkeldurr|atk|1
|-boost|p2a: Conkeldurr|def|1
|
|-heal|p2a: Conkeldurr|155\/398|[from] item: Leftovers
|-boost|p1a: Scolipede|spe|1|[from] ability: Speed Boost
|turn|19
|callback|decision
|chat|WildWolve57|ouo
|chat|UberGamer|Shit, should have gone straight to bulk up
|
|switch|p2a: Latios|Latios, M|242\/302
|move|p1a: Scolipede|Earthquake|p2a: Latios
|-immune|p2a: Latios|[msg]
|
|-boost|p1a: Scolipede|spe|1|[from] ability: Speed Boost
|turn|20
|callback|decision
|chat|AChamp-Aero|all yall gon be famous when i publish this :I
|
|switch|p2a: Conkeldurr|Conkeldurr, F|155\/398
|move|p1a: Scolipede|Megahorn|p2a: Conkeldurr|[miss]
|-miss|p1a: Scolipede|p2a: Conkeldurr
|
|-heal|p2a: Conkeldurr|179\/398|[from] item: Leftovers
|-boost|p1a: Scolipede|spe|1|[from] ability: Speed Boost
|turn|21
|callback|decision
|chat|DarknessReigns|scoli sweep
|
|move|p2a: Conkeldurr|Mach Punch|p1a: Scolipede
|-resisted|p1a: Scolipede
|-damage|p1a: Scolipede|195\/324
|move|p1a: Scolipede|Earthquake|p2a: Conkeldurr
|-damage|p2a: Conkeldurr|0 fnt
|faint|p2a: Conkeldurr
|
|callback|decision
|chat|Erasthamus|Aren't they already?
|chat|WildWolve57|inb4 batonpass
|chat|DarknessReigns|lol
|
|switch|p2a: Mandibuzz|Mandibuzz, F|378\/424
|turn|22
|callback|decision
|chat|UberGamer|Welp, shit
|chat|UberGamer|Gg
|chat|DarknessReigns|gg
|
|move|p1a: Scolipede|Megahorn|p2a: Mandibuzz
|-damage|p2a: Mandibuzz|81\/424
|move|p2a: Mandibuzz|Whirlwind|p1a: Scolipede
|drag|p1a: Genesect|Genesect|145\/284
|-boost|p1a: Genesect|spa|1|[from] ability: Download
|
|-heal|p2a: Mandibuzz|107\/424|[from] item: Leftovers
|turn|23
|callback|decision
|chat|Erasthamus|Pass at this point is terrifying haha
|chat|terra1396|gg
|chat|UberGamer|Really...
|chat|WildWolve57|gg\
|chat|DarknessReigns|lel
|join|Altilt
|chat|WildWolve57|DAYUUMMM
|chat|UberGamer|I can survive taht....
|chat|AChamp-Aero|dammm
|chat|ALeader Hoaxer|gj
|chat|UberGamer|If I would have known that, hmm
|chat|UberGamer|I want a rematch, lol
|chat|DarknessReigns|Mandibuzz is too bulky
|
|move|p1a: Genesect|Bug Buzz|p2a: Mandibuzz
|-damage|p2a: Mandibuzz|0 fnt
|faint|p2a: Mandibuzz
|
|callback|decision
|chat|DarknessReigns|gg
|
|switch|p2a: Latios|Latios, M|242\/302
|turn|24
|callback|decision
|
|move|p1a: Genesect|Bug Buzz|p2a: Latios
|-supereffective|p2a: Latios
|-damage|p2a: Latios|0 fnt
|faint|p2a: Latios
|
|win|terra1396
|chat|Erasthamus|Could be min\/max shenanigans
|chat|Erasthamus|gg
|chat|UberGamer|Gg
|leave|DarknessReigns
|chat|terra1396|phew gg
|leave|Altilt
|leave|Core poppop
|chat|AChamp-Aero|gg tho
|chat|UberGamer|Wow, I'm out of practice
|chat|Erasthamus|With this team or in general?
|leave|terra1396
|player|p1
|leave|ALeader Hoaxer
|leave|â¥~kjnm~â¥
|chat|UberGamer|This team Eras
|chat|Erasthamus|Yeah
|leave|AChamp-Aero
|join|â Gym Ldr. Kswissâ 
|leave|Rodocapopokemon9
|leave|â Gym Ldr. Kswissâ 
|leave|leader im mr. wall
|leave|Erasthamus
|join|Erasthamus
|leave|UberGamer
|player|p2
|leave|Forbidden Doku
|leave|Erasthamus
|join|terra1396