|join|Jinzetsu
|join|Darth Venomous
|player|p1|Jinzetsu|2
|player|p2|Darth Venomous|1
|gametype|singles
|gen|6
|tier|OU
|rated
|clearpoke
|poke|p1|Heatran, M
|poke|p1|Azumarill, M
|poke|p1|Landorus-Therian, M
|poke|p1|Talonflame, M
|poke|p1|Kyurem-Black
|poke|p1|Scizor, M
|poke|p2|Throh, M
|poke|p2|Skarmory, F
|poke|p2|Lanturn, M
|poke|p2|Heatran, F
|poke|p2|Trevenant, M
|poke|p2|Metagross
|rule|Swagger Clause: Swagger is banned
|rule|Baton Pass Clause: Limit one PokÃ©mon knowing Baton Pass
|rule|Sleep Clause Mod: Limit one foe put to sleep
|rule|Species Clause: Limit one of each PokÃ©mon
|rule|OHKO Clause: OHKO moves are banned
|rule|Moody Clause: Moody is banned
|rule|Evasion Moves Clause: Evasion moves are banned
|rule|Endless Battle Clause: Forcing endless battles is banned
|rule|HP Percentage Mod: HP is shown in percentages
|teampreview
|
|start
|switch|p1a: Kyurem-Black|Kyurem-Black|391\/391
|switch|p2a: Heatran|Heatran, F|385\/385
|-ability|p1a: Kyurem-Black|Teravolt
|turn|1
|join|dusto66
|
|switch|p2a: Throh|Throh, M|444\/444
|move|p1a: Kyurem-Black|Fusion Bolt|p2a: Throh
|-damage|p2a: Throh|200\/444
|-damage|p1a: Kyurem-Black|352\/391|[from] item: Life Orb
|
|-heal|p2a: Throh|227\/444|[from] item: Leftovers
|turn|2
|
|switch|p2a: Lanturn|Lanturn, M|446\/446
|move|p1a: Kyurem-Black|Dragon Claw|p2a: Lanturn
|-damage|p2a: Lanturn|157\/446
|-damage|p1a: Kyurem-Black|313\/391|[from] item: Life Orb
|
|-heal|p2a: Lanturn|184\/446|[from] item: Leftovers
|turn|3
|
|move|p1a: Kyurem-Black|Dragon Claw|p2a: Lanturn
|-damage|p2a: Lanturn|0 fnt
|-damage|p1a: Kyurem-Black|274\/391|[from] item: Life Orb
|faint|p2a: Lanturn
|
|
|switch|p2a: Metagross|Metagross|358\/358
|turn|4
|
|detailschange|p2a: Metagross|Metagross-Mega
|message|Metagross has Mega Evolved into Mega Metagross!
|move|p2a: Metagross|Pursuit|p1a: Kyurem-Black|[from]Pursuit
|-damage|p1a: Kyurem-Black|122\/391
|switch|p1a: Landorus-Therian|Landorus-Therian, M|320\/320
|-ability|p1a: Landorus-Therian|Intimidate|[of] p2a: Metagross
|-unboost|p2a: Metagross|atk|1
|
|turn|5
|
|switch|p2a: Skarmory|Skarmory, F|331\/331
|move|p1a: Landorus-Therian|Knock Off|p2a: Skarmory
|-damage|p2a: Skarmory|246\/331
|-enditem|p2a: Skarmory|Shed Shell|[from] move: Knock Off|[of] p1a: Landorus-Therian
|
|turn|6
|
|switch|p1a: Kyurem-Black|Kyurem-Black|122\/391
|-ability|p1a: Kyurem-Black|Teravolt
|move|p2a: Skarmory|Spikes|p1a: Kyurem-Black
|-sidestart|p1: Jinzetsu|Spikes
|
|turn|7
|
|switch|p2a: Heatran|Heatran, F|385\/385
|move|p1a: Kyurem-Black|Roost|p1a: Kyurem-Black
|-heal|p1a: Kyurem-Black|318\/391
|
|turn|8
|
|move|p1a: Kyurem-Black|Fusion Bolt|p2a: Heatran
|-damage|p2a: Heatran|171\/385
|-damage|p1a: Kyurem-Black|279\/391|[from] item: Life Orb
|move|p2a: Heatran|Stealth Rock|p1a: Kyurem-Black
|-sidestart|p1: Jinzetsu|move: Stealth Rock
|
|-heal|p2a: Heatran|195\/385|[from] item: Leftovers
|turn|9
|
|move|p2a: Heatran|Protect|p2a: Heatran
|-singleturn|p2a: Heatran|Protect
|move|p1a: Kyurem-Black|Fusion Bolt|p2a: Heatran
|-activate|p2a: Heatran|Protect
|
|-heal|p2a: Heatran|219\/385|[from] item: Leftovers
|turn|10
|
|switch|p2a: Trevenant|Trevenant, M|360\/360
|move|p1a: Kyurem-Black|Fusion Bolt|p2a: Trevenant
|-resisted|p2a: Trevenant
|-damage|p2a: Trevenant|259\/360
|-damage|p1a: Kyurem-Black|240\/391|[from] item: Life Orb
|
|-heal|p2a: Trevenant|281\/360|[from] item: Leftovers
|turn|11
|
|switch|p2a: Heatran|Heatran, F|219\/385
|move|p1a: Kyurem-Black|Dragon Claw|p2a: Heatran
|-resisted|p2a: Heatran
|-damage|p2a: Heatran|106\/385
|-damage|p1a: Kyurem-Black|201\/391|[from] item: Life Orb
|
|-heal|p2a: Heatran|130\/385|[from] item: Leftovers
|turn|12
|
|move|p1a: Kyurem-Black|Roost|p1a: Kyurem-Black
|-heal|p1a: Kyurem-Black|391\/391
|move|p2a: Heatran|Roar|p1a: Kyurem-Black
|drag|p1a: Landorus-Therian|Landorus-Therian, M|320\/320
|-damage|p1a: Landorus-Therian|280\/320|[from] Stealth Rock
|-ability|p1a: Landorus-Therian|Intimidate|[of] p2a: Heatran
|-unboost|p2a: Heatran|atk|1
|
|-heal|p2a: Heatran|154\/385|[from] item: Leftovers
|turn|13
|
|move|p2a: Heatran|Protect|p2a: Heatran
|-singleturn|p2a: Heatran|Protect
|move|p1a: Landorus-Therian|Superpower|p2a: Heatran
|-activate|p2a: Heatran|Protect
|
|-heal|p2a: Heatran|178\/385|[from] item: Leftovers
|turn|14
|
|switch|p1a: Kyurem-Black|Kyurem-Black|391\/391
|-damage|p1a: Kyurem-Black|294\/391|[from] Stealth Rock
|-damage|p1a: Kyurem-Black|246\/391|[from] Spikes
|-ability|p1a: Kyurem-Black|Teravolt
|move|p2a: Heatran|Roar|p1a: Kyurem-Black
|drag|p1a: Landorus-Therian|Landorus-Therian, M|280\/320
|-damage|p1a: Landorus-Therian|240\/320|[from] Stealth Rock
|-ability|p1a: Landorus-Therian|Intimidate|[of] p2a: Heatran
|-unboost|p2a: Heatran|atk|1
|
|-heal|p2a: Heatran|202\/385|[from] item: Leftovers
|turn|15
|
|move|p1a: Landorus-Therian|Knock Off|p2a: Heatran
|-damage|p2a: Heatran|72\/385
|-enditem|p2a: Heatran|Leftovers|[from] move: Knock Off|[of] p1a: Landorus-Therian
|move|p2a: Heatran|Lava Plume|p1a: Landorus-Therian
|-damage|p1a: Landorus-Therian|105\/320
|
|turn|16
|
|move|p1a: Landorus-Therian|Knock Off|p2a: Heatran
|-damage|p2a: Heatran|0 fnt
|faint|p2a: Heatran
|
|
|switch|p2a: Skarmory|Skarmory, F|246\/331
|turn|17
|
|switch|p1a: Talonflame|Talonflame, M|298\/298
|-damage|p1a: Talonflame|149\/298|[from] Stealth Rock
|move|p2a: Skarmory|Whirlwind|p1a: Talonflame
|drag|p1a: Scizor|Scizor, M|281\/281
|-damage|p1a: Scizor|246\/281|[from] Stealth Rock
|-damage|p1a: Scizor|211\/281|[from] Spikes
|
|turn|18
|
|detailschange|p1a: Scizor|Scizor-Mega, M
|message|Scizor has Mega Evolved into Mega Scizor!
|move|p1a: Scizor|Superpower|p2a: Skarmory
|-damage|p2a: Skarmory|154\/331
|-unboost|p1a: Scizor|atk|1
|-unboost|p1a: Scizor|def|1
|move|p2a: Skarmory|Spikes|p1a: Scizor
|-sidestart|p1: Jinzetsu|Spikes
|
|turn|19
|
|move|p1a: Scizor|Swords Dance|p1a: Scizor
|-boost|p1a: Scizor|atk|2
|move|p2a: Skarmory|Roost|p2a: Skarmory
|-heal|p2a: Skarmory|320\/331
|
|turn|20
|
|move|p1a: Scizor|Bug Bite|p2a: Skarmory
|-resisted|p2a: Skarmory
|-damage|p2a: Skarmory|280\/331
|move|p2a: Skarmory|Whirlwind|p1a: Scizor
|drag|p1a: Talonflame|Talonflame, M|149\/298
|-damage|p1a: Talonflame|0 fnt|[from] Stealth Rock
|faint|p1a: Talonflame
|
|
|switch|p1a: Landorus-Therian|Landorus-Therian, M|105\/320
|-damage|p1a: Landorus-Therian|65\/320|[from] Stealth Rock
|-ability|p1a: Landorus-Therian|Intimidate|[of] p2a: Skarmory
|-unboost|p2a: Skarmory|atk|1
|turn|21
|
|move|p1a: Landorus-Therian|Rock Slide|p2a: Skarmory
|-damage|p2a: Skarmory|223\/331
|cant|p2a: Skarmory|flinch
|
|turn|22
|
|move|p1a: Landorus-Therian|Rock Slide|p2a: Skarmory
|-damage|p2a: Skarmory|162\/331
|move|p2a: Skarmory|Spikes|p1a: Landorus-Therian
|-sidestart|p1: Jinzetsu|Spikes
|
|turn|23
|
|move|p1a: Landorus-Therian|Rock Slide|p2a: Skarmory
|-damage|p2a: Skarmory|96\/331
|move|p2a: Skarmory|Roost|p2a: Skarmory
|-heal|p2a: Skarmory|262\/331
|
|turn|24
|
|switch|p1a: Heatran|Heatran, M|323\/323
|-damage|p1a: Heatran|243\/323|[from] Spikes
|-damage|p1a: Heatran|203\/323|[from] Stealth Rock
|move|p2a: Skarmory|Brave Bird|p1a: Heatran
|-crit|p1a: Heatran
|-resisted|p1a: Heatran
|-damage|p1a: Heatran|121\/323
|-damage|p2a: Skarmory|235\/331|[from] recoil|[of] p1a: Heatran
|
|turn|25
|
|switch|p2a: Throh|Throh, M|227\/444
|move|p1a: Heatran|Flamethrower|p2a: Throh
|-damage|p2a: Throh|97\/444
|
|-heal|p2a: Throh|124\/444|[from] item: Leftovers
|turn|26
|
|move|p1a: Heatran|Flamethrower|p2a: Throh
|-damage|p2a: Throh|0 fnt
|faint|p2a: Throh
|
|
|switch|p2a: Metagross|Metagross-Mega|358\/358
|turn|27
|
|move|p1a: Heatran|Flamethrower|p2a: Metagross
|-supereffective|p2a: Metagross
|-damage|p2a: Metagross|56\/358
|move|p2a: Metagross|Earthquake|p1a: Heatran
|-supereffective|p1a: Heatran
|-damage|p1a: Heatran|0 fnt
|faint|p1a: Heatran
|
|
|switch|p1a: Landorus-Therian|Landorus-Therian, M|65\/320
|-damage|p1a: Landorus-Therian|25\/320|[from] Stealth Rock
|-ability|p1a: Landorus-Therian|Intimidate|[of] p2a: Metagross
|-unboost|p2a: Metagross|atk|1
|turn|28
|
|switch|p2a: Skarmory|Skarmory, F|235\/331
|move|p1a: Landorus-Therian|Rock Slide|p2a: Skarmory
|-damage|p2a: Skarmory|179\/331
|
|turn|29
|
|move|p1a: Landorus-Therian|Rock Slide|p2a: Skarmory
|-crit|p2a: Skarmory
|-damage|p2a: Skarmory|95\/331
|cant|p2a: Skarmory|flinch
|
|turn|30
|
|move|p1a: Landorus-Therian|Rock Slide|p2a: Skarmory
|-damage|p2a: Skarmory|37\/331
|cant|p2a: Skarmory|flinch
|
|turn|31
|
|move|p1a: Landorus-Therian|Rock Slide|p2a: Skarmory
|-damage|p2a: Skarmory|0 fnt
|faint|p2a: Skarmory
|
|
|switch|p2a: Trevenant|Trevenant, M|281\/360
|turn|32
|
|move|p1a: Landorus-Therian|Rock Slide|p2a: Trevenant
|-damage|p2a: Trevenant|185\/360
|cant|p2a: Trevenant|flinch
|
|-heal|p2a: Trevenant|207\/360|[from] item: Leftovers
|turn|33
|
|move|p1a: Landorus-Therian|Rock Slide|p2a: Trevenant
|-damage|p2a: Trevenant|106\/360
|move|p2a: Trevenant|Rest|p2a: Trevenant
|-status|p2a: Trevenant|slp
|-heal|p2a: Trevenant|360\/360 slp|[silent]
|-status|p2a: Trevenant|slp|[from] move: Rest
|
|turn|34
|
|switch|p2a: Metagross|Metagross-Mega|56\/358
|move|p1a: Landorus-Therian|Rock Slide|p2a: Metagross
|-resisted|p2a: Metagross
|-damage|p2a: Metagross|22\/358
|
|turn|35
|
|switch|p2a: Trevenant|Trevenant, M|360\/360
|move|p1a: Landorus-Therian|Rock Slide|p2a: Trevenant
|-miss|p1a: Landorus-Therian|p2a: Trevenant
|
|turn|36
|
|move|p1a: Landorus-Therian|Rock Slide|p2a: Trevenant
|-damage|p2a: Trevenant|257\/360
|cant|p2a: Trevenant|flinch
|
|-heal|p2a: Trevenant|279\/360|[from] item: Leftovers
|turn|37
|
|move|p1a: Landorus-Therian|Rock Slide|p2a: Trevenant
|-damage|p2a: Trevenant|184\/360
|move|p2a: Trevenant|Leech Seed|p1a: Landorus-Therian
|-start|p1a: Landorus-Therian|move: Leech Seed
|
|-heal|p2a: Trevenant|206\/360|[from] item: Leftovers
|-damage|p1a: Landorus-Therian|0 fnt|[from] Leech Seed|[of] p2a: Trevenant
|-heal|p2a: Trevenant|231\/360|[silent]
|faint|p1a: Landorus-Therian
|
|switch|p1a: Scizor|Scizor-Mega, M|211\/281
|-damage|p1a: Scizor|176\/281|[from] Stealth Rock
|-damage|p1a: Scizor|106\/281|[from] Spikes
|turn|38
|
|move|p1a: Scizor|Bullet Punch|p2a: Trevenant
|-damage|p2a: Trevenant|104\/360
|move|p2a: Trevenant|Will-O-Wisp|p1a: Scizor
|-status|p1a: Scizor|brn
|
|-heal|p2a: Trevenant|126\/360|[from] item: Leftovers
|-damage|p1a: Scizor|71\/281 brn|[from] brn
|turn|39
|
|move|p1a: Scizor|Bullet Punch|p2a: Trevenant
|-damage|p2a: Trevenant|71\/360
|move|p2a: Trevenant|Rest|p2a: Trevenant
|-status|p2a: Trevenant|slp
|-heal|p2a: Trevenant|360\/360 slp|[silent]
|-status|p2a: Trevenant|slp|[from] move: Rest
|
|-damage|p1a: Scizor|36\/281 brn|[from] brn
|turn|40
|
|switch|p2a: Metagross|Metagross-Mega|22\/358
|move|p1a: Scizor|Bug Bite|p2a: Metagross
|-damage|p2a: Metagross|0 fnt
|faint|p2a: Metagross
|
|-damage|p1a: Scizor|1\/281 brn|[from] brn
|
|switch|p2a: Trevenant|Trevenant, M|360\/360
|turn|41
|
|move|p1a: Scizor|Bug Bite|p2a: Trevenant
|-damage|p2a: Trevenant|269\/360
|move|p2a: Trevenant|Shadow Claw|p1a: Scizor
|-damage|p1a: Scizor|0 fnt
|faint|p1a: Scizor
|
|-heal|p2a: Trevenant|291\/360|[from] item: Leftovers
|
|switch|p1a: Azumarill|Azumarill, M|404\/404
|-damage|p1a: Azumarill|303\/404|[from] Spikes
|-damage|p1a: Azumarill|253\/404|[from] Stealth Rock
|turn|42
|
|move|p2a: Trevenant|Will-O-Wisp|p1a: Azumarill|[miss]
|-miss|p2a: Trevenant|p1a: Azumarill
|move|p1a: Azumarill|Knock Off|p2a: Trevenant
|-supereffective|p2a: Trevenant
|-damage|p2a: Trevenant|0 fnt
|-enditem|p2a: Trevenant|Leftovers|[from] move: Knock Off|[of] p1a: Azumarill
|faint|p2a: Trevenant
|
|win|Jinzetsu
|raw|Ladder updating...
|leave|Darth Venomous
|player|p2
|raw|Jinzetsu's rating: 1295 &rarr; <strong>1320<\/strong><br \/>(+25 for winning)
|raw|Darth Venomous's rating: 1290 &rarr; <strong>1265<\/strong><br \/>(-25 for losing)
|leave|dusto66
|leave|Jinzetsu
|player|p1
|join|Jinzetsu