|join|Darth Venomous
|join|lil manaphy
|player|p1|Darth Venomous|102
|player|p2|lil manaphy|8
|gametype|singles
|gen|6
|tier|OU
|rated
|clearpoke
|poke|p1|Rotom-Wash
|poke|p1|Conkeldurr, F
|poke|p1|Gengar, M
|poke|p1|Scizor, F
|poke|p1|Gyarados, F
|poke|p1|Sceptile, F
|poke|p2|Lopunny, F
|poke|p2|Rotom-Wash
|poke|p2|Gothitelle, F
|poke|p2|Mandibuzz, F
|poke|p2|Chansey, F
|poke|p2|Celebi
|rule|Swagger Clause: Swagger is banned
|rule|Baton Pass Clause: Limit one PokÃ©mon knowing Baton Pass
|rule|Sleep Clause Mod: Limit one foe put to sleep
|rule|Species Clause: Limit one of each PokÃ©mon
|rule|OHKO Clause: OHKO moves are banned
|rule|Moody Clause: Moody is banned
|rule|Evasion Moves Clause: Evasion moves are banned
|rule|Endless Battle Clause: Forcing endless battles is banned
|rule|HP Percentage Mod: HP is shown in percentages
|teampreview
|
|start
|switch|p1a: Sceptile|Sceptile, F|281\/281
|switch|p2a: Rotom-Wash|Rotom-Wash|303\/303
|turn|1
|
|switch|p2a: Chansey|Chansey, F|704\/704
|detailschange|p1a: Sceptile|Sceptile-Mega, F
|message|Sceptile has Mega Evolved into Mega Sceptile!
|move|p1a: Sceptile|Leaf Storm|p2a: Chansey
|-damage|p2a: Chansey|538\/704
|-unboost|p1a: Sceptile|spa|2
|
|turn|2
|
|switch|p1a: Scizor|Scizor, F|281\/281
|move|p2a: Chansey|Stealth Rock|p1a: Scizor
|-sidestart|p1: Darth Venomous|move: Stealth Rock
|
|turn|3
|
|switch|p2a: Mandibuzz|Mandibuzz, F|424\/424
|move|p1a: Scizor|U-turn|p2a: Mandibuzz
|-damage|p2a: Mandibuzz|283\/424
|
|switch|p1a: Rotom-Wash|Rotom-Wash|241\/241
|-damage|p1a: Rotom-Wash|211\/241|[from] Stealth Rock
|
|-heal|p2a: Mandibuzz|309\/424|[from] item: Leftovers
|turn|4
|
|switch|p2a: Celebi|Celebi|404\/404
|move|p1a: Rotom-Wash|Trick|p2a: Celebi
|-activate|p1a: Rotom-Wash|move: Trick|[of] p2a: Celebi
|-item|p2a: Celebi|Choice Scarf|[from] move: Trick
|-item|p1a: Rotom-Wash|Leftovers|[from] move: Trick
|
|-heal|p1a: Rotom-Wash|226\/241|[from] item: Leftovers
|turn|5
|
|move|p2a: Celebi|Giga Drain|p1a: Rotom-Wash
|-crit|p1a: Rotom-Wash
|-supereffective|p1a: Rotom-Wash
|-damage|p1a: Rotom-Wash|0 fnt
|faint|p1a: Rotom-Wash
|
|-message|Darth Venomous forfeited.
|
|win|lil manaphy
|raw|Ladder updating...
|leave|Darth Venomous
|player|p1