|join|Darth Venomous
|join|King0fKnights
|player|p1|Darth Venomous|102
|player|p2|King0fKnights|249
|gametype|singles
|gen|6
|tier|OU
|rated
|clearpoke
|poke|p1|Rotom-Wash
|poke|p1|Conkeldurr, F
|poke|p1|Gengar, M
|poke|p1|Scizor, F
|poke|p1|Charizard, M
|poke|p1|Azumarill, M
|poke|p2|Bisharp, F
|poke|p2|Gengar, F
|poke|p2|Magnezone
|poke|p2|Sylveon, M
|poke|p2|Chesnaught, M
|poke|p2|Gallade, M
|rule|Swagger Clause: Swagger is banned
|rule|Baton Pass Clause: Limit one PokÃ©mon knowing Baton Pass
|rule|Sleep Clause Mod: Limit one foe put to sleep
|rule|Species Clause: Limit one of each PokÃ©mon
|rule|OHKO Clause: OHKO moves are banned
|rule|Moody Clause: Moody is banned
|rule|Evasion Moves Clause: Evasion moves are banned
|rule|Endless Battle Clause: Forcing endless battles is banned
|rule|HP Percentage Mod: HP is shown in percentages
|teampreview
|
|start
|switch|p1a: Charizard|Charizard, M|297\/297
|switch|p2a: Maggie|Magnezone|282\/282
|turn|1
|
|detailschange|p1a: Charizard|Charizard-Mega-Y, M
|message|Charizard has Mega Evolved into Mega Charizard!
|-weather|SunnyDay
|move|p2a: Maggie|Volt Switch|p1a: Charizard
|-supereffective|p1a: Charizard
|-damage|p1a: Charizard|91\/297
|
|switch|p2a: Sylvy|Sylveon, M|394\/394
|move|p1a: Charizard|Flamethrower|p2a: Sylvy
|-damage|p2a: Sylvy|237\/394
|
|-weather|SunnyDay|[upkeep]
|-heal|p2a: Sylvy|261\/394|[from] item: Leftovers
|turn|2
|
|move|p1a: Charizard|Flamethrower|p2a: Sylvy
|-damage|p2a: Sylvy|92\/394
|move|p2a: Sylvy|Hyper Voice|p1a: Charizard
|-resisted|p1a: Charizard
|-damage|p1a: Charizard|22\/297
|
|-weather|SunnyDay|[upkeep]
|-heal|p2a: Sylvy|116\/394|[from] item: Leftovers
|turn|3
|
|move|p2a: Sylvy|Protect|p2a: Sylvy
|-singleturn|p2a: Sylvy|Protect
|move|p1a: Charizard|Flamethrower|p2a: Sylvy
|-activate|p2a: Sylvy|Protect
|
|-weather|SunnyDay|[upkeep]
|-heal|p2a: Sylvy|140\/394|[from] item: Leftovers
|turn|4
|
|move|p1a: Charizard|Flamethrower|p2a: Sylvy
|-damage|p2a: Sylvy|0 fnt
|faint|p2a: Sylvy
|
|-weather|SunnyDay|[upkeep]
|
|switch|p2a: Maggie|Magnezone|282\/282
|turn|5
|
|switch|p1a: Rotom-Wash|Rotom-Wash|241\/241
|move|p2a: Maggie|Volt Switch|p1a: Rotom-Wash
|-damage|p1a: Rotom-Wash|118\/241
|
|switch|p2a: Gringar|Gengar, F|262\/262
|
|-weather|none
|turn|6
|
|move|p1a: Rotom-Wash|Volt Switch|p2a: Gringar
|-damage|p2a: Gringar|132\/262
|
|switch|p1a: Scizor|Scizor, F|281\/281
|move|p2a: Gringar|Shadow Ball|p1a: Scizor
|-damage|p1a: Scizor|119\/281
|
|-heal|p2a: Gringar|148\/262|[from] item: Black Sludge
|turn|7
|
|switch|p2a: Maggie|Magnezone|282\/282
|move|p1a: Scizor|U-turn|p2a: Maggie
|-resisted|p2a: Maggie
|-damage|p2a: Maggie|185\/282
|
|switch|p1a: Rotom-Wash|Rotom-Wash|118\/241
|
|turn|8
|
|move|p1a: Rotom-Wash|Hydro Pump|p2a: Maggie
|-damage|p2a: Maggie|0 fnt
|faint|p2a: Maggie
|
|
|switch|p2a: Kintoki|Gallade, M|277\/277
|turn|9
|
|detailschange|p2a: Kintoki|Gallade-Mega, M
|message|Gallade has Mega Evolved into Mega Gallade!
|move|p1a: Rotom-Wash|Hydro Pump|p2a: Kintoki
|-crit|p2a: Kintoki
|-damage|p2a: Kintoki|54\/277
|move|p2a: Kintoki|Drain Punch|p1a: Rotom-Wash
|-damage|p1a: Rotom-Wash|0 fnt
|-heal|p2a: Kintoki|113\/277|[from] drain|[of] p1a: Rotom-Wash
|faint|p1a: Rotom-Wash
|
|
|switch|p1a: Scizor|Scizor, F|119\/281
|turn|10
|
|switch|p2a: Hibito|Chesnaught, M|380\/380
|move|p1a: Scizor|Bullet Punch|p2a: Hibito
|-damage|p2a: Hibito|271\/380
|-damage|p1a: Scizor|73\/281|[from] item: Rocky Helmet|[of] p2a: Hibito
|
|turn|11
|
|switch|p1a: Gengar|Gengar, M|261\/261
|move|p2a: Hibito|Leech Seed|p1a: Gengar
|-start|p1a: Gengar|move: Leech Seed
|
|-damage|p1a: Gengar|229\/261|[from] Leech Seed|[of] p2a: Hibito
|-heal|p2a: Hibito|303\/380|[silent]
|turn|12
|
|switch|p1a: Charizard|Charizard-Mega-Y, M|22\/297
|-weather|SunnyDay
|move|p2a: Hibito|Spiky Shield|p2a: Hibito
|-fail|p2a: Hibito
|
|-weather|SunnyDay|[upkeep]
|turn|13
|
|move|p1a: Charizard|Flamethrower|p2a: Hibito
|-supereffective|p2a: Hibito
|-damage|p2a: Hibito|0 fnt
|faint|p2a: Hibito
|
|-weather|SunnyDay|[upkeep]
|
|switch|p2a: Gringar|Gengar, F|148\/262
|turn|14
|
|move|p2a: Gringar|Shadow Ball|p1a: Charizard
|-damage|p1a: Charizard|0 fnt
|faint|p1a: Charizard
|
|-weather|SunnyDay|[upkeep]
|-heal|p2a: Gringar|164\/262|[from] item: Black Sludge
|
|switch|p1a: Conkeldurr|Conkeldurr, F|410\/410
|turn|15
|
|move|p2a: Gringar|Substitute|p2a: Gringar
|-start|p2a: Gringar|Substitute
|-damage|p2a: Gringar|99\/262
|move|p1a: Conkeldurr|Knock Off|p2a: Gringar
|-supereffective|p2a: Gringar
|-end|p2a: Gringar|Substitute
|
|-weather|SunnyDay|[upkeep]
|-heal|p2a: Gringar|115\/262|[from] item: Black Sludge
|turn|16
|
|move|p2a: Gringar|Disable|p1a: Conkeldurr
|-start|p1a: Conkeldurr|Disable|Knock Off
|move|p1a: Conkeldurr|Ice Punch|p2a: Gringar
|-damage|p2a: Gringar|0 fnt
|faint|p2a: Gringar
|
|-weather|none
|
|switch|p2a: Kintoki|Gallade-Mega, M|113\/277
|turn|17
|
|switch|p1a: Gengar|Gengar, M|229\/261
|move|p2a: Kintoki|Drain Punch|p1a: Gengar
|-immune|p1a: Gengar|[msg]
|
|turn|18
|
|switch|p2a: Shin|Bisharp, F|272\/272
|move|p1a: Gengar|Focus Blast|p2a: Shin|[miss]
|-miss|p1a: Gengar|p2a: Shin
|
|turn|19
|
|switch|p2a: Kintoki|Gallade-Mega, M|113\/277
|move|p1a: Gengar|Focus Blast|p2a: Kintoki
|-crit|p2a: Kintoki
|-resisted|p2a: Kintoki
|-damage|p2a: Kintoki|0 fnt
|-damage|p1a: Gengar|203\/261|[from] item: Life Orb
|faint|p2a: Kintoki
|
|c|âKing0fKnights|geez your so lucky
|
|switch|p2a: Shin|Bisharp, F|272\/272
|turn|20
|
|move|p2a: Shin|Sucker Punch|p1a: Gengar
|-supereffective|p1a: Gengar
|-damage|p1a: Gengar|0 fnt
|-damage|p2a: Shin|245\/272|[from] item: Life Orb
|faint|p1a: Gengar
|
|
|switch|p1a: Conkeldurr|Conkeldurr, F|410\/410
|turn|21
|
|move|p2a: Shin|Iron Head|p1a: Conkeldurr
|-damage|p1a: Conkeldurr|198\/410
|-damage|p2a: Shin|218\/272|[from] item: Life Orb
|cant|p1a: Conkeldurr|flinch
|
|-heal|p1a: Conkeldurr|223\/410|[from] item: Leftovers
|turn|22
|
|move|p2a: Shin|Iron Head|p1a: Conkeldurr
|-damage|p1a: Conkeldurr|20\/410
|-damage|p2a: Shin|191\/272|[from] item: Life Orb
|cant|p1a: Conkeldurr|flinch
|
|-heal|p1a: Conkeldurr|45\/410|[from] item: Leftovers
|turn|23
|
|move|p2a: Shin|Sucker Punch|p1a: Conkeldurr
|-resisted|p1a: Conkeldurr
|-damage|p1a: Conkeldurr|0 fnt
|-damage|p2a: Shin|164\/272|[from] item: Life Orb
|faint|p1a: Conkeldurr
|
|
|switch|p1a: Azumarill|Azumarill, M|338\/338
|turn|24
|
|move|p2a: Shin|Iron Head|p1a: Azumarill
|-crit|p1a: Azumarill
|-damage|p1a: Azumarill|5\/338
|-damage|p2a: Shin|137\/272|[from] item: Life Orb
|-enditem|p1a: Azumarill|Sitrus Berry|[eat]
|-heal|p1a: Azumarill|89\/338|[from] item: Sitrus Berry
|cant|p1a: Azumarill|flinch
|
|turn|25
|
|move|p2a: Shin|Sucker Punch|p1a: Azumarill
|-resisted|p1a: Azumarill
|-damage|p1a: Azumarill|0 fnt
|-damage|p2a: Shin|110\/272|[from] item: Life Orb
|faint|p1a: Azumarill
|
|c|âKing0fKnights|gg
|
|switch|p1a: Scizor|Scizor, F|73\/281
|turn|26
|c|âKing0fKnights|I guess I'm lucker
|
|move|p2a: Shin|Sucker Punch|p1a: Scizor
|-damage|p1a: Scizor|0 fnt
|-damage|p2a: Shin|83\/272|[from] item: Life Orb
|faint|p1a: Scizor
|
|win|King0fKnights
|raw|Ladder updating...
|raw|Darth Venomous's rating: 1468 &rarr; <strong>1447<\/strong><br \/>(-21 for losing)
|raw|King0fKnights's rating: 1447 &rarr; <strong>1468<\/strong><br \/>(+21 for winning)
|c|âDarth Venomous|lol
|leave|Darth Venomous
|player|p1