|join|shamaela
|join|Darth Venomous
|player|p1|shamaela|172
|player|p2|Darth Venomous|101
|gametype|singles
|gen|6
|tier|OU
|rated
|clearpoke
|poke|p1|Sableye, M
|poke|p1|Greninja, M
|poke|p1|Ferrothorn, M
|poke|p1|Chandelure, M, shiny
|poke|p1|Conkeldurr, F
|poke|p1|Landorus-Therian, M
|poke|p2|Excadrill, F
|poke|p2|Latios, M
|poke|p2|Landorus, M
|poke|p2|Azumarill, M
|poke|p2|Venusaur, F
|poke|p2|Manectric, F
|rule|Swagger Clause: Swagger is banned
|rule|Baton Pass Clause: Limit one PokÃ©mon knowing Baton Pass
|rule|Sleep Clause Mod: Limit one foe put to sleep
|rule|Species Clause: Limit one of each PokÃ©mon
|rule|OHKO Clause: OHKO moves are banned
|rule|Moody Clause: Moody is banned
|rule|Evasion Moves Clause: Evasion moves are banned
|rule|Endless Battle Clause: Forcing endless battles is banned
|rule|HP Percentage Mod: HP is shown in percentages
|teampreview
|
|start
|switch|p1a: Landerpian|Landorus-Therian, M|320\/320
|switch|p2a: Manectric|Manectric, F|281\/281
|-ability|p1a: Landerpian|Intimidate|[of] p2a: Manectric
|-unboost|p2a: Manectric|atk|1
|turn|1
|
|move|p2a: Manectric|Hidden Power|p1a: Landerpian
|-supereffective|p1a: Landerpian
|-damage|p1a: Landerpian|0 fnt
|faint|p1a: Landerpian
|
|
|switch|p1a: Barbie qurl|Ferrothorn, M|352\/352
|turn|2
|
|switch|p2a: Venusaur|Venusaur, F|343\/343
|move|p1a: Barbie qurl|Stealth Rock|p2a: Venusaur
|-sidestart|p2: Darth Venomous|move: Stealth Rock
|
|turn|3
|
|switch|p1a: Calcifer|Chandelure, M, shiny|261\/261
|detailschange|p2a: Venusaur|Venusaur-Mega, F
|message|Venusaur has Mega Evolved into Mega Venusaur!
|move|p2a: Venusaur|Hidden Power|p1a: Calcifer
|-start|p1a: Calcifer|ability: Flash Fire
|
|turn|4
|
|move|p1a: Calcifer|Fire Blast|p2a: Venusaur
|-supereffective|p2a: Venusaur
|-damage|p2a: Venusaur|77\/343
|move|p2a: Venusaur|Sludge Bomb|p1a: Calcifer
|-crit|p1a: Calcifer
|-resisted|p1a: Calcifer
|-damage|p1a: Calcifer|134\/261
|
|turn|5
|
|switch|p2a: Latios|Latios, M|301\/301
|-damage|p2a: Latios|264\/301|[from] Stealth Rock
|move|p1a: Calcifer|Fire Blast|p2a: Latios|[miss]
|-miss|p1a: Calcifer|p2a: Latios
|
|turn|6
|
|switch|p1a: Barbie qurl|Ferrothorn, M|352\/352
|move|p2a: Latios|Hidden Power|p1a: Barbie qurl
|-supereffective|p1a: Barbie qurl
|-damage|p1a: Barbie qurl|40\/352
|
|turn|7
|
|move|p2a: Latios|Hidden Power|p1a: Barbie qurl
|-supereffective|p1a: Barbie qurl
|-damage|p1a: Barbie qurl|0 fnt
|faint|p1a: Barbie qurl
|
|
|switch|p1a: Crinkle cut|Conkeldurr, F|414\/414
|turn|8
|
|switch|p2a: Venusaur|Venusaur-Mega, F|77\/343
|-damage|p2a: Venusaur|35\/343|[from] Stealth Rock
|move|p1a: Crinkle cut|Knock Off|p2a: Venusaur
|-damage|p2a: Venusaur|0 fnt
|faint|p2a: Venusaur
|
|
|switch|p2a: Azumarill|Azumarill, M|341\/341
|-damage|p2a: Azumarill|299\/341|[from] Stealth Rock
|turn|9
|
|move|p2a: Azumarill|Play Rough|p1a: Crinkle cut
|-supereffective|p1a: Crinkle cut
|-damage|p1a: Crinkle cut|0 fnt
|faint|p1a: Crinkle cut
|
|
|switch|p1a: Comma|Greninja, M|285\/285
|turn|10
|
|switch|p2a: Excadrill|Excadrill, F|361\/361
|-damage|p2a: Excadrill|350\/361|[from] Stealth Rock
|move|p1a: Comma|Dark Pulse|p2a: Excadrill
|-start|p1a: Comma|typechange|Dark|[from] Protean
|-damage|p2a: Excadrill|104\/361
|
|turn|11
|
|move|p1a: Comma|Dark Pulse|p2a: Excadrill
|-damage|p2a: Excadrill|0 fnt
|faint|p2a: Excadrill
|
|
|switch|p2a: Manectric|Manectric, F|281\/281
|-damage|p2a: Manectric|246\/281|[from] Stealth Rock
|turn|12
|
|move|p2a: Manectric|Switcheroo|p1a: Comma
|-activate|p2a: Manectric|move: Trick|[of] p1a: Comma
|-item|p1a: Comma|Choice Scarf|[from] Trick
|-item|p2a: Manectric|Choice Specs|[from] Trick
|move|p1a: Comma|Dark Pulse|p2a: Manectric
|-damage|p2a: Manectric|50\/281
|
|turn|13
|
|move|p1a: Comma|Dark Pulse|p2a: Manectric
|-damage|p2a: Manectric|0 fnt
|faint|p2a: Manectric
|
|
|switch|p2a: Azumarill|Azumarill, M|299\/341
|-damage|p2a: Azumarill|257\/341|[from] Stealth Rock
|turn|14
|
|switch|p1a: Calcifer|Chandelure, M, shiny|134\/261
|move|p2a: Azumarill|Waterfall|p1a: Calcifer
|-supereffective|p1a: Calcifer
|-damage|p1a: Calcifer|0 fnt
|faint|p1a: Calcifer
|
|
|switch|p1a: Dark Link|Sableye, M|304\/304
|turn|15
|
|switch|p2a: Latios|Latios, M|264\/301
|-damage|p2a: Latios|227\/301|[from] Stealth Rock
|move|p1a: Dark Link|Will-O-Wisp|p2a: Latios
|-status|p2a: Latios|brn
|
|-damage|p2a: Latios|190\/301 brn|[from] brn
|turn|16
|
|move|p1a: Dark Link|Calm Mind|p1a: Dark Link
|-boost|p1a: Dark Link|spa|1
|-boost|p1a: Dark Link|spd|1
|move|p2a: Latios|Draco Meteor|p1a: Dark Link|[miss]
|-miss|p2a: Latios|p1a: Dark Link
|
|-damage|p2a: Latios|153\/301 brn|[from] brn
|turn|17
|
|move|p1a: Dark Link|Calm Mind|p1a: Dark Link
|-boost|p1a: Dark Link|spa|1
|-boost|p1a: Dark Link|spd|1
|move|p2a: Latios|Draco Meteor|p1a: Dark Link
|-damage|p1a: Dark Link|72\/304
|-unboost|p2a: Latios|spa|2
|
|-damage|p2a: Latios|116\/301 brn|[from] brn
|turn|18
|
|switch|p2a: Azumarill|Azumarill, M|257\/341
|-damage|p2a: Azumarill|215\/341|[from] Stealth Rock
|move|p1a: Dark Link|Recover|p1a: Dark Link
|-heal|p1a: Dark Link|224\/304
|
|turn|19
|
|move|p1a: Dark Link|Will-O-Wisp|p2a: Azumarill
|-status|p2a: Azumarill|brn
|move|p2a: Azumarill|Play Rough|p1a: Dark Link|[miss]
|-miss|p2a: Azumarill|p1a: Dark Link
|
|-damage|p2a: Azumarill|173\/341 brn|[from] brn
|turn|20
|-message|Darth Venomous forfeited.
|
|win|shamaela
|raw|Ladder updating...
|leave|Darth Venomous
|player|p2
|raw|shamaela's rating: 1420 &rarr; <strong>1439<\/strong><br \/>(+19 for winning)
|raw|Darth Venomous's rating: 1391 &rarr; <strong>1373<\/strong><br \/>(-18 for losing)