|join|Darth Venomous
|join|testeams234
|player|p1|Darth Venomous|266
|player|p2|testeams234|266
|gametype|singles
|gen|6
|tier|OU
|rated
|clearpoke
|poke|p1|Heatran, M
|poke|p1|Rotom-Wash
|poke|p1|Ditto
|poke|p1|Conkeldurr, F
|poke|p1|Thundurus-Therian, M
|poke|p1|Gengar, M
|poke|p2|Lopunny, F
|poke|p2|Diggersby, F
|poke|p2|Greninja, M
|poke|p2|Clefable, F
|poke|p2|Mandibuzz, F
|poke|p2|Seismitoad, F
|rule|Swagger Clause: Swagger is banned
|rule|Baton Pass Clause: Limit one PokÃ©mon knowing Baton Pass
|rule|Sleep Clause Mod: Limit one foe put to sleep
|rule|Species Clause: Limit one of each PokÃ©mon
|rule|OHKO Clause: OHKO moves are banned
|rule|Moody Clause: Moody is banned
|rule|Evasion Moves Clause: Evasion moves are banned
|rule|Endless Battle Clause: Forcing endless battles is banned
|rule|HP Percentage Mod: HP is shown in percentages
|teampreview
|
|start
|switch|p1a: Thundurus-Therian|Thundurus-Therian, M|299\/299
|switch|p2a: Clefable|Clefable, F|394\/394
|turn|1
|
|switch|p2a: Seismitoad|Seismitoad, F|401\/401
|move|p1a: Thundurus-Therian|Thunderbolt|p2a: Seismitoad
|-immune|p2a: Seismitoad|[msg]
|
|turn|2
|
|move|p1a: Thundurus-Therian|Grass Knot|p2a: Seismitoad
|-supereffective|p2a: Seismitoad
|-damage|p2a: Seismitoad|0 fnt
|faint|p2a: Seismitoad
|
|
|switch|p2a: Greninja|Greninja, M|285\/285
|turn|3
|
|switch|p1a: Rotom-Wash|Rotom-Wash|241\/241
|move|p2a: Greninja|Gunk Shot|p1a: Rotom-Wash
|-start|p2a: Greninja|typechange|Poison|[from] Protean
|-damage|p1a: Rotom-Wash|62\/241
|-damage|p2a: Greninja|257\/285|[from] item: Life Orb
|
|turn|4
|
|move|p1a: Rotom-Wash|Hydro Pump|p2a: Greninja|[miss]
|-miss|p1a: Rotom-Wash|p2a: Greninja
|move|p2a: Greninja|Dark Pulse|p1a: Rotom-Wash
|-start|p2a: Greninja|typechange|Dark|[from] Protean
|-damage|p1a: Rotom-Wash|0 fnt
|-damage|p2a: Greninja|229\/285|[from] item: Life Orb
|faint|p1a: Rotom-Wash
|
|
|switch|p1a: Conkeldurr|Conkeldurr, F|407\/407
|turn|5
|
|switch|p2a: Clefable|Clefable, F|394\/394
|move|p1a: Conkeldurr|Knock Off|p2a: Clefable
|-resisted|p2a: Clefable
|-damage|p2a: Clefable|341\/394
|-enditem|p2a: Clefable|Leftovers|[from] move: Knock Off|[of] p1a: Conkeldurr
|
|turn|6
|
|switch|p2a: Diggersby|Diggersby, F|312\/312
|switch|p1a: Heatran|Heatran, M|385\/385
|
|turn|7
|
|switch|p2a: Lopunny|Lopunny, F|272\/272
|switch|p1a: Gengar|Gengar, M|261\/261
|
|turn|8
|
|detailschange|p2a: Lopunny|Lopunny-Mega, F
|message|Lopunny has Mega Evolved into Mega Lopunny!
|move|p2a: Lopunny|Fake Out|p1a: Gengar
|-damage|p1a: Gengar|153\/261
|cant|p1a: Gengar|flinch
|
|turn|9
|
|move|p2a: Lopunny|Return|p1a: Gengar
|-damage|p1a: Gengar|0 fnt
|faint|p1a: Gengar
|
|
|switch|p1a: Conkeldurr|Conkeldurr, F|407\/407
|turn|10
|
|switch|p2a: Clefable|Clefable, F|341\/394
|switch|p1a: Heatran|Heatran, M|385\/385
|
|turn|11
|
|switch|p2a: Diggersby|Diggersby, F|312\/312
|move|p1a: Heatran|Lava Plume|p2a: Diggersby
|-damage|p2a: Diggersby|162\/312
|
|turn|12
|
|move|p1a: Heatran|Protect|p1a: Heatran
|-singleturn|p1a: Heatran|Protect
|move|p2a: Diggersby|Swords Dance|p2a: Diggersby
|-boost|p2a: Diggersby|atk|2
|
|turn|13
|
|move|p2a: Diggersby|Earthquake|p1a: Heatran
|-supereffective|p1a: Heatran
|-damage|p1a: Heatran|0 fnt
|-damage|p2a: Diggersby|131\/312|[from] item: Life Orb
|faint|p1a: Heatran
|
|
|switch|p1a: Ditto|Ditto|300\/300
|-transform|p1a: Ditto|p2a: Diggersby
|turn|14
|
|move|p2a: Diggersby|Quick Attack|p1a: Ditto
|-damage|p1a: Ditto|14\/300
|-damage|p2a: Diggersby|100\/312|[from] item: Life Orb
|move|p1a: Ditto|Return|p2a: Diggersby
|-damage|p2a: Diggersby|0 fnt
|faint|p2a: Diggersby
|
|
|switch|p2a: Lopunny|Lopunny-Mega, F|272\/272
|turn|15
|
|switch|p1a: Conkeldurr|Conkeldurr, F|407\/407
|move|p2a: Lopunny|Fake Out|p1a: Conkeldurr
|-damage|p1a: Conkeldurr|340\/407
|
|turn|16
|
|switch|p2a: Clefable|Clefable, F|341\/394
|switch|p1a: Thundurus-Therian|Thundurus-Therian, M|299\/299
|
|turn|17
|
|switch|p2a: Mandibuzz|Mandibuzz, F|423\/423
|move|p1a: Thundurus-Therian|Thunderbolt|p2a: Mandibuzz
|-supereffective|p2a: Mandibuzz
|-damage|p2a: Mandibuzz|32\/423
|
|-heal|p2a: Mandibuzz|58\/423|[from] item: Leftovers
|turn|18
|
|move|p1a: Thundurus-Therian|Thunderbolt|p2a: Mandibuzz
|-supereffective|p2a: Mandibuzz
|-damage|p2a: Mandibuzz|0 fnt
|faint|p2a: Mandibuzz
|
|
|switch|p2a: Greninja|Greninja, M|229\/285
|turn|19
|
|switch|p1a: Ditto|Ditto|14\/300
|-transform|p1a: Ditto|p2a: Greninja
|move|p2a: Greninja|Ice Beam|p1a: Ditto
|-start|p2a: Greninja|typechange|Ice|[from] Protean
|-resisted|p1a: Ditto
|-damage|p1a: Ditto|0 fnt
|-damage|p2a: Greninja|201\/285|[from] item: Life Orb
|faint|p1a: Ditto
|
|
|switch|p1a: Conkeldurr|Conkeldurr, F|340\/407
|turn|20
|
|switch|p1a: Thundurus-Therian|Thundurus-Therian, M|299\/299
|move|p2a: Greninja|Ice Beam|p1a: Thundurus-Therian
|-supereffective|p1a: Thundurus-Therian
|-damage|p1a: Thundurus-Therian|0 fnt
|-damage|p2a: Greninja|173\/285|[from] item: Life Orb
|faint|p1a: Thundurus-Therian
|
|-message|Darth Venomous forfeited.
|
|win|testeams234
|raw|Ladder updating...
|leave|Darth Venomous
|player|p1