|join|FunkyFrap
|join|Darth Venomous
|player|p1|FunkyFrap|180
|player|p2|Darth Venomous|265
|gametype|singles
|gen|6
|tier|OU
|rated
|clearpoke
|poke|p1|Suicune
|poke|p1|Mamoswine, M
|poke|p1|Excadrill, M
|poke|p1|Thundurus, M
|poke|p1|Sylveon, F
|poke|p1|Gyarados, M
|poke|p2|Azumarill, F
|poke|p2|Landorus, M
|poke|p2|Heatran, M
|poke|p2|Latias, F
|poke|p2|Beedrill, F
|poke|p2|Rotom-Wash
|rule|Swagger Clause: Swagger is banned
|rule|Baton Pass Clause: Limit one PokÃ©mon knowing Baton Pass
|rule|Sleep Clause Mod: Limit one foe put to sleep
|rule|Species Clause: Limit one of each PokÃ©mon
|rule|OHKO Clause: OHKO moves are banned
|rule|Moody Clause: Moody is banned
|rule|Evasion Moves Clause: Evasion moves are banned
|rule|Endless Battle Clause: Forcing endless battles is banned
|rule|HP Percentage Mod: HP is shown in percentages
|teampreview
|
|start
|switch|p1a: Gyarados|Gyarados, M|332\/332
|switch|p2a: Beedrill|Beedrill, F|271\/271
|-ability|p1a: Gyarados|Intimidate|[of] p2a: Beedrill
|-unboost|p2a: Beedrill|atk|1
|turn|1
|
|detailschange|p2a: Beedrill|Beedrill-Mega, F
|message|Beedrill has Mega Evolved into Mega Beedrill!
|move|p2a: Beedrill|U-turn|p1a: Gyarados
|-resisted|p1a: Gyarados
|-damage|p1a: Gyarados|258\/332
|
|switch|p2a: Rotom-Wash|Rotom-Wash|241\/241
|move|p1a: Gyarados|Dragon Dance|p1a: Gyarados
|-boost|p1a: Gyarados|atk|1
|-boost|p1a: Gyarados|spe|1
|
|turn|2
|join|TheYoungHero16
|leave|TheYoungHero16
|
|detailschange|p1a: Gyarados|Gyarados-Mega, M
|message|Gyarados has Mega Evolved into Mega Gyarados!
|-ability|p1a: Gyarados|Mold Breaker
|move|p2a: Rotom-Wash|Volt Switch|p1a: Gyarados
|-supereffective|p1a: Gyarados
|-damage|p1a: Gyarados|84\/332
|
|switch|p2a: Landorus|Landorus, M|319\/319
|move|p1a: Gyarados|Earthquake|p2a: Landorus
|-immune|p2a: Landorus|[msg]
|
|turn|3
|
|move|p2a: Landorus|U-turn|p1a: Gyarados
|-supereffective|p1a: Gyarados
|-damage|p1a: Gyarados|0 fnt
|faint|p1a: Gyarados
|
|switch|p2a: Azumarill|Azumarill, F|341\/341
|
|
|switch|p1a: Thundurus|Thundurus, M|299\/299
|turn|4
|
|switch|p2a: Rotom-Wash|Rotom-Wash|241\/241
|move|p1a: Thundurus|Knock Off|p2a: Rotom-Wash
|-damage|p2a: Rotom-Wash|145\/241
|-enditem|p2a: Rotom-Wash|Choice Scarf|[from] move: Knock Off|[of] p1a: Thundurus
|-damage|p1a: Thundurus|270\/299|[from] item: Life Orb
|
|turn|5
|
|move|p1a: Thundurus|Thunderbolt|p2a: Rotom-Wash
|-damage|p2a: Rotom-Wash|0 fnt
|-damage|p1a: Thundurus|241\/299|[from] item: Life Orb
|faint|p2a: Rotom-Wash
|
|
|switch|p2a: Beedrill|Beedrill-Mega, F|271\/271
|turn|6
|
|move|p2a: Beedrill|Poison Jab|p1a: Thundurus
|-damage|p1a: Thundurus|0 fnt
|faint|p1a: Thundurus
|
|
|switch|p1a: Excadrill|Excadrill, M|362\/362
|-ability|p1a: Excadrill|Mold Breaker
|turn|7
|
|move|p1a: Excadrill|Iron Head|p2a: Beedrill
|-damage|p2a: Beedrill|0 fnt
|faint|p2a: Beedrill
|
|
|switch|p2a: Azumarill|Azumarill, F|341\/341
|turn|8
|
|move|p1a: Excadrill|Iron Head|p2a: Azumarill
|-damage|p2a: Azumarill|155\/341
|move|p2a: Azumarill|Play Rough|p1a: Excadrill
|-resisted|p1a: Excadrill
|-damage|p1a: Excadrill|146\/362
|
|turn|9
|c|âDarth Venomous|ur such a dumb fuck
|c|âDarth Venomous|digusting ass nooobs
|-message|Darth Venomous forfeited.
|
|win|FunkyFrap
|raw|Ladder updating...
|leave|Darth Venomous
|player|p2
|raw|FunkyFrap's rating: 1352 &rarr; <strong>1371<\/strong><br \/>(+19 for winning)
|raw|Darth Venomous's rating: 1326 &rarr; <strong>1307<\/strong><br \/>(-19 for losing)