|join|Darth Venomous
|join|budbudbud
|player|p1|Darth Venomous|1
|player|p2|budbudbud|266
|gametype|singles
|gen|6
|tier|OU
|rated
|clearpoke
|poke|p1|Gengar, M
|poke|p1|Garchomp, F
|poke|p1|Throh, M
|poke|p1|Skarmory, M
|poke|p1|Lanturn, F
|poke|p1|Darmanitan, M
|poke|p2|Diancie
|poke|p2|Ferrothorn, F
|poke|p2|Greninja, F
|poke|p2|Landorus-Therian, M
|poke|p2|Talonflame, F
|poke|p2|Latias, F
|rule|Swagger Clause: Swagger is banned
|rule|Baton Pass Clause: Limit one PokÃ©mon knowing Baton Pass
|rule|Sleep Clause Mod: Limit one foe put to sleep
|rule|Species Clause: Limit one of each PokÃ©mon
|rule|OHKO Clause: OHKO moves are banned
|rule|Moody Clause: Moody is banned
|rule|Evasion Moves Clause: Evasion moves are banned
|rule|Endless Battle Clause: Forcing endless battles is banned
|rule|HP Percentage Mod: HP is shown in percentages
|teampreview
|
|start
|switch|p1a: Darmanitan|Darmanitan, M|351\/351
|switch|p2a: Talonflame|Talonflame, F|360\/360
|turn|1
|
|switch|p2a: Landorus-Therian|Landorus-Therian, M|340\/340
|-ability|p2a: Landorus-Therian|Intimidate|[of] p1a: Darmanitan
|-unboost|p1a: Darmanitan|atk|1
|move|p1a: Darmanitan|Rock Slide|p2a: Landorus-Therian
|-damage|p2a: Landorus-Therian|265\/340
|
|turn|2
|
|switch|p1a: Skarmory|Skarmory, M|331\/331
|move|p2a: Landorus-Therian|Knock Off|p1a: Skarmory
|-damage|p1a: Skarmory|264\/331
|-enditem|p1a: Skarmory|Shed Shell|[from] move: Knock Off|[of] p2a: Landorus-Therian
|
|turn|3
|
|switch|p2a: Talonflame|Talonflame, F|360\/360
|move|p1a: Skarmory|Stealth Rock|p2a: Talonflame
|-sidestart|p2: budbudbud|move: Stealth Rock
|
|turn|4
|
|switch|p1a: Lanturn|Lanturn, F|446\/446
|move|p2a: Talonflame|Taunt|p1a: Lanturn
|-start|p1a: Lanturn|move: Taunt
|
|turn|5
|
|move|p2a: Talonflame|Will-O-Wisp|p1a: Lanturn
|-status|p1a: Lanturn|brn
|move|p1a: Lanturn|Volt Switch|p2a: Talonflame
|-supereffective|p2a: Talonflame
|-damage|p2a: Talonflame|246\/360
|
|switch|p1a: Darmanitan|Darmanitan, M|351\/351
|
|-heal|p2a: Talonflame|268\/360|[from] item: Leftovers
|turn|6
|
|switch|p2a: Ferrothorn|Ferrothorn, F|352\/352
|-damage|p2a: Ferrothorn|330\/352|[from] Stealth Rock
|move|p1a: Darmanitan|U-turn|p2a: Ferrothorn
|-damage|p2a: Ferrothorn|277\/352
|-damage|p1a: Darmanitan|308\/351|[from] ability: Iron Barbs|[of] p2a: Ferrothorn
|
|switch|p1a: Garchomp|Garchomp, F|357\/357
|
|-heal|p2a: Ferrothorn|299\/352|[from] item: Leftovers
|turn|7
|
|detailschange|p1a: Garchomp|Garchomp-Mega, F
|message|Garchomp has Mega Evolved into Mega Garchomp!
|move|p1a: Garchomp|Fire Blast|p2a: Ferrothorn
|-supereffective|p2a: Ferrothorn
|-damage|p2a: Ferrothorn|0 fnt
|faint|p2a: Ferrothorn
|
|
|switch|p2a: Greninja|Greninja, F|285\/285
|-damage|p2a: Greninja|250\/285|[from] Stealth Rock
|turn|8
|
|switch|p1a: Throh|Throh, M|444\/444
|move|p2a: Greninja|Gunk Shot|p1a: Throh
|-start|p2a: Greninja|typechange|Poison|[from] Protean
|-damage|p1a: Throh|245\/444
|-status|p1a: Throh|psn
|-damage|p2a: Greninja|222\/285|[from] item: Life Orb
|
|-heal|p1a: Throh|272\/444 psn|[from] item: Leftovers
|-damage|p1a: Throh|217\/444 psn|[from] psn
|turn|9
|
|switch|p2a: Landorus-Therian|Landorus-Therian, M|265\/340
|-damage|p2a: Landorus-Therian|223\/340|[from] Stealth Rock
|-ability|p2a: Landorus-Therian|Intimidate|[of] p1a: Throh
|-unboost|p1a: Throh|atk|1
|move|p1a: Throh|Rest|p1a: Throh
|-status|p1a: Throh|slp
|-heal|p1a: Throh|444\/444 slp|[silent]
|-status|p1a: Throh|slp|[from] move: Rest
|
|turn|10
|
|switch|p2a: Talonflame|Talonflame, F|268\/360
|-damage|p2a: Talonflame|88\/360|[from] Stealth Rock
|switch|p1a: Skarmory|Skarmory, M|264\/331
|
|-heal|p2a: Talonflame|110\/360|[from] item: Leftovers
|turn|11
|
|move|p2a: Talonflame|Roost|p2a: Talonflame
|-heal|p2a: Talonflame|290\/360
|move|p1a: Skarmory|Whirlwind|p2a: Talonflame
|drag|p2a: Landorus-Therian|Landorus-Therian, M|223\/340
|-damage|p2a: Landorus-Therian|181\/340|[from] Stealth Rock
|-ability|p2a: Landorus-Therian|Intimidate|[of] p1a: Skarmory
|-unboost|p1a: Skarmory|atk|1
|
|turn|12
|
|move|p2a: Landorus-Therian|Knock Off|p1a: Skarmory
|-damage|p1a: Skarmory|222\/331
|move|p1a: Skarmory|Whirlwind|p2a: Landorus-Therian
|drag|p2a: Talonflame|Talonflame, F|290\/360
|-damage|p2a: Talonflame|110\/360|[from] Stealth Rock
|
|-heal|p2a: Talonflame|132\/360|[from] item: Leftovers
|turn|13
|
|move|p2a: Talonflame|Taunt|p1a: Skarmory
|-start|p1a: Skarmory|move: Taunt
|cant|p1a: Skarmory|move: Taunt|Roost
|
|-heal|p2a: Talonflame|154\/360|[from] item: Leftovers
|turn|14
|
|switch|p1a: Lanturn|Lanturn, F|446\/446 brn
|move|p2a: Talonflame|Roost|p2a: Talonflame
|-heal|p2a: Talonflame|334\/360
|
|-heal|p2a: Talonflame|356\/360|[from] item: Leftovers
|-damage|p1a: Lanturn|391\/446 brn|[from] brn
|turn|15
|
|move|p2a: Talonflame|Taunt|p1a: Lanturn
|-start|p1a: Lanturn|move: Taunt
|cant|p1a: Lanturn|move: Taunt|Heal Bell
|
|-heal|p2a: Talonflame|360\/360|[from] item: Leftovers
|-heal|p1a: Lanturn|418\/446 brn|[from] item: Leftovers
|-damage|p1a: Lanturn|363\/446 brn|[from] brn
|turn|16
|
|move|p2a: Talonflame|Will-O-Wisp|p1a: Lanturn|[miss]
|-miss|p2a: Talonflame|p1a: Lanturn
|move|p1a: Lanturn|Scald|p2a: Talonflame
|-supereffective|p2a: Talonflame
|-damage|p2a: Talonflame|216\/360
|
|-heal|p2a: Talonflame|238\/360|[from] item: Leftovers
|-heal|p1a: Lanturn|390\/446 brn|[from] item: Leftovers
|-damage|p1a: Lanturn|335\/446 brn|[from] brn
|turn|17
|
|switch|p1a: Darmanitan|Darmanitan, M|308\/351
|move|p2a: Talonflame|Roost|p2a: Talonflame
|-heal|p2a: Talonflame|360\/360
|
|turn|18
|
|move|p2a: Talonflame|Brave Bird|p1a: Darmanitan
|-damage|p1a: Darmanitan|125\/351
|-damage|p2a: Talonflame|300\/360|[from] recoil|[of] p1a: Darmanitan
|move|p1a: Darmanitan|Rock Slide|p2a: Talonflame
|-supereffective|p2a: Talonflame
|-damage|p2a: Talonflame|0 fnt
|faint|p2a: Talonflame
|
|
|switch|p2a: Diancie|Diancie|241\/241
|-damage|p2a: Diancie|211\/241|[from] Stealth Rock
|turn|19
|
|switch|p1a: Throh|Throh, M|444\/444 slp
|detailschange|p2a: Diancie|Diancie-Mega
|message|Diancie has Mega Evolved into Mega Diancie!
|move|p2a: Diancie|Rock Polish|p2a: Diancie
|-boost|p2a: Diancie|spe|2
|
|turn|20
|
|move|p2a: Diancie|Moonblast|p1a: Throh
|-supereffective|p1a: Throh
|-damage|p1a: Throh|130\/444 slp
|cant|p1a: Throh|slp
|move|p1a: Throh|Sleep Talk|p1a: Throh
|move|p1a: Throh|Rest|p1a: Throh|[from]Sleep Talk
|-fail|p1a: Throh
|
|-heal|p1a: Throh|157\/444 slp|[from] item: Leftovers
|turn|21
|
|move|p2a: Diancie|Moonblast|p1a: Throh
|-crit|p1a: Throh
|-supereffective|p1a: Throh
|-damage|p1a: Throh|0 fnt
|faint|p1a: Throh
|
|
|switch|p1a: spooky|Gengar, M|261\/261
|turn|22
|
|move|p2a: Diancie|Diamond Storm|p1a: spooky
|-damage|p1a: spooky|0 fnt
|faint|p1a: spooky
|
|
|switch|p1a: Lanturn|Lanturn, F|335\/446 brn
|turn|23
|
|move|p2a: Diancie|Earth Power|p1a: Lanturn
|-supereffective|p1a: Lanturn
|-damage|p1a: Lanturn|71\/446 brn
|move|p1a: Lanturn|Confuse Ray|p2a: Diancie
|move|p2a: Diancie|Confuse Ray|p1a: Lanturn|[from]Magic Bounce
|-start|p1a: Lanturn|confusion
|
|-heal|p1a: Lanturn|98\/446 brn|[from] item: Leftovers
|-damage|p1a: Lanturn|43\/446 brn|[from] brn
|turn|24
|-message|Darth Venomous forfeited.
|leave|Darth Venomous
|
|win|budbudbud
|raw|Ladder updating...
|player|p1