|join|MwM Deadpool
|join|Darth Venomous
|player|p1|MwM Deadpool|209
|player|p2|Darth Venomous|102
|gametype|singles
|gen|6
|tier|OU
|rated
|clearpoke
|poke|p1|Metagross
|poke|p1|Rotom-Wash
|poke|p1|Landorus-Therian, M
|poke|p1|Zapdos
|poke|p1|Empoleon, F
|poke|p1|Conkeldurr, F
|poke|p2|Rotom-Wash
|poke|p2|Conkeldurr, F
|poke|p2|Gengar, F
|poke|p2|Scizor, F
|poke|p2|Garchomp, M
|poke|p2|Gyarados, F
|rule|Swagger Clause: Swagger is banned
|rule|Baton Pass Clause: Limit one PokÃ©mon knowing Baton Pass
|rule|Sleep Clause Mod: Limit one foe put to sleep
|rule|Species Clause: Limit one of each PokÃ©mon
|rule|OHKO Clause: OHKO moves are banned
|rule|Moody Clause: Moody is banned
|rule|Evasion Moves Clause: Evasion moves are banned
|rule|Endless Battle Clause: Forcing endless battles is banned
|rule|HP Percentage Mod: HP is shown in percentages
|teampreview
|
|start
|switch|p1a: Rotom-Wash|Rotom-Wash|303\/303
|switch|p2a: Garchomp|Garchomp, M|395\/395
|turn|1
|
|switch|p2a: Conkeldurr|Conkeldurr, F|410\/410
|move|p1a: Rotom-Wash|Will-O-Wisp|p2a: Conkeldurr
|-status|p2a: Conkeldurr|brn
|
|-damage|p2a: Conkeldurr|359\/410 brn|[from] brn
|turn|2
|
|move|p1a: Rotom-Wash|Volt Switch|p2a: Conkeldurr
|-damage|p2a: Conkeldurr|278\/410 brn
|
|switch|p1a: Conkeldurr|Conkeldurr, F|413\/413
|move|p2a: Conkeldurr|Bulk Up|p2a: Conkeldurr
|-boost|p2a: Conkeldurr|atk|1
|-boost|p2a: Conkeldurr|def|1
|
|-heal|p2a: Conkeldurr|303\/410 brn|[from] item: Leftovers
|-damage|p2a: Conkeldurr|252\/410 brn|[from] brn
|turn|3
|
|move|p2a: Conkeldurr|Bulk Up|p2a: Conkeldurr
|-boost|p2a: Conkeldurr|atk|1
|-boost|p2a: Conkeldurr|def|1
|move|p1a: Conkeldurr|Drain Punch|p2a: Conkeldurr
|-damage|p2a: Conkeldurr|165\/410 brn
|
|-heal|p2a: Conkeldurr|190\/410 brn|[from] item: Leftovers
|-damage|p2a: Conkeldurr|139\/410 brn|[from] brn
|turn|4
|
|move|p2a: Conkeldurr|Drain Punch|p1a: Conkeldurr
|-damage|p1a: Conkeldurr|47\/413
|-heal|p2a: Conkeldurr|322\/410 brn|[from] drain|[of] p1a: Conkeldurr
|move|p1a: Conkeldurr|Drain Punch|p2a: Conkeldurr
|-damage|p2a: Conkeldurr|238\/410 brn
|-heal|p1a: Conkeldurr|89\/413|[from] drain|[of] p2a: Conkeldurr
|
|-heal|p2a: Conkeldurr|263\/410 brn|[from] item: Leftovers
|-damage|p2a: Conkeldurr|212\/410 brn|[from] brn
|turn|5
|
|move|p1a: Conkeldurr|Mach Punch|p2a: Conkeldurr
|-damage|p2a: Conkeldurr|167\/410 brn
|move|p2a: Conkeldurr|Ice Punch|p1a: Conkeldurr
|-damage|p1a: Conkeldurr|0 fnt
|faint|p1a: Conkeldurr
|
|-heal|p2a: Conkeldurr|192\/410 brn|[from] item: Leftovers
|-damage|p2a: Conkeldurr|141\/410 brn|[from] brn
|
|switch|p1a: Metagross|Metagross|301\/301
|turn|6
|
|detailschange|p1a: Metagross|Metagross-Mega
|message|Metagross has Mega Evolved into Mega Metagross!
|move|p1a: Metagross|Zen Headbutt|p2a: Conkeldurr
|-supereffective|p2a: Conkeldurr
|-damage|p2a: Conkeldurr|0 fnt
|faint|p2a: Conkeldurr
|
|
|switch|p2a: Scizor|Scizor, F|281\/281
|turn|7
|
|move|p2a: Scizor|Pursuit|p1a: Metagross|[from]Pursuit
|-supereffective|p1a: Metagross
|-damage|p1a: Metagross|73\/301
|switch|p1a: Zapdos|Zapdos|321\/321
|-ability|p1a: Zapdos|Pressure
|
|turn|8
|
|switch|p2a: Rotom-Wash|Rotom-Wash|241\/241
|move|p1a: Zapdos|Volt Switch|p2a: Rotom-Wash
|-damage|p2a: Rotom-Wash|130\/241
|join|CidZeroZero
|c|âMwM Deadpool|eyy
|c| CidZeroZero|yo homie
|
|switch|p1a: Rotom-Wash|Rotom-Wash|303\/303
|
|turn|9
|c| CidZeroZero|wanna get the train goin?
|c|âMwM Deadpool|nah imma get off soon
|c|âMwM Deadpool|it's nearly midnight ahhaa
|c| CidZeroZero|lame
|
|move|p2a: Rotom-Wash|Trick|p1a: Rotom-Wash
|-activate|p2a: Rotom-Wash|move: Trick|[of] p1a: Rotom-Wash
|-item|p1a: Rotom-Wash|Choice Scarf|[from] move: Trick
|-item|p2a: Rotom-Wash|Leftovers|[from] move: Trick
|move|p1a: Rotom-Wash|Will-O-Wisp|p2a: Rotom-Wash
|-status|p2a: Rotom-Wash|brn
|
|-heal|p2a: Rotom-Wash|145\/241 brn|[from] item: Leftovers
|-damage|p2a: Rotom-Wash|115\/241 brn|[from] brn
|turn|10
|
|switch|p1a: Landorus-Therian|Landorus-Therian, M|381\/381
|-ability|p1a: Landorus-Therian|Intimidate|[of] p2a: Rotom-Wash
|-unboost|p2a: Rotom-Wash|atk|1
|move|p2a: Rotom-Wash|Will-O-Wisp|p1a: Landorus-Therian|[miss]
|-miss|p2a: Rotom-Wash|p1a: Landorus-Therian
|
|-heal|p2a: Rotom-Wash|130\/241 brn|[from] item: Leftovers
|-damage|p2a: Rotom-Wash|100\/241 brn|[from] brn
|turn|11
|c|âDarth Venomous|midnight where the hell u guys live
|c|âMwM Deadpool|how do you like the squad tho
|
|switch|p1a: Rotom-Wash|Rotom-Wash|303\/303
|move|p2a: Rotom-Wash|Hydro Pump|p1a: Rotom-Wash
|-resisted|p1a: Rotom-Wash
|-damage|p1a: Rotom-Wash|221\/303
|
|-heal|p2a: Rotom-Wash|115\/241 brn|[from] item: Leftovers
|-damage|p2a: Rotom-Wash|85\/241 brn|[from] brn
|turn|12
|c|âMwM Deadpool|im in asia
|c| CidZeroZero|im in his mom
|c| CidZeroZero|jk <3
|c|âDarth Venomous|country?
|c| CidZeroZero|but not too bad from first look
|
|switch|p2a: Garchomp|Garchomp, M|395\/395
|move|p1a: Rotom-Wash|Volt Switch|p2a: Garchomp
|-immune|p2a: Garchomp|[msg]
|
|turn|13
|c|âMwM Deadpool|stranger danger
|c|âMwM Deadpool|lmao jk india
|c|âDarth Venomous|cool
|c|âMwM Deadpool|not really
|c|âMwM Deadpool|but ok
|c|âDarth Venomous|u hve good english
|c|âDarth Venomous|lol ok
|c| CidZeroZero|yeah that is true vik
|c|âMwM Deadpool|i'm practically white
|c|âDarth Venomous|lol
|c| CidZeroZero|could be worse tho
|c| CidZeroZero|coulda learned english off 4chan like hans
|c|âDarth Venomous|im in the us
|c|âMwM Deadpool|figured
|c| CidZeroZero|same here darth
|
|switch|p1a: Landorus-Therian|Landorus-Therian, M|381\/381
|-ability|p1a: Landorus-Therian|Intimidate|[of] p2a: Garchomp
|-unboost|p2a: Garchomp|atk|1
|detailschange|p2a: Garchomp|Garchomp-Mega, M
|message|Garchomp has Mega Evolved into Mega Garchomp!
|move|p2a: Garchomp|Hidden Power|p1a: Landorus-Therian
|-supereffective|p1a: Landorus-Therian
|-damage|p1a: Landorus-Therian|105\/381
|
|-heal|p1a: Landorus-Therian|128\/381|[from] item: Leftovers
|turn|14
|c|âMwM Deadpool|lmaooo what hans actually learned eng off of 4chan?
|c|âMwM Deadpool|sickkk
|c| CidZeroZero|i wish i was kidding xD
|c|âMwM Deadpool|english was my first language tho so like
|
|switch|p1a: Rotom-Wash|Rotom-Wash|221\/303
|move|p2a: Garchomp|Dragon Claw|p1a: Rotom-Wash
|-damage|p1a: Rotom-Wash|140\/303
|
|turn|15
|c| CidZeroZero|ice chomp sick.
|c| CidZeroZero|oh really?
|
|switch|p2a: Rotom-Wash|Rotom-Wash|85\/241 brn
|move|p1a: Rotom-Wash|Volt Switch|p2a: Rotom-Wash
|-damage|p2a: Rotom-Wash|0 fnt
|faint|p2a: Rotom-Wash
|
|switch|p1a: Zapdos|Zapdos|321\/321
|-ability|p1a: Zapdos|Pressure
|
|c| CidZeroZero|damn u aint brown u just really tan xD
|c|âMwM Deadpool|lmfaooooo
|
|switch|p2a: Garchomp|Garchomp-Mega, M|395\/395
|turn|16
|c|âMwM Deadpool|had a white-ass education too
|c|âMwM Deadpool|so
|c|âMwM Deadpool|yeah
|
|switch|p2a: Scizor|Scizor, F|281\/281
|move|p1a: Zapdos|Hidden Power|p2a: Scizor
|-resisted|p2a: Scizor
|-damage|p2a: Scizor|241\/281
|
|turn|17
|c| CidZeroZero|yeah yer tan
|c|âMwM Deadpool|my mum's practically a brit
|c| CidZeroZero|ehh, historically makes sense.
|
|switch|p1a: Landorus-Therian|Landorus-Therian, M|128\/381
|-ability|p1a: Landorus-Therian|Intimidate|[of] p2a: Scizor
|-unboost|p2a: Scizor|atk|1
|switch|p2a: Gengar|Gengar, F|261\/261
|
|-heal|p1a: Landorus-Therian|151\/381|[from] item: Leftovers
|turn|18
|
|switch|p1a: Empoleon|Empoleon, F|371\/371
|move|p2a: Gengar|Shadow Ball|p1a: Empoleon
|-damage|p1a: Empoleon|225\/371
|-damage|p2a: Gengar|235\/261|[from] item: Life Orb
|
|-heal|p1a: Empoleon|248\/371|[from] item: Leftovers
|turn|19
|
|move|p2a: Gengar|Focus Blast|p1a: Empoleon
|-supereffective|p1a: Empoleon
|-damage|p1a: Empoleon|0 fnt
|-damage|p2a: Gengar|209\/261|[from] item: Life Orb
|faint|p1a: Empoleon
|
|c|âMwM Deadpool|yup
|c| CidZeroZero|darth's just like sittin here w popcorn watchin us be idiots haha
|
|switch|p1a: Zapdos|Zapdos|321\/321
|-ability|p1a: Zapdos|Pressure
|turn|20
|c|âMwM Deadpool|lmfaooo
|
|move|p1a: Zapdos|Volt Switch|p2a: Gengar
|-damage|p2a: Gengar|46\/261
|c|âMwM Deadpool|hey lol how would AV gengar be
|
|switch|p1a: Rotom-Wash|Rotom-Wash|140\/303
|move|p2a: Gengar|Sludge Wave|p1a: Rotom-Wash
|-damage|p1a: Rotom-Wash|0 fnt
|-damage|p2a: Gengar|20\/261|[from] item: Life Orb
|faint|p1a: Rotom-Wash
|
|c|âMwM Deadpool|!dt gengar
|c|~|\/data-pokemon Gengar
|raw|<font size="1"><font color=#585858>Dex#:<\/font> 94&nbsp;|&ThickSpace;<font color=#585858>Height:<\/font> 1.5 m&nbsp;|&ThickSpace;<font color=#585858>Weight:<\/font> 40.5 kg <em>(60 BP)<\/em>&nbsp;|&ThickSpace;<font color=#585858>Dex Colour:<\/font> Purple&nbsp;|&ThickSpace;<font color=#585858>Egg Group(s):<\/font> Amorphous&nbsp;|&ThickSpace;<font color=#585858><font color=#585858>Does Not Evolve<\/font><\/font><\/font>
|c| CidZeroZero|...i hope that's not a serious question
|c|âDarth Venomous|lol
|
|switch|p1a: Metagross|Metagross-Mega|73\/301
|turn|21
|
|move|p1a: Metagross|Bullet Punch|p2a: Gengar
|-damage|p2a: Gengar|0 fnt
|faint|p2a: Gengar
|
|c|âMwM Deadpool|hey alex runs AV gren so like....
|
|switch|p2a: Scizor|Scizor, F|241\/281
|turn|22
|c| CidZeroZero|wait wut
|
|move|p1a: Metagross|Hammer Arm|p2a: Scizor
|-crit|p2a: Scizor
|-damage|p2a: Scizor|0 fnt
|-unboost|p1a: Metagross|spe|1
|faint|p2a: Scizor
|
|c| CidZeroZero|...u wonder y i question u all sometimes haha
|c|âMwM Deadpool|oooh sorry man
|c| CidZeroZero|that was close. might not have mattered. depends on the set
|c|âDarth Venomous|the force is strong with that one
|c|âMwM Deadpool|yeah yeah alex runs AV gren in his like 1800 team
|c| CidZeroZero|actually, nvm it did
|c|âMwM Deadpool|metagross is my new fav mega tbh
|c| CidZeroZero|what am i thinkin haha
|c|âMwM Deadpool|actually
|c| CidZeroZero|i get it darth!
|c|âMwM Deadpool|darth, was that CB zor?
|c|âDarth Venomous|yes
|c|âMwM Deadpool|lemme run a calc
|c|âDarth Venomous|adament
|c|âDarth Venomous|252 atk n speed
|
|switch|p2a: Gyarados|Gyarados, F|386\/386
|turn|23
|c|âMwM Deadpool|252 Atk Tough Claws Metagross Hammer Arm vs. 248 HP \/ 0 Def Mega Scizor: 118-139 (34.4 - 40.5%) -- guaranteed 3HKO
|c|âMwM Deadpool|oh speed?
|c|âDarth Venomous|252
|c|âMwM Deadpool|252+ Atk Mega Scizor Knock Off (97.5 BP) vs. 252 HP \/ 0 Def Metagross: 206-244 (56.5 - 67%) -- guaranteed 2HKO
|
|switch|p1a: Zapdos|Zapdos|321\/321
|-ability|p1a: Zapdos|Pressure
|move|p2a: Gyarados|Waterfall|p1a: Zapdos
|-damage|p1a: Zapdos|180\/321
|
|turn|24
|c| CidZeroZero|so mattered either way.
|c|âDarth Venomous|this move will
|c|âDarth Venomous|decide the gme
|c|âMwM Deadpool|yea lmao
|
|switch|p2a: Garchomp|Garchomp-Mega, M|395\/395
|move|p1a: Zapdos|Hidden Power|p2a: Garchomp
|-supereffective|p2a: Garchomp
|-damage|p2a: Garchomp|95\/395
|
|turn|25
|c|âMwM Deadpool|yissss
|c|âDarth Venomous|lol
|c|âDarth Venomous|i gve myself to the dark when i made the switch
|c|âDarth Venomous|noo
|
|switch|p2a: Gyarados|Gyarados, F|386\/386
|move|p1a: Zapdos|Hidden Power|p2a: Gyarados
|-damage|p2a: Gyarados|312\/386
|
|-heal|p2a: Gyarados|336\/386|[from] item: Leftovers
|turn|26
|c|âMwM Deadpool|hahahahha
|
|switch|p1a: Landorus-Therian|Landorus-Therian, M|151\/381
|-ability|p1a: Landorus-Therian|Intimidate|[of] p2a: Gyarados
|-unboost|p2a: Gyarados|atk|1
|move|p2a: Gyarados|Dragon Dance|p2a: Gyarados
|-boost|p2a: Gyarados|atk|1
|-boost|p2a: Gyarados|spe|1
|
|-heal|p2a: Gyarados|360\/386|[from] item: Leftovers
|-heal|p1a: Landorus-Therian|174\/381|[from] item: Leftovers
|turn|27
|
|move|p2a: Gyarados|Substitute|p2a: Gyarados
|-start|p2a: Gyarados|Substitute
|-damage|p2a: Gyarados|264\/386
|move|p1a: Landorus-Therian|Rock Tomb|p2a: Gyarados
|-supereffective|p2a: Gyarados
|-end|p2a: Gyarados|Substitute
|
|-heal|p2a: Gyarados|288\/386|[from] item: Leftovers
|-heal|p1a: Landorus-Therian|197\/381|[from] item: Leftovers
|turn|28
|c| CidZeroZero|not over quite yet
|c|âDarth Venomous|rock slide that sub was a bad move
|
|move|p2a: Gyarados|Dragon Dance|p2a: Gyarados
|-boost|p2a: Gyarados|atk|1
|-boost|p2a: Gyarados|spe|1
|move|p1a: Landorus-Therian|Rock Tomb|p2a: Gyarados
|-supereffective|p2a: Gyarados
|-damage|p2a: Gyarados|138\/386
|-unboost|p2a: Gyarados|spe|1
|
|-heal|p2a: Gyarados|162\/386|[from] item: Leftovers
|-heal|p1a: Landorus-Therian|220\/381|[from] item: Leftovers
|turn|29
|c| CidZeroZero|no speed 5 u
|c|âMwM Deadpool|rock tomb is one of the best moves on lando
|c|âMwM Deadpool|imo
|c|âMwM Deadpool|on lefties lando at least
|c|âDarth Venomous|oh is rocktom
|c|âDarth Venomous|its
|c|âMwM Deadpool|ye boiii
|c|âDarth Venomous|die jedi
|
|move|p2a: Gyarados|Waterfall|p1a: Landorus-Therian
|-supereffective|p1a: Landorus-Therian
|-damage|p1a: Landorus-Therian|0 fnt
|faint|p1a: Landorus-Therian
|-boost|p2a: Gyarados|atk|1|[from] ability: Moxie
|
|-heal|p2a: Gyarados|186\/386|[from] item: Leftovers
|
|switch|p1a: Zapdos|Zapdos|180\/321
|-ability|p1a: Zapdos|Pressure
|turn|30
|
|move|p1a: Zapdos|Volt Switch|p2a: Gyarados
|-supereffective|p2a: Gyarados
|-damage|p2a: Gyarados|0 fnt
|faint|p2a: Gyarados
|
|switch|p1a: Metagross|Metagross-Mega|73\/301
|
|c|âMwM Deadpool|thats gg
|
|switch|p2a: Garchomp|Garchomp-Mega, M|95\/395
|turn|31
|
|move|p1a: Metagross|Bullet Punch|p2a: Garchomp
|-damage|p2a: Garchomp|11\/395
|move|p2a: Garchomp|Earthquake|p1a: Metagross
|-supereffective|p1a: Metagross
|-damage|p1a: Metagross|0 fnt
|faint|p1a: Metagross
|
|c|âDarth Venomous|gg
|
|switch|p1a: Zapdos|Zapdos|180\/321
|-ability|p1a: Zapdos|Pressure
|turn|32
|
|move|p1a: Zapdos|Hidden Power|p2a: Garchomp
|-supereffective|p2a: Garchomp
|-damage|p2a: Garchomp|0 fnt
|faint|p2a: Garchomp
|
|win|MwM Deadpool
|raw|Ladder updating...
|raw|MwM Deadpool's rating: 1469 &rarr; <strong>1487<\/strong><br \/>(+18 for winning)
|raw|Darth Venomous's rating: 1441 &rarr; <strong>1423<\/strong><br \/>(-18 for losing)
|c|âDarth Venomous|see u guys
|c|âMwM Deadpool|hang on
|c|âDarth Venomous|sup
|c|âMwM Deadpool|dont leave yet
|c|âMwM Deadpool|where tf is zero at
|c|âDarth Venomous|tf?
|c| CidZeroZero|huh
|c|âDarth Venomous|the fuck?
|c| CidZeroZero|i was walkin sup
|c|âMwM Deadpool|check facebook
|c|âMwM Deadpool|yes
|c|âDarth Venomous|titties fuck
|c| CidZeroZero|hey darth
|c| CidZeroZero|u wanna join a group?
|c|âDarth Venomous|yeah
|c|âDarth Venomous|like a clan
|c|âDarth Venomous|?
|c| CidZeroZero|fb showdown group
|c| CidZeroZero|https:\/\/www.facebook.com\/groups\/CidZero
|c| CidZeroZero|vik u know u can recruit too doesn't all have to come from me :P
|c|âMwM Deadpool|oh rly
|c|âMwM Deadpool|idk im not on all that often
|c|âDarth Venomous|dont an cc
|c|âMwM Deadpool|didnt know that lmao