|join|Darth Venomous
|join|Repeater1947
|player|p1|Darth Venomous|169
|player|p2|Repeater1947|249
|gametype|singles
|gen|6
|tier|OU
|rated
|clearpoke
|poke|p1|Gliscor, M
|poke|p1|Umbreon, F
|poke|p1|Jellicent, F
|poke|p1|Metagross
|poke|p1|Hitmontop, M
|poke|p1|Volcarona, F
|poke|p2|Diancie
|poke|p2|Ferrothorn, M
|poke|p2|Latios, M
|poke|p2|Rotom-Wash
|poke|p2|Bisharp, M
|poke|p2|Talonflame, M
|rule|Swagger Clause: Swagger is banned
|rule|Baton Pass Clause: Limit one PokÃ©mon knowing Baton Pass
|rule|Sleep Clause Mod: Limit one foe put to sleep
|rule|Species Clause: Limit one of each PokÃ©mon
|rule|OHKO Clause: OHKO moves are banned
|rule|Moody Clause: Moody is banned
|rule|Evasion Moves Clause: Evasion moves are banned
|rule|Endless Battle Clause: Forcing endless battles is banned
|rule|HP Percentage Mod: HP is shown in percentages
|teampreview
|c|âRepeater1947|glhf
|
|start
|switch|p1a: Gliscor|Gliscor, M|291\/291
|switch|p2a: Ferrothorn|Ferrothorn, M|352\/352
|turn|1
|c|âDarth Venomous|yea
|
|move|p1a: Gliscor|Substitute|p1a: Gliscor
|-start|p1a: Gliscor|Substitute
|-damage|p1a: Gliscor|219\/291
|move|p2a: Ferrothorn|Stealth Rock|p1a: Gliscor
|-sidestart|p1: Darth Venomous|move: Stealth Rock
|
|-status|p1a: Gliscor|tox|[from] item: Toxic Orb
|turn|2
|
|move|p1a: Gliscor|Swords Dance|p1a: Gliscor
|-boost|p1a: Gliscor|atk|2
|move|p2a: Ferrothorn|Gyro Ball|p1a: Gliscor
|-end|p1a: Gliscor|Substitute
|
|-heal|p1a: Gliscor|255\/291 tox|[from] ability: Poison Heal
|turn|3
|
|switch|p2a: Rotom-Wash|Rotom-Wash|303\/303
|move|p1a: Gliscor|Earthquake|p2a: Rotom-Wash
|-immune|p2a: Rotom-Wash|[msg]
|
|-heal|p1a: Gliscor|291\/291 tox|[from] ability: Poison Heal
|turn|4
|
|move|p1a: Gliscor|Substitute|p1a: Gliscor
|-start|p1a: Gliscor|Substitute
|-damage|p1a: Gliscor|219\/291 tox
|move|p2a: Rotom-Wash|Hydro Pump|p1a: Gliscor|[miss]
|-miss|p2a: Rotom-Wash|p1a: Gliscor
|
|-heal|p1a: Gliscor|255\/291 tox|[from] ability: Poison Heal
|turn|5
|
|move|p1a: Gliscor|Facade|p2a: Rotom-Wash
|-damage|p2a: Rotom-Wash|125\/303
|move|p2a: Rotom-Wash|Hydro Pump|p1a: Gliscor
|-supereffective|p1a: Gliscor
|-end|p1a: Gliscor|Substitute
|
|-heal|p2a: Rotom-Wash|143\/303|[from] item: Leftovers
|-heal|p1a: Gliscor|291\/291 tox|[from] ability: Poison Heal
|turn|6
|
|switch|p2a: Ferrothorn|Ferrothorn, M|352\/352
|move|p1a: Gliscor|Facade|p2a: Ferrothorn
|-resisted|p2a: Ferrothorn
|-damage|p2a: Ferrothorn|262\/352
|-damage|p1a: Gliscor|255\/291 tox|[from] ability: Iron Barbs|[of] p2a: Ferrothorn
|-damage|p1a: Gliscor|207\/291 tox|[from] item: Rocky Helmet|[of] p2a: Ferrothorn
|
|-heal|p1a: Gliscor|243\/291 tox|[from] ability: Poison Heal
|turn|7
|
|switch|p1a: Metagross|Metagross|364\/364
|-damage|p1a: Metagross|342\/364|[from] Stealth Rock
|move|p2a: Ferrothorn|Leech Seed|p1a: Metagross
|-start|p1a: Metagross|move: Leech Seed
|
|-damage|p1a: Metagross|297\/364|[from] Leech Seed|[of] p2a: Ferrothorn
|-heal|p2a: Ferrothorn|307\/352|[silent]
|turn|8
|
|switch|p2a: Talonflame|Talonflame, M|297\/297
|detailschange|p1a: Metagross|Metagross-Mega
|-mega|p1a: Metagross|Metagross|Metagrossite
|move|p1a: Metagross|Stealth Rock|p2a: Talonflame
|-sidestart|p2: Repeater1947|move: Stealth Rock
|
|-damage|p1a: Metagross|252\/364|[from] Leech Seed|[of] p2a: Talonflame
|turn|9
|
|switch|p1a: Jellicent|Jellicent, F|404\/404
|-damage|p1a: Jellicent|354\/404|[from] Stealth Rock
|move|p2a: Talonflame|Swords Dance|p2a: Talonflame
|-boost|p2a: Talonflame|atk|2
|
|-heal|p1a: Jellicent|379\/404|[from] item: Leftovers
|turn|10
|
|move|p2a: Talonflame|Brave Bird|p1a: Jellicent
|-damage|p1a: Jellicent|0 fnt
|-damage|p2a: Talonflame|172\/297|[from] recoil|[of] p1a: Jellicent
|faint|p1a: Jellicent
|
|
|switch|p1a: Umbreon|Umbreon, F|394\/394
|-damage|p1a: Umbreon|345\/394|[from] Stealth Rock
|turn|11
|
|move|p2a: Talonflame|Brave Bird|p1a: Umbreon
|-damage|p1a: Umbreon|51\/394
|-damage|p2a: Talonflame|75\/297|[from] recoil|[of] p1a: Umbreon
|move|p1a: Umbreon|Foul Play|p2a: Talonflame
|-damage|p2a: Talonflame|0 fnt
|faint|p2a: Talonflame
|
|-heal|p1a: Umbreon|75\/394|[from] item: Leftovers
|
|switch|p2a: Bisharp|Bisharp, M|271\/271
|-damage|p2a: Bisharp|255\/271|[from] Stealth Rock
|turn|12
|
|move|p2a: Bisharp|Iron Head|p1a: Umbreon
|-damage|p1a: Umbreon|0 fnt
|-damage|p2a: Bisharp|228\/271|[from] item: Life Orb
|faint|p1a: Umbreon
|
|
|switch|p1a: Gliscor|Gliscor, M|243\/291 tox
|-damage|p1a: Gliscor|207\/291 tox|[from] Stealth Rock
|turn|13
|
|switch|p2a: Latios|Latios, M|301\/301
|-damage|p2a: Latios|264\/301|[from] Stealth Rock
|move|p1a: Gliscor|Substitute|p1a: Gliscor
|-start|p1a: Gliscor|Substitute
|-damage|p1a: Gliscor|135\/291 tox
|
|-heal|p1a: Gliscor|171\/291 tox|[from] ability: Poison Heal
|turn|14
|
|move|p2a: Latios|Psyshock|p1a: Gliscor
|-end|p1a: Gliscor|Substitute
|-damage|p2a: Latios|234\/301|[from] item: Life Orb
|move|p1a: Gliscor|Facade|p2a: Latios
|-damage|p2a: Latios|77\/301
|
|-heal|p1a: Gliscor|207\/291 tox|[from] ability: Poison Heal
|turn|15
|
|switch|p1a: Metagross|Metagross-Mega|252\/364
|-damage|p1a: Metagross|230\/364|[from] Stealth Rock
|move|p2a: Latios|Draco Meteor|p1a: Metagross
|-resisted|p1a: Metagross
|-damage|p1a: Metagross|135\/364
|-unboost|p2a: Latios|spa|2
|-damage|p2a: Latios|47\/301|[from] item: Life Orb
|
|turn|16
|
|switch|p2a: Rotom-Wash|Rotom-Wash|143\/303
|-damage|p2a: Rotom-Wash|106\/303|[from] Stealth Rock
|switch|p1a: Gliscor|Gliscor, M|207\/291 tox
|-damage|p1a: Gliscor|171\/291 tox|[from] Stealth Rock
|
|-heal|p2a: Rotom-Wash|124\/303|[from] item: Leftovers
|-heal|p1a: Gliscor|207\/291 tox|[from] ability: Poison Heal
|turn|17
|
|move|p1a: Gliscor|Substitute|p1a: Gliscor
|-start|p1a: Gliscor|Substitute
|-damage|p1a: Gliscor|135\/291 tox
|move|p2a: Rotom-Wash|Hydro Pump|p1a: Gliscor|[miss]
|-miss|p2a: Rotom-Wash|p1a: Gliscor
|
|-heal|p2a: Rotom-Wash|142\/303|[from] item: Leftovers
|-heal|p1a: Gliscor|171\/291 tox|[from] ability: Poison Heal
|turn|18
|
|switch|p2a: Ferrothorn|Ferrothorn, M|307\/352
|-damage|p2a: Ferrothorn|285\/352|[from] Stealth Rock
|move|p1a: Gliscor|Facade|p2a: Ferrothorn
|-resisted|p2a: Ferrothorn
|-damage|p2a: Ferrothorn|237\/352
|-damage|p1a: Gliscor|135\/291 tox|[from] ability: Iron Barbs|[of] p2a: Ferrothorn
|-damage|p1a: Gliscor|87\/291 tox|[from] item: Rocky Helmet|[of] p2a: Ferrothorn
|
|-heal|p1a: Gliscor|123\/291 tox|[from] ability: Poison Heal
|turn|19
|
|move|p1a: Gliscor|Swords Dance|p1a: Gliscor
|-boost|p1a: Gliscor|atk|2
|move|p2a: Ferrothorn|Gyro Ball|p1a: Gliscor
|-end|p1a: Gliscor|Substitute
|
|-heal|p1a: Gliscor|159\/291 tox|[from] ability: Poison Heal
|turn|20
|
|move|p1a: Gliscor|Substitute|p1a: Gliscor
|-start|p1a: Gliscor|Substitute
|-damage|p1a: Gliscor|87\/291 tox
|move|p2a: Ferrothorn|Power Whip|p1a: Gliscor
|-end|p1a: Gliscor|Substitute
|
|-heal|p1a: Gliscor|123\/291 tox|[from] ability: Poison Heal
|turn|21
|
|move|p1a: Gliscor|Substitute|p1a: Gliscor
|-start|p1a: Gliscor|Substitute
|-damage|p1a: Gliscor|51\/291 tox
|move|p2a: Ferrothorn|Power Whip|p1a: Gliscor
|-end|p1a: Gliscor|Substitute
|
|-heal|p1a: Gliscor|87\/291 tox|[from] ability: Poison Heal
|turn|22
|
|move|p1a: Gliscor|Earthquake|p2a: Ferrothorn
|-damage|p2a: Ferrothorn|47\/352
|move|p2a: Ferrothorn|Power Whip|p1a: Gliscor
|-damage|p1a: Gliscor|0 fnt
|faint|p1a: Gliscor
|
|
|switch|p1a: Hitmontop|Hitmontop, M|300\/300
|-damage|p1a: Hitmontop|282\/300|[from] Stealth Rock
|-ability|p1a: Hitmontop|Intimidate|[of] p2a: Ferrothorn
|-unboost|p2a: Ferrothorn|atk|1
|turn|23
|
|move|p1a: Hitmontop|Rapid Spin|p2a: Ferrothorn
|-resisted|p2a: Ferrothorn
|-damage|p2a: Ferrothorn|42\/352
|-damage|p1a: Hitmontop|245\/300|[from] ability: Iron Barbs|[of] p2a: Ferrothorn
|-damage|p1a: Hitmontop|195\/300|[from] item: Rocky Helmet|[of] p2a: Ferrothorn
|-sideend|p1: Darth Venomous|Stealth Rock|[from] move: Rapid Spin|[of] p1a: Hitmontop
|move|p2a: Ferrothorn|Power Whip|p1a: Hitmontop
|-damage|p1a: Hitmontop|129\/300
|
|-heal|p1a: Hitmontop|147\/300|[from] item: Leftovers
|turn|24
|
|switch|p1a: Volcarona|Volcarona, F|311\/311
|move|p2a: Ferrothorn|Gyro Ball|p1a: Volcarona
|-resisted|p1a: Volcarona
|-damage|p1a: Volcarona|233\/311
|
|turn|25
|
|move|p1a: Volcarona|Quiver Dance|p1a: Volcarona
|-boost|p1a: Volcarona|spa|1
|-boost|p1a: Volcarona|spd|1
|-boost|p1a: Volcarona|spe|1
|move|p2a: Ferrothorn|Leech Seed|p1a: Volcarona|[miss]
|-miss|p2a: Ferrothorn|p1a: Volcarona
|
|turn|26
|
|switch|p2a: Diancie|Diancie|241\/241
|-damage|p2a: Diancie|211\/241|[from] Stealth Rock
|move|p1a: Volcarona|Bug Buzz|p2a: Diancie
|-resisted|p2a: Diancie
|-damage|p2a: Diancie|95\/241
|-damage|p1a: Volcarona|202\/311|[from] item: Life Orb
|
|turn|27
|
|move|p1a: Volcarona|Giga Drain|p2a: Diancie
|-supereffective|p2a: Diancie
|-damage|p2a: Diancie|0 fnt
|-heal|p1a: Volcarona|250\/311|[from] drain|[of] p2a: Diancie
|-damage|p1a: Volcarona|219\/311|[from] item: Life Orb
|faint|p2a: Diancie
|
|
|switch|p2a: Rotom-Wash|Rotom-Wash|142\/303
|-damage|p2a: Rotom-Wash|105\/303|[from] Stealth Rock
|turn|28
|
|move|p1a: Volcarona|Giga Drain|p2a: Rotom-Wash
|-crit|p2a: Rotom-Wash
|-supereffective|p2a: Rotom-Wash
|-damage|p2a: Rotom-Wash|0 fnt
|-heal|p1a: Volcarona|272\/311|[from] drain|[of] p2a: Rotom-Wash
|-damage|p1a: Volcarona|241\/311|[from] item: Life Orb
|faint|p2a: Rotom-Wash
|
|
|switch|p2a: Latios|Latios, M|47\/301
|-damage|p2a: Latios|10\/301|[from] Stealth Rock
|turn|29
|
|move|p1a: Volcarona|Giga Drain|p2a: Latios
|-resisted|p2a: Latios
|-damage|p2a: Latios|0 fnt
|-heal|p1a: Volcarona|246\/311|[from] drain|[of] p2a: Latios
|-damage|p1a: Volcarona|215\/311|[from] item: Life Orb
|faint|p2a: Latios
|
|
|switch|p2a: Bisharp|Bisharp, M|228\/271
|-damage|p2a: Bisharp|212\/271|[from] Stealth Rock
|turn|30
|
|move|p2a: Bisharp|Sucker Punch|p1a: Volcarona
|-damage|p1a: Volcarona|0 fnt
|-damage|p2a: Bisharp|185\/271|[from] item: Life Orb
|faint|p1a: Volcarona
|
|
|switch|p1a: Metagross|Metagross-Mega|135\/364
|turn|31
|
|move|p2a: Bisharp|Sucker Punch|p1a: Metagross
|-supereffective|p1a: Metagross
|-damage|p1a: Metagross|0 fnt
|-damage|p2a: Bisharp|158\/271|[from] item: Life Orb
|faint|p1a: Metagross
|
|
|switch|p1a: Hitmontop|Hitmontop, M|147\/300
|-ability|p1a: Hitmontop|Intimidate|[of] p2a: Bisharp
|-unboost|p2a: Bisharp|atk|1
|-boost|p2a: Bisharp|atk|2|[from] ability: Defiant
|turn|32
|
|move|p2a: Bisharp|Sucker Punch|p1a: Hitmontop
|-resisted|p1a: Hitmontop
|-damage|p1a: Hitmontop|25\/300
|-damage|p2a: Bisharp|131\/271|[from] item: Life Orb
|move|p1a: Hitmontop|Close Combat|p2a: Bisharp
|-supereffective|p2a: Bisharp
|-damage|p2a: Bisharp|0 fnt
|-unboost|p1a: Hitmontop|def|1
|-unboost|p1a: Hitmontop|spd|1
|faint|p2a: Bisharp
|
|-heal|p1a: Hitmontop|43\/300|[from] item: Leftovers
|
|switch|p2a: Ferrothorn|Ferrothorn, M|42\/352
|-damage|p2a: Ferrothorn|20\/352|[from] Stealth Rock
|turn|33
|c|âDarth Venomous|iron head?
|
|move|p1a: Hitmontop|Close Combat|p2a: Ferrothorn
|-supereffective|p2a: Ferrothorn
|-damage|p2a: Ferrothorn|0 fnt
|-damage|p1a: Hitmontop|6\/300|[from] ability: Iron Barbs|[of] p2a: Ferrothorn
|-damage|p1a: Hitmontop|0 fnt|[from] item: Rocky Helmet|[of] p2a: Ferrothorn
|faint|p1a: Hitmontop
|faint|p2a: Ferrothorn
|
|win|Repeater1947
|raw|Ladder updating...
|raw|Darth Venomous's rating: 1433 &rarr; <strong>1413<\/strong><br \/>(-20 for losing)
|raw|Repeater1947's rating: 1432 &rarr; <strong>1452<\/strong><br \/>(+20 for winning)
|c|âRepeater1947|gg
|c|âDarth Venomous|gg
|leave|Darth Venomous
|player|p1