|join|BlueHippo
|join|Darth Venomous
|player|p1|BlueHippo|288
|player|p2|Darth Venomous|101
|gametype|singles
|gen|6
|tier|OU
|rated
|clearpoke
|poke|p1|Heatran, F
|poke|p1|Gengar, M
|poke|p1|Lopunny, F
|poke|p1|Azumarill, M
|poke|p1|Latios, M
|poke|p1|Landorus-Therian, M
|poke|p2|Umbreon, M
|poke|p2|Landorus, M
|poke|p2|Hitmontop, M
|poke|p2|Charizard, F
|poke|p2|Jellicent, M
|poke|p2|Registeel
|rule|Swagger Clause: Swagger is banned
|rule|Baton Pass Clause: Limit one PokÃ©mon knowing Baton Pass
|rule|Sleep Clause Mod: Limit one foe put to sleep
|rule|Species Clause: Limit one of each PokÃ©mon
|rule|OHKO Clause: OHKO moves are banned
|rule|Moody Clause: Moody is banned
|rule|Evasion Moves Clause: Evasion moves are banned
|rule|Endless Battle Clause: Forcing endless battles is banned
|rule|HP Percentage Mod: HP is shown in percentages
|teampreview
|
|start
|switch|p1a: Gengar|Gengar, M|261\/261
|switch|p2a: Hitmontop|Hitmontop, M|304\/304
|-ability|p2a: Hitmontop|Intimidate|[of] p1a: Gengar
|-unboost|p1a: Gengar|atk|1
|turn|1
|
|switch|p2a: Umbreon|Umbreon, M|394\/394
|move|p1a: Gengar|Substitute|p1a: Gengar
|-start|p1a: Gengar|Substitute
|-damage|p1a: Gengar|196\/261
|
|turn|2
|
|move|p2a: Umbreon|Protect|p2a: Umbreon
|-singleturn|p2a: Umbreon|Protect
|move|p1a: Gengar|Focus Blast|p2a: Umbreon
|-activate|p2a: Umbreon|Protect
|
|turn|3
|
|move|p1a: Gengar|Focus Blast|p2a: Umbreon
|-supereffective|p2a: Umbreon
|-damage|p2a: Umbreon|92\/394
|-damage|p1a: Gengar|170\/261|[from] item: Life Orb
|move|p2a: Umbreon|Wish|p2a: Umbreon
|
|-heal|p2a: Umbreon|116\/394|[from] item: Leftovers
|turn|4
|
|move|p2a: Umbreon|Protect|p2a: Umbreon
|-singleturn|p2a: Umbreon|Protect
|move|p1a: Gengar|Sludge Wave|p2a: Umbreon
|-activate|p2a: Umbreon|Protect
|
|-heal|p2a: Umbreon|313\/394|[from] move: Wish|[wisher] Umbreon
|-heal|p2a: Umbreon|337\/394|[from] item: Leftovers
|turn|5
|
|move|p1a: Gengar|Focus Blast|p2a: Umbreon
|-supereffective|p2a: Umbreon
|-damage|p2a: Umbreon|41\/394
|-damage|p1a: Gengar|144\/261|[from] item: Life Orb
|move|p2a: Umbreon|Wish|p2a: Umbreon
|
|-heal|p2a: Umbreon|65\/394|[from] item: Leftovers
|turn|6
|
|move|p2a: Umbreon|Protect|p2a: Umbreon
|-singleturn|p2a: Umbreon|Protect
|move|p1a: Gengar|Sludge Wave|p2a: Umbreon
|-activate|p2a: Umbreon|Protect
|
|-heal|p2a: Umbreon|262\/394|[from] move: Wish|[wisher] Umbreon
|-heal|p2a: Umbreon|286\/394|[from] item: Leftovers
|turn|7
|
|move|p1a: Gengar|Focus Blast|p2a: Umbreon|[miss]
|-miss|p1a: Gengar|p2a: Umbreon
|move|p2a: Umbreon|Wish|p2a: Umbreon
|
|-heal|p2a: Umbreon|310\/394|[from] item: Leftovers
|turn|8
|
|move|p1a: Gengar|Sludge Wave|p2a: Umbreon
|-damage|p2a: Umbreon|119\/394
|-damage|p1a: Gengar|118\/261|[from] item: Life Orb
|move|p2a: Umbreon|Foul Play|p1a: Gengar
|-supereffective|p1a: Gengar
|-end|p1a: Gengar|Substitute
|
|-heal|p2a: Umbreon|316\/394|[from] move: Wish|[wisher] Umbreon
|-heal|p2a: Umbreon|340\/394|[from] item: Leftovers
|turn|9
|
|move|p2a: Umbreon|Protect|p2a: Umbreon
|-singleturn|p2a: Umbreon|Protect
|move|p1a: Gengar|Substitute|p1a: Gengar
|-start|p1a: Gengar|Substitute
|-damage|p1a: Gengar|53\/261
|
|-heal|p2a: Umbreon|364\/394|[from] item: Leftovers
|turn|10
|
|move|p1a: Gengar|Pain Split|p2a: Umbreon
|-sethp|p2a: Umbreon|208\/394|p1a: Gengar|208\/261|[from] move: Pain Split
|move|p2a: Umbreon|Wish|p2a: Umbreon
|
|-heal|p2a: Umbreon|232\/394|[from] item: Leftovers
|turn|11
|
|switch|p1a: Heatran|Heatran, F|324\/324
|-item|p1a: Heatran|Air Balloon
|move|p2a: Umbreon|Protect|p2a: Umbreon
|-fail|p2a: Umbreon
|
|-heal|p2a: Umbreon|394\/394|[from] move: Wish|[wisher] Umbreon
|turn|12
|
|switch|p2a: Hitmontop|Hitmontop, M|304\/304
|-ability|p2a: Hitmontop|Intimidate|[of] p1a: Heatran
|-unboost|p1a: Heatran|atk|1
|move|p1a: Heatran|Stealth Rock|p2a: Hitmontop
|-sidestart|p2: Darth Venomous|move: Stealth Rock
|
|turn|13
|
|move|p1a: Heatran|Fire Blast|p2a: Hitmontop
|-damage|p2a: Hitmontop|151\/304
|move|p2a: Hitmontop|Foresight|p1a: Heatran
|-start|p1a: Heatran|Foresight
|
|-heal|p2a: Hitmontop|170\/304|[from] item: Leftovers
|turn|14
|
|switch|p2a: Jellicent|Jellicent, M|404\/404
|-damage|p2a: Jellicent|354\/404|[from] Stealth Rock
|move|p1a: Heatran|Earth Power|p2a: Jellicent
|-damage|p2a: Jellicent|267\/404
|
|-heal|p2a: Jellicent|292\/404|[from] item: Leftovers
|turn|15
|
|switch|p1a: Latios|Latios, M|301\/301
|move|p2a: Jellicent|Confuse Ray|p1a: Latios
|-start|p1a: Latios|confusion
|
|-heal|p2a: Jellicent|317\/404|[from] item: Leftovers
|turn|16
|
|switch|p1a: Azumarill|Azumarill, M|364\/364
|switch|p2a: Registeel|Registeel|364\/364
|-damage|p2a: Registeel|342\/364|[from] Stealth Rock
|
|-heal|p2a: Registeel|364\/364|[from] item: Leftovers
|turn|17
|
|switch|p1a: Landorus-Therian|Landorus-Therian, M|319\/319
|-ability|p1a: Landorus-Therian|Intimidate|[of] p2a: Registeel
|-fail|p2a: Registeel|unboost|[from] ability: Clear Body|[of] p2a: Registeel
|move|p2a: Registeel|Stealth Rock|p1a: Landorus-Therian
|-sidestart|p1: BlueHippo|move: Stealth Rock
|
|turn|18
|
|switch|p2a: Landorus|Landorus, M|319\/319
|-damage|p2a: Landorus|280\/319|[from] Stealth Rock
|move|p1a: Landorus-Therian|U-turn|p2a: Landorus
|-resisted|p2a: Landorus
|-damage|p2a: Landorus|227\/319
|
|switch|p1a: Lopunny|Lopunny, F|271\/271
|-damage|p1a: Lopunny|238\/271|[from] Stealth Rock
|
|turn|19
|
|switch|p2a: Hitmontop|Hitmontop, M|170\/304
|-damage|p2a: Hitmontop|151\/304|[from] Stealth Rock
|-ability|p2a: Hitmontop|Intimidate|[of] p1a: Lopunny
|-unboost|p1a: Lopunny|atk|1
|detailschange|p1a: Lopunny|Lopunny-Mega, F
|-mega|p1a: Lopunny|Lopunny|Lopunnite
|move|p1a: Lopunny|Fake Out|p2a: Hitmontop
|-damage|p2a: Hitmontop|109\/304
|
|-heal|p2a: Hitmontop|128\/304|[from] item: Leftovers
|turn|20
|
|switch|p1a: Gengar|Gengar, M|208\/261
|-damage|p1a: Gengar|176\/261|[from] Stealth Rock
|switch|p2a: Registeel|Registeel|364\/364
|-damage|p2a: Registeel|342\/364|[from] Stealth Rock
|
|-heal|p2a: Registeel|364\/364|[from] item: Leftovers
|turn|21
|
|switch|p2a: Jellicent|Jellicent, M|317\/404
|-damage|p2a: Jellicent|267\/404|[from] Stealth Rock
|move|p1a: Gengar|Substitute|p1a: Gengar
|-start|p1a: Gengar|Substitute
|-damage|p1a: Gengar|111\/261
|
|-heal|p2a: Jellicent|292\/404|[from] item: Leftovers
|turn|22
|
|move|p1a: Gengar|Pain Split|p2a: Jellicent
|-sethp|p2a: Jellicent|201\/404|p1a: Gengar|201\/261|[from] move: Pain Split
|move|p2a: Jellicent|Recover|p2a: Jellicent
|-heal|p2a: Jellicent|403\/404
|
|-heal|p2a: Jellicent|404\/404|[from] item: Leftovers
|turn|23
|
|move|p1a: Gengar|Pain Split|p2a: Jellicent
|-sethp|p2a: Jellicent|302\/404|p1a: Gengar|261\/261|[from] move: Pain Split
|move|p2a: Jellicent|Scald|p1a: Gengar
|-end|p1a: Gengar|Substitute
|
|-heal|p2a: Jellicent|327\/404|[from] item: Leftovers
|turn|24
|
|move|p1a: Gengar|Substitute|p1a: Gengar
|-start|p1a: Gengar|Substitute
|-damage|p1a: Gengar|196\/261
|move|p2a: Jellicent|Confuse Ray|p1a: Gengar
|
|-heal|p2a: Jellicent|352\/404|[from] item: Leftovers
|turn|25
|
|move|p1a: Gengar|Pain Split|p2a: Jellicent
|-sethp|p2a: Jellicent|274\/404|p1a: Gengar|261\/261|[from] move: Pain Split
|move|p2a: Jellicent|Recover|p2a: Jellicent
|-heal|p2a: Jellicent|404\/404
|
|turn|26
|
|switch|p1a: Latios|Latios, M|301\/301
|-damage|p1a: Latios|264\/301|[from] Stealth Rock
|move|p2a: Jellicent|Scald|p1a: Latios
|-resisted|p1a: Latios
|-damage|p1a: Latios|225\/301
|-status|p1a: Latios|brn
|
|-damage|p1a: Latios|188\/301 brn|[from] brn
|turn|27
|
|switch|p2a: Registeel|Registeel|364\/364
|-damage|p2a: Registeel|342\/364|[from] Stealth Rock
|move|p1a: Latios|Draco Meteor|p2a: Registeel
|-resisted|p2a: Registeel
|-damage|p2a: Registeel|264\/364
|-unboost|p1a: Latios|spa|2
|-damage|p1a: Latios|158\/301 brn|[from] item: Life Orb
|
|-heal|p2a: Registeel|286\/364|[from] item: Leftovers
|-damage|p1a: Latios|121\/301 brn|[from] brn
|turn|28
|
|switch|p2a: Umbreon|Umbreon, M|394\/394
|-damage|p2a: Umbreon|345\/394|[from] Stealth Rock
|move|p1a: Latios|Roost|p1a: Latios
|-heal|p1a: Latios|272\/301 brn
|
|-heal|p2a: Umbreon|369\/394|[from] item: Leftovers
|-damage|p1a: Latios|235\/301 brn|[from] brn
|turn|29
|
|switch|p1a: Heatran|Heatran, F|324\/324
|-damage|p1a: Heatran|284\/324|[from] Stealth Rock
|-item|p1a: Heatran|Air Balloon
|move|p2a: Umbreon|Wish|p2a: Umbreon
|
|-heal|p2a: Umbreon|393\/394|[from] item: Leftovers
|turn|30
|
|switch|p2a: Jellicent|Jellicent, M|404\/404
|-damage|p2a: Jellicent|354\/404|[from] Stealth Rock
|move|p1a: Heatran|Fire Blast|p2a: Jellicent|[miss]
|-miss|p1a: Heatran|p2a: Jellicent
|
|-heal|p2a: Jellicent|404\/404|[from] move: Wish|[wisher] Umbreon
|turn|31
|
|switch|p1a: Latios|Latios, M|235\/301 brn
|-damage|p1a: Latios|198\/301 brn|[from] Stealth Rock
|move|p2a: Jellicent|Confuse Ray|p1a: Latios
|-start|p1a: Latios|confusion
|
|-damage|p1a: Latios|161\/301 brn|[from] brn
|turn|32
|
|switch|p1a: Azumarill|Azumarill, M|364\/364
|-damage|p1a: Azumarill|319\/364|[from] Stealth Rock
|switch|p2a: Umbreon|Umbreon, M|393\/394
|-damage|p2a: Umbreon|344\/394|[from] Stealth Rock
|
|-heal|p2a: Umbreon|368\/394|[from] item: Leftovers
|turn|33
|
|switch|p2a: Registeel|Registeel|286\/364
|-damage|p2a: Registeel|264\/364|[from] Stealth Rock
|move|p1a: Azumarill|Play Rough|p2a: Registeel
|-resisted|p2a: Registeel
|-damage|p2a: Registeel|193\/364
|
|-heal|p2a: Registeel|215\/364|[from] item: Leftovers
|turn|34
|
|switch|p1a: Landorus-Therian|Landorus-Therian, M|319\/319
|-damage|p1a: Landorus-Therian|280\/319|[from] Stealth Rock
|-ability|p1a: Landorus-Therian|Intimidate|[of] p2a: Registeel
|-fail|p2a: Registeel|unboost|[from] ability: Clear Body|[of] p2a: Registeel
|switch|p2a: Umbreon|Umbreon, M|368\/394
|-damage|p2a: Umbreon|319\/394|[from] Stealth Rock
|
|-heal|p2a: Umbreon|343\/394|[from] item: Leftovers
|turn|35
|
|move|p1a: Landorus-Therian|U-turn|p2a: Umbreon
|-supereffective|p2a: Umbreon
|-damage|p2a: Umbreon|211\/394
|
|switch|p1a: Heatran|Heatran, F|284\/324
|-damage|p1a: Heatran|244\/324|[from] Stealth Rock
|-item|p1a: Heatran|Air Balloon
|move|p2a: Umbreon|Wish|p2a: Umbreon
|
|-heal|p2a: Umbreon|235\/394|[from] item: Leftovers
|turn|36
|
|move|p2a: Umbreon|Protect|p2a: Umbreon
|-singleturn|p2a: Umbreon|Protect
|move|p1a: Heatran|Fire Blast|p2a: Umbreon
|-activate|p2a: Umbreon|Protect
|
|-heal|p2a: Umbreon|394\/394|[from] move: Wish|[wisher] Umbreon
|turn|37
|
|move|p1a: Heatran|Taunt|p2a: Umbreon
|-start|p2a: Umbreon|move: Taunt
|cant|p2a: Umbreon|move: Taunt|Wish
|
|turn|38
|
|switch|p1a: Azumarill|Azumarill, M|319\/364
|-damage|p1a: Azumarill|274\/364|[from] Stealth Rock
|switch|p2a: Jellicent|Jellicent, M|404\/404
|-damage|p2a: Jellicent|354\/404|[from] Stealth Rock
|
|-heal|p2a: Jellicent|379\/404|[from] item: Leftovers
|turn|39
|
|switch|p2a: Registeel|Registeel|215\/364
|-damage|p2a: Registeel|193\/364|[from] Stealth Rock
|move|p1a: Azumarill|Knock Off|p2a: Registeel
|-damage|p2a: Registeel|86\/364
|-enditem|p2a: Registeel|Leftovers|[from] move: Knock Off|[of] p1a: Azumarill
|
|turn|40
|
|move|p1a: Azumarill|Belly Drum|p1a: Azumarill
|-damage|p1a: Azumarill|92\/364
|-setboost|p1a: Azumarill|atk|6|[from] move: Belly Drum
|-enditem|p1a: Azumarill|Sitrus Berry|[eat]
|-heal|p1a: Azumarill|183\/364|[from] item: Sitrus Berry
|move|p2a: Registeel|Rest|p2a: Registeel
|-status|p2a: Registeel|slp
|-heal|p2a: Registeel|364\/364 slp|[silent]
|-status|p2a: Registeel|slp|[from] move: Rest
|
|turn|41
|
|switch|p2a: Hitmontop|Hitmontop, M|128\/304
|-damage|p2a: Hitmontop|109\/304|[from] Stealth Rock
|-ability|p2a: Hitmontop|Intimidate|[of] p1a: Azumarill
|-unboost|p1a: Azumarill|atk|1
|move|p1a: Azumarill|Aqua Jet|p2a: Hitmontop
|-damage|p2a: Hitmontop|0 fnt
|faint|p2a: Hitmontop
|
|
|switch|p2a: Umbreon|Umbreon, M|394\/394
|-damage|p2a: Umbreon|345\/394|[from] Stealth Rock
|turn|42
|
|move|p2a: Umbreon|Protect|p2a: Umbreon
|-singleturn|p2a: Umbreon|Protect
|move|p1a: Azumarill|Play Rough|p2a: Umbreon
|-activate|p2a: Umbreon|Protect
|
|-heal|p2a: Umbreon|369\/394|[from] item: Leftovers
|turn|43
|
|move|p1a: Azumarill|Play Rough|p2a: Umbreon
|-supereffective|p2a: Umbreon
|-damage|p2a: Umbreon|0 fnt
|faint|p2a: Umbreon
|
|c|âDarth Venomous|gg
|c|âBlueHippo|gg
|-message|Darth Venomous forfeited.
|leave|Darth Venomous
|
|win|BlueHippo
|raw|Ladder updating...
|player|p2
|raw|BlueHippo's rating: 1466 &rarr; <strong>1486<\/strong><br \/>(+20 for winning)
|raw|Darth Venomous's rating: 1467 &rarr; <strong>1447<\/strong><br \/>(-20 for losing)