|join|buttickler212
|join|Darth Venomous
|player|p1|buttickler212|163
|player|p2|Darth Venomous|169
|gametype|singles
|gen|6
|tier|OU
|rated
|clearpoke
|poke|p1|Conkeldurr, M
|poke|p1|Sylveon, F
|poke|p1|Slowbro, M
|poke|p1|Charizard, F
|poke|p1|Latios, M
|poke|p1|Ferrothorn, F
|poke|p2|Umbreon, M
|poke|p2|Metagross
|poke|p2|Landorus, M
|poke|p2|Hitmontop, M
|poke|p2|Charizard, F
|poke|p2|Jellicent, M
|rule|Swagger Clause: Swagger is banned
|rule|Baton Pass Clause: Limit one PokÃ©mon knowing Baton Pass
|rule|Sleep Clause Mod: Limit one foe put to sleep
|rule|Species Clause: Limit one of each PokÃ©mon
|rule|OHKO Clause: OHKO moves are banned
|rule|Moody Clause: Moody is banned
|rule|Evasion Moves Clause: Evasion moves are banned
|rule|Endless Battle Clause: Forcing endless battles is banned
|rule|HP Percentage Mod: HP is shown in percentages
|teampreview
|
|start
|switch|p1a: Conkeldurr|Conkeldurr, M|414\/414
|switch|p2a: Jellicent|Jellicent, M|404\/404
|turn|1
|
|switch|p2a: Hitmontop|Hitmontop, M|304\/304
|-ability|p2a: Hitmontop|Intimidate|[of] p1a: Conkeldurr
|-unboost|p1a: Conkeldurr|atk|1
|move|p1a: Conkeldurr|Knock Off|p2a: Hitmontop
|-resisted|p2a: Hitmontop
|-damage|p2a: Hitmontop|266\/304
|-enditem|p2a: Hitmontop|Leftovers|[from] move: Knock Off|[of] p1a: Conkeldurr
|
|turn|2
|
|switch|p1a: Slowbro|Slowbro, M|394\/394
|move|p2a: Hitmontop|Toxic|p1a: Slowbro
|-status|p1a: Slowbro|tox
|
|-damage|p1a: Slowbro|370\/394 tox|[from] psn
|turn|3
|
|switch|p2a: Jellicent|Jellicent, M|404\/404
|move|p1a: Slowbro|Psyshock|p2a: Jellicent
|-damage|p2a: Jellicent|302\/404
|
|-heal|p2a: Jellicent|327\/404|[from] item: Leftovers
|-heal|p1a: Slowbro|394\/394 tox|[from] item: Leftovers
|-damage|p1a: Slowbro|346\/394 tox|[from] psn
|turn|4
|
|switch|p1a: Conkeldurr|Conkeldurr, M|414\/414
|move|p2a: Jellicent|Confuse Ray|p1a: Conkeldurr
|-start|p1a: Conkeldurr|confusion
|
|-heal|p2a: Jellicent|352\/404|[from] item: Leftovers
|turn|5
|join|Swordscraft
|
|move|p2a: Jellicent|Toxic|p1a: Conkeldurr
|-status|p1a: Conkeldurr|tox
|-activate|p1a: Conkeldurr|confusion
|-damage|p1a: Conkeldurr|322\/414 tox|[from] confusion
|
|-heal|p2a: Jellicent|377\/404|[from] item: Leftovers
|-damage|p1a: Conkeldurr|297\/414 tox|[from] psn
|turn|6
|
|switch|p2a: Hitmontop|Hitmontop, M|266\/304
|-ability|p2a: Hitmontop|Intimidate|[of] p1a: Conkeldurr
|-unboost|p1a: Conkeldurr|atk|1
|-activate|p1a: Conkeldurr|confusion
|move|p1a: Conkeldurr|Knock Off|p2a: Hitmontop
|-resisted|p2a: Hitmontop
|-damage|p2a: Hitmontop|230\/304
|
|-damage|p1a: Conkeldurr|247\/414 tox|[from] psn
|turn|7
|
|switch|p1a: Sylveon|Sylveon, F|394\/394
|move|p2a: Hitmontop|Close Combat|p1a: Sylveon
|-resisted|p1a: Sylveon
|-damage|p1a: Sylveon|294\/394
|-unboost|p2a: Hitmontop|def|1
|-unboost|p2a: Hitmontop|spd|1
|
|-heal|p1a: Sylveon|318\/394|[from] item: Leftovers
|turn|8
|
|switch|p2a: Metagross|Metagross|364\/364
|move|p1a: Sylveon|Heal Bell|p1a: Sylveon
|-cureteam|p1a: Sylveon|[from] move: HealBell
|
|-heal|p1a: Sylveon|342\/394|[from] item: Leftovers
|turn|9
|
|switch|p1a: Ferrothorn|Ferrothorn, F|352\/352
|move|p2a: Metagross|Stealth Rock|p1a: Ferrothorn
|-sidestart|p1: buttickler212|move: Stealth Rock
|
|turn|10
|
|switch|p2a: Charizard|Charizard, F|297\/297
|move|p1a: Ferrothorn|Stealth Rock|p2a: Charizard
|-sidestart|p2: Darth Venomous|move: Stealth Rock
|
|turn|11
|
|switch|p1a: Latios|Latios, M|302\/302
|-damage|p1a: Latios|265\/302|[from] Stealth Rock
|detailschange|p2a: Charizard|Charizard-Mega-X, F
|-mega|p2a: Charizard|Charizard|Charizardite X
|move|p2a: Charizard|Fire Punch|p1a: Latios
|-resisted|p1a: Latios
|-damage|p1a: Latios|160\/302
|
|turn|12
|
|switch|p2a: Metagross|Metagross|364\/364
|-damage|p2a: Metagross|342\/364|[from] Stealth Rock
|move|p1a: Latios|Draco Meteor|p2a: Metagross
|-resisted|p2a: Metagross
|-damage|p2a: Metagross|225\/364
|-unboost|p1a: Latios|spa|2
|-damage|p1a: Latios|130\/302|[from] item: Life Orb
|
|-heal|p2a: Metagross|247\/364|[from] item: Leftovers
|turn|13
|
|switch|p1a: Ferrothorn|Ferrothorn, F|352\/352
|-damage|p1a: Ferrothorn|330\/352|[from] Stealth Rock
|move|p2a: Metagross|Iron Head|p1a: Ferrothorn
|-resisted|p1a: Ferrothorn
|-damage|p1a: Ferrothorn|296\/352
|-damage|p2a: Metagross|202\/364|[from] ability: Iron Barbs|[of] p1a: Ferrothorn
|-damage|p2a: Metagross|142\/364|[from] item: Rocky Helmet|[of] p1a: Ferrothorn
|
|-heal|p2a: Metagross|164\/364|[from] item: Leftovers
|turn|14
|
|move|p2a: Metagross|Rest|p2a: Metagross
|-status|p2a: Metagross|slp
|-heal|p2a: Metagross|364\/364 slp|[silent]
|-status|p2a: Metagross|slp|[from] move: Rest
|move|p1a: Ferrothorn|Spikes|p2a: Metagross
|-sidestart|p2: Darth Venomous|Spikes
|
|turn|15
|
|switch|p2a: Landorus|Landorus, M|319\/319
|-damage|p2a: Landorus|280\/319|[from] Stealth Rock
|move|p1a: Ferrothorn|Spikes|p2a: Landorus
|-sidestart|p2: Darth Venomous|Spikes
|
|turn|16
|
|move|p2a: Landorus|Focus Blast|p1a: Ferrothorn|[miss]
|-miss|p2a: Landorus|p1a: Ferrothorn
|move|p1a: Ferrothorn|Leech Seed|p2a: Landorus
|-start|p2a: Landorus|move: Leech Seed
|
|-damage|p2a: Landorus|241\/319|[from] Leech Seed|[of] p1a: Ferrothorn
|-heal|p1a: Ferrothorn|335\/352|[silent]
|turn|17
|
|switch|p2a: Hitmontop|Hitmontop, M|230\/304
|-damage|p2a: Hitmontop|211\/304|[from] Stealth Rock
|-damage|p2a: Hitmontop|161\/304|[from] Spikes
|-ability|p2a: Hitmontop|Intimidate|[of] p1a: Ferrothorn
|-unboost|p1a: Ferrothorn|atk|1
|move|p1a: Ferrothorn|Gyro Ball|p2a: Hitmontop
|-damage|p2a: Hitmontop|100\/304
|
|turn|18
|
|move|p2a: Hitmontop|Rapid Spin|p1a: Ferrothorn
|-crit|p1a: Ferrothorn
|-resisted|p1a: Ferrothorn
|-damage|p1a: Ferrothorn|328\/352
|-damage|p2a: Hitmontop|62\/304|[from] ability: Iron Barbs|[of] p1a: Ferrothorn
|-damage|p2a: Hitmontop|12\/304|[from] item: Rocky Helmet|[of] p1a: Ferrothorn
|-sideend|p2: Darth Venomous|Spikes|[from] move: Rapid Spin|[of] p2a: Hitmontop
|-sideend|p2: Darth Venomous|Stealth Rock|[from] move: Rapid Spin|[of] p2a: Hitmontop
|move|p1a: Ferrothorn|Stealth Rock|p2a: Hitmontop
|-sidestart|p2: Darth Venomous|move: Stealth Rock
|
|turn|19
|
|switch|p2a: Landorus|Landorus, M|241\/319
|-damage|p2a: Landorus|202\/319|[from] Stealth Rock
|move|p1a: Ferrothorn|Spikes|p2a: Landorus
|-sidestart|p2: Darth Venomous|Spikes
|
|turn|20
|
|move|p2a: Landorus|Focus Blast|p1a: Ferrothorn|[miss]
|-miss|p2a: Landorus|p1a: Ferrothorn
|move|p1a: Ferrothorn|Leech Seed|p2a: Landorus
|-start|p2a: Landorus|move: Leech Seed
|
|-damage|p2a: Landorus|163\/319|[from] Leech Seed|[of] p1a: Ferrothorn
|-heal|p1a: Ferrothorn|352\/352|[silent]
|turn|21
|-message|Darth Venomous forfeited.
|
|win|buttickler212
|raw|Ladder updating...
|leave|Darth Venomous
|raw|buttickler212's rating: 1462 &rarr; <strong>1485<\/strong><br \/>(+23 for winning)
|raw|Darth Venomous's rating: 1511 &rarr; <strong>1488<\/strong><br \/>(-23 for losing)
|player|p2
|leave|buttickler212
|player|p1