|join|Darth Venomous
|join|nkk
|player|p1|Darth Venomous|101
|player|p2|nkk|101
|gametype|singles
|gen|6
|tier|OU
|rated
|clearpoke
|poke|p1|Umbreon, M
|poke|p1|Metagross
|poke|p1|Landorus, M
|poke|p1|Hitmontop, M
|poke|p1|Charizard, M
|poke|p1|Jellicent, M
|poke|p2|Clefable, F
|poke|p2|Latias, F
|poke|p2|Lucario, M
|poke|p2|Heatran, M
|poke|p2|Rotom-Wash
|poke|p2|Pinsir, F
|rule|Swagger Clause: Swagger is banned
|rule|Baton Pass Clause: Limit one PokÃ©mon knowing Baton Pass
|rule|Sleep Clause Mod: Limit one foe put to sleep
|rule|Species Clause: Limit one of each PokÃ©mon
|rule|OHKO Clause: OHKO moves are banned
|rule|Moody Clause: Moody is banned
|rule|Evasion Moves Clause: Evasion moves are banned
|rule|Endless Battle Clause: Forcing endless battles is banned
|rule|HP Percentage Mod: HP is shown in percentages
|teampreview
|
|start
|switch|p1a: Metagross|Metagross|364\/364
|switch|p2a: Clefable|Clefable, F|394\/394
|turn|1
|join|kharlos isai
|
|switch|p2a: Rotom-Wash|Rotom-Wash|304\/304
|move|p1a: Metagross|Stealth Rock|p2a: Rotom-Wash
|-sidestart|p2: nkk|move: Stealth Rock
|
|turn|2
|
|switch|p1a: Umbreon|Umbreon, M|394\/394
|move|p2a: Rotom-Wash|Volt Switch|p1a: Umbreon
|-damage|p1a: Umbreon|324\/394
|leave|kharlos isai
|
|switch|p2a: Lucario|Lucario, M|281\/281
|-damage|p2a: Lucario|273\/281|[from] Stealth Rock
|
|-heal|p1a: Umbreon|348\/394|[from] item: Leftovers
|turn|3
|
|switch|p2a: Clefable|Clefable, F|394\/394
|switch|p1a: Hitmontop|Hitmontop, M|304\/304
|-ability|p1a: Hitmontop|Intimidate|[of] p2a: Clefable
|-unboost|p2a: Clefable|atk|1
|
|turn|4
|
|switch|p1a: Metagross|Metagross|364\/364
|move|p2a: Clefable|Stealth Rock|p1a: Metagross
|-sidestart|p1: Darth Venomous|move: Stealth Rock
|
|turn|5
|
|switch|p1a: Hitmontop|Hitmontop, M|304\/304
|-damage|p1a: Hitmontop|285\/304|[from] Stealth Rock
|-ability|p1a: Hitmontop|Intimidate|[of] p2a: Clefable
|-unboost|p2a: Clefable|atk|1
|switch|p2a: Rotom-Wash|Rotom-Wash|304\/304
|-damage|p2a: Rotom-Wash|266\/304|[from] Stealth Rock
|
|-heal|p2a: Rotom-Wash|285\/304|[from] item: Leftovers
|-heal|p1a: Hitmontop|304\/304|[from] item: Leftovers
|turn|6
|
|move|p2a: Rotom-Wash|Will-O-Wisp|p1a: Hitmontop
|-status|p1a: Hitmontop|brn
|move|p1a: Hitmontop|Toxic|p2a: Rotom-Wash
|-status|p2a: Rotom-Wash|tox
|
|-heal|p2a: Rotom-Wash|304\/304 tox|[from] item: Leftovers
|-damage|p2a: Rotom-Wash|285\/304 tox|[from] psn
|-damage|p1a: Hitmontop|266\/304 brn|[from] brn
|turn|7
|
|move|p2a: Rotom-Wash|Volt Switch|p1a: Hitmontop
|-damage|p1a: Hitmontop|199\/304 brn
|
|switch|p2a: Heatran|Heatran, M|323\/323
|-damage|p2a: Heatran|283\/323|[from] Stealth Rock
|move|p1a: Hitmontop|Rapid Spin|p2a: Heatran
|-resisted|p2a: Heatran
|-damage|p2a: Heatran|279\/323
|-sideend|p1: Darth Venomous|Stealth Rock|[from] move: Rapid Spin|[of] p1a: Hitmontop
|
|-heal|p1a: Hitmontop|218\/304 brn|[from] item: Leftovers
|-damage|p1a: Hitmontop|180\/304 brn|[from] brn
|turn|8
|
|switch|p1a: Jellicent|Jellicent, M|404\/404
|move|p2a: Heatran|Magma Storm|p1a: Jellicent
|-resisted|p1a: Jellicent
|-damage|p1a: Jellicent|325\/404
|-activate|p1a: Jellicent|move: Magma Storm|[of] p2a: Heatran
|
|-heal|p1a: Jellicent|350\/404|[from] item: Leftovers
|-damage|p1a: Jellicent|300\/404|[from] move: Magma Storm|[partiallytrapped]
|turn|9
|
|move|p2a: Heatran|Solar Beam|p1a: Jellicent|[still]
|-prepare|p2a: Heatran|Solar Beam|p1a: Jellicent
|-enditem|p2a: Heatran|Power Herb
|-anim|p2a: Heatran|Solar Beam|p1a: Jellicent
|-supereffective|p1a: Jellicent
|-damage|p1a: Jellicent|40\/404
|move|p1a: Jellicent|Confuse Ray|p2a: Heatran
|-start|p2a: Heatran|confusion
|
|-heal|p1a: Jellicent|65\/404|[from] item: Leftovers
|-damage|p1a: Jellicent|15\/404|[from] move: Magma Storm|[partiallytrapped]
|turn|10
|
|-activate|p2a: Heatran|confusion
|move|p2a: Heatran|Lava Plume|p1a: Jellicent
|-resisted|p1a: Jellicent
|-damage|p1a: Jellicent|0 fnt
|faint|p1a: Jellicent
|
|
|switch|p1a: Charizard|Charizard, M|297\/297
|turn|11
|
|switch|p2a: Clefable|Clefable, F|394\/394
|detailschange|p1a: Charizard|Charizard-Mega-X, M
|-mega|p1a: Charizard|Charizard|Charizardite X
|move|p1a: Charizard|Dragon Dance|p1a: Charizard
|-boost|p1a: Charizard|atk|1
|-boost|p1a: Charizard|spe|1
|
|turn|12
|
|move|p1a: Charizard|Fire Punch|p2a: Clefable
|-damage|p2a: Clefable|145\/394
|move|p2a: Clefable|Thunder Wave|p1a: Charizard
|-status|p1a: Charizard|par
|
|-heal|p2a: Clefable|169\/394|[from] item: Leftovers
|turn|13
|
|move|p2a: Clefable|Stealth Rock|p1a: Charizard
|-sidestart|p1: Darth Venomous|move: Stealth Rock
|cant|p1a: Charizard|par
|
|-heal|p2a: Clefable|193\/394|[from] item: Leftovers
|turn|14
|
|move|p2a: Clefable|Moonblast|p1a: Charizard
|-damage|p1a: Charizard|185\/297 par
|move|p1a: Charizard|Fire Punch|p2a: Clefable
|-damage|p2a: Clefable|0 fnt
|faint|p2a: Clefable
|
|
|switch|p2a: Pinsir|Pinsir, F|271\/271
|-damage|p2a: Pinsir|204\/271|[from] Stealth Rock
|-ability|p2a: Pinsir|Mold Breaker
|turn|15
|
|switch|p1a: Hitmontop|Hitmontop, M|180\/304 brn
|-damage|p1a: Hitmontop|161\/304 brn|[from] Stealth Rock
|-ability|p1a: Hitmontop|Intimidate|[of] p2a: Pinsir
|-unboost|p2a: Pinsir|atk|1
|detailschange|p2a: Pinsir|Pinsir-Mega, F
|-mega|p2a: Pinsir|Pinsir|Pinsirite
|move|p2a: Pinsir|Return|p1a: Hitmontop
|-supereffective|p1a: Hitmontop
|-damage|p1a: Hitmontop|0 fnt
|faint|p1a: Hitmontop
|
|
|switch|p1a: Umbreon|Umbreon, M|348\/394
|-damage|p1a: Umbreon|299\/394|[from] Stealth Rock
|turn|16
|
|switch|p2a: Heatran|Heatran, M|279\/323
|-damage|p2a: Heatran|239\/323|[from] Stealth Rock
|move|p1a: Umbreon|Heal Bell|p1a: Umbreon
|-cureteam|p1a: Umbreon|[from] move: HealBell
|
|-heal|p1a: Umbreon|323\/394|[from] item: Leftovers
|turn|17
|
|move|p1a: Umbreon|Protect|p1a: Umbreon
|-singleturn|p1a: Umbreon|Protect
|move|p2a: Heatran|Magma Storm|p1a: Umbreon
|-activate|p1a: Umbreon|Protect
|
|-heal|p1a: Umbreon|347\/394|[from] item: Leftovers
|turn|18
|
|move|p2a: Heatran|Earth Power|p1a: Umbreon
|-damage|p1a: Umbreon|253\/394
|move|p1a: Umbreon|Wish|p1a: Umbreon
|
|-heal|p1a: Umbreon|277\/394|[from] item: Leftovers
|turn|19
|
|switch|p1a: Charizard|Charizard-Mega-X, M|185\/297
|-damage|p1a: Charizard|111\/297|[from] Stealth Rock
|move|p2a: Heatran|Earth Power|p1a: Charizard
|-supereffective|p1a: Charizard
|-damage|p1a: Charizard|0 fnt
|faint|p1a: Charizard
|
|-message|Darth Venomous forfeited.
|leave|Darth Venomous
|
|switch|p1a: Landorus|Landorus, M|319\/319
|-damage|p1a: Landorus|280\/319|[from] Stealth Rock
|turn|20
|
|win|nkk
|raw|Ladder updating...
|player|p1
|raw|Darth Venomous's rating: 1452 &rarr; <strong>1427<\/strong><br \/>(-25 for losing)
|raw|nkk's rating: 1368 &rarr; <strong>1392<\/strong><br \/>(+24 for winning)