|join|Darth Venomous
|join|Elcaryan
|player|p1|Darth Venomous|170
|player|p2|Elcaryan|290
|gametype|singles
|gen|6
|tier|OU (suspect test)
|rated
|clearpoke
|poke|p1|Conkeldurr, F
|poke|p1|Jirachi
|poke|p1|Landorus, M
|poke|p1|Gengar, M
|poke|p1|Milotic, F
|poke|p1|Darmanitan, M
|poke|p2|Gallade, M
|poke|p2|Heatran, M
|poke|p2|Skarmory, M, shiny
|poke|p2|Breloom, M, shiny
|poke|p2|Clefable, F
|poke|p2|Raikou, shiny
|rule|Swagger Clause: Swagger is banned
|rule|Baton Pass Clause: Limit one PokÃ©mon knowing Baton Pass
|rule|Sleep Clause Mod: Limit one foe put to sleep
|rule|Species Clause: Limit one of each PokÃ©mon
|rule|OHKO Clause: OHKO moves are banned
|rule|Moody Clause: Moody is banned
|rule|Evasion Moves Clause: Evasion moves are banned
|rule|Endless Battle Clause: Forcing endless battles is banned
|rule|HP Percentage Mod: HP is shown in percentages
|teampreview
|c|âElcaryan|threats unite over here
|
|start
|switch|p1a: Landorus|Landorus, M|319\/319
|switch|p2a: Razorwing|Skarmory, M, shiny|334\/334
|turn|1
|
|move|p1a: Landorus|Focus Blast|p2a: Razorwing
|-damage|p2a: Razorwing|48\/334
|move|p2a: Razorwing|Stealth Rock|p1a: Landorus
|-sidestart|p1: Darth Venomous|move: Stealth Rock
|
|turn|2
|
|move|p1a: Landorus|Hidden Power|p2a: Razorwing
|-crit|p2a: Razorwing
|-damage|p2a: Razorwing|0 fnt
|-damage|p1a: Landorus|288\/319|[from] item: Life Orb
|faint|p2a: Razorwing
|
|
|switch|p2a: Breloominati|Breloom, M, shiny|261\/261
|turn|3
|
|move|p1a: Landorus|Sludge Wave|p2a: Breloominati
|-supereffective|p2a: Breloominati
|-enditem|p2a: Breloominati|Focus Sash
|-damage|p2a: Breloominati|1\/261
|move|p2a: Breloominati|Spore|p1a: Landorus
|-status|p1a: Landorus|slp
|
|turn|4
|
|cant|p1a: Landorus|slp
|move|p2a: Breloominati|Swords Dance|p2a: Breloominati
|-boost|p2a: Breloominati|atk|2
|
|turn|5
|
|cant|p1a: Landorus|slp
|move|p2a: Breloominati|Bullet Seed|p1a: Landorus
|-damage|p1a: Landorus|153\/319 slp
|-damage|p1a: Landorus|2\/319 slp
|-damage|p1a: Landorus|0 fnt
|-hitcount|p1a: Landorus|3
|faint|p1a: Landorus
|
|
|switch|p1a: Gengar|Gengar, M|261\/261
|-damage|p1a: Gengar|229\/261|[from] Stealth Rock
|turn|6
|
|move|p1a: Gengar|Shadow Ball|p2a: Breloominati
|-damage|p2a: Breloominati|0 fnt
|-damage|p1a: Gengar|203\/261|[from] item: Life Orb
|faint|p2a: Breloominati
|
|
|switch|p2a: Voltic|Raikou, shiny|321\/321
|-ability|p2a: Voltic|Pressure
|turn|7
|
|switch|p1a: Jirachi|Jirachi|404\/404
|-damage|p1a: Jirachi|379\/404|[from] Stealth Rock
|move|p2a: Voltic|Shadow Ball|p1a: Jirachi
|-supereffective|p1a: Jirachi
|-damage|p1a: Jirachi|171\/404
|-unboost|p1a: Jirachi|spd|1
|
|-heal|p1a: Jirachi|196\/404|[from] item: Leftovers
|turn|8
|
|move|p2a: Voltic|Shadow Ball|p1a: Jirachi
|-crit|p1a: Jirachi
|-supereffective|p1a: Jirachi
|-damage|p1a: Jirachi|0 fnt
|faint|p1a: Jirachi
|
|
|switch|p1a: Milotic|Milotic, F|392\/392
|-damage|p1a: Milotic|343\/392|[from] Stealth Rock
|turn|9
|
|switch|p2a: Marshmeloon|Clefable, F|394\/394
|move|p1a: Milotic|Scald|p2a: Marshmeloon
|-damage|p2a: Marshmeloon|292\/394
|-status|p2a: Marshmeloon|brn
|
|-heal|p1a: Milotic|367\/392|[from] item: Leftovers
|-heal|p2a: Marshmeloon|316\/394 brn|[from] item: Leftovers
|turn|10
|
|switch|p1a: Gengar|Gengar, M|203\/261
|-damage|p1a: Gengar|171\/261|[from] Stealth Rock
|move|p2a: Marshmeloon|Calm Mind|p2a: Marshmeloon
|-boost|p2a: Marshmeloon|spa|1
|-boost|p2a: Marshmeloon|spd|1
|
|-heal|p2a: Marshmeloon|340\/394 brn|[from] item: Leftovers
|turn|11
|
|move|p1a: Gengar|Sludge Wave|p2a: Marshmeloon
|-supereffective|p2a: Marshmeloon
|-damage|p2a: Marshmeloon|41\/394 brn
|-damage|p1a: Gengar|145\/261|[from] item: Life Orb
|move|p2a: Marshmeloon|Flamethrower|p1a: Gengar
|-damage|p1a: Gengar|6\/261
|
|-heal|p2a: Marshmeloon|65\/394 brn|[from] item: Leftovers
|turn|12
|
|move|p1a: Gengar|Shadow Ball|p2a: Marshmeloon
|-damage|p2a: Marshmeloon|0 fnt
|-damage|p1a: Gengar|0 fnt|[from] item: Life Orb
|faint|p2a: Marshmeloon
|faint|p1a: Gengar
|
|
|switch|p2a: Voltic|Raikou, shiny|321\/321
|switch|p1a: Conkeldurr|Conkeldurr, F|390\/390
|-ability|p2a: Voltic|Pressure
|-damage|p1a: Conkeldurr|366\/390|[from] Stealth Rock
|turn|13
|
|move|p2a: Voltic|Thunderbolt|p1a: Conkeldurr
|-damage|p1a: Conkeldurr|150\/390
|move|p1a: Conkeldurr|Drain Punch|p2a: Voltic
|-crit|p2a: Voltic
|-damage|p2a: Voltic|86\/321
|-heal|p1a: Conkeldurr|268\/390|[from] drain|[of] p2a: Voltic
|
|-heal|p1a: Conkeldurr|292\/390|[from] item: Leftovers
|turn|14
|
|move|p2a: Voltic|Thunderbolt|p1a: Conkeldurr
|-damage|p1a: Conkeldurr|91\/390
|-status|p1a: Conkeldurr|par
|move|p1a: Conkeldurr|Knock Off|p2a: Voltic
|-damage|p2a: Voltic|0 fnt
|-enditem|p2a: Voltic|Choice Specs|[from] move: Knock Off|[of] p1a: Conkeldurr
|faint|p2a: Voltic
|
|-heal|p1a: Conkeldurr|115\/390 par|[from] item: Leftovers
|
|switch|p2a: Artorigus|Gallade, M|277\/277
|turn|15
|
|detailschange|p2a: Artorigus|Gallade-Mega, M
|-mega|p2a: Artorigus|Gallade|Galladite
|move|p2a: Artorigus|Zen Headbutt|p1a: Conkeldurr
|-supereffective|p1a: Conkeldurr
|-damage|p1a: Conkeldurr|0 fnt
|faint|p1a: Conkeldurr
|
|
|switch|p1a: Darmanitan|Darmanitan, M|351\/351
|-damage|p1a: Darmanitan|264\/351|[from] Stealth Rock
|turn|16
|
|move|p2a: Artorigus|Close Combat|p1a: Darmanitan
|-damage|p1a: Darmanitan|0 fnt
|-unboost|p2a: Artorigus|def|1
|-unboost|p2a: Artorigus|spd|1
|faint|p1a: Darmanitan
|
|
|switch|p1a: Milotic|Milotic, F|367\/392
|-damage|p1a: Milotic|318\/392|[from] Stealth Rock
|turn|17
|c|âElcaryan|gg
|
|move|p2a: Artorigus|Close Combat|p1a: Milotic
|-damage|p1a: Milotic|60\/392
|-unboost|p2a: Artorigus|def|1
|-unboost|p2a: Artorigus|spd|1
|move|p1a: Milotic|Scald|p2a: Artorigus
|-damage|p2a: Artorigus|102\/277
|
|-heal|p1a: Milotic|84\/392|[from] item: Leftovers
|turn|18
|
|move|p2a: Artorigus|Close Combat|p1a: Milotic
|-damage|p1a: Milotic|0 fnt
|-unboost|p2a: Artorigus|def|1
|-unboost|p2a: Artorigus|spd|1
|faint|p1a: Milotic
|
|win|Elcaryan
|raw|Ladder updating...
|raw|Darth Venomous's rating: 1137 &rarr; <strong>1120<\/strong><br \/>(-17 for losing)
|raw|Elcaryan's rating: 1253 &rarr; <strong>1270<\/strong><br \/>(+17 for winning)
|c|âDarth Venomous|gg
|leave|Darth Venomous
|player|p1