|join|Jack41
|join|demacekilljoy
|player|p1|Jack41|17
|player|p2|demacekilljoy|39
|gametype|singles
|gen|6
|tier|OU
|rated
|clearpoke
|poke|p1|Charizard, M
|poke|p1|Excadrill, M
|poke|p1|Tyranitar, F
|poke|p1|Azumarill, F
|poke|p1|Thundurus, M
|poke|p1|Dragonite, M
|poke|p2|Diggersby, M
|poke|p2|Raikou
|poke|p2|Azelf
|poke|p2|Bisharp, M
|poke|p2|Slowbro, M
|poke|p2|Landorus, M
|rule|Swagger Clause: Swagger is banned
|rule|Baton Pass Clause: Limit one PokÃ©mon knowing Baton Pass
|rule|Sleep Clause Mod: Limit one foe put to sleep
|rule|Species Clause: Limit one of each PokÃ©mon
|rule|OHKO Clause: OHKO moves are banned
|rule|Moody Clause: Moody is banned
|rule|Evasion Moves Clause: Evasion moves are banned
|rule|Endless Battle Clause: Forcing endless battles is banned
|rule|HP Percentage Mod: HP is shown in percentages
|teampreview
|
|start
|switch|p1a: Tyranitar|Tyranitar, F|403\/403
|switch|p2a: Azelf|Azelf|291\/291
|-weather|Sandstorm
|turn|1
|
|switch|p2a: Slowbro|Slowbro, M|394\/394
|move|p1a: Tyranitar|Crunch|p2a: Slowbro
|-supereffective|p2a: Slowbro
|-damage|p2a: Slowbro|166\/394
|
|-weather|Sandstorm|[upkeep]
|-damage|p2a: Slowbro|142\/394|[from] sandstorm
|turn|2
|
|switch|p2a: Bisharp|Bisharp, M|272\/272
|move|p1a: Tyranitar|Stealth Rock|p2a: Bisharp
|-sidestart|p2: demacekilljoy|move: Stealth Rock
|
|-weather|Sandstorm|[upkeep]
|turn|3
|
|move|p2a: Bisharp|Pursuit|p1a: Tyranitar
|-resisted|p1a: Tyranitar
|-damage|p1a: Tyranitar|373\/403
|move|p1a: Tyranitar|Earthquake|p2a: Bisharp
|-supereffective|p2a: Bisharp
|-damage|p2a: Bisharp|78\/272
|
|-weather|Sandstorm|[upkeep]
|turn|4
|
|move|p2a: Bisharp|Iron Head|p1a: Tyranitar
|-supereffective|p1a: Tyranitar
|-damage|p1a: Tyranitar|181\/403
|move|p1a: Tyranitar|Crunch|p2a: Bisharp
|-resisted|p2a: Bisharp
|-damage|p2a: Bisharp|19\/272
|
|-weather|Sandstorm|[upkeep]
|turn|5
|
|switch|p1a: Azumarill|Azumarill, F|398\/398
|move|p2a: Bisharp|Iron Head|p1a: Azumarill
|-crit|p1a: Azumarill
|-damage|p1a: Azumarill|142\/398
|
|-weather|Sandstorm|[upkeep]
|-damage|p1a: Azumarill|118\/398|[from] sandstorm
|turn|6
|
|move|p2a: Bisharp|Sucker Punch|p1a: Azumarill
|-resisted|p1a: Azumarill
|-damage|p1a: Azumarill|12\/398
|move|p1a: Azumarill|Aqua Jet|p2a: Bisharp
|-damage|p2a: Bisharp|0 fnt
|faint|p2a: Bisharp
|
|-weather|Sandstorm|[upkeep]
|-damage|p1a: Azumarill|0 fnt|[from] sandstorm
|faint|p1a: Azumarill
|
|switch|p1a: Thundurus|Thundurus, M|299\/299
|switch|p2a: Slowbro|Slowbro, M|273\/394
|-damage|p2a: Slowbro|224\/394|[from] Stealth Rock
|turn|7
|
|switch|p2a: Raikou|Raikou|322\/322
|-damage|p2a: Raikou|282\/322|[from] Stealth Rock
|-ability|p2a: Raikou|Pressure
|move|p1a: Thundurus|Thunderbolt|p2a: Raikou
|-resisted|p2a: Raikou
|-damage|p2a: Raikou|175\/322
|-damage|p1a: Thundurus|270\/299|[from] item: Life Orb
|
|-weather|Sandstorm|[upkeep]
|-damage|p1a: Thundurus|252\/299|[from] sandstorm
|-damage|p2a: Raikou|155\/322|[from] sandstorm
|-heal|p2a: Raikou|175\/322|[from] item: Leftovers
|turn|8
|
|switch|p1a: Excadrill|Excadrill, M|361\/361
|move|p2a: Raikou|Thunderbolt|p1a: Excadrill
|-immune|p1a: Excadrill|[msg]
|
|-weather|none
|-heal|p2a: Raikou|195\/322|[from] item: Leftovers
|turn|9
|
|switch|p2a: Landorus|Landorus, M|319\/319
|-damage|p2a: Landorus|280\/319|[from] Stealth Rock
|switch|p1a: Tyranitar|Tyranitar, F|181\/403
|-weather|Sandstorm
|
|-weather|Sandstorm|[upkeep]
|turn|10
|
|move|p2a: Landorus|Rock Polish|p2a: Landorus
|-boost|p2a: Landorus|spe|2
|move|p1a: Tyranitar|Ice Beam|p2a: Landorus
|-supereffective|p2a: Landorus
|-damage|p2a: Landorus|0 fnt
|faint|p2a: Landorus
|
|-weather|Sandstorm|[upkeep]
|
|switch|p2a: Diggersby|Diggersby, M|311\/311
|-damage|p2a: Diggersby|292\/311|[from] Stealth Rock
|turn|11
|
|switch|p1a: Dragonite|Dragonite, M|324\/324
|move|p2a: Diggersby|Swords Dance|p2a: Diggersby
|-boost|p2a: Diggersby|atk|2
|
|-weather|Sandstorm|[upkeep]
|-damage|p1a: Dragonite|304\/324|[from] sandstorm
|turn|12
|
|move|p2a: Diggersby|Frustration|p1a: Dragonite
|-crit|p1a: Dragonite
|-damage|p1a: Dragonite|0 fnt
|-damage|p2a: Diggersby|261\/311|[from] item: Life Orb
|faint|p1a: Dragonite
|
|-weather|Sandstorm|[upkeep]
|
|switch|p1a: Charizard|Charizard, M|315\/315
|turn|13
|
|detailschange|p1a: Charizard|Charizard-Mega-X, M
|-mega|p1a: Charizard|Charizard|Charizardite X
|move|p2a: Diggersby|Quick Attack|p1a: Charizard
|-damage|p1a: Charizard|111\/315
|-damage|p2a: Diggersby|230\/311|[from] item: Life Orb
|move|p1a: Charizard|Flare Blitz|p2a: Diggersby
|-damage|p2a: Diggersby|0 fnt
|-damage|p1a: Charizard|35\/315|[from] recoil|[of] p2a: Diggersby
|faint|p2a: Diggersby
|
|-weather|Sandstorm|[upkeep]
|-damage|p1a: Charizard|16\/315|[from] sandstorm
|
|switch|p2a: Azelf|Azelf|291\/291
|-damage|p2a: Azelf|255\/291|[from] Stealth Rock
|turn|14
|
|move|p2a: Azelf|Fire Blast|p1a: Charizard
|-resisted|p1a: Charizard
|-damage|p1a: Charizard|0 fnt
|faint|p1a: Charizard
|
|-weather|Sandstorm|[upkeep]
|-damage|p2a: Azelf|237\/291|[from] sandstorm
|
|switch|p1a: Excadrill|Excadrill, M|361\/361
|turn|15
|
|move|p1a: Excadrill|Iron Head|p2a: Azelf
|-damage|p2a: Azelf|0 fnt
|-damage|p1a: Excadrill|325\/361|[from] item: Life Orb
|faint|p2a: Azelf
|
|-weather|Sandstorm|[upkeep]
|
|switch|p2a: Slowbro|Slowbro, M|355\/394
|-damage|p2a: Slowbro|306\/394|[from] Stealth Rock
|turn|16
|
|switch|p1a: Thundurus|Thundurus, M|252\/299
|detailschange|p2a: Slowbro|Slowbro-Mega, M
|-mega|p2a: Slowbro|Slowbro|Slowbronite
|move|p2a: Slowbro|Psyshock|p1a: Thundurus
|-damage|p1a: Thundurus|39\/299
|
|-weather|none
|turn|17
|
|switch|p2a: Raikou|Raikou|195\/322
|-damage|p2a: Raikou|155\/322|[from] Stealth Rock
|-ability|p2a: Raikou|Pressure
|move|p1a: Thundurus|Thunderbolt|p2a: Raikou
|-resisted|p2a: Raikou
|-damage|p2a: Raikou|38\/322
|-damage|p1a: Thundurus|10\/299|[from] item: Life Orb
|
|-heal|p2a: Raikou|58\/322|[from] item: Leftovers
|turn|18
|
|switch|p1a: Tyranitar|Tyranitar, F|181\/403
|-weather|Sandstorm
|move|p2a: Raikou|Hidden Power|p1a: Tyranitar
|-damage|p1a: Tyranitar|132\/403
|
|-weather|Sandstorm|[upkeep]
|-damage|p2a: Raikou|38\/322|[from] sandstorm
|-heal|p2a: Raikou|58\/322|[from] item: Leftovers
|turn|19
|
|move|p2a: Raikou|Thunderbolt|p1a: Tyranitar
|-damage|p1a: Tyranitar|27\/403
|move|p1a: Tyranitar|Crunch|p2a: Raikou
|-damage|p2a: Raikou|0 fnt
|faint|p2a: Raikou
|
|-weather|Sandstorm|[upkeep]
|c|âJack41|btw why jolly diggerbsy
|
|switch|p2a: Slowbro|Slowbro-Mega, M|306\/394
|-damage|p2a: Slowbro|257\/394|[from] Stealth Rock
|turn|20
|c|âdemacekilljoy|outspeeds bisharp
|c|âJack41|oh okay got anymore matches with this team already
|c|âdemacekilljoy|its pokeaim
|c|âdemacekilljoy|just wanted to try this team out
|c|âJack41|thats okay
|c|âJack41|just asking if u ha more matches with it or is this ur first?
|c|âJack41|kinda curious on how it plays
|
|move|p1a: Tyranitar|Crunch|p2a: Slowbro
|-supereffective|p2a: Slowbro
|-damage|p2a: Slowbro|111\/394
|move|p2a: Slowbro|Slack Off|p2a: Slowbro
|-heal|p2a: Slowbro|308\/394
|
|-weather|Sandstorm|[upkeep]
|-damage|p2a: Slowbro|284\/394|[from] sandstorm
|turn|21
|c|âdemacekilljoy|had my doppleganger match last round
|c|âJack41|lol
|c|âdemacekilljoy|well but not too well since it will be predictable
|c|âdemacekilljoy|later on in like a week but forgotten in about a month
|
|move|p1a: Tyranitar|Crunch|p2a: Slowbro
|-supereffective|p2a: Slowbro
|-damage|p2a: Slowbro|150\/394
|move|p2a: Slowbro|Slack Off|p2a: Slowbro
|-heal|p2a: Slowbro|347\/394
|
|-weather|Sandstorm|[upkeep]
|-damage|p2a: Slowbro|323\/394|[from] sandstorm
|turn|22
|
|move|p1a: Tyranitar|Crunch|p2a: Slowbro
|-supereffective|p2a: Slowbro
|-damage|p2a: Slowbro|173\/394
|move|p2a: Slowbro|Slack Off|p2a: Slowbro
|-heal|p2a: Slowbro|370\/394
|
|-weather|Sandstorm|[upkeep]
|-damage|p2a: Slowbro|346\/394|[from] sandstorm
|turn|23
|
|move|p1a: Tyranitar|Crunch|p2a: Slowbro
|-supereffective|p2a: Slowbro
|-damage|p2a: Slowbro|212\/394
|move|p2a: Slowbro|Slack Off|p2a: Slowbro
|-heal|p2a: Slowbro|394\/394
|
|-weather|Sandstorm|[upkeep]
|-damage|p2a: Slowbro|370\/394|[from] sandstorm
|turn|24
|c|âdemacekilljoy|i think after 1 defense drop i'll quit
|
|move|p1a: Tyranitar|Crunch|p2a: Slowbro
|-supereffective|p2a: Slowbro
|-damage|p2a: Slowbro|224\/394
|move|p2a: Slowbro|Slack Off|p2a: Slowbro
|-heal|p2a: Slowbro|394\/394
|
|-weather|Sandstorm|[upkeep]
|-damage|p2a: Slowbro|370\/394|[from] sandstorm
|turn|25
|
|move|p1a: Tyranitar|Crunch|p2a: Slowbro
|-supereffective|p2a: Slowbro
|-damage|p2a: Slowbro|232\/394
|move|p2a: Slowbro|Slack Off|p2a: Slowbro
|-heal|p2a: Slowbro|394\/394
|
|-weather|none
|turn|26
|
|move|p1a: Tyranitar|Crunch|p2a: Slowbro
|-supereffective|p2a: Slowbro
|-damage|p2a: Slowbro|244\/394
|move|p2a: Slowbro|Scald|p1a: Tyranitar
|-supereffective|p1a: Tyranitar
|-damage|p1a: Tyranitar|0 fnt
|faint|p1a: Tyranitar
|
|c|âJack41|gg
|c|âdemacekilljoy|wish i had rocks and calm mind
|
|switch|p1a: Thundurus|Thundurus, M|10\/299
|turn|27
|c|âdemacekilljoy|gg
|-message|demacekilljoy forfeited.
|leave|demacekilljoy
|
|win|Jack41
|raw|Ladder updating...
|player|p2
|raw|Jack41's rating: 1542 &rarr; <strong>1555<\/strong><br \/>(+13 for winning)
|raw|demacekilljoy's rating: 1408 &rarr; <strong>1395<\/strong><br \/>(-13 for losing)