|join|jack41
|join|acel12
|player|p1|jack41|17
|player|p2|acel12|265
|gametype|singles
|gen|6
|tier|OU
|rated
|clearpoke
|poke|p1|Excadrill, M
|poke|p1|Tyranitar, F
|poke|p1|Charizard, F
|poke|p1|Slowbro, M
|poke|p1|Amoonguss, F
|poke|p1|Keldeo
|poke|p2|Sceptile, M
|poke|p2|Talonflame, M
|poke|p2|Clefable, M
|poke|p2|Slowbro, M
|poke|p2|Conkeldurr, M
|poke|p2|Excadrill, M
|rule|Swagger Clause: Swagger is banned
|rule|Baton Pass Clause: Limit one PokÃ©mon knowing Baton Pass
|rule|Sleep Clause Mod: Limit one foe put to sleep
|rule|Species Clause: Limit one of each PokÃ©mon
|rule|OHKO Clause: OHKO moves are banned
|rule|Moody Clause: Moody is banned
|rule|Evasion Moves Clause: Evasion moves are banned
|rule|Endless Battle Clause: Forcing endless battles is banned
|rule|HP Percentage Mod: HP is shown in percentages
|teampreview
|
|start
|switch|p1a: Charizard|Charizard, F|297\/297
|switch|p2a: Excadrill|Excadrill, M|361\/361
|-ability|p2a: Excadrill|Mold Breaker
|-item|p2a: Excadrill|Air Balloon
|turn|1
|
|switch|p2a: Slowbro|Slowbro, M|394\/394
|detailschange|p1a: Charizard|Charizard-Mega-Y, F
|-mega|p1a: Charizard|Charizard|Charizardite Y
|-weather|SunnyDay
|move|p1a: Charizard|Fire Blast|p2a: Slowbro
|-resisted|p2a: Slowbro
|-damage|p2a: Slowbro|198\/394
|-status|p2a: Slowbro|brn
|
|-weather|SunnyDay|[upkeep]
|-heal|p2a: Slowbro|222\/394 brn|[from] item: Leftovers
|-damage|p2a: Slowbro|173\/394 brn|[from] brn
|turn|2
|
|switch|p2a: Talonflame|Talonflame, M|345\/345
|move|p1a: Charizard|Fire Blast|p2a: Talonflame
|-resisted|p2a: Talonflame
|-damage|p2a: Talonflame|108\/345
|
|-weather|SunnyDay|[upkeep]
|turn|3
|
|switch|p1a: Tyranitar|Tyranitar, F|403\/403
|-weather|Sandstorm
|move|p2a: Talonflame|Roost|p2a: Talonflame
|-heal|p2a: Talonflame|281\/345
|
|-weather|Sandstorm|[upkeep]
|-damage|p2a: Talonflame|260\/345|[from] sandstorm
|turn|4
|
|switch|p2a: Conkeldurr|Conkeldurr, M|413\/413
|move|p1a: Tyranitar|Stealth Rock|p2a: Conkeldurr
|-sidestart|p2: acel12|move: Stealth Rock
|
|-weather|Sandstorm|[upkeep]
|-damage|p2a: Conkeldurr|388\/413|[from] sandstorm
|turn|5
|
|switch|p1a: Amoonguss|Amoonguss, F|432\/432
|move|p2a: Conkeldurr|Knock Off|p1a: Amoonguss
|-damage|p1a: Amoonguss|305\/432
|-enditem|p1a: Amoonguss|Black Sludge|[from] move: Knock Off|[of] p2a: Conkeldurr
|
|-weather|Sandstorm|[upkeep]
|-damage|p2a: Conkeldurr|363\/413|[from] sandstorm
|-damage|p1a: Amoonguss|278\/432|[from] sandstorm
|turn|6
|
|move|p2a: Conkeldurr|Ice Punch|p1a: Amoonguss
|-supereffective|p1a: Amoonguss
|-damage|p1a: Amoonguss|76\/432
|move|p1a: Amoonguss|Spore|p2a: Conkeldurr
|-status|p2a: Conkeldurr|slp
|
|-weather|Sandstorm|[upkeep]
|-damage|p2a: Conkeldurr|338\/413 slp|[from] sandstorm
|-damage|p1a: Amoonguss|49\/432|[from] sandstorm
|turn|7
|
|switch|p2a: Excadrill|Excadrill, M|361\/361
|-damage|p2a: Excadrill|350\/361|[from] Stealth Rock
|-ability|p2a: Excadrill|Mold Breaker
|-item|p2a: Excadrill|Air Balloon
|switch|p1a: Charizard|Charizard-Mega-Y, F|297\/297
|-weather|SunnyDay
|
|-weather|SunnyDay|[upkeep]
|turn|8
|
|switch|p2a: Clefable|Clefable, M|394\/394
|move|p1a: Charizard|Fire Blast|p2a: Clefable
|-damage|p2a: Clefable|69\/394
|
|-weather|SunnyDay|[upkeep]
|-heal|p2a: Clefable|93\/394|[from] item: Leftovers
|turn|9
|
|move|p1a: Charizard|Solar Beam|p2a: Clefable|[still]
|-prepare|p1a: Charizard|Solar Beam|p2a: Clefable
|-anim|p1a: Charizard|Solar Beam|p2a: Clefable
|-damage|p2a: Clefable|0 fnt
|faint|p2a: Clefable
|
|-weather|SunnyDay|[upkeep]
|-message|acel12 forfeited.
|leave|acel12
|
|switch|p2a: Talonflame|Talonflame, M|260\/345
|-damage|p2a: Talonflame|88\/345|[from] Stealth Rock
|turn|10
|
|win|jack41
|raw|Ladder updating...
|player|p2
|raw|jack41's rating: 1577 &rarr; <strong>1592<\/strong><br \/>(+15 for winning)
|raw|acel12's rating: 1497 &rarr; <strong>1482<\/strong><br \/>(-15 for losing)