|join|Nite Brite
|join|Jack41
|player|p1|Nite Brite|281
|player|p2|Jack41|17
|gametype|singles
|gen|6
|tier|OU
|clearpoke
|poke|p1|Terrakion
|poke|p1|Thundurus-Therian, M
|poke|p1|Serperior, F
|poke|p1|Metagross, shiny
|poke|p1|Gliscor, M, shiny
|poke|p1|Sylveon, F, shiny
|poke|p2|Charizard, M
|poke|p2|Excadrill, F
|poke|p2|Tyranitar, M
|poke|p2|Azumarill, F
|poke|p2|Thundurus, M
|poke|p2|Dragonite, M
|rule|Swagger Clause: Swagger is banned
|rule|Baton Pass Clause: Limit one PokÃ©mon knowing Baton Pass
|rule|Sleep Clause Mod: Limit one foe put to sleep
|rule|Species Clause: Limit one of each PokÃ©mon
|rule|OHKO Clause: OHKO moves are banned
|rule|Moody Clause: Moody is banned
|rule|Evasion Moves Clause: Evasion moves are banned
|rule|Endless Battle Clause: Forcing endless battles is banned
|rule|HP Percentage Mod: HP is shown in percentages
|teampreview
|join|Yugi The Tester
|join|owenbuddy1216
|
|start
|switch|p1a: Quetzalcoatl|Thundurus-Therian, M|300\/300
|switch|p2a: Azumarill|Azumarill, F|398\/398
|turn|1
|leave|owenbuddy1216
|
|switch|p2a: Tyranitar|Tyranitar, M|403\/403
|-weather|Sandstorm
|move|p1a: Quetzalcoatl|Volt Switch|p2a: Tyranitar
|-crit|p2a: Tyranitar
|-damage|p2a: Tyranitar|241\/403
|
|switch|p1a: Snakeman|Serperior, F|291\/291
|
|-weather|Sandstorm|[upkeep]
|-damage|p1a: Snakeman|273\/291|[from] sandstorm
|turn|2
|join|bluri
|
|switch|p2a: Thundurus|Thundurus, M|299\/299
|move|p1a: Snakeman|Leaf Storm|p2a: Thundurus
|-resisted|p2a: Thundurus
|-damage|p2a: Thundurus|170\/299
|-boost|p1a: Snakeman|spa|2
|-damage|p1a: Snakeman|244\/291|[from] item: Life Orb
|
|-weather|Sandstorm|[upkeep]
|-damage|p1a: Snakeman|226\/291|[from] sandstorm
|-damage|p2a: Thundurus|152\/299|[from] sandstorm
|turn|3
|
|move|p2a: Thundurus|Thunder Wave|p1a: Snakeman
|-status|p1a: Snakeman|par
|move|p1a: Snakeman|Leaf Storm|p2a: Thundurus
|-resisted|p2a: Thundurus
|-damage|p2a: Thundurus|0 fnt
|-boost|p1a: Snakeman|spa|2
|-damage|p1a: Snakeman|197\/291 par|[from] item: Life Orb
|faint|p2a: Thundurus
|
|-weather|Sandstorm|[upkeep]
|-damage|p1a: Snakeman|179\/291 par|[from] sandstorm
|leave|bluri
|
|switch|p2a: Charizard|Charizard, M|315\/315
|turn|4
|
|detailschange|p2a: Charizard|Charizard-Mega-X, M
|-mega|p2a: Charizard|Charizard|Charizardite X
|move|p2a: Charizard|Flare Blitz|p1a: Snakeman
|-supereffective|p1a: Snakeman
|-damage|p1a: Snakeman|0 fnt
|-damage|p2a: Charizard|256\/315|[from] recoil|[of] p1a: Snakeman
|faint|p1a: Snakeman
|
|-weather|Sandstorm|[upkeep]
|-damage|p2a: Charizard|237\/315|[from] sandstorm
|
|switch|p1a: Malcolm Reynolds|Terrakion|323\/323
|turn|5
|
|switch|p2a: Dragonite|Dragonite, M|324\/324
|move|p1a: Malcolm Reynolds|Close Combat|p2a: Dragonite
|-resisted|p2a: Dragonite
|-damage|p2a: Dragonite|242\/324
|-unboost|p1a: Malcolm Reynolds|def|1
|-unboost|p1a: Malcolm Reynolds|spd|1
|
|-weather|Sandstorm|[upkeep]
|-damage|p2a: Dragonite|222\/324|[from] sandstorm
|turn|6
|
|switch|p1a: Nitewing|Gliscor, M, shiny|354\/354
|move|p2a: Dragonite|Extreme Speed|p1a: Nitewing
|-damage|p1a: Nitewing|279\/354
|
|-weather|Sandstorm|[upkeep]
|-damage|p2a: Dragonite|202\/324|[from] sandstorm
|-status|p1a: Nitewing|tox|[from] item: Toxic Orb
|turn|7
|
|move|p2a: Dragonite|Dragon Dance|p2a: Dragonite
|-boost|p2a: Dragonite|atk|1
|-boost|p2a: Dragonite|spe|1
|move|p1a: Nitewing|Toxic|p2a: Dragonite
|-status|p2a: Dragonite|tox
|-enditem|p2a: Dragonite|Lum Berry|[eat]
|-curestatus|p2a: Dragonite|tox
|
|-weather|Sandstorm|[upkeep]
|-damage|p2a: Dragonite|182\/324|[from] sandstorm
|-heal|p1a: Nitewing|323\/354 tox|[from] ability: Poison Heal
|turn|8
|join|Like me 2
|leave|Like me 2
|
|move|p2a: Dragonite|Dragon Claw|p1a: Nitewing
|-damage|p1a: Nitewing|175\/354 tox
|move|p1a: Nitewing|Toxic|p2a: Dragonite|[miss]
|-miss|p1a: Nitewing|p2a: Dragonite
|
|-weather|none
|-heal|p1a: Nitewing|219\/354 tox|[from] ability: Poison Heal
|turn|9
|
|move|p2a: Dragonite|Dragon Claw|p1a: Nitewing
|-damage|p1a: Nitewing|65\/354 tox
|move|p1a: Nitewing|Toxic|p2a: Dragonite|[miss]
|-miss|p1a: Nitewing|p2a: Dragonite
|
|-heal|p1a: Nitewing|109\/354 tox|[from] ability: Poison Heal
|turn|10
|
|move|p1a: Nitewing|Protect|p1a: Nitewing
|-singleturn|p1a: Nitewing|Protect
|move|p2a: Dragonite|Dragon Claw|p1a: Nitewing
|-activate|p1a: Nitewing|Protect
|
|-heal|p1a: Nitewing|153\/354 tox|[from] ability: Poison Heal
|turn|11
|
|move|p2a: Dragonite|Dragon Claw|p1a: Nitewing
|-damage|p1a: Nitewing|0 fnt
|faint|p1a: Nitewing
|
|
|switch|p1a: Quadraxis|Metagross, shiny|302\/302
|turn|12
|
|detailschange|p1a: Quadraxis|Metagross-Mega, shiny
|-mega|p1a: Quadraxis|Metagross|Metagrossite
|move|p2a: Dragonite|Earthquake|p1a: Quadraxis
|-supereffective|p1a: Quadraxis
|-damage|p1a: Quadraxis|42\/302
|move|p1a: Quadraxis|Ice Punch|p2a: Dragonite
|-supereffective|p2a: Dragonite
|-damage|p2a: Dragonite|0 fnt
|faint|p2a: Dragonite
|
|
|switch|p2a: Azumarill|Azumarill, F|398\/398
|turn|13
|
|move|p1a: Quadraxis|Bullet Punch|p2a: Azumarill
|-damage|p2a: Azumarill|269\/398
|move|p2a: Azumarill|Aqua Jet|p1a: Quadraxis
|-damage|p1a: Quadraxis|0 fnt
|faint|p1a: Quadraxis
|
|
|switch|p1a: Quetzalcoatl|Thundurus-Therian, M|300\/300
|turn|14
|
|switch|p2a: Tyranitar|Tyranitar, M|241\/403
|-weather|Sandstorm
|move|p1a: Quetzalcoatl|Focus Blast|p2a: Tyranitar|[miss]
|-miss|p1a: Quetzalcoatl|p2a: Tyranitar
|
|-weather|Sandstorm|[upkeep]
|-damage|p1a: Quetzalcoatl|282\/300|[from] sandstorm
|turn|15
|
|switch|p1a: Malcolm Reynolds|Terrakion|323\/323
|switch|p2a: Azumarill|Azumarill, F|269\/398
|
|-weather|Sandstorm|[upkeep]
|-damage|p2a: Azumarill|245\/398|[from] sandstorm
|turn|16
|
|switch|p1a: Selena|Sylveon, F, shiny|394\/394
|move|p2a: Azumarill|Aqua Jet|p1a: Selena
|-damage|p1a: Selena|207\/394
|
|-weather|Sandstorm|[upkeep]
|-damage|p1a: Selena|183\/394|[from] sandstorm
|-damage|p2a: Azumarill|221\/398|[from] sandstorm
|-heal|p1a: Selena|207\/394|[from] item: Leftovers
|turn|17
|
|move|p2a: Azumarill|Aqua Jet|p1a: Selena
|-damage|p1a: Selena|27\/394
|move|p1a: Selena|Wish|p1a: Selena
|
|-weather|Sandstorm|[upkeep]
|-damage|p1a: Selena|3\/394|[from] sandstorm
|-damage|p2a: Azumarill|197\/398|[from] sandstorm
|-heal|p1a: Selena|27\/394|[from] item: Leftovers
|turn|18
|
|switch|p2a: Excadrill|Excadrill, F|361\/361
|move|p1a: Selena|Protect|p1a: Selena
|-fail|p1a: Selena
|
|-weather|Sandstorm|[upkeep]
|-damage|p1a: Selena|3\/394|[from] sandstorm
|-heal|p1a: Selena|200\/394|[from] move: Wish|[wisher] Selena
|-heal|p1a: Selena|224\/394|[from] item: Leftovers
|turn|19
|
|move|p1a: Selena|Protect|p1a: Selena
|-singleturn|p1a: Selena|Protect
|move|p2a: Excadrill|Iron Head|p1a: Selena
|-activate|p1a: Selena|Protect
|
|-weather|Sandstorm|[upkeep]
|-damage|p1a: Selena|200\/394|[from] sandstorm
|-heal|p1a: Selena|224\/394|[from] item: Leftovers
|turn|20
|
|switch|p1a: Quetzalcoatl|Thundurus-Therian, M|282\/300
|move|p2a: Excadrill|Iron Head|p1a: Quetzalcoatl
|-resisted|p1a: Quetzalcoatl
|-damage|p1a: Quetzalcoatl|148\/300
|-damage|p2a: Excadrill|325\/361|[from] item: Life Orb
|
|-weather|Sandstorm|[upkeep]
|-damage|p1a: Quetzalcoatl|130\/300|[from] sandstorm
|turn|21
|
|move|p2a: Excadrill|Rock Slide|p1a: Quetzalcoatl
|-miss|p2a: Excadrill|p1a: Quetzalcoatl
|move|p1a: Quetzalcoatl|Focus Blast|p2a: Excadrill
|-supereffective|p2a: Excadrill
|-damage|p2a: Excadrill|0 fnt
|faint|p2a: Excadrill
|
|-weather|none
|
|switch|p2a: Azumarill|Azumarill, F|197\/398
|turn|22
|
|move|p2a: Azumarill|Aqua Jet|p1a: Quetzalcoatl
|-damage|p1a: Quetzalcoatl|0 fnt
|faint|p1a: Quetzalcoatl
|
|
|switch|p1a: Selena|Sylveon, F, shiny|224\/394
|turn|23
|
|move|p2a: Azumarill|Aqua Jet|p1a: Selena
|-damage|p1a: Selena|28\/394
|move|p1a: Selena|Wish|p1a: Selena
|
|-heal|p1a: Selena|52\/394|[from] item: Leftovers
|turn|24
|
|switch|p2a: Charizard|Charizard-Mega-X, M|237\/315
|move|p1a: Selena|Protect|p1a: Selena
|-fail|p1a: Selena
|
|-heal|p1a: Selena|249\/394|[from] move: Wish|[wisher] Selena
|-heal|p1a: Selena|273\/394|[from] item: Leftovers
|turn|25
|
|move|p2a: Charizard|Flare Blitz|p1a: Selena
|-damage|p1a: Selena|0 fnt
|-damage|p2a: Charizard|147\/315|[from] recoil|[of] p1a: Selena
|faint|p1a: Selena
|
|
|switch|p1a: Malcolm Reynolds|Terrakion|323\/323
|turn|26
|
|switch|p2a: Tyranitar|Tyranitar, M|241\/403
|-weather|Sandstorm
|move|p1a: Malcolm Reynolds|Stone Edge|p2a: Tyranitar
|-damage|p2a: Tyranitar|66\/403
|
|-weather|Sandstorm|[upkeep]
|turn|27
|
|move|p1a: Malcolm Reynolds|Stone Edge|p2a: Tyranitar
|-damage|p2a: Tyranitar|0 fnt
|faint|p2a: Tyranitar
|
|-weather|Sandstorm|[upkeep]
|
|switch|p2a: Azumarill|Azumarill, F|197\/398
|turn|28
|
|move|p2a: Azumarill|Aqua Jet|p1a: Malcolm Reynolds
|-supereffective|p1a: Malcolm Reynolds
|-damage|p1a: Malcolm Reynolds|15\/323
|move|p1a: Malcolm Reynolds|Stone Edge|p2a: Azumarill
|-damage|p2a: Azumarill|0 fnt
|faint|p2a: Azumarill
|
|-weather|Sandstorm|[upkeep]
|c|âNite Brite|omfg
|c|âJack41|well gg
|join|Gregingston
|
|switch|p2a: Charizard|Charizard-Mega-X, M|147\/315
|turn|29
|
|move|p1a: Malcolm Reynolds|Stone Edge|p2a: Charizard|[miss]
|-miss|p1a: Malcolm Reynolds|p2a: Charizard
|move|p2a: Charizard|Dragon Claw|p1a: Malcolm Reynolds
|-damage|p1a: Malcolm Reynolds|0 fnt
|faint|p1a: Malcolm Reynolds
|
|win|Jack41
|c|âNite Brite|I didn't think I would live that
|c|âNite Brite|OH
|c|âJack41|yes
|leave|Gregingston