|join|Jack41
|join|goodyblooming
|player|p1|Jack41|17
|player|p2|goodyblooming|1
|gametype|singles
|gen|6
|tier|OU
|rated
|clearpoke
|poke|p1|Thundurus, M
|poke|p1|Azumarill, F
|poke|p1|Medicham, F
|poke|p1|Tyranitar, F
|poke|p1|Excadrill, M
|poke|p1|Volcarona, F
|poke|p2|Terrakion
|poke|p2|Gardevoir, F
|poke|p2|Landorus, M
|poke|p2|Azumarill, F
|poke|p2|Thundurus, M
|poke|p2|Bisharp, M
|rule|Swagger Clause: Swagger is banned
|rule|Baton Pass Clause: Limit one PokÃ©mon knowing Baton Pass
|rule|Sleep Clause Mod: Limit one foe put to sleep
|rule|Species Clause: Limit one of each PokÃ©mon
|rule|OHKO Clause: OHKO moves are banned
|rule|Moody Clause: Moody is banned
|rule|Evasion Moves Clause: Evasion moves are banned
|rule|Endless Battle Clause: Forcing endless battles is banned
|rule|HP Percentage Mod: HP is shown in percentages
|teampreview
|
|start
|switch|p1a: Medicham|Medicham, F|261\/261
|switch|p2a: Terrakion|Terrakion|323\/323
|turn|1
|
|switch|p2a: Azumarill|Azumarill, F|401\/401
|detailschange|p1a: Medicham|Medicham-Mega, F
|-mega|p1a: Medicham|Medicham|Medichamite
|move|p1a: Medicham|Fake Out|p2a: Azumarill
|-damage|p2a: Azumarill|289\/401
|
|turn|2
|
|move|p1a: Medicham|Psycho Cut|p2a: Azumarill
|-damage|p2a: Azumarill|22\/401
|move|p2a: Azumarill|Play Rough|p1a: Medicham
|-supereffective|p1a: Medicham
|-damage|p1a: Medicham|0 fnt
|faint|p1a: Medicham
|
|
|switch|p1a: Tyranitar|Tyranitar, F|403\/403
|-weather|Sandstorm
|turn|3
|
|move|p2a: Azumarill|Aqua Jet|p1a: Tyranitar
|-supereffective|p1a: Tyranitar
|-damage|p1a: Tyranitar|289\/403
|move|p1a: Tyranitar|Stealth Rock|p2a: Azumarill
|-sidestart|p2: goodyblooming|move: Stealth Rock
|
|-weather|Sandstorm|[upkeep]
|-damage|p2a: Azumarill|0 fnt|[from] sandstorm
|faint|p2a: Azumarill
|
|switch|p2a: Terrakion|Terrakion|323\/323
|-damage|p2a: Terrakion|303\/323|[from] Stealth Rock
|turn|4
|
|move|p2a: Terrakion|Stealth Rock|p1a: Tyranitar
|-sidestart|p1: Jack41|move: Stealth Rock
|move|p1a: Tyranitar|Earthquake|p2a: Terrakion
|-supereffective|p2a: Terrakion
|-damage|p2a: Terrakion|81\/323
|
|-weather|Sandstorm|[upkeep]
|turn|5
|c|âgoodyblooming|lol
|
|move|p2a: Terrakion|Stone Edge|p1a: Tyranitar
|-damage|p1a: Tyranitar|162\/403
|move|p1a: Tyranitar|Earthquake|p2a: Terrakion
|-crit|p2a: Terrakion
|-supereffective|p2a: Terrakion
|-damage|p2a: Terrakion|0 fnt
|faint|p2a: Terrakion
|
|-weather|Sandstorm|[upkeep]
|c|âgoodyblooming|ok
|c|âgoodyblooming|nice kamikaze plays
|c|âJack41|thank u
|
|switch|p2a: Gardevoir|Gardevoir, F|277\/277
|-damage|p2a: Gardevoir|243\/277|[from] Stealth Rock
|-ability|p2a: Gardevoir|Sand Stream|[from] ability: Trace|[of] p1a: Tyranitar
|turn|6
|c|âgoodyblooming|<3
|c|âgoodyblooming|a ver quÃ© haces ahora
|c|âgoodyblooming|^^
|
|switch|p1a: Volcarona|Volcarona, F|311\/311
|-damage|p1a: Volcarona|156\/311|[from] Stealth Rock
|detailschange|p2a: Gardevoir|Gardevoir-Mega, F
|-mega|p2a: Gardevoir|Gardevoir|Gardevoirite
|move|p2a: Gardevoir|Hyper Voice|p1a: Volcarona
|-resisted|p1a: Volcarona
|-damage|p1a: Volcarona|48\/311
|
|-weather|Sandstorm|[upkeep]
|-damage|p2a: Gardevoir|226\/277|[from] sandstorm
|-damage|p1a: Volcarona|29\/311|[from] sandstorm
|turn|7
|c|âJack41|did u ask what am i doing today in spanish
|c|âgoodyblooming|:) move
|
|move|p2a: Gardevoir|Hyper Voice|p1a: Volcarona
|-resisted|p1a: Volcarona
|-damage|p1a: Volcarona|0 fnt
|faint|p1a: Volcarona
|
|-weather|Sandstorm|[upkeep]
|-damage|p2a: Gardevoir|209\/277|[from] sandstorm
|
|switch|p1a: Excadrill|Excadrill, M|361\/361
|-damage|p1a: Excadrill|350\/361|[from] Stealth Rock
|turn|8
|
|move|p1a: Excadrill|Iron Head|p2a: Gardevoir
|-supereffective|p2a: Gardevoir
|-damage|p2a: Gardevoir|0 fnt
|-damage|p1a: Excadrill|314\/361|[from] item: Life Orb
|faint|p2a: Gardevoir
|
|-weather|Sandstorm|[upkeep]
|c|âgoodyblooming|nice play
|
|switch|p2a: Landorus|Landorus, M|319\/319
|-damage|p2a: Landorus|280\/319|[from] Stealth Rock
|turn|9
|
|move|p1a: Excadrill|Rapid Spin|p2a: Landorus
|-damage|p2a: Landorus|245\/319
|-sideend|p1: Jack41|Stealth Rock|[from] move: Rapid Spin|[of] p1a: Excadrill
|-damage|p1a: Excadrill|278\/361|[from] item: Life Orb
|move|p2a: Landorus|Psychic|p1a: Excadrill
|-resisted|p1a: Excadrill
|-damage|p1a: Excadrill|156\/361
|
|-weather|Sandstorm|[upkeep]
|turn|10
|c|âgoodyblooming|:)
|
|move|p1a: Excadrill|Iron Head|p2a: Landorus
|-damage|p2a: Landorus|42\/319
|-damage|p1a: Excadrill|120\/361|[from] item: Life Orb
|cant|p2a: Landorus|flinch
|
|-weather|none
|turn|11
|c|âgoodyblooming|:)
|
|switch|p1a: Tyranitar|Tyranitar, F|162\/403
|-weather|Sandstorm
|move|p2a: Landorus|Earth Power|p1a: Tyranitar
|-supereffective|p1a: Tyranitar
|-damage|p1a: Tyranitar|0 fnt
|faint|p1a: Tyranitar
|
|-weather|Sandstorm|[upkeep]
|
|switch|p1a: Excadrill|Excadrill, M|120\/361
|turn|12
|
|move|p1a: Excadrill|Iron Head|p2a: Landorus
|-damage|p2a: Landorus|0 fnt
|-damage|p1a: Excadrill|84\/361|[from] item: Life Orb
|faint|p2a: Landorus
|
|-weather|Sandstorm|[upkeep]
|
|switch|p2a: Bisharp|Bisharp, M|272\/272
|-damage|p2a: Bisharp|255\/272|[from] Stealth Rock
|turn|13
|
|move|p1a: Excadrill|Earthquake|p2a: Bisharp
|-supereffective|p2a: Bisharp
|-damage|p2a: Bisharp|0 fnt
|-damage|p1a: Excadrill|48\/361|[from] item: Life Orb
|faint|p2a: Bisharp
|
|-weather|Sandstorm|[upkeep]
|c|âgoodyblooming|gg noob hardplays
|c|âJack41|your safest play was sucker punch
|c|âgoodyblooming|sucker is gg
|c|âgoodyblooming|bye noob
|-message|goodyblooming forfeited.
|leave|goodyblooming
|
|win|Jack41
|raw|Ladder updating...
|player|p2
|raw|Jack41's rating: 1505 &rarr; <strong>1531<\/strong><br \/>(+26 for winning)
|raw|goodyblooming's rating: 1606 &rarr; <strong>1581<\/strong><br \/>(-25 for losing)