|join|nintendistagamer
|join|Jack41
|player|p1|nintendistagamer|137
|player|p2|Jack41|169
|gametype|singles
|gen|6
|tier|OU
|rated
|clearpoke
|poke|p1|Metagross
|poke|p1|Bisharp, F
|poke|p1|Clefable, F
|poke|p1|Keldeo-Resolute
|poke|p1|Landorus-Therian, M
|poke|p1|Latios, M
|poke|p2|Metagross
|poke|p2|Volcarona, F
|poke|p2|Garchomp, M
|poke|p2|Starmie
|poke|p2|Bisharp, F
|poke|p2|Talonflame, F
|rule|Swagger Clause: Swagger is banned
|rule|Baton Pass Clause: Limit one PokÃ©mon knowing Baton Pass
|rule|Sleep Clause Mod: Limit one foe put to sleep
|rule|Species Clause: Limit one of each PokÃ©mon
|rule|OHKO Clause: OHKO moves are banned
|rule|Moody Clause: Moody is banned
|rule|Evasion Moves Clause: Evasion moves are banned
|rule|Endless Battle Clause: Forcing endless battles is banned
|rule|HP Percentage Mod: HP is shown in percentages
|teampreview
|
|start
|switch|p1a: Keldeo-Resolute|Keldeo-Resolute|323\/323
|switch|p2a: Garchomp|Garchomp, M|357\/357
|turn|1
|
|switch|p2a: Starmie|Starmie|261\/261
|move|p1a: Keldeo-Resolute|Scald|p2a: Starmie
|-crit|p2a: Starmie
|-resisted|p2a: Starmie
|-damage|p2a: Starmie|85\/261
|
|turn|2
|
|switch|p1a: Clefable|Clefable, F|394\/394
|move|p2a: Starmie|Psyshock|p1a: Clefable
|-damage|p1a: Clefable|265\/394
|-damage|p2a: Starmie|59\/261|[from] item: Life Orb
|
|-heal|p1a: Clefable|289\/394|[from] item: Leftovers
|turn|3
|
|switch|p2a: Garchomp|Garchomp, M|357\/357
|move|p1a: Clefable|Moonblast|p2a: Garchomp
|-supereffective|p2a: Garchomp
|-damage|p2a: Garchomp|117\/357
|
|-heal|p1a: Clefable|313\/394|[from] item: Leftovers
|turn|4
|
|move|p2a: Garchomp|Stealth Rock|p1a: Clefable
|-sidestart|p1: nintendistagamer|move: Stealth Rock
|move|p1a: Clefable|Moonblast|p2a: Garchomp
|-supereffective|p2a: Garchomp
|-damage|p2a: Garchomp|0 fnt
|faint|p2a: Garchomp
|
|-heal|p1a: Clefable|337\/394|[from] item: Leftovers
|
|switch|p2a: Metagross|Metagross|301\/301
|turn|5
|
|switch|p1a: Bisharp|Bisharp, F|271\/271
|-damage|p1a: Bisharp|255\/271|[from] Stealth Rock
|detailschange|p2a: Metagross|Metagross-Mega
|-mega|p2a: Metagross|Metagross|Metagrossite
|move|p2a: Metagross|Meteor Mash|p1a: Bisharp
|-resisted|p1a: Bisharp
|-damage|p1a: Bisharp|142\/271
|
|turn|6
|
|move|p1a: Bisharp|Sucker Punch|p2a: Metagross
|-supereffective|p2a: Metagross
|-damage|p2a: Metagross|57\/301
|-damage|p1a: Bisharp|115\/271|[from] item: Life Orb
|move|p2a: Metagross|Earthquake|p1a: Bisharp
|-supereffective|p1a: Bisharp
|-damage|p1a: Bisharp|0 fnt
|faint|p1a: Bisharp
|
|
|switch|p1a: Landorus-Therian|Landorus-Therian, M|319\/319
|-damage|p1a: Landorus-Therian|280\/319|[from] Stealth Rock
|-ability|p1a: Landorus-Therian|Intimidate|[of] p2a: Metagross
|-unboost|p2a: Metagross|atk|1
|turn|7
|
|move|p1a: Landorus-Therian|U-turn|p2a: Metagross
|-damage|p2a: Metagross|0 fnt
|faint|p2a: Metagross
|
|switch|p1a: Keldeo-Resolute|Keldeo-Resolute|323\/323
|-damage|p1a: Keldeo-Resolute|303\/323|[from] Stealth Rock
|
|
|switch|p2a: Starmie|Starmie|59\/261
|turn|8
|
|switch|p1a: Clefable|Clefable, F|337\/394
|move|p2a: Starmie|Scald|p1a: Clefable
|-damage|p1a: Clefable|180\/394
|-damage|p2a: Starmie|33\/261|[from] item: Life Orb
|
|-heal|p1a: Clefable|204\/394|[from] item: Leftovers
|turn|9
|
|switch|p2a: Talonflame|Talonflame, F|297\/297
|switch|p1a: Keldeo-Resolute|Keldeo-Resolute|303\/323
|-damage|p1a: Keldeo-Resolute|283\/323|[from] Stealth Rock
|
|turn|10
|
|switch|p1a: Landorus-Therian|Landorus-Therian, M|280\/319
|-damage|p1a: Landorus-Therian|241\/319|[from] Stealth Rock
|-ability|p1a: Landorus-Therian|Intimidate|[of] p2a: Talonflame
|-unboost|p2a: Talonflame|atk|1
|move|p2a: Talonflame|Brave Bird|p1a: Landorus-Therian
|-damage|p1a: Landorus-Therian|96\/319
|-damage|p2a: Talonflame|249\/297|[from] recoil|[of] p1a: Landorus-Therian
|
|turn|11
|
|move|p1a: Landorus-Therian|Stone Edge|p2a: Talonflame|[miss]
|-miss|p1a: Landorus-Therian|p2a: Talonflame
|move|p2a: Talonflame|Swords Dance|p2a: Talonflame
|-boost|p2a: Talonflame|atk|2
|
|turn|12
|c|ânintendistagamer|lol
|
|move|p2a: Talonflame|Brave Bird|p1a: Landorus-Therian
|-damage|p1a: Landorus-Therian|0 fnt
|-damage|p2a: Talonflame|217\/297|[from] recoil|[of] p1a: Landorus-Therian
|faint|p1a: Landorus-Therian
|
|
|switch|p1a: Latios|Latios, M|301\/301
|-damage|p1a: Latios|264\/301|[from] Stealth Rock
|turn|13
|c|ânintendistagamer|i lost for hax
|
|move|p2a: Talonflame|Brave Bird|p1a: Latios
|-damage|p1a: Latios|0 fnt
|-damage|p2a: Talonflame|130\/297|[from] recoil|[of] p1a: Latios
|faint|p1a: Latios
|
|
|switch|p1a: Metagross|Metagross|301\/301
|-damage|p1a: Metagross|283\/301|[from] Stealth Rock
|turn|14
|
|detailschange|p1a: Metagross|Metagross-Mega
|-mega|p1a: Metagross|Metagross|Metagrossite
|move|p2a: Talonflame|Flare Blitz|p1a: Metagross
|-supereffective|p1a: Metagross
|-damage|p1a: Metagross|0 fnt
|-damage|p2a: Talonflame|37\/297|[from] recoil|[of] p1a: Metagross
|faint|p1a: Metagross
|
|-message|nintendistagamer forfeited.
|leave|nintendistagamer
|
|win|Jack41
|raw|Ladder updating...
|player|p1
|raw|nintendistagamer's rating: 1710 &rarr; <strong>1687<\/strong><br \/>(-23 for losing)
|raw|Jack41's rating: 1648 &rarr; <strong>1672<\/strong><br \/>(+24 for winning)