|join|MoB Barley
|join|Jack41
|player|p1|MoB Barley|161
|player|p2|Jack41|17
|gametype|singles
|gen|6
|tier|OU
|rated
|clearpoke
|poke|p1|Victini
|poke|p1|Keldeo-Resolute
|poke|p1|Bisharp, M, shiny
|poke|p1|Lopunny, F, shiny
|poke|p1|Azumarill, M
|poke|p1|Latios, M
|poke|p2|Thundurus, M
|poke|p2|Azumarill, M
|poke|p2|Medicham, M
|poke|p2|Tyranitar, M
|poke|p2|Excadrill, M
|poke|p2|Volcarona, F
|rule|Swagger Clause: Swagger is banned
|rule|Baton Pass Clause: Limit one PokÃ©mon knowing Baton Pass
|rule|Sleep Clause Mod: Limit one foe put to sleep
|rule|Species Clause: Limit one of each PokÃ©mon
|rule|OHKO Clause: OHKO moves are banned
|rule|Moody Clause: Moody is banned
|rule|Evasion Moves Clause: Evasion moves are banned
|rule|Endless Battle Clause: Forcing endless battles is banned
|rule|HP Percentage Mod: HP is shown in percentages
|teampreview
|
|start
|switch|p1a: Playboy|Lopunny, F, shiny|271\/271
|switch|p2a: Tyranitar|Tyranitar, M|403\/403
|-weather|Sandstorm
|turn|1
|
|switch|p2a: Azumarill|Azumarill, M|398\/398
|detailschange|p1a: Playboy|Lopunny-Mega, F, shiny
|-mega|p1a: Playboy|Lopunny|Lopunnite
|move|p1a: Playboy|Fake Out|p2a: Azumarill
|-damage|p2a: Azumarill|313\/398
|
|-weather|Sandstorm|[upkeep]
|-damage|p1a: Playboy|255\/271|[from] sandstorm
|-damage|p2a: Azumarill|289\/398|[from] sandstorm
|turn|2
|
|switch|p1a: Destructo Disk|Victini|341\/341
|move|p2a: Azumarill|Play Rough|p1a: Destructo Disk
|-resisted|p1a: Destructo Disk
|-damage|p1a: Destructo Disk|193\/341
|
|-weather|Sandstorm|[upkeep]
|-damage|p1a: Destructo Disk|172\/341|[from] sandstorm
|-damage|p2a: Azumarill|265\/398|[from] sandstorm
|turn|3
|join|Hopeless Cheergirl
|
|switch|p2a: Tyranitar|Tyranitar, M|403\/403
|move|p1a: Destructo Disk|U-turn|p2a: Tyranitar
|-supereffective|p2a: Tyranitar
|-damage|p2a: Tyranitar|253\/403
|
|switch|p1a: Playboy|Lopunny-Mega, F, shiny|255\/271
|
|-weather|Sandstorm|[upkeep]
|-damage|p1a: Playboy|239\/271|[from] sandstorm
|turn|4
|join|Dayanne
|join|westernICE
|
|switch|p2a: Volcarona|Volcarona, F|311\/311
|move|p1a: Playboy|High Jump Kick|p2a: Volcarona|[miss]
|-miss|p1a: Playboy|p2a: Volcarona
|-damage|p1a: Playboy|104\/271|[from] highjumpkick
|
|-weather|Sandstorm|[upkeep]
|-damage|p1a: Playboy|88\/271|[from] sandstorm
|-damage|p2a: Volcarona|292\/311|[from] sandstorm
|turn|5
|
|switch|p1a: Destructo Disk|Victini|172\/341
|move|p2a: Volcarona|Quiver Dance|p2a: Volcarona
|-boost|p2a: Volcarona|spa|1
|-boost|p2a: Volcarona|spd|1
|-boost|p2a: Volcarona|spe|1
|
|-weather|Sandstorm|[upkeep]
|-damage|p2a: Volcarona|273\/311|[from] sandstorm
|-damage|p1a: Destructo Disk|151\/341|[from] sandstorm
|turn|6
|
|move|p2a: Volcarona|Bug Buzz|p1a: Destructo Disk
|-damage|p1a: Destructo Disk|0 fnt
|faint|p1a: Destructo Disk
|
|-weather|Sandstorm|[upkeep]
|-damage|p2a: Volcarona|254\/311|[from] sandstorm
|
|switch|p1a: Prioritize|Bisharp, M, shiny|271\/271
|turn|7
|
|move|p2a: Volcarona|Bug Buzz|p1a: Prioritize
|-enditem|p1a: Prioritize|Focus Sash
|-damage|p1a: Prioritize|1\/271
|move|p1a: Prioritize|Knock Off|p2a: Volcarona
|-damage|p2a: Volcarona|0 fnt
|-enditem|p2a: Volcarona|Lum Berry|[from] move: Knock Off|[of] p1a: Prioritize
|faint|p2a: Volcarona
|
|-weather|Sandstorm|[upkeep]
|join|set up and sweep
|
|switch|p2a: Medicham|Medicham, M|261\/261
|turn|8
|
|switch|p1a: AC130|Latios, M|301\/301
|detailschange|p2a: Medicham|Medicham-Mega, M
|-mega|p2a: Medicham|Medicham|Medichamite
|move|p2a: Medicham|Fake Out|p1a: AC130
|-damage|p1a: AC130|192\/301
|
|-weather|none
|turn|9
|
|switch|p2a: Tyranitar|Tyranitar, M|253\/403
|-weather|Sandstorm
|move|p1a: AC130|Draco Meteor|p2a: Tyranitar
|-damage|p2a: Tyranitar|57\/403
|-unboost|p1a: AC130|spa|2
|-damage|p1a: AC130|162\/301|[from] item: Life Orb
|
|-weather|Sandstorm|[upkeep]
|-damage|p1a: AC130|144\/301|[from] sandstorm
|turn|10
|
|switch|p2a: Excadrill|Excadrill, M|361\/361
|move|p1a: AC130|Earthquake|p2a: Excadrill
|-supereffective|p2a: Excadrill
|-damage|p2a: Excadrill|98\/361
|-damage|p1a: AC130|114\/301|[from] item: Life Orb
|
|-weather|Sandstorm|[upkeep]
|-damage|p1a: AC130|96\/301|[from] sandstorm
|turn|11
|c|âJack41|wp
|
|switch|p1a: Prioritize|Bisharp, M, shiny|1\/271
|move|p2a: Excadrill|Iron Head|p1a: Prioritize
|-resisted|p1a: Prioritize
|-damage|p1a: Prioritize|0 fnt
|-damage|p2a: Excadrill|62\/361|[from] item: Life Orb
|faint|p1a: Prioritize
|
|-weather|Sandstorm|[upkeep]
|join|dstwo
|
|switch|p1a: Water Bomb|Azumarill, M|360\/360
|turn|12
|
|move|p1a: Water Bomb|Aqua Jet|p2a: Excadrill
|-supereffective|p2a: Excadrill
|-damage|p2a: Excadrill|0 fnt
|faint|p2a: Excadrill
|
|-weather|Sandstorm|[upkeep]
|-damage|p1a: Water Bomb|338\/360|[from] sandstorm
|
|switch|p2a: Medicham|Medicham-Mega, M|261\/261
|turn|13
|
|switch|p1a: Pwny|Keldeo-Resolute|323\/323
|move|p2a: Medicham|Fake Out|p1a: Pwny
|-damage|p1a: Pwny|235\/323
|
|-weather|Sandstorm|[upkeep]
|-damage|p1a: Pwny|215\/323|[from] sandstorm
|-damage|p2a: Medicham|245\/261|[from] sandstorm
|turn|14
|
|switch|p2a: Tyranitar|Tyranitar, M|57\/403
|move|p1a: Pwny|Hydro Pump|p2a: Tyranitar|[miss]
|-miss|p1a: Pwny|p2a: Tyranitar
|
|-weather|Sandstorm|[upkeep]
|-damage|p1a: Pwny|195\/323|[from] sandstorm
|turn|15
|
|move|p1a: Pwny|Hydro Pump|p2a: Tyranitar|[miss]
|-miss|p1a: Pwny|p2a: Tyranitar
|move|p2a: Tyranitar|Earthquake|p1a: Pwny
|-damage|p1a: Pwny|84\/323
|
|-weather|Sandstorm|[upkeep]
|-damage|p1a: Pwny|64\/323|[from] sandstorm
|turn|16
|
|move|p1a: Pwny|Hydro Pump|p2a: Tyranitar|[miss]
|-miss|p1a: Pwny|p2a: Tyranitar
|move|p2a: Tyranitar|Earthquake|p1a: Pwny
|-damage|p1a: Pwny|0 fnt
|faint|p1a: Pwny
|
|-weather|none
|c|âMoB Barley|wow
|c|âJack41|srry
|
|switch|p1a: Water Bomb|Azumarill, M|338\/360
|turn|17
|c|âMoB Barley|u a make me so a mad
|
|move|p1a: Water Bomb|Belly Drum|p1a: Water Bomb
|-damage|p1a: Water Bomb|158\/360
|-setboost|p1a: Water Bomb|atk|6|[from] move: Belly Drum
|-enditem|p1a: Water Bomb|Sitrus Berry|[eat]
|-heal|p1a: Water Bomb|248\/360|[from] item: Sitrus Berry
|move|p2a: Tyranitar|Earthquake|p1a: Water Bomb
|-damage|p1a: Water Bomb|127\/360
|
|turn|18
|c|âJack41|lol
|
|move|p1a: Water Bomb|Aqua Jet|p2a: Tyranitar
|-supereffective|p2a: Tyranitar
|-damage|p2a: Tyranitar|0 fnt
|faint|p2a: Tyranitar
|
|c|âMoB Barley|i'll take something down
|
|switch|p2a: Azumarill|Azumarill, M|265\/398
|turn|19
|
|move|p1a: Water Bomb|Play Rough|p2a: Azumarill
|-damage|p2a: Azumarill|0 fnt
|faint|p2a: Azumarill
|
|c|âMoB Barley|u needed to jet
|
|switch|p2a: Medicham|Medicham-Mega, M|245\/261
|turn|20
|
|move|p2a: Medicham|Fake Out|p1a: Water Bomb
|-crit|p1a: Water Bomb
|-damage|p1a: Water Bomb|0 fnt
|faint|p1a: Water Bomb
|
|
|switch|p1a: AC130|Latios, M|96\/301
|turn|21
|
|move|p1a: AC130|Draco Meteor|p2a: Medicham
|-damage|p2a: Medicham|0 fnt
|-unboost|p1a: AC130|spa|2
|-damage|p1a: AC130|66\/301|[from] item: Life Orb
|faint|p2a: Medicham
|
|
|switch|p2a: Thundurus|Thundurus, M|299\/299
|turn|22
|c|âMoB Barley|we'll GG
|c|âMoB Barley|u once again
|c|âMoB Barley|need has to win
|c|âMoB Barley|has*
|
|move|p2a: Thundurus|Hidden Power|p1a: AC130
|-supereffective|p1a: AC130
|-damage|p1a: AC130|0 fnt
|-damage|p2a: Thundurus|270\/299|[from] item: Life Orb
|faint|p1a: AC130
|
|
|switch|p1a: Playboy|Lopunny-Mega, F, shiny|88\/271
|turn|23
|
|move|p1a: Playboy|Fake Out|p2a: Thundurus
|-damage|p2a: Thundurus|176\/299
|cant|p2a: Thundurus|flinch
|
|turn|24
|
|move|p2a: Thundurus|Thunder Wave|p1a: Playboy
|-status|p1a: Playboy|par
|move|p1a: Playboy|Return|p2a: Thundurus
|-crit|p2a: Thundurus
|-damage|p2a: Thundurus|0 fnt
|faint|p2a: Thundurus
|
|win|MoB Barley
|raw|Ladder updating...
|c|âJack41|gg
|raw|MoB Barley's rating: 1817 &rarr; <strong>1824<\/strong><br \/>(+7 for winning)
|raw|Jack41's rating: 1556 &rarr; <strong>1548<\/strong><br \/>(-8 for losing)
|c|âMoB Barley|gg