|join|Andrewmon
|join|jack41
|player|p1|Andrewmon|253
|player|p2|jack41|17
|gametype|singles
|gen|6
|tier|OU
|rated
|clearpoke
|poke|p1|Charizard, M
|poke|p1|Sylveon, F
|poke|p1|Gengar, M
|poke|p1|Excadrill, M
|poke|p1|Dugtrio, M
|poke|p1|Tyranitar, M
|poke|p2|Tyranitar, M
|poke|p2|Excadrill, F
|poke|p2|Keldeo
|poke|p2|Thundurus, M
|poke|p2|Dragonite, F
|poke|p2|Charizard, M
|rule|Swagger Clause: Swagger is banned
|rule|Baton Pass Clause: Limit one PokÃ©mon knowing Baton Pass
|rule|Sleep Clause Mod: Limit one foe put to sleep
|rule|Species Clause: Limit one of each PokÃ©mon
|rule|OHKO Clause: OHKO moves are banned
|rule|Moody Clause: Moody is banned
|rule|Evasion Moves Clause: Evasion moves are banned
|rule|Endless Battle Clause: Forcing endless battles is banned
|rule|HP Percentage Mod: HP is shown in percentages
|teampreview
|
|start
|switch|p1a: Charizard|Charizard, M|335\/335
|switch|p2a: Keldeo|Keldeo|323\/323
|turn|1
|
|detailschange|p1a: Charizard|Charizard-Mega-Y, M
|-mega|p1a: Charizard|Charizard|Charizardite Y
|-weather|SunnyDay
|move|p2a: Keldeo|Hidden Power|p1a: Charizard
|-supereffective|p1a: Charizard
|-damage|p1a: Charizard|209\/335
|move|p1a: Charizard|Solar Beam|p2a: Keldeo|[still]
|-prepare|p1a: Charizard|Solar Beam|p2a: Keldeo
|-anim|p1a: Charizard|Solar Beam|p2a: Keldeo
|-supereffective|p2a: Keldeo
|-damage|p2a: Keldeo|11\/323
|
|-weather|SunnyDay|[upkeep]
|turn|2
|
|switch|p2a: Dragonite|Dragonite, F|324\/324
|switch|p1a: Sylveon|Sylveon, F|394\/394
|
|-weather|SunnyDay|[upkeep]
|turn|3
|
|switch|p2a: Charizard|Charizard, M|297\/297
|move|p1a: Sylveon|Hyper Voice|p2a: Charizard
|-resisted|p2a: Charizard
|-damage|p2a: Charizard|211\/297
|
|-weather|SunnyDay|[upkeep]
|turn|4
|
|switch|p1a: Tyranitar|Tyranitar, M|381\/381
|-weather|Sandstorm
|detailschange|p2a: Charizard|Charizard-Mega-Y, M
|-mega|p2a: Charizard|Charizard|Charizardite Y
|-weather|SunnyDay
|move|p2a: Charizard|Fire Blast|p1a: Tyranitar
|-resisted|p1a: Tyranitar
|-damage|p1a: Tyranitar|220\/381
|
|-weather|SunnyDay|[upkeep]
|turn|5
|
|switch|p1a: Sylveon|Sylveon, F|394\/394
|move|p2a: Charizard|Solar Beam|p1a: Sylveon|[still]
|-prepare|p2a: Charizard|Solar Beam|p1a: Sylveon
|-anim|p2a: Charizard|Solar Beam|p1a: Sylveon
|-damage|p1a: Sylveon|255\/394
|
|-weather|SunnyDay|[upkeep]
|-heal|p1a: Sylveon|279\/394|[from] item: Leftovers
|turn|6
|
|switch|p1a: Tyranitar|Tyranitar, M|220\/381
|-weather|Sandstorm
|move|p2a: Charizard|Fire Blast|p1a: Tyranitar|[miss]
|-miss|p2a: Charizard|p1a: Tyranitar
|
|-weather|Sandstorm|[upkeep]
|-damage|p2a: Charizard|193\/297|[from] sandstorm
|turn|7
|
|move|p2a: Charizard|Focus Blast|p1a: Tyranitar|[miss]
|-miss|p2a: Charizard|p1a: Tyranitar
|move|p1a: Tyranitar|Pursuit|p2a: Charizard
|-damage|p2a: Charizard|106\/297
|
|-weather|Sandstorm|[upkeep]
|-damage|p2a: Charizard|88\/297|[from] sandstorm
|turn|8
|
|switch|p1a: Gengar|Gengar, M|272\/272
|move|p2a: Charizard|Focus Blast|p1a: Gengar
|-immune|p1a: Gengar|[msg]
|
|-weather|Sandstorm|[upkeep]
|-damage|p1a: Gengar|255\/272|[from] sandstorm
|-damage|p2a: Charizard|70\/297|[from] sandstorm
|-heal|p1a: Gengar|272\/272|[from] item: Black Sludge
|turn|9
|
|switch|p2a: Keldeo|Keldeo|11\/323
|move|p1a: Gengar|Substitute|p1a: Gengar
|-start|p1a: Gengar|Substitute
|-damage|p1a: Gengar|204\/272
|
|-weather|Sandstorm|[upkeep]
|-damage|p2a: Keldeo|0 fnt|[from] sandstorm
|-damage|p1a: Gengar|187\/272|[from] sandstorm
|-heal|p1a: Gengar|204\/272|[from] item: Black Sludge
|faint|p2a: Keldeo
|
|switch|p2a: Tyranitar|Tyranitar, M|342\/342
|turn|10
|
|move|p1a: Gengar|Will-O-Wisp|p2a: Tyranitar
|-status|p2a: Tyranitar|brn
|move|p2a: Tyranitar|Stealth Rock|p1a: Gengar
|-sidestart|p1: Andrewmon|move: Stealth Rock
|
|-weather|Sandstorm|[upkeep]
|-damage|p1a: Gengar|187\/272|[from] sandstorm
|-heal|p1a: Gengar|204\/272|[from] item: Black Sludge
|-damage|p2a: Tyranitar|300\/342 brn|[from] brn
|turn|11
|
|move|p1a: Gengar|Hex|p2a: Tyranitar
|-resisted|p2a: Tyranitar
|-damage|p2a: Tyranitar|236\/342 brn
|move|p2a: Tyranitar|Dark Pulse|p1a: Gengar
|-supereffective|p1a: Gengar
|-end|p1a: Gengar|Substitute
|
|-weather|Sandstorm|[upkeep]
|-damage|p1a: Gengar|187\/272|[from] sandstorm
|-heal|p1a: Gengar|204\/272|[from] item: Black Sludge
|-damage|p2a: Tyranitar|194\/342 brn|[from] brn
|turn|12
|
|switch|p1a: Excadrill|Excadrill, M|361\/361
|-damage|p1a: Excadrill|350\/361|[from] Stealth Rock
|move|p2a: Tyranitar|Ice Beam|p1a: Excadrill
|-damage|p1a: Excadrill|274\/361
|
|-weather|Sandstorm|[upkeep]
|-damage|p2a: Tyranitar|152\/342 brn|[from] brn
|turn|13
|
|move|p1a: Excadrill|Rapid Spin|p2a: Tyranitar
|-resisted|p2a: Tyranitar
|-damage|p2a: Tyranitar|140\/342 brn
|-sideend|p1: Andrewmon|Stealth Rock|[from] move: Rapid Spin|[of] p1a: Excadrill
|move|p2a: Tyranitar|Fire Blast|p1a: Excadrill
|-supereffective|p1a: Excadrill
|-damage|p1a: Excadrill|86\/361
|
|-weather|none
|-damage|p2a: Tyranitar|98\/342 brn|[from] brn
|turn|14
|
|switch|p2a: Dragonite|Dragonite, F|324\/324
|move|p1a: Excadrill|Iron Head|p2a: Dragonite
|-crit|p2a: Dragonite
|-damage|p2a: Dragonite|205\/324
|
|turn|15
|c|âAndrewmon|dont u just love how bad ass dual weather feels
|c|âjack41|yeah i do
|c|âjack41|just hate when the cancel but doesnt work
|c|âAndrewmon|me too!
|
|switch|p1a: Charizard|Charizard-Mega-Y, M|209\/335
|-weather|SunnyDay
|move|p2a: Dragonite|Dragon Dance|p2a: Dragonite
|-boost|p2a: Dragonite|atk|1
|-boost|p2a: Dragonite|spe|1
|
|-weather|SunnyDay|[upkeep]
|turn|16
|c|âAndrewmon|but sometimes it wors out for me
|c|âAndrewmon|what did u mean to do?
|c|âjack41|i meant to let my ttar die
|
|move|p2a: Dragonite|Extreme Speed|p1a: Charizard
|-crit|p1a: Charizard
|-damage|p1a: Charizard|0 fnt
|faint|p1a: Charizard
|
|-weather|SunnyDay|[upkeep]
|c|âAndrewmon|omg, thats soooo annoying!
|c|âjack41|any really like ur team
|c|âAndrewmon|my char is very defensive
|c|âAndrewmon|i wouldve lived that for sure
|c|âAndrewmon|and thx
|c|âjack41|just one question does breloom and scarf lando both ur team
|c|âAndrewmon|do they what my team?
|c|âjack41|bother*
|c|âAndrewmon|not really?
|
|switch|p1a: Sylveon|Sylveon, F|279\/394
|turn|17
|
|move|p2a: Dragonite|Earthquake|p1a: Sylveon
|-crit|p1a: Sylveon
|-damage|p1a: Sylveon|2\/394
|move|p1a: Sylveon|Hyper Voice|p2a: Dragonite
|-supereffective|p2a: Dragonite
|-damage|p2a: Dragonite|0 fnt
|faint|p2a: Dragonite
|
|-weather|SunnyDay|[upkeep]
|-heal|p1a: Sylveon|26\/394|[from] item: Leftovers
|c|âAndrewmon|manaphy, suicune, excadrill, and defenisve lando r more annoiyng
|
|switch|p2a: Tyranitar|Tyranitar, M|98\/342 brn
|-weather|Sandstorm
|turn|18
|c|âAndrewmon|and whats with allo these crits?
|
|switch|p2a: Excadrill|Excadrill, F|362\/362
|move|p1a: Sylveon|Hyper Voice|p2a: Excadrill
|-resisted|p2a: Excadrill
|-damage|p2a: Excadrill|251\/362
|
|-weather|Sandstorm|[upkeep]
|-damage|p1a: Sylveon|2\/394|[from] sandstorm
|-heal|p1a: Sylveon|26\/394|[from] item: Leftovers
|turn|19
|
|move|p2a: Excadrill|Iron Head|p1a: Sylveon
|-supereffective|p1a: Sylveon
|-damage|p1a: Sylveon|0 fnt
|-damage|p2a: Excadrill|215\/362|[from] item: Life Orb
|faint|p1a: Sylveon
|
|-weather|Sandstorm|[upkeep]
|
|switch|p1a: Excadrill|Excadrill, M|86\/361
|turn|20
|
|move|p1a: Excadrill|Earthquake|p2a: Excadrill
|-supereffective|p2a: Excadrill
|-damage|p2a: Excadrill|0 fnt
|faint|p2a: Excadrill
|
|-weather|Sandstorm|[upkeep]
|
|switch|p2a: Charizard|Charizard-Mega-Y, M|70\/297
|-weather|SunnyDay
|turn|21
|c|âjack41|yeah gg dont have anything for dugtrio
|-message|jack41 forfeited.
|
|win|Andrewmon
|raw|Ladder updating...