|join|Updated Kanto
|join|Jack41
|player|p1|Updated Kanto|238
|player|p2|Jack41|17
|gametype|singles
|gen|6
|tier|OU
|rated
|clearpoke
|poke|p1|Sharpedo, F
|poke|p1|Heatran, M
|poke|p1|Keldeo
|poke|p1|Latias, F
|poke|p1|Landorus-Therian, M
|poke|p1|Mew
|poke|p2|Tyranitar, M
|poke|p2|Excadrill, M
|poke|p2|Keldeo
|poke|p2|Thundurus, M
|poke|p2|Dragonite, F
|poke|p2|Charizard, M
|rule|Swagger Clause: Swagger is banned
|rule|Baton Pass Clause: Limit one PokÃ©mon knowing Baton Pass
|rule|Sleep Clause Mod: Limit one foe put to sleep
|rule|Species Clause: Limit one of each PokÃ©mon
|rule|OHKO Clause: OHKO moves are banned
|rule|Moody Clause: Moody is banned
|rule|Evasion Moves Clause: Evasion moves are banned
|rule|Endless Battle Clause: Forcing endless battles is banned
|rule|HP Percentage Mod: HP is shown in percentages
|teampreview
|
|start
|switch|p1a: Keldeo|Keldeo|323\/323
|switch|p2a: Tyranitar|Tyranitar, M|342\/342
|-weather|Sandstorm
|turn|1
|
|move|p1a: Keldeo|Scald|p2a: Tyranitar
|-supereffective|p2a: Tyranitar
|-damage|p2a: Tyranitar|78\/342
|-status|p2a: Tyranitar|brn
|move|p2a: Tyranitar|Stealth Rock|p1a: Keldeo
|-sidestart|p1: Updated Kanto|move: Stealth Rock
|
|-weather|Sandstorm|[upkeep]
|-damage|p1a: Keldeo|303\/323|[from] sandstorm
|-damage|p2a: Tyranitar|36\/342 brn|[from] brn
|turn|2
|
|switch|p2a: Dragonite|Dragonite, F|324\/324
|move|p1a: Keldeo|Scald|p2a: Dragonite
|-resisted|p2a: Dragonite
|-damage|p2a: Dragonite|269\/324
|
|-weather|Sandstorm|[upkeep]
|-damage|p1a: Keldeo|283\/323|[from] sandstorm
|-damage|p2a: Dragonite|249\/324|[from] sandstorm
|turn|3
|
|switch|p1a: Mew|Mew|367\/367
|-damage|p1a: Mew|322\/367|[from] Stealth Rock
|move|p2a: Dragonite|Dragon Dance|p2a: Dragonite
|-boost|p2a: Dragonite|atk|1
|-boost|p2a: Dragonite|spe|1
|
|-weather|Sandstorm|[upkeep]
|-damage|p2a: Dragonite|229\/324|[from] sandstorm
|-damage|p1a: Mew|300\/367|[from] sandstorm
|-heal|p1a: Mew|322\/367|[from] item: Leftovers
|turn|4
|
|move|p2a: Dragonite|Dragon Claw|p1a: Mew
|-damage|p1a: Mew|82\/367
|move|p1a: Mew|Will-O-Wisp|p2a: Dragonite|[miss]
|-miss|p1a: Mew|p2a: Dragonite
|
|-weather|Sandstorm|[upkeep]
|-damage|p2a: Dragonite|209\/324|[from] sandstorm
|-damage|p1a: Mew|60\/367|[from] sandstorm
|-heal|p1a: Mew|82\/367|[from] item: Leftovers
|turn|5
|
|move|p2a: Dragonite|Dragon Dance|p2a: Dragonite
|-boost|p2a: Dragonite|atk|1
|-boost|p2a: Dragonite|spe|1
|move|p1a: Mew|Will-O-Wisp|p2a: Dragonite
|-status|p2a: Dragonite|brn
|-enditem|p2a: Dragonite|Lum Berry|[eat]
|-curestatus|p2a: Dragonite|brn
|
|-weather|none
|-heal|p1a: Mew|104\/367|[from] item: Leftovers
|turn|6
|c|âUpdated Kanto|>lum with dclaw
|c|âUpdated Kanto|LOL
|
|move|p2a: Dragonite|Dragon Claw|p1a: Mew
|-damage|p1a: Mew|0 fnt
|faint|p1a: Mew
|
|
|switch|p1a: Landorus-Therian|Landorus-Therian, M|337\/337
|-damage|p1a: Landorus-Therian|295\/337|[from] Stealth Rock
|-ability|p1a: Landorus-Therian|Intimidate|[of] p2a: Dragonite
|-unboost|p2a: Dragonite|atk|1
|turn|7
|c|âJack41|yeah my sand offense team really hate sash breloom
|c|âJack41|teams*
|
|move|p2a: Dragonite|Dragon Claw|p1a: Landorus-Therian
|-damage|p1a: Landorus-Therian|43\/337
|move|p1a: Landorus-Therian|Stone Edge|p2a: Dragonite
|-supereffective|p2a: Dragonite
|-damage|p2a: Dragonite|0 fnt
|faint|p2a: Dragonite
|
|
|switch|p2a: Keldeo|Keldeo|323\/323
|turn|8
|
|move|p2a: Keldeo|Scald|p1a: Landorus-Therian
|-supereffective|p1a: Landorus-Therian
|-damage|p1a: Landorus-Therian|0 fnt
|faint|p1a: Landorus-Therian
|
|
|switch|p1a: Latias|Latias, F|301\/301
|-damage|p1a: Latias|264\/301|[from] Stealth Rock
|turn|9
|join|Cryomanicwash
|
|switch|p2a: Tyranitar|Tyranitar, M|36\/342 brn
|-weather|Sandstorm
|switch|p1a: Keldeo|Keldeo|283\/323
|-damage|p1a: Keldeo|263\/323|[from] Stealth Rock
|
|-weather|Sandstorm|[upkeep]
|-damage|p1a: Keldeo|243\/323|[from] sandstorm
|-damage|p2a: Tyranitar|0 fnt|[from] brn
|faint|p2a: Tyranitar
|
|switch|p2a: Excadrill|Excadrill, M|362\/362
|turn|10
|
|move|p2a: Excadrill|Earthquake|p1a: Keldeo
|-damage|p1a: Keldeo|0 fnt
|-damage|p2a: Excadrill|326\/362|[from] item: Life Orb
|faint|p1a: Keldeo
|
|-weather|Sandstorm|[upkeep]
|
|switch|p1a: Latias|Latias, F|264\/301
|-damage|p1a: Latias|227\/301|[from] Stealth Rock
|turn|11
|
|move|p2a: Excadrill|Iron Head|p1a: Latias
|-damage|p1a: Latias|9\/301
|-damage|p2a: Excadrill|290\/362|[from] item: Life Orb
|move|p1a: Latias|Draco Meteor|p2a: Excadrill
|-resisted|p2a: Excadrill
|-damage|p2a: Excadrill|98\/362
|-unboost|p1a: Latias|spa|2
|-damage|p1a: Latias|0 fnt|[from] item: Life Orb
|faint|p1a: Latias
|
|-weather|Sandstorm|[upkeep]
|c| Cryomanicwash|Hey guys!
|join|Ary
|
|switch|p1a: Sharpedo|Sharpedo, F|281\/281
|-damage|p1a: Sharpedo|246\/281|[from] Stealth Rock
|turn|12
|
|move|p1a: Sharpedo|Protect|p1a: Sharpedo
|-singleturn|p1a: Sharpedo|Protect
|move|p2a: Excadrill|Earthquake|p1a: Sharpedo
|-activate|p1a: Sharpedo|Protect
|
|-weather|Sandstorm|[upkeep]
|-damage|p1a: Sharpedo|229\/281|[from] sandstorm
|-boost|p1a: Sharpedo|spe|1|[from] ability: Speed Boost
|turn|13
|
|move|p1a: Sharpedo|Protect|p1a: Sharpedo
|-fail|p1a: Sharpedo
|move|p2a: Excadrill|Earthquake|p1a: Sharpedo
|-damage|p1a: Sharpedo|0 fnt
|-damage|p2a: Excadrill|62\/362|[from] item: Life Orb
|faint|p1a: Sharpedo
|
|-weather|none
|leave|Cryomanicwash
|-message|Updated Kanto forfeited.
|
|switch|p1a: Heatran|Heatran, M|385\/385
|-damage|p1a: Heatran|337\/385|[from] Stealth Rock
|turn|14
|-message|Updated Kanto forfeited.
|
|win|Jack41
|raw|Ladder updating...
|leave|Updated Kanto
|raw|Updated Kanto's rating: 1616 &rarr; <strong>1589<\/strong><br \/>(-27 for losing)
|raw|Jack41's rating: 1503 &rarr; <strong>1530<\/strong><br \/>(+27 for winning)
|c|âJack41|gg
|player|p1