|join|jack41
|join|Scott24
|player|p1|jack41|169
|player|p2|Scott24|170
|gametype|singles
|gen|6
|tier|OU
|rated
|clearpoke
|poke|p1|Metagross
|poke|p1|Volcarona, F
|poke|p1|Garchomp, F
|poke|p1|Starmie
|poke|p1|Bisharp, M
|poke|p1|Talonflame, M
|poke|p2|Landorus-Therian, M
|poke|p2|Gardevoir, M
|poke|p2|Metagross
|poke|p2|Garchomp, M
|poke|p2|Keldeo-Resolute
|poke|p2|Thundurus, M
|rule|Swagger Clause: Swagger is banned
|rule|Baton Pass Clause: Limit one PokÃ©mon knowing Baton Pass
|rule|Sleep Clause Mod: Limit one foe put to sleep
|rule|Species Clause: Limit one of each PokÃ©mon
|rule|OHKO Clause: OHKO moves are banned
|rule|Moody Clause: Moody is banned
|rule|Evasion Moves Clause: Evasion moves are banned
|rule|Endless Battle Clause: Forcing endless battles is banned
|rule|HP Percentage Mod: HP is shown in percentages
|teampreview
|
|start
|switch|p1a: Garchomp|Garchomp, F|357\/357
|switch|p2a: Garchomp|Garchomp, M|357\/357
|turn|1
|
|move|p2a: Garchomp|Stealth Rock|p1a: Garchomp
|-sidestart|p1: jack41|move: Stealth Rock
|move|p1a: Garchomp|Stealth Rock|p2a: Garchomp
|-sidestart|p2: Scott24|move: Stealth Rock
|
|turn|2
|
|move|p2a: Garchomp|Earthquake|p1a: Garchomp
|-damage|p1a: Garchomp|177\/357
|move|p1a: Garchomp|Dragon Claw|p2a: Garchomp
|-supereffective|p2a: Garchomp
|-damage|p2a: Garchomp|79\/357
|-damage|p1a: Garchomp|133\/357|[from] ability: Rough Skin|[of] p2a: Garchomp
|
|turn|3
|
|move|p2a: Garchomp|Earthquake|p1a: Garchomp
|-damage|p1a: Garchomp|0 fnt
|faint|p1a: Garchomp
|
|
|switch|p1a: Starmie|Starmie|261\/261
|-damage|p1a: Starmie|229\/261|[from] Stealth Rock
|turn|4
|
|move|p1a: Starmie|Rapid Spin|p2a: Garchomp
|-damage|p2a: Garchomp|62\/357
|-damage|p1a: Starmie|197\/261|[from] ability: Rough Skin|[of] p2a: Garchomp
|-sideend|p1: jack41|Stealth Rock|[from] move: Rapid Spin|[of] p1a: Starmie
|-damage|p1a: Starmie|171\/261|[from] item: Life Orb
|move|p2a: Garchomp|Earthquake|p1a: Starmie
|-damage|p1a: Starmie|0 fnt
|faint|p1a: Starmie
|
|
|switch|p1a: Talonflame|Talonflame, M|297\/297
|turn|5
|
|move|p1a: Talonflame|Brave Bird|p2a: Garchomp
|-damage|p2a: Garchomp|0 fnt
|-damage|p1a: Talonflame|260\/297|[from] ability: Rough Skin|[of] p2a: Garchomp
|-damage|p1a: Talonflame|240\/297|[from] recoil|[of] p2a: Garchomp
|faint|p2a: Garchomp
|
|
|switch|p2a: Landorus-Therian|Landorus-Therian, M|319\/319
|-damage|p2a: Landorus-Therian|280\/319|[from] Stealth Rock
|-ability|p2a: Landorus-Therian|Intimidate|[of] p1a: Talonflame
|-unboost|p1a: Talonflame|atk|1
|turn|6
|
|move|p2a: Landorus-Therian|Knock Off|p1a: Talonflame
|-damage|p1a: Talonflame|60\/297
|-enditem|p1a: Talonflame|Sharp Beak|[from] move: Knock Off|[of] p2a: Landorus-Therian
|move|p1a: Talonflame|Swords Dance|p1a: Talonflame
|-boost|p1a: Talonflame|atk|2
|
|turn|7
|
|move|p1a: Talonflame|Roost|p1a: Talonflame
|-heal|p1a: Talonflame|209\/297
|move|p2a: Landorus-Therian|Knock Off|p1a: Talonflame
|-crit|p1a: Talonflame
|-damage|p1a: Talonflame|52\/297
|
|turn|8
|
|switch|p2a: Metagross|Metagross|337\/337
|-damage|p2a: Metagross|316\/337|[from] Stealth Rock
|move|p1a: Talonflame|Roost|p1a: Talonflame
|-heal|p1a: Talonflame|201\/297
|
|turn|9
|
|detailschange|p2a: Metagross|Metagross-Mega
|-mega|p2a: Metagross|Metagross|Metagrossite
|move|p1a: Talonflame|Flare Blitz|p2a: Metagross
|-supereffective|p2a: Metagross
|-damage|p2a: Metagross|8\/337
|-status|p2a: Metagross|brn
|-damage|p1a: Talonflame|99\/297|[from] recoil|[of] p2a: Metagross
|move|p2a: Metagross|Zen Headbutt|p1a: Talonflame|[miss]
|-miss|p2a: Metagross|p1a: Talonflame
|
|-damage|p2a: Metagross|0 fnt|[from] brn
|faint|p2a: Metagross
|
|switch|p2a: Landorus-Therian|Landorus-Therian, M|280\/319
|-damage|p2a: Landorus-Therian|241\/319|[from] Stealth Rock
|-ability|p2a: Landorus-Therian|Intimidate|[of] p1a: Talonflame
|-unboost|p1a: Talonflame|atk|1
|turn|10
|
|move|p1a: Talonflame|Brave Bird|p2a: Landorus-Therian
|-damage|p2a: Landorus-Therian|57\/319
|-damage|p1a: Talonflame|38\/297|[from] recoil|[of] p2a: Landorus-Therian
|move|p2a: Landorus-Therian|Stone Edge|p1a: Talonflame
|-supereffective|p1a: Talonflame
|-damage|p1a: Talonflame|0 fnt
|faint|p1a: Talonflame
|
|
|switch|p1a: Metagross|Metagross|301\/301
|turn|11
|
|detailschange|p1a: Metagross|Metagross-Mega
|-mega|p1a: Metagross|Metagross|Metagrossite
|move|p2a: Landorus-Therian|Stone Edge|p1a: Metagross
|-resisted|p1a: Metagross
|-damage|p1a: Metagross|255\/301
|move|p1a: Metagross|Zen Headbutt|p2a: Landorus-Therian
|-damage|p2a: Landorus-Therian|0 fnt
|faint|p2a: Landorus-Therian
|
|
|switch|p2a: Keldeo-Resolute|Keldeo-Resolute|323\/323
|-damage|p2a: Keldeo-Resolute|303\/323|[from] Stealth Rock
|turn|12
|
|move|p2a: Keldeo-Resolute|Scald|p1a: Metagross
|-damage|p1a: Metagross|135\/301
|move|p1a: Metagross|Zen Headbutt|p2a: Keldeo-Resolute
|-supereffective|p2a: Keldeo-Resolute
|-damage|p2a: Keldeo-Resolute|0 fnt
|faint|p2a: Keldeo-Resolute
|
|
|switch|p2a: Thundurus|Thundurus, M|299\/299
|-damage|p2a: Thundurus|225\/299|[from] Stealth Rock
|turn|13
|
|move|p2a: Thundurus|Thunderbolt|p1a: Metagross
|-damage|p1a: Metagross|0 fnt
|-damage|p2a: Thundurus|196\/299|[from] item: Life Orb
|faint|p1a: Metagross
|
|
|switch|p1a: Volcarona|Volcarona, F|329\/329
|turn|14
|
|move|p2a: Thundurus|Thunder Wave|p1a: Volcarona
|-status|p1a: Volcarona|par
|move|p1a: Volcarona|Fiery Dance|p2a: Thundurus
|-damage|p2a: Thundurus|0 fnt
|-damage|p1a: Volcarona|297\/329 par|[from] item: Life Orb
|faint|p2a: Thundurus
|
|
|switch|p2a: Gardevoir|Gardevoir, M|277\/277
|-damage|p2a: Gardevoir|243\/277|[from] Stealth Rock
|-ability|p2a: Gardevoir|Flame Body|[from] ability: Trace|[of] p1a: Volcarona
|turn|15
|
|move|p2a: Gardevoir|Moonblast|p1a: Volcarona
|-resisted|p1a: Volcarona
|-damage|p1a: Volcarona|202\/329 par
|-damage|p2a: Gardevoir|216\/277|[from] item: Life Orb
|move|p1a: Volcarona|Fiery Dance|p2a: Gardevoir
|-damage|p2a: Gardevoir|47\/277
|-damage|p1a: Volcarona|170\/329 par|[from] item: Life Orb
|
|turn|16
|
|move|p2a: Gardevoir|Psyshock|p1a: Volcarona
|-damage|p1a: Volcarona|0 fnt
|-damage|p2a: Gardevoir|20\/277|[from] item: Life Orb
|faint|p1a: Volcarona
|
|
|switch|p1a: Bisharp|Bisharp, M|271\/271
|turn|17
|
|move|p2a: Gardevoir|Focus Blast|p1a: Bisharp
|-supereffective|p1a: Bisharp
|-enditem|p1a: Bisharp|Focus Sash
|-damage|p1a: Bisharp|1\/271
|-damage|p2a: Gardevoir|0 fnt|[from] item: Life Orb
|faint|p2a: Gardevoir
|
|win|jack41
|raw|Ladder updating...
|raw|jack41's rating: 1645 &rarr; <strong>1657<\/strong><br \/>(+12 for winning)
|raw|Scott24's rating: 1502 &rarr; <strong>1490<\/strong><br \/>(-12 for losing)
|c|âjack41|gg
|leave|Scott24