|join|jack41
|join|DerJemanT
|player|p1|jack41|17
|player|p2|DerJemanT|169
|gametype|singles
|gen|6
|tier|OU
|rated
|clearpoke
|poke|p1|Metagross
|poke|p1|Volcarona, F
|poke|p1|Garchomp, M
|poke|p1|Starmie
|poke|p1|Bisharp, M
|poke|p1|Talonflame, M
|poke|p2|Crawdaunt, M
|poke|p2|Dragonite, F
|poke|p2|Heatran, M
|poke|p2|Latios, M
|poke|p2|Manectric, M
|poke|p2|Breloom, M
|rule|Swagger Clause: Swagger is banned
|rule|Baton Pass Clause: Limit one PokÃ©mon knowing Baton Pass
|rule|Sleep Clause Mod: Limit one foe put to sleep
|rule|Species Clause: Limit one of each PokÃ©mon
|rule|OHKO Clause: OHKO moves are banned
|rule|Moody Clause: Moody is banned
|rule|Evasion Moves Clause: Evasion moves are banned
|rule|Endless Battle Clause: Forcing endless battles is banned
|rule|HP Percentage Mod: HP is shown in percentages
|teampreview
|
|start
|switch|p1a: Garchomp|Garchomp, M|357\/357
|switch|p2a: Heatran|Heatran, M|385\/385
|-item|p2a: Heatran|Air Balloon
|turn|1
|
|move|p1a: Garchomp|Dragon Claw|p2a: Heatran
|-resisted|p2a: Heatran
|-damage|p2a: Heatran|321\/385
|-enditem|p2a: Heatran|Air Balloon
|move|p2a: Heatran|Stealth Rock|p1a: Garchomp
|-sidestart|p1: jack41|move: Stealth Rock
|
|turn|2
|
|switch|p2a: Latios|Latios, M|301\/301
|move|p1a: Garchomp|Stealth Rock|p2a: Latios
|-sidestart|p2: DerJemanT|move: Stealth Rock
|
|turn|3
|
|switch|p1a: Bisharp|Bisharp, M|271\/271
|-damage|p1a: Bisharp|255\/271|[from] Stealth Rock
|move|p2a: Latios|Draco Meteor|p1a: Bisharp|[miss]
|-miss|p2a: Latios|p1a: Bisharp
|
|turn|4
|
|switch|p2a: Heatran|Heatran, M|321\/385
|-damage|p2a: Heatran|273\/385|[from] Stealth Rock
|move|p1a: Bisharp|Knock Off|p2a: Heatran
|-damage|p2a: Heatran|155\/385
|
|turn|5
|
|switch|p1a: Starmie|Starmie|261\/261
|-damage|p1a: Starmie|229\/261|[from] Stealth Rock
|move|p2a: Heatran|Lava Plume|p1a: Starmie
|-resisted|p1a: Starmie
|-damage|p1a: Starmie|139\/261
|
|turn|6
|
|move|p1a: Starmie|Rapid Spin|p2a: Heatran
|-resisted|p2a: Heatran
|-damage|p2a: Heatran|147\/385
|-sideend|p1: jack41|Stealth Rock|[from] move: Rapid Spin|[of] p1a: Starmie
|-damage|p1a: Starmie|113\/261|[from] item: Life Orb
|move|p2a: Heatran|Earth Power|p1a: Starmie
|-damage|p1a: Starmie|0 fnt
|faint|p1a: Starmie
|
|
|switch|p1a: Metagross|Metagross|301\/301
|turn|7
|
|switch|p2a: Dragonite|Dragonite, F|323\/323
|-damage|p2a: Dragonite|243\/323|[from] Stealth Rock
|detailschange|p1a: Metagross|Metagross-Mega
|-mega|p1a: Metagross|Metagross|Metagrossite
|move|p1a: Metagross|Earthquake|p2a: Dragonite
|-immune|p2a: Dragonite|[msg]
|
|turn|8
|
|switch|p2a: Heatran|Heatran, M|147\/385
|-damage|p2a: Heatran|99\/385|[from] Stealth Rock
|move|p1a: Metagross|Ice Punch|p2a: Heatran
|-resisted|p2a: Heatran
|-damage|p2a: Heatran|68\/385
|
|turn|9
|
|move|p1a: Metagross|Earthquake|p2a: Heatran
|-supereffective|p2a: Heatran
|-damage|p2a: Heatran|0 fnt
|faint|p2a: Heatran
|
|
|switch|p2a: Crawdaunt|Crawdaunt, M|268\/268
|-damage|p2a: Crawdaunt|235\/268|[from] Stealth Rock
|turn|10
|
|switch|p1a: Garchomp|Garchomp, M|357\/357
|move|p2a: Crawdaunt|Knock Off|p1a: Garchomp
|-damage|p1a: Garchomp|0 fnt
|-damage|p2a: Crawdaunt|202\/268|[from] ability: Rough Skin|[of] p1a: Garchomp
|-enditem|p1a: Garchomp|Lum Berry|[from] move: Knock Off|[of] p2a: Crawdaunt
|faint|p1a: Garchomp
|
|
|switch|p1a: Talonflame|Talonflame, M|297\/297
|turn|11
|c|âjack41|banded crawdaunt thats new
|c|âDerJemanT|why new?
|c|âjack41|new too me i mean
|
|switch|p2a: Dragonite|Dragonite, F|243\/323
|-damage|p2a: Dragonite|163\/323|[from] Stealth Rock
|move|p1a: Talonflame|Brave Bird|p2a: Dragonite
|-damage|p2a: Dragonite|0 fnt
|-damage|p1a: Talonflame|243\/297|[from] recoil|[of] p2a: Dragonite
|faint|p2a: Dragonite
|
|c|âjack41|first time i ever saw it
|c|âDerJemanT|banded crawdaunt is the most seen and usefullest set
|c|âDerJemanT|in my opinion :D
|
|switch|p2a: Manectric|Manectric, M|281\/281
|-damage|p2a: Manectric|246\/281|[from] Stealth Rock
|turn|12
|
|detailschange|p2a: Manectric|Manectric-Mega, M
|-mega|p2a: Manectric|Manectric|Manectite
|-ability|p2a: Manectric|Intimidate|[of] p1a: Talonflame
|-unboost|p1a: Talonflame|atk|1
|move|p1a: Talonflame|Flare Blitz|p2a: Manectric
|-damage|p2a: Manectric|113\/281
|-damage|p1a: Talonflame|199\/297|[from] recoil|[of] p2a: Manectric
|move|p2a: Manectric|Volt Switch|p1a: Talonflame
|-supereffective|p1a: Talonflame
|-damage|p1a: Talonflame|0 fnt
|faint|p1a: Talonflame
|
|switch|p2a: Crawdaunt|Crawdaunt, M|202\/268
|-damage|p2a: Crawdaunt|169\/268|[from] Stealth Rock
|
|
|switch|p1a: Volcarona|Volcarona, F|329\/329
|turn|13
|
|move|p2a: Crawdaunt|Aqua Jet|p1a: Volcarona
|-supereffective|p1a: Volcarona
|-damage|p1a: Volcarona|0 fnt
|faint|p1a: Volcarona
|
|
|switch|p1a: Metagross|Metagross-Mega|301\/301
|turn|14
|c|âjack41|the calc said that will do 68 at most
|c|âjack41|68%
|c|âDerJemanT|without band
|c|âjack41|with band
|
|switch|p2a: Breloom|Breloom, M|261\/261
|-damage|p2a: Breloom|245\/261|[from] Stealth Rock
|move|p1a: Metagross|Earthquake|p2a: Breloom
|-resisted|p2a: Breloom
|-damage|p2a: Breloom|174\/261
|
|turn|15
|c|âDerJemanT|hm dont know
|c|âjack41|nvm
|c|âjack41|i dont have passho bery
|
|move|p1a: Metagross|Ice Punch|p2a: Breloom
|-supereffective|p2a: Breloom
|-damage|p2a: Breloom|0 fnt
|faint|p2a: Breloom
|
|
|switch|p2a: Manectric|Manectric-Mega, M|113\/281
|-damage|p2a: Manectric|78\/281|[from] Stealth Rock
|-ability|p2a: Manectric|Intimidate|[of] p1a: Metagross
|-unboost|p1a: Metagross|atk|1
|turn|16
|
|move|p2a: Manectric|Overheat|p1a: Metagross
|-supereffective|p1a: Metagross
|-damage|p1a: Metagross|0 fnt
|-unboost|p2a: Manectric|spa|2
|faint|p1a: Metagross
|
|
|switch|p1a: Bisharp|Bisharp, M|255\/271
|turn|17
|
|move|p2a: Manectric|Overheat|p1a: Bisharp
|-supereffective|p1a: Bisharp
|-damage|p1a: Bisharp|35\/271
|-unboost|p2a: Manectric|spa|2
|move|p1a: Bisharp|Swords Dance|p1a: Bisharp
|-boost|p1a: Bisharp|atk|2
|
|turn|18
|
|move|p1a: Bisharp|Sucker Punch|p2a: Manectric
|-damage|p2a: Manectric|0 fnt
|faint|p2a: Manectric
|
|
|switch|p2a: Crawdaunt|Crawdaunt, M|169\/268
|-damage|p2a: Crawdaunt|136\/268|[from] Stealth Rock
|turn|19
|
|move|p1a: Bisharp|Sucker Punch|p2a: Crawdaunt
|-resisted|p2a: Crawdaunt
|-damage|p2a: Crawdaunt|0 fnt
|faint|p2a: Crawdaunt
|
|
|switch|p2a: Latios|Latios, M|301\/301
|-damage|p2a: Latios|264\/301|[from] Stealth Rock
|turn|20
|c|âDerJemanT|jj
|
|move|p1a: Bisharp|Sucker Punch|p2a: Latios
|-supereffective|p2a: Latios
|-damage|p2a: Latios|0 fnt
|faint|p2a: Latios
|
|win|jack41
|raw|Ladder updating...
|c|âjack41|gg
|leave|DerJemanT
|raw|jack41's rating: 1646 &rarr; <strong>1657<\/strong><br \/>(+11 for winning)
|raw|DerJemanT's rating: 1459 &rarr; <strong>1449<\/strong><br \/>(-10 for losing)
|player|p2