|join|jack41
|join|konstantellos
|player|p1|jack41|17
|player|p2|konstantellos|25
|gametype|singles
|gen|6
|tier|OU
|rated
|clearpoke
|poke|p1|Tyranitar, M
|poke|p1|Excadrill, F
|poke|p1|Latias, F
|poke|p1|Chesnaught, M
|poke|p1|Azumarill, F
|poke|p1|Volcarona, M
|poke|p2|Clefable, M
|poke|p2|Seismitoad, F
|poke|p2|Rotom-Wash
|poke|p2|Sceptile, F
|poke|p2|Gothitelle, F
|poke|p2|Landorus-Therian, M
|rule|Swagger Clause: Swagger is banned
|rule|Baton Pass Clause: Limit one PokÃ©mon knowing Baton Pass
|rule|Sleep Clause Mod: Limit one foe put to sleep
|rule|Species Clause: Limit one of each PokÃ©mon
|rule|OHKO Clause: OHKO moves are banned
|rule|Moody Clause: Moody is banned
|rule|Evasion Moves Clause: Evasion moves are banned
|rule|Endless Battle Clause: Forcing endless battles is banned
|rule|HP Percentage Mod: HP is shown in percentages
|teampreview
|
|start
|switch|p1a: Tyranitar|Tyranitar, M|342\/342
|switch|p2a: Rotom-Wash|Rotom-Wash|303\/303
|-weather|Sandstorm
|turn|1
|
|move|p1a: Tyranitar|Stealth Rock|p2a: Rotom-Wash
|-sidestart|p2: konstantellos|move: Stealth Rock
|move|p2a: Rotom-Wash|Will-O-Wisp|p1a: Tyranitar
|-status|p1a: Tyranitar|brn
|
|-weather|Sandstorm|[upkeep]
|-damage|p2a: Rotom-Wash|285\/303|[from] sandstorm
|-heal|p2a: Rotom-Wash|303\/303|[from] item: Leftovers
|-damage|p1a: Tyranitar|300\/342 brn|[from] brn
|turn|2
|
|move|p1a: Tyranitar|Dark Pulse|p2a: Rotom-Wash
|-damage|p2a: Rotom-Wash|222\/303
|move|p2a: Rotom-Wash|Hydro Pump|p1a: Tyranitar
|-supereffective|p1a: Tyranitar
|-damage|p1a: Tyranitar|120\/342 brn
|
|-weather|Sandstorm|[upkeep]
|-damage|p2a: Rotom-Wash|204\/303|[from] sandstorm
|-heal|p2a: Rotom-Wash|222\/303|[from] item: Leftovers
|-damage|p1a: Tyranitar|78\/342 brn|[from] brn
|turn|3
|
|switch|p1a: Latias|Latias, F|363\/363
|switch|p2a: Seismitoad|Seismitoad, F|414\/414
|-damage|p2a: Seismitoad|389\/414|[from] Stealth Rock
|
|-weather|Sandstorm|[upkeep]
|-damage|p1a: Latias|341\/363|[from] sandstorm
|-heal|p2a: Seismitoad|414\/414|[from] item: Leftovers
|turn|4
|
|detailschange|p1a: Latias|Latias-Mega, F
|-mega|p1a: Latias|Latias|Latiasite
|move|p1a: Latias|Substitute|p1a: Latias
|-start|p1a: Latias|Substitute
|-damage|p1a: Latias|251\/363
|move|p2a: Seismitoad|Stealth Rock|p1a: Latias
|-sidestart|p1: jack41|move: Stealth Rock
|
|-weather|Sandstorm|[upkeep]
|-damage|p1a: Latias|229\/363|[from] sandstorm
|turn|5
|
|switch|p2a: Landorus-Therian|Landorus-Therian, M|319\/319
|-damage|p2a: Landorus-Therian|280\/319|[from] Stealth Rock
|-activate|p1a: Latias|Substitute|ability: Intimidate|[of] p2a: Landorus-Therian
|move|p1a: Latias|Calm Mind|p1a: Latias
|-boost|p1a: Latias|spa|1
|-boost|p1a: Latias|spd|1
|
|-weather|none
|turn|6
|
|move|p2a: Landorus-Therian|U-turn|p1a: Latias
|-supereffective|p1a: Latias
|-end|p1a: Latias|Substitute
|
|switch|p2a: Clefable|Clefable, M|394\/394
|move|p1a: Latias|Roost|p1a: Latias
|-heal|p1a: Latias|363\/363
|
|turn|7
|
|move|p1a: Latias|Substitute|p1a: Latias
|-start|p1a: Latias|Substitute
|-damage|p1a: Latias|273\/363
|move|p2a: Clefable|Moonblast|p1a: Latias
|-supereffective|p1a: Latias
|-end|p1a: Latias|Substitute
|
|turn|8
|
|move|p1a: Latias|Stored Power|p2a: Clefable
|-damage|p2a: Clefable|235\/394
|move|p2a: Clefable|Moonblast|p1a: Latias
|-supereffective|p1a: Latias
|-damage|p1a: Latias|177\/363
|-unboost|p1a: Latias|spa|1
|
|-heal|p2a: Clefable|259\/394|[from] item: Leftovers
|turn|9
|
|move|p1a: Latias|Roost|p1a: Latias
|-heal|p1a: Latias|359\/363
|move|p2a: Clefable|Moonblast|p1a: Latias
|-supereffective|p1a: Latias
|-damage|p1a: Latias|267\/363
|
|-heal|p2a: Clefable|283\/394|[from] item: Leftovers
|turn|10
|
|move|p1a: Latias|Calm Mind|p1a: Latias
|-boost|p1a: Latias|spa|1
|-boost|p1a: Latias|spd|1
|move|p2a: Clefable|Thunder Wave|p1a: Latias
|-status|p1a: Latias|par
|
|-heal|p2a: Clefable|307\/394|[from] item: Leftovers
|turn|11
|
|move|p2a: Clefable|Moonblast|p1a: Latias
|-supereffective|p1a: Latias
|-damage|p1a: Latias|189\/363 par
|-unboost|p1a: Latias|spa|1
|cant|p1a: Latias|par
|
|-heal|p2a: Clefable|331\/394|[from] item: Leftovers
|turn|12
|
|switch|p2a: Landorus-Therian|Landorus-Therian, M|280\/319
|-damage|p2a: Landorus-Therian|241\/319|[from] Stealth Rock
|-ability|p2a: Landorus-Therian|Intimidate|[of] p1a: Latias
|-unboost|p1a: Latias|atk|1
|move|p1a: Latias|Roost|p1a: Latias
|-heal|p1a: Latias|363\/363 par
|
|turn|13
|
|move|p2a: Landorus-Therian|U-turn|p1a: Latias
|-supereffective|p1a: Latias
|-damage|p1a: Latias|237\/363 par
|
|switch|p2a: Sceptile|Sceptile, F|281\/281
|-damage|p2a: Sceptile|246\/281|[from] Stealth Rock
|cant|p1a: Latias|par
|
|turn|14
|
|detailschange|p2a: Sceptile|Sceptile-Mega, F
|-mega|p2a: Sceptile|Sceptile|Sceptilite
|move|p2a: Sceptile|Swords Dance|p2a: Sceptile
|-boost|p2a: Sceptile|atk|2
|move|p1a: Latias|Roost|p1a: Latias
|-heal|p1a: Latias|363\/363 par
|
|turn|15
|
|switch|p1a: Tyranitar|Tyranitar, M|78\/342 brn
|-damage|p1a: Tyranitar|36\/342 brn|[from] Stealth Rock
|-weather|Sandstorm
|move|p2a: Sceptile|Dragon Claw|p1a: Tyranitar
|-damage|p1a: Tyranitar|0 fnt
|faint|p1a: Tyranitar
|
|-weather|Sandstorm|[upkeep]
|-damage|p2a: Sceptile|229\/281|[from] sandstorm
|
|switch|p1a: Excadrill|Excadrill, F|362\/362
|-damage|p1a: Excadrill|351\/362|[from] Stealth Rock
|turn|16
|
|switch|p2a: Rotom-Wash|Rotom-Wash|222\/303
|-damage|p2a: Rotom-Wash|185\/303|[from] Stealth Rock
|move|p1a: Excadrill|Rapid Spin|p2a: Rotom-Wash
|-damage|p2a: Rotom-Wash|155\/303
|-sideend|p1: jack41|Stealth Rock|[from] move: Rapid Spin|[of] p1a: Excadrill
|-damage|p1a: Excadrill|315\/362|[from] item: Life Orb
|
|-weather|Sandstorm|[upkeep]
|-damage|p2a: Rotom-Wash|137\/303|[from] sandstorm
|-heal|p2a: Rotom-Wash|155\/303|[from] item: Leftovers
|turn|17
|
|move|p1a: Excadrill|Rock Slide|p2a: Rotom-Wash
|-damage|p2a: Rotom-Wash|48\/303
|-damage|p1a: Excadrill|279\/362|[from] item: Life Orb
|cant|p2a: Rotom-Wash|flinch
|
|-weather|Sandstorm|[upkeep]
|-damage|p2a: Rotom-Wash|30\/303|[from] sandstorm
|-heal|p2a: Rotom-Wash|48\/303|[from] item: Leftovers
|turn|18
|
|move|p1a: Excadrill|Rock Slide|p2a: Rotom-Wash
|-damage|p2a: Rotom-Wash|0 fnt
|-damage|p1a: Excadrill|243\/362|[from] item: Life Orb
|faint|p2a: Rotom-Wash
|
|-weather|Sandstorm|[upkeep]
|
|switch|p2a: Seismitoad|Seismitoad, F|414\/414
|-damage|p2a: Seismitoad|389\/414|[from] Stealth Rock
|turn|19
|
|move|p1a: Excadrill|Earthquake|p2a: Seismitoad
|-damage|p2a: Seismitoad|177\/414
|-damage|p1a: Excadrill|207\/362|[from] item: Life Orb
|move|p2a: Seismitoad|Scald|p1a: Excadrill
|-supereffective|p1a: Excadrill
|-damage|p1a: Excadrill|0 fnt
|faint|p1a: Excadrill
|
|-weather|none
|-heal|p2a: Seismitoad|202\/414|[from] item: Leftovers
|
|switch|p1a: Volcarona|Volcarona, M|329\/329
|turn|20
|
|move|p1a: Volcarona|Quiver Dance|p1a: Volcarona
|-boost|p1a: Volcarona|spa|1
|-boost|p1a: Volcarona|spd|1
|-boost|p1a: Volcarona|spe|1
|move|p2a: Seismitoad|Toxic|p1a: Volcarona
|-status|p1a: Volcarona|tox
|
|-heal|p2a: Seismitoad|227\/414|[from] item: Leftovers
|-damage|p1a: Volcarona|309\/329 tox|[from] psn
|turn|21
|
|move|p1a: Volcarona|Quiver Dance|p1a: Volcarona
|-boost|p1a: Volcarona|spa|1
|-boost|p1a: Volcarona|spd|1
|-boost|p1a: Volcarona|spe|1
|move|p2a: Seismitoad|Stealth Rock|p1a: Volcarona
|-sidestart|p1: jack41|move: Stealth Rock
|
|-heal|p2a: Seismitoad|252\/414|[from] item: Leftovers
|-damage|p1a: Volcarona|269\/329 tox|[from] psn
|turn|22
|
|move|p1a: Volcarona|Giga Drain|p2a: Seismitoad
|-supereffective|p2a: Seismitoad
|-damage|p2a: Seismitoad|0 fnt
|-heal|p1a: Volcarona|329\/329 tox|[from] drain|[of] p2a: Seismitoad
|-damage|p1a: Volcarona|297\/329 tox|[from] item: Life Orb
|faint|p2a: Seismitoad
|
|-damage|p1a: Volcarona|237\/329 tox|[from] psn
|
|switch|p2a: Landorus-Therian|Landorus-Therian, M|241\/319
|-damage|p2a: Landorus-Therian|202\/319|[from] Stealth Rock
|-ability|p2a: Landorus-Therian|Intimidate|[of] p1a: Volcarona
|-unboost|p1a: Volcarona|atk|1
|turn|23
|
|switch|p2a: Gothitelle|Gothitelle, F|281\/281
|-damage|p2a: Gothitelle|246\/281|[from] Stealth Rock
|move|p1a: Volcarona|Fiery Dance|p2a: Gothitelle
|-damage|p2a: Gothitelle|0 fnt
|-damage|p1a: Volcarona|205\/329 tox|[from] item: Life Orb
|faint|p2a: Gothitelle
|
|-damage|p1a: Volcarona|125\/329 tox|[from] psn
|
|switch|p2a: Landorus-Therian|Landorus-Therian, M|202\/319
|-damage|p2a: Landorus-Therian|163\/319|[from] Stealth Rock
|-ability|p2a: Landorus-Therian|Intimidate|[of] p1a: Volcarona
|-unboost|p1a: Volcarona|atk|1
|turn|24
|
|move|p1a: Volcarona|Giga Drain|p2a: Landorus-Therian
|-damage|p2a: Landorus-Therian|0 fnt
|-heal|p1a: Volcarona|207\/329 tox|[from] drain|[of] p2a: Landorus-Therian
|-damage|p1a: Volcarona|175\/329 tox|[from] item: Life Orb
|faint|p2a: Landorus-Therian
|
|-damage|p1a: Volcarona|75\/329 tox|[from] psn
|
|switch|p2a: Clefable|Clefable, M|331\/394
|turn|25
|
|switch|p2a: Sceptile|Sceptile-Mega, F|229\/281
|-damage|p2a: Sceptile|194\/281|[from] Stealth Rock
|move|p1a: Volcarona|Fiery Dance|p2a: Sceptile
|-damage|p2a: Sceptile|0 fnt
|-boost|p1a: Volcarona|spa|1
|-damage|p1a: Volcarona|43\/329 tox|[from] item: Life Orb
|faint|p2a: Sceptile
|
|-damage|p1a: Volcarona|0 fnt|[from] psn
|faint|p1a: Volcarona
|leave|konstantellos
|player|p2
|-message|konstantellos lost due to inactivity.
|
|win|jack41
|raw|Ladder updating...
|raw|jack41's rating: 1657 &rarr; <strong>1670<\/strong><br \/>(+13 for winning)
|raw|konstantellos's rating: 1538 &rarr; <strong>1525<\/strong><br \/>(-13 for losing)