|join|jack41
|join|WECAMEASROMANS
|player|p1|jack41|169
|player|p2|WECAMEASROMANS|265
|gametype|singles
|gen|6
|tier|OU
|rated
|clearpoke
|poke|p1|Excadrill, M
|poke|p1|Lopunny, M
|poke|p1|Volcarona, F
|poke|p1|Tyranitar, F
|poke|p1|Azumarill, F
|poke|p1|Thundurus, M
|poke|p2|Dragonite, F
|poke|p2|Magnezone
|poke|p2|Latios, M
|poke|p2|Kyurem-Black
|poke|p2|Sableye, M
|poke|p2|Thundurus, M
|rule|Swagger Clause: Swagger is banned
|rule|Baton Pass Clause: Limit one PokÃ©mon knowing Baton Pass
|rule|Sleep Clause Mod: Limit one foe put to sleep
|rule|Species Clause: Limit one of each PokÃ©mon
|rule|OHKO Clause: OHKO moves are banned
|rule|Moody Clause: Moody is banned
|rule|Evasion Moves Clause: Evasion moves are banned
|rule|Endless Battle Clause: Forcing endless battles is banned
|rule|HP Percentage Mod: HP is shown in percentages
|teampreview
|
|start
|switch|p1a: Lopunny|Lopunny, M|271\/271
|switch|p2a: Thundurus|Thundurus, M|299\/299
|turn|1
|
|detailschange|p1a: Lopunny|Lopunny-Mega, M
|-mega|p1a: Lopunny|Lopunny|Lopunnite
|move|p1a: Lopunny|Fake Out|p2a: Thundurus
|-damage|p2a: Thundurus|197\/299
|cant|p2a: Thundurus|flinch
|
|turn|2
|join|Subtonix
|
|move|p2a: Thundurus|Thunder Wave|p1a: Lopunny
|-status|p1a: Lopunny|par
|cant|p1a: Lopunny|par
|
|turn|3
|leave|Subtonix
|
|move|p2a: Thundurus|Focus Blast|p1a: Lopunny
|-supereffective|p1a: Lopunny
|-damage|p1a: Lopunny|0 fnt
|-damage|p2a: Thundurus|168\/299|[from] item: Life Orb
|faint|p1a: Lopunny
|
|
|switch|p1a: Thundurus|Thundurus, M|299\/299
|turn|4
|
|switch|p2a: Latios|Latios, M|301\/301
|move|p1a: Thundurus|Thunderbolt|p2a: Latios
|-resisted|p2a: Latios
|-damage|p2a: Latios|211\/301
|-damage|p1a: Thundurus|270\/299|[from] item: Life Orb
|
|turn|5
|
|switch|p1a: Tyranitar|Tyranitar, F|403\/403
|-weather|Sandstorm
|move|p2a: Latios|Draco Meteor|p1a: Tyranitar
|-damage|p1a: Tyranitar|196\/403
|-unboost|p2a: Latios|spa|2
|-damage|p2a: Latios|181\/301|[from] item: Life Orb
|
|-weather|Sandstorm|[upkeep]
|-damage|p2a: Latios|163\/301|[from] sandstorm
|turn|6
|
|switch|p2a: Sableye|Sableye, M|304\/304
|move|p1a: Tyranitar|Stealth Rock|p2a: Sableye
|-sidestart|p2: WECAMEASROMANS|move: Stealth Rock
|
|-weather|Sandstorm|[upkeep]
|-damage|p2a: Sableye|285\/304|[from] sandstorm
|-heal|p2a: Sableye|304\/304|[from] item: Leftovers
|turn|7
|
|switch|p1a: Volcarona|Volcarona, F|327\/327
|move|p2a: Sableye|Will-O-Wisp|p1a: Volcarona
|-fail|p1a: Volcarona
|
|-weather|Sandstorm|[upkeep]
|-damage|p1a: Volcarona|307\/327|[from] sandstorm
|-damage|p2a: Sableye|285\/304|[from] sandstorm
|-heal|p2a: Sableye|304\/304|[from] item: Leftovers
|turn|8
|
|move|p2a: Sableye|Calm Mind|p2a: Sableye
|-boost|p2a: Sableye|spa|1
|-boost|p2a: Sableye|spd|1
|move|p1a: Volcarona|Quiver Dance|p1a: Volcarona
|-boost|p1a: Volcarona|spa|1
|-boost|p1a: Volcarona|spd|1
|-boost|p1a: Volcarona|spe|1
|
|-weather|Sandstorm|[upkeep]
|-damage|p1a: Volcarona|287\/327|[from] sandstorm
|-damage|p2a: Sableye|285\/304|[from] sandstorm
|-heal|p2a: Sableye|304\/304|[from] item: Leftovers
|turn|9
|
|move|p2a: Sableye|Calm Mind|p2a: Sableye
|-boost|p2a: Sableye|spa|1
|-boost|p2a: Sableye|spd|1
|move|p1a: Volcarona|Fiery Dance|p2a: Sableye
|-damage|p2a: Sableye|150\/304
|-boost|p1a: Volcarona|spa|1
|
|-weather|Sandstorm|[upkeep]
|-damage|p1a: Volcarona|267\/327|[from] sandstorm
|-damage|p2a: Sableye|131\/304|[from] sandstorm
|-heal|p2a: Sableye|150\/304|[from] item: Leftovers
|turn|10
|
|move|p1a: Volcarona|Fiery Dance|p2a: Sableye
|-damage|p2a: Sableye|0 fnt
|-boost|p1a: Volcarona|spa|1
|faint|p2a: Sableye
|
|-weather|Sandstorm|[upkeep]
|-damage|p1a: Volcarona|247\/327|[from] sandstorm
|
|switch|p2a: Thundurus|Thundurus, M|168\/299
|-damage|p2a: Thundurus|94\/299|[from] Stealth Rock
|turn|11
|
|move|p2a: Thundurus|Thunder Wave|p1a: Volcarona
|-status|p1a: Volcarona|par
|-enditem|p1a: Volcarona|Lum Berry|[eat]
|-curestatus|p1a: Volcarona|par
|move|p1a: Volcarona|Fiery Dance|p2a: Thundurus
|-damage|p2a: Thundurus|0 fnt
|faint|p2a: Thundurus
|
|-weather|Sandstorm|[upkeep]
|-damage|p1a: Volcarona|227\/327|[from] sandstorm
|
|switch|p2a: Dragonite|Dragonite, F|323\/323
|-damage|p2a: Dragonite|243\/323|[from] Stealth Rock
|turn|12
|
|move|p2a: Dragonite|Extreme Speed|p1a: Volcarona
|-damage|p1a: Volcarona|0 fnt
|faint|p1a: Volcarona
|
|-weather|none
|
|switch|p1a: Thundurus|Thundurus, M|270\/299
|turn|13
|
|switch|p2a: Magnezone|Magnezone|281\/281
|-damage|p2a: Magnezone|264\/281|[from] Stealth Rock
|move|p1a: Thundurus|Hidden Power|p2a: Magnezone
|-resisted|p2a: Magnezone
|-damage|p2a: Magnezone|211\/281
|-damage|p1a: Thundurus|241\/299|[from] item: Life Orb
|
|turn|14
|
|move|p1a: Thundurus|Superpower|p2a: Magnezone
|-supereffective|p2a: Magnezone
|-damage|p2a: Magnezone|0 fnt
|-unboost|p1a: Thundurus|atk|1
|-unboost|p1a: Thundurus|def|1
|-damage|p1a: Thundurus|212\/299|[from] item: Life Orb
|faint|p2a: Magnezone
|
|
|switch|p2a: Dragonite|Dragonite, F|243\/323
|-damage|p2a: Dragonite|163\/323|[from] Stealth Rock
|turn|15
|
|switch|p1a: Tyranitar|Tyranitar, F|196\/403
|-weather|Sandstorm
|move|p2a: Dragonite|Earthquake|p1a: Tyranitar
|-crit|p1a: Tyranitar
|-supereffective|p1a: Tyranitar
|-damage|p1a: Tyranitar|0 fnt
|faint|p1a: Tyranitar
|
|-weather|Sandstorm|[upkeep]
|-damage|p2a: Dragonite|143\/323|[from] sandstorm
|
|switch|p1a: Excadrill|Excadrill, M|361\/361
|turn|16
|-message|WECAMEASROMANS forfeited.
|leave|WECAMEASROMANS
|
|move|p1a: Excadrill|Iron Head|p2a: Dragonite
|-crit|p2a: Dragonite
|-damage|p2a: Dragonite|0 fnt
|-damage|p1a: Excadrill|325\/361|[from] item: Life Orb
|faint|p2a: Dragonite
|
|-weather|Sandstorm|[upkeep]
|
|win|jack41
|raw|Ladder updating...
|player|p2
|raw|jack41's rating: 1714 &rarr; <strong>1730<\/strong><br \/>(+16 for winning)
|raw|WECAMEASROMANS's rating: 1648 &rarr; <strong>1632<\/strong><br \/>(-16 for losing)