|join|fermadridisback
|join|Jack41
|player|p1|fermadridisback|209
|player|p2|Jack41|17
|gametype|singles
|gen|6
|tier|OU
|rated
|clearpoke
|poke|p1|Togekiss, F
|poke|p1|Scizor, M
|poke|p1|Landorus-Therian, M
|poke|p1|Latios, M
|poke|p1|Heatran, M
|poke|p1|Chansey, F
|poke|p2|Clefable, F
|poke|p2|Metagross
|poke|p2|Mandibuzz, F
|poke|p2|Landorus-Therian, M
|poke|p2|Keldeo-Resolute
|poke|p2|Talonflame, M
|rule|Swagger Clause: Swagger is banned
|rule|Baton Pass Clause: Limit one PokÃ©mon knowing Baton Pass
|rule|Sleep Clause Mod: Limit one foe put to sleep
|rule|Species Clause: Limit one of each PokÃ©mon
|rule|OHKO Clause: OHKO moves are banned
|rule|Moody Clause: Moody is banned
|rule|Evasion Moves Clause: Evasion moves are banned
|rule|Endless Battle Clause: Forcing endless battles is banned
|rule|HP Percentage Mod: HP is shown in percentages
|teampreview
|
|start
|switch|p1a: Latios|Latios, M|302\/302
|switch|p2a: Landorus-Therian|Landorus-Therian, M|379\/379
|-ability|p2a: Landorus-Therian|Intimidate|[of] p1a: Latios
|-unboost|p1a: Latios|atk|1
|turn|1
|
|switch|p1a: Scizor|Scizor, M|343\/343
|switch|p2a: Clefable|Clefable, F|394\/394
|
|turn|2
|
|switch|p1a: Heatran|Heatran, M|385\/385
|switch|p2a: Landorus-Therian|Landorus-Therian, M|379\/379
|-ability|p2a: Landorus-Therian|Intimidate|[of] p1a: Heatran
|-unboost|p1a: Heatran|atk|1
|
|turn|3
|
|switch|p1a: Scizor|Scizor, M|343\/343
|move|p2a: Landorus-Therian|Stealth Rock|p1a: Scizor
|-sidestart|p1: fermadridisback|move: Stealth Rock
|
|turn|4
|
|detailschange|p1a: Scizor|Scizor-Mega, M
|-mega|p1a: Scizor|Scizor|Scizorite
|move|p2a: Landorus-Therian|U-turn|p1a: Scizor
|-resisted|p1a: Scizor
|-damage|p1a: Scizor|317\/343
|
|switch|p2a: Talonflame|Talonflame, M|297\/297
|move|p1a: Scizor|Swords Dance|p1a: Scizor
|-boost|p1a: Scizor|atk|2
|
|turn|5
|
|switch|p2a: Metagross|Metagross|301\/301
|switch|p1a: Heatran|Heatran, M|385\/385
|-damage|p1a: Heatran|337\/385|[from] Stealth Rock
|
|-heal|p1a: Heatran|361\/385|[from] item: Leftovers
|turn|6
|
|switch|p1a: Scizor|Scizor-Mega, M|317\/343
|-damage|p1a: Scizor|275\/343|[from] Stealth Rock
|detailschange|p2a: Metagross|Metagross-Mega
|-mega|p2a: Metagross|Metagross|Metagrossite
|move|p2a: Metagross|Earthquake|p1a: Scizor
|-damage|p1a: Scizor|190\/343
|
|turn|7
|
|switch|p2a: Landorus-Therian|Landorus-Therian, M|379\/379
|-ability|p2a: Landorus-Therian|Intimidate|[of] p1a: Scizor
|-unboost|p1a: Scizor|atk|1
|move|p1a: Scizor|Roost|p1a: Scizor
|-heal|p1a: Scizor|343\/343
|
|turn|8
|
|move|p2a: Landorus-Therian|U-turn|p1a: Scizor
|-resisted|p1a: Scizor
|-damage|p1a: Scizor|317\/343
|
|switch|p2a: Talonflame|Talonflame, M|297\/297
|move|p1a: Scizor|Swords Dance|p1a: Scizor
|-boost|p1a: Scizor|atk|2
|
|turn|9
|
|switch|p2a: Keldeo-Resolute|Keldeo-Resolute|323\/323
|switch|p1a: Heatran|Heatran, M|361\/385
|-damage|p1a: Heatran|313\/385|[from] Stealth Rock
|
|-heal|p1a: Heatran|337\/385|[from] item: Leftovers
|turn|10
|
|switch|p1a: Latios|Latios, M|302\/302
|-damage|p1a: Latios|265\/302|[from] Stealth Rock
|move|p2a: Keldeo-Resolute|Substitute|p2a: Keldeo-Resolute
|-start|p2a: Keldeo-Resolute|Substitute
|-damage|p2a: Keldeo-Resolute|243\/323
|
|-heal|p2a: Keldeo-Resolute|263\/323|[from] item: Leftovers
|turn|11
|
|move|p1a: Latios|Psyshock|p2a: Keldeo-Resolute
|-supereffective|p2a: Keldeo-Resolute
|-end|p2a: Keldeo-Resolute|Substitute
|move|p2a: Keldeo-Resolute|Scald|p1a: Latios
|-resisted|p1a: Latios
|-damage|p1a: Latios|202\/302
|
|-heal|p2a: Keldeo-Resolute|283\/323|[from] item: Leftovers
|turn|12
|
|switch|p1a: Landorus-Therian|Landorus-Therian, M|376\/376
|-damage|p1a: Landorus-Therian|329\/376|[from] Stealth Rock
|-ability|p1a: Landorus-Therian|Intimidate|[of] p2a: Keldeo-Resolute
|-unboost|p2a: Keldeo-Resolute|atk|1
|switch|p2a: Clefable|Clefable, F|394\/394
|
|-heal|p1a: Landorus-Therian|352\/376|[from] item: Leftovers
|turn|13
|
|switch|p2a: Keldeo-Resolute|Keldeo-Resolute|283\/323
|move|p1a: Landorus-Therian|Knock Off|p2a: Keldeo-Resolute
|-resisted|p2a: Keldeo-Resolute
|-damage|p2a: Keldeo-Resolute|220\/323
|-boost|p2a: Keldeo-Resolute|atk|1|[from] ability: Justified
|-enditem|p2a: Keldeo-Resolute|Leftovers|[from] move: Knock Off|[of] p1a: Landorus-Therian
|
|-heal|p1a: Landorus-Therian|375\/376|[from] item: Leftovers
|turn|14
|
|switch|p1a: Togekiss|Togekiss, F|373\/373
|-damage|p1a: Togekiss|280\/373|[from] Stealth Rock
|move|p2a: Keldeo-Resolute|Scald|p1a: Togekiss
|-damage|p1a: Togekiss|154\/373
|
|-heal|p1a: Togekiss|177\/373|[from] item: Leftovers
|turn|15
|
|switch|p2a: Landorus-Therian|Landorus-Therian, M|379\/379
|-ability|p2a: Landorus-Therian|Intimidate|[of] p1a: Togekiss
|-unboost|p1a: Togekiss|atk|1
|move|p1a: Togekiss|Roost|p1a: Togekiss
|-heal|p1a: Togekiss|364\/373
|
|-heal|p1a: Togekiss|373\/373|[from] item: Leftovers
|turn|16
|
|move|p2a: Landorus-Therian|Stone Edge|p1a: Togekiss
|-supereffective|p1a: Togekiss
|-damage|p1a: Togekiss|177\/373
|move|p1a: Togekiss|Air Slash|p2a: Landorus-Therian
|-damage|p2a: Landorus-Therian|238\/379
|
|-heal|p2a: Landorus-Therian|261\/379|[from] item: Leftovers
|-heal|p1a: Togekiss|200\/373|[from] item: Leftovers
|turn|17
|
|move|p2a: Landorus-Therian|U-turn|p1a: Togekiss
|-resisted|p1a: Togekiss
|-damage|p1a: Togekiss|184\/373
|
|switch|p2a: Metagross|Metagross-Mega|301\/301
|move|p1a: Togekiss|Roost|p1a: Togekiss
|-heal|p1a: Togekiss|371\/373
|
|-heal|p1a: Togekiss|373\/373|[from] item: Leftovers
|turn|18
|
|switch|p1a: Scizor|Scizor-Mega, M|317\/343
|-damage|p1a: Scizor|275\/343|[from] Stealth Rock
|move|p2a: Metagross|Meteor Mash|p1a: Scizor
|-resisted|p1a: Scizor
|-damage|p1a: Scizor|199\/343
|
|turn|19
|
|move|p2a: Metagross|Meteor Mash|p1a: Scizor
|-resisted|p1a: Scizor
|-damage|p1a: Scizor|124\/343
|move|p1a: Scizor|Roost|p1a: Scizor
|-heal|p1a: Scizor|296\/343
|
|turn|20
|
|move|p2a: Metagross|Meteor Mash|p1a: Scizor
|-resisted|p1a: Scizor
|-damage|p1a: Scizor|221\/343
|move|p1a: Scizor|Swords Dance|p1a: Scizor
|-boost|p1a: Scizor|atk|2
|
|turn|21
|
|switch|p2a: Talonflame|Talonflame, M|297\/297
|move|p1a: Scizor|Bug Bite|p2a: Talonflame
|-resisted|p2a: Talonflame
|-damage|p2a: Talonflame|203\/297
|
|turn|22
|
|switch|p1a: Heatran|Heatran, M|337\/385
|-damage|p1a: Heatran|289\/385|[from] Stealth Rock
|move|p2a: Talonflame|Flare Blitz|p1a: Heatran
|-start|p1a: Heatran|ability: Flash Fire
|
|-heal|p1a: Heatran|313\/385|[from] item: Leftovers
|turn|23
|
|switch|p2a: Keldeo-Resolute|Keldeo-Resolute|220\/323
|move|p1a: Heatran|Stealth Rock|p2a: Keldeo-Resolute
|-sidestart|p2: Jack41|move: Stealth Rock
|
|-heal|p1a: Heatran|337\/385|[from] item: Leftovers
|turn|24
|
|switch|p1a: Togekiss|Togekiss, F|373\/373
|-damage|p1a: Togekiss|280\/373|[from] Stealth Rock
|move|p2a: Keldeo-Resolute|Substitute|p2a: Keldeo-Resolute
|-start|p2a: Keldeo-Resolute|Substitute
|-damage|p2a: Keldeo-Resolute|140\/323
|
|-heal|p1a: Togekiss|303\/373|[from] item: Leftovers
|turn|25
|
|move|p2a: Keldeo-Resolute|Scald|p1a: Togekiss
|-damage|p1a: Togekiss|183\/373
|-status|p1a: Togekiss|brn
|move|p1a: Togekiss|Air Slash|p2a: Keldeo-Resolute
|-crit|p2a: Keldeo-Resolute
|-supereffective|p2a: Keldeo-Resolute
|-end|p2a: Keldeo-Resolute|Substitute
|
|-heal|p1a: Togekiss|206\/373 brn|[from] item: Leftovers
|-damage|p1a: Togekiss|160\/373 brn|[from] brn
|turn|26
|
|move|p2a: Keldeo-Resolute|Scald|p1a: Togekiss
|-damage|p1a: Togekiss|39\/373 brn
|move|p1a: Togekiss|Roost|p1a: Togekiss
|-heal|p1a: Togekiss|226\/373 brn
|
|-heal|p1a: Togekiss|249\/373 brn|[from] item: Leftovers
|-damage|p1a: Togekiss|203\/373 brn|[from] brn
|turn|27
|
|switch|p2a: Metagross|Metagross-Mega|301\/301
|-damage|p2a: Metagross|283\/301|[from] Stealth Rock
|move|p1a: Togekiss|Roost|p1a: Togekiss
|-heal|p1a: Togekiss|373\/373 brn
|
|-damage|p1a: Togekiss|327\/373 brn|[from] brn
|turn|28
|
|switch|p1a: Heatran|Heatran, M|337\/385
|-damage|p1a: Heatran|289\/385|[from] Stealth Rock
|move|p2a: Metagross|Earthquake|p1a: Heatran
|-supereffective|p1a: Heatran
|-damage|p1a: Heatran|0 fnt
|faint|p1a: Heatran
|
|
|switch|p1a: Scizor|Scizor-Mega, M|221\/343
|-damage|p1a: Scizor|179\/343|[from] Stealth Rock
|turn|29
|
|switch|p2a: Mandibuzz|Mandibuzz, F|423\/423
|-damage|p2a: Mandibuzz|318\/423|[from] Stealth Rock
|move|p1a: Scizor|Swords Dance|p1a: Scizor
|-boost|p1a: Scizor|atk|2
|
|-heal|p2a: Mandibuzz|344\/423|[from] item: Leftovers
|turn|30
|
|switch|p1a: Togekiss|Togekiss, F|327\/373 brn
|-damage|p1a: Togekiss|234\/373 brn|[from] Stealth Rock
|move|p2a: Mandibuzz|Foul Play|p1a: Togekiss
|-resisted|p1a: Togekiss
|-damage|p1a: Togekiss|207\/373 brn
|
|-heal|p2a: Mandibuzz|370\/423|[from] item: Leftovers
|-heal|p1a: Togekiss|230\/373 brn|[from] item: Leftovers
|-damage|p1a: Togekiss|184\/373 brn|[from] brn
|turn|31
|
|move|p2a: Mandibuzz|Defog|p1a: Togekiss
|-unboost|p1a: Togekiss|evasion|1
|-sideend|p1: fermadridisback|Stealth Rock|[from] move: Defog|[of] p1a: Togekiss
|-sideend|p2: Jack41|Stealth Rock|[from] move: Defog|[of] p2a: Mandibuzz
|move|p1a: Togekiss|Roost|p1a: Togekiss
|-heal|p1a: Togekiss|371\/373 brn
|
|-heal|p2a: Mandibuzz|396\/423|[from] item: Leftovers
|-heal|p1a: Togekiss|373\/373 brn|[from] item: Leftovers
|-damage|p1a: Togekiss|327\/373 brn|[from] brn
|turn|32
|
|switch|p2a: Landorus-Therian|Landorus-Therian, M|261\/379
|-ability|p2a: Landorus-Therian|Intimidate|[of] p1a: Togekiss
|-unboost|p1a: Togekiss|atk|1
|move|p1a: Togekiss|Air Slash|p2a: Landorus-Therian
|-damage|p2a: Landorus-Therian|110\/379
|
|-heal|p2a: Landorus-Therian|133\/379|[from] item: Leftovers
|-heal|p1a: Togekiss|350\/373 brn|[from] item: Leftovers
|-damage|p1a: Togekiss|304\/373 brn|[from] brn
|turn|33
|
|switch|p1a: Landorus-Therian|Landorus-Therian, M|375\/376
|-ability|p1a: Landorus-Therian|Intimidate|[of] p2a: Landorus-Therian
|-unboost|p2a: Landorus-Therian|atk|1
|move|p2a: Landorus-Therian|Stealth Rock|p1a: Landorus-Therian
|-sidestart|p1: fermadridisback|move: Stealth Rock
|
|-heal|p1a: Landorus-Therian|376\/376|[from] item: Leftovers
|-heal|p2a: Landorus-Therian|156\/379|[from] item: Leftovers
|turn|34
|
|move|p1a: Landorus-Therian|Knock Off|p2a: Landorus-Therian
|-damage|p2a: Landorus-Therian|69\/379
|-enditem|p2a: Landorus-Therian|Leftovers|[from] move: Knock Off|[of] p1a: Landorus-Therian
|move|p2a: Landorus-Therian|U-turn|p1a: Landorus-Therian
|-resisted|p1a: Landorus-Therian
|-damage|p1a: Landorus-Therian|350\/376
|
|switch|p2a: Metagross|Metagross-Mega|283\/301
|
|-heal|p1a: Landorus-Therian|373\/376|[from] item: Leftovers
|turn|35
|
|switch|p1a: Scizor|Scizor-Mega, M|179\/343
|-damage|p1a: Scizor|137\/343|[from] Stealth Rock
|move|p2a: Metagross|Ice Punch|p1a: Scizor
|-resisted|p1a: Scizor
|-damage|p1a: Scizor|98\/343
|-status|p1a: Scizor|frz
|
|turn|36
|
|move|p2a: Metagross|Meteor Mash|p1a: Scizor
|-resisted|p1a: Scizor
|-damage|p1a: Scizor|26\/343 frz
|cant|p1a: Scizor|frz
|
|turn|37
|
|move|p2a: Metagross|Earthquake|p1a: Scizor
|-damage|p1a: Scizor|0 fnt
|faint|p1a: Scizor
|
|
|switch|p1a: Landorus-Therian|Landorus-Therian, M|373\/376
|-damage|p1a: Landorus-Therian|326\/376|[from] Stealth Rock
|-ability|p1a: Landorus-Therian|Intimidate|[of] p2a: Metagross
|-unboost|p2a: Metagross|atk|1
|turn|38
|
|move|p2a: Metagross|Ice Punch|p1a: Landorus-Therian
|-supereffective|p1a: Landorus-Therian
|-damage|p1a: Landorus-Therian|0 fnt
|faint|p1a: Landorus-Therian
|
|-message|fermadridisback forfeited.
|leave|fermadridisback
|
|win|Jack41
|raw|Ladder updating...
|player|p1
|raw|fermadridisback's rating: 1553 &rarr; <strong>1527<\/strong><br \/>(-26 for losing)
|raw|Jack41's rating: 1437 &rarr; <strong>1463<\/strong><br \/>(+26 for winning)