|join|jack41
|join|1800Rekt
|player|p1|jack41|17
|player|p2|1800Rekt|270
|gametype|singles
|gen|6
|tier|OU
|rated
|clearpoke
|poke|p1|Diancie
|poke|p1|Garchomp, F
|poke|p1|Bisharp, M
|poke|p1|Talonflame, M
|poke|p1|Dragonite, M
|poke|p1|Starmie
|poke|p2|Serperior, F, shiny
|poke|p2|Dugtrio, M, shiny
|poke|p2|Jirachi
|poke|p2|Altaria, F, shiny
|poke|p2|Zapdos
|poke|p2|Tornadus-Therian, M, shiny
|rule|Swagger Clause: Swagger is banned
|rule|Baton Pass Clause: Limit one PokÃ©mon knowing Baton Pass
|rule|Sleep Clause Mod: Limit one foe put to sleep
|rule|Species Clause: Limit one of each PokÃ©mon
|rule|OHKO Clause: OHKO moves are banned
|rule|Moody Clause: Moody is banned
|rule|Evasion Moves Clause: Evasion moves are banned
|rule|Endless Battle Clause: Forcing endless battles is banned
|rule|HP Percentage Mod: HP is shown in percentages
|teampreview
|
|start
|switch|p1a: Garchomp|Garchomp, F|357\/357
|switch|p2a: Altaria|Altaria, F, shiny|354\/354
|turn|1
|
|detailschange|p2a: Altaria|Altaria-Mega, F, shiny
|-mega|p2a: Altaria|Altaria|Altarianite
|move|p1a: Garchomp|Stealth Rock|p2a: Altaria
|-sidestart|p2: 1800Rekt|move: Stealth Rock
|move|p2a: Altaria|Dragon Dance|p2a: Altaria
|-boost|p2a: Altaria|atk|1
|-boost|p2a: Altaria|spe|1
|
|turn|2
|
|move|p1a: Garchomp|Earthquake|p2a: Altaria
|-damage|p2a: Altaria|230\/354
|move|p2a: Altaria|Dragon Dance|p2a: Altaria
|-boost|p2a: Altaria|atk|1
|-boost|p2a: Altaria|spe|1
|
|turn|3
|
|move|p2a: Altaria|Dragon Dance|p2a: Altaria
|-boost|p2a: Altaria|atk|1
|-boost|p2a: Altaria|spe|1
|move|p1a: Garchomp|Earthquake|p2a: Altaria
|-damage|p2a: Altaria|118\/354
|
|turn|4
|
|move|p2a: Altaria|Roost|p2a: Altaria
|-heal|p2a: Altaria|295\/354
|move|p1a: Garchomp|Earthquake|p2a: Altaria
|-damage|p2a: Altaria|178\/354
|
|turn|5
|
|move|p2a: Altaria|Roost|p2a: Altaria
|-heal|p2a: Altaria|354\/354
|move|p1a: Garchomp|Earthquake|p2a: Altaria
|-damage|p2a: Altaria|228\/354
|
|turn|6
|
|move|p2a: Altaria|Dragon Dance|p2a: Altaria
|-boost|p2a: Altaria|atk|1
|-boost|p2a: Altaria|spe|1
|move|p1a: Garchomp|Earthquake|p2a: Altaria
|-damage|p2a: Altaria|101\/354
|
|turn|7
|
|move|p2a: Altaria|Roost|p2a: Altaria
|-heal|p2a: Altaria|278\/354
|move|p1a: Garchomp|Earthquake|p2a: Altaria
|-damage|p2a: Altaria|167\/354
|
|turn|8
|
|move|p2a: Altaria|Roost|p2a: Altaria
|-heal|p2a: Altaria|344\/354
|move|p1a: Garchomp|Earthquake|p2a: Altaria
|-damage|p2a: Altaria|218\/354
|
|turn|9
|
|move|p2a: Altaria|Dragon Dance|p2a: Altaria
|-boost|p2a: Altaria|atk|1
|-boost|p2a: Altaria|spe|1
|move|p1a: Garchomp|Earthquake|p2a: Altaria
|-damage|p2a: Altaria|89\/354
|
|turn|10
|
|move|p2a: Altaria|Roost|p2a: Altaria
|-heal|p2a: Altaria|266\/354
|move|p1a: Garchomp|Earthquake|p2a: Altaria
|-damage|p2a: Altaria|136\/354
|
|turn|11
|
|move|p2a: Altaria|Roost|p2a: Altaria
|-heal|p2a: Altaria|313\/354
|move|p1a: Garchomp|Earthquake|p2a: Altaria
|-damage|p2a: Altaria|183\/354
|
|turn|12
|
|move|p2a: Altaria|Roost|p2a: Altaria
|-heal|p2a: Altaria|354\/354
|move|p1a: Garchomp|Earthquake|p2a: Altaria
|-crit|p2a: Altaria
|-damage|p2a: Altaria|162\/354
|
|turn|13
|
|move|p2a: Altaria|Roost|p2a: Altaria
|-heal|p2a: Altaria|339\/354
|move|p1a: Garchomp|Earthquake|p2a: Altaria
|-damage|p2a: Altaria|219\/354
|
|turn|14
|
|move|p2a: Altaria|Dragon Dance|p2a: Altaria
|-boost|p2a: Altaria|atk|1
|-boost|p2a: Altaria|spe|1
|move|p1a: Garchomp|Earthquake|p2a: Altaria
|-damage|p2a: Altaria|87\/354
|
|turn|15
|
|switch|p1a: Bisharp|Bisharp, M|271\/271
|move|p2a: Altaria|Roost|p2a: Altaria
|-heal|p2a: Altaria|264\/354
|
|turn|16
|
|move|p2a: Altaria|Frustration|p1a: Bisharp
|-enditem|p1a: Bisharp|Focus Sash
|-damage|p1a: Bisharp|1\/271
|move|p1a: Bisharp|Iron Head|p2a: Altaria
|-supereffective|p2a: Altaria
|-damage|p2a: Altaria|40\/354
|
|turn|17
|
|move|p2a: Altaria|Frustration|p1a: Bisharp
|-damage|p1a: Bisharp|0 fnt
|faint|p1a: Bisharp
|
|
|switch|p1a: Talonflame|Talonflame, M|297\/297
|turn|18
|
|switch|p2a: Zapdos|Zapdos|384\/384
|-damage|p2a: Zapdos|288\/384|[from] Stealth Rock
|-ability|p2a: Zapdos|Pressure
|move|p1a: Talonflame|Brave Bird|p2a: Zapdos
|-crit|p2a: Zapdos
|-resisted|p2a: Zapdos
|-damage|p2a: Zapdos|172\/384
|-damage|p1a: Talonflame|259\/297|[from] recoil|[of] p2a: Zapdos
|
|-heal|p2a: Zapdos|196\/384|[from] item: Leftovers
|turn|19
|
|switch|p1a: Garchomp|Garchomp, F|357\/357
|move|p2a: Zapdos|Roost|p2a: Zapdos
|-heal|p2a: Zapdos|384\/384
|
|turn|20
|
|move|p1a: Garchomp|Swords Dance|p1a: Garchomp
|-boost|p1a: Garchomp|atk|2
|move|p2a: Zapdos|Defog|p1a: Garchomp
|-unboost|p1a: Garchomp|evasion|1
|-sideend|p2: 1800Rekt|Stealth Rock|[from] move: Defog|[of] p2a: Zapdos
|
|turn|21
|
|switch|p2a: Altaria|Altaria-Mega, F, shiny|40\/354
|move|p1a: Garchomp|Stealth Rock|p2a: Altaria
|-sidestart|p2: 1800Rekt|move: Stealth Rock
|
|turn|22
|
|move|p1a: Garchomp|Earthquake|p2a: Altaria
|-damage|p2a: Altaria|0 fnt
|faint|p2a: Altaria
|
|
|switch|p2a: Serperior|Serperior, F, shiny|291\/291
|-damage|p2a: Serperior|255\/291|[from] Stealth Rock
|turn|23
|
|move|p2a: Serperior|Leaf Storm|p1a: Garchomp
|-damage|p1a: Garchomp|114\/357
|-boost|p2a: Serperior|spa|2
|-damage|p2a: Serperior|226\/291|[from] item: Life Orb
|move|p1a: Garchomp|Dragon Claw|p2a: Serperior
|-damage|p2a: Serperior|0 fnt
|faint|p2a: Serperior
|
|
|switch|p2a: Dugtrio|Dugtrio, M, shiny|211\/211
|-damage|p2a: Dugtrio|198\/211|[from] Stealth Rock
|turn|24
|
|move|p2a: Dugtrio|Earthquake|p1a: Garchomp
|-damage|p1a: Garchomp|0 fnt
|faint|p1a: Garchomp
|
|
|switch|p1a: Starmie|Starmie|261\/261
|turn|25
|
|switch|p2a: Jirachi|Jirachi|404\/404
|-damage|p2a: Jirachi|379\/404|[from] Stealth Rock
|move|p1a: Starmie|Scald|p2a: Jirachi
|-damage|p2a: Jirachi|258\/404
|-damage|p1a: Starmie|235\/261|[from] item: Life Orb
|
|-heal|p2a: Jirachi|283\/404|[from] item: Leftovers
|turn|26
|
|move|p1a: Starmie|Scald|p2a: Jirachi
|-damage|p2a: Jirachi|165\/404
|-damage|p1a: Starmie|209\/261|[from] item: Life Orb
|move|p2a: Jirachi|U-turn|p1a: Starmie
|-supereffective|p1a: Starmie
|-damage|p1a: Starmie|81\/261
|
|switch|p2a: Tornadus-Therian|Tornadus-Therian, M, shiny|327\/327
|-damage|p2a: Tornadus-Therian|246\/327|[from] Stealth Rock
|
|turn|27
|
|move|p2a: Tornadus-Therian|Knock Off|p1a: Starmie
|-supereffective|p1a: Starmie
|-damage|p1a: Starmie|0 fnt
|-enditem|p1a: Starmie|Life Orb|[from] move: Knock Off|[of] p2a: Tornadus-Therian
|faint|p1a: Starmie
|
|
|switch|p1a: Diancie|Diancie|257\/257
|turn|28
|
|detailschange|p1a: Diancie|Diancie-Mega
|-mega|p1a: Diancie|Diancie|Diancite
|move|p2a: Tornadus-Therian|U-turn|p1a: Diancie
|-resisted|p1a: Diancie
|-damage|p1a: Diancie|231\/257
|
|switch|p2a: Jirachi|Jirachi|165\/404
|-damage|p2a: Jirachi|140\/404|[from] Stealth Rock
|move|p1a: Diancie|Rock Polish|p1a: Diancie
|-boost|p1a: Diancie|spe|2
|
|-heal|p2a: Jirachi|165\/404|[from] item: Leftovers
|turn|29
|
|move|p1a: Diancie|Earth Power|p2a: Jirachi
|-crit|p2a: Jirachi
|-supereffective|p2a: Jirachi
|-damage|p2a: Jirachi|0 fnt
|faint|p2a: Jirachi
|
|
|switch|p2a: Dugtrio|Dugtrio, M, shiny|198\/211
|-damage|p2a: Dugtrio|185\/211|[from] Stealth Rock
|turn|30
|
|move|p1a: Diancie|Moonblast|p2a: Dugtrio
|-damage|p2a: Dugtrio|0 fnt
|faint|p2a: Dugtrio
|
|-message|1800Rekt forfeited.
|leave|1800Rekt
|
|win|jack41
|raw|Ladder updating...
|player|p2
|raw|jack41's rating: 1626 &rarr; <strong>1649<\/strong><br \/>(+23 for winning)
|raw|1800Rekt's rating: 1690 &rarr; <strong>1666<\/strong><br \/>(-24 for losing)