|join|ktan422
|join|RHS
|player|p1|ktan422|265
|player|p2|RHS|169
|gametype|singles
|gen|6
|tier|UU
|rated
|rule|Sleep Clause Mod: Limit one foe put to sleep
|rule|Species Clause: Limit one of each PokÃ©mon
|rule|OHKO Clause: OHKO moves are banned
|rule|Moody Clause: Moody is banned
|rule|Evasion Moves Clause: Evasion moves are banned
|rule|Endless Battle Clause: Forcing endless battles is banned
|rule|HP Percentage Mod: HP is shown in percentages
|clearpoke
|poke|p1|Flygon, F
|poke|p1|Kingdra, F
|poke|p1|Empoleon, M
|poke|p1|Azelf
|poke|p1|Sawk, M
|poke|p1|Galvantula, F
|poke|p2|Sharpedo, F
|poke|p2|Toxicroak, F
|poke|p2|Aerodactyl, F
|poke|p2|Donphan, M
|poke|p2|Ambipom, F
|poke|p2|Chandelure, M
|rule|Swagger Clause: Swagger is banned
|rule|Baton Pass Clause: Limit one PokÃ©mon knowing Baton Pass
|teampreview
|
|start
|switch|p1a: Galvantula|Galvantula, F|281\/281
|switch|p2a: Donphan|Donphan, M|364\/364
|turn|1
|
|move|p1a: Galvantula|Giga Drain|p2a: Donphan
|-supereffective|p2a: Donphan
|-damage|p2a: Donphan|156\/364
|move|p2a: Donphan|Earthquake|p1a: Galvantula
|-enditem|p1a: Galvantula|Focus Sash
|-damage|p1a: Galvantula|1\/281
|
|-heal|p2a: Donphan|178\/364|[from] item: Leftovers
|turn|2
|
|move|p2a: Donphan|Ice Shard|p1a: Galvantula
|-damage|p1a: Galvantula|0 fnt
|faint|p1a: Galvantula
|
|-heal|p2a: Donphan|200\/364|[from] item: Leftovers
|
|switch|p1a: Kingdra|Kingdra, F|292\/292
|turn|3
|
|move|p1a: Kingdra|Focus Energy|p1a: Kingdra
|-start|p1a: Kingdra|move: Focus Energy
|move|p2a: Donphan|Knock Off|p1a: Kingdra
|-damage|p1a: Kingdra|162\/292
|-enditem|p1a: Kingdra|Scope Lens|[from] move: Knock Off|[of] p2a: Donphan
|
|-heal|p2a: Donphan|222\/364|[from] item: Leftovers
|turn|4
|
|move|p2a: Donphan|Ice Shard|p1a: Kingdra
|-damage|p1a: Kingdra|105\/292
|move|p1a: Kingdra|Hydro Pump|p2a: Donphan|[miss]
|-miss|p1a: Kingdra|p2a: Donphan
|
|-heal|p2a: Donphan|244\/364|[from] item: Leftovers
|turn|5
|
|move|p2a: Donphan|Ice Shard|p1a: Kingdra
|-damage|p1a: Kingdra|50\/292
|move|p1a: Kingdra|Hydro Pump|p2a: Donphan|[miss]
|-miss|p1a: Kingdra|p2a: Donphan
|
|-heal|p2a: Donphan|266\/364|[from] item: Leftovers
|turn|6
|
|move|p2a: Donphan|Ice Shard|p1a: Kingdra
|-damage|p1a: Kingdra|0 fnt
|faint|p1a: Kingdra
|
|-heal|p2a: Donphan|288\/364|[from] item: Leftovers
|-message|ktan422 forfeited.
|leave|ktan422
|
|win|RHS
|raw|Ladder updating...
|player|p1
|raw|ktan422's rating: 1219 &rarr; <strong>1200<\/strong><br \/>(-19 for losing)
|raw|RHS's rating: 1312 &rarr; <strong>1327<\/strong><br \/>(+15 for winning)