|join|uutestest
|join|I'M B4TMAN
|player|p1|uutestest|184
|player|p2|I'M B4TMAN|273
|gametype|singles
|gen|6
|tier|UU
|rated
|rule|Sleep Clause Mod: Limit one foe put to sleep
|rule|Species Clause: Limit one of each PokÃ©mon
|rule|OHKO Clause: OHKO moves are banned
|rule|Moody Clause: Moody is banned
|rule|Evasion Moves Clause: Evasion moves are banned
|rule|Endless Battle Clause: Forcing endless battles is banned
|rule|HP Percentage Mod: HP is shown in percentages
|clearpoke
|poke|p1|Cresselia, F
|poke|p1|Serperior, M
|poke|p1|Medicham, M
|poke|p1|Tentacruel, M
|poke|p1|Haxorus, M
|poke|p1|Krookodile, F
|poke|p2|Blastoise, M
|poke|p2|Jirachi
|poke|p2|Chesnaught, M, shiny
|poke|p2|Vaporeon, F
|poke|p2|Rotom-Heat
|poke|p2|Krookodile, M, shiny
|rule|Swagger Clause: Swagger is banned
|rule|Baton Pass Clause: Limit one PokÃ©mon knowing Baton Pass
|teampreview
|
|start
|switch|p1a: Tentacruel|Tentacruel, M|361\/361
|switch|p2a: Sheldon|Krookodile, M, shiny|332\/332
|turn|1
|
|move|p2a: Sheldon|Substitute|p2a: Sheldon
|-start|p2a: Sheldon|Substitute
|-damage|p2a: Sheldon|249\/332
|move|p1a: Tentacruel|Toxic Spikes|p2a: Sheldon
|-sidestart|p2: I'M B4TMAN|move: Toxic Spikes
|
|-heal|p2a: Sheldon|269\/332|[from] item: Leftovers
|turn|2
|
|switch|p1a: Cresselia|Cresselia, F|444\/444
|move|p2a: Sheldon|Earthquake|p1a: Cresselia
|-immune|p1a: Cresselia|[msg]
|
|-heal|p2a: Sheldon|289\/332|[from] item: Leftovers
|turn|3
|
|move|p2a: Sheldon|Knock Off|p1a: Cresselia
|-supereffective|p1a: Cresselia
|-damage|p1a: Cresselia|148\/444
|-enditem|p1a: Cresselia|Leftovers|[from] move: Knock Off|[of] p2a: Sheldon
|move|p1a: Cresselia|Moonlight|p1a: Cresselia
|-heal|p1a: Cresselia|370\/444
|
|-heal|p2a: Sheldon|309\/332|[from] item: Leftovers
|turn|4
|
|move|p2a: Sheldon|Taunt|p1a: Cresselia
|-start|p1a: Cresselia|move: Taunt
|move|p1a: Cresselia|Moonblast|p2a: Sheldon
|-supereffective|p2a: Sheldon
|-end|p2a: Sheldon|Substitute
|
|-heal|p2a: Sheldon|329\/332|[from] item: Leftovers
|turn|5
|
|switch|p2a: Bakura|Jirachi|341\/341
|move|p1a: Cresselia|Moonblast|p2a: Bakura
|-resisted|p2a: Bakura
|-damage|p2a: Bakura|309\/341
|
|turn|6
|
|switch|p1a: Tentacruel|Tentacruel, M|361\/361
|move|p2a: Bakura|U-turn|p1a: Tentacruel
|-resisted|p1a: Tentacruel
|-damage|p1a: Tentacruel|319\/361
|
|switch|p2a: Hellium|Rotom-Heat|242\/242
|
|-heal|p1a: Tentacruel|341\/361|[from] item: Black Sludge
|turn|7
|
|switch|p1a: Medicham|Medicham, M|261\/261
|move|p2a: Hellium|Trick|p1a: Medicham
|-fail|p1a: Medicham
|
|turn|8
|
|switch|p2a: Pawn|Chesnaught, M, shiny|380\/380
|-status|p2a: Pawn|psn
|detailschange|p1a: Medicham|Medicham-Mega, M
|-mega|p1a: Medicham|Medicham|Medichamite
|move|p1a: Medicham|High Jump Kick|p2a: Pawn
|-damage|p2a: Pawn|139\/380 psn
|
|-heal|p2a: Pawn|162\/380 psn|[from] item: Leftovers
|-damage|p2a: Pawn|115\/380 psn|[from] psn
|turn|9
|
|switch|p1a: Tentacruel|Tentacruel, M|341\/361
|move|p2a: Pawn|Leech Seed|p1a: Tentacruel
|-start|p1a: Tentacruel|move: Leech Seed
|
|-heal|p1a: Tentacruel|361\/361|[from] item: Black Sludge
|-heal|p2a: Pawn|138\/380 psn|[from] item: Leftovers
|-damage|p1a: Tentacruel|316\/361|[from] Leech Seed|[of] p2a: Pawn
|-damage|p2a: Pawn|93\/380 psn|[from] ability: Liquid Ooze|[of] p1a: Tentacruel
|-damage|p2a: Pawn|46\/380 psn|[from] psn
|turn|10
|
|switch|p2a: Hellium|Rotom-Heat|242\/242
|move|p1a: Tentacruel|Knock Off|p2a: Hellium
|-damage|p2a: Hellium|190\/242
|-enditem|p2a: Hellium|Choice Specs|[from] move: Knock Off|[of] p1a: Tentacruel
|
|-heal|p1a: Tentacruel|338\/361|[from] item: Black Sludge
|-damage|p1a: Tentacruel|293\/361|[from] Leech Seed|[of] p2a: Hellium
|-damage|p2a: Hellium|145\/242|[from] ability: Liquid Ooze|[of] p1a: Tentacruel
|turn|11
|
|move|p2a: Hellium|Thunderbolt|p1a: Tentacruel
|-supereffective|p1a: Tentacruel
|-damage|p1a: Tentacruel|81\/361
|move|p1a: Tentacruel|Scald|p2a: Hellium
|-supereffective|p2a: Hellium
|-damage|p2a: Hellium|0 fnt
|faint|p2a: Hellium
|
|-heal|p1a: Tentacruel|103\/361|[from] item: Black Sludge
|
|switch|p2a: Bakura|Jirachi|309\/341
|turn|12
|
|switch|p1a: Cresselia|Cresselia, F|370\/444
|move|p2a: Bakura|Iron Head|p1a: Cresselia
|-damage|p1a: Cresselia|262\/444
|
|turn|13
|
|move|p2a: Bakura|Iron Head|p1a: Cresselia
|-damage|p1a: Cresselia|163\/444
|cant|p1a: Cresselia|flinch
|
|turn|14
|
|move|p2a: Bakura|Iron Head|p1a: Cresselia
|-damage|p1a: Cresselia|70\/444
|move|p1a: Cresselia|Thunder Wave|p2a: Bakura
|-status|p2a: Bakura|par
|
|turn|15
|
|switch|p2a: Catapult Turtle|Blastoise, M|362\/362
|-status|p2a: Catapult Turtle|psn
|move|p1a: Cresselia|Moonlight|p1a: Cresselia
|-heal|p1a: Cresselia|292\/444
|
|-damage|p2a: Catapult Turtle|317\/362 psn|[from] psn
|turn|16
|
|switch|p1a: Serperior|Serperior, M|291\/291
|detailschange|p2a: Catapult Turtle|Blastoise-Mega, M
|-mega|p2a: Catapult Turtle|Blastoise|Blastoisinite
|move|p2a: Catapult Turtle|Rapid Spin|p1a: Serperior
|-damage|p1a: Serperior|274\/291
|-sideend|p2: I'M B4TMAN|Toxic Spikes|[from] move: Rapid Spin|[of] p2a: Catapult Turtle
|
|-damage|p2a: Catapult Turtle|272\/362 psn|[from] psn
|turn|17
|
|switch|p2a: Pawn|Chesnaught, M, shiny|46\/380 psn
|move|p1a: Serperior|Leaf Storm|p2a: Pawn
|-crit|p2a: Pawn
|-resisted|p2a: Pawn
|-damage|p2a: Pawn|0 fnt
|-boost|p1a: Serperior|spa|2
|-damage|p1a: Serperior|245\/291|[from] item: Life Orb
|faint|p2a: Pawn
|
|
|switch|p2a: Bakura|Jirachi|309\/341 par
|turn|18
|
|switch|p1a: Tentacruel|Tentacruel, M|103\/361
|cant|p2a: Bakura|par
|
|-heal|p1a: Tentacruel|125\/361|[from] item: Black Sludge
|turn|19
|
|switch|p2a: Clara|Vaporeon, F|464\/464
|move|p1a: Tentacruel|Toxic Spikes|p2a: Clara
|-sidestart|p2: I'M B4TMAN|move: Toxic Spikes
|
|-heal|p1a: Tentacruel|147\/361|[from] item: Black Sludge
|turn|20
|c|âuutestest|lel just threw away the sweep
|c|âI'M B4TMAN|yea
|
|move|p1a: Tentacruel|Knock Off|p2a: Clara
|-damage|p2a: Clara|381\/464
|-enditem|p2a: Clara|Leftovers|[from] move: Knock Off|[of] p1a: Tentacruel
|move|p2a: Clara|Heal Bell|p2a: Clara
|-cureteam|p2a: Clara|[from] move: HealBell
|
|-heal|p1a: Tentacruel|169\/361|[from] item: Black Sludge
|turn|21
|
|move|p1a: Tentacruel|Knock Off|p2a: Clara
|-damage|p2a: Clara|330\/464
|move|p2a: Clara|Scald|p1a: Tentacruel
|-resisted|p1a: Tentacruel
|-damage|p1a: Tentacruel|130\/361
|
|-heal|p1a: Tentacruel|152\/361|[from] item: Black Sludge
|turn|22
|
|move|p1a: Tentacruel|Knock Off|p2a: Clara
|-damage|p2a: Clara|277\/464
|move|p2a: Clara|Scald|p1a: Tentacruel
|-resisted|p1a: Tentacruel
|-damage|p1a: Tentacruel|117\/361
|
|-heal|p1a: Tentacruel|139\/361|[from] item: Black Sludge
|turn|23
|
|switch|p1a: Serperior|Serperior, M|245\/291
|move|p2a: Clara|Wish|p2a: Clara
|
|turn|24
|
|switch|p1a: Krookodile|Krookodile, F|331\/331
|-ability|p1a: Krookodile|Intimidate|[of] p2a: Clara
|-unboost|p2a: Clara|atk|1
|switch|p2a: Bakura|Jirachi|309\/341
|
|-heal|p2a: Bakura|341\/341|[from] move: Wish|[wisher] Clara
|turn|25
|
|move|p2a: Bakura|Iron Head|p1a: Krookodile
|-damage|p1a: Krookodile|198\/331
|cant|p1a: Krookodile|flinch
|
|turn|26
|
|move|p2a: Bakura|Iron Head|p1a: Krookodile
|-damage|p1a: Krookodile|63\/331
|cant|p1a: Krookodile|flinch
|
|turn|27
|
|switch|p1a: Tentacruel|Tentacruel, M|139\/361
|move|p2a: Bakura|Iron Head|p1a: Tentacruel
|-resisted|p1a: Tentacruel
|-damage|p1a: Tentacruel|58\/361
|
|-heal|p1a: Tentacruel|80\/361|[from] item: Black Sludge
|turn|28
|
|move|p2a: Bakura|Iron Head|p1a: Tentacruel
|-resisted|p1a: Tentacruel
|-damage|p1a: Tentacruel|5\/361
|cant|p1a: Tentacruel|flinch
|
|-heal|p1a: Tentacruel|27\/361|[from] item: Black Sludge
|turn|29
|
|move|p2a: Bakura|Iron Head|p1a: Tentacruel
|-resisted|p1a: Tentacruel
|-damage|p1a: Tentacruel|0 fnt
|faint|p1a: Tentacruel
|
|
|switch|p1a: Cresselia|Cresselia, F|292\/444
|turn|30
|
|move|p2a: Bakura|Iron Head|p1a: Cresselia
|-damage|p1a: Cresselia|183\/444
|cant|p1a: Cresselia|flinch
|
|turn|31
|
|move|p2a: Bakura|Iron Head|p1a: Cresselia
|-damage|p1a: Cresselia|72\/444
|move|p1a: Cresselia|Thunder Wave|p2a: Bakura
|-status|p2a: Bakura|par
|
|turn|32
|c|âI'M B4TMAN|god again
|
|switch|p1a: Serperior|Serperior, M|245\/291
|switch|p2a: Catapult Turtle|Blastoise-Mega, M|272\/362
|-status|p2a: Catapult Turtle|psn
|
|-damage|p2a: Catapult Turtle|227\/362 psn|[from] psn
|turn|33
|
|move|p1a: Serperior|Leaf Storm|p2a: Catapult Turtle
|-supereffective|p2a: Catapult Turtle
|-damage|p2a: Catapult Turtle|0 fnt
|-boost|p1a: Serperior|spa|2
|-damage|p1a: Serperior|216\/291|[from] item: Life Orb
|faint|p2a: Catapult Turtle
|
|
|switch|p2a: Bakura|Jirachi|341\/341 par
|turn|34
|
|move|p1a: Serperior|Leaf Storm|p2a: Bakura
|-resisted|p2a: Bakura
|-damage|p2a: Bakura|130\/341 par
|-boost|p1a: Serperior|spa|2
|-damage|p1a: Serperior|187\/291|[from] item: Life Orb
|cant|p2a: Bakura|par
|
|turn|35
|c|âI'M B4TMAN|lol nice para
|-message|I'M B4TMAN forfeited.
|leave|I'M B4TMAN
|
|win|uutestest
|raw|Ladder updating...
|player|p2
|raw|uutestest's rating: 1431 &rarr; <strong>1453<\/strong><br \/>(+22 for winning)
|raw|I&apos;M B4TMAN's rating: 1475 &rarr; <strong>1452<\/strong><br \/>(-23 for losing)