|join|widetomato
|join|XGC x TeMPaH
|player|p1|widetomato|101
|player|p2|XGC x TeMPaH|54
|gametype|singles
|gen|6
|tier|ORAS OU
|rated
|rule|Sleep Clause Mod: Limit one foe put to sleep
|rule|Species Clause: Limit one of each PokÃ©mon
|rule|OHKO Clause: OHKO moves are banned
|rule|Moody Clause: Moody is banned
|rule|Evasion Moves Clause: Evasion moves are banned
|rule|Endless Battle Clause: Forcing endless battles is banned
|rule|HP Percentage Mod: HP is shown in percentages
|clearpoke
|poke|p1|Salamence, M
|poke|p1|Magnezone
|poke|p1|Mamoswine, F
|poke|p1|Greninja, F
|poke|p1|Azumarill, M
|poke|p1|Skarmory, M
|poke|p2|Lopunny, F, shiny
|poke|p2|Ferrothorn, M
|poke|p2|Mandibuzz, F
|poke|p2|Rotom-Wash
|poke|p2|Landorus-Therian, M
|poke|p2|Greninja, M
|rule|Swagger Clause: Swagger is banned
|rule|Baton Pass Clause: Limit one PokÃ©mon knowing Baton Pass
|teampreview
|
|start
|switch|p1a: Salamence|Salamence, M|393\/393
|switch|p2a: Dick Sneeze|Rotom-Wash|304\/304
|-ability|p1a: Salamence|Intimidate|[of] p2a: Dick Sneeze
|-unboost|p2a: Dick Sneeze|atk|1
|turn|1
|
|detailschange|p1a: Salamence|Salamence-Mega, M
|message|Salamence has Mega Evolved into Mega Salamence!
|move|p1a: Salamence|Substitute|p1a: Salamence
|-start|p1a: Salamence|Substitute
|-damage|p1a: Salamence|295\/393
|move|p2a: Dick Sneeze|Volt Switch|p1a: Salamence
|-activate|p1a: Salamence|Substitute|[damage]
|
|switch|p2a: The Ex Wife|Mandibuzz, F|415\/415
|
|turn|2
|
|move|p1a: Salamence|Return|p2a: The Ex Wife
|-damage|p2a: The Ex Wife|234\/415
|-damage|p1a: Salamence|230\/393|[from] item: Rocky Helmet|[of] p2a: The Ex Wife
|move|p2a: The Ex Wife|Whirlwind|p1a: Salamence
|drag|p1a: Mamoswine|Mamoswine, F|361\/361
|
|turn|3
|
|switch|p2a: Dick Sneeze|Rotom-Wash|304\/304
|move|p1a: Mamoswine|Icicle Spear|p2a: Dick Sneeze
|-resisted|p2a: Dick Sneeze
|-damage|p2a: Dick Sneeze|277\/304
|-resisted|p2a: Dick Sneeze
|-damage|p2a: Dick Sneeze|250\/304
|-resisted|p2a: Dick Sneeze
|-damage|p2a: Dick Sneeze|220\/304
|-resisted|p2a: Dick Sneeze
|-damage|p2a: Dick Sneeze|193\/304
|-hitcount|p2a: Dick Sneeze|4
|-damage|p1a: Mamoswine|325\/361|[from] item: Life Orb
|
|-heal|p2a: Dick Sneeze|212\/304|[from] item: Leftovers
|turn|4
|
|switch|p1a: Magnezone|Magnezone|281\/281
|-item|p1a: Magnezone|Air Balloon
|move|p2a: Dick Sneeze|Will-O-Wisp|p1a: Magnezone
|-status|p1a: Magnezone|brn
|
|-heal|p2a: Dick Sneeze|231\/304|[from] item: Leftovers
|-damage|p1a: Magnezone|246\/281 brn|[from] brn
|turn|5
|
|move|p1a: Magnezone|Volt Switch|p2a: Dick Sneeze
|-damage|p2a: Dick Sneeze|140\/304
|
|switch|p1a: Mamoswine|Mamoswine, F|325\/361
|move|p2a: Dick Sneeze|Volt Switch|p1a: Mamoswine
|-immune|p1a: Mamoswine|[msg]
|
|-heal|p2a: Dick Sneeze|159\/304|[from] item: Leftovers
|turn|6
|
|switch|p1a: Magnezone|Magnezone|246\/281 brn
|-item|p1a: Magnezone|Air Balloon
|move|p2a: Dick Sneeze|Pain Split|p1a: Magnezone
|-sethp|p1a: Magnezone|202\/281 brn|p2a: Dick Sneeze|202\/304|[from] move: Pain Split
|
|-heal|p2a: Dick Sneeze|221\/304|[from] item: Leftovers
|-damage|p1a: Magnezone|167\/281 brn|[from] brn
|turn|7
|
|move|p1a: Magnezone|Thunderbolt|p2a: Dick Sneeze
|-crit|p2a: Dick Sneeze
|-damage|p2a: Dick Sneeze|31\/304
|move|p2a: Dick Sneeze|Hydro Pump|p1a: Magnezone
|-damage|p1a: Magnezone|14\/281 brn
|-enditem|p1a: Magnezone|Air Balloon
|
|-heal|p2a: Dick Sneeze|50\/304|[from] item: Leftovers
|-damage|p1a: Magnezone|0 fnt|[from] brn
|faint|p1a: Magnezone
|
|switch|p1a: Salamence|Salamence-Mega, M|230\/393
|turn|8
|
|switch|p2a: The Ex Wife|Mandibuzz, F|234\/415
|move|p1a: Salamence|Substitute|p1a: Salamence
|-start|p1a: Salamence|Substitute
|-damage|p1a: Salamence|132\/393
|
|turn|9
|
|move|p1a: Salamence|Roost|p1a: Salamence
|-heal|p1a: Salamence|329\/393
|move|p2a: The Ex Wife|Roost|p2a: The Ex Wife
|-heal|p2a: The Ex Wife|415\/415
|
|turn|10
|
|move|p1a: Salamence|Return|p2a: The Ex Wife
|-damage|p2a: The Ex Wife|241\/415
|-damage|p1a: Salamence|264\/393|[from] item: Rocky Helmet|[of] p2a: The Ex Wife
|move|p2a: The Ex Wife|Whirlwind|p1a: Salamence
|drag|p1a: Azumarill|Azumarill, M|359\/359
|
|turn|11
|
|switch|p2a: Meatspin.com|Ferrothorn, M|351\/351
|move|p1a: Azumarill|Play Rough|p2a: Meatspin.com
|-resisted|p2a: Meatspin.com
|-damage|p2a: Meatspin.com|282\/351
|-damage|p1a: Azumarill|315\/359|[from] ability: Iron Barbs|[of] p2a: Meatspin.com
|
|-heal|p2a: Meatspin.com|303\/351|[from] item: Leftovers
|turn|12
|
|move|p1a: Azumarill|Belly Drum|p1a: Azumarill
|-damage|p1a: Azumarill|136\/359
|-setboost|p1a: Azumarill|atk|6|[from] move: Belly Drum
|-enditem|p1a: Azumarill|Sitrus Berry|[eat]
|-heal|p1a: Azumarill|225\/359|[from] item: Sitrus Berry
|move|p2a: Meatspin.com|Leech Seed|p1a: Azumarill
|-start|p1a: Azumarill|move: Leech Seed
|
|-heal|p2a: Meatspin.com|324\/351|[from] item: Leftovers
|-damage|p1a: Azumarill|181\/359|[from] Leech Seed|[of] p2a: Meatspin.com
|-heal|p2a: Meatspin.com|351\/351|[silent]
|turn|13
|
|move|p2a: Meatspin.com|Protect|p2a: Meatspin.com
|-singleturn|p2a: Meatspin.com|Protect
|move|p1a: Azumarill|Superpower|p2a: Meatspin.com
|-activate|p2a: Meatspin.com|Protect
|
|-damage|p1a: Azumarill|137\/359|[from] Leech Seed|[of] p2a: Meatspin.com
|turn|14
|
|switch|p2a: Dick Sneeze|Rotom-Wash|50\/304
|move|p1a: Azumarill|Superpower|p2a: Dick Sneeze
|-damage|p2a: Dick Sneeze|0 fnt
|-unboost|p1a: Azumarill|atk|1
|-unboost|p1a: Azumarill|def|1
|faint|p2a: Dick Sneeze
|
|
|switch|p2a: Diggerby's Bitch|Lopunny, F, shiny|272\/272
|turn|15
|
|switch|p1a: Skarmory|Skarmory, M|334\/334
|detailschange|p2a: Diggerby's Bitch|Lopunny-Mega, F, shiny
|message|Lopunny has Mega Evolved into Mega Lopunny!
|move|p2a: Diggerby's Bitch|Fake Out|p1a: Skarmory
|-crit|p1a: Skarmory
|-resisted|p1a: Skarmory
|-damage|p1a: Skarmory|300\/334
|
|turn|16
|
|switch|p2a: Meatspin.com|Ferrothorn, M|351\/351
|move|p1a: Skarmory|Stealth Rock|p2a: Meatspin.com
|-sidestart|p2: XGC x TeMPaH|move: Stealth Rock
|
|turn|17
|
|switch|p1a: Azumarill|Azumarill, M|137\/359
|move|p2a: Meatspin.com|Leech Seed|p1a: Azumarill
|-start|p1a: Azumarill|move: Leech Seed
|
|-damage|p1a: Azumarill|93\/359|[from] Leech Seed|[of] p2a: Meatspin.com
|turn|18
|
|move|p1a: Azumarill|Superpower|p2a: Meatspin.com
|-supereffective|p2a: Meatspin.com
|-damage|p2a: Meatspin.com|101\/351
|-damage|p1a: Azumarill|49\/359|[from] ability: Iron Barbs|[of] p2a: Meatspin.com
|-unboost|p1a: Azumarill|atk|1
|-unboost|p1a: Azumarill|def|1
|move|p2a: Meatspin.com|Stealth Rock|p1a: Azumarill
|-sidestart|p1: widetomato|move: Stealth Rock
|
|-heal|p2a: Meatspin.com|122\/351|[from] item: Leftovers
|-damage|p1a: Azumarill|5\/359|[from] Leech Seed|[of] p2a: Meatspin.com
|-heal|p2a: Meatspin.com|166\/351|[silent]
|turn|19
|
|move|p2a: Meatspin.com|Protect|p2a: Meatspin.com
|-singleturn|p2a: Meatspin.com|Protect
|move|p1a: Azumarill|Superpower|p2a: Meatspin.com
|-activate|p2a: Meatspin.com|Protect
|
|-heal|p2a: Meatspin.com|187\/351|[from] item: Leftovers
|-damage|p1a: Azumarill|0 fnt|[from] Leech Seed|[of] p2a: Meatspin.com
|-heal|p2a: Meatspin.com|192\/351|[silent]
|faint|p1a: Azumarill
|
|switch|p1a: Salamence|Salamence-Mega, M|264\/393
|-damage|p1a: Salamence|166\/393|[from] Stealth Rock
|turn|20
|
|move|p1a: Salamence|Substitute|p1a: Salamence
|-start|p1a: Salamence|Substitute
|-damage|p1a: Salamence|68\/393
|move|p2a: Meatspin.com|Gyro Ball|p1a: Salamence
|-end|p1a: Salamence|Substitute
|
|-heal|p2a: Meatspin.com|213\/351|[from] item: Leftovers
|turn|21
|
|switch|p2a: STABulous|Greninja, M|285\/285
|-damage|p2a: STABulous|250\/285|[from] Stealth Rock
|move|p1a: Salamence|Roost|p1a: Salamence
|-heal|p1a: Salamence|265\/393
|
|turn|22
|
|switch|p1a: Greninja|Greninja, F|285\/285
|-damage|p1a: Greninja|250\/285|[from] Stealth Rock
|move|p2a: STABulous|Ice Beam|p1a: Greninja
|-start|p2a: STABulous|typechange|Ice|[from] Protean
|-resisted|p1a: Greninja
|-damage|p1a: Greninja|133\/285
|-damage|p2a: STABulous|222\/285|[from] item: Life Orb
|
|turn|23
|
|switch|p2a: Meatspin.com|Ferrothorn, M|213\/351
|-damage|p2a: Meatspin.com|192\/351|[from] Stealth Rock
|move|p1a: Greninja|Ice Beam|p2a: Meatspin.com
|-start|p1a: Greninja|typechange|Ice|[from] Protean
|-damage|p2a: Meatspin.com|56\/351
|-damage|p1a: Greninja|105\/285|[from] item: Life Orb
|
|-heal|p2a: Meatspin.com|77\/351|[from] item: Leftovers
|turn|24
|
|move|p1a: Greninja|Ice Beam|p2a: Meatspin.com
|-damage|p2a: Meatspin.com|0 fnt
|-damage|p1a: Greninja|77\/285|[from] item: Life Orb
|faint|p2a: Meatspin.com
|
|
|switch|p2a: Floating Kitteh|Landorus-Therian, M|320\/320
|-damage|p2a: Floating Kitteh|280\/320|[from] Stealth Rock
|-ability|p2a: Floating Kitteh|Intimidate|[of] p1a: Greninja
|-unboost|p1a: Greninja|atk|1
|turn|25
|
|switch|p1a: Skarmory|Skarmory, M|300\/334
|-damage|p1a: Skarmory|259\/334|[from] Stealth Rock
|move|p2a: Floating Kitteh|U-turn|p1a: Skarmory
|-resisted|p1a: Skarmory
|-damage|p1a: Skarmory|246\/334
|
|switch|p2a: STABulous|Greninja, M|222\/285
|-damage|p2a: STABulous|187\/285|[from] Stealth Rock
|
|turn|26
|
|move|p2a: STABulous|Hydro Pump|p1a: Skarmory
|-start|p2a: STABulous|typechange|Water|[from] Protean
|-damage|p1a: Skarmory|0 fnt
|-damage|p2a: STABulous|159\/285|[from] item: Life Orb
|faint|p1a: Skarmory
|
|
|switch|p1a: Greninja|Greninja, F|77\/285
|-damage|p1a: Greninja|42\/285|[from] Stealth Rock
|turn|27
|
|switch|p2a: The Ex Wife|Mandibuzz, F|241\/415
|-damage|p2a: The Ex Wife|138\/415|[from] Stealth Rock
|move|p1a: Greninja|Hydro Pump|p2a: The Ex Wife
|-start|p1a: Greninja|typechange|Water|[from] Protean
|-damage|p2a: The Ex Wife|0 fnt
|-damage|p1a: Greninja|14\/285|[from] item: Life Orb
|faint|p2a: The Ex Wife
|
|
|switch|p2a: Floating Kitteh|Landorus-Therian, M|280\/320
|-damage|p2a: Floating Kitteh|240\/320|[from] Stealth Rock
|-ability|p2a: Floating Kitteh|Intimidate|[of] p1a: Greninja
|-unboost|p1a: Greninja|atk|1
|turn|28
|
|move|p2a: Floating Kitteh|U-turn|p1a: Greninja
|-damage|p1a: Greninja|0 fnt
|faint|p1a: Greninja
|
|switch|p2a: Diggerby's Bitch|Lopunny-Mega, F, shiny|272\/272
|-damage|p2a: Diggerby's Bitch|255\/272|[from] Stealth Rock
|
|
|switch|p1a: Salamence|Salamence-Mega, M|265\/393
|-damage|p1a: Salamence|167\/393|[from] Stealth Rock
|turn|29
|
|move|p2a: Diggerby's Bitch|Fake Out|p1a: Salamence
|-damage|p1a: Salamence|109\/393
|cant|p1a: Salamence|flinch
|
|turn|30
|
|move|p2a: Diggerby's Bitch|Ice Punch|p1a: Salamence
|-supereffective|p1a: Salamence
|-damage|p1a: Salamence|0 fnt
|faint|p1a: Salamence
|
|
|switch|p1a: Mamoswine|Mamoswine, F|325\/361
|-damage|p1a: Mamoswine|280\/361|[from] Stealth Rock
|turn|31
|
|move|p1a: Mamoswine|Ice Shard|p2a: Diggerby's Bitch
|-damage|p2a: Diggerby's Bitch|152\/272
|-damage|p1a: Mamoswine|244\/361|[from] item: Life Orb
|move|p2a: Diggerby's Bitch|Return|p1a: Mamoswine
|-damage|p1a: Mamoswine|24\/361
|
|turn|32
|c|âXGC x TeMPaH|gg
|-message|widetomato lost due to inactivity.
|
|win|XGC x TeMPaH
|raw|Ladder updating...
|raw|widetomato's rating: 1473 &rarr; <strong>1450<\/strong><br \/>(-23 for losing)
|raw|XGC x TeMPaH's rating: 1409 &rarr; <strong>1432<\/strong><br \/>(+23 for winning)