|join|widetomato
|join|Trainer Apollo
|player|p1|widetomato|101
|player|p2|Trainer Apollo|126
|gametype|singles
|gen|6
|tier|ORAS OU
|rated
|rule|Sleep Clause Mod: Limit one foe put to sleep
|rule|Species Clause: Limit one of each PokÃ©mon
|rule|OHKO Clause: OHKO moves are banned
|rule|Moody Clause: Moody is banned
|rule|Evasion Moves Clause: Evasion moves are banned
|rule|Endless Battle Clause: Forcing endless battles is banned
|rule|HP Percentage Mod: HP is shown in percentages
|clearpoke
|poke|p1|Salamence, F
|poke|p1|Talonflame, F
|poke|p1|Clefable, F
|poke|p1|Tyranitar, F
|poke|p1|Greninja, M
|poke|p1|Excadrill, M
|poke|p2|Archeops, M
|poke|p2|Rotom-Wash
|poke|p2|Flygon, M
|poke|p2|Whimsicott, F
|poke|p2|Jolteon, F
|poke|p2|Beedrill, M
|rule|Swagger Clause: Swagger is banned
|rule|Baton Pass Clause: Limit one PokÃ©mon knowing Baton Pass
|teampreview
|
|start
|switch|p1a: Talonflame|Talonflame, F|297\/297
|switch|p2a: Rotom-Wash|Rotom-Wash|304\/304
|turn|1
|
|move|p1a: Talonflame|U-turn|p2a: Rotom-Wash
|-damage|p2a: Rotom-Wash|238\/304
|
|switch|p1a: Tyranitar|Tyranitar, F|404\/404
|-weather|Sandstorm
|move|p2a: Rotom-Wash|Hydro Pump|p1a: Tyranitar
|-supereffective|p1a: Tyranitar
|-damage|p1a: Tyranitar|234\/404
|
|-weather|Sandstorm|[upkeep]
|-damage|p2a: Rotom-Wash|219\/304|[from] sandstorm
|-heal|p2a: Rotom-Wash|238\/304|[from] item: Leftovers
|-heal|p1a: Tyranitar|259\/404|[from] item: Leftovers
|turn|2
|
|move|p2a: Rotom-Wash|Will-O-Wisp|p1a: Tyranitar
|-status|p1a: Tyranitar|brn
|move|p1a: Tyranitar|Stealth Rock|p2a: Rotom-Wash
|-sidestart|p2: Trainer Apollo|move: Stealth Rock
|
|-weather|Sandstorm|[upkeep]
|-damage|p2a: Rotom-Wash|219\/304|[from] sandstorm
|-heal|p2a: Rotom-Wash|238\/304|[from] item: Leftovers
|-heal|p1a: Tyranitar|284\/404 brn|[from] item: Leftovers
|-damage|p1a: Tyranitar|234\/404 brn|[from] brn
|turn|3
|
|move|p2a: Rotom-Wash|Volt Switch|p1a: Tyranitar
|-damage|p1a: Tyranitar|182\/404 brn
|
|switch|p2a: Flygon|Flygon, M|309\/309
|-damage|p2a: Flygon|290\/309|[from] Stealth Rock
|move|p1a: Tyranitar|Crunch|p2a: Flygon
|-damage|p2a: Flygon|190\/309
|
|-weather|Sandstorm|[upkeep]
|-heal|p1a: Tyranitar|207\/404 brn|[from] item: Leftovers
|-damage|p1a: Tyranitar|157\/404 brn|[from] brn
|turn|4
|
|switch|p1a: Excadrill|Excadrill, M|362\/362
|-item|p1a: Excadrill|Air Balloon
|move|p2a: Flygon|Defog|p1a: Excadrill
|-unboost|p1a: Excadrill|evasion|1
|-sideend|p2: Trainer Apollo|Stealth Rock|[from] move: Defog|[of] p2a: Flygon
|
|-weather|Sandstorm|[upkeep]
|turn|5
|
|move|p1a: Excadrill|Rock Slide|p2a: Flygon
|-resisted|p2a: Flygon
|-damage|p2a: Flygon|119\/309
|move|p2a: Flygon|Fire Blast|p1a: Excadrill
|-supereffective|p1a: Excadrill
|-damage|p1a: Excadrill|108\/362
|-enditem|p1a: Excadrill|Air Balloon
|
|-weather|none
|turn|6
|
|switch|p1a: Tyranitar|Tyranitar, F|157\/404 brn
|-weather|Sandstorm
|move|p2a: Flygon|Earthquake|p1a: Tyranitar
|-supereffective|p1a: Tyranitar
|-damage|p1a: Tyranitar|0 fnt
|faint|p1a: Tyranitar
|
|-weather|Sandstorm|[upkeep]
|
|switch|p1a: Greninja|Greninja, M|285\/285
|turn|7
|
|switch|p2a: Rotom-Wash|Rotom-Wash|238\/304
|move|p1a: Greninja|Ice Beam|p2a: Rotom-Wash
|-start|p1a: Greninja|typechange|Ice|[from] Protean
|-resisted|p2a: Rotom-Wash
|-damage|p2a: Rotom-Wash|160\/304
|-damage|p1a: Greninja|257\/285|[from] item: Life Orb
|
|-weather|Sandstorm|[upkeep]
|-damage|p1a: Greninja|240\/285|[from] sandstorm
|-damage|p2a: Rotom-Wash|141\/304|[from] sandstorm
|-heal|p2a: Rotom-Wash|160\/304|[from] item: Leftovers
|turn|8
|
|move|p1a: Greninja|Grass Knot|p2a: Rotom-Wash
|-start|p1a: Greninja|typechange|Grass|[from] Protean
|-crit|p2a: Rotom-Wash
|-supereffective|p2a: Rotom-Wash
|-damage|p2a: Rotom-Wash|35\/304
|-damage|p1a: Greninja|212\/285|[from] item: Life Orb
|move|p2a: Rotom-Wash|Volt Switch|p1a: Greninja
|-resisted|p1a: Greninja
|-damage|p1a: Greninja|154\/285
|
|switch|p2a: Beedrill|Beedrill, M|271\/271
|
|-weather|Sandstorm|[upkeep]
|-damage|p1a: Greninja|137\/285|[from] sandstorm
|-damage|p2a: Beedrill|255\/271|[from] sandstorm
|turn|9
|
|switch|p1a: Talonflame|Talonflame, F|297\/297
|detailschange|p2a: Beedrill|Beedrill-Mega, M
|message|Beedrill has Mega Evolved into Mega Beedrill!
|move|p2a: Beedrill|Protect|p2a: Beedrill
|-fail|p2a: Beedrill
|
|-weather|Sandstorm|[upkeep]
|-damage|p2a: Beedrill|239\/271|[from] sandstorm
|-damage|p1a: Talonflame|279\/297|[from] sandstorm
|turn|10
|
|switch|p2a: Archeops|Archeops, M|311\/311
|move|p1a: Talonflame|U-turn|p2a: Archeops
|-resisted|p2a: Archeops
|-damage|p2a: Archeops|235\/311
|
|switch|p1a: Greninja|Greninja, M|137\/285
|
|-weather|none
|turn|11
|
|move|p2a: Archeops|U-turn|p1a: Greninja
|-supereffective|p1a: Greninja
|-damage|p1a: Greninja|0 fnt
|faint|p1a: Greninja
|
|switch|p2a: Jolteon|Jolteon, F|271\/271
|
|
|switch|p1a: Clefable|Clefable, F|394\/394
|turn|12
|
|move|p2a: Jolteon|Volt Switch|p1a: Clefable
|-damage|p1a: Clefable|246\/394
|-damage|p2a: Jolteon|244\/271|[from] item: Life Orb
|
|switch|p2a: Beedrill|Beedrill-Mega, M|239\/271
|move|p1a: Clefable|Flamethrower|p2a: Beedrill
|-supereffective|p2a: Beedrill
|-damage|p2a: Beedrill|39\/271
|
|turn|13
|
|switch|p1a: Talonflame|Talonflame, F|279\/297
|move|p2a: Beedrill|Poison Jab|p1a: Talonflame
|-damage|p1a: Talonflame|21\/297
|-status|p1a: Talonflame|psn
|
|-damage|p1a: Talonflame|0 fnt|[from] psn
|faint|p1a: Talonflame
|
|switch|p1a: Salamence|Salamence, F|331\/331
|-ability|p1a: Salamence|Intimidate|[of] p2a: Beedrill
|-unboost|p2a: Beedrill|atk|1
|turn|14
|
|detailschange|p1a: Salamence|Salamence-Mega, F
|message|Salamence has Mega Evolved into Mega Salamence!
|move|p2a: Beedrill|U-turn|p1a: Salamence
|-resisted|p1a: Salamence
|-damage|p1a: Salamence|280\/331
|
|switch|p2a: Archeops|Archeops, M|235\/311
|move|p1a: Salamence|Double-Edge|p2a: Archeops
|-resisted|p2a: Archeops
|-damage|p2a: Archeops|28\/311
|-damage|p1a: Salamence|212\/331|[from] recoil|[of] p2a: Archeops
|
|turn|15
|
|switch|p1a: Clefable|Clefable, F|246\/394
|move|p2a: Archeops|Head Smash|p1a: Clefable
|-damage|p1a: Clefable|119\/394
|-damage|p2a: Archeops|0 fnt|[from] recoil|[of] p1a: Clefable
|faint|p2a: Archeops
|
|-message|widetomato forfeited.
|
|win|Trainer Apollo
|raw|Ladder updating...
|raw|widetomato's rating: 1276 &rarr; <strong>1246<\/strong><br \/>(-30 for losing)
|raw|Trainer Apollo's rating: 1208 &rarr; <strong>1238<\/strong><br \/>(+30 for winning)