|join|widetomato
|join|oijo
|player|p1|widetomato|101
|player|p2|oijo|290
|gametype|singles
|gen|6
|tier|ORAS OU
|rated
|rule|Sleep Clause Mod: Limit one foe put to sleep
|rule|Species Clause: Limit one of each PokÃ©mon
|rule|OHKO Clause: OHKO moves are banned
|rule|Moody Clause: Moody is banned
|rule|Evasion Moves Clause: Evasion moves are banned
|rule|Endless Battle Clause: Forcing endless battles is banned
|rule|HP Percentage Mod: HP is shown in percentages
|clearpoke
|poke|p1|Charizard, M
|poke|p1|Dragonite, M
|poke|p1|Azumarill, F
|poke|p1|Ferrothorn, F
|poke|p1|Greninja, M
|poke|p1|Excadrill, F
|poke|p2|Salamence, M
|poke|p2|Scizor, F
|poke|p2|Latios, M
|poke|p2|Heatran, M
|poke|p2|Greninja, F
|poke|p2|Mandibuzz, F
|rule|Swagger Clause: Swagger is banned
|rule|Baton Pass Clause: Limit one PokÃ©mon knowing Baton Pass
|teampreview
|
|start
|switch|p1a: Greninja|Greninja, M|286\/286
|switch|p2a: Heatran|Heatran, M|385\/385
|turn|1
|
|move|p1a: Greninja|Hydro Pump|p2a: Heatran
|-start|p1a: Greninja|typechange|Water|[from] Protean
|-supereffective|p2a: Heatran
|-damage|p2a: Heatran|70\/385
|-damage|p1a: Greninja|258\/286|[from] item: Life Orb
|move|p2a: Heatran|Stealth Rock|p1a: Greninja
|-sidestart|p1: widetomato|move: Stealth Rock
|
|-heal|p2a: Heatran|94\/385|[from] item: Leftovers
|turn|2
|
|move|p1a: Greninja|Hydro Pump|p2a: Heatran
|-supereffective|p2a: Heatran
|-damage|p2a: Heatran|0 fnt
|-damage|p1a: Greninja|230\/286|[from] item: Life Orb
|faint|p2a: Heatran
|
|
|switch|p2a: Greninja|Greninja, F|285\/285
|turn|3
|
|switch|p1a: Excadrill|Excadrill, F|362\/362
|-damage|p1a: Excadrill|351\/362|[from] Stealth Rock
|-ability|p1a: Excadrill|Mold Breaker
|move|p2a: Greninja|Extrasensory|p1a: Excadrill
|-start|p2a: Greninja|typechange|Psychic|[from] Protean
|-resisted|p1a: Excadrill
|-damage|p1a: Excadrill|242\/362
|-damage|p2a: Greninja|257\/285|[from] item: Life Orb
|
|turn|4
|
|switch|p2a: Mandibuzz|Mandibuzz, F|423\/423
|move|p1a: Excadrill|Rapid Spin|p2a: Mandibuzz
|-damage|p2a: Mandibuzz|405\/423
|-sideend|p1: widetomato|Stealth Rock|[from] move: Rapid Spin|[of] p1a: Excadrill
|
|-heal|p2a: Mandibuzz|423\/423|[from] item: Leftovers
|turn|5
|
|switch|p1a: Azumarill|Azumarill, F|401\/401
|move|p2a: Mandibuzz|Foul Play|p1a: Azumarill
|-resisted|p1a: Azumarill
|-damage|p1a: Azumarill|343\/401
|
|turn|6
|
|switch|p2a: Scizor|Scizor, F|291\/291
|move|p1a: Azumarill|Play Rough|p2a: Scizor
|-resisted|p2a: Scizor
|-damage|p2a: Scizor|195\/291
|
|turn|7
|
|move|p2a: Scizor|Bullet Punch|p1a: Azumarill
|-damage|p1a: Azumarill|135\/401
|move|p1a: Azumarill|Waterfall|p2a: Scizor
|-damage|p2a: Scizor|9\/291
|
|turn|8
|
|switch|p2a: Salamence|Salamence, M|393\/393
|-ability|p2a: Salamence|Intimidate|[of] p1a: Azumarill
|-unboost|p1a: Azumarill|atk|1
|switch|p1a: Ferrothorn|Ferrothorn, F|352\/352
|
|turn|9
|
|detailschange|p2a: Salamence|Salamence-Mega, M
|message|Salamence has Mega Evolved into Mega Salamence!
|move|p2a: Salamence|Substitute|p2a: Salamence
|-start|p2a: Salamence|Substitute
|-damage|p2a: Salamence|295\/393
|move|p1a: Ferrothorn|Leech Seed|p2a: Salamence
|
|turn|10
|
|move|p2a: Salamence|Dragon Dance|p2a: Salamence
|-boost|p2a: Salamence|atk|1
|-boost|p2a: Salamence|spe|1
|move|p1a: Ferrothorn|Gyro Ball|p2a: Salamence
|-end|p2a: Salamence|Substitute
|
|turn|11
|
|move|p2a: Salamence|Dragon Dance|p2a: Salamence
|-boost|p2a: Salamence|atk|1
|-boost|p2a: Salamence|spe|1
|move|p1a: Ferrothorn|Gyro Ball|p2a: Salamence
|-damage|p2a: Salamence|150\/393
|
|turn|12
|
|move|p2a: Salamence|Substitute|p2a: Salamence
|-start|p2a: Salamence|Substitute
|-damage|p2a: Salamence|52\/393
|move|p1a: Ferrothorn|Gyro Ball|p2a: Salamence
|-end|p2a: Salamence|Substitute
|
|turn|13
|
|move|p2a: Salamence|Roost|p2a: Salamence
|-heal|p2a: Salamence|249\/393
|move|p1a: Ferrothorn|Stealth Rock|p2a: Salamence
|-sidestart|p2: oijo|move: Stealth Rock
|
|turn|14
|
|move|p2a: Salamence|Substitute|p2a: Salamence
|-start|p2a: Salamence|Substitute
|-damage|p2a: Salamence|151\/393
|move|p1a: Ferrothorn|Gyro Ball|p2a: Salamence
|-end|p2a: Salamence|Substitute
|
|turn|15
|
|move|p2a: Salamence|Roost|p2a: Salamence
|-heal|p2a: Salamence|348\/393
|move|p1a: Ferrothorn|Gyro Ball|p2a: Salamence
|-crit|p2a: Salamence
|-damage|p2a: Salamence|140\/393
|
|turn|16
|
|move|p2a: Salamence|Substitute|p2a: Salamence
|-start|p2a: Salamence|Substitute
|-damage|p2a: Salamence|42\/393
|move|p1a: Ferrothorn|Gyro Ball|p2a: Salamence
|-end|p2a: Salamence|Substitute
|
|turn|17
|
|move|p2a: Salamence|Roost|p2a: Salamence
|-heal|p2a: Salamence|239\/393
|move|p1a: Ferrothorn|Leech Seed|p2a: Salamence
|-start|p2a: Salamence|move: Leech Seed
|
|-damage|p2a: Salamence|190\/393|[from] Leech Seed|[of] p1a: Ferrothorn
|turn|18
|
|move|p2a: Salamence|Roost|p2a: Salamence
|-heal|p2a: Salamence|387\/393
|move|p1a: Ferrothorn|Gyro Ball|p2a: Salamence
|-damage|p2a: Salamence|255\/393
|
|-damage|p2a: Salamence|206\/393|[from] Leech Seed|[of] p1a: Ferrothorn
|turn|19
|
|move|p2a: Salamence|Roost|p2a: Salamence
|-heal|p2a: Salamence|393\/393
|move|p1a: Ferrothorn|Gyro Ball|p2a: Salamence
|-crit|p2a: Salamence
|-damage|p2a: Salamence|185\/393
|
|-damage|p2a: Salamence|136\/393|[from] Leech Seed|[of] p1a: Ferrothorn
|turn|20
|
|switch|p1a: Dragonite|Dragonite, M|324\/324
|move|p2a: Salamence|Roost|p2a: Salamence
|-heal|p2a: Salamence|333\/393
|
|-damage|p2a: Salamence|284\/393|[from] Leech Seed|[of] p1a: Dragonite
|turn|21
|
|switch|p2a: Mandibuzz|Mandibuzz, F|423\/423
|-damage|p2a: Mandibuzz|318\/423|[from] Stealth Rock
|move|p1a: Dragonite|Dragon Dance|p1a: Dragonite
|-boost|p1a: Dragonite|atk|1
|-boost|p1a: Dragonite|spe|1
|
|-heal|p2a: Mandibuzz|344\/423|[from] item: Leftovers
|turn|22
|
|move|p1a: Dragonite|Outrage|p2a: Mandibuzz
|-damage|p2a: Mandibuzz|106\/423
|move|p2a: Mandibuzz|Defog|p1a: Dragonite
|-unboost|p1a: Dragonite|evasion|1
|-sideend|p2: oijo|Stealth Rock|[from] move: Defog|[of] p2a: Mandibuzz
|
|-heal|p2a: Mandibuzz|132\/423|[from] item: Leftovers
|turn|23
|
|move|p1a: Dragonite|Outrage|p2a: Mandibuzz
|-damage|p2a: Mandibuzz|0 fnt
|faint|p2a: Mandibuzz
|
|-end|p1a: Dragonite|rampage
|-start|p1a: Dragonite|confusion
|
|switch|p2a: Greninja|Greninja, F|257\/285
|-enditem|p1a: Dragonite|Lum Berry|[eat]
|-end|p1a: Dragonite|confusion
|turn|24
|
|move|p1a: Dragonite|Extreme Speed|p2a: Greninja
|-damage|p2a: Greninja|28\/285
|move|p2a: Greninja|Ice Beam|p1a: Dragonite
|-start|p2a: Greninja|typechange|Ice|[from] Protean
|-supereffective|p1a: Dragonite
|-damage|p1a: Dragonite|0 fnt
|-damage|p2a: Greninja|0 fnt|[from] item: Life Orb
|faint|p1a: Dragonite
|faint|p2a: Greninja
|
|
|switch|p1a: Greninja|Greninja, M|230\/286
|switch|p2a: Scizor|Scizor, F|9\/291
|turn|25
|
|switch|p1a: Ferrothorn|Ferrothorn, F|352\/352
|move|p2a: Scizor|Bullet Punch|p1a: Ferrothorn
|-resisted|p1a: Ferrothorn
|-damage|p1a: Ferrothorn|287\/352
|-damage|p2a: Scizor|0 fnt|[from] ability: Iron Barbs|[of] p1a: Ferrothorn
|faint|p2a: Scizor
|
|-heal|p1a: Ferrothorn|309\/352|[from] item: Leftovers
|
|switch|p2a: Salamence|Salamence-Mega, M|284\/393
|turn|26
|
|switch|p1a: Greninja|Greninja, M|230\/286
|move|p2a: Salamence|Substitute|p2a: Salamence
|-start|p2a: Salamence|Substitute
|-damage|p2a: Salamence|186\/393
|
|turn|27
|
|move|p1a: Greninja|Ice Beam|p2a: Salamence
|-start|p1a: Greninja|typechange|Ice|[from] Protean
|-supereffective|p2a: Salamence
|-end|p2a: Salamence|Substitute
|-damage|p1a: Greninja|202\/286|[from] item: Life Orb
|move|p2a: Salamence|Dragon Dance|p2a: Salamence
|-boost|p2a: Salamence|atk|1
|-boost|p2a: Salamence|spe|1
|
|turn|28
|
|move|p2a: Salamence|Return|p1a: Greninja
|-crit|p1a: Greninja
|-damage|p1a: Greninja|0 fnt
|faint|p1a: Greninja
|
|
|switch|p1a: Excadrill|Excadrill, F|242\/362
|-ability|p1a: Excadrill|Mold Breaker
|turn|29
|
|move|p2a: Salamence|Roost|p2a: Salamence
|-heal|p2a: Salamence|383\/393
|move|p1a: Excadrill|Rock Slide|p2a: Salamence
|-damage|p2a: Salamence|315\/393
|
|turn|30
|
|switch|p1a: Charizard|Charizard, M|315\/315
|move|p2a: Salamence|Dragon Dance|p2a: Salamence
|-boost|p2a: Salamence|atk|1
|-boost|p2a: Salamence|spe|1
|
|turn|31
|
|detailschange|p1a: Charizard|Charizard-Mega-X, M
|message|Charizard has Mega Evolved into Mega Charizard!
|move|p2a: Salamence|Substitute|p2a: Salamence
|-start|p2a: Salamence|Substitute
|-damage|p2a: Salamence|217\/393
|move|p1a: Charizard|Dragon Claw|p2a: Salamence
|-supereffective|p2a: Salamence
|-end|p2a: Salamence|Substitute
|
|turn|32
|
|move|p2a: Salamence|Return|p1a: Charizard
|-crit|p1a: Charizard
|-damage|p1a: Charizard|0 fnt
|faint|p1a: Charizard
|
|
|switch|p1a: Excadrill|Excadrill, F|242\/362
|-ability|p1a: Excadrill|Mold Breaker
|turn|33
|
|move|p2a: Salamence|Roost|p2a: Salamence
|-heal|p2a: Salamence|393\/393
|move|p1a: Excadrill|Iron Head|p2a: Salamence
|-damage|p2a: Salamence|284\/393
|
|turn|34
|-message|widetomato forfeited.
|
|win|oijo
|raw|Ladder updating...
|leave|widetomato
|player|p1
|raw|widetomato's rating: 1459 &rarr; <strong>1431<\/strong><br \/>(-28 for losing)
|raw|oijo's rating: 1316 &rarr; <strong>1344<\/strong><br \/>(+28 for winning)