|join|widetomato
|join|eilee
|player|p1|widetomato|101
|player|p2|eilee|4
|gametype|singles
|gen|6
|tier|ORAS OU
|rated
|rule|Sleep Clause Mod: Limit one foe put to sleep
|rule|Species Clause: Limit one of each PokÃ©mon
|rule|OHKO Clause: OHKO moves are banned
|rule|Moody Clause: Moody is banned
|rule|Evasion Moves Clause: Evasion moves are banned
|rule|Endless Battle Clause: Forcing endless battles is banned
|rule|HP Percentage Mod: HP is shown in percentages
|clearpoke
|poke|p1|Salamence, F
|poke|p1|Talonflame, M
|poke|p1|Clefable, F
|poke|p1|Tyranitar, M
|poke|p1|Greninja, M
|poke|p1|Excadrill, M
|poke|p2|Pidgeot, M
|poke|p2|Landorus-Therian, M
|poke|p2|Greninja, F
|poke|p2|Victini
|poke|p2|Excadrill, M
|poke|p2|Keldeo-Resolute
|rule|Swagger Clause: Swagger is banned
|rule|Baton Pass Clause: Limit one PokÃ©mon knowing Baton Pass
|teampreview
|
|start
|switch|p1a: Clefable|Clefable, F|394\/394
|switch|p2a: Landorus-Therian|Landorus-Therian, M|381\/381
|-ability|p2a: Landorus-Therian|Intimidate|[of] p1a: Clefable
|-unboost|p1a: Clefable|atk|1
|turn|1
|
|move|p2a: Landorus-Therian|Stealth Rock|p1a: Clefable
|-sidestart|p1: widetomato|move: Stealth Rock
|move|p1a: Clefable|Moonblast|p2a: Landorus-Therian
|-damage|p2a: Landorus-Therian|216\/381
|-unboost|p2a: Landorus-Therian|spa|1
|
|-heal|p2a: Landorus-Therian|239\/381|[from] item: Leftovers
|turn|2
|
|switch|p2a: Excadrill|Excadrill, M|362\/362
|-ability|p2a: Excadrill|Mold Breaker
|move|p1a: Clefable|Calm Mind|p1a: Clefable
|-boost|p1a: Clefable|spa|1
|-boost|p1a: Clefable|spd|1
|
|turn|3
|
|move|p2a: Excadrill|Iron Head|p1a: Clefable
|-supereffective|p1a: Clefable
|-damage|p1a: Clefable|158\/394
|move|p1a: Clefable|Flamethrower|p2a: Excadrill
|-supereffective|p2a: Excadrill
|-damage|p2a: Excadrill|0 fnt
|faint|p2a: Excadrill
|
|
|switch|p2a: Victini|Victini|341\/341
|turn|4
|
|move|p2a: Victini|U-turn|p1a: Clefable
|-resisted|p1a: Clefable
|-damage|p1a: Clefable|116\/394
|
|switch|p2a: Landorus-Therian|Landorus-Therian, M|239\/381
|-ability|p2a: Landorus-Therian|Intimidate|[of] p1a: Clefable
|-unboost|p1a: Clefable|atk|1
|move|p1a: Clefable|Moonblast|p2a: Landorus-Therian
|-damage|p2a: Landorus-Therian|0 fnt
|faint|p2a: Landorus-Therian
|
|
|switch|p2a: Pidgeot|Pidgeot, M|307\/307
|turn|5
|
|detailschange|p2a: Pidgeot|Pidgeot-Mega, M
|message|Pidgeot has Mega Evolved into Mega Pidgeot!
|move|p2a: Pidgeot|Hurricane|p1a: Clefable
|-damage|p1a: Clefable|0 fnt
|faint|p1a: Clefable
|
|
|switch|p1a: Tyranitar|Tyranitar, M|404\/404
|-damage|p1a: Tyranitar|354\/404|[from] Stealth Rock
|-weather|Sandstorm
|turn|6
|
|move|p2a: Pidgeot|U-turn|p1a: Tyranitar
|-supereffective|p1a: Tyranitar
|-damage|p1a: Tyranitar|270\/404
|
|switch|p2a: Keldeo-Resolute|Keldeo-Resolute|323\/323
|move|p1a: Tyranitar|Stealth Rock|p2a: Keldeo-Resolute
|-sidestart|p2: eilee|move: Stealth Rock
|
|-weather|Sandstorm|[upkeep]
|-damage|p2a: Keldeo-Resolute|303\/323|[from] sandstorm
|-heal|p2a: Keldeo-Resolute|323\/323|[from] item: Leftovers
|-heal|p1a: Tyranitar|295\/404|[from] item: Leftovers
|turn|7
|
|move|p2a: Keldeo-Resolute|Calm Mind|p2a: Keldeo-Resolute
|-boost|p2a: Keldeo-Resolute|spa|1
|-boost|p2a: Keldeo-Resolute|spd|1
|move|p1a: Tyranitar|Crunch|p2a: Keldeo-Resolute
|-resisted|p2a: Keldeo-Resolute
|-damage|p2a: Keldeo-Resolute|242\/323
|-boost|p2a: Keldeo-Resolute|atk|1|[from] ability: Justified
|
|-weather|Sandstorm|[upkeep]
|-damage|p2a: Keldeo-Resolute|222\/323|[from] sandstorm
|-heal|p2a: Keldeo-Resolute|242\/323|[from] item: Leftovers
|-heal|p1a: Tyranitar|320\/404|[from] item: Leftovers
|turn|8
|
|move|p2a: Keldeo-Resolute|Secret Sword|p1a: Tyranitar
|-supereffective|p1a: Tyranitar
|-damage|p1a: Tyranitar|0 fnt
|faint|p1a: Tyranitar
|
|-weather|Sandstorm|[upkeep]
|-damage|p2a: Keldeo-Resolute|222\/323|[from] sandstorm
|-heal|p2a: Keldeo-Resolute|242\/323|[from] item: Leftovers
|
|switch|p1a: Excadrill|Excadrill, M|362\/362
|-damage|p1a: Excadrill|351\/362|[from] Stealth Rock
|-item|p1a: Excadrill|Air Balloon
|turn|9
|
|move|p1a: Excadrill|Rapid Spin|p2a: Keldeo-Resolute
|-damage|p2a: Keldeo-Resolute|211\/323
|-sideend|p1: widetomato|Stealth Rock|[from] move: Rapid Spin|[of] p1a: Excadrill
|move|p2a: Keldeo-Resolute|Secret Sword|p1a: Excadrill
|-supereffective|p1a: Excadrill
|-damage|p1a: Excadrill|0 fnt
|-enditem|p1a: Excadrill|Air Balloon
|faint|p1a: Excadrill
|
|-weather|Sandstorm|[upkeep]
|-damage|p2a: Keldeo-Resolute|191\/323|[from] sandstorm
|-heal|p2a: Keldeo-Resolute|211\/323|[from] item: Leftovers
|
|switch|p1a: Talonflame|Talonflame, M|297\/297
|turn|10
|
|move|p1a: Talonflame|Brave Bird|p2a: Keldeo-Resolute
|-supereffective|p2a: Keldeo-Resolute
|-damage|p2a: Keldeo-Resolute|0 fnt
|-damage|p1a: Talonflame|227\/297|[from] recoil|[of] p2a: Keldeo-Resolute
|faint|p2a: Keldeo-Resolute
|
|-weather|none
|
|switch|p2a: Victini|Victini|341\/341
|-damage|p2a: Victini|256\/341|[from] Stealth Rock
|turn|11
|
|move|p1a: Talonflame|Brave Bird|p2a: Victini
|-damage|p2a: Victini|16\/341
|-damage|p1a: Talonflame|148\/297|[from] recoil|[of] p2a: Victini
|move|p2a: Victini|Bolt Strike|p1a: Talonflame
|-supereffective|p1a: Talonflame
|-damage|p1a: Talonflame|0 fnt
|faint|p1a: Talonflame
|
|
|switch|p1a: Salamence|Salamence, F|331\/331
|-ability|p1a: Salamence|Intimidate|[of] p2a: Victini
|-unboost|p2a: Victini|atk|1
|turn|12
|
|detailschange|p1a: Salamence|Salamence-Mega, F
|message|Salamence has Mega Evolved into Mega Salamence!
|move|p2a: Victini|Bolt Strike|p1a: Salamence
|-crit|p1a: Salamence
|-damage|p1a: Salamence|57\/331
|-status|p1a: Salamence|par
|move|p1a: Salamence|Double-Edge|p2a: Victini
|-crit|p2a: Victini
|-damage|p2a: Victini|0 fnt
|-damage|p1a: Salamence|52\/331 par|[from] recoil|[of] p2a: Victini
|faint|p2a: Victini
|
|
|switch|p2a: Pidgeot|Pidgeot-Mega, M|307\/307
|-damage|p2a: Pidgeot|231\/307|[from] Stealth Rock
|turn|13
|
|move|p2a: Pidgeot|Hurricane|p1a: Salamence
|-damage|p1a: Salamence|0 fnt
|faint|p1a: Salamence
|
|
|switch|p1a: Greninja|Greninja, M|285\/285
|turn|14
|
|move|p1a: Greninja|Ice Beam|p2a: Pidgeot
|-start|p1a: Greninja|typechange|Ice|[from] Protean
|-supereffective|p2a: Pidgeot
|-damage|p2a: Pidgeot|0 fnt
|-damage|p1a: Greninja|257\/285|[from] item: Life Orb
|faint|p2a: Pidgeot
|
|
|switch|p2a: Greninja|Greninja, F|285\/285
|-damage|p2a: Greninja|250\/285|[from] Stealth Rock
|turn|15
|
|move|p1a: Greninja|Grass Knot|p2a: Greninja
|-start|p1a: Greninja|typechange|Grass|[from] Protean
|-supereffective|p2a: Greninja
|-damage|p2a: Greninja|0 fnt
|-damage|p1a: Greninja|229\/285|[from] item: Life Orb
|faint|p2a: Greninja
|
|win|widetomato
|raw|Ladder updating...
|raw|widetomato's rating: 1424 &rarr; <strong>1442<\/strong><br \/>(+18 for winning)
|raw|eilee's rating: 1386 &rarr; <strong>1368<\/strong><br \/>(-18 for losing)
|c|âeilee|T_T
|c|âeilee|speed tie
|c|âwidetomato|gg
|c|âeilee|ah well gg
|c|âwidetomato|:]