|join|widetomato
|join|base250
|player|p1|widetomato|101
|player|p2|base250|160
|gametype|singles
|gen|6
|tier|OU
|rated
|clearpoke
|poke|p1|Lopunny, M
|poke|p1|Bisharp, F
|poke|p1|Azumarill, M
|poke|p1|Dragonite, F
|poke|p1|Latios, M
|poke|p1|Talonflame, M
|poke|p2|Medicham, F
|poke|p2|Rotom-Wash, shiny
|poke|p2|Landorus-Therian, M
|poke|p2|Latias, F
|poke|p2|Clefable, F
|poke|p2|Ferrothorn, M
|rule|Swagger Clause: Swagger is banned
|rule|Baton Pass Clause: Limit one PokÃ©mon knowing Baton Pass
|rule|Sleep Clause Mod: Limit one foe put to sleep
|rule|Species Clause: Limit one of each PokÃ©mon
|rule|OHKO Clause: OHKO moves are banned
|rule|Moody Clause: Moody is banned
|rule|Evasion Moves Clause: Evasion moves are banned
|rule|Endless Battle Clause: Forcing endless battles is banned
|rule|HP Percentage Mod: HP is shown in percentages
|teampreview
|
|start
|switch|p1a: Easter|Bisharp, F|272\/272
|switch|p2a: Rotom-Wash|Rotom-Wash, shiny|303\/303
|turn|1
|
|move|p1a: Easter|Knock Off|p2a: Rotom-Wash
|-damage|p2a: Rotom-Wash|151\/303
|-enditem|p2a: Rotom-Wash|Leftovers|[from] move: Knock Off|[of] p1a: Easter
|-damage|p1a: Easter|245\/272|[from] item: Life Orb
|move|p2a: Rotom-Wash|Will-O-Wisp|p1a: Easter
|-status|p1a: Easter|brn
|
|-damage|p1a: Easter|211\/272 brn|[from] brn
|turn|2
|
|move|p1a: Easter|Stealth Rock|p2a: Rotom-Wash
|-sidestart|p2: base250|move: Stealth Rock
|move|p2a: Rotom-Wash|Volt Switch|p1a: Easter
|-damage|p1a: Easter|100\/272 brn
|
|switch|p2a: Medicham|Medicham, F|261\/261
|-damage|p2a: Medicham|245\/261|[from] Stealth Rock
|
|-damage|p1a: Easter|66\/272 brn|[from] brn
|turn|3
|
|switch|p1a: Forgotten Bday|Talonflame, M|297\/297
|detailschange|p2a: Medicham|Medicham-Mega, F
|message|Medicham has Mega Evolved into Mega Medicham!
|move|p2a: Medicham|Fake Out|p1a: Forgotten Bday
|-damage|p1a: Forgotten Bday|187\/297
|
|turn|4
|
|switch|p2a: Landorus-Therian|Landorus-Therian, M|319\/319
|-damage|p2a: Landorus-Therian|280\/319|[from] Stealth Rock
|-ability|p2a: Landorus-Therian|Intimidate|[of] p1a: Forgotten Bday
|-unboost|p1a: Forgotten Bday|atk|1
|move|p1a: Forgotten Bday|U-turn|p2a: Landorus-Therian
|-resisted|p2a: Landorus-Therian
|-damage|p2a: Landorus-Therian|250\/319
|join|Deustodo
|
|switch|p1a: R34|Lopunny, M|272\/272
|
|turn|5
|c|âbase250|wait...i know you! you're widetomato
|
|switch|p2a: Clefable|Clefable, F|394\/394
|detailschange|p1a: R34|Lopunny-Mega, M
|message|Lopunny has Mega Evolved into Mega Lopunny!
|move|p1a: R34|Fake Out|p2a: Clefable
|-damage|p2a: Clefable|307\/394
|
|-heal|p2a: Clefable|331\/394|[from] item: Leftovers
|turn|6
|
|switch|p1a: Forgotten Bday|Talonflame, M|187\/297
|switch|p2a: Medicham|Medicham-Mega, F|245\/261
|-damage|p2a: Medicham|229\/261|[from] Stealth Rock
|
|turn|7
|c|âwidetomato|how did you find out? :0
|
|move|p2a: Medicham|Fake Out|p1a: Forgotten Bday
|-damage|p1a: Forgotten Bday|91\/297
|cant|p1a: Forgotten Bday|flinch
|
|turn|8
|c|âbase250|this is my alt
|c|âwidetomato|synxx?
|c|âbase250|Haha, just a reader of smogon lol.
|
|switch|p2a: Rotom-Wash|Rotom-Wash, shiny|151\/303
|-damage|p2a: Rotom-Wash|114\/303|[from] Stealth Rock
|move|p1a: Forgotten Bday|Brave Bird|p2a: Rotom-Wash
|-resisted|p2a: Rotom-Wash
|-damage|p2a: Rotom-Wash|35\/303
|-damage|p1a: Forgotten Bday|65\/297|[from] recoil|[of] p2a: Rotom-Wash
|
|turn|9
|c|âwidetomato|oh :P
|
|switch|p2a: Ferrothorn|Ferrothorn, M|352\/352
|-damage|p2a: Ferrothorn|330\/352|[from] Stealth Rock
|move|p1a: Forgotten Bday|Brave Bird|p2a: Ferrothorn
|-damage|p2a: Ferrothorn|185\/352
|-damage|p1a: Forgotten Bday|28\/297|[from] ability: Iron Barbs|[of] p2a: Ferrothorn
|-damage|p1a: Forgotten Bday|0 fnt|[from] recoil|[of] p2a: Ferrothorn
|faint|p1a: Forgotten Bday
|
|c|âbase250|:]
|
|switch|p1a: R35|Azumarill, M|364\/364
|turn|10
|
|move|p1a: R35|Belly Drum|p1a: R35
|-damage|p1a: R35|182\/364
|-setboost|p1a: R35|atk|6|[from] move: Belly Drum
|-enditem|p1a: R35|Sitrus Berry|[eat]
|-heal|p1a: R35|273\/364|[from] item: Sitrus Berry
|move|p2a: Ferrothorn|Gyro Ball|p1a: R35
|-damage|p1a: R35|116\/364
|
|turn|11
|
|switch|p2a: Latias|Latias, F|319\/319
|-damage|p2a: Latias|280\/319|[from] Stealth Rock
|move|p1a: R35|Superpower|p2a: Latias
|-resisted|p2a: Latias
|-damage|p2a: Latias|0 fnt
|-unboost|p1a: R35|atk|1
|-unboost|p1a: R35|def|1
|faint|p2a: Latias
|
|
|switch|p2a: Medicham|Medicham-Mega, F|229\/261
|-damage|p2a: Medicham|213\/261|[from] Stealth Rock
|turn|12
|
|switch|p1a: R34|Lopunny-Mega, M|272\/272
|move|p2a: Medicham|Fake Out|p1a: R34
|-crit|p1a: R34
|-damage|p1a: R34|139\/272
|
|turn|13
|c|âbase250|:[
|
|switch|p2a: Rotom-Wash|Rotom-Wash, shiny|35\/303
|-damage|p2a: Rotom-Wash|0 fnt|[from] Stealth Rock
|faint|p2a: Rotom-Wash
|move|p1a: R34|Return|p2: Rotom-Wash|[notarget]
|-notarget
|
|
|switch|p2a: Medicham|Medicham-Mega, F|213\/261
|-damage|p2a: Medicham|197\/261|[from] Stealth Rock
|turn|14
|
|move|p2a: Medicham|Fake Out|p1a: R34
|-damage|p1a: R34|48\/272
|cant|p1a: R34|flinch
|
|turn|15
|
|move|p2a: Medicham|Bullet Punch|p1a: R34
|-damage|p1a: R34|0 fnt
|faint|p1a: R34
|
|
|switch|p1a: Sankt Hans|Latios, M|299\/299
|turn|16
|
|switch|p2a: Clefable|Clefable, F|331\/394
|move|p1a: Sankt Hans|Psyshock|p2a: Clefable
|-damage|p2a: Clefable|146\/394
|-damage|p1a: Sankt Hans|270\/299|[from] item: Life Orb
|
|-heal|p2a: Clefable|170\/394|[from] item: Leftovers
|turn|17
|
|move|p1a: Sankt Hans|Psyshock|p2a: Clefable
|-damage|p2a: Clefable|0 fnt
|-damage|p1a: Sankt Hans|241\/299|[from] item: Life Orb
|faint|p2a: Clefable
|
|
|switch|p2a: Landorus-Therian|Landorus-Therian, M|250\/319
|-damage|p2a: Landorus-Therian|211\/319|[from] Stealth Rock
|-ability|p2a: Landorus-Therian|Intimidate|[of] p1a: Sankt Hans
|-unboost|p1a: Sankt Hans|atk|1
|turn|18
|
|switch|p1a: Easter|Bisharp, F|66\/272 brn
|move|p2a: Landorus-Therian|U-turn|p1a: Easter
|-damage|p1a: Easter|0 fnt
|faint|p1a: Easter
|
|switch|p2a: Medicham|Medicham-Mega, F|197\/261
|-damage|p2a: Medicham|181\/261|[from] Stealth Rock
|
|
|switch|p1a: Sankt Hans|Latios, M|241\/299
|turn|19
|
|move|p2a: Medicham|Fake Out|p1a: Sankt Hans
|-damage|p1a: Sankt Hans|140\/299
|cant|p1a: Sankt Hans|flinch
|
|turn|20
|
|switch|p2a: Ferrothorn|Ferrothorn, M|185\/352
|-damage|p2a: Ferrothorn|163\/352|[from] Stealth Rock
|move|p1a: Sankt Hans|Psyshock|p2a: Ferrothorn
|-resisted|p2a: Ferrothorn
|-damage|p2a: Ferrothorn|98\/352
|-damage|p1a: Sankt Hans|111\/299|[from] item: Life Orb
|
|turn|21
|
|move|p1a: Sankt Hans|Hidden Power|p2a: Ferrothorn
|-supereffective|p2a: Ferrothorn
|-damage|p2a: Ferrothorn|0 fnt
|-damage|p1a: Sankt Hans|82\/299|[from] item: Life Orb
|faint|p2a: Ferrothorn
|
|
|switch|p2a: Landorus-Therian|Landorus-Therian, M|211\/319
|-damage|p2a: Landorus-Therian|172\/319|[from] Stealth Rock
|-ability|p2a: Landorus-Therian|Intimidate|[of] p1a: Sankt Hans
|-unboost|p1a: Sankt Hans|atk|1
|turn|22
|
|move|p2a: Landorus-Therian|Stone Edge|p1a: Sankt Hans
|-crit|p1a: Sankt Hans
|-damage|p1a: Sankt Hans|0 fnt
|faint|p1a: Sankt Hans
|
|
|switch|p1a: R35|Azumarill, M|116\/364
|turn|23
|
|move|p1a: R35|Aqua Jet|p2a: Landorus-Therian
|-supereffective|p2a: Landorus-Therian
|-damage|p2a: Landorus-Therian|0 fnt
|faint|p2a: Landorus-Therian
|
|
|switch|p2a: Medicham|Medicham-Mega, F|181\/261
|-damage|p2a: Medicham|165\/261|[from] Stealth Rock
|turn|24
|
|move|p2a: Medicham|Fake Out|p1a: R35
|-damage|p1a: R35|27\/364
|cant|p1a: R35|flinch
|
|turn|25
|
|move|p2a: Medicham|Bullet Punch|p1a: R35
|-damage|p1a: R35|0 fnt
|faint|p1a: R35
|
|
|switch|p1a: Xmas|Dragonite, F|324\/324
|turn|26
|
|move|p2a: Medicham|Zen Headbutt|p1a: Xmas|[miss]
|-miss|p2a: Medicham|p1a: Xmas
|move|p1a: Xmas|Outrage|p2a: Medicham
|-damage|p2a: Medicham|0 fnt
|faint|p2a: Medicham
|
|win|widetomato
|raw|Ladder updating...
|raw|widetomato's rating: 1402 &rarr; <strong>1420<\/strong><br \/>(+18 for winning)
|raw|base250's rating: 1362 &rarr; <strong>1344<\/strong><br \/>(-18 for losing)
|c|âbase250|gg
|leave|Deustodo
|leave|widetomato
|player|p1