|join|bluri
|join|widetomato
|player|p1|bluri|97
|player|p2|widetomato|101
|gametype|singles
|gen|6
|tier|OU
|rated
|clearpoke
|poke|p1|Skarmory, F
|poke|p1|Suicune
|poke|p1|Venusaur, F
|poke|p1|Gliscor, M
|poke|p1|Heatran, M
|poke|p1|Chansey, F
|poke|p2|Charizard, M
|poke|p2|Keldeo-Resolute
|poke|p2|Latios, M
|poke|p2|Talonflame, M
|poke|p2|Tyranitar, F
|poke|p2|Excadrill, M
|rule|Swagger Clause: Swagger is banned
|rule|Baton Pass Clause: Limit one PokÃ©mon knowing Baton Pass
|rule|Sleep Clause Mod: Limit one foe put to sleep
|rule|Species Clause: Limit one of each PokÃ©mon
|rule|OHKO Clause: OHKO moves are banned
|rule|Moody Clause: Moody is banned
|rule|Evasion Moves Clause: Evasion moves are banned
|rule|Endless Battle Clause: Forcing endless battles is banned
|rule|HP Percentage Mod: HP is shown in percentages
|teampreview
|
|start
|switch|p1a: Suicune|Suicune|404\/404
|switch|p2a: FINALY DRAGON|Charizard, M|297\/297
|-ability|p1a: Suicune|Pressure
|turn|1
|
|detailschange|p2a: FINALY DRAGON|Charizard-Mega-Y, M
|message|Charizard has Mega Evolved into Mega Charizard!
|-weather|SunnyDay
|move|p2a: FINALY DRAGON|Solar Beam|p1a: Suicune|[still]
|-prepare|p2a: FINALY DRAGON|Solar Beam|p1a: Suicune
|-anim|p2a: FINALY DRAGON|Solar Beam|p1a: Suicune
|-supereffective|p1a: Suicune
|-damage|p1a: Suicune|132\/404
|move|p1a: Suicune|Scald|p2a: FINALY DRAGON
|-supereffective|p2a: FINALY DRAGON
|-damage|p2a: FINALY DRAGON|213\/297
|
|-weather|SunnyDay|[upkeep]
|-heal|p1a: Suicune|157\/404|[from] item: Leftovers
|turn|2
|
|move|p2a: FINALY DRAGON|Solar Beam|p1a: Suicune|[still]
|-prepare|p2a: FINALY DRAGON|Solar Beam|p1a: Suicune
|-anim|p2a: FINALY DRAGON|Solar Beam|p1a: Suicune
|-supereffective|p1a: Suicune
|-damage|p1a: Suicune|0 fnt
|faint|p1a: Suicune
|
|-weather|SunnyDay|[upkeep]
|
|switch|p1a: Heatran|Heatran, M|386\/386
|turn|3
|join|uCan'tSeeMe
|
|move|p2a: FINALY DRAGON|Focus Blast|p1a: Heatran
|-supereffective|p1a: Heatran
|-damage|p1a: Heatran|138\/386
|move|p1a: Heatran|Stealth Rock|p2a: FINALY DRAGON
|-sidestart|p2: widetomato|move: Stealth Rock
|
|-weather|SunnyDay|[upkeep]
|-heal|p1a: Heatran|162\/386|[from] item: Leftovers
|turn|4
|
|move|p1a: Heatran|Protect|p1a: Heatran
|-singleturn|p1a: Heatran|Protect
|move|p2a: FINALY DRAGON|Focus Blast|p1a: Heatran
|-activate|p1a: Heatran|Protect
|
|-weather|SunnyDay|[upkeep]
|-heal|p1a: Heatran|186\/386|[from] item: Leftovers
|turn|5
|
|switch|p1a: Chansey|Chansey, F|704\/704
|move|p2a: FINALY DRAGON|Focus Blast|p1a: Chansey
|-supereffective|p1a: Chansey
|-damage|p1a: Chansey|494\/704
|
|-weather|none
|turn|6
|
|switch|p2a: Hurricane beach|Tyranitar, F|403\/403
|-damage|p2a: Hurricane beach|353\/403|[from] Stealth Rock
|-weather|Sandstorm
|switch|p1a: Gliscor|Gliscor, M|354\/354
|
|-weather|Sandstorm|[upkeep]
|-status|p1a: Gliscor|tox|[from] item: Toxic Orb
|turn|7
|chat|uCan'tSeeMe|lol i battled u yesterday widetomato
|
|move|p1a: Gliscor|Taunt|p2a: Hurricane beach
|-start|p2a: Hurricane beach|move: Taunt
|move|p2a: Hurricane beach|Ice Beam|p1a: Gliscor
|-supereffective|p1a: Gliscor
|-damage|p1a: Gliscor|114\/354 tox
|
|-weather|Sandstorm|[upkeep]
|-heal|p1a: Gliscor|158\/354 tox|[from] ability: Poison Heal
|turn|8
|chat|uCan'tSeeMe|and i was dumb af
|chat|uCan'tSeeMe|i belived u to have zard x haahhaa
|
|move|p1a: Gliscor|Roost|p1a: Gliscor
|-heal|p1a: Gliscor|335\/354 tox
|move|p2a: Hurricane beach|Ice Beam|p1a: Gliscor
|-supereffective|p1a: Gliscor
|-damage|p1a: Gliscor|211\/354 tox
|
|-weather|Sandstorm|[upkeep]
|-heal|p1a: Gliscor|255\/354 tox|[from] ability: Poison Heal
|turn|9
|
|move|p1a: Gliscor|Toxic|p2a: Hurricane beach
|-status|p2a: Hurricane beach|tox
|move|p2a: Hurricane beach|Ice Beam|p1a: Gliscor
|-crit|p1a: Gliscor
|-supereffective|p1a: Gliscor
|-damage|p1a: Gliscor|0 fnt
|faint|p1a: Gliscor
|
|-weather|Sandstorm|[upkeep]
|-damage|p2a: Hurricane beach|328\/403 tox|[from] psn
|-end|p2a: Hurricane beach|move: Taunt
|chat|uCan'tSeeMe|lol
|chat|bluri|.....
|chat|uCan'tSeeMe|.
|chat|uCan'tSeeMe|.
|chat|uCan'tSeeMe|.
|chat|bluri|wie dumm is der alter
|chat|uCan'tSeeMe|lappen
|chat|bluri|suicune vs. chari y und beim 2. mal opredictet er kein heatarn switch und setzt echt dsolar beam noch ma ein
|chat|bluri|jz der hax
|
|switch|p1a: Venusaur|Venusaur, F|364\/364
|turn|10
|
|switch|p2a: WAYAUUU|Excadrill, M|362\/362
|-damage|p2a: WAYAUUU|351\/362|[from] Stealth Rock
|detailschange|p1a: Venusaur|Venusaur-Mega, F
|message|Venusaur has Mega Evolved into Mega Venusaur!
|move|p1a: Venusaur|Giga Drain|p2a: WAYAUUU
|-damage|p2a: WAYAUUU|201\/362
|
|-weather|Sandstorm|[upkeep]
|-damage|p1a: Venusaur|342\/364|[from] sandstorm
|turn|11
|chat|uCan'tSeeMe|lol
|
|move|p2a: WAYAUUU|Swords Dance|p2a: WAYAUUU
|-boost|p2a: WAYAUUU|atk|2
|move|p1a: Venusaur|Hidden Power|p2a: WAYAUUU
|-supereffective|p2a: WAYAUUU
|-damage|p2a: WAYAUUU|27\/362
|
|-weather|Sandstorm|[upkeep]
|-damage|p1a: Venusaur|320\/364|[from] sandstorm
|turn|12
|chat|uCan'tSeeMe|wtf
|
|switch|p1a: Skarmory|Skarmory, F|334\/334
|move|p2a: WAYAUUU|Iron Head|p1a: Skarmory
|-resisted|p1a: Skarmory
|-damage|p1a: Skarmory|213\/334
|-damage|p2a: WAYAUUU|0 fnt|[from] item: Rocky Helmet|[of] p1a: Skarmory
|faint|p2a: WAYAUUU
|
|-weather|Sandstorm|[upkeep]
|
|switch|p2a: 1.5xMeteor|Latios, M|302\/302
|-damage|p2a: 1.5xMeteor|265\/302|[from] Stealth Rock
|turn|13
|
|move|p2a: 1.5xMeteor|Psyshock|p1a: Skarmory
|-resisted|p1a: Skarmory
|-damage|p1a: Skarmory|157\/334
|-damage|p2a: 1.5xMeteor|235\/302|[from] item: Life Orb
|move|p1a: Skarmory|Roost|p1a: Skarmory
|-heal|p1a: Skarmory|324\/334
|
|-weather|none
|turn|14
|
|switch|p1a: Chansey|Chansey, F|494\/704
|move|p2a: 1.5xMeteor|Thunderbolt|p1a: Chansey
|-damage|p1a: Chansey|400\/704
|-damage|p2a: 1.5xMeteor|205\/302|[from] item: Life Orb
|
|turn|15
|
|move|p2a: 1.5xMeteor|Defog|p1a: Chansey
|-unboost|p1a: Chansey|evasion|1
|-sideend|p2: widetomato|Stealth Rock|[from] move: Defog|[of] p2a: 1.5xMeteor
|move|p1a: Chansey|Soft-Boiled|p1a: Chansey
|-heal|p1a: Chansey|704\/704
|
|turn|16
|chat|bluri|so spielt man pkmn :D
|
|switch|p2a: My little power|Keldeo-Resolute|323\/323
|switch|p1a: Venusaur|Venusaur-Mega, F|320\/364
|
|turn|17
|chat|bluri|EZ
|
|move|p2a: My little power|Secret Sword|p1a: Venusaur
|-resisted|p1a: Venusaur
|-damage|p1a: Venusaur|218\/364
|move|p1a: Venusaur|Sludge Bomb|p2a: My little power
|-damage|p2a: My little power|194\/323
|
|turn|18
|chat|uCan'tSeeMe|MAKING PLAYZ
|
|switch|p2a: FINALY DRAGON|Charizard-Mega-Y, M|213\/297
|-weather|SunnyDay
|move|p1a: Venusaur|Sludge Bomb|p2a: FINALY DRAGON
|-damage|p2a: FINALY DRAGON|111\/297
|-status|p2a: FINALY DRAGON|psn
|
|-weather|SunnyDay|[upkeep]
|-damage|p2a: FINALY DRAGON|74\/297 psn|[from] psn
|turn|19
|chat|bluri|EZ ;D
|
|switch|p2a: My little power|Keldeo-Resolute|194\/323
|switch|p1a: Heatran|Heatran, M|186\/386
|
|-weather|SunnyDay|[upkeep]
|-heal|p1a: Heatran|210\/386|[from] item: Leftovers
|turn|20
|
|move|p1a: Heatran|Protect|p1a: Heatran
|-singleturn|p1a: Heatran|Protect
|move|p2a: My little power|Secret Sword|p1a: Heatran
|-activate|p1a: Heatran|Protect
|
|-weather|SunnyDay|[upkeep]
|-heal|p1a: Heatran|234\/386|[from] item: Leftovers
|turn|21
|
|switch|p1a: Skarmory|Skarmory, F|324\/334
|move|p2a: My little power|Secret Sword|p1a: Skarmory
|-damage|p1a: Skarmory|192\/334
|
|-weather|SunnyDay|[upkeep]
|turn|22
|
|switch|p2a: Just try|Talonflame, M|319\/319
|switch|p1a: Heatran|Heatran, M|234\/386
|
|-weather|none
|-heal|p1a: Heatran|258\/386|[from] item: Leftovers
|turn|23
|
|move|p2a: Just try|Swords Dance|p2a: Just try
|-boost|p2a: Just try|atk|2
|move|p1a: Heatran|Stealth Rock|p2a: Just try
|-sidestart|p2: widetomato|move: Stealth Rock
|
|-heal|p1a: Heatran|282\/386|[from] item: Leftovers
|turn|24
|
|move|p2a: Just try|Brave Bird|p1a: Heatran
|-resisted|p1a: Heatran
|-damage|p1a: Heatran|100\/386
|-damage|p2a: Just try|259\/319|[from] recoil|[of] p1a: Heatran
|move|p1a: Heatran|Taunt|p2a: Just try
|-start|p2a: Just try|move: Taunt
|
|-heal|p1a: Heatran|124\/386|[from] item: Leftovers
|turn|25
|
|switch|p1a: Skarmory|Skarmory, F|192\/334
|move|p2a: Just try|Brave Bird|p1a: Skarmory
|-resisted|p1a: Skarmory
|-damage|p1a: Skarmory|92\/334
|-damage|p2a: Just try|206\/319|[from] item: Rocky Helmet|[of] p1a: Skarmory
|-damage|p2a: Just try|173\/319|[from] recoil|[of] p1a: Skarmory
|
|turn|26
|
|move|p2a: Just try|Flare Blitz|p1a: Skarmory
|-supereffective|p1a: Skarmory
|-damage|p1a: Skarmory|0 fnt
|-damage|p2a: Just try|120\/319|[from] item: Rocky Helmet|[of] p1a: Skarmory
|-damage|p2a: Just try|90\/319|[from] recoil|[of] p1a: Skarmory
|faint|p1a: Skarmory
|
|
|switch|p1a: Chansey|Chansey, F|704\/704
|turn|27
|
|move|p2a: Just try|Brave Bird|p1a: Chansey
|-damage|p1a: Chansey|251\/704
|-damage|p2a: Just try|0 fnt|[from] recoil|[of] p1a: Chansey
|faint|p2a: Just try
|move|p1a: Chansey|Soft-Boiled|p1a: Chansey
|-heal|p1a: Chansey|603\/704
|
|chat|uCan'tSeeMe|bluri venu+tran gewinnen das noch
|
|switch|p2a: My little power|Keldeo-Resolute|194\/323
|-damage|p2a: My little power|174\/323|[from] Stealth Rock
|turn|28
|chat|bluri|wsl jupp
|chat|bluri|wobei meij venu angeschlagen is
|chat|bluri|kommt jtz drauf an wv damage auf venu mcht
|chat|uCan'tSeeMe|jap
|chat|bluri|wird sich um kleinigkeiten entscheiden
|
|switch|p1a: Venusaur|Venusaur-Mega, F|218\/364
|move|p2a: My little power|Secret Sword|p1a: Venusaur
|-resisted|p1a: Venusaur
|-damage|p1a: Venusaur|120\/364
|
|turn|29
|
|switch|p2a: 1.5xMeteor|Latios, M|205\/302
|-damage|p2a: 1.5xMeteor|168\/302|[from] Stealth Rock
|move|p1a: Venusaur|Synthesis|p1a: Venusaur
|-heal|p1a: Venusaur|302\/364
|
|turn|30
|chat|bluri|phew glpck gehabt :D
|chat|uCan'tSeeMe|nice roll
|
|switch|p1a: Heatran|Heatran, M|124\/386
|move|p2a: 1.5xMeteor|Psyshock|p1a: Heatran
|-resisted|p1a: Heatran
|-damage|p1a: Heatran|33\/386
|-damage|p2a: 1.5xMeteor|138\/302|[from] item: Life Orb
|
|-heal|p1a: Heatran|57\/386|[from] item: Leftovers
|turn|31
|chat|uCan'tSeeMe|mach tarnsteine
|
|move|p1a: Heatran|Protect|p1a: Heatran
|-singleturn|p1a: Heatran|Protect
|move|p2a: 1.5xMeteor|Defog|p1a: Heatran
|-activate|p1a: Heatran|Protect
|
|-heal|p1a: Heatran|81\/386|[from] item: Leftovers
|turn|32
|chat|uCan'tSeeMe|imo
|chat|uCan'tSeeMe|jap
|
|switch|p1a: Chansey|Chansey, F|603\/704
|move|p2a: 1.5xMeteor|Psyshock|p1a: Chansey
|-damage|p1a: Chansey|350\/704
|-damage|p2a: 1.5xMeteor|108\/302|[from] item: Life Orb
|
|turn|33
|
|move|p2a: 1.5xMeteor|Defog|p1a: Chansey
|-unboost|p1a: Chansey|evasion|1
|-sideend|p2: widetomato|Stealth Rock|[from] move: Defog|[of] p2a: 1.5xMeteor
|move|p1a: Chansey|Soft-Boiled|p1a: Chansey
|-heal|p1a: Chansey|702\/704
|
|turn|34
|chat|bluri|lel :D
|
|switch|p2a: Hurricane beach|Tyranitar, F|328\/403 tox
|-weather|Sandstorm
|move|p1a: Chansey|Toxic|p2a: Hurricane beach
|-fail|p2a: Hurricane beach|tox
|
|-weather|Sandstorm|[upkeep]
|-damage|p1a: Chansey|658\/704|[from] sandstorm
|-damage|p2a: Hurricane beach|303\/403 tox|[from] psn
|turn|35
|chat|uCan'tSeeMe|zard muss tot sein
|chat|bluri|jupp wenn zard tod is sicher gewonnen
|
|move|p2a: Hurricane beach|Stealth Rock|p1a: Chansey
|-sidestart|p1: bluri|move: Stealth Rock
|move|p1a: Chansey|Seismic Toss|p2a: Hurricane beach
|-damage|p2a: Hurricane beach|203\/403 tox
|
|-weather|Sandstorm|[upkeep]
|-damage|p1a: Chansey|614\/704|[from] sandstorm
|-damage|p2a: Hurricane beach|153\/403 tox|[from] psn
|turn|36
|
|move|p2a: Hurricane beach|Stone Edge|p1a: Chansey
|-damage|p1a: Chansey|406\/704
|move|p1a: Chansey|Soft-Boiled|p1a: Chansey
|-heal|p1a: Chansey|704\/704
|
|-weather|Sandstorm|[upkeep]
|-damage|p1a: Chansey|660\/704|[from] sandstorm
|-damage|p2a: Hurricane beach|78\/403 tox|[from] psn
|turn|37
|chat|uCan'tSeeMe|wer von dir hat steine?
|chat|bluri|heatran
|
|switch|p2a: My little power|Keldeo-Resolute|174\/323
|move|p1a: Chansey|Soft-Boiled|p1a: Chansey
|-heal|p1a: Chansey|704\/704
|
|-weather|Sandstorm|[upkeep]
|-damage|p2a: My little power|154\/323|[from] sandstorm
|-damage|p1a: Chansey|660\/704|[from] sandstorm
|turn|38
|
|switch|p1a: Heatran|Heatran, M|81\/386
|-damage|p1a: Heatran|33\/386|[from] Stealth Rock
|move|p2a: My little power|Secret Sword|p1a: Heatran
|-supereffective|p1a: Heatran
|-damage|p1a: Heatran|0 fnt
|faint|p1a: Heatran
|
|-weather|Sandstorm|[upkeep]
|-damage|p2a: My little power|134\/323|[from] sandstorm
|
|switch|p1a: Venusaur|Venusaur-Mega, F|302\/364
|-damage|p1a: Venusaur|257\/364|[from] Stealth Rock
|turn|39
|
|switch|p2a: Hurricane beach|Tyranitar, F|78\/403 tox
|move|p1a: Venusaur|Sludge Bomb|p2a: Hurricane beach
|-resisted|p2a: Hurricane beach
|-damage|p2a: Hurricane beach|33\/403 tox
|
|-weather|Sandstorm|[upkeep]
|-damage|p1a: Venusaur|235\/364|[from] sandstorm
|-damage|p2a: Hurricane beach|8\/403 tox|[from] psn
|turn|40
|
|move|p1a: Venusaur|Giga Drain|p2a: Hurricane beach
|-supereffective|p2a: Hurricane beach
|-damage|p2a: Hurricane beach|0 fnt
|-heal|p1a: Venusaur|239\/364|[from] drain|[of] p2a: Hurricane beach
|faint|p2a: Hurricane beach
|
|-weather|Sandstorm|[upkeep]
|-damage|p1a: Venusaur|217\/364|[from] sandstorm
|
|switch|p2a: 1.5xMeteor|Latios, M|108\/302
|turn|41
|
|switch|p2a: My little power|Keldeo-Resolute|134\/323
|switch|p1a: Chansey|Chansey, F|660\/704
|-damage|p1a: Chansey|572\/704|[from] Stealth Rock
|
|-weather|none
|turn|42
|
|switch|p1a: Venusaur|Venusaur-Mega, F|217\/364
|-damage|p1a: Venusaur|172\/364|[from] Stealth Rock
|move|p2a: My little power|Secret Sword|p1a: Venusaur
|-resisted|p1a: Venusaur
|-damage|p1a: Venusaur|72\/364
|
|turn|43
|
|move|p2a: My little power|Secret Sword|p1a: Venusaur
|-resisted|p1a: Venusaur
|-damage|p1a: Venusaur|0 fnt
|faint|p1a: Venusaur
|
|chat|bluri|einzige prob hat keldeo gemacht und das hÃ¤tt ich gefickt mit suicune :D
|
|switch|p1a: Chansey|Chansey, F|572\/704
|-damage|p1a: Chansey|484\/704|[from] Stealth Rock
|turn|44
|
|move|p2a: My little power|Secret Sword|p1a: Chansey
|-supereffective|p1a: Chansey
|-damage|p1a: Chansey|0 fnt
|faint|p1a: Chansey
|
|win|widetomato
|raw|Ladder updating...
|raw|bluri's rating: 1776 &rarr; <strong>1758<\/strong><br \/>(-18 for losing)
|raw|widetomato's rating: 1816 &rarr; <strong>1834<\/strong><br \/>(+18 for winning)
|chat|uCan'tSeeMe|stimmt
|chat|uCan'tSeeMe|:\/
|chat|uCan'tSeeMe|lappen
|chat|widetomato|GG!
|chat|uCan'tSeeMe|lol
|chat|uCan'tSeeMe|gg
|chat|bluri|wenn mein gegner normal predicten kÃ¶nnte :D
|chat|bluri|gg
|leave|bluri
|player|p1
|leave|uCan'tSeeMe