|join|WideTomato
|join|u got terrakion'ed
|player|p1|WideTomato|101
|player|p2|u got terrakion'ed|167
|gametype|singles
|gen|6
|tier|OU
|rated
|clearpoke
|poke|p1|Charizard, F
|poke|p1|Keldeo-Resolute
|poke|p1|Latios, M
|poke|p1|Talonflame, F
|poke|p1|Tyranitar, M
|poke|p1|Excadrill, M
|poke|p2|Slowbro, F
|poke|p2|Latios, M
|poke|p2|Heatran, F
|poke|p2|Scizor, M
|poke|p2|Clefable, F
|poke|p2|Terrakion
|rule|Swagger Clause: Swagger is banned
|rule|Baton Pass Clause: Limit one PokÃ©mon knowing Baton Pass
|rule|Sleep Clause Mod: Limit one foe put to sleep
|rule|Species Clause: Limit one of each PokÃ©mon
|rule|OHKO Clause: OHKO moves are banned
|rule|Moody Clause: Moody is banned
|rule|Evasion Moves Clause: Evasion moves are banned
|rule|Endless Battle Clause: Forcing endless battles is banned
|rule|HP Percentage Mod: HP is shown in percentages
|teampreview
|join|aaabs
|
|start
|switch|p1a: Hurricane beach|Tyranitar, M|403\/403
|switch|p2a: Slowbroed what els|Slowbro, F|394\/394
|-weather|Sandstorm
|turn|1
|
|move|p1a: Hurricane beach|Stealth Rock|p2a: Slowbroed what els
|-sidestart|p2: u got terrakion'ed|move: Stealth Rock
|move|p2a: Slowbroed what els|Scald|p1a: Hurricane beach
|-supereffective|p1a: Hurricane beach
|-damage|p1a: Hurricane beach|287\/403
|
|-weather|Sandstorm|[upkeep]
|-damage|p2a: Slowbroed what els|370\/394|[from] sandstorm
|-heal|p2a: Slowbroed what els|394\/394|[from] item: Leftovers
|turn|2
|join|jake5alt
|
|move|p1a: Hurricane beach|Pursuit|p2a: Slowbroed what els
|-supereffective|p2a: Slowbroed what els
|-damage|p2a: Slowbroed what els|308\/394
|move|p2a: Slowbroed what els|Scald|p1a: Hurricane beach
|-supereffective|p1a: Hurricane beach
|-damage|p1a: Hurricane beach|155\/403
|
|-weather|Sandstorm|[upkeep]
|-damage|p2a: Slowbroed what els|284\/394|[from] sandstorm
|-heal|p2a: Slowbroed what els|308\/394|[from] item: Leftovers
|turn|3
|
|switch|p1a: FINALY DRAGON|Charizard, F|297\/297
|switch|p2a: wall|Heatran, F|385\/385
|-damage|p2a: wall|337\/385|[from] Stealth Rock
|
|-weather|Sandstorm|[upkeep]
|-damage|p1a: FINALY DRAGON|279\/297|[from] sandstorm
|-heal|p2a: wall|361\/385|[from] item: Leftovers
|turn|4
|
|detailschange|p1a: FINALY DRAGON|Charizard-Mega-Y, F
|message|Charizard has Mega Evolved into Mega Charizard!
|-weather|SunnyDay
|move|p1a: FINALY DRAGON|Focus Blast|p2a: wall
|-supereffective|p2a: wall
|-damage|p2a: wall|149\/385
|move|p2a: wall|Toxic|p1a: FINALY DRAGON
|-status|p1a: FINALY DRAGON|tox
|
|-weather|SunnyDay|[upkeep]
|-heal|p2a: wall|173\/385|[from] item: Leftovers
|-damage|p1a: FINALY DRAGON|261\/297 tox|[from] psn
|turn|5
|
|switch|p1a: My little power|Keldeo-Resolute|323\/323
|move|p2a: wall|Protect|p2a: wall
|-fail|p2a: wall
|
|-weather|SunnyDay|[upkeep]
|-heal|p2a: wall|197\/385|[from] item: Leftovers
|turn|6
|
|switch|p1a: FINALY DRAGON|Charizard-Mega-Y, F|261\/297 tox
|move|p2a: wall|Protect|p2a: wall
|-fail|p2a: wall
|
|-weather|SunnyDay|[upkeep]
|-heal|p2a: wall|221\/385|[from] item: Leftovers
|-damage|p1a: FINALY DRAGON|243\/297 tox|[from] psn
|turn|7
|
|move|p2a: wall|Protect|p2a: wall
|-singleturn|p2a: wall|Protect
|move|p1a: FINALY DRAGON|Focus Blast|p2a: wall
|-activate|p2a: wall|Protect
|
|-weather|SunnyDay|[upkeep]
|-heal|p2a: wall|245\/385|[from] item: Leftovers
|-damage|p1a: FINALY DRAGON|207\/297 tox|[from] psn
|turn|8
|
|move|p1a: FINALY DRAGON|Focus Blast|p2a: wall|[miss]
|-miss|p1a: FINALY DRAGON|p2a: wall
|move|p2a: wall|Stealth Rock|p1a: FINALY DRAGON
|-sidestart|p1: WideTomato|move: Stealth Rock
|
|-weather|none
|-heal|p2a: wall|269\/385|[from] item: Leftovers
|-damage|p1a: FINALY DRAGON|153\/297 tox|[from] psn
|turn|9
|
|switch|p1a: My little power|Keldeo-Resolute|323\/323
|-damage|p1a: My little power|303\/323|[from] Stealth Rock
|move|p2a: wall|Lava Plume|p1a: My little power
|-resisted|p1a: My little power
|-damage|p1a: My little power|241\/323
|
|-heal|p2a: wall|293\/385|[from] item: Leftovers
|turn|10
|
|move|p2a: wall|Protect|p2a: wall
|-singleturn|p2a: wall|Protect
|move|p1a: My little power|Hydro Pump|p2a: wall
|-activate|p2a: wall|Protect
|
|-heal|p2a: wall|317\/385|[from] item: Leftovers
|turn|11
|
|switch|p1a: 1.5xMeteor|Latios, M|302\/302
|-damage|p1a: 1.5xMeteor|265\/302|[from] Stealth Rock
|switch|p2a: forrest gump|Latios, M|302\/302
|-damage|p2a: forrest gump|265\/302|[from] Stealth Rock
|
|turn|12
|
|switch|p1a: FINALY DRAGON|Charizard-Mega-Y, F|153\/297 tox
|-damage|p1a: FINALY DRAGON|5\/297 tox|[from] Stealth Rock
|-weather|SunnyDay
|move|p2a: forrest gump|Draco Meteor|p1a: FINALY DRAGON|[miss]
|-miss|p2a: forrest gump|p1a: FINALY DRAGON
|
|-weather|SunnyDay|[upkeep]
|-damage|p1a: FINALY DRAGON|0 fnt|[from] psn
|faint|p1a: FINALY DRAGON
|
|switch|p1a: Hurricane beach|Tyranitar, M|155\/403
|-damage|p1a: Hurricane beach|105\/403|[from] Stealth Rock
|-weather|Sandstorm
|turn|13
|
|move|p2a: forrest gump|Draco Meteor|p1a: Hurricane beach
|-damage|p1a: Hurricane beach|0 fnt
|-unboost|p2a: forrest gump|spa|2
|faint|p1a: Hurricane beach
|
|-weather|Sandstorm|[upkeep]
|-damage|p2a: forrest gump|247\/302|[from] sandstorm
|
|switch|p1a: WAYAUUU|Excadrill, M|362\/362
|-damage|p1a: WAYAUUU|351\/362|[from] Stealth Rock
|turn|14
|
|switch|p2a: Slowbroed what els|Slowbro, F|394\/394
|-damage|p2a: Slowbroed what els|345\/394|[from] Stealth Rock
|move|p1a: WAYAUUU|Swords Dance|p1a: WAYAUUU
|-boost|p1a: WAYAUUU|atk|2
|
|-weather|Sandstorm|[upkeep]
|-damage|p2a: Slowbroed what els|321\/394|[from] sandstorm
|-heal|p2a: Slowbroed what els|345\/394|[from] item: Leftovers
|turn|15
|
|switch|p2a: boosts|Clefable, F|394\/394
|move|p1a: WAYAUUU|Earthquake|p2a: boosts
|-damage|p2a: boosts|0 fnt
|-damage|p1a: WAYAUUU|315\/362|[from] item: Life Orb
|faint|p2a: boosts
|
|-weather|Sandstorm|[upkeep]
|join|Puralux
|
|switch|p2a: wall|Heatran, F|317\/385
|-damage|p2a: wall|269\/385|[from] Stealth Rock
|turn|16
|
|move|p2a: wall|Protect|p2a: wall
|-singleturn|p2a: wall|Protect
|move|p1a: WAYAUUU|Iron Head|p2a: wall
|-activate|p2a: wall|Protect
|
|-weather|Sandstorm|[upkeep]
|-heal|p2a: wall|293\/385|[from] item: Leftovers
|turn|17
|join|dem0nreap3r
|
|move|p2a: wall|Protect|p2a: wall
|-singleturn|p2a: wall|Protect
|move|p1a: WAYAUUU|Earthquake|p2a: wall
|-activate|p2a: wall|Protect
|
|-weather|Sandstorm|[upkeep]
|-heal|p2a: wall|317\/385|[from] item: Leftovers
|turn|18
|
|move|p2a: wall|Protect|p2a: wall
|-fail|p2a: wall
|move|p1a: WAYAUUU|Iron Head|p2a: wall
|-resisted|p2a: wall
|-damage|p2a: wall|213\/385
|-damage|p1a: WAYAUUU|279\/362|[from] item: Life Orb
|
|-weather|Sandstorm|[upkeep]
|-heal|p2a: wall|237\/385|[from] item: Leftovers
|turn|19
|chat|u got terrakion'ed|wow..
|
|move|p2a: wall|Protect|p2a: wall
|-singleturn|p2a: wall|Protect
|move|p1a: WAYAUUU|Iron Head|p2a: wall
|-activate|p2a: wall|Protect
|
|-weather|Sandstorm|[upkeep]
|-heal|p2a: wall|261\/385|[from] item: Leftovers
|turn|20
|
|switch|p2a: indestructible|Scizor, M|342\/342
|-damage|p2a: indestructible|300\/342|[from] Stealth Rock
|move|p1a: WAYAUUU|Earthquake|p2a: indestructible
|-damage|p2a: indestructible|0 fnt
|-damage|p1a: WAYAUUU|243\/362|[from] item: Life Orb
|faint|p2a: indestructible
|
|-weather|none
|
|switch|p2a: come at me|Terrakion|324\/324
|-damage|p2a: come at me|304\/324|[from] Stealth Rock
|turn|21
|
|move|p2a: come at me|Close Combat|p1a: WAYAUUU
|-supereffective|p1a: WAYAUUU
|-damage|p1a: WAYAUUU|0 fnt
|-unboost|p2a: come at me|def|1
|-unboost|p2a: come at me|spd|1
|faint|p1a: WAYAUUU
|
|
|switch|p1a: 1.5xMeteor|Latios, M|265\/302
|-damage|p1a: 1.5xMeteor|228\/302|[from] Stealth Rock
|turn|22
|
|switch|p2a: wall|Heatran, F|261\/385
|-damage|p2a: wall|213\/385|[from] Stealth Rock
|move|p1a: 1.5xMeteor|Thunderbolt|p2a: wall
|-damage|p2a: wall|112\/385
|-damage|p1a: 1.5xMeteor|198\/302|[from] item: Life Orb
|
|-heal|p2a: wall|136\/385|[from] item: Leftovers
|turn|23
|
|move|p1a: 1.5xMeteor|Thunderbolt|p2a: wall
|-damage|p2a: wall|46\/385
|-damage|p1a: 1.5xMeteor|168\/302|[from] item: Life Orb
|move|p2a: wall|Toxic|p1a: 1.5xMeteor
|-status|p1a: 1.5xMeteor|tox
|
|-heal|p2a: wall|70\/385|[from] item: Leftovers
|-damage|p1a: 1.5xMeteor|150\/302 tox|[from] psn
|turn|24
|
|move|p2a: wall|Protect|p2a: wall
|-singleturn|p2a: wall|Protect
|move|p1a: 1.5xMeteor|Defog|p2a: wall
|-activate|p2a: wall|Protect
|
|-heal|p2a: wall|94\/385|[from] item: Leftovers
|-damage|p1a: 1.5xMeteor|114\/302 tox|[from] psn
|turn|25
|
|move|p1a: 1.5xMeteor|Thunderbolt|p2a: wall
|-damage|p2a: wall|4\/385
|-damage|p1a: 1.5xMeteor|84\/302 tox|[from] item: Life Orb
|move|p2a: wall|Stealth Rock|p1a: 1.5xMeteor
|-fail|p1a: 1.5xMeteor
|
|-heal|p2a: wall|28\/385|[from] item: Leftovers
|-damage|p1a: 1.5xMeteor|30\/302 tox|[from] psn
|turn|26
|
|move|p2a: wall|Protect|p2a: wall
|-singleturn|p2a: wall|Protect
|move|p1a: 1.5xMeteor|Thunderbolt|p2a: wall
|-activate|p2a: wall|Protect
|
|-heal|p2a: wall|52\/385|[from] item: Leftovers
|-damage|p1a: 1.5xMeteor|0 fnt|[from] psn
|faint|p1a: 1.5xMeteor
|
|switch|p1a: Just try|Talonflame, F|319\/319
|-damage|p1a: Just try|160\/319|[from] Stealth Rock
|turn|27
|
|move|p1a: Just try|Roost|p1a: Just try
|-heal|p1a: Just try|319\/319
|move|p2a: wall|Toxic|p1a: Just try
|-status|p1a: Just try|tox
|
|-heal|p2a: wall|76\/385|[from] item: Leftovers
|-damage|p1a: Just try|300\/319 tox|[from] psn
|turn|28
|-message|WideTomato forfeited.
|
|win|u got terrakion'ed
|raw|Ladder updating...
|leave|WideTomato
|player|p1
|raw|WideTomato's rating: 1867 &rarr; <strong>1852<\/strong><br \/>(-15 for losing)
|raw|u got terrakion&apos;ed's rating: 1951 &rarr; <strong>1967<\/strong><br \/>(+16 for winning)
|leave|u got terrakion'ed
|player|p2