|join|Theon Stark
|join|widetomato
|player|p1|Theon Stark|54
|player|p2|widetomato|101
|gametype|singles
|gen|6
|tier|OU
|rated
|clearpoke
|poke|p1|Pachirisu, F, shiny
|poke|p1|Abomasnow, M
|poke|p1|Gyarados, M, shiny
|poke|p1|Heatran, M
|poke|p1|Donphan, M
|poke|p1|Clefable, F
|poke|p2|Charizard, M
|poke|p2|Keldeo-Resolute
|poke|p2|Latios, M
|poke|p2|Talonflame, F
|poke|p2|Tyranitar, M
|poke|p2|Excadrill, M
|rule|Swagger Clause: Swagger is banned
|rule|Baton Pass Clause: Limit one PokÃ©mon knowing Baton Pass
|rule|Sleep Clause Mod: Limit one foe put to sleep
|rule|Species Clause: Limit one of each PokÃ©mon
|rule|OHKO Clause: OHKO moves are banned
|rule|Moody Clause: Moody is banned
|rule|Evasion Moves Clause: Evasion moves are banned
|rule|Endless Battle Clause: Forcing endless battles is banned
|rule|HP Percentage Mod: HP is shown in percentages
|teampreview
|
|start
|switch|p1a: Fire Boss|Heatran, M|323\/323
|switch|p2a: My little power|Keldeo-Resolute|323\/323
|turn|1
|
|switch|p1a: Furia Roja|Gyarados, M, shiny|393\/393
|-ability|p1a: Furia Roja|Intimidate|[of] p2a: My little power
|-unboost|p2a: My little power|atk|1
|move|p2a: My little power|Scald|p1a: Furia Roja
|-resisted|p1a: Furia Roja
|-damage|p1a: Furia Roja|278\/393
|
|-heal|p1a: Furia Roja|302\/393|[from] item: Leftovers
|turn|2
|
|move|p2a: My little power|Scald|p1a: Furia Roja
|-resisted|p1a: Furia Roja
|-damage|p1a: Furia Roja|191\/393
|-status|p1a: Furia Roja|brn
|move|p1a: Furia Roja|Waterfall|p2a: My little power
|-resisted|p2a: My little power
|-damage|p2a: My little power|290\/323
|
|-heal|p1a: Furia Roja|215\/393 brn|[from] item: Leftovers
|-damage|p1a: Furia Roja|166\/393 brn|[from] brn
|turn|3
|
|switch|p2a: Hurricane beach|Tyranitar, M|403\/403
|-weather|Sandstorm
|move|p1a: Furia Roja|Rest|p1a: Furia Roja
|-status|p1a: Furia Roja|slp
|-heal|p1a: Furia Roja|393\/393 slp|[silent]
|-status|p1a: Furia Roja|slp|[from] move: Rest
|
|-weather|Sandstorm|[upkeep]
|-damage|p1a: Furia Roja|369\/393 slp|[from] sandstorm
|-heal|p1a: Furia Roja|393\/393 slp|[from] item: Leftovers
|turn|4
|
|cant|p1a: Furia Roja|slp
|move|p1a: Furia Roja|Sleep Talk|p1a: Furia Roja
|move|p1a: Furia Roja|Waterfall|p2a: Hurricane beach|[from]Sleep Talk
|-supereffective|p2a: Hurricane beach
|-damage|p2a: Hurricane beach|263\/403
|move|p2a: Hurricane beach|Stealth Rock|p1a: Furia Roja
|-sidestart|p1: Theon Stark|move: Stealth Rock
|
|-weather|Sandstorm|[upkeep]
|-damage|p1a: Furia Roja|369\/393 slp|[from] sandstorm
|-heal|p1a: Furia Roja|393\/393 slp|[from] item: Leftovers
|turn|5
|
|cant|p1a: Furia Roja|slp
|move|p1a: Furia Roja|Sleep Talk|p1a: Furia Roja
|move|p1a: Furia Roja|Rest|p1a: Furia Roja|[from]Sleep Talk
|-fail|p1a: Furia Roja
|move|p2a: Hurricane beach|Stone Edge|p1a: Furia Roja
|-crit|p1a: Furia Roja
|-supereffective|p1a: Furia Roja
|-damage|p1a: Furia Roja|1\/393 slp
|
|-weather|Sandstorm|[upkeep]
|-damage|p1a: Furia Roja|0 fnt|[from] sandstorm
|faint|p1a: Furia Roja
|c|âTheon Stark|....
|
|switch|p1a: Trollphan|Donphan, M|384\/384
|-damage|p1a: Trollphan|360\/384|[from] Stealth Rock
|turn|6
|
|move|p2a: Hurricane beach|Ice Beam|p1a: Trollphan
|-supereffective|p1a: Trollphan
|-damage|p1a: Trollphan|158\/384
|move|p1a: Trollphan|Rapid Spin|p2a: Hurricane beach
|-resisted|p2a: Hurricane beach
|-damage|p2a: Hurricane beach|256\/403
|-sideend|p1: Theon Stark|Stealth Rock|[from] move: Rapid Spin|[of] p1a: Trollphan
|
|-weather|Sandstorm|[upkeep]
|-heal|p1a: Trollphan|182\/384|[from] item: Leftovers
|turn|7
|c|âwidetomato|sorry :\/
|
|switch|p1a: Fabiole|Clefable, F|394\/394
|move|p2a: Hurricane beach|Ice Beam|p1a: Fabiole
|-damage|p1a: Fabiole|323\/394
|
|-weather|Sandstorm|[upkeep]
|turn|8
|
|move|p1a: Fabiole|Moonblast|p2a: Hurricane beach
|-supereffective|p2a: Hurricane beach
|-damage|p2a: Hurricane beach|12\/403
|move|p2a: Hurricane beach|Stealth Rock|p1a: Fabiole
|-sidestart|p1: Theon Stark|move: Stealth Rock
|
|-weather|Sandstorm|[upkeep]
|turn|9
|
|switch|p2a: FINALY DRAGON|Charizard, M|297\/297
|move|p1a: Fabiole|Stealth Rock|p2a: FINALY DRAGON
|-sidestart|p2: widetomato|move: Stealth Rock
|
|-weather|Sandstorm|[upkeep]
|-damage|p2a: FINALY DRAGON|279\/297|[from] sandstorm
|turn|10
|
|switch|p1a: Fire Boss|Heatran, M|323\/323
|-damage|p1a: Fire Boss|283\/323|[from] Stealth Rock
|detailschange|p2a: FINALY DRAGON|Charizard-Mega-Y, M
|message|Charizard has Mega Evolved into Mega Charizard!
|-weather|SunnyDay
|move|p2a: FINALY DRAGON|Fire Blast|p1a: Fire Boss
|-start|p1a: Fire Boss|ability: Flash Fire
|
|-weather|SunnyDay|[upkeep]
|-heal|p1a: Fire Boss|303\/323|[from] item: Leftovers
|turn|11
|
|switch|p2a: My little power|Keldeo-Resolute|290\/323
|-damage|p2a: My little power|270\/323|[from] Stealth Rock
|move|p1a: Fire Boss|Magma Storm|p2a: My little power
|-resisted|p2a: My little power
|-damage|p2a: My little power|40\/323
|-activate|p2a: My little power|move: Magma Storm|[of] p1a: Fire Boss
|
|-weather|SunnyDay|[upkeep]
|-heal|p1a: Fire Boss|323\/323|[from] item: Leftovers
|-damage|p2a: My little power|0 fnt|[from] move: Magma Storm|[partiallytrapped]
|faint|p2a: My little power
|join|Henry
|
|switch|p2a: WAYAUUU|Excadrill, M|362\/362
|-damage|p2a: WAYAUUU|351\/362|[from] Stealth Rock
|turn|12
|
|move|p1a: Fire Boss|Magma Storm|p2a: WAYAUUU
|-supereffective|p2a: WAYAUUU
|-damage|p2a: WAYAUUU|0 fnt
|faint|p2a: WAYAUUU
|
|-weather|SunnyDay|[upkeep]
|join|yuy
|
|switch|p2a: 1.5xMeteor|Latios, M|302\/302
|-damage|p2a: 1.5xMeteor|265\/302|[from] Stealth Rock
|turn|13
|
|move|p2a: 1.5xMeteor|Defog|p1a: Fire Boss
|-unboost|p1a: Fire Boss|evasion|1
|-sideend|p1: Theon Stark|Stealth Rock|[from] move: Defog|[of] p1a: Fire Boss
|-sideend|p2: widetomato|Stealth Rock|[from] move: Defog|[of] p2a: 1.5xMeteor
|move|p1a: Fire Boss|Magma Storm|p2a: 1.5xMeteor
|-resisted|p2a: 1.5xMeteor
|-damage|p2a: 1.5xMeteor|82\/302
|-activate|p2a: 1.5xMeteor|move: Magma Storm|[of] p1a: Fire Boss
|
|-weather|SunnyDay|[upkeep]
|-damage|p2a: 1.5xMeteor|45\/302|[from] move: Magma Storm|[partiallytrapped]
|turn|14
|
|move|p2a: 1.5xMeteor|Draco Meteor|p1a: Fire Boss
|-resisted|p1a: Fire Boss
|-damage|p1a: Fire Boss|172\/323
|-unboost|p2a: 1.5xMeteor|spa|2
|-damage|p2a: 1.5xMeteor|15\/302|[from] item: Life Orb
|move|p1a: Fire Boss|Will-O-Wisp|p2a: 1.5xMeteor
|-status|p2a: 1.5xMeteor|brn
|
|-weather|none
|-heal|p1a: Fire Boss|192\/323|[from] item: Leftovers
|-damage|p2a: 1.5xMeteor|0 fnt|[from] brn
|faint|p2a: 1.5xMeteor
|
|switch|p2a: FINALY DRAGON|Charizard-Mega-Y, M|279\/297
|-weather|SunnyDay
|turn|15
|
|switch|p1a: Chipachipa|Pachirisu, F, shiny|323\/323
|move|p2a: FINALY DRAGON|Focus Blast|p1a: Chipachipa
|-damage|p1a: Chipachipa|230\/323
|
|-weather|SunnyDay|[upkeep]
|turn|16
|join|10co
|
|move|p2a: FINALY DRAGON|Fire Blast|p1a: Chipachipa
|-damage|p1a: Chipachipa|61\/323
|-status|p1a: Chipachipa|brn
|move|p1a: Chipachipa|Nuzzle|p2a: FINALY DRAGON
|-supereffective|p2a: FINALY DRAGON
|-damage|p2a: FINALY DRAGON|265\/297
|-status|p2a: FINALY DRAGON|par
|
|-weather|SunnyDay|[upkeep]
|-damage|p1a: Chipachipa|21\/323 brn|[from] brn
|turn|17
|c| Henry|holy shit
|join|Biz
|-message|widetomato forfeited.
|
|win|Theon Stark
|raw|Ladder updating...
|leave|widetomato
|player|p2
|raw|Theon Stark's rating: 1831 &rarr; <strong>1848<\/strong><br \/>(+17 for winning)
|raw|widetomato's rating: 1780 &rarr; <strong>1763<\/strong><br \/>(-17 for losing)
|c| Henry|that didn't do jack shit