|join|Aka DH
|join|widetomato
|player|p1|Aka DH|68
|player|p2|widetomato|101
|gametype|singles
|gen|6
|tier|OU
|rated
|clearpoke
|poke|p1|Bisharp, M
|poke|p1|Venusaur, M
|poke|p1|Heatran, M
|poke|p1|Keldeo
|poke|p1|Chansey, F
|poke|p1|Skarmory, F
|poke|p2|Metagross
|poke|p2|Garchomp, F
|poke|p2|Magnezone
|poke|p2|Azumarill, F
|poke|p2|Salamence, F
|poke|p2|Latios, M
|rule|Swagger Clause: Swagger is banned
|rule|Baton Pass Clause: Limit one PokÃ©mon knowing Baton Pass
|rule|Sleep Clause Mod: Limit one foe put to sleep
|rule|Species Clause: Limit one of each PokÃ©mon
|rule|OHKO Clause: OHKO moves are banned
|rule|Moody Clause: Moody is banned
|rule|Evasion Moves Clause: Evasion moves are banned
|rule|Endless Battle Clause: Forcing endless battles is banned
|rule|HP Percentage Mod: HP is shown in percentages
|teampreview
|join|i came from leddit
|c| i came from leddit|go bloody!
|
|start
|switch|p1a: Appreciation|Heatran, M|340\/340
|switch|p2a: Deffoging toy|Latios, M|302\/302
|-item|p1a: Appreciation|Air Balloon
|turn|1
|
|move|p2a: Deffoging toy|Draco Meteor|p1a: Appreciation
|-resisted|p1a: Appreciation
|-damage|p1a: Appreciation|169\/340
|-enditem|p1a: Appreciation|Air Balloon
|-unboost|p2a: Deffoging toy|spa|2
|move|p1a: Appreciation|Stealth Rock|p2a: Deffoging toy
|-sidestart|p2: widetomato|move: Stealth Rock
|
|turn|2
|
|switch|p2a: Fast toy|Garchomp, F|358\/358
|-damage|p2a: Fast toy|336\/358|[from] Stealth Rock
|move|p1a: Appreciation|Toxic|p2a: Fast toy
|-status|p2a: Fast toy|tox
|
|-damage|p2a: Fast toy|314\/358 tox|[from] psn
|turn|3
|
|switch|p1a: RIP Cleaner|Chansey, F|684\/684
|move|p2a: Fast toy|Stealth Rock|p1a: RIP Cleaner
|-sidestart|p1: Aka DH|move: Stealth Rock
|
|-damage|p2a: Fast toy|270\/358 tox|[from] psn
|turn|4
|
|move|p2a: Fast toy|Swords Dance|p2a: Fast toy
|-boost|p2a: Fast toy|atk|2
|move|p1a: RIP Cleaner|Seismic Toss|p2a: Fast toy
|-damage|p2a: Fast toy|170\/358 tox
|-damage|p1a: RIP Cleaner|599\/684|[from] ability: Rough Skin|[of] p2a: Fast toy
|
|-damage|p2a: Fast toy|104\/358 tox|[from] psn
|turn|5
|
|switch|p1a: Appreciation|Heatran, M|169\/340
|-damage|p1a: Appreciation|127\/340|[from] Stealth Rock
|move|p2a: Fast toy|Outrage|p1a: Appreciation
|-resisted|p1a: Appreciation
|-damage|p1a: Appreciation|0 fnt
|faint|p1a: Appreciation
|
|-damage|p2a: Fast toy|16\/358 tox|[from] psn
|
|switch|p1a: Jake the ripper|Keldeo|323\/323
|-damage|p1a: Jake the ripper|303\/323|[from] Stealth Rock
|turn|6
|
|move|p1a: Jake the ripper|Secret Sword|p2a: Fast toy
|-damage|p2a: Fast toy|0 fnt
|faint|p2a: Fast toy
|
|-heal|p1a: Jake the ripper|323\/323|[from] item: Leftovers
|
|switch|p2a: Megnet toy|Magnezone|282\/282
|-damage|p2a: Megnet toy|265\/282|[from] Stealth Rock
|turn|7
|
|switch|p1a: RIP Cleaner|Chansey, F|599\/684
|-damage|p1a: RIP Cleaner|514\/684|[from] Stealth Rock
|move|p2a: Megnet toy|Volt Switch|p1a: RIP Cleaner
|-damage|p1a: RIP Cleaner|445\/684
|
|switch|p2a: New toy|Metagross|302\/302
|-damage|p2a: New toy|284\/302|[from] Stealth Rock
|
|turn|8
|join|Genesis9507
|join|UCAN'TSEEME
|
|detailschange|p2a: New toy|Metagross-Mega
|message|Metagross has Mega Evolved into Mega Metagross!
|move|p2a: New toy|Meteor Mash|p1a: RIP Cleaner
|-crit|p1a: RIP Cleaner
|-damage|p1a: RIP Cleaner|0 fnt
|faint|p1a: RIP Cleaner
|
|c| UCAN'TSEEME|go bloody!
|
|switch|p1a: Zenzoh|Skarmory, F|334\/334
|-damage|p1a: Zenzoh|293\/334|[from] Stealth Rock
|turn|9
|
|switch|p2a: Deffoging toy|Latios, M|302\/302
|-damage|p2a: Deffoging toy|265\/302|[from] Stealth Rock
|move|p1a: Zenzoh|Whirlwind|p2a: Deffoging toy
|drag|p2a: New toy|Metagross-Mega|284\/302
|-damage|p2a: New toy|266\/302|[from] Stealth Rock
|
|turn|10
|
|move|p2a: New toy|Zen Headbutt|p1a: Zenzoh
|-resisted|p1a: Zenzoh
|-damage|p1a: Zenzoh|224\/334
|-damage|p2a: New toy|216\/302|[from] item: Rocky Helmet|[of] p1a: Zenzoh
|move|p1a: Zenzoh|Whirlwind|p2a: New toy
|drag|p2a: Dragon toy|Salamence, F|331\/331
|-damage|p2a: Dragon toy|249\/331|[from] Stealth Rock
|
|turn|11
|
|move|p2a: Dragon toy|Fire Blast|p1a: Zenzoh
|-supereffective|p1a: Zenzoh
|-damage|p1a: Zenzoh|30\/334
|move|p1a: Zenzoh|Roost|p1a: Zenzoh
|-heal|p1a: Zenzoh|197\/334
|
|turn|12
|
|move|p2a: Dragon toy|Fire Blast|p1a: Zenzoh
|-supereffective|p1a: Zenzoh
|-damage|p1a: Zenzoh|13\/334
|move|p1a: Zenzoh|Whirlwind|p2a: Dragon toy
|drag|p2a: Megnet toy|Magnezone|265\/282
|-damage|p2a: Megnet toy|248\/282|[from] Stealth Rock
|
|turn|13
|
|move|p2a: Megnet toy|Volt Switch|p1a: Zenzoh
|-supereffective|p1a: Zenzoh
|-damage|p1a: Zenzoh|0 fnt
|faint|p1a: Zenzoh
|c| UCAN'TSEEME|alwayssleepy: fkin fanboy retard, go suk his dick
|c| UCAN'TSEEME|not bad
|c|âAka DH|!
|c| UCAN'TSEEME|bloody
|c| UCAN'TSEEME|can i suck ur dick yn
|
|switch|p2a: Strong toy|Azumarill, F|364\/364
|-damage|p2a: Strong toy|319\/364|[from] Stealth Rock
|
|
|switch|p1a: uCan'tSeeMe|Venusaur, M|364\/364
|-damage|p1a: uCan'tSeeMe|319\/364|[from] Stealth Rock
|turn|14
|
|switch|p2a: Megnet toy|Magnezone|248\/282
|-damage|p2a: Megnet toy|231\/282|[from] Stealth Rock
|detailschange|p1a: uCan'tSeeMe|Venusaur-Mega, M
|message|Venusaur has Mega Evolved into Mega Venusaur!
|move|p1a: uCan'tSeeMe|Leech Seed|p2a: Megnet toy
|-start|p2a: Megnet toy|move: Leech Seed
|
|-damage|p2a: Megnet toy|196\/282|[from] Leech Seed|[of] p1a: uCan'tSeeMe
|-heal|p1a: uCan'tSeeMe|354\/364|[silent]
|turn|15
|
|move|p2a: Megnet toy|Volt Switch|p1a: uCan'tSeeMe
|-resisted|p1a: uCan'tSeeMe
|-damage|p1a: uCan'tSeeMe|302\/364
|
|switch|p2a: New toy|Metagross-Mega|216\/302
|-damage|p2a: New toy|198\/302|[from] Stealth Rock
|move|p1a: uCan'tSeeMe|Leech Seed|p2a: New toy
|-start|p2a: New toy|move: Leech Seed
|
|-damage|p2a: New toy|161\/302|[from] Leech Seed|[of] p1a: uCan'tSeeMe
|-heal|p1a: uCan'tSeeMe|339\/364|[silent]
|turn|16
|
|switch|p2a: Megnet toy|Magnezone|196\/282
|-damage|p2a: Megnet toy|179\/282|[from] Stealth Rock
|move|p1a: uCan'tSeeMe|Hidden Power|p2a: Megnet toy
|-supereffective|p2a: Megnet toy
|-damage|p2a: Megnet toy|51\/282
|
|turn|17
|
|move|p2a: Megnet toy|Flash Cannon|p1a: uCan'tSeeMe
|-damage|p1a: uCan'tSeeMe|221\/364
|move|p1a: uCan'tSeeMe|Leech Seed|p2a: Megnet toy
|-start|p2a: Megnet toy|move: Leech Seed
|
|-damage|p2a: Megnet toy|16\/282|[from] Leech Seed|[of] p1a: uCan'tSeeMe
|-heal|p1a: uCan'tSeeMe|256\/364|[silent]
|turn|18
|
|switch|p2a: Deffoging toy|Latios, M|265\/302
|-damage|p2a: Deffoging toy|228\/302|[from] Stealth Rock
|move|p1a: uCan'tSeeMe|Synthesis|p1a: uCan'tSeeMe
|-heal|p1a: uCan'tSeeMe|364\/364
|
|turn|19
|
|move|p2a: Deffoging toy|Draco Meteor|p1a: uCan'tSeeMe
|-damage|p1a: uCan'tSeeMe|63\/364
|-unboost|p2a: Deffoging toy|spa|2
|move|p1a: uCan'tSeeMe|Synthesis|p1a: uCan'tSeeMe
|-heal|p1a: uCan'tSeeMe|245\/364
|
|turn|20
|
|switch|p2a: Megnet toy|Magnezone|16\/282
|-damage|p2a: Megnet toy|0 fnt|[from] Stealth Rock
|faint|p2a: Megnet toy
|move|p1a: uCan'tSeeMe|Hidden Power|p2: Megnet toy|[notarget]
|-notarget
|
|
|switch|p2a: Deffoging toy|Latios, M|228\/302
|-damage|p2a: Deffoging toy|191\/302|[from] Stealth Rock
|turn|21
|
|switch|p1a: Jake the ripper|Keldeo|323\/323
|-damage|p1a: Jake the ripper|303\/323|[from] Stealth Rock
|move|p2a: Deffoging toy|Draco Meteor|p1a: Jake the ripper
|-damage|p1a: Jake the ripper|0 fnt
|-unboost|p2a: Deffoging toy|spa|2
|faint|p1a: Jake the ripper
|
|
|switch|p1a: I came from leddit|Bisharp, M|334\/334
|-damage|p1a: I came from leddit|314\/334|[from] Stealth Rock
|turn|22
|
|move|p2a: Deffoging toy|Draco Meteor|p1a: I came from leddit
|-resisted|p1a: I came from leddit
|-damage|p1a: I came from leddit|191\/334
|-unboost|p2a: Deffoging toy|spa|2
|move|p1a: I came from leddit|Swords Dance|p1a: I came from leddit
|-boost|p1a: I came from leddit|atk|2
|
|-heal|p1a: I came from leddit|211\/334|[from] item: Leftovers
|turn|23
|
|move|p1a: I came from leddit|Sucker Punch|p2a: Deffoging toy
|-supereffective|p2a: Deffoging toy
|-damage|p2a: Deffoging toy|0 fnt
|faint|p2a: Deffoging toy
|
|-heal|p1a: I came from leddit|231\/334|[from] item: Leftovers
|
|switch|p2a: Strong toy|Azumarill, F|319\/364
|-damage|p2a: Strong toy|274\/364|[from] Stealth Rock
|turn|24
|
|move|p2a: Strong toy|Aqua Jet|p1a: I came from leddit
|-damage|p1a: I came from leddit|138\/334
|move|p1a: I came from leddit|Iron Head|p2a: Strong toy
|-damage|p2a: Strong toy|0 fnt
|faint|p2a: Strong toy
|
|-heal|p1a: I came from leddit|158\/334|[from] item: Leftovers
|-message|widetomato forfeited.
|
|win|Aka DH
|raw|Ladder updating...
|leave|widetomato
|player|p2
|leave|Genesis9507
|raw|Aka DH's rating: 1724 &rarr; <strong>1735<\/strong><br \/>(+11 for winning)
|raw|widetomato's rating: 1551 &rarr; <strong>1540<\/strong><br \/>(-11 for losing)