|join|Kloputzer
|join|widetomato
|player|p1|Kloputzer|72
|player|p2|widetomato|101
|gametype|singles
|gen|6
|tier|OU
|rated
|clearpoke
|poke|p1|Bisharp, F
|poke|p1|Clefable, F
|poke|p1|Venusaur, M
|poke|p1|Heatran, F
|poke|p1|Keldeo
|poke|p1|Gliscor, M
|poke|p2|Pinsir, F
|poke|p2|Keldeo
|poke|p2|Magnezone
|poke|p2|Clefable, M
|poke|p2|Mamoswine, F
|poke|p2|Latias, F
|rule|Swagger Clause: Swagger is banned
|rule|Baton Pass Clause: Limit one PokÃ©mon knowing Baton Pass
|rule|Sleep Clause Mod: Limit one foe put to sleep
|rule|Species Clause: Limit one of each PokÃ©mon
|rule|OHKO Clause: OHKO moves are banned
|rule|Moody Clause: Moody is banned
|rule|Evasion Moves Clause: Evasion moves are banned
|rule|Endless Battle Clause: Forcing endless battles is banned
|rule|HP Percentage Mod: HP is shown in percentages
|teampreview
|
|start
|switch|p1a: Venusaur|Venusaur, M|364\/364
|switch|p2a: Keldeo|Keldeo|323\/323
|turn|1
|
|switch|p2a: Magnezone|Magnezone|282\/282
|detailschange|p1a: Venusaur|Venusaur-Mega, M
|message|Venusaur has Mega Evolved into Mega Venusaur!
|move|p1a: Venusaur|Giga Drain|p2a: Magnezone
|-resisted|p2a: Magnezone
|-damage|p2a: Magnezone|222\/282
|
|turn|2
|
|move|p2a: Magnezone|Volt Switch|p1a: Venusaur
|-resisted|p1a: Venusaur
|-damage|p1a: Venusaur|320\/364
|
|switch|p2a: Latias|Latias, F|319\/319
|move|p1a: Venusaur|Sludge Bomb|p2a: Latias
|-damage|p2a: Latias|223\/319
|
|turn|3
|
|switch|p2a: Magnezone|Magnezone|222\/282
|switch|p1a: Bisharp|Bisharp, F|272\/272
|
|turn|4
|
|move|p1a: Bisharp|Sucker Punch|p2a: Magnezone
|-damage|p2a: Magnezone|54\/282
|-damage|p1a: Bisharp|245\/272|[from] item: Life Orb
|move|p2a: Magnezone|Thunderbolt|p1a: Bisharp
|-damage|p1a: Bisharp|20\/272
|
|turn|5
|
|switch|p2a: Keldeo|Keldeo|323\/323
|move|p1a: Bisharp|Sucker Punch|p2a: Keldeo
|-fail|p2a: Keldeo
|
|turn|6
|
|switch|p2a: Latias|Latias, F|223\/319
|switch|p1a: Venusaur|Venusaur-Mega, M|320\/364
|
|turn|7
|
|switch|p1a: Bisharp|Bisharp, F|20\/272
|move|p2a: Latias|Draco Meteor|p1a: Bisharp
|-resisted|p1a: Bisharp
|-damage|p1a: Bisharp|0 fnt
|-unboost|p2a: Latias|spa|2
|-damage|p2a: Latias|192\/319|[from] item: Life Orb
|faint|p1a: Bisharp
|
|
|switch|p1a: Heatran|Heatran, F|386\/386
|-item|p1a: Heatran|Air Balloon
|turn|8
|
|switch|p1a: Clefable|Clefable, F|394\/394
|move|p2a: Latias|Psyshock|p1a: Clefable
|-damage|p1a: Clefable|316\/394
|-damage|p2a: Latias|161\/319|[from] item: Life Orb
|
|-heal|p1a: Clefable|340\/394|[from] item: Leftovers
|turn|9
|
|switch|p2a: Magnezone|Magnezone|54\/282
|move|p1a: Clefable|Calm Mind|p1a: Clefable
|-boost|p1a: Clefable|spa|1
|-boost|p1a: Clefable|spd|1
|
|-heal|p1a: Clefable|364\/394|[from] item: Leftovers
|turn|10
|
|move|p2a: Magnezone|Flash Cannon|p1a: Clefable
|-supereffective|p1a: Clefable
|-damage|p1a: Clefable|166\/394
|move|p1a: Clefable|Soft-Boiled|p1a: Clefable
|-heal|p1a: Clefable|363\/394
|
|-heal|p1a: Clefable|387\/394|[from] item: Leftovers
|turn|11
|
|switch|p2a: Pinsir|Pinsir, F|271\/271
|move|p1a: Clefable|Calm Mind|p1a: Clefable
|-boost|p1a: Clefable|spa|1
|-boost|p1a: Clefable|spd|1
|
|-heal|p1a: Clefable|394\/394|[from] item: Leftovers
|turn|12
|
|detailschange|p2a: Pinsir|Pinsir-Mega, F
|message|Pinsir has Mega Evolved into Mega Pinsir!
|move|p2a: Pinsir|Frustration|p1a: Clefable
|-damage|p1a: Clefable|130\/394
|move|p1a: Clefable|Flamethrower|p2a: Pinsir
|-supereffective|p2a: Pinsir
|-damage|p2a: Pinsir|0 fnt
|faint|p2a: Pinsir
|
|-heal|p1a: Clefable|154\/394|[from] item: Leftovers
|
|switch|p2a: Mamoswine|Mamoswine, F|361\/361
|turn|13
|
|switch|p1a: Heatran|Heatran, F|386\/386
|-item|p1a: Heatran|Air Balloon
|move|p2a: Mamoswine|Earthquake|p1a: Heatran
|-immune|p1a: Heatran|[msg]
|
|turn|14
|
|switch|p2a: Magnezone|Magnezone|54\/282
|move|p1a: Heatran|Lava Plume|p2a: Magnezone
|-crit|p2a: Magnezone
|-supereffective|p2a: Magnezone
|-damage|p2a: Magnezone|0 fnt
|faint|p2a: Magnezone
|
|
|switch|p2a: Clefable|Clefable, M|394\/394
|turn|15
|
|switch|p1a: Gliscor|Gliscor, M|337\/337
|move|p2a: Clefable|Calm Mind|p2a: Clefable
|-boost|p2a: Clefable|spa|1
|-boost|p2a: Clefable|spd|1
|
|-status|p1a: Gliscor|tox|[from] item: Toxic Orb
|turn|16
|
|move|p1a: Gliscor|Taunt|p2a: Clefable
|-start|p2a: Clefable|move: Taunt
|cant|p2a: Clefable|move: Taunt|Calm Mind
|
|turn|17
|
|move|p1a: Gliscor|Knock Off|p2a: Clefable
|-resisted|p2a: Clefable
|-damage|p2a: Clefable|364\/394
|-enditem|p2a: Clefable|Leftovers|[from] move: Knock Off|[of] p1a: Gliscor
|move|p2a: Clefable|Moonblast|p1a: Gliscor
|-damage|p1a: Gliscor|201\/337 tox
|
|-heal|p1a: Gliscor|243\/337 tox|[from] ability: Poison Heal
|turn|18
|
|switch|p2a: Mamoswine|Mamoswine, F|361\/361
|move|p1a: Gliscor|Earthquake|p2a: Mamoswine
|-damage|p2a: Mamoswine|232\/361
|
|-heal|p1a: Gliscor|285\/337 tox|[from] ability: Poison Heal
|turn|19
|
|switch|p1a: Venusaur|Venusaur-Mega, M|320\/364
|move|p2a: Mamoswine|Stealth Rock|p1a: Venusaur
|-sidestart|p1: Kloputzer|move: Stealth Rock
|
|turn|20
|
|move|p2a: Mamoswine|Freeze-Dry|p1a: Venusaur
|-supereffective|p1a: Venusaur
|-damage|p1a: Venusaur|276\/364
|move|p1a: Venusaur|Giga Drain|p2a: Mamoswine
|-supereffective|p2a: Mamoswine
|-damage|p2a: Mamoswine|0 fnt
|-heal|p1a: Venusaur|364\/364|[from] drain|[of] p2a: Mamoswine
|faint|p2a: Mamoswine
|
|
|switch|p2a: Latias|Latias, F|161\/319
|turn|21
|
|switch|p1a: Clefable|Clefable, F|154\/394
|move|p2a: Latias|Psyshock|p1a: Clefable
|-damage|p1a: Clefable|5\/394
|-damage|p2a: Latias|130\/319|[from] item: Life Orb
|
|-heal|p1a: Clefable|29\/394|[from] item: Leftovers
|turn|22
|
|move|p2a: Latias|Psyshock|p1a: Clefable
|-damage|p1a: Clefable|0 fnt
|-damage|p2a: Latias|99\/319|[from] item: Life Orb
|faint|p1a: Clefable
|
|
|switch|p1a: Gliscor|Gliscor, M|285\/337 tox
|-damage|p1a: Gliscor|243\/337 tox|[from] Stealth Rock
|turn|23
|
|move|p2a: Latias|Draco Meteor|p1a: Gliscor
|-damage|p1a: Gliscor|36\/337 tox
|-unboost|p2a: Latias|spa|2
|-damage|p2a: Latias|68\/319|[from] item: Life Orb
|move|p1a: Gliscor|Knock Off|p2a: Latias
|-supereffective|p2a: Latias
|-damage|p2a: Latias|0 fnt
|-enditem|p2a: Latias|Life Orb|[from] move: Knock Off|[of] p1a: Gliscor
|faint|p2a: Latias
|
|-heal|p1a: Gliscor|78\/337 tox|[from] ability: Poison Heal
|
|switch|p2a: Keldeo|Keldeo|323\/323
|turn|24
|
|switch|p1a: Venusaur|Venusaur-Mega, M|364\/364
|-damage|p1a: Venusaur|319\/364|[from] Stealth Rock
|move|p2a: Keldeo|Scald|p1a: Venusaur
|-resisted|p1a: Venusaur
|-damage|p1a: Venusaur|245\/364
|-status|p1a: Venusaur|brn
|
|-damage|p1a: Venusaur|200\/364 brn|[from] brn
|turn|25
|
|move|p2a: Keldeo|Scald|p1a: Venusaur
|-resisted|p1a: Venusaur
|-damage|p1a: Venusaur|134\/364 brn
|move|p1a: Venusaur|Giga Drain|p2a: Keldeo
|-supereffective|p2a: Keldeo
|-damage|p2a: Keldeo|111\/323
|-heal|p1a: Venusaur|240\/364 brn|[from] drain|[of] p2a: Keldeo
|
|-damage|p1a: Venusaur|195\/364 brn|[from] brn
|turn|26
|
|move|p2a: Keldeo|Scald|p1a: Venusaur
|-resisted|p1a: Venusaur
|-damage|p1a: Venusaur|123\/364 brn
|move|p1a: Venusaur|Synthesis|p1a: Venusaur
|-heal|p1a: Venusaur|305\/364 brn
|
|-damage|p1a: Venusaur|260\/364 brn|[from] brn
|turn|27
|
|switch|p2a: Clefable|Clefable, M|364\/394
|move|p1a: Venusaur|Giga Drain|p2a: Clefable
|-damage|p2a: Clefable|246\/394
|-heal|p1a: Venusaur|319\/364 brn|[from] drain|[of] p2a: Clefable
|
|-damage|p1a: Venusaur|274\/364 brn|[from] brn
|turn|28
|
|move|p1a: Venusaur|Sludge Bomb|p2a: Clefable
|-supereffective|p2a: Clefable
|-damage|p2a: Clefable|0 fnt
|faint|p2a: Clefable
|
|-damage|p1a: Venusaur|229\/364 brn|[from] brn
|-message|widetomato forfeited.
|
|win|Kloputzer
|raw|Ladder updating...
|leave|widetomato
|player|p2
|raw|Kloputzer's rating: 1737 &rarr; <strong>1756<\/strong><br \/>(+19 for winning)
|raw|widetomato's rating: 1707 &rarr; <strong>1689<\/strong><br \/>(-18 for losing)