|join|Biz
|join|widetomato
|player|p1|Biz|264
|player|p2|widetomato|101
|gametype|singles
|gen|6
|tier|OU
|rated
|clearpoke
|poke|p1|Landorus-Therian, M, shiny
|poke|p1|Manectric, M, shiny
|poke|p1|Azumarill, M
|poke|p1|Bisharp, M
|poke|p1|Latios, M
|poke|p1|Infernape, M
|poke|p2|Charizard, F
|poke|p2|Keldeo-Resolute
|poke|p2|Latios, M
|poke|p2|Talonflame, M
|poke|p2|Tyranitar, F
|poke|p2|Excadrill, M
|rule|Swagger Clause: Swagger is banned
|rule|Baton Pass Clause: Limit one PokÃ©mon knowing Baton Pass
|rule|Sleep Clause Mod: Limit one foe put to sleep
|rule|Species Clause: Limit one of each PokÃ©mon
|rule|OHKO Clause: OHKO moves are banned
|rule|Moody Clause: Moody is banned
|rule|Evasion Moves Clause: Evasion moves are banned
|rule|Endless Battle Clause: Forcing endless battles is banned
|rule|HP Percentage Mod: HP is shown in percentages
|teampreview
|
|start
|switch|p1a: Juggernaut|Landorus-Therian, M, shiny|337\/337
|switch|p2a: 1.5xMeteor|Latios, M|302\/302
|-ability|p1a: Juggernaut|Intimidate|[of] p2a: 1.5xMeteor
|-unboost|p2a: 1.5xMeteor|atk|1
|turn|1
|
|move|p1a: Juggernaut|U-turn|p2a: 1.5xMeteor
|-supereffective|p2a: 1.5xMeteor
|-damage|p2a: 1.5xMeteor|78\/302
|
|switch|p1a: The Dark Knight|Bisharp, M|271\/271
|move|p2a: 1.5xMeteor|Draco Meteor|p1a: The Dark Knight
|-resisted|p1a: The Dark Knight
|-damage|p1a: The Dark Knight|83\/271
|-unboost|p2a: 1.5xMeteor|spa|2
|-damage|p2a: 1.5xMeteor|48\/302|[from] item: Life Orb
|
|turn|2
|
|switch|p2a: Hurricane beach|Tyranitar, F|403\/403
|-weather|Sandstorm
|move|p1a: The Dark Knight|Knock Off|p2a: Hurricane beach
|-resisted|p2a: Hurricane beach
|-damage|p2a: Hurricane beach|317\/403
|-enditem|p2a: Hurricane beach|Smooth Rock|[from] move: Knock Off|[of] p1a: The Dark Knight
|-damage|p1a: The Dark Knight|56\/271|[from] item: Life Orb
|
|-weather|Sandstorm|[upkeep]
|turn|3
|
|move|p1a: The Dark Knight|Iron Head|p2a: Hurricane beach
|-supereffective|p2a: Hurricane beach
|-damage|p2a: Hurricane beach|36\/403
|-damage|p1a: The Dark Knight|29\/271|[from] item: Life Orb
|move|p2a: Hurricane beach|Stealth Rock|p1a: The Dark Knight
|-sidestart|p1: Biz|move: Stealth Rock
|
|-weather|Sandstorm|[upkeep]
|turn|4
|join|ogrerused
|
|switch|p2a: WAYAUUU|Excadrill, M|362\/362
|move|p1a: The Dark Knight|Knock Off|p2a: WAYAUUU
|-damage|p2a: WAYAUUU|21\/362
|-enditem|p2a: WAYAUUU|Life Orb|[from] move: Knock Off|[of] p1a: The Dark Knight
|-damage|p1a: The Dark Knight|2\/271|[from] item: Life Orb
|
|-weather|Sandstorm|[upkeep]
|turn|5
|
|switch|p2a: Just try|Talonflame, M|319\/319
|move|p1a: The Dark Knight|Sucker Punch|p2a: Just try
|-fail|p2a: Just try
|
|-weather|Sandstorm|[upkeep]
|-damage|p2a: Just try|300\/319|[from] sandstorm
|turn|6
|c| ogrerused|>not telling me when youre laddering ou
|c| ogrerused|;__;
|
|move|p2a: Just try|Brave Bird|p1a: The Dark Knight
|-resisted|p1a: The Dark Knight
|-damage|p1a: The Dark Knight|0 fnt
|-damage|p2a: Just try|299\/319|[from] recoil|[of] p1a: The Dark Knight
|faint|p1a: The Dark Knight
|
|-weather|Sandstorm|[upkeep]
|-damage|p2a: Just try|280\/319|[from] sandstorm
|
|switch|p1a: Juggernaut|Landorus-Therian, M, shiny|337\/337
|-damage|p1a: Juggernaut|295\/337|[from] Stealth Rock
|-ability|p1a: Juggernaut|Intimidate|[of] p2a: Just try
|-unboost|p2a: Just try|atk|1
|turn|7
|c|âBiz|sawwy
|
|move|p1a: Juggernaut|Stone Edge|p2a: Just try
|-supereffective|p2a: Just try
|-damage|p2a: Just try|0 fnt
|faint|p2a: Just try
|
|-weather|Sandstorm|[upkeep]
|
|switch|p2a: WAYAUUU|Excadrill, M|21\/362
|turn|8
|c| etaoi|whos your rocker
|c|âBiz|nape
|
|move|p2a: WAYAUUU|Iron Head|p1a: Juggernaut
|-damage|p1a: Juggernaut|130\/337
|cant|p1a: Juggernaut|flinch
|
|-weather|Sandstorm|[upkeep]
|turn|9
|c| etaoi|WELP
|
|switch|p1a: Hellboy|Infernape, M|293\/293
|-damage|p1a: Hellboy|257\/293|[from] Stealth Rock
|move|p2a: WAYAUUU|Iron Head|p1a: Hellboy
|-resisted|p1a: Hellboy
|-damage|p1a: Hellboy|148\/293
|
|-weather|none
|turn|10
|
|switch|p2a: Hurricane beach|Tyranitar, F|36\/403
|-weather|Sandstorm
|move|p1a: Hellboy|Close Combat|p2a: Hurricane beach
|-supereffective|p2a: Hurricane beach
|-damage|p2a: Hurricane beach|0 fnt
|-unboost|p1a: Hellboy|def|1
|-unboost|p1a: Hellboy|spd|1
|faint|p2a: Hurricane beach
|
|-weather|Sandstorm|[upkeep]
|-damage|p1a: Hellboy|130\/293|[from] sandstorm
|
|switch|p2a: WAYAUUU|Excadrill, M|21\/362
|turn|11
|
|move|p2a: WAYAUUU|Rock Slide|p1a: Hellboy
|-damage|p1a: Hellboy|0 fnt
|faint|p1a: Hellboy
|
|-weather|Sandstorm|[upkeep]
|
|switch|p1a: Superman|Latios, M|301\/301
|-damage|p1a: Superman|264\/301|[from] Stealth Rock
|turn|12
|
|move|p2a: WAYAUUU|Iron Head|p1a: Superman
|-crit|p1a: Superman
|-damage|p1a: Superman|0 fnt
|faint|p1a: Superman
|
|-weather|Sandstorm|[upkeep]
|c|âBiz|holy shit
|
|switch|p1a: Aquaman|Azumarill, M|400\/400
|-damage|p1a: Aquaman|350\/400|[from] Stealth Rock
|turn|13
|c|âwidetomato|get rekt
|
|move|p1a: Aquaman|Aqua Jet|p2a: WAYAUUU
|-supereffective|p2a: WAYAUUU
|-damage|p2a: WAYAUUU|0 fnt
|faint|p2a: WAYAUUU
|
|-weather|Sandstorm|[upkeep]
|-damage|p1a: Aquaman|325\/400|[from] sandstorm
|c|âBiz|get hax'd*
|
|switch|p2a: FINALY DRAGON|Charizard, F|297\/297
|turn|14
|
|switch|p1a: Juggernaut|Landorus-Therian, M, shiny|130\/337
|-damage|p1a: Juggernaut|88\/337|[from] Stealth Rock
|-ability|p1a: Juggernaut|Intimidate|[of] p2a: FINALY DRAGON
|-unboost|p2a: FINALY DRAGON|atk|1
|detailschange|p2a: FINALY DRAGON|Charizard-Mega-Y, F
|message|Charizard has Mega Evolved into Mega Charizard!
|-weather|SunnyDay
|move|p2a: FINALY DRAGON|Solar Beam|p1a: Juggernaut|[still]
|-prepare|p2a: FINALY DRAGON|Solar Beam|p1a: Juggernaut
|-anim|p2a: FINALY DRAGON|Solar Beam|p1a: Juggernaut
|-damage|p1a: Juggernaut|0 fnt
|faint|p1a: Juggernaut
|
|-weather|SunnyDay|[upkeep]
|
|switch|p1a: Thor|Manectric, M, shiny|280\/280
|-damage|p1a: Thor|245\/280|[from] Stealth Rock
|turn|15
|
|detailschange|p1a: Thor|Manectric-Mega, M, shiny
|message|Manectric has Mega Evolved into Mega Manectric!
|-ability|p1a: Thor|Intimidate|[of] p2a: FINALY DRAGON
|-unboost|p2a: FINALY DRAGON|atk|1
|move|p1a: Thor|Volt Switch|p2a: FINALY DRAGON
|-supereffective|p2a: FINALY DRAGON
|-damage|p2a: FINALY DRAGON|67\/297
|
|switch|p1a: Aquaman|Azumarill, M|325\/400
|-damage|p1a: Aquaman|275\/400|[from] Stealth Rock
|move|p2a: FINALY DRAGON|Solar Beam|p1a: Aquaman|[still]
|-prepare|p2a: FINALY DRAGON|Solar Beam|p1a: Aquaman
|-anim|p2a: FINALY DRAGON|Solar Beam|p1a: Aquaman
|-supereffective|p1a: Aquaman
|-damage|p1a: Aquaman|0 fnt
|faint|p1a: Aquaman
|
|-weather|SunnyDay|[upkeep]
|
|switch|p1a: Thor|Manectric-Mega, M, shiny|245\/280
|-damage|p1a: Thor|210\/280|[from] Stealth Rock
|-ability|p1a: Thor|Intimidate|[of] p2a: FINALY DRAGON
|-unboost|p2a: FINALY DRAGON|atk|1
|turn|16
|
|move|p1a: Thor|Thunderbolt|p2a: FINALY DRAGON
|-supereffective|p2a: FINALY DRAGON
|-damage|p2a: FINALY DRAGON|0 fnt
|faint|p2a: FINALY DRAGON
|
|-weather|SunnyDay|[upkeep]
|
|switch|p2a: 1.5xMeteor|Latios, M|48\/302
|turn|17
|
|move|p1a: Thor|Hidden Power|p2a: 1.5xMeteor
|-supereffective|p2a: 1.5xMeteor
|-damage|p2a: 1.5xMeteor|0 fnt
|faint|p2a: 1.5xMeteor
|
|-weather|SunnyDay|[upkeep]
|c|âBiz|inb4 scarf keldeo
|
|switch|p2a: My little power|Keldeo-Resolute|323\/323
|turn|18
|
|move|p1a: Thor|Thunderbolt|p2a: My little power
|-supereffective|p2a: My little power
|-damage|p2a: My little power|0 fnt
|faint|p2a: My little power
|
|win|Biz
|raw|Ladder updating...
|raw|Biz's rating: 1675 &rarr; <strong>1699<\/strong><br \/>(+24 for winning)
|raw|widetomato's rating: 1747 &rarr; <strong>1723<\/strong><br \/>(-24 for losing)
|c|âBiz|gg fagit
|leave|widetomato
|player|p2