|join|Mounts
|join|WideTomato
|player|p1|Mounts|2
|player|p2|WideTomato|101
|gametype|singles
|gen|6
|tier|OU
|rated
|clearpoke
|poke|p1|Dragonite, M
|poke|p1|Gardevoir, F
|poke|p1|Magnezone
|poke|p1|Mamoswine, M
|poke|p1|Gyarados, M
|poke|p1|Latias, F
|poke|p2|Charizard, M
|poke|p2|Keldeo-Resolute
|poke|p2|Latios, M
|poke|p2|Talonflame, M
|poke|p2|Tyranitar, F
|poke|p2|Excadrill, M
|rule|Swagger Clause: Swagger is banned
|rule|Baton Pass Clause: Limit one PokÃ©mon knowing Baton Pass
|rule|Sleep Clause Mod: Limit one foe put to sleep
|rule|Species Clause: Limit one of each PokÃ©mon
|rule|OHKO Clause: OHKO moves are banned
|rule|Moody Clause: Moody is banned
|rule|Evasion Moves Clause: Evasion moves are banned
|rule|Endless Battle Clause: Forcing endless battles is banned
|rule|HP Percentage Mod: HP is shown in percentages
|teampreview
|
|start
|switch|p1a: ice tea|Mamoswine, M|362\/362
|switch|p2a: FINALY DRAGON|Charizard, M|297\/297
|turn|1
|
|detailschange|p2a: FINALY DRAGON|Charizard-Mega-Y, M
|message|Charizard has Mega Evolved into Mega Charizard!
|-weather|SunnyDay
|move|p2a: FINALY DRAGON|Solar Beam|p1a: ice tea|[still]
|-prepare|p2a: FINALY DRAGON|Solar Beam|p1a: ice tea
|-anim|p2a: FINALY DRAGON|Solar Beam|p1a: ice tea
|-supereffective|p1a: ice tea
|-enditem|p1a: ice tea|Focus Sash
|-damage|p1a: ice tea|1\/362
|move|p1a: ice tea|Stealth Rock|p2a: FINALY DRAGON
|-sidestart|p2: WideTomato|move: Stealth Rock
|
|-weather|SunnyDay|[upkeep]
|turn|2
|
|switch|p1a: POSAY|Latias, F|302\/302
|move|p2a: FINALY DRAGON|Solar Beam|p1a: POSAY|[still]
|-prepare|p2a: FINALY DRAGON|Solar Beam|p1a: POSAY
|-anim|p2a: FINALY DRAGON|Solar Beam|p1a: POSAY
|-resisted|p1a: POSAY
|-damage|p1a: POSAY|236\/302
|
|-weather|SunnyDay|[upkeep]
|turn|3
|
|switch|p1a: ice tea|Mamoswine, M|1\/362
|switch|p2a: Hurricane beach|Tyranitar, F|403\/403
|-damage|p2a: Hurricane beach|353\/403|[from] Stealth Rock
|-weather|Sandstorm
|
|-weather|Sandstorm|[upkeep]
|turn|4
|
|switch|p2a: Just try|Talonflame, M|319\/319
|-damage|p2a: Just try|160\/319|[from] Stealth Rock
|move|p1a: ice tea|Earthquake|p2a: Just try
|-immune|p2a: Just try|[msg]
|
|-weather|Sandstorm|[upkeep]
|-damage|p2a: Just try|141\/319|[from] sandstorm
|turn|5
|
|switch|p1a: James's Joy|Gyarados, M|332\/332
|-ability|p1a: James's Joy|Intimidate|[of] p2a: Just try
|-unboost|p2a: Just try|atk|1
|move|p2a: Just try|Brave Bird|p1a: James's Joy
|-damage|p1a: James's Joy|190\/332
|-damage|p2a: Just try|94\/319|[from] recoil|[of] p1a: James's Joy
|
|-weather|Sandstorm|[upkeep]
|-damage|p2a: Just try|75\/319|[from] sandstorm
|-damage|p1a: James's Joy|170\/332|[from] sandstorm
|turn|6
|
|switch|p2a: WAYAUUU|Excadrill, M|362\/362
|-damage|p2a: WAYAUUU|351\/362|[from] Stealth Rock
|move|p1a: James's Joy|Dragon Dance|p1a: James's Joy
|-boost|p1a: James's Joy|atk|1
|-boost|p1a: James's Joy|spe|1
|
|-weather|Sandstorm|[upkeep]
|-damage|p1a: James's Joy|150\/332|[from] sandstorm
|turn|7
|
|move|p2a: WAYAUUU|Rock Slide|p1a: James's Joy
|-supereffective|p1a: James's Joy
|-damage|p1a: James's Joy|0 fnt
|-damage|p2a: WAYAUUU|315\/362|[from] item: Life Orb
|faint|p1a: James's Joy
|
|-weather|Sandstorm|[upkeep]
|
|switch|p1a: Giraffage|Dragonite, M|338\/338
|turn|8
|
|move|p2a: WAYAUUU|Iron Head|p1a: Giraffage
|-damage|p1a: Giraffage|223\/338
|-damage|p2a: WAYAUUU|279\/362|[from] item: Life Orb
|move|p1a: Giraffage|Earthquake|p2a: WAYAUUU
|-supereffective|p2a: WAYAUUU
|-damage|p2a: WAYAUUU|0 fnt
|faint|p2a: WAYAUUU
|
|-weather|Sandstorm|[upkeep]
|-damage|p1a: Giraffage|202\/338|[from] sandstorm
|
|switch|p2a: Hurricane beach|Tyranitar, F|353\/403
|-damage|p2a: Hurricane beach|303\/403|[from] Stealth Rock
|turn|9
|
|move|p1a: Giraffage|Earthquake|p2a: Hurricane beach
|-supereffective|p2a: Hurricane beach
|-damage|p2a: Hurricane beach|27\/403
|move|p2a: Hurricane beach|Stealth Rock|p1a: Giraffage
|-sidestart|p1: Mounts|move: Stealth Rock
|
|-weather|Sandstorm|[upkeep]
|-damage|p1a: Giraffage|181\/338|[from] sandstorm
|turn|10
|
|move|p1a: Giraffage|Earthquake|p2a: Hurricane beach
|-supereffective|p2a: Hurricane beach
|-damage|p2a: Hurricane beach|0 fnt
|faint|p2a: Hurricane beach
|
|-weather|none
|
|switch|p2a: 1.5xMeteor|Latios, M|302\/302
|-damage|p2a: 1.5xMeteor|265\/302|[from] Stealth Rock
|turn|11
|
|switch|p1a: Patate|Gardevoir, F|301\/301
|-damage|p1a: Patate|264\/301|[from] Stealth Rock
|-ability|p1a: Patate|Levitate|[from] ability: Trace|[of] p2a: 1.5xMeteor
|move|p2a: 1.5xMeteor|Psyshock|p1a: Patate
|-resisted|p1a: Patate
|-damage|p1a: Patate|124\/301
|-damage|p2a: 1.5xMeteor|235\/302|[from] item: Life Orb
|
|turn|12
|
|detailschange|p1a: Patate|Gardevoir-Mega, F
|message|Gardevoir has Mega Evolved into Mega Gardevoir!
|move|p2a: 1.5xMeteor|Thunderbolt|p1a: Patate
|-damage|p1a: Patate|8\/301
|-damage|p2a: 1.5xMeteor|205\/302|[from] item: Life Orb
|move|p1a: Patate|Hyper Voice|p2a: 1.5xMeteor
|-supereffective|p2a: 1.5xMeteor
|-damage|p2a: 1.5xMeteor|0 fnt
|faint|p2a: 1.5xMeteor
|
|
|switch|p2a: My little power|Keldeo-Resolute|323\/323
|-damage|p2a: My little power|303\/323|[from] Stealth Rock
|turn|13
|
|move|p2a: My little power|Scald|p1a: Patate
|-damage|p1a: Patate|0 fnt
|faint|p1a: Patate
|
|
|switch|p1a: POSAY|Latias, F|236\/302
|-damage|p1a: POSAY|199\/302|[from] Stealth Rock
|turn|14
|-message|WideTomato forfeited.
|
|win|Mounts
|raw|Ladder updating...
|leave|WideTomato
|player|p2
|raw|Mounts's rating: 1809 &rarr; <strong>1830<\/strong><br \/>(+21 for winning)
|raw|WideTomato's rating: 1815 &rarr; <strong>1794<\/strong><br \/>(-21 for losing)