|join|widetomato
|join|w1r3d
|player|p1|widetomato|101
|player|p2|w1r3d|169
|gametype|singles
|gen|6
|tier|OU
|rated
|clearpoke
|poke|p1|Omastar, F
|poke|p1|Pidgeot, M
|poke|p1|Zapdos
|poke|p1|Nidoking, M
|poke|p1|Lapras, F
|poke|p1|Venomoth, F
|poke|p2|Volcarona, M
|poke|p2|Tyranitar, M
|poke|p2|Conkeldurr, M
|poke|p2|Starmie
|poke|p2|Latios, M
|poke|p2|Excadrill, M
|rule|Swagger Clause: Swagger is banned
|rule|Baton Pass Clause: Limit one PokÃ©mon knowing Baton Pass
|rule|Sleep Clause Mod: Limit one foe put to sleep
|rule|Species Clause: Limit one of each PokÃ©mon
|rule|OHKO Clause: OHKO moves are banned
|rule|Moody Clause: Moody is banned
|rule|Evasion Moves Clause: Evasion moves are banned
|rule|Endless Battle Clause: Forcing endless battles is banned
|rule|HP Percentage Mod: HP is shown in percentages
|teampreview
|c|âwidetomato|If you dont regonize this team i hate you .-.
|
|start
|switch|p1a: All Terrian Venomo|Venomoth, F|343\/343
|switch|p2a: Tyranitar|Tyranitar, M|404\/404
|-weather|Sandstorm
|turn|1
|
|move|p1a: All Terrian Venomo|Sleep Powder|p2a: Tyranitar
|-status|p2a: Tyranitar|slp
|cant|p2a: Tyranitar|slp
|
|-weather|Sandstorm|[upkeep]
|-damage|p1a: All Terrian Venomo|322\/343|[from] sandstorm
|-heal|p1a: All Terrian Venomo|343\/343|[from] item: Leftovers
|turn|2
|
|switch|p1a: King Fonz|Nidoking, M|304\/304
|cant|p2a: Tyranitar|slp
|
|-weather|Sandstorm|[upkeep]
|turn|3
|
|switch|p2a: Latios|Latios, M|301\/301
|move|p1a: King Fonz|Earth Power|p2a: Latios
|-immune|p2a: Latios|[msg]
|
|-weather|Sandstorm|[upkeep]
|-damage|p2a: Latios|283\/301|[from] sandstorm
|turn|4
|
|switch|p1a: Air Jordan|Lapras, F|464\/464
|move|p2a: Latios|Psyshock|p1a: Air Jordan
|-damage|p1a: Air Jordan|343\/464
|
|-weather|Sandstorm|[upkeep]
|-damage|p2a: Latios|265\/301|[from] sandstorm
|-damage|p1a: Air Jordan|314\/464|[from] sandstorm
|turn|5
|
|switch|p2a: Starmie|Starmie|261\/261
|move|p1a: Air Jordan|Rain Dance|p1a: Air Jordan
|-weather|RainDance
|
|-weather|RainDance|[upkeep]
|turn|6
|
|move|p2a: Starmie|Scald|p1a: Air Jordan
|-resisted|p1a: Air Jordan
|-damage|p1a: Air Jordan|184\/464
|-damage|p2a: Starmie|235\/261|[from] item: Life Orb
|move|p1a: Air Jordan|Rest|p1a: Air Jordan
|-status|p1a: Air Jordan|slp
|-heal|p1a: Air Jordan|464\/464 slp|[silent]
|-status|p1a: Air Jordan|slp|[from] move: Rest
|
|-weather|RainDance|[upkeep]
|-curestatus|p1a: Air Jordan|slp
|turn|7
|
|move|p2a: Starmie|Thunderbolt|p1a: Air Jordan
|-supereffective|p1a: Air Jordan
|-damage|p1a: Air Jordan|214\/464
|-damage|p2a: Starmie|209\/261|[from] item: Life Orb
|move|p1a: Air Jordan|Waterfall|p2a: Starmie
|-resisted|p2a: Starmie
|-damage|p2a: Starmie|145\/261
|
|-weather|RainDance|[upkeep]
|turn|8
|
|switch|p1a: Anarchy Jesus|Zapdos|321\/321
|-ability|p1a: Anarchy Jesus|Pressure
|move|p2a: Starmie|Thunderbolt|p1a: Anarchy Jesus
|-damage|p1a: Anarchy Jesus|201\/321
|-damage|p2a: Starmie|119\/261|[from] item: Life Orb
|
|-weather|RainDance|[upkeep]
|turn|9
|
|switch|p2a: Tyranitar|Tyranitar, M|404\/404 slp
|-weather|Sandstorm
|move|p1a: Anarchy Jesus|Volt Switch|p2a: Tyranitar
|-damage|p2a: Tyranitar|313\/404 slp
|
|switch|p1a: Lord Helix|Omastar, F|282\/282
|
|-weather|Sandstorm|[upkeep]
|turn|10
|
|switch|p2a: Latios|Latios, M|265\/301
|move|p1a: Lord Helix|Hydro Pump|p2a: Latios
|-resisted|p2a: Latios
|-damage|p2a: Latios|178\/301
|
|-weather|Sandstorm|[upkeep]
|-damage|p2a: Latios|160\/301|[from] sandstorm
|turn|11
|
|move|p2a: Latios|Draco Meteor|p1a: Lord Helix
|-damage|p1a: Lord Helix|65\/282
|-unboost|p2a: Latios|spa|2
|move|p1a: Lord Helix|Shell Smash|p1a: Lord Helix
|-boost|p1a: Lord Helix|atk|2
|-boost|p1a: Lord Helix|spa|2
|-boost|p1a: Lord Helix|spe|2
|-unboost|p1a: Lord Helix|def|1
|-unboost|p1a: Lord Helix|spd|1
|-enditem|p1a: Lord Helix|White Herb
|-restoreboost|p1a: Lord Helix|[silent]
|
|-weather|Sandstorm|[upkeep]
|-damage|p2a: Latios|142\/301|[from] sandstorm
|turn|12
|
|move|p2a: Latios|Draco Meteor|p1a: Lord Helix
|-damage|p1a: Lord Helix|0 fnt
|-unboost|p2a: Latios|spa|2
|faint|p1a: Lord Helix
|
|-weather|Sandstorm|[upkeep]
|-damage|p2a: Latios|124\/301|[from] sandstorm
|
|switch|p1a: All Terrian Venomo|Venomoth, F|343\/343
|turn|13
|
|switch|p2a: Volcarona|Volcarona, M|374\/374
|move|p1a: All Terrian Venomo|Substitute|p1a: All Terrian Venomo
|-start|p1a: All Terrian Venomo|Substitute
|-damage|p1a: All Terrian Venomo|258\/343
|
|-weather|Sandstorm|[upkeep]
|-damage|p1a: All Terrian Venomo|237\/343|[from] sandstorm
|-damage|p2a: Volcarona|351\/374|[from] sandstorm
|-heal|p1a: All Terrian Venomo|258\/343|[from] item: Leftovers
|turn|14
|
|move|p1a: All Terrian Venomo|Quiver Dance|p1a: All Terrian Venomo
|-boost|p1a: All Terrian Venomo|spa|1
|-boost|p1a: All Terrian Venomo|spd|1
|-boost|p1a: All Terrian Venomo|spe|1
|move|p2a: Volcarona|Quiver Dance|p2a: Volcarona
|-boost|p2a: Volcarona|spa|1
|-boost|p2a: Volcarona|spd|1
|-boost|p2a: Volcarona|spe|1
|
|-weather|Sandstorm|[upkeep]
|-damage|p1a: All Terrian Venomo|237\/343|[from] sandstorm
|-damage|p2a: Volcarona|328\/374|[from] sandstorm
|-heal|p1a: All Terrian Venomo|258\/343|[from] item: Leftovers
|turn|15
|
|move|p1a: All Terrian Venomo|Quiver Dance|p1a: All Terrian Venomo
|-boost|p1a: All Terrian Venomo|spa|1
|-boost|p1a: All Terrian Venomo|spd|1
|-boost|p1a: All Terrian Venomo|spe|1
|move|p2a: Volcarona|Quiver Dance|p2a: Volcarona
|-boost|p2a: Volcarona|spa|1
|-boost|p2a: Volcarona|spd|1
|-boost|p2a: Volcarona|spe|1
|
|-weather|Sandstorm|[upkeep]
|-damage|p1a: All Terrian Venomo|237\/343|[from] sandstorm
|-damage|p2a: Volcarona|305\/374|[from] sandstorm
|-heal|p1a: All Terrian Venomo|258\/343|[from] item: Leftovers
|turn|16
|
|move|p1a: All Terrian Venomo|Baton Pass|p1a: All Terrian Venomo
|
|switch|p1a: Bird Jesus|Pidgeot, M|307\/307
|move|p2a: Volcarona|Fiery Dance|p1a: Bird Jesus
|-end|p1a: Bird Jesus|Substitute
|-boost|p2a: Volcarona|spa|1
|
|-weather|none
|turn|17
|
|detailschange|p1a: Bird Jesus|Pidgeot-Mega, M
|message|Pidgeot has Mega Evolved into Mega Pidgeot!
|move|p1a: Bird Jesus|Hurricane|p2a: Volcarona
|-supereffective|p2a: Volcarona
|-damage|p2a: Volcarona|0 fnt
|faint|p2a: Volcarona
|
|
|switch|p2a: Tyranitar|Tyranitar, M|313\/404 slp
|-weather|Sandstorm
|turn|18
|
|move|p1a: Bird Jesus|Hidden Power|p2a: Tyranitar
|-supereffective|p2a: Tyranitar
|-damage|p2a: Tyranitar|129\/404 slp
|cant|p2a: Tyranitar|slp
|
|-weather|Sandstorm|[upkeep]
|-damage|p1a: Bird Jesus|288\/307|[from] sandstorm
|turn|19
|c|âwidetomato|gg
|
|move|p1a: Bird Jesus|Hidden Power|p2a: Tyranitar
|-supereffective|p2a: Tyranitar
|-damage|p2a: Tyranitar|0 fnt
|faint|p2a: Tyranitar
|
|-weather|Sandstorm|[upkeep]
|-damage|p1a: Bird Jesus|269\/307|[from] sandstorm
|
|switch|p2a: Excadrill|Excadrill, M|362\/362
|turn|20
|
|move|p1a: Bird Jesus|Heat Wave|p2a: Excadrill
|-supereffective|p2a: Excadrill
|-damage|p2a: Excadrill|0 fnt
|faint|p2a: Excadrill
|
|-weather|Sandstorm|[upkeep]
|-damage|p1a: Bird Jesus|250\/307|[from] sandstorm
|
|switch|p2a: Conkeldurr|Conkeldurr, M|378\/378
|turn|21
|
|move|p1a: Bird Jesus|Hurricane|p2a: Conkeldurr
|-supereffective|p2a: Conkeldurr
|-damage|p2a: Conkeldurr|0 fnt
|faint|p2a: Conkeldurr
|
|-weather|Sandstorm|[upkeep]
|-damage|p1a: Bird Jesus|231\/307|[from] sandstorm
|
|switch|p2a: Latios|Latios, M|124\/301
|turn|22
|
|move|p1a: Bird Jesus|Hurricane|p2a: Latios
|-damage|p2a: Latios|0 fnt
|faint|p2a: Latios
|
|-weather|Sandstorm|[upkeep]
|-damage|p1a: Bird Jesus|212\/307|[from] sandstorm
|
|switch|p2a: Starmie|Starmie|119\/261
|turn|23
|
|move|p1a: Bird Jesus|U-turn|p2a: Starmie
|-supereffective|p2a: Starmie
|-damage|p2a: Starmie|29\/261
|
|switch|p1a: Anarchy Jesus|Zapdos|201\/321
|-ability|p1a: Anarchy Jesus|Pressure
|move|p2a: Starmie|Thunderbolt|p1a: Anarchy Jesus
|-damage|p1a: Anarchy Jesus|75\/321
|-damage|p2a: Starmie|3\/261|[from] item: Life Orb
|
|-weather|Sandstorm|[upkeep]
|-damage|p1a: Anarchy Jesus|55\/321|[from] sandstorm
|-damage|p2a: Starmie|0 fnt|[from] sandstorm
|faint|p2a: Starmie
|
|win|widetomato
|raw|Ladder updating...
|raw|widetomato's rating: 1535 &rarr; <strong>1546<\/strong><br \/>(+11 for winning)
|raw|w1r3d's rating: 1367 &rarr; <strong>1356<\/strong><br \/>(-11 for losing)
|leave|w1r3d
|player|p2