|join|Chocolove
|join|widetomato
|player|p1|Chocolove|265
|player|p2|widetomato|102
|gametype|singles
|gen|6
|tier|OU
|rated
|clearpoke
|poke|p1|Aegislash, M
|poke|p1|Bisharp, M
|poke|p1|Zygarde
|poke|p1|Aerodactyl, F
|poke|p1|Landorus, M
|poke|p1|Thundurus, M
|poke|p2|Manaphy, shiny
|poke|p2|Thundurus, M, shiny
|poke|p2|Charizard, F, shiny
|poke|p2|Terrakion, shiny
|poke|p2|Garchomp, F, shiny
|poke|p2|Latias, F, shiny
|rule|Swagger Clause: Swagger is banned
|rule|Baton Pass Clause: Limit one PokÃ©mon knowing Baton Pass
|rule|Sleep Clause Mod: Limit one foe put to sleep
|rule|Species Clause: Limit one of each PokÃ©mon
|rule|OHKO Clause: OHKO moves are banned
|rule|Moody Clause: Moody is banned
|rule|Evasion Moves Clause: Evasion moves are banned
|rule|Endless Battle Clause: Forcing endless battles is banned
|rule|HP Percentage Mod: HP is reported as percentages
|teampreview
|
|start
|switch|p1a: Kise|Aerodactyl, F|302\/302
|switch|p2a: Suck my swag|Garchomp, F, shiny|358\/358
|-ability|p1a: Kise|Pressure
|turn|1
|
|detailschange|p1a: Kise|Aerodactyl-Mega, F
|message|Aerodactyl has Mega Evolved into Mega Aerodactyl!
|move|p1a: Kise|Stealth Rock|p2a: Suck my swag
|-sidestart|p2: widetomato|move: Stealth Rock
|move|p2a: Suck my swag|Stealth Rock|p1a: Kise
|-sidestart|p1: Chocolove|move: Stealth Rock
|
|turn|2
|
|move|p1a: Kise|Earthquake|p2a: Suck my swag
|-crit|p2a: Suck my swag
|-damage|p2a: Suck my swag|155\/358
|move|p2a: Suck my swag|Outrage|p1a: Kise
|-damage|p1a: Kise|67\/302
|
|turn|3
|
|move|p1a: Kise|Aerial Ace|p2a: Suck my swag
|-damage|p2a: Suck my swag|0 fnt
|-damage|p1a: Kise|30\/302|[from] ability: Rough Skin|[of] p2a: Suck my swag
|faint|p2a: Suck my swag
|
|
|switch|p2a: Lol nope|Latias, F, shiny|301\/301
|-damage|p2a: Lol nope|264\/301|[from] Stealth Rock
|turn|4
|
|move|p1a: Kise|Stone Edge|p2a: Lol nope
|-damage|p2a: Lol nope|81\/301
|move|p2a: Lol nope|Defog|p1a: Kise
|-unboost|p1a: Kise|evasion|1
|-sideend|p1: Chocolove|Stealth Rock|[from] move: Defog|[of] p1a: Kise
|-sideend|p2: widetomato|Stealth Rock|[from] move: Defog|[of] p2a: Lol nope
|
|turn|5
|
|move|p1a: Kise|Stealth Rock|p2a: Lol nope
|-sidestart|p2: widetomato|move: Stealth Rock
|move|p2a: Lol nope|Psyshock|p1a: Kise
|-damage|p1a: Kise|0 fnt
|-damage|p2a: Lol nope|51\/301|[from] item: Life Orb
|faint|p1a: Kise
|
|
|switch|p1a: Aomine|Thundurus, M|299\/299
|turn|6
|
|switch|p2a: Gives you wings|Terrakion, shiny|323\/323
|-damage|p2a: Gives you wings|303\/323|[from] Stealth Rock
|move|p1a: Aomine|Hidden Power|p2a: Gives you wings
|-damage|p2a: Gives you wings|180\/323
|
|turn|7
|
|move|p1a: Aomine|Thunder Wave|p2a: Gives you wings
|-status|p2a: Gives you wings|par
|cant|p2a: Gives you wings|par
|
|turn|8
|
|move|p1a: Aomine|Focus Blast|p2a: Gives you wings
|-supereffective|p2a: Gives you wings
|-damage|p2a: Gives you wings|0 fnt
|faint|p2a: Gives you wings
|
|
|switch|p2a: Tailballs|Thundurus, M, shiny|299\/299
|-damage|p2a: Tailballs|225\/299|[from] Stealth Rock
|turn|9
|
|move|p2a: Tailballs|Hidden Power|p1a: Aomine
|-supereffective|p1a: Aomine
|-damage|p1a: Aomine|88\/299
|-damage|p2a: Tailballs|196\/299|[from] item: Life Orb
|move|p1a: Aomine|Thunderbolt|p2a: Tailballs
|-damage|p2a: Tailballs|6\/299
|
|-heal|p1a: Aomine|106\/299|[from] item: Leftovers
|turn|10
|
|move|p2a: Tailballs|Thunderbolt|p1a: Aomine
|-damage|p1a: Aomine|0 fnt
|-damage|p2a: Tailballs|0 fnt|[from] item: Life Orb
|faint|p1a: Aomine
|faint|p2a: Tailballs
|
|
|switch|p2a: Lol nope|Latias, F, shiny|51\/301
|-damage|p2a: Lol nope|14\/301|[from] Stealth Rock
|switch|p1a: Kuroko|Aegislash, M|324\/324
|turn|11
|
|-formechange|p1a: Kuroko|Aegislash-Blade
|move|p1a: Kuroko|Shadow Sneak|p2a: Lol nope
|-supereffective|p2a: Lol nope
|-damage|p2a: Lol nope|0 fnt
|faint|p2a: Lol nope
|
|-message|widetomato forfeited.
|
|win|Chocolove
|raw|Ladder updating...
|raw|Chocolove's rating: 1746 &rarr; <strong>1765<\/strong><br \/>(+19 for winning)
|raw|widetomato's rating: 1737 &rarr; <strong>1718<\/strong><br \/>(-19 for losing)
|leave|widetomato
|player|p2