|join|mliok
|join|widetomato
|player|p1|mliok|266
|player|p2|widetomato|101
|gametype|singles
|gen|6
|tier|OU
|rated
|clearpoke
|poke|p1|Ampharos, F
|poke|p1|Cacturne, F
|poke|p1|Keldeo
|poke|p1|Heatran, F
|poke|p1|Latios, M
|poke|p1|Landorus-Therian, M
|poke|p2|Charizard, M
|poke|p2|Keldeo-Resolute
|poke|p2|Latios, M
|poke|p2|Talonflame, M
|poke|p2|Tyranitar, M
|poke|p2|Excadrill, M
|rule|Swagger Clause: Swagger is banned
|rule|Baton Pass Clause: Limit one PokÃ©mon knowing Baton Pass
|rule|Sleep Clause Mod: Limit one foe put to sleep
|rule|Species Clause: Limit one of each PokÃ©mon
|rule|OHKO Clause: OHKO moves are banned
|rule|Moody Clause: Moody is banned
|rule|Evasion Moves Clause: Evasion moves are banned
|rule|Endless Battle Clause: Forcing endless battles is banned
|rule|HP Percentage Mod: HP is shown in percentages
|teampreview
|
|start
|switch|p1a: Heatran|Heatran, F|332\/332
|switch|p2a: Hurricane beach|Tyranitar, M|403\/403
|-item|p1a: Heatran|Air Balloon
|-weather|Sandstorm
|turn|1
|
|move|p1a: Heatran|Taunt|p2a: Hurricane beach
|-start|p2a: Hurricane beach|move: Taunt
|move|p2a: Hurricane beach|Stone Edge|p1a: Heatran
|-damage|p1a: Heatran|184\/332
|-enditem|p1a: Heatran|Air Balloon
|
|-weather|Sandstorm|[upkeep]
|turn|2
|
|move|p1a: Heatran|Lava Plume|p2a: Hurricane beach
|-resisted|p2a: Hurricane beach
|-damage|p2a: Hurricane beach|354\/403
|move|p2a: Hurricane beach|Stone Edge|p1a: Heatran
|-damage|p1a: Heatran|40\/332
|
|-weather|Sandstorm|[upkeep]
|turn|3
|
|move|p1a: Heatran|Lava Plume|p2a: Hurricane beach
|-resisted|p2a: Hurricane beach
|-damage|p2a: Hurricane beach|305\/403
|move|p2a: Hurricane beach|Pursuit|p1a: Heatran
|-damage|p1a: Heatran|0 fnt
|faint|p1a: Heatran
|
|-weather|Sandstorm|[upkeep]
|-end|p2a: Hurricane beach|move: Taunt
|
|switch|p1a: Keldeo|Keldeo|322\/322
|turn|4
|
|switch|p1a: Cacturne|Cacturne, F|281\/281
|switch|p2a: 1.5xMeteor|Latios, M|302\/302
|
|-weather|Sandstorm|[upkeep]
|-damage|p2a: 1.5xMeteor|284\/302|[from] sandstorm
|-damage|p1a: Cacturne|264\/281|[from] sandstorm
|turn|5
|
|switch|p2a: Hurricane beach|Tyranitar, M|305\/403
|move|p1a: Cacturne|Sucker Punch|p2a: Hurricane beach
|-fail|p2a: Hurricane beach
|
|-weather|Sandstorm|[upkeep]
|-damage|p1a: Cacturne|247\/281|[from] sandstorm
|turn|6
|
|move|p1a: Cacturne|Superpower|p2a: Hurricane beach
|-supereffective|p2a: Hurricane beach
|-damage|p2a: Hurricane beach|0 fnt
|-unboost|p1a: Cacturne|atk|1
|-unboost|p1a: Cacturne|def|1
|-damage|p1a: Cacturne|219\/281|[from] item: Life Orb
|faint|p2a: Hurricane beach
|
|-weather|Sandstorm|[upkeep]
|-damage|p1a: Cacturne|202\/281|[from] sandstorm
|
|switch|p2a: WAYAUUU|Excadrill, M|362\/362
|turn|7
|
|switch|p1a: Landorus-Therian|Landorus-Therian, M|319\/319
|-ability|p1a: Landorus-Therian|Intimidate|[of] p2a: WAYAUUU
|-unboost|p2a: WAYAUUU|atk|1
|move|p2a: WAYAUUU|Iron Head|p1a: Landorus-Therian
|-damage|p1a: Landorus-Therian|173\/319
|-damage|p2a: WAYAUUU|326\/362|[from] item: Life Orb
|
|-weather|Sandstorm|[upkeep]
|-heal|p1a: Landorus-Therian|192\/319|[from] item: Leftovers
|turn|8
|
|move|p2a: WAYAUUU|Iron Head|p1a: Landorus-Therian
|-damage|p1a: Landorus-Therian|24\/319
|-damage|p2a: WAYAUUU|290\/362|[from] item: Life Orb
|move|p1a: Landorus-Therian|Stealth Rock|p2a: WAYAUUU
|-sidestart|p2: widetomato|move: Stealth Rock
|
|-weather|none
|-heal|p1a: Landorus-Therian|43\/319|[from] item: Leftovers
|turn|9
|
|switch|p1a: Keldeo|Keldeo|322\/322
|move|p2a: WAYAUUU|Iron Head|p1a: Keldeo
|-resisted|p1a: Keldeo
|-damage|p1a: Keldeo|241\/322
|-damage|p2a: WAYAUUU|254\/362|[from] item: Life Orb
|
|turn|10
|
|switch|p2a: 1.5xMeteor|Latios, M|284\/302
|-damage|p2a: 1.5xMeteor|247\/302|[from] Stealth Rock
|move|p1a: Keldeo|Scald|p2a: 1.5xMeteor
|-resisted|p2a: 1.5xMeteor
|-damage|p2a: 1.5xMeteor|156\/302
|-status|p2a: 1.5xMeteor|brn
|
|-damage|p2a: 1.5xMeteor|119\/302 brn|[from] brn
|turn|11
|
|move|p2a: 1.5xMeteor|Defog|p1a: Keldeo
|-unboost|p1a: Keldeo|evasion|1
|-sideend|p2: widetomato|Stealth Rock|[from] move: Defog|[of] p2a: 1.5xMeteor
|move|p1a: Keldeo|Scald|p2a: 1.5xMeteor
|-resisted|p2a: 1.5xMeteor
|-damage|p2a: 1.5xMeteor|19\/302 brn
|
|-damage|p2a: 1.5xMeteor|0 fnt|[from] brn
|faint|p2a: 1.5xMeteor
|
|switch|p2a: My little power|Keldeo-Resolute|323\/323
|turn|12
|
|switch|p1a: Landorus-Therian|Landorus-Therian, M|43\/319
|-ability|p1a: Landorus-Therian|Intimidate|[of] p2a: My little power
|-unboost|p2a: My little power|atk|1
|move|p2a: My little power|Icy Wind|p1a: Landorus-Therian
|-supereffective|p1a: Landorus-Therian
|-damage|p1a: Landorus-Therian|0 fnt
|faint|p1a: Landorus-Therian
|
|
|switch|p1a: Keldeo|Keldeo|241\/322
|turn|13
|
|switch|p2a: FINALY DRAGON|Charizard, M|297\/297
|move|p1a: Keldeo|Scald|p2a: FINALY DRAGON
|-supereffective|p2a: FINALY DRAGON
|-damage|p2a: FINALY DRAGON|0 fnt
|faint|p2a: FINALY DRAGON
|
|
|switch|p2a: Just try|Talonflame, M|319\/319
|turn|14
|
|switch|p2a: WAYAUUU|Excadrill, M|254\/362
|move|p1a: Keldeo|Scald|p2a: WAYAUUU
|-crit|p2a: WAYAUUU
|-supereffective|p2a: WAYAUUU
|-damage|p2a: WAYAUUU|0 fnt
|faint|p2a: WAYAUUU
|
|-message|widetomato forfeited.
|
|win|mliok
|raw|Ladder updating...
|leave|widetomato
|player|p2
|raw|mliok's rating: 1696 &rarr; <strong>1713<\/strong><br \/>(+17 for winning)
|raw|widetomato's rating: 1637 &rarr; <strong>1620<\/strong><br \/>(-17 for losing)