|join|widetomato
|join|chimpact
|player|p1|widetomato|101
|player|p2|chimpact|238
|gametype|singles
|gen|6
|tier|OU
|rated
|clearpoke
|poke|p1|Manaphy, shiny
|poke|p1|Thundurus, M, shiny
|poke|p1|Charizard, F, shiny
|poke|p1|Terrakion, shiny
|poke|p1|Garchomp, F, shiny
|poke|p1|Latias, F, shiny
|poke|p2|Latios, M
|poke|p2|Heatran, M
|poke|p2|Rotom-Wash
|poke|p2|Terrakion
|poke|p2|Landorus-Therian, M
|poke|p2|Venusaur, F
|rule|Swagger Clause: Swagger is banned
|rule|Baton Pass Clause: Limit one PokÃ©mon knowing Baton Pass
|rule|Sleep Clause Mod: Limit one foe put to sleep
|rule|Species Clause: Limit one of each PokÃ©mon
|rule|OHKO Clause: OHKO moves are banned
|rule|Moody Clause: Moody is banned
|rule|Evasion Moves Clause: Evasion moves are banned
|rule|Endless Battle Clause: Forcing endless battles is banned
|rule|HP Percentage Mod: HP is shown in percentages
|teampreview
|
|start
|switch|p1a: Lol nope|Latias, F, shiny|301\/301
|switch|p2a: Latios|Latios, M|301\/301
|turn|1
|
|switch|p2a: Heatran|Heatran, M|386\/386
|move|p1a: Lol nope|Draco Meteor|p2a: Heatran
|-resisted|p2a: Heatran
|-damage|p2a: Heatran|274\/386
|-unboost|p1a: Lol nope|spa|2
|-damage|p1a: Lol nope|271\/301|[from] item: Life Orb
|
|-heal|p2a: Heatran|298\/386|[from] item: Leftovers
|turn|2
|join|Bulky Deoxys-A
|
|switch|p1a: Little nightmare|Manaphy, shiny|352\/352
|move|p2a: Heatran|Stealth Rock|p1a: Little nightmare
|-sidestart|p1: widetomato|move: Stealth Rock
|
|-heal|p2a: Heatran|322\/386|[from] item: Leftovers
|turn|3
|
|switch|p2a: Latios|Latios, M|301\/301
|move|p1a: Little nightmare|Tail Glow|p1a: Little nightmare
|-boost|p1a: Little nightmare|spa|3
|
|turn|4
|
|switch|p1a: Lol nope|Latias, F, shiny|271\/301
|-damage|p1a: Lol nope|234\/301|[from] Stealth Rock
|move|p2a: Latios|Draco Meteor|p1a: Lol nope|[miss]
|-miss|p2a: Latios|p1a: Lol nope
|
|turn|5
|
|move|p2a: Latios|Draco Meteor|p1a: Lol nope
|-supereffective|p1a: Lol nope
|-damage|p1a: Lol nope|0 fnt
|-unboost|p2a: Latios|spa|2
|-damage|p2a: Latios|271\/301|[from] item: Life Orb
|faint|p1a: Lol nope
|
|
|switch|p1a: Little nightmare|Manaphy, shiny|352\/352
|-damage|p1a: Little nightmare|308\/352|[from] Stealth Rock
|turn|6
|
|move|p2a: Latios|Thunderbolt|p1a: Little nightmare
|-supereffective|p1a: Little nightmare
|-damage|p1a: Little nightmare|162\/352
|-damage|p2a: Latios|241\/301|[from] item: Life Orb
|move|p1a: Little nightmare|Tail Glow|p1a: Little nightmare
|-boost|p1a: Little nightmare|spa|3
|
|-heal|p1a: Little nightmare|184\/352|[from] item: Leftovers
|turn|7
|
|switch|p2a: Rotom-Wash|Rotom-Wash|304\/304
|move|p1a: Little nightmare|Surf|p2a: Rotom-Wash
|-resisted|p2a: Rotom-Wash
|-damage|p2a: Rotom-Wash|172\/304
|
|-heal|p1a: Little nightmare|206\/352|[from] item: Leftovers
|-heal|p2a: Rotom-Wash|191\/304|[from] item: Leftovers
|turn|8
|
|switch|p2a: Latios|Latios, M|241\/301
|move|p1a: Little nightmare|Psychic|p2a: Latios
|-resisted|p2a: Latios
|-damage|p2a: Latios|140\/301
|
|-heal|p1a: Little nightmare|228\/352|[from] item: Leftovers
|turn|9
|
|move|p2a: Latios|Thunderbolt|p1a: Little nightmare
|-supereffective|p1a: Little nightmare
|-damage|p1a: Little nightmare|0 fnt
|-damage|p2a: Latios|110\/301|[from] item: Life Orb
|faint|p1a: Little nightmare
|
|
|switch|p1a: Tailballs|Thundurus, M, shiny|299\/299
|-damage|p1a: Tailballs|225\/299|[from] Stealth Rock
|turn|10
|
|switch|p2a: Rotom-Wash|Rotom-Wash|191\/304
|move|p1a: Tailballs|Hidden Power|p2a: Rotom-Wash
|-resisted|p2a: Rotom-Wash
|-damage|p2a: Rotom-Wash|152\/304
|-damage|p1a: Tailballs|196\/299|[from] item: Life Orb
|
|-heal|p2a: Rotom-Wash|171\/304|[from] item: Leftovers
|turn|11
|
|move|p1a: Tailballs|Thunderbolt|p2a: Rotom-Wash
|-damage|p2a: Rotom-Wash|0 fnt
|-damage|p1a: Tailballs|167\/299|[from] item: Life Orb
|faint|p2a: Rotom-Wash
|
|
|switch|p2a: Venusaur|Venusaur, F|351\/351
|turn|12
|
|switch|p1a: Lande sharke|Garchomp, F, shiny|358\/358
|-damage|p1a: Lande sharke|336\/358|[from] Stealth Rock
|detailschange|p2a: Venusaur|Venusaur-Mega, F
|message|Venusaur has Mega Evolved into Mega Venusaur!
|move|p2a: Venusaur|Sludge Bomb|p1a: Lande sharke
|-resisted|p1a: Lande sharke
|-damage|p1a: Lande sharke|228\/358
|
|turn|13
|
|move|p1a: Lande sharke|Stealth Rock|p2a: Venusaur
|-sidestart|p2: chimpact|move: Stealth Rock
|move|p2a: Venusaur|Giga Drain|p1a: Lande sharke
|-damage|p1a: Lande sharke|41\/358
|
|turn|14
|
|move|p1a: Lande sharke|Outrage|p2a: Venusaur
|-damage|p2a: Venusaur|180\/351
|move|p2a: Venusaur|Giga Drain|p1a: Lande sharke
|-damage|p1a: Lande sharke|0 fnt
|-heal|p2a: Venusaur|201\/351|[from] drain|[of] p1a: Lande sharke
|faint|p1a: Lande sharke
|
|
|switch|p1a: I'm so smexy|Charizard, F, shiny|297\/297
|-damage|p1a: I'm so smexy|149\/297|[from] Stealth Rock
|turn|15
|
|detailschange|p1a: I'm so smexy|Charizard-Mega-X, F, shiny
|message|Charizard has Mega Evolved into Mega Charizard!
|move|p1a: I'm so smexy|Dragon Dance|p1a: I'm so smexy
|-boost|p1a: I'm so smexy|atk|1
|-boost|p1a: I'm so smexy|spe|1
|move|p2a: Venusaur|Sludge Bomb|p1a: I'm so smexy
|-damage|p1a: I'm so smexy|0 fnt
|faint|p1a: I'm so smexy
|
|-message|widetomato forfeited.
|
|win|chimpact
|raw|Ladder updating...
|leave|widetomato
|player|p1
|raw|widetomato's rating: 1829 &rarr; <strong>1803<\/strong><br \/>(-26 for losing)
|raw|chimpact's rating: 1724 &rarr; <strong>1750<\/strong><br \/>(+26 for winning)