|join|widetomato
|join|ShaneSugarCane
|player|p1|widetomato|101
|player|p2|ShaneSugarCane|102
|gametype|singles
|gen|6
|tier|OU
|rated
|clearpoke
|poke|p1|Lopunny, M
|poke|p1|Bisharp, M
|poke|p1|Landorus-Therian, M
|poke|p1|Thundurus, M
|poke|p1|Latios, M
|poke|p1|Talonflame, M
|poke|p2|Greninja, M
|poke|p2|Landorus-Therian, M
|poke|p2|Rotom-Wash
|poke|p2|Celebi
|poke|p2|Talonflame, F
|poke|p2|Latias, F
|rule|Swagger Clause: Swagger is banned
|rule|Baton Pass Clause: Limit one PokÃ©mon knowing Baton Pass
|rule|Sleep Clause Mod: Limit one foe put to sleep
|rule|Species Clause: Limit one of each PokÃ©mon
|rule|OHKO Clause: OHKO moves are banned
|rule|Moody Clause: Moody is banned
|rule|Evasion Moves Clause: Evasion moves are banned
|rule|Endless Battle Clause: Forcing endless battles is banned
|rule|HP Percentage Mod: HP is shown in percentages
|teampreview
|
|start
|switch|p1a: Easter|Bisharp, M|272\/272
|switch|p2a: Necessary|Rotom-Wash|304\/304
|turn|1
|
|move|p1a: Easter|Knock Off|p2a: Necessary
|-damage|p2a: Necessary|160\/304
|-enditem|p2a: Necessary|Leftovers|[from] move: Knock Off|[of] p1a: Easter
|-damage|p1a: Easter|245\/272|[from] item: Life Orb
|move|p2a: Necessary|Volt Switch|p1a: Easter
|-damage|p1a: Easter|125\/272
|
|switch|p2a: Cautious|Greninja, M|286\/286
|
|turn|2
|
|switch|p1a: R34|Lopunny, M|272\/272
|move|p2a: Cautious|U-turn|p1a: R34
|-start|p2a: Cautious|typechange|Bug|[from] Protean
|-damage|p1a: R34|154\/272
|
|switch|p2a: Loyal|Landorus-Therian, M|320\/320
|-ability|p2a: Loyal|Intimidate|[of] p1a: R34
|-unboost|p1a: R34|atk|1
|
|turn|3
|
|switch|p2a: Necessary|Rotom-Wash|160\/304
|detailschange|p1a: R34|Lopunny-Mega, M
|message|Lopunny has Mega Evolved into Mega Lopunny!
|move|p1a: R34|Fake Out|p2a: Necessary
|-damage|p2a: Necessary|124\/304
|
|turn|4
|
|move|p1a: R34|High Jump Kick|p2a: Necessary
|-damage|p2a: Necessary|22\/304
|move|p2a: Necessary|Pain Split|p1a: R34
|-sethp|p1a: R34|88\/272|p2a: Necessary|88\/304|[from] move: Pain Split
|
|turn|5
|
|move|p1a: R34|High Jump Kick|p2a: Necessary
|-damage|p2a: Necessary|0 fnt
|faint|p2a: Necessary
|
|
|switch|p2a: Cautious|Greninja, M|286\/286
|turn|6
|
|move|p2a: Cautious|U-turn|p1a: R34
|-start|p2a: Cautious|typechange|Bug|[from] Protean
|-resisted|p1a: R34
|-damage|p1a: R34|34\/272
|
|switch|p2a: Loyal|Landorus-Therian, M|320\/320
|-ability|p2a: Loyal|Intimidate|[of] p1a: R34
|-unboost|p1a: R34|atk|1
|move|p1a: R34|High Jump Kick|p2a: Loyal|[miss]
|-miss|p1a: R34|p2a: Loyal
|-damage|p1a: R34|0 fnt|[from] highjumpkick
|faint|p1a: R34
|
|
|switch|p1a: Thundurus|Thundurus, M|305\/305
|turn|7
|
|move|p2a: Loyal|U-turn|p1a: Thundurus
|-resisted|p1a: Thundurus
|-damage|p1a: Thundurus|249\/305
|
|switch|p2a: Cautious|Greninja, M|286\/286
|move|p1a: Thundurus|Hidden Power|p2a: Cautious
|-resisted|p2a: Cautious
|-damage|p2a: Cautious|243\/286
|
|-heal|p1a: Thundurus|268\/305|[from] item: Leftovers
|turn|8
|
|move|p1a: Thundurus|Thunder Wave|p2a: Cautious
|-status|p2a: Cautious|par
|move|p2a: Cautious|Ice Punch|p1a: Thundurus
|-start|p2a: Cautious|typechange|Ice|[from] Protean
|-supereffective|p1a: Thundurus
|-damage|p1a: Thundurus|0 fnt
|faint|p1a: Thundurus
|
|
|switch|p1a: Landorus-Therian|Landorus-Therian, M|382\/382
|-ability|p1a: Landorus-Therian|Intimidate|[of] p2a: Cautious
|-unboost|p2a: Cautious|atk|1
|turn|9
|
|move|p1a: Landorus-Therian|Stone Edge|p2a: Cautious
|-supereffective|p2a: Cautious
|-damage|p2a: Cautious|0 fnt
|faint|p2a: Cautious
|
|
|switch|p2a: Nostalgic|Celebi|404\/404
|turn|10
|
|switch|p2a: Loyal|Landorus-Therian, M|320\/320
|-ability|p2a: Loyal|Intimidate|[of] p1a: Landorus-Therian
|-unboost|p1a: Landorus-Therian|atk|1
|move|p1a: Landorus-Therian|Stealth Rock|p2a: Loyal
|-sidestart|p2: ShaneSugarCane|move: Stealth Rock
|
|turn|11
|
|move|p2a: Loyal|Knock Off|p1a: Landorus-Therian
|-damage|p1a: Landorus-Therian|282\/382
|-enditem|p1a: Landorus-Therian|Leftovers|[from] move: Knock Off|[of] p2a: Loyal
|move|p1a: Landorus-Therian|U-turn|p2a: Loyal
|-resisted|p2a: Loyal
|-damage|p2a: Loyal|290\/320
|
|switch|p1a: Easter|Bisharp, M|125\/272
|
|turn|12
|
|switch|p2a: Nostalgic|Celebi|404\/404
|-damage|p2a: Nostalgic|354\/404|[from] Stealth Rock
|move|p1a: Easter|Knock Off|p2a: Nostalgic
|-supereffective|p2a: Nostalgic
|-damage|p2a: Nostalgic|58\/404
|-enditem|p2a: Nostalgic|Assault Vest|[from] move: Knock Off|[of] p1a: Easter
|-damage|p1a: Easter|98\/272|[from] item: Life Orb
|
|turn|13
|
|move|p1a: Easter|Sucker Punch|p2a: Nostalgic
|-supereffective|p2a: Nostalgic
|-damage|p2a: Nostalgic|0 fnt
|-damage|p1a: Easter|71\/272|[from] item: Life Orb
|faint|p2a: Nostalgic
|
|
|switch|p2a: Talonflame|Talonflame, F|297\/297
|-damage|p2a: Talonflame|149\/297|[from] Stealth Rock
|turn|14
|
|switch|p1a: Landorus-Therian|Landorus-Therian, M|282\/382
|-ability|p1a: Landorus-Therian|Intimidate|[of] p2a: Talonflame
|-unboost|p2a: Talonflame|atk|1
|move|p2a: Talonflame|Brave Bird|p1a: Landorus-Therian
|-damage|p1a: Landorus-Therian|198\/382
|-damage|p2a: Talonflame|121\/297|[from] recoil|[of] p1a: Landorus-Therian
|
|turn|15
|
|move|p2a: Talonflame|Roost|p2a: Talonflame
|-heal|p2a: Talonflame|270\/297
|move|p1a: Landorus-Therian|U-turn|p2a: Talonflame
|-resisted|p2a: Talonflame
|-damage|p2a: Talonflame|219\/297
|
|switch|p1a: Forgotten Bday|Talonflame, M|297\/297
|
|turn|16
|
|switch|p2a: Loyal|Landorus-Therian, M|290\/320
|-damage|p2a: Loyal|250\/320|[from] Stealth Rock
|-ability|p2a: Loyal|Intimidate|[of] p1a: Forgotten Bday
|-unboost|p1a: Forgotten Bday|atk|1
|move|p1a: Forgotten Bday|Brave Bird|p2a: Loyal
|-damage|p2a: Loyal|93\/320
|-damage|p1a: Forgotten Bday|245\/297|[from] recoil|[of] p2a: Loyal
|
|turn|17
|
|move|p1a: Forgotten Bday|Brave Bird|p2a: Loyal
|-damage|p2a: Loyal|0 fnt
|-damage|p1a: Forgotten Bday|214\/297|[from] recoil|[of] p2a: Loyal
|faint|p2a: Loyal
|
|
|switch|p2a: Hopeless|Latias, F|364\/364
|-damage|p2a: Hopeless|319\/364|[from] Stealth Rock
|turn|18
|
|switch|p1a: Easter|Bisharp, M|71\/272
|detailschange|p2a: Hopeless|Latias-Mega, F
|message|Latias has Mega Evolved into Mega Latias!
|move|p2a: Hopeless|Roost|p2a: Hopeless
|-heal|p2a: Hopeless|364\/364
|
|turn|19
|
|move|p1a: Easter|Knock Off|p2a: Hopeless
|-supereffective|p2a: Hopeless
|-damage|p2a: Hopeless|190\/364
|-damage|p1a: Easter|44\/272|[from] item: Life Orb
|move|p2a: Hopeless|Calm Mind|p2a: Hopeless
|-boost|p2a: Hopeless|spa|1
|-boost|p2a: Hopeless|spd|1
|
|turn|20
|
|move|p1a: Easter|Swords Dance|p1a: Easter
|-boost|p1a: Easter|atk|2
|move|p2a: Hopeless|Roost|p2a: Hopeless
|-heal|p2a: Hopeless|364\/364
|
|turn|21
|
|move|p1a: Easter|Swords Dance|p1a: Easter
|-boost|p1a: Easter|atk|2
|move|p2a: Hopeless|Hidden Power|p1a: Easter
|-supereffective|p1a: Easter
|-damage|p1a: Easter|0 fnt
|faint|p1a: Easter
|
|
|switch|p1a: Sankt Hans|Latios, M|299\/299
|turn|22
|
|move|p1a: Sankt Hans|Draco Meteor|p2a: Hopeless
|-supereffective|p2a: Hopeless
|-damage|p2a: Hopeless|91\/364
|-unboost|p1a: Sankt Hans|spa|2
|-damage|p1a: Sankt Hans|270\/299|[from] item: Life Orb
|move|p2a: Hopeless|Roost|p2a: Hopeless
|-heal|p2a: Hopeless|273\/364
|
|turn|23
|
|switch|p1a: Landorus-Therian|Landorus-Therian, M|198\/382
|-ability|p1a: Landorus-Therian|Intimidate|[of] p2a: Hopeless
|-unboost|p2a: Hopeless|atk|1
|move|p2a: Hopeless|Roost|p2a: Hopeless
|-heal|p2a: Hopeless|364\/364
|
|turn|24
|
|move|p2a: Hopeless|Calm Mind|p2a: Hopeless
|-boost|p2a: Hopeless|spa|1
|-boost|p2a: Hopeless|spd|1
|move|p1a: Landorus-Therian|U-turn|p2a: Hopeless
|-supereffective|p2a: Hopeless
|-damage|p2a: Hopeless|260\/364
|
|switch|p1a: Forgotten Bday|Talonflame, M|214\/297
|
|turn|25
|
|move|p1a: Forgotten Bday|U-turn|p2a: Hopeless
|-supereffective|p2a: Hopeless
|-damage|p2a: Hopeless|138\/364
|
|switch|p1a: Sankt Hans|Latios, M|270\/299
|move|p2a: Hopeless|Roost|p2a: Hopeless
|-heal|p2a: Hopeless|320\/364
|
|turn|26
|
|switch|p1a: Forgotten Bday|Talonflame, M|214\/297
|move|p2a: Hopeless|Roost|p2a: Hopeless
|-heal|p2a: Hopeless|364\/364
|
|turn|27
|
|move|p1a: Forgotten Bday|Brave Bird|p2a: Hopeless
|-damage|p2a: Hopeless|214\/364
|-damage|p1a: Forgotten Bday|164\/297|[from] recoil|[of] p2a: Hopeless
|move|p2a: Hopeless|Roost|p2a: Hopeless
|-heal|p2a: Hopeless|364\/364
|
|turn|28
|
|switch|p1a: Sankt Hans|Latios, M|270\/299
|move|p2a: Hopeless|Calm Mind|p2a: Hopeless
|-boost|p2a: Hopeless|spa|1
|-boost|p2a: Hopeless|spd|1
|
|turn|29
|
|move|p1a: Sankt Hans|Draco Meteor|p2a: Hopeless
|-supereffective|p2a: Hopeless
|-damage|p2a: Hopeless|185\/364
|-unboost|p1a: Sankt Hans|spa|2
|-damage|p1a: Sankt Hans|241\/299|[from] item: Life Orb
|move|p2a: Hopeless|Roost|p2a: Hopeless
|-heal|p2a: Hopeless|364\/364
|
|turn|30
|
|switch|p1a: Landorus-Therian|Landorus-Therian, M|198\/382
|-ability|p1a: Landorus-Therian|Intimidate|[of] p2a: Hopeless
|-unboost|p2a: Hopeless|atk|1
|move|p2a: Hopeless|Dragon Pulse|p1a: Landorus-Therian
|-damage|p1a: Landorus-Therian|0 fnt
|faint|p1a: Landorus-Therian
|
|
|switch|p1a: Sankt Hans|Latios, M|241\/299
|turn|31
|
|move|p1a: Sankt Hans|Draco Meteor|p2a: Hopeless
|-supereffective|p2a: Hopeless
|-damage|p2a: Hopeless|198\/364
|-unboost|p1a: Sankt Hans|spa|2
|-damage|p1a: Sankt Hans|212\/299|[from] item: Life Orb
|move|p2a: Hopeless|Roost|p2a: Hopeless
|-heal|p2a: Hopeless|364\/364
|
|turn|32
|
|move|p1a: Sankt Hans|Draco Meteor|p2a: Hopeless
|-supereffective|p2a: Hopeless
|-damage|p2a: Hopeless|278\/364
|-unboost|p1a: Sankt Hans|spa|2
|-damage|p1a: Sankt Hans|183\/299|[from] item: Life Orb
|move|p2a: Hopeless|Dragon Pulse|p1a: Sankt Hans
|-supereffective|p1a: Sankt Hans
|-damage|p1a: Sankt Hans|0 fnt
|faint|p1a: Sankt Hans
|
|
|switch|p1a: Forgotten Bday|Talonflame, M|164\/297
|turn|33
|
|move|p1a: Forgotten Bday|Brave Bird|p2a: Hopeless
|-damage|p2a: Hopeless|128\/364
|-damage|p1a: Forgotten Bday|114\/297|[from] recoil|[of] p2a: Hopeless
|move|p2a: Hopeless|Dragon Pulse|p1a: Forgotten Bday
|-damage|p1a: Forgotten Bday|0 fnt
|faint|p1a: Forgotten Bday
|
|win|ShaneSugarCane
|raw|Ladder updating...
|raw|widetomato's rating: 1412 &rarr; <strong>1394<\/strong><br \/>(-18 for losing)
|raw|ShaneSugarCane's rating: 1445 &rarr; <strong>1463<\/strong><br \/>(+18 for winning)
|c|âShaneSugarCane|gg
|leave|widetomato
|player|p1