|join|WideTomato
|join|andrefelipesrg
|player|p1|WideTomato|102
|player|p2|andrefelipesrg|1
|gametype|singles
|gen|6
|tier|OU (suspect test)
|rated
|clearpoke
|poke|p1|Landorus, M
|poke|p1|Thundurus, M
|poke|p1|Gengar, F
|poke|p1|Tyranitar, F
|poke|p1|Bisharp, M
|poke|p1|Terrakion
|poke|p2|Volcarona, M
|poke|p2|Garchomp, F
|poke|p2|Ditto
|poke|p2|Umbreon, M
|poke|p2|Venusaur, M
|poke|p2|Espeon, F
|rule|Swagger Clause: Swagger is banned
|rule|Baton Pass Clause: Limit one PokÃ©mon knowing Baton Pass
|rule|Sleep Clause Mod: Limit one foe put to sleep
|rule|Species Clause: Limit one of each PokÃ©mon
|rule|OHKO Clause: OHKO moves are banned
|rule|Moody Clause: Moody is banned
|rule|Evasion Moves Clause: Evasion moves are banned
|rule|Endless Battle Clause: Forcing endless battles is banned
|rule|HP Percentage Mod: HP is reported as percentages
|teampreview
|
|start
|switch|p1a: Terrakion|Terrakion|324\/324
|switch|p2a: Venusaur|Venusaur, M|364\/364
|turn|1
|
|detailschange|p2a: Venusaur|Venusaur-Mega, M
|message|Venusaur has Mega Evolved into Mega Venusaur!
|move|p1a: Terrakion|Stone Edge|p2a: Venusaur
|-damage|p2a: Venusaur|262\/364
|move|p2a: Venusaur|Giga Drain|p1a: Terrakion
|-supereffective|p1a: Terrakion
|-damage|p1a: Terrakion|90\/324
|-heal|p2a: Venusaur|364\/364|[from] drain|[of] p1a: Terrakion
|
|turn|2
|
|switch|p1a: Bisharp|Bisharp, M|279\/279
|move|p2a: Venusaur|Leech Seed|p1a: Bisharp|[miss]
|-miss|p2a: Venusaur|p1a: Bisharp
|
|turn|3
|
|move|p1a: Bisharp|Swords Dance|p1a: Bisharp
|-boost|p1a: Bisharp|atk|2
|move|p2a: Venusaur|Leech Seed|p1a: Bisharp
|-start|p1a: Bisharp|move: Leech Seed
|
|-damage|p1a: Bisharp|245\/279|[from] Leech Seed|[of] p2a: Venusaur
|turn|4
|
|switch|p2a: Umbreon|Umbreon, M|394\/394
|move|p1a: Bisharp|Swords Dance|p1a: Bisharp
|-boost|p1a: Bisharp|atk|2
|
|-damage|p1a: Bisharp|211\/279|[from] Leech Seed|[of] p2a: Umbreon
|turn|5
|
|move|p1a: Bisharp|Iron Head|p2a: Umbreon
|-damage|p2a: Umbreon|0 fnt
|faint|p2a: Umbreon
|
|
|switch|p2a: Volcarona|Volcarona, M|312\/312
|turn|6
|
|move|p2a: Volcarona|Fiery Dance|p1a: Bisharp
|-supereffective|p1a: Bisharp
|-damage|p1a: Bisharp|0 fnt
|faint|p1a: Bisharp
|
|
|switch|p1a: Terrakion|Terrakion|90\/324
|turn|7
|
|move|p1a: Terrakion|Stealth Rock|p2a: Volcarona
|-sidestart|p2: andrefelipesrg|move: Stealth Rock
|move|p2a: Volcarona|Giga Drain|p1a: Terrakion
|-supereffective|p1a: Terrakion
|-damage|p1a: Terrakion|0 fnt
|faint|p1a: Terrakion
|
|
|switch|p1a: Landorus|Landorus, M|320\/320
|turn|8
|
|move|p1a: Landorus|Earth Power|p2a: Volcarona
|-damage|p2a: Volcarona|85\/312
|-enditem|p2a: Volcarona|Sitrus Berry|[eat]
|-heal|p2a: Volcarona|163\/312|[from] item: Sitrus Berry
|move|p2a: Volcarona|Quiver Dance|p2a: Volcarona
|-boost|p2a: Volcarona|spa|1
|-boost|p2a: Volcarona|spd|1
|-boost|p2a: Volcarona|spe|1
|
|turn|9
|
|move|p2a: Volcarona|Giga Drain|p1a: Landorus
|-crit|p1a: Landorus
|-damage|p1a: Landorus|58\/320
|-heal|p2a: Volcarona|294\/312|[from] drain|[of] p1a: Landorus
|move|p1a: Landorus|Earth Power|p2a: Volcarona
|-damage|p2a: Volcarona|125\/312
|
|turn|10
|
|switch|p1a: Gengar|Gengar, F|262\/262
|move|p2a: Volcarona|Giga Drain|p1a: Gengar
|-resisted|p1a: Gengar
|-damage|p1a: Gengar|169\/262
|-heal|p2a: Volcarona|172\/312|[from] drain|[of] p1a: Gengar
|
|turn|11
|
|move|p1a: Gengar|Shadow Ball|p2a: Volcarona
|-damage|p2a: Volcarona|73\/312
|-unboost|p2a: Volcarona|spd|1
|move|p2a: Volcarona|Fiery Dance|p1a: Gengar
|-damage|p1a: Gengar|0 fnt
|-boost|p2a: Volcarona|spa|1
|faint|p1a: Gengar
|
|
|switch|p1a: Tyranitar|Tyranitar, F|342\/342
|-weather|Sandstorm
|turn|12
|
|detailschange|p1a: Tyranitar|Tyranitar-Mega, F
|message|Tyranitar has Mega Evolved into Mega Tyranitar!
|move|p2a: Volcarona|Giga Drain|p1a: Tyranitar
|-supereffective|p1a: Tyranitar
|-damage|p1a: Tyranitar|128\/342
|-heal|p2a: Volcarona|180\/312|[from] drain|[of] p1a: Tyranitar
|move|p1a: Tyranitar|Crunch|p2a: Volcarona
|-damage|p2a: Volcarona|0 fnt
|-status|p1a: Tyranitar|brn
|faint|p2a: Volcarona
|
|-weather|Sandstorm|[upkeep]
|-damage|p1a: Tyranitar|86\/342 brn|[from] brn
|-message|WideTomato forfeited.
|
|win|andrefelipesrg
|raw|Ladder updating...
|leave|WideTomato
|player|p1
|raw|WideTomato's rating: 1000 &rarr; <strong>1000<\/strong><br \/>(+0 for losing)
|raw|andrefelipesrg's rating: 1035 &rarr; <strong>1066<\/strong><br \/>(+31 for winning)