|join|widetomato
|join|Luka555
|player|p1|widetomato|102
|player|p2|Luka555|64
|gametype|doubles
|gen|6
|tier|Smogon Doubles
|rated
|clearpoke
|poke|p1|Tyranitar, F
|poke|p1|Klefki, M
|poke|p1|Excadrill, F
|poke|p1|Ferrothorn, F
|poke|p1|Espeon, F
|poke|p1|Conkeldurr, M
|poke|p2|Ditto
|poke|p2|Honchkrow, F
|poke|p2|Lucario, M
|poke|p2|Bronzong
|poke|p2|Umbreon, F
|poke|p2|Milotic, M
|rule|Species Clause: Limit one of each PokÃ©mon
|rule|OHKO Clause: OHKO moves are banned
|rule|Moody Clause: Moody is banned
|rule|Evasion Abilities Clause: Evasion abilities are banned
|rule|Evasion Moves Clause: Evasion moves are banned
|rule|Endless Battle Clause: Forcing endless battles is banned
|rule|HP Percentage Mod: HP is reported as percentages
|teampreview
|
|start
|switch|p1a: Tyranitar|Tyranitar, F|342\/342
|switch|p1b: Klefki|Klefki, M|318\/318
|switch|p2a: Bronzong|Bronzong|296\/296
|switch|p2b: Milotic|Milotic, M|352\/352
|-ability|p1a: Tyranitar|Unnerve|p2: Luka555
|turn|1
|
|detailschange|p1a: Tyranitar|Tyranitar-Mega, F
|message|Tyranitar has Mega Evolved into Mega Tyranitar!
|-weather|Sandstorm
|move|p1b: Klefki|Safeguard|p1b: Klefki
|-sidestart|p1: widetomato|Safeguard
|move|p1a: Tyranitar|Dragon Dance|p1a: Tyranitar
|-boost|p1a: Tyranitar|atk|1
|-boost|p1a: Tyranitar|spe|1
|move|p2b: Milotic|Aqua Tail|p1a: Tyranitar
|-supereffective|p1a: Tyranitar
|-damage|p1a: Tyranitar|240\/342
|move|p2a: Bronzong|Gyro Ball|p1b: Klefki
|-damage|p1b: Klefki|270\/318
|
|-weather|Sandstorm|[upkeep]
|-damage|p2b: Milotic|330\/352|[from] sandstorm
|-heal|p1b: Klefki|289\/318|[from] item: Leftovers
|turn|2
|
|move|p1b: Klefki|Swagger|p1a: Tyranitar
|-boost|p1a: Tyranitar|atk|2
|move|p1a: Tyranitar|Rock Slide|p2b: Milotic
|-resisted|p2a: Bronzong
|-damage|p2a: Bronzong|162\/296
|-crit|p2b: Milotic
|-damage|p2b: Milotic|0 fnt
|faint|p2b: Milotic
|move|p2a: Bronzong|Ancient Power|p1b: Klefki
|-resisted|p1b: Klefki
|-damage|p1b: Klefki|265\/318
|
|-weather|Sandstorm|[upkeep]
|-heal|p1b: Klefki|284\/318|[from] item: Leftovers
|
|switch|p2b: Honchkrow|Honchkrow, F|362\/362
|turn|3
|
|move|p1b: Klefki|Swagger|p1a: Tyranitar
|-boost|p1a: Tyranitar|atk|2
|move|p1a: Tyranitar|Rock Slide|p2b: Honchkrow
|-crit|p2a: Bronzong
|-resisted|p2a: Bronzong
|-damage|p2a: Bronzong|0 fnt
|-supereffective|p2b: Honchkrow
|-damage|p2b: Honchkrow|0 fnt
|faint|p2a: Bronzong
|faint|p2b: Honchkrow
|
|-weather|Sandstorm|[upkeep]
|-heal|p1b: Klefki|303\/318|[from] item: Leftovers
|
|switch|p2a: Lucario|Lucario, M|302\/302
|switch|p2b: Ditto|Ditto|258\/258
|turn|4
|chat|widetomato|tell em ''ay a got swagger''
|
|detailschange|p2a: Lucario|Lucario-Mega, M
|message|Lucario has Mega Evolved into Mega Lucario!
|move|p1b: Klefki|Substitute|p1b: Klefki
|-start|p1b: Klefki|Substitute
|-damage|p1b: Klefki|224\/318
|move|p1a: Tyranitar|Crunch|p2b: Ditto
|-damage|p2b: Ditto|0 fnt
|faint|p2b: Ditto
|move|p2a: Lucario|Aura Sphere|p1b: Klefki
|-end|p1b: Klefki|Substitute
|
|-weather|Sandstorm|[upkeep]
|-heal|p1b: Klefki|243\/318|[from] item: Leftovers
|
|switch|p2b: Umbreon|Umbreon, F|352\/352
|turn|5
|
|move|p1b: Klefki|Substitute|p1b: Klefki
|-start|p1b: Klefki|Substitute
|-damage|p1b: Klefki|164\/318
|move|p1a: Tyranitar|Crunch|p2a: Lucario
|-resisted|p2a: Lucario
|-damage|p2a: Lucario|0 fnt
|faint|p2a: Lucario
|move|p2b: Umbreon|Iron Tail|p1b: Klefki
|-activate|p1b: Klefki|Substitute|[damage]
|
|-weather|none
|-heal|p1b: Klefki|183\/318|[from] item: Leftovers
|-sideend|p1: widetomato|Safeguard
|turn|6
|
|move|p1a: Tyranitar|Rock Slide|p2b: Umbreon
|-miss|p1a: Tyranitar|p2b: Umbreon
|move|p1b: Klefki|Foul Play|p2b: Umbreon
|-resisted|p2b: Umbreon
|-damage|p2b: Umbreon|326\/352
|move|p2b: Umbreon|Shadow Ball|p1a: Tyranitar
|-resisted|p1a: Tyranitar
|-damage|p1a: Tyranitar|221\/342
|
|-heal|p1b: Klefki|202\/318|[from] item: Leftovers
|turn|7
|
|move|p1a: Tyranitar|Rock Slide|p2b: Umbreon
|-damage|p2b: Umbreon|0 fnt
|faint|p2b: Umbreon
|
|win|widetomato
|raw|Ladder updating...
|raw|widetomato's rating: 1040 &rarr; <strong>1070<\/strong><br \/>(+30 for winning)
|raw|Luka555's rating: 1000 &rarr; <strong>1000<\/strong><br \/>(+0 for losing)
|leave|widetomato
|player|p1