|join|Sachi_Shimazu
|join|Spammernoob
|player|p1|Sachi_Shimazu|199
|player|p2|Spammernoob|102
|gametype|singles
|gen|6
|tier|OU
|clearpoke
|poke|p1|Arcanine, M
|poke|p1|Roserade, F
|poke|p1|Sableye, M
|poke|p1|Skarmory, F
|poke|p1|Clefable, M
|poke|p1|Drapion, F
|poke|p2|Sableye, M, shiny
|poke|p2|Scizor, F
|poke|p2|Tyranitar, M
|poke|p2|Bisharp, F, shiny
|poke|p2|Crawdaunt, M, shiny
|poke|p2|Greninja, M, shiny
|rule|Swagger Clause: Swagger is banned
|rule|Baton Pass Clause: Limit one PokÃ©mon knowing Baton Pass
|rule|Sleep Clause Mod: Limit one foe put to sleep
|rule|Species Clause: Limit one of each PokÃ©mon
|rule|OHKO Clause: OHKO moves are banned
|rule|Moody Clause: Moody is banned
|rule|Evasion Moves Clause: Evasion moves are banned
|rule|Endless Battle Clause: Forcing endless battles is banned
|rule|HP Percentage Mod: HP is shown in percentages
|teampreview
|c|âSachi_Shimazu|gl
|c|âSpammernoob|Dang
|c|âSpammernoob|U2
|
|start
|switch|p1a: Gertrund|Roserade, F|262\/262
|switch|p2a: GOD-zilla|Tyranitar, M|404\/404
|-weather|Sandstorm
|turn|1
|c|âSachi_Shimazu|Run, it's Godzilla
|
|move|p1a: Gertrund|Giga Drain|p2a: GOD-zilla
|-crit|p2a: GOD-zilla
|-supereffective|p2a: GOD-zilla
|-damage|p2a: GOD-zilla|204\/404
|move|p2a: GOD-zilla|Stealth Rock|p1a: Gertrund
|-sidestart|p1: Sachi_Shimazu|move: Stealth Rock
|
|-weather|Sandstorm|[upkeep]
|-damage|p1a: Gertrund|246\/262|[from] sandstorm
|-heal|p1a: Gertrund|262\/262|[from] item: Black Sludge
|-heal|p2a: GOD-zilla|229\/404|[from] item: Leftovers
|turn|2
|c|âSpammernoob|Crit does 0
|c|âSpammernoob|:]
|
|switch|p1a: Ymir|Clefable, M|394\/394
|move|p2a: GOD-zilla|Fire Blast|p1a: Ymir
|-damage|p1a: Ymir|333\/394
|
|-weather|Sandstorm|[upkeep]
|-heal|p2a: GOD-zilla|254\/404|[from] item: Leftovers
|turn|3
|c|âSachi_Shimazu|Lol
|
|switch|p2a: Spammer #1|Bisharp, F, shiny|272\/272
|move|p1a: Ymir|Drain Punch|p2a: Spammer #1
|-supereffective|p2a: Spammer #1
|-damage|p2a: Spammer #1|36\/272
|-heal|p1a: Ymir|394\/394|[from] drain|[of] p2a: Spammer #1
|
|-weather|Sandstorm|[upkeep]
|turn|4
|c|âSpammernoob|wtf.
|c|âSachi_Shimazu|Teehee
|
|switch|p2a: 1 Rupee! :|Sableye, M, shiny|304\/304
|move|p1a: Ymir|Fire Punch|p2a: 1 Rupee! :
|-damage|p2a: 1 Rupee! :|256\/304
|
|-weather|Sandstorm|[upkeep]
|-damage|p2a: 1 Rupee! :|237\/304|[from] sandstorm
|turn|5
|
|switch|p1a: Angus|Arcanine, M|321\/321
|-damage|p1a: Angus|241\/321|[from] Stealth Rock
|move|p2a: 1 Rupee! :|Will-O-Wisp|p1a: Angus
|-start|p1a: Angus|ability: Flash Fire
|
|-weather|none
|turn|6
|c|âSachi_Shimazu|;P
|
|switch|p2a: GOD-zilla|Tyranitar, M|254\/404
|-weather|Sandstorm
|move|p1a: Angus|Flare Blitz|p2a: GOD-zilla
|-resisted|p2a: GOD-zilla
|-damage|p2a: GOD-zilla|110\/404
|-damage|p1a: Angus|193\/321|[from] recoil|[of] p2a: GOD-zilla
|
|-weather|Sandstorm|[upkeep]
|-damage|p1a: Angus|173\/321|[from] sandstorm
|-heal|p2a: GOD-zilla|135\/404|[from] item: Leftovers
|turn|7
|c|âSpammernoob|OK. lol
|
|move|p1a: Angus|Flare Blitz|p2a: GOD-zilla
|-resisted|p2a: GOD-zilla
|-damage|p2a: GOD-zilla|0 fnt
|-damage|p1a: Angus|128\/321|[from] recoil|[of] p2a: GOD-zilla
|faint|p2a: GOD-zilla
|
|-weather|Sandstorm|[upkeep]
|-damage|p1a: Angus|108\/321|[from] sandstorm
|
|switch|p2a: Spammer #2|Crawdaunt, M, shiny|267\/267
|turn|8
|c|âSachi_Shimazu|Yahoo
|
|move|p1a: Angus|Extreme Speed|p2a: Spammer #2
|-damage|p2a: Spammer #2|159\/267
|move|p2a: Spammer #2|Swords Dance|p2a: Spammer #2
|-boost|p2a: Spammer #2|atk|2
|
|-weather|Sandstorm|[upkeep]
|-damage|p1a: Angus|88\/321|[from] sandstorm
|-damage|p2a: Spammer #2|143\/267|[from] sandstorm
|turn|9
|
|move|p1a: Angus|Extreme Speed|p2a: Spammer #2
|-damage|p2a: Spammer #2|45\/267
|move|p2a: Spammer #2|Aqua Jet|p1a: Angus
|-supereffective|p1a: Angus
|-damage|p1a: Angus|0 fnt
|-damage|p2a: Spammer #2|19\/267|[from] item: Life Orb
|faint|p1a: Angus
|
|-weather|Sandstorm|[upkeep]
|-damage|p2a: Spammer #2|3\/267|[from] sandstorm
|c|âSpammernoob|Lemme get 1 more
|
|switch|p1a: Nate|Sableye, M|304\/304
|-damage|p1a: Nate|266\/304|[from] Stealth Rock
|turn|10
|
|move|p1a: Nate|Shadow Sneak|p2a: Spammer #2
|-crit|p2a: Spammer #2
|-resisted|p2a: Spammer #2
|-damage|p2a: Spammer #2|0 fnt
|faint|p2a: Spammer #2
|
|-weather|none
|-heal|p1a: Nate|285\/304|[from] item: Leftovers
|c|âSachi_Shimazu|Nope
|
|switch|p2a: 1 Rupee! :|Sableye, M, shiny|237\/304
|turn|11
|
|move|p2a: 1 Rupee! :|Will-O-Wisp|p1a: Nate
|-status|p1a: Nate|brn
|move|p1a: Nate|Confuse Ray|p2a: 1 Rupee! :
|-start|p2a: 1 Rupee! :|confusion
|
|-heal|p1a: Nate|304\/304 brn|[from] item: Leftovers
|-damage|p1a: Nate|266\/304 brn|[from] brn
|turn|12
|
|detailschange|p2a: 1 Rupee! :|Sableye-Mega, M, shiny
|message|Sableye has Mega Evolved into Mega Sableye!
|-activate|p2a: 1 Rupee! :|confusion
|-damage|p2a: 1 Rupee! :|224\/304|[from] confusion
|move|p1a: Nate|Knock Off|p2a: 1 Rupee! :
|-damage|p2a: 1 Rupee! :|205\/304
|
|-heal|p1a: Nate|285\/304 brn|[from] item: Leftovers
|-damage|p1a: Nate|247\/304 brn|[from] brn
|turn|13
|
|switch|p1a: Gertrund|Roserade, F|262\/262
|-damage|p1a: Gertrund|230\/262|[from] Stealth Rock
|-end|p2a: 1 Rupee! :|confusion
|move|p2a: 1 Rupee! :|Calm Mind|p2a: 1 Rupee! :
|-boost|p2a: 1 Rupee! :|spa|1
|-boost|p2a: 1 Rupee! :|spd|1
|
|-heal|p1a: Gertrund|246\/262|[from] item: Black Sludge
|turn|14
|c|âSpammernoob|I give up. OwO
|c|âSachi_Shimazu|K
|
|move|p1a: Gertrund|Dazzling Gleam|p2a: 1 Rupee! :
|-supereffective|p2a: 1 Rupee! :
|-damage|p2a: 1 Rupee! :|95\/304
|move|p2a: 1 Rupee! :|Recover|p2a: 1 Rupee! :
|-heal|p2a: 1 Rupee! :|247\/304
|
|-heal|p1a: Gertrund|262\/262|[from] item: Black Sludge
|turn|15
|c|âSpammernoob|These sets...
|
|switch|p2a: .69 Caliber|Scizor, F|319\/319
|move|p1a: Gertrund|Dazzling Gleam|p2a: .69 Caliber
|-crit|p2a: .69 Caliber
|-resisted|p2a: .69 Caliber
|-damage|p2a: .69 Caliber|242\/319
|
|turn|16
|
|move|p1a: Gertrund|Shadow Ball|p2a: .69 Caliber
|-damage|p2a: .69 Caliber|131\/319
|move|p2a: .69 Caliber|U-turn|p1a: Gertrund
|-damage|p1a: Gertrund|0 fnt
|faint|p1a: Gertrund
|c|âSpammernoob|Pretty legit
|c|âSachi_Shimazu|O_O
|
|switch|p2a: 1 Rupee! :|Sableye-Mega, M, shiny|247\/304
|
|c|âSachi_Shimazu|Dan
|
|switch|p1a: Noire|Drapion, F|281\/281
|-damage|p1a: Noire|246\/281|[from] Stealth Rock
|turn|17
|c|âSpammernoob|Lemme real quick show you the sweep
|
|move|p1a: Noire|Cross Poison|p2a: 1 Rupee! :
|-resisted|p2a: 1 Rupee! :
|-damage|p2a: 1 Rupee! :|214\/304
|move|p2a: 1 Rupee! :|Will-O-Wisp|p1a: Noire
|-status|p1a: Noire|brn
|
|-damage|p1a: Noire|211\/281 brn|[from] brn
|turn|18
|
|move|p1a: Noire|Night Slash|p2a: 1 Rupee! :
|-damage|p2a: 1 Rupee! :|186\/304
|move|p2a: 1 Rupee! :|Calm Mind|p2a: 1 Rupee! :
|-boost|p2a: 1 Rupee! :|spa|1
|-boost|p2a: 1 Rupee! :|spd|1
|
|-damage|p1a: Noire|176\/281 brn|[from] brn
|turn|19
|c|âSachi_Shimazu|CRIT DAMN YOU!!!!
|
|move|p1a: Noire|Night Slash|p2a: 1 Rupee! :
|-damage|p2a: 1 Rupee! :|153\/304
|move|p2a: 1 Rupee! :|Recover|p2a: 1 Rupee! :
|-heal|p2a: 1 Rupee! :|304\/304
|
|-damage|p1a: Noire|141\/281 brn|[from] brn
|turn|20
|c|âSpammernoob|lol
|c|âSpammernoob|Crit would still do nothing
|c|âSachi_Shimazu|I can't
|c|âSachi_Shimazu|To high Defense
|
|move|p1a: Noire|Night Slash|p2a: 1 Rupee! :
|-damage|p2a: 1 Rupee! :|273\/304
|move|p2a: 1 Rupee! :|Calm Mind|p2a: 1 Rupee! :
|-boost|p2a: 1 Rupee! :|spa|1
|-boost|p2a: 1 Rupee! :|spd|1
|
|-damage|p1a: Noire|106\/281 brn|[from] brn
|turn|21
|c|âSpammernoob|Poison would actually do more
|
|move|p1a: Noire|Cross Poison|p2a: 1 Rupee! :
|-resisted|p2a: 1 Rupee! :
|-damage|p2a: 1 Rupee! :|258\/304
|move|p2a: 1 Rupee! :|Calm Mind|p2a: 1 Rupee! :
|-boost|p2a: 1 Rupee! :|spa|1
|-boost|p2a: 1 Rupee! :|spd|1
|
|-damage|p1a: Noire|71\/281 brn|[from] brn
|turn|22
|c|âSachi_Shimazu|I know
|c|âSachi_Shimazu|...But
|
|move|p1a: Noire|Cross Poison|p2a: 1 Rupee! :
|-crit|p2a: 1 Rupee! :
|-resisted|p2a: 1 Rupee! :
|-damage|p2a: 1 Rupee! :|227\/304
|move|p2a: 1 Rupee! :|Calm Mind|p2a: 1 Rupee! :
|-boost|p2a: 1 Rupee! :|spa|1
|-boost|p2a: 1 Rupee! :|spd|1
|
|-damage|p1a: Noire|36\/281 brn|[from] brn
|turn|23
|c|âSpammernoob|Woot
|c|âSpammernoob|Burn-stall
|c|âSachi_Shimazu|Noire refuses to do anything I want
|
|move|p1a: Noire|Cross Poison|p2a: 1 Rupee! :
|-crit|p2a: 1 Rupee! :
|-resisted|p2a: 1 Rupee! :
|-damage|p2a: 1 Rupee! :|193\/304
|move|p2a: 1 Rupee! :|Calm Mind|p2a: 1 Rupee! :
|-boost|p2a: 1 Rupee! :|spa|1
|-boost|p2a: 1 Rupee! :|spd|1
|
|-damage|p1a: Noire|1\/281 brn|[from] brn
|turn|24
|c|âSpammernoob|:O
|c|âSpammernoob|2 in a row
|
|move|p1a: Noire|Cross Poison|p2a: 1 Rupee! :
|-resisted|p2a: 1 Rupee! :
|-damage|p2a: 1 Rupee! :|177\/304
|move|p2a: 1 Rupee! :|Recover|p2a: 1 Rupee! :
|-heal|p2a: 1 Rupee! :|304\/304
|
|-damage|p1a: Noire|0 fnt|[from] brn
|faint|p1a: Noire
|c|âSpammernoob|:3
|c|âSachi_Shimazu|STUPID FREAKING WHY!!!!!!
|
|switch|p1a: Nate|Sableye, M|247\/304 brn
|-damage|p1a: Nate|209\/304 brn|[from] Stealth Rock
|turn|25
|
|move|p1a: Nate|Knock Off|p2a: 1 Rupee! :
|-damage|p2a: 1 Rupee! :|286\/304
|move|p2a: 1 Rupee! :|Shadow Ball|p1a: Nate
|-damage|p1a: Nate|0 fnt
|faint|p1a: Nate
|
|
|switch|p1a: Ymir|Clefable, M|394\/394
|turn|26
|
|move|p1a: Ymir|Meteor Mash|p2a: 1 Rupee! :|[miss]
|-miss|p1a: Ymir|p2a: 1 Rupee! :
|move|p2a: 1 Rupee! :|Will-O-Wisp|p1a: Ymir|[miss]
|-miss|p2a: 1 Rupee! :|p1a: Ymir
|
|turn|27
|c|âSpammernoob|xD
|
|move|p1a: Ymir|Meteor Mash|p2a: 1 Rupee! :
|-damage|p2a: 1 Rupee! :|241\/304
|move|p2a: 1 Rupee! :|Shadow Ball|p1a: Ymir
|-damage|p1a: Ymir|205\/394
|
|turn|28
|
|move|p1a: Ymir|Meteor Mash|p2a: 1 Rupee! :
|-damage|p2a: 1 Rupee! :|199\/304
|-boost|p1a: Ymir|atk|1
|move|p2a: 1 Rupee! :|Shadow Ball|p1a: Ymir
|-damage|p1a: Ymir|9\/394
|
|turn|29
|
|move|p1a: Ymir|Meteor Mash|p2a: 1 Rupee! :
|-damage|p2a: 1 Rupee! :|136\/304
|move|p2a: 1 Rupee! :|Recover|p2a: 1 Rupee! :
|-heal|p2a: 1 Rupee! :|288\/304
|
|turn|30
|
|move|p1a: Ymir|Meteor Mash|p2a: 1 Rupee! :
|-damage|p2a: 1 Rupee! :|227\/304
|move|p2a: 1 Rupee! :|Shadow Ball|p1a: Ymir
|-damage|p1a: Ymir|0 fnt
|faint|p1a: Ymir
|
|c|âSpammernoob|Lovin' it
|c|âSpammernoob|gg tho
|c|âSachi_Shimazu|Something Something Maccas
|c|âSpammernoob|Dem scary sets
|
|switch|p1a: Sky|Skarmory, F|272\/272
|-damage|p1a: Sky|238\/272|[from] Stealth Rock
|turn|31
|c|âSpammernoob|Got me
|
|move|p2a: 1 Rupee! :|Shadow Ball|p1a: Sky
|-damage|p1a: Sky|0 fnt
|faint|p1a: Sky
|
|win|Spammernoob
|c|âSachi_Shimazu|T_T GG
|c|âSpammernoob|Drain Punch Clef of all things
|c|âSpammernoob|:[
|c|âSachi_Shimazu|:D
|c|âSachi_Shimazu|That is fun to use
|c|âSpammernoob|And Shadow Sneak Sableye
|c|âSachi_Shimazu|I like to troll
|c|âSachi_Shimazu|With weird movesets
|c|âSpammernoob|I was like "He's going to WoW me so might as well get off a crap ton of damage"
|c|âSachi_Shimazu|Nope
|c|âSpammernoob|And then I die to a Shadow Sneak
|c|âSpammernoob|RIP Crawdaunt.
|c|âSachi_Shimazu|:P
|c|âSachi_Shimazu|My drapion does nothing I want it too...
|leave|Sachi_Shimazu
|player|p1