|join|YouHoney
|join|Spammernoob
|player|p1|YouHoney|94
|player|p2|Spammernoob|169
|gametype|singles
|gen|6
|tier|OU
|clearpoke
|poke|p1|Crawdaunt, M
|poke|p1|Altaria, F
|poke|p1|Magnezone
|poke|p1|Conkeldurr, M
|poke|p1|Mamoswine, F
|poke|p1|Rotom-Wash
|poke|p2|Greninja, M
|poke|p2|Latias, F
|poke|p2|Bisharp, F
|poke|p2|Metagross
|poke|p2|Crawdaunt, F
|poke|p2|Tyranitar, F
|rule|Swagger Clause: Swagger is banned
|rule|Baton Pass Clause: Limit one PokÃ©mon knowing Baton Pass
|rule|Sleep Clause Mod: Limit one foe put to sleep
|rule|Species Clause: Limit one of each PokÃ©mon
|rule|OHKO Clause: OHKO moves are banned
|rule|Moody Clause: Moody is banned
|rule|Evasion Moves Clause: Evasion moves are banned
|rule|Endless Battle Clause: Forcing endless battles is banned
|rule|HP Percentage Mod: HP is shown in percentages
|teampreview
|c|âSpammernoob|Found the right team. lol
|c|âYouHoney|xD
|c|âYouHoney|this is gonna be a diaster xD
|c|âYouHoney|Disaster xD
|
|start
|switch|p1a: Magnezone|Magnezone|281\/281
|switch|p2a: Crawdaunt|Crawdaunt, F|267\/267
|turn|1
|
|switch|p2a: Tyranitar|Tyranitar, F|404\/404
|-weather|Sandstorm
|move|p1a: Magnezone|Thunderbolt|p2a: Tyranitar
|-damage|p2a: Tyranitar|337\/404
|
|-weather|Sandstorm|[upkeep]
|turn|2
|
|move|p2a: Tyranitar|Pursuit|p1a: Magnezone|[from]Pursuit
|-damage|p1a: Magnezone|179\/281
|switch|p1a: Rotom-Wash|Rotom-Wash|303\/303
|
|-weather|Sandstorm|[upkeep]
|-damage|p1a: Rotom-Wash|285\/303|[from] sandstorm
|-heal|p1a: Rotom-Wash|303\/303|[from] item: Leftovers
|turn|3
|
|switch|p2a: Latias|Latias, F|319\/319
|move|p1a: Rotom-Wash|Hydro Pump|p2a: Latias
|-resisted|p2a: Latias
|-damage|p2a: Latias|261\/319
|
|-weather|Sandstorm|[upkeep]
|-damage|p2a: Latias|242\/319|[from] sandstorm
|-damage|p1a: Rotom-Wash|285\/303|[from] sandstorm
|-heal|p1a: Rotom-Wash|303\/303|[from] item: Leftovers
|turn|4
|
|move|p2a: Latias|Draco Meteor|p1a: Rotom-Wash
|-damage|p1a: Rotom-Wash|72\/303
|-unboost|p2a: Latias|spa|2
|-damage|p2a: Latias|211\/319|[from] item: Life Orb
|move|p1a: Rotom-Wash|Volt Switch|p2a: Latias
|-resisted|p2a: Latias
|-damage|p2a: Latias|175\/319
|
|switch|p1a: Altaria|Altaria, F|292\/292
|
|-weather|Sandstorm|[upkeep]
|-damage|p2a: Latias|156\/319|[from] sandstorm
|-damage|p1a: Altaria|274\/292|[from] sandstorm
|turn|5
|
|switch|p2a: Metagross|Metagross|301\/301
|detailschange|p1a: Altaria|Altaria-Mega, F
|message|Altaria has Mega Evolved into Mega Altaria!
|move|p1a: Altaria|Hyper Voice|p2a: Metagross
|-resisted|p2a: Metagross
|-damage|p2a: Metagross|187\/301
|
|-weather|none
|turn|6
|
|detailschange|p2a: Metagross|Metagross-Mega
|message|Metagross has Mega Evolved into Mega Metagross!
|move|p2a: Metagross|Bullet Punch|p1a: Altaria
|-supereffective|p1a: Altaria
|-damage|p1a: Altaria|70\/292
|move|p1a: Altaria|Fire Blast|p2a: Metagross
|-supereffective|p2a: Metagross
|-damage|p2a: Metagross|0 fnt
|faint|p2a: Metagross
|
|
|switch|p2a: Greninja|Greninja, M|285\/285
|turn|7
|
|move|p2a: Greninja|Ice Beam|p1a: Altaria
|-start|p2a: Greninja|typechange|Ice|[from] Protean
|-supereffective|p1a: Altaria
|-damage|p1a: Altaria|0 fnt
|-damage|p2a: Greninja|257\/285|[from] item: Life Orb
|faint|p1a: Altaria
|
|
|switch|p1a: Conkeldurr|Conkeldurr, M|351\/351
|turn|8
|c|âSpammernoob|Crap... I think I lost this one
|
|switch|p2a: Latias|Latias, F|156\/319
|move|p1a: Conkeldurr|Ice Punch|p2a: Latias
|-supereffective|p2a: Latias
|-damage|p2a: Latias|0 fnt
|faint|p2a: Latias
|
|
|switch|p2a: Crawdaunt|Crawdaunt, F|267\/267
|turn|9
|
|move|p1a: Conkeldurr|Mach Punch|p2a: Crawdaunt
|-supereffective|p2a: Crawdaunt
|-damage|p2a: Crawdaunt|79\/267
|move|p2a: Crawdaunt|Crabhammer|p1a: Conkeldurr
|-damage|p1a: Conkeldurr|10\/351
|-damage|p2a: Crawdaunt|53\/267|[from] item: Life Orb
|
|turn|10
|c|âYouHoney|We will see
|c|âSpammernoob|OMG swag
|
|move|p2a: Crawdaunt|Aqua Jet|p1a: Conkeldurr
|-damage|p1a: Conkeldurr|0 fnt
|-damage|p2a: Crawdaunt|27\/267|[from] item: Life Orb
|faint|p1a: Conkeldurr
|
|c|âYouHoney|no!
|
|switch|p1a: Crawdaunt|Crawdaunt, M|268\/268
|turn|11
|
|move|p1a: Crawdaunt|Aqua Jet|p2a: Crawdaunt
|-crit|p2a: Crawdaunt
|-resisted|p2a: Crawdaunt
|-damage|p2a: Crawdaunt|0 fnt
|-damage|p1a: Crawdaunt|242\/268|[from] item: Life Orb
|faint|p2a: Crawdaunt
|
|
|switch|p2a: Bisharp|Bisharp, F|271\/271
|turn|12
|
|move|p2a: Bisharp|Low Kick|p1a: Crawdaunt
|-supereffective|p1a: Crawdaunt
|-damage|p1a: Crawdaunt|11\/268
|-damage|p2a: Bisharp|244\/271|[from] item: Life Orb
|move|p1a: Crawdaunt|Knock Off|p2a: Bisharp
|-resisted|p2a: Bisharp
|-damage|p2a: Bisharp|83\/271
|-enditem|p2a: Bisharp|Life Orb|[from] move: Knock Off|[of] p1a: Crawdaunt
|-damage|p1a: Crawdaunt|0 fnt|[from] item: Life Orb
|faint|p1a: Crawdaunt
|
|c|âSpammernoob|O_o
|
|switch|p1a: Magnezone|Magnezone|179\/281
|turn|13
|c|âSpammernoob|Craw2Bulky
|
|move|p2a: Bisharp|Sucker Punch|p1a: Magnezone
|-damage|p1a: Magnezone|55\/281
|move|p1a: Magnezone|Hidden Power|p2a: Bisharp
|-supereffective|p2a: Bisharp
|-damage|p2a: Bisharp|0 fnt
|faint|p2a: Bisharp
|
|
|switch|p2a: Greninja|Greninja, M|257\/285
|turn|14
|c|âYouHoney|oh maaaaaaaan
|
|move|p2a: Greninja|Hydro Pump|p1a: Magnezone|[miss]
|-start|p2a: Greninja|typechange|Water|[from] Protean
|-miss|p2a: Greninja|p1a: Magnezone
|move|p1a: Magnezone|Hidden Power|p2a: Greninja
|-resisted|p2a: Greninja
|-damage|p2a: Greninja|207\/285
|
|turn|15
|c|âYouHoney|choiced
|
|move|p2a: Greninja|Hydro Pump|p1a: Magnezone
|-damage|p1a: Magnezone|0 fnt
|-damage|p2a: Greninja|179\/285|[from] item: Life Orb
|faint|p1a: Magnezone
|
|c|âSpammernoob|I know
|
|switch|p1a: Rotom-Wash|Rotom-Wash|72\/303
|turn|16
|c|âSpammernoob|Scarf.
|c|âYouHoney|yeah
|
|move|p2a: Greninja|Grass Knot|p1a: Rotom-Wash
|-start|p2a: Greninja|typechange|Grass|[from] Protean
|-supereffective|p1a: Rotom-Wash
|-damage|p1a: Rotom-Wash|0 fnt
|-damage|p2a: Greninja|151\/285|[from] item: Life Orb
|faint|p1a: Rotom-Wash
|
|
|switch|p1a: Mamoswine|Mamoswine, F|361\/361
|turn|17
|
|switch|p2a: Tyranitar|Tyranitar, F|337\/404
|-weather|Sandstorm
|move|p1a: Mamoswine|Ice Shard|p2a: Tyranitar
|-damage|p2a: Tyranitar|275\/404
|-damage|p1a: Mamoswine|325\/361|[from] item: Life Orb
|
|-weather|Sandstorm|[upkeep]
|turn|18
|c|âYouHoney|coming down to the wire
|
|move|p1a: Mamoswine|Earthquake|p2a: Tyranitar
|-supereffective|p2a: Tyranitar
|-damage|p2a: Tyranitar|0 fnt
|-damage|p1a: Mamoswine|289\/361|[from] item: Life Orb
|faint|p2a: Tyranitar
|
|-weather|Sandstorm|[upkeep]
|
|switch|p2a: Greninja|Greninja, M|151\/285
|turn|19
|
|move|p2a: Greninja|Grass Knot|p1a: Mamoswine
|-start|p2a: Greninja|typechange|Grass|[from] Protean
|-supereffective|p1a: Mamoswine
|-damage|p1a: Mamoswine|0 fnt
|-damage|p2a: Greninja|123\/285|[from] item: Life Orb
|faint|p1a: Mamoswine
|
|win|Spammernoob
|c|âSpammernoob|Woot, gg
|c|âYouHoney|GG :D
|c|âYouHoney|SO CLOSE!
|c|âSpammernoob|I misplayed w\/ Meta, glad Crawdaunt's bulk came through. <3
|c|âYouHoney|yeah
|c|âYouHoney|I was trying to freze dry
|c|âYouHoney|that would have been my victory
|c|âSpammernoob|Now you know why my Profile Pic is Craw. :3
|c|âYouHoney|yeah xD
|c|âYouHoney|I was suspecting it xD
|c|âSpammernoob|So OP. lol
|c|âSpammernoob|Dat Adaptability Knock Off
|c|âYouHoney|yeah. so good xD
|c|âSpammernoob|Did you notice that I don't have Dark Puls on Greninja?
|c|âYouHoney|no. you didnt use 4 moves xD
|c|âSpammernoob|I would've used it over Hydro Pump on Mag. lol
|c|âSpammernoob|My last was Gunk Shot