|join|Wiso Altred
|join|Spammernoob
|player|p1|Wiso Altred|164
|player|p2|Spammernoob|265
|gametype|singles
|gen|6
|tier|OU
|clearpoke
|poke|p1|Latias, F
|poke|p1|Kyurem-Black
|poke|p1|Salamence, M
|poke|p1|Kingdra, M
|poke|p1|Latios, M
|poke|p1|Zygarde
|poke|p2|Greninja, M
|poke|p2|Latias, F
|poke|p2|Bisharp, M
|poke|p2|Metagross
|poke|p2|Weavile, F
|poke|p2|Tyranitar, F
|rule|Swagger Clause: Swagger is banned
|rule|Baton Pass Clause: Limit one PokÃ©mon knowing Baton Pass
|rule|Sleep Clause Mod: Limit one foe put to sleep
|rule|Species Clause: Limit one of each PokÃ©mon
|rule|OHKO Clause: OHKO moves are banned
|rule|Moody Clause: Moody is banned
|rule|Evasion Moves Clause: Evasion moves are banned
|rule|Endless Battle Clause: Forcing endless battles is banned
|rule|HP Percentage Mod: HP is shown in percentages
|teampreview
|c|âSpammernoob|[
|c|âWiso Altred|it rly sucks when u cant change your team and your oppont knows your ever move
|c|âWiso Altred|but GLHF anhows
|c|âSpammernoob|lol D:
|
|start
|switch|p1a: Kingdra|Kingdra, M|291\/291
|switch|p2a: Tyranitar|Tyranitar, F|404\/404
|-weather|Sandstorm
|turn|1
|join|Darkest Ninja
|
|move|p1a: Kingdra|Rain Dance|p1a: Kingdra
|-weather|RainDance
|move|p2a: Tyranitar|Stone Edge|p1a: Kingdra
|-damage|p1a: Kingdra|135\/291
|
|-weather|RainDance|[upkeep]
|-heal|p1a: Kingdra|153\/291|[from] item: Leftovers
|turn|2
|leave|Darkest Ninja
|c|âWiso Altred|WHAT THE
|c|âWiso Altred|Dakrest?
Spammernoob made this room private.
|
|move|p1a: Kingdra|Surf|p2a: Tyranitar
|-supereffective|p2a: Tyranitar
|-damage|p2a: Tyranitar|104\/404
|move|p2a: Tyranitar|Stone Edge|p1a: Kingdra
|-damage|p1a: Kingdra|0 fnt
|faint|p1a: Kingdra
|
|-weather|RainDance|[upkeep]
|
|switch|p1a: Zygarde|Zygarde|358\/358
|-ability|p1a: Zygarde|Aura Break
|turn|3
|
|switch|p2a: Latias|Latias, F|319\/319
|move|p1a: Zygarde|Dragon Dance|p1a: Zygarde
|-boost|p1a: Zygarde|atk|1
|-boost|p1a: Zygarde|spe|1
|
|-weather|RainDance|[upkeep]
|turn|4
|
|move|p1a: Zygarde|Outrage|p2a: Latias
|-supereffective|p2a: Latias
|-damage|p2a: Latias|0 fnt
|faint|p2a: Latias
|
|-weather|RainDance|[upkeep]
|leave|Wiso Altred
|player|p1
|join|Wiso Altred
|player|p1|Wiso Altred|164
|c|âWiso Altred|TOTALLY ANA CCIDENT
|c|âSpammernoob|Oh. xD
|c|âWiso Altred|freken favorites tab
|
|switch|p2a: Metagross|Metagross|301\/301
|turn|5
|
|detailschange|p2a: Metagross|Metagross-Mega
|message|Metagross has Mega Evolved into Mega Metagross!
|move|p1a: Zygarde|Outrage|p2a: Metagross
|-resisted|p2a: Metagross
|-damage|p2a: Metagross|190\/301
|move|p2a: Metagross|Agility|p2a: Metagross
|-boost|p2a: Metagross|spe|2
|
|-end|p1a: Zygarde|rampage
|-start|p1a: Zygarde|confusion
|-weather|none
|turn|6
|
|move|p2a: Metagross|Meteor Mash|p1a: Zygarde|[miss]
|-miss|p2a: Metagross|p1a: Zygarde
|-activate|p1a: Zygarde|confusion
|-damage|p1a: Zygarde|307\/358|[from] confusion
|
|turn|7
|
|move|p2a: Metagross|Meteor Mash|p1a: Zygarde
|-damage|p1a: Zygarde|97\/358
|-activate|p1a: Zygarde|confusion
|-damage|p1a: Zygarde|41\/358|[from] confusion
|
|turn|8
|c|âSpammernoob|lol wat
|
|-end|p1a: Zygarde|confusion
|move|p1a: Zygarde|Extreme Speed|p2a: Metagross
|-resisted|p2a: Metagross
|-damage|p2a: Metagross|146\/301
|move|p2a: Metagross|Earthquake|p1a: Zygarde
|-damage|p1a: Zygarde|0 fnt
|faint|p1a: Zygarde
|
|
|switch|p1a: Latios|Latios, M|302\/302
|turn|9
|c|âSpammernoob|^That just happened, lol
|
|move|p2a: Metagross|Meteor Mash|p1a: Latios
|-crit|p1a: Latios
|-damage|p1a: Latios|0 fnt
|faint|p1a: Latios
|
|
|switch|p1a: Latias|Latias, F|301\/301
|turn|10
|c|âSpammernoob|RIP. :[
|c|âWiso Altred|gg
|
|detailschange|p1a: Latias|Latias-Mega, F
|message|Latias has Mega Evolved into Mega Latias!
|move|p2a: Metagross|Meteor Mash|p1a: Latias
|-damage|p1a: Latias|132\/301
|move|p1a: Latias|Dragon Pulse|p2a: Metagross
|-resisted|p2a: Metagross
|-damage|p2a: Metagross|89\/301
|
|turn|11
|
|move|p2a: Metagross|Meteor Mash|p1a: Latias
|-damage|p1a: Latias|0 fnt
|faint|p1a: Latias
|
|
|switch|p1a: Salamence|Salamence, M|331\/331
|turn|12
|c|âSpammernoob|So haxy. :[
|
|move|p2a: Metagross|Meteor Mash|p1a: Salamence
|-damage|p1a: Salamence|4\/331
|move|p1a: Salamence|Earthquake|p2a: Metagross
|-supereffective|p2a: Metagross
|-damage|p2a: Metagross|0 fnt
|faint|p2a: Metagross
|-boost|p1a: Salamence|atk|1|[from] ability: Moxie
|
|
|switch|p2a: Weavile|Weavile, F|281\/281
|turn|13
|c|âWiso Altred|i would be happy
|c|âWiso Altred|but
|c|âWiso Altred|i lost
|
|move|p1a: Salamence|Earthquake|p2a: Weavile
|-damage|p2a: Weavile|3\/281
|move|p2a: Weavile|Ice Punch|p1a: Salamence
|-supereffective|p1a: Salamence
|-damage|p1a: Salamence|0 fnt
|faint|p1a: Salamence
|
|c|âSpammernoob|WAT
|c|âSpammernoob|Crap
|
|switch|p1a: Kyurem-Black|Kyurem-Black|454\/454
|-ability|p1a: Kyurem-Black|Teravolt
|turn|14
|c|âSpammernoob|F8cked up my Weavile
|c|âWiso Altred|gg
|c|âSpammernoob|No Ice Shard. :[
|c|âWiso Altred|will u just kill me
|c|âSpammernoob|gg tho. D:
|
|move|p2a: Weavile|Low Kick|p1a: Kyurem-Black
|-supereffective|p1a: Kyurem-Black
|-damage|p1a: Kyurem-Black|198\/454
|move|p1a: Kyurem-Black|Fusion Bolt|p2a: Weavile
|-damage|p2a: Weavile|0 fnt
|faint|p2a: Weavile
|
|
|switch|p2a: Tyranitar|Tyranitar, F|104\/404
|-weather|Sandstorm
|turn|15
|
|move|p1a: Kyurem-Black|Fusion Bolt|p2a: Tyranitar
|-damage|p2a: Tyranitar|0 fnt
|faint|p2a: Tyranitar
|
|-weather|Sandstorm|[upkeep]
|-damage|p1a: Kyurem-Black|170\/454|[from] sandstorm
|
|switch|p2a: Greninja|Greninja, M|285\/285
|turn|16
|
|move|p2a: Greninja|Ice Beam|p1a: Kyurem-Black
|-start|p2a: Greninja|typechange|Ice|[from] Protean
|-damage|p1a: Kyurem-Black|0 fnt
|-damage|p2a: Greninja|257\/285|[from] item: Life Orb
|faint|p1a: Kyurem-Black
|
|win|Spammernoob
|c|âWiso Altred|gg
|c|âSpammernoob|gg. :[