|join|Spammernoob
|join|Gengar's Grin
|player|p1|Spammernoob|169
|player|p2|Gengar's Grin|165
|gametype|singles
|gen|6
|tier|OU
|clearpoke
|poke|p1|Amoonguss, F
|poke|p1|Slowbro, F
|poke|p1|Tornadus-Therian, M
|poke|p1|Clefable, F
|poke|p1|Landorus-Therian, M
|poke|p1|Zapdos
|poke|p2|Absol, M
|poke|p2|Latios, M
|poke|p2|Heatran, F
|poke|p2|Breloom, F
|poke|p2|Chansey, F
|poke|p2|Gengar, M
|rule|Swagger Clause: Swagger is banned
|rule|Baton Pass Clause: Limit one PokÃ©mon knowing Baton Pass
|rule|Sleep Clause Mod: Limit one foe put to sleep
|rule|Species Clause: Limit one of each PokÃ©mon
|rule|OHKO Clause: OHKO moves are banned
|rule|Moody Clause: Moody is banned
|rule|Evasion Moves Clause: Evasion moves are banned
|rule|Endless Battle Clause: Forcing endless battles is banned
|rule|HP Percentage Mod: HP is shown in percentages
|teampreview
|join|YouHoney
|c| YouHoney|O_o
|c|âSpammernoob|ouve never seen my troll teams, have you? :3
|
|start
|switch|p1a: Tornadus-Therian|Tornadus-Therian, M|361\/361
|switch|p2a: Absol|Absol, M|271\/271
|-ability|p2a: Absol|Pressure
|turn|1
|c| YouHoney|NU Absol?
|c|âGengar's Grin|I saw the one XD
|
|detailschange|p2a: Absol|Absol-Mega, M
|message|Absol has Mega Evolved into Mega Absol!
|move|p1a: Tornadus-Therian|Superpower|p2a: Absol
|-supereffective|p2a: Absol
|-damage|p2a: Absol|0 fnt
|-unboost|p1a: Tornadus-Therian|atk|1
|-unboost|p1a: Tornadus-Therian|def|1
|faint|p2a: Absol
|
|c|âSpammernoob|That one?
|c|âGengar's Grin|<\/3
|c|âSpammernoob|Steel-spam?
|
|switch|p2a: Latios|Latios, M|302\/302
|turn|2
|
|move|p1a: Tornadus-Therian|U-turn|p2a: Latios
|-supereffective|p2a: Latios
|-damage|p2a: Latios|206\/302
|
|switch|p1a: Clefable|Clefable, F|394\/394
|move|p2a: Latios|Psyshock|p1a: Clefable
|-damage|p1a: Clefable|206\/394
|-damage|p2a: Latios|176\/302|[from] item: Life Orb
|
|-heal|p1a: Clefable|230\/394|[from] item: Leftovers
|turn|3
|c|âGengar's Grin|I think I should forfiet, lolx
|
|switch|p2a: Heatran|Heatran, F|326\/326
|-item|p2a: Heatran|Air Balloon
|switch|p1a: Slowbro|Slowbro, F|393\/393
|
|turn|4
|c|âSpammernoob|lolz
|
|move|p2a: Heatran|Taunt|p1a: Slowbro
|-start|p1a: Slowbro|move: Taunt
|move|p1a: Slowbro|Psyshock|p2a: Heatran
|-resisted|p2a: Heatran
|-damage|p2a: Heatran|283\/326
|-enditem|p2a: Heatran|Air Balloon
|
|turn|5
|c|âSpammernoob|O_o
|
|move|p2a: Heatran|Stealth Rock|p1a: Slowbro
|-sidestart|p1: Spammernoob|move: Stealth Rock
|move|p1a: Slowbro|Scald|p2a: Heatran
|-supereffective|p2a: Heatran
|-damage|p2a: Heatran|115\/326
|
|turn|6
|c|âSpammernoob|:3
|
|switch|p2a: Breloom|Breloom, F|261\/261
|move|p1a: Slowbro|Scald|p2a: Breloom
|-resisted|p2a: Breloom
|-damage|p2a: Breloom|195\/261
|
|-end|p1a: Slowbro|move: Taunt
|turn|7
|
|switch|p1a: Tornadus-Therian|Tornadus-Therian, M|361\/361
|-damage|p1a: Tornadus-Therian|271\/361|[from] Stealth Rock
|move|p2a: Breloom|Bullet Seed|p1a: Tornadus-Therian
|-resisted|p1a: Tornadus-Therian
|-damage|p1a: Tornadus-Therian|224\/361
|-crit|p1a: Tornadus-Therian
|-resisted|p1a: Tornadus-Therian
|-damage|p1a: Tornadus-Therian|155\/361
|-resisted|p1a: Tornadus-Therian
|-damage|p1a: Tornadus-Therian|107\/361
|-resisted|p1a: Tornadus-Therian
|-damage|p1a: Tornadus-Therian|62\/361
|-resisted|p1a: Tornadus-Therian
|-damage|p1a: Tornadus-Therian|20\/361
|-hitcount|p1a: Tornadus-Therian|5
|
|turn|8
|c|âSpammernoob|:[
|
|switch|p1a: Amoonguss|Amoonguss, F|432\/432
|-damage|p1a: Amoonguss|378\/432|[from] Stealth Rock
|move|p2a: Breloom|Mach Punch|p1a: Amoonguss
|-resisted|p1a: Amoonguss
|-damage|p1a: Amoonguss|308\/432
|
|-heal|p1a: Amoonguss|335\/432|[from] item: Black Sludge
|turn|9
|
|switch|p2a: Heatran|Heatran, F|115\/326
|move|p1a: Amoonguss|Sludge Bomb|p2a: Heatran
|-immune|p2a: Heatran|[msg]
|
|-heal|p1a: Amoonguss|362\/432|[from] item: Black Sludge
|turn|10
|
|switch|p1a: Clefable|Clefable, F|230\/394
|move|p2a: Heatran|Will-O-Wisp|p1a: Clefable|[miss]
|-miss|p2a: Heatran|p1a: Clefable
|
|-heal|p1a: Clefable|254\/394|[from] item: Leftovers
|turn|11
|c|âSpammernoob|lol This Regen team OP
|
|move|p2a: Heatran|Taunt|p1a: Clefable
|-start|p1a: Clefable|move: Taunt
|cant|p1a: Clefable|move: Taunt|Soft-Boiled
|
|-heal|p1a: Clefable|278\/394|[from] item: Leftovers
|turn|12
|
|switch|p1a: Zapdos|Zapdos|383\/383
|-damage|p1a: Zapdos|288\/383|[from] Stealth Rock
|-ability|p1a: Zapdos|Pressure
|move|p2a: Heatran|Flamethrower|p1a: Zapdos
|-damage|p1a: Zapdos|123\/383
|
|-heal|p1a: Zapdos|146\/383|[from] item: Leftovers
|turn|13
|
|move|p2a: Heatran|Taunt|p1a: Zapdos
|-start|p1a: Zapdos|move: Taunt
|cant|p1a: Zapdos|move: Taunt|Defog
|
|-heal|p1a: Zapdos|169\/383|[from] item: Leftovers
|turn|14
|c|âSpammernoob|;-;
|
|move|p2a: Heatran|Flamethrower|p1a: Zapdos
|-damage|p1a: Zapdos|0 fnt
|faint|p1a: Zapdos
|
|c|âSpammernoob|Fast 'tran OP
|
|switch|p1a: Tornadus-Therian|Tornadus-Therian, M|140\/361
|-damage|p1a: Tornadus-Therian|50\/361|[from] Stealth Rock
|turn|15
|c|âGengar's Grin|I need those rocks :s
|
|switch|p2a: Gengar|Gengar, M|263\/263
|move|p1a: Tornadus-Therian|Superpower|p2a: Gengar
|-immune|p2a: Gengar|[msg]
|
|turn|16
|c|âSpammernoob|:s
|
|move|p1a: Tornadus-Therian|Knock Off|p2a: Gengar
|-supereffective|p2a: Gengar
|-damage|p2a: Gengar|37\/263
|-enditem|p2a: Gengar|Black Sludge|[from] move: Knock Off|[of] p1a: Tornadus-Therian
|move|p2a: Gengar|Sludge Wave|p1a: Tornadus-Therian
|-damage|p1a: Tornadus-Therian|0 fnt
|faint|p1a: Tornadus-Therian
|
|
|switch|p1a: Amoonguss|Amoonguss, F|432\/432
|-damage|p1a: Amoonguss|378\/432|[from] Stealth Rock
|turn|17
|c|âSpammernoob|O_o
|c|âGengar's Grin|It survived O.o
|
|move|p2a: Gengar|Sludge Wave|p1a: Amoonguss
|-damage|p1a: Amoonguss|243\/432
|move|p1a: Amoonguss|Sludge Bomb|p2a: Gengar
|-resisted|p2a: Gengar
|-damage|p2a: Gengar|10\/263
|
|-heal|p1a: Amoonguss|270\/432|[from] item: Black Sludge
|turn|18
|
|move|p2a: Gengar|Will-O-Wisp|p1a: Amoonguss
|-status|p1a: Amoonguss|brn
|move|p1a: Amoonguss|Spore|p2a: Gengar
|-status|p2a: Gengar|slp
|
|-heal|p1a: Amoonguss|297\/432 brn|[from] item: Black Sludge
|-damage|p1a: Amoonguss|243\/432 brn|[from] brn
|turn|19
|c|âGengar's Grin|Really
|
|switch|p2a: Chansey|Chansey, F|642\/642
|move|p1a: Amoonguss|Synthesis|p1a: Amoonguss
|-heal|p1a: Amoonguss|432\/432 brn
|
|-damage|p1a: Amoonguss|378\/432 brn|[from] brn
|turn|20
|c|âSpammernoob|lol
|
|switch|p1a: Clefable|Clefable, F|278\/394
|move|p2a: Chansey|Wish|p2a: Chansey
|
|-heal|p1a: Clefable|302\/394|[from] item: Leftovers
|turn|21
|
|switch|p2a: Heatran|Heatran, F|115\/326
|move|p1a: Clefable|Heal Bell|p1a: Clefable
|-cureteam|p1a: Clefable|[from] move: HealBell
|
|-heal|p2a: Heatran|326\/326|[from] move: Wish|[wisher] Chansey
|-heal|p1a: Clefable|326\/394|[from] item: Leftovers
|turn|22
|
|switch|p1a: Landorus-Therian|Landorus-Therian, M|382\/382
|-damage|p1a: Landorus-Therian|335\/382|[from] Stealth Rock
|-ability|p1a: Landorus-Therian|Intimidate|[of] p2a: Heatran
|-unboost|p2a: Heatran|atk|1
|move|p2a: Heatran|Taunt|p1a: Landorus-Therian
|-start|p1a: Landorus-Therian|move: Taunt
|
|-heal|p1a: Landorus-Therian|358\/382|[from] item: Leftovers
|turn|23
|
|switch|p2a: Gengar|Gengar, M|10\/263 slp
|move|p1a: Landorus-Therian|U-turn|p2a: Gengar
|-resisted|p2a: Gengar
|-damage|p2a: Gengar|0 fnt
|faint|p2a: Gengar
|
|switch|p1a: Slowbro|Slowbro, F|393\/393
|-damage|p1a: Slowbro|344\/393|[from] Stealth Rock
|
|
|switch|p2a: Latios|Latios, M|176\/302
|turn|24
|
|switch|p1a: Clefable|Clefable, F|326\/394
|move|p2a: Latios|Thunderbolt|p1a: Clefable
|-damage|p1a: Clefable|206\/394
|-damage|p2a: Latios|146\/302|[from] item: Life Orb
|
|-heal|p1a: Clefable|230\/394|[from] item: Leftovers
|turn|25
|
|switch|p2a: Chansey|Chansey, F|642\/642
|switch|p1a: Slowbro|Slowbro, F|393\/393
|-damage|p1a: Slowbro|344\/393|[from] Stealth Rock
|
|turn|26
|
|switch|p1a: Clefable|Clefable, F|230\/394
|move|p2a: Chansey|Toxic|p1a: Clefable
|-status|p1a: Clefable|tox
|
|-heal|p1a: Clefable|254\/394 tox|[from] item: Leftovers
|turn|27
|c|âSpammernoob|Having fun?
|
|move|p1a: Clefable|Stealth Rock|p2a: Chansey
|-sidestart|p2: Gengar's Grin|move: Stealth Rock
|move|p2a: Chansey|Seismic Toss|p1a: Clefable
|-damage|p1a: Clefable|154\/394 tox
|
|-heal|p1a: Clefable|178\/394 tox|[from] item: Leftovers
|turn|28
|
|move|p1a: Clefable|Soft-Boiled|p1a: Clefable
|-heal|p1a: Clefable|375\/394 tox
|move|p2a: Chansey|Wish|p2a: Chansey
|
|-heal|p1a: Clefable|394\/394 tox|[from] item: Leftovers
|turn|29
|c|âGengar's Grin|sure
|
|move|p1a: Clefable|Moonblast|p2a: Chansey
|-damage|p2a: Chansey|587\/642
|move|p2a: Chansey|Seismic Toss|p1a: Clefable
|-damage|p1a: Clefable|294\/394 tox
|
|-heal|p2a: Chansey|642\/642|[from] move: Wish|[wisher] Chansey
|-heal|p1a: Clefable|318\/394 tox|[from] item: Leftovers
|turn|30
|
|switch|p1a: Landorus-Therian|Landorus-Therian, M|358\/382
|-damage|p1a: Landorus-Therian|311\/382|[from] Stealth Rock
|-ability|p1a: Landorus-Therian|Intimidate|[of] p2a: Chansey
|-unboost|p2a: Chansey|atk|1
|switch|p2a: Heatran|Heatran, F|326\/326
|-damage|p2a: Heatran|286\/326|[from] Stealth Rock
|
|-heal|p1a: Landorus-Therian|334\/382|[from] item: Leftovers
|turn|31
|c|âSpammernoob|I'm not owo
|
|switch|p2a: Latios|Latios, M|146\/302
|-damage|p2a: Latios|109\/302|[from] Stealth Rock
|move|p1a: Landorus-Therian|Earthquake|p2a: Latios
|-immune|p2a: Latios|[msg]
|
|-heal|p1a: Landorus-Therian|357\/382|[from] item: Leftovers
|turn|32
|
|switch|p1a: Slowbro|Slowbro, F|393\/393
|-damage|p1a: Slowbro|344\/393|[from] Stealth Rock
|move|p2a: Latios|Psyshock|p1a: Slowbro
|-resisted|p1a: Slowbro
|-damage|p1a: Slowbro|279\/393
|-damage|p2a: Latios|79\/302|[from] item: Life Orb
|
|turn|33
|c|âSpammernoob|xD
|
|switch|p2a: Chansey|Chansey, F|642\/642
|-damage|p2a: Chansey|562\/642|[from] Stealth Rock
|switch|p1a: Clefable|Clefable, F|318\/394 tox
|
|-heal|p1a: Clefable|342\/394 tox|[from] item: Leftovers
|turn|34
|
|switch|p1a: Amoonguss|Amoonguss, F|432\/432
|-damage|p1a: Amoonguss|378\/432|[from] Stealth Rock
|move|p2a: Chansey|Wish|p2a: Chansey
|
|-heal|p1a: Amoonguss|405\/432|[from] item: Black Sludge
|turn|35
|
|switch|p2a: Latios|Latios, M|79\/302
|-damage|p2a: Latios|42\/302|[from] Stealth Rock
|move|p1a: Amoonguss|Spore|p2a: Latios
|-status|p2a: Latios|slp
|
|-heal|p2a: Latios|302\/302 slp|[from] move: Wish|[wisher] Chansey
|-heal|p1a: Amoonguss|432\/432|[from] item: Black Sludge
|turn|36
|
|switch|p1a: Landorus-Therian|Landorus-Therian, M|357\/382
|-damage|p1a: Landorus-Therian|310\/382|[from] Stealth Rock
|-ability|p1a: Landorus-Therian|Intimidate|[of] p2a: Latios
|-unboost|p2a: Latios|atk|1
|cant|p2a: Latios|slp
|
|-heal|p1a: Landorus-Therian|333\/382|[from] item: Leftovers
|turn|37
|c|âSpammernoob|;-;
|
|switch|p2a: Breloom|Breloom, F|195\/261
|-damage|p2a: Breloom|179\/261|[from] Stealth Rock
|move|p1a: Landorus-Therian|U-turn|p2a: Breloom
|-damage|p2a: Breloom|65\/261
|
|switch|p1a: Amoonguss|Amoonguss, F|432\/432
|-damage|p1a: Amoonguss|378\/432|[from] Stealth Rock
|
|-heal|p1a: Amoonguss|405\/432|[from] item: Black Sludge
|turn|38
|
|move|p2a: Breloom|Rock Tomb|p1a: Amoonguss
|-damage|p1a: Amoonguss|258\/432
|-unboost|p1a: Amoonguss|spe|1
|move|p1a: Amoonguss|Sludge Bomb|p2a: Breloom
|-supereffective|p2a: Breloom
|-damage|p2a: Breloom|0 fnt
|faint|p2a: Breloom
|
|-heal|p1a: Amoonguss|285\/432|[from] item: Black Sludge
|
|switch|p2a: Latios|Latios, M|302\/302 slp
|-damage|p2a: Latios|265\/302 slp|[from] Stealth Rock
|turn|39
|c|âSpammernoob|The endless battle O_o
|
|switch|p1a: Slowbro|Slowbro, F|393\/393
|-damage|p1a: Slowbro|344\/393|[from] Stealth Rock
|-curestatus|p2a: Latios|slp
|move|p2a: Latios|Psyshock|p1a: Slowbro
|-resisted|p1a: Slowbro
|-damage|p1a: Slowbro|283\/393
|-damage|p2a: Latios|235\/302|[from] item: Life Orb
|
|turn|40
|c|âGengar's Grin|I hope not
|
|switch|p1a: Clefable|Clefable, F|342\/394 tox
|move|p2a: Latios|Thunderbolt|p1a: Clefable
|-damage|p1a: Clefable|225\/394 tox
|-damage|p2a: Latios|205\/302|[from] item: Life Orb
|
|-heal|p1a: Clefable|249\/394 tox|[from] item: Leftovers
|turn|41
|c|âSpammernoob|Regenerator OP
|
|switch|p1a: Slowbro|Slowbro, F|393\/393
|-damage|p1a: Slowbro|344\/393|[from] Stealth Rock
|move|p2a: Latios|Psyshock|p1a: Slowbro
|-resisted|p1a: Slowbro
|-damage|p1a: Slowbro|278\/393
|-damage|p2a: Latios|175\/302|[from] item: Life Orb
|
|turn|42
|c|âSpammernoob|xD
|
|switch|p1a: Amoonguss|Amoonguss, F|429\/432
|-damage|p1a: Amoonguss|375\/432|[from] Stealth Rock
|move|p2a: Latios|Psyshock|p1a: Amoonguss
|-supereffective|p1a: Amoonguss
|-damage|p1a: Amoonguss|0 fnt
|-damage|p2a: Latios|145\/302|[from] item: Life Orb
|faint|p1a: Amoonguss
|
|c|âGengar's Grin|No stop
|c|âSpammernoob|O_o
|
|switch|p1a: Landorus-Therian|Landorus-Therian, M|333\/382
|-damage|p1a: Landorus-Therian|286\/382|[from] Stealth Rock
|-ability|p1a: Landorus-Therian|Intimidate|[of] p2a: Latios
|-unboost|p2a: Latios|atk|1
|turn|43
|
|switch|p1a: Clefable|Clefable, F|249\/394 tox
|move|p2a: Latios|Draco Meteor|p1a: Clefable
|-immune|p1a: Clefable|[msg]
|
|-heal|p1a: Clefable|273\/394 tox|[from] item: Leftovers
|turn|44
|c|âGengar's Grin|<\/3
|
|move|p2a: Latios|Draco Meteor|p1a: Clefable
|-immune|p1a: Clefable|[msg]
|move|p1a: Clefable|Soft-Boiled|p1a: Clefable
|-heal|p1a: Clefable|394\/394 tox
|
|turn|45
|c|âSpammernoob|xD
|
|switch|p2a: Heatran|Heatran, F|286\/326
|-damage|p2a: Heatran|246\/326|[from] Stealth Rock
|switch|p1a: Slowbro|Slowbro, F|393\/393
|-damage|p1a: Slowbro|344\/393|[from] Stealth Rock
|
|turn|46
|c|âSpammernoob|You broke my core. ;-;
|
|move|p2a: Heatran|Taunt|p1a: Slowbro
|-start|p1a: Slowbro|move: Taunt
|move|p1a: Slowbro|Scald|p2a: Heatran
|-crit|p2a: Heatran
|-supereffective|p2a: Heatran
|-damage|p2a: Heatran|0 fnt
|faint|p2a: Heatran
|
|
|switch|p2a: Chansey|Chansey, F|562\/642
|-damage|p2a: Chansey|482\/642|[from] Stealth Rock
|turn|47
|c|âSpammernoob|:D
|
|switch|p1a: Clefable|Clefable, F|394\/394 tox
|move|p2a: Chansey|Seismic Toss|p1a: Clefable
|-damage|p1a: Clefable|294\/394 tox
|
|-heal|p1a: Clefable|318\/394 tox|[from] item: Leftovers
|turn|48
|c|âGengar's Grin|And yet you're okay
|
|move|p1a: Clefable|Soft-Boiled|p1a: Clefable
|-heal|p1a: Clefable|394\/394 tox
|move|p2a: Chansey|Wish|p2a: Chansey
|
|turn|49
|c|âSpammernoob|Lovin' the LO stall. xD
|
|move|p1a: Clefable|Moonblast|p2a: Chansey
|-damage|p2a: Chansey|424\/642
|move|p2a: Chansey|Soft-Boiled|p2a: Chansey
|-heal|p2a: Chansey|642\/642
|
|turn|50
|c|âGengar's Grin|It's weird that that even works XD
|
|switch|p1a: Landorus-Therian|Landorus-Therian, M|286\/382
|-damage|p1a: Landorus-Therian|239\/382|[from] Stealth Rock
|-ability|p1a: Landorus-Therian|Intimidate|[of] p2a: Chansey
|-unboost|p2a: Chansey|atk|1
|move|p2a: Chansey|Seismic Toss|p1a: Landorus-Therian
|-damage|p1a: Landorus-Therian|139\/382
|
|-heal|p1a: Landorus-Therian|162\/382|[from] item: Leftovers
|turn|51
|
|move|p1a: Landorus-Therian|U-turn|p2a: Chansey
|-damage|p2a: Chansey|505\/642
|
|switch|p1a: Clefable|Clefable, F|394\/394 tox
|move|p2a: Chansey|Toxic|p1a: Clefable
|-fail|p1a: Clefable|tox
|
|turn|52
|c|âSpammernoob|xD
|
|move|p1a: Clefable|Moonblast|p2a: Chansey
|-damage|p2a: Chansey|453\/642
|move|p2a: Chansey|Soft-Boiled|p2a: Chansey
|-heal|p2a: Chansey|642\/642
|
|turn|53
|c|âSpammernoob|Legit this is PP stall
|c|âGengar's Grin|Imma cry
|
|move|p1a: Clefable|Stealth Rock|p2a: Chansey
|-fail|p2a: Chansey
|move|p2a: Chansey|Wish|p2a: Chansey
|
|turn|54
|c|âSpammernoob|;-;
|
|move|p1a: Clefable|Moonblast|p2a: Chansey
|-damage|p2a: Chansey|585\/642
|-unboost|p2a: Chansey|spa|1
|move|p2a: Chansey|Toxic|p1a: Clefable
|-fail|p1a: Clefable|tox
|
|-heal|p2a: Chansey|642\/642|[from] move: Wish|[wisher] Chansey
|turn|55
|c|âSpammernoob|I use Toxic when after you use Wish
|c|âSpammernoob|I mean Moonblast
|c|âSpammernoob|and I win. :3
|c|âGengar's Grin|:s
|
|move|p1a: Clefable|Stealth Rock|p2a: Chansey
|-fail|p2a: Chansey
|move|p2a: Chansey|Seismic Toss|p1a: Clefable
|-damage|p1a: Clefable|294\/394 tox
|
|-heal|p1a: Clefable|318\/394 tox|[from] item: Leftovers
|turn|56
|
|move|p1a: Clefable|Stealth Rock|p2a: Chansey
|-fail|p2a: Chansey
|move|p2a: Chansey|Seismic Toss|p1a: Clefable
|-damage|p1a: Clefable|218\/394 tox
|
|-heal|p1a: Clefable|242\/394 tox|[from] item: Leftovers
|turn|57
|c|âSpammernoob|xD
|
|move|p1a: Clefable|Soft-Boiled|p1a: Clefable
|-heal|p1a: Clefable|394\/394 tox
|move|p2a: Chansey|Toxic|p1a: Clefable
|-fail|p1a: Clefable|tox
|
|turn|58
|
|move|p1a: Clefable|Stealth Rock|p2a: Chansey
|-fail|p2a: Chansey
|move|p2a: Chansey|Toxic|p1a: Clefable
|-fail|p1a: Clefable|tox
|
|turn|59
|c|âSpammernoob|So swagtastic. :3
|
|move|p1a: Clefable|Stealth Rock|p2a: Chansey
|-fail|p2a: Chansey
|move|p2a: Chansey|Soft-Boiled|p2a: Chansey
|-fail|p2a: Chansey
|
|turn|60
|c|âGengar's Grin|\/me claps
|
|move|p1a: Clefable|Stealth Rock|p2a: Chansey
|-fail|p2a: Chansey
|move|p2a: Chansey|Soft-Boiled|p2a: Chansey
|-fail|p2a: Chansey
|
|turn|61
|
|move|p1a: Clefable|Stealth Rock|p2a: Chansey
|-fail|p2a: Chansey
|move|p2a: Chansey|Toxic|p1a: Clefable
|-fail|p1a: Clefable|tox
|
|turn|62
|
|move|p1a: Clefable|Stealth Rock|p2a: Chansey
|-fail|p2a: Chansey
|move|p2a: Chansey|Toxic|p1a: Clefable|[miss]
|-miss|p2a: Chansey|p1a: Clefable
|
|turn|63
|c|âSpammernoob|lol RIP
|c|âSpammernoob|Stallfest. :3
|
|move|p1a: Clefable|Stealth Rock|p2a: Chansey
|-fail|p2a: Chansey
|move|p2a: Chansey|Toxic|p1a: Clefable|[miss]
|-miss|p2a: Chansey|p1a: Clefable
|
|turn|64
|c|âGengar's Grin|<\/3
|c|âSpammernoob|16 PP tho
|
|move|p1a: Clefable|Stealth Rock|p2a: Chansey
|-fail|p2a: Chansey
|move|p2a: Chansey|Wish|p2a: Chansey
|
|turn|65
|c|âSpammernoob|vs. SR'ss 32
|
|move|p1a: Clefable|Moonblast|p2a: Chansey
|-damage|p2a: Chansey|588\/642
|move|p2a: Chansey|Seismic Toss|p1a: Clefable
|-damage|p1a: Clefable|294\/394 tox
|
|-heal|p2a: Chansey|642\/642|[from] move: Wish|[wisher] Chansey
|-heal|p1a: Clefable|318\/394 tox|[from] item: Leftovers
|turn|66
|c|âGengar's Grin|Ye... <\/3
|c|âSpammernoob|xD
|
|move|p1a: Clefable|Stealth Rock|p2a: Chansey
|-fail|p2a: Chansey
|move|p2a: Chansey|Seismic Toss|p1a: Clefable
|-damage|p1a: Clefable|218\/394 tox
|
|-heal|p1a: Clefable|242\/394 tox|[from] item: Leftovers
|turn|67
|c|âSpammernoob|Get out-stalled
|c|âGengar's Grin|No
|c|âGengar's Grin|I refuse
|
|move|p1a: Clefable|Stealth Rock|p2a: Chansey
|-fail|p2a: Chansey
|move|p2a: Chansey|Toxic|p1a: Clefable
|-fail|p1a: Clefable|tox
|
|-heal|p1a: Clefable|266\/394 tox|[from] item: Leftovers
|turn|68
|
|move|p1a: Clefable|Stealth Rock|p2a: Chansey
|-fail|p2a: Chansey
|move|p2a: Chansey|Toxic|p1a: Clefable
|-fail|p1a: Clefable|tox
|
|-heal|p1a: Clefable|290\/394 tox|[from] item: Leftovers
|turn|69
|c|âSpammernoob|Struggle-wars tho
|
|move|p1a: Clefable|Stealth Rock|p2a: Chansey
|-fail|p2a: Chansey
|move|p2a: Chansey|Toxic|p1a: Clefable|[miss]
|-miss|p2a: Chansey|p1a: Clefable
|
|-heal|p1a: Clefable|314\/394 tox|[from] item: Leftovers
|turn|70
|
|move|p1a: Clefable|Stealth Rock|p2a: Chansey
|-fail|p2a: Chansey
|move|p2a: Chansey|Wish|p2a: Chansey
|
|-heal|p1a: Clefable|338\/394 tox|[from] item: Leftovers
|turn|71
|
|move|p1a: Clefable|Stealth Rock|p2a: Chansey
|-fail|p2a: Chansey
|move|p2a: Chansey|Seismic Toss|p1a: Clefable
|-damage|p1a: Clefable|238\/394 tox
|
|-heal|p1a: Clefable|262\/394 tox|[from] item: Leftovers
|turn|72
|c|âSpammernoob|Derp. lol
|
|move|p1a: Clefable|Moonblast|p2a: Chansey
|-damage|p2a: Chansey|585\/642
|-unboost|p2a: Chansey|spa|1
|move|p2a: Chansey|Seismic Toss|p1a: Clefable
|-damage|p1a: Clefable|162\/394 tox
|
|-heal|p1a: Clefable|186\/394 tox|[from] item: Leftovers
|turn|73
|c|âGengar's Grin|:O 
|c|âGengar's Grin|Got it in yellow
|
|move|p1a: Clefable|Soft-Boiled|p1a: Clefable
|-heal|p1a: Clefable|383\/394 tox
|move|p2a: Chansey|Seismic Toss|p1a: Clefable
|-damage|p1a: Clefable|283\/394 tox
|
|-heal|p1a: Clefable|307\/394 tox|[from] item: Leftovers
|turn|74
|c|âGengar's Grin|<\/3
|
|move|p1a: Clefable|Stealth Rock|p2a: Chansey
|-fail|p2a: Chansey
|move|p2a: Chansey|Wish|p2a: Chansey
|
|-heal|p1a: Clefable|331\/394 tox|[from] item: Leftovers
|turn|75
|
|move|p1a: Clefable|Moonblast|p2a: Chansey
|-damage|p2a: Chansey|527\/642
|-unboost|p2a: Chansey|spa|1
|move|p2a: Chansey|Toxic|p1a: Clefable
|-fail|p1a: Clefable|tox
|
|-heal|p2a: Chansey|642\/642|[from] move: Wish|[wisher] Chansey
|-heal|p1a: Clefable|355\/394 tox|[from] item: Leftovers
|turn|76
|c|âSpammernoob|plz. lol
|c|âSpammernoob|Yay
|
|move|p1a: Clefable|Stealth Rock|p2a: Chansey
|-fail|p2a: Chansey
|move|p2a: Chansey|Wish|p2a: Chansey
|
|-heal|p1a: Clefable|379\/394 tox|[from] item: Leftovers
|turn|77
|c|âSpammernoob|Afraid you would switch to Lati
|
|move|p1a: Clefable|Moonblast|p2a: Chansey
|-damage|p2a: Chansey|588\/642
|move|p2a: Chansey|Seismic Toss|p1a: Clefable
|-damage|p1a: Clefable|279\/394 tox
|
|-heal|p2a: Chansey|642\/642|[from] move: Wish|[wisher] Chansey
|-heal|p1a: Clefable|303\/394 tox|[from] item: Leftovers
|turn|78
|c|âGengar's Grin|Yes, I'll just switch into a Moonblast please
|
|move|p1a: Clefable|Stealth Rock|p2a: Chansey
|-fail|p2a: Chansey
|move|p2a: Chansey|Toxic|p1a: Clefable|[miss]
|-miss|p2a: Chansey|p1a: Clefable
|
|-heal|p1a: Clefable|327\/394 tox|[from] item: Leftovers
|turn|79
|c|âSpammernoob|You're 16\/16\/16\/32
|c|âSpammernoob|I'm 24\/32\/16\/8
|c|âSpammernoob|Equal in stall levels. O_o
|c|âGengar's Grin|So the question is
|c|âGengar's Grin|Who used more before O.o
|c|âSpammernoob|You have 42 PP left
|c|âSpammernoob|I have46. :3
|
|move|p1a: Clefable|Stealth Rock|p2a: Chansey
|-fail|p2a: Chansey
|move|p2a: Chansey|Wish|p2a: Chansey
|
|-heal|p1a: Clefable|351\/394 tox|[from] item: Leftovers
|turn|80
|c|âGengar's Grin|How do you even know that lolz
|c|âSpammernoob|lol RIP this game
|c|âSpammernoob|The eternal...
|
|move|p1a: Clefable|Stealth Rock|p2a: Chansey
|-fail|p2a: Chansey
|move|p2a: Chansey|Seismic Toss|p1a: Clefable
|-damage|p1a: Clefable|251\/394 tox
|
|-heal|p1a: Clefable|275\/394 tox|[from] item: Leftovers
|turn|81
|
|switch|p2a: Latios|Latios, M|145\/302
|-damage|p2a: Latios|108\/302|[from] Stealth Rock
|move|p1a: Clefable|Stealth Rock|p2a: Latios
|-fail|p2a: Latios
|
|-heal|p1a: Clefable|299\/394 tox|[from] item: Leftovers
|turn|82
|c|âSpammernoob|stallfest
|
|move|p2a: Latios|Psyshock|p1a: Clefable
|-damage|p1a: Clefable|92\/394 tox
|-damage|p2a: Latios|78\/302|[from] item: Life Orb
|move|p1a: Clefable|Moonblast|p2a: Latios
|-supereffective|p2a: Latios
|-damage|p2a: Latios|0 fnt
|faint|p2a: Latios
|
|-heal|p1a: Clefable|116\/394 tox|[from] item: Leftovers
|c|âGengar's Grin|Oops
|c|âSpammernoob|:3
|
|switch|p2a: Chansey|Chansey, F|642\/642
|-damage|p2a: Chansey|562\/642|[from] Stealth Rock
|turn|83
|c|âSpammernoob|Don't even die to S-toss. :3
|
|move|p1a: Clefable|Soft-Boiled|p1a: Clefable
|-heal|p1a: Clefable|313\/394 tox
|move|p2a: Chansey|Seismic Toss|p1a: Clefable
|-damage|p1a: Clefable|213\/394 tox
|
|-heal|p1a: Clefable|237\/394 tox|[from] item: Leftovers
|turn|84
|
|move|p1a: Clefable|Stealth Rock|p2a: Chansey
|-fail|p2a: Chansey
|move|p2a: Chansey|Seismic Toss|p1a: Clefable
|-damage|p1a: Clefable|137\/394 tox
|
|-heal|p1a: Clefable|161\/394 tox|[from] item: Leftovers
|turn|85
|c|âGengar's Grin|I feel like forfieting
|c|âSpammernoob|lol 
|c|âGengar's Grin|But that would feel like losing :P
|
|move|p1a: Clefable|Soft-Boiled|p1a: Clefable
|-heal|p1a: Clefable|358\/394 tox
|move|p2a: Chansey|Toxic|p1a: Clefable
|-fail|p1a: Clefable|tox
|
|-heal|p1a: Clefable|382\/394 tox|[from] item: Leftovers
|turn|86
|c|âSpammernoob|Play it out. xD
|
|switch|p1a: Landorus-Therian|Landorus-Therian, M|162\/382
|-damage|p1a: Landorus-Therian|115\/382|[from] Stealth Rock
|-ability|p1a: Landorus-Therian|Intimidate|[of] p2a: Chansey
|-unboost|p2a: Chansey|atk|1
|move|p2a: Chansey|Seismic Toss|p1a: Landorus-Therian
|-damage|p1a: Landorus-Therian|15\/382
|
|-heal|p1a: Landorus-Therian|38\/382|[from] item: Leftovers
|turn|87
|
|move|p1a: Landorus-Therian|Earthquake|p2a: Chansey
|-damage|p2a: Chansey|274\/642
|move|p2a: Chansey|Seismic Toss|p1a: Landorus-Therian
|-damage|p1a: Landorus-Therian|0 fnt
|faint|p1a: Landorus-Therian
|
|c|âGengar's Grin|YAY
|c|âSpammernoob|lol
|
|switch|p1a: Slowbro|Slowbro, F|393\/393
|-damage|p1a: Slowbro|344\/393|[from] Stealth Rock
|turn|88
|
|switch|p1a: Clefable|Clefable, F|382\/394 tox
|move|p2a: Chansey|Wish|p2a: Chansey
|
|-heal|p1a: Clefable|394\/394 tox|[from] item: Leftovers
|turn|89
|c|âSpammernoob|PP-stall
|
|switch|p1a: Slowbro|Slowbro, F|393\/393
|-damage|p1a: Slowbro|344\/393|[from] Stealth Rock
|move|p2a: Chansey|Soft-Boiled|p2a: Chansey
|-heal|p2a: Chansey|595\/642
|
|-heal|p2a: Chansey|642\/642|[from] move: Wish|[wisher] Chansey
|turn|90
|c|âGengar's Grin|noooooo
|c|âSpammernoob|Switching ftw
|
|switch|p1a: Clefable|Clefable, F|394\/394 tox
|move|p2a: Chansey|Seismic Toss|p1a: Clefable
|-damage|p1a: Clefable|294\/394 tox
|
|-heal|p1a: Clefable|318\/394 tox|[from] item: Leftovers
|turn|91
|
|switch|p1a: Slowbro|Slowbro, F|393\/393
|-damage|p1a: Slowbro|344\/393|[from] Stealth Rock
|move|p2a: Chansey|Seismic Toss|p1a: Slowbro
|-damage|p1a: Slowbro|244\/393
|
|turn|92
|
|switch|p1a: Clefable|Clefable, F|318\/394 tox
|move|p2a: Chansey|Seismic Toss|p1a: Clefable
|-damage|p1a: Clefable|218\/394 tox
|
|-heal|p1a: Clefable|242\/394 tox|[from] item: Leftovers
|turn|93
|c|âSpammernoob|Dat Regenerator. xD
|
|switch|p1a: Slowbro|Slowbro, F|375\/393
|-damage|p1a: Slowbro|326\/393|[from] Stealth Rock
|move|p2a: Chansey|Toxic|p1a: Slowbro|[miss]
|-miss|p2a: Chansey|p1a: Slowbro
|
|turn|94
|c|âGengar's Grin|FUCK
|c|âSpammernoob|<_<
|
|switch|p1a: Clefable|Clefable, F|242\/394 tox
|move|p2a: Chansey|Seismic Toss|p1a: Clefable
|-damage|p1a: Clefable|142\/394 tox
|
|-heal|p1a: Clefable|166\/394 tox|[from] item: Leftovers
|turn|95
|c|âSpammernoob|>_>
|
|move|p1a: Clefable|Soft-Boiled|p1a: Clefable
|-heal|p1a: Clefable|363\/394 tox
|move|p2a: Chansey|Seismic Toss|p1a: Clefable
|-damage|p1a: Clefable|263\/394 tox
|
|-heal|p1a: Clefable|287\/394 tox|[from] item: Leftovers
|turn|96
|
|switch|p1a: Slowbro|Slowbro, F|393\/393
|-damage|p1a: Slowbro|344\/393|[from] Stealth Rock
|move|p2a: Chansey|Seismic Toss|p1a: Slowbro
|-damage|p1a: Slowbro|244\/393
|
|turn|97
|
|switch|p1a: Clefable|Clefable, F|287\/394 tox
|move|p2a: Chansey|Seismic Toss|p1a: Clefable
|-damage|p1a: Clefable|187\/394 tox
|
|-heal|p1a: Clefable|211\/394 tox|[from] item: Leftovers
|turn|98
|
|move|p1a: Clefable|Soft-Boiled|p1a: Clefable
|-heal|p1a: Clefable|394\/394 tox
|move|p2a: Chansey|Toxic|p1a: Clefable
|-fail|p1a: Clefable|tox
|
|turn|99
|
|switch|p1a: Slowbro|Slowbro, F|375\/393
|-damage|p1a: Slowbro|326\/393|[from] Stealth Rock
|move|p2a: Chansey|Seismic Toss|p1a: Slowbro
|-damage|p1a: Slowbro|226\/393
|
|turn|100
|
|switch|p1a: Clefable|Clefable, F|394\/394 tox
|move|p2a: Chansey|Seismic Toss|p1a: Clefable
|-damage|p1a: Clefable|294\/394 tox
|
|-heal|p1a: Clefable|318\/394 tox|[from] item: Leftovers
|turn|101
|c|âSpammernoob|This PP stall tho
|c|âGengar's Grin|HIT ME BRAH
|c|âSpammernoob|100 turns
|
|switch|p1a: Slowbro|Slowbro, F|357\/393
|-damage|p1a: Slowbro|308\/393|[from] Stealth Rock
|move|p2a: Chansey|Seismic Toss|p1a: Slowbro
|-damage|p1a: Slowbro|208\/393
|
|turn|102
|c|âGengar's Grin|\o\/
|
|switch|p1a: Clefable|Clefable, F|318\/394 tox
|move|p2a: Chansey|Seismic Toss|p1a: Clefable
|-damage|p1a: Clefable|218\/394 tox
|
|-heal|p1a: Clefable|242\/394 tox|[from] item: Leftovers
|turn|103
|
|move|p1a: Clefable|Stealth Rock|p2a: Chansey
|-fail|p2a: Chansey
|move|p2a: Chansey|Seismic Toss|p1a: Clefable
|-damage|p1a: Clefable|142\/394 tox
|
|-heal|p1a: Clefable|166\/394 tox|[from] item: Leftovers
|turn|104
|
|move|p1a: Clefable|Soft-Boiled|p1a: Clefable
|-heal|p1a: Clefable|363\/394 tox
|move|p2a: Chansey|Soft-Boiled|p2a: Chansey
|-fail|p2a: Chansey
|
|-heal|p1a: Clefable|387\/394 tox|[from] item: Leftovers
|turn|105
|
|switch|p1a: Slowbro|Slowbro, F|339\/393
|-damage|p1a: Slowbro|290\/393|[from] Stealth Rock
|move|p2a: Chansey|Soft-Boiled|p2a: Chansey
|-fail|p2a: Chansey
|
|turn|106
|
|switch|p1a: Clefable|Clefable, F|387\/394 tox
|move|p2a: Chansey|Soft-Boiled|p2a: Chansey
|-fail|p2a: Chansey
|
|-heal|p1a: Clefable|394\/394 tox|[from] item: Leftovers
|turn|107
|c|âSpammernoob|Ran out of Toxic and S-toss?
|
|switch|p1a: Slowbro|Slowbro, F|393\/393
|-damage|p1a: Slowbro|344\/393|[from] Stealth Rock
|move|p2a: Chansey|Soft-Boiled|p2a: Chansey
|-fail|p2a: Chansey
|
|turn|108
|
|detailschange|p1a: Slowbro|Slowbro-Mega, F
|message|Slowbro has Mega Evolved into Mega Slowbro!
|move|p2a: Chansey|Soft-Boiled|p2a: Chansey
|-fail|p2a: Chansey
|move|p1a: Slowbro|Calm Mind|p1a: Slowbro
|-boost|p1a: Slowbro|spa|1
|-boost|p1a: Slowbro|spd|1
|
|turn|109
|c|âGengar's Grin|wat
|c|âSpammernoob|Set-up time. :3
|
|move|p2a: Chansey|Seismic Toss|p1a: Slowbro
|-damage|p1a: Slowbro|244\/393
|move|p1a: Slowbro|Calm Mind|p1a: Slowbro
|-boost|p1a: Slowbro|spa|1
|-boost|p1a: Slowbro|spd|1
|
|turn|110
|
|move|p2a: Chansey|Seismic Toss|p1a: Slowbro
|-damage|p1a: Slowbro|144\/393
|move|p1a: Slowbro|Slack Off|p1a: Slowbro
|-heal|p1a: Slowbro|341\/393
|
|turn|111
|c|âGengar's Grin|You're mean <\/3
|c|âSpammernoob|1 more S-toss...
|
|move|p2a: Chansey|Seismic Toss|p1a: Slowbro
|-damage|p1a: Slowbro|241\/393
|move|p1a: Slowbro|Calm Mind|p1a: Slowbro
|-boost|p1a: Slowbro|spa|1
|-boost|p1a: Slowbro|spd|1
|
|turn|112
|c|âGengar's Grin|Wat if i told you
|c|âGengar's Grin|I had more than 1? :O
|
|move|p2a: Chansey|Wish|p2a: Chansey
|move|p1a: Slowbro|Slack Off|p1a: Slowbro
|-heal|p1a: Slowbro|393\/393
|
|turn|113
|c|âSpammernoob|5 more Wishes
|c|âGengar's Grin|how do you even know that 
|c|âSpammernoob|6 more Softboileds
|c|âGengar's Grin|\/me cries
|
|move|p2a: Chansey|Soft-Boiled|p2a: Chansey
|-fail|p2a: Chansey
|move|p1a: Slowbro|Calm Mind|p1a: Slowbro
|-boost|p1a: Slowbro|spa|1
|-boost|p1a: Slowbro|spd|1
|
|turn|114
|c|âSpammernoob|:3
|
|move|p2a: Chansey|Wish|p2a: Chansey
|move|p1a: Slowbro|Calm Mind|p1a: Slowbro
|-boost|p1a: Slowbro|spa|1
|-boost|p1a: Slowbro|spd|1
|
|turn|115
|c|âSpammernoob|^OMG Spammer is a hackorz
|c|âGengar's Grin|I will kill you with malice, lolx
|
|move|p2a: Chansey|Wish|p2a: Chansey
|-fail|p2a: Chansey
|move|p1a: Slowbro|Calm Mind|p1a: Slowbro
|-boost|p1a: Slowbro|spa|1
|-boost|p1a: Slowbro|spd|1
|
|turn|116
|c|âSpammernoob|lol
|
|move|p2a: Chansey|Wish|p2a: Chansey
|move|p1a: Slowbro|Psyshock|p2a: Chansey
|-damage|p2a: Chansey|0 fnt
|faint|p2a: Chansey
|
|win|Spammernoob
|c|âSpammernoob|+6 Psyshock. xD
|c|âSpammernoob|gg tho
|c|âGengar's Grin|ZOOM
|c|âGengar's Grin|GG
|c|âGengar's Grin|That zoom tho
|c|âSpammernoob|Saving this for all eternity.
|c|âSpammernoob|Posting this on the forums. lol
|c|âGengar's Grin|<\/3
|c| YouHoney|Woah O_o
|c|âGengar's Grin|y u so meen T_T
|c|âSpammernoob|xD