|join|Spammernoob
|join|Northwind's Call
|player|p1|Spammernoob|2
|player|p2|Northwind's Call|285
|gametype|singles
|gen|6
|tier|OU
|clearpoke
|poke|p1|Greninja, M
|poke|p1|Latias, F
|poke|p1|Bisharp, F
|poke|p1|Metagross
|poke|p1|Crawdaunt, F
|poke|p1|Tyranitar, F
|poke|p2|Tyranitar, F, shiny
|poke|p2|Scolipede, M, shiny
|poke|p2|Excadrill, F, shiny
|poke|p2|Keldeo
|poke|p2|Suicune, shiny
|poke|p2|Whimsicott, M, shiny
|rule|Swagger Clause: Swagger is banned
|rule|Baton Pass Clause: Limit one PokÃ©mon knowing Baton Pass
|rule|Sleep Clause Mod: Limit one foe put to sleep
|rule|Species Clause: Limit one of each PokÃ©mon
|rule|OHKO Clause: OHKO moves are banned
|rule|Moody Clause: Moody is banned
|rule|Evasion Moves Clause: Evasion moves are banned
|rule|Endless Battle Clause: Forcing endless battles is banned
|rule|HP Percentage Mod: HP is shown in percentages
|teampreview
|c|âSpammernoob|Changed mah team. :P
|c|âNorthwind's Call|hyperoni
|
|start
|switch|p1a: Tyranitar|Tyranitar, F|404\/404
|switch|p2a: â¬WHIMBAECOTTâ¬|Whimsicott, M, shiny|272\/272
|-weather|Sandstorm
|turn|1
|
|move|p2a: â¬WHIMBAECOTTâ¬|Stun Spore|p1a: Tyranitar
|-status|p1a: Tyranitar|par
|move|p1a: Tyranitar|Fire Blast|p2a: â¬WHIMBAECOTTâ¬
|-supereffective|p2a: â¬WHIMBAECOTTâ¬
|-damage|p2a: â¬WHIMBAECOTTâ¬|138\/272
|
|-weather|Sandstorm|[upkeep]
|-damage|p2a: â¬WHIMBAECOTTâ¬|121\/272|[from] sandstorm
|-heal|p2a: â¬WHIMBAECOTTâ¬|138\/272|[from] item: Leftovers
|turn|2
|
|move|p2a: â¬WHIMBAECOTTâ¬|Substitute|p2a: â¬WHIMBAECOTTâ¬
|-start|p2a: â¬WHIMBAECOTTâ¬|Substitute
|-damage|p2a: â¬WHIMBAECOTTâ¬|70\/272
|move|p1a: Tyranitar|Stone Edge|p2a: â¬WHIMBAECOTTâ¬
|-end|p2a: â¬WHIMBAECOTTâ¬|Substitute
|
|-weather|Sandstorm|[upkeep]
|-damage|p2a: â¬WHIMBAECOTTâ¬|53\/272|[from] sandstorm
|-heal|p2a: â¬WHIMBAECOTTâ¬|70\/272|[from] item: Leftovers
|turn|3
|c|âSpammernoob|Wait... can we put this on hold
Spammernoob made this room private.
|c|âNorthwind's Call|sure
|c|âSpammernoob|Fighting gui atm
|c|âSpammernoob|:[
|c|âNorthwind's Call|uhh
|c|âNorthwind's Call|why'd he leave
|c|âNorthwind's Call|?
|c|âSpammernoob|Wot
|
|switch|p2a: â¬KELBAEOâ¬|Keldeo|323\/323
|move|p1a: Tyranitar|Ice Beam|p2a: â¬KELBAEOâ¬
|-resisted|p2a: â¬KELBAEOâ¬
|-damage|p2a: â¬KELBAEOâ¬|286\/323
|
|-weather|Sandstorm|[upkeep]
|-damage|p2a: â¬KELBAEOâ¬|266\/323|[from] sandstorm
|turn|4
|
|switch|p2a: â¬TYRANIBAERâ¬|Tyranitar, F, shiny|395\/395
|switch|p1a: Latias|Latias, F|319\/319
|
|-weather|Sandstorm|[upkeep]
|-damage|p1a: Latias|300\/319|[from] sandstorm
|turn|5
|
|move|p1a: Latias|Draco Meteor|p2a: â¬TYRANIBAERâ¬
|-damage|p2a: â¬TYRANIBAERâ¬|212\/395
|-unboost|p1a: Latias|spa|2
|-damage|p1a: Latias|269\/319|[from] item: Life Orb
|move|p2a: â¬TYRANIBAERâ¬|Substitute|p2a: â¬TYRANIBAERâ¬
|-start|p2a: â¬TYRANIBAERâ¬|Substitute
|-damage|p2a: â¬TYRANIBAERâ¬|114\/395
|
|-weather|none
|turn|6
|
|switch|p1a: Tyranitar|Tyranitar, F|404\/404 par
|-weather|Sandstorm
|detailschange|p2a: â¬TYRANIBAERâ¬|Tyranitar-Mega, F, shiny
|message|Tyranitar has Mega Evolved into Mega Tyranitar!
|move|p2a: â¬TYRANIBAERâ¬|Crunch|p1a: Tyranitar
|-resisted|p1a: Tyranitar
|-damage|p1a: Tyranitar|342\/404 par
|
|-weather|Sandstorm|[upkeep]
|turn|7
|
|move|p2a: â¬TYRANIBAERâ¬|Stone Edge|p1a: Tyranitar
|-damage|p1a: Tyranitar|180\/404 par
|move|p1a: Tyranitar|Stone Edge|p2a: â¬TYRANIBAERâ¬
|-end|p2a: â¬TYRANIBAERâ¬|Substitute
|
|-weather|Sandstorm|[upkeep]
|turn|8
|c|âNorthwind's Call|oh whoa
|c|âNorthwind's Call|we get double wild cards
|c|âNorthwind's Call|i forgotterinod
|
|switch|p2a: â¬EXBAEDRILLâ¬|Excadrill, F, shiny|361\/361
|move|p1a: Tyranitar|Stone Edge|p2a: â¬EXBAEDRILLâ¬
|-resisted|p2a: â¬EXBAEDRILLâ¬
|-damage|p2a: â¬EXBAEDRILLâ¬|301\/361
|
|-weather|Sandstorm|[upkeep]
|turn|9
|c|âSpammernoob|2 battles at once. ;-;
|
|move|p2a: â¬EXBAEDRILLâ¬|Iron Head|p1a: Tyranitar
|-supereffective|p1a: Tyranitar
|-damage|p1a: Tyranitar|0 fnt
|-damage|p2a: â¬EXBAEDRILLâ¬|265\/361|[from] item: Life Orb
|faint|p1a: Tyranitar
|
|-weather|Sandstorm|[upkeep]
|
|switch|p1a: Crawdaunt|Crawdaunt, F|267\/267
|turn|10
|
|switch|p2a: â¬BAECUNEâ¬|Suicune, shiny|404\/404
|-ability|p2a: â¬BAECUNEâ¬|Pressure
|move|p1a: Crawdaunt|Knock Off|p2a: â¬BAECUNEâ¬
|-damage|p2a: â¬BAECUNEâ¬|183\/404
|-enditem|p2a: â¬BAECUNEâ¬|Leftovers|[from] move: Knock Off|[of] p1a: Crawdaunt
|-damage|p1a: Crawdaunt|241\/267|[from] item: Life Orb
|
|-weather|none
|turn|11
|
|move|p1a: Crawdaunt|Swords Dance|p1a: Crawdaunt
|-boost|p1a: Crawdaunt|atk|2
|move|p2a: â¬BAECUNEâ¬|Rest|p2a: â¬BAECUNEâ¬
|-status|p2a: â¬BAECUNEâ¬|slp
|-heal|p2a: â¬BAECUNEâ¬|404\/404 slp|[silent]
|-status|p2a: â¬BAECUNEâ¬|slp|[from] move: Rest
|
|turn|12
|
|move|p1a: Crawdaunt|Swords Dance|p1a: Crawdaunt
|-boost|p1a: Crawdaunt|atk|2
|cant|p2a: â¬BAECUNEâ¬|slp
|move|p2a: â¬BAECUNEâ¬|Sleep Talk|p2a: â¬BAECUNEâ¬
|move|p2a: â¬BAECUNEâ¬|Rest|p2a: â¬BAECUNEâ¬|[from]Sleep Talk
|-fail|p2a: â¬BAECUNEâ¬
|
|turn|13
|c|âSpammernoob|lol RIP
|
|move|p1a: Crawdaunt|Knock Off|p2a: â¬BAECUNEâ¬
|-damage|p2a: â¬BAECUNEâ¬|0 fnt
|-damage|p1a: Crawdaunt|215\/267|[from] item: Life Orb
|faint|p2a: â¬BAECUNEâ¬
|
|c|âNorthwind's Call|indeed
|
|switch|p2a: â¬WHIMBAECOTTâ¬|Whimsicott, M, shiny|70\/272
|turn|14
|
|move|p2a: â¬WHIMBAECOTTâ¬|Stun Spore|p1a: Crawdaunt|[miss]
|-miss|p2a: â¬WHIMBAECOTTâ¬|p1a: Crawdaunt
|move|p1a: Crawdaunt|Aqua Jet|p2a: â¬WHIMBAECOTTâ¬
|-resisted|p2a: â¬WHIMBAECOTTâ¬
|-damage|p2a: â¬WHIMBAECOTTâ¬|0 fnt
|-damage|p1a: Crawdaunt|189\/267|[from] item: Life Orb
|faint|p2a: â¬WHIMBAECOTTâ¬
|
|c|âNorthwind's Call|rip indeed
|
|switch|p2a: â¬KELBAEOâ¬|Keldeo|266\/323
|turn|15
|c|âSpammernoob|;-;
|
|switch|p1a: Latias|Latias, F|269\/319
|move|p2a: â¬KELBAEOâ¬|Secret Sword|p1a: Latias
|-resisted|p1a: Latias
|-damage|p1a: Latias|144\/319
|
|turn|16
|
|switch|p1a: Metagross|Metagross|301\/301
|switch|p2a: â¬EXBAEDRILLâ¬|Excadrill, F, shiny|265\/361
|
|turn|17
|
|switch|p1a: Bisharp|Bisharp, F|271\/271
|move|p2a: â¬EXBAEDRILLâ¬|Iron Head|p1a: Bisharp
|-resisted|p1a: Bisharp
|-damage|p1a: Bisharp|174\/271
|-damage|p2a: â¬EXBAEDRILLâ¬|229\/361|[from] item: Life Orb
|
|turn|18
|c|âNorthwind's Call|well
|c|âNorthwind's Call|not quite a latias
|
|move|p2a: â¬EXBAEDRILLâ¬|Earthquake|p1a: Bisharp
|-supereffective|p1a: Bisharp
|-damage|p1a: Bisharp|0 fnt
|-damage|p2a: â¬EXBAEDRILLâ¬|193\/361|[from] item: Life Orb
|faint|p1a: Bisharp
|
|
|switch|p1a: Greninja|Greninja, M|285\/285
|turn|19
|
|switch|p2a: â¬SCOLBAEPEDEâ¬|Scolipede, M, shiny|324\/324
|move|p1a: Greninja|Hydro Pump|p2a: â¬SCOLBAEPEDEâ¬
|-start|p1a: Greninja|typechange|Water|[from] Protean
|-damage|p2a: â¬SCOLBAEPEDEâ¬|34\/324
|-damage|p1a: Greninja|257\/285|[from] item: Life Orb
|
|-heal|p2a: â¬SCOLBAEPEDEâ¬|54\/324|[from] item: Leftovers
|turn|20
|
|move|p2a: â¬SCOLBAEPEDEâ¬|Protect|p2a: â¬SCOLBAEPEDEâ¬
|-singleturn|p2a: â¬SCOLBAEPEDEâ¬|Protect
|move|p1a: Greninja|Ice Beam|p2a: â¬SCOLBAEPEDEâ¬
|-start|p1a: Greninja|typechange|Ice|[from] Protean
|-activate|p2a: â¬SCOLBAEPEDEâ¬|Protect
|
|-heal|p2a: â¬SCOLBAEPEDEâ¬|74\/324|[from] item: Leftovers
|-boost|p2a: â¬SCOLBAEPEDEâ¬|spe|1|[from] ability: Speed Boost
|turn|21
|
|switch|p1a: Metagross|Metagross|301\/301
|move|p2a: â¬SCOLBAEPEDEâ¬|Baton Pass|p2a: â¬SCOLBAEPEDEâ¬
|
|switch|p2a: â¬EXBAEDRILLâ¬|Excadrill, F, shiny|193\/361
|
|turn|22
|
|switch|p1a: Latias|Latias, F|144\/319
|move|p2a: â¬EXBAEDRILLâ¬|Earthquake|p1a: Latias
|-immune|p1a: Latias|[msg]
|
|turn|23
|
|switch|p1a: Crawdaunt|Crawdaunt, F|189\/267
|move|p2a: â¬EXBAEDRILLâ¬|Iron Head|p1a: Crawdaunt
|-crit|p1a: Crawdaunt
|-resisted|p1a: Crawdaunt
|-damage|p1a: Crawdaunt|25\/267
|-damage|p2a: â¬EXBAEDRILLâ¬|157\/361|[from] item: Life Orb
|
|turn|24
|
|switch|p2a: â¬KELBAEOâ¬|Keldeo|266\/323
|switch|p1a: Metagross|Metagross|301\/301
|
|turn|25
|
|detailschange|p1a: Metagross|Metagross-Mega
|message|Metagross has Mega Evolved into Mega Metagross!
|move|p2a: â¬KELBAEOâ¬|Hydro Pump|p1a: Metagross
|-damage|p1a: Metagross|12\/301
|move|p1a: Metagross|Zen Headbutt|p2a: â¬KELBAEOâ¬
|-supereffective|p2a: â¬KELBAEOâ¬
|-damage|p2a: â¬KELBAEOâ¬|0 fnt
|faint|p2a: â¬KELBAEOâ¬
|
|c|âNorthwind's Call|!
|c|âSpammernoob|Predictions lol
|c|âNorthwind's Call|im sad
|c|âNorthwind's Call|that didnt ko
|
|switch|p2a: â¬SCOLBAEPEDEâ¬|Scolipede, M, shiny|74\/324
|turn|26
|
|move|p1a: Metagross|Bullet Punch|p2a: â¬SCOLBAEPEDEâ¬
|-damage|p2a: â¬SCOLBAEPEDEâ¬|0 fnt
|faint|p2a: â¬SCOLBAEPEDEâ¬
|
|
|switch|p2a: â¬EXBAEDRILLâ¬|Excadrill, F, shiny|157\/361
|turn|27
|c|âSpammernoob|gg
|
|move|p1a: Metagross|Earthquake|p2a: â¬EXBAEDRILLâ¬
|-crit|p2a: â¬EXBAEDRILLâ¬
|-supereffective|p2a: â¬EXBAEDRILLâ¬
|-damage|p2a: â¬EXBAEDRILLâ¬|0 fnt
|faint|p2a: â¬EXBAEDRILLâ¬
|
|c|âNorthwind's Call|gg
|
|switch|p2a: â¬TYRANIBAERâ¬|Tyranitar-Mega, F, shiny|114\/395
|-weather|Sandstorm
|turn|28
|
|move|p1a: Metagross|Earthquake|p2a: â¬TYRANIBAERâ¬
|-supereffective|p2a: â¬TYRANIBAERâ¬
|-damage|p2a: â¬TYRANIBAERâ¬|0 fnt
|faint|p2a: â¬TYRANIBAERâ¬
|
|win|Spammernoob
|leave|Northwind's Call
|player|p2