|join|Martsian
|join|Spammernoob
|player|p1|Martsian|101
|player|p2|Spammernoob|102
|gametype|singles
|gen|6
|tier|OU
|clearpoke
|poke|p1|Conkeldurr, F
|poke|p1|Metagross
|poke|p1|Rotom-Wash
|poke|p1|Heatran, F
|poke|p1|Donphan, M
|poke|p1|Gardevoir, M
|poke|p2|Greninja, F
|poke|p2|Latias, F
|poke|p2|Bisharp, F
|poke|p2|Metagross
|poke|p2|Crawdaunt, M
|poke|p2|Tyranitar, M
|rule|Swagger Clause: Swagger is banned
|rule|Baton Pass Clause: Limit one PokÃ©mon knowing Baton Pass
|rule|Sleep Clause Mod: Limit one foe put to sleep
|rule|Species Clause: Limit one of each PokÃ©mon
|rule|OHKO Clause: OHKO moves are banned
|rule|Moody Clause: Moody is banned
|rule|Evasion Moves Clause: Evasion moves are banned
|rule|Endless Battle Clause: Forcing endless battles is banned
|rule|HP Percentage Mod: HP is shown in percentages
|teampreview
|c|âSpammernoob|I mean Rafael.
|c|âMartsian|y i know
|c|âSpammernoob|The old Bug Leader
|c|âMartsian|i know
|
|start
|switch|p1a: Rotom-Wash|Rotom-Wash|241\/241
|switch|p2a: Crawdaunt|Crawdaunt, M|267\/267
|turn|1
|
|switch|p2a: Tyranitar|Tyranitar, M|404\/404
|-weather|Sandstorm
|move|p1a: Rotom-Wash|Volt Switch|p2a: Tyranitar
|-damage|p2a: Tyranitar|352\/404
|
|switch|p1a: Conkeldurr|Conkeldurr, F|414\/414
|
|-weather|Sandstorm|[upkeep]
|-damage|p1a: Conkeldurr|389\/414|[from] sandstorm
|turn|2
|
|switch|p2a: Metagross|Metagross|301\/301
|move|p1a: Conkeldurr|Knock Off|p2a: Metagross
|-crit|p2a: Metagross
|-supereffective|p2a: Metagross
|-damage|p2a: Metagross|97\/301
|
|-weather|Sandstorm|[upkeep]
|-damage|p1a: Conkeldurr|364\/414|[from] sandstorm
|turn|3
|
|switch|p1a: Donphan|Donphan, M|384\/384
|detailschange|p2a: Metagross|Metagross-Mega
|message|Metagross has Mega Evolved into Mega Metagross!
|move|p2a: Metagross|Earthquake|p1a: Donphan
|-damage|p1a: Donphan|309\/384
|
|-weather|Sandstorm|[upkeep]
|-heal|p1a: Donphan|333\/384|[from] item: Leftovers
|turn|4
|
|switch|p2a: Latias|Latias, F|319\/319
|move|p1a: Donphan|Earthquake|p2a: Latias
|-immune|p2a: Latias|[msg]
|
|-weather|Sandstorm|[upkeep]
|-damage|p2a: Latias|300\/319|[from] sandstorm
|-heal|p1a: Donphan|357\/384|[from] item: Leftovers
|turn|5
|
|switch|p2a: Crawdaunt|Crawdaunt, M|267\/267
|switch|p1a: Heatran|Heatran, F|386\/386
|
|-weather|none
|turn|6
|c|âSpammernoob|Remember this? <3
|c|âMartsian|y
|
|move|p1a: Heatran|Protect|p1a: Heatran
|-singleturn|p1a: Heatran|Protect
|move|p2a: Crawdaunt|Knock Off|p1a: Heatran
|-activate|p1a: Heatran|Protect
|
|turn|7
|
|move|p2a: Crawdaunt|Crabhammer|p1a: Heatran
|-crit|p1a: Heatran
|-supereffective|p1a: Heatran
|-damage|p1a: Heatran|0 fnt
|-damage|p2a: Crawdaunt|241\/267|[from] item: Life Orb
|faint|p1a: Heatran
|
|
|switch|p1a: Rotom-Wash|Rotom-Wash|241\/241
|turn|8
|c|âSpammernoob|lol
|
|switch|p2a: Latias|Latias, F|300\/319
|move|p1a: Rotom-Wash|Volt Switch|p2a: Latias
|-resisted|p2a: Latias
|-damage|p2a: Latias|255\/319
|c|âSpammernoob|Y U do that?
|
|switch|p1a: Gardevoir|Gardevoir, M|278\/278
|-ability|p1a: Gardevoir|Levitate|[from] ability: Trace|[of] p2a: Latias
|
|turn|9
|
|switch|p2a: Tyranitar|Tyranitar, M|352\/404
|-weather|Sandstorm
|move|p1a: Gardevoir|Moonblast|p2a: Tyranitar
|-supereffective|p2a: Tyranitar
|-damage|p2a: Tyranitar|200\/404
|-unboost|p2a: Tyranitar|spa|1
|
|-weather|Sandstorm|[upkeep]
|-damage|p1a: Gardevoir|261\/278|[from] sandstorm
|turn|10
|
|move|p1a: Gardevoir|Moonblast|p2a: Tyranitar
|-supereffective|p2a: Tyranitar
|-damage|p2a: Tyranitar|50\/404
|move|p2a: Tyranitar|Pursuit|p1a: Gardevoir
|-crit|p1a: Gardevoir
|-damage|p1a: Gardevoir|141\/278
|
|-weather|Sandstorm|[upkeep]
|-damage|p1a: Gardevoir|124\/278|[from] sandstorm
|turn|11
|
|move|p1a: Gardevoir|Moonblast|p2a: Tyranitar
|-supereffective|p2a: Tyranitar
|-damage|p2a: Tyranitar|0 fnt
|faint|p2a: Tyranitar
|
|-weather|Sandstorm|[upkeep]
|-damage|p1a: Gardevoir|107\/278|[from] sandstorm
|c|âSpammernoob|...
|
|switch|p2a: Bisharp|Bisharp, F|271\/271
|turn|12
|
|move|p1a: Gardevoir|Moonblast|p2a: Bisharp
|-damage|p2a: Bisharp|57\/271
|-unboost|p2a: Bisharp|spa|1
|-boost|p2a: Bisharp|atk|2|[from] ability: Defiant
|move|p2a: Bisharp|Iron Head|p1a: Gardevoir
|-supereffective|p1a: Gardevoir
|-damage|p1a: Gardevoir|0 fnt
|-damage|p2a: Bisharp|30\/271|[from] item: Life Orb
|faint|p1a: Gardevoir
|
|-weather|Sandstorm|[upkeep]
|c|âSpammernoob|lol Yay
|
|switch|p1a: Donphan|Donphan, M|357\/384
|turn|13
|
|move|p2a: Bisharp|Knock Off|p1a: Donphan
|-damage|p1a: Donphan|52\/384
|-enditem|p1a: Donphan|Leftovers|[from] move: Knock Off|[of] p2a: Bisharp
|-damage|p2a: Bisharp|3\/271|[from] item: Life Orb
|move|p1a: Donphan|Earthquake|p2a: Bisharp
|-supereffective|p2a: Bisharp
|-damage|p2a: Bisharp|0 fnt
|faint|p2a: Bisharp
|
|-weather|none
|c|âSpammernoob|^About to get bopped
|
|switch|p2a: Crawdaunt|Crawdaunt, M|241\/267
|turn|14
|
|move|p1a: Donphan|Ice Shard|p2a: Crawdaunt
|-resisted|p2a: Crawdaunt
|-damage|p2a: Crawdaunt|221\/267
|move|p2a: Crawdaunt|Knock Off|p1a: Donphan
|-damage|p1a: Donphan|0 fnt
|-damage|p2a: Crawdaunt|195\/267|[from] item: Life Orb
|faint|p1a: Donphan
|
|
|switch|p1a: Rotom-Wash|Rotom-Wash|241\/241
|turn|15
|
|switch|p2a: Latias|Latias, F|255\/319
|move|p1a: Rotom-Wash|Volt Switch|p2a: Latias
|-resisted|p2a: Latias
|-damage|p2a: Latias|216\/319
|
|switch|p1a: Metagross|Metagross|364\/364
|
|turn|16
|
|switch|p2a: Greninja|Greninja, F|285\/285
|detailschange|p1a: Metagross|Metagross-Mega
|message|Metagross has Mega Evolved into Mega Metagross!
|move|p1a: Metagross|Meteor Mash|p2a: Greninja
|-resisted|p2a: Greninja
|-damage|p2a: Greninja|118\/285
|
|turn|17
|c|âSpammernoob|If I play this right...
|
|switch|p1a: Rotom-Wash|Rotom-Wash|241\/241
|move|p2a: Greninja|Hydro Pump|p1a: Rotom-Wash|[miss]
|-start|p2a: Greninja|typechange|Water|[from] Protean
|-miss|p2a: Greninja|p1a: Rotom-Wash
|
|turn|18
|
|switch|p2a: Latias|Latias, F|216\/319
|move|p1a: Rotom-Wash|Volt Switch|p2a: Latias
|-resisted|p2a: Latias
|-damage|p2a: Latias|171\/319
|
|switch|p1a: Metagross|Metagross-Mega|364\/364
|
|turn|19
|
|switch|p2a: Crawdaunt|Crawdaunt, M|195\/267
|move|p1a: Metagross|Meteor Mash|p2a: Crawdaunt
|-resisted|p2a: Crawdaunt
|-damage|p2a: Crawdaunt|52\/267
|
|turn|20
|
|move|p2a: Crawdaunt|Aqua Jet|p1a: Metagross
|-damage|p1a: Metagross|268\/364
|-damage|p2a: Crawdaunt|26\/267|[from] item: Life Orb
|move|p1a: Metagross|Earthquake|p2a: Crawdaunt
|-damage|p2a: Crawdaunt|0 fnt
|faint|p2a: Crawdaunt
|
|
|switch|p2a: Greninja|Greninja, F|118\/285
|turn|21
|
|switch|p1a: Rotom-Wash|Rotom-Wash|241\/241
|move|p2a: Greninja|Hydro Pump|p1a: Rotom-Wash
|-start|p2a: Greninja|typechange|Water|[from] Protean
|-resisted|p1a: Rotom-Wash
|-damage|p1a: Rotom-Wash|142\/241
|-damage|p2a: Greninja|90\/285|[from] item: Life Orb
|
|turn|22
|
|move|p1a: Rotom-Wash|Volt Switch|p2a: Greninja
|-supereffective|p2a: Greninja
|-damage|p2a: Greninja|0 fnt
|faint|p2a: Greninja
|
|switch|p1a: Metagross|Metagross-Mega|268\/364
|
|
|switch|p2a: Latias|Latias, F|171\/319
|turn|23
|c|âSpammernoob|OK, time to pray. lol
|
|move|p2a: Latias|Healing Wish|p2a: Latias
|faint|p2a: Latias
|move|p1a: Metagross|Agility|p1a: Metagross
|-boost|p1a: Metagross|spe|2
|
|
|switch|p2a: Metagross|Metagross-Mega|97\/301
|-heal|p2a: Metagross|301\/301|[from] move: Healing Wish
|turn|24
|c|âSpammernoob|>.<
|
|move|p1a: Metagross|Earthquake|p2a: Metagross
|-supereffective|p2a: Metagross
|-damage|p2a: Metagross|117\/301
|move|p2a: Metagross|Earthquake|p1a: Metagross
|-supereffective|p1a: Metagross
|-damage|p1a: Metagross|106\/364
|
|turn|25
|
|move|p1a: Metagross|Earthquake|p2a: Metagross
|-supereffective|p2a: Metagross
|-damage|p2a: Metagross|0 fnt
|faint|p2a: Metagross
|
|win|Martsian
|c|âSpammernoob|gg
|c|âSpammernoob|'grats
|c|âMartsian|gg
|c|âMartsian|thnx
|c|âMartsian|at last