|join|Endrew
|join|Spammernoob
|player|p1|Endrew|169
|player|p2|Spammernoob|3
|gametype|singles
|gen|6
|tier|OU
|clearpoke
|poke|p1|Shiftry, F
|poke|p1|Drapion, M
|poke|p1|Pidgeot, M
|poke|p1|Shedinja
|poke|p1|Swoobat, M
|poke|p1|Gastrodon, F
|poke|p2|Altaria, F
|poke|p2|Terrakion
|poke|p2|Latias, F
|poke|p2|Magnezone
|poke|p2|Landorus-Therian, M
|poke|p2|Rotom-Wash
|rule|Swagger Clause: Swagger is banned
|rule|Baton Pass Clause: Limit one PokÃ©mon knowing Baton Pass
|rule|Sleep Clause Mod: Limit one foe put to sleep
|rule|Species Clause: Limit one of each PokÃ©mon
|rule|OHKO Clause: OHKO moves are banned
|rule|Moody Clause: Moody is banned
|rule|Evasion Moves Clause: Evasion moves are banned
|rule|Endless Battle Clause: Forcing endless battles is banned
|rule|HP Percentage Mod: HP is shown in percentages
|teampreview
|
|start
|switch|p1a: Shedinja|Shedinja|1\/1
|switch|p2a: Landorus-Therian|Landorus-Therian, M|319\/319
|-ability|p2a: Landorus-Therian|Intimidate|[of] p1a: Shedinja
|-unboost|p1a: Shedinja|atk|1
|turn|1
|c|âSpammernoob|Oh god
|
|move|p2a: Landorus-Therian|Stone Edge|p1a: Shedinja
|-supereffective|p1a: Shedinja
|-enditem|p1a: Shedinja|Focus Sash
|-damage|p1a: Shedinja|1\/1
|move|p1a: Shedinja|Toxic|p2a: Landorus-Therian
|-status|p2a: Landorus-Therian|tox
|
|-damage|p2a: Landorus-Therian|300\/319 tox|[from] psn
|turn|2
|c|âSpammernoob|plz no miss. xD
|
|move|p1a: Shedinja|Protect|p1a: Shedinja
|-singleturn|p1a: Shedinja|Protect
|move|p2a: Landorus-Therian|Stone Edge|p1a: Shedinja
|-activate|p1a: Shedinja|Protect
|
|-damage|p2a: Landorus-Therian|262\/319 tox|[from] psn
|turn|3
|
|switch|p2a: Altaria|Altaria, F|329\/329
|move|p1a: Shedinja|Dig|p2a: Altaria|[still]
|-prepare|p1a: Shedinja|Dig|p2a: Altaria
|
|turn|4
|c|âSpammernoob|:]
|
|move|p2a: Altaria|Heal Bell|p2a: Altaria
|-cureteam|p2a: Altaria|[from] move: HealBell
|move|p1a: Shedinja|Dig|p2a: Altaria
|-immune|p2a: Altaria|[msg]
|
|turn|5
|
|switch|p2a: Rotom-Wash|Rotom-Wash|303\/303
|move|p1a: Shedinja|Hidden Power|p2a: Rotom-Wash
|-damage|p2a: Rotom-Wash|285\/303
|
|-heal|p2a: Rotom-Wash|303\/303|[from] item: Leftovers
|turn|6
|
|move|p2a: Rotom-Wash|Will-O-Wisp|p1a: Shedinja
|-status|p1a: Shedinja|brn
|move|p1a: Shedinja|Toxic|p2a: Rotom-Wash
|-status|p2a: Rotom-Wash|tox
|
|-damage|p2a: Rotom-Wash|285\/303 tox|[from] psn
|-damage|p1a: Shedinja|0 fnt|[from] brn
|faint|p1a: Shedinja
|c|âSpammernoob|:[
|
|switch|p1a: Swoobat|Swoobat, M|275\/275
|turn|7
|c|âSpammernoob|Here it comes
|
|move|p1a: Swoobat|Amnesia|p1a: Swoobat
|-boost|p1a: Swoobat|spd|4
|move|p2a: Rotom-Wash|Volt Switch|p1a: Swoobat
|-supereffective|p1a: Swoobat
|-damage|p1a: Swoobat|185\/275
|-enditem|p1a: Swoobat|Weakness Policy
|-boost|p1a: Swoobat|atk|4|[from] item: Weakness Policy
|-boost|p1a: Swoobat|spa|4|[from] item: Weakness Policy
|
|switch|p2a: Altaria|Altaria, F|329\/329
|
|turn|8
|c|âSpammernoob|I'm so dead
|
|detailschange|p2a: Altaria|Altaria-Mega, F
|message|Altaria has Mega Evolved into Mega Altaria!
|move|p1a: Swoobat|Stored Power|p2a: Altaria
|-damage|p2a: Altaria|0 fnt
|faint|p2a: Altaria
|
|
|switch|p2a: Landorus-Therian|Landorus-Therian, M|262\/319
|-ability|p2a: Landorus-Therian|Intimidate|[of] p1a: Swoobat
|-unboost|p1a: Swoobat|atk|2
|turn|9
|
|move|p2a: Landorus-Therian|Stone Edge|p1a: Swoobat
|-supereffective|p1a: Swoobat
|-damage|p1a: Swoobat|0 fnt
|faint|p1a: Swoobat
|
|
|switch|p1a: Pidgeot|Pidgeot, M|307\/307
|turn|10
|
|detailschange|p1a: Pidgeot|Pidgeot-Mega, M
|message|Pidgeot has Mega Evolved into Mega Pidgeot!
|move|p2a: Landorus-Therian|Stone Edge|p1a: Pidgeot
|-supereffective|p1a: Pidgeot
|-damage|p1a: Pidgeot|0 fnt
|faint|p1a: Pidgeot
|
|
|switch|p1a: Gastrodon|Gastrodon, F|425\/425
|turn|11
|
|switch|p2a: Latias|Latias, F|301\/301
|move|p1a: Gastrodon|Ice Beam|p2a: Latias
|-supereffective|p2a: Latias
|-damage|p2a: Latias|165\/301
|
|turn|12
|
|move|p2a: Latias|Draco Meteor|p1a: Gastrodon
|-damage|p1a: Gastrodon|86\/425
|-unboost|p2a: Latias|spa|2
|-damage|p2a: Latias|135\/301|[from] item: Life Orb
|move|p1a: Gastrodon|Ice Beam|p2a: Latias
|-supereffective|p2a: Latias
|-damage|p2a: Latias|0 fnt
|faint|p2a: Latias
|
|
|switch|p2a: Terrakion|Terrakion|323\/323
|turn|13
|
|move|p2a: Terrakion|Close Combat|p1a: Gastrodon
|-damage|p1a: Gastrodon|0 fnt
|-unboost|p2a: Terrakion|def|1
|-unboost|p2a: Terrakion|spd|1
|-damage|p2a: Terrakion|291\/323|[from] item: Life Orb
|faint|p1a: Gastrodon
|
|
|switch|p1a: Shiftry|Shiftry, F|321\/321
|turn|14
|
|move|p2a: Terrakion|Close Combat|p1a: Shiftry
|-supereffective|p1a: Shiftry
|-damage|p1a: Shiftry|0 fnt
|-unboost|p2a: Terrakion|def|1
|-unboost|p2a: Terrakion|spd|1
|-damage|p2a: Terrakion|259\/323|[from] item: Life Orb
|faint|p1a: Shiftry
|
|
|switch|p1a: Drapion|Drapion, M|343\/343
|turn|15
|
|move|p2a: Terrakion|Close Combat|p1a: Drapion
|-damage|p1a: Drapion|73\/343
|-unboost|p2a: Terrakion|def|1
|-unboost|p2a: Terrakion|spd|1
|-damage|p2a: Terrakion|227\/323|[from] item: Life Orb
|move|p1a: Drapion|Earthquake|p2a: Terrakion
|-supereffective|p2a: Terrakion
|-damage|p2a: Terrakion|0 fnt
|faint|p2a: Terrakion
|
|
|switch|p2a: Landorus-Therian|Landorus-Therian, M|262\/319
|-ability|p2a: Landorus-Therian|Intimidate|[of] p1a: Drapion
|-unboost|p1a: Drapion|atk|1
|turn|16
|c|âSpammernoob|gg
|
|move|p2a: Landorus-Therian|Earthquake|p1a: Drapion
|-supereffective|p1a: Drapion
|-damage|p1a: Drapion|0 fnt
|faint|p1a: Drapion
|
|win|Spammernoob
|leave|Endrew
|player|p1