|join|sohrob101
|join|Spammernoob
|player|p1|sohrob101|256
|player|p2|Spammernoob|3
|gametype|singles
|gen|6
|tier|OU
|clearpoke
|poke|p1|Talonflame, F
|poke|p1|Scizor, F
|poke|p1|Heatran, M
|poke|p1|Sylveon, F
|poke|p1|Rotom-Wash
|poke|p1|Sceptile, F
|poke|p2|Slowbro, M
|poke|p2|Heatran, M
|poke|p2|Clefable, M
|poke|p2|Skarmory, F
|poke|p2|Chansey, F
|poke|p2|Starmie
|rule|Swagger Clause: Swagger is banned
|rule|Baton Pass Clause: Limit one PokÃ©mon knowing Baton Pass
|rule|Sleep Clause Mod: Limit one foe put to sleep
|rule|Species Clause: Limit one of each PokÃ©mon
|rule|OHKO Clause: OHKO moves are banned
|rule|Moody Clause: Moody is banned
|rule|Evasion Moves Clause: Evasion moves are banned
|rule|Endless Battle Clause: Forcing endless battles is banned
|rule|HP Percentage Mod: HP is shown in percentages
|teampreview
|c|âsohrob101|da stalllll
|c|âsohrob101|xD
|c|âSpammernoob|ikr
|
|start
|switch|p1a: Heatran|Heatran, M|385\/385
|switch|p2a: FairiezMustDie|Heatran, M|386\/386
|-item|p1a: Heatran|Air Balloon
|turn|1
|
|move|p2a: FairiezMustDie|Stealth Rock|p1a: Heatran
|-sidestart|p1: sohrob101|move: Stealth Rock
|move|p1a: Heatran|Stealth Rock|p2a: FairiezMustDie
|-sidestart|p2: Spammernoob|move: Stealth Rock
|
|turn|2
|
|switch|p2a: Spin Spin Spin|Starmie|323\/323
|-damage|p2a: Spin Spin Spin|283\/323|[from] Stealth Rock
|move|p1a: Heatran|Earth Power|p2a: Spin Spin Spin
|-damage|p2a: Spin Spin Spin|155\/323
|
|-heal|p2a: Spin Spin Spin|175\/323|[from] item: Leftovers
|turn|3
|
|switch|p1a: Rotom-Wash|Rotom-Wash|303\/303
|-damage|p1a: Rotom-Wash|266\/303|[from] Stealth Rock
|move|p2a: Spin Spin Spin|Rapid Spin|p1a: Rotom-Wash
|-damage|p1a: Rotom-Wash|254\/303
|-sideend|p2: Spammernoob|Stealth Rock|[from] move: Rapid Spin|[of] p2a: Spin Spin Spin
|
|-heal|p2a: Spin Spin Spin|195\/323|[from] item: Leftovers
|turn|4
|
|switch|p2a: Pink Blob|Chansey, F|642\/642
|move|p1a: Rotom-Wash|Thunderbolt|p2a: Pink Blob
|-damage|p2a: Pink Blob|587\/642
|
|turn|5
|
|move|p1a: Rotom-Wash|Will-O-Wisp|p2a: Pink Blob
|-status|p2a: Pink Blob|brn
|move|p2a: Pink Blob|Wish|p2a: Pink Blob
|
|-damage|p2a: Pink Blob|507\/642 brn|[from] brn
|turn|6
|
|move|p1a: Rotom-Wash|Volt Switch|p2a: Pink Blob
|-damage|p2a: Pink Blob|459\/642 brn
|
|switch|p1a: Scizor|Scizor, F|343\/343
|-damage|p1a: Scizor|301\/343|[from] Stealth Rock
|move|p2a: Pink Blob|Seismic Toss|p1a: Scizor
|-damage|p1a: Scizor|201\/343
|
|-heal|p2a: Pink Blob|642\/642 brn|[from] move: Wish|[wisher] Pink Blob
|-damage|p2a: Pink Blob|562\/642 brn|[from] brn
|turn|7
|
|switch|p2a: Steel Bird|Skarmory, F|333\/333
|move|p1a: Scizor|Defog|p2a: Steel Bird
|-unboost|p2a: Steel Bird|evasion|1
|-sideend|p1: sohrob101|Stealth Rock|[from] move: Defog|[of] p1a: Scizor
|
|turn|8
|
|move|p2a: Steel Bird|Spikes|p1a: Scizor
|-sidestart|p1: sohrob101|Spikes
|move|p1a: Scizor|Knock Off|p2a: Steel Bird
|-damage|p2a: Steel Bird|230\/333
|-enditem|p2a: Steel Bird|Leftovers|[from] move: Knock Off|[of] p1a: Scizor
|-damage|p1a: Scizor|167\/343|[from] item: Life Orb
|
|turn|9
|
|move|p2a: Steel Bird|Spikes|p1a: Scizor
|-sidestart|p1: sohrob101|Spikes
|move|p1a: Scizor|Defog|p2a: Steel Bird
|-unboost|p2a: Steel Bird|evasion|1
|-sideend|p1: sohrob101|Spikes|[from] move: Defog|[of] p1a: Scizor
|
|turn|10
|
|move|p2a: Steel Bird|Roost|p2a: Steel Bird
|-heal|p2a: Steel Bird|333\/333
|move|p1a: Scizor|U-turn|p2a: Steel Bird
|-resisted|p2a: Steel Bird
|-damage|p2a: Steel Bird|282\/333
|-damage|p1a: Scizor|133\/343|[from] item: Life Orb
|
|switch|p1a: Heatran|Heatran, M|385\/385
|-item|p1a: Heatran|Air Balloon
|
|turn|11
|
|switch|p2a: Pink Blob|Chansey, F|562\/642
|move|p1a: Heatran|Stealth Rock|p2a: Pink Blob
|-sidestart|p2: Spammernoob|move: Stealth Rock
|
|turn|12
|
|move|p1a: Heatran|Lava Plume|p2a: Pink Blob
|-crit|p2a: Pink Blob
|-damage|p2a: Pink Blob|448\/642
|-status|p2a: Pink Blob|brn
|move|p2a: Pink Blob|Seismic Toss|p1a: Heatran
|-damage|p1a: Heatran|285\/385
|-enditem|p1a: Heatran|Air Balloon
|
|-damage|p2a: Pink Blob|368\/642 brn|[from] brn
|turn|13
|
|move|p1a: Heatran|Earth Power|p2a: Pink Blob
|-damage|p2a: Pink Blob|308\/642 brn
|move|p2a: Pink Blob|Wish|p2a: Pink Blob
|
|-damage|p2a: Pink Blob|228\/642 brn|[from] brn
|turn|14
|
|move|p1a: Heatran|Lava Plume|p2a: Pink Blob
|-damage|p2a: Pink Blob|152\/642 brn
|move|p2a: Pink Blob|Heal Bell|p2a: Pink Blob
|-cureteam|p2a: Pink Blob|[from] move: HealBell
|
|-heal|p2a: Pink Blob|473\/642|[from] move: Wish|[wisher] Pink Blob
|turn|15
|
|move|p1a: Heatran|Lava Plume|p2a: Pink Blob
|-damage|p2a: Pink Blob|386\/642
|move|p2a: Pink Blob|Seismic Toss|p1a: Heatran
|-damage|p1a: Heatran|185\/385
|
|turn|16
|
|switch|p1a: Scizor|Scizor, F|133\/343
|move|p2a: Pink Blob|Wish|p2a: Pink Blob
|
|turn|17
|
|move|p2a: Pink Blob|Protect|p2a: Pink Blob
|-singleturn|p2a: Pink Blob|Protect
|move|p1a: Scizor|Knock Off|p2a: Pink Blob
|-activate|p2a: Pink Blob|Protect
|
|-heal|p2a: Pink Blob|642\/642|[from] move: Wish|[wisher] Pink Blob
|turn|18
|
|switch|p2a: Steel Bird|Skarmory, F|282\/333
|-damage|p2a: Steel Bird|241\/333|[from] Stealth Rock
|move|p1a: Scizor|Knock Off|p2a: Steel Bird
|-damage|p2a: Steel Bird|171\/333
|-damage|p1a: Scizor|99\/343|[from] item: Life Orb
|
|turn|19
|
|move|p2a: Steel Bird|Spikes|p1a: Scizor
|-sidestart|p1: sohrob101|Spikes
|move|p1a: Scizor|Defog|p2a: Steel Bird
|-unboost|p2a: Steel Bird|evasion|1
|-sideend|p2: Spammernoob|Stealth Rock|[from] move: Defog|[of] p2a: Steel Bird
|-sideend|p1: sohrob101|Spikes|[from] move: Defog|[of] p1a: Scizor
|
|turn|20
|c|âSpammernoob|^reveals Roost
|
|move|p2a: Steel Bird|Roost|p2a: Steel Bird
|-heal|p2a: Steel Bird|333\/333
|move|p1a: Scizor|U-turn|p2a: Steel Bird
|-resisted|p2a: Steel Bird
|-damage|p2a: Steel Bird|282\/333
|-damage|p1a: Scizor|65\/343|[from] item: Life Orb
|
|switch|p1a: Talonflame|Talonflame, F|297\/297
|
|turn|21
|
|switch|p2a: FairiezMustDie|Heatran, M|386\/386
|move|p1a: Talonflame|Flare Blitz|p2a: FairiezMustDie
|-start|p2a: FairiezMustDie|ability: Flash Fire
|
|turn|22
|c|âSpammernoob|:3
|
|switch|p1a: Scizor|Scizor, F|65\/343
|move|p2a: FairiezMustDie|Toxic|p1a: Scizor
|-fail|p1a: Scizor
|
|turn|23
|c|âsohrob101|xD
|
|move|p2a: FairiezMustDie|Lava Plume|p1a: Scizor
|-supereffective|p1a: Scizor
|-damage|p1a: Scizor|0 fnt
|faint|p1a: Scizor
|
|
|switch|p1a: Heatran|Heatran, M|185\/385
|turn|24
|
|switch|p2a: Pink Blob|Chansey, F|642\/642
|move|p1a: Heatran|Earth Power|p2a: Pink Blob
|-damage|p2a: Pink Blob|577\/642
|-unboost|p2a: Pink Blob|spd|1
|
|turn|25
|
|move|p1a: Heatran|Earth Power|p2a: Pink Blob
|-damage|p2a: Pink Blob|491\/642
|move|p2a: Pink Blob|Seismic Toss|p1a: Heatran
|-damage|p1a: Heatran|85\/385
|
|turn|26
|
|move|p1a: Heatran|Stealth Rock|p2a: Pink Blob
|-sidestart|p2: Spammernoob|move: Stealth Rock
|move|p2a: Pink Blob|Wish|p2a: Pink Blob
|
|turn|27
|
|move|p1a: Heatran|Earth Power|p2a: Pink Blob
|-damage|p2a: Pink Blob|405\/642
|move|p2a: Pink Blob|Seismic Toss|p1a: Heatran
|-damage|p1a: Heatran|0 fnt
|faint|p1a: Heatran
|
|-heal|p2a: Pink Blob|642\/642|[from] move: Wish|[wisher] Pink Blob
|
|switch|p1a: Rotom-Wash|Rotom-Wash|254\/303
|turn|28
|
|move|p1a: Rotom-Wash|Will-O-Wisp|p2a: Pink Blob
|-status|p2a: Pink Blob|brn
|move|p2a: Pink Blob|Seismic Toss|p1a: Rotom-Wash
|-damage|p1a: Rotom-Wash|154\/303
|
|-damage|p2a: Pink Blob|562\/642 brn|[from] brn
|turn|29
|
|move|p1a: Rotom-Wash|Hydro Pump|p2a: Pink Blob
|-damage|p2a: Pink Blob|459\/642 brn
|move|p2a: Pink Blob|Seismic Toss|p1a: Rotom-Wash
|-damage|p1a: Rotom-Wash|54\/303
|-enditem|p1a: Rotom-Wash|Sitrus Berry|[eat]
|-heal|p1a: Rotom-Wash|129\/303|[from] item: Sitrus Berry
|
|-damage|p2a: Pink Blob|379\/642 brn|[from] brn
|turn|30
|
|move|p1a: Rotom-Wash|Thunderbolt|p2a: Pink Blob
|-damage|p2a: Pink Blob|286\/642 brn
|move|p2a: Pink Blob|Wish|p2a: Pink Blob
|
|-damage|p2a: Pink Blob|206\/642 brn|[from] brn
|turn|31
|c|âSpammernoob|This sucks
|
|move|p1a: Rotom-Wash|Hydro Pump|p2a: Pink Blob
|-damage|p2a: Pink Blob|109\/642 brn
|move|p2a: Pink Blob|Heal Bell|p2a: Pink Blob
|-cureteam|p2a: Pink Blob|[from] move: HealBell
|
|-heal|p2a: Pink Blob|430\/642|[from] move: Wish|[wisher] Pink Blob
|turn|32
|c|âsohrob101|xD
|
|switch|p2a: Spin Spin Spin|Starmie|195\/323
|-damage|p2a: Spin Spin Spin|155\/323|[from] Stealth Rock
|move|p1a: Rotom-Wash|Will-O-Wisp|p2a: Spin Spin Spin
|-status|p2a: Spin Spin Spin|brn
|
|-heal|p2a: Spin Spin Spin|175\/323 brn|[from] item: Leftovers
|-damage|p2a: Spin Spin Spin|135\/323 brn|[from] brn
|turn|33
|
|move|p2a: Spin Spin Spin|Rapid Spin|p1a: Rotom-Wash
|-damage|p1a: Rotom-Wash|122\/303
|-sideend|p2: Spammernoob|Stealth Rock|[from] move: Rapid Spin|[of] p2a: Spin Spin Spin
|move|p1a: Rotom-Wash|Thunderbolt|p2a: Spin Spin Spin
|-supereffective|p2a: Spin Spin Spin
|-damage|p2a: Spin Spin Spin|0 fnt
|faint|p2a: Spin Spin Spin
|
|c|âSpammernoob|No more rocks. :#
|
|switch|p2a: Failed Abortion|Clefable, M|394\/394
|turn|34
|
|move|p1a: Rotom-Wash|Will-O-Wisp|p2a: Failed Abortion
|-status|p2a: Failed Abortion|brn
|move|p2a: Failed Abortion|Calm Mind|p2a: Failed Abortion
|-boost|p2a: Failed Abortion|spa|1
|-boost|p2a: Failed Abortion|spd|1
|
|turn|35
|
|move|p1a: Rotom-Wash|Volt Switch|p2a: Failed Abortion
|-damage|p2a: Failed Abortion|339\/394 brn
|
|switch|p1a: Talonflame|Talonflame, F|297\/297
|move|p2a: Failed Abortion|Calm Mind|p2a: Failed Abortion
|-boost|p2a: Failed Abortion|spa|1
|-boost|p2a: Failed Abortion|spd|1
|
|-heal|p2a: Failed Abortion|363\/394 brn|[from] item: Leftovers
|turn|36
|c|âSpammernoob|Now is the time for Failed Aborthin to shine
|
|move|p1a: Talonflame|Brave Bird|p2a: Failed Abortion
|-damage|p2a: Failed Abortion|98\/394 brn
|-damage|p1a: Talonflame|210\/297|[from] recoil|[of] p2a: Failed Abortion
|move|p2a: Failed Abortion|Stored Power|p1a: Talonflame
|-damage|p1a: Talonflame|0 fnt
|faint|p1a: Talonflame
|
|-heal|p2a: Failed Abortion|122\/394 brn|[from] item: Leftovers
|c|âSpammernoob|:[
|
|switch|p1a: Sceptile|Sceptile, F|281\/281
|turn|37
|
|detailschange|p1a: Sceptile|Sceptile-Mega, F
|message|Sceptile has Mega Evolved into Mega Sceptile!
|move|p1a: Sceptile|Energy Ball|p2a: Failed Abortion
|-damage|p2a: Failed Abortion|31\/394 brn
|-unboost|p2a: Failed Abortion|spd|1
|move|p2a: Failed Abortion|Moonblast|p1a: Sceptile
|-supereffective|p1a: Sceptile
|-damage|p1a: Sceptile|0 fnt
|faint|p1a: Sceptile
|
|-heal|p2a: Failed Abortion|55\/394 brn|[from] item: Leftovers
|c|âSpammernoob|Now is the time for Chansey to stall
|
|switch|p1a: Sylveon|Sylveon, F|393\/393
|turn|38
|
|move|p2a: Failed Abortion|Stored Power|p1a: Sylveon
|-damage|p1a: Sylveon|301\/393
|move|p1a: Sylveon|Shadow Ball|p2a: Failed Abortion
|-damage|p2a: Failed Abortion|0 fnt
|faint|p2a: Failed Abortion
|
|
|switch|p2a: FairiezMustDie|Heatran, M|386\/386
|turn|39
|
|move|p2a: FairiezMustDie|Toxic|p1a: Sylveon
|-status|p1a: Sylveon|tox
|move|p1a: Sylveon|Shadow Ball|p2a: FairiezMustDie
|-damage|p2a: FairiezMustDie|292\/386
|-unboost|p2a: FairiezMustDie|spd|1
|
|-heal|p2a: FairiezMustDie|316\/386|[from] item: Leftovers
|-damage|p1a: Sylveon|277\/393 tox|[from] psn
|turn|40
|
|switch|p1a: Rotom-Wash|Rotom-Wash|122\/303
|move|p2a: FairiezMustDie|Stealth Rock|p1a: Rotom-Wash
|-sidestart|p1: sohrob101|move: Stealth Rock
|
|-heal|p2a: FairiezMustDie|340\/386|[from] item: Leftovers
|turn|41
|
|switch|p2a: Pink Blob|Chansey, F|430\/642
|move|p1a: Rotom-Wash|Hydro Pump|p2a: Pink Blob
|-damage|p2a: Pink Blob|366\/642
|
|turn|42
|
|move|p1a: Rotom-Wash|Thunderbolt|p2a: Pink Blob
|-damage|p2a: Pink Blob|312\/642
|move|p2a: Pink Blob|Wish|p2a: Pink Blob
|
|turn|43
|
|move|p1a: Rotom-Wash|Thunderbolt|p2a: Pink Blob
|-damage|p2a: Pink Blob|258\/642
|move|p2a: Pink Blob|Seismic Toss|p1a: Rotom-Wash
|-damage|p1a: Rotom-Wash|22\/303
|
|-heal|p2a: Pink Blob|579\/642|[from] move: Wish|[wisher] Pink Blob
|turn|44
|c|âSpammernoob|OK I bet thus battle was frustrating
|
|move|p1a: Rotom-Wash|Thunderbolt|p2a: Pink Blob
|-damage|p2a: Pink Blob|518\/642
|move|p2a: Pink Blob|Seismic Toss|p1a: Rotom-Wash
|-damage|p1a: Rotom-Wash|0 fnt
|faint|p1a: Rotom-Wash
|
|
|switch|p1a: Sylveon|Sylveon, F|277\/393 tox
|-damage|p1a: Sylveon|228\/393 tox|[from] Stealth Rock
|turn|45
|
|move|p1a: Sylveon|Hyper Voice|p2a: Pink Blob
|-damage|p2a: Pink Blob|373\/642
|move|p2a: Pink Blob|Seismic Toss|p1a: Sylveon
|-damage|p1a: Sylveon|128\/393 tox
|
|-damage|p1a: Sylveon|104\/393 tox|[from] psn
|turn|46
|c|âsohrob101|i haz nothign
|c|âsohrob101|xD
|c|âSpammernoob|xD
|
|move|p1a: Sylveon|Hyper Voice|p2a: Pink Blob
|-damage|p2a: Pink Blob|216\/642
|move|p2a: Pink Blob|Wish|p2a: Pink Blob
|
|-damage|p1a: Sylveon|56\/393 tox|[from] psn
|turn|47
|
|move|p1a: Sylveon|Hyper Voice|p2a: Pink Blob
|-damage|p2a: Pink Blob|66\/642
|move|p2a: Pink Blob|Seismic Toss|p1a: Sylveon
|-damage|p1a: Sylveon|0 fnt
|faint|p1a: Sylveon
|
|win|Spammernoob
|c|âSpammernoob|Specs Sylveon?
|c|âsohrob101|yez
|c|âSpammernoob|It does so much
|c|âsohrob101|it does
|c|âSpammernoob|So much=24%
|c|âSpammernoob|xD
|c|âsohrob101|if only though
|c|âsohrob101|if only
|c|âsohrob101|i brought
|c|âsohrob101|the one
|c|âSpammernoob|?
|c|âsohrob101|Zoroark ;-;
|c|âsohrob101|my ace
|c|âSpammernoob|lol
|c|âsohrob101|id would shrek this team xD
|c|âSpammernoob|Not really
|c|âsohrob101|eh not the clefable
|c|âSpammernoob|!learn zoroark, gunk shot
|raw|<div class="infobox">Zoroark <span class="message-learn-cannotlearn">can't<\/span> learn Gunk Shot<\/div>
|c|âsohrob101|but it has everything to deal with everything here
|c|âSpammernoob|OK good
|c|âsohrob101|LOL
|c|âsohrob101|XD
|c|âsohrob101|anyways gg sigh TwT
|c|âsohrob101|oh well
|c|âSpammernoob|:[
|c|âSpammernoob|Sorreh. lol
|c|âsohrob101|xD i need to make a better team
|c|âSpammernoob|xD
|c|âsohrob101|i haven't played singles
|c|âsohrob101|in ages
|c|âsohrob101|xD
|c|âSpammernoob|I can help later.
|c|âsohrob101|mm...i guess TwT
|c|âSpammernoob|Gotta do math atm tho. :3