|join|LVâBloomâ
|join|Spammernoob
|player|p1|LVâBloomâ|249
|player|p2|Spammernoob|265
|gametype|singles
|gen|6
|tier|OU
|clearpoke
|poke|p1|Conkeldurr, M
|poke|p1|Mew, shiny
|poke|p1|Volcarona, F, shiny
|poke|p1|Gyarados, F
|poke|p1|Latios, M, shiny
|poke|p1|Landorus-Therian, M
|poke|p2|Greninja, F
|poke|p2|Latias, F
|poke|p2|Bisharp, F
|poke|p2|Metagross
|poke|p2|Weavile, M
|poke|p2|Tyranitar, F
|rule|Swagger Clause: Swagger is banned
|rule|Baton Pass Clause: Limit one PokÃ©mon knowing Baton Pass
|rule|Sleep Clause Mod: Limit one foe put to sleep
|rule|Species Clause: Limit one of each PokÃ©mon
|rule|OHKO Clause: OHKO moves are banned
|rule|Moody Clause: Moody is banned
|rule|Evasion Moves Clause: Evasion moves are banned
|rule|Endless Battle Clause: Forcing endless battles is banned
|rule|HP Percentage Mod: HP is shown in percentages
|teampreview
|c|âSpammernoob|There's Conk, lol
LVâBloomâ made this room private.
|c|âLVâBloomâ|and yes indeed ;)
|c|âSpammernoob|2 changes to your Gym team? :[
|c|âSpammernoob|Volc>Victini
|c|âLVâBloomâ|I was debating on a few changes
|c|âLVâBloomâ|like skarm instead of mew
|c|âLVâBloomâ|but I mew better xD
|
|start
|switch|p1a: Gigano|Conkeldurr, M|413\/413
|switch|p2a: Bisharp|Bisharp, F|271\/271
|turn|1
|
|switch|p2a: Latias|Latias, F|319\/319
|move|p1a: Gigano|Knock Off|p2a: Latias
|-supereffective|p2a: Latias
|-damage|p2a: Latias|29\/319
|-enditem|p2a: Latias|Life Orb|[from] move: Knock Off|[of] p1a: Gigano
|
|turn|2
|
|switch|p2a: Metagross|Metagross|301\/301
|move|p1a: Gigano|Mach Punch|p2a: Metagross
|-damage|p2a: Metagross|231\/301
|
|turn|3
|
|switch|p1a: Nya|Mew, shiny|404\/404
|detailschange|p2a: Metagross|Metagross-Mega
|message|Metagross has Mega Evolved into Mega Metagross!
|move|p2a: Metagross|Zen Headbutt|p1a: Nya
|-resisted|p1a: Nya
|-damage|p1a: Nya|304\/404
|
|-heal|p1a: Nya|329\/404|[from] item: Leftovers
|turn|4
|
|switch|p2a: Greninja|Greninja, F|285\/285
|move|p1a: Nya|Will-O-Wisp|p2a: Greninja
|-status|p2a: Greninja|brn
|
|-heal|p1a: Nya|354\/404|[from] item: Leftovers
|-damage|p2a: Greninja|250\/285 brn|[from] brn
|turn|5
|
|move|p2a: Greninja|Hydro Pump|p1a: Nya
|-start|p2a: Greninja|typechange|Water|[from] Protean
|-damage|p1a: Nya|150\/404
|-damage|p2a: Greninja|222\/285 brn|[from] item: Life Orb
|move|p1a: Nya|Knock Off|p2a: Greninja
|-damage|p2a: Greninja|110\/285 brn
|-enditem|p2a: Greninja|Life Orb|[from] move: Knock Off|[of] p1a: Nya
|
|-heal|p1a: Nya|175\/404|[from] item: Leftovers
|-damage|p2a: Greninja|75\/285 brn|[from] brn
|turn|6
|c|âSpammernoob|lol Crap
|
|switch|p2a: Bisharp|Bisharp, F|271\/271
|move|p1a: Nya|Soft-Boiled|p1a: Nya
|-heal|p1a: Nya|377\/404
|
|-heal|p1a: Nya|402\/404|[from] item: Leftovers
|turn|7
|
|move|p1a: Nya|Will-O-Wisp|p2a: Bisharp|[miss]
|-miss|p1a: Nya|p2a: Bisharp
|move|p2a: Bisharp|Knock Off|p1a: Nya
|-supereffective|p1a: Nya
|-damage|p1a: Nya|0 fnt
|-enditem|p1a: Nya|Leftovers|[from] move: Knock Off|[of] p2a: Bisharp
|-damage|p2a: Bisharp|244\/271|[from] item: Life Orb
|faint|p1a: Nya
|
|
|switch|p1a: Gigano|Conkeldurr, M|413\/413
|turn|8
|c|âSpammernoob|xD
|
|switch|p2a: Latias|Latias, F|29\/319
|move|p1a: Gigano|Mach Punch|p2a: Latias
|-resisted|p2a: Latias
|-damage|p2a: Latias|0 fnt
|faint|p2a: Latias
|
|c|âSpammernoob|That sucks, lol
|
|switch|p2a: Metagross|Metagross-Mega|231\/301
|turn|9
|
|switch|p1a: Titan|Landorus-Therian, M|320\/320
|-ability|p1a: Titan|Intimidate|[of] p2a: Metagross
|-unboost|p2a: Metagross|atk|1
|move|p2a: Metagross|Zen Headbutt|p1a: Titan
|-crit|p1a: Titan
|-damage|p1a: Titan|0 fnt
|faint|p1a: Titan
|
|c|âSpammernoob|Ooh
|
|switch|p1a: Tsunami|Gyarados, F|331\/331
|-ability|p1a: Tsunami|Intimidate|[of] p2a: Metagross
|-unboost|p2a: Metagross|atk|1
|turn|10
|c|âSpammernoob|The hax is real. :[
|
|switch|p2a: Tyranitar|Tyranitar, F|404\/404
|-weather|Sandstorm
|detailschange|p1a: Tsunami|Gyarados-Mega, F
|message|Gyarados has Mega Evolved into Mega Gyarados!
|-ability|p1a: Tsunami|Mold Breaker
|move|p1a: Tsunami|Substitute|p1a: Tsunami
|-start|p1a: Tsunami|Substitute
|-damage|p1a: Tsunami|249\/331
|
|-weather|Sandstorm|[upkeep]
|-damage|p1a: Tsunami|229\/331|[from] sandstorm
|turn|11
|
|move|p1a: Tsunami|Dragon Dance|p1a: Tsunami
|-boost|p1a: Tsunami|atk|1
|-boost|p1a: Tsunami|spe|1
|move|p2a: Tyranitar|Stone Edge|p1a: Tsunami
|-end|p1a: Tsunami|Substitute
|
|-weather|Sandstorm|[upkeep]
|-damage|p1a: Tsunami|209\/331|[from] sandstorm
|turn|12
|
|move|p1a: Tsunami|Earthquake|p2a: Tyranitar
|-supereffective|p2a: Tyranitar
|-damage|p2a: Tyranitar|98\/404
|move|p2a: Tyranitar|Stone Edge|p1a: Tsunami
|-damage|p1a: Tsunami|62\/331
|
|-weather|Sandstorm|[upkeep]
|-damage|p1a: Tsunami|42\/331|[from] sandstorm
|turn|13
|
|move|p1a: Tsunami|Earthquake|p2a: Tyranitar
|-supereffective|p2a: Tyranitar
|-damage|p2a: Tyranitar|0 fnt
|faint|p2a: Tyranitar
|
|-weather|Sandstorm|[upkeep]
|-damage|p1a: Tsunami|22\/331|[from] sandstorm
|
|switch|p2a: Bisharp|Bisharp, F|244\/271
|turn|14
|
|move|p2a: Bisharp|Sucker Punch|p1a: Tsunami
|-resisted|p1a: Tsunami
|-damage|p1a: Tsunami|0 fnt
|-damage|p2a: Bisharp|217\/271|[from] item: Life Orb
|faint|p1a: Tsunami
|
|-weather|none
|
|switch|p1a: Gigano|Conkeldurr, M|413\/413
|turn|15
|
|switch|p2a: Weavile|Weavile, M|281\/281
|move|p1a: Gigano|Drain Punch|p2a: Weavile
|-supereffective|p2a: Weavile
|-enditem|p2a: Weavile|Focus Sash
|-damage|p2a: Weavile|1\/281
|-item|p2a: Weavile|Assault Vest|[from] ability: Pickpocket
|
|turn|16
|c|âSpammernoob|lol Amazing
|
|move|p2a: Weavile|Ice Shard|p1a: Gigano
|-damage|p1a: Gigano|337\/413
|move|p1a: Gigano|Mach Punch|p2a: Weavile
|-supereffective|p2a: Weavile
|-damage|p2a: Weavile|0 fnt
|faint|p2a: Weavile
|
|c|âSpammernoob|Just stole your AV.
|
|switch|p2a: Metagross|Metagross-Mega|231\/301
|turn|17
|
|switch|p1a: Neon|Latios, M, shiny|302\/302
|move|p2a: Metagross|Zen Headbutt|p1a: Neon
|-resisted|p1a: Neon
|-damage|p1a: Neon|168\/302
|
|turn|18
|
|move|p1a: Neon|Thunderbolt|p2a: Metagross
|-damage|p2a: Metagross|95\/301
|-damage|p1a: Neon|138\/302|[from] item: Life Orb
|move|p2a: Metagross|Meteor Mash|p1a: Neon
|-damage|p1a: Neon|0 fnt
|faint|p1a: Neon
|
|
|switch|p1a: Xenon|Volcarona, F, shiny|312\/312
|turn|19
|
|switch|p2a: Greninja|Greninja, F|75\/285 brn
|move|p1a: Xenon|Fiery Dance|p2a: Greninja
|-resisted|p2a: Greninja
|-damage|p2a: Greninja|0 fnt
|faint|p2a: Greninja
|
|
|switch|p2a: Bisharp|Bisharp, F|217\/271
|turn|20
|
|switch|p2a: Metagross|Metagross-Mega|95\/301
|move|p1a: Xenon|Fiery Dance|p2a: Metagross
|-supereffective|p2a: Metagross
|-damage|p2a: Metagross|0 fnt
|-boost|p1a: Xenon|spa|1
|faint|p2a: Metagross
|
|c|âSpammernoob|OMG WAT
|c|âSpammernoob|gg lol
|
|switch|p2a: Bisharp|Bisharp, F|217\/271
|turn|21
|c|âSpammernoob|Just got outplayed
|
|move|p2a: Bisharp|Sucker Punch|p1a: Xenon
|-damage|p1a: Xenon|20\/312
|-status|p2a: Bisharp|brn
|-damage|p2a: Bisharp|190\/271 brn|[from] item: Life Orb
|move|p1a: Xenon|Fiery Dance|p2a: Bisharp
|-supereffective|p2a: Bisharp
|-damage|p2a: Bisharp|0 fnt
|faint|p2a: Bisharp
|
|win|LVâBloomâ
|c|âLVâBloomâ|gg!
|c|âSpammernoob|'grats! :]
|c|âLVâBloomâ|ty ^^
|c|âSpammernoob|That last turn was insane
|c|âSpammernoob|Scarf-Volc?
|c|âLVâBloomâ|nope
|c|âSpammernoob|;-;
|c|âSpammernoob|I could've won then. lol
|c|âLVâBloomâ|I just didn't want to waste turns with quiver
|c|âSpammernoob|S-punch + EQ. xD
|c|âLVâBloomâ|:p
|c|âSpammernoob|I was just afraid that you would pull the swtich to Conk on the Bisharp
|c|âSpammernoob|That was how you could win. lol
|c|âSpammernoob|Or just me overpredicting. xD
|c|âSpammernoob|I lost the 50\/50
|c|âLVâBloomâ|I knew Xenon would survive S-punch
|c|âLVâBloomâ|so I just went for the dance x.x
|c|âSpammernoob|:[