|join|martsian
|join|Spammernoob
|player|p1|martsian|266
|player|p2|Spammernoob|161
|gametype|singles
|gen|6
|tier|OU
|clearpoke
|poke|p1|Conkeldurr, M
|poke|p1|Metagross
|poke|p1|Rotom-Wash
|poke|p1|Heatran, M
|poke|p1|Donphan, M
|poke|p1|Gardevoir, M
|poke|p2|Sableye, F
|poke|p2|Excadrill, F
|poke|p2|Honchkrow, M
|poke|p2|Bisharp, M
|poke|p2|Crawdaunt, M
|poke|p2|Greninja, M
|rule|Swagger Clause: Swagger is banned
|rule|Baton Pass Clause: Limit one PokÃ©mon knowing Baton Pass
|rule|Sleep Clause Mod: Limit one foe put to sleep
|rule|Species Clause: Limit one of each PokÃ©mon
|rule|OHKO Clause: OHKO moves are banned
|rule|Moody Clause: Moody is banned
|rule|Evasion Moves Clause: Evasion moves are banned
|rule|Endless Battle Clause: Forcing endless battles is banned
|rule|HP Percentage Mod: HP is shown in percentages
|teampreview
|c|âSpammernoob|I changed mah team. >:D
|c|âmartsian|i see that
|
|start
|switch|p1a: Rotom-Wash|Rotom-Wash|241\/241
|switch|p2a: Excadrill|Excadrill, F|373\/373
|-ability|p2a: Excadrill|Mold Breaker
|turn|1
|
|switch|p1a: Donphan|Donphan, M|384\/384
|move|p2a: Excadrill|Earthquake|p1a: Donphan
|-damage|p1a: Donphan|249\/384
|
|-heal|p1a: Donphan|273\/384|[from] item: Leftovers
|turn|2
|
|switch|p2a: Crawdaunt|Crawdaunt, M|267\/267
|move|p1a: Donphan|Earthquake|p2a: Crawdaunt
|-damage|p2a: Crawdaunt|101\/267
|
|-heal|p1a: Donphan|297\/384|[from] item: Leftovers
|turn|3
|c|âSpammernoob|lol I'm not scarfed
|c|âSpammernoob|I just bluffed you out. lol
|c|âmartsian|i didnt know
|c|âmartsian|just to be sure
|
|switch|p1a: Rotom-Wash|Rotom-Wash|241\/241
|move|p2a: Crawdaunt|Crabhammer|p1a: Rotom-Wash
|-resisted|p1a: Rotom-Wash
|-damage|p1a: Rotom-Wash|77\/241
|-damage|p2a: Crawdaunt|75\/267|[from] item: Life Orb
|
|turn|4
|c|âSpammernoob|xD
|
|move|p2a: Crawdaunt|Aqua Jet|p1a: Rotom-Wash
|-resisted|p1a: Rotom-Wash
|-damage|p1a: Rotom-Wash|21\/241
|-damage|p2a: Crawdaunt|49\/267|[from] item: Life Orb
|move|p1a: Rotom-Wash|Hydro Pump|p2a: Crawdaunt
|-resisted|p2a: Crawdaunt
|-damage|p2a: Crawdaunt|0 fnt
|faint|p2a: Crawdaunt
|
|c|âSpammernoob|That did so much
|c|âmartsian|y]
|
|switch|p2a: Bisharp|Bisharp, M|272\/272
|turn|5
|
|switch|p1a: Donphan|Donphan, M|297\/384
|move|p2a: Bisharp|Swords Dance|p2a: Bisharp
|-boost|p2a: Bisharp|atk|2
|
|-heal|p1a: Donphan|321\/384|[from] item: Leftovers
|turn|6
|
|move|p2a: Bisharp|Knock Off|p1a: Donphan
|-damage|p1a: Donphan|0 fnt
|-enditem|p1a: Donphan|Leftovers|[from] move: Knock Off|[of] p2a: Bisharp
|-damage|p2a: Bisharp|245\/272|[from] item: Life Orb
|faint|p1a: Donphan
|
|
|switch|p1a: Rotom-Wash|Rotom-Wash|21\/241
|turn|7
|
|move|p2a: Bisharp|Sucker Punch|p1a: Rotom-Wash
|-fail|p1a: Rotom-Wash
|move|p1a: Rotom-Wash|Trick|p2a: Bisharp
|-activate|p1a: Rotom-Wash|move: Trick|[of] p2a: Bisharp
|-item|p2a: Bisharp|Choice Scarf|[from] move: Trick
|-item|p1a: Rotom-Wash|Life Orb|[from] move: Trick
|
|turn|8
|
|move|p2a: Bisharp|Knock Off|p1a: Rotom-Wash
|-damage|p1a: Rotom-Wash|0 fnt
|-enditem|p1a: Rotom-Wash|Life Orb|[from] move: Knock Off|[of] p2a: Bisharp
|faint|p1a: Rotom-Wash
|
|
|switch|p1a: Conkeldurr|Conkeldurr, M|414\/414
|turn|9
|
|switch|p2a: Sableye|Sableye, F|304\/304
|move|p1a: Conkeldurr|Mach Punch|p2a: Sableye
|-immune|p2a: Sableye|[msg]
|
|turn|10
|
|switch|p1a: Heatran|Heatran, M|386\/386
|detailschange|p2a: Sableye|Sableye-Mega, F
|message|Sableye has Mega Evolved into Mega Sableye!
|move|p2a: Sableye|Shadow Ball|p1a: Heatran
|-damage|p1a: Heatran|329\/386
|
|-heal|p1a: Heatran|353\/386|[from] item: Leftovers
|turn|11
|
|move|p1a: Heatran|Lava Plume|p2a: Sableye
|-damage|p2a: Sableye|195\/304
|move|p2a: Sableye|Calm Mind|p2a: Sableye
|-boost|p2a: Sableye|spa|1
|-boost|p2a: Sableye|spd|1
|
|-heal|p1a: Heatran|377\/386|[from] item: Leftovers
|turn|12
|
|move|p1a: Heatran|Lava Plume|p2a: Sableye
|-damage|p2a: Sableye|122\/304
|-status|p2a: Sableye|brn
|move|p2a: Sableye|Calm Mind|p2a: Sableye
|-boost|p2a: Sableye|spa|1
|-boost|p2a: Sableye|spd|1
|
|-heal|p1a: Heatran|386\/386|[from] item: Leftovers
|-damage|p2a: Sableye|84\/304 brn|[from] brn
|turn|13
|
|switch|p1a: Metagross|Metagross|364\/364
|move|p2a: Sableye|Recover|p2a: Sableye
|-heal|p2a: Sableye|236\/304 brn
|
|-damage|p2a: Sableye|198\/304 brn|[from] brn
|turn|14
|
|switch|p1a: Heatran|Heatran, M|386\/386
|move|p2a: Sableye|Shadow Ball|p1a: Heatran
|-damage|p1a: Heatran|281\/386
|
|-heal|p1a: Heatran|305\/386|[from] item: Leftovers
|-damage|p2a: Sableye|160\/304 brn|[from] brn
|turn|15
|
|move|p1a: Heatran|Lava Plume|p2a: Sableye
|-crit|p2a: Sableye
|-damage|p2a: Sableye|1\/304 brn
|move|p2a: Sableye|Recover|p2a: Sableye
|-heal|p2a: Sableye|153\/304 brn
|
|-heal|p1a: Heatran|329\/386|[from] item: Leftovers
|-damage|p2a: Sableye|115\/304 brn|[from] brn
|turn|16
|c|âSpammernoob|lol SpD tran is such a threat
|
|move|p1a: Heatran|Lava Plume|p2a: Sableye
|-damage|p2a: Sableye|66\/304 brn
|move|p2a: Sableye|Recover|p2a: Sableye
|-heal|p2a: Sableye|218\/304 brn
|
|-heal|p1a: Heatran|353\/386|[from] item: Leftovers
|-damage|p2a: Sableye|180\/304 brn|[from] brn
|turn|17
|
|move|p1a: Heatran|Protect|p1a: Heatran
|-singleturn|p1a: Heatran|Protect
|move|p2a: Sableye|Shadow Ball|p1a: Heatran
|-activate|p1a: Heatran|Protect
|
|-heal|p1a: Heatran|377\/386|[from] item: Leftovers
|-damage|p2a: Sableye|142\/304 brn|[from] brn
|turn|18
|
|switch|p1a: Metagross|Metagross|364\/364
|move|p2a: Sableye|Recover|p2a: Sableye
|-heal|p2a: Sableye|294\/304 brn
|
|-damage|p2a: Sableye|256\/304 brn|[from] brn
|turn|19
|
|detailschange|p1a: Metagross|Metagross-Mega
|message|Metagross has Mega Evolved into Mega Metagross!
|move|p1a: Metagross|Meteor Mash|p2a: Sableye
|-crit|p2a: Sableye
|-damage|p2a: Sableye|22\/304 brn
|move|p2a: Sableye|Shadow Ball|p1a: Metagross
|-supereffective|p1a: Metagross
|-damage|p1a: Metagross|56\/364
|
|-damage|p2a: Sableye|0 fnt|[from] brn
|faint|p2a: Sableye
|c|âSpammernoob|Dat crit
|
|switch|p2a: Bisharp|Bisharp, M|245\/272
|turn|20
|c|âmartsian|yes but you would die eventually
|
|move|p2a: Bisharp|Knock Off|p1a: Metagross
|-supereffective|p1a: Metagross
|-damage|p1a: Metagross|0 fnt
|faint|p1a: Metagross
|
|
|switch|p1a: Conkeldurr|Conkeldurr, M|414\/414
|turn|21
|
|move|p1a: Conkeldurr|Mach Punch|p2a: Bisharp
|-supereffective|p2a: Bisharp
|-damage|p2a: Bisharp|0 fnt
|faint|p2a: Bisharp
|
|
|switch|p2a: Honchkrow|Honchkrow, M|341\/341
|turn|22
|
|switch|p2a: Excadrill|Excadrill, F|373\/373
|-ability|p2a: Excadrill|Mold Breaker
|switch|p1a: Heatran|Heatran, M|377\/386
|
|-heal|p1a: Heatran|386\/386|[from] item: Leftovers
|turn|23
|c|âSpammernoob|The plays. <3
|
|move|p2a: Excadrill|Earthquake|p1a: Heatran
|-supereffective|p1a: Heatran
|-damage|p1a: Heatran|0 fnt
|faint|p1a: Heatran
|
|
|switch|p1a: Conkeldurr|Conkeldurr, M|414\/414
|turn|24
|
|switch|p2a: Greninja|Greninja, M|285\/285
|move|p1a: Conkeldurr|Drain Punch|p2a: Greninja
|-supereffective|p2a: Greninja
|-damage|p2a: Greninja|0 fnt
|faint|p2a: Greninja
|
|
|switch|p2a: Honchkrow|Honchkrow, M|341\/341
|turn|25
|c|âSpammernoob|#swag
|c|âSpammernoob|:P
|
|switch|p1a: Gardevoir|Gardevoir, M|278\/278
|-ability|p1a: Gardevoir|Moxie|[from] ability: Trace|[of] p2a: Honchkrow
|move|p2a: Honchkrow|Brave Bird|p1a: Gardevoir
|-damage|p1a: Gardevoir|0 fnt
|-damage|p2a: Honchkrow|249\/341|[from] recoil|[of] p1a: Gardevoir
|-damage|p2a: Honchkrow|215\/341|[from] item: Life Orb
|faint|p1a: Gardevoir
|-boost|p2a: Honchkrow|atk|1|[from] ability: Moxie
|
|c|âSpammernoob|gg
|
|switch|p1a: Conkeldurr|Conkeldurr, M|414\/414
|turn|26
|c|âmartsian|gg
|
|move|p1a: Conkeldurr|Mach Punch|p2a: Honchkrow
|-damage|p2a: Honchkrow|97\/341
|move|p2a: Honchkrow|Brave Bird|p1a: Conkeldurr
|-supereffective|p1a: Conkeldurr
|-damage|p1a: Conkeldurr|0 fnt
|-damage|p2a: Honchkrow|0 fnt|[from] recoil|[of] p1a: Conkeldurr
|faint|p1a: Conkeldurr
|faint|p2a: Honchkrow
|
|win|Spammernoob