|join|Endrew
|join|Spammernoob
|player|p1|Endrew|169
|player|p2|Spammernoob|292
|gametype|singles
|gen|6
|tier|OU
|clearpoke
|poke|p1|Breloom, F
|poke|p1|Tyranitar, F
|poke|p1|Zapdos
|poke|p1|Conkeldurr, F
|poke|p1|Excadrill, F
|poke|p1|Slowbro, M
|poke|p2|Sableye, M, shiny
|poke|p2|Scizor, F
|poke|p2|Tyranitar, F
|poke|p2|Bisharp, F, shiny
|poke|p2|Crawdaunt, F, shiny
|poke|p2|Greninja, M, shiny
|rule|Swagger Clause: Swagger is banned
|rule|Baton Pass Clause: Limit one PokÃ©mon knowing Baton Pass
|rule|Sleep Clause Mod: Limit one foe put to sleep
|rule|Species Clause: Limit one of each PokÃ©mon
|rule|OHKO Clause: OHKO moves are banned
|rule|Moody Clause: Moody is banned
|rule|Evasion Moves Clause: Evasion moves are banned
|rule|Endless Battle Clause: Forcing endless battles is banned
|rule|HP Percentage Mod: HP is shown in percentages
|teampreview
|c|âSpammernoob|FAK
|c|âSpammernoob|Why does everyone love Conk
|
|start
|switch|p1a: Conkeldurr|Conkeldurr, F|372\/372
|switch|p2a: 1 Rupee :|Sableye, M, shiny|304\/304
|turn|1
|
|detailschange|p2a: 1 Rupee :|Sableye-Mega, M, shiny
|message|Sableye has Mega Evolved into Mega Sableye!
|move|p2a: 1 Rupee :|Calm Mind|p2a: 1 Rupee :
|-boost|p2a: 1 Rupee :|spa|1
|-boost|p2a: 1 Rupee :|spd|1
|move|p1a: Conkeldurr|Fire Punch|p2a: 1 Rupee :
|-damage|p2a: 1 Rupee :|246\/304
|-status|p2a: 1 Rupee :|brn
|
|-damage|p2a: 1 Rupee :|208\/304 brn|[from] brn
|turn|2
|
|switch|p1a: Tyranitar|Tyranitar, F|341\/341
|-weather|Sandstorm
|move|p2a: 1 Rupee :|Calm Mind|p2a: 1 Rupee :
|-boost|p2a: 1 Rupee :|spa|1
|-boost|p2a: 1 Rupee :|spd|1
|
|-weather|Sandstorm|[upkeep]
|-damage|p2a: 1 Rupee :|189\/304 brn|[from] sandstorm
|-damage|p2a: 1 Rupee :|151\/304 brn|[from] brn
|turn|3
|c|âSpammernoob|This is when I forfeit. lol
|
|detailschange|p1a: Tyranitar|Tyranitar-Mega, F
|message|Tyranitar has Mega Evolved into Mega Tyranitar!
|move|p1a: Tyranitar|Crunch|p2a: 1 Rupee :
|-damage|p2a: 1 Rupee :|54\/304 brn
|-unboost|p2a: 1 Rupee :|def|1
|move|p2a: 1 Rupee :|Recover|p2a: 1 Rupee :
|-heal|p2a: 1 Rupee :|206\/304 brn
|
|-weather|Sandstorm|[upkeep]
|-damage|p2a: 1 Rupee :|187\/304 brn|[from] sandstorm
|-damage|p2a: 1 Rupee :|149\/304 brn|[from] brn
|turn|4
|
|move|p1a: Tyranitar|Crunch|p2a: 1 Rupee :
|-damage|p2a: 1 Rupee :|0 fnt
|faint|p2a: 1 Rupee :
|
|-weather|Sandstorm|[upkeep]
|
|switch|p2a: .69 Caliber|Scizor, F|344\/344
|turn|5
|
|move|p1a: Tyranitar|Flamethrower|p2a: .69 Caliber
|-supereffective|p2a: .69 Caliber
|-damage|p2a: .69 Caliber|0 fnt
|faint|p2a: .69 Caliber
|
|-weather|Sandstorm|[upkeep]
|
|switch|p2a: Spammer 2|Crawdaunt, F, shiny|267\/267
|turn|6
|
|move|p1a: Tyranitar|Thunderbolt|p2a: Spammer 2
|-supereffective|p2a: Spammer 2
|-damage|p2a: Spammer 2|33\/267
|move|p2a: Spammer 2|Crabhammer|p1a: Tyranitar
|-supereffective|p1a: Tyranitar
|-damage|p1a: Tyranitar|0 fnt
|-damage|p2a: Spammer 2|7\/267|[from] item: Life Orb
|faint|p1a: Tyranitar
|
|-weather|none
|c|âSpammernoob|I think you won this one lol
|
|switch|p1a: Excadrill|Excadrill, F|361\/361
|turn|7
|
|move|p2a: Spammer 2|Aqua Jet|p1a: Excadrill
|-supereffective|p1a: Excadrill
|-damage|p1a: Excadrill|0 fnt
|-damage|p2a: Spammer 2|0 fnt|[from] item: Rocky Helmet|[of] p1a: Excadrill
|faint|p2a: Spammer 2
|faint|p1a: Excadrill
|
|
|switch|p1a: Zapdos|Zapdos|321\/321
|switch|p2a: GOD-zilla|Tyranitar, F|404\/404
|-ability|p1a: Zapdos|Pressure
|-weather|Sandstorm
|turn|8
|c|âSpammernoob|Friggin' Flamethrower M-T-tar
|
|move|p1a: Zapdos|Rain Dance|p1a: Zapdos
|-weather|RainDance
|move|p2a: GOD-zilla|Stealth Rock|p1a: Zapdos
|-sidestart|p1: Endrew|move: Stealth Rock
|
|-weather|RainDance|[upkeep]
|turn|9
|c|âSpammernoob|Threw me off.
|
|move|p1a: Zapdos|Thunder|p2a: GOD-zilla
|-damage|p2a: GOD-zilla|250\/404
|-status|p2a: GOD-zilla|par
|move|p2a: GOD-zilla|Ice Beam|p1a: Zapdos
|-crit|p1a: Zapdos
|-supereffective|p1a: Zapdos
|-damage|p1a: Zapdos|77\/321
|
|-weather|RainDance|[upkeep]
|-heal|p2a: GOD-zilla|275\/404 par|[from] item: Leftovers
|turn|10
|
|move|p1a: Zapdos|Thunder|p2a: GOD-zilla
|-damage|p2a: GOD-zilla|121\/404 par
|move|p2a: GOD-zilla|Ice Beam|p1a: Zapdos
|-supereffective|p1a: Zapdos
|-damage|p1a: Zapdos|0 fnt
|faint|p1a: Zapdos
|
|-weather|RainDance|[upkeep]
|-heal|p2a: GOD-zilla|146\/404 par|[from] item: Leftovers
|
|switch|p1a: Breloom|Breloom, F|282\/282
|-damage|p1a: Breloom|265\/282|[from] Stealth Rock
|turn|11
|
|move|p1a: Breloom|Sky Uppercut|p2a: GOD-zilla
|-supereffective|p2a: GOD-zilla
|-damage|p2a: GOD-zilla|0 fnt
|faint|p2a: GOD-zilla
|
|-weather|RainDance|[upkeep]
|
|switch|p2a: NoCounters|Greninja, M, shiny|285\/285
|turn|12
|
|move|p2a: NoCounters|Gunk Shot|p1a: Breloom
|-start|p2a: NoCounters|typechange|Poison|[from] Protean
|-supereffective|p1a: Breloom
|-damage|p1a: Breloom|0 fnt
|-damage|p2a: NoCounters|257\/285|[from] item: Life Orb
|faint|p1a: Breloom
|
|-weather|none
|
|switch|p1a: Conkeldurr|Conkeldurr, F|372\/372
|-damage|p1a: Conkeldurr|349\/372|[from] Stealth Rock
|turn|13
|c|âSpammernoob|OMG Did this just happen lol
|
|move|p2a: NoCounters|Hydro Pump|p1a: Conkeldurr
|-start|p2a: NoCounters|typechange|Water|[from] Protean
|-damage|p1a: Conkeldurr|75\/372
|-damage|p2a: NoCounters|229\/285|[from] item: Life Orb
|move|p1a: Conkeldurr|Drain Punch|p2a: NoCounters
|-crit|p2a: NoCounters
|-damage|p2a: NoCounters|0 fnt
|-heal|p1a: Conkeldurr|190\/372|[from] drain|[of] p2a: NoCounters
|faint|p2a: NoCounters
|
|c|âSpammernoob|>.<
|c|âSpammernoob|Frick
|c|âSpammernoob|Rain ran out
|
|switch|p2a: Spammer 1|Bisharp, F, shiny|272\/272
|turn|14
|
|move|p2a: Spammer 1|Iron Head|p1a: Conkeldurr
|-damage|p1a: Conkeldurr|0 fnt
|-damage|p2a: Spammer 1|245\/272|[from] item: Life Orb
|faint|p1a: Conkeldurr
|
|c|âSpammernoob|WAT
|c|âSpammernoob|I'm so done
|
|switch|p1a: Slowbro|Slowbro, M|352\/352
|-damage|p1a: Slowbro|308\/352|[from] Stealth Rock
|turn|15
|c|âSpammernoob|\/\/forfeits
|
|move|p2a: Spammer 1|Knock Off|p1a: Slowbro
|-supereffective|p1a: Slowbro
|-damage|p1a: Slowbro|0 fnt
|-enditem|p1a: Slowbro|Icicle Plate|[from] move: Knock Off|[of] p2a: Spammer 1
|-damage|p2a: Spammer 1|218\/272|[from] item: Life Orb
|faint|p1a: Slowbro
|
|win|Spammernoob
|c|âSpammernoob|What just happended