|join|Synthesiax V
|join|Spammernoob
|player|p1|Synthesiax V|70
|player|p2|Spammernoob|292
|gametype|singles
|gen|6
|tier|OU
|clearpoke
|poke|p1|Jirachi
|poke|p1|Greninja, M
|poke|p1|Ferrothorn, F
|poke|p1|Landorus-Therian, M
|poke|p1|Umbreon, M
|poke|p1|Venusaur, F
|poke|p2|Sableye, M
|poke|p2|Excadrill, F
|poke|p2|Honchkrow, F
|poke|p2|Bisharp, F
|poke|p2|Crawdaunt, M
|poke|p2|Greninja, M
|rule|Swagger Clause: Swagger is banned
|rule|Baton Pass Clause: Limit one PokÃ©mon knowing Baton Pass
|rule|Sleep Clause Mod: Limit one foe put to sleep
|rule|Species Clause: Limit one of each PokÃ©mon
|rule|OHKO Clause: OHKO moves are banned
|rule|Moody Clause: Moody is banned
|rule|Evasion Moves Clause: Evasion moves are banned
|rule|Endless Battle Clause: Forcing endless battles is banned
|rule|HP Percentage Mod: HP is shown in percentages
|teampreview
|c|âSynthesiax V|WAIT
|c|âSynthesiax V|nah
|c|âSynthesiax V|I lost gg
|
|start
|switch|p1a: Umbreon|Umbreon, M|380\/380
|switch|p2a: Sableye|Sableye, M|304\/304
|turn|1
|
|detailschange|p2a: Sableye|Sableye-Mega, M
|message|Sableye has Mega Evolved into Mega Sableye!
|move|p2a: Sableye|Calm Mind|p2a: Sableye
|-boost|p2a: Sableye|spa|1
|-boost|p2a: Sableye|spd|1
|move|p1a: Umbreon|Foul Play|p2a: Sableye
|-damage|p2a: Sableye|253\/304
|
|turn|2
|
|move|p1a: Umbreon|Foul Play|p2a: Sableye
|-damage|p2a: Sableye|210\/304
|move|p2a: Sableye|Calm Mind|p2a: Sableye
|-boost|p2a: Sableye|spa|1
|-boost|p2a: Sableye|spd|1
|
|turn|3
|c|âSpammernoob|lol Crap. No one's figureed this out yet. lol
|
|switch|p1a: Landorus-Therian|Landorus-Therian, M|320\/320
|-ability|p1a: Landorus-Therian|Intimidate|[of] p2a: Sableye
|-unboost|p2a: Sableye|atk|1
|move|p2a: Sableye|Calm Mind|p2a: Sableye
|-boost|p2a: Sableye|spa|1
|-boost|p2a: Sableye|spd|1
|
|turn|4
|
|move|p1a: Landorus-Therian|Earthquake|p2a: Sableye
|-damage|p2a: Sableye|80\/304
|move|p2a: Sableye|Will-O-Wisp|p1a: Landorus-Therian
|-status|p1a: Landorus-Therian|brn
|
|-damage|p1a: Landorus-Therian|280\/320 brn|[from] brn
|turn|5
|
|move|p1a: Landorus-Therian|Earthquake|p2a: Sableye
|-damage|p2a: Sableye|19\/304
|move|p2a: Sableye|Recover|p2a: Sableye
|-heal|p2a: Sableye|171\/304
|
|-damage|p1a: Landorus-Therian|240\/320 brn|[from] brn
|turn|6
|c|âSpammernoob|But... there's a secret to beating Sableye
|
|switch|p1a: Ferrothorn|Ferrothorn, F|352\/352
|move|p2a: Sableye|Recover|p2a: Sableye
|-heal|p2a: Sableye|304\/304
|
|turn|7
|c|âSpammernoob|That no one knows
|
|move|p2a: Sableye|Calm Mind|p2a: Sableye
|-boost|p2a: Sableye|spa|1
|-boost|p2a: Sableye|spd|1
|move|p1a: Ferrothorn|Gyro Ball|p2a: Sableye
|-damage|p2a: Sableye|271\/304
|
|turn|8
|c|âSynthesiax V|hey
|c|âSynthesiax V|dont cheat
|c|âSpammernoob|?
|c|âSpammernoob|Wat
|c|âSynthesiax V|SABELYE IS OP
|
|switch|p1a: Landorus-Therian|Landorus-Therian, M|240\/320 brn
|-ability|p1a: Landorus-Therian|Intimidate|[of] p2a: Sableye
|-unboost|p2a: Sableye|atk|1
|move|p2a: Sableye|Will-O-Wisp|p1a: Landorus-Therian
|-fail|p1a: Landorus-Therian|brn
|
|-damage|p1a: Landorus-Therian|200\/320 brn|[from] brn
|turn|9
|c|âSynthesiax V|stahp
|c|âSpammernoob|lol
|
|move|p1a: Landorus-Therian|Knock Off|p2a: Sableye
|-damage|p2a: Sableye|245\/304
|move|p2a: Sableye|Calm Mind|p2a: Sableye
|-boost|p2a: Sableye|spa|1
|-boost|p2a: Sableye|spd|1
|
|-damage|p1a: Landorus-Therian|160\/320 brn|[from] brn
|turn|10
|
|switch|p1a: Venusaur|Venusaur, F|364\/364
|move|p2a: Sableye|Calm Mind|p2a: Sableye
|-boost|p2a: Sableye|spa|1
|-boost|p2a: Sableye|spd|1
|
|turn|11
|
|detailschange|p1a: Venusaur|Venusaur-Mega, F
|message|Venusaur has Mega Evolved into Mega Venusaur!
|move|p1a: Venusaur|Sludge Bomb|p2a: Sableye
|-resisted|p2a: Sableye
|-damage|p2a: Sableye|232\/304
|move|p2a: Sableye|Shadow Ball|p1a: Venusaur
|-damage|p1a: Venusaur|106\/364
|-unboost|p1a: Venusaur|spd|1
|
|turn|12
|c|âSpammernoob|Have you figured it out yet?
|
|switch|p1a: Umbreon|Umbreon, M|380\/380
|move|p2a: Sableye|Shadow Ball|p1a: Umbreon
|-resisted|p1a: Umbreon
|-damage|p1a: Umbreon|274\/380
|
|-heal|p1a: Umbreon|297\/380|[from] item: Leftovers
|turn|13
|c|âSynthesiax V|nah
|
|move|p1a: Umbreon|Foul Play|p2a: Sableye
|-crit|p2a: Sableye
|-damage|p2a: Sableye|162\/304
|move|p2a: Sableye|Shadow Ball|p1a: Umbreon
|-resisted|p1a: Umbreon
|-damage|p1a: Umbreon|181\/380
|
|-heal|p1a: Umbreon|204\/380|[from] item: Leftovers
|turn|14
|c|âSpammernoob|I'll tell you once you beat me. :P
|
|move|p1a: Umbreon|Foul Play|p2a: Sableye
|-damage|p2a: Sableye|137\/304
|move|p2a: Sableye|Recover|p2a: Sableye
|-heal|p2a: Sableye|289\/304
|
|-heal|p1a: Umbreon|227\/380|[from] item: Leftovers
|turn|15
|c|âSynthesiax V|what?
|c|âSpammernoob|The secret to beating Sableye
|
|move|p1a: Umbreon|Foul Play|p2a: Sableye
|-damage|p2a: Sableye|264\/304
|move|p2a: Sableye|Shadow Ball|p1a: Umbreon
|-resisted|p1a: Umbreon
|-damage|p1a: Umbreon|119\/380
|
|-heal|p1a: Umbreon|142\/380|[from] item: Leftovers
|turn|16
|c|âSynthesiax V|I dont like u anymore
|
|move|p1a: Umbreon|Moonlight|p1a: Umbreon
|-heal|p1a: Umbreon|332\/380
|move|p2a: Sableye|Shadow Ball|p1a: Umbreon
|-resisted|p1a: Umbreon
|-damage|p1a: Umbreon|224\/380
|
|-heal|p1a: Umbreon|247\/380|[from] item: Leftovers
|turn|17
|
|move|p1a: Umbreon|Foul Play|p2a: Sableye
|-damage|p2a: Sableye|240\/304
|move|p2a: Sableye|Shadow Ball|p1a: Umbreon
|-resisted|p1a: Umbreon
|-damage|p1a: Umbreon|145\/380
|-unboost|p1a: Umbreon|spd|1
|
|-heal|p1a: Umbreon|168\/380|[from] item: Leftovers
|turn|18
|c|âSpammernoob|Does your Umbreon have toxic? I'm assuming it does
|
|move|p1a: Umbreon|Moonlight|p1a: Umbreon
|-heal|p1a: Umbreon|358\/380
|move|p2a: Sableye|Shadow Ball|p1a: Umbreon
|-resisted|p1a: Umbreon
|-damage|p1a: Umbreon|182\/380
|
|-heal|p1a: Umbreon|205\/380|[from] item: Leftovers
|turn|19
|c|âSynthesiax V|no
|c|âSynthesiax V|u have magic bounce
|c|âSynthesiax V|doesnt work that way
|
|move|p1a: Umbreon|Moonlight|p1a: Umbreon
|-heal|p1a: Umbreon|380\/380
|move|p2a: Sableye|Shadow Ball|p1a: Umbreon
|-crit|p1a: Umbreon
|-resisted|p1a: Umbreon
|-damage|p1a: Umbreon|135\/380
|
|-heal|p1a: Umbreon|158\/380|[from] item: Leftovers
|turn|20
|c|âSpammernoob|I'll tell you about my experimments after this battle.
|
|switch|p1a: Landorus-Therian|Landorus-Therian, M|160\/320 brn
|-ability|p1a: Landorus-Therian|Intimidate|[of] p2a: Sableye
|-unboost|p2a: Sableye|atk|1
|move|p2a: Sableye|Shadow Ball|p1a: Landorus-Therian
|-damage|p1a: Landorus-Therian|0 fnt
|faint|p1a: Landorus-Therian
|
|c|âSynthesiax V|KILL ME
|
|switch|p1a: Jirachi|Jirachi|373\/373
|turn|21
|
|move|p1a: Jirachi|Iron Head|p2a: Sableye
|-damage|p2a: Sableye|159\/304
|cant|p2a: Sableye|flinch
|
|turn|22
|c|âSynthesiax V|yes
|
|move|p1a: Jirachi|Iron Head|p2a: Sableye
|-damage|p2a: Sableye|75\/304
|cant|p2a: Sableye|flinch
|
|turn|23
|c|âSynthesiax V|YES
|
|move|p1a: Jirachi|Iron Head|p2a: Sableye
|-damage|p2a: Sableye|0 fnt
|faint|p2a: Sableye
|
|c|âSpammernoob|dang. lol
|c|âSynthesiax V|YAY
|
|switch|p2a: Honchkrow|Honchkrow, F|341\/341
|turn|24
|c|âSynthesiax V|HAX HAX HAX
|
|switch|p1a: Ferrothorn|Ferrothorn, F|352\/352
|move|p2a: Honchkrow|Heat Wave|p1a: Ferrothorn
|-crit|p1a: Ferrothorn
|-supereffective|p1a: Ferrothorn
|-damage|p1a: Ferrothorn|0 fnt
|-damage|p2a: Honchkrow|307\/341|[from] item: Life Orb
|faint|p1a: Ferrothorn
|-boost|p2a: Honchkrow|atk|1|[from] ability: Moxie
|
|c|âSpammernoob|Nah, fren
|c|âSynthesiax V|nah
|c|âSpammernoob|60% = 100%
|c|âSpammernoob|Not hax. xD
|c|âSynthesiax V|I still hate u
|
|switch|p1a: Jirachi|Jirachi|373\/373
|turn|25
|
|move|p2a: Honchkrow|Sucker Punch|p1a: Jirachi
|-supereffective|p1a: Jirachi
|-damage|p1a: Jirachi|0 fnt
|-damage|p2a: Honchkrow|273\/341|[from] item: Life Orb
|faint|p1a: Jirachi
|-boost|p2a: Honchkrow|atk|1|[from] ability: Moxie
|
|c|âSpammernoob|^lol
|c|âSynthesiax V|bud
|
|switch|p1a: Venusaur|Venusaur-Mega, F|106\/364
|turn|26
|c|âSynthesiax V|not ideal
|
|move|p2a: Honchkrow|Brave Bird|p1a: Venusaur
|-supereffective|p1a: Venusaur
|-damage|p1a: Venusaur|0 fnt
|-damage|p2a: Honchkrow|238\/341|[from] recoil|[of] p1a: Venusaur
|-damage|p2a: Honchkrow|204\/341|[from] item: Life Orb
|faint|p1a: Venusaur
|-boost|p2a: Honchkrow|atk|1|[from] ability: Moxie
|
|c|âSynthesiax V|nah
|
|switch|p1a: Umbreon|Umbreon, M|158\/380
|turn|27
|
|move|p2a: Honchkrow|Brave Bird|p1a: Umbreon
|-damage|p1a: Umbreon|0 fnt
|-damage|p2a: Honchkrow|152\/341|[from] recoil|[of] p1a: Umbreon
|-damage|p2a: Honchkrow|118\/341|[from] item: Life Orb
|faint|p1a: Umbreon
|-boost|p2a: Honchkrow|atk|1|[from] ability: Moxie
|
|c|âSynthesiax V|nah
|c|âSpammernoob|<3 Honchkrow
|
|switch|p1a: Greninja|Greninja, M|286\/286
|turn|28
|
|move|p2a: Honchkrow|Sucker Punch|p1a: Greninja
|-resisted|p1a: Greninja
|-damage|p1a: Greninja|0 fnt
|-damage|p2a: Honchkrow|84\/341|[from] item: Life Orb
|faint|p1a: Greninja
|-boost|p2a: Honchkrow|atk|1|[from] ability: Moxie
|
|win|Spammernoob
|c|âSynthesiax V|gg
|c|âSpammernoob|Lemme tell you a secret
|c|âSynthesiax V|no thanks