|join|Spammernoob
|join|PeinMan
|player|p1|Spammernoob|3
|player|p2|PeinMan|169
|gametype|singles
|gen|6
|tier|OU
|rated
|clearpoke
|poke|p1|Landorus, M
|poke|p1|Metagross
|poke|p1|Latios, M
|poke|p1|Keldeo
|poke|p1|Heatran, F
|poke|p1|Thundurus, M
|poke|p2|Gyarados, F
|poke|p2|Bisharp, M
|poke|p2|Diggersby, F
|poke|p2|Ferrothorn, F
|poke|p2|Latias, F
|poke|p2|Clefable, F
|rule|Swagger Clause: Swagger is banned
|rule|Baton Pass Clause: Limit one PokÃ©mon knowing Baton Pass
|rule|Sleep Clause Mod: Limit one foe put to sleep
|rule|Species Clause: Limit one of each PokÃ©mon
|rule|OHKO Clause: OHKO moves are banned
|rule|Moody Clause: Moody is banned
|rule|Evasion Moves Clause: Evasion moves are banned
|rule|Endless Battle Clause: Forcing endless battles is banned
|rule|HP Percentage Mod: HP is shown in percentages
|teampreview
|
|start
|switch|p1a: Heatran|Heatran, F|333\/333
|switch|p2a: Diggersby|Diggersby, F|311\/311
|-item|p1a: Heatran|Air Balloon
|turn|1
|
|move|p2a: Diggersby|Return|p1a: Heatran
|-resisted|p1a: Heatran
|-damage|p1a: Heatran|189\/333
|-enditem|p1a: Heatran|Air Balloon
|-damage|p2a: Diggersby|280\/311|[from] item: Life Orb
|move|p1a: Heatran|Will-O-Wisp|p2a: Diggersby
|-status|p2a: Diggersby|brn
|
|-damage|p2a: Diggersby|242\/311 brn|[from] brn
|turn|2
|
|switch|p1a: Latios|Latios, M|301\/301
|move|p2a: Diggersby|Return|p1a: Latios
|-damage|p1a: Latios|128\/301
|-damage|p2a: Diggersby|211\/311 brn|[from] item: Life Orb
|
|-damage|p2a: Diggersby|173\/311 brn|[from] brn
|turn|3
|
|switch|p1a: Keldeo|Keldeo|323\/323
|switch|p2a: Ferrothorn|Ferrothorn, F|352\/352
|
|turn|4
|
|move|p1a: Keldeo|Substitute|p1a: Keldeo
|-start|p1a: Keldeo|Substitute
|-damage|p1a: Keldeo|243\/323
|move|p2a: Ferrothorn|Stealth Rock|p1a: Keldeo
|-sidestart|p1: Spammernoob|move: Stealth Rock
|
|-heal|p1a: Keldeo|263\/323|[from] item: Leftovers
|turn|5
|
|switch|p2a: Latias|Latias, F|301\/301
|move|p1a: Keldeo|Secret Sword|p2a: Latias
|-resisted|p2a: Latias
|-damage|p2a: Latias|223\/301
|
|-heal|p1a: Keldeo|283\/323|[from] item: Leftovers
|turn|6
|
|move|p2a: Latias|Psyshock|p1a: Keldeo
|-supereffective|p1a: Keldeo
|-end|p1a: Keldeo|Substitute
|-damage|p2a: Latias|193\/301|[from] item: Life Orb
|move|p1a: Keldeo|Scald|p2a: Latias
|-resisted|p2a: Latias
|-damage|p2a: Latias|134\/301
|-status|p2a: Latias|brn
|
|-heal|p1a: Keldeo|303\/323|[from] item: Leftovers
|-damage|p2a: Latias|97\/301 brn|[from] brn
|turn|7
|
|switch|p1a: Metagross|Metagross|301\/301
|-damage|p1a: Metagross|283\/301|[from] Stealth Rock
|move|p2a: Latias|Healing Wish|p2a: Latias
|faint|p2a: Latias
|
|c|âSpammernoob|...
|
|switch|p2a: Diggersby|Diggersby, F|173\/311 brn
|-heal|p2a: Diggersby|311\/311|[from] move: Healing Wish
|turn|8
|
|switch|p1a: Latios|Latios, M|128\/301
|-damage|p1a: Latios|91\/301|[from] Stealth Rock
|move|p2a: Diggersby|Knock Off|p1a: Latios
|-supereffective|p1a: Latios
|-damage|p1a: Latios|0 fnt
|-enditem|p1a: Latios|Life Orb|[from] move: Knock Off|[of] p2a: Diggersby
|-damage|p2a: Diggersby|280\/311|[from] item: Life Orb
|faint|p1a: Latios
|
|
|switch|p1a: Keldeo|Keldeo|303\/323
|-damage|p1a: Keldeo|283\/323|[from] Stealth Rock
|turn|9
|
|move|p1a: Keldeo|Scald|p2a: Diggersby
|-supereffective|p2a: Diggersby
|-damage|p2a: Diggersby|0 fnt
|faint|p2a: Diggersby
|
|-heal|p1a: Keldeo|303\/323|[from] item: Leftovers
|
|switch|p2a: Gyarados|Gyarados, F|332\/332
|-ability|p2a: Gyarados|Intimidate|[of] p1a: Keldeo
|-unboost|p1a: Keldeo|atk|1
|turn|10
|
|move|p1a: Keldeo|Scald|p2a: Gyarados
|-resisted|p2a: Gyarados
|-damage|p2a: Gyarados|267\/332
|move|p2a: Gyarados|Dragon Dance|p2a: Gyarados
|-boost|p2a: Gyarados|atk|1
|-boost|p2a: Gyarados|spe|1
|
|-heal|p1a: Keldeo|323\/323|[from] item: Leftovers
|turn|11
|
|move|p2a: Gyarados|Dragon Dance|p2a: Gyarados
|-boost|p2a: Gyarados|atk|1
|-boost|p2a: Gyarados|spe|1
|move|p1a: Keldeo|Scald|p2a: Gyarados
|-resisted|p2a: Gyarados
|-damage|p2a: Gyarados|190\/332
|
|turn|12
|
|detailschange|p2a: Gyarados|Gyarados-Mega, F
|-mega|p2a: Gyarados|Gyarados|Gyaradosite
|-ability|p2a: Gyarados|Mold Breaker
|move|p2a: Gyarados|Waterfall|p1a: Keldeo
|-resisted|p1a: Keldeo
|-damage|p1a: Keldeo|136\/323
|move|p1a: Keldeo|Scald|p2a: Gyarados
|-resisted|p2a: Gyarados
|-damage|p2a: Gyarados|128\/332
|
|-heal|p1a: Keldeo|156\/323|[from] item: Leftovers
|turn|13
|
|switch|p1a: Heatran|Heatran, F|189\/333
|-damage|p1a: Heatran|148\/333|[from] Stealth Rock
|move|p2a: Gyarados|Crunch|p1a: Heatran
|-crit|p1a: Heatran
|-damage|p1a: Heatran|0 fnt
|faint|p1a: Heatran
|
|
|switch|p1a: Thundurus|Thundurus, M|299\/299
|-damage|p1a: Thundurus|225\/299|[from] Stealth Rock
|turn|14
|
|move|p1a: Thundurus|Thunder Wave|p2a: Gyarados
|-status|p2a: Gyarados|par
|move|p2a: Gyarados|Waterfall|p1a: Thundurus
|-damage|p1a: Thundurus|0 fnt
|faint|p1a: Thundurus
|
|
|switch|p1a: Landorus|Landorus, M|319\/319
|-damage|p1a: Landorus|280\/319|[from] Stealth Rock
|turn|15
|
|move|p1a: Landorus|Earth Power|p2a: Gyarados
|-damage|p2a: Gyarados|0 fnt
|faint|p2a: Gyarados
|
|
|switch|p2a: Ferrothorn|Ferrothorn, F|352\/352
|turn|16
|
|move|p1a: Landorus|Earth Power|p2a: Ferrothorn
|-damage|p2a: Ferrothorn|161\/352
|move|p2a: Ferrothorn|Gyro Ball|p1a: Landorus
|-damage|p1a: Landorus|103\/319
|
|-heal|p2a: Ferrothorn|183\/352|[from] item: Leftovers
|turn|17
|
|move|p2a: Ferrothorn|Protect|p2a: Ferrothorn
|-singleturn|p2a: Ferrothorn|Protect
|move|p1a: Landorus|Earth Power|p2a: Ferrothorn
|-activate|p2a: Ferrothorn|Protect
|
|-heal|p2a: Ferrothorn|205\/352|[from] item: Leftovers
|turn|18
|
|move|p1a: Landorus|Earth Power|p2a: Ferrothorn
|-damage|p2a: Ferrothorn|22\/352
|move|p2a: Ferrothorn|Gyro Ball|p1a: Landorus
|-damage|p1a: Landorus|0 fnt
|faint|p1a: Landorus
|
|-heal|p2a: Ferrothorn|44\/352|[from] item: Leftovers
|
|switch|p1a: Keldeo|Keldeo|156\/323
|-damage|p1a: Keldeo|136\/323|[from] Stealth Rock
|turn|19
|
|move|p1a: Keldeo|Secret Sword|p2a: Ferrothorn
|-supereffective|p2a: Ferrothorn
|-damage|p2a: Ferrothorn|0 fnt
|faint|p2a: Ferrothorn
|
|-heal|p1a: Keldeo|156\/323|[from] item: Leftovers
|
|switch|p2a: Clefable|Clefable, F|394\/394
|turn|20
|
|switch|p1a: Metagross|Metagross|283\/301
|-damage|p1a: Metagross|265\/301|[from] Stealth Rock
|switch|p2a: Bisharp|Bisharp, M|271\/271
|
|turn|21
|
|detailschange|p1a: Metagross|Metagross-Mega
|-mega|p1a: Metagross|Metagross|Metagrossite
|move|p2a: Bisharp|Sucker Punch|p1a: Metagross
|-supereffective|p1a: Metagross
|-damage|p1a: Metagross|0 fnt
|-damage|p2a: Bisharp|244\/271|[from] item: Life Orb
|faint|p1a: Metagross
|
|c|âSpammernoob|lol gg
|c|âPeinMan|plays
|
|switch|p1a: Keldeo|Keldeo|156\/323
|-damage|p1a: Keldeo|136\/323|[from] Stealth Rock
|turn|22
|
|move|p1a: Keldeo|Secret Sword|p2a: Bisharp
|-supereffective|p2a: Bisharp
|-damage|p2a: Bisharp|0 fnt
|faint|p2a: Bisharp
|
|-heal|p1a: Keldeo|156\/323|[from] item: Leftovers
|
|switch|p2a: Clefable|Clefable, F|394\/394
|turn|23
|
|move|p1a: Keldeo|Scald|p2a: Clefable
|-damage|p2a: Clefable|277\/394
|move|p2a: Clefable|Moonblast|p1a: Keldeo
|-supereffective|p1a: Keldeo
|-damage|p1a: Keldeo|0 fnt
|faint|p1a: Keldeo
|
|win|PeinMan
|raw|Ladder updating...
|raw|Spammernoob's rating: 1507 &rarr; <strong>1482<\/strong><br \/>(-25 for losing)
|raw|PeinMan's rating: 1406 &rarr; <strong>1432<\/strong><br \/>(+26 for winning)
|leave|Spammernoob
|player|p1