|join|Spammernoob
|join|I Like Rap Music
|player|p1|Spammernoob|3
|player|p2|I Like Rap Music|101
|gametype|singles
|gen|6
|tier|OU
|rated
|clearpoke
|poke|p1|Landorus, M
|poke|p1|Metagross
|poke|p1|Latios, M
|poke|p1|Keldeo
|poke|p1|Heatran, F
|poke|p1|Thundurus, M
|poke|p2|Sylveon, M
|poke|p2|Scizor, M
|poke|p2|Latias, F
|poke|p2|Rotom-Wash
|poke|p2|Garchomp, M
|poke|p2|Gallade, M
|rule|Swagger Clause: Swagger is banned
|rule|Baton Pass Clause: Limit one PokÃ©mon knowing Baton Pass
|rule|Sleep Clause Mod: Limit one foe put to sleep
|rule|Species Clause: Limit one of each PokÃ©mon
|rule|OHKO Clause: OHKO moves are banned
|rule|Moody Clause: Moody is banned
|rule|Evasion Moves Clause: Evasion moves are banned
|rule|Endless Battle Clause: Forcing endless battles is banned
|rule|HP Percentage Mod: HP is shown in percentages
|teampreview
|
|start
|switch|p1a: Heatran|Heatran, F|333\/333
|switch|p2a: Sylveon|Sylveon, M|393\/393
|-item|p1a: Heatran|Air Balloon
|turn|1
|
|switch|p2a: Rotom-Wash|Rotom-Wash|301\/301
|move|p1a: Heatran|Flash Cannon|p2a: Rotom-Wash
|-resisted|p2a: Rotom-Wash
|-damage|p2a: Rotom-Wash|263\/301
|
|turn|2
|
|switch|p1a: Latios|Latios, M|301\/301
|move|p2a: Rotom-Wash|Volt Switch|p1a: Latios
|-resisted|p1a: Latios
|-damage|p1a: Latios|262\/301
|
|switch|p2a: Scizor|Scizor, M|301\/301
|
|turn|3
|
|switch|p1a: Keldeo|Keldeo|323\/323
|move|p2a: Scizor|U-turn|p1a: Keldeo
|-resisted|p1a: Keldeo
|-damage|p1a: Keldeo|220\/323
|-damage|p2a: Scizor|271\/301|[from] item: Life Orb
|
|switch|p2a: Sylveon|Sylveon, M|393\/393
|
|-heal|p1a: Keldeo|240\/323|[from] item: Leftovers
|turn|4
|
|switch|p1a: Metagross|Metagross|301\/301
|move|p2a: Sylveon|Hyper Voice|p1a: Metagross
|-resisted|p1a: Metagross
|-damage|p1a: Metagross|187\/301
|
|turn|5
|
|switch|p2a: Rotom-Wash|Rotom-Wash|263\/301
|detailschange|p1a: Metagross|Metagross-Mega
|-mega|p1a: Metagross|Metagross|Metagrossite
|move|p1a: Metagross|Zen Headbutt|p2a: Rotom-Wash
|-damage|p2a: Rotom-Wash|127\/301
|
|turn|6
|
|move|p1a: Metagross|Zen Headbutt|p2a: Rotom-Wash
|-damage|p2a: Rotom-Wash|0 fnt
|faint|p2a: Rotom-Wash
|
|c|âSpammernoob|Ooh dang. lol
|
|switch|p2a: Scizor|Scizor, M|271\/301
|turn|7
|
|switch|p1a: Keldeo|Keldeo|240\/323
|move|p2a: Scizor|Swords Dance|p2a: Scizor
|-boost|p2a: Scizor|atk|2
|
|-heal|p1a: Keldeo|260\/323|[from] item: Leftovers
|turn|8
|
|move|p1a: Keldeo|Scald|p2a: Scizor
|-damage|p2a: Scizor|97\/301
|move|p2a: Scizor|Bug Bite|p1a: Keldeo
|-resisted|p1a: Keldeo
|-damage|p1a: Keldeo|8\/323
|-damage|p2a: Scizor|67\/301|[from] item: Life Orb
|
|-heal|p1a: Keldeo|28\/323|[from] item: Leftovers
|turn|9
|
|switch|p2a: Latias|Latias, F|301\/301
|move|p1a: Keldeo|Scald|p2a: Latias
|-resisted|p2a: Latias
|-damage|p2a: Latias|243\/301
|-status|p2a: Latias|brn
|
|-heal|p1a: Keldeo|48\/323|[from] item: Leftovers
|-damage|p2a: Latias|206\/301 brn|[from] brn
|turn|10
|c|âSpammernoob|People need to stop using U-Turn SD 'zor
|
|switch|p1a: Metagross|Metagross-Mega|187\/301
|move|p2a: Latias|Psyshock|p1a: Metagross
|-resisted|p1a: Metagross
|-damage|p1a: Metagross|156\/301
|-damage|p2a: Latias|176\/301 brn|[from] item: Life Orb
|
|-damage|p2a: Latias|139\/301 brn|[from] brn
|turn|11
|
|move|p2a: Latias|Draco Meteor|p1a: Metagross
|-resisted|p1a: Metagross
|-damage|p1a: Metagross|14\/301
|-unboost|p2a: Latias|spa|2
|-damage|p2a: Latias|109\/301 brn|[from] item: Life Orb
|move|p1a: Metagross|Meteor Mash|p2a: Latias
|-damage|p2a: Latias|0 fnt
|faint|p2a: Latias
|
|
|switch|p2a: Scizor|Scizor, M|67\/301
|turn|12
|
|switch|p1a: Heatran|Heatran, F|333\/333
|-item|p1a: Heatran|Air Balloon
|move|p2a: Scizor|Bullet Punch|p1a: Heatran
|-resisted|p1a: Heatran
|-damage|p1a: Heatran|298\/333
|-enditem|p1a: Heatran|Air Balloon
|-damage|p2a: Scizor|37\/301|[from] item: Life Orb
|
|turn|13
|
|move|p1a: Heatran|Flash Cannon|p2a: Scizor
|-resisted|p2a: Scizor
|-damage|p2a: Scizor|0 fnt
|faint|p2a: Scizor
|
|
|switch|p2a: Gallade|Gallade, M|277\/277
|turn|14
|
|detailschange|p2a: Gallade|Gallade-Mega, M
|-mega|p2a: Gallade|Gallade|Galladite
|move|p2a: Gallade|Ice Punch|p1a: Heatran
|-resisted|p1a: Heatran
|-damage|p1a: Heatran|273\/333
|move|p1a: Heatran|Overheat|p2a: Gallade
|-damage|p2a: Gallade|66\/277
|-unboost|p1a: Heatran|spa|2
|
|turn|15
|
|move|p2a: Gallade|Ice Punch|p1a: Heatran
|-resisted|p1a: Heatran
|-damage|p1a: Heatran|248\/333
|move|p1a: Heatran|Flash Cannon|p2a: Gallade
|-damage|p2a: Gallade|0 fnt
|faint|p2a: Gallade
|
|-message|I Like Rap Music forfeited.
|
|win|Spammernoob
|raw|Ladder updating...
|leave|I Like Rap Music
|player|p2
|raw|Spammernoob's rating: 1482 &rarr; <strong>1499<\/strong><br \/>(+17 for winning)
|raw|I Like Rap Music's rating: 1427 &rarr; <strong>1410<\/strong><br \/>(-17 for losing)