|join|tempest raven
|join|Spammernoob
|player|p1|tempest raven|74
|player|p2|Spammernoob|1
|gametype|singles
|gen|6
|tier|OU (suspect test)
|rated
|clearpoke
|poke|p1|Heracross, M, shiny
|poke|p1|Smeargle, F
|poke|p1|Talonflame, M
|poke|p1|Scizor, F
|poke|p1|Jirachi
|poke|p1|Jolteon, M
|poke|p2|Latias, F
|poke|p2|Landorus-Therian, M
|poke|p2|Talonflame, F
|poke|p2|Gyarados, F, shiny
|poke|p2|Mamoswine, F
|poke|p2|Raikou
|rule|Swagger Clause: Swagger is banned
|rule|Baton Pass Clause: Limit one PokÃ©mon knowing Baton Pass
|rule|Sleep Clause Mod: Limit one foe put to sleep
|rule|Species Clause: Limit one of each PokÃ©mon
|rule|OHKO Clause: OHKO moves are banned
|rule|Moody Clause: Moody is banned
|rule|Evasion Moves Clause: Evasion moves are banned
|rule|Endless Battle Clause: Forcing endless battles is banned
|rule|HP Percentage Mod: HP is shown in percentages
|teampreview
|
|start
|switch|p1a: Smeargle|Smeargle, F|314\/314
|switch|p2a: 3Stronk5Me|Gyarados, F, shiny|332\/332
|-ability|p2a: 3Stronk5Me|Intimidate|[of] p1a: Smeargle
|-unboost|p1a: Smeargle|atk|1
|turn|1
|
|move|p1a: Smeargle|Spore|p2a: 3Stronk5Me
|-status|p2a: 3Stronk5Me|slp
|cant|p2a: 3Stronk5Me|slp
|
|turn|2
|
|move|p1a: Smeargle|Shell Smash|p1a: Smeargle
|-boost|p1a: Smeargle|atk|2
|-boost|p1a: Smeargle|spa|2
|-boost|p1a: Smeargle|spe|2
|-unboost|p1a: Smeargle|def|1
|-unboost|p1a: Smeargle|spd|1
|cant|p2a: 3Stronk5Me|slp
|
|turn|3
|
|move|p1a: Smeargle|Shell Smash|p1a: Smeargle
|-boost|p1a: Smeargle|atk|2
|-boost|p1a: Smeargle|spa|2
|-boost|p1a: Smeargle|spe|2
|-unboost|p1a: Smeargle|def|1
|-unboost|p1a: Smeargle|spd|1
|cant|p2a: 3Stronk5Me|slp
|
|turn|4
|c|âSpammernoob|Boom. lol
|
|move|p1a: Smeargle|Substitute|p1a: Smeargle
|-start|p1a: Smeargle|Substitute
|-damage|p1a: Smeargle|236\/314
|-curestatus|p2a: 3Stronk5Me|slp
|move|p2a: 3Stronk5Me|Substitute|p2a: 3Stronk5Me
|-start|p2a: 3Stronk5Me|Substitute
|-damage|p2a: 3Stronk5Me|249\/332
|
|turn|5
|c|âSpammernoob|Fite me
|
|move|p1a: Smeargle|Baton Pass|p1a: Smeargle
|c|âtempest raven|ok
|
|switch|p1a: Heracross|Heracross, M, shiny|364\/364
|move|p2a: 3Stronk5Me|Crunch|p1a: Heracross
|-resisted|p1a: Heracross
|-end|p1a: Heracross|Substitute
|
|turn|6
|
|detailschange|p1a: Heracross|Heracross-Mega, M, shiny
|-mega|p1a: Heracross|Heracross|Heracronite
|move|p1a: Heracross|Bullet Seed|p2a: 3Stronk5Me
|-end|p2a: 3Stronk5Me|Substitute
|-damage|p2a: 3Stronk5Me|125\/332
|-damage|p2a: 3Stronk5Me|0 fnt
|-hitcount|p2a: 3Stronk5Me|3
|faint|p2a: 3Stronk5Me
|
|c|âSpammernoob|OK, sh*t
|
|switch|p2a: Burdz|Talonflame, F|319\/319
|turn|7
|c|âtempest raven|fkn bird
|
|switch|p1a: Jolteon|Jolteon, M|271\/271
|move|p2a: Burdz|Brave Bird|p1a: Jolteon
|-resisted|p1a: Jolteon
|-damage|p1a: Jolteon|124\/271
|-damage|p2a: Burdz|270\/319|[from] recoil|[of] p1a: Jolteon
|
|turn|8
|c|âSpammernoob|Bird is the word
|
|switch|p1a: Jirachi|Jirachi|341\/341
|move|p2a: Burdz|Brave Bird|p1a: Jirachi
|-resisted|p1a: Jirachi
|-damage|p1a: Jirachi|244\/341
|-damage|p2a: Burdz|238\/319|[from] recoil|[of] p1a: Jirachi
|
|turn|9
|
|move|p1a: Jirachi|Trick|p2a: Burdz
|-activate|p1a: Jirachi|move: Trick|[of] p2a: Burdz
|-item|p2a: Burdz|Choice Scarf|[from] move: Trick
|-item|p1a: Jirachi|Sharp Beak|[from] move: Trick
|move|p2a: Burdz|Flare Blitz|p1a: Jirachi
|-supereffective|p1a: Jirachi
|-damage|p1a: Jirachi|0 fnt
|-damage|p2a: Burdz|157\/319|[from] recoil|[of] p1a: Jirachi
|faint|p1a: Jirachi
|
|c|âSpammernoob|;-;
|
|switch|p1a: Jolteon|Jolteon, M|124\/271
|turn|10
|
|move|p2a: Burdz|Flare Blitz|p1a: Jolteon
|-crit|p1a: Jolteon
|-damage|p1a: Jolteon|0 fnt
|-damage|p2a: Burdz|116\/319|[from] recoil|[of] p1a: Jolteon
|faint|p1a: Jolteon
|
|c|âtempest raven|xD
|
|switch|p1a: Smeargle|Smeargle, F|236\/314
|turn|11
|c|âSpammernoob|lol You tricked me a Scarf
|c|âSpammernoob|No reason not to kill me with your own Talonflame. xD
|
|move|p2a: Burdz|Flare Blitz|p1a: Smeargle
|-damage|p1a: Smeargle|0 fnt
|-damage|p2a: Burdz|38\/319|[from] recoil|[of] p1a: Smeargle
|faint|p1a: Smeargle
|
|c|âtempest raven|yeah my bad
|
|switch|p1a: Scizor|Scizor, F|344\/344
|turn|12
|
|switch|p2a: U Turn my Volt|Landorus-Therian, M|320\/320
|-ability|p2a: U Turn my Volt|Intimidate|[of] p1a: Scizor
|-unboost|p1a: Scizor|atk|1
|move|p1a: Scizor|Bullet Punch|p2a: U Turn my Volt
|-damage|p2a: U Turn my Volt|191\/320
|
|turn|13
|
|move|p1a: Scizor|Bullet Punch|p2a: U Turn my Volt
|-damage|p2a: U Turn my Volt|53\/320
|move|p2a: U Turn my Volt|U-turn|p1a: Scizor
|-resisted|p1a: Scizor
|-damage|p1a: Scizor|295\/344
|-message|tempest raven forfeited.
|leave|tempest raven
|
|win|Spammernoob
|raw|Ladder updating...
|player|p1