|join|mastermind15
|join|latino
|player|p1|mastermind15|33
|player|p2|latino|1
|gametype|singles
|gen|6
|tier|OU
|rated
|clearpoke
|poke|p1|Slowbro, M, shiny
|poke|p1|Ditto
|poke|p1|Mandibuzz, F
|poke|p1|Amoonguss, F, shiny
|poke|p1|Mawile, F
|poke|p1|Tyranitar, M
|poke|p2|Deoxys-Defense
|poke|p2|Gyarados, F
|poke|p2|Charizard, M
|poke|p2|Keldeo
|poke|p2|Kyurem-Black
|poke|p2|Bisharp, M
|rule|Sleep Clause Mod: Limit one foe put to sleep
|rule|Species Clause: Limit one of each Pokemon
|rule|OHKO Clause: OHKO moves are banned
|rule|Moody Clause: Moody is banned
|rule|Evasion Moves Clause: Evasion moves are banned
|rule|Endless Battle Clause: Forcing endless battles is banned.
|rule|HP Percentage Mod: HP is reported as percentages
|teampreview
|
|start
|switch|p1a: Delilah|Mawile, F|273\/273
|switch|p2a: Deoxys-Defense|Deoxys-Defense|304\/304
|-ability|p2a: Deoxys-Defense|Pressure
|-ability|p1a: Delilah|Intimidate|[of] p2a: Deoxys-Defense
|-unboost|p2a: Deoxys-Defense|atk|1
|turn|1
|
|detailschange|p1a: Delilah|Mawile-Mega, F
|message|Mawile has Mega Evolved into Mega Mawile!
|move|p2a: Deoxys-Defense|Stealth Rock|p1a: Delilah
|-sidestart|p1: mastermind15|move: Stealth Rock
|move|p1a: Delilah|Play Rough|p2a: Deoxys-Defense
|-damage|p2a: Deoxys-Defense|111\/304
|-unboost|p2a: Deoxys-Defense|atk|1
|-enditem|p2a: Deoxys-Defense|Red Card|[of] p1a: Delilah
|drag|p1a: Agatha|Mandibuzz, F|423\/423
|-damage|p1a: Agatha|318\/423|[from] Stealth Rock
|
|-heal|p1a: Agatha|344\/423|[from] item: Leftovers
|turn|2
|
|move|p2a: Deoxys-Defense|Taunt|p1a: Agatha
|-start|p1a: Agatha|move: Taunt
|move|p1a: Agatha|Foul Play|p2a: Deoxys-Defense
|-supereffective|p2a: Deoxys-Defense
|-damage|p2a: Deoxys-Defense|63\/304
|
|-heal|p1a: Agatha|370\/423|[from] item: Leftovers
|turn|3
|
|switch|p2a: Keldeo|Keldeo|323\/323
|move|p1a: Agatha|Foul Play|p2a: Keldeo
|-resisted|p2a: Keldeo
|-damage|p2a: Keldeo|279\/323
|-boost|p2a: Keldeo|atk|1|[from] ability: Justified
|
|-heal|p1a: Agatha|396\/423|[from] item: Leftovers
|turn|4
|
|switch|p2a: Deoxys-Defense|Deoxys-Defense|63\/304
|-ability|p2a: Deoxys-Defense|Pressure
|switch|p1a: Penelope|Amoonguss, F, shiny|432\/432
|-damage|p1a: Penelope|378\/432|[from] Stealth Rock
|
|-heal|p1a: Penelope|405\/432|[from] item: Black Sludge
|turn|5
|
|move|p2a: Deoxys-Defense|Psycho Boost|p1a: Penelope
|-supereffective|p1a: Penelope
|-damage|p1a: Penelope|195\/432
|-unboost|p2a: Deoxys-Defense|spa|2
|move|p1a: Penelope|Foul Play|p2a: Deoxys-Defense
|-supereffective|p2a: Deoxys-Defense
|-damage|p2a: Deoxys-Defense|0 fnt
|faint|p2a: Deoxys-Defense
|
|-heal|p1a: Penelope|222\/432|[from] item: Black Sludge
|
|switch|p2a: Kyurem-Black|Kyurem-Black|391\/391
|-ability|p2a: Kyurem-Black|Teravolt
|turn|6
|
|switch|p1a: Bill|Slowbro, M, shiny|394\/394
|-damage|p1a: Bill|345\/394|[from] Stealth Rock
|move|p2a: Kyurem-Black|Ice Beam|p1a: Bill
|-resisted|p1a: Bill
|-damage|p1a: Bill|285\/394
|-damage|p2a: Kyurem-Black|352\/391|[from] item: Life Orb
|
|turn|7
|
|move|p2a: Kyurem-Black|Fusion Bolt|p1a: Bill
|-supereffective|p1a: Bill
|-damage|p1a: Bill|20\/394
|-damage|p2a: Kyurem-Black|313\/391|[from] item: Life Orb
|move|p1a: Bill|Fire Blast|p2a: Kyurem-Black
|-damage|p2a: Kyurem-Black|207\/391
|
|turn|8
|
|switch|p1a: Sam|Tyranitar, M|341\/341
|-damage|p1a: Sam|299\/341|[from] Stealth Rock
|-weather|Sandstorm
|move|p2a: Kyurem-Black|Ice Beam|p1a: Sam
|-damage|p1a: Sam|248\/341
|-status|p1a: Sam|frz
|-damage|p2a: Kyurem-Black|168\/391|[from] item: Life Orb
|
|-weather|Sandstorm|[upkeep]
|-damage|p2a: Kyurem-Black|144\/391|[from] sandstorm
|turn|9
|
|move|p2a: Kyurem-Black|Dragon Claw|p1a: Sam
|-damage|p1a: Sam|26\/341 frz
|-damage|p2a: Kyurem-Black|105\/391|[from] item: Life Orb
|-curestatus|p1a: Sam|frz
|move|p1a: Sam|Pursuit|p2a: Kyurem-Black
|-damage|p2a: Kyurem-Black|38\/391
|
|-weather|Sandstorm|[upkeep]
|-damage|p2a: Kyurem-Black|14\/391|[from] sandstorm
|turn|10
|
|move|p2a: Kyurem-Black|Earth Power|p1a: Sam
|-supereffective|p1a: Sam
|-damage|p1a: Sam|0 fnt
|-damage|p2a: Kyurem-Black|0 fnt|[from] item: Life Orb
|faint|p1a: Sam
|faint|p2a: Kyurem-Black
|
|-weather|Sandstorm|[upkeep]
|
|switch|p2a: Gyarados|Gyarados, F|332\/332
|switch|p1a: Kevin|Ditto|300\/300
|-damage|p1a: Kevin|263\/300|[from] Stealth Rock
|-transform|p1a: Kevin|p2a: Gyarados
|-ability|p1a: Kevin|Intimidate|[of] p2a: Gyarados
|-unboost|p2a: Gyarados|atk|1
|-ability|p2a: Gyarados|Intimidate|[of] p1a: Kevin
|-unboost|p1a: Kevin|atk|1
|turn|11
|
|switch|p1a: Penelope|Amoonguss, F, shiny|366\/432
|-damage|p1a: Penelope|312\/432|[from] Stealth Rock
|move|p2a: Gyarados|Dragon Dance|p2a: Gyarados
|-boost|p2a: Gyarados|atk|1
|-boost|p2a: Gyarados|spe|1
|
|-weather|Sandstorm|[upkeep]
|-damage|p2a: Gyarados|312\/332|[from] sandstorm
|-damage|p1a: Penelope|285\/432|[from] sandstorm
|-heal|p2a: Gyarados|332\/332|[from] item: Leftovers
|-heal|p1a: Penelope|312\/432|[from] item: Black Sludge
|turn|12
|
|move|p2a: Gyarados|Taunt|p1a: Penelope
|-start|p1a: Penelope|move: Taunt
|move|p1a: Penelope|Foul Play|p2a: Gyarados
|-damage|p2a: Gyarados|185\/332
|
|-weather|none
|-heal|p2a: Gyarados|205\/332|[from] item: Leftovers
|-heal|p1a: Penelope|339\/432|[from] item: Black Sludge
|turn|13
|
|switch|p1a: Delilah|Mawile-Mega, F|273\/273
|-damage|p1a: Delilah|256\/273|[from] Stealth Rock
|move|p2a: Gyarados|Bounce|p1a: Delilah|[still]
|-prepare|p2a: Gyarados|Bounce|p1a: Delilah
|
|-heal|p2a: Gyarados|225\/332|[from] item: Leftovers
|turn|14
|
|move|p2a: Gyarados|Bounce|p1a: Delilah|[miss]
|-miss|p2a: Gyarados|p1a: Delilah
|move|p1a: Delilah|Play Rough|p2a: Gyarados
|-damage|p2a: Gyarados|0 fnt
|faint|p2a: Gyarados
|
|
|switch|p2a: Charizard|Charizard, M|298\/298
|turn|15
|
|switch|p1a: Kevin|Ditto|263\/300
|-damage|p1a: Kevin|226\/300|[from] Stealth Rock
|-transform|p1a: Kevin|p2a: Charizard
|detailschange|p2a: Charizard|Charizard-Mega-X, M
|message|Charizard has Mega Evolved into Mega Charizard!
|move|p2a: Charizard|Flare Blitz|p1a: Kevin
|-resisted|p1a: Kevin
|-damage|p1a: Kevin|50\/300
|-damage|p2a: Charizard|240\/298|[from] recoil|[of] p1a: Kevin
|
|turn|16
|
|switch|p2a: Bisharp|Bisharp, M|272\/272
|move|p1a: Kevin|Dragon Claw|p2a: Bisharp
|-resisted|p2a: Bisharp
|-damage|p2a: Bisharp|233\/272
|
|turn|17
|
|switch|p1a: Delilah|Mawile-Mega, F|256\/273
|-damage|p1a: Delilah|239\/273|[from] Stealth Rock
|move|p2a: Bisharp|Swords Dance|p2a: Bisharp
|-boost|p2a: Bisharp|atk|2
|
|turn|18
|
|move|p2a: Bisharp|Iron Head|p1a: Delilah
|-damage|p1a: Delilah|0 fnt
|-damage|p2a: Bisharp|206\/272|[from] item: Life Orb
|faint|p1a: Delilah
|
|
|switch|p1a: Agatha|Mandibuzz, F|396\/423
|-damage|p1a: Agatha|291\/423|[from] Stealth Rock
|turn|19
|
|move|p2a: Bisharp|Iron Head|p1a: Agatha
|-damage|p1a: Agatha|34\/423
|-damage|p2a: Bisharp|179\/272|[from] item: Life Orb
|move|p1a: Agatha|Foul Play|p2a: Bisharp
|-resisted|p2a: Bisharp
|-damage|p2a: Bisharp|19\/272
|
|-heal|p1a: Agatha|60\/423|[from] item: Leftovers
|turn|20
|
|move|p2a: Bisharp|Iron Head|p1a: Agatha
|-damage|p1a: Agatha|0 fnt
|-damage|p2a: Bisharp|0 fnt|[from] item: Life Orb
|faint|p1a: Agatha
|faint|p2a: Bisharp
|
|
|switch|p2a: Keldeo|Keldeo|279\/323
|switch|p1a: Penelope|Amoonguss, F, shiny|432\/432
|-damage|p1a: Penelope|378\/432|[from] Stealth Rock
|turn|21
|
|move|p2a: Keldeo|Taunt|p1a: Penelope
|-start|p1a: Penelope|move: Taunt
|cant|p1a: Penelope|move: Taunt|Spore
|
|-heal|p1a: Penelope|405\/432|[from] item: Black Sludge
|turn|22
|
|switch|p2a: Charizard|Charizard-Mega-X, M|240\/298
|switch|p1a: Bill|Slowbro, M, shiny|151\/394
|-damage|p1a: Bill|102\/394|[from] Stealth Rock
|
|turn|23
|
|move|p2a: Charizard|Dragon Claw|p1a: Bill
|-damage|p1a: Bill|0 fnt
|faint|p1a: Bill
|
|
|switch|p1a: Kevin|Ditto|50\/300
|-damage|p1a: Kevin|13\/300|[from] Stealth Rock
|-transform|p1a: Kevin|p2a: Charizard
|turn|24
|
|move|p1a: Kevin|Dragon Claw|p2a: Charizard
|-supereffective|p2a: Charizard
|-damage|p2a: Charizard|0 fnt
|faint|p2a: Charizard
|
|
|switch|p2a: Keldeo|Keldeo|279\/323
|turn|25
|chat|mastermind15|wow, great game!
|
|move|p1a: Kevin|Dragon Claw|p2a: Keldeo
|-damage|p2a: Keldeo|39\/323
|move|p2a: Keldeo|Secret Sword|p1a: Kevin
|-damage|p1a: Kevin|0 fnt
|-damage|p2a: Keldeo|7\/323|[from] item: Life Orb
|faint|p1a: Kevin
|
|
|switch|p1a: Penelope|Amoonguss, F, shiny|432\/432
|-damage|p1a: Penelope|378\/432|[from] Stealth Rock
|turn|26
|chat|latino|it was very goodâ¦but why do you have to be so annoying?
|
|move|p2a: Keldeo|Hydro Pump|p1a: Penelope
|-resisted|p1a: Penelope
|-damage|p1a: Penelope|273\/432
|-damage|p2a: Keldeo|0 fnt|[from] item: Life Orb
|faint|p2a: Keldeo
|
|win|mastermind15
|raw|Ladder updating...
|chat|mastermind15|in what way
|raw|mastermind15's rating: 1867 &rarr; <strong>1880<\/strong><br \/>(+13 for winning)
|raw|latino's rating: 1756 &rarr; <strong>1742<\/strong><br \/>(-14 for losing)
|chat|latino|it took at least a minute for every turn! this battle took around 30 mins..
|chat|mastermind15|sorry, there were just so many fifty fifty plays
|chat|latino|yeah,,,fifty fifty, no reason to think that much
|chat|latino|anyway cya
|leave|latino
|player|p2