|join|latino
|join|Merkage
|player|p1|latino|265
|player|p2|Merkage|109
|gametype|singles
|gen|6
|tier|OU
|rated
|clearpoke
|poke|p1|Skarmory, F
|poke|p1|Gyarados, M
|poke|p1|Gliscor, F
|poke|p1|Togekiss, M
|poke|p1|Talonflame, M
|poke|p1|Quagsire, M
|poke|p2|Deoxys-Defense
|poke|p2|Bisharp, M
|poke|p2|Pinsir, F
|poke|p2|Thundurus, M
|poke|p2|Kyurem-Black
|poke|p2|Keldeo
|rule|Swagger Clause: Swagger is banned
|rule|Baton Pass Clause: Limit three PokÃ©mon knowing Baton Pass
|rule|Sleep Clause Mod: Limit one foe put to sleep
|rule|Species Clause: Limit one of each PokÃ©mon
|rule|OHKO Clause: OHKO moves are banned
|rule|Moody Clause: Moody is banned
|rule|Evasion Moves Clause: Evasion moves are banned
|rule|Endless Battle Clause: Forcing endless battles is banned
|rule|HP Percentage Mod: HP is reported as percentages
|teampreview
|chat|Merkage|hey youre from that thread
|chat|Merkage|come estas
|
|start
|switch|p1a: Talonflame|Talonflame, M|347\/347
|switch|p2a: Deoxys-Defense|Deoxys-Defense|303\/303
|-ability|p2a: Deoxys-Defense|Pressure
|turn|1
|chat|latino|i am goodâ¦i am from that thread..but i got tired of that team
|chat|latino|=]
|chat|Merkage|I see lol
|
|move|p1a: Talonflame|Taunt|p2a: Deoxys-Defense
|-start|p2a: Deoxys-Defense|move: Taunt
|cant|p2a: Deoxys-Defense|move: Taunt|Thunder Wave
|
|turn|2
|
|switch|p2a: Thundurus|Thundurus, M|300\/300
|move|p1a: Talonflame|Will-O-Wisp|p2a: Thundurus
|-status|p2a: Thundurus|brn
|
|-damage|p2a: Thundurus|263\/300 brn|[from] brn
|turn|3
|
|switch|p1a: Quagsire|Quagsire, M|394\/394
|move|p2a: Thundurus|Thunder Wave|p1a: Quagsire
|-immune|p1a: Quagsire|[msg]
|
|-damage|p2a: Thundurus|226\/300 brn|[from] brn
|turn|4
|
|switch|p2a: Deoxys-Defense|Deoxys-Defense|303\/303
|-ability|p2a: Deoxys-Defense|Pressure
|switch|p1a: Gliscor|Gliscor, F|354\/354
|
|-status|p1a: Gliscor|tox|[from] item: Toxic Orb
|turn|5
|
|move|p2a: Deoxys-Defense|Stealth Rock|p1a: Gliscor
|-sidestart|p1: latino|move: Stealth Rock
|move|p1a: Gliscor|Taunt|p2a: Deoxys-Defense
|-start|p2a: Deoxys-Defense|move: Taunt
|
|turn|6
|chat|latino|shitâ¦i was with the wrong nature...
|
|switch|p2a: Kyurem-Black|Kyurem-Black|405\/405
|-ability|p2a: Kyurem-Black|Teravolt
|move|p1a: Gliscor|Knock Off|p2a: Kyurem-Black
|-damage|p2a: Kyurem-Black|333\/405
|-enditem|p2a: Kyurem-Black|Leftovers|[from] move: Knock Off|[of] p1a: Gliscor
|
|turn|7
|
|move|p2a: Kyurem-Black|Substitute|p2a: Kyurem-Black
|-start|p2a: Kyurem-Black|Substitute
|-damage|p2a: Kyurem-Black|232\/405
|move|p1a: Gliscor|U-turn|p2a: Kyurem-Black
|-activate|p2a: Kyurem-Black|Substitute|[damage]
|
|switch|p1a: Quagsire|Quagsire, M|394\/394
|-damage|p1a: Quagsire|370\/394|[from] Stealth Rock
|
|-heal|p1a: Quagsire|394\/394|[from] item: Leftovers
|turn|8
|
|move|p2a: Kyurem-Black|Ice Beam|p1a: Quagsire
|-damage|p1a: Quagsire|192\/394
|move|p1a: Quagsire|Encore|p2a: Kyurem-Black
|-start|p2a: Kyurem-Black|Encore
|
|-heal|p1a: Quagsire|216\/394|[from] item: Leftovers
|turn|9
|
|switch|p1a: Gyarados|Gyarados, M|394\/394
|-damage|p1a: Gyarados|296\/394|[from] Stealth Rock
|-activate|p2a: Kyurem-Black|Substitute|ability: Intimidate|[of] p1a: Gyarados
|move|p2a: Kyurem-Black|Ice Beam|p1a: Gyarados
|-damage|p1a: Gyarados|194\/394
|
|turn|10
|
|detailschange|p1a: Gyarados|Gyarados-Mega, M
|message|Gyarados has Mega Evolved into Mega Gyarados!
|-ability|p1a: Gyarados|Mold Breaker
|move|p2a: Kyurem-Black|Ice Beam|p1a: Gyarados
|-resisted|p1a: Gyarados
|-damage|p1a: Gyarados|151\/394
|move|p1a: Gyarados|Dragon Tail|p2a: Kyurem-Black
|-supereffective|p2a: Kyurem-Black
|-end|p2a: Kyurem-Black|Substitute
|
|turn|11
|
|move|p2a: Kyurem-Black|Ice Beam|p1a: Gyarados
|-resisted|p1a: Gyarados
|-damage|p1a: Gyarados|102\/394
|move|p1a: Gyarados|Dragon Tail|p2a: Kyurem-Black
|-supereffective|p2a: Kyurem-Black
|-damage|p2a: Kyurem-Black|94\/405
|drag|p2a: Pinsir|Pinsir, F|271\/271
|
|turn|12
|
|switch|p1a: Skarmory|Skarmory, F|334\/334
|-damage|p1a: Skarmory|293\/334|[from] Stealth Rock
|move|p2a: Pinsir|Frustration|p1a: Skarmory
|-resisted|p1a: Skarmory
|-damage|p1a: Skarmory|260\/334
|
|-heal|p1a: Skarmory|280\/334|[from] item: Leftovers
|turn|13
|
|switch|p2a: Bisharp|Bisharp, M|271\/271
|move|p1a: Skarmory|Defog|p2a: Bisharp
|-unboost|p2a: Bisharp|evasion|1
|-boost|p2a: Bisharp|atk|2|[from] ability: Defiant
|-sideend|p1: latino|Stealth Rock|[from] move: Defog|[of] p1a: Skarmory
|
|-heal|p1a: Skarmory|300\/334|[from] item: Leftovers
|turn|14
|
|move|p2a: Bisharp|Knock Off|p1a: Skarmory
|-crit|p1a: Skarmory
|-damage|p1a: Skarmory|0 fnt
|-enditem|p1a: Skarmory|Leftovers|[from] move: Knock Off|[of] p2a: Bisharp
|faint|p1a: Skarmory
|
|chat|latino|=\
|chat|latino|that crit was extremely unfair...
|chat|Merkage|lol
|
|switch|p1a: Talonflame|Talonflame, M|347\/347
|turn|15
|chat|Merkage|yea i never really get crits
|chat|Merkage|at all actually
|
|switch|p2a: Thundurus|Thundurus, M|226\/300 brn
|move|p1a: Talonflame|Will-O-Wisp|p2a: Thundurus|[miss]
|-miss|p1a: Talonflame|p2a: Thundurus
|
|-damage|p2a: Thundurus|189\/300 brn|[from] brn
|turn|16
|chat|latino|rocks on your side would make a hell of a difference...
|
|move|p2a: Thundurus|Focus Blast|p1a: Talonflame|[miss]
|-miss|p2a: Thundurus|p1a: Talonflame
|move|p1a: Talonflame|Taunt|p2a: Thundurus
|-start|p2a: Thundurus|move: Taunt
|
|-damage|p2a: Thundurus|152\/300 brn|[from] brn
|turn|17
|
|move|p1a: Talonflame|Roost|p1a: Talonflame
|-fail|p1a: Talonflame
|move|p2a: Thundurus|Thunderbolt|p1a: Talonflame
|-supereffective|p1a: Talonflame
|-damage|p1a: Talonflame|0 fnt
|-damage|p2a: Thundurus|122\/300 brn|[from] item: Life Orb
|faint|p1a: Talonflame
|
|-damage|p2a: Thundurus|85\/300 brn|[from] brn
|chat|latino|ohâ¦i fought roost would cancel my flying type...
|chat|latino|thought*
|-message|latino forfeited.
|
|win|Merkage
|raw|Ladder updating...
|chat|Merkage|u were full
|leave|latino
|player|p1
|raw|latino's rating: 1668 &rarr; <strong>1644<\/strong><br \/>(-24 for losing)
|raw|Merkage's rating: 1599 &rarr; <strong>1623<\/strong><br \/>(+24 for winning)