|join|latino
|join|Imagine Dwagons
|player|p1|latino|265
|player|p2|Imagine Dwagons|214
|gametype|singles
|gen|6
|tier|OU
|rated
|clearpoke
|poke|p1|Gliscor, M
|poke|p1|Suicune
|poke|p1|Talonflame, M
|poke|p1|Aegislash, F
|poke|p1|Medicham, F
|poke|p1|Zapdos
|poke|p2|Gengar, M, shiny
|poke|p2|Bisharp, M, shiny
|poke|p2|Sylveon, M, shiny
|poke|p2|Gyarados, F, shiny
|poke|p2|Azelf, shiny
|poke|p2|Terrakion, shiny
|rule|Sleep Clause Mod: Limit one foe put to sleep
|rule|Species Clause: Limit one of each Pokemon
|rule|OHKO Clause: OHKO moves are banned
|rule|Moody Clause: Moody is banned
|rule|Evasion Moves Clause: Evasion moves are banned
|rule|Endless Battle Clause: Forcing endless battles is banned.
|rule|HP Percentage Mod: HP is reported as percentages
|teampreview
|
|start
|switch|p1a: Amphibian Siccitat|Aegislash, F|323\/323
|switch|p2a: Bisharp|Bisharp, M, shiny|334\/334
|turn|1
|
|switch|p1a: Serpentem Mira|Suicune|404\/404
|-ability|p1a: Serpentem Mira|Pressure
|move|p2a: Bisharp|Knock Off|p1a: Serpentem Mira
|-damage|p1a: Serpentem Mira|284\/404
|-enditem|p1a: Serpentem Mira|Leftovers|[from] move: Knock Off|[of] p2a: Bisharp
|
|turn|2
|
|switch|p2a: Azelf|Azelf, shiny|292\/292
|move|p1a: Serpentem Mira|Scald|p2a: Azelf
|-damage|p2a: Azelf|183\/292
|
|turn|3
|
|move|p2a: Azelf|Stealth Rock|p1a: Serpentem Mira
|-sidestart|p1: latino|move: Stealth Rock
|move|p1a: Serpentem Mira|Scald|p2a: Azelf
|-damage|p2a: Azelf|62\/292
|
|turn|4
|
|move|p2a: Azelf|Psyshock|p1a: Serpentem Mira
|-damage|p1a: Serpentem Mira|185\/404
|move|p1a: Serpentem Mira|Scald|p2a: Azelf
|-damage|p2a: Azelf|0 fnt
|faint|p2a: Azelf
|
|
|switch|p2a: Terrakion|Terrakion, shiny|323\/323
|turn|5
|
|switch|p1a: Venenum Scorpionem|Gliscor, M|352\/352
|-damage|p1a: Venenum Scorpionem|308\/352|[from] Stealth Rock
|move|p2a: Terrakion|Stone Edge|p1a: Venenum Scorpionem
|-damage|p1a: Venenum Scorpionem|173\/352
|
|-status|p1a: Venenum Scorpionem|tox|[from] item: Toxic Orb
|turn|6
|
|switch|p2a: Gengar|Gengar, M, shiny|323\/323
|move|p1a: Venenum Scorpionem|Knock Off|p2a: Gengar
|-supereffective|p2a: Gengar
|-damage|p2a: Gengar|83\/323
|-enditem|p2a: Gengar|Black Sludge|[from] move: Knock Off|[of] p1a: Venenum Scorpionem
|
|-heal|p1a: Venenum Scorpionem|217\/352 tox|[from] ability: Poison Heal
|turn|7
|
|move|p2a: Gengar|Substitute|p2a: Gengar
|-start|p2a: Gengar|Substitute
|-damage|p2a: Gengar|3\/323
|move|p1a: Venenum Scorpionem|Knock Off|p2a: Gengar
|-supereffective|p2a: Gengar
|-end|p2a: Gengar|Substitute
|
|-heal|p1a: Venenum Scorpionem|261\/352 tox|[from] ability: Poison Heal
|turn|8
|
|move|p2a: Gengar|Pain Split|p1a: Venenum Scorpionem
|-sethp|p1a: Venenum Scorpionem|132\/352 tox|p2a: Gengar|132\/323|[from] move: Pain Split
|move|p1a: Venenum Scorpionem|U-turn|p2a: Gengar
|-resisted|p2a: Gengar
|-damage|p2a: Gengar|113\/323
|
|switch|p1a: Argentum Mantis|Talonflame, M|353\/353
|-damage|p1a: Argentum Mantis|177\/353|[from] Stealth Rock
|
|-heal|p1a: Argentum Mantis|199\/353|[from] item: Leftovers
|turn|9
|
|move|p1a: Argentum Mantis|Brave Bird|p2a: Gengar
|-damage|p2a: Gengar|0 fnt
|-damage|p1a: Argentum Mantis|162\/353|[from] recoil|[of] p2a: Gengar
|faint|p2a: Gengar
|
|-heal|p1a: Argentum Mantis|184\/353|[from] item: Leftovers
|
|switch|p2a: Gyarados|Gyarados, F, shiny|331\/331
|turn|10
|
|move|p1a: Argentum Mantis|Brave Bird|p2a: Gyarados
|-damage|p2a: Gyarados|192\/331
|-damage|p1a: Argentum Mantis|138\/353|[from] recoil|[of] p2a: Gyarados
|move|p2a: Gyarados|Waterfall|p1a: Argentum Mantis
|-supereffective|p1a: Argentum Mantis
|-damage|p1a: Argentum Mantis|0 fnt
|faint|p1a: Argentum Mantis
|-boost|p2a: Gyarados|atk|1|[from] ability: Moxie
|
|
|switch|p1a: Imperii Roseo|Medicham, F|261\/261
|-damage|p1a: Imperii Roseo|245\/261|[from] Stealth Rock
|turn|11
|
|detailschange|p1a: Imperii Roseo|Medicham-Mega, F
|message|Medicham has Mega Evolved into Mega Medicham!
|move|p1a: Imperii Roseo|Fake Out|p2a: Gyarados
|-damage|p2a: Gyarados|91\/331
|cant|p2a: Gyarados|flinch
|
|turn|12
|
|switch|p1a: Amphibian Siccitat|Aegislash, F|323\/323
|-damage|p1a: Amphibian Siccitat|303\/323|[from] Stealth Rock
|move|p2a: Gyarados|Waterfall|p1a: Amphibian Siccitat
|-damage|p1a: Amphibian Siccitat|153\/323
|
|-heal|p1a: Amphibian Siccitat|173\/323|[from] item: Leftovers
|turn|13
|
|-ability|p2a: Gyarados|Mold Breaker
|detailschange|p2a: Gyarados|Gyarados-Mega, F, shiny
|message|Gyarados has Mega Evolved into Mega Gyarados!
|move|p2a: Gyarados|Earthquake|p1a: Amphibian Siccitat
|-supereffective|p1a: Amphibian Siccitat
|-damage|p1a: Amphibian Siccitat|0 fnt
|faint|p1a: Amphibian Siccitat
|
|
|switch|p1a: Imperii Roseo|Medicham-Mega, F|245\/261
|-damage|p1a: Imperii Roseo|229\/261|[from] Stealth Rock
|turn|14
|
|move|p1a: Imperii Roseo|Fake Out|p2a: Gyarados
|-damage|p2a: Gyarados|23\/331
|cant|p2a: Gyarados|flinch
|
|turn|15
|
|move|p1a: Imperii Roseo|Fire Punch|p2a: Gyarados
|-resisted|p2a: Gyarados
|-damage|p2a: Gyarados|0 fnt
|faint|p2a: Gyarados
|
|
|switch|p2a: Sylveon|Sylveon, M, shiny|393\/393
|turn|16
|
|switch|p1a: Venenum Scorpionem|Gliscor, M|132\/352 tox
|-damage|p1a: Venenum Scorpionem|88\/352 tox|[from] Stealth Rock
|move|p2a: Sylveon|Hyper Voice|p1a: Venenum Scorpionem
|-damage|p1a: Venenum Scorpionem|0 fnt
|faint|p1a: Venenum Scorpionem
|
|
|switch|p1a: Magna Tonitrua|Zapdos|383\/383
|-damage|p1a: Magna Tonitrua|288\/383|[from] Stealth Rock
|-ability|p1a: Magna Tonitrua|Pressure
|turn|17
|
|move|p1a: Magna Tonitrua|Defog|p2a: Sylveon
|-unboost|p2a: Sylveon|evasion|1
|-sideend|p1: latino|Stealth Rock|[from] move: Defog|[of] p1a: Magna Tonitrua
|move|p2a: Sylveon|Hyper Voice|p1a: Magna Tonitrua
|-damage|p1a: Magna Tonitrua|126\/383
|
|-heal|p1a: Magna Tonitrua|149\/383|[from] item: Leftovers
|turn|18
|
|move|p1a: Magna Tonitrua|Discharge|p2a: Sylveon
|-crit|p2a: Sylveon
|-damage|p2a: Sylveon|299\/393
|-status|p2a: Sylveon|par
|move|p2a: Sylveon|Hyper Voice|p1a: Magna Tonitrua
|-damage|p1a: Magna Tonitrua|0 fnt
|faint|p1a: Magna Tonitrua
|
|-heal|p2a: Sylveon|323\/393 par|[from] item: Leftovers
|
|switch|p1a: Serpentem Mira|Suicune|185\/404
|-ability|p1a: Serpentem Mira|Pressure
|turn|19
|
|move|p1a: Serpentem Mira|Calm Mind|p1a: Serpentem Mira
|-boost|p1a: Serpentem Mira|spa|1
|-boost|p1a: Serpentem Mira|spd|1
|move|p2a: Sylveon|Hyper Voice|p1a: Serpentem Mira
|-damage|p1a: Serpentem Mira|97\/404
|
|-heal|p2a: Sylveon|347\/393 par|[from] item: Leftovers
|turn|20
|
|move|p1a: Serpentem Mira|Rest|p1a: Serpentem Mira
|-status|p1a: Serpentem Mira|slp
|-heal|p1a: Serpentem Mira|404\/404 slp|[silent]
|-status|p1a: Serpentem Mira|slp|[from] move: Rest
|move|p2a: Sylveon|Hyper Voice|p1a: Serpentem Mira
|-damage|p1a: Serpentem Mira|322\/404 slp
|
|-heal|p2a: Sylveon|371\/393 par|[from] item: Leftovers
|turn|21
|
|switch|p2a: Terrakion|Terrakion, shiny|323\/323
|cant|p1a: Serpentem Mira|slp
|move|p1a: Serpentem Mira|Sleep Talk|p1a: Serpentem Mira
|move|p1a: Serpentem Mira|Rest|p1a: Serpentem Mira|[from]Sleep Talk
|-fail|p1a: Serpentem Mira
|
|turn|22
|
|move|p2a: Terrakion|Stone Edge|p1a: Serpentem Mira
|-damage|p1a: Serpentem Mira|204\/404 slp
|cant|p1a: Serpentem Mira|slp
|move|p1a: Serpentem Mira|Sleep Talk|p1a: Serpentem Mira
|move|p1a: Serpentem Mira|Rest|p1a: Serpentem Mira|[from]Sleep Talk
|-fail|p1a: Serpentem Mira
|
|turn|23
|
|move|p2a: Terrakion|Stone Edge|p1a: Serpentem Mira
|-damage|p1a: Serpentem Mira|84\/404 slp
|-curestatus|p1a: Serpentem Mira|slp
|move|p1a: Serpentem Mira|Scald|p2a: Terrakion
|-supereffective|p2a: Terrakion
|-damage|p2a: Terrakion|63\/323
|
|turn|24
|
|switch|p1a: Imperii Roseo|Medicham-Mega, F|229\/261
|move|p2a: Terrakion|Stone Edge|p1a: Imperii Roseo
|-crit|p1a: Imperii Roseo
|-resisted|p1a: Imperii Roseo
|-damage|p1a: Imperii Roseo|83\/261
|
|turn|25
|
|move|p2a: Terrakion|Stone Edge|p1a: Imperii Roseo
|-resisted|p1a: Imperii Roseo
|-damage|p1a: Imperii Roseo|0 fnt
|faint|p1a: Imperii Roseo
|
|chat|Imagine Dwagons|gg
|
|switch|p1a: Serpentem Mira|Suicune|84\/404
|-ability|p1a: Serpentem Mira|Pressure
|turn|26
|
|move|p2a: Terrakion|Stone Edge|p1a: Serpentem Mira
|-damage|p1a: Serpentem Mira|0 fnt
|faint|p1a: Serpentem Mira
|
|win|Imagine Dwagons
|raw|Ladder updating...
|raw|latino's rating: 1707 &rarr; <strong>1681<\/strong><br \/>(-26 for losing)
|raw|Imagine Dwagons's rating: 1598 &rarr; <strong>1624<\/strong><br \/>(+26 for winning)
|leave|latino
|player|p1
|chat|Imagine Dwagons|omg