|join|latino
|join|hj regicide
|player|p1|latino|102
|player|p2|hj regicide|10
|gametype|singles
|gen|6
|tier|OU
|rated
|clearpoke
|poke|p1|Sylveon, M
|poke|p1|Skarmory, F
|poke|p1|Gliscor, F
|poke|p1|Quagsire, F
|poke|p1|Charizard, M
|poke|p1|Mew
|poke|p2|Breloom, M, shiny
|poke|p2|Scizor, M
|poke|p2|Azumarill, F, shiny
|poke|p2|Latias, F
|poke|p2|Garchomp, F, shiny
|poke|p2|Thundurus, M
|rule|Baton Pass Clause: Limit 3 pokemon knowing Baton Pass
|rule|Sleep Clause Mod: Limit one foe put to sleep
|rule|Species Clause: Limit one of each Pokemon
|rule|OHKO Clause: OHKO moves are banned
|rule|Moody Clause: Moody is banned
|rule|Evasion Moves Clause: Evasion moves are banned
|rule|Endless Battle Clause: Forcing endless battles is banned
|rule|HP Percentage Mod: HP is reported as percentages
|teampreview
|
|start
|switch|p1a: Charizard|Charizard, M|359\/359
|switch|p2a: Breloom|Breloom, M, shiny|261\/261
|turn|1
|
|detailschange|p1a: Charizard|Charizard-Mega-X, M
|message|Charizard has Mega Evolved into Mega Charizard!
|move|p2a: Breloom|Rock Tomb|p1a: Charizard
|-supereffective|p1a: Charizard
|-damage|p1a: Charizard|189\/359
|-unboost|p1a: Charizard|spe|1
|move|p1a: Charizard|Will-O-Wisp|p2a: Breloom
|-status|p2a: Breloom|brn
|
|-damage|p2a: Breloom|229\/261 brn|[from] brn
|turn|2
|
|move|p2a: Breloom|Spore|p1a: Charizard
|-status|p1a: Charizard|slp
|cant|p1a: Charizard|slp
|
|-damage|p2a: Breloom|197\/261 brn|[from] brn
|turn|3
|
|switch|p2a: Garchomp|Garchomp, F, shiny|357\/357
|switch|p1a: Sylveon|Sylveon, M|394\/394
|
|turn|4
|
|move|p2a: Garchomp|Stealth Rock|p1a: Sylveon
|-sidestart|p1: latino|move: Stealth Rock
|move|p1a: Sylveon|Hyper Voice|p2a: Garchomp
|-supereffective|p2a: Garchomp
|-damage|p2a: Garchomp|1\/357
|
|turn|5
|
|move|p2a: Garchomp|Earthquake|p1a: Sylveon
|-damage|p1a: Sylveon|156\/394
|move|p1a: Sylveon|Heal Bell|p1a: Sylveon
|-cureteam|p1a: Sylveon|[from] move: HealBell
|
|-heal|p1a: Sylveon|180\/394|[from] item: Leftovers
|turn|6
|
|switch|p1a: Skarmory|Skarmory, F|334\/334
|-damage|p1a: Skarmory|293\/334|[from] Stealth Rock
|move|p2a: Garchomp|Fire Blast|p1a: Skarmory
|-supereffective|p1a: Skarmory
|-damage|p1a: Skarmory|101\/334
|
|-heal|p1a: Skarmory|121\/334|[from] item: Leftovers
|turn|7
|
|switch|p2a: Latias|Latias, F|301\/301
|switch|p1a: Gliscor|Gliscor, F|352\/352
|-damage|p1a: Gliscor|308\/352|[from] Stealth Rock
|
|-status|p1a: Gliscor|tox|[from] item: Toxic Orb
|turn|8
|
|switch|p2a: Scizor|Scizor, M|344\/344
|move|p1a: Gliscor|Knock Off|p2a: Scizor
|-damage|p2a: Scizor|299\/344
|
|-heal|p1a: Gliscor|352\/352 tox|[from] ability: Poison Heal
|turn|9
|
|detailschange|p2a: Scizor|Scizor-Mega, M
|message|Scizor has Mega Evolved into Mega Scizor!
|move|p1a: Gliscor|Earthquake|p2a: Scizor
|-damage|p2a: Scizor|208\/344
|move|p2a: Scizor|Swords Dance|p2a: Scizor
|-boost|p2a: Scizor|atk|2
|
|turn|10
|
|switch|p1a: Quagsire|Quagsire, F|394\/394
|-damage|p1a: Quagsire|370\/394|[from] Stealth Rock
|move|p2a: Scizor|Knock Off|p1a: Quagsire
|-damage|p1a: Quagsire|279\/394
|-enditem|p1a: Quagsire|Leftovers|[from] move: Knock Off|[of] p2a: Scizor
|
|turn|11
|
|switch|p2a: Latias|Latias, F|301\/301
|move|p1a: Quagsire|Toxic|p2a: Latias
|-status|p2a: Latias|tox
|
|-damage|p2a: Latias|283\/301 tox|[from] psn
|turn|12
|
|switch|p1a: Sylveon|Sylveon, M|180\/394
|-damage|p1a: Sylveon|131\/394|[from] Stealth Rock
|move|p2a: Latias|Healing Wish|p2a: Latias
|faint|p2a: Latias
|
|-heal|p1a: Sylveon|155\/394|[from] item: Leftovers
|
|switch|p2a: Breloom|Breloom, M, shiny|197\/261 brn
|-heal|p2a: Breloom|261\/261|[from] move: Healing Wish
|turn|13
|
|switch|p1a: Gliscor|Gliscor, F|352\/352 tox
|-damage|p1a: Gliscor|308\/352 tox|[from] Stealth Rock
|move|p2a: Breloom|Bullet Seed|p1a: Gliscor
|-damage|p1a: Gliscor|257\/352 tox
|-damage|p1a: Gliscor|205\/352 tox
|-damage|p1a: Gliscor|150\/352 tox
|-hitcount|p1a: Gliscor|3
|
|-heal|p1a: Gliscor|194\/352 tox|[from] ability: Poison Heal
|turn|14
|
|switch|p2a: Scizor|Scizor-Mega, M|208\/344
|move|p1a: Gliscor|Knock Off|p2a: Scizor
|-damage|p2a: Scizor|172\/344
|
|-heal|p1a: Gliscor|238\/352 tox|[from] ability: Poison Heal
|turn|15
|
|move|p1a: Gliscor|Taunt|p2a: Scizor
|-start|p2a: Scizor|move: Taunt
|cant|p2a: Scizor|move: Taunt|Roost
|
|-heal|p1a: Gliscor|282\/352 tox|[from] ability: Poison Heal
|turn|16
|
|switch|p2a: Thundurus|Thundurus, M|299\/299
|move|p1a: Gliscor|U-turn|p2a: Thundurus
|-resisted|p2a: Thundurus
|-damage|p2a: Thundurus|266\/299
|
|switch|p1a: Quagsire|Quagsire, F|279\/394
|-damage|p1a: Quagsire|255\/394|[from] Stealth Rock
|
|-heal|p2a: Thundurus|284\/299|[from] item: Leftovers
|turn|17
|
|move|p2a: Thundurus|Taunt|p1a: Quagsire
|-start|p1a: Quagsire|move: Taunt
|move|p1a: Quagsire|Scald|p2a: Thundurus
|-damage|p2a: Thundurus|211\/299
|-status|p2a: Thundurus|brn
|
|-heal|p2a: Thundurus|229\/299 brn|[from] item: Leftovers
|-damage|p2a: Thundurus|192\/299 brn|[from] brn
|turn|18
|
|switch|p1a: Gliscor|Gliscor, F|282\/352 tox
|-damage|p1a: Gliscor|238\/352 tox|[from] Stealth Rock
|move|p2a: Thundurus|Hidden Power|p1a: Gliscor
|-supereffective|p1a: Gliscor
|-damage|p1a: Gliscor|0 fnt
|faint|p1a: Gliscor
|
|-heal|p2a: Thundurus|210\/299 brn|[from] item: Leftovers
|-damage|p2a: Thundurus|173\/299 brn|[from] brn
|
|switch|p1a: Charizard|Charizard-Mega-X, M|189\/359
|-damage|p1a: Charizard|100\/359|[from] Stealth Rock
|turn|19
|
|move|p2a: Thundurus|Thunder Wave|p1a: Charizard
|-status|p1a: Charizard|par
|move|p1a: Charizard|Dragon Claw|p2a: Thundurus
|-damage|p2a: Thundurus|0 fnt
|faint|p2a: Thundurus
|
|
|switch|p2a: Garchomp|Garchomp, F, shiny|1\/357
|turn|20
|
|move|p2a: Garchomp|Earthquake|p1a: Charizard
|-supereffective|p1a: Charizard
|-damage|p1a: Charizard|0 fnt
|faint|p1a: Charizard
|
|
|switch|p1a: Quagsire|Quagsire, F|255\/394
|-damage|p1a: Quagsire|231\/394|[from] Stealth Rock
|turn|21
|
|move|p2a: Garchomp|Outrage|p1a: Quagsire
|-damage|p1a: Quagsire|57\/394
|move|p1a: Quagsire|Toxic|p2a: Garchomp
|-status|p2a: Garchomp|tox
|
|-damage|p2a: Garchomp|0 fnt|[from] psn
|faint|p2a: Garchomp
|
|switch|p2a: Breloom|Breloom, M, shiny|261\/261
|turn|22
|
|switch|p1a: Sylveon|Sylveon, M|155\/394
|-damage|p1a: Sylveon|106\/394|[from] Stealth Rock
|move|p2a: Breloom|Bullet Seed|p1a: Sylveon
|-damage|p1a: Sylveon|19\/394
|-damage|p1a: Sylveon|0 fnt
|-hitcount|p1a: Sylveon|2
|faint|p1a: Sylveon
|
|
|switch|p1a: Skarmory|Skarmory, F|121\/334
|-damage|p1a: Skarmory|80\/334|[from] Stealth Rock
|turn|23
|
|move|p2a: Breloom|Spore|p1a: Skarmory
|-status|p1a: Skarmory|slp
|cant|p1a: Skarmory|slp
|
|-heal|p1a: Skarmory|100\/334 slp|[from] item: Leftovers
|turn|24
|
|switch|p1a: Quagsire|Quagsire, F|57\/394
|-damage|p1a: Quagsire|33\/394|[from] Stealth Rock
|move|p2a: Breloom|Rock Tomb|p1a: Quagsire
|-resisted|p1a: Quagsire
|-damage|p1a: Quagsire|0 fnt
|faint|p1a: Quagsire
|
|
|switch|p1a: Mew|Mew|341\/341
|-damage|p1a: Mew|299\/341|[from] Stealth Rock
|turn|25
|
|move|p1a: Mew|Zen Headbutt|p2a: Breloom
|-supereffective|p2a: Breloom
|-enditem|p2a: Breloom|Focus Sash
|-damage|p2a: Breloom|1\/261
|-damage|p1a: Mew|265\/341|[from] item: Life Orb
|move|p2a: Breloom|Bullet Seed|p1a: Mew
|-damage|p1a: Mew|195\/341
|-damage|p1a: Mew|132\/341
|-hitcount|p1a: Mew|2
|
|turn|26
|
|move|p2a: Breloom|Mach Punch|p1a: Mew
|-resisted|p1a: Mew
|-damage|p1a: Mew|78\/341
|move|p1a: Mew|Drain Punch|p2a: Breloom
|-damage|p2a: Breloom|0 fnt
|-heal|p1a: Mew|79\/341|[from] drain|[of] p2a: Breloom
|-damage|p1a: Mew|45\/341|[from] item: Life Orb
|faint|p2a: Breloom
|
|
|switch|p2a: Scizor|Scizor-Mega, M|172\/344
|turn|27
|
|move|p1a: Mew|Sucker Punch|p2a: Scizor
|-damage|p2a: Scizor|88\/344
|-damage|p1a: Mew|11\/341|[from] item: Life Orb
|move|p2a: Scizor|Bullet Punch|p1a: Mew
|-damage|p1a: Mew|0 fnt
|faint|p1a: Mew
|
|
|switch|p1a: Skarmory|Skarmory, F|100\/334 slp
|-damage|p1a: Skarmory|59\/334 slp|[from] Stealth Rock
|turn|28
|
|move|p2a: Scizor|Knock Off|p1a: Skarmory
|-damage|p1a: Skarmory|0 fnt
|faint|p1a: Skarmory
|
|win|hj regicide
|raw|Ladder updating...
|raw|latino's rating: 1647 &rarr; <strong>1625<\/strong><br \/>(-22 for losing)
|raw|hj regicide's rating: 1612 &rarr; <strong>1634<\/strong><br \/>(+22 for winning)
|leave|latino
|player|p1