|join|dEnIsssS
|join|latino
|player|p1|dEnIsssS|288
|player|p2|latino|102
|gametype|singles
|gen|6
|tier|OU
|rated
|clearpoke
|poke|p1|Smeargle, M
|poke|p1|Scolipede, M
|poke|p1|Vaporeon, F
|poke|p1|Espeon, M
|poke|p1|Sylveon, F
|poke|p1|Zapdos, shiny
|poke|p2|Gliscor, M
|poke|p2|Milotic, F
|poke|p2|Scizor, M
|poke|p2|Seismitoad, F
|poke|p2|Medicham, F
|poke|p2|Zapdos
|rule|Sleep Clause Mod: Limit one foe put to sleep
|rule|Species Clause: Limit one of each Pokemon
|rule|OHKO Clause: OHKO moves are banned
|rule|Moody Clause: Moody is banned
|rule|Evasion Moves Clause: Evasion moves are banned
|rule|Endless Battle Clause: Forcing endless battles is banned.
|rule|HP Percentage Mod: HP is reported as percentages
|teampreview
|chat|latino|my god you are omniresent
|chat|dEnIsssS|FUUUUUUUUUUUUCK
|join|FireyDrago
|chat|latino|omnipresent*
|chat|dEnIsssS|man
|chat|dEnIsssS|i hate u
|
|start
|switch|p1a: BIN LADEN|Scolipede, M|321\/321
|switch|p2a: Venenum Scorpionem|Gliscor, M|352\/352
|turn|1
|
|move|p1a: BIN LADEN|Protect|p1a: BIN LADEN
|-singleturn|p1a: BIN LADEN|Protect
|move|p2a: Venenum Scorpionem|Taunt|p1a: BIN LADEN
|-activate|p1a: BIN LADEN|Protect
|
|-boost|p1a: BIN LADEN|spe|1|[from] ability: Speed Boost
|-status|p2a: Venenum Scorpionem|tox|[from] item: Toxic Orb
|turn|2
|
|move|p1a: BIN LADEN|Substitute|p1a: BIN LADEN
|-start|p1a: BIN LADEN|Substitute
|-damage|p1a: BIN LADEN|241\/321
|move|p2a: Venenum Scorpionem|Taunt|p1a: BIN LADEN
|-start|p1a: BIN LADEN|move: Taunt
|-enditem|p1a: BIN LADEN|Mental Herb
|-end|p1a: BIN LADEN|move: Taunt
|
|-boost|p1a: BIN LADEN|spe|1|[from] ability: Speed Boost
|turn|3
|
|move|p1a: BIN LADEN|Iron Defense|p1a: BIN LADEN
|-boost|p1a: BIN LADEN|def|2
|move|p2a: Venenum Scorpionem|Earthquake|p1a: BIN LADEN
|-activate|p1a: BIN LADEN|Substitute|[damage]
|
|-boost|p1a: BIN LADEN|spe|1|[from] ability: Speed Boost
|turn|4
|
|move|p1a: BIN LADEN|Baton Pass|p1a: BIN LADEN
|
|switch|p1a: AL CAPONE|Smeargle, M|273\/273
|move|p2a: Venenum Scorpionem|U-turn|p1a: AL CAPONE
|-end|p1a: AL CAPONE|Substitute
|
|switch|p2a: Argentum Mantis|Scizor, M|308\/308
|
|turn|5
|
|move|p2a: Argentum Mantis|Bullet Punch|p1a: AL CAPONE
|-damage|p1a: AL CAPONE|152\/273
|move|p1a: AL CAPONE|Ingrain|p1a: AL CAPONE
|-start|p1a: AL CAPONE|move: Ingrain
|
|-heal|p1a: AL CAPONE|169\/273|[from] Ingrain
|turn|6
|
|switch|p2a: Venenum Scorpionem|Gliscor, M|352\/352 tox
|move|p1a: AL CAPONE|Spore|p2a: Venenum Scorpionem
|-fail|p2a: Venenum Scorpionem
|
|-heal|p1a: AL CAPONE|186\/273|[from] Ingrain
|turn|7
|chat|dEnIsssS|fuck
|chat|dEnIsssS|i had the oportunity
|chat|dEnIsssS|to have that shit
|
|move|p1a: AL CAPONE|Baton Pass|p1a: AL CAPONE
|
|switch|p1a: LUCIFER|Zapdos, shiny|384\/384
|-ability|p1a: LUCIFER|Pressure
|move|p2a: Venenum Scorpionem|Knock Off|p1a: LUCIFER
|-damage|p1a: LUCIFER|356\/384
|-enditem|p1a: LUCIFER|Leftovers|[from] move: Knock Off|[of] p2a: Venenum Scorpionem
|
|-heal|p1a: LUCIFER|380\/384|[from] Ingrain
|turn|8
|join|Quacker
|
|move|p1a: LUCIFER|Substitute|p1a: LUCIFER
|-start|p1a: LUCIFER|Substitute
|-damage|p1a: LUCIFER|284\/384
|move|p2a: Venenum Scorpionem|Taunt|p1a: LUCIFER
|-start|p1a: LUCIFER|move: Taunt
|
|-heal|p1a: LUCIFER|308\/384|[from] Ingrain
|turn|9
|
|switch|p2a: Amphibian Siccitat|Seismitoad, F|414\/414
|move|p1a: LUCIFER|Thunderbolt|p2a: Amphibian Siccitat
|-immune|p2a: Amphibian Siccitat|[msg]
|
|-heal|p1a: LUCIFER|332\/384|[from] Ingrain
|turn|10
|chat|dEnIsssS|ooh
|
|move|p1a: LUCIFER|Thunderbolt|p2a: Amphibian Siccitat
|-immune|p2a: Amphibian Siccitat|[msg]
|move|p2a: Amphibian Siccitat|Stealth Rock|p1a: LUCIFER
|-sidestart|p1: dEnIsssS|move: Stealth Rock
|
|-heal|p1a: LUCIFER|356\/384|[from] Ingrain
|turn|11
|chat|dEnIsssS|u have another ground type
|chat|dEnIsssS|that inst gliscor
|
|switch|p2a: Venenum Scorpionem|Gliscor, M|352\/352 tox
|move|p1a: LUCIFER|Thunderbolt|p2a: Venenum Scorpionem
|-immune|p2a: Venenum Scorpionem|[msg]
|
|-heal|p1a: LUCIFER|380\/384|[from] Ingrain
|-end|p1a: LUCIFER|move: Taunt
|turn|12
|
|move|p1a: LUCIFER|Charge|p1a: LUCIFER
|-boost|p1a: LUCIFER|spd|1
|-activate|p1a: LUCIFER|move: Charge
|move|p2a: Venenum Scorpionem|U-turn|p1a: LUCIFER
|-resisted|p1a: LUCIFER
|-activate|p1a: LUCIFER|Substitute|[damage]
|
|switch|p2a: Serpentem Mira|Milotic, F|394\/394
|
|-heal|p1a: LUCIFER|384\/384|[from] Ingrain
|turn|13
|
|move|p1a: LUCIFER|Thunderbolt|p2a: Serpentem Mira
|-supereffective|p2a: Serpentem Mira
|-damage|p2a: Serpentem Mira|0 fnt
|faint|p2a: Serpentem Mira
|
|chat|latino|ouch
|chat|dEnIsssS|YAAAAAAAAAAAAAAAAAAAAAAAAAAAAAAAAAAAAAAAAAAAAAAAAAAAAAAAAAAAAAAAAAAAAAAAAAAAAAAAAAAAAAAAAAAAAAAAAAAAAAAY
|chat|latino|forgot charge did that
|chat|latino|gg
|-message|latino forfeited.
|
|win|dEnIsssS
|raw|Ladder updating...
|leave|latino
|player|p2
|raw|dEnIsssS's rating: 1965 &rarr; <strong>1974<\/strong><br \/>(+9 for winning)
|raw|latino's rating: 1740 &rarr; <strong>1731<\/strong><br \/>(-9 for losing)
|leave|Quacker