|join|LT2P Masterclass
|join|latino
|player|p1|LT2P Masterclass|1
|player|p2|latino|169
|gametype|singles
|gen|6
|tier|OU
|rated
|clearpoke
|poke|p1|Victini
|poke|p1|Tangrowth, M
|poke|p1|Latios, M
|poke|p1|Aerodactyl, M
|poke|p1|Clefable, M
|poke|p1|Hippowdon, M
|poke|p2|Talonflame, F
|poke|p2|Quagsire, F
|poke|p2|Venusaur, M
|poke|p2|Mew
|poke|p2|Thundurus, M
|poke|p2|Clefable, F
|rule|Swagger Clause: Swagger is banned
|rule|Baton Pass Clause: Limit one PokÃ©mon knowing Baton Pass
|rule|Sleep Clause Mod: Limit one foe put to sleep
|rule|Species Clause: Limit one of each PokÃ©mon
|rule|OHKO Clause: OHKO moves are banned
|rule|Moody Clause: Moody is banned
|rule|Evasion Moves Clause: Evasion moves are banned
|rule|Endless Battle Clause: Forcing endless battles is banned
|rule|HP Percentage Mod: HP is shown in percentages
|teampreview
|join|Cienight
|join|Th3Ender
|join|Hahw
|join|big booty iggy
|join|XperimentTeams
|c| big booty iggy|cute team,,,
|join|LT2I CBB
|join|GINGSAN
|join|gtsy
|join|McMeghan
|leave|Hahw
|c|âLT2P Masterclass|cbb
|join|SlurpuffIzFood
|c|âLT2P Masterclass|whos team is this
|c| LT2I CBB|i have never seen anything like that
|c|âLT2P Masterclass|im p sure
|c|âLT2P Masterclass|i saw soulwind using it
|c| LT2I CBB|yea
|c|âLT2P Masterclass|but
|join|HardPenetration
|c|âLT2P Masterclass|who made it
|c|âLT2P Masterclass|it was part of my pastebin
|c|âlatino|wtf u talking about?
|c| LT2I CBB|i dont know
|c|âLT2P Masterclass|fuck you latino
|c| LT2I CBB|he got wrecked though i think
|c| LT2I CBB|whenever he used it
|c|âLT2P Masterclass|mind your own business
|c|âLT2P Masterclass|srsly
|c|âLT2P Masterclass|so it sucks?
|join|CharizardmasterX
|c|âLT2P Masterclass|shit
|c|âlatino|and why are there so many people here?
|c|âLT2P Masterclass|cause youre against
|c|âLT2P Masterclass|the great one
|c| LT2I CBB|we wanna watch ur rise to fame
|join|LT2A Sergi
|c| HardPenetration|the tangrowth is here
|join|Omegasization
|c| Omegasization|wat
|c| Omegasization|that better be AV
|c|âLT2P Masterclass|yo
|c| LT2I CBB|how do u even break his team
|c|âLT2P Masterclass|im srs
|c|âLT2P Masterclass|what do i do
|c|âLT2P Masterclass|lmao
|c|âLT2P Masterclass|ok
|c|âLT2P Masterclass|let me start
|c|âLT2P Masterclass|with a random lead
|c|âLT2P Masterclass|and then
|c|âLT2P Masterclass|play fromt here
|c| LT2I CBB|i rly hope u have
|c| LT2I CBB|taunt aero
|c| Omegasization|mew wins
|
|start
|switch|p1a: Hippowdon|Hippowdon, M|419\/419
|switch|p2a: Mew|Mew|404\/404
|-weather|Sandstorm
|turn|1
|c| Omegasization|easily
|c|âlatino|to be honest u don't have to worry that much...i just made this team yesterday for fun
|join|Biz
|leave|Biz
|
|switch|p1a: Clefable|Clefable, M|394\/394
|move|p2a: Mew|Will-O-Wisp|p1a: Clefable|[miss]
|-miss|p2a: Mew|p1a: Clefable
|
|-weather|Sandstorm|[upkeep]
|-damage|p2a: Mew|379\/404|[from] sandstorm
|-heal|p2a: Mew|404\/404|[from] item: Leftovers
|turn|2
|c| LT2I CBB|nah he can't touch u
|c| LT2I CBB|just dont fuck up friend
|c|âLT2P Masterclass|stfu 
|c|âLT2P Masterclass|don't cheer for him
|
|move|p2a: Mew|Knock Off|p1a: Clefable
|-resisted|p1a: Clefable
|-damage|p1a: Clefable|353\/394
|-enditem|p1a: Clefable|Leftovers|[from] move: Knock Off|[of] p2a: Mew
|move|p1a: Clefable|Calm Mind|p1a: Clefable
|-boost|p1a: Clefable|spa|1
|-boost|p1a: Clefable|spd|1
|
|-weather|Sandstorm|[upkeep]
|-damage|p2a: Mew|379\/404|[from] sandstorm
|-heal|p2a: Mew|404\/404|[from] item: Leftovers
|turn|3
|
|switch|p2a: Talonflame|Talonflame, F|352\/352
|move|p1a: Clefable|Moonblast|p2a: Talonflame
|-resisted|p2a: Talonflame
|-damage|p2a: Talonflame|273\/352
|
|-weather|Sandstorm|[upkeep]
|-damage|p2a: Talonflame|251\/352|[from] sandstorm
|-heal|p2a: Talonflame|273\/352|[from] item: Leftovers
|turn|4
|join|LT2S Tony Montana
|c| LT2I CBB|loool ur so weak to this too
|c| Omegasization|why shouldnt we
|c| LT2I CBB|wtf
|c| Omegasization|we all know hes gonna win
|c| Omegasization|cccccccccccccccc:
|
|switch|p1a: Victini|Victini|404\/404
|move|p2a: Talonflame|Taunt|p1a: Victini
|-start|p1a: Victini|move: Taunt
|
|-weather|Sandstorm|[upkeep]
|-damage|p2a: Talonflame|251\/352|[from] sandstorm
|-damage|p1a: Victini|379\/404|[from] sandstorm
|-heal|p2a: Talonflame|273\/352|[from] item: Leftovers
|-heal|p1a: Victini|404\/404|[from] item: Leftovers
|turn|5
|join|Chilled Elephant
|
|switch|p2a: Quagsire|Quagsire, F|394\/394
|switch|p1a: Tangrowth|Tangrowth, M|403\/403
|
|-weather|none
|turn|6
|
|switch|p1a: Aerodactyl|Aerodactyl, M|302\/302
|-ability|p1a: Aerodactyl|Pressure
|switch|p2a: Venusaur|Venusaur, M|364\/364
|
|turn|7
|c| LT2I CBB|like
|
|detailschange|p1a: Aerodactyl|Aerodactyl-Mega, M
|message|Aerodactyl has Mega Evolved into Mega Aerodactyl!
|detailschange|p2a: Venusaur|Venusaur-Mega, M
|message|Venusaur has Mega Evolved into Mega Venusaur!
|move|p1a: Aerodactyl|Stone Edge|p2a: Venusaur
|-crit|p2a: Venusaur
|-damage|p2a: Venusaur|181\/364
|move|p2a: Venusaur|Sleep Powder|p1a: Aerodactyl
|-status|p1a: Aerodactyl|slp
|
|turn|8
|c| LT2I CBB|do you have taunt or not
|c| LT2I CBB|well thats that
|
|cant|p1a: Aerodactyl|slp
|move|p2a: Venusaur|Synthesis|p2a: Venusaur
|-heal|p2a: Venusaur|363\/364
|
|turn|9
|
|switch|p1a: Latios|Latios, M|302\/302
|move|p2a: Venusaur|Giga Drain|p1a: Latios
|-resisted|p1a: Latios
|-damage|p1a: Latios|251\/302
|-heal|p2a: Venusaur|364\/364|[from] drain|[of] p1a: Latios
|
|turn|10
|leave|Omegasization
|join|Biz
|leave|Biz
|
|switch|p2a: Mew|Mew|404\/404
|move|p1a: Latios|Psyshock|p2a: Mew
|-resisted|p2a: Mew
|-damage|p2a: Mew|307\/404
|-damage|p1a: Latios|221\/302|[from] item: Life Orb
|
|-heal|p2a: Mew|332\/404|[from] item: Leftovers
|turn|11
|join|Biz
|leave|Biz
|
|move|p1a: Latios|Draco Meteor|p2a: Mew
|-damage|p2a: Mew|75\/404
|-unboost|p1a: Latios|spa|2
|-damage|p1a: Latios|191\/302|[from] item: Life Orb
|move|p2a: Mew|Knock Off|p1a: Latios
|-supereffective|p1a: Latios
|-damage|p1a: Latios|5\/302
|-enditem|p1a: Latios|Life Orb|[from] move: Knock Off|[of] p2a: Mew
|
|-heal|p2a: Mew|100\/404|[from] item: Leftovers
|turn|12
|c|âLT2P Masterclass|that's how you break a mew
|c| LT2I CBB|that draco is a roll
|
|switch|p2a: Talonflame|Talonflame, F|273\/352
|move|p1a: Latios|Draco Meteor|p2a: Talonflame
|-damage|p2a: Talonflame|155\/352
|-unboost|p1a: Latios|spa|2
|
|-heal|p2a: Talonflame|177\/352|[from] item: Leftovers
|turn|13
|c| LT2I CBB|jsyk
|c| Th3Ender|this doesnt always ko 
|c| Th3Ender|o well
|c| LT2I CBB|i mean
|
|switch|p1a: Hippowdon|Hippowdon, M|419\/419
|-weather|Sandstorm
|move|p2a: Talonflame|Roost|p2a: Talonflame
|-heal|p2a: Talonflame|352\/352
|
|-weather|Sandstorm|[upkeep]
|-damage|p2a: Talonflame|330\/352|[from] sandstorm
|-heal|p2a: Talonflame|352\/352|[from] item: Leftovers
|turn|14
|c| LT2I CBB|mew was the least of ur problems
|join|Uxali
|join|i came from leddit
|c| Th3Ender|go to clef and set rocks already
|
|switch|p1a: Victini|Victini|404\/404
|move|p2a: Talonflame|Taunt|p1a: Victini
|-start|p1a: Victini|move: Taunt
|
|-weather|Sandstorm|[upkeep]
|-damage|p2a: Talonflame|330\/352|[from] sandstorm
|-damage|p1a: Victini|379\/404|[from] sandstorm
|-heal|p2a: Talonflame|352\/352|[from] item: Leftovers
|-heal|p1a: Victini|404\/404|[from] item: Leftovers
|turn|15
|
|switch|p2a: Quagsire|Quagsire, F|394\/394
|switch|p1a: Hippowdon|Hippowdon, M|419\/419
|
|-weather|Sandstorm|[upkeep]
|turn|16
|
|move|p1a: Hippowdon|Earthquake|p2a: Quagsire
|-damage|p2a: Quagsire|280\/394
|move|p2a: Quagsire|Toxic|p1a: Hippowdon
|-status|p1a: Hippowdon|tox
|
|-weather|Sandstorm|[upkeep]
|-heal|p2a: Quagsire|304\/394|[from] item: Leftovers
|-damage|p1a: Hippowdon|393\/419 tox|[from] psn
|turn|17
|
|move|p1a: Hippowdon|Stealth Rock|p2a: Quagsire
|-sidestart|p2: latino|move: Stealth Rock
|move|p2a: Quagsire|Scald|p1a: Hippowdon
|-supereffective|p1a: Hippowdon
|-damage|p1a: Hippowdon|225\/419 tox
|
|-weather|none
|-heal|p1a: Hippowdon|251\/419 tox|[from] item: Leftovers
|-heal|p2a: Quagsire|328\/394|[from] item: Leftovers
|-damage|p1a: Hippowdon|199\/419 tox|[from] psn
|turn|18
|c| LT2I CBB|go to mew
|c| LT2I CBB|nooo
|c| GINGSAN|who made this team...
|
|switch|p1a: Tangrowth|Tangrowth, M|403\/403
|move|p2a: Quagsire|Scald|p1a: Tangrowth
|-resisted|p1a: Tangrowth
|-damage|p1a: Tangrowth|348\/403
|
|-heal|p1a: Tangrowth|373\/403|[from] item: Leftovers
|-heal|p2a: Quagsire|352\/394|[from] item: Leftovers
|turn|19
|c| Th3Ender|GO TO CLEF
|c| Th3Ender|AND SET ROCKS
|
|switch|p1a: Latios|Latios, M|5\/302
|switch|p2a: Venusaur|Venusaur-Mega, M|364\/364
|-damage|p2a: Venusaur|319\/364|[from] Stealth Rock
|
|turn|20
|c| LT2S Tony Montana|holy shit, why you guys just dont shut up and watch them play ._::
|
|switch|p1a: Clefable|Clefable, M|353\/394
|move|p2a: Venusaur|Synthesis|p2a: Venusaur
|-heal|p2a: Venusaur|364\/364
|
|turn|21
|c| LT2I CBB|because i want my friend latino to succeed
|c| Cienight|why is everyone cheering against mc
|
|switch|p1a: Hippowdon|Hippowdon, M|199\/419 tox
|-weather|Sandstorm
|move|p2a: Venusaur|Sludge Bomb|p1a: Hippowdon
|-resisted|p1a: Hippowdon
|-damage|p1a: Hippowdon|117\/419 tox
|
|-weather|Sandstorm|[upkeep]
|-damage|p2a: Venusaur|342\/364|[from] sandstorm
|-heal|p1a: Hippowdon|143\/419 tox|[from] item: Leftovers
|-damage|p1a: Hippowdon|117\/419 tox|[from] psn
|turn|22
|c| Cienight|I feel bad for the guy
|leave|Chilled Elephant
|c| Th3Ender|becuase mc is op
|
|switch|p1a: Victini|Victini|404\/404
|move|p2a: Venusaur|Sludge Bomb|p1a: Victini
|-damage|p1a: Victini|268\/404
|-status|p1a: Victini|psn
|
|-weather|Sandstorm|[upkeep]
|-damage|p1a: Victini|243\/404 psn|[from] sandstorm
|-damage|p2a: Venusaur|320\/364|[from] sandstorm
|-heal|p1a: Victini|268\/404 psn|[from] item: Leftovers
|-damage|p1a: Victini|218\/404 psn|[from] psn
|turn|23
|c| LT2I CBB|he was being a cunt when i got haxed by cb lucario
|c| Th3Ender|so we have to justify it
|c| LT2I CBB|he deserves nothing less
|c| Th3Ender|n_n
|c| Cienight|oh
|c| Cienight|k then
|c| Cienight|fuck masterclass
|
|switch|p2a: Quagsire|Quagsire, F|352\/394
|-damage|p2a: Quagsire|328\/394|[from] Stealth Rock
|move|p1a: Victini|V-create|p2a: Quagsire
|-resisted|p2a: Quagsire
|-damage|p2a: Quagsire|231\/394
|-unboost|p1a: Victini|def|1
|-unboost|p1a: Victini|spd|1
|-unboost|p1a: Victini|spe|1
|
|-weather|Sandstorm|[upkeep]
|-damage|p1a: Victini|193\/404 psn|[from] sandstorm
|-heal|p1a: Victini|218\/404 psn|[from] item: Leftovers
|-heal|p2a: Quagsire|255\/394|[from] item: Leftovers
|-damage|p1a: Victini|168\/404 psn|[from] psn
|turn|24
|c| GINGSAN|0
|c| LT2I CBB|0
|
|switch|p1a: Clefable|Clefable, M|353\/394
|move|p2a: Quagsire|Recover|p2a: Quagsire
|-heal|p2a: Quagsire|394\/394
|
|-weather|Sandstorm|[upkeep]
|turn|25
|c| Cienight|-1
|
|switch|p2a: Mew|Mew|100\/404
|-damage|p2a: Mew|50\/404|[from] Stealth Rock
|move|p1a: Clefable|Calm Mind|p1a: Clefable
|-boost|p1a: Clefable|spa|1
|-boost|p1a: Clefable|spd|1
|
|-weather|none
|-heal|p2a: Mew|75\/404|[from] item: Leftovers
|turn|26
|join|Biz
|c| LT2I CBB|thx 4 defog
|join|Cloistral
|c| i came from leddit|!
|
|move|p2a: Mew|Soft-Boiled|p2a: Mew
|-heal|p2a: Mew|277\/404
|move|p1a: Clefable|Calm Mind|p1a: Clefable
|-boost|p1a: Clefable|spa|1
|-boost|p1a: Clefable|spd|1
|
|-heal|p2a: Mew|302\/404|[from] item: Leftovers
|turn|27
|
|move|p2a: Mew|Defog|p1a: Clefable
|-unboost|p1a: Clefable|evasion|1
|-sideend|p2: latino|Stealth Rock|[from] move: Defog|[of] p2a: Mew
|move|p1a: Clefable|Calm Mind|p1a: Clefable
|-boost|p1a: Clefable|spa|1
|-boost|p1a: Clefable|spd|1
|
|-heal|p2a: Mew|327\/404|[from] item: Leftovers
|turn|28
|c| Cienight|hi leddit
|leave|Cloistral
|c| i came from leddit|hi
|c| Cienight|haze
|c| Cienight|reveal
|c| i came from leddit|psych up?
|c| LT2I CBB|doesnt talon still eat this shit for breakfast
|
|switch|p2a: Talonflame|Talonflame, F|352\/352
|move|p1a: Clefable|Calm Mind|p1a: Clefable
|-boost|p1a: Clefable|spa|1
|-boost|p1a: Clefable|spd|1
|
|turn|29
|
|move|p2a: Talonflame|Taunt|p1a: Clefable
|-start|p1a: Clefable|move: Taunt
|move|p1a: Clefable|Stored Power|p2a: Talonflame
|-damage|p2a: Talonflame|0 fnt
|faint|p2a: Talonflame
|
|c| GINGSAN|n
|c| LT2I CBB|oh that one
|c| GINGSAN|o
|c| LT2I CBB|lmao
|c| HardPenetration|nope
|c| LT2I CBB|owned
|c| LT2A Sergi|rekt
|c| Cienight|stored
|c| Cienight|power
|c| i came from leddit|LOL
|c| i came from leddit|rip.....
|c| Cienight|oh my
|
|switch|p2a: Venusaur|Venusaur-Mega, M|320\/364
|turn|30
|c|âLT2P Masterclass|theres nothing
|c|âLT2P Masterclass|i can't break.
|
|move|p2a: Venusaur|Sludge Bomb|p1a: Clefable
|-crit|p1a: Clefable
|-supereffective|p1a: Clefable
|-damage|p1a: Clefable|23\/394
|move|p1a: Clefable|Stored Power|p2a: Venusaur
|-supereffective|p2a: Venusaur
|-damage|p2a: Venusaur|0 fnt
|faint|p2a: Venusaur
|
|c| LT2I CBB|?
|c| Th3Ender|LOLOLOLOLOLOLOL
|c| GINGSAN|ahaha
|c| Cienight|bom
|c| HardPenetration|lol
|c|âLT2P Masterclass|fuck you
|c| XperimentTeams|Karma 
|
|switch|p2a: Thundurus|Thundurus, M|300\/300
|turn|31
|c| GINGSAN|im cryin
|c|âLT2P Masterclass|you prayed 
|c|âLT2P Masterclass|for that
|c|âLT2P Masterclass|but srsly
|c|âLT2P Masterclass|i had to go 
|c|âLT2P Masterclass|in 2 mins
|c|âLT2P Masterclass|:(
|c| LT2I CBB|i cant believe it
|c|âLT2P Masterclass|lame
|c| LT2A Sergi|mex
|c| Th3Ender|that is so unfortunate
|c| LT2I CBB|ate that up
|c| Th3Ender|dam
|c| LT2I CBB|what a weak ass venusaur
|join|Genesis9507
|
|switch|p1a: Hippowdon|Hippowdon, M|117\/419 tox
|-weather|Sandstorm
|move|p2a: Thundurus|Wild Charge|p1a: Hippowdon
|-immune|p1a: Hippowdon|[msg]
|
|-weather|Sandstorm|[upkeep]
|-damage|p2a: Thundurus|282\/300|[from] sandstorm
|-heal|p2a: Thundurus|300\/300|[from] item: Leftovers
|-heal|p1a: Hippowdon|143\/419 tox|[from] item: Leftovers
|-damage|p1a: Hippowdon|117\/419 tox|[from] psn
|turn|32
|leave|Genesis9507
|
|move|p2a: Thundurus|Knock Off|p1a: Hippowdon
|-damage|p1a: Hippowdon|51\/419 tox
|-enditem|p1a: Hippowdon|Leftovers|[from] move: Knock Off|[of] p2a: Thundurus
|move|p1a: Hippowdon|Slack Off|p1a: Hippowdon
|-heal|p1a: Hippowdon|261\/419 tox
|
|-weather|Sandstorm|[upkeep]
|-damage|p2a: Thundurus|282\/300|[from] sandstorm
|-heal|p2a: Thundurus|300\/300|[from] item: Leftovers
|-damage|p1a: Hippowdon|209\/419 tox|[from] psn
|turn|33
|
|move|p2a: Thundurus|Bulk Up|p2a: Thundurus
|-boost|p2a: Thundurus|atk|1
|-boost|p2a: Thundurus|def|1
|move|p1a: Hippowdon|Stealth Rock|p2a: Thundurus
|-sidestart|p2: latino|move: Stealth Rock
|
|-weather|Sandstorm|[upkeep]
|-damage|p2a: Thundurus|282\/300|[from] sandstorm
|-heal|p2a: Thundurus|300\/300|[from] item: Leftovers
|-damage|p1a: Hippowdon|131\/419 tox|[from] psn
|turn|34
|
|move|p2a: Thundurus|Superpower|p1a: Hippowdon
|-damage|p1a: Hippowdon|0 fnt
|-unboost|p2a: Thundurus|atk|1
|-unboost|p2a: Thundurus|def|1
|faint|p1a: Hippowdon
|
|-weather|Sandstorm|[upkeep]
|-damage|p2a: Thundurus|282\/300|[from] sandstorm
|-heal|p2a: Thundurus|300\/300|[from] item: Leftovers
|join|Chilled Elephant
|
|switch|p1a: Tangrowth|Tangrowth, M|403\/403
|turn|35
|
|move|p2a: Thundurus|Knock Off|p1a: Tangrowth
|-damage|p1a: Tangrowth|329\/403
|-enditem|p1a: Tangrowth|Leftovers|[from] move: Knock Off|[of] p2a: Thundurus
|move|p1a: Tangrowth|Sleep Powder|p2a: Thundurus
|-status|p2a: Thundurus|slp
|
|-weather|none
|turn|36
|
|switch|p2a: Clefable|Clefable, F|394\/394
|move|p1a: Tangrowth|Knock Off|p2a: Clefable
|-resisted|p2a: Clefable
|-damage|p2a: Clefable|361\/394
|-enditem|p2a: Clefable|Leftovers|[from] move: Knock Off|[of] p1a: Tangrowth
|
|turn|37
|
|switch|p1a: Victini|Victini|168\/404 psn
|move|p2a: Clefable|Calm Mind|p2a: Clefable
|-boost|p2a: Clefable|spa|1
|-boost|p2a: Clefable|spd|1
|
|-heal|p1a: Victini|193\/404 psn|[from] item: Leftovers
|-damage|p1a: Victini|143\/404 psn|[from] psn
|turn|38
|
|switch|p2a: Quagsire|Quagsire, F|394\/394
|-damage|p2a: Quagsire|370\/394|[from] Stealth Rock
|move|p1a: Victini|V-create|p2a: Quagsire
|-crit|p2a: Quagsire
|-resisted|p2a: Quagsire
|-damage|p2a: Quagsire|208\/394
|-unboost|p1a: Victini|def|1
|-unboost|p1a: Victini|spd|1
|-unboost|p1a: Victini|spe|1
|
|-heal|p1a: Victini|168\/404 psn|[from] item: Leftovers
|-heal|p2a: Quagsire|232\/394|[from] item: Leftovers
|-damage|p1a: Victini|118\/404 psn|[from] psn
|turn|39
|
|move|p1a: Victini|V-create|p2a: Quagsire
|-resisted|p2a: Quagsire
|-damage|p2a: Quagsire|133\/394
|-unboost|p1a: Victini|def|1
|-unboost|p1a: Victini|spd|1
|-unboost|p1a: Victini|spe|1
|move|p2a: Quagsire|Toxic|p1a: Victini
|-fail|p1a: Victini
|
|-heal|p1a: Victini|143\/404 psn|[from] item: Leftovers
|-heal|p2a: Quagsire|157\/394|[from] item: Leftovers
|-damage|p1a: Victini|93\/404 psn|[from] psn
|turn|40
|leave|LT2S Tony Montana
|
|switch|p1a: Clefable|Clefable, M|23\/394
|move|p2a: Quagsire|Recover|p2a: Quagsire
|-heal|p2a: Quagsire|354\/394
|
|-heal|p2a: Quagsire|378\/394|[from] item: Leftovers
|turn|41
|c| LT2I CBB|why didnt u go
|c| LT2I CBB|to mew
|c| LT2I CBB|dshasdjadsjeadjrsfd
|join|Shoxx
|
|move|p1a: Clefable|Soft-Boiled|p1a: Clefable
|-heal|p1a: Clefable|220\/394
|move|p2a: Quagsire|Earthquake|p1a: Clefable
|-damage|p1a: Clefable|103\/394
|
|-heal|p2a: Quagsire|394\/394|[from] item: Leftovers
|turn|42
|c|âlatino|gg
|-message|latino forfeited.
|
|win|LT2P Masterclass
|raw|Ladder updating...
|leave|latino
|player|p2
|raw|LT2P Masterclass's rating: 1702 &rarr; <strong>1719<\/strong><br \/>(+17 for winning)
|raw|latino's rating: 1656 &rarr; <strong>1639<\/strong><br \/>(-17 for losing)
|c|âLT2P Masterclass|ok
|c| Cienight|???
|c|âLT2P Masterclass|g2g
|c| LT2I CBB|god
|leave|Shoxx
|leave|i came from leddit
|c| LT2I CBB|what a choke
|leave|LT2I CBB
|c|âLT2P Masterclass|stfu poopyhead
|c| Cienight|y
|c| Cienight|poopy
|leave|GINGSAN
|leave|Chilled Elephant
|leave|HardPenetration
|leave|Cienight
|leave|LT2A Sergi
|leave|gtsy
|leave|Biz
|join|gtsy
|leave|CharizardmasterX
|leave|XperimentTeams
|leave|LT2P Masterclass
|player|p1
|join|GINGSAN
|join|CharizardmasterX
|leave|Th3Ender
|leave|CharizardmasterX
|leave|GINGSAN