|join|10HKO
|join|latino
|player|p1|10HKO|4
|player|p2|latino|101
|gametype|singles
|gen|6
|tier|OU
|rated
|clearpoke
|poke|p1|Talonflame, M
|poke|p1|Raikou
|poke|p1|Excadrill, M
|poke|p1|Pinsir, M
|poke|p1|Greninja, F
|poke|p1|Terrakion
|poke|p2|Gliscor, M
|poke|p2|Milotic, M
|poke|p2|Scizor, F
|poke|p2|Roserade, F
|poke|p2|Medicham, F
|poke|p2|Zapdos
|rule|Swagger Clause: Swagger is banned
|rule|Baton Pass Clause: Limit one PokÃ©mon knowing Baton Pass
|rule|Sleep Clause Mod: Limit one foe put to sleep
|rule|Species Clause: Limit one of each PokÃ©mon
|rule|OHKO Clause: OHKO moves are banned
|rule|Moody Clause: Moody is banned
|rule|Evasion Moves Clause: Evasion moves are banned
|rule|Endless Battle Clause: Forcing endless battles is banned
|rule|HP Percentage Mod: HP is shown in percentages
|teampreview
|
|start
|switch|p1a: Terrakion|Terrakion|324\/324
|switch|p2a: Imperii Roseo|Medicham, F|261\/261
|turn|1
|
|detailschange|p2a: Imperii Roseo|Medicham-Mega, F
|message|Medicham has Mega Evolved into Mega Medicham!
|move|p2a: Imperii Roseo|Fake Out|p1a: Terrakion
|-resisted|p1a: Terrakion
|-damage|p1a: Terrakion|277\/324
|cant|p1a: Terrakion|flinch
|
|turn|2
|
|move|p1a: Terrakion|Stealth Rock|p2a: Imperii Roseo
|-sidestart|p2: latino|move: Stealth Rock
|move|p2a: Imperii Roseo|Zen Headbutt|p1a: Terrakion
|-supereffective|p1a: Terrakion
|-damage|p1a: Terrakion|0 fnt
|faint|p1a: Terrakion
|
|
|switch|p1a: Talonflame|Talonflame, M|309\/309
|turn|3
|
|move|p1a: Talonflame|U-turn|p2a: Imperii Roseo
|-damage|p2a: Imperii Roseo|152\/261
|
|switch|p1a: Excadrill|Excadrill, M|362\/362
|-ability|p1a: Excadrill|Mold Breaker
|move|p2a: Imperii Roseo|High Jump Kick|p1a: Excadrill
|-supereffective|p1a: Excadrill
|-damage|p1a: Excadrill|0 fnt
|faint|p1a: Excadrill
|
|
|switch|p1a: Pinsir|Pinsir, M|271\/271
|turn|4
|
|switch|p1a: Greninja|Greninja, F|286\/286
|move|p2a: Imperii Roseo|Ice Punch|p1a: Greninja
|-crit|p1a: Greninja
|-resisted|p1a: Greninja
|-damage|p1a: Greninja|131\/286
|
|turn|5
|
|switch|p2a: Argentum Mantis|Scizor, F|292\/292
|-damage|p2a: Argentum Mantis|256\/292|[from] Stealth Rock
|move|p1a: Greninja|Hydro Pump|p2a: Argentum Mantis
|-start|p1a: Greninja|typechange|Water|[from] Protean
|-damage|p2a: Argentum Mantis|0 fnt
|-damage|p1a: Greninja|103\/286|[from] item: Life Orb
|faint|p2a: Argentum Mantis
|
|
|switch|p2a: Serpentem Mira|Milotic, M|394\/394
|-damage|p2a: Serpentem Mira|345\/394|[from] Stealth Rock
|turn|6
|
|switch|p1a: Raikou|Raikou|321\/321
|-ability|p1a: Raikou|Pressure
|move|p2a: Serpentem Mira|Recover|p2a: Serpentem Mira
|-heal|p2a: Serpentem Mira|394\/394
|
|turn|7
|
|move|p1a: Raikou|Hidden Power|p2a: Serpentem Mira
|-resisted|p2a: Serpentem Mira
|-damage|p2a: Serpentem Mira|355\/394
|move|p2a: Serpentem Mira|Recover|p2a: Serpentem Mira
|-heal|p2a: Serpentem Mira|394\/394
|
|turn|8
|
|switch|p1a: Pinsir|Pinsir, M|271\/271
|move|p2a: Serpentem Mira|Scald|p1a: Pinsir
|-damage|p1a: Pinsir|151\/271
|
|turn|9
|
|move|p1a: Pinsir|Swords Dance|p1a: Pinsir
|-boost|p1a: Pinsir|atk|2
|move|p2a: Serpentem Mira|Scald|p1a: Pinsir
|-damage|p1a: Pinsir|24\/271
|
|turn|10
|
|detailschange|p1a: Pinsir|Pinsir-Mega, M
|message|Pinsir has Mega Evolved into Mega Pinsir!
|move|p1a: Pinsir|Return|p2a: Serpentem Mira
|-damage|p2a: Serpentem Mira|0 fnt
|faint|p2a: Serpentem Mira
|
|
|switch|p2a: Imperii Roseo|Medicham-Mega, F|152\/261
|-damage|p2a: Imperii Roseo|136\/261|[from] Stealth Rock
|turn|11
|
|move|p2a: Imperii Roseo|Fake Out|p1a: Pinsir
|-crit|p1a: Pinsir
|-damage|p1a: Pinsir|0 fnt
|faint|p1a: Pinsir
|
|
|switch|p1a: Talonflame|Talonflame, M|309\/309
|turn|12
|
|switch|p1a: Greninja|Greninja, F|103\/286
|switch|p2a: Magna Tonitrua|Zapdos|383\/383
|-damage|p2a: Magna Tonitrua|288\/383|[from] Stealth Rock
|-ability|p2a: Magna Tonitrua|Pressure
|
|-heal|p2a: Magna Tonitrua|311\/383|[from] item: Leftovers
|turn|13
|
|switch|p2a: Venenum Scorpionem|Gliscor, M|352\/352
|-damage|p2a: Venenum Scorpionem|308\/352|[from] Stealth Rock
|move|p1a: Greninja|Ice Beam|p2a: Venenum Scorpionem
|-start|p1a: Greninja|typechange|Ice|[from] Protean
|-supereffective|p2a: Venenum Scorpionem
|-damage|p2a: Venenum Scorpionem|0 fnt
|-damage|p1a: Greninja|75\/286|[from] item: Life Orb
|faint|p2a: Venenum Scorpionem
|
|
|switch|p2a: Roserade|Roserade, F|324\/324
|-damage|p2a: Roserade|284\/324|[from] Stealth Rock
|turn|14
|
|move|p1a: Greninja|Extrasensory|p2a: Roserade
|-start|p1a: Greninja|typechange|Psychic|[from] Protean
|-supereffective|p2a: Roserade
|-damage|p2a: Roserade|0 fnt
|-damage|p1a: Greninja|47\/286|[from] item: Life Orb
|faint|p2a: Roserade
|
|
|switch|p2a: Imperii Roseo|Medicham-Mega, F|136\/261
|-damage|p2a: Imperii Roseo|120\/261|[from] Stealth Rock
|turn|15
|
|switch|p1a: Raikou|Raikou|321\/321
|-ability|p1a: Raikou|Pressure
|move|p2a: Imperii Roseo|Fake Out|p1a: Raikou
|-damage|p1a: Raikou|220\/321
|
|turn|16
|
|move|p1a: Raikou|Thunderbolt|p2a: Imperii Roseo
|-crit|p2a: Imperii Roseo
|-damage|p2a: Imperii Roseo|0 fnt
|faint|p2a: Imperii Roseo
|
|
|switch|p2a: Magna Tonitrua|Zapdos|311\/383
|-damage|p2a: Magna Tonitrua|216\/383|[from] Stealth Rock
|-ability|p2a: Magna Tonitrua|Pressure
|turn|17
|
|move|p1a: Raikou|Thunderbolt|p2a: Magna Tonitrua
|-crit|p2a: Magna Tonitrua
|-damage|p2a: Magna Tonitrua|0 fnt
|faint|p2a: Magna Tonitrua
|
|win|10HKO
|raw|Ladder updating...
|raw|10HKO's rating: 1614 &rarr; <strong>1634<\/strong><br \/>(+20 for winning)
|raw|latino's rating: 1601 &rarr; <strong>1582<\/strong><br \/>(-19 for losing)
|c|â10HKO|gg
|leave|latino
|player|p2