|join|ChiesFsteak
|join|Lord Qwilfish
|player|p1|ChiesFsteak|165
|player|p2|Lord Qwilfish|169
|gametype|singles
|gen|6
|tier|OU
|clearpoke
|poke|p1|Alakazam, M
|poke|p1|Terrakion, shiny
|poke|p1|Gengar, F
|poke|p1|Tornadus-Therian, M
|poke|p1|Bisharp, M
|poke|p1|Latias, F
|poke|p2|Politoed, M
|poke|p2|Swampert, F
|poke|p2|Kingdra, F
|poke|p2|Ferrothorn, F
|poke|p2|Latias, F
|poke|p2|Gothitelle, F
|rule|Swagger Clause: Swagger is banned
|rule|Baton Pass Clause: Limit one PokÃ©mon knowing Baton Pass
|rule|Sleep Clause Mod: Limit one foe put to sleep
|rule|Species Clause: Limit one of each PokÃ©mon
|rule|OHKO Clause: OHKO moves are banned
|rule|Moody Clause: Moody is banned
|rule|Evasion Moves Clause: Evasion moves are banned
|rule|Endless Battle Clause: Forcing endless battles is banned
|rule|HP Percentage Mod: HP is shown in percentages
|teampreview
|join|LMay
|leave|LMay
|
|start
|switch|p1a: Tornadus-Therian|Tornadus-Therian, M|332\/332
|switch|p2a: Ferrothorn|Ferrothorn, F|352\/352
|turn|1
|
|move|p2a: Ferrothorn|Protect|p2a: Ferrothorn
|-singleturn|p2a: Ferrothorn|Protect
|move|p1a: Tornadus-Therian|Focus Blast|p2a: Ferrothorn
|-activate|p2a: Ferrothorn|Protect
|
|turn|2
|
|move|p1a: Tornadus-Therian|Focus Blast|p2a: Ferrothorn
|-supereffective|p2a: Ferrothorn
|-damage|p2a: Ferrothorn|172\/352
|move|p2a: Ferrothorn|Leech Seed|p1a: Tornadus-Therian
|-start|p1a: Tornadus-Therian|move: Leech Seed
|
|-heal|p2a: Ferrothorn|194\/352|[from] item: Leftovers
|-damage|p1a: Tornadus-Therian|291\/332|[from] Leech Seed|[of] p2a: Ferrothorn
|-heal|p2a: Ferrothorn|235\/352|[silent]
|turn|3
|
|switch|p1a: Bisharp|Bisharp, M|271\/271
|move|p2a: Ferrothorn|Leech Seed|p1a: Bisharp
|-start|p1a: Bisharp|move: Leech Seed
|
|-heal|p2a: Ferrothorn|257\/352|[from] item: Leftovers
|-damage|p1a: Bisharp|238\/271|[from] Leech Seed|[of] p2a: Ferrothorn
|-heal|p2a: Ferrothorn|290\/352|[silent]
|turn|4
|
|move|p1a: Bisharp|Swords Dance|p1a: Bisharp
|-boost|p1a: Bisharp|atk|2
|move|p2a: Ferrothorn|Stealth Rock|p1a: Bisharp
|-sidestart|p1: ChiesFsteak|move: Stealth Rock
|
|-heal|p2a: Ferrothorn|312\/352|[from] item: Leftovers
|-damage|p1a: Bisharp|205\/271|[from] Leech Seed|[of] p2a: Ferrothorn
|-heal|p2a: Ferrothorn|345\/352|[silent]
|turn|5
|
|move|p1a: Bisharp|Knock Off|p2a: Ferrothorn
|-damage|p2a: Ferrothorn|30\/352
|-damage|p1a: Bisharp|172\/271|[from] ability: Iron Barbs|[of] p2a: Ferrothorn
|-enditem|p2a: Ferrothorn|Leftovers|[from] move: Knock Off|[of] p1a: Bisharp
|move|p2a: Ferrothorn|Gyro Ball|p1a: Bisharp
|-resisted|p1a: Bisharp
|-damage|p1a: Bisharp|91\/271
|
|-damage|p1a: Bisharp|58\/271|[from] Leech Seed|[of] p2a: Ferrothorn
|-heal|p2a: Ferrothorn|63\/352|[silent]
|turn|6
|
|move|p2a: Ferrothorn|Protect|p2a: Ferrothorn
|-singleturn|p2a: Ferrothorn|Protect
|move|p1a: Bisharp|Knock Off|p2a: Ferrothorn
|-activate|p2a: Ferrothorn|Protect
|
|-damage|p1a: Bisharp|25\/271|[from] Leech Seed|[of] p2a: Ferrothorn
|-heal|p2a: Ferrothorn|96\/352|[silent]
|turn|7
|
|move|p2a: Ferrothorn|Protect|p2a: Ferrothorn
|-fail|p2a: Ferrothorn
|move|p1a: Bisharp|Knock Off|p2a: Ferrothorn
|-damage|p2a: Ferrothorn|0 fnt
|-damage|p1a: Bisharp|0 fnt|[from] ability: Iron Barbs|[of] p2a: Ferrothorn
|faint|p1a: Bisharp
|faint|p2a: Ferrothorn
|
|
|switch|p1a: Latias|Latias, F|319\/319
|switch|p2a: Politoed|Politoed, M|383\/383
|-damage|p1a: Latias|280\/319|[from] Stealth Rock
|-weather|RainDance
|turn|8
|
|move|p1a: Latias|Defog|p2a: Politoed
|-unboost|p2a: Politoed|evasion|1
|-sideend|p1: ChiesFsteak|Stealth Rock|[from] move: Defog|[of] p1a: Latias
|move|p2a: Politoed|Encore|p1a: Latias
|-start|p1a: Latias|Encore
|
|-weather|RainDance|[upkeep]
|turn|9
|
|switch|p1a: Tornadus-Therian|Tornadus-Therian, M|332\/332
|switch|p2a: Swampert|Swampert, F|341\/341
|
|-weather|RainDance|[upkeep]
|turn|10
|
|detailschange|p2a: Swampert|Swampert-Mega, F
|message|Swampert has Mega Evolved into Mega Swampert!
|move|p1a: Tornadus-Therian|Hurricane|p2a: Swampert
|-damage|p2a: Swampert|194\/341
|move|p2a: Swampert|Waterfall|p1a: Tornadus-Therian
|-crit|p1a: Tornadus-Therian
|-damage|p1a: Tornadus-Therian|0 fnt
|faint|p1a: Tornadus-Therian
|
|-weather|RainDance|[upkeep]
|join|dapandanerd
|join|darkcurrypowder
|
|switch|p1a: Terrakion|Terrakion, shiny|323\/323
|turn|11
|join|WhoTookMyBagel
|
|switch|p2a: Gothitelle|Gothitelle, F|301\/301
|move|p1a: Terrakion|Close Combat|p2a: Gothitelle
|-resisted|p2a: Gothitelle
|-damage|p2a: Gothitelle|181\/301
|-unboost|p1a: Terrakion|def|1
|-unboost|p1a: Terrakion|spd|1
|
|-weather|RainDance|[upkeep]
|turn|12
|
|move|p1a: Terrakion|Stealth Rock|p2a: Gothitelle
|-sidestart|p2: Lord Qwilfish|move: Stealth Rock
|move|p2a: Gothitelle|Psychic|p1a: Terrakion
|-supereffective|p1a: Terrakion
|-enditem|p1a: Terrakion|Focus Sash
|-damage|p1a: Terrakion|1\/323
|
|-weather|RainDance|[upkeep]
|turn|13
|
|move|p1a: Terrakion|Stone Edge|p2a: Gothitelle|[miss]
|-miss|p1a: Terrakion|p2a: Gothitelle
|move|p2a: Gothitelle|Psychic|p1a: Terrakion
|-supereffective|p1a: Terrakion
|-damage|p1a: Terrakion|0 fnt
|faint|p1a: Terrakion
|
|-weather|RainDance|[upkeep]
|
|switch|p1a: Alakazam|Alakazam, M|259\/259
|turn|14
|
|detailschange|p1a: Alakazam|Alakazam-Mega, M
|message|Alakazam has Mega Evolved into Mega Alakazam!
|-ability|p1a: Alakazam|Shadow Tag|[from] ability: Trace|[of] p2a: Gothitelle
|move|p2a: Gothitelle|Psychic|p1a: Alakazam
|-resisted|p1a: Alakazam
|-damage|p1a: Alakazam|191\/259
|move|p1a: Alakazam|Substitute|p1a: Alakazam
|-start|p1a: Alakazam|Substitute
|-damage|p1a: Alakazam|127\/259
|
|-weather|RainDance|[upkeep]
|turn|15
|leave|dapandanerd
|
|move|p1a: Alakazam|Shadow Ball|p2a: Gothitelle
|-supereffective|p2a: Gothitelle
|-damage|p2a: Gothitelle|0 fnt
|faint|p2a: Gothitelle
|
|-weather|none
|
|switch|p2a: Latias|Latias, F|319\/319
|-damage|p2a: Latias|280\/319|[from] Stealth Rock
|turn|16
|
|move|p1a: Alakazam|Shadow Ball|p2a: Latias
|-supereffective|p2a: Latias
|-damage|p2a: Latias|66\/319
|move|p2a: Latias|Draco Meteor|p1a: Alakazam
|-end|p1a: Alakazam|Substitute
|-unboost|p2a: Latias|spa|2
|-damage|p2a: Latias|35\/319|[from] item: Life Orb
|
|turn|17
|
|move|p1a: Alakazam|Substitute|p1a: Alakazam
|-start|p1a: Alakazam|Substitute
|-damage|p1a: Alakazam|63\/259
|move|p2a: Latias|Draco Meteor|p1a: Alakazam
|-end|p1a: Alakazam|Substitute
|-unboost|p2a: Latias|spa|2
|-damage|p2a: Latias|4\/319|[from] item: Life Orb
|
|turn|18
|
|move|p1a: Alakazam|Shadow Ball|p2a: Latias
|-supereffective|p2a: Latias
|-damage|p2a: Latias|0 fnt
|faint|p2a: Latias
|
|
|switch|p2a: Politoed|Politoed, M|383\/383
|-damage|p2a: Politoed|336\/383|[from] Stealth Rock
|-weather|RainDance
|turn|19
|join|Jukain
|
|move|p1a: Alakazam|Psychic|p2a: Politoed
|-damage|p2a: Politoed|108\/383
|move|p2a: Politoed|Scald|p1a: Alakazam
|-crit|p1a: Alakazam
|-damage|p1a: Alakazam|0 fnt
|faint|p1a: Alakazam
|
|-weather|RainDance|[upkeep]
|
|switch|p1a: Latias|Latias, F|280\/319
|turn|20
|
|move|p1a: Latias|Psyshock|p2a: Politoed
|-damage|p2a: Politoed|0 fnt
|-damage|p1a: Latias|249\/319|[from] item: Life Orb
|faint|p2a: Politoed
|
|-weather|RainDance|[upkeep]
|join|swagger on deck
|join|tst_100
|
|switch|p2a: Kingdra|Kingdra, F|291\/291
|-damage|p2a: Kingdra|255\/291|[from] Stealth Rock
|turn|21
|
|move|p2a: Kingdra|Ice Beam|p1a: Latias
|-crit|p1a: Latias
|-supereffective|p1a: Latias
|-damage|p1a: Latias|0 fnt
|faint|p1a: Latias
|
|-weather|RainDance|[upkeep]
|
|switch|p1a: Gengar|Gengar, F|261\/261
|turn|22
|
|move|p2a: Kingdra|Ice Beam|p1a: Gengar
|-damage|p1a: Gengar|89\/261
|move|p1a: Gengar|Sludge Wave|p2a: Kingdra
|-damage|p2a: Kingdra|13\/291
|-damage|p1a: Gengar|63\/261|[from] item: Life Orb
|
|-weather|RainDance|[upkeep]
|turn|23
|join|thomas9779
|c|âLord Qwilfish|g_g
|c| thomas9779|oh dang
|
|move|p2a: Kingdra|Ice Beam|p1a: Gengar
|-damage|p1a: Gengar|0 fnt
|faint|p1a: Gengar
|
|win|Lord Qwilfish
|c|âChiesFsteak|wow gg