|join|PichiStyle
|join|Lord Qwilfish
|player|p1|PichiStyle|163
|player|p2|Lord Qwilfish|1
|gametype|singles
|gen|6
|tier|OU
|rated
|clearpoke
|poke|p1|Excadrill, F
|poke|p1|Latios, M
|poke|p1|Mew
|poke|p1|Weavile, F
|poke|p1|Hawlucha, M
|poke|p1|Manectric, M
|poke|p2|Crawdaunt, M
|poke|p2|Gardevoir, M
|poke|p2|Thundurus, M
|poke|p2|Garchomp, F
|poke|p2|Heatran, F
|poke|p2|Latios, M
|rule|Swagger Clause: Swagger is banned
|rule|Baton Pass Clause: Limit one PokÃ©mon knowing Baton Pass
|rule|Sleep Clause Mod: Limit one foe put to sleep
|rule|Species Clause: Limit one of each PokÃ©mon
|rule|OHKO Clause: OHKO moves are banned
|rule|Moody Clause: Moody is banned
|rule|Evasion Moves Clause: Evasion moves are banned
|rule|Endless Battle Clause: Forcing endless battles is banned
|rule|HP Percentage Mod: HP is shown in percentages
|teampreview
|c|âLord Qwilfish|lel
|c|âPichiStyle|jajaja
|
|start
|switch|p1a: Breas|Weavile, F|281\/281
|switch|p2a: Garchomp|Garchomp, F|357\/357
|-ability|p1a: Breas|Pressure
|turn|1
|
|move|p1a: Breas|Ice Shard|p2a: Garchomp
|-supereffective|p2a: Garchomp
|-enditem|p2a: Garchomp|Yache Berry|[eat]
|-damage|p2a: Garchomp|178\/357
|-damage|p1a: Breas|253\/281|[from] item: Life Orb
|move|p2a: Garchomp|Stealth Rock|p1a: Breas
|-sidestart|p1: PichiStyle|move: Stealth Rock
|
|turn|2
|
|switch|p2a: Crawdaunt|Crawdaunt, M|267\/267
|move|p1a: Breas|Ice Shard|p2a: Crawdaunt
|-resisted|p2a: Crawdaunt
|-damage|p2a: Crawdaunt|216\/267
|-damage|p1a: Breas|225\/281|[from] item: Life Orb
|
|turn|3
|
|switch|p1a: Shinrei|Mew|403\/403
|-damage|p1a: Shinrei|353\/403|[from] Stealth Rock
|move|p2a: Crawdaunt|Knock Off|p1a: Shinrei
|-supereffective|p1a: Shinrei
|-damage|p1a: Shinrei|0 fnt
|-enditem|p1a: Shinrei|Leftovers|[from] move: Knock Off|[of] p2a: Crawdaunt
|faint|p1a: Shinrei
|
|
|switch|p1a: Hayaku|Manectric, M|287\/287
|-damage|p1a: Hayaku|252\/287|[from] Stealth Rock
|turn|4
|
|switch|p2a: Garchomp|Garchomp, F|178\/357
|detailschange|p1a: Hayaku|Manectric-Mega, M
|message|Manectric has Mega Evolved into Mega Manectric!
|-ability|p1a: Hayaku|Intimidate|[of] p2a: Garchomp
|-unboost|p2a: Garchomp|atk|1
|move|p1a: Hayaku|Volt Switch|p2a: Garchomp
|-immune|p2a: Garchomp|[msg]
|
|turn|5
|
|move|p1a: Hayaku|Hidden Power|p2a: Garchomp
|-supereffective|p2a: Garchomp
|-damage|p2a: Garchomp|0 fnt
|faint|p2a: Garchomp
|
|
|switch|p2a: Latios|Latios, M|301\/301
|turn|6
|
|move|p1a: Hayaku|Volt Switch|p2a: Latios
|-resisted|p2a: Latios
|-damage|p2a: Latios|238\/301
|
|switch|p1a: Lacasitos|Latios, M|321\/321
|-damage|p1a: Lacasitos|281\/321|[from] Stealth Rock
|move|p2a: Latios|Draco Meteor|p1a: Lacasitos|[miss]
|-miss|p2a: Latios|p1a: Lacasitos
|
|turn|7
|c|âPichiStyle|sorry :\/
|
|move|p1a: Lacasitos|Surf|p2a: Latios
|-resisted|p2a: Latios
|-damage|p2a: Latios|193\/301
|move|p2a: Latios|Draco Meteor|p1a: Lacasitos
|-supereffective|p1a: Lacasitos
|-damage|p1a: Lacasitos|0 fnt
|-unboost|p2a: Latios|spa|2
|-damage|p2a: Latios|163\/301|[from] item: Life Orb
|faint|p1a: Lacasitos
|
|
|switch|p1a: Breas|Weavile, F|225\/281
|-damage|p1a: Breas|155\/281|[from] Stealth Rock
|-ability|p1a: Breas|Pressure
|turn|8
|
|move|p1a: Breas|Knock Off|p2a: Latios
|-supereffective|p2a: Latios
|-damage|p2a: Latios|0 fnt
|-enditem|p2a: Latios|Life Orb|[from] move: Knock Off|[of] p1a: Breas
|-damage|p1a: Breas|127\/281|[from] item: Life Orb
|faint|p2a: Latios
|
|
|switch|p2a: Heatran|Heatran, F|323\/323
|turn|9
|
|move|p2a: Heatran|Flamethrower|p1a: Breas
|-supereffective|p1a: Breas
|-damage|p1a: Breas|0 fnt
|faint|p1a: Breas
|
|c|âPichiStyle|choice scarf lol
|
|switch|p1a: TerraForza|Excadrill, F|391\/391
|-damage|p1a: TerraForza|379\/391|[from] Stealth Rock
|-ability|p1a: TerraForza|Mold Breaker
|turn|10
|
|move|p2a: Heatran|Flamethrower|p1a: TerraForza
|-supereffective|p1a: TerraForza
|-damage|p1a: TerraForza|131\/391
|move|p1a: TerraForza|Earthquake|p2a: Heatran
|-supereffective|p2a: Heatran
|-damage|p2a: Heatran|0 fnt
|faint|p2a: Heatran
|
|
|switch|p2a: Crawdaunt|Crawdaunt, M|216\/267
|turn|11
|
|move|p2a: Crawdaunt|Aqua Jet|p1a: TerraForza
|-supereffective|p1a: TerraForza
|-damage|p1a: TerraForza|0 fnt
|faint|p1a: TerraForza
|
|c|âLord Qwilfish|!calc
|raw|<div class="infobox">Pokemon Showdown! damage calculator. (Courtesy of Honko)<br \/>- <a href="https:\/\/pokemonshowdown.com\/damagecalc\/">Damage Calculator<\/a><\/div>
|
|switch|p1a: Hayaku|Manectric-Mega, M|252\/287
|-damage|p1a: Hayaku|217\/287|[from] Stealth Rock
|-ability|p1a: Hayaku|Intimidate|[of] p2a: Crawdaunt
|-unboost|p2a: Crawdaunt|atk|1
|turn|12
|
|switch|p2a: Gardevoir|Gardevoir, M|277\/277
|move|p1a: Hayaku|Thunderbolt|p2a: Gardevoir
|-damage|p2a: Gardevoir|135\/277
|
|turn|13
|
|detailschange|p2a: Gardevoir|Gardevoir-Mega, M
|message|Gardevoir has Mega Evolved into Mega Gardevoir!
|move|p1a: Hayaku|Thunderbolt|p2a: Gardevoir
|-damage|p2a: Gardevoir|0 fnt
|faint|p2a: Gardevoir
|
|
|switch|p2a: Thundurus|Thundurus, M|299\/299
|turn|14
|
|move|p1a: Hayaku|Thunderbolt|p2a: Thundurus
|-damage|p2a: Thundurus|107\/299
|move|p2a: Thundurus|Hidden Power|p1a: Hayaku
|-damage|p1a: Hayaku|109\/287
|-damage|p2a: Thundurus|78\/299|[from] item: Life Orb
|
|turn|15
|c|âLord Qwilfish|wat
|
|move|p1a: Hayaku|Thunderbolt|p2a: Thundurus
|-damage|p2a: Thundurus|0 fnt
|faint|p2a: Thundurus
|
|
|switch|p2a: Crawdaunt|Crawdaunt, M|216\/267
|turn|16
|
|move|p2a: Crawdaunt|Aqua Jet|p1a: Hayaku
|-damage|p1a: Hayaku|0 fnt
|faint|p1a: Hayaku
|
|
|switch|p1a: Mexitacos|Hawlucha, M|299\/299
|-damage|p1a: Mexitacos|262\/299|[from] Stealth Rock
|turn|17
|
|move|p2a: Crawdaunt|Aqua Jet|p1a: Mexitacos
|-damage|p1a: Mexitacos|68\/299
|move|p1a: Mexitacos|Sky Attack|p2a: Crawdaunt|[still]
|-prepare|p1a: Mexitacos|Sky Attack|p2a: Crawdaunt
|-enditem|p1a: Mexitacos|Power Herb
|-anim|p1a: Mexitacos|Sky Attack|p2a: Crawdaunt
|-damage|p2a: Crawdaunt|0 fnt
|faint|p2a: Crawdaunt
|
|win|PichiStyle
|raw|Ladder updating...
|raw|PichiStyle's rating: 1601 &rarr; <strong>1620<\/strong><br \/>(+19 for winning)
|raw|Lord Qwilfish's rating: 1580 &rarr; <strong>1561<\/strong><br \/>(-19 for losing)
|c|âPichiStyle|gg
|leave|Lord Qwilfish
|player|p2