|join|Nelson
|join|Lord Qwilfish
|player|p1|Nelson|82
|player|p2|Lord Qwilfish|1
|gametype|singles
|gen|6
|tier|OU
|clearpoke
|poke|p1|Conkeldurr, F
|poke|p1|Azumarill, F
|poke|p1|Magnezone
|poke|p1|Pinsir, F
|poke|p1|Empoleon, F
|poke|p1|Landorus-Therian, M
|poke|p2|Hawlucha, M
|poke|p2|Victini
|poke|p2|Manectric, F
|poke|p2|Mamoswine, M
|poke|p2|Latias, F
|poke|p2|Keldeo
|rule|Swagger Clause: Swagger is banned
|rule|Baton Pass Clause: Limit one PokÃ©mon knowing Baton Pass
|rule|Sleep Clause Mod: Limit one foe put to sleep
|rule|Species Clause: Limit one of each PokÃ©mon
|rule|OHKO Clause: OHKO moves are banned
|rule|Moody Clause: Moody is banned
|rule|Evasion Moves Clause: Evasion moves are banned
|rule|Endless Battle Clause: Forcing endless battles is banned
|rule|HP Percentage Mod: HP is shown in percentages
|teampreview
|join|Vinc2612
|join|JaaJToad
|
|start
|switch|p1a: Conkeldurr|Conkeldurr, F|351\/351
|switch|p2a: Manectric|Manectric, F|281\/281
|turn|1
|
|detailschange|p2a: Manectric|Manectric-Mega, F
|message|Manectric has Mega Evolved into Mega Manectric!
|-ability|p2a: Manectric|Intimidate|[of] p1a: Conkeldurr
|-unboost|p1a: Conkeldurr|atk|1
|move|p2a: Manectric|Volt Switch|p1a: Conkeldurr
|-damage|p1a: Conkeldurr|258\/351
|
|switch|p2a: Hawlucha|Hawlucha, M|297\/297
|move|p1a: Conkeldurr|Drain Punch|p2a: Hawlucha
|-resisted|p2a: Hawlucha
|-damage|p2a: Hawlucha|230\/297
|-heal|p1a: Conkeldurr|292\/351|[from] drain|[of] p2a: Hawlucha
|
|turn|2
|join|Xiion
|
|switch|p2a: Manectric|Manectric-Mega, F|281\/281
|-ability|p2a: Manectric|Intimidate|[of] p1a: Conkeldurr
|-unboost|p1a: Conkeldurr|atk|1
|switch|p1a: Landorus-Therian|Landorus-Therian, M|325\/325
|-ability|p1a: Landorus-Therian|Intimidate|[of] p2a: Manectric
|-unboost|p2a: Manectric|atk|1
|
|turn|3
|
|switch|p2a: Mamoswine|Mamoswine, M|361\/361
|move|p1a: Landorus-Therian|Earthquake|p2a: Mamoswine
|-damage|p2a: Mamoswine|142\/361
|
|turn|4
|
|move|p1a: Landorus-Therian|Earthquake|p2a: Mamoswine
|-damage|p2a: Mamoswine|0 fnt
|faint|p2a: Mamoswine
|
|
|switch|p2a: Hawlucha|Hawlucha, M|230\/297
|turn|5
|
|switch|p1a: Magnezone|Magnezone|281\/281
|switch|p2a: Manectric|Manectric-Mega, F|281\/281
|-ability|p2a: Manectric|Intimidate|[of] p1a: Magnezone
|-unboost|p1a: Magnezone|atk|1
|
|turn|6
|
|move|p2a: Manectric|Thunderbolt|p1a: Magnezone
|-resisted|p1a: Magnezone
|-damage|p1a: Magnezone|189\/281
|move|p1a: Magnezone|Volt Switch|p2a: Manectric
|-resisted|p2a: Manectric
|-damage|p2a: Manectric|205\/281
|
|switch|p1a: Conkeldurr|Conkeldurr, F|292\/351
|
|turn|7
|
|switch|p1a: Landorus-Therian|Landorus-Therian, M|325\/325
|-ability|p1a: Landorus-Therian|Intimidate|[of] p2a: Manectric
|-unboost|p2a: Manectric|atk|1
|move|p2a: Manectric|Thunderbolt|p1a: Landorus-Therian
|-immune|p1a: Landorus-Therian|[msg]
|
|turn|8
|
|switch|p2a: Keldeo|Keldeo|323\/323
|move|p1a: Landorus-Therian|U-turn|p2a: Keldeo
|-resisted|p2a: Keldeo
|-damage|p2a: Keldeo|270\/323
|
|switch|p1a: Magnezone|Magnezone|189\/281
|
|turn|9
|
|switch|p2a: Manectric|Manectric-Mega, F|205\/281
|-ability|p2a: Manectric|Intimidate|[of] p1a: Magnezone
|-unboost|p1a: Magnezone|atk|1
|move|p1a: Magnezone|Volt Switch|p2a: Manectric
|-resisted|p2a: Manectric
|-damage|p2a: Manectric|136\/281
|
|switch|p1a: Landorus-Therian|Landorus-Therian, M|325\/325
|-ability|p1a: Landorus-Therian|Intimidate|[of] p2a: Manectric
|-unboost|p2a: Manectric|atk|1
|
|turn|10
|
|move|p1a: Landorus-Therian|Earthquake|p2a: Manectric
|-supereffective|p2a: Manectric
|-damage|p2a: Manectric|0 fnt
|faint|p2a: Manectric
|
|
|switch|p2a: Hawlucha|Hawlucha, M|230\/297
|turn|11
|
|switch|p1a: Magnezone|Magnezone|189\/281
|move|p2a: Hawlucha|Substitute|p2a: Hawlucha
|-start|p2a: Hawlucha|Substitute
|-damage|p2a: Hawlucha|156\/297
|
|turn|12
|join|RaiVolt
|
|move|p2a: Hawlucha|Swords Dance|p2a: Hawlucha
|-boost|p2a: Hawlucha|atk|2
|move|p1a: Magnezone|Volt Switch|p2a: Hawlucha
|-supereffective|p2a: Hawlucha
|-end|p2a: Hawlucha|Substitute
|
|switch|p1a: Azumarill|Azumarill, F|363\/363
|
|turn|13
|
|move|p1a: Azumarill|Aqua Jet|p2a: Hawlucha
|-damage|p2a: Hawlucha|0 fnt
|faint|p2a: Hawlucha
|
|
|switch|p2a: Keldeo|Keldeo|270\/323
|turn|14
|
|switch|p1a: Landorus-Therian|Landorus-Therian, M|325\/325
|-ability|p1a: Landorus-Therian|Intimidate|[of] p2a: Keldeo
|-unboost|p2a: Keldeo|atk|1
|move|p2a: Keldeo|Scald|p1a: Landorus-Therian
|-supereffective|p1a: Landorus-Therian
|-damage|p1a: Landorus-Therian|0 fnt
|-damage|p2a: Keldeo|238\/323|[from] item: Life Orb
|faint|p1a: Landorus-Therian
|
|
|switch|p1a: Azumarill|Azumarill, F|363\/363
|turn|15
|
|switch|p2a: Victini|Victini|341\/341
|move|p1a: Azumarill|Play Rough|p2a: Victini
|-resisted|p2a: Victini
|-damage|p2a: Victini|196\/341
|-unboost|p2a: Victini|atk|1
|
|turn|16
|
|switch|p1a: Empoleon|Empoleon, F|372\/372
|move|p2a: Victini|Fusion Bolt|p1a: Empoleon
|-supereffective|p1a: Empoleon
|-damage|p1a: Empoleon|256\/372
|
|-heal|p1a: Empoleon|279\/372|[from] item: Leftovers
|turn|17
|
|switch|p2a: Keldeo|Keldeo|238\/323
|move|p1a: Empoleon|Stealth Rock|p2a: Keldeo
|-sidestart|p2: Lord Qwilfish|move: Stealth Rock
|
|-heal|p1a: Empoleon|302\/372|[from] item: Leftovers
|turn|18
|leave|RaiVolt
|
|switch|p1a: Azumarill|Azumarill, F|363\/363
|move|p2a: Keldeo|Secret Sword|p1a: Azumarill
|-resisted|p1a: Azumarill
|-damage|p1a: Azumarill|243\/363
|-damage|p2a: Keldeo|206\/323|[from] item: Life Orb
|
|turn|19
|
|move|p2a: Keldeo|Scald|p1a: Azumarill
|-resisted|p1a: Azumarill
|-damage|p1a: Azumarill|142\/363
|-damage|p2a: Keldeo|174\/323|[from] item: Life Orb
|move|p1a: Azumarill|Play Rough|p2a: Keldeo
|-supereffective|p2a: Keldeo
|-damage|p2a: Keldeo|0 fnt
|faint|p2a: Keldeo
|
|
|switch|p2a: Victini|Victini|196\/341
|-damage|p2a: Victini|111\/341|[from] Stealth Rock
|turn|20
|leave|Lord Qwilfish
|player|p2
|join|mentali 31
|join|Lord Qwilfish
|player|p2|Lord Qwilfish|1
|c|âLord Qwilfish|ops
|
|move|p2a: Victini|V-create|p1a: Azumarill
|-resisted|p1a: Azumarill
|-damage|p1a: Azumarill|0 fnt
|-unboost|p2a: Victini|def|1
|-unboost|p2a: Victini|spd|1
|-unboost|p2a: Victini|spe|1
|faint|p1a: Azumarill
|
|join|ExoTicP0Mm3
|
|switch|p1a: Pinsir|Pinsir, F|271\/271
|turn|21
|
|detailschange|p1a: Pinsir|Pinsir-Mega, F
|message|Pinsir has Mega Evolved into Mega Pinsir!
|move|p2a: Victini|V-create|p1a: Pinsir
|-supereffective|p1a: Pinsir
|-damage|p1a: Pinsir|0 fnt
|-unboost|p2a: Victini|def|1
|-unboost|p2a: Victini|spd|1
|-unboost|p2a: Victini|spe|1
|faint|p1a: Pinsir
|
|c|âNelson|ah
|c|âNelson|always forgot he takes normal pinsir speed
|c|âNelson|im dumb
|
|switch|p1a: Conkeldurr|Conkeldurr, F|292\/351
|turn|22
|
|move|p2a: Victini|V-create|p1a: Conkeldurr
|-crit|p1a: Conkeldurr
|-damage|p1a: Conkeldurr|0 fnt
|-unboost|p2a: Victini|def|1
|-unboost|p2a: Victini|spd|1
|-unboost|p2a: Victini|spe|1
|faint|p1a: Conkeldurr
|
|c|âNelson|ok
|c| JaaJToad|lol
|c| mentali 31|ok
|c|âLord Qwilfish|lel
|
|switch|p1a: Magnezone|Magnezone|189\/281
|turn|23
|
|switch|p2a: Latias|Latias, F|311\/311
|-damage|p2a: Latias|273\/311|[from] Stealth Rock
|move|p1a: Magnezone|Flash Cannon|p2a: Latias
|-damage|p2a: Latias|162\/311
|
|-heal|p2a: Latias|181\/311|[from] item: Leftovers
|turn|24
|c| JaaJToad|bah ton choke sur pinsir :\/
|
|move|p1a: Magnezone|Flash Cannon|p2a: Latias
|-damage|p2a: Latias|63\/311
|move|p2a: Latias|Healing Wish|p2a: Latias
|faint|p2a: Latias
|
|
|switch|p2a: Victini|Victini|111\/341
|-heal|p2a: Victini|341\/341|[from] move: Healing Wish
|-damage|p2a: Victini|256\/341|[from] Stealth Rock
|turn|25
|
|move|p2a: Victini|V-create|p1a: Magnezone
|-supereffective|p1a: Magnezone
|-damage|p1a: Magnezone|0 fnt
|-unboost|p2a: Victini|def|1
|-unboost|p2a: Victini|spd|1
|-unboost|p2a: Victini|spe|1
|faint|p1a: Magnezone
|
|
|switch|p1a: Empoleon|Empoleon, F|302\/372
|turn|26
|
|move|p2a: Victini|V-create|p1a: Empoleon
|-crit|p1a: Empoleon
|-damage|p1a: Empoleon|0 fnt
|-unboost|p2a: Victini|def|1
|-unboost|p2a: Victini|spd|1
|-unboost|p2a: Victini|spe|1
|faint|p1a: Empoleon
|
|win|Lord Qwilfish
|c|âNelson|lol
|c|âLord Qwilfish|lol
|c|âLord Qwilfish|lolol
|c|âNelson|ce vol