|join|KeepoKappaKeepo
|join|Lord Qwilfish
|player|p1|KeepoKappaKeepo|293
|player|p2|Lord Qwilfish|169
|gametype|singles
|gen|6
|tier|OU
|rated
|clearpoke
|poke|p1|Alomomola, F
|poke|p1|Manectric, F
|poke|p1|Heatran, M
|poke|p1|Tornadus-Therian, M
|poke|p1|Chesnaught, F
|poke|p1|Landorus-Therian, M
|poke|p2|Diggersby, M
|poke|p2|Manaphy
|poke|p2|Ferrothorn, F
|poke|p2|Latios, M
|poke|p2|Charizard, M
|poke|p2|Raikou
|rule|Swagger Clause: Swagger is banned
|rule|Baton Pass Clause: Limit one PokÃ©mon knowing Baton Pass
|rule|Sleep Clause Mod: Limit one foe put to sleep
|rule|Species Clause: Limit one of each PokÃ©mon
|rule|OHKO Clause: OHKO moves are banned
|rule|Moody Clause: Moody is banned
|rule|Evasion Moves Clause: Evasion moves are banned
|rule|Endless Battle Clause: Forcing endless battles is banned
|rule|HP Percentage Mod: HP is shown in percentages
|teampreview
|
|start
|switch|p1a: Landorus-Therian|Landorus-Therian, M|320\/320
|switch|p2a: Latios|Latios, M|301\/301
|-ability|p1a: Landorus-Therian|Intimidate|[of] p2a: Latios
|-unboost|p2a: Latios|atk|1
|turn|1
|
|switch|p2a: Ferrothorn|Ferrothorn, F|352\/352
|move|p1a: Landorus-Therian|U-turn|p2a: Ferrothorn
|-damage|p2a: Ferrothorn|291\/352
|-damage|p1a: Landorus-Therian|280\/320|[from] ability: Iron Barbs|[of] p2a: Ferrothorn
|
|switch|p1a: Heatran|Heatran, M|386\/386
|
|-heal|p2a: Ferrothorn|313\/352|[from] item: Leftovers
|turn|2
|
|switch|p2a: Manaphy|Manaphy|401\/401
|move|p1a: Heatran|Lava Plume|p2a: Manaphy
|-resisted|p2a: Manaphy
|-damage|p2a: Manaphy|344\/401
|
|-heal|p2a: Manaphy|369\/401|[from] item: Leftovers
|turn|3
|
|switch|p2a: Diggersby|Diggersby, M|311\/311
|move|p1a: Heatran|Stealth Rock|p2a: Diggersby
|-sidestart|p2: Lord Qwilfish|move: Stealth Rock
|
|turn|4
|
|switch|p1a: Alomomola|Alomomola, F|534\/534
|move|p2a: Diggersby|U-turn|p1a: Alomomola
|-damage|p1a: Alomomola|437\/534
|
|switch|p2a: Manaphy|Manaphy|369\/401
|-damage|p2a: Manaphy|319\/401|[from] Stealth Rock
|
|-heal|p2a: Manaphy|344\/401|[from] item: Leftovers
|-heal|p1a: Alomomola|470\/534|[from] item: Leftovers
|turn|5
|
|move|p2a: Manaphy|Calm Mind|p2a: Manaphy
|-boost|p2a: Manaphy|spa|1
|-boost|p2a: Manaphy|spd|1
|move|p1a: Alomomola|Toxic|p2a: Manaphy|[miss]
|-miss|p1a: Alomomola|p2a: Manaphy
|
|-heal|p2a: Manaphy|369\/401|[from] item: Leftovers
|-heal|p1a: Alomomola|503\/534|[from] item: Leftovers
|turn|6
|
|move|p2a: Manaphy|Calm Mind|p2a: Manaphy
|-boost|p2a: Manaphy|spa|1
|-boost|p2a: Manaphy|spd|1
|move|p1a: Alomomola|Toxic|p2a: Manaphy
|-status|p2a: Manaphy|tox
|
|-heal|p2a: Manaphy|394\/401 tox|[from] item: Leftovers
|-heal|p1a: Alomomola|534\/534|[from] item: Leftovers
|-damage|p2a: Manaphy|369\/401 tox|[from] psn
|turn|7
|
|move|p2a: Manaphy|Rain Dance|p2a: Manaphy
|-weather|RainDance
|move|p1a: Alomomola|Wish|p1a: Alomomola
|
|-weather|RainDance|[upkeep]
|-curestatus|p2a: Manaphy|tox
|-heal|p2a: Manaphy|394\/401|[from] item: Leftovers
|turn|8
|
|switch|p1a: Chesnaught|Chesnaught, F|380\/380
|move|p2a: Manaphy|Calm Mind|p2a: Manaphy
|-boost|p2a: Manaphy|spa|1
|-boost|p2a: Manaphy|spd|1
|
|-weather|RainDance|[upkeep]
|-heal|p2a: Manaphy|401\/401|[from] item: Leftovers
|turn|9
|
|move|p2a: Manaphy|Scald|p1a: Chesnaught
|-resisted|p1a: Chesnaught
|-damage|p1a: Chesnaught|173\/380
|move|p1a: Chesnaught|Leech Seed|p2a: Manaphy|[miss]
|-miss|p1a: Chesnaught|p2a: Manaphy
|
|-weather|RainDance|[upkeep]
|-heal|p1a: Chesnaught|196\/380|[from] item: Leftovers
|turn|10
|
|switch|p1a: Alomomola|Alomomola, F|534\/534
|move|p2a: Manaphy|Calm Mind|p2a: Manaphy
|-boost|p2a: Manaphy|spa|1
|-boost|p2a: Manaphy|spd|1
|
|-weather|RainDance|[upkeep]
|turn|11
|
|move|p2a: Manaphy|Calm Mind|p2a: Manaphy
|-boost|p2a: Manaphy|spa|1
|-boost|p2a: Manaphy|spd|1
|move|p1a: Alomomola|Waterfall|p2a: Manaphy
|-resisted|p2a: Manaphy
|-damage|p2a: Manaphy|362\/401
|
|-weather|none
|-heal|p2a: Manaphy|387\/401|[from] item: Leftovers
|turn|12
|
|move|p2a: Manaphy|Rain Dance|p2a: Manaphy
|-weather|RainDance
|move|p1a: Alomomola|Waterfall|p2a: Manaphy
|-resisted|p2a: Manaphy
|-damage|p2a: Manaphy|348\/401
|
|-weather|RainDance|[upkeep]
|-heal|p2a: Manaphy|373\/401|[from] item: Leftovers
|turn|13
|
|move|p2a: Manaphy|Scald|p1a: Alomomola
|-resisted|p1a: Alomomola
|-damage|p1a: Alomomola|38\/534
|-status|p1a: Alomomola|brn
|move|p1a: Alomomola|Waterfall|p2a: Manaphy
|-resisted|p2a: Manaphy
|-damage|p2a: Manaphy|352\/401
|
|-weather|RainDance|[upkeep]
|-heal|p2a: Manaphy|377\/401|[from] item: Leftovers
|-heal|p1a: Alomomola|71\/534 brn|[from] item: Leftovers
|-damage|p1a: Alomomola|5\/534 brn|[from] brn
|turn|14
|-message|KeepoKappaKeepo forfeited.
|
|win|Lord Qwilfish
|raw|Ladder updating...
|leave|KeepoKappaKeepo
|player|p1
|raw|KeepoKappaKeepo's rating: 1488 &rarr; <strong>1465<\/strong><br \/>(-23 for losing)
|raw|Lord Qwilfish's rating: 1448 &rarr; <strong>1470<\/strong><br \/>(+22 for winning)