|join|angelus7
|join|Lord Qwilfish
|player|p1|angelus7|257
|player|p2|Lord Qwilfish|1
|gametype|singles
|gen|6
|tier|OU
|rated
|clearpoke
|poke|p1|Charizard, M
|poke|p1|Azumarill, M
|poke|p1|Chansey, F
|poke|p1|Greninja, M
|poke|p1|Conkeldurr, F
|poke|p1|Excadrill, F
|poke|p2|Crawdaunt, F
|poke|p2|Gardevoir, F
|poke|p2|Thundurus, M
|poke|p2|Garchomp, F
|poke|p2|Heatran, M
|poke|p2|Latios, M
|rule|Swagger Clause: Swagger is banned
|rule|Baton Pass Clause: Limit one PokÃ©mon knowing Baton Pass
|rule|Sleep Clause Mod: Limit one foe put to sleep
|rule|Species Clause: Limit one of each PokÃ©mon
|rule|OHKO Clause: OHKO moves are banned
|rule|Moody Clause: Moody is banned
|rule|Evasion Moves Clause: Evasion moves are banned
|rule|Endless Battle Clause: Forcing endless battles is banned
|rule|HP Percentage Mod: HP is shown in percentages
|teampreview
|
|start
|switch|p1a: Conkeldurr|Conkeldurr, F|414\/414
|switch|p2a: Garchomp|Garchomp, F|357\/357
|turn|1
|
|move|p2a: Garchomp|Stealth Rock|p1a: Conkeldurr
|-sidestart|p1: angelus7|move: Stealth Rock
|move|p1a: Conkeldurr|Ice Punch|p2a: Garchomp
|-supereffective|p2a: Garchomp
|-enditem|p2a: Garchomp|Yache Berry|[eat]
|-damage|p2a: Garchomp|113\/357
|-damage|p1a: Conkeldurr|363\/414|[from] ability: Rough Skin|[of] p2a: Garchomp
|
|turn|2
|
|switch|p2a: Gardevoir|Gardevoir, F|277\/277
|move|p1a: Conkeldurr|Drain Punch|p2a: Gardevoir
|-resisted|p2a: Gardevoir
|-damage|p2a: Gardevoir|207\/277
|-heal|p1a: Conkeldurr|398\/414|[from] drain|[of] p2a: Gardevoir
|
|turn|3
|
|switch|p1a: Chansey|Chansey, F|704\/704
|-damage|p1a: Chansey|616\/704|[from] Stealth Rock
|detailschange|p2a: Gardevoir|Gardevoir-Mega, F
|message|Gardevoir has Mega Evolved into Mega Gardevoir!
|move|p2a: Gardevoir|Psyshock|p1a: Chansey
|-crit|p1a: Chansey
|-damage|p1a: Chansey|231\/704
|
|turn|4
|
|move|p2a: Gardevoir|Psyshock|p1a: Chansey
|-damage|p1a: Chansey|0 fnt
|faint|p1a: Chansey
|
|
|switch|p1a: Excadrill|Excadrill, F|362\/362
|-damage|p1a: Excadrill|351\/362|[from] Stealth Rock
|-ability|p1a: Excadrill|Mold Breaker
|turn|5
|
|switch|p2a: Crawdaunt|Crawdaunt, F|267\/267
|move|p1a: Excadrill|Rapid Spin|p2a: Crawdaunt
|-damage|p2a: Crawdaunt|237\/267
|-sideend|p1: angelus7|Stealth Rock|[from] move: Rapid Spin|[of] p1a: Excadrill
|
|turn|6
|
|switch|p1a: Charizard|Charizard, M|298\/298
|move|p2a: Crawdaunt|Crabhammer|p1a: Charizard|[miss]
|-miss|p2a: Crawdaunt|p1a: Charizard
|
|turn|7
|
|switch|p2a: Heatran|Heatran, M|323\/323
|detailschange|p1a: Charizard|Charizard-Mega-Y, M
|message|Charizard has Mega Evolved into Mega Charizard!
|-weather|SunnyDay
|move|p1a: Charizard|Flamethrower|p2a: Heatran
|-start|p2a: Heatran|ability: Flash Fire
|
|-weather|SunnyDay|[upkeep]
|turn|8
|
|move|p2a: Heatran|Overheat|p1a: Charizard
|-resisted|p1a: Charizard
|-damage|p1a: Charizard|46\/298
|-unboost|p2a: Heatran|spa|2
|move|p1a: Charizard|Hidden Power|p2a: Heatran
|-supereffective|p2a: Heatran
|-damage|p2a: Heatran|31\/323
|
|-weather|SunnyDay|[upkeep]
|turn|9
|
|move|p2a: Heatran|Overheat|p1a: Charizard
|-resisted|p1a: Charizard
|-damage|p1a: Charizard|0 fnt
|-unboost|p2a: Heatran|spa|2
|faint|p1a: Charizard
|
|-weather|SunnyDay|[upkeep]
|
|switch|p1a: Conkeldurr|Conkeldurr, F|398\/414
|turn|10
|
|switch|p2a: Latios|Latios, M|301\/301
|move|p1a: Conkeldurr|Ice Punch|p2a: Latios
|-supereffective|p2a: Latios
|-damage|p2a: Latios|0 fnt
|faint|p2a: Latios
|
|-weather|SunnyDay|[upkeep]
|
|switch|p2a: Gardevoir|Gardevoir-Mega, F|207\/277
|turn|11
|
|switch|p1a: Greninja|Greninja, M|286\/286
|move|p2a: Gardevoir|Hyper Voice|p1a: Greninja
|-supereffective|p1a: Greninja
|-damage|p1a: Greninja|0 fnt
|faint|p1a: Greninja
|
|-weather|none
|
|switch|p1a: Excadrill|Excadrill, F|351\/362
|-ability|p1a: Excadrill|Mold Breaker
|turn|12
|
|switch|p2a: Thundurus|Thundurus, M|299\/299
|move|p1a: Excadrill|Iron Head|p2a: Thundurus
|-resisted|p2a: Thundurus
|-damage|p2a: Thundurus|197\/299
|
|turn|13
|
|switch|p1a: Conkeldurr|Conkeldurr, F|398\/414
|move|p2a: Thundurus|Hidden Power|p1a: Conkeldurr
|-damage|p1a: Conkeldurr|308\/414
|-damage|p2a: Thundurus|168\/299|[from] item: Life Orb
|
|turn|14
|
|move|p2a: Thundurus|Thunderbolt|p1a: Conkeldurr
|-damage|p1a: Conkeldurr|121\/414
|-damage|p2a: Thundurus|139\/299|[from] item: Life Orb
|move|p1a: Conkeldurr|Ice Punch|p2a: Thundurus
|-supereffective|p2a: Thundurus
|-damage|p2a: Thundurus|0 fnt
|faint|p2a: Thundurus
|
|
|switch|p2a: Gardevoir|Gardevoir-Mega, F|207\/277
|turn|15
|
|switch|p1a: Excadrill|Excadrill, F|351\/362
|-ability|p1a: Excadrill|Mold Breaker
|move|p2a: Gardevoir|Hyper Voice|p1a: Excadrill
|-resisted|p1a: Excadrill
|-damage|p1a: Excadrill|169\/362
|
|turn|16
|
|switch|p2a: Heatran|Heatran, M|31\/323
|move|p1a: Excadrill|Earthquake|p2a: Heatran
|-supereffective|p2a: Heatran
|-damage|p2a: Heatran|0 fnt
|faint|p2a: Heatran
|
|
|switch|p2a: Crawdaunt|Crawdaunt, F|237\/267
|turn|17
|
|switch|p1a: Azumarill|Azumarill, M|403\/403
|move|p2a: Crawdaunt|Aqua Jet|p1a: Azumarill
|-resisted|p1a: Azumarill
|-damage|p1a: Azumarill|316\/403
|
|turn|18
|
|switch|p2a: Garchomp|Garchomp, F|113\/357
|move|p1a: Azumarill|Play Rough|p2a: Garchomp
|-supereffective|p2a: Garchomp
|-damage|p2a: Garchomp|0 fnt
|-damage|p1a: Azumarill|266\/403|[from] ability: Rough Skin|[of] p2a: Garchomp
|faint|p2a: Garchomp
|
|
|switch|p2a: Gardevoir|Gardevoir-Mega, F|207\/277
|turn|19
|
|switch|p1a: Conkeldurr|Conkeldurr, F|121\/414
|move|p2a: Gardevoir|Hyper Voice|p1a: Conkeldurr
|-supereffective|p1a: Conkeldurr
|-damage|p1a: Conkeldurr|0 fnt
|faint|p1a: Conkeldurr
|
|
|switch|p1a: Excadrill|Excadrill, F|169\/362
|-ability|p1a: Excadrill|Mold Breaker
|turn|20
|
|switch|p2a: Crawdaunt|Crawdaunt, F|237\/267
|move|p1a: Excadrill|Earthquake|p2a: Crawdaunt
|-damage|p2a: Crawdaunt|0 fnt
|faint|p2a: Crawdaunt
|
|
|switch|p2a: Gardevoir|Gardevoir-Mega, F|207\/277
|turn|21
|
|move|p1a: Excadrill|Earthquake|p2a: Gardevoir
|-damage|p2a: Gardevoir|0 fnt
|faint|p2a: Gardevoir
|
|win|angelus7
|raw|Ladder updating...
|raw|angelus7's rating: 1535 &rarr; <strong>1556<\/strong><br \/>(+21 for winning)
|raw|Lord Qwilfish's rating: 1561 &rarr; <strong>1540<\/strong><br \/>(-21 for losing)
|c|âangelus7|gg
|leave|Lord Qwilfish
|player|p2