|join|Lord Qwilfish
|join|Lycon
|player|p1|Lord Qwilfish|101
|player|p2|Lycon|168
|gametype|singles
|gen|6
|tier|OU
|clearpoke
|poke|p1|Keldeo
|poke|p1|Metagross
|poke|p1|Tyranitar, M
|poke|p1|Latios, M
|poke|p1|Landorus-Therian, M
|poke|p1|Rotom-Wash
|poke|p2|Charizard, M, shiny
|poke|p2|Breloom, M
|poke|p2|Jolteon, M, shiny
|poke|p2|Latios, M
|poke|p2|Landorus-Therian, M
|poke|p2|Azumarill, F
|rule|Swagger Clause: Swagger is banned
|rule|Baton Pass Clause: Limit one PokÃ©mon knowing Baton Pass
|rule|Sleep Clause Mod: Limit one foe put to sleep
|rule|Species Clause: Limit one of each PokÃ©mon
|rule|OHKO Clause: OHKO moves are banned
|rule|Moody Clause: Moody is banned
|rule|Evasion Moves Clause: Evasion moves are banned
|rule|Endless Battle Clause: Forcing endless battles is banned
|rule|HP Percentage Mod: HP is shown in percentages
|teampreview
|
|start
|switch|p1a: Landorus-Therian|Landorus-Therian, M|381\/381
|switch|p2a: Mani|Breloom, M|262\/262
|-ability|p1a: Landorus-Therian|Intimidate|[of] p2a: Mani
|-unboost|p2a: Mani|atk|1
|turn|1
|join|User Of Splash
|leave|User Of Splash
|
|move|p2a: Mani|Spore|p1a: Landorus-Therian
|-status|p1a: Landorus-Therian|slp
|cant|p1a: Landorus-Therian|slp
|
|turn|2
|
|move|p2a: Mani|Bullet Seed|p1a: Landorus-Therian
|-damage|p1a: Landorus-Therian|342\/381 slp
|-damage|p1a: Landorus-Therian|302\/381 slp
|-damage|p1a: Landorus-Therian|266\/381 slp
|-hitcount|p1a: Landorus-Therian|3
|cant|p1a: Landorus-Therian|slp
|
|-heal|p1a: Landorus-Therian|289\/381 slp|[from] item: Leftovers
|turn|3
|
|switch|p2a: Bubbles|Azumarill, F|342\/342
|-curestatus|p1a: Landorus-Therian|slp
|move|p1a: Landorus-Therian|U-turn|p2a: Bubbles
|-resisted|p2a: Bubbles
|-damage|p2a: Bubbles|300\/342
|
|switch|p1a: Rotom-Wash|Rotom-Wash|303\/303
|
|turn|4
|
|switch|p2a: Stormrider|Jolteon, M, shiny|272\/272
|move|p1a: Rotom-Wash|Will-O-Wisp|p2a: Stormrider
|-status|p2a: Stormrider|brn
|
|-damage|p2a: Stormrider|238\/272 brn|[from] brn
|turn|5
|
|switch|p1a: Latios|Latios, M|301\/301
|move|p2a: Stormrider|Thunderbolt|p1a: Latios
|-resisted|p1a: Latios
|-damage|p1a: Latios|238\/301
|
|-damage|p2a: Stormrider|204\/272 brn|[from] brn
|turn|6
|
|move|p2a: Stormrider|Shadow Ball|p1a: Latios
|-supereffective|p1a: Latios
|-damage|p1a: Latios|46\/301
|move|p1a: Latios|Earthquake|p2a: Stormrider
|-supereffective|p2a: Stormrider
|-damage|p2a: Stormrider|0 fnt
|-damage|p1a: Latios|16\/301|[from] item: Life Orb
|faint|p2a: Stormrider
|
|
|switch|p2a: Landorus-Therian|Landorus-Therian, M|320\/320
|-ability|p2a: Landorus-Therian|Intimidate|[of] p1a: Latios
|-unboost|p1a: Latios|atk|1
|turn|7
|
|switch|p1a: Landorus-Therian|Landorus-Therian, M|289\/381
|-ability|p1a: Landorus-Therian|Intimidate|[of] p2a: Landorus-Therian
|-unboost|p2a: Landorus-Therian|atk|1
|move|p2a: Landorus-Therian|U-turn|p1a: Landorus-Therian
|-resisted|p1a: Landorus-Therian
|-damage|p1a: Landorus-Therian|264\/381
|
|switch|p2a: Mani|Breloom, M|262\/262
|
|-heal|p1a: Landorus-Therian|287\/381|[from] item: Leftovers
|turn|8
|join|uNc Loki
|
|switch|p1a: Latios|Latios, M|16\/301
|move|p2a: Mani|Spore|p1a: Latios
|-status|p1a: Latios|slp
|
|turn|9
|
|switch|p1a: Landorus-Therian|Landorus-Therian, M|287\/381
|-ability|p1a: Landorus-Therian|Intimidate|[of] p2a: Mani
|-unboost|p2a: Mani|atk|1
|switch|p2a: Bubbles|Azumarill, F|300\/342
|
|-heal|p1a: Landorus-Therian|310\/381|[from] item: Leftovers
|turn|10
|
|switch|p2a: Mani|Breloom, M|262\/262
|move|p1a: Landorus-Therian|U-turn|p2a: Mani
|-damage|p2a: Mani|172\/262
|
|switch|p1a: Latios|Latios, M|16\/301 slp
|
|turn|11
|
|switch|p1a: Landorus-Therian|Landorus-Therian, M|310\/381
|-ability|p1a: Landorus-Therian|Intimidate|[of] p2a: Mani
|-unboost|p2a: Mani|atk|1
|move|p2a: Mani|Mach Punch|p1a: Landorus-Therian
|-resisted|p1a: Landorus-Therian
|-damage|p1a: Landorus-Therian|280\/381
|
|-heal|p1a: Landorus-Therian|303\/381|[from] item: Leftovers
|turn|12
|
|switch|p2a: Landorus-Therian|Landorus-Therian, M|320\/320
|-ability|p2a: Landorus-Therian|Intimidate|[of] p1a: Landorus-Therian
|-unboost|p1a: Landorus-Therian|atk|1
|move|p1a: Landorus-Therian|Stealth Rock|p2a: Landorus-Therian
|-sidestart|p2: Lycon|move: Stealth Rock
|
|-heal|p1a: Landorus-Therian|326\/381|[from] item: Leftovers
|turn|13
|
|move|p2a: Landorus-Therian|Knock Off|p1a: Landorus-Therian
|-damage|p1a: Landorus-Therian|224\/381
|-enditem|p1a: Landorus-Therian|Leftovers|[from] move: Knock Off|[of] p2a: Landorus-Therian
|move|p1a: Landorus-Therian|U-turn|p2a: Landorus-Therian
|-resisted|p2a: Landorus-Therian
|-damage|p2a: Landorus-Therian|290\/320
|
|switch|p1a: Metagross|Metagross|301\/301
|
|turn|14
|
|switch|p2a: Mani|Breloom, M|172\/262
|-damage|p2a: Mani|156\/262|[from] Stealth Rock
|detailschange|p1a: Metagross|Metagross-Mega
|message|Metagross has Mega Evolved into Mega Metagross!
|move|p1a: Metagross|Zen Headbutt|p2a: Mani
|-supereffective|p2a: Mani
|-damage|p2a: Mani|0 fnt
|faint|p2a: Mani
|
|
|switch|p2a: Landorus-Therian|Landorus-Therian, M|290\/320
|-damage|p2a: Landorus-Therian|250\/320|[from] Stealth Rock
|-ability|p2a: Landorus-Therian|Intimidate|[of] p1a: Metagross
|-unboost|p1a: Metagross|atk|1
|turn|15
|
|switch|p1a: Landorus-Therian|Landorus-Therian, M|224\/381
|-ability|p1a: Landorus-Therian|Intimidate|[of] p2a: Landorus-Therian
|-unboost|p2a: Landorus-Therian|atk|1
|move|p2a: Landorus-Therian|Earthquake|p1a: Landorus-Therian
|-immune|p1a: Landorus-Therian|[msg]
|
|turn|16
|
|switch|p2a: Latios|Latios, M|302\/302
|-damage|p2a: Latios|265\/302|[from] Stealth Rock
|move|p1a: Landorus-Therian|U-turn|p2a: Latios
|-supereffective|p2a: Latios
|-damage|p2a: Latios|75\/302
|
|switch|p1a: Tyranitar|Tyranitar, M|341\/341
|-weather|Sandstorm
|
|-weather|Sandstorm|[upkeep]
|-damage|p2a: Latios|57\/302|[from] sandstorm
|turn|17
|
|move|p1a: Tyranitar|Crunch|p2a: Latios
|-supereffective|p2a: Latios
|-damage|p2a: Latios|0 fnt
|faint|p2a: Latios
|
|-weather|Sandstorm|[upkeep]
|
|switch|p2a: Bubbles|Azumarill, F|300\/342
|-damage|p2a: Bubbles|258\/342|[from] Stealth Rock
|turn|18
|
|switch|p1a: Rotom-Wash|Rotom-Wash|303\/303
|move|p2a: Bubbles|Belly Drum|p2a: Bubbles
|-damage|p2a: Bubbles|87\/342
|-setboost|p2a: Bubbles|atk|6|[from] move: Belly Drum
|-enditem|p2a: Bubbles|Sitrus Berry|[eat]
|-heal|p2a: Bubbles|172\/342|[from] item: Sitrus Berry
|
|-weather|Sandstorm|[upkeep]
|-damage|p1a: Rotom-Wash|285\/303|[from] sandstorm
|-damage|p2a: Bubbles|151\/342|[from] sandstorm
|-heal|p1a: Rotom-Wash|303\/303|[from] item: Leftovers
|turn|19
|
|move|p1a: Rotom-Wash|Volt Switch|p2a: Bubbles
|-supereffective|p2a: Bubbles
|-damage|p2a: Bubbles|0 fnt
|faint|p2a: Bubbles
|leave|Lycon
|player|p2
|join|Lycon
|player|p2|Lycon|168
|-message|Lycon forfeited.
|
|win|Lord Qwilfish
|leave|Lycon
|player|p2