|join|Lord Qwilfish
|join|happycakeoven
|player|p1|Lord Qwilfish|1
|player|p2|happycakeoven|141
|gametype|singles
|gen|6
|tier|OU
|rated
|clearpoke
|poke|p1|Charizard, M
|poke|p1|Mew
|poke|p1|Ferrothorn, F
|poke|p1|Landorus-Therian, M
|poke|p1|Raikou
|poke|p1|Azumarill, F
|poke|p2|Mandibuzz, F
|poke|p2|Venusaur, M
|poke|p2|Latios, M
|poke|p2|Gengar, F
|poke|p2|Excadrill, F
|poke|p2|Azumarill, M
|rule|Swagger Clause: Swagger is banned
|rule|Baton Pass Clause: Limit one PokÃ©mon knowing Baton Pass
|rule|Sleep Clause Mod: Limit one foe put to sleep
|rule|Species Clause: Limit one of each PokÃ©mon
|rule|OHKO Clause: OHKO moves are banned
|rule|Moody Clause: Moody is banned
|rule|Evasion Moves Clause: Evasion moves are banned
|rule|Endless Battle Clause: Forcing endless battles is banned
|rule|HP Percentage Mod: HP is shown in percentages
|teampreview
|
|start
|switch|p1a: Light Up|Raikou|321\/321
|switch|p2a: Gengar|Gengar, F|262\/262
|-ability|p1a: Light Up|Pressure
|turn|1
|
|switch|p2a: Venusaur|Venusaur, M|364\/364
|move|p1a: Light Up|Shadow Ball|p2a: Venusaur
|-damage|p2a: Venusaur|282\/364
|
|turn|2
|
|detailschange|p2a: Venusaur|Venusaur-Mega, M
|message|Venusaur has Mega Evolved into Mega Venusaur!
|move|p1a: Light Up|Volt Switch|p2a: Venusaur
|-resisted|p2a: Venusaur
|-damage|p2a: Venusaur|230\/364
|
|switch|p1a: Disaster|Mew|404\/404
|move|p2a: Venusaur|Sleep Powder|p1a: Disaster
|-status|p1a: Disaster|slp
|
|turn|3
|
|cant|p1a: Disaster|slp
|move|p2a: Venusaur|Giga Drain|p1a: Disaster
|-damage|p1a: Disaster|260\/404 slp
|-heal|p2a: Venusaur|302\/364|[from] drain|[of] p1a: Disaster
|
|-heal|p1a: Disaster|285\/404 slp|[from] item: Leftovers
|turn|4
|
|switch|p2a: Gengar|Gengar, F|262\/262
|cant|p1a: Disaster|slp
|
|-heal|p1a: Disaster|310\/404 slp|[from] item: Leftovers
|turn|5
|
|switch|p1a: Light Up|Raikou|321\/321
|-ability|p1a: Light Up|Pressure
|move|p2a: Gengar|Shadow Ball|p1a: Light Up
|-damage|p1a: Light Up|210\/321
|
|turn|6
|
|switch|p2a: Venusaur|Venusaur-Mega, M|302\/364
|move|p1a: Light Up|Volt Switch|p2a: Venusaur
|-resisted|p2a: Venusaur
|-damage|p2a: Venusaur|253\/364
|
|switch|p1a: Disaster|Mew|310\/404 slp
|
|-heal|p1a: Disaster|335\/404 slp|[from] item: Leftovers
|turn|7
|
|cant|p1a: Disaster|slp
|move|p2a: Venusaur|Giga Drain|p1a: Disaster
|-damage|p1a: Disaster|187\/404 slp
|-heal|p2a: Venusaur|327\/364|[from] drain|[of] p1a: Disaster
|
|-heal|p1a: Disaster|212\/404 slp|[from] item: Leftovers
|turn|8
|
|-curestatus|p1a: Disaster|slp
|move|p1a: Disaster|Will-O-Wisp|p2a: Venusaur
|-status|p2a: Venusaur|brn
|move|p2a: Venusaur|Giga Drain|p1a: Disaster
|-damage|p1a: Disaster|82\/404
|-heal|p2a: Venusaur|364\/364 brn|[from] drain|[of] p1a: Disaster
|
|-heal|p1a: Disaster|107\/404|[from] item: Leftovers
|-damage|p2a: Venusaur|319\/364 brn|[from] brn
|turn|9
|
|switch|p2a: Gengar|Gengar, F|262\/262
|move|p1a: Disaster|Roost|p1a: Disaster
|-heal|p1a: Disaster|309\/404
|
|-heal|p1a: Disaster|334\/404|[from] item: Leftovers
|turn|10
|
|switch|p1a: Light Up|Raikou|210\/321
|-ability|p1a: Light Up|Pressure
|move|p2a: Gengar|Shadow Ball|p1a: Light Up
|-damage|p1a: Light Up|116\/321
|-unboost|p1a: Light Up|spd|1
|
|turn|11
|
|move|p2a: Gengar|Shadow Ball|p1a: Light Up
|-damage|p1a: Light Up|0 fnt
|faint|p1a: Light Up
|
|
|switch|p1a: Wild Card|Ferrothorn, F|352\/352
|turn|12
|
|switch|p2a: Venusaur|Venusaur-Mega, M|319\/364 brn
|move|p1a: Wild Card|Stealth Rock|p2a: Venusaur
|-sidestart|p2: happycakeoven|move: Stealth Rock
|
|-damage|p2a: Venusaur|274\/364 brn|[from] brn
|turn|13
|
|move|p2a: Venusaur|Sleep Powder|p1a: Wild Card|[miss]
|-miss|p2a: Venusaur|p1a: Wild Card
|move|p1a: Wild Card|Gyro Ball|p2a: Venusaur
|-damage|p2a: Venusaur|210\/364 brn
|
|-damage|p2a: Venusaur|165\/364 brn|[from] brn
|turn|14
|
|move|p2a: Venusaur|Synthesis|p2a: Venusaur
|-heal|p2a: Venusaur|347\/364 brn
|move|p1a: Wild Card|Gyro Ball|p2a: Venusaur
|-damage|p2a: Venusaur|281\/364 brn
|
|-damage|p2a: Venusaur|236\/364 brn|[from] brn
|turn|15
|
|move|p2a: Venusaur|Hidden Power|p1a: Wild Card
|-crit|p1a: Wild Card
|-supereffective|p1a: Wild Card
|-damage|p1a: Wild Card|0 fnt
|faint|p1a: Wild Card
|
|-damage|p2a: Venusaur|191\/364 brn|[from] brn
|c|âLord Qwilfish|ok
|
|switch|p1a: Fire Starter|Charizard, M|301\/301
|turn|16
|
|detailschange|p1a: Fire Starter|Charizard-Mega-X, M
|message|Charizard has Mega Evolved into Mega Charizard!
|move|p1a: Fire Starter|Dragon Dance|p1a: Fire Starter
|-boost|p1a: Fire Starter|atk|1
|-boost|p1a: Fire Starter|spe|1
|move|p2a: Venusaur|Sleep Powder|p1a: Fire Starter
|-status|p1a: Fire Starter|slp
|
|-damage|p2a: Venusaur|146\/364 brn|[from] brn
|turn|17
|
|switch|p2a: Latios|Latios, M|302\/302
|-damage|p2a: Latios|265\/302|[from] Stealth Rock
|cant|p1a: Fire Starter|slp
|
|turn|18
|
|cant|p1a: Fire Starter|slp
|move|p2a: Latios|Draco Meteor|p1a: Fire Starter
|-supereffective|p1a: Fire Starter
|-damage|p1a: Fire Starter|0 fnt
|-unboost|p2a: Latios|spa|2
|-damage|p2a: Latios|235\/302|[from] item: Life Orb
|faint|p1a: Fire Starter
|
|c|âLord Qwilfish|srsly
|c|âLord Qwilfish|bad player alert
|
|switch|p1a: Moving Train|Landorus-Therian, M|319\/319
|-ability|p1a: Moving Train|Intimidate|[of] p2a: Latios
|-unboost|p2a: Latios|atk|1
|turn|19
|
|switch|p2a: Mandibuzz|Mandibuzz, F|424\/424
|-damage|p2a: Mandibuzz|318\/424|[from] Stealth Rock
|move|p1a: Moving Train|U-turn|p2a: Mandibuzz
|-damage|p2a: Mandibuzz|258\/424
|
|switch|p1a: Melt Hearts|Azumarill, F|363\/363
|
|-heal|p2a: Mandibuzz|284\/424|[from] item: Leftovers
|turn|20
|
|move|p1a: Melt Hearts|Play Rough|p2a: Mandibuzz
|-crit|p2a: Mandibuzz
|-supereffective|p2a: Mandibuzz
|-damage|p2a: Mandibuzz|0 fnt
|faint|p2a: Mandibuzz
|
|
|switch|p2a: Venusaur|Venusaur-Mega, M|146\/364 brn
|-damage|p2a: Venusaur|101\/364 brn|[from] Stealth Rock
|turn|21
|
|move|p2a: Venusaur|Synthesis|p2a: Venusaur
|-heal|p2a: Venusaur|283\/364 brn
|move|p1a: Melt Hearts|Play Rough|p2a: Venusaur
|-resisted|p2a: Venusaur
|-damage|p2a: Venusaur|163\/364 brn
|
|-damage|p2a: Venusaur|118\/364 brn|[from] brn
|turn|22
|
|switch|p1a: Disaster|Mew|334\/404
|move|p2a: Venusaur|Synthesis|p2a: Venusaur
|-heal|p2a: Venusaur|300\/364 brn
|
|-heal|p1a: Disaster|359\/404|[from] item: Leftovers
|-damage|p2a: Venusaur|255\/364 brn|[from] brn
|turn|23
|
|move|p1a: Disaster|Knock Off|p2a: Venusaur
|-damage|p2a: Venusaur|214\/364 brn
|move|p2a: Venusaur|Sleep Powder|p1a: Disaster
|-status|p1a: Disaster|slp
|
|-heal|p1a: Disaster|384\/404 slp|[from] item: Leftovers
|-damage|p2a: Venusaur|169\/364 brn|[from] brn
|turn|24
|
|switch|p1a: Moving Train|Landorus-Therian, M|319\/319
|-ability|p1a: Moving Train|Intimidate|[of] p2a: Venusaur
|-unboost|p2a: Venusaur|atk|1
|move|p2a: Venusaur|Giga Drain|p1a: Moving Train
|-damage|p1a: Moving Train|142\/319
|-heal|p2a: Venusaur|258\/364 brn|[from] drain|[of] p1a: Moving Train
|
|-damage|p2a: Venusaur|213\/364 brn|[from] brn
|turn|25
|
|move|p1a: Moving Train|Earthquake|p2a: Venusaur
|-damage|p2a: Venusaur|41\/364 brn
|move|p2a: Venusaur|Giga Drain|p1a: Moving Train
|-damage|p1a: Moving Train|0 fnt
|-heal|p2a: Venusaur|112\/364 brn|[from] drain|[of] p1a: Moving Train
|faint|p1a: Moving Train
|
|-damage|p2a: Venusaur|67\/364 brn|[from] brn
|-message|Lord Qwilfish forfeited.
|
|win|happycakeoven
|raw|Ladder updating...
|leave|Lord Qwilfish
|player|p1
|raw|Lord Qwilfish's rating: 1581 &rarr; <strong>1561<\/strong><br \/>(-20 for losing)
|raw|happycakeoven's rating: 1585 &rarr; <strong>1605<\/strong><br \/>(+20 for winning)