|join|BAN TRAPPERS
|join|Lord Qwilfish
|player|p1|BAN TRAPPERS|147
|player|p2|Lord Qwilfish|169
|gametype|singles
|gen|6
|tier|OU
|clearpoke
|poke|p1|Landorus-Therian, M
|poke|p1|Venusaur, M
|poke|p1|Klefki, M
|poke|p1|Greninja, F
|poke|p1|Heatran, M
|poke|p1|Starmie
|poke|p2|Politoed, M
|poke|p2|Swampert, F
|poke|p2|Kingdra, F
|poke|p2|Ferrothorn, F
|poke|p2|Latias, F
|poke|p2|Gothitelle, M
|rule|Swagger Clause: Swagger is banned
|rule|Baton Pass Clause: Limit one PokÃ©mon knowing Baton Pass
|rule|Sleep Clause Mod: Limit one foe put to sleep
|rule|Species Clause: Limit one of each PokÃ©mon
|rule|OHKO Clause: OHKO moves are banned
|rule|Moody Clause: Moody is banned
|rule|Evasion Moves Clause: Evasion moves are banned
|rule|Endless Battle Clause: Forcing endless battles is banned
|rule|HP Percentage Mod: HP is shown in percentages
|teampreview
|join|Bach Rules
|join|fakemcfakerson
|leave|Bach Rules
|c|âBAN TRAPPERS|<==
|c| fakemcfakerson|ope
|c|âBAN TRAPPERS|hf
|c| fakemcfakerson|hes using a trapper
|c| fakemcfakerson|ban him
|c| fakemcfakerson|**do it**
|c|âLord Qwilfish|yes
|c|âLord Qwilfish|do it
|c|âLord Qwilfish|ban me
|
|start
|switch|p1a: Heatran|Heatran, M|386\/386
|switch|p2a: Ferrothorn|Ferrothorn, F|352\/352
|turn|1
|
|switch|p2a: Politoed|Politoed, M|383\/383
|-weather|RainDance
|move|p1a: Heatran|Stealth Rock|p2a: Politoed
|-sidestart|p2: Lord Qwilfish|move: Stealth Rock
|
|-weather|RainDance|[upkeep]
|turn|2
|
|move|p1a: Heatran|Toxic|p2a: Politoed
|-status|p2a: Politoed|tox
|move|p2a: Politoed|Scald|p1a: Heatran
|-crit|p1a: Heatran
|-supereffective|p1a: Heatran
|-damage|p1a: Heatran|108\/386
|
|-weather|RainDance|[upkeep]
|-heal|p1a: Heatran|132\/386|[from] item: Leftovers
|-damage|p2a: Politoed|360\/383 tox|[from] psn
|turn|3
|
|switch|p1a: Starmie|Starmie|263\/263
|move|p2a: Politoed|Scald|p1a: Starmie
|-resisted|p1a: Starmie
|-damage|p1a: Starmie|186\/263
|
|-weather|RainDance|[upkeep]
|-damage|p2a: Politoed|314\/383 tox|[from] psn
|turn|4
|
|switch|p2a: Ferrothorn|Ferrothorn, F|352\/352
|-damage|p2a: Ferrothorn|330\/352|[from] Stealth Rock
|move|p1a: Starmie|Hydro Pump|p2a: Ferrothorn|[miss]
|-miss|p1a: Starmie|p2a: Ferrothorn
|
|-weather|RainDance|[upkeep]
|-heal|p2a: Ferrothorn|352\/352|[from] item: Leftovers
|turn|5
|c|âBAN TRAPPERS|NO
|c|âBAN TRAPPERS|FFS
|c|âBAN TRAPPERS|I DONT AGREE
|c|âBAN TRAPPERS|IT WOULDVE 2HKOED
|
|switch|p1a: Heatran|Heatran, M|132\/386
|move|p2a: Ferrothorn|Stealth Rock|p1a: Heatran
|-sidestart|p1: BAN TRAPPERS|move: Stealth Rock
|
|-weather|RainDance|[upkeep]
|-heal|p1a: Heatran|156\/386|[from] item: Leftovers
|turn|6
|c| fakemcfakerson|you have to ban him
|
|switch|p2a: Politoed|Politoed, M|314\/383 tox
|-damage|p2a: Politoed|267\/383 tox|[from] Stealth Rock
|move|p1a: Heatran|Lava Plume|p2a: Politoed
|-resisted|p2a: Politoed
|-damage|p2a: Politoed|237\/383 tox
|
|-weather|RainDance|[upkeep]
|-heal|p1a: Heatran|180\/386|[from] item: Leftovers
|-damage|p2a: Politoed|214\/383 tox|[from] psn
|turn|7
|
|switch|p1a: Starmie|Starmie|186\/263
|-damage|p1a: Starmie|154\/263|[from] Stealth Rock
|move|p2a: Politoed|Scald|p1a: Starmie
|-resisted|p1a: Starmie
|-damage|p1a: Starmie|81\/263
|-status|p1a: Starmie|brn
|
|-weather|RainDance|[upkeep]
|-damage|p1a: Starmie|49\/263 brn|[from] brn
|-damage|p2a: Politoed|168\/383 tox|[from] psn
|turn|8
|
|switch|p2a: Ferrothorn|Ferrothorn, F|352\/352
|-damage|p2a: Ferrothorn|330\/352|[from] Stealth Rock
|move|p1a: Starmie|Recover|p1a: Starmie
|-heal|p1a: Starmie|181\/263 brn
|
|-weather|none
|-heal|p2a: Ferrothorn|352\/352|[from] item: Leftovers
|-damage|p1a: Starmie|149\/263 brn|[from] brn
|turn|9
|
|switch|p1a: Heatran|Heatran, M|180\/386
|-damage|p1a: Heatran|132\/386|[from] Stealth Rock
|move|p2a: Ferrothorn|Leech Seed|p1a: Heatran|[miss]
|-miss|p2a: Ferrothorn|p1a: Heatran
|
|-heal|p1a: Heatran|156\/386|[from] item: Leftovers
|turn|10
|
|switch|p2a: Kingdra|Kingdra, F|291\/291
|-damage|p2a: Kingdra|255\/291|[from] Stealth Rock
|move|p1a: Heatran|Lava Plume|p2a: Kingdra
|-resisted|p2a: Kingdra
|-damage|p2a: Kingdra|225\/291
|
|-heal|p1a: Heatran|180\/386|[from] item: Leftovers
|turn|11
|
|switch|p1a: Klefki|Klefki, M|318\/318
|-damage|p1a: Klefki|299\/318|[from] Stealth Rock
|move|p2a: Kingdra|Hydro Pump|p1a: Klefki|[miss]
|-miss|p2a: Kingdra|p1a: Klefki
|
|-heal|p1a: Klefki|318\/318|[from] item: Leftovers
|turn|12
|c|âBAN TRAPPERS|amazing game
|c|âLord Qwilfish|tru
|
|switch|p2a: Swampert|Swampert, F|341\/341
|-damage|p2a: Swampert|320\/341|[from] Stealth Rock
|move|p1a: Klefki|Spikes|p2a: Swampert
|-sidestart|p2: Lord Qwilfish|Spikes
|
|turn|13
|
|detailschange|p2a: Swampert|Swampert-Mega, F
|message|Swampert has Mega Evolved into Mega Swampert!
|move|p1a: Klefki|Magnet Rise|p1a: Klefki
|-start|p1a: Klefki|Magnet Rise
|move|p2a: Swampert|Earthquake|p1a: Klefki
|-immune|p1a: Klefki|[msg]
|
|turn|14
|
|switch|p1a: Starmie|Starmie|149\/263 brn
|-damage|p1a: Starmie|117\/263 brn|[from] Stealth Rock
|move|p2a: Swampert|Earthquake|p1a: Starmie
|-crit|p1a: Starmie
|-damage|p1a: Starmie|0 fnt
|faint|p1a: Starmie
|
|join|LMay
|
|switch|p1a: Venusaur|Venusaur, M|339\/339
|-damage|p1a: Venusaur|297\/339|[from] Stealth Rock
|turn|15
|leave|LMay
|
|switch|p2a: Gothitelle|Gothitelle, M|301\/301
|-damage|p2a: Gothitelle|264\/301|[from] Stealth Rock
|-damage|p2a: Gothitelle|227\/301|[from] Spikes
|detailschange|p1a: Venusaur|Venusaur-Mega, M
|message|Venusaur has Mega Evolved into Mega Venusaur!
|move|p1a: Venusaur|Sludge Bomb|p2a: Gothitelle
|-damage|p2a: Gothitelle|74\/301
|
|turn|16
|
|move|p2a: Gothitelle|Psychic|p1a: Venusaur
|-supereffective|p1a: Venusaur
|-damage|p1a: Venusaur|79\/339
|move|p1a: Venusaur|Giga Drain|p2a: Gothitelle
|-damage|p2a: Gothitelle|0 fnt
|-heal|p1a: Venusaur|116\/339|[from] drain|[of] p2a: Gothitelle
|faint|p2a: Gothitelle
|
|
|switch|p2a: Latias|Latias, F|319\/319
|-damage|p2a: Latias|280\/319|[from] Stealth Rock
|turn|17
|
|switch|p1a: Klefki|Klefki, M|318\/318
|-damage|p1a: Klefki|299\/318|[from] Stealth Rock
|move|p2a: Latias|Psyshock|p1a: Klefki
|-resisted|p1a: Klefki
|-damage|p1a: Klefki|216\/318
|-damage|p2a: Latias|249\/319|[from] item: Life Orb
|
|-heal|p1a: Klefki|235\/318|[from] item: Leftovers
|turn|18
|
|switch|p2a: Politoed|Politoed, M|168\/383 tox
|-damage|p2a: Politoed|121\/383 tox|[from] Spikes
|-damage|p2a: Politoed|74\/383 tox|[from] Stealth Rock
|-weather|RainDance
|move|p1a: Klefki|Spikes|p2a: Politoed
|-sidestart|p2: Lord Qwilfish|Spikes
|
|-weather|RainDance|[upkeep]
|-heal|p1a: Klefki|254\/318|[from] item: Leftovers
|-damage|p2a: Politoed|51\/383 tox|[from] psn
|turn|19
|
|switch|p2a: Swampert|Swampert-Mega, F|320\/341
|-damage|p2a: Swampert|299\/341|[from] Stealth Rock
|-damage|p2a: Swampert|243\/341|[from] Spikes
|move|p1a: Klefki|Spikes|p2a: Swampert
|-sidestart|p2: Lord Qwilfish|Spikes
|
|-weather|RainDance|[upkeep]
|-heal|p1a: Klefki|273\/318|[from] item: Leftovers
|turn|20
|
|move|p2a: Swampert|Power-Up Punch|p1a: Klefki
|-damage|p1a: Klefki|213\/318
|-boost|p2a: Swampert|atk|1
|move|p1a: Klefki|Play Rough|p2a: Swampert
|-damage|p2a: Swampert|159\/341
|
|-weather|RainDance|[upkeep]
|-heal|p1a: Klefki|232\/318|[from] item: Leftovers
|turn|21
|
|move|p2a: Swampert|Waterfall|p1a: Klefki
|-damage|p1a: Klefki|0 fnt
|faint|p1a: Klefki
|
|-weather|RainDance|[upkeep]
|
|switch|p1a: Greninja|Greninja, F|285\/285
|-damage|p1a: Greninja|250\/285|[from] Stealth Rock
|turn|22
|leave|fakemcfakerson
|
|switch|p1a: Heatran|Heatran, M|180\/386
|-damage|p1a: Heatran|132\/386|[from] Stealth Rock
|move|p2a: Swampert|Earthquake|p1a: Heatran
|-supereffective|p1a: Heatran
|-damage|p1a: Heatran|0 fnt
|faint|p1a: Heatran
|
|-weather|RainDance|[upkeep]
|
|switch|p1a: Landorus-Therian|Landorus-Therian, M|335\/335
|-damage|p1a: Landorus-Therian|294\/335|[from] Stealth Rock
|-ability|p1a: Landorus-Therian|Intimidate|[of] p2a: Swampert
|-unboost|p2a: Swampert|atk|1
|turn|23
|
|move|p2a: Swampert|Waterfall|p1a: Landorus-Therian
|-supereffective|p1a: Landorus-Therian
|-damage|p1a: Landorus-Therian|0 fnt
|faint|p1a: Landorus-Therian
|
|-weather|RainDance|[upkeep]
|
|switch|p1a: Venusaur|Venusaur-Mega, M|116\/339
|-damage|p1a: Venusaur|74\/339|[from] Stealth Rock
|turn|24
|
|move|p2a: Swampert|Earthquake|p1a: Venusaur
|-damage|p1a: Venusaur|0 fnt
|faint|p1a: Venusaur
|
|-weather|RainDance|[upkeep]
|
|switch|p1a: Greninja|Greninja, F|250\/285
|-damage|p1a: Greninja|215\/285|[from] Stealth Rock
|turn|25
|join|WhoTookMyBagel
|c|âBAN TRAPPERS|gg
|
|move|p2a: Swampert|Earthquake|p1a: Greninja
|-crit|p1a: Greninja
|-damage|p1a: Greninja|0 fnt
|faint|p1a: Greninja
|
|win|Lord Qwilfish
|c|âLord Qwilfish|gg
|leave|BAN TRAPPERS
|player|p1
|leave|WhoTookMyBagel