|join|swaqfeq
|join|Lord Qwilfish
|player|p1|swaqfeq|246
|player|p2|Lord Qwilfish|265
|gametype|singles
|gen|6
|tier|OU
|rated
|clearpoke
|poke|p1|Diancie
|poke|p1|Magnezone
|poke|p1|Landorus-Therian, M
|poke|p1|Keldeo
|poke|p1|Latios, M
|poke|p1|Azumarill, M
|poke|p2|Cresselia, F
|poke|p2|Chesnaught, M
|poke|p2|Charizard, M
|poke|p2|Empoleon, F
|poke|p2|Garchomp, F
|poke|p2|Clefable, F
|rule|Swagger Clause: Swagger is banned
|rule|Baton Pass Clause: Limit one PokÃ©mon knowing Baton Pass
|rule|Sleep Clause Mod: Limit one foe put to sleep
|rule|Species Clause: Limit one of each PokÃ©mon
|rule|OHKO Clause: OHKO moves are banned
|rule|Moody Clause: Moody is banned
|rule|Evasion Moves Clause: Evasion moves are banned
|rule|Endless Battle Clause: Forcing endless battles is banned
|rule|HP Percentage Mod: HP is shown in percentages
|teampreview
|c|âswaqfeq|3 starters
|c|âswaqfeq|cute
|c|âLord Qwilfish|xd
|c|âLord Qwilfish|but thats a real team '-'
|c|âswaqfeq|what
|
|start
|switch|p1a: Landorus-Therian|Landorus-Therian, M|369\/369
|switch|p2a: Clefable|Clefable, F|394\/394
|-ability|p1a: Landorus-Therian|Intimidate|[of] p2a: Clefable
|-unboost|p2a: Clefable|atk|1
|turn|1
|c|âLord Qwilfish|y
|c|âLord Qwilfish|i'm not a noob '-'
|
|move|p1a: Landorus-Therian|Stealth Rock|p2a: Clefable
|-sidestart|p2: Lord Qwilfish|move: Stealth Rock
|move|p2a: Clefable|Wish|p2a: Clefable
|
|turn|2
|c|âswaqfeq|i didnt think u were
|
|move|p1a: Landorus-Therian|Earthquake|p2a: Clefable
|-damage|p2a: Clefable|208\/394
|move|p2a: Clefable|Moonblast|p1a: Landorus-Therian
|-damage|p1a: Landorus-Therian|230\/369
|
|-heal|p2a: Clefable|394\/394|[from] move: Wish|[wisher] Clefable
|-heal|p1a: Landorus-Therian|253\/369|[from] item: Leftovers
|turn|3
|
|switch|p2a: Cresselia|Cresselia, F|444\/444
|-damage|p2a: Cresselia|389\/444|[from] Stealth Rock
|move|p1a: Landorus-Therian|U-turn|p2a: Cresselia
|-supereffective|p2a: Cresselia
|-damage|p2a: Cresselia|287\/444
|
|switch|p1a: Azumarill|Azumarill, M|364\/364
|
|-heal|p2a: Cresselia|314\/444|[from] item: Leftovers
|turn|4
|
|move|p2a: Cresselia|Moonlight|p2a: Cresselia
|-heal|p2a: Cresselia|444\/444
|move|p1a: Azumarill|Belly Drum|p1a: Azumarill
|-damage|p1a: Azumarill|182\/364
|-setboost|p1a: Azumarill|atk|6|[from] move: Belly Drum
|-enditem|p1a: Azumarill|Sitrus Berry|[eat]
|-heal|p1a: Azumarill|273\/364|[from] item: Sitrus Berry
|
|turn|5
|
|move|p2a: Cresselia|Toxic|p1a: Azumarill
|-status|p1a: Azumarill|tox
|move|p1a: Azumarill|Play Rough|p2a: Cresselia
|-damage|p2a: Cresselia|0 fnt
|faint|p2a: Cresselia
|
|-damage|p1a: Azumarill|251\/364 tox|[from] psn
|
|switch|p2a: Clefable|Clefable, F|394\/394
|-damage|p2a: Clefable|345\/394|[from] Stealth Rock
|turn|6
|
|move|p1a: Azumarill|Play Rough|p2a: Clefable
|-damage|p2a: Clefable|122\/394
|move|p2a: Clefable|Wish|p2a: Clefable
|
|-heal|p2a: Clefable|146\/394|[from] item: Leftovers
|-damage|p1a: Azumarill|207\/364 tox|[from] psn
|turn|7
|
|switch|p1a: Diancie|Diancie|241\/241
|move|p2a: Clefable|Protect|p2a: Clefable
|-fail|p2a: Clefable
|
|-heal|p2a: Clefable|343\/394|[from] move: Wish|[wisher] Clefable
|-heal|p2a: Clefable|367\/394|[from] item: Leftovers
|turn|8
|
|detailschange|p1a: Diancie|Diancie-Mega
|-mega|p1a: Diancie|Diancie|Diancite
|move|p1a: Diancie|Rock Polish|p1a: Diancie
|-boost|p1a: Diancie|spe|2
|move|p2a: Clefable|Wish|p2a: Clefable
|
|-heal|p2a: Clefable|391\/394|[from] item: Leftovers
|turn|9
|
|move|p1a: Diancie|Moonblast|p2a: Clefable
|-damage|p2a: Clefable|193\/394
|move|p2a: Clefable|Moonblast|p1a: Diancie
|-damage|p1a: Diancie|126\/241
|
|-heal|p2a: Clefable|390\/394|[from] move: Wish|[wisher] Clefable
|-heal|p2a: Clefable|394\/394|[from] item: Leftovers
|turn|10
|
|move|p1a: Diancie|Diamond Storm|p2a: Clefable
|-damage|p2a: Clefable|189\/394
|move|p2a: Clefable|Wish|p2a: Clefable
|
|-heal|p2a: Clefable|213\/394|[from] item: Leftovers
|turn|11
|
|move|p1a: Diancie|Moonblast|p2a: Clefable
|-damage|p2a: Clefable|27\/394
|-unboost|p2a: Clefable|spa|1
|move|p2a: Clefable|Moonblast|p1a: Diancie
|-damage|p1a: Diancie|54\/241
|
|-heal|p2a: Clefable|224\/394|[from] move: Wish|[wisher] Clefable
|-heal|p2a: Clefable|248\/394|[from] item: Leftovers
|turn|12
|
|move|p2a: Clefable|Protect|p2a: Clefable
|-singleturn|p2a: Clefable|Protect
|move|p1a: Diancie|Moonblast|p2a: Clefable
|-activate|p2a: Clefable|Protect
|
|-heal|p2a: Clefable|272\/394|[from] item: Leftovers
|turn|13
|
|move|p1a: Diancie|Moonblast|p2a: Clefable
|-damage|p2a: Clefable|83\/394
|-unboost|p2a: Clefable|spa|1
|move|p2a: Clefable|Wish|p2a: Clefable
|
|-heal|p2a: Clefable|107\/394|[from] item: Leftovers
|turn|14
|c|âLord Qwilfish|'-'
|
|move|p2a: Clefable|Protect|p2a: Clefable
|-singleturn|p2a: Clefable|Protect
|move|p1a: Diancie|Moonblast|p2a: Clefable
|-activate|p2a: Clefable|Protect
|
|-heal|p2a: Clefable|304\/394|[from] move: Wish|[wisher] Clefable
|-heal|p2a: Clefable|328\/394|[from] item: Leftovers
|turn|15
|
|switch|p2a: Empoleon|Empoleon, F|369\/369
|-damage|p2a: Empoleon|346\/369|[from] Stealth Rock
|move|p1a: Diancie|Moonblast|p2a: Empoleon
|-resisted|p2a: Empoleon
|-damage|p2a: Empoleon|274\/369
|
|-heal|p2a: Empoleon|297\/369|[from] item: Leftovers
|turn|16
|
|switch|p1a: Azumarill|Azumarill, M|207\/364 tox
|move|p2a: Empoleon|Scald|p1a: Azumarill
|-resisted|p1a: Azumarill
|-damage|p1a: Azumarill|144\/364 tox
|
|-heal|p2a: Empoleon|320\/369|[from] item: Leftovers
|-damage|p1a: Azumarill|122\/364 tox|[from] psn
|turn|17
|
|move|p1a: Azumarill|Superpower|p2a: Empoleon
|-supereffective|p2a: Empoleon
|-damage|p2a: Empoleon|0 fnt
|-unboost|p1a: Azumarill|atk|1
|-unboost|p1a: Azumarill|def|1
|faint|p2a: Empoleon
|
|-damage|p1a: Azumarill|78\/364 tox|[from] psn
|c|âLord Qwilfish|WAT
|c|âLord Qwilfish|'-'
|c|âswaqfeq|2ez
|
|switch|p2a: Charizard|Charizard, M|359\/359
|-damage|p2a: Charizard|180\/359|[from] Stealth Rock
|turn|18
|
|switch|p1a: Landorus-Therian|Landorus-Therian, M|253\/369
|-ability|p1a: Landorus-Therian|Intimidate|[of] p2a: Charizard
|-unboost|p2a: Charizard|atk|1
|detailschange|p2a: Charizard|Charizard-Mega-Y, M
|-mega|p2a: Charizard|Charizard|Charizardite Y
|-weather|SunnyDay
|move|p2a: Charizard|Roost|p2a: Charizard
|-heal|p2a: Charizard|359\/359
|
|-weather|SunnyDay|[upkeep]
|-heal|p1a: Landorus-Therian|276\/369|[from] item: Leftovers
|turn|19
|
|move|p2a: Charizard|Flamethrower|p1a: Landorus-Therian
|-damage|p1a: Landorus-Therian|14\/369
|move|p1a: Landorus-Therian|U-turn|p2a: Charizard
|-resisted|p2a: Charizard
|-damage|p2a: Charizard|343\/359
|
|switch|p1a: Magnezone|Magnezone|283\/283
|
|-weather|SunnyDay|[upkeep]
|turn|20
|
|switch|p1a: Latios|Latios, M|301\/301
|switch|p2a: Garchomp|Garchomp, F|399\/399
|-damage|p2a: Garchomp|375\/399|[from] Stealth Rock
|
|-weather|SunnyDay|[upkeep]
|turn|21
|
|switch|p2a: Clefable|Clefable, F|328\/394
|-damage|p2a: Clefable|279\/394|[from] Stealth Rock
|move|p1a: Latios|Draco Meteor|p2a: Clefable
|-immune|p2a: Clefable|[msg]
|
|-weather|SunnyDay|[upkeep]
|-heal|p2a: Clefable|303\/394|[from] item: Leftovers
|turn|22
|
|move|p1a: Latios|Psyshock|p2a: Clefable
|-damage|p2a: Clefable|104\/394
|-damage|p1a: Latios|271\/301|[from] item: Life Orb
|move|p2a: Clefable|Wish|p2a: Clefable
|
|-weather|none
|-heal|p2a: Clefable|128\/394|[from] item: Leftovers
|turn|23
|
|move|p2a: Clefable|Protect|p2a: Clefable
|-singleturn|p2a: Clefable|Protect
|move|p1a: Latios|Psyshock|p2a: Clefable
|-activate|p2a: Clefable|Protect
|
|-heal|p2a: Clefable|325\/394|[from] move: Wish|[wisher] Clefable
|-heal|p2a: Clefable|349\/394|[from] item: Leftovers
|turn|24
|
|move|p1a: Latios|Psyshock|p2a: Clefable
|-damage|p2a: Clefable|141\/394
|-damage|p1a: Latios|241\/301|[from] item: Life Orb
|move|p2a: Clefable|Wish|p2a: Clefable
|
|-heal|p2a: Clefable|165\/394|[from] item: Leftovers
|turn|25
|c|âswaqfeq|dont bother
|c|âswaqfeq|i got roost
|
|move|p2a: Clefable|Protect|p2a: Clefable
|-singleturn|p2a: Clefable|Protect
|move|p1a: Latios|Psyshock|p2a: Clefable
|-activate|p2a: Clefable|Protect
|
|-heal|p2a: Clefable|362\/394|[from] move: Wish|[wisher] Clefable
|-heal|p2a: Clefable|386\/394|[from] item: Leftovers
|turn|26
|c|âswaqfeq|:)
|
|move|p1a: Latios|Psyshock|p2a: Clefable
|-damage|p2a: Clefable|175\/394
|-damage|p1a: Latios|211\/301|[from] item: Life Orb
|move|p2a: Clefable|Wish|p2a: Clefable
|
|-heal|p2a: Clefable|199\/394|[from] item: Leftovers
|turn|27
|
|move|p2a: Clefable|Protect|p2a: Clefable
|-singleturn|p2a: Clefable|Protect
|move|p1a: Latios|Roost|p1a: Latios
|-heal|p1a: Latios|301\/301
|
|-heal|p2a: Clefable|394\/394|[from] move: Wish|[wisher] Clefable
|turn|28
|
|move|p1a: Latios|Psyshock|p2a: Clefable
|-damage|p2a: Clefable|194\/394
|-damage|p1a: Latios|271\/301|[from] item: Life Orb
|move|p2a: Clefable|Wish|p2a: Clefable
|
|-heal|p2a: Clefable|218\/394|[from] item: Leftovers
|turn|29
|
|move|p1a: Latios|Psyshock|p2a: Clefable
|-damage|p2a: Clefable|30\/394
|-damage|p1a: Latios|241\/301|[from] item: Life Orb
|move|p2a: Clefable|Moonblast|p1a: Latios
|-supereffective|p1a: Latios
|-damage|p1a: Latios|35\/301
|
|-heal|p2a: Clefable|227\/394|[from] move: Wish|[wisher] Clefable
|-heal|p2a: Clefable|251\/394|[from] item: Leftovers
|turn|30
|
|move|p1a: Latios|Psyshock|p2a: Clefable
|-crit|p2a: Clefable
|-damage|p2a: Clefable|0 fnt
|-damage|p1a: Latios|5\/301|[from] item: Life Orb
|faint|p2a: Clefable
|
|c|âswaqfeq|LOL
|c|âswaqfeq|gg
|c|âLord Qwilfish|,
|
|switch|p2a: Garchomp|Garchomp, F|375\/399
|-damage|p2a: Garchomp|351\/399|[from] Stealth Rock
|turn|31
|
|move|p1a: Latios|Draco Meteor|p2a: Garchomp
|-supereffective|p2a: Garchomp
|-damage|p2a: Garchomp|0 fnt
|-unboost|p1a: Latios|spa|2
|-damage|p1a: Latios|0 fnt|[from] item: Life Orb
|faint|p2a: Garchomp
|faint|p1a: Latios
|
|
|switch|p1a: Keldeo|Keldeo|323\/323
|switch|p2a: Charizard|Charizard-Mega-Y, M|343\/359
|-damage|p2a: Charizard|164\/359|[from] Stealth Rock
|-weather|SunnyDay
|turn|32
|c|âLord Qwilfish|nvm
|c|âLord Qwilfish|chesnaught got this
|
|move|p1a: Keldeo|Scald|p2a: Charizard
|-supereffective|p2a: Charizard
|-damage|p2a: Charizard|26\/359
|move|p2a: Charizard|Solar Beam|p1a: Keldeo|[still]
|-prepare|p2a: Charizard|Solar Beam|p1a: Keldeo
|-anim|p2a: Charizard|Solar Beam|p1a: Keldeo
|-supereffective|p1a: Keldeo
|-damage|p1a: Keldeo|13\/323
|
|-weather|SunnyDay|[upkeep]
|turn|33
|c|âswaqfeq|If u say so
|
|move|p1a: Keldeo|Scald|p2a: Charizard
|-supereffective|p2a: Charizard
|-damage|p2a: Charizard|0 fnt
|faint|p2a: Charizard
|
|-weather|SunnyDay|[upkeep]
|
|switch|p2a: Chesnaught|Chesnaught, M|380\/380
|-damage|p2a: Chesnaught|357\/380|[from] Stealth Rock
|turn|34
|
|move|p1a: Keldeo|Scald|p2a: Chesnaught
|-resisted|p2a: Chesnaught
|-damage|p2a: Chesnaught|306\/380
|move|p2a: Chesnaught|Spikes|p1a: Keldeo
|-sidestart|p1: swaqfeq|Spikes
|
|-weather|SunnyDay|[upkeep]
|-heal|p2a: Chesnaught|329\/380|[from] item: Leftovers
|turn|35
|
|switch|p1a: Diancie|Diancie-Mega|54\/241
|-damage|p1a: Diancie|24\/241|[from] Spikes
|move|p2a: Chesnaught|Drain Punch|p1a: Diancie
|-damage|p1a: Diancie|0 fnt
|-heal|p2a: Chesnaught|341\/380|[from] drain|[of] p1a: Diancie
|faint|p1a: Diancie
|
|-weather|SunnyDay|[upkeep]
|-heal|p2a: Chesnaught|364\/380|[from] item: Leftovers
|c|âswaqfeq|Oh
|c|âLord Qwilfish|haha
|
|switch|p1a: Magnezone|Magnezone|283\/283
|-damage|p1a: Magnezone|248\/283|[from] Spikes
|turn|36
|c|âLord Qwilfish|how i said
|
|move|p2a: Chesnaught|Spiky Shield|p2a: Chesnaught
|-singleturn|p2a: Chesnaught|move: Protect
|move|p1a: Magnezone|Hidden Power|p2a: Chesnaught
|-activate|p2a: Chesnaught|move: Protect
|
|-weather|none
|-heal|p2a: Chesnaught|380\/380|[from] item: Leftovers
|turn|37
|
|move|p1a: Magnezone|Hidden Power|p2a: Chesnaught
|-supereffective|p2a: Chesnaught
|-damage|p2a: Chesnaught|208\/380
|move|p2a: Chesnaught|Drain Punch|p1a: Magnezone
|-supereffective|p1a: Magnezone
|-damage|p1a: Magnezone|90\/283
|-heal|p2a: Chesnaught|287\/380|[from] drain|[of] p1a: Magnezone
|
|-heal|p2a: Chesnaught|310\/380|[from] item: Leftovers
|turn|38
|c|âswaqfeq|Wow
|c|âswaqfeq|i got outplauyed
|c|âswaqfeq|By some nerd
|c|âLord Qwilfish|hahahhahahahah
|-message|swaqfeq forfeited.
|
|win|Lord Qwilfish
|raw|Ladder updating...
|leave|swaqfeq
|player|p1
|raw|swaqfeq's rating: 1514 &rarr; <strong>1494<\/strong><br \/>(-20 for losing)
|raw|Lord Qwilfish's rating: 1530 &rarr; <strong>1549<\/strong><br \/>(+19 for winning)