|J|Croven
|J|Maskun529
|player|p1|Croven|70
|player|p2|Maskun529|maskun529.gif
|gametype|singles
|gen|6
|tier|OU
|clearpoke
|poke|p1|Houndoom, F
|poke|p1|Serperior, F
|poke|p1|Latias, F
|poke|p1|Rotom-Wash
|poke|p1|Landorus-Therian, M
|poke|p1|Magnezone
|poke|p2|Altaria, M
|poke|p2|Chansey, F
|poke|p2|Forretress, F
|poke|p2|Zygarde
|poke|p2|Jirachi
|poke|p2|Raikou, shiny
|rule|Swagger Clause: Swagger is banned
|rule|Baton Pass Clause: Limit one PokÃ©mon knowing Baton Pass
|rule|Sleep Clause Mod: Limit one foe put to sleep
|rule|Species Clause: Limit one of each PokÃ©mon
|rule|OHKO Clause: OHKO moves are banned
|rule|Moody Clause: Moody is banned
|rule|Evasion Moves Clause: Evasion moves are banned
|rule|Endless Battle Clause: Forcing endless battles is banned
|rule|HP Percentage Mod: HP is shown in percentages
|teampreview
|c|âCroven|:] my team op
|c|âMaskun529|FUCK U
|
|start
|switch|p1a: Houndoom|Houndoom, F|291\/291
|switch|p2a: Raikou|Raikou, shiny|342\/342
|-ability|p2a: Raikou|Pressure
|turn|1
|c|âCroven|watch dis play
|c|âCroven|:]]]
|J|WildAlt
|
|switch|p1a: Landorus-Therian|Landorus-Therian, M|382\/382
|-ability|p1a: Landorus-Therian|Intimidate|[of] p2a: Raikou
|-unboost|p2a: Raikou|atk|1
|move|p2a: Raikou|Aura Sphere|p1a: Landorus-Therian
|-resisted|p1a: Landorus-Therian
|-damage|p1a: Landorus-Therian|301\/382
|
|-heal|p1a: Landorus-Therian|324\/382|[from] item: Leftovers
|turn|2
|c|âMaskun529|?.?
|c|âMaskun529|nice copy
|c|âMaskun529|:^)
|c|âMaskun529|revael
|c|âMaskun529|hp ice
|c|âMaskun529|go go
|c|âCroven|!_!
|c|âCroven|ur specs from that dmg!
|
|switch|p2a: Forretress|Forretress, F|354\/354
|move|p1a: Landorus-Therian|U-turn|p2a: Forretress
|-resisted|p2a: Forretress
|-damage|p2a: Forretress|332\/354
|
|switch|p1a: Houndoom|Houndoom, F|291\/291
|
|-heal|p2a: Forretress|354\/354|[from] item: Leftovers
|turn|3
|
|switch|p2a: Chansey|Chansey, F|703\/703
|detailschange|p1a: Houndoom|Houndoom-Mega, F
|-mega|p1a: Houndoom|Houndoom|Houndoominite
|move|p1a: Houndoom|Dark Pulse|p2a: Chansey
|-damage|p2a: Chansey|609\/703
|
|turn|4
|c|âCroven|if only i had taunt
|c|âMaskun529|get rekt
|c|âCroven|but some fgt
|c|âCroven|told me
|c|âCroven|to change it
|c|âCroven|to flame charge
|
|move|p1a: Houndoom|Flame Charge|p2a: Chansey
|-damage|p2a: Chansey|543\/703
|-boost|p1a: Houndoom|spe|1
|move|p2a: Chansey|Seismic Toss|p1a: Houndoom
|-damage|p1a: Houndoom|191\/291
|
|turn|5
|c|âCroven|EZ
|c|âCroven|wat a play
|
|switch|p1a: Landorus-Therian|Landorus-Therian, M|324\/382
|-ability|p1a: Landorus-Therian|Intimidate|[of] p2a: Chansey
|-unboost|p2a: Chansey|atk|1
|move|p2a: Chansey|Wish|p2a: Chansey
|
|-heal|p1a: Landorus-Therian|347\/382|[from] item: Leftovers
|turn|6
|c|âMaskun529|god ur bad
|c|âCroven|no i'm a legend
|
|switch|p2a: Forretress|Forretress, F|354\/354
|move|p1a: Landorus-Therian|Stealth Rock|p2a: Forretress
|-sidestart|p2: Maskun529|move: Stealth Rock
|
|-heal|p1a: Landorus-Therian|370\/382|[from] item: Leftovers
|turn|7
|c|âCroven|they call me
|c|âMaskun529|if u beat me
|c|âCroven|telegend
|c|âMaskun529|im gonna happy
|c|âCroven|lmoa
|
|move|p1a: Landorus-Therian|U-turn|p2a: Forretress
|-resisted|p2a: Forretress
|-damage|p2a: Forretress|334\/354
|
|switch|p1a: Magnezone|Magnezone|281\/281
|move|p2a: Forretress|Rapid Spin|p1a: Magnezone
|-crit|p1a: Magnezone
|-resisted|p1a: Magnezone
|-damage|p1a: Magnezone|272\/281
|-sideend|p2: Maskun529|Stealth Rock|[from] move: Rapid Spin|[of] p2a: Forretress
|
|-heal|p2a: Forretress|354\/354|[from] item: Leftovers
|turn|8
|c|âCroven|GIT REKTD
|
|move|p1a: Magnezone|Hidden Power|p2a: Forretress
|-supereffective|p2a: Forretress
|-activate|p2a: Forretress|Sturdy
|-damage|p2a: Forretress|1\/354
|move|p2a: Forretress|Stealth Rock|p1a: Magnezone
|-sidestart|p1: Croven|move: Stealth Rock
|
|-heal|p2a: Forretress|23\/354|[from] item: Leftovers
|turn|9
|c|âMaskun529|ur so bad
|c|âCroven|ezpz
|
|move|p1a: Magnezone|Hidden Power|p2a: Forretress
|-supereffective|p2a: Forretress
|-damage|p2a: Forretress|0 fnt
|faint|p2a: Forretress
|
|
|switch|p2a: Altaria|Altaria, M|291\/291
|turn|10
|c|âMaskun529|GET REKT
|c|âCroven|no u
|
|switch|p1a: Landorus-Therian|Landorus-Therian, M|370\/382
|-damage|p1a: Landorus-Therian|323\/382|[from] Stealth Rock
|-ability|p1a: Landorus-Therian|Intimidate|[of] p2a: Altaria
|-unboost|p2a: Altaria|atk|1
|detailschange|p2a: Altaria|Altaria-Mega, M
|-mega|p2a: Altaria|Altaria|Altarianite
|move|p2a: Altaria|Frustration|p1a: Landorus-Therian
|-damage|p1a: Landorus-Therian|193\/382
|
|-heal|p1a: Landorus-Therian|216\/382|[from] item: Leftovers
|turn|11
|c|âCroven|watch dis PLAY
|
|switch|p2a: Zygarde|Zygarde|357\/357
|-ability|p2a: Zygarde|Aura Break
|move|p1a: Landorus-Therian|Earthquake|p2a: Zygarde
|-damage|p2a: Zygarde|219\/357
|
|-heal|p2a: Zygarde|241\/357|[from] item: Leftovers
|-heal|p1a: Landorus-Therian|239\/382|[from] item: Leftovers
|turn|12
|c|âCroven|EZ
|
|move|p2a: Zygarde|Coil|p2a: Zygarde
|-boost|p2a: Zygarde|atk|1
|-boost|p2a: Zygarde|def|1
|-boost|p2a: Zygarde|accuracy|1
|move|p1a: Landorus-Therian|Earthquake|p2a: Zygarde
|-damage|p2a: Zygarde|150\/357
|
|-heal|p2a: Zygarde|172\/357|[from] item: Leftovers
|-heal|p1a: Landorus-Therian|262\/382|[from] item: Leftovers
|turn|13
|c|âCroven|lemme smack u
|c|âCroven|wit an hp ice
|
|move|p2a: Zygarde|Coil|p2a: Zygarde
|-boost|p2a: Zygarde|atk|1
|-boost|p2a: Zygarde|def|1
|-boost|p2a: Zygarde|accuracy|1
|move|p1a: Landorus-Therian|U-turn|p2a: Zygarde
|-damage|p2a: Zygarde|141\/357
|
|switch|p1a: Latias|Latias, F|319\/319
|-damage|p1a: Latias|280\/319|[from] Stealth Rock
|
|-heal|p2a: Zygarde|163\/357|[from] item: Leftovers
|turn|14
|c|âCroven|ha ur bad
|c|âMaskun529|bad
|
|move|p2a: Zygarde|Extreme Speed|p1a: Latias
|-damage|p1a: Latias|54\/319
|move|p1a: Latias|Defog|p2a: Zygarde
|-unboost|p2a: Zygarde|evasion|1
|-sideend|p1: Croven|Stealth Rock|[from] move: Defog|[of] p1a: Latias
|
|-heal|p2a: Zygarde|185\/357|[from] item: Leftovers
|turn|15
|c|âCroven|so bad
|
|move|p2a: Zygarde|Extreme Speed|p1a: Latias
|-damage|p1a: Latias|0 fnt
|faint|p1a: Latias
|
|-heal|p2a: Zygarde|207\/357|[from] item: Leftovers
|c|âMaskun529|get rekt
|
|switch|p1a: Magnezone|Magnezone|272\/281
|turn|16
|c|âCroven|no u
|
|move|p1a: Magnezone|Flash Cannon|p2a: Zygarde
|-damage|p2a: Zygarde|56\/357
|move|p2a: Zygarde|Earthquake|p1a: Magnezone
|-supereffective|p1a: Magnezone
|-damage|p1a: Magnezone|0 fnt
|faint|p1a: Magnezone
|
|-heal|p2a: Zygarde|78\/357|[from] item: Leftovers
|c|âMaskun529|HA
|c|âCroven|haaa played
|c|âCroven|LURED
|
|switch|p1a: Serperior|Serperior, F|291\/291
|turn|17
|c|âCroven|WATCH DIS
|
|move|p2a: Zygarde|Extreme Speed|p1a: Serperior
|-damage|p1a: Serperior|96\/291
|move|p1a: Serperior|Giga Drain|p2a: Zygarde
|-damage|p2a: Zygarde|0 fnt
|-heal|p1a: Serperior|135\/291|[from] drain|[of] p2a: Zygarde
|-damage|p1a: Serperior|106\/291|[from] item: Life Orb
|faint|p2a: Zygarde
|
|
|switch|p2a: Altaria|Altaria-Mega, M|291\/291
|turn|18
|c|âMaskun529|ur bad
|c|âCroven|nou
|
|switch|p1a: Houndoom|Houndoom-Mega, F|191\/291
|move|p2a: Altaria|Frustration|p1a: Houndoom
|-damage|p1a: Houndoom|0 fnt
|faint|p1a: Houndoom
|
|c|âMaskun529|LOL?
|c|âCroven|**ez**
|
|switch|p1a: Rotom-Wash|Rotom-Wash|303\/303
|turn|19
|
|switch|p2a: Raikou|Raikou, shiny|342\/342
|-ability|p2a: Raikou|Pressure
|move|p1a: Rotom-Wash|Will-O-Wisp|p2a: Raikou
|-status|p2a: Raikou|brn
|
|-damage|p2a: Raikou|300\/342 brn|[from] brn
|turn|20
|
|switch|p2a: Chansey|Chansey, F|543\/703
|move|p1a: Rotom-Wash|Volt Switch|p2a: Chansey
|-damage|p2a: Chansey|492\/703
|c|âMaskun529|:O
|
|switch|p1a: Landorus-Therian|Landorus-Therian, M|262\/382
|-ability|p1a: Landorus-Therian|Intimidate|[of] p2a: Chansey
|-unboost|p2a: Chansey|atk|1
|
|-heal|p1a: Landorus-Therian|285\/382|[from] item: Leftovers
|turn|21
|c|âCroven|WATCH DIS
|
|move|p1a: Landorus-Therian|Earthquake|p2a: Chansey
|-damage|p2a: Chansey|273\/703
|move|p2a: Chansey|Wish|p2a: Chansey
|
|-heal|p1a: Landorus-Therian|308\/382|[from] item: Leftovers
|turn|22
|c|âCroven|watch my crit yoooo
|c|âMaskun529|so bad
|
|move|p1a: Landorus-Therian|Stealth Rock|p2a: Chansey
|-sidestart|p2: Maskun529|move: Stealth Rock
|move|p2a: Chansey|Seismic Toss|p1a: Landorus-Therian
|-damage|p1a: Landorus-Therian|208\/382
|
|-heal|p2a: Chansey|624\/703|[from] move: Wish|[wisher] Chansey
|-heal|p1a: Landorus-Therian|231\/382|[from] item: Leftovers
|turn|23
|c|âCroven|gettin up dese rawks
|
|move|p1a: Landorus-Therian|Earthquake|p2a: Chansey
|-damage|p2a: Chansey|407\/703
|move|p2a: Chansey|Wish|p2a: Chansey
|
|-heal|p1a: Landorus-Therian|254\/382|[from] item: Leftovers
|turn|24
|c|âCroven|IMMA CRIT U
|c|âCroven|RN
|
|move|p1a: Landorus-Therian|Earthquake|p2a: Chansey
|-damage|p2a: Chansey|179\/703
|move|p2a: Chansey|Seismic Toss|p1a: Landorus-Therian
|-damage|p1a: Landorus-Therian|154\/382
|
|-heal|p2a: Chansey|530\/703|[from] move: Wish|[wisher] Chansey
|-heal|p1a: Landorus-Therian|177\/382|[from] item: Leftovers
|turn|25
|c|âCroven|:(
|
|move|p1a: Landorus-Therian|Earthquake|p2a: Chansey
|-damage|p2a: Chansey|304\/703
|move|p2a: Chansey|Wish|p2a: Chansey
|
|-heal|p1a: Landorus-Therian|200\/382|[from] item: Leftovers
|turn|26
|
|move|p1a: Landorus-Therian|Earthquake|p2a: Chansey
|-damage|p2a: Chansey|93\/703
|move|p2a: Chansey|Seismic Toss|p1a: Landorus-Therian
|-damage|p1a: Landorus-Therian|100\/382
|
|-heal|p2a: Chansey|444\/703|[from] move: Wish|[wisher] Chansey
|-heal|p1a: Landorus-Therian|123\/382|[from] item: Leftovers
|turn|27
|c|âCroven|where's my crit
|c|âCroven|so bad
|
|move|p1a: Landorus-Therian|Earthquake|p2a: Chansey
|-crit|p2a: Chansey
|-damage|p2a: Chansey|101\/703
|move|p2a: Chansey|Seismic Toss|p1a: Landorus-Therian
|-damage|p1a: Landorus-Therian|23\/382
|
|-heal|p1a: Landorus-Therian|46\/382|[from] item: Leftovers
|turn|28
|c|âCroven|:D
|
|move|p1a: Landorus-Therian|Earthquake|p2a: Chansey
|-damage|p2a: Chansey|0 fnt
|faint|p2a: Chansey
|
|-heal|p1a: Landorus-Therian|69\/382|[from] item: Leftovers
|c|âMaskun529|u lost
|c|âCroven|ez
|
|switch|p2a: Jirachi|Jirachi|397\/397
|-damage|p2a: Jirachi|373\/397|[from] Stealth Rock
|turn|29
|c|âCroven|no i can beat ur team
|c|âCroven|with my
|c|âCroven|SERPERIOR
|
|move|p2a: Jirachi|Flash Cannon|p1a: Landorus-Therian
|-damage|p1a: Landorus-Therian|0 fnt
|faint|p1a: Landorus-Therian
|
|-heal|p2a: Jirachi|397\/397|[from] item: Leftovers
|
|switch|p1a: Rotom-Wash|Rotom-Wash|303\/303
|turn|30
|
|move|p2a: Jirachi|Substitute|p2a: Jirachi
|-start|p2a: Jirachi|Substitute
|-damage|p2a: Jirachi|298\/397
|move|p1a: Rotom-Wash|Will-O-Wisp|p2a: Jirachi|[miss]
|-miss|p1a: Rotom-Wash|p2a: Jirachi
|
|-heal|p2a: Jirachi|322\/397|[from] item: Leftovers
|turn|31
|c|âCroven|HA skrub
|
|move|p2a: Jirachi|Calm Mind|p2a: Jirachi
|-boost|p2a: Jirachi|spa|1
|-boost|p2a: Jirachi|spd|1
|move|p1a: Rotom-Wash|Volt Switch|p2a: Jirachi
|-activate|p2a: Jirachi|Substitute|[damage]
|c|âMaskun529|LOL?
|
|switch|p1a: Serperior|Serperior, F|106\/291
|
|-heal|p2a: Jirachi|346\/397|[from] item: Leftovers
|turn|32
|
|move|p1a: Serperior|Hidden Power|p2a: Jirachi
|-supereffective|p2a: Jirachi
|-end|p2a: Jirachi|Substitute
|-damage|p1a: Serperior|77\/291|[from] item: Life Orb
|move|p2a: Jirachi|Flash Cannon|p1a: Serperior
|-damage|p1a: Serperior|0 fnt
|faint|p1a: Serperior
|
|-heal|p2a: Jirachi|370\/397|[from] item: Leftovers
|c|âCroven|lemme hp fire crit with infiltrator
|c|âCroven|!_!
|
|switch|p1a: Rotom-Wash|Rotom-Wash|303\/303
|turn|33
|c|âCroven|i'm such a legend
|
|move|p2a: Jirachi|Substitute|p2a: Jirachi
|-start|p2a: Jirachi|Substitute
|-damage|p2a: Jirachi|271\/397
|move|p1a: Rotom-Wash|Hydro Pump|p2a: Jirachi
|-activate|p2a: Jirachi|Substitute|[damage]
|
|-heal|p2a: Jirachi|295\/397|[from] item: Leftovers
|turn|34
|
|move|p2a: Jirachi|Calm Mind|p2a: Jirachi
|-boost|p2a: Jirachi|spa|1
|-boost|p2a: Jirachi|spd|1
|move|p1a: Rotom-Wash|Volt Switch|p2a: Jirachi
|-end|p2a: Jirachi|Substitute
|
|-heal|p2a: Jirachi|319\/397|[from] item: Leftovers
|turn|35
|c|âMaskun529|GG
|c|âCroven|NOPE
|c|âCroven|I GOT
|c|âCroven|ROTOM
|
|move|p2a: Jirachi|Substitute|p2a: Jirachi
|-start|p2a: Jirachi|Substitute
|-damage|p2a: Jirachi|220\/397
|move|p1a: Rotom-Wash|Hydro Pump|p2a: Jirachi
|-activate|p2a: Jirachi|Substitute|[damage]
|
|-heal|p2a: Jirachi|244\/397|[from] item: Leftovers
|turn|36
|c|âCroven|BRUH
|c|âMaskun529|im a fagit
|
|move|p2a: Jirachi|Calm Mind|p2a: Jirachi
|-boost|p2a: Jirachi|spa|1
|-boost|p2a: Jirachi|spd|1
|move|p1a: Rotom-Wash|Hydro Pump|p2a: Jirachi
|-end|p2a: Jirachi|Substitute
|
|-heal|p2a: Jirachi|268\/397|[from] item: Leftovers
|turn|37
|c|âCroven|do u kno wat a rotom is
|
|move|p2a: Jirachi|Substitute|p2a: Jirachi
|-start|p2a: Jirachi|Substitute
|-damage|p2a: Jirachi|169\/397
|move|p1a: Rotom-Wash|Hydro Pump|p2a: Jirachi
|-activate|p2a: Jirachi|Substitute|[damage]
|
|-heal|p2a: Jirachi|193\/397|[from] item: Leftovers
|turn|38
|
|move|p2a: Jirachi|Calm Mind|p2a: Jirachi
|-boost|p2a: Jirachi|spa|1
|-boost|p2a: Jirachi|spd|1
|move|p1a: Rotom-Wash|Hydro Pump|p2a: Jirachi
|-end|p2a: Jirachi|Substitute
|
|-heal|p2a: Jirachi|217\/397|[from] item: Leftovers
|turn|39
|
|move|p2a: Jirachi|Substitute|p2a: Jirachi
|-start|p2a: Jirachi|Substitute
|-damage|p2a: Jirachi|118\/397
|move|p1a: Rotom-Wash|Hydro Pump|p2a: Jirachi|[miss]
|-miss|p1a: Rotom-Wash|p2a: Jirachi
|
|-heal|p2a: Jirachi|142\/397|[from] item: Leftovers
|turn|40
|c|âMaskun529|LOOL
|
|move|p2a: Jirachi|Calm Mind|p2a: Jirachi
|-boost|p2a: Jirachi|spa|1
|-boost|p2a: Jirachi|spd|1
|move|p1a: Rotom-Wash|Hydro Pump|p2a: Jirachi
|-activate|p2a: Jirachi|Substitute|[damage]
|
|-heal|p2a: Jirachi|166\/397|[from] item: Leftovers
|turn|41
|c|âMaskun529|GG
|
|move|p2a: Jirachi|Calm Mind|p2a: Jirachi
|-boost|p2a: Jirachi|spa|1
|-boost|p2a: Jirachi|spd|1
|move|p1a: Rotom-Wash|Hydro Pump|p2a: Jirachi
|-activate|p2a: Jirachi|Substitute|[damage]
|
|-heal|p2a: Jirachi|190\/397|[from] item: Leftovers
|turn|42
|c|âCroven|GIT GUD
|
|move|p2a: Jirachi|Flash Cannon|p1a: Rotom-Wash
|-resisted|p1a: Rotom-Wash
|-damage|p1a: Rotom-Wash|184\/303
|move|p1a: Rotom-Wash|Volt Switch|p2a: Jirachi
|-activate|p2a: Jirachi|Substitute|[damage]
|
|-heal|p2a: Jirachi|214\/397|[from] item: Leftovers
|-heal|p1a: Rotom-Wash|202\/303|[from] item: Leftovers
|turn|43
|c|âCroven|SKRUB
|c|âMaskun529|OH
|
|move|p2a: Jirachi|Flash Cannon|p1a: Rotom-Wash
|-resisted|p1a: Rotom-Wash
|-damage|p1a: Rotom-Wash|74\/303
|move|p1a: Rotom-Wash|Volt Switch|p2a: Jirachi
|-end|p2a: Jirachi|Substitute
|
|-heal|p2a: Jirachi|238\/397|[from] item: Leftovers
|-heal|p1a: Rotom-Wash|92\/303|[from] item: Leftovers
|turn|44
|c|âCroven|this is a poorly trained rotom
|c|âMaskun529|EZ
|c|âCroven|i must have taken yours
|c|âMaskun529|get rekt
|
|move|p2a: Jirachi|Flash Cannon|p1a: Rotom-Wash
|-resisted|p1a: Rotom-Wash
|-damage|p1a: Rotom-Wash|0 fnt
|faint|p1a: Rotom-Wash
|
|win|Maskun529
|c|âMaskun529|GG
|c|âCroven|ur bad
|c|âMaskun529|saving
|c|âMaskun529|this
|c|âCroven|BG
|c|âCroven|LMOA
|L|Croven
|player|p1