|J|Croven
|J|Copy Da Stall
|player|p1|Croven|167
|player|p2|Copy Da Stall|maskun529.gif
|gametype|singles
|gen|6
|tier|OU
|clearpoke
|poke|p1|Druddigon, F
|poke|p1|Altaria, M
|poke|p1|Kyurem-Black
|poke|p1|Latios, M
|poke|p1|Latias, F
|poke|p1|Garchomp, M
|poke|p2|Chansey, F
|poke|p2|Venusaur, M
|poke|p2|Cresselia, F
|poke|p2|Heatran, F
|poke|p2|Mandibuzz, F
|poke|p2|Gliscor, F
|rule|Swagger Clause: Swagger is banned
|rule|Baton Pass Clause: Limit one PokÃ©mon knowing Baton Pass
|rule|Sleep Clause Mod: Limit one foe put to sleep
|rule|Species Clause: Limit one of each PokÃ©mon
|rule|OHKO Clause: OHKO moves are banned
|rule|Moody Clause: Moody is banned
|rule|Evasion Moves Clause: Evasion moves are banned
|rule|Endless Battle Clause: Forcing endless battles is banned
|rule|HP Percentage Mod: HP is shown in percentages
|teampreview
|
|start
|switch|p1a: Druddigon|Druddigon, F|357\/357
|switch|p2a: Assassin Scor|Gliscor, F|354\/354
|turn|1
|
|move|p2a: Assassin Scor|Substitute|p2a: Assassin Scor
|-start|p2a: Assassin Scor|Substitute
|-damage|p2a: Assassin Scor|266\/354
|move|p1a: Druddigon|Stealth Rock|p2a: Assassin Scor
|-sidestart|p2: Copy Da Stall|move: Stealth Rock
|
|-status|p2a: Assassin Scor|tox|[from] item: Toxic Orb
|turn|2
|
|move|p2a: Assassin Scor|Toxic|p1a: Druddigon|[miss]
|-miss|p2a: Assassin Scor|p1a: Druddigon
|move|p1a: Druddigon|Taunt|p2a: Assassin Scor
|-start|p2a: Assassin Scor|move: Taunt
|
|-heal|p2a: Assassin Scor|310\/354 tox|[from] ability: Poison Heal
|turn|3
|
|move|p2a: Assassin Scor|Earthquake|p1a: Druddigon
|-damage|p1a: Druddigon|251\/357
|move|p1a: Druddigon|Dragon Tail|p2a: Assassin Scor
|-crit|p2a: Assassin Scor
|-activate|p2a: Assassin Scor|Substitute|[damage]
|
|-heal|p2a: Assassin Scor|354\/354 tox|[from] ability: Poison Heal
|turn|4
|
|switch|p1a: Altaria|Altaria, M|353\/353
|move|p2a: Assassin Scor|Earthquake|p1a: Altaria
|-immune|p1a: Altaria|[msg]
|
|turn|5
|
|switch|p2a: Sergeant Saur|Venusaur, M|364\/364
|-damage|p2a: Sergeant Saur|319\/364|[from] Stealth Rock
|detailschange|p1a: Altaria|Altaria-Mega, M
|-mega|p1a: Altaria|Altaria|Altarianite
|move|p1a: Altaria|Dragon Dance|p1a: Altaria
|-boost|p1a: Altaria|atk|1
|-boost|p1a: Altaria|spe|1
|
|turn|6
|
|switch|p1a: Latios|Latios, M|301\/301
|detailschange|p2a: Sergeant Saur|Venusaur-Mega, M
|-mega|p2a: Sergeant Saur|Venusaur|Venusaurite
|move|p2a: Sergeant Saur|Sludge Bomb|p1a: Latios
|-damage|p1a: Latios|190\/301
|
|turn|7
|
|switch|p2a: General Trans|Heatran, F|386\/386
|-damage|p2a: General Trans|338\/386|[from] Stealth Rock
|move|p1a: Latios|Trick|p2a: General Trans
|-activate|p1a: Latios|move: Trick|[of] p2a: General Trans
|-item|p2a: General Trans|Choice Scarf|[from] move: Trick
|-item|p1a: Latios|Leftovers|[from] move: Trick
|
|-heal|p1a: Latios|208\/301|[from] item: Leftovers
|turn|8
|
|switch|p1a: Garchomp|Garchomp, M|358\/358
|move|p2a: General Trans|Stealth Rock|p1a: Garchomp
|-sidestart|p1: Croven|move: Stealth Rock
|
|turn|9
|
|switch|p2a: Assassin Scor|Gliscor, F|354\/354 tox
|-damage|p2a: Assassin Scor|310\/354 tox|[from] Stealth Rock
|move|p1a: Garchomp|Substitute|p1a: Garchomp
|-start|p1a: Garchomp|Substitute
|-damage|p1a: Garchomp|269\/358
|
|-heal|p2a: Assassin Scor|354\/354 tox|[from] ability: Poison Heal
|turn|10
|
|move|p1a: Garchomp|Swords Dance|p1a: Garchomp
|-boost|p1a: Garchomp|atk|2
|move|p2a: Assassin Scor|Earthquake|p1a: Garchomp
|-end|p1a: Garchomp|Substitute
|
|turn|11
|
|move|p1a: Garchomp|Substitute|p1a: Garchomp
|-start|p1a: Garchomp|Substitute
|-damage|p1a: Garchomp|180\/358
|move|p2a: Assassin Scor|Earthquake|p1a: Garchomp
|-end|p1a: Garchomp|Substitute
|
|turn|12
|
|move|p1a: Garchomp|Dragon Claw|p2a: Assassin Scor
|-damage|p2a: Assassin Scor|176\/354 tox
|move|p2a: Assassin Scor|Earthquake|p1a: Garchomp
|-damage|p1a: Garchomp|68\/358
|
|-heal|p2a: Assassin Scor|220\/354 tox|[from] ability: Poison Heal
|turn|13
|
|move|p1a: Garchomp|Dragon Claw|p2a: Assassin Scor
|-damage|p2a: Assassin Scor|46\/354 tox
|move|p2a: Assassin Scor|Earthquake|p1a: Garchomp
|-damage|p1a: Garchomp|0 fnt
|faint|p1a: Garchomp
|
|-heal|p2a: Assassin Scor|90\/354 tox|[from] ability: Poison Heal
|
|switch|p1a: Kyurem-Black|Kyurem-Black|391\/391
|-damage|p1a: Kyurem-Black|294\/391|[from] Stealth Rock
|-ability|p1a: Kyurem-Black|Teravolt
|turn|14
|
|move|p2a: Assassin Scor|Protect|p2a: Assassin Scor
|-singleturn|p2a: Assassin Scor|Protect
|move|p1a: Kyurem-Black|Outrage|p2a: Assassin Scor
|-activate|p2a: Assassin Scor|Protect
|
|-heal|p2a: Assassin Scor|134\/354 tox|[from] ability: Poison Heal
|turn|15
|
|switch|p2a: General Trans|Heatran, F|338\/386
|-damage|p2a: General Trans|290\/386|[from] Stealth Rock
|move|p1a: Kyurem-Black|Outrage|p2a: General Trans
|-resisted|p2a: General Trans
|-damage|p2a: General Trans|83\/386
|
|turn|16
|
|move|p1a: Kyurem-Black|Outrage|p2a: General Trans
|-resisted|p2a: General Trans
|-damage|p2a: General Trans|0 fnt
|faint|p2a: General Trans
|
|
|switch|p2a: Scouter Buzz|Mandibuzz, F|424\/424
|-damage|p2a: Scouter Buzz|318\/424|[from] Stealth Rock
|turn|17
|
|move|p1a: Kyurem-Black|Outrage|p2a: Scouter Buzz
|-damage|p2a: Scouter Buzz|21\/424
|-damage|p1a: Kyurem-Black|229\/391|[from] item: Rocky Helmet|[of] p2a: Scouter Buzz
|move|p2a: Scouter Buzz|Roost|p2a: Scouter Buzz
|-heal|p2a: Scouter Buzz|233\/424
|
|-end|p1a: Kyurem-Black|rampage
|-start|p1a: Kyurem-Black|confusion
|turn|18
|
|switch|p1a: Altaria|Altaria-Mega, M|353\/353
|-damage|p1a: Altaria|309\/353|[from] Stealth Rock
|move|p2a: Scouter Buzz|Foul Play|p1a: Altaria
|-resisted|p1a: Altaria
|-damage|p1a: Altaria|260\/353
|
|turn|19
|
|switch|p2a: Sergeant Saur|Venusaur-Mega, M|319\/364
|-damage|p2a: Sergeant Saur|274\/364|[from] Stealth Rock
|move|p1a: Altaria|Return|p2a: Sergeant Saur
|-resisted|p2a: Sergeant Saur
|-damage|p2a: Sergeant Saur|199\/364
|
|turn|20
|
|switch|p1a: Latios|Latios, M|208\/301
|-damage|p1a: Latios|171\/301|[from] Stealth Rock
|move|p2a: Sergeant Saur|Leech Seed|p1a: Latios
|-start|p1a: Latios|move: Leech Seed
|
|-heal|p1a: Latios|189\/301|[from] item: Leftovers
|-damage|p1a: Latios|152\/301|[from] Leech Seed|[of] p2a: Sergeant Saur
|-heal|p2a: Sergeant Saur|236\/364|[silent]
|turn|21
|
|switch|p2a: Healer Chans|Chansey, F|704\/704
|-damage|p2a: Healer Chans|616\/704|[from] Stealth Rock
|move|p1a: Latios|Psyshock|p2a: Healer Chans
|-damage|p2a: Healer Chans|426\/704
|
|-heal|p1a: Latios|170\/301|[from] item: Leftovers
|-damage|p1a: Latios|133\/301|[from] Leech Seed|[of] p2a: Healer Chans
|-heal|p2a: Healer Chans|463\/704|[silent]
|turn|22
|
|move|p1a: Latios|Trick|p2a: Healer Chans
|-activate|p1a: Latios|move: Trick|[of] p2a: Healer Chans
|-item|p2a: Healer Chans|Leftovers|[from] move: Trick
|-item|p1a: Latios|Eviolite|[from] move: Trick
|move|p2a: Healer Chans|Wish|p2a: Healer Chans
|
|-heal|p2a: Healer Chans|507\/704|[from] item: Leftovers
|-damage|p1a: Latios|96\/301|[from] Leech Seed|[of] p2a: Healer Chans
|-heal|p2a: Healer Chans|544\/704|[silent]
|turn|23
|
|switch|p1a: Latias|Latias, F|363\/363
|-damage|p1a: Latias|318\/363|[from] Stealth Rock
|move|p2a: Healer Chans|Seismic Toss|p1a: Latias
|-damage|p1a: Latias|218\/363
|
|-heal|p2a: Healer Chans|704\/704|[from] move: Wish|[wisher] Healer Chans
|turn|24
|
|switch|p1a: Altaria|Altaria-Mega, M|260\/353
|-damage|p1a: Altaria|216\/353|[from] Stealth Rock
|move|p2a: Healer Chans|Seismic Toss|p1a: Altaria
|-damage|p1a: Altaria|116\/353
|
|turn|25
|
|move|p1a: Altaria|Roost|p1a: Altaria
|-heal|p1a: Altaria|293\/353
|move|p2a: Healer Chans|Seismic Toss|p1a: Altaria
|-damage|p1a: Altaria|193\/353
|
|turn|26
|
|switch|p2a: Sergeant Saur|Venusaur-Mega, M|236\/364
|-damage|p2a: Sergeant Saur|191\/364|[from] Stealth Rock
|move|p1a: Altaria|Dragon Dance|p1a: Altaria
|-boost|p1a: Altaria|atk|1
|-boost|p1a: Altaria|spe|1
|
|turn|27
|
|move|p1a: Altaria|Return|p2a: Sergeant Saur
|-resisted|p2a: Sergeant Saur
|-damage|p2a: Sergeant Saur|77\/364
|move|p2a: Sergeant Saur|Sludge Bomb|p1a: Altaria
|-supereffective|p1a: Altaria
|-damage|p1a: Altaria|0 fnt
|faint|p1a: Altaria
|
|
|switch|p1a: Kyurem-Black|Kyurem-Black|229\/391
|-damage|p1a: Kyurem-Black|132\/391|[from] Stealth Rock
|-ability|p1a: Kyurem-Black|Teravolt
|turn|28
|
|move|p1a: Kyurem-Black|Outrage|p2a: Sergeant Saur
|-damage|p2a: Sergeant Saur|0 fnt
|faint|p2a: Sergeant Saur
|
|
|switch|p2a: Inspector Cress|Cresselia, F|444\/444
|-damage|p2a: Inspector Cress|389\/444|[from] Stealth Rock
|turn|29
|
|move|p1a: Kyurem-Black|Outrage|p2a: Inspector Cress
|-damage|p2a: Inspector Cress|47\/444
|move|p2a: Inspector Cress|Moonblast|p1a: Kyurem-Black
|-supereffective|p1a: Kyurem-Black
|-damage|p1a: Kyurem-Black|0 fnt
|faint|p1a: Kyurem-Black
|
|-heal|p2a: Inspector Cress|74\/444|[from] item: Leftovers
|
|switch|p1a: Latios|Latios, M|96\/301
|-damage|p1a: Latios|59\/301|[from] Stealth Rock
|turn|30
|
|move|p1a: Latios|Dragon Pulse|p2a: Inspector Cress
|-damage|p2a: Inspector Cress|0 fnt
|faint|p2a: Inspector Cress
|
|
|switch|p2a: Healer Chans|Chansey, F|704\/704
|-damage|p2a: Healer Chans|616\/704|[from] Stealth Rock
|turn|31
|
|switch|p1a: Druddigon|Druddigon, F|251\/357
|-damage|p1a: Druddigon|207\/357|[from] Stealth Rock
|move|p2a: Healer Chans|Wish|p2a: Healer Chans
|
|-heal|p2a: Healer Chans|660\/704|[from] item: Leftovers
|turn|32
|
|move|p2a: Healer Chans|Seismic Toss|p1a: Druddigon
|-damage|p1a: Druddigon|107\/357
|-damage|p2a: Healer Chans|572\/704|[from] ability: Rough Skin|[of] p1a: Druddigon
|-damage|p2a: Healer Chans|455\/704|[from] item: Rocky Helmet|[of] p1a: Druddigon
|move|p1a: Druddigon|Dragon Tail|p2a: Healer Chans
|-damage|p2a: Healer Chans|289\/704
|drag|p2a: Scouter Buzz|Mandibuzz, F|233\/424
|-damage|p2a: Scouter Buzz|127\/424|[from] Stealth Rock
|
|-heal|p2a: Scouter Buzz|424\/424|[from] move: Wish|[wisher] Healer Chans
|turn|33
|
|move|p2a: Scouter Buzz|Foul Play|p1a: Druddigon
|-damage|p1a: Druddigon|0 fnt
|-damage|p2a: Scouter Buzz|371\/424|[from] ability: Rough Skin|[of] p1a: Druddigon
|-damage|p2a: Scouter Buzz|301\/424|[from] item: Rocky Helmet|[of] p1a: Druddigon
|faint|p1a: Druddigon
|
|
|switch|p1a: Latios|Latios, M|59\/301
|-damage|p1a: Latios|22\/301|[from] Stealth Rock
|turn|34
|
|switch|p2a: Healer Chans|Chansey, F|289\/704
|-damage|p2a: Healer Chans|201\/704|[from] Stealth Rock
|move|p1a: Latios|Draco Meteor|p2a: Healer Chans|[miss]
|-miss|p1a: Latios|p2a: Healer Chans
|
|-heal|p2a: Healer Chans|245\/704|[from] item: Leftovers
|turn|35
|c|âCroven|.
|
|move|p1a: Latios|Psyshock|p2a: Healer Chans
|-damage|p2a: Healer Chans|0 fnt
|faint|p2a: Healer Chans
|
|
|switch|p2a: Scouter Buzz|Mandibuzz, F|301\/424
|-damage|p2a: Scouter Buzz|195\/424|[from] Stealth Rock
|turn|36
|c|âCopy Da Stall|lol
|
|move|p1a: Latios|Draco Meteor|p2a: Scouter Buzz
|-damage|p2a: Scouter Buzz|0 fnt
|-unboost|p1a: Latios|spa|2
|faint|p2a: Scouter Buzz
|
|
|switch|p2a: Assassin Scor|Gliscor, F|134\/354 tox
|-damage|p2a: Assassin Scor|90\/354 tox|[from] Stealth Rock
|turn|37
|c|âCopy Da Stall|k
|J|AM Pallet
|
|move|p1a: Latios|Draco Meteor|p2a: Assassin Scor
|-damage|p2a: Assassin Scor|0 fnt
|-unboost|p1a: Latios|spa|2
|faint|p2a: Assassin Scor
|
|win|Croven
|c|âCroven|gg
|c|âCopy Da Stall|gg
|c|âCroven|:^)