|J|Croven
|J|Ilight
|player|p1|Croven|70
|player|p2|Ilight|101
|gametype|singles
|gen|6
|tier|OU
|clearpoke
|poke|p1|Lopunny, F, shiny
|poke|p1|Diggersby, F, shiny
|poke|p1|Greninja, F, shiny
|poke|p1|Garchomp, F
|poke|p1|Thundurus, M
|poke|p1|Azumarill, M
|poke|p2|Metagross
|poke|p2|Landorus-Therian, M
|poke|p2|Magnezone
|poke|p2|Slowbro, M
|poke|p2|Keldeo
|poke|p2|Sylveon, F
|rule|Swagger Clause: Swagger is banned
|rule|Baton Pass Clause: Limit one PokÃ©mon knowing Baton Pass
|rule|Sleep Clause Mod: Limit one foe put to sleep
|rule|Species Clause: Limit one of each PokÃ©mon
|rule|OHKO Clause: OHKO moves are banned
|rule|Moody Clause: Moody is banned
|rule|Evasion Moves Clause: Evasion moves are banned
|rule|Endless Battle Clause: Forcing endless battles is banned
|rule|HP Percentage Mod: HP is shown in percentages
|teampreview
|c|âIlight|k gl hf
|c|âCroven|k thanks
|c|âCroven|u2
|J|Imp Psiker
|c|âIlight|you have a huge
|c|âIlight|skarm bliss core problem
|c|âCroven|aint my team, but yeah
|c|âIlight|just watch out for stall teams
|c|âIlight|:P
|c|âCroven|:(
|c|âIlight|anyway gl hf
|c|âCroven|right
|J|Imp Poker
|
|start
|switch|p1a: Heavily Tailed|Thundurus, M|299\/299
|switch|p2a: Landorus-Therian|Landorus-Therian, M|360\/360
|-ability|p2a: Landorus-Therian|Intimidate|[of] p1a: Heavily Tailed
|-unboost|p1a: Heavily Tailed|atk|1
|turn|1
|
|switch|p2a: Sylveon|Sylveon, F|394\/394
|move|p1a: Heavily Tailed|Hidden Power|p2a: Sylveon
|-damage|p2a: Sylveon|342\/394
|-damage|p1a: Heavily Tailed|270\/299|[from] item: Life Orb
|
|-heal|p2a: Sylveon|366\/394|[from] item: Leftovers
|turn|2
|
|switch|p1a: Heavily Clawed|Garchomp, F|358\/358
|move|p2a: Sylveon|Hyper Voice|p1a: Heavily Clawed
|-crit|p1a: Heavily Clawed
|-supereffective|p1a: Heavily Clawed
|-enditem|p1a: Heavily Clawed|Focus Sash
|-damage|p1a: Heavily Clawed|1\/358
|
|-heal|p2a: Sylveon|390\/394|[from] item: Leftovers
|turn|3
|c|âCroven|the switch ins
|c|âIlight|o
|c|âCroven|are here
|c|âIlight|your that variant
|
|switch|p2a: Landorus-Therian|Landorus-Therian, M|360\/360
|-ability|p2a: Landorus-Therian|Intimidate|[of] p1a: Heavily Clawed
|-unboost|p1a: Heavily Clawed|atk|1
|move|p1a: Heavily Clawed|Stealth Rock|p2a: Landorus-Therian
|-sidestart|p2: Ilight|move: Stealth Rock
|
|turn|4
|
|move|p1a: Heavily Clawed|Swords Dance|p1a: Heavily Clawed
|-boost|p1a: Heavily Clawed|atk|2
|move|p2a: Landorus-Therian|Stealth Rock|p1a: Heavily Clawed
|-sidestart|p1: Croven|move: Stealth Rock
|
|turn|5
|
|switch|p2a: Slowbro|Slowbro, M|394\/394
|-damage|p2a: Slowbro|345\/394|[from] Stealth Rock
|move|p1a: Heavily Clawed|Outrage|p2a: Slowbro
|-damage|p2a: Slowbro|138\/394
|
|-heal|p2a: Slowbro|162\/394|[from] item: Leftovers
|turn|6
|
|switch|p2a: Sylveon|Sylveon, F|390\/394
|-damage|p2a: Sylveon|341\/394|[from] Stealth Rock
|move|p1a: Heavily Clawed|Outrage|p2a: Sylveon
|-immune|p2a: Sylveon|[msg]
|
|-heal|p2a: Sylveon|365\/394|[from] item: Leftovers
|turn|7
|
|switch|p2a: Landorus-Therian|Landorus-Therian, M|360\/360
|-damage|p2a: Landorus-Therian|315\/360|[from] Stealth Rock
|-ability|p2a: Landorus-Therian|Intimidate|[of] p1a: Heavily Clawed
|-unboost|p1a: Heavily Clawed|atk|1
|move|p1a: Heavily Clawed|Swords Dance|p1a: Heavily Clawed
|-boost|p1a: Heavily Clawed|atk|2
|
|-heal|p2a: Landorus-Therian|337\/360|[from] item: Leftovers
|turn|8
|
|move|p1a: Heavily Clawed|Outrage|p2a: Landorus-Therian
|-damage|p2a: Landorus-Therian|0 fnt
|faint|p2a: Landorus-Therian
|
|c|âCroven|ez
|
|switch|p2a: Sylveon|Sylveon, F|365\/394
|-damage|p2a: Sylveon|316\/394|[from] Stealth Rock
|turn|9
|
|move|p1a: Heavily Clawed|Outrage|p2a: Sylveon
|-immune|p2a: Sylveon|[msg]
|move|p2a: Sylveon|Hyper Voice|p1a: Heavily Clawed
|-supereffective|p1a: Heavily Clawed
|-damage|p1a: Heavily Clawed|0 fnt
|faint|p1a: Heavily Clawed
|
|-heal|p2a: Sylveon|340\/394|[from] item: Leftovers
|
|switch|p1a: Heavily Eared|Azumarill, M|363\/363
|-damage|p1a: Heavily Eared|318\/363|[from] Stealth Rock
|turn|10
|
|move|p1a: Heavily Eared|Play Rough|p2a: Sylveon
|-damage|p2a: Sylveon|0 fnt
|faint|p2a: Sylveon
|
|
|switch|p2a: Metagross|Metagross|302\/302
|-damage|p2a: Metagross|284\/302|[from] Stealth Rock
|turn|11
|J|Imp Wyv
|
|detailschange|p2a: Metagross|Metagross-Mega
|-mega|p2a: Metagross|Metagross|Metagrossite
|move|p2a: Metagross|Ice Punch|p1a: Heavily Eared
|-resisted|p1a: Heavily Eared
|-damage|p1a: Heavily Eared|236\/363
|move|p1a: Heavily Eared|Play Rough|p2a: Metagross
|-resisted|p2a: Metagross
|-damage|p2a: Metagross|177\/302
|-unboost|p2a: Metagross|atk|1
|
|turn|12
|
|switch|p2a: Slowbro|Slowbro, M|293\/394
|-damage|p2a: Slowbro|244\/394|[from] Stealth Rock
|switch|p1a: Heavily Tailed|Thundurus, M|270\/299
|-damage|p1a: Heavily Tailed|196\/299|[from] Stealth Rock
|
|-heal|p2a: Slowbro|268\/394|[from] item: Leftovers
|turn|13
|
|switch|p2a: Magnezone|Magnezone|281\/281
|-damage|p2a: Magnezone|264\/281|[from] Stealth Rock
|move|p1a: Heavily Tailed|Thunderbolt|p2a: Magnezone
|-resisted|p2a: Magnezone
|-damage|p2a: Magnezone|163\/281
|-damage|p1a: Heavily Tailed|167\/299|[from] item: Life Orb
|
|turn|14
|
|switch|p1a: Heavily Armed|Diggersby, F, shiny|311\/311
|-damage|p1a: Heavily Armed|292\/311|[from] Stealth Rock
|move|p2a: Magnezone|Flash Cannon|p1a: Heavily Armed
|-damage|p1a: Heavily Armed|22\/311
|
|turn|15
|
|switch|p1a: Heavily Tongued|Greninja, F, shiny|285\/285
|-damage|p1a: Heavily Tongued|250\/285|[from] Stealth Rock
|switch|p2a: Slowbro|Slowbro, M|394\/394
|-damage|p2a: Slowbro|345\/394|[from] Stealth Rock
|
|-heal|p2a: Slowbro|369\/394|[from] item: Leftovers
|turn|16
|c| Imp Wyv - ÐÔÐ°Ñ|focus blast thundurus go
|
|move|p1a: Heavily Tongued|Dark Pulse|p2a: Slowbro
|-start|p1a: Heavily Tongued|typechange|Dark|[from] Protean
|-supereffective|p2a: Slowbro
|-damage|p2a: Slowbro|26\/394
|-damage|p1a: Heavily Tongued|222\/285|[from] item: Life Orb
|move|p2a: Slowbro|Thunder Wave|p1a: Heavily Tongued
|-status|p1a: Heavily Tongued|par
|
|-heal|p2a: Slowbro|50\/394|[from] item: Leftovers
|turn|17
|
|switch|p2a: Keldeo|Keldeo|323\/323
|-damage|p2a: Keldeo|303\/323|[from] Stealth Rock
|move|p1a: Heavily Tongued|Gunk Shot|p2a: Keldeo
|-start|p1a: Heavily Tongued|typechange|Poison|[from] Protean
|-damage|p2a: Keldeo|142\/323
|-damage|p1a: Heavily Tongued|194\/285 par|[from] item: Life Orb
|
|-heal|p2a: Keldeo|162\/323|[from] item: Leftovers
|turn|18
|
|switch|p1a: Heavily Armed|Diggersby, F, shiny|22\/311
|-damage|p1a: Heavily Armed|3\/311|[from] Stealth Rock
|move|p2a: Keldeo|Surf|p1a: Heavily Armed
|-supereffective|p1a: Heavily Armed
|-damage|p1a: Heavily Armed|0 fnt
|faint|p1a: Heavily Armed
|
|-heal|p2a: Keldeo|182\/323|[from] item: Leftovers
|
|switch|p1a: Heavily Eared|Azumarill, M|236\/363
|-damage|p1a: Heavily Eared|191\/363|[from] Stealth Rock
|turn|19
|
|move|p2a: Keldeo|Substitute|p2a: Keldeo
|-start|p2a: Keldeo|Substitute
|-damage|p2a: Keldeo|102\/323
|move|p1a: Heavily Eared|Play Rough|p2a: Keldeo
|-supereffective|p2a: Keldeo
|-end|p2a: Keldeo|Substitute
|
|-heal|p2a: Keldeo|122\/323|[from] item: Leftovers
|turn|20
|
|switch|p2a: Metagross|Metagross-Mega|177\/302
|-damage|p2a: Metagross|159\/302|[from] Stealth Rock
|move|p1a: Heavily Eared|Play Rough|p2a: Metagross
|-crit|p2a: Metagross
|-resisted|p2a: Metagross
|-damage|p2a: Metagross|3\/302
|
|turn|21
|c|âCroven|damn sorry
|
|switch|p1a: Heavily Tongued|Greninja, F, shiny|194\/285 par
|-damage|p1a: Heavily Tongued|159\/285 par|[from] Stealth Rock
|move|p2a: Metagross|Meteor Mash|p1a: Heavily Tongued|[miss]
|-miss|p2a: Metagross|p1a: Heavily Tongued
|
|turn|22
|c|âCroven|welp
|
|move|p2a: Metagross|Earthquake|p1a: Heavily Tongued
|-damage|p1a: Heavily Tongued|0 fnt
|faint|p1a: Heavily Tongued
|
|
|switch|p1a: Heavily Fucked|Lopunny, F, shiny|271\/271
|-damage|p1a: Heavily Fucked|238\/271|[from] Stealth Rock
|turn|23
|
|detailschange|p1a: Heavily Fucked|Lopunny-Mega, F, shiny
|-mega|p1a: Heavily Fucked|Lopunny|Lopunnite
|move|p1a: Heavily Fucked|Fake Out|p2a: Metagross
|-resisted|p2a: Metagross
|-damage|p2a: Metagross|0 fnt
|faint|p2a: Metagross
|
|
|switch|p2a: Slowbro|Slowbro, M|181\/394
|-damage|p2a: Slowbro|132\/394|[from] Stealth Rock
|turn|24
|
|switch|p2a: Keldeo|Keldeo|122\/323
|-damage|p2a: Keldeo|102\/323|[from] Stealth Rock
|move|p1a: Heavily Fucked|Frustration|p2a: Keldeo
|-damage|p2a: Keldeo|0 fnt
|faint|p2a: Keldeo
|
|
|switch|p2a: Slowbro|Slowbro, M|263\/394
|-damage|p2a: Slowbro|214\/394|[from] Stealth Rock
|turn|25
|
|switch|p1a: Heavily Tailed|Thundurus, M|167\/299
|-damage|p1a: Heavily Tailed|93\/299|[from] Stealth Rock
|move|p2a: Slowbro|Slack Off|p2a: Slowbro
|-heal|p2a: Slowbro|394\/394
|
|turn|26
|
|move|p1a: Heavily Tailed|Thunderbolt|p2a: Slowbro
|-supereffective|p2a: Slowbro
|-damage|p2a: Slowbro|0 fnt
|-damage|p1a: Heavily Tailed|64\/299|[from] item: Life Orb
|faint|p2a: Slowbro
|
|
|switch|p2a: Magnezone|Magnezone|163\/281
|-damage|p2a: Magnezone|146\/281|[from] Stealth Rock
|turn|27
|c|âCroven|ahh good
|c|âCroven|gg 
|c|âIlight|if only i had metagros
|c|âIlight|gg
|
|move|p1a: Heavily Tailed|Focus Blast|p2a: Magnezone
|-supereffective|p2a: Magnezone
|-damage|p2a: Magnezone|0 fnt
|-damage|p1a: Heavily Tailed|35\/299|[from] item: Life Orb
|faint|p2a: Magnezone
|
|win|Croven
|c|âCroven|:(