|join|Croven
|join|Was muted
|player|p1|Croven|167
|player|p2|Was muted|3
|gametype|singles
|gen|6
|tier|OU
|rated
|clearpoke
|poke|p1|Sharpedo, M
|poke|p1|Jirachi
|poke|p1|Gliscor, F
|poke|p1|Clefable, F
|poke|p1|Amoonguss, F
|poke|p1|Heatran, F
|poke|p2|Keldeo
|poke|p2|Heatran, F
|poke|p2|Rotom-Mow
|poke|p2|Tyranitar, F
|poke|p2|Chansey, F
|poke|p2|Scizor, F
|rule|Swagger Clause: Swagger is banned
|rule|Baton Pass Clause: Limit one PokÃ©mon knowing Baton Pass
|rule|Sleep Clause Mod: Limit one foe put to sleep
|rule|Species Clause: Limit one of each PokÃ©mon
|rule|OHKO Clause: OHKO moves are banned
|rule|Moody Clause: Moody is banned
|rule|Evasion Moves Clause: Evasion moves are banned
|rule|Endless Battle Clause: Forcing endless battles is banned
|rule|HP Percentage Mod: HP is shown in percentages
|teampreview
|
|start
|switch|p1a: Gliscor|Gliscor, F|352\/352
|switch|p2a: Rotom-Mow|Rotom-Mow|241\/241
|turn|1
|
|switch|p1a: Heatran|Heatran, F|323\/323
|move|p2a: Rotom-Mow|Will-O-Wisp|p1a: Heatran
|-start|p1a: Heatran|ability: Flash Fire
|
|turn|2
|c|âWas muted|wp
|
|switch|p2a: Keldeo|Keldeo|323\/323
|move|p1a: Heatran|Overheat|p2a: Keldeo|[miss]
|-miss|p1a: Heatran|p2a: Keldeo
|
|turn|3
|c|âCroven|sigh
|c|âWas muted|srry
|
|switch|p1a: Amoonguss|Amoonguss, F|432\/432
|move|p2a: Keldeo|Icy Wind|p1a: Amoonguss
|-miss|p2a: Keldeo|p1a: Amoonguss
|
|turn|4
|
|switch|p2a: Rotom-Mow|Rotom-Mow|241\/241
|move|p1a: Amoonguss|Spore|p2a: Rotom-Mow
|-fail|p2a: Rotom-Mow
|
|turn|5
|c|âWas muted|justice xD
|
|move|p2a: Rotom-Mow|Volt Switch|p1a: Amoonguss
|-resisted|p1a: Amoonguss
|-damage|p1a: Amoonguss|375\/432
|
|switch|p2a: Scizor|Scizor, F|343\/343
|move|p1a: Amoonguss|Clear Smog|p2a: Scizor
|-immune|p2a: Scizor|[msg]
|
|-heal|p1a: Amoonguss|402\/432|[from] item: Black Sludge
|turn|6
|
|switch|p2a: Rotom-Mow|Rotom-Mow|241\/241
|switch|p1a: Heatran|Heatran, F|323\/323
|
|turn|7
|
|move|p1a: Heatran|Overheat|p2a: Rotom-Mow
|-supereffective|p2a: Rotom-Mow
|-damage|p2a: Rotom-Mow|0 fnt
|-unboost|p1a: Heatran|spa|2
|faint|p2a: Rotom-Mow
|
|
|switch|p2a: Heatran|Heatran, F|323\/323
|turn|8
|
|switch|p1a: Gliscor|Gliscor, F|352\/352
|move|p2a: Heatran|Magma Storm|p1a: Gliscor
|-damage|p1a: Gliscor|150\/352
|-activate|p1a: Gliscor|move: Magma Storm|[of] p2a: Heatran
|
|-damage|p1a: Gliscor|106\/352|[from] move: Magma Storm|[partiallytrapped]
|-status|p1a: Gliscor|tox|[from] item: Toxic Orb
|turn|9
|
|switch|p2a: Keldeo|Keldeo|323\/323
|move|p1a: Gliscor|Roost|p1a: Gliscor
|-heal|p1a: Gliscor|282\/352 tox
|
|-heal|p1a: Gliscor|326\/352 tox|[from] ability: Poison Heal
|-end|p1a: Gliscor|Magma Storm|[partiallytrapped]
|turn|10
|
|switch|p1a: Amoonguss|Amoonguss, F|432\/432
|move|p2a: Keldeo|Icy Wind|p1a: Amoonguss
|-crit|p1a: Amoonguss
|-supereffective|p1a: Amoonguss
|-damage|p1a: Amoonguss|78\/432
|-unboost|p1a: Amoonguss|spe|1
|
|-heal|p1a: Amoonguss|105\/432|[from] item: Black Sludge
|turn|11
|
|switch|p1a: Jirachi|Jirachi|404\/404
|move|p2a: Keldeo|Icy Wind|p1a: Jirachi
|-resisted|p1a: Jirachi
|-damage|p1a: Jirachi|349\/404
|-unboost|p1a: Jirachi|spe|1
|
|-heal|p1a: Jirachi|374\/404|[from] item: Leftovers
|turn|12
|
|switch|p2a: Chansey|Chansey, F|641\/641
|move|p1a: Jirachi|Stealth Rock|p2a: Chansey
|-sidestart|p2: Was muted|move: Stealth Rock
|
|-heal|p1a: Jirachi|399\/404|[from] item: Leftovers
|turn|13
|
|move|p1a: Jirachi|Iron Head|p2a: Chansey
|-damage|p2a: Chansey|493\/641
|move|p2a: Chansey|Seismic Toss|p1a: Jirachi
|-damage|p1a: Jirachi|299\/404
|
|-heal|p1a: Jirachi|324\/404|[from] item: Leftovers
|turn|14
|
|switch|p2a: Scizor|Scizor, F|343\/343
|-damage|p2a: Scizor|301\/343|[from] Stealth Rock
|move|p1a: Jirachi|Toxic|p2a: Scizor
|-fail|p2a: Scizor
|
|-heal|p1a: Jirachi|349\/404|[from] item: Leftovers
|turn|15
|
|detailschange|p2a: Scizor|Scizor-Mega, F
|-mega|p2a: Scizor|Scizor|Scizorite
|move|p1a: Jirachi|Fire Punch|p2a: Scizor
|-supereffective|p2a: Scizor
|-damage|p2a: Scizor|149\/343
|move|p2a: Scizor|Superpower|p1a: Jirachi
|-damage|p1a: Jirachi|203\/404
|-unboost|p2a: Scizor|atk|1
|-unboost|p2a: Scizor|def|1
|
|-heal|p1a: Jirachi|228\/404|[from] item: Leftovers
|turn|16
|
|switch|p1a: Gliscor|Gliscor, F|326\/352 tox
|switch|p2a: Heatran|Heatran, F|323\/323
|-damage|p2a: Heatran|283\/323|[from] Stealth Rock
|
|-heal|p1a: Gliscor|352\/352 tox|[from] ability: Poison Heal
|turn|17
|
|switch|p2a: Keldeo|Keldeo|323\/323
|-damage|p2a: Keldeo|303\/323|[from] Stealth Rock
|move|p1a: Gliscor|Earthquake|p2a: Keldeo
|-crit|p2a: Keldeo
|-damage|p2a: Keldeo|119\/323
|
|turn|18
|
|switch|p1a: Clefable|Clefable, F|394\/394
|move|p2a: Keldeo|Scald|p1a: Clefable
|-damage|p1a: Clefable|198\/394
|
|-heal|p1a: Clefable|222\/394|[from] item: Leftovers
|turn|19
|
|move|p2a: Keldeo|Scald|p1a: Clefable
|-damage|p1a: Clefable|17\/394
|move|p1a: Clefable|Soft-Boiled|p1a: Clefable
|-heal|p1a: Clefable|214\/394
|
|-heal|p1a: Clefable|238\/394|[from] item: Leftovers
|turn|20
|
|move|p2a: Keldeo|Scald|p1a: Clefable
|-damage|p1a: Clefable|37\/394
|move|p1a: Clefable|Soft-Boiled|p1a: Clefable
|-heal|p1a: Clefable|234\/394
|
|-heal|p1a: Clefable|258\/394|[from] item: Leftovers
|turn|21
|c|âWas muted|Now crit
|c|âWas muted|pls
|
|move|p2a: Keldeo|Scald|p1a: Clefable
|-damage|p1a: Clefable|57\/394
|-status|p1a: Clefable|brn
|move|p1a: Clefable|Soft-Boiled|p1a: Clefable
|-heal|p1a: Clefable|254\/394 brn
|
|-heal|p1a: Clefable|278\/394 brn|[from] item: Leftovers
|turn|22
|
|move|p2a: Keldeo|Scald|p1a: Clefable
|-damage|p1a: Clefable|77\/394 brn
|move|p1a: Clefable|Soft-Boiled|p1a: Clefable
|-heal|p1a: Clefable|274\/394 brn
|
|-heal|p1a: Clefable|298\/394 brn|[from] item: Leftovers
|turn|23
|
|move|p2a: Keldeo|Scald|p1a: Clefable
|-damage|p1a: Clefable|90\/394 brn
|move|p1a: Clefable|Soft-Boiled|p1a: Clefable
|-heal|p1a: Clefable|287\/394 brn
|
|-heal|p1a: Clefable|311\/394 brn|[from] item: Leftovers
|turn|24
|
|switch|p2a: Heatran|Heatran, F|283\/323
|-damage|p2a: Heatran|243\/323|[from] Stealth Rock
|move|p1a: Clefable|Soft-Boiled|p1a: Clefable
|-heal|p1a: Clefable|394\/394 brn
|
|turn|25
|
|switch|p2a: Keldeo|Keldeo|119\/323
|-damage|p2a: Keldeo|99\/323|[from] Stealth Rock
|switch|p1a: Gliscor|Gliscor, F|352\/352 tox
|
|turn|26
|
|switch|p1a: Clefable|Clefable, F|394\/394 brn
|move|p2a: Keldeo|Hydro Pump|p1a: Clefable
|-damage|p1a: Clefable|102\/394 brn
|
|-heal|p1a: Clefable|126\/394 brn|[from] item: Leftovers
|turn|27
|
|move|p2a: Keldeo|Hydro Pump|p1a: Clefable
|-damage|p1a: Clefable|0 fnt
|faint|p1a: Clefable
|
|
|switch|p1a: Amoonguss|Amoonguss, F|249\/432
|turn|28
|
|switch|p2a: Chansey|Chansey, F|493\/641
|-damage|p2a: Chansey|413\/641|[from] Stealth Rock
|move|p1a: Amoonguss|Spore|p2a: Chansey
|-status|p2a: Chansey|slp
|
|-heal|p1a: Amoonguss|276\/432|[from] item: Black Sludge
|turn|29
|
|switch|p2a: Heatran|Heatran, F|243\/323
|-damage|p2a: Heatran|203\/323|[from] Stealth Rock
|move|p1a: Amoonguss|Stun Spore|p2a: Heatran
|-status|p2a: Heatran|par
|
|-heal|p1a: Amoonguss|303\/432|[from] item: Black Sludge
|turn|30
|c|âWas muted|!stun spore
|c|âWas muted|!data stun spore
|c|~|\/data-move Stun Spore

|c|âWas muted|interesting
|
|switch|p1a: Gliscor|Gliscor, F|352\/352 tox
|switch|p2a: Keldeo|Keldeo|99\/323
|-damage|p2a: Keldeo|79\/323|[from] Stealth Rock
|
|turn|31
|
|switch|p1a: Amoonguss|Amoonguss, F|432\/432
|move|p2a: Keldeo|Scald|p1a: Amoonguss
|-resisted|p1a: Amoonguss
|-damage|p1a: Amoonguss|300\/432
|-status|p1a: Amoonguss|brn
|
|-heal|p1a: Amoonguss|327\/432 brn|[from] item: Black Sludge
|-damage|p1a: Amoonguss|273\/432 brn|[from] brn
|turn|32
|
|switch|p2a: Tyranitar|Tyranitar, F|341\/341
|-damage|p2a: Tyranitar|299\/341|[from] Stealth Rock
|-weather|Sandstorm
|switch|p1a: Gliscor|Gliscor, F|352\/352 tox
|
|-weather|Sandstorm|[upkeep]
|turn|33
|
|move|p2a: Tyranitar|Stealth Rock|p1a: Gliscor
|-sidestart|p1: Croven|move: Stealth Rock
|move|p1a: Gliscor|Swords Dance|p1a: Gliscor
|-boost|p1a: Gliscor|atk|2
|
|-weather|Sandstorm|[upkeep]
|turn|34
|
|switch|p2a: Scizor|Scizor-Mega, F|149\/343
|-damage|p2a: Scizor|107\/343|[from] Stealth Rock
|move|p1a: Gliscor|Baton Pass|p1a: Gliscor
|
|switch|p1a: Sharpedo|Sharpedo, M|281\/281
|-damage|p1a: Sharpedo|246\/281|[from] Stealth Rock
|
|-weather|Sandstorm|[upkeep]
|-damage|p1a: Sharpedo|229\/281|[from] sandstorm
|turn|35
|c|âWas muted|sharpedo no pls
|c|âWas muted|O.o
|c|âCroven|o.o
|
|move|p1a: Sharpedo|Protect|p1a: Sharpedo
|-singleturn|p1a: Sharpedo|Protect
|move|p2a: Scizor|Roost|p2a: Scizor
|-heal|p2a: Scizor|279\/343
|
|-weather|Sandstorm|[upkeep]
|-damage|p1a: Sharpedo|212\/281|[from] sandstorm
|-boost|p1a: Sharpedo|spe|1|[from] ability: Speed Boost
|turn|36
|c|âCroven|not gonna save u o.o
|c|âWas muted|Yes!!!
|
|detailschange|p1a: Sharpedo|Sharpedo-Mega, M
|-mega|p1a: Sharpedo|Sharpedo|Sharpedonite
|move|p1a: Sharpedo|Crunch|p2a: Scizor
|-damage|p2a: Scizor|15\/343
|move|p2a: Scizor|Superpower|p1a: Sharpedo
|-supereffective|p1a: Sharpedo
|-damage|p1a: Sharpedo|0 fnt
|-unboost|p2a: Scizor|atk|1
|-unboost|p2a: Scizor|def|1
|faint|p1a: Sharpedo
|
|-weather|none
|c|âWas muted|My scizor is good
|c|âCroven|wtf
|
|switch|p1a: Heatran|Heatran, F|323\/323
|-damage|p1a: Heatran|283\/323|[from] Stealth Rock
|turn|37
|c|âWas muted|nice work scizor
|c|âWas muted|bye
|
|move|p1a: Heatran|Flash Cannon|p2a: Scizor
|-resisted|p2a: Scizor
|-damage|p2a: Scizor|0 fnt
|faint|p2a: Scizor
|
|c|âWas muted|1 sec pls
|c|âCroven|omg
|c|âCroven|that was
|c|âCroven|a min roll
|c|âCroven|NO
|c|âCroven|+2 252+ Atk Strong Jaw Mega Sharpedo Crunch vs. 248 HP \/ 252+ Def Mega Scizor: 258-304 (75.2 - 88.6%) -- guaranteed 2HKO
|c|âWas muted|has 252 hp 252 def
|c|âCroven|look at the calc
|c|âWas muted|ah yes
|c|âWas muted|xd
|c|âCroven|sigh
|
|switch|p2a: Chansey|Chansey, F|413\/641
|-damage|p2a: Chansey|333\/641|[from] Stealth Rock
|turn|38
|
|switch|p1a: Gliscor|Gliscor, F|352\/352 tox
|-damage|p1a: Gliscor|308\/352 tox|[from] Stealth Rock
|move|p2a: Chansey|Wish|p2a: Chansey
|
|-heal|p1a: Gliscor|352\/352 tox|[from] ability: Poison Heal
|turn|39
|
|move|p2a: Chansey|Protect|p2a: Chansey
|-singleturn|p2a: Chansey|Protect
|move|p1a: Gliscor|Earthquake|p2a: Chansey
|-activate|p2a: Chansey|Protect
|
|-heal|p2a: Chansey|641\/641|[from] move: Wish|[wisher] Chansey
|turn|40
|
|move|p1a: Gliscor|Earthquake|p2a: Chansey
|-damage|p2a: Chansey|503\/641
|move|p2a: Chansey|Seismic Toss|p1a: Gliscor
|-damage|p1a: Gliscor|252\/352 tox
|
|-heal|p1a: Gliscor|296\/352 tox|[from] ability: Poison Heal
|turn|41
|
|switch|p2a: Keldeo|Keldeo|79\/323
|-damage|p2a: Keldeo|59\/323|[from] Stealth Rock
|move|p1a: Gliscor|Swords Dance|p1a: Gliscor
|-boost|p1a: Gliscor|atk|2
|
|-heal|p1a: Gliscor|340\/352 tox|[from] ability: Poison Heal
|turn|42
|
|switch|p1a: Jirachi|Jirachi|228\/404
|-damage|p1a: Jirachi|203\/404|[from] Stealth Rock
|move|p2a: Keldeo|Icy Wind|p1a: Jirachi
|-resisted|p1a: Jirachi
|-damage|p1a: Jirachi|150\/404
|-unboost|p1a: Jirachi|spe|1
|
|-heal|p1a: Jirachi|175\/404|[from] item: Leftovers
|turn|43
|
|switch|p2a: Tyranitar|Tyranitar, F|299\/341
|-damage|p2a: Tyranitar|257\/341|[from] Stealth Rock
|-weather|Sandstorm
|switch|p1a: Heatran|Heatran, F|283\/323
|-damage|p1a: Heatran|243\/323|[from] Stealth Rock
|
|-weather|Sandstorm|[upkeep]
|turn|44
|
|switch|p1a: Jirachi|Jirachi|175\/404
|-damage|p1a: Jirachi|150\/404|[from] Stealth Rock
|move|p2a: Tyranitar|Crunch|p1a: Jirachi
|-supereffective|p1a: Jirachi
|-damage|p1a: Jirachi|0 fnt
|faint|p1a: Jirachi
|
|-weather|Sandstorm|[upkeep]
|
|switch|p1a: Gliscor|Gliscor, F|340\/352 tox
|-damage|p1a: Gliscor|296\/352 tox|[from] Stealth Rock
|turn|45
|
|move|p2a: Tyranitar|Crunch|p1a: Gliscor
|-damage|p1a: Gliscor|208\/352 tox
|move|p1a: Gliscor|Earthquake|p2a: Tyranitar
|-supereffective|p2a: Tyranitar
|-damage|p2a: Tyranitar|35\/341
|
|-weather|Sandstorm|[upkeep]
|-heal|p1a: Gliscor|252\/352 tox|[from] ability: Poison Heal
|turn|46
|
|move|p2a: Tyranitar|Crunch|p1a: Gliscor
|-damage|p1a: Gliscor|159\/352 tox
|move|p1a: Gliscor|Roost|p1a: Gliscor
|-heal|p1a: Gliscor|335\/352 tox
|
|-weather|Sandstorm|[upkeep]
|-heal|p1a: Gliscor|352\/352 tox|[from] ability: Poison Heal
|turn|47
|
|move|p2a: Tyranitar|Crunch|p1a: Gliscor
|-damage|p1a: Gliscor|265\/352 tox
|-unboost|p1a: Gliscor|def|1
|move|p1a: Gliscor|Earthquake|p2a: Tyranitar
|-supereffective|p2a: Tyranitar
|-damage|p2a: Tyranitar|0 fnt
|faint|p2a: Tyranitar
|
|-weather|none
|-heal|p1a: Gliscor|309\/352 tox|[from] ability: Poison Heal
|
|switch|p2a: Keldeo|Keldeo|59\/323
|-damage|p2a: Keldeo|39\/323|[from] Stealth Rock
|turn|48
|
|switch|p1a: Amoonguss|Amoonguss, F|417\/432 brn
|-damage|p1a: Amoonguss|363\/432 brn|[from] Stealth Rock
|move|p2a: Keldeo|Scald|p1a: Amoonguss
|-resisted|p1a: Amoonguss
|-damage|p1a: Amoonguss|238\/432 brn
|
|-heal|p1a: Amoonguss|265\/432 brn|[from] item: Black Sludge
|-damage|p1a: Amoonguss|211\/432 brn|[from] brn
|turn|49
|
|switch|p1a: Gliscor|Gliscor, F|309\/352 tox
|-damage|p1a: Gliscor|265\/352 tox|[from] Stealth Rock
|move|p2a: Keldeo|Scald|p1a: Gliscor
|-supereffective|p1a: Gliscor
|-damage|p1a: Gliscor|0 fnt
|faint|p1a: Gliscor
|
|
|switch|p1a: Heatran|Heatran, F|243\/323
|-damage|p1a: Heatran|203\/323|[from] Stealth Rock
|turn|50
|-message|Croven forfeited.
|leave|Croven
|c|âWas muted|gg
|
|win|Was muted
|raw|Ladder updating...
|player|p1
|raw|Croven's rating: 1562 &rarr; <strong>1542<\/strong><br \/>(-20 for losing)
|raw|Was muted's rating: 1562 &rarr; <strong>1582<\/strong><br \/>(+20 for winning)
|join|likeaboss12
|join|Jesus613
|join|Itami Dark
|leave|Itami Dark
|leave|likeaboss12
|join|silver80
|leave|Jesus613