|join|TFL
|join|Croven
|join|Uronym
|join|SmashBrosBrawl
|c|âCroven|best of luck
|join|zapp.zapp
|player|p1|TFL|70
|player|p2|Croven|167
|gametype|singles
|gen|6
|tier|OU
|clearpoke
|poke|p1|Garchomp, M
|poke|p1|Jirachi
|poke|p1|Latias, F
|poke|p1|Keldeo
|poke|p1|Tyranitar, M
|poke|p1|Clefable, F
|poke|p2|Altaria, F
|poke|p2|Slowbro, F
|poke|p2|Heatran, M
|poke|p2|Ferrothorn, F
|poke|p2|Tyranitar, F
|poke|p2|Keldeo
|rule|Swagger Clause: Swagger is banned
|rule|Baton Pass Clause: Limit one PokÃ©mon knowing Baton Pass
|rule|Sleep Clause Mod: Limit one foe put to sleep
|rule|Species Clause: Limit one of each PokÃ©mon
|rule|OHKO Clause: OHKO moves are banned
|rule|Moody Clause: Moody is banned
|rule|Evasion Moves Clause: Evasion moves are banned
|rule|Endless Battle Clause: Forcing endless battles is banned
|rule|HP Percentage Mod: HP is shown in percentages
|teampreview
|c|âTFL|bl hf
|join|Mega Magic Bounce
|c|âCroven|:(
|join|LadderSoTall
|join|ZellJr
|join|SharkNinja
|leave|ZellJr
|join|Kung Fu Pancham
|join|shadowthorn
|c| LadderSoTall|go tfl
|join|asdfCookie
|
|start
|switch|p1a: Garchomp|Garchomp, M|420\/420
|switch|p2a: Altaria|Altaria, F|353\/353
|turn|1
|join|gizmo
|
|detailschange|p2a: Altaria|Altaria-Mega, F
|-mega|p2a: Altaria|Altaria|Altarianite
|move|p1a: Garchomp|Stealth Rock|p2a: Altaria
|-sidestart|p2: Croven|move: Stealth Rock
|move|p2a: Altaria|Frustration|p1a: Garchomp
|-supereffective|p1a: Garchomp
|-damage|p1a: Garchomp|166\/420
|-damage|p2a: Altaria|309\/353|[from] ability: Rough Skin|[of] p1a: Garchomp
|-damage|p2a: Altaria|251\/353|[from] item: Rocky Helmet|[of] p1a: Garchomp
|
|turn|2
|c| gizmo|tfl
|join|abcdefghitony
|c| gizmo|finally
|c| gizmo|changed his avatar
|c| gizmo|in 6 years
|c|âCroven|lol
|c|âCroven|o.o
|c| gizmo|maybe more
|c| Mega Magic Bounce|it's been 3000 years...
|c| gizmo|idk
|c|âCroven|:\/
|
|switch|p1a: Jirachi|Jirachi|404\/404
|move|p2a: Altaria|Roost|p2a: Altaria
|-heal|p2a: Altaria|353\/353
|
|turn|3
|
|switch|p2a: Heatran|Heatran, M|385\/385
|-damage|p2a: Heatran|337\/385|[from] Stealth Rock
|move|p1a: Jirachi|Thunder Wave|p2a: Heatran
|-status|p2a: Heatran|par
|
|-heal|p2a: Heatran|361\/385 par|[from] item: Leftovers
|turn|4
|leave|abcdefghitony
|
|switch|p1a: Clefable|Clefable, F|394\/394
|cant|p2a: Heatran|par
|
|-heal|p2a: Heatran|385\/385 par|[from] item: Leftovers
|turn|5
|
|move|p1a: Clefable|Calm Mind|p1a: Clefable
|-boost|p1a: Clefable|spa|1
|-boost|p1a: Clefable|spd|1
|cant|p2a: Heatran|par
|
|turn|6
|
|move|p1a: Clefable|Calm Mind|p1a: Clefable
|-boost|p1a: Clefable|spa|1
|-boost|p1a: Clefable|spd|1
|cant|p2a: Heatran|par
|
|turn|7
|c|âCroven|oh god
|c|âTFL|hmm
|c|âCroven|it begins
|c|âTFL|thanks for giving me the luck
|c|âCroven|:(
|
|move|p1a: Clefable|Focus Blast|p2a: Heatran|[miss]
|-miss|p1a: Clefable|p2a: Heatran
|cant|p2a: Heatran|par
|
|turn|8
|c|âCroven|sigh
|c|âTFL|dun worry
|c|âCroven|spoiler alert
|
|move|p1a: Clefable|Focus Blast|p2a: Heatran
|-supereffective|p2a: Heatran
|-damage|p2a: Heatran|119\/385 par
|move|p2a: Heatran|Roar|p1a: Clefable
|drag|p1a: Latias|Latias, F|363\/363
|
|-heal|p2a: Heatran|143\/385 par|[from] item: Leftovers
|turn|9
|c|âCroven|i have roar
|
|switch|p1a: Keldeo|Keldeo|324\/324
|switch|p2a: Ferrothorn|Ferrothorn, F|352\/352
|-damage|p2a: Ferrothorn|330\/352|[from] Stealth Rock
|
|-heal|p2a: Ferrothorn|352\/352|[from] item: Leftovers
|turn|10
|join|Hallovv
|join|craing
|
|switch|p2a: Altaria|Altaria-Mega, F|353\/353
|-damage|p2a: Altaria|309\/353|[from] Stealth Rock
|move|p1a: Keldeo|Secret Sword|p2a: Altaria
|-resisted|p2a: Altaria
|-damage|p2a: Altaria|228\/353
|
|turn|11
|
|switch|p1a: Jirachi|Jirachi|404\/404
|move|p2a: Altaria|Heal Bell|p2a: Altaria
|-cureteam|p2a: Altaria|[from] move: HealBell
|
|turn|12
|
|switch|p2a: Heatran|Heatran, M|143\/385
|-damage|p2a: Heatran|95\/385|[from] Stealth Rock
|move|p1a: Jirachi|Thunder Wave|p2a: Heatran
|-status|p2a: Heatran|par
|
|-heal|p2a: Heatran|119\/385 par|[from] item: Leftovers
|turn|13
|
|switch|p1a: Clefable|Clefable, F|394\/394
|cant|p2a: Heatran|par
|
|-heal|p2a: Heatran|143\/385 par|[from] item: Leftovers
|turn|14
|c|âTFL|lgi
|join|Disorient
|
|move|p1a: Clefable|Focus Blast|p2a: Heatran|[miss]
|-miss|p1a: Clefable|p2a: Heatran
|cant|p2a: Heatran|par
|
|-heal|p2a: Heatran|167\/385 par|[from] item: Leftovers
|turn|15
|c|âCroven|can we not do this again
|
|switch|p2a: Ferrothorn|Ferrothorn, F|352\/352
|-damage|p2a: Ferrothorn|330\/352|[from] Stealth Rock
|move|p1a: Clefable|Calm Mind|p1a: Clefable
|-boost|p1a: Clefable|spa|1
|-boost|p1a: Clefable|spd|1
|
|-heal|p2a: Ferrothorn|352\/352|[from] item: Leftovers
|turn|16
|c| Mega Magic Bounce|how can focus blast miss if you're supposed to focus to use it?
|
|move|p1a: Clefable|Calm Mind|p1a: Clefable
|-boost|p1a: Clefable|spa|1
|-boost|p1a: Clefable|spd|1
|move|p2a: Ferrothorn|Gyro Ball|p1a: Clefable
|-supereffective|p1a: Clefable
|-damage|p1a: Clefable|176\/394
|
|-heal|p1a: Clefable|200\/394|[from] item: Leftovers
|turn|17
|c|âCroven|too much focus required
|c| Mega Magic Bounce|pokelogic
|c|âCroven|we're going down
|
|move|p1a: Clefable|Soft-Boiled|p1a: Clefable
|-heal|p1a: Clefable|394\/394
|move|p2a: Ferrothorn|Gyro Ball|p1a: Clefable
|-supereffective|p1a: Clefable
|-damage|p1a: Clefable|164\/394
|
|-heal|p1a: Clefable|188\/394|[from] item: Leftovers
|turn|18
|
|switch|p2a: Slowbro|Slowbro, F|394\/394
|-damage|p2a: Slowbro|345\/394|[from] Stealth Rock
|move|p1a: Clefable|Soft-Boiled|p1a: Clefable
|-heal|p1a: Clefable|385\/394
|
|-heal|p1a: Clefable|394\/394|[from] item: Leftovers
|-heal|p2a: Slowbro|369\/394|[from] item: Leftovers
|turn|19
|
|move|p1a: Clefable|Calm Mind|p1a: Clefable
|-boost|p1a: Clefable|spa|1
|-boost|p1a: Clefable|spd|1
|move|p2a: Slowbro|Thunder Wave|p1a: Clefable
|-status|p1a: Clefable|par
|
|-heal|p2a: Slowbro|393\/394|[from] item: Leftovers
|turn|20
|
|move|p2a: Slowbro|Psyshock|p1a: Clefable
|-damage|p1a: Clefable|292\/394 par
|move|p1a: Clefable|Focus Blast|p2a: Slowbro
|-resisted|p2a: Slowbro
|-damage|p2a: Slowbro|253\/394
|
|-heal|p2a: Slowbro|277\/394|[from] item: Leftovers
|-heal|p1a: Clefable|316\/394 par|[from] item: Leftovers
|turn|21
|
|switch|p2a: Heatran|Heatran, M|167\/385 par
|-damage|p2a: Heatran|119\/385 par|[from] Stealth Rock
|move|p1a: Clefable|Moonblast|p2a: Heatran
|-resisted|p2a: Heatran
|-damage|p2a: Heatran|69\/385 par
|
|-heal|p2a: Heatran|93\/385 par|[from] item: Leftovers
|-heal|p1a: Clefable|340\/394 par|[from] item: Leftovers
|turn|22
|c|âCroven|cmon just miss or get para'd
|c|âTFL|n
|c|âCroven|y
|c|âTFL|u will
|
|move|p1a: Clefable|Focus Blast|p2a: Heatran
|-supereffective|p2a: Heatran
|-damage|p2a: Heatran|0 fnt
|faint|p2a: Heatran
|
|-heal|p1a: Clefable|364\/394 par|[from] item: Leftovers
|c|âCroven|no i wont
|c|âCroven|sigh
|join|adfADF
|join|DMâ35
|leave|SmashBrosBrawl
|
|switch|p2a: Altaria|Altaria-Mega, F|228\/353
|-damage|p2a: Altaria|184\/353|[from] Stealth Rock
|turn|23
|
|move|p2a: Altaria|Frustration|p1a: Clefable
|-damage|p1a: Clefable|177\/394 par
|cant|p1a: Clefable|par
|
|-heal|p1a: Clefable|201\/394 par|[from] item: Leftovers
|turn|24
|c|âCroven|good
|c|âCroven|good
|c|âTFL|hax
|join|WECAMEASROMANS
|c|âCroven|no u
|leave|WECAMEASROMANS
|
|move|p2a: Altaria|Frustration|p1a: Clefable
|-damage|p1a: Clefable|23\/394 par
|move|p1a: Clefable|Moonblast|p2a: Altaria
|-supereffective|p2a: Altaria
|-damage|p2a: Altaria|0 fnt
|faint|p2a: Altaria
|
|-heal|p1a: Clefable|47\/394 par|[from] item: Leftovers
|c|âTFL|u did gud clef
|c|âCroven|:(
|
|switch|p2a: Keldeo|Keldeo|323\/323
|-damage|p2a: Keldeo|303\/323|[from] Stealth Rock
|turn|25
|
|move|p2a: Keldeo|Scald|p1a: Clefable
|-damage|p1a: Clefable|0 fnt
|faint|p1a: Clefable
|
|-heal|p2a: Keldeo|323\/323|[from] item: Leftovers
|
|switch|p1a: Keldeo|Keldeo|324\/324
|turn|26
|c|âTFL|im stronger coz specs
|c|âCroven|no ur just bad imo
|
|switch|p2a: Slowbro|Slowbro, F|394\/394
|-damage|p2a: Slowbro|345\/394|[from] Stealth Rock
|move|p1a: Keldeo|Hidden Power|p2a: Slowbro
|-crit|p2a: Slowbro
|-supereffective|p2a: Slowbro
|-damage|p2a: Slowbro|0 fnt
|faint|p2a: Slowbro
|
|c|âCroven|jk
|join|PZwag
|c|âTFL|rekt
|c|âTFL|jeejee
|c| LadderSoTall|lol
|c| Hallovv|OH DAYUM
|c|âCroven|sigh nice crit
|leave|SharkNinja
|
|switch|p2a: Ferrothorn|Ferrothorn, F|352\/352
|-damage|p2a: Ferrothorn|330\/352|[from] Stealth Rock
|turn|27
|
|switch|p1a: Garchomp|Garchomp, M|166\/420
|move|p2a: Ferrothorn|Leech Seed|p1a: Garchomp
|-start|p1a: Garchomp|move: Leech Seed
|
|-heal|p2a: Ferrothorn|352\/352|[from] item: Leftovers
|-damage|p1a: Garchomp|114\/420|[from] Leech Seed|[of] p2a: Ferrothorn
|turn|28
|leave|Disorient
|
|move|p1a: Garchomp|Fire Blast|p2a: Ferrothorn
|-supereffective|p2a: Ferrothorn
|-damage|p2a: Ferrothorn|156\/352
|move|p2a: Ferrothorn|Spikes|p1a: Garchomp
|-sidestart|p1: TFL|Spikes
|
|-heal|p2a: Ferrothorn|178\/352|[from] item: Leftovers
|-damage|p1a: Garchomp|62\/420|[from] Leech Seed|[of] p2a: Ferrothorn
|-heal|p2a: Ferrothorn|230\/352|[silent]
|turn|29
|
|switch|p2a: Keldeo|Keldeo|323\/323
|-damage|p2a: Keldeo|303\/323|[from] Stealth Rock
|move|p1a: Garchomp|Fire Blast|p2a: Keldeo
|-resisted|p2a: Keldeo
|-damage|p2a: Keldeo|265\/323
|-status|p2a: Keldeo|brn
|
|-heal|p2a: Keldeo|285\/323 brn|[from] item: Leftovers
|-damage|p1a: Garchomp|10\/420|[from] Leech Seed|[of] p2a: Keldeo
|-heal|p2a: Keldeo|323\/323 brn|[silent]
|-damage|p2a: Keldeo|283\/323 brn|[from] brn
|turn|30
|c|âCroven|sigh
|
|move|p2a: Keldeo|Scald|p1a: Garchomp
|-damage|p1a: Garchomp|0 fnt
|faint|p1a: Garchomp
|
|-heal|p2a: Keldeo|303\/323 brn|[from] item: Leftovers
|-damage|p2a: Keldeo|263\/323 brn|[from] brn
|c|âTFL|I'm on point right now
|c|âTFL|wow
|c|âCroven|:(
|c|âCroven|why do i even play this game
|c|âCroven|i should be brown and study for midterms like my parents tell me to
|
|switch|p1a: Keldeo|Keldeo|324\/324
|-damage|p1a: Keldeo|284\/324|[from] Spikes
|turn|31
|c|âCroven|k win 2 speed ties keldeo
|
|move|p1a: Keldeo|Secret Sword|p2a: Keldeo
|-damage|p2a: Keldeo|2\/323 brn
|move|p2a: Keldeo|Secret Sword|p1a: Keldeo
|-damage|p1a: Keldeo|122\/324
|
|-heal|p2a: Keldeo|22\/323 brn|[from] item: Leftovers
|-damage|p2a: Keldeo|0 fnt|[from] brn
|faint|p2a: Keldeo
|c|âCroven|please
|c|âCroven|ok nvm
|c|âTFL|nop
|c|âCroven|you failed me
|join|BattleXV
|c|âCroven|i dont even have superpower on tar
|
|switch|p2a: Tyranitar|Tyranitar, F|341\/341
|-damage|p2a: Tyranitar|299\/341|[from] Stealth Rock
|-weather|Sandstorm
|turn|32
|c|âCroven|i run ice beam LOL
|c|âCroven|time for a crit
|
|switch|p1a: Latias|Latias, F|363\/363
|move|p2a: Tyranitar|Stone Edge|p1a: Latias
|-damage|p1a: Latias|195\/363
|
|-weather|Sandstorm|[upkeep]
|-damage|p1a: Latias|173\/363|[from] sandstorm
|turn|33
|
|switch|p2a: Ferrothorn|Ferrothorn, F|230\/352
|-damage|p2a: Ferrothorn|208\/352|[from] Stealth Rock
|detailschange|p1a: Latias|Latias-Mega, F
|-mega|p1a: Latias|Latias|Latiasite
|move|p1a: Latias|Roost|p1a: Latias
|-heal|p1a: Latias|355\/363
|
|-weather|Sandstorm|[upkeep]
|-damage|p1a: Latias|333\/363|[from] sandstorm
|-heal|p2a: Ferrothorn|230\/352|[from] item: Leftovers
|turn|34
|c|âCroven|NO
|c|âCroven|cancel
|c|âCroven|oh wait ur mega
|
|move|p1a: Latias|Calm Mind|p1a: Latias
|-boost|p1a: Latias|spa|1
|-boost|p1a: Latias|spd|1
|move|p2a: Ferrothorn|Leech Seed|p1a: Latias
|-start|p1a: Latias|move: Leech Seed
|
|-weather|Sandstorm|[upkeep]
|-damage|p1a: Latias|311\/363|[from] sandstorm
|-heal|p2a: Ferrothorn|252\/352|[from] item: Leftovers
|-damage|p1a: Latias|266\/363|[from] Leech Seed|[of] p2a: Ferrothorn
|-heal|p2a: Ferrothorn|297\/352|[silent]
|turn|35
|c|âTFL|just gonna set up these calm minds
|
|move|p1a: Latias|Calm Mind|p1a: Latias
|-boost|p1a: Latias|spa|1
|-boost|p1a: Latias|spd|1
|move|p2a: Ferrothorn|Gyro Ball|p1a: Latias
|-damage|p1a: Latias|146\/363
|
|-weather|Sandstorm|[upkeep]
|-damage|p1a: Latias|124\/363|[from] sandstorm
|-heal|p2a: Ferrothorn|319\/352|[from] item: Leftovers
|-damage|p1a: Latias|79\/363|[from] Leech Seed|[of] p2a: Ferrothorn
|-heal|p2a: Ferrothorn|352\/352|[silent]
|turn|36
|
|switch|p2a: Tyranitar|Tyranitar, F|299\/341
|-damage|p2a: Tyranitar|257\/341|[from] Stealth Rock
|move|p1a: Latias|Roost|p1a: Latias
|-heal|p1a: Latias|261\/363
|
|-weather|none
|-damage|p1a: Latias|216\/363|[from] Leech Seed|[of] p2a: Tyranitar
|-heal|p2a: Tyranitar|302\/341|[silent]
|turn|37
|c|âCroven|cmon kill?
|
|move|p2a: Tyranitar|Crunch|p1a: Latias
|-supereffective|p1a: Latias
|-damage|p1a: Latias|6\/363
|move|p1a: Latias|Roost|p1a: Latias
|-heal|p1a: Latias|188\/363
|
|-damage|p1a: Latias|143\/363|[from] Leech Seed|[of] p2a: Tyranitar
|-heal|p2a: Tyranitar|341\/341|[silent]
|turn|38
|leave|Mega Magic Bounce
|c|âTFL|k gud
|
|switch|p1a: Tyranitar|Tyranitar, M|341\/341
|-damage|p1a: Tyranitar|299\/341|[from] Spikes
|-weather|Sandstorm
|move|p2a: Tyranitar|Crunch|p1a: Tyranitar
|-resisted|p1a: Tyranitar
|-damage|p1a: Tyranitar|234\/341
|
|-weather|Sandstorm|[upkeep]
|turn|39
|c| adfADF|choke
|
|switch|p2a: Ferrothorn|Ferrothorn, F|352\/352
|-damage|p2a: Ferrothorn|330\/352|[from] Stealth Rock
|move|p1a: Tyranitar|Crunch|p2a: Ferrothorn
|-damage|p2a: Ferrothorn|221\/352
|-damage|p1a: Tyranitar|192\/341|[from] ability: Iron Barbs|[of] p2a: Ferrothorn
|-unboost|p2a: Ferrothorn|def|1
|
|-weather|Sandstorm|[upkeep]
|-heal|p2a: Ferrothorn|243\/352|[from] item: Leftovers
|turn|40
|c|âCroven|and the drop!
|c|âTFL|more drops plz
|c|âCroven|skillful
|c|âCroven|i love this game
|
|move|p1a: Tyranitar|Crunch|p2a: Ferrothorn
|-damage|p2a: Ferrothorn|77\/352
|-damage|p1a: Tyranitar|150\/341|[from] ability: Iron Barbs|[of] p2a: Ferrothorn
|move|p2a: Ferrothorn|Leech Seed|p1a: Tyranitar
|-start|p1a: Tyranitar|move: Leech Seed
|
|-weather|Sandstorm|[upkeep]
|-heal|p2a: Ferrothorn|99\/352|[from] item: Leftovers
|-damage|p1a: Tyranitar|108\/341|[from] Leech Seed|[of] p2a: Ferrothorn
|-heal|p2a: Ferrothorn|141\/352|[silent]
|turn|41
|
|switch|p1a: Jirachi|Jirachi|404\/404
|-damage|p1a: Jirachi|354\/404|[from] Spikes
|switch|p2a: Tyranitar|Tyranitar, F|341\/341
|-damage|p2a: Tyranitar|299\/341|[from] Stealth Rock
|
|-weather|Sandstorm|[upkeep]
|-heal|p1a: Jirachi|379\/404|[from] item: Leftovers
|turn|42
|
|move|p2a: Tyranitar|Crunch|p1a: Jirachi
|-supereffective|p1a: Jirachi
|-damage|p1a: Jirachi|101\/404
|-unboost|p1a: Jirachi|def|1
|move|p1a: Jirachi|Thunder Wave|p2a: Tyranitar
|-status|p2a: Tyranitar|par
|
|-weather|none
|-heal|p1a: Jirachi|126\/404|[from] item: Leftovers
|turn|43
|c|âTFL|catch this twave
|c|âCroven|sigh
|c| adfADF|gg
|c|âCroven|forgot about wave
|c|âCroven|well that's gg
|
|move|p1a: Jirachi|Iron Head|p2a: Tyranitar
|-supereffective|p2a: Tyranitar
|-damage|p2a: Tyranitar|99\/341 par
|cant|p2a: Tyranitar|flinch
|
|-heal|p1a: Jirachi|151\/404|[from] item: Leftovers
|turn|44
|leave|adfADF
|c|âCroven|time to reveal
|
|switch|p2a: Ferrothorn|Ferrothorn, F|141\/352
|-damage|p2a: Ferrothorn|119\/352|[from] Stealth Rock
|move|p1a: Jirachi|Iron Head|p2a: Ferrothorn
|-resisted|p2a: Ferrothorn
|-damage|p2a: Ferrothorn|77\/352
|-damage|p1a: Jirachi|101\/404|[from] ability: Iron Barbs|[of] p2a: Ferrothorn
|
|-heal|p1a: Jirachi|126\/404|[from] item: Leftovers
|-heal|p2a: Ferrothorn|99\/352|[from] item: Leftovers
|turn|45
|c|âCroven|healing wish ferrothorn
|
|move|p1a: Jirachi|Fire Punch|p2a: Ferrothorn
|-supereffective|p2a: Ferrothorn
|-damage|p2a: Ferrothorn|0 fnt
|-damage|p1a: Jirachi|76\/404|[from] ability: Iron Barbs|[of] p2a: Ferrothorn
|faint|p2a: Ferrothorn
|
|-heal|p1a: Jirachi|101\/404|[from] item: Leftovers
|c|âCroven|gg man
|
|switch|p2a: Tyranitar|Tyranitar, F|99\/341 par
|-damage|p2a: Tyranitar|57\/341 par|[from] Stealth Rock
|-weather|Sandstorm
|turn|46
|
|move|p1a: Jirachi|Iron Head|p2a: Tyranitar
|-supereffective|p2a: Tyranitar
|-damage|p2a: Tyranitar|0 fnt
|faint|p2a: Tyranitar
|
|win|TFL
|c|âTFL|gg wish i got more lucky tho
|c|âCroven|:(
|c|âTFL|luckier*
|c|âCroven|rude
|leave|Croven
|leave|TFL