|join|ClashofDemonesense
|join|Croven
|player|p1|ClashofDemonesense|290
|player|p2|Croven|70
|gametype|singles
|gen|6
|tier|OU
|rated
|clearpoke
|poke|p1|Nidoking, M
|poke|p1|Gardevoir, F
|poke|p1|Zapdos
|poke|p1|Tyranitar, M
|poke|p1|Excadrill, F
|poke|p1|Scizor, F
|poke|p2|Beedrill, F
|poke|p2|Magnezone
|poke|p2|Garchomp, F
|poke|p2|Diggersby, F
|poke|p2|Latias, F
|poke|p2|Azumarill, F
|rule|Swagger Clause: Swagger is banned
|rule|Baton Pass Clause: Limit one PokÃ©mon knowing Baton Pass
|rule|Sleep Clause Mod: Limit one foe put to sleep
|rule|Species Clause: Limit one of each PokÃ©mon
|rule|OHKO Clause: OHKO moves are banned
|rule|Moody Clause: Moody is banned
|rule|Evasion Moves Clause: Evasion moves are banned
|rule|Endless Battle Clause: Forcing endless battles is banned
|rule|HP Percentage Mod: HP is shown in percentages
|teampreview
|
|start
|switch|p1a: Nidoking|Nidoking, M|303\/303
|switch|p2a: Garchomp|Garchomp, F|357\/357
|turn|1
|
|switch|p1a: Zapdos|Zapdos|384\/384
|-ability|p1a: Zapdos|Pressure
|move|p2a: Garchomp|Stealth Rock|p1a: Zapdos
|-sidestart|p1: ClashofDemonesense|move: Stealth Rock
|
|turn|2
|
|move|p2a: Garchomp|Swords Dance|p2a: Garchomp
|-boost|p2a: Garchomp|atk|2
|move|p1a: Zapdos|Heat Wave|p2a: Garchomp
|-resisted|p2a: Garchomp
|-damage|p2a: Garchomp|300\/357
|
|turn|3
|
|move|p2a: Garchomp|Dragon Claw|p1a: Zapdos
|-damage|p1a: Zapdos|143\/384
|move|p1a: Zapdos|Defog|p2a: Garchomp
|-unboost|p2a: Garchomp|evasion|1
|-sideend|p1: ClashofDemonesense|Stealth Rock|[from] move: Defog|[of] p1a: Zapdos
|
|-heal|p1a: Zapdos|167\/384|[from] item: Leftovers
|turn|4
|
|switch|p1a: Gardevoir|Gardevoir, F|277\/277
|-ability|p1a: Gardevoir|Rough Skin|[from] ability: Trace|[of] p2a: Garchomp
|move|p2a: Garchomp|Stealth Rock|p1a: Gardevoir
|-sidestart|p1: ClashofDemonesense|move: Stealth Rock
|
|turn|5
|
|switch|p2a: Magnezone|Magnezone|281\/281
|move|p1a: Gardevoir|Moonblast|p2a: Magnezone
|-resisted|p2a: Magnezone
|-damage|p2a: Magnezone|198\/281
|
|turn|6
|
|switch|p1a: Excadrill|Excadrill, F|361\/361
|-damage|p1a: Excadrill|350\/361|[from] Stealth Rock
|-ability|p1a: Excadrill|Mold Breaker
|-item|p1a: Excadrill|Air Balloon
|move|p2a: Magnezone|Volt Switch|p1a: Excadrill
|-immune|p1a: Excadrill|[msg]
|
|turn|7
|
|switch|p2a: Azumarill|Azumarill, F|401\/401
|move|p1a: Excadrill|Earthquake|p2a: Azumarill
|-damage|p2a: Azumarill|161\/401
|
|turn|8
|
|switch|p1a: Zapdos|Zapdos|167\/384
|-damage|p1a: Zapdos|71\/384|[from] Stealth Rock
|-ability|p1a: Zapdos|Pressure
|move|p2a: Azumarill|Aqua Jet|p1a: Zapdos
|-damage|p1a: Zapdos|0 fnt
|faint|p1a: Zapdos
|
|
|switch|p1a: Scizor|Scizor, F|343\/343
|-damage|p1a: Scizor|301\/343|[from] Stealth Rock
|turn|9
|
|switch|p2a: Diggersby|Diggersby, F|309\/309
|move|p1a: Scizor|U-turn|p2a: Diggersby
|-damage|p2a: Diggersby|51\/309
|
|switch|p1a: Gardevoir|Gardevoir, F|277\/277
|-damage|p1a: Gardevoir|243\/277|[from] Stealth Rock
|-ability|p1a: Gardevoir|Huge Power|[from] ability: Trace|[of] p2a: Diggersby
|
|turn|10
|
|move|p2a: Diggersby|Quick Attack|p1a: Gardevoir
|-damage|p1a: Gardevoir|97\/277
|-damage|p2a: Diggersby|21\/309|[from] item: Life Orb
|move|p1a: Gardevoir|Psyshock|p2a: Diggersby
|-damage|p2a: Diggersby|0 fnt
|faint|p2a: Diggersby
|
|
|switch|p2a: Beedrill|Beedrill, F|271\/271
|turn|11
|
|detailschange|p2a: Beedrill|Beedrill-Mega, F
|-mega|p2a: Beedrill|Beedrill|Beedrillite
|move|p2a: Beedrill|Protect|p2a: Beedrill
|-singleturn|p2a: Beedrill|Protect
|move|p1a: Gardevoir|Psyshock|p2a: Beedrill
|-activate|p2a: Beedrill|Protect
|
|turn|12
|
|move|p2a: Beedrill|U-turn|p1a: Gardevoir
|-damage|p1a: Gardevoir|0 fnt
|faint|p1a: Gardevoir
|
|switch|p2a: Magnezone|Magnezone|198\/281
|
|
|switch|p1a: Nidoking|Nidoking, M|303\/303
|-damage|p1a: Nidoking|285\/303|[from] Stealth Rock
|turn|13
|
|switch|p2a: Latias|Latias, F|309\/309
|move|p1a: Nidoking|Earth Power|p2a: Latias
|-immune|p2a: Latias|[msg]
|
|turn|14
|
|switch|p1a: Tyranitar|Tyranitar, M|341\/341
|-damage|p1a: Tyranitar|299\/341|[from] Stealth Rock
|-weather|Sandstorm
|move|p2a: Latias|Draco Meteor|p1a: Tyranitar
|-damage|p1a: Tyranitar|131\/341
|-unboost|p2a: Latias|spa|2
|-damage|p2a: Latias|279\/309|[from] item: Life Orb
|
|-weather|Sandstorm|[upkeep]
|-damage|p2a: Latias|260\/309|[from] sandstorm
|turn|15
|
|detailschange|p1a: Tyranitar|Tyranitar-Mega, M
|-mega|p1a: Tyranitar|Tyranitar|Tyranitarite
|move|p2a: Latias|Healing Wish|p2a: Latias
|faint|p2a: Latias
|move|p1a: Tyranitar|Dragon Dance|p1a: Tyranitar
|-boost|p1a: Tyranitar|atk|1
|-boost|p1a: Tyranitar|spe|1
|
|-weather|Sandstorm|[upkeep]
|
|switch|p2a: Azumarill|Azumarill, F|161\/401
|-heal|p2a: Azumarill|401\/401|[from] move: Healing Wish
|turn|16
|
|switch|p2a: Magnezone|Magnezone|198\/281
|move|p1a: Tyranitar|Rock Slide|p2a: Magnezone
|-resisted|p2a: Magnezone
|-damage|p2a: Magnezone|93\/281
|
|-weather|Sandstorm|[upkeep]
|turn|17
|
|move|p1a: Tyranitar|Earthquake|p2a: Magnezone
|-supereffective|p2a: Magnezone
|-damage|p2a: Magnezone|0 fnt
|faint|p2a: Magnezone
|
|-weather|Sandstorm|[upkeep]
|
|switch|p2a: Beedrill|Beedrill-Mega, F|271\/271
|turn|18
|
|move|p2a: Beedrill|U-turn|p1a: Tyranitar
|-supereffective|p1a: Tyranitar
|-damage|p1a: Tyranitar|0 fnt
|faint|p1a: Tyranitar
|
|switch|p2a: Garchomp|Garchomp, F|300\/357
|
|-weather|none
|
|switch|p1a: Excadrill|Excadrill, F|350\/361
|-damage|p1a: Excadrill|339\/361|[from] Stealth Rock
|-ability|p1a: Excadrill|Mold Breaker
|-item|p1a: Excadrill|Air Balloon
|turn|19
|
|move|p2a: Garchomp|Dragon Claw|p1a: Excadrill
|-resisted|p1a: Excadrill
|-damage|p1a: Excadrill|228\/361
|-enditem|p1a: Excadrill|Air Balloon
|move|p1a: Excadrill|Earthquake|p2a: Garchomp
|-damage|p2a: Garchomp|113\/357
|
|turn|20
|
|move|p2a: Garchomp|Earthquake|p1a: Excadrill
|-supereffective|p1a: Excadrill
|-damage|p1a: Excadrill|0 fnt
|faint|p1a: Excadrill
|
|
|switch|p1a: Scizor|Scizor, F|301\/343
|-damage|p1a: Scizor|259\/343|[from] Stealth Rock
|turn|21
|
|move|p1a: Scizor|Bullet Punch|p2a: Garchomp
|-damage|p2a: Garchomp|0 fnt
|-damage|p1a: Scizor|217\/343|[from] ability: Rough Skin|[of] p2a: Garchomp
|faint|p2a: Garchomp
|
|
|switch|p2a: Azumarill|Azumarill, F|401\/401
|turn|22
|
|move|p1a: Scizor|Bullet Punch|p2a: Azumarill
|-damage|p2a: Azumarill|191\/401
|move|p2a: Azumarill|Waterfall|p1a: Scizor
|-damage|p1a: Scizor|57\/343
|
|turn|23
|
|move|p1a: Scizor|Bullet Punch|p2a: Azumarill
|-damage|p2a: Azumarill|0 fnt
|faint|p2a: Azumarill
|
|c|âCroven|gg
|
|switch|p2a: Beedrill|Beedrill-Mega, F|271\/271
|turn|24
|
|move|p1a: Scizor|Bullet Punch|p2a: Beedrill
|-damage|p2a: Beedrill|0 fnt
|faint|p2a: Beedrill
|
|win|ClashofDemonesense
|raw|Ladder updating...
|c|âClashofDemonesense|gg
|raw|ClashofDemonesense's rating: 1503 &rarr; <strong>1529<\/strong><br \/>(+26 for winning)
|raw|Croven's rating: 1614 &rarr; <strong>1588<\/strong><br \/>(-26 for losing)
|leave|Croven
|player|p2