|join|oml it's too ez
|join|Croven
|player|p1|oml it's too ez|264
|player|p2|Croven|70
|gametype|singles
|gen|6
|tier|OU (suspect test)
|clearpoke
|poke|p1|Landorus-Therian, M
|poke|p1|Mew
|poke|p1|Heatran, M
|poke|p1|Venusaur, M
|poke|p1|Raikou
|poke|p1|Keldeo-Resolute
|poke|p2|Lopunny, F, shiny
|poke|p2|Gengar, F
|poke|p2|Raikou
|poke|p2|Mamoswine, F
|poke|p2|Scizor, M
|poke|p2|Azumarill, M
|rule|Swagger Clause: Swagger is banned
|rule|Baton Pass Clause: Limit one PokÃ©mon knowing Baton Pass
|rule|Sleep Clause Mod: Limit one foe put to sleep
|rule|Species Clause: Limit one of each PokÃ©mon
|rule|OHKO Clause: OHKO moves are banned
|rule|Moody Clause: Moody is banned
|rule|Evasion Moves Clause: Evasion moves are banned
|rule|Endless Battle Clause: Forcing endless battles is banned
|rule|HP Percentage Mod: HP is shown in percentages
|teampreview
|join|kkkkkl
|join|tangshot
|join|Sober Thoughts
|join|DimSumBro
|leave|DimSumBro
|join|Burakkurzu
|join|Yuno Gazai
|join|StillTheKing
|
|start
|switch|p1a: Im So Horny|Keldeo-Resolute|323\/323
|switch|p2a: Raikou|Raikou|321\/321
|-ability|p2a: Raikou|Pressure
|turn|1
|join|Hallucination
|
|switch|p1a: President|Raikou|321\/321
|-ability|p1a: President|Pressure
|move|p2a: Raikou|Volt Switch|p1a: President
|-resisted|p1a: President
|-damage|p1a: President|259\/321
|
|switch|p2a: Mamoswine|Mamoswine, F|361\/361
|
|turn|2
|join|Stallinator
|c| Hallucination|AV MAMO
|c| Sober Thoughts|wait is this Lord OUTL himself
|join|2spooky5me
|c| 2spooky5me|President
|
|switch|p1a: Im So Horny|Keldeo-Resolute|323\/323
|move|p2a: Mamoswine|Stealth Rock|p1a: Im So Horny
|-sidestart|p1: oml it's too ez|move: Stealth Rock
|
|turn|3
|c| 2spooky5me|Yellow Obama ( Í¡Â° ÍÊ Í¡Â°)
|
|switch|p2a: Azumarill|Azumarill, M|364\/364
|move|p1a: Im So Horny|Scald|p2a: Azumarill
|-resisted|p2a: Azumarill
|-damage|p2a: Azumarill|282\/364
|
|turn|4
|
|switch|p1a: Nig Drain|Venusaur, M|349\/349
|-damage|p1a: Nig Drain|306\/349|[from] Stealth Rock
|switch|p2a: Gengar|Gengar, F|261\/261
|
|turn|5
|raw|<div class="broadcast-red"><b>Moderated chat was set to +!<\/b><br \/>Only users of rank + and higher can talk.<\/div>
|
|detailschange|p1a: Nig Drain|Venusaur-Mega, M
|-mega|p1a: Nig Drain|Venusaur|Venusaurite
|move|p2a: Gengar|Shadow Ball|p1a: Nig Drain
|-damage|p1a: Nig Drain|157\/349
|-damage|p2a: Gengar|235\/261|[from] item: Life Orb
|move|p1a: Nig Drain|Giga Drain|p2a: Gengar
|-resisted|p2a: Gengar
|-damage|p2a: Gengar|142\/261
|-heal|p1a: Nig Drain|204\/349|[from] drain|[of] p2a: Gengar
|
|turn|6
|c|âCroven|too much :(
|
|switch|p1a: He Ran|Heatran, M|385\/385
|-damage|p1a: He Ran|337\/385|[from] Stealth Rock
|move|p2a: Gengar|Shadow Ball|p1a: He Ran
|-damage|p1a: He Ran|203\/385
|-unboost|p1a: He Ran|spd|1
|-damage|p2a: Gengar|116\/261|[from] item: Life Orb
|
|-heal|p1a: He Ran|227\/385|[from] item: Leftovers
|turn|7
|leave|2spooky5me
|c|âoml it's too ez|of course
|c|âCroven|sorry
|c|âCroven|:\/
|c|âoml it's too ez|if ur real u double to mamoswine and doge fire blast
|
|move|p1a: He Ran|Protect|p1a: He Ran
|-singleturn|p1a: He Ran|Protect
|move|p2a: Gengar|Focus Blast|p1a: He Ran
|-activate|p1a: He Ran|Protect
|
|-heal|p1a: He Ran|251\/385|[from] item: Leftovers
|turn|8
|
|switch|p1a: President|Raikou|259\/321
|-damage|p1a: President|219\/321|[from] Stealth Rock
|-ability|p1a: President|Pressure
|move|p2a: Gengar|Focus Blast|p1a: President
|-damage|p1a: President|27\/321
|-damage|p2a: Gengar|90\/261|[from] item: Life Orb
|
|turn|9
Hallucination was promoted to Room Voice by oml it's too ez.
|
|switch|p2a: Raikou|Raikou|321\/321
|-ability|p2a: Raikou|Pressure
|move|p1a: President|Shadow Ball|p2a: Raikou
|-damage|p2a: Raikou|234\/321
|
|turn|10
|c|+Hallucination|ez
|
|move|p1a: President|Shadow Ball|p2a: Raikou
|-damage|p2a: Raikou|150\/321
|-unboost|p2a: Raikou|spd|1
|move|p2a: Raikou|Volt Switch|p1a: President
|-resisted|p1a: President
|-damage|p1a: President|0 fnt
|faint|p1a: President
|c|âoml it's too ez|gotta practice for styx :]
|
|switch|p2a: Mamoswine|Mamoswine, F|361\/361
|
|join|TheRealNapla
|
|switch|p1a: Im So Horny|Keldeo-Resolute|323\/323
|-damage|p1a: Im So Horny|303\/323|[from] Stealth Rock
|turn|11
|leave|TheRealNapla
|
|switch|p1a: Nig Drain|Venusaur-Mega, M|204\/349
|-damage|p1a: Nig Drain|161\/349|[from] Stealth Rock
|move|p2a: Mamoswine|Endeavor|p1a: Nig Drain
|-immune|p1a: Nig Drain|[msg]
|-fail|p1a: Nig Drain
|
|turn|12
|c|âCroven|welp
|
|move|p2a: Mamoswine|Earthquake|p1a: Nig Drain
|-damage|p1a: Nig Drain|4\/349
|move|p1a: Nig Drain|Giga Drain|p2a: Mamoswine
|-supereffective|p2a: Mamoswine
|-enditem|p2a: Mamoswine|Focus Sash
|-damage|p2a: Mamoswine|1\/361
|-heal|p1a: Nig Drain|184\/349|[from] drain|[of] p2a: Mamoswine
|
|turn|13
|
|move|p2a: Mamoswine|Endeavor|p1a: Nig Drain
|-damage|p1a: Nig Drain|1\/349
|move|p1a: Nig Drain|Giga Drain|p2a: Mamoswine
|-supereffective|p2a: Mamoswine
|-damage|p2a: Mamoswine|0 fnt
|-heal|p1a: Nig Drain|2\/349|[from] drain|[of] p2a: Mamoswine
|faint|p2a: Mamoswine
|
|
|switch|p2a: Lopunny|Lopunny, F, shiny|271\/271
|turn|14
|join|Wiz BITG
|c|+Hallucination|Wiz i wanna war BITG
|
|detailschange|p2a: Lopunny|Lopunny-Mega, F, shiny
|-mega|p2a: Lopunny|Lopunny|Lopunnite
|move|p2a: Lopunny|Return|p1a: Nig Drain
|-damage|p1a: Nig Drain|0 fnt
|faint|p1a: Nig Drain
|
Wiz BITG was promoted to Room Voice by oml it's too ez.
|
|switch|p1a: Moo|Mew|403\/403
|-damage|p1a: Moo|353\/403|[from] Stealth Rock
|turn|15
|c|+Wiz BITG|we aint a clan
|c|+Hallucination|become one so i can war u
|
|switch|p2a: Raikou|Raikou|150\/321
|-ability|p2a: Raikou|Pressure
|move|p1a: Moo|Defog|p2a: Raikou
|-unboost|p2a: Raikou|evasion|1
|-sideend|p1: oml it's too ez|Stealth Rock|[from] move: Defog|[of] p1a: Moo
|
|-heal|p1a: Moo|378\/403|[from] item: Leftovers
|turn|16
|c|+Wiz BITG|no thanks
|join|Not Qube
|
|move|p2a: Raikou|Volt Switch|p1a: Moo
|-damage|p1a: Moo|285\/403
|
|switch|p2a: Scizor|Scizor, M|343\/343
|move|p1a: Moo|Knock Off|p2a: Scizor
|-damage|p2a: Scizor|271\/343
|-enditem|p2a: Scizor|Choice Band|[from] move: Knock Off|[of] p1a: Moo
|
|-heal|p1a: Moo|310\/403|[from] item: Leftovers
|turn|17
Not Qube was promoted to Room Voice by Croven.
|c|+Not Qube|\/me breathes
|
|switch|p1a: He Ran|Heatran, M|251\/385
|move|p2a: Scizor|U-turn|p1a: He Ran
|-resisted|p1a: He Ran
|-damage|p1a: He Ran|220\/385
|
|switch|p2a: Azumarill|Azumarill, M|282\/364
|
|-heal|p1a: He Ran|244\/385|[from] item: Leftovers
|turn|18
|
|move|p1a: He Ran|Lava Plume|p2a: Azumarill
|-resisted|p2a: Azumarill
|-damage|p2a: Azumarill|216\/364
|move|p2a: Azumarill|Belly Drum|p2a: Azumarill
|-damage|p2a: Azumarill|34\/364
|-setboost|p2a: Azumarill|atk|6|[from] move: Belly Drum
|-enditem|p2a: Azumarill|Sitrus Berry|[eat]
|-heal|p2a: Azumarill|125\/364|[from] item: Sitrus Berry
|
|-heal|p1a: He Ran|268\/385|[from] item: Leftovers
|turn|19
|c|+Hallucination|no burn hax
|c|âCroven|thank god lol
|
|move|p2a: Azumarill|Aqua Jet|p1a: He Ran
|-supereffective|p1a: He Ran
|-damage|p1a: He Ran|0 fnt
|faint|p1a: He Ran
|
|
|switch|p1a: Im So Horny|Keldeo-Resolute|303\/323
|turn|20
|c|âoml it's too ez|fuq
|c|âoml it's too ez|y did i go keldeo
|c|âCroven|why do i feel like ur baiting me to stay in
|c|âoml it's too ez|i dont have hp eletric :]
|c|âoml it's too ez|u aint real
|c|âoml it's too ez|just play muk
|c|âoml it's too ez|u aint real
|c|âCroven|:(
|c|âCroven|ok i aint real enough
|
|move|p2a: Azumarill|Aqua Jet|p1a: Im So Horny
|-resisted|p1a: Im So Horny
|-damage|p1a: Im So Horny|130\/323
|move|p1a: Im So Horny|Scald|p2a: Azumarill
|-resisted|p2a: Azumarill
|-damage|p2a: Azumarill|44\/364
|
|-heal|p1a: Im So Horny|150\/323|[from] item: Leftovers
|turn|21
|c|âoml it's too ez|of course
|c|âCroven|ayy
|c|âoml it's too ez|no burn :p
|join|GreninjaIsJesus
|
|move|p2a: Azumarill|Aqua Jet|p1a: Im So Horny
|-resisted|p1a: Im So Horny
|-damage|p1a: Im So Horny|0 fnt
|faint|p1a: Im So Horny
|
|
|switch|p1a: Moo|Mew|310\/403
|turn|22
|
|move|p2a: Azumarill|Aqua Jet|p1a: Moo
|-damage|p1a: Moo|0 fnt
|faint|p1a: Moo
|
|c|âCroven|gg
|c|âoml it's too ez|gg
|-message|oml it's too ez forfeited.
|leave|Yuno Gazai
|
|win|Croven
|leave|oml it's too ez
|leave|StillTheKing
|player|p1
|leave|Croven
|player|p2
|leave|Sober Thoughts
|leave|GreninjaIsJesus
|leave|Hallucination
|join|Croven