|join|Magickarp opus
|join|Aragorn1398
|player|p1|Magickarp opus|263
|player|p2|Aragorn1398|52
|gametype|singles
|gen|6
|tier|ORAS OU
|rated
|rule|Sleep Clause Mod: Limit one foe put to sleep
|rule|Species Clause: Limit one of each PokÃ©mon
|rule|OHKO Clause: OHKO moves are banned
|rule|Moody Clause: Moody is banned
|rule|Evasion Moves Clause: Evasion moves are banned
|rule|Endless Battle Clause: Forcing endless battles is banned
|rule|HP Percentage Mod: HP is shown in percentages
|clearpoke
|poke|p1|Lopunny, F
|poke|p1|Mamoswine, F
|poke|p1|Rotom-Wash
|poke|p1|Latias, F
|poke|p1|Bisharp, M
|poke|p1|Talonflame, M
|poke|p2|Metagross
|poke|p2|Breloom, F
|poke|p2|Greninja, F
|poke|p2|Latias, F
|poke|p2|Talonflame, F
|poke|p2|Excadrill, F
|rule|Swagger Clause: Swagger is banned
|rule|Baton Pass Clause: Limit one PokÃ©mon knowing Baton Pass
|teampreview
|
|start
|switch|p1a: Lopunny|Lopunny, F|272\/272
|switch|p2a: Excadrill|Excadrill, F|365\/365
|-ability|p2a: Excadrill|Mold Breaker
|-item|p2a: Excadrill|Air Balloon
|turn|1
|
|switch|p2a: Breloom|Breloom, F|261\/261
|detailschange|p1a: Lopunny|Lopunny-Mega, F
|message|Lopunny has Mega Evolved into Mega Lopunny!
|move|p1a: Lopunny|Fake Out|p2a: Breloom
|-damage|p2a: Breloom|174\/261
|
|turn|2
|
|move|p2a: Breloom|Mach Punch|p1a: Lopunny
|-supereffective|p1a: Lopunny
|-damage|p1a: Lopunny|36\/272
|move|p1a: Lopunny|Return|p2a: Breloom
|-damage|p2a: Breloom|0 fnt
|faint|p2a: Breloom
|
|
|switch|p2a: Talonflame|Talonflame, F|319\/319
|turn|3
|
|switch|p1a: Rotom-Wash|Rotom-Wash|304\/304
|switch|p2a: Excadrill|Excadrill, F|365\/365
|-ability|p2a: Excadrill|Mold Breaker
|-item|p2a: Excadrill|Air Balloon
|
|turn|4
|
|move|p2a: Excadrill|Earthquake|p1a: Rotom-Wash
|-supereffective|p1a: Rotom-Wash
|-damage|p1a: Rotom-Wash|38\/304
|move|p1a: Rotom-Wash|Will-O-Wisp|p2a: Excadrill
|-status|p2a: Excadrill|brn
|
|-heal|p1a: Rotom-Wash|57\/304|[from] item: Leftovers
|-damage|p2a: Excadrill|320\/365 brn|[from] brn
|turn|5
|
|switch|p1a: Latias|Latias, F|302\/302
|move|p2a: Excadrill|Stealth Rock|p1a: Latias
|-sidestart|p1: Magickarp opus|move: Stealth Rock
|
|-damage|p2a: Excadrill|275\/365 brn|[from] brn
|turn|6
|
|switch|p2a: Greninja|Greninja, F|285\/285
|move|p1a: Latias|Defog|p2a: Greninja
|-unboost|p2a: Greninja|evasion|1
|-sideend|p1: Magickarp opus|Stealth Rock|[from] move: Defog|[of] p1a: Latias
|
|turn|7
|
|switch|p1a: Rotom-Wash|Rotom-Wash|57\/304
|move|p2a: Greninja|Ice Beam|p1a: Rotom-Wash
|-start|p2a: Greninja|typechange|Ice|[from] Protean
|-resisted|p1a: Rotom-Wash
|-damage|p1a: Rotom-Wash|0 fnt
|-damage|p2a: Greninja|257\/285|[from] item: Life Orb
|faint|p1a: Rotom-Wash
|
|
|switch|p1a: Lopunny|Lopunny-Mega, F|36\/272
|turn|8
|
|switch|p2a: Excadrill|Excadrill, F|275\/365 brn
|-ability|p2a: Excadrill|Mold Breaker
|-item|p2a: Excadrill|Air Balloon
|move|p1a: Lopunny|Return|p2a: Excadrill
|-resisted|p2a: Excadrill
|-damage|p2a: Excadrill|150\/365 brn
|-enditem|p2a: Excadrill|Air Balloon
|
|-damage|p2a: Excadrill|105\/365 brn|[from] brn
|turn|9
|
|move|p1a: Lopunny|Return|p2a: Excadrill
|-resisted|p2a: Excadrill
|-damage|p2a: Excadrill|0 fnt
|faint|p2a: Excadrill
|
|
|switch|p2a: Talonflame|Talonflame, F|319\/319
|turn|10
|
|switch|p1a: Latias|Latias, F|302\/302
|move|p2a: Talonflame|Brave Bird|p1a: Latias
|-damage|p1a: Latias|115\/302
|-damage|p2a: Talonflame|257\/319|[from] recoil|[of] p1a: Latias
|
|turn|11
|
|move|p2a: Talonflame|Brave Bird|p1a: Latias
|-damage|p1a: Latias|0 fnt
|-damage|p2a: Talonflame|219\/319|[from] recoil|[of] p1a: Latias
|faint|p1a: Latias
|
|
|switch|p1a: Talonflame|Talonflame, M|298\/298
|turn|12
|
|switch|p2a: Latias|Latias, F|319\/319
|move|p1a: Talonflame|Brave Bird|p2a: Latias
|-damage|p2a: Latias|106\/319
|-damage|p1a: Talonflame|228\/298|[from] recoil|[of] p2a: Latias
|
|-heal|p2a: Latias|125\/319|[from] item: Leftovers
|turn|13
|
|move|p1a: Talonflame|Brave Bird|p2a: Latias
|-damage|p2a: Latias|0 fnt
|-damage|p1a: Talonflame|187\/298|[from] recoil|[of] p2a: Latias
|faint|p2a: Latias
|
|
|switch|p2a: Talonflame|Talonflame, F|219\/319
|turn|14
|
|move|p1a: Talonflame|Brave Bird|p2a: Talonflame
|-damage|p2a: Talonflame|0 fnt
|-damage|p1a: Talonflame|115\/298|[from] recoil|[of] p2a: Talonflame
|faint|p2a: Talonflame
|
|
|switch|p2a: Greninja|Greninja, F|257\/285
|turn|15
|
|move|p1a: Talonflame|Brave Bird|p2a: Greninja
|-crit|p2a: Greninja
|-damage|p2a: Greninja|0 fnt
|-damage|p1a: Talonflame|30\/298|[from] recoil|[of] p2a: Greninja
|faint|p2a: Greninja
|
|
|switch|p2a: Metagross|Metagross|301\/301
|turn|16
|
|detailschange|p2a: Metagross|Metagross-Mega
|message|Metagross has Mega Evolved into Mega Metagross!
|move|p2a: Metagross|Bullet Punch|p1a: Talonflame
|-resisted|p1a: Talonflame
|-damage|p1a: Talonflame|0 fnt
|faint|p1a: Talonflame
|
|
|switch|p1a: Lopunny|Lopunny-Mega, F|36\/272
|turn|17
|
|move|p1a: Lopunny|Fake Out|p2a: Metagross
|-resisted|p2a: Metagross
|-damage|p2a: Metagross|276\/301
|cant|p2a: Metagross|flinch
|
|turn|18
|
|move|p2a: Metagross|Bullet Punch|p1a: Lopunny
|-damage|p1a: Lopunny|0 fnt
|faint|p1a: Lopunny
|
|
|switch|p1a: Bisharp|Bisharp, M|272\/272
|turn|19
|
|move|p2a: Metagross|Earthquake|p1a: Bisharp
|-supereffective|p1a: Bisharp
|-damage|p1a: Bisharp|20\/272
|move|p1a: Bisharp|Knock Off|p2a: Metagross
|-supereffective|p2a: Metagross
|-damage|p2a: Metagross|70\/301
|
|turn|20
|
|move|p2a: Metagross|Bullet Punch|p1a: Bisharp
|-resisted|p1a: Bisharp
|-damage|p1a: Bisharp|0 fnt
|faint|p1a: Bisharp
|
|
|switch|p1a: Mamoswine|Mamoswine, F|361\/361
|turn|21
|
|move|p2a: Metagross|Meteor Mash|p1a: Mamoswine
|-crit|p1a: Mamoswine
|-supereffective|p1a: Mamoswine
|-damage|p1a: Mamoswine|0 fnt
|faint|p1a: Mamoswine
|
|win|Aragorn1398
|raw|Ladder updating...
|raw|Magickarp opus's rating: 1362 &rarr; <strong>1342<\/strong><br \/>(-20 for losing)
|raw|Aragorn1398's rating: 1364 &rarr; <strong>1384<\/strong><br \/>(+20 for winning)
|c|âAragorn1398|gg
|c|âMagickarp opus|lol
|leave|Magickarp opus
|player|p1