|join|Aragorn1398
|join|XBitez
|player|p1|Aragorn1398|52
|player|p2|XBitez|2
|gametype|singles
|gen|6
|tier|OU
|rated
|clearpoke
|poke|p1|Greninja, F, shiny
|poke|p1|Politoed, M
|poke|p1|Swampert, M
|poke|p1|Conkeldurr, M, shiny
|poke|p1|Ferrothorn, M, shiny
|poke|p1|Latias, F
|poke|p2|Breloom, M
|poke|p2|Keldeo
|poke|p2|Magnezone
|poke|p2|Latias, F
|poke|p2|Garchomp, F
|poke|p2|Pinsir, M
|rule|Swagger Clause: Swagger is banned
|rule|Baton Pass Clause: Limit one PokÃ©mon knowing Baton Pass
|rule|Sleep Clause Mod: Limit one foe put to sleep
|rule|Species Clause: Limit one of each PokÃ©mon
|rule|OHKO Clause: OHKO moves are banned
|rule|Moody Clause: Moody is banned
|rule|Evasion Moves Clause: Evasion moves are banned
|rule|Endless Battle Clause: Forcing endless battles is banned
|rule|HP Percentage Mod: HP is shown in percentages
|teampreview
|
|start
|switch|p1a: Politoed|Politoed, M|384\/384
|switch|p2a: Drag Mag|Magnezone|282\/282
|-weather|RainDance
|turn|1
|
|switch|p2a: Xerxes|Breloom, M|264\/264
|switch|p1a: Swampert|Swampert, M|367\/367
|
|-weather|RainDance|[upkeep]
|-status|p2a: Xerxes|tox|[from] item: Toxic Orb
|turn|2
|
|switch|p1a: Ferrothorn|Ferrothorn, M, shiny|352\/352
|move|p2a: Xerxes|Substitute|p2a: Xerxes
|-start|p2a: Xerxes|Substitute
|-damage|p2a: Xerxes|198\/264 tox
|
|-weather|RainDance|[upkeep]
|-heal|p2a: Xerxes|231\/264 tox|[from] ability: Poison Heal
|turn|3
|
|-singleturn|p2a: Xerxes|move: Focus Punch
|move|p1a: Ferrothorn|Gyro Ball|p2a: Xerxes
|-end|p2a: Xerxes|Substitute
|move|p2a: Xerxes|Focus Punch|p1a: Ferrothorn
|-supereffective|p1a: Ferrothorn
|-damage|p1a: Ferrothorn|0 fnt
|-damage|p2a: Xerxes|198\/264 tox|[from] ability: Iron Barbs|[of] p1a: Ferrothorn
|-damage|p2a: Xerxes|154\/264 tox|[from] item: Rocky Helmet|[of] p1a: Ferrothorn
|faint|p1a: Ferrothorn
|
|-weather|RainDance|[upkeep]
|-heal|p2a: Xerxes|187\/264 tox|[from] ability: Poison Heal
|
|switch|p1a: Greninja|Greninja, F, shiny|285\/285
|turn|4
|
|switch|p2a: Drag Mag|Magnezone|282\/282
|move|p1a: Greninja|Gunk Shot|p2a: Drag Mag
|-start|p1a: Greninja|typechange|Poison|[from] Protean
|-immune|p2a: Drag Mag|[msg]
|
|-weather|RainDance|[upkeep]
|turn|5
|
|switch|p1a: Swampert|Swampert, M|367\/367
|move|p2a: Drag Mag|Flash Cannon|p1a: Swampert
|-resisted|p1a: Swampert
|-damage|p1a: Swampert|281\/367
|
|-weather|RainDance|[upkeep]
|turn|6
|
|switch|p2a: Keldian|Keldeo|323\/323
|detailschange|p1a: Swampert|Swampert-Mega, M
|message|Swampert has Mega Evolved into Mega Swampert!
|move|p1a: Swampert|Waterfall|p2a: Keldian
|-resisted|p2a: Keldian
|-damage|p2a: Keldian|191\/323
|
|-weather|RainDance|[upkeep]
|turn|7
|
|move|p1a: Swampert|Ice Punch|p2a: Keldian
|-resisted|p2a: Keldian
|-damage|p2a: Keldian|130\/323
|move|p2a: Keldian|Secret Sword|p1a: Swampert
|-crit|p1a: Swampert
|-damage|p1a: Swampert|0 fnt
|faint|p1a: Swampert
|
|-weather|RainDance|[upkeep]
|-message|Aragorn1398 forfeited.
|
|win|XBitez
|raw|Ladder updating...
|raw|Aragorn1398's rating: 1395 &rarr; <strong>1369<\/strong><br \/>(-26 for losing)
|raw|XBitez's rating: 1293 &rarr; <strong>1325<\/strong><br \/>(+32 for winning)
|leave|Aragorn1398
|player|p1