|join|Aragorn1398
|join|RoastedChickenWing
|player|p1|Aragorn1398|52
|player|p2|RoastedChickenWing|100
|gametype|singles
|gen|6
|tier|OU
|rated
|clearpoke
|poke|p1|Venusaur, M
|poke|p1|Dragonite, M
|poke|p1|Heatran, M, shiny
|poke|p1|Scizor, M
|poke|p1|Keldeo-Resolute, shiny
|poke|p1|Thundurus, M
|poke|p2|Gengar, M
|poke|p2|Empoleon, M
|poke|p2|Haxorus, M
|poke|p2|Donphan, M
|poke|p2|Feraligatr, F
|poke|p2|Starmie
|rule|Swagger Clause: Swagger is banned
|rule|Baton Pass Clause: Limit one PokÃ©mon knowing Baton Pass
|rule|Sleep Clause Mod: Limit one foe put to sleep
|rule|Species Clause: Limit one of each PokÃ©mon
|rule|OHKO Clause: OHKO moves are banned
|rule|Moody Clause: Moody is banned
|rule|Evasion Moves Clause: Evasion moves are banned
|rule|Endless Battle Clause: Forcing endless battles is banned
|rule|HP Percentage Mod: HP is shown in percentages
|teampreview
|c|âRoastedChickenWing|gg
|
|start
|switch|p1a: Dragonite|Dragonite, M|323\/323
|switch|p2a: Haxorus|Haxorus, M|293\/293
|-ability|p2a: Haxorus|Mold Breaker
|turn|1
|
|switch|p1a: Scizor|Scizor, M|337\/337
|move|p2a: Haxorus|Outrage|p1a: Scizor
|-resisted|p1a: Scizor
|-damage|p1a: Scizor|244\/337
|
|-heal|p1a: Scizor|265\/337|[from] item: Leftovers
|turn|2
|
|move|p2a: Haxorus|Outrage|p1a: Scizor
|-crit|p1a: Scizor
|-resisted|p1a: Scizor
|-damage|p1a: Scizor|126\/337
|move|p1a: Scizor|Roost|p1a: Scizor
|-heal|p1a: Scizor|295\/337
|
|-heal|p1a: Scizor|316\/337|[from] item: Leftovers
|turn|3
|
|move|p2a: Haxorus|Outrage|p1a: Scizor
|-resisted|p1a: Scizor
|-damage|p1a: Scizor|230\/337
|move|p1a: Scizor|U-turn|p2a: Haxorus
|-damage|p2a: Haxorus|187\/293
|
|switch|p1a: Thundurus|Thundurus, M|299\/299
|
|-end|p2a: Haxorus|rampage
|-start|p2a: Haxorus|confusion
|turn|4
|
|-activate|p2a: Haxorus|confusion
|move|p2a: Haxorus|Outrage|p1a: Thundurus
|-damage|p1a: Thundurus|0 fnt
|faint|p1a: Thundurus
|
|
|switch|p1a: Scizor|Scizor, M|230\/337
|turn|5
|
|-end|p2a: Haxorus|confusion
|move|p2a: Haxorus|Outrage|p1a: Scizor
|-resisted|p1a: Scizor
|-damage|p1a: Scizor|143\/337
|move|p1a: Scizor|Roost|p1a: Scizor
|-heal|p1a: Scizor|312\/337
|
|-end|p2a: Haxorus|rampage
|-start|p2a: Haxorus|confusion
|-heal|p1a: Scizor|333\/337|[from] item: Leftovers
|turn|6
|
|switch|p2a: Empoleon|Empoleon, M|372\/372
|move|p1a: Scizor|U-turn|p2a: Empoleon
|-resisted|p2a: Empoleon
|-damage|p2a: Empoleon|310\/372
|
|switch|p1a: Venusaur|Venusaur, M|363\/363
|
|-heal|p2a: Empoleon|333\/372|[from] item: Leftovers
|turn|7
|
|detailschange|p1a: Venusaur|Venusaur-Mega, M
|-mega|p1a: Venusaur|Venusaur|Venusaurite
|move|p1a: Venusaur|Giga Drain|p2a: Empoleon
|-damage|p2a: Empoleon|239\/372
|move|p2a: Empoleon|Stealth Rock|p1a: Venusaur
|-sidestart|p1: Aragorn1398|move: Stealth Rock
|
|-heal|p2a: Empoleon|262\/372|[from] item: Leftovers
|turn|8
|
|move|p1a: Venusaur|Giga Drain|p2a: Empoleon
|-damage|p2a: Empoleon|169\/372
|move|p2a: Empoleon|Scald|p1a: Venusaur
|-resisted|p1a: Venusaur
|-damage|p1a: Venusaur|321\/363
|
|-heal|p2a: Empoleon|192\/372|[from] item: Leftovers
|turn|9
|
|move|p1a: Venusaur|Giga Drain|p2a: Empoleon
|-crit|p2a: Empoleon
|-damage|p2a: Empoleon|45\/372
|-heal|p1a: Venusaur|363\/363|[from] drain|[of] p2a: Empoleon
|move|p2a: Empoleon|Scald|p1a: Venusaur
|-resisted|p1a: Venusaur
|-damage|p1a: Venusaur|296\/363
|
|-heal|p2a: Empoleon|68\/372|[from] item: Leftovers
|turn|10
|
|switch|p2a: Gengar|Gengar, M|261\/261
|move|p1a: Venusaur|Giga Drain|p2a: Gengar
|-resisted|p2a: Gengar
|-damage|p2a: Gengar|174\/261
|-heal|p1a: Venusaur|340\/363|[from] drain|[of] p2a: Gengar
|
|turn|11
|
|move|p2a: Gengar|Shadow Ball|p1a: Venusaur
|-damage|p1a: Venusaur|196\/363
|-damage|p2a: Gengar|148\/261|[from] item: Life Orb
|move|p1a: Venusaur|Giga Drain|p2a: Gengar
|-resisted|p2a: Gengar
|-damage|p2a: Gengar|64\/261
|-heal|p1a: Venusaur|238\/363|[from] drain|[of] p2a: Gengar
|
|turn|12
|
|switch|p2a: Empoleon|Empoleon, M|68\/372
|move|p1a: Venusaur|Synthesis|p1a: Venusaur
|-heal|p1a: Venusaur|363\/363
|
|-heal|p2a: Empoleon|91\/372|[from] item: Leftovers
|turn|13
|
|move|p1a: Venusaur|Giga Drain|p2a: Empoleon
|-damage|p2a: Empoleon|0 fnt
|faint|p2a: Empoleon
|
|
|switch|p2a: Haxorus|Haxorus, M|187\/293
|-ability|p2a: Haxorus|Mold Breaker
|turn|14
|
|switch|p2a: Starmie|Starmie|324\/324
|switch|p1a: Scizor|Scizor, M|333\/337
|-damage|p1a: Scizor|291\/337|[from] Stealth Rock
|
|-heal|p1a: Scizor|312\/337|[from] item: Leftovers
|turn|15
|
|switch|p1a: Heatran|Heatran, M, shiny|385\/385
|-damage|p1a: Heatran|337\/385|[from] Stealth Rock
|move|p2a: Starmie|Scald|p1a: Heatran
|-supereffective|p1a: Heatran
|-damage|p1a: Heatran|197\/385
|
|-heal|p1a: Heatran|221\/385|[from] item: Leftovers
|turn|16
|
|move|p1a: Heatran|Protect|p1a: Heatran
|-singleturn|p1a: Heatran|Protect
|move|p2a: Starmie|Scald|p1a: Heatran
|-activate|p1a: Heatran|Protect
|
|-heal|p1a: Heatran|245\/385|[from] item: Leftovers
|turn|17
|
|move|p2a: Starmie|Scald|p1a: Heatran
|-supereffective|p1a: Heatran
|-damage|p1a: Heatran|123\/385
|move|p1a: Heatran|Stealth Rock|p2a: Starmie
|-sidestart|p2: RoastedChickenWing|move: Stealth Rock
|
|-heal|p1a: Heatran|147\/385|[from] item: Leftovers
|turn|18
|
|move|p1a: Heatran|Protect|p1a: Heatran
|-singleturn|p1a: Heatran|Protect
|move|p2a: Starmie|Rapid Spin|p1a: Heatran
|-activate|p1a: Heatran|Protect
|
|-heal|p1a: Heatran|171\/385|[from] item: Leftovers
|turn|19
|
|switch|p1a: Scizor|Scizor, M|312\/337
|-damage|p1a: Scizor|270\/337|[from] Stealth Rock
|move|p2a: Starmie|Scald|p1a: Scizor
|-damage|p1a: Scizor|165\/337
|
|-heal|p1a: Scizor|186\/337|[from] item: Leftovers
|turn|20
|
|move|p2a: Starmie|Hidden Power|p1a: Scizor
|-supereffective|p1a: Scizor
|-damage|p1a: Scizor|0 fnt
|faint|p1a: Scizor
|
|
|switch|p1a: Venusaur|Venusaur-Mega, M|363\/363
|-damage|p1a: Venusaur|318\/363|[from] Stealth Rock
|turn|21
|
|move|p2a: Starmie|Scald|p1a: Venusaur
|-resisted|p1a: Venusaur
|-damage|p1a: Venusaur|279\/363
|move|p1a: Venusaur|Giga Drain|p2a: Starmie
|-supereffective|p2a: Starmie
|-damage|p2a: Starmie|12\/324
|-heal|p1a: Venusaur|363\/363|[from] drain|[of] p2a: Starmie
|
|-heal|p2a: Starmie|32\/324|[from] item: Leftovers
|turn|22
|
|move|p2a: Starmie|Scald|p1a: Venusaur
|-resisted|p1a: Venusaur
|-damage|p1a: Venusaur|320\/363
|-status|p1a: Venusaur|brn
|move|p1a: Venusaur|Giga Drain|p2a: Starmie
|-supereffective|p2a: Starmie
|-damage|p2a: Starmie|0 fnt
|-heal|p1a: Venusaur|336\/363 brn|[from] drain|[of] p2a: Starmie
|faint|p2a: Starmie
|
|-damage|p1a: Venusaur|291\/363 brn|[from] brn
|
|switch|p2a: Haxorus|Haxorus, M|187\/293
|-damage|p2a: Haxorus|151\/293|[from] Stealth Rock
|-ability|p2a: Haxorus|Mold Breaker
|turn|23
|
|switch|p1a: Heatran|Heatran, M, shiny|171\/385
|-damage|p1a: Heatran|123\/385|[from] Stealth Rock
|move|p2a: Haxorus|Outrage|p1a: Heatran
|-resisted|p1a: Heatran
|-damage|p1a: Heatran|0 fnt
|faint|p1a: Heatran
|
|
|switch|p1a: Dragonite|Dragonite, M|323\/323
|-damage|p1a: Dragonite|243\/323|[from] Stealth Rock
|turn|24
|
|move|p1a: Dragonite|Extreme Speed|p2a: Haxorus
|-damage|p2a: Haxorus|0 fnt
|faint|p2a: Haxorus
|
|
|switch|p2a: Gengar|Gengar, M|64\/261
|-damage|p2a: Gengar|32\/261|[from] Stealth Rock
|turn|25
|
|switch|p1a: Keldeo-Resolute|Keldeo-Resolute, shiny|323\/323
|-damage|p1a: Keldeo-Resolute|303\/323|[from] Stealth Rock
|move|p2a: Gengar|Giga Drain|p1a: Keldeo-Resolute
|-supereffective|p1a: Keldeo-Resolute
|-damage|p1a: Keldeo-Resolute|35\/323
|-heal|p2a: Gengar|166\/261|[from] drain|[of] p1a: Keldeo-Resolute
|-damage|p2a: Gengar|140\/261|[from] item: Life Orb
|
|turn|26
|
|move|p2a: Gengar|Shadow Ball|p1a: Keldeo-Resolute
|-damage|p1a: Keldeo-Resolute|0 fnt
|-damage|p2a: Gengar|114\/261|[from] item: Life Orb
|faint|p1a: Keldeo-Resolute
|
|
|switch|p1a: Venusaur|Venusaur-Mega, M|291\/363 brn
|-damage|p1a: Venusaur|246\/363 brn|[from] Stealth Rock
|turn|27
|
|move|p2a: Gengar|Shadow Ball|p1a: Venusaur
|-damage|p1a: Venusaur|85\/363 brn
|-damage|p2a: Gengar|88\/261|[from] item: Life Orb
|move|p1a: Venusaur|Synthesis|p1a: Venusaur
|-heal|p1a: Venusaur|266\/363 brn
|
|-damage|p1a: Venusaur|221\/363 brn|[from] brn
|turn|28
|
|move|p2a: Gengar|Shadow Ball|p1a: Venusaur
|-damage|p1a: Venusaur|65\/363 brn
|-damage|p2a: Gengar|62\/261|[from] item: Life Orb
|move|p1a: Venusaur|Synthesis|p1a: Venusaur
|-heal|p1a: Venusaur|246\/363 brn
|
|-damage|p1a: Venusaur|201\/363 brn|[from] brn
|turn|29
|
|move|p2a: Gengar|Shadow Ball|p1a: Venusaur
|-damage|p1a: Venusaur|40\/363 brn
|-unboost|p1a: Venusaur|spd|1
|-damage|p2a: Gengar|36\/261|[from] item: Life Orb
|move|p1a: Venusaur|Synthesis|p1a: Venusaur
|-heal|p1a: Venusaur|221\/363 brn
|
|-damage|p1a: Venusaur|176\/363 brn|[from] brn
|turn|30
|
|switch|p1a: Dragonite|Dragonite, M|243\/323
|-damage|p1a: Dragonite|163\/323|[from] Stealth Rock
|move|p2a: Gengar|Shadow Ball|p1a: Dragonite
|-damage|p1a: Dragonite|0 fnt
|-damage|p2a: Gengar|10\/261|[from] item: Life Orb
|faint|p1a: Dragonite
|
|-message|Aragorn1398 forfeited.
|leave|Aragorn1398
|
|win|RoastedChickenWing
|raw|Ladder updating...
|player|p1
|raw|Aragorn1398's rating: 1643 &rarr; <strong>1617<\/strong><br \/>(-26 for losing)
|raw|RoastedChickenWing's rating: 1543 &rarr; <strong>1568<\/strong><br \/>(+25 for winning)