|join|maxpotterzerk
|join|Aragorn1398
|player|p1|maxpotterzerk|170
|player|p2|Aragorn1398|52
|gametype|singles
|gen|6
|tier|OU
|rated
|clearpoke
|poke|p1|Gallade, M, shiny
|poke|p1|Tyranitar, F, shiny
|poke|p1|Landorus-Therian, M
|poke|p1|Azumarill, F, shiny
|poke|p1|Greninja, M, shiny
|poke|p1|Magnezone
|poke|p2|Metagross, shiny
|poke|p2|Greninja, F, shiny
|poke|p2|Latias, F
|poke|p2|Talonflame, M
|poke|p2|Landorus-Therian, M
|poke|p2|Clefable, F
|rule|Swagger Clause: Swagger is banned
|rule|Baton Pass Clause: Limit one PokÃ©mon knowing Baton Pass
|rule|Sleep Clause Mod: Limit one foe put to sleep
|rule|Species Clause: Limit one of each PokÃ©mon
|rule|OHKO Clause: OHKO moves are banned
|rule|Moody Clause: Moody is banned
|rule|Evasion Moves Clause: Evasion moves are banned
|rule|Endless Battle Clause: Forcing endless battles is banned
|rule|HP Percentage Mod: HP is shown in percentages
|teampreview
|
|start
|switch|p1a: Azumarill|Azumarill, F, shiny|404\/404
|switch|p2a: Talonflame|Talonflame, M|305\/305
|turn|1
|
|switch|p2a: Latias|Latias, F|301\/301
|move|p1a: Azumarill|Waterfall|p2a: Latias
|-resisted|p2a: Latias
|-damage|p2a: Latias|151\/301
|
|turn|2
|
|switch|p1a: Greninja|Greninja, M, shiny|285\/285
|move|p2a: Latias|Psyshock|p1a: Greninja
|-immune|p1a: Greninja|[msg]
|
|turn|3
|
|switch|p2a: Clefable|Clefable, F|385\/385
|move|p1a: Greninja|Dark Pulse|p2a: Clefable
|-start|p1a: Greninja|typechange|Dark|[from] Protean
|-resisted|p2a: Clefable
|-damage|p2a: Clefable|327\/385
|
|-heal|p2a: Clefable|351\/385|[from] item: Leftovers
|turn|4
|
|switch|p2a: Landorus-Therian|Landorus-Therian, M|369\/369
|-ability|p2a: Landorus-Therian|Intimidate|[of] p1a: Greninja
|-unboost|p1a: Greninja|atk|1
|move|p1a: Greninja|Ice Beam|p2a: Landorus-Therian
|-start|p1a: Greninja|typechange|Ice|[from] Protean
|-supereffective|p2a: Landorus-Therian
|-damage|p2a: Landorus-Therian|0 fnt
|faint|p2a: Landorus-Therian
|
|
|switch|p2a: Metagross|Metagross, shiny|301\/301
|turn|5
|
|switch|p1a: Landorus-Therian|Landorus-Therian, M|382\/382
|-ability|p1a: Landorus-Therian|Intimidate|[of] p2a: Metagross
|-fail|p2a: Metagross|unboost|[from] ability: Clear Body|[of] p2a: Metagross
|detailschange|p2a: Metagross|Metagross-Mega, shiny
|-mega|p2a: Metagross|Metagross|Metagrossite
|move|p2a: Metagross|Bullet Punch|p1a: Landorus-Therian
|-damage|p1a: Landorus-Therian|303\/382
|
|-heal|p1a: Landorus-Therian|326\/382|[from] item: Leftovers
|turn|6
|
|switch|p2a: Talonflame|Talonflame, M|305\/305
|switch|p1a: Azumarill|Azumarill, F, shiny|404\/404
|
|turn|7
|
|switch|p2a: Latias|Latias, F|151\/301
|move|p1a: Azumarill|Waterfall|p2a: Latias
|-resisted|p2a: Latias
|-damage|p2a: Latias|3\/301
|
|turn|8
|
|move|p2a: Latias|Draco Meteor|p1a: Azumarill
|-immune|p1a: Azumarill|[msg]
|move|p1a: Azumarill|Waterfall|p2a: Latias
|-resisted|p2a: Latias
|-damage|p2a: Latias|0 fnt
|faint|p2a: Latias
|
|
|switch|p2a: Greninja|Greninja, F, shiny|285\/285
|turn|9
|
|switch|p1a: Magnezone|Magnezone|343\/343
|move|p2a: Greninja|Gunk Shot|p1a: Magnezone
|-start|p2a: Greninja|typechange|Poison|[from] Protean
|-immune|p1a: Magnezone|[msg]
|
|turn|10
|
|switch|p2a: Clefable|Clefable, F|351\/385
|move|p1a: Magnezone|Volt Switch|p2a: Clefable
|-damage|p2a: Clefable|210\/385
|
|switch|p1a: Azumarill|Azumarill, F, shiny|404\/404
|
|-heal|p2a: Clefable|234\/385|[from] item: Leftovers
|turn|11
|
|move|p2a: Clefable|Moonblast|p1a: Azumarill
|-damage|p1a: Azumarill|275\/404
|move|p1a: Azumarill|Waterfall|p2a: Clefable
|-damage|p2a: Clefable|0 fnt
|faint|p2a: Clefable
|
|
|switch|p2a: Metagross|Metagross-Mega, shiny|301\/301
|turn|12
|
|switch|p1a: Landorus-Therian|Landorus-Therian, M|326\/382
|-ability|p1a: Landorus-Therian|Intimidate|[of] p2a: Metagross
|-unboost|p2a: Metagross|atk|1
|move|p2a: Metagross|Zen Headbutt|p1a: Landorus-Therian
|-damage|p1a: Landorus-Therian|221\/382
|
|-heal|p1a: Landorus-Therian|244\/382|[from] item: Leftovers
|turn|13
|
|switch|p2a: Talonflame|Talonflame, M|305\/305
|move|p1a: Landorus-Therian|U-turn|p2a: Talonflame
|-crit|p2a: Talonflame
|-resisted|p2a: Talonflame
|-damage|p2a: Talonflame|272\/305
|
|switch|p1a: Tyranitar|Tyranitar, F, shiny|341\/341
|-weather|Sandstorm
|
|-weather|Sandstorm|[upkeep]
|-damage|p2a: Talonflame|253\/305|[from] sandstorm
|turn|14
|
|switch|p2a: Metagross|Metagross-Mega, shiny|301\/301
|move|p1a: Tyranitar|Dragon Dance|p1a: Tyranitar
|-boost|p1a: Tyranitar|atk|1
|-boost|p1a: Tyranitar|spe|1
|
|-weather|Sandstorm|[upkeep]
|turn|15
|
|move|p1a: Tyranitar|Crunch|p2a: Metagross
|-supereffective|p2a: Metagross
|-damage|p2a: Metagross|0 fnt
|faint|p2a: Metagross
|
|-weather|Sandstorm|[upkeep]
|
|switch|p2a: Greninja|Greninja, F, shiny|285\/285
|turn|16
|
|move|p2a: Greninja|Hydro Pump|p1a: Tyranitar
|-start|p2a: Greninja|typechange|Water|[from] Protean
|-supereffective|p1a: Tyranitar
|-damage|p1a: Tyranitar|45\/341
|-damage|p2a: Greninja|257\/285|[from] item: Life Orb
|move|p1a: Tyranitar|Crunch|p2a: Greninja
|-damage|p2a: Greninja|0 fnt
|faint|p2a: Greninja
|
|-weather|Sandstorm|[upkeep]
|-heal|p1a: Tyranitar|66\/341|[from] item: Leftovers
|
|switch|p2a: Talonflame|Talonflame, M|253\/305
|turn|17
|
|switch|p1a: Magnezone|Magnezone|343\/343
|move|p2a: Talonflame|Brave Bird|p1a: Magnezone
|-resisted|p1a: Magnezone
|-damage|p1a: Magnezone|300\/343
|-damage|p2a: Talonflame|239\/305|[from] recoil|[of] p1a: Magnezone
|
|-weather|none
|turn|18
|
|move|p2a: Talonflame|Flare Blitz|p1a: Magnezone
|-supereffective|p1a: Magnezone
|-damage|p1a: Magnezone|18\/343
|-damage|p2a: Talonflame|146\/305|[from] recoil|[of] p1a: Magnezone
|move|p1a: Magnezone|Volt Switch|p2a: Talonflame
|-supereffective|p2a: Talonflame
|-damage|p2a: Talonflame|0 fnt
|faint|p2a: Talonflame
|
|win|maxpotterzerk
|raw|Ladder updating...
|raw|maxpotterzerk's rating: 1529 &rarr; <strong>1543<\/strong><br \/>(+14 for winning)
|raw|Aragorn1398's rating: 1414 &rarr; <strong>1400<\/strong><br \/>(-14 for losing)
|leave|Aragorn1398
|player|p2
|c|âmaxpotterzerk|gg