|join|Aragorn1398
|join|Tak.i.on
|player|p1|Aragorn1398|52
|player|p2|Tak.i.on|266
|gametype|singles
|gen|6
|tier|OU (suspect test)
|rated
|clearpoke
|poke|p1|Gyarados, F, shiny
|poke|p1|Tyranitar, M, shiny
|poke|p1|Excadrill, M
|poke|p1|Gengar, M
|poke|p1|Clefable, F
|poke|p1|Latias, F
|poke|p2|Lucario, F
|poke|p2|Altaria, M
|poke|p2|Landorus-Therian, M
|poke|p2|Gothitelle, M
|poke|p2|Mew
|poke|p2|Skarmory, M
|rule|Swagger Clause: Swagger is banned
|rule|Baton Pass Clause: Limit one PokÃ©mon knowing Baton Pass
|rule|Sleep Clause Mod: Limit one foe put to sleep
|rule|Species Clause: Limit one of each PokÃ©mon
|rule|OHKO Clause: OHKO moves are banned
|rule|Moody Clause: Moody is banned
|rule|Evasion Moves Clause: Evasion moves are banned
|rule|Endless Battle Clause: Forcing endless battles is banned
|rule|HP Percentage Mod: HP is shown in percentages
|teampreview
|c|âAragorn1398|ew
|
|start
|switch|p1a: Gyarados|Gyarados, F, shiny|331\/331
|switch|p2a: Mew|Mew|404\/404
|-ability|p1a: Gyarados|Intimidate|[of] p2a: Mew
|-unboost|p2a: Mew|atk|1
|turn|1
|
|detailschange|p1a: Gyarados|Gyarados-Mega, F, shiny
|-mega|p1a: Gyarados|Gyarados|Gyaradosite
|-ability|p1a: Gyarados|Mold Breaker
|move|p1a: Gyarados|Crunch|p2a: Mew
|-supereffective|p2a: Mew
|-damage|p2a: Mew|90\/404
|move|p2a: Mew|Taunt|p1a: Gyarados
|-start|p1a: Gyarados|move: Taunt
|
|-heal|p2a: Mew|115\/404|[from] item: Leftovers
|turn|2
|
|switch|p2a: Skarmory|Skarmory, M|333\/333
|move|p1a: Gyarados|Crunch|p2a: Skarmory
|-damage|p2a: Skarmory|243\/333
|-damage|p1a: Gyarados|276\/331|[from] item: Rocky Helmet|[of] p2a: Skarmory
|
|turn|3
|
|switch|p1a: Tyranitar|Tyranitar, M, shiny|403\/403
|-weather|Sandstorm
|move|p2a: Skarmory|Stealth Rock|p1a: Tyranitar
|-sidestart|p1: Aragorn1398|move: Stealth Rock
|
|-weather|Sandstorm|[upkeep]
|turn|4
|
|switch|p2a: Mew|Mew|115\/404
|move|p1a: Tyranitar|Stealth Rock|p2a: Mew
|-sidestart|p2: Tak.i.on|move: Stealth Rock
|
|-weather|Sandstorm|[upkeep]
|-damage|p2a: Mew|90\/404|[from] sandstorm
|-heal|p2a: Mew|115\/404|[from] item: Leftovers
|turn|5
|
|move|p2a: Mew|Knock Off|p1a: Tyranitar
|-resisted|p1a: Tyranitar
|-damage|p1a: Tyranitar|379\/403
|-enditem|p1a: Tyranitar|Smooth Rock|[from] move: Knock Off|[of] p2a: Mew
|move|p1a: Tyranitar|Crunch|p2a: Mew
|-supereffective|p2a: Mew
|-damage|p2a: Mew|0 fnt
|faint|p2a: Mew
|
|-weather|Sandstorm|[upkeep]
|
|switch|p2a: Lucario|Lucario, F|281\/281
|-damage|p2a: Lucario|273\/281|[from] Stealth Rock
|turn|6
|
|move|p2a: Lucario|Aura Sphere|p1a: Tyranitar
|-supereffective|p1a: Tyranitar
|-damage|p1a: Tyranitar|0 fnt
|-damage|p2a: Lucario|245\/281|[from] item: Life Orb
|faint|p1a: Tyranitar
|
|-weather|Sandstorm|[upkeep]
|
|switch|p1a: Excadrill|Excadrill, M|361\/361
|-damage|p1a: Excadrill|350\/361|[from] Stealth Rock
|turn|7
|
|switch|p1a: Gengar|Gengar, M|261\/261
|-damage|p1a: Gengar|229\/261|[from] Stealth Rock
|switch|p2a: Skarmory|Skarmory, M|243\/333
|-damage|p2a: Skarmory|202\/333|[from] Stealth Rock
|
|-weather|Sandstorm|[upkeep]
|-damage|p1a: Gengar|213\/261|[from] sandstorm
|-heal|p1a: Gengar|229\/261|[from] item: Black Sludge
|turn|8
|
|move|p1a: Gengar|Substitute|p1a: Gengar
|-start|p1a: Gengar|Substitute
|-damage|p1a: Gengar|164\/261
|move|p2a: Skarmory|Roost|p2a: Skarmory
|-heal|p2a: Skarmory|333\/333
|
|-weather|Sandstorm|[upkeep]
|-damage|p1a: Gengar|148\/261|[from] sandstorm
|-heal|p1a: Gengar|164\/261|[from] item: Black Sludge
|turn|9
|
|move|p1a: Gengar|Shadow Ball|p2a: Skarmory
|-damage|p2a: Skarmory|129\/333
|move|p2a: Skarmory|Brave Bird|p1a: Gengar
|-end|p1a: Gengar|Substitute
|-damage|p2a: Skarmory|108\/333|[from] recoil|[of] p1a: Gengar
|
|-weather|Sandstorm|[upkeep]
|-damage|p1a: Gengar|148\/261|[from] sandstorm
|-heal|p1a: Gengar|164\/261|[from] item: Black Sludge
|turn|10
|
|move|p1a: Gengar|Shadow Ball|p2a: Skarmory
|-damage|p2a: Skarmory|0 fnt
|faint|p2a: Skarmory
|
|-weather|none
|-heal|p1a: Gengar|180\/261|[from] item: Black Sludge
|
|switch|p2a: Gothitelle|Gothitelle, M|281\/281
|-damage|p2a: Gothitelle|246\/281|[from] Stealth Rock
|turn|11
|
|move|p2a: Gothitelle|Psyshock|p1a: Gengar
|-supereffective|p1a: Gengar
|-damage|p1a: Gengar|0 fnt
|faint|p1a: Gengar
|
|
|switch|p1a: Gyarados|Gyarados-Mega, F, shiny|276\/331
|-damage|p1a: Gyarados|235\/331|[from] Stealth Rock
|-ability|p1a: Gyarados|Mold Breaker
|turn|12
|
|switch|p2a: Landorus-Therian|Landorus-Therian, M|319\/319
|-damage|p2a: Landorus-Therian|280\/319|[from] Stealth Rock
|-ability|p2a: Landorus-Therian|Intimidate|[of] p1a: Gyarados
|-unboost|p1a: Gyarados|atk|1
|move|p1a: Gyarados|Dragon Dance|p1a: Gyarados
|-boost|p1a: Gyarados|atk|1
|-boost|p1a: Gyarados|spe|1
|
|turn|13
|
|move|p2a: Landorus-Therian|Explosion|p1a: Gyarados
|-damage|p1a: Gyarados|0 fnt
|faint|p2a: Landorus-Therian
|faint|p1a: Gyarados
|
|
|switch|p1a: Excadrill|Excadrill, M|350\/361
|switch|p2a: Gothitelle|Gothitelle, M|246\/281
|-damage|p2a: Gothitelle|211\/281|[from] Stealth Rock
|-damage|p1a: Excadrill|339\/361|[from] Stealth Rock
|turn|14
|
|move|p2a: Gothitelle|Energy Ball|p1a: Excadrill
|-damage|p1a: Excadrill|212\/361
|move|p1a: Excadrill|Earthquake|p2a: Gothitelle
|-damage|p2a: Gothitelle|0 fnt
|-damage|p1a: Excadrill|176\/361|[from] item: Life Orb
|faint|p2a: Gothitelle
|
|
|switch|p2a: Lucario|Lucario, F|245\/281
|-damage|p2a: Lucario|237\/281|[from] Stealth Rock
|turn|15
|
|move|p2a: Lucario|Vacuum Wave|p1a: Excadrill
|-supereffective|p1a: Excadrill
|-damage|p1a: Excadrill|0 fnt
|-damage|p2a: Lucario|209\/281|[from] item: Life Orb
|faint|p1a: Excadrill
|
|
|switch|p1a: Latias|Latias, F|301\/301
|-damage|p1a: Latias|264\/301|[from] Stealth Rock
|turn|16
|
|move|p1a: Latias|Psyshock|p2a: Lucario
|-damage|p2a: Lucario|5\/281
|-damage|p1a: Latias|234\/301|[from] item: Life Orb
|move|p2a: Lucario|Flash Cannon|p1a: Latias
|-damage|p1a: Latias|78\/301
|-damage|p2a: Lucario|0 fnt|[from] item: Life Orb
|faint|p2a: Lucario
|
|
|switch|p2a: Altaria|Altaria, M|291\/291
|-damage|p2a: Altaria|219\/291|[from] Stealth Rock
|turn|17
|
|detailschange|p2a: Altaria|Altaria-Mega, M
|-mega|p2a: Altaria|Altaria|Altarianite
|move|p1a: Latias|Psyshock|p2a: Altaria
|-damage|p2a: Altaria|83\/291
|-damage|p1a: Latias|48\/301|[from] item: Life Orb
|move|p2a: Altaria|Dragon Dance|p2a: Altaria
|-boost|p2a: Altaria|atk|1
|-boost|p2a: Altaria|spe|1
|
|turn|18
|
|move|p2a: Altaria|Return|p1a: Latias
|-supereffective|p1a: Latias
|-damage|p1a: Latias|0 fnt
|faint|p1a: Latias
|
|
|switch|p1a: Clefable|Clefable, F|385\/385
|turn|19
|
|move|p2a: Altaria|Return|p1a: Clefable
|-damage|p1a: Clefable|0 fnt
|faint|p1a: Clefable
|
|win|Tak.i.on
|raw|Ladder updating...
|raw|Aragorn1398's rating: 1320 &rarr; <strong>1301<\/strong><br \/>(-19 for losing)
|raw|Tak.i.on's rating: 1328 &rarr; <strong>1348<\/strong><br \/>(+20 for winning)
|c|âAragorn1398|gg
|leave|Aragorn1398
|player|p1
|c|âTak.i.on|ew
|c|âTak.i.on|np