|join|caramelfalcao
|join|G0tagofast
|player|p1|caramelfalcao|226
|player|p2|G0tagofast|1
|gametype|singles
|gen|6
|tier|OU
|rated
|clearpoke
|poke|p1|Weavile, F
|poke|p1|Starmie
|poke|p1|Pinsir, M
|poke|p1|Landorus-Therian, M
|poke|p1|Raikou
|poke|p1|Clefable, M
|poke|p2|Diancie
|poke|p2|Cloyster, F
|poke|p2|Keldeo-Resolute
|poke|p2|Starmie
|poke|p2|Bisharp, M
|poke|p2|Ferrothorn, F
|rule|Swagger Clause: Swagger is banned
|rule|Baton Pass Clause: Limit one PokÃ©mon knowing Baton Pass
|rule|Sleep Clause Mod: Limit one foe put to sleep
|rule|Species Clause: Limit one of each PokÃ©mon
|rule|OHKO Clause: OHKO moves are banned
|rule|Moody Clause: Moody is banned
|rule|Evasion Moves Clause: Evasion moves are banned
|rule|Endless Battle Clause: Forcing endless battles is banned
|rule|HP Percentage Mod: HP is shown in percentages
|teampreview
|
|start
|switch|p1a: Starmie|Starmie|259\/259
|switch|p2a: Cloyster|Cloyster, F|241\/241
|turn|1
|
|move|p1a: Starmie|Hydro Pump|p2a: Cloyster
|-resisted|p2a: Cloyster
|-damage|p2a: Cloyster|38\/241
|-damage|p1a: Starmie|234\/259|[from] item: Life Orb
|move|p2a: Cloyster|Shell Smash|p2a: Cloyster
|-boost|p2a: Cloyster|atk|2
|-boost|p2a: Cloyster|spa|2
|-boost|p2a: Cloyster|spe|2
|-unboost|p2a: Cloyster|def|1
|-unboost|p2a: Cloyster|spd|1
|
|turn|2
|
|move|p2a: Cloyster|Explosion|p1a: Starmie
|-crit|p1a: Starmie
|-damage|p1a: Starmie|0 fnt
|faint|p2a: Cloyster
|faint|p1a: Starmie
|
|
|switch|p1a: Clefable|Clefable, M|394\/394
|switch|p2a: Ferrothorn|Ferrothorn, F|349\/349
|turn|3
|
|move|p1a: Clefable|Flamethrower|p2a: Ferrothorn
|-supereffective|p2a: Ferrothorn
|-damage|p2a: Ferrothorn|113\/349
|move|p2a: Ferrothorn|Thunder Wave|p1a: Clefable
|-status|p1a: Clefable|par
|
|turn|4
|
|move|p2a: Ferrothorn|Stealth Rock|p1a: Clefable
|-sidestart|p1: caramelfalcao|move: Stealth Rock
|cant|p1a: Clefable|par
|
|turn|5
|
|switch|p2a: Keldeo-Resolute|Keldeo-Resolute|323\/323
|move|p1a: Clefable|Flamethrower|p2a: Keldeo-Resolute
|-resisted|p2a: Keldeo-Resolute
|-damage|p2a: Keldeo-Resolute|286\/323
|
|turn|6
|
|move|p2a: Keldeo-Resolute|Hydro Pump|p1a: Clefable
|-damage|p1a: Clefable|141\/394 par
|move|p1a: Clefable|Moonblast|p2a: Keldeo-Resolute
|-crit|p2a: Keldeo-Resolute
|-supereffective|p2a: Keldeo-Resolute
|-damage|p2a: Keldeo-Resolute|0 fnt
|faint|p2a: Keldeo-Resolute
|
|-heal|p1a: Clefable|165\/394 par|[from] item: Leftovers
|
|switch|p2a: Diancie|Diancie|241\/241
|turn|7
|
|detailschange|p2a: Diancie|Diancie-Mega
|-mega|p2a: Diancie|Diancie|Diancite
|move|p2a: Diancie|Diamond Storm|p1a: Clefable
|-damage|p1a: Clefable|0 fnt
|-boost|p2a: Diancie|def|1
|faint|p1a: Clefable
|
|
|switch|p1a: Landorus-Therian|Landorus-Therian, M|381\/381
|-damage|p1a: Landorus-Therian|334\/381|[from] Stealth Rock
|-ability|p1a: Landorus-Therian|Intimidate|[of] p2a: Diancie
|-unboost|p2a: Diancie|atk|1
|turn|8
|
|switch|p2a: Ferrothorn|Ferrothorn, F|113\/349
|move|p1a: Landorus-Therian|Earthquake|p2a: Ferrothorn
|-damage|p2a: Ferrothorn|2\/349
|
|turn|9
|
|move|p1a: Landorus-Therian|Earthquake|p2a: Ferrothorn
|-damage|p2a: Ferrothorn|0 fnt
|faint|p2a: Ferrothorn
|
|
|switch|p2a: Starmie|Starmie|282\/282
|turn|10
|
|switch|p1a: Raikou|Raikou|321\/321
|-damage|p1a: Raikou|281\/321|[from] Stealth Rock
|-ability|p1a: Raikou|Pressure
|move|p2a: Starmie|Hydro Pump|p1a: Raikou
|-damage|p1a: Raikou|133\/321
|-damage|p2a: Starmie|254\/282|[from] item: Life Orb
|
|turn|11
|
|move|p1a: Raikou|Volt Switch|p2a: Starmie
|-supereffective|p2a: Starmie
|-damage|p2a: Starmie|2\/282
|
|switch|p1a: Landorus-Therian|Landorus-Therian, M|334\/381
|-damage|p1a: Landorus-Therian|287\/381|[from] Stealth Rock
|-ability|p1a: Landorus-Therian|Intimidate|[of] p2a: Starmie
|-unboost|p2a: Starmie|atk|1
|move|p2a: Starmie|Psyshock|p1a: Landorus-Therian
|-damage|p1a: Landorus-Therian|157\/381
|-damage|p2a: Starmie|0 fnt|[from] item: Life Orb
|faint|p2a: Starmie
|
|
|switch|p2a: Bisharp|Bisharp, M|271\/271
|turn|12
|
|move|p2a: Bisharp|Sucker Punch|p1a: Landorus-Therian
|-damage|p1a: Landorus-Therian|4\/381
|-damage|p2a: Bisharp|226\/271|[from] item: Rocky Helmet|[of] p1a: Landorus-Therian
|-damage|p2a: Bisharp|199\/271|[from] item: Life Orb
|move|p1a: Landorus-Therian|Earthquake|p2a: Bisharp
|-supereffective|p2a: Bisharp
|-damage|p2a: Bisharp|0 fnt
|faint|p2a: Bisharp
|
|
|switch|p2a: Diancie|Diancie-Mega|241\/241
|turn|13
|
|move|p2a: Diancie|Moonblast|p1a: Landorus-Therian
|-damage|p1a: Landorus-Therian|0 fnt
|faint|p1a: Landorus-Therian
|
|c|âcaramelfalcao|i'm really scaried of diancie
|c|âcaramelfalcao|:\
|
|switch|p1a: Raikou|Raikou|133\/321
|-damage|p1a: Raikou|93\/321|[from] Stealth Rock
|-ability|p1a: Raikou|Pressure
|turn|14
|
|move|p1a: Raikou|Thunderbolt|p2a: Diancie
|-damage|p2a: Diancie|97\/241
|move|p2a: Diancie|Rock Polish|p2a: Diancie
|-boost|p2a: Diancie|spe|2
|
|turn|15
|
|move|p2a: Diancie|Moonblast|p1a: Raikou
|-damage|p1a: Raikou|0 fnt
|faint|p1a: Raikou
|
|
|switch|p1a: Pinsir|Pinsir, M|271\/271
|-damage|p1a: Pinsir|204\/271|[from] Stealth Rock
|turn|16
|c|âG0tagofast|Yeah i fell i have a problem
|c|âG0tagofast|Maybe i should put a scarf on keldeo
|
|detailschange|p1a: Pinsir|Pinsir-Mega, M
|-mega|p1a: Pinsir|Pinsir|Pinsirite
|move|p1a: Pinsir|Quick Attack|p2a: Diancie
|-resisted|p2a: Diancie
|-damage|p2a: Diancie|47\/241
|move|p2a: Diancie|Diamond Storm|p1a: Pinsir
|-supereffective|p1a: Pinsir
|-damage|p1a: Pinsir|0 fnt
|-boost|p2a: Diancie|def|1
|faint|p1a: Pinsir
|
|c|âcaramelfalcao|meh..
|
|switch|p1a: Weavile|Weavile, F|279\/279
|-damage|p1a: Weavile|210\/279|[from] Stealth Rock
|-ability|p1a: Weavile|Pressure
|turn|17
|c|âcaramelfalcao|dat defense boost
|
|move|p1a: Weavile|Ice Shard|p2a: Diancie
|-damage|p2a: Diancie|0 fnt
|-damage|p1a: Weavile|183\/279|[from] item: Life Orb
|faint|p2a: Diancie
|
|win|caramelfalcao
|raw|Ladder updating...
|c|âcaramelfalcao|oh perfect
|c|âG0tagofast|gg
|c|âcaramelfalcao|gg
|raw|caramelfalcao's rating: 1406 &rarr; <strong>1427<\/strong><br \/>(+21 for winning)
|raw|G0tagofast's rating: 1415 &rarr; <strong>1395<\/strong><br \/>(-20 for losing)