|join|G0tagofast
|join|raiderrocker18
|player|p1|G0tagofast|265
|player|p2|raiderrocker18|266
|gametype|singles
|gen|6
|tier|OU
|rated
|clearpoke
|poke|p1|Dragonite, F
|poke|p1|Sceptile, F
|poke|p1|Regirock
|poke|p1|Scizor, M
|poke|p1|Darmanitan, M
|poke|p1|Crobat, M
|poke|p2|Tyranitar, M
|poke|p2|Keldeo-Resolute
|poke|p2|Charizard, M
|poke|p2|Hippowdon, M
|poke|p2|Latias, F
|poke|p2|Victini
|rule|Swagger Clause: Swagger is banned
|rule|Baton Pass Clause: Limit one PokÃ©mon knowing Baton Pass
|rule|Sleep Clause Mod: Limit one foe put to sleep
|rule|Species Clause: Limit one of each PokÃ©mon
|rule|OHKO Clause: OHKO moves are banned
|rule|Moody Clause: Moody is banned
|rule|Evasion Moves Clause: Evasion moves are banned
|rule|Endless Battle Clause: Forcing endless battles is banned
|rule|HP Percentage Mod: HP is shown in percentages
|teampreview
|
|start
|switch|p1a: Sceptile|Sceptile, F|281\/281
|switch|p2a: Quagmire|Hippowdon, M|420\/420
|-weather|Sandstorm
|turn|1
|
|switch|p2a: GreasedUp Deaf Guy|Victini|347\/347
|detailschange|p1a: Sceptile|Sceptile-Mega, F
|-mega|p1a: Sceptile|Sceptile|Sceptilite
|move|p1a: Sceptile|Giga Drain|p2a: GreasedUp Deaf Guy
|-resisted|p2a: GreasedUp Deaf Guy
|-damage|p2a: GreasedUp Deaf Guy|265\/347
|
|-weather|Sandstorm|[upkeep]
|-damage|p2a: GreasedUp Deaf Guy|244\/347|[from] Sandstorm
|-damage|p1a: Sceptile|264\/281|[from] Sandstorm
|turn|2
|
|switch|p1a: Regirock|Regirock|363\/363
|move|p2a: GreasedUp Deaf Guy|U-turn|p1a: Regirock
|-damage|p1a: Regirock|321\/363
|-damage|p2a: GreasedUp Deaf Guy|187\/347|[from] item: Rocky Helmet|[of] p1a: Regirock
|
|switch|p2a: Stewie Griffin|Charizard, M|297\/297
|
|-weather|Sandstorm|[upkeep]
|-damage|p2a: Stewie Griffin|279\/297|[from] Sandstorm
|turn|3
|
|detailschange|p2a: Stewie Griffin|Charizard-Mega-Y, M
|-mega|p2a: Stewie Griffin|Charizard|Charizardite Y
|-weather|SunnyDay
|move|p2a: Stewie Griffin|Solar Beam|p1a: Regirock|[still]
|-prepare|p2a: Stewie Griffin|Solar Beam|p1a: Regirock
|-anim|p2a: Stewie Griffin|Solar Beam|p1a: Regirock
|-supereffective|p1a: Regirock
|-damage|p1a: Regirock|0 fnt
|faint|p1a: Regirock
|
|-weather|SunnyDay|[upkeep]
|
|switch|p1a: Darmanitan|Darmanitan, M|351\/351
|turn|4
|
|switch|p2a: Peter Griffin|Tyranitar, M|403\/403
|-weather|Sandstorm
|move|p1a: Darmanitan|Flare Blitz|p2a: Peter Griffin
|-resisted|p2a: Peter Griffin
|-damage|p2a: Peter Griffin|277\/403
|-damage|p1a: Darmanitan|309\/351|[from] recoil|[of] p2a: Peter Griffin
|
|-weather|Sandstorm|[upkeep]
|-damage|p1a: Darmanitan|288\/351|[from] Sandstorm
|turn|5
|
|move|p2a: Peter Griffin|Pursuit|p1a: Darmanitan|[from]Pursuit
|-damage|p1a: Darmanitan|0 fnt
|faint|p1a: Darmanitan
|
|-weather|Sandstorm|[upkeep]
|
|switch|p1a: Sceptile|Sceptile-Mega, F|264\/281
|turn|6
|
|switch|p2a: Stewie Griffin|Charizard-Mega-Y, M|279\/297
|-weather|SunnyDay
|move|p1a: Sceptile|Substitute|p1a: Sceptile
|-start|p1a: Sceptile|Substitute
|-damage|p1a: Sceptile|194\/281
|
|-weather|SunnyDay|[upkeep]
|turn|7
|
|move|p1a: Sceptile|Dragon Pulse|p2a: Stewie Griffin
|-damage|p2a: Stewie Griffin|122\/297
|move|p2a: Stewie Griffin|Fire Blast|p1a: Sceptile
|-end|p1a: Sceptile|Substitute
|
|-weather|SunnyDay|[upkeep]
|turn|8
|
|move|p1a: Sceptile|Dragon Pulse|p2a: Stewie Griffin
|-damage|p2a: Stewie Griffin|0 fnt
|faint|p2a: Stewie Griffin
|
|-weather|SunnyDay|[upkeep]
|
|switch|p2a: GreasedUp Deaf Guy|Victini|187\/347
|turn|9
|
|switch|p1a: Dragonite|Dragonite, F|323\/323
|move|p2a: GreasedUp Deaf Guy|V-create|p1a: Dragonite
|-resisted|p1a: Dragonite
|-damage|p1a: Dragonite|217\/323
|-unboost|p2a: GreasedUp Deaf Guy|def|1
|-unboost|p2a: GreasedUp Deaf Guy|spd|1
|-unboost|p2a: GreasedUp Deaf Guy|spe|1
|
|-weather|SunnyDay|[upkeep]
|turn|10
|
|switch|p2a: Quagmire|Hippowdon, M|420\/420
|-weather|Sandstorm
|move|p1a: Dragonite|Superpower|p2a: Quagmire
|-damage|p2a: Quagmire|270\/420
|-unboost|p1a: Dragonite|atk|1
|-unboost|p1a: Dragonite|def|1
|
|-weather|Sandstorm|[upkeep]
|-damage|p1a: Dragonite|197\/323|[from] Sandstorm
|-heal|p2a: Quagmire|296\/420|[from] item: Leftovers
|turn|11
|
|switch|p1a: Sceptile|Sceptile-Mega, F|194\/281
|move|p2a: Quagmire|Stealth Rock|p1a: Sceptile
|-sidestart|p1: G0tagofast|move: Stealth Rock
|
|-weather|Sandstorm|[upkeep]
|-damage|p1a: Sceptile|177\/281|[from] Sandstorm
|-heal|p2a: Quagmire|322\/420|[from] item: Leftovers
|turn|12
|
|move|p1a: Sceptile|Giga Drain|p2a: Quagmire
|-supereffective|p2a: Quagmire
|-damage|p2a: Quagmire|0 fnt
|-heal|p1a: Sceptile|281\/281|[from] drain|[of] p2a: Quagmire
|faint|p2a: Quagmire
|
|-weather|Sandstorm|[upkeep]
|-damage|p1a: Sceptile|264\/281|[from] Sandstorm
|
|switch|p2a: GreasedUp Deaf Guy|Victini|187\/347
|turn|13
|
|switch|p1a: Crobat|Crobat, M|359\/359
|-damage|p1a: Crobat|270\/359|[from] Stealth Rock
|move|p2a: GreasedUp Deaf Guy|V-create|p1a: Crobat
|-damage|p1a: Crobat|0 fnt
|-unboost|p2a: GreasedUp Deaf Guy|def|1
|-unboost|p2a: GreasedUp Deaf Guy|spd|1
|-unboost|p2a: GreasedUp Deaf Guy|spe|1
|faint|p1a: Crobat
|
|-weather|Sandstorm|[upkeep]
|-damage|p2a: GreasedUp Deaf Guy|166\/347|[from] Sandstorm
|
|switch|p1a: Sceptile|Sceptile-Mega, F|264\/281
|-damage|p1a: Sceptile|229\/281|[from] Stealth Rock
|turn|14
|
|switch|p2a: Peter Griffin|Tyranitar, M|277\/403
|move|p1a: Sceptile|Substitute|p1a: Sceptile
|-start|p1a: Sceptile|Substitute
|-damage|p1a: Sceptile|159\/281
|
|-weather|none
|turn|15
|
|move|p1a: Sceptile|Focus Blast|p2a: Peter Griffin
|-supereffective|p2a: Peter Griffin
|-damage|p2a: Peter Griffin|0 fnt
|faint|p2a: Peter Griffin
|
|
|switch|p2a: Giant Chicken|Latias, F|302\/302
|turn|16
|
|move|p1a: Sceptile|Dragon Pulse|p2a: Giant Chicken
|-supereffective|p2a: Giant Chicken
|-damage|p2a: Giant Chicken|0 fnt
|faint|p2a: Giant Chicken
|
|
|switch|p2a: GreasedUp Deaf Guy|Victini|166\/347
|turn|17
|c|âraiderrocker18|damn
|c|âraiderrocker18|was really hoping i had balk
|c|âG0tagofast|modest b1tches
|c|âraiderrocker18|gg :)
|
|move|p2a: GreasedUp Deaf Guy|U-turn|p1a: Sceptile
|-crit|p1a: Sceptile
|-supereffective|p1a: Sceptile
|-end|p1a: Sceptile|Substitute
|c|âG0tagofast|gg
|
|switch|p2a: Adam West|Keldeo-Resolute|323\/323
|move|p1a: Sceptile|Substitute|p1a: Sceptile
|-start|p1a: Sceptile|Substitute
|-damage|p1a: Sceptile|89\/281
|
|turn|18
|c|âraiderrocker18|oml
|c|âraiderrocker18|i could have won
|c|âG0tagofast|how?
|
|move|p1a: Sceptile|Giga Drain|p2a: Adam West
|-supereffective|p2a: Adam West
|-damage|p2a: Adam West|0 fnt
|-heal|p1a: Sceptile|251\/281|[from] drain|[of] p2a: Adam West
|faint|p2a: Adam West
|
|c|âraiderrocker18|im scarfed
|c|âraiderrocker18|oh wait
|c|âG0tagofast|yeah but priority
|c|âraiderrocker18|nevermind i brainfarted
|
|switch|p2a: GreasedUp Deaf Guy|Victini|166\/347
|turn|19
|
|move|p2a: GreasedUp Deaf Guy|Glaciate|p1a: Sceptile
|-supereffective|p1a: Sceptile
|-end|p1a: Sceptile|Substitute
|move|p1a: Sceptile|Dragon Pulse|p2a: GreasedUp Deaf Guy
|-damage|p2a: GreasedUp Deaf Guy|0 fnt
|faint|p2a: GreasedUp Deaf Guy
|
|win|G0tagofast
|raw|Ladder updating...
|c|âraiderrocker18|for some reason i thought u subbed on a hard swithc, forgot the uturn
|raw|G0tagofast's rating: 1443 &rarr; <strong>1467<\/strong><br \/>(+24 for winning)
|raw|raiderrocker18's rating: 1514 &rarr; <strong>1490<\/strong><br \/>(-24 for losing)
|c|âraiderrocker18|gg
|c|âraiderrocker18|252 SpA Mega Sceptile Dragon Pulse vs. 0 HP \/ 0 SpD Latias: 240-284 (79.7 - 94.3%) -- guaranteed 2HKO
|c|âraiderrocker18|;-;
|c|âG0tagofast|try modest
|c|âraiderrocker18|modest is the shit
|c|âraiderrocker18|i know
|c|âraiderrocker18|i was crying because i can live most mega scepts
|c|âG0tagofast|Haha yeaj
|c|âraiderrocker18|haha
|c|âG0tagofast|timid is sow eak
|c|âraiderrocker18|gg
|leave|raiderrocker18
|c|âG0tagofast|gg