|join|G0tagofast
|join|Gocowboys
|player|p1|G0tagofast|170
|player|p2|Gocowboys|50
|gametype|singles
|gen|6
|tier|OU
|rated
|clearpoke
|poke|p1|Diancie
|poke|p1|Volcarona, M
|poke|p1|Keldeo-Resolute
|poke|p1|Bisharp, F
|poke|p1|Skarmory, F
|poke|p1|Gengar, F
|poke|p2|Sableye, M
|poke|p2|Scizor, F
|poke|p2|Landorus, M
|poke|p2|Keldeo
|poke|p2|Wobbuffet, F
|poke|p2|Latios, M
|rule|Swagger Clause: Swagger is banned
|rule|Baton Pass Clause: Limit one PokÃ©mon knowing Baton Pass
|rule|Sleep Clause Mod: Limit one foe put to sleep
|rule|Species Clause: Limit one of each PokÃ©mon
|rule|OHKO Clause: OHKO moves are banned
|rule|Moody Clause: Moody is banned
|rule|Evasion Moves Clause: Evasion moves are banned
|rule|Endless Battle Clause: Forcing endless battles is banned
|rule|HP Percentage Mod: HP is shown in percentages
|teampreview
|
|start
|switch|p1a: Gengar|Gengar, F|261\/261
|switch|p2a: Keldeo|Keldeo|323\/323
|turn|1
|
|move|p1a: Gengar|Shadow Ball|p2a: Keldeo
|-damage|p2a: Keldeo|154\/323
|move|p2a: Keldeo|Scald|p1a: Gengar
|-crit|p1a: Gengar
|-damage|p1a: Gengar|0 fnt
|faint|p1a: Gengar
|
|
|switch|p1a: Skarmory|Skarmory, F|271\/271
|turn|2
|
|move|p2a: Keldeo|Scald|p1a: Skarmory
|-activate|p1a: Skarmory|Sturdy
|-damage|p1a: Skarmory|1\/271
|-enditem|p1a: Skarmory|Salac Berry|[eat]
|-boost|p1a: Skarmory|spe|1|[from] item: Salac Berry
|move|p1a: Skarmory|Stealth Rock|p2a: Keldeo
|-sidestart|p2: Gocowboys|move: Stealth Rock
|
|turn|3
|
|switch|p2a: Wobbuffet|Wobbuffet, F|534\/534
|-damage|p2a: Wobbuffet|468\/534|[from] Stealth Rock
|move|p1a: Skarmory|Brave Bird|p2a: Wobbuffet
|-damage|p2a: Wobbuffet|309\/534
|-damage|p1a: Skarmory|0 fnt|[from] recoil|[of] p2a: Wobbuffet
|faint|p1a: Skarmory
|
|-heal|p2a: Wobbuffet|342\/534|[from] item: Leftovers
|
|switch|p1a: Diancie|Diancie|257\/257
|turn|4
|
|switch|p2a: Scizor|Scizor, F|343\/343
|-damage|p2a: Scizor|301\/343|[from] Stealth Rock
|detailschange|p1a: Diancie|Diancie-Mega
|-mega|p1a: Diancie|Diancie|Diancite
|move|p1a: Diancie|Hidden Power|p2a: Scizor
|-supereffective|p2a: Scizor
|-damage|p2a: Scizor|0 fnt
|faint|p2a: Scizor
|
|
|switch|p2a: Landorus|Landorus, M|319\/319
|-damage|p2a: Landorus|280\/319|[from] Stealth Rock
|turn|5
|
|switch|p1a: Keldeo-Resolute|Keldeo-Resolute|323\/323
|move|p2a: Landorus|Earth Power|p1a: Keldeo-Resolute
|-damage|p1a: Keldeo-Resolute|37\/323
|
|turn|6
|
|switch|p2a: Latios|Latios, M|301\/301
|-damage|p2a: Latios|264\/301|[from] Stealth Rock
|move|p1a: Keldeo-Resolute|Icy Wind|p2a: Latios
|-supereffective|p2a: Latios
|-damage|p2a: Latios|90\/301
|-unboost|p2a: Latios|spe|1
|
|turn|7
|
|switch|p2a: Wobbuffet|Wobbuffet, F|342\/534
|-damage|p2a: Wobbuffet|276\/534|[from] Stealth Rock
|move|p1a: Keldeo-Resolute|Icy Wind|p2a: Wobbuffet
|-damage|p2a: Wobbuffet|161\/534
|-unboost|p2a: Wobbuffet|spe|1
|
|-heal|p2a: Wobbuffet|194\/534|[from] item: Leftovers
|turn|8
|
|move|p1a: Keldeo-Resolute|Icy Wind|p2a: Wobbuffet
|-damage|p2a: Wobbuffet|89\/534
|-unboost|p2a: Wobbuffet|spe|1
|move|p2a: Wobbuffet|Mirror Coat|p1a: Keldeo-Resolute
|-damage|p1a: Keldeo-Resolute|0 fnt
|faint|p1a: Keldeo-Resolute
|
|-heal|p2a: Wobbuffet|122\/534|[from] item: Leftovers
|
|switch|p1a: Diancie|Diancie-Mega|257\/257
|turn|9
|
|move|p1a: Diancie|Rock Polish|p1a: Diancie
|-boost|p1a: Diancie|spe|2
|move|p2a: Wobbuffet|Mirror Coat|p1a: Diancie
|-fail|p1a: Diancie
|
|-heal|p2a: Wobbuffet|155\/534|[from] item: Leftovers
|turn|10
|
|move|p1a: Diancie|Diamond Storm|p2a: Wobbuffet
|-damage|p2a: Wobbuffet|0 fnt
|faint|p2a: Wobbuffet
|
|
|switch|p2a: Landorus|Landorus, M|280\/319
|-damage|p2a: Landorus|241\/319|[from] Stealth Rock
|turn|11
|
|move|p1a: Diancie|Moonblast|p2a: Landorus
|-damage|p2a: Landorus|0 fnt
|faint|p2a: Landorus
|
|
|switch|p2a: Keldeo|Keldeo|154\/323
|-damage|p2a: Keldeo|134\/323|[from] Stealth Rock
|turn|12
|
|move|p1a: Diancie|Moonblast|p2a: Keldeo
|-supereffective|p2a: Keldeo
|-damage|p2a: Keldeo|0 fnt
|faint|p2a: Keldeo
|
|
|switch|p2a: Sableye|Sableye, M|304\/304
|-damage|p2a: Sableye|266\/304|[from] Stealth Rock
|turn|13
|
|detailschange|p2a: Sableye|Sableye-Mega, M
|-mega|p2a: Sableye|Sableye|Sablenite
|move|p2a: Sableye|Calm Mind|p2a: Sableye
|-boost|p2a: Sableye|spa|1
|-boost|p2a: Sableye|spd|1
|move|p1a: Diancie|Moonblast|p2a: Sableye
|-supereffective|p2a: Sableye
|-damage|p2a: Sableye|0 fnt
|faint|p2a: Sableye
|
|c|âG0tagofast|thanks 4 be a man
|c|âGocowboys|?
|c|âGocowboys|and gg
|
|switch|p2a: Latios|Latios, M|90\/301
|-damage|p2a: Latios|53\/301|[from] Stealth Rock
|turn|14
|c|âG0tagofast|noramlly peope rage quit
|c|âG0tagofast|normally people*
|c|âG0tagofast|gg
|c|âGocowboys|ooo
|
|move|p1a: Diancie|Moonblast|p2a: Latios
|-supereffective|p2a: Latios
|-damage|p2a: Latios|0 fnt
|faint|p2a: Latios
|
|win|G0tagofast
|raw|Ladder updating...
|raw|G0tagofast's rating: 1580 &rarr; <strong>1596<\/strong><br \/>(+16 for winning)
|raw|Gocowboys's rating: 1513 &rarr; <strong>1497<\/strong><br \/>(-16 for losing)