|join|G0tagofast
|join|DrJBoss
|player|p1|G0tagofast|1
|player|p2|DrJBoss|238
|gametype|singles
|gen|6
|tier|OU
|rated
|clearpoke
|poke|p1|Diancie
|poke|p1|Cloyster, F
|poke|p1|Keldeo-Resolute
|poke|p1|Starmie
|poke|p1|Bisharp, F
|poke|p1|Ferrothorn, M
|poke|p2|Manectric, F
|poke|p2|Keldeo
|poke|p2|Weavile, M
|poke|p2|Latias, F
|poke|p2|Conkeldurr, M
|poke|p2|Ferrothorn, M
|rule|Swagger Clause: Swagger is banned
|rule|Baton Pass Clause: Limit one PokÃ©mon knowing Baton Pass
|rule|Sleep Clause Mod: Limit one foe put to sleep
|rule|Species Clause: Limit one of each PokÃ©mon
|rule|OHKO Clause: OHKO moves are banned
|rule|Moody Clause: Moody is banned
|rule|Evasion Moves Clause: Evasion moves are banned
|rule|Endless Battle Clause: Forcing endless battles is banned
|rule|HP Percentage Mod: HP is shown in percentages
|teampreview
|join|BlockFort
|
|start
|switch|p1a: Ferrothorn|Ferrothorn, M|349\/349
|switch|p2a: Conkeldurr|Conkeldurr, M|413\/413
|turn|1
|join|EveryNameWasTaken
|
|move|p2a: Conkeldurr|Fire Punch|p1a: Ferrothorn
|-supereffective|p1a: Ferrothorn
|-damage|p1a: Ferrothorn|45\/349
|-damage|p2a: Conkeldurr|362\/413|[from] ability: Iron Barbs|[of] p1a: Ferrothorn
|-damage|p2a: Conkeldurr|294\/413|[from] item: Rocky Helmet|[of] p1a: Ferrothorn
|move|p1a: Ferrothorn|Thunder Wave|p2a: Conkeldurr
|-status|p2a: Conkeldurr|par
|
|turn|2
|
|cant|p2a: Conkeldurr|par
|move|p1a: Ferrothorn|Stealth Rock|p2a: Conkeldurr
|-sidestart|p2: DrJBoss|move: Stealth Rock
|
|turn|3
|
|switch|p1a: Starmie|Starmie|261\/261
|move|p2a: Conkeldurr|Mach Punch|p1a: Starmie
|-resisted|p1a: Starmie
|-damage|p1a: Starmie|207\/261
|
|turn|4
|
|switch|p2a: Ferrothorn|Ferrothorn, M|339\/339
|-damage|p2a: Ferrothorn|318\/339|[from] Stealth Rock
|move|p1a: Starmie|Psyshock|p2a: Ferrothorn
|-resisted|p2a: Ferrothorn
|-damage|p2a: Ferrothorn|256\/339
|-damage|p1a: Starmie|181\/261|[from] item: Life Orb
|
|turn|5
|
|switch|p1a: Bisharp|Bisharp, F|271\/271
|move|p2a: Ferrothorn|Stealth Rock|p1a: Bisharp
|-sidestart|p1: G0tagofast|move: Stealth Rock
|
|turn|6
|
|switch|p2a: Keldeo|Keldeo|323\/323
|-damage|p2a: Keldeo|303\/323|[from] Stealth Rock
|move|p1a: Bisharp|Swords Dance|p1a: Bisharp
|-boost|p1a: Bisharp|atk|2
|
|turn|7
|
|switch|p1a: Keldeo-Resolute|Keldeo-Resolute|323\/323
|-damage|p1a: Keldeo-Resolute|303\/323|[from] Stealth Rock
|move|p2a: Keldeo|Secret Sword|p1a: Keldeo-Resolute
|-damage|p1a: Keldeo-Resolute|69\/323
|-damage|p2a: Keldeo|271\/323|[from] item: Life Orb
|
|turn|8
|
|switch|p2a: Latias|Latias, F|301\/301
|-damage|p2a: Latias|264\/301|[from] Stealth Rock
|move|p1a: Keldeo-Resolute|Secret Sword|p2a: Latias
|-resisted|p2a: Latias
|-damage|p2a: Latias|178\/301
|
|turn|9
|
|switch|p1a: Bisharp|Bisharp, F|271\/271
|-damage|p1a: Bisharp|255\/271|[from] Stealth Rock
|move|p2a: Latias|Hidden Power|p1a: Bisharp
|-supereffective|p1a: Bisharp
|-damage|p1a: Bisharp|0 fnt
|-damage|p2a: Latias|148\/301|[from] item: Life Orb
|faint|p1a: Bisharp
|
|
|switch|p1a: Diancie|Diancie|241\/241
|-damage|p1a: Diancie|211\/241|[from] Stealth Rock
|turn|10
|
|switch|p2a: Conkeldurr|Conkeldurr, M|294\/413 par
|-damage|p2a: Conkeldurr|269\/413 par|[from] Stealth Rock
|move|p1a: Diancie|Rock Polish|p1a: Diancie
|-boost|p1a: Diancie|spe|2
|
|turn|11
|
|detailschange|p1a: Diancie|Diancie-Mega
|-mega|p1a: Diancie|Diancie|Diancite
|move|p2a: Conkeldurr|Mach Punch|p1a: Diancie
|-damage|p1a: Diancie|124\/241
|move|p1a: Diancie|Moonblast|p2a: Conkeldurr
|-supereffective|p2a: Conkeldurr
|-damage|p2a: Conkeldurr|0 fnt
|faint|p2a: Conkeldurr
|
|
|switch|p2a: Ferrothorn|Ferrothorn, M|256\/339
|-damage|p2a: Ferrothorn|235\/339|[from] Stealth Rock
|turn|12
|
|move|p2a: Ferrothorn|Protect|p2a: Ferrothorn
|-singleturn|p2a: Ferrothorn|Protect
|move|p1a: Diancie|Hidden Power|p2a: Ferrothorn
|-activate|p2a: Ferrothorn|Protect
|
|turn|13
|
|move|p1a: Diancie|Hidden Power|p2a: Ferrothorn
|-supereffective|p2a: Ferrothorn
|-damage|p2a: Ferrothorn|0 fnt
|faint|p2a: Ferrothorn
|
|
|switch|p2a: Manectric|Manectric, F|281\/281
|-damage|p2a: Manectric|246\/281|[from] Stealth Rock
|turn|14
|
|detailschange|p2a: Manectric|Manectric-Mega, F
|-mega|p2a: Manectric|Manectric|Manectite
|-ability|p2a: Manectric|Intimidate|[of] p1a: Diancie
|-unboost|p1a: Diancie|atk|1
|move|p1a: Diancie|Moonblast|p2a: Manectric
|-damage|p2a: Manectric|0 fnt
|faint|p2a: Manectric
|
|
|switch|p2a: Weavile|Weavile, M|281\/281
|-damage|p2a: Weavile|211\/281|[from] Stealth Rock
|-ability|p2a: Weavile|Pressure
|turn|15
|
|move|p2a: Weavile|Ice Shard|p1a: Diancie
|-crit|p1a: Diancie
|-damage|p1a: Diancie|7\/241
|-damage|p2a: Weavile|183\/281|[from] item: Life Orb
|move|p1a: Diancie|Moonblast|p2a: Weavile
|-supereffective|p2a: Weavile
|-damage|p2a: Weavile|0 fnt
|faint|p2a: Weavile
|
|-message|DrJBoss forfeited.
|
|switch|p2a: Latias|Latias, F|148\/301
|-damage|p2a: Latias|111\/301|[from] Stealth Rock
|turn|16
|
|win|G0tagofast
|raw|Ladder updating...
|raw|G0tagofast's rating: 1394 &rarr; <strong>1413<\/strong><br \/>(+19 for winning)
|raw|DrJBoss's rating: 1377 &rarr; <strong>1358<\/strong><br \/>(-19 for losing)