|join|ferwara
|join|G0tagofast
|player|p1|ferwara|265
|player|p2|G0tagofast|169
|gametype|singles
|gen|6
|tier|OU
|rated
|clearpoke
|poke|p1|Breloom, F
|poke|p1|Whimsicott, F
|poke|p1|Tyranitar, F
|poke|p1|Smeargle, F
|poke|p1|Espeon, F
|poke|p1|Excadrill, F
|poke|p2|Metagross
|poke|p2|Dragalge, F
|poke|p2|Bisharp, M
|poke|p2|Heatran, F
|poke|p2|Latios, M
|poke|p2|Tornadus-Therian, M
|rule|Swagger Clause: Swagger is banned
|rule|Baton Pass Clause: Limit one PokÃ©mon knowing Baton Pass
|rule|Sleep Clause Mod: Limit one foe put to sleep
|rule|Species Clause: Limit one of each PokÃ©mon
|rule|OHKO Clause: OHKO moves are banned
|rule|Moody Clause: Moody is banned
|rule|Evasion Moves Clause: Evasion moves are banned
|rule|Endless Battle Clause: Forcing endless battles is banned
|rule|HP Percentage Mod: HP is shown in percentages
|teampreview
|
|start
|switch|p1a: Whimsicott|Whimsicott, F|324\/324
|switch|p2a: Heatran|Heatran, F|323\/323
|turn|1
|
|move|p1a: Whimsicott|Taunt|p2a: Heatran
|-start|p2a: Heatran|move: Taunt
|move|p2a: Heatran|Magma Storm|p1a: Whimsicott|[miss]
|-miss|p2a: Heatran|p1a: Whimsicott
|
|turn|2
|
|switch|p2a: Bisharp|Bisharp, M|269\/269
|move|p1a: Whimsicott|Tailwind|p1a: Whimsicott
|-sidestart|p1: ferwara|move: Tailwind
|
|turn|3
|
|switch|p1a: Smeargle|Smeargle, F|314\/314
|move|p2a: Bisharp|Iron Head|p1a: Smeargle
|-damage|p1a: Smeargle|83\/314
|-damage|p2a: Bisharp|243\/269|[from] item: Life Orb
|
|turn|4
|
|switch|p2a: Tornadus-Therian|Tornadus-Therian, M|299\/299
|move|p1a: Smeargle|Spore|p2a: Tornadus-Therian
|-status|p2a: Tornadus-Therian|slp
|
|turn|5
|
|switch|p2a: Bisharp|Bisharp, M|243\/269
|move|p1a: Smeargle|Geomancy|p1a: Smeargle|[still]
|-prepare|p1a: Smeargle|Geomancy|p1a: Smeargle
|-enditem|p1a: Smeargle|Power Herb
|-anim|p1a: Smeargle|Geomancy|p1a: Smeargle
|-boost|p1a: Smeargle|spa|2
|-boost|p1a: Smeargle|spd|2
|-boost|p1a: Smeargle|spe|2
|
|-sideend|p1: ferwara|move: Tailwind
|turn|6
|
|move|p1a: Smeargle|Cotton Guard|p1a: Smeargle
|-boost|p1a: Smeargle|def|3
|move|p2a: Bisharp|Knock Off|p1a: Smeargle
|-damage|p1a: Smeargle|4\/314
|-damage|p2a: Bisharp|217\/269|[from] item: Life Orb
|
|turn|7
|
|move|p1a: Smeargle|Baton Pass|p1a: Smeargle
|
|switch|p1a: Espeon|Espeon, F|334\/334
|move|p2a: Bisharp|Knock Off|p1a: Espeon
|-supereffective|p1a: Espeon
|-damage|p1a: Espeon|155\/334
|-enditem|p1a: Espeon|Leftovers|[from] move: Knock Off|[of] p2a: Bisharp
|-damage|p2a: Bisharp|191\/269|[from] item: Life Orb
|
|turn|8
|
|move|p2a: Bisharp|Sucker Punch|p1a: Espeon
|-fail|p1a: Espeon
|move|p1a: Espeon|Wish|p1a: Espeon
|
|turn|9
|
|move|p1a: Espeon|Calm Mind|p1a: Espeon
|-boost|p1a: Espeon|spa|1
|-boost|p1a: Espeon|spd|1
|move|p2a: Bisharp|Swords Dance|p2a: Bisharp
|-boost|p2a: Bisharp|atk|2
|
|-heal|p1a: Espeon|322\/334|[from] move: Wish|[wisher] Espeon
|turn|10
|
|move|p2a: Bisharp|Sucker Punch|p1a: Espeon
|-supereffective|p1a: Espeon
|-damage|p1a: Espeon|0 fnt
|-damage|p2a: Bisharp|165\/269|[from] item: Life Orb
|faint|p1a: Espeon
|
|c|âG0tagofast|lol noob
|
|switch|p1a: Whimsicott|Whimsicott, F|324\/324
|turn|11
|
|move|p1a: Whimsicott|Tailwind|p1a: Whimsicott
|-sidestart|p1: ferwara|move: Tailwind
|move|p2a: Bisharp|Iron Head|p1a: Whimsicott
|-supereffective|p1a: Whimsicott
|-enditem|p1a: Whimsicott|Focus Sash
|-damage|p1a: Whimsicott|1\/324
|-damage|p2a: Bisharp|139\/269|[from] item: Life Orb
|
|turn|12
|
|switch|p2a: Heatran|Heatran, F|323\/323
|move|p1a: Whimsicott|Taunt|p2a: Heatran
|-start|p2a: Heatran|move: Taunt
|
|turn|13
|
|switch|p1a: Tyranitar|Tyranitar, F|404\/404
|-weather|Sandstorm
|switch|p2a: Bisharp|Bisharp, M|139\/269
|
|-weather|Sandstorm|[upkeep]
|turn|14
|
|move|p1a: Tyranitar|Stealth Rock|p2a: Bisharp
|-sidestart|p2: G0tagofast|move: Stealth Rock
|move|p2a: Bisharp|Iron Head|p1a: Tyranitar
|-supereffective|p1a: Tyranitar
|-damage|p1a: Tyranitar|19\/404
|-damage|p2a: Bisharp|113\/269|[from] item: Life Orb
|
|-weather|Sandstorm|[upkeep]
|-sideend|p1: ferwara|move: Tailwind
|turn|15
|
|switch|p1a: Whimsicott|Whimsicott, F|1\/324
|move|p2a: Bisharp|Knock Off|p1a: Whimsicott
|-resisted|p1a: Whimsicott
|-damage|p1a: Whimsicott|0 fnt
|-damage|p2a: Bisharp|87\/269|[from] item: Life Orb
|faint|p1a: Whimsicott
|
|-weather|Sandstorm|[upkeep]
|
|switch|p1a: Excadrill|Excadrill, F|362\/362
|-item|p1a: Excadrill|Air Balloon
|turn|16
|
|switch|p2a: Tornadus-Therian|Tornadus-Therian, M|299\/299 slp
|-damage|p2a: Tornadus-Therian|225\/299 slp|[from] Stealth Rock
|move|p1a: Excadrill|Iron Head|p2a: Tornadus-Therian
|-damage|p2a: Tornadus-Therian|35\/299 slp
|
|-weather|Sandstorm|[upkeep]
|-damage|p2a: Tornadus-Therian|17\/299 slp|[from] sandstorm
|turn|17
|
|move|p1a: Excadrill|Swords Dance|p1a: Excadrill
|-boost|p1a: Excadrill|atk|2
|cant|p2a: Tornadus-Therian|slp
|
|-weather|Sandstorm|[upkeep]
|-damage|p2a: Tornadus-Therian|0 fnt|[from] sandstorm
|faint|p2a: Tornadus-Therian
|
|switch|p2a: Bisharp|Bisharp, M|87\/269
|-damage|p2a: Bisharp|71\/269|[from] Stealth Rock
|turn|18
|
|move|p2a: Bisharp|Sucker Punch|p1a: Excadrill
|-damage|p1a: Excadrill|88\/362
|-enditem|p1a: Excadrill|Air Balloon
|-damage|p2a: Bisharp|45\/269|[from] item: Life Orb
|move|p1a: Excadrill|Iron Head|p2a: Bisharp
|-resisted|p2a: Bisharp
|-damage|p2a: Bisharp|0 fnt
|faint|p2a: Bisharp
|
|-weather|Sandstorm|[upkeep]
|
|switch|p2a: Metagross|Metagross|301\/301
|-damage|p2a: Metagross|283\/301|[from] Stealth Rock
|turn|19
|
|switch|p2a: Latios|Latios, M|299\/299
|-damage|p2a: Latios|262\/299|[from] Stealth Rock
|move|p1a: Excadrill|Earthquake|p2a: Latios
|-immune|p2a: Latios|[msg]
|
|-weather|Sandstorm|[upkeep]
|-damage|p2a: Latios|244\/299|[from] sandstorm
|turn|20
|
|switch|p2a: Dragalge|Dragalge, F|319\/319
|-damage|p2a: Dragalge|280\/319|[from] Stealth Rock
|move|p1a: Excadrill|Iron Head|p2a: Dragalge
|-damage|p2a: Dragalge|0 fnt
|faint|p2a: Dragalge
|
|-weather|none
|
|switch|p2a: Latios|Latios, M|244\/299
|-damage|p2a: Latios|207\/299|[from] Stealth Rock
|turn|21
|
|switch|p2a: Metagross|Metagross|283\/301
|-damage|p2a: Metagross|265\/301|[from] Stealth Rock
|switch|p1a: Smeargle|Smeargle, F|4\/314
|
|turn|22
|
|detailschange|p2a: Metagross|Metagross-Mega
|-mega|p2a: Metagross|Metagross|Metagrossite
|move|p2a: Metagross|Meteor Mash|p1a: Smeargle
|-damage|p1a: Smeargle|0 fnt
|faint|p1a: Smeargle
|
|
|switch|p1a: Breloom|Breloom, F|262\/262
|turn|23
|
|move|p2a: Metagross|Zen Headbutt|p1a: Breloom
|-crit|p1a: Breloom
|-supereffective|p1a: Breloom
|-enditem|p1a: Breloom|Focus Sash
|-damage|p1a: Breloom|1\/262
|move|p1a: Breloom|Spore|p2a: Metagross
|-status|p2a: Metagross|slp
|
|turn|24
|
|switch|p2a: Heatran|Heatran, F|323\/323
|-damage|p2a: Heatran|283\/323|[from] Stealth Rock
|switch|p1a: Tyranitar|Tyranitar, F|19\/404
|-weather|Sandstorm
|
|-weather|Sandstorm|[upkeep]
|turn|25
|
|move|p2a: Heatran|Stealth Rock|p1a: Tyranitar
|-sidestart|p1: ferwara|move: Stealth Rock
|move|p1a: Tyranitar|Earthquake|p2a: Heatran
|-supereffective|p2a: Heatran
|-damage|p2a: Heatran|0 fnt
|faint|p2a: Heatran
|
|-weather|Sandstorm|[upkeep]
|
|switch|p2a: Latios|Latios, M|207\/299
|-damage|p2a: Latios|170\/299|[from] Stealth Rock
|turn|26
|
|move|p2a: Latios|Roost|p2a: Latios
|-heal|p2a: Latios|299\/299
|move|p1a: Tyranitar|Crunch|p2a: Latios
|-supereffective|p2a: Latios
|-damage|p2a: Latios|0 fnt
|faint|p2a: Latios
|
|-weather|Sandstorm|[upkeep]
|
|switch|p2a: Metagross|Metagross-Mega|265\/301 slp
|-damage|p2a: Metagross|247\/301 slp|[from] Stealth Rock
|turn|27
|
|cant|p2a: Metagross|slp
|move|p1a: Tyranitar|Earthquake|p2a: Metagross
|-supereffective|p2a: Metagross
|-damage|p2a: Metagross|73\/301 slp
|
|-weather|Sandstorm|[upkeep]
|turn|28
|
|-curestatus|p2a: Metagross|slp
|move|p2a: Metagross|Grass Knot|p1a: Tyranitar
|-supereffective|p1a: Tyranitar
|-damage|p1a: Tyranitar|0 fnt
|faint|p1a: Tyranitar
|
|-weather|Sandstorm|[upkeep]
|
|switch|p1a: Excadrill|Excadrill, F|88\/362
|-damage|p1a: Excadrill|77\/362|[from] Stealth Rock
|turn|29
|
|move|p1a: Excadrill|Earthquake|p2a: Metagross
|-supereffective|p2a: Metagross
|-damage|p2a: Metagross|0 fnt
|faint|p2a: Metagross
|
|win|ferwara
|raw|Ladder updating...
|raw|ferwara's rating: 1609 &rarr; <strong>1632<\/strong><br \/>(+23 for winning)
|raw|G0tagofast's rating: 1656 &rarr; <strong>1633<\/strong><br \/>(-23 for losing)
|c|âferwara|gg
|c|âG0tagofast|gg
|leave|G0tagofast
|player|p2