|join|G0tagofast
|join|taw
|player|p1|G0tagofast|169
|player|p2|taw|169
|gametype|singles
|gen|6
|tier|OU
|rated
|clearpoke
|poke|p1|Houndoom, F
|poke|p1|Toxicroak, F
|poke|p1|Latias, F
|poke|p1|Gliscor, M
|poke|p1|Jirachi
|poke|p1|Rotom-Wash
|poke|p2|Cloyster, F
|poke|p2|Entei, shiny
|poke|p2|Mew
|poke|p2|Honchkrow, F
|poke|p2|Starmie
|poke|p2|Diancie
|rule|Swagger Clause: Swagger is banned
|rule|Baton Pass Clause: Limit one PokÃ©mon knowing Baton Pass
|rule|Sleep Clause Mod: Limit one foe put to sleep
|rule|Species Clause: Limit one of each PokÃ©mon
|rule|OHKO Clause: OHKO moves are banned
|rule|Moody Clause: Moody is banned
|rule|Evasion Moves Clause: Evasion moves are banned
|rule|Endless Battle Clause: Forcing endless battles is banned
|rule|HP Percentage Mod: HP is shown in percentages
|teampreview
|
|start
|switch|p1a: Houndoom|Houndoom, F|301\/301
|switch|p2a: Mew|Mew|404\/404
|turn|1
|
|detailschange|p1a: Houndoom|Houndoom-Mega, F
|-mega|p1a: Houndoom|Houndoom|Houndoominite
|move|p1a: Houndoom|Dark Pulse|p2a: Mew
|-supereffective|p2a: Mew
|-damage|p2a: Mew|146\/404
|move|p2a: Mew|Taunt|p1a: Houndoom
|-start|p1a: Houndoom|move: Taunt
|
|turn|2
|
|move|p1a: Houndoom|Dark Pulse|p2a: Mew
|-supereffective|p2a: Mew
|-damage|p2a: Mew|0 fnt
|faint|p2a: Mew
|
|
|switch|p2a: Honchkrow|Honchkrow, F|341\/341
|turn|3
|
|move|p1a: Houndoom|Fire Blast|p2a: Honchkrow
|-damage|p2a: Honchkrow|32\/341
|move|p2a: Honchkrow|Superpower|p1a: Houndoom
|-supereffective|p1a: Houndoom
|-damage|p1a: Houndoom|0 fnt
|-unboost|p2a: Honchkrow|atk|1
|-unboost|p2a: Honchkrow|def|1
|-damage|p2a: Honchkrow|0 fnt|[from] item: Life Orb
|faint|p1a: Houndoom
|faint|p2a: Honchkrow
|
|
|switch|p2a: Entei|Entei, shiny|385\/385
|switch|p1a: Jirachi|Jirachi|404\/404
|-ability|p2a: Entei|Pressure
|turn|4
|
|move|p2a: Entei|Sacred Fire|p1a: Jirachi
|-supereffective|p1a: Jirachi
|-damage|p1a: Jirachi|0 fnt
|-damage|p2a: Entei|347\/385|[from] item: Life Orb
|faint|p1a: Jirachi
|
|
|switch|p1a: Gliscor|Gliscor, M|352\/352
|turn|5
|
|move|p2a: Entei|Sacred Fire|p1a: Gliscor
|-damage|p1a: Gliscor|199\/352
|-status|p1a: Gliscor|brn
|-damage|p2a: Entei|309\/385|[from] item: Life Orb
|move|p1a: Gliscor|Earthquake|p2a: Entei
|-supereffective|p2a: Entei
|-damage|p2a: Entei|187\/385
|
|-damage|p1a: Gliscor|155\/352 brn|[from] brn
|turn|6
|
|switch|p1a: Latias|Latias, F|319\/319
|move|p2a: Entei|Sacred Fire|p1a: Latias
|-resisted|p1a: Latias
|-damage|p1a: Latias|186\/319
|-status|p1a: Latias|brn
|-damage|p2a: Entei|149\/385|[from] item: Life Orb
|
|-damage|p1a: Latias|147\/319 brn|[from] brn
|turn|7
|
|move|p2a: Entei|Extreme Speed|p1a: Latias
|-damage|p1a: Latias|17\/319 brn
|-damage|p2a: Entei|111\/385|[from] item: Life Orb
|move|p1a: Latias|Psyshock|p2a: Entei
|-damage|p2a: Entei|0 fnt
|-damage|p1a: Latias|0 fnt|[from] item: Life Orb
|faint|p2a: Entei
|faint|p1a: Latias
|
|
|switch|p1a: Rotom-Wash|Rotom-Wash|304\/304
|switch|p2a: Diancie|Diancie|241\/241
|turn|8
|
|detailschange|p2a: Diancie|Diancie-Mega
|-mega|p2a: Diancie|Diancie|Diancite
|move|p1a: Rotom-Wash|Hydro Pump|p2a: Diancie
|-supereffective|p2a: Diancie
|-damage|p2a: Diancie|0 fnt
|faint|p2a: Diancie
|
|
|switch|p2a: Starmie|Starmie|261\/261
|turn|9
|
|move|p2a: Starmie|Thunderbolt|p1a: Rotom-Wash
|-damage|p1a: Rotom-Wash|203\/304
|-damage|p2a: Starmie|235\/261|[from] item: Life Orb
|move|p1a: Rotom-Wash|Will-O-Wisp|p2a: Starmie
|-status|p2a: Starmie|brn
|
|-heal|p1a: Rotom-Wash|222\/304|[from] item: Leftovers
|-damage|p2a: Starmie|203\/261 brn|[from] brn
|turn|10
|
|switch|p1a: Gliscor|Gliscor, M|155\/352 brn
|move|p2a: Starmie|Thunderbolt|p1a: Gliscor
|-immune|p1a: Gliscor|[msg]
|
|-damage|p2a: Starmie|171\/261 brn|[from] brn
|-damage|p1a: Gliscor|111\/352 brn|[from] brn
|turn|11
|
|move|p2a: Starmie|Ice Beam|p1a: Gliscor
|-supereffective|p1a: Gliscor
|-damage|p1a: Gliscor|0 fnt
|-damage|p2a: Starmie|145\/261 brn|[from] item: Life Orb
|faint|p1a: Gliscor
|
|-damage|p2a: Starmie|113\/261 brn|[from] brn
|
|switch|p1a: Toxicroak|Toxicroak, F|307\/307
|turn|12
|
|move|p1a: Toxicroak|Sucker Punch|p2a: Starmie
|-supereffective|p2a: Starmie
|-damage|p2a: Starmie|0 fnt
|-damage|p1a: Toxicroak|277\/307|[from] item: Life Orb
|faint|p2a: Starmie
|
|
|switch|p2a: Cloyster|Cloyster, F|241\/241
|turn|13
|
|move|p1a: Toxicroak|Drain Punch|p2a: Cloyster
|-supereffective|p2a: Cloyster
|-damage|p2a: Cloyster|75\/241
|-heal|p1a: Toxicroak|307\/307|[from] drain|[of] p2a: Cloyster
|-damage|p1a: Toxicroak|277\/307|[from] item: Life Orb
|move|p2a: Cloyster|Shell Smash|p2a: Cloyster
|-boost|p2a: Cloyster|atk|2
|-boost|p2a: Cloyster|spa|2
|-boost|p2a: Cloyster|spe|2
|-unboost|p2a: Cloyster|def|1
|-unboost|p2a: Cloyster|spd|1
|
|turn|14
|
|move|p2a: Cloyster|Ice Shard|p1a: Toxicroak
|-damage|p1a: Toxicroak|85\/307
|move|p1a: Toxicroak|Sucker Punch|p2a: Cloyster
|-fail|p2a: Cloyster
|
|turn|15
|
|move|p2a: Cloyster|Ice Shard|p1a: Toxicroak
|-damage|p1a: Toxicroak|0 fnt
|faint|p1a: Toxicroak
|
|
|switch|p1a: Rotom-Wash|Rotom-Wash|222\/304
|turn|16
|
|move|p2a: Cloyster|Rock Blast|p1a: Rotom-Wash
|-damage|p1a: Rotom-Wash|183\/304
|-damage|p1a: Rotom-Wash|146\/304
|-damage|p1a: Rotom-Wash|108\/304
|-damage|p1a: Rotom-Wash|67\/304
|-damage|p1a: Rotom-Wash|30\/304
|-hitcount|p1a: Rotom-Wash|5
|cant|p1a: Rotom-Wash|flinch
|
|-heal|p1a: Rotom-Wash|49\/304|[from] item: Leftovers
|turn|17
|c|âG0tagofast|gg
|c|âtaw|gg
|
|move|p2a: Cloyster|Icicle Spear|p1a: Rotom-Wash
|-resisted|p1a: Rotom-Wash
|-damage|p1a: Rotom-Wash|20\/304
|-resisted|p1a: Rotom-Wash
|-damage|p1a: Rotom-Wash|0 fnt
|-hitcount|p1a: Rotom-Wash|2
|faint|p1a: Rotom-Wash
|
|win|taw
|raw|Ladder updating...
|raw|G0tagofast's rating: 1628 &rarr; <strong>1605<\/strong><br \/>(-23 for losing)
|raw|taw's rating: 1586 &rarr; <strong>1608<\/strong><br \/>(+22 for winning)
|leave|G0tagofast
|player|p1