|join|G0tagofast
|join|kelvin33
|player|p1|G0tagofast|101
|player|p2|kelvin33|291
|gametype|singles
|gen|6
|tier|OU
|rated
|clearpoke
|poke|p1|Diancie
|poke|p1|Volcarona, F
|poke|p1|Keldeo-Resolute
|poke|p1|Bisharp, M
|poke|p1|Skarmory, M
|poke|p1|Gengar, F
|poke|p2|Medicham, F
|poke|p2|Keldeo
|poke|p2|Ferrothorn, F
|poke|p2|Latios, M
|poke|p2|Talonflame, M
|poke|p2|Latias, F
|rule|Swagger Clause: Swagger is banned
|rule|Baton Pass Clause: Limit one PokÃ©mon knowing Baton Pass
|rule|Sleep Clause Mod: Limit one foe put to sleep
|rule|Species Clause: Limit one of each PokÃ©mon
|rule|OHKO Clause: OHKO moves are banned
|rule|Moody Clause: Moody is banned
|rule|Evasion Moves Clause: Evasion moves are banned
|rule|Endless Battle Clause: Forcing endless battles is banned
|rule|HP Percentage Mod: HP is shown in percentages
|teampreview
|
|start
|switch|p1a: Skarmory|Skarmory, M|271\/271
|switch|p2a: Medicham|Medicham, F|262\/262
|turn|1
|
|detailschange|p2a: Medicham|Medicham-Mega, F
|-mega|p2a: Medicham|Medicham|Medichamite
|move|p1a: Skarmory|Brave Bird|p2a: Medicham
|-supereffective|p2a: Medicham
|-damage|p2a: Medicham|0 fnt
|-damage|p1a: Skarmory|185\/271|[from] recoil|[of] p2a: Medicham
|faint|p2a: Medicham
|
|c|âG0tagofast|this is a little funny
|
|switch|p2a: Keldeo|Keldeo|324\/324
|turn|2
|
|switch|p1a: Keldeo-Resolute|Keldeo-Resolute|323\/323
|move|p2a: Keldeo|Focus Blast|p1a: Keldeo-Resolute
|-damage|p1a: Keldeo-Resolute|53\/323
|
|turn|3
|
|move|p2a: Keldeo|Focus Blast|p1a: Keldeo-Resolute
|-damage|p1a: Keldeo-Resolute|0 fnt
|faint|p1a: Keldeo-Resolute
|
|
|switch|p1a: Volcarona|Volcarona, F|329\/329
|turn|4
|
|switch|p2a: Talonflame|Talonflame, M|298\/298
|move|p1a: Volcarona|Fire Blast|p2a: Talonflame
|-resisted|p2a: Talonflame
|-damage|p2a: Talonflame|120\/298
|-damage|p1a: Volcarona|297\/329|[from] item: Life Orb
|
|turn|5
|
|switch|p1a: Diancie|Diancie|257\/257
|move|p2a: Talonflame|U-turn|p1a: Diancie
|-resisted|p1a: Diancie
|-damage|p1a: Diancie|225\/257
|
|switch|p2a: Keldeo|Keldeo|324\/324
|
|turn|6
|
|switch|p1a: Volcarona|Volcarona, F|297\/329
|move|p2a: Keldeo|Hydro Pump|p1a: Volcarona
|-supereffective|p1a: Volcarona
|-damage|p1a: Volcarona|0 fnt
|faint|p1a: Volcarona
|
|
|switch|p1a: Gengar|Gengar, F|261\/261
|turn|7
|
|move|p1a: Gengar|Sludge Wave|p2a: Keldeo
|-damage|p2a: Keldeo|138\/324
|move|p2a: Keldeo|Hydro Pump|p1a: Gengar
|-damage|p1a: Gengar|0 fnt
|faint|p1a: Gengar
|
|
|switch|p1a: Skarmory|Skarmory, M|185\/271
|turn|8
|
|move|p2a: Keldeo|Hydro Pump|p1a: Skarmory|[miss]
|-miss|p2a: Keldeo|p1a: Skarmory
|move|p1a: Skarmory|Brave Bird|p2a: Keldeo
|-supereffective|p2a: Keldeo
|-damage|p2a: Keldeo|0 fnt
|-damage|p1a: Skarmory|139\/271|[from] recoil|[of] p2a: Keldeo
|faint|p2a: Keldeo
|
|
|switch|p2a: Latios|Latios, M|302\/302
|turn|9
|
|move|p2a: Latios|Ice Beam|p1a: Skarmory
|-damage|p1a: Skarmory|0 fnt
|faint|p1a: Skarmory
|
|
|switch|p1a: Bisharp|Bisharp, M|290\/290
|turn|10
|
|move|p1a: Bisharp|Pursuit|p2a: Latios|[from]Pursuit
|-supereffective|p2a: Latios
|-damage|p2a: Latios|0 fnt
|-damage|p1a: Bisharp|261\/290|[from] item: Life Orb
|faint|p2a: Latios
|
|
|switch|p2a: Ferrothorn|Ferrothorn, F|352\/352
|turn|11
|
|move|p1a: Bisharp|Knock Off|p2a: Ferrothorn
|-damage|p2a: Ferrothorn|214\/352
|-damage|p1a: Bisharp|225\/290|[from] ability: Iron Barbs|[of] p2a: Ferrothorn
|-damage|p1a: Bisharp|177\/290|[from] item: Rocky Helmet|[of] p2a: Ferrothorn
|-enditem|p2a: Ferrothorn|Rocky Helmet|[from] move: Knock Off|[of] p1a: Bisharp
|-damage|p1a: Bisharp|148\/290|[from] item: Life Orb
|move|p2a: Ferrothorn|Leech Seed|p1a: Bisharp
|-start|p1a: Bisharp|move: Leech Seed
|
|-damage|p1a: Bisharp|112\/290|[from] Leech Seed|[of] p2a: Ferrothorn
|-heal|p2a: Ferrothorn|250\/352|[silent]
|turn|12
|
|move|p1a: Bisharp|Knock Off|p2a: Ferrothorn
|-damage|p2a: Ferrothorn|155\/352
|-damage|p1a: Bisharp|76\/290|[from] ability: Iron Barbs|[of] p2a: Ferrothorn
|-damage|p1a: Bisharp|47\/290|[from] item: Life Orb
|move|p2a: Ferrothorn|Gyro Ball|p1a: Bisharp
|-resisted|p1a: Bisharp
|-damage|p1a: Bisharp|0 fnt
|faint|p1a: Bisharp
|
|c|âG0tagofast|fuck gg
|
|switch|p1a: Diancie|Diancie|225\/257
|turn|13
|
|detailschange|p1a: Diancie|Diancie-Mega
|-mega|p1a: Diancie|Diancie|Diancite
|move|p1a: Diancie|Hidden Power|p2a: Ferrothorn
|-supereffective|p2a: Ferrothorn
|-damage|p2a: Ferrothorn|0 fnt
|faint|p2a: Ferrothorn
|
|
|switch|p2a: Latias|Latias, F|364\/364
|turn|14
|
|move|p1a: Diancie|Moonblast|p2a: Latias
|-supereffective|p2a: Latias
|-damage|p2a: Latias|104\/364
|move|p2a: Latias|Psyshock|p1a: Diancie
|-damage|p1a: Diancie|129\/257
|
|-heal|p2a: Latias|126\/364|[from] item: Leftovers
|turn|15
|
|move|p1a: Diancie|Moonblast|p2a: Latias
|-supereffective|p2a: Latias
|-damage|p2a: Latias|0 fnt
|faint|p2a: Latias
|
|
|switch|p2a: Talonflame|Talonflame, M|120\/298
|turn|16
|
|move|p2a: Talonflame|Flare Blitz|p1a: Diancie
|-resisted|p1a: Diancie
|-damage|p1a: Diancie|6\/257
|-damage|p2a: Talonflame|79\/298|[from] recoil|[of] p1a: Diancie
|move|p1a: Diancie|Moonblast|p2a: Talonflame
|-resisted|p2a: Talonflame
|-damage|p2a: Talonflame|0 fnt
|faint|p2a: Talonflame
|
|win|G0tagofast
|raw|Ladder updating...
|raw|G0tagofast's rating: 1454 &rarr; <strong>1470<\/strong><br \/>(+16 for winning)
|raw|kelvin33's rating: 1383 &rarr; <strong>1367<\/strong><br \/>(-16 for losing)
|c|âG0tagofast|gg
|leave|kelvin33