|join|Camilas
|join|G0tagofast
|player|p1|Camilas|238
|player|p2|G0tagofast|101
|gametype|singles
|gen|6
|tier|OU
|rated
|clearpoke
|poke|p1|Zapdos, shiny
|poke|p1|Suicune, shiny
|poke|p1|Scolipede, M, shiny
|poke|p1|Slowbro, M, shiny
|poke|p1|Heatran, F, shiny
|poke|p1|Latios, M, shiny
|poke|p2|Diancie
|poke|p2|Volcarona, M
|poke|p2|Keldeo-Resolute
|poke|p2|Bisharp, M
|poke|p2|Skarmory, F
|poke|p2|Gengar, F
|rule|Swagger Clause: Swagger is banned
|rule|Baton Pass Clause: Limit one PokÃ©mon knowing Baton Pass
|rule|Sleep Clause Mod: Limit one foe put to sleep
|rule|Species Clause: Limit one of each PokÃ©mon
|rule|OHKO Clause: OHKO moves are banned
|rule|Moody Clause: Moody is banned
|rule|Evasion Moves Clause: Evasion moves are banned
|rule|Endless Battle Clause: Forcing endless battles is banned
|rule|HP Percentage Mod: HP is shown in percentages
|teampreview
|
|start
|switch|p1a: Suicune|Suicune, shiny|403\/403
|switch|p2a: Skarmory|Skarmory, F|271\/271
|-ability|p1a: Suicune|Pressure
|turn|1
|
|move|p2a: Skarmory|Stealth Rock|p1a: Suicune
|-sidestart|p1: Camilas|move: Stealth Rock
|move|p1a: Suicune|Scald|p2a: Skarmory
|-damage|p2a: Skarmory|151\/271
|
|turn|2
|
|move|p2a: Skarmory|Taunt|p1a: Suicune
|-start|p1a: Suicune|move: Taunt
|cant|p1a: Suicune|move: Taunt|Calm Mind
|
|turn|3
|
|move|p2a: Skarmory|Spikes|p1a: Suicune
|-sidestart|p1: Camilas|Spikes
|move|p1a: Suicune|Scald|p2a: Skarmory
|-damage|p2a: Skarmory|28\/271
|-status|p2a: Skarmory|brn
|-enditem|p2a: Skarmory|Salac Berry|[eat]
|-boost|p2a: Skarmory|spe|1|[from] item: Salac Berry
|
|-damage|p2a: Skarmory|0 fnt|[from] brn
|faint|p2a: Skarmory
|c|âG0tagofast|lol
|c|âCamilas|do u even roost
|c|âG0tagofast|lol
|
|switch|p2a: Volcarona|Volcarona, M|329\/329
|turn|4
|
|move|p2a: Volcarona|Quiver Dance|p2a: Volcarona
|-boost|p2a: Volcarona|spa|1
|-boost|p2a: Volcarona|spd|1
|-boost|p2a: Volcarona|spe|1
|move|p1a: Suicune|Scald|p2a: Volcarona
|-supereffective|p2a: Volcarona
|-damage|p2a: Volcarona|207\/329
|
|-end|p1a: Suicune|move: Taunt
|turn|5
|
|move|p2a: Volcarona|Giga Drain|p1a: Suicune
|-supereffective|p1a: Suicune
|-damage|p1a: Suicune|73\/403
|-heal|p2a: Volcarona|329\/329|[from] drain|[of] p1a: Suicune
|-damage|p2a: Volcarona|297\/329|[from] item: Life Orb
|move|p1a: Suicune|Calm Mind|p1a: Suicune
|-boost|p1a: Suicune|spa|1
|-boost|p1a: Suicune|spd|1
|
|-heal|p1a: Suicune|98\/403|[from] item: Leftovers
|turn|6
|
|move|p2a: Volcarona|Quiver Dance|p2a: Volcarona
|-boost|p2a: Volcarona|spa|1
|-boost|p2a: Volcarona|spd|1
|-boost|p2a: Volcarona|spe|1
|move|p1a: Suicune|Scald|p2a: Volcarona
|-supereffective|p2a: Volcarona
|-damage|p2a: Volcarona|177\/329
|
|-heal|p1a: Suicune|123\/403|[from] item: Leftovers
|turn|7
|
|move|p2a: Volcarona|Giga Drain|p1a: Suicune
|-supereffective|p1a: Suicune
|-damage|p1a: Suicune|0 fnt
|-heal|p2a: Volcarona|239\/329|[from] drain|[of] p1a: Suicune
|-damage|p2a: Volcarona|207\/329|[from] item: Life Orb
|faint|p1a: Suicune
|
|
|switch|p1a: Heatran|Heatran, F, shiny|323\/323
|-damage|p1a: Heatran|283\/323|[from] Stealth Rock
|-damage|p1a: Heatran|243\/323|[from] Spikes
|turn|8
|c|âG0tagofast|ufff Volcarona is so much better than talonflame
|c|âG0tagofast|He is power
|c|âCamilas|yes
|
|move|p2a: Volcarona|Hidden Power|p1a: Heatran
|-supereffective|p1a: Heatran
|-damage|p1a: Heatran|0 fnt
|-damage|p2a: Volcarona|175\/329|[from] item: Life Orb
|faint|p1a: Heatran
|
|c|âG0tagofast|And he fucks water types not like talonflame
|c|âCamilas|but they share a main weakness...
|c|âG0tagofast|SR yeah
|c|âCamilas|to THE PINK FAT BLOB AKA CHANSEY
|
|switch|p1a: Zapdos|Zapdos, shiny|383\/383
|-damage|p1a: Zapdos|288\/383|[from] Stealth Rock
|-ability|p1a: Zapdos|Pressure
|turn|9
|c|âG0tagofast|Yeah but the pink blob is not a problem with spikes around
|
|move|p2a: Volcarona|Fire Blast|p1a: Zapdos
|-damage|p1a: Zapdos|0 fnt
|-damage|p2a: Volcarona|143\/329|[from] item: Life Orb
|faint|p1a: Zapdos
|
|c|âG0tagofast|He gets worn down easily
|c|âCamilas|why don't u have bug buzz
|c|âG0tagofast|cause ground coverage is better
|
|switch|p1a: Scolipede|Scolipede, M, shiny|323\/323
|-damage|p1a: Scolipede|243\/323|[from] Stealth Rock
|-damage|p1a: Scolipede|203\/323|[from] Spikes
|turn|10
|
|move|p1a: Scolipede|Protect|p1a: Scolipede
|-singleturn|p1a: Scolipede|Protect
|move|p2a: Volcarona|Fire Blast|p1a: Scolipede
|-activate|p1a: Scolipede|Protect
|
|-boost|p1a: Scolipede|spe|1|[from] ability: Speed Boost
|turn|11
|c|âG0tagofast|And Lati@s will never switch against volcarona
|
|move|p1a: Scolipede|Protect|p1a: Scolipede
|-singleturn|p1a: Scolipede|Protect
|move|p2a: Volcarona|Fire Blast|p1a: Scolipede
|-activate|p1a: Scolipede|Protect
|
|-boost|p1a: Scolipede|spe|1|[from] ability: Speed Boost
|turn|12
|c|âCamilas|even if it's bold
|c|âG0tagofast|yeah
|
|move|p1a: Scolipede|Protect|p1a: Scolipede
|-fail|p1a: Scolipede
|move|p2a: Volcarona|Fire Blast|p1a: Scolipede|[miss]
|-miss|p2a: Volcarona|p1a: Scolipede
|
|-boost|p1a: Scolipede|spe|1|[from] ability: Speed Boost
|turn|13
|
|move|p1a: Scolipede|Substitute|p1a: Scolipede
|-start|p1a: Scolipede|Substitute
|-damage|p1a: Scolipede|123\/323
|move|p2a: Volcarona|Fire Blast|p1a: Scolipede
|-supereffective|p1a: Scolipede
|-end|p1a: Scolipede|Substitute
|-damage|p2a: Volcarona|111\/329|[from] item: Life Orb
|
|-boost|p1a: Scolipede|spe|1|[from] ability: Speed Boost
|turn|14
|
|move|p1a: Scolipede|Baton Pass|p1a: Scolipede
|c|âG0tagofast|oh my god that miss
|
|switch|p1a: Latios|Latios, M, shiny|301\/301
|-damage|p1a: Latios|264\/301|[from] Stealth Rock
|move|p2a: Volcarona|Hidden Power|p1a: Latios
|-immune|p1a: Latios|[msg]
|
|turn|15
|c|âCamilas|i predicted it
|
|switch|p2a: Keldeo-Resolute|Keldeo-Resolute|323\/323
|move|p1a: Latios|Psyshock|p2a: Keldeo-Resolute
|-supereffective|p2a: Keldeo-Resolute
|-damage|p2a: Keldeo-Resolute|0 fnt
|-damage|p1a: Latios|234\/301|[from] item: Life Orb
|faint|p2a: Keldeo-Resolute
|
|c|âG0tagofast|lol ok
|c|âCamilas|u could of went to bisharp
|
|switch|p2a: Bisharp|Bisharp, M|289\/289
|turn|16
|c|âG0tagofast|nah what if he had earthquake or draco meteor
|c|âCamilas|draco would not okho
|
|move|p1a: Latios|Draco Meteor|p2a: Bisharp
|-resisted|p2a: Bisharp
|-damage|p2a: Bisharp|75\/289
|-unboost|p1a: Latios|spa|2
|-damage|p1a: Latios|204\/301|[from] item: Life Orb
|move|p2a: Bisharp|Knock Off|p1a: Latios
|-supereffective|p1a: Latios
|-damage|p1a: Latios|0 fnt
|-enditem|p1a: Latios|Life Orb|[from] move: Knock Off|[of] p2a: Bisharp
|-damage|p2a: Bisharp|47\/289|[from] item: Life Orb
|faint|p1a: Latios
|
|c|âG0tagofast|2 dracos does  that
|c|âCamilas|u don't have sucker punch
|
|switch|p1a: Slowbro|Slowbro, M, shiny|393\/393
|-damage|p1a: Slowbro|344\/393|[from] Spikes
|-damage|p1a: Slowbro|295\/393|[from] Stealth Rock
|turn|17
|c|âG0tagofast|i just didnt want sucker punh mind games
|
|detailschange|p1a: Slowbro|Slowbro-Mega, M, shiny
|-mega|p1a: Slowbro|Slowbro|Slowbronite
|move|p2a: Bisharp|Knock Off|p1a: Slowbro
|-supereffective|p1a: Slowbro
|-damage|p1a: Slowbro|129\/393
|-damage|p2a: Bisharp|19\/289|[from] item: Life Orb
|move|p1a: Slowbro|Calm Mind|p1a: Slowbro
|-boost|p1a: Slowbro|spa|1
|-boost|p1a: Slowbro|spd|1
|
|turn|18
|
|move|p2a: Bisharp|Knock Off|p1a: Slowbro
|-supereffective|p1a: Slowbro
|-damage|p1a: Slowbro|0 fnt
|-damage|p2a: Bisharp|0 fnt|[from] item: Life Orb
|faint|p1a: Slowbro
|faint|p2a: Bisharp
|
|c|âG0tagofast|veyblade
|-message|Camilas forfeited.
|leave|Camilas
|
|switch|p2a: Gengar|Gengar, F|261\/261
|switch|p1a: Scolipede|Scolipede, M, shiny|123\/323
|-damage|p1a: Scolipede|83\/323|[from] Spikes
|-damage|p1a: Scolipede|3\/323|[from] Stealth Rock
|turn|19
|
|win|G0tagofast
|raw|Ladder updating...
|player|p1
|raw|Camilas's rating: 1650 &rarr; <strong>1624<\/strong><br \/>(-26 for losing)
|raw|G0tagofast's rating: 1543 &rarr; <strong>1569<\/strong><br \/>(+26 for winning)