|join|G0tagofast
|join|2015Gamer
|player|p1|G0tagofast|101
|player|p2|2015Gamer|164
|gametype|singles
|gen|6
|tier|OU
|rated
|clearpoke
|poke|p1|Diancie
|poke|p1|Volcarona, F
|poke|p1|Keldeo-Resolute
|poke|p1|Bisharp, F
|poke|p1|Skarmory, M
|poke|p1|Gengar, F
|poke|p2|Lopunny, F
|poke|p2|Heatran, F
|poke|p2|Talonflame, F
|poke|p2|Skarmory, M
|poke|p2|Slowking, F
|poke|p2|Clefable, M
|rule|Swagger Clause: Swagger is banned
|rule|Baton Pass Clause: Limit one PokÃ©mon knowing Baton Pass
|rule|Sleep Clause Mod: Limit one foe put to sleep
|rule|Species Clause: Limit one of each PokÃ©mon
|rule|OHKO Clause: OHKO moves are banned
|rule|Moody Clause: Moody is banned
|rule|Evasion Moves Clause: Evasion moves are banned
|rule|Endless Battle Clause: Forcing endless battles is banned
|rule|HP Percentage Mod: HP is shown in percentages
|teampreview
|c|âG0tagofast|gl hf
|
|start
|switch|p1a: Gengar|Gengar, F|261\/261
|switch|p2a: Heatran|Heatran, F|385\/385
|-item|p2a: Heatran|Air Balloon
|turn|1
|
|move|p1a: Gengar|Focus Blast|p2a: Heatran
|-supereffective|p2a: Heatran
|-damage|p2a: Heatran|131\/385
|-enditem|p2a: Heatran|Air Balloon
|move|p2a: Heatran|Lava Plume|p1a: Gengar
|-damage|p1a: Gengar|60\/261
|
|turn|2
|
|switch|p2a: Lopunny|Lopunny, F|271\/271
|move|p1a: Gengar|Focus Blast|p2a: Lopunny
|-crit|p2a: Lopunny
|-supereffective|p2a: Lopunny
|-damage|p2a: Lopunny|0 fnt
|faint|p2a: Lopunny
|
|
|switch|p2a: Talonflame|Talonflame, F|359\/359
|turn|3
|
|switch|p1a: Skarmory|Skarmory, M|271\/271
|move|p2a: Talonflame|Swords Dance|p2a: Talonflame
|-boost|p2a: Talonflame|atk|2
|
|turn|4
|
|move|p2a: Talonflame|Flare Blitz|p1a: Skarmory
|-supereffective|p1a: Skarmory
|-activate|p1a: Skarmory|Sturdy
|-damage|p1a: Skarmory|1\/271
|-damage|p2a: Talonflame|270\/359|[from] recoil|[of] p1a: Skarmory
|-enditem|p1a: Skarmory|Salac Berry|[eat]
|-boost|p1a: Skarmory|spe|1|[from] item: Salac Berry
|move|p1a: Skarmory|Stealth Rock|p2a: Talonflame
|-sidestart|p2: 2015Gamer|move: Stealth Rock
|
|turn|5
|
|move|p2a: Talonflame|Acrobatics|p1a: Skarmory
|-resisted|p1a: Skarmory
|-damage|p1a: Skarmory|0 fnt
|faint|p1a: Skarmory
|
|
|switch|p1a: Diancie|Diancie|257\/257
|turn|6
|
|switch|p2a: Skarmory|Skarmory, M|333\/333
|-damage|p2a: Skarmory|292\/333|[from] Stealth Rock
|move|p1a: Diancie|Diamond Storm|p2a: Skarmory
|-damage|p2a: Skarmory|220\/333
|-boost|p1a: Diancie|def|1
|
|turn|7
|
|detailschange|p1a: Diancie|Diancie-Mega
|-mega|p1a: Diancie|Diancie|Diancite
|move|p2a: Skarmory|Defog|p1a: Diancie
|move|p1a: Diancie|Defog|p2a: Skarmory|[from]Magic Bounce
|-unboost|p2a: Skarmory|evasion|1
|-sideend|p2: 2015Gamer|Stealth Rock|[from] move: Defog|[of] p2a: Skarmory
|move|p1a: Diancie|Hidden Power|p2a: Skarmory
|-supereffective|p2a: Skarmory
|-damage|p2a: Skarmory|0 fnt
|faint|p2a: Skarmory
|
|c|âG0tagofast|this is why i love diancie scares the shit out of talonflame
|
|switch|p2a: Slowking|Slowking, F|393\/393
|turn|8
|
|switch|p1a: Volcarona|Volcarona, F|329\/329
|move|p2a: Slowking|Scald|p1a: Volcarona
|-supereffective|p1a: Volcarona
|-damage|p1a: Volcarona|137\/329
|
|turn|9
|
|switch|p2a: Talonflame|Talonflame, F|270\/359
|move|p1a: Volcarona|Giga Drain|p2a: Talonflame
|-resisted|p2a: Talonflame
|-damage|p2a: Talonflame|231\/359
|-heal|p1a: Volcarona|157\/329|[from] drain|[of] p2a: Talonflame
|-damage|p1a: Volcarona|125\/329|[from] item: Life Orb
|
|turn|10
|
|switch|p2a: Slowking|Slowking, F|393\/393
|move|p1a: Volcarona|Fire Blast|p2a: Slowking
|-crit|p2a: Slowking
|-resisted|p2a: Slowking
|-damage|p2a: Slowking|258\/393
|-damage|p1a: Volcarona|93\/329|[from] item: Life Orb
|
|-heal|p2a: Slowking|282\/393|[from] item: Leftovers
|turn|11
|
|move|p1a: Volcarona|Giga Drain|p2a: Slowking
|-supereffective|p2a: Slowking
|-damage|p2a: Slowking|123\/393
|-heal|p1a: Volcarona|173\/329|[from] drain|[of] p2a: Slowking
|-damage|p1a: Volcarona|141\/329|[from] item: Life Orb
|move|p2a: Slowking|Slack Off|p2a: Slowking
|-heal|p2a: Slowking|320\/393
|
|-heal|p2a: Slowking|344\/393|[from] item: Leftovers
|turn|12
|
|switch|p2a: Heatran|Heatran, F|131\/385
|move|p1a: Volcarona|Quiver Dance|p1a: Volcarona
|-boost|p1a: Volcarona|spa|1
|-boost|p1a: Volcarona|spd|1
|-boost|p1a: Volcarona|spe|1
|
|turn|13
|
|move|p1a: Volcarona|Hidden Power|p2a: Heatran
|-supereffective|p2a: Heatran
|-damage|p2a: Heatran|0 fnt
|-damage|p1a: Volcarona|109\/329|[from] item: Life Orb
|faint|p2a: Heatran
|
|
|switch|p2a: Talonflame|Talonflame, F|231\/359
|turn|14
|
|switch|p1a: Diancie|Diancie-Mega|257\/257
|move|p2a: Talonflame|Acrobatics|p1a: Diancie
|-resisted|p1a: Diancie
|-damage|p1a: Diancie|186\/257
|
|turn|15
|
|switch|p2a: Slowking|Slowking, F|393\/393
|move|p1a: Diancie|Diamond Storm|p2a: Slowking
|-damage|p2a: Slowking|188\/393
|
|-heal|p2a: Slowking|212\/393|[from] item: Leftovers
|turn|16
|
|switch|p1a: Keldeo-Resolute|Keldeo-Resolute|323\/323
|move|p2a: Slowking|Scald|p1a: Keldeo-Resolute
|-resisted|p1a: Keldeo-Resolute
|-damage|p1a: Keldeo-Resolute|274\/323
|-status|p1a: Keldeo-Resolute|brn
|
|-heal|p2a: Slowking|236\/393|[from] item: Leftovers
|-damage|p1a: Keldeo-Resolute|234\/323 brn|[from] brn
|turn|17
|
|switch|p2a: Clefable|Clefable, M|394\/394
|move|p1a: Keldeo-Resolute|Hidden Power|p2a: Clefable
|-damage|p2a: Clefable|303\/394
|
|-heal|p2a: Clefable|327\/394|[from] item: Leftovers
|-damage|p1a: Keldeo-Resolute|194\/323 brn|[from] brn
|turn|18
|
|switch|p1a: Volcarona|Volcarona, F|109\/329
|move|p2a: Clefable|Wish|p2a: Clefable
|
|-heal|p2a: Clefable|351\/394|[from] item: Leftovers
|turn|19
|
|switch|p2a: Talonflame|Talonflame, F|231\/359
|move|p1a: Volcarona|Fire Blast|p2a: Talonflame
|-resisted|p2a: Talonflame
|-damage|p2a: Talonflame|63\/359
|-damage|p1a: Volcarona|77\/329|[from] item: Life Orb
|
|-heal|p2a: Talonflame|260\/359|[from] move: Wish|[wisher] Clefable
|turn|20
|
|move|p2a: Talonflame|Acrobatics|p1a: Volcarona
|-supereffective|p1a: Volcarona
|-damage|p1a: Volcarona|0 fnt
|faint|p1a: Volcarona
|
|
|switch|p1a: Diancie|Diancie-Mega|186\/257
|turn|21
|
|switch|p2a: Clefable|Clefable, M|351\/394
|move|p1a: Diancie|Diamond Storm|p2a: Clefable
|-damage|p2a: Clefable|158\/394
|
|-heal|p2a: Clefable|182\/394|[from] item: Leftovers
|turn|22
|
|move|p2a: Clefable|Protect|p2a: Clefable
|-singleturn|p2a: Clefable|Protect
|move|p1a: Diancie|Diamond Storm|p2a: Clefable
|-activate|p2a: Clefable|Protect
|
|-heal|p2a: Clefable|206\/394|[from] item: Leftovers
|turn|23
|
|move|p1a: Diancie|Moonblast|p2a: Clefable
|-crit|p2a: Clefable
|-damage|p2a: Clefable|0 fnt
|faint|p2a: Clefable
|
|c|âG0tagofast|sorry 4 that
|
|switch|p2a: Slowking|Slowking, F|367\/393
|turn|24
|
|switch|p1a: Keldeo-Resolute|Keldeo-Resolute|194\/323 brn
|switch|p2a: Talonflame|Talonflame, F|260\/359
|
|-damage|p1a: Keldeo-Resolute|154\/323 brn|[from] brn
|turn|25
|
|move|p2a: Talonflame|Acrobatics|p1a: Keldeo-Resolute
|-supereffective|p1a: Keldeo-Resolute
|-damage|p1a: Keldeo-Resolute|0 fnt
|faint|p1a: Keldeo-Resolute
|
|
|switch|p1a: Diancie|Diancie-Mega|186\/257
|turn|26
|
|switch|p2a: Slowking|Slowking, F|393\/393
|move|p1a: Diancie|Diamond Storm|p2a: Slowking
|-damage|p2a: Slowking|182\/393
|
|-heal|p2a: Slowking|206\/393|[from] item: Leftovers
|turn|27
|
|move|p1a: Diancie|Diamond Storm|p2a: Slowking
|-damage|p2a: Slowking|5\/393
|-boost|p1a: Diancie|def|1
|move|p2a: Slowking|Slack Off|p2a: Slowking
|-heal|p2a: Slowking|202\/393
|
|-heal|p2a: Slowking|226\/393|[from] item: Leftovers
|turn|28
|
|switch|p1a: Gengar|Gengar, F|60\/261
|move|p2a: Slowking|Scald|p1a: Gengar
|-damage|p1a: Gengar|0 fnt
|faint|p1a: Gengar
|
|-heal|p2a: Slowking|250\/393|[from] item: Leftovers
|
|switch|p1a: Bisharp|Bisharp, F|289\/289
|turn|29
|
|switch|p2a: Talonflame|Talonflame, F|260\/359
|move|p1a: Bisharp|Knock Off|p2a: Talonflame
|-crit|p2a: Talonflame
|-damage|p2a: Talonflame|0 fnt
|-damage|p1a: Bisharp|261\/289|[from] item: Life Orb
|faint|p2a: Talonflame
|
|
|switch|p2a: Slowking|Slowking, F|381\/393
|turn|30
|c|â2015Gamer|fuck i dont have a funcking item D: : :
|c|â2015Gamer|abhashgaweflgihadv
|c|â2015Gamer|kskj
|c|â2015Gamer|fuckc
|c|âG0tagofast|lol
|-message|2015Gamer forfeited.
|leave|2015Gamer
|
|win|G0tagofast
|raw|Ladder updating...
|player|p2
|c|âG0tagofast|pussy
|raw|G0tagofast's rating: 1587 &rarr; <strong>1604<\/strong><br \/>(+17 for winning)
|raw|2015Gamer's rating: 1523 &rarr; <strong>1506<\/strong><br \/>(-17 for losing)