|join|G0tagofast
|join|Gocowboys
|player|p1|G0tagofast|101
|player|p2|Gocowboys|50
|gametype|singles
|gen|6
|tier|OU
|rated
|clearpoke
|poke|p1|Breloom, F, shiny
|poke|p1|Bisharp, F
|poke|p1|Skarmory, F
|poke|p1|Diancie
|poke|p1|Gengar, F
|poke|p1|Keldeo-Resolute
|poke|p2|Sableye, F
|poke|p2|Scizor, F
|poke|p2|Landorus, M
|poke|p2|Keldeo
|poke|p2|Wobbuffet, M
|poke|p2|Latios, M
|rule|Swagger Clause: Swagger is banned
|rule|Baton Pass Clause: Limit one PokÃ©mon knowing Baton Pass
|rule|Sleep Clause Mod: Limit one foe put to sleep
|rule|Species Clause: Limit one of each PokÃ©mon
|rule|OHKO Clause: OHKO moves are banned
|rule|Moody Clause: Moody is banned
|rule|Evasion Moves Clause: Evasion moves are banned
|rule|Endless Battle Clause: Forcing endless battles is banned
|rule|HP Percentage Mod: HP is shown in percentages
|teampreview
|
|start
|switch|p1a: Keldeo-Resolute|Keldeo-Resolute|323\/323
|switch|p2a: Sableye|Sableye, F|304\/304
|turn|1
|
|switch|p2a: Wobbuffet|Wobbuffet, M|534\/534
|move|p1a: Keldeo-Resolute|Scald|p2a: Wobbuffet
|-damage|p2a: Wobbuffet|362\/534
|
|-heal|p2a: Wobbuffet|395\/534|[from] item: Leftovers
|turn|2
|
|move|p1a: Keldeo-Resolute|Substitute|p1a: Keldeo-Resolute
|-start|p1a: Keldeo-Resolute|Substitute
|-damage|p1a: Keldeo-Resolute|243\/323
|move|p2a: Wobbuffet|Mirror Coat|p1a: Keldeo-Resolute
|-fail|p1a: Keldeo-Resolute
|
|-heal|p2a: Wobbuffet|428\/534|[from] item: Leftovers
|turn|3
|
|move|p1a: Keldeo-Resolute|Scald|p2a: Wobbuffet
|-damage|p2a: Wobbuffet|260\/534
|move|p2a: Wobbuffet|Mirror Coat|p1a: Keldeo-Resolute
|-end|p1a: Keldeo-Resolute|Substitute
|
|-heal|p2a: Wobbuffet|293\/534|[from] item: Leftovers
|turn|4
|
|move|p1a: Keldeo-Resolute|Scald|p2a: Wobbuffet
|-damage|p2a: Wobbuffet|131\/534
|-status|p2a: Wobbuffet|brn
|move|p2a: Wobbuffet|Encore|p1a: Keldeo-Resolute
|-start|p1a: Keldeo-Resolute|Encore
|
|-heal|p2a: Wobbuffet|164\/534 brn|[from] item: Leftovers
|-damage|p2a: Wobbuffet|98\/534 brn|[from] brn
|turn|5
|
|move|p1a: Keldeo-Resolute|Scald|p2a: Wobbuffet
|-damage|p2a: Wobbuffet|0 fnt
|faint|p2a: Wobbuffet
|
|
|switch|p2a: Latios|Latios, M|301\/301
|turn|6
|
|switch|p1a: Diancie|Diancie|241\/241
|move|p2a: Latios|Psyshock|p1a: Diancie
|-damage|p1a: Diancie|103\/241
|-damage|p2a: Latios|271\/301|[from] item: Life Orb
|
|turn|7
|join|NC Aerodactyl
|
|switch|p2a: Scizor|Scizor, F|343\/343
|switch|p1a: Bisharp|Bisharp, F|289\/289
|
|turn|8
|leave|NC Aerodactyl
|
|move|p1a: Bisharp|Knock Off|p2a: Scizor
|-damage|p2a: Scizor|108\/343
|-enditem|p2a: Scizor|Choice Band|[from] move: Knock Off|[of] p1a: Bisharp
|-damage|p1a: Bisharp|261\/289|[from] item: Life Orb
|move|p2a: Scizor|U-turn|p1a: Bisharp
|-damage|p1a: Bisharp|135\/289
|
|switch|p2a: Keldeo|Keldeo|323\/323
|
|turn|9
|
|move|p2a: Keldeo|Scald|p1a: Bisharp
|-damage|p1a: Bisharp|0 fnt
|faint|p1a: Bisharp
|
|
|switch|p1a: Breloom|Breloom, F, shiny|261\/261
|turn|10
|c|âG0tagofast|...
|
|move|p2a: Keldeo|Scald|p1a: Breloom
|-resisted|p1a: Breloom
|-damage|p1a: Breloom|87\/261
|move|p1a: Breloom|Seed Bomb|p2a: Keldeo
|-supereffective|p2a: Keldeo
|-damage|p2a: Keldeo|0 fnt
|faint|p2a: Keldeo
|
|-status|p1a: Breloom|tox|[from] item: Toxic Orb
|
|switch|p2a: Latios|Latios, M|271\/301
|turn|11
|
|switch|p1a: Skarmory|Skarmory, F|271\/271
|move|p2a: Latios|Psyshock|p1a: Skarmory
|-resisted|p1a: Skarmory
|-damage|p1a: Skarmory|207\/271
|-damage|p2a: Latios|241\/301|[from] item: Life Orb
|
|turn|12
|
|move|p2a: Latios|Surf|p1a: Skarmory
|-damage|p1a: Skarmory|8\/271
|-damage|p2a: Latios|211\/301|[from] item: Life Orb
|-enditem|p1a: Skarmory|Salac Berry|[eat]
|-boost|p1a: Skarmory|spe|1|[from] item: Salac Berry
|move|p1a: Skarmory|Stealth Rock|p2a: Latios
|-sidestart|p2: Gocowboys|move: Stealth Rock
|
|turn|13
|
|move|p1a: Skarmory|Spikes|p2a: Latios
|-sidestart|p2: Gocowboys|Spikes
|move|p2a: Latios|Surf|p1a: Skarmory
|-damage|p1a: Skarmory|0 fnt
|-damage|p2a: Latios|181\/301|[from] item: Life Orb
|faint|p1a: Skarmory
|
|
|switch|p1a: Gengar|Gengar, F|261\/261
|turn|14
|
|switch|p2a: Landorus|Landorus, M|319\/319
|-damage|p2a: Landorus|280\/319|[from] Stealth Rock
|move|p1a: Gengar|Shadow Ball|p2a: Landorus
|-damage|p2a: Landorus|99\/319
|
|turn|15
|
|move|p1a: Gengar|Shadow Ball|p2a: Landorus
|-damage|p2a: Landorus|0 fnt
|faint|p2a: Landorus
|
|
|switch|p2a: Scizor|Scizor, F|108\/343
|-damage|p2a: Scizor|66\/343|[from] Stealth Rock
|-damage|p2a: Scizor|24\/343|[from] Spikes
|turn|16
|
|move|p2a: Scizor|Bullet Punch|p1a: Gengar
|-damage|p1a: Gengar|98\/261
|move|p1a: Gengar|Shadow Ball|p2a: Scizor
|-damage|p2a: Scizor|0 fnt
|faint|p2a: Scizor
|
|
|switch|p2a: Sableye|Sableye, F|304\/304
|-damage|p2a: Sableye|266\/304|[from] Spikes
|-damage|p2a: Sableye|228\/304|[from] Stealth Rock
|turn|17
|
|switch|p1a: Breloom|Breloom, F, shiny|87\/261 tox
|detailschange|p2a: Sableye|Sableye-Mega, F
|-mega|p2a: Sableye|Sableye|Sablenite
|move|p2a: Sableye|Calm Mind|p2a: Sableye
|-boost|p2a: Sableye|spa|1
|-boost|p2a: Sableye|spd|1
|
|-heal|p1a: Breloom|119\/261 tox|[from] ability: Poison Heal
|turn|18
|
|move|p1a: Breloom|Substitute|p1a: Breloom
|-start|p1a: Breloom|Substitute
|-damage|p1a: Breloom|54\/261 tox
|move|p2a: Sableye|Recover|p2a: Sableye
|-heal|p2a: Sableye|304\/304
|
|-heal|p1a: Breloom|86\/261 tox|[from] ability: Poison Heal
|turn|19
|
|move|p1a: Breloom|Seed Bomb|p2a: Sableye
|-damage|p2a: Sableye|213\/304
|move|p2a: Sableye|Calm Mind|p2a: Sableye
|-boost|p2a: Sableye|spa|1
|-boost|p2a: Sableye|spd|1
|
|-heal|p1a: Breloom|118\/261 tox|[from] ability: Poison Heal
|turn|20
|c|âG0tagofast|just break the fucking sub
|
|move|p1a: Breloom|Seed Bomb|p2a: Sableye
|-damage|p2a: Sableye|122\/304
|move|p2a: Sableye|Recover|p2a: Sableye
|-heal|p2a: Sableye|274\/304
|
|-heal|p1a: Breloom|150\/261 tox|[from] ability: Poison Heal
|turn|21
|c|âGocowboys|sorry went to get water
|
|move|p1a: Breloom|Seed Bomb|p2a: Sableye
|-damage|p2a: Sableye|180\/304
|move|p2a: Sableye|Calm Mind|p2a: Sableye
|-boost|p2a: Sableye|spa|1
|-boost|p2a: Sableye|spd|1
|
|-heal|p1a: Breloom|182\/261 tox|[from] ability: Poison Heal
|turn|22
|c|âG0tagofast|ok sorry
|
|move|p1a: Breloom|Seed Bomb|p2a: Sableye
|-damage|p2a: Sableye|86\/304
|move|p2a: Sableye|Recover|p2a: Sableye
|-heal|p2a: Sableye|238\/304
|
|-heal|p1a: Breloom|214\/261 tox|[from] ability: Poison Heal
|turn|23
|
|switch|p1a: Diancie|Diancie|103\/241
|move|p2a: Sableye|Calm Mind|p2a: Sableye
|-boost|p2a: Sableye|spa|1
|-boost|p2a: Sableye|spd|1
|
|turn|24
|
|detailschange|p1a: Diancie|Diancie-Mega
|-mega|p1a: Diancie|Diancie|Diancite
|move|p1a: Diancie|Moonblast|p2a: Sableye
|-supereffective|p2a: Sableye
|-damage|p2a: Sableye|118\/304
|-unboost|p2a: Sableye|spa|1
|move|p2a: Sableye|Shadow Ball|p1a: Diancie
|-damage|p1a: Diancie|0 fnt
|faint|p1a: Diancie
|
|
|switch|p1a: Keldeo-Resolute|Keldeo-Resolute|243\/323
|turn|25
|
|move|p1a: Keldeo-Resolute|Scald|p2a: Sableye
|-damage|p2a: Sableye|75\/304
|move|p2a: Sableye|Recover|p2a: Sableye
|-heal|p2a: Sableye|227\/304
|
|turn|26
|
|move|p1a: Keldeo-Resolute|Scald|p2a: Sableye
|-damage|p2a: Sableye|188\/304
|-status|p2a: Sableye|brn
|move|p2a: Sableye|Recover|p2a: Sableye
|-heal|p2a: Sableye|304\/304 brn
|
|-damage|p2a: Sableye|266\/304 brn|[from] brn
|turn|27
|
|move|p1a: Keldeo-Resolute|Substitute|p1a: Keldeo-Resolute
|-start|p1a: Keldeo-Resolute|Substitute
|-damage|p1a: Keldeo-Resolute|163\/323
|move|p2a: Sableye|Shadow Ball|p1a: Keldeo-Resolute
|-end|p1a: Keldeo-Resolute|Substitute
|
|-damage|p2a: Sableye|228\/304 brn|[from] brn
|turn|28
|
|move|p1a: Keldeo-Resolute|Substitute|p1a: Keldeo-Resolute
|-start|p1a: Keldeo-Resolute|Substitute
|-damage|p1a: Keldeo-Resolute|83\/323
|move|p2a: Sableye|Shadow Ball|p1a: Keldeo-Resolute
|-end|p1a: Keldeo-Resolute|Substitute
|
|-damage|p2a: Sableye|190\/304 brn|[from] brn
|turn|29
|
|move|p1a: Keldeo-Resolute|Substitute|p1a: Keldeo-Resolute
|-start|p1a: Keldeo-Resolute|Substitute
|-damage|p1a: Keldeo-Resolute|3\/323
|move|p2a: Sableye|Recover|p2a: Sableye
|-heal|p2a: Sableye|304\/304 brn
|
|-damage|p2a: Sableye|266\/304 brn|[from] brn
|turn|30
|
|move|p1a: Keldeo-Resolute|Scald|p2a: Sableye
|-damage|p2a: Sableye|220\/304 brn
|move|p2a: Sableye|Shadow Ball|p1a: Keldeo-Resolute
|-end|p1a: Keldeo-Resolute|Substitute
|
|-damage|p2a: Sableye|182\/304 brn|[from] brn
|turn|31
|
|move|p1a: Keldeo-Resolute|Endeavor|p2a: Sableye
|-immune|p2a: Sableye|[msg]
|move|p2a: Sableye|Recover|p2a: Sableye
|-heal|p2a: Sableye|304\/304 brn
|
|-damage|p2a: Sableye|266\/304 brn|[from] brn
|turn|32
|
|move|p1a: Keldeo-Resolute|Scald|p2a: Sableye
|-damage|p2a: Sableye|223\/304 brn
|move|p2a: Sableye|Shadow Ball|p1a: Keldeo-Resolute
|-damage|p1a: Keldeo-Resolute|0 fnt
|faint|p1a: Keldeo-Resolute
|
|-damage|p2a: Sableye|185\/304 brn|[from] brn
|
|switch|p1a: Breloom|Breloom, F, shiny|214\/261 tox
|turn|33
|
|move|p1a: Breloom|Substitute|p1a: Breloom
|-start|p1a: Breloom|Substitute
|-damage|p1a: Breloom|149\/261 tox
|move|p2a: Sableye|Recover|p2a: Sableye
|-heal|p2a: Sableye|304\/304 brn
|
|-heal|p1a: Breloom|181\/261 tox|[from] ability: Poison Heal
|-damage|p2a: Sableye|266\/304 brn|[from] brn
|turn|34
|
|move|p1a: Breloom|Seed Bomb|p2a: Sableye
|-damage|p2a: Sableye|166\/304 brn
|move|p2a: Sableye|Shadow Ball|p1a: Breloom
|-end|p1a: Breloom|Substitute
|
|-heal|p1a: Breloom|213\/261 tox|[from] ability: Poison Heal
|-damage|p2a: Sableye|128\/304 brn|[from] brn
|turn|35
|
|move|p1a: Breloom|Seed Bomb|p2a: Sableye
|-damage|p2a: Sableye|25\/304 brn
|move|p2a: Sableye|Recover|p2a: Sableye
|-heal|p2a: Sableye|177\/304 brn
|
|-heal|p1a: Breloom|245\/261 tox|[from] ability: Poison Heal
|-damage|p2a: Sableye|139\/304 brn|[from] brn
|turn|36
|
|move|p1a: Breloom|Seed Bomb|p2a: Sableye
|-damage|p2a: Sableye|37\/304 brn
|move|p2a: Sableye|Recover|p2a: Sableye
|-heal|p2a: Sableye|189\/304 brn
|
|-heal|p1a: Breloom|261\/261 tox|[from] ability: Poison Heal
|-damage|p2a: Sableye|151\/304 brn|[from] brn
|turn|37
|c|âGocowboys|oml this will take forever
|
|move|p1a: Breloom|Seed Bomb|p2a: Sableye
|-damage|p2a: Sableye|49\/304 brn
|move|p2a: Sableye|Recover|p2a: Sableye
|-heal|p2a: Sableye|201\/304 brn
|
|-damage|p2a: Sableye|163\/304 brn|[from] brn
|turn|38
|c|âG0tagofast|yeah
|
|move|p1a: Breloom|Seed Bomb|p2a: Sableye
|-damage|p2a: Sableye|69\/304 brn
|move|p2a: Sableye|Recover|p2a: Sableye
|-heal|p2a: Sableye|221\/304 brn
|
|-damage|p2a: Sableye|183\/304 brn|[from] brn
|turn|39
|
|move|p1a: Breloom|Substitute|p1a: Breloom
|-start|p1a: Breloom|Substitute
|-damage|p1a: Breloom|196\/261 tox
|move|p2a: Sableye|Recover|p2a: Sableye
|-heal|p2a: Sableye|304\/304 brn
|
|-heal|p1a: Breloom|228\/261 tox|[from] ability: Poison Heal
|-damage|p2a: Sableye|266\/304 brn|[from] brn
|turn|40
|
|move|p1a: Breloom|Seed Bomb|p2a: Sableye
|-damage|p2a: Sableye|175\/304 brn
|move|p2a: Sableye|Shadow Ball|p1a: Breloom
|-end|p1a: Breloom|Substitute
|
|-heal|p1a: Breloom|260\/261 tox|[from] ability: Poison Heal
|-damage|p2a: Sableye|137\/304 brn|[from] brn
|turn|41
|
|move|p1a: Breloom|Substitute|p1a: Breloom
|-start|p1a: Breloom|Substitute
|-damage|p1a: Breloom|195\/261 tox
|move|p2a: Sableye|Shadow Ball|p1a: Breloom
|-end|p1a: Breloom|Substitute
|
|-heal|p1a: Breloom|227\/261 tox|[from] ability: Poison Heal
|-damage|p2a: Sableye|99\/304 brn|[from] brn
|turn|42
|c|âGocowboys|shit
|c|âGocowboys|gg
|
|move|p1a: Breloom|Seed Bomb|p2a: Sableye
|-damage|p2a: Sableye|3\/304 brn
|move|p2a: Sableye|Shadow Ball|p1a: Breloom
|-crit|p1a: Breloom
|-damage|p1a: Breloom|0 fnt
|faint|p1a: Breloom
|
|-damage|p2a: Sableye|0 fnt|[from] brn
|faint|p2a: Sableye
|c|âGocowboys|oh shit
|c|âG0tagofast|gg
|
|switch|p1a: Gengar|Gengar, F|98\/261
|switch|p2a: Latios|Latios, M|181\/301
|-damage|p2a: Latios|144\/301|[from] Stealth Rock
|turn|43
|c|âGocowboys|you scarfed?
|c|âGocowboys|gg
|c|âGocowboys|im not
|c|âG0tagofast|Guau i broke sableye with a physical sweeper :D
|c|âG0tagofast|:=
|c|âG0tagofast|:0
|
|move|p1a: Gengar|Shadow Ball|p2a: Latios
|-supereffective|p2a: Latios
|-damage|p2a: Latios|0 fnt
|faint|p2a: Latios
|
|win|G0tagofast
|raw|Ladder updating...
|raw|G0tagofast's rating: 1578 &rarr; <strong>1591<\/strong><br \/>(+13 for winning)
|raw|Gocowboys's rating: 1444 &rarr; <strong>1431<\/strong><br \/>(-13 for losing)
|c|âG0tagofast|gg