|join|RazShamir
|join|G0tagofast
|player|p1|RazShamir|2
|player|p2|G0tagofast|102
|gametype|singles
|gen|6
|tier|OU
|rated
|clearpoke
|poke|p1|Lopunny, M
|poke|p1|Heatran, M
|poke|p1|Gengar, F
|poke|p1|Tyranitar, M
|poke|p1|Rotom-Wash
|poke|p1|Excadrill, M
|poke|p2|Gengar, M
|poke|p2|Weavile, M
|poke|p2|Alakazam, F
|poke|p2|Heatran, F
|poke|p2|Clefable, M
|poke|p2|Slowbro, M
|rule|Swagger Clause: Swagger is banned
|rule|Baton Pass Clause: Limit one PokÃ©mon knowing Baton Pass
|rule|Sleep Clause Mod: Limit one foe put to sleep
|rule|Species Clause: Limit one of each PokÃ©mon
|rule|OHKO Clause: OHKO moves are banned
|rule|Moody Clause: Moody is banned
|rule|Evasion Moves Clause: Evasion moves are banned
|rule|Endless Battle Clause: Forcing endless battles is banned
|rule|HP Percentage Mod: HP is shown in percentages
|teampreview
|
|start
|switch|p1a: RHCP|Rotom-Wash|303\/303
|switch|p2a: Gengar|Gengar, M|262\/262
|turn|1
|raw|<div class="broadcast-blue"><b>join the old gens room to look for gen 1 random battle challenges!<\/b><\/div>
|
|move|p2a: Gengar|Shadow Ball|p1a: RHCP
|-damage|p1a: RHCP|156\/303
|move|p1a: RHCP|Volt Switch|p2a: Gengar
|-damage|p2a: Gengar|153\/262
|
|switch|p1a: Tyranitar|Tyranitar, M|403\/403
|-weather|Sandstorm
|
|-weather|Sandstorm|[upkeep]
|-damage|p2a: Gengar|137\/262|[from] sandstorm
|turn|2
|
|move|p2a: Gengar|Taunt|p1a: Tyranitar
|-start|p1a: Tyranitar|move: Taunt
|cant|p1a: Tyranitar|move: Taunt|Stealth Rock
|
|-weather|Sandstorm|[upkeep]
|-damage|p2a: Gengar|121\/262|[from] sandstorm
|turn|3
|
|move|p2a: Gengar|Destiny Bond|p2a: Gengar
|-singlemove|p2a: Gengar|Destiny Bond
|move|p1a: Tyranitar|Earthquake|p2a: Gengar
|-immune|p2a: Gengar|[msg]
|
|-weather|Sandstorm|[upkeep]
|-damage|p2a: Gengar|105\/262|[from] sandstorm
|turn|4
|
|switch|p1a: Lopunny|Lopunny, M|271\/271
|move|p2a: Gengar|Shadow Ball|p1a: Lopunny
|-immune|p1a: Lopunny|[msg]
|
|-weather|Sandstorm|[upkeep]
|-damage|p2a: Gengar|89\/262|[from] sandstorm
|-damage|p1a: Lopunny|255\/271|[from] sandstorm
|turn|5
|
|switch|p2a: Slowbro|Slowbro, M|393\/393
|switch|p1a: Gengar|Gengar, F|261\/261
|
|-weather|none
|turn|6
|
|switch|p2a: Gengar|Gengar, M|89\/262
|move|p1a: Gengar|Shadow Ball|p2a: Gengar
|-supereffective|p2a: Gengar
|-damage|p2a: Gengar|0 fnt
|-damage|p1a: Gengar|235\/261|[from] item: Life Orb
|faint|p2a: Gengar
|
|
|switch|p2a: Alakazam|Alakazam, F|251\/251
|turn|7
|
|switch|p1a: Tyranitar|Tyranitar, M|403\/403
|-weather|Sandstorm
|detailschange|p2a: Alakazam|Alakazam-Mega, F
|-mega|p2a: Alakazam|Alakazam|Alakazite
|-ability|p2a: Alakazam|Sand Stream|[from] ability: Trace|[of] p1a: Tyranitar
|move|p2a: Alakazam|Substitute|p2a: Alakazam
|-start|p2a: Alakazam|Substitute
|-damage|p2a: Alakazam|189\/251
|
|-weather|Sandstorm|[upkeep]
|-damage|p2a: Alakazam|174\/251|[from] sandstorm
|turn|8
|
|move|p2a: Alakazam|Focus Blast|p1a: Tyranitar
|-supereffective|p1a: Tyranitar
|-damage|p1a: Tyranitar|0 fnt
|faint|p1a: Tyranitar
|
|-weather|Sandstorm|[upkeep]
|-damage|p2a: Alakazam|159\/251|[from] sandstorm
|
|switch|p1a: DrillBreaker|Excadrill, M|361\/361
|-ability|p1a: DrillBreaker|Mold Breaker
|turn|9
|
|move|p1a: DrillBreaker|Earthquake|p2a: Alakazam
|-end|p2a: Alakazam|Substitute
|move|p2a: Alakazam|Focus Blast|p1a: DrillBreaker|[miss]
|-miss|p2a: Alakazam|p1a: DrillBreaker
|
|-weather|Sandstorm|[upkeep]
|-damage|p2a: Alakazam|144\/251|[from] sandstorm
|turn|10
|
|switch|p2a: Heatran|Heatran, F|323\/323
|-item|p2a: Heatran|Air Balloon
|move|p1a: DrillBreaker|Earthquake|p2a: Heatran
|-immune|p2a: Heatran|[msg]
|
|-weather|Sandstorm|[upkeep]
|turn|11
|
|switch|p1a: Heatran|Heatran, M|323\/323
|move|p2a: Heatran|Stealth Rock|p1a: Heatran
|-sidestart|p1: RazShamir|move: Stealth Rock
|
|-weather|none
|turn|12
|
|move|p1a: Heatran|Flash Cannon|p2a: Heatran
|-resisted|p2a: Heatran
|-damage|p2a: Heatran|289\/323
|-enditem|p2a: Heatran|Air Balloon
|move|p2a: Heatran|Taunt|p1a: Heatran
|-start|p1a: Heatran|move: Taunt
|
|turn|13
|
|switch|p1a: RHCP|Rotom-Wash|156\/303
|-damage|p1a: RHCP|119\/303|[from] Stealth Rock
|move|p2a: Heatran|Earth Power|p1a: RHCP
|-immune|p1a: RHCP|[msg]
|
|-heal|p1a: RHCP|137\/303|[from] item: Leftovers
|turn|14
|
|move|p2a: Heatran|Taunt|p1a: RHCP
|-start|p1a: RHCP|move: Taunt
|cant|p1a: RHCP|move: Taunt|Pain Split
|
|-heal|p1a: RHCP|155\/303|[from] item: Leftovers
|turn|15
|
|move|p2a: Heatran|Flamethrower|p1a: RHCP
|-resisted|p1a: RHCP
|-damage|p1a: RHCP|82\/303
|-status|p1a: RHCP|brn
|move|p1a: RHCP|Volt Switch|p2a: Heatran
|-damage|p2a: Heatran|208\/323
|
|switch|p1a: Lopunny|Lopunny, M|255\/271
|-damage|p1a: Lopunny|222\/271|[from] Stealth Rock
|
|turn|16
|
|switch|p2a: Slowbro|Slowbro, M|393\/393
|detailschange|p1a: Lopunny|Lopunny-Mega, M
|-mega|p1a: Lopunny|Lopunny|Lopunnite
|move|p1a: Lopunny|High Jump Kick|p2a: Slowbro
|-resisted|p2a: Slowbro
|-damage|p2a: Slowbro|317\/393
|-damage|p1a: Lopunny|177\/271|[from] item: Rocky Helmet|[of] p2a: Slowbro
|
|turn|17
|
|switch|p1a: RHCP|Rotom-Wash|82\/303 brn
|-damage|p1a: RHCP|45\/303 brn|[from] Stealth Rock
|switch|p2a: Alakazam|Alakazam-Mega, F|144\/251
|-ability|p2a: Alakazam|Levitate|[from] ability: Trace|[of] p1a: RHCP
|
|-heal|p1a: RHCP|63\/303 brn|[from] item: Leftovers
|-damage|p1a: RHCP|26\/303 brn|[from] brn
|turn|18
|
|move|p2a: Alakazam|Psyshock|p1a: RHCP
|-damage|p1a: RHCP|0 fnt
|faint|p1a: RHCP
|
|
|switch|p1a: DrillBreaker|Excadrill, M|361\/361
|-damage|p1a: DrillBreaker|350\/361|[from] Stealth Rock
|-ability|p1a: DrillBreaker|Mold Breaker
|turn|19
|
|switch|p2a: Slowbro|Slowbro, M|393\/393
|move|p1a: DrillBreaker|Earthquake|p2a: Slowbro
|-damage|p2a: Slowbro|267\/393
|
|turn|20
|
|switch|p1a: Gengar|Gengar, F|235\/261
|-damage|p1a: Gengar|203\/261|[from] Stealth Rock
|move|p2a: Slowbro|Scald|p1a: Gengar
|-damage|p1a: Gengar|76\/261
|-status|p1a: Gengar|brn
|
|-damage|p1a: Gengar|44\/261 brn|[from] brn
|turn|21
|
|switch|p2a: Heatran|Heatran, F|208\/323
|move|p1a: Gengar|Shadow Ball|p2a: Heatran
|-damage|p2a: Heatran|47\/323
|-damage|p1a: Gengar|18\/261 brn|[from] item: Life Orb
|
|-damage|p1a: Gengar|0 fnt|[from] brn
|faint|p1a: Gengar
|
|switch|p1a: DrillBreaker|Excadrill, M|350\/361
|-damage|p1a: DrillBreaker|339\/361|[from] Stealth Rock
|-ability|p1a: DrillBreaker|Mold Breaker
|turn|22
|
|move|p1a: DrillBreaker|Earthquake|p2a: Heatran
|-supereffective|p2a: Heatran
|-damage|p2a: Heatran|0 fnt
|faint|p2a: Heatran
|
|
|switch|p2a: Slowbro|Slowbro, M|393\/393
|turn|23
|
|move|p1a: DrillBreaker|Earthquake|p2a: Slowbro
|-damage|p2a: Slowbro|272\/393
|move|p2a: Slowbro|Scald|p1a: DrillBreaker
|-crit|p1a: DrillBreaker
|-supereffective|p1a: DrillBreaker
|-damage|p1a: DrillBreaker|0 fnt
|faint|p1a: DrillBreaker
|
|
|switch|p1a: Heatran|Heatran, M|323\/323
|-damage|p1a: Heatran|283\/323|[from] Stealth Rock
|turn|24
|c|âG0tagofast|Do the crit mattered?
|
|move|p1a: Heatran|Overheat|p2a: Slowbro
|-crit|p2a: Slowbro
|-resisted|p2a: Slowbro
|-damage|p2a: Slowbro|48\/393
|-unboost|p1a: Heatran|spa|2
|move|p2a: Slowbro|Scald|p1a: Heatran
|-supereffective|p1a: Heatran
|-damage|p1a: Heatran|103\/323
|
|turn|25
|
|switch|p2a: Alakazam|Alakazam-Mega, F|144\/251
|-ability|p2a: Alakazam|Flash Fire|[from] ability: Trace|[of] p1a: Heatran
|move|p1a: Heatran|Overheat|p2a: Alakazam
|-start|p2a: Alakazam|ability: Flash Fire
|
|turn|26
|c|âRazShamir|yes!
|c|âG0tagofast|nah i dont think so
|c|âG0tagofast|excadrill is weak as fuck
|
|switch|p1a: Lopunny|Lopunny-Mega, M|177\/271
|-damage|p1a: Lopunny|161\/271|[from] Stealth Rock
|move|p2a: Alakazam|Substitute|p2a: Alakazam
|-start|p2a: Alakazam|Substitute
|-damage|p2a: Alakazam|82\/251
|
|turn|27
|c|âRazShamir|against slowbro yes
|c|âG0tagofast|lets do calcs
|
|move|p2a: Alakazam|Psyshock|p1a: Lopunny
|-supereffective|p1a: Lopunny
|-damage|p1a: Lopunny|0 fnt
|faint|p1a: Lopunny
|
|c|âG0tagofast|still u got a crit with ur heatran
|
|switch|p1a: Heatran|Heatran, M|103\/323
|-damage|p1a: Heatran|63\/323|[from] Stealth Rock
|turn|28
|c|âRazShamir|yea, the crit mattered
|c|âG0tagofast|40 SpA Slowbro Scald vs. 0 HP \/ 0 SpD Excadrill: 254-302 (70.3 - 83.6%) -- guaranteed 2HKO
|c|âG0tagofast|Still it was 2ko
|c|âRazShamir|yea
|
|move|p2a: Alakazam|Focus Blast|p1a: Heatran|[miss]
|-miss|p2a: Alakazam|p1a: Heatran
|move|p1a: Heatran|Flash Cannon|p2a: Alakazam
|-end|p2a: Alakazam|Substitute
|
|turn|29
|c|âG0tagofast|nothing wanted to change against alakazam
|
|move|p2a: Alakazam|Focus Blast|p1a: Heatran
|-supereffective|p1a: Heatran
|-damage|p1a: Heatran|0 fnt
|faint|p1a: Heatran
|
|win|G0tagofast
|raw|Ladder updating...
|raw|RazShamir's rating: 1406 &rarr; <strong>1384<\/strong><br \/>(-22 for losing)
|raw|G0tagofast's rating: 1379 &rarr; <strong>1400<\/strong><br \/>(+21 for winning)
|c|âRazShamir|gg
|c|âG0tagofast|gg