|join|masterkeks
|join|Pwocy
|player|p1|masterkeks|102
|player|p2|Pwocy|287
|gametype|singles
|gen|6
|tier|UU
|rated
|rule|Sleep Clause Mod: Limit one foe put to sleep
|rule|Species Clause: Limit one of each PokÃ©mon
|rule|OHKO Clause: OHKO moves are banned
|rule|Moody Clause: Moody is banned
|rule|Evasion Moves Clause: Evasion moves are banned
|rule|Endless Battle Clause: Forcing endless battles is banned
|rule|HP Percentage Mod: HP is shown in percentages
|clearpoke
|poke|p1|Galvantula, F
|poke|p1|Snorlax, M
|poke|p1|Vaporeon, M
|poke|p1|Donphan, F
|poke|p1|Scrafty, M
|poke|p1|Chandelure, F
|poke|p2|Blastoise, F
|poke|p2|Nidoqueen, F
|poke|p2|Honchkrow, M
|poke|p2|Hydreigon, F
|poke|p2|Crobat, M
|poke|p2|Vaporeon, M
|rule|Swagger Clause: Swagger is banned
|rule|Baton Pass Clause: Limit one PokÃ©mon knowing Baton Pass
|teampreview
|
|start
|switch|p1a: Donphan|Donphan, F|384\/384
|switch|p2a: Nidoqueen|Nidoqueen, F|353\/353
|turn|1
|
|switch|p2a: Blastoise|Blastoise, F|349\/349
|move|p1a: Donphan|Stealth Rock|p2a: Blastoise
|-sidestart|p2: Pwocy|move: Stealth Rock
|
|turn|2
|
|switch|p1a: Chandelure|Chandelure, F|262\/262
|detailschange|p2a: Blastoise|Blastoise-Mega, F
|-mega|p2a: Blastoise|Blastoise|Blastoisinite
|move|p2a: Blastoise|Water Pulse|p1a: Chandelure
|-crit|p1a: Chandelure
|-supereffective|p1a: Chandelure
|-damage|p1a: Chandelure|0 fnt
|faint|p1a: Chandelure
|
|
|switch|p1a: Galvantula|Galvantula, F|281\/281
|turn|3
|
|switch|p2a: Nidoqueen|Nidoqueen, F|353\/353
|-damage|p2a: Nidoqueen|331\/353|[from] Stealth Rock
|move|p1a: Galvantula|Volt Switch|p2a: Nidoqueen
|-immune|p2a: Nidoqueen|[msg]
|
|turn|4
|
|switch|p1a: Vaporeon|Vaporeon, M|464\/464
|move|p2a: Nidoqueen|Earth Power|p1a: Vaporeon
|-damage|p1a: Vaporeon|252\/464
|
|-heal|p1a: Vaporeon|281\/464|[from] item: Leftovers
|turn|5
|
|switch|p2a: Blastoise|Blastoise-Mega, F|349\/349
|-damage|p2a: Blastoise|306\/349|[from] Stealth Rock
|move|p1a: Vaporeon|Wish|p1a: Vaporeon
|
|-heal|p1a: Vaporeon|310\/464|[from] item: Leftovers
|turn|6
|
|move|p2a: Blastoise|Rapid Spin|p1a: Vaporeon
|-damage|p1a: Vaporeon|293\/464
|-sideend|p2: Pwocy|Stealth Rock|[from] move: Rapid Spin|[of] p2a: Blastoise
|move|p1a: Vaporeon|Toxic|p2a: Blastoise
|-status|p2a: Blastoise|tox
|
|-heal|p1a: Vaporeon|464\/464|[from] move: Wish|[wisher] Vaporeon
|-damage|p2a: Blastoise|285\/349 tox|[from] psn
|turn|7
|
|switch|p2a: Honchkrow|Honchkrow, M|341\/341
|move|p1a: Vaporeon|Scald|p2a: Honchkrow
|-damage|p2a: Honchkrow|173\/341
|
|turn|8
|
|switch|p1a: Donphan|Donphan, F|384\/384
|move|p2a: Honchkrow|Substitute|p2a: Honchkrow
|-start|p2a: Honchkrow|Substitute
|-damage|p2a: Honchkrow|88\/341
|
|turn|9
|
|move|p1a: Donphan|Ice Shard|p2a: Honchkrow
|-supereffective|p2a: Honchkrow
|-end|p2a: Honchkrow|Substitute
|move|p2a: Honchkrow|Roost|p2a: Honchkrow
|-heal|p2a: Honchkrow|259\/341
|
|turn|10
|
|switch|p2a: Blastoise|Blastoise-Mega, F|285\/349 tox
|move|p1a: Donphan|Stealth Rock|p2a: Blastoise
|-sidestart|p2: Pwocy|move: Stealth Rock
|
|-damage|p2a: Blastoise|264\/349 tox|[from] psn
|turn|11
|
|switch|p1a: Scrafty|Scrafty, M|272\/272
|move|p2a: Blastoise|Rapid Spin|p1a: Scrafty
|-damage|p1a: Scrafty|257\/272
|-sideend|p2: Pwocy|Stealth Rock|[from] move: Rapid Spin|[of] p2a: Blastoise
|
|-damage|p2a: Blastoise|222\/349 tox|[from] psn
|turn|12
|
|switch|p2a: Crobat|Crobat, M|343\/343
|move|p1a: Scrafty|Dragon Dance|p1a: Scrafty
|-boost|p1a: Scrafty|atk|1
|-boost|p1a: Scrafty|spe|1
|
|turn|13
|
|switch|p1a: Donphan|Donphan, F|384\/384
|move|p2a: Crobat|Brave Bird|p1a: Donphan
|-damage|p1a: Donphan|279\/384
|-damage|p2a: Crobat|308\/343|[from] recoil|[of] p1a: Donphan
|
|-heal|p2a: Crobat|329\/343|[from] item: Black Sludge
|-heal|p1a: Donphan|303\/384|[from] item: Leftovers
|turn|14
|
|move|p2a: Crobat|U-turn|p1a: Donphan
|-damage|p1a: Donphan|267\/384
|
|switch|p2a: Hydreigon|Hydreigon, F|325\/325
|move|p1a: Donphan|Earthquake|p2a: Hydreigon
|-immune|p2a: Hydreigon|[msg]
|
|-heal|p1a: Donphan|291\/384|[from] item: Leftovers
|turn|15
|
|switch|p1a: Snorlax|Snorlax, M|523\/523
|move|p2a: Hydreigon|Dark Pulse|p1a: Snorlax
|-damage|p1a: Snorlax|409\/523
|-damage|p2a: Hydreigon|293\/325|[from] item: Life Orb
|
|turn|16
|
|move|p2a: Hydreigon|Superpower|p1a: Snorlax
|-supereffective|p1a: Snorlax
|-damage|p1a: Snorlax|6\/523
|-unboost|p2a: Hydreigon|atk|1
|-unboost|p2a: Hydreigon|def|1
|-damage|p2a: Hydreigon|261\/325|[from] item: Life Orb
|move|p1a: Snorlax|Body Slam|p2a: Hydreigon
|-damage|p2a: Hydreigon|2\/325
|-status|p2a: Hydreigon|par
|
|turn|17
|
|move|p1a: Snorlax|Pursuit|p2a: Hydreigon
|-resisted|p2a: Hydreigon
|-damage|p2a: Hydreigon|0 fnt
|faint|p2a: Hydreigon
|
|
|switch|p2a: Honchkrow|Honchkrow, M|259\/341
|turn|18
|
|move|p2a: Honchkrow|Brave Bird|p1a: Snorlax
|-damage|p1a: Snorlax|0 fnt
|-damage|p2a: Honchkrow|257\/341|[from] recoil|[of] p1a: Snorlax
|-damage|p2a: Honchkrow|223\/341|[from] item: Life Orb
|faint|p1a: Snorlax
|-boost|p2a: Honchkrow|atk|1|[from] ability: Moxie
|
|
|switch|p1a: Donphan|Donphan, F|291\/384
|turn|19
|
|move|p2a: Honchkrow|Sucker Punch|p1a: Donphan
|-damage|p1a: Donphan|114\/384
|-damage|p2a: Honchkrow|189\/341|[from] item: Life Orb
|move|p1a: Donphan|Ice Shard|p2a: Honchkrow
|-crit|p2a: Honchkrow
|-supereffective|p2a: Honchkrow
|-damage|p2a: Honchkrow|11\/341
|
|-heal|p1a: Donphan|138\/384|[from] item: Leftovers
|turn|20
|
|move|p1a: Donphan|Ice Shard|p2a: Honchkrow
|-supereffective|p2a: Honchkrow
|-damage|p2a: Honchkrow|0 fnt
|faint|p2a: Honchkrow
|
|-heal|p1a: Donphan|162\/384|[from] item: Leftovers
|
|switch|p2a: Nidoqueen|Nidoqueen, F|331\/353
|turn|21
|
|move|p2a: Nidoqueen|Earth Power|p1a: Donphan
|-damage|p1a: Donphan|0 fnt
|faint|p1a: Donphan
|
|
|switch|p1a: Vaporeon|Vaporeon, M|464\/464
|turn|22
|
|switch|p2a: Vaporeon|Vaporeon, M|464\/464
|move|p1a: Vaporeon|Scald|p2a: Vaporeon
|-immune|p2a: Vaporeon|[msg]
|
|turn|23
|
|move|p1a: Vaporeon|Toxic|p2a: Vaporeon
|-status|p2a: Vaporeon|tox
|move|p2a: Vaporeon|Wish|p2a: Vaporeon
|
|-damage|p2a: Vaporeon|435\/464 tox|[from] psn
|turn|24
|
|move|p2a: Vaporeon|Heal Bell|p2a: Vaporeon
|-cureteam|p2a: Vaporeon|[from] move: HealBell
|move|p1a: Vaporeon|Scald|p2a: Vaporeon
|-heal|p2a: Vaporeon|464\/464|[from] ability: Water Absorb|[of] p1a: Vaporeon
|
|turn|25
|
|move|p2a: Vaporeon|Wish|p2a: Vaporeon
|move|p1a: Vaporeon|Toxic|p2a: Vaporeon
|-status|p2a: Vaporeon|tox
|
|-damage|p2a: Vaporeon|435\/464 tox|[from] psn
|turn|26
|
|switch|p2a: Blastoise|Blastoise-Mega, F|222\/349
|switch|p1a: Galvantula|Galvantula, F|281\/281
|
|-heal|p2a: Blastoise|349\/349|[from] move: Wish|[wisher] Vaporeon
|turn|27
|
|switch|p2a: Nidoqueen|Nidoqueen, F|331\/353
|move|p1a: Galvantula|Giga Drain|p2a: Nidoqueen
|-damage|p2a: Nidoqueen|204\/353
|
|turn|28
|
|switch|p1a: Vaporeon|Vaporeon, M|464\/464
|move|p2a: Nidoqueen|Earth Power|p1a: Vaporeon
|-damage|p1a: Vaporeon|253\/464
|
|-heal|p1a: Vaporeon|282\/464|[from] item: Leftovers
|turn|29
|
|move|p2a: Nidoqueen|Sludge Wave|p1a: Vaporeon
|-damage|p1a: Vaporeon|39\/464
|move|p1a: Vaporeon|Wish|p1a: Vaporeon
|
|-heal|p1a: Vaporeon|68\/464|[from] item: Leftovers
|turn|30
|
|switch|p1a: Scrafty|Scrafty, M|257\/272
|move|p2a: Nidoqueen|Stealth Rock|p1a: Scrafty
|-sidestart|p1: masterkeks|move: Stealth Rock
|
|-heal|p1a: Scrafty|272\/272|[from] move: Wish|[wisher] Vaporeon
|turn|31
|
|switch|p2a: Crobat|Crobat, M|329\/343
|move|p1a: Scrafty|Knock Off|p2a: Crobat
|-damage|p2a: Crobat|107\/343
|-enditem|p2a: Crobat|Black Sludge|[from] move: Knock Off|[of] p1a: Scrafty
|-damage|p1a: Scrafty|245\/272|[from] item: Life Orb
|
|turn|32
|
|switch|p1a: Vaporeon|Vaporeon, M|68\/464
|-damage|p1a: Vaporeon|10\/464|[from] Stealth Rock
|move|p2a: Crobat|Brave Bird|p1a: Vaporeon
|-damage|p1a: Vaporeon|0 fnt
|-damage|p2a: Crobat|104\/343|[from] recoil|[of] p1a: Vaporeon
|faint|p1a: Vaporeon
|
|
|switch|p1a: Galvantula|Galvantula, F|281\/281
|-damage|p1a: Galvantula|211\/281|[from] Stealth Rock
|turn|33
|
|move|p2a: Crobat|U-turn|p1a: Galvantula
|-damage|p1a: Galvantula|112\/281
|
|switch|p2a: Nidoqueen|Nidoqueen, F|204\/353
|move|p1a: Galvantula|Giga Drain|p2a: Nidoqueen
|-damage|p2a: Nidoqueen|73\/353
|-heal|p1a: Galvantula|178\/281|[from] drain|[of] p2a: Nidoqueen
|
|turn|34
|
|move|p1a: Galvantula|Giga Drain|p2a: Nidoqueen
|-damage|p2a: Nidoqueen|0 fnt
|-heal|p1a: Galvantula|215\/281|[from] drain|[of] p2a: Nidoqueen
|faint|p2a: Nidoqueen
|
|
|switch|p2a: Vaporeon|Vaporeon, M|435\/464 tox
|turn|35
|
|switch|p1a: Scrafty|Scrafty, M|245\/272
|-damage|p1a: Scrafty|228\/272|[from] Stealth Rock
|move|p2a: Vaporeon|Scald|p1a: Scrafty
|-damage|p1a: Scrafty|134\/272
|-status|p1a: Scrafty|brn
|
|-heal|p2a: Vaporeon|464\/464 tox|[from] item: Leftovers
|-damage|p1a: Scrafty|100\/272 brn|[from] brn
|-damage|p2a: Vaporeon|435\/464 tox|[from] psn
|turn|36
|
|move|p1a: Scrafty|Knock Off|p2a: Vaporeon
|-damage|p2a: Vaporeon|336\/464 tox
|-enditem|p2a: Vaporeon|Leftovers|[from] move: Knock Off|[of] p1a: Scrafty
|-damage|p1a: Scrafty|73\/272 brn|[from] item: Life Orb
|move|p2a: Vaporeon|Scald|p1a: Scrafty
|-damage|p1a: Scrafty|0 fnt
|faint|p1a: Scrafty
|
|-damage|p2a: Vaporeon|278\/464 tox|[from] psn
|
|switch|p1a: Galvantula|Galvantula, F|215\/281
|-damage|p1a: Galvantula|145\/281|[from] Stealth Rock
|turn|37
|
|move|p1a: Galvantula|Thunder|p2a: Vaporeon
|-supereffective|p2a: Vaporeon
|-damage|p2a: Vaporeon|0 fnt
|faint|p2a: Vaporeon
|
|
|switch|p2a: Crobat|Crobat, M|104\/343
|turn|38
|
|move|p2a: Crobat|Brave Bird|p1a: Galvantula
|-damage|p1a: Galvantula|0 fnt
|-damage|p2a: Crobat|56\/343|[from] recoil|[of] p1a: Galvantula
|faint|p1a: Galvantula
|
|win|Pwocy
|raw|Ladder updating...
|raw|masterkeks's rating: 1440 &rarr; <strong>1410<\/strong><br \/>(-30 for losing)
|raw|Pwocy's rating: 1249 &rarr; <strong>1286<\/strong><br \/>(+37 for winning)
|leave|masterkeks
|player|p1