|join|Wolfhead69
|join|masterkeks
|player|p1|Wolfhead69|169
|player|p2|masterkeks|265
|gametype|singles
|gen|6
|tier|UU
|rated
|rule|Sleep Clause Mod: Limit one foe put to sleep
|rule|Species Clause: Limit one of each PokÃ©mon
|rule|OHKO Clause: OHKO moves are banned
|rule|Moody Clause: Moody is banned
|rule|Evasion Moves Clause: Evasion moves are banned
|rule|Endless Battle Clause: Forcing endless battles is banned
|rule|HP Percentage Mod: HP is shown in percentages
|clearpoke
|poke|p1|Galvantula, M
|poke|p1|Empoleon, M
|poke|p1|Lucario, F
|poke|p1|Aerodactyl, F
|poke|p1|Donphan, F
|poke|p1|Chandelure, F
|poke|p2|Noivern, F
|poke|p2|Empoleon, F
|poke|p2|Celebi
|poke|p2|Infernape, F
|poke|p2|Nidoqueen, F
|poke|p2|Snorlax, M
|rule|Swagger Clause: Swagger is banned
|rule|Baton Pass Clause: Limit one PokÃ©mon knowing Baton Pass
|teampreview
|
|start
|switch|p1a: Galvantula|Galvantula, M|282\/282
|switch|p2a: Noivern|Noivern, F|311\/311
|turn|1
|
|move|p2a: Noivern|Flamethrower|p1a: Galvantula
|-supereffective|p1a: Galvantula
|-enditem|p1a: Galvantula|Focus Sash
|-damage|p1a: Galvantula|1\/282
|move|p1a: Galvantula|Sticky Web|p2a: Noivern
|-sidestart|p2: masterkeks|move: Sticky Web
|
|turn|2
|
|switch|p1a: Empoleon|Empoleon, M|372\/372
|move|p2a: Noivern|Flamethrower|p1a: Empoleon
|-damage|p1a: Empoleon|246\/372
|
|-heal|p1a: Empoleon|269\/372|[from] item: Leftovers
|turn|3
|
|switch|p2a: Celebi|Celebi|404\/404
|-activate|p2a: Celebi|move: Sticky Web
|-unboost|p2a: Celebi|spe|1
|switch|p1a: Donphan|Donphan, F|384\/384
|
|turn|4
|
|switch|p1a: Chandelure|Chandelure, F|262\/262
|move|p2a: Celebi|Giga Drain|p1a: Chandelure
|-resisted|p1a: Chandelure
|-damage|p1a: Chandelure|217\/262
|
|turn|5
|
|switch|p2a: Snorlax|Snorlax, M|523\/523
|-activate|p2a: Snorlax|move: Sticky Web
|-unboost|p2a: Snorlax|spe|1
|move|p1a: Chandelure|Trick|p2a: Snorlax
|-activate|p1a: Chandelure|move: Trick|[of] p2a: Snorlax
|-item|p2a: Snorlax|Choice Scarf|[from] move: Trick
|-item|p1a: Chandelure|Assault Vest|[from] move: Trick
|
|turn|6
|
|move|p2a: Snorlax|Pursuit|p1a: Chandelure|[from]Pursuit
|-supereffective|p1a: Chandelure
|-damage|p1a: Chandelure|5\/262
|switch|p1a: Donphan|Donphan, F|384\/384
|
|turn|7
|
|switch|p2a: Celebi|Celebi|404\/404
|-activate|p2a: Celebi|move: Sticky Web
|-unboost|p2a: Celebi|spe|1
|move|p1a: Donphan|Knock Off|p2a: Celebi
|-supereffective|p2a: Celebi
|-damage|p2a: Celebi|150\/404
|-enditem|p2a: Celebi|Leftovers|[from] move: Knock Off|[of] p1a: Donphan
|
|turn|8
|
|switch|p1a: Lucario|Lucario, F|282\/282
|move|p2a: Celebi|Giga Drain|p1a: Lucario
|-resisted|p1a: Lucario
|-damage|p1a: Lucario|228\/282
|-heal|p2a: Celebi|177\/404|[from] drain|[of] p1a: Lucario
|
|turn|9
|
|switch|p2a: Nidoqueen|Nidoqueen, F|384\/384
|-activate|p2a: Nidoqueen|move: Sticky Web
|-unboost|p2a: Nidoqueen|spe|1
|move|p1a: Lucario|Crunch|p2a: Nidoqueen
|-damage|p2a: Nidoqueen|240\/384
|-damage|p1a: Lucario|200\/282|[from] item: Life Orb
|
|turn|10
|
|switch|p1a: Aerodactyl|Aerodactyl, F|302\/302
|-ability|p1a: Aerodactyl|Unnerve|p2: masterkeks
|move|p2a: Nidoqueen|Thunderbolt|p1a: Aerodactyl
|-supereffective|p1a: Aerodactyl
|-damage|p1a: Aerodactyl|0 fnt
|faint|p1a: Aerodactyl
|
|
|switch|p1a: Chandelure|Chandelure, F|5\/262
|turn|11
|
|move|p1a: Chandelure|Fire Blast|p2a: Nidoqueen
|-damage|p2a: Nidoqueen|0 fnt
|faint|p2a: Nidoqueen
|
|
|switch|p2a: Infernape|Infernape, F|293\/293
|-activate|p2a: Infernape|move: Sticky Web
|-unboost|p2a: Infernape|spe|1
|turn|12
|
|move|p2a: Infernape|U-turn|p1a: Chandelure
|-resisted|p1a: Chandelure
|-damage|p1a: Chandelure|0 fnt
|faint|p1a: Chandelure
|
|switch|p2a: Noivern|Noivern, F|311\/311
|
|
|switch|p1a: Empoleon|Empoleon, M|269\/372
|turn|13
|
|switch|p2a: Snorlax|Snorlax, M|523\/523
|-activate|p2a: Snorlax|move: Sticky Web
|-unboost|p2a: Snorlax|spe|1
|move|p1a: Empoleon|Stealth Rock|p2a: Snorlax
|-sidestart|p2: masterkeks|move: Stealth Rock
|
|-heal|p1a: Empoleon|292\/372|[from] item: Leftovers
|turn|14
|
|switch|p1a: Donphan|Donphan, F|384\/384
|move|p2a: Snorlax|Earthquake|p1a: Donphan
|-damage|p1a: Donphan|284\/384
|
|-heal|p1a: Donphan|308\/384|[from] item: Leftovers
|turn|15
|
|switch|p2a: Noivern|Noivern, F|311\/311
|-damage|p2a: Noivern|234\/311|[from] Stealth Rock
|move|p1a: Donphan|Earthquake|p2a: Noivern
|-immune|p2a: Noivern|[msg]
|
|-heal|p1a: Donphan|332\/384|[from] item: Leftovers
|turn|16
|
|move|p1a: Donphan|Ice Shard|p2a: Noivern
|-supereffective|p2a: Noivern
|-damage|p2a: Noivern|0 fnt
|faint|p2a: Noivern
|
|-heal|p1a: Donphan|356\/384|[from] item: Leftovers
|
|switch|p2a: Empoleon|Empoleon, F|372\/372
|-damage|p2a: Empoleon|349\/372|[from] Stealth Rock
|-activate|p2a: Empoleon|move: Sticky Web
|-unboost|p2a: Empoleon|spe|1
|turn|17
|
|move|p1a: Donphan|Earthquake|p2a: Empoleon
|-supereffective|p2a: Empoleon
|-damage|p2a: Empoleon|49\/372
|move|p2a: Empoleon|Scald|p1a: Donphan
|-supereffective|p1a: Donphan
|-damage|p1a: Donphan|0 fnt
|faint|p1a: Donphan
|
|-heal|p2a: Empoleon|72\/372|[from] item: Leftovers
|
|switch|p1a: Galvantula|Galvantula, M|1\/282
|turn|18
|
|move|p1a: Galvantula|Thunder|p2a: Empoleon
|-supereffective|p2a: Empoleon
|-damage|p2a: Empoleon|0 fnt
|faint|p2a: Empoleon
|
|
|switch|p2a: Snorlax|Snorlax, M|523\/523
|-activate|p2a: Snorlax|move: Sticky Web
|-unboost|p2a: Snorlax|spe|1
|-damage|p2a: Snorlax|458\/523|[from] Stealth Rock
|turn|19
|
|move|p1a: Galvantula|Thunder|p2a: Snorlax
|-damage|p2a: Snorlax|314\/523
|move|p2a: Snorlax|Earthquake|p1a: Galvantula
|-damage|p1a: Galvantula|0 fnt
|faint|p1a: Galvantula
|
|
|switch|p1a: Lucario|Lucario, F|200\/282
|turn|20
|
|move|p1a: Lucario|Close Combat|p2a: Snorlax
|-crit|p2a: Snorlax
|-supereffective|p2a: Snorlax
|-damage|p2a: Snorlax|0 fnt
|-unboost|p1a: Lucario|def|1
|-unboost|p1a: Lucario|spd|1
|-damage|p1a: Lucario|172\/282|[from] item: Life Orb
|faint|p2a: Snorlax
|
|
|switch|p2a: Infernape|Infernape, F|293\/293
|-damage|p2a: Infernape|257\/293|[from] Stealth Rock
|-activate|p2a: Infernape|move: Sticky Web
|-unboost|p2a: Infernape|spe|1
|turn|21
|
|switch|p1a: Empoleon|Empoleon, M|292\/372
|move|p2a: Infernape|Close Combat|p1a: Empoleon
|-supereffective|p1a: Empoleon
|-damage|p1a: Empoleon|28\/372
|-unboost|p2a: Infernape|def|1
|-unboost|p2a: Infernape|spd|1
|
|-heal|p1a: Empoleon|51\/372|[from] item: Leftovers
|turn|22
|
|move|p2a: Infernape|Close Combat|p1a: Empoleon
|-supereffective|p1a: Empoleon
|-damage|p1a: Empoleon|0 fnt
|-unboost|p2a: Infernape|def|1
|-unboost|p2a: Infernape|spd|1
|faint|p1a: Empoleon
|
|
|switch|p1a: Lucario|Lucario, F|172\/282
|turn|23
|
|switch|p2a: Celebi|Celebi|177\/404
|-activate|p2a: Celebi|move: Sticky Web
|-unboost|p2a: Celebi|spe|1
|-damage|p2a: Celebi|127\/404|[from] Stealth Rock
|move|p1a: Lucario|Extreme Speed|p2a: Celebi
|-damage|p2a: Celebi|0 fnt
|-damage|p1a: Lucario|144\/282|[from] item: Life Orb
|faint|p2a: Celebi
|
|
|switch|p2a: Infernape|Infernape, F|257\/293
|-activate|p2a: Infernape|move: Sticky Web
|-unboost|p2a: Infernape|spe|1
|-damage|p2a: Infernape|221\/293|[from] Stealth Rock
|turn|24
|
|move|p1a: Lucario|Extreme Speed|p2a: Infernape
|-damage|p2a: Infernape|53\/293
|-damage|p1a: Lucario|116\/282|[from] item: Life Orb
|move|p2a: Infernape|Close Combat|p1a: Lucario
|-supereffective|p1a: Lucario
|-damage|p1a: Lucario|0 fnt
|-unboost|p2a: Infernape|def|1
|-unboost|p2a: Infernape|spd|1
|faint|p1a: Lucario
|
|win|masterkeks
|raw|Ladder updating...
|raw|Wolfhead69's rating: 1564 &rarr; <strong>1533<\/strong><br \/>(-31 for losing)
|raw|masterkeks's rating: 1367 &rarr; <strong>1397<\/strong><br \/>(+30 for winning)
|leave|Wolfhead69
|player|p1