|join|YoungsterJoey4477
|join|LHNAC
|player|p1|YoungsterJoey4477|3
|player|p2|LHNAC|1
|gametype|singles
|gen|6
|tier|ORAS OU
|rated
|rule|Sleep Clause Mod: Limit one foe put to sleep
|rule|Species Clause: Limit one of each PokÃ©mon
|rule|OHKO Clause: OHKO moves are banned
|rule|Moody Clause: Moody is banned
|rule|Evasion Moves Clause: Evasion moves are banned
|rule|Endless Battle Clause: Forcing endless battles is banned
|rule|HP Percentage Mod: HP is shown in percentages
|clearpoke
|poke|p1|Sableye, M
|poke|p1|Aromatisse, F
|poke|p1|Victini
|poke|p1|Cresselia, F
|poke|p1|Quagsire, M
|poke|p1|Druddigon, M
|poke|p2|Jolteon, F
|poke|p2|Talonflame, F
|poke|p2|Slowbro, F
|poke|p2|Excadrill, M
|poke|p2|Scizor, M
|poke|p2|Lopunny, F
|rule|Swagger Clause: Swagger is banned
|rule|Baton Pass Clause: Limit one PokÃ©mon knowing Baton Pass
|teampreview
|
|start
|switch|p1a: Cresselia|Cresselia, F|444\/444
|switch|p2a: Scizor|Scizor, M|306\/306
|turn|1
|
|move|p2a: Scizor|U-turn|p1a: Cresselia
|-supereffective|p1a: Cresselia
|-damage|p1a: Cresselia|198\/444
|
|switch|p2a: Excadrill|Excadrill, M|362\/362
|-ability|p2a: Excadrill|Mold Breaker
|move|p1a: Cresselia|Trick Room|p1a: Cresselia
|-fieldstart|move: Trick Room|[of] p1a: Cresselia
|
|-heal|p1a: Cresselia|225\/444|[from] item: Leftovers
|turn|2
|
|switch|p2a: Scizor|Scizor, M|306\/306
|move|p1a: Cresselia|Moonlight|p1a: Cresselia
|-heal|p1a: Cresselia|444\/444
|
|turn|3
|
|move|p1a: Cresselia|Reflect|p1a: Cresselia
|-sidestart|p1: YoungsterJoey4477|Reflect
|move|p2a: Scizor|Bug Bite|p1a: Cresselia
|-supereffective|p1a: Cresselia
|-damage|p1a: Cresselia|282\/444
|
|-heal|p1a: Cresselia|309\/444|[from] item: Leftovers
|turn|4
|
|move|p1a: Cresselia|Moonlight|p1a: Cresselia
|-heal|p1a: Cresselia|444\/444
|move|p2a: Scizor|Bug Bite|p1a: Cresselia
|-crit|p1a: Cresselia
|-supereffective|p1a: Cresselia
|-damage|p1a: Cresselia|0 fnt
|faint|p1a: Cresselia
|
|
|switch|p1a: Victini|Victini|404\/404
|turn|5
|
|switch|p2a: Slowbro|Slowbro, F|381\/381
|move|p1a: Victini|Bolt Strike|p2a: Slowbro
|-supereffective|p2a: Slowbro
|-damage|p2a: Slowbro|115\/381
|
|-heal|p2a: Slowbro|138\/381|[from] item: Leftovers
|-fieldend|move: Trick Room
|turn|6
|
|switch|p1a: Aromatisse|Aromatisse, F|406\/406
|switch|p2a: Jolteon|Jolteon, F|272\/272
|
|turn|7
|
|move|p2a: Jolteon|Volt Switch|p1a: Aromatisse
|-damage|p1a: Aromatisse|294\/406
|
|switch|p2a: Scizor|Scizor, M|306\/306
|move|p1a: Aromatisse|Trick Room|p1a: Aromatisse
|-fieldstart|move: Trick Room|[of] p1a: Aromatisse
|
|-heal|p1a: Aromatisse|319\/406|[from] item: Leftovers
|-sideend|p1: YoungsterJoey4477|Reflect
|turn|8
|
|move|p1a: Aromatisse|Protect|p1a: Aromatisse
|-singleturn|p1a: Aromatisse|Protect
|move|p2a: Scizor|Knock Off|p1a: Aromatisse
|-activate|p1a: Aromatisse|Protect
|
|-heal|p1a: Aromatisse|344\/406|[from] item: Leftovers
|turn|9
|
|switch|p1a: Sableye|Sableye, M|304\/304
|move|p2a: Scizor|Knock Off|p1a: Sableye
|-damage|p1a: Sableye|193\/304
|
|turn|10
|
|switch|p1a: Victini|Victini|404\/404
|switch|p2a: Jolteon|Jolteon, F|272\/272
|
|turn|11
|
|move|p1a: Victini|U-turn|p2a: Jolteon
|-damage|p2a: Jolteon|98\/272
|
|switch|p1a: Quagsire|Quagsire, M|394\/394
|move|p2a: Jolteon|Volt Switch|p1a: Quagsire
|-immune|p1a: Quagsire|[msg]
|
|-fieldend|move: Trick Room
|turn|12
|
|switch|p2a: Slowbro|Slowbro, F|265\/381
|move|p1a: Quagsire|Scald|p2a: Slowbro
|-resisted|p2a: Slowbro
|-damage|p2a: Slowbro|222\/381
|
|-heal|p2a: Slowbro|245\/381|[from] item: Leftovers
|turn|13
|
|move|p2a: Slowbro|Grass Knot|p1a: Quagsire
|-supereffective|p1a: Quagsire
|-damage|p1a: Quagsire|22\/394
|move|p1a: Quagsire|Toxic|p2a: Slowbro
|-status|p2a: Slowbro|tox
|
|-heal|p2a: Slowbro|268\/381 tox|[from] item: Leftovers
|-heal|p1a: Quagsire|46\/394|[from] item: Leftovers
|-damage|p2a: Slowbro|245\/381 tox|[from] psn
|turn|14
|
|switch|p2a: Scizor|Scizor, M|306\/306
|switch|p1a: Aromatisse|Aromatisse, F|344\/406
|
|-heal|p1a: Aromatisse|369\/406|[from] item: Leftovers
|turn|15
|
|move|p1a: Aromatisse|Protect|p1a: Aromatisse
|-singleturn|p1a: Aromatisse|Protect
|move|p2a: Scizor|Bullet Punch|p1a: Aromatisse
|-activate|p1a: Aromatisse|Protect
|
|-heal|p1a: Aromatisse|394\/406|[from] item: Leftovers
|turn|16
|
|move|p2a: Scizor|Bullet Punch|p1a: Aromatisse
|-supereffective|p1a: Aromatisse
|-damage|p1a: Aromatisse|32\/406
|move|p1a: Aromatisse|Wish|p1a: Aromatisse
|
|-heal|p1a: Aromatisse|57\/406|[from] item: Leftovers
|turn|17
|
|switch|p2a: Excadrill|Excadrill, M|362\/362
|-ability|p2a: Excadrill|Mold Breaker
|move|p1a: Aromatisse|Protect|p1a: Aromatisse
|-fail|p1a: Aromatisse
|
|-heal|p1a: Aromatisse|260\/406|[from] move: Wish|[wisher] Aromatisse
|-heal|p1a: Aromatisse|285\/406|[from] item: Leftovers
|turn|18
|
|switch|p1a: Quagsire|Quagsire, M|46\/394
|move|p2a: Excadrill|Iron Head|p1a: Quagsire
|-resisted|p1a: Quagsire
|-damage|p1a: Quagsire|0 fnt
|faint|p1a: Quagsire
|
|
|switch|p1a: Sableye|Sableye, M|193\/304
|turn|19
|
|switch|p2a: Jolteon|Jolteon, F|98\/272
|move|p1a: Sableye|Recover|p1a: Sableye
|-heal|p1a: Sableye|304\/304
|
|turn|20
|
|move|p1a: Sableye|Calm Mind|p1a: Sableye
|-boost|p1a: Sableye|spa|1
|-boost|p1a: Sableye|spd|1
|move|p2a: Jolteon|Thunderbolt|p1a: Sableye
|-damage|p1a: Sableye|169\/304
|
|turn|21
|
|move|p1a: Sableye|Calm Mind|p1a: Sableye
|-boost|p1a: Sableye|spa|1
|-boost|p1a: Sableye|spd|1
|move|p2a: Jolteon|Thunderbolt|p1a: Sableye
|-damage|p1a: Sableye|61\/304
|
|turn|22
|
|move|p1a: Sableye|Recover|p1a: Sableye
|-heal|p1a: Sableye|213\/304
|move|p2a: Jolteon|Thunderbolt|p1a: Sableye
|-damage|p1a: Sableye|99\/304
|
|turn|23
|
|switch|p2a: Talonflame|Talonflame, F|298\/298
|move|p1a: Sableye|Recover|p1a: Sableye
|-heal|p1a: Sableye|251\/304
|
|turn|24
|
|detailschange|p1a: Sableye|Sableye-Mega, M
|message|Sableye has Mega Evolved into Mega Sableye!
|move|p2a: Talonflame|Acrobatics|p1a: Sableye
|-damage|p1a: Sableye|167\/304
|move|p1a: Sableye|Recover|p1a: Sableye
|-heal|p1a: Sableye|304\/304
|
|turn|25
|
|move|p2a: Talonflame|Substitute|p2a: Talonflame
|-start|p2a: Talonflame|Substitute
|-damage|p2a: Talonflame|224\/298
|move|p1a: Sableye|Dark Pulse|p2a: Talonflame
|-end|p2a: Talonflame|Substitute
|
|turn|26
|
|move|p2a: Talonflame|Swords Dance|p2a: Talonflame
|-boost|p2a: Talonflame|atk|2
|move|p1a: Sableye|Dark Pulse|p2a: Talonflame
|-damage|p2a: Talonflame|17\/298
|
|turn|27
|
|move|p2a: Talonflame|Acrobatics|p1a: Sableye
|-damage|p1a: Sableye|133\/304
|move|p1a: Sableye|Dark Pulse|p2a: Talonflame
|-damage|p2a: Talonflame|0 fnt
|faint|p2a: Talonflame
|
|
|switch|p2a: Lopunny|Lopunny, F|272\/272
|turn|28
|
|switch|p1a: Aromatisse|Aromatisse, F|285\/406
|detailschange|p2a: Lopunny|Lopunny-Mega, F
|message|Lopunny has Mega Evolved into Mega Lopunny!
|move|p2a: Lopunny|Jump Kick|p1a: Aromatisse
|-resisted|p1a: Aromatisse
|-damage|p1a: Aromatisse|192\/406
|
|-heal|p1a: Aromatisse|217\/406|[from] item: Leftovers
|turn|29
|
|switch|p2a: Scizor|Scizor, M|306\/306
|move|p1a: Aromatisse|Protect|p1a: Aromatisse
|-fail|p1a: Aromatisse
|
|-heal|p1a: Aromatisse|242\/406|[from] item: Leftovers
|turn|30
|
|move|p1a: Aromatisse|Protect|p1a: Aromatisse
|-singleturn|p1a: Aromatisse|Protect
|move|p2a: Scizor|Bullet Punch|p1a: Aromatisse
|-activate|p1a: Aromatisse|Protect
|
|-heal|p1a: Aromatisse|267\/406|[from] item: Leftovers
|turn|31
|
|move|p2a: Scizor|Bullet Punch|p1a: Aromatisse
|-supereffective|p1a: Aromatisse
|-damage|p1a: Aromatisse|0 fnt
|faint|p1a: Aromatisse
|
|
|switch|p1a: Victini|Victini|404\/404
|turn|32
|
|switch|p2a: Jolteon|Jolteon, F|98\/272
|move|p1a: Victini|V-create|p2a: Jolteon
|-damage|p2a: Jolteon|0 fnt
|-unboost|p1a: Victini|def|1
|-unboost|p1a: Victini|spd|1
|-unboost|p1a: Victini|spe|1
|faint|p2a: Jolteon
|
|-message|YoungsterJoey4477 forfeited.
|
|win|LHNAC
|raw|Ladder updating...
|leave|YoungsterJoey4477
|player|p1
|raw|YoungsterJoey4477's rating: 1350 &rarr; <strong>1325<\/strong><br \/>(-25 for losing)
|raw|LHNAC's rating: 1257 &rarr; <strong>1288<\/strong><br \/>(+31 for winning)