|join|YoungsterJoey4477
|join|sand1234
|player|p1|YoungsterJoey4477|20
|player|p2|sand1234|284
|gametype|singles
|gen|6
|tier|OU
|rated
|clearpoke
|poke|p1|Espeon, F, shiny
|poke|p1|Manaphy
|poke|p1|Clefable, F, shiny
|poke|p1|Jirachi
|poke|p1|Gothitelle, F
|poke|p1|Scolipede, M, shiny
|poke|p2|Lopunny, M
|poke|p2|Talonflame, M
|poke|p2|Tyranitar, M
|poke|p2|Excadrill, F
|poke|p2|Heracross, F
|poke|p2|Manaphy
|rule|Swagger Clause: Swagger is banned
|rule|Baton Pass Clause: Limit one PokÃ©mon knowing Baton Pass
|rule|Sleep Clause Mod: Limit one foe put to sleep
|rule|Species Clause: Limit one of each PokÃ©mon
|rule|OHKO Clause: OHKO moves are banned
|rule|Moody Clause: Moody is banned
|rule|Evasion Moves Clause: Evasion moves are banned
|rule|Endless Battle Clause: Forcing endless battles is banned
|rule|HP Percentage Mod: HP is shown in percentages
|teampreview
|
|start
|switch|p1a: Jirachi|Jirachi|342\/342
|switch|p2a: Talonflame|Talonflame, M|297\/297
|turn|1
|
|move|p1a: Jirachi|Thunder Wave|p2a: Talonflame
|-status|p2a: Talonflame|par
|cant|p2a: Talonflame|par
|
|turn|2
|
|switch|p1a: Manaphy|Manaphy|404\/404
|move|p2a: Talonflame|Flare Blitz|p1a: Manaphy
|-resisted|p1a: Manaphy
|-damage|p1a: Manaphy|295\/404
|-damage|p2a: Talonflame|261\/297 par|[from] recoil|[of] p1a: Manaphy
|
|-heal|p1a: Manaphy|320\/404|[from] item: Leftovers
|turn|3
|
|switch|p1a: Gothitelle|Gothitelle, F|333\/333
|switch|p2a: Manaphy|Manaphy|375\/375
|
|turn|4
|
|move|p2a: Manaphy|Scald|p1a: Gothitelle
|-damage|p1a: Gothitelle|222\/333
|move|p1a: Gothitelle|Energy Ball|p2a: Manaphy
|-supereffective|p2a: Manaphy
|-damage|p2a: Manaphy|89\/375
|
|-heal|p2a: Manaphy|112\/375|[from] item: Leftovers
|turn|5
|
|move|p2a: Manaphy|Scald|p1a: Gothitelle
|-damage|p1a: Gothitelle|101\/333
|move|p1a: Gothitelle|Energy Ball|p2a: Manaphy
|-supereffective|p2a: Manaphy
|-damage|p2a: Manaphy|0 fnt
|faint|p2a: Manaphy
|
|
|switch|p2a: Excadrill|Excadrill, F|361\/361
|turn|6
|
|move|p2a: Excadrill|Iron Head|p1a: Gothitelle
|-damage|p1a: Gothitelle|0 fnt
|-damage|p2a: Excadrill|325\/361|[from] item: Life Orb
|faint|p1a: Gothitelle
|
|
|switch|p1a: Scolipede|Scolipede, M, shiny|323\/323
|turn|7
|
|move|p1a: Scolipede|Iron Defense|p1a: Scolipede
|-boost|p1a: Scolipede|def|2
|move|p2a: Excadrill|Rock Slide|p1a: Scolipede
|-supereffective|p1a: Scolipede
|-damage|p1a: Scolipede|211\/323
|-damage|p2a: Excadrill|289\/361|[from] item: Life Orb
|
|-boost|p1a: Scolipede|spe|1|[from] ability: Speed Boost
|turn|8
|
|switch|p2a: Tyranitar|Tyranitar, M|403\/403
|-weather|Sandstorm
|move|p1a: Scolipede|Iron Defense|p1a: Scolipede
|-boost|p1a: Scolipede|def|2
|
|-weather|Sandstorm|[upkeep]
|-damage|p1a: Scolipede|191\/323|[from] Sandstorm
|-boost|p1a: Scolipede|spe|1|[from] ability: Speed Boost
|turn|9
|
|move|p1a: Scolipede|Substitute|p1a: Scolipede
|-start|p1a: Scolipede|Substitute
|-damage|p1a: Scolipede|111\/323
|move|p2a: Tyranitar|Fire Blast|p1a: Scolipede
|-supereffective|p1a: Scolipede
|-end|p1a: Scolipede|Substitute
|
|-weather|Sandstorm|[upkeep]
|-damage|p1a: Scolipede|91\/323|[from] Sandstorm
|-boost|p1a: Scolipede|spe|1|[from] ability: Speed Boost
|turn|10
|
|move|p1a: Scolipede|Baton Pass|p1a: Scolipede
|
|switch|p1a: Clefable|Clefable, F, shiny|394\/394
|move|p2a: Tyranitar|Fire Blast|p1a: Clefable
|-damage|p1a: Clefable|286\/394
|
|-weather|Sandstorm|[upkeep]
|-damage|p1a: Clefable|262\/394|[from] Sandstorm
|-heal|p1a: Clefable|286\/394|[from] item: Leftovers
|turn|11
|
|move|p1a: Clefable|Calm Mind|p1a: Clefable
|-boost|p1a: Clefable|spa|1
|-boost|p1a: Clefable|spd|1
|move|p2a: Tyranitar|Thunderbolt|p1a: Clefable
|-damage|p1a: Clefable|229\/394
|
|-weather|Sandstorm|[upkeep]
|-damage|p1a: Clefable|205\/394|[from] Sandstorm
|-heal|p1a: Clefable|229\/394|[from] item: Leftovers
|turn|12
|
|switch|p2a: Excadrill|Excadrill, F|289\/361
|move|p1a: Clefable|Calm Mind|p1a: Clefable
|-boost|p1a: Clefable|spa|1
|-boost|p1a: Clefable|spd|1
|
|-weather|Sandstorm|[upkeep]
|-damage|p1a: Clefable|205\/394|[from] Sandstorm
|-heal|p1a: Clefable|229\/394|[from] item: Leftovers
|turn|13
|
|move|p2a: Excadrill|Iron Head|p1a: Clefable
|-supereffective|p1a: Clefable
|-damage|p1a: Clefable|65\/394
|-damage|p2a: Excadrill|253\/361|[from] item: Life Orb
|move|p1a: Clefable|Flamethrower|p2a: Excadrill
|-supereffective|p2a: Excadrill
|-damage|p2a: Excadrill|0 fnt
|faint|p2a: Excadrill
|
|-weather|Sandstorm|[upkeep]
|-damage|p1a: Clefable|41\/394|[from] Sandstorm
|-heal|p1a: Clefable|65\/394|[from] item: Leftovers
|
|switch|p2a: Talonflame|Talonflame, M|261\/297 par
|turn|14
|
|move|p2a: Talonflame|Brave Bird|p1a: Clefable
|-damage|p1a: Clefable|0 fnt
|-damage|p2a: Talonflame|240\/297 par|[from] recoil|[of] p1a: Clefable
|faint|p1a: Clefable
|
|-weather|Sandstorm|[upkeep]
|-damage|p2a: Talonflame|222\/297 par|[from] Sandstorm
|
|switch|p1a: Jirachi|Jirachi|342\/342
|turn|15
|
|move|p2a: Talonflame|Brave Bird|p1a: Jirachi
|-resisted|p1a: Jirachi
|-damage|p1a: Jirachi|235\/342
|-damage|p2a: Talonflame|187\/297 par|[from] recoil|[of] p1a: Jirachi
|move|p1a: Jirachi|Healing Wish|p1a: Jirachi
|faint|p1a: Jirachi
|
|-weather|none
|
|switch|p1a: Scolipede|Scolipede, M, shiny|91\/323
|-heal|p1a: Scolipede|323\/323|[from] move: Healing Wish
|turn|16
|
|switch|p1a: Espeon|Espeon, F, shiny|334\/334
|move|p2a: Talonflame|Brave Bird|p1a: Espeon
|-damage|p1a: Espeon|123\/334
|-damage|p2a: Talonflame|117\/297 par|[from] recoil|[of] p1a: Espeon
|
|-heal|p1a: Espeon|143\/334|[from] item: Leftovers
|turn|17
|
|move|p2a: Talonflame|Brave Bird|p1a: Espeon
|-crit|p1a: Espeon
|-damage|p1a: Espeon|0 fnt
|-damage|p2a: Talonflame|70\/297 par|[from] recoil|[of] p1a: Espeon
|faint|p1a: Espeon
|
|
|switch|p1a: Manaphy|Manaphy|320\/404
|turn|18
|
|cant|p2a: Talonflame|par
|move|p1a: Manaphy|Rain Dance|p1a: Manaphy
|-weather|RainDance
|
|-weather|RainDance|[upkeep]
|-heal|p1a: Manaphy|345\/404|[from] item: Leftovers
|turn|19
|
|move|p2a: Talonflame|Brave Bird|p1a: Manaphy
|-damage|p1a: Manaphy|150\/404
|-damage|p2a: Talonflame|6\/297 par|[from] recoil|[of] p1a: Manaphy
|move|p1a: Manaphy|Rest|p1a: Manaphy
|-status|p1a: Manaphy|slp
|-heal|p1a: Manaphy|404\/404 slp|[silent]
|-status|p1a: Manaphy|slp|[from] move: Rest
|
|-weather|RainDance|[upkeep]
|-curestatus|p1a: Manaphy|slp
|turn|20
|
|move|p2a: Talonflame|Brave Bird|p1a: Manaphy
|-crit|p1a: Manaphy
|-damage|p1a: Manaphy|104\/404
|-damage|p2a: Talonflame|0 fnt|[from] recoil|[of] p1a: Manaphy
|faint|p2a: Talonflame
|move|p1a: Manaphy|Rest|p1a: Manaphy
|-status|p1a: Manaphy|slp
|-heal|p1a: Manaphy|404\/404 slp|[silent]
|-status|p1a: Manaphy|slp|[from] move: Rest
|
|-weather|RainDance|[upkeep]
|-curestatus|p1a: Manaphy|slp
|
|switch|p2a: Tyranitar|Tyranitar, M|403\/403
|-weather|Sandstorm
|turn|21
|
|switch|p1a: Scolipede|Scolipede, M, shiny|323\/323
|move|p2a: Tyranitar|Thunderbolt|p1a: Scolipede
|-damage|p1a: Scolipede|191\/323
|
|-weather|Sandstorm|[upkeep]
|-damage|p1a: Scolipede|171\/323|[from] Sandstorm
|turn|22
|
|move|p1a: Scolipede|Protect|p1a: Scolipede
|-singleturn|p1a: Scolipede|Protect
|move|p2a: Tyranitar|Fire Blast|p1a: Scolipede
|-activate|p1a: Scolipede|Protect
|
|-weather|Sandstorm|[upkeep]
|-damage|p1a: Scolipede|151\/323|[from] Sandstorm
|-boost|p1a: Scolipede|spe|1|[from] ability: Speed Boost
|turn|23
|
|move|p1a: Scolipede|Substitute|p1a: Scolipede
|-start|p1a: Scolipede|Substitute
|-damage|p1a: Scolipede|71\/323
|move|p2a: Tyranitar|Fire Blast|p1a: Scolipede
|-supereffective|p1a: Scolipede
|-end|p1a: Scolipede|Substitute
|
|-weather|Sandstorm|[upkeep]
|-damage|p1a: Scolipede|51\/323|[from] Sandstorm
|-boost|p1a: Scolipede|spe|1|[from] ability: Speed Boost
|turn|24
|
|move|p1a: Scolipede|Baton Pass|p1a: Scolipede
|
|switch|p1a: Manaphy|Manaphy|404\/404
|move|p2a: Tyranitar|Thunderbolt|p1a: Manaphy
|-supereffective|p1a: Manaphy
|-damage|p1a: Manaphy|258\/404
|
|-weather|Sandstorm|[upkeep]
|-damage|p1a: Manaphy|233\/404|[from] Sandstorm
|-heal|p1a: Manaphy|258\/404|[from] item: Leftovers
|turn|25
|
|move|p1a: Manaphy|Rain Dance|p1a: Manaphy
|-weather|RainDance
|move|p2a: Tyranitar|Thunderbolt|p1a: Manaphy
|-crit|p1a: Manaphy
|-supereffective|p1a: Manaphy
|-damage|p1a: Manaphy|24\/404
|
|-weather|RainDance|[upkeep]
|-heal|p1a: Manaphy|49\/404|[from] item: Leftovers
|turn|26
|
|move|p1a: Manaphy|Rest|p1a: Manaphy
|-status|p1a: Manaphy|slp
|-heal|p1a: Manaphy|404\/404 slp|[silent]
|-status|p1a: Manaphy|slp|[from] move: Rest
|move|p2a: Tyranitar|Thunderbolt|p1a: Manaphy
|-supereffective|p1a: Manaphy
|-damage|p1a: Manaphy|264\/404 slp
|
|-weather|RainDance|[upkeep]
|-curestatus|p1a: Manaphy|slp
|-heal|p1a: Manaphy|289\/404|[from] item: Leftovers
|turn|27
|
|move|p1a: Manaphy|Calm Mind|p1a: Manaphy
|-boost|p1a: Manaphy|spa|1
|-boost|p1a: Manaphy|spd|1
|move|p2a: Tyranitar|Thunderbolt|p1a: Manaphy
|-supereffective|p1a: Manaphy
|-damage|p1a: Manaphy|187\/404
|
|-weather|RainDance|[upkeep]
|-heal|p1a: Manaphy|212\/404|[from] item: Leftovers
|turn|28
|
|switch|p2a: Heracross|Heracross, F|301\/301
|move|p1a: Manaphy|Calm Mind|p1a: Manaphy
|-boost|p1a: Manaphy|spa|1
|-boost|p1a: Manaphy|spd|1
|
|-weather|RainDance|[upkeep]
|-heal|p1a: Manaphy|237\/404|[from] item: Leftovers
|turn|29
|c|âsand1234|gg
|
|move|p1a: Manaphy|Scald|p2a: Heracross
|-damage|p2a: Heracross|1\/301
|move|p2a: Heracross|Close Combat|p1a: Manaphy
|-damage|p1a: Manaphy|51\/404
|-unboost|p2a: Heracross|def|1
|-unboost|p2a: Heracross|spd|1
|
|-weather|none
|-heal|p1a: Manaphy|76\/404|[from] item: Leftovers
|turn|30
|
|move|p1a: Manaphy|Scald|p2a: Heracross
|-damage|p2a: Heracross|0 fnt
|faint|p2a: Heracross
|
|-heal|p1a: Manaphy|101\/404|[from] item: Leftovers
|
|switch|p2a: Lopunny|Lopunny, M|271\/271
|turn|31
|
|detailschange|p2a: Lopunny|Lopunny-Mega, M
|-mega|p2a: Lopunny|Lopunny|Lopunnite
|move|p2a: Lopunny|Fake Out|p1a: Manaphy
|-damage|p1a: Manaphy|28\/404
|cant|p1a: Manaphy|flinch
|
|-heal|p1a: Manaphy|53\/404|[from] item: Leftovers
|turn|32
|
|move|p1a: Manaphy|Scald|p2a: Lopunny
|-damage|p2a: Lopunny|82\/271
|-status|p2a: Lopunny|brn
|move|p2a: Lopunny|Return|p1a: Manaphy
|-damage|p1a: Manaphy|0 fnt
|faint|p1a: Manaphy
|
|-damage|p2a: Lopunny|49\/271 brn|[from] brn
|
|switch|p1a: Scolipede|Scolipede, M, shiny|51\/323
|turn|33
|
|move|p2a: Lopunny|Return|p1a: Scolipede
|-damage|p1a: Scolipede|0 fnt
|faint|p1a: Scolipede
|
|win|sand1234
|raw|Ladder updating...
|raw|YoungsterJoey4477's rating: 1559 &rarr; <strong>1544<\/strong><br \/>(-15 for losing)
|raw|sand1234's rating: 1647 &rarr; <strong>1662<\/strong><br \/>(+15 for winning)
|c|âsand1234|gg
|leave|YoungsterJoey4477