|join|cifra00
|join|ianwarhead
|player|p1|cifra00|170
|player|p2|ianwarhead|92
|gametype|singles
|gen|6
|tier|ORAS OU
|rated
|rule|Sleep Clause Mod: Limit one foe put to sleep
|rule|Species Clause: Limit one of each PokÃ©mon
|rule|OHKO Clause: OHKO moves are banned
|rule|Moody Clause: Moody is banned
|rule|Evasion Moves Clause: Evasion moves are banned
|rule|Endless Battle Clause: Forcing endless battles is banned
|rule|HP Percentage Mod: HP is shown in percentages
|clearpoke
|poke|p1|Altaria, F
|poke|p1|Whimsicott, M
|poke|p1|Heatran, F
|poke|p1|Rotom-Wash
|poke|p1|Scizor, F
|poke|p1|Salamence, F
|poke|p2|Altaria, F
|poke|p2|Heatran, M
|poke|p2|Greninja, M, shiny
|poke|p2|Jolteon, M
|poke|p2|Gothitelle, F, shiny
|poke|p2|Crawdaunt, M
|rule|Swagger Clause: Swagger is banned
|rule|Baton Pass Clause: Limit one PokÃ©mon knowing Baton Pass
|teampreview
|
|start
|switch|p1a: Rotom-Wash|Rotom-Wash|241\/241
|switch|p2a: Jolteon|Jolteon, M|272\/272
|turn|1
|
|move|p1a: Rotom-Wash|Hydro Pump|p2a: Jolteon
|-damage|p2a: Jolteon|86\/272
|move|p2a: Jolteon|Volt Switch|p1a: Rotom-Wash
|-damage|p1a: Rotom-Wash|101\/241
|-damage|p2a: Jolteon|59\/272|[from] item: Life Orb
|
|switch|p2a: Altaria|Altaria, F|354\/354
|
|turn|2
|
|switch|p1a: Whimsicott|Whimsicott, M|261\/261
|detailschange|p2a: Altaria|Altaria-Mega, F
|message|Altaria has Mega Evolved into Mega Altaria!
|move|p2a: Altaria|Flamethrower|p1a: Whimsicott
|-supereffective|p1a: Whimsicott
|-damage|p1a: Whimsicott|65\/261
|
|-heal|p1a: Whimsicott|81\/261|[from] item: Leftovers
|turn|3
|
|switch|p2a: Crawdaunt|Crawdaunt, M|268\/268
|move|p1a: Whimsicott|Substitute|p1a: Whimsicott
|-start|p1a: Whimsicott|Substitute
|-damage|p1a: Whimsicott|16\/261
|
|-heal|p1a: Whimsicott|32\/261|[from] item: Leftovers
|turn|4
|
|move|p1a: Whimsicott|Leech Seed|p2a: Crawdaunt
|-start|p2a: Crawdaunt|move: Leech Seed
|move|p2a: Crawdaunt|Aqua Jet|p1a: Whimsicott
|-resisted|p1a: Whimsicott
|-activate|p1a: Whimsicott|Substitute|[damage]
|
|-heal|p1a: Whimsicott|48\/261|[from] item: Leftovers
|-damage|p2a: Crawdaunt|235\/268|[from] Leech Seed|[of] p1a: Whimsicott
|-heal|p1a: Whimsicott|81\/261|[silent]
|turn|5
|
|switch|p2a: Greninja|Greninja, M, shiny|286\/286
|move|p1a: Whimsicott|Encore|p2a: Greninja
|-fail|p2a: Greninja
|
|-heal|p1a: Whimsicott|97\/261|[from] item: Leftovers
|turn|6
|
|move|p2a: Greninja|U-turn|p1a: Whimsicott
|-start|p2a: Greninja|typechange|Bug|[from] Protean
|-crit|p1a: Whimsicott
|-end|p1a: Whimsicott|Substitute
|
|switch|p2a: Gothitelle|Gothitelle, F, shiny|344\/344
|move|p1a: Whimsicott|U-turn|p2a: Gothitelle
|-supereffective|p2a: Gothitelle
|-damage|p2a: Gothitelle|258\/344
|
|switch|p1a: Scizor|Scizor, F|344\/344
|
|turn|7
|
|switch|p2a: Heatran|Heatran, M|386\/386
|move|p1a: Scizor|U-turn|p2a: Heatran
|-resisted|p2a: Heatran
|-damage|p2a: Heatran|356\/386
|
|switch|p1a: Heatran|Heatran, F|386\/386
|
|-heal|p2a: Heatran|380\/386|[from] item: Leftovers
|turn|8
|
|move|p1a: Heatran|Stealth Rock|p2a: Heatran
|-sidestart|p2: ianwarhead|move: Stealth Rock
|move|p2a: Heatran|Substitute|p2a: Heatran
|-start|p2a: Heatran|Substitute
|-damage|p2a: Heatran|284\/386
|
|-heal|p2a: Heatran|308\/386|[from] item: Leftovers
|turn|9
|
|move|p1a: Heatran|Protect|p1a: Heatran
|-singleturn|p1a: Heatran|Protect
|move|p2a: Heatran|Flash Cannon|p1a: Heatran
|-activate|p1a: Heatran|Protect
|
|-heal|p2a: Heatran|332\/386|[from] item: Leftovers
|turn|10
|
|switch|p2a: Gothitelle|Gothitelle, F, shiny|258\/344
|-damage|p2a: Gothitelle|215\/344|[from] Stealth Rock
|move|p1a: Heatran|Roar|p2a: Gothitelle
|drag|p2a: Jolteon|Jolteon, M|59\/272
|-damage|p2a: Jolteon|25\/272|[from] Stealth Rock
|
|turn|11
|
|move|p1a: Heatran|Protect|p1a: Heatran
|-singleturn|p1a: Heatran|Protect
|move|p2a: Jolteon|Work Up|p2a: Jolteon
|-boost|p2a: Jolteon|atk|1
|-boost|p2a: Jolteon|spa|1
|
|turn|12
|
|move|p2a: Jolteon|Volt Switch|p1a: Heatran
|-damage|p1a: Heatran|244\/386
|-damage|p2a: Jolteon|0 fnt|[from] item: Life Orb
|faint|p2a: Jolteon
|move|p1a: Heatran|Lava Plume|p2: Jolteon|[notarget]
|-notarget
|
|-heal|p1a: Heatran|268\/386|[from] item: Leftovers
|
|switch|p2a: Crawdaunt|Crawdaunt, M|235\/268
|-damage|p2a: Crawdaunt|202\/268|[from] Stealth Rock
|turn|13
|
|switch|p1a: Whimsicott|Whimsicott, M|97\/261
|move|p2a: Crawdaunt|Waterfall|p1a: Whimsicott
|-resisted|p1a: Whimsicott
|-damage|p1a: Whimsicott|18\/261
|
|-heal|p1a: Whimsicott|34\/261|[from] item: Leftovers
|-heal|p2a: Crawdaunt|218\/268|[from] item: Leftovers
|turn|14
|
|move|p1a: Whimsicott|U-turn|p2a: Crawdaunt
|-supereffective|p2a: Crawdaunt
|-damage|p2a: Crawdaunt|122\/268
|
|switch|p1a: Salamence|Salamence, F|331\/331
|move|p2a: Crawdaunt|Waterfall|p1a: Salamence
|-resisted|p1a: Salamence
|-damage|p1a: Salamence|203\/331
|
|-heal|p2a: Crawdaunt|138\/268|[from] item: Leftovers
|turn|15
|
|switch|p2a: Altaria|Altaria-Mega, F|354\/354
|-damage|p2a: Altaria|310\/354|[from] Stealth Rock
|move|p1a: Salamence|Dragon Claw|p2a: Altaria
|-immune|p2a: Altaria|[msg]
|
|turn|16
|
|switch|p1a: Whimsicott|Whimsicott, M|34\/261
|move|p2a: Altaria|Hyper Voice|p1a: Whimsicott
|-damage|p1a: Whimsicott|0 fnt
|faint|p1a: Whimsicott
|
|
|switch|p1a: Scizor|Scizor, F|344\/344
|turn|17
|
|move|p1a: Scizor|Bullet Punch|p2a: Altaria
|-supereffective|p2a: Altaria
|-damage|p2a: Altaria|152\/354
|move|p2a: Altaria|Flamethrower|p1a: Scizor
|-supereffective|p1a: Scizor
|-damage|p1a: Scizor|0 fnt
|faint|p1a: Scizor
|
|
|switch|p1a: Heatran|Heatran, F|268\/386
|turn|18
|
|switch|p2a: Gothitelle|Gothitelle, F, shiny|215\/344
|-damage|p2a: Gothitelle|172\/344|[from] Stealth Rock
|move|p1a: Heatran|Roar|p2a: Gothitelle
|drag|p2a: Crawdaunt|Crawdaunt, M|138\/268
|-damage|p2a: Crawdaunt|105\/268|[from] Stealth Rock
|
|-heal|p2a: Crawdaunt|121\/268|[from] item: Leftovers
|-heal|p1a: Heatran|292\/386|[from] item: Leftovers
|turn|19
|
|switch|p1a: Rotom-Wash|Rotom-Wash|101\/241
|move|p2a: Crawdaunt|Crunch|p1a: Rotom-Wash
|-damage|p1a: Rotom-Wash|0 fnt
|faint|p1a: Rotom-Wash
|
|-heal|p2a: Crawdaunt|137\/268|[from] item: Leftovers
|
|switch|p1a: Altaria|Altaria, F|291\/291
|turn|20
|
|detailschange|p1a: Altaria|Altaria-Mega, F
|message|Altaria has Mega Evolved into Mega Altaria!
|move|p1a: Altaria|Dragon Dance|p1a: Altaria
|-boost|p1a: Altaria|atk|1
|-boost|p1a: Altaria|spe|1
|move|p2a: Crawdaunt|Crunch|p1a: Altaria
|-crit|p1a: Altaria
|-resisted|p1a: Altaria
|-damage|p1a: Altaria|133\/291
|-unboost|p1a: Altaria|def|1
|
|-heal|p2a: Crawdaunt|153\/268|[from] item: Leftovers
|turn|21
|
|switch|p2a: Heatran|Heatran, M|332\/386
|-damage|p2a: Heatran|284\/386|[from] Stealth Rock
|move|p1a: Altaria|Return|p2a: Heatran
|-resisted|p2a: Heatran
|-damage|p2a: Heatran|205\/386
|
|-heal|p2a: Heatran|229\/386|[from] item: Leftovers
|turn|22
|
|move|p1a: Altaria|Earthquake|p2a: Heatran
|-supereffective|p2a: Heatran
|-damage|p2a: Heatran|0 fnt
|faint|p2a: Heatran
|
|
|switch|p2a: Greninja|Greninja, M, shiny|286\/286
|-damage|p2a: Greninja|251\/286|[from] Stealth Rock
|turn|23
|
|move|p2a: Greninja|Ice Beam|p1a: Altaria
|-start|p2a: Greninja|typechange|Ice|[from] Protean
|-supereffective|p1a: Altaria
|-damage|p1a: Altaria|0 fnt
|faint|p1a: Altaria
|
|
|switch|p1a: Heatran|Heatran, F|292\/386
|turn|24
|
|switch|p2a: Altaria|Altaria-Mega, F|152\/354
|-damage|p2a: Altaria|108\/354|[from] Stealth Rock
|move|p1a: Heatran|Lava Plume|p2a: Altaria
|-resisted|p2a: Altaria
|-damage|p2a: Altaria|54\/354
|
|-heal|p1a: Heatran|316\/386|[from] item: Leftovers
|turn|25
|
|move|p2a: Altaria|Hyper Voice|p1a: Heatran
|-resisted|p1a: Heatran
|-damage|p1a: Heatran|280\/386
|move|p1a: Heatran|Lava Plume|p2a: Altaria
|-resisted|p2a: Altaria
|-damage|p2a: Altaria|1\/354
|
|-heal|p1a: Heatran|304\/386|[from] item: Leftovers
|turn|26
|
|move|p2a: Altaria|Hyper Voice|p1a: Heatran
|-crit|p1a: Heatran
|-resisted|p1a: Heatran
|-damage|p1a: Heatran|251\/386
|move|p1a: Heatran|Roar|p2a: Altaria
|drag|p2a: Crawdaunt|Crawdaunt, M|153\/268
|-damage|p2a: Crawdaunt|120\/268|[from] Stealth Rock
|
|-heal|p2a: Crawdaunt|136\/268|[from] item: Leftovers
|-heal|p1a: Heatran|275\/386|[from] item: Leftovers
|turn|27
|
|move|p2a: Crawdaunt|Waterfall|p1a: Heatran
|-supereffective|p1a: Heatran
|-damage|p1a: Heatran|0 fnt
|faint|p1a: Heatran
|
|-heal|p2a: Crawdaunt|152\/268|[from] item: Leftovers
|
|switch|p1a: Salamence|Salamence, F|203\/331
|turn|28
|
|move|p1a: Salamence|Outrage|p2a: Crawdaunt
|-damage|p2a: Crawdaunt|0 fnt
|faint|p2a: Crawdaunt
|-boost|p1a: Salamence|atk|1|[from] ability: Moxie
|
|
|switch|p2a: Greninja|Greninja, M, shiny|251\/286
|-damage|p2a: Greninja|216\/286|[from] Stealth Rock
|turn|29
|
|move|p2a: Greninja|Ice Beam|p1a: Salamence
|-start|p2a: Greninja|typechange|Ice|[from] Protean
|-supereffective|p1a: Salamence
|-damage|p1a: Salamence|0 fnt
|faint|p1a: Salamence
|
|win|ianwarhead
|raw|Ladder updating...
|raw|cifra00's rating: 1310 &rarr; <strong>1295<\/strong><br \/>(-15 for losing)
|raw|ianwarhead's rating: 1406 &rarr; <strong>1421<\/strong><br \/>(+15 for winning)
|leave|cifra00
|player|p1