|join|blackwing zero
|join|cifra00
|player|p1|blackwing zero|266
|player|p2|cifra00|170
|gametype|singles
|gen|6
|tier|OU
|rated
|clearpoke
|poke|p1|Salamence, M
|poke|p1|Serperior, M
|poke|p1|Bisharp, M
|poke|p1|Skarmory, M
|poke|p1|Thundurus, M
|poke|p1|Gyarados, M
|poke|p2|Skarmory, M
|poke|p2|Heatran, F
|poke|p2|Chansey, F
|poke|p2|Whimsicott, F
|poke|p2|Gothitelle, M
|poke|p2|Sableye, M
|rule|Swagger Clause: Swagger is banned
|rule|Baton Pass Clause: Limit one PokÃ©mon knowing Baton Pass
|rule|Sleep Clause Mod: Limit one foe put to sleep
|rule|Species Clause: Limit one of each PokÃ©mon
|rule|OHKO Clause: OHKO moves are banned
|rule|Moody Clause: Moody is banned
|rule|Evasion Moves Clause: Evasion moves are banned
|rule|Endless Battle Clause: Forcing endless battles is banned
|rule|HP Percentage Mod: HP is shown in percentages
|teampreview
|
|start
|switch|p1a: Thundurus|Thundurus, M|299\/299
|switch|p2a: Whimsicott|Whimsicott, F|262\/262
|turn|1
|
|switch|p2a: Chansey|Chansey, F|642\/642
|move|p1a: Thundurus|Taunt|p2a: Chansey
|-start|p2a: Chansey|move: Taunt
|
|turn|2
|
|move|p1a: Thundurus|Thunderbolt|p2a: Chansey
|-damage|p2a: Chansey|539\/642
|-damage|p1a: Thundurus|270\/299|[from] item: Life Orb
|move|p2a: Chansey|Seismic Toss|p1a: Thundurus
|-damage|p1a: Thundurus|170\/299
|
|turn|3
|
|move|p1a: Thundurus|Superpower|p2a: Chansey
|-supereffective|p2a: Chansey
|-damage|p2a: Chansey|157\/642
|-unboost|p1a: Thundurus|atk|1
|-unboost|p1a: Thundurus|def|1
|-damage|p1a: Thundurus|141\/299|[from] item: Life Orb
|move|p2a: Chansey|Seismic Toss|p1a: Thundurus
|-damage|p1a: Thundurus|41\/299
|
|turn|4
|
|switch|p2a: Whimsicott|Whimsicott, F|262\/262
|move|p1a: Thundurus|Thunderbolt|p2a: Whimsicott
|-resisted|p2a: Whimsicott
|-damage|p2a: Whimsicott|161\/262
|-status|p2a: Whimsicott|par
|-damage|p1a: Thundurus|12\/299|[from] item: Life Orb
|
|-heal|p2a: Whimsicott|177\/262 par|[from] item: Leftovers
|turn|5
|
|move|p2a: Whimsicott|Substitute|p2a: Whimsicott
|-start|p2a: Whimsicott|Substitute
|-damage|p2a: Whimsicott|112\/262 par
|move|p1a: Thundurus|Taunt|p2a: Whimsicott
|-start|p2a: Whimsicott|move: Taunt
|
|-heal|p2a: Whimsicott|128\/262 par|[from] item: Leftovers
|turn|6
|
|switch|p1a: Skarmory|Skarmory, M|271\/271
|cant|p2a: Whimsicott|par
|
|-heal|p2a: Whimsicott|144\/262 par|[from] item: Leftovers
|turn|7
|
|move|p1a: Skarmory|Stealth Rock|p2a: Whimsicott
|-sidestart|p2: cifra00|move: Stealth Rock
|move|p2a: Whimsicott|Knock Off|p1a: Skarmory
|-damage|p1a: Skarmory|230\/271
|-enditem|p1a: Skarmory|Mental Herb|[from] move: Knock Off|[of] p2a: Whimsicott
|
|-heal|p2a: Whimsicott|160\/262 par|[from] item: Leftovers
|turn|8
|
|switch|p2a: Gothitelle|Gothitelle, M|282\/282
|-damage|p2a: Gothitelle|247\/282|[from] Stealth Rock
|move|p1a: Skarmory|Iron Head|p2a: Gothitelle
|-damage|p2a: Gothitelle|139\/282
|
|turn|9
|
|move|p1a: Skarmory|Iron Head|p2a: Gothitelle
|-damage|p2a: Gothitelle|28\/282
|move|p2a: Gothitelle|Thunderbolt|p1a: Skarmory
|-supereffective|p1a: Skarmory
|-damage|p1a: Skarmory|0 fnt
|faint|p1a: Skarmory
|
|
|switch|p1a: Serperior|Serperior, M|291\/291
|turn|10
|
|switch|p2a: Heatran|Heatran, F|386\/386
|-damage|p2a: Heatran|338\/386|[from] Stealth Rock
|move|p1a: Serperior|Leaf Storm|p2a: Heatran
|-resisted|p2a: Heatran
|-damage|p2a: Heatran|300\/386
|-boost|p1a: Serperior|spa|2
|-damage|p1a: Serperior|262\/291|[from] item: Life Orb
|
|-heal|p2a: Heatran|324\/386|[from] item: Leftovers
|turn|11
|
|move|p1a: Serperior|Taunt|p2a: Heatran
|-start|p2a: Heatran|move: Taunt
|cant|p2a: Heatran|move: Taunt|Stealth Rock
|
|-heal|p2a: Heatran|348\/386|[from] item: Leftovers
|turn|12
|
|switch|p1a: Thundurus|Thundurus, M|12\/299
|move|p2a: Heatran|Lava Plume|p1a: Thundurus
|-damage|p1a: Thundurus|0 fnt
|faint|p1a: Thundurus
|
|-heal|p2a: Heatran|372\/386|[from] item: Leftovers
|
|switch|p1a: Gyarados|Gyarados, M|331\/331
|-ability|p1a: Gyarados|Intimidate|[of] p2a: Heatran
|-unboost|p2a: Heatran|atk|1
|turn|13
|
|switch|p2a: Whimsicott|Whimsicott, F|160\/262 par
|-damage|p2a: Whimsicott|128\/262 par|[from] Stealth Rock
|detailschange|p1a: Gyarados|Gyarados-Mega, M
|-mega|p1a: Gyarados|Gyarados|Gyaradosite
|-ability|p1a: Gyarados|Mold Breaker
|move|p1a: Gyarados|Earthquake|p2a: Whimsicott
|-resisted|p2a: Whimsicott
|-damage|p2a: Whimsicott|75\/262 par
|
|-heal|p2a: Whimsicott|91\/262 par|[from] item: Leftovers
|turn|14
|
|cant|p2a: Whimsicott|par
|move|p1a: Gyarados|Waterfall|p2a: Whimsicott
|-resisted|p2a: Whimsicott
|-damage|p2a: Whimsicott|26\/262 par
|
|-heal|p2a: Whimsicott|42\/262 par|[from] item: Leftovers
|turn|15
|
|switch|p1a: Serperior|Serperior, M|262\/291
|cant|p2a: Whimsicott|par
|
|-heal|p2a: Whimsicott|58\/262 par|[from] item: Leftovers
|turn|16
|
|switch|p2a: Heatran|Heatran, F|372\/386
|-damage|p2a: Heatran|324\/386|[from] Stealth Rock
|move|p1a: Serperior|Leaf Storm|p2a: Heatran
|-resisted|p2a: Heatran
|-damage|p2a: Heatran|290\/386
|-boost|p1a: Serperior|spa|2
|-damage|p1a: Serperior|233\/291|[from] item: Life Orb
|
|-heal|p2a: Heatran|314\/386|[from] item: Leftovers
|turn|17
|
|move|p1a: Serperior|Taunt|p2a: Heatran
|-start|p2a: Heatran|move: Taunt
|move|p2a: Heatran|Lava Plume|p1a: Serperior
|-supereffective|p1a: Serperior
|-damage|p1a: Serperior|0 fnt
|faint|p1a: Serperior
|
|-heal|p2a: Heatran|338\/386|[from] item: Leftovers
|
|switch|p1a: Salamence|Salamence, M|331\/331
|turn|18
|
|switch|p1a: Bisharp|Bisharp, M|271\/271
|switch|p2a: Whimsicott|Whimsicott, F|58\/262 par
|-damage|p2a: Whimsicott|26\/262 par|[from] Stealth Rock
|
|-heal|p2a: Whimsicott|42\/262 par|[from] item: Leftovers
|turn|19
|
|move|p2a: Whimsicott|Leech Seed|p1a: Bisharp
|-start|p1a: Bisharp|move: Leech Seed
|move|p1a: Bisharp|Iron Head|p2a: Whimsicott
|-supereffective|p2a: Whimsicott
|-damage|p2a: Whimsicott|0 fnt
|faint|p2a: Whimsicott
|
|
|switch|p2a: Sableye|Sableye, M|304\/304
|-damage|p2a: Sableye|266\/304|[from] Stealth Rock
|turn|20
|
|move|p2a: Sableye|Will-O-Wisp|p1a: Bisharp
|-status|p1a: Bisharp|brn
|move|p1a: Bisharp|Swords Dance|p1a: Bisharp
|-boost|p1a: Bisharp|atk|2
|
|-damage|p1a: Bisharp|238\/271 brn|[from] Leech Seed|[of] p2a: Sableye
|-heal|p2a: Sableye|299\/304|[silent]
|-damage|p1a: Bisharp|205\/271 brn|[from] brn
|turn|21
|
|switch|p2a: Skarmory|Skarmory, M|334\/334
|-damage|p2a: Skarmory|293\/334|[from] Stealth Rock
|move|p1a: Bisharp|Swords Dance|p1a: Bisharp
|-boost|p1a: Bisharp|atk|2
|
|-heal|p2a: Skarmory|313\/334|[from] item: Leftovers
|-damage|p1a: Bisharp|172\/271 brn|[from] Leech Seed|[of] p2a: Skarmory
|-heal|p2a: Skarmory|334\/334|[silent]
|-damage|p1a: Bisharp|139\/271 brn|[from] brn
|turn|22
|
|move|p1a: Bisharp|Knock Off|p2a: Skarmory
|-damage|p2a: Skarmory|138\/334
|-enditem|p2a: Skarmory|Leftovers|[from] move: Knock Off|[of] p1a: Bisharp
|move|p2a: Skarmory|Defog|p1a: Bisharp
|-unboost|p1a: Bisharp|evasion|1
|-boost|p1a: Bisharp|atk|2|[from] ability: Defiant
|-sideend|p2: cifra00|Stealth Rock|[from] move: Defog|[of] p2a: Skarmory
|
|-damage|p1a: Bisharp|106\/271 brn|[from] Leech Seed|[of] p2a: Skarmory
|-heal|p2a: Skarmory|171\/334|[silent]
|-damage|p1a: Bisharp|73\/271 brn|[from] brn
|turn|23
|
|switch|p2a: Gothitelle|Gothitelle, M|28\/282
|move|p1a: Bisharp|Iron Head|p2a: Gothitelle
|-damage|p2a: Gothitelle|0 fnt
|faint|p2a: Gothitelle
|
|-damage|p1a: Bisharp|40\/271 brn|[from] brn
|
|switch|p2a: Chansey|Chansey, F|157\/642
|turn|24
|
|move|p2a: Chansey|Protect|p2a: Chansey
|-singleturn|p2a: Chansey|Protect
|move|p1a: Bisharp|Knock Off|p2a: Chansey
|-activate|p2a: Chansey|Protect
|
|-damage|p1a: Bisharp|7\/271 brn|[from] Leech Seed|[of] p2a: Chansey
|-heal|p2a: Chansey|190\/642|[silent]
|-damage|p1a: Bisharp|0 fnt|[from] brn
|faint|p1a: Bisharp
|
|switch|p1a: Salamence|Salamence, M|331\/331
|turn|25
|
|switch|p2a: Skarmory|Skarmory, M|171\/334
|move|p1a: Salamence|Outrage|p2a: Skarmory
|-resisted|p2a: Skarmory
|-damage|p2a: Skarmory|114\/334
|
|turn|26
|
|move|p1a: Salamence|Outrage|p2a: Skarmory
|-resisted|p2a: Skarmory
|-damage|p2a: Skarmory|54\/334
|move|p2a: Skarmory|Roost|p2a: Skarmory
|-heal|p2a: Skarmory|221\/334
|
|turn|27
|
|move|p1a: Salamence|Outrage|p2a: Skarmory
|-resisted|p2a: Skarmory
|-damage|p2a: Skarmory|159\/334
|move|p2a: Skarmory|Roost|p2a: Skarmory
|-heal|p2a: Skarmory|326\/334
|
|-end|p1a: Salamence|rampage
|-start|p1a: Salamence|confusion
|turn|28
|
|switch|p1a: Gyarados|Gyarados-Mega, M|331\/331
|-ability|p1a: Gyarados|Mold Breaker
|move|p2a: Skarmory|Spikes|p1a: Gyarados
|-sidestart|p1: blackwing zero|Spikes
|
|turn|29
|
|move|p1a: Gyarados|Dragon Dance|p1a: Gyarados
|-boost|p1a: Gyarados|atk|1
|-boost|p1a: Gyarados|spe|1
|move|p2a: Skarmory|Whirlwind|p1a: Gyarados
|drag|p1a: Salamence|Salamence, M|331\/331
|
|turn|30
|
|switch|p2a: Heatran|Heatran, F|338\/386
|move|p1a: Salamence|Dragon Claw|p2a: Heatran
|-resisted|p2a: Heatran
|-damage|p2a: Heatran|265\/386
|
|-heal|p2a: Heatran|289\/386|[from] item: Leftovers
|turn|31
|
|switch|p1a: Gyarados|Gyarados-Mega, M|331\/331
|-damage|p1a: Gyarados|290\/331|[from] Spikes
|-ability|p1a: Gyarados|Mold Breaker
|move|p2a: Heatran|Stealth Rock|p1a: Gyarados
|-sidestart|p1: blackwing zero|move: Stealth Rock
|
|-heal|p2a: Heatran|313\/386|[from] item: Leftovers
|turn|32
|
|switch|p2a: Skarmory|Skarmory, M|326\/334
|move|p1a: Gyarados|Dragon Dance|p1a: Gyarados
|-boost|p1a: Gyarados|atk|1
|-boost|p1a: Gyarados|spe|1
|
|turn|33
|
|move|p1a: Gyarados|Waterfall|p2a: Skarmory
|-damage|p2a: Skarmory|185\/334
|move|p2a: Skarmory|Whirlwind|p1a: Gyarados
|drag|p1a: Salamence|Salamence, M|331\/331
|-damage|p1a: Salamence|249\/331|[from] Stealth Rock
|
|turn|34
|
|move|p1a: Salamence|Fire Blast|p2a: Skarmory|[miss]
|-miss|p1a: Salamence|p2a: Skarmory
|move|p2a: Skarmory|Whirlwind|p1a: Salamence
|drag|p1a: Gyarados|Gyarados-Mega, M|290\/331
|-damage|p1a: Gyarados|249\/331|[from] Spikes
|-damage|p1a: Gyarados|208\/331|[from] Stealth Rock
|-ability|p1a: Gyarados|Mold Breaker
|
|turn|35
|
|move|p1a: Gyarados|Waterfall|p2a: Skarmory
|-crit|p2a: Skarmory
|-damage|p2a: Skarmory|47\/334
|move|p2a: Skarmory|Whirlwind|p1a: Gyarados
|drag|p1a: Salamence|Salamence, M|249\/331
|-damage|p1a: Salamence|167\/331|[from] Stealth Rock
|
|turn|36
|
|move|p1a: Salamence|Outrage|p2a: Skarmory
|-resisted|p2a: Skarmory
|-damage|p2a: Skarmory|0 fnt
|faint|p2a: Skarmory
|-boost|p1a: Salamence|atk|1|[from] ability: Moxie
|
|
|switch|p2a: Heatran|Heatran, F|313\/386
|turn|37
|
|move|p1a: Salamence|Outrage|p2a: Heatran
|-resisted|p2a: Heatran
|-damage|p2a: Heatran|154\/386
|move|p2a: Heatran|Lava Plume|p1a: Salamence
|-resisted|p1a: Salamence
|-damage|p1a: Salamence|90\/331
|-status|p1a: Salamence|brn
|
|-end|p1a: Salamence|rampage
|-start|p1a: Salamence|confusion
|-heal|p2a: Heatran|178\/386|[from] item: Leftovers
|-damage|p1a: Salamence|49\/331 brn|[from] brn
|turn|38
|
|switch|p2a: Chansey|Chansey, F|190\/642
|-activate|p1a: Salamence|confusion
|-damage|p1a: Salamence|7\/331 brn|[from] confusion
|
|-damage|p1a: Salamence|0 fnt|[from] brn
|faint|p1a: Salamence
|
|switch|p1a: Gyarados|Gyarados-Mega, M|208\/331
|-damage|p1a: Gyarados|167\/331|[from] Spikes
|-damage|p1a: Gyarados|126\/331|[from] Stealth Rock
|-ability|p1a: Gyarados|Mold Breaker
|turn|39
|
|move|p1a: Gyarados|Waterfall|p2a: Chansey
|-damage|p2a: Chansey|0 fnt
|faint|p2a: Chansey
|
|
|switch|p2a: Sableye|Sableye, M|299\/304
|turn|40
|
|move|p2a: Sableye|Will-O-Wisp|p1a: Gyarados
|-status|p1a: Gyarados|brn
|move|p1a: Gyarados|Dragon Dance|p1a: Gyarados
|-boost|p1a: Gyarados|atk|1
|-boost|p1a: Gyarados|spe|1
|
|-damage|p1a: Gyarados|85\/331 brn|[from] brn
|turn|41
|
|detailschange|p2a: Sableye|Sableye-Mega, M
|-mega|p2a: Sableye|Sableye|Sablenite
|move|p2a: Sableye|Recover|p2a: Sableye
|-heal|p2a: Sableye|304\/304
|move|p1a: Gyarados|Crunch|p2a: Sableye
|-damage|p2a: Sableye|234\/304
|
|-damage|p1a: Gyarados|44\/331 brn|[from] brn
|turn|42
|
|move|p1a: Gyarados|Waterfall|p2a: Sableye
|-damage|p2a: Sableye|155\/304
|cant|p2a: Sableye|flinch
|
|-damage|p1a: Gyarados|3\/331 brn|[from] brn
|turn|43
|
|move|p1a: Gyarados|Waterfall|p2a: Sableye
|-damage|p2a: Sableye|83\/304
|move|p2a: Sableye|Recover|p2a: Sableye
|-heal|p2a: Sableye|235\/304
|
|-damage|p1a: Gyarados|0 fnt|[from] brn
|faint|p1a: Gyarados
|
|win|cifra00
|raw|Ladder updating...
|raw|blackwing zero's rating: 1595 &rarr; <strong>1573<\/strong><br \/>(-22 for losing)
|raw|cifra00's rating: 1563 &rarr; <strong>1585<\/strong><br \/>(+22 for winning)