|join|Devon27
|join|Click Fight Move
|player|p1|Devon27|265
|player|p2|Click Fight Move|160
|gametype|singles
|gen|6
|tier|UU
|rated
|rule|Sleep Clause Mod: Limit one foe put to sleep
|rule|Species Clause: Limit one of each PokÃ©mon
|rule|OHKO Clause: OHKO moves are banned
|rule|Moody Clause: Moody is banned
|rule|Evasion Moves Clause: Evasion moves are banned
|rule|Endless Battle Clause: Forcing endless battles is banned
|rule|HP Percentage Mod: HP is shown in percentages
|clearpoke
|poke|p1|Donphan, M
|poke|p1|Aggron, F
|poke|p1|Florges, F
|poke|p1|Machamp, M
|poke|p1|Hydreigon, M
|poke|p1|Trevenant, M
|poke|p2|Cobalion
|poke|p2|Hydreigon, M
|poke|p2|Blissey, F
|poke|p2|Reuniclus, M
|poke|p2|Tentacruel, M
|poke|p2|Vaporeon, M
|rule|Swagger Clause: Swagger is banned
|rule|Baton Pass Clause: Limit one PokÃ©mon knowing Baton Pass
|teampreview
|join|watfor
|join|Bob the Bro
|c|âDevon27|fan club over here
|c| Bob the Bro|????????????????????????????????????????????????????
|c|âClick Fight Move|n_n
|c| watfor|yea he is sherfu
|
|start
|switch|p1a: Arms|Machamp, M|363\/363
|switch|p2a: Reuniclus|Reuniclus, M|424\/424
|turn|1
|c|âDevon27|shofu?
|c| Bob the Bro|chofu
|c|âClick Fight Move|yes
|c| Bob the Bro|coz he has a chode
|
|move|p1a: Arms|Knock Off|p2a: Reuniclus
|-supereffective|p2a: Reuniclus
|-damage|p2a: Reuniclus|206\/424
|-enditem|p2a: Reuniclus|Leftovers|[from] move: Knock Off|[of] p1a: Arms
|move|p2a: Reuniclus|Psyshock|p1a: Arms
|-supereffective|p1a: Arms
|-damage|p1a: Arms|103\/363
|
|turn|2
|c|âDevon27|I'm gonna be famous
|join|DrReuniclus3
|c|âClick Fight Move|im not recording
|
|move|p1a: Arms|Knock Off|p2a: Reuniclus
|-supereffective|p2a: Reuniclus
|-damage|p2a: Reuniclus|62\/424
|move|p2a: Reuniclus|Recover|p2a: Reuniclus
|-heal|p2a: Reuniclus|274\/424
|
|turn|3
|c| DrReuniclus3|OMG
|c| DrReuniclus3|ITS SHOFU
|
|move|p1a: Arms|Dynamic Punch|p2a: Reuniclus
|-resisted|p2a: Reuniclus
|-damage|p2a: Reuniclus|196\/424
|-start|p2a: Reuniclus|confusion
|-activate|p2a: Reuniclus|confusion
|move|p2a: Reuniclus|Recover|p2a: Reuniclus
|-heal|p2a: Reuniclus|408\/424
|
|turn|4
|c| watfor|yea
|c|âDevon27|now I am so stressed about predicting
|
|switch|p1a: Svenja|Florges, F|359\/359
|-activate|p2a: Reuniclus|confusion
|-damage|p2a: Reuniclus|393\/424|[from] confusion
|
|turn|5
|
|move|p1a: Svenja|Moonblast|p2a: Reuniclus
|-damage|p2a: Reuniclus|246\/424
|-activate|p2a: Reuniclus|confusion
|-damage|p2a: Reuniclus|232\/424|[from] confusion
|
|turn|6
|
|move|p1a: Svenja|Moonblast|p2a: Reuniclus
|-crit|p2a: Reuniclus
|-damage|p2a: Reuniclus|13\/424
|-end|p2a: Reuniclus|confusion
|move|p2a: Reuniclus|Recover|p2a: Reuniclus
|-heal|p2a: Reuniclus|225\/424
|
|turn|7
|c|âClick Fight Move|reuniclus pls
|c|âClick Fight Move|okay thank you
|c| DrReuniclus3|sry
|
|move|p1a: Svenja|Moonblast|p2a: Reuniclus
|-damage|p2a: Reuniclus|93\/424
|-unboost|p2a: Reuniclus|spa|1
|move|p2a: Reuniclus|Recover|p2a: Reuniclus
|-heal|p2a: Reuniclus|305\/424
|
|turn|8
|join|ULT Lapraz
|
|move|p1a: Svenja|Moonblast|p2a: Reuniclus
|-damage|p2a: Reuniclus|176\/424
|move|p2a: Reuniclus|Recover|p2a: Reuniclus
|-heal|p2a: Reuniclus|388\/424
|
|turn|9
|
|move|p1a: Svenja|Moonblast|p2a: Reuniclus
|-damage|p2a: Reuniclus|235\/424
|move|p2a: Reuniclus|Calm Mind|p2a: Reuniclus
|-boost|p2a: Reuniclus|spa|1
|-boost|p2a: Reuniclus|spd|1
|
|turn|10
|c| DrReuniclus3|I'll do better
|c|âClick Fight Move|please do
|c|âDevon27|oh
|c|âDevon27|it's this set
|join|Kurolisia
|
|move|p1a: Svenja|Wish|p1a: Svenja
|move|p2a: Reuniclus|Recover|p2a: Reuniclus
|-heal|p2a: Reuniclus|424\/424
|
|turn|11
|
|switch|p1a: Thornwald|Trevenant, M|373\/373
|move|p2a: Reuniclus|Calm Mind|p2a: Reuniclus
|-boost|p2a: Reuniclus|spa|1
|-boost|p2a: Reuniclus|spd|1
|
|turn|12
|c| watfor|oh yea shofu why aren't you using your iconic mon darmaniman???
|
|move|p1a: Thornwald|Will-O-Wisp|p2a: Reuniclus
|-status|p2a: Reuniclus|brn
|move|p2a: Reuniclus|Psyshock|p1a: Thornwald
|-damage|p1a: Thornwald|234\/373
|
|-heal|p1a: Thornwald|257\/373|[from] item: Leftovers
|turn|13
|c|âDevon27|-.-
|c|âDevon27|not what I wanted
|c|âClick Fight Move|because yolo
|
|switch|p2a: Hydreigon|Hydreigon, M|325\/325
|move|p1a: Thornwald|Leech Seed|p2a: Hydreigon
|-start|p2a: Hydreigon|move: Leech Seed
|
|-heal|p1a: Thornwald|280\/373|[from] item: Leftovers
|-damage|p2a: Hydreigon|285\/325|[from] Leech Seed|[of] p1a: Thornwald
|-heal|p1a: Thornwald|320\/373|[silent]
|turn|14
|c| DrReuniclus3|shofu why did you switch out there?
|leave|ULT Lapraz
|c|âClick Fight Move|because
|
|switch|p2a: Tentacruel|Tentacruel, M|359\/359
|switch|p1a: Arms|Machamp, M|103\/363
|
|turn|15
|c|âClick Fight Move|yolo
|join|Acemanassasin
|
|move|p2a: Tentacruel|Scald|p1a: Arms
|-damage|p1a: Arms|39\/363
|-status|p1a: Arms|brn
|move|p1a: Arms|Knock Off|p2a: Tentacruel
|-damage|p2a: Tentacruel|303\/359
|-enditem|p2a: Tentacruel|Black Sludge|[from] move: Knock Off|[of] p1a: Arms
|
|-damage|p1a: Arms|0 fnt|[from] brn
|faint|p1a: Arms
|c| watfor|shofu why do you only upload won games
|c|âClick Fight Move|because
|c|âClick Fight Move|yolo
|c| Bob the Bro|shofu what is your opinion regarding the recent terror attack in paris
|c|âClick Fight Move|yolo
|c|âDevon27|lol
|c|âClick Fight Move|but forreal
|c|âClick Fight Move|that was fucked up
|
|switch|p1a: Thornwald|Trevenant, M|320\/373
|turn|16
|c| watfor|on a scale of 1 to 10 how fucked up was that
|
|move|p2a: Tentacruel|Toxic Spikes|p1a: Thornwald
|-sidestart|p1: Devon27|move: Toxic Spikes
|move|p1a: Thornwald|Leech Seed|p2a: Tentacruel
|-start|p2a: Tentacruel|move: Leech Seed
|
|-heal|p1a: Thornwald|343\/373|[from] item: Leftovers
|-damage|p2a: Tentacruel|259\/359|[from] Leech Seed|[of] p1a: Thornwald
|-damage|p1a: Thornwald|299\/373|[from] ability: Liquid Ooze|[of] p2a: Tentacruel
|turn|17
|c|âClick Fight Move|10
|
|move|p2a: Tentacruel|Toxic Spikes|p1a: Thornwald
|-sidestart|p1: Devon27|move: Toxic Spikes
|move|p1a: Thornwald|Will-O-Wisp|p2a: Tentacruel
|-status|p2a: Tentacruel|brn
|
|-heal|p1a: Thornwald|322\/373|[from] item: Leftovers
|-damage|p2a: Tentacruel|215\/359 brn|[from] Leech Seed|[of] p1a: Thornwald
|-damage|p1a: Thornwald|278\/373|[from] ability: Liquid Ooze|[of] p2a: Tentacruel
|-damage|p2a: Tentacruel|171\/359 brn|[from] brn
|turn|18
|c| watfor|yea
|
|move|p1a: Thornwald|Protect|p1a: Thornwald
|-singleturn|p1a: Thornwald|Protect
|move|p2a: Tentacruel|Toxic|p1a: Thornwald
|-activate|p1a: Thornwald|Protect
|
|-heal|p1a: Thornwald|301\/373|[from] item: Leftovers
|-damage|p2a: Tentacruel|127\/359 brn|[from] Leech Seed|[of] p1a: Thornwald
|-damage|p1a: Thornwald|257\/373|[from] ability: Liquid Ooze|[of] p2a: Tentacruel
|-damage|p2a: Tentacruel|83\/359 brn|[from] brn
|turn|19
|
|move|p2a: Tentacruel|Toxic|p1a: Thornwald
|-status|p1a: Thornwald|tox
|move|p1a: Thornwald|Horn Leech|p2a: Tentacruel
|-damage|p2a: Tentacruel|0 fnt
|-damage|p1a: Thornwald|215\/373 tox|[from] ability: Liquid Ooze|[of] p2a: Tentacruel
|faint|p2a: Tentacruel
|
|-heal|p1a: Thornwald|238\/373 tox|[from] item: Leftovers
|-damage|p1a: Thornwald|215\/373 tox|[from] psn
|
|switch|p2a: Hydreigon|Hydreigon, M|285\/325
|turn|20
|
|move|p1a: Thornwald|Protect|p1a: Thornwald
|-singleturn|p1a: Thornwald|Protect
|move|p2a: Hydreigon|Dark Pulse|p1a: Thornwald
|-activate|p1a: Thornwald|Protect
|
|-heal|p1a: Thornwald|238\/373 tox|[from] item: Leftovers
|-damage|p1a: Thornwald|192\/373 tox|[from] psn
|turn|21
|
|switch|p1a: Svenja|Florges, F|359\/359
|-status|p1a: Svenja|tox
|move|p2a: Hydreigon|Flash Cannon|p1a: Svenja
|-supereffective|p1a: Svenja
|-damage|p1a: Svenja|224\/359 tox
|-damage|p2a: Hydreigon|253\/325|[from] item: Life Orb
|
|-heal|p1a: Svenja|246\/359 tox|[from] item: Leftovers
|-damage|p1a: Svenja|224\/359 tox|[from] psn
|turn|22
|c|âClick Fight Move|dmg
|c|âDevon27|I thought you were choiced
|
|switch|p2a: Cobalion|Cobalion|323\/323
|move|p1a: Svenja|Moonblast|p2a: Cobalion
|-damage|p2a: Cobalion|164\/323
|-unboost|p2a: Cobalion|spa|1
|
|-heal|p1a: Svenja|246\/359 tox|[from] item: Leftovers
|-damage|p1a: Svenja|202\/359 tox|[from] psn
|turn|23
|
|move|p2a: Cobalion|Iron Head|p1a: Svenja
|-supereffective|p1a: Svenja
|-damage|p1a: Svenja|0 fnt
|faint|p1a: Svenja
|
|
|switch|p1a: Not Ampharos (|Aggron, F|343\/343
|turn|24
|join|Colbrushie
|
|switch|p2a: Hydreigon|Hydreigon, M|253\/325
|detailschange|p1a: Not Ampharos (|Aggron-Mega, F
|-mega|p1a: Not Ampharos (|Aggron|Aggronite
|move|p1a: Not Ampharos (|Heavy Slam|p2a: Hydreigon
|-damage|p2a: Hydreigon|136\/325
|
|turn|25
|
|switch|p1a: Thornwald|Trevenant, M|192\/373
|-status|p1a: Thornwald|tox
|move|p2a: Hydreigon|Dark Pulse|p1a: Thornwald
|-supereffective|p1a: Thornwald
|-damage|p1a: Thornwald|0 fnt
|-damage|p2a: Hydreigon|104\/325|[from] item: Life Orb
|faint|p1a: Thornwald
|
|
|switch|p1a: Hydra|Hydreigon, M|325\/325
|turn|26
|leave|Acemanassasin
|
|switch|p2a: Blissey|Blissey, F|714\/714
|move|p1a: Hydra|Draco Meteor|p2a: Blissey
|-damage|p2a: Blissey|512\/714
|-unboost|p1a: Hydra|spa|2
|
|-heal|p2a: Blissey|556\/714|[from] item: Leftovers
|turn|27
|
|switch|p1a: Not Ampharos (|Aggron-Mega, F|343\/343
|move|p2a: Blissey|Seismic Toss|p1a: Not Ampharos (
|-damage|p1a: Not Ampharos (|243\/343
|
|-heal|p2a: Blissey|600\/714|[from] item: Leftovers
|turn|28
|
|switch|p2a: Vaporeon|Vaporeon, M|464\/464
|move|p1a: Not Ampharos (|Heavy Slam|p2a: Vaporeon
|-resisted|p2a: Vaporeon
|-damage|p2a: Vaporeon|360\/464
|
|-heal|p2a: Vaporeon|389\/464|[from] item: Leftovers
|turn|29
|
|move|p2a: Vaporeon|Scald|p1a: Not Ampharos (
|-damage|p1a: Not Ampharos (|153\/343
|move|p1a: Not Ampharos (|Earthquake|p2a: Vaporeon
|-damage|p2a: Vaporeon|278\/464
|
|-heal|p2a: Vaporeon|307\/464|[from] item: Leftovers
|turn|30
|leave|Colbrushie
|join|Colbrushie
|
|switch|p1a: Hydra|Hydreigon, M|325\/325
|move|p2a: Vaporeon|Scald|p1a: Hydra
|-resisted|p1a: Hydra
|-damage|p1a: Hydra|272\/325
|-status|p1a: Hydra|brn
|
|-heal|p2a: Vaporeon|336\/464|[from] item: Leftovers
|-damage|p1a: Hydra|232\/325 brn|[from] brn
|turn|31
|
|move|p2a: Vaporeon|Protect|p2a: Vaporeon
|-singleturn|p2a: Vaporeon|Protect
|move|p1a: Hydra|Dark Pulse|p2a: Vaporeon
|-activate|p2a: Vaporeon|Protect
|
|-heal|p2a: Vaporeon|365\/464|[from] item: Leftovers
|-damage|p1a: Hydra|192\/325 brn|[from] brn
|turn|32
|
|switch|p1a: Slam Dunk|Donphan, M|363\/363
|-status|p1a: Slam Dunk|tox
|move|p2a: Vaporeon|Wish|p2a: Vaporeon
|
|-heal|p2a: Vaporeon|394\/464|[from] item: Leftovers
|-damage|p1a: Slam Dunk|341\/363 tox|[from] psn
|turn|33
|
|move|p2a: Vaporeon|Scald|p1a: Slam Dunk
|-supereffective|p1a: Slam Dunk
|-damage|p1a: Slam Dunk|15\/363 tox
|move|p1a: Slam Dunk|Stealth Rock|p2a: Vaporeon
|-sidestart|p2: Click Fight Move|move: Stealth Rock
|
|-heal|p2a: Vaporeon|464\/464|[from] move: Wish|[wisher] Vaporeon
|-heal|p1a: Slam Dunk|37\/363 tox|[from] item: Leftovers
|-damage|p1a: Slam Dunk|0 fnt|[from] psn
|faint|p1a: Slam Dunk
|
|switch|p1a: Not Ampharos (|Aggron-Mega, F|153\/343
|turn|34
|
|move|p2a: Vaporeon|Wish|p2a: Vaporeon
|move|p1a: Not Ampharos (|Heavy Slam|p2a: Vaporeon
|-resisted|p2a: Vaporeon
|-damage|p2a: Vaporeon|369\/464
|
|-heal|p2a: Vaporeon|398\/464|[from] item: Leftovers
|turn|35
|
|move|p2a: Vaporeon|Scald|p1a: Not Ampharos (
|-damage|p1a: Not Ampharos (|50\/343
|-status|p1a: Not Ampharos (|brn
|move|p1a: Not Ampharos (|Earthquake|p2a: Vaporeon
|-damage|p2a: Vaporeon|342\/464
|
|-heal|p2a: Vaporeon|464\/464|[from] move: Wish|[wisher] Vaporeon
|-damage|p1a: Not Ampharos (|8\/343 brn|[from] brn
|turn|36
|
|move|p2a: Vaporeon|Scald|p1a: Not Ampharos (
|-damage|p1a: Not Ampharos (|0 fnt
|faint|p1a: Not Ampharos (
|
|
|switch|p1a: Hydra|Hydreigon, M|192\/325 brn
|turn|37
|c|âClick Fight Move|gg bro
|
|move|p1a: Hydra|Dark Pulse|p2a: Vaporeon
|-damage|p2a: Vaporeon|310\/464
|move|p2a: Vaporeon|Scald|p1a: Hydra
|-resisted|p1a: Hydra
|-damage|p1a: Hydra|141\/325 brn
|
|-heal|p2a: Vaporeon|339\/464|[from] item: Leftovers
|-damage|p1a: Hydra|101\/325 brn|[from] brn
|turn|38
|c|âDevon27|gg
|c|âDevon27|thanks for wooping me
|c|âDevon27|make more ampharos vids <3
|c|âClick Fight Move|5-0 assclap
|
|move|p1a: Hydra|Dark Pulse|p2a: Vaporeon
|-damage|p2a: Vaporeon|186\/464
|move|p2a: Vaporeon|Scald|p1a: Hydra
|-resisted|p1a: Hydra
|-damage|p1a: Hydra|42\/325 brn
|
|-heal|p2a: Vaporeon|215\/464|[from] item: Leftovers
|-damage|p1a: Hydra|2\/325 brn|[from] brn
|turn|39
|c|âClick Fight Move|body bag
|
|move|p1a: Hydra|Dark Pulse|p2a: Vaporeon
|-damage|p2a: Vaporeon|76\/464
|move|p2a: Vaporeon|Scald|p1a: Hydra
|-resisted|p1a: Hydra
|-damage|p1a: Hydra|0 fnt
|faint|p1a: Hydra
|
|win|Click Fight Move
|raw|Ladder updating...
|raw|Devon27's rating: 1314 &rarr; <strong>1290<\/strong><br \/>(-24 for losing)
|raw|Click Fight Move's rating: 1241 &rarr; <strong>1271<\/strong><br \/>(+30 for winning)
|c| watfor|wow rude
|c| watfor|shofu pls say gg
|c|âClick Fight Move|i did
|leave|watfor
|c|âDevon27|he did
|c|âDevon27|lol
|c| DrReuniclus3|shofu you pooper
|leave|Bob the Bro
|c| DrReuniclus3|plz
|leave|DrReuniclus3
|leave|Click Fight Move
|player|p2