|join|Bruh76
|join|Click Fight Move
|player|p1|Bruh76|102
|player|p2|Click Fight Move|160
|gametype|singles
|gen|6
|tier|UU
|rated
|rule|Sleep Clause Mod: Limit one foe put to sleep
|rule|Species Clause: Limit one of each PokÃ©mon
|rule|OHKO Clause: OHKO moves are banned
|rule|Moody Clause: Moody is banned
|rule|Evasion Moves Clause: Evasion moves are banned
|rule|Endless Battle Clause: Forcing endless battles is banned
|rule|HP Percentage Mod: HP is shown in percentages
|clearpoke
|poke|p1|Rotom-Heat
|poke|p1|Medicham, F
|poke|p1|Umbreon, M
|poke|p1|Noivern, F
|poke|p1|Empoleon, F
|poke|p1|Roserade, F
|poke|p2|Mienshao, F
|poke|p2|Cobalion
|poke|p2|Toxicroak, M
|poke|p2|Lucario, M
|poke|p2|Infernape, M
|poke|p2|Medicham, M
|rule|Swagger Clause: Swagger is banned
|rule|Baton Pass Clause: Limit one PokÃ©mon knowing Baton Pass
|teampreview
|
|start
|switch|p1a: Noivern|Noivern, F|311\/311
|switch|p2a: Cobalion|Cobalion|323\/323
|turn|1
|
|move|p1a: Noivern|U-turn|p2a: Cobalion
|-resisted|p2a: Cobalion
|-damage|p2a: Cobalion|317\/323
|
|switch|p1a: Medicham|Medicham, F|261\/261
|move|p2a: Cobalion|Volt Switch|p1a: Medicham
|-damage|p1a: Medicham|143\/261
|
|switch|p2a: Infernape|Infernape, M|293\/293
|
|turn|2
|
|switch|p1a: Rotom-Heat|Rotom-Heat|302\/302
|move|p2a: Infernape|Stealth Rock|p1a: Rotom-Heat
|-sidestart|p1: Bruh76|move: Stealth Rock
|
|turn|3
|
|move|p2a: Infernape|Taunt|p1a: Rotom-Heat
|-start|p1a: Rotom-Heat|move: Taunt
|move|p1a: Rotom-Heat|Volt Switch|p2a: Infernape
|-damage|p2a: Infernape|187\/293
|
|switch|p1a: Noivern|Noivern, F|311\/311
|-damage|p1a: Noivern|234\/311|[from] Stealth Rock
|
|turn|4
|
|move|p1a: Noivern|Air Slash|p2a: Infernape|[miss]
|-miss|p1a: Noivern|p2a: Infernape
|move|p2a: Infernape|Overheat|p1a: Noivern
|-resisted|p1a: Noivern
|-damage|p1a: Noivern|116\/311
|-unboost|p2a: Infernape|spa|2
|
|turn|5
|
|move|p1a: Noivern|Air Slash|p2a: Infernape
|-supereffective|p2a: Infernape
|-damage|p2a: Infernape|0 fnt
|faint|p2a: Infernape
|
|join|Bob the Bro
|c| Bob the Bro|lmoa
|
|switch|p2a: Lucario|Lucario, M|281\/281
|turn|6
|c|âClick Fight Move|Hi!
|c| Bob the Bro|hi
|
|move|p2a: Lucario|Extreme Speed|p1a: Noivern
|-damage|p1a: Noivern|0 fnt
|-damage|p2a: Lucario|253\/281|[from] item: Life Orb
|faint|p1a: Noivern
|
|
|switch|p1a: Rotom-Heat|Rotom-Heat|302\/302
|-damage|p1a: Rotom-Heat|227\/302|[from] Stealth Rock
|turn|7
|c| Bob the Bro|where are you on the ladder
|
|switch|p2a: Toxicroak|Toxicroak, M|333\/333
|move|p1a: Rotom-Heat|Will-O-Wisp|p2a: Toxicroak
|-status|p2a: Toxicroak|brn
|
|-heal|p1a: Rotom-Heat|245\/302|[from] item: Leftovers
|-damage|p2a: Toxicroak|292\/333 brn|[from] brn
|turn|8
|c|âClick Fight Move|on this?
|c| Bob the Bro|ya
|
|move|p2a: Toxicroak|Gunk Shot|p1a: Rotom-Heat
|-damage|p1a: Rotom-Heat|179\/302
|move|p1a: Rotom-Heat|Volt Switch|p2a: Toxicroak
|-damage|p2a: Toxicroak|204\/333 brn
|c|âClick Fight Move|like 1150
|join|watfor
|
|switch|p1a: Roserade|Roserade, F|324\/324
|-damage|p1a: Roserade|284\/324|[from] Stealth Rock
|
|-heal|p1a: Roserade|304\/324|[from] item: Black Sludge
|-damage|p2a: Toxicroak|163\/333 brn|[from] brn
|turn|9
|c| Bob the Bro|not even sub salac belch
|c|âClick Fight Move|im av
|c|âClick Fight Move|n_n
|
|move|p2a: Toxicroak|Ice Punch|p1a: Roserade
|-supereffective|p1a: Roserade
|-damage|p1a: Roserade|216\/324
|move|p1a: Roserade|Leech Seed|p2a: Toxicroak
|-start|p2a: Toxicroak|move: Leech Seed
|
|-heal|p1a: Roserade|236\/324|[from] item: Black Sludge
|-damage|p2a: Toxicroak|122\/333 brn|[from] Leech Seed|[of] p1a: Roserade
|-heal|p1a: Roserade|277\/324|[silent]
|-damage|p2a: Toxicroak|81\/333 brn|[from] brn
|turn|10
|c| Bob the Bro|tfw
|c| Bob the Bro|swept by crocune
|c|âClick Fight Move|nah
|c| watfor|pls be
|c| watfor|sub cm
|c| watfor|medicham
|
|move|p2a: Toxicroak|Ice Punch|p1a: Roserade
|-crit|p1a: Roserade
|-supereffective|p1a: Roserade
|-damage|p1a: Roserade|161\/324
|move|p1a: Roserade|Giga Drain|p2a: Toxicroak
|-resisted|p2a: Toxicroak
|-damage|p2a: Toxicroak|35\/333 brn
|-heal|p1a: Roserade|184\/324|[from] drain|[of] p2a: Toxicroak
|
|-heal|p1a: Roserade|204\/324|[from] item: Black Sludge
|-damage|p2a: Toxicroak|0 fnt|[from] Leech Seed|[of] p1a: Roserade
|-heal|p1a: Roserade|239\/324|[silent]
|faint|p2a: Toxicroak
|c| watfor|that would be ebin
|
|switch|p2a: Medicham|Medicham, M|261\/261
|turn|11
|
|move|p2a: Medicham|Ice Punch|p1a: Roserade
|-supereffective|p1a: Roserade
|-damage|p1a: Roserade|49\/324
|move|p1a: Roserade|Sludge Bomb|p2a: Medicham
|-damage|p2a: Medicham|92\/261
|
|-heal|p1a: Roserade|69\/324|[from] item: Black Sludge
|turn|12
|c| Bob the Bro|sick mega
|
|move|p2a: Medicham|Ice Punch|p1a: Roserade
|-supereffective|p1a: Roserade
|-damage|p1a: Roserade|0 fnt
|faint|p1a: Roserade
|
|c|âClick Fight Move|what is this roserade
|c|âClick Fight Move|max defense
|c|âClick Fight Move|wtf
|c| Bob the Bro|why the fk would you not mega
|c|âClick Fight Move|because
|c| Bob the Bro|thats the question
|c|âClick Fight Move|im scarf
|c| Bob the Bro|why
|c|âClick Fight Move|so i could kill crobat
|c| watfor|mega luke
|c| watfor|imo
|c| Bob the Bro|thats the dumbest shit
|c| Bob the Bro|i've ever heard
|
|switch|p1a: Empoleon|Empoleon, F|372\/372
|-damage|p1a: Empoleon|349\/372|[from] Stealth Rock
|turn|13
|
|move|p2a: Medicham|Ice Punch|p1a: Empoleon
|-resisted|p1a: Empoleon
|-damage|p1a: Empoleon|319\/372
|move|p1a: Empoleon|Scald|p2a: Medicham
|-damage|p2a: Medicham|0 fnt
|faint|p2a: Medicham
|
|-heal|p1a: Empoleon|342\/372|[from] item: Leftovers
|
|switch|p2a: Lucario|Lucario, M|253\/281
|turn|14
|c|âClick Fight Move|how is it dumb
|join|SummertimeSadnesss
|c|âClick Fight Move|i cant kill it otherwise
|
|switch|p1a: Rotom-Heat|Rotom-Heat|179\/302
|-damage|p1a: Rotom-Heat|104\/302|[from] Stealth Rock
|move|p2a: Lucario|Close Combat|p1a: Rotom-Heat
|-damage|p1a: Rotom-Heat|0 fnt
|-unboost|p2a: Lucario|def|1
|-unboost|p2a: Lucario|spd|1
|-damage|p2a: Lucario|225\/281|[from] item: Life Orb
|faint|p1a: Rotom-Heat
|
|
|switch|p1a: Umbreon|Umbreon, M|393\/393
|-damage|p1a: Umbreon|344\/393|[from] Stealth Rock
|turn|15
|
|move|p1a: Umbreon|Protect|p1a: Umbreon
|-singleturn|p1a: Umbreon|Protect
|move|p2a: Lucario|Close Combat|p1a: Umbreon
|-activate|p1a: Umbreon|Protect
|
|-heal|p1a: Umbreon|368\/393|[from] item: Leftovers
|turn|16
|c| Bob the Bro|specs cob where
|
|move|p2a: Lucario|Close Combat|p1a: Umbreon
|-supereffective|p1a: Umbreon
|-damage|p1a: Umbreon|14\/393
|-unboost|p2a: Lucario|def|1
|-unboost|p2a: Lucario|spd|1
|-damage|p2a: Lucario|197\/281|[from] item: Life Orb
|move|p1a: Umbreon|Wish|p1a: Umbreon
|
|-heal|p1a: Umbreon|38\/393|[from] item: Leftovers
|turn|17
|c|âClick Fight Move|chillin in the back
|c|âClick Fight Move|WTF
|c|âClick Fight Move|THAT LIVES
|c| Bob the Bro|this some jolly luke shit
|c|âBruh76|max defence
|c| watfor|lmoa
|
|move|p2a: Lucario|Close Combat|p1a: Umbreon
|-supereffective|p1a: Umbreon
|-damage|p1a: Umbreon|0 fnt
|-unboost|p2a: Lucario|def|1
|-unboost|p2a: Lucario|spd|1
|-damage|p2a: Lucario|169\/281|[from] item: Life Orb
|faint|p1a: Umbreon
|
|c|âClick Fight Move|i am jolly by accident
|
|switch|p1a: Medicham|Medicham, F|143\/261
|-damage|p1a: Medicham|127\/261|[from] Stealth Rock
|turn|18
|c|âClick Fight Move|i couldve sworn i was adamant
|c| Bob the Bro|make a better mono team
|c| Bob the Bro|pls
|c|âClick Fight Move|my team is ebin
|c|âClick Fight Move|fk u
|c|âClick Fight Move|this is gonan be team for teambuildiing workshop
|c|âClick Fight Move|y\/n
|c| watfor|y
|c| Bob the Bro|where is your entei switch in
|c|âClick Fight Move|then those fgts can stop complaining because i picked a good core
|
|switch|p2a: Cobalion|Cobalion|317\/323
|detailschange|p1a: Medicham|Medicham-Mega, F
|-mega|p1a: Medicham|Medicham|Medichamite
|move|p1a: Medicham|Drain Punch|p2a: Cobalion
|-supereffective|p2a: Cobalion
|-damage|p2a: Cobalion|0 fnt
|-heal|p1a: Medicham|261\/261|[from] drain|[of] p2a: Cobalion
|faint|p2a: Cobalion
|
|join|lonlelyuu
|c|âClick Fight Move|max defense infernape
|c|âClick Fight Move|imo
|c|âClick Fight Move|wtf
|c| watfor|do you actually
|c| watfor|lose now
|c| Bob the Bro|why didnt you espeed
|
|switch|p2a: Mienshao|Mienshao, F|271\/271
|turn|19
|c| Bob the Bro|sick choke
|
|move|p2a: Mienshao|High Jump Kick|p1a: Medicham
|-resisted|p1a: Medicham
|-damage|p1a: Medicham|107\/261
|move|p1a: Medicham|Drain Punch|p2a: Mienshao
|-crit|p2a: Mienshao
|-damage|p2a: Mienshao|0 fnt
|-heal|p1a: Medicham|243\/261|[from] drain|[of] p2a: Mienshao
|faint|p2a: Mienshao
|
|c| watfor|lmao
|c|âClick Fight Move|didnt want to eat a fake out
|
|switch|p2a: Lucario|Lucario, M|169\/281
|turn|20
|c| Bob the Bro|sickest fkn choke
|
|move|p2a: Lucario|Extreme Speed|p1a: Medicham
|-damage|p1a: Medicham|112\/261
|-damage|p2a: Lucario|141\/281|[from] item: Life Orb
|move|p1a: Medicham|Drain Punch|p2a: Lucario
|-supereffective|p2a: Lucario
|-damage|p2a: Lucario|0 fnt
|-heal|p1a: Medicham|183\/261|[from] drain|[of] p2a: Lucario
|faint|p2a: Lucario
|
|win|Bruh76
|raw|Ladder updating...
|c| Bob the Bro|ever
|raw|Bruh76's rating: 1189 &rarr; <strong>1212<\/strong><br \/>(+23 for winning)
|raw|Click Fight Move's rating: 1163 &rarr; <strong>1140<\/strong><br \/>(-23 for losing)
|c|âClick Fight Move|lmao
|leave|Click Fight Move
|player|p2
|leave|watfor
|leave|Bob the Bro
|leave|SummertimeSadnesss