|join|Wroxley
|join|Click Fight Move
|player|p1|Wroxley|101
|player|p2|Click Fight Move|160
|gametype|singles
|gen|6
|tier|UU
|rated
|rule|Sleep Clause Mod: Limit one foe put to sleep
|rule|Species Clause: Limit one of each PokÃ©mon
|rule|OHKO Clause: OHKO moves are banned
|rule|Moody Clause: Moody is banned
|rule|Evasion Moves Clause: Evasion moves are banned
|rule|Endless Battle Clause: Forcing endless battles is banned
|rule|HP Percentage Mod: HP is shown in percentages
|clearpoke
|poke|p1|Blastoise, M
|poke|p1|Weezing, M
|poke|p1|Arcanine, F
|poke|p1|Nosepass, F
|poke|p1|Florges, F
|poke|p1|Gastrodon, M
|poke|p2|Infernape, F
|poke|p2|Lucario, F
|poke|p2|Azelf
|poke|p2|Aerodactyl, F
|poke|p2|Kingdra, F
|poke|p2|Slurpuff, F
|rule|Swagger Clause: Swagger is banned
|rule|Baton Pass Clause: Limit one PokÃ©mon knowing Baton Pass
|teampreview
|
|start
|switch|p1a: Blastoise|Blastoise, M|361\/361
|switch|p2a: EPIC|Azelf|299\/299
|turn|1
|
|detailschange|p1a: Blastoise|Blastoise-Mega, M
|-mega|p1a: Blastoise|Blastoise|Blastoisinite
|move|p2a: EPIC|Stealth Rock|p1a: Blastoise
|-sidestart|p1: Wroxley|move: Stealth Rock
|move|p1a: Blastoise|Dark Pulse|p2a: EPIC
|-supereffective|p2a: EPIC
|-enditem|p2a: EPIC|Focus Sash
|-damage|p2a: EPIC|1\/299
|
|turn|2
|
|move|p2a: EPIC|Explosion|p1a: Blastoise
|-damage|p1a: Blastoise|127\/361
|faint|p2a: EPIC
|move|p1a: Blastoise|Dark Pulse|p2: EPIC|[notarget]
|-notarget
|
|join|secret kekleon
|join|Pink Nightmares
|join|Acemanassasin
|
|switch|p2a: LMAO|Lucario, F|281\/281
|turn|3
|
|move|p2a: LMAO|Close Combat|p1a: Blastoise
|-damage|p1a: Blastoise|0 fnt
|-unboost|p2a: LMAO|def|1
|-unboost|p2a: LMAO|spd|1
|-damage|p2a: LMAO|253\/281|[from] item: Life Orb
|faint|p1a: Blastoise
|
|join|DatGuyChuck
|
|switch|p1a: Nosepass|Nosepass, F|264\/264
|-damage|p1a: Nosepass|231\/264|[from] Stealth Rock
|turn|4
|join|ULT Bob
|c| DatGuyChuck|oml
|
|move|p2a: LMAO|Close Combat|p1a: Nosepass
|-supereffective|p1a: Nosepass
|-damage|p1a: Nosepass|10\/264
|-unboost|p2a: LMAO|def|1
|-unboost|p2a: LMAO|spd|1
|-damage|p2a: LMAO|225\/281|[from] item: Life Orb
|move|p1a: Nosepass|Stealth Rock|p2a: LMAO
|-sidestart|p2: Click Fight Move|move: Stealth Rock
|
|turn|5
|c| DatGuyChuck|its a nosepass
|
|move|p2a: LMAO|Close Combat|p1a: Nosepass
|-supereffective|p1a: Nosepass
|-damage|p1a: Nosepass|0 fnt
|-unboost|p2a: LMAO|def|1
|-unboost|p2a: LMAO|spd|1
|-damage|p2a: LMAO|197\/281|[from] item: Life Orb
|faint|p1a: Nosepass
|
|
|switch|p1a: Gastrodon|Gastrodon, M|426\/426
|-damage|p1a: Gastrodon|400\/426|[from] Stealth Rock
|turn|6
|
|move|p2a: LMAO|Close Combat|p1a: Gastrodon
|-damage|p1a: Gastrodon|131\/426
|-unboost|p2a: LMAO|def|1
|-unboost|p2a: LMAO|spd|1
|-damage|p2a: LMAO|169\/281|[from] item: Life Orb
|move|p1a: Gastrodon|Scald|p2a: LMAO
|-damage|p2a: LMAO|0 fnt
|faint|p2a: LMAO
|
|-heal|p1a: Gastrodon|157\/426|[from] item: Leftovers
|c|âWroxley|Damn right
|join|Aerow
|
|switch|p2a: xD|Infernape, F|293\/293
|-damage|p2a: xD|257\/293|[from] Stealth Rock
|turn|7
|c| ULT Bob|bulk up
|
|switch|p1a: Weezing|Weezing, M|272\/272
|-damage|p1a: Weezing|238\/272|[from] Stealth Rock
|move|p2a: xD|Solar Beam|p1a: Weezing|[still]
|-prepare|p2a: xD|Solar Beam|p1a: Weezing
|-enditem|p2a: xD|Power Herb
|-anim|p2a: xD|Solar Beam|p1a: Weezing
|-resisted|p1a: Weezing
|-damage|p1a: Weezing|163\/272
|
|-heal|p1a: Weezing|180\/272|[from] item: Black Sludge
|turn|8
|c| ULT Bob|bulk up
|c| ULT Bob|bulk up
|join|ULT BiG BiRD
|
|switch|p1a: Arcanine|Arcanine, F|322\/322
|-damage|p1a: Arcanine|242\/322|[from] Stealth Rock
|move|p2a: xD|Nasty Plot|p2a: xD
|-boost|p2a: xD|spa|2
|
|turn|9
|
|move|p1a: Arcanine|Extreme Speed|p2a: xD
|-damage|p2a: xD|116\/293
|move|p2a: xD|Fire Blast|p1a: Arcanine
|-start|p1a: Arcanine|ability: Flash Fire
|
|turn|10
|c|âClick Fight Move|oh
|c|âClick Fight Move|right
|c| ULT Bob|tfw
|c|âWroxley|...
|
|move|p1a: Arcanine|Extreme Speed|p2a: xD
|-damage|p2a: xD|0 fnt
|faint|p2a: xD
|
|
|switch|p2a: SICK|Aerodactyl, F|311\/311
|-damage|p2a: SICK|234\/311|[from] Stealth Rock
|-ability|p2a: SICK|Unnerve|p1: Wroxley
|turn|11
|c| ULT Bob|slayed
|c| ULT BiG BiRD|blown back
|
|switch|p1a: Weezing|Weezing, M|180\/272
|-damage|p1a: Weezing|146\/272|[from] Stealth Rock
|detailschange|p2a: SICK|Aerodactyl-Mega, F
|-mega|p2a: SICK|Aerodactyl|Aerodactylite
|move|p2a: SICK|Stone Edge|p1a: Weezing
|-damage|p1a: Weezing|10\/272
|
|-heal|p1a: Weezing|27\/272|[from] item: Black Sludge
|turn|12
|c| DatGuyChuck|mfw
|c|âClick Fight Move|SpD weezing
|c|âClick Fight Move|the lord
|
|move|p2a: SICK|Wing Attack|p1a: Weezing
|-damage|p1a: Weezing|0 fnt
|faint|p1a: Weezing
|
|
|switch|p1a: Arcanine|Arcanine, F|242\/322
|-damage|p1a: Arcanine|162\/322|[from] Stealth Rock
|turn|13
|c|âClick Fight Move|this is scarf
|c|âClick Fight Move|i know it
|
|switch|p2a: ECKS DEE|Slurpuff, F|306\/306
|-damage|p2a: ECKS DEE|268\/306|[from] Stealth Rock
|move|p1a: Arcanine|Wild Charge|p2a: ECKS DEE
|-damage|p2a: ECKS DEE|132\/306
|-damage|p1a: Arcanine|128\/322|[from] recoil|[of] p2a: ECKS DEE
|-enditem|p2a: ECKS DEE|Sitrus Berry|[eat]
|-heal|p2a: ECKS DEE|208\/306|[from] item: Sitrus Berry
|
|turn|14
|
|switch|p1a: Florges|Florges, F|360\/360
|-damage|p1a: Florges|315\/360|[from] Stealth Rock
|move|p2a: ECKS DEE|Return|p1a: Florges
|-crit|p1a: Florges
|-damage|p1a: Florges|130\/360
|
|-heal|p1a: Florges|152\/360|[from] item: Leftovers
|turn|15
|
|move|p2a: ECKS DEE|Belly Drum|p2a: ECKS DEE
|-damage|p2a: ECKS DEE|55\/306
|-setboost|p2a: ECKS DEE|atk|6|[from] move: Belly Drum
|move|p1a: Florges|Toxic|p2a: ECKS DEE
|-status|p2a: ECKS DEE|tox
|
|-heal|p1a: Florges|174\/360|[from] item: Leftovers
|-damage|p2a: ECKS DEE|36\/306 tox|[from] psn
|turn|16
|c| ULT BiG BiRD|wing attack
|c| ULT BiG BiRD|oml
|
|move|p2a: ECKS DEE|Return|p1a: Florges
|-damage|p1a: Florges|0 fnt
|faint|p1a: Florges
|
|-damage|p2a: ECKS DEE|0 fnt|[from] psn
|faint|p2a: ECKS DEE
|c|âClick Fight Move|hullo
|
|switch|p2a: HAHA|Kingdra, F|292\/292
|switch|p1a: Gastrodon|Gastrodon, M|157\/426
|-damage|p2a: HAHA|256\/292|[from] Stealth Rock
|-damage|p1a: Gastrodon|131\/426|[from] Stealth Rock
|turn|17
|
|move|p2a: HAHA|Outrage|p1a: Gastrodon
|-damage|p1a: Gastrodon|0 fnt
|faint|p1a: Gastrodon
|
|
|switch|p1a: Arcanine|Arcanine, F|128\/322
|-damage|p1a: Arcanine|48\/322|[from] Stealth Rock
|turn|18
|c|âWroxley|gg
|
|move|p1a: Arcanine|Outrage|p2a: HAHA
|-supereffective|p2a: HAHA
|-damage|p2a: HAHA|0 fnt
|faint|p2a: HAHA
|
|
|switch|p2a: SICK|Aerodactyl-Mega, F|234\/311
|-damage|p2a: SICK|157\/311|[from] Stealth Rock
|turn|19
|c| ULT Bob|rekt
|c| ULT BiG BiRD|o.o
|c| ULT Bob|scarf pls
|c|âClick Fight Move|tfw
|c|âWroxley|Banded
|
|move|p2a: SICK|Wing Attack|p1a: Arcanine
|-damage|p1a: Arcanine|0 fnt
|faint|p1a: Arcanine
|
|win|Click Fight Move
|raw|Ladder updating...
|c|âClick Fight Move|gg
|raw|Wroxley's rating: 1215 &rarr; <strong>1198<\/strong><br \/>(-17 for losing)
|raw|Click Fight Move's rating: 1320 &rarr; <strong>1334<\/strong><br \/>(+14 for winning)
|c| ULT BiG BiRD|ahh crisp wing attack
|c|âClick Fight Move|more pp n_n
|c|âWroxley|Fear the nosepass
|c| ULT BiG BiRD|LOL
|leave|Wroxley
|player|p1
|leave|Click Fight Move
|player|p2
|leave|ULT BiG BiRD
|leave|Aerow
|leave|Pink Nightmares
|leave|ULT Bob
|leave|DatGuyChuck