|join|meowiekins
|join|PiggK
|player|p1|meowiekins|160
|player|p2|PiggK|125
|gametype|singles
|gen|6
|tier|UU
|rule|Sleep Clause Mod: Limit one foe put to sleep
|rule|Species Clause: Limit one of each PokÃ©mon
|rule|OHKO Clause: OHKO moves are banned
|rule|Moody Clause: Moody is banned
|rule|Evasion Moves Clause: Evasion moves are banned
|rule|Endless Battle Clause: Forcing endless battles is banned
|rule|HP Percentage Mod: HP is shown in percentages
|clearpoke
|poke|p1|Infernape, F
|poke|p1|Lucario, F
|poke|p1|Azelf
|poke|p1|Aerodactyl, M
|poke|p1|Kingdra, M
|poke|p1|Slurpuff, F
|poke|p2|Kyurem
|poke|p2|Tentacruel, M
|poke|p2|Florges, F
|poke|p2|Ferroseed, F
|poke|p2|Aerodactyl, M
|poke|p2|Shedinja
|rule|Swagger Clause: Swagger is banned
|rule|Baton Pass Clause: Limit one PokÃ©mon knowing Baton Pass
|teampreview
|join|Coltestes
|c|âmeowiekins|oh god
|join|snowballin
|c| Coltestes|S
|c| Coltestes|H
|c| Coltestes|E
|c| Coltestes|D
|c| Coltestes|wait
|c| Coltestes|no
|c| Coltestes|S
|c| Coltestes|H
|c| Coltestes|E
|c| Coltestes|G
|c| Coltestes|A
|c| Coltestes|N
|c| Coltestes|J
|c| Coltestes|A
|c|âmeowiekins|n_n
|
|start
|switch|p1a: EPIC|Azelf|299\/299
|switch|p2a: Aerodactyl|Aerodactyl, M|363\/363
|-ability|p2a: Aerodactyl|Pressure
|turn|1
|
|detailschange|p2a: Aerodactyl|Aerodactyl-Mega, M
|-mega|p2a: Aerodactyl|Aerodactyl|Aerodactylite
|move|p2a: Aerodactyl|Taunt|p1a: EPIC
|-start|p1a: EPIC|move: Taunt
|cant|p1a: EPIC|move: Taunt|Thunder Wave
|
|turn|2
|
|move|p2a: Aerodactyl|Aerial Ace|p1a: EPIC
|-damage|p1a: EPIC|170\/299
|move|p1a: EPIC|Explosion|p2a: Aerodactyl
|-resisted|p2a: Aerodactyl
|-damage|p2a: Aerodactyl|210\/363
|faint|p1a: EPIC
|
|c| snowballin|should've switched shedinja in
|c| snowballin|become invincible
|c| snowballin|lel
|c|âmeowiekins|ya i just lose
|
|switch|p1a: ECKS DEE|Slurpuff, F|306\/306
|turn|3
|
|switch|p1a: SICK|Aerodactyl, M|311\/311
|-ability|p1a: SICK|Unnerve|p2: PiggK
|move|p2a: Aerodactyl|Taunt|p1a: SICK
|-start|p1a: SICK|move: Taunt
|
|turn|4
|
|switch|p2a: Ferroseed|Ferroseed, F|292\/292
|detailschange|p1a: SICK|Aerodactyl-Mega, M
|-mega|p1a: SICK|Aerodactyl|Aerodactylite
|move|p1a: SICK|Stone Edge|p2a: Ferroseed
|-resisted|p2a: Ferroseed
|-damage|p2a: Ferroseed|244\/292
|
|turn|5
|c| snowballin|is that like the alpha ver of your team for workshop
|c| snowballin|or are you just experimenting with shit
|c|âmeowiekins|lil bit of both
|c|âmeowiekins|i wanna run HO
|c|âmeowiekins|and i think kingdra and puff are cool
|c| snowballin|Dugtrio is so good on HO
|c| snowballin|qq
|c|âPiggK|FUCKING POS COMPUTER
|c|âPiggK|sorry
|c|âmeowiekins|probably wont keep solar beam infernape
|
|switch|p1a: xD|Infernape, F|293\/293
|move|p2a: Ferroseed|Stealth Rock|p1a: xD
|-sidestart|p1: meowiekins|move: Stealth Rock
|
|turn|6
|c| snowballin|LOL
|c| snowballin|Probably.
|
|move|p1a: xD|Nasty Plot|p1a: xD
|-boost|p1a: xD|spa|2
|move|p2a: Ferroseed|Leech Seed|p1a: xD
|-start|p1a: xD|move: Leech Seed
|
|-damage|p1a: xD|257\/293|[from] Leech Seed|[of] p2a: Ferroseed
|-heal|p2a: Ferroseed|280\/292|[silent]
|turn|7
|c|âmeowiekins|i have solar beam ape hogg
|c|âmeowiekins|are you proud
|c|âPiggK|always
|
|switch|p2a: Tentacruel|Tentacruel, M|352\/352
|move|p1a: xD|Nasty Plot|p1a: xD
|-boost|p1a: xD|spa|2
|
|-damage|p1a: xD|221\/293|[from] Leech Seed|[of] p2a: Tentacruel
|turn|8
|c| snowballin|wait
|
|move|p1a: xD|Solar Beam|p2a: Tentacruel|[still]
|-prepare|p1a: xD|Solar Beam|p2a: Tentacruel
|-enditem|p1a: xD|Power Herb
|-anim|p1a: xD|Solar Beam|p2a: Tentacruel
|-damage|p2a: Tentacruel|58\/352
|move|p2a: Tentacruel|Scald|p1a: xD
|-supereffective|p1a: xD
|-damage|p1a: xD|15\/293
|
|-heal|p2a: Tentacruel|80\/352|[from] item: Black Sludge
|-damage|p1a: xD|0 fnt|[from] Leech Seed|[of] p2a: Tentacruel
|-heal|p2a: Tentacruel|95\/352|[silent]
|faint|p1a: xD
|c| snowballin|OH
|c|âPiggK|wait
|c|âmeowiekins|lmao
|c|âPiggK|you really have
|c|âPiggK|solarbeam ape
|c|âPiggK|OK
|c|âmeowiekins|i TOLD YOU
|
|switch|p1a: SICK|Aerodactyl-Mega, M|311\/311
|-damage|p1a: SICK|234\/311|[from] Stealth Rock
|turn|9
|c|âPiggK|I will never doubt you again
|
|move|p1a: SICK|Pursuit|p2a: Tentacruel|[from]Pursuit
|-damage|p2a: Tentacruel|0 fnt
|faint|p2a: Tentacruel
|
|c|âmeowiekins|lmao
|
|switch|p2a: Ferroseed|Ferroseed, F|280\/292
|turn|10
|c|âmeowiekins|ferro shed core wins now
|
|switch|p1a: LMAO|Lucario, F|281\/281
|-damage|p1a: LMAO|273\/281|[from] Stealth Rock
|move|p2a: Ferroseed|Leech Seed|p1a: LMAO
|-start|p1a: LMAO|move: Leech Seed
|
|-damage|p1a: LMAO|238\/281|[from] Leech Seed|[of] p2a: Ferroseed
|-heal|p2a: Ferroseed|292\/292|[silent]
|turn|11
|c|âmeowiekins|imnot crunch luc
|c|âmeowiekins|dw
|
|switch|p2a: Shedinja|Shedinja|1\/1
|move|p1a: LMAO|Swords Dance|p1a: LMAO
|-boost|p1a: LMAO|atk|2
|
|-damage|p1a: LMAO|203\/281|[from] Leech Seed|[of] p2a: Shedinja
|turn|12
|c|âmeowiekins|actually i couldve outplayed this
|c|âmeowiekins|oh well
|c| snowballin|run nasty plot luke imo lel
|c|âmeowiekins|gg
|c| snowballin|The double plot
|c|âmeowiekins|it is nasty plot
|c|âmeowiekins|oh
|c|âmeowiekins|luc
|
|move|p1a: LMAO|Bullet Punch|p2a: Shedinja
|-activate|p2a: Shedinja|ability: Wonder Guard
|move|p2a: Shedinja|Will-O-Wisp|p1a: LMAO
|-status|p1a: LMAO|brn
|
|-damage|p1a: LMAO|168\/281 brn|[from] Leech Seed|[of] p2a: Shedinja
|-damage|p1a: LMAO|133\/281 brn|[from] brn
|turn|13
|
|switch|p2a: Ferroseed|Ferroseed, F|292\/292
|move|p1a: LMAO|Bullet Punch|p2a: Ferroseed
|-resisted|p2a: Ferroseed
|-damage|p2a: Ferroseed|269\/292
|-damage|p1a: LMAO|98\/281 brn|[from] ability: Iron Barbs|[of] p2a: Ferroseed
|-damage|p1a: LMAO|70\/281 brn|[from] item: Life Orb
|
|-damage|p1a: LMAO|35\/281 brn|[from] Leech Seed|[of] p2a: Ferroseed
|-heal|p2a: Ferroseed|292\/292|[silent]
|-damage|p1a: LMAO|0 fnt|[from] brn
|faint|p1a: LMAO
|
|switch|p1a: ECKS DEE|Slurpuff, F|306\/306
|-damage|p1a: ECKS DEE|268\/306|[from] Stealth Rock
|turn|14
|
|switch|p2a: Shedinja|Shedinja|1\/1
|move|p1a: ECKS DEE|Drain Punch|p2a: Shedinja
|-immune|p2a: Shedinja|[msg]
|
|turn|15
|c|âmeowiekins|gg
|-message|meowiekins forfeited.
|
|win|PiggK
|c|âPiggK|gg
|leave|meowiekins
|player|p1
|c| snowballin|does cupcake get fire punch
|c|âPiggK|!learn slurpuff,fire punch
|raw|<div class="infobox">Slurpuff <span class="message-learn-cannotlearn">can't<\/span> learn Fire Punch<\/div>
|c| snowballin|aw
|leave|snowballin