|join|Sharpteeth
|join|lil manaphy
|player|p1|Sharpteeth|226
|player|p2|lil manaphy|4
|gametype|singles
|gen|6
|tier|OU
|rated
|clearpoke
|poke|p1|Weavile, F
|poke|p1|Azelf
|poke|p1|Skarmory, F
|poke|p1|Pinsir, M
|poke|p1|Raikou
|poke|p1|Garchomp, M
|poke|p2|Scizor, M
|poke|p2|Gothitelle, F
|poke|p2|Chansey, F
|poke|p2|Alomomola, M
|poke|p2|Cresselia, F
|poke|p2|Zapdos
|rule|Swagger Clause: Swagger is banned
|rule|Baton Pass Clause: Limit one PokÃ©mon knowing Baton Pass
|rule|Sleep Clause Mod: Limit one foe put to sleep
|rule|Species Clause: Limit one of each PokÃ©mon
|rule|OHKO Clause: OHKO moves are banned
|rule|Moody Clause: Moody is banned
|rule|Evasion Moves Clause: Evasion moves are banned
|rule|Endless Battle Clause: Forcing endless battles is banned
|rule|HP Percentage Mod: HP is shown in percentages
|teampreview
|join|illestt
|c|âlil manaphy|:I
|join|Demandred
|c|âSharpteeth|gl
|join|x Hisoka
|
|start
|switch|p1a: Trash Talker|Azelf|291\/291
|switch|p2a: Scizor|Scizor, M|344\/344
|turn|1
|
|detailschange|p2a: Scizor|Scizor-Mega, M
|message|Scizor has Mega Evolved into Mega Scizor!
|move|p1a: Trash Talker|Stealth Rock|p2a: Scizor
|-sidestart|p2: lil manaphy|move: Stealth Rock
|move|p2a: Scizor|Swords Dance|p2a: Scizor
|-boost|p2a: Scizor|atk|2
|
|turn|2
|
|move|p2a: Scizor|Bullet Punch|p1a: Trash Talker
|-damage|p1a: Trash Talker|27\/291
|move|p1a: Trash Talker|Explosion|p2a: Scizor
|-resisted|p2a: Scizor
|-damage|p2a: Scizor|262\/344
|faint|p1a: Trash Talker
|
|
|switch|p1a: Panic Button|Skarmory, F|334\/334
|turn|3
|
|move|p1a: Panic Button|Spikes|p2a: Scizor
|-sidestart|p2: lil manaphy|Spikes
|move|p2a: Scizor|Roost|p2a: Scizor
|-heal|p2a: Scizor|344\/344
|
|turn|4
|
|move|p1a: Panic Button|Spikes|p2a: Scizor
|-sidestart|p2: lil manaphy|Spikes
|move|p2a: Scizor|Superpower|p1a: Panic Button
|-crit|p1a: Panic Button
|-damage|p1a: Panic Button|56\/334
|-unboost|p2a: Scizor|atk|1
|-unboost|p2a: Scizor|def|1
|-enditem|p1a: Panic Button|Red Card|[of] p2a: Scizor
|drag|p2a: Gothitelle|Gothitelle, F|301\/301
|-damage|p2a: Gothitelle|264\/301|[from] Stealth Rock
|-damage|p2a: Gothitelle|214\/301|[from] Spikes
|
|turn|5
|
|move|p2a: Gothitelle|Trick|p1a: Panic Button
|-activate|p2a: Gothitelle|move: Trick|[of] p1a: Panic Button
|-item|p1a: Panic Button|Choice Scarf|[from] move: Trick
|move|p1a: Panic Button|Taunt|p2a: Gothitelle
|-start|p2a: Gothitelle|move: Taunt
|
|turn|6
|
|move|p1a: Panic Button|Taunt|p2a: Gothitelle
|-fail|p2a: Gothitelle
|move|p2a: Gothitelle|Psychic|p1a: Panic Button
|-resisted|p1a: Panic Button
|-damage|p1a: Panic Button|0 fnt
|faint|p1a: Panic Button
|
|
|switch|p1a: Tweezers|Pinsir, M|271\/271
|turn|7
|
|detailschange|p1a: Tweezers|Pinsir-Mega, M
|message|Pinsir has Mega Evolved into Mega Pinsir!
|move|p1a: Tweezers|Swords Dance|p1a: Tweezers
|-boost|p1a: Tweezers|atk|2
|move|p2a: Gothitelle|Psychic|p1a: Tweezers
|-damage|p1a: Tweezers|141\/271
|
|turn|8
|
|move|p1a: Tweezers|Swords Dance|p1a: Tweezers
|-boost|p1a: Tweezers|atk|2
|move|p2a: Gothitelle|Psychic|p1a: Tweezers
|-damage|p1a: Tweezers|5\/271
|
|-end|p2a: Gothitelle|move: Taunt
|turn|9
|join|AlltheTests
|
|move|p1a: Tweezers|Quick Attack|p2a: Gothitelle
|-damage|p2a: Gothitelle|0 fnt
|faint|p2a: Gothitelle
|
|
|switch|p2a: Scizor|Scizor-Mega, M|344\/344
|-damage|p2a: Scizor|287\/344|[from] Spikes
|-damage|p2a: Scizor|244\/344|[from] Stealth Rock
|turn|10
|
|move|p1a: Tweezers|Quick Attack|p2a: Scizor
|-damage|p2a: Scizor|73\/344
|move|p2a: Scizor|Bullet Punch|p1a: Tweezers
|-damage|p1a: Tweezers|0 fnt
|faint|p1a: Tweezers
|
|
|switch|p1a: Phone Charger|Raikou|322\/322
|-ability|p1a: Phone Charger|Pressure
|turn|11
|
|move|p1a: Phone Charger|Volt Switch|p2a: Scizor
|-damage|p2a: Scizor|0 fnt
|faint|p2a: Scizor
|
|switch|p1a: Broom Head|Weavile, F|282\/282
|-ability|p1a: Broom Head|Pressure
|
|
|switch|p2a: Alomomola|Alomomola, M|534\/534
|-damage|p2a: Alomomola|468\/534|[from] Stealth Rock
|-damage|p2a: Alomomola|379\/534|[from] Spikes
|turn|12
|
|switch|p1a: Phone Charger|Raikou|322\/322
|-ability|p1a: Phone Charger|Pressure
|move|p2a: Alomomola|Wish|p2a: Alomomola
|
|-heal|p2a: Alomomola|412\/534|[from] item: Leftovers
|turn|13
|
|switch|p2a: Zapdos|Zapdos|384\/384
|-damage|p2a: Zapdos|288\/384|[from] Stealth Rock
|-ability|p2a: Zapdos|Pressure
|move|p1a: Phone Charger|Volt Switch|p2a: Zapdos
|-crit|p2a: Zapdos
|-damage|p2a: Zapdos|111\/384
|
|switch|p1a: Broom Head|Weavile, F|282\/282
|-ability|p1a: Broom Head|Pressure
|
|-heal|p2a: Zapdos|378\/384|[from] move: Wish|[wisher] Alomomola
|-heal|p2a: Zapdos|384\/384|[from] item: Leftovers
|turn|14
|
|move|p1a: Broom Head|Ice Punch|p2a: Zapdos
|-supereffective|p2a: Zapdos
|-damage|p2a: Zapdos|119\/384
|-damage|p1a: Broom Head|254\/282|[from] item: Life Orb
|move|p2a: Zapdos|Defog|p1a: Broom Head
|-unboost|p1a: Broom Head|evasion|1
|-sideend|p2: lil manaphy|Spikes|[from] move: Defog|[of] p2a: Zapdos
|-sideend|p2: lil manaphy|Stealth Rock|[from] move: Defog|[of] p2a: Zapdos
|
|-heal|p2a: Zapdos|143\/384|[from] item: Leftovers
|turn|15
|
|switch|p2a: Alomomola|Alomomola, M|534\/534
|move|p1a: Broom Head|Knock Off|p2a: Alomomola
|-damage|p2a: Alomomola|353\/534
|-enditem|p2a: Alomomola|Leftovers|[from] move: Knock Off|[of] p1a: Broom Head
|-damage|p1a: Broom Head|226\/282|[from] item: Life Orb
|
|turn|16
|c|âSharpteeth|gg
|c|âlil manaphy|gg
|-message|Sharpteeth forfeited.
|
|win|lil manaphy
|raw|Ladder updating...
|leave|Sharpteeth
|player|p1
|raw|Sharpteeth's rating: 1913 &rarr; <strong>1889<\/strong><br \/>(-24 for losing)
|raw|lil manaphy's rating: 1837 &rarr; <strong>1861<\/strong><br \/>(+24 for winning)