|join|Sharpteeth
|join|HereToShowTheWorld
|player|p1|Sharpteeth|226
|player|p2|HereToShowTheWorld|4
|gametype|singles
|gen|6
|tier|OU
|rated
|clearpoke
|poke|p1|Weavile, M
|poke|p1|Azelf
|poke|p1|Skarmory, F
|poke|p1|Pinsir, M
|poke|p1|Raikou
|poke|p1|Garchomp, F
|poke|p2|Tyranitar, F
|poke|p2|Excadrill, M
|poke|p2|Greninja, F
|poke|p2|Pinsir, M
|poke|p2|Talonflame, M
|poke|p2|Dragonite, M
|rule|Swagger Clause: Swagger is banned
|rule|Baton Pass Clause: Limit one PokÃ©mon knowing Baton Pass
|rule|Sleep Clause Mod: Limit one foe put to sleep
|rule|Species Clause: Limit one of each PokÃ©mon
|rule|OHKO Clause: OHKO moves are banned
|rule|Moody Clause: Moody is banned
|rule|Evasion Moves Clause: Evasion moves are banned
|rule|Endless Battle Clause: Forcing endless battles is banned
|rule|HP Percentage Mod: HP is shown in percentages
|teampreview
|join|illestt
|
|start
|switch|p1a: Trash Talker|Azelf|291\/291
|switch|p2a: Tyranitar|Tyranitar, F|341\/341
|-weather|Sandstorm
|turn|1
|
|move|p1a: Trash Talker|Taunt|p2a: Tyranitar
|-start|p2a: Tyranitar|move: Taunt
|move|p2a: Tyranitar|Crunch|p1a: Trash Talker
|-supereffective|p1a: Trash Talker
|-enditem|p1a: Trash Talker|Focus Sash
|-damage|p1a: Trash Talker|1\/291
|-unboost|p1a: Trash Talker|def|1
|
|-weather|Sandstorm|[upkeep]
|-damage|p1a: Trash Talker|0 fnt|[from] sandstorm
|faint|p1a: Trash Talker
|
|switch|p1a: Panic Button|Skarmory, F|334\/334
|turn|2
|
|move|p1a: Panic Button|Stealth Rock|p2a: Tyranitar
|-sidestart|p2: HereToShowTheWorld|move: Stealth Rock
|move|p2a: Tyranitar|Fire Blast|p1a: Panic Button
|-supereffective|p1a: Panic Button
|-damage|p1a: Panic Button|52\/334
|-enditem|p1a: Panic Button|Red Card|[of] p2a: Tyranitar
|drag|p2a: Talonflame|Talonflame, M|309\/309
|-damage|p2a: Talonflame|155\/309|[from] Stealth Rock
|
|-weather|Sandstorm|[upkeep]
|-damage|p2a: Talonflame|136\/309|[from] sandstorm
|turn|3
|
|switch|p1a: Hot Stove|Garchomp, F|420\/420
|move|p2a: Talonflame|Brave Bird|p1a: Hot Stove
|-damage|p1a: Hot Stove|264\/420
|-damage|p2a: Talonflame|98\/309|[from] ability: Rough Skin|[of] p1a: Hot Stove
|-damage|p2a: Talonflame|47\/309|[from] item: Rocky Helmet|[of] p1a: Hot Stove
|-damage|p2a: Talonflame|0 fnt|[from] recoil|[of] p1a: Hot Stove
|faint|p2a: Talonflame
|
|-weather|Sandstorm|[upkeep]
|
|switch|p2a: Greninja|Greninja, F|286\/286
|-damage|p2a: Greninja|251\/286|[from] Stealth Rock
|turn|4
|
|switch|p1a: Phone Charger|Raikou|322\/322
|-ability|p1a: Phone Charger|Pressure
|move|p2a: Greninja|Ice Beam|p1a: Phone Charger
|-start|p2a: Greninja|typechange|Ice|[from] Protean
|-damage|p1a: Phone Charger|213\/322
|-damage|p2a: Greninja|223\/286|[from] item: Life Orb
|
|-weather|Sandstorm|[upkeep]
|-damage|p2a: Greninja|206\/286|[from] sandstorm
|-damage|p1a: Phone Charger|193\/322|[from] sandstorm
|turn|5
|
|switch|p2a: Excadrill|Excadrill, M|369\/369
|-damage|p2a: Excadrill|358\/369|[from] Stealth Rock
|move|p1a: Phone Charger|Shadow Ball|p2a: Excadrill
|-damage|p2a: Excadrill|230\/369
|
|-weather|none
|turn|6
|
|move|p1a: Phone Charger|Shadow Ball|p2a: Excadrill
|-damage|p2a: Excadrill|97\/369
|move|p2a: Excadrill|Rapid Spin|p1a: Phone Charger
|-damage|p1a: Phone Charger|149\/322
|-sideend|p2: HereToShowTheWorld|Stealth Rock|[from] move: Rapid Spin|[of] p2a: Excadrill
|-damage|p2a: Excadrill|61\/369|[from] item: Life Orb
|
|turn|7
|
|switch|p2a: Greninja|Greninja, F|206\/286
|move|p1a: Phone Charger|Volt Switch|p2a: Greninja
|-supereffective|p2a: Greninja
|-damage|p2a: Greninja|0 fnt
|faint|p2a: Greninja
|
|switch|p1a: Panic Button|Skarmory, F|52\/334
|
|
|switch|p2a: Pinsir|Pinsir, M|271\/271
|turn|8
|
|switch|p1a: Phone Charger|Raikou|149\/322
|-ability|p1a: Phone Charger|Pressure
|detailschange|p2a: Pinsir|Pinsir-Mega, M
|message|Pinsir has Mega Evolved into Mega Pinsir!
|move|p2a: Pinsir|Return|p1a: Phone Charger
|-resisted|p1a: Phone Charger
|-damage|p1a: Phone Charger|0 fnt
|faint|p1a: Phone Charger
|
|
|switch|p1a: Hot Stove|Garchomp, F|264\/420
|turn|9
|
|switch|p2a: Excadrill|Excadrill, M|61\/369
|move|p1a: Hot Stove|Dragon Tail|p2a: Excadrill
|-resisted|p2a: Excadrill
|-damage|p2a: Excadrill|0 fnt
|faint|p2a: Excadrill
|
|
|switch|p2a: Tyranitar|Tyranitar, F|341\/341
|-weather|Sandstorm
|turn|10
|
|move|p2a: Tyranitar|Stealth Rock|p1a: Hot Stove
|-sidestart|p1: Sharpteeth|move: Stealth Rock
|move|p1a: Hot Stove|Earthquake|p2a: Tyranitar
|-crit|p2a: Tyranitar
|-supereffective|p2a: Tyranitar
|-enditem|p2a: Tyranitar|Focus Sash
|-damage|p2a: Tyranitar|1\/341
|
|-weather|Sandstorm|[upkeep]
|turn|11
|
|move|p2a: Tyranitar|Ice Beam|p1a: Hot Stove
|-supereffective|p1a: Hot Stove
|-damage|p1a: Hot Stove|0 fnt
|faint|p1a: Hot Stove
|
|-weather|Sandstorm|[upkeep]
|
|switch|p1a: Panic Button|Skarmory, F|52\/334
|-damage|p1a: Panic Button|11\/334|[from] Stealth Rock
|turn|12
|
|switch|p2a: Pinsir|Pinsir-Mega, M|271\/271
|move|p1a: Panic Button|Stealth Rock|p2a: Pinsir
|-sidestart|p2: HereToShowTheWorld|move: Stealth Rock
|
|-weather|Sandstorm|[upkeep]
|-damage|p2a: Pinsir|255\/271|[from] sandstorm
|turn|13
|
|move|p2a: Pinsir|Return|p1a: Panic Button
|-resisted|p1a: Panic Button
|-damage|p1a: Panic Button|0 fnt
|faint|p1a: Panic Button
|
|-weather|Sandstorm|[upkeep]
|-damage|p2a: Pinsir|239\/271|[from] sandstorm
|
|switch|p1a: Broom Head|Weavile, M|282\/282
|-damage|p1a: Broom Head|212\/282|[from] Stealth Rock
|-ability|p1a: Broom Head|Pressure
|turn|14
|
|move|p2a: Pinsir|Quick Attack|p1a: Broom Head
|-damage|p1a: Broom Head|56\/282
|move|p1a: Broom Head|Ice Punch|p2a: Pinsir
|-supereffective|p2a: Pinsir
|-damage|p2a: Pinsir|0 fnt
|-damage|p1a: Broom Head|28\/282|[from] item: Life Orb
|faint|p2a: Pinsir
|
|-weather|none
|
|switch|p2a: Tyranitar|Tyranitar, F|1\/341
|-damage|p2a: Tyranitar|0 fnt|[from] Stealth Rock
|faint|p2a: Tyranitar
|
|switch|p2a: Dragonite|Dragonite, M|323\/323
|-damage|p2a: Dragonite|243\/323|[from] Stealth Rock
|turn|15
|c| illestt|that thing is choice banded
|
|move|p2a: Dragonite|Extreme Speed|p1a: Broom Head
|-damage|p1a: Broom Head|0 fnt
|faint|p1a: Broom Head
|
|
|switch|p1a: Tweezers|Pinsir, M|271\/271
|-damage|p1a: Tweezers|204\/271|[from] Stealth Rock
|turn|16
|
|detailschange|p1a: Tweezers|Pinsir-Mega, M
|message|Pinsir has Mega Evolved into Mega Pinsir!
|move|p2a: Dragonite|Extreme Speed|p1a: Tweezers
|-crit|p1a: Tweezers
|-damage|p1a: Tweezers|0 fnt
|faint|p1a: Tweezers
|
|win|HereToShowTheWorld
|raw|Ladder updating...
|raw|Sharpteeth's rating: 1774 &rarr; <strong>1752<\/strong><br \/>(-22 for losing)
|raw|HereToShowTheWorld's rating: 1742 &rarr; <strong>1764<\/strong><br \/>(+22 for winning)
|c|âSharpteeth|gg
|leave|Sharpteeth
|player|p1