|join|aryloid
|join|Sharpteeth
|player|p1|aryloid|68
|player|p2|Sharpteeth|226
|gametype|singles
|gen|6
|tier|OU
|rated
|clearpoke
|poke|p1|Azelf
|poke|p1|Charizard, M
|poke|p1|Greninja, M
|poke|p1|Gengar, F
|poke|p1|Rotom-Wash
|poke|p1|Dragonite, F
|poke|p2|Weavile, F
|poke|p2|Azelf
|poke|p2|Skarmory, F
|poke|p2|Pinsir, F
|poke|p2|Raikou
|poke|p2|Garchomp, M
|rule|Swagger Clause: Swagger is banned
|rule|Baton Pass Clause: Limit one PokÃ©mon knowing Baton Pass
|rule|Sleep Clause Mod: Limit one foe put to sleep
|rule|Species Clause: Limit one of each PokÃ©mon
|rule|OHKO Clause: OHKO moves are banned
|rule|Moody Clause: Moody is banned
|rule|Evasion Moves Clause: Evasion moves are banned
|rule|Endless Battle Clause: Forcing endless battles is banned
|rule|HP Percentage Mod: HP is shown in percentages
|teampreview
|join|dedic
|
|start
|switch|p1a: Azelf|Azelf|291\/291
|switch|p2a: Trash Talker|Azelf|291\/291
|turn|1
|
|move|p1a: Azelf|Stealth Rock|p2a: Trash Talker
|-sidestart|p2: Sharpteeth|move: Stealth Rock
|move|p2a: Trash Talker|Explosion|p1a: Azelf
|-enditem|p1a: Azelf|Focus Sash
|-damage|p1a: Azelf|1\/291
|faint|p2a: Trash Talker
|
|
|switch|p2a: Phone Charger|Raikou|322\/322
|-damage|p2a: Phone Charger|282\/322|[from] Stealth Rock
|-ability|p2a: Phone Charger|Pressure
|turn|2
|
|move|p2a: Phone Charger|Shadow Ball|p1a: Azelf
|-supereffective|p1a: Azelf
|-damage|p1a: Azelf|0 fnt
|faint|p1a: Azelf
|
|
|switch|p1a: Charizard|Charizard, M|315\/315
|turn|3
|
|detailschange|p1a: Charizard|Charizard-Mega-X, M
|message|Charizard has Mega Evolved into Mega Charizard!
|move|p2a: Phone Charger|Volt Switch|p1a: Charizard
|-resisted|p1a: Charizard
|-damage|p1a: Charizard|249\/315
|
|switch|p2a: Hot Stove|Garchomp, M|420\/420
|-damage|p2a: Hot Stove|394\/420|[from] Stealth Rock
|move|p1a: Charizard|Dragon Dance|p1a: Charizard
|-boost|p1a: Charizard|atk|1
|-boost|p1a: Charizard|spe|1
|
|turn|4
|
|switch|p2a: Panic Button|Skarmory, F|334\/334
|-damage|p2a: Panic Button|293\/334|[from] Stealth Rock
|move|p1a: Charizard|Dragon Claw|p2a: Panic Button
|-resisted|p2a: Panic Button
|-damage|p2a: Panic Button|191\/334
|-enditem|p2a: Panic Button|Red Card|[of] p1a: Charizard
|drag|p1a: Dragonite|Dragonite, F|323\/323
|
|turn|5
|
|move|p2a: Panic Button|Stealth Rock|p1a: Dragonite
|-sidestart|p1: aryloid|move: Stealth Rock
|move|p1a: Dragonite|Fire Punch|p2a: Panic Button
|-supereffective|p2a: Panic Button
|-damage|p2a: Panic Button|0 fnt
|faint|p2a: Panic Button
|
|
|switch|p2a: Hot Stove|Garchomp, M|394\/420
|-damage|p2a: Hot Stove|368\/420|[from] Stealth Rock
|turn|6
|
|move|p1a: Dragonite|Fire Punch|p2a: Hot Stove
|-resisted|p2a: Hot Stove
|-damage|p2a: Hot Stove|312\/420
|-damage|p1a: Dragonite|283\/323|[from] ability: Rough Skin|[of] p2a: Hot Stove
|-damage|p1a: Dragonite|230\/323|[from] item: Rocky Helmet|[of] p2a: Hot Stove
|-status|p2a: Hot Stove|brn
|move|p2a: Hot Stove|Dragon Tail|p1a: Dragonite
|-supereffective|p1a: Dragonite
|-damage|p1a: Dragonite|138\/323
|drag|p1a: Rotom-Wash|Rotom-Wash|303\/303
|-damage|p1a: Rotom-Wash|266\/303|[from] Stealth Rock
|
|-heal|p1a: Rotom-Wash|284\/303|[from] item: Leftovers
|-damage|p2a: Hot Stove|260\/420 brn|[from] brn
|turn|7
|
|switch|p1a: Gengar|Gengar, F|261\/261
|-damage|p1a: Gengar|229\/261|[from] Stealth Rock
|move|p2a: Hot Stove|Toxic|p1a: Gengar
|-fail|p1a: Gengar
|
|-damage|p2a: Hot Stove|208\/420 brn|[from] brn
|turn|8
|join|zwacve
|
|switch|p2a: Phone Charger|Raikou|282\/322
|-damage|p2a: Phone Charger|242\/322|[from] Stealth Rock
|-ability|p2a: Phone Charger|Pressure
|move|p1a: Gengar|Shadow Ball|p2a: Phone Charger
|-damage|p2a: Phone Charger|112\/322
|-damage|p1a: Gengar|203\/261|[from] item: Life Orb
|
|turn|9
|
|switch|p1a: Charizard|Charizard-Mega-X, M|249\/315
|-damage|p1a: Charizard|171\/315|[from] Stealth Rock
|move|p2a: Phone Charger|Shadow Ball|p1a: Charizard
|-damage|p1a: Charizard|69\/315
|
|turn|10
|
|move|p2a: Phone Charger|Shadow Ball|p1a: Charizard
|-damage|p1a: Charizard|0 fnt
|faint|p1a: Charizard
|
|
|switch|p1a: Greninja|Greninja, M|286\/286
|-damage|p1a: Greninja|251\/286|[from] Stealth Rock
|turn|11
|
|move|p1a: Greninja|Ice Beam|p2a: Phone Charger
|-start|p1a: Greninja|typechange|Ice|[from] Protean
|-crit|p2a: Phone Charger
|-damage|p2a: Phone Charger|0 fnt
|-damage|p1a: Greninja|223\/286|[from] item: Life Orb
|faint|p2a: Phone Charger
|
|join|Henry
|
|switch|p2a: Broom Head|Weavile, F|282\/282
|-damage|p2a: Broom Head|212\/282|[from] Stealth Rock
|-ability|p2a: Broom Head|Pressure
|turn|12
|join|akkeshi
|join|chechmate
|
|switch|p1a: Dragonite|Dragonite, F|138\/323
|-damage|p1a: Dragonite|58\/323|[from] Stealth Rock
|move|p2a: Broom Head|Knock Off|p1a: Dragonite
|-damage|p1a: Dragonite|0 fnt
|-enditem|p1a: Dragonite|Choice Band|[from] move: Knock Off|[of] p2a: Broom Head
|-damage|p2a: Broom Head|184\/282|[from] item: Life Orb
|faint|p1a: Dragonite
|
|join|Bellicose
|
|switch|p1a: Rotom-Wash|Rotom-Wash|284\/303
|-damage|p1a: Rotom-Wash|247\/303|[from] Stealth Rock
|turn|13
|
|move|p2a: Broom Head|Knock Off|p1a: Rotom-Wash
|-damage|p1a: Rotom-Wash|91\/303
|-enditem|p1a: Rotom-Wash|Leftovers|[from] move: Knock Off|[of] p2a: Broom Head
|-damage|p2a: Broom Head|156\/282|[from] item: Life Orb
|move|p1a: Rotom-Wash|Hydro Pump|p2a: Broom Head
|-damage|p2a: Broom Head|0 fnt
|faint|p2a: Broom Head
|
|
|switch|p2a: Tweezers|Pinsir, F|271\/271
|-damage|p2a: Tweezers|204\/271|[from] Stealth Rock
|turn|14
|
|detailschange|p2a: Tweezers|Pinsir-Mega, F
|message|Pinsir has Mega Evolved into Mega Pinsir!
|move|p2a: Tweezers|Close Combat|p1a: Rotom-Wash
|-damage|p1a: Rotom-Wash|0 fnt
|-unboost|p2a: Tweezers|def|1
|-unboost|p2a: Tweezers|spd|1
|faint|p1a: Rotom-Wash
|
|
|switch|p1a: Greninja|Greninja, M|223\/286
|-damage|p1a: Greninja|188\/286|[from] Stealth Rock
|turn|15
|
|switch|p2a: Hot Stove|Garchomp, M|208\/420 brn
|-damage|p2a: Hot Stove|182\/420 brn|[from] Stealth Rock
|move|p1a: Greninja|Ice Beam|p2a: Hot Stove
|-start|p1a: Greninja|typechange|Ice|[from] Protean
|-supereffective|p2a: Hot Stove
|-damage|p2a: Hot Stove|0 fnt
|-damage|p1a: Greninja|160\/286|[from] item: Life Orb
|faint|p2a: Hot Stove
|
|
|switch|p2a: Tweezers|Pinsir-Mega, F|204\/271
|-damage|p2a: Tweezers|69\/271|[from] Stealth Rock
|turn|16
|
|move|p2a: Tweezers|Quick Attack|p1a: Greninja
|-damage|p1a: Greninja|12\/286
|move|p1a: Greninja|Ice Beam|p2a: Tweezers
|-supereffective|p2a: Tweezers
|-damage|p2a: Tweezers|0 fnt
|-damage|p1a: Greninja|0 fnt|[from] item: Life Orb
|faint|p2a: Tweezers
|faint|p1a: Greninja
|
|win|aryloid
|raw|Ladder updating...
|join|Not Canadian