|join|TFL
|join|Sharpteeth
|player|p1|TFL|263
|player|p2|Sharpteeth|1
|gametype|singles
|gen|6
|tier|OU
|clearpoke
|poke|p1|Galvantula, M
|poke|p1|Sableye, F
|poke|p1|Landorus, M
|poke|p1|Altaria, F
|poke|p1|Tyranitar, M
|poke|p1|Excadrill, M
|poke|p2|Weavile, M
|poke|p2|Diancie
|poke|p2|Skarmory, M
|poke|p2|Latias, F
|poke|p2|Magnezone
|poke|p2|Garchomp, M
|rule|Swagger Clause: Swagger is banned
|rule|Baton Pass Clause: Limit one PokÃ©mon knowing Baton Pass
|rule|Sleep Clause Mod: Limit one foe put to sleep
|rule|Species Clause: Limit one of each PokÃ©mon
|rule|OHKO Clause: OHKO moves are banned
|rule|Moody Clause: Moody is banned
|rule|Evasion Moves Clause: Evasion moves are banned
|rule|Endless Battle Clause: Forcing endless battles is banned
|rule|HP Percentage Mod: HP is shown in percentages
|teampreview
|c|âTFL|fk uuuu
|c|âTFL|diancie
|join|Dec19finaletears
|join|BibarelThump
|join|4d0pt3d
|
|start
|switch|p1a: Landorus|Landorus, M|320\/320
|switch|p2a: Panic Button|Skarmory, M|334\/334
|turn|1
|join|Disorient
|c| BibarelThump|so not ct'd
|c| BibarelThump|take this blast tho
|
|move|p1a: Landorus|Stealth Rock|p2a: Panic Button
|-sidestart|p2: Sharpteeth|move: Stealth Rock
|move|p2a: Panic Button|Stealth Rock|p1a: Landorus
|-sidestart|p1: TFL|move: Stealth Rock
|
|turn|2
|c| BibarelThump|ooo no fear
|
|move|p1a: Landorus|Gravity|p1a: Landorus
|-fieldstart|move: Gravity
|move|p2a: Panic Button|Drill Peck|p1a: Landorus
|-damage|p1a: Landorus|226\/320
|
|turn|3
|c|âSharpteeth|entirely unafraid
|c| BibarelThump|uhoh
|c|âSharpteeth|for real
|c|âSharpteeth|...
|c|âSharpteeth|afraid now.
|c|âSharpteeth|fuck
|c| Dec19finaletears|panic
|
|move|p1a: Landorus|Earth Power|p2a: Panic Button
|-supereffective|p2a: Panic Button
|-activate|p2a: Panic Button|Sturdy
|-damage|p2a: Panic Button|1\/334
|move|p2a: Panic Button|Drill Peck|p1a: Landorus
|-damage|p1a: Landorus|139\/320
|
|turn|4
|
|switch|p1a: Galvantula|Galvantula, M|282\/282
|-damage|p1a: Galvantula|212\/282|[from] Stealth Rock
|move|p2a: Panic Button|Drill Peck|p1a: Galvantula
|-damage|p1a: Galvantula|85\/282
|
|turn|5
|
|switch|p2a: Rubber Duck|Latias, F|344\/344
|-damage|p2a: Rubber Duck|301\/344|[from] Stealth Rock
|move|p1a: Galvantula|Sticky Web|p2a: Rubber Duck
|-sidestart|p2: Sharpteeth|move: Sticky Web
|
|-heal|p2a: Rubber Duck|322\/344|[from] item: Leftovers
|turn|6
|c| BibarelThump|yo if it weren't for item clause, entrainment moxie onto garchomp with scarf would sweep
|c| BibarelThump|so badly
|
|move|p2a: Rubber Duck|Defog|p1a: Galvantula
|-unboost|p1a: Galvantula|evasion|1
|-sideend|p1: TFL|Stealth Rock|[from] move: Defog|[of] p1a: Galvantula
|-sideend|p2: Sharpteeth|Stealth Rock|[from] move: Defog|[of] p2a: Rubber Duck
|-sideend|p2: Sharpteeth|Sticky Web|[from] move: Defog|[of] p2a: Rubber Duck
|move|p1a: Galvantula|Sticky Web|p2a: Rubber Duck
|-sidestart|p2: Sharpteeth|move: Sticky Web
|
|-heal|p2a: Rubber Duck|343\/344|[from] item: Leftovers
|-fieldend|move: Gravity
|turn|7
|
|move|p2a: Rubber Duck|Defog|p1a: Galvantula
|-unboost|p1a: Galvantula|evasion|1
|-sideend|p2: Sharpteeth|Sticky Web|[from] move: Defog|[of] p2a: Rubber Duck
|move|p1a: Galvantula|Sticky Web|p2a: Rubber Duck
|-sidestart|p2: Sharpteeth|move: Sticky Web
|
|-heal|p2a: Rubber Duck|344\/344|[from] item: Leftovers
|turn|8
|
|move|p2a: Rubber Duck|Defog|p1a: Galvantula
|-unboost|p1a: Galvantula|evasion|1
|-sideend|p2: Sharpteeth|Sticky Web|[from] move: Defog|[of] p2a: Rubber Duck
|move|p1a: Galvantula|Sticky Web|p2a: Rubber Duck
|-sidestart|p2: Sharpteeth|move: Sticky Web
|
|turn|9
|c| BibarelThump|I'm confused
|
|move|p2a: Rubber Duck|Psyshock|p1a: Galvantula
|-damage|p1a: Galvantula|0 fnt
|faint|p1a: Galvantula
|
|c| BibarelThump|ty
|c|âSharpteeth|I
|
|switch|p1a: Sableye|Sableye, F|304\/304
|turn|10
|c|âSharpteeth|was stalling for time
|c| BibarelThump|ok
|c| BibarelThump|gj
|c|âSharpteeth|while I checked sticky web's pp
|
|switch|p2a: Panic Button|Skarmory, M|1\/334
|move|p1a: Sableye|Taunt|p2a: Panic Button
|-start|p2a: Panic Button|move: Taunt
|
|turn|11
|c| BibarelThump|loool
|
|move|p1a: Sableye|Gravity|p1a: Sableye
|-fieldstart|move: Gravity
|move|p2a: Panic Button|Drill Peck|p1a: Sableye
|-damage|p1a: Sableye|202\/304
|
|turn|12
|c| BibarelThump|literally what it's for
|c|âTFL|fk u fig
|c| BibarelThump|is this a lando sweep team
|c| BibarelThump|lmfao
|c| BibarelThump|wait
|c| BibarelThump|2 eq sweepers
|c| BibarelThump|maybe 3 in tar
|
|switch|p2a: Rubber Duck|Latias, F|344\/344
|-activate|p2a: Rubber Duck|move: Sticky Web
|-unboost|p2a: Rubber Duck|spe|1
|move|p1a: Sableye|Will-O-Wisp|p2a: Rubber Duck
|-status|p2a: Rubber Duck|brn
|
|-damage|p2a: Rubber Duck|301\/344 brn|[from] brn
|turn|13
|c| BibarelThump|that's kinda brilliant
|
|switch|p2a: Garden Gnome|Diancie|241\/241
|-activate|p2a: Garden Gnome|move: Sticky Web
|-fail|p2a: Garden Gnome|unboost|[from] ability: Clear Body|[of] p2a: Garden Gnome
|move|p1a: Sableye|Taunt|p2a: Garden Gnome
|-start|p2a: Garden Gnome|move: Taunt
|
|turn|14
|c| BibarelThump|double if real
|c| BibarelThump|@both
|c|âSharpteeth|smack whatever switches in for a 2hko
|c|âSharpteeth|if realer
|c| BibarelThump|double taunt and double switch
|
|detailschange|p2a: Garden Gnome|Diancie-Mega
|-mega|p2a: Garden Gnome|Diancie|Diancite
|move|p1a: Sableye|Trick|p2a: Garden Gnome
|-fail|p2a: Garden Gnome
|move|p2a: Garden Gnome|Moonblast|p1a: Sableye
|-supereffective|p1a: Sableye
|-damage|p1a: Sableye|0 fnt
|faint|p1a: Sableye
|
|c|âTFL|hue
|c| BibarelThump|h e l l o
|c| BibarelThump|what is that
|
|switch|p1a: Excadrill|Excadrill, M|362\/362
|turn|15
|
|switch|p2a: Panic Button|Skarmory, M|1\/334
|-activate|p2a: Panic Button|move: Sticky Web
|-unboost|p2a: Panic Button|spe|1
|move|p1a: Excadrill|Iron Head|p2a: Panic Button
|-crit|p2a: Panic Button
|-resisted|p2a: Panic Button
|-damage|p2a: Panic Button|0 fnt
|faint|p2a: Panic Button
|
|-fieldend|move: Gravity
|c| BibarelThump|bullet punch exca
|
|switch|p2a: Rubber Duck|Latias, F|301\/344 brn
|turn|16
|c| BibarelThump|the web is gone
|
|move|p2a: Rubber Duck|Defog|p1a: Excadrill
|-unboost|p1a: Excadrill|evasion|1
|-sideend|p2: Sharpteeth|Sticky Web|[from] move: Defog|[of] p2a: Rubber Duck
|move|p1a: Excadrill|Iron Head|p2a: Rubber Duck
|-damage|p2a: Rubber Duck|28\/344 brn
|
|-heal|p2a: Rubber Duck|49\/344 brn|[from] item: Leftovers
|-damage|p2a: Rubber Duck|6\/344 brn|[from] brn
|turn|17
|c| BibarelThump|but nice strat
|c| BibarelThump|not even rock tomb
|c| BibarelThump|tsk
|leave|4d0pt3d
|c|âSharpteeth|TFL
|
|switch|p1a: Tyranitar|Tyranitar, M|341\/341
|-weather|Sandstorm
|move|p2a: Rubber Duck|Draco Meteor|p1a: Tyranitar|[miss]
|-miss|p2a: Rubber Duck|p1a: Tyranitar
|
|-weather|Sandstorm|[upkeep]
|-damage|p2a: Rubber Duck|0 fnt|[from] sandstorm
|faint|p2a: Rubber Duck
|c|âSharpteeth|have you considered
|c| BibarelThump|skillful dodge
|c|âSharpteeth|Gravity + Explosion mew
|c| BibarelThump|wtf
|
|switch|p2a: Broom Head|Weavile, M|282\/282
|-ability|p2a: Broom Head|Pressure
|turn|18
|c|âTFL|have you considered not counter teaming?????\/?
|c|âTFL|fig
|
|move|p2a: Broom Head|Low Kick|p1a: Tyranitar
|-supereffective|p1a: Tyranitar
|-damage|p1a: Tyranitar|0 fnt
|-damage|p2a: Broom Head|254\/282|[from] item: Life Orb
|faint|p1a: Tyranitar
|
|-weather|Sandstorm|[upkeep]
|-damage|p2a: Broom Head|237\/282|[from] sandstorm
|
|switch|p1a: Altaria|Altaria, F|297\/297
|turn|19
|c| BibarelThump|come on this is a brilliant team
|c| BibarelThump|quick attack swablu
|c| BibarelThump|fyi
|c|âTFL|win on time
|c|âTFL|yes pls
|
|detailschange|p1a: Altaria|Altaria-Mega, F
|-mega|p1a: Altaria|Altaria|Altarianite
|move|p2a: Broom Head|Ice Punch|p1a: Altaria
|-supereffective|p1a: Altaria
|-damage|p1a: Altaria|0 fnt
|-damage|p2a: Broom Head|209\/282|[from] item: Life Orb
|faint|p1a: Altaria
|
|-weather|Sandstorm|[upkeep]
|-damage|p2a: Broom Head|192\/282|[from] sandstorm
|c|âTFL|:<
|c| BibarelThump|harp
|
|switch|p1a: Excadrill|Excadrill, M|362\/362
|turn|20
|c| BibarelThump|and this is a ct
|c|âTFL|will exca llive??!?!
|c| BibarelThump|tbh why not drill in the first place
|c| BibarelThump|unless
|c| BibarelThump|FORCE???
|c|âTFL|i had high hopes for alt
|c|âTFL|it is
|c|âTFL|sand force
|c| BibarelThump|HELLO????
|c|âTFL|!dt sand force
|c|~|\/data-ability Sand Force
|raw|<font size="1"><\/font>
|c| BibarelThump|sticky web is the easiest thing to get rid of
|c| BibarelThump|just life orb + rush
|c| BibarelThump|iterally same thing
|c|âTFL|252+ Atk Choice Band Sand Force Excadrill Iron Head vs. 0 HP \/ 0 Def Keldeo in Sand: 156-185 (48.2 - 57.2%) -- guaranteed 2HKO after sandstorm damage
|c| BibarelThump|what keldeo
|c| Dec19finaletears|CB sand force>
|
|switch|p2a: Tinfoil Hat|Magnezone|319\/319
|move|p1a: Excadrill|Earthquake|p2a: Tinfoil Hat
|-supereffective|p2a: Tinfoil Hat
|-damage|p2a: Tinfoil Hat|0 fnt
|faint|p2a: Tinfoil Hat
|
|-weather|Sandstorm|[upkeep]
|c| BibarelThump|isn't scarf
|join|bitches brew
|c| BibarelThump|or specs
|
|switch|p2a: Hot Stove|Garchomp, M|420\/420
|turn|21
|c| BibarelThump|or timid
|c| BibarelThump|to be fair
|join|asdfCookie
|
|move|p1a: Excadrill|Earthquake|p2a: Hot Stove
|-damage|p2a: Hot Stove|129\/420
|move|p2a: Hot Stove|Fire Blast|p1a: Excadrill
|-supereffective|p1a: Excadrill
|-damage|p1a: Excadrill|156\/362
|
|-weather|none
|turn|22
|c| BibarelThump|the bulk
|c|âTFL|powah
|c| BibarelThump|hello??
|c|âTFL|defensive chomp
|c| BibarelThump|reveal av
|
|move|p1a: Excadrill|Earthquake|p2a: Hot Stove
|-damage|p2a: Hot Stove|0 fnt
|faint|p2a: Hot Stove
|
|c|âSharpteeth|Powah
|c|âSharpteeth|CB drill
|
|switch|p2a: Broom Head|Weavile, M|192\/282
|-ability|p2a: Broom Head|Pressure
|turn|23
|
|move|p2a: Broom Head|Knock Off|p1a: Excadrill
|-crit|p1a: Excadrill
|-damage|p1a: Excadrill|0 fnt
|-enditem|p1a: Excadrill|Choice Band|[from] move: Knock Off|[of] p2a: Broom Head
|-damage|p2a: Broom Head|164\/282|[from] item: Life Orb
|faint|p1a: Excadrill
|
|c|âTFL|how is dat possible?
|c|âTFL|i legit clicked lando
|c|âTFL|to switch
|c|âTFL|O_O
|c|âTFL|nice hacks makin knock off into pursuit
|c|âTFL|imo
|
|switch|p1a: Landorus|Landorus, M|139\/320
|turn|24
|c| BibarelThump|reveal
|c| BibarelThump|quick attack lando
|join|Hannibal Lector 15
|c|âTFL|bullet punch
|c|âSharpteeth|I'll commend you for not
|c| BibarelThump|mach
|c|âSharpteeth|ragequitting
|c|âSharpteeth|so
|c| BibarelThump|gravity web tho
|c|âSharpteeth|lololololololol
|c| BibarelThump|n b
|leave|Sharpteeth
|player|p2
|leave|BibarelThump
|leave|Dec19finaletears
|join|Ailurophilia
|leave|Ailurophilia
|-message|Player 2 lost due to inactivity.
|
|win|TFL
|leave|Hannibal Lector 15
|leave|bitches brew
|join|Chillingtilnoon
|leave|TFL
|player|p1