|join|minorpentatonic
|join|Sharpteeth
|player|p1|minorpentatonic|164
|player|p2|Sharpteeth|1
|gametype|singles
|gen|6
|tier|OU
|rated
|clearpoke
|poke|p1|Latios, M
|poke|p1|Tyranitar, M
|poke|p1|Landorus, M
|poke|p1|Suicune
|poke|p1|Heatran, F
|poke|p1|Manectric, F
|poke|p2|Weavile, M
|poke|p2|Diancie
|poke|p2|Skarmory, M
|poke|p2|Latias, F
|poke|p2|Magnezone
|poke|p2|Garchomp, M
|rule|Swagger Clause: Swagger is banned
|rule|Baton Pass Clause: Limit one PokÃ©mon knowing Baton Pass
|rule|Sleep Clause Mod: Limit one foe put to sleep
|rule|Species Clause: Limit one of each PokÃ©mon
|rule|OHKO Clause: OHKO moves are banned
|rule|Moody Clause: Moody is banned
|rule|Evasion Moves Clause: Evasion moves are banned
|rule|Endless Battle Clause: Forcing endless battles is banned
|rule|HP Percentage Mod: HP is shown in percentages
|teampreview
|
|start
|switch|p1a: Suicune|Suicune|404\/404
|switch|p2a: Rubber Duck|Latias, F|344\/344
|-ability|p1a: Suicune|Pressure
|turn|1
|
|switch|p2a: Tinfoil Hat|Magnezone|319\/319
|switch|p1a: Tyranitar|Tyranitar, M|342\/342
|-weather|Sandstorm
|
|-weather|Sandstorm|[upkeep]
|turn|2
|
|move|p1a: Tyranitar|Superpower|p2a: Tinfoil Hat
|-supereffective|p2a: Tinfoil Hat
|-damage|p2a: Tinfoil Hat|63\/319
|-unboost|p1a: Tyranitar|atk|1
|-unboost|p1a: Tyranitar|def|1
|move|p2a: Tinfoil Hat|Flash Cannon|p1a: Tyranitar
|-supereffective|p1a: Tyranitar
|-damage|p1a: Tyranitar|36\/342
|
|-weather|Sandstorm|[upkeep]
|turn|3
|
|switch|p1a: Manectric|Manectric, F|281\/281
|switch|p2a: Rubber Duck|Latias, F|344\/344
|
|-weather|Sandstorm|[upkeep]
|-damage|p2a: Rubber Duck|323\/344|[from] sandstorm
|-damage|p1a: Manectric|264\/281|[from] sandstorm
|-heal|p2a: Rubber Duck|344\/344|[from] item: Leftovers
|turn|4
|join|BattleXV
|
|switch|p1a: Heatran|Heatran, F|385\/385
|move|p2a: Rubber Duck|Draco Meteor|p1a: Heatran
|-resisted|p1a: Heatran
|-damage|p1a: Heatran|322\/385
|-unboost|p2a: Rubber Duck|spa|2
|
|-weather|Sandstorm|[upkeep]
|-damage|p2a: Rubber Duck|323\/344|[from] sandstorm
|-heal|p2a: Rubber Duck|344\/344|[from] item: Leftovers
|-heal|p1a: Heatran|346\/385|[from] item: Leftovers
|turn|5
|
|switch|p2a: Hot Stove|Garchomp, M|420\/420
|move|p1a: Heatran|Toxic|p2a: Hot Stove
|-status|p2a: Hot Stove|tox
|
|-weather|none
|-heal|p1a: Heatran|370\/385|[from] item: Leftovers
|-damage|p2a: Hot Stove|394\/420 tox|[from] psn
|turn|6
|
|switch|p1a: Suicune|Suicune|404\/404
|-ability|p1a: Suicune|Pressure
|move|p2a: Hot Stove|Stealth Rock|p1a: Suicune
|-sidestart|p1: minorpentatonic|move: Stealth Rock
|
|-damage|p2a: Hot Stove|342\/420 tox|[from] psn
|turn|7
|
|move|p2a: Hot Stove|Earthquake|p1a: Suicune
|-damage|p1a: Suicune|304\/404
|move|p1a: Suicune|Calm Mind|p1a: Suicune
|-boost|p1a: Suicune|spa|1
|-boost|p1a: Suicune|spd|1
|
|-heal|p1a: Suicune|329\/404|[from] item: Leftovers
|-damage|p2a: Hot Stove|264\/420 tox|[from] psn
|turn|8
|
|move|p1a: Suicune|Scald|p2a: Hot Stove
|-damage|p2a: Hot Stove|108\/420 tox
|move|p2a: Hot Stove|Dragon Tail|p1a: Suicune
|-damage|p1a: Suicune|266\/404
|drag|p1a: Manectric|Manectric, F|264\/281
|-damage|p1a: Manectric|229\/281|[from] Stealth Rock
|
|-damage|p2a: Hot Stove|4\/420 tox|[from] psn
|turn|9
|c| BattleXV|Sack?
|c| BattleXV|Hm.
|
|detailschange|p1a: Manectric|Manectric-Mega, F
|-mega|p1a: Manectric|Manectric|Manectite
|-ability|p1a: Manectric|Intimidate|[of] p2a: Hot Stove
|-unboost|p2a: Hot Stove|atk|1
|move|p1a: Manectric|Hidden Power|p2a: Hot Stove
|-supereffective|p2a: Hot Stove
|-damage|p2a: Hot Stove|0 fnt
|faint|p2a: Hot Stove
|
|
|switch|p2a: Garden Gnome|Diancie|241\/241
|turn|10
|
|detailschange|p2a: Garden Gnome|Diancie-Mega
|-mega|p2a: Garden Gnome|Diancie|Diancite
|move|p1a: Manectric|Volt Switch|p2a: Garden Gnome
|-damage|p2a: Garden Gnome|102\/241
|join|Rawk Hawk
|
|switch|p1a: Heatran|Heatran, F|370\/385
|-damage|p1a: Heatran|322\/385|[from] Stealth Rock
|move|p2a: Garden Gnome|Moonblast|p1a: Heatran
|-resisted|p1a: Heatran
|-damage|p1a: Heatran|285\/385
|
|-heal|p1a: Heatran|309\/385|[from] item: Leftovers
|turn|11
|
|move|p2a: Garden Gnome|Earth Power|p1a: Heatran
|-supereffective|p1a: Heatran
|-damage|p1a: Heatran|0 fnt
|faint|p1a: Heatran
|
|
|switch|p1a: Manectric|Manectric-Mega, F|229\/281
|-damage|p1a: Manectric|194\/281|[from] Stealth Rock
|-ability|p1a: Manectric|Intimidate|[of] p2a: Garden Gnome
|-unboost|p2a: Garden Gnome|atk|1
|turn|12
|
|switch|p2a: Tinfoil Hat|Magnezone|63\/319
|move|p1a: Manectric|Thunderbolt|p2a: Tinfoil Hat
|-resisted|p2a: Tinfoil Hat
|-damage|p2a: Tinfoil Hat|0 fnt
|faint|p2a: Tinfoil Hat
|
|
|switch|p2a: Rubber Duck|Latias, F|344\/344
|turn|13
|
|move|p1a: Manectric|Volt Switch|p2a: Rubber Duck
|-resisted|p2a: Rubber Duck
|-damage|p2a: Rubber Duck|297\/344
|
|switch|p1a: Landorus|Landorus, M|319\/319
|-damage|p1a: Landorus|280\/319|[from] Stealth Rock
|move|p2a: Rubber Duck|Draco Meteor|p1a: Landorus
|-damage|p1a: Landorus|46\/319
|-unboost|p2a: Rubber Duck|spa|2
|
|-heal|p2a: Rubber Duck|318\/344|[from] item: Leftovers
|turn|14
|
|move|p2a: Rubber Duck|Draco Meteor|p1a: Landorus
|-damage|p1a: Landorus|0 fnt
|-unboost|p2a: Rubber Duck|spa|2
|faint|p1a: Landorus
|
|-heal|p2a: Rubber Duck|339\/344|[from] item: Leftovers
|
|switch|p1a: Latios|Latios, M|302\/302
|-damage|p1a: Latios|265\/302|[from] Stealth Rock
|turn|15
|
|switch|p2a: Broom Head|Weavile, M|282\/282
|-ability|p2a: Broom Head|Pressure
|move|p1a: Latios|Psyshock|p2a: Broom Head
|-immune|p2a: Broom Head|[msg]
|
|turn|16
|
|switch|p1a: Suicune|Suicune|266\/404
|-damage|p1a: Suicune|216\/404|[from] Stealth Rock
|-ability|p1a: Suicune|Pressure
|move|p2a: Broom Head|Knock Off|p1a: Suicune
|-damage|p1a: Suicune|68\/404
|-enditem|p1a: Suicune|Leftovers|[from] move: Knock Off|[of] p2a: Broom Head
|-damage|p2a: Broom Head|254\/282|[from] item: Life Orb
|
|turn|17
|c| BattleXV|Draco would of killed
|c| BattleXV|Maybe
|
|move|p2a: Broom Head|Knock Off|p1a: Suicune
|-damage|p1a: Suicune|0 fnt
|-damage|p2a: Broom Head|226\/282|[from] item: Life Orb
|faint|p1a: Suicune
|
|
|switch|p1a: Manectric|Manectric-Mega, F|194\/281
|-damage|p1a: Manectric|159\/281|[from] Stealth Rock
|-ability|p1a: Manectric|Intimidate|[of] p2a: Broom Head
|-unboost|p2a: Broom Head|atk|1
|turn|18
|c|âSharpteeth|it would have, but it might have been a free switch to diancie
|c| BattleXV|I would of played it safe with scar.
|
|switch|p2a: Rubber Duck|Latias, F|339\/344
|move|p1a: Manectric|Thunderbolt|p2a: Rubber Duck
|-resisted|p2a: Rubber Duck
|-damage|p2a: Rubber Duck|276\/344
|
|-heal|p2a: Rubber Duck|297\/344|[from] item: Leftovers
|turn|19
|c| BattleXV|But nice play
|
|move|p1a: Manectric|Hidden Power|p2a: Rubber Duck
|-supereffective|p2a: Rubber Duck
|-damage|p2a: Rubber Duck|187\/344
|move|p2a: Rubber Duck|Draco Meteor|p1a: Manectric
|-damage|p1a: Manectric|0 fnt
|-unboost|p2a: Rubber Duck|spa|2
|faint|p1a: Manectric
|
|-heal|p2a: Rubber Duck|208\/344|[from] item: Leftovers
|
|switch|p1a: Tyranitar|Tyranitar, M|36\/342
|-damage|p1a: Tyranitar|0 fnt|[from] Stealth Rock
|faint|p1a: Tyranitar
|c|âminorpentatonic|gg
|
|switch|p1a: Latios|Latios, M|265\/302
|-damage|p1a: Latios|228\/302|[from] Stealth Rock
|turn|20
|-message|minorpentatonic forfeited.
|c|âSharpteeth|gg
|
|win|Sharpteeth
|raw|Ladder updating...
|c| BattleXV|Sharp
|c| BattleXV|Battle?
|raw|minorpentatonic's rating: 1534 &rarr; <strong>1520<\/strong><br \/>(-14 for losing)
|raw|Sharpteeth's rating: 1633 &rarr; <strong>1647<\/strong><br \/>(+14 for winning)
|c|âSharpteeth|sure
|leave|Sharpteeth