|join|Sharpteeth
|join|UnovianSnivy
|player|p1|Sharpteeth|1
|player|p2|UnovianSnivy|169
|gametype|singles
|gen|6
|tier|OU
|rated
|clearpoke
|poke|p1|Scizor, F
|poke|p1|Clefable, M
|poke|p1|Dugtrio, M
|poke|p1|Latias, F
|poke|p1|Tornadus-Therian, M
|poke|p1|Heatran, M
|poke|p2|Lopunny, F, shiny
|poke|p2|Heatran, M, shiny
|poke|p2|Landorus-Therian, M, shiny
|poke|p2|Rotom-Wash, shiny
|poke|p2|Breloom, M, shiny
|poke|p2|Latias, F, shiny
|rule|Swagger Clause: Swagger is banned
|rule|Baton Pass Clause: Limit one PokÃ©mon knowing Baton Pass
|rule|Sleep Clause Mod: Limit one foe put to sleep
|rule|Species Clause: Limit one of each PokÃ©mon
|rule|OHKO Clause: OHKO moves are banned
|rule|Moody Clause: Moody is banned
|rule|Evasion Moves Clause: Evasion moves are banned
|rule|Endless Battle Clause: Forcing endless battles is banned
|rule|HP Percentage Mod: HP is shown in percentages
|teampreview
|
|start
|switch|p1a: Latias|Latias, F|344\/344
|switch|p2a: Landorus-Therian|Landorus-Therian, M, shiny|382\/382
|-ability|p2a: Landorus-Therian|Intimidate|[of] p1a: Latias
|-unboost|p1a: Latias|atk|1
|turn|1
|
|move|p1a: Latias|Draco Meteor|p2a: Landorus-Therian
|-damage|p2a: Landorus-Therian|183\/382
|-unboost|p1a: Latias|spa|2
|move|p2a: Landorus-Therian|Knock Off|p1a: Latias
|-supereffective|p1a: Latias
|-damage|p1a: Latias|26\/344
|-enditem|p1a: Latias|Leftovers|[from] move: Knock Off|[of] p2a: Landorus-Therian
|
|turn|2
|
|switch|p2a: Lopunny|Lopunny, F, shiny|272\/272
|move|p1a: Latias|Draco Meteor|p2a: Lopunny
|-damage|p2a: Lopunny|184\/272
|-unboost|p1a: Latias|spa|2
|
|turn|3
|
|switch|p1a: Scizor|Scizor, F|343\/343
|detailschange|p2a: Lopunny|Lopunny-Mega, F, shiny
|-mega|p2a: Lopunny|Lopunny|Lopunnite
|move|p2a: Lopunny|Fake Out|p1a: Scizor
|-resisted|p1a: Scizor
|-damage|p1a: Scizor|305\/343
|
|turn|4
|
|detailschange|p1a: Scizor|Scizor-Mega, F
|-mega|p1a: Scizor|Scizor|Scizorite
|move|p2a: Lopunny|Drain Punch|p1a: Scizor
|-damage|p1a: Scizor|211\/343
|-heal|p2a: Lopunny|231\/272|[from] drain|[of] p1a: Scizor
|move|p1a: Scizor|Knock Off|p2a: Lopunny
|-resisted|p2a: Lopunny
|-damage|p2a: Lopunny|190\/272
|
|turn|5
|
|switch|p2a: Heatran|Heatran, M, shiny|385\/385
|-item|p2a: Heatran|Air Balloon
|move|p1a: Scizor|Roost|p1a: Scizor
|-heal|p1a: Scizor|343\/343
|
|turn|6
|
|switch|p1a: Latias|Latias, F|26\/344
|move|p2a: Heatran|Stealth Rock|p1a: Latias
|-sidestart|p1: Sharpteeth|move: Stealth Rock
|
|turn|7
|
|move|p1a: Latias|Defog|p2a: Heatran
|-unboost|p2a: Heatran|evasion|1
|-sideend|p1: Sharpteeth|Stealth Rock|[from] move: Defog|[of] p1a: Latias
|move|p2a: Heatran|Toxic|p1a: Latias
|-status|p1a: Latias|tox
|
|-damage|p1a: Latias|5\/344 tox|[from] psn
|turn|8
|
|move|p1a: Latias|Psyshock|p2a: Heatran
|-resisted|p2a: Heatran
|-damage|p2a: Heatran|331\/385
|-enditem|p2a: Heatran|Air Balloon
|move|p2a: Heatran|Stealth Rock|p1a: Latias
|-sidestart|p1: Sharpteeth|move: Stealth Rock
|
|-damage|p1a: Latias|0 fnt|[from] psn
|faint|p1a: Latias
|
|switch|p1a: Heatran|Heatran, M|324\/324
|-damage|p1a: Heatran|284\/324|[from] Stealth Rock
|-item|p1a: Heatran|Air Balloon
|turn|9
|
|switch|p2a: Landorus-Therian|Landorus-Therian, M, shiny|183\/382
|-ability|p2a: Landorus-Therian|Intimidate|[of] p1a: Heatran
|-unboost|p1a: Heatran|atk|1
|move|p1a: Heatran|Stealth Rock|p2a: Landorus-Therian
|-sidestart|p2: UnovianSnivy|move: Stealth Rock
|
|turn|10
|
|switch|p1a: Tornadus-Therian|Tornadus-Therian, M|323\/323
|-damage|p1a: Tornadus-Therian|243\/323|[from] Stealth Rock
|move|p2a: Landorus-Therian|U-turn|p1a: Tornadus-Therian
|-resisted|p1a: Tornadus-Therian
|-damage|p1a: Tornadus-Therian|171\/323
|
|switch|p2a: Rotom-Wash|Rotom-Wash, shiny|304\/304
|-damage|p2a: Rotom-Wash|266\/304|[from] Stealth Rock
|
|-heal|p2a: Rotom-Wash|285\/304|[from] item: Leftovers
|turn|11
|
|move|p1a: Tornadus-Therian|Knock Off|p2a: Rotom-Wash
|-damage|p2a: Rotom-Wash|218\/304
|-enditem|p2a: Rotom-Wash|Leftovers|[from] move: Knock Off|[of] p1a: Tornadus-Therian
|move|p2a: Rotom-Wash|Will-O-Wisp|p1a: Tornadus-Therian
|-status|p1a: Tornadus-Therian|brn
|
|-damage|p1a: Tornadus-Therian|131\/323 brn|[from] brn
|turn|12
|join|NekoNay
|
|move|p1a: Tornadus-Therian|Hurricane|p2a: Rotom-Wash
|-resisted|p2a: Rotom-Wash
|-damage|p2a: Rotom-Wash|158\/304
|move|p2a: Rotom-Wash|Hydro Pump|p1a: Tornadus-Therian
|-damage|p1a: Tornadus-Therian|32\/323 brn
|
|-damage|p1a: Tornadus-Therian|0 fnt|[from] brn
|faint|p1a: Tornadus-Therian
|
|switch|p1a: Clefable|Clefable, M|394\/394
|turn|13
|
|move|p2a: Rotom-Wash|Pain Split|p1a: Clefable
|-sethp|p1a: Clefable|276\/394|p2a: Rotom-Wash|276\/304|[from] move: Pain Split
|move|p1a: Clefable|Moonblast|p2a: Rotom-Wash
|-damage|p2a: Rotom-Wash|209\/304
|
|-heal|p1a: Clefable|300\/394|[from] item: Leftovers
|turn|14
|
|move|p2a: Rotom-Wash|Volt Switch|p1a: Clefable
|-damage|p1a: Clefable|204\/394
|
|switch|p2a: Landorus-Therian|Landorus-Therian, M, shiny|183\/382
|-damage|p2a: Landorus-Therian|136\/382|[from] Stealth Rock
|-ability|p2a: Landorus-Therian|Intimidate|[of] p1a: Clefable
|-unboost|p1a: Clefable|atk|1
|move|p1a: Clefable|Moonblast|p2a: Landorus-Therian
|-damage|p2a: Landorus-Therian|3\/382
|-unboost|p2a: Landorus-Therian|spa|1
|
|-heal|p1a: Clefable|228\/394|[from] item: Leftovers
|turn|15
|join|asdfCookie
|
|move|p2a: Landorus-Therian|Knock Off|p1a: Clefable
|-resisted|p1a: Clefable
|-damage|p1a: Clefable|165\/394
|-enditem|p1a: Clefable|Leftovers|[from] move: Knock Off|[of] p2a: Landorus-Therian
|move|p1a: Clefable|Soft-Boiled|p1a: Clefable
|-heal|p1a: Clefable|362\/394
|
|turn|16
|
|move|p2a: Landorus-Therian|Knock Off|p1a: Clefable
|-resisted|p1a: Clefable
|-damage|p1a: Clefable|321\/394
|move|p1a: Clefable|Calm Mind|p1a: Clefable
|-boost|p1a: Clefable|spa|1
|-boost|p1a: Clefable|spd|1
|
|turn|17
|
|switch|p2a: Heatran|Heatran, M, shiny|331\/385
|-damage|p2a: Heatran|283\/385|[from] Stealth Rock
|move|p1a: Clefable|Soft-Boiled|p1a: Clefable
|-heal|p1a: Clefable|394\/394
|
|turn|18
|
|switch|p1a: Heatran|Heatran, M|284\/324
|-damage|p1a: Heatran|244\/324|[from] Stealth Rock
|-item|p1a: Heatran|Air Balloon
|move|p2a: Heatran|Lava Plume|p1a: Heatran
|-start|p1a: Heatran|ability: Flash Fire
|
|turn|19
|
|switch|p2a: Latias|Latias, F, shiny|364\/364
|-damage|p2a: Latias|319\/364|[from] Stealth Rock
|move|p1a: Heatran|Fire Blast|p2a: Latias
|-resisted|p2a: Latias
|-damage|p2a: Latias|211\/364
|
|-heal|p2a: Latias|233\/364|[from] item: Leftovers
|turn|20
|
|switch|p1a: Clefable|Clefable, M|394\/394
|move|p2a: Latias|Defog|p1a: Clefable
|-unboost|p1a: Clefable|evasion|1
|-sideend|p1: Sharpteeth|Stealth Rock|[from] move: Defog|[of] p1a: Clefable
|-sideend|p2: UnovianSnivy|Stealth Rock|[from] move: Defog|[of] p2a: Latias
|
|-heal|p2a: Latias|255\/364|[from] item: Leftovers
|turn|21
|
|move|p2a: Latias|Psyshock|p1a: Clefable
|-damage|p1a: Clefable|304\/394
|move|p1a: Clefable|Moonblast|p2a: Latias
|-supereffective|p2a: Latias
|-damage|p2a: Latias|97\/364
|-unboost|p2a: Latias|spa|1
|
|-heal|p2a: Latias|119\/364|[from] item: Leftovers
|turn|22
|
|move|p2a: Latias|Wish|p2a: Latias
|move|p1a: Clefable|Moonblast|p2a: Latias
|-supereffective|p2a: Latias
|-damage|p2a: Latias|0 fnt
|faint|p2a: Latias
|
|
|switch|p2a: Landorus-Therian|Landorus-Therian, M, shiny|3\/382
|-ability|p2a: Landorus-Therian|Intimidate|[of] p1a: Clefable
|-unboost|p1a: Clefable|atk|1
|turn|23
|
|move|p2a: Landorus-Therian|U-turn|p1a: Clefable
|-resisted|p1a: Clefable
|-damage|p1a: Clefable|262\/394
|
|switch|p2a: Breloom|Breloom, M, shiny|262\/262
|move|p1a: Clefable|Soft-Boiled|p1a: Clefable
|-heal|p1a: Clefable|394\/394
|
|turn|24
|
|move|p2a: Breloom|Spore|p1a: Clefable
|-status|p1a: Clefable|slp
|cant|p1a: Clefable|slp
|
|turn|25
|
|switch|p1a: Scizor|Scizor-Mega, F|343\/343
|move|p2a: Breloom|Swords Dance|p2a: Breloom
|-boost|p2a: Breloom|atk|2
|
|turn|26
|
|move|p2a: Breloom|Mach Punch|p1a: Scizor
|-damage|p1a: Scizor|175\/343
|move|p1a: Scizor|Swords Dance|p1a: Scizor
|-boost|p1a: Scizor|atk|2
|
|turn|27
|
|move|p2a: Breloom|Swords Dance|p2a: Breloom
|-boost|p2a: Breloom|atk|2
|move|p1a: Scizor|Roost|p1a: Scizor
|-heal|p1a: Scizor|343\/343
|
|turn|28
|
|move|p2a: Breloom|Mach Punch|p1a: Scizor
|-damage|p1a: Scizor|94\/343
|move|p1a: Scizor|Bullet Punch|p2a: Breloom
|-enditem|p2a: Breloom|Focus Sash
|-damage|p2a: Breloom|1\/262
|
|turn|29
|c|âSharpteeth|gg
|
|move|p2a: Breloom|Mach Punch|p1a: Scizor
|-damage|p1a: Scizor|0 fnt
|faint|p1a: Scizor
|
|c|âUnovianSnivy|gg
|-message|Sharpteeth forfeited.
|leave|Sharpteeth
|leave|asdfCookie
|c|âUnovianSnivy|oh come on
|
|win|UnovianSnivy
|raw|Ladder updating...
|player|p1
|raw|Sharpteeth's rating: 1630 &rarr; <strong>1602<\/strong><br \/>(-28 for losing)
|raw|UnovianSnivy's rating: 1489 &rarr; <strong>1517<\/strong><br \/>(+28 for winning)