|join|subzeromk
|join|Sharpteeth
|player|p1|subzeromk|20
|player|p2|Sharpteeth|1
|gametype|singles
|gen|6
|tier|OU
|rated
|clearpoke
|poke|p1|Garchomp, F
|poke|p1|Landorus, M
|poke|p1|Gardevoir, F, shiny
|poke|p1|Breloom, M
|poke|p1|Bisharp, M
|poke|p1|Latias, F
|poke|p2|Weavile, F
|poke|p2|Diancie
|poke|p2|Skarmory, F
|poke|p2|Latias, F
|poke|p2|Magnezone
|poke|p2|Garchomp, F
|rule|Swagger Clause: Swagger is banned
|rule|Baton Pass Clause: Limit one PokÃ©mon knowing Baton Pass
|rule|Sleep Clause Mod: Limit one foe put to sleep
|rule|Species Clause: Limit one of each PokÃ©mon
|rule|OHKO Clause: OHKO moves are banned
|rule|Moody Clause: Moody is banned
|rule|Evasion Moves Clause: Evasion moves are banned
|rule|Endless Battle Clause: Forcing endless battles is banned
|rule|HP Percentage Mod: HP is shown in percentages
|teampreview
|join|ratchet cow stank
|
|start
|switch|p1a: Hilda|Gardevoir, F, shiny|314\/314
|switch|p2a: Garden Gnome|Diancie|241\/241
|-ability|p1a: Hilda|Clear Body|[from] ability: Trace|[of] p2a: Garden Gnome
|turn|1
|
|detailschange|p1a: Hilda|Gardevoir-Mega, F, shiny
|-mega|p1a: Hilda|Gardevoir|Gardevoirite
|detailschange|p2a: Garden Gnome|Diancie-Mega
|-mega|p2a: Garden Gnome|Diancie|Diancite
|move|p2a: Garden Gnome|Protect|p2a: Garden Gnome
|-singleturn|p2a: Garden Gnome|Protect
|move|p1a: Hilda|Hyper Voice|p2a: Garden Gnome
|-activate|p2a: Garden Gnome|Protect
|
|turn|2
|
|switch|p2a: Tinfoil Hat|Magnezone|319\/319
|move|p1a: Hilda|Hidden Power|p2a: Tinfoil Hat
|-supereffective|p2a: Tinfoil Hat
|-damage|p2a: Tinfoil Hat|0 fnt
|faint|p2a: Tinfoil Hat
|
|
|switch|p2a: Panic Button|Skarmory, F|334\/334
|turn|3
|
|switch|p1a: Kisame|Garchomp, F|419\/419
|move|p2a: Panic Button|Stealth Rock|p1a: Kisame
|-sidestart|p1: subzeromk|move: Stealth Rock
|
|turn|4
|
|move|p2a: Panic Button|Spikes|p1a: Kisame
|-sidestart|p1: subzeromk|Spikes
|move|p1a: Kisame|Earthquake|p2a: Panic Button
|-immune|p2a: Panic Button|[msg]
|
|turn|5
|
|move|p2a: Panic Button|Taunt|p1a: Kisame
|-start|p1a: Kisame|move: Taunt
|move|p1a: Kisame|Fire Blast|p2a: Panic Button
|-supereffective|p2a: Panic Button
|-damage|p2a: Panic Button|152\/334
|-enditem|p2a: Panic Button|Red Card|[of] p1a: Kisame
|drag|p1a: Kensei|Breloom, M|262\/262
|-damage|p1a: Kensei|246\/262|[from] Stealth Rock
|-damage|p1a: Kensei|214\/262|[from] Spikes
|
|turn|6
|
|move|p1a: Kensei|Mach Punch|p2a: Panic Button
|-damage|p2a: Panic Button|45\/334
|-damage|p1a: Kensei|188\/262|[from] item: Life Orb
|move|p2a: Panic Button|Taunt|p1a: Kensei
|-start|p1a: Kensei|move: Taunt
|
|turn|7
|
|move|p1a: Kensei|Mach Punch|p2a: Panic Button
|-damage|p2a: Panic Button|0 fnt
|-damage|p1a: Kensei|162\/262|[from] item: Life Orb
|faint|p2a: Panic Button
|
|
|switch|p2a: Broom Head|Weavile, F|282\/282
|-ability|p2a: Broom Head|Pressure
|turn|8
|
|move|p2a: Broom Head|Ice Shard|p1a: Kensei
|-supereffective|p1a: Kensei
|-damage|p1a: Kensei|0 fnt
|-damage|p2a: Broom Head|254\/282|[from] item: Life Orb
|faint|p1a: Kensei
|
|
|switch|p1a: Madara|Bisharp, M|334\/334
|-damage|p1a: Madara|293\/334|[from] Spikes
|-damage|p1a: Madara|273\/334|[from] Stealth Rock
|turn|9
|
|switch|p2a: Hot Stove|Garchomp, F|420\/420
|switch|p1a: Kisame|Garchomp, F|419\/419
|-damage|p1a: Kisame|393\/419|[from] Stealth Rock
|-damage|p1a: Kisame|341\/419|[from] Spikes
|
|turn|10
|
|switch|p2a: Garden Gnome|Diancie-Mega|241\/241
|move|p1a: Kisame|Hidden Power|p2a: Garden Gnome
|-damage|p2a: Garden Gnome|203\/241
|
|turn|11
|c|âSharpteeth|and I've now seen everything.
|
|move|p2a: Garden Gnome|Moonblast|p1a: Kisame
|-supereffective|p1a: Kisame
|-damage|p1a: Kisame|0 fnt
|faint|p1a: Kisame
|
|
|switch|p1a: Ugo|Landorus, M|319\/319
|-damage|p1a: Ugo|280\/319|[from] Stealth Rock
|turn|12
|
|switch|p2a: Rubber Duck|Latias, F|344\/344
|switch|p1a: Madara|Bisharp, M|273\/334
|-damage|p1a: Madara|253\/334|[from] Stealth Rock
|-damage|p1a: Madara|212\/334|[from] Spikes
|
|turn|13
|
|move|p2a: Rubber Duck|Draco Meteor|p1a: Madara
|-crit|p1a: Madara
|-resisted|p1a: Madara
|-damage|p1a: Madara|23\/334
|-unboost|p2a: Rubber Duck|spa|2
|move|p1a: Madara|Pursuit|p2a: Rubber Duck
|-supereffective|p2a: Rubber Duck
|-damage|p2a: Rubber Duck|146\/344
|
|-heal|p2a: Rubber Duck|167\/344|[from] item: Leftovers
|turn|14
|
|move|p2a: Rubber Duck|Healing Wish|p2a: Rubber Duck
|faint|p2a: Rubber Duck
|move|p1a: Madara|Pursuit|p2: Rubber Duck|[notarget]
|-notarget
|
|
|switch|p2a: Broom Head|Weavile, F|254\/282
|-heal|p2a: Broom Head|282\/282|[from] move: Healing Wish
|-ability|p2a: Broom Head|Pressure
|turn|15
|
|move|p2a: Broom Head|Ice Shard|p1a: Madara
|-crit|p1a: Madara
|-resisted|p1a: Madara
|-damage|p1a: Madara|0 fnt
|-damage|p2a: Broom Head|254\/282|[from] item: Life Orb
|faint|p1a: Madara
|
|
|switch|p1a: Hilda|Gardevoir-Mega, F, shiny|314\/314
|-damage|p1a: Hilda|275\/314|[from] Spikes
|-damage|p1a: Hilda|236\/314|[from] Stealth Rock
|turn|16
|
|switch|p2a: Hot Stove|Garchomp, F|420\/420
|move|p1a: Hilda|Hyper Voice|p2a: Hot Stove
|-supereffective|p2a: Hot Stove
|-damage|p2a: Hot Stove|0 fnt
|faint|p2a: Hot Stove
|
|
|switch|p2a: Garden Gnome|Diancie-Mega|203\/241
|turn|17
|
|move|p2a: Garden Gnome|Moonblast|p1a: Hilda
|-damage|p1a: Hilda|92\/314
|move|p1a: Hilda|Hyper Voice|p2a: Garden Gnome
|-crit|p2a: Garden Gnome
|-damage|p2a: Garden Gnome|0 fnt
|faint|p2a: Garden Gnome
|
|c| ratchet cow stank|subzero
|-message|subzeromk forfeited.
|c| ratchet cow stank|shoulda sacked lando imo
|leave|subzeromk
|
|win|Sharpteeth
|raw|Ladder updating...
|player|p1
|raw|subzeromk's rating: 1679 &rarr; <strong>1655<\/strong><br \/>(-24 for losing)
|raw|Sharpteeth's rating: 1594 &rarr; <strong>1619<\/strong><br \/>(+25 for winning)
|
|switch|p2a: Broom Head|Weavile, F|254\/282