|join|Sharpteeth
|join|bousheesnaw
|player|p1|Sharpteeth|1
|player|p2|bousheesnaw|1
|gametype|singles
|gen|6
|tier|OU
|rated
|clearpoke
|poke|p1|Talonflame, F
|poke|p1|Diancie
|poke|p1|Bisharp, M
|poke|p1|Skarmory, F
|poke|p1|Raikou
|poke|p1|Starmie
|poke|p2|Gyarados, M
|poke|p2|Magnezone
|poke|p2|Landorus-Therian, M
|poke|p2|Latios, M
|poke|p2|Sylveon, F
|poke|p2|Skarmory, M
|rule|Swagger Clause: Swagger is banned
|rule|Baton Pass Clause: Limit one PokÃ©mon knowing Baton Pass
|rule|Sleep Clause Mod: Limit one foe put to sleep
|rule|Species Clause: Limit one of each PokÃ©mon
|rule|OHKO Clause: OHKO moves are banned
|rule|Moody Clause: Moody is banned
|rule|Evasion Moves Clause: Evasion moves are banned
|rule|Endless Battle Clause: Forcing endless battles is banned
|rule|HP Percentage Mod: HP is shown in percentages
|teampreview
|c|âbousheesnaw|gl
|
|start
|switch|p1a: Skarmory|Skarmory, F|240\/240
|switch|p2a: Magnezone|Magnezone|281\/281
|turn|1
|c|âSharpteeth|gl
|
|move|p2a: Magnezone|Volt Switch|p1a: Skarmory
|-supereffective|p1a: Skarmory
|-activate|p1a: Skarmory|Sturdy
|-damage|p1a: Skarmory|1\/240
|
|switch|p2a: Latios|Latios, M|301\/301
|-enditem|p1a: Skarmory|Salac Berry|[eat]
|-boost|p1a: Skarmory|spe|1|[from] item: Salac Berry
|move|p1a: Skarmory|Stealth Rock|p2a: Latios
|-sidestart|p2: bousheesnaw|move: Stealth Rock
|
|turn|2
|join|Bluntteeth
|
|move|p1a: Skarmory|Brave Bird|p2a: Latios
|-damage|p2a: Latios|109\/301
|-damage|p1a: Skarmory|0 fnt|[from] recoil|[of] p2a: Latios
|faint|p1a: Skarmory
|move|p2a: Latios|Defog|p1: Skarmory|[notarget]
|-notarget
|
|
|switch|p1a: Starmie|Starmie|261\/261
|turn|3
|c| Bluntteeth|what's seasonal space time funtimes?
|
|switch|p2a: Sylveon|Sylveon, F|394\/394
|-damage|p2a: Sylveon|345\/394|[from] Stealth Rock
|move|p1a: Starmie|Hydro Pump|p2a: Sylveon
|-damage|p2a: Sylveon|192\/394
|-damage|p1a: Starmie|235\/261|[from] item: Life Orb
|
|-heal|p2a: Sylveon|216\/394|[from] item: Leftovers
|turn|4
|
|switch|p1a: Talonflame|Talonflame, F|359\/359
|switch|p2a: Magnezone|Magnezone|281\/281
|-damage|p2a: Magnezone|264\/281|[from] Stealth Rock
|
|turn|5
|
|switch|p2a: Landorus-Therian|Landorus-Therian, M|382\/382
|-damage|p2a: Landorus-Therian|335\/382|[from] Stealth Rock
|-ability|p2a: Landorus-Therian|Intimidate|[of] p1a: Talonflame
|-unboost|p1a: Talonflame|atk|1
|switch|p1a: Raikou|Raikou|321\/321
|-ability|p1a: Raikou|Pressure
|
|-heal|p2a: Landorus-Therian|358\/382|[from] item: Leftovers
|turn|6
|
|move|p1a: Raikou|Hidden Power|p2a: Landorus-Therian
|-supereffective|p2a: Landorus-Therian
|-damage|p2a: Landorus-Therian|66\/382
|move|p2a: Landorus-Therian|Stealth Rock|p1a: Raikou
|-sidestart|p1: Sharpteeth|move: Stealth Rock
|
|-heal|p2a: Landorus-Therian|89\/382|[from] item: Leftovers
|turn|7
|c| Bluntteeth|and why sharp teeth
|
|switch|p2a: Sylveon|Sylveon, F|216\/394
|-damage|p2a: Sylveon|167\/394|[from] Stealth Rock
|move|p1a: Raikou|Hidden Power|p2a: Sylveon
|-damage|p2a: Sylveon|127\/394
|
|-heal|p2a: Sylveon|151\/394|[from] item: Leftovers
|turn|8
|
|move|p1a: Raikou|Volt Switch|p2a: Sylveon
|-damage|p2a: Sylveon|84\/394
|
|switch|p1a: Starmie|Starmie|235\/261
|-damage|p1a: Starmie|203\/261|[from] Stealth Rock
|move|p2a: Sylveon|Wish|p2a: Sylveon
|
|-heal|p2a: Sylveon|108\/394|[from] item: Leftovers
|turn|9
|c|âbousheesnaw|weren't you top 10 once?
|
|move|p2a: Sylveon|Protect|p2a: Sylveon
|-singleturn|p2a: Sylveon|Protect
|move|p1a: Starmie|Rapid Spin|p2a: Sylveon
|-activate|p2a: Sylveon|Protect
|
|-heal|p2a: Sylveon|305\/394|[from] move: Wish|[wisher] Sylveon
|-heal|p2a: Sylveon|329\/394|[from] item: Leftovers
|turn|10
|c|âSharpteeth|a long, long while ago
|c|âbousheesnaw|yeah i recognized the name
|
|switch|p2a: Magnezone|Magnezone|264\/281
|-damage|p2a: Magnezone|247\/281|[from] Stealth Rock
|move|p1a: Starmie|Rapid Spin|p2a: Magnezone
|-resisted|p2a: Magnezone
|-damage|p2a: Magnezone|238\/281
|-sideend|p1: Sharpteeth|Stealth Rock|[from] move: Rapid Spin|[of] p1a: Starmie
|-damage|p1a: Starmie|177\/261|[from] item: Life Orb
|
|turn|11
|
|move|p1a: Starmie|Hydro Pump|p2a: Magnezone|[miss]
|-miss|p1a: Starmie|p2a: Magnezone
|move|p2a: Magnezone|Volt Switch|p1a: Starmie
|-supereffective|p1a: Starmie
|-damage|p1a: Starmie|0 fnt
|faint|p1a: Starmie
|c|âbousheesnaw|sorry
|
|switch|p2a: Landorus-Therian|Landorus-Therian, M|89\/382
|-damage|p2a: Landorus-Therian|42\/382|[from] Stealth Rock
|
|-heal|p2a: Landorus-Therian|65\/382|[from] item: Leftovers
|
|switch|p1a: Diancie|Diancie|241\/241
|turn|12
|
|detailschange|p1a: Diancie|Diancie-Mega
|-mega|p1a: Diancie|Diancie|Diancite
|move|p1a: Diancie|Protect|p1a: Diancie
|-singleturn|p1a: Diancie|Protect
|move|p2a: Landorus-Therian|Earthquake|p1a: Diancie
|-activate|p1a: Diancie|Protect
|
|-heal|p2a: Landorus-Therian|88\/382|[from] item: Leftovers
|turn|13
|
|move|p1a: Diancie|Moonblast|p2a: Landorus-Therian
|-damage|p2a: Landorus-Therian|0 fnt
|faint|p2a: Landorus-Therian
|
|
|switch|p2a: Magnezone|Magnezone|238\/281
|-damage|p2a: Magnezone|221\/281|[from] Stealth Rock
|turn|14
|
|move|p1a: Diancie|Protect|p1a: Diancie
|-singleturn|p1a: Diancie|Protect
|move|p2a: Magnezone|Volt Switch|p1a: Diancie
|-activate|p1a: Diancie|Protect
|
|turn|15
|
|move|p2a: Magnezone|Volt Switch|p1a: Diancie
|-damage|p1a: Diancie|115\/241
|
|switch|p2a: Sylveon|Sylveon, F|329\/394
|-damage|p2a: Sylveon|280\/394|[from] Stealth Rock
|move|p1a: Diancie|Diamond Storm|p2a: Sylveon
|-crit|p2a: Sylveon
|-damage|p2a: Sylveon|0 fnt
|faint|p2a: Sylveon
|
|
|switch|p2a: Magnezone|Magnezone|221\/281
|-damage|p2a: Magnezone|204\/281|[from] Stealth Rock
|turn|16
|
|move|p2a: Magnezone|Volt Switch|p1a: Diancie
|-damage|p1a: Diancie|0 fnt
|faint|p1a: Diancie
|
|switch|p2a: Latios|Latios, M|109\/301
|-damage|p2a: Latios|72\/301|[from] Stealth Rock
|
|
|switch|p1a: Raikou|Raikou|321\/321
|-ability|p1a: Raikou|Pressure
|turn|17
|
|move|p1a: Raikou|Shadow Ball|p2a: Latios
|-supereffective|p2a: Latios
|-damage|p2a: Latios|0 fnt
|faint|p2a: Latios
|
|
|switch|p2a: Magnezone|Magnezone|204\/281
|-damage|p2a: Magnezone|187\/281|[from] Stealth Rock
|turn|18
|
|move|p1a: Raikou|Shadow Ball|p2a: Magnezone
|-damage|p2a: Magnezone|92\/281
|move|p2a: Magnezone|Thunderbolt|p1a: Raikou
|-resisted|p1a: Raikou
|-damage|p1a: Raikou|264\/321
|
|turn|19
|
|move|p1a: Raikou|Shadow Ball|p2a: Magnezone
|-damage|p2a: Magnezone|2\/281
|-unboost|p2a: Magnezone|spd|1
|move|p2a: Magnezone|Thunderbolt|p1a: Raikou
|-crit|p1a: Raikou
|-resisted|p1a: Raikou
|-damage|p1a: Raikou|180\/321
|
|turn|20
|
|move|p1a: Raikou|Shadow Ball|p2a: Magnezone
|-crit|p2a: Magnezone
|-damage|p2a: Magnezone|0 fnt
|faint|p2a: Magnezone
|
|
|switch|p2a: Gyarados|Gyarados, M|331\/331
|-damage|p2a: Gyarados|249\/331|[from] Stealth Rock
|-ability|p2a: Gyarados|Intimidate|[of] p1a: Raikou
|-unboost|p1a: Raikou|atk|1
|turn|21
|
|detailschange|p2a: Gyarados|Gyarados-Mega, M
|-mega|p2a: Gyarados|Gyarados|Gyaradosite
|-ability|p2a: Gyarados|Mold Breaker
|move|p1a: Raikou|Volt Switch|p2a: Gyarados
|-supereffective|p2a: Gyarados
|-damage|p2a: Gyarados|75\/331
|
|switch|p1a: Talonflame|Talonflame, F|359\/359
|move|p2a: Gyarados|Dragon Dance|p2a: Gyarados
|-boost|p2a: Gyarados|atk|1
|-boost|p2a: Gyarados|spe|1
|
|turn|22
|
|switch|p2a: Skarmory|Skarmory, M|333\/333
|-damage|p2a: Skarmory|292\/333|[from] Stealth Rock
|move|p1a: Talonflame|Brave Bird|p2a: Skarmory
|-resisted|p2a: Skarmory
|-damage|p2a: Skarmory|255\/333
|-damage|p1a: Talonflame|300\/359|[from] item: Rocky Helmet|[of] p2a: Skarmory
|-damage|p1a: Talonflame|288\/359|[from] recoil|[of] p2a: Skarmory
|
|-heal|p1a: Talonflame|310\/359|[from] item: Leftovers
|turn|23
|
|move|p1a: Talonflame|Taunt|p2a: Skarmory
|-start|p2a: Skarmory|move: Taunt
|cant|p2a: Skarmory|move: Taunt|Spikes
|
|-heal|p1a: Talonflame|332\/359|[from] item: Leftovers
|turn|24
|
|move|p1a: Talonflame|Will-O-Wisp|p2a: Skarmory
|-status|p2a: Skarmory|brn
|move|p2a: Skarmory|Brave Bird|p1a: Talonflame
|-damage|p1a: Talonflame|256\/359
|-damage|p2a: Skarmory|230\/333 brn|[from] recoil|[of] p1a: Talonflame
|
|-heal|p1a: Talonflame|278\/359|[from] item: Leftovers
|-damage|p2a: Skarmory|189\/333 brn|[from] brn
|turn|25
|c|âbousheesnaw|yeah gg
|c|âSharpteeth|gg
|-message|bousheesnaw forfeited.
|
|win|Sharpteeth
|raw|Ladder updating...
|raw|Sharpteeth's rating: 1638 &rarr; <strong>1651<\/strong><br \/>(+13 for winning)
|raw|bousheesnaw's rating: 1512 &rarr; <strong>1499<\/strong><br \/>(-13 for losing)