|join|jack41
|join|Sharpteeth
|player|p1|jack41|169
|player|p2|Sharpteeth|1
|gametype|singles
|gen|6
|tier|OU
|rated
|clearpoke
|poke|p1|Diancie
|poke|p1|Garchomp, M
|poke|p1|Bisharp, M
|poke|p1|Talonflame, F
|poke|p1|Dragonite, M
|poke|p1|Starmie
|poke|p2|Weavile, F
|poke|p2|Diancie
|poke|p2|Skarmory, F
|poke|p2|Latias, F
|poke|p2|Magnezone
|poke|p2|Garchomp, F
|rule|Swagger Clause: Swagger is banned
|rule|Baton Pass Clause: Limit one PokÃ©mon knowing Baton Pass
|rule|Sleep Clause Mod: Limit one foe put to sleep
|rule|Species Clause: Limit one of each PokÃ©mon
|rule|OHKO Clause: OHKO moves are banned
|rule|Moody Clause: Moody is banned
|rule|Evasion Moves Clause: Evasion moves are banned
|rule|Endless Battle Clause: Forcing endless battles is banned
|rule|HP Percentage Mod: HP is shown in percentages
|teampreview
|
|start
|switch|p1a: Garchomp|Garchomp, M|357\/357
|switch|p2a: Panic Button|Skarmory, F|334\/334
|turn|1
|
|move|p1a: Garchomp|Stealth Rock|p2a: Panic Button
|-sidestart|p2: Sharpteeth|move: Stealth Rock
|move|p2a: Panic Button|Stealth Rock|p1a: Garchomp
|-sidestart|p1: jack41|move: Stealth Rock
|
|turn|2
|
|move|p1a: Garchomp|Dragon Claw|p2a: Panic Button
|-resisted|p2a: Panic Button
|-damage|p2a: Panic Button|281\/334
|-enditem|p2a: Panic Button|Red Card|[of] p1a: Garchomp
|drag|p1a: Dragonite|Dragonite, M|323\/323
|-damage|p1a: Dragonite|243\/323|[from] Stealth Rock
|move|p2a: Panic Button|Spikes|p1a: Dragonite
|-sidestart|p1: jack41|Spikes
|
|turn|3
|
|switch|p1a: Starmie|Starmie|261\/261
|-damage|p1a: Starmie|229\/261|[from] Stealth Rock
|-damage|p1a: Starmie|197\/261|[from] Spikes
|move|p2a: Panic Button|Taunt|p1a: Starmie
|-start|p1a: Starmie|move: Taunt
|
|turn|4
|
|switch|p2a: Rubber Duck|Latias, F|344\/344
|-damage|p2a: Rubber Duck|301\/344|[from] Stealth Rock
|move|p1a: Starmie|Rapid Spin|p2a: Rubber Duck
|-damage|p2a: Rubber Duck|285\/344
|-sideend|p1: jack41|Spikes|[from] move: Rapid Spin|[of] p1a: Starmie
|-sideend|p1: jack41|Stealth Rock|[from] move: Rapid Spin|[of] p1a: Starmie
|-damage|p1a: Starmie|171\/261|[from] item: Life Orb
|
|-heal|p2a: Rubber Duck|306\/344|[from] item: Leftovers
|turn|5
|join|mdianst
|
|move|p1a: Starmie|Ice Beam|p2a: Rubber Duck
|-supereffective|p2a: Rubber Duck
|-damage|p2a: Rubber Duck|124\/344
|-damage|p1a: Starmie|145\/261|[from] item: Life Orb
|move|p2a: Rubber Duck|Defog|p1a: Starmie
|-unboost|p1a: Starmie|evasion|1
|-sideend|p2: Sharpteeth|Stealth Rock|[from] move: Defog|[of] p2a: Rubber Duck
|
|-heal|p2a: Rubber Duck|145\/344|[from] item: Leftovers
|turn|6
|
|switch|p2a: Tinfoil Hat|Magnezone|319\/319
|move|p1a: Starmie|Ice Beam|p2a: Tinfoil Hat
|-resisted|p2a: Tinfoil Hat
|-damage|p2a: Tinfoil Hat|255\/319
|-damage|p1a: Starmie|119\/261|[from] item: Life Orb
|
|-end|p1a: Starmie|move: Taunt
|turn|7
|
|switch|p1a: Garchomp|Garchomp, M|357\/357
|move|p2a: Tinfoil Hat|Flash Cannon|p1a: Garchomp
|-damage|p1a: Garchomp|86\/357
|
|turn|8
|
|switch|p2a: Rubber Duck|Latias, F|145\/344
|move|p1a: Garchomp|Stealth Rock|p2a: Rubber Duck
|-sidestart|p2: Sharpteeth|move: Stealth Rock
|
|-heal|p2a: Rubber Duck|166\/344|[from] item: Leftovers
|turn|9
|
|move|p2a: Rubber Duck|Defog|p1a: Garchomp
|-unboost|p1a: Garchomp|evasion|1
|-sideend|p2: Sharpteeth|Stealth Rock|[from] move: Defog|[of] p2a: Rubber Duck
|move|p1a: Garchomp|Dragon Claw|p2a: Rubber Duck
|-supereffective|p2a: Rubber Duck
|-damage|p2a: Rubber Duck|0 fnt
|faint|p2a: Rubber Duck
|
|
|switch|p2a: Garden Gnome|Diancie|241\/241
|turn|10
|
|detailschange|p2a: Garden Gnome|Diancie-Mega
|-mega|p2a: Garden Gnome|Diancie|Diancite
|move|p2a: Garden Gnome|Protect|p2a: Garden Gnome
|-singleturn|p2a: Garden Gnome|Protect
|move|p1a: Garchomp|Earthquake|p2a: Garden Gnome
|-activate|p2a: Garden Gnome|Protect
|
|turn|11
|
|switch|p1a: Dragonite|Dragonite, M|243\/323
|move|p2a: Garden Gnome|Moonblast|p1a: Dragonite
|-supereffective|p1a: Dragonite
|-damage|p1a: Dragonite|0 fnt
|faint|p1a: Dragonite
|
|
|switch|p1a: Bisharp|Bisharp, M|271\/271
|turn|12
|
|switch|p2a: Panic Button|Skarmory, F|281\/334
|move|p1a: Bisharp|Iron Head|p2a: Panic Button
|-resisted|p2a: Panic Button
|-damage|p2a: Panic Button|225\/334
|
|turn|13
|
|move|p2a: Panic Button|Taunt|p1a: Bisharp
|-start|p1a: Bisharp|move: Taunt
|cant|p1a: Bisharp|move: Taunt|Swords Dance
|
|turn|14
|
|switch|p1a: Starmie|Starmie|119\/261
|move|p2a: Panic Button|Stealth Rock|p1a: Starmie
|-sidestart|p1: jack41|move: Stealth Rock
|
|turn|15
|
|move|p1a: Starmie|Scald|p2a: Panic Button
|-damage|p2a: Panic Button|3\/334
|-damage|p1a: Starmie|93\/261|[from] item: Life Orb
|move|p2a: Panic Button|Stealth Rock|p1a: Starmie
|-fail|p1a: Starmie
|
|turn|16
|
|switch|p2a: Hot Stove|Garchomp, F|420\/420
|move|p1a: Starmie|Rapid Spin|p2a: Hot Stove
|-damage|p2a: Hot Stove|408\/420
|-damage|p1a: Starmie|61\/261|[from] ability: Rough Skin|[of] p2a: Hot Stove
|-damage|p1a: Starmie|18\/261|[from] item: Rocky Helmet|[of] p2a: Hot Stove
|-sideend|p1: jack41|Stealth Rock|[from] move: Rapid Spin|[of] p1a: Starmie
|-damage|p1a: Starmie|0 fnt|[from] item: Life Orb
|faint|p1a: Starmie
|
|join|Siliga
|
|switch|p1a: Garchomp|Garchomp, M|86\/357
|turn|17
|c| Siliga|Sharp look at all of the spoiler spam in OU chat :\/
|
|move|p1a: Garchomp|Dragon Claw|p2a: Hot Stove
|-supereffective|p2a: Hot Stove
|-damage|p2a: Hot Stove|196\/420
|-damage|p1a: Garchomp|42\/357|[from] ability: Rough Skin|[of] p2a: Hot Stove
|-damage|p1a: Garchomp|0 fnt|[from] item: Rocky Helmet|[of] p2a: Hot Stove
|faint|p1a: Garchomp
|move|p2a: Hot Stove|Stealth Rock|p1: Garchomp
|-sidestart|p1: jack41|move: Stealth Rock
|
|c| Siliga|Thanks
|leave|Siliga
|
|switch|p1a: Talonflame|Talonflame, F|297\/297
|-damage|p1a: Talonflame|149\/297|[from] Stealth Rock
|turn|18
|
|move|p1a: Talonflame|Brave Bird|p2a: Hot Stove
|-damage|p2a: Hot Stove|51\/420
|-damage|p1a: Talonflame|112\/297|[from] ability: Rough Skin|[of] p2a: Hot Stove
|-damage|p1a: Talonflame|63\/297|[from] item: Rocky Helmet|[of] p2a: Hot Stove
|-damage|p1a: Talonflame|15\/297|[from] recoil|[of] p2a: Hot Stove
|move|p2a: Hot Stove|Dragon Tail|p1a: Talonflame
|-damage|p1a: Talonflame|0 fnt
|faint|p1a: Talonflame
|
|join|Reverend
|
|switch|p1a: Bisharp|Bisharp, M|271\/271
|-damage|p1a: Bisharp|255\/271|[from] Stealth Rock
|turn|19
|c|âjack41|well gg
|c|âSharpteeth|gg
|-message|jack41 forfeited.
|
|win|Sharpteeth
|raw|Ladder updating...
|raw|jack41's rating: 1662 &rarr; <strong>1643<\/strong><br \/>(-19 for losing)
|raw|Sharpteeth's rating: 1670 &rarr; <strong>1689<\/strong><br \/>(+19 for winning)