|join|Sharpteeth
|join|Zethe
|player|p1|Sharpteeth|1
|player|p2|Zethe|169
|gametype|singles
|gen|6
|tier|OU
|clearpoke
|poke|p1|Weavile, F
|poke|p1|Diancie
|poke|p1|Skarmory, F
|poke|p1|Latias, F
|poke|p1|Magnezone
|poke|p1|Garchomp, F
|poke|p2|Reuniclus, M, shiny
|poke|p2|Ferrothorn, M, shiny
|poke|p2|Shuckle, M, shiny
|poke|p2|Diancie
|poke|p2|Porygon2
|poke|p2|Mew, shiny
|rule|Swagger Clause: Swagger is banned
|rule|Baton Pass Clause: Limit one PokÃ©mon knowing Baton Pass
|rule|Sleep Clause Mod: Limit one foe put to sleep
|rule|Species Clause: Limit one of each PokÃ©mon
|rule|OHKO Clause: OHKO moves are banned
|rule|Moody Clause: Moody is banned
|rule|Evasion Moves Clause: Evasion moves are banned
|rule|Endless Battle Clause: Forcing endless battles is banned
|rule|HP Percentage Mod: HP is shown in percentages
|teampreview
|c|âSharpteeth|gl
|c|âZethe|u2
|
|start
|switch|p1a: Garden Gnome|Diancie|241\/241
|switch|p2a: Diancie|Diancie|301\/301
|turn|1
|
|detailschange|p1a: Garden Gnome|Diancie-Mega
|-mega|p1a: Garden Gnome|Diancie|Diancite
|move|p1a: Garden Gnome|Earth Power|p2a: Diancie
|-supereffective|p2a: Diancie
|-damage|p2a: Diancie|129\/301
|move|p2a: Diancie|Trick Room|p2a: Diancie
|-fieldstart|move: Trick Room|[of] p2a: Diancie
|
|turn|2
|
|detailschange|p2a: Diancie|Diancie-Mega
|-mega|p2a: Diancie|Diancie|Diancite
|move|p1a: Garden Gnome|Protect|p1a: Garden Gnome
|-singleturn|p1a: Garden Gnome|Protect
|move|p2a: Diancie|Earth Power|p1a: Garden Gnome
|-activate|p1a: Garden Gnome|Protect
|
|turn|3
|c|âSharpteeth|mega diancie is actually really, really fast
|c|âZethe|ik
|c|âSharpteeth|so I'm not sure how well it does in TR
|c|âZethe|depends
|c|âZethe|but mostly sweeps
|c|âZethe|dont have to worry about speed  evs
|
|switch|p1a: Panic Button|Skarmory, F|334\/334
|move|p2a: Diancie|Earth Power|p1a: Panic Button
|-immune|p1a: Panic Button|[msg]
|
|turn|4
|c|âZethe|i forgot
|c|âZethe|a wisher
|c|âZethe|damn
|
|switch|p2a: Reuniclus|Reuniclus, M, shiny|404\/404
|move|p1a: Panic Button|Spikes|p2a: Reuniclus
|-sidestart|p2: Zethe|Spikes
|
|turn|5
|
|move|p2a: Reuniclus|Shadow Ball|p1a: Panic Button
|-damage|p1a: Panic Button|179\/334
|-enditem|p1a: Panic Button|Red Card|[of] p2a: Reuniclus
|drag|p2a: Porygon2|Porygon2|374\/374
|-damage|p2a: Porygon2|328\/374|[from] Spikes
|move|p1a: Panic Button|Spikes|p2a: Porygon2
|-sidestart|p2: Zethe|Spikes
|
|-fieldend|move: Trick Room
|turn|6
|
|move|p1a: Panic Button|Stealth Rock|p2a: Porygon2
|-sidestart|p2: Zethe|move: Stealth Rock
|move|p2a: Porygon2|Trick Room|p2a: Porygon2
|-fieldstart|move: Trick Room|[of] p2a: Porygon2
|
|turn|7
|
|switch|p2a: Mew|Mew, shiny|368\/368
|-damage|p2a: Mew|322\/368|[from] Stealth Rock
|-damage|p2a: Mew|261\/368|[from] Spikes
|switch|p1a: Tinfoil Hat|Magnezone|319\/319
|
|turn|8
|
|move|p1a: Tinfoil Hat|Volt Switch|p2a: Mew
|-damage|p2a: Mew|108\/368
|
|switch|p1a: Panic Button|Skarmory, F|179\/334
|move|p2a: Mew|Defog|p1a: Panic Button
|-unboost|p1a: Panic Button|evasion|1
|-sideend|p2: Zethe|Spikes|[from] move: Defog|[of] p2a: Mew
|-sideend|p2: Zethe|Stealth Rock|[from] move: Defog|[of] p2a: Mew
|
|turn|9
|
|move|p2a: Mew|Soft-Boiled|p2a: Mew
|-heal|p2a: Mew|292\/368
|move|p1a: Panic Button|Spikes|p2a: Mew
|-sidestart|p2: Zethe|Spikes
|
|turn|10
|
|move|p1a: Panic Button|Spikes|p2a: Mew
|-sidestart|p2: Zethe|Spikes
|move|p2a: Mew|Roar|p1a: Panic Button
|drag|p1a: Garden Gnome|Diancie-Mega|241\/241
|
|-fieldend|move: Trick Room
|turn|11
|
|switch|p1a: Panic Button|Skarmory, F|179\/334
|move|p2a: Mew|Super Fang|p1a: Panic Button
|-damage|p1a: Panic Button|90\/334
|
|turn|12
|
|move|p1a: Panic Button|Taunt|p2a: Mew
|-start|p2a: Mew|move: Taunt
|cant|p2a: Mew|move: Taunt|Defog
|
|turn|13
|
|switch|p2a: Reuniclus|Reuniclus, M, shiny|404\/404
|-damage|p2a: Reuniclus|337\/404|[from] Spikes
|move|p1a: Panic Button|Stealth Rock|p2a: Reuniclus
|-sidestart|p2: Zethe|move: Stealth Rock
|
|turn|14
|
|move|p1a: Panic Button|Spikes|p2a: Reuniclus
|-sidestart|p2: Zethe|Spikes
|move|p2a: Reuniclus|Trick Room|p2a: Reuniclus
|-fieldstart|move: Trick Room|[of] p2a: Reuniclus
|
|turn|15
|
|switch|p2a: Shuckle|Shuckle, M, shiny|234\/234
|-damage|p2a: Shuckle|176\/234|[from] Stealth Rock
|-damage|p2a: Shuckle|118\/234|[from] Spikes
|move|p1a: Panic Button|Drill Peck|p2a: Shuckle
|-damage|p2a: Shuckle|84\/234
|
|turn|16
|
|move|p2a: Shuckle|Knock Off|p1a: Panic Button
|-damage|p1a: Panic Button|80\/334
|-heal|p2a: Shuckle|85\/234|[from] item: Shell Bell|[of] p1a: Panic Button
|move|p1a: Panic Button|Drill Peck|p2a: Shuckle
|-damage|p2a: Shuckle|52\/234
|
|turn|17
|c|âSharpteeth|power trick shuckle?
|
|move|p2a: Shuckle|Rest|p2a: Shuckle
|-status|p2a: Shuckle|slp
|-heal|p2a: Shuckle|234\/234 slp|[silent]
|-status|p2a: Shuckle|slp|[from] move: Rest
|move|p1a: Panic Button|Drill Peck|p2a: Shuckle
|-damage|p2a: Shuckle|200\/234 slp
|
|turn|18
|c|âSharpteeth|oh, rest
|c|âZethe|i need to tweak the team i forgot a vital component
|c|âSharpteeth|an attacker.
|
|cant|p2a: Shuckle|slp
|move|p1a: Panic Button|Drill Peck|p2a: Shuckle
|-damage|p2a: Shuckle|169\/234 slp
|
|-fieldend|move: Trick Room
|turn|19
|c|âZethe|lolright
|c|âSharpteeth|nothing on your team is really threatening
|c|âSharpteeth|the closest thing is diancie, who's far too fast for TR
|
|move|p1a: Panic Button|Taunt|p2a: Shuckle
|-start|p2a: Shuckle|move: Taunt
|cant|p2a: Shuckle|slp
|
|turn|20
|
|switch|p2a: Ferrothorn|Ferrothorn, M, shiny|330\/330
|-damage|p2a: Ferrothorn|310\/330|[from] Stealth Rock
|-damage|p2a: Ferrothorn|228\/330|[from] Spikes
|move|p1a: Panic Button|Drill Peck|p2a: Ferrothorn
|-damage|p2a: Ferrothorn|185\/330
|-damage|p1a: Panic Button|39\/334|[from] ability: Iron Barbs|[of] p2a: Ferrothorn
|-damage|p1a: Panic Button|0 fnt|[from] item: Rocky Helmet|[of] p2a: Ferrothorn
|faint|p1a: Panic Button
|
|
|switch|p1a: Tinfoil Hat|Magnezone|319\/319
|turn|21
|
|move|p2a: Ferrothorn|Protect|p2a: Ferrothorn
|-singleturn|p2a: Ferrothorn|Protect
|move|p1a: Tinfoil Hat|Hidden Power|p2a: Ferrothorn
|-activate|p2a: Ferrothorn|Protect
|
|turn|22
|
|move|p1a: Tinfoil Hat|Hidden Power|p2a: Ferrothorn
|-supereffective|p2a: Ferrothorn
|-damage|p2a: Ferrothorn|0 fnt
|faint|p2a: Ferrothorn
|
|
|switch|p2a: Mew|Mew, shiny|292\/368
|-damage|p2a: Mew|246\/368|[from] Stealth Rock
|-damage|p2a: Mew|154\/368|[from] Spikes
|turn|23
|
|switch|p1a: Broom Head|Weavile, F|282\/282
|-ability|p1a: Broom Head|Pressure
|move|p2a: Mew|Soft-Boiled|p2a: Mew
|-heal|p2a: Mew|338\/368
|
|turn|24
|
|move|p1a: Broom Head|Knock Off|p2a: Mew
|-supereffective|p2a: Mew
|-damage|p2a: Mew|0 fnt
|-enditem|p2a: Mew|Safety Goggles|[from] move: Knock Off|[of] p1a: Broom Head
|-damage|p1a: Broom Head|254\/282|[from] item: Life Orb
|faint|p2a: Mew
|
|c|âZethe|ok i concede
|c|âZethe|gg
|-message|Zethe forfeited.
|
|win|Sharpteeth
|c|âSharpteeth|gg