|join|Sharpteeth
|join|TFL
|player|p1|Sharpteeth|1
|player|p2|TFL|263
|gametype|singles
|gen|6
|tier|OU
|clearpoke
|poke|p1|Scizor, F
|poke|p1|Clefable, F
|poke|p1|Dugtrio, M
|poke|p1|Latias, F
|poke|p1|Tornadus-Therian, M
|poke|p1|Heatran, M
|poke|p2|Seismitoad, M
|poke|p2|Latias, F
|poke|p2|Amoonguss, M
|poke|p2|Pinsir, M
|poke|p2|Magnezone
|poke|p2|Tyranitar, M
|rule|Swagger Clause: Swagger is banned
|rule|Baton Pass Clause: Limit one PokÃ©mon knowing Baton Pass
|rule|Sleep Clause Mod: Limit one foe put to sleep
|rule|Species Clause: Limit one of each PokÃ©mon
|rule|OHKO Clause: OHKO moves are banned
|rule|Moody Clause: Moody is banned
|rule|Evasion Moves Clause: Evasion moves are banned
|rule|Endless Battle Clause: Forcing endless battles is banned
|rule|HP Percentage Mod: HP is shown in percentages
|teampreview
|join|toneloni97
|c|âTFL|hmmmmmmmmm
|c|âSharpteeth|oh, it's that stupid frog
|c|âSharpteeth|!learn seismitoad, gunk shot
|raw|<div class="infobox">Seismitoad <span class="message-learn-cannotlearn">can't<\/span> learn Gunk Shot<\/div>
|c|âSharpteeth|thank god >.>
|join|thespiritinthesky
|c|âTFL|i have nothing for nado
|
|start
|switch|p1a: Dugtrio|Dugtrio, M|201\/201
|switch|p2a: Seismitoad|Seismitoad, M|414\/414
|turn|1
|
|switch|p1a: Latias|Latias, F|344\/344
|move|p2a: Seismitoad|Stealth Rock|p1a: Latias
|-sidestart|p1: Sharpteeth|move: Stealth Rock
|
|turn|2
|join|Omegasization
|c|âTFL|brb dropping ttar for jirachi
|c| Omegasization|lol
|
|switch|p2a: Tyranitar|Tyranitar, M|342\/342
|-weather|Sandstorm
|move|p1a: Latias|Defog|p2a: Tyranitar
|-unboost|p2a: Tyranitar|evasion|1
|-sideend|p1: Sharpteeth|Stealth Rock|[from] move: Defog|[of] p1a: Latias
|
|-weather|Sandstorm|[upkeep]
|-damage|p1a: Latias|323\/344|[from] sandstorm
|-heal|p1a: Latias|344\/344|[from] item: Leftovers
|turn|3
|c|âTFL|im actually gonna do that
|c| Omegasization|why
|c|âSharpteeth|does that thing have pursuit
|c| Omegasization|ofc it has
|c|âTFL|ofc it does
|c| Omegasization|pursuit
|
|move|p2a: Tyranitar|Pursuit|p1a: Latias|[from]Pursuit
|-supereffective|p1a: Latias
|-damage|p1a: Latias|44\/344
|switch|p1a: Dugtrio|Dugtrio, M|201\/201
|
|-weather|Sandstorm|[upkeep]
|turn|4
|c| Omegasization|its a ttar
|c| Omegasization|what'd you expect
|c|âSharpteeth|._.
|
|move|p1a: Dugtrio|Stealth Rock|p2a: Tyranitar
|-sidestart|p2: TFL|move: Stealth Rock
|move|p2a: Tyranitar|Pursuit|p1a: Dugtrio
|-damage|p1a: Dugtrio|77\/201
|
|-weather|Sandstorm|[upkeep]
|turn|5
|c|âSharpteeth|well
|c|âSharpteeth|maube it was  boah?
|c|âSharpteeth|also, that's...
|c|âSharpteeth|some nasty damage
|c|âTFL|sac your trio now
|
|move|p1a: Dugtrio|Substitute|p1a: Dugtrio
|-start|p1a: Dugtrio|Substitute
|-damage|p1a: Dugtrio|27\/201
|move|p2a: Tyranitar|Pursuit|p1a: Dugtrio
|-end|p1a: Dugtrio|Substitute
|
|-weather|Sandstorm|[upkeep]
|turn|6
|c|âSharpteeth|meh, kill the ttar
|c|âTFL|21 hp 0 def 0 SpD @hasty
|c|âTFL|is the only trio
|c|âTFL|also sub sucks on it
|
|move|p1a: Dugtrio|Reversal|p2a: Tyranitar
|-supereffective|p2a: Tyranitar
|-damage|p2a: Tyranitar|34\/342
|move|p2a: Tyranitar|Pursuit|p1a: Dugtrio
|-damage|p1a: Dugtrio|0 fnt
|faint|p1a: Dugtrio
|
|-weather|none
|c|âSharpteeth|yeah, it does
|c| Omegasization|yap
|c|âSharpteeth|._.
|c|âTFL|rock tomb is better
|
|switch|p1a: Scizor|Scizor, F|343\/343
|turn|7
|
|switch|p2a: Amoonguss|Amoonguss, M|432\/432
|-damage|p2a: Amoonguss|378\/432|[from] Stealth Rock
|detailschange|p1a: Scizor|Scizor-Mega, F
|-mega|p1a: Scizor|Scizor|Scizorite
|move|p1a: Scizor|Swords Dance|p1a: Scizor
|-boost|p1a: Scizor|atk|2
|
|-heal|p2a: Amoonguss|405\/432|[from] item: Black Sludge
|turn|8
|
|move|p1a: Scizor|Knock Off|p2a: Amoonguss
|-damage|p2a: Amoonguss|197\/432
|-enditem|p2a: Amoonguss|Black Sludge|[from] move: Knock Off|[of] p1a: Scizor
|move|p2a: Amoonguss|Spore|p1a: Scizor
|-status|p1a: Scizor|slp
|
|turn|9
|c|âTFL|bang
|
|switch|p1a: Heatran|Heatran, M|324\/324
|-item|p1a: Heatran|Air Balloon
|move|p2a: Amoonguss|Foul Play|p1a: Heatran
|-damage|p1a: Heatran|267\/324
|-enditem|p1a: Heatran|Air Balloon
|
|turn|10
|leave|toneloni97
|
|switch|p2a: Latias|Latias, F|319\/319
|-damage|p2a: Latias|280\/319|[from] Stealth Rock
|move|p1a: Heatran|Fire Blast|p2a: Latias
|-resisted|p2a: Latias
|-damage|p2a: Latias|205\/319
|
|turn|11
|
|move|p2a: Latias|Defog|p1a: Heatran
|-unboost|p1a: Heatran|evasion|1
|-sideend|p2: TFL|Stealth Rock|[from] move: Defog|[of] p2a: Latias
|move|p1a: Heatran|Stealth Rock|p2a: Latias
|-sidestart|p2: TFL|move: Stealth Rock
|
|turn|12
|c|âTFL|disgusting
|
|move|p2a: Latias|Defog|p1a: Heatran
|-unboost|p1a: Heatran|evasion|1
|-sideend|p2: TFL|Stealth Rock|[from] move: Defog|[of] p2a: Latias
|move|p1a: Heatran|Fire Blast|p2a: Latias
|-resisted|p2a: Latias
|-damage|p2a: Latias|121\/319
|
|turn|13
|join|Kimio
|
|move|p2a: Latias|Earthquake|p1a: Heatran
|-supereffective|p1a: Heatran
|-damage|p1a: Heatran|0 fnt
|-damage|p2a: Latias|90\/319|[from] item: Life Orb
|faint|p1a: Heatran
|
|c|âTFL|:)
|
|switch|p1a: Tornadus-Therian|Tornadus-Therian, M|323\/323
|turn|14
|c|âSharpteeth|...oh yeah, I saw that thing
|
|move|p1a: Tornadus-Therian|Knock Off|p2a: Latias
|-supereffective|p2a: Latias
|-damage|p2a: Latias|0 fnt
|-enditem|p2a: Latias|Life Orb|[from] move: Knock Off|[of] p1a: Tornadus-Therian
|faint|p2a: Latias
|
|c|âSharpteeth|oh well ._.
|
|switch|p2a: Magnezone|Magnezone|322\/322
|turn|15
|c|âTFL|now im free to volt switch
|c|âTFL|yay
|
|move|p1a: Tornadus-Therian|Knock Off|p2a: Magnezone
|-damage|p2a: Magnezone|258\/322
|-enditem|p2a: Magnezone|Iron Plate|[from] move: Knock Off|[of] p1a: Tornadus-Therian
|move|p2a: Magnezone|Volt Switch|p1a: Tornadus-Therian
|-supereffective|p1a: Tornadus-Therian
|-damage|p1a: Tornadus-Therian|111\/323
|c|âSharpteeth|I
|
|switch|p2a: Seismitoad|Seismitoad, M|414\/414
|
|turn|16
|c|âTFL|lel
|c|âSharpteeth|not questioning, not questioning
|
|move|p1a: Tornadus-Therian|Hurricane|p2a: Seismitoad
|-damage|p2a: Seismitoad|197\/414
|move|p2a: Seismitoad|Scald|p1a: Tornadus-Therian
|-damage|p1a: Tornadus-Therian|47\/323
|
|-heal|p2a: Seismitoad|222\/414|[from] item: Leftovers
|turn|17
|
|move|p1a: Tornadus-Therian|Hurricane|p2a: Seismitoad
|-damage|p2a: Seismitoad|18\/414
|-start|p2a: Seismitoad|confusion
|-activate|p2a: Seismitoad|confusion
|-damage|p2a: Seismitoad|0 fnt|[from] confusion
|faint|p2a: Seismitoad
|
|
|switch|p2a: Pinsir|Pinsir, M|271\/271
|turn|18
|
|switch|p1a: Clefable|Clefable, F|394\/394
|detailschange|p2a: Pinsir|Pinsir-Mega, M
|-mega|p2a: Pinsir|Pinsir|Pinsirite
|move|p2a: Pinsir|Substitute|p2a: Pinsir
|-start|p2a: Pinsir|Substitute
|-damage|p2a: Pinsir|204\/271
|
|turn|19
|
|move|p2a: Pinsir|Return|p1a: Clefable
|-damage|p1a: Clefable|147\/394
|move|p1a: Clefable|Flamethrower|p2a: Pinsir
|-supereffective|p2a: Pinsir
|-end|p2a: Pinsir|Substitute
|
|-heal|p1a: Clefable|171\/394|[from] item: Leftovers
|turn|20
|
|move|p2a: Pinsir|Return|p1a: Clefable
|-damage|p1a: Clefable|0 fnt
|faint|p1a: Clefable
|
|
|switch|p1a: Scizor|Scizor-Mega, F|343\/343 slp
|turn|21
|
|cant|p1a: Scizor|slp
|move|p2a: Pinsir|Substitute|p2a: Pinsir
|-start|p2a: Pinsir|Substitute
|-damage|p2a: Pinsir|137\/271
|
|turn|22
|c|âTFL|thx for the sub
|
|-curestatus|p1a: Scizor|slp
|move|p1a: Scizor|Bullet Punch|p2a: Pinsir
|-end|p2a: Pinsir|Substitute
|move|p2a: Pinsir|Swords Dance|p2a: Pinsir
|-boost|p2a: Pinsir|atk|2
|
|turn|23
|
|move|p1a: Scizor|Bullet Punch|p2a: Pinsir
|-crit|p2a: Pinsir
|-damage|p2a: Pinsir|0 fnt
|faint|p2a: Pinsir
|
|c|âTFL|:<
|c|âTFL|a crit
|c|âSharpteeth|woo
|
|switch|p2a: Amoonguss|Amoonguss, M|341\/432
|turn|24
|
|switch|p1a: Tornadus-Therian|Tornadus-Therian, M|154\/323
|move|p2a: Amoonguss|Spore|p1a: Tornadus-Therian
|-status|p1a: Tornadus-Therian|slp
|
|turn|25
|
|switch|p1a: Scizor|Scizor-Mega, F|343\/343
|move|p2a: Amoonguss|Sludge Bomb|p1a: Scizor
|-immune|p1a: Scizor|[msg]
|
|turn|26
|
|move|p1a: Scizor|Swords Dance|p1a: Scizor
|-boost|p1a: Scizor|atk|2
|move|p2a: Amoonguss|Foul Play|p1a: Scizor
|-damage|p1a: Scizor|174\/343
|
|turn|27
|
|move|p1a: Scizor|Roost|p1a: Scizor
|-heal|p1a: Scizor|343\/343
|move|p2a: Amoonguss|Foul Play|p1a: Scizor
|-damage|p1a: Scizor|144\/343
|
|turn|28
|join|Specs Fake-Out
|
|move|p1a: Scizor|Roost|p1a: Scizor
|-heal|p1a: Scizor|316\/343
|move|p2a: Amoonguss|Foul Play|p1a: Scizor
|-damage|p1a: Scizor|145\/343
|
|turn|29
|
|switch|p1a: Tornadus-Therian|Tornadus-Therian, M|261\/323 slp
|move|p2a: Amoonguss|Foul Play|p1a: Tornadus-Therian
|-damage|p1a: Tornadus-Therian|163\/323 slp
|
|turn|30
|
|switch|p1a: Scizor|Scizor-Mega, F|145\/343
|move|p2a: Amoonguss|Foul Play|p1a: Scizor
|-damage|p1a: Scizor|54\/343
|
|turn|31
|
|switch|p2a: Magnezone|Magnezone|258\/322
|move|p1a: Scizor|Roost|p1a: Scizor
|-heal|p1a: Scizor|226\/343
|
|turn|32
|
|move|p1a: Scizor|Knock Off|p2a: Magnezone
|-damage|p2a: Magnezone|177\/322
|move|p2a: Magnezone|Flash Cannon|p1a: Scizor
|-resisted|p1a: Scizor
|-damage|p1a: Scizor|156\/343
|
|turn|33
|
|move|p1a: Scizor|Roost|p1a: Scizor
|-heal|p1a: Scizor|328\/343
|move|p2a: Magnezone|Psych Up|p1a: Scizor
|-copyboost|p2a: Magnezone|p1a: Scizor|[from] move: Psych Up
|
|turn|34
|c|âTFL|heuhue
|
|move|p1a: Scizor|Swords Dance|p1a: Scizor
|-boost|p1a: Scizor|atk|2
|move|p2a: Magnezone|Hidden Power|p1a: Scizor
|-supereffective|p1a: Scizor
|-damage|p1a: Scizor|68\/343
|
|turn|35
|
|move|p1a: Scizor|Knock Off|p2a: Magnezone
|-damage|p2a: Magnezone|33\/322
|move|p2a: Magnezone|Hidden Power|p1a: Scizor
|-supereffective|p1a: Scizor
|-damage|p1a: Scizor|0 fnt
|faint|p1a: Scizor
|
|
|switch|p1a: Latias|Latias, F|44\/344
|turn|36
|
|move|p1a: Latias|Healing Wish|p1a: Latias
|faint|p1a: Latias
|move|p2a: Magnezone|Flash Cannon|p1: Latias|[notarget]
|-notarget
|
|
|switch|p1a: Tornadus-Therian|Tornadus-Therian, M|270\/323 slp
|-heal|p1a: Tornadus-Therian|323\/323|[from] move: Healing Wish
|turn|37
|c|âTFL|oh fk
|
|move|p1a: Tornadus-Therian|Knock Off|p2a: Magnezone
|-damage|p2a: Magnezone|0 fnt
|faint|p2a: Magnezone
|
|
|switch|p2a: Amoonguss|Amoonguss, M|432\/432
|turn|38
|
|move|p1a: Tornadus-Therian|Hurricane|p2a: Amoonguss
|-supereffective|p2a: Amoonguss
|-damage|p2a: Amoonguss|70\/432
|move|p2a: Amoonguss|Spore|p1a: Tornadus-Therian
|-status|p1a: Tornadus-Therian|slp
|
|turn|39
|
|switch|p2a: Tyranitar|Tyranitar, M|34\/342
|-weather|Sandstorm
|cant|p1a: Tornadus-Therian|slp
|
|-weather|Sandstorm|[upkeep]
|-damage|p1a: Tornadus-Therian|303\/323 slp|[from] sandstorm
|turn|40
|c| Specs Fake-Out|hnng
|c|âSharpteeth|1 turn sleep
|c|âTFL|cmon no auto wake
|c|âSharpteeth|1 turn sleep
|c|âTFL|lets gooooo
|c|âSharpteeth|1 turn sleep
|c| Omegasization|lol
|c|âSharpteeth|or actually, fuck that, too likely
|c|âSharpteeth|stone edge miss
|c|âSharpteeth|stone edge miss
|
|cant|p1a: Tornadus-Therian|slp
|move|p2a: Tyranitar|Stone Edge|p1a: Tornadus-Therian
|-supereffective|p1a: Tornadus-Therian
|-damage|p1a: Tornadus-Therian|0 fnt
|faint|p1a: Tornadus-Therian
|
|win|TFL
|c|âSharpteeth|noo
|c|âTFL|jeejee :)