|join|nazonokusa
|join|Sharpteeth
|player|p1|nazonokusa|29
|player|p2|Sharpteeth|1
|gametype|singles
|gen|6
|tier|OU
|rated
|clearpoke
|poke|p1|Gorebyss, F
|poke|p1|Altaria, F
|poke|p1|Raikou
|poke|p1|Tentacruel, M
|poke|p1|Landorus-Therian, M
|poke|p1|Ferrothorn, M
|poke|p2|Weavile, M
|poke|p2|Diancie
|poke|p2|Skarmory, F
|poke|p2|Latias, F
|poke|p2|Magnezone
|poke|p2|Garchomp, M
|rule|Swagger Clause: Swagger is banned
|rule|Baton Pass Clause: Limit one PokÃ©mon knowing Baton Pass
|rule|Sleep Clause Mod: Limit one foe put to sleep
|rule|Species Clause: Limit one of each PokÃ©mon
|rule|OHKO Clause: OHKO moves are banned
|rule|Moody Clause: Moody is banned
|rule|Evasion Moves Clause: Evasion moves are banned
|rule|Endless Battle Clause: Forcing endless battles is banned
|rule|HP Percentage Mod: HP is shown in percentages
|teampreview
|
|start
|switch|p1a: Altaria|Altaria, F|297\/297
|switch|p2a: Hot Stove|Garchomp, M|420\/420
|turn|1
|
|switch|p2a: Tinfoil Hat|Magnezone|319\/319
|detailschange|p1a: Altaria|Altaria-Mega, F
|-mega|p1a: Altaria|Altaria|Altarianite
|move|p1a: Altaria|Hyper Voice|p2a: Tinfoil Hat
|-resisted|p2a: Tinfoil Hat
|-damage|p2a: Tinfoil Hat|203\/319
|
|turn|2
|
|switch|p1a: Raikou|Raikou|321\/321
|-ability|p1a: Raikou|Pressure
|move|p2a: Tinfoil Hat|Flash Cannon|p1a: Raikou
|-resisted|p1a: Raikou
|-damage|p1a: Raikou|249\/321
|
|turn|3
|
|switch|p2a: Rubber Duck|Latias, F|344\/344
|move|p1a: Raikou|Volt Switch|p2a: Rubber Duck
|-resisted|p2a: Rubber Duck
|-damage|p2a: Rubber Duck|298\/344
|
|switch|p1a: Altaria|Altaria-Mega, F|297\/297
|
|-heal|p2a: Rubber Duck|319\/344|[from] item: Leftovers
|turn|4
|
|move|p2a: Rubber Duck|Psyshock|p1a: Altaria
|-damage|p1a: Altaria|198\/297
|move|p1a: Altaria|Hyper Voice|p2a: Rubber Duck
|-supereffective|p2a: Rubber Duck
|-damage|p2a: Rubber Duck|0 fnt
|faint|p2a: Rubber Duck
|
|
|switch|p2a: Broom Head|Weavile, M|282\/282
|-ability|p2a: Broom Head|Pressure
|turn|5
|
|switch|p1a: Ferrothorn|Ferrothorn, M|352\/352
|move|p2a: Broom Head|Icicle Crash|p1a: Ferrothorn
|-damage|p1a: Ferrothorn|235\/352
|-damage|p2a: Broom Head|254\/282|[from] item: Life Orb
|
|turn|6
|
|switch|p2a: Tinfoil Hat|Magnezone|203\/319
|move|p1a: Ferrothorn|Leech Seed|p2a: Tinfoil Hat
|-start|p2a: Tinfoil Hat|move: Leech Seed
|
|-damage|p2a: Tinfoil Hat|164\/319|[from] Leech Seed|[of] p1a: Ferrothorn
|-heal|p1a: Ferrothorn|274\/352|[silent]
|turn|7
|
|move|p1a: Ferrothorn|Protect|p1a: Ferrothorn
|-singleturn|p1a: Ferrothorn|Protect
|move|p2a: Tinfoil Hat|Hidden Power|p1a: Ferrothorn
|-activate|p1a: Ferrothorn|Protect
|
|-damage|p2a: Tinfoil Hat|125\/319|[from] Leech Seed|[of] p1a: Ferrothorn
|-heal|p1a: Ferrothorn|313\/352|[silent]
|turn|8
|
|switch|p1a: Raikou|Raikou|249\/321
|-ability|p1a: Raikou|Pressure
|move|p2a: Tinfoil Hat|Hidden Power|p1a: Raikou
|-damage|p1a: Raikou|167\/321
|
|-damage|p2a: Tinfoil Hat|86\/319|[from] Leech Seed|[of] p1a: Raikou
|-heal|p1a: Raikou|206\/321|[silent]
|turn|9
|
|switch|p2a: Hot Stove|Garchomp, M|420\/420
|move|p1a: Raikou|Volt Switch|p2a: Hot Stove
|-immune|p2a: Hot Stove|[msg]
|
|turn|10
|
|switch|p2a: Broom Head|Weavile, M|254\/282
|-ability|p2a: Broom Head|Pressure
|move|p1a: Raikou|Hidden Power|p2a: Broom Head
|-resisted|p2a: Broom Head
|-damage|p2a: Broom Head|216\/282
|
|turn|11
|
|switch|p1a: Ferrothorn|Ferrothorn, M|313\/352
|move|p2a: Broom Head|Knock Off|p1a: Ferrothorn
|-damage|p1a: Ferrothorn|169\/352
|-damage|p2a: Broom Head|181\/282|[from] ability: Iron Barbs|[of] p1a: Ferrothorn
|-enditem|p1a: Ferrothorn|Shed Shell|[from] move: Knock Off|[of] p2a: Broom Head
|-damage|p2a: Broom Head|153\/282|[from] item: Life Orb
|
|turn|12
|
|move|p2a: Broom Head|Low Kick|p1a: Ferrothorn
|-supereffective|p1a: Ferrothorn
|-damage|p1a: Ferrothorn|0 fnt
|-damage|p2a: Broom Head|118\/282|[from] ability: Iron Barbs|[of] p1a: Ferrothorn
|-damage|p2a: Broom Head|90\/282|[from] item: Life Orb
|faint|p1a: Ferrothorn
|
|
|switch|p1a: Landorus-Therian|Landorus-Therian, M|319\/319
|-ability|p1a: Landorus-Therian|Intimidate|[of] p2a: Broom Head
|-unboost|p2a: Broom Head|atk|1
|turn|13
|
|move|p2a: Broom Head|Ice Shard|p1a: Landorus-Therian
|-supereffective|p1a: Landorus-Therian
|-damage|p1a: Landorus-Therian|33\/319
|-damage|p2a: Broom Head|62\/282|[from] item: Life Orb
|move|p1a: Landorus-Therian|U-turn|p2a: Broom Head
|-supereffective|p2a: Broom Head
|-damage|p2a: Broom Head|0 fnt
|faint|p2a: Broom Head
|
|switch|p1a: Gorebyss|Gorebyss, F|314\/314
|
|
|switch|p2a: Panic Button|Skarmory, F|334\/334
|turn|14
|
|move|p2a: Panic Button|Stealth Rock|p1a: Gorebyss
|-sidestart|p1: nazonokusa|move: Stealth Rock
|move|p1a: Gorebyss|Hydro Pump|p2a: Panic Button
|-damage|p2a: Panic Button|127\/334
|-enditem|p2a: Panic Button|Red Card|[of] p1a: Gorebyss
|drag|p1a: Raikou|Raikou|206\/321
|-damage|p1a: Raikou|166\/321|[from] Stealth Rock
|-ability|p1a: Raikou|Pressure
|
|turn|15
|join|SeventyFive
|
|move|p1a: Raikou|Volt Switch|p2a: Panic Button
|-supereffective|p2a: Panic Button
|-damage|p2a: Panic Button|0 fnt
|faint|p2a: Panic Button
|leave|SeventyFive
|
|switch|p1a: Tentacruel|Tentacruel, M|357\/357
|-damage|p1a: Tentacruel|313\/357|[from] Stealth Rock
|
|
|switch|p2a: Hot Stove|Garchomp, M|420\/420
|turn|16
|
|move|p1a: Tentacruel|Rapid Spin|p2a: Hot Stove
|-damage|p2a: Hot Stove|411\/420
|-damage|p1a: Tentacruel|269\/357|[from] ability: Rough Skin|[of] p2a: Hot Stove
|-damage|p1a: Tentacruel|210\/357|[from] item: Rocky Helmet|[of] p2a: Hot Stove
|-sideend|p1: nazonokusa|Stealth Rock|[from] move: Rapid Spin|[of] p1a: Tentacruel
|move|p2a: Hot Stove|Earthquake|p1a: Tentacruel
|-supereffective|p1a: Tentacruel
|-damage|p1a: Tentacruel|0 fnt
|faint|p1a: Tentacruel
|
|
|switch|p1a: Altaria|Altaria-Mega, F|198\/297
|turn|17
|
|switch|p2a: Tinfoil Hat|Magnezone|86\/319
|move|p1a: Altaria|Hyper Voice|p2a: Tinfoil Hat
|-resisted|p2a: Tinfoil Hat
|-damage|p2a: Tinfoil Hat|0 fnt
|faint|p2a: Tinfoil Hat
|
|
|switch|p2a: Garden Gnome|Diancie|241\/241
|turn|18
|
|detailschange|p2a: Garden Gnome|Diancie-Mega
|-mega|p2a: Garden Gnome|Diancie|Diancite
|move|p2a: Garden Gnome|Protect|p2a: Garden Gnome
|-singleturn|p2a: Garden Gnome|Protect
|move|p1a: Altaria|Hyper Voice|p2a: Garden Gnome
|-activate|p2a: Garden Gnome|Protect
|
|turn|19
|
|move|p2a: Garden Gnome|Moonblast|p1a: Altaria
|-supereffective|p1a: Altaria
|-damage|p1a: Altaria|0 fnt
|faint|p1a: Altaria
|
|
|switch|p1a: Landorus-Therian|Landorus-Therian, M|33\/319
|-ability|p1a: Landorus-Therian|Intimidate|[of] p2a: Garden Gnome
|-unboost|p2a: Garden Gnome|atk|1
|turn|20
|join|hashtag fabulous
|
|switch|p2a: Hot Stove|Garchomp, M|411\/420
|move|p1a: Landorus-Therian|Earthquake|p2a: Hot Stove
|-damage|p2a: Hot Stove|261\/420
|
|turn|21
|
|switch|p1a: Raikou|Raikou|166\/321
|-ability|p1a: Raikou|Pressure
|move|p2a: Hot Stove|Fire Blast|p1a: Raikou
|-crit|p1a: Raikou
|-damage|p1a: Raikou|102\/321
|
|turn|22
|-message|Sharpteeth forfeited.
|leave|Sharpteeth
|
|win|nazonokusa
|raw|Ladder updating...
|player|p2
|leave|hashtag fabulous
|raw|nazonokusa's rating: 1537 &rarr; <strong>1562<\/strong><br \/>(+25 for winning)
|raw|Sharpteeth's rating: 1636 &rarr; <strong>1610<\/strong><br \/>(-26 for losing)