|join|blackwing zero
|join|Sharpteeth
|player|p1|blackwing zero|266
|player|p2|Sharpteeth|1
|gametype|singles
|gen|6
|tier|OU
|rated
|clearpoke
|poke|p1|Diancie
|poke|p1|Azumarill, M
|poke|p1|Gliscor, F
|poke|p1|Heatran, M
|poke|p1|Dragonite, M
|poke|p1|Latios, M
|poke|p2|Weavile, M
|poke|p2|Diancie
|poke|p2|Skarmory, M
|poke|p2|Latias, F
|poke|p2|Magnezone
|poke|p2|Garchomp, F
|rule|Swagger Clause: Swagger is banned
|rule|Baton Pass Clause: Limit one PokÃ©mon knowing Baton Pass
|rule|Sleep Clause Mod: Limit one foe put to sleep
|rule|Species Clause: Limit one of each PokÃ©mon
|rule|OHKO Clause: OHKO moves are banned
|rule|Moody Clause: Moody is banned
|rule|Evasion Moves Clause: Evasion moves are banned
|rule|Endless Battle Clause: Forcing endless battles is banned
|rule|HP Percentage Mod: HP is shown in percentages
|teampreview
|
|start
|switch|p1a: Diancie|Diancie|241\/241
|switch|p2a: Panic Button|Skarmory, M|334\/334
|turn|1
|
|detailschange|p1a: Diancie|Diancie-Mega
|-mega|p1a: Diancie|Diancie|Diancite
|move|p2a: Panic Button|Iron Head|p1a: Diancie
|-supereffective|p1a: Diancie
|-damage|p1a: Diancie|0 fnt
|faint|p1a: Diancie
|
|
|switch|p1a: Heatran|Heatran, M|323\/323
|turn|2
|
|move|p1a: Heatran|Taunt|p2a: Panic Button
|-start|p2a: Panic Button|move: Taunt
|cant|p2a: Panic Button|move: Taunt|Stealth Rock
|
|turn|3
|
|switch|p2a: Hot Stove|Garchomp, F|420\/420
|move|p1a: Heatran|Stealth Rock|p2a: Hot Stove
|-sidestart|p2: Sharpteeth|move: Stealth Rock
|
|turn|4
|
|switch|p1a: Latios|Latios, M|301\/301
|move|p2a: Hot Stove|Stealth Rock|p1a: Latios
|-sidestart|p1: blackwing zero|move: Stealth Rock
|
|turn|5
|
|switch|p2a: Garden Gnome|Diancie|241\/241
|-damage|p2a: Garden Gnome|211\/241|[from] Stealth Rock
|move|p1a: Latios|Draco Meteor|p2a: Garden Gnome
|-immune|p2a: Garden Gnome|[msg]
|
|turn|6
|
|switch|p1a: Gliscor|Gliscor, F|354\/354
|-damage|p1a: Gliscor|310\/354|[from] Stealth Rock
|detailschange|p2a: Garden Gnome|Diancie-Mega
|-mega|p2a: Garden Gnome|Diancie|Diancite
|move|p2a: Garden Gnome|Moonblast|p1a: Gliscor
|-damage|p1a: Gliscor|136\/354
|
|-status|p1a: Gliscor|tox|[from] item: Toxic Orb
|turn|7
|
|move|p2a: Garden Gnome|Moonblast|p1a: Gliscor
|-damage|p1a: Gliscor|0 fnt
|faint|p1a: Gliscor
|
|
|switch|p1a: Latios|Latios, M|301\/301
|-damage|p1a: Latios|264\/301|[from] Stealth Rock
|turn|8
|
|move|p2a: Garden Gnome|Moonblast|p1a: Latios
|-crit|p1a: Latios
|-supereffective|p1a: Latios
|-damage|p1a: Latios|0 fnt
|faint|p1a: Latios
|
|-message|blackwing zero forfeited.
|
|win|Sharpteeth
|raw|Ladder updating...
|raw|blackwing zero's rating: 1634 &rarr; <strong>1614<\/strong><br \/>(-20 for losing)
|raw|Sharpteeth's rating: 1632 &rarr; <strong>1652<\/strong><br \/>(+20 for winning)