|join|Sharpteeth
|join|Aka DH
|player|p1|Sharpteeth|1
|player|p2|Aka DH|1
|gametype|singles
|gen|6
|tier|OU
|rated
|clearpoke
|poke|p1|Weavile, M
|poke|p1|Diancie
|poke|p1|Skarmory, F
|poke|p1|Latias, F
|poke|p1|Magnezone
|poke|p1|Garchomp, M
|poke|p2|Bisharp, M
|poke|p2|Venusaur, M
|poke|p2|Heatran, F
|poke|p2|Keldeo
|poke|p2|Chansey, F
|poke|p2|Skarmory, F
|rule|Swagger Clause: Swagger is banned
|rule|Baton Pass Clause: Limit one PokÃ©mon knowing Baton Pass
|rule|Sleep Clause Mod: Limit one foe put to sleep
|rule|Species Clause: Limit one of each PokÃ©mon
|rule|OHKO Clause: OHKO moves are banned
|rule|Moody Clause: Moody is banned
|rule|Evasion Moves Clause: Evasion moves are banned
|rule|Endless Battle Clause: Forcing endless battles is banned
|rule|HP Percentage Mod: HP is shown in percentages
|teampreview
|
|start
|switch|p1a: Rubber Duck|Latias, F|344\/344
|switch|p2a: Heatran|Heatran, F|340\/340
|-item|p2a: Heatran|Air Balloon
|turn|1
|
|move|p1a: Rubber Duck|Psyshock|p2a: Heatran
|-resisted|p2a: Heatran
|-damage|p2a: Heatran|292\/340
|-enditem|p2a: Heatran|Air Balloon
|move|p2a: Heatran|Stealth Rock|p1a: Rubber Duck
|-sidestart|p1: Sharpteeth|move: Stealth Rock
|
|turn|2
|
|switch|p2a: Chansey|Chansey, F|684\/684
|move|p1a: Rubber Duck|Defog|p2a: Chansey
|-unboost|p2a: Chansey|evasion|1
|-sideend|p1: Sharpteeth|Stealth Rock|[from] move: Defog|[of] p1a: Rubber Duck
|
|turn|3
|
|switch|p1a: Hot Stove|Garchomp, M|420\/420
|move|p2a: Chansey|Seismic Toss|p1a: Hot Stove
|-damage|p1a: Hot Stove|320\/420
|-damage|p2a: Chansey|599\/684|[from] ability: Rough Skin|[of] p1a: Hot Stove
|-damage|p2a: Chansey|485\/684|[from] item: Rocky Helmet|[of] p1a: Hot Stove
|
|turn|4
|
|move|p1a: Hot Stove|Stealth Rock|p2a: Chansey
|-sidestart|p2: Aka DH|move: Stealth Rock
|move|p2a: Chansey|Soft-Boiled|p2a: Chansey
|-heal|p2a: Chansey|684\/684
|
|turn|5
|
|switch|p1a: Broom Head|Weavile, M|282\/282
|-ability|p1a: Broom Head|Pressure
|move|p2a: Chansey|Thunder Wave|p1a: Broom Head
|-status|p1a: Broom Head|par
|
|turn|6
|
|switch|p2a: Heatran|Heatran, F|292\/340
|-damage|p2a: Heatran|250\/340|[from] Stealth Rock
|move|p1a: Broom Head|Knock Off|p2a: Heatran
|-damage|p2a: Heatran|137\/340
|-damage|p1a: Broom Head|254\/282 par|[from] item: Life Orb
|
|turn|7
|
|switch|p1a: Hot Stove|Garchomp, M|320\/420
|move|p2a: Heatran|Stealth Rock|p1a: Hot Stove
|-sidestart|p1: Sharpteeth|move: Stealth Rock
|
|turn|8
|
|switch|p2a: Chansey|Chansey, F|684\/684
|-damage|p2a: Chansey|599\/684|[from] Stealth Rock
|move|p1a: Hot Stove|Fire Blast|p2a: Chansey
|-damage|p2a: Chansey|559\/684
|-status|p2a: Chansey|brn
|
|-damage|p2a: Chansey|474\/684 brn|[from] brn
|turn|9
|
|move|p1a: Hot Stove|Earthquake|p2a: Chansey
|-damage|p2a: Chansey|282\/684 brn
|move|p2a: Chansey|Soft-Boiled|p2a: Chansey
|-heal|p2a: Chansey|624\/684 brn
|
|-damage|p2a: Chansey|539\/684 brn|[from] brn
|turn|10
|
|move|p1a: Hot Stove|Fire Blast|p2a: Chansey
|-damage|p2a: Chansey|492\/684 brn
|move|p2a: Chansey|Aromatherapy|p2a: Chansey
|-cureteam|p2a: Chansey|[from] move: Aromatherapy
|
|turn|11
|join|oml it's too ez
|leave|oml it's too ez
|
|switch|p1a: Panic Button|Skarmory, F|334\/334
|-damage|p1a: Panic Button|293\/334|[from] Stealth Rock
|move|p2a: Chansey|Soft-Boiled|p2a: Chansey
|-heal|p2a: Chansey|684\/684
|
|turn|12
|
|switch|p2a: Bisharp|Bisharp, M|334\/334
|-damage|p2a: Bisharp|314\/334|[from] Stealth Rock
|move|p1a: Panic Button|Spikes|p2a: Bisharp
|-sidestart|p2: Aka DH|Spikes
|
|-heal|p2a: Bisharp|334\/334|[from] item: Leftovers
|turn|13
|
|move|p1a: Panic Button|Taunt|p2a: Bisharp
|-start|p2a: Bisharp|move: Taunt
|move|p2a: Bisharp|Knock Off|p1a: Panic Button
|-damage|p1a: Panic Button|157\/334
|-enditem|p1a: Panic Button|Red Card|[from] move: Knock Off|[of] p2a: Bisharp
|
|turn|14
|join|Mistaken
|
|switch|p2a: Keldeo|Keldeo|323\/323
|-damage|p2a: Keldeo|283\/323|[from] Spikes
|-damage|p2a: Keldeo|263\/323|[from] Stealth Rock
|move|p1a: Panic Button|Spikes|p2a: Keldeo
|-sidestart|p2: Aka DH|Spikes
|
|-heal|p2a: Keldeo|283\/323|[from] item: Leftovers
|turn|15
|
|move|p2a: Keldeo|Scald|p1a: Panic Button
|-damage|p1a: Panic Button|0 fnt
|faint|p1a: Panic Button
|
|-heal|p2a: Keldeo|303\/323|[from] item: Leftovers
|
|switch|p1a: Tinfoil Hat|Magnezone|319\/319
|-damage|p1a: Tinfoil Hat|300\/319|[from] Stealth Rock
|turn|16
|join|squirrelll
|
|move|p2a: Keldeo|Secret Sword|p1a: Tinfoil Hat
|-supereffective|p1a: Tinfoil Hat
|-damage|p1a: Tinfoil Hat|54\/319
|move|p1a: Tinfoil Hat|Volt Switch|p2a: Keldeo
|-supereffective|p2a: Keldeo
|-damage|p2a: Keldeo|0 fnt
|faint|p2a: Keldeo
|
|switch|p1a: Rubber Duck|Latias, F|344\/344
|-damage|p1a: Rubber Duck|301\/344|[from] Stealth Rock
|
|-heal|p1a: Rubber Duck|322\/344|[from] item: Leftovers
|join|Ox the Box
|
|switch|p2a: Skarmory|Skarmory, F|334\/334
|-damage|p2a: Skarmory|293\/334|[from] Stealth Rock
|turn|17
|
|move|p1a: Rubber Duck|Healing Wish|p1a: Rubber Duck
|faint|p1a: Rubber Duck
|move|p2a: Skarmory|Spikes|p1: Rubber Duck
|-sidestart|p1: Sharpteeth|Spikes
|
|c| squirrelll|Aka DH: Do you have any other teams?
|join|gyarad0site
|
|switch|p1a: Tinfoil Hat|Magnezone|54\/319
|-heal|p1a: Tinfoil Hat|319\/319|[from] move: Healing Wish
|-damage|p1a: Tinfoil Hat|280\/319|[from] Spikes
|-damage|p1a: Tinfoil Hat|261\/319|[from] Stealth Rock
|turn|18
|
|move|p1a: Tinfoil Hat|Volt Switch|p2a: Skarmory
|-supereffective|p2a: Skarmory
|-damage|p2a: Skarmory|0 fnt
|faint|p2a: Skarmory
|c| Ox the Box|aka dh is a pretentious man tbh imo
|join|TCBB
|c| Mistaken|squirrelll the answer to that question is no
|
|switch|p1a: Garden Gnome|Diancie|241\/241
|-damage|p1a: Garden Gnome|211\/241|[from] Spikes
|-damage|p1a: Garden Gnome|181\/241|[from] Stealth Rock
|
|
|switch|p2a: Venusaur|Venusaur, M|364\/364
|-damage|p2a: Venusaur|319\/364|[from] Stealth Rock
|-damage|p2a: Venusaur|259\/364|[from] Spikes
|turn|19
|
|detailschange|p1a: Garden Gnome|Diancie-Mega
|-mega|p1a: Garden Gnome|Diancie|Diancite
|detailschange|p2a: Venusaur|Venusaur-Mega, M
|-mega|p2a: Venusaur|Venusaur|Venusaurite
|move|p1a: Garden Gnome|Protect|p1a: Garden Gnome
|-singleturn|p1a: Garden Gnome|Protect
|move|p2a: Venusaur|Synthesis|p2a: Venusaur
|-heal|p2a: Venusaur|364\/364
|
|turn|20
|
|switch|p1a: Tinfoil Hat|Magnezone|261\/319
|-damage|p1a: Tinfoil Hat|242\/319|[from] Stealth Rock
|-damage|p1a: Tinfoil Hat|203\/319|[from] Spikes
|move|p2a: Venusaur|Giga Drain|p1a: Tinfoil Hat
|-resisted|p1a: Tinfoil Hat
|-damage|p1a: Tinfoil Hat|145\/319
|
|turn|21
|
|move|p2a: Venusaur|Hidden Power|p1a: Tinfoil Hat
|-supereffective|p1a: Tinfoil Hat
|-damage|p1a: Tinfoil Hat|31\/319
|move|p1a: Tinfoil Hat|Flash Cannon|p2a: Venusaur
|-damage|p2a: Venusaur|171\/364
|
|turn|22
|
|move|p2a: Venusaur|Giga Drain|p1a: Tinfoil Hat
|-resisted|p1a: Tinfoil Hat
|-damage|p1a: Tinfoil Hat|0 fnt
|-heal|p2a: Venusaur|187\/364|[from] drain|[of] p1a: Tinfoil Hat
|faint|p1a: Tinfoil Hat
|
|
|switch|p1a: Hot Stove|Garchomp, M|320\/420
|-damage|p1a: Hot Stove|268\/420|[from] Spikes
|-damage|p1a: Hot Stove|242\/420|[from] Stealth Rock
|turn|23
|join|Lord Kuvira
|c| Ox the Box|sharpteeth you're walled by venusaur lol
|
|move|p2a: Venusaur|Synthesis|p2a: Venusaur
|-heal|p2a: Venusaur|364\/364
|move|p1a: Hot Stove|Dragon Tail|p2a: Venusaur
|-damage|p2a: Venusaur|309\/364
|drag|p2a: Bisharp|Bisharp, M|334\/334
|-damage|p2a: Bisharp|279\/334|[from] Spikes
|-damage|p2a: Bisharp|259\/334|[from] Stealth Rock
|
|-heal|p2a: Bisharp|279\/334|[from] item: Leftovers
|turn|24
|c| Mistaken|ox he has latias
|c|âSharpteeth|well, I have skarm and latias to mitigate that
|
|move|p2a: Bisharp|Sucker Punch|p1a: Hot Stove
|-damage|p1a: Hot Stove|119\/420
|-damage|p2a: Bisharp|238\/334|[from] ability: Rough Skin|[of] p1a: Hot Stove
|-damage|p2a: Bisharp|183\/334|[from] item: Rocky Helmet|[of] p1a: Hot Stove
|move|p1a: Hot Stove|Earthquake|p2a: Bisharp
|-supereffective|p2a: Bisharp
|-damage|p2a: Bisharp|0 fnt
|faint|p2a: Bisharp
|
|c|âSharpteeth|although venu does pose a problem
|join|lil manaphy
|
|switch|p2a: Venusaur|Venusaur-Mega, M|309\/364
|-damage|p2a: Venusaur|249\/364|[from] Spikes
|-damage|p2a: Venusaur|204\/364|[from] Stealth Rock
|turn|25
|
|move|p2a: Venusaur|Synthesis|p2a: Venusaur
|-heal|p2a: Venusaur|364\/364
|move|p1a: Hot Stove|Dragon Tail|p2a: Venusaur
|-damage|p2a: Venusaur|312\/364
|drag|p2a: Heatran|Heatran, F|137\/340
|-damage|p2a: Heatran|95\/340|[from] Stealth Rock
|-damage|p2a: Heatran|39\/340|[from] Spikes
|
|turn|26
|c| Ox the Box|btw sharpteeth you are the inspiration behind my cacturne ho
|join|Albyness
|
|move|p2a: Heatran|Fire Blast|p1a: Hot Stove|[miss]
|-miss|p2a: Heatran|p1a: Hot Stove
|move|p1a: Hot Stove|Earthquake|p2a: Heatran
|-supereffective|p2a: Heatran
|-damage|p2a: Heatran|0 fnt
|faint|p2a: Heatran
|
|
|switch|p2a: Venusaur|Venusaur-Mega, M|312\/364
|-damage|p2a: Venusaur|267\/364|[from] Stealth Rock
|-damage|p2a: Venusaur|207\/364|[from] Spikes
|turn|27
|
|move|p1a: Hot Stove|Earthquake|p2a: Venusaur
|-damage|p2a: Venusaur|107\/364
|move|p2a: Venusaur|Synthesis|p2a: Venusaur
|-heal|p2a: Venusaur|289\/364
|
|turn|28
|
|move|p1a: Hot Stove|Earthquake|p2a: Venusaur
|-damage|p2a: Venusaur|189\/364
|move|p2a: Venusaur|Giga Drain|p1a: Hot Stove
|-damage|p1a: Hot Stove|0 fnt
|-heal|p2a: Venusaur|249\/364|[from] drain|[of] p1a: Hot Stove
|faint|p1a: Hot Stove
|
|
|switch|p1a: Garden Gnome|Diancie-Mega|181\/241
|-damage|p1a: Garden Gnome|151\/241|[from] Spikes
|-damage|p1a: Garden Gnome|121\/241|[from] Stealth Rock
|turn|29
|
|move|p1a: Garden Gnome|Diamond Storm|p2a: Venusaur
|-damage|p2a: Venusaur|140\/364
|move|p2a: Venusaur|Giga Drain|p1a: Garden Gnome
|-supereffective|p1a: Garden Gnome
|-damage|p1a: Garden Gnome|0 fnt
|-heal|p2a: Venusaur|201\/364|[from] drain|[of] p1a: Garden Gnome
|faint|p1a: Garden Gnome
|
|c|âSharpteeth|gg
|c|âAka DH|gg
|
|switch|p1a: Broom Head|Weavile, M|254\/282 par
|-damage|p1a: Broom Head|219\/282 par|[from] Spikes
|-damage|p1a: Broom Head|149\/282 par|[from] Stealth Rock
|-ability|p1a: Broom Head|Pressure
|turn|30
|
|move|p2a: Venusaur|Giga Drain|p1a: Broom Head
|-damage|p1a: Broom Head|32\/282 par
|-heal|p2a: Venusaur|260\/364|[from] drain|[of] p1a: Broom Head
|move|p1a: Broom Head|Icicle Crash|p2a: Venusaur
|-crit|p2a: Venusaur
|-supereffective|p2a: Venusaur
|-damage|p2a: Venusaur|81\/364
|-damage|p1a: Broom Head|4\/282 par|[from] item: Life Orb
|
|turn|31
|leave|Ox the Box
|
|move|p2a: Venusaur|Synthesis|p2a: Venusaur
|-heal|p2a: Venusaur|263\/364
|move|p1a: Broom Head|Icicle Crash|p2a: Venusaur
|-supereffective|p2a: Venusaur
|-damage|p2a: Venusaur|136\/364
|-damage|p1a: Broom Head|0 fnt|[from] item: Life Orb
|faint|p1a: Broom Head
|
|win|Aka DH
|raw|Ladder updating...
|leave|lil manaphy
|raw|Sharpteeth's rating: 1701 &rarr; <strong>1686<\/strong><br \/>(-15 for losing)
|raw|Aka DH's rating: 1805 &rarr; <strong>1819<\/strong><br \/>(+14 for winning)
|leave|Albyness
|leave|TCBB
|leave|Sharpteeth
|player|p1
|leave|gyarad0site