|join|Sharpteeth
|join|TheKillerSplash
|player|p1|Sharpteeth|1
|player|p2|TheKillerSplash|238
|gametype|singles
|gen|6
|tier|OU
|clearpoke
|poke|p1|Talonflame, F
|poke|p1|Diancie
|poke|p1|Bisharp, M
|poke|p1|Skarmory, M
|poke|p1|Raikou
|poke|p1|Starmie
|poke|p2|Venusaur, F, shiny
|poke|p2|Sylveon, F, shiny
|poke|p2|Heatran, F, shiny
|poke|p2|Landorus-Therian, M, shiny
|poke|p2|Scizor, M, shiny
|poke|p2|Crawdaunt, F, shiny
|rule|Swagger Clause: Swagger is banned
|rule|Baton Pass Clause: Limit one PokÃ©mon knowing Baton Pass
|rule|Sleep Clause Mod: Limit one foe put to sleep
|rule|Species Clause: Limit one of each PokÃ©mon
|rule|OHKO Clause: OHKO moves are banned
|rule|Moody Clause: Moody is banned
|rule|Evasion Moves Clause: Evasion moves are banned
|rule|Endless Battle Clause: Forcing endless battles is banned
|rule|HP Percentage Mod: HP is shown in percentages
|teampreview
|c|âSharpteeth|gl
|join|Venancio12
|c|âTheKillerSplash|u too xD
|join|CaptainLeftovers
|
|start
|switch|p1a: Skarmory|Skarmory, M|240\/240
|switch|p2a: Sylveon|Sylveon, F, shiny|394\/394
|turn|1
|c|âTheKillerSplash|hmm
|
|move|p1a: Skarmory|Stealth Rock|p2a: Sylveon
|-sidestart|p2: TheKillerSplash|move: Stealth Rock
|move|p2a: Sylveon|Hidden Power|p1a: Skarmory
|-supereffective|p1a: Skarmory
|-activate|p1a: Skarmory|Sturdy
|-damage|p1a: Skarmory|1\/240
|-enditem|p1a: Skarmory|Salac Berry|[eat]
|-boost|p1a: Skarmory|spe|1|[from] item: Salac Berry
|
|turn|2
|
|move|p1a: Skarmory|Spikes|p2a: Sylveon
|-sidestart|p2: TheKillerSplash|Spikes
|move|p2a: Sylveon|Hidden Power|p1a: Skarmory
|-supereffective|p1a: Skarmory
|-damage|p1a: Skarmory|0 fnt
|faint|p1a: Skarmory
|
|c|âTheKillerSplash|bop xD
|c|âTheKillerSplash|i brought wrong set ;\
|
|switch|p1a: Diancie|Diancie|241\/241
|turn|3
|
|switch|p2a: Scizor|Scizor, M, shiny|344\/344
|-damage|p2a: Scizor|301\/344|[from] Spikes
|-damage|p2a: Scizor|258\/344|[from] Stealth Rock
|detailschange|p1a: Diancie|Diancie-Mega
|-mega|p1a: Diancie|Diancie|Diancite
|move|p1a: Diancie|Diamond Storm|p2a: Scizor
|-damage|p2a: Scizor|95\/344
|
|-heal|p2a: Scizor|116\/344|[from] item: Leftovers
|turn|4
|c|âTheKillerSplash|yus xD now i got this i hope
|
|switch|p1a: Talonflame|Talonflame, F|359\/359
|move|p2a: Scizor|Defog|p1a: Talonflame
|-unboost|p1a: Talonflame|evasion|1
|-sideend|p2: TheKillerSplash|Spikes|[from] move: Defog|[of] p2a: Scizor
|-sideend|p2: TheKillerSplash|Stealth Rock|[from] move: Defog|[of] p2a: Scizor
|
|-heal|p2a: Scizor|137\/344|[from] item: Leftovers
|turn|5
|
|switch|p1a: Starmie|Starmie|261\/261
|switch|p2a: Landorus-Therian|Landorus-Therian, M, shiny|382\/382
|-ability|p2a: Landorus-Therian|Intimidate|[of] p1a: Starmie
|-unboost|p1a: Starmie|atk|1
|
|turn|6
|c|âTheKillerSplash|nice
|
|switch|p2a: Sylveon|Sylveon, F, shiny|394\/394
|move|p1a: Starmie|Ice Beam|p2a: Sylveon
|-damage|p2a: Sylveon|284\/394
|-damage|p1a: Starmie|235\/261|[from] item: Life Orb
|
|turn|7
|
|move|p1a: Starmie|Psyshock|p2a: Sylveon
|-damage|p2a: Sylveon|50\/394
|-damage|p1a: Starmie|209\/261|[from] item: Life Orb
|move|p2a: Sylveon|Hyper Voice|p1a: Starmie
|-damage|p1a: Starmie|0 fnt
|faint|p1a: Starmie
|
|
|switch|p1a: Diancie|Diancie-Mega|241\/241
|turn|8
|
|move|p1a: Diancie|Moonblast|p2a: Sylveon
|-damage|p2a: Sylveon|0 fnt
|faint|p2a: Sylveon
|
|c|âTheKillerSplash|hmm
|
|switch|p2a: Scizor|Scizor, M, shiny|137\/344
|turn|9
|
|switch|p1a: Talonflame|Talonflame, F|359\/359
|move|p2a: Scizor|Bullet Punch|p1a: Talonflame
|-resisted|p1a: Talonflame
|-damage|p1a: Talonflame|278\/359
|
|-heal|p1a: Talonflame|300\/359|[from] item: Leftovers
|-heal|p2a: Scizor|158\/344|[from] item: Leftovers
|turn|10
|
|switch|p2a: Landorus-Therian|Landorus-Therian, M, shiny|382\/382
|-ability|p2a: Landorus-Therian|Intimidate|[of] p1a: Talonflame
|-unboost|p1a: Talonflame|atk|1
|move|p1a: Talonflame|Taunt|p2a: Landorus-Therian
|-start|p2a: Landorus-Therian|move: Taunt
|
|-heal|p1a: Talonflame|322\/359|[from] item: Leftovers
|turn|11
|c|âTheKillerSplash|heeh
|
|switch|p1a: Raikou|Raikou|321\/321
|-ability|p1a: Raikou|Pressure
|move|p2a: Landorus-Therian|Earthquake|p1a: Raikou
|-supereffective|p1a: Raikou
|-damage|p1a: Raikou|0 fnt
|faint|p1a: Raikou
|
|c|âTheKillerSplash|yus i predicted right
|
|switch|p1a: Talonflame|Talonflame, F|322\/359
|turn|12
|join|omegasization
|
|move|p1a: Talonflame|Taunt|p2a: Landorus-Therian
|-fail|p2a: Landorus-Therian
|move|p2a: Landorus-Therian|Stone Edge|p1a: Talonflame
|-supereffective|p1a: Talonflame
|-damage|p1a: Talonflame|0 fnt
|faint|p1a: Talonflame
|
|
|switch|p1a: Bisharp|Bisharp, M|271\/271
|turn|13
|
|move|p1a: Bisharp|Swords Dance|p1a: Bisharp
|-boost|p1a: Bisharp|atk|2
|move|p2a: Landorus-Therian|Earthquake|p1a: Bisharp
|-supereffective|p1a: Bisharp
|-damage|p1a: Bisharp|0 fnt
|faint|p1a: Bisharp
|
|-end|p2a: Landorus-Therian|move: Taunt
|c|âSharpteeth|gg
|c|âTheKillerSplash|thnks for the battle 2nd mod i defeated xD
|
|switch|p1a: Diancie|Diancie-Mega|241\/241
|turn|14
|
|move|p1a: Diancie|Moonblast|p2a: Landorus-Therian
|-crit|p2a: Landorus-Therian
|-damage|p2a: Landorus-Therian|30\/382
|move|p2a: Landorus-Therian|Earthquake|p1a: Diancie
|-supereffective|p1a: Diancie
|-damage|p1a: Diancie|0 fnt
|faint|p1a: Diancie
|
|win|TheKillerSplash