|join|Churmp Eevee
|join|Sharpteeth
|player|p1|Churmp Eevee|146
|player|p2|Sharpteeth|1
|gametype|singles
|gen|6
|tier|OU
|rated
|clearpoke
|poke|p1|Diancie
|poke|p1|Diggersby, M
|poke|p1|Slowking, M
|poke|p1|Gengar, M
|poke|p1|Gliscor, M
|poke|p1|Tyranitar, F
|poke|p2|Weavile, F
|poke|p2|Diancie
|poke|p2|Skarmory, F
|poke|p2|Latias, F
|poke|p2|Magnezone
|poke|p2|Garchomp, M
|rule|Swagger Clause: Swagger is banned
|rule|Baton Pass Clause: Limit one PokÃ©mon knowing Baton Pass
|rule|Sleep Clause Mod: Limit one foe put to sleep
|rule|Species Clause: Limit one of each PokÃ©mon
|rule|OHKO Clause: OHKO moves are banned
|rule|Moody Clause: Moody is banned
|rule|Evasion Moves Clause: Evasion moves are banned
|rule|Endless Battle Clause: Forcing endless battles is banned
|rule|HP Percentage Mod: HP is shown in percentages
|teampreview
|c|âChurmp Eevee|i can 2 fren battles in a row
|c|âChurmp Eevee|not bad
|c|âChurmp Eevee|*got
|c|âChurmp Eevee|how did that turn into can
|c|âChurmp Eevee|gl hf
|join|Eric Wrona
|c|âSharpteeth|gl
|join|Uronym
|
|start
|switch|p1a: Gengar|Gengar, M|261\/261
|switch|p2a: Garden Gnome|Diancie|241\/241
|turn|1
|
|detailschange|p2a: Garden Gnome|Diancie-Mega
|-mega|p2a: Garden Gnome|Diancie|Diancite
|move|p2a: Garden Gnome|Protect|p2a: Garden Gnome
|-singleturn|p2a: Garden Gnome|Protect
|move|p1a: Gengar|Sludge Bomb|p2a: Garden Gnome
|-activate|p2a: Garden Gnome|Protect
|
|turn|2
|
|switch|p1a: Slowking|Slowking, M|394\/394
|move|p2a: Garden Gnome|Diamond Storm|p1a: Slowking
|-damage|p1a: Slowking|184\/394
|
|-heal|p1a: Slowking|208\/394|[from] item: Leftovers
|turn|3
|
|move|p2a: Garden Gnome|Diamond Storm|p1a: Slowking
|-damage|p1a: Slowking|3\/394
|-boost|p2a: Garden Gnome|def|1
|move|p1a: Slowking|Scald|p2a: Garden Gnome
|-supereffective|p2a: Garden Gnome
|-damage|p2a: Garden Gnome|47\/241
|
|-heal|p1a: Slowking|27\/394|[from] item: Leftovers
|turn|4
|
|switch|p1a: Gliscor|Gliscor, M|353\/353
|move|p2a: Garden Gnome|Moonblast|p1a: Gliscor
|-damage|p1a: Gliscor|116\/353
|-unboost|p1a: Gliscor|spa|1
|
|-status|p1a: Gliscor|tox|[from] item: Toxic Orb
|turn|5
|
|move|p1a: Gliscor|Protect|p1a: Gliscor
|-singleturn|p1a: Gliscor|Protect
|move|p2a: Garden Gnome|Moonblast|p1a: Gliscor
|-activate|p1a: Gliscor|Protect
|
|-heal|p1a: Gliscor|160\/353 tox|[from] ability: Poison Heal
|turn|6
|
|switch|p1a: Tyranitar|Tyranitar, F|341\/341
|-weather|Sandstorm
|move|p2a: Garden Gnome|Moonblast|p1a: Tyranitar
|-supereffective|p1a: Tyranitar
|-damage|p1a: Tyranitar|59\/341
|-unboost|p1a: Tyranitar|spa|1
|
|-weather|Sandstorm|[upkeep]
|turn|7
|
|move|p1a: Tyranitar|Pursuit|p2a: Garden Gnome|[from]Pursuit
|-resisted|p2a: Garden Gnome
|-damage|p2a: Garden Gnome|3\/241
|switch|p2a: Hot Stove|Garchomp, M|420\/420
|
|-weather|Sandstorm|[upkeep]
|turn|8
|
|switch|p1a: Gliscor|Gliscor, M|160\/353 tox
|move|p2a: Hot Stove|Stealth Rock|p1a: Gliscor
|-sidestart|p1: Churmp Eevee|move: Stealth Rock
|
|-weather|Sandstorm|[upkeep]
|-heal|p1a: Gliscor|204\/353 tox|[from] ability: Poison Heal
|turn|9
|
|switch|p2a: Panic Button|Skarmory, F|334\/334
|move|p1a: Gliscor|Roost|p1a: Gliscor
|-heal|p1a: Gliscor|353\/353 tox
|
|-weather|Sandstorm|[upkeep]
|turn|10
|
|move|p2a: Panic Button|Taunt|p1a: Gliscor
|-start|p1a: Gliscor|move: Taunt
|move|p1a: Gliscor|Knock Off|p2a: Panic Button
|-damage|p2a: Panic Button|279\/334
|-enditem|p2a: Panic Button|Red Card|[from] move: Knock Off|[of] p1a: Gliscor
|
|-weather|none
|turn|11
|
|switch|p1a: Diancie|Diancie|241\/241
|-damage|p1a: Diancie|211\/241|[from] Stealth Rock
|move|p2a: Panic Button|Spikes|p1a: Diancie
|-sidestart|p1: Churmp Eevee|Spikes
|
|turn|12
|
|detailschange|p1a: Diancie|Diancie-Mega
|-mega|p1a: Diancie|Diancie|Diancite
|move|p2a: Panic Button|Drill Peck|p1a: Diancie
|-resisted|p1a: Diancie
|-damage|p1a: Diancie|173\/241
|move|p1a: Diancie|Calm Mind|p1a: Diancie
|-boost|p1a: Diancie|spa|1
|-boost|p1a: Diancie|spd|1
|
|turn|13
|join|hashtag fabulous
|
|move|p1a: Diancie|Moonblast|p2a: Panic Button
|-resisted|p2a: Panic Button
|-damage|p2a: Panic Button|76\/334
|move|p2a: Panic Button|Drill Peck|p1a: Diancie
|-resisted|p1a: Diancie
|-damage|p1a: Diancie|134\/241
|
|turn|14
|
|move|p1a: Diancie|Moonblast|p2a: Panic Button
|-resisted|p2a: Panic Button
|-damage|p2a: Panic Button|0 fnt
|faint|p2a: Panic Button
|
|
|switch|p2a: Broom Head|Weavile, F|282\/282
|-ability|p2a: Broom Head|Pressure
|turn|15
|
|move|p2a: Broom Head|Icicle Crash|p1a: Diancie
|-damage|p1a: Diancie|0 fnt
|-damage|p2a: Broom Head|254\/282|[from] item: Life Orb
|faint|p1a: Diancie
|
|
|switch|p1a: Diggersby|Diggersby, M|311\/311
|-damage|p1a: Diggersby|292\/311|[from] Stealth Rock
|-damage|p1a: Diggersby|254\/311|[from] Spikes
|turn|16
|c|âChurmp Eevee|why icicle crash?
|c|âSharpteeth|slightly more power makes handling stuff easier
|c|âSharpteeth|for example
|
|switch|p2a: Tinfoil Hat|Magnezone|319\/319
|move|p1a: Diggersby|Quick Attack|p2a: Tinfoil Hat
|-resisted|p2a: Tinfoil Hat
|-damage|p2a: Tinfoil Hat|268\/319
|-damage|p1a: Diggersby|223\/311|[from] item: Life Orb
|
|turn|17
|c|âChurmp Eevee|not with the 10% miss
|c|âChurmp Eevee|imo
|c|âSharpteeth|252 Atk Life Orb Weavile Ice Punch vs. 0 HP \/ 24 Def Mega Gardevoir: 208-246 (75 - 88.8%) -- 6.3% chance to OHKO after Stealth Rock
|c|âSharpteeth|252 Atk Life Orb Weavile Icicle Crash vs. 0 HP \/ 24 Def Mega Gardevoir: 234-277 (84.4 - 100%) -- 75% chance to OHKO after Stealth Rock
|
|switch|p1a: Gliscor|Gliscor, M|353\/353 tox
|-damage|p1a: Gliscor|309\/353 tox|[from] Stealth Rock
|move|p2a: Tinfoil Hat|Flash Cannon|p1a: Gliscor
|-damage|p1a: Gliscor|18\/353 tox
|
|-heal|p1a: Gliscor|62\/353 tox|[from] ability: Poison Heal
|turn|18
|c|âSharpteeth|also,
|c|âChurmp Eevee|gg
|c|âChurmp Eevee|btw
|c|âChurmp Eevee|i lost to weavile
|c|âSharpteeth|yep. diancie was your main solution
|
|move|p1a: Gliscor|Protect|p1a: Gliscor
|-singleturn|p1a: Gliscor|Protect
|move|p2a: Tinfoil Hat|Flash Cannon|p1a: Gliscor
|-activate|p1a: Gliscor|Protect
|
|-heal|p1a: Gliscor|106\/353 tox|[from] ability: Poison Heal
|turn|19
|c|âChurmp Eevee|im just gonna stay for what ever calc you're gonna send
|c|âSharpteeth|not a calc
|c|âChurmp Eevee|o
|
|switch|p1a: Slowking|Slowking, M|158\/394
|-damage|p1a: Slowking|109\/394|[from] Stealth Rock
|-damage|p1a: Slowking|60\/394|[from] Spikes
|move|p2a: Tinfoil Hat|Flash Cannon|p1a: Slowking
|-resisted|p1a: Slowking
|-damage|p1a: Slowking|0 fnt
|faint|p1a: Slowking
|
|c|âSharpteeth|just a 27% chance to flinch a keldeo to death
|c|âSharpteeth|which is always fun
|
|switch|p1a: Gengar|Gengar, M|261\/261
|-damage|p1a: Gengar|229\/261|[from] Stealth Rock
|turn|20
|
|move|p1a: Gengar|Shadow Ball|p2a: Tinfoil Hat
|-damage|p2a: Tinfoil Hat|72\/319
|-damage|p1a: Gengar|203\/261|[from] item: Life Orb
|move|p2a: Tinfoil Hat|Flash Cannon|p1a: Gengar
|-damage|p1a: Gengar|0 fnt
|faint|p1a: Gengar
|
|join|gizmo~
|
|switch|p1a: Gliscor|Gliscor, M|106\/353 tox
|-damage|p1a: Gliscor|62\/353 tox|[from] Stealth Rock
|turn|21
|
|move|p1a: Gliscor|Earthquake|p2a: Tinfoil Hat
|-supereffective|p2a: Tinfoil Hat
|-damage|p2a: Tinfoil Hat|0 fnt
|faint|p2a: Tinfoil Hat
|
|-heal|p1a: Gliscor|106\/353 tox|[from] ability: Poison Heal
|join|BattleXV
|
|switch|p2a: Garden Gnome|Diancie-Mega|3\/241
|turn|22
|
|move|p1a: Gliscor|Protect|p1a: Gliscor
|-singleturn|p1a: Gliscor|Protect
|move|p2a: Garden Gnome|Moonblast|p1a: Gliscor
|-activate|p1a: Gliscor|Protect
|
|-heal|p1a: Gliscor|150\/353 tox|[from] ability: Poison Heal
|turn|23
|
|switch|p1a: Tyranitar|Tyranitar, F|59\/341
|-damage|p1a: Tyranitar|17\/341|[from] Spikes
|-damage|p1a: Tyranitar|0 fnt|[from] Stealth Rock
|faint|p1a: Tyranitar
|move|p2a: Garden Gnome|Moonblast|p1: Tyranitar|[notarget]
|-notarget
|
|
|switch|p1a: Diggersby|Diggersby, M|223\/311
|-damage|p1a: Diggersby|185\/311|[from] Spikes
|-damage|p1a: Diggersby|166\/311|[from] Stealth Rock
|turn|24
|
|move|p2a: Garden Gnome|Moonblast|p1a: Diggersby
|-damage|p1a: Diggersby|0 fnt
|faint|p1a: Diggersby
|
|
|switch|p1a: Gliscor|Gliscor, M|150\/353 tox
|-damage|p1a: Gliscor|106\/353 tox|[from] Stealth Rock
|turn|25
|leave|BattleXV
|c|âChurmp Eevee|gg
|
|move|p2a: Garden Gnome|Moonblast|p1a: Gliscor
|-damage|p1a: Gliscor|0 fnt
|faint|p1a: Gliscor
|
|win|Sharpteeth
|raw|Ladder updating...
|raw|Churmp Eevee's rating: 1542 &rarr; <strong>1526<\/strong><br \/>(-16 for losing)
|raw|Sharpteeth's rating: 1610 &rarr; <strong>1626<\/strong><br \/>(+16 for winning)
|c|âSharpteeth|gg
|leave|Uronym
|leave|Sharpteeth
|player|p2