|join|LIL MANAPHY
|join|Sharpteeth
|player|p1|LIL MANAPHY|9
|player|p2|Sharpteeth|1
|gametype|singles
|gen|6
|tier|OU
|rated
|clearpoke
|poke|p1|Heatran, F
|poke|p1|Ferrothorn, M
|poke|p1|Slowbro, M
|poke|p1|Landorus-Therian, M
|poke|p1|Kyurem-Black
|poke|p1|Clefable, M
|poke|p2|Weavile, F
|poke|p2|Diancie
|poke|p2|Skarmory, M
|poke|p2|Latias, F
|poke|p2|Magnezone
|poke|p2|Garchomp, M
|rule|Swagger Clause: Swagger is banned
|rule|Baton Pass Clause: Limit one PokÃ©mon knowing Baton Pass
|rule|Sleep Clause Mod: Limit one foe put to sleep
|rule|Species Clause: Limit one of each PokÃ©mon
|rule|OHKO Clause: OHKO moves are banned
|rule|Moody Clause: Moody is banned
|rule|Evasion Moves Clause: Evasion moves are banned
|rule|Endless Battle Clause: Forcing endless battles is banned
|rule|HP Percentage Mod: HP is shown in percentages
|teampreview
|
|start
|switch|p1a: Kyurem-Black|Kyurem-Black|391\/391
|switch|p2a: Panic Button|Skarmory, M|334\/334
|-ability|p1a: Kyurem-Black|Teravolt
|turn|1
|
|move|p1a: Kyurem-Black|Ice Beam|p2a: Panic Button
|-damage|p2a: Panic Button|30\/334
|-enditem|p2a: Panic Button|Red Card|[of] p1a: Kyurem-Black
|drag|p1a: Clefable|Clefable, M|394\/394
|move|p2a: Panic Button|Spikes|p1a: Clefable
|-sidestart|p1: LIL MANAPHY|Spikes
|
|turn|2
|
|switch|p1a: Kyurem-Black|Kyurem-Black|391\/391
|-damage|p1a: Kyurem-Black|343\/391|[from] Spikes
|-ability|p1a: Kyurem-Black|Teravolt
|move|p2a: Panic Button|Spikes|p1a: Kyurem-Black
|-sidestart|p1: LIL MANAPHY|Spikes
|
|turn|3
|
|switch|p2a: Tinfoil Hat|Magnezone|319\/319
|move|p1a: Kyurem-Black|Ice Beam|p2a: Tinfoil Hat
|-resisted|p2a: Tinfoil Hat
|-damage|p2a: Tinfoil Hat|190\/319
|-damage|p1a: Kyurem-Black|304\/391|[from] item: Life Orb
|
|turn|4
|join|mega driffblim
|c|âSharpteeth|ah poop.
|
|switch|p2a: Panic Button|Skarmory, M|30\/334
|move|p1a: Kyurem-Black|Ice Beam|p2a: Panic Button
|-damage|p2a: Panic Button|0 fnt
|-damage|p1a: Kyurem-Black|265\/391|[from] item: Life Orb
|faint|p2a: Panic Button
|
|
|switch|p2a: Garden Gnome|Diancie|241\/241
|turn|5
|
|detailschange|p2a: Garden Gnome|Diancie-Mega
|-mega|p2a: Garden Gnome|Diancie|Diancite
|move|p2a: Garden Gnome|Protect|p2a: Garden Gnome
|-singleturn|p2a: Garden Gnome|Protect
|move|p1a: Kyurem-Black|Earth Power|p2a: Garden Gnome
|-activate|p2a: Garden Gnome|Protect
|
|turn|6
|
|switch|p2a: Tinfoil Hat|Magnezone|190\/319
|switch|p1a: Heatran|Heatran, F|328\/328
|-damage|p1a: Heatran|274\/328|[from] Spikes
|
|-heal|p1a: Heatran|294\/328|[from] item: Leftovers
|turn|7
|
|switch|p2a: Hot Stove|Garchomp, M|420\/420
|move|p1a: Heatran|Stealth Rock|p2a: Hot Stove
|-sidestart|p2: Sharpteeth|move: Stealth Rock
|
|-heal|p1a: Heatran|314\/328|[from] item: Leftovers
|turn|8
|
|switch|p1a: Clefable|Clefable, M|394\/394
|move|p2a: Hot Stove|Stealth Rock|p1a: Clefable
|-sidestart|p1: LIL MANAPHY|move: Stealth Rock
|
|turn|9
|
|move|p2a: Hot Stove|Earthquake|p1a: Clefable
|-damage|p1a: Clefable|265\/394
|move|p1a: Clefable|Moonblast|p2a: Hot Stove
|-crit|p2a: Hot Stove
|-supereffective|p2a: Hot Stove
|-damage|p2a: Hot Stove|0 fnt
|faint|p2a: Hot Stove
|
|-heal|p1a: Clefable|289\/394|[from] item: Leftovers
|join|asdfCookie
|
|switch|p2a: Tinfoil Hat|Magnezone|190\/319
|-damage|p2a: Tinfoil Hat|171\/319|[from] Stealth Rock
|turn|10
|
|switch|p1a: Ferrothorn|Ferrothorn, M|352\/352
|-damage|p1a: Ferrothorn|330\/352|[from] Stealth Rock
|-damage|p1a: Ferrothorn|272\/352|[from] Spikes
|move|p2a: Tinfoil Hat|Flash Cannon|p1a: Ferrothorn
|-resisted|p1a: Ferrothorn
|-damage|p1a: Ferrothorn|182\/352
|
|-heal|p1a: Ferrothorn|204\/352|[from] item: Leftovers
|turn|11
|
|switch|p2a: Garden Gnome|Diancie-Mega|241\/241
|-damage|p2a: Garden Gnome|211\/241|[from] Stealth Rock
|move|p1a: Ferrothorn|Leech Seed|p2a: Garden Gnome
|move|p2a: Garden Gnome|Leech Seed|p1a: Ferrothorn|[from]Magic Bounce
|-immune|p1a: Ferrothorn|[msg]
|
|-heal|p1a: Ferrothorn|226\/352|[from] item: Leftovers
|turn|12
|
|switch|p2a: Tinfoil Hat|Magnezone|171\/319
|-damage|p2a: Tinfoil Hat|152\/319|[from] Stealth Rock
|switch|p1a: Landorus-Therian|Landorus-Therian, M|325\/325
|-damage|p1a: Landorus-Therian|285\/325|[from] Stealth Rock
|-ability|p1a: Landorus-Therian|Intimidate|[of] p2a: Tinfoil Hat
|-unboost|p2a: Tinfoil Hat|atk|1
|
|turn|13
|
|switch|p2a: Rubber Duck|Latias, F|344\/344
|-damage|p2a: Rubber Duck|301\/344|[from] Stealth Rock
|move|p1a: Landorus-Therian|Earthquake|p2a: Rubber Duck
|-immune|p2a: Rubber Duck|[msg]
|
|-heal|p2a: Rubber Duck|322\/344|[from] item: Leftovers
|turn|14
|
|switch|p1a: Heatran|Heatran, F|314\/328
|-damage|p1a: Heatran|273\/328|[from] Stealth Rock
|-damage|p1a: Heatran|219\/328|[from] Spikes
|switch|p2a: Tinfoil Hat|Magnezone|152\/319
|-damage|p2a: Tinfoil Hat|133\/319|[from] Stealth Rock
|
|-heal|p1a: Heatran|239\/328|[from] item: Leftovers
|turn|15
|c|âSharpteeth|gg
|
|move|p1a: Heatran|Fire Blast|p2a: Tinfoil Hat
|-supereffective|p2a: Tinfoil Hat
|-damage|p2a: Tinfoil Hat|0 fnt
|faint|p2a: Tinfoil Hat
|
|-heal|p1a: Heatran|259\/328|[from] item: Leftovers
|c|âLIL MANAPHY|gg its wcar btw
|c| mega driffblim|yeah its wcar
|
|switch|p2a: Broom Head|Weavile, F|282\/282
|-damage|p2a: Broom Head|212\/282|[from] Stealth Rock
|-ability|p2a: Broom Head|Pressure
|turn|16
|c| mega driffblim|hi sharp :)
|c| mega driffblim|its me
|
|move|p2a: Broom Head|Low Kick|p1a: Heatran
|-supereffective|p1a: Heatran
|-damage|p1a: Heatran|0 fnt
|-damage|p2a: Broom Head|184\/282|[from] item: Life Orb
|faint|p1a: Heatran
|
|
|switch|p1a: Clefable|Clefable, M|289\/394
|turn|17
|c|âSharpteeth|flinch that thing to death, and I win.
|
|move|p2a: Broom Head|Icicle Crash|p1a: Clefable
|-damage|p1a: Clefable|114\/394
|-damage|p2a: Broom Head|156\/282|[from] item: Life Orb
|move|p1a: Clefable|Moonblast|p2a: Broom Head
|-crit|p2a: Broom Head
|-supereffective|p2a: Broom Head
|-damage|p2a: Broom Head|0 fnt
|faint|p2a: Broom Head
|
|-heal|p1a: Clefable|138\/394|[from] item: Leftovers
|c|âSharpteeth|here we go ._.
|c| asdfCookie|whyd you change from ice punch
|
|switch|p2a: Garden Gnome|Diancie-Mega|211\/241
|-damage|p2a: Garden Gnome|181\/241|[from] Stealth Rock
|turn|18
|c| asdfCookie|thought you didnt like missing
|c| asdfCookie|:P
|
|move|p2a: Garden Gnome|Moonblast|p1a: Clefable
|-damage|p1a: Clefable|0 fnt
|faint|p1a: Clefable
|
|c| mega driffblim|cause it hits more
|c| mega driffblim|harder*
|
|switch|p1a: Ferrothorn|Ferrothorn, M|226\/352
|-damage|p1a: Ferrothorn|168\/352|[from] Spikes
|-damage|p1a: Ferrothorn|146\/352|[from] Stealth Rock
|turn|19
|c|âSharpteeth|cause gardevoir is too dangerous
|c| mega driffblim|ya she lives an ice punch
|c|âSharpteeth|ice punch needs 2 sr switch-ins to ko garde
|c| mega driffblim|not an ice crash
|c|âSharpteeth|icicle crash needs one
|c|âSharpteeth|same with diancie
|c| mega driffblim|what really
|c| mega driffblim|it 1hkos diancie?
|
|move|p2a: Garden Gnome|Earth Power|p1a: Ferrothorn
|-damage|p1a: Ferrothorn|50\/352
|-unboost|p1a: Ferrothorn|spd|1
|move|p1a: Ferrothorn|Gyro Ball|p2a: Garden Gnome
|-supereffective|p2a: Garden Gnome
|-damage|p2a: Garden Gnome|0 fnt
|faint|p2a: Garden Gnome
|
|-heal|p1a: Ferrothorn|72\/352|[from] item: Leftovers
|c|âSharpteeth|well, it just does so much more
|c| mega driffblim|as long as it doesnt 1hko....
|
|switch|p2a: Rubber Duck|Latias, F|322\/344
|-damage|p2a: Rubber Duck|279\/344|[from] Stealth Rock
|turn|20
|leave|asdfCookie
|c| mega driffblim|i couldnt see that happening diancie is on the beefier side of things
|c|âSharpteeth|252 Atk Life Orb Weavile Icicle Crash vs. 0 HP \/ 0 Def Mega Diancie: 157-187 (65.1 - 77.5%) -- guaranteed 2HKO
|c| mega driffblim|not bad
|
|move|p2a: Rubber Duck|Draco Meteor|p1a: Ferrothorn
|-resisted|p1a: Ferrothorn
|-damage|p1a: Ferrothorn|0 fnt
|-unboost|p2a: Rubber Duck|spa|2
|faint|p1a: Ferrothorn
|
|-heal|p2a: Rubber Duck|300\/344|[from] item: Leftovers
|
|switch|p1a: Landorus-Therian|Landorus-Therian, M|285\/325
|-damage|p1a: Landorus-Therian|245\/325|[from] Stealth Rock
|-ability|p1a: Landorus-Therian|Intimidate|[of] p2a: Rubber Duck
|-unboost|p2a: Rubber Duck|atk|1
|turn|21
|
|move|p1a: Landorus-Therian|U-turn|p2a: Rubber Duck
|-supereffective|p2a: Rubber Duck
|-damage|p2a: Rubber Duck|120\/344
|
|switch|p1a: Kyurem-Black|Kyurem-Black|265\/391
|-damage|p1a: Kyurem-Black|200\/391|[from] Spikes
|-damage|p1a: Kyurem-Black|103\/391|[from] Stealth Rock
|-ability|p1a: Kyurem-Black|Teravolt
|move|p2a: Rubber Duck|Draco Meteor|p1a: Kyurem-Black
|-supereffective|p1a: Kyurem-Black
|-damage|p1a: Kyurem-Black|0 fnt
|-unboost|p2a: Rubber Duck|spa|2
|faint|p1a: Kyurem-Black
|
|-heal|p2a: Rubber Duck|141\/344|[from] item: Leftovers
|
|switch|p1a: Landorus-Therian|Landorus-Therian, M|245\/325
|-damage|p1a: Landorus-Therian|205\/325|[from] Stealth Rock
|-ability|p1a: Landorus-Therian|Intimidate|[of] p2a: Rubber Duck
|-unboost|p2a: Rubber Duck|atk|1
|turn|22
|
|move|p1a: Landorus-Therian|U-turn|p2a: Rubber Duck
|-supereffective|p2a: Rubber Duck
|-damage|p2a: Rubber Duck|0 fnt
|faint|p2a: Rubber Duck
|
|win|LIL MANAPHY
|raw|Ladder updating...
|raw|LIL MANAPHY's rating: 1664 &rarr; <strong>1683<\/strong><br \/>(+19 for winning)
|raw|Sharpteeth's rating: 1653 &rarr; <strong>1633<\/strong><br \/>(-20 for losing)
|leave|LIL MANAPHY
|join|aims
|leave|Sharpteeth
|player|p1
|player|p2
|leave|mega driffblim