|join|Sharpteeth
|join|FrozenCold
|player|p1|Sharpteeth|1
|player|p2|FrozenCold|218
|gametype|singles
|gen|6
|tier|OU
|clearpoke
|poke|p1|Metagross
|poke|p1|Azelf
|poke|p1|Latias, F
|poke|p1|Jirachi
|poke|p1|Latios, M
|poke|p1|Victini
|poke|p2|Sceptile, F
|poke|p2|Heatran, M
|poke|p2|Rotom-Wash
|poke|p2|Azumarill, M
|poke|p2|Latios, M
|poke|p2|Diggersby, M
|rule|Swagger Clause: Swagger is banned
|rule|Baton Pass Clause: Limit one PokÃ©mon knowing Baton Pass
|rule|Sleep Clause Mod: Limit one foe put to sleep
|rule|Species Clause: Limit one of each PokÃ©mon
|rule|OHKO Clause: OHKO moves are banned
|rule|Moody Clause: Moody is banned
|rule|Evasion Moves Clause: Evasion moves are banned
|rule|Endless Battle Clause: Forcing endless battles is banned
|rule|HP Percentage Mod: HP is shown in percentages
|teampreview
|c|âFrozenCold|Gl hf
|c|âFrozenCold|double lati twins
|c|âSharpteeth|you too
|c|âFrozenCold|1 defogger
|c|âFrozenCold|1 healing wish
|
|start
|switch|p1a: Azelf|Azelf|292\/292
|switch|p2a: Mr.Clean|Rotom-Wash|294\/294
|turn|1
|
|move|p1a: Azelf|Stealth Rock|p2a: Mr.Clean
|-sidestart|p2: FrozenCold|move: Stealth Rock
|move|p2a: Mr.Clean|Volt Switch|p1a: Azelf
|-damage|p1a: Azelf|175\/292
|c|âFrozenCold|u have nothing for bisharp o-o
|c|âFrozenCold|unless u have like sub
|c|âFrozenCold|or hp fighting lati
|
|switch|p2a: Christmas|Sceptile, F|282\/282
|-damage|p2a: Christmas|247\/282|[from] Stealth Rock
|
|turn|2
|
|switch|p1a: Victini|Victini|403\/403
|detailschange|p2a: Christmas|Sceptile-Mega, F
|-mega|p2a: Christmas|Sceptile|Sceptilite
|move|p2a: Christmas|Dragon Pulse|p1a: Victini
|-damage|p1a: Victini|231\/403
|
|-heal|p1a: Victini|256\/403|[from] item: Leftovers
|turn|3
|join|Kasher
|
|move|p2a: Christmas|Substitute|p2a: Christmas
|-start|p2a: Christmas|Substitute
|-damage|p2a: Christmas|177\/282
|move|p1a: Victini|Bolt Strike|p2a: Christmas
|-boost|p2a: Christmas|spa|1|[from] ability: Lightning Rod
|
|-heal|p1a: Victini|281\/403|[from] item: Leftovers
|turn|4
|
|move|p2a: Christmas|Dragon Pulse|p1a: Victini
|-damage|p1a: Victini|34\/403
|move|p1a: Victini|V-create|p2a: Christmas
|-end|p2a: Christmas|Substitute
|-unboost|p1a: Victini|def|1
|-unboost|p1a: Victini|spd|1
|-unboost|p1a: Victini|spe|1
|
|-heal|p1a: Victini|59\/403|[from] item: Leftovers
|turn|5
|c|âFrozenCold|thanks :P
|
|move|p2a: Christmas|Dragon Pulse|p1a: Victini
|-damage|p1a: Victini|0 fnt
|faint|p1a: Victini
|
|
|switch|p1a: Latias|Latias, F|301\/301
|turn|6
|join|BHARATHTHEBEST
|
|move|p1a: Latias|Draco Meteor|p2a: Christmas
|-supereffective|p2a: Christmas
|-damage|p2a: Christmas|0 fnt
|-unboost|p1a: Latias|spa|2
|faint|p2a: Christmas
|
|c|âFrozenCold|scarf latias
|join|Padapos the retard
|c|âFrozenCold|Think I used that at least once b4
|
|switch|p2a: RevealSpecs|Azumarill, M|345\/345
|-damage|p2a: RevealSpecs|302\/345|[from] Stealth Rock
|turn|7
|
|switch|p1a: Azelf|Azelf|175\/292
|move|p2a: RevealSpecs|Waterfall|p1a: Azelf
|-damage|p1a: Azelf|0 fnt
|faint|p1a: Azelf
|
|
|switch|p1a: Jirachi|Jirachi|341\/341
|turn|8
|
|switch|p2a: Mr.Clean|Rotom-Wash|294\/294
|-damage|p2a: Mr.Clean|258\/294|[from] Stealth Rock
|move|p1a: Jirachi|Trick|p2a: Mr.Clean
|-activate|p1a: Jirachi|move: Trick|[of] p2a: Mr.Clean
|-item|p2a: Mr.Clean|Choice Scarf|[from] move: Trick
|-item|p1a: Jirachi|Leftovers|[from] move: Trick
|
|turn|9
|
|switch|p1a: Latios|Latios, M|301\/301
|move|p2a: Mr.Clean|Will-O-Wisp|p1a: Latios
|-status|p1a: Latios|brn
|
|-damage|p1a: Latios|264\/301 brn|[from] brn
|turn|10
|
|switch|p2a: Earthquake|Heatran, M|386\/386
|-damage|p2a: Earthquake|338\/386|[from] Stealth Rock
|move|p1a: Latios|Thunderbolt|p2a: Earthquake
|-damage|p2a: Earthquake|239\/386
|-damage|p1a: Latios|234\/301 brn|[from] item: Life Orb
|
|-heal|p2a: Earthquake|263\/386|[from] item: Leftovers
|-damage|p1a: Latios|197\/301 brn|[from] brn
|turn|11
|
|switch|p2a: RevealMega|Latios, M|302\/302
|-damage|p2a: RevealMega|265\/302|[from] Stealth Rock
|move|p1a: Latios|Memento|p2a: RevealMega
|-unboost|p2a: RevealMega|atk|2
|-unboost|p2a: RevealMega|spa|2
|faint|p1a: Latios
|
|
|switch|p1a: Metagross|Metagross|301\/301
|turn|12
|join|oml it's too ez
|leave|oml it's too ez
|
|detailschange|p1a: Metagross|Metagross-Mega
|-mega|p1a: Metagross|Metagross|Metagrossite
|move|p2a: RevealMega|Draco Meteor|p1a: Metagross
|-resisted|p1a: Metagross
|-damage|p1a: Metagross|251\/301
|-unboost|p2a: RevealMega|spa|2
|move|p1a: Metagross|Zen Headbutt|p2a: RevealMega
|-resisted|p2a: RevealMega
|-damage|p2a: RevealMega|145\/302
|
|turn|13
|
|move|p2a: RevealMega|Draco Meteor|p1a: Metagross
|-resisted|p1a: Metagross
|-damage|p1a: Metagross|218\/301
|-unboost|p2a: RevealMega|spa|2
|move|p1a: Metagross|Zen Headbutt|p2a: RevealMega
|-resisted|p2a: RevealMega
|-damage|p2a: RevealMega|19\/302
|
|turn|14
|
|move|p2a: RevealMega|Draco Meteor|p1a: Metagross
|-resisted|p1a: Metagross
|-damage|p1a: Metagross|191\/301
|move|p1a: Metagross|Agility|p1a: Metagross
|-boost|p1a: Metagross|spe|2
|
|turn|15
|
|move|p1a: Metagross|Zen Headbutt|p2a: RevealMega
|-resisted|p2a: RevealMega
|-damage|p2a: RevealMega|0 fnt
|faint|p2a: RevealMega
|
|
|switch|p2a: RevealSpecs|Azumarill, M|302\/345
|-damage|p2a: RevealSpecs|259\/345|[from] Stealth Rock
|turn|16
|join|nothingbutnet
|
|move|p1a: Metagross|Meteor Mash|p2a: RevealSpecs
|-damage|p2a: RevealSpecs|0 fnt
|faint|p2a: RevealSpecs
|
|c|âFrozenCold|adamant x.x
|
|switch|p2a: Mr.Clean|Rotom-Wash|258\/294
|-damage|p2a: Mr.Clean|222\/294|[from] Stealth Rock
|turn|17
|
|move|p1a: Metagross|Zen Headbutt|p2a: Mr.Clean
|-damage|p2a: Mr.Clean|93\/294
|cant|p2a: Mr.Clean|flinch
|
|turn|18
|
|move|p1a: Metagross|Meteor Mash|p2a: Mr.Clean
|-resisted|p2a: Mr.Clean
|-damage|p2a: Mr.Clean|56\/294
|move|p2a: Mr.Clean|Will-O-Wisp|p1a: Metagross
|-status|p1a: Metagross|brn
|
|-damage|p1a: Metagross|154\/301 brn|[from] brn
|turn|19
|c|âFrozenCold|x.x
|c| Kasher|got hella greedy
|
|switch|p1a: Jirachi|Jirachi|341\/341
|switch|p2a: Earthquake|Heatran, M|263\/386
|-damage|p2a: Earthquake|215\/386|[from] Stealth Rock
|
|-heal|p2a: Earthquake|239\/386|[from] item: Leftovers
|turn|20
|c|âSharpteeth|or far, far too nice
|c|âSharpteeth|either wy
|c|âSharpteeth|way*
|
|move|p1a: Jirachi|Healing Wish|p1a: Jirachi
|faint|p1a: Jirachi
|move|p2a: Earthquake|Flash Cannon|p1: Jirachi|[notarget]
|-notarget
|
|-heal|p2a: Earthquake|263\/386|[from] item: Leftovers
|
|switch|p1a: Metagross|Metagross-Mega|154\/301 brn
|-heal|p1a: Metagross|301\/301|[from] move: Healing Wish
|turn|21
|join|SamuraiSneasel
|c|âFrozenCold|the eq x.x
|c|âSharpteeth|don't have eq
|c|âFrozenCold|or hammer arm
|
|move|p1a: Metagross|Hammer Arm|p2a: Earthquake
|-supereffective|p2a: Earthquake
|-damage|p2a: Earthquake|0 fnt
|-unboost|p1a: Metagross|spe|1
|faint|p2a: Earthquake
|
|
|switch|p2a: TrixRforKids|Diggersby, M|311\/311
|-damage|p2a: TrixRforKids|292\/311|[from] Stealth Rock
|turn|22
|c| SamuraiSneasel|RIP
|
|move|p2a: TrixRforKids|U-turn|p1a: Metagross
|-damage|p1a: Metagross|235\/301
|
|switch|p2a: Mr.Clean|Rotom-Wash|56\/294
|-damage|p2a: Mr.Clean|20\/294|[from] Stealth Rock
|move|p1a: Metagross|Hammer Arm|p2a: Mr.Clean
|-damage|p2a: Mr.Clean|0 fnt
|-unboost|p1a: Metagross|spe|1
|faint|p2a: Mr.Clean
|
|
|switch|p2a: TrixRforKids|Diggersby, M|292\/311
|-damage|p2a: TrixRforKids|273\/311|[from] Stealth Rock
|turn|23
|c|âFrozenCold|I need a crit and a miss
|join|Tolsof
|c|âFrozenCold|well several misses
|
|move|p2a: TrixRforKids|Knock Off|p1a: Metagross
|-supereffective|p1a: Metagross
|-damage|p1a: Metagross|99\/301
|move|p1a: Metagross|Hammer Arm|p2a: TrixRforKids|[miss]
|-miss|p1a: Metagross|p2a: TrixRforKids
|
|turn|24
|c| SamuraiSneasel|inb4 brightpowder Bunny
|c|âFrozenCold|that's 1
|
|switch|p1a: Latias|Latias, F|301\/301
|move|p2a: TrixRforKids|Knock Off|p1a: Latias
|-supereffective|p1a: Latias
|-damage|p1a: Latias|3\/301
|-enditem|p1a: Latias|Choice Scarf|[from] move: Knock Off|[of] p2a: TrixRforKids
|
|turn|25
|c| SamuraiSneasel|OH
|c|âFrozenCold|I'm scarf bunny
|
|move|p2a: TrixRforKids|Knock Off|p1a: Latias
|-supereffective|p1a: Latias
|-damage|p1a: Latias|0 fnt
|faint|p1a: Latias
|
|c|âSharpteeth|ooh
|
|switch|p1a: Metagross|Metagross-Mega|99\/301
|turn|26
|c| SamuraiSneasel|HE WINS
|c|âSharpteeth|makes sense
|c| SamuraiSneasel|BUNNY WINS
|c|âFrozenCold|gg
|
|move|p2a: TrixRforKids|Knock Off|p1a: Metagross
|-supereffective|p1a: Metagross
|-damage|p1a: Metagross|0 fnt
|faint|p1a: Metagross
|
|win|FrozenCold
|c| SamuraiSneasel|praise bunny
|c|âSharpteeth|gg
|leave|Tolsof
|leave|Kasher
|leave|SamuraiSneasel
|leave|Sharpteeth
|leave|nothingbutnet
|player|p1
|leave|FrozenCold
|player|p2
|leave|BHARATHTHEBEST
|leave|Padapos the retard