|join|celery27
|join|Sharpteeth
|player|p1|celery27|1
|player|p2|Sharpteeth|1
|gametype|singles
|gen|6
|tier|OU
|clearpoke
|poke|p1|Diancie
|poke|p1|Crawdaunt, F
|poke|p1|Landorus-Therian, M
|poke|p1|Heatran, F
|poke|p1|Starmie
|poke|p1|Breloom, F
|poke|p2|Weavile, F
|poke|p2|Diancie
|poke|p2|Skarmory, M
|poke|p2|Latias, F
|poke|p2|Magnezone
|poke|p2|Garchomp, M
|rule|Swagger Clause: Swagger is banned
|rule|Baton Pass Clause: Limit one PokÃ©mon knowing Baton Pass
|rule|Sleep Clause Mod: Limit one foe put to sleep
|rule|Species Clause: Limit one of each PokÃ©mon
|rule|OHKO Clause: OHKO moves are banned
|rule|Moody Clause: Moody is banned
|rule|Evasion Moves Clause: Evasion moves are banned
|rule|Endless Battle Clause: Forcing endless battles is banned
|rule|HP Percentage Mod: HP is shown in percentages
|teampreview
|join|teriatzy
|join|amanaz
|
|start
|switch|p1a: Diancie|Diancie|242\/242
|switch|p2a: Panic Button|Skarmory, M|334\/334
|turn|1
|
|detailschange|p1a: Diancie|Diancie-Mega
|-mega|p1a: Diancie|Diancie|Diancite
|move|p2a: Panic Button|Stealth Rock|p1a: Diancie
|move|p1a: Diancie|Stealth Rock|p2a: Panic Button|[from]Magic Bounce
|-sidestart|p2: Sharpteeth|move: Stealth Rock
|move|p1a: Diancie|Moonblast|p2a: Panic Button
|-resisted|p2a: Panic Button
|-damage|p2a: Panic Button|208\/334
|-enditem|p2a: Panic Button|Red Card|[of] p1a: Diancie
|drag|p1a: Crawdaunt|Crawdaunt, F|267\/267
|
|turn|2
|join|Gnarlboro
|leave|amanaz
|
|switch|p1a: Diancie|Diancie-Mega|242\/242
|move|p2a: Panic Button|Stealth Rock|p1a: Diancie
|move|p1a: Diancie|Stealth Rock|p2a: Panic Button|[from]Magic Bounce
|-fail|p2a: Panic Button
|
|turn|3
|
|move|p1a: Diancie|Earth Power|p2a: Panic Button
|-immune|p2a: Panic Button|[msg]
|move|p2a: Panic Button|Drill Peck|p1a: Diancie
|-resisted|p1a: Diancie
|-damage|p1a: Diancie|203\/242
|
|turn|4
|join|cauliflower19
|join|Omegasization
|join|andrethagiiant
|
|move|p1a: Diancie|Moonblast|p2a: Panic Button
|-resisted|p2a: Panic Button
|-damage|p2a: Panic Button|71\/334
|move|p2a: Panic Button|Drill Peck|p1a: Diancie
|-resisted|p1a: Diancie
|-damage|p1a: Diancie|166\/242
|
|turn|5
|c| cauliflower19|lets goooo dianicieee
|
|move|p1a: Diancie|Moonblast|p2a: Panic Button
|-crit|p2a: Panic Button
|-resisted|p2a: Panic Button
|-damage|p2a: Panic Button|0 fnt
|faint|p2a: Panic Button
|
|
|switch|p2a: Garden Gnome|Diancie|241\/241
|-damage|p2a: Garden Gnome|211\/241|[from] Stealth Rock
|turn|6
|
|detailschange|p2a: Garden Gnome|Diancie-Mega
|-mega|p2a: Garden Gnome|Diancie|Diancite
|move|p2a: Garden Gnome|Protect|p2a: Garden Gnome
|-singleturn|p2a: Garden Gnome|Protect
|move|p1a: Diancie|Earth Power|p2a: Garden Gnome
|-activate|p2a: Garden Gnome|Protect
|
|turn|7
|join|Draeden
|c| Draeden|**GO SHARP**
|
|switch|p1a: Starmie|Starmie|262\/262
|move|p2a: Garden Gnome|Earth Power|p1a: Starmie
|-damage|p1a: Starmie|112\/262
|-unboost|p1a: Starmie|spd|1
|
|turn|8
|
|switch|p2a: Rubber Duck|Latias, F|344\/344
|-damage|p2a: Rubber Duck|301\/344|[from] Stealth Rock
|move|p1a: Starmie|Hydro Pump|p2a: Rubber Duck
|-resisted|p2a: Rubber Duck
|-damage|p2a: Rubber Duck|189\/344
|-damage|p1a: Starmie|86\/262|[from] item: Life Orb
|
|-heal|p2a: Rubber Duck|210\/344|[from] item: Leftovers
|turn|9
|leave|cauliflower19
|
|move|p1a: Starmie|Ice Beam|p2a: Rubber Duck
|-supereffective|p2a: Rubber Duck
|-damage|p2a: Rubber Duck|23\/344
|-damage|p1a: Starmie|60\/262|[from] item: Life Orb
|move|p2a: Rubber Duck|Defog|p1a: Starmie
|-unboost|p1a: Starmie|evasion|1
|-sideend|p2: Sharpteeth|Stealth Rock|[from] move: Defog|[of] p2a: Rubber Duck
|
|-heal|p2a: Rubber Duck|44\/344|[from] item: Leftovers
|turn|10
|
|move|p1a: Starmie|Ice Beam|p2a: Rubber Duck
|-supereffective|p2a: Rubber Duck
|-damage|p2a: Rubber Duck|0 fnt
|-damage|p1a: Starmie|34\/262|[from] item: Life Orb
|faint|p2a: Rubber Duck
|
|
|switch|p2a: Broom Head|Weavile, F|282\/282
|-ability|p2a: Broom Head|Pressure
|turn|11
|
|move|p2a: Broom Head|Knock Off|p1a: Starmie
|-supereffective|p1a: Starmie
|-damage|p1a: Starmie|0 fnt
|-enditem|p1a: Starmie|Life Orb|[from] move: Knock Off|[of] p2a: Broom Head
|-damage|p2a: Broom Head|254\/282|[from] item: Life Orb
|faint|p1a: Starmie
|
|
|switch|p1a: Breloom|Breloom, F|262\/262
|turn|12
|
|switch|p2a: Hot Stove|Garchomp, M|420\/420
|move|p1a: Breloom|Bullet Seed|p2a: Hot Stove
|-damage|p2a: Hot Stove|366\/420
|-damage|p2a: Hot Stove|315\/420
|-hitcount|p2a: Hot Stove|2
|
|turn|13
|
|switch|p1a: Landorus-Therian|Landorus-Therian, M|320\/320
|-ability|p1a: Landorus-Therian|Intimidate|[of] p2a: Hot Stove
|-unboost|p2a: Hot Stove|atk|1
|move|p2a: Hot Stove|Stealth Rock|p1a: Landorus-Therian
|-sidestart|p1: celery27|move: Stealth Rock
|
|turn|14
|
|move|p1a: Landorus-Therian|Earthquake|p2a: Hot Stove
|-damage|p2a: Hot Stove|110\/420
|move|p2a: Hot Stove|Dragon Tail|p1a: Landorus-Therian
|-damage|p1a: Landorus-Therian|254\/320
|drag|p1a: Breloom|Breloom, F|262\/262
|-damage|p1a: Breloom|246\/262|[from] Stealth Rock
|
|turn|15
|join|Mentalist Swag
|join|808 & Heartbreak
|
|move|p1a: Breloom|Bullet Seed|p2a: Hot Stove
|-damage|p2a: Hot Stove|61\/420
|-damage|p2a: Hot Stove|10\/420
|-damage|p2a: Hot Stove|0 fnt
|-hitcount|p2a: Hot Stove|3
|faint|p2a: Hot Stove
|
|join|dilucidis
|
|switch|p2a: Garden Gnome|Diancie-Mega|211\/241
|turn|16
|leave|Mentalist Swag
|leave|andrethagiiant
|c| dilucidis|looks like celery lost right? maybe?
|-message|celery27 forfeited.
|
|win|Sharpteeth
|leave|Sharpteeth
|player|p2
|leave|Draeden