|join|Sharpteeth
|join|Will-I-am2
|player|p1|Sharpteeth|1
|player|p2|Will-I-am2|170
|gametype|singles
|gen|6
|tier|OU (suspect test)
|rated
|clearpoke
|poke|p1|Weavile, F
|poke|p1|Diancie
|poke|p1|Skarmory, M
|poke|p1|Latias, F
|poke|p1|Magnezone
|poke|p1|Garchomp, F
|poke|p2|Registeel
|poke|p2|Mamoswine, F
|poke|p2|Hydreigon, M
|poke|p2|Slowbro, M
|poke|p2|Talonflame, M
|poke|p2|Xatu, M
|rule|Swagger Clause: Swagger is banned
|rule|Baton Pass Clause: Limit one PokÃ©mon knowing Baton Pass
|rule|Sleep Clause Mod: Limit one foe put to sleep
|rule|Species Clause: Limit one of each PokÃ©mon
|rule|OHKO Clause: OHKO moves are banned
|rule|Moody Clause: Moody is banned
|rule|Evasion Moves Clause: Evasion moves are banned
|rule|Endless Battle Clause: Forcing endless battles is banned
|rule|HP Percentage Mod: HP is shown in percentages
|teampreview
|c|âSharpteeth|I found will-I-am's alt!
|
|start
|switch|p1a: Garden Gnome|Diancie|241\/241
|switch|p2a: Mamoswine|Mamoswine, F|361\/361
|turn|1
|
|detailschange|p1a: Garden Gnome|Diancie-Mega
|-mega|p1a: Garden Gnome|Diancie|Diancite
|move|p1a: Garden Gnome|Protect|p1a: Garden Gnome
|-singleturn|p1a: Garden Gnome|Protect
|move|p2a: Mamoswine|Earthquake|p1a: Garden Gnome
|-activate|p1a: Garden Gnome|Protect
|
|turn|2
|c|âWill-I-am2|no, this is my real one
|
|switch|p1a: Panic Button|Skarmory, M|334\/334
|move|p2a: Mamoswine|Earthquake|p1a: Panic Button
|-immune|p1a: Panic Button|[msg]
|
|turn|3
|c|âWill-I-am2|the other one is taken by someone else
|
|switch|p1a: Garden Gnome|Diancie-Mega|241\/241
|move|p2a: Mamoswine|Earthquake|p1a: Garden Gnome
|-supereffective|p1a: Garden Gnome
|-damage|p1a: Garden Gnome|0 fnt
|-damage|p2a: Mamoswine|325\/361|[from] item: Life Orb
|faint|p1a: Garden Gnome
|
|c|âSharpteeth|well, it did its job
|c|âSharpteeth|._.
|
|switch|p1a: Broom Head|Weavile, F|282\/282
|-ability|p1a: Broom Head|Pressure
|turn|4
|c|âWill-I-am2|haha
|
|move|p1a: Broom Head|Low Kick|p2a: Mamoswine
|-supereffective|p2a: Mamoswine
|-damage|p2a: Mamoswine|0 fnt
|-damage|p1a: Broom Head|254\/282|[from] item: Life Orb
|faint|p2a: Mamoswine
|
|
|switch|p2a: Talonflame|Talonflame, M|360\/360
|turn|5
|
|switch|p1a: Hot Stove|Garchomp, F|420\/420
|move|p2a: Talonflame|Will-O-Wisp|p1a: Hot Stove
|-status|p1a: Hot Stove|brn
|
|-damage|p1a: Hot Stove|368\/420 brn|[from] brn
|turn|6
|
|switch|p2a: Xatu|Xatu, M|333\/333
|move|p1a: Hot Stove|Stealth Rock|p2a: Xatu
|move|p2a: Xatu|Stealth Rock|p1a: Hot Stove|[from]Magic Bounce
|-sidestart|p1: Sharpteeth|move: Stealth Rock
|
|-damage|p1a: Hot Stove|316\/420 brn|[from] brn
|turn|7
|
|switch|p1a: Rubber Duck|Latias, F|344\/344
|-damage|p1a: Rubber Duck|301\/344|[from] Stealth Rock
|move|p2a: Xatu|Heat Wave|p1a: Rubber Duck
|-resisted|p1a: Rubber Duck
|-damage|p1a: Rubber Duck|273\/344
|
|-heal|p1a: Rubber Duck|294\/344|[from] item: Leftovers
|turn|8
|
|switch|p2a: Registeel|Registeel|364\/364
|move|p1a: Rubber Duck|Defog|p2a: Registeel
|-fail|p2a: Registeel|unboost|[from] ability: Clear Body|[of] p2a: Registeel
|-sideend|p1: Sharpteeth|Stealth Rock|[from] move: Defog|[of] p1a: Rubber Duck
|
|-heal|p1a: Rubber Duck|315\/344|[from] item: Leftovers
|turn|9
|
|switch|p1a: Tinfoil Hat|Magnezone|319\/319
|move|p2a: Registeel|Stealth Rock|p1a: Tinfoil Hat
|-sidestart|p1: Sharpteeth|move: Stealth Rock
|
|turn|10
|c|âSharpteeth|stay here and play with me for a bit.
|
|move|p1a: Tinfoil Hat|Thunderbolt|p2a: Registeel
|-damage|p2a: Registeel|205\/364
|move|p2a: Registeel|Seismic Toss|p1a: Tinfoil Hat
|-damage|p1a: Tinfoil Hat|219\/319
|
|-heal|p2a: Registeel|227\/364|[from] item: Leftovers
|turn|11
|c|âWill-I-am2|lol
|
|move|p1a: Tinfoil Hat|Thunderbolt|p2a: Registeel
|-damage|p2a: Registeel|79\/364
|move|p2a: Registeel|Seismic Toss|p1a: Tinfoil Hat
|-damage|p1a: Tinfoil Hat|119\/319
|
|-heal|p2a: Registeel|101\/364|[from] item: Leftovers
|turn|12
|
|move|p1a: Tinfoil Hat|Thunderbolt|p2a: Registeel
|-damage|p2a: Registeel|0 fnt
|faint|p2a: Registeel
|
|
|switch|p2a: Hydreigon|Hydreigon, M|333\/333
|turn|13
|
|switch|p1a: Hot Stove|Garchomp, F|316\/420 brn
|-damage|p1a: Hot Stove|290\/420 brn|[from] Stealth Rock
|move|p2a: Hydreigon|Dark Pulse|p1a: Hot Stove
|-damage|p1a: Hot Stove|8\/420 brn
|
|-damage|p1a: Hot Stove|0 fnt|[from] brn
|faint|p1a: Hot Stove
|
|switch|p1a: Broom Head|Weavile, F|254\/282
|-damage|p1a: Broom Head|184\/282|[from] Stealth Rock
|-ability|p1a: Broom Head|Pressure
|turn|14
|
|switch|p2a: Xatu|Xatu, M|333\/333
|move|p1a: Broom Head|Knock Off|p2a: Xatu
|-supereffective|p2a: Xatu
|-damage|p2a: Xatu|0 fnt
|-damage|p1a: Broom Head|137\/282|[from] item: Rocky Helmet|[of] p2a: Xatu
|-enditem|p2a: Xatu|Rocky Helmet|[from] move: Knock Off|[of] p1a: Broom Head
|-damage|p1a: Broom Head|109\/282|[from] item: Life Orb
|faint|p2a: Xatu
|
|
|switch|p2a: Talonflame|Talonflame, M|360\/360
|turn|15
|
|move|p2a: Talonflame|Brave Bird|p1a: Broom Head
|-damage|p1a: Broom Head|0 fnt
|-damage|p2a: Talonflame|324\/360|[from] recoil|[of] p1a: Broom Head
|faint|p1a: Broom Head
|
|-heal|p2a: Talonflame|346\/360|[from] item: Leftovers
|
|switch|p1a: Rubber Duck|Latias, F|315\/344
|-damage|p1a: Rubber Duck|272\/344|[from] Stealth Rock
|turn|16
|
|move|p1a: Rubber Duck|Defog|p2a: Talonflame
|-unboost|p2a: Talonflame|evasion|1
|-sideend|p1: Sharpteeth|Stealth Rock|[from] move: Defog|[of] p1a: Rubber Duck
|move|p2a: Talonflame|Swords Dance|p2a: Talonflame
|-boost|p2a: Talonflame|atk|2
|
|-heal|p1a: Rubber Duck|293\/344|[from] item: Leftovers
|-heal|p2a: Talonflame|360\/360|[from] item: Leftovers
|turn|17
|
|switch|p1a: Panic Button|Skarmory, M|334\/334
|move|p2a: Talonflame|Brave Bird|p1a: Panic Button
|-resisted|p1a: Panic Button
|-damage|p1a: Panic Button|245\/334
|-damage|p2a: Talonflame|331\/360|[from] recoil|[of] p1a: Panic Button
|-enditem|p1a: Panic Button|Red Card|[of] p2a: Talonflame
|drag|p2a: Slowbro|Slowbro, M|394\/394
|
|turn|18
|
|move|p1a: Panic Button|Stealth Rock|p2a: Slowbro
|-sidestart|p2: Will-I-am2|move: Stealth Rock
|move|p2a: Slowbro|Scald|p1a: Panic Button
|-crit|p1a: Panic Button
|-damage|p1a: Panic Button|0 fnt
|faint|p1a: Panic Button
|
|
|switch|p1a: Tinfoil Hat|Magnezone|119\/319
|turn|19
|
|switch|p2a: Hydreigon|Hydreigon, M|333\/333
|-damage|p2a: Hydreigon|292\/333|[from] Stealth Rock
|move|p1a: Tinfoil Hat|Thunderbolt|p2a: Hydreigon
|-resisted|p2a: Hydreigon
|-damage|p2a: Hydreigon|150\/333
|
|turn|20
|
|move|p2a: Hydreigon|Dark Pulse|p1a: Tinfoil Hat
|-damage|p1a: Tinfoil Hat|0 fnt
|faint|p1a: Tinfoil Hat
|
|c|âSharpteeth|gg
|
|switch|p1a: Rubber Duck|Latias, F|293\/344
|turn|21
|c|âWill-I-am2|gg
|
|move|p1a: Rubber Duck|Draco Meteor|p2a: Hydreigon
|-supereffective|p2a: Hydreigon
|-damage|p2a: Hydreigon|0 fnt
|-unboost|p1a: Rubber Duck|spa|2
|faint|p2a: Hydreigon
|
|-heal|p1a: Rubber Duck|314\/344|[from] item: Leftovers
|
|switch|p2a: Talonflame|Talonflame, M|331\/360
|-damage|p2a: Talonflame|151\/360|[from] Stealth Rock
|turn|22
|
|move|p2a: Talonflame|Roost|p2a: Talonflame
|-heal|p2a: Talonflame|331\/360
|move|p1a: Rubber Duck|Draco Meteor|p2a: Talonflame
|-damage|p2a: Talonflame|255\/360
|-unboost|p1a: Rubber Duck|spa|2
|
|-heal|p1a: Rubber Duck|335\/344|[from] item: Leftovers
|-heal|p2a: Talonflame|277\/360|[from] item: Leftovers
|turn|23
|-message|Sharpteeth forfeited.
|leave|Sharpteeth
|
|win|Will-I-am2
|raw|Ladder updating...
|player|p1
|raw|Sharpteeth's rating: 1540 &rarr; <strong>1510<\/strong><br \/>(-30 for losing)
|raw|Will-I-am2's rating: 1366 &rarr; <strong>1395<\/strong><br \/>(+29 for winning)