|join|Sharpteeth
|join|Chocolove
|player|p1|Sharpteeth|1
|player|p2|Chocolove|29
|gametype|singles
|gen|6
|tier|OU (suspect test)
|rated
|clearpoke
|poke|p1|Weavile, F
|poke|p1|Diancie
|poke|p1|Skarmory, F
|poke|p1|Latias, F
|poke|p1|Magnezone
|poke|p1|Garchomp, M
|poke|p2|Crawdaunt, M
|poke|p2|Raikou
|poke|p2|Heatran, F
|poke|p2|Starmie
|poke|p2|Landorus-Therian, M
|poke|p2|Metagross
|rule|Swagger Clause: Swagger is banned
|rule|Baton Pass Clause: Limit one PokÃ©mon knowing Baton Pass
|rule|Sleep Clause Mod: Limit one foe put to sleep
|rule|Species Clause: Limit one of each PokÃ©mon
|rule|OHKO Clause: OHKO moves are banned
|rule|Moody Clause: Moody is banned
|rule|Evasion Moves Clause: Evasion moves are banned
|rule|Endless Battle Clause: Forcing endless battles is banned
|rule|HP Percentage Mod: HP is shown in percentages
|teampreview
|
|start
|switch|p1a: Panic Button|Skarmory, F|334\/334
|switch|p2a: Bittersteel|Metagross|302\/302
|turn|1
|
|detailschange|p2a: Bittersteel|Metagross-Mega
|-mega|p2a: Bittersteel|Metagross|Metagrossite
|move|p1a: Panic Button|Stealth Rock|p2a: Bittersteel
|-sidestart|p2: Chocolove|move: Stealth Rock
|move|p2a: Bittersteel|Meteor Mash|p1a: Panic Button
|-resisted|p1a: Panic Button
|-damage|p1a: Panic Button|240\/334
|-enditem|p1a: Panic Button|Red Card|[of] p2a: Bittersteel
|drag|p2a: Based Dog|Landorus-Therian, M|319\/319
|-damage|p2a: Based Dog|280\/319|[from] Stealth Rock
|-ability|p2a: Based Dog|Intimidate|[of] p1a: Panic Button
|-unboost|p1a: Panic Button|atk|1
|
|turn|2
|
|move|p2a: Based Dog|U-turn|p1a: Panic Button
|-resisted|p1a: Panic Button
|-damage|p1a: Panic Button|223\/334
|
|switch|p2a: Starfall|Starmie|324\/324
|-damage|p2a: Starfall|284\/324|[from] Stealth Rock
|move|p1a: Panic Button|Spikes|p2a: Starfall
|-sidestart|p2: Chocolove|Spikes
|
|-heal|p2a: Starfall|304\/324|[from] item: Leftovers
|turn|3
|
|switch|p1a: Hot Stove|Garchomp, M|420\/420
|move|p2a: Starfall|Rapid Spin|p1a: Hot Stove
|-damage|p1a: Hot Stove|412\/420
|-damage|p2a: Starfall|264\/324|[from] ability: Rough Skin|[of] p1a: Hot Stove
|-damage|p2a: Starfall|210\/324|[from] item: Rocky Helmet|[of] p1a: Hot Stove
|-sideend|p2: Chocolove|Spikes|[from] move: Rapid Spin|[of] p2a: Starfall
|-sideend|p2: Chocolove|Stealth Rock|[from] move: Rapid Spin|[of] p2a: Starfall
|
|-heal|p2a: Starfall|230\/324|[from] item: Leftovers
|turn|4
|
|move|p2a: Starfall|Scald|p1a: Hot Stove
|-damage|p1a: Hot Stove|294\/420
|move|p1a: Hot Stove|Stealth Rock|p2a: Starfall
|-sidestart|p2: Chocolove|move: Stealth Rock
|
|-heal|p2a: Starfall|250\/324|[from] item: Leftovers
|turn|5
|
|move|p2a: Starfall|Scald|p1a: Hot Stove
|-damage|p1a: Hot Stove|174\/420
|-status|p1a: Hot Stove|brn
|move|p1a: Hot Stove|Earthquake|p2a: Starfall
|-damage|p2a: Starfall|171\/324
|
|-heal|p2a: Starfall|191\/324|[from] item: Leftovers
|-damage|p1a: Hot Stove|122\/420 brn|[from] brn
|turn|6
|
|move|p2a: Starfall|Rapid Spin|p1a: Hot Stove
|-damage|p1a: Hot Stove|113\/420 brn
|-damage|p2a: Starfall|151\/324|[from] ability: Rough Skin|[of] p1a: Hot Stove
|-damage|p2a: Starfall|97\/324|[from] item: Rocky Helmet|[of] p1a: Hot Stove
|-sideend|p2: Chocolove|Stealth Rock|[from] move: Rapid Spin|[of] p2a: Starfall
|move|p1a: Hot Stove|Stealth Rock|p2a: Starfall
|-sidestart|p2: Chocolove|move: Stealth Rock
|
|-heal|p2a: Starfall|117\/324|[from] item: Leftovers
|-damage|p1a: Hot Stove|61\/420 brn|[from] brn
|turn|7
|
|move|p2a: Starfall|Rapid Spin|p1a: Hot Stove
|-damage|p1a: Hot Stove|51\/420 brn
|-damage|p2a: Starfall|77\/324|[from] ability: Rough Skin|[of] p1a: Hot Stove
|-damage|p2a: Starfall|23\/324|[from] item: Rocky Helmet|[of] p1a: Hot Stove
|-sideend|p2: Chocolove|Stealth Rock|[from] move: Rapid Spin|[of] p2a: Starfall
|move|p1a: Hot Stove|Dragon Tail|p2a: Starfall
|-damage|p2a: Starfall|0 fnt
|faint|p2a: Starfall
|
|-damage|p1a: Hot Stove|0 fnt|[from] brn
|faint|p1a: Hot Stove
|
|switch|p2a: Not so based|Raikou|321\/321
|switch|p1a: Panic Button|Skarmory, F|223\/334
|-ability|p2a: Not so based|Pressure
|turn|8
|-message|Sharpteeth forfeited.
|leave|Sharpteeth
|
|win|Chocolove
|raw|Ladder updating...
|player|p1
|raw|Sharpteeth's rating: 1400 &rarr; <strong>1378<\/strong><br \/>(-22 for losing)
|raw|Chocolove's rating: 1378 &rarr; <strong>1399<\/strong><br \/>(+21 for winning)