|join|Patodragon.v30
|join|ben69
|player|p1|Patodragon.v30|266
|player|p2|ben69|170
|gametype|singles
|gen|6
|tier|ORAS OU
|rated
|rule|Sleep Clause Mod: Limit one foe put to sleep
|rule|Species Clause: Limit one of each PokÃ©mon
|rule|OHKO Clause: OHKO moves are banned
|rule|Moody Clause: Moody is banned
|rule|Evasion Moves Clause: Evasion moves are banned
|rule|Endless Battle Clause: Forcing endless battles is banned
|rule|HP Percentage Mod: HP is shown in percentages
|clearpoke
|poke|p1|Salamence, F
|poke|p1|Magnezone
|poke|p1|Magneton, shiny
|poke|p1|Wobbuffet, F, shiny
|poke|p1|Gothitelle, M
|poke|p1|Dugtrio, M
|poke|p2|Landorus-Therian, M
|poke|p2|Gyarados, F
|poke|p2|Magnezone
|poke|p2|Clefable, F
|poke|p2|Gengar, M
|poke|p2|Breloom, F
|rule|Swagger Clause: Swagger is banned
|rule|Baton Pass Clause: Limit one PokÃ©mon knowing Baton Pass
|teampreview
|c|âben69|lol
|
|start
|switch|p1a: FUCK STALL|Gothitelle, M|301\/301
|switch|p2a: Landorus-Therian|Landorus-Therian, M|382\/382
|-ability|p2a: Landorus-Therian|Intimidate|[of] p1a: FUCK STALL
|-unboost|p1a: FUCK STALL|atk|1
|turn|1
|
|switch|p1a: UBER|Salamence, F|391\/391
|-ability|p1a: UBER|Intimidate|[of] p2a: Landorus-Therian
|-unboost|p2a: Landorus-Therian|atk|1
|move|p2a: Landorus-Therian|U-turn|p1a: UBER
|-resisted|p1a: UBER
|-damage|p1a: UBER|358\/391
|
|switch|p2a: Magnezone|Magnezone|282\/282
|
|turn|2
|
|switch|p1a: NOT UBER|Dugtrio, M|212\/212
|move|p2a: Magnezone|Volt Switch|p1a: NOT UBER
|-immune|p1a: NOT UBER|[msg]
|
|turn|3
|
|move|p1a: NOT UBER|Stealth Rock|p2a: Magnezone
|-sidestart|p2: ben69|move: Stealth Rock
|move|p2a: Magnezone|Volt Switch|p1a: NOT UBER
|-immune|p1a: NOT UBER|[msg]
|
|turn|4
|
|move|p1a: NOT UBER|Reversal|p2a: Magnezone
|-supereffective|p2a: Magnezone
|-damage|p2a: Magnezone|252\/282
|move|p2a: Magnezone|Volt Switch|p1a: NOT UBER
|-immune|p1a: NOT UBER|[msg]
|
|turn|5
|
|move|p1a: NOT UBER|Earthquake|p2a: Magnezone
|-supereffective|p2a: Magnezone
|-damage|p2a: Magnezone|0 fnt
|faint|p2a: Magnezone
|
|
|switch|p2a: Landorus-Therian|Landorus-Therian, M|382\/382
|-damage|p2a: Landorus-Therian|335\/382|[from] Stealth Rock
|-ability|p2a: Landorus-Therian|Intimidate|[of] p1a: NOT UBER
|-unboost|p1a: NOT UBER|atk|1
|turn|6
|
|switch|p1a: UBER|Salamence, F|358\/391
|-ability|p1a: UBER|Intimidate|[of] p2a: Landorus-Therian
|-unboost|p2a: Landorus-Therian|atk|1
|move|p2a: Landorus-Therian|Stealth Rock|p1a: UBER
|-sidestart|p1: Patodragon.v30|move: Stealth Rock
|
|-heal|p2a: Landorus-Therian|358\/382|[from] item: Leftovers
|turn|7
|
|detailschange|p1a: UBER|Salamence-Mega, F
|message|Salamence has Mega Evolved into Mega Salamence!
|move|p1a: UBER|Dragon Dance|p1a: UBER
|-boost|p1a: UBER|atk|1
|-boost|p1a: UBER|spe|1
|move|p2a: Landorus-Therian|U-turn|p1a: UBER
|-resisted|p1a: UBER
|-damage|p1a: UBER|333\/391
|
|switch|p2a: Gyarados|Gyarados, F|353\/353
|-damage|p2a: Gyarados|265\/353|[from] Stealth Rock
|-ability|p2a: Gyarados|Intimidate|[of] p1a: UBER
|-unboost|p1a: UBER|atk|1
|
|-heal|p2a: Gyarados|287\/353|[from] item: Leftovers
|turn|8
|
|switch|p2a: Landorus-Therian|Landorus-Therian, M|358\/382
|-damage|p2a: Landorus-Therian|311\/382|[from] Stealth Rock
|-ability|p2a: Landorus-Therian|Intimidate|[of] p1a: UBER
|-unboost|p1a: UBER|atk|1
|move|p1a: UBER|Dragon Dance|p1a: UBER
|-boost|p1a: UBER|atk|1
|-boost|p1a: UBER|spe|1
|
|-heal|p2a: Landorus-Therian|334\/382|[from] item: Leftovers
|turn|9
|
|switch|p2a: Gyarados|Gyarados, F|287\/353
|-damage|p2a: Gyarados|199\/353|[from] Stealth Rock
|-ability|p2a: Gyarados|Intimidate|[of] p1a: UBER
|-unboost|p1a: UBER|atk|1
|move|p1a: UBER|Dragon Dance|p1a: UBER
|-boost|p1a: UBER|atk|1
|-boost|p1a: UBER|spe|1
|
|-heal|p2a: Gyarados|221\/353|[from] item: Leftovers
|turn|10
|
|move|p1a: UBER|Dragon Dance|p1a: UBER
|-boost|p1a: UBER|atk|1
|-boost|p1a: UBER|spe|1
|move|p2a: Gyarados|Bounce|p1a: UBER|[still]
|-prepare|p2a: Gyarados|Bounce|p1a: UBER
|
|-heal|p2a: Gyarados|243\/353|[from] item: Leftovers
|turn|11
|
|move|p1a: UBER|Dragon Dance|p1a: UBER
|-boost|p1a: UBER|atk|1
|-boost|p1a: UBER|spe|1
|move|p2a: Gyarados|Bounce|p1a: UBER
|-damage|p1a: UBER|210\/391
|
|-heal|p2a: Gyarados|265\/353|[from] item: Leftovers
|turn|12
|
|move|p1a: UBER|Frustration|p2a: Gyarados
|-damage|p2a: Gyarados|0 fnt
|faint|p2a: Gyarados
|
|-message|ben69 forfeited.
|
|win|Patodragon.v30
|raw|Ladder updating...
|leave|ben69
|player|p2
|raw|Patodragon.v30's rating: 1666 &rarr; <strong>1681<\/strong><br \/>(+15 for winning)
|raw|ben69's rating: 1565 &rarr; <strong>1551<\/strong><br \/>(-14 for losing)
|c|âPatodragon.v30|gg