|join|4 Cool 2 You
|join|ben69
|player|p1|4 Cool 2 You|282
|player|p2|ben69|1
|gametype|singles
|gen|6
|tier|OU
|rated
|clearpoke
|poke|p1|Charizard, F
|poke|p1|Chansey, F
|poke|p1|Heatran, F
|poke|p1|Amoonguss, M
|poke|p1|Gastrodon, M
|poke|p1|Zapdos
|poke|p2|Landorus-Therian, M
|poke|p2|Gyarados, F
|poke|p2|Magnezone
|poke|p2|Clefable, F
|poke|p2|Medicham, F
|poke|p2|Breloom, M
|rule|Swagger Clause: Swagger is banned
|rule|Baton Pass Clause: Limit one PokÃ©mon knowing Baton Pass
|rule|Sleep Clause Mod: Limit one foe put to sleep
|rule|Species Clause: Limit one of each PokÃ©mon
|rule|OHKO Clause: OHKO moves are banned
|rule|Moody Clause: Moody is banned
|rule|Evasion Moves Clause: Evasion moves are banned
|rule|Endless Battle Clause: Forcing endless battles is banned
|rule|HP Percentage Mod: HP is shown in percentages
|teampreview
|
|start
|switch|p1a: Charizard|Charizard, F|297\/297
|switch|p2a: Breloom|Breloom, M|262\/262
|turn|1
|
|switch|p1a: Amoonguss|Amoonguss, M|432\/432
|move|p2a: Breloom|Spore|p1a: Amoonguss
|-fail|p1a: Amoonguss
|
|turn|2
|
|move|p2a: Breloom|Spore|p1a: Amoonguss
|-fail|p1a: Amoonguss
|move|p1a: Amoonguss|Giga Drain|p2a: Breloom
|-resisted|p2a: Breloom
|-damage|p2a: Breloom|202\/262
|
|turn|3
|
|switch|p2a: Clefable|Clefable, F|394\/394
|move|p1a: Amoonguss|Spore|p2a: Clefable
|-status|p2a: Clefable|slp
|
|turn|4
|
|switch|p2a: Landorus-Therian|Landorus-Therian, M|382\/382
|-ability|p2a: Landorus-Therian|Intimidate|[of] p1a: Amoonguss
|-unboost|p1a: Amoonguss|atk|1
|switch|p1a: Heatran|Heatran, F|386\/386
|
|turn|5
|
|switch|p1a: Zapdos|Zapdos|379\/379
|-ability|p1a: Zapdos|Pressure
|move|p2a: Landorus-Therian|Earthquake|p1a: Zapdos
|-immune|p1a: Zapdos|[msg]
|
|turn|6
|
|switch|p2a: Clefable|Clefable, F|394\/394 slp
|move|p1a: Zapdos|Heat Wave|p2a: Clefable
|-damage|p2a: Clefable|324\/394 slp
|
|-heal|p2a: Clefable|348\/394 slp|[from] item: Leftovers
|turn|7
|
|switch|p1a: Heatran|Heatran, F|386\/386
|cant|p2a: Clefable|slp
|
|-heal|p2a: Clefable|372\/394 slp|[from] item: Leftovers
|turn|8
|
|move|p1a: Heatran|Substitute|p1a: Heatran
|-start|p1a: Heatran|Substitute
|-damage|p1a: Heatran|290\/386
|cant|p2a: Clefable|slp
|
|-heal|p1a: Heatran|314\/386|[from] item: Leftovers
|-heal|p2a: Clefable|394\/394 slp|[from] item: Leftovers
|turn|9
|c|âben69|could this be the legendary sub rocks
|
|move|p1a: Heatran|Torment|p2a: Clefable
|-start|p2a: Clefable|Torment
|cant|p2a: Clefable|slp
|
|-heal|p1a: Heatran|338\/386|[from] item: Leftovers
|turn|10
|c|â4 Cool 2 You|No lol
|
|move|p1a: Heatran|Lava Plume|p2a: Clefable
|-damage|p2a: Clefable|310\/394 slp
|-curestatus|p2a: Clefable|slp
|move|p2a: Clefable|Stealth Rock|p1a: Heatran
|-sidestart|p1: 4 Cool 2 You|move: Stealth Rock
|
|-heal|p1a: Heatran|362\/386|[from] item: Leftovers
|-heal|p2a: Clefable|334\/394|[from] item: Leftovers
|turn|11
|
|switch|p2a: Breloom|Breloom, M|202\/262
|move|p1a: Heatran|Torment|p2a: Breloom
|-start|p2a: Breloom|Torment
|
|-heal|p1a: Heatran|386\/386|[from] item: Leftovers
|turn|12
|
|move|p1a: Heatran|Protect|p1a: Heatran
|-singleturn|p1a: Heatran|Protect
|move|p2a: Breloom|Superpower|p1a: Heatran
|-activate|p1a: Heatran|Protect
|
|turn|13
|
|switch|p2a: Clefable|Clefable, F|334\/394
|move|p1a: Heatran|Substitute|p1a: Heatran
|-fail|p1a: Heatran|move: Substitute
|
|-heal|p2a: Clefable|358\/394|[from] item: Leftovers
|turn|14
|c|â4 Cool 2 You|Does torment work of i protect?
|c|âben69|omg this match is gonna be 5 hours long i just want a quick game
|c|â4 Cool 2 You|apparently...
|
|switch|p2a: Gyarados|Gyarados, F|353\/353
|-activate|p1a: Heatran|Substitute|ability: Intimidate|[of] p2a: Gyarados
|move|p1a: Heatran|Torment|p2a: Gyarados
|-start|p2a: Gyarados|Torment
|
|turn|15
|
|move|p2a: Gyarados|Substitute|p2a: Gyarados
|-start|p2a: Gyarados|Substitute
|-damage|p2a: Gyarados|265\/353
|move|p1a: Heatran|Lava Plume|p2a: Gyarados
|-resisted|p2a: Gyarados
|-activate|p2a: Gyarados|Substitute|[damage]
|
|-heal|p2a: Gyarados|287\/353|[from] item: Leftovers
|turn|16
|
|move|p2a: Gyarados|Waterfall|p1a: Heatran
|-supereffective|p1a: Heatran
|-end|p1a: Heatran|Substitute
|move|p1a: Heatran|Lava Plume|p2a: Gyarados
|-resisted|p2a: Gyarados
|-end|p2a: Gyarados|Substitute
|
|-heal|p2a: Gyarados|309\/353|[from] item: Leftovers
|turn|17
|
|switch|p1a: Zapdos|Zapdos|379\/379
|-damage|p1a: Zapdos|285\/379|[from] Stealth Rock
|-ability|p1a: Zapdos|Pressure
|move|p2a: Gyarados|Dragon Dance|p2a: Gyarados
|-boost|p2a: Gyarados|atk|1
|-boost|p2a: Gyarados|spe|1
|
|-heal|p2a: Gyarados|331\/353|[from] item: Leftovers
|-heal|p1a: Zapdos|308\/379|[from] item: Leftovers
|turn|18
|
|move|p2a: Gyarados|Waterfall|p1a: Zapdos
|-damage|p1a: Zapdos|139\/379
|move|p1a: Zapdos|Defog|p2a: Gyarados
|-unboost|p2a: Gyarados|evasion|1
|-sideend|p1: 4 Cool 2 You|Stealth Rock|[from] move: Defog|[of] p1a: Zapdos
|
|-heal|p2a: Gyarados|353\/353|[from] item: Leftovers
|-heal|p1a: Zapdos|162\/379|[from] item: Leftovers
|turn|19
|
|switch|p1a: Amoonguss|Amoonguss, M|432\/432
|move|p2a: Gyarados|Substitute|p2a: Gyarados
|-start|p2a: Gyarados|Substitute
|-damage|p2a: Gyarados|265\/353
|
|-heal|p2a: Gyarados|287\/353|[from] item: Leftovers
|turn|20
|
|move|p2a: Gyarados|Dragon Dance|p2a: Gyarados
|-boost|p2a: Gyarados|atk|1
|-boost|p2a: Gyarados|spe|1
|move|p1a: Amoonguss|Clear Smog|p2a: Gyarados
|-activate|p2a: Gyarados|Substitute|[damage]
|
|-heal|p2a: Gyarados|309\/353|[from] item: Leftovers
|turn|21
|
|move|p2a: Gyarados|Bounce|p1a: Amoonguss|[still]
|-prepare|p2a: Gyarados|Bounce|p1a: Amoonguss
|move|p1a: Amoonguss|Giga Drain|p2a: Gyarados|[miss]
|-miss|p1a: Amoonguss|p2a: Gyarados
|
|-heal|p2a: Gyarados|331\/353|[from] item: Leftovers
|turn|22
|
|switch|p1a: Gastrodon|Gastrodon, M|426\/426
|move|p2a: Gyarados|Bounce|p1a: Gastrodon
|-damage|p1a: Gastrodon|150\/426
|
|-heal|p2a: Gyarados|353\/353|[from] item: Leftovers
|-heal|p1a: Gastrodon|176\/426|[from] item: Leftovers
|turn|23
|c|â4 Cool 2 You|Miss click nuu
|c|âben69|cool
|c|âben69|torment makes it one turn
|
|move|p2a: Gyarados|Dragon Dance|p2a: Gyarados
|-boost|p2a: Gyarados|atk|1
|-boost|p2a: Gyarados|spe|1
|move|p1a: Gastrodon|Scald|p2a: Gyarados
|-resisted|p2a: Gyarados
|-end|p2a: Gyarados|Substitute
|
|-heal|p1a: Gastrodon|202\/426|[from] item: Leftovers
|turn|24
|
|move|p2a: Gyarados|Substitute|p2a: Gyarados
|-start|p2a: Gyarados|Substitute
|-damage|p2a: Gyarados|265\/353
|move|p1a: Gastrodon|Recover|p1a: Gastrodon
|-heal|p1a: Gastrodon|415\/426
|
|-heal|p2a: Gyarados|287\/353|[from] item: Leftovers
|-heal|p1a: Gastrodon|426\/426|[from] item: Leftovers
|turn|25
|
|move|p2a: Gyarados|Dragon Dance|p2a: Gyarados
|-boost|p2a: Gyarados|atk|1
|-boost|p2a: Gyarados|spe|1
|move|p1a: Gastrodon|Scald|p2a: Gyarados
|-resisted|p2a: Gyarados
|-activate|p2a: Gyarados|Substitute|[damage]
|
|-heal|p2a: Gyarados|309\/353|[from] item: Leftovers
|turn|26
|c|âben69|tormented sweep
|
|move|p2a: Gyarados|Bounce|p1a: Gastrodon|[still]
|-prepare|p2a: Gyarados|Bounce|p1a: Gastrodon
|move|p1a: Gastrodon|Scald|p2a: Gyarados|[miss]
|-miss|p1a: Gastrodon|p2a: Gyarados
|
|-heal|p2a: Gyarados|331\/353|[from] item: Leftovers
|turn|27
|
|move|p2a: Gyarados|Bounce|p1a: Gastrodon
|-damage|p1a: Gastrodon|0 fnt
|faint|p1a: Gastrodon
|
|-heal|p2a: Gyarados|353\/353|[from] item: Leftovers
|
|switch|p1a: Chansey|Chansey, F|703\/703
|turn|28
|
|move|p2a: Gyarados|Waterfall|p1a: Chansey
|-damage|p1a: Chansey|154\/703
|move|p1a: Chansey|Seismic Toss|p2a: Gyarados
|-end|p2a: Gyarados|Substitute
|
|turn|29
|
|move|p2a: Gyarados|Substitute|p2a: Gyarados
|-start|p2a: Gyarados|Substitute
|-damage|p2a: Gyarados|265\/353
|move|p1a: Chansey|Thunder Wave|p2a: Gyarados
|
|-heal|p2a: Gyarados|287\/353|[from] item: Leftovers
|turn|30
|-message|4 Cool 2 You forfeited.
|
|win|ben69
|raw|Ladder updating...
|leave|4 Cool 2 You
|player|p1