|join|ben69
|join|Sokudi
|player|p1|ben69|102
|player|p2|Sokudi|3
|gametype|singles
|gen|6
|tier|OU
|rated
|clearpoke
|poke|p1|Medicham, M
|poke|p1|Tyranitar, M
|poke|p1|Ferrothorn, F
|poke|p1|Gothitelle, M
|poke|p1|Excadrill, F
|poke|p1|Infernape, M
|poke|p2|Manectric, M
|poke|p2|Landorus-Therian, M
|poke|p2|Mew
|poke|p2|Thundurus, M
|poke|p2|Gengar, M
|poke|p2|Pineco, L1, M
|rule|Swagger Clause: Swagger is banned
|rule|Baton Pass Clause: Limit one PokÃ©mon knowing Baton Pass
|rule|Sleep Clause Mod: Limit one foe put to sleep
|rule|Species Clause: Limit one of each PokÃ©mon
|rule|OHKO Clause: OHKO moves are banned
|rule|Moody Clause: Moody is banned
|rule|Evasion Moves Clause: Evasion moves are banned
|rule|Endless Battle Clause: Forcing endless battles is banned
|rule|HP Percentage Mod: HP is shown in percentages
|teampreview
|c|âben69|today must be troll day
|
|start
|switch|p1a: Tyranitar|Tyranitar, M|404\/404
|switch|p2a: Pineco|Pineco, L1, M|12\/12
|-weather|Sandstorm
|turn|1
|
|move|p1a: Tyranitar|Stone Edge|p2a: Pineco
|-supereffective|p2a: Pineco
|-activate|p2a: Pineco|Sturdy
|-damage|p2a: Pineco|1\/12
|-enditem|p2a: Pineco|Berry Juice
|-heal|p2a: Pineco|12\/12|[from] item: Berry Juice
|move|p2a: Pineco|Spikes|p1a: Tyranitar
|-sidestart|p1: ben69|Spikes
|
|-weather|Sandstorm|[upkeep]
|-damage|p2a: Pineco|11\/12|[from] sandstorm
|turn|2
|
|move|p1a: Tyranitar|Stone Edge|p2a: Pineco
|-supereffective|p2a: Pineco
|-damage|p2a: Pineco|0 fnt
|faint|p2a: Pineco
|
|-weather|Sandstorm|[upkeep]
|
|switch|p2a: Landorus-Therian|Landorus-Therian, M|320\/320
|-ability|p2a: Landorus-Therian|Intimidate|[of] p1a: Tyranitar
|-unboost|p1a: Tyranitar|atk|1
|turn|3
|
|move|p2a: Landorus-Therian|U-turn|p1a: Tyranitar
|-crit|p1a: Tyranitar
|-supereffective|p1a: Tyranitar
|-damage|p1a: Tyranitar|128\/404
|
|switch|p2a: Mew|Mew|404\/404
|move|p1a: Tyranitar|Counter|p2a: Mew
|-damage|p2a: Mew|0 fnt
|faint|p2a: Mew
|
|-weather|Sandstorm|[upkeep]
|
|switch|p2a: Landorus-Therian|Landorus-Therian, M|320\/320
|-ability|p2a: Landorus-Therian|Intimidate|[of] p1a: Tyranitar
|-unboost|p1a: Tyranitar|atk|1
|turn|4
|
|switch|p1a: Excadrill|Excadrill, F|362\/362
|-item|p1a: Excadrill|Air Balloon
|move|p2a: Landorus-Therian|U-turn|p1a: Excadrill
|-resisted|p1a: Excadrill
|-damage|p1a: Excadrill|282\/362
|-enditem|p1a: Excadrill|Air Balloon
|
|switch|p2a: Gengar|Gengar, M|262\/262
|
|-weather|Sandstorm|[upkeep]
|-damage|p2a: Gengar|246\/262|[from] sandstorm
|turn|5
|
|switch|p2a: Landorus-Therian|Landorus-Therian, M|320\/320
|-ability|p2a: Landorus-Therian|Intimidate|[of] p1a: Excadrill
|-unboost|p1a: Excadrill|atk|1
|move|p1a: Excadrill|Iron Head|p2a: Landorus-Therian
|-damage|p2a: Landorus-Therian|196\/320
|
|-weather|Sandstorm|[upkeep]
|turn|6
|
|switch|p1a: Ferrothorn|Ferrothorn, F|352\/352
|-damage|p1a: Ferrothorn|308\/352|[from] Spikes
|switch|p2a: Gengar|Gengar, M|246\/262
|
|-weather|Sandstorm|[upkeep]
|-damage|p2a: Gengar|230\/262|[from] sandstorm
|-heal|p1a: Ferrothorn|330\/352|[from] item: Leftovers
|turn|7
|
|move|p2a: Gengar|Taunt|p1a: Ferrothorn
|-start|p1a: Ferrothorn|move: Taunt
|move|p1a: Ferrothorn|Gyro Ball|p2a: Gengar
|-damage|p2a: Gengar|0 fnt
|faint|p2a: Gengar
|
|-weather|Sandstorm|[upkeep]
|-heal|p1a: Ferrothorn|352\/352|[from] item: Leftovers
|
|switch|p2a: Manectric|Manectric, M|281\/281
|turn|8
|
|switch|p1a: Medicham|Medicham, M|262\/262
|-damage|p1a: Medicham|230\/262|[from] Spikes
|detailschange|p2a: Manectric|Manectric-Mega, M
|message|Manectric has Mega Evolved into Mega Manectric!
|-ability|p2a: Manectric|Intimidate|[of] p1a: Medicham
|-unboost|p1a: Medicham|atk|1
|move|p2a: Manectric|Flamethrower|p1a: Medicham
|-crit|p1a: Medicham
|-damage|p1a: Medicham|36\/262
|
|-weather|none
|turn|9
|
|detailschange|p1a: Medicham|Medicham-Mega, M
|message|Medicham has Mega Evolved into Mega Medicham!
|move|p2a: Manectric|Volt Switch|p1a: Medicham
|-damage|p1a: Medicham|0 fnt
|faint|p1a: Medicham
|
|switch|p2a: Landorus-Therian|Landorus-Therian, M|196\/320
|
|
|switch|p1a: Ferrothorn|Ferrothorn, F|352\/352
|-damage|p1a: Ferrothorn|308\/352|[from] Spikes
|turn|10
|
|move|p2a: Landorus-Therian|U-turn|p1a: Ferrothorn
|-damage|p1a: Ferrothorn|243\/352
|-damage|p2a: Landorus-Therian|156\/320|[from] ability: Iron Barbs|[of] p1a: Ferrothorn
|
|switch|p2a: Manectric|Manectric-Mega, M|281\/281
|-ability|p2a: Manectric|Intimidate|[of] p1a: Ferrothorn
|-unboost|p1a: Ferrothorn|atk|1
|move|p1a: Ferrothorn|Gyro Ball|p2a: Manectric
|-resisted|p2a: Manectric
|-damage|p2a: Manectric|215\/281
|
|-heal|p1a: Ferrothorn|265\/352|[from] item: Leftovers
|turn|11
|
|switch|p1a: Tyranitar|Tyranitar, M|128\/404
|-damage|p1a: Tyranitar|78\/404|[from] Spikes
|-weather|Sandstorm
|move|p2a: Manectric|Volt Switch|p1a: Tyranitar
|-damage|p1a: Tyranitar|0 fnt
|faint|p1a: Tyranitar
|
|switch|p2a: Thundurus|Thundurus, M|300\/300
|
|-weather|Sandstorm|[upkeep]
|-damage|p2a: Thundurus|282\/300|[from] sandstorm
|
|switch|p1a: Infernape|Infernape, M|293\/293
|-damage|p1a: Infernape|257\/293|[from] Spikes
|turn|12
|
|move|p2a: Thundurus|Thunderbolt|p1a: Infernape
|-damage|p1a: Infernape|2\/293
|-damage|p2a: Thundurus|252\/300|[from] item: Life Orb
|move|p1a: Infernape|Fire Blast|p2a: Thundurus|[miss]
|-miss|p1a: Infernape|p2a: Thundurus
|
|-weather|Sandstorm|[upkeep]
|-damage|p2a: Thundurus|234\/300|[from] sandstorm
|-damage|p1a: Infernape|0 fnt|[from] sandstorm
|faint|p1a: Infernape
|
|switch|p1a: Excadrill|Excadrill, F|282\/362
|-damage|p1a: Excadrill|237\/362|[from] Spikes
|turn|13
|
|move|p1a: Excadrill|Rock Slide|p2a: Thundurus
|-supereffective|p2a: Thundurus
|-damage|p2a: Thundurus|0 fnt
|faint|p2a: Thundurus
|
|-weather|Sandstorm|[upkeep]
|
|switch|p2a: Landorus-Therian|Landorus-Therian, M|156\/320
|-ability|p2a: Landorus-Therian|Intimidate|[of] p1a: Excadrill
|-unboost|p1a: Excadrill|atk|1
|turn|14
|
|switch|p2a: Manectric|Manectric-Mega, M|215\/281
|-ability|p2a: Manectric|Intimidate|[of] p1a: Excadrill
|-unboost|p1a: Excadrill|atk|1
|move|p1a: Excadrill|Iron Head|p2a: Manectric
|-resisted|p2a: Manectric
|-damage|p2a: Manectric|170\/281
|
|-weather|Sandstorm|[upkeep]
|-damage|p2a: Manectric|153\/281|[from] sandstorm
|turn|15
|
|move|p1a: Excadrill|Iron Head|p2a: Manectric
|-resisted|p2a: Manectric
|-damage|p2a: Manectric|101\/281
|cant|p2a: Manectric|flinch
|
|-weather|Sandstorm|[upkeep]
|-damage|p2a: Manectric|84\/281|[from] sandstorm
|turn|16
|
|switch|p2a: Landorus-Therian|Landorus-Therian, M|156\/320
|-ability|p2a: Landorus-Therian|Intimidate|[of] p1a: Excadrill
|-unboost|p1a: Excadrill|atk|1
|move|p1a: Excadrill|Iron Head|p2a: Landorus-Therian
|-damage|p2a: Landorus-Therian|83\/320
|
|-weather|Sandstorm|[upkeep]
|turn|17
|
|switch|p2a: Manectric|Manectric-Mega, M|84\/281
|-ability|p2a: Manectric|Intimidate|[of] p1a: Excadrill
|-unboost|p1a: Excadrill|atk|1
|move|p1a: Excadrill|Iron Head|p2a: Manectric
|-resisted|p2a: Manectric
|-damage|p2a: Manectric|50\/281
|
|-weather|Sandstorm|[upkeep]
|-damage|p2a: Manectric|33\/281|[from] sandstorm
|turn|18
|
|move|p1a: Excadrill|Iron Head|p2a: Manectric
|-resisted|p2a: Manectric
|-damage|p2a: Manectric|3\/281
|cant|p2a: Manectric|flinch
|
|-weather|none
|turn|19
|
|move|p2a: Manectric|Flamethrower|p1a: Excadrill
|-supereffective|p1a: Excadrill
|-damage|p1a: Excadrill|0 fnt
|faint|p1a: Excadrill
|
|
|switch|p1a: Gothitelle|Gothitelle, M|281\/281
|-damage|p1a: Gothitelle|246\/281|[from] Spikes
|turn|20
|
|move|p2a: Manectric|Volt Switch|p1a: Gothitelle
|-damage|p1a: Gothitelle|122\/281
|
|switch|p2a: Landorus-Therian|Landorus-Therian, M|83\/320
|-ability|p2a: Landorus-Therian|Intimidate|[of] p1a: Gothitelle
|-unboost|p1a: Gothitelle|atk|1
|move|p1a: Gothitelle|Psychic|p2a: Landorus-Therian
|-crit|p2a: Landorus-Therian
|-damage|p2a: Landorus-Therian|0 fnt
|faint|p2a: Landorus-Therian
|
|
|switch|p2a: Manectric|Manectric-Mega, M|3\/281
|-ability|p2a: Manectric|Intimidate|[of] p1a: Gothitelle
|-unboost|p1a: Gothitelle|atk|1
|turn|21
|
|move|p2a: Manectric|Thunderbolt|p1a: Gothitelle
|-crit|p1a: Gothitelle
|-damage|p1a: Gothitelle|0 fnt
|faint|p1a: Gothitelle
|
|
|switch|p1a: Ferrothorn|Ferrothorn, F|265\/352
|-damage|p1a: Ferrothorn|221\/352|[from] Spikes
|turn|22
|
|move|p1a: Ferrothorn|Protect|p1a: Ferrothorn
|-singleturn|p1a: Ferrothorn|Protect
|move|p2a: Manectric|Flamethrower|p1a: Ferrothorn
|-activate|p1a: Ferrothorn|Protect
|
|-heal|p1a: Ferrothorn|243\/352|[from] item: Leftovers
|turn|23
|
|move|p1a: Ferrothorn|Protect|p1a: Ferrothorn
|-singleturn|p1a: Ferrothorn|Protect
|move|p2a: Manectric|Flamethrower|p1a: Ferrothorn
|-activate|p1a: Ferrothorn|Protect
|
|-heal|p1a: Ferrothorn|265\/352|[from] item: Leftovers
|turn|24
|
|move|p2a: Manectric|Flamethrower|p1a: Ferrothorn
|-supereffective|p1a: Ferrothorn
|-damage|p1a: Ferrothorn|0 fnt
|faint|p1a: Ferrothorn
|
|win|Sokudi
|raw|Ladder updating...
|raw|ben69's rating: 1578 &rarr; <strong>1554<\/strong><br \/>(-24 for losing)
|raw|Sokudi's rating: 1496 &rarr; <strong>1521<\/strong><br \/>(+25 for winning)
|c|âSokudi|gg