|join|PichiStyle
|join|ben69
|player|p1|PichiStyle|163
|player|p2|ben69|2
|gametype|singles
|gen|6
|tier|OU
|rated
|clearpoke
|poke|p1|Excadrill, M
|poke|p1|Latios, M
|poke|p1|Azumarill, M
|poke|p1|Aerodactyl, F
|poke|p1|Mew
|poke|p1|Gothitelle, M
|poke|p2|Charizard, M
|poke|p2|Gothitelle, M
|poke|p2|Mamoswine, F
|poke|p2|Keldeo
|poke|p2|Jolteon, M
|poke|p2|Skarmory, M
|rule|Swagger Clause: Swagger is banned
|rule|Baton Pass Clause: Limit one PokÃ©mon knowing Baton Pass
|rule|Sleep Clause Mod: Limit one foe put to sleep
|rule|Species Clause: Limit one of each PokÃ©mon
|rule|OHKO Clause: OHKO moves are banned
|rule|Moody Clause: Moody is banned
|rule|Evasion Moves Clause: Evasion moves are banned
|rule|Endless Battle Clause: Forcing endless battles is banned
|rule|HP Percentage Mod: HP is shown in percentages
|teampreview
|
|start
|switch|p1a: Azumarill|Azumarill, M|401\/401
|switch|p2a: Jolteon|Jolteon, M|334\/334
|turn|1
|
|move|p2a: Jolteon|Substitute|p2a: Jolteon
|-start|p2a: Jolteon|Substitute
|-damage|p2a: Jolteon|251\/334
|move|p1a: Azumarill|Waterfall|p2a: Jolteon
|-end|p2a: Jolteon|Substitute
|
|turn|2
|
|move|p2a: Jolteon|Thunderbolt|p1a: Azumarill
|-supereffective|p1a: Azumarill
|-damage|p1a: Azumarill|185\/401
|move|p1a: Azumarill|Waterfall|p2a: Jolteon
|-damage|p2a: Jolteon|0 fnt
|faint|p2a: Jolteon
|
|
|switch|p2a: Skarmory|Skarmory, M|334\/334
|turn|3
|
|switch|p2a: Charizard|Charizard, M|298\/298
|move|p1a: Azumarill|Knock Off|p2a: Charizard
|-damage|p2a: Charizard|187\/298
|
|turn|4
|
|detailschange|p2a: Charizard|Charizard-Mega-X, M
|message|Charizard has Mega Evolved into Mega Charizard!
|move|p2a: Charizard|Earthquake|p1a: Azumarill
|-damage|p1a: Azumarill|46\/401
|move|p1a: Azumarill|Waterfall|p2a: Charizard
|-damage|p2a: Charizard|30\/298
|
|turn|5
|
|switch|p2a: Skarmory|Skarmory, M|334\/334
|move|p1a: Azumarill|Aqua Jet|p2a: Skarmory
|-damage|p2a: Skarmory|285\/334
|-damage|p1a: Azumarill|0 fnt|[from] item: Rocky Helmet|[of] p2a: Skarmory
|faint|p1a: Azumarill
|
|
|switch|p1a: Gothitelle|Gothitelle, M|281\/281
|turn|6
|
|move|p1a: Gothitelle|Thunderbolt|p2a: Skarmory
|-supereffective|p2a: Skarmory
|-damage|p2a: Skarmory|0 fnt
|faint|p2a: Skarmory
|
|
|switch|p2a: Mamoswine|Mamoswine, F|361\/361
|turn|7
|
|switch|p1a: Mew|Mew|403\/403
|move|p2a: Mamoswine|Stealth Rock|p1a: Mew
|-sidestart|p1: PichiStyle|move: Stealth Rock
|
|turn|8
|
|switch|p2a: Charizard|Charizard-Mega-X, M|30\/298
|move|p1a: Mew|Stealth Rock|p2a: Charizard
|-sidestart|p2: ben69|move: Stealth Rock
|
|turn|9
|
|move|p2a: Charizard|Dragon Dance|p2a: Charizard
|-boost|p2a: Charizard|atk|1
|-boost|p2a: Charizard|spe|1
|move|p1a: Mew|Knock Off|p2a: Charizard
|-crit|p2a: Charizard
|-damage|p2a: Charizard|0 fnt
|faint|p2a: Charizard
|
|c|âben69|if i'd been roost...
|
|switch|p2a: Keldeo|Keldeo|324\/324
|-damage|p2a: Keldeo|304\/324|[from] Stealth Rock
|turn|10
|
|move|p2a: Keldeo|Hydro Pump|p1a: Mew
|-damage|p1a: Mew|129\/403
|move|p1a: Mew|Will-O-Wisp|p2a: Keldeo
|-status|p2a: Keldeo|brn
|
|-heal|p1a: Mew|154\/403|[from] item: Leftovers
|-damage|p2a: Keldeo|264\/324 brn|[from] brn
|turn|11
|
|move|p2a: Keldeo|Hydro Pump|p1a: Mew
|-damage|p1a: Mew|0 fnt
|faint|p1a: Mew
|
|-damage|p2a: Keldeo|224\/324 brn|[from] brn
|
|switch|p1a: Gothitelle|Gothitelle, M|281\/281
|-damage|p1a: Gothitelle|246\/281|[from] Stealth Rock
|turn|12
|
|move|p2a: Keldeo|Hydro Pump|p1a: Gothitelle
|-damage|p1a: Gothitelle|0 fnt
|faint|p1a: Gothitelle
|
|-damage|p2a: Keldeo|184\/324 brn|[from] brn
|
|switch|p1a: Latios|Latios, M|301\/301
|-damage|p1a: Latios|264\/301|[from] Stealth Rock
|turn|13
|
|switch|p2a: Gothitelle|Gothitelle, M|320\/320
|-damage|p2a: Gothitelle|280\/320|[from] Stealth Rock
|move|p1a: Latios|Surf|p2a: Gothitelle
|-damage|p2a: Gothitelle|163\/320
|-damage|p1a: Latios|234\/301|[from] item: Life Orb
|
|turn|14
|
|move|p1a: Latios|Draco Meteor|p2a: Gothitelle
|-damage|p2a: Gothitelle|0 fnt
|-unboost|p1a: Latios|spa|2
|-damage|p1a: Latios|204\/301|[from] item: Life Orb
|faint|p2a: Gothitelle
|
|
|switch|p2a: Mamoswine|Mamoswine, F|361\/361
|-damage|p2a: Mamoswine|316\/361|[from] Stealth Rock
|turn|15
|
|move|p2a: Mamoswine|Ice Shard|p1a: Latios
|-supereffective|p1a: Latios
|-damage|p1a: Latios|30\/301
|move|p1a: Latios|Surf|p2a: Mamoswine
|-supereffective|p2a: Mamoswine
|-damage|p2a: Mamoswine|118\/361
|-damage|p1a: Latios|0 fnt|[from] item: Life Orb
|faint|p1a: Latios
|
|
|switch|p1a: Excadrill|Excadrill, M|391\/391
|-damage|p1a: Excadrill|379\/391|[from] Stealth Rock
|-ability|p1a: Excadrill|Mold Breaker
|turn|16
|
|move|p2a: Mamoswine|Earthquake|p1a: Excadrill
|-supereffective|p1a: Excadrill
|-damage|p1a: Excadrill|0 fnt
|faint|p1a: Excadrill
|
|
|switch|p1a: Aerodactyl|Aerodactyl, F|317\/317
|-damage|p1a: Aerodactyl|238\/317|[from] Stealth Rock
|turn|17
|c|âPichiStyle|gg
|
|detailschange|p1a: Aerodactyl|Aerodactyl-Mega, F
|message|Aerodactyl has Mega Evolved into Mega Aerodactyl!
|move|p2a: Mamoswine|Ice Shard|p1a: Aerodactyl
|-supereffective|p1a: Aerodactyl
|-damage|p1a: Aerodactyl|86\/317
|move|p1a: Aerodactyl|Aerial Ace|p2a: Mamoswine
|-damage|p2a: Mamoswine|0 fnt
|faint|p2a: Mamoswine
|
|
|switch|p2a: Keldeo|Keldeo|184\/324 brn
|-damage|p2a: Keldeo|164\/324 brn|[from] Stealth Rock
|turn|18
|
|move|p1a: Aerodactyl|Aerial Ace|p2a: Keldeo
|-supereffective|p2a: Keldeo
|-damage|p2a: Keldeo|0 fnt
|faint|p2a: Keldeo
|
|win|PichiStyle
|raw|Ladder updating...
|raw|PichiStyle's rating: 1613 &rarr; <strong>1635<\/strong><br \/>(+22 for winning)
|raw|ben69's rating: 1649 &rarr; <strong>1627<\/strong><br \/>(-22 for losing)
|c|âPichiStyle|bulky aerodactyl is love :3