|join|LT3A aim
|join|ben69
|player|p1|LT3A aim|143
|player|p2|ben69|101
|gametype|singles
|gen|6
|tier|OU
|rated
|clearpoke
|poke|p1|Garchomp, F
|poke|p1|Greninja, F
|poke|p1|Scizor, F
|poke|p1|Bisharp, F
|poke|p1|Latios, M
|poke|p1|Landorus-Therian, M
|poke|p2|Landorus, M
|poke|p2|Keldeo
|poke|p2|Manectric, F
|poke|p2|Mandibuzz, F
|poke|p2|Bisharp, M
|poke|p2|Clefable, F
|rule|Swagger Clause: Swagger is banned
|rule|Baton Pass Clause: Limit one PokÃ©mon knowing Baton Pass
|rule|Sleep Clause Mod: Limit one foe put to sleep
|rule|Species Clause: Limit one of each PokÃ©mon
|rule|OHKO Clause: OHKO moves are banned
|rule|Moody Clause: Moody is banned
|rule|Evasion Moves Clause: Evasion moves are banned
|rule|Endless Battle Clause: Forcing endless battles is banned
|rule|HP Percentage Mod: HP is shown in percentages
|teampreview
|join|the iron fleet
|c|âben69|deja vu
|join|inconspicuos alt
|join|LT3B King K
|
|start
|switch|p1a: Garchomp|Garchomp, F|357\/357
|switch|p2a: Clefable|Clefable, F|394\/394
|turn|1
|join|klopsiiiiiiiiii
|
|move|p1a: Garchomp|Stealth Rock|p2a: Clefable
|-sidestart|p2: ben69|move: Stealth Rock
|move|p2a: Clefable|Moonblast|p1a: Garchomp
|-supereffective|p1a: Garchomp
|-damage|p1a: Garchomp|93\/357
|
|turn|2
|join|bogoljubow
|
|move|p1a: Garchomp|Earthquake|p2a: Clefable
|-damage|p2a: Clefable|238\/394
|move|p2a: Clefable|Stealth Rock|p1a: Garchomp
|-sidestart|p1: LT3A aim|move: Stealth Rock
|
|-heal|p2a: Clefable|262\/394|[from] item: Leftovers
|turn|3
|
|switch|p1a: Bisharp|Bisharp, F|271\/271
|-damage|p1a: Bisharp|255\/271|[from] Stealth Rock
|move|p2a: Clefable|Soft-Boiled|p2a: Clefable
|-heal|p2a: Clefable|394\/394
|
|turn|4
|
|switch|p2a: Keldeo|Keldeo|323\/323
|-damage|p2a: Keldeo|303\/323|[from] Stealth Rock
|move|p1a: Bisharp|Iron Head|p2a: Keldeo
|-resisted|p2a: Keldeo
|-damage|p2a: Keldeo|211\/323
|-damage|p1a: Bisharp|228\/271|[from] item: Life Orb
|
|turn|5
|
|switch|p1a: Garchomp|Garchomp, F|93\/357
|-damage|p1a: Garchomp|71\/357|[from] Stealth Rock
|move|p2a: Keldeo|Secret Sword|p1a: Garchomp
|-damage|p1a: Garchomp|0 fnt
|faint|p1a: Garchomp
|
|
|switch|p1a: Latios|Latios, M|302\/302
|-damage|p1a: Latios|265\/302|[from] Stealth Rock
|turn|6
|join|TTM Vic TA
|
|move|p1a: Latios|Thunderbolt|p2a: Keldeo
|-supereffective|p2a: Keldeo
|-damage|p2a: Keldeo|0 fnt
|-damage|p1a: Latios|235\/302|[from] item: Life Orb
|faint|p2a: Keldeo
|
|
|switch|p2a: Bisharp|Bisharp, M|271\/271
|-damage|p2a: Bisharp|255\/271|[from] Stealth Rock
|turn|7
|
|move|p2a: Bisharp|Sucker Punch|p1a: Latios
|-supereffective|p1a: Latios
|-damage|p1a: Latios|0 fnt
|faint|p1a: Latios
|
|
|switch|p1a: Scizor|Scizor, F|303\/303
|-damage|p1a: Scizor|266\/303|[from] Stealth Rock
|turn|8
|
|detailschange|p1a: Scizor|Scizor-Mega, F
|message|Scizor has Mega Evolved into Mega Scizor!
|move|p2a: Bisharp|Swords Dance|p2a: Bisharp
|-boost|p2a: Bisharp|atk|2
|move|p1a: Scizor|Bug Bite|p2a: Bisharp
|-crit|p2a: Bisharp
|-damage|p2a: Bisharp|0 fnt
|faint|p2a: Bisharp
|
|c|âben69|we are not amused
|
|switch|p2a: Manectric|Manectric, F|281\/281
|-damage|p2a: Manectric|246\/281|[from] Stealth Rock
|turn|9
|
|switch|p1a: Greninja|Greninja, F|286\/286
|-damage|p1a: Greninja|251\/286|[from] Stealth Rock
|detailschange|p2a: Manectric|Manectric-Mega, F
|message|Manectric has Mega Evolved into Mega Manectric!
|-ability|p2a: Manectric|Intimidate|[of] p1a: Greninja
|-unboost|p1a: Greninja|atk|1
|move|p2a: Manectric|Hidden Power|p1a: Greninja
|-resisted|p1a: Greninja
|-damage|p1a: Greninja|200\/286
|
|turn|10
|
|switch|p1a: Landorus-Therian|Landorus-Therian, M|325\/325
|-damage|p1a: Landorus-Therian|285\/325|[from] Stealth Rock
|-ability|p1a: Landorus-Therian|Intimidate|[of] p2a: Manectric
|-unboost|p2a: Manectric|atk|1
|move|p2a: Manectric|Hidden Power|p1a: Landorus-Therian
|-supereffective|p1a: Landorus-Therian
|-damage|p1a: Landorus-Therian|0 fnt
|faint|p1a: Landorus-Therian
|
|
|switch|p1a: Bisharp|Bisharp, F|228\/271
|-damage|p1a: Bisharp|212\/271|[from] Stealth Rock
|turn|11
|
|switch|p2a: Mandibuzz|Mandibuzz, F|423\/423
|-damage|p2a: Mandibuzz|318\/423|[from] Stealth Rock
|move|p1a: Bisharp|Swords Dance|p1a: Bisharp
|-boost|p1a: Bisharp|atk|2
|
|-heal|p2a: Mandibuzz|344\/423|[from] item: Leftovers
|turn|12
|
|move|p1a: Bisharp|Iron Head|p2a: Mandibuzz
|-damage|p2a: Mandibuzz|91\/423
|-damage|p1a: Bisharp|185\/271|[from] item: Life Orb
|move|p2a: Mandibuzz|Foul Play|p1a: Bisharp
|-crit|p1a: Bisharp
|-resisted|p1a: Bisharp
|-damage|p1a: Bisharp|0 fnt
|faint|p1a: Bisharp
|
|-heal|p2a: Mandibuzz|117\/423|[from] item: Leftovers
|join|TTM Jolt
|
|switch|p1a: Scizor|Scizor-Mega, F|266\/303
|-damage|p1a: Scizor|229\/303|[from] Stealth Rock
|turn|13
|
|move|p1a: Scizor|Swords Dance|p1a: Scizor
|-boost|p1a: Scizor|atk|2
|move|p2a: Mandibuzz|Foul Play|p1a: Scizor
|-damage|p1a: Scizor|0 fnt
|faint|p1a: Scizor
|
|-heal|p2a: Mandibuzz|143\/423|[from] item: Leftovers
|-message|LT3A aim forfeited.
|leave|LT3A aim
|
|win|ben69
|raw|Ladder updating...
|player|p1
|raw|LT3A aim's rating: 1769 &rarr; <strong>1744<\/strong><br \/>(-25 for losing)
|raw|ben69's rating: 1695 &rarr; <strong>1719<\/strong><br \/>(+24 for winning)
|c| TTM Vic TA|hey aim, gonna post this one?
|leave|inconspicuos alt
|leave|bogoljubow