|join|ben69
|join|LakeTrout
|player|p1|ben69|1
|player|p2|LakeTrout|1
|gametype|singles
|gen|6
|tier|OU
|rated
|clearpoke
|poke|p1|Heracross, M
|poke|p1|Gengar, M
|poke|p1|Rotom-Wash
|poke|p1|Clefable, F
|poke|p1|Kyurem-Black
|poke|p1|Talonflame, M
|poke|p2|Politoed, F
|poke|p2|Kabutops, F
|poke|p2|Heracross, F
|poke|p2|Latios, M
|poke|p2|Ferrothorn, F
|poke|p2|Azumarill, F
|rule|Swagger Clause: Swagger is banned
|rule|Baton Pass Clause: Limit one PokÃ©mon knowing Baton Pass
|rule|Sleep Clause Mod: Limit one foe put to sleep
|rule|Species Clause: Limit one of each PokÃ©mon
|rule|OHKO Clause: OHKO moves are banned
|rule|Moody Clause: Moody is banned
|rule|Evasion Moves Clause: Evasion moves are banned
|rule|Endless Battle Clause: Forcing endless battles is banned
|rule|HP Percentage Mod: HP is shown in percentages
|teampreview
|
|start
|switch|p1a: Clefable|Clefable, F|394\/394
|switch|p2a: Ferrothorn|Ferrothorn, F|352\/352
|turn|1
|
|move|p1a: Clefable|Fire Blast|p2a: Ferrothorn
|-supereffective|p2a: Ferrothorn
|-damage|p2a: Ferrothorn|96\/352
|move|p2a: Ferrothorn|Stealth Rock|p1a: Clefable
|-sidestart|p1: ben69|move: Stealth Rock
|
|-heal|p2a: Ferrothorn|118\/352|[from] item: Leftovers
|turn|2
|
|move|p2a: Ferrothorn|Protect|p2a: Ferrothorn
|-singleturn|p2a: Ferrothorn|Protect
|move|p1a: Clefable|Stealth Rock|p2a: Ferrothorn
|-sidestart|p2: LakeTrout|move: Stealth Rock
|
|-heal|p2a: Ferrothorn|140\/352|[from] item: Leftovers
|turn|3
|
|switch|p2a: Politoed|Politoed, F|383\/383
|-damage|p2a: Politoed|336\/383|[from] Stealth Rock
|-weather|RainDance
|move|p1a: Clefable|Moonblast|p2a: Politoed
|-crit|p2a: Politoed
|-damage|p2a: Politoed|165\/383
|
|-weather|RainDance|[upkeep]
|turn|4
|
|switch|p2a: Azumarill|Azumarill, F|404\/404
|-damage|p2a: Azumarill|354\/404|[from] Stealth Rock
|move|p1a: Clefable|Magic Coat|p1a: Clefable
|-singleturn|p1a: Clefable|move: Magic Coat
|
|-weather|RainDance|[upkeep]
|turn|5
|
|switch|p1a: Rotom-Wash|Rotom-Wash|304\/304
|-damage|p1a: Rotom-Wash|266\/304|[from] Stealth Rock
|move|p2a: Azumarill|Knock Off|p1a: Rotom-Wash
|-damage|p1a: Rotom-Wash|164\/304
|-enditem|p1a: Rotom-Wash|Leftovers|[from] move: Knock Off|[of] p2a: Azumarill
|
|-weather|RainDance|[upkeep]
|turn|6
|
|switch|p2a: Ferrothorn|Ferrothorn, F|140\/352
|-damage|p2a: Ferrothorn|118\/352|[from] Stealth Rock
|move|p1a: Rotom-Wash|Hydro Pump|p2a: Ferrothorn
|-resisted|p2a: Ferrothorn
|-damage|p2a: Ferrothorn|37\/352
|
|-weather|RainDance|[upkeep]
|-heal|p2a: Ferrothorn|59\/352|[from] item: Leftovers
|turn|7
|
|move|p1a: Rotom-Wash|Hydro Pump|p2a: Ferrothorn|[miss]
|-miss|p1a: Rotom-Wash|p2a: Ferrothorn
|move|p2a: Ferrothorn|Leech Seed|p1a: Rotom-Wash
|-start|p1a: Rotom-Wash|move: Leech Seed
|
|-weather|RainDance|[upkeep]
|-heal|p2a: Ferrothorn|81\/352|[from] item: Leftovers
|-damage|p1a: Rotom-Wash|126\/304|[from] Leech Seed|[of] p2a: Ferrothorn
|-heal|p2a: Ferrothorn|119\/352|[silent]
|turn|8
|
|move|p1a: Rotom-Wash|Will-O-Wisp|p2a: Ferrothorn
|-status|p2a: Ferrothorn|brn
|move|p2a: Ferrothorn|Leech Seed|p1a: Rotom-Wash
|-fail|p1a: Rotom-Wash
|
|-weather|RainDance|[upkeep]
|-heal|p2a: Ferrothorn|141\/352 brn|[from] item: Leftovers
|-damage|p1a: Rotom-Wash|88\/304|[from] Leech Seed|[of] p2a: Ferrothorn
|-heal|p2a: Ferrothorn|179\/352 brn|[silent]
|-damage|p2a: Ferrothorn|135\/352 brn|[from] brn
|turn|9
|
|switch|p1a: Clefable|Clefable, F|394\/394
|move|p2a: Ferrothorn|Leech Seed|p1a: Clefable
|-start|p1a: Clefable|move: Leech Seed
|
|-weather|RainDance|[upkeep]
|-heal|p2a: Ferrothorn|157\/352 brn|[from] item: Leftovers
|-damage|p2a: Ferrothorn|113\/352 brn|[from] brn
|turn|10
|
|switch|p1a: Talonflame|Talonflame, M|298\/298
|-damage|p1a: Talonflame|149\/298|[from] Stealth Rock
|switch|p2a: Azumarill|Azumarill, F|354\/404
|-damage|p2a: Azumarill|304\/404|[from] Stealth Rock
|
|-weather|none
|turn|11
|
|switch|p2a: Ferrothorn|Ferrothorn, F|113\/352 brn
|-damage|p2a: Ferrothorn|91\/352 brn|[from] Stealth Rock
|move|p1a: Talonflame|Brave Bird|p2a: Ferrothorn
|-damage|p2a: Ferrothorn|0 fnt
|-damage|p1a: Talonflame|112\/298|[from] ability: Iron Barbs|[of] p2a: Ferrothorn
|-damage|p1a: Talonflame|82\/298|[from] recoil|[of] p2a: Ferrothorn
|faint|p2a: Ferrothorn
|
|
|switch|p2a: Politoed|Politoed, F|165\/383
|-damage|p2a: Politoed|118\/383|[from] Stealth Rock
|-weather|RainDance
|turn|12
|
|switch|p2a: Kabutops|Kabutops, F|261\/261
|-damage|p2a: Kabutops|229\/261|[from] Stealth Rock
|move|p1a: Talonflame|Roost|p1a: Talonflame
|-heal|p1a: Talonflame|231\/298
|
|-weather|RainDance|[upkeep]
|turn|13
|
|switch|p1a: Rotom-Wash|Rotom-Wash|88\/304
|-damage|p1a: Rotom-Wash|50\/304|[from] Stealth Rock
|move|p2a: Kabutops|Waterfall|p1a: Rotom-Wash
|-resisted|p1a: Rotom-Wash
|-damage|p1a: Rotom-Wash|0 fnt
|faint|p1a: Rotom-Wash
|
|-weather|RainDance|[upkeep]
|join|LoganUnderFire
|c| LoganUnderFire|who is ctc?
|
|switch|p1a: Clefable|Clefable, F|394\/394
|turn|14
|c|âLakeTrout|ctc is a great battler
|c|âLakeTrout|he builds teams for people on this forum on smogon
|c|âLakeTrout|your friend was using one of his teams
|c|âLakeTrout|and i recognized the nicknames
|
|switch|p2a: Azumarill|Azumarill, F|304\/404
|-damage|p2a: Azumarill|254\/404|[from] Stealth Rock
|move|p1a: Clefable|Moonblast|p2a: Azumarill
|-damage|p2a: Azumarill|158\/404
|-unboost|p2a: Azumarill|spa|1
|
|-weather|RainDance|[upkeep]
|turn|15
|c| LoganUnderFire|That isn't my friend. lol
|c|âLakeTrout|Whoever that guy was
|
|move|p1a: Clefable|Moonblast|p2a: Azumarill
|-damage|p2a: Azumarill|62\/404
|move|p2a: Azumarill|Waterfall|p1a: Clefable
|-damage|p1a: Clefable|60\/394
|
|-weather|RainDance|[upkeep]
|-heal|p1a: Clefable|84\/394|[from] item: Leftovers
|turn|16
|
|move|p2a: Azumarill|Aqua Jet|p1a: Clefable
|-damage|p1a: Clefable|0 fnt
|faint|p1a: Clefable
|
|-weather|RainDance|[upkeep]
|
|switch|p1a: Kyurem-Black|Kyurem-Black|391\/391
|-damage|p1a: Kyurem-Black|294\/391|[from] Stealth Rock
|-ability|p1a: Kyurem-Black|Teravolt
|turn|17
|
|move|p1a: Kyurem-Black|Ice Beam|p2a: Azumarill
|-resisted|p2a: Azumarill
|-damage|p2a: Azumarill|0 fnt
|-damage|p1a: Kyurem-Black|255\/391|[from] item: Life Orb
|faint|p2a: Azumarill
|
|-weather|RainDance|[upkeep]
|
|switch|p2a: Latios|Latios, M|301\/301
|-damage|p2a: Latios|264\/301|[from] Stealth Rock
|turn|18
|
|move|p2a: Latios|Draco Meteor|p1a: Kyurem-Black|[miss]
|-miss|p2a: Latios|p1a: Kyurem-Black
|move|p1a: Kyurem-Black|Ice Beam|p2a: Latios
|-supereffective|p2a: Latios
|-damage|p2a: Latios|0 fnt
|-damage|p1a: Kyurem-Black|216\/391|[from] item: Life Orb
|faint|p2a: Latios
|
|-weather|RainDance|[upkeep]
|
|switch|p2a: Kabutops|Kabutops, F|229\/261
|-damage|p2a: Kabutops|197\/261|[from] Stealth Rock
|turn|19
|
|move|p2a: Kabutops|Stone Edge|p1a: Kyurem-Black
|-supereffective|p1a: Kyurem-Black
|-damage|p1a: Kyurem-Black|0 fnt
|faint|p1a: Kyurem-Black
|
|-weather|none
|
|switch|p1a: Gengar|Gengar, M|262\/262
|-damage|p1a: Gengar|230\/262|[from] Stealth Rock
|turn|20
|
|switch|p2a: Politoed|Politoed, F|118\/383
|-damage|p2a: Politoed|71\/383|[from] Stealth Rock
|-weather|RainDance
|move|p1a: Gengar|Substitute|p1a: Gengar
|-start|p1a: Gengar|Substitute
|-damage|p1a: Gengar|165\/262
|
|-weather|RainDance|[upkeep]
|-heal|p1a: Gengar|181\/262|[from] item: Leftovers
|turn|21
|
|move|p1a: Gengar|Shadow Ball|p2a: Politoed
|-damage|p2a: Politoed|0 fnt
|faint|p2a: Politoed
|
|-weather|RainDance|[upkeep]
|-heal|p1a: Gengar|197\/262|[from] item: Leftovers
|
|switch|p2a: Heracross|Heracross, F|308\/308
|-damage|p2a: Heracross|270\/308|[from] Stealth Rock
|turn|22
|
|detailschange|p2a: Heracross|Heracross-Mega, F
|message|Heracross has Mega Evolved into Mega Heracross!
|move|p1a: Gengar|Shadow Ball|p2a: Heracross
|-damage|p2a: Heracross|131\/308
|move|p2a: Heracross|Rock Blast|p1a: Gengar
|-activate|p1a: Gengar|Substitute|[damage]
|-end|p1a: Gengar|Substitute
|-crit|p1a: Gengar
|-damage|p1a: Gengar|93\/262
|-damage|p1a: Gengar|30\/262
|-damage|p1a: Gengar|0 fnt
|-hitcount|p1a: Gengar|5
|faint|p1a: Gengar
|
|-weather|RainDance|[upkeep]
|
|switch|p1a: Talonflame|Talonflame, M|231\/298
|-damage|p1a: Talonflame|82\/298|[from] Stealth Rock
|turn|23
|
|move|p1a: Talonflame|Brave Bird|p2a: Heracross
|-supereffective|p2a: Heracross
|-damage|p2a: Heracross|0 fnt
|-damage|p1a: Talonflame|39\/298|[from] recoil|[of] p2a: Heracross
|faint|p2a: Heracross
|
|-weather|RainDance|[upkeep]
|
|switch|p2a: Kabutops|Kabutops, F|197\/261
|-damage|p2a: Kabutops|165\/261|[from] Stealth Rock
|turn|24
|
|move|p1a: Talonflame|Brave Bird|p2a: Kabutops
|-resisted|p2a: Kabutops
|-damage|p2a: Kabutops|74\/261
|-damage|p1a: Talonflame|9\/298|[from] recoil|[of] p2a: Kabutops
|move|p2a: Kabutops|Swords Dance|p2a: Kabutops
|-boost|p2a: Kabutops|atk|2
|
|-weather|RainDance|[upkeep]
|turn|25
|
|move|p2a: Kabutops|Aqua Jet|p1a: Talonflame
|-supereffective|p1a: Talonflame
|-damage|p1a: Talonflame|0 fnt
|faint|p1a: Talonflame
|
|-weather|RainDance|[upkeep]
|c|âLakeTrout|Gg
|
|switch|p1a: Heracross|Heracross, M|364\/364
|-damage|p1a: Heracross|319\/364|[from] Stealth Rock
|turn|26
|
|detailschange|p1a: Heracross|Heracross-Mega, M
|message|Heracross has Mega Evolved into Mega Heracross!
|move|p2a: Kabutops|Waterfall|p1a: Heracross
|-damage|p1a: Heracross|0 fnt
|faint|p1a: Heracross
|
|win|LakeTrout
|raw|Ladder updating...
|raw|ben69's rating: 1741 &rarr; <strong>1722<\/strong><br \/>(-19 for losing)
|raw|LakeTrout's rating: 1743 &rarr; <strong>1763<\/strong><br \/>(+20 for winning)
|c| LoganUnderFire|kabutops is boss!
|c|âLakeTrout|Yup
|c| LoganUnderFire|nice team
|c|âLakeTrout|So great against birdspam and sand
|c|âLakeTrout|thanks
|c| LoganUnderFire|can i watch moar?
|c|âLakeTrout|Ive been laddering with it today and got all the way up to 1763 now
|c| LoganUnderFire|ladder some more
|c| LoganUnderFire|illb watch
|c|âLakeTrout|That was my last battle for now, sorry
|c| LoganUnderFire|ill*
|c| LoganUnderFire|ok
|c|âLakeTrout|how did you find me again?
|c| LoganUnderFire|The last dude you battled was in the OLT group
|c|âLakeTrout|Whats that?
|c| LoganUnderFire|So i watched him first
|c| LoganUnderFire|then you
|c| LoganUnderFire|olt is Official Ladder Tournament
|c|âLakeTrout|No i mean how did you find me the second time? Like did you sidt through battles or search my name! Im just curious
|c| LoganUnderFire|Just clicked your name and saw you were in a battle lol
|c|âLakeTrout|Ohhh thats why his name was LT something. There are a lot of people with that abbreviation
|c|âLakeTrout|ok lol
|c| LoganUnderFire|Yeah they are in a tournament
|c| LoganUnderFire|That last forever
|c| LoganUnderFire|lol
|c|âLakeTrout|what was the last guys i battled name? 
|c| LoganUnderFire|LT4X Luis Henrique
|c|âLakeTrout|Yeah i know what ur talking about. I saw it on a smogon forum or something
|c| LoganUnderFire|Yes sir, lol
|c| LoganUnderFire|So you are done today?
|c| LoganUnderFire|:\/
|c|âLakeTrout|yeah
|c|âLakeTrout|whats ur smogon name?
|c| LoganUnderFire|I forgot it whats yours so I can add you when I pull it back up?
|c|âLakeTrout|MilkyWay01
|c| LoganUnderFire|I'll add you and state who I am
|c| LoganUnderFire|I have to check my emails lol
|c|âLakeTrout|Ok. Nice talking to you. Gotta go now, cya
|c| LoganUnderFire|cya