|join|ben69
|join|LT3L boudouche
|player|p1|ben69|101
|player|p2|LT3L boudouche|179
|gametype|singles
|gen|6
|tier|OU
|rated
|clearpoke
|poke|p1|Landorus, M
|poke|p1|Keldeo
|poke|p1|Manectric, M
|poke|p1|Mew
|poke|p1|Clefable, M
|poke|p1|Terrakion
|poke|p2|Pinsir, M
|poke|p2|Magnezone
|poke|p2|Latias, F
|poke|p2|Azumarill, M
|poke|p2|Diggersby, F
|poke|p2|Garchomp, F
|rule|Swagger Clause: Swagger is banned
|rule|Baton Pass Clause: Limit one PokÃ©mon knowing Baton Pass
|rule|Sleep Clause Mod: Limit one foe put to sleep
|rule|Species Clause: Limit one of each PokÃ©mon
|rule|OHKO Clause: OHKO moves are banned
|rule|Moody Clause: Moody is banned
|rule|Evasion Moves Clause: Evasion moves are banned
|rule|Endless Battle Clause: Forcing endless battles is banned
|rule|HP Percentage Mod: HP is shown in percentages
|teampreview
|
|start
|switch|p1a: Mew|Mew|404\/404
|switch|p2a: Garchomp|Garchomp, F|361\/361
|turn|1
|join|radianthero156
|
|move|p2a: Garchomp|Outrage|p1a: Mew
|-damage|p1a: Mew|205\/404
|move|p1a: Mew|Taunt|p2a: Garchomp
|-start|p2a: Garchomp|move: Taunt
|
|-heal|p1a: Mew|230\/404|[from] item: Leftovers
|turn|2
|
|move|p2a: Garchomp|Outrage|p1a: Mew
|-damage|p1a: Mew|50\/404
|move|p1a: Mew|Roost|p1a: Mew
|-heal|p1a: Mew|252\/404
|
|-end|p2a: Garchomp|rampage
|-start|p2a: Garchomp|confusion
|-heal|p1a: Mew|277\/404|[from] item: Leftovers
|-enditem|p2a: Garchomp|Lum Berry|[eat]
|-end|p2a: Garchomp|confusion
|turn|3
|
|move|p2a: Garchomp|Earthquake|p1a: Mew
|-damage|p1a: Mew|109\/404
|move|p1a: Mew|Will-O-Wisp|p2a: Garchomp
|-status|p2a: Garchomp|brn
|
|-heal|p1a: Mew|134\/404|[from] item: Leftovers
|-damage|p2a: Garchomp|316\/361 brn|[from] brn
|turn|4
|join|kaodhgh
|
|move|p2a: Garchomp|Outrage|p1a: Mew
|-damage|p1a: Mew|40\/404
|move|p1a: Mew|Roost|p1a: Mew
|-heal|p1a: Mew|242\/404
|
|-heal|p1a: Mew|267\/404|[from] item: Leftovers
|-damage|p2a: Garchomp|271\/361 brn|[from] brn
|-end|p2a: Garchomp|move: Taunt
|turn|5
|
|move|p2a: Garchomp|Outrage|p1a: Mew
|-damage|p1a: Mew|176\/404
|move|p1a: Mew|Roost|p1a: Mew
|-heal|p1a: Mew|378\/404
|
|-heal|p1a: Mew|403\/404|[from] item: Leftovers
|-damage|p2a: Garchomp|226\/361 brn|[from] brn
|turn|6
|
|move|p2a: Garchomp|Outrage|p1a: Mew
|-damage|p1a: Mew|306\/404
|move|p1a: Mew|Taunt|p2a: Garchomp
|-start|p2a: Garchomp|move: Taunt
|
|-end|p2a: Garchomp|rampage
|-start|p2a: Garchomp|confusion
|-heal|p1a: Mew|331\/404|[from] item: Leftovers
|-damage|p2a: Garchomp|181\/361 brn|[from] brn
|turn|7
|
|switch|p2a: Magnezone|Magnezone|281\/281
|switch|p1a: Clefable|Clefable, M|394\/394
|
|turn|8
|
|switch|p2a: Diggersby|Diggersby, F|311\/311
|switch|p1a: Keldeo|Keldeo|323\/323
|
|turn|9
|
|switch|p2a: Azumarill|Azumarill, M|403\/403
|move|p1a: Keldeo|Scald|p2a: Azumarill
|-resisted|p2a: Azumarill
|-damage|p2a: Azumarill|313\/403
|
|turn|10
|
|switch|p1a: Clefable|Clefable, M|394\/394
|move|p2a: Azumarill|Knock Off|p1a: Clefable
|-resisted|p1a: Clefable
|-damage|p1a: Clefable|305\/394
|-enditem|p1a: Clefable|Leftovers|[from] move: Knock Off|[of] p2a: Azumarill
|
|turn|11
|
|move|p1a: Clefable|Stealth Rock|p2a: Azumarill
|-sidestart|p2: LT3L boudouche|move: Stealth Rock
|move|p2a: Azumarill|Waterfall|p1a: Clefable
|-damage|p1a: Clefable|62\/394
|
|turn|12
|join|fgtfgtfgtfgt
|
|switch|p1a: Mew|Mew|331\/404
|move|p2a: Azumarill|Aqua Jet|p1a: Mew
|-damage|p1a: Mew|255\/404
|
|-heal|p1a: Mew|280\/404|[from] item: Leftovers
|turn|13
|
|switch|p2a: Latias|Latias, F|335\/335
|-damage|p2a: Latias|294\/335|[from] Stealth Rock
|move|p1a: Mew|Taunt|p2a: Latias
|-start|p2a: Latias|move: Taunt
|
|-heal|p1a: Mew|305\/404|[from] item: Leftovers
|turn|14
|
|move|p2a: Latias|Draco Meteor|p1a: Mew
|-damage|p1a: Mew|66\/404
|-unboost|p2a: Latias|spa|2
|-damage|p2a: Latias|261\/335|[from] item: Life Orb
|move|p1a: Mew|Roost|p1a: Mew
|-heal|p1a: Mew|268\/404
|
|-heal|p1a: Mew|293\/404|[from] item: Leftovers
|turn|15
|
|switch|p2a: Magnezone|Magnezone|281\/281
|-damage|p2a: Magnezone|264\/281|[from] Stealth Rock
|move|p1a: Mew|Taunt|p2a: Magnezone
|-start|p2a: Magnezone|move: Taunt
|
|-heal|p1a: Mew|318\/404|[from] item: Leftovers
|turn|16
|
|switch|p2a: Latias|Latias, F|261\/335
|-damage|p2a: Latias|220\/335|[from] Stealth Rock
|switch|p1a: Manectric|Manectric, M|281\/281
|
|turn|17
|
|detailschange|p1a: Manectric|Manectric-Mega, M
|message|Manectric has Mega Evolved into Mega Manectric!
|-ability|p1a: Manectric|Intimidate|[of] p2a: Latias
|-unboost|p2a: Latias|atk|1
|move|p2a: Latias|Defog|p1a: Manectric
|-unboost|p1a: Manectric|evasion|1
|-sideend|p2: LT3L boudouche|Stealth Rock|[from] move: Defog|[of] p2a: Latias
|move|p1a: Manectric|Volt Switch|p2a: Latias
|-resisted|p2a: Latias
|-damage|p2a: Latias|168\/335
|
|switch|p1a: Clefable|Clefable, M|62\/394
|
|turn|18
|
|switch|p1a: Mew|Mew|318\/404
|move|p2a: Latias|Psyshock|p1a: Mew
|-resisted|p1a: Mew
|-damage|p1a: Mew|262\/404
|-damage|p2a: Latias|135\/335|[from] item: Life Orb
|
|-heal|p1a: Mew|287\/404|[from] item: Leftovers
|turn|19
|
|switch|p2a: Magnezone|Magnezone|264\/281
|move|p1a: Mew|Will-O-Wisp|p2a: Magnezone
|-status|p2a: Magnezone|brn
|
|-heal|p1a: Mew|312\/404|[from] item: Leftovers
|-damage|p2a: Magnezone|229\/281 brn|[from] brn
|turn|20
|
|move|p2a: Magnezone|Thunderbolt|p1a: Mew
|-damage|p1a: Mew|138\/404
|move|p1a: Mew|Roost|p1a: Mew
|-heal|p1a: Mew|340\/404
|
|-heal|p1a: Mew|365\/404|[from] item: Leftovers
|-damage|p2a: Magnezone|194\/281 brn|[from] brn
|turn|21
|
|switch|p1a: Landorus|Landorus, M|319\/319
|move|p2a: Magnezone|Thunderbolt|p1a: Landorus
|-immune|p1a: Landorus|[msg]
|
|-damage|p2a: Magnezone|159\/281 brn|[from] brn
|turn|22
|
|switch|p2a: Garchomp|Garchomp, F|181\/361 brn
|move|p1a: Landorus|Psychic|p2a: Garchomp
|-damage|p2a: Garchomp|0 fnt
|faint|p2a: Garchomp
|
|
|switch|p2a: Pinsir|Pinsir, M|271\/271
|turn|23
|
|switch|p1a: Clefable|Clefable, M|62\/394
|detailschange|p2a: Pinsir|Pinsir-Mega, M
|message|Pinsir has Mega Evolved into Mega Pinsir!
|move|p2a: Pinsir|Return|p1a: Clefable
|-damage|p1a: Clefable|0 fnt
|faint|p1a: Clefable
|
|
|switch|p1a: Manectric|Manectric-Mega, M|281\/281
|-ability|p1a: Manectric|Intimidate|[of] p2a: Pinsir
|-unboost|p2a: Pinsir|atk|1
|turn|24
|
|switch|p2a: Diggersby|Diggersby, F|311\/311
|move|p1a: Manectric|Hidden Power|p2a: Diggersby
|-supereffective|p2a: Diggersby
|-damage|p2a: Diggersby|121\/311
|
|turn|25
|
|switch|p1a: Landorus|Landorus, M|319\/319
|switch|p2a: Magnezone|Magnezone|159\/281 brn
|
|-damage|p2a: Magnezone|124\/281 brn|[from] brn
|turn|26
|
|move|p2a: Magnezone|Flash Cannon|p1a: Landorus
|-damage|p1a: Landorus|136\/319
|move|p1a: Landorus|Earth Power|p2a: Magnezone
|-supereffective|p2a: Magnezone
|-damage|p2a: Magnezone|0 fnt
|faint|p2a: Magnezone
|
|
|switch|p2a: Pinsir|Pinsir-Mega, M|271\/271
|turn|27
|
|move|p2a: Pinsir|Return|p1a: Landorus
|-damage|p1a: Landorus|0 fnt
|faint|p1a: Landorus
|
|
|switch|p1a: Manectric|Manectric-Mega, M|281\/281
|-ability|p1a: Manectric|Intimidate|[of] p2a: Pinsir
|-unboost|p2a: Pinsir|atk|1
|turn|28
|join|sofa king cool
|
|move|p1a: Manectric|Hidden Power|p2a: Pinsir
|-supereffective|p2a: Pinsir
|-damage|p2a: Pinsir|113\/271
|move|p2a: Pinsir|Swords Dance|p2a: Pinsir
|-boost|p2a: Pinsir|atk|2
|
|turn|29
|
|move|p2a: Pinsir|Quick Attack|p1a: Manectric
|-crit|p1a: Manectric
|-resisted|p1a: Manectric
|-damage|p1a: Manectric|137\/281
|move|p1a: Manectric|Hidden Power|p2a: Pinsir
|-supereffective|p2a: Pinsir
|-damage|p2a: Pinsir|0 fnt
|faint|p2a: Pinsir
|
|
|switch|p2a: Latias|Latias, F|135\/335
|turn|30
|
|move|p1a: Manectric|Hidden Power|p2a: Latias
|-supereffective|p2a: Latias
|-damage|p2a: Latias|9\/335
|move|p2a: Latias|Psyshock|p1a: Manectric
|-crit|p1a: Manectric
|-damage|p1a: Manectric|0 fnt
|-damage|p2a: Latias|0 fnt|[from] item: Life Orb
|faint|p1a: Manectric
|faint|p2a: Latias
|
|
|switch|p1a: Mew|Mew|365\/404
|switch|p2a: Azumarill|Azumarill, M|313\/403
|turn|31
|
|move|p1a: Mew|Will-O-Wisp|p2a: Azumarill
|-status|p2a: Azumarill|brn
|move|p2a: Azumarill|Knock Off|p1a: Mew
|-supereffective|p1a: Mew
|-damage|p1a: Mew|247\/404
|-enditem|p1a: Mew|Leftovers|[from] move: Knock Off|[of] p2a: Azumarill
|
|-damage|p2a: Azumarill|263\/403 brn|[from] brn
|turn|32
|
|switch|p2a: Diggersby|Diggersby, F|121\/311
|move|p1a: Mew|Roost|p1a: Mew
|-heal|p1a: Mew|404\/404
|
|turn|33
|
|move|p1a: Mew|Will-O-Wisp|p2a: Diggersby|[miss]
|-miss|p1a: Mew|p2a: Diggersby
|move|p2a: Diggersby|Swords Dance|p2a: Diggersby
|-boost|p2a: Diggersby|atk|2
|
|turn|34
|
|move|p1a: Mew|Taunt|p2a: Diggersby
|-start|p2a: Diggersby|move: Taunt
|move|p2a: Diggersby|Return|p1a: Mew
|-crit|p1a: Mew
|-damage|p1a: Mew|0 fnt
|faint|p1a: Mew
|
|
|switch|p1a: Terrakion|Terrakion|323\/323
|turn|35
|
|move|p2a: Diggersby|Quick Attack|p1a: Terrakion
|-resisted|p1a: Terrakion
|-damage|p1a: Terrakion|218\/323
|move|p1a: Terrakion|Close Combat|p2a: Diggersby
|-supereffective|p2a: Diggersby
|-damage|p2a: Diggersby|0 fnt
|-unboost|p1a: Terrakion|def|1
|-unboost|p1a: Terrakion|spd|1
|faint|p2a: Diggersby
|
|
|switch|p2a: Azumarill|Azumarill, M|263\/403 brn
|turn|36
|join|Cienight
|
|move|p1a: Terrakion|Close Combat|p2a: Azumarill
|-resisted|p2a: Azumarill
|-damage|p2a: Azumarill|71\/403 brn
|-unboost|p1a: Terrakion|def|1
|-unboost|p1a: Terrakion|spd|1
|move|p2a: Azumarill|Play Rough|p1a: Terrakion
|-supereffective|p1a: Terrakion
|-damage|p1a: Terrakion|0 fnt
|faint|p1a: Terrakion
|
|-damage|p2a: Azumarill|21\/403 brn|[from] brn
|join|jake5
|
|switch|p1a: Keldeo|Keldeo|323\/323
|turn|37
|
|move|p1a: Keldeo|Scald|p2a: Azumarill
|-resisted|p2a: Azumarill
|-damage|p2a: Azumarill|0 fnt
|faint|p2a: Azumarill
|
|win|ben69
|raw|Ladder updating...
|raw|ben69's rating: 1663 &rarr; <strong>1684<\/strong><br \/>(+21 for winning)
|raw|LT3L boudouche's rating: 1673 &rarr; <strong>1653<\/strong><br \/>(-20 for losing)
|c|âLT3L boudouche|gg
|leave|LT3L boudouche
|player|p2
|c|âben69|gg
|leave|sofa king cool
|leave|kaodhgh
|join|LT3B aim
|leave|LT3B aim
|leave|radianthero156
|leave|fgtfgtfgtfgt