|join|noobslayerlol
|join|ben69
|player|p1|noobslayerlol|169
|player|p2|ben69|266
|gametype|singles
|gen|6
|tier|OU
|rated
|clearpoke
|poke|p1|Skarmory, M
|poke|p1|Venusaur, M
|poke|p1|Heatran, M
|poke|p1|Chansey, F
|poke|p1|Bisharp, F
|poke|p1|Weavile, F
|poke|p2|Gardevoir, M
|poke|p2|Gengar, F
|poke|p2|Heatran, M
|poke|p2|Clefable, M
|poke|p2|Kyurem-Black
|poke|p2|Talonflame, M
|rule|Swagger Clause: Swagger is banned
|rule|Baton Pass Clause: Limit one PokÃ©mon knowing Baton Pass
|rule|Sleep Clause Mod: Limit one foe put to sleep
|rule|Species Clause: Limit one of each PokÃ©mon
|rule|OHKO Clause: OHKO moves are banned
|rule|Moody Clause: Moody is banned
|rule|Evasion Moves Clause: Evasion moves are banned
|rule|Endless Battle Clause: Forcing endless battles is banned
|rule|HP Percentage Mod: HP is shown in percentages
|teampreview
|
|start
|switch|p1a: Weavile|Weavile, F|282\/282
|switch|p2a: Kyurem-Black|Kyurem-Black|391\/391
|-ability|p1a: Weavile|Pressure
|-ability|p2a: Kyurem-Black|Teravolt
|turn|1
|
|switch|p1a: Chansey|Chansey, F|704\/704
|move|p2a: Kyurem-Black|Fusion Bolt|p1a: Chansey
|-damage|p1a: Chansey|422\/704
|-damage|p2a: Kyurem-Black|352\/391|[from] item: Life Orb
|
|turn|2
|
|move|p2a: Kyurem-Black|Dragon Claw|p1a: Chansey
|-damage|p1a: Chansey|81\/704
|-damage|p2a: Kyurem-Black|313\/391|[from] item: Life Orb
|move|p1a: Chansey|Thunder Wave|p2a: Kyurem-Black
|-status|p2a: Kyurem-Black|par
|
|turn|3
|
|move|p1a: Chansey|Soft-Boiled|p1a: Chansey
|-heal|p1a: Chansey|433\/704
|move|p2a: Kyurem-Black|Dragon Claw|p1a: Chansey
|-damage|p1a: Chansey|109\/704
|-damage|p2a: Kyurem-Black|274\/391 par|[from] item: Life Orb
|
|turn|4
|
|switch|p2a: Heatran|Heatran, M|358\/358
|move|p1a: Chansey|Soft-Boiled|p1a: Chansey
|-heal|p1a: Chansey|461\/704
|
|turn|5
|join|n012345b
|
|move|p2a: Heatran|Taunt|p1a: Chansey
|-start|p1a: Chansey|move: Taunt
|cant|p1a: Chansey|move: Taunt|Thunder Wave
|
|turn|6
|
|switch|p1a: Heatran|Heatran, M|386\/386
|move|p2a: Heatran|Will-O-Wisp|p1a: Heatran
|-start|p1a: Heatran|ability: Flash Fire
|
|turn|7
|
|move|p2a: Heatran|Earth Power|p1a: Heatran
|-supereffective|p1a: Heatran
|-damage|p1a: Heatran|106\/386
|move|p1a: Heatran|Taunt|p2a: Heatran
|-start|p2a: Heatran|move: Taunt
|
|-heal|p1a: Heatran|130\/386|[from] item: Leftovers
|turn|8
|
|switch|p2a: Talonflame|Talonflame, M|298\/298
|switch|p1a: Chansey|Chansey, F|461\/704
|
|turn|9
|
|move|p2a: Talonflame|Swords Dance|p2a: Talonflame
|-boost|p2a: Talonflame|atk|2
|move|p1a: Chansey|Thunder Wave|p2a: Talonflame
|-status|p2a: Talonflame|par
|
|turn|10
|
|switch|p1a: Skarmory|Skarmory, M|334\/334
|move|p2a: Talonflame|Brave Bird|p1a: Skarmory
|-resisted|p1a: Skarmory
|-damage|p1a: Skarmory|234\/334
|-damage|p2a: Talonflame|249\/298 par|[from] item: Rocky Helmet|[of] p1a: Skarmory
|-damage|p2a: Talonflame|216\/298 par|[from] recoil|[of] p1a: Skarmory
|
|turn|11
|
|move|p1a: Skarmory|Spikes|p2a: Talonflame
|-sidestart|p2: ben69|Spikes
|move|p2a: Talonflame|Flare Blitz|p1a: Skarmory
|-supereffective|p1a: Skarmory
|-damage|p1a: Skarmory|0 fnt
|-damage|p2a: Talonflame|167\/298 par|[from] item: Rocky Helmet|[of] p1a: Skarmory
|-damage|p2a: Talonflame|90\/298 par|[from] recoil|[of] p1a: Skarmory
|faint|p1a: Skarmory
|
|
|switch|p1a: Weavile|Weavile, F|282\/282
|-ability|p1a: Weavile|Pressure
|turn|12
|
|move|p1a: Weavile|Ice Shard|p2a: Talonflame
|-damage|p2a: Talonflame|0 fnt
|-damage|p1a: Weavile|254\/282|[from] item: Life Orb
|faint|p2a: Talonflame
|
|
|switch|p2a: Heatran|Heatran, M|358\/358
|-damage|p2a: Heatran|314\/358|[from] Spikes
|turn|13
|
|move|p1a: Weavile|Low Kick|p2a: Heatran
|-supereffective|p2a: Heatran
|-damage|p2a: Heatran|0 fnt
|-damage|p1a: Weavile|226\/282|[from] item: Life Orb
|faint|p2a: Heatran
|
|
|switch|p2a: Kyurem-Black|Kyurem-Black|274\/391 par
|-damage|p2a: Kyurem-Black|226\/391 par|[from] Spikes
|-ability|p2a: Kyurem-Black|Teravolt
|turn|14
|
|switch|p1a: Heatran|Heatran, M|130\/386
|move|p2a: Kyurem-Black|Dragon Claw|p1a: Heatran
|-resisted|p1a: Heatran
|-damage|p1a: Heatran|13\/386
|-damage|p2a: Kyurem-Black|187\/391 par|[from] item: Life Orb
|
|-heal|p1a: Heatran|37\/386|[from] item: Leftovers
|turn|15
|-message|ben69 forfeited.
|
|win|noobslayerlol
|raw|Ladder updating...
|leave|ben69
|player|p2
|raw|noobslayerlol's rating: 1574 &rarr; <strong>1598<\/strong><br \/>(+24 for winning)
|raw|ben69's rating: 1634 &rarr; <strong>1611<\/strong><br \/>(-23 for losing)
|leave|noobslayerlol
|player|p1