|join|ben69
|join|Gwerkit
|player|p1|ben69|1
|player|p2|Gwerkit|287
|gametype|singles
|gen|6
|tier|OU
|rated
|clearpoke
|poke|p1|Landorus-Therian, M
|poke|p1|Gyarados, F
|poke|p1|Clefable, F
|poke|p1|Terrakion
|poke|p1|Breloom, M
|poke|p1|Medicham, F
|poke|p2|Magnezone
|poke|p2|Landorus-Therian, M
|poke|p2|Gothitelle, F
|poke|p2|Latias, F
|poke|p2|Dugtrio, M
|poke|p2|Clefable, F
|rule|Swagger Clause: Swagger is banned
|rule|Baton Pass Clause: Limit one PokÃ©mon knowing Baton Pass
|rule|Sleep Clause Mod: Limit one foe put to sleep
|rule|Species Clause: Limit one of each PokÃ©mon
|rule|OHKO Clause: OHKO moves are banned
|rule|Moody Clause: Moody is banned
|rule|Evasion Moves Clause: Evasion moves are banned
|rule|Endless Battle Clause: Forcing endless battles is banned
|rule|HP Percentage Mod: HP is shown in percentages
|teampreview
|
|start
|switch|p1a: Breloom|Breloom, M|262\/262
|switch|p2a: Gothitelle|Gothitelle, F|301\/301
|turn|1
|
|move|p1a: Breloom|Bullet Seed|p2a: Gothitelle
|-crit|p2a: Gothitelle
|-damage|p2a: Gothitelle|193\/301
|-damage|p2a: Gothitelle|118\/301
|-hitcount|p2a: Gothitelle|2
|move|p2a: Gothitelle|Trick|p1a: Breloom
|-activate|p2a: Gothitelle|move: Trick|[of] p1a: Breloom
|-item|p1a: Breloom|Choice Scarf|[from] move: Trick
|-item|p2a: Gothitelle|Choice Scarf|[from] move: Trick
|
|turn|2
|
|switch|p2a: Landorus-Therian|Landorus-Therian, M|330\/330
|-ability|p2a: Landorus-Therian|Intimidate|[of] p1a: Breloom
|-unboost|p1a: Breloom|atk|1
|move|p1a: Breloom|Superpower|p2a: Landorus-Therian
|-resisted|p2a: Landorus-Therian
|-damage|p2a: Landorus-Therian|250\/330
|-unboost|p1a: Breloom|atk|1
|-unboost|p1a: Breloom|def|1
|
|turn|3
|
|switch|p1a: Landorus-Therian|Landorus-Therian, M|382\/382
|-ability|p1a: Landorus-Therian|Intimidate|[of] p2a: Landorus-Therian
|-unboost|p2a: Landorus-Therian|atk|1
|move|p2a: Landorus-Therian|U-turn|p1a: Landorus-Therian
|-resisted|p1a: Landorus-Therian
|-damage|p1a: Landorus-Therian|345\/382
|
|switch|p2a: Magnezone|Magnezone|281\/281
|
|-heal|p1a: Landorus-Therian|368\/382|[from] item: Leftovers
|turn|4
|
|switch|p1a: Clefable|Clefable, F|394\/394
|move|p2a: Magnezone|Hidden Power|p1a: Clefable
|-damage|p1a: Clefable|340\/394
|
|-heal|p1a: Clefable|364\/394|[from] item: Leftovers
|turn|5
|
|switch|p2a: Gothitelle|Gothitelle, F|118\/301
|switch|p1a: Terrakion|Terrakion|323\/323
|
|turn|6
|
|move|p1a: Terrakion|Stealth Rock|p2a: Gothitelle
|-sidestart|p2: Gwerkit|move: Stealth Rock
|move|p2a: Gothitelle|Psyshock|p1a: Terrakion
|-supereffective|p1a: Terrakion
|-damage|p1a: Terrakion|35\/323
|
|turn|7
|
|move|p1a: Terrakion|Stone Edge|p2a: Gothitelle
|-crit|p2a: Gothitelle
|-damage|p2a: Gothitelle|0 fnt
|faint|p2a: Gothitelle
|
|
|switch|p2a: Dugtrio|Dugtrio, M|206\/206
|-damage|p2a: Dugtrio|194\/206|[from] Stealth Rock
|turn|8
|
|move|p2a: Dugtrio|Stealth Rock|p1a: Terrakion
|-sidestart|p1: ben69|move: Stealth Rock
|move|p1a: Terrakion|Close Combat|p2a: Dugtrio
|-damage|p2a: Dugtrio|0 fnt
|-unboost|p1a: Terrakion|def|1
|-unboost|p1a: Terrakion|spd|1
|faint|p2a: Dugtrio
|
|
|switch|p2a: Magnezone|Magnezone|281\/281
|-damage|p2a: Magnezone|264\/281|[from] Stealth Rock
|turn|9
|
|move|p2a: Magnezone|Hidden Power|p1a: Terrakion
|-damage|p1a: Terrakion|0 fnt
|faint|p1a: Terrakion
|
|
|switch|p1a: Gyarados|Gyarados, F|353\/353
|-damage|p1a: Gyarados|265\/353|[from] Stealth Rock
|-ability|p1a: Gyarados|Intimidate|[of] p2a: Magnezone
|-unboost|p2a: Magnezone|atk|1
|turn|10
|
|switch|p2a: Clefable|Clefable, F|394\/394
|move|p1a: Gyarados|Dragon Dance|p1a: Gyarados
|-boost|p1a: Gyarados|atk|1
|-boost|p1a: Gyarados|spe|1
|
|-heal|p1a: Gyarados|287\/353|[from] item: Leftovers
|turn|11
|
|move|p1a: Gyarados|Substitute|p1a: Gyarados
|-start|p1a: Gyarados|Substitute
|-damage|p1a: Gyarados|199\/353
|move|p2a: Clefable|Moonblast|p1a: Gyarados
|-end|p1a: Gyarados|Substitute
|
|-heal|p1a: Gyarados|221\/353|[from] item: Leftovers
|turn|12
|
|move|p1a: Gyarados|Waterfall|p2a: Clefable
|-damage|p2a: Clefable|186\/394
|move|p2a: Clefable|Moonblast|p1a: Gyarados
|-crit|p1a: Gyarados
|-damage|p1a: Gyarados|64\/353
|
|-heal|p1a: Gyarados|86\/353|[from] item: Leftovers
|-heal|p2a: Clefable|210\/394|[from] item: Leftovers
|turn|13
|
|move|p1a: Gyarados|Waterfall|p2a: Clefable
|-damage|p2a: Clefable|9\/394
|cant|p2a: Clefable|flinch
|
|-heal|p1a: Gyarados|108\/353|[from] item: Leftovers
|-heal|p2a: Clefable|33\/394|[from] item: Leftovers
|turn|14
|
|move|p1a: Gyarados|Waterfall|p2a: Clefable
|-damage|p2a: Clefable|0 fnt
|faint|p2a: Clefable
|
|-heal|p1a: Gyarados|130\/353|[from] item: Leftovers
|
|switch|p2a: Landorus-Therian|Landorus-Therian, M|250\/330
|-damage|p2a: Landorus-Therian|209\/330|[from] Stealth Rock
|-ability|p2a: Landorus-Therian|Intimidate|[of] p1a: Gyarados
|-unboost|p1a: Gyarados|atk|1
|turn|15
|
|move|p2a: Landorus-Therian|Knock Off|p1a: Gyarados
|-damage|p1a: Gyarados|0 fnt
|-enditem|p1a: Gyarados|Leftovers|[from] move: Knock Off|[of] p2a: Landorus-Therian
|faint|p1a: Gyarados
|
|
|switch|p1a: Landorus-Therian|Landorus-Therian, M|368\/382
|-damage|p1a: Landorus-Therian|321\/382|[from] Stealth Rock
|-ability|p1a: Landorus-Therian|Intimidate|[of] p2a: Landorus-Therian
|-unboost|p2a: Landorus-Therian|atk|1
|turn|16
|
|move|p2a: Landorus-Therian|Knock Off|p1a: Landorus-Therian
|-damage|p1a: Landorus-Therian|222\/382
|-enditem|p1a: Landorus-Therian|Leftovers|[from] move: Knock Off|[of] p2a: Landorus-Therian
|move|p1a: Landorus-Therian|Knock Off|p2a: Landorus-Therian
|-damage|p2a: Landorus-Therian|57\/330
|-enditem|p2a: Landorus-Therian|Choice Scarf|[from] move: Knock Off|[of] p1a: Landorus-Therian
|
|turn|17
|
|move|p2a: Landorus-Therian|Knock Off|p1a: Landorus-Therian
|-damage|p1a: Landorus-Therian|150\/382
|move|p1a: Landorus-Therian|Bulk Up|p1a: Landorus-Therian
|-boost|p1a: Landorus-Therian|atk|1
|-boost|p1a: Landorus-Therian|def|1
|
|turn|18
|
|move|p2a: Landorus-Therian|Knock Off|p1a: Landorus-Therian
|-damage|p1a: Landorus-Therian|103\/382
|move|p1a: Landorus-Therian|Knock Off|p2a: Landorus-Therian
|-damage|p2a: Landorus-Therian|0 fnt
|faint|p2a: Landorus-Therian
|
|
|switch|p2a: Magnezone|Magnezone|264\/281
|-damage|p2a: Magnezone|247\/281|[from] Stealth Rock
|turn|19
|
|move|p2a: Magnezone|Flash Cannon|p1a: Landorus-Therian
|-damage|p1a: Landorus-Therian|0 fnt
|faint|p1a: Landorus-Therian
|
|
|switch|p1a: Breloom|Breloom, M|262\/262
|-damage|p1a: Breloom|246\/262|[from] Stealth Rock
|turn|20
|
|switch|p2a: Latias|Latias, F|301\/301
|-damage|p2a: Latias|264\/301|[from] Stealth Rock
|move|p1a: Breloom|Spore|p2a: Latias
|-status|p2a: Latias|slp
|
|turn|21
|
|switch|p1a: Clefable|Clefable, F|364\/394
|switch|p2a: Magnezone|Magnezone|247\/281
|-damage|p2a: Magnezone|230\/281|[from] Stealth Rock
|
|-heal|p1a: Clefable|388\/394|[from] item: Leftovers
|turn|22
|
|switch|p1a: Breloom|Breloom, M|246\/262
|-damage|p1a: Breloom|230\/262|[from] Stealth Rock
|move|p2a: Magnezone|Flash Cannon|p1a: Breloom
|-damage|p1a: Breloom|2\/262
|
|turn|23
|
|switch|p2a: Latias|Latias, F|264\/301 slp
|-damage|p2a: Latias|227\/301 slp|[from] Stealth Rock
|move|p1a: Breloom|Superpower|p2a: Latias
|-resisted|p2a: Latias
|-damage|p2a: Latias|112\/301 slp
|-unboost|p1a: Breloom|atk|1
|-unboost|p1a: Breloom|def|1
|
|turn|24
|
|switch|p1a: Medicham|Medicham, F|261\/261
|-damage|p1a: Medicham|245\/261|[from] Stealth Rock
|cant|p2a: Latias|slp
|
|turn|25
|
|detailschange|p1a: Medicham|Medicham-Mega, F
|message|Medicham has Mega Evolved into Mega Medicham!
|move|p1a: Medicham|Fake Out|p2a: Latias
|-damage|p2a: Latias|17\/301 slp
|cant|p2a: Latias|slp
|
|turn|26
|
|-curestatus|p2a: Latias|slp
|move|p2a: Latias|Draco Meteor|p1a: Medicham
|-damage|p1a: Medicham|0 fnt
|-unboost|p2a: Latias|spa|2
|-damage|p2a: Latias|0 fnt|[from] item: Life Orb
|faint|p1a: Medicham
|faint|p2a: Latias
|
|-message|ben69 forfeited.
|
|win|Gwerkit
|raw|Ladder updating...
|leave|ben69
|player|p1
|raw|ben69's rating: 1746 &rarr; <strong>1724<\/strong><br \/>(-22 for losing)
|raw|Gwerkit's rating: 1710 &rarr; <strong>1732<\/strong><br \/>(+22 for winning)