|join|lil manaphy
|join|ben69
|player|p1|lil manaphy|6
|player|p2|ben69|1
|gametype|singles
|gen|6
|tier|OU
|rated
|clearpoke
|poke|p1|Scizor, M
|poke|p1|Gothitelle, F
|poke|p1|Zapdos
|poke|p1|Alomomola, M
|poke|p1|Chansey, F
|poke|p1|Cresselia, F
|poke|p2|Medicham, F
|poke|p2|Gengar, F
|poke|p2|Suicune
|poke|p2|Clefable, M
|poke|p2|Kyurem-Black
|poke|p2|Talonflame, M
|rule|Swagger Clause: Swagger is banned
|rule|Baton Pass Clause: Limit one PokÃ©mon knowing Baton Pass
|rule|Sleep Clause Mod: Limit one foe put to sleep
|rule|Species Clause: Limit one of each PokÃ©mon
|rule|OHKO Clause: OHKO moves are banned
|rule|Moody Clause: Moody is banned
|rule|Evasion Moves Clause: Evasion moves are banned
|rule|Endless Battle Clause: Forcing endless battles is banned
|rule|HP Percentage Mod: HP is shown in percentages
|teampreview
|
|start
|switch|p1a: celestica|Cresselia, F|444\/444
|switch|p2a: Clefable|Clefable, M|394\/394
|turn|1
|c|âben69|blobs and blobs
|
|move|p2a: Clefable|Magic Coat|p2a: Clefable
|-singleturn|p2a: Clefable|move: Magic Coat
|move|p1a: celestica|Toxic|p2a: Clefable
|move|p2a: Clefable|Toxic|p1a: celestica|[from]Magic Coat
|-status|p1a: celestica|tox
|
|-damage|p1a: celestica|417\/444 tox|[from] psn
|turn|2
|
|switch|p1a: suffocation|Gothitelle, F|301\/301
|move|p2a: Clefable|Stealth Rock|p1a: suffocation
|-sidestart|p1: lil manaphy|move: Stealth Rock
|
|turn|3
|
|move|p1a: suffocation|Trick|p2a: Clefable
|-activate|p1a: suffocation|move: Trick|[of] p2a: Clefable
|-item|p2a: Clefable|Choice Scarf|[from] move: Trick
|-item|p1a: suffocation|Leftovers|[from] move: Trick
|move|p2a: Clefable|Moonblast|p1a: suffocation
|-damage|p1a: suffocation|189\/301
|
|-heal|p1a: suffocation|207\/301|[from] item: Leftovers
|turn|4
|
|move|p1a: suffocation|Calm Mind|p1a: suffocation
|-boost|p1a: suffocation|spa|1
|-boost|p1a: suffocation|spd|1
|move|p2a: Clefable|Moonblast|p1a: suffocation
|-damage|p1a: suffocation|101\/301
|-unboost|p1a: suffocation|spa|1
|
|-heal|p1a: suffocation|119\/301|[from] item: Leftovers
|turn|5
|c|âben69|dont waste time i come in and ohko it
|
|move|p1a: suffocation|Calm Mind|p1a: suffocation
|-boost|p1a: suffocation|spa|1
|-boost|p1a: suffocation|spd|1
|move|p2a: Clefable|Moonblast|p1a: suffocation
|-damage|p1a: suffocation|8\/301
|
|-heal|p1a: suffocation|26\/301|[from] item: Leftovers
|turn|6
|
|move|p1a: suffocation|Rest|p1a: suffocation
|-status|p1a: suffocation|slp
|-heal|p1a: suffocation|301\/301 slp|[silent]
|-status|p1a: suffocation|slp|[from] move: Rest
|move|p2a: Clefable|Moonblast|p1a: suffocation
|-damage|p1a: suffocation|196\/301 slp
|
|-heal|p1a: suffocation|214\/301 slp|[from] item: Leftovers
|turn|7
|join|HaxUseingSun
|
|switch|p1a: local pap smear|Zapdos|384\/384
|-damage|p1a: local pap smear|288\/384|[from] Stealth Rock
|-ability|p1a: local pap smear|Pressure
|move|p2a: Clefable|Moonblast|p1a: local pap smear
|-damage|p1a: local pap smear|173\/384
|
|-heal|p1a: local pap smear|197\/384|[from] item: Leftovers
|turn|8
|c|âlil manaphy|with scarf outrage
|
|switch|p2a: Kyurem-Black|Kyurem-Black|391\/391
|-ability|p2a: Kyurem-Black|Teravolt
|move|p1a: local pap smear|Defog|p2a: Kyurem-Black
|-unboost|p2a: Kyurem-Black|evasion|1
|-sideend|p1: lil manaphy|Stealth Rock|[from] move: Defog|[of] p1a: local pap smear
|
|-heal|p1a: local pap smear|221\/384|[from] item: Leftovers
|turn|9
|c|âlil manaphy|thnx for revealing the set
|
|switch|p1a: empathy|Alomomola, M|530\/530
|move|p2a: Kyurem-Black|Ice Beam|p1a: empathy
|-resisted|p1a: empathy
|-damage|p1a: empathy|382\/530
|-damage|p2a: Kyurem-Black|352\/391|[from] item: Life Orb
|
|-heal|p1a: empathy|415\/530|[from] item: Leftovers
|turn|10
|
|move|p2a: Kyurem-Black|Fusion Bolt|p1a: empathy
|-supereffective|p1a: empathy
|-damage|p1a: empathy|61\/530
|-damage|p2a: Kyurem-Black|313\/391|[from] item: Life Orb
|move|p1a: empathy|Toxic|p2a: Kyurem-Black
|-status|p2a: Kyurem-Black|tox
|
|-heal|p1a: empathy|94\/530|[from] item: Leftovers
|-damage|p2a: Kyurem-Black|289\/391 tox|[from] psn
|turn|11
|
|switch|p2a: Medicham|Medicham, F|262\/262
|move|p1a: empathy|Protect|p1a: empathy
|-fail|p1a: empathy
|
|-heal|p1a: empathy|127\/530|[from] item: Leftovers
|turn|12
|
|switch|p1a: celestica|Cresselia, F|417\/444 tox
|detailschange|p2a: Medicham|Medicham-Mega, F
|message|Medicham has Mega Evolved into Mega Medicham!
|move|p2a: Medicham|Substitute|p2a: Medicham
|-start|p2a: Medicham|Substitute
|-damage|p2a: Medicham|197\/262
|
|-heal|p1a: celestica|444\/444 tox|[from] item: Leftovers
|-damage|p1a: celestica|417\/444 tox|[from] psn
|turn|13
|
|move|p2a: Medicham|Zen Headbutt|p1a: celestica|[miss]
|-miss|p2a: Medicham|p1a: celestica
|move|p1a: celestica|Psychic|p2a: Medicham
|-end|p2a: Medicham|Substitute
|
|-heal|p1a: celestica|444\/444 tox|[from] item: Leftovers
|-damage|p1a: celestica|390\/444 tox|[from] psn
|turn|14
|
|switch|p2a: Suicune|Suicune|342\/342
|-ability|p2a: Suicune|Pressure
|move|p1a: celestica|Psychic|p2a: Suicune
|-damage|p2a: Suicune|270\/342
|
|-heal|p2a: Suicune|291\/342|[from] item: Leftovers
|-heal|p1a: celestica|417\/444 tox|[from] item: Leftovers
|-damage|p1a: celestica|336\/444 tox|[from] psn
|turn|15
|
|move|p2a: Suicune|Calm Mind|p2a: Suicune
|-boost|p2a: Suicune|spa|1
|-boost|p2a: Suicune|spd|1
|move|p1a: celestica|Skill Swap|p2a: Suicune
|-ability|p1a: celestica|Pressure
|-activate|p1a: celestica|move: Skill Swap|Pressure|Levitate|[of] p2a: Suicune
|
|-heal|p2a: Suicune|312\/342|[from] item: Leftovers
|-heal|p1a: celestica|363\/444 tox|[from] item: Leftovers
|-damage|p1a: celestica|255\/444 tox|[from] psn
|turn|16
|
|switch|p1a: mega lopunny|Scizor, M|343\/343
|move|p2a: Suicune|Calm Mind|p2a: Suicune
|-boost|p2a: Suicune|spa|1
|-boost|p2a: Suicune|spd|1
|
|-heal|p2a: Suicune|333\/342|[from] item: Leftovers
|turn|17
|
|switch|p1a: affection|Chansey, F|704\/704
|move|p2a: Suicune|Scald|p1a: affection
|-damage|p1a: affection|596\/704
|-status|p1a: affection|brn
|
|-heal|p2a: Suicune|342\/342|[from] item: Leftovers
|-damage|p1a: affection|508\/704 brn|[from] brn
|turn|18
|
|move|p2a: Suicune|Calm Mind|p2a: Suicune
|-boost|p2a: Suicune|spa|1
|-boost|p2a: Suicune|spd|1
|move|p1a: affection|Stealth Rock|p2a: Suicune
|-sidestart|p2: ben69|move: Stealth Rock
|
|-damage|p1a: affection|420\/704 brn|[from] brn
|turn|19
|
|move|p2a: Suicune|Calm Mind|p2a: Suicune
|-boost|p2a: Suicune|spa|1
|-boost|p2a: Suicune|spd|1
|move|p1a: affection|Soft-Boiled|p1a: affection
|-heal|p1a: affection|704\/704 brn
|
|-damage|p1a: affection|616\/704 brn|[from] brn
|turn|20
|join|ox the box
|
|switch|p1a: mega lopunny|Scizor, M|343\/343
|move|p2a: Suicune|Calm Mind|p2a: Suicune
|-boost|p2a: Suicune|spa|1
|-boost|p2a: Suicune|spd|1
|
|turn|21
|
|switch|p1a: affection|Chansey, F|616\/704
|move|p2a: Suicune|Scald|p1a: affection
|-damage|p1a: affection|429\/704
|-status|p1a: affection|brn
|
|-damage|p1a: affection|341\/704 brn|[from] brn
|turn|22
|
|move|p2a: Suicune|Calm Mind|p2a: Suicune
|-boost|p2a: Suicune|spa|1
|-boost|p2a: Suicune|spd|1
|move|p1a: affection|Soft-Boiled|p1a: affection
|-heal|p1a: affection|693\/704 brn
|
|-damage|p1a: affection|605\/704 brn|[from] brn
|turn|23
|
|switch|p1a: suffocation|Gothitelle, F|214\/301 slp
|move|p2a: Suicune|Scald|p1a: suffocation
|-damage|p1a: suffocation|0 fnt
|faint|p1a: suffocation
|
|c| ox the box|man ben u really needed hazards up
|
|switch|p1a: affection|Chansey, F|605\/704
|turn|24
|join|Celtis3459
|
|move|p2a: Suicune|Scald|p1a: affection
|-damage|p1a: affection|386\/704
|move|p1a: affection|Thunder Wave|p2a: Suicune
|-status|p2a: Suicune|par
|
|turn|25
|
|move|p1a: affection|Soft-Boiled|p1a: affection
|-heal|p1a: affection|704\/704
|cant|p2a: Suicune|par
|
|turn|26
|
|move|p1a: affection|Seismic Toss|p2a: Suicune
|-damage|p2a: Suicune|242\/342 par
|move|p2a: Suicune|Scald|p1a: affection
|-damage|p1a: affection|478\/704
|
|-heal|p2a: Suicune|263\/342 par|[from] item: Leftovers
|turn|27
|
|move|p1a: affection|Seismic Toss|p2a: Suicune
|-damage|p2a: Suicune|163\/342 par
|move|p2a: Suicune|Rest|p2a: Suicune
|-status|p2a: Suicune|slp
|-heal|p2a: Suicune|342\/342 slp|[silent]
|-status|p2a: Suicune|slp|[from] move: Rest
|
|turn|28
|
|cant|p2a: Suicune|slp
|move|p2a: Suicune|Sleep Talk|p2a: Suicune
|move|p2a: Suicune|Scald|p1a: affection|[from]Sleep Talk
|-damage|p1a: affection|247\/704
|-status|p1a: affection|brn
|move|p1a: affection|Soft-Boiled|p1a: affection
|-heal|p1a: affection|599\/704 brn
|
|-damage|p1a: affection|511\/704 brn|[from] brn
|turn|29
|
|cant|p2a: Suicune|slp
|move|p2a: Suicune|Sleep Talk|p2a: Suicune
|move|p2a: Suicune|Calm Mind|p2a: Suicune|[from]Sleep Talk
|-fail|p2a: Suicune
|move|p1a: affection|Soft-Boiled|p1a: affection
|-heal|p1a: affection|704\/704 brn
|
|-damage|p1a: affection|616\/704 brn|[from] brn
|turn|30
|
|switch|p2a: Clefable|Clefable, M|394\/394
|-damage|p2a: Clefable|345\/394|[from] Stealth Rock
|move|p1a: affection|Thunder Wave|p2a: Clefable
|-status|p2a: Clefable|par
|
|-damage|p1a: affection|528\/704 brn|[from] brn
|turn|31
|
|switch|p1a: mega lopunny|Scizor, M|343\/343
|move|p2a: Clefable|Stealth Rock|p1a: mega lopunny
|-sidestart|p1: lil manaphy|move: Stealth Rock
|
|turn|32
|join|CSS)bleachzxzx
|
|switch|p2a: Suicune|Suicune|342\/342 slp
|-damage|p2a: Suicune|300\/342 slp|[from] Stealth Rock
|-ability|p2a: Suicune|Pressure
|detailschange|p1a: mega lopunny|Scizor-Mega, M
|message|Scizor has Mega Evolved into Mega Scizor!
|move|p1a: mega lopunny|Swords Dance|p1a: mega lopunny
|-boost|p1a: mega lopunny|atk|2
|
|-heal|p2a: Suicune|321\/342 slp|[from] item: Leftovers
|turn|33
|
|-curestatus|p2a: Suicune|slp
|move|p2a: Suicune|Sleep Talk|p2a: Suicune
|-fail|p2a: Suicune
|move|p1a: mega lopunny|Swords Dance|p1a: mega lopunny
|-boost|p1a: mega lopunny|atk|2
|
|-heal|p2a: Suicune|342\/342|[from] item: Leftovers
|turn|34
|
|move|p2a: Suicune|Scald|p1a: mega lopunny
|-damage|p1a: mega lopunny|262\/343
|move|p1a: mega lopunny|Superpower|p2a: Suicune
|-damage|p2a: Suicune|7\/342
|-unboost|p1a: mega lopunny|atk|1
|-unboost|p1a: mega lopunny|def|1
|
|-heal|p2a: Suicune|28\/342|[from] item: Leftovers
|turn|35
|
|move|p1a: mega lopunny|Bullet Punch|p2a: Suicune
|-resisted|p2a: Suicune
|-damage|p2a: Suicune|0 fnt
|faint|p2a: Suicune
|
|
|switch|p2a: Talonflame|Talonflame, M|298\/298
|-damage|p2a: Talonflame|149\/298|[from] Stealth Rock
|turn|36
|
|move|p1a: mega lopunny|Bullet Punch|p2a: Talonflame
|-resisted|p2a: Talonflame
|-damage|p2a: Talonflame|0 fnt
|faint|p2a: Talonflame
|
|c|âlil manaphy|gg
|-message|ben69 forfeited.
|
|win|lil manaphy
|raw|Ladder updating...
|leave|ben69
|player|p2
|raw|lil manaphy's rating: 1970 &rarr; <strong>1981<\/strong><br \/>(+11 for winning)
|raw|ben69's rating: 1818 &rarr; <strong>1806<\/strong><br \/>(-12 for losing)
|leave|ox the box
|leave|CSS)bleachzxzx
|join|Drimarvon
|leave|Drimarvon
|join|CSS)bleachzxzx
|leave|CSS)bleachzxzx