|join|ben69
|join|IcyFireDelta
|player|p1|ben69|101
|player|p2|IcyFireDelta|274
|gametype|singles
|gen|6
|tier|OU
|rated
|clearpoke
|poke|p1|Celebi
|poke|p1|Heatran, F
|poke|p1|Scizor, M
|poke|p1|Azumarill, F
|poke|p1|Gliscor, F
|poke|p1|Talonflame, F
|poke|p2|Conkeldurr, M
|poke|p2|Kyurem-Black
|poke|p2|Talonflame, F
|poke|p2|Scizor, F
|poke|p2|Latias, F
|poke|p2|Stunfisk, F
|rule|Swagger Clause: Swagger is banned
|rule|Baton Pass Clause: Limit one PokÃ©mon knowing Baton Pass
|rule|Sleep Clause Mod: Limit one foe put to sleep
|rule|Species Clause: Limit one of each PokÃ©mon
|rule|OHKO Clause: OHKO moves are banned
|rule|Moody Clause: Moody is banned
|rule|Evasion Moves Clause: Evasion moves are banned
|rule|Endless Battle Clause: Forcing endless battles is banned
|rule|HP Percentage Mod: HP is shown in percentages
|teampreview
|
|start
|switch|p1a: Talonflame|Talonflame, F|359\/359
|switch|p2a: Scizor|Scizor, F|282\/282
|turn|1
|
|switch|p2a: Stunfisk|Stunfisk, F|422\/422
|move|p1a: Talonflame|Will-O-Wisp|p2a: Stunfisk
|-status|p2a: Stunfisk|brn
|
|-damage|p2a: Stunfisk|370\/422 brn|[from] brn
|turn|2
|
|switch|p1a: Gliscor|Gliscor, F|352\/352
|move|p2a: Stunfisk|Stealth Rock|p1a: Gliscor
|-sidestart|p1: ben69|move: Stealth Rock
|
|-damage|p2a: Stunfisk|318\/422 brn|[from] brn
|-status|p1a: Gliscor|tox|[from] item: Toxic Orb
|turn|3
|
|switch|p2a: Conkeldurr|Conkeldurr, M|414\/414
|move|p1a: Gliscor|Earthquake|p2a: Conkeldurr
|-damage|p2a: Conkeldurr|300\/414
|
|turn|4
|
|switch|p1a: Azumarill|Azumarill, F|401\/401
|-damage|p1a: Azumarill|351\/401|[from] Stealth Rock
|move|p2a: Conkeldurr|Ice Punch|p1a: Azumarill
|-resisted|p1a: Azumarill
|-damage|p1a: Azumarill|276\/401
|-damage|p2a: Conkeldurr|259\/414|[from] item: Life Orb
|
|turn|5
|
|move|p1a: Azumarill|Play Rough|p2a: Conkeldurr
|-supereffective|p2a: Conkeldurr
|-damage|p2a: Conkeldurr|0 fnt
|faint|p2a: Conkeldurr
|
|
|switch|p2a: Scizor|Scizor, F|282\/282
|turn|6
|
|move|p2a: Scizor|Swords Dance|p2a: Scizor
|-boost|p2a: Scizor|atk|2
|move|p1a: Azumarill|Waterfall|p2a: Scizor
|-damage|p2a: Scizor|120\/282
|
|turn|7
|
|switch|p1a: Heatran|Heatran, F|386\/386
|-damage|p1a: Heatran|338\/386|[from] Stealth Rock
|move|p2a: Scizor|Bullet Punch|p1a: Heatran
|-resisted|p1a: Heatran
|-damage|p1a: Heatran|281\/386
|
|-heal|p1a: Heatran|305\/386|[from] item: Leftovers
|turn|8
|
|move|p2a: Scizor|Natural Gift|p1a: Heatran
|-supereffective|p1a: Heatran
|-damage|p1a: Heatran|0 fnt
|faint|p1a: Heatran
|
|
|switch|p1a: Talonflame|Talonflame, F|359\/359
|-damage|p1a: Talonflame|180\/359|[from] Stealth Rock
|turn|9
|
|switch|p2a: Stunfisk|Stunfisk, F|318\/422 brn
|move|p1a: Talonflame|Roost|p1a: Talonflame
|-heal|p1a: Talonflame|359\/359
|
|-damage|p2a: Stunfisk|266\/422 brn|[from] brn
|turn|10
|
|switch|p1a: Gliscor|Gliscor, F|352\/352 tox
|-damage|p1a: Gliscor|308\/352 tox|[from] Stealth Rock
|move|p2a: Stunfisk|Scald|p1a: Gliscor
|-supereffective|p1a: Gliscor
|-damage|p1a: Gliscor|200\/352 tox
|
|-heal|p1a: Gliscor|244\/352 tox|[from] ability: Poison Heal
|-damage|p2a: Stunfisk|214\/422 brn|[from] brn
|turn|11
|
|switch|p2a: Talonflame|Talonflame, F|298\/298
|move|p1a: Gliscor|Acrobatics|p2a: Talonflame
|-damage|p2a: Talonflame|208\/298
|
|-heal|p1a: Gliscor|288\/352 tox|[from] ability: Poison Heal
|turn|12
|
|move|p2a: Talonflame|Swords Dance|p2a: Talonflame
|-boost|p2a: Talonflame|atk|2
|move|p1a: Gliscor|Roost|p1a: Gliscor
|-heal|p1a: Gliscor|352\/352 tox
|
|turn|13
|
|switch|p1a: Talonflame|Talonflame, F|359\/359
|-damage|p1a: Talonflame|180\/359|[from] Stealth Rock
|move|p2a: Talonflame|Swords Dance|p2a: Talonflame
|-boost|p2a: Talonflame|atk|2
|
|-heal|p1a: Talonflame|202\/359|[from] item: Leftovers
|turn|14
|
|move|p2a: Talonflame|Acrobatics|p1a: Talonflame
|-damage|p1a: Talonflame|0 fnt
|faint|p1a: Talonflame
|
|-message|ben69 forfeited.
|
|win|IcyFireDelta
|raw|Ladder updating...
|raw|ben69's rating: 1392 &rarr; <strong>1373<\/strong><br \/>(-19 for losing)
|raw|IcyFireDelta's rating: 1414 &rarr; <strong>1433<\/strong><br \/>(+19 for winning)
|leave|ben69
|player|p1