|join|ben69
|join|lil manaphy
|player|p1|ben69|266
|player|p2|lil manaphy|272
|gametype|singles
|gen|6
|tier|OU
|rated
|clearpoke
|poke|p1|Victini
|poke|p1|Dugtrio, F
|poke|p1|Rotom-Wash
|poke|p1|Bisharp, M
|poke|p1|Ferrothorn, M
|poke|p1|Slowbro, M
|poke|p2|Lopunny, F
|poke|p2|Manaphy
|poke|p2|Scizor, M
|poke|p2|Celebi
|poke|p2|Heatran, M
|poke|p2|Mandibuzz, F
|rule|Swagger Clause: Swagger is banned
|rule|Baton Pass Clause: Limit one PokÃ©mon knowing Baton Pass
|rule|Sleep Clause Mod: Limit one foe put to sleep
|rule|Species Clause: Limit one of each PokÃ©mon
|rule|OHKO Clause: OHKO moves are banned
|rule|Moody Clause: Moody is banned
|rule|Evasion Moves Clause: Evasion moves are banned
|rule|Endless Battle Clause: Forcing endless battles is banned
|rule|HP Percentage Mod: HP is shown in percentages
|teampreview
|join|Neolize
|
|start
|switch|p1a: Haunted|Rotom-Wash|304\/304
|switch|p2a: still bigger than|Manaphy|341\/341
|turn|1
|
|switch|p2a: just my onion|Celebi|404\/404
|move|p1a: Haunted|Volt Switch|p2a: just my onion
|-crit|p2a: just my onion
|-resisted|p2a: just my onion
|-damage|p2a: just my onion|357\/404
|
|switch|p1a: Tremble|Victini|355\/355
|
|-heal|p2a: just my onion|382\/404|[from] item: Leftovers
|turn|2
|
|switch|p2a: im walling everyth|Mandibuzz, F|423\/423
|move|p1a: Tremble|U-turn|p2a: im walling everyth
|-damage|p2a: im walling everyth|343\/423
|-damage|p1a: Tremble|296\/355|[from] item: Rocky Helmet|[of] p2a: im walling everyth
|
|switch|p1a: Nibbler|Dugtrio, F|211\/211
|
|turn|3
|
|move|p1a: Nibbler|Toxic|p2a: im walling everyth
|-status|p2a: im walling everyth|tox
|move|p2a: im walling everyth|Foul Play|p1a: Nibbler
|-enditem|p1a: Nibbler|Focus Sash
|-damage|p1a: Nibbler|1\/211
|
|-damage|p2a: im walling everyth|317\/423 tox|[from] psn
|turn|4
|
|switch|p1a: Knubbler|Ferrothorn, M|352\/352
|move|p2a: im walling everyth|Roost|p2a: im walling everyth
|-heal|p2a: im walling everyth|423\/423 tox
|
|-damage|p2a: im walling everyth|371\/423 tox|[from] psn
|turn|5
|
|switch|p1a: Nibbler|Dugtrio, F|1\/211
|move|p2a: im walling everyth|Taunt|p1a: Nibbler
|-start|p1a: Nibbler|move: Taunt
|
|-damage|p2a: im walling everyth|293\/423 tox|[from] psn
|turn|6
|
|switch|p1a: Tremble|Victini|296\/355
|switch|p2a: business|Scizor, M|343\/343
|
|turn|7
|
|move|p1a: Tremble|V-create|p2a: business
|-supereffective|p2a: business
|-damage|p2a: business|0 fnt
|-unboost|p1a: Tremble|def|1
|-unboost|p1a: Tremble|spd|1
|-unboost|p1a: Tremble|spe|1
|faint|p2a: business
|
|
|switch|p2a: bean curd puff|Heatran, M|386\/386
|turn|8
|
|switch|p1a: Haunted|Rotom-Wash|304\/304
|move|p2a: bean curd puff|Lava Plume|p1a: Haunted
|-resisted|p1a: Haunted
|-damage|p1a: Haunted|255\/304
|
|-heal|p1a: Haunted|274\/304|[from] item: Leftovers
|turn|9
|
|move|p1a: Haunted|Hydro Pump|p2a: bean curd puff
|-supereffective|p2a: bean curd puff
|-damage|p2a: bean curd puff|216\/386
|move|p2a: bean curd puff|Toxic|p1a: Haunted
|-status|p1a: Haunted|tox
|
|-heal|p1a: Haunted|293\/304 tox|[from] item: Leftovers
|-heal|p2a: bean curd puff|240\/386|[from] item: Leftovers
|-damage|p1a: Haunted|274\/304 tox|[from] psn
|turn|10
|
|switch|p1a: Nibbler|Dugtrio, F|1\/211
|move|p2a: bean curd puff|Stealth Rock|p1a: Nibbler
|-sidestart|p1: ben69|move: Stealth Rock
|
|-heal|p2a: bean curd puff|264\/386|[from] item: Leftovers
|turn|11
|
|move|p1a: Nibbler|Earthquake|p2a: bean curd puff
|-supereffective|p2a: bean curd puff
|-damage|p2a: bean curd puff|0 fnt
|faint|p2a: bean curd puff
|
|
|switch|p2a: Couture|Lopunny, F|271\/271
|turn|12
|
|switch|p1a: Knubbler|Ferrothorn, M|352\/352
|-damage|p1a: Knubbler|330\/352|[from] Stealth Rock
|detailschange|p2a: Couture|Lopunny-Mega, F
|-mega|p2a: Couture|Lopunny|Lopunnite
|move|p2a: Couture|Fake Out|p1a: Knubbler
|-resisted|p1a: Knubbler
|-damage|p1a: Knubbler|305\/352
|-damage|p2a: Couture|238\/271|[from] ability: Iron Barbs|[of] p1a: Knubbler
|-damage|p2a: Couture|193\/271|[from] item: Rocky Helmet|[of] p1a: Knubbler
|
|turn|13
|
|switch|p1a: Nibbler|Dugtrio, F|1\/211
|-damage|p1a: Nibbler|0 fnt|[from] Stealth Rock
|faint|p1a: Nibbler
|move|p2a: Couture|Drain Punch|p1: Nibbler|[notarget]
|-notarget
|
|
|switch|p1a: Pirouette forme|Slowbro, M|393\/393
|-damage|p1a: Pirouette forme|344\/393|[from] Stealth Rock
|turn|14
|
|switch|p2a: still bigger than|Manaphy|341\/341
|detailschange|p1a: Pirouette forme|Slowbro-Mega, M
|-mega|p1a: Pirouette forme|Slowbro|Slowbronite
|move|p1a: Pirouette forme|Calm Mind|p1a: Pirouette forme
|-boost|p1a: Pirouette forme|spa|1
|-boost|p1a: Pirouette forme|spd|1
|
|turn|15
|
|move|p2a: still bigger than|Tail Glow|p2a: still bigger than
|-boost|p2a: still bigger than|spa|3
|move|p1a: Pirouette forme|Psyshock|p2a: still bigger than
|-damage|p2a: still bigger than|169\/341
|
|-heal|p2a: still bigger than|190\/341|[from] item: Leftovers
|turn|16
|
|switch|p1a: Knubbler|Ferrothorn, M|305\/352
|-damage|p1a: Knubbler|283\/352|[from] Stealth Rock
|move|p2a: still bigger than|Scald|p1a: Knubbler
|-resisted|p1a: Knubbler
|-damage|p1a: Knubbler|180\/352
|
|-heal|p2a: still bigger than|211\/341|[from] item: Leftovers
|turn|17
|
|move|p2a: still bigger than|Scald|p1a: Knubbler
|-resisted|p1a: Knubbler
|-damage|p1a: Knubbler|69\/352
|-status|p1a: Knubbler|brn
|move|p1a: Knubbler|Leech Seed|p2a: still bigger than|[miss]
|-miss|p1a: Knubbler|p2a: still bigger than
|
|-heal|p2a: still bigger than|232\/341|[from] item: Leftovers
|-damage|p1a: Knubbler|25\/352 brn|[from] brn
|turn|18
|
|move|p2a: still bigger than|Scald|p1a: Knubbler
|-resisted|p1a: Knubbler
|-damage|p1a: Knubbler|0 fnt
|faint|p1a: Knubbler
|
|-heal|p2a: still bigger than|253\/341|[from] item: Leftovers
|
|switch|p1a: Haunted|Rotom-Wash|274\/304 tox
|-damage|p1a: Haunted|236\/304 tox|[from] Stealth Rock
|turn|19
|
|move|p2a: still bigger than|Psychic|p1a: Haunted
|-damage|p1a: Haunted|24\/304 tox
|move|p1a: Haunted|Volt Switch|p2a: still bigger than
|-supereffective|p2a: still bigger than
|-damage|p2a: still bigger than|91\/341
|
|switch|p1a: Sucker|Bisharp, M|271\/271
|-damage|p1a: Sucker|255\/271|[from] Stealth Rock
|
|-heal|p2a: still bigger than|112\/341|[from] item: Leftovers
|turn|20
|
|move|p1a: Sucker|Sucker Punch|p2a: still bigger than
|-crit|p2a: still bigger than
|-damage|p2a: still bigger than|0 fnt
|-damage|p1a: Sucker|228\/271|[from] item: Life Orb
|faint|p2a: still bigger than
|
|
|switch|p2a: Couture|Lopunny-Mega, F|193\/271
|turn|21
|
|switch|p1a: Haunted|Rotom-Wash|24\/304 tox
|-damage|p1a: Haunted|0 fnt|[from] Stealth Rock
|faint|p1a: Haunted
|move|p2a: Couture|Power-Up Punch|p1: Haunted|[notarget]
|-notarget
|
|
|switch|p1a: Pirouette forme|Slowbro-Mega, M|344\/393
|-damage|p1a: Pirouette forme|295\/393|[from] Stealth Rock
|turn|22
|
|switch|p2a: just my onion|Celebi|382\/404
|move|p1a: Pirouette forme|Calm Mind|p1a: Pirouette forme
|-boost|p1a: Pirouette forme|spa|1
|-boost|p1a: Pirouette forme|spd|1
|
|-heal|p2a: just my onion|404\/404|[from] item: Leftovers
|turn|23
|
|move|p2a: just my onion|Giga Drain|p1a: Pirouette forme
|-supereffective|p1a: Pirouette forme
|-damage|p1a: Pirouette forme|151\/393
|move|p1a: Pirouette forme|Slack Off|p1a: Pirouette forme
|-heal|p1a: Pirouette forme|348\/393
|
|turn|24
|
|move|p2a: just my onion|Perish Song|p2a: just my onion
|-fieldactivate|move: Perish Song
|move|p1a: Pirouette forme|Calm Mind|p1a: Pirouette forme
|-boost|p1a: Pirouette forme|spa|1
|-boost|p1a: Pirouette forme|spd|1
|
|-start|p2a: just my onion|perish3
|-start|p1a: Pirouette forme|perish3
|turn|25
|
|move|p2a: just my onion|Giga Drain|p1a: Pirouette forme
|-supereffective|p1a: Pirouette forme
|-damage|p1a: Pirouette forme|246\/393
|move|p1a: Pirouette forme|Scald|p2a: just my onion
|-resisted|p2a: just my onion
|-damage|p2a: just my onion|313\/404
|-status|p2a: just my onion|brn
|
|-start|p2a: just my onion|perish2
|-start|p1a: Pirouette forme|perish2
|-heal|p2a: just my onion|338\/404 brn|[from] item: Leftovers
|-damage|p2a: just my onion|288\/404 brn|[from] brn
|turn|26
|
|switch|p1a: Tremble|Victini|296\/355
|-damage|p1a: Tremble|208\/355|[from] Stealth Rock
|move|p2a: just my onion|Giga Drain|p1a: Tremble
|-resisted|p1a: Tremble
|-damage|p1a: Tremble|166\/355
|-heal|p2a: just my onion|309\/404 brn|[from] drain|[of] p1a: Tremble
|
|-start|p2a: just my onion|perish1
|-heal|p2a: just my onion|334\/404 brn|[from] item: Leftovers
|-damage|p2a: just my onion|284\/404 brn|[from] brn
|turn|27
|
|switch|p2a: im walling everyth|Mandibuzz, F|293\/423 tox
|move|p1a: Tremble|Bolt Strike|p2a: im walling everyth
|-supereffective|p2a: im walling everyth
|-damage|p2a: im walling everyth|11\/423 tox
|-damage|p1a: Tremble|107\/355|[from] item: Rocky Helmet|[of] p2a: im walling everyth
|
|-damage|p2a: im walling everyth|0 fnt|[from] psn
|faint|p2a: im walling everyth
|
|switch|p2a: Couture|Lopunny-Mega, F|193\/271
|turn|28
|
|switch|p1a: Pirouette forme|Slowbro-Mega, M|246\/393
|-damage|p1a: Pirouette forme|197\/393|[from] Stealth Rock
|move|p2a: Couture|Fake Out|p1a: Pirouette forme
|-damage|p1a: Pirouette forme|160\/393
|
|turn|29
|
|switch|p2a: just my onion|Celebi|284\/404
|move|p1a: Pirouette forme|Slack Off|p1a: Pirouette forme
|-heal|p1a: Pirouette forme|357\/393
|
|-heal|p2a: just my onion|309\/404|[from] item: Leftovers
|turn|30
|
|move|p2a: just my onion|Giga Drain|p1a: Pirouette forme
|-supereffective|p1a: Pirouette forme
|-damage|p1a: Pirouette forme|141\/393
|-heal|p2a: just my onion|404\/404|[from] drain|[of] p1a: Pirouette forme
|move|p1a: Pirouette forme|Psyshock|p2a: just my onion
|-resisted|p2a: just my onion
|-damage|p2a: just my onion|347\/404
|
|-heal|p2a: just my onion|372\/404|[from] item: Leftovers
|turn|31
|
|switch|p2a: Couture|Lopunny-Mega, F|193\/271
|switch|p1a: Sucker|Bisharp, M|228\/271
|-damage|p1a: Sucker|212\/271|[from] Stealth Rock
|
|turn|32
|
|move|p1a: Sucker|Sucker Punch|p2a: Couture
|-crit|p2a: Couture
|-resisted|p2a: Couture
|-damage|p2a: Couture|31\/271
|-damage|p1a: Sucker|185\/271|[from] item: Life Orb
|move|p2a: Couture|Drain Punch|p1a: Sucker
|-supereffective|p1a: Sucker
|-damage|p1a: Sucker|0 fnt
|-heal|p2a: Couture|124\/271|[from] drain|[of] p1a: Sucker
|faint|p1a: Sucker
|
|
|switch|p1a: Pirouette forme|Slowbro-Mega, M|141\/393
|-damage|p1a: Pirouette forme|92\/393|[from] Stealth Rock
|turn|33
|
|move|p2a: Couture|Return|p1a: Pirouette forme
|-damage|p1a: Pirouette forme|0 fnt
|faint|p1a: Pirouette forme
|
|-message|ben69 forfeited.
|leave|ben69
|leave|Neolize
|
|win|lil manaphy
|raw|Ladder updating...
|player|p1
|raw|ben69's rating: 1744 &rarr; <strong>1725<\/strong><br \/>(-19 for losing)
|raw|lil manaphy's rating: 1767 &rarr; <strong>1786<\/strong><br \/>(+19 for winning)