|join|Here To GG
|join|ben69
|player|p1|Here To GG|148
|player|p2|ben69|1
|gametype|singles
|gen|6
|tier|OU
|rated
|clearpoke
|poke|p1|Charizard, M
|poke|p1|Gothitelle, F
|poke|p1|Skarmory, F
|poke|p1|Keldeo
|poke|p1|Dragonite, M
|poke|p1|Clefable, F
|poke|p2|Manaphy
|poke|p2|Scizor, M
|poke|p2|Thundurus, M
|poke|p2|Landorus-Therian, M
|poke|p2|Zapdos
|poke|p2|Diggersby, M
|rule|Swagger Clause: Swagger is banned
|rule|Baton Pass Clause: Limit one PokÃ©mon knowing Baton Pass
|rule|Sleep Clause Mod: Limit one foe put to sleep
|rule|Species Clause: Limit one of each PokÃ©mon
|rule|OHKO Clause: OHKO moves are banned
|rule|Moody Clause: Moody is banned
|rule|Evasion Moves Clause: Evasion moves are banned
|rule|Endless Battle Clause: Forcing endless battles is banned
|rule|HP Percentage Mod: HP is shown in percentages
|teampreview
|
|start
|switch|p1a: Gothitelle|Gothitelle, F|281\/281
|switch|p2a: Thundurus|Thundurus, M|299\/299
|turn|1
|join|Train4U
|
|move|p1a: Gothitelle|Psychic|p2a: Thundurus
|-damage|p2a: Thundurus|161\/299
|move|p2a: Thundurus|Volt Switch|p1a: Gothitelle
|-damage|p1a: Gothitelle|184\/281
|
|switch|p2a: Scizor|Scizor, M|344\/344
|
|turn|2
|
|switch|p1a: Charizard|Charizard, M|297\/297
|detailschange|p2a: Scizor|Scizor-Mega, M
|-mega|p2a: Scizor|Scizor|Scizorite
|move|p2a: Scizor|U-turn|p1a: Charizard
|-resisted|p1a: Charizard
|-damage|p1a: Charizard|258\/297
|
|switch|p2a: Thundurus|Thundurus, M|161\/299
|
|-heal|p2a: Thundurus|179\/299|[from] item: Leftovers
|turn|3
|leave|Train4U
|
|detailschange|p1a: Charizard|Charizard-Mega-X, M
|-mega|p1a: Charizard|Charizard|Charizardite X
|move|p2a: Thundurus|Thunder Wave|p1a: Charizard
|-status|p1a: Charizard|par
|move|p1a: Charizard|Dragon Claw|p2a: Thundurus
|-damage|p2a: Thundurus|0 fnt
|faint|p2a: Thundurus
|
|
|switch|p2a: Landorus-Therian|Landorus-Therian, M|381\/381
|-ability|p2a: Landorus-Therian|Intimidate|[of] p1a: Charizard
|-unboost|p1a: Charizard|atk|1
|turn|4
|
|switch|p1a: Skarmory|Skarmory, F|333\/333
|move|p2a: Landorus-Therian|Stealth Rock|p1a: Skarmory
|-sidestart|p1: Here To GG|move: Stealth Rock
|
|turn|5
|
|move|p2a: Landorus-Therian|U-turn|p1a: Skarmory
|-resisted|p1a: Skarmory
|-damage|p1a: Skarmory|323\/333
|-damage|p2a: Landorus-Therian|318\/381|[from] item: Rocky Helmet|[of] p1a: Skarmory
|
|switch|p2a: Zapdos|Zapdos|338\/338
|-ability|p2a: Zapdos|Pressure
|move|p1a: Skarmory|Defog|p2a: Zapdos
|-unboost|p2a: Zapdos|evasion|1
|-sideend|p1: Here To GG|Stealth Rock|[from] move: Defog|[of] p1a: Skarmory
|
|turn|6
|
|switch|p1a: Clefable|Clefable, F|394\/394
|move|p2a: Zapdos|Thunderbolt|p1a: Clefable
|-damage|p1a: Clefable|226\/394
|-damage|p2a: Zapdos|305\/338|[from] item: Life Orb
|
|-heal|p1a: Clefable|250\/394|[from] item: Leftovers
|turn|7
|
|move|p2a: Zapdos|Volt Switch|p1a: Clefable
|-damage|p1a: Clefable|124\/394
|-damage|p2a: Zapdos|272\/338|[from] item: Life Orb
|
|switch|p2a: Landorus-Therian|Landorus-Therian, M|318\/381
|-ability|p2a: Landorus-Therian|Intimidate|[of] p1a: Clefable
|-unboost|p1a: Clefable|atk|1
|move|p1a: Clefable|Wish|p1a: Clefable
|
|-heal|p2a: Landorus-Therian|341\/381|[from] item: Leftovers
|-heal|p1a: Clefable|148\/394|[from] item: Leftovers
|turn|8
|
|move|p2a: Landorus-Therian|Earthquake|p1a: Clefable
|-crit|p1a: Clefable
|-damage|p1a: Clefable|0 fnt
|faint|p1a: Clefable
|
|-heal|p2a: Landorus-Therian|364\/381|[from] item: Leftovers
|
|switch|p1a: Keldeo|Keldeo|323\/323
|turn|9
|
|switch|p1a: Gothitelle|Gothitelle, F|184\/281
|move|p2a: Landorus-Therian|Earthquake|p1a: Gothitelle
|-damage|p1a: Gothitelle|0 fnt
|faint|p1a: Gothitelle
|
|-heal|p2a: Landorus-Therian|381\/381|[from] item: Leftovers
|
|switch|p1a: Keldeo|Keldeo|323\/323
|turn|10
|-message|Here To GG forfeited.
|leave|Here To GG
|
|win|ben69
|raw|Ladder updating...
|player|p1
|raw|heretogg's rating: 1636 &rarr; <strong>1622<\/strong><br \/>(-14 for losing)
|raw|ben69's rating: 1745 &rarr; <strong>1759<\/strong><br \/>(+14 for winning)