|join|ben69
|join|FIREEEE
|player|p1|ben69|1
|player|p2|FIREEEE|23
|gametype|singles
|gen|6
|tier|OU
|rated
|clearpoke
|poke|p1|Manaphy
|poke|p1|Scizor, F
|poke|p1|Thundurus, M
|poke|p1|Landorus-Therian, M
|poke|p1|Zapdos
|poke|p1|Diggersby, M
|poke|p2|Chansey, F
|poke|p2|Scizor, F
|poke|p2|Gliscor, F
|poke|p2|Zapdos
|poke|p2|Slowbro, M
|poke|p2|Heatran, M
|rule|Swagger Clause: Swagger is banned
|rule|Baton Pass Clause: Limit one PokÃ©mon knowing Baton Pass
|rule|Sleep Clause Mod: Limit one foe put to sleep
|rule|Species Clause: Limit one of each PokÃ©mon
|rule|OHKO Clause: OHKO moves are banned
|rule|Moody Clause: Moody is banned
|rule|Evasion Moves Clause: Evasion moves are banned
|rule|Endless Battle Clause: Forcing endless battles is banned
|rule|HP Percentage Mod: HP is shown in percentages
|teampreview
|
|start
|switch|p1a: Thundurus|Thundurus, M|299\/299
|switch|p2a: Scizor|Scizor, F|323\/323
|turn|1
|
|switch|p2a: Zapdos|Zapdos|384\/384
|-ability|p2a: Zapdos|Pressure
|move|p1a: Thundurus|Volt Switch|p2a: Zapdos
|-damage|p2a: Zapdos|251\/384
|
|switch|p1a: Diggersby|Diggersby, M|311\/311
|
|-heal|p2a: Zapdos|275\/384|[from] item: Leftovers
|turn|2
|
|switch|p2a: Scizor|Scizor, F|323\/323
|move|p1a: Diggersby|U-turn|p2a: Scizor
|-resisted|p2a: Scizor
|-damage|p2a: Scizor|273\/323
|c|âFIREEEE|Sorry about my lag, I've closed most tabs but it never seems to really stop
|c|âben69|no worries
|
|switch|p1a: Zapdos|Zapdos|338\/338
|-ability|p1a: Zapdos|Pressure
|
|turn|3
|
|switch|p2a: Gliscor|Gliscor, F|354\/354
|move|p1a: Zapdos|Volt Switch|p2a: Gliscor
|-immune|p2a: Gliscor|[msg]
|
|-status|p2a: Gliscor|tox|[from] item: Toxic Orb
|turn|4
|
|move|p1a: Zapdos|Hidden Power|p2a: Gliscor
|-supereffective|p2a: Gliscor
|-damage|p2a: Gliscor|0 fnt
|faint|p2a: Gliscor
|
|
|switch|p2a: Chansey|Chansey, F|641\/641
|turn|5
|
|move|p1a: Zapdos|Volt Switch|p2a: Chansey
|-damage|p2a: Chansey|589\/641
|
|switch|p1a: Landorus-Therian|Landorus-Therian, M|381\/381
|-ability|p1a: Landorus-Therian|Intimidate|[of] p2a: Chansey
|-unboost|p2a: Chansey|atk|1
|move|p2a: Chansey|Stealth Rock|p1a: Landorus-Therian
|-sidestart|p1: ben69|move: Stealth Rock
|
|turn|6
|
|switch|p2a: Scizor|Scizor, F|273\/323
|move|p1a: Landorus-Therian|Stealth Rock|p2a: Scizor
|-sidestart|p2: FIREEEE|move: Stealth Rock
|
|turn|7
|
|detailschange|p2a: Scizor|Scizor-Mega, F
|-mega|p2a: Scizor|Scizor|Scizorite
|move|p1a: Landorus-Therian|Earthquake|p2a: Scizor
|-damage|p2a: Scizor|144\/323
|move|p2a: Scizor|Swords Dance|p2a: Scizor
|-boost|p2a: Scizor|atk|2
|
|turn|8
|
|move|p1a: Landorus-Therian|U-turn|p2a: Scizor
|-resisted|p2a: Scizor
|-damage|p2a: Scizor|115\/323
|
|switch|p1a: Zapdos|Zapdos|338\/338
|-damage|p1a: Zapdos|254\/338|[from] Stealth Rock
|-ability|p1a: Zapdos|Pressure
|move|p2a: Scizor|Roost|p2a: Scizor
|-heal|p2a: Scizor|277\/323
|
|-heal|p1a: Zapdos|275\/338|[from] item: Leftovers
|turn|9
|
|switch|p2a: Chansey|Chansey, F|589\/641
|-damage|p2a: Chansey|509\/641|[from] Stealth Rock
|move|p1a: Zapdos|Heat Wave|p2a: Chansey
|-damage|p2a: Chansey|460\/641
|
|-heal|p1a: Zapdos|296\/338|[from] item: Leftovers
|turn|10
|
|move|p1a: Zapdos|Volt Switch|p2a: Chansey
|-damage|p2a: Chansey|397\/641
|
|switch|p1a: Scizor|Scizor, F|344\/344
|-damage|p1a: Scizor|301\/344|[from] Stealth Rock
|move|p2a: Chansey|Seismic Toss|p1a: Scizor
|-damage|p1a: Scizor|201\/344
|
|turn|11
|
|switch|p2a: Zapdos|Zapdos|275\/384
|-damage|p2a: Zapdos|179\/384|[from] Stealth Rock
|-ability|p2a: Zapdos|Pressure
|detailschange|p1a: Scizor|Scizor-Mega, F
|-mega|p1a: Scizor|Scizor|Scizorite
|move|p1a: Scizor|Swords Dance|p1a: Scizor
|-boost|p1a: Scizor|atk|2
|
|-heal|p2a: Zapdos|203\/384|[from] item: Leftovers
|turn|12
|
|switch|p1a: Landorus-Therian|Landorus-Therian, M|381\/381
|-damage|p1a: Landorus-Therian|334\/381|[from] Stealth Rock
|-ability|p1a: Landorus-Therian|Intimidate|[of] p2a: Zapdos
|-unboost|p2a: Zapdos|atk|1
|move|p2a: Zapdos|Roost|p2a: Zapdos
|-heal|p2a: Zapdos|384\/384
|
|-heal|p1a: Landorus-Therian|357\/381|[from] item: Leftovers
|turn|13
|
|move|p2a: Zapdos|Heat Wave|p1a: Landorus-Therian
|-damage|p1a: Landorus-Therian|250\/381
|move|p1a: Landorus-Therian|Stone Edge|p2a: Zapdos|[miss]
|-miss|p1a: Landorus-Therian|p2a: Zapdos
|
|-heal|p1a: Landorus-Therian|273\/381|[from] item: Leftovers
|turn|14
|
|move|p2a: Zapdos|Heat Wave|p1a: Landorus-Therian
|-damage|p1a: Landorus-Therian|161\/381
|move|p1a: Landorus-Therian|Stone Edge|p2a: Zapdos
|-supereffective|p2a: Zapdos
|-damage|p2a: Zapdos|208\/384
|
|-heal|p2a: Zapdos|232\/384|[from] item: Leftovers
|-heal|p1a: Landorus-Therian|184\/381|[from] item: Leftovers
|turn|15
|
|move|p2a: Zapdos|Roost|p2a: Zapdos
|-heal|p2a: Zapdos|384\/384
|move|p1a: Landorus-Therian|Earthquake|p2a: Zapdos
|-supereffective|p2a: Zapdos
|-damage|p2a: Zapdos|94\/384
|
|-heal|p2a: Zapdos|118\/384|[from] item: Leftovers
|-heal|p1a: Landorus-Therian|207\/381|[from] item: Leftovers
|turn|16
|
|move|p2a: Zapdos|Roost|p2a: Zapdos
|-heal|p2a: Zapdos|310\/384
|move|p1a: Landorus-Therian|Earthquake|p2a: Zapdos
|-supereffective|p2a: Zapdos
|-damage|p2a: Zapdos|14\/384
|
|-heal|p2a: Zapdos|38\/384|[from] item: Leftovers
|-heal|p1a: Landorus-Therian|230\/381|[from] item: Leftovers
|turn|17
|
|move|p2a: Zapdos|Roost|p2a: Zapdos
|-heal|p2a: Zapdos|230\/384
|move|p1a: Landorus-Therian|Stone Edge|p2a: Zapdos|[miss]
|-miss|p1a: Landorus-Therian|p2a: Zapdos
|
|-heal|p2a: Zapdos|254\/384|[from] item: Leftovers
|-heal|p1a: Landorus-Therian|253\/381|[from] item: Leftovers
|turn|18
|
|move|p2a: Zapdos|Heat Wave|p1a: Landorus-Therian
|-damage|p1a: Landorus-Therian|134\/381
|move|p1a: Landorus-Therian|Stone Edge|p2a: Zapdos
|-supereffective|p2a: Zapdos
|-damage|p2a: Zapdos|52\/384
|
|-heal|p2a: Zapdos|76\/384|[from] item: Leftovers
|-heal|p1a: Landorus-Therian|157\/381|[from] item: Leftovers
|turn|19
|
|move|p2a: Zapdos|Heat Wave|p1a: Landorus-Therian
|-damage|p1a: Landorus-Therian|50\/381
|move|p1a: Landorus-Therian|Earthquake|p2a: Zapdos
|-immune|p2a: Zapdos|[msg]
|
|-heal|p2a: Zapdos|100\/384|[from] item: Leftovers
|-heal|p1a: Landorus-Therian|73\/381|[from] item: Leftovers
|turn|20
|
|move|p2a: Zapdos|Thunderbolt|p1a: Landorus-Therian
|-immune|p1a: Landorus-Therian|[msg]
|move|p1a: Landorus-Therian|Earthquake|p2a: Zapdos
|-immune|p2a: Zapdos|[msg]
|
|-heal|p2a: Zapdos|124\/384|[from] item: Leftovers
|-heal|p1a: Landorus-Therian|96\/381|[from] item: Leftovers
|turn|21
|
|move|p2a: Zapdos|Heat Wave|p1a: Landorus-Therian
|-damage|p1a: Landorus-Therian|0 fnt
|faint|p1a: Landorus-Therian
|
|-heal|p2a: Zapdos|148\/384|[from] item: Leftovers
|
|switch|p1a: Thundurus|Thundurus, M|299\/299
|-damage|p1a: Thundurus|225\/299|[from] Stealth Rock
|turn|22
|
|move|p1a: Thundurus|Hidden Power|p2a: Zapdos
|-supereffective|p2a: Zapdos
|-damage|p2a: Zapdos|0 fnt
|faint|p2a: Zapdos
|
|-heal|p1a: Thundurus|243\/299|[from] item: Leftovers
|
|switch|p2a: Heatran|Heatran, M|386\/386
|-damage|p2a: Heatran|338\/386|[from] Stealth Rock
|turn|23
|
|switch|p1a: Manaphy|Manaphy|361\/361
|-damage|p1a: Manaphy|316\/361|[from] Stealth Rock
|move|p2a: Heatran|Toxic|p1a: Manaphy
|-status|p1a: Manaphy|tox
|
|-heal|p1a: Manaphy|338\/361 tox|[from] item: Leftovers
|-heal|p2a: Heatran|362\/386|[from] item: Leftovers
|-damage|p1a: Manaphy|316\/361 tox|[from] psn
|turn|24
|
|move|p1a: Manaphy|U-turn|p2a: Heatran
|-resisted|p2a: Heatran
|-damage|p2a: Heatran|352\/386
|
|switch|p1a: Zapdos|Zapdos|296\/338
|-damage|p1a: Zapdos|212\/338|[from] Stealth Rock
|-ability|p1a: Zapdos|Pressure
|move|p2a: Heatran|Roar|p1a: Zapdos
|drag|p1a: Manaphy|Manaphy|316\/361 tox
|-damage|p1a: Manaphy|271\/361 tox|[from] Stealth Rock
|
|-heal|p1a: Manaphy|293\/361 tox|[from] item: Leftovers
|-heal|p2a: Heatran|376\/386|[from] item: Leftovers
|-damage|p1a: Manaphy|271\/361 tox|[from] psn
|turn|25
|
|move|p2a: Heatran|Protect|p2a: Heatran
|-singleturn|p2a: Heatran|Protect
|move|p1a: Manaphy|Scald|p2a: Heatran
|-activate|p2a: Heatran|Protect
|
|-heal|p1a: Manaphy|293\/361 tox|[from] item: Leftovers
|-heal|p2a: Heatran|386\/386|[from] item: Leftovers
|-damage|p1a: Manaphy|249\/361 tox|[from] psn
|turn|26
|
|move|p1a: Manaphy|Scald|p2a: Heatran
|-supereffective|p2a: Heatran
|-damage|p2a: Heatran|206\/386
|move|p2a: Heatran|Lava Plume|p1a: Manaphy
|-crit|p1a: Manaphy
|-resisted|p1a: Manaphy
|-damage|p1a: Manaphy|165\/361 tox
|
|-heal|p1a: Manaphy|187\/361 tox|[from] item: Leftovers
|-heal|p2a: Heatran|230\/386|[from] item: Leftovers
|-damage|p1a: Manaphy|121\/361 tox|[from] psn
|turn|27
|
|switch|p2a: Slowbro|Slowbro, M|394\/394
|-damage|p2a: Slowbro|345\/394|[from] Stealth Rock
|move|p1a: Manaphy|Tail Glow|p1a: Manaphy
|-boost|p1a: Manaphy|spa|3
|
|-heal|p1a: Manaphy|143\/361 tox|[from] item: Leftovers
|-heal|p2a: Slowbro|369\/394|[from] item: Leftovers
|-damage|p1a: Manaphy|55\/361 tox|[from] psn
|turn|28
|
|switch|p2a: Heatran|Heatran, M|230\/386
|-damage|p2a: Heatran|182\/386|[from] Stealth Rock
|move|p1a: Manaphy|Scald|p2a: Heatran
|-supereffective|p2a: Heatran
|-damage|p2a: Heatran|0 fnt
|faint|p2a: Heatran
|
|-heal|p1a: Manaphy|77\/361 tox|[from] item: Leftovers
|-damage|p1a: Manaphy|0 fnt|[from] psn
|faint|p1a: Manaphy
|
|switch|p1a: Thundurus|Thundurus, M|243\/299
|switch|p2a: Chansey|Chansey, F|397\/641
|-damage|p1a: Thundurus|169\/299|[from] Stealth Rock
|-damage|p2a: Chansey|317\/641|[from] Stealth Rock
|turn|29
|
|move|p1a: Thundurus|Taunt|p2a: Chansey
|-start|p2a: Chansey|move: Taunt
|move|p2a: Chansey|Seismic Toss|p1a: Thundurus
|-damage|p1a: Thundurus|69\/299
|
|-heal|p1a: Thundurus|87\/299|[from] item: Leftovers
|turn|30
|
|move|p1a: Thundurus|Volt Switch|p2a: Chansey
|-damage|p2a: Chansey|254\/641
|
|switch|p1a: Diggersby|Diggersby, M|311\/311
|-damage|p1a: Diggersby|292\/311|[from] Stealth Rock
|move|p2a: Chansey|Seismic Toss|p1a: Diggersby
|-damage|p1a: Diggersby|192\/311
|
|turn|31
|
|switch|p2a: Slowbro|Slowbro, M|394\/394
|-damage|p2a: Slowbro|345\/394|[from] Stealth Rock
|move|p1a: Diggersby|Earthquake|p2a: Slowbro
|-damage|p2a: Slowbro|176\/394
|
|-heal|p2a: Slowbro|200\/394|[from] item: Leftovers
|turn|32
|
|switch|p1a: Thundurus|Thundurus, M|87\/299
|-damage|p1a: Thundurus|13\/299|[from] Stealth Rock
|move|p2a: Slowbro|Slack Off|p2a: Slowbro
|-heal|p2a: Slowbro|394\/394
|
|-heal|p1a: Thundurus|31\/299|[from] item: Leftovers
|turn|33
|
|move|p1a: Thundurus|Volt Switch|p2a: Slowbro
|-supereffective|p2a: Slowbro
|-damage|p2a: Slowbro|110\/394
|
|switch|p1a: Zapdos|Zapdos|212\/338
|-damage|p1a: Zapdos|128\/338|[from] Stealth Rock
|-ability|p1a: Zapdos|Pressure
|move|p2a: Slowbro|Slack Off|p2a: Slowbro
|-heal|p2a: Slowbro|307\/394
|
|-heal|p1a: Zapdos|149\/338|[from] item: Leftovers
|-heal|p2a: Slowbro|331\/394|[from] item: Leftovers
|turn|34
|
|switch|p2a: Scizor|Scizor-Mega, F|277\/323
|-damage|p2a: Scizor|237\/323|[from] Stealth Rock
|move|p1a: Zapdos|Heat Wave|p2a: Scizor
|-supereffective|p2a: Scizor
|-damage|p2a: Scizor|0 fnt
|faint|p2a: Scizor
|
|-heal|p1a: Zapdos|170\/338|[from] item: Leftovers
|c|âFIREEEE|nice
|
|switch|p2a: Chansey|Chansey, F|254\/641
|-damage|p2a: Chansey|174\/641|[from] Stealth Rock
|turn|35
|
|move|p1a: Zapdos|Toxic|p2a: Chansey
|-status|p2a: Chansey|tox
|move|p2a: Chansey|Soft-Boiled|p2a: Chansey
|-heal|p2a: Chansey|495\/641 tox
|
|-heal|p1a: Zapdos|191\/338|[from] item: Leftovers
|-damage|p2a: Chansey|455\/641 tox|[from] psn
|turn|36
|
|move|p1a: Zapdos|Volt Switch|p2a: Chansey
|-damage|p2a: Chansey|397\/641 tox
|
|switch|p1a: Scizor|Scizor-Mega, F|201\/344
|-damage|p1a: Scizor|158\/344|[from] Stealth Rock
|move|p2a: Chansey|Seismic Toss|p1a: Scizor
|-damage|p1a: Scizor|58\/344
|
|-damage|p2a: Chansey|317\/641 tox|[from] psn
|turn|37
|
|switch|p2a: Slowbro|Slowbro, M|394\/394
|-damage|p2a: Slowbro|345\/394|[from] Stealth Rock
|move|p1a: Scizor|Roost|p1a: Scizor
|-heal|p1a: Scizor|230\/344
|
|-heal|p2a: Slowbro|369\/394|[from] item: Leftovers
|turn|38
|
|move|p1a: Scizor|U-turn|p2a: Slowbro
|-supereffective|p2a: Slowbro
|-damage|p2a: Slowbro|201\/394
|
|switch|p1a: Thundurus|Thundurus, M|31\/299
|-damage|p1a: Thundurus|0 fnt|[from] Stealth Rock
|faint|p1a: Thundurus
|move|p2a: Slowbro|Scald|p1: Thundurus|[notarget]
|-notarget
|
|-heal|p2a: Slowbro|225\/394|[from] item: Leftovers
|
|switch|p1a: Zapdos|Zapdos|191\/338
|-damage|p1a: Zapdos|107\/338|[from] Stealth Rock
|-ability|p1a: Zapdos|Pressure
|turn|39
|
|switch|p2a: Chansey|Chansey, F|317\/641
|-damage|p2a: Chansey|237\/641|[from] Stealth Rock
|move|p1a: Zapdos|Volt Switch|p2a: Chansey
|-damage|p2a: Chansey|183\/641
|
|switch|p1a: Diggersby|Diggersby, M|192\/311
|-damage|p1a: Diggersby|173\/311|[from] Stealth Rock
|
|turn|40
|
|move|p1a: Diggersby|Return|p2a: Chansey
|-damage|p2a: Chansey|0 fnt
|faint|p2a: Chansey
|
|
|switch|p2a: Slowbro|Slowbro, M|356\/394
|-damage|p2a: Slowbro|307\/394|[from] Stealth Rock
|turn|41
|
|move|p1a: Diggersby|Return|p2a: Slowbro
|-damage|p2a: Slowbro|141\/394
|move|p2a: Slowbro|Slack Off|p2a: Slowbro
|-heal|p2a: Slowbro|338\/394
|
|-heal|p2a: Slowbro|362\/394|[from] item: Leftovers
|turn|42
|
|move|p1a: Diggersby|Return|p2a: Slowbro
|-damage|p2a: Slowbro|206\/394
|move|p2a: Slowbro|Slack Off|p2a: Slowbro
|-heal|p2a: Slowbro|394\/394
|
|turn|43
|
|move|p1a: Diggersby|Return|p2a: Slowbro
|-damage|p2a: Slowbro|241\/394
|move|p2a: Slowbro|Scald|p1a: Diggersby
|-supereffective|p1a: Diggersby
|-damage|p1a: Diggersby|0 fnt
|faint|p1a: Diggersby
|
|-heal|p2a: Slowbro|265\/394|[from] item: Leftovers
|
|switch|p1a: Zapdos|Zapdos|107\/338
|-damage|p1a: Zapdos|23\/338|[from] Stealth Rock
|-ability|p1a: Zapdos|Pressure
|turn|44
|c|âFIREEEE|but will it kill? that is the question
|
|move|p1a: Zapdos|Toxic|p2a: Slowbro
|-status|p2a: Slowbro|tox
|move|p2a: Slowbro|Slack Off|p2a: Slowbro
|-heal|p2a: Slowbro|394\/394 tox
|
|-heal|p1a: Zapdos|44\/338|[from] item: Leftovers
|-damage|p2a: Slowbro|370\/394 tox|[from] psn
|turn|45
|
|move|p1a: Zapdos|Volt Switch|p2a: Slowbro
|-supereffective|p2a: Slowbro
|-damage|p2a: Slowbro|88\/394 tox
|
|switch|p1a: Scizor|Scizor-Mega, F|230\/344
|-damage|p1a: Scizor|187\/344|[from] Stealth Rock
|move|p2a: Slowbro|Scald|p1a: Scizor
|-damage|p1a: Scizor|111\/344
|
|-heal|p2a: Slowbro|112\/394 tox|[from] item: Leftovers
|-damage|p2a: Slowbro|64\/394 tox|[from] psn
|turn|46
|c|âFIREEEE|gg, well done
|c|âben69|gg
|
|move|p1a: Scizor|U-turn|p2a: Slowbro
|-supereffective|p2a: Slowbro
|-damage|p2a: Slowbro|0 fnt
|faint|p2a: Slowbro
|
|win|ben69
|raw|Ladder updating...
|raw|ben69's rating: 1727 &rarr; <strong>1742<\/strong><br \/>(+15 for winning)
|raw|FIREEEE's rating: 1630 &rarr; <strong>1615<\/strong><br \/>(-15 for losing)