|join|rnd900
|join|ben69
|player|p1|rnd900|170
|player|p2|ben69|1
|gametype|singles
|gen|6
|tier|OU
|rated
|clearpoke
|poke|p1|Lopunny, F
|poke|p1|Gliscor, M
|poke|p1|Heatran, M
|poke|p1|Latias, F
|poke|p1|Dragonite, F
|poke|p1|Azumarill, F
|poke|p2|Manaphy
|poke|p2|Scizor, F
|poke|p2|Thundurus, M
|poke|p2|Landorus-Therian, M
|poke|p2|Gengar, F
|poke|p2|Diggersby, M
|rule|Swagger Clause: Swagger is banned
|rule|Baton Pass Clause: Limit one PokÃ©mon knowing Baton Pass
|rule|Sleep Clause Mod: Limit one foe put to sleep
|rule|Species Clause: Limit one of each PokÃ©mon
|rule|OHKO Clause: OHKO moves are banned
|rule|Moody Clause: Moody is banned
|rule|Evasion Moves Clause: Evasion moves are banned
|rule|Endless Battle Clause: Forcing endless battles is banned
|rule|HP Percentage Mod: HP is shown in percentages
|teampreview
|
|start
|switch|p1a: Heatran|Heatran, M|324\/324
|switch|p2a: Thundurus|Thundurus, M|299\/299
|-item|p1a: Heatran|Air Balloon
|turn|1
|
|move|p2a: Thundurus|Volt Switch|p1a: Heatran
|-damage|p1a: Heatran|212\/324
|-enditem|p1a: Heatran|Air Balloon
|
|switch|p2a: Manaphy|Manaphy|361\/361
|move|p1a: Heatran|Stealth Rock|p2a: Manaphy
|-sidestart|p2: ben69|move: Stealth Rock
|
|turn|2
|
|switch|p1a: Latias|Latias, F|302\/302
|move|p2a: Manaphy|U-turn|p1a: Latias
|-supereffective|p1a: Latias
|-damage|p1a: Latias|190\/302
|
|switch|p2a: Scizor|Scizor, F|343\/343
|-damage|p2a: Scizor|301\/343|[from] Stealth Rock
|
|turn|3
|
|switch|p1a: Gliscor|Gliscor, M|352\/352
|detailschange|p2a: Scizor|Scizor-Mega, F
|-mega|p2a: Scizor|Scizor|Scizorite
|move|p2a: Scizor|U-turn|p1a: Gliscor
|-resisted|p1a: Gliscor
|-damage|p1a: Gliscor|295\/352
|
|switch|p2a: Manaphy|Manaphy|361\/361
|-damage|p2a: Manaphy|316\/361|[from] Stealth Rock
|
|-heal|p2a: Manaphy|338\/361|[from] item: Leftovers
|-status|p1a: Gliscor|tox|[from] item: Toxic Orb
|turn|4
|
|switch|p1a: Azumarill|Azumarill, F|401\/401
|move|p2a: Manaphy|Scald|p1a: Azumarill
|-resisted|p1a: Azumarill
|-damage|p1a: Azumarill|350\/401
|
|-heal|p2a: Manaphy|360\/361|[from] item: Leftovers
|turn|5
|
|switch|p1a: Arceus Jr.|Dragonite, F|323\/323
|move|p2a: Manaphy|U-turn|p1a: Arceus Jr.
|-resisted|p1a: Arceus Jr.
|-damage|p1a: Arceus Jr.|311\/323
|
|switch|p2a: Landorus-Therian|Landorus-Therian, M|381\/381
|-damage|p2a: Landorus-Therian|334\/381|[from] Stealth Rock
|-ability|p2a: Landorus-Therian|Intimidate|[of] p1a: Arceus Jr.
|-unboost|p1a: Arceus Jr.|atk|1
|
|-heal|p2a: Landorus-Therian|357\/381|[from] item: Leftovers
|turn|6
|
|switch|p1a: Gliscor|Gliscor, M|295\/352 tox
|move|p2a: Landorus-Therian|Stone Edge|p1a: Gliscor
|-damage|p1a: Gliscor|203\/352 tox
|
|-heal|p2a: Landorus-Therian|380\/381|[from] item: Leftovers
|-heal|p1a: Gliscor|247\/352 tox|[from] ability: Poison Heal
|turn|7
|
|move|p1a: Gliscor|Swords Dance|p1a: Gliscor
|-boost|p1a: Gliscor|atk|2
|move|p2a: Landorus-Therian|Stealth Rock|p1a: Gliscor
|-sidestart|p1: rnd900|move: Stealth Rock
|
|-heal|p2a: Landorus-Therian|381\/381|[from] item: Leftovers
|-heal|p1a: Gliscor|291\/352 tox|[from] ability: Poison Heal
|turn|8
|
|move|p1a: Gliscor|Baton Pass|p1a: Gliscor
|
|switch|p1a: Azumarill|Azumarill, F|350\/401
|-damage|p1a: Azumarill|300\/401|[from] Stealth Rock
|move|p2a: Landorus-Therian|U-turn|p1a: Azumarill
|-resisted|p1a: Azumarill
|-damage|p1a: Azumarill|252\/401
|
|switch|p2a: Manaphy|Manaphy|360\/361
|-damage|p2a: Manaphy|315\/361|[from] Stealth Rock
|
|-heal|p2a: Manaphy|337\/361|[from] item: Leftovers
|turn|9
|
|move|p2a: Manaphy|U-turn|p1a: Azumarill
|-resisted|p1a: Azumarill
|-damage|p1a: Azumarill|224\/401
|
|switch|p2a: Landorus-Therian|Landorus-Therian, M|381\/381
|-damage|p2a: Landorus-Therian|334\/381|[from] Stealth Rock
|-ability|p2a: Landorus-Therian|Intimidate|[of] p1a: Azumarill
|-unboost|p1a: Azumarill|atk|1
|move|p1a: Azumarill|Play Rough|p2a: Landorus-Therian
|-crit|p2a: Landorus-Therian
|-damage|p2a: Landorus-Therian|0 fnt
|faint|p2a: Landorus-Therian
|
|
|switch|p2a: Scizor|Scizor-Mega, F|301\/343
|-damage|p2a: Scizor|259\/343|[from] Stealth Rock
|turn|10
|
|move|p2a: Scizor|Bullet Punch|p1a: Azumarill
|-crit|p1a: Azumarill
|-damage|p1a: Azumarill|23\/401
|move|p1a: Azumarill|Waterfall|p2a: Scizor
|-damage|p2a: Scizor|81\/343
|
|turn|11
|
|switch|p1a: Heatran|Heatran, M|212\/324
|-damage|p1a: Heatran|172\/324|[from] Stealth Rock
|move|p2a: Scizor|Roost|p2a: Scizor
|-heal|p2a: Scizor|253\/343
|
|turn|12
|
|switch|p2a: Manaphy|Manaphy|337\/361
|-damage|p2a: Manaphy|292\/361|[from] Stealth Rock
|move|p1a: Heatran|Will-O-Wisp|p2a: Manaphy
|-status|p2a: Manaphy|brn
|
|-heal|p2a: Manaphy|314\/361 brn|[from] item: Leftovers
|-damage|p2a: Manaphy|269\/361 brn|[from] brn
|turn|13
|c|ârnd900|was that a good play, buddy?
|
|switch|p1a: Latias|Latias, F|190\/302
|-damage|p1a: Latias|153\/302|[from] Stealth Rock
|move|p2a: Manaphy|Rain Dance|p2a: Manaphy
|-weather|RainDance
|
|-weather|RainDance|[upkeep]
|-curestatus|p2a: Manaphy|brn
|-heal|p2a: Manaphy|291\/361|[from] item: Leftovers
|turn|14
|
|switch|p2a: Scizor|Scizor-Mega, F|253\/343
|-damage|p2a: Scizor|211\/343|[from] Stealth Rock
|move|p1a: Latias|Psyshock|p2a: Scizor
|-resisted|p2a: Scizor
|-damage|p2a: Scizor|153\/343
|-damage|p1a: Latias|123\/302|[from] item: Life Orb
|
|-weather|RainDance|[upkeep]
|turn|15
|
|switch|p1a: Heatran|Heatran, M|172\/324
|-damage|p1a: Heatran|132\/324|[from] Stealth Rock
|move|p2a: Scizor|Roost|p2a: Scizor
|-heal|p2a: Scizor|325\/343
|
|-weather|RainDance|[upkeep]
|turn|16
|
|switch|p1a: Lopunny|Lopunny, F|272\/272
|-damage|p1a: Lopunny|238\/272|[from] Stealth Rock
|switch|p2a: Manaphy|Manaphy|291\/361
|-damage|p2a: Manaphy|246\/361|[from] Stealth Rock
|
|-weather|RainDance|[upkeep]
|-heal|p2a: Manaphy|268\/361|[from] item: Leftovers
|turn|17
|
|switch|p2a: Thundurus|Thundurus, M|299\/299
|-damage|p2a: Thundurus|225\/299|[from] Stealth Rock
|detailschange|p1a: Lopunny|Lopunny-Mega, F
|-mega|p1a: Lopunny|Lopunny|Lopunnite
|move|p1a: Lopunny|Return|p2a: Thundurus
|-damage|p2a: Thundurus|0 fnt
|faint|p2a: Thundurus
|
|-weather|none
|
|switch|p2a: Diggersby|Diggersby, M|311\/311
|-damage|p2a: Diggersby|292\/311|[from] Stealth Rock
|turn|18
|
|switch|p1a: Azumarill|Azumarill, F|23\/401
|-damage|p1a: Azumarill|0 fnt|[from] Stealth Rock
|faint|p1a: Azumarill
|move|p2a: Diggersby|Return|p1: Azumarill|[notarget]
|-notarget
|
|
|switch|p1a: Arceus Jr.|Dragonite, F|311\/323
|-damage|p1a: Arceus Jr.|231\/323|[from] Stealth Rock
|turn|19
|
|move|p1a: Arceus Jr.|Extreme Speed|p2a: Diggersby
|-damage|p2a: Diggersby|93\/311
|move|p2a: Diggersby|Return|p1a: Arceus Jr.
|-damage|p1a: Arceus Jr.|0 fnt
|faint|p1a: Arceus Jr.
|
|
|switch|p1a: Gliscor|Gliscor, M|291\/352 tox
|-damage|p1a: Gliscor|247\/352 tox|[from] Stealth Rock
|turn|20
|
|move|p2a: Diggersby|Return|p1a: Gliscor
|-crit|p1a: Gliscor
|-damage|p1a: Gliscor|0 fnt
|faint|p1a: Gliscor
|
|c|ârnd900|lmao
|
|switch|p1a: Heatran|Heatran, M|132\/324
|-damage|p1a: Heatran|92\/324|[from] Stealth Rock
|turn|21
|
|move|p2a: Diggersby|Return|p1a: Heatran
|-resisted|p1a: Heatran
|-damage|p1a: Heatran|0 fnt
|faint|p1a: Heatran
|
|c|ârnd900|fucking retards gettin wins because of hax
|c|ârnd900|jesus
|c|ârnd900|this game sucks
|
|switch|p1a: Lopunny|Lopunny-Mega, F|238\/272
|-damage|p1a: Lopunny|221\/272|[from] Stealth Rock
|turn|22
|
|move|p1a: Lopunny|Quick Attack|p2a: Diggersby
|-damage|p2a: Diggersby|0 fnt
|faint|p2a: Diggersby
|
|
|switch|p2a: Scizor|Scizor-Mega, F|325\/343
|-damage|p2a: Scizor|283\/343|[from] Stealth Rock
|turn|23
|
|move|p2a: Scizor|Bullet Punch|p1a: Lopunny
|-damage|p1a: Lopunny|107\/272
|move|p1a: Lopunny|Drain Punch|p2a: Scizor
|-damage|p2a: Scizor|180\/343
|-heal|p1a: Lopunny|159\/272|[from] drain|[of] p2a: Scizor
|
|turn|24
|
|move|p1a: Lopunny|High Jump Kick|p2a: Scizor
|-damage|p2a: Scizor|0 fnt
|faint|p2a: Scizor
|
|
|switch|p2a: Manaphy|Manaphy|268\/361
|-damage|p2a: Manaphy|223\/361|[from] Stealth Rock
|turn|25
|c|âben69|what r these sets
|
|move|p1a: Lopunny|High Jump Kick|p2a: Manaphy
|-damage|p2a: Manaphy|3\/361
|move|p2a: Manaphy|Scald|p1a: Lopunny
|-damage|p1a: Lopunny|44\/272
|
|-heal|p2a: Manaphy|25\/361|[from] item: Leftovers
|turn|26
|
|move|p1a: Lopunny|Return|p2a: Manaphy
|-damage|p2a: Manaphy|0 fnt
|faint|p2a: Manaphy
|
|-message|ben69 forfeited.
|leave|ben69
|
|win|rnd900
|raw|Ladder updating...
|player|p2
|raw|rnd900's rating: 1759 &rarr; <strong>1779<\/strong><br \/>(+20 for winning)
|raw|ben69's rating: 1755 &rarr; <strong>1735<\/strong><br \/>(-20 for losing)