|join|ben69
|join|lil manaphy
|player|p1|ben69|1
|player|p2|lil manaphy|9
|gametype|singles
|gen|6
|tier|OU
|rated
|clearpoke
|poke|p1|Manaphy
|poke|p1|Scizor, M
|poke|p1|Thundurus, M
|poke|p1|Landorus-Therian, M
|poke|p1|Rotom-Wash
|poke|p1|Diggersby, F
|poke|p2|Lopunny, M
|poke|p2|Rotom-Wash
|poke|p2|Gothitelle, M
|poke|p2|Celebi
|poke|p2|Heatran, M
|poke|p2|Mandibuzz, F
|rule|Swagger Clause: Swagger is banned
|rule|Baton Pass Clause: Limit one PokÃ©mon knowing Baton Pass
|rule|Sleep Clause Mod: Limit one foe put to sleep
|rule|Species Clause: Limit one of each PokÃ©mon
|rule|OHKO Clause: OHKO moves are banned
|rule|Moody Clause: Moody is banned
|rule|Evasion Moves Clause: Evasion moves are banned
|rule|Endless Battle Clause: Forcing endless battles is banned
|rule|HP Percentage Mod: HP is shown in percentages
|teampreview
|
|start
|switch|p1a: Thundurus|Thundurus, M|299\/299
|switch|p2a: Heatran|Heatran, M|384\/384
|turn|1
|
|move|p1a: Thundurus|Volt Switch|p2a: Heatran
|-damage|p2a: Heatran|272\/384
|
|switch|p1a: Manaphy|Manaphy|361\/361
|move|p2a: Heatran|Lava Plume|p1a: Manaphy
|-resisted|p1a: Manaphy
|-damage|p1a: Manaphy|307\/361
|
|-heal|p1a: Manaphy|329\/361|[from] item: Leftovers
|-heal|p2a: Heatran|296\/384|[from] item: Leftovers
|turn|2
|
|move|p1a: Manaphy|Scald|p2a: Heatran
|-supereffective|p2a: Heatran
|-damage|p2a: Heatran|86\/384
|move|p2a: Heatran|Stealth Rock|p1a: Manaphy
|-sidestart|p1: ben69|move: Stealth Rock
|
|-heal|p1a: Manaphy|351\/361|[from] item: Leftovers
|-heal|p2a: Heatran|110\/384|[from] item: Leftovers
|turn|3
|
|switch|p2a: Gothitelle|Gothitelle, M|301\/301
|move|p1a: Manaphy|Scald|p2a: Gothitelle
|-damage|p2a: Gothitelle|192\/301
|
|-heal|p1a: Manaphy|361\/361|[from] item: Leftovers
|turn|4
|
|move|p2a: Gothitelle|Trick|p1a: Manaphy
|-activate|p2a: Gothitelle|move: Trick|[of] p1a: Manaphy
|-item|p1a: Manaphy|Choice Scarf|[from] move: Trick
|-item|p2a: Gothitelle|Leftovers|[from] move: Trick
|move|p1a: Manaphy|U-turn|p2a: Gothitelle
|-supereffective|p2a: Gothitelle
|-damage|p2a: Gothitelle|94\/301
|
|switch|p1a: Landorus-Therian|Landorus-Therian, M|381\/381
|-damage|p1a: Landorus-Therian|334\/381|[from] Stealth Rock
|-ability|p1a: Landorus-Therian|Intimidate|[of] p2a: Gothitelle
|-unboost|p2a: Gothitelle|atk|1
|
|-heal|p2a: Gothitelle|112\/301|[from] item: Leftovers
|-heal|p1a: Landorus-Therian|357\/381|[from] item: Leftovers
|turn|5
|
|switch|p2a: Rotom-Wash|Rotom-Wash|303\/303
|move|p1a: Landorus-Therian|Stealth Rock|p2a: Rotom-Wash
|-sidestart|p2: lil manaphy|move: Stealth Rock
|
|-heal|p1a: Landorus-Therian|380\/381|[from] item: Leftovers
|turn|6
|join|Insomn
|join|Polarance
|
|switch|p1a: Rotom-Wash|Rotom-Wash|241\/241
|-damage|p1a: Rotom-Wash|211\/241|[from] Stealth Rock
|move|p2a: Rotom-Wash|Will-O-Wisp|p1a: Rotom-Wash
|-status|p1a: Rotom-Wash|brn
|
|-damage|p1a: Rotom-Wash|181\/241 brn|[from] brn
|turn|7
|join|m00n's blanket
|leave|Insomn
|
|move|p1a: Rotom-Wash|Volt Switch|p2a: Rotom-Wash
|-crit|p2a: Rotom-Wash
|-damage|p2a: Rotom-Wash|77\/303
|
|switch|p1a: Thundurus|Thundurus, M|299\/299
|-damage|p1a: Thundurus|225\/299|[from] Stealth Rock
|move|p2a: Rotom-Wash|Volt Switch|p1a: Thundurus
|-crit|p1a: Thundurus
|-damage|p1a: Thundurus|66\/299
|
|switch|p2a: Lopunny|Lopunny, M|271\/271
|-damage|p2a: Lopunny|238\/271|[from] Stealth Rock
|
|-heal|p1a: Thundurus|84\/299|[from] item: Leftovers
|turn|8
|
|switch|p1a: Manaphy|Manaphy|361\/361
|-damage|p1a: Manaphy|316\/361|[from] Stealth Rock
|detailschange|p2a: Lopunny|Lopunny-Mega, M
|-mega|p2a: Lopunny|Lopunny|Lopunnite
|move|p2a: Lopunny|Fake Out|p1a: Manaphy
|-damage|p1a: Manaphy|240\/361
|
|turn|9
|
|switch|p2a: Gothitelle|Gothitelle, M|112\/301
|-damage|p2a: Gothitelle|75\/301|[from] Stealth Rock
|move|p1a: Manaphy|U-turn|p2a: Gothitelle
|-supereffective|p2a: Gothitelle
|-damage|p2a: Gothitelle|0 fnt
|faint|p2a: Gothitelle
|join|Yuttt.ttttt
|
|switch|p1a: Thundurus|Thundurus, M|84\/299
|-damage|p1a: Thundurus|10\/299|[from] Stealth Rock
|
|-heal|p1a: Thundurus|28\/299|[from] item: Leftovers
|join|LordKuvira
|
|switch|p2a: Lopunny|Lopunny-Mega, M|238\/271
|-damage|p2a: Lopunny|222\/271|[from] Stealth Rock
|turn|10
|
|move|p2a: Lopunny|Fake Out|p1a: Thundurus
|-damage|p1a: Thundurus|0 fnt
|faint|p1a: Thundurus
|
|
|switch|p1a: Manaphy|Manaphy|240\/361
|-damage|p1a: Manaphy|195\/361|[from] Stealth Rock
|turn|11
|
|move|p1a: Manaphy|Scald|p2a: Lopunny
|-damage|p2a: Lopunny|99\/271
|move|p2a: Lopunny|Return|p1a: Manaphy
|-damage|p1a: Manaphy|0 fnt
|faint|p1a: Manaphy
|
|
|switch|p1a: Landorus-Therian|Landorus-Therian, M|380\/381
|-damage|p1a: Landorus-Therian|333\/381|[from] Stealth Rock
|-ability|p1a: Landorus-Therian|Intimidate|[of] p2a: Lopunny
|-unboost|p2a: Lopunny|atk|1
|turn|12
|
|move|p2a: Lopunny|Ice Punch|p1a: Landorus-Therian
|-supereffective|p1a: Landorus-Therian
|-damage|p1a: Landorus-Therian|141\/381
|move|p1a: Landorus-Therian|U-turn|p2a: Lopunny
|-resisted|p2a: Lopunny
|-damage|p2a: Lopunny|59\/271
|
|switch|p1a: Scizor|Scizor, M|343\/343
|-damage|p1a: Scizor|301\/343|[from] Stealth Rock
|
|turn|13
|
|switch|p2a: Heatran|Heatran, M|110\/384
|-damage|p2a: Heatran|62\/384|[from] Stealth Rock
|detailschange|p1a: Scizor|Scizor-Mega, M
|-mega|p1a: Scizor|Scizor|Scizorite
|move|p1a: Scizor|U-turn|p2a: Heatran
|-crit|p2a: Heatran
|-resisted|p2a: Heatran
|-damage|p2a: Heatran|17\/384
|join|Mega Magic Bounce
|
|switch|p1a: Diggersby|Diggersby, F|311\/311
|-damage|p1a: Diggersby|292\/311|[from] Stealth Rock
|
|-heal|p2a: Heatran|41\/384|[from] item: Leftovers
|turn|14
|join|Stoned Zard
|
|move|p1a: Diggersby|Return|p2a: Heatran
|-resisted|p2a: Heatran
|-damage|p2a: Heatran|0 fnt
|faint|p2a: Heatran
|
|
|switch|p2a: Mandibuzz|Mandibuzz, F|423\/423
|-damage|p2a: Mandibuzz|318\/423|[from] Stealth Rock
|turn|15
|
|switch|p1a: Rotom-Wash|Rotom-Wash|181\/241 brn
|-damage|p1a: Rotom-Wash|151\/241 brn|[from] Stealth Rock
|move|p2a: Mandibuzz|Defog|p1a: Rotom-Wash
|-unboost|p1a: Rotom-Wash|evasion|1
|-sideend|p1: ben69|Stealth Rock|[from] move: Defog|[of] p1a: Rotom-Wash
|-sideend|p2: lil manaphy|Stealth Rock|[from] move: Defog|[of] p2a: Mandibuzz
|
|-damage|p1a: Rotom-Wash|121\/241 brn|[from] brn
|turn|16
|
|switch|p2a: Celebi|Celebi|404\/404
|move|p1a: Rotom-Wash|Volt Switch|p2a: Celebi
|-resisted|p2a: Celebi
|-damage|p2a: Celebi|345\/404
|
|switch|p1a: Scizor|Scizor-Mega, M|301\/343
|
|-heal|p2a: Celebi|370\/404|[from] item: Leftovers
|turn|17
|
|move|p2a: Celebi|Baton Pass|p2a: Celebi
|
|switch|p2a: Rotom-Wash|Rotom-Wash|77\/303
|move|p1a: Scizor|U-turn|p2a: Rotom-Wash
|-crit|p2a: Rotom-Wash
|-damage|p2a: Rotom-Wash|0 fnt
|faint|p2a: Rotom-Wash
|
|switch|p1a: Diggersby|Diggersby, F|292\/311
|
|
|switch|p2a: Mandibuzz|Mandibuzz, F|318\/423
|turn|18
|
|switch|p1a: Landorus-Therian|Landorus-Therian, M|141\/381
|-ability|p1a: Landorus-Therian|Intimidate|[of] p2a: Mandibuzz
|-unboost|p2a: Mandibuzz|atk|1
|move|p2a: Mandibuzz|Roost|p2a: Mandibuzz
|-heal|p2a: Mandibuzz|423\/423
|
|-heal|p1a: Landorus-Therian|164\/381|[from] item: Leftovers
|turn|19
|
|move|p1a: Landorus-Therian|Stealth Rock|p2a: Mandibuzz
|-sidestart|p2: lil manaphy|move: Stealth Rock
|move|p2a: Mandibuzz|Foul Play|p1a: Landorus-Therian
|-damage|p1a: Landorus-Therian|37\/381
|
|-heal|p1a: Landorus-Therian|60\/381|[from] item: Leftovers
|turn|20
|
|move|p1a: Landorus-Therian|Stone Edge|p2a: Mandibuzz
|-supereffective|p2a: Mandibuzz
|-damage|p2a: Mandibuzz|263\/423
|move|p2a: Mandibuzz|Defog|p1a: Landorus-Therian
|-unboost|p1a: Landorus-Therian|evasion|1
|-sideend|p2: lil manaphy|Stealth Rock|[from] move: Defog|[of] p2a: Mandibuzz
|
|-heal|p1a: Landorus-Therian|83\/381|[from] item: Leftovers
|turn|21
|
|switch|p1a: Rotom-Wash|Rotom-Wash|121\/241 brn
|move|p2a: Mandibuzz|Roost|p2a: Mandibuzz
|-heal|p2a: Mandibuzz|423\/423
|
|-damage|p1a: Rotom-Wash|91\/241 brn|[from] brn
|turn|22
|
|switch|p2a: Celebi|Celebi|370\/404
|move|p1a: Rotom-Wash|Trick|p2a: Celebi
|-activate|p1a: Rotom-Wash|move: Trick|[of] p2a: Celebi
|-item|p2a: Celebi|Choice Specs|[from] move: Trick
|-item|p1a: Rotom-Wash|Leftovers|[from] move: Trick
|
|-heal|p1a: Rotom-Wash|106\/241 brn|[from] item: Leftovers
|-damage|p1a: Rotom-Wash|76\/241 brn|[from] brn
|turn|23
|
|switch|p1a: Scizor|Scizor-Mega, M|301\/343
|move|p2a: Celebi|Giga Drain|p1a: Scizor
|-resisted|p1a: Scizor
|-damage|p1a: Scizor|274\/343
|-heal|p2a: Celebi|384\/404|[from] drain|[of] p1a: Scizor
|
|turn|24
|
|switch|p2a: Mandibuzz|Mandibuzz, F|423\/423
|move|p1a: Scizor|U-turn|p2a: Mandibuzz
|-damage|p2a: Mandibuzz|336\/423
|-damage|p1a: Scizor|217\/343|[from] item: Rocky Helmet|[of] p2a: Mandibuzz
|
|switch|p1a: Rotom-Wash|Rotom-Wash|76\/241 brn
|
|-heal|p1a: Rotom-Wash|91\/241 brn|[from] item: Leftovers
|-damage|p1a: Rotom-Wash|61\/241 brn|[from] brn
|turn|25
|
|switch|p2a: Lopunny|Lopunny-Mega, M|59\/271
|move|p1a: Rotom-Wash|Volt Switch|p2a: Lopunny
|-damage|p2a: Lopunny|0 fnt
|faint|p2a: Lopunny
|c|âben69|!data foul play
|c|~|\/data-move Foul Play

|
|switch|p1a: Landorus-Therian|Landorus-Therian, M|83\/381
|
|-heal|p1a: Landorus-Therian|106\/381|[from] item: Leftovers
|
|switch|p2a: Mandibuzz|Mandibuzz, F|336\/423
|turn|26
|
|move|p1a: Landorus-Therian|Stone Edge|p2a: Mandibuzz
|-supereffective|p2a: Mandibuzz
|-damage|p2a: Mandibuzz|188\/423
|move|p2a: Mandibuzz|Foul Play|p1a: Landorus-Therian
|-damage|p1a: Landorus-Therian|0 fnt
|faint|p1a: Landorus-Therian
|
|
|switch|p1a: Rotom-Wash|Rotom-Wash|61\/241 brn
|turn|27
|
|switch|p2a: Celebi|Celebi|384\/404
|move|p1a: Rotom-Wash|Volt Switch|p2a: Celebi
|-resisted|p2a: Celebi
|-damage|p2a: Celebi|345\/404
|
|switch|p1a: Diggersby|Diggersby, F|292\/311
|
|turn|28
|
|move|p1a: Diggersby|U-turn|p2a: Celebi
|-supereffective|p2a: Celebi
|-damage|p2a: Celebi|0 fnt
|faint|p2a: Celebi
|-message|lil manaphy forfeited.
|leave|lil manaphy
|
|win|ben69
|raw|Ladder updating...
|player|p2
|raw|ben69's rating: 1804 &rarr; <strong>1820<\/strong><br \/>(+16 for winning)
|raw|lil manaphy's rating: 1740 &rarr; <strong>1724<\/strong><br \/>(-16 for losing)
|leave|Mega Magic Bounce