|join|Barge7799
|join|ben69
|player|p1|Barge7799|291
|player|p2|ben69|169
|gametype|singles
|gen|6
|tier|OU
|rated
|clearpoke
|poke|p1|Metagross
|poke|p1|Keldeo
|poke|p1|Talonflame, F
|poke|p1|Latios, M
|poke|p1|Thundurus, M
|poke|p1|Garchomp, F
|poke|p2|Manaphy
|poke|p2|Scizor, M
|poke|p2|Thundurus, M
|poke|p2|Landorus-Therian, M
|poke|p2|Rotom-Wash
|poke|p2|Diggersby, M
|rule|Swagger Clause: Swagger is banned
|rule|Baton Pass Clause: Limit one PokÃ©mon knowing Baton Pass
|rule|Sleep Clause Mod: Limit one foe put to sleep
|rule|Species Clause: Limit one of each PokÃ©mon
|rule|OHKO Clause: OHKO moves are banned
|rule|Moody Clause: Moody is banned
|rule|Evasion Moves Clause: Evasion moves are banned
|rule|Endless Battle Clause: Forcing endless battles is banned
|rule|HP Percentage Mod: HP is shown in percentages
|teampreview
|
|start
|switch|p1a: Garchomp|Garchomp, F|357\/357
|switch|p2a: Thundurus|Thundurus, M|299\/299
|turn|1
|
|move|p2a: Thundurus|Taunt|p1a: Garchomp
|-start|p1a: Garchomp|move: Taunt
|cant|p1a: Garchomp|move: Taunt|Stealth Rock
|
|turn|2
|
|move|p2a: Thundurus|Hidden Power|p1a: Garchomp
|-supereffective|p1a: Garchomp
|-damage|p1a: Garchomp|29\/357
|move|p1a: Garchomp|Outrage|p2a: Thundurus
|-damage|p2a: Thundurus|25\/299
|
|-heal|p2a: Thundurus|43\/299|[from] item: Leftovers
|turn|3
|
|move|p2a: Thundurus|Hidden Power|p1a: Garchomp
|-supereffective|p1a: Garchomp
|-damage|p1a: Garchomp|0 fnt
|faint|p1a: Garchomp
|
|-heal|p2a: Thundurus|61\/299|[from] item: Leftovers
|
|switch|p1a: Talonflame|Talonflame, F|319\/319
|turn|4
|
|switch|p2a: Rotom-Wash|Rotom-Wash|242\/242
|move|p1a: Talonflame|Brave Bird|p2a: Rotom-Wash
|-resisted|p2a: Rotom-Wash
|-damage|p2a: Rotom-Wash|158\/242
|-damage|p1a: Talonflame|291\/319|[from] recoil|[of] p2a: Rotom-Wash
|
|turn|5
|
|switch|p1a: Latios|Latios, M|301\/301
|move|p2a: Rotom-Wash|Volt Switch|p1a: Latios
|-resisted|p1a: Latios
|-damage|p1a: Latios|252\/301
|
|switch|p2a: Diggersby|Diggersby, M|311\/311
|
|turn|6
|
|move|p2a: Diggersby|U-turn|p1a: Latios
|-supereffective|p1a: Latios
|-damage|p1a: Latios|0 fnt
|faint|p1a: Latios
|
|switch|p2a: Rotom-Wash|Rotom-Wash|158\/242
|
|
|switch|p1a: Metagross|Metagross|301\/301
|turn|7
|
|detailschange|p1a: Metagross|Metagross-Mega
|-mega|p1a: Metagross|Metagross|Metagrossite
|move|p2a: Rotom-Wash|Volt Switch|p1a: Metagross
|-damage|p1a: Metagross|205\/301
|
|switch|p2a: Scizor|Scizor, M|343\/343
|move|p1a: Metagross|Substitute|p1a: Metagross
|-start|p1a: Metagross|Substitute
|-damage|p1a: Metagross|130\/301
|
|turn|8
|
|detailschange|p2a: Scizor|Scizor-Mega, M
|-mega|p2a: Scizor|Scizor|Scizorite
|move|p1a: Metagross|Hammer Arm|p2a: Scizor|[miss]
|-miss|p1a: Metagross|p2a: Scizor
|move|p2a: Scizor|U-turn|p1a: Metagross
|-crit|p1a: Metagross
|-end|p1a: Metagross|Substitute
|
|switch|p2a: Landorus-Therian|Landorus-Therian, M|381\/381
|-ability|p2a: Landorus-Therian|Intimidate|[of] p1a: Metagross
|-unboost|p1a: Metagross|atk|1
|
|turn|9
|
|move|p1a: Metagross|Zen Headbutt|p2a: Landorus-Therian
|-crit|p2a: Landorus-Therian
|-damage|p2a: Landorus-Therian|161\/381
|move|p2a: Landorus-Therian|Stealth Rock|p1a: Metagross
|-sidestart|p1: Barge7799|move: Stealth Rock
|
|-heal|p2a: Landorus-Therian|184\/381|[from] item: Leftovers
|turn|10
|
|switch|p1a: Keldeo|Keldeo|323\/323
|-damage|p1a: Keldeo|303\/323|[from] Stealth Rock
|move|p2a: Landorus-Therian|U-turn|p1a: Keldeo
|-resisted|p1a: Keldeo
|-damage|p1a: Keldeo|262\/323
|
|switch|p2a: Thundurus|Thundurus, M|61\/299
|
|-heal|p2a: Thundurus|79\/299|[from] item: Leftovers
|turn|11
|
|switch|p1a: Thundurus|Thundurus, M|299\/299
|-damage|p1a: Thundurus|225\/299|[from] Stealth Rock
|move|p2a: Thundurus|Thunder Wave|p1a: Thundurus
|-fail|p1a: Thundurus
|
|-heal|p2a: Thundurus|97\/299|[from] item: Leftovers
|turn|12
|
|move|p1a: Thundurus|Hidden Power|p2a: Thundurus
|-supereffective|p2a: Thundurus
|-damage|p2a: Thundurus|0 fnt
|-damage|p1a: Thundurus|196\/299|[from] item: Life Orb
|faint|p2a: Thundurus
|
|
|switch|p2a: Diggersby|Diggersby, M|311\/311
|turn|13
|
|switch|p1a: Metagross|Metagross-Mega|130\/301
|-damage|p1a: Metagross|112\/301|[from] Stealth Rock
|move|p2a: Diggersby|Return|p1a: Metagross
|-resisted|p1a: Metagross
|-damage|p1a: Metagross|25\/301
|
|turn|14
|
|move|p2a: Diggersby|Return|p1a: Metagross
|-resisted|p1a: Metagross
|-damage|p1a: Metagross|0 fnt
|faint|p1a: Metagross
|
|
|switch|p1a: Keldeo|Keldeo|262\/323
|-damage|p1a: Keldeo|242\/323|[from] Stealth Rock
|turn|15
|
|switch|p2a: Manaphy|Manaphy|361\/361
|move|p1a: Keldeo|Secret Sword|p2a: Manaphy
|-damage|p2a: Manaphy|219\/361
|
|-heal|p2a: Manaphy|241\/361|[from] item: Leftovers
|turn|16
|
|move|p1a: Keldeo|Secret Sword|p2a: Manaphy
|-damage|p2a: Manaphy|87\/361
|move|p2a: Manaphy|Scald|p1a: Keldeo
|-resisted|p1a: Keldeo
|-damage|p1a: Keldeo|173\/323
|
|-heal|p2a: Manaphy|109\/361|[from] item: Leftovers
|turn|17
|
|switch|p2a: Landorus-Therian|Landorus-Therian, M|184\/381
|-ability|p2a: Landorus-Therian|Intimidate|[of] p1a: Keldeo
|-unboost|p1a: Keldeo|atk|1
|move|p1a: Keldeo|Secret Sword|p2a: Landorus-Therian
|-resisted|p2a: Landorus-Therian
|-damage|p2a: Landorus-Therian|121\/381
|
|-heal|p2a: Landorus-Therian|144\/381|[from] item: Leftovers
|turn|18
|
|move|p1a: Keldeo|Secret Sword|p2a: Landorus-Therian
|-resisted|p2a: Landorus-Therian
|-damage|p2a: Landorus-Therian|81\/381
|move|p2a: Landorus-Therian|U-turn|p1a: Keldeo
|-resisted|p1a: Keldeo
|-damage|p1a: Keldeo|134\/323
|
|switch|p2a: Scizor|Scizor-Mega, M|343\/343
|
|turn|19
|
|switch|p1a: Thundurus|Thundurus, M|196\/299
|-damage|p1a: Thundurus|122\/299|[from] Stealth Rock
|move|p2a: Scizor|Swords Dance|p2a: Scizor
|-boost|p2a: Scizor|atk|2
|
|turn|20
|
|move|p2a: Scizor|Bullet Punch|p1a: Thundurus
|-resisted|p1a: Thundurus
|-damage|p1a: Thundurus|0 fnt
|faint|p1a: Thundurus
|
|
|switch|p1a: Talonflame|Talonflame, F|291\/319
|-damage|p1a: Talonflame|132\/319|[from] Stealth Rock
|turn|21
|
|move|p1a: Talonflame|Roost|p1a: Talonflame
|-heal|p1a: Talonflame|292\/319
|move|p2a: Scizor|Bullet Punch|p1a: Talonflame
|-resisted|p1a: Talonflame
|-damage|p1a: Talonflame|154\/319
|
|turn|22
|
|switch|p2a: Landorus-Therian|Landorus-Therian, M|81\/381
|-ability|p2a: Landorus-Therian|Intimidate|[of] p1a: Talonflame
|-unboost|p1a: Talonflame|atk|1
|move|p1a: Talonflame|Roost|p1a: Talonflame
|-heal|p1a: Talonflame|314\/319
|
|-heal|p2a: Landorus-Therian|104\/381|[from] item: Leftovers
|turn|23
|
|move|p1a: Talonflame|Swords Dance|p1a: Talonflame
|-boost|p1a: Talonflame|atk|2
|move|p2a: Landorus-Therian|Stone Edge|p1a: Talonflame
|-supereffective|p1a: Talonflame
|-damage|p1a: Talonflame|0 fnt
|faint|p1a: Talonflame
|
|-heal|p2a: Landorus-Therian|127\/381|[from] item: Leftovers
|c|âBarge7799|gg
|-message|Barge7799 forfeited.
|
|win|ben69
|raw|Ladder updating...
|leave|Barge7799
|player|p1
|raw|Barge7799's rating: 1676 &rarr; <strong>1658<\/strong><br \/>(-18 for losing)
|raw|ben69's rating: 1721 &rarr; <strong>1738<\/strong><br \/>(+17 for winning)