|join|ben69
|join|WECAMEASROMANS
|player|p1|ben69|101
|player|p2|WECAMEASROMANS|266
|gametype|singles
|gen|6
|tier|OU
|rated
|clearpoke
|poke|p1|Manaphy
|poke|p1|Scizor, M
|poke|p1|Thundurus, M
|poke|p1|Landorus-Therian, M
|poke|p1|Rotom-Wash
|poke|p1|Diggersby, M
|poke|p2|Kyurem-Black
|poke|p2|Thundurus, M
|poke|p2|Landorus-Therian, M
|poke|p2|Heatran, F
|poke|p2|Sableye, F
|poke|p2|Starmie
|rule|Swagger Clause: Swagger is banned
|rule|Baton Pass Clause: Limit one PokÃ©mon knowing Baton Pass
|rule|Sleep Clause Mod: Limit one foe put to sleep
|rule|Species Clause: Limit one of each PokÃ©mon
|rule|OHKO Clause: OHKO moves are banned
|rule|Moody Clause: Moody is banned
|rule|Evasion Moves Clause: Evasion moves are banned
|rule|Endless Battle Clause: Forcing endless battles is banned
|rule|HP Percentage Mod: HP is shown in percentages
|teampreview
|
|start
|switch|p1a: Manaphy|Manaphy|365\/365
|switch|p2a: Thundurus|Thundurus, M|299\/299
|turn|1
|
|move|p2a: Thundurus|Nasty Plot|p2a: Thundurus
|-boost|p2a: Thundurus|spa|2
|move|p1a: Manaphy|Scald|p2a: Thundurus
|-damage|p2a: Thundurus|154\/299
|
|turn|2
|
|switch|p1a: Diggersby|Diggersby, M|311\/311
|move|p2a: Thundurus|Thunderbolt|p1a: Diggersby
|-immune|p1a: Diggersby|[msg]
|
|turn|3
|
|move|p1a: Diggersby|U-turn|p2a: Thundurus
|-resisted|p2a: Thundurus
|-damage|p2a: Thundurus|85\/299
|
|switch|p1a: Scizor|Scizor, M|343\/343
|move|p2a: Thundurus|Focus Blast|p1a: Scizor|[miss]
|-miss|p2a: Thundurus|p1a: Scizor
|
|turn|4
|
|switch|p2a: Heatran|Heatran, F|327\/327
|switch|p1a: Diggersby|Diggersby, M|311\/311
|
|turn|5
|
|move|p1a: Diggersby|Earthquake|p2a: Heatran
|-supereffective|p2a: Heatran
|-damage|p2a: Heatran|0 fnt
|faint|p2a: Heatran
|
|
|switch|p2a: Sableye|Sableye, F|304\/304
|turn|6
|
|switch|p1a: Manaphy|Manaphy|365\/365
|detailschange|p2a: Sableye|Sableye-Mega, F
|-mega|p2a: Sableye|Sableye|Sablenite
|move|p2a: Sableye|Calm Mind|p2a: Sableye
|-boost|p2a: Sableye|spa|1
|-boost|p2a: Sableye|spd|1
|
|turn|7
|
|move|p1a: Manaphy|Tail Glow|p1a: Manaphy
|-boost|p1a: Manaphy|spa|3
|move|p2a: Sableye|Calm Mind|p2a: Sableye
|-boost|p2a: Sableye|spa|1
|-boost|p2a: Sableye|spd|1
|
|turn|8
|
|switch|p2a: Kyurem-Black|Kyurem-Black|391\/391
|-ability|p2a: Kyurem-Black|Teravolt
|move|p1a: Manaphy|Scald|p2a: Kyurem-Black
|-resisted|p2a: Kyurem-Black
|-damage|p2a: Kyurem-Black|230\/391
|-status|p2a: Kyurem-Black|brn
|
|-damage|p2a: Kyurem-Black|182\/391 brn|[from] brn
|turn|9
|-message|WECAMEASROMANS forfeited.
|leave|WECAMEASROMANS
|
|win|ben69
|raw|Ladder updating...
|player|p2
|raw|ben69's rating: 1814 &rarr; <strong>1829<\/strong><br \/>(+15 for winning)
|raw|WECAMEASROMANS's rating: 1730 &rarr; <strong>1714<\/strong><br \/>(-16 for losing)