|join|ben69
|join|Horsea Whisperer
|c|âHorsea Whisperer|hf
|player|p1|ben69|1
|player|p2|Horsea Whisperer|2
|gametype|singles
|gen|6
|tier|OU
|rated
|clearpoke
|poke|p1|Manaphy
|poke|p1|Scizor, F
|poke|p1|Thundurus, M
|poke|p1|Landorus-Therian, M
|poke|p1|Celebi
|poke|p1|Diggersby, F
|poke|p2|Sceptile, F
|poke|p2|Landorus-Therian, M
|poke|p2|Azumarill, F
|poke|p2|Rotom-Wash
|poke|p2|Klefki, F
|poke|p2|Heatran, F
|rule|Swagger Clause: Swagger is banned
|rule|Baton Pass Clause: Limit one PokÃ©mon knowing Baton Pass
|rule|Sleep Clause Mod: Limit one foe put to sleep
|rule|Species Clause: Limit one of each PokÃ©mon
|rule|OHKO Clause: OHKO moves are banned
|rule|Moody Clause: Moody is banned
|rule|Evasion Moves Clause: Evasion moves are banned
|rule|Endless Battle Clause: Forcing endless battles is banned
|rule|HP Percentage Mod: HP is shown in percentages
|teampreview
|c|âben69|glhf
|join|Lumiose Serperior
|
|start
|switch|p1a: Thundurus|Thundurus, M|299\/299
|switch|p2a: Landorus-Therian|Landorus-Therian, M|319\/319
|-ability|p2a: Landorus-Therian|Intimidate|[of] p1a: Thundurus
|-unboost|p1a: Thundurus|atk|1
|turn|1
|
|switch|p1a: Landorus-Therian|Landorus-Therian, M|381\/381
|-ability|p1a: Landorus-Therian|Intimidate|[of] p2a: Landorus-Therian
|-unboost|p2a: Landorus-Therian|atk|1
|move|p2a: Landorus-Therian|U-turn|p1a: Landorus-Therian
|-resisted|p1a: Landorus-Therian
|-damage|p1a: Landorus-Therian|358\/381
|
|switch|p2a: Rotom-Wash|Rotom-Wash|303\/303
|
|-heal|p1a: Landorus-Therian|381\/381|[from] item: Leftovers
|turn|2
|
|switch|p1a: Celebi|Celebi|404\/404
|move|p2a: Rotom-Wash|Volt Switch|p1a: Celebi
|-resisted|p1a: Celebi
|-damage|p1a: Celebi|362\/404
|
|switch|p2a: Heatran|Heatran, F|385\/385
|
|turn|3
|
|switch|p1a: Landorus-Therian|Landorus-Therian, M|381\/381
|-ability|p1a: Landorus-Therian|Intimidate|[of] p2a: Heatran
|-unboost|p2a: Heatran|atk|1
|move|p2a: Heatran|Stealth Rock|p1a: Landorus-Therian
|-sidestart|p1: ben69|move: Stealth Rock
|
|turn|4
|
|move|p1a: Landorus-Therian|Stealth Rock|p2a: Heatran
|-sidestart|p2: Horsea Whisperer|move: Stealth Rock
|move|p2a: Heatran|Toxic|p1a: Landorus-Therian
|-status|p1a: Landorus-Therian|tox
|
|-damage|p1a: Landorus-Therian|358\/381 tox|[from] psn
|turn|5
|
|switch|p2a: Rotom-Wash|Rotom-Wash|303\/303
|-damage|p2a: Rotom-Wash|266\/303|[from] Stealth Rock
|move|p1a: Landorus-Therian|U-turn|p2a: Rotom-Wash
|-damage|p2a: Rotom-Wash|216\/303
|
|switch|p1a: Celebi|Celebi|362\/404
|-damage|p1a: Celebi|312\/404|[from] Stealth Rock
|
|-heal|p2a: Rotom-Wash|234\/303|[from] item: Leftovers
|turn|6
|
|switch|p2a: Landorus-Therian|Landorus-Therian, M|319\/319
|-damage|p2a: Landorus-Therian|280\/319|[from] Stealth Rock
|-ability|p2a: Landorus-Therian|Intimidate|[of] p1a: Celebi
|-unboost|p1a: Celebi|atk|1
|move|p1a: Celebi|U-turn|p2a: Landorus-Therian
|-resisted|p2a: Landorus-Therian
|-damage|p2a: Landorus-Therian|259\/319
|-damage|p1a: Celebi|272\/404|[from] item: Life Orb
|
|switch|p1a: Manaphy|Manaphy|361\/361
|-damage|p1a: Manaphy|316\/361|[from] Stealth Rock
|
|-heal|p1a: Manaphy|338\/361|[from] item: Leftovers
|turn|7
|
|move|p2a: Landorus-Therian|U-turn|p1a: Manaphy
|-damage|p1a: Manaphy|242\/361
|
|switch|p2a: Rotom-Wash|Rotom-Wash|234\/303
|-damage|p2a: Rotom-Wash|197\/303|[from] Stealth Rock
|move|p1a: Manaphy|Scald|p2a: Rotom-Wash
|-resisted|p2a: Rotom-Wash
|-damage|p2a: Rotom-Wash|140\/303
|
|-heal|p1a: Manaphy|264\/361|[from] item: Leftovers
|-heal|p2a: Rotom-Wash|158\/303|[from] item: Leftovers
|turn|8
|
|move|p1a: Manaphy|U-turn|p2a: Rotom-Wash
|-damage|p2a: Rotom-Wash|121\/303
|
|switch|p1a: Celebi|Celebi|272\/404
|-damage|p1a: Celebi|222\/404|[from] Stealth Rock
|move|p2a: Rotom-Wash|Will-O-Wisp|p1a: Celebi
|-status|p1a: Celebi|brn
|
|-heal|p2a: Rotom-Wash|139\/303|[from] item: Leftovers
|-damage|p1a: Celebi|172\/404 brn|[from] brn
|turn|9
|
|move|p1a: Celebi|Leaf Storm|p2a: Rotom-Wash
|-supereffective|p2a: Rotom-Wash
|-damage|p2a: Rotom-Wash|0 fnt
|-unboost|p1a: Celebi|spa|2
|-damage|p1a: Celebi|132\/404 brn|[from] item: Life Orb
|faint|p2a: Rotom-Wash
|
|-damage|p1a: Celebi|82\/404 brn|[from] brn
|
|switch|p2a: Landorus-Therian|Landorus-Therian, M|259\/319
|-damage|p2a: Landorus-Therian|220\/319|[from] Stealth Rock
|-ability|p2a: Landorus-Therian|Intimidate|[of] p1a: Celebi
|-unboost|p1a: Celebi|atk|1
|turn|10
|
|move|p2a: Landorus-Therian|Knock Off|p1a: Celebi
|-supereffective|p1a: Celebi
|-damage|p1a: Celebi|0 fnt
|-enditem|p1a: Celebi|Life Orb|[from] move: Knock Off|[of] p2a: Landorus-Therian
|faint|p1a: Celebi
|
|
|switch|p1a: Manaphy|Manaphy|264\/361
|-damage|p1a: Manaphy|219\/361|[from] Stealth Rock
|turn|11
|
|switch|p2a: Azumarill|Azumarill, F|363\/363
|-damage|p2a: Azumarill|318\/363|[from] Stealth Rock
|move|p1a: Manaphy|Scald|p2a: Azumarill
|-resisted|p2a: Azumarill
|-damage|p2a: Azumarill|252\/363
|
|-heal|p1a: Manaphy|241\/361|[from] item: Leftovers
|turn|12
|
|move|p1a: Manaphy|U-turn|p2a: Azumarill
|-resisted|p2a: Azumarill
|-damage|p2a: Azumarill|224\/363
|
|switch|p1a: Scizor|Scizor, F|343\/343
|-damage|p1a: Scizor|301\/343|[from] Stealth Rock
|move|p2a: Azumarill|Play Rough|p1a: Scizor
|-resisted|p1a: Scizor
|-damage|p1a: Scizor|161\/343
|
|turn|13
|
|switch|p2a: Heatran|Heatran, F|385\/385
|-damage|p2a: Heatran|337\/385|[from] Stealth Rock
|detailschange|p1a: Scizor|Scizor-Mega, F
|-mega|p1a: Scizor|Scizor|Scizorite
|move|p1a: Scizor|Roost|p1a: Scizor
|-heal|p1a: Scizor|333\/343
|
|-heal|p2a: Heatran|361\/385|[from] item: Leftovers
|turn|14
|
|switch|p1a: Manaphy|Manaphy|241\/361
|-damage|p1a: Manaphy|196\/361|[from] Stealth Rock
|move|p2a: Heatran|Lava Plume|p1a: Manaphy
|-resisted|p1a: Manaphy
|-damage|p1a: Manaphy|141\/361
|
|-heal|p1a: Manaphy|163\/361|[from] item: Leftovers
|-heal|p2a: Heatran|385\/385|[from] item: Leftovers
|turn|15
|
|move|p1a: Manaphy|Rain Dance|p1a: Manaphy
|-weather|RainDance
|move|p2a: Heatran|Toxic|p1a: Manaphy
|-status|p1a: Manaphy|tox
|
|-weather|RainDance|[upkeep]
|-curestatus|p1a: Manaphy|tox
|-heal|p1a: Manaphy|185\/361|[from] item: Leftovers
|turn|16
|
|switch|p2a: Klefki|Klefki, F|317\/317
|-damage|p2a: Klefki|298\/317|[from] Stealth Rock
|move|p1a: Manaphy|Scald|p2a: Klefki
|-crit|p2a: Klefki
|-damage|p2a: Klefki|84\/317
|-status|p2a: Klefki|brn
|
|-weather|RainDance|[upkeep]
|-heal|p1a: Manaphy|207\/361|[from] item: Leftovers
|-heal|p2a: Klefki|103\/317 brn|[from] item: Leftovers
|-damage|p2a: Klefki|64\/317 brn|[from] brn
|turn|17
|
|move|p2a: Klefki|Spikes|p1a: Manaphy
|-sidestart|p1: ben69|Spikes
|move|p1a: Manaphy|Scald|p2a: Klefki
|-damage|p2a: Klefki|0 fnt
|faint|p2a: Klefki
|
|-weather|RainDance|[upkeep]
|-heal|p1a: Manaphy|229\/361|[from] item: Leftovers
|
|switch|p2a: Sceptile|Sceptile, F|281\/281
|-damage|p2a: Sceptile|246\/281|[from] Stealth Rock
|turn|18
|leave|Lumiose Serperior
|
|switch|p1a: Scizor|Scizor-Mega, F|333\/343
|-damage|p1a: Scizor|291\/343|[from] Stealth Rock
|-damage|p1a: Scizor|249\/343|[from] Spikes
|detailschange|p2a: Sceptile|Sceptile-Mega, F
|-mega|p2a: Sceptile|Sceptile|Sceptilite
|move|p2a: Sceptile|Dragon Pulse|p1a: Scizor
|-resisted|p1a: Scizor
|-damage|p1a: Scizor|185\/343
|
|-weather|RainDance|[upkeep]
|turn|19
|
|switch|p2a: Heatran|Heatran, F|385\/385
|-damage|p2a: Heatran|337\/385|[from] Stealth Rock
|move|p1a: Scizor|U-turn|p2a: Heatran
|-resisted|p2a: Heatran
|-damage|p2a: Heatran|308\/385
|
|switch|p1a: Manaphy|Manaphy|229\/361
|-damage|p1a: Manaphy|184\/361|[from] Spikes
|-damage|p1a: Manaphy|139\/361|[from] Stealth Rock
|
|-weather|none
|-heal|p1a: Manaphy|161\/361|[from] item: Leftovers
|-heal|p2a: Heatran|332\/385|[from] item: Leftovers
|turn|20
|
|switch|p2a: Azumarill|Azumarill, F|224\/363
|-damage|p2a: Azumarill|179\/363|[from] Stealth Rock
|move|p1a: Manaphy|Scald|p2a: Azumarill
|-resisted|p2a: Azumarill
|-damage|p2a: Azumarill|103\/363
|
|-heal|p1a: Manaphy|183\/361|[from] item: Leftovers
|turn|21
|
|move|p1a: Manaphy|Scald|p2a: Azumarill
|-resisted|p2a: Azumarill
|-damage|p2a: Azumarill|29\/363
|move|p2a: Azumarill|Waterfall|p1a: Manaphy
|-resisted|p1a: Manaphy
|-damage|p1a: Manaphy|50\/361
|
|-heal|p1a: Manaphy|72\/361|[from] item: Leftovers
|turn|22
|
|move|p1a: Manaphy|Scald|p2a: Azumarill
|-resisted|p2a: Azumarill
|-damage|p2a: Azumarill|0 fnt
|faint|p2a: Azumarill
|
|-heal|p1a: Manaphy|94\/361|[from] item: Leftovers
|
|switch|p2a: Landorus-Therian|Landorus-Therian, M|220\/319
|-damage|p2a: Landorus-Therian|181\/319|[from] Stealth Rock
|-ability|p2a: Landorus-Therian|Intimidate|[of] p1a: Manaphy
|-unboost|p1a: Manaphy|atk|1
|turn|23
|
|move|p2a: Landorus-Therian|Stone Edge|p1a: Manaphy
|-damage|p1a: Manaphy|0 fnt
|faint|p1a: Manaphy
|
|
|switch|p1a: Diggersby|Diggersby, F|311\/311
|-damage|p1a: Diggersby|292\/311|[from] Stealth Rock
|-damage|p1a: Diggersby|254\/311|[from] Spikes
|turn|24
|
|move|p2a: Landorus-Therian|Stone Edge|p1a: Diggersby
|-resisted|p1a: Diggersby
|-damage|p1a: Diggersby|176\/311
|move|p1a: Diggersby|Earthquake|p2a: Landorus-Therian
|-immune|p2a: Landorus-Therian|[msg]
|
|turn|25
|
|move|p2a: Landorus-Therian|Stone Edge|p1a: Diggersby
|-resisted|p1a: Diggersby
|-damage|p1a: Diggersby|103\/311
|move|p1a: Diggersby|Earthquake|p2a: Landorus-Therian
|-immune|p2a: Landorus-Therian|[msg]
|
|turn|26
|
|switch|p1a: Landorus-Therian|Landorus-Therian, M|358\/381 tox
|-damage|p1a: Landorus-Therian|311\/381 tox|[from] Stealth Rock
|-ability|p1a: Landorus-Therian|Intimidate|[of] p2a: Landorus-Therian
|-unboost|p2a: Landorus-Therian|atk|1
|move|p2a: Landorus-Therian|Stone Edge|p1a: Landorus-Therian
|-damage|p1a: Landorus-Therian|245\/381 tox
|
|-heal|p1a: Landorus-Therian|268\/381 tox|[from] item: Leftovers
|-damage|p1a: Landorus-Therian|245\/381 tox|[from] psn
|turn|27
|
|move|p2a: Landorus-Therian|Stone Edge|p1a: Landorus-Therian
|-damage|p1a: Landorus-Therian|182\/381 tox
|move|p1a: Landorus-Therian|Earthquake|p2a: Landorus-Therian
|-immune|p2a: Landorus-Therian|[msg]
|
|-heal|p1a: Landorus-Therian|205\/381 tox|[from] item: Leftovers
|-damage|p1a: Landorus-Therian|159\/381 tox|[from] psn
|turn|28
|
|move|p2a: Landorus-Therian|Stone Edge|p1a: Landorus-Therian
|-damage|p1a: Landorus-Therian|97\/381 tox
|move|p1a: Landorus-Therian|Stone Edge|p2a: Landorus-Therian
|-damage|p2a: Landorus-Therian|65\/319
|
|-heal|p1a: Landorus-Therian|120\/381 tox|[from] item: Leftovers
|-damage|p1a: Landorus-Therian|51\/381 tox|[from] psn
|turn|29
|
|move|p2a: Landorus-Therian|Stone Edge|p1a: Landorus-Therian
|-crit|p1a: Landorus-Therian
|-damage|p1a: Landorus-Therian|0 fnt
|faint|p1a: Landorus-Therian
|
|
|switch|p1a: Thundurus|Thundurus, M|299\/299
|-damage|p1a: Thundurus|225\/299|[from] Stealth Rock
|turn|30
|
|move|p2a: Landorus-Therian|Stone Edge|p1a: Thundurus
|-supereffective|p1a: Thundurus
|-damage|p1a: Thundurus|0 fnt
|faint|p1a: Thundurus
|
|
|switch|p1a: Scizor|Scizor-Mega, F|185\/343
|-damage|p1a: Scizor|143\/343|[from] Stealth Rock
|-damage|p1a: Scizor|101\/343|[from] Spikes
|turn|31
|
|switch|p2a: Heatran|Heatran, F|332\/385
|-damage|p2a: Heatran|284\/385|[from] Stealth Rock
|move|p1a: Scizor|U-turn|p2a: Heatran
|-resisted|p2a: Heatran
|-damage|p2a: Heatran|254\/385
|-message|ben69 forfeited.
|leave|ben69
|
|win|Horsea Whisperer
|raw|Ladder updating...
|player|p1
|raw|ben69's rating: 1773 &rarr; <strong>1745<\/strong><br \/>(-28 for losing)
|raw|Horsea Whisperer's rating: 1631 &rarr; <strong>1659<\/strong><br \/>(+28 for winning)