|join|ben69
|join|Ox the Box
|c|âOx the Box|glhf
|player|p1|ben69|169
|player|p2|Ox the Box|201
|gametype|singles
|gen|6
|tier|OU
|rated
|clearpoke
|poke|p1|Manaphy
|poke|p1|Scizor, M
|poke|p1|Thundurus, M
|poke|p1|Landorus-Therian, M
|poke|p1|Victini
|poke|p1|Diggersby, M
|poke|p2|Altaria, M
|poke|p2|Slowbro, M
|poke|p2|Heatran, F
|poke|p2|Jirachi
|poke|p2|Mandibuzz, F
|poke|p2|Clefable, M
|rule|Swagger Clause: Swagger is banned
|rule|Baton Pass Clause: Limit one PokÃ©mon knowing Baton Pass
|rule|Sleep Clause Mod: Limit one foe put to sleep
|rule|Species Clause: Limit one of each PokÃ©mon
|rule|OHKO Clause: OHKO moves are banned
|rule|Moody Clause: Moody is banned
|rule|Evasion Moves Clause: Evasion moves are banned
|rule|Endless Battle Clause: Forcing endless battles is banned
|rule|HP Percentage Mod: HP is shown in percentages
|teampreview
|
|start
|switch|p1a: Victini|Victini|404\/404
|switch|p2a: Altaria|Altaria, M|353\/353
|turn|1
|join|Swallowed Up
|
|detailschange|p2a: Altaria|Altaria-Mega, M
|-mega|p2a: Altaria|Altaria|Altarianite
|move|p1a: Victini|Final Gambit|p2a: Altaria
|-damage|p2a: Altaria|0 fnt
|faint|p1a: Victini
|faint|p2a: Altaria
|
|
|switch|p1a: Landorus-Therian|Landorus-Therian, M|381\/381
|switch|p2a: Mandibuzz|Mandibuzz, F|423\/423
|-ability|p1a: Landorus-Therian|Intimidate|[of] p2a: Mandibuzz
|-unboost|p2a: Mandibuzz|atk|1
|turn|2
|
|move|p1a: Landorus-Therian|U-turn|p2a: Mandibuzz
|-damage|p2a: Mandibuzz|359\/423
|
|switch|p1a: Scizor|Scizor, M|343\/343
|move|p2a: Mandibuzz|Foul Play|p1a: Scizor
|-damage|p1a: Scizor|190\/343
|
|-heal|p2a: Mandibuzz|385\/423|[from] item: Leftovers
|turn|3
|
|detailschange|p1a: Scizor|Scizor-Mega, M
|-mega|p1a: Scizor|Scizor|Scizorite
|move|p2a: Mandibuzz|Taunt|p1a: Scizor
|-start|p1a: Scizor|move: Taunt
|move|p1a: Scizor|U-turn|p2a: Mandibuzz
|-damage|p2a: Mandibuzz|294\/423
|
|switch|p1a: Thundurus|Thundurus, M|299\/299
|
|-heal|p2a: Mandibuzz|320\/423|[from] item: Leftovers
|turn|4
|join|Fabio96
|
|move|p1a: Thundurus|Volt Switch|p2a: Mandibuzz
|-supereffective|p2a: Mandibuzz
|-damage|p2a: Mandibuzz|110\/423
|
|switch|p1a: Manaphy|Manaphy|361\/361
|move|p2a: Mandibuzz|Roost|p2a: Mandibuzz
|-heal|p2a: Mandibuzz|322\/423
|
|-heal|p2a: Mandibuzz|348\/423|[from] item: Leftovers
|turn|5
|leave|Swallowed Up
|join|Glorious Advance
|
|switch|p2a: Clefable|Clefable, M|394\/394
|move|p1a: Manaphy|Scald|p2a: Clefable
|-damage|p2a: Clefable|274\/394
|-status|p2a: Clefable|brn
|
|-heal|p2a: Clefable|298\/394 brn|[from] item: Leftovers
|-damage|p2a: Clefable|249\/394 brn|[from] brn
|turn|6
|
|move|p1a: Manaphy|Rain Dance|p1a: Manaphy
|-weather|RainDance
|move|p2a: Clefable|Wish|p2a: Clefable
|
|-weather|RainDance|[upkeep]
|-heal|p2a: Clefable|273\/394 brn|[from] item: Leftovers
|-damage|p2a: Clefable|224\/394 brn|[from] brn
|turn|7
|
|move|p1a: Manaphy|Scald|p2a: Clefable
|-damage|p2a: Clefable|43\/394 brn
|move|p2a: Clefable|Calm Mind|p2a: Clefable
|-boost|p2a: Clefable|spa|1
|-boost|p2a: Clefable|spd|1
|
|-weather|RainDance|[upkeep]
|-heal|p2a: Clefable|240\/394 brn|[from] move: Wish|[wisher] Clefable
|-heal|p2a: Clefable|264\/394 brn|[from] item: Leftovers
|-damage|p2a: Clefable|215\/394 brn|[from] brn
|turn|8
|
|move|p1a: Manaphy|U-turn|p2a: Clefable
|-resisted|p2a: Clefable
|-damage|p2a: Clefable|192\/394 brn
|
|switch|p1a: Scizor|Scizor-Mega, M|190\/343
|move|p2a: Clefable|Wish|p2a: Clefable
|
|-weather|RainDance|[upkeep]
|-heal|p2a: Clefable|216\/394 brn|[from] item: Leftovers
|-damage|p2a: Clefable|167\/394 brn|[from] brn
|turn|9
|
|move|p2a: Clefable|Protect|p2a: Clefable
|-singleturn|p2a: Clefable|Protect
|move|p1a: Scizor|Roost|p1a: Scizor
|-heal|p1a: Scizor|343\/343
|
|-weather|RainDance|[upkeep]
|-heal|p2a: Clefable|364\/394 brn|[from] move: Wish|[wisher] Clefable
|-heal|p2a: Clefable|388\/394 brn|[from] item: Leftovers
|-damage|p2a: Clefable|339\/394 brn|[from] brn
|turn|10
|leave|Fabio96
|
|switch|p2a: Heatran|Heatran, F|385\/385
|move|p1a: Scizor|Bullet Punch|p2a: Heatran
|-resisted|p2a: Heatran
|-damage|p2a: Heatran|358\/385
|
|-weather|none
|-heal|p2a: Heatran|382\/385|[from] item: Leftovers
|turn|11
|
|switch|p1a: Manaphy|Manaphy|361\/361
|move|p2a: Heatran|Stealth Rock|p1a: Manaphy
|-sidestart|p1: ben69|move: Stealth Rock
|
|-heal|p2a: Heatran|385\/385|[from] item: Leftovers
|turn|12
|
|move|p1a: Manaphy|Rain Dance|p1a: Manaphy
|-weather|RainDance
|move|p2a: Heatran|Taunt|p1a: Manaphy
|-start|p1a: Manaphy|move: Taunt
|
|-weather|RainDance|[upkeep]
|turn|13
|join|Snickered
|
|switch|p2a: Slowbro|Slowbro, M|394\/394
|move|p1a: Manaphy|Scald|p2a: Slowbro
|-resisted|p2a: Slowbro
|-damage|p2a: Slowbro|286\/394
|-status|p2a: Slowbro|brn
|
|-weather|RainDance|[upkeep]
|-heal|p2a: Slowbro|310\/394 brn|[from] item: Leftovers
|-damage|p2a: Slowbro|261\/394 brn|[from] brn
|turn|14
|c| Snickered|reveal the e ball
|c|âOx the Box|stop burning me please
|
|move|p1a: Manaphy|Scald|p2a: Slowbro
|-resisted|p2a: Slowbro
|-damage|p2a: Slowbro|162\/394 brn
|move|p2a: Slowbro|Psyshock|p1a: Manaphy
|-damage|p1a: Manaphy|270\/361
|
|-weather|RainDance|[upkeep]
|-heal|p1a: Manaphy|292\/361|[from] item: Leftovers
|-heal|p2a: Slowbro|186\/394 brn|[from] item: Leftovers
|-damage|p2a: Slowbro|137\/394 brn|[from] brn
|turn|15
|c|âben69|naw
|
|move|p1a: Manaphy|U-turn|p2a: Slowbro
|-supereffective|p2a: Slowbro
|-damage|p2a: Slowbro|63\/394 brn
|c| Snickered|wat lol
|
|switch|p1a: Landorus-Therian|Landorus-Therian, M|381\/381
|-damage|p1a: Landorus-Therian|334\/381|[from] Stealth Rock
|-ability|p1a: Landorus-Therian|Intimidate|[of] p2a: Slowbro
|-unboost|p2a: Slowbro|atk|1
|move|p2a: Slowbro|Slack Off|p2a: Slowbro
|-heal|p2a: Slowbro|260\/394 brn
|
|-weather|RainDance|[upkeep]
|-heal|p2a: Slowbro|284\/394 brn|[from] item: Leftovers
|-damage|p2a: Slowbro|235\/394 brn|[from] brn
|turn|16
|c| Snickered|why on earth whould you switch
|
|move|p1a: Landorus-Therian|U-turn|p2a: Slowbro
|-supereffective|p2a: Slowbro
|-damage|p2a: Slowbro|127\/394 brn
|
|switch|p1a: Manaphy|Manaphy|292\/361
|-damage|p1a: Manaphy|247\/361|[from] Stealth Rock
|move|p2a: Slowbro|Slack Off|p2a: Slowbro
|-heal|p2a: Slowbro|324\/394 brn
|
|-weather|none
|-heal|p1a: Manaphy|269\/361|[from] item: Leftovers
|-heal|p2a: Slowbro|348\/394 brn|[from] item: Leftovers
|-damage|p2a: Slowbro|299\/394 brn|[from] brn
|turn|17
|leave|Snickered
|
|switch|p2a: Clefable|Clefable, M|339\/394 brn
|move|p1a: Manaphy|Rain Dance|p1a: Manaphy
|-weather|RainDance
|
|-weather|RainDance|[upkeep]
|-heal|p1a: Manaphy|291\/361|[from] item: Leftovers
|-heal|p2a: Clefable|363\/394 brn|[from] item: Leftovers
|-damage|p2a: Clefable|314\/394 brn|[from] brn
|turn|18
|
|move|p1a: Manaphy|Scald|p2a: Clefable
|-damage|p2a: Clefable|115\/394 brn
|move|p2a: Clefable|Wish|p2a: Clefable
|
|-weather|RainDance|[upkeep]
|-heal|p1a: Manaphy|313\/361|[from] item: Leftovers
|-heal|p2a: Clefable|139\/394 brn|[from] item: Leftovers
|-damage|p2a: Clefable|90\/394 brn|[from] brn
|turn|19
|c|âOx the Box|i can't beat this
|
|switch|p2a: Slowbro|Slowbro, M|394\/394 brn
|move|p1a: Manaphy|Scald|p2a: Slowbro
|-resisted|p2a: Slowbro
|-damage|p2a: Slowbro|296\/394 brn
|
|-weather|RainDance|[upkeep]
|-heal|p2a: Slowbro|394\/394 brn|[from] move: Wish|[wisher] Clefable
|-heal|p1a: Manaphy|335\/361|[from] item: Leftovers
|-damage|p2a: Slowbro|345\/394 brn|[from] brn
|turn|20
|
|move|p1a: Manaphy|Tail Glow|p1a: Manaphy
|-boost|p1a: Manaphy|spa|3
|move|p2a: Slowbro|Scald|p1a: Manaphy
|-resisted|p1a: Manaphy
|-damage|p1a: Manaphy|259\/361
|
|-weather|RainDance|[upkeep]
|-heal|p1a: Manaphy|281\/361|[from] item: Leftovers
|-heal|p2a: Slowbro|369\/394 brn|[from] item: Leftovers
|-damage|p2a: Slowbro|320\/394 brn|[from] brn
|turn|21
|-message|Ox the Box forfeited.
|leave|Ox the Box
|
|win|ben69
|raw|Ladder updating...
|player|p2
|raw|ben69's rating: 1761 &rarr; <strong>1777<\/strong><br \/>(+16 for winning)
|raw|Ox the Box's rating: 1683 &rarr; <strong>1668<\/strong><br \/>(-15 for losing)