|join|Darkterror65
|join|ben69
|player|p1|Darkterror65|134
|player|p2|ben69|167
|gametype|singles
|gen|6
|tier|OU (suspect test)
|rated
|clearpoke
|poke|p1|Hitmonlee, M
|poke|p1|Charizard, M
|poke|p1|Clefable, F
|poke|p1|Crawdaunt, F
|poke|p1|Slowbro, M
|poke|p1|Landorus-Therian, M
|poke|p2|Clefable, M
|poke|p2|Gliscor, M
|poke|p2|Rotom-Wash
|poke|p2|Charizard, M
|poke|p2|Gengar, M
|poke|p2|Ferrothorn, F
|rule|Swagger Clause: Swagger is banned
|rule|Baton Pass Clause: Limit one PokÃ©mon knowing Baton Pass
|rule|Sleep Clause Mod: Limit one foe put to sleep
|rule|Species Clause: Limit one of each PokÃ©mon
|rule|OHKO Clause: OHKO moves are banned
|rule|Moody Clause: Moody is banned
|rule|Evasion Moves Clause: Evasion moves are banned
|rule|Endless Battle Clause: Forcing endless battles is banned
|rule|HP Percentage Mod: HP is shown in percentages
|teampreview
|
|start
|switch|p1a: Landorus-Therian|Landorus-Therian, M|381\/381
|switch|p2a: Rotom-Wash|Rotom-Wash|303\/303
|-ability|p1a: Landorus-Therian|Intimidate|[of] p2a: Rotom-Wash
|-unboost|p2a: Rotom-Wash|atk|1
|turn|1
|
|move|p1a: Landorus-Therian|Stealth Rock|p2a: Rotom-Wash
|-sidestart|p2: ben69|move: Stealth Rock
|move|p2a: Rotom-Wash|Will-O-Wisp|p1a: Landorus-Therian
|-status|p1a: Landorus-Therian|brn
|
|-damage|p1a: Landorus-Therian|334\/381 brn|[from] brn
|turn|2
|
|move|p1a: Landorus-Therian|Knock Off|p2a: Rotom-Wash
|-crit|p2a: Rotom-Wash
|-damage|p2a: Rotom-Wash|242\/303
|-enditem|p2a: Rotom-Wash|Leftovers|[from] move: Knock Off|[of] p1a: Landorus-Therian
|move|p2a: Rotom-Wash|Hydro Pump|p1a: Landorus-Therian
|-supereffective|p1a: Landorus-Therian
|-damage|p1a: Landorus-Therian|0 fnt
|faint|p1a: Landorus-Therian
|
|
|switch|p1a: Charizard|Charizard, M|307\/307
|turn|3
|
|detailschange|p1a: Charizard|Charizard-Mega-X, M
|-mega|p1a: Charizard|Charizard|Charizardite X
|move|p1a: Charizard|Flare Blitz|p2a: Rotom-Wash
|-resisted|p2a: Rotom-Wash
|-damage|p2a: Rotom-Wash|138\/303
|-damage|p1a: Charizard|273\/307|[from] recoil|[of] p2a: Rotom-Wash
|move|p2a: Rotom-Wash|Volt Switch|p1a: Charizard
|-resisted|p1a: Charizard
|-damage|p1a: Charizard|219\/307
|
|switch|p2a: Gliscor|Gliscor, M|352\/352
|-damage|p2a: Gliscor|308\/352|[from] Stealth Rock
|
|-status|p2a: Gliscor|tox|[from] item: Toxic Orb
|turn|4
|
|switch|p1a: Clefable|Clefable, F|393\/393
|move|p2a: Gliscor|Earthquake|p1a: Clefable
|-damage|p1a: Clefable|296\/393
|
|-heal|p1a: Clefable|320\/393|[from] item: Leftovers
|-heal|p2a: Gliscor|352\/352 tox|[from] ability: Poison Heal
|turn|5
|
|move|p2a: Gliscor|Taunt|p1a: Clefable
|-start|p1a: Clefable|move: Taunt
|move|p1a: Clefable|Flamethrower|p2a: Gliscor
|-damage|p2a: Gliscor|288\/352 tox
|
|-heal|p1a: Clefable|344\/393|[from] item: Leftovers
|-heal|p2a: Gliscor|332\/352 tox|[from] ability: Poison Heal
|turn|6
|
|switch|p1a: Slowbro|Slowbro, M|393\/393
|move|p2a: Gliscor|Knock Off|p1a: Slowbro
|-supereffective|p1a: Slowbro
|-damage|p1a: Slowbro|299\/393
|-enditem|p1a: Slowbro|Leftovers|[from] move: Knock Off|[of] p2a: Gliscor
|
|-heal|p2a: Gliscor|352\/352 tox|[from] ability: Poison Heal
|turn|7
|
|switch|p2a: Ferrothorn|Ferrothorn, F|352\/352
|-damage|p2a: Ferrothorn|330\/352|[from] Stealth Rock
|switch|p1a: Clefable|Clefable, F|344\/393
|
|-heal|p1a: Clefable|368\/393|[from] item: Leftovers
|-heal|p2a: Ferrothorn|352\/352|[from] item: Leftovers
|turn|8
|
|move|p1a: Clefable|Calm Mind|p1a: Clefable
|-boost|p1a: Clefable|spa|1
|-boost|p1a: Clefable|spd|1
|move|p2a: Ferrothorn|Stealth Rock|p1a: Clefable
|-sidestart|p1: Darkterror65|move: Stealth Rock
|
|-heal|p1a: Clefable|392\/393|[from] item: Leftovers
|turn|9
|
|switch|p2a: Charizard|Charizard, M|333\/333
|-damage|p2a: Charizard|167\/333|[from] Stealth Rock
|move|p1a: Clefable|Flamethrower|p2a: Charizard
|-resisted|p2a: Charizard
|-damage|p2a: Charizard|105\/333
|
|-heal|p1a: Clefable|393\/393|[from] item: Leftovers
|turn|10
|
|move|p2a: Charizard|Roost|p2a: Charizard
|-heal|p2a: Charizard|272\/333
|move|p1a: Clefable|Moonblast|p2a: Charizard
|-resisted|p2a: Charizard
|-damage|p2a: Charizard|176\/333
|
|turn|11
|
|detailschange|p2a: Charizard|Charizard-Mega-X, M
|-mega|p2a: Charizard|Charizard|Charizardite X
|move|p2a: Charizard|Flare Blitz|p1a: Clefable
|-damage|p1a: Clefable|129\/393
|-damage|p2a: Charizard|89\/333|[from] recoil|[of] p1a: Clefable
|move|p1a: Clefable|Calm Mind|p1a: Clefable
|-boost|p1a: Clefable|spa|1
|-boost|p1a: Clefable|spd|1
|
|-heal|p1a: Clefable|153\/393|[from] item: Leftovers
|turn|12
|
|switch|p1a: Slowbro|Slowbro, M|393\/393
|-damage|p1a: Slowbro|344\/393|[from] Stealth Rock
|move|p2a: Charizard|Flare Blitz|p1a: Slowbro
|-resisted|p1a: Slowbro
|-damage|p1a: Slowbro|233\/393
|-damage|p2a: Charizard|52\/333|[from] recoil|[of] p1a: Slowbro
|
|turn|13
|
|move|p2a: Charizard|Roost|p2a: Charizard
|-heal|p2a: Charizard|219\/333
|move|p1a: Slowbro|Scald|p2a: Charizard
|-damage|p2a: Charizard|105\/333
|
|turn|14
|
|move|p2a: Charizard|Roost|p2a: Charizard
|-heal|p2a: Charizard|272\/333
|move|p1a: Slowbro|Thunder Wave|p2a: Charizard
|-status|p2a: Charizard|par
|
|turn|15
|
|move|p1a: Slowbro|Scald|p2a: Charizard
|-damage|p2a: Charizard|161\/333 par
|cant|p2a: Charizard|par
|
|turn|16
|
|move|p1a: Slowbro|Scald|p2a: Charizard
|-damage|p2a: Charizard|52\/333 par
|move|p2a: Charizard|Roost|p2a: Charizard
|-heal|p2a: Charizard|219\/333 par
|
|turn|17
|
|move|p1a: Slowbro|Scald|p2a: Charizard
|-damage|p2a: Charizard|101\/333 par
|cant|p2a: Charizard|par
|
|turn|18
|
|move|p1a: Slowbro|Scald|p2a: Charizard
|-damage|p2a: Charizard|1\/333 par
|move|p2a: Charizard|Will-O-Wisp|p1a: Slowbro
|-status|p1a: Slowbro|brn
|
|-damage|p1a: Slowbro|184\/393 brn|[from] brn
|turn|19
|
|move|p1a: Slowbro|Scald|p2a: Charizard
|-damage|p2a: Charizard|0 fnt
|faint|p2a: Charizard
|
|-damage|p1a: Slowbro|135\/393 brn|[from] brn
|
|switch|p2a: Gengar|Gengar, M|263\/263
|-damage|p2a: Gengar|231\/263|[from] Stealth Rock
|turn|20
|
|move|p2a: Gengar|Sludge Wave|p1a: Slowbro
|-damage|p1a: Slowbro|0 fnt
|faint|p1a: Slowbro
|
|-heal|p2a: Gengar|247\/263|[from] item: Black Sludge
|
|switch|p1a: Hitmonlee|Hitmonlee, M|241\/241
|-damage|p1a: Hitmonlee|226\/241|[from] Stealth Rock
|turn|21
|
|move|p1a: Hitmonlee|Sucker Punch|p2a: Gengar
|-fail|p2a: Gengar
|move|p2a: Gengar|Will-O-Wisp|p1a: Hitmonlee
|-status|p1a: Hitmonlee|brn
|
|-heal|p2a: Gengar|263\/263|[from] item: Black Sludge
|-damage|p1a: Hitmonlee|196\/241 brn|[from] brn
|turn|22
|
|switch|p2a: Clefable|Clefable, M|394\/394
|move|p1a: Hitmonlee|Rapid Spin|p2a: Clefable
|-damage|p2a: Clefable|383\/394
|-sideend|p1: Darkterror65|Stealth Rock|[from] move: Rapid Spin|[of] p1a: Hitmonlee
|
|-heal|p2a: Clefable|394\/394|[from] item: Leftovers
|-damage|p1a: Hitmonlee|166\/241 brn|[from] brn
|turn|23
|
|switch|p1a: Charizard|Charizard-Mega-X, M|219\/307
|move|p2a: Clefable|Calm Mind|p2a: Clefable
|-boost|p2a: Clefable|spa|1
|-boost|p2a: Clefable|spd|1
|
|turn|24
|
|move|p1a: Charizard|Flare Blitz|p2a: Clefable
|-damage|p2a: Clefable|81\/394
|-damage|p1a: Charizard|116\/307|[from] recoil|[of] p2a: Clefable
|move|p2a: Clefable|Moonblast|p1a: Charizard
|-damage|p1a: Charizard|0 fnt
|faint|p1a: Charizard
|
|-heal|p2a: Clefable|105\/394|[from] item: Leftovers
|
|switch|p1a: Crawdaunt|Crawdaunt, F|267\/267
|turn|25
|
|move|p1a: Crawdaunt|Knock Off|p2a: Clefable
|-resisted|p2a: Clefable
|-damage|p2a: Clefable|0 fnt
|-enditem|p2a: Clefable|Leftovers|[from] move: Knock Off|[of] p1a: Crawdaunt
|-damage|p1a: Crawdaunt|241\/267|[from] item: Life Orb
|faint|p2a: Clefable
|
|
|switch|p2a: Ferrothorn|Ferrothorn, F|352\/352
|-damage|p2a: Ferrothorn|330\/352|[from] Stealth Rock
|turn|26
|
|switch|p1a: Clefable|Clefable, F|153\/393
|move|p2a: Ferrothorn|Gyro Ball|p1a: Clefable
|-supereffective|p1a: Clefable
|-damage|p1a: Clefable|0 fnt
|faint|p1a: Clefable
|
|-heal|p2a: Ferrothorn|352\/352|[from] item: Leftovers
|
|switch|p1a: Crawdaunt|Crawdaunt, F|241\/267
|turn|27
|
|move|p1a: Crawdaunt|Swords Dance|p1a: Crawdaunt
|-boost|p1a: Crawdaunt|atk|2
|move|p2a: Ferrothorn|Leech Seed|p1a: Crawdaunt
|-start|p1a: Crawdaunt|move: Leech Seed
|
|-damage|p1a: Crawdaunt|208\/267|[from] Leech Seed|[of] p2a: Ferrothorn
|turn|28
|
|move|p2a: Ferrothorn|Protect|p2a: Ferrothorn
|-singleturn|p2a: Ferrothorn|Protect
|move|p1a: Crawdaunt|Knock Off|p2a: Ferrothorn
|-activate|p2a: Ferrothorn|Protect
|
|-damage|p1a: Crawdaunt|175\/267|[from] Leech Seed|[of] p2a: Ferrothorn
|turn|29
|
|move|p1a: Crawdaunt|Knock Off|p2a: Ferrothorn
|-damage|p2a: Ferrothorn|0 fnt
|-damage|p1a: Crawdaunt|142\/267|[from] ability: Iron Barbs|[of] p2a: Ferrothorn
|-enditem|p2a: Ferrothorn|Leftovers|[from] move: Knock Off|[of] p1a: Crawdaunt
|-damage|p1a: Crawdaunt|116\/267|[from] item: Life Orb
|faint|p2a: Ferrothorn
|
|
|switch|p2a: Gengar|Gengar, M|263\/263
|-damage|p2a: Gengar|231\/263|[from] Stealth Rock
|turn|30
|
|switch|p2a: Rotom-Wash|Rotom-Wash|138\/303
|-damage|p2a: Rotom-Wash|101\/303|[from] Stealth Rock
|move|p1a: Crawdaunt|Aqua Jet|p2a: Rotom-Wash
|-resisted|p2a: Rotom-Wash
|-damage|p2a: Rotom-Wash|15\/303
|-damage|p1a: Crawdaunt|90\/267|[from] item: Life Orb
|
|-damage|p1a: Crawdaunt|57\/267|[from] Leech Seed|[of] p2a: Rotom-Wash
|-heal|p2a: Rotom-Wash|48\/303|[silent]
|turn|31
|
|move|p1a: Crawdaunt|Aqua Jet|p2a: Rotom-Wash
|-resisted|p2a: Rotom-Wash
|-damage|p2a: Rotom-Wash|0 fnt
|-damage|p1a: Crawdaunt|31\/267|[from] item: Life Orb
|faint|p2a: Rotom-Wash
|
|
|switch|p2a: Gliscor|Gliscor, M|352\/352 tox
|-damage|p2a: Gliscor|308\/352 tox|[from] Stealth Rock
|turn|32
|
|move|p1a: Crawdaunt|Aqua Jet|p2a: Gliscor
|-supereffective|p2a: Gliscor
|-damage|p2a: Gliscor|0 fnt
|-damage|p1a: Crawdaunt|5\/267|[from] item: Life Orb
|faint|p2a: Gliscor
|
|
|switch|p2a: Gengar|Gengar, M|231\/263
|-damage|p2a: Gengar|199\/263|[from] Stealth Rock
|turn|33
|c|âDarkterror65|gg
|
|move|p1a: Crawdaunt|Aqua Jet|p2a: Gengar
|-crit|p2a: Gengar
|-damage|p2a: Gengar|0 fnt
|-damage|p1a: Crawdaunt|0 fnt|[from] item: Life Orb
|faint|p2a: Gengar
|faint|p1a: Crawdaunt
|
|win|Darkterror65
|raw|Ladder updating...
|raw|Darkterror65's rating: 1419 &rarr; <strong>1434<\/strong><br \/>(+15 for winning)
|raw|ben69's rating: 1345 &rarr; <strong>1330<\/strong><br \/>(-15 for losing)
|leave|Darkterror65
|player|p1
|join|Darkterror65