|join|ben69
|join|Bammm101
|player|p1|ben69|2
|player|p2|Bammm101|290
|gametype|singles
|gen|6
|tier|OU (suspect test)
|rated
|clearpoke
|poke|p1|Sylveon, F
|poke|p1|Gyarados, M
|poke|p1|Hippowdon, M
|poke|p1|Tyranitar, M
|poke|p1|Jirachi
|poke|p1|Celebi
|poke|p2|Slowbro, F
|poke|p2|Landorus-Therian, M
|poke|p2|Keldeo-Resolute
|poke|p2|Heatran, F
|poke|p2|Togekiss, M
|poke|p2|Bisharp, M
|rule|Swagger Clause: Swagger is banned
|rule|Baton Pass Clause: Limit one PokÃ©mon knowing Baton Pass
|rule|Sleep Clause Mod: Limit one foe put to sleep
|rule|Species Clause: Limit one of each PokÃ©mon
|rule|OHKO Clause: OHKO moves are banned
|rule|Moody Clause: Moody is banned
|rule|Evasion Moves Clause: Evasion moves are banned
|rule|Endless Battle Clause: Forcing endless battles is banned
|rule|HP Percentage Mod: HP is shown in percentages
|teampreview
|
|start
|switch|p1a: Gyarados|Gyarados, M|346\/346
|switch|p2a: Keldeo-Resolute|Keldeo-Resolute|323\/323
|-ability|p1a: Gyarados|Intimidate|[of] p2a: Keldeo-Resolute
|-unboost|p2a: Keldeo-Resolute|atk|1
|turn|1
|
|switch|p1a: Celebi|Celebi|404\/404
|move|p2a: Keldeo-Resolute|Scald|p1a: Celebi
|-resisted|p1a: Celebi
|-damage|p1a: Celebi|350\/404
|
|-heal|p1a: Celebi|375\/404|[from] item: Leftovers
|turn|2
|
|switch|p2a: Bisharp|Bisharp, M|334\/334
|move|p1a: Celebi|Nasty Plot|p1a: Celebi
|-boost|p1a: Celebi|spa|2
|
|-heal|p1a: Celebi|400\/404|[from] item: Leftovers
|turn|3
|
|switch|p1a: Hippowdon|Hippowdon, M|420\/420
|-weather|Sandstorm
|move|p2a: Bisharp|Knock Off|p1a: Hippowdon
|-damage|p1a: Hippowdon|247\/420
|-enditem|p1a: Hippowdon|Leftovers|[from] move: Knock Off|[of] p2a: Bisharp
|-damage|p2a: Bisharp|301\/334|[from] item: Life Orb
|
|-weather|Sandstorm|[upkeep]
|turn|4
|
|switch|p2a: Slowbro|Slowbro, F|393\/393
|move|p1a: Hippowdon|Stealth Rock|p2a: Slowbro
|-sidestart|p2: Bammm101|move: Stealth Rock
|
|-weather|Sandstorm|[upkeep]
|-damage|p2a: Slowbro|369\/393|[from] sandstorm
|turn|5
|
|switch|p1a: Celebi|Celebi|400\/404
|move|p2a: Slowbro|Scald|p1a: Celebi
|-resisted|p1a: Celebi
|-damage|p1a: Celebi|364\/404
|
|-weather|Sandstorm|[upkeep]
|-damage|p1a: Celebi|339\/404|[from] sandstorm
|-damage|p2a: Slowbro|345\/393|[from] sandstorm
|-heal|p1a: Celebi|364\/404|[from] item: Leftovers
|turn|6
|
|switch|p2a: Bisharp|Bisharp, M|301\/334
|-damage|p2a: Bisharp|281\/334|[from] Stealth Rock
|move|p1a: Celebi|Earth Power|p2a: Bisharp
|-crit|p2a: Bisharp
|-supereffective|p2a: Bisharp
|-damage|p2a: Bisharp|0 fnt
|faint|p2a: Bisharp
|
|-weather|Sandstorm|[upkeep]
|-damage|p1a: Celebi|339\/404|[from] sandstorm
|-heal|p1a: Celebi|364\/404|[from] item: Leftovers
|
|switch|p2a: Landorus-Therian|Landorus-Therian, M|319\/319
|-damage|p2a: Landorus-Therian|280\/319|[from] Stealth Rock
|-ability|p2a: Landorus-Therian|Intimidate|[of] p1a: Celebi
|-unboost|p1a: Celebi|atk|1
|turn|7
|
|switch|p1a: Hippowdon|Hippowdon, M|247\/420
|move|p2a: Landorus-Therian|U-turn|p1a: Hippowdon
|-damage|p1a: Hippowdon|186\/420
|
|switch|p2a: Keldeo-Resolute|Keldeo-Resolute|323\/323
|-damage|p2a: Keldeo-Resolute|303\/323|[from] Stealth Rock
|
|-weather|none
|-heal|p2a: Keldeo-Resolute|323\/323|[from] item: Leftovers
|turn|8
|
|switch|p1a: Celebi|Celebi|364\/404
|move|p2a: Keldeo-Resolute|Scald|p1a: Celebi
|-resisted|p1a: Celebi
|-damage|p1a: Celebi|307\/404
|
|-heal|p1a: Celebi|332\/404|[from] item: Leftovers
|turn|9
|
|switch|p2a: Landorus-Therian|Landorus-Therian, M|280\/319
|-damage|p2a: Landorus-Therian|241\/319|[from] Stealth Rock
|-ability|p2a: Landorus-Therian|Intimidate|[of] p1a: Celebi
|-unboost|p1a: Celebi|atk|1
|move|p1a: Celebi|Giga Drain|p2a: Landorus-Therian
|-damage|p2a: Landorus-Therian|126\/319
|-heal|p1a: Celebi|390\/404|[from] drain|[of] p2a: Landorus-Therian
|
|-heal|p1a: Celebi|404\/404|[from] item: Leftovers
|turn|10
|
|switch|p1a: Gyarados|Gyarados, M|346\/346
|-ability|p1a: Gyarados|Intimidate|[of] p2a: Landorus-Therian
|-unboost|p2a: Landorus-Therian|atk|1
|move|p2a: Landorus-Therian|U-turn|p1a: Gyarados
|-resisted|p1a: Gyarados
|-damage|p1a: Gyarados|309\/346
|
|switch|p2a: Togekiss|Togekiss, M|374\/374
|-damage|p2a: Togekiss|281\/374|[from] Stealth Rock
|
|-heal|p2a: Togekiss|304\/374|[from] item: Leftovers
|turn|11
|
|switch|p1a: Hippowdon|Hippowdon, M|186\/420
|-weather|Sandstorm
|move|p2a: Togekiss|Thunder Wave|p1a: Hippowdon
|-immune|p1a: Hippowdon|[msg]
|
|-weather|Sandstorm|[upkeep]
|-damage|p2a: Togekiss|281\/374|[from] sandstorm
|-heal|p2a: Togekiss|304\/374|[from] item: Leftovers
|turn|12
|
|move|p2a: Togekiss|Defog|p1a: Hippowdon
|-unboost|p1a: Hippowdon|evasion|1
|-sideend|p2: Bammm101|Stealth Rock|[from] move: Defog|[of] p2a: Togekiss
|move|p1a: Hippowdon|Slack Off|p1a: Hippowdon
|-heal|p1a: Hippowdon|396\/420
|
|-weather|Sandstorm|[upkeep]
|-damage|p2a: Togekiss|281\/374|[from] sandstorm
|-heal|p2a: Togekiss|304\/374|[from] item: Leftovers
|turn|13
|
|move|p2a: Togekiss|Wish|p2a: Togekiss
|move|p1a: Hippowdon|Stealth Rock|p2a: Togekiss
|-sidestart|p2: Bammm101|move: Stealth Rock
|
|-weather|Sandstorm|[upkeep]
|-damage|p2a: Togekiss|281\/374|[from] sandstorm
|-heal|p2a: Togekiss|304\/374|[from] item: Leftovers
|turn|14
|
|switch|p2a: Slowbro|Slowbro, F|393\/393
|-damage|p2a: Slowbro|344\/393|[from] Stealth Rock
|move|p1a: Hippowdon|Stone Edge|p2a: Slowbro|[miss]
|-miss|p1a: Hippowdon|p2a: Slowbro
|
|-weather|Sandstorm|[upkeep]
|-damage|p2a: Slowbro|320\/393|[from] sandstorm
|-heal|p2a: Slowbro|393\/393|[from] move: Wish|[wisher] Togekiss
|turn|15
|
|switch|p1a: Sylveon|Sylveon, F|388\/388
|move|p2a: Slowbro|Calm Mind|p2a: Slowbro
|-boost|p2a: Slowbro|spa|1
|-boost|p2a: Slowbro|spd|1
|
|-weather|none
|turn|16
|
|move|p1a: Sylveon|Hyper Voice|p2a: Slowbro
|-damage|p2a: Slowbro|161\/393
|move|p2a: Slowbro|Psyshock|p1a: Sylveon
|-damage|p1a: Sylveon|174\/388
|
|turn|17
|
|switch|p1a: Gyarados|Gyarados, M|309\/346
|-ability|p1a: Gyarados|Intimidate|[of] p2a: Slowbro
|-unboost|p2a: Slowbro|atk|1
|switch|p2a: Heatran|Heatran, F|324\/324
|-damage|p2a: Heatran|284\/324|[from] Stealth Rock
|
|turn|18
|
|detailschange|p1a: Gyarados|Gyarados-Mega, M
|-mega|p1a: Gyarados|Gyarados|Gyaradosite
|-ability|p1a: Gyarados|Mold Breaker
|move|p2a: Heatran|Solar Beam|p1a: Gyarados|[still]
|-prepare|p2a: Heatran|Solar Beam|p1a: Gyarados
|-enditem|p2a: Heatran|Power Herb
|-anim|p2a: Heatran|Solar Beam|p1a: Gyarados
|-supereffective|p1a: Gyarados
|-damage|p1a: Gyarados|69\/346
|move|p1a: Gyarados|Waterfall|p2a: Heatran
|-supereffective|p2a: Heatran
|-damage|p2a: Heatran|0 fnt
|faint|p2a: Heatran
|
|
|switch|p2a: Keldeo-Resolute|Keldeo-Resolute|323\/323
|-damage|p2a: Keldeo-Resolute|303\/323|[from] Stealth Rock
|turn|19
|
|switch|p1a: Celebi|Celebi|404\/404
|move|p2a: Keldeo-Resolute|Secret Sword|p1a: Celebi
|-resisted|p1a: Celebi
|-damage|p1a: Celebi|324\/404
|
|-heal|p2a: Keldeo-Resolute|323\/323|[from] item: Leftovers
|-heal|p1a: Celebi|349\/404|[from] item: Leftovers
|turn|20
|
|switch|p2a: Togekiss|Togekiss, M|304\/374
|-damage|p2a: Togekiss|211\/374|[from] Stealth Rock
|move|p1a: Celebi|Giga Drain|p2a: Togekiss
|-resisted|p2a: Togekiss
|-damage|p2a: Togekiss|178\/374
|-heal|p1a: Celebi|366\/404|[from] drain|[of] p2a: Togekiss
|
|-heal|p1a: Celebi|391\/404|[from] item: Leftovers
|-heal|p2a: Togekiss|201\/374|[from] item: Leftovers
|turn|21
|
|switch|p1a: Sylveon|Sylveon, F|174\/388
|move|p2a: Togekiss|Wish|p2a: Togekiss
|
|-heal|p2a: Togekiss|224\/374|[from] item: Leftovers
|turn|22
|
|move|p2a: Togekiss|Thunder Wave|p1a: Sylveon
|-status|p1a: Sylveon|par
|move|p1a: Sylveon|Hyper Voice|p2a: Togekiss
|-damage|p2a: Togekiss|37\/374
|
|-heal|p2a: Togekiss|224\/374|[from] move: Wish|[wisher] Togekiss
|-heal|p2a: Togekiss|247\/374|[from] item: Leftovers
|turn|23
|
|move|p2a: Togekiss|Defog|p1a: Sylveon
|-unboost|p1a: Sylveon|evasion|1
|-sideend|p2: Bammm101|Stealth Rock|[from] move: Defog|[of] p2a: Togekiss
|cant|p1a: Sylveon|par
|
|-heal|p2a: Togekiss|270\/374|[from] item: Leftovers
|turn|24
|
|move|p2a: Togekiss|Wish|p2a: Togekiss
|move|p1a: Sylveon|Hyper Voice|p2a: Togekiss
|-damage|p2a: Togekiss|72\/374
|
|-heal|p2a: Togekiss|95\/374|[from] item: Leftovers
|turn|25
|
|move|p2a: Togekiss|Heal Bell|p2a: Togekiss
|-cureteam|p2a: Togekiss|[from] move: HealBell
|cant|p1a: Sylveon|par
|
|-heal|p2a: Togekiss|282\/374|[from] move: Wish|[wisher] Togekiss
|-heal|p2a: Togekiss|305\/374|[from] item: Leftovers
|turn|26
|
|move|p2a: Togekiss|Wish|p2a: Togekiss
|cant|p1a: Sylveon|par
|
|-heal|p2a: Togekiss|328\/374|[from] item: Leftovers
|turn|27
|
|switch|p2a: Landorus-Therian|Landorus-Therian, M|126\/319
|-ability|p2a: Landorus-Therian|Intimidate|[of] p1a: Sylveon
|-unboost|p1a: Sylveon|atk|1
|move|p1a: Sylveon|Hyper Voice|p2a: Landorus-Therian
|-damage|p2a: Landorus-Therian|0 fnt
|faint|p2a: Landorus-Therian
|
|
|switch|p2a: Keldeo-Resolute|Keldeo-Resolute|323\/323
|turn|28
|
|move|p2a: Keldeo-Resolute|Substitute|p2a: Keldeo-Resolute
|-start|p2a: Keldeo-Resolute|Substitute
|-damage|p2a: Keldeo-Resolute|243\/323
|move|p1a: Sylveon|Hyper Voice|p2a: Keldeo-Resolute
|-crit|p2a: Keldeo-Resolute
|-supereffective|p2a: Keldeo-Resolute
|-damage|p2a: Keldeo-Resolute|0 fnt
|faint|p2a: Keldeo-Resolute
|
|
|switch|p2a: Slowbro|Slowbro, F|292\/393
|turn|29
|
|switch|p1a: Celebi|Celebi|391\/404
|move|p2a: Slowbro|Psyshock|p1a: Celebi
|-resisted|p1a: Celebi
|-damage|p1a: Celebi|343\/404
|
|-heal|p1a: Celebi|368\/404|[from] item: Leftovers
|turn|30
|
|switch|p2a: Togekiss|Togekiss, M|328\/374
|move|p1a: Celebi|Nasty Plot|p1a: Celebi
|-boost|p1a: Celebi|spa|2
|
|-heal|p1a: Celebi|393\/404|[from] item: Leftovers
|-heal|p2a: Togekiss|351\/374|[from] item: Leftovers
|turn|31
|
|move|p1a: Celebi|Nasty Plot|p1a: Celebi
|-boost|p1a: Celebi|spa|2
|move|p2a: Togekiss|Thunder Wave|p1a: Celebi
|-status|p1a: Celebi|par
|
|-heal|p2a: Togekiss|374\/374|[from] item: Leftovers
|-heal|p1a: Celebi|404\/404 par|[from] item: Leftovers
|turn|32
|
|move|p2a: Togekiss|Wish|p2a: Togekiss
|cant|p1a: Celebi|par
|
|turn|33
|
|move|p2a: Togekiss|Defog|p1a: Celebi
|-unboost|p1a: Celebi|evasion|1
|move|p1a: Celebi|Nasty Plot|p1a: Celebi
|-boost|p1a: Celebi|spa|2
|
|turn|34
|
|move|p2a: Togekiss|Wish|p2a: Togekiss
|move|p1a: Celebi|Giga Drain|p2a: Togekiss
|-crit|p2a: Togekiss
|-resisted|p2a: Togekiss
|-damage|p2a: Togekiss|205\/374
|
|-heal|p2a: Togekiss|228\/374|[from] item: Leftovers
|turn|35
|
|switch|p1a: Gyarados|Gyarados-Mega, M|69\/346
|-ability|p1a: Gyarados|Mold Breaker
|move|p2a: Togekiss|Thunder Wave|p1a: Gyarados
|-status|p1a: Gyarados|par
|
|-heal|p2a: Togekiss|374\/374|[from] move: Wish|[wisher] Togekiss
|turn|36
|
|move|p2a: Togekiss|Wish|p2a: Togekiss
|move|p1a: Gyarados|Taunt|p2a: Togekiss
|-start|p2a: Togekiss|move: Taunt
|
|turn|37
|
|move|p2a: Togekiss|Struggle|p1a: Gyarados
|-damage|p1a: Gyarados|51\/346 par
|-damage|p2a: Togekiss|281\/374
|move|p1a: Gyarados|Crunch|p2a: Togekiss
|-resisted|p2a: Togekiss
|-damage|p2a: Togekiss|199\/374
|
|-heal|p2a: Togekiss|374\/374|[from] move: Wish|[wisher] Togekiss
|turn|38
|
|switch|p2a: Slowbro|Slowbro, F|393\/393
|cant|p1a: Gyarados|par
|
|turn|39
|
|detailschange|p2a: Slowbro|Slowbro-Mega, F
|-mega|p2a: Slowbro|Slowbro|Slowbronite
|move|p2a: Slowbro|Calm Mind|p2a: Slowbro
|-boost|p2a: Slowbro|spa|1
|-boost|p2a: Slowbro|spd|1
|move|p1a: Gyarados|Crunch|p2a: Slowbro
|-supereffective|p2a: Slowbro
|-damage|p2a: Slowbro|243\/393
|
|turn|40
|
|move|p2a: Slowbro|Calm Mind|p2a: Slowbro
|-boost|p2a: Slowbro|spa|1
|-boost|p2a: Slowbro|spd|1
|move|p1a: Gyarados|Crunch|p2a: Slowbro
|-crit|p2a: Slowbro
|-supereffective|p2a: Slowbro
|-damage|p2a: Slowbro|0 fnt
|faint|p2a: Slowbro
|
|c|âBammm101|crity
|c|âben69|mold breaker
|c|âBammm101|yeah
|c|âBammm101|shit
|c|âben69|that sped things up a bit
|c|âBammm101|gg
|
|switch|p2a: Togekiss|Togekiss, M|374\/374
|turn|41
|-message|Bammm101 forfeited.
|c|âben69|gg
|
|win|ben69
|raw|Ladder updating...
|raw|ben69's rating: 1228 &rarr; <strong>1254<\/strong><br \/>(+26 for winning)
|raw|Bammm101's rating: 1250 &rarr; <strong>1224<\/strong><br \/>(-26 for losing)
|leave|Bammm101