|join|ben69
|join|Kekin Hard
|join|Kekin Harder
|player|p1|ben69|102
|player|p2|Kekin Hard|285
|gametype|singles
|gen|6
|tier|OU (suspect test)
|rated
|clearpoke
|poke|p1|Pidgeot, F
|poke|p1|Azumarill, M
|poke|p1|Starmie
|poke|p1|Tyranitar, M
|poke|p1|Hydreigon, F
|poke|p1|Landorus, M
|poke|p2|Rotom-Wash
|poke|p2|Victini
|poke|p2|Landorus-Therian, M
|poke|p2|Manectric, M
|poke|p2|Jirachi
|poke|p2|Skarmory, F
|rule|Swagger Clause: Swagger is banned
|rule|Baton Pass Clause: Limit one PokÃ©mon knowing Baton Pass
|rule|Sleep Clause Mod: Limit one foe put to sleep
|rule|Species Clause: Limit one of each PokÃ©mon
|rule|OHKO Clause: OHKO moves are banned
|rule|Moody Clause: Moody is banned
|rule|Evasion Moves Clause: Evasion moves are banned
|rule|Endless Battle Clause: Forcing endless battles is banned
|rule|HP Percentage Mod: HP is shown in percentages
|teampreview
|
|start
|switch|p1a: Landorus|Landorus, M|339\/339
|switch|p2a: Rotom-Wash|Rotom-Wash|303\/303
|turn|1
|
|move|p1a: Landorus|U-turn|p2a: Rotom-Wash
|-damage|p2a: Rotom-Wash|249\/303
|
|switch|p1a: Tyranitar|Tyranitar, M|404\/404
|-weather|Sandstorm
|move|p2a: Rotom-Wash|Will-O-Wisp|p1a: Tyranitar
|-status|p1a: Tyranitar|brn
|
|-weather|Sandstorm|[upkeep]
|-damage|p2a: Rotom-Wash|231\/303|[from] sandstorm
|-heal|p2a: Rotom-Wash|249\/303|[from] item: Leftovers
|-damage|p1a: Tyranitar|354\/404 brn|[from] brn
|turn|2
|
|move|p2a: Rotom-Wash|Volt Switch|p1a: Tyranitar
|-crit|p1a: Tyranitar
|-damage|p1a: Tyranitar|261\/404 brn
|
|switch|p2a: Skarmory|Skarmory, F|332\/332
|move|p1a: Tyranitar|Stealth Rock|p2a: Skarmory
|-sidestart|p2: Kekin Hard|move: Stealth Rock
|
|-weather|Sandstorm|[upkeep]
|-damage|p1a: Tyranitar|211\/404 brn|[from] brn
|turn|3
|
|switch|p1a: Hydreigon|Hydreigon, F|325\/325
|move|p2a: Skarmory|Defog|p1a: Hydreigon
|-unboost|p1a: Hydreigon|evasion|1
|-sideend|p2: Kekin Hard|Stealth Rock|[from] move: Defog|[of] p2a: Skarmory
|
|-weather|Sandstorm|[upkeep]
|-damage|p1a: Hydreigon|305\/325|[from] sandstorm
|turn|4
|
|switch|p2a: Landorus-Therian|Landorus-Therian, M|319\/319
|-ability|p2a: Landorus-Therian|Intimidate|[of] p1a: Hydreigon
|-unboost|p1a: Hydreigon|atk|1
|move|p1a: Hydreigon|Dark Pulse|p2a: Landorus-Therian
|-damage|p2a: Landorus-Therian|99\/319
|-damage|p1a: Hydreigon|273\/325|[from] item: Life Orb
|
|-weather|Sandstorm|[upkeep]
|-damage|p1a: Hydreigon|253\/325|[from] sandstorm
|turn|5
|
|switch|p1a: Landorus|Landorus, M|339\/339
|move|p2a: Landorus-Therian|U-turn|p1a: Landorus
|-resisted|p1a: Landorus
|-damage|p1a: Landorus|287\/339
|
|switch|p2a: Rotom-Wash|Rotom-Wash|249\/303
|
|-weather|none
|-heal|p2a: Rotom-Wash|267\/303|[from] item: Leftovers
|turn|6
|
|move|p1a: Landorus|U-turn|p2a: Rotom-Wash
|-damage|p2a: Rotom-Wash|206\/303
|
|switch|p1a: Tyranitar|Tyranitar, M|211\/404 brn
|-weather|Sandstorm
|move|p2a: Rotom-Wash|Hydro Pump|p1a: Tyranitar
|-crit|p1a: Tyranitar
|-supereffective|p1a: Tyranitar
|-damage|p1a: Tyranitar|0 fnt
|faint|p1a: Tyranitar
|
|-weather|Sandstorm|[upkeep]
|-damage|p2a: Rotom-Wash|188\/303|[from] sandstorm
|-heal|p2a: Rotom-Wash|206\/303|[from] item: Leftovers
|
|switch|p1a: Hydreigon|Hydreigon, F|253\/325
|turn|7
|
|move|p1a: Hydreigon|Dark Pulse|p2a: Rotom-Wash
|-damage|p2a: Rotom-Wash|25\/303
|-damage|p1a: Hydreigon|221\/325|[from] item: Life Orb
|move|p2a: Rotom-Wash|Will-O-Wisp|p1a: Hydreigon
|-status|p1a: Hydreigon|brn
|
|-weather|Sandstorm|[upkeep]
|-damage|p1a: Hydreigon|201\/325 brn|[from] sandstorm
|-damage|p2a: Rotom-Wash|7\/303|[from] sandstorm
|-heal|p2a: Rotom-Wash|25\/303|[from] item: Leftovers
|-damage|p1a: Hydreigon|161\/325 brn|[from] brn
|turn|8
|
|move|p1a: Hydreigon|Roost|p1a: Hydreigon
|-heal|p1a: Hydreigon|324\/325 brn
|move|p2a: Rotom-Wash|Hydro Pump|p1a: Hydreigon|[miss]
|-miss|p2a: Rotom-Wash|p1a: Hydreigon
|
|-weather|Sandstorm|[upkeep]
|-damage|p1a: Hydreigon|304\/325 brn|[from] sandstorm
|-damage|p2a: Rotom-Wash|7\/303|[from] sandstorm
|-heal|p2a: Rotom-Wash|25\/303|[from] item: Leftovers
|-damage|p1a: Hydreigon|264\/325 brn|[from] brn
|turn|9
|
|move|p1a: Hydreigon|Dark Pulse|p2a: Rotom-Wash
|-damage|p2a: Rotom-Wash|0 fnt
|-damage|p1a: Hydreigon|232\/325 brn|[from] item: Life Orb
|faint|p2a: Rotom-Wash
|
|-weather|Sandstorm|[upkeep]
|-damage|p1a: Hydreigon|212\/325 brn|[from] sandstorm
|-damage|p1a: Hydreigon|172\/325 brn|[from] brn
|
|switch|p2a: Victini|Victini|341\/341
|turn|10
|
|switch|p1a: Pidgeot|Pidgeot, F|308\/308
|move|p2a: Victini|V-create|p1a: Pidgeot
|-damage|p1a: Pidgeot|0 fnt
|-unboost|p2a: Victini|def|1
|-unboost|p2a: Victini|spd|1
|-unboost|p2a: Victini|spe|1
|faint|p1a: Pidgeot
|
|-weather|none
|
|switch|p1a: Azumarill|Azumarill, M|342\/342
|turn|11
|
|switch|p2a: Jirachi|Jirachi|404\/404
|move|p1a: Azumarill|Belly Drum|p1a: Azumarill
|-damage|p1a: Azumarill|171\/342
|-setboost|p1a: Azumarill|atk|6|[from] move: Belly Drum
|-enditem|p1a: Azumarill|Sitrus Berry|[eat]
|-heal|p1a: Azumarill|256\/342|[from] item: Sitrus Berry
|
|turn|12
|
|move|p2a: Jirachi|Body Slam|p1a: Azumarill
|-damage|p1a: Azumarill|169\/342
|-status|p1a: Azumarill|par
|move|p1a: Azumarill|Knock Off|p2a: Jirachi
|-supereffective|p2a: Jirachi
|-damage|p2a: Jirachi|0 fnt
|-enditem|p2a: Jirachi|Leftovers|[from] move: Knock Off|[of] p1a: Azumarill
|faint|p2a: Jirachi
|
|
|switch|p2a: Manectric|Manectric, M|281\/281
|turn|13
|
|detailschange|p2a: Manectric|Manectric-Mega, M
|-mega|p2a: Manectric|Manectric|Manectite
|-ability|p2a: Manectric|Intimidate|[of] p1a: Azumarill
|-unboost|p1a: Azumarill|atk|1
|move|p1a: Azumarill|Aqua Jet|p2a: Manectric
|-damage|p2a: Manectric|40\/281
|move|p2a: Manectric|Volt Switch|p1a: Azumarill
|-supereffective|p1a: Azumarill
|-damage|p1a: Azumarill|0 fnt
|faint|p1a: Azumarill
|
|switch|p2a: Skarmory|Skarmory, F|332\/332
|
|
|switch|p1a: Starmie|Starmie|261\/261
|turn|14
|
|move|p1a: Starmie|Hydro Pump|p2a: Skarmory
|-damage|p2a: Skarmory|32\/332
|-damage|p1a: Starmie|235\/261|[from] item: Life Orb
|move|p2a: Skarmory|Stealth Rock|p1a: Starmie
|-sidestart|p1: ben69|move: Stealth Rock
|
|-heal|p2a: Skarmory|52\/332|[from] item: Leftovers
|turn|15
|
|move|p1a: Starmie|Ice Beam|p2a: Skarmory
|-damage|p2a: Skarmory|0 fnt
|-damage|p1a: Starmie|209\/261|[from] item: Life Orb
|faint|p2a: Skarmory
|
|
|switch|p2a: Manectric|Manectric-Mega, M|40\/281
|-ability|p2a: Manectric|Intimidate|[of] p1a: Starmie
|-unboost|p1a: Starmie|atk|1
|turn|16
|
|switch|p1a: Hydreigon|Hydreigon, F|172\/325 brn
|-damage|p1a: Hydreigon|132\/325 brn|[from] Stealth Rock
|move|p2a: Manectric|Volt Switch|p1a: Hydreigon
|-resisted|p1a: Hydreigon
|-damage|p1a: Hydreigon|60\/325 brn
|c|âKekin Hard|oh d plaiz
|
|switch|p2a: Landorus-Therian|Landorus-Therian, M|99\/319
|-ability|p2a: Landorus-Therian|Intimidate|[of] p1a: Hydreigon
|-unboost|p1a: Hydreigon|atk|1
|
|-damage|p1a: Hydreigon|20\/325 brn|[from] brn
|turn|17
|
|move|p2a: Landorus-Therian|U-turn|p1a: Hydreigon
|-supereffective|p1a: Hydreigon
|-damage|p1a: Hydreigon|0 fnt
|faint|p1a: Hydreigon
|
|switch|p2a: Manectric|Manectric-Mega, M|40\/281
|
|
|switch|p1a: Landorus|Landorus, M|287\/339
|-damage|p1a: Landorus|245\/339|[from] Stealth Rock
|turn|18
|
|switch|p2a: Landorus-Therian|Landorus-Therian, M|99\/319
|-ability|p2a: Landorus-Therian|Intimidate|[of] p1a: Landorus
|-unboost|p1a: Landorus|atk|1
|move|p1a: Landorus|U-turn|p2a: Landorus-Therian
|-resisted|p2a: Landorus-Therian
|-damage|p2a: Landorus-Therian|70\/319
|
|switch|p1a: Starmie|Starmie|209\/261
|-damage|p1a: Starmie|177\/261|[from] Stealth Rock
|
|turn|19
|
|move|p2a: Landorus-Therian|U-turn|p1a: Starmie
|-supereffective|p1a: Starmie
|-damage|p1a: Starmie|0 fnt
|faint|p1a: Starmie
|
|switch|p2a: Manectric|Manectric-Mega, M|40\/281
|
|
|switch|p1a: Landorus|Landorus, M|245\/339
|-damage|p1a: Landorus|203\/339|[from] Stealth Rock
|turn|20
|
|switch|p2a: Landorus-Therian|Landorus-Therian, M|70\/319
|-ability|p2a: Landorus-Therian|Intimidate|[of] p1a: Landorus
|-unboost|p1a: Landorus|atk|1
|move|p1a: Landorus|Stone Edge|p2a: Landorus-Therian
|-damage|p2a: Landorus-Therian|0 fnt
|faint|p2a: Landorus-Therian
|
|
|switch|p2a: Manectric|Manectric-Mega, M|40\/281
|-ability|p2a: Manectric|Intimidate|[of] p1a: Landorus
|-unboost|p1a: Landorus|atk|1
|turn|21
|
|move|p1a: Landorus|Stone Edge|p2a: Manectric
|-damage|p2a: Manectric|0 fnt
|faint|p2a: Manectric
|
|
|switch|p2a: Victini|Victini|341\/341
|turn|22
|c|âKekin Hard|here
|c|âKekin Hard|you crit
|c|âKekin Hard|and win
|c|âben69|critty
|c|âKekin Hard|right?
|
|move|p1a: Landorus|Stone Edge|p2a: Victini
|-supereffective|p2a: Victini
|-damage|p2a: Victini|233\/341
|move|p2a: Victini|V-create|p1a: Landorus
|-damage|p1a: Landorus|0 fnt
|-unboost|p2a: Victini|def|1
|-unboost|p2a: Victini|spd|1
|-unboost|p2a: Victini|spe|1
|faint|p1a: Landorus
|
|win|Kekin Hard
|raw|Ladder updating...
|c|âKekin Hard|gg
|c|âKekin Hard|:]
|raw|ben69's rating: 1427 &rarr; <strong>1406<\/strong><br \/>(-21 for losing)
|raw|Kekin Hard's rating: 1402 &rarr; <strong>1423<\/strong><br \/>(+21 for winning)