|join|MADKIPZ
|join|ZeroHKO
|player|p1|MADKIPZ|127
|player|p2|ZeroHKO|161
|gametype|singles
|gen|6
|tier|OU
|rated
|clearpoke
|poke|p1|Keldeo-Resolute
|poke|p1|Skarmory, M
|poke|p1|Noivern, M
|poke|p1|Heracross, M
|poke|p1|Azumarill, M
|poke|p1|Garchomp, F
|poke|p2|Klefki, M, shiny
|poke|p2|Tangrowth, M, shiny
|poke|p2|Charizard, M, shiny
|poke|p2|Thundurus, M, shiny
|poke|p2|Landorus-Therian, M, shiny
|poke|p2|Starmie, shiny
|rule|Swagger Clause: Swagger is banned
|rule|Baton Pass Clause: Limit one PokÃ©mon knowing Baton Pass
|rule|Sleep Clause Mod: Limit one foe put to sleep
|rule|Species Clause: Limit one of each PokÃ©mon
|rule|OHKO Clause: OHKO moves are banned
|rule|Moody Clause: Moody is banned
|rule|Evasion Moves Clause: Evasion moves are banned
|rule|Endless Battle Clause: Forcing endless battles is banned
|rule|HP Percentage Mod: HP is shown in percentages
|teampreview
|
|start
|switch|p1a: Garchomp|Garchomp, F|357\/357
|switch|p2a: Thundurus|Thundurus, M, shiny|299\/299
|turn|1
|
|switch|p1a: Heracross|Heracross, M|301\/301
|move|p2a: Thundurus|Hidden Power|p1a: Heracross
|-damage|p1a: Heracross|209\/301
|-damage|p2a: Thundurus|270\/299|[from] item: Life Orb
|
|turn|2
|
|switch|p2a: Landorus-Therian|Landorus-Therian, M, shiny|381\/381
|-ability|p2a: Landorus-Therian|Intimidate|[of] p1a: Heracross
|-unboost|p1a: Heracross|atk|1
|move|p1a: Heracross|Stone Edge|p2a: Landorus-Therian
|-damage|p2a: Landorus-Therian|319\/381
|
|-heal|p2a: Landorus-Therian|342\/381|[from] item: Leftovers
|turn|3
|
|switch|p1a: Skarmory|Skarmory, M|334\/334
|move|p2a: Landorus-Therian|Stealth Rock|p1a: Skarmory
|-sidestart|p1: MADKIPZ|move: Stealth Rock
|
|-heal|p2a: Landorus-Therian|365\/381|[from] item: Leftovers
|turn|4
|
|switch|p2a: Thundurus|Thundurus, M, shiny|270\/299
|move|p1a: Skarmory|Stealth Rock|p2a: Thundurus
|-sidestart|p2: ZeroHKO|move: Stealth Rock
|
|turn|5
|
|switch|p1a: Heracross|Heracross, M|209\/301
|-damage|p1a: Heracross|172\/301|[from] Stealth Rock
|move|p2a: Thundurus|Knock Off|p1a: Heracross
|-resisted|p1a: Heracross
|-damage|p1a: Heracross|99\/301
|-enditem|p1a: Heracross|Choice Scarf|[from] move: Knock Off|[of] p2a: Thundurus
|-damage|p2a: Thundurus|241\/299|[from] item: Life Orb
|
|turn|6
|
|move|p2a: Thundurus|Volt Switch|p1a: Heracross
|-damage|p1a: Heracross|0 fnt
|-damage|p2a: Thundurus|212\/299|[from] item: Life Orb
|faint|p1a: Heracross
|
|switch|p2a: Tangrowth|Tangrowth, M, shiny|404\/404
|-damage|p2a: Tangrowth|354\/404|[from] Stealth Rock
|
|
|switch|p1a: Noivern|Noivern, M|311\/311
|-damage|p1a: Noivern|234\/311|[from] Stealth Rock
|turn|7
|
|move|p1a: Noivern|Hurricane|p2a: Tangrowth
|-supereffective|p2a: Tangrowth
|-damage|p2a: Tangrowth|34\/404
|-start|p2a: Tangrowth|confusion
|-damage|p1a: Noivern|203\/311|[from] item: Life Orb
|-activate|p2a: Tangrowth|confusion
|move|p2a: Tangrowth|Knock Off|p1a: Noivern
|-damage|p1a: Noivern|119\/311
|-enditem|p1a: Noivern|Life Orb|[from] move: Knock Off|[of] p2a: Tangrowth
|
|turn|8
|
|switch|p2a: Klefki|Klefki, M, shiny|315\/315
|-damage|p2a: Klefki|296\/315|[from] Stealth Rock
|move|p1a: Noivern|Roost|p1a: Noivern
|-heal|p1a: Noivern|275\/311
|
|turn|9
|
|switch|p1a: Skarmory|Skarmory, M|334\/334
|-damage|p1a: Skarmory|293\/334|[from] Stealth Rock
|move|p2a: Klefki|Thunder Wave|p1a: Skarmory
|-status|p1a: Skarmory|par
|
|-heal|p1a: Skarmory|313\/334 par|[from] item: Leftovers
|turn|10
|
|switch|p2a: Starmie|Starmie, shiny|262\/262
|-damage|p2a: Starmie|230\/262|[from] Stealth Rock
|move|p1a: Skarmory|Brave Bird|p2a: Starmie
|-damage|p2a: Starmie|95\/262
|-damage|p1a: Skarmory|268\/334 par|[from] recoil|[of] p2a: Starmie
|
|-heal|p1a: Skarmory|288\/334 par|[from] item: Leftovers
|turn|11
|
|move|p2a: Starmie|Hydro Pump|p1a: Skarmory
|-damage|p1a: Skarmory|0 fnt
|-damage|p2a: Starmie|69\/262|[from] item: Life Orb
|faint|p1a: Skarmory
|
|
|switch|p1a: Noivern|Noivern, M|275\/311
|-damage|p1a: Noivern|198\/311|[from] Stealth Rock
|turn|12
|
|move|p1a: Noivern|Draco Meteor|p2a: Starmie|[miss]
|-miss|p1a: Noivern|p2a: Starmie
|move|p2a: Starmie|Rapid Spin|p1a: Noivern
|-damage|p1a: Noivern|175\/311
|-sideend|p2: ZeroHKO|Stealth Rock|[from] move: Rapid Spin|[of] p2a: Starmie
|-damage|p2a: Starmie|43\/262|[from] item: Life Orb
|
|turn|13
|
|switch|p2a: Klefki|Klefki, M, shiny|296\/315
|move|p1a: Noivern|Draco Meteor|p2a: Klefki
|-immune|p2a: Klefki|[msg]
|
|turn|14
|
|switch|p1a: Garchomp|Garchomp, F|357\/357
|-damage|p1a: Garchomp|335\/357|[from] Stealth Rock
|move|p2a: Klefki|Thunder Wave|p1a: Garchomp
|-immune|p1a: Garchomp|[msg]
|
|turn|15
|
|move|p2a: Klefki|Magnet Rise|p2a: Klefki
|-start|p2a: Klefki|Magnet Rise
|move|p1a: Garchomp|Earthquake|p2a: Klefki
|-immune|p2a: Klefki|[msg]
|
|turn|16
|
|detailschange|p1a: Garchomp|Garchomp-Mega, F
|-mega|p1a: Garchomp|Garchomp|Garchompite
|move|p2a: Klefki|Spikes|p1a: Garchomp
|-sidestart|p1: MADKIPZ|Spikes
|move|p1a: Garchomp|Fire Blast|p2a: Klefki
|-supereffective|p2a: Klefki
|-damage|p2a: Klefki|70\/315
|
|turn|17
|
|move|p2a: Klefki|Fairy Lock|p2a: Klefki
|-activate|Battle: ou|move: Fairy Lock
|move|p1a: Garchomp|Fire Blast|p2a: Klefki
|-supereffective|p2a: Klefki
|-damage|p2a: Klefki|0 fnt
|faint|p2a: Klefki
|
|
|switch|p2a: Starmie|Starmie, shiny|43\/262
|turn|18
|
|move|p2a: Starmie|Ice Beam|p1a: Garchomp
|-supereffective|p1a: Garchomp
|-damage|p1a: Garchomp|0 fnt
|-damage|p2a: Starmie|17\/262|[from] item: Life Orb
|faint|p1a: Garchomp
|
|
|switch|p1a: Azumarill|Azumarill, M|403\/403
|-damage|p1a: Azumarill|353\/403|[from] Stealth Rock
|-damage|p1a: Azumarill|303\/403|[from] Spikes
|turn|19
|
|move|p2a: Starmie|Psyshock|p1a: Azumarill
|-damage|p1a: Azumarill|120\/403
|-damage|p2a: Starmie|0 fnt|[from] item: Life Orb
|faint|p2a: Starmie
|move|p1a: Azumarill|Knock Off|p2: Starmie|[notarget]
|-notarget
|
|
|switch|p2a: Thundurus|Thundurus, M, shiny|212\/299
|turn|20
|
|move|p1a: Azumarill|Aqua Jet|p2a: Thundurus
|-damage|p2a: Thundurus|94\/299
|move|p2a: Thundurus|Volt Switch|p1a: Azumarill
|-supereffective|p1a: Azumarill
|-damage|p1a: Azumarill|0 fnt
|-damage|p2a: Thundurus|65\/299|[from] item: Life Orb
|faint|p1a: Azumarill
|
|switch|p2a: Tangrowth|Tangrowth, M, shiny|168\/404
|
|
|switch|p1a: Keldeo-Resolute|Keldeo-Resolute|323\/323
|-damage|p1a: Keldeo-Resolute|303\/323|[from] Stealth Rock
|-damage|p1a: Keldeo-Resolute|263\/323|[from] Spikes
|turn|21
|
|switch|p2a: Thundurus|Thundurus, M, shiny|65\/299
|move|p1a: Keldeo-Resolute|Icy Wind|p2a: Thundurus
|-supereffective|p2a: Thundurus
|-damage|p2a: Thundurus|0 fnt
|faint|p2a: Thundurus
|
|-heal|p1a: Keldeo-Resolute|283\/323|[from] item: Leftovers
|
|switch|p2a: Tangrowth|Tangrowth, M, shiny|302\/404
|turn|22
|
|move|p1a: Keldeo-Resolute|Icy Wind|p2a: Tangrowth
|-supereffective|p2a: Tangrowth
|-damage|p2a: Tangrowth|190\/404
|-unboost|p2a: Tangrowth|spe|1
|move|p2a: Tangrowth|Giga Drain|p1a: Keldeo-Resolute
|-supereffective|p1a: Keldeo-Resolute
|-damage|p1a: Keldeo-Resolute|53\/323
|-heal|p2a: Tangrowth|305\/404|[from] drain|[of] p1a: Keldeo-Resolute
|
|-heal|p1a: Keldeo-Resolute|73\/323|[from] item: Leftovers
|turn|23
|
|switch|p1a: Noivern|Noivern, M|175\/311
|-damage|p1a: Noivern|98\/311|[from] Stealth Rock
|move|p2a: Tangrowth|Giga Drain|p1a: Noivern
|-resisted|p1a: Noivern
|-damage|p1a: Noivern|67\/311
|-heal|p2a: Tangrowth|321\/404|[from] drain|[of] p1a: Noivern
|
|turn|24
|
|switch|p2a: Landorus-Therian|Landorus-Therian, M, shiny|365\/381
|-ability|p2a: Landorus-Therian|Intimidate|[of] p1a: Noivern
|-unboost|p1a: Noivern|atk|1
|move|p1a: Noivern|Roost|p1a: Noivern
|-heal|p1a: Noivern|223\/311
|
|-heal|p2a: Landorus-Therian|381\/381|[from] item: Leftovers
|turn|25
|
|move|p1a: Noivern|Hurricane|p2a: Landorus-Therian
|-damage|p2a: Landorus-Therian|200\/381
|move|p2a: Landorus-Therian|Stone Edge|p1a: Noivern
|-supereffective|p1a: Noivern
|-damage|p1a: Noivern|0 fnt
|faint|p1a: Noivern
|
|-heal|p2a: Landorus-Therian|223\/381|[from] item: Leftovers
|
|switch|p1a: Keldeo-Resolute|Keldeo-Resolute|73\/323
|-damage|p1a: Keldeo-Resolute|33\/323|[from] Spikes
|-damage|p1a: Keldeo-Resolute|13\/323|[from] Stealth Rock
|turn|26
|-message|MADKIPZ forfeited.
|leave|MADKIPZ
|
|win|ZeroHKO
|raw|Ladder updating...
|player|p1
|raw|MADKIPZ's rating: 1373 &rarr; <strong>1355<\/strong><br \/>(-18 for losing)
|raw|ZeroHKO's rating: 1406 &rarr; <strong>1424<\/strong><br \/>(+18 for winning)