|join|horny whore
|join|ZeroHKO
|player|p1|horny whore|155
|player|p2|ZeroHKO|161
|gametype|singles
|gen|6
|tier|OU
|rated
|clearpoke
|poke|p1|Goodra, F, shiny
|poke|p1|Breloom, F, shiny
|poke|p1|Eelektross, M, shiny
|poke|p1|Donphan, F
|poke|p1|Greninja, M
|poke|p1|Mandibuzz, F, shiny
|poke|p2|Klefki, M, shiny
|poke|p2|Tangrowth, M, shiny
|poke|p2|Charizard, M, shiny
|poke|p2|Thundurus, M, shiny
|poke|p2|Landorus-Therian, M, shiny
|poke|p2|Starmie, shiny
|rule|Swagger Clause: Swagger is banned
|rule|Baton Pass Clause: Limit one PokÃ©mon knowing Baton Pass
|rule|Sleep Clause Mod: Limit one foe put to sleep
|rule|Species Clause: Limit one of each PokÃ©mon
|rule|OHKO Clause: OHKO moves are banned
|rule|Moody Clause: Moody is banned
|rule|Evasion Moves Clause: Evasion moves are banned
|rule|Endless Battle Clause: Forcing endless battles is banned
|rule|HP Percentage Mod: HP is shown in percentages
|teampreview
|
|start
|switch|p1a: Greninja|Greninja, M|299\/299
|switch|p2a: Tangrowth|Tangrowth, M, shiny|404\/404
|turn|1
|
|move|p1a: Greninja|Ice Beam|p2a: Tangrowth
|-start|p1a: Greninja|typechange|Ice|[from] Protean
|-supereffective|p2a: Tangrowth
|-damage|p2a: Tangrowth|123\/404
|-status|p2a: Tangrowth|frz
|-damage|p1a: Greninja|270\/299|[from] item: Life Orb
|-curestatus|p2a: Tangrowth|frz
|move|p2a: Tangrowth|Knock Off|p1a: Greninja
|-damage|p1a: Greninja|166\/299
|-enditem|p1a: Greninja|Life Orb|[from] move: Knock Off|[of] p2a: Tangrowth
|
|turn|2
|
|switch|p2a: Klefki|Klefki, M, shiny|315\/315
|move|p1a: Greninja|Ice Beam|p2a: Klefki
|-resisted|p2a: Klefki
|-damage|p2a: Klefki|259\/315
|-status|p2a: Klefki|frz
|
|turn|3
|c|âZeroHKO|seriouslyu
|
|cant|p2a: Klefki|frz
|move|p1a: Greninja|Hydro Pump|p2a: Klefki
|-start|p1a: Greninja|typechange|Water|[from] Protean
|-damage|p2a: Klefki|108\/315 frz
|
|turn|4
|
|cant|p2a: Klefki|frz
|move|p1a: Greninja|Hydro Pump|p2a: Klefki
|-crit|p2a: Klefki
|-damage|p2a: Klefki|0 fnt
|faint|p2a: Klefki
|
|c|âZeroHKO|fuck that
|c|âhorny whore|love that
|
|switch|p2a: Charizard|Charizard, M, shiny|315\/315
|turn|5
|
|detailschange|p2a: Charizard|Charizard-Mega-X, M, shiny
|-mega|p2a: Charizard|Charizard|Charizardite X
|move|p1a: Greninja|Hydro Pump|p2a: Charizard|[miss]
|-miss|p1a: Greninja|p2a: Charizard
|move|p2a: Charizard|Dragon Dance|p2a: Charizard
|-boost|p2a: Charizard|atk|1
|-boost|p2a: Charizard|spe|1
|
|turn|6
|c|âZeroHKO|love that too
|
|switch|p1a: Eelektross|Eelektross, M, shiny|312\/312
|move|p2a: Charizard|Dragon Claw|p1a: Eelektross
|-damage|p1a: Eelektross|0 fnt
|faint|p1a: Eelektross
|
|c|âhorny whore|so cute u r
|c|âhorny whore|hahah
|
|switch|p1a: Mandibuzz|Mandibuzz, F, shiny|361\/361
|turn|7
|
|move|p2a: Charizard|Flare Blitz|p1a: Mandibuzz
|-damage|p1a: Mandibuzz|12\/361
|-damage|p2a: Charizard|200\/315|[from] recoil|[of] p1a: Mandibuzz
|move|p1a: Mandibuzz|Foul Play|p2a: Charizard
|-damage|p2a: Charizard|0 fnt
|faint|p2a: Charizard
|
|-heal|p1a: Mandibuzz|34\/361|[from] item: Leftovers
|
|switch|p2a: Thundurus|Thundurus, M, shiny|299\/299
|turn|8
|
|switch|p1a: Donphan|Donphan, F|333\/333
|move|p2a: Thundurus|Hidden Power|p1a: Donphan
|-supereffective|p1a: Donphan
|-damage|p1a: Donphan|130\/333
|-damage|p2a: Thundurus|270\/299|[from] item: Life Orb
|
|-heal|p1a: Donphan|150\/333|[from] item: Leftovers
|turn|9
|
|move|p1a: Donphan|Ice Shard|p2a: Thundurus
|-crit|p2a: Thundurus
|-supereffective|p2a: Thundurus
|-damage|p2a: Thundurus|84\/299
|move|p2a: Thundurus|Hidden Power|p1a: Donphan
|-crit|p1a: Donphan
|-supereffective|p1a: Donphan
|-damage|p1a: Donphan|0 fnt
|-damage|p2a: Thundurus|55\/299|[from] item: Life Orb
|faint|p1a: Donphan
|
|
|switch|p1a: Mandibuzz|Mandibuzz, F, shiny|34\/361
|turn|10
|
|move|p2a: Thundurus|Volt Switch|p1a: Mandibuzz
|-supereffective|p1a: Mandibuzz
|-damage|p1a: Mandibuzz|0 fnt
|-damage|p2a: Thundurus|26\/299|[from] item: Life Orb
|faint|p1a: Mandibuzz
|
|switch|p2a: Tangrowth|Tangrowth, M, shiny|257\/404
|
|
|switch|p1a: Goodra|Goodra, F, shiny|321\/321
|turn|11
|
|move|p1a: Goodra|Ice Beam|p2a: Tangrowth
|-supereffective|p2a: Tangrowth
|-damage|p2a: Tangrowth|121\/404
|move|p2a: Tangrowth|Knock Off|p1a: Goodra
|-damage|p1a: Goodra|227\/321
|-enditem|p1a: Goodra|Leftovers|[from] move: Knock Off|[of] p2a: Tangrowth
|
|turn|12
|
|switch|p2a: Starmie|Starmie, shiny|262\/262
|move|p1a: Goodra|Ice Beam|p2a: Starmie
|-resisted|p2a: Starmie
|-damage|p2a: Starmie|209\/262
|
|turn|13
|
|move|p2a: Starmie|Ice Beam|p1a: Goodra
|-supereffective|p1a: Goodra
|-damage|p1a: Goodra|66\/321
|-damage|p2a: Starmie|183\/262|[from] item: Life Orb
|move|p1a: Goodra|Thunderbolt|p2a: Starmie
|-supereffective|p2a: Starmie
|-damage|p2a: Starmie|0 fnt
|faint|p2a: Starmie
|
|
|switch|p2a: Landorus-Therian|Landorus-Therian, M, shiny|381\/381
|-ability|p2a: Landorus-Therian|Intimidate|[of] p1a: Goodra
|-unboost|p1a: Goodra|atk|1
|turn|14
|
|move|p1a: Goodra|Ice Beam|p2a: Landorus-Therian
|-supereffective|p2a: Landorus-Therian
|-damage|p2a: Landorus-Therian|0 fnt
|faint|p2a: Landorus-Therian
|
|c|âhorny whore|aww
|c|âZeroHKO|wtf
|c|âhorny whore|out speed
|c|âhorny whore|lol
|c|âZeroHKO|lol
|c|âhorny whore|fuck me yeah
|
|switch|p2a: Thundurus|Thundurus, M, shiny|26\/299
|turn|15
|c|âZeroHKO|son of a bitch
|c|âhorny whore|love hard raw fuck
|c|âhorny whore|hahaha
|
|move|p2a: Thundurus|Superpower|p1a: Goodra
|-damage|p1a: Goodra|0 fnt
|-unboost|p2a: Thundurus|atk|1
|-unboost|p2a: Thundurus|def|1
|-damage|p2a: Thundurus|0 fnt|[from] item: Life Orb
|faint|p1a: Goodra
|faint|p2a: Thundurus
|
|c|âZeroHKO|haxx yeah
|
|switch|p1a: Greninja|Greninja, M|166\/299
|switch|p2a: Tangrowth|Tangrowth, M, shiny|255\/404
|turn|16
|
|move|p1a: Greninja|Ice Beam|p2a: Tangrowth
|-start|p1a: Greninja|typechange|Ice|[from] Protean
|-supereffective|p2a: Tangrowth
|-damage|p2a: Tangrowth|49\/404
|move|p2a: Tangrowth|Giga Drain|p1a: Greninja
|-damage|p1a: Greninja|30\/299
|-heal|p2a: Tangrowth|117\/404|[from] drain|[of] p1a: Greninja
|
|turn|17
|-message|ZeroHKO forfeited.
|leave|ZeroHKO
|
|win|horny whore
|raw|Ladder updating...
|player|p2
|raw|horny whore's rating: 1348 &rarr; <strong>1363<\/strong><br \/>(+15 for winning)
|raw|ZeroHKO's rating: 1262 &rarr; <strong>1243<\/strong><br \/>(-19 for losing)