|join|XLR87T3
|join|ZeroHKO
|player|p1|XLR87T3|200
|player|p2|ZeroHKO|161
|gametype|singles
|gen|6
|tier|OU
|rated
|clearpoke
|poke|p1|Clefable, M, shiny
|poke|p1|Azumarill, M
|poke|p1|Chansey, F
|poke|p1|Blissey, F
|poke|p1|Lickilicky, M
|poke|p1|Alomomola, F
|poke|p2|Klefki, M, shiny
|poke|p2|Tangrowth, M, shiny
|poke|p2|Charizard, M, shiny
|poke|p2|Thundurus, M, shiny
|poke|p2|Landorus-Therian, M, shiny
|poke|p2|Starmie, shiny
|rule|Swagger Clause: Swagger is banned
|rule|Baton Pass Clause: Limit one PokÃ©mon knowing Baton Pass
|rule|Sleep Clause Mod: Limit one foe put to sleep
|rule|Species Clause: Limit one of each PokÃ©mon
|rule|OHKO Clause: OHKO moves are banned
|rule|Moody Clause: Moody is banned
|rule|Evasion Moves Clause: Evasion moves are banned
|rule|Endless Battle Clause: Forcing endless battles is banned
|rule|HP Percentage Mod: HP is shown in percentages
|teampreview
|
|start
|switch|p1a: Mr. Lover|Clefable, M, shiny|394\/394
|switch|p2a: Klefki|Klefki, M, shiny|315\/315
|turn|1
|
|move|p2a: Klefki|Spikes|p1a: Mr. Lover
|-sidestart|p1: XLR87T3|Spikes
|move|p1a: Mr. Lover|Calm Mind|p1a: Mr. Lover
|-boost|p1a: Mr. Lover|spa|1
|-boost|p1a: Mr. Lover|spd|1
|
|turn|2
|
|move|p2a: Klefki|Thunder Wave|p1a: Mr. Lover
|-status|p1a: Mr. Lover|par
|move|p1a: Mr. Lover|Calm Mind|p1a: Mr. Lover
|-boost|p1a: Mr. Lover|spa|1
|-boost|p1a: Mr. Lover|spd|1
|
|turn|3
|
|move|p2a: Klefki|Spikes|p1a: Mr. Lover
|-sidestart|p1: XLR87T3|Spikes
|move|p1a: Mr. Lover|Moonblast|p2a: Klefki
|-resisted|p2a: Klefki
|-damage|p2a: Klefki|219\/315
|
|turn|4
|
|move|p2a: Klefki|Spikes|p1a: Mr. Lover
|-sidestart|p1: XLR87T3|Spikes
|cant|p1a: Mr. Lover|par
|
|turn|5
|
|switch|p2a: Tangrowth|Tangrowth, M, shiny|404\/404
|cant|p1a: Mr. Lover|par
|
|turn|6
|
|move|p2a: Tangrowth|Knock Off|p1a: Mr. Lover
|-resisted|p1a: Mr. Lover
|-damage|p1a: Mr. Lover|359\/394 par
|-enditem|p1a: Mr. Lover|Leftovers|[from] move: Knock Off|[of] p2a: Tangrowth
|move|p1a: Mr. Lover|Moonblast|p2a: Tangrowth
|-damage|p2a: Tangrowth|236\/404
|-unboost|p2a: Tangrowth|spa|1
|
|turn|7
|
|move|p2a: Tangrowth|Infestation|p1a: Mr. Lover
|-resisted|p1a: Mr. Lover
|-damage|p1a: Mr. Lover|356\/394 par
|-activate|p1a: Mr. Lover|move: Infestation|[of] p2a: Tangrowth
|cant|p1a: Mr. Lover|par
|
|turn|8
|
|move|p2a: Tangrowth|Earthquake|p1a: Mr. Lover
|-damage|p1a: Mr. Lover|285\/394 par
|move|p1a: Mr. Lover|Moonblast|p2a: Tangrowth
|-damage|p2a: Tangrowth|77\/404
|
|turn|9
|
|move|p2a: Tangrowth|Earthquake|p1a: Mr. Lover
|-damage|p1a: Mr. Lover|217\/394 par
|cant|p1a: Mr. Lover|par
|
|turn|10
|
|move|p2a: Tangrowth|Earthquake|p1a: Mr. Lover
|-damage|p1a: Mr. Lover|148\/394 par
|cant|p1a: Mr. Lover|par
|
|turn|11
|
|move|p2a: Tangrowth|Earthquake|p1a: Mr. Lover
|-damage|p1a: Mr. Lover|77\/394 par
|cant|p1a: Mr. Lover|par
|
|-end|p1a: Mr. Lover|Infestation|[partiallytrapped]
|turn|12
|
|move|p2a: Tangrowth|Earthquake|p1a: Mr. Lover
|-damage|p1a: Mr. Lover|14\/394 par
|move|p1a: Mr. Lover|Moonblast|p2a: Tangrowth
|-damage|p2a: Tangrowth|0 fnt
|faint|p2a: Tangrowth
|
|
|switch|p2a: Charizard|Charizard, M, shiny|315\/315
|turn|13
|
|detailschange|p2a: Charizard|Charizard-Mega-X, M, shiny
|-mega|p2a: Charizard|Charizard|Charizardite X
|move|p2a: Charizard|Flare Blitz|p1a: Mr. Lover
|-damage|p1a: Mr. Lover|0 fnt
|-damage|p2a: Charizard|310\/315|[from] recoil|[of] p1a: Mr. Lover
|faint|p1a: Mr. Lover
|
|
|switch|p1a: Grubba|Azumarill, M|382\/382
|-damage|p1a: Grubba|287\/382|[from] Spikes
|turn|14
|
|switch|p2a: Starmie|Starmie, shiny|262\/262
|move|p1a: Grubba|Belly Drum|p1a: Grubba
|-damage|p1a: Grubba|96\/382
|-setboost|p1a: Grubba|atk|6|[from] move: Belly Drum
|
|turn|15
|
|move|p1a: Grubba|Aqua Jet|p2a: Starmie
|-resisted|p2a: Starmie
|-damage|p2a: Starmie|44\/262
|move|p2a: Starmie|Psyshock|p1a: Grubba
|-damage|p1a: Grubba|0 fnt
|-damage|p2a: Starmie|18\/262|[from] item: Life Orb
|faint|p1a: Grubba
|
|
|switch|p1a: Big Mamma|Blissey, F|652\/652
|-damage|p1a: Big Mamma|489\/652|[from] Spikes
|turn|16
|
|switch|p2a: Landorus-Therian|Landorus-Therian, M, shiny|381\/381
|-ability|p2a: Landorus-Therian|Intimidate|[of] p1a: Big Mamma
|-unboost|p1a: Big Mamma|atk|1
|move|p1a: Big Mamma|Thunder Wave|p2a: Landorus-Therian
|-immune|p2a: Landorus-Therian|[msg]
|
|-heal|p1a: Big Mamma|529\/652|[from] item: Leftovers
|turn|17
|
|switch|p1a: Cattleya|Alomomola, F|534\/534
|-damage|p1a: Cattleya|401\/534|[from] Spikes
|move|p2a: Landorus-Therian|Stealth Rock|p1a: Cattleya
|-sidestart|p1: XLR87T3|move: Stealth Rock
|
|-heal|p1a: Cattleya|434\/534|[from] item: Leftovers
|turn|18
|
|move|p2a: Landorus-Therian|U-turn|p1a: Cattleya
|-damage|p1a: Cattleya|366\/534
|
|switch|p2a: Starmie|Starmie, shiny|18\/262
|move|p1a: Cattleya|Wish|p1a: Cattleya
|
|-heal|p1a: Cattleya|399\/534|[from] item: Leftovers
|turn|19
|
|switch|p2a: Klefki|Klefki, M, shiny|219\/315
|move|p1a: Cattleya|Scald|p2a: Klefki
|-damage|p2a: Klefki|174\/315
|
|-heal|p1a: Cattleya|534\/534|[from] move: Wish|[wisher] Cattleya
|turn|20
|
|move|p1a: Cattleya|Protect|p1a: Cattleya
|-singleturn|p1a: Cattleya|Protect
|move|p2a: Klefki|Thunder Wave|p1a: Cattleya
|-activate|p1a: Cattleya|Protect
|
|turn|21
|
|move|p2a: Klefki|Thunder Wave|p1a: Cattleya
|-status|p1a: Cattleya|par
|move|p1a: Cattleya|Wish|p1a: Cattleya
|
|turn|22
|
|switch|p1a: Big Daddy|Lickilicky, M|424\/424
|-damage|p1a: Big Daddy|371\/424|[from] Stealth Rock
|-damage|p1a: Big Daddy|265\/424|[from] Spikes
|move|p2a: Klefki|Thunder Wave|p1a: Big Daddy
|-status|p1a: Big Daddy|par
|
|-heal|p1a: Big Daddy|424\/424 par|[from] move: Wish|[wisher] Cattleya
|turn|23
|
|switch|p2a: Starmie|Starmie, shiny|18\/262
|cant|p1a: Big Daddy|par
|
|turn|24
|
|move|p2a: Starmie|Hydro Pump|p1a: Big Daddy|[miss]
|-miss|p2a: Starmie|p1a: Big Daddy
|cant|p1a: Big Daddy|par
|
|turn|25
|
|move|p2a: Starmie|Hydro Pump|p1a: Big Daddy|[miss]
|-miss|p2a: Starmie|p1a: Big Daddy
|move|p1a: Big Daddy|Hammer Arm|p2a: Starmie
|-resisted|p2a: Starmie
|-damage|p2a: Starmie|0 fnt
|-unboost|p1a: Big Daddy|spe|1
|faint|p2a: Starmie
|
|
|switch|p2a: Charizard|Charizard-Mega-X, M, shiny|310\/315
|turn|26
|
|switch|p1a: Cattleya|Alomomola, F|534\/534 par
|-damage|p1a: Cattleya|401\/534 par|[from] Spikes
|-damage|p1a: Cattleya|335\/534 par|[from] Stealth Rock
|move|p2a: Charizard|Dragon Dance|p2a: Charizard
|-boost|p2a: Charizard|atk|1
|-boost|p2a: Charizard|spe|1
|
|-heal|p1a: Cattleya|368\/534 par|[from] item: Leftovers
|turn|27
|
|move|p2a: Charizard|Dragon Claw|p1a: Cattleya
|-damage|p1a: Cattleya|109\/534 par
|move|p1a: Cattleya|Wish|p1a: Cattleya
|
|-heal|p1a: Cattleya|142\/534 par|[from] item: Leftovers
|turn|28
|
|move|p2a: Charizard|Dragon Dance|p2a: Charizard
|-boost|p2a: Charizard|atk|1
|-boost|p2a: Charizard|spe|1
|move|p1a: Cattleya|Toxic|p2a: Charizard
|-status|p2a: Charizard|tox
|
|-heal|p1a: Cattleya|409\/534 par|[from] move: Wish|[wisher] Cattleya
|-heal|p1a: Cattleya|442\/534 par|[from] item: Leftovers
|-damage|p2a: Charizard|291\/315 tox|[from] psn
|turn|29
|
|move|p1a: Cattleya|Protect|p1a: Cattleya
|-singleturn|p1a: Cattleya|Protect
|move|p2a: Charizard|Dragon Dance|p2a: Charizard
|-boost|p2a: Charizard|atk|1
|-boost|p2a: Charizard|spe|1
|
|-heal|p1a: Cattleya|475\/534 par|[from] item: Leftovers
|-damage|p2a: Charizard|253\/315 tox|[from] psn
|turn|30
|
|cant|p1a: Cattleya|par
|move|p2a: Charizard|Dragon Claw|p1a: Cattleya
|-damage|p1a: Cattleya|0 fnt
|faint|p1a: Cattleya
|
|-damage|p2a: Charizard|196\/315 tox|[from] psn
|
|switch|p1a: Big Daddy|Lickilicky, M|424\/424 par
|-damage|p1a: Big Daddy|318\/424 par|[from] Spikes
|-damage|p1a: Big Daddy|265\/424 par|[from] Stealth Rock
|turn|31
|
|move|p2a: Charizard|Dragon Claw|p1a: Big Daddy
|-crit|p1a: Big Daddy
|-damage|p1a: Big Daddy|0 fnt
|faint|p1a: Big Daddy
|
|-damage|p2a: Charizard|120\/315 tox|[from] psn
|
|switch|p1a: Big Mamma|Blissey, F|529\/652
|-damage|p1a: Big Mamma|366\/652|[from] Spikes
|-damage|p1a: Big Mamma|285\/652|[from] Stealth Rock
|turn|32
|
|move|p2a: Charizard|Dragon Claw|p1a: Big Mamma
|-damage|p1a: Big Mamma|0 fnt
|faint|p1a: Big Mamma
|
|-damage|p2a: Charizard|25\/315 tox|[from] psn
|
|switch|p1a: Thickness|Chansey, F|642\/642
|-damage|p1a: Thickness|562\/642|[from] Stealth Rock
|-damage|p1a: Thickness|402\/642|[from] Spikes
|turn|33
|
|move|p2a: Charizard|Flare Blitz|p1a: Thickness
|-damage|p1a: Thickness|0 fnt
|-damage|p2a: Charizard|0 fnt|[from] recoil|[of] p1a: Thickness
|faint|p1a: Thickness
|faint|p2a: Charizard
|
|win|ZeroHKO
|raw|Ladder updating...
|raw|XLR87T3's rating: 1226 &rarr; <strong>1200<\/strong><br \/>(-26 for losing)
|raw|ZeroHKO's rating: 1213 &rarr; <strong>1239<\/strong><br \/>(+26 for winning)
|leave|ZeroHKO