|join|Amoongbro
|join|ZeroHKO
|player|p1|Amoongbro|265
|player|p2|ZeroHKO|265
|gametype|singles
|gen|6
|tier|OU
|rated
|clearpoke
|poke|p1|Chansey, F
|poke|p1|Skarmory, F
|poke|p1|Alomomola, M
|poke|p1|Amoonguss, F
|poke|p1|Quagsire, F, shiny
|poke|p1|Sableye, M
|poke|p2|Klefki, M, shiny
|poke|p2|Tangrowth, M, shiny
|poke|p2|Charizard, M, shiny
|poke|p2|Thundurus, M, shiny
|poke|p2|Landorus-Therian, M, shiny
|poke|p2|Starmie, shiny
|rule|Swagger Clause: Swagger is banned
|rule|Baton Pass Clause: Limit one PokÃ©mon knowing Baton Pass
|rule|Sleep Clause Mod: Limit one foe put to sleep
|rule|Species Clause: Limit one of each PokÃ©mon
|rule|OHKO Clause: OHKO moves are banned
|rule|Moody Clause: Moody is banned
|rule|Evasion Moves Clause: Evasion moves are banned
|rule|Endless Battle Clause: Forcing endless battles is banned
|rule|HP Percentage Mod: HP is shown in percentages
|teampreview
|c|âAmoongbro|server lag terrible
|
|start
|switch|p1a: Not Mega|Sableye, M|304\/304
|switch|p2a: Charizard|Charizard, M, shiny|309\/309
|turn|1
|
|switch|p1a: Baby Blobby|Chansey, F|704\/704
|detailschange|p2a: Charizard|Charizard-Mega-X, M, shiny
|-mega|p2a: Charizard|Charizard|Charizardite X
|move|p2a: Charizard|Dragon Claw|p1a: Baby Blobby
|-damage|p1a: Baby Blobby|421\/704
|
|turn|2
|
|switch|p1a: Mrs Blobby|Alomomola, M|529\/529
|move|p2a: Charizard|Flare Blitz|p1a: Mrs Blobby
|-resisted|p1a: Mrs Blobby
|-damage|p1a: Mrs Blobby|391\/529
|-damage|p2a: Charizard|263\/309|[from] recoil|[of] p1a: Mrs Blobby
|
|-heal|p1a: Mrs Blobby|424\/529|[from] item: Leftovers
|turn|3
|
|switch|p2a: Klefki|Klefki, M, shiny|315\/315
|move|p1a: Mrs Blobby|Toxic|p2a: Klefki
|-fail|p2a: Klefki
|
|-heal|p1a: Mrs Blobby|457\/529|[from] item: Leftovers
|turn|4
|
|switch|p1a: Not Mega|Sableye, M|304\/304
|move|p2a: Klefki|Spikes|p1a: Not Mega
|-sidestart|p1: Amoongbro|Spikes
|
|turn|5
|
|switch|p2a: Charizard|Charizard-Mega-X, M, shiny|263\/309
|detailschange|p1a: Not Mega|Sableye-Mega, M
|-mega|p1a: Not Mega|Sableye|Sablenite
|move|p1a: Not Mega|Knock Off|p2a: Charizard
|-damage|p2a: Charizard|200\/309
|
|turn|6
|
|switch|p1a: Mrs Blobby|Alomomola, M|529\/529
|-damage|p1a: Mrs Blobby|463\/529|[from] Spikes
|move|p2a: Charizard|Roost|p2a: Charizard
|-heal|p2a: Charizard|309\/309
|
|-heal|p1a: Mrs Blobby|496\/529|[from] item: Leftovers
|turn|7
|
|switch|p2a: Klefki|Klefki, M, shiny|315\/315
|move|p1a: Mrs Blobby|Toxic|p2a: Klefki
|-fail|p2a: Klefki
|
|-heal|p1a: Mrs Blobby|529\/529|[from] item: Leftovers
|turn|8
|
|switch|p2a: Charizard|Charizard-Mega-X, M, shiny|309\/309
|switch|p1a: Fuck Magnezone|Skarmory, F|334\/334
|
|turn|9
|
|switch|p1a: Mrs Blobby|Alomomola, M|529\/529
|-damage|p1a: Mrs Blobby|463\/529|[from] Spikes
|move|p2a: Charizard|Dragon Claw|p1a: Mrs Blobby
|-damage|p1a: Mrs Blobby|301\/529
|
|-heal|p1a: Mrs Blobby|334\/529|[from] item: Leftovers
|turn|10
|
|switch|p2a: Tangrowth|Tangrowth, M, shiny|404\/404
|move|p1a: Mrs Blobby|Wish|p1a: Mrs Blobby
|
|-heal|p1a: Mrs Blobby|367\/529|[from] item: Leftovers
|turn|11
|
|switch|p1a: Mr Blobby|Amoonguss, F|432\/432
|-damage|p1a: Mr Blobby|378\/432|[from] Spikes
|move|p2a: Tangrowth|Infestation|p1a: Mr Blobby
|-damage|p1a: Mr Blobby|364\/432
|-activate|p1a: Mr Blobby|move: Infestation|[of] p2a: Tangrowth
|
|-heal|p1a: Mr Blobby|432\/432|[from] move: Wish|[wisher] Mrs Blobby
|-damage|p1a: Mr Blobby|378\/432|[from] move: Infestation|[partiallytrapped]
|turn|12
|
|move|p1a: Mr Blobby|Hidden Power|p2a: Tangrowth
|-supereffective|p2a: Tangrowth
|-damage|p2a: Tangrowth|342\/404
|move|p2a: Tangrowth|Knock Off|p1a: Mr Blobby
|-crit|p1a: Mr Blobby
|-damage|p1a: Mr Blobby|270\/432
|-enditem|p1a: Mr Blobby|Assault Vest|[from] move: Knock Off|[of] p2a: Tangrowth
|
|-damage|p1a: Mr Blobby|216\/432|[from] move: Infestation|[partiallytrapped]
|turn|13
|
|move|p1a: Mr Blobby|Giga Drain|p2a: Tangrowth
|-resisted|p2a: Tangrowth
|-damage|p2a: Tangrowth|310\/404
|-heal|p1a: Mr Blobby|232\/432|[from] drain|[of] p2a: Tangrowth
|move|p2a: Tangrowth|Earthquake|p1a: Mr Blobby
|-damage|p1a: Mr Blobby|157\/432
|
|-damage|p1a: Mr Blobby|103\/432|[from] move: Infestation|[partiallytrapped]
|turn|14
|
|move|p1a: Mr Blobby|Foul Play|p2a: Tangrowth
|-damage|p2a: Tangrowth|247\/404
|move|p2a: Tangrowth|Earthquake|p1a: Mr Blobby
|-damage|p1a: Mr Blobby|38\/432
|
|-damage|p1a: Mr Blobby|0 fnt|[from] move: Infestation|[partiallytrapped]
|faint|p1a: Mr Blobby
|
|switch|p1a: Fuck Magnezone|Skarmory, F|334\/334
|turn|15
|
|move|p1a: Fuck Magnezone|Defog|p2a: Tangrowth
|-unboost|p2a: Tangrowth|evasion|1
|-sideend|p1: Amoongbro|Spikes|[from] move: Defog|[of] p1a: Fuck Magnezone
|move|p2a: Tangrowth|Knock Off|p1a: Fuck Magnezone
|-damage|p1a: Fuck Magnezone|291\/334
|-enditem|p1a: Fuck Magnezone|Shed Shell|[from] move: Knock Off|[of] p2a: Tangrowth
|
|turn|16
|
|switch|p2a: Thundurus|Thundurus, M, shiny|299\/299
|move|p1a: Fuck Magnezone|Brave Bird|p2a: Thundurus
|-resisted|p2a: Thundurus
|-damage|p2a: Thundurus|220\/299
|-damage|p1a: Fuck Magnezone|265\/334|[from] recoil|[of] p2a: Thundurus
|
|turn|17
|
|switch|p1a: Baby Blobby|Chansey, F|421\/704
|move|p2a: Thundurus|Knock Off|p1a: Baby Blobby
|-damage|p1a: Baby Blobby|255\/704
|-enditem|p1a: Baby Blobby|Eviolite|[from] move: Knock Off|[of] p2a: Thundurus
|-damage|p2a: Thundurus|191\/299|[from] item: Life Orb
|
|turn|18
|
|move|p2a: Thundurus|Superpower|p1a: Baby Blobby
|-supereffective|p1a: Baby Blobby
|-damage|p1a: Baby Blobby|0 fnt
|-unboost|p2a: Thundurus|atk|1
|-unboost|p2a: Thundurus|def|1
|-damage|p2a: Thundurus|162\/299|[from] item: Life Orb
|faint|p1a: Baby Blobby
|
|c|âAmoongbro|RUNNING TWO MOVESLOTS FOR ONE POKEMON IN THE ENTIRE META
|c|âAmoongbro|SHITTY TEAMBUILDING
|c|âZeroHKO|lol
|c|âZeroHKO|Its not for Chansey
|c|âAmoongbro|YEAH IT IS
|c|âZeroHKO|No
|
|switch|p1a: Uncle Blobby|Quagsire, F, shiny|394\/394
|turn|19
|c|âZeroHKO|Latios too
|c|âAmoongbro|ITS FOR CHANSEY YOU TARD
|c|âZeroHKO|Ok :)
|c|âAmoongbro|WHAT DOES SUPERPOWER DO TO LATIOS YOU TARD
|c|âZeroHKO|Knock off :)
|c|âZeroHKO|Super power = 100 accuracy
|c|âZeroHKO|= bye t-tar
|c|âAmoongbro|LATIOS CAN STILL FUNCTION WITHOUT LIFE ORB. DRACO METOER CAN STULL WRECK
|c|âZeroHKO|Defog you know ?
|c|âZeroHKO|= +2 att
|
|move|p2a: Thundurus|Knock Off|p1a: Uncle Blobby
|-damage|p1a: Uncle Blobby|290\/394
|-enditem|p1a: Uncle Blobby|Leftovers|[from] move: Knock Off|[of] p2a: Thundurus
|-damage|p2a: Thundurus|133\/299|[from] item: Life Orb
|move|p1a: Uncle Blobby|Scald|p2a: Thundurus
|-damage|p2a: Thundurus|43\/299
|
|turn|20
|
|switch|p2a: Tangrowth|Tangrowth, M, shiny|381\/404
|move|p1a: Uncle Blobby|Scald|p2a: Tangrowth
|-resisted|p2a: Tangrowth
|-damage|p2a: Tangrowth|352\/404
|-status|p2a: Tangrowth|brn
|
|-damage|p2a: Tangrowth|302\/404 brn|[from] brn
|turn|21
|c|âAmoongbro|WHATEVER ITS SHITTY TEAMBUILDING. YOU PROBABLY GOT TWATTED BY STALL LOADS AND HAVE A CHIP ON YOUR SHOULDER ABOUT CHANSEY
|c|âZeroHKO|Ok
|c|âAmoongbro|YEAH THATS IT
|
|switch|p1a: Fuck Magnezone|Skarmory, F|265\/334
|move|p2a: Tangrowth|Infestation|p1a: Fuck Magnezone
|-resisted|p1a: Fuck Magnezone
|-damage|p1a: Fuck Magnezone|260\/334
|-activate|p1a: Fuck Magnezone|move: Infestation|[of] p2a: Tangrowth
|
|-damage|p2a: Tangrowth|252\/404 brn|[from] brn
|-damage|p1a: Fuck Magnezone|219\/334|[from] move: Infestation|[partiallytrapped]
|turn|22
|c|âAmoongbro|YOU GOT HAMMERED BY CHANSEY TOO MUCH SO WASTED ATWO SLOTS FOR CHANSEY
|c|âZeroHKO|:)
|
|switch|p2a: Thundurus|Thundurus, M, shiny|43\/299
|move|p1a: Fuck Magnezone|Roost|p1a: Fuck Magnezone
|-heal|p1a: Fuck Magnezone|334\/334
|
|-end|p1a: Fuck Magnezone|Infestation|[partiallytrapped]
|turn|23
|
|switch|p2a: Klefki|Klefki, M, shiny|315\/315
|switch|p1a: Uncle Blobby|Quagsire, F, shiny|290\/394
|
|turn|24
|c|âAmoongbro|ALWAYS CRACKS ME UP HOW PEOPLE CANT FIGURE OUT HOW TO WEAR CHANSEY DOWN WITH PROPER THREATS SO JUST USE SOM GIMMICKY SET
|
|switch|p2a: Charizard|Charizard-Mega-X, M, shiny|309\/309
|switch|p1a: Not Mega|Sableye-Mega, M|304\/304
|
|turn|25
|
|switch|p1a: Mrs Blobby|Alomomola, M|529\/529
|move|p2a: Charizard|Dragon Dance|p2a: Charizard
|-boost|p2a: Charizard|atk|1
|-boost|p2a: Charizard|spe|1
|
|turn|26
|
|move|p2a: Charizard|Dragon Claw|p1a: Mrs Blobby
|-damage|p1a: Mrs Blobby|252\/529
|move|p1a: Mrs Blobby|Toxic|p2a: Charizard
|-status|p2a: Charizard|tox
|
|-heal|p1a: Mrs Blobby|285\/529|[from] item: Leftovers
|-damage|p2a: Charizard|290\/309 tox|[from] psn
|turn|27
|
|switch|p1a: Uncle Blobby|Quagsire, F, shiny|290\/394
|move|p2a: Charizard|Dragon Dance|p2a: Charizard
|-boost|p2a: Charizard|atk|1
|-boost|p2a: Charizard|spe|1
|
|-damage|p2a: Charizard|252\/309 tox|[from] psn
|turn|28
|
|move|p2a: Charizard|Dragon Claw|p1a: Uncle Blobby
|-damage|p1a: Uncle Blobby|125\/394
|move|p1a: Uncle Blobby|Recover|p1a: Uncle Blobby
|-heal|p1a: Uncle Blobby|322\/394
|
|-damage|p2a: Charizard|195\/309 tox|[from] psn
|turn|29
|
|switch|p2a: Landorus-Therian|Landorus-Therian, M, shiny|381\/381
|-ability|p2a: Landorus-Therian|Intimidate|[of] p1a: Uncle Blobby
|-unboost|p1a: Uncle Blobby|atk|1
|move|p1a: Uncle Blobby|Recover|p1a: Uncle Blobby
|-heal|p1a: Uncle Blobby|394\/394
|
|turn|30
|
|switch|p1a: Not Mega|Sableye-Mega, M|304\/304
|move|p2a: Landorus-Therian|Stealth Rock|p1a: Not Mega
|move|p1a: Not Mega|Stealth Rock|p2a: Landorus-Therian|[from]Magic Bounce
|-sidestart|p2: ZeroHKO|move: Stealth Rock
|
|turn|31
|c|âAmoongbro|too desperate to get hazards up
|c|âZeroHKO|Ok shut up son of a bitch
|
|move|p2a: Landorus-Therian|U-turn|p1a: Not Mega
|-damage|p1a: Not Mega|260\/304
|c|âAmoongbro|nah its the truth
|c|âZeroHKO|blablabla
|c|âAmoongbro|way too desperate to get hazards up
|c|âAmoongbro|sign of a true noob is one who only cares about hazards
|c|âZeroHKO|way too desperate to play without a shitty stall team
|c|âAmoongbro|its not shitty
|
|switch|p2a: Starmie|Starmie, shiny|262\/262
|-damage|p2a: Starmie|230\/262|[from] Stealth Rock
|move|p1a: Not Mega|Knock Off|p2a: Starmie
|-supereffective|p2a: Starmie
|-damage|p2a: Starmie|12\/262
|-enditem|p2a: Starmie|Life Orb|[from] move: Knock Off|[of] p1a: Not Mega
|
|turn|32
|c|âAmoongbro|on this account i went 32-2 on its first day and peaked at 1770
|c|âZeroHKO|cool story bro
|
|move|p2a: Starmie|Hydro Pump|p1a: Not Mega
|-damage|p1a: Not Mega|118\/304
|move|p1a: Not Mega|Knock Off|p2a: Starmie
|-supereffective|p2a: Starmie
|-damage|p2a: Starmie|0 fnt
|faint|p2a: Starmie
|
|
|switch|p2a: Landorus-Therian|Landorus-Therian, M, shiny|381\/381
|-damage|p2a: Landorus-Therian|334\/381|[from] Stealth Rock
|-ability|p2a: Landorus-Therian|Intimidate|[of] p1a: Not Mega
|-unboost|p1a: Not Mega|atk|1
|turn|33
|
|move|p2a: Landorus-Therian|Earthquake|p1a: Not Mega
|-damage|p1a: Not Mega|12\/304
|move|p1a: Not Mega|Recover|p1a: Not Mega
|-heal|p1a: Not Mega|164\/304
|
|-heal|p2a: Landorus-Therian|357\/381|[from] item: Leftovers
|turn|34
|
|move|p2a: Landorus-Therian|Earthquake|p1a: Not Mega
|-damage|p1a: Not Mega|55\/304
|move|p1a: Not Mega|Recover|p1a: Not Mega
|-heal|p1a: Not Mega|207\/304
|
|-heal|p2a: Landorus-Therian|380\/381|[from] item: Leftovers
|turn|35
|
|move|p2a: Landorus-Therian|Earthquake|p1a: Not Mega
|-damage|p1a: Not Mega|114\/304
|move|p1a: Not Mega|Recover|p1a: Not Mega
|-heal|p1a: Not Mega|266\/304
|
|-heal|p2a: Landorus-Therian|381\/381|[from] item: Leftovers
|turn|36
|
|move|p2a: Landorus-Therian|Earthquake|p1a: Not Mega
|-crit|p1a: Not Mega
|-damage|p1a: Not Mega|118\/304
|move|p1a: Not Mega|Will-O-Wisp|p2a: Landorus-Therian
|-status|p2a: Landorus-Therian|brn
|
|-damage|p2a: Landorus-Therian|334\/381 brn|[from] brn
|turn|37
|c|âAmoongbro|crit noob
|
|move|p2a: Landorus-Therian|Stone Edge|p1a: Not Mega
|-damage|p1a: Not Mega|86\/304
|move|p1a: Not Mega|Recover|p1a: Not Mega
|-heal|p1a: Not Mega|238\/304
|
|-heal|p2a: Landorus-Therian|357\/381 brn|[from] item: Leftovers
|-damage|p2a: Landorus-Therian|310\/381 brn|[from] brn
|turn|38
|c|âZeroHKO|son of a bitch
|c|âZeroHKO|just learn to play
|
|switch|p2a: Thundurus|Thundurus, M, shiny|43\/299
|-damage|p2a: Thundurus|0 fnt|[from] Stealth Rock
|faint|p2a: Thundurus
|move|p1a: Not Mega|Knock Off|p2: Thundurus|[notarget]
|-notarget
|
|c|âAmoongbro|shut up
|
|switch|p2a: Charizard|Charizard-Mega-X, M, shiny|195\/309 tox
|-damage|p2a: Charizard|118\/309 tox|[from] Stealth Rock
|turn|39
|c|âZeroHKO|blablabla
|c|âZeroHKO|learn to play
|c|âAmoongbro|not taking advice fromsomeone who places all the emphasis on getting rocks up then making bad plays
|c|âZeroHKO|blablabla
|c|âAmoongbro|you switched starmie into a knock off like a pro
|c|âZeroHKO|blablabla
|c|âAmoongbro|thats called a play dumb ass
|c|âAmoongbro|a predict
|c|âZeroHKO|lol
|c|âAmoongbro|something you dont know how to do
|c|âZeroHKO|I predicted you since the beginning
|
|switch|p1a: Mrs Blobby|Alomomola, M|461\/529
|move|p2a: Charizard|Roost|p2a: Charizard
|-heal|p2a: Charizard|273\/309 tox
|
|-heal|p1a: Mrs Blobby|494\/529|[from] item: Leftovers
|-damage|p2a: Charizard|254\/309 tox|[from] psn
|turn|40
|c|âAmoongbro|no you didnt
|c|âZeroHKO|Yeah
|c|âZeroHKO|lol
|c|âZeroHKO|Fuck your mother seriously
|c|âAmoongbro|the only thing you predicted was knock off on chansey
|c|âAmoongbro|and after that i sacked chansey cause i knew you had superpopowerr
|
|move|p2a: Charizard|Dragon Dance|p2a: Charizard
|-boost|p2a: Charizard|atk|1
|-boost|p2a: Charizard|spe|1
|move|p1a: Mrs Blobby|Wish|p1a: Mrs Blobby
|
|-heal|p1a: Mrs Blobby|527\/529|[from] item: Leftovers
|-damage|p2a: Charizard|216\/309 tox|[from] psn
|turn|41
|
|switch|p1a: Uncle Blobby|Quagsire, F, shiny|394\/394
|move|p2a: Charizard|Dragon Claw|p1a: Uncle Blobby
|-damage|p1a: Uncle Blobby|240\/394
|
|-heal|p1a: Uncle Blobby|394\/394|[from] move: Wish|[wisher] Mrs Blobby
|-damage|p2a: Charizard|159\/309 tox|[from] psn
|turn|42
|c|âAmoongbro|bobs your uncle
|-message|ZeroHKO forfeited.
|leave|ZeroHKO
|
|win|Amoongbro
|raw|Ladder updating...
|player|p2
|raw|Amoongbro's rating: 1591 &rarr; <strong>1606<\/strong><br \/>(+15 for winning)
|raw|ZeroHKO's rating: 1491 &rarr; <strong>1476<\/strong><br \/>(-15 for losing)