|join|imapeeinyobutt
|join|ZeroHKO
|player|p1|imapeeinyobutt|37
|player|p2|ZeroHKO|102
|gametype|singles
|gen|6
|tier|OU
|rated
|clearpoke
|poke|p1|Bisharp, F
|poke|p1|Landorus-Therian, M
|poke|p1|Azumarill, F
|poke|p1|Thundurus, M
|poke|p1|Latios, M
|poke|p1|Pinsir, F
|poke|p2|Klefki, M, shiny
|poke|p2|Tangrowth, M, shiny
|poke|p2|Charizard, M, shiny
|poke|p2|Thundurus, M, shiny
|poke|p2|Landorus-Therian, M, shiny
|poke|p2|Starmie, shiny
|rule|Swagger Clause: Swagger is banned
|rule|Baton Pass Clause: Limit one PokÃ©mon knowing Baton Pass
|rule|Sleep Clause Mod: Limit one foe put to sleep
|rule|Species Clause: Limit one of each PokÃ©mon
|rule|OHKO Clause: OHKO moves are banned
|rule|Moody Clause: Moody is banned
|rule|Evasion Moves Clause: Evasion moves are banned
|rule|Endless Battle Clause: Forcing endless battles is banned
|rule|HP Percentage Mod: HP is shown in percentages
|teampreview
|
|start
|switch|p1a: yung gerald|Azumarill, F|401\/401
|switch|p2a: Klefki|Klefki, M, shiny|315\/315
|turn|1
|
|move|p2a: Klefki|Thunder Wave|p1a: yung gerald
|-status|p1a: yung gerald|par
|move|p1a: yung gerald|Waterfall|p2a: Klefki
|-damage|p2a: Klefki|146\/315
|-damage|p1a: yung gerald|335\/401 par|[from] item: Rocky Helmet|[of] p2a: Klefki
|
|turn|2
|
|switch|p2a: Tangrowth|Tangrowth, M, shiny|404\/404
|move|p1a: yung gerald|Waterfall|p2a: Tangrowth
|-resisted|p2a: Tangrowth
|-damage|p2a: Tangrowth|330\/404
|
|turn|3
|
|switch|p1a: QT me 3|Pinsir, F|271\/271
|move|p2a: Tangrowth|Knock Off|p1a: QT me 3
|-damage|p1a: QT me 3|215\/271
|
|turn|4
|
|switch|p2a: Landorus-Therian|Landorus-Therian, M, shiny|381\/381
|-ability|p2a: Landorus-Therian|Intimidate|[of] p1a: QT me 3
|-unboost|p1a: QT me 3|atk|1
|detailschange|p1a: QT me 3|Pinsir-Mega, F
|-mega|p1a: QT me 3|Pinsir|Pinsirite
|move|p1a: QT me 3|Return|p2a: Landorus-Therian
|-damage|p2a: Landorus-Therian|248\/381
|
|-heal|p2a: Landorus-Therian|271\/381|[from] item: Leftovers
|turn|5
|
|switch|p1a: QT pupe|Landorus-Therian, M|379\/379
|-ability|p1a: QT pupe|Intimidate|[of] p2a: Landorus-Therian
|-unboost|p2a: Landorus-Therian|atk|1
|move|p2a: Landorus-Therian|Stealth Rock|p1a: QT pupe
|-sidestart|p1: imapeeinyobutt|move: Stealth Rock
|
|-heal|p2a: Landorus-Therian|294\/381|[from] item: Leftovers
|turn|6
|
|move|p1a: QT pupe|Toxic|p2a: Landorus-Therian
|-status|p2a: Landorus-Therian|tox
|move|p2a: Landorus-Therian|U-turn|p1a: QT pupe
|-resisted|p1a: QT pupe
|-damage|p1a: QT pupe|360\/379
|
|switch|p2a: Thundurus|Thundurus, M, shiny|299\/299
|
|-heal|p1a: QT pupe|379\/379|[from] item: Leftovers
|turn|7
|
|move|p2a: Thundurus|Knock Off|p1a: QT pupe
|-damage|p1a: QT pupe|289\/379
|-enditem|p1a: QT pupe|Leftovers|[from] move: Knock Off|[of] p2a: Thundurus
|-damage|p2a: Thundurus|270\/299|[from] item: Life Orb
|move|p1a: QT pupe|Stealth Rock|p2a: Thundurus
|-sidestart|p2: ZeroHKO|move: Stealth Rock
|
|turn|8
|
|move|p2a: Thundurus|Hidden Power|p1a: QT pupe
|-supereffective|p1a: QT pupe
|-damage|p1a: QT pupe|0 fnt
|-damage|p2a: Thundurus|241\/299|[from] item: Life Orb
|faint|p1a: QT pupe
|
|
|switch|p1a: yung gerald|Azumarill, F|335\/401 par
|-damage|p1a: yung gerald|285\/401 par|[from] Stealth Rock
|turn|9
|
|move|p2a: Thundurus|Volt Switch|p1a: yung gerald
|-supereffective|p1a: yung gerald
|-damage|p1a: yung gerald|51\/401 par
|-damage|p2a: Thundurus|212\/299|[from] item: Life Orb
|
|switch|p2a: Starmie|Starmie, shiny|262\/262
|-damage|p2a: Starmie|230\/262|[from] Stealth Rock
|cant|p1a: yung gerald|par
|
|turn|10
|
|move|p1a: yung gerald|Aqua Jet|p2a: Starmie
|-resisted|p2a: Starmie
|-damage|p2a: Starmie|177\/262
|move|p2a: Starmie|Rapid Spin|p1a: yung gerald
|-damage|p1a: yung gerald|29\/401 par
|-sideend|p2: ZeroHKO|Stealth Rock|[from] move: Rapid Spin|[of] p2a: Starmie
|-damage|p2a: Starmie|151\/262|[from] item: Life Orb
|
|turn|11
|
|switch|p2a: Tangrowth|Tangrowth, M, shiny|404\/404
|move|p1a: yung gerald|Aqua Jet|p2a: Tangrowth
|-resisted|p2a: Tangrowth
|-damage|p2a: Tangrowth|370\/404
|
|turn|12
|
|move|p2a: Tangrowth|Giga Drain|p1a: yung gerald
|-supereffective|p1a: yung gerald
|-damage|p1a: yung gerald|0 fnt
|-heal|p2a: Tangrowth|385\/404|[from] drain|[of] p1a: yung gerald
|faint|p1a: yung gerald
|
|
|switch|p1a: SKREEE|Latios, M|301\/301
|-damage|p1a: SKREEE|264\/301|[from] Stealth Rock
|turn|13
|
|move|p1a: SKREEE|Hidden Power|p2a: Tangrowth
|-supereffective|p2a: Tangrowth
|-damage|p2a: Tangrowth|237\/404
|-damage|p1a: SKREEE|234\/301|[from] item: Life Orb
|move|p2a: Tangrowth|Infestation|p1a: SKREEE
|-supereffective|p1a: SKREEE
|-damage|p1a: SKREEE|204\/301
|-activate|p1a: SKREEE|move: Infestation|[of] p2a: Tangrowth
|
|-damage|p1a: SKREEE|167\/301|[from] move: Infestation|[partiallytrapped]
|turn|14
|
|move|p1a: SKREEE|Draco Meteor|p2a: Tangrowth
|-damage|p2a: Tangrowth|0 fnt
|-unboost|p1a: SKREEE|spa|2
|-damage|p1a: SKREEE|137\/301|[from] item: Life Orb
|faint|p2a: Tangrowth
|
|-end|p1a: SKREEE|Infestation|[partiallytrapped]
|
|switch|p2a: Charizard|Charizard, M, shiny|309\/309
|turn|15
|
|move|p1a: SKREEE|Draco Meteor|p2a: Charizard
|-damage|p2a: Charizard|126\/309
|-unboost|p1a: SKREEE|spa|2
|-damage|p1a: SKREEE|107\/301|[from] item: Life Orb
|move|p2a: Charizard|Dragon Dance|p2a: Charizard
|-boost|p2a: Charizard|atk|1
|-boost|p2a: Charizard|spe|1
|
|turn|16
|
|move|p2a: Charizard|Roost|p2a: Charizard
|-heal|p2a: Charizard|281\/309
|move|p1a: SKREEE|Draco Meteor|p2a: Charizard
|-damage|p2a: Charizard|155\/309
|-unboost|p1a: SKREEE|spa|2
|-damage|p1a: SKREEE|77\/301|[from] item: Life Orb
|
|turn|17
|
|move|p2a: Charizard|Roost|p2a: Charizard
|-heal|p2a: Charizard|309\/309
|move|p1a: SKREEE|Defog|p2a: Charizard
|-unboost|p2a: Charizard|evasion|1
|-sideend|p1: imapeeinyobutt|Stealth Rock|[from] move: Defog|[of] p1a: SKREEE
|
|turn|18
|
|switch|p1a: Thundurus|Thundurus, M|299\/299
|detailschange|p2a: Charizard|Charizard-Mega-X, M, shiny
|-mega|p2a: Charizard|Charizard|Charizardite X
|move|p2a: Charizard|Dragon Claw|p1a: Thundurus
|-damage|p1a: Thundurus|0 fnt
|faint|p1a: Thundurus
|
|
|switch|p1a: SKREEE|Latios, M|77\/301
|turn|19
|
|move|p2a: Charizard|Dragon Claw|p1a: SKREEE
|-supereffective|p1a: SKREEE
|-damage|p1a: SKREEE|0 fnt
|faint|p1a: SKREEE
|
|
|switch|p1a: QT me 3|Pinsir-Mega, F|215\/271
|turn|20
|
|move|p1a: QT me 3|Quick Attack|p2a: Charizard
|-damage|p2a: Charizard|204\/309
|move|p2a: Charizard|Dragon Claw|p1a: QT me 3
|-crit|p1a: QT me 3
|-damage|p1a: QT me 3|0 fnt
|faint|p1a: QT me 3
|
|
|switch|p1a: SteelEdges (M)|Bisharp, F|271\/271
|turn|21
|
|move|p1a: SteelEdges (M)|Sucker Punch|p2a: Charizard
|-fail|p2a: Charizard
|move|p2a: Charizard|Roost|p2a: Charizard
|-heal|p2a: Charizard|309\/309
|
|turn|22
|-message|imapeeinyobutt forfeited.
|
|win|ZeroHKO
|raw|Ladder updating...
|leave|imapeeinyobutt
|player|p1
|raw|imapeeinyobutt's rating: 1459 &rarr; <strong>1437<\/strong><br \/>(-22 for losing)
|raw|ZeroHKO's rating: 1424 &rarr; <strong>1446<\/strong><br \/>(+22 for winning)