|join|Risky Chance
|join|ZeroHKO
|c|âRisky Chance|gl
|player|p1|Risky Chance|117
|player|p2|ZeroHKO|1
|gametype|singles
|gen|6
|tier|OU
|rated
|clearpoke
|poke|p1|Pinsir, M
|poke|p1|Excadrill, M
|poke|p1|Alomomola, M
|poke|p1|Blissey, F
|poke|p1|Starmie
|poke|p1|Garchomp, M
|poke|p2|Klefki, M, shiny
|poke|p2|Tangrowth, M, shiny
|poke|p2|Charizard, M, shiny
|poke|p2|Thundurus, M, shiny
|poke|p2|Landorus-Therian, M, shiny
|poke|p2|Starmie, shiny
|rule|Swagger Clause: Swagger is banned
|rule|Baton Pass Clause: Limit one PokÃ©mon knowing Baton Pass
|rule|Sleep Clause Mod: Limit one foe put to sleep
|rule|Species Clause: Limit one of each PokÃ©mon
|rule|OHKO Clause: OHKO moves are banned
|rule|Moody Clause: Moody is banned
|rule|Evasion Moves Clause: Evasion moves are banned
|rule|Endless Battle Clause: Forcing endless battles is banned
|rule|HP Percentage Mod: HP is shown in percentages
|teampreview
|c|âZeroHKO|thx u2
|c|âRisky Chance|Cool name
|
|start
|switch|p1a: Garchomp|Garchomp, M|376\/376
|switch|p2a: Thundurus|Thundurus, M, shiny|299\/299
|turn|1
|c|âRisky Chance|Last game, I lost to my own timer
|c|âRisky Chance|lagged out lol
|c|âZeroHKO|Last game I lost because I missed an Hydro Pump :(
|c|âZeroHKO|:p
|c|âRisky Chance|I'm scared of nasty plot
|c|âZeroHKO|You have blissey :)
|
|switch|p1a: Blissey|Blissey, F|674\/674
|move|p2a: Thundurus|Knock Off|p1a: Blissey
|-damage|p1a: Blissey|448\/674
|-enditem|p1a: Blissey|Leftovers|[from] move: Knock Off|[of] p2a: Thundurus
|-damage|p2a: Thundurus|270\/299|[from] item: Life Orb
|
|turn|2
|c|âRisky Chance|I'm not sold on Blissy vs. Chansey
|
|switch|p1a: Starmie|Starmie|322\/322
|move|p2a: Thundurus|Superpower|p1a: Starmie
|-resisted|p1a: Starmie
|-damage|p1a: Starmie|235\/322
|-unboost|p2a: Thundurus|atk|1
|-unboost|p2a: Thundurus|def|1
|-damage|p2a: Thundurus|241\/299|[from] item: Life Orb
|
|-heal|p1a: Starmie|255\/322|[from] item: Leftovers
|turn|3
|c|âRisky Chance|I'm running Blissy because knock off is everywhere
|c|âRisky Chance|And I like fire blast
|c|âZeroHKO|Personally i prefer chansey :)
|
|switch|p1a: Garchomp|Garchomp, M|376\/376
|switch|p2a: Klefki|Klefki, M, shiny|315\/315
|
|turn|4
|
|move|p2a: Klefki|Magnet Rise|p2a: Klefki
|-start|p2a: Klefki|Magnet Rise
|move|p1a: Garchomp|Stealth Rock|p2a: Klefki
|-sidestart|p2: ZeroHKO|move: Stealth Rock
|
|turn|5
|c|âRisky Chance|Ooh, never seen that before
|c|âRisky Chance|Cool
|c|âZeroHKO|:)
|
|switch|p1a: Starmie|Starmie|255\/322
|move|p2a: Klefki|Spikes|p1a: Starmie
|-sidestart|p1: Risky Chance|Spikes
|
|-heal|p1a: Starmie|275\/322|[from] item: Leftovers
|turn|6
|
|move|p2a: Klefki|Thunder Wave|p1a: Starmie
|-status|p1a: Starmie|par
|move|p1a: Starmie|Scald|p2a: Klefki
|-damage|p2a: Klefki|227\/315
|-status|p2a: Klefki|brn
|
|-heal|p1a: Starmie|295\/322 par|[from] item: Leftovers
|-damage|p2a: Klefki|188\/315 brn|[from] brn
|turn|7
|
|switch|p2a: Tangrowth|Tangrowth, M, shiny|404\/404
|-damage|p2a: Tangrowth|354\/404|[from] Stealth Rock
|move|p1a: Starmie|Rapid Spin|p2a: Tangrowth
|-damage|p2a: Tangrowth|346\/404
|-sideend|p1: Risky Chance|Spikes|[from] move: Rapid Spin|[of] p1a: Starmie
|
|-heal|p1a: Starmie|315\/322 par|[from] item: Leftovers
|turn|8
|
|switch|p1a: Blissey|Blissey, F|448\/674
|move|p2a: Tangrowth|Infestation|p1a: Blissey
|-damage|p1a: Blissey|434\/674
|-activate|p1a: Blissey|move: Infestation|[of] p2a: Tangrowth
|
|-damage|p1a: Blissey|350\/674|[from] move: Infestation|[partiallytrapped]
|turn|9
|
|move|p1a: Blissey|Soft-Boiled|p1a: Blissey
|-heal|p1a: Blissey|674\/674
|move|p2a: Tangrowth|Earthquake|p1a: Blissey
|-damage|p1a: Blissey|531\/674
|
|-damage|p1a: Blissey|447\/674|[from] move: Infestation|[partiallytrapped]
|turn|10
|
|switch|p2a: Starmie|Starmie, shiny|262\/262
|-damage|p2a: Starmie|230\/262|[from] Stealth Rock
|move|p1a: Blissey|Fire Blast|p2a: Starmie
|-resisted|p2a: Starmie
|-damage|p2a: Starmie|188\/262
|
|-end|p1a: Blissey|Infestation|[partiallytrapped]
|turn|11
|
|switch|p1a: Alomomola|Alomomola, M|513\/513
|move|p2a: Starmie|Rapid Spin|p1a: Alomomola
|-damage|p1a: Alomomola|491\/513
|-sideend|p2: ZeroHKO|Stealth Rock|[from] move: Rapid Spin|[of] p2a: Starmie
|-damage|p2a: Starmie|162\/262|[from] item: Life Orb
|
|-heal|p1a: Alomomola|513\/513|[from] item: Leftovers
|turn|12
|c|âRisky Chance|lol
|c|âRisky Chance|I made my move
|
|switch|p2a: Klefki|Klefki, M, shiny|188\/315 brn
|move|p1a: Alomomola|Knock Off|p2a: Klefki
|-resisted|p2a: Klefki
|-damage|p2a: Klefki|161\/315 brn
|-damage|p1a: Alomomola|428\/513|[from] item: Rocky Helmet|[of] p2a: Klefki
|-enditem|p2a: Klefki|Rocky Helmet|[from] move: Knock Off|[of] p1a: Alomomola
|
|-heal|p1a: Alomomola|460\/513|[from] item: Leftovers
|-damage|p2a: Klefki|122\/315 brn|[from] brn
|turn|13
|
|switch|p1a: Starmie|Starmie|315\/322
|move|p2a: Klefki|Spikes|p1a: Starmie
|-sidestart|p1: Risky Chance|Spikes
|
|-heal|p1a: Starmie|322\/322|[from] item: Leftovers
|-damage|p2a: Klefki|83\/315 brn|[from] brn
|turn|14
|
|move|p2a: Klefki|Thunder Wave|p1a: Starmie
|-status|p1a: Starmie|par
|cant|p1a: Starmie|par
|
|-damage|p2a: Klefki|44\/315 brn|[from] brn
|turn|15
|
|move|p2a: Klefki|Fairy Lock|p2a: Klefki
|-activate|Battle: ou|move: Fairy Lock
|move|p1a: Starmie|Rapid Spin|p2a: Klefki
|-resisted|p2a: Klefki
|-damage|p2a: Klefki|39\/315 brn
|-sideend|p1: Risky Chance|Spikes|[from] move: Rapid Spin|[of] p1a: Starmie
|
|-damage|p2a: Klefki|0 fnt|[from] brn
|faint|p2a: Klefki
|
|switch|p2a: Tangrowth|Tangrowth, M, shiny|404\/404
|turn|16
|
|move|p2a: Tangrowth|Infestation|p1a: Starmie
|-supereffective|p1a: Starmie
|-damage|p1a: Starmie|278\/322 par
|-activate|p1a: Starmie|move: Infestation|[of] p2a: Tangrowth
|move|p1a: Starmie|Recover|p1a: Starmie
|-heal|p1a: Starmie|322\/322 par
|
|-damage|p1a: Starmie|282\/322 par|[from] move: Infestation|[partiallytrapped]
|turn|17
|c|âRisky Chance|hahaha
|c|âZeroHKO|?
|c|âRisky Chance|Sorry
|c|âRisky Chance|I messed up
|c|âRisky Chance|One of those situations where you should go with your gut, you know?
|
|move|p2a: Tangrowth|Knock Off|p1a: Starmie
|-supereffective|p1a: Starmie
|-damage|p1a: Starmie|124\/322 par
|-enditem|p1a: Starmie|Leftovers|[from] move: Knock Off|[of] p2a: Tangrowth
|move|p1a: Starmie|Rapid Spin|p2a: Tangrowth
|-damage|p2a: Tangrowth|397\/404
|-remove|p1a: Starmie|Infestation|[from] move: Rapid Spin|[of] p1a: Starmie|[partiallytrapped]
|
|turn|18
|
|switch|p1a: Pinsir|Pinsir, M|297\/297
|move|p2a: Tangrowth|Infestation|p1a: Pinsir
|-damage|p1a: Pinsir|276\/297
|-activate|p1a: Pinsir|move: Infestation|[of] p2a: Tangrowth
|
|-damage|p1a: Pinsir|239\/297|[from] move: Infestation|[partiallytrapped]
|turn|19
|
|switch|p2a: Landorus-Therian|Landorus-Therian, M, shiny|381\/381
|-ability|p2a: Landorus-Therian|Intimidate|[of] p1a: Pinsir
|-fail|p1a: Pinsir|unboost|Attack|[from] ability: Hyper Cutter|[of] p1a: Pinsir
|detailschange|p1a: Pinsir|Pinsir-Mega, M
|-mega|p1a: Pinsir|Pinsir|Pinsirite
|move|p1a: Pinsir|Return|p2a: Landorus-Therian
|-damage|p2a: Landorus-Therian|191\/381
|
|-heal|p2a: Landorus-Therian|214\/381|[from] item: Leftovers
|-end|p1a: Pinsir|Infestation|[partiallytrapped]
|turn|20
|
|switch|p1a: Garchomp|Garchomp, M|376\/376
|move|p2a: Landorus-Therian|Stone Edge|p1a: Garchomp
|-resisted|p1a: Garchomp
|-damage|p1a: Garchomp|321\/376
|
|-heal|p1a: Garchomp|344\/376|[from] item: Leftovers
|-heal|p2a: Landorus-Therian|237\/381|[from] item: Leftovers
|turn|21
|
|switch|p2a: Charizard|Charizard, M, shiny|309\/309
|move|p1a: Garchomp|Stealth Rock|p2a: Charizard
|-sidestart|p2: ZeroHKO|move: Stealth Rock
|
|-heal|p1a: Garchomp|367\/376|[from] item: Leftovers
|turn|22
|
|switch|p1a: Alomomola|Alomomola, M|513\/513
|move|p2a: Charizard|Dragon Dance|p2a: Charizard
|-boost|p2a: Charizard|atk|1
|-boost|p2a: Charizard|spe|1
|
|turn|23
|
|detailschange|p2a: Charizard|Charizard-Mega-X, M, shiny
|-mega|p2a: Charizard|Charizard|Charizardite X
|move|p2a: Charizard|Dragon Claw|p1a: Alomomola
|-damage|p1a: Alomomola|186\/513
|move|p1a: Alomomola|Toxic|p2a: Charizard
|-status|p2a: Charizard|tox
|
|-heal|p1a: Alomomola|218\/513|[from] item: Leftovers
|-damage|p2a: Charizard|290\/309 tox|[from] psn
|turn|24
|
|move|p2a: Charizard|Dragon Dance|p2a: Charizard
|-boost|p2a: Charizard|atk|1
|-boost|p2a: Charizard|spe|1
|move|p1a: Alomomola|Wish|p1a: Alomomola
|
|-heal|p1a: Alomomola|250\/513|[from] item: Leftovers
|-damage|p2a: Charizard|252\/309 tox|[from] psn
|turn|25
|
|move|p1a: Alomomola|Protect|p1a: Alomomola
|-singleturn|p1a: Alomomola|Protect
|move|p2a: Charizard|Dragon Dance|p2a: Charizard
|-boost|p2a: Charizard|atk|1
|-boost|p2a: Charizard|spe|1
|
|-heal|p1a: Alomomola|506\/513|[from] move: Wish|[wisher] Alomomola
|-heal|p1a: Alomomola|513\/513|[from] item: Leftovers
|-damage|p2a: Charizard|195\/309 tox|[from] psn
|turn|26
|
|switch|p1a: Excadrill|Excadrill, M|393\/393
|-ability|p1a: Excadrill|Mold Breaker
|move|p2a: Charizard|Roost|p2a: Charizard
|-heal|p2a: Charizard|309\/309 tox
|
|-damage|p2a: Charizard|233\/309 tox|[from] psn
|turn|27
|
|switch|p1a: Alomomola|Alomomola, M|513\/513
|move|p2a: Charizard|Dragon Claw|p1a: Alomomola
|-damage|p1a: Alomomola|0 fnt
|faint|p1a: Alomomola
|
|-damage|p2a: Charizard|138\/309 tox|[from] psn
|
|switch|p1a: Excadrill|Excadrill, M|393\/393
|-ability|p1a: Excadrill|Mold Breaker
|turn|28
|
|move|p2a: Charizard|Dragon Claw|p1a: Excadrill
|-resisted|p1a: Excadrill
|-damage|p1a: Excadrill|37\/393
|move|p1a: Excadrill|Toxic|p2a: Charizard|[miss]
|-miss|p1a: Excadrill|p2a: Charizard
|
|-heal|p1a: Excadrill|61\/393|[from] item: Leftovers
|-damage|p2a: Charizard|24\/309 tox|[from] psn
|turn|29
|c|âRisky Chance|haha
|
|move|p2a: Charizard|Dragon Claw|p1a: Excadrill
|-resisted|p1a: Excadrill
|-damage|p1a: Excadrill|0 fnt
|faint|p1a: Excadrill
|
|-damage|p2a: Charizard|0 fnt|[from] psn
|faint|p2a: Charizard
|
|switch|p1a: Starmie|Starmie|124\/322
|switch|p2a: Thundurus|Thundurus, M, shiny|241\/299
|-damage|p2a: Thundurus|167\/299|[from] Stealth Rock
|turn|30
|c|âRisky Chance|Charizard put in work!
|
|move|p1a: Starmie|Scald|p2a: Thundurus
|-damage|p2a: Thundurus|38\/299
|-status|p2a: Thundurus|brn
|move|p2a: Thundurus|Volt Switch|p1a: Starmie
|-supereffective|p1a: Starmie
|-damage|p1a: Starmie|0 fnt
|-damage|p2a: Thundurus|9\/299 brn|[from] item: Life Orb
|faint|p1a: Starmie
|
|switch|p2a: Starmie|Starmie, shiny|162\/262
|-damage|p2a: Starmie|130\/262|[from] Stealth Rock
|
|
|switch|p1a: Blissey|Blissey, F|447\/674
|turn|31
|
|move|p2a: Starmie|Rapid Spin|p1a: Blissey
|-damage|p1a: Blissey|422\/674
|-sideend|p2: ZeroHKO|Stealth Rock|[from] move: Rapid Spin|[of] p2a: Starmie
|-damage|p2a: Starmie|104\/262|[from] item: Life Orb
|move|p1a: Blissey|Seismic Toss|p2a: Starmie
|-damage|p2a: Starmie|4\/262
|
|turn|32
|
|move|p2a: Starmie|Psyshock|p1a: Blissey
|-damage|p1a: Blissey|144\/674
|-damage|p2a: Starmie|0 fnt|[from] item: Life Orb
|faint|p2a: Starmie
|move|p1a: Blissey|Soft-Boiled|p1a: Blissey
|-heal|p1a: Blissey|481\/674
|
|
|switch|p2a: Landorus-Therian|Landorus-Therian, M, shiny|237\/381
|-ability|p2a: Landorus-Therian|Intimidate|[of] p1a: Blissey
|-unboost|p1a: Blissey|atk|1
|turn|33
|
|move|p2a: Landorus-Therian|Stealth Rock|p1a: Blissey
|-sidestart|p1: Risky Chance|move: Stealth Rock
|move|p1a: Blissey|Soft-Boiled|p1a: Blissey
|-heal|p1a: Blissey|674\/674
|
|-heal|p2a: Landorus-Therian|260\/381|[from] item: Leftovers
|turn|34
|
|move|p2a: Landorus-Therian|Earthquake|p1a: Blissey
|-damage|p1a: Blissey|395\/674
|move|p1a: Blissey|Seismic Toss|p2a: Landorus-Therian
|-damage|p2a: Landorus-Therian|160\/381
|
|-heal|p2a: Landorus-Therian|183\/381|[from] item: Leftovers
|turn|35
|
|move|p2a: Landorus-Therian|Earthquake|p1a: Blissey
|-damage|p1a: Blissey|110\/674
|move|p1a: Blissey|Seismic Toss|p2a: Landorus-Therian
|-damage|p2a: Landorus-Therian|83\/381
|
|-heal|p2a: Landorus-Therian|106\/381|[from] item: Leftovers
|turn|36
|
|move|p2a: Landorus-Therian|U-turn|p1a: Blissey
|-damage|p1a: Blissey|0 fnt
|faint|p1a: Blissey
|
|switch|p2a: Tangrowth|Tangrowth, M, shiny|404\/404
|
|
|switch|p1a: Garchomp|Garchomp, M|367\/376
|-damage|p1a: Garchomp|344\/376|[from] Stealth Rock
|turn|37
|
|move|p1a: Garchomp|Swords Dance|p1a: Garchomp
|-boost|p1a: Garchomp|atk|2
|move|p2a: Tangrowth|Infestation|p1a: Garchomp
|-damage|p1a: Garchomp|322\/376
|-damage|p2a: Tangrowth|354\/404|[from] ability: Rough Skin|[of] p1a: Garchomp
|-activate|p1a: Garchomp|move: Infestation|[of] p2a: Tangrowth
|
|-heal|p1a: Garchomp|345\/376|[from] item: Leftovers
|-damage|p1a: Garchomp|298\/376|[from] move: Infestation|[partiallytrapped]
|turn|38
|
|move|p1a: Garchomp|Swords Dance|p1a: Garchomp
|-boost|p1a: Garchomp|atk|2
|move|p2a: Tangrowth|Knock Off|p1a: Garchomp
|-damage|p1a: Garchomp|225\/376
|-damage|p2a: Tangrowth|304\/404|[from] ability: Rough Skin|[of] p1a: Garchomp
|-enditem|p1a: Garchomp|Leftovers|[from] move: Knock Off|[of] p2a: Tangrowth
|
|-damage|p1a: Garchomp|178\/376|[from] move: Infestation|[partiallytrapped]
|turn|39
|
|move|p1a: Garchomp|Dragon Claw|p2a: Tangrowth
|-damage|p2a: Tangrowth|0 fnt
|faint|p2a: Tangrowth
|
|-end|p1a: Garchomp|Infestation|[partiallytrapped]
|
|switch|p2a: Thundurus|Thundurus, M, shiny|9\/299 brn
|turn|40
|
|move|p2a: Thundurus|Hidden Power|p1a: Garchomp
|-supereffective|p1a: Garchomp
|-damage|p1a: Garchomp|0 fnt
|-damage|p2a: Thundurus|0 fnt|[from] item: Life Orb
|faint|p1a: Garchomp
|faint|p2a: Thundurus
|
|
|switch|p1a: Pinsir|Pinsir-Mega, M|239\/297
|switch|p2a: Landorus-Therian|Landorus-Therian, M, shiny|106\/381
|-damage|p1a: Pinsir|91\/297|[from] Stealth Rock
|-ability|p2a: Landorus-Therian|Intimidate|[of] p1a: Pinsir
|-unboost|p1a: Pinsir|atk|1
|turn|41
|c|âRisky Chance|Oh, I messed up
|c|âRisky Chance|Very good game
|
|move|p1a: Pinsir|Return|p2a: Landorus-Therian
|-damage|p2a: Landorus-Therian|0 fnt
|faint|p2a: Landorus-Therian
|
|win|Risky Chance
|raw|Ladder updating...
|raw|Risky Chance's rating: 1547 &rarr; <strong>1566<\/strong><br \/>(+19 for winning)
|raw|ZeroHKO's rating: 1534 &rarr; <strong>1514<\/strong><br \/>(-20 for losing)
|c|âRisky Chance|OH
|leave|ZeroHKO
|player|p2