|join|night changes
|join|Amoongbro
|player|p1|night changes|174
|player|p2|Amoongbro|102
|gametype|singles
|gen|6
|tier|OU
|rated
|clearpoke
|poke|p1|Charizard, M
|poke|p1|Dragalge, M
|poke|p1|Hippowdon, M
|poke|p1|Ferrothorn, F
|poke|p1|Starmie
|poke|p1|Bisharp, F
|poke|p2|Chansey, F, shiny
|poke|p2|Skarmory, F, shiny
|poke|p2|Alomomola, F, shiny
|poke|p2|Amoonguss, F, shiny
|poke|p2|Quagsire, M, shiny
|poke|p2|Sableye, F, shiny
|rule|Swagger Clause: Swagger is banned
|rule|Baton Pass Clause: Limit one PokÃ©mon knowing Baton Pass
|rule|Sleep Clause Mod: Limit one foe put to sleep
|rule|Species Clause: Limit one of each PokÃ©mon
|rule|OHKO Clause: OHKO moves are banned
|rule|Moody Clause: Moody is banned
|rule|Evasion Moves Clause: Evasion moves are banned
|rule|Endless Battle Clause: Forcing endless battles is banned
|rule|HP Percentage Mod: HP is shown in percentages
|teampreview
|c|ânight changes|gl
|
|start
|switch|p1a: Charizard|Charizard, M|307\/307
|switch|p2a: Not Mega|Sableye, F, shiny|304\/304
|turn|1
|
|switch|p2a: Baby Blobby|Chansey, F, shiny|704\/704
|detailschange|p1a: Charizard|Charizard-Mega-Y, M
|-mega|p1a: Charizard|Charizard|Charizardite Y
|-weather|SunnyDay
|move|p1a: Charizard|Flamethrower|p2a: Baby Blobby
|-damage|p2a: Baby Blobby|499\/704
|
|-weather|SunnyDay|[upkeep]
|turn|2
|
|switch|p1a: Ferrothorn|Ferrothorn, F|352\/352
|move|p2a: Baby Blobby|Soft-Boiled|p2a: Baby Blobby
|-heal|p2a: Baby Blobby|704\/704
|
|-weather|SunnyDay|[upkeep]
|turn|3
|
|switch|p2a: Fuck Magnezone|Skarmory, F, shiny|334\/334
|move|p1a: Ferrothorn|Stealth Rock|p2a: Fuck Magnezone
|-sidestart|p2: Amoongbro|move: Stealth Rock
|
|-weather|SunnyDay|[upkeep]
|turn|4
|
|move|p2a: Fuck Magnezone|Defog|p1a: Ferrothorn
|-unboost|p1a: Ferrothorn|evasion|1
|-sideend|p2: Amoongbro|Stealth Rock|[from] move: Defog|[of] p2a: Fuck Magnezone
|move|p1a: Ferrothorn|Leech Seed|p2a: Fuck Magnezone
|-start|p2a: Fuck Magnezone|move: Leech Seed
|
|-weather|SunnyDay|[upkeep]
|-damage|p2a: Fuck Magnezone|293\/334|[from] Leech Seed|[of] p1a: Ferrothorn
|turn|5
|
|switch|p2a: Not Mega|Sableye, F, shiny|304\/304
|move|p1a: Ferrothorn|Stealth Rock|p2a: Not Mega
|-sidestart|p2: Amoongbro|move: Stealth Rock
|
|-weather|none
|turn|6
|
|switch|p1a: Charizard|Charizard-Mega-Y, M|307\/307
|-weather|SunnyDay
|detailschange|p2a: Not Mega|Sableye-Mega, F, shiny
|-mega|p2a: Not Mega|Sableye|Sablenite
|move|p2a: Not Mega|Toxic|p1a: Charizard
|-status|p1a: Charizard|tox
|
|-weather|SunnyDay|[upkeep]
|-damage|p1a: Charizard|288\/307 tox|[from] psn
|turn|7
|
|switch|p2a: Baby Blobby|Chansey, F, shiny|704\/704
|-damage|p2a: Baby Blobby|616\/704|[from] Stealth Rock
|move|p1a: Charizard|Flamethrower|p2a: Baby Blobby
|-damage|p2a: Baby Blobby|433\/704
|
|-weather|SunnyDay|[upkeep]
|-damage|p1a: Charizard|250\/307 tox|[from] psn
|turn|8
|
|switch|p1a: Bisharp|Bisharp, F|271\/271
|move|p2a: Baby Blobby|Soft-Boiled|p2a: Baby Blobby
|-heal|p2a: Baby Blobby|704\/704
|
|-weather|SunnyDay|[upkeep]
|turn|9
|
|move|p1a: Bisharp|Pursuit|p2a: Baby Blobby|[from]Pursuit
|-damage|p2a: Baby Blobby|484\/704
|switch|p2a: Fuck Magnezone|Skarmory, F, shiny|293\/334
|-damage|p2a: Fuck Magnezone|252\/334|[from] Stealth Rock
|
|-weather|SunnyDay|[upkeep]
|turn|10
|
|switch|p1a: Charizard|Charizard-Mega-Y, M|250\/307 tox
|move|p2a: Fuck Magnezone|Defog|p1a: Charizard
|-unboost|p1a: Charizard|evasion|1
|-sideend|p2: Amoongbro|Stealth Rock|[from] move: Defog|[of] p2a: Fuck Magnezone
|
|-weather|none
|-damage|p1a: Charizard|231\/307 tox|[from] psn
|turn|11
|
|switch|p1a: Dragalge|Dragalge, M|321\/321
|switch|p2a: Baby Blobby|Chansey, F, shiny|484\/704
|
|turn|12
|
|move|p1a: Dragalge|Toxic Spikes|p2a: Baby Blobby
|-sidestart|p2: Amoongbro|move: Toxic Spikes
|move|p2a: Baby Blobby|Soft-Boiled|p2a: Baby Blobby
|-heal|p2a: Baby Blobby|704\/704
|
|turn|13
|
|switch|p1a: Ferrothorn|Ferrothorn, F|352\/352
|move|p2a: Baby Blobby|Seismic Toss|p1a: Ferrothorn
|-damage|p1a: Ferrothorn|252\/352
|-damage|p2a: Baby Blobby|616\/704|[from] ability: Iron Barbs|[of] p1a: Ferrothorn
|
|-heal|p1a: Ferrothorn|274\/352|[from] item: Leftovers
|turn|14
|
|switch|p2a: Mr Blobby|Amoonguss, F, shiny|432\/432
|-sideend|p2: Amoongbro|move: Toxic Spikes|[of] p2a: Mr Blobby
|move|p1a: Ferrothorn|Power Whip|p2a: Mr Blobby
|-resisted|p2a: Mr Blobby
|-damage|p2a: Mr Blobby|403\/432
|
|-heal|p1a: Ferrothorn|296\/352|[from] item: Leftovers
|turn|15
|
|switch|p2a: Not Mega|Sableye-Mega, F, shiny|304\/304
|move|p1a: Ferrothorn|Stealth Rock|p2a: Not Mega
|move|p2a: Not Mega|Stealth Rock|p1a: Ferrothorn|[from]Magic Bounce
|-sidestart|p1: night changes|move: Stealth Rock
|
|-heal|p1a: Ferrothorn|318\/352|[from] item: Leftovers
|turn|16
|
|switch|p1a: Starmie|Starmie|323\/323
|-damage|p1a: Starmie|283\/323|[from] Stealth Rock
|move|p2a: Not Mega|Knock Off|p1a: Starmie
|-supereffective|p1a: Starmie
|-damage|p1a: Starmie|73\/323
|-enditem|p1a: Starmie|Leftovers|[from] move: Knock Off|[of] p2a: Not Mega
|
|turn|17
|
|switch|p2a: Baby Blobby|Chansey, F, shiny|616\/704
|move|p1a: Starmie|Recover|p1a: Starmie
|-heal|p1a: Starmie|235\/323
|
|turn|18
|
|switch|p2a: Not Mega|Sableye-Mega, F, shiny|304\/304
|move|p1a: Starmie|Rapid Spin|p2a: Not Mega
|-immune|p2a: Not Mega|[msg]
|
|turn|19
|
|move|p1a: Starmie|Rapid Spin|p2a: Not Mega
|-immune|p2a: Not Mega|[msg]
|move|p2a: Not Mega|Knock Off|p1a: Starmie
|-supereffective|p1a: Starmie
|-damage|p1a: Starmie|73\/323
|
|turn|20
|
|move|p1a: Starmie|Rapid Spin|p2a: Not Mega
|-immune|p2a: Not Mega|[msg]
|move|p2a: Not Mega|Knock Off|p1a: Starmie
|-supereffective|p1a: Starmie
|-damage|p1a: Starmie|0 fnt
|faint|p1a: Starmie
|
|c|ânight changes|FUCK
|c|ânight changes|misclicked
|c|ânight changes|my god
|c|ânight changes|thats game
|c|ânight changes|gg
|-message|night changes forfeited.
|
|win|Amoongbro
|raw|Ladder updating...
|leave|night changes
|player|p1
|raw|night changes's rating: 1775 &rarr; <strong>1749<\/strong><br \/>(-26 for losing)
|raw|Amoongbro's rating: 1670 &rarr; <strong>1696<\/strong><br \/>(+26 for winning)