|join|feyitomi
|join|DoDo Butter
|player|p1|feyitomi|214
|player|p2|DoDo Butter|167
|gametype|singles
|gen|6
|tier|ORAS OU
|rated
|rule|Sleep Clause Mod: Limit one foe put to sleep
|rule|Species Clause: Limit one of each PokÃ©mon
|rule|OHKO Clause: OHKO moves are banned
|rule|Moody Clause: Moody is banned
|rule|Evasion Moves Clause: Evasion moves are banned
|rule|Endless Battle Clause: Forcing endless battles is banned
|rule|HP Percentage Mod: HP is shown in percentages
|clearpoke
|poke|p1|Salamence, M
|poke|p1|Azelf
|poke|p1|Azumarill, M
|poke|p1|Thundurus, M
|poke|p1|Excadrill, F
|poke|p1|Talonflame, F
|poke|p2|Gallade, M
|poke|p2|Klefki, M
|poke|p2|Latias, F
|poke|p2|Excadrill, M
|poke|p2|Greninja, M, shiny
|poke|p2|Cloyster, M
|rule|Swagger Clause: Swagger is banned
|rule|Baton Pass Clause: Limit one PokÃ©mon knowing Baton Pass
|teampreview
|
|start
|switch|p1a: Azelf|Azelf|291\/291
|switch|p2a: Greninja|Greninja, M, shiny|285\/285
|turn|1
|
|move|p2a: Greninja|Dark Pulse|p1a: Azelf
|-start|p2a: Greninja|typechange|Dark|[from] Protean
|-supereffective|p1a: Azelf
|-enditem|p1a: Azelf|Focus Sash
|-damage|p1a: Azelf|1\/291
|-damage|p2a: Greninja|257\/285|[from] item: Life Orb
|move|p1a: Azelf|Stealth Rock|p2a: Greninja
|-sidestart|p2: DoDo Butter|move: Stealth Rock
|
|turn|2
|
|move|p2a: Greninja|Dark Pulse|p1a: Azelf
|-supereffective|p1a: Azelf
|-damage|p1a: Azelf|0 fnt
|-damage|p2a: Greninja|229\/285|[from] item: Life Orb
|faint|p1a: Azelf
|
|
|switch|p1a: Excadrill|Excadrill, F|362\/362
|-ability|p1a: Excadrill|Mold Breaker
|turn|3
|
|move|p1a: Excadrill|Iron Head|p2a: Greninja
|-damage|p2a: Greninja|16\/285
|move|p2a: Greninja|Hydro Pump|p1a: Excadrill
|-start|p2a: Greninja|typechange|Water|[from] Protean
|-supereffective|p1a: Excadrill
|-damage|p1a: Excadrill|0 fnt
|-damage|p2a: Greninja|0 fnt|[from] item: Life Orb
|faint|p1a: Excadrill
|faint|p2a: Greninja
|
|
|switch|p2a: Latias|Latias, F|301\/301
|-damage|p2a: Latias|264\/301|[from] Stealth Rock
|switch|p1a: Salamence|Salamence, M|361\/361
|-ability|p1a: Salamence|Intimidate|[of] p2a: Latias
|-unboost|p2a: Latias|atk|1
|turn|4
|
|switch|p1a: Azumarill|Azumarill, M|374\/374
|move|p2a: Latias|Psyshock|p1a: Azumarill
|-damage|p1a: Azumarill|182\/374
|-damage|p2a: Latias|234\/301|[from] item: Life Orb
|-enditem|p1a: Azumarill|Sitrus Berry|[eat]
|-heal|p1a: Azumarill|275\/374|[from] item: Sitrus Berry
|
|turn|5
|
|move|p2a: Latias|Psyshock|p1a: Azumarill
|-damage|p1a: Azumarill|64\/374
|-damage|p2a: Latias|204\/301|[from] item: Life Orb
|move|p1a: Azumarill|Play Rough|p2a: Latias
|-crit|p2a: Latias
|-supereffective|p2a: Latias
|-damage|p2a: Latias|0 fnt
|faint|p2a: Latias
|
|
|switch|p2a: Excadrill|Excadrill, M|361\/361
|-damage|p2a: Excadrill|350\/361|[from] Stealth Rock
|-ability|p2a: Excadrill|Mold Breaker
|-item|p2a: Excadrill|Air Balloon
|turn|6
|
|move|p1a: Azumarill|Aqua Jet|p2a: Excadrill
|-supereffective|p2a: Excadrill
|-damage|p2a: Excadrill|78\/361
|-enditem|p2a: Excadrill|Air Balloon
|move|p2a: Excadrill|Rapid Spin|p1a: Azumarill
|-damage|p1a: Azumarill|31\/374
|-sideend|p2: DoDo Butter|Stealth Rock|[from] move: Rapid Spin|[of] p2a: Excadrill
|
|turn|7
|
|switch|p2a: Klefki|Klefki, M|318\/318
|move|p1a: Azumarill|Aqua Jet|p2a: Klefki
|-damage|p2a: Klefki|254\/318
|
|-heal|p2a: Klefki|273\/318|[from] item: Leftovers
|turn|8
|
|move|p2a: Klefki|Reflect|p2a: Klefki
|-sidestart|p2: DoDo Butter|Reflect
|move|p1a: Azumarill|Waterfall|p2a: Klefki
|-damage|p2a: Klefki|208\/318
|
|-heal|p2a: Klefki|227\/318|[from] item: Leftovers
|turn|9
|
|switch|p1a: Thundurus|Thundurus, M|299\/299
|move|p2a: Klefki|Foul Play|p1a: Thundurus
|-crit|p1a: Thundurus
|-damage|p1a: Thundurus|165\/299
|
|-heal|p2a: Klefki|246\/318|[from] item: Leftovers
|turn|10
|
|move|p1a: Thundurus|Thunderbolt|p2a: Klefki
|-damage|p2a: Klefki|20\/318
|-damage|p1a: Thundurus|136\/299|[from] item: Life Orb
|move|p2a: Klefki|Foul Play|p1a: Thundurus
|-damage|p1a: Thundurus|49\/299
|
|-heal|p2a: Klefki|39\/318|[from] item: Leftovers
|turn|11
|
|move|p1a: Thundurus|Thunderbolt|p2a: Klefki
|-damage|p2a: Klefki|0 fnt
|-damage|p1a: Thundurus|20\/299|[from] item: Life Orb
|faint|p2a: Klefki
|
|
|switch|p2a: Excadrill|Excadrill, M|78\/361
|-ability|p2a: Excadrill|Mold Breaker
|turn|12
|
|switch|p1a: Salamence|Salamence, M|361\/361
|-ability|p1a: Salamence|Intimidate|[of] p2a: Excadrill
|-unboost|p2a: Excadrill|atk|1
|move|p2a: Excadrill|Stealth Rock|p1a: Salamence
|-sidestart|p1: feyitomi|move: Stealth Rock
|
|-sideend|p2: DoDo Butter|Reflect
|turn|13
|
|detailschange|p1a: Salamence|Salamence-Mega, M
|message|Salamence has Mega Evolved into Mega Salamence!
|move|p2a: Excadrill|Iron Head|p1a: Salamence
|-damage|p1a: Salamence|268\/361
|move|p1a: Salamence|Dragon Dance|p1a: Salamence
|-boost|p1a: Salamence|atk|1
|-boost|p1a: Salamence|spe|1
|
|turn|14
|
|move|p1a: Salamence|Frustration|p2a: Excadrill
|-resisted|p2a: Excadrill
|-damage|p2a: Excadrill|0 fnt
|faint|p2a: Excadrill
|
|
|switch|p2a: Cloyster|Cloyster, M|242\/242
|turn|15
|c|âDoDo Butter|gg
|
|move|p1a: Salamence|Substitute|p1a: Salamence
|-start|p1a: Salamence|Substitute
|-damage|p1a: Salamence|178\/361
|move|p2a: Cloyster|Shell Smash|p2a: Cloyster
|-boost|p2a: Cloyster|atk|2
|-boost|p2a: Cloyster|spa|2
|-boost|p2a: Cloyster|spe|2
|-unboost|p2a: Cloyster|def|1
|-unboost|p2a: Cloyster|spd|1
|
|turn|16
|
|move|p2a: Cloyster|Shell Smash|p2a: Cloyster
|-boost|p2a: Cloyster|atk|2
|-boost|p2a: Cloyster|spa|2
|-boost|p2a: Cloyster|spe|2
|-unboost|p2a: Cloyster|def|1
|-unboost|p2a: Cloyster|spd|1
|move|p1a: Salamence|Frustration|p2a: Cloyster
|-enditem|p2a: Cloyster|Focus Sash
|-damage|p2a: Cloyster|1\/242
|
|turn|17
|
|move|p2a: Cloyster|Icicle Spear|p1a: Salamence
|-supereffective|p1a: Salamence
|-end|p1a: Salamence|Substitute
|-supereffective|p1a: Salamence
|-damage|p1a: Salamence|0 fnt
|-hitcount|p1a: Salamence|2
|faint|p1a: Salamence
|
|-message|feyitomi forfeited.
|
|win|DoDo Butter
|raw|Ladder updating...
|leave|feyitomi
|player|p1
|raw|feyitomi's rating: 1496 &rarr; <strong>1470<\/strong><br \/>(-26 for losing)
|raw|DoDo Butter's rating: 1399 &rarr; <strong>1425<\/strong><br \/>(+26 for winning)