|join|Feyitomi
|join|Baeonetta
|player|p1|Feyitomi|214
|player|p2|Baeonetta|143
|gametype|singles
|gen|6
|tier|ORAS OU
|rated
|rule|Sleep Clause Mod: Limit one foe put to sleep
|rule|Species Clause: Limit one of each PokÃ©mon
|rule|OHKO Clause: OHKO moves are banned
|rule|Moody Clause: Moody is banned
|rule|Evasion Moves Clause: Evasion moves are banned
|rule|Endless Battle Clause: Forcing endless battles is banned
|rule|HP Percentage Mod: HP is shown in percentages
|clearpoke
|poke|p1|Salamence, M
|poke|p1|Azelf
|poke|p1|Azumarill, M
|poke|p1|Thundurus, M
|poke|p1|Excadrill, M
|poke|p1|Talonflame, M
|poke|p2|Tornadus-Therian, M
|poke|p2|Kabutops, F
|poke|p2|Politoed, M
|poke|p2|Swampert, M
|poke|p2|Ferrothorn, F
|poke|p2|Latias, F
|rule|Swagger Clause: Swagger is banned
|rule|Baton Pass Clause: Limit one PokÃ©mon knowing Baton Pass
|teampreview
|
|start
|switch|p1a: Azelf|Azelf|291\/291
|switch|p2a: Tornadus-Therian|Tornadus-Therian, M|299\/299
|turn|1
|
|move|p2a: Tornadus-Therian|Knock Off|p1a: Azelf
|-supereffective|p1a: Azelf
|-damage|p1a: Azelf|5\/291
|-enditem|p1a: Azelf|Focus Sash|[from] move: Knock Off|[of] p2a: Tornadus-Therian
|move|p1a: Azelf|Stealth Rock|p2a: Tornadus-Therian
|-sidestart|p2: Baeonetta|move: Stealth Rock
|
|turn|2
|
|switch|p1a: Talonflame|Talonflame, M|297\/297
|move|p2a: Tornadus-Therian|U-turn|p1a: Talonflame
|-resisted|p1a: Talonflame
|-damage|p1a: Talonflame|273\/297
|
|switch|p2a: Politoed|Politoed, M|383\/383
|-damage|p2a: Politoed|336\/383|[from] Stealth Rock
|-weather|RainDance
|
|-weather|RainDance|[upkeep]
|turn|3
|
|switch|p2a: Kabutops|Kabutops, F|261\/261
|-damage|p2a: Kabutops|229\/261|[from] Stealth Rock
|move|p1a: Talonflame|U-turn|p2a: Kabutops
|-damage|p2a: Kabutops|129\/261
|
|switch|p1a: Salamence|Salamence, M|386\/386
|-ability|p1a: Salamence|Intimidate|[of] p2a: Kabutops
|-unboost|p2a: Kabutops|atk|1
|
|-weather|RainDance|[upkeep]
|turn|4
|
|switch|p1a: Excadrill|Excadrill, M|362\/362
|-ability|p1a: Excadrill|Mold Breaker
|move|p2a: Kabutops|Stone Edge|p1a: Excadrill
|-resisted|p1a: Excadrill
|-damage|p1a: Excadrill|301\/362
|-damage|p2a: Kabutops|103\/261|[from] item: Life Orb
|
|-weather|RainDance|[upkeep]
|turn|5
|
|switch|p1a: Azelf|Azelf|5\/291
|move|p2a: Kabutops|Waterfall|p1a: Azelf
|-damage|p1a: Azelf|0 fnt
|-damage|p2a: Kabutops|77\/261|[from] item: Life Orb
|faint|p1a: Azelf
|
|-weather|RainDance|[upkeep]
|
|switch|p1a: Salamence|Salamence, M|386\/386
|-ability|p1a: Salamence|Intimidate|[of] p2a: Kabutops
|-unboost|p2a: Kabutops|atk|1
|turn|6
|
|switch|p2a: Swampert|Swampert, M|341\/341
|-damage|p2a: Swampert|320\/341|[from] Stealth Rock
|detailschange|p1a: Salamence|Salamence-Mega, M
|message|Salamence has Mega Evolved into Mega Salamence!
|move|p1a: Salamence|Substitute|p1a: Salamence
|-start|p1a: Salamence|Substitute
|-damage|p1a: Salamence|290\/386
|
|-weather|RainDance|[upkeep]
|turn|7
|
|detailschange|p2a: Swampert|Swampert-Mega, M
|message|Swampert has Mega Evolved into Mega Swampert!
|move|p1a: Salamence|Dragon Dance|p1a: Salamence
|-boost|p1a: Salamence|atk|1
|-boost|p1a: Salamence|spe|1
|move|p2a: Swampert|Ice Punch|p1a: Salamence
|-supereffective|p1a: Salamence
|-end|p1a: Salamence|Substitute
|
|-weather|RainDance|[upkeep]
|turn|8
|
|move|p2a: Swampert|Ice Punch|p1a: Salamence
|-supereffective|p1a: Salamence
|-damage|p1a: Salamence|0 fnt
|faint|p1a: Salamence
|
|-weather|RainDance|[upkeep]
|
|switch|p1a: Azumarill|Azumarill, M|404\/404
|turn|9
|
|switch|p2a: Ferrothorn|Ferrothorn, F|352\/352
|-damage|p2a: Ferrothorn|330\/352|[from] Stealth Rock
|switch|p1a: Talonflame|Talonflame, M|273\/297
|
|-weather|none
|-heal|p2a: Ferrothorn|352\/352|[from] item: Leftovers
|turn|10
|
|switch|p2a: Politoed|Politoed, M|336\/383
|-damage|p2a: Politoed|289\/383|[from] Stealth Rock
|-weather|RainDance
|move|p1a: Talonflame|U-turn|p2a: Politoed
|-damage|p2a: Politoed|161\/383
|
|switch|p1a: Thundurus|Thundurus, M|299\/299
|
|-weather|RainDance|[upkeep]
|turn|11
|
|switch|p1a: Talonflame|Talonflame, M|273\/297
|switch|p2a: Latias|Latias, F|309\/309
|-damage|p2a: Latias|271\/309|[from] Stealth Rock
|
|-weather|RainDance|[upkeep]
|turn|12
|
|switch|p2a: Ferrothorn|Ferrothorn, F|352\/352
|-damage|p2a: Ferrothorn|330\/352|[from] Stealth Rock
|move|p1a: Talonflame|U-turn|p2a: Ferrothorn
|-damage|p2a: Ferrothorn|260\/352
|-damage|p1a: Talonflame|236\/297|[from] ability: Iron Barbs|[of] p2a: Ferrothorn
|
|switch|p1a: Thundurus|Thundurus, M|299\/299
|
|-weather|RainDance|[upkeep]
|-heal|p2a: Ferrothorn|282\/352|[from] item: Leftovers
|turn|13
|
|switch|p2a: Swampert|Swampert-Mega, M|320\/341
|-damage|p2a: Swampert|299\/341|[from] Stealth Rock
|move|p1a: Thundurus|Taunt|p2a: Swampert
|-start|p2a: Swampert|move: Taunt
|
|-weather|RainDance|[upkeep]
|turn|14
|
|switch|p1a: Azumarill|Azumarill, M|404\/404
|move|p2a: Swampert|Waterfall|p1a: Azumarill
|-resisted|p1a: Azumarill
|-damage|p1a: Azumarill|242\/404
|
|-weather|RainDance|[upkeep]
|turn|15
|
|switch|p2a: Ferrothorn|Ferrothorn, F|282\/352
|-damage|p2a: Ferrothorn|260\/352|[from] Stealth Rock
|move|p1a: Azumarill|Aqua Jet|p2a: Ferrothorn
|-resisted|p2a: Ferrothorn
|-damage|p2a: Ferrothorn|216\/352
|-damage|p1a: Azumarill|192\/404|[from] ability: Iron Barbs|[of] p2a: Ferrothorn
|-enditem|p1a: Azumarill|Sitrus Berry|[eat]
|-heal|p1a: Azumarill|293\/404|[from] item: Sitrus Berry
|
|-weather|RainDance|[upkeep]
|-heal|p2a: Ferrothorn|238\/352|[from] item: Leftovers
|turn|16
|
|move|p1a: Azumarill|Belly Drum|p1a: Azumarill
|-damage|p1a: Azumarill|91\/404
|-setboost|p1a: Azumarill|atk|6|[from] move: Belly Drum
|move|p2a: Ferrothorn|Stealth Rock|p1a: Azumarill
|-sidestart|p1: Feyitomi|move: Stealth Rock
|
|-weather|RainDance|[upkeep]
|-heal|p2a: Ferrothorn|260\/352|[from] item: Leftovers
|turn|17
|
|move|p1a: Azumarill|Play Rough|p2a: Ferrothorn
|-resisted|p2a: Ferrothorn
|-damage|p2a: Ferrothorn|0 fnt
|-damage|p1a: Azumarill|41\/404|[from] ability: Iron Barbs|[of] p2a: Ferrothorn
|faint|p2a: Ferrothorn
|
|-weather|none
|
|switch|p2a: Latias|Latias, F|271\/309
|-damage|p2a: Latias|233\/309|[from] Stealth Rock
|turn|18
|
|move|p1a: Azumarill|Aqua Jet|p2a: Latias
|-resisted|p2a: Latias
|-damage|p2a: Latias|59\/309
|move|p2a: Latias|Psyshock|p1a: Azumarill
|-crit|p1a: Azumarill
|-damage|p1a: Azumarill|0 fnt
|-damage|p2a: Latias|29\/309|[from] item: Life Orb
|faint|p1a: Azumarill
|
|
|switch|p1a: Excadrill|Excadrill, M|301\/362
|-damage|p1a: Excadrill|290\/362|[from] Stealth Rock
|-ability|p1a: Excadrill|Mold Breaker
|turn|19
|
|move|p1a: Excadrill|Rapid Spin|p2a: Latias
|-damage|p2a: Latias|0 fnt
|-sideend|p1: Feyitomi|Stealth Rock|[from] move: Rapid Spin|[of] p1a: Excadrill
|faint|p2a: Latias
|
|
|switch|p2a: Politoed|Politoed, M|161\/383
|-damage|p2a: Politoed|114\/383|[from] Stealth Rock
|-weather|RainDance
|turn|20
|
|move|p1a: Excadrill|Rapid Spin|p2a: Politoed
|-damage|p2a: Politoed|81\/383
|move|p2a: Politoed|Scald|p1a: Excadrill
|-supereffective|p1a: Excadrill
|-damage|p1a: Excadrill|0 fnt
|faint|p1a: Excadrill
|
|-weather|RainDance|[upkeep]
|
|switch|p1a: Thundurus|Thundurus, M|299\/299
|turn|21
|
|move|p1a: Thundurus|Thunderbolt|p2a: Politoed
|-supereffective|p2a: Politoed
|-damage|p2a: Politoed|0 fnt
|-damage|p1a: Thundurus|270\/299|[from] item: Life Orb
|faint|p2a: Politoed
|
|-weather|RainDance|[upkeep]
|
|switch|p2a: Swampert|Swampert-Mega, M|299\/341
|-damage|p2a: Swampert|278\/341|[from] Stealth Rock
|turn|22
|
|move|p2a: Swampert|Waterfall|p1a: Thundurus
|-damage|p1a: Thundurus|0 fnt
|faint|p1a: Thundurus
|
|-weather|RainDance|[upkeep]
|
|switch|p1a: Talonflame|Talonflame, M|236\/297
|turn|23
|
|move|p1a: Talonflame|Brave Bird|p2a: Swampert
|-damage|p2a: Swampert|29\/341
|-damage|p1a: Talonflame|154\/297|[from] recoil|[of] p2a: Swampert
|move|p2a: Swampert|Waterfall|p1a: Talonflame
|-supereffective|p1a: Talonflame
|-damage|p1a: Talonflame|0 fnt
|faint|p1a: Talonflame
|
|win|Baeonetta
|raw|Ladder updating...
|raw|Feyitomi's rating: 1241 &rarr; <strong>1212<\/strong><br \/>(-29 for losing)
|raw|Baeonetta's rating: 1193 &rarr; <strong>1222<\/strong><br \/>(+29 for winning)
|leave|Feyitomi
|player|p1