|join|Feyitomi
|join|Reverb
|player|p1|Feyitomi|214
|player|p2|Reverb|#reverb
|gametype|singles
|gen|6
|tier|ORAS OU
|rated
|rule|Sleep Clause Mod: Limit one foe put to sleep
|rule|Species Clause: Limit one of each PokÃ©mon
|rule|OHKO Clause: OHKO moves are banned
|rule|Moody Clause: Moody is banned
|rule|Evasion Moves Clause: Evasion moves are banned
|rule|Endless Battle Clause: Forcing endless battles is banned
|rule|HP Percentage Mod: HP is shown in percentages
|clearpoke
|poke|p1|Diancie
|poke|p1|Heatran, M
|poke|p1|Keldeo-Resolute
|poke|p1|Dragonite, M
|poke|p1|Landorus-Therian, M
|poke|p1|Latios, M
|poke|p2|Landorus-Therian, M
|poke|p2|Conkeldurr, M
|poke|p2|Magnezone
|poke|p2|Azumarill, M
|poke|p2|Salamence, M
|poke|p2|Empoleon, F
|rule|Swagger Clause: Swagger is banned
|rule|Baton Pass Clause: Limit one PokÃ©mon knowing Baton Pass
|teampreview
|join|jake5
|c| jake5|zzzzzz
|
|start
|switch|p1a: Diancie|Diancie|241\/241
|switch|p2a: Landorus-Therian|Landorus-Therian, M|327\/327
|-ability|p2a: Landorus-Therian|Intimidate|[of] p1a: Diancie
|-fail|p1a: Diancie|unboost|[from] ability: Clear Body|[of] p1a: Diancie
|turn|1
|
|switch|p1a: Landorus-Therian|Landorus-Therian, M|319\/319
|-ability|p1a: Landorus-Therian|Intimidate|[of] p2a: Landorus-Therian
|-unboost|p2a: Landorus-Therian|atk|1
|move|p2a: Landorus-Therian|U-turn|p1a: Landorus-Therian
|-resisted|p1a: Landorus-Therian
|-damage|p1a: Landorus-Therian|283\/319
|c|âReverb|wtf is zzz?
|
|switch|p2a: Empoleon|Empoleon, F|371\/371
|
|turn|2
|
|move|p1a: Landorus-Therian|Earthquake|p2a: Empoleon
|-supereffective|p2a: Empoleon
|-damage|p2a: Empoleon|27\/371
|move|p2a: Empoleon|Stealth Rock|p1a: Landorus-Therian
|-sidestart|p1: Feyitomi|move: Stealth Rock
|
|-heal|p2a: Empoleon|50\/371|[from] item: Leftovers
|turn|3
|
|switch|p1a: Latios|Latios, M|301\/301
|-damage|p1a: Latios|264\/301|[from] Stealth Rock
|switch|p2a: Landorus-Therian|Landorus-Therian, M|327\/327
|-ability|p2a: Landorus-Therian|Intimidate|[of] p1a: Latios
|-unboost|p1a: Latios|atk|1
|
|turn|4
|
|switch|p1a: Keldeo-Resolute|Keldeo-Resolute|323\/323
|-damage|p1a: Keldeo-Resolute|303\/323|[from] Stealth Rock
|move|p2a: Landorus-Therian|U-turn|p1a: Keldeo-Resolute
|-resisted|p1a: Keldeo-Resolute
|-damage|p1a: Keldeo-Resolute|254\/323
|join|Timid Shuckle
|
|switch|p2a: Azumarill|Azumarill, M|349\/349
|
|turn|5
|join|Cienight
|
|move|p1a: Keldeo-Resolute|Scald|p2a: Azumarill
|-resisted|p2a: Azumarill
|-damage|p2a: Azumarill|274\/349
|move|p2a: Azumarill|Waterfall|p1a: Keldeo-Resolute
|-resisted|p1a: Keldeo-Resolute
|-damage|p1a: Keldeo-Resolute|106\/323
|
|turn|6
|join|JaaJToad
|
|move|p1a: Keldeo-Resolute|Scald|p2a: Azumarill
|-resisted|p2a: Azumarill
|-damage|p2a: Azumarill|205\/349
|-status|p2a: Azumarill|brn
|move|p2a: Azumarill|Waterfall|p1a: Keldeo-Resolute
|-resisted|p1a: Keldeo-Resolute
|-damage|p1a: Keldeo-Resolute|37\/323
|
|-damage|p2a: Azumarill|162\/349 brn|[from] brn
|turn|7
|
|switch|p1a: Landorus-Therian|Landorus-Therian, M|283\/319
|-damage|p1a: Landorus-Therian|244\/319|[from] Stealth Rock
|-ability|p1a: Landorus-Therian|Intimidate|[of] p2a: Azumarill
|-unboost|p2a: Azumarill|atk|1
|move|p2a: Azumarill|Waterfall|p1a: Landorus-Therian
|-supereffective|p1a: Landorus-Therian
|-damage|p1a: Landorus-Therian|52\/319
|
|-damage|p2a: Azumarill|119\/349 brn|[from] brn
|turn|8
|
|move|p1a: Landorus-Therian|U-turn|p2a: Azumarill
|-resisted|p2a: Azumarill
|-damage|p2a: Azumarill|72\/349 brn
|c| Cienight|still does 60
|c| Cienight|azu u monster
|c|âFeyitomi|lol
|c| Timid Shuckle|It banded
|
|switch|p1a: Latios|Latios, M|264\/301
|-damage|p1a: Latios|227\/301|[from] Stealth Rock
|move|p2a: Azumarill|Waterfall|p1a: Latios
|-resisted|p1a: Latios
|-damage|p1a: Latios|172\/301
|
|-damage|p2a: Azumarill|29\/349 brn|[from] brn
|turn|9
|
|move|p1a: Latios|Defog|p2a: Azumarill
|-unboost|p2a: Azumarill|evasion|1
|-sideend|p1: Feyitomi|Stealth Rock|[from] move: Defog|[of] p1a: Latios
|move|p2a: Azumarill|Waterfall|p1a: Latios
|-resisted|p1a: Latios
|-damage|p1a: Latios|122\/301
|
|-damage|p2a: Azumarill|0 fnt|[from] brn
|faint|p2a: Azumarill
|
|switch|p2a: Landorus-Therian|Landorus-Therian, M|327\/327
|-ability|p2a: Landorus-Therian|Intimidate|[of] p1a: Latios
|-unboost|p1a: Latios|atk|1
|turn|10
|
|move|p2a: Landorus-Therian|U-turn|p1a: Latios
|-supereffective|p1a: Latios
|-damage|p1a: Latios|0 fnt
|faint|p1a: Latios
|
|switch|p2a: Empoleon|Empoleon, F|50\/371
|
|-heal|p2a: Empoleon|73\/371|[from] item: Leftovers
|c| Timid Shuckle|Do you have facade on the azu
|c|âReverb|n
|
|switch|p1a: Diancie|Diancie|241\/241
|turn|11
|
|detailschange|p1a: Diancie|Diancie-Mega
|message|Diancie has Mega Evolved into Mega Diancie!
|move|p1a: Diancie|Earth Power|p2a: Empoleon
|-supereffective|p2a: Empoleon
|-damage|p2a: Empoleon|0 fnt
|faint|p2a: Empoleon
|
|join|Dallaren
|leave|Dallaren
|c| Timid Shuckle|Didn't paul used to run that
|
|switch|p2a: Magnezone|Magnezone|282\/282
|turn|12
|
|switch|p1a: Heatran|Heatran, M|386\/386
|move|p2a: Magnezone|Volt Switch|p1a: Heatran
|-damage|p1a: Heatran|295\/386
|join|ejja bro
|
|switch|p2a: Salamence|Salamence, M|331\/331
|-ability|p2a: Salamence|Intimidate|[of] p1a: Heatran
|-unboost|p1a: Heatran|atk|1
|
|-heal|p1a: Heatran|319\/386|[from] item: Leftovers
|turn|13
|
|detailschange|p2a: Salamence|Salamence-Mega, M
|message|Salamence has Mega Evolved into Mega Salamence!
|move|p2a: Salamence|Substitute|p2a: Salamence
|-start|p2a: Salamence|Substitute
|-damage|p2a: Salamence|249\/331
|move|p1a: Heatran|Stealth Rock|p2a: Salamence
|-sidestart|p2: Reverb|move: Stealth Rock
|
|-heal|p1a: Heatran|343\/386|[from] item: Leftovers
|turn|14
|
|switch|p1a: Landorus-Therian|Landorus-Therian, M|52\/319
|-activate|p2a: Salamence|Substitute|ability: Intimidate|[of] p1a: Landorus-Therian
|move|p2a: Salamence|Dragon Dance|p2a: Salamence
|-boost|p2a: Salamence|atk|1
|-boost|p2a: Salamence|spe|1
|
|turn|15
|
|move|p2a: Salamence|Dragon Dance|p2a: Salamence
|-boost|p2a: Salamence|atk|1
|-boost|p2a: Salamence|spe|1
|move|p1a: Landorus-Therian|Stone Edge|p2a: Salamence
|-supereffective|p2a: Salamence
|-end|p2a: Salamence|Substitute
|
|turn|16
|
|move|p2a: Salamence|Frustration|p1a: Landorus-Therian
|-crit|p1a: Landorus-Therian
|-damage|p1a: Landorus-Therian|0 fnt
|faint|p1a: Landorus-Therian
|
|leave|JaaJToad
|
|switch|p1a: Heatran|Heatran, M|343\/386
|turn|17
|
|move|p2a: Salamence|Earthquake|p1a: Heatran
|-supereffective|p1a: Heatran
|-damage|p1a: Heatran|0 fnt
|faint|p1a: Heatran
|
|
|switch|p1a: Dragonite|Dragonite, M|323\/323
|turn|18
|
|move|p2a: Salamence|Substitute|p2a: Salamence
|-start|p2a: Salamence|Substitute
|-damage|p2a: Salamence|167\/331
|move|p1a: Dragonite|Dragon Dance|p1a: Dragonite
|-boost|p1a: Dragonite|atk|1
|-boost|p1a: Dragonite|spe|1
|
|turn|19
|
|move|p1a: Dragonite|Extreme Speed|p2a: Salamence
|-end|p2a: Salamence|Substitute
|move|p2a: Salamence|Frustration|p1a: Dragonite
|-damage|p1a: Dragonite|50\/323
|
|turn|20
|
|move|p1a: Dragonite|Extreme Speed|p2a: Salamence
|-damage|p2a: Salamence|34\/331
|move|p2a: Salamence|Frustration|p1a: Dragonite
|-damage|p1a: Dragonite|0 fnt
|faint|p1a: Dragonite
|
|
|switch|p1a: Keldeo-Resolute|Keldeo-Resolute|37\/323
|turn|21
|
|move|p2a: Salamence|Frustration|p1a: Keldeo-Resolute
|-supereffective|p1a: Keldeo-Resolute
|-damage|p1a: Keldeo-Resolute|0 fnt
|faint|p1a: Keldeo-Resolute
|
|c|âReverb|gg
|
|switch|p1a: Diancie|Diancie-Mega|241\/241
|turn|22
|
|move|p2a: Salamence|Earthquake|p1a: Diancie
|-supereffective|p1a: Diancie
|-damage|p1a: Diancie|0 fnt
|faint|p1a: Diancie
|
|win|Reverb
|raw|Ladder updating...
|raw|Feyitomi's rating: 1320 &rarr; <strong>1305<\/strong><br \/>(-15 for losing)
|raw|Reverb's rating: 1404 &rarr; <strong>1420<\/strong><br \/>(+16 for winning)