|join|pikachuisfun
|join|feyitomi
|player|p1|pikachuisfun|180
|player|p2|feyitomi|101
|gametype|singles
|gen|6
|tier|OU
|rated
|clearpoke
|poke|p1|Smeargle, M, shiny
|poke|p1|Vaporeon, F
|poke|p1|Scolipede, M
|poke|p1|Sylveon, F
|poke|p1|Mr. Mime, M, shiny
|poke|p1|Espeon, M, shiny
|poke|p2|Deoxys-Speed
|poke|p2|Charizard, F
|poke|p2|Aegislash, M
|poke|p2|Bisharp, M
|poke|p2|Thundurus, M
|poke|p2|Zygarde
|rule|Sleep Clause Mod: Limit one foe put to sleep
|rule|Species Clause: Limit one of each Pokemon
|rule|OHKO Clause: OHKO moves are banned
|rule|Moody Clause: Moody is banned
|rule|Evasion Moves Clause: Evasion moves are banned
|rule|Endless Battle Clause: Forcing endless battles is banned.
|rule|HP Percentage Mod: HP is reported as percentages
|teampreview
|
|start
|switch|p1a: BIN LADEN|Scolipede, M|321\/321
|switch|p2a: Thundurus|Thundurus, M|299\/299
|turn|1
|
|switch|p1a: AL QAEDA|Sylveon, F|385\/385
|move|p2a: Thundurus|Thunderbolt|p1a: AL QAEDA
|-damage|p1a: AL QAEDA|249\/385
|-damage|p2a: Thundurus|270\/299|[from] item: Life Orb
|
|-heal|p1a: AL QAEDA|273\/385|[from] item: Leftovers
|turn|2
|
|switch|p2a: Bisharp|Bisharp, M|272\/272
|move|p1a: AL QAEDA|Baton Pass|p1a: AL QAEDA
|
|switch|p1a: BIN LADEN|Scolipede, M|321\/321
|
|turn|3
|
|move|p1a: BIN LADEN|Iron Defense|p1a: BIN LADEN
|-boost|p1a: BIN LADEN|def|2
|move|p2a: Bisharp|Knock Off|p1a: BIN LADEN
|-damage|p1a: BIN LADEN|196\/321
|-enditem|p1a: BIN LADEN|Mental Herb|[from] move: Knock Off|[of] p2a: Bisharp
|-damage|p2a: Bisharp|245\/272|[from] item: Life Orb
|
|-boost|p1a: BIN LADEN|spe|1|[from] ability: Speed Boost
|turn|4
|
|switch|p2a: Thundurus|Thundurus, M|270\/299
|move|p1a: BIN LADEN|Baton Pass|p1a: BIN LADEN
|
|switch|p1a: DON CORLEONE|Espeon, M, shiny|334\/334
|
|turn|5
|
|move|p1a: DON CORLEONE|Calm Mind|p1a: DON CORLEONE
|-boost|p1a: DON CORLEONE|spa|1
|-boost|p1a: DON CORLEONE|spd|1
|move|p2a: Thundurus|Thunderbolt|p1a: DON CORLEONE
|-damage|p1a: DON CORLEONE|194\/334
|-damage|p2a: Thundurus|241\/299|[from] item: Life Orb
|
|-heal|p1a: DON CORLEONE|214\/334|[from] item: Leftovers
|turn|6
|
|switch|p2a: Bisharp|Bisharp, M|245\/272
|move|p1a: DON CORLEONE|Stored Power|p2a: Bisharp
|-immune|p2a: Bisharp|[msg]
|
|-heal|p1a: DON CORLEONE|234\/334|[from] item: Leftovers
|turn|7
|
|move|p1a: DON CORLEONE|Baton Pass|p1a: DON CORLEONE
|
|switch|p1a: TATTAGLIA|Vaporeon, F|449\/449
|move|p2a: Bisharp|Knock Off|p1a: TATTAGLIA
|-damage|p1a: TATTAGLIA|336\/449
|-enditem|p1a: TATTAGLIA|Leftovers|[from] move: Knock Off|[of] p2a: Bisharp
|-damage|p2a: Bisharp|218\/272|[from] item: Life Orb
|
|turn|8
|
|switch|p2a: Deoxys-Speed|Deoxys-Speed|295\/295
|-ability|p2a: Deoxys-Speed|Pressure
|move|p1a: TATTAGLIA|Baton Pass|p1a: TATTAGLIA
|
|switch|p1a: DON CORLEONE|Espeon, M, shiny|234\/334
|
|-heal|p1a: DON CORLEONE|254\/334|[from] item: Leftovers
|turn|9
|
|switch|p2a: Aegislash|Aegislash, M|262\/262
|-item|p2a: Aegislash|Air Balloon
|move|p1a: DON CORLEONE|Substitute|p1a: DON CORLEONE
|-start|p1a: DON CORLEONE|Substitute
|-damage|p1a: DON CORLEONE|171\/334
|
|-heal|p1a: DON CORLEONE|191\/334|[from] item: Leftovers
|turn|10
|
|-formechange|p2a: Aegislash|Aegislash-Blade
|move|p2a: Aegislash|Shadow Sneak|p1a: DON CORLEONE
|-supereffective|p1a: DON CORLEONE
|-activate|p1a: DON CORLEONE|Substitute|[damage]
|move|p1a: DON CORLEONE|Baton Pass|p1a: DON CORLEONE
|
|switch|p1a: AL CAPONE|Smeargle, M, shiny|273\/273
|
|turn|11
|
|switch|p2a: Deoxys-Speed|Deoxys-Speed|295\/295
|-ability|p2a: Deoxys-Speed|Pressure
|move|p1a: AL CAPONE|Quiver Dance|p1a: AL CAPONE
|-boost|p1a: AL CAPONE|spa|1
|-boost|p1a: AL CAPONE|spd|1
|-boost|p1a: AL CAPONE|spe|1
|
|turn|12
|
|switch|p2a: Aegislash|Aegislash, M|262\/262
|-item|p2a: Aegislash|Air Balloon
|move|p1a: AL CAPONE|Baton Pass|p1a: AL CAPONE
|
|switch|p1a: AL QAEDA|Sylveon, F|273\/385
|
|-heal|p1a: AL QAEDA|297\/385|[from] item: Leftovers
|turn|13
|
|move|p1a: AL QAEDA|Calm Mind|p1a: AL QAEDA
|-boost|p1a: AL QAEDA|spa|1
|-boost|p1a: AL QAEDA|spd|1
|move|p2a: Aegislash|Swords Dance|p2a: Aegislash
|-boost|p2a: Aegislash|atk|2
|
|-heal|p1a: AL QAEDA|321\/385|[from] item: Leftovers
|turn|14
|
|-formechange|p2a: Aegislash|Aegislash-Blade
|move|p2a: Aegislash|Shadow Sneak|p1a: AL QAEDA
|-end|p1a: AL QAEDA|Substitute
|move|p1a: AL QAEDA|Hyper Voice|p2a: Aegislash
|-resisted|p2a: Aegislash
|-damage|p2a: Aegislash|0 fnt
|-enditem|p2a: Aegislash|Air Balloon
|faint|p2a: Aegislash
|
|-heal|p1a: AL QAEDA|345\/385|[from] item: Leftovers
|
|switch|p2a: Thundurus|Thundurus, M|241\/299
|turn|15
|
|move|p2a: Thundurus|Taunt|p1a: AL QAEDA
|-start|p1a: AL QAEDA|move: Taunt
|move|p1a: AL QAEDA|Hyper Voice|p2a: Thundurus
|-damage|p2a: Thundurus|0 fnt
|faint|p2a: Thundurus
|
|-heal|p1a: AL QAEDA|369\/385|[from] item: Leftovers
|
|switch|p2a: Charizard|Charizard, F|333\/333
|turn|16
|
|move|p1a: AL QAEDA|Stored Power|p2a: Charizard
|-damage|p2a: Charizard|0 fnt
|faint|p2a: Charizard
|
|-heal|p1a: AL QAEDA|385\/385|[from] item: Leftovers
|
|switch|p2a: Bisharp|Bisharp, M|218\/272
|turn|17
|
|move|p1a: AL QAEDA|Hyper Voice|p2a: Bisharp
|-damage|p2a: Bisharp|0 fnt
|faint|p2a: Bisharp
|
|-end|p1a: AL QAEDA|move: Taunt
|-message|feyitomi forfeited.
|
|win|pikachuisfun
|raw|Ladder updating...
|raw|pikachuisfun's rating: 1832 &rarr; <strong>1843<\/strong><br \/>(+11 for winning)
|raw|feyitomi's rating: 1675 &rarr; <strong>1664<\/strong><br \/>(-11 for losing)
|leave|feyitomi
|player|p2