|join|X-Lan
|join|feyitomi
|player|p1|X-Lan|151
|player|p2|feyitomi|2
|gametype|singles
|gen|6
|tier|OU
|rated
|clearpoke
|poke|p1|Keldeo
|poke|p1|Aegislash, M, shiny
|poke|p1|Deoxys-Speed
|poke|p1|Thundurus, M
|poke|p1|Tyranitar, M
|poke|p1|Kyurem-Black
|poke|p2|Mawile, F
|poke|p2|Salamence, F
|poke|p2|Greninja, M
|poke|p2|Excadrill, F
|poke|p2|Zygarde
|poke|p2|Azumarill, F
|rule|Sleep Clause Mod: Limit one foe put to sleep
|rule|Species Clause: Limit one of each Pokemon
|rule|OHKO Clause: OHKO moves are banned
|rule|Moody Clause: Moody is banned
|rule|Evasion Moves Clause: Evasion moves are banned
|rule|Endless Battle Clause: Forcing endless battles is banned.
|rule|HP Percentage Mod: HP is reported as percentages
|teampreview
|
|start
|switch|p1a: Speedy|Deoxys-Speed|241\/241
|switch|p2a: Azumarill|Azumarill, F|345\/345
|-ability|p1a: Speedy|Pressure
|turn|1
|
|switch|p1a: Dark Knight|Aegislash, M, shiny|321\/321
|move|p2a: Azumarill|Knock Off|p1a: Dark Knight
|-supereffective|p1a: Dark Knight
|-damage|p1a: Dark Knight|129\/321
|-enditem|p1a: Dark Knight|Weakness Policy
|-boost|p1a: Dark Knight|atk|2|[from] item: Weakness Policy
|-boost|p1a: Dark Knight|spa|2|[from] item: Weakness Policy
|
|turn|2
|
|switch|p2a: Salamence|Salamence, F|331\/331
|-ability|p2a: Salamence|Intimidate|[of] p1a: Dark Knight
|-unboost|p1a: Dark Knight|atk|1
|-formechange|p1a: Dark Knight|Aegislash-Blade
|move|p1a: Dark Knight|Shadow Ball|p2a: Salamence
|-damage|p2a: Salamence|0 fnt
|faint|p2a: Salamence
|
|
|switch|p2a: Greninja|Greninja, M|286\/286
|turn|3
|
|move|p1a: Dark Knight|Shadow Sneak|p2a: Greninja
|-resisted|p2a: Greninja
|-damage|p2a: Greninja|212\/286
|-start|p2a: Greninja|typechange|Dark|[from] Protean
|move|p2a: Greninja|Dark Pulse|p1a: Dark Knight
|-supereffective|p1a: Dark Knight
|-damage|p1a: Dark Knight|0 fnt
|-damage|p2a: Greninja|184\/286|[from] item: Life Orb
|faint|p1a: Dark Knight
|
|
|switch|p1a: Speedy|Deoxys-Speed|241\/241
|-ability|p1a: Speedy|Pressure
|turn|4
|chat|feyitomi|being a dark type is actually pretty good defensively huh?
|
|switch|p2a: Azumarill|Azumarill, F|345\/345
|move|p1a: Speedy|Superpower|p2a: Azumarill
|-resisted|p2a: Azumarill
|-damage|p2a: Azumarill|277\/345
|-unboost|p1a: Speedy|atk|1
|-unboost|p1a: Speedy|def|1
|-damage|p1a: Speedy|217\/241|[from] item: Life Orb
|
|turn|5
|chat|X-Lan|yeah
|
|move|p1a: Speedy|Psycho Boost|p2a: Azumarill
|-damage|p2a: Azumarill|105\/345
|-unboost|p1a: Speedy|spa|2
|-damage|p1a: Speedy|193\/241|[from] item: Life Orb
|move|p2a: Azumarill|Play Rough|p1a: Speedy
|-damage|p1a: Speedy|0 fnt
|faint|p1a: Speedy
|
|chat|feyitomi|being weak to fighting isn't all too bad anymore
|chat|feyitomi|as long as its not 4x 
|
|switch|p1a: Black-Beast|Kyurem-Black|405\/405
|-ability|p1a: Black-Beast|Teravolt
|turn|6
|chat|feyitomi|cough bisharp and tyranitar cough
|
|switch|p2a: Excadrill|Excadrill, F|362\/362
|-ability|p2a: Excadrill|Mold Breaker
|move|p1a: Black-Beast|Fusion Bolt|p2a: Excadrill
|-immune|p2a: Excadrill|[msg]
|
|turn|7
|chat|X-Lan|i really love mega ttar
|
|switch|p1a: Zeus|Thundurus, M|299\/299
|move|p2a: Excadrill|Iron Head|p1a: Zeus
|-resisted|p1a: Zeus
|-damage|p1a: Zeus|200\/299
|
|-heal|p1a: Zeus|218\/299|[from] item: Leftovers
|turn|8
|chat|feyitomi|thats what you are running isn't it?
|
|switch|p2a: Azumarill|Azumarill, F|105\/345
|move|p1a: Zeus|Hidden Power|p2a: Azumarill
|-resisted|p2a: Azumarill
|-damage|p2a: Azumarill|84\/345
|
|-heal|p1a: Zeus|236\/299|[from] item: Leftovers
|turn|9
|
|move|p2a: Azumarill|Aqua Jet|p1a: Zeus
|-damage|p1a: Zeus|127\/299
|move|p1a: Zeus|Thunderbolt|p2a: Azumarill
|-supereffective|p2a: Azumarill
|-damage|p2a: Azumarill|0 fnt
|faint|p2a: Azumarill
|
|-heal|p1a: Zeus|145\/299|[from] item: Leftovers
|chat|X-Lan|prolly
|
|switch|p2a: Greninja|Greninja, M|184\/286
|turn|10
|
|switch|p1a: Tyrant|Tyranitar, M|342\/342
|-weather|Sandstorm
|-start|p2a: Greninja|typechange|Ice|[from] Protean
|move|p2a: Greninja|Ice Beam|p1a: Tyrant
|-damage|p1a: Tyrant|221\/342
|-damage|p2a: Greninja|156\/286|[from] item: Life Orb
|
|-weather|Sandstorm|[upkeep]
|-damage|p2a: Greninja|139\/286|[from] sandstorm
|turn|11
|
|-formechange|p1a: Tyrant|Tyranitar-Mega
|message|Tyranitar has Mega Evolved into Mega Tyranitar!
|-start|p2a: Greninja|typechange|Water|[from] Protean
|move|p2a: Greninja|Hydro Pump|p1a: Tyrant
|-supereffective|p1a: Tyrant
|-damage|p1a: Tyrant|0 fnt
|-damage|p2a: Greninja|111\/286|[from] item: Life Orb
|faint|p1a: Tyrant
|
|-weather|Sandstorm|[upkeep]
|-damage|p2a: Greninja|94\/286|[from] sandstorm
|chat|X-Lan|damn hmm
|
|switch|p1a: Black-Beast|Kyurem-Black|405\/405
|-ability|p1a: Black-Beast|Teravolt
|turn|12
|
|-start|p2a: Greninja|typechange|Ice|[from] Protean
|move|p2a: Greninja|Ice Beam|p1a: Black-Beast
|-damage|p1a: Black-Beast|181\/405
|-damage|p2a: Greninja|66\/286|[from] item: Life Orb
|move|p1a: Black-Beast|Substitute|p1a: Black-Beast
|-start|p1a: Black-Beast|Substitute
|-damage|p1a: Black-Beast|80\/405
|
|-weather|Sandstorm|[upkeep]
|-damage|p2a: Greninja|49\/286|[from] sandstorm
|-damage|p1a: Black-Beast|55\/405|[from] sandstorm
|turn|13
|
|move|p2a: Greninja|Ice Beam|p1a: Black-Beast
|-end|p1a: Black-Beast|Substitute
|-damage|p2a: Greninja|21\/286|[from] item: Life Orb
|move|p1a: Black-Beast|Ice Beam|p2a: Greninja
|-resisted|p2a: Greninja
|-damage|p2a: Greninja|0 fnt
|faint|p2a: Greninja
|
|-weather|Sandstorm|[upkeep]
|-damage|p1a: Black-Beast|30\/405|[from] sandstorm
|
|switch|p2a: Zygarde|Zygarde|383\/383
|-ability|p2a: Zygarde|Aura Break
|turn|14
|
|move|p2a: Zygarde|Extreme Speed|p1a: Black-Beast
|-damage|p1a: Black-Beast|0 fnt
|faint|p1a: Black-Beast
|
|-weather|none
|
|switch|p1a: Sword of Justice|Keldeo|323\/323
|turn|15
|
|move|p1a: Sword of Justice|Scald|p2a: Zygarde
|-damage|p2a: Zygarde|151\/383
|-status|p2a: Zygarde|brn
|-enditem|p2a: Zygarde|Lum Berry|[eat]
|-curestatus|p2a: Zygarde|brn
|move|p2a: Zygarde|Dragon Dance|p2a: Zygarde
|-boost|p2a: Zygarde|atk|1
|-boost|p2a: Zygarde|spe|1
|
|turn|16
|
|move|p2a: Zygarde|Outrage|p1a: Sword of Justice
|-damage|p1a: Sword of Justice|17\/323
|move|p1a: Sword of Justice|Scald|p2a: Zygarde
|-crit|p2a: Zygarde
|-damage|p2a: Zygarde|0 fnt
|faint|p2a: Zygarde
|
|
|switch|p2a: Excadrill|Excadrill, F|362\/362
|-ability|p2a: Excadrill|Mold Breaker
|turn|17
|
|switch|p1a: Zeus|Thundurus, M|145\/299
|move|p2a: Excadrill|Rock Slide|p1a: Zeus
|-supereffective|p1a: Zeus
|-damage|p1a: Zeus|0 fnt
|faint|p1a: Zeus
|
|chat|X-Lan|gg
|
|switch|p1a: Sword of Justice|Keldeo|17\/323
|turn|18
|chat|feyitomi|ggg
|
|move|p2a: Excadrill|Rock Slide|p1a: Sword of Justice
|-resisted|p1a: Sword of Justice
|-damage|p1a: Sword of Justice|0 fnt
|faint|p1a: Sword of Justice
|
|win|feyitomi
|raw|Ladder updating...