|join|RS Cocaine
|join|Feyitomi
|player|p1|RS Cocaine|56
|player|p2|Feyitomi|170
|gametype|singles
|gen|6
|tier|OU
|rated
|clearpoke
|poke|p1|Manaphy
|poke|p1|Aegislash, M
|poke|p1|Hippowdon, M
|poke|p1|Latias, F
|poke|p1|Scizor, M
|poke|p1|Thundurus, M
|poke|p2|Deoxys-Speed
|poke|p2|Charizard, M
|poke|p2|Aegislash, F
|poke|p2|Bisharp, M
|poke|p2|Thundurus, M
|poke|p2|Dragonite, F
|rule|Sleep Clause Mod: Limit one foe put to sleep
|rule|Species Clause: Limit one of each Pokemon
|rule|OHKO Clause: OHKO moves are banned
|rule|Moody Clause: Moody is banned
|rule|Evasion Moves Clause: Evasion moves are banned
|rule|Endless Battle Clause: Forcing endless battles is banned.
|rule|HP Percentage Mod: HP is reported as percentages
|teampreview
|join|SansNickel
|
|start
|switch|p1a: Thundurus|Thundurus, M|299\/299
|switch|p2a: Deoxys-Speed|Deoxys-Speed|304\/304
|-ability|p2a: Deoxys-Speed|Pressure
|turn|1
|
|switch|p1a: Aegislash|Aegislash, M|321\/321
|move|p2a: Deoxys-Speed|Stealth Rock|p1a: Aegislash
|-sidestart|p1: RS Cocaine|move: Stealth Rock
|
|turn|2
|
|move|p2a: Deoxys-Speed|Spikes|p1a: Aegislash
|-sidestart|p1: RS Cocaine|Spikes
|-formechange|p1a: Aegislash|Aegislash-Blade
|move|p1a: Aegislash|Shadow Ball|p2a: Deoxys-Speed
|-supereffective|p2a: Deoxys-Speed
|-enditem|p2a: Deoxys-Speed|Focus Sash
|-damage|p2a: Deoxys-Speed|1\/304
|
|turn|3
|
|switch|p2a: Bisharp|Bisharp, M|272\/272
|move|p1a: Aegislash|Substitute|p1a: Aegislash
|-start|p1a: Aegislash|Substitute
|-damage|p1a: Aegislash|241\/321
|
|-heal|p1a: Aegislash|261\/321|[from] item: Leftovers
|turn|4
|chat|SansNickel|nb
|
|move|p2a: Bisharp|Knock Off|p1a: Aegislash
|-supereffective|p1a: Aegislash
|-end|p1a: Aegislash|Substitute
|-damage|p2a: Bisharp|245\/272|[from] item: Life Orb
|move|p1a: Aegislash|Shadow Ball|p2a: Bisharp
|-resisted|p2a: Bisharp
|-damage|p2a: Bisharp|129\/272
|
|-heal|p1a: Aegislash|281\/321|[from] item: Leftovers
|turn|5
|join|craing ;_;
|
|-formechange|p1a: Aegislash|Aegislash
|move|p1a: Aegislash|King's Shield|p1a: Aegislash
|-singleturn|p1a: Aegislash|Protect
|move|p2a: Bisharp|Knock Off|p1a: Aegislash
|-activate|p1a: Aegislash|Protect
|-unboost|p2a: Bisharp|atk|2
|-boost|p2a: Bisharp|atk|2|[from] ability: Defiant
|
|-heal|p1a: Aegislash|301\/321|[from] item: Leftovers
|turn|6
|
|switch|p1a: Manaphy|Manaphy|404\/404
|-damage|p1a: Manaphy|354\/404|[from] Spikes
|-damage|p1a: Manaphy|304\/404|[from] Stealth Rock
|move|p2a: Bisharp|Knock Off|p1a: Manaphy
|-damage|p1a: Manaphy|70\/404
|-enditem|p1a: Manaphy|Leftovers|[from] move: Knock Off|[of] p2a: Bisharp
|-damage|p2a: Bisharp|102\/272|[from] item: Life Orb
|
|turn|7
|
|move|p2a: Bisharp|Sucker Punch|p1a: Manaphy
|-damage|p1a: Manaphy|0 fnt
|-damage|p2a: Bisharp|75\/272|[from] item: Life Orb
|faint|p1a: Manaphy
|
|
|switch|p1a: Scizor|Scizor, M|343\/343
|-damage|p1a: Scizor|301\/343|[from] Stealth Rock
|-damage|p1a: Scizor|259\/343|[from] Spikes
|turn|8
|chat|craing ;_;|go for da 6-0 :<
|
|detailschange|p1a: Scizor|Scizor-Mega, M
|message|Scizor has Mega Evolved into Mega Scizor!
|move|p2a: Bisharp|Taunt|p1a: Scizor
|-start|p1a: Scizor|move: Taunt
|cant|p1a: Scizor|move: Taunt|Roost
|
|turn|9
|
|move|p2a: Bisharp|Sucker Punch|p1a: Scizor
|-damage|p1a: Scizor|126\/343
|-damage|p2a: Bisharp|48\/272|[from] item: Life Orb
|move|p1a: Scizor|Superpower|p2a: Bisharp
|-supereffective|p2a: Bisharp
|-damage|p2a: Bisharp|0 fnt
|-unboost|p1a: Scizor|atk|1
|-unboost|p1a: Scizor|def|1
|faint|p2a: Bisharp
|
|
|switch|p2a: Charizard|Charizard, M|333\/333
|turn|10
|join|Riles
|
|detailschange|p2a: Charizard|Charizard-Mega-X, M
|message|Charizard has Mega Evolved into Mega Charizard!
|move|p1a: Scizor|Bullet Punch|p2a: Charizard
|-resisted|p2a: Charizard
|-damage|p2a: Charizard|298\/333
|move|p2a: Charizard|Dragon Dance|p2a: Charizard
|-boost|p2a: Charizard|atk|1
|-boost|p2a: Charizard|spe|1
|
|-end|p1a: Scizor|move: Taunt
|turn|11
|
|move|p2a: Charizard|Flare Blitz|p1a: Scizor
|-supereffective|p1a: Scizor
|-damage|p1a: Scizor|0 fnt
|-damage|p2a: Charizard|256\/333|[from] recoil|[of] p1a: Scizor
|faint|p1a: Scizor
|
|chat|Riles|ruhroh.
|join|Wanna Be Baller?
|
|switch|p1a: Thundurus|Thundurus, M|299\/299
|-damage|p1a: Thundurus|225\/299|[from] Stealth Rock
|turn|12
|
|move|p1a: Thundurus|Thunder Wave|p2a: Charizard
|-status|p2a: Charizard|par
|move|p2a: Charizard|Dragon Claw|p1a: Thundurus
|-damage|p1a: Thundurus|0 fnt
|faint|p1a: Thundurus
|
|
|switch|p1a: Latias|Latias, F|309\/309
|-damage|p1a: Latias|271\/309|[from] Stealth Rock
|turn|13
|
|move|p1a: Latias|Draco Meteor|p2a: Charizard
|-supereffective|p2a: Charizard
|-damage|p2a: Charizard|0 fnt
|-unboost|p1a: Latias|spa|2
|-damage|p1a: Latias|241\/309|[from] item: Life Orb
|faint|p2a: Charizard
|
|
|switch|p2a: Dragonite|Dragonite, F|323\/323
|turn|14
|join|LarvaRemix
|
|move|p1a: Latias|Defog|p2a: Dragonite
|-unboost|p2a: Dragonite|evasion|1
|-sideend|p1: RS Cocaine|Spikes|[from] move: Defog|[of] p1a: Latias
|-sideend|p1: RS Cocaine|Stealth Rock|[from] move: Defog|[of] p1a: Latias
|move|p2a: Dragonite|Dragon Dance|p2a: Dragonite
|-boost|p2a: Dragonite|atk|1
|-boost|p2a: Dragonite|spe|1
|
|turn|15
|
|move|p2a: Dragonite|Dragon Dance|p2a: Dragonite
|-boost|p2a: Dragonite|atk|1
|-boost|p2a: Dragonite|spe|1
|move|p1a: Latias|Psyshock|p2a: Dragonite
|-damage|p2a: Dragonite|278\/323
|-damage|p1a: Latias|211\/309|[from] item: Life Orb
|
|turn|16
|
|move|p2a: Dragonite|Extreme Speed|p1a: Latias
|-damage|p1a: Latias|0 fnt
|faint|p1a: Latias
|
|join|Lord Xen III
|chat|Lord Xen III|are u WP?
|
|switch|p1a: Aegislash|Aegislash, M|301\/321
|turn|17
|
|move|p2a: Dragonite|Earthquake|p1a: Aegislash
|-crit|p1a: Aegislash
|-supereffective|p1a: Aegislash
|-damage|p1a: Aegislash|0 fnt
|faint|p1a: Aegislash
|
|-message|RS Cocaine forfeited.
|
|win|Feyitomi
|raw|Ladder updating...
|leave|RS Cocaine
|player|p1
|leave|LarvaRemix
|raw|RS Cocaine's rating: 1848 &rarr; <strong>1824<\/strong><br \/>(-24 for losing)
|raw|Feyitomi's rating: 1785 &rarr; <strong>1808<\/strong><br \/>(+23 for winning)
|leave|Feyitomi
|player|p2
|leave|Wanna Be Baller?
|leave|craing ;_;
|leave|SansNickel