|join|Feyitomi
|join|JohnxYiu
|player|p1|Feyitomi|101
|player|p2|JohnxYiu|20
|gametype|singles
|gen|6
|tier|OU
|rated
|clearpoke
|poke|p1|Metagross
|poke|p1|Magnezone
|poke|p1|Landorus-Therian, M
|poke|p1|Keldeo-Resolute
|poke|p1|Latios, M
|poke|p1|Talonflame, M
|poke|p2|Slowbro, M
|poke|p2|Ferrothorn, F
|poke|p2|Raikou
|poke|p2|Lucario, F
|poke|p2|Keldeo-Resolute
|poke|p2|Landorus-Therian, M
|rule|Swagger Clause: Swagger is banned
|rule|Baton Pass Clause: Limit one PokÃ©mon knowing Baton Pass
|rule|Sleep Clause Mod: Limit one foe put to sleep
|rule|Species Clause: Limit one of each PokÃ©mon
|rule|OHKO Clause: OHKO moves are banned
|rule|Moody Clause: Moody is banned
|rule|Evasion Moves Clause: Evasion moves are banned
|rule|Endless Battle Clause: Forcing endless battles is banned
|rule|HP Percentage Mod: HP is shown in percentages
|teampreview
|
|start
|switch|p1a: Keldeo-Resolute|Keldeo-Resolute|323\/323
|switch|p2a: Keldeo-Resolute|Keldeo-Resolute|324\/324
|turn|1
|
|switch|p1a: Latios|Latios, M|301\/301
|switch|p2a: Slowbro|Slowbro, M|391\/391
|
|turn|2
|
|detailschange|p2a: Slowbro|Slowbro-Mega, M
|message|Slowbro has Mega Evolved into Mega Slowbro!
|move|p1a: Latios|Thunderbolt|p2a: Slowbro
|-supereffective|p2a: Slowbro
|-damage|p2a: Slowbro|121\/391
|-damage|p1a: Latios|271\/301|[from] item: Life Orb
|move|p2a: Slowbro|Calm Mind|p2a: Slowbro
|-boost|p2a: Slowbro|spa|1
|-boost|p2a: Slowbro|spd|1
|
|turn|3
|
|switch|p2a: Ferrothorn|Ferrothorn, F|351\/351
|move|p1a: Latios|Thunderbolt|p2a: Ferrothorn
|-resisted|p2a: Ferrothorn
|-damage|p2a: Ferrothorn|306\/351
|-damage|p1a: Latios|241\/301|[from] item: Life Orb
|
|turn|4
|
|switch|p1a: Magnezone|Magnezone|281\/281
|switch|p2a: Landorus-Therian|Landorus-Therian, M|325\/325
|-ability|p2a: Landorus-Therian|Intimidate|[of] p1a: Magnezone
|-unboost|p1a: Magnezone|atk|1
|
|turn|5
|
|switch|p1a: Landorus-Therian|Landorus-Therian, M|381\/381
|-ability|p1a: Landorus-Therian|Intimidate|[of] p2a: Landorus-Therian
|-unboost|p2a: Landorus-Therian|atk|1
|move|p2a: Landorus-Therian|U-turn|p1a: Landorus-Therian
|-resisted|p1a: Landorus-Therian
|-damage|p1a: Landorus-Therian|354\/381
|
|switch|p2a: Slowbro|Slowbro-Mega, M|121\/391
|
|-heal|p1a: Landorus-Therian|377\/381|[from] item: Leftovers
|turn|6
|
|move|p1a: Landorus-Therian|U-turn|p2a: Slowbro
|-supereffective|p2a: Slowbro
|-damage|p2a: Slowbro|43\/391
|
|switch|p1a: Latios|Latios, M|241\/301
|move|p2a: Slowbro|Slack Off|p2a: Slowbro
|-heal|p2a: Slowbro|239\/391
|
|turn|7
|
|switch|p2a: Landorus-Therian|Landorus-Therian, M|325\/325
|-ability|p2a: Landorus-Therian|Intimidate|[of] p1a: Latios
|-unboost|p1a: Latios|atk|1
|move|p1a: Latios|Draco Meteor|p2a: Landorus-Therian
|-damage|p2a: Landorus-Therian|0 fnt
|-unboost|p1a: Latios|spa|2
|-damage|p1a: Latios|211\/301|[from] item: Life Orb
|faint|p2a: Landorus-Therian
|
|
|switch|p2a: Slowbro|Slowbro-Mega, M|239\/391
|turn|8
|
|switch|p1a: Magnezone|Magnezone|281\/281
|move|p2a: Slowbro|Slack Off|p2a: Slowbro
|-heal|p2a: Slowbro|391\/391
|
|turn|9
|
|switch|p2a: Raikou|Raikou|321\/321
|-ability|p2a: Raikou|Pressure
|move|p1a: Magnezone|Thunderbolt|p2a: Raikou
|-resisted|p2a: Raikou
|-damage|p2a: Raikou|267\/321
|
|turn|10
|
|switch|p1a: Latios|Latios, M|211\/301
|move|p2a: Raikou|Volt Switch|p1a: Latios
|-resisted|p1a: Latios
|-damage|p1a: Latios|157\/301
|
|switch|p2a: Ferrothorn|Ferrothorn, F|306\/351
|
|turn|11
|c|âFeyitomi|you should have started with the calm minds
|c|âJohnxYiu|nah
|
|switch|p1a: Magnezone|Magnezone|281\/281
|move|p2a: Ferrothorn|Stealth Rock|p1a: Magnezone
|-sidestart|p1: Feyitomi|move: Stealth Rock
|
|turn|12
|c|âFeyitomi|magnezone prob wouldn't have been doing â¥50
|
|move|p1a: Magnezone|Thunderbolt|p2a: Ferrothorn
|-resisted|p2a: Ferrothorn
|-damage|p2a: Ferrothorn|250\/351
|move|p2a: Ferrothorn|Leech Seed|p1a: Magnezone
|-start|p1a: Magnezone|move: Leech Seed
|
|-damage|p1a: Magnezone|246\/281|[from] Leech Seed|[of] p2a: Ferrothorn
|-heal|p2a: Ferrothorn|285\/351|[silent]
|turn|13
|
|switch|p1a: Latios|Latios, M|157\/301
|-damage|p1a: Latios|120\/301|[from] Stealth Rock
|move|p2a: Ferrothorn|Gyro Ball|p1a: Latios
|-damage|p1a: Latios|0 fnt
|faint|p1a: Latios
|
|
|switch|p1a: Magnezone|Magnezone|246\/281
|-damage|p1a: Magnezone|229\/281|[from] Stealth Rock
|turn|14
|
|move|p1a: Magnezone|Hidden Power|p2a: Ferrothorn
|-supereffective|p2a: Ferrothorn
|-damage|p2a: Ferrothorn|77\/351
|move|p2a: Ferrothorn|Leech Seed|p1a: Magnezone
|-start|p1a: Magnezone|move: Leech Seed
|
|-damage|p1a: Magnezone|194\/281|[from] Leech Seed|[of] p2a: Ferrothorn
|-heal|p2a: Ferrothorn|112\/351|[silent]
|turn|15
|
|switch|p1a: Metagross|Metagross|301\/301
|-damage|p1a: Metagross|283\/301|[from] Stealth Rock
|move|p2a: Ferrothorn|Gyro Ball|p1a: Metagross
|-resisted|p1a: Metagross
|-damage|p1a: Metagross|216\/301
|
|turn|16
|
|detailschange|p1a: Metagross|Metagross-Mega
|message|Metagross has Mega Evolved into Mega Metagross!
|move|p1a: Metagross|Hammer Arm|p2a: Ferrothorn
|-supereffective|p2a: Ferrothorn
|-damage|p2a: Ferrothorn|0 fnt
|-damage|p1a: Metagross|179\/301|[from] ability: Iron Barbs|[of] p2a: Ferrothorn
|-damage|p1a: Metagross|129\/301|[from] item: Rocky Helmet|[of] p2a: Ferrothorn
|-unboost|p1a: Metagross|spe|1
|faint|p2a: Ferrothorn
|
|
|switch|p2a: Slowbro|Slowbro-Mega, M|391\/391
|turn|17
|
|switch|p1a: Magnezone|Magnezone|194\/281
|-damage|p1a: Magnezone|177\/281|[from] Stealth Rock
|move|p2a: Slowbro|Calm Mind|p2a: Slowbro
|-boost|p2a: Slowbro|spa|1
|-boost|p2a: Slowbro|spd|1
|
|turn|18
|
|move|p1a: Magnezone|Thunderbolt|p2a: Slowbro
|-supereffective|p2a: Slowbro
|-damage|p2a: Slowbro|185\/391
|move|p2a: Slowbro|Scald|p1a: Magnezone
|-damage|p1a: Magnezone|0 fnt
|faint|p1a: Magnezone
|
|
|switch|p1a: Talonflame|Talonflame, M|297\/297
|-damage|p1a: Talonflame|149\/297|[from] Stealth Rock
|turn|19
|
|move|p1a: Talonflame|Swords Dance|p1a: Talonflame
|-boost|p1a: Talonflame|atk|2
|move|p2a: Slowbro|Slack Off|p2a: Slowbro
|-heal|p2a: Slowbro|381\/391
|
|turn|20
|
|move|p1a: Talonflame|Brave Bird|p2a: Slowbro
|-damage|p2a: Slowbro|173\/391
|-damage|p1a: Talonflame|80\/297|[from] recoil|[of] p2a: Slowbro
|move|p2a: Slowbro|Scald|p1a: Talonflame
|-supereffective|p1a: Talonflame
|-damage|p1a: Talonflame|0 fnt
|faint|p1a: Talonflame
|
|
|switch|p1a: Keldeo-Resolute|Keldeo-Resolute|323\/323
|-damage|p1a: Keldeo-Resolute|303\/323|[from] Stealth Rock
|turn|21
|
|move|p1a: Keldeo-Resolute|Scald|p2a: Slowbro
|-resisted|p2a: Slowbro
|-damage|p2a: Slowbro|110\/391
|-status|p2a: Slowbro|brn
|move|p2a: Slowbro|Slack Off|p2a: Slowbro
|-heal|p2a: Slowbro|306\/391 brn
|
|-damage|p2a: Slowbro|258\/391 brn|[from] brn
|turn|22
|
|switch|p1a: Landorus-Therian|Landorus-Therian, M|377\/381
|-damage|p1a: Landorus-Therian|330\/381|[from] Stealth Rock
|-ability|p1a: Landorus-Therian|Intimidate|[of] p2a: Slowbro
|-unboost|p2a: Slowbro|atk|1
|move|p2a: Slowbro|Slack Off|p2a: Slowbro
|-heal|p2a: Slowbro|391\/391 brn
|
|-heal|p1a: Landorus-Therian|353\/381|[from] item: Leftovers
|-damage|p2a: Slowbro|343\/391 brn|[from] brn
|turn|23
|c|âFeyitomi|gg
|c|âFeyitomi|lol
|c|âJohnxYiu|lol
|c|âFeyitomi|never lost to mega slowbro before
|c|âFeyitomi|nice
|-message|Feyitomi forfeited.
|
|win|JohnxYiu
|raw|Ladder updating...
|leave|Feyitomi
|player|p1
|raw|Feyitomi's rating: 1744 &rarr; <strong>1717<\/strong><br \/>(-27 for losing)
|raw|JohnxYiu's rating: 1616 &rarr; <strong>1643<\/strong><br \/>(+27 for winning)