|join|Feyitomi
|join|StrikeJP
|player|p1|Feyitomi|170
|player|p2|StrikeJP|265
|gametype|singles
|gen|6
|tier|OU
|rated
|clearpoke
|poke|p1|Gyarados, F
|poke|p1|Excadrill, F
|poke|p1|Keldeo
|poke|p1|Scizor, F
|poke|p1|Rotom-Wash
|poke|p1|Talonflame, M
|poke|p2|Hippowdon, F
|poke|p2|Azumarill, M
|poke|p2|Aegislash, M
|poke|p2|Umbreon, F, shiny
|poke|p2|Latios, M
|poke|p2|Charizard, M
|rule|Sleep Clause Mod: Limit one foe put to sleep
|rule|Species Clause: Limit one of each Pokemon
|rule|OHKO Clause: OHKO moves are banned
|rule|Moody Clause: Moody is banned
|rule|Evasion Moves Clause: Evasion moves are banned
|rule|Endless Battle Clause: Forcing endless battles is banned.
|rule|HP Percentage Mod: HP is reported as percentages
|teampreview
|
|start
|switch|p1a: Scizor|Scizor, F|343\/343
|switch|p2a: Azumarill|Azumarill, M|403\/403
|turn|1
|
|move|p1a: Scizor|Bullet Punch|p2a: Azumarill
|-damage|p2a: Azumarill|183\/403
|move|p2a: Azumarill|Knock Off|p1a: Scizor
|-damage|p1a: Scizor|213\/343
|-enditem|p1a: Scizor|Choice Band|[from] move: Knock Off|[of] p2a: Azumarill
|
|turn|2
|
|switch|p2a: Charizard|Charizard, M|333\/333
|move|p1a: Scizor|U-turn|p2a: Charizard
|-resisted|p2a: Charizard
|-damage|p2a: Charizard|294\/333
|
|switch|p1a: Gyarados|Gyarados, F|331\/331
|-ability|p1a: Gyarados|Intimidate|[of] p2a: Charizard
|-unboost|p2a: Charizard|atk|1
|
|turn|3
|
|switch|p2a: Umbreon|Umbreon, F, shiny|393\/393
|-formechange|p1a: Gyarados|Gyarados-Mega
|message|Gyarados has Mega Evolved into Mega Gyarados!
|-ability|p1a: Gyarados|Mold Breaker
|move|p1a: Gyarados|Waterfall|p2a: Umbreon
|-damage|p2a: Umbreon|275\/393
|
|-heal|p2a: Umbreon|299\/393|[from] item: Leftovers
|turn|4
|
|switch|p1a: Rotom-Wash|Rotom-Wash|303\/303
|move|p2a: Umbreon|Wish|p2a: Umbreon
|
|-heal|p2a: Umbreon|323\/393|[from] item: Leftovers
|turn|5
|
|move|p1a: Rotom-Wash|Volt Switch|p2a: Umbreon
|-crit|p2a: Umbreon
|-damage|p2a: Umbreon|224\/393
|
|switch|p1a: Keldeo|Keldeo|323\/323
|move|p2a: Umbreon|Foul Play|p1a: Keldeo
|-resisted|p1a: Keldeo
|-damage|p1a: Keldeo|285\/323
|-boost|p1a: Keldeo|atk|1|[from] ability: Justified
|
|-heal|p2a: Umbreon|393\/393|[from] move: Wish|[wisher] Umbreon
|turn|6
|
|move|p2a: Umbreon|Protect|p2a: Umbreon
|-singleturn|p2a: Umbreon|Protect
|move|p1a: Keldeo|Secret Sword|p2a: Umbreon
|-activate|p2a: Umbreon|Protect
|
|turn|7
|
|switch|p1a: Excadrill|Excadrill, F|362\/362
|-ability|p1a: Excadrill|Mold Breaker
|-item|p1a: Excadrill|Air Balloon
|switch|p2a: Aegislash|Aegislash, M|323\/323
|
|turn|8
|
|switch|p2a: Hippowdon|Hippowdon, F|419\/419
|-weather|Sandstorm
|move|p1a: Excadrill|Stealth Rock|p2a: Hippowdon
|-sidestart|p2: StrikeJP|move: Stealth Rock
|
|-weather|Sandstorm|[upkeep]
|turn|9
|
|switch|p1a: Keldeo|Keldeo|285\/323
|move|p2a: Hippowdon|Stealth Rock|p1a: Keldeo
|-sidestart|p1: Feyitomi|move: Stealth Rock
|
|-weather|Sandstorm|[upkeep]
|-damage|p1a: Keldeo|265\/323|[from] sandstorm
|turn|10
|
|switch|p2a: Latios|Latios, M|301\/301
|-damage|p2a: Latios|264\/301|[from] Stealth Rock
|move|p1a: Keldeo|Hydro Pump|p2a: Latios
|-resisted|p2a: Latios
|-damage|p2a: Latios|127\/301
|
|-weather|Sandstorm|[upkeep]
|-damage|p2a: Latios|109\/301|[from] sandstorm
|-damage|p1a: Keldeo|245\/323|[from] sandstorm
|turn|11
|
|switch|p1a: Scizor|Scizor, F|213\/343
|-damage|p1a: Scizor|171\/343|[from] Stealth Rock
|move|p2a: Latios|Roost|p2a: Latios
|-heal|p2a: Latios|260\/301
|
|-weather|Sandstorm|[upkeep]
|-damage|p2a: Latios|242\/301|[from] sandstorm
|turn|12
|
|move|p2a: Latios|Draco Meteor|p1a: Scizor
|-resisted|p1a: Scizor
|-damage|p1a: Scizor|0 fnt
|-unboost|p2a: Latios|spa|2
|-damage|p2a: Latios|212\/301|[from] item: Life Orb
|faint|p1a: Scizor
|
|-weather|none
|
|switch|p1a: Gyarados|Gyarados, F|331\/331
|-formechange|p1a: Gyarados|Gyarados-Mega
|-damage|p1a: Gyarados|290\/331|[from] Stealth Rock
|-ability|p1a: Gyarados|Mold Breaker
|turn|13
|
|switch|p2a: Umbreon|Umbreon, F, shiny|393\/393
|-damage|p2a: Umbreon|344\/393|[from] Stealth Rock
|move|p1a: Gyarados|Dragon Dance|p1a: Gyarados
|-boost|p1a: Gyarados|atk|1
|-boost|p1a: Gyarados|spe|1
|
|-heal|p2a: Umbreon|368\/393|[from] item: Leftovers
|turn|14
|
|move|p1a: Gyarados|Waterfall|p2a: Umbreon
|-damage|p2a: Umbreon|187\/393
|move|p2a: Umbreon|Wish|p2a: Umbreon
|
|-heal|p2a: Umbreon|211\/393|[from] item: Leftovers
|turn|15
|
|move|p1a: Gyarados|Dragon Dance|p1a: Gyarados
|-boost|p1a: Gyarados|atk|1
|-boost|p1a: Gyarados|spe|1
|move|p2a: Umbreon|Foul Play|p1a: Gyarados
|-resisted|p1a: Gyarados
|-damage|p1a: Gyarados|106\/331
|
|-heal|p2a: Umbreon|393\/393|[from] move: Wish|[wisher] Umbreon
|turn|16
|chat|Feyitomi|flinch
|
|move|p1a: Gyarados|Waterfall|p2a: Umbreon
|-damage|p2a: Umbreon|164\/393
|move|p2a: Umbreon|Foul Play|p1a: Gyarados
|-resisted|p1a: Gyarados
|-damage|p1a: Gyarados|0 fnt
|faint|p1a: Gyarados
|
|-heal|p2a: Umbreon|188\/393|[from] item: Leftovers
|chat|Feyitomi|go
|
|switch|p1a: Keldeo|Keldeo|245\/323
|-damage|p1a: Keldeo|225\/323|[from] Stealth Rock
|turn|17
|
|move|p2a: Umbreon|Protect|p2a: Umbreon
|-singleturn|p2a: Umbreon|Protect
|move|p1a: Keldeo|Hydro Pump|p2a: Umbreon
|-activate|p2a: Umbreon|Protect
|
|-heal|p2a: Umbreon|212\/393|[from] item: Leftovers
|turn|18
|
|switch|p2a: Azumarill|Azumarill, M|183\/403
|-damage|p2a: Azumarill|133\/403|[from] Stealth Rock
|move|p1a: Keldeo|Hydro Pump|p2a: Azumarill
|-resisted|p2a: Azumarill
|-damage|p2a: Azumarill|7\/403
|
|turn|19
|
|move|p2a: Azumarill|Aqua Jet|p1a: Keldeo
|-resisted|p1a: Keldeo
|-damage|p1a: Keldeo|174\/323
|move|p1a: Keldeo|Hydro Pump|p2a: Azumarill
|-resisted|p2a: Azumarill
|-damage|p2a: Azumarill|0 fnt
|faint|p2a: Azumarill
|
|
|switch|p2a: Latios|Latios, M|212\/301
|-damage|p2a: Latios|175\/301|[from] Stealth Rock
|turn|20
|
|switch|p1a: Excadrill|Excadrill, F|362\/362
|-damage|p1a: Excadrill|351\/362|[from] Stealth Rock
|-ability|p1a: Excadrill|Mold Breaker
|-item|p1a: Excadrill|Air Balloon
|move|p2a: Latios|Psyshock|p1a: Excadrill
|-resisted|p1a: Excadrill
|-damage|p1a: Excadrill|211\/362
|-enditem|p1a: Excadrill|Air Balloon
|-damage|p2a: Latios|145\/301|[from] item: Life Orb
|
|turn|21
|
|move|p2a: Latios|Defog|p1a: Excadrill
|-unboost|p1a: Excadrill|evasion|1
|-sideend|p1: Feyitomi|Stealth Rock|[from] move: Defog|[of] p1a: Excadrill
|-sideend|p2: StrikeJP|Stealth Rock|[from] move: Defog|[of] p2a: Latios
|move|p1a: Excadrill|Rapid Spin|p2a: Latios
|-damage|p2a: Latios|113\/301
|
|turn|22
|
|switch|p2a: Charizard|Charizard, M|294\/333
|move|p1a: Excadrill|Earthquake|p2a: Charizard
|-immune|p2a: Charizard|[msg]
|
|turn|23
|
|-formechange|p2a: Charizard|Charizard-Mega-X
|message|Charizard has Mega Evolved into Mega Charizard!
|move|p1a: Excadrill|Earthquake|p2a: Charizard
|-supereffective|p2a: Charizard
|-damage|p2a: Charizard|0 fnt
|faint|p2a: Charizard
|
|
|switch|p2a: Umbreon|Umbreon, F, shiny|212\/393
|turn|24
|
|switch|p1a: Keldeo|Keldeo|174\/323
|move|p2a: Umbreon|Wish|p2a: Umbreon
|
|-heal|p2a: Umbreon|236\/393|[from] item: Leftovers
|turn|25
|
|switch|p1a: Talonflame|Talonflame, M|297\/297
|switch|p2a: Latios|Latios, M|113\/301
|
|-heal|p2a: Latios|301\/301|[from] move: Wish|[wisher] Umbreon
|turn|26
|
|switch|p2a: Hippowdon|Hippowdon, F|419\/419
|-weather|Sandstorm
|move|p1a: Talonflame|U-turn|p2a: Hippowdon
|-damage|p2a: Hippowdon|354\/419
|
|switch|p1a: Rotom-Wash|Rotom-Wash|303\/303
|
|-weather|Sandstorm|[upkeep]
|-damage|p1a: Rotom-Wash|285\/303|[from] sandstorm
|-heal|p1a: Rotom-Wash|303\/303|[from] item: Leftovers
|-heal|p2a: Hippowdon|380\/419|[from] item: Leftovers
|turn|27
|
|switch|p2a: Latios|Latios, M|301\/301
|move|p1a: Rotom-Wash|Hydro Pump|p2a: Latios
|-resisted|p2a: Latios
|-damage|p2a: Latios|244\/301
|
|-weather|Sandstorm|[upkeep]
|-damage|p2a: Latios|226\/301|[from] sandstorm
|-damage|p1a: Rotom-Wash|285\/303|[from] sandstorm
|-heal|p1a: Rotom-Wash|303\/303|[from] item: Leftovers
|turn|28
|
|move|p2a: Latios|Psyshock|p1a: Rotom-Wash
|-damage|p1a: Rotom-Wash|159\/303
|-damage|p2a: Latios|196\/301|[from] item: Life Orb
|move|p1a: Rotom-Wash|Will-O-Wisp|p2a: Latios
|-status|p2a: Latios|brn
|
|-weather|Sandstorm|[upkeep]
|-damage|p2a: Latios|178\/301 brn|[from] sandstorm
|-damage|p1a: Rotom-Wash|141\/303|[from] sandstorm
|-heal|p1a: Rotom-Wash|159\/303|[from] item: Leftovers
|-damage|p2a: Latios|141\/301 brn|[from] brn
|turn|29
|
|move|p2a: Latios|Draco Meteor|p1a: Rotom-Wash
|-damage|p1a: Rotom-Wash|0 fnt
|-unboost|p2a: Latios|spa|2
|-damage|p2a: Latios|111\/301 brn|[from] item: Life Orb
|faint|p1a: Rotom-Wash
|
|-weather|Sandstorm|[upkeep]
|-damage|p2a: Latios|93\/301 brn|[from] sandstorm
|-damage|p2a: Latios|56\/301 brn|[from] brn
|
|switch|p1a: Talonflame|Talonflame, M|297\/297
|turn|30
|
|switch|p2a: Hippowdon|Hippowdon, F|380\/419
|move|p1a: Talonflame|U-turn|p2a: Hippowdon
|-damage|p2a: Hippowdon|315\/419
|
|switch|p1a: Keldeo|Keldeo|174\/323
|
|-weather|none
|-heal|p2a: Hippowdon|341\/419|[from] item: Leftovers
|turn|31
|
|switch|p2a: Aegislash|Aegislash, M|323\/323
|move|p1a: Keldeo|Scald|p2a: Aegislash
|-damage|p2a: Aegislash|173\/323
|-status|p2a: Aegislash|brn
|
|-heal|p2a: Aegislash|193\/323 brn|[from] item: Leftovers
|-damage|p2a: Aegislash|153\/323 brn|[from] brn
|turn|32
|
|switch|p1a: Excadrill|Excadrill, F|211\/362
|-ability|p1a: Excadrill|Mold Breaker
|-formechange|p2a: Aegislash|Aegislash-Blade
|move|p2a: Aegislash|Shadow Ball|p1a: Excadrill
|-damage|p1a: Excadrill|0 fnt
|faint|p1a: Excadrill
|
|-heal|p2a: Aegislash|173\/323 brn|[from] item: Leftovers
|-damage|p2a: Aegislash|133\/323 brn|[from] brn
|
|switch|p1a: Keldeo|Keldeo|174\/323
|turn|33
|
|-formechange|p2a: Aegislash|Aegislash
|move|p2a: Aegislash|King's Shield|p2a: Aegislash
|-singleturn|p2a: Aegislash|Protect
|move|p1a: Keldeo|Scald|p2a: Aegislash
|-activate|p2a: Aegislash|Protect
|
|-heal|p2a: Aegislash|153\/323 brn|[from] item: Leftovers
|-damage|p2a: Aegislash|113\/323 brn|[from] brn
|turn|34
|
|switch|p1a: Talonflame|Talonflame, M|297\/297
|-formechange|p2a: Aegislash|Aegislash-Blade
|move|p2a: Aegislash|Shadow Ball|p1a: Talonflame
|-damage|p1a: Talonflame|62\/297
|
|-heal|p2a: Aegislash|133\/323 brn|[from] item: Leftovers
|-damage|p2a: Aegislash|93\/323 brn|[from] brn
|turn|35
|leave|Feyitomi
|player|p1
|-message|feyitomi lost due to inactivity.
|
|win|StrikeJP
|raw|Ladder updating...
|raw|Feyitomi's rating: 1715 &rarr; <strong>1700<\/strong><br \/>(-15 for losing)
|raw|StrikeJP's rating: 1794 &rarr; <strong>1809<\/strong><br \/>(+15 for winning)