|join|Feyitomi
|join|Rush74
|player|p1|Feyitomi|265
|player|p2|Rush74|238
|gametype|singles
|gen|6
|tier|OU
|rated
|clearpoke
|poke|p1|Diancie
|poke|p1|Rotom-Wash
|poke|p1|Chesnaught, M
|poke|p1|Talonflame, F
|poke|p1|Greninja, M
|poke|p1|Excadrill, M
|poke|p2|Mamoswine, M
|poke|p2|Gengar, M
|poke|p2|Gallade, M
|poke|p2|Chansey, F
|poke|p2|Jolteon, M
|poke|p2|Gourgeist-*, F, shiny
|rule|Swagger Clause: Swagger is banned
|rule|Baton Pass Clause: Limit one PokÃ©mon knowing Baton Pass
|rule|Sleep Clause Mod: Limit one foe put to sleep
|rule|Species Clause: Limit one of each PokÃ©mon
|rule|OHKO Clause: OHKO moves are banned
|rule|Moody Clause: Moody is banned
|rule|Evasion Moves Clause: Evasion moves are banned
|rule|Endless Battle Clause: Forcing endless battles is banned
|rule|HP Percentage Mod: HP is shown in percentages
|teampreview
|
|start
|switch|p1a: Diancie|Diancie|241\/241
|switch|p2a: Sean|Gallade, M|277\/277
|turn|1
|
|switch|p1a: Chesnaught|Chesnaught, M|380\/380
|move|p2a: Sean|Substitute|p2a: Sean
|-start|p2a: Sean|Substitute
|-damage|p2a: Sean|208\/277
|
|turn|2
|join|Dragon1995
|
|detailschange|p2a: Sean|Gallade-Mega, M
|message|Gallade has Mega Evolved into Mega Gallade!
|move|p2a: Sean|Swords Dance|p2a: Sean
|-boost|p2a: Sean|atk|2
|move|p1a: Chesnaught|Spikes|p2a: Sean
|-sidestart|p2: Rush74|Spikes
|
|turn|3
|
|move|p1a: Chesnaught|Spiky Shield|p1a: Chesnaught
|-singleturn|p1a: Chesnaught|move: Protect
|move|p2a: Sean|Drain Punch|p1a: Chesnaught
|-activate|p1a: Chesnaught|move: Protect
|-damage|p2a: Sean|174\/277|[from] Spiky Shield|[of] p1a: Chesnaught
|
|turn|4
|
|move|p2a: Sean|Drain Punch|p1a: Chesnaught
|-damage|p1a: Chesnaught|170\/380
|-heal|p2a: Sean|277\/277|[from] drain|[of] p1a: Chesnaught
|move|p1a: Chesnaught|Wood Hammer|p2a: Sean
|-end|p2a: Sean|Substitute
|-damage|p1a: Chesnaught|147\/380|[from] recoil|[of] p2a: Sean
|
|-heal|p1a: Chesnaught|170\/380|[from] item: Leftovers
|turn|5
|
|move|p2a: Sean|Substitute|p2a: Sean
|-start|p2a: Sean|Substitute
|-damage|p2a: Sean|208\/277
|move|p1a: Chesnaught|Wood Hammer|p2a: Sean
|-end|p2a: Sean|Substitute
|-damage|p1a: Chesnaught|147\/380|[from] recoil|[of] p2a: Sean
|
|-heal|p1a: Chesnaught|170\/380|[from] item: Leftovers
|turn|6
|
|move|p1a: Chesnaught|Spiky Shield|p1a: Chesnaught
|-singleturn|p1a: Chesnaught|move: Protect
|move|p2a: Sean|Drain Punch|p1a: Chesnaught
|-activate|p1a: Chesnaught|move: Protect
|-damage|p2a: Sean|174\/277|[from] Spiky Shield|[of] p1a: Chesnaught
|
|-heal|p1a: Chesnaught|193\/380|[from] item: Leftovers
|turn|7
|
|move|p2a: Sean|Substitute|p2a: Sean
|-start|p2a: Sean|Substitute
|-damage|p2a: Sean|105\/277
|move|p1a: Chesnaught|Spikes|p2a: Sean
|-sidestart|p2: Rush74|Spikes
|
|-heal|p1a: Chesnaught|216\/380|[from] item: Leftovers
|turn|8
|
|move|p2a: Sean|Swords Dance|p2a: Sean
|-boost|p2a: Sean|atk|2
|move|p1a: Chesnaught|Wood Hammer|p2a: Sean
|-end|p2a: Sean|Substitute
|-damage|p1a: Chesnaught|193\/380|[from] recoil|[of] p2a: Sean
|
|-heal|p1a: Chesnaught|216\/380|[from] item: Leftovers
|turn|9
|
|move|p2a: Sean|Substitute|p2a: Sean
|-start|p2a: Sean|Substitute
|-damage|p2a: Sean|36\/277
|move|p1a: Chesnaught|Wood Hammer|p2a: Sean
|-end|p2a: Sean|Substitute
|-damage|p1a: Chesnaught|193\/380|[from] recoil|[of] p2a: Sean
|
|-heal|p1a: Chesnaught|216\/380|[from] item: Leftovers
|turn|10
|
|move|p1a: Chesnaught|Spiky Shield|p1a: Chesnaught
|-singleturn|p1a: Chesnaught|move: Protect
|move|p2a: Sean|Drain Punch|p1a: Chesnaught
|-activate|p1a: Chesnaught|move: Protect
|-damage|p2a: Sean|2\/277|[from] Spiky Shield|[of] p1a: Chesnaught
|
|-heal|p1a: Chesnaught|239\/380|[from] item: Leftovers
|turn|11
|
|move|p2a: Sean|Drain Punch|p1a: Chesnaught
|-damage|p1a: Chesnaught|0 fnt
|-heal|p2a: Sean|122\/277|[from] drain|[of] p1a: Chesnaught
|faint|p1a: Chesnaught
|
|
|switch|p1a: Talonflame|Talonflame, F|297\/297
|turn|12
|
|move|p1a: Talonflame|Brave Bird|p2a: Sean
|-supereffective|p2a: Sean
|-damage|p2a: Sean|0 fnt
|-damage|p1a: Talonflame|257\/297|[from] recoil|[of] p2a: Sean
|faint|p2a: Sean
|
|
|switch|p2a: Blur|Jolteon, M|272\/272
|-damage|p2a: Blur|227\/272|[from] Spikes
|turn|13
|
|switch|p1a: Excadrill|Excadrill, M|377\/377
|-ability|p1a: Excadrill|Mold Breaker
|move|p2a: Blur|Shadow Ball|p1a: Excadrill
|-damage|p1a: Excadrill|194\/377
|
|turn|14
|
|switch|p2a: Sophia|Gourgeist-Super, F, shiny|374\/374
|-damage|p2a: Sophia|312\/374|[from] Spikes
|-item|p1a: Excadrill|Choice Scarf|[from] ability: Frisk|[of] p2a: Sophia|[identify]
|move|p1a: Excadrill|Earthquake|p2a: Sophia
|-resisted|p2a: Sophia
|-damage|p2a: Sophia|249\/374
|
|-heal|p2a: Sophia|272\/374|[from] item: Leftovers
|turn|15
|
|switch|p1a: Talonflame|Talonflame, F|257\/297
|move|p2a: Sophia|Leech Seed|p1a: Talonflame
|-start|p1a: Talonflame|move: Leech Seed
|
|-heal|p2a: Sophia|295\/374|[from] item: Leftovers
|-damage|p1a: Talonflame|220\/297|[from] Leech Seed|[of] p2a: Sophia
|-heal|p2a: Sophia|332\/374|[silent]
|turn|16
|
|switch|p1a: Diancie|Diancie|241\/241
|move|p2a: Sophia|Protect|p2a: Sophia
|-fail|p2a: Sophia
|
|-heal|p2a: Sophia|355\/374|[from] item: Leftovers
|turn|17
|
|detailschange|p1a: Diancie|Diancie-Mega
|message|Diancie has Mega Evolved into Mega Diancie!
|move|p1a: Diancie|Stealth Rock|p2a: Sophia
|-sidestart|p2: Rush74|move: Stealth Rock
|move|p2a: Sophia|Leech Seed|p1a: Diancie
|move|p1a: Diancie|Leech Seed|p2a: Sophia|[from]Magic Bounce
|-immune|p2a: Sophia|[msg]
|
|-heal|p2a: Sophia|374\/374|[from] item: Leftovers
|turn|18
|
|move|p1a: Diancie|Moonblast|p2a: Sophia
|-damage|p2a: Sophia|133\/374
|move|p2a: Sophia|Seed Bomb|p1a: Diancie
|-supereffective|p1a: Diancie
|-damage|p1a: Diancie|35\/241
|
|-heal|p2a: Sophia|156\/374|[from] item: Leftovers
|turn|19
|
|move|p2a: Sophia|Protect|p2a: Sophia
|-singleturn|p2a: Sophia|Protect
|move|p1a: Diancie|Moonblast|p2a: Sophia
|-activate|p2a: Sophia|Protect
|
|-heal|p2a: Sophia|179\/374|[from] item: Leftovers
|turn|20
|
|switch|p2a: Mieko|Chansey, F|704\/704
|-damage|p2a: Mieko|587\/704|[from] Spikes
|-damage|p2a: Mieko|499\/704|[from] Stealth Rock
|move|p1a: Diancie|Moonblast|p2a: Mieko
|-damage|p2a: Mieko|379\/704
|
|turn|21
|
|move|p1a: Diancie|Diamond Storm|p2a: Mieko
|-damage|p2a: Mieko|141\/704
|-boost|p1a: Diancie|def|1
|move|p2a: Mieko|Soft-Boiled|p2a: Mieko
|-heal|p2a: Mieko|493\/704
|
|turn|22
|
|switch|p1a: Rotom-Wash|Rotom-Wash|303\/303
|move|p2a: Mieko|Soft-Boiled|p2a: Mieko
|-heal|p2a: Mieko|704\/704
|
|turn|23
|
|move|p1a: Rotom-Wash|Will-O-Wisp|p2a: Mieko
|-status|p2a: Mieko|brn
|move|p2a: Mieko|Seismic Toss|p1a: Rotom-Wash
|-damage|p1a: Rotom-Wash|203\/303
|
|-heal|p1a: Rotom-Wash|221\/303|[from] item: Leftovers
|-damage|p2a: Mieko|616\/704 brn|[from] brn
|turn|24
|
|switch|p2a: Blur|Jolteon, M|227\/272
|-damage|p2a: Blur|182\/272|[from] Spikes
|-damage|p2a: Blur|148\/272|[from] Stealth Rock
|move|p1a: Rotom-Wash|Volt Switch|p2a: Blur
|-heal|p2a: Blur|216\/272|[from] ability: Volt Absorb|[of] p1a: Rotom-Wash
|
|-heal|p1a: Rotom-Wash|239\/303|[from] item: Leftovers
|turn|25
|
|move|p2a: Blur|Shadow Ball|p1a: Rotom-Wash
|-damage|p1a: Rotom-Wash|113\/303
|move|p1a: Rotom-Wash|Hydro Pump|p2a: Blur
|-damage|p2a: Blur|66\/272
|
|-heal|p1a: Rotom-Wash|131\/303|[from] item: Leftovers
|turn|26
|
|switch|p1a: Greninja|Greninja, M|285\/285
|move|p2a: Blur|Shadow Ball|p1a: Greninja
|-resisted|p1a: Greninja
|-damage|p1a: Greninja|198\/285
|
|turn|27
|
|switch|p1a: Excadrill|Excadrill, M|194\/377
|-ability|p1a: Excadrill|Mold Breaker
|move|p2a: Blur|Shadow Ball|p1a: Excadrill
|-damage|p1a: Excadrill|15\/377
|
|turn|28
|
|switch|p2a: Hattori|Gengar, M|261\/261
|-damage|p2a: Hattori|229\/261|[from] Stealth Rock
|move|p1a: Excadrill|Iron Head|p2a: Hattori
|-damage|p2a: Hattori|0 fnt
|faint|p2a: Hattori
|
|
|switch|p2a: Koori|Mamoswine, M|361\/361
|-damage|p2a: Koori|316\/361|[from] Stealth Rock
|-damage|p2a: Koori|256\/361|[from] Spikes
|turn|29
|
|switch|p1a: Rotom-Wash|Rotom-Wash|131\/303
|move|p2a: Koori|Ice Shard|p1a: Rotom-Wash
|-resisted|p1a: Rotom-Wash
|-damage|p1a: Rotom-Wash|105\/303
|
|-heal|p1a: Rotom-Wash|123\/303|[from] item: Leftovers
|turn|30
|
|move|p2a: Koori|Icicle Crash|p1a: Rotom-Wash|[miss]
|-miss|p2a: Koori|p1a: Rotom-Wash
|move|p1a: Rotom-Wash|Hydro Pump|p2a: Koori
|-supereffective|p2a: Koori
|-damage|p2a: Koori|0 fnt
|faint|p2a: Koori
|
|-heal|p1a: Rotom-Wash|141\/303|[from] item: Leftovers
|
|switch|p2a: Sophia|Gourgeist-Super, F, shiny|179\/374
|-damage|p2a: Sophia|117\/374|[from] Spikes
|-damage|p2a: Sophia|71\/374|[from] Stealth Rock
|-item|p1a: Rotom-Wash|Leftovers|[from] ability: Frisk|[of] p2a: Sophia|[identify]
|turn|31
|
|move|p1a: Rotom-Wash|Volt Switch|p2a: Sophia
|-resisted|p2a: Sophia
|-damage|p2a: Sophia|17\/374
|
|switch|p1a: Diancie|Diancie-Mega|35\/241
|move|p2a: Sophia|Seed Bomb|p1a: Diancie
|-supereffective|p1a: Diancie
|-damage|p1a: Diancie|0 fnt
|faint|p1a: Diancie
|
|-heal|p2a: Sophia|40\/374|[from] item: Leftovers
|
|switch|p1a: Talonflame|Talonflame, F|220\/297
|turn|32
|
|move|p1a: Talonflame|U-turn|p2a: Sophia
|-damage|p2a: Sophia|0 fnt
|faint|p2a: Sophia
|
|switch|p1a: Excadrill|Excadrill, M|15\/377
|-ability|p1a: Excadrill|Mold Breaker
|
|
|switch|p2a: Mieko|Chansey, F|616\/704
|-damage|p2a: Mieko|499\/704|[from] Spikes
|-damage|p2a: Mieko|411\/704|[from] Stealth Rock
|turn|33
|
|move|p1a: Excadrill|Earthquake|p2a: Mieko
|-damage|p2a: Mieko|171\/704
|move|p2a: Mieko|Soft-Boiled|p2a: Mieko
|-heal|p2a: Mieko|523\/704
|
|turn|34
|
|move|p1a: Excadrill|Earthquake|p2a: Mieko
|-damage|p2a: Mieko|279\/704
|move|p2a: Mieko|Soft-Boiled|p2a: Mieko
|-heal|p2a: Mieko|631\/704
|
|turn|35
|
|switch|p1a: Rotom-Wash|Rotom-Wash|141\/303
|move|p2a: Mieko|Seismic Toss|p1a: Rotom-Wash
|-damage|p1a: Rotom-Wash|41\/303
|
|-heal|p1a: Rotom-Wash|59\/303|[from] item: Leftovers
|turn|36
|
|move|p1a: Rotom-Wash|Will-O-Wisp|p2a: Mieko|[miss]
|-miss|p1a: Rotom-Wash|p2a: Mieko
|move|p2a: Mieko|Seismic Toss|p1a: Rotom-Wash
|-damage|p1a: Rotom-Wash|0 fnt
|faint|p1a: Rotom-Wash
|
|
|switch|p1a: Greninja|Greninja, M|198\/285
|turn|37
|
|move|p1a: Greninja|Gunk Shot|p2a: Mieko
|-start|p1a: Greninja|typechange|Poison|[from] Protean
|-damage|p2a: Mieko|401\/704
|-damage|p1a: Greninja|170\/285|[from] item: Life Orb
|move|p2a: Mieko|Seismic Toss|p1a: Greninja
|-damage|p1a: Greninja|70\/285
|
|turn|38
|
|move|p1a: Greninja|Gunk Shot|p2a: Mieko
|-damage|p2a: Mieko|185\/704
|-damage|p1a: Greninja|42\/285|[from] item: Life Orb
|move|p2a: Mieko|Soft-Boiled|p2a: Mieko
|-heal|p2a: Mieko|537\/704
|
|turn|39
|
|move|p1a: Greninja|Gunk Shot|p2a: Mieko
|-damage|p2a: Mieko|303\/704
|-damage|p1a: Greninja|14\/285|[from] item: Life Orb
|move|p2a: Mieko|Soft-Boiled|p2a: Mieko
|-heal|p2a: Mieko|655\/704
|
|turn|40
|
|move|p1a: Greninja|Gunk Shot|p2a: Mieko
|-damage|p2a: Mieko|405\/704
|-damage|p1a: Greninja|0 fnt|[from] item: Life Orb
|faint|p1a: Greninja
|move|p2a: Mieko|Soft-Boiled|p2a: Mieko
|-heal|p2a: Mieko|704\/704
|
|c|âRush74|gg
|
|switch|p1a: Excadrill|Excadrill, M|15\/377
|-ability|p1a: Excadrill|Mold Breaker
|turn|41
|
|move|p1a: Excadrill|Iron Head|p2a: Mieko
|-damage|p2a: Mieko|511\/704
|move|p2a: Mieko|Seismic Toss|p1a: Excadrill
|-damage|p1a: Excadrill|0 fnt
|faint|p1a: Excadrill
|
|
|switch|p1a: Talonflame|Talonflame, F|220\/297
|turn|42
|
|move|p1a: Talonflame|Brave Bird|p2a: Mieko
|-damage|p2a: Mieko|151\/704
|-damage|p1a: Talonflame|101\/297|[from] recoil|[of] p2a: Mieko
|move|p2a: Mieko|Soft-Boiled|p2a: Mieko
|-heal|p2a: Mieko|503\/704
|
|turn|43
|-message|Feyitomi forfeited.
|
|win|Rush74
|raw|Ladder updating...
|leave|Feyitomi
|player|p1
|raw|Ladder (probably) updated, but score could not be retrieved (timeout).
|raw|Ladder (probably) updated, but score could not be retrieved (Error: socket hang up).
|leave|Dragon1995