|join|Feyitomi
|join|DNAde
|player|p1|Feyitomi|266
|player|p2|DNAde|220
|gametype|singles
|gen|6
|tier|OU
|rated
|clearpoke
|poke|p1|Diancie
|poke|p1|Rotom-Wash
|poke|p1|Chesnaught, F
|poke|p1|Talonflame, F
|poke|p1|Greninja, F
|poke|p1|Excadrill, M
|poke|p2|Sceptile, M, shiny
|poke|p2|Conkeldurr, M
|poke|p2|Rotom-Wash
|poke|p2|Heatran, F
|poke|p2|Gyarados, M
|poke|p2|Latios, M
|rule|Swagger Clause: Swagger is banned
|rule|Baton Pass Clause: Limit one PokÃ©mon knowing Baton Pass
|rule|Sleep Clause Mod: Limit one foe put to sleep
|rule|Species Clause: Limit one of each PokÃ©mon
|rule|OHKO Clause: OHKO moves are banned
|rule|Moody Clause: Moody is banned
|rule|Evasion Moves Clause: Evasion moves are banned
|rule|Endless Battle Clause: Forcing endless battles is banned
|rule|HP Percentage Mod: HP is shown in percentages
|teampreview
|
|start
|switch|p1a: Chesnaught|Chesnaught, F|380\/380
|switch|p2a: ChinaPWN|Gyarados, M|347\/347
|-ability|p2a: ChinaPWN|Intimidate|[of] p1a: Chesnaught
|-unboost|p1a: Chesnaught|atk|1
|turn|1
|
|switch|p2a: Hurr Durr|Conkeldurr, M|414\/414
|move|p1a: Chesnaught|Spikes|p2a: Hurr Durr
|-sidestart|p2: DNAde|Spikes
|
|turn|2
|
|move|p1a: Chesnaught|Spiky Shield|p1a: Chesnaught
|-singleturn|p1a: Chesnaught|move: Protect
|move|p2a: Hurr Durr|Poison Jab|p1a: Chesnaught
|-activate|p1a: Chesnaught|move: Protect
|-damage|p2a: Hurr Durr|363\/414|[from] Spiky Shield|[of] p1a: Chesnaught
|
|turn|3
|
|move|p1a: Chesnaught|Spikes|p2a: Hurr Durr
|-sidestart|p2: DNAde|Spikes
|move|p2a: Hurr Durr|Drain Punch|p1a: Chesnaught
|-damage|p1a: Chesnaught|254\/380
|-heal|p2a: Hurr Durr|414\/414|[from] drain|[of] p1a: Chesnaught
|-damage|p2a: Hurr Durr|373\/414|[from] item: Life Orb
|
|-heal|p1a: Chesnaught|277\/380|[from] item: Leftovers
|turn|4
|
|move|p1a: Chesnaught|Spiky Shield|p1a: Chesnaught
|-singleturn|p1a: Chesnaught|move: Protect
|move|p2a: Hurr Durr|Poison Jab|p1a: Chesnaught
|-activate|p1a: Chesnaught|move: Protect
|-damage|p2a: Hurr Durr|322\/414|[from] Spiky Shield|[of] p1a: Chesnaught
|
|-heal|p1a: Chesnaught|300\/380|[from] item: Leftovers
|turn|5
|
|move|p1a: Chesnaught|Drain Punch|p2a: Hurr Durr
|-damage|p2a: Hurr Durr|256\/414
|-heal|p1a: Chesnaught|333\/380|[from] drain|[of] p2a: Hurr Durr
|move|p2a: Hurr Durr|Poison Jab|p1a: Chesnaught
|-supereffective|p1a: Chesnaught
|-damage|p1a: Chesnaught|99\/380
|
|-heal|p1a: Chesnaught|122\/380|[from] item: Leftovers
|turn|6
|
|switch|p2a: Dovahkiin|Sceptile, M, shiny|282\/282
|-damage|p2a: Dovahkiin|235\/282|[from] Spikes
|move|p1a: Chesnaught|Spiky Shield|p1a: Chesnaught
|-fail|p1a: Chesnaught
|
|-heal|p1a: Chesnaught|145\/380|[from] item: Leftovers
|turn|7
|
|detailschange|p2a: Dovahkiin|Sceptile-Mega, M, shiny
|message|Sceptile has Mega Evolved into Mega Sceptile!
|move|p2a: Dovahkiin|Substitute|p2a: Dovahkiin
|-start|p2a: Dovahkiin|Substitute
|-damage|p2a: Dovahkiin|165\/282
|move|p1a: Chesnaught|Drain Punch|p2a: Dovahkiin
|-end|p2a: Dovahkiin|Substitute
|-heal|p1a: Chesnaught|180\/380|[from] drain|[of] p2a: Dovahkiin
|
|-heal|p1a: Chesnaught|203\/380|[from] item: Leftovers
|turn|8
|
|move|p1a: Chesnaught|Spiky Shield|p1a: Chesnaught
|-singleturn|p1a: Chesnaught|move: Protect
|move|p2a: Dovahkiin|Dragon Pulse|p1a: Chesnaught
|-activate|p1a: Chesnaught|move: Protect
|
|-heal|p1a: Chesnaught|226\/380|[from] item: Leftovers
|turn|9
|
|switch|p1a: Talonflame|Talonflame, F|297\/297
|move|p2a: Dovahkiin|Dragon Pulse|p1a: Talonflame
|-crit|p1a: Talonflame
|-damage|p1a: Talonflame|0 fnt
|faint|p1a: Talonflame
|
|
|switch|p1a: Excadrill|Excadrill, M|377\/377
|-ability|p1a: Excadrill|Mold Breaker
|turn|10
|
|switch|p1a: Rotom-Wash|Rotom-Wash|303\/303
|switch|p2a: ChinaPWN|Gyarados, M|347\/347
|-ability|p2a: ChinaPWN|Intimidate|[of] p1a: Rotom-Wash
|-unboost|p1a: Rotom-Wash|atk|1
|
|turn|11
|
|switch|p2a: Laaaaaaaaati|Latios, M|302\/302
|move|p1a: Rotom-Wash|Will-O-Wisp|p2a: Laaaaaaaaati
|-status|p2a: Laaaaaaaaati|brn
|
|-damage|p2a: Laaaaaaaaati|265\/302 brn|[from] brn
|turn|12
|
|move|p2a: Laaaaaaaaati|Defog|p1a: Rotom-Wash
|-unboost|p1a: Rotom-Wash|evasion|1
|-sideend|p2: DNAde|Spikes|[from] move: Defog|[of] p2a: Laaaaaaaaati
|move|p1a: Rotom-Wash|Volt Switch|p2a: Laaaaaaaaati
|-resisted|p2a: Laaaaaaaaati
|-damage|p2a: Laaaaaaaaati|229\/302 brn
|
|switch|p1a: Chesnaught|Chesnaught, F|226\/380
|
|-heal|p1a: Chesnaught|249\/380|[from] item: Leftovers
|-damage|p2a: Laaaaaaaaati|192\/302 brn|[from] brn
|turn|13
|
|switch|p2a: Hurr Durr|Conkeldurr, M|256\/414
|move|p1a: Chesnaught|Spiky Shield|p1a: Chesnaught
|-fail|p1a: Chesnaught
|
|-heal|p1a: Chesnaught|272\/380|[from] item: Leftovers
|turn|14
|
|move|p1a: Chesnaught|Spiky Shield|p1a: Chesnaught
|-singleturn|p1a: Chesnaught|move: Protect
|move|p2a: Hurr Durr|Poison Jab|p1a: Chesnaught
|-activate|p1a: Chesnaught|move: Protect
|-damage|p2a: Hurr Durr|205\/414|[from] Spiky Shield|[of] p1a: Chesnaught
|
|-heal|p1a: Chesnaught|295\/380|[from] item: Leftovers
|turn|15
|
|move|p1a: Chesnaught|Spikes|p2a: Hurr Durr
|-sidestart|p2: DNAde|Spikes
|move|p2a: Hurr Durr|Drain Punch|p1a: Chesnaught
|-damage|p1a: Chesnaught|165\/380
|-heal|p2a: Hurr Durr|270\/414|[from] drain|[of] p1a: Chesnaught
|-damage|p2a: Hurr Durr|229\/414|[from] item: Life Orb
|
|-heal|p1a: Chesnaught|188\/380|[from] item: Leftovers
|turn|16
|
|switch|p2a: Laaaaaaaaati|Latios, M|192\/302 brn
|move|p1a: Chesnaught|Spiky Shield|p1a: Chesnaught
|-fail|p1a: Chesnaught
|
|-heal|p1a: Chesnaught|211\/380|[from] item: Leftovers
|-damage|p2a: Laaaaaaaaati|155\/302 brn|[from] brn
|turn|17
|
|move|p2a: Laaaaaaaaati|Psyshock|p1a: Chesnaught
|-supereffective|p1a: Chesnaught
|-damage|p1a: Chesnaught|29\/380
|move|p1a: Chesnaught|Spikes|p2a: Laaaaaaaaati
|-sidestart|p2: DNAde|Spikes
|
|-heal|p1a: Chesnaught|52\/380|[from] item: Leftovers
|-damage|p2a: Laaaaaaaaati|118\/302 brn|[from] brn
|turn|18
|
|switch|p2a: Dovahkiin|Sceptile-Mega, M, shiny|165\/282
|-damage|p2a: Dovahkiin|118\/282|[from] Spikes
|move|p1a: Chesnaught|Spiky Shield|p1a: Chesnaught
|-fail|p1a: Chesnaught
|
|-heal|p1a: Chesnaught|75\/380|[from] item: Leftovers
|turn|19
|
|switch|p1a: Excadrill|Excadrill, M|377\/377
|-ability|p1a: Excadrill|Mold Breaker
|move|p2a: Dovahkiin|Giga Drain|p1a: Excadrill
|-damage|p1a: Excadrill|157\/377
|-heal|p2a: Dovahkiin|228\/282|[from] drain|[of] p1a: Excadrill
|
|turn|20
|
|switch|p2a: Reverse|Rotom-Wash|304\/304
|move|p1a: Excadrill|Iron Head|p2a: Reverse
|-resisted|p2a: Reverse
|-damage|p2a: Reverse|276\/304
|
|-heal|p2a: Reverse|295\/304|[from] item: Leftovers
|turn|21
|
|switch|p1a: Diancie|Diancie|241\/241
|move|p2a: Reverse|Will-O-Wisp|p1a: Diancie|[miss]
|-miss|p2a: Reverse|p1a: Diancie
|
|-heal|p2a: Reverse|304\/304|[from] item: Leftovers
|turn|22
|
|detailschange|p1a: Diancie|Diancie-Mega
|message|Diancie has Mega Evolved into Mega Diancie!
|move|p1a: Diancie|Stealth Rock|p2a: Reverse
|-sidestart|p2: DNAde|move: Stealth Rock
|move|p2a: Reverse|Hydro Pump|p1a: Diancie
|-supereffective|p1a: Diancie
|-damage|p1a: Diancie|11\/241
|
|turn|23
|
|move|p1a: Diancie|Moonblast|p2a: Reverse
|-damage|p2a: Reverse|123\/304
|-unboost|p2a: Reverse|spa|1
|move|p2a: Reverse|Volt Switch|p1a: Diancie
|-damage|p1a: Diancie|0 fnt
|faint|p1a: Diancie
|
|switch|p2a: Laaaaaaaaati|Latios, M|118\/302 brn
|-damage|p2a: Laaaaaaaaati|81\/302 brn|[from] Stealth Rock
|
|-damage|p2a: Laaaaaaaaati|44\/302 brn|[from] brn
|
|switch|p1a: Excadrill|Excadrill, M|157\/377
|-ability|p1a: Excadrill|Mold Breaker
|turn|24
|
|move|p2a: Laaaaaaaaati|Defog|p1a: Excadrill
|-unboost|p1a: Excadrill|evasion|1
|-sideend|p2: DNAde|Spikes|[from] move: Defog|[of] p2a: Laaaaaaaaati
|-sideend|p2: DNAde|Stealth Rock|[from] move: Defog|[of] p2a: Laaaaaaaaati
|move|p1a: Excadrill|Earthquake|p2a: Laaaaaaaaati
|-damage|p2a: Laaaaaaaaati|0 fnt
|faint|p2a: Laaaaaaaaati
|
|
|switch|p2a: ChinaPWN|Gyarados, M|347\/347
|-ability|p2a: ChinaPWN|Intimidate|[of] p1a: Excadrill
|-unboost|p1a: Excadrill|atk|1
|turn|25
|
|switch|p1a: Rotom-Wash|Rotom-Wash|303\/303
|switch|p2a: Dovahkiin|Sceptile-Mega, M, shiny|228\/282
|
|turn|26
|
|move|p2a: Dovahkiin|Substitute|p2a: Dovahkiin
|-start|p2a: Dovahkiin|Substitute
|-damage|p2a: Dovahkiin|158\/282
|move|p1a: Rotom-Wash|Will-O-Wisp|p2a: Dovahkiin
|
|turn|27
|
|move|p2a: Dovahkiin|Giga Drain|p1a: Rotom-Wash
|-supereffective|p1a: Rotom-Wash
|-damage|p1a: Rotom-Wash|49\/303
|-heal|p2a: Dovahkiin|282\/282|[from] drain|[of] p1a: Rotom-Wash
|move|p1a: Rotom-Wash|Hidden Power|p2a: Dovahkiin
|-crit|p2a: Dovahkiin
|-end|p2a: Dovahkiin|Substitute
|
|-heal|p1a: Rotom-Wash|67\/303|[from] item: Leftovers
|turn|28
|
|move|p2a: Dovahkiin|Substitute|p2a: Dovahkiin
|-start|p2a: Dovahkiin|Substitute
|-damage|p2a: Dovahkiin|212\/282
|move|p1a: Rotom-Wash|Hidden Power|p2a: Dovahkiin
|-activate|p2a: Dovahkiin|Substitute|[damage]
|
|-heal|p1a: Rotom-Wash|85\/303|[from] item: Leftovers
|turn|29
|-message|Feyitomi forfeited.
|
|win|DNAde
|raw|Ladder updating...
|leave|Feyitomi
|player|p1
|c|âDNAde|gg
|raw|Feyitomi's rating: 1475 &rarr; <strong>1450<\/strong><br \/>(-25 for losing)
|raw|DNAde's rating: 1391 &rarr; <strong>1415<\/strong><br \/>(+24 for winning)