|join|Aka DH
|join|Feyitomi
|player|p1|Aka DH|288
|player|p2|Feyitomi|169
|gametype|singles
|gen|6
|tier|OU
|rated
|clearpoke
|poke|p1|Bisharp, F
|poke|p1|Venusaur, M
|poke|p1|Heatran, M
|poke|p1|Keldeo
|poke|p1|Chansey, F
|poke|p1|Skarmory, F
|poke|p2|Altaria, F
|poke|p2|Heatran, M
|poke|p2|Keldeo
|poke|p2|Diggersby, F
|poke|p2|Zapdos
|poke|p2|Weavile, M
|rule|Swagger Clause: Swagger is banned
|rule|Baton Pass Clause: Limit one PokÃ©mon knowing Baton Pass
|rule|Sleep Clause Mod: Limit one foe put to sleep
|rule|Species Clause: Limit one of each PokÃ©mon
|rule|OHKO Clause: OHKO moves are banned
|rule|Moody Clause: Moody is banned
|rule|Evasion Moves Clause: Evasion moves are banned
|rule|Endless Battle Clause: Forcing endless battles is banned
|rule|HP Percentage Mod: HP is shown in percentages
|teampreview
|
|start
|switch|p1a: Venusaur|Venusaur, M|364\/364
|switch|p2a: Heatran|Heatran, M|337\/337
|-item|p2a: Heatran|Air Balloon
|turn|1
|
|switch|p1a: Heatran|Heatran, M|340\/340
|-item|p1a: Heatran|Air Balloon
|move|p2a: Heatran|Stealth Rock|p1a: Heatran
|-sidestart|p1: Aka DH|move: Stealth Rock
|
|turn|2
|
|switch|p2a: Keldeo|Keldeo|323\/323
|move|p1a: Heatran|Stealth Rock|p2a: Keldeo
|-sidestart|p2: Feyitomi|move: Stealth Rock
|
|turn|3
|
|switch|p1a: Venusaur|Venusaur, M|364\/364
|-damage|p1a: Venusaur|319\/364|[from] Stealth Rock
|move|p2a: Keldeo|Scald|p1a: Venusaur
|-resisted|p1a: Venusaur
|-damage|p1a: Venusaur|204\/364
|
|turn|4
|
|switch|p2a: Diggersby|Diggersby, F|311\/311
|-damage|p2a: Diggersby|292\/311|[from] Stealth Rock
|detailschange|p1a: Venusaur|Venusaur-Mega, M
|message|Venusaur has Mega Evolved into Mega Venusaur!
|move|p1a: Venusaur|Synthesis|p1a: Venusaur
|-heal|p1a: Venusaur|364\/364
|
|turn|5
|
|move|p2a: Diggersby|U-turn|p1a: Venusaur
|-damage|p1a: Venusaur|305\/364
|
|switch|p2a: Zapdos|Zapdos|383\/383
|-damage|p2a: Zapdos|288\/383|[from] Stealth Rock
|-ability|p2a: Zapdos|Pressure
|move|p1a: Venusaur|Giga Drain|p2a: Zapdos
|-resisted|p2a: Zapdos
|-damage|p2a: Zapdos|234\/383
|-heal|p1a: Venusaur|332\/364|[from] drain|[of] p2a: Zapdos
|
|-heal|p2a: Zapdos|257\/383|[from] item: Leftovers
|turn|6
|
|switch|p1a: Heatran|Heatran, M|340\/340
|-damage|p1a: Heatran|298\/340|[from] Stealth Rock
|-item|p1a: Heatran|Air Balloon
|move|p2a: Zapdos|Roost|p2a: Zapdos
|-heal|p2a: Zapdos|383\/383
|
|turn|7
|
|move|p1a: Heatran|Toxic|p2a: Zapdos
|-status|p2a: Zapdos|tox
|move|p2a: Zapdos|Thunderbolt|p1a: Heatran
|-crit|p1a: Heatran
|-damage|p1a: Heatran|105\/340
|-enditem|p1a: Heatran|Air Balloon
|
|-damage|p2a: Zapdos|360\/383 tox|[from] psn
|turn|8
|
|move|p1a: Heatran|Fire Blast|p2a: Zapdos
|-damage|p2a: Zapdos|188\/383 tox
|move|p2a: Zapdos|Defog|p1a: Heatran
|-unboost|p1a: Heatran|evasion|1
|-sideend|p1: Aka DH|Stealth Rock|[from] move: Defog|[of] p1a: Heatran
|-sideend|p2: Feyitomi|Stealth Rock|[from] move: Defog|[of] p2a: Zapdos
|
|-heal|p2a: Zapdos|211\/383 tox|[from] item: Leftovers
|-damage|p2a: Zapdos|165\/383 tox|[from] psn
|turn|9
|
|move|p1a: Heatran|Stealth Rock|p2a: Zapdos
|-sidestart|p2: Feyitomi|move: Stealth Rock
|move|p2a: Zapdos|Roost|p2a: Zapdos
|-heal|p2a: Zapdos|357\/383 tox
|
|-heal|p2a: Zapdos|380\/383 tox|[from] item: Leftovers
|-damage|p2a: Zapdos|311\/383 tox|[from] psn
|turn|10
|
|move|p1a: Heatran|Fire Blast|p2a: Zapdos
|-crit|p2a: Zapdos
|-damage|p2a: Zapdos|61\/383 tox
|move|p2a: Zapdos|Thunderbolt|p1a: Heatran
|-damage|p1a: Heatran|0 fnt
|faint|p1a: Heatran
|
|-heal|p2a: Zapdos|84\/383 tox|[from] item: Leftovers
|-damage|p2a: Zapdos|0 fnt|[from] psn
|faint|p2a: Zapdos
|
|switch|p2a: Keldeo|Keldeo|323\/323
|switch|p1a: Keldeo|Keldeo|323\/323
|-damage|p2a: Keldeo|303\/323|[from] Stealth Rock
|turn|11
|
|switch|p1a: Venusaur|Venusaur-Mega, M|332\/364
|move|p2a: Keldeo|Secret Sword|p1a: Venusaur
|-crit|p1a: Venusaur
|-resisted|p1a: Venusaur
|-damage|p1a: Venusaur|230\/364
|
|turn|12
|
|switch|p2a: Heatran|Heatran, M|337\/337
|-damage|p2a: Heatran|295\/337|[from] Stealth Rock
|-item|p2a: Heatran|Air Balloon
|move|p1a: Venusaur|Leech Seed|p2a: Heatran
|-start|p2a: Heatran|move: Leech Seed
|
|-damage|p2a: Heatran|253\/337|[from] Leech Seed|[of] p1a: Venusaur
|-heal|p1a: Venusaur|272\/364|[silent]
|turn|13
|
|move|p2a: Heatran|Stealth Rock|p1a: Venusaur
|-sidestart|p1: Aka DH|move: Stealth Rock
|move|p1a: Venusaur|Giga Drain|p2a: Heatran
|-resisted|p2a: Heatran
|-damage|p2a: Heatran|231\/337
|-heal|p1a: Venusaur|283\/364|[from] drain|[of] p2a: Heatran
|-enditem|p2a: Heatran|Air Balloon
|
|-damage|p2a: Heatran|189\/337|[from] Leech Seed|[of] p1a: Venusaur
|-heal|p1a: Venusaur|325\/364|[silent]
|turn|14
|
|switch|p1a: Keldeo|Keldeo|323\/323
|-damage|p1a: Keldeo|303\/323|[from] Stealth Rock
|move|p2a: Heatran|Fire Blast|p1a: Keldeo
|-resisted|p1a: Keldeo
|-damage|p1a: Keldeo|195\/323
|
|-heal|p1a: Keldeo|215\/323|[from] item: Leftovers
|-damage|p2a: Heatran|147\/337|[from] Leech Seed|[of] p1a: Keldeo
|-heal|p1a: Keldeo|257\/323|[silent]
|turn|15
|
|move|p1a: Keldeo|Icy Wind|p2a: Heatran
|-resisted|p2a: Heatran
|-damage|p2a: Heatran|132\/337
|-unboost|p2a: Heatran|spe|1
|move|p2a: Heatran|Fire Blast|p1a: Keldeo
|-resisted|p1a: Keldeo
|-damage|p1a: Keldeo|155\/323
|
|-heal|p1a: Keldeo|175\/323|[from] item: Leftovers
|-damage|p2a: Heatran|90\/337|[from] Leech Seed|[of] p1a: Keldeo
|-heal|p1a: Keldeo|217\/323|[silent]
|turn|16
|
|move|p1a: Keldeo|Scald|p2a: Heatran
|-supereffective|p2a: Heatran
|-damage|p2a: Heatran|0 fnt
|faint|p2a: Heatran
|
|-heal|p1a: Keldeo|237\/323|[from] item: Leftovers
|
|switch|p2a: Diggersby|Diggersby, F|292\/311
|-damage|p2a: Diggersby|273\/311|[from] Stealth Rock
|turn|17
|
|switch|p1a: Skarmory|Skarmory, F|334\/334
|-damage|p1a: Skarmory|293\/334|[from] Stealth Rock
|move|p2a: Diggersby|U-turn|p1a: Skarmory
|-resisted|p1a: Skarmory
|-damage|p1a: Skarmory|277\/334
|-damage|p2a: Diggersby|222\/311|[from] item: Rocky Helmet|[of] p1a: Skarmory
|
|switch|p2a: Keldeo|Keldeo|303\/323
|-damage|p2a: Keldeo|283\/323|[from] Stealth Rock
|
|turn|18
|
|switch|p1a: Venusaur|Venusaur-Mega, M|325\/364
|-damage|p1a: Venusaur|280\/364|[from] Stealth Rock
|move|p2a: Keldeo|Hydro Pump|p1a: Venusaur
|-resisted|p1a: Venusaur
|-damage|p1a: Venusaur|151\/364
|
|turn|19
|
|move|p2a: Keldeo|Hydro Pump|p1a: Venusaur
|-resisted|p1a: Venusaur
|-damage|p1a: Venusaur|20\/364
|move|p1a: Venusaur|Synthesis|p1a: Venusaur
|-heal|p1a: Venusaur|202\/364
|
|turn|20
|
|switch|p2a: Diggersby|Diggersby, F|222\/311
|-damage|p2a: Diggersby|203\/311|[from] Stealth Rock
|move|p1a: Venusaur|Synthesis|p1a: Venusaur
|-heal|p1a: Venusaur|364\/364
|
|turn|21
|
|move|p2a: Diggersby|Return|p1a: Venusaur
|-damage|p1a: Venusaur|220\/364
|move|p1a: Venusaur|Giga Drain|p2a: Diggersby
|-supereffective|p2a: Diggersby
|-damage|p2a: Diggersby|0 fnt
|-heal|p1a: Venusaur|322\/364|[from] drain|[of] p2a: Diggersby
|faint|p2a: Diggersby
|
|
|switch|p2a: Weavile|Weavile, M|281\/281
|-damage|p2a: Weavile|211\/281|[from] Stealth Rock
|-ability|p2a: Weavile|Pressure
|turn|22
|
|move|p2a: Weavile|Icicle Crash|p1a: Venusaur
|-supereffective|p1a: Venusaur
|-damage|p1a: Venusaur|197\/364
|-damage|p2a: Weavile|183\/281|[from] item: Life Orb
|cant|p1a: Venusaur|flinch
|
|turn|23
|
|move|p2a: Weavile|Icicle Crash|p1a: Venusaur
|-supereffective|p1a: Venusaur
|-damage|p1a: Venusaur|88\/364
|-damage|p2a: Weavile|155\/281|[from] item: Life Orb
|cant|p1a: Venusaur|flinch
|
|turn|24
|
|move|p2a: Weavile|Knock Off|p1a: Venusaur
|-damage|p1a: Venusaur|5\/364
|-damage|p2a: Weavile|127\/281|[from] item: Life Orb
|move|p1a: Venusaur|Synthesis|p1a: Venusaur
|-heal|p1a: Venusaur|187\/364
|
|turn|25
|join|Arcanine is Regal
|-message|Feyitomi forfeited.
|
|win|Aka DH
|raw|Ladder updating...
|leave|Feyitomi
|player|p2
|raw|Aka DH's rating: 1674 &rarr; <strong>1687<\/strong><br \/>(+13 for winning)
|raw|Feyitomi's rating: 1551 &rarr; <strong>1538<\/strong><br \/>(-13 for losing)