|join|feyitomi
|join|lil manaphy
|player|p1|feyitomi|214
|player|p2|lil manaphy|104
|gametype|singles
|gen|6
|tier|OU
|rated
|clearpoke
|poke|p1|Breloom, M
|poke|p1|Greninja, M
|poke|p1|Clefable, F
|poke|p1|Garchomp, F
|poke|p1|Pinsir, F
|poke|p1|Zapdos
|poke|p2|Scizor, F
|poke|p2|Zapdos
|poke|p2|Gothitelle, F
|poke|p2|Chansey, F
|poke|p2|Alomomola, F
|poke|p2|Cresselia, F
|rule|Swagger Clause: Swagger is banned
|rule|Baton Pass Clause: Limit one PokÃ©mon knowing Baton Pass
|rule|Sleep Clause Mod: Limit one foe put to sleep
|rule|Species Clause: Limit one of each PokÃ©mon
|rule|OHKO Clause: OHKO moves are banned
|rule|Moody Clause: Moody is banned
|rule|Evasion Moves Clause: Evasion moves are banned
|rule|Endless Battle Clause: Forcing endless battles is banned
|rule|HP Percentage Mod: HP is shown in percentages
|teampreview
|
|start
|switch|p1a: Zapdos|Zapdos|383\/383
|switch|p2a: Gothitelle|Gothitelle, F|301\/301
|-ability|p1a: Zapdos|Pressure
|turn|1
|join|Alldaalts
|
|switch|p2a: Chansey|Chansey, F|704\/704
|move|p1a: Zapdos|Thunderbolt|p2a: Chansey
|-crit|p2a: Chansey
|-damage|p2a: Chansey|565\/704
|
|turn|2
|
|switch|p1a: Clefable|Clefable, F|394\/394
|move|p2a: Chansey|Stealth Rock|p1a: Clefable
|-sidestart|p1: feyitomi|move: Stealth Rock
|
|turn|3
|
|switch|p2a: Gothitelle|Gothitelle, F|301\/301
|move|p1a: Clefable|Stealth Rock|p2a: Gothitelle
|-sidestart|p2: lil manaphy|move: Stealth Rock
|
|turn|4
|
|move|p2a: Gothitelle|Trick|p1a: Clefable
|-activate|p2a: Gothitelle|move: Trick|[of] p1a: Clefable
|-item|p1a: Clefable|Choice Scarf|[from] move: Trick
|-item|p2a: Gothitelle|Leftovers|[from] move: Trick
|move|p1a: Clefable|Moonblast|p2a: Gothitelle
|-damage|p2a: Gothitelle|201\/301
|-unboost|p2a: Gothitelle|spa|1
|
|-heal|p2a: Gothitelle|219\/301|[from] item: Leftovers
|turn|5
|
|move|p2a: Gothitelle|Calm Mind|p2a: Gothitelle
|-boost|p2a: Gothitelle|spa|1
|-boost|p2a: Gothitelle|spd|1
|move|p1a: Clefable|Moonblast|p2a: Gothitelle
|-damage|p2a: Gothitelle|120\/301
|-unboost|p2a: Gothitelle|spa|1
|
|-heal|p2a: Gothitelle|138\/301|[from] item: Leftovers
|turn|6
|
|move|p2a: Gothitelle|Calm Mind|p2a: Gothitelle
|-boost|p2a: Gothitelle|spa|1
|-boost|p2a: Gothitelle|spd|1
|move|p1a: Clefable|Moonblast|p2a: Gothitelle
|-damage|p2a: Gothitelle|42\/301
|-unboost|p2a: Gothitelle|spa|1
|
|-heal|p2a: Gothitelle|60\/301|[from] item: Leftovers
|turn|7
|
|move|p2a: Gothitelle|Rest|p2a: Gothitelle
|-status|p2a: Gothitelle|slp
|-heal|p2a: Gothitelle|301\/301 slp|[silent]
|-status|p2a: Gothitelle|slp|[from] move: Rest
|move|p1a: Clefable|Moonblast|p2a: Gothitelle
|-damage|p2a: Gothitelle|202\/301 slp
|-unboost|p2a: Gothitelle|spa|1
|
|-heal|p2a: Gothitelle|220\/301 slp|[from] item: Leftovers
|turn|8
|
|cant|p2a: Gothitelle|slp
|move|p1a: Clefable|Moonblast|p2a: Gothitelle
|-damage|p2a: Gothitelle|120\/301 slp
|-unboost|p2a: Gothitelle|spa|1
|
|-heal|p2a: Gothitelle|138\/301 slp|[from] item: Leftovers
|turn|9
|
|cant|p2a: Gothitelle|slp
|move|p1a: Clefable|Moonblast|p2a: Gothitelle
|-damage|p2a: Gothitelle|47\/301 slp
|
|-heal|p2a: Gothitelle|65\/301 slp|[from] item: Leftovers
|turn|10
|
|-curestatus|p2a: Gothitelle|slp
|move|p2a: Gothitelle|Rest|p2a: Gothitelle
|-status|p2a: Gothitelle|slp
|-heal|p2a: Gothitelle|301\/301 slp|[silent]
|-status|p2a: Gothitelle|slp|[from] move: Rest
|move|p1a: Clefable|Moonblast|p2a: Gothitelle
|-damage|p2a: Gothitelle|201\/301 slp
|-unboost|p2a: Gothitelle|spa|1
|
|-heal|p2a: Gothitelle|219\/301 slp|[from] item: Leftovers
|turn|11
|join|tele
|
|cant|p2a: Gothitelle|slp
|move|p1a: Clefable|Moonblast|p2a: Gothitelle
|-damage|p2a: Gothitelle|111\/301 slp
|
|-heal|p2a: Gothitelle|129\/301 slp|[from] item: Leftovers
|turn|12
|
|cant|p2a: Gothitelle|slp
|move|p1a: Clefable|Moonblast|p2a: Gothitelle
|-damage|p2a: Gothitelle|29\/301 slp
|
|-heal|p2a: Gothitelle|47\/301 slp|[from] item: Leftovers
|turn|13
|
|-curestatus|p2a: Gothitelle|slp
|move|p2a: Gothitelle|Rest|p2a: Gothitelle
|-status|p2a: Gothitelle|slp
|-heal|p2a: Gothitelle|301\/301 slp|[silent]
|-status|p2a: Gothitelle|slp|[from] move: Rest
|move|p1a: Clefable|Moonblast|p2a: Gothitelle
|-damage|p2a: Gothitelle|204\/301 slp
|-unboost|p2a: Gothitelle|spa|1
|
|-heal|p2a: Gothitelle|222\/301 slp|[from] item: Leftovers
|turn|14
|c| tele|wut
|c| tele|0.29
|c| tele|what a joke
|
|cant|p2a: Gothitelle|slp
|move|p1a: Clefable|Moonblast|p2a: Gothitelle
|-damage|p2a: Gothitelle|131\/301 slp
|-unboost|p2a: Gothitelle|spa|1
|
|-heal|p2a: Gothitelle|149\/301 slp|[from] item: Leftovers
|turn|15
|
|cant|p2a: Gothitelle|slp
|move|p1a: Clefable|Moonblast|p2a: Gothitelle
|-crit|p2a: Gothitelle
|-damage|p2a: Gothitelle|13\/301 slp
|
|-heal|p2a: Gothitelle|31\/301 slp|[from] item: Leftovers
|turn|16
|
|-curestatus|p2a: Gothitelle|slp
|move|p2a: Gothitelle|Rest|p2a: Gothitelle
|-status|p2a: Gothitelle|slp
|-heal|p2a: Gothitelle|301\/301 slp|[silent]
|-status|p2a: Gothitelle|slp|[from] move: Rest
|move|p1a: Clefable|Moonblast|p2a: Gothitelle
|-damage|p2a: Gothitelle|195\/301 slp
|
|-heal|p2a: Gothitelle|213\/301 slp|[from] item: Leftovers
|turn|17
|
|cant|p2a: Gothitelle|slp
|move|p1a: Clefable|Moonblast|p2a: Gothitelle
|-damage|p2a: Gothitelle|116\/301 slp
|
|-heal|p2a: Gothitelle|134\/301 slp|[from] item: Leftovers
|turn|18
|
|cant|p2a: Gothitelle|slp
|move|p1a: Clefable|Moonblast|p2a: Gothitelle
|-damage|p2a: Gothitelle|43\/301 slp
|
|-heal|p2a: Gothitelle|61\/301 slp|[from] item: Leftovers
|turn|19
|
|-curestatus|p2a: Gothitelle|slp
|move|p2a: Gothitelle|Rest|p2a: Gothitelle
|-status|p2a: Gothitelle|slp
|-heal|p2a: Gothitelle|301\/301 slp|[silent]
|-status|p2a: Gothitelle|slp|[from] move: Rest
|move|p1a: Clefable|Moonblast|p2a: Gothitelle
|-damage|p2a: Gothitelle|196\/301 slp
|
|-heal|p2a: Gothitelle|214\/301 slp|[from] item: Leftovers
|turn|20
|
|cant|p2a: Gothitelle|slp
|move|p1a: Clefable|Moonblast|p2a: Gothitelle
|-damage|p2a: Gothitelle|123\/301 slp
|
|-heal|p2a: Gothitelle|141\/301 slp|[from] item: Leftovers
|turn|21
|
|cant|p2a: Gothitelle|slp
|move|p1a: Clefable|Moonblast|p2a: Gothitelle
|-damage|p2a: Gothitelle|44\/301 slp
|
|-heal|p2a: Gothitelle|62\/301 slp|[from] item: Leftovers
|turn|22
|
|-curestatus|p2a: Gothitelle|slp
|move|p2a: Gothitelle|Rest|p2a: Gothitelle
|-status|p2a: Gothitelle|slp
|-heal|p2a: Gothitelle|301\/301 slp|[silent]
|-status|p2a: Gothitelle|slp|[from] move: Rest
|move|p1a: Clefable|Moonblast|p2a: Gothitelle
|-damage|p2a: Gothitelle|198\/301 slp
|
|-heal|p2a: Gothitelle|216\/301 slp|[from] item: Leftovers
|turn|23
|
|cant|p2a: Gothitelle|slp
|move|p1a: Clefable|Moonblast|p2a: Gothitelle
|-damage|p2a: Gothitelle|125\/301 slp
|
|-heal|p2a: Gothitelle|143\/301 slp|[from] item: Leftovers
|turn|24
|
|cant|p2a: Gothitelle|slp
|move|p1a: Clefable|Moonblast|p2a: Gothitelle
|-damage|p2a: Gothitelle|52\/301 slp
|
|-heal|p2a: Gothitelle|70\/301 slp|[from] item: Leftovers
|turn|25
|
|-curestatus|p2a: Gothitelle|slp
|move|p2a: Gothitelle|Rest|p2a: Gothitelle
|-status|p2a: Gothitelle|slp
|-heal|p2a: Gothitelle|301\/301 slp|[silent]
|-status|p2a: Gothitelle|slp|[from] move: Rest
|move|p1a: Clefable|Moonblast|p2a: Gothitelle
|-damage|p2a: Gothitelle|193\/301 slp
|
|-heal|p2a: Gothitelle|211\/301 slp|[from] item: Leftovers
|turn|26
|
|cant|p2a: Gothitelle|slp
|move|p1a: Clefable|Moonblast|p2a: Gothitelle
|-damage|p2a: Gothitelle|118\/301 slp
|
|-heal|p2a: Gothitelle|136\/301 slp|[from] item: Leftovers
|turn|27
|
|cant|p2a: Gothitelle|slp
|move|p1a: Clefable|Moonblast|p2a: Gothitelle
|-damage|p2a: Gothitelle|33\/301 slp
|
|-heal|p2a: Gothitelle|51\/301 slp|[from] item: Leftovers
|turn|28
|
|-curestatus|p2a: Gothitelle|slp
|move|p2a: Gothitelle|Rest|p2a: Gothitelle
|-status|p2a: Gothitelle|slp
|-heal|p2a: Gothitelle|301\/301 slp|[silent]
|-status|p2a: Gothitelle|slp|[from] move: Rest
|-activate|p1a: Clefable|move: Struggle
|move|p1a: Clefable|Struggle|p2a: Gothitelle
|-damage|p2a: Gothitelle|275\/301 slp
|-damage|p1a: Clefable|296\/394
|
|-heal|p2a: Gothitelle|293\/301 slp|[from] item: Leftovers
|turn|29
|
|cant|p2a: Gothitelle|slp
|-activate|p1a: Clefable|move: Struggle
|move|p1a: Clefable|Struggle|p2a: Gothitelle
|-damage|p2a: Gothitelle|271\/301 slp
|-damage|p1a: Clefable|198\/394
|
|-heal|p2a: Gothitelle|289\/301 slp|[from] item: Leftovers
|turn|30
|
|cant|p2a: Gothitelle|slp
|-activate|p1a: Clefable|move: Struggle
|move|p1a: Clefable|Struggle|p2a: Gothitelle
|-damage|p2a: Gothitelle|264\/301 slp
|-damage|p1a: Clefable|100\/394
|
|-heal|p2a: Gothitelle|282\/301 slp|[from] item: Leftovers
|turn|31
|
|-curestatus|p2a: Gothitelle|slp
|move|p2a: Gothitelle|Calm Mind|p2a: Gothitelle
|-boost|p2a: Gothitelle|spa|1
|-boost|p2a: Gothitelle|spd|1
|-activate|p1a: Clefable|move: Struggle
|move|p1a: Clefable|Struggle|p2a: Gothitelle
|-damage|p2a: Gothitelle|259\/301
|-damage|p1a: Clefable|2\/394
|
|-heal|p2a: Gothitelle|277\/301|[from] item: Leftovers
|turn|32
|
|move|p2a: Gothitelle|Trick|p1a: Clefable
|-activate|p2a: Gothitelle|move: Trick|[of] p1a: Clefable
|-item|p1a: Clefable|Leftovers|[from] move: Trick
|-item|p2a: Gothitelle|Choice Scarf|[from] move: Trick
|-activate|p1a: Clefable|move: Struggle
|move|p1a: Clefable|Struggle|p2a: Gothitelle
|-damage|p2a: Gothitelle|254\/301
|-damage|p1a: Clefable|0 fnt
|faint|p1a: Clefable
|
|
|switch|p1a: Pinsir|Pinsir, F|271\/271
|-damage|p1a: Pinsir|204\/271|[from] Stealth Rock
|turn|33
|
|switch|p2a: Zapdos|Zapdos|384\/384
|-damage|p2a: Zapdos|288\/384|[from] Stealth Rock
|-ability|p2a: Zapdos|Pressure
|detailschange|p1a: Pinsir|Pinsir-Mega, F
|message|Pinsir has Mega Evolved into Mega Pinsir!
|move|p1a: Pinsir|Swords Dance|p1a: Pinsir
|-boost|p1a: Pinsir|atk|2
|
|-heal|p2a: Zapdos|312\/384|[from] item: Leftovers
|turn|34
|
|move|p1a: Pinsir|Frustration|p2a: Zapdos
|-resisted|p2a: Zapdos
|-damage|p2a: Zapdos|68\/384
|move|p2a: Zapdos|Thunderbolt|p1a: Pinsir
|-supereffective|p1a: Pinsir
|-damage|p1a: Pinsir|0 fnt
|faint|p1a: Pinsir
|
|-heal|p2a: Zapdos|92\/384|[from] item: Leftovers
|
|switch|p1a: Greninja|Greninja, M|285\/285
|-damage|p1a: Greninja|250\/285|[from] Stealth Rock
|turn|35
|
|switch|p1a: Breloom|Breloom, M|261\/261
|-damage|p1a: Breloom|245\/261|[from] Stealth Rock
|switch|p2a: Chansey|Chansey, F|565\/704
|-damage|p2a: Chansey|477\/704|[from] Stealth Rock
|
|turn|36
|
|switch|p2a: Scizor|Scizor, F|281\/281
|-damage|p2a: Scizor|246\/281|[from] Stealth Rock
|move|p1a: Breloom|Spore|p2a: Scizor
|-status|p2a: Scizor|slp
|
|turn|37
|
|switch|p1a: Greninja|Greninja, M|250\/285
|-damage|p1a: Greninja|215\/285|[from] Stealth Rock
|detailschange|p2a: Scizor|Scizor-Mega, F
|message|Scizor has Mega Evolved into Mega Scizor!
|cant|p2a: Scizor|slp
|
|turn|38
|
|move|p1a: Greninja|Hydro Pump|p2a: Scizor
|-start|p1a: Greninja|typechange|Water|[from] Protean
|-damage|p2a: Scizor|39\/281 slp
|-damage|p1a: Greninja|187\/285|[from] item: Life Orb
|cant|p2a: Scizor|slp
|
|turn|39
|
|move|p1a: Greninja|Water Shuriken|p2a: Scizor
|-damage|p2a: Scizor|20\/281 slp
|-damage|p2a: Scizor|1\/281 slp
|-damage|p2a: Scizor|0 fnt
|-hitcount|p2a: Scizor|3
|-damage|p1a: Greninja|159\/285|[from] item: Life Orb
|faint|p2a: Scizor
|
|join|lmop ok kid
|c| tele|goth!
|
|switch|p2a: Chansey|Chansey, F|477\/704
|-damage|p2a: Chansey|389\/704|[from] Stealth Rock
|turn|40
|
|switch|p1a: Breloom|Breloom, M|245\/261
|-damage|p1a: Breloom|229\/261|[from] Stealth Rock
|move|p2a: Chansey|Soft-Boiled|p2a: Chansey
|-heal|p2a: Chansey|704\/704
|
|turn|41
|
|switch|p2a: Zapdos|Zapdos|92\/384
|-damage|p2a: Zapdos|0 fnt|[from] Stealth Rock
|faint|p2a: Zapdos
|move|p1a: Breloom|Spore|p2: Zapdos|[notarget]
|-notarget
|
|
|switch|p2a: Gothitelle|Gothitelle, F|254\/301
|-damage|p2a: Gothitelle|217\/301|[from] Stealth Rock
|turn|42
|c| tele|so gud
|
|move|p2a: Gothitelle|Psychic|p1a: Breloom
|-supereffective|p1a: Breloom
|-damage|p1a: Breloom|0 fnt
|faint|p1a: Breloom
|
|
|switch|p1a: Garchomp|Garchomp, F|358\/358
|-damage|p1a: Garchomp|336\/358|[from] Stealth Rock
|turn|43
|
|move|p1a: Garchomp|Outrage|p2a: Gothitelle
|-damage|p2a: Gothitelle|0 fnt
|faint|p2a: Gothitelle
|
|
|switch|p2a: Alomomola|Alomomola, F|534\/534
|-damage|p2a: Alomomola|468\/534|[from] Stealth Rock
|turn|44
|join|LT4A aim
|
|move|p1a: Garchomp|Outrage|p2a: Alomomola
|-damage|p2a: Alomomola|278\/534
|move|p2a: Alomomola|Toxic|p1a: Garchomp
|-status|p1a: Garchomp|tox
|
|-heal|p2a: Alomomola|311\/534|[from] item: Leftovers
|-damage|p1a: Garchomp|314\/358 tox|[from] psn
|turn|45
|
|move|p1a: Garchomp|Outrage|p2a: Alomomola
|-crit|p2a: Alomomola
|-damage|p2a: Alomomola|61\/534
|move|p2a: Alomomola|Wish|p2a: Alomomola
|
|-end|p1a: Garchomp|rampage
|-start|p1a: Garchomp|confusion
|-heal|p2a: Alomomola|94\/534|[from] item: Leftovers
|-damage|p1a: Garchomp|270\/358 tox|[from] psn
|turn|46
|
|move|p2a: Alomomola|Protect|p2a: Alomomola
|-singleturn|p2a: Alomomola|Protect
|-activate|p1a: Garchomp|confusion
|move|p1a: Garchomp|Outrage|p2a: Alomomola
|-activate|p2a: Alomomola|Protect
|
|-heal|p2a: Alomomola|361\/534|[from] move: Wish|[wisher] Alomomola
|-heal|p2a: Alomomola|394\/534|[from] item: Leftovers
|-damage|p1a: Garchomp|204\/358 tox|[from] psn
|turn|47
|
|switch|p1a: Zapdos|Zapdos|383\/383
|-damage|p1a: Zapdos|288\/383|[from] Stealth Rock
|-ability|p1a: Zapdos|Pressure
|move|p2a: Alomomola|Wish|p2a: Alomomola
|
|-heal|p1a: Zapdos|311\/383|[from] item: Leftovers
|-heal|p2a: Alomomola|427\/534|[from] item: Leftovers
|turn|48
|
|switch|p2a: Cresselia|Cresselia, F|444\/444
|-damage|p2a: Cresselia|389\/444|[from] Stealth Rock
|move|p1a: Zapdos|Defog|p2a: Cresselia
|-unboost|p2a: Cresselia|evasion|1
|-sideend|p2: lil manaphy|Stealth Rock|[from] move: Defog|[of] p2a: Cresselia
|-sideend|p1: feyitomi|Stealth Rock|[from] move: Defog|[of] p1a: Zapdos
|
|-heal|p2a: Cresselia|444\/444|[from] move: Wish|[wisher] Alomomola
|-heal|p1a: Zapdos|334\/383|[from] item: Leftovers
|turn|49
|
|move|p1a: Zapdos|Thunderbolt|p2a: Cresselia
|-damage|p2a: Cresselia|357\/444
|move|p2a: Cresselia|Toxic|p1a: Zapdos
|-status|p1a: Zapdos|tox
|
|-heal|p1a: Zapdos|357\/383 tox|[from] item: Leftovers
|-heal|p2a: Cresselia|384\/444|[from] item: Leftovers
|-damage|p1a: Zapdos|334\/383 tox|[from] psn
|turn|50
|-message|feyitomi forfeited.
|
|win|lil manaphy
|raw|Ladder updating...
|leave|feyitomi
|player|p1
|raw|feyitomi's rating: 1812 &rarr; <strong>1796<\/strong><br \/>(-16 for losing)
|raw|lil manaphy's rating: 1868 &rarr; <strong>1884<\/strong><br \/>(+16 for winning)
|leave|lmop ok kid