|join|newju
|join|Feyitomi
|player|p1|newju|101
|player|p2|Feyitomi|214
|gametype|singles
|gen|6
|tier|OU
|rated
|clearpoke
|poke|p1|Gyarados, M, shiny
|poke|p1|Raikou, shiny
|poke|p1|Landorus-Therian, M, shiny
|poke|p1|Jirachi, shiny
|poke|p1|Latios, M, shiny
|poke|p1|Victini
|poke|p2|Charizard, F, shiny
|poke|p2|Latios, M
|poke|p2|Bisharp, F, shiny
|poke|p2|Clefable, M
|poke|p2|Keldeo-Resolute
|poke|p2|Landorus-Therian, M
|rule|Swagger Clause: Swagger is banned
|rule|Baton Pass Clause: Limit one PokÃ©mon knowing Baton Pass
|rule|Sleep Clause Mod: Limit one foe put to sleep
|rule|Species Clause: Limit one of each PokÃ©mon
|rule|OHKO Clause: OHKO moves are banned
|rule|Moody Clause: Moody is banned
|rule|Evasion Moves Clause: Evasion moves are banned
|rule|Endless Battle Clause: Forcing endless battles is banned
|rule|HP Percentage Mod: HP is shown in percentages
|teampreview
|
|start
|switch|p1a: Victini|Victini|351\/351
|switch|p2a: Resolute Pony|Keldeo-Resolute|323\/323
|turn|1
|
|switch|p1a: Raikou|Raikou, shiny|321\/321
|-ability|p1a: Raikou|Pressure
|move|p2a: Resolute Pony|Scald|p1a: Raikou
|-damage|p1a: Raikou|192\/321
|
|turn|2
|
|switch|p2a: Earth Power|Landorus-Therian, M|381\/381
|-ability|p2a: Earth Power|Intimidate|[of] p1a: Raikou
|-unboost|p1a: Raikou|atk|1
|move|p1a: Raikou|Volt Switch|p2a: Earth Power
|-immune|p2a: Earth Power|[msg]
|
|turn|3
|
|switch|p2a: Dragon X|Charizard, F, shiny|315\/315
|move|p1a: Raikou|Hidden Power|p2a: Dragon X
|-damage|p2a: Dragon X|233\/315
|
|turn|4
|
|detailschange|p2a: Dragon X|Charizard-Mega-X, F, shiny
|message|Charizard has Mega Evolved into Mega Charizard!
|move|p1a: Raikou|Volt Switch|p2a: Dragon X
|-resisted|p2a: Dragon X
|-damage|p2a: Dragon X|164\/315
|
|switch|p1a: Landorus-Therian|Landorus-Therian, M, shiny|319\/319
|-ability|p1a: Landorus-Therian|Intimidate|[of] p2a: Dragon X
|-unboost|p2a: Dragon X|atk|1
|move|p2a: Dragon X|Dragon Dance|p2a: Dragon X
|-boost|p2a: Dragon X|atk|1
|-boost|p2a: Dragon X|spe|1
|
|turn|5
|
|move|p1a: Landorus-Therian|Stone Edge|p2a: Dragon X
|-supereffective|p2a: Dragon X
|-damage|p2a: Dragon X|0 fnt
|faint|p2a: Dragon X
|
|
|switch|p2a: Fairy Tail|Clefable, M|392\/392
|turn|6
|
|switch|p1a: Jirachi|Jirachi, shiny|404\/404
|move|p2a: Fairy Tail|Calm Mind|p2a: Fairy Tail
|-boost|p2a: Fairy Tail|spa|1
|-boost|p2a: Fairy Tail|spd|1
|
|turn|7
|
|move|p1a: Jirachi|Body Slam|p2a: Fairy Tail
|-damage|p2a: Fairy Tail|337\/392
|move|p2a: Fairy Tail|Fire Blast|p1a: Jirachi
|-supereffective|p1a: Jirachi
|-damage|p1a: Jirachi|216\/404
|
|-heal|p1a: Jirachi|241\/404|[from] item: Leftovers
|-heal|p2a: Fairy Tail|361\/392|[from] item: Leftovers
|turn|8
|
|move|p1a: Jirachi|Body Slam|p2a: Fairy Tail
|-damage|p2a: Fairy Tail|299\/392
|-status|p2a: Fairy Tail|par
|move|p2a: Fairy Tail|Calm Mind|p2a: Fairy Tail
|-boost|p2a: Fairy Tail|spa|1
|-boost|p2a: Fairy Tail|spd|1
|
|-heal|p1a: Jirachi|266\/404|[from] item: Leftovers
|-heal|p2a: Fairy Tail|323\/392 par|[from] item: Leftovers
|turn|9
|
|switch|p2a: Blue Power Ranger|Bisharp, F, shiny|272\/272
|move|p1a: Jirachi|Iron Head|p2a: Blue Power Ranger
|-resisted|p2a: Blue Power Ranger
|-damage|p2a: Blue Power Ranger|221\/272
|
|-heal|p1a: Jirachi|291\/404|[from] item: Leftovers
|turn|10
|
|move|p1a: Jirachi|Stealth Rock|p2a: Blue Power Ranger
|-sidestart|p2: Feyitomi|move: Stealth Rock
|move|p2a: Blue Power Ranger|Knock Off|p1a: Jirachi
|-supereffective|p1a: Jirachi
|-damage|p1a: Jirachi|0 fnt
|-enditem|p1a: Jirachi|Leftovers|[from] move: Knock Off|[of] p2a: Blue Power Ranger
|-damage|p2a: Blue Power Ranger|194\/272|[from] item: Life Orb
|faint|p1a: Jirachi
|
|
|switch|p1a: Raikou|Raikou, shiny|192\/321
|-ability|p1a: Raikou|Pressure
|turn|11
|
|move|p2a: Blue Power Ranger|Sucker Punch|p1a: Raikou
|-damage|p1a: Raikou|0 fnt
|-damage|p2a: Blue Power Ranger|167\/272|[from] item: Life Orb
|faint|p1a: Raikou
|
|
|switch|p1a: Victini|Victini|351\/351
|turn|12
|
|move|p2a: Blue Power Ranger|Sucker Punch|p1a: Victini
|-fail|p1a: Victini
|move|p1a: Victini|Substitute|p1a: Victini
|-start|p1a: Victini|Substitute
|-damage|p1a: Victini|264\/351
|
|-heal|p1a: Victini|285\/351|[from] item: Leftovers
|turn|13
|
|switch|p2a: Fairy Tail|Clefable, M|323\/392 par
|-damage|p2a: Fairy Tail|274\/392 par|[from] Stealth Rock
|move|p1a: Victini|Power-Up Punch|p2a: Fairy Tail
|-resisted|p2a: Fairy Tail
|-damage|p2a: Fairy Tail|256\/392 par
|-boost|p1a: Victini|atk|1
|
|-heal|p1a: Victini|306\/351|[from] item: Leftovers
|-heal|p2a: Fairy Tail|280\/392 par|[from] item: Leftovers
|turn|14
|
|move|p1a: Victini|V-create|p2a: Fairy Tail
|-damage|p2a: Fairy Tail|16\/392 par
|-unboost|p1a: Victini|def|1
|-unboost|p1a: Victini|spd|1
|-unboost|p1a: Victini|spe|1
|move|p2a: Fairy Tail|Moonblast|p1a: Victini
|-resisted|p1a: Victini
|-activate|p1a: Victini|Substitute|[damage]
|
|-heal|p1a: Victini|327\/351|[from] item: Leftovers
|-heal|p2a: Fairy Tail|40\/392 par|[from] item: Leftovers
|turn|15
|
|move|p1a: Victini|V-create|p2a: Fairy Tail
|-damage|p2a: Fairy Tail|0 fnt
|-unboost|p1a: Victini|def|1
|-unboost|p1a: Victini|spd|1
|-unboost|p1a: Victini|spe|1
|faint|p2a: Fairy Tail
|
|-heal|p1a: Victini|348\/351|[from] item: Leftovers
|
|switch|p2a: Keldeo Check|Latios, M|301\/301
|-damage|p2a: Keldeo Check|264\/301|[from] Stealth Rock
|turn|16
|
|move|p2a: Keldeo Check|Thunderbolt|p1a: Victini
|-end|p1a: Victini|Substitute
|-damage|p2a: Keldeo Check|234\/301|[from] item: Life Orb
|move|p1a: Victini|V-create|p2a: Keldeo Check
|-resisted|p2a: Keldeo Check
|-damage|p2a: Keldeo Check|0 fnt
|-unboost|p1a: Victini|def|1
|-unboost|p1a: Victini|spd|1
|-unboost|p1a: Victini|spe|1
|faint|p2a: Keldeo Check
|
|-heal|p1a: Victini|351\/351|[from] item: Leftovers
|
|switch|p2a: Earth Power|Landorus-Therian, M|381\/381
|-damage|p2a: Earth Power|334\/381|[from] Stealth Rock
|-ability|p2a: Earth Power|Intimidate|[of] p1a: Victini
|-unboost|p1a: Victini|atk|1
|turn|17
|
|switch|p1a: Gyarados|Gyarados, M, shiny|337\/337
|-ability|p1a: Gyarados|Intimidate|[of] p2a: Earth Power
|-unboost|p2a: Earth Power|atk|1
|move|p2a: Earth Power|Stealth Rock|p1a: Gyarados
|-sidestart|p1: newju|move: Stealth Rock
|
|-heal|p2a: Earth Power|357\/381|[from] item: Leftovers
|turn|18
|
|detailschange|p1a: Gyarados|Gyarados-Mega, M, shiny
|message|Gyarados has Mega Evolved into Mega Gyarados!
|-ability|p1a: Gyarados|Mold Breaker
|move|p2a: Earth Power|Stone Edge|p1a: Gyarados
|-crit|p1a: Gyarados
|-damage|p1a: Gyarados|199\/337
|move|p1a: Gyarados|Dragon Dance|p1a: Gyarados
|-boost|p1a: Gyarados|atk|1
|-boost|p1a: Gyarados|spe|1
|
|-heal|p2a: Earth Power|380\/381|[from] item: Leftovers
|turn|19
|
|move|p1a: Gyarados|Waterfall|p2a: Earth Power
|-supereffective|p2a: Earth Power
|-damage|p2a: Earth Power|0 fnt
|faint|p2a: Earth Power
|
|
|switch|p2a: Resolute Pony|Keldeo-Resolute|323\/323
|-damage|p2a: Resolute Pony|303\/323|[from] Stealth Rock
|turn|20
|
|move|p1a: Gyarados|Earthquake|p2a: Resolute Pony
|-damage|p2a: Resolute Pony|80\/323
|move|p2a: Resolute Pony|Secret Sword|p1a: Gyarados
|-supereffective|p1a: Gyarados
|-damage|p1a: Gyarados|0 fnt
|faint|p1a: Gyarados
|
|
|switch|p1a: Landorus-Therian|Landorus-Therian, M, shiny|319\/319
|-damage|p1a: Landorus-Therian|280\/319|[from] Stealth Rock
|-ability|p1a: Landorus-Therian|Intimidate|[of] p2a: Resolute Pony
|-unboost|p2a: Resolute Pony|atk|1
|turn|21
|
|move|p1a: Landorus-Therian|Earthquake|p2a: Resolute Pony
|-damage|p2a: Resolute Pony|0 fnt
|faint|p2a: Resolute Pony
|
|
|switch|p2a: Blue Power Ranger|Bisharp, F, shiny|167\/272
|-damage|p2a: Blue Power Ranger|150\/272|[from] Stealth Rock
|turn|22
|
|move|p2a: Blue Power Ranger|Sucker Punch|p1a: Landorus-Therian
|-damage|p1a: Landorus-Therian|73\/319
|-damage|p2a: Blue Power Ranger|123\/272|[from] item: Life Orb
|move|p1a: Landorus-Therian|Earthquake|p2a: Blue Power Ranger
|-supereffective|p2a: Blue Power Ranger
|-damage|p2a: Blue Power Ranger|0 fnt
|faint|p2a: Blue Power Ranger
|
|win|newju
|raw|Ladder updating...
|raw|newju's rating: 1635 &rarr; <strong>1656<\/strong><br \/>(+21 for winning)
|raw|Feyitomi's rating: 1662 &rarr; <strong>1641<\/strong><br \/>(-21 for losing)