|join|Void123
|join|Unbe
|player|p1|Void123|214
|player|p2|Unbe|101
|gametype|singles
|gen|6
|tier|OU
|rated
|clearpoke
|poke|p1|Ampharos, M
|poke|p1|Gothitelle, M
|poke|p1|Skarmory, M
|poke|p1|Azumarill, F
|poke|p1|Gengar, F
|poke|p1|Landorus-Therian, M
|poke|p2|Amoonguss, M, shiny
|poke|p2|Medicham, F, shiny
|poke|p2|Skarmory, M
|poke|p2|Chansey, F, shiny
|poke|p2|Tyranitar, F
|poke|p2|Gliscor, M, shiny
|rule|Swagger Clause: Swagger is banned
|rule|Baton Pass Clause: Limit one PokÃ©mon knowing Baton Pass
|rule|Sleep Clause Mod: Limit one foe put to sleep
|rule|Species Clause: Limit one of each PokÃ©mon
|rule|OHKO Clause: OHKO moves are banned
|rule|Moody Clause: Moody is banned
|rule|Evasion Moves Clause: Evasion moves are banned
|rule|Endless Battle Clause: Forcing endless battles is banned
|rule|HP Percentage Mod: HP is shown in percentages
|teampreview
|
|start
|switch|p1a: Skarmory|Skarmory, M|334\/334
|switch|p2a: Skarmory|Skarmory, M|334\/334
|turn|1
|
|move|p2a: Skarmory|Taunt|p1a: Skarmory
|-start|p1a: Skarmory|move: Taunt
|cant|p1a: Skarmory|move: Taunt|Stealth Rock
|
|turn|2
|
|switch|p1a: Gengar|Gengar, F|268\/268
|move|p2a: Skarmory|Brave Bird|p1a: Gengar
|-damage|p1a: Gengar|87\/268
|-damage|p2a: Skarmory|274\/334|[from] recoil|[of] p1a: Gengar
|
|-heal|p1a: Gengar|103\/268|[from] item: Black Sludge
|turn|3
|
|move|p1a: Gengar|Will-O-Wisp|p2a: Skarmory
|-status|p2a: Skarmory|brn
|move|p2a: Skarmory|Brave Bird|p1a: Gengar
|-damage|p1a: Gengar|16\/268
|-damage|p2a: Skarmory|245\/334 brn|[from] recoil|[of] p1a: Gengar
|
|-heal|p1a: Gengar|32\/268|[from] item: Black Sludge
|-damage|p2a: Skarmory|204\/334 brn|[from] brn
|turn|4
|
|switch|p1a: Ampharos|Ampharos, M|364\/364
|move|p2a: Skarmory|Brave Bird|p1a: Ampharos
|-resisted|p1a: Ampharos
|-damage|p1a: Ampharos|333\/364
|-damage|p2a: Skarmory|194\/334 brn|[from] recoil|[of] p1a: Ampharos
|
|-damage|p2a: Skarmory|153\/334 brn|[from] brn
|turn|5
|
|switch|p2a: Amoonguss|Amoonguss, M, shiny|431\/431
|detailschange|p1a: Ampharos|Ampharos-Mega, M
|message|Ampharos has Mega Evolved into Mega Ampharos!
|-ability|p1a: Ampharos|Mold Breaker
|move|p1a: Ampharos|Volt Switch|p2a: Amoonguss
|-resisted|p2a: Amoonguss
|-damage|p2a: Amoonguss|338\/431
|
|switch|p1a: Gengar|Gengar, F|32\/268
|
|-heal|p1a: Gengar|48\/268|[from] item: Black Sludge
|turn|6
|
|switch|p1a: Skarmory|Skarmory, M|334\/334
|move|p2a: Amoonguss|Stun Spore|p1a: Skarmory
|-status|p1a: Skarmory|par
|
|turn|7
|
|switch|p1a: Gothitelle|Gothitelle, M|330\/330
|move|p2a: Amoonguss|Hidden Power|p1a: Gothitelle
|-damage|p1a: Gothitelle|294\/330
|
|turn|8
|
|switch|p2a: Tyranitar|Tyranitar, F|404\/404
|-weather|Sandstorm
|move|p1a: Gothitelle|Psyshock|p2a: Tyranitar
|-immune|p2a: Tyranitar|[msg]
|
|-weather|Sandstorm|[upkeep]
|-damage|p1a: Gothitelle|274\/330|[from] sandstorm
|turn|9
|c|âVoid123|how did you switch?
|c|âVoid123|impossible
|c|âVoid123|shadow tage
|
|move|p2a: Tyranitar|Pursuit|p1a: Gothitelle|[from]Pursuit
|-supereffective|p1a: Gothitelle
|-damage|p1a: Gothitelle|0 fnt
|faint|p1a: Gothitelle
|
|-weather|Sandstorm|[upkeep]
|
|switch|p1a: Gengar|Gengar, F|48\/268
|turn|10
|c|âUnbe|!shed shell...
|
|move|p1a: Gengar|Will-O-Wisp|p2a: Tyranitar
|-status|p2a: Tyranitar|brn
|move|p2a: Tyranitar|Pursuit|p1a: Gengar
|-supereffective|p1a: Gengar
|-damage|p1a: Gengar|0 fnt
|faint|p1a: Gengar
|
|-weather|Sandstorm|[upkeep]
|-damage|p2a: Tyranitar|354\/404 brn|[from] brn
|c|âVoid123|lol who runs that?
|c|âUnbe|me XDD
|
|switch|p1a: Skarmory|Skarmory, M|334\/334 par
|turn|11
|
|move|p2a: Tyranitar|Fire Blast|p1a: Skarmory
|-supereffective|p1a: Skarmory
|-damage|p1a: Skarmory|116\/334 par
|cant|p1a: Skarmory|par
|
|-weather|Sandstorm|[upkeep]
|-heal|p2a: Tyranitar|379\/404 brn|[from] item: Leftovers
|-damage|p2a: Tyranitar|329\/404 brn|[from] brn
|turn|12
|
|switch|p1a: Ampharos|Ampharos-Mega, M|333\/364
|-ability|p1a: Ampharos|Mold Breaker
|move|p2a: Tyranitar|Fire Blast|p1a: Ampharos
|-resisted|p1a: Ampharos
|-damage|p1a: Ampharos|295\/364
|
|-weather|none
|-heal|p2a: Tyranitar|354\/404 brn|[from] item: Leftovers
|-damage|p2a: Tyranitar|304\/404 brn|[from] brn
|turn|13
|
|switch|p2a: Chansey|Chansey, F, shiny|704\/704
|move|p1a: Ampharos|Focus Blast|p2a: Chansey
|-supereffective|p2a: Chansey
|-damage|p2a: Chansey|482\/704
|
|turn|14
|
|switch|p1a: Skarmory|Skarmory, M|116\/334 par
|move|p2a: Chansey|Aromatherapy|p2a: Chansey
|-cureteam|p2a: Chansey|[from] move: Aromatherapy
|
|turn|15
|
|move|p2a: Chansey|Seismic Toss|p1a: Skarmory
|-damage|p1a: Skarmory|16\/334 par
|-damage|p2a: Chansey|365\/704|[from] item: Rocky Helmet|[of] p1a: Skarmory
|move|p1a: Skarmory|Stealth Rock|p2a: Chansey
|-sidestart|p2: Unbe|move: Stealth Rock
|
|turn|16
|
|move|p2a: Chansey|Seismic Toss|p1a: Skarmory
|-damage|p1a: Skarmory|0 fnt
|-damage|p2a: Chansey|248\/704|[from] item: Rocky Helmet|[of] p1a: Skarmory
|faint|p1a: Skarmory
|
|
|switch|p1a: Landorus-Therian|Landorus-Therian, M|349\/349
|-ability|p1a: Landorus-Therian|Intimidate|[of] p2a: Chansey
|-unboost|p2a: Chansey|atk|1
|turn|17
|
|move|p1a: Landorus-Therian|Knock Off|p2a: Chansey
|-damage|p2a: Chansey|88\/704
|-enditem|p2a: Chansey|Eviolite|[from] move: Knock Off|[of] p1a: Landorus-Therian
|move|p2a: Chansey|Soft-Boiled|p2a: Chansey
|-heal|p2a: Chansey|440\/704
|
|turn|18
|
|switch|p1a: Ampharos|Ampharos-Mega, M|295\/364
|-ability|p1a: Ampharos|Mold Breaker
|move|p2a: Chansey|Toxic|p1a: Ampharos
|-status|p1a: Ampharos|tox
|
|-damage|p1a: Ampharos|273\/364 tox|[from] psn
|turn|19
|message|Guest 938146 forfeited by changing their name.
|
|win|Unbe
|raw|Ladder updating...
|raw|void123's rating: 1724 &rarr; <strong>1698<\/strong><br \/>(-26 for losing)
|raw|Unbe's rating: 1618 &rarr; <strong>1644<\/strong><br \/>(+26 for winning)
|join|feyitomi