|join|shadymon
|join|Feyitomi
|player|p1|shadymon|166
|player|p2|Feyitomi|214
|gametype|singles
|gen|6
|tier|OU
|rated
|clearpoke
|poke|p1|Landorus-Therian, M
|poke|p1|Excadrill, M
|poke|p1|Dragonite, M
|poke|p1|Gardevoir, F
|poke|p1|Magnezone
|poke|p1|Rotom-Wash
|poke|p2|Scizor, F
|poke|p2|Latios, M
|poke|p2|Kyurem-Black
|poke|p2|Heatran, F
|poke|p2|Azumarill, F
|poke|p2|Aerodactyl, F
|rule|Swagger Clause: Swagger is banned
|rule|Baton Pass Clause: Limit one PokÃ©mon knowing Baton Pass
|rule|Sleep Clause Mod: Limit one foe put to sleep
|rule|Species Clause: Limit one of each PokÃ©mon
|rule|OHKO Clause: OHKO moves are banned
|rule|Moody Clause: Moody is banned
|rule|Evasion Moves Clause: Evasion moves are banned
|rule|Endless Battle Clause: Forcing endless battles is banned
|rule|HP Percentage Mod: HP is shown in percentages
|teampreview
|
|start
|switch|p1a: Magnezone|Magnezone|282\/282
|switch|p2a: Aerodactyl|Aerodactyl, F|364\/364
|-ability|p2a: Aerodactyl|Unnerve|p1: shadymon
|turn|1
|
|move|p2a: Aerodactyl|Earthquake|p1a: Magnezone
|-supereffective|p1a: Magnezone
|-damage|p1a: Magnezone|0 fnt
|faint|p1a: Magnezone
|
|
|switch|p1a: Landorus-Therian|Landorus-Therian, M|382\/382
|-ability|p1a: Landorus-Therian|Intimidate|[of] p2a: Aerodactyl
|-unboost|p2a: Aerodactyl|atk|1
|turn|2
|
|move|p2a: Aerodactyl|Taunt|p1a: Landorus-Therian
|-start|p1a: Landorus-Therian|move: Taunt
|move|p1a: Landorus-Therian|U-turn|p2a: Aerodactyl
|-resisted|p2a: Aerodactyl
|-damage|p2a: Aerodactyl|309\/364
|
|switch|p1a: Rotom-Wash|Rotom-Wash|303\/303
|
|turn|3
|
|move|p2a: Aerodactyl|Stealth Rock|p1a: Rotom-Wash
|-sidestart|p1: shadymon|move: Stealth Rock
|move|p1a: Rotom-Wash|Volt Switch|p2a: Aerodactyl
|-supereffective|p2a: Aerodactyl
|-damage|p2a: Aerodactyl|69\/364
|
|switch|p1a: Excadrill|Excadrill, M|362\/362
|-damage|p1a: Excadrill|351\/362|[from] Stealth Rock
|-ability|p1a: Excadrill|Mold Breaker
|
|turn|4
|
|move|p1a: Excadrill|Iron Head|p2a: Aerodactyl
|-supereffective|p2a: Aerodactyl
|-damage|p2a: Aerodactyl|0 fnt
|faint|p2a: Aerodactyl
|
|
|switch|p2a: Scizor|Scizor, F|291\/291
|turn|5
|
|switch|p1a: Landorus-Therian|Landorus-Therian, M|382\/382
|-damage|p1a: Landorus-Therian|335\/382|[from] Stealth Rock
|-ability|p1a: Landorus-Therian|Intimidate|[of] p2a: Scizor
|-unboost|p2a: Scizor|atk|1
|detailschange|p2a: Scizor|Scizor-Mega, F
|message|Scizor has Mega Evolved into Mega Scizor!
|move|p2a: Scizor|Knock Off|p1a: Landorus-Therian
|-damage|p1a: Landorus-Therian|260\/382
|-enditem|p1a: Landorus-Therian|Leftovers|[from] move: Knock Off|[of] p2a: Scizor
|
|turn|6
|
|move|p2a: Scizor|Swords Dance|p2a: Scizor
|-boost|p2a: Scizor|atk|2
|move|p1a: Landorus-Therian|Stealth Rock|p2a: Scizor
|-sidestart|p2: Feyitomi|move: Stealth Rock
|
|turn|7
|
|move|p2a: Scizor|Bullet Punch|p1a: Landorus-Therian
|-damage|p1a: Landorus-Therian|115\/382
|move|p1a: Landorus-Therian|U-turn|p2a: Scizor
|-resisted|p2a: Scizor
|-damage|p2a: Scizor|265\/291
|
|switch|p1a: Rotom-Wash|Rotom-Wash|303\/303
|-damage|p1a: Rotom-Wash|266\/303|[from] Stealth Rock
|
|turn|8
|
|switch|p2a: Heatran|Heatran, F|368\/368
|-damage|p2a: Heatran|322\/368|[from] Stealth Rock
|move|p1a: Rotom-Wash|Will-O-Wisp|p2a: Heatran
|-start|p2a: Heatran|ability: Flash Fire
|
|turn|9
|
|move|p1a: Rotom-Wash|Hydro Pump|p2a: Heatran|[miss]
|-miss|p1a: Rotom-Wash|p2a: Heatran
|move|p2a: Heatran|Overheat|p1a: Rotom-Wash|[miss]
|-miss|p2a: Heatran|p1a: Rotom-Wash
|
|turn|10
|
|move|p1a: Rotom-Wash|Hydro Pump|p2a: Heatran|[miss]
|-miss|p1a: Rotom-Wash|p2a: Heatran
|move|p2a: Heatran|Overheat|p1a: Rotom-Wash
|-resisted|p1a: Rotom-Wash
|-damage|p1a: Rotom-Wash|7\/303
|-unboost|p2a: Heatran|spa|2
|
|turn|11
|
|switch|p1a: Gardevoir|Gardevoir, F|277\/277
|-damage|p1a: Gardevoir|243\/277|[from] Stealth Rock
|-ability|p1a: Gardevoir|Flash Fire|[from] ability: Trace|[of] p2a: Heatran
|switch|p2a: Scizor|Scizor-Mega, F|265\/291
|-damage|p2a: Scizor|229\/291|[from] Stealth Rock
|
|turn|12
|
|switch|p1a: Landorus-Therian|Landorus-Therian, M|115\/382
|-damage|p1a: Landorus-Therian|68\/382|[from] Stealth Rock
|-ability|p1a: Landorus-Therian|Intimidate|[of] p2a: Scizor
|-unboost|p2a: Scizor|atk|1
|move|p2a: Scizor|Swords Dance|p2a: Scizor
|-boost|p2a: Scizor|atk|2
|
|turn|13
|
|move|p2a: Scizor|Bullet Punch|p1a: Landorus-Therian
|-damage|p1a: Landorus-Therian|0 fnt
|faint|p1a: Landorus-Therian
|
|
|switch|p1a: Dragonite|Dragonite, M|323\/323
|-damage|p1a: Dragonite|243\/323|[from] Stealth Rock
|turn|14
|
|move|p1a: Dragonite|Fire Punch|p2a: Scizor
|-supereffective|p2a: Scizor
|-damage|p2a: Scizor|0 fnt
|faint|p2a: Scizor
|
|
|switch|p2a: Heatran|Heatran, F|322\/368
|-damage|p2a: Heatran|276\/368|[from] Stealth Rock
|turn|15
|
|switch|p1a: Rotom-Wash|Rotom-Wash|7\/303
|-damage|p1a: Rotom-Wash|0 fnt|[from] Stealth Rock
|faint|p1a: Rotom-Wash
|move|p2a: Heatran|Hidden Power|p1: Rotom-Wash|[notarget]
|-notarget
|
|
|switch|p1a: Gardevoir|Gardevoir, F|243\/277
|-damage|p1a: Gardevoir|209\/277|[from] Stealth Rock
|-ability|p1a: Gardevoir|Flash Fire|[from] ability: Trace|[of] p2a: Heatran
|turn|16
|
|switch|p2a: Latios|Latios, M|302\/302
|-damage|p2a: Latios|265\/302|[from] Stealth Rock
|detailschange|p1a: Gardevoir|Gardevoir-Mega, F
|message|Gardevoir has Mega Evolved into Mega Gardevoir!
|move|p1a: Gardevoir|Hyper Voice|p2a: Latios
|-supereffective|p2a: Latios
|-damage|p2a: Latios|0 fnt
|faint|p2a: Latios
|
|
|switch|p2a: Azumarill|Azumarill, F|382\/382
|-damage|p2a: Azumarill|335\/382|[from] Stealth Rock
|turn|17
|
|move|p1a: Gardevoir|Hyper Voice|p2a: Azumarill
|-damage|p2a: Azumarill|0 fnt
|faint|p2a: Azumarill
|
|
|switch|p2a: Heatran|Heatran, F|276\/368
|-damage|p2a: Heatran|230\/368|[from] Stealth Rock
|turn|18
|
|move|p1a: Gardevoir|Focus Blast|p2a: Heatran
|-supereffective|p2a: Heatran
|-damage|p2a: Heatran|0 fnt
|faint|p2a: Heatran
|
|
|switch|p2a: Kyurem-Black|Kyurem-Black|391\/391
|-damage|p2a: Kyurem-Black|294\/391|[from] Stealth Rock
|-ability|p2a: Kyurem-Black|Teravolt
|turn|19
|
|move|p2a: Kyurem-Black|Ice Beam|p1a: Gardevoir
|-damage|p1a: Gardevoir|103\/277
|move|p1a: Gardevoir|Hyper Voice|p2a: Kyurem-Black
|-supereffective|p2a: Kyurem-Black
|-damage|p2a: Kyurem-Black|0 fnt
|faint|p2a: Kyurem-Black
|
|win|shadymon
|raw|Ladder updating...
|leave|Feyitomi
|player|p2
|raw|shadymon's rating: 1747 &rarr; <strong>1762<\/strong><br \/>(+15 for winning)
|raw|Feyitomi's rating: 1657 &rarr; <strong>1642<\/strong><br \/>(-15 for losing)