|join|AlphaFemale
|join|feyitomi
|player|p1|AlphaFemale|116
|player|p2|feyitomi|2
|gametype|singles
|gen|6
|tier|OU
|rated
|clearpoke
|poke|p1|Venusaur, F
|poke|p1|Aegislash, F
|poke|p1|Zapdos
|poke|p1|Conkeldurr, F
|poke|p1|Chansey, F
|poke|p1|Gliscor, M
|poke|p2|Mawile, M
|poke|p2|Salamence, M
|poke|p2|Greninja, M
|poke|p2|Excadrill, M
|poke|p2|Garchomp, F
|poke|p2|Azumarill, M
|rule|Sleep Clause Mod: Limit one foe put to sleep
|rule|Species Clause: Limit one of each Pokemon
|rule|OHKO Clause: OHKO moves are banned
|rule|Moody Clause: Moody is banned
|rule|Evasion Moves Clause: Evasion moves are banned
|rule|Endless Battle Clause: Forcing endless battles is banned.
|rule|HP Percentage Mod: HP is reported as percentages
|teampreview
|
|start
|switch|p1a: Venusaur|Venusaur, F|363\/363
|switch|p2a: Salamence|Salamence, M|331\/331
|-ability|p2a: Salamence|Intimidate|[of] p1a: Venusaur
|-unboost|p1a: Venusaur|atk|1
|turn|1
|
|-formechange|p1a: Venusaur|Venusaur-Mega
|message|Venusaur has Mega Evolved into Mega Venusaur!
|move|p2a: Salamence|Draco Meteor|p1a: Venusaur|[miss]
|-miss|p2a: Salamence|p1a: Venusaur
|move|p1a: Venusaur|Sleep Powder|p2a: Salamence
|-status|p2a: Salamence|slp
|
|turn|2
|
|switch|p2a: Garchomp|Garchomp, F|357\/357
|switch|p1a: Gliscor|Gliscor, M|354\/354
|
|-status|p1a: Gliscor|tox|[from] item: Toxic Orb
|turn|3
|
|move|p2a: Garchomp|Stealth Rock|p1a: Gliscor
|-sidestart|p1: AlphaFemale|move: Stealth Rock
|move|p1a: Gliscor|Stealth Rock|p2a: Garchomp
|-sidestart|p2: feyitomi|move: Stealth Rock
|
|turn|4
|
|switch|p2a: Azumarill|Azumarill, M|345\/345
|-damage|p2a: Azumarill|302\/345|[from] Stealth Rock
|move|p1a: Gliscor|U-turn|p2a: Azumarill
|-resisted|p2a: Azumarill
|-damage|p2a: Azumarill|273\/345
|
|switch|p1a: Zapdos|Zapdos|383\/383
|-damage|p1a: Zapdos|288\/383|[from] Stealth Rock
|-ability|p1a: Zapdos|Pressure
|
|-heal|p1a: Zapdos|311\/383|[from] item: Leftovers
|turn|5
|
|move|p1a: Zapdos|Defog|p2a: Azumarill
|-unboost|p2a: Azumarill|evasion|1
|-sideend|p2: feyitomi|Stealth Rock|[from] move: Defog|[of] p2a: Azumarill
|-sideend|p1: AlphaFemale|Stealth Rock|[from] move: Defog|[of] p1a: Zapdos
|move|p2a: Azumarill|Play Rough|p1a: Zapdos
|-damage|p1a: Zapdos|167\/383
|
|-heal|p1a: Zapdos|190\/383|[from] item: Leftovers
|turn|6
|
|move|p1a: Zapdos|Roost|p1a: Zapdos
|-heal|p1a: Zapdos|382\/383
|move|p2a: Azumarill|Play Rough|p1a: Zapdos
|-damage|p1a: Zapdos|214\/383
|
|-heal|p1a: Zapdos|237\/383|[from] item: Leftovers
|turn|7
|
|switch|p1a: Gliscor|Gliscor, M|354\/354 tox
|move|p2a: Azumarill|Knock Off|p1a: Gliscor
|-damage|p1a: Gliscor|266\/354 tox
|-enditem|p1a: Gliscor|Toxic Orb|[from] move: Knock Off|[of] p2a: Azumarill
|
|-heal|p1a: Gliscor|310\/354 tox|[from] ability: Poison Heal
|turn|8
|
|switch|p1a: Venusaur|Venusaur, F|363\/363
|-formechange|p1a: Venusaur|Venusaur-Mega
|move|p2a: Azumarill|Waterfall|p1a: Venusaur
|-resisted|p1a: Venusaur
|-damage|p1a: Venusaur|289\/363
|
|turn|9
|
|switch|p2a: Garchomp|Garchomp, F|357\/357
|move|p1a: Venusaur|Giga Drain|p2a: Garchomp
|-damage|p2a: Garchomp|197\/357
|-heal|p1a: Venusaur|363\/363|[from] drain|[of] p2a: Garchomp
|
|turn|10
|
|move|p2a: Garchomp|Stealth Rock|p1a: Venusaur
|-sidestart|p1: AlphaFemale|move: Stealth Rock
|move|p1a: Venusaur|Giga Drain|p2a: Garchomp
|-damage|p2a: Garchomp|28\/357
|
|turn|11
|
|switch|p2a: Excadrill|Excadrill, M|362\/362
|-ability|p2a: Excadrill|Mold Breaker
|move|p1a: Venusaur|Giga Drain|p2a: Excadrill
|-damage|p2a: Excadrill|188\/362
|
|turn|12
|
|move|p2a: Excadrill|Earthquake|p1a: Venusaur
|-crit|p1a: Venusaur
|-damage|p1a: Venusaur|140\/363
|move|p1a: Venusaur|Giga Drain|p2a: Excadrill
|-damage|p2a: Excadrill|0 fnt
|-heal|p1a: Venusaur|234\/363|[from] drain|[of] p2a: Excadrill
|faint|p2a: Excadrill
|
|
|switch|p2a: Greninja|Greninja, M|286\/286
|turn|13
|
|switch|p1a: Chansey|Chansey, F|704\/704
|-damage|p1a: Chansey|616\/704|[from] Stealth Rock
|-start|p2a: Greninja|typechange|Psychic|[from] Protean
|move|p2a: Greninja|Extrasensory|p1a: Chansey
|-damage|p1a: Chansey|509\/704
|-damage|p2a: Greninja|258\/286|[from] item: Life Orb
|
|turn|14
|
|switch|p2a: Azumarill|Azumarill, M|273\/345
|move|p1a: Chansey|Seismic Toss|p2a: Azumarill
|-damage|p2a: Azumarill|173\/345
|
|turn|15
|
|switch|p2a: Greninja|Greninja, M|258\/286
|switch|p1a: Venusaur|Venusaur, F|234\/363
|-formechange|p1a: Venusaur|Venusaur-Mega
|-damage|p1a: Venusaur|189\/363|[from] Stealth Rock
|
|turn|16
|
|switch|p2a: Azumarill|Azumarill, M|173\/345
|switch|p1a: Aegislash|Aegislash, F|262\/262
|-damage|p1a: Aegislash|246\/262|[from] Stealth Rock
|
|-heal|p1a: Aegislash|262\/262|[from] item: Leftovers
|turn|17
|
|-formechange|p1a: Aegislash|Aegislash-Blade
|move|p1a: Aegislash|Shadow Ball|p2a: Azumarill
|-damage|p2a: Azumarill|71\/345
|move|p2a: Azumarill|Knock Off|p1a: Aegislash
|-supereffective|p1a: Aegislash
|-damage|p1a: Aegislash|0 fnt
|faint|p1a: Aegislash
|
|
|switch|p1a: Venusaur|Venusaur, F|189\/363
|-formechange|p1a: Venusaur|Venusaur-Mega
|-damage|p1a: Venusaur|144\/363|[from] Stealth Rock
|turn|18
|chat|AlphaFemale|that is a bulky chansey o.o
|chat|AlphaFemale|*azumarill
|
|switch|p2a: Garchomp|Garchomp, F|28\/357
|move|p1a: Venusaur|Synthesis|p1a: Venusaur
|-heal|p1a: Venusaur|325\/363
|
|turn|19
|
|move|p2a: Garchomp|Earthquake|p1a: Venusaur
|-damage|p1a: Venusaur|142\/363
|-damage|p2a: Garchomp|0 fnt|[from] item: Life Orb
|faint|p2a: Garchomp
|move|p1a: Venusaur|Giga Drain|p2: Garchomp|[notarget]
|-notarget
|
|
|switch|p2a: Greninja|Greninja, M|258\/286
|turn|20
|
|switch|p1a: Chansey|Chansey, F|509\/704
|-damage|p1a: Chansey|421\/704|[from] Stealth Rock
|-start|p2a: Greninja|typechange|Psychic|[from] Protean
|move|p2a: Greninja|Extrasensory|p1a: Chansey
|-damage|p1a: Chansey|314\/704
|-damage|p2a: Greninja|230\/286|[from] item: Life Orb
|
|turn|21
|
|switch|p2a: Mawile|Mawile, M|274\/274
|-ability|p2a: Mawile|Intimidate|[of] p1a: Chansey
|-unboost|p1a: Chansey|atk|1
|move|p1a: Chansey|Soft-Boiled|p1a: Chansey
|-heal|p1a: Chansey|666\/704
|
|turn|22
|
|switch|p1a: Gliscor|Gliscor, M|310\/354 tox
|-damage|p1a: Gliscor|266\/354 tox|[from] Stealth Rock
|-formechange|p2a: Mawile|Mawile-Mega
|message|Mawile has Mega Evolved into Mega Mawile!
|move|p2a: Mawile|Substitute|p2a: Mawile
|-start|p2a: Mawile|Substitute
|-damage|p2a: Mawile|206\/274
|
|-heal|p1a: Gliscor|310\/354 tox|[from] ability: Poison Heal
|turn|23
|
|move|p1a: Gliscor|Earthquake|p2a: Mawile
|-supereffective|p2a: Mawile
|-end|p2a: Mawile|Substitute
|move|p2a: Mawile|Play Rough|p1a: Gliscor
|-damage|p1a: Gliscor|100\/354 tox
|
|-heal|p1a: Gliscor|144\/354 tox|[from] ability: Poison Heal
|turn|24
|
|switch|p2a: Salamence|Salamence, M|331\/331 slp
|-ability|p2a: Salamence|Intimidate|[of] p1a: Gliscor
|-unboost|p1a: Gliscor|atk|1
|move|p1a: Gliscor|Earthquake|p2a: Salamence
|-immune|p2a: Salamence|[msg]
|
|-heal|p1a: Gliscor|188\/354 tox|[from] ability: Poison Heal
|turn|25
|
|switch|p2a: Greninja|Greninja, M|230\/286
|move|p1a: Gliscor|Stealth Rock|p2a: Greninja
|-sidestart|p2: feyitomi|move: Stealth Rock
|
|-heal|p1a: Gliscor|232\/354 tox|[from] ability: Poison Heal
|turn|26
|
|move|p1a: Gliscor|Protect|p1a: Gliscor
|-singleturn|p1a: Gliscor|Protect
|-start|p2a: Greninja|typechange|Water|[from] Protean
|move|p2a: Greninja|Hydro Pump|p1a: Gliscor
|-activate|p1a: Gliscor|Protect
|
|-heal|p1a: Gliscor|276\/354 tox|[from] ability: Poison Heal
|turn|27
|
|switch|p2a: Azumarill|Azumarill, M|71\/345
|-damage|p2a: Azumarill|28\/345|[from] Stealth Rock
|switch|p1a: Chansey|Chansey, F|666\/704
|-damage|p1a: Chansey|578\/704|[from] Stealth Rock
|
|turn|28
|
|switch|p1a: Zapdos|Zapdos|237\/383
|-damage|p1a: Zapdos|142\/383|[from] Stealth Rock
|-ability|p1a: Zapdos|Pressure
|move|p2a: Azumarill|Play Rough|p1a: Zapdos
|-damage|p1a: Zapdos|0 fnt
|faint|p1a: Zapdos
|
|
|switch|p1a: Venusaur|Venusaur, F|142\/363
|-formechange|p1a: Venusaur|Venusaur-Mega
|-damage|p1a: Venusaur|97\/363|[from] Stealth Rock
|turn|29
|
|move|p1a: Venusaur|Synthesis|p1a: Venusaur
|-heal|p1a: Venusaur|278\/363
|move|p2a: Azumarill|Play Rough|p1a: Venusaur
|-resisted|p1a: Venusaur
|-damage|p1a: Venusaur|197\/363
|-unboost|p1a: Venusaur|atk|1
|
|turn|30
|
|switch|p2a: Salamence|Salamence, M|331\/331 slp
|-damage|p2a: Salamence|249\/331 slp|[from] Stealth Rock
|-ability|p2a: Salamence|Intimidate|[of] p1a: Venusaur
|-unboost|p1a: Venusaur|atk|1
|move|p1a: Venusaur|Synthesis|p1a: Venusaur
|-heal|p1a: Venusaur|363\/363
|
|turn|31
|
|cant|p2a: Salamence|slp
|move|p1a: Venusaur|Sludge Bomb|p2a: Salamence
|-damage|p2a: Salamence|69\/331 slp
|
|turn|32
|
|switch|p1a: Chansey|Chansey, F|578\/704
|-damage|p1a: Chansey|490\/704|[from] Stealth Rock
|-curestatus|p2a: Salamence|slp
|move|p2a: Salamence|Draco Meteor|p1a: Chansey
|-damage|p1a: Chansey|309\/704
|-unboost|p2a: Salamence|spa|2
|-damage|p2a: Salamence|36\/331|[from] item: Life Orb
|
|turn|33
|
|move|p2a: Salamence|Roost|p2a: Salamence
|-heal|p2a: Salamence|202\/331
|move|p1a: Chansey|Soft-Boiled|p1a: Chansey
|-heal|p1a: Chansey|661\/704
|
|turn|34
|
|move|p2a: Salamence|Brick Break|p1a: Chansey
|-supereffective|p1a: Chansey
|-damage|p1a: Chansey|362\/704
|-damage|p2a: Salamence|169\/331|[from] item: Life Orb
|move|p1a: Chansey|Seismic Toss|p2a: Salamence
|-damage|p2a: Salamence|69\/331
|
|turn|35
|
|move|p2a: Salamence|Roost|p2a: Salamence
|-heal|p2a: Salamence|235\/331
|move|p1a: Chansey|Soft-Boiled|p1a: Chansey
|-heal|p1a: Chansey|704\/704
|
|turn|36
|
|move|p2a: Salamence|Brick Break|p1a: Chansey
|-supereffective|p1a: Chansey
|-damage|p1a: Chansey|423\/704
|-damage|p2a: Salamence|202\/331|[from] item: Life Orb
|move|p1a: Chansey|Wish|p1a: Chansey
|
|turn|37
|
|move|p2a: Salamence|Draco Meteor|p1a: Chansey
|-damage|p1a: Chansey|332\/704
|-unboost|p2a: Salamence|spa|2
|-damage|p2a: Salamence|169\/331|[from] item: Life Orb
|move|p1a: Chansey|Seismic Toss|p2a: Salamence
|-damage|p2a: Salamence|69\/331
|
|-heal|p1a: Chansey|684\/704|[from] move: Wish|[wisher] Chansey
|turn|38
|
|move|p2a: Salamence|Roost|p2a: Salamence
|-heal|p2a: Salamence|235\/331
|move|p1a: Chansey|Seismic Toss|p2a: Salamence
|-damage|p2a: Salamence|135\/331
|
|turn|39
|
|move|p2a: Salamence|Roost|p2a: Salamence
|-heal|p2a: Salamence|301\/331
|move|p1a: Chansey|Wish|p1a: Chansey
|
|turn|40
|
|switch|p2a: Azumarill|Azumarill, M|28\/345
|-damage|p2a: Azumarill|0 fnt|[from] Stealth Rock
|faint|p2a: Azumarill
|move|p1a: Chansey|Seismic Toss|p2: Azumarill|[notarget]
|-notarget
|
|-heal|p1a: Chansey|704\/704|[from] move: Wish|[wisher] Chansey
|
|switch|p2a: Mawile|Mawile, M|206\/274
|-formechange|p2a: Mawile|Mawile-Mega
|-damage|p2a: Mawile|189\/274|[from] Stealth Rock
|turn|41
|
|-singleturn|p2a: Mawile|move: Focus Punch
|move|p1a: Chansey|Seismic Toss|p2a: Mawile
|-damage|p2a: Mawile|89\/274
|cant|p2a: Mawile|Focus Punch|Focus Punch
|
|turn|42
|
|move|p2a: Mawile|Play Rough|p1a: Chansey
|-damage|p1a: Chansey|284\/704
|move|p1a: Chansey|Seismic Toss|p2a: Mawile
|-damage|p2a: Mawile|0 fnt
|faint|p2a: Mawile
|
|
|switch|p2a: Salamence|Salamence, M|301\/331
|-damage|p2a: Salamence|219\/331|[from] Stealth Rock
|-ability|p2a: Salamence|Intimidate|[of] p1a: Chansey
|-unboost|p1a: Chansey|atk|1
|turn|43
|
|move|p2a: Salamence|Brick Break|p1a: Chansey
|-supereffective|p1a: Chansey
|-damage|p1a: Chansey|14\/704
|-damage|p2a: Salamence|186\/331|[from] item: Life Orb
|move|p1a: Chansey|Soft-Boiled|p1a: Chansey
|-heal|p1a: Chansey|366\/704
|
|turn|44
|
|move|p2a: Salamence|Brick Break|p1a: Chansey
|-supereffective|p1a: Chansey
|-damage|p1a: Chansey|57\/704
|-damage|p2a: Salamence|153\/331|[from] item: Life Orb
|move|p1a: Chansey|Soft-Boiled|p1a: Chansey
|-heal|p1a: Chansey|409\/704
|
|turn|45
|
|move|p2a: Salamence|Roost|p2a: Salamence
|-heal|p2a: Salamence|319\/331
|move|p1a: Chansey|Soft-Boiled|p1a: Chansey
|-heal|p1a: Chansey|704\/704
|
|turn|46
|
|move|p2a: Salamence|Brick Break|p1a: Chansey
|-supereffective|p1a: Chansey
|-damage|p1a: Chansey|400\/704
|-damage|p2a: Salamence|286\/331|[from] item: Life Orb
|move|p1a: Chansey|Wish|p1a: Chansey
|
|turn|47
|
|move|p2a: Salamence|Brick Break|p1a: Chansey
|-supereffective|p1a: Chansey
|-damage|p1a: Chansey|101\/704
|-damage|p2a: Salamence|253\/331|[from] item: Life Orb
|move|p1a: Chansey|Seismic Toss|p2a: Salamence
|-damage|p2a: Salamence|153\/331
|
|-heal|p1a: Chansey|453\/704|[from] move: Wish|[wisher] Chansey
|turn|48
|
|move|p2a: Salamence|Roost|p2a: Salamence
|-heal|p2a: Salamence|319\/331
|move|p1a: Chansey|Soft-Boiled|p1a: Chansey
|-heal|p1a: Chansey|704\/704
|
|turn|49
|
|move|p2a: Salamence|Brick Break|p1a: Chansey
|-supereffective|p1a: Chansey
|-damage|p1a: Chansey|421\/704
|-damage|p2a: Salamence|286\/331|[from] item: Life Orb
|move|p1a: Chansey|Wish|p1a: Chansey
|
|turn|50
|
|move|p2a: Salamence|Brick Break|p1a: Chansey
|-supereffective|p1a: Chansey
|-damage|p1a: Chansey|132\/704
|-damage|p2a: Salamence|253\/331|[from] item: Life Orb
|move|p1a: Chansey|Seismic Toss|p2a: Salamence
|-damage|p2a: Salamence|153\/331
|
|-heal|p1a: Chansey|484\/704|[from] move: Wish|[wisher] Chansey
|turn|51
|
|move|p2a: Salamence|Brick Break|p1a: Chansey
|-supereffective|p1a: Chansey
|-damage|p1a: Chansey|180\/704
|-damage|p2a: Salamence|120\/331|[from] item: Life Orb
|move|p1a: Chansey|Soft-Boiled|p1a: Chansey
|-heal|p1a: Chansey|532\/704
|
|turn|52
|
|move|p2a: Salamence|Roost|p2a: Salamence
|-heal|p2a: Salamence|286\/331
|move|p1a: Chansey|Seismic Toss|p2a: Salamence
|-damage|p2a: Salamence|186\/331
|
|turn|53
|
|move|p2a: Salamence|Brick Break|p1a: Chansey
|-supereffective|p1a: Chansey
|-damage|p1a: Chansey|264\/704
|-damage|p2a: Salamence|153\/331|[from] item: Life Orb
|move|p1a: Chansey|Wish|p1a: Chansey
|
|turn|54
|
|switch|p1a: Conkeldurr|Conkeldurr, F|414\/414
|-damage|p1a: Conkeldurr|389\/414|[from] Stealth Rock
|move|p2a: Salamence|Brick Break|p1a: Conkeldurr
|-damage|p1a: Conkeldurr|264\/414
|-damage|p2a: Salamence|120\/331|[from] item: Life Orb
|
|-heal|p1a: Conkeldurr|414\/414|[from] move: Wish|[wisher] Chansey
|turn|55
|
|move|p2a: Salamence|Draco Meteor|p1a: Conkeldurr
|-damage|p1a: Conkeldurr|140\/414
|-unboost|p2a: Salamence|spa|2
|-damage|p2a: Salamence|87\/331|[from] item: Life Orb
|move|p1a: Conkeldurr|Ice Punch|p2a: Salamence
|-supereffective|p2a: Salamence
|-damage|p2a: Salamence|0 fnt
|faint|p2a: Salamence
|
|
|switch|p2a: Greninja|Greninja, M|230\/286
|-damage|p2a: Greninja|195\/286|[from] Stealth Rock
|turn|56
|
|move|p1a: Conkeldurr|Mach Punch|p2a: Greninja
|-supereffective|p2a: Greninja
|-damage|p2a: Greninja|0 fnt
|faint|p2a: Greninja
|
|win|AlphaFemale
|raw|Ladder updating...
|raw|AlphaFemale's rating: 1691 &rarr; <strong>1712<\/strong><br \/>(+21 for winning)
|raw|feyitomi's rating: 1699 &rarr; <strong>1679<\/strong><br \/>(-20 for losing)
|chat|AlphaFemale|gg
|leave|feyitomi
|player|p2