|join|wish killer
|join|Feyitomi
|player|p1|wish killer|68
|player|p2|Feyitomi|214
|gametype|singles
|gen|6
|tier|OU
|rated
|clearpoke
|poke|p1|Bisharp, M
|poke|p1|Venusaur, M
|poke|p1|Heatran, F
|poke|p1|Keldeo
|poke|p1|Chansey, F
|poke|p1|Skarmory, M
|poke|p2|Charizard, M
|poke|p2|Latios, M
|poke|p2|Bisharp, M
|poke|p2|Clefable, M
|poke|p2|Keldeo-Resolute
|poke|p2|Landorus-Therian, M
|rule|Swagger Clause: Swagger is banned
|rule|Baton Pass Clause: Limit one PokÃ©mon knowing Baton Pass
|rule|Sleep Clause Mod: Limit one foe put to sleep
|rule|Species Clause: Limit one of each PokÃ©mon
|rule|OHKO Clause: OHKO moves are banned
|rule|Moody Clause: Moody is banned
|rule|Evasion Moves Clause: Evasion moves are banned
|rule|Endless Battle Clause: Forcing endless battles is banned
|rule|HP Percentage Mod: HP is shown in percentages
|teampreview
|
|start
|switch|p1a: LT4A Zenzoh|Venusaur, M|364\/364
|switch|p2a: Keldeo-Resolute|Keldeo-Resolute|323\/323
|turn|1
|
|switch|p2a: Latios|Latios, M|301\/301
|detailschange|p1a: LT4A Zenzoh|Venusaur-Mega, M
|message|Venusaur has Mega Evolved into Mega Venusaur!
|move|p1a: LT4A Zenzoh|Leech Seed|p2a: Latios
|-start|p2a: Latios|move: Leech Seed
|
|-damage|p2a: Latios|264\/301|[from] Leech Seed|[of] p1a: LT4A Zenzoh
|turn|2
|join|CleanerThanRotom-W
|
|switch|p2a: Bisharp|Bisharp, M|272\/272
|switch|p1a: Lil Mana loves me|Heatran, F|340\/340
|-item|p1a: Lil Mana loves me|Air Balloon
|
|turn|3
|
|move|p1a: Lil Mana loves me|Stealth Rock|p2a: Bisharp
|-sidestart|p2: Feyitomi|move: Stealth Rock
|move|p2a: Bisharp|Low Kick|p1a: Lil Mana loves me
|-supereffective|p1a: Lil Mana loves me
|-damage|p1a: Lil Mana loves me|38\/340
|-enditem|p1a: Lil Mana loves me|Air Balloon
|-damage|p2a: Bisharp|245\/272|[from] item: Life Orb
|
|turn|4
|
|switch|p2a: Latios|Latios, M|264\/301
|-damage|p2a: Latios|227\/301|[from] Stealth Rock
|move|p1a: Lil Mana loves me|Taunt|p2a: Latios
|-start|p2a: Latios|move: Taunt
|
|turn|5
|
|switch|p1a: I came from leddit|Bisharp, M|334\/334
|move|p2a: Latios|Thunderbolt|p1a: I came from leddit
|-damage|p1a: I came from leddit|146\/334
|-damage|p2a: Latios|197\/301|[from] item: Life Orb
|
|-heal|p1a: I came from leddit|166\/334|[from] item: Leftovers
|turn|6
|
|move|p1a: I came from leddit|Sucker Punch|p2a: Latios
|-supereffective|p2a: Latios
|-damage|p2a: Latios|0 fnt
|faint|p2a: Latios
|
|-heal|p1a: I came from leddit|186\/334|[from] item: Leftovers
|
|switch|p2a: Charizard|Charizard, M|301\/301
|-damage|p2a: Charizard|151\/301|[from] Stealth Rock
|turn|7
|
|switch|p1a: Lil Mana loves me|Heatran, F|38\/340
|detailschange|p2a: Charizard|Charizard-Mega-X, M
|message|Charizard has Mega Evolved into Mega Charizard!
|move|p2a: Charizard|Flare Blitz|p1a: Lil Mana loves me
|-start|p1a: Lil Mana loves me|ability: Flash Fire
|
|turn|8
|
|move|p2a: Charizard|Dragon Claw|p1a: Lil Mana loves me
|-resisted|p1a: Lil Mana loves me
|-damage|p1a: Lil Mana loves me|0 fnt
|faint|p1a: Lil Mana loves me
|
|
|switch|p1a: CleanerThanRotom-W|Skarmory, M|334\/334
|turn|9
|
|move|p2a: Charizard|Flare Blitz|p1a: CleanerThanRotom-W
|-supereffective|p1a: CleanerThanRotom-W
|-activate|p1a: CleanerThanRotom-W|Sturdy
|-damage|p1a: CleanerThanRotom-W|1\/334
|-damage|p2a: Charizard|101\/301|[from] item: Rocky Helmet|[of] p1a: CleanerThanRotom-W
|-damage|p2a: Charizard|0 fnt|[from] recoil|[of] p1a: CleanerThanRotom-W
|faint|p2a: Charizard
|move|p1a: CleanerThanRotom-W|Spikes|p2: Charizard
|-sidestart|p2: Feyitomi|Spikes
|
|
|switch|p2a: Landorus-Therian|Landorus-Therian, M|381\/381
|-damage|p2a: Landorus-Therian|334\/381|[from] Stealth Rock
|-ability|p2a: Landorus-Therian|Intimidate|[of] p1a: CleanerThanRotom-W
|-unboost|p1a: CleanerThanRotom-W|atk|1
|turn|10
|join|Zenzoh
|c| Zenzoh|n_n
|
|move|p2a: Landorus-Therian|U-turn|p1a: CleanerThanRotom-W
|-resisted|p1a: CleanerThanRotom-W
|-damage|p1a: CleanerThanRotom-W|0 fnt
|-damage|p2a: Landorus-Therian|271\/381|[from] item: Rocky Helmet|[of] p1a: CleanerThanRotom-W
|faint|p1a: CleanerThanRotom-W
|c| CleanerThanRotom-W|n_n
|
|switch|p2a: Bisharp|Bisharp, M|245\/272
|-damage|p2a: Bisharp|211\/272|[from] Spikes
|-damage|p2a: Bisharp|194\/272|[from] Stealth Rock
|
|
|switch|p1a: jake the ripper|Keldeo|323\/323
|turn|11
|
|switch|p2a: Landorus-Therian|Landorus-Therian, M|271\/381
|-damage|p2a: Landorus-Therian|224\/381|[from] Stealth Rock
|-ability|p2a: Landorus-Therian|Intimidate|[of] p1a: jake the ripper
|-unboost|p1a: jake the ripper|atk|1
|move|p1a: jake the ripper|Scald|p2a: Landorus-Therian
|-supereffective|p2a: Landorus-Therian
|-damage|p2a: Landorus-Therian|0 fnt
|faint|p2a: Landorus-Therian
|
|
|switch|p2a: Clefable|Clefable, M|392\/392
|-damage|p2a: Clefable|343\/392|[from] Stealth Rock
|-damage|p2a: Clefable|294\/392|[from] Spikes
|turn|12
|
|switch|p1a: LT4A Zenzoh|Venusaur-Mega, M|364\/364
|move|p2a: Clefable|Moonlight|p2a: Clefable
|-heal|p2a: Clefable|392\/392
|
|turn|13
|
|switch|p2a: Bisharp|Bisharp, M|194\/272
|-damage|p2a: Bisharp|177\/272|[from] Stealth Rock
|-damage|p2a: Bisharp|143\/272|[from] Spikes
|move|p1a: LT4A Zenzoh|Leech Seed|p2a: Bisharp
|-start|p2a: Bisharp|move: Leech Seed
|
|-damage|p2a: Bisharp|109\/272|[from] Leech Seed|[of] p1a: LT4A Zenzoh
|turn|14
|
|move|p2a: Bisharp|Iron Head|p1a: LT4A Zenzoh
|-damage|p1a: LT4A Zenzoh|239\/364
|-damage|p2a: Bisharp|82\/272|[from] item: Life Orb
|cant|p1a: LT4A Zenzoh|flinch
|
|-damage|p2a: Bisharp|48\/272|[from] Leech Seed|[of] p1a: LT4A Zenzoh
|-heal|p1a: LT4A Zenzoh|273\/364|[silent]
|turn|15
|
|move|p2a: Bisharp|Iron Head|p1a: LT4A Zenzoh
|-damage|p1a: LT4A Zenzoh|156\/364
|-damage|p2a: Bisharp|21\/272|[from] item: Life Orb
|cant|p1a: LT4A Zenzoh|flinch
|
|-damage|p2a: Bisharp|0 fnt|[from] Leech Seed|[of] p1a: LT4A Zenzoh
|-heal|p1a: LT4A Zenzoh|177\/364|[silent]
|faint|p2a: Bisharp
|c| CleanerThanRotom-W|haxer
|
|switch|p2a: Clefable|Clefable, M|392\/392
|-damage|p2a: Clefable|343\/392|[from] Stealth Rock
|-damage|p2a: Clefable|294\/392|[from] Spikes
|turn|16
|
|move|p1a: LT4A Zenzoh|Leech Seed|p2a: Clefable
|-start|p2a: Clefable|move: Leech Seed
|move|p2a: Clefable|Calm Mind|p2a: Clefable
|-boost|p2a: Clefable|spa|1
|-boost|p2a: Clefable|spd|1
|
|-heal|p2a: Clefable|318\/392|[from] item: Leftovers
|-damage|p2a: Clefable|269\/392|[from] Leech Seed|[of] p1a: LT4A Zenzoh
|-heal|p1a: LT4A Zenzoh|226\/364|[silent]
|turn|17
|
|switch|p1a: Appreciation|Chansey, F|684\/684
|move|p2a: Clefable|Moonlight|p2a: Clefable
|-heal|p2a: Clefable|392\/392
|
|-damage|p2a: Clefable|343\/392|[from] Leech Seed|[of] p1a: Appreciation
|turn|18
|
|move|p2a: Clefable|Calm Mind|p2a: Clefable
|-boost|p2a: Clefable|spa|1
|-boost|p2a: Clefable|spd|1
|move|p1a: Appreciation|Thunder Wave|p2a: Clefable
|-status|p2a: Clefable|par
|
|-heal|p2a: Clefable|367\/392 par|[from] item: Leftovers
|-damage|p2a: Clefable|318\/392 par|[from] Leech Seed|[of] p1a: Appreciation
|turn|19
|join|jake5
|
|move|p1a: Appreciation|Seismic Toss|p2a: Clefable
|-damage|p2a: Clefable|218\/392 par
|move|p2a: Clefable|Calm Mind|p2a: Clefable
|-boost|p2a: Clefable|spa|1
|-boost|p2a: Clefable|spd|1
|
|-heal|p2a: Clefable|242\/392 par|[from] item: Leftovers
|-damage|p2a: Clefable|193\/392 par|[from] Leech Seed|[of] p1a: Appreciation
|turn|20
|c| CleanerThanRotom-W|jake
|
|move|p1a: Appreciation|Seismic Toss|p2a: Clefable
|-damage|p2a: Clefable|93\/392 par
|cant|p2a: Clefable|par
|
|-heal|p2a: Clefable|117\/392 par|[from] item: Leftovers
|-damage|p2a: Clefable|68\/392 par|[from] Leech Seed|[of] p1a: Appreciation
|turn|21
|c| CleanerThanRotom-W|u better win now
|
|move|p1a: Appreciation|Seismic Toss|p2a: Clefable
|-damage|p2a: Clefable|0 fnt
|faint|p2a: Clefable
|
|c| jake5|why the fuck did trice leave lol
|
|switch|p2a: Keldeo-Resolute|Keldeo-Resolute|323\/323
|-damage|p2a: Keldeo-Resolute|303\/323|[from] Stealth Rock
|-damage|p2a: Keldeo-Resolute|263\/323|[from] Spikes
|turn|22
|
|move|p2a: Keldeo-Resolute|Secret Sword|p1a: Appreciation
|-supereffective|p1a: Appreciation
|-damage|p1a: Appreciation|306\/684
|move|p1a: Appreciation|Thunder Wave|p2a: Keldeo-Resolute
|-status|p2a: Keldeo-Resolute|par
|
|turn|23
|c| CleanerThanRotom-W|idk lol, maybe he had to go
|
|move|p1a: Appreciation|Seismic Toss|p2a: Keldeo-Resolute
|-damage|p2a: Keldeo-Resolute|163\/323 par
|cant|p2a: Keldeo-Resolute|par
|
|turn|24
|-message|Feyitomi forfeited.
|
|win|wish killer
|raw|Ladder updating...
|leave|Feyitomi
|raw|wish killer's rating: 1951 &rarr; <strong>1962<\/strong><br \/>(+11 for winning)
|raw|Feyitomi's rating: 1785 &rarr; <strong>1774<\/strong><br \/>(-11 for losing)
|player|p2
|leave|CleanerThanRotom-W