|join|notthere
|join|Feyitomi
|player|p1|notthere|2
|player|p2|Feyitomi|214
|gametype|singles
|gen|6
|tier|OU
|rated
|clearpoke
|poke|p1|Venusaur, F
|poke|p1|Heatran, F
|poke|p1|Starmie
|poke|p1|Chansey, F
|poke|p1|Doublade, M
|poke|p1|Quagsire, M
|poke|p2|Charizard, F, shiny
|poke|p2|Latios, M
|poke|p2|Bisharp, F, shiny
|poke|p2|Clefable, M
|poke|p2|Keldeo-Resolute
|poke|p2|Landorus-Therian, M
|rule|Swagger Clause: Swagger is banned
|rule|Baton Pass Clause: Limit one PokÃ©mon knowing Baton Pass
|rule|Sleep Clause Mod: Limit one foe put to sleep
|rule|Species Clause: Limit one of each PokÃ©mon
|rule|OHKO Clause: OHKO moves are banned
|rule|Moody Clause: Moody is banned
|rule|Evasion Moves Clause: Evasion moves are banned
|rule|Endless Battle Clause: Forcing endless battles is banned
|rule|HP Percentage Mod: HP is shown in percentages
|teampreview
|
|start
|switch|p1a: Venusaur|Venusaur, F|364\/364
|switch|p2a: Resolute Pony|Keldeo-Resolute|323\/323
|turn|1
|
|switch|p2a: Keldeo Check|Latios, M|301\/301
|detailschange|p1a: Venusaur|Venusaur-Mega, F
|message|Venusaur has Mega Evolved into Mega Venusaur!
|move|p1a: Venusaur|Sludge Bomb|p2a: Keldeo Check
|-damage|p2a: Keldeo Check|189\/301
|-status|p2a: Keldeo Check|psn
|
|-damage|p2a: Keldeo Check|152\/301 psn|[from] psn
|turn|2
|
|switch|p2a: Resolute Pony|Keldeo-Resolute|323\/323
|switch|p1a: Heatran|Heatran, F|386\/386
|
|turn|3
|
|switch|p1a: Venusaur|Venusaur-Mega, F|364\/364
|move|p2a: Resolute Pony|Scald|p1a: Venusaur
|-resisted|p1a: Venusaur
|-damage|p1a: Venusaur|279\/364
|
|turn|4
|
|move|p2a: Resolute Pony|Scald|p1a: Venusaur
|-resisted|p1a: Venusaur
|-damage|p1a: Venusaur|191\/364
|-status|p1a: Venusaur|brn
|move|p1a: Venusaur|Sludge Bomb|p2a: Resolute Pony
|-damage|p2a: Resolute Pony|194\/323
|
|-damage|p1a: Venusaur|146\/364 brn|[from] brn
|turn|5
|
|switch|p2a: Dragon X|Charizard, F, shiny|315\/315
|move|p1a: Venusaur|Synthesis|p1a: Venusaur
|-heal|p1a: Venusaur|328\/364 brn
|
|-damage|p1a: Venusaur|283\/364 brn|[from] brn
|turn|6
|
|switch|p1a: Heatran|Heatran, F|386\/386
|detailschange|p2a: Dragon X|Charizard-Mega-X, F, shiny
|message|Charizard has Mega Evolved into Mega Charizard!
|move|p2a: Dragon X|Dragon Dance|p2a: Dragon X
|-boost|p2a: Dragon X|atk|1
|-boost|p2a: Dragon X|spe|1
|
|turn|7
|
|switch|p1a: Quagsire|Quagsire, M|394\/394
|move|p2a: Dragon X|Dragon Dance|p2a: Dragon X
|-boost|p2a: Dragon X|atk|1
|-boost|p2a: Dragon X|spe|1
|
|turn|8
|
|move|p2a: Dragon X|Dragon Claw|p1a: Quagsire
|-damage|p1a: Quagsire|246\/394
|move|p1a: Quagsire|Earthquake|p2a: Dragon X
|-supereffective|p2a: Dragon X
|-damage|p2a: Dragon X|123\/315
|
|-heal|p1a: Quagsire|270\/394|[from] item: Leftovers
|turn|9
|
|switch|p2a: Earth Power|Landorus-Therian, M|381\/381
|-ability|p2a: Earth Power|Intimidate|[of] p1a: Quagsire
|-unboost|p1a: Quagsire|atk|1
|move|p1a: Quagsire|Earthquake|p2a: Earth Power
|-immune|p2a: Earth Power|[msg]
|
|-heal|p1a: Quagsire|294\/394|[from] item: Leftovers
|turn|10
|
|switch|p1a: Venusaur|Venusaur-Mega, F|283\/364 brn
|move|p2a: Earth Power|Stealth Rock|p1a: Venusaur
|-sidestart|p1: notthere|move: Stealth Rock
|
|-damage|p1a: Venusaur|238\/364 brn|[from] brn
|turn|11
|
|move|p2a: Earth Power|U-turn|p1a: Venusaur
|-damage|p1a: Venusaur|190\/364 brn
|
|switch|p2a: Dragon X|Charizard-Mega-X, F, shiny|123\/315
|move|p1a: Venusaur|Synthesis|p1a: Venusaur
|-heal|p1a: Venusaur|364\/364 brn
|
|-damage|p1a: Venusaur|319\/364 brn|[from] brn
|turn|12
|
|switch|p1a: Quagsire|Quagsire, M|294\/394
|-damage|p1a: Quagsire|270\/394|[from] Stealth Rock
|move|p2a: Dragon X|Roost|p2a: Dragon X
|-heal|p2a: Dragon X|281\/315
|
|-heal|p1a: Quagsire|294\/394|[from] item: Leftovers
|turn|13
|
|move|p2a: Dragon X|Dragon Claw|p1a: Quagsire
|-damage|p1a: Quagsire|137\/394
|move|p1a: Quagsire|Scald|p2a: Dragon X
|-damage|p2a: Dragon X|202\/315
|
|-heal|p1a: Quagsire|161\/394|[from] item: Leftovers
|turn|14
|
|move|p2a: Dragon X|Dragon Claw|p1a: Quagsire
|-damage|p1a: Quagsire|11\/394
|move|p1a: Quagsire|Recover|p1a: Quagsire
|-heal|p1a: Quagsire|208\/394
|
|-heal|p1a: Quagsire|232\/394|[from] item: Leftovers
|turn|15
|
|switch|p2a: Fairy Tail|Clefable, M|394\/394
|move|p1a: Quagsire|Recover|p1a: Quagsire
|-heal|p1a: Quagsire|394\/394
|
|turn|16
|
|switch|p1a: Starmie|Starmie|324\/324
|-damage|p1a: Starmie|284\/324|[from] Stealth Rock
|move|p2a: Fairy Tail|Moonblast|p1a: Starmie
|-damage|p1a: Starmie|161\/324
|-unboost|p1a: Starmie|spa|1
|
|-heal|p1a: Starmie|181\/324|[from] item: Leftovers
|turn|17
|
|move|p1a: Starmie|Rapid Spin|p2a: Fairy Tail
|-damage|p2a: Fairy Tail|384\/394
|-sideend|p1: notthere|Stealth Rock|[from] move: Rapid Spin|[of] p1a: Starmie
|move|p2a: Fairy Tail|Calm Mind|p2a: Fairy Tail
|-boost|p2a: Fairy Tail|spa|1
|-boost|p2a: Fairy Tail|spd|1
|
|-heal|p1a: Starmie|201\/324|[from] item: Leftovers
|-heal|p2a: Fairy Tail|394\/394|[from] item: Leftovers
|turn|18
|
|switch|p1a: Quagsire|Quagsire, M|394\/394
|move|p2a: Fairy Tail|Calm Mind|p2a: Fairy Tail
|-boost|p2a: Fairy Tail|spa|1
|-boost|p2a: Fairy Tail|spd|1
|
|turn|19
|
|move|p2a: Fairy Tail|Moonblast|p1a: Quagsire
|-damage|p1a: Quagsire|247\/394
|move|p1a: Quagsire|Stockpile|p1a: Quagsire
|-start|p1a: Quagsire|stockpile1
|-boost|p1a: Quagsire|def|1
|-boost|p1a: Quagsire|spd|1
|
|-heal|p1a: Quagsire|271\/394|[from] item: Leftovers
|turn|20
|
|switch|p2a: Resolute Pony|Keldeo-Resolute|194\/323
|move|p1a: Quagsire|Recover|p1a: Quagsire
|-heal|p1a: Quagsire|394\/394
|
|turn|21
|
|switch|p1a: Venusaur|Venusaur-Mega, F|319\/364 brn
|move|p2a: Resolute Pony|Scald|p1a: Venusaur
|-resisted|p1a: Venusaur
|-damage|p1a: Venusaur|235\/364 brn
|
|-damage|p1a: Venusaur|190\/364 brn|[from] brn
|turn|22
|
|switch|p2a: Blue Power Ranger|Bisharp, F, shiny|272\/272
|move|p1a: Venusaur|Giga Drain|p2a: Blue Power Ranger
|-resisted|p2a: Blue Power Ranger
|-damage|p2a: Blue Power Ranger|200\/272
|-heal|p1a: Venusaur|226\/364 brn|[from] drain|[of] p2a: Blue Power Ranger
|
|-damage|p1a: Venusaur|181\/364 brn|[from] brn
|turn|23
|
|move|p2a: Blue Power Ranger|Iron Head|p1a: Venusaur
|-damage|p1a: Venusaur|67\/364 brn
|-damage|p2a: Blue Power Ranger|173\/272|[from] item: Life Orb
|cant|p1a: Venusaur|flinch
|
|-damage|p1a: Venusaur|22\/364 brn|[from] brn
|turn|24
|
|switch|p1a: Quagsire|Quagsire, M|394\/394
|move|p2a: Blue Power Ranger|Knock Off|p1a: Quagsire
|-damage|p1a: Quagsire|213\/394
|-enditem|p1a: Quagsire|Leftovers|[from] move: Knock Off|[of] p2a: Blue Power Ranger
|-damage|p2a: Blue Power Ranger|146\/272|[from] item: Life Orb
|
|turn|25
|
|switch|p2a: Resolute Pony|Keldeo-Resolute|194\/323
|move|p1a: Quagsire|Recover|p1a: Quagsire
|-heal|p1a: Quagsire|394\/394
|
|turn|26
|
|switch|p1a: Venusaur|Venusaur-Mega, F|22\/364 brn
|move|p2a: Resolute Pony|Scald|p1a: Venusaur
|-resisted|p1a: Venusaur
|-damage|p1a: Venusaur|0 fnt
|faint|p1a: Venusaur
|
|
|switch|p1a: Chansey|Chansey, F|704\/704
|turn|27
|
|switch|p2a: Blue Power Ranger|Bisharp, F, shiny|146\/272
|move|p1a: Chansey|Stealth Rock|p2a: Blue Power Ranger
|-sidestart|p2: Feyitomi|move: Stealth Rock
|
|turn|28
|
|switch|p2a: Resolute Pony|Keldeo-Resolute|194\/323
|-damage|p2a: Resolute Pony|174\/323|[from] Stealth Rock
|switch|p1a: Quagsire|Quagsire, M|394\/394
|
|turn|29
|
|move|p2a: Resolute Pony|Scald|p1a: Quagsire
|-damage|p1a: Quagsire|67\/394
|move|p1a: Quagsire|Recover|p1a: Quagsire
|-heal|p1a: Quagsire|264\/394
|
|turn|30
|
|switch|p1a: Chansey|Chansey, F|704\/704
|move|p2a: Resolute Pony|Scald|p1a: Chansey
|-damage|p1a: Chansey|572\/704
|
|turn|31
|
|move|p2a: Resolute Pony|Scald|p1a: Chansey
|-damage|p1a: Chansey|424\/704
|move|p1a: Chansey|Toxic|p2a: Resolute Pony|[miss]
|-miss|p1a: Chansey|p2a: Resolute Pony
|
|turn|32
|
|move|p2a: Resolute Pony|Scald|p1a: Chansey
|-damage|p1a: Chansey|283\/704
|-status|p1a: Chansey|brn
|move|p1a: Chansey|Soft-Boiled|p1a: Chansey
|-heal|p1a: Chansey|635\/704 brn
|
|-damage|p1a: Chansey|547\/704 brn|[from] brn
|turn|33
|
|switch|p2a: Keldeo Check|Latios, M|152\/301 psn
|-damage|p2a: Keldeo Check|115\/301 psn|[from] Stealth Rock
|move|p1a: Chansey|Toxic|p2a: Keldeo Check
|-fail|p2a: Keldeo Check
|
|-damage|p2a: Keldeo Check|78\/301 psn|[from] psn
|-damage|p1a: Chansey|459\/704 brn|[from] brn
|turn|34
|
|switch|p1a: Heatran|Heatran, F|386\/386
|move|p2a: Keldeo Check|Defog|p1a: Heatran
|-unboost|p1a: Heatran|evasion|1
|-sideend|p2: Feyitomi|Stealth Rock|[from] move: Defog|[of] p2a: Keldeo Check
|
|-damage|p2a: Keldeo Check|41\/301 psn|[from] psn
|turn|35
|
|move|p2a: Keldeo Check|Draco Meteor|p1a: Heatran
|-resisted|p1a: Heatran
|-damage|p1a: Heatran|290\/386
|-unboost|p2a: Keldeo Check|spa|2
|-damage|p2a: Keldeo Check|11\/301 psn|[from] item: Life Orb
|move|p1a: Heatran|Lava Plume|p2a: Keldeo Check
|-resisted|p2a: Keldeo Check
|-damage|p2a: Keldeo Check|0 fnt
|faint|p2a: Keldeo Check
|
|-heal|p1a: Heatran|314\/386|[from] item: Leftovers
|
|switch|p2a: Earth Power|Landorus-Therian, M|381\/381
|-ability|p2a: Earth Power|Intimidate|[of] p1a: Heatran
|-unboost|p1a: Heatran|atk|1
|turn|36
|
|move|p1a: Heatran|Protect|p1a: Heatran
|-singleturn|p1a: Heatran|Protect
|move|p2a: Earth Power|U-turn|p1a: Heatran
|-activate|p1a: Heatran|Protect
|
|-heal|p1a: Heatran|338\/386|[from] item: Leftovers
|turn|37
|
|switch|p1a: Doublade|Doublade, M|322\/322
|move|p2a: Earth Power|Earthquake|p1a: Doublade
|-supereffective|p1a: Doublade
|-damage|p1a: Doublade|206\/322
|
|turn|38
|
|move|p2a: Earth Power|Stealth Rock|p1a: Doublade
|-sidestart|p1: notthere|move: Stealth Rock
|move|p1a: Doublade|Toxic|p2a: Earth Power
|-status|p2a: Earth Power|tox
|
|-damage|p2a: Earth Power|358\/381 tox|[from] psn
|turn|39
|
|move|p2a: Earth Power|Earthquake|p1a: Doublade
|-supereffective|p1a: Doublade
|-damage|p1a: Doublade|96\/322
|move|p1a: Doublade|Gyro Ball|p2a: Earth Power
|-damage|p2a: Earth Power|237\/381 tox
|
|-heal|p2a: Earth Power|260\/381 tox|[from] item: Leftovers
|-damage|p2a: Earth Power|214\/381 tox|[from] psn
|turn|40
|
|move|p1a: Doublade|Shadow Sneak|p2a: Earth Power
|-damage|p2a: Earth Power|169\/381 tox
|move|p2a: Earth Power|U-turn|p1a: Doublade
|-resisted|p1a: Doublade
|-damage|p1a: Doublade|90\/322
|
|switch|p2a: Resolute Pony|Keldeo-Resolute|174\/323
|
|turn|41
|
|move|p1a: Doublade|Shadow Sneak|p2a: Resolute Pony
|-damage|p2a: Resolute Pony|116\/323
|move|p2a: Resolute Pony|Scald|p1a: Doublade
|-damage|p1a: Doublade|0 fnt
|faint|p1a: Doublade
|
|
|switch|p1a: Chansey|Chansey, F|459\/704
|-damage|p1a: Chansey|371\/704|[from] Stealth Rock
|turn|42
|
|move|p2a: Resolute Pony|Scald|p1a: Chansey
|-damage|p1a: Chansey|239\/704
|-status|p1a: Chansey|brn
|move|p1a: Chansey|Stealth Rock|p2a: Resolute Pony
|-sidestart|p2: Feyitomi|move: Stealth Rock
|
|-damage|p1a: Chansey|151\/704 brn|[from] brn
|turn|43
|
|move|p2a: Resolute Pony|Scald|p1a: Chansey
|-damage|p1a: Chansey|9\/704 brn
|move|p1a: Chansey|Soft-Boiled|p1a: Chansey
|-heal|p1a: Chansey|361\/704 brn
|
|-damage|p1a: Chansey|273\/704 brn|[from] brn
|turn|44
|
|switch|p2a: Blue Power Ranger|Bisharp, F, shiny|146\/272
|-damage|p2a: Blue Power Ranger|129\/272|[from] Stealth Rock
|move|p1a: Chansey|Soft-Boiled|p1a: Chansey
|-heal|p1a: Chansey|625\/704 brn
|
|-damage|p1a: Chansey|537\/704 brn|[from] brn
|turn|45
|
|switch|p1a: Quagsire|Quagsire, M|264\/394
|-damage|p1a: Quagsire|240\/394|[from] Stealth Rock
|move|p2a: Blue Power Ranger|Knock Off|p1a: Quagsire
|-damage|p1a: Quagsire|100\/394
|-damage|p2a: Blue Power Ranger|102\/272|[from] item: Life Orb
|
|turn|46
|
|move|p2a: Blue Power Ranger|Knock Off|p1a: Quagsire
|-damage|p1a: Quagsire|0 fnt
|-damage|p2a: Blue Power Ranger|75\/272|[from] item: Life Orb
|faint|p1a: Quagsire
|
|
|switch|p1a: Starmie|Starmie|201\/324
|-damage|p1a: Starmie|161\/324|[from] Stealth Rock
|turn|47
|
|move|p2a: Blue Power Ranger|Sucker Punch|p1a: Starmie
|-fail|p1a: Starmie
|move|p1a: Starmie|Reflect Type|p2a: Blue Power Ranger
|-start|p1a: Starmie|typechange|Dark\/Steel|[from] move: Reflect Type|[of] p2a: Blue Power Ranger
|
|-heal|p1a: Starmie|181\/324|[from] item: Leftovers
|turn|48
|
|move|p1a: Starmie|Rapid Spin|p2a: Blue Power Ranger
|-resisted|p2a: Blue Power Ranger
|-damage|p2a: Blue Power Ranger|69\/272
|-sideend|p1: notthere|Stealth Rock|[from] move: Rapid Spin|[of] p1a: Starmie
|move|p2a: Blue Power Ranger|Low Kick|p1a: Starmie
|-supereffective|p1a: Starmie
|-damage|p1a: Starmie|0 fnt
|-damage|p2a: Blue Power Ranger|42\/272|[from] item: Life Orb
|faint|p1a: Starmie
|
|
|switch|p1a: Heatran|Heatran, F|338\/386
|turn|49
|
|move|p2a: Blue Power Ranger|Low Kick|p1a: Heatran
|-supereffective|p1a: Heatran
|-damage|p1a: Heatran|0 fnt
|-damage|p2a: Blue Power Ranger|15\/272|[from] item: Life Orb
|faint|p1a: Heatran
|
|
|switch|p1a: Chansey|Chansey, F|537\/704
|turn|50
|
|move|p2a: Blue Power Ranger|Knock Off|p1a: Chansey
|-damage|p1a: Chansey|239\/704
|-enditem|p1a: Chansey|Eviolite|[from] move: Knock Off|[of] p2a: Blue Power Ranger
|-damage|p2a: Blue Power Ranger|0 fnt|[from] item: Life Orb
|faint|p2a: Blue Power Ranger
|move|p1a: Chansey|Soft-Boiled|p1a: Chansey
|-heal|p1a: Chansey|591\/704
|
|
|switch|p2a: Resolute Pony|Keldeo-Resolute|116\/323
|-damage|p2a: Resolute Pony|96\/323|[from] Stealth Rock
|turn|51
|
|move|p2a: Resolute Pony|Secret Sword|p1a: Chansey
|-supereffective|p1a: Chansey
|-damage|p1a: Chansey|0 fnt
|faint|p1a: Chansey
|
|win|Feyitomi
|raw|Ladder updating...