|join|Ace Trainer Apollo
|join|Feyitomi
|player|p1|Ace Trainer Apollo|2
|player|p2|Feyitomi|293
|gametype|singles
|gen|6
|tier|OU
|rated
|clearpoke
|poke|p1|Archeops, F
|poke|p1|Rotom-Wash
|poke|p1|Flygon, M
|poke|p1|Whimsicott, F
|poke|p1|Jolteon, F
|poke|p1|Beedrill, M
|poke|p2|Metagross
|poke|p2|Keldeo-Resolute
|poke|p2|Landorus-Therian, M
|poke|p2|Heatran, M
|poke|p2|Latios, M
|poke|p2|Azumarill, F
|rule|Swagger Clause: Swagger is banned
|rule|Baton Pass Clause: Limit one PokÃ©mon knowing Baton Pass
|rule|Sleep Clause Mod: Limit one foe put to sleep
|rule|Species Clause: Limit one of each PokÃ©mon
|rule|OHKO Clause: OHKO moves are banned
|rule|Moody Clause: Moody is banned
|rule|Evasion Moves Clause: Evasion moves are banned
|rule|Endless Battle Clause: Forcing endless battles is banned
|rule|HP Percentage Mod: HP is shown in percentages
|teampreview
|c|âAce Trainer Apollo|really
|
|start
|switch|p1a: Mr. Clean|Rotom-Wash|303\/303
|switch|p2a: Azumarill|Azumarill, F|374\/374
|turn|1
|
|switch|p2a: Heatran|Heatran, M|323\/323
|move|p1a: Mr. Clean|Will-O-Wisp|p2a: Heatran
|-start|p2a: Heatran|ability: Flash Fire
|
|turn|2
|c|âAce Trainer Apollo|hm
|
|move|p2a: Heatran|Magma Storm|p1a: Mr. Clean
|-resisted|p1a: Mr. Clean
|-damage|p1a: Mr. Clean|168\/303
|-activate|p1a: Mr. Clean|move: Magma Storm|[of] p2a: Heatran
|move|p1a: Mr. Clean|Volt Switch|p2a: Heatran
|-damage|p2a: Heatran|245\/323
|
|switch|p1a: Aero|Archeops, F|311\/311
|
|-heal|p2a: Heatran|265\/323|[from] item: Leftovers
|turn|3
|c|âAce Trainer Apollo|hm
|
|switch|p2a: Landorus-Therian|Landorus-Therian, M|382\/382
|-ability|p2a: Landorus-Therian|Intimidate|[of] p1a: Aero
|-unboost|p1a: Aero|atk|1
|move|p1a: Aero|Stealth Rock|p2a: Landorus-Therian
|-sidestart|p2: Feyitomi|move: Stealth Rock
|
|turn|4
|
|switch|p1a: Mr. Clean|Rotom-Wash|168\/303
|move|p2a: Landorus-Therian|Stealth Rock|p1a: Mr. Clean
|-sidestart|p1: Ace Trainer Apollo|move: Stealth Rock
|
|-heal|p1a: Mr. Clean|186\/303|[from] item: Leftovers
|turn|5
|
|move|p2a: Landorus-Therian|U-turn|p1a: Mr. Clean
|-damage|p1a: Mr. Clean|137\/303
|
|switch|p2a: Latios|Latios, M|301\/301
|-damage|p2a: Latios|264\/301|[from] Stealth Rock
|move|p1a: Mr. Clean|Volt Switch|p2a: Latios
|-resisted|p2a: Latios
|-damage|p2a: Latios|221\/301
|
|switch|p1a: Aero|Archeops, F|311\/311
|-damage|p1a: Aero|234\/311|[from] Stealth Rock
|
|turn|6
|
|move|p1a: Aero|U-turn|p2a: Latios
|-supereffective|p2a: Latios
|-damage|p2a: Latios|0 fnt
|faint|p2a: Latios
|
|switch|p1a: Jolt|Jolteon, F|291\/291
|-damage|p1a: Jolt|255\/291|[from] Stealth Rock
|
|c|âAce Trainer Apollo|we defog on my terms bruh
|
|switch|p2a: Heatran|Heatran, M|265\/323
|-damage|p2a: Heatran|225\/323|[from] Stealth Rock
|turn|7
|
|move|p1a: Jolt|Volt Switch|p2a: Heatran
|-damage|p2a: Heatran|100\/323
|-damage|p1a: Jolt|226\/291|[from] item: Life Orb
|
|switch|p1a: Antlione|Flygon, M|346\/346
|-damage|p1a: Antlione|325\/346|[from] Stealth Rock
|move|p2a: Heatran|Magma Storm|p1a: Antlione
|-resisted|p1a: Antlione
|-damage|p1a: Antlione|211\/346
|-activate|p1a: Antlione|move: Magma Storm|[of] p2a: Heatran
|
|-heal|p2a: Heatran|120\/323|[from] item: Leftovers
|-damage|p1a: Antlione|168\/346|[from] move: Magma Storm|[partiallytrapped]
|turn|8
|c|âFeyitomi|wasn't tring to defog
|c|âFeyitomi|actually
|c|âFeyitomi|btw gl have fun
|c|âFeyitomi|how are you doing tonight?
|
|switch|p2a: Landorus-Therian|Landorus-Therian, M|382\/382
|-damage|p2a: Landorus-Therian|335\/382|[from] Stealth Rock
|-ability|p2a: Landorus-Therian|Intimidate|[of] p1a: Antlione
|-unboost|p1a: Antlione|atk|1
|move|p1a: Antlione|Defog|p2a: Landorus-Therian
|-unboost|p2a: Landorus-Therian|evasion|1
|-sideend|p2: Feyitomi|Stealth Rock|[from] move: Defog|[of] p2a: Landorus-Therian
|-sideend|p1: Ace Trainer Apollo|Stealth Rock|[from] move: Defog|[of] p1a: Antlione
|
|-heal|p2a: Landorus-Therian|358\/382|[from] item: Leftovers
|-end|p1a: Antlione|Magma Storm|[partiallytrapped]
|turn|9
|c|âAce Trainer Apollo|im good
|c|âAce Trainer Apollo|its all good
|c|âAce Trainer Apollo|how are you doing
|c|âFeyitomi|prety good man
|c|âFeyitomi|pretty good
|
|move|p1a: Antlione|Hidden Power|p2a: Landorus-Therian
|-supereffective|p2a: Landorus-Therian
|-damage|p2a: Landorus-Therian|162\/382
|move|p2a: Landorus-Therian|Stone Edge|p1a: Antlione|[miss]
|-miss|p2a: Landorus-Therian|p1a: Antlione
|
|-heal|p2a: Landorus-Therian|185\/382|[from] item: Leftovers
|turn|10
|
|switch|p1a: Mr. Clean|Rotom-Wash|137\/303
|switch|p2a: Keldeo-Resolute|Keldeo-Resolute|323\/323
|
|-heal|p1a: Mr. Clean|155\/303|[from] item: Leftovers
|turn|11
|
|switch|p1a: Whimsi|Whimsicott, F|322\/322
|move|p2a: Keldeo-Resolute|Secret Sword|p1a: Whimsi
|-resisted|p1a: Whimsi
|-damage|p1a: Whimsi|223\/322
|
|turn|12
|
|switch|p2a: Heatran|Heatran, M|120\/323
|move|p1a: Whimsi|U-turn|p2a: Heatran
|-resisted|p2a: Heatran
|-damage|p2a: Heatran|110\/323
|
|switch|p1a: No.15|Beedrill, M|293\/293
|
|-heal|p2a: Heatran|130\/323|[from] item: Leftovers
|turn|13
|leave|Feyitomi
|player|p2
|-message|feyitomi lost due to inactivity.
|
|win|Ace Trainer Apollo
|raw|Ladder updating...
|raw|Ace Trainer Apollo's rating: 1584 &rarr; <strong>1601<\/strong><br \/>(+17 for winning)
|raw|Feyitomi's rating: 1539 &rarr; <strong>1522<\/strong><br \/>(-17 for losing)