|join|dont know why
|join|jesseboyee
|player|p1|dont know why|1
|player|p2|jesseboyee|80
|gametype|singles
|gen|6
|tier|UU
|rated
|rule|Sleep Clause Mod: Limit one foe put to sleep
|rule|Species Clause: Limit one of each PokÃ©mon
|rule|OHKO Clause: OHKO moves are banned
|rule|Moody Clause: Moody is banned
|rule|Evasion Moves Clause: Evasion moves are banned
|rule|Endless Battle Clause: Forcing endless battles is banned
|rule|HP Percentage Mod: HP is shown in percentages
|clearpoke
|poke|p1|Beedrill, M
|poke|p1|Zygarde
|poke|p1|Jirachi
|poke|p1|Starmie
|poke|p1|Infernape, F
|poke|p1|Shaymin
|poke|p2|Goodra, F
|poke|p2|Suicune
|poke|p2|Swampert, F
|poke|p2|Mienshao, M
|poke|p2|Jirachi
|poke|p2|Roserade, M
|rule|Swagger Clause: Swagger is banned
|rule|Baton Pass Clause: Limit one PokÃ©mon knowing Baton Pass
|teampreview
|
|start
|switch|p1a: Beedrill|Beedrill, M|272\/272
|switch|p2a: Mienshao|Mienshao, M|271\/271
|turn|1
|
|detailschange|p1a: Beedrill|Beedrill-Mega, M
|message|Beedrill has Mega Evolved into Mega Beedrill!
|move|p1a: Beedrill|Protect|p1a: Beedrill
|-singleturn|p1a: Beedrill|Protect
|move|p2a: Mienshao|Aerial Ace|p1a: Beedrill
|-activate|p1a: Beedrill|Protect
|
|turn|2
|
|switch|p1a: Jirachi|Jirachi|341\/341
|move|p2a: Mienshao|Aerial Ace|p1a: Jirachi
|-resisted|p1a: Jirachi
|-damage|p1a: Jirachi|308\/341
|
|turn|3
|join|webkinzbull
|
|switch|p2a: Suicune|Suicune|404\/404
|-ability|p2a: Suicune|Pressure
|move|p1a: Jirachi|U-turn|p2a: Suicune
|-damage|p2a: Suicune|362\/404
|
|switch|p1a: Beedrill|Beedrill-Mega, M|272\/272
|
|-heal|p2a: Suicune|387\/404|[from] item: Leftovers
|turn|4
|
|move|p1a: Beedrill|U-turn|p2a: Suicune
|-damage|p2a: Suicune|275\/404
|
|switch|p1a: Shaymin|Shaymin|341\/341
|move|p2a: Suicune|Scald|p1a: Shaymin
|-resisted|p1a: Shaymin
|-damage|p1a: Shaymin|299\/341
|
|-heal|p2a: Suicune|300\/404|[from] item: Leftovers
|turn|5
|
|switch|p1a: Beedrill|Beedrill-Mega, M|272\/272
|switch|p2a: Goodra|Goodra, F|384\/384
|
|turn|6
|
|switch|p2a: Jirachi|Jirachi|404\/404
|move|p1a: Beedrill|U-turn|p2a: Jirachi
|-damage|p2a: Jirachi|208\/404
|
|switch|p1a: Infernape|Infernape, F|293\/293
|
|-heal|p2a: Jirachi|233\/404|[from] item: Leftovers
|turn|7
|
|move|p1a: Infernape|Fire Blast|p2a: Jirachi
|-supereffective|p2a: Jirachi
|-damage|p2a: Jirachi|0 fnt
|faint|p2a: Jirachi
|
|
|switch|p2a: Mienshao|Mienshao, M|271\/271
|turn|8
|
|move|p2a: Mienshao|U-turn|p1a: Infernape
|-resisted|p1a: Infernape
|-damage|p1a: Infernape|267\/293
|
|switch|p2a: Suicune|Suicune|300\/404
|-ability|p2a: Suicune|Pressure
|move|p1a: Infernape|Stealth Rock|p2a: Suicune
|-sidestart|p2: jesseboyee|move: Stealth Rock
|
|-heal|p2a: Suicune|325\/404|[from] item: Leftovers
|turn|9
|
|move|p1a: Infernape|Taunt|p2a: Suicune
|-start|p2a: Suicune|move: Taunt
|move|p2a: Suicune|Scald|p1a: Infernape
|-supereffective|p1a: Infernape
|-damage|p1a: Infernape|57\/293
|
|-heal|p2a: Suicune|350\/404|[from] item: Leftovers
|turn|10
|
|move|p1a: Infernape|Endeavor|p2a: Suicune
|-damage|p2a: Suicune|57\/404
|move|p2a: Suicune|Scald|p1a: Infernape
|-supereffective|p1a: Infernape
|-damage|p1a: Infernape|0 fnt
|faint|p1a: Infernape
|
|-heal|p2a: Suicune|82\/404|[from] item: Leftovers
|
|switch|p1a: Beedrill|Beedrill-Mega, M|272\/272
|turn|11
|
|move|p1a: Beedrill|U-turn|p2a: Suicune
|-damage|p2a: Suicune|0 fnt
|faint|p2a: Suicune
|
|switch|p1a: Jirachi|Jirachi|308\/341
|
|
|switch|p2a: Mienshao|Mienshao, M|271\/271
|-damage|p2a: Mienshao|255\/271|[from] Stealth Rock
|turn|12
|
|move|p2a: Mienshao|U-turn|p1a: Jirachi
|-damage|p1a: Jirachi|231\/341
|
|switch|p2a: Swampert|Swampert, F|401\/401
|-damage|p2a: Swampert|376\/401|[from] Stealth Rock
|move|p1a: Jirachi|Iron Head|p2a: Swampert
|-resisted|p2a: Swampert
|-damage|p2a: Swampert|331\/401
|
|-heal|p2a: Swampert|356\/401|[from] item: Leftovers
|turn|13
|
|move|p1a: Jirachi|Energy Ball|p2a: Swampert
|-supereffective|p2a: Swampert
|-damage|p2a: Swampert|0 fnt
|faint|p2a: Swampert
|
|
|switch|p2a: Mienshao|Mienshao, M|271\/271
|-damage|p2a: Mienshao|255\/271|[from] Stealth Rock
|turn|14
|
|switch|p1a: Shaymin|Shaymin|299\/341
|move|p2a: Mienshao|High Jump Kick|p1a: Shaymin
|-damage|p1a: Shaymin|91\/341
|
|turn|15
|
|move|p2a: Mienshao|High Jump Kick|p1a: Shaymin
|-damage|p1a: Shaymin|0 fnt
|faint|p1a: Shaymin
|
|
|switch|p1a: Starmie|Starmie|261\/261
|turn|16
|
|switch|p2a: Goodra|Goodra, F|384\/384
|-damage|p2a: Goodra|336\/384|[from] Stealth Rock
|move|p1a: Starmie|Psyshock|p2a: Goodra
|-damage|p2a: Goodra|63\/384
|-damage|p1a: Starmie|235\/261|[from] item: Life Orb
|
|turn|17
|
|move|p1a: Starmie|Psyshock|p2a: Goodra
|-damage|p2a: Goodra|0 fnt
|-damage|p1a: Starmie|209\/261|[from] item: Life Orb
|faint|p2a: Goodra
|
|
|switch|p2a: Mienshao|Mienshao, M|271\/271
|-damage|p2a: Mienshao|255\/271|[from] Stealth Rock
|turn|18
|
|switch|p1a: Jirachi|Jirachi|231\/341
|move|p2a: Mienshao|U-turn|p1a: Jirachi
|-damage|p1a: Jirachi|144\/341
|
|switch|p2a: Roserade|Roserade, M|324\/324
|-damage|p2a: Roserade|284\/324|[from] Stealth Rock
|
|-heal|p2a: Roserade|304\/324|[from] item: Black Sludge
|turn|19
|
|move|p1a: Jirachi|Iron Head|p2a: Roserade
|-damage|p2a: Roserade|156\/324
|cant|p2a: Roserade|flinch
|
|-heal|p2a: Roserade|176\/324|[from] item: Black Sludge
|turn|20
|
|move|p1a: Jirachi|Fire Punch|p2a: Roserade
|-supereffective|p2a: Roserade
|-damage|p2a: Roserade|0 fnt
|faint|p2a: Roserade
|
|
|switch|p2a: Mienshao|Mienshao, M|271\/271
|-damage|p2a: Mienshao|255\/271|[from] Stealth Rock
|turn|21
|
|move|p2a: Mienshao|High Jump Kick|p1a: Jirachi
|-damage|p1a: Jirachi|0 fnt
|faint|p1a: Jirachi
|
|
|switch|p1a: Beedrill|Beedrill-Mega, M|272\/272
|turn|22
|
|move|p1a: Beedrill|Protect|p1a: Beedrill
|-singleturn|p1a: Beedrill|Protect
|move|p2a: Mienshao|High Jump Kick|p1a: Beedrill
|-activate|p1a: Beedrill|Protect
|-damage|p2a: Mienshao|120\/271|[from] highjumpkick
|
|turn|23
|
|switch|p1a: Starmie|Starmie|209\/261
|move|p2a: Mienshao|High Jump Kick|p1a: Starmie
|-resisted|p1a: Starmie
|-damage|p1a: Starmie|77\/261
|
|turn|24
|
|move|p2a: Mienshao|High Jump Kick|p1a: Starmie
|-resisted|p1a: Starmie
|-damage|p1a: Starmie|0 fnt
|faint|p1a: Starmie
|
|
|switch|p1a: Beedrill|Beedrill-Mega, M|272\/272
|turn|25
|
|move|p1a: Beedrill|Protect|p1a: Beedrill
|-singleturn|p1a: Beedrill|Protect
|move|p2a: Mienshao|High Jump Kick|p1a: Beedrill
|-activate|p1a: Beedrill|Protect
|-damage|p2a: Mienshao|0 fnt|[from] highjumpkick
|faint|p2a: Mienshao
|
|win|dont know why
|raw|Ladder updating...