|join|Adri989898
|join|jesseboyee
|player|p1|Adri989898|99
|player|p2|jesseboyee|80
|gametype|singles
|gen|6
|tier|UU
|rated
|rule|Sleep Clause Mod: Limit one foe put to sleep
|rule|Species Clause: Limit one of each PokÃ©mon
|rule|OHKO Clause: OHKO moves are banned
|rule|Moody Clause: Moody is banned
|rule|Evasion Moves Clause: Evasion moves are banned
|rule|Endless Battle Clause: Forcing endless battles is banned
|rule|HP Percentage Mod: HP is shown in percentages
|clearpoke
|poke|p1|Pidgeot, F
|poke|p1|Entei
|poke|p1|Chesnaught, M
|poke|p1|Empoleon, M
|poke|p1|Rotom-Heat
|poke|p1|Zygarde
|poke|p2|Goodra, F
|poke|p2|Suicune
|poke|p2|Jirachi
|poke|p2|Shaymin
|poke|p2|Mienshao, F
|poke|p2|Gligar, F
|rule|Swagger Clause: Swagger is banned
|rule|Baton Pass Clause: Limit one PokÃ©mon knowing Baton Pass
|teampreview
|
|start
|switch|p1a: Chesnaught|Chesnaught, M|380\/380
|switch|p2a: Mienshao|Mienshao, F|271\/271
|turn|1
|
|move|p2a: Mienshao|U-turn|p1a: Chesnaught
|-damage|p1a: Chesnaught|329\/380
|
|switch|p2a: Shaymin|Shaymin|341\/341
|move|p1a: Chesnaught|Leech Seed|p2a: Shaymin
|-immune|p2a: Shaymin|[msg]
|
|-heal|p1a: Chesnaught|352\/380|[from] item: Leftovers
|turn|2
|
|move|p1a: Chesnaught|Spiky Shield|p1a: Chesnaught
|-singleturn|p1a: Chesnaught|move: Protect
|move|p2a: Shaymin|Air Slash|p1a: Chesnaught
|-activate|p1a: Chesnaught|move: Protect
|
|-heal|p1a: Chesnaught|375\/380|[from] item: Leftovers
|turn|3
|
|switch|p2a: Suicune|Suicune|404\/404
|-ability|p2a: Suicune|Pressure
|switch|p1a: Rotom-Heat|Rotom-Heat|304\/304
|
|turn|4
|
|move|p1a: Rotom-Heat|Volt Switch|p2a: Suicune
|-supereffective|p2a: Suicune
|-damage|p2a: Suicune|242\/404
|
|switch|p1a: Empoleon|Empoleon, M|372\/372
|move|p2a: Suicune|Scald|p1a: Empoleon
|-resisted|p1a: Empoleon
|-damage|p1a: Empoleon|328\/372
|
|-heal|p2a: Suicune|267\/404|[from] item: Leftovers
|-heal|p1a: Empoleon|351\/372|[from] item: Leftovers
|turn|5
|
|move|p2a: Suicune|Calm Mind|p2a: Suicune
|-boost|p2a: Suicune|spa|1
|-boost|p2a: Suicune|spd|1
|move|p1a: Empoleon|Stealth Rock|p2a: Suicune
|-sidestart|p2: jesseboyee|move: Stealth Rock
|
|-heal|p2a: Suicune|292\/404|[from] item: Leftovers
|-heal|p1a: Empoleon|372\/372|[from] item: Leftovers
|turn|6
|
|move|p2a: Suicune|Calm Mind|p2a: Suicune
|-boost|p2a: Suicune|spa|1
|-boost|p2a: Suicune|spd|1
|move|p1a: Empoleon|Roar|p2a: Suicune
|drag|p2a: Shaymin|Shaymin|341\/341
|-damage|p2a: Shaymin|299\/341|[from] Stealth Rock
|
|-heal|p2a: Shaymin|320\/341|[from] item: Leftovers
|turn|7
|
|switch|p1a: Rotom-Heat|Rotom-Heat|304\/304
|move|p2a: Shaymin|Earth Power|p1a: Rotom-Heat
|-immune|p1a: Rotom-Heat|[msg]
|
|-heal|p2a: Shaymin|341\/341|[from] item: Leftovers
|turn|8
|
|switch|p2a: Goodra|Goodra, F|384\/384
|-damage|p2a: Goodra|336\/384|[from] Stealth Rock
|move|p1a: Rotom-Heat|Overheat|p2a: Goodra
|-resisted|p2a: Goodra
|-damage|p2a: Goodra|299\/384
|-unboost|p1a: Rotom-Heat|spa|2
|
|turn|9
|
|move|p1a: Rotom-Heat|Volt Switch|p2a: Goodra
|-resisted|p2a: Goodra
|-damage|p2a: Goodra|288\/384
|
|switch|p1a: Empoleon|Empoleon, M|372\/372
|move|p2a: Goodra|Fire Blast|p1a: Empoleon
|-damage|p1a: Empoleon|288\/372
|
|-heal|p1a: Empoleon|311\/372|[from] item: Leftovers
|turn|10
|
|move|p2a: Goodra|Draco Meteor|p1a: Empoleon
|-resisted|p1a: Empoleon
|-damage|p1a: Empoleon|232\/372
|-unboost|p2a: Goodra|spa|2
|move|p1a: Empoleon|Roar|p2a: Goodra
|drag|p2a: Shaymin|Shaymin|341\/341
|-damage|p2a: Shaymin|299\/341|[from] Stealth Rock
|
|-heal|p2a: Shaymin|320\/341|[from] item: Leftovers
|-heal|p1a: Empoleon|255\/372|[from] item: Leftovers
|turn|11
|
|switch|p1a: Rotom-Heat|Rotom-Heat|304\/304
|move|p2a: Shaymin|Seed Flare|p1a: Rotom-Heat
|-resisted|p1a: Rotom-Heat
|-damage|p1a: Rotom-Heat|214\/304
|-unboost|p1a: Rotom-Heat|spd|2
|
|-heal|p2a: Shaymin|341\/341|[from] item: Leftovers
|-heal|p1a: Rotom-Heat|233\/304|[from] item: Leftovers
|turn|12
|
|move|p2a: Shaymin|Seed Flare|p1a: Rotom-Heat
|-crit|p1a: Rotom-Heat
|-resisted|p1a: Rotom-Heat
|-damage|p1a: Rotom-Heat|0 fnt
|faint|p1a: Rotom-Heat
|
|
|switch|p1a: Pidgeot|Pidgeot, F|307\/307
|turn|13
|
|switch|p2a: Gligar|Gligar, F|334\/334
|-damage|p2a: Gligar|293\/334|[from] Stealth Rock
|detailschange|p1a: Pidgeot|Pidgeot-Mega, F
|message|Pidgeot has Mega Evolved into Mega Pidgeot!
|move|p1a: Pidgeot|Hurricane|p2a: Gligar
|-crit|p2a: Gligar
|-damage|p2a: Gligar|31\/334
|-start|p2a: Gligar|confusion
|
|turn|14
|
|move|p1a: Pidgeot|Heat Wave|p2a: Gligar
|-damage|p2a: Gligar|0 fnt
|faint|p2a: Gligar
|
|
|switch|p2a: Mienshao|Mienshao, F|271\/271
|-damage|p2a: Mienshao|255\/271|[from] Stealth Rock
|turn|15
|
|switch|p1a: Chesnaught|Chesnaught, M|375\/380
|move|p2a: Mienshao|Stone Edge|p1a: Chesnaught
|-resisted|p1a: Chesnaught
|-damage|p1a: Chesnaught|334\/380
|
|-heal|p1a: Chesnaught|357\/380|[from] item: Leftovers
|turn|16
|
|switch|p2a: Shaymin|Shaymin|341\/341
|-damage|p2a: Shaymin|299\/341|[from] Stealth Rock
|switch|p1a: Pidgeot|Pidgeot-Mega, F|307\/307
|
|-heal|p2a: Shaymin|320\/341|[from] item: Leftovers
|turn|17
|
|switch|p2a: Goodra|Goodra, F|288\/384
|-damage|p2a: Goodra|240\/384|[from] Stealth Rock
|move|p1a: Pidgeot|Heat Wave|p2a: Goodra
|-resisted|p2a: Goodra
|-damage|p2a: Goodra|211\/384
|
|turn|18
|
|switch|p1a: Empoleon|Empoleon, M|255\/372
|move|p2a: Goodra|Draco Meteor|p1a: Empoleon
|-resisted|p1a: Empoleon
|-damage|p1a: Empoleon|172\/372
|-unboost|p2a: Goodra|spa|2
|
|-heal|p1a: Empoleon|195\/372|[from] item: Leftovers
|turn|19
|
|move|p2a: Goodra|Fire Blast|p1a: Empoleon
|-damage|p1a: Empoleon|150\/372
|-status|p1a: Empoleon|brn
|move|p1a: Empoleon|Scald|p2a: Goodra
|-resisted|p2a: Goodra
|-damage|p2a: Goodra|187\/384
|-status|p2a: Goodra|brn
|
|-heal|p1a: Empoleon|173\/372 brn|[from] item: Leftovers
|-damage|p2a: Goodra|139\/384 brn|[from] brn
|-damage|p1a: Empoleon|127\/372 brn|[from] brn
|turn|20
|
|switch|p2a: Suicune|Suicune|292\/404
|-damage|p2a: Suicune|242\/404|[from] Stealth Rock
|-ability|p2a: Suicune|Pressure
|switch|p1a: Pidgeot|Pidgeot-Mega, F|307\/307
|
|-heal|p2a: Suicune|267\/404|[from] item: Leftovers
|turn|21
|
|move|p1a: Pidgeot|Hurricane|p2a: Suicune
|-crit|p2a: Suicune
|-damage|p2a: Suicune|0 fnt
|faint|p2a: Suicune
|
|
|switch|p2a: Mienshao|Mienshao, F|271\/271
|-damage|p2a: Mienshao|255\/271|[from] Stealth Rock
|turn|22
|
|switch|p1a: Zygarde|Zygarde|358\/358
|-ability|p1a: Zygarde|Aura Break
|move|p2a: Mienshao|U-turn|p1a: Zygarde
|-damage|p1a: Zygarde|289\/358
|
|switch|p2a: Shaymin|Shaymin|320\/341
|-damage|p2a: Shaymin|278\/341|[from] Stealth Rock
|
|-heal|p2a: Shaymin|299\/341|[from] item: Leftovers
|turn|23
|
|move|p2a: Shaymin|Seed Flare|p1a: Zygarde
|-damage|p1a: Zygarde|100\/358
|move|p1a: Zygarde|Dragon Dance|p1a: Zygarde
|-boost|p1a: Zygarde|atk|1
|-boost|p1a: Zygarde|spe|1
|
|-heal|p2a: Shaymin|320\/341|[from] item: Leftovers
|turn|24
|
|move|p1a: Zygarde|Outrage|p2a: Shaymin
|-damage|p2a: Shaymin|41\/341
|move|p2a: Shaymin|Seed Flare|p1a: Zygarde
|-damage|p1a: Zygarde|0 fnt
|faint|p1a: Zygarde
|
|-heal|p2a: Shaymin|62\/341|[from] item: Leftovers
|
|switch|p1a: Pidgeot|Pidgeot-Mega, F|307\/307
|turn|25
|
|switch|p2a: Jirachi|Jirachi|404\/404
|-damage|p2a: Jirachi|379\/404|[from] Stealth Rock
|move|p1a: Pidgeot|Hurricane|p2a: Jirachi
|-resisted|p2a: Jirachi
|-damage|p2a: Jirachi|306\/404
|-start|p2a: Jirachi|confusion
|
|-heal|p2a: Jirachi|331\/404|[from] item: Leftovers
|turn|26
|
|move|p1a: Pidgeot|Heat Wave|p2a: Jirachi
|-supereffective|p2a: Jirachi
|-damage|p2a: Jirachi|159\/404
|-activate|p2a: Jirachi|confusion
|move|p2a: Jirachi|Thunder Wave|p1a: Pidgeot
|-status|p1a: Pidgeot|par
|
|-heal|p2a: Jirachi|184\/404|[from] item: Leftovers
|turn|27
|
|-activate|p2a: Jirachi|confusion
|-damage|p2a: Jirachi|149\/404|[from] confusion
|move|p1a: Pidgeot|Heat Wave|p2a: Jirachi
|-supereffective|p2a: Jirachi
|-damage|p2a: Jirachi|0 fnt
|faint|p2a: Jirachi
|
|
|switch|p2a: Mienshao|Mienshao, F|271\/271
|-damage|p2a: Mienshao|255\/271|[from] Stealth Rock
|turn|28
|
|switch|p1a: Empoleon|Empoleon, M|127\/372 brn
|move|p2a: Mienshao|Stone Edge|p1a: Empoleon|[miss]
|-miss|p2a: Mienshao|p1a: Empoleon
|
|-heal|p1a: Empoleon|150\/372 brn|[from] item: Leftovers
|-damage|p1a: Empoleon|104\/372 brn|[from] brn
|turn|29
|
|switch|p2a: Goodra|Goodra, F|139\/384 brn
|-damage|p2a: Goodra|91\/384 brn|[from] Stealth Rock
|switch|p1a: Entei|Entei|372\/372
|-ability|p1a: Entei|Pressure
|
|-damage|p2a: Goodra|43\/384 brn|[from] brn
|turn|30
|
|move|p1a: Entei|Sacred Fire|p2a: Goodra
|-resisted|p2a: Goodra
|-damage|p2a: Goodra|0 fnt
|faint|p2a: Goodra
|
|
|switch|p2a: Mienshao|Mienshao, F|271\/271
|-damage|p2a: Mienshao|255\/271|[from] Stealth Rock
|turn|31
|
|move|p2a: Mienshao|High Jump Kick|p1a: Entei
|-damage|p1a: Entei|126\/372
|move|p1a: Entei|Sacred Fire|p2a: Mienshao
|-damage|p2a: Mienshao|0 fnt
|faint|p2a: Mienshao
|
|-message|jesseboyee forfeited.
|
|win|Adri989898
|raw|Ladder updating...
|leave|jesseboyee
|player|p2
|c|âAdri989898|gg