|join|RectalRetribution
|join|jesseboyee
|player|p1|RectalRetribution|283
|player|p2|jesseboyee|80
|gametype|singles
|gen|6
|tier|UU
|rated
|rule|Sleep Clause Mod: Limit one foe put to sleep
|rule|Species Clause: Limit one of each PokÃ©mon
|rule|OHKO Clause: OHKO moves are banned
|rule|Moody Clause: Moody is banned
|rule|Evasion Moves Clause: Evasion moves are banned
|rule|Endless Battle Clause: Forcing endless battles is banned
|rule|HP Percentage Mod: HP is shown in percentages
|clearpoke
|poke|p1|Honchkrow, M
|poke|p1|Roserade, F
|poke|p1|Nidoking, M
|poke|p1|Starmie
|poke|p1|Ampharos, F
|poke|p1|Mienshao, F
|poke|p2|Vaporeon, F
|poke|p2|Chesnaught, M
|poke|p2|Lopunny, F
|poke|p2|Hippowdon, M
|poke|p2|Kyurem
|poke|p2|Jirachi
|rule|Swagger Clause: Swagger is banned
|rule|Baton Pass Clause: Limit one PokÃ©mon knowing Baton Pass
|teampreview
|
|start
|switch|p1a: Nidoking|Nidoking, M|303\/303
|switch|p2a: Lopunny|Lopunny, F|272\/272
|turn|1
|
|switch|p1a: Mienshao|Mienshao, F|271\/271
|detailschange|p2a: Lopunny|Lopunny-Mega, F
|message|Lopunny has Mega Evolved into Mega Lopunny!
|move|p2a: Lopunny|Fake Out|p1a: Mienshao
|-damage|p1a: Mienshao|157\/271
|
|turn|2
|
|switch|p2a: Hippowdon|Hippowdon, M|420\/420
|move|p1a: Mienshao|U-turn|p2a: Hippowdon
|-damage|p2a: Hippowdon|369\/420
|
|switch|p1a: Roserade|Roserade, F|324\/324
|
|-heal|p2a: Hippowdon|395\/420|[from] item: Leftovers
|turn|3
|
|switch|p2a: Chesnaught|Chesnaught, M|380\/380
|move|p1a: Roserade|Spikes|p2a: Chesnaught
|-sidestart|p2: jesseboyee|Spikes
|
|turn|4
|
|switch|p1a: Nidoking|Nidoking, M|303\/303
|move|p2a: Chesnaught|Spikes|p1a: Nidoking
|-sidestart|p1: RectalRetribution|Spikes
|
|turn|5
|
|switch|p2a: Vaporeon|Vaporeon, F|451\/451
|-damage|p2a: Vaporeon|395\/451|[from] Spikes
|move|p1a: Nidoking|Stealth Rock|p2a: Vaporeon
|-sidestart|p2: jesseboyee|move: Stealth Rock
|
|-heal|p2a: Vaporeon|423\/451|[from] item: Leftovers
|turn|6
|
|switch|p1a: Ampharos|Ampharos, F|354\/354
|-damage|p1a: Ampharos|310\/354|[from] Spikes
|move|p2a: Vaporeon|Scald|p1a: Ampharos
|-damage|p1a: Ampharos|196\/354
|
|-heal|p2a: Vaporeon|451\/451|[from] item: Leftovers
|turn|7
|
|switch|p2a: Hippowdon|Hippowdon, M|395\/420
|-damage|p2a: Hippowdon|343\/420|[from] Spikes
|-damage|p2a: Hippowdon|317\/420|[from] Stealth Rock
|detailschange|p1a: Ampharos|Ampharos-Mega, F
|message|Ampharos has Mega Evolved into Mega Ampharos!
|-ability|p1a: Ampharos|Mold Breaker
|move|p1a: Ampharos|Dragon Pulse|p2a: Hippowdon
|-damage|p2a: Hippowdon|38\/420
|
|-heal|p2a: Hippowdon|64\/420|[from] item: Leftovers
|turn|8
|
|move|p1a: Ampharos|Dragon Pulse|p2a: Hippowdon
|-damage|p2a: Hippowdon|0 fnt
|faint|p2a: Hippowdon
|
|
|switch|p2a: Lopunny|Lopunny-Mega, F|272\/272
|-damage|p2a: Lopunny|255\/272|[from] Stealth Rock
|-damage|p2a: Lopunny|221\/272|[from] Spikes
|turn|9
|
|switch|p1a: Starmie|Starmie|323\/323
|-damage|p1a: Starmie|283\/323|[from] Spikes
|move|p2a: Lopunny|Substitute|p2a: Lopunny
|-start|p2a: Lopunny|Substitute
|-damage|p2a: Lopunny|153\/272
|
|-heal|p1a: Starmie|303\/323|[from] item: Leftovers
|turn|10
|
|move|p2a: Lopunny|High Jump Kick|p1a: Starmie|[miss]
|-miss|p2a: Lopunny|p1a: Starmie
|-damage|p2a: Lopunny|17\/272|[from] highjumpkick
|move|p1a: Starmie|Scald|p2a: Lopunny
|-end|p2a: Lopunny|Substitute
|
|-heal|p1a: Starmie|323\/323|[from] item: Leftovers
|turn|11
|
|move|p2a: Lopunny|High Jump Kick|p1a: Starmie
|-resisted|p1a: Starmie
|-damage|p1a: Starmie|197\/323
|move|p1a: Starmie|Scald|p2a: Lopunny
|-damage|p2a: Lopunny|0 fnt
|faint|p2a: Lopunny
|
|-heal|p1a: Starmie|217\/323|[from] item: Leftovers
|
|switch|p2a: Vaporeon|Vaporeon, F|451\/451
|-damage|p2a: Vaporeon|395\/451|[from] Stealth Rock
|-damage|p2a: Vaporeon|339\/451|[from] Spikes
|turn|12
|
|move|p1a: Starmie|Rapid Spin|p2a: Vaporeon
|-damage|p2a: Vaporeon|327\/451
|-sideend|p1: RectalRetribution|Spikes|[from] move: Rapid Spin|[of] p1a: Starmie
|move|p2a: Vaporeon|Scald|p1a: Starmie
|-resisted|p1a: Starmie
|-damage|p1a: Starmie|159\/323
|
|-heal|p1a: Starmie|179\/323|[from] item: Leftovers
|-heal|p2a: Vaporeon|355\/451|[from] item: Leftovers
|turn|13
|
|switch|p1a: Ampharos|Ampharos-Mega, F|196\/354
|-ability|p1a: Ampharos|Mold Breaker
|move|p2a: Vaporeon|Scald|p1a: Ampharos
|-resisted|p1a: Ampharos
|-damage|p1a: Ampharos|146\/354
|
|-heal|p2a: Vaporeon|383\/451|[from] item: Leftovers
|turn|14
|
|switch|p2a: Jirachi|Jirachi|397\/397
|-damage|p2a: Jirachi|373\/397|[from] Stealth Rock
|-damage|p2a: Jirachi|324\/397|[from] Spikes
|move|p1a: Ampharos|Volt Switch|p2a: Jirachi
|-damage|p2a: Jirachi|173\/397
|
|switch|p1a: Nidoking|Nidoking, M|303\/303
|
|-heal|p2a: Jirachi|197\/397|[from] item: Leftovers
|turn|15
|
|move|p1a: Nidoking|Earth Power|p2a: Jirachi
|-supereffective|p2a: Jirachi
|-damage|p2a: Jirachi|0 fnt
|faint|p2a: Jirachi
|
|-message|jesseboyee forfeited.
|
|win|RectalRetribution
|raw|Ladder updating...
|leave|jesseboyee
|player|p2
|raw|RectalRetribution's rating: 1248 &rarr; <strong>1280<\/strong><br \/>(+32 for winning)
|raw|jesseboyee's rating: 1339 &rarr; <strong>1314<\/strong><br \/>(-25 for losing)