|join|jesseboyee
|join|Pillow Chrome
|player|p1|jesseboyee|80
|player|p2|Pillow Chrome|242
|gametype|singles
|gen|6
|tier|UU
|rated
|rule|Sleep Clause Mod: Limit one foe put to sleep
|rule|Species Clause: Limit one of each PokÃ©mon
|rule|OHKO Clause: OHKO moves are banned
|rule|Moody Clause: Moody is banned
|rule|Evasion Moves Clause: Evasion moves are banned
|rule|Endless Battle Clause: Forcing endless battles is banned
|rule|HP Percentage Mod: HP is shown in percentages
|clearpoke
|poke|p1|Umbreon, F
|poke|p1|Suicune
|poke|p1|Hippowdon, M
|poke|p1|Mienshao, F
|poke|p1|Jirachi
|poke|p1|Hydreigon, F
|poke|p2|Drifblim, F
|poke|p2|Espeon, F
|poke|p2|Suicune
|poke|p2|Shuckle, F
|poke|p2|Beedrill, F
|poke|p2|Mienshao, F
|rule|Swagger Clause: Swagger is banned
|rule|Baton Pass Clause: Limit one PokÃ©mon knowing Baton Pass
|teampreview
|
|start
|switch|p1a: Suicune|Suicune|404\/404
|switch|p2a: Shuckle|Shuckle, F|244\/244
|-ability|p1a: Suicune|Pressure
|turn|1
|
|move|p1a: Suicune|Calm Mind|p1a: Suicune
|-boost|p1a: Suicune|spa|1
|-boost|p1a: Suicune|spd|1
|move|p2a: Shuckle|Sticky Web|p1a: Suicune
|-sidestart|p1: jesseboyee|move: Sticky Web
|
|turn|2
|
|switch|p2a: Drifblim|Drifblim, F|504\/504
|move|p1a: Suicune|Calm Mind|p1a: Suicune
|-boost|p1a: Suicune|spa|1
|-boost|p1a: Suicune|spd|1
|
|turn|3
|
|move|p1a: Suicune|Scald|p2a: Drifblim
|-damage|p2a: Drifblim|264\/504
|-status|p2a: Drifblim|brn
|move|p2a: Drifblim|Stockpile|p2a: Drifblim
|-start|p2a: Drifblim|stockpile1
|-boost|p2a: Drifblim|def|1
|-boost|p2a: Drifblim|spd|1
|
|-damage|p2a: Drifblim|201\/504 brn|[from] brn
|turn|4
|
|move|p1a: Suicune|Scald|p2a: Drifblim
|-damage|p2a: Drifblim|41\/504 brn
|move|p2a: Drifblim|Baton Pass|p2a: Drifblim
|
|switch|p2a: Espeon|Espeon, F|272\/272
|
|turn|5
|
|move|p2a: Espeon|Calm Mind|p2a: Espeon
|-boost|p2a: Espeon|spa|1
|-boost|p2a: Espeon|spd|1
|move|p1a: Suicune|Calm Mind|p1a: Suicune
|-boost|p1a: Suicune|spa|1
|-boost|p1a: Suicune|spd|1
|
|turn|6
|
|move|p2a: Espeon|Calm Mind|p2a: Espeon
|-boost|p2a: Espeon|spa|1
|-boost|p2a: Espeon|spd|1
|move|p1a: Suicune|Calm Mind|p1a: Suicune
|-boost|p1a: Suicune|spa|1
|-boost|p1a: Suicune|spd|1
|
|turn|7
|
|move|p2a: Espeon|Calm Mind|p2a: Espeon
|-boost|p2a: Espeon|spa|1
|-boost|p2a: Espeon|spd|1
|move|p1a: Suicune|Calm Mind|p1a: Suicune
|-boost|p1a: Suicune|spa|1
|-boost|p1a: Suicune|spd|1
|
|turn|8
|
|move|p2a: Espeon|Calm Mind|p2a: Espeon
|-boost|p2a: Espeon|spa|1
|-boost|p2a: Espeon|spd|1
|move|p1a: Suicune|Calm Mind|p1a: Suicune
|-boost|p1a: Suicune|spa|1
|-boost|p1a: Suicune|spd|1
|
|turn|9
|
|move|p2a: Espeon|Stored Power|p1a: Suicune
|-damage|p1a: Suicune|121\/404
|move|p1a: Suicune|Scald|p2a: Espeon
|-damage|p2a: Espeon|173\/272
|
|-heal|p2a: Espeon|190\/272|[from] item: Leftovers
|-heal|p1a: Suicune|146\/404|[from] item: Leftovers
|turn|10
|
|move|p2a: Espeon|Stored Power|p1a: Suicune
|-damage|p1a: Suicune|0 fnt
|faint|p1a: Suicune
|
|-heal|p2a: Espeon|207\/272|[from] item: Leftovers
|
|switch|p1a: Mienshao|Mienshao, F|271\/271
|-activate|p1a: Mienshao|move: Sticky Web
|-unboost|p1a: Mienshao|spe|1
|turn|11
|
|move|p2a: Espeon|Morning Sun|p2a: Espeon
|-heal|p2a: Espeon|272\/272
|move|p1a: Mienshao|U-turn|p2a: Espeon
|-supereffective|p2a: Espeon
|-damage|p2a: Espeon|116\/272
|
|switch|p1a: Jirachi|Jirachi|341\/341
|-activate|p1a: Jirachi|move: Sticky Web
|-unboost|p1a: Jirachi|spe|1
|
|-heal|p2a: Espeon|133\/272|[from] item: Leftovers
|turn|12
|
|move|p2a: Espeon|Stored Power|p1a: Jirachi
|-resisted|p1a: Jirachi
|-damage|p1a: Jirachi|0 fnt
|faint|p1a: Jirachi
|
|-heal|p2a: Espeon|150\/272|[from] item: Leftovers
|
|switch|p1a: Hydreigon|Hydreigon, F|325\/325
|turn|13
|
|move|p1a: Hydreigon|Dark Pulse|p2a: Espeon
|-supereffective|p2a: Espeon
|-damage|p2a: Espeon|72\/272
|cant|p2a: Espeon|flinch
|
|-heal|p2a: Espeon|89\/272|[from] item: Leftovers
|turn|14
|
|move|p1a: Hydreigon|Dark Pulse|p2a: Espeon
|-supereffective|p2a: Espeon
|-damage|p2a: Espeon|3\/272
|move|p2a: Espeon|Morning Sun|p2a: Espeon
|-heal|p2a: Espeon|139\/272
|
|-heal|p2a: Espeon|156\/272|[from] item: Leftovers
|turn|15
|
|move|p1a: Hydreigon|Dark Pulse|p2a: Espeon
|-supereffective|p2a: Espeon
|-damage|p2a: Espeon|76\/272
|move|p2a: Espeon|Dazzling Gleam|p1a: Hydreigon
|-supereffective|p1a: Hydreigon
|-damage|p1a: Hydreigon|0 fnt
|faint|p1a: Hydreigon
|
|-heal|p2a: Espeon|93\/272|[from] item: Leftovers
|
|switch|p1a: Mienshao|Mienshao, F|271\/271
|-activate|p1a: Mienshao|move: Sticky Web
|-unboost|p1a: Mienshao|spe|1
|turn|16
|
|move|p2a: Espeon|Stored Power|p1a: Mienshao
|-supereffective|p1a: Mienshao
|-damage|p1a: Mienshao|0 fnt
|faint|p1a: Mienshao
|
|-heal|p2a: Espeon|110\/272|[from] item: Leftovers
|-message|jesseboyee forfeited.
|
|win|Pillow Chrome
|raw|Ladder updating...
|leave|jesseboyee
|player|p1
|raw|jesseboyee's rating: 1439 &rarr; <strong>1413<\/strong><br \/>(-26 for losing)
|raw|Pillow Chrome's rating: 1331 &rarr; <strong>1357<\/strong><br \/>(+26 for winning)