|join|Mouzourides
|join|DatIG
|player|p1|Mouzourides|290
|player|p2|DatIG|234
|gametype|singles
|gen|6
|tier|OU
|rated
|clearpoke
|poke|p1|Heracross, F
|poke|p1|Wobbuffet, M
|poke|p1|Landorus-Therian, M
|poke|p1|Azumarill, M
|poke|p1|Latias, F
|poke|p1|Thundurus, M
|poke|p2|Kyurem-Black
|poke|p2|Magnezone
|poke|p2|Azumarill, M
|poke|p2|Tyranitar, M
|poke|p2|Landorus, M
|poke|p2|Zapdos
|rule|Swagger Clause: Swagger is banned
|rule|Baton Pass Clause: Limit one PokÃ©mon knowing Baton Pass
|rule|Sleep Clause Mod: Limit one foe put to sleep
|rule|Species Clause: Limit one of each PokÃ©mon
|rule|OHKO Clause: OHKO moves are banned
|rule|Moody Clause: Moody is banned
|rule|Evasion Moves Clause: Evasion moves are banned
|rule|Endless Battle Clause: Forcing endless battles is banned
|rule|HP Percentage Mod: HP is shown in percentages
|teampreview
|
|start
|switch|p1a: Wobbuffet|Wobbuffet, M|528\/528
|switch|p2a: Al Pacino|Azumarill, M|404\/404
|turn|1
|
|move|p2a: Al Pacino|Knock Off|p1a: Wobbuffet
|-crit|p1a: Wobbuffet
|-supereffective|p1a: Wobbuffet
|-damage|p1a: Wobbuffet|102\/528
|-enditem|p1a: Wobbuffet|Leftovers|[from] move: Knock Off|[of] p2a: Al Pacino
|move|p1a: Wobbuffet|Counter|p2a: Al Pacino
|-damage|p2a: Al Pacino|0 fnt
|faint|p2a: Al Pacino
|
|
|switch|p2a: Orga|Kyurem-Black|391\/391
|-ability|p2a: Orga|Teravolt
|turn|2
|
|move|p2a: Orga|Dragon Claw|p1a: Wobbuffet
|-damage|p1a: Wobbuffet|0 fnt
|faint|p1a: Wobbuffet
|
|
|switch|p1a: Thundurus|Thundurus, M|299\/299
|turn|3
|
|move|p1a: Thundurus|Substitute|p1a: Thundurus
|-start|p1a: Thundurus|Substitute
|-damage|p1a: Thundurus|225\/299
|move|p2a: Orga|Dragon Claw|p1a: Thundurus
|-end|p1a: Thundurus|Substitute
|
|-heal|p1a: Thundurus|243\/299|[from] item: Leftovers
|turn|4
|
|move|p1a: Thundurus|Focus Blast|p2a: Orga
|-supereffective|p2a: Orga
|-damage|p2a: Orga|81\/391
|-unboost|p2a: Orga|spd|1
|move|p2a: Orga|Dragon Claw|p1a: Thundurus
|-damage|p1a: Thundurus|0 fnt
|faint|p1a: Thundurus
|
|
|switch|p1a: Azumarill|Azumarill, M|345\/345
|turn|5
|
|switch|p2a: MAGNE|Magnezone|309\/309
|move|p1a: Azumarill|Knock Off|p2a: MAGNE
|-damage|p2a: MAGNE|188\/309
|-enditem|p2a: MAGNE|Choice Specs|[from] move: Knock Off|[of] p1a: Azumarill
|
|turn|6
|
|switch|p1a: Landorus-Therian|Landorus-Therian, M|382\/382
|-ability|p1a: Landorus-Therian|Intimidate|[of] p2a: MAGNE
|-unboost|p2a: MAGNE|atk|1
|move|p2a: MAGNE|Flash Cannon|p1a: Landorus-Therian
|-damage|p1a: Landorus-Therian|204\/382
|
|-heal|p1a: Landorus-Therian|227\/382|[from] item: Leftovers
|turn|7
|
|move|p1a: Landorus-Therian|Stealth Rock|p2a: MAGNE
|-sidestart|p2: DatIG|move: Stealth Rock
|move|p2a: MAGNE|Flash Cannon|p1a: Landorus-Therian
|-damage|p1a: Landorus-Therian|40\/382
|
|-heal|p1a: Landorus-Therian|63\/382|[from] item: Leftovers
|turn|8
|
|switch|p2a: Phoenix Wrong|Zapdos|384\/384
|-damage|p2a: Phoenix Wrong|288\/384|[from] Stealth Rock
|-ability|p2a: Phoenix Wrong|Pressure
|move|p1a: Landorus-Therian|Earthquake|p2a: Phoenix Wrong
|-immune|p2a: Phoenix Wrong|[msg]
|
|-heal|p2a: Phoenix Wrong|312\/384|[from] item: Leftovers
|-heal|p1a: Landorus-Therian|86\/382|[from] item: Leftovers
|turn|9
|
|move|p2a: Phoenix Wrong|Hidden Power|p1a: Landorus-Therian
|-supereffective|p1a: Landorus-Therian
|-damage|p1a: Landorus-Therian|0 fnt
|faint|p1a: Landorus-Therian
|
|-heal|p2a: Phoenix Wrong|336\/384|[from] item: Leftovers
|
|switch|p1a: Heracross|Heracross, F|311\/311
|turn|10
|
|detailschange|p1a: Heracross|Heracross-Mega, F
|message|Heracross has Mega Evolved into Mega Heracross!
|move|p1a: Heracross|Rock Blast|p2a: Phoenix Wrong
|-supereffective|p2a: Phoenix Wrong
|-damage|p2a: Phoenix Wrong|266\/384
|-supereffective|p2a: Phoenix Wrong
|-damage|p2a: Phoenix Wrong|186\/384
|-crit|p2a: Phoenix Wrong
|-supereffective|p2a: Phoenix Wrong
|-damage|p2a: Phoenix Wrong|78\/384
|-supereffective|p2a: Phoenix Wrong
|-damage|p2a: Phoenix Wrong|0 fnt
|-hitcount|p2a: Phoenix Wrong|4
|faint|p2a: Phoenix Wrong
|
|
|switch|p2a: Bentoverus|Landorus, M|320\/320
|-damage|p2a: Bentoverus|280\/320|[from] Stealth Rock
|turn|11
|
|switch|p1a: Latias|Latias, F|302\/302
|move|p2a: Bentoverus|Psychic|p1a: Latias
|-resisted|p1a: Latias
|-damage|p1a: Latias|240\/302
|
|turn|12
|
|switch|p1a: Heracross|Heracross-Mega, F|311\/311
|switch|p2a: MAGNE|Magnezone|188\/309
|-damage|p2a: MAGNE|169\/309|[from] Stealth Rock
|
|turn|13
|
|move|p1a: Heracross|Close Combat|p2a: MAGNE
|-supereffective|p2a: MAGNE
|-damage|p2a: MAGNE|0 fnt
|-unboost|p1a: Heracross|def|1
|-unboost|p1a: Heracross|spd|1
|faint|p2a: MAGNE
|
|
|switch|p2a: Orga|Kyurem-Black|81\/391
|-damage|p2a: Orga|0 fnt|[from] Stealth Rock
|faint|p2a: Orga
|
|switch|p2a: Bentoverus|Landorus, M|280\/320
|-damage|p2a: Bentoverus|240\/320|[from] Stealth Rock
|turn|14
|
|switch|p1a: Latias|Latias, F|240\/302
|move|p2a: Bentoverus|Psychic|p1a: Latias
|-resisted|p1a: Latias
|-damage|p1a: Latias|171\/302
|
|turn|15
|
|move|p1a: Latias|Draco Meteor|p2a: Bentoverus
|-crit|p2a: Bentoverus
|-damage|p2a: Bentoverus|0 fnt
|-unboost|p1a: Latias|spa|2
|-damage|p1a: Latias|141\/302|[from] item: Life Orb
|faint|p2a: Bentoverus
|
|
|switch|p2a: Tea Tar|Tyranitar, M|342\/342
|-damage|p2a: Tea Tar|300\/342|[from] Stealth Rock
|-weather|Sandstorm
|turn|16
|
|switch|p1a: Azumarill|Azumarill, M|345\/345
|detailschange|p2a: Tea Tar|Tyranitar-Mega, M
|message|Tyranitar has Mega Evolved into Mega Tyranitar!
|move|p2a: Tea Tar|Dragon Dance|p2a: Tea Tar
|-boost|p2a: Tea Tar|atk|1
|-boost|p2a: Tea Tar|spe|1
|
|-weather|Sandstorm|[upkeep]
|-damage|p1a: Azumarill|324\/345|[from] sandstorm
|turn|17
|
|move|p2a: Tea Tar|Stone Edge|p1a: Azumarill
|-damage|p1a: Azumarill|0 fnt
|faint|p1a: Azumarill
|
|-weather|Sandstorm|[upkeep]
|
|switch|p1a: Heracross|Heracross-Mega, F|311\/311
|turn|18
|
|move|p2a: Tea Tar|Stone Edge|p1a: Heracross
|-damage|p1a: Heracross|46\/311
|move|p1a: Heracross|Close Combat|p2a: Tea Tar
|-supereffective|p2a: Tea Tar
|-damage|p2a: Tea Tar|0 fnt
|-unboost|p1a: Heracross|def|1
|-unboost|p1a: Heracross|spd|1
|faint|p2a: Tea Tar
|
|win|Mouzourides
|raw|Ladder updating...
|raw|Mouzourides's rating: 1527 &rarr; <strong>1546<\/strong><br \/>(+19 for winning)
|raw|DatIG's rating: 1518 &rarr; <strong>1499<\/strong><br \/>(-19 for losing)
|c|âMouzourides|gg
|c|âDatIG|gg