|join|toiletpkay
|join|Mouzourides
|player|p1|toiletpkay|293
|player|p2|Mouzourides|290
|gametype|singles
|gen|6
|tier|OU
|rated
|clearpoke
|poke|p1|Azumarill, F
|poke|p1|Greninja, F
|poke|p1|Manectric, M
|poke|p1|Landorus-Therian, M
|poke|p1|Victini
|poke|p1|Honchkrow, M
|poke|p2|Pinsir, F
|poke|p2|Garchomp, M
|poke|p2|Skarmory, M
|poke|p2|Rotom-Wash
|poke|p2|Heatran, M
|poke|p2|Greninja, M
|rule|Swagger Clause: Swagger is banned
|rule|Baton Pass Clause: Limit one PokÃ©mon knowing Baton Pass
|rule|Sleep Clause Mod: Limit one foe put to sleep
|rule|Species Clause: Limit one of each PokÃ©mon
|rule|OHKO Clause: OHKO moves are banned
|rule|Moody Clause: Moody is banned
|rule|Evasion Moves Clause: Evasion moves are banned
|rule|Endless Battle Clause: Forcing endless battles is banned
|rule|HP Percentage Mod: HP is reported as percentages
|teampreview
|chat|Mouzourides|hello again 
|
|start
|switch|p1a: Greninja|Greninja, F|286\/286
|switch|p2a: Rotom-Wash|Rotom-Wash|304\/304
|turn|1
|
|move|p1a: Greninja|Dark Pulse|p2a: Rotom-Wash
|-start|p1a: Greninja|typechange|Dark|[from] Protean
|-damage|p2a: Rotom-Wash|201\/304
|-damage|p1a: Greninja|258\/286|[from] item: Life Orb
|move|p2a: Rotom-Wash|Hydro Pump|p1a: Greninja
|-damage|p1a: Greninja|72\/286
|
|-heal|p2a: Rotom-Wash|220\/304|[from] item: Leftovers
|turn|2
|
|switch|p1a: Manectric|Manectric, M|281\/281
|move|p2a: Rotom-Wash|Volt Switch|p1a: Manectric
|-boost|p1a: Manectric|spa|1|[from] ability: Lightningrod
|
|-heal|p2a: Rotom-Wash|239\/304|[from] item: Leftovers
|turn|3
|
|switch|p2a: Heatran|Heatran, M|386\/386
|detailschange|p1a: Manectric|Manectric-Mega, M
|message|Manectric has Mega Evolved into Mega Manectric!
|-ability|p1a: Manectric|Intimidate|[of] p2a: Heatran
|-unboost|p2a: Heatran|atk|1
|move|p1a: Manectric|Thunderbolt|p2a: Heatran
|-damage|p2a: Heatran|200\/386
|
|-heal|p2a: Heatran|224\/386|[from] item: Leftovers
|turn|4
|
|move|p1a: Manectric|Thunderbolt|p2a: Heatran
|-damage|p2a: Heatran|53\/386
|move|p2a: Heatran|Stealth Rock|p1a: Manectric
|-sidestart|p1: toiletpkay|move: Stealth Rock
|
|-heal|p2a: Heatran|77\/386|[from] item: Leftovers
|turn|5
|
|move|p1a: Manectric|Hidden Power|p2a: Heatran
|-crit|p2a: Heatran
|-resisted|p2a: Heatran
|-damage|p2a: Heatran|49\/386
|move|p2a: Heatran|Earth Power|p1a: Manectric
|-supereffective|p1a: Manectric
|-damage|p1a: Manectric|73\/281
|
|-heal|p2a: Heatran|73\/386|[from] item: Leftovers
|turn|6
|
|switch|p2a: Garchomp|Garchomp, M|358\/358
|move|p1a: Manectric|Volt Switch|p2a: Garchomp
|-immune|p2a: Garchomp|[msg]
|
|turn|7
|
|move|p2a: Garchomp|Dragon Claw|p1a: Manectric
|-damage|p1a: Manectric|0 fnt
|faint|p1a: Manectric
|
|
|switch|p1a: Honchkrow|Honchkrow, M|341\/341
|-damage|p1a: Honchkrow|256\/341|[from] Stealth Rock
|turn|8
|
|move|p1a: Honchkrow|Pursuit|p2a: Garchomp|[from]Pursuit
|-damage|p2a: Garchomp|193\/358
|-damage|p1a: Honchkrow|214\/341|[from] ability: Rough Skin|[of] p2a: Garchomp
|switch|p2a: Skarmory|Skarmory, M|334\/334
|
|turn|9
|
|move|p1a: Honchkrow|Defog|p2a: Skarmory
|-unboost|p2a: Skarmory|evasion|1
|-sideend|p1: toiletpkay|Stealth Rock|[from] move: Defog|[of] p1a: Honchkrow
|move|p2a: Skarmory|Counter|p1a: Honchkrow
|-fail|p1a: Honchkrow
|
|turn|10
|
|switch|p1a: Victini|Victini|341\/341
|move|p2a: Skarmory|Whirlwind|p1a: Victini
|drag|p1a: Landorus-Therian|Landorus-Therian, M|382\/382
|-ability|p1a: Landorus-Therian|Intimidate|[of] p2a: Skarmory
|-unboost|p2a: Skarmory|atk|1
|
|turn|11
|
|switch|p2a: Rotom-Wash|Rotom-Wash|239\/304
|move|p1a: Landorus-Therian|Stealth Rock|p2a: Rotom-Wash
|-sidestart|p2: Mouzourides|move: Stealth Rock
|
|-heal|p2a: Rotom-Wash|258\/304|[from] item: Leftovers
|turn|12
|
|move|p1a: Landorus-Therian|U-turn|p2a: Rotom-Wash
|-damage|p2a: Rotom-Wash|167\/304
|
|switch|p1a: Greninja|Greninja, F|72\/286
|move|p2a: Rotom-Wash|Hydro Pump|p1a: Greninja|[miss]
|-miss|p2a: Rotom-Wash|p1a: Greninja
|
|-heal|p2a: Rotom-Wash|186\/304|[from] item: Leftovers
|turn|13
|
|move|p1a: Greninja|Dark Pulse|p2a: Rotom-Wash
|-start|p1a: Greninja|typechange|Dark|[from] Protean
|-crit|p2a: Rotom-Wash
|-damage|p2a: Rotom-Wash|14\/304
|-damage|p1a: Greninja|44\/286|[from] item: Life Orb
|move|p2a: Rotom-Wash|Volt Switch|p1a: Greninja
|-damage|p1a: Greninja|0 fnt
|faint|p1a: Greninja
|
|switch|p2a: Greninja|Greninja, M|286\/286
|-damage|p2a: Greninja|251\/286|[from] Stealth Rock
|
|
|switch|p1a: Azumarill|Azumarill, F|342\/342
|turn|14
|
|switch|p1a: Honchkrow|Honchkrow, M|214\/341
|move|p2a: Greninja|Extrasensory|p1a: Honchkrow
|-start|p2a: Greninja|typechange|Psychic|[from] Protean
|-immune|p1a: Honchkrow|[msg]
|
|turn|15
|chat|Mouzourides|that was a good play
|
|move|p2a: Greninja|Surf|p1a: Honchkrow
|-start|p2a: Greninja|typechange|Water|[from] Protean
|-damage|p1a: Honchkrow|0 fnt
|-damage|p2a: Greninja|223\/286|[from] item: Life Orb
|faint|p1a: Honchkrow
|
|
|switch|p1a: Victini|Victini|341\/341
|turn|16
|
|switch|p2a: Rotom-Wash|Rotom-Wash|14\/304
|-damage|p2a: Rotom-Wash|0 fnt|[from] Stealth Rock
|faint|p2a: Rotom-Wash
|move|p1a: Victini|Bolt Strike|p2: Rotom-Wash|[notarget]
|-notarget
|
|
|switch|p2a: Skarmory|Skarmory, M|334\/334
|-damage|p2a: Skarmory|293\/334|[from] Stealth Rock
|turn|17
|
|move|p1a: Victini|Blue Flare|p2a: Skarmory
|-supereffective|p2a: Skarmory
|-damage|p2a: Skarmory|0 fnt
|faint|p2a: Skarmory
|
|
|switch|p2a: Garchomp|Garchomp, M|193\/358
|-damage|p2a: Garchomp|171\/358|[from] Stealth Rock
|turn|18
|
|switch|p1a: Landorus-Therian|Landorus-Therian, M|382\/382
|-ability|p1a: Landorus-Therian|Intimidate|[of] p2a: Garchomp
|-unboost|p2a: Garchomp|atk|1
|move|p2a: Garchomp|Stone Edge|p1a: Landorus-Therian
|-damage|p1a: Landorus-Therian|299\/382
|
|-heal|p1a: Landorus-Therian|322\/382|[from] item: Leftovers
|turn|19
|
|switch|p2a: Heatran|Heatran, M|73\/386
|-damage|p2a: Heatran|25\/386|[from] Stealth Rock
|move|p1a: Landorus-Therian|U-turn|p2a: Heatran
|-resisted|p2a: Heatran
|-damage|p2a: Heatran|3\/386
|
|switch|p1a: Victini|Victini|341\/341
|
|-heal|p2a: Heatran|27\/386|[from] item: Leftovers
|turn|20
|
|move|p1a: Victini|Bolt Strike|p2a: Heatran
|-crit|p2a: Heatran
|-damage|p2a: Heatran|0 fnt
|faint|p2a: Heatran
|
|
|switch|p2a: Greninja|Greninja, M|223\/286
|-damage|p2a: Greninja|188\/286|[from] Stealth Rock
|turn|21
|
|move|p2a: Greninja|Surf|p1a: Victini
|-start|p2a: Greninja|typechange|Water|[from] Protean
|-crit|p1a: Victini
|-supereffective|p1a: Victini
|-damage|p1a: Victini|0 fnt
|-damage|p2a: Greninja|160\/286|[from] item: Life Orb
|faint|p1a: Victini
|
|chat|toiletpkay|the he;;
|chat|toiletpkay|hell
|chat|toiletpkay|wow
|
|switch|p1a: Azumarill|Azumarill, F|342\/342
|turn|22
|chat|toiletpkay|that was a load of bs
|chat|Mouzourides|salty
|chat|toiletpkay|i won this
|chat|toiletpkay|and u crit me
|
|move|p2a: Greninja|Extrasensory|p1a: Azumarill
|-start|p2a: Greninja|typechange|Psychic|[from] Protean
|-damage|p1a: Azumarill|143\/342
|-damage|p2a: Greninja|132\/286|[from] item: Life Orb
|-enditem|p1a: Azumarill|Sitrus Berry|[eat]
|-heal|p1a: Azumarill|228\/342|[from] item: Sitrus Berry
|cant|p1a: Azumarill|flinch
|
|turn|23
|chat|toiletpkay|fuck off
|
|move|p1a: Azumarill|Aqua Jet|p2a: Greninja
|-crit|p2a: Greninja
|-damage|p2a: Greninja|0 fnt
|faint|p2a: Greninja
|
|
|switch|p2a: Pinsir|Pinsir, F|271\/271
|-damage|p2a: Pinsir|204\/271|[from] Stealth Rock
|turn|24
|
|switch|p1a: Landorus-Therian|Landorus-Therian, M|322\/382
|-ability|p1a: Landorus-Therian|Intimidate|[of] p2a: Pinsir
|-unboost|p2a: Pinsir|atk|1
|detailschange|p2a: Pinsir|Pinsir-Mega, F
|message|Pinsir has Mega Evolved into Mega Pinsir!
|move|p2a: Pinsir|Return|p1a: Landorus-Therian
|-damage|p1a: Landorus-Therian|129\/382
|
|-heal|p1a: Landorus-Therian|152\/382|[from] item: Leftovers
|turn|25
|
|move|p2a: Pinsir|Return|p1a: Landorus-Therian
|-damage|p1a: Landorus-Therian|0 fnt
|faint|p1a: Landorus-Therian
|
|-message|toiletpkay forfeited.
|
|win|Mouzourides
|raw|Ladder updating...
|leave|toiletpkay
|player|p1
|raw|toiletpkay's rating: 1744 &rarr; <strong>1719<\/strong><br \/>(-25 for losing)
|raw|Mouzourides's rating: 1662 &rarr; <strong>1687<\/strong><br \/>(+25 for winning)