|join|Echoed Soul
|join|Mouzourides
|player|p1|Echoed Soul|264
|player|p2|Mouzourides|290
|gametype|singles
|gen|6
|tier|OU
|rated
|clearpoke
|poke|p1|Scizor, F
|poke|p1|Greninja, M
|poke|p1|Talonflame, M
|poke|p1|Latias, F
|poke|p1|Thundurus, M
|poke|p1|Landorus-Therian, M
|poke|p2|Pinsir, M
|poke|p2|Aegislash, M
|poke|p2|Mamoswine, F
|poke|p2|Azumarill, F
|poke|p2|Rotom-Heat
|poke|p2|Latios, M
|rule|Swagger Clause: Swagger is banned
|rule|Baton Pass Clause: Limit one PokÃ©mon knowing Baton Pass
|rule|Sleep Clause Mod: Limit one foe put to sleep
|rule|Species Clause: Limit one of each PokÃ©mon
|rule|OHKO Clause: OHKO moves are banned
|rule|Moody Clause: Moody is banned
|rule|Evasion Moves Clause: Evasion moves are banned
|rule|Endless Battle Clause: Forcing endless battles is banned
|rule|HP Percentage Mod: HP is reported as percentages
|teampreview
|
|start
|switch|p1a: Talonflame|Talonflame, M|297\/297
|switch|p2a: Mamoswine|Mamoswine, F|362\/362
|turn|1
|
|switch|p2a: Rotom-Heat|Rotom-Heat|241\/241
|move|p1a: Talonflame|U-turn|p2a: Rotom-Heat
|-resisted|p2a: Rotom-Heat
|-damage|p2a: Rotom-Heat|196\/241
|
|switch|p1a: Latias|Latias, F|301\/301
|
|turn|2
|
|move|p2a: Rotom-Heat|Volt Switch|p1a: Latias
|-resisted|p1a: Latias
|-damage|p1a: Latias|259\/301
|
|switch|p2a: Azumarill|Azumarill, F|404\/404
|move|p1a: Latias|Draco Meteor|p2a: Azumarill
|-immune|p2a: Azumarill|[msg]
|
|turn|3
|
|switch|p1a: Scizor|Scizor, F|281\/281
|move|p2a: Azumarill|Knock Off|p1a: Scizor
|-damage|p1a: Scizor|194\/281
|
|turn|4
|
|switch|p2a: Aegislash|Aegislash, M|324\/324
|detailschange|p1a: Scizor|Scizor-Mega, F
|message|Scizor has Mega Evolved into Mega Scizor!
|move|p1a: Scizor|U-turn|p2a: Aegislash
|-resisted|p2a: Aegislash
|-damage|p2a: Aegislash|300\/324
|
|switch|p1a: Landorus-Therian|Landorus-Therian, M|382\/382
|-ability|p1a: Landorus-Therian|Intimidate|[of] p2a: Aegislash
|-unboost|p2a: Aegislash|atk|1
|
|turn|5
|
|move|p1a: Landorus-Therian|Stealth Rock|p2a: Aegislash
|-sidestart|p2: Mouzourides|move: Stealth Rock
|-formechange|p2a: Aegislash|Aegislash-Blade
|move|p2a: Aegislash|Shadow Ball|p1a: Landorus-Therian
|-damage|p1a: Landorus-Therian|189\/382
|
|-heal|p1a: Landorus-Therian|212\/382|[from] item: Leftovers
|turn|6
|
|-formechange|p2a: Aegislash|Aegislash
|move|p2a: Aegislash|King's Shield|p2a: Aegislash
|-singleturn|p2a: Aegislash|Protect
|move|p1a: Landorus-Therian|Stone Edge|p2a: Aegislash
|-activate|p2a: Aegislash|Protect
|
|-heal|p1a: Landorus-Therian|235\/382|[from] item: Leftovers
|turn|7
|
|move|p1a: Landorus-Therian|Stone Edge|p2a: Aegislash|[miss]
|-miss|p1a: Landorus-Therian|p2a: Aegislash
|-formechange|p2a: Aegislash|Aegislash-Blade
|move|p2a: Aegislash|Shadow Ball|p1a: Landorus-Therian
|-damage|p1a: Landorus-Therian|40\/382
|
|-heal|p1a: Landorus-Therian|63\/382|[from] item: Leftovers
|turn|8
|chat|Echoed Soul|.
|chat|Echoed Soul|make a move
|
|move|p1a: Landorus-Therian|Earthquake|p2a: Aegislash
|-supereffective|p2a: Aegislash
|-damage|p2a: Aegislash|0 fnt
|faint|p2a: Aegislash
|
|-heal|p1a: Landorus-Therian|86\/382|[from] item: Leftovers
|
|switch|p2a: Latios|Latios, M|302\/302
|-damage|p2a: Latios|265\/302|[from] Stealth Rock
|turn|9
|
|move|p2a: Latios|Defog|p1a: Landorus-Therian
|-unboost|p1a: Landorus-Therian|evasion|1
|-sideend|p2: Mouzourides|Stealth Rock|[from] move: Defog|[of] p2a: Latios
|move|p1a: Landorus-Therian|U-turn|p2a: Latios
|-supereffective|p2a: Latios
|-damage|p2a: Latios|77\/302
|
|switch|p1a: Greninja|Greninja, M|286\/286
|
|turn|10
|
|switch|p2a: Azumarill|Azumarill, F|404\/404
|move|p1a: Greninja|Ice Beam|p2a: Azumarill
|-start|p1a: Greninja|typechange|Ice|[from] Protean
|-resisted|p2a: Azumarill
|-damage|p2a: Azumarill|335\/404
|-damage|p1a: Greninja|258\/286|[from] item: Life Orb
|
|turn|11
|
|switch|p1a: Landorus-Therian|Landorus-Therian, M|86\/382
|-ability|p1a: Landorus-Therian|Intimidate|[of] p2a: Azumarill
|-unboost|p2a: Azumarill|atk|1
|move|p2a: Azumarill|Play Rough|p1a: Landorus-Therian
|-damage|p1a: Landorus-Therian|0 fnt
|faint|p1a: Landorus-Therian
|
|
|switch|p1a: Scizor|Scizor-Mega, F|194\/281
|turn|12
|
|switch|p2a: Rotom-Heat|Rotom-Heat|196\/241
|move|p1a: Scizor|Knock Off|p2a: Rotom-Heat
|-damage|p2a: Rotom-Heat|58\/241
|-enditem|p2a: Rotom-Heat|Choice Scarf|[from] move: Knock Off|[of] p1a: Scizor
|
|turn|13
|
|switch|p1a: Latias|Latias, F|259\/301
|move|p2a: Rotom-Heat|Volt Switch|p1a: Latias
|-resisted|p1a: Latias
|-damage|p1a: Latias|214\/301
|
|switch|p2a: Mamoswine|Mamoswine, F|362\/362
|
|turn|14
|
|move|p1a: Latias|Draco Meteor|p2a: Mamoswine
|-enditem|p2a: Mamoswine|Focus Sash
|-damage|p2a: Mamoswine|1\/362
|-unboost|p1a: Latias|spa|2
|-damage|p1a: Latias|184\/301|[from] item: Life Orb
|move|p2a: Mamoswine|Icicle Crash|p1a: Latias
|-supereffective|p1a: Latias
|-damage|p1a: Latias|0 fnt
|faint|p1a: Latias
|
|chat|Mouzourides|make a move
|chat|Echoed Soul|:]
|
|switch|p1a: Scizor|Scizor-Mega, F|194\/281
|turn|15
|chat|Echoed Soul|hey buddy
|chat|Echoed Soul|make a move
|chat|Mouzourides|are we seriously going to tell each over to make a move every turn? ;)
|chat|Echoed Soul|lol
|
|switch|p2a: Latios|Latios, M|77\/302
|move|p1a: Scizor|Bullet Punch|p2a: Latios
|-damage|p2a: Latios|0 fnt
|faint|p2a: Latios
|
|chat|Echoed Soul|maybe
|
|switch|p2a: Rotom-Heat|Rotom-Heat|58\/241
|turn|16
|chat|Mouzourides|*other
|
|switch|p1a: Greninja|Greninja, M|258\/286
|move|p2a: Rotom-Heat|Overheat|p1a: Greninja
|-resisted|p1a: Greninja
|-damage|p1a: Greninja|124\/286
|-unboost|p2a: Rotom-Heat|spa|2
|
|turn|17
|
|switch|p2a: Azumarill|Azumarill, F|335\/404
|move|p1a: Greninja|Extrasensory|p2a: Azumarill
|-start|p1a: Greninja|typechange|Psychic|[from] Protean
|-damage|p2a: Azumarill|206\/404
|-damage|p1a: Greninja|96\/286|[from] item: Life Orb
|
|turn|18
|
|move|p2a: Azumarill|Aqua Jet|p1a: Greninja
|-damage|p1a: Greninja|0 fnt
|faint|p1a: Greninja
|
|
|switch|p1a: Talonflame|Talonflame, M|297\/297
|turn|19
|
|move|p1a: Talonflame|Brave Bird|p2a: Azumarill
|-damage|p2a: Azumarill|0 fnt
|-damage|p1a: Talonflame|229\/297|[from] recoil|[of] p2a: Azumarill
|faint|p2a: Azumarill
|
|
|switch|p2a: Rotom-Heat|Rotom-Heat|58\/241
|turn|20
|
|move|p1a: Talonflame|Brave Bird|p2a: Rotom-Heat
|-resisted|p2a: Rotom-Heat
|-damage|p2a: Rotom-Heat|0 fnt
|-damage|p1a: Talonflame|210\/297|[from] recoil|[of] p2a: Rotom-Heat
|faint|p2a: Rotom-Heat
|
|chat|Mouzourides|gg dude
|
|switch|p2a: Pinsir|Pinsir, M|271\/271
|turn|21
|
|detailschange|p2a: Pinsir|Pinsir-Mega, M
|message|Pinsir has Mega Evolved into Mega Pinsir!
|move|p1a: Talonflame|Brave Bird|p2a: Pinsir
|-supereffective|p2a: Pinsir
|-damage|p2a: Pinsir|0 fnt
|-damage|p1a: Talonflame|121\/297|[from] recoil|[of] p2a: Pinsir
|faint|p2a: Pinsir
|
|chat|Echoed Soul|gg
|
|switch|p2a: Mamoswine|Mamoswine, F|1\/362
|turn|22
|
|move|p1a: Talonflame|Brave Bird|p2a: Mamoswine
|-damage|p2a: Mamoswine|0 fnt
|-damage|p1a: Talonflame|120\/297|[from] recoil|[of] p2a: Mamoswine
|faint|p2a: Mamoswine
|
|win|Echoed Soul
|raw|Ladder updating...
|raw|Echoed Soul's rating: 1655 &rarr; <strong>1673<\/strong><br \/>(+18 for winning)
|raw|Mouzourides's rating: 1628 &rarr; <strong>1610<\/strong><br \/>(-18 for losing)
|leave|Mouzourides
|player|p2