|join|Ralf S.
|join|Mouzourides
|player|p1|Ralf S.|144
|player|p2|Mouzourides|290
|gametype|singles
|gen|6
|tier|OU
|rated
|clearpoke
|poke|p1|Greninja, M, shiny
|poke|p1|Chansey, F
|poke|p1|Sableye, M
|poke|p1|Rotom-Wash
|poke|p1|Forretress, M
|poke|p1|Pinsir, M
|poke|p2|Gallade, M
|poke|p2|Latios, M
|poke|p2|Heatran, M
|poke|p2|Landorus-Therian, M
|poke|p2|Greninja, M
|poke|p2|Vaporeon, F
|rule|Swagger Clause: Swagger is banned
|rule|Baton Pass Clause: Limit one PokÃ©mon knowing Baton Pass
|rule|Sleep Clause Mod: Limit one foe put to sleep
|rule|Species Clause: Limit one of each PokÃ©mon
|rule|OHKO Clause: OHKO moves are banned
|rule|Moody Clause: Moody is banned
|rule|Evasion Moves Clause: Evasion moves are banned
|rule|Endless Battle Clause: Forcing endless battles is banned
|rule|HP Percentage Mod: HP is shown in percentages
|teampreview
|
|start
|switch|p1a: Rotaum|Rotom-Wash|304\/304
|switch|p2a: Landorus-Therian|Landorus-Therian, M|319\/319
|-ability|p2a: Landorus-Therian|Intimidate|[of] p1a: Rotaum
|-unboost|p1a: Rotaum|atk|1
|turn|1
|
|move|p2a: Landorus-Therian|U-turn|p1a: Rotaum
|-damage|p1a: Rotaum|213\/304
|
|switch|p2a: Latios|Latios, M|302\/302
|move|p1a: Rotaum|Hydro Pump|p2a: Latios
|-resisted|p2a: Latios
|-damage|p2a: Latios|244\/302
|
|-heal|p1a: Rotaum|232\/304|[from] item: Leftovers
|turn|2
|
|switch|p1a: Tsunade|Chansey, F|704\/704
|move|p2a: Latios|Psyshock|p1a: Tsunade
|-damage|p1a: Tsunade|447\/704
|-damage|p2a: Latios|214\/302|[from] item: Life Orb
|
|turn|3
|
|switch|p2a: Gallade|Gallade, M|277\/277
|move|p1a: Tsunade|Soft-Boiled|p1a: Tsunade
|-heal|p1a: Tsunade|704\/704
|
|turn|4
|
|switch|p1a: Gollum|Sableye, M|304\/304
|detailschange|p2a: Gallade|Gallade-Mega, M
|message|Gallade has Mega Evolved into Mega Gallade!
|move|p2a: Gallade|Knock Off|p1a: Gollum
|-damage|p1a: Gollum|139\/304
|-enditem|p1a: Gollum|Leftovers|[from] move: Knock Off|[of] p2a: Gallade
|
|turn|5
|
|switch|p2a: Heatran|Heatran, M|323\/323
|move|p1a: Gollum|Confuse Ray|p2a: Heatran
|-start|p2a: Heatran|confusion
|
|turn|6
|
|move|p1a: Gollum|Recover|p1a: Gollum
|-heal|p1a: Gollum|291\/304
|-activate|p2a: Heatran|confusion
|-damage|p2a: Heatran|295\/323|[from] confusion
|
|-heal|p2a: Heatran|315\/323|[from] item: Leftovers
|turn|7
|
|switch|p1a: Rotaum|Rotom-Wash|232\/304
|-activate|p2a: Heatran|confusion
|-damage|p2a: Heatran|288\/323|[from] confusion
|
|-heal|p2a: Heatran|308\/323|[from] item: Leftovers
|-heal|p1a: Rotaum|251\/304|[from] item: Leftovers
|turn|8
|
|switch|p2a: Latios|Latios, M|214\/302
|move|p1a: Rotaum|Volt Switch|p2a: Latios
|-resisted|p2a: Latios
|-damage|p2a: Latios|171\/302
|
|switch|p1a: Tsunade|Chansey, F|704\/704
|
|turn|9
|
|switch|p2a: Gallade|Gallade-Mega, M|277\/277
|move|p1a: Tsunade|Seismic Toss|p2a: Gallade
|-damage|p2a: Gallade|177\/277
|
|turn|10
|
|switch|p1a: Gollum|Sableye, M|291\/304
|move|p2a: Gallade|Knock Off|p1a: Gollum
|-damage|p1a: Gollum|177\/304
|
|turn|11
|
|switch|p2a: Heatran|Heatran, M|308\/323
|move|p1a: Gollum|Foul Play|p2a: Heatran
|-damage|p2a: Heatran|224\/323
|
|-heal|p2a: Heatran|244\/323|[from] item: Leftovers
|turn|12
|
|switch|p1a: Rotaum|Rotom-Wash|251\/304
|move|p2a: Heatran|Lava Plume|p1a: Rotaum
|-resisted|p1a: Rotaum
|-damage|p1a: Rotaum|201\/304
|
|-heal|p2a: Heatran|264\/323|[from] item: Leftovers
|-heal|p1a: Rotaum|220\/304|[from] item: Leftovers
|turn|13
|
|move|p2a: Heatran|Toxic|p1a: Rotaum
|-status|p1a: Rotaum|tox
|move|p1a: Rotaum|Will-O-Wisp|p2a: Heatran
|-start|p2a: Heatran|ability: Flash Fire
|
|-heal|p2a: Heatran|284\/323|[from] item: Leftovers
|-heal|p1a: Rotaum|239\/304 tox|[from] item: Leftovers
|-damage|p1a: Rotaum|220\/304 tox|[from] psn
|turn|14
|
|switch|p2a: Vaporeon|Vaporeon, F|464\/464
|move|p1a: Rotaum|Hydro Pump|p2a: Vaporeon
|-immune|p2a: Vaporeon|[msg]
|
|-heal|p1a: Rotaum|239\/304 tox|[from] item: Leftovers
|-damage|p1a: Rotaum|201\/304 tox|[from] psn
|turn|15
|
|switch|p2a: Landorus-Therian|Landorus-Therian, M|319\/319
|-ability|p2a: Landorus-Therian|Intimidate|[of] p1a: Rotaum
|-unboost|p1a: Rotaum|atk|1
|move|p1a: Rotaum|Volt Switch|p2a: Landorus-Therian
|-immune|p2a: Landorus-Therian|[msg]
|
|-heal|p1a: Rotaum|220\/304 tox|[from] item: Leftovers
|-damage|p1a: Rotaum|163\/304 tox|[from] psn
|turn|16
|
|switch|p1a: Forretress|Forretress, M|354\/354
|move|p2a: Landorus-Therian|U-turn|p1a: Forretress
|-resisted|p1a: Forretress
|-damage|p1a: Forretress|326\/354
|
|switch|p2a: Heatran|Heatran, M|284\/323
|
|-heal|p2a: Heatran|304\/323|[from] item: Leftovers
|-heal|p1a: Forretress|348\/354|[from] item: Leftovers
|turn|17
|
|switch|p1a: Tsunade|Chansey, F|704\/704
|move|p2a: Heatran|Lava Plume|p1a: Tsunade
|-damage|p1a: Tsunade|611\/704
|-status|p1a: Tsunade|brn
|
|-heal|p2a: Heatran|323\/323|[from] item: Leftovers
|-damage|p1a: Tsunade|523\/704 brn|[from] brn
|turn|18
|
|move|p2a: Heatran|Stealth Rock|p1a: Tsunade
|-sidestart|p1: Ralf S.|move: Stealth Rock
|move|p1a: Tsunade|Aromatherapy|p1a: Tsunade
|-cureteam|p1a: Tsunade|[from] move: Aromatherapy
|
|turn|19
|
|move|p2a: Heatran|Toxic|p1a: Tsunade
|-status|p1a: Tsunade|tox
|move|p1a: Tsunade|Seismic Toss|p2a: Heatran
|-damage|p2a: Heatran|223\/323
|
|-heal|p2a: Heatran|243\/323|[from] item: Leftovers
|-damage|p1a: Tsunade|479\/704 tox|[from] psn
|turn|20
|
|switch|p2a: Gallade|Gallade-Mega, M|177\/277
|move|p1a: Tsunade|Seismic Toss|p2a: Gallade
|-damage|p2a: Gallade|77\/277
|
|-damage|p1a: Tsunade|391\/704 tox|[from] psn
|turn|21
|
|switch|p1a: Gollum|Sableye, M|177\/304
|-damage|p1a: Gollum|139\/304|[from] Stealth Rock
|move|p2a: Gallade|Ice Punch|p1a: Gollum
|-damage|p1a: Gollum|12\/304
|
|turn|22
|
|switch|p2a: Greninja|Greninja, M|285\/285
|move|p1a: Gollum|Recover|p1a: Gollum
|-heal|p1a: Gollum|164\/304
|
|turn|23
|
|move|p1a: Gollum|Recover|p1a: Gollum
|-heal|p1a: Gollum|304\/304
|move|p2a: Greninja|Hydro Pump|p1a: Gollum
|-start|p2a: Greninja|typechange|Water|[from] Protean
|-crit|p1a: Gollum
|-damage|p1a: Gollum|22\/304
|-damage|p2a: Greninja|257\/285|[from] item: Life Orb
|
|turn|24
|
|move|p1a: Gollum|Recover|p1a: Gollum
|-heal|p1a: Gollum|174\/304
|move|p2a: Greninja|Hydro Pump|p1a: Gollum|[miss]
|-miss|p2a: Greninja|p1a: Gollum
|
|turn|25
|
|move|p1a: Gollum|Recover|p1a: Gollum
|-heal|p1a: Gollum|304\/304
|move|p2a: Greninja|Hydro Pump|p1a: Gollum|[miss]
|-miss|p2a: Greninja|p1a: Gollum
|
|turn|26
|
|move|p1a: Gollum|Confuse Ray|p2a: Greninja
|-start|p2a: Greninja|confusion
|-activate|p2a: Greninja|confusion
|move|p2a: Greninja|Gunk Shot|p1a: Gollum
|-start|p2a: Greninja|typechange|Poison|[from] Protean
|-resisted|p1a: Gollum
|-damage|p1a: Gollum|188\/304
|-damage|p2a: Greninja|229\/285|[from] item: Life Orb
|
|turn|27
|
|switch|p2a: Heatran|Heatran, M|243\/323
|move|p1a: Gollum|Will-O-Wisp|p2a: Heatran
|-start|p2a: Heatran|ability: Flash Fire
|
|-heal|p2a: Heatran|263\/323|[from] item: Leftovers
|turn|28
|
|switch|p1a: Tsunade|Chansey, F|391\/704
|-damage|p1a: Tsunade|303\/704|[from] Stealth Rock
|move|p2a: Heatran|Lava Plume|p1a: Tsunade
|-damage|p1a: Tsunade|165\/704
|
|-heal|p2a: Heatran|283\/323|[from] item: Leftovers
|turn|29
|
|switch|p2a: Gallade|Gallade-Mega, M|77\/277
|move|p1a: Tsunade|Soft-Boiled|p1a: Tsunade
|-heal|p1a: Tsunade|517\/704
|
|turn|30
|
|switch|p1a: Gollum|Sableye, M|188\/304
|-damage|p1a: Gollum|150\/304|[from] Stealth Rock
|move|p2a: Gallade|Knock Off|p1a: Gollum
|-damage|p1a: Gollum|30\/304
|
|turn|31
|
|move|p1a: Gollum|Recover|p1a: Gollum
|-heal|p1a: Gollum|182\/304
|move|p2a: Gallade|Knock Off|p1a: Gollum
|-damage|p1a: Gollum|59\/304
|
|turn|32
|
|move|p1a: Gollum|Recover|p1a: Gollum
|-heal|p1a: Gollum|211\/304
|move|p2a: Gallade|Swords Dance|p2a: Gallade
|-boost|p2a: Gallade|atk|2
|
|turn|33
|
|move|p1a: Gollum|Confuse Ray|p2a: Gallade
|-start|p2a: Gallade|confusion
|-activate|p2a: Gallade|confusion
|move|p2a: Gallade|Ice Punch|p1a: Gollum
|-damage|p1a: Gollum|0 fnt
|faint|p1a: Gollum
|
|
|switch|p1a: Forretress|Forretress, M|348\/354
|-damage|p1a: Forretress|304\/354|[from] Stealth Rock
|turn|34
|
|switch|p2a: Heatran|Heatran, M|283\/323
|move|p1a: Forretress|Stealth Rock|p2a: Heatran
|-sidestart|p2: Mouzourides|move: Stealth Rock
|
|-heal|p2a: Heatran|303\/323|[from] item: Leftovers
|-heal|p1a: Forretress|326\/354|[from] item: Leftovers
|turn|35
|
|switch|p2a: Latios|Latios, M|171\/302
|-damage|p2a: Latios|134\/302|[from] Stealth Rock
|switch|p1a: Tsunade|Chansey, F|517\/704
|-damage|p1a: Tsunade|429\/704|[from] Stealth Rock
|
|turn|36
|
|move|p2a: Latios|Roost|p2a: Latios
|-heal|p2a: Latios|285\/302
|move|p1a: Tsunade|Soft-Boiled|p1a: Tsunade
|-heal|p1a: Tsunade|704\/704
|
|turn|37
|
|move|p2a: Latios|Defog|p1a: Tsunade
|-unboost|p1a: Tsunade|evasion|1
|-sideend|p1: Ralf S.|Stealth Rock|[from] move: Defog|[of] p1a: Tsunade
|-sideend|p2: Mouzourides|Stealth Rock|[from] move: Defog|[of] p2a: Latios
|move|p1a: Tsunade|Seismic Toss|p2a: Latios
|-damage|p2a: Latios|185\/302
|
|turn|38
|
|move|p2a: Latios|Psyshock|p1a: Tsunade
|-damage|p1a: Tsunade|473\/704
|-damage|p2a: Latios|155\/302|[from] item: Life Orb
|move|p1a: Tsunade|Seismic Toss|p2a: Latios
|-damage|p2a: Latios|55\/302
|
|turn|39
|
|move|p2a: Latios|Roost|p2a: Latios
|-heal|p2a: Latios|206\/302
|move|p1a: Tsunade|Seismic Toss|p2a: Latios
|-damage|p2a: Latios|106\/302
|
|turn|40
|
|move|p2a: Latios|Roost|p2a: Latios
|-heal|p2a: Latios|257\/302
|move|p1a: Tsunade|Seismic Toss|p2a: Latios
|-damage|p2a: Latios|157\/302
|
|turn|41
|
|move|p2a: Latios|Psyshock|p1a: Tsunade
|-damage|p1a: Tsunade|216\/704
|-damage|p2a: Latios|127\/302|[from] item: Life Orb
|move|p1a: Tsunade|Seismic Toss|p2a: Latios
|-damage|p2a: Latios|27\/302
|
|turn|42
|
|switch|p1a: Sharingan|Greninja, M, shiny|286\/286
|move|p2a: Latios|Roost|p2a: Latios
|-heal|p2a: Latios|178\/302
|
|turn|43
|
|switch|p2a: Vaporeon|Vaporeon, F|464\/464
|move|p1a: Sharingan|Dark Pulse|p2a: Vaporeon
|-start|p1a: Sharingan|typechange|Dark|[from] Protean
|-damage|p2a: Vaporeon|291\/464
|-damage|p1a: Sharingan|258\/286|[from] item: Life Orb
|
|-heal|p2a: Vaporeon|320\/464|[from] item: Leftovers
|turn|44
|
|switch|p1a: Tsunade|Chansey, F|216\/704
|switch|p2a: Landorus-Therian|Landorus-Therian, M|319\/319
|-ability|p2a: Landorus-Therian|Intimidate|[of] p1a: Tsunade
|-unboost|p1a: Tsunade|atk|1
|
|turn|45
|
|switch|p1a: Forretress|Forretress, M|326\/354
|move|p2a: Landorus-Therian|Knock Off|p1a: Forretress
|-damage|p1a: Forretress|253\/354
|-enditem|p1a: Forretress|Leftovers|[from] move: Knock Off|[of] p2a: Landorus-Therian
|
|turn|46
|
|switch|p2a: Heatran|Heatran, M|303\/323
|move|p1a: Forretress|Spikes|p2a: Heatran
|-sidestart|p2: Mouzourides|Spikes
|
|-heal|p2a: Heatran|323\/323|[from] item: Leftovers
|turn|47
|
|switch|p2a: Latios|Latios, M|178\/302
|switch|p1a: Tsunade|Chansey, F|216\/704
|
|turn|48
|
|switch|p1a: Sharingan|Greninja, M, shiny|258\/286
|move|p2a: Latios|Draco Meteor|p1a: Sharingan
|-damage|p1a: Sharingan|0 fnt
|-unboost|p2a: Latios|spa|2
|-damage|p2a: Latios|148\/302|[from] item: Life Orb
|faint|p1a: Sharingan
|
|
|switch|p1a: Diablos|Pinsir, M|271\/271
|turn|49
|
|switch|p2a: Landorus-Therian|Landorus-Therian, M|319\/319
|-ability|p2a: Landorus-Therian|Intimidate|[of] p1a: Diablos
|-fail|p1a: Diablos|unboost|Attack|[from] ability: Hyper Cutter|[of] p1a: Diablos
|move|p1a: Diablos|Return|p2a: Landorus-Therian
|-damage|p2a: Landorus-Therian|185\/319
|
|turn|50
|
|switch|p1a: Forretress|Forretress, M|253\/354
|move|p2a: Landorus-Therian|Stone Edge|p1a: Forretress|[miss]
|-miss|p2a: Landorus-Therian|p1a: Forretress
|
|turn|51
|
|switch|p2a: Latios|Latios, M|148\/302
|move|p1a: Forretress|Stealth Rock|p2a: Latios
|-sidestart|p2: Mouzourides|move: Stealth Rock
|
|turn|52
|
|move|p2a: Latios|Defog|p1a: Forretress
|-unboost|p1a: Forretress|evasion|1
|-sideend|p2: Mouzourides|Spikes|[from] move: Defog|[of] p2a: Latios
|-sideend|p2: Mouzourides|Stealth Rock|[from] move: Defog|[of] p2a: Latios
|move|p1a: Forretress|Volt Switch|p2a: Latios
|-resisted|p2a: Latios
|-damage|p2a: Latios|131\/302
|
|switch|p1a: Diablos|Pinsir, M|271\/271
|
|turn|53
|
|detailschange|p1a: Diablos|Pinsir-Mega, M
|message|Pinsir has Mega Evolved into Mega Pinsir!
|move|p2a: Latios|Roost|p2a: Latios
|-heal|p2a: Latios|282\/302
|move|p1a: Diablos|Return|p2a: Latios
|-damage|p2a: Latios|0 fnt
|faint|p2a: Latios
|
|
|switch|p2a: Landorus-Therian|Landorus-Therian, M|185\/319
|-ability|p2a: Landorus-Therian|Intimidate|[of] p1a: Diablos
|-unboost|p1a: Diablos|atk|1
|turn|54
|
|switch|p1a: Forretress|Forretress, M|253\/354
|move|p2a: Landorus-Therian|U-turn|p1a: Forretress
|-resisted|p1a: Forretress
|-damage|p1a: Forretress|229\/354
|
|switch|p2a: Greninja|Greninja, M|229\/285
|
|turn|55
|
|switch|p1a: Rotaum|Rotom-Wash|163\/304
|move|p2a: Greninja|Hydro Pump|p1a: Rotaum|[miss]
|-start|p2a: Greninja|typechange|Water|[from] Protean
|-miss|p2a: Greninja|p1a: Rotaum
|
|-heal|p1a: Rotaum|182\/304|[from] item: Leftovers
|turn|56
|
|switch|p2a: Gallade|Gallade-Mega, M|77\/277
|move|p1a: Rotaum|Volt Switch|p2a: Gallade
|-damage|p2a: Gallade|0 fnt
|faint|p2a: Gallade
|
|switch|p1a: Tsunade|Chansey, F|216\/704
|
|
|switch|p2a: Greninja|Greninja, M|229\/285
|turn|57
|
|move|p2a: Greninja|Gunk Shot|p1a: Tsunade
|-start|p2a: Greninja|typechange|Poison|[from] Protean
|-damage|p1a: Tsunade|0 fnt
|-damage|p2a: Greninja|201\/285|[from] item: Life Orb
|faint|p1a: Tsunade
|
|
|switch|p1a: Diablos|Pinsir-Mega, M|271\/271
|turn|58
|
|switch|p2a: Landorus-Therian|Landorus-Therian, M|185\/319
|-ability|p2a: Landorus-Therian|Intimidate|[of] p1a: Diablos
|-unboost|p1a: Diablos|atk|1
|move|p1a: Diablos|Return|p2a: Landorus-Therian
|-damage|p2a: Landorus-Therian|0 fnt
|faint|p2a: Landorus-Therian
|
|
|switch|p2a: Vaporeon|Vaporeon, F|320\/464
|turn|59
|
|switch|p1a: Rotaum|Rotom-Wash|182\/304
|move|p2a: Vaporeon|Scald|p1a: Rotaum
|-resisted|p1a: Rotaum
|-damage|p1a: Rotaum|147\/304
|
|-heal|p1a: Rotaum|166\/304|[from] item: Leftovers
|-heal|p2a: Vaporeon|349\/464|[from] item: Leftovers
|turn|60
|
|move|p2a: Vaporeon|Protect|p2a: Vaporeon
|-singleturn|p2a: Vaporeon|Protect
|move|p1a: Rotaum|Volt Switch|p2a: Vaporeon
|-activate|p2a: Vaporeon|Protect
|
|-heal|p1a: Rotaum|185\/304|[from] item: Leftovers
|-heal|p2a: Vaporeon|378\/464|[from] item: Leftovers
|turn|61
|
|move|p1a: Rotaum|Volt Switch|p2a: Vaporeon
|-supereffective|p2a: Vaporeon
|-damage|p2a: Vaporeon|196\/464
|
|switch|p1a: Forretress|Forretress, M|229\/354
|move|p2a: Vaporeon|Wish|p2a: Vaporeon
|
|-heal|p2a: Vaporeon|225\/464|[from] item: Leftovers
|turn|62
|
|move|p2a: Vaporeon|Scald|p1a: Forretress
|-crit|p1a: Forretress
|-damage|p1a: Forretress|0 fnt
|faint|p1a: Forretress
|
|-heal|p2a: Vaporeon|457\/464|[from] move: Wish|[wisher] Vaporeon
|-heal|p2a: Vaporeon|464\/464|[from] item: Leftovers
|
|switch|p1a: Rotaum|Rotom-Wash|185\/304
|turn|63
|
|move|p1a: Rotaum|Will-O-Wisp|p2a: Vaporeon
|-status|p2a: Vaporeon|brn
|move|p2a: Vaporeon|Wish|p2a: Vaporeon
|
|-heal|p1a: Rotaum|204\/304|[from] item: Leftovers
|-damage|p2a: Vaporeon|406\/464 brn|[from] brn
|turn|64
|
|move|p1a: Rotaum|Volt Switch|p2a: Vaporeon
|-supereffective|p2a: Vaporeon
|-damage|p2a: Vaporeon|226\/464 brn
|
|switch|p1a: Diablos|Pinsir-Mega, M|271\/271
|move|p2a: Vaporeon|Heal Bell|p2a: Vaporeon
|-cureteam|p2a: Vaporeon|[from] move: HealBell
|
|-heal|p2a: Vaporeon|458\/464|[from] move: Wish|[wisher] Vaporeon
|-heal|p2a: Vaporeon|464\/464|[from] item: Leftovers
|turn|65
|
|move|p1a: Diablos|Return|p2a: Vaporeon
|-damage|p2a: Vaporeon|185\/464
|move|p2a: Vaporeon|Scald|p1a: Diablos
|-damage|p1a: Diablos|169\/271
|
|-heal|p2a: Vaporeon|214\/464|[from] item: Leftovers
|turn|66
|
|move|p1a: Diablos|Return|p2a: Vaporeon
|-damage|p2a: Vaporeon|0 fnt
|faint|p2a: Vaporeon
|
|
|switch|p2a: Greninja|Greninja, M|201\/285
|turn|67
|
|switch|p1a: Rotaum|Rotom-Wash|204\/304
|move|p2a: Greninja|Ice Beam|p1a: Rotaum
|-start|p2a: Greninja|typechange|Ice|[from] Protean
|-resisted|p1a: Rotaum
|-damage|p1a: Rotaum|149\/304
|-status|p1a: Rotaum|frz
|-damage|p2a: Greninja|173\/285|[from] item: Life Orb
|
|-heal|p1a: Rotaum|168\/304 frz|[from] item: Leftovers
|turn|68
|
|switch|p2a: Heatran|Heatran, M|323\/323
|cant|p1a: Rotaum|frz
|
|-heal|p1a: Rotaum|187\/304 frz|[from] item: Leftovers
|turn|69
|
|move|p2a: Heatran|Lava Plume|p1a: Rotaum
|-resisted|p1a: Rotaum
|-damage|p1a: Rotaum|132\/304 frz
|-curestatus|p1a: Rotaum|frz
|move|p1a: Rotaum|Hydro Pump|p2a: Heatran
|-supereffective|p2a: Heatran
|-damage|p2a: Heatran|65\/323
|
|-heal|p2a: Heatran|85\/323|[from] item: Leftovers
|-heal|p1a: Rotaum|151\/304|[from] item: Leftovers
|turn|70
|
|move|p2a: Heatran|Lava Plume|p1a: Rotaum
|-resisted|p1a: Rotaum
|-damage|p1a: Rotaum|97\/304
|move|p1a: Rotaum|Hex|p2a: Heatran
|-damage|p2a: Heatran|35\/323
|
|-heal|p2a: Heatran|55\/323|[from] item: Leftovers
|-heal|p1a: Rotaum|116\/304|[from] item: Leftovers
|turn|71
|
|move|p2a: Heatran|Lava Plume|p1a: Rotaum
|-resisted|p1a: Rotaum
|-damage|p1a: Rotaum|59\/304
|move|p1a: Rotaum|Hydro Pump|p2a: Heatran
|-supereffective|p2a: Heatran
|-damage|p2a: Heatran|0 fnt
|faint|p2a: Heatran
|
|-heal|p1a: Rotaum|78\/304|[from] item: Leftovers
|
|switch|p2a: Greninja|Greninja, M|173\/285
|turn|72
|
|move|p2a: Greninja|Dark Pulse|p1a: Rotaum
|-start|p2a: Greninja|typechange|Dark|[from] Protean
|-damage|p1a: Rotaum|0 fnt
|-damage|p2a: Greninja|145\/285|[from] item: Life Orb
|faint|p1a: Rotaum
|
|
|switch|p1a: Diablos|Pinsir-Mega, M|169\/271
|turn|73
|
|move|p1a: Diablos|Quick Attack|p2a: Greninja
|-damage|p2a: Greninja|0 fnt
|faint|p2a: Greninja
|
|win|Ralf S.
|raw|Ladder updating...
|c|âMouzourides|gg
|raw|Ralf S.'s rating: 1284 &rarr; <strong>1309<\/strong><br \/>(+25 for winning)
|raw|Mouzourides's rating: 1292 &rarr; <strong>1266<\/strong><br \/>(-26 for losing)
|c|âRalf S.|GG
|c|âMouzourides|close one
|c|âRalf S.|Best game!!!
|c|âRalf S.|High level!
|c|âRalf S.|congrants!
|leave|Mouzourides
|player|p2