|join|Mouzourides
|join|Franco152.
|player|p1|Mouzourides|290
|player|p2|Franco152.|137
|gametype|singles
|gen|6
|tier|OU
|rated
|clearpoke
|poke|p1|Medicham, F
|poke|p1|Zapdos
|poke|p1|Heatran, M
|poke|p1|Aegislash, M
|poke|p1|Keldeo-Resolute
|poke|p1|Garchomp, M
|poke|p2|Hawlucha, M
|poke|p2|Latios, M
|poke|p2|Venusaur, M
|poke|p2|Heatran, M
|poke|p2|Aegislash, M
|poke|p2|Sharpedo, M
|rule|Swagger Clause: Swagger is banned
|rule|Baton Pass Clause: Limit one PokÃ©mon knowing Baton Pass
|rule|Sleep Clause Mod: Limit one foe put to sleep
|rule|Species Clause: Limit one of each PokÃ©mon
|rule|OHKO Clause: OHKO moves are banned
|rule|Moody Clause: Moody is banned
|rule|Evasion Moves Clause: Evasion moves are banned
|rule|Endless Battle Clause: Forcing endless battles is banned
|rule|HP Percentage Mod: HP is reported as percentages
|teampreview
|
|start
|switch|p1a: Keldeo-Resolute|Keldeo-Resolute|322\/322
|switch|p2a: Shorr|Venusaur, M|364\/364
|turn|1
|
|switch|p1a: Aegislash|Aegislash, M|324\/324
|detailschange|p2a: Shorr|Venusaur-Mega, M
|message|Venusaur has Mega Evolved into Mega Venusaur!
|move|p2a: Shorr|Sleep Powder|p1a: Aegislash
|-status|p1a: Aegislash|slp
|
|turn|2
|
|switch|p2a: Kenny|Sharpedo, M|281\/281
|cant|p1a: Aegislash|slp
|
|turn|3
|
|switch|p1a: Zapdos|Zapdos|384\/384
|-ability|p1a: Zapdos|Pressure
|move|p2a: Kenny|Hydro Pump|p1a: Zapdos
|-damage|p1a: Zapdos|142\/384
|-damage|p2a: Kenny|253\/281|[from] item: Life Orb
|
|-heal|p1a: Zapdos|166\/384|[from] item: Leftovers
|-boost|p2a: Kenny|spe|1|[from] ability: Speed Boost
|turn|4
|
|switch|p1a: Aegislash|Aegislash, M|324\/324 slp
|move|p2a: Kenny|Hydro Pump|p1a: Aegislash
|-damage|p1a: Aegislash|155\/324 slp
|-damage|p2a: Kenny|225\/281|[from] item: Life Orb
|
|-heal|p1a: Aegislash|175\/324 slp|[from] item: Leftovers
|-boost|p2a: Kenny|spe|1|[from] ability: Speed Boost
|turn|5
|
|cant|p1a: Aegislash|slp
|move|p2a: Kenny|Dark Pulse|p1a: Aegislash
|-supereffective|p1a: Aegislash
|-damage|p1a: Aegislash|0 fnt
|-damage|p2a: Kenny|197\/281|[from] item: Life Orb
|faint|p1a: Aegislash
|
|-boost|p2a: Kenny|spe|1|[from] ability: Speed Boost
|
|switch|p1a: Medicham|Medicham, F|261\/261
|turn|6
|
|detailschange|p1a: Medicham|Medicham-Mega, F
|message|Medicham has Mega Evolved into Mega Medicham!
|move|p2a: Kenny|Protect|p2a: Kenny
|-singleturn|p2a: Kenny|Protect
|move|p1a: Medicham|Fake Out|p2a: Kenny
|-activate|p2a: Kenny|Protect
|
|-boost|p2a: Kenny|spe|1|[from] ability: Speed Boost
|turn|7
|
|move|p2a: Kenny|Hydro Pump|p1a: Medicham
|-damage|p1a: Medicham|6\/261
|-damage|p2a: Kenny|169\/281|[from] item: Life Orb
|move|p1a: Medicham|High Jump Kick|p2a: Kenny
|-supereffective|p2a: Kenny
|-damage|p2a: Kenny|0 fnt
|faint|p2a: Kenny
|
|
|switch|p2a: Link|Aegislash, M|324\/324
|turn|8
|
|switch|p1a: Heatran|Heatran, M|386\/386
|-formechange|p2a: Link|Aegislash-Blade
|move|p2a: Link|Shadow Sneak|p1a: Heatran
|-damage|p1a: Heatran|305\/386
|
|-heal|p1a: Heatran|329\/386|[from] item: Leftovers
|turn|9
|
|switch|p2a: Firetal|Heatran, M|386\/386
|-item|p2a: Firetal|Air Balloon
|move|p1a: Heatran|Lava Plume|p2a: Firetal
|-start|p2a: Firetal|ability: Flash Fire
|
|-heal|p1a: Heatran|353\/386|[from] item: Leftovers
|turn|10
|
|switch|p1a: Medicham|Medicham-Mega, F|6\/261
|move|p2a: Firetal|Stealth Rock|p1a: Medicham
|-sidestart|p1: Mouzourides|move: Stealth Rock
|
|turn|11
|
|switch|p2a: Link|Aegislash, M|324\/324
|move|p1a: Medicham|Psycho Cut|p2a: Link
|-resisted|p2a: Link
|-damage|p2a: Link|253\/324
|
|-heal|p2a: Link|273\/324|[from] item: Leftovers
|turn|12
|
|-formechange|p2a: Link|Aegislash-Blade
|move|p2a: Link|Shadow Sneak|p1a: Medicham
|-supereffective|p1a: Medicham
|-damage|p1a: Medicham|0 fnt
|faint|p1a: Medicham
|
|-heal|p2a: Link|293\/324|[from] item: Leftovers
|
|switch|p1a: Keldeo-Resolute|Keldeo-Resolute|322\/322
|-damage|p1a: Keldeo-Resolute|302\/322|[from] Stealth Rock
|turn|13
|
|switch|p2a: Shorr|Venusaur-Mega, M|364\/364
|move|p1a: Keldeo-Resolute|Hidden Power|p2a: Shorr
|-supereffective|p2a: Shorr
|-damage|p2a: Shorr|192\/364
|
|turn|14
|
|switch|p1a: Heatran|Heatran, M|353\/386
|-damage|p1a: Heatran|305\/386|[from] Stealth Rock
|move|p2a: Shorr|Sleep Powder|p1a: Heatran
|-status|p1a: Heatran|slp
|
|-heal|p1a: Heatran|329\/386 slp|[from] item: Leftovers
|turn|15
|
|switch|p2a: Roro|Hawlucha, M|297\/297
|cant|p1a: Heatran|slp
|
|-heal|p1a: Heatran|353\/386 slp|[from] item: Leftovers
|turn|16
|
|move|p2a: Roro|Substitute|p2a: Roro
|-start|p2a: Roro|Substitute
|-damage|p2a: Roro|223\/297
|cant|p1a: Heatran|slp
|
|-heal|p1a: Heatran|377\/386 slp|[from] item: Leftovers
|turn|17
|
|move|p2a: Roro|High Jump Kick|p1a: Heatran|[miss]
|-miss|p2a: Roro|p1a: Heatran
|-damage|p2a: Roro|75\/297|[from] highjumpkick
|-enditem|p2a: Roro|Sitrus Berry|[eat]
|-heal|p2a: Roro|149\/297|[from] item: Sitrus Berry
|-curestatus|p1a: Heatran|slp
|move|p1a: Heatran|Lava Plume|p2a: Roro
|-end|p2a: Roro|Substitute
|
|-heal|p1a: Heatran|386\/386|[from] item: Leftovers
|turn|18
|
|move|p2a: Roro|High Jump Kick|p1a: Heatran
|-supereffective|p1a: Heatran
|-damage|p1a: Heatran|0 fnt
|faint|p1a: Heatran
|
|
|switch|p1a: Zapdos|Zapdos|166\/384
|-damage|p1a: Zapdos|70\/384|[from] Stealth Rock
|-ability|p1a: Zapdos|Pressure
|turn|19
|
|move|p2a: Roro|Acrobatics|p1a: Zapdos
|-resisted|p1a: Zapdos
|-damage|p1a: Zapdos|7\/384
|move|p1a: Zapdos|Discharge|p2a: Roro
|-supereffective|p2a: Roro
|-damage|p2a: Roro|0 fnt
|faint|p2a: Roro
|
|-heal|p1a: Zapdos|31\/384|[from] item: Leftovers
|
|switch|p2a: Link|Aegislash, M|293\/324
|turn|20
|
|-formechange|p2a: Link|Aegislash-Blade
|move|p2a: Link|Shadow Sneak|p1a: Zapdos
|-damage|p1a: Zapdos|0 fnt
|faint|p1a: Zapdos
|
|-heal|p2a: Link|313\/324|[from] item: Leftovers
|
|switch|p1a: Keldeo-Resolute|Keldeo-Resolute|302\/322
|-damage|p1a: Keldeo-Resolute|282\/322|[from] Stealth Rock
|turn|21
|
|-formechange|p2a: Link|Aegislash
|move|p2a: Link|King's Shield|p2a: Link
|-singleturn|p2a: Link|Protect
|move|p1a: Keldeo-Resolute|Scald|p2a: Link
|-activate|p2a: Link|Protect
|
|-heal|p2a: Link|324\/324|[from] item: Leftovers
|turn|22
|
|switch|p1a: Garchomp|Garchomp, M|358\/358
|-damage|p1a: Garchomp|336\/358|[from] Stealth Rock
|switch|p2a: NeonJet|Latios, M|302\/302
|
|turn|23
|
|move|p1a: Garchomp|Outrage|p2a: NeonJet
|-supereffective|p2a: NeonJet
|-damage|p2a: NeonJet|0 fnt
|faint|p2a: NeonJet
|
|
|switch|p2a: Link|Aegislash, M|324\/324
|turn|24
|
|move|p2a: Link|King's Shield|p2a: Link
|-singleturn|p2a: Link|Protect
|move|p1a: Garchomp|Outrage|p2a: Link
|-activate|p2a: Link|Protect
|-unboost|p1a: Garchomp|atk|2
|
|-end|p1a: Garchomp|rampage
|-start|p1a: Garchomp|confusion
|turn|25
|
|switch|p1a: Keldeo-Resolute|Keldeo-Resolute|282\/322
|-damage|p1a: Keldeo-Resolute|262\/322|[from] Stealth Rock
|move|p2a: Link|Swords Dance|p2a: Link
|-boost|p2a: Link|atk|2
|
|turn|26
|
|move|p2a: Link|King's Shield|p2a: Link
|-singleturn|p2a: Link|Protect
|move|p1a: Keldeo-Resolute|Scald|p2a: Link
|-activate|p2a: Link|Protect
|
|turn|27
|
|move|p1a: Keldeo-Resolute|Scald|p2a: Link
|-damage|p2a: Link|179\/324
|-formechange|p2a: Link|Aegislash-Blade
|move|p2a: Link|Iron Head|p1a: Keldeo-Resolute
|-resisted|p1a: Keldeo-Resolute
|-damage|p1a: Keldeo-Resolute|63\/322
|
|-heal|p2a: Link|199\/324|[from] item: Leftovers
|turn|28
|
|move|p1a: Keldeo-Resolute|Scald|p2a: Link
|-crit|p2a: Link
|-damage|p2a: Link|0 fnt
|faint|p2a: Link
|
|
|switch|p2a: Shorr|Venusaur-Mega, M|192\/364
|turn|29
|
|move|p1a: Keldeo-Resolute|Scald|p2a: Shorr
|-resisted|p2a: Shorr
|-damage|p2a: Shorr|106\/364
|-status|p2a: Shorr|brn
|move|p2a: Shorr|Sleep Powder|p1a: Keldeo-Resolute
|-status|p1a: Keldeo-Resolute|slp
|
|-damage|p2a: Shorr|61\/364 brn|[from] brn
|turn|30
|
|switch|p1a: Garchomp|Garchomp, M|336\/358
|-damage|p1a: Garchomp|314\/358|[from] Stealth Rock
|move|p2a: Shorr|Synthesis|p2a: Shorr
|-heal|p2a: Shorr|243\/364 brn
|
|-damage|p2a: Shorr|198\/364 brn|[from] brn
|turn|31
|
|move|p1a: Garchomp|Earthquake|p2a: Shorr
|-damage|p2a: Shorr|81\/364 brn
|move|p2a: Shorr|Giga Drain|p1a: Garchomp
|-damage|p1a: Garchomp|197\/358
|-heal|p2a: Shorr|140\/364 brn|[from] drain|[of] p1a: Garchomp
|
|-damage|p2a: Shorr|95\/364 brn|[from] brn
|turn|32
|
|move|p1a: Garchomp|Earthquake|p2a: Shorr
|-damage|p2a: Shorr|0 fnt
|faint|p2a: Shorr
|
|
|switch|p2a: Firetal|Heatran, M|386\/386
|-item|p2a: Firetal|Air Balloon
|turn|33
|
|switch|p1a: Keldeo-Resolute|Keldeo-Resolute|63\/322 slp
|-damage|p1a: Keldeo-Resolute|43\/322 slp|[from] Stealth Rock
|move|p2a: Firetal|Fire Blast|p1a: Keldeo-Resolute
|-resisted|p1a: Keldeo-Resolute
|-damage|p1a: Keldeo-Resolute|0 fnt
|faint|p1a: Keldeo-Resolute
|
|
|switch|p1a: Garchomp|Garchomp, M|197\/358
|-damage|p1a: Garchomp|175\/358|[from] Stealth Rock
|turn|34
|
|move|p1a: Garchomp|Stone Edge|p2a: Firetal
|-damage|p2a: Firetal|268\/386
|-enditem|p2a: Firetal|Air Balloon
|move|p2a: Firetal|Fire Blast|p1a: Garchomp
|-resisted|p1a: Garchomp
|-damage|p1a: Garchomp|74\/358
|
|turn|35
|
|move|p2a: Firetal|Protect|p2a: Firetal
|-singleturn|p2a: Firetal|Protect
|move|p1a: Garchomp|Stone Edge|p2a: Firetal
|-activate|p2a: Firetal|Protect
|
|turn|36
|
|move|p1a: Garchomp|Stone Edge|p2a: Firetal
|-damage|p2a: Firetal|154\/386
|move|p2a: Firetal|Fire Blast|p1a: Garchomp
|-resisted|p1a: Garchomp
|-damage|p1a: Garchomp|0 fnt
|faint|p1a: Garchomp
|
|win|Franco152.
|raw|Ladder updating...
|raw|Mouzourides's rating: 1611 &rarr; <strong>1587<\/strong><br \/>(-24 for losing)
|raw|Franco152.'s rating: 1541 &rarr; <strong>1565<\/strong><br \/>(+24 for winning)
|chat|Franco152.|gg
|chat|Mouzourides|gg