|join|toiletpkay
|join|Mouzourides
|player|p1|toiletpkay|293
|player|p2|Mouzourides|290
|gametype|singles
|gen|6
|tier|OU
|rated
|clearpoke
|poke|p1|Azumarill, F
|poke|p1|Greninja, M
|poke|p1|Manectric, F
|poke|p1|Landorus-Therian, M
|poke|p1|Victini
|poke|p1|Honchkrow, M
|poke|p2|Pinsir, M
|poke|p2|Aegislash, M
|poke|p2|Landorus-Therian, M
|poke|p2|Rotom-Wash
|poke|p2|Heatran, M
|poke|p2|Latios, M
|rule|Swagger Clause: Swagger is banned
|rule|Baton Pass Clause: Limit one PokÃ©mon knowing Baton Pass
|rule|Sleep Clause Mod: Limit one foe put to sleep
|rule|Species Clause: Limit one of each PokÃ©mon
|rule|OHKO Clause: OHKO moves are banned
|rule|Moody Clause: Moody is banned
|rule|Evasion Moves Clause: Evasion moves are banned
|rule|Endless Battle Clause: Forcing endless battles is banned
|rule|HP Percentage Mod: HP is reported as percentages
|teampreview
|
|start
|switch|p1a: Landorus-Therian|Landorus-Therian, M|382\/382
|switch|p2a: Landorus-Therian|Landorus-Therian, M|320\/320
|-ability|p2a: Landorus-Therian|Intimidate|[of] p1a: Landorus-Therian
|-unboost|p1a: Landorus-Therian|atk|1
|-ability|p1a: Landorus-Therian|Intimidate|[of] p2a: Landorus-Therian
|-unboost|p2a: Landorus-Therian|atk|1
|turn|1
|
|move|p2a: Landorus-Therian|U-turn|p1a: Landorus-Therian
|-crit|p1a: Landorus-Therian
|-resisted|p1a: Landorus-Therian
|-damage|p1a: Landorus-Therian|312\/382
|
|switch|p2a: Rotom-Wash|Rotom-Wash|304\/304
|move|p1a: Landorus-Therian|Knock Off|p2a: Rotom-Wash
|-damage|p2a: Rotom-Wash|242\/304
|-enditem|p2a: Rotom-Wash|Leftovers|[from] move: Knock Off|[of] p1a: Landorus-Therian
|
|-heal|p1a: Landorus-Therian|335\/382|[from] item: Leftovers
|turn|2
|
|move|p1a: Landorus-Therian|Stealth Rock|p2a: Rotom-Wash
|-sidestart|p2: Mouzourides|move: Stealth Rock
|move|p2a: Rotom-Wash|Hydro Pump|p1a: Landorus-Therian
|-supereffective|p1a: Landorus-Therian
|-damage|p1a: Landorus-Therian|0 fnt
|faint|p1a: Landorus-Therian
|
|
|switch|p1a: Greninja|Greninja, M|286\/286
|turn|3
|
|move|p1a: Greninja|Dark Pulse|p2a: Rotom-Wash
|-start|p1a: Greninja|typechange|Dark|[from] Protean
|-damage|p2a: Rotom-Wash|93\/304
|-damage|p1a: Greninja|258\/286|[from] item: Life Orb
|move|p2a: Rotom-Wash|Volt Switch|p1a: Greninja
|-damage|p1a: Greninja|147\/286
|
|switch|p2a: Landorus-Therian|Landorus-Therian, M|320\/320
|-damage|p2a: Landorus-Therian|280\/320|[from] Stealth Rock
|-ability|p2a: Landorus-Therian|Intimidate|[of] p1a: Greninja
|-unboost|p1a: Greninja|atk|1
|
|turn|4
|
|move|p2a: Landorus-Therian|U-turn|p1a: Greninja
|-supereffective|p1a: Greninja
|-damage|p1a: Greninja|0 fnt
|faint|p1a: Greninja
|
|switch|p2a: Aegislash|Aegislash, M|324\/324
|-damage|p2a: Aegislash|304\/324|[from] Stealth Rock
|
|-heal|p2a: Aegislash|324\/324|[from] item: Leftovers
|
|switch|p1a: Victini|Victini|341\/341
|turn|5
|
|move|p2a: Aegislash|King's Shield|p2a: Aegislash
|-singleturn|p2a: Aegislash|Protect
|move|p1a: Victini|Blue Flare|p2a: Aegislash
|-activate|p2a: Aegislash|Protect
|
|turn|6
|
|move|p1a: Victini|V-create|p2a: Aegislash
|-supereffective|p2a: Aegislash
|-damage|p2a: Aegislash|0 fnt
|-unboost|p1a: Victini|def|1
|-unboost|p1a: Victini|spd|1
|-unboost|p1a: Victini|spe|1
|faint|p2a: Aegislash
|
|chat|toiletpkay|lawl
|chat|Mouzourides|I did not expect this ;)
|
|switch|p2a: Latios|Latios, M|301\/301
|-damage|p2a: Latios|264\/301|[from] Stealth Rock
|turn|7
|
|move|p2a: Latios|Defog|p1a: Victini
|-unboost|p1a: Victini|evasion|1
|-sideend|p2: Mouzourides|Stealth Rock|[from] move: Defog|[of] p2a: Latios
|move|p1a: Victini|V-create|p2a: Latios
|-resisted|p2a: Latios
|-damage|p2a: Latios|33\/301
|-unboost|p1a: Victini|def|1
|-unboost|p1a: Victini|spd|1
|-unboost|p1a: Victini|spe|1
|
|turn|8
|
|switch|p1a: Azumarill|Azumarill, F|342\/342
|move|p2a: Latios|Draco Meteor|p1a: Azumarill
|-immune|p1a: Azumarill|[msg]
|
|turn|9
|
|switch|p2a: Rotom-Wash|Rotom-Wash|93\/304
|move|p1a: Azumarill|Belly Drum|p1a: Azumarill
|-damage|p1a: Azumarill|171\/342
|-setboost|p1a: Azumarill|atk|6|[from] move: Belly Drum
|-enditem|p1a: Azumarill|Sitrus Berry|[eat]
|-heal|p1a: Azumarill|256\/342|[from] item: Sitrus Berry
|
|turn|10
|chat|toiletpkay|OHHHHHHHHH
|
|move|p1a: Azumarill|Aqua Jet|p2a: Rotom-Wash
|-resisted|p2a: Rotom-Wash
|-damage|p2a: Rotom-Wash|0 fnt
|faint|p2a: Rotom-Wash
|
|
|switch|p2a: Landorus-Therian|Landorus-Therian, M|280\/320
|-ability|p2a: Landorus-Therian|Intimidate|[of] p1a: Azumarill
|-unboost|p1a: Azumarill|atk|1
|turn|11
|
|switch|p2a: Latios|Latios, M|33\/301
|move|p1a: Azumarill|Aqua Jet|p2a: Latios
|-resisted|p2a: Latios
|-damage|p2a: Latios|0 fnt
|faint|p2a: Latios
|
|chat|toiletpkay|NO DONT BE A DICK
|
|switch|p2a: Landorus-Therian|Landorus-Therian, M|280\/320
|-ability|p2a: Landorus-Therian|Intimidate|[of] p1a: Azumarill
|-unboost|p1a: Azumarill|atk|1
|turn|12
|chat|toiletpkay|no
|chat|Mouzourides|how is that being a dick ;)
|
|move|p1a: Azumarill|Aqua Jet|p2a: Landorus-Therian
|-crit|p2a: Landorus-Therian
|-supereffective|p2a: Landorus-Therian
|-damage|p2a: Landorus-Therian|0 fnt
|faint|p2a: Landorus-Therian
|
|
|switch|p2a: Pinsir|Pinsir, M|271\/271
|turn|13
|
|detailschange|p2a: Pinsir|Pinsir-Mega, M
|message|Pinsir has Mega Evolved into Mega Pinsir!
|move|p1a: Azumarill|Aqua Jet|p2a: Pinsir
|-damage|p2a: Pinsir|49\/271
|move|p2a: Pinsir|Return|p1a: Azumarill
|-damage|p1a: Azumarill|0 fnt
|faint|p1a: Azumarill
|
|chat|toiletpkay|nooooooooo
|chat|toiletpkay|u monster
|
|switch|p1a: Honchkrow|Honchkrow, M|341\/341
|turn|14
|
|switch|p2a: Heatran|Heatran, M|386\/386
|move|p1a: Honchkrow|Sucker Punch|p2a: Heatran
|-fail|p2a: Heatran
|
|turn|15
|
|move|p1a: Honchkrow|Brave Bird|p2a: Heatran
|-resisted|p2a: Heatran
|-damage|p2a: Heatran|281\/386
|-damage|p1a: Honchkrow|306\/341|[from] recoil|[of] p2a: Heatran
|move|p2a: Heatran|Toxic|p1a: Honchkrow
|-status|p1a: Honchkrow|tox
|
|-heal|p2a: Heatran|305\/386|[from] item: Leftovers
|-damage|p1a: Honchkrow|285\/341 tox|[from] psn
|turn|16
|
|move|p1a: Honchkrow|Brave Bird|p2a: Heatran
|-resisted|p2a: Heatran
|-damage|p2a: Heatran|196\/386
|-damage|p1a: Honchkrow|249\/341 tox|[from] recoil|[of] p2a: Heatran
|move|p2a: Heatran|Stealth Rock|p1a: Honchkrow
|-sidestart|p1: toiletpkay|move: Stealth Rock
|
|-heal|p2a: Heatran|220\/386|[from] item: Leftovers
|-damage|p1a: Honchkrow|207\/341 tox|[from] psn
|turn|17
|
|move|p1a: Honchkrow|Brave Bird|p2a: Heatran
|-resisted|p2a: Heatran
|-damage|p2a: Heatran|108\/386
|-damage|p1a: Honchkrow|170\/341 tox|[from] recoil|[of] p2a: Heatran
|move|p2a: Heatran|Lava Plume|p1a: Honchkrow
|-damage|p1a: Honchkrow|0 fnt
|faint|p1a: Honchkrow
|
|-heal|p2a: Heatran|132\/386|[from] item: Leftovers
|
|switch|p1a: Manectric|Manectric, F|281\/281
|-damage|p1a: Manectric|246\/281|[from] Stealth Rock
|turn|18
|chat|Mouzourides|I misplayed
|
|detailschange|p1a: Manectric|Manectric-Mega, F
|message|Manectric has Mega Evolved into Mega Manectric!
|-ability|p1a: Manectric|Intimidate|[of] p2a: Heatran
|-unboost|p2a: Heatran|atk|1
|move|p1a: Manectric|Volt Switch|p2a: Heatran
|-damage|p2a: Heatran|47\/386
|chat|toiletpkay|hows that
|
|switch|p1a: Victini|Victini|341\/341
|-damage|p1a: Victini|256\/341|[from] Stealth Rock
|move|p2a: Heatran|Earth Power|p1a: Victini
|-supereffective|p1a: Victini
|-damage|p1a: Victini|94\/341
|
|-heal|p2a: Heatran|71\/386|[from] item: Leftovers
|turn|19
|chat|toiletpkay|?
|chat|Mouzourides|i should have lava plumed straight away
|chat|toiletpkay|i could still kill heatran with victini
|chat|toiletpkay|and manectric
|chat|toiletpkay|volt switching
|chat|toiletpkay|your just making excuses for your loss :\/
|chat|Mouzourides|what does victini have?
|chat|Mouzourides|also I'm specially defensive
|chat|toiletpkay|just press a move
|chat|toiletpkay|u would see
|
|move|p1a: Victini|Bolt Strike|p2a: Heatran
|-damage|p2a: Heatran|0 fnt
|faint|p2a: Heatran
|
|chat|toiletpkay|like i said
|chat|Mouzourides|is that it?
|chat|toiletpkay|u would of lose either way
|chat|toiletpkay|after u killed honch
|chat|toiletpkay|volt switch or go into victini
|chat|toiletpkay|bolt strike u to death
|
|switch|p2a: Pinsir|Pinsir-Mega, M|49\/271
|turn|20
|chat|toiletpkay|or close to death
|
|move|p2a: Pinsir|Quick Attack|p1a: Victini
|-damage|p1a: Victini|0 fnt
|faint|p1a: Victini
|
|
|switch|p1a: Manectric|Manectric-Mega, F|246\/281
|-damage|p1a: Manectric|211\/281|[from] Stealth Rock
|-ability|p1a: Manectric|Intimidate|[of] p2a: Pinsir
|-unboost|p2a: Pinsir|atk|1
|turn|21
|chat|Mouzourides|maybe
|chat|toiletpkay|dont try say maybe lol
|chat|toiletpkay|u lost without making any miss plays
|chat|Mouzourides|although earth power would hurt 
|chat|toiletpkay|i dont like it when people say that when they lose
|chat|toiletpkay|making excuses
|chat|Mouzourides|rematch then?
|chat|toiletpkay|u earth powerewd my victini..
|chat|toiletpkay|it done 50%
|chat|Mouzourides|yeah and it did 48%
|chat|toiletpkay|like i said
|chat|toiletpkay|i could bolt strike u to death
|chat|toiletpkay|end of
|chat|Mouzourides|bolt strike does 30 to 40%
|chat|toiletpkay|no more saying u made a missplay
|chat|toiletpkay|i would of do 2 bolt strikes...
|chat|toiletpkay|and my honch brave bired 27&
|chat|toiletpkay|2 times
|chat|toiletpkay|for u to kill it
|chat|toiletpkay|u have no argument lol
|chat|Mouzourides|yeah okay, fair enough
|chat|Mouzourides|I still misplayed
|
|move|p2a: Pinsir|Quick Attack|p1a: Manectric
|-crit|p1a: Manectric
|-resisted|p1a: Manectric
|-damage|p1a: Manectric|117\/281
|move|p1a: Manectric|Thunderbolt|p2a: Pinsir
|-crit|p2a: Pinsir
|-supereffective|p2a: Pinsir
|-damage|p2a: Pinsir|0 fnt
|faint|p2a: Pinsir
|
|win|toiletpkay
|raw|Ladder updating...
|raw|toiletpkay's rating: 1763 &rarr; <strong>1778<\/strong><br \/>(+15 for winning)
|raw|Mouzourides's rating: 1669 &rarr; <strong>1654<\/strong><br \/>(-15 for losing)
|chat|toiletpkay|no u didnt
|chat|toiletpkay|ur just being salty
|chat|Mouzourides|dude i would have lost either way
|chat|toiletpkay|thats what i saaid...
|chat|Mouzourides|but a better play would have been to kill it with lava plume
|chat|Mouzourides|so I msiplayed
|chat|toiletpkay|then why are u saying u missplayed
|chat|Mouzourides|*misplayed
|chat|toiletpkay|if u know u was going to lose
|chat|toiletpkay|no misplays you're just salty lol