|join|Mouzourides
|join|Yolo its player
|player|p1|Mouzourides|15
|player|p2|Yolo its player|169
|gametype|singles
|gen|6
|tier|OU
|clearpoke
|poke|p1|Charizard, F
|poke|p1|Torkoal, M
|poke|p1|Ninetales, F
|poke|p1|Darmanitan, F
|poke|p1|Heatran, F
|poke|p1|Infernape, M
|poke|p2|Charizard, M, shiny
|poke|p2|Infernape, M, shiny
|poke|p2|Talonflame, M, shiny
|poke|p2|Chandelure, F, shiny
|poke|p2|Emboar, F
|poke|p2|Victini, shiny
|rule|Sleep Clause Mod: Limit one foe put to sleep
|rule|Species Clause: Limit one of each Pokemon
|rule|OHKO Clause: OHKO moves are banned
|rule|Moody Clause: Moody is banned
|rule|Evasion Moves Clause: Evasion moves are banned
|rule|Endless Battle Clause: Forcing endless battles is banned.
|rule|HP Percentage Mod: HP is reported as percentages
|teampreview
|
|start
|switch|p1a: Infernape|Infernape, M|293\/293
|switch|p2a: Victini|Victini, shiny|341\/341
|turn|1
|chat|Yolo its player|There all fire
|
|move|p1a: Infernape|Fake Out|p2a: Victini
|-damage|p2a: Victini|294\/341
|cant|p2a: Victini|flinch
|
|-heal|p2a: Victini|315\/341|[from] item: Leftovers
|turn|2
|join|supercolin2
|join|Takedownphoenix
|
|switch|p1a: Torkoal|Torkoal, M|344\/344
|move|p2a: Victini|Flamethrower|p1a: Torkoal
|-resisted|p1a: Torkoal
|-damage|p1a: Torkoal|249\/344
|
|-heal|p2a: Victini|336\/341|[from] item: Leftovers
|-heal|p1a: Torkoal|270\/344|[from] item: Leftovers
|turn|3
|
|switch|p1a: Heatran|Heatran, F|386\/386
|move|p2a: Victini|Focus Blast|p1a: Heatran
|-supereffective|p1a: Heatran
|-damage|p1a: Heatran|232\/386
|
|-heal|p2a: Victini|341\/341|[from] item: Leftovers
|-heal|p1a: Heatran|256\/386|[from] item: Leftovers
|turn|4
|
|move|p2a: Victini|Focus Blast|p1a: Heatran|[miss]
|-miss|p2a: Victini|p1a: Heatran
|move|p1a: Heatran|Earth Power|p2a: Victini
|-supereffective|p2a: Victini
|-damage|p2a: Victini|169\/341
|
|-heal|p2a: Victini|190\/341|[from] item: Leftovers
|-heal|p1a: Heatran|280\/386|[from] item: Leftovers
|turn|5
|
|move|p2a: Victini|Focus Blast|p1a: Heatran|[miss]
|-miss|p2a: Victini|p1a: Heatran
|move|p1a: Heatran|Toxic|p2a: Victini
|-status|p2a: Victini|tox
|
|-heal|p2a: Victini|211\/341 tox|[from] item: Leftovers
|-heal|p1a: Heatran|304\/386|[from] item: Leftovers
|-damage|p2a: Victini|190\/341 tox|[from] psn
|turn|6
|
|move|p2a: Victini|Focus Blast|p1a: Heatran
|-supereffective|p1a: Heatran
|-damage|p1a: Heatran|138\/386
|move|p1a: Heatran|Earth Power|p2a: Victini
|-supereffective|p2a: Victini
|-damage|p2a: Victini|0 fnt
|faint|p2a: Victini
|
|-heal|p1a: Heatran|162\/386|[from] item: Leftovers
|
|switch|p2a: Infernape|Infernape, M, shiny|293\/293
|turn|7
|
|switch|p1a: Charizard|Charizard, F|298\/298
|move|p2a: Infernape|Dual Chop|p1a: Charizard
|-damage|p1a: Charizard|250\/298
|-damage|p1a: Charizard|201\/298
|-hitcount|p1a: Charizard|2
|
|turn|8
|
|detailschange|p1a: Charizard|Charizard-Mega-Y, F
|message|Charizard has Mega Evolved into Mega Charizard!
|-weather|SunnyDay
|move|p2a: Infernape|Dual Chop|p1a: Charizard
|-damage|p1a: Charizard|146\/298
|-damage|p1a: Charizard|93\/298
|-hitcount|p1a: Charizard|2
|move|p1a: Charizard|Air Slash|p2a: Infernape
|-supereffective|p2a: Infernape
|-damage|p2a: Infernape|0 fnt
|faint|p2a: Infernape
|
|-weather|SunnyDay|[upkeep]
|
|switch|p2a: Charizard|Charizard, M, shiny|360\/360
|turn|9
|
|detailschange|p2a: Charizard|Charizard-Mega-Y, M, shiny
|message|Charizard has Mega Evolved into Mega Charizard!
|move|p1a: Charizard|Roost|p1a: Charizard
|-heal|p1a: Charizard|242\/298
|move|p2a: Charizard|Dragon Tail|p1a: Charizard
|-damage|p1a: Charizard|179\/298
|drag|p1a: Darmanitan|Darmanitan, F|351\/351
|
|-weather|SunnyDay|[upkeep]
|turn|10
|
|move|p1a: Darmanitan|U-turn|p2a: Charizard
|-resisted|p2a: Charizard
|-damage|p2a: Charizard|331\/360
|
|switch|p1a: Heatran|Heatran, F|162\/386
|move|p2a: Charizard|Dragon Tail|p1a: Heatran
|-resisted|p1a: Heatran
|-damage|p1a: Heatran|139\/386
|drag|p1a: Ninetales|Ninetales, F|288\/288
|
|-weather|SunnyDay|[upkeep]
|turn|11
|
|move|p1a: Ninetales|Nasty Plot|p1a: Ninetales
|-boost|p1a: Ninetales|spa|2
|move|p2a: Charizard|Dragon Tail|p1a: Ninetales|[miss]
|-miss|p2a: Charizard|p1a: Ninetales
|
|-weather|SunnyDay|[upkeep]
|turn|12
|
|move|p1a: Ninetales|Dark Pulse|p2a: Charizard
|-damage|p2a: Charizard|216\/360
|move|p2a: Charizard|Dragon Tail|p1a: Ninetales
|-damage|p1a: Ninetales|229\/288
|drag|p1a: Charizard|Charizard-Mega-Y, F|179\/298
|
|-weather|none
|turn|13
|
|move|p1a: Charizard|Air Slash|p2a: Charizard
|-crit|p2a: Charizard
|-damage|p2a: Charizard|17\/360
|move|p2a: Charizard|Dragon Tail|p1a: Charizard|[miss]
|-miss|p2a: Charizard|p1a: Charizard
|
|turn|14
|
|move|p1a: Charizard|Air Slash|p2a: Charizard
|-damage|p2a: Charizard|0 fnt
|faint|p2a: Charizard
|
|
|switch|p2a: Emboar|Emboar, F|424\/424
|turn|15
|
|move|p1a: Charizard|Air Slash|p2a: Emboar
|-supereffective|p2a: Emboar
|-damage|p2a: Emboar|0 fnt
|faint|p2a: Emboar
|
|
|switch|p2a: Chandelure|Chandelure, F, shiny|261\/261
|turn|16
|
|switch|p1a: Heatran|Heatran, F|139\/386
|move|p2a: Chandelure|Fire Blast|p1a: Heatran
|-start|p1a: Heatran|ability: Flash Fire
|
|-heal|p1a: Heatran|163\/386|[from] item: Leftovers
|turn|17
|
|switch|p2a: Talonflame|Talonflame, M, shiny|318\/318
|move|p1a: Heatran|Earth Power|p2a: Talonflame
|-immune|p2a: Talonflame|[msg]
|
|-heal|p1a: Heatran|187\/386|[from] item: Leftovers
|turn|18
|chat|Yolo its player|damut
|chat|Yolo its player|its gg fir me
|chat|Takedownphoenix|you sent out every pokemon except for the one should have lol
|chat|Yolo its player|I cant kill him 
|
|move|p2a: Talonflame|Sunny Day|p2a: Talonflame
|-weather|SunnyDay
|move|p1a: Heatran|Lava Plume|p2a: Talonflame
|-resisted|p2a: Talonflame
|-damage|p2a: Talonflame|164\/318
|
|-weather|SunnyDay|[upkeep]
|-heal|p2a: Talonflame|183\/318|[from] item: Leftovers
|-heal|p1a: Heatran|211\/386|[from] item: Leftovers
|turn|19
|
|move|p2a: Talonflame|Roost|p2a: Talonflame
|-heal|p2a: Talonflame|318\/318
|move|p1a: Heatran|Lava Plume|p2a: Talonflame
|-resisted|p2a: Talonflame
|-damage|p2a: Talonflame|148\/318
|
|-weather|SunnyDay|[upkeep]
|-heal|p2a: Talonflame|167\/318|[from] item: Leftovers
|-heal|p1a: Heatran|235\/386|[from] item: Leftovers
|turn|20
|
|move|p2a: Talonflame|Roost|p2a: Talonflame
|-heal|p2a: Talonflame|318\/318
|move|p1a: Heatran|Lava Plume|p2a: Talonflame
|-resisted|p2a: Talonflame
|-damage|p2a: Talonflame|147\/318
|
|-weather|SunnyDay|[upkeep]
|-heal|p2a: Talonflame|166\/318|[from] item: Leftovers
|-heal|p1a: Heatran|259\/386|[from] item: Leftovers
|turn|21
|
|move|p2a: Talonflame|Roost|p2a: Talonflame
|-heal|p2a: Talonflame|318\/318
|move|p1a: Heatran|Lava Plume|p2a: Talonflame
|-resisted|p2a: Talonflame
|-damage|p2a: Talonflame|150\/318
|
|-weather|SunnyDay|[upkeep]
|-heal|p2a: Talonflame|169\/318|[from] item: Leftovers
|-heal|p1a: Heatran|283\/386|[from] item: Leftovers
|turn|22
|chat|Mouzourides|you are just giving me leftovers HP
|
|move|p2a: Talonflame|Roost|p2a: Talonflame
|-heal|p2a: Talonflame|318\/318
|move|p1a: Heatran|Lava Plume|p2a: Talonflame
|-resisted|p2a: Talonflame
|-damage|p2a: Talonflame|162\/318
|
|-weather|none
|-heal|p2a: Talonflame|181\/318|[from] item: Leftovers
|-heal|p1a: Heatran|307\/386|[from] item: Leftovers
|turn|23
|
|move|p2a: Talonflame|Sunny Day|p2a: Talonflame
|-weather|SunnyDay
|move|p1a: Heatran|Lava Plume|p2a: Talonflame
|-crit|p2a: Talonflame
|-resisted|p2a: Talonflame
|-damage|p2a: Talonflame|0 fnt
|faint|p2a: Talonflame
|
|-weather|SunnyDay|[upkeep]
|-heal|p1a: Heatran|331\/386|[from] item: Leftovers
|chat|Takedownphoenix|lol
|
|switch|p2a: Chandelure|Chandelure, F, shiny|261\/261
|turn|24
|
|move|p2a: Chandelure|Fire Blast|p1a: Heatran
|-immune|p1a: Heatran|[msg]
|move|p1a: Heatran|Toxic|p2a: Chandelure
|-status|p2a: Chandelure|tox
|
|-weather|SunnyDay|[upkeep]
|-heal|p1a: Heatran|355\/386|[from] item: Leftovers
|-damage|p2a: Chandelure|245\/261 tox|[from] psn
|turn|25
|chat|Takedownphoenix|what on earth?
|
|move|p2a: Chandelure|Fire Blast|p1a: Heatran
|-immune|p1a: Heatran|[msg]
|move|p1a: Heatran|Earth Power|p2a: Chandelure
|-supereffective|p2a: Chandelure
|-damage|p2a: Chandelure|51\/261 tox
|
|-weather|SunnyDay|[upkeep]
|-heal|p2a: Chandelure|67\/261 tox|[from] item: Leftovers
|-heal|p1a: Heatran|379\/386|[from] item: Leftovers
|-damage|p2a: Chandelure|35\/261 tox|[from] psn
|turn|26
|
|move|p2a: Chandelure|Fire Blast|p1a: Heatran
|-immune|p1a: Heatran|[msg]
|move|p1a: Heatran|Earth Power|p2a: Chandelure
|-supereffective|p2a: Chandelure
|-damage|p2a: Chandelure|0 fnt
|faint|p2a: Chandelure
|
|win|Mouzourides
|leave|Yolo its player
|player|p2
|chat|Mouzourides|gg
|chat|Takedownphoenix|lmaoooo
|chat|Mouzourides|that was hilarious ;)