|join|Mouzourides
|join|The Master Chief
|player|p1|Mouzourides|290
|player|p2|The Master Chief|176
|gametype|singles
|gen|6
|tier|OU
|rated
|clearpoke
|poke|p1|Medicham, F
|poke|p1|Zapdos
|poke|p1|Heatran, M
|poke|p1|Aegislash, M
|poke|p1|Keldeo-Resolute
|poke|p1|Garchomp, M
|poke|p2|Politoed, F
|poke|p2|Dugtrio, M
|poke|p2|Gliscor, F
|poke|p2|Kabutops, F
|poke|p2|Ferrothorn, M
|poke|p2|Kingdra, M
|rule|Swagger Clause: Swagger is banned
|rule|Baton Pass Clause: Limit one PokÃ©mon knowing Baton Pass
|rule|Sleep Clause Mod: Limit one foe put to sleep
|rule|Species Clause: Limit one of each PokÃ©mon
|rule|OHKO Clause: OHKO moves are banned
|rule|Moody Clause: Moody is banned
|rule|Evasion Moves Clause: Evasion moves are banned
|rule|Endless Battle Clause: Forcing endless battles is banned
|rule|HP Percentage Mod: HP is reported as percentages
|teampreview
|
|start
|switch|p1a: Zapdos|Zapdos|384\/384
|switch|p2a: Politoed|Politoed, F|384\/384
|-ability|p1a: Zapdos|Pressure
|-weather|RainDance
|turn|1
|
|switch|p1a: Keldeo-Resolute|Keldeo-Resolute|322\/322
|switch|p2a: Gliscor|Gliscor, F|354\/354
|
|-weather|RainDance|[upkeep]
|-status|p2a: Gliscor|tox|[from] item: Toxic Orb
|turn|2
|
|switch|p2a: Kingdra|Kingdra, M|291\/291
|move|p1a: Keldeo-Resolute|Scald|p2a: Kingdra
|-crit|p2a: Kingdra
|-resisted|p2a: Kingdra
|-damage|p2a: Kingdra|172\/291
|
|-weather|RainDance|[upkeep]
|turn|3
|
|switch|p1a: Zapdos|Zapdos|384\/384
|-ability|p1a: Zapdos|Pressure
|move|p2a: Kingdra|Hydro Pump|p1a: Zapdos|[miss]
|-miss|p2a: Kingdra|p1a: Zapdos
|
|-weather|RainDance|[upkeep]
|turn|4
|
|move|p2a: Kingdra|Hydro Pump|p1a: Zapdos
|-damage|p1a: Zapdos|0 fnt
|faint|p1a: Zapdos
|
|-weather|RainDance|[upkeep]
|
|switch|p1a: Keldeo-Resolute|Keldeo-Resolute|322\/322
|turn|5
|leave|The Master Chief
|player|p2
|join|The Master Chief
|player|p2|The Master Chief|176
|
|switch|p2a: Ferrothorn|Ferrothorn, M|352\/352
|move|p1a: Keldeo-Resolute|Scald|p2a: Ferrothorn
|-resisted|p2a: Ferrothorn
|-damage|p2a: Ferrothorn|212\/352
|-status|p2a: Ferrothorn|brn
|
|-weather|RainDance|[upkeep]
|-damage|p2a: Ferrothorn|168\/352 brn|[from] brn
|turn|6
|
|move|p1a: Keldeo-Resolute|Scald|p2a: Ferrothorn
|-resisted|p2a: Ferrothorn
|-damage|p2a: Ferrothorn|39\/352 brn
|move|p2a: Ferrothorn|Stealth Rock|p1a: Keldeo-Resolute
|-sidestart|p1: Mouzourides|move: Stealth Rock
|
|-weather|RainDance|[upkeep]
|-damage|p2a: Ferrothorn|0 fnt|[from] brn
|faint|p2a: Ferrothorn
|
|switch|p2a: Kingdra|Kingdra, M|172\/291
|turn|7
|
|switch|p1a: Aegislash|Aegislash, M|324\/324
|-damage|p1a: Aegislash|304\/324|[from] Stealth Rock
|move|p2a: Kingdra|Hydro Pump|p1a: Aegislash
|-damage|p1a: Aegislash|15\/324
|
|-weather|RainDance|[upkeep]
|-heal|p1a: Aegislash|35\/324|[from] item: Leftovers
|turn|8
|
|-formechange|p1a: Aegislash|Aegislash-Blade
|move|p1a: Aegislash|Shadow Sneak|p2a: Kingdra
|-damage|p2a: Kingdra|91\/291
|move|p2a: Kingdra|Hydro Pump|p1a: Aegislash
|-damage|p1a: Aegislash|0 fnt
|faint|p1a: Aegislash
|
|-weather|none
|
|switch|p1a: Medicham|Medicham, F|261\/261
|-damage|p1a: Medicham|245\/261|[from] Stealth Rock
|turn|9
|
|switch|p2a: Politoed|Politoed, F|384\/384
|-weather|RainDance
|detailschange|p1a: Medicham|Medicham-Mega, F
|message|Medicham has Mega Evolved into Mega Medicham!
|move|p1a: Medicham|High Jump Kick|p2a: Politoed
|-damage|p2a: Politoed|23\/384
|
|-weather|RainDance|[upkeep]
|turn|10
|
|move|p2a: Politoed|Protect|p2a: Politoed
|-singleturn|p2a: Politoed|Protect
|move|p1a: Medicham|Psycho Cut|p2a: Politoed
|-activate|p2a: Politoed|Protect
|
|-weather|RainDance|[upkeep]
|turn|11
|
|move|p1a: Medicham|Psycho Cut|p2a: Politoed
|-damage|p2a: Politoed|0 fnt
|faint|p2a: Politoed
|
|-weather|RainDance|[upkeep]
|
|switch|p2a: Kingdra|Kingdra, M|91\/291
|turn|12
|
|switch|p1a: Garchomp|Garchomp, M|358\/358
|-damage|p1a: Garchomp|336\/358|[from] Stealth Rock
|move|p2a: Kingdra|Hydro Pump|p1a: Garchomp
|-damage|p1a: Garchomp|0 fnt
|faint|p1a: Garchomp
|
|-weather|RainDance|[upkeep]
|
|switch|p1a: Keldeo-Resolute|Keldeo-Resolute|322\/322
|-damage|p1a: Keldeo-Resolute|302\/322|[from] Stealth Rock
|turn|13
|
|switch|p2a: Kabutops|Kabutops, F|262\/262
|move|p1a: Keldeo-Resolute|Scald|p2a: Kabutops
|-damage|p2a: Kabutops|0 fnt
|faint|p2a: Kabutops
|
|-weather|RainDance|[upkeep]
|
|switch|p2a: Kingdra|Kingdra, M|91\/291
|turn|14
|
|move|p2a: Kingdra|Draco Meteor|p1a: Keldeo-Resolute
|-damage|p1a: Keldeo-Resolute|0 fnt
|-unboost|p2a: Kingdra|spa|2
|faint|p1a: Keldeo-Resolute
|
|-weather|RainDance|[upkeep]
|
|switch|p1a: Medicham|Medicham-Mega, F|245\/261
|-damage|p1a: Medicham|229\/261|[from] Stealth Rock
|turn|15
|
|move|p1a: Medicham|Fake Out|p2a: Kingdra
|-damage|p2a: Kingdra|15\/291
|cant|p2a: Kingdra|flinch
|
|-weather|RainDance|[upkeep]
|turn|16
|
|switch|p1a: Heatran|Heatran, M|386\/386
|-damage|p1a: Heatran|338\/386|[from] Stealth Rock
|move|p2a: Kingdra|Draco Meteor|p1a: Heatran
|-resisted|p1a: Heatran
|-damage|p1a: Heatran|284\/386
|-unboost|p2a: Kingdra|spa|2
|
|-weather|none
|-heal|p1a: Heatran|308\/386|[from] item: Leftovers
|turn|17
|
|move|p2a: Kingdra|Draco Meteor|p1a: Heatran|[miss]
|-miss|p2a: Kingdra|p1a: Heatran
|move|p1a: Heatran|Earth Power|p2a: Kingdra
|-damage|p2a: Kingdra|0 fnt
|faint|p2a: Kingdra
|
|-heal|p1a: Heatran|332\/386|[from] item: Leftovers
|
|switch|p2a: Gliscor|Gliscor, F|354\/354 tox
|turn|18
|
|move|p2a: Gliscor|Earthquake|p1a: Heatran
|-supereffective|p1a: Heatran
|-damage|p1a: Heatran|0 fnt
|faint|p1a: Heatran
|
|
|switch|p1a: Medicham|Medicham-Mega, F|229\/261
|-damage|p1a: Medicham|213\/261|[from] Stealth Rock
|turn|19
|
|move|p1a: Medicham|Fake Out|p2a: Gliscor
|-damage|p2a: Gliscor|287\/354 tox
|cant|p2a: Gliscor|flinch
|
|-heal|p2a: Gliscor|331\/354 tox|[from] ability: Poison Heal
|turn|20
|
|move|p1a: Medicham|Ice Punch|p2a: Gliscor
|-supereffective|p2a: Gliscor
|-damage|p2a: Gliscor|0 fnt
|faint|p2a: Gliscor
|
|
|switch|p2a: Dugtrio|Dugtrio, M|212\/212
|turn|21
|
|move|p2a: Dugtrio|Earthquake|p1a: Medicham
|-damage|p1a: Medicham|62\/261
|move|p1a: Medicham|Ice Punch|p2a: Dugtrio
|-supereffective|p2a: Dugtrio
|-enditem|p2a: Dugtrio|Focus Sash
|-damage|p2a: Dugtrio|1\/212
|
|turn|22
|
|move|p2a: Dugtrio|Earthquake|p1a: Medicham
|-crit|p1a: Medicham
|-damage|p1a: Medicham|0 fnt
|faint|p1a: Medicham
|
|win|The Master Chief
|raw|Ladder updating...
|raw|Mouzourides's rating: 1615 &rarr; <strong>1592<\/strong><br \/>(-23 for losing)
|raw|The Master Chief's rating: 1566 &rarr; <strong>1589<\/strong><br \/>(+23 for winning)
|chat|The Master Chief|Gg
|chat|Mouzourides|gg
|leave|Mouzourides