|join|Mouzourides
|join|rufo2
|player|p1|Mouzourides|290
|player|p2|rufo2|101
|gametype|singles
|gen|6
|tier|OU
|rated
|clearpoke
|poke|p1|Charizard, F
|poke|p1|Skarmory, M
|poke|p1|Heatran, M
|poke|p1|Thundurus, M
|poke|p1|Azumarill, F
|poke|p1|Garchomp, M
|poke|p2|Heatran, F
|poke|p2|Venusaur, M
|poke|p2|Tyranitar, M
|poke|p2|Skarmory, M
|poke|p2|Suicune
|poke|p2|Sableye, F
|rule|Swagger Clause: Swagger is banned
|rule|Baton Pass Clause: Limit one PokÃ©mon knowing Baton Pass
|rule|Sleep Clause Mod: Limit one foe put to sleep
|rule|Species Clause: Limit one of each PokÃ©mon
|rule|OHKO Clause: OHKO moves are banned
|rule|Moody Clause: Moody is banned
|rule|Evasion Moves Clause: Evasion moves are banned
|rule|Endless Battle Clause: Forcing endless battles is banned
|rule|HP Percentage Mod: HP is shown in percentages
|teampreview
|
|start
|switch|p1a: Heatran|Heatran, M|385\/385
|switch|p2a: Sableye|Sableye, F|304\/304
|turn|1
|
|switch|p2a: Heatran|Heatran, F|385\/385
|move|p1a: Heatran|Toxic|p2a: Heatran
|-fail|p2a: Heatran
|
|turn|2
|
|move|p2a: Heatran|Earth Power|p1a: Heatran
|-supereffective|p1a: Heatran
|-damage|p1a: Heatran|109\/385
|move|p1a: Heatran|Earth Power|p2a: Heatran
|-supereffective|p2a: Heatran
|-damage|p2a: Heatran|121\/385
|-unboost|p2a: Heatran|spd|1
|
|-heal|p1a: Heatran|133\/385|[from] item: Leftovers
|-heal|p2a: Heatran|145\/385|[from] item: Leftovers
|turn|3
|
|switch|p1a: Thundurus|Thundurus, M|299\/299
|move|p2a: Heatran|Lava Plume|p1a: Thundurus
|-damage|p1a: Thundurus|149\/299
|
|-heal|p2a: Heatran|169\/385|[from] item: Leftovers
|turn|4
|
|move|p2a: Heatran|Protect|p2a: Heatran
|-singleturn|p2a: Heatran|Protect
|move|p1a: Thundurus|Thunderbolt|p2a: Heatran
|-activate|p2a: Heatran|Protect
|
|-heal|p2a: Heatran|193\/385|[from] item: Leftovers
|turn|5
|
|switch|p2a: Venusaur|Venusaur, M|302\/302
|move|p1a: Thundurus|Focus Blast|p2a: Venusaur
|-resisted|p2a: Venusaur
|-damage|p2a: Venusaur|207\/302
|-damage|p1a: Thundurus|120\/299|[from] item: Life Orb
|
|turn|6
|
|switch|p1a: Heatran|Heatran, M|133\/385
|detailschange|p2a: Venusaur|Venusaur-Mega, M
|message|Venusaur has Mega Evolved into Mega Venusaur!
|move|p2a: Venusaur|Leech Seed|p1a: Heatran
|-start|p1a: Heatran|move: Leech Seed
|
|-heal|p1a: Heatran|157\/385|[from] item: Leftovers
|-damage|p1a: Heatran|109\/385|[from] Leech Seed|[of] p2a: Venusaur
|-heal|p2a: Venusaur|255\/302|[silent]
|turn|7
|
|switch|p2a: Tyranitar|Tyranitar, M|403\/403
|-weather|Sandstorm
|move|p1a: Heatran|Stealth Rock|p2a: Tyranitar
|-sidestart|p2: rufo2|move: Stealth Rock
|
|-weather|Sandstorm|[upkeep]
|-heal|p1a: Heatran|133\/385|[from] item: Leftovers
|-damage|p1a: Heatran|85\/385|[from] Leech Seed|[of] p2a: Tyranitar
|turn|8
|
|switch|p1a: Skarmory|Skarmory, M|334\/334
|switch|p2a: Skarmory|Skarmory, M|334\/334
|-damage|p2a: Skarmory|293\/334|[from] Stealth Rock
|
|-weather|Sandstorm|[upkeep]
|turn|9
|
|move|p2a: Skarmory|Stealth Rock|p1a: Skarmory
|-sidestart|p1: Mouzourides|move: Stealth Rock
|move|p1a: Skarmory|Whirlwind|p2a: Skarmory
|drag|p2a: Tyranitar|Tyranitar, M|403\/403
|-damage|p2a: Tyranitar|353\/403|[from] Stealth Rock
|
|-weather|Sandstorm|[upkeep]
|turn|10
|
|move|p1a: Skarmory|Defog|p2a: Tyranitar
|-unboost|p2a: Tyranitar|evasion|1
|-sideend|p2: rufo2|Stealth Rock|[from] move: Defog|[of] p2a: Tyranitar
|-sideend|p1: Mouzourides|Stealth Rock|[from] move: Defog|[of] p1a: Skarmory
|move|p2a: Tyranitar|Flamethrower|p1a: Skarmory
|-supereffective|p1a: Skarmory
|-damage|p1a: Skarmory|146\/334
|
|-weather|Sandstorm|[upkeep]
|turn|11
|
|switch|p1a: Azumarill|Azumarill, F|345\/345
|move|p2a: Tyranitar|Flamethrower|p1a: Azumarill
|-resisted|p1a: Azumarill
|-damage|p1a: Azumarill|324\/345
|
|-weather|none
|turn|12
|
|switch|p2a: Sableye|Sableye, F|304\/304
|move|p1a: Azumarill|Play Rough|p2a: Sableye
|-supereffective|p2a: Sableye
|-damage|p2a: Sableye|0 fnt
|faint|p2a: Sableye
|
|
|switch|p2a: Suicune|Suicune|404\/404
|-ability|p2a: Suicune|Pressure
|turn|13
|
|move|p2a: Suicune|Scald|p1a: Azumarill
|-resisted|p1a: Azumarill
|-damage|p1a: Azumarill|298\/345
|move|p1a: Azumarill|Knock Off|p2a: Suicune
|-damage|p2a: Suicune|307\/404
|-enditem|p2a: Suicune|Leftovers|[from] move: Knock Off|[of] p1a: Azumarill
|
|turn|14
|
|switch|p1a: Heatran|Heatran, M|85\/385
|move|p2a: Suicune|Calm Mind|p2a: Suicune
|-boost|p2a: Suicune|spa|1
|-boost|p2a: Suicune|spd|1
|
|-heal|p1a: Heatran|109\/385|[from] item: Leftovers
|turn|15
|
|switch|p1a: Thundurus|Thundurus, M|120\/299
|move|p2a: Suicune|Scald|p1a: Thundurus
|-damage|p1a: Thundurus|0 fnt
|faint|p1a: Thundurus
|
|
|switch|p1a: Charizard|Charizard, F|297\/297
|turn|16
|
|detailschange|p1a: Charizard|Charizard-Mega-X, F
|message|Charizard has Mega Evolved into Mega Charizard!
|move|p1a: Charizard|Dragon Dance|p1a: Charizard
|-boost|p1a: Charizard|atk|1
|-boost|p1a: Charizard|spe|1
|move|p2a: Suicune|Calm Mind|p2a: Suicune
|-boost|p2a: Suicune|spa|1
|-boost|p2a: Suicune|spd|1
|
|turn|17
|
|move|p1a: Charizard|Dragon Claw|p2a: Suicune
|-damage|p2a: Suicune|105\/404
|move|p2a: Suicune|Scald|p1a: Charizard
|-crit|p1a: Charizard
|-damage|p1a: Charizard|18\/297
|
|turn|18
|
|switch|p2a: Skarmory|Skarmory, M|293\/334
|move|p1a: Charizard|Dragon Claw|p2a: Skarmory
|-resisted|p2a: Skarmory
|-damage|p2a: Skarmory|196\/334
|-damage|p1a: Charizard|0 fnt|[from] item: Rocky Helmet|[of] p2a: Skarmory
|faint|p1a: Charizard
|
|
|switch|p1a: Heatran|Heatran, M|109\/385
|turn|19
|
|switch|p1a: Garchomp|Garchomp, M|357\/357
|switch|p2a: Heatran|Heatran, F|193\/385
|
|-heal|p2a: Heatran|217\/385|[from] item: Leftovers
|turn|20
|
|move|p1a: Garchomp|Fire Blast|p2a: Heatran
|-start|p2a: Heatran|ability: Flash Fire
|move|p2a: Heatran|Lava Plume|p1a: Garchomp
|-resisted|p1a: Garchomp
|-damage|p1a: Garchomp|238\/357
|-status|p1a: Garchomp|brn
|
|-heal|p2a: Heatran|241\/385|[from] item: Leftovers
|-damage|p1a: Garchomp|194\/357 brn|[from] brn
|turn|21
|
|switch|p1a: Azumarill|Azumarill, F|298\/345
|move|p2a: Heatran|Earth Power|p1a: Azumarill
|-damage|p1a: Azumarill|241\/345
|-unboost|p1a: Azumarill|spd|1
|
|-heal|p2a: Heatran|265\/385|[from] item: Leftovers
|turn|22
|
|move|p2a: Heatran|Lava Plume|p1a: Azumarill
|-resisted|p1a: Azumarill
|-damage|p1a: Azumarill|158\/345
|move|p1a: Azumarill|Waterfall|p2a: Heatran
|-supereffective|p2a: Heatran
|-damage|p2a: Heatran|0 fnt
|faint|p2a: Heatran
|
|
|switch|p2a: Venusaur|Venusaur-Mega, M|255\/302
|turn|23
|
|switch|p1a: Garchomp|Garchomp, M|194\/357 brn
|move|p2a: Venusaur|Leech Seed|p1a: Garchomp
|-start|p1a: Garchomp|move: Leech Seed
|
|-damage|p1a: Garchomp|150\/357 brn|[from] Leech Seed|[of] p2a: Venusaur
|-heal|p2a: Venusaur|299\/302|[silent]
|-damage|p1a: Garchomp|106\/357 brn|[from] brn
|turn|24
|
|move|p1a: Garchomp|Fire Blast|p2a: Venusaur
|-supereffective|p2a: Venusaur
|-damage|p2a: Venusaur|233\/302
|move|p2a: Venusaur|Giga Drain|p1a: Garchomp
|-damage|p1a: Garchomp|0 fnt
|-heal|p2a: Venusaur|286\/302|[from] drain|[of] p1a: Garchomp
|faint|p1a: Garchomp
|
|
|switch|p1a: Heatran|Heatran, M|109\/385
|turn|25
|
|move|p2a: Venusaur|Leech Seed|p1a: Heatran
|-start|p1a: Heatran|move: Leech Seed
|move|p1a: Heatran|Lava Plume|p2a: Venusaur
|-supereffective|p2a: Venusaur
|-damage|p2a: Venusaur|188\/302
|-status|p2a: Venusaur|brn
|
|-heal|p1a: Heatran|133\/385|[from] item: Leftovers
|-damage|p1a: Heatran|85\/385|[from] Leech Seed|[of] p2a: Venusaur
|-heal|p2a: Venusaur|236\/302 brn|[silent]
|-damage|p2a: Venusaur|199\/302 brn|[from] brn
|turn|26
|
|switch|p1a: Skarmory|Skarmory, M|146\/334
|move|p2a: Venusaur|Giga Drain|p1a: Skarmory
|-resisted|p1a: Skarmory
|-damage|p1a: Skarmory|98\/334
|-heal|p2a: Venusaur|223\/302 brn|[from] drain|[of] p1a: Skarmory
|
|-damage|p2a: Venusaur|186\/302 brn|[from] brn
|turn|27
|
|move|p2a: Venusaur|Hidden Power|p1a: Skarmory
|-supereffective|p1a: Skarmory
|-damage|p1a: Skarmory|0 fnt
|faint|p1a: Skarmory
|
|-damage|p2a: Venusaur|149\/302 brn|[from] brn
|
|switch|p1a: Heatran|Heatran, M|85\/385
|turn|28
|
|move|p2a: Venusaur|Leech Seed|p1a: Heatran
|-start|p1a: Heatran|move: Leech Seed
|move|p1a: Heatran|Lava Plume|p2a: Venusaur
|-supereffective|p2a: Venusaur
|-damage|p2a: Venusaur|53\/302 brn
|
|-heal|p1a: Heatran|109\/385|[from] item: Leftovers
|-damage|p1a: Heatran|61\/385|[from] Leech Seed|[of] p2a: Venusaur
|-heal|p2a: Venusaur|101\/302 brn|[silent]
|-damage|p2a: Venusaur|64\/302 brn|[from] brn
|turn|29
|
|move|p2a: Venusaur|Giga Drain|p1a: Heatran
|-resisted|p1a: Heatran
|-damage|p1a: Heatran|35\/385
|-heal|p2a: Venusaur|77\/302 brn|[from] drain|[of] p1a: Heatran
|move|p1a: Heatran|Lava Plume|p2a: Venusaur
|-supereffective|p2a: Venusaur
|-damage|p2a: Venusaur|0 fnt
|faint|p2a: Venusaur
|
|-heal|p1a: Heatran|59\/385|[from] item: Leftovers
|
|switch|p2a: Suicune|Suicune|105\/404
|-ability|p2a: Suicune|Pressure
|turn|30
|
|switch|p1a: Azumarill|Azumarill, F|158\/345
|move|p2a: Suicune|Rest|p2a: Suicune
|-status|p2a: Suicune|slp
|-heal|p2a: Suicune|404\/404 slp|[silent]
|-status|p2a: Suicune|slp|[from] move: Rest
|
|turn|31
|
|cant|p2a: Suicune|slp
|move|p2a: Suicune|Sleep Talk|p2a: Suicune
|move|p2a: Suicune|Scald|p1a: Azumarill|[from]Sleep Talk
|-resisted|p1a: Azumarill
|-damage|p1a: Azumarill|130\/345
|-status|p1a: Azumarill|brn
|move|p1a: Azumarill|Play Rough|p2a: Suicune
|-damage|p2a: Suicune|340\/404 slp
|-unboost|p2a: Suicune|atk|1
|
|-damage|p1a: Azumarill|87\/345 brn|[from] brn
|turn|32
|
|cant|p2a: Suicune|slp
|move|p2a: Suicune|Sleep Talk|p2a: Suicune
|move|p2a: Suicune|Scald|p1a: Azumarill|[from]Sleep Talk
|-resisted|p1a: Azumarill
|-damage|p1a: Azumarill|61\/345 brn
|move|p1a: Azumarill|Play Rough|p2a: Suicune
|-damage|p2a: Suicune|276\/404 slp
|
|-damage|p1a: Azumarill|18\/345 brn|[from] brn
|turn|33
|
|-curestatus|p2a: Suicune|slp
|move|p2a: Suicune|Calm Mind|p2a: Suicune
|-boost|p2a: Suicune|spa|1
|-boost|p2a: Suicune|spd|1
|move|p1a: Azumarill|Play Rough|p2a: Suicune
|-damage|p2a: Suicune|207\/404
|
|-damage|p1a: Azumarill|0 fnt|[from] brn
|faint|p1a: Azumarill
|
|switch|p1a: Heatran|Heatran, M|59\/385
|turn|34
|
|move|p2a: Suicune|Scald|p1a: Heatran
|-supereffective|p1a: Heatran
|-damage|p1a: Heatran|0 fnt
|faint|p1a: Heatran
|
|win|rufo2
|raw|Ladder updating...
|raw|Mouzourides's rating: 1616 &rarr; <strong>1591<\/strong><br \/>(-25 for losing)
|raw|rufo2's rating: 1528 &rarr; <strong>1553<\/strong><br \/>(+25 for winning)
|c|âMouzourides|gg