|join|the epick lol
|join|Mouzourides
|player|p1|the epick lol|163
|player|p2|Mouzourides|290
|gametype|singles
|gen|6
|tier|OU
|rated
|clearpoke
|poke|p1|Gyarados, F
|poke|p1|Excadrill, F
|poke|p1|Medicham, F
|poke|p1|Kyurem-Black
|poke|p1|Aegislash, F
|poke|p1|Infernape, F
|poke|p2|Medicham, M
|poke|p2|Zapdos
|poke|p2|Heatran, M
|poke|p2|Ferrothorn, M
|poke|p2|Keldeo-Resolute
|poke|p2|Garchomp, M
|rule|Swagger Clause: Swagger is banned
|rule|Baton Pass Clause: Limit three PokÃ©mon knowing Baton Pass
|rule|Sleep Clause Mod: Limit one foe put to sleep
|rule|Species Clause: Limit one of each PokÃ©mon
|rule|OHKO Clause: OHKO moves are banned
|rule|Moody Clause: Moody is banned
|rule|Evasion Moves Clause: Evasion moves are banned
|rule|Endless Battle Clause: Forcing endless battles is banned
|rule|HP Percentage Mod: HP is reported as percentages
|teampreview
|
|start
|switch|p1a: Infernape|Infernape, F|293\/293
|switch|p2a: Zapdos|Zapdos|384\/384
|-ability|p2a: Zapdos|Pressure
|turn|1
|
|switch|p1a: Excadrill|Excadrill, F|419\/419
|-ability|p1a: Excadrill|Mold Breaker
|move|p2a: Zapdos|Discharge|p1a: Excadrill
|-immune|p1a: Excadrill|[msg]
|
|turn|2
|
|move|p2a: Zapdos|Heat Wave|p1a: Excadrill
|-supereffective|p1a: Excadrill
|-damage|p1a: Excadrill|147\/419
|move|p1a: Excadrill|Stealth Rock|p2a: Zapdos
|-sidestart|p2: Mouzourides|move: Stealth Rock
|
|-heal|p1a: Excadrill|173\/419|[from] item: Leftovers
|turn|3
|
|switch|p1a: Infernape|Infernape, F|293\/293
|move|p2a: Zapdos|Heat Wave|p1a: Infernape
|-resisted|p1a: Infernape
|-damage|p1a: Infernape|231\/293
|
|turn|4
|
|move|p1a: Infernape|Fire Blast|p2a: Zapdos
|-damage|p2a: Zapdos|189\/384
|move|p2a: Zapdos|Discharge|p1a: Infernape
|-damage|p1a: Infernape|69\/293
|
|-heal|p2a: Zapdos|213\/384|[from] item: Leftovers
|turn|5
|
|move|p1a: Infernape|Fire Blast|p2a: Zapdos
|-damage|p2a: Zapdos|0 fnt
|faint|p2a: Zapdos
|
|
|switch|p2a: Keldeo-Resolute|Keldeo-Resolute|322\/322
|-damage|p2a: Keldeo-Resolute|302\/322|[from] Stealth Rock
|turn|6
|
|switch|p1a: Gyarados|Gyarados, F|394\/394
|-ability|p1a: Gyarados|Intimidate|[of] p2a: Keldeo-Resolute
|-unboost|p2a: Keldeo-Resolute|atk|1
|move|p2a: Keldeo-Resolute|Scald|p1a: Gyarados
|-resisted|p1a: Gyarados
|-damage|p1a: Gyarados|291\/394
|
|-heal|p1a: Gyarados|315\/394|[from] item: Leftovers
|turn|7
|
|switch|p2a: Ferrothorn|Ferrothorn, M|352\/352
|-damage|p2a: Ferrothorn|330\/352|[from] Stealth Rock
|move|p1a: Gyarados|Thunder Wave|p2a: Ferrothorn
|-status|p2a: Ferrothorn|par
|
|-heal|p1a: Gyarados|339\/394|[from] item: Leftovers
|-heal|p2a: Ferrothorn|352\/352 par|[from] item: Leftovers
|turn|8
|
|switch|p1a: Infernape|Infernape, F|69\/293
|move|p2a: Ferrothorn|Leech Seed|p1a: Infernape
|-start|p1a: Infernape|move: Leech Seed
|
|-damage|p1a: Infernape|33\/293|[from] Leech Seed|[of] p2a: Ferrothorn
|turn|9
|
|switch|p1a: Medicham|Medicham, F|261\/261
|move|p2a: Ferrothorn|Protect|p2a: Ferrothorn
|-fail|p2a: Ferrothorn
|
|turn|10
|
|detailschange|p1a: Medicham|Medicham-Mega, F
|message|Medicham has Mega Evolved into Mega Medicham!
|move|p2a: Ferrothorn|Protect|p2a: Ferrothorn
|-singleturn|p2a: Ferrothorn|Protect
|move|p1a: Medicham|Fake Out|p2a: Ferrothorn
|-activate|p2a: Ferrothorn|Protect
|
|turn|11
|
|move|p2a: Ferrothorn|Protect|p2a: Ferrothorn
|-fail|p2a: Ferrothorn
|move|p1a: Medicham|High Jump Kick|p2a: Ferrothorn|[miss]
|-miss|p1a: Medicham|p2a: Ferrothorn
|-damage|p1a: Medicham|131\/261|[from] highjumpkick
|
|turn|12
|chat|the epick lol|ffs
|chat|the epick lol|this game
|chat|Mouzourides|sorry dude
|
|move|p1a: Medicham|High Jump Kick|p2a: Ferrothorn
|-supereffective|p2a: Ferrothorn
|-damage|p2a: Ferrothorn|0 fnt
|-damage|p1a: Medicham|99\/261|[from] ability: Iron Barbs|[of] p2a: Ferrothorn
|faint|p2a: Ferrothorn
|
|
|switch|p2a: Keldeo-Resolute|Keldeo-Resolute|302\/322
|-damage|p2a: Keldeo-Resolute|282\/322|[from] Stealth Rock
|turn|13
|
|switch|p1a: Gyarados|Gyarados, F|339\/394
|-ability|p1a: Gyarados|Intimidate|[of] p2a: Keldeo-Resolute
|-unboost|p2a: Keldeo-Resolute|atk|1
|move|p2a: Keldeo-Resolute|Scald|p1a: Gyarados
|-crit|p1a: Gyarados
|-resisted|p1a: Gyarados
|-damage|p1a: Gyarados|171\/394
|
|-heal|p1a: Gyarados|195\/394|[from] item: Leftovers
|turn|14
|chat|the epick lol|o well lol
|
|switch|p2a: Garchomp|Garchomp, M|358\/358
|-damage|p2a: Garchomp|336\/358|[from] Stealth Rock
|move|p1a: Gyarados|Thunder Wave|p2a: Garchomp
|-immune|p2a: Garchomp|[msg]
|
|-heal|p1a: Gyarados|219\/394|[from] item: Leftovers
|turn|15
|
|switch|p1a: Aegislash|Aegislash, F|324\/324
|move|p2a: Garchomp|Dragon Claw|p1a: Aegislash
|-resisted|p1a: Aegislash
|-damage|p1a: Aegislash|272\/324
|
|-heal|p1a: Aegislash|292\/324|[from] item: Leftovers
|turn|16
|
|switch|p2a: Heatran|Heatran, M|386\/386
|-damage|p2a: Heatran|338\/386|[from] Stealth Rock
|-formechange|p1a: Aegislash|Aegislash-Blade
|move|p1a: Aegislash|Shadow Ball|p2a: Heatran
|-damage|p2a: Heatran|221\/386
|
|-heal|p2a: Heatran|245\/386|[from] item: Leftovers
|-heal|p1a: Aegislash|312\/324|[from] item: Leftovers
|turn|17
|
|move|p2a: Heatran|Lava Plume|p1a: Aegislash
|-supereffective|p1a: Aegislash
|-damage|p1a: Aegislash|0 fnt
|faint|p1a: Aegislash
|
|-heal|p2a: Heatran|269\/386|[from] item: Leftovers
|
|switch|p1a: Excadrill|Excadrill, F|173\/419
|-ability|p1a: Excadrill|Mold Breaker
|turn|18
|
|move|p1a: Excadrill|Earthquake|p2a: Heatran
|-supereffective|p2a: Heatran
|-damage|p2a: Heatran|0 fnt
|faint|p2a: Heatran
|
|-heal|p1a: Excadrill|199\/419|[from] item: Leftovers
|
|switch|p2a: Keldeo-Resolute|Keldeo-Resolute|282\/322
|-damage|p2a: Keldeo-Resolute|262\/322|[from] Stealth Rock
|turn|19
|
|switch|p1a: Gyarados|Gyarados, F|219\/394
|-ability|p1a: Gyarados|Intimidate|[of] p2a: Keldeo-Resolute
|-unboost|p2a: Keldeo-Resolute|atk|1
|move|p2a: Keldeo-Resolute|Scald|p1a: Gyarados
|-resisted|p1a: Gyarados
|-damage|p1a: Gyarados|117\/394
|
|-heal|p1a: Gyarados|141\/394|[from] item: Leftovers
|turn|20
|
|move|p2a: Keldeo-Resolute|Scald|p1a: Gyarados
|-resisted|p1a: Gyarados
|-damage|p1a: Gyarados|33\/394
|move|p1a: Gyarados|Waterfall|p2a: Keldeo-Resolute
|-resisted|p2a: Keldeo-Resolute
|-damage|p2a: Keldeo-Resolute|183\/322
|
|-heal|p1a: Gyarados|57\/394|[from] item: Leftovers
|turn|21
|
|move|p2a: Keldeo-Resolute|Scald|p1a: Gyarados
|-resisted|p1a: Gyarados
|-damage|p1a: Gyarados|0 fnt
|faint|p1a: Gyarados
|
|
|switch|p1a: Kyurem-Black|Kyurem-Black|391\/391
|-ability|p1a: Kyurem-Black|Teravolt
|turn|22
|
|switch|p2a: Garchomp|Garchomp, M|336\/358
|-damage|p2a: Garchomp|314\/358|[from] Stealth Rock
|move|p1a: Kyurem-Black|Substitute|p1a: Kyurem-Black
|-start|p1a: Kyurem-Black|Substitute
|-damage|p1a: Kyurem-Black|294\/391
|
|-heal|p1a: Kyurem-Black|318\/391|[from] item: Leftovers
|turn|23
|
|move|p2a: Garchomp|Dragon Claw|p1a: Kyurem-Black
|-supereffective|p1a: Kyurem-Black
|-end|p1a: Kyurem-Black|Substitute
|move|p1a: Kyurem-Black|Ice Beam|p2a: Garchomp
|-supereffective|p2a: Garchomp
|-damage|p2a: Garchomp|0 fnt
|faint|p2a: Garchomp
|
|-heal|p1a: Kyurem-Black|342\/391|[from] item: Leftovers
|
|switch|p2a: Medicham|Medicham, M|261\/261
|-damage|p2a: Medicham|245\/261|[from] Stealth Rock
|turn|24
|
|switch|p1a: Excadrill|Excadrill, F|199\/419
|-ability|p1a: Excadrill|Mold Breaker
|detailschange|p2a: Medicham|Medicham-Mega, M
|message|Medicham has Mega Evolved into Mega Medicham!
|move|p2a: Medicham|Fake Out|p1a: Excadrill
|-resisted|p1a: Excadrill
|-damage|p1a: Excadrill|144\/419
|
|-heal|p1a: Excadrill|170\/419|[from] item: Leftovers
|turn|25
|
|move|p2a: Medicham|High Jump Kick|p1a: Excadrill
|-supereffective|p1a: Excadrill
|-damage|p1a: Excadrill|0 fnt
|faint|p1a: Excadrill
|
|
|switch|p1a: Medicham|Medicham-Mega, F|99\/261
|turn|26
|
|move|p1a: Medicham|Fake Out|p2a: Medicham
|-damage|p2a: Medicham|145\/261
|cant|p2a: Medicham|flinch
|
|turn|27
|
|switch|p1a: Kyurem-Black|Kyurem-Black|342\/391
|-ability|p1a: Kyurem-Black|Teravolt
|move|p2a: Medicham|Psycho Cut|p1a: Kyurem-Black
|-crit|p1a: Kyurem-Black
|-damage|p1a: Kyurem-Black|42\/391
|
|-heal|p1a: Kyurem-Black|66\/391|[from] item: Leftovers
|turn|28
|
|move|p2a: Medicham|Psycho Cut|p1a: Kyurem-Black
|-crit|p1a: Kyurem-Black
|-damage|p1a: Kyurem-Black|0 fnt
|faint|p1a: Kyurem-Black
|
|
|switch|p1a: Medicham|Medicham-Mega, F|99\/261
|turn|29
|
|move|p1a: Medicham|Fake Out|p2a: Medicham
|-damage|p2a: Medicham|49\/261
|cant|p2a: Medicham|flinch
|
|turn|30
|
|move|p1a: Medicham|Bullet Punch|p2a: Medicham
|-damage|p2a: Medicham|0 fnt
|faint|p2a: Medicham
|
|
|switch|p2a: Keldeo-Resolute|Keldeo-Resolute|183\/322
|-damage|p2a: Keldeo-Resolute|163\/322|[from] Stealth Rock
|turn|31
|
|move|p1a: Medicham|Bullet Punch|p2a: Keldeo-Resolute
|-resisted|p2a: Keldeo-Resolute
|-damage|p2a: Keldeo-Resolute|117\/322
|move|p2a: Keldeo-Resolute|Scald|p1a: Medicham
|-damage|p1a: Medicham|0 fnt
|faint|p1a: Medicham
|
|
|switch|p1a: Infernape|Infernape, F|33\/293
|turn|32
|
|move|p1a: Infernape|Grass Knot|p2a: Keldeo-Resolute
|-supereffective|p2a: Keldeo-Resolute
|-damage|p2a: Keldeo-Resolute|0 fnt
|faint|p2a: Keldeo-Resolute
|
|win|the epick lol
|raw|Ladder updating...
|raw|the epick lol's rating: 1605 &rarr; <strong>1626<\/strong><br \/>(+21 for winning)
|raw|Mouzourides's rating: 1628 &rarr; <strong>1607<\/strong><br \/>(-21 for losing)
|chat|the epick lol|gg
|chat|Mouzourides|gg
|chat|Mouzourides|scarfed?
|chat|the epick lol|yea
|chat|Mouzourides|ah, should have known ;)
|chat|Mouzourides|gg anyway
|chat|the epick lol|gg =)
|leave|Mouzourides
|player|p2