|join|Mouzourides
|join|dying slowly
|player|p1|Mouzourides|290
|player|p2|dying slowly|170
|gametype|singles
|gen|6
|tier|OU
|rated
|clearpoke
|poke|p1|Latias, F
|poke|p1|Garchomp, F
|poke|p1|Pinsir, M
|poke|p1|Talonflame, M
|poke|p1|Aegislash, F
|poke|p1|Azumarill, F
|poke|p2|Mandibuzz, F
|poke|p2|Sylveon, F
|poke|p2|Gengar, F
|poke|p2|Tyranitar, F
|poke|p2|Landorus-Therian, M
|poke|p2|Conkeldurr, M
|rule|Swagger Clause: Swagger is banned
|rule|Baton Pass Clause: Limit one PokÃ©mon knowing Baton Pass
|rule|Sleep Clause Mod: Limit one foe put to sleep
|rule|Species Clause: Limit one of each PokÃ©mon
|rule|OHKO Clause: OHKO moves are banned
|rule|Moody Clause: Moody is banned
|rule|Evasion Moves Clause: Evasion moves are banned
|rule|Endless Battle Clause: Forcing endless battles is banned
|rule|HP Percentage Mod: HP is reported as percentages
|teampreview
|join|asderferfer
|
|start
|switch|p1a: Azumarill|Azumarill, F|404\/404
|switch|p2a: Conkeldurr|Conkeldurr, M|414\/414
|turn|1
|
|move|p1a: Azumarill|Play Rough|p2a: Conkeldurr
|-supereffective|p2a: Conkeldurr
|-damage|p2a: Conkeldurr|6\/414
|move|p2a: Conkeldurr|Knock Off|p1a: Azumarill
|-resisted|p1a: Azumarill
|-damage|p1a: Azumarill|322\/404
|-enditem|p1a: Azumarill|Assault Vest|[from] move: Knock Off|[of] p2a: Conkeldurr
|
|turn|2
|
|move|p1a: Azumarill|Aqua Jet|p2a: Conkeldurr
|-damage|p2a: Conkeldurr|0 fnt
|faint|p2a: Conkeldurr
|
|
|switch|p2a: Gengar|Gengar, F|261\/261
|turn|3
|
|move|p1a: Azumarill|Aqua Jet|p2a: Gengar
|-damage|p2a: Gengar|134\/261
|move|p2a: Gengar|Shadow Ball|p1a: Azumarill
|-damage|p1a: Azumarill|104\/404
|-damage|p2a: Gengar|108\/261|[from] item: Life Orb
|
|turn|4
|
|switch|p2a: Mandibuzz|Mandibuzz, F|424\/424
|move|p1a: Azumarill|Aqua Jet|p2a: Mandibuzz
|-damage|p2a: Mandibuzz|352\/424
|-damage|p1a: Azumarill|37\/404|[from] item: Rocky Helmet|[of] p2a: Mandibuzz
|
|turn|5
|
|move|p2a: Mandibuzz|Roost|p2a: Mandibuzz
|-heal|p2a: Mandibuzz|424\/424
|move|p1a: Azumarill|Play Rough|p2a: Mandibuzz
|-supereffective|p2a: Mandibuzz
|-damage|p2a: Mandibuzz|142\/424
|-damage|p1a: Azumarill|0 fnt|[from] item: Rocky Helmet|[of] p2a: Mandibuzz
|faint|p1a: Azumarill
|
|
|switch|p1a: Talonflame|Talonflame, M|297\/297
|turn|6
|
|move|p1a: Talonflame|U-turn|p2a: Mandibuzz
|-damage|p2a: Mandibuzz|73\/424
|-damage|p1a: Talonflame|248\/297|[from] item: Rocky Helmet|[of] p2a: Mandibuzz
|
|switch|p1a: Latias|Latias, F|302\/302
|move|p2a: Mandibuzz|Roost|p2a: Mandibuzz
|-heal|p2a: Mandibuzz|285\/424
|
|turn|7
|
|move|p1a: Latias|Draco Meteor|p2a: Mandibuzz
|-damage|p2a: Mandibuzz|0 fnt
|-unboost|p1a: Latias|spa|2
|-damage|p1a: Latias|272\/302|[from] item: Life Orb
|faint|p2a: Mandibuzz
|
|
|switch|p2a: Tyranitar|Tyranitar, F|342\/342
|-weather|Sandstorm
|turn|8
|
|detailschange|p2a: Tyranitar|Tyranitar-Mega, F
|message|Tyranitar has Mega Evolved into Mega Tyranitar!
|move|p1a: Latias|Draco Meteor|p2a: Tyranitar
|-damage|p2a: Tyranitar|256\/342
|-unboost|p1a: Latias|spa|2
|-damage|p1a: Latias|242\/302|[from] item: Life Orb
|move|p2a: Tyranitar|Dragon Dance|p2a: Tyranitar
|-boost|p2a: Tyranitar|atk|1
|-boost|p2a: Tyranitar|spe|1
|
|-weather|Sandstorm|[upkeep]
|-damage|p1a: Latias|224\/302|[from] sandstorm
|turn|9
|
|switch|p1a: Garchomp|Garchomp, F|358\/358
|move|p2a: Tyranitar|Dragon Dance|p2a: Tyranitar
|-boost|p2a: Tyranitar|atk|1
|-boost|p2a: Tyranitar|spe|1
|
|-weather|Sandstorm|[upkeep]
|turn|10
|
|move|p2a: Tyranitar|Ice Punch|p1a: Garchomp
|-supereffective|p1a: Garchomp
|-damage|p1a: Garchomp|0 fnt
|-damage|p2a: Tyranitar|214\/342|[from] ability: Rough Skin|[of] p1a: Garchomp
|faint|p1a: Garchomp
|
|-weather|Sandstorm|[upkeep]
|
|switch|p1a: Talonflame|Talonflame, M|248\/297
|turn|11
|
|move|p2a: Tyranitar|Stone Edge|p1a: Talonflame|[miss]
|-miss|p2a: Tyranitar|p1a: Talonflame
|move|p1a: Talonflame|U-turn|p2a: Tyranitar
|-supereffective|p2a: Tyranitar
|-damage|p2a: Tyranitar|60\/342
|
|switch|p1a: Aegislash|Aegislash, F|324\/324
|
|-weather|Sandstorm|[upkeep]
|turn|12
|
|move|p1a: Aegislash|King's Shield|p1a: Aegislash
|-singleturn|p1a: Aegislash|Protect
|move|p2a: Tyranitar|Earthquake|p1a: Aegislash
|-activate|p1a: Aegislash|Protect
|
|-weather|none
|turn|13
|
|move|p2a: Tyranitar|Earthquake|p1a: Aegislash
|-supereffective|p1a: Aegislash
|-damage|p1a: Aegislash|0 fnt
|faint|p1a: Aegislash
|
|
|switch|p1a: Talonflame|Talonflame, M|248\/297
|turn|14
|
|move|p1a: Talonflame|Brave Bird|p2a: Tyranitar
|-resisted|p2a: Tyranitar
|-damage|p2a: Tyranitar|0 fnt
|-damage|p1a: Talonflame|228\/297|[from] recoil|[of] p2a: Tyranitar
|faint|p2a: Tyranitar
|
|leave|asderferfer
|
|switch|p2a: Landorus-Therian|Landorus-Therian, M|382\/382
|-ability|p2a: Landorus-Therian|Intimidate|[of] p1a: Talonflame
|-unboost|p1a: Talonflame|atk|1
|turn|15
|
|switch|p1a: Latias|Latias, F|224\/302
|move|p2a: Landorus-Therian|Stone Edge|p1a: Latias
|-damage|p1a: Latias|56\/302
|
|turn|16
|
|switch|p2a: Sylveon|Sylveon, F|394\/394
|move|p1a: Latias|Draco Meteor|p2a: Sylveon
|-immune|p2a: Sylveon|[msg]
|
|turn|17
|
|move|p1a: Latias|Psyshock|p2a: Sylveon
|-damage|p2a: Sylveon|131\/394
|-damage|p1a: Latias|26\/302|[from] item: Life Orb
|move|p2a: Sylveon|Wish|p2a: Sylveon
|
|-heal|p2a: Sylveon|155\/394|[from] item: Leftovers
|turn|18
|
|move|p1a: Latias|Psyshock|p2a: Sylveon
|-damage|p2a: Sylveon|0 fnt
|-damage|p1a: Latias|0 fnt|[from] item: Life Orb
|faint|p2a: Sylveon
|faint|p1a: Latias
|
|
|switch|p1a: Pinsir|Pinsir, M|271\/271
|switch|p2a: Landorus-Therian|Landorus-Therian, M|382\/382
|-ability|p2a: Landorus-Therian|Intimidate|[of] p1a: Pinsir
|-unboost|p1a: Pinsir|atk|1
|turn|19
|
|detailschange|p1a: Pinsir|Pinsir-Mega, M
|message|Pinsir has Mega Evolved into Mega Pinsir!
|move|p1a: Pinsir|Return|p2a: Landorus-Therian
|-damage|p2a: Landorus-Therian|181\/382
|move|p2a: Landorus-Therian|Stone Edge|p1a: Pinsir
|-supereffective|p1a: Pinsir
|-damage|p1a: Pinsir|0 fnt
|faint|p1a: Pinsir
|
|-heal|p2a: Landorus-Therian|204\/382|[from] item: Leftovers
|
|switch|p1a: Talonflame|Talonflame, M|228\/297
|turn|20
|
|switch|p2a: Gengar|Gengar, F|108\/261
|move|p1a: Talonflame|Brave Bird|p2a: Gengar
|-damage|p2a: Gengar|0 fnt
|-damage|p1a: Talonflame|192\/297|[from] recoil|[of] p2a: Gengar
|faint|p2a: Gengar
|
|
|switch|p2a: Landorus-Therian|Landorus-Therian, M|204\/382
|-ability|p2a: Landorus-Therian|Intimidate|[of] p1a: Talonflame
|-unboost|p1a: Talonflame|atk|1
|turn|21
|
|move|p1a: Talonflame|Brave Bird|p2a: Landorus-Therian
|-damage|p2a: Landorus-Therian|23\/382
|-damage|p1a: Talonflame|132\/297|[from] recoil|[of] p2a: Landorus-Therian
|move|p2a: Landorus-Therian|Stone Edge|p1a: Talonflame
|-supereffective|p1a: Talonflame
|-damage|p1a: Talonflame|0 fnt
|faint|p1a: Talonflame
|
|win|dying slowly
|raw|Ladder updating...
|raw|Mouzourides's rating: 1636 &rarr; <strong>1612<\/strong><br \/>(-24 for losing)
|raw|dying slowly's rating: 1551 &rarr; <strong>1576<\/strong><br \/>(+25 for winning)
|chat|Mouzourides|gg
|chat|dying slowly|gg