|join|Bl153
|join|Mouzourides
|player|p1|Bl153|262
|player|p2|Mouzourides|290
|gametype|singles
|gen|6
|tier|OU
|rated
|clearpoke
|poke|p1|Mawile, F
|poke|p1|Greninja, M
|poke|p1|Kyurem-Black
|poke|p1|Landorus-Therian, M
|poke|p1|Gengar, M
|poke|p1|Mew
|poke|p2|Pinsir, F
|poke|p2|Mamoswine, M
|poke|p2|Skarmory, F
|poke|p2|Rotom-Wash
|poke|p2|Heatran, F
|poke|p2|Latias, F
|rule|Swagger Clause: Swagger is banned
|rule|Baton Pass Clause: Limit one PokÃ©mon knowing Baton Pass
|rule|Sleep Clause Mod: Limit one foe put to sleep
|rule|Species Clause: Limit one of each PokÃ©mon
|rule|OHKO Clause: OHKO moves are banned
|rule|Moody Clause: Moody is banned
|rule|Evasion Moves Clause: Evasion moves are banned
|rule|Endless Battle Clause: Forcing endless battles is banned
|rule|HP Percentage Mod: HP is reported as percentages
|teampreview
|chat|Bl153|gl hf
|chat|Mouzourides|u2
|
|start
|switch|p1a: Greninja|Greninja, M|285\/285
|switch|p2a: Rotom-Wash|Rotom-Wash|304\/304
|turn|1
|
|switch|p1a: Kyurem-Black|Kyurem-Black|437\/437
|-ability|p1a: Kyurem-Black|Teravolt
|move|p2a: Rotom-Wash|Volt Switch|p1a: Kyurem-Black
|-resisted|p1a: Kyurem-Black
|-damage|p1a: Kyurem-Black|406\/437
|
|switch|p2a: Mamoswine|Mamoswine, M|361\/361
|
|turn|2
|
|move|p2a: Mamoswine|Earthquake|p1a: Kyurem-Black
|-damage|p1a: Kyurem-Black|195\/437
|-damage|p2a: Mamoswine|325\/361|[from] item: Life Orb
|move|p1a: Kyurem-Black|Iron Head|p2a: Mamoswine
|-supereffective|p2a: Mamoswine
|-damage|p2a: Mamoswine|25\/361
|
|turn|3
|
|switch|p1a: Gengar|Gengar, M|261\/261
|move|p2a: Mamoswine|Earthquake|p1a: Gengar
|-immune|p1a: Gengar|[msg]
|
|turn|4
|
|switch|p2a: Rotom-Wash|Rotom-Wash|304\/304
|move|p1a: Gengar|Shadow Ball|p2a: Rotom-Wash
|-damage|p2a: Rotom-Wash|150\/304
|
|-heal|p2a: Rotom-Wash|169\/304|[from] item: Leftovers
|turn|5
|
|switch|p2a: Heatran|Heatran, F|386\/386
|move|p1a: Gengar|Shadow Ball|p2a: Heatran
|-damage|p2a: Heatran|245\/386
|
|-heal|p2a: Heatran|269\/386|[from] item: Leftovers
|turn|6
|
|switch|p1a: Landorus-Therian|Landorus-Therian, M|381\/381
|-ability|p1a: Landorus-Therian|Intimidate|[of] p2a: Heatran
|-unboost|p2a: Heatran|atk|1
|move|p2a: Heatran|Lava Plume|p1a: Landorus-Therian
|-damage|p1a: Landorus-Therian|236\/381
|
|-heal|p1a: Landorus-Therian|259\/381|[from] item: Leftovers
|-heal|p2a: Heatran|293\/386|[from] item: Leftovers
|turn|7
|
|switch|p1a: Greninja|Greninja, M|285\/285
|switch|p2a: Rotom-Wash|Rotom-Wash|169\/304
|
|-heal|p2a: Rotom-Wash|188\/304|[from] item: Leftovers
|turn|8
|
|move|p1a: Greninja|Hidden Power|p2a: Rotom-Wash
|-start|p1a: Greninja|typechange|Grass|[from] Protean
|-supereffective|p2a: Rotom-Wash
|-damage|p2a: Rotom-Wash|32\/304
|-damage|p1a: Greninja|257\/285|[from] item: Life Orb
|move|p2a: Rotom-Wash|Volt Switch|p1a: Greninja
|-resisted|p1a: Greninja
|-damage|p1a: Greninja|200\/285
|
|switch|p2a: Pinsir|Pinsir, F|271\/271
|
|turn|9
|
|switch|p1a: Landorus-Therian|Landorus-Therian, M|259\/381
|-ability|p1a: Landorus-Therian|Intimidate|[of] p2a: Pinsir
|-unboost|p2a: Pinsir|atk|1
|detailschange|p2a: Pinsir|Pinsir-Mega, F
|message|Pinsir has Mega Evolved into Mega Pinsir!
|move|p2a: Pinsir|Quick Attack|p1a: Landorus-Therian
|-damage|p1a: Landorus-Therian|201\/381
|
|-heal|p1a: Landorus-Therian|224\/381|[from] item: Leftovers
|turn|10
|
|switch|p2a: Skarmory|Skarmory, F|334\/334
|move|p1a: Landorus-Therian|Stone Edge|p2a: Skarmory|[miss]
|-miss|p1a: Landorus-Therian|p2a: Skarmory
|
|-heal|p1a: Landorus-Therian|247\/381|[from] item: Leftovers
|turn|11
|
|switch|p1a: Kyurem-Black|Kyurem-Black|195\/437
|-ability|p1a: Kyurem-Black|Teravolt
|move|p2a: Skarmory|Counter|p1a: Kyurem-Black
|-fail|p1a: Kyurem-Black
|
|turn|12
|
|move|p1a: Kyurem-Black|Ice Beam|p2a: Skarmory
|-damage|p2a: Skarmory|183\/334
|move|p2a: Skarmory|Whirlwind|p1a: Kyurem-Black
|drag|p1a: Mawile|Mawile, F|270\/270
|-ability|p1a: Mawile|Intimidate|[of] p2a: Skarmory
|-unboost|p2a: Skarmory|atk|1
|
|turn|13
|
|switch|p2a: Rotom-Wash|Rotom-Wash|32\/304
|detailschange|p1a: Mawile|Mawile-Mega, F
|message|Mawile has Mega Evolved into Mega Mawile!
|move|p1a: Mawile|Substitute|p1a: Mawile
|-start|p1a: Mawile|Substitute
|-damage|p1a: Mawile|203\/270
|
|-heal|p2a: Rotom-Wash|51\/304|[from] item: Leftovers
|turn|14
|
|move|p2a: Rotom-Wash|Hydro Pump|p1a: Mawile
|-end|p1a: Mawile|Substitute
|move|p1a: Mawile|Play Rough|p2a: Rotom-Wash
|-damage|p2a: Rotom-Wash|0 fnt
|faint|p2a: Rotom-Wash
|
|
|switch|p2a: Skarmory|Skarmory, F|183\/334
|turn|15
|
|switch|p1a: Gengar|Gengar, M|261\/261
|move|p2a: Skarmory|Whirlwind|p1a: Gengar
|drag|p1a: Greninja|Greninja, M|200\/285
|
|turn|16
|
|switch|p2a: Heatran|Heatran, F|293\/386
|move|p1a: Greninja|Hydro Pump|p2a: Heatran
|-start|p1a: Greninja|typechange|Water|[from] Protean
|-supereffective|p2a: Heatran
|-damage|p2a: Heatran|0 fnt
|-damage|p1a: Greninja|172\/285|[from] item: Life Orb
|faint|p2a: Heatran
|
|
|switch|p2a: Latias|Latias, F|301\/301
|turn|17
|
|switch|p1a: Kyurem-Black|Kyurem-Black|195\/437
|-ability|p1a: Kyurem-Black|Teravolt
|move|p2a: Latias|Dragon Pulse|p1a: Kyurem-Black
|-supereffective|p1a: Kyurem-Black
|-damage|p1a: Kyurem-Black|0 fnt
|-damage|p2a: Latias|271\/301|[from] item: Life Orb
|faint|p1a: Kyurem-Black
|
|
|switch|p1a: Mawile|Mawile-Mega, F|203\/270
|turn|18
|
|switch|p2a: Skarmory|Skarmory, F|183\/334
|move|p1a: Mawile|Knock Off|p2a: Skarmory
|-damage|p2a: Skarmory|61\/334
|-damage|p1a: Mawile|158\/270|[from] item: Rocky Helmet|[of] p2a: Skarmory
|-enditem|p2a: Skarmory|Rocky Helmet|[from] move: Knock Off|[of] p1a: Mawile
|
|turn|19
|chat|Bl153|Ahhh the old counter Bisharp Skarm is here :p
|
|-singleturn|p1a: Mawile|move: Focus Punch
|move|p2a: Skarmory|Roost|p2a: Skarmory
|-heal|p2a: Skarmory|228\/334
|move|p1a: Mawile|Focus Punch|p2a: Skarmory
|-supereffective|p2a: Skarmory
|-damage|p2a: Skarmory|0 fnt
|faint|p2a: Skarmory
|
|
|switch|p2a: Pinsir|Pinsir-Mega, F|271\/271
|turn|20
|
|move|p2a: Pinsir|Return|p1a: Mawile
|-resisted|p1a: Mawile
|-damage|p1a: Mawile|47\/270
|move|p1a: Mawile|Play Rough|p2a: Pinsir
|-damage|p2a: Pinsir|0 fnt
|faint|p2a: Pinsir
|
|chat|Mouzourides|you predicted me to over predict?
|
|switch|p2a: Latias|Latias, F|271\/301
|turn|21
|
|switch|p1a: Mew|Mew|403\/403
|move|p2a: Latias|Psyshock|p1a: Mew
|-resisted|p1a: Mew
|-damage|p1a: Mew|317\/403
|-damage|p2a: Latias|241\/301|[from] item: Life Orb
|
|-heal|p1a: Mew|342\/403|[from] item: Leftovers
|turn|22
|
|move|p2a: Latias|Dragon Pulse|p1a: Mew
|-damage|p1a: Mew|206\/403
|-damage|p2a: Latias|211\/301|[from] item: Life Orb
|move|p1a: Mew|Will-O-Wisp|p2a: Latias
|-status|p2a: Latias|brn
|
|-heal|p1a: Mew|231\/403|[from] item: Leftovers
|-damage|p2a: Latias|174\/301 brn|[from] brn
|turn|23
|chat|Bl153|Yes I kind of did 
|chat|Mouzourides|cool
|chat|Bl153|And plus I didnt need u boosting... uhhh duhhh all the things I have wait... I have NONE to take a +2 Return
|
|move|p2a: Latias|Dragon Pulse|p1a: Mew
|-damage|p1a: Mew|95\/403
|-damage|p2a: Latias|144\/301 brn|[from] item: Life Orb
|move|p1a: Mew|Roost|p1a: Mew
|-heal|p1a: Mew|297\/403
|
|-heal|p1a: Mew|322\/403|[from] item: Leftovers
|-damage|p2a: Latias|107\/301 brn|[from] brn
|turn|24
|chat|Mouzourides|yeah true, landy is your best stop but it's too low health to deal with it
|chat|Bl153|exactly
|chat|Mouzourides|gg anyways
|
|move|p2a: Latias|Dragon Pulse|p1a: Mew
|-damage|p1a: Mew|176\/403
|-damage|p2a: Latias|77\/301 brn|[from] item: Life Orb
|move|p1a: Mew|Psychic|p2a: Latias
|-resisted|p2a: Latias
|-damage|p2a: Latias|36\/301 brn
|-unboost|p2a: Latias|spd|1
|
|-heal|p1a: Mew|201\/403|[from] item: Leftovers
|-damage|p2a: Latias|0 fnt|[from] brn
|faint|p2a: Latias
|chat|Bl153|gg
|
|switch|p2a: Mamoswine|Mamoswine, M|25\/361
|turn|25
|
|switch|p1a: Gengar|Gengar, M|261\/261
|move|p2a: Mamoswine|Icicle Crash|p1a: Gengar
|-damage|p1a: Gengar|0 fnt
|-damage|p2a: Mamoswine|0 fnt|[from] item: Life Orb
|faint|p1a: Gengar
|faint|p2a: Mamoswine
|
|win|Bl153
|raw|Ladder updating...
|raw|Bl153's rating: 1655 &rarr; <strong>1673<\/strong><br \/>(+18 for winning)
|raw|Mouzourides's rating: 1617 &rarr; <strong>1601<\/strong><br \/>(-16 for losing)
|leave|Mouzourides
|player|p2