|join|Mouzourides
|join|SpinalFluidYum
|player|p1|Mouzourides|290
|player|p2|SpinalFluidYum|163
|gametype|singles
|gen|6
|tier|OU
|rated
|clearpoke
|poke|p1|Altaria, F
|poke|p1|Magnezone
|poke|p1|Keldeo
|poke|p1|Latias, F
|poke|p1|Terrakion
|poke|p1|Landorus-Therian, M
|poke|p2|Sceptile, F
|poke|p2|Rotom-Wash
|poke|p2|Latias, F
|poke|p2|Klefki, F
|poke|p2|Gliscor, M
|poke|p2|Bisharp, M
|rule|Swagger Clause: Swagger is banned
|rule|Baton Pass Clause: Limit one PokÃ©mon knowing Baton Pass
|rule|Sleep Clause Mod: Limit one foe put to sleep
|rule|Species Clause: Limit one of each PokÃ©mon
|rule|OHKO Clause: OHKO moves are banned
|rule|Moody Clause: Moody is banned
|rule|Evasion Moves Clause: Evasion moves are banned
|rule|Endless Battle Clause: Forcing endless battles is banned
|rule|HP Percentage Mod: HP is shown in percentages
|teampreview
|
|start
|switch|p1a: Latias|Latias, F|319\/319
|switch|p2a: GIMME YO CLOTHES|Rotom-Wash|304\/304
|turn|1
|
|move|p1a: Latias|Draco Meteor|p2a: GIMME YO CLOTHES|[miss]
|-miss|p1a: Latias|p2a: GIMME YO CLOTHES
|move|p2a: GIMME YO CLOTHES|Pain Split|p1a: Latias
|-sethp|p1a: Latias|311\/319|p2a: GIMME YO CLOTHES|304\/304|[from] move: Pain Split
|
|turn|2
|
|move|p1a: Latias|Draco Meteor|p2a: GIMME YO CLOTHES
|-damage|p2a: GIMME YO CLOTHES|61\/304
|-unboost|p1a: Latias|spa|2
|-damage|p1a: Latias|280\/319|[from] item: Life Orb
|move|p2a: GIMME YO CLOTHES|Pain Split|p1a: Latias
|-sethp|p1a: Latias|170\/319|p2a: GIMME YO CLOTHES|170\/304|[from] move: Pain Split
|
|-heal|p2a: GIMME YO CLOTHES|189\/304|[from] item: Leftovers
|turn|3
|
|switch|p1a: Altaria|Altaria, F|354\/354
|move|p2a: GIMME YO CLOTHES|Volt Switch|p1a: Altaria
|-damage|p1a: Altaria|284\/354
|
|switch|p2a: BestMMEquip|Bisharp, M|272\/272
|
|turn|4
|
|switch|p1a: Keldeo|Keldeo|323\/323
|move|p2a: BestMMEquip|Iron Head|p1a: Keldeo
|-crit|p1a: Keldeo
|-resisted|p1a: Keldeo
|-damage|p1a: Keldeo|151\/323
|-damage|p2a: BestMMEquip|245\/272|[from] item: Life Orb
|
|turn|5
|
|switch|p2a: JINGLEJINGLEMOFO|Klefki, F|318\/318
|move|p1a: Keldeo|Secret Sword|p2a: JINGLEJINGLEMOFO
|-damage|p2a: JINGLEJINGLEMOFO|200\/318
|
|turn|6
|
|switch|p1a: Magnezone|Magnezone|282\/282
|switch|p2a: Sceptile|Sceptile, F|282\/282
|
|turn|7
|
|switch|p1a: Altaria|Altaria, F|284\/354
|detailschange|p2a: Sceptile|Sceptile-Mega, F
|message|Sceptile has Mega Evolved into Mega Sceptile!
|move|p2a: Sceptile|Focus Blast|p1a: Altaria
|-resisted|p1a: Altaria
|-damage|p1a: Altaria|221\/354
|
|turn|8
|
|switch|p2a: JINGLEJINGLEMOFO|Klefki, F|200\/318
|detailschange|p1a: Altaria|Altaria-Mega, F
|message|Altaria has Mega Evolved into Mega Altaria!
|move|p1a: Altaria|Frustration|p2a: JINGLEJINGLEMOFO
|-resisted|p2a: JINGLEJINGLEMOFO
|-damage|p2a: JINGLEJINGLEMOFO|141\/318
|
|turn|9
|
|switch|p1a: Keldeo|Keldeo|151\/323
|move|p2a: JINGLEJINGLEMOFO|Spikes|p1a: Keldeo
|-sidestart|p1: Mouzourides|Spikes
|
|turn|10
|
|switch|p2a: egaMetihW|Latias, F|319\/319
|move|p1a: Keldeo|Hydro Pump|p2a: egaMetihW
|-resisted|p2a: egaMetihW
|-damage|p2a: egaMetihW|241\/319
|
|turn|11
|
|switch|p1a: Altaria|Altaria-Mega, F|221\/354
|-damage|p1a: Altaria|177\/354|[from] Spikes
|move|p2a: egaMetihW|Psyshock|p1a: Altaria
|-damage|p1a: Altaria|55\/354
|-damage|p2a: egaMetihW|210\/319|[from] item: Life Orb
|
|turn|12
|
|switch|p1a: Magnezone|Magnezone|282\/282
|-damage|p1a: Magnezone|247\/282|[from] Spikes
|move|p2a: egaMetihW|Psyshock|p1a: Magnezone
|-resisted|p1a: Magnezone
|-damage|p1a: Magnezone|179\/282
|-damage|p2a: egaMetihW|179\/319|[from] item: Life Orb
|
|turn|13
|
|switch|p2a: GIMME YO CLOTHES|Rotom-Wash|189\/304
|move|p1a: Magnezone|Volt Switch|p2a: GIMME YO CLOTHES
|-damage|p2a: GIMME YO CLOTHES|68\/304
|
|switch|p1a: Latias|Latias, F|170\/319
|
|-heal|p2a: GIMME YO CLOTHES|87\/304|[from] item: Leftovers
|turn|14
|
|switch|p2a: JINGLEJINGLEMOFO|Klefki, F|141\/318
|move|p1a: Latias|Defog|p2a: JINGLEJINGLEMOFO
|-unboost|p2a: JINGLEJINGLEMOFO|evasion|1
|-sideend|p1: Mouzourides|Spikes|[from] move: Defog|[of] p1a: Latias
|
|turn|15
|
|move|p2a: JINGLEJINGLEMOFO|Switcheroo|p1a: Latias
|-activate|p2a: JINGLEJINGLEMOFO|move: Trick|[of] p1a: Latias
|-item|p1a: Latias|Choice Scarf|[from] Trick
|-item|p2a: JINGLEJINGLEMOFO|Life Orb|[from] Trick
|move|p1a: Latias|Roost|p1a: Latias
|-heal|p1a: Latias|319\/319
|
|turn|16
|
|switch|p1a: Altaria|Altaria-Mega, F|55\/354
|switch|p2a: BestMMEquip|Bisharp, M|245\/272
|
|turn|17
|
|switch|p1a: Keldeo|Keldeo|151\/323
|move|p2a: BestMMEquip|Iron Head|p1a: Keldeo
|-resisted|p1a: Keldeo
|-damage|p1a: Keldeo|41\/323
|-damage|p2a: BestMMEquip|218\/272|[from] item: Life Orb
|
|turn|18
|
|move|p2a: BestMMEquip|Sucker Punch|p1a: Keldeo
|-resisted|p1a: Keldeo
|-damage|p1a: Keldeo|0 fnt
|-damage|p2a: BestMMEquip|191\/272|[from] item: Life Orb
|faint|p1a: Keldeo
|
|
|switch|p1a: Terrakion|Terrakion|323\/323
|turn|19
|
|switch|p1a: Altaria|Altaria-Mega, F|55\/354
|switch|p2a: DatsGudAcid|Gliscor, M|354\/354
|
|-status|p2a: DatsGudAcid|tox|[from] item: Toxic Orb
|turn|20
|
|move|p2a: DatsGudAcid|Toxic|p1a: Altaria
|-status|p1a: Altaria|tox
|move|p1a: Altaria|Roost|p1a: Altaria
|-heal|p1a: Altaria|232\/354 tox
|
|-damage|p1a: Altaria|210\/354 tox|[from] psn
|turn|21
|
|move|p2a: DatsGudAcid|Substitute|p2a: DatsGudAcid
|-start|p2a: DatsGudAcid|Substitute
|-damage|p2a: DatsGudAcid|266\/354 tox
|move|p1a: Altaria|Dragon Dance|p1a: Altaria
|-boost|p1a: Altaria|atk|1
|-boost|p1a: Altaria|spe|1
|
|-damage|p1a: Altaria|166\/354 tox|[from] psn
|-heal|p2a: DatsGudAcid|310\/354 tox|[from] ability: Poison Heal
|turn|22
|
|move|p2a: DatsGudAcid|Protect|p2a: DatsGudAcid
|-singleturn|p2a: DatsGudAcid|Protect
|move|p1a: Altaria|Refresh|p1a: Altaria
|-curestatus|p1a: Altaria|tox
|
|-heal|p2a: DatsGudAcid|354\/354 tox|[from] ability: Poison Heal
|turn|23
|
|move|p1a: Altaria|Dragon Dance|p1a: Altaria
|-boost|p1a: Altaria|atk|1
|-boost|p1a: Altaria|spe|1
|move|p2a: DatsGudAcid|Toxic|p1a: Altaria
|-status|p1a: Altaria|tox
|
|-damage|p1a: Altaria|144\/354 tox|[from] psn
|turn|24
|
|move|p1a: Altaria|Roost|p1a: Altaria
|-heal|p1a: Altaria|321\/354 tox
|move|p2a: DatsGudAcid|Earthquake|p1a: Altaria
|-damage|p1a: Altaria|234\/354 tox
|
|-damage|p1a: Altaria|190\/354 tox|[from] psn
|turn|25
|
|move|p1a: Altaria|Refresh|p1a: Altaria
|-curestatus|p1a: Altaria|tox
|move|p2a: DatsGudAcid|Toxic|p1a: Altaria
|-status|p1a: Altaria|tox
|
|-damage|p1a: Altaria|168\/354 tox|[from] psn
|turn|26
|
|switch|p2a: JINGLEJINGLEMOFO|Klefki, F|141\/318
|move|p1a: Altaria|Dragon Dance|p1a: Altaria
|-boost|p1a: Altaria|atk|1
|-boost|p1a: Altaria|spe|1
|
|-damage|p1a: Altaria|124\/354 tox|[from] psn
|turn|27
|
|move|p2a: JINGLEJINGLEMOFO|Torment|p1a: Altaria
|-start|p1a: Altaria|Torment
|move|p1a: Altaria|Roost|p1a: Altaria
|-heal|p1a: Altaria|301\/354 tox
|
|-damage|p1a: Altaria|235\/354 tox|[from] psn
|turn|28
|
|move|p2a: JINGLEJINGLEMOFO|Spikes|p1a: Altaria
|-sidestart|p1: Mouzourides|Spikes
|move|p1a: Altaria|Refresh|p1a: Altaria
|-curestatus|p1a: Altaria|tox
|
|turn|29
|
|move|p2a: JINGLEJINGLEMOFO|Thunder Wave|p1a: Altaria
|-status|p1a: Altaria|par
|move|p1a: Altaria|Dragon Dance|p1a: Altaria
|-boost|p1a: Altaria|atk|1
|-boost|p1a: Altaria|spe|1
|
|turn|30
|
|move|p2a: JINGLEJINGLEMOFO|Spikes|p1a: Altaria
|-sidestart|p1: Mouzourides|Spikes
|move|p1a: Altaria|Refresh|p1a: Altaria
|-curestatus|p1a: Altaria|par
|
|turn|31
|
|move|p2a: JINGLEJINGLEMOFO|Thunder Wave|p1a: Altaria
|-status|p1a: Altaria|par
|move|p1a: Altaria|Roost|p1a: Altaria
|-heal|p1a: Altaria|354\/354 par
|
|turn|32
|
|move|p2a: JINGLEJINGLEMOFO|Spikes|p1a: Altaria
|-sidestart|p1: Mouzourides|Spikes
|move|p1a: Altaria|Dragon Dance|p1a: Altaria
|-boost|p1a: Altaria|atk|1
|-boost|p1a: Altaria|spe|1
|
|turn|33
|
|move|p2a: JINGLEJINGLEMOFO|Spikes|p1a: Altaria
|-fail|p1a: Altaria
|cant|p1a: Altaria|par
|
|turn|34
|
|move|p2a: JINGLEJINGLEMOFO|Spikes|p1a: Altaria
|-fail|p1a: Altaria
|cant|p1a: Altaria|par
|
|turn|35
|
|move|p2a: JINGLEJINGLEMOFO|Spikes|p1a: Altaria
|-fail|p1a: Altaria
|move|p1a: Altaria|Refresh|p1a: Altaria
|-curestatus|p1a: Altaria|par
|
|turn|36
|
|move|p2a: JINGLEJINGLEMOFO|Thunder Wave|p1a: Altaria
|-status|p1a: Altaria|par
|move|p1a: Altaria|Dragon Dance|p1a: Altaria
|-boost|p1a: Altaria|atk|1
|-boost|p1a: Altaria|spe|1
|
|turn|37
|
|move|p2a: JINGLEJINGLEMOFO|Spikes|p1a: Altaria
|-fail|p1a: Altaria
|move|p1a: Altaria|Frustration|p2a: JINGLEJINGLEMOFO
|-resisted|p2a: JINGLEJINGLEMOFO
|-damage|p2a: JINGLEJINGLEMOFO|0 fnt
|faint|p2a: JINGLEJINGLEMOFO
|
|
|switch|p2a: BestMMEquip|Bisharp, M|191\/272
|turn|38
|
|move|p2a: BestMMEquip|Iron Head|p1a: Altaria
|-supereffective|p1a: Altaria
|-damage|p1a: Altaria|47\/354 par
|-damage|p2a: BestMMEquip|164\/272|[from] item: Life Orb
|cant|p1a: Altaria|flinch
|
|turn|39
|
|switch|p1a: Magnezone|Magnezone|179\/282
|-damage|p1a: Magnezone|109\/282|[from] Spikes
|move|p2a: BestMMEquip|Iron Head|p1a: Magnezone
|-resisted|p1a: Magnezone
|-damage|p1a: Magnezone|69\/282
|-damage|p2a: BestMMEquip|137\/272|[from] item: Life Orb
|
|turn|40
|
|switch|p1a: Terrakion|Terrakion|323\/323
|-damage|p1a: Terrakion|243\/323|[from] Spikes
|move|p2a: BestMMEquip|Sucker Punch|p1a: Terrakion
|-fail|p1a: Terrakion
|
|turn|41
|
|switch|p1a: Latias|Latias, F|319\/319
|switch|p2a: DatsGudAcid|Gliscor, M|354\/354 tox
|
|turn|42
|
|move|p2a: DatsGudAcid|Protect|p2a: DatsGudAcid
|-singleturn|p2a: DatsGudAcid|Protect
|move|p1a: Latias|Defog|p2a: DatsGudAcid
|-activate|p2a: DatsGudAcid|Protect
|
|turn|43
|
|switch|p2a: BestMMEquip|Bisharp, M|137\/272
|move|p1a: Latias|Defog|p2a: BestMMEquip
|-unboost|p2a: BestMMEquip|evasion|1
|-boost|p2a: BestMMEquip|atk|2|[from] ability: Defiant
|-sideend|p1: Mouzourides|Spikes|[from] move: Defog|[of] p1a: Latias
|
|turn|44
|
|switch|p1a: Magnezone|Magnezone|69\/282
|move|p2a: BestMMEquip|Swords Dance|p2a: BestMMEquip
|-boost|p2a: BestMMEquip|atk|2
|
|turn|45
|
|move|p2a: BestMMEquip|Sucker Punch|p1a: Magnezone
|-damage|p1a: Magnezone|0 fnt
|-damage|p2a: BestMMEquip|110\/272|[from] item: Life Orb
|faint|p1a: Magnezone
|
|
|switch|p1a: Terrakion|Terrakion|243\/323
|turn|46
|
|move|p2a: BestMMEquip|Sucker Punch|p1a: Terrakion
|-resisted|p1a: Terrakion
|-damage|p1a: Terrakion|0 fnt
|-damage|p2a: BestMMEquip|83\/272|[from] item: Life Orb
|faint|p1a: Terrakion
|
|c|âMouzourides|gg
|c|âMouzourides|shame about that flinch
|c|âMouzourides|this thing should have been dead
|c|âSpinalFluidYum|are you waiting for a response?
|c|âSpinalFluidYum|b\/c no
|c|âMouzourides|but thats pokemon
|c|âMouzourides|you just contradicted yourself...
|c|âMouzourides|but anyway gg
|-message|Mouzourides forfeited.
|
|win|SpinalFluidYum
|raw|Ladder updating...
|raw|Mouzourides's rating: 1525 &rarr; <strong>1502<\/strong><br \/>(-23 for losing)
|raw|SpinalFluidYum's rating: 1481 &rarr; <strong>1504<\/strong><br \/>(+23 for winning)