|join|Mouzourides
|join|C3theHype
|player|p1|Mouzourides|290
|player|p2|C3theHype|257
|gametype|singles
|gen|6
|tier|OU
|clearpoke
|poke|p1|Azumarill, F
|poke|p1|Zapdos
|poke|p1|Heatran, F
|poke|p1|Ferrothorn, F
|poke|p1|Keldeo-Resolute
|poke|p1|Garchomp, M
|poke|p2|Deoxys-Defense
|poke|p2|Infernape, M
|poke|p2|Lilligant, F
|poke|p2|Landorus, M
|poke|p2|Manectric, M, shiny
|poke|p2|Excadrill, M
|rule|Baton Pass Clause: Limit 3 pokemon knowing Baton Pass
|rule|Sleep Clause Mod: Limit one foe put to sleep
|rule|Species Clause: Limit one of each Pokemon
|rule|OHKO Clause: OHKO moves are banned
|rule|Moody Clause: Moody is banned
|rule|Swagger Clause: Swagger is banned
|rule|Evasion Moves Clause: Evasion moves are banned
|rule|Endless Battle Clause: Forcing endless battles is banned
|rule|HP Percentage Mod: HP is reported as percentages
|teampreview
|chat|C3theHype|okay, best 2\/3!
|chat|C3theHype|good luck
|chat|Mouzourides|your new team is great though :)
|
|start
|switch|p1a: Azumarill|Azumarill, F|404\/404
|switch|p2a: Deoxys-Defense|Deoxys-Defense|304\/304
|-ability|p2a: Deoxys-Defense|Pressure
|turn|1
|chat|C3theHype|thnx man :D
|chat|C3theHype|i'm thinking of maining it
|
|move|p2a: Deoxys-Defense|Stealth Rock|p1a: Azumarill
|-sidestart|p1: Mouzourides|move: Stealth Rock
|move|p1a: Azumarill|Knock Off|p2a: Deoxys-Defense
|-supereffective|p2a: Deoxys-Defense
|-damage|p2a: Deoxys-Defense|132\/304
|-enditem|p2a: Deoxys-Defense|Red Card|[from] move: Knock Off|[of] p1a: Azumarill
|
|turn|2
|
|move|p2a: Deoxys-Defense|Spikes|p1a: Azumarill
|-sidestart|p1: Mouzourides|Spikes
|move|p1a: Azumarill|Play Rough|p2a: Deoxys-Defense
|-damage|p2a: Deoxys-Defense|20\/304
|
|turn|3
|chat|C3theHype|lol
|chat|C3theHype|watch me live the Aqua Jet
|
|move|p1a: Azumarill|Aqua Jet|p2a: Deoxys-Defense
|-damage|p2a: Deoxys-Defense|0 fnt
|faint|p2a: Deoxys-Defense
|
|chat|C3theHype|XD
|chat|Mouzourides|I think deoxys d might get banned soon though
|chat|C3theHype|yea...
|chat|Mouzourides|its in for a supect test
|chat|C3theHype|and I refuse to use Ferro
|
|switch|p2a: Manectric|Manectric, M, shiny|282\/282
|turn|4
|chat|Mouzourides|*suspect test
|chat|C3theHype|it's ticked me off too many times XD
|chat|C3theHype|I just realized
|chat|C3theHype|Mane can deal with all of your team but Heatran XD
|chat|Mouzourides|pretty much yeah
|chat|C3theHype|brb
|
|switch|p1a: Garchomp|Garchomp, M|358\/358
|-damage|p1a: Garchomp|336\/358|[from] Stealth Rock
|-damage|p1a: Garchomp|292\/358|[from] Spikes
|detailschange|p2a: Manectric|Manectric-Mega, M, shiny
|message|Manectric has Mega Evolved into Mega Manectric!
|-ability|p2a: Manectric|Intimidate|[of] p1a: Garchomp
|-unboost|p1a: Garchomp|atk|1
|move|p2a: Manectric|Thunderbolt|p1a: Garchomp
|-immune|p1a: Garchomp|[msg]
|
|turn|5
|chat|Mouzourides|okay
|chat|Mouzourides|dude?
|chat|C3theHype|im back
|chat|C3theHype|srry it took so long XD
|chat|Mouzourides|its oaky :)
|chat|Mouzourides|*okay
|
|switch|p2a: Excadrill|Excadrill, M|362\/362
|-ability|p2a: Excadrill|Mold Breaker
|-item|p2a: Excadrill|Air Balloon
|move|p1a: Garchomp|Earthquake|p2a: Excadrill
|-immune|p2a: Excadrill|[msg]
|
|turn|6
|chat|C3theHype|the plays are real
|chat|Mouzourides|grr knew you'd do that
|
|switch|p1a: Zapdos|Zapdos|384\/384
|-damage|p1a: Zapdos|288\/384|[from] Stealth Rock
|-ability|p1a: Zapdos|Pressure
|move|p2a: Excadrill|Rock Slide|p1a: Zapdos
|-supereffective|p1a: Zapdos
|-damage|p1a: Zapdos|136\/384
|
|-heal|p1a: Zapdos|160\/384|[from] item: Leftovers
|turn|7
|chat|C3theHype|:3
|chat|C3theHype|XD
|chat|C3theHype|plays upon plays
|
|move|p2a: Excadrill|Rock Slide|p1a: Zapdos
|-crit|p1a: Zapdos
|-supereffective|p1a: Zapdos
|-damage|p1a: Zapdos|0 fnt
|faint|p1a: Zapdos
|
|chat|C3theHype|:O
|chat|C3theHype|srry, crit mattered XD
|chat|Mouzourides|that is so annoying
|chat|C3theHype|lol
|
|switch|p1a: Keldeo-Resolute|Keldeo-Resolute|323\/323
|-damage|p1a: Keldeo-Resolute|283\/323|[from] Spikes
|-damage|p1a: Keldeo-Resolute|263\/323|[from] Stealth Rock
|turn|8
|
|move|p1a: Keldeo-Resolute|Hydro Pump|p2a: Excadrill
|-supereffective|p2a: Excadrill
|-damage|p2a: Excadrill|0 fnt
|-enditem|p2a: Excadrill|Air Balloon
|faint|p2a: Excadrill
|
|chat|C3theHype|oof
|
|switch|p2a: Lilligant|Lilligant, F|282\/282
|turn|9
|
|switch|p1a: Ferrothorn|Ferrothorn, F|352\/352
|-damage|p1a: Ferrothorn|308\/352|[from] Spikes
|-damage|p1a: Ferrothorn|286\/352|[from] Stealth Rock
|move|p2a: Lilligant|Quiver Dance|p2a: Lilligant
|-boost|p2a: Lilligant|spa|1
|-boost|p2a: Lilligant|spd|1
|-boost|p2a: Lilligant|spe|1
|
|-heal|p1a: Ferrothorn|308\/352|[from] item: Leftovers
|turn|10
|chat|C3theHype|lol I be going for all the safe plays
|chat|C3theHype|I should probably put somthing on this for ferro
|chat|Mouzourides|you have infernape and manetric
|chat|C3theHype|and if they die?
|chat|C3theHype|or, like now, I can't switch?
|
|move|p2a: Lilligant|Hidden Power|p1a: Ferrothorn
|-damage|p1a: Ferrothorn|232\/352
|move|p1a: Ferrothorn|Curse|p1a: Ferrothorn
|-boost|p1a: Ferrothorn|atk|1
|-boost|p1a: Ferrothorn|def|1
|-unboost|p1a: Ferrothorn|spe|1
|
|-heal|p1a: Ferrothorn|254\/352|[from] item: Leftovers
|turn|11
|chat|C3theHype|O.o
|chat|C3theHype|that's new
|
|move|p2a: Lilligant|Hidden Power|p1a: Ferrothorn
|-damage|p1a: Ferrothorn|179\/352
|move|p1a: Ferrothorn|Gyro Ball|p2a: Lilligant
|-enditem|p2a: Lilligant|Focus Sash
|-damage|p2a: Lilligant|1\/282
|
|-heal|p1a: Ferrothorn|201\/352|[from] item: Leftovers
|turn|12
|chat|C3theHype|oh
|chat|C3theHype|I get it
|chat|C3theHype|XD
|
|move|p2a: Lilligant|Hidden Power|p1a: Ferrothorn
|-damage|p1a: Ferrothorn|130\/352
|move|p1a: Ferrothorn|Gyro Ball|p2a: Lilligant
|-damage|p2a: Lilligant|0 fnt
|faint|p2a: Lilligant
|
|-heal|p1a: Ferrothorn|152\/352|[from] item: Leftovers
|
|switch|p2a: Landorus|Landorus, M|320\/320
|turn|13
|
|move|p2a: Landorus|Earth Power|p1a: Ferrothorn
|-damage|p1a: Ferrothorn|0 fnt
|faint|p1a: Ferrothorn
|
|
|switch|p1a: Keldeo-Resolute|Keldeo-Resolute|263\/323
|-damage|p1a: Keldeo-Resolute|243\/323|[from] Stealth Rock
|-damage|p1a: Keldeo-Resolute|203\/323|[from] Spikes
|turn|14
|chat|C3theHype|ok, you made the right plays
|
|switch|p2a: Infernape|Infernape, M|294\/294
|move|p1a: Keldeo-Resolute|Scald|p2a: Infernape
|-supereffective|p2a: Infernape
|-damage|p2a: Infernape|0 fnt
|faint|p2a: Infernape
|
|chat|C3theHype|this is gg
|
|switch|p2a: Manectric|Manectric-Mega, M, shiny|282\/282
|-ability|p2a: Manectric|Intimidate|[of] p1a: Keldeo-Resolute
|-unboost|p1a: Keldeo-Resolute|atk|1
|turn|15
|chat|C3theHype|I have the means to take you down
|chat|C3theHype|but, not really at the same time
|
|switch|p1a: Garchomp|Garchomp, M|292\/358
|-damage|p1a: Garchomp|270\/358|[from] Stealth Rock
|-damage|p1a: Garchomp|226\/358|[from] Spikes
|move|p2a: Manectric|Hidden Power|p1a: Garchomp
|-supereffective|p1a: Garchomp
|-damage|p1a: Garchomp|0 fnt
|faint|p1a: Garchomp
|
|chat|C3theHype|YES
|
|switch|p1a: Heatran|Heatran, F|386\/386
|-damage|p1a: Heatran|338\/386|[from] Spikes
|-damage|p1a: Heatran|290\/386|[from] Stealth Rock
|turn|16
|
|move|p2a: Manectric|Volt Switch|p1a: Heatran
|-damage|p1a: Heatran|206\/386
|
|switch|p2a: Landorus|Landorus, M|320\/320
|move|p1a: Heatran|Lava Plume|p2a: Landorus
|-damage|p2a: Landorus|182\/320
|-status|p2a: Landorus|brn
|
|-heal|p1a: Heatran|230\/386|[from] item: Leftovers
|-damage|p2a: Landorus|142\/320 brn|[from] brn
|turn|17
|chat|C3theHype|:o
|
|switch|p1a: Azumarill|Azumarill, F|404\/404
|-damage|p1a: Azumarill|354\/404|[from] Stealth Rock
|-damage|p1a: Azumarill|304\/404|[from] Spikes
|move|p2a: Landorus|Earth Power|p1a: Azumarill
|-damage|p1a: Azumarill|92\/404
|
|-damage|p2a: Landorus|102\/320 brn|[from] brn
|turn|18
|chat|C3theHype|I keep forgetting this thing has Life Orb
|chat|C3theHype|the sheer force is real XD
|
|switch|p1a: Heatran|Heatran, F|230\/386
|-damage|p1a: Heatran|182\/386|[from] Stealth Rock
|-damage|p1a: Heatran|134\/386|[from] Spikes
|move|p2a: Landorus|Sludge Wave|p1a: Heatran
|-immune|p1a: Heatran|[msg]
|
|-heal|p1a: Heatran|158\/386|[from] item: Leftovers
|-damage|p2a: Landorus|62\/320 brn|[from] brn
|turn|19
|chat|C3theHype|em
|chat|C3theHype|you may have just screwed yourself
|
|move|p1a: Heatran|Protect|p1a: Heatran
|-singleturn|p1a: Heatran|Protect
|move|p2a: Landorus|Earth Power|p1a: Heatran
|-activate|p1a: Heatran|Protect
|
|-heal|p1a: Heatran|182\/386|[from] item: Leftovers
|-damage|p2a: Landorus|22\/320 brn|[from] brn
|turn|20
|chat|Mouzourides|why did you do that?
|chat|C3theHype|do what?
|chat|Mouzourides|i was gonna aqua jet
|chat|C3theHype|yea
|chat|C3theHype|mega mane can't take too many hits
|chat|C3theHype|I figured my odds were better staying in
|
|switch|p1a: Keldeo-Resolute|Keldeo-Resolute|203\/323
|-damage|p1a: Keldeo-Resolute|163\/323|[from] Spikes
|-damage|p1a: Keldeo-Resolute|143\/323|[from] Stealth Rock
|move|p2a: Landorus|Earth Power|p1a: Keldeo-Resolute
|-damage|p1a: Keldeo-Resolute|0 fnt
|faint|p1a: Keldeo-Resolute
|
|-damage|p2a: Landorus|0 fnt|[from] brn
|faint|p2a: Landorus
|
|switch|p2a: Manectric|Manectric-Mega, M, shiny|282\/282
|switch|p1a: Azumarill|Azumarill, F|92\/404
|-damage|p1a: Azumarill|42\/404|[from] Spikes
|-damage|p1a: Azumarill|0 fnt|[from] Stealth Rock
|faint|p1a: Azumarill
|chat|C3theHype|don't tell me I just won again
|chat|C3theHype|XD
|chat|Mouzourides|damn
|
|switch|p1a: Heatran|Heatran, F|182\/386
|-damage|p1a: Heatran|134\/386|[from] Stealth Rock
|-damage|p1a: Heatran|86\/386|[from] Spikes
|turn|21
|chat|C3theHype|Deo-D, puttin in work XD
|chat|Mouzourides|ye pthink you win
|
|move|p1a: Heatran|Protect|p1a: Heatran
|-singleturn|p1a: Heatran|Protect
|move|p2a: Manectric|Thunderbolt|p1a: Heatran
|-activate|p1a: Heatran|Protect
|
|-heal|p1a: Heatran|110\/386|[from] item: Leftovers
|turn|22
|chat|Mouzourides|the crit mattered so much
|chat|C3theHype|yea, it did XD
|
|move|p2a: Manectric|Thunderbolt|p1a: Heatran
|-damage|p1a: Heatran|1\/386
|move|p1a: Heatran|Earth Power|p2a: Manectric
|-supereffective|p2a: Manectric
|-damage|p2a: Manectric|68\/282
|
|-heal|p1a: Heatran|25\/386|[from] item: Leftovers
|turn|23
|chat|C3theHype|:o
|chat|C3theHype|the live is real
|chat|C3theHype|on both ends
|
|move|p1a: Heatran|Protect|p1a: Heatran
|-singleturn|p1a: Heatran|Protect
|move|p2a: Manectric|Thunderbolt|p1a: Heatran
|-activate|p1a: Heatran|Protect
|
|-heal|p1a: Heatran|49\/386|[from] item: Leftovers
|turn|24
|chat|C3theHype|okay, this one needs to be uploaded
|chat|Mouzourides|yeah I misplayed
|chat|C3theHype|this is the best battle i've had in a long time XD
|
|move|p1a: Heatran|Protect|p1a: Heatran
|-fail|p1a: Heatran
|move|p2a: Manectric|Thunderbolt|p1a: Heatran
|-damage|p1a: Heatran|0 fnt
|faint|p1a: Heatran
|
|win|C3theHype
|chat|C3theHype|gg
|chat|Mouzourides|gg
|chat|Mouzourides|I'm salty, I could have won that
|chat|C3theHype|XD
|chat|C3theHype|I played a bit strangely tho
|chat|C3theHype|at the end
|chat|C3theHype|staying in with Lando
|chat|Mouzourides|I thought you would switch into your manetric predicting the aqua jet as it would do nothing to the manetric because of the intimidate
|chat|Mouzourides|and then you still had earth power for heatran
|chat|C3theHype|my reason for staying in was, like I said, if I switch i was guarunteed to lose
|chat|C3theHype|Deo outspeeds lando, kills
|chat|C3theHype|Azu can come in and kill cuz of Assault Vest after Lando gone
|chat|Mouzourides|yeah it was a bad prediction on my part i think
|chat|Mouzourides|damn so close
|chat|C3theHype|and, once, again, the obvious moves are obvious ;)
|chat|C3theHype|either way, gg bro :0
|chat|C3theHype|*:)
|chat|Mouzourides|if i had removed the hazards i reckon hearan could have lived two thunderbolts with a protect
|chat|C3theHype|yes
|chat|C3theHype|it could've 
|chat|C3theHype|so that crit mattered waaaaay too much
|chat|C3theHype|XD
|chat|Mouzourides|protect, earth power, protect, earth power
|chat|C3theHype|yep
|chat|Mouzourides|it was a great battle anyway ;)
|chat|Mouzourides|gg
|chat|C3theHype|:D
|chat|C3theHype|ok, ima record replay
|chat|C3theHype|if you'd like to commentate, I won't play music
|chat|C3theHype|*co-commentate
|chat|Mouzourides|its late here so i can't talk 
|chat|C3theHype|ok
|chat|C3theHype|I figured as much ;)
|chat|C3theHype|music it is
|chat|C3theHype|frapps isn't working o.o
|chat|Mouzourides|just watched the replay, I had a full health heatran but I switched it in too much
|chat|Mouzourides|that was the msitake
|chat|Mouzourides|*mistake
|chat|Mouzourides|I also shouldn't have gone into my garchomp on your manetric
|chat|C3theHype|it was a safe play
|chat|C3theHype|if i didn't get that prediction, i would've ost
|chat|C3theHype|*lost
|chat|Mouzourides|my safe play was to go into heatran but I feared the volt switch
|chat|C3theHype|lol
|chat|Mouzourides|one day I'll co-commentate, a little earlier in the day
|chat|C3theHype|okay :D
|chat|C3theHype|huh
|chat|C3theHype|every time I press the hotkey, it doesn't record
|chat|C3theHype|just a sec
|chat|C3theHype|plz don't leave the room
|leave|C3theHype
|player|p2
|join|C3theHype
|chat|C3theHype|want to go one more time in a few?
|chat|Mouzourides|sure
|chat|C3theHype|i'll try not to beat you with hax this time ;)
|chat|Mouzourides|I need to step up my game ;)
|chat|C3theHype|XD
|chat|C3theHype|okay, about to record replay 
|chat|C3theHype|finally got it working XD
|chat|Mouzourides|cool cool :)