|join|Mouzourides
|join|LT7X Synxx
|player|p1|Mouzourides|290
|player|p2|LT7X Synxx|252
|gametype|singles
|gen|6
|tier|OU
|rated
|clearpoke
|poke|p1|Mamoswine, M
|poke|p1|Manectric, M
|poke|p1|Keldeo
|poke|p1|Landorus-Therian, M
|poke|p1|Latios, M
|poke|p1|Diggersby, M
|poke|p2|Heatran, M
|poke|p2|Blissey, F
|poke|p2|Chesnaught, M
|poke|p2|Slowbro, F
|poke|p2|Medicham, M
|poke|p2|Zapdos
|rule|Swagger Clause: Swagger is banned
|rule|Baton Pass Clause: Limit one PokÃ©mon knowing Baton Pass
|rule|Sleep Clause Mod: Limit one foe put to sleep
|rule|Species Clause: Limit one of each PokÃ©mon
|rule|OHKO Clause: OHKO moves are banned
|rule|Moody Clause: Moody is banned
|rule|Evasion Moves Clause: Evasion moves are banned
|rule|Endless Battle Clause: Forcing endless battles is banned
|rule|HP Percentage Mod: HP is shown in percentages
|teampreview
|
|start
|switch|p1a: Manectric|Manectric, M|281\/281
|switch|p2a: Blissey|Blissey, F|651\/651
|turn|1
|
|detailschange|p1a: Manectric|Manectric-Mega, M
|message|Manectric has Mega Evolved into Mega Manectric!
|-ability|p1a: Manectric|Intimidate|[of] p2a: Blissey
|-unboost|p2a: Blissey|atk|1
|move|p1a: Manectric|Volt Switch|p2a: Blissey
|-damage|p2a: Blissey|567\/651
|
|switch|p1a: Mamoswine|Mamoswine, M|361\/361
|move|p2a: Blissey|Seismic Toss|p1a: Mamoswine
|-damage|p1a: Mamoswine|261\/361
|
|-heal|p2a: Blissey|607\/651|[from] item: Leftovers
|turn|2
|
|switch|p2a: Slowbro|Slowbro, F|394\/394
|move|p1a: Mamoswine|Stealth Rock|p2a: Slowbro
|-sidestart|p2: LT7X Synxx|move: Stealth Rock
|
|turn|3
|
|switch|p1a: Latios|Latios, M|302\/302
|move|p2a: Slowbro|Scald|p1a: Latios
|-resisted|p1a: Latios
|-damage|p1a: Latios|258\/302
|
|turn|4
|
|switch|p1a: Mamoswine|Mamoswine, M|261\/361
|switch|p2a: Heatran|Heatran, M|386\/386
|-damage|p2a: Heatran|338\/386|[from] Stealth Rock
|
|-heal|p2a: Heatran|362\/386|[from] item: Leftovers
|turn|5
|
|switch|p2a: Slowbro|Slowbro, F|394\/394
|-damage|p2a: Slowbro|345\/394|[from] Stealth Rock
|move|p1a: Mamoswine|Earthquake|p2a: Slowbro
|-damage|p2a: Slowbro|225\/394
|
|-heal|p2a: Slowbro|249\/394|[from] item: Leftovers
|turn|6
|
|move|p1a: Mamoswine|Earthquake|p2a: Slowbro
|-damage|p2a: Slowbro|137\/394
|move|p2a: Slowbro|Thunder Wave|p1a: Mamoswine
|-immune|p1a: Mamoswine|[msg]
|
|-heal|p2a: Slowbro|161\/394|[from] item: Leftovers
|turn|7
|
|move|p1a: Mamoswine|Earthquake|p2a: Slowbro
|-damage|p2a: Slowbro|41\/394
|move|p2a: Slowbro|Slack Off|p2a: Slowbro
|-heal|p2a: Slowbro|238\/394
|
|-heal|p2a: Slowbro|262\/394|[from] item: Leftovers
|turn|8
|
|move|p1a: Mamoswine|Earthquake|p2a: Slowbro
|-damage|p2a: Slowbro|139\/394
|move|p2a: Slowbro|Thunder Wave|p1a: Mamoswine
|-immune|p1a: Mamoswine|[msg]
|
|-heal|p2a: Slowbro|163\/394|[from] item: Leftovers
|turn|9
|
|move|p1a: Mamoswine|Earthquake|p2a: Slowbro
|-damage|p2a: Slowbro|43\/394
|move|p2a: Slowbro|Slack Off|p2a: Slowbro
|-heal|p2a: Slowbro|240\/394
|
|-heal|p2a: Slowbro|264\/394|[from] item: Leftovers
|turn|10
|
|move|p1a: Mamoswine|Earthquake|p2a: Slowbro
|-damage|p2a: Slowbro|152\/394
|move|p2a: Slowbro|Slack Off|p2a: Slowbro
|-heal|p2a: Slowbro|349\/394
|
|-heal|p2a: Slowbro|373\/394|[from] item: Leftovers
|turn|11
|
|move|p1a: Mamoswine|Earthquake|p2a: Slowbro
|-damage|p2a: Slowbro|250\/394
|move|p2a: Slowbro|Scald|p1a: Mamoswine
|-crit|p1a: Mamoswine
|-supereffective|p1a: Mamoswine
|-damage|p1a: Mamoswine|0 fnt
|faint|p1a: Mamoswine
|
|-heal|p2a: Slowbro|274\/394|[from] item: Leftovers
|
|switch|p1a: Manectric|Manectric-Mega, M|281\/281
|-ability|p1a: Manectric|Intimidate|[of] p2a: Slowbro
|-unboost|p2a: Slowbro|atk|1
|turn|12
|
|switch|p2a: Blissey|Blissey, F|607\/651
|-damage|p2a: Blissey|526\/651|[from] Stealth Rock
|move|p1a: Manectric|Volt Switch|p2a: Blissey
|-damage|p2a: Blissey|441\/651
|
|switch|p1a: Keldeo|Keldeo|323\/323
|
|-heal|p2a: Blissey|481\/651|[from] item: Leftovers
|turn|13
|
|switch|p1a: Manectric|Manectric-Mega, M|281\/281
|-ability|p1a: Manectric|Intimidate|[of] p2a: Blissey
|-unboost|p2a: Blissey|atk|1
|switch|p2a: Slowbro|Slowbro, F|394\/394
|-damage|p2a: Slowbro|345\/394|[from] Stealth Rock
|
|-heal|p2a: Slowbro|369\/394|[from] item: Leftovers
|turn|14
|
|switch|p2a: Chesnaught|Chesnaught, M|380\/380
|-damage|p2a: Chesnaught|357\/380|[from] Stealth Rock
|move|p1a: Manectric|Volt Switch|p2a: Chesnaught
|-resisted|p2a: Chesnaught
|-damage|p2a: Chesnaught|281\/380
|
|switch|p1a: Latios|Latios, M|258\/302
|
|-heal|p2a: Chesnaught|304\/380|[from] item: Leftovers
|turn|15
|
|move|p2a: Chesnaught|Spiky Shield|p2a: Chesnaught
|-singleturn|p2a: Chesnaught|move: Protect
|move|p1a: Latios|Psyshock|p2a: Chesnaught
|-activate|p2a: Chesnaught|move: Protect
|
|-heal|p2a: Chesnaught|327\/380|[from] item: Leftovers
|turn|16
|
|switch|p1a: Landorus-Therian|Landorus-Therian, M|320\/320
|-ability|p1a: Landorus-Therian|Intimidate|[of] p2a: Chesnaught
|-unboost|p2a: Chesnaught|atk|1
|switch|p2a: Heatran|Heatran, M|362\/386
|-damage|p2a: Heatran|314\/386|[from] Stealth Rock
|
|-heal|p2a: Heatran|338\/386|[from] item: Leftovers
|turn|17
|
|move|p1a: Landorus-Therian|Earthquake|p2a: Heatran
|-supereffective|p2a: Heatran
|-damage|p2a: Heatran|0 fnt
|faint|p2a: Heatran
|
|
|switch|p2a: Slowbro|Slowbro, F|394\/394
|-damage|p2a: Slowbro|345\/394|[from] Stealth Rock
|turn|18
|
|switch|p1a: Manectric|Manectric-Mega, M|281\/281
|-ability|p1a: Manectric|Intimidate|[of] p2a: Slowbro
|-unboost|p2a: Slowbro|atk|1
|move|p2a: Slowbro|Scald|p1a: Manectric
|-damage|p1a: Manectric|161\/281
|-status|p1a: Manectric|brn
|
|-heal|p2a: Slowbro|369\/394|[from] item: Leftovers
|-damage|p1a: Manectric|126\/281 brn|[from] brn
|turn|19
|
|switch|p2a: Chesnaught|Chesnaught, M|327\/380
|-damage|p2a: Chesnaught|304\/380|[from] Stealth Rock
|move|p1a: Manectric|Volt Switch|p2a: Chesnaught
|-resisted|p2a: Chesnaught
|-damage|p2a: Chesnaught|225\/380
|
|switch|p1a: Latios|Latios, M|258\/302
|
|-heal|p2a: Chesnaught|248\/380|[from] item: Leftovers
|turn|20
|
|move|p2a: Chesnaught|Spiky Shield|p2a: Chesnaught
|-singleturn|p2a: Chesnaught|move: Protect
|move|p1a: Latios|Psyshock|p2a: Chesnaught
|-activate|p2a: Chesnaught|move: Protect
|
|-heal|p2a: Chesnaught|271\/380|[from] item: Leftovers
|turn|21
|
|switch|p2a: Slowbro|Slowbro, F|394\/394
|-damage|p2a: Slowbro|345\/394|[from] Stealth Rock
|move|p1a: Latios|Psyshock|p2a: Slowbro
|-resisted|p2a: Slowbro
|-damage|p2a: Slowbro|283\/394
|-damage|p1a: Latios|228\/302|[from] item: Life Orb
|
|-heal|p2a: Slowbro|307\/394|[from] item: Leftovers
|turn|22
|
|switch|p2a: Blissey|Blissey, F|481\/651
|-damage|p2a: Blissey|400\/651|[from] Stealth Rock
|move|p1a: Latios|Draco Meteor|p2a: Blissey
|-damage|p2a: Blissey|219\/651
|-unboost|p1a: Latios|spa|2
|-damage|p1a: Latios|198\/302|[from] item: Life Orb
|
|-heal|p2a: Blissey|259\/651|[from] item: Leftovers
|turn|23
|
|switch|p1a: Diggersby|Diggersby, M|311\/311
|move|p2a: Blissey|Soft-Boiled|p2a: Blissey
|-heal|p2a: Blissey|585\/651
|
|-heal|p2a: Blissey|625\/651|[from] item: Leftovers
|turn|24
|
|switch|p2a: Zapdos|Zapdos|383\/383
|-damage|p2a: Zapdos|288\/383|[from] Stealth Rock
|-ability|p2a: Zapdos|Pressure
|move|p1a: Diggersby|Swords Dance|p1a: Diggersby
|-boost|p1a: Diggersby|atk|2
|
|-heal|p2a: Zapdos|311\/383|[from] item: Leftovers
|turn|25
|
|move|p1a: Diggersby|Frustration|p2a: Zapdos
|-damage|p2a: Zapdos|0 fnt
|-damage|p1a: Diggersby|280\/311|[from] item: Life Orb
|faint|p2a: Zapdos
|
|
|switch|p2a: Chesnaught|Chesnaught, M|271\/380
|-damage|p2a: Chesnaught|248\/380|[from] Stealth Rock
|turn|26
|
|move|p2a: Chesnaught|Spiky Shield|p2a: Chesnaught
|-singleturn|p2a: Chesnaught|move: Protect
|move|p1a: Diggersby|Swords Dance|p1a: Diggersby
|-boost|p1a: Diggersby|atk|2
|
|-heal|p2a: Chesnaught|271\/380|[from] item: Leftovers
|turn|27
|
|move|p1a: Diggersby|Frustration|p2a: Chesnaught
|-damage|p2a: Chesnaught|0 fnt
|-damage|p1a: Diggersby|249\/311|[from] item: Life Orb
|faint|p2a: Chesnaught
|
|
|switch|p2a: Medicham|Medicham, M|261\/261
|-damage|p2a: Medicham|245\/261|[from] Stealth Rock
|turn|28
|
|detailschange|p2a: Medicham|Medicham-Mega, M
|message|Medicham has Mega Evolved into Mega Medicham!
|move|p1a: Diggersby|Quick Attack|p2a: Medicham
|-damage|p2a: Medicham|0 fnt
|-damage|p1a: Diggersby|218\/311|[from] item: Life Orb
|faint|p2a: Medicham
|
|
|switch|p2a: Slowbro|Slowbro, F|394\/394
|-damage|p2a: Slowbro|345\/394|[from] Stealth Rock
|turn|29
|
|move|p1a: Diggersby|Frustration|p2a: Slowbro
|-crit|p2a: Slowbro
|-damage|p2a: Slowbro|0 fnt
|-damage|p1a: Diggersby|187\/311|[from] item: Life Orb
|faint|p2a: Slowbro
|
|-message|LT7X Synxx forfeited.
|
|win|Mouzourides
|raw|Ladder updating...
|leave|LT7X Synxx
|player|p2
|raw|Mouzourides's rating: 1661 &rarr; <strong>1683<\/strong><br \/>(+22 for winning)
|raw|LT7X Synxx's rating: 1687 &rarr; <strong>1665<\/strong><br \/>(-22 for losing)