|join|Mouzourides
|join|C3theHype
|player|p1|Mouzourides|15
|player|p2|C3theHype|257
|gametype|singles
|gen|6
|tier|OU
|clearpoke
|poke|p1|Charizard, M
|poke|p1|Breloom, F
|poke|p1|Rotom-Wash
|poke|p1|Skarmory, F
|poke|p1|Heatran, F
|poke|p1|Landorus-Therian, M
|poke|p2|Blastoise, M
|poke|p2|Excadrill, M
|poke|p2|Galvantula, M
|poke|p2|Garchomp, M
|poke|p2|Chesnaught, M
|poke|p2|Jellicent, M
|rule|Baton Pass Clause: Limit 3 pokemon knowing Baton Pass
|rule|Sleep Clause Mod: Limit one foe put to sleep
|rule|Species Clause: Limit one of each Pokemon
|rule|OHKO Clause: OHKO moves are banned
|rule|Moody Clause: Moody is banned
|rule|Evasion Moves Clause: Evasion moves are banned
|rule|Endless Battle Clause: Forcing endless battles is banned
|rule|HP Percentage Mod: HP is reported as percentages
|teampreview
|chat|C3theHype|okay, good luck
|chat|Mouzourides|you too :)
|chat|C3theHype|:)
|
|start
|switch|p1a: Landorus-Therian|Landorus-Therian, M|320\/320
|switch|p2a: The Classy Spider|Galvantula, M|282\/282
|-ability|p1a: Landorus-Therian|Intimidate|[of] p2a: The Classy Spider
|-unboost|p2a: The Classy Spider|atk|1
|turn|1
|
|move|p1a: Landorus-Therian|Stone Edge|p2a: The Classy Spider|[miss]
|-miss|p1a: Landorus-Therian|p2a: The Classy Spider
|move|p2a: The Classy Spider|Sticky Web|p1a: Landorus-Therian
|-sidestart|p1: Mouzourides|move: Sticky Web
|
|turn|2
|chat|C3theHype|LOL
|
|switch|p2a: Chesnaught|Chesnaught, M|356\/356
|move|p1a: Landorus-Therian|Stone Edge|p2a: Chesnaught|[miss]
|-miss|p1a: Landorus-Therian|p2a: Chesnaught
|
|turn|3
|chat|Mouzourides|cmon ;)
|chat|C3theHype|holy crap
|chat|C3theHype|XD
|
|switch|p1a: Skarmory|Skarmory, F|334\/334
|move|p2a: Chesnaught|Leech Seed|p1a: Skarmory
|-start|p1a: Skarmory|move: Leech Seed
|
|-damage|p1a: Skarmory|293\/334|[from] Leech Seed|[of] p2a: Chesnaught
|turn|4
|
|move|p2a: Chesnaught|Spiky Shield|p2a: Chesnaught
|-singleturn|p2a: Chesnaught|move: Protect
|move|p1a: Skarmory|Defog|p2a: Chesnaught
|-activate|p2a: Chesnaught|move: Protect
|
|-damage|p1a: Skarmory|252\/334|[from] Leech Seed|[of] p2a: Chesnaught
|turn|5
|
|switch|p2a: The Classy Spider|Galvantula, M|282\/282
|move|p1a: Skarmory|Brave Bird|p2a: The Classy Spider
|-damage|p2a: The Classy Spider|113\/282
|-damage|p1a: Skarmory|196\/334|[from] recoil|[of] p2a: The Classy Spider
|
|-damage|p1a: Skarmory|155\/334|[from] Leech Seed|[of] p2a: The Classy Spider
|-heal|p2a: The Classy Spider|154\/282|[silent]
|turn|6
|
|switch|p1a: Heatran|Heatran, F|386\/386
|-activate|p1a: Heatran|move: Sticky Web
|-unboost|p1a: Heatran|spe|1
|move|p2a: The Classy Spider|Thunder|p1a: Heatran
|-damage|p1a: Heatran|266\/386
|
|-heal|p1a: Heatran|290\/386|[from] item: Leftovers
|turn|7
|
|switch|p2a: Landorus-Jelly|Jellicent, M|366\/366
|move|p1a: Heatran|Toxic|p2a: Landorus-Jelly
|-status|p2a: Landorus-Jelly|tox
|
|-heal|p1a: Heatran|314\/386|[from] item: Leftovers
|-damage|p2a: Landorus-Jelly|344\/366 tox|[from] psn
|turn|8
|chat|C3theHype|i've legit seen a power herb hetran before with solar beam
|
|move|p1a: Heatran|Protect|p1a: Heatran
|-singleturn|p1a: Heatran|Protect
|move|p2a: Landorus-Jelly|Scald|p1a: Heatran
|-activate|p1a: Heatran|Protect
|
|-heal|p2a: Landorus-Jelly|366\/366 tox|[from] item: Leftovers
|-heal|p1a: Heatran|338\/386|[from] item: Leftovers
|-damage|p2a: Landorus-Jelly|322\/366 tox|[from] psn
|turn|9
|chat|Mouzourides|wow
|chat|Mouzourides|I thought a special victini the other day
|chat|C3theHype|XD
|chat|C3theHype|*fought
|chat|Mouzourides|*fought
|chat|Mouzourides|yeah sorry
|chat|Mouzourides|just woke up ;)
|chat|C3theHype|lol ik what you ment lol
|chat|C3theHype|I just woke up as well XD
|chat|C3theHype|isn't it like 1:00 PM over there?
|chat|Mouzourides|It's a lot later in the Uk though ;)
|
|switch|p1a: Rotom-Wash|Rotom-Wash|304\/304
|move|p2a: Landorus-Jelly|Scald|p1a: Rotom-Wash
|-resisted|p1a: Rotom-Wash
|-damage|p1a: Rotom-Wash|272\/304
|
|-heal|p1a: Rotom-Wash|291\/304|[from] item: Leftovers
|-heal|p2a: Landorus-Jelly|344\/366 tox|[from] item: Leftovers
|-damage|p2a: Landorus-Jelly|278\/366 tox|[from] psn
|turn|10
|chat|Mouzourides|yes ;)
|chat|C3theHype|lol
|
|move|p1a: Rotom-Wash|Volt Switch|p2a: Landorus-Jelly
|-supereffective|p2a: Landorus-Jelly
|-damage|p2a: Landorus-Jelly|158\/366 tox
|chat|C3theHype|basic math
|
|switch|p1a: Heatran|Heatran, F|338\/386
|-activate|p1a: Heatran|move: Sticky Web
|-unboost|p1a: Heatran|spe|1
|move|p2a: Landorus-Jelly|Will-O-Wisp|p1a: Heatran
|-start|p1a: Heatran|ability: Flash Fire
|
|-heal|p2a: Landorus-Jelly|180\/366 tox|[from] item: Leftovers
|-heal|p1a: Heatran|362\/386|[from] item: Leftovers
|-damage|p2a: Landorus-Jelly|92\/366 tox|[from] psn
|turn|11
|chat|C3theHype|oof
|
|switch|p2a: The Classy Spider|Galvantula, M|154\/282
|move|p1a: Heatran|Lava Plume|p2a: The Classy Spider
|-supereffective|p2a: The Classy Spider
|-damage|p2a: The Classy Spider|0 fnt
|faint|p2a: The Classy Spider
|
|-heal|p1a: Heatran|386\/386|[from] item: Leftovers
|
|switch|p2a: Garchomp|Garchomp, M|358\/358
|turn|12
|
|switch|p2a: Blastoise|Blastoise, M|362\/362
|move|p1a: Heatran|Protect|p1a: Heatran
|-fail|p1a: Heatran
|
|turn|13
|
|detailschange|p2a: Blastoise|Blastoise-Mega, M
|message|Blastoise has Mega Evolved into Mega Blastoise!
|move|p2a: Blastoise|Water Pulse|p1a: Heatran
|-supereffective|p1a: Heatran
|-damage|p1a: Heatran|144\/386
|move|p1a: Heatran|Toxic|p2a: Blastoise
|-status|p2a: Blastoise|tox
|
|-heal|p1a: Heatran|168\/386|[from] item: Leftovers
|-damage|p2a: Blastoise|340\/362 tox|[from] psn
|turn|14
|chat|C3theHype|all o the damage XD
|
|move|p1a: Heatran|Protect|p1a: Heatran
|-singleturn|p1a: Heatran|Protect
|move|p2a: Blastoise|Water Pulse|p1a: Heatran
|-activate|p1a: Heatran|Protect
|
|-heal|p1a: Heatran|192\/386|[from] item: Leftovers
|-damage|p2a: Blastoise|296\/362 tox|[from] psn
|turn|15
|
|switch|p1a: Rotom-Wash|Rotom-Wash|291\/304
|move|p2a: Blastoise|Water Pulse|p1a: Rotom-Wash
|-crit|p1a: Rotom-Wash
|-resisted|p1a: Rotom-Wash
|-damage|p1a: Rotom-Wash|199\/304
|
|-heal|p1a: Rotom-Wash|218\/304|[from] item: Leftovers
|-damage|p2a: Blastoise|230\/362 tox|[from] psn
|turn|16
|
|switch|p2a: Landorus-Jelly|Jellicent, M|92\/366 tox
|move|p1a: Rotom-Wash|Thunderbolt|p2a: Landorus-Jelly
|-supereffective|p2a: Landorus-Jelly
|-damage|p2a: Landorus-Jelly|0 fnt
|faint|p2a: Landorus-Jelly
|
|-heal|p1a: Rotom-Wash|237\/304|[from] item: Leftovers
|
|switch|p2a: Excadrill|Excadrill, M|362\/362
|-ability|p2a: Excadrill|Mold Breaker
|-item|p2a: Excadrill|Air Balloon
|turn|17
|
|switch|p1a: Skarmory|Skarmory, F|155\/334
|move|p2a: Excadrill|Earthquake|p1a: Skarmory
|-immune|p1a: Skarmory|[msg]
|
|turn|18
|chat|C3theHype|stahp that DX
|
|switch|p2a: Garchomp|Garchomp, M|358\/358
|move|p1a: Skarmory|Roost|p1a: Skarmory
|-heal|p1a: Skarmory|322\/334
|
|turn|19
|chat|Mouzourides|do you think this team is too bulky?
|
|switch|p2a: Chesnaught|Chesnaught, M|356\/356
|move|p1a: Skarmory|Toxic|p2a: Chesnaught
|-status|p2a: Chesnaught|tox
|
|-damage|p2a: Chesnaught|334\/356 tox|[from] psn
|turn|20
|chat|C3theHype|yes
|chat|C3theHype|it looks like a wall team tho
|chat|C3theHype|that's gg btw
|chat|C3theHype|I can't beat it x3
|chat|Mouzourides|I might change it up then
|chat|Mouzourides|landorus isn't a bulky set thuogh
|chat|Mouzourides|*though
|
|move|p2a: Chesnaught|Spiky Shield|p2a: Chesnaught
|-singleturn|p2a: Chesnaught|move: Protect
|move|p1a: Skarmory|Defog|p2a: Chesnaught
|-activate|p2a: Chesnaught|move: Protect
|
|-heal|p2a: Chesnaught|356\/356 tox|[from] item: Leftovers
|-damage|p2a: Chesnaught|312\/356 tox|[from] psn
|turn|21
|chat|C3theHype|oh ok lol
|
|move|p1a: Skarmory|Brave Bird|p2a: Chesnaught
|-supereffective|p2a: Chesnaught
|-damage|p2a: Chesnaught|36\/356 tox
|-damage|p1a: Skarmory|231\/334|[from] recoil|[of] p2a: Chesnaught
|move|p2a: Chesnaught|Leech Seed|p1a: Skarmory
|-start|p1a: Skarmory|move: Leech Seed
|
|-heal|p2a: Chesnaught|58\/356 tox|[from] item: Leftovers
|-damage|p1a: Skarmory|190\/334|[from] Leech Seed|[of] p2a: Chesnaught
|-heal|p2a: Chesnaught|99\/356 tox|[silent]
|-damage|p2a: Chesnaught|33\/356 tox|[from] psn
|turn|22
|chat|C3theHype|oof
|
|move|p1a: Skarmory|Roost|p1a: Skarmory
|-heal|p1a: Skarmory|334\/334
|move|p2a: Chesnaught|Seed Bomb|p1a: Skarmory
|-crit|p1a: Skarmory
|-resisted|p1a: Skarmory
|-damage|p1a: Skarmory|290\/334
|
|-heal|p2a: Chesnaught|55\/356 tox|[from] item: Leftovers
|-damage|p1a: Skarmory|249\/334|[from] Leech Seed|[of] p2a: Chesnaught
|-heal|p2a: Chesnaught|96\/356 tox|[silent]
|-damage|p2a: Chesnaught|8\/356 tox|[from] psn
|turn|23
|
|move|p2a: Chesnaught|Spiky Shield|p2a: Chesnaught
|-singleturn|p2a: Chesnaught|move: Protect
|move|p1a: Skarmory|Roost|p1a: Skarmory
|-heal|p1a: Skarmory|334\/334
|
|-heal|p2a: Chesnaught|30\/356 tox|[from] item: Leftovers
|-damage|p1a: Skarmory|293\/334|[from] Leech Seed|[of] p2a: Chesnaught
|-heal|p2a: Chesnaught|71\/356 tox|[silent]
|-damage|p2a: Chesnaught|0 fnt|[from] psn
|faint|p2a: Chesnaught
|
|switch|p2a: Blastoise|Blastoise-Mega, M|230\/362 tox
|turn|24
|
|switch|p1a: Rotom-Wash|Rotom-Wash|237\/304
|move|p2a: Blastoise|Aura Sphere|p1a: Rotom-Wash
|-damage|p1a: Rotom-Wash|121\/304
|
|-heal|p1a: Rotom-Wash|140\/304|[from] item: Leftovers
|-damage|p2a: Blastoise|208\/362 tox|[from] psn
|turn|25
|
|move|p1a: Rotom-Wash|Hydro Pump|p2a: Blastoise
|-resisted|p2a: Blastoise
|-damage|p2a: Blastoise|145\/362 tox
|move|p2a: Blastoise|Aura Sphere|p1a: Rotom-Wash
|-damage|p1a: Rotom-Wash|35\/304
|
|-heal|p1a: Rotom-Wash|54\/304|[from] item: Leftovers
|-damage|p2a: Blastoise|101\/362 tox|[from] psn
|turn|26
|
|switch|p2a: Garchomp|Garchomp, M|358\/358
|move|p1a: Rotom-Wash|Thunderbolt|p2a: Garchomp
|-immune|p2a: Garchomp|[msg]
|
|-heal|p1a: Rotom-Wash|73\/304|[from] item: Leftovers
|turn|27
|chat|Mouzourides|nice ;)
|chat|C3theHype|XD
|
|move|p2a: Garchomp|Outrage|p1a: Rotom-Wash
|-damage|p1a: Rotom-Wash|0 fnt
|faint|p1a: Rotom-Wash
|
|chat|C3theHype|the plays are real
|chat|C3theHype|YES I KILLED ONE
|
|switch|p1a: Skarmory|Skarmory, F|293\/334
|turn|28
|
|move|p2a: Garchomp|Outrage|p1a: Skarmory
|-resisted|p1a: Skarmory
|-damage|p1a: Skarmory|230\/334
|-damage|p2a: Garchomp|299\/358|[from] item: Rocky Helmet|[of] p1a: Skarmory
|move|p1a: Skarmory|Toxic|p2a: Garchomp
|-status|p2a: Garchomp|tox
|
|-end|p2a: Garchomp|rampage
|-start|p2a: Garchomp|confusion
|-damage|p2a: Garchomp|277\/358 tox|[from] psn
|turn|29
|
|switch|p2a: Excadrill|Excadrill, M|362\/362
|-ability|p2a: Excadrill|Mold Breaker
|-item|p2a: Excadrill|Air Balloon
|move|p1a: Skarmory|Brave Bird|p2a: Excadrill
|-resisted|p2a: Excadrill
|-damage|p2a: Excadrill|278\/362
|-enditem|p2a: Excadrill|Air Balloon
|-damage|p1a: Skarmory|202\/334|[from] recoil|[of] p2a: Excadrill
|
|turn|30
|
|move|p2a: Excadrill|Stealth Rock|p1a: Skarmory
|-sidestart|p1: Mouzourides|move: Stealth Rock
|move|p1a: Skarmory|Roost|p1a: Skarmory
|-heal|p1a: Skarmory|334\/334
|
|turn|31
|
|move|p2a: Excadrill|Rock Slide|p1a: Skarmory
|-damage|p1a: Skarmory|284\/334
|move|p1a: Skarmory|Defog|p2a: Excadrill
|-unboost|p2a: Excadrill|evasion|1
|-sideend|p1: Mouzourides|Stealth Rock|[from] move: Defog|[of] p1a: Skarmory
|-sideend|p1: Mouzourides|Sticky Web|[from] move: Defog|[of] p1a: Skarmory
|
|turn|32
|
|move|p2a: Excadrill|Rock Slide|p1a: Skarmory
|-damage|p1a: Skarmory|229\/334
|cant|p1a: Skarmory|flinch
|
|turn|33
|chat|C3theHype|i'm hoping for those at this point
|chat|C3theHype|lol
|
|move|p2a: Excadrill|Rock Slide|p1a: Skarmory
|-damage|p1a: Skarmory|178\/334
|move|p1a: Skarmory|Brave Bird|p2a: Excadrill
|-resisted|p2a: Excadrill
|-damage|p2a: Excadrill|200\/362
|-damage|p1a: Skarmory|152\/334|[from] recoil|[of] p2a: Excadrill
|
|turn|34
|chat|C3theHype|once I got a flinch flinch kill with rock slide
|chat|C3theHype|it was great
|
|move|p2a: Excadrill|Earthquake|p1a: Skarmory
|-immune|p1a: Skarmory|[msg]
|move|p1a: Skarmory|Roost|p1a: Skarmory
|-heal|p1a: Skarmory|319\/334
|
|turn|35
|chat|C3theHype|I keep forgetting that you have to use the move before losing flying type XD
|
|switch|p1a: Landorus-Therian|Landorus-Therian, M|320\/320
|-ability|p1a: Landorus-Therian|Intimidate|[of] p2a: Excadrill
|-unboost|p2a: Excadrill|atk|1
|move|p2a: Excadrill|Rock Slide|p1a: Landorus-Therian
|-damage|p1a: Landorus-Therian|251\/320
|
|turn|36
|
|move|p1a: Landorus-Therian|Earthquake|p2a: Excadrill
|-supereffective|p2a: Excadrill
|-damage|p2a: Excadrill|0 fnt
|faint|p2a: Excadrill
|
|
|switch|p2a: Blastoise|Blastoise-Mega, M|101\/362 tox
|turn|37
|
|move|p1a: Landorus-Therian|Earthquake|p2a: Blastoise
|-crit|p2a: Blastoise
|-damage|p2a: Blastoise|0 fnt
|faint|p2a: Blastoise
|
|chat|Mouzourides|I'm scarfed btw
|chat|C3theHype|crit totally mattered lol
|chat|C3theHype|gg
|
|switch|p2a: Garchomp|Garchomp, M|277\/358 tox
|turn|38
|
|move|p2a: Garchomp|Dragon Claw|p1a: Landorus-Therian
|-damage|p1a: Landorus-Therian|88\/320
|move|p1a: Landorus-Therian|Earthquake|p2a: Garchomp
|-damage|p2a: Garchomp|85\/358 tox
|
|-damage|p2a: Garchomp|63\/358 tox|[from] psn
|turn|39
|chat|Mouzourides|ooh so are you
|chat|C3theHype|ima record this and put it on my channel
|
|switch|p1a: Skarmory|Skarmory, F|319\/334
|move|p2a: Garchomp|Dragon Claw|p1a: Skarmory
|-resisted|p1a: Skarmory
|-damage|p1a: Skarmory|277\/334
|-damage|p2a: Garchomp|4\/358 tox|[from] item: Rocky Helmet|[of] p1a: Skarmory
|
|-damage|p2a: Garchomp|0 fnt|[from] psn
|faint|p2a: Garchomp
|
|win|Mouzourides
|chat|C3theHype|if you don't mind
|chat|Mouzourides|you have a channel? awesome :)
|chat|C3theHype|yea lol
|chat|Mouzourides|nah I don't mind
|chat|C3theHype|same as skype\/showdown currently
|chat|C3theHype|okay, i'll go ahead and do that :)
|chat|Mouzourides|I shall look for it :)
|chat|C3theHype|okay :)