|join|Asutin
|join|Mouzourides
|player|p1|Asutin|170
|player|p2|Mouzourides|290
|gametype|singles
|gen|6
|tier|OU
|rated
|clearpoke
|poke|p1|Tyranitar, M
|poke|p1|Talonflame, F
|poke|p1|Greninja, F
|poke|p1|Excadrill, F
|poke|p1|Dragonite, F
|poke|p1|Venusaur, M
|poke|p2|Thundurus, M
|poke|p2|Landorus, M
|poke|p2|Azumarill, M
|poke|p2|Latias, F
|poke|p2|Charizard, M
|poke|p2|Excadrill, F
|rule|Swagger Clause: Swagger is banned
|rule|Baton Pass Clause: Limit one PokÃ©mon knowing Baton Pass
|rule|Sleep Clause Mod: Limit one foe put to sleep
|rule|Species Clause: Limit one of each PokÃ©mon
|rule|OHKO Clause: OHKO moves are banned
|rule|Moody Clause: Moody is banned
|rule|Evasion Moves Clause: Evasion moves are banned
|rule|Endless Battle Clause: Forcing endless battles is banned
|rule|HP Percentage Mod: HP is reported as percentages
|teampreview
|
|start
|switch|p1a: Tyranitar|Tyranitar, M|365\/365
|switch|p2a: Thundurus|Thundurus, M|300\/300
|-weather|Sandstorm
|turn|1
|
|move|p2a: Thundurus|Focus Blast|p1a: Tyranitar|[miss]
|-miss|p2a: Thundurus|p1a: Tyranitar
|move|p1a: Tyranitar|Stone Edge|p2a: Thundurus|[miss]
|-miss|p1a: Tyranitar|p2a: Thundurus
|
|-weather|Sandstorm|[upkeep]
|-damage|p2a: Thundurus|282\/300|[from] sandstorm
|turn|2
|
|switch|p2a: Azumarill|Azumarill, M|404\/404
|switch|p1a: Venusaur|Venusaur, M|305\/305
|
|-weather|Sandstorm|[upkeep]
|-damage|p1a: Venusaur|286\/305|[from] sandstorm
|-damage|p2a: Azumarill|379\/404|[from] sandstorm
|turn|3
|
|switch|p2a: Latias|Latias, F|302\/302
|detailschange|p1a: Venusaur|Venusaur-Mega, M
|message|Venusaur has Mega Evolved into Mega Venusaur!
|move|p1a: Venusaur|Sludge Bomb|p2a: Latias
|-damage|p2a: Latias|161\/302
|-status|p2a: Latias|psn
|
|-weather|Sandstorm|[upkeep]
|-damage|p2a: Latias|143\/302 psn|[from] sandstorm
|-damage|p1a: Venusaur|267\/305|[from] sandstorm
|-damage|p2a: Latias|106\/302 psn|[from] psn
|turn|4
|
|switch|p2a: Landorus|Landorus, M|320\/320
|switch|p1a: Tyranitar|Tyranitar, M|365\/365
|
|-weather|Sandstorm|[upkeep]
|turn|5
|
|switch|p1a: Venusaur|Venusaur-Mega, M|267\/305
|move|p2a: Landorus|Stealth Rock|p1a: Venusaur
|-sidestart|p1: Asutin|move: Stealth Rock
|
|-weather|Sandstorm|[upkeep]
|-damage|p1a: Venusaur|248\/305|[from] sandstorm
|turn|6
|
|switch|p1a: Greninja|Greninja, F|286\/286
|-damage|p1a: Greninja|251\/286|[from] Stealth Rock
|move|p2a: Landorus|Psychic|p1a: Greninja
|-immune|p1a: Greninja|[msg]
|
|-weather|Sandstorm|[upkeep]
|-damage|p1a: Greninja|234\/286|[from] sandstorm
|turn|7
|
|switch|p2a: Azumarill|Azumarill, M|379\/404
|move|p1a: Greninja|Ice Beam|p2a: Azumarill
|-start|p1a: Greninja|typechange|Ice|[from] Protean
|-resisted|p2a: Azumarill
|-damage|p2a: Azumarill|305\/404
|-damage|p1a: Greninja|206\/286|[from] item: Life Orb
|
|-weather|Sandstorm|[upkeep]
|-damage|p1a: Greninja|189\/286|[from] sandstorm
|-damage|p2a: Azumarill|280\/404|[from] sandstorm
|turn|8
|
|move|p1a: Greninja|Extrasensory|p2a: Azumarill
|-start|p1a: Greninja|typechange|Psychic|[from] Protean
|-damage|p2a: Azumarill|162\/404
|-damage|p1a: Greninja|161\/286|[from] item: Life Orb
|move|p2a: Azumarill|Play Rough|p1a: Greninja
|-damage|p1a: Greninja|0 fnt
|faint|p1a: Greninja
|
|-weather|none
|
|switch|p1a: Tyranitar|Tyranitar, M|365\/365
|-damage|p1a: Tyranitar|320\/365|[from] Stealth Rock
|-weather|Sandstorm
|turn|9
|
|move|p1a: Tyranitar|Stealth Rock|p2a: Azumarill
|-sidestart|p2: Mouzourides|move: Stealth Rock
|move|p2a: Azumarill|Waterfall|p1a: Tyranitar
|-supereffective|p1a: Tyranitar
|-damage|p1a: Tyranitar|2\/365
|
|-weather|Sandstorm|[upkeep]
|-damage|p2a: Azumarill|137\/404|[from] sandstorm
|turn|10
|
|move|p2a: Azumarill|Aqua Jet|p1a: Tyranitar
|-supereffective|p1a: Tyranitar
|-damage|p1a: Tyranitar|0 fnt
|faint|p1a: Tyranitar
|
|-weather|Sandstorm|[upkeep]
|-damage|p2a: Azumarill|112\/404|[from] sandstorm
|
|switch|p1a: Venusaur|Venusaur-Mega, M|248\/305
|-damage|p1a: Venusaur|210\/305|[from] Stealth Rock
|turn|11
|
|switch|p2a: Excadrill|Excadrill, F|362\/362
|-damage|p2a: Excadrill|351\/362|[from] Stealth Rock
|-ability|p2a: Excadrill|Mold Breaker
|move|p1a: Venusaur|Giga Drain|p2a: Excadrill
|-damage|p2a: Excadrill|138\/362
|-heal|p1a: Venusaur|305\/305|[from] drain|[of] p2a: Excadrill
|
|-weather|Sandstorm|[upkeep]
|-damage|p1a: Venusaur|286\/305|[from] sandstorm
|turn|12
|
|move|p2a: Excadrill|Earthquake|p1a: Venusaur
|-damage|p1a: Venusaur|115\/305
|move|p1a: Venusaur|Giga Drain|p2a: Excadrill
|-damage|p2a: Excadrill|0 fnt
|-heal|p1a: Venusaur|184\/305|[from] drain|[of] p2a: Excadrill
|faint|p2a: Excadrill
|
|-weather|Sandstorm|[upkeep]
|-damage|p1a: Venusaur|165\/305|[from] sandstorm
|
|switch|p2a: Latias|Latias, F|106\/302 psn
|-damage|p2a: Latias|69\/302 psn|[from] Stealth Rock
|turn|13
|
|move|p2a: Latias|Healing Wish|p2a: Latias
|faint|p2a: Latias
|move|p1a: Venusaur|Sludge Bomb|p2: Latias|[notarget]
|-notarget
|
|-weather|Sandstorm|[upkeep]
|-damage|p1a: Venusaur|146\/305|[from] sandstorm
|
|switch|p2a: Azumarill|Azumarill, M|112\/404
|-heal|p2a: Azumarill|404\/404|[from] move: Healing Wish
|-damage|p2a: Azumarill|354\/404|[from] Stealth Rock
|turn|14
|
|switch|p2a: Thundurus|Thundurus, M|282\/300
|-damage|p2a: Thundurus|207\/300|[from] Stealth Rock
|move|p1a: Venusaur|Sludge Bomb|p2a: Thundurus
|-damage|p2a: Thundurus|20\/300
|
|-weather|Sandstorm|[upkeep]
|-damage|p2a: Thundurus|2\/300|[from] sandstorm
|-damage|p1a: Venusaur|127\/305|[from] sandstorm
|turn|15
|
|move|p2a: Thundurus|Thunderbolt|p1a: Venusaur
|-resisted|p1a: Venusaur
|-damage|p1a: Venusaur|37\/305
|-damage|p2a: Thundurus|0 fnt|[from] item: Life Orb
|faint|p2a: Thundurus
|move|p1a: Venusaur|Synthesis|p1a: Venusaur
|-heal|p1a: Venusaur|113\/305
|
|-weather|Sandstorm|[upkeep]
|-damage|p1a: Venusaur|94\/305|[from] sandstorm
|
|switch|p2a: Landorus|Landorus, M|320\/320
|-damage|p2a: Landorus|280\/320|[from] Stealth Rock
|turn|16
|
|move|p2a: Landorus|Psychic|p1a: Venusaur
|-supereffective|p1a: Venusaur
|-damage|p1a: Venusaur|0 fnt
|faint|p1a: Venusaur
|
|-weather|none
|
|switch|p1a: Dragonite|Dragonite, F|323\/323
|-damage|p1a: Dragonite|243\/323|[from] Stealth Rock
|turn|17
|
|move|p1a: Dragonite|Extreme Speed|p2a: Landorus
|-damage|p2a: Landorus|117\/320
|move|p2a: Landorus|Psychic|p1a: Dragonite
|-damage|p1a: Dragonite|79\/323
|
|turn|18
|
|move|p1a: Dragonite|Extreme Speed|p2a: Landorus
|-damage|p2a: Landorus|0 fnt
|faint|p2a: Landorus
|
|
|switch|p2a: Charizard|Charizard, M|297\/297
|-damage|p2a: Charizard|149\/297|[from] Stealth Rock
|turn|19
|
|detailschange|p2a: Charizard|Charizard-Mega-X, M
|message|Charizard has Mega Evolved into Mega Charizard!
|move|p1a: Dragonite|Extreme Speed|p2a: Charizard
|-damage|p2a: Charizard|0 fnt
|faint|p2a: Charizard
|
|
|switch|p2a: Azumarill|Azumarill, M|354\/404
|-damage|p2a: Azumarill|304\/404|[from] Stealth Rock
|turn|20
|chat|Asutin|gg m8
|
|move|p1a: Dragonite|Extreme Speed|p2a: Azumarill
|-crit|p2a: Azumarill
|-damage|p2a: Azumarill|20\/404
|move|p2a: Azumarill|Play Rough|p1a: Dragonite
|-supereffective|p1a: Dragonite
|-damage|p1a: Dragonite|0 fnt
|faint|p1a: Dragonite
|
|chat|Mouzourides|gg
|chat|Asutin|that was actually a really really good match
|
|switch|p1a: Talonflame|Talonflame, F|297\/297
|-damage|p1a: Talonflame|149\/297|[from] Stealth Rock
|turn|21
|
|move|p1a: Talonflame|Brave Bird|p2a: Azumarill
|-crit|p2a: Azumarill
|-damage|p2a: Azumarill|0 fnt
|-damage|p1a: Talonflame|142\/297|[from] recoil|[of] p2a: Azumarill
|faint|p2a: Azumarill
|
|win|Asutin
|raw|Ladder updating...
|raw|Asutin's rating: 1647 &rarr; <strong>1666<\/strong><br \/>(+19 for winning)
|raw|Mouzourides's rating: 1630 &rarr; <strong>1611<\/strong><br \/>(-19 for losing)
|chat|Asutin|:]
|chat|Mouzourides|yeah gg :)
|leave|Mouzourides
|player|p2