|join|chrjstheshadow
|join|Mouzourides
|player|p1|chrjstheshadow|101
|player|p2|Mouzourides|290
|gametype|singles
|gen|6
|tier|OU (suspect test)
|rated
|clearpoke
|poke|p1|Ferrothorn, M
|poke|p1|Slowking, M
|poke|p1|Ampharos, M
|poke|p1|Chandelure, M
|poke|p1|Umbreon, M
|poke|p1|Clefable, M
|poke|p2|Altaria, F
|poke|p2|Magnezone
|poke|p2|Keldeo
|poke|p2|Latias, F
|poke|p2|Terrakion
|poke|p2|Landorus-Therian, M
|rule|Swagger Clause: Swagger is banned
|rule|Baton Pass Clause: Limit one PokÃ©mon knowing Baton Pass
|rule|Sleep Clause Mod: Limit one foe put to sleep
|rule|Species Clause: Limit one of each PokÃ©mon
|rule|OHKO Clause: OHKO moves are banned
|rule|Moody Clause: Moody is banned
|rule|Evasion Moves Clause: Evasion moves are banned
|rule|Endless Battle Clause: Forcing endless battles is banned
|rule|HP Percentage Mod: HP is shown in percentages
|teampreview
|
|start
|switch|p1a: Slowking|Slowking, M|394\/394
|switch|p2a: Magnezone|Magnezone|282\/282
|turn|1
|
|switch|p1a: Ampharos|Ampharos, M|383\/383
|move|p2a: Magnezone|Volt Switch|p1a: Ampharos
|-resisted|p1a: Ampharos
|-damage|p1a: Ampharos|321\/383
|
|switch|p2a: Landorus-Therian|Landorus-Therian, M|320\/320
|-ability|p2a: Landorus-Therian|Intimidate|[of] p1a: Ampharos
|-unboost|p1a: Ampharos|atk|1
|
|turn|2
|
|detailschange|p1a: Ampharos|Ampharos-Mega, M
|-mega|p1a: Ampharos|Ampharos|Ampharosite
|-ability|p1a: Ampharos|Mold Breaker
|move|p2a: Landorus-Therian|U-turn|p1a: Ampharos
|-damage|p1a: Ampharos|230\/383
|
|switch|p2a: Magnezone|Magnezone|282\/282
|move|p1a: Ampharos|Dragon Pulse|p2a: Magnezone
|-resisted|p2a: Magnezone
|-damage|p2a: Magnezone|166\/282
|
|turn|3
|
|switch|p2a: Latias|Latias, F|319\/319
|move|p1a: Ampharos|Dragon Pulse|p2a: Latias
|-supereffective|p2a: Latias
|-damage|p2a: Latias|1\/319
|
|turn|4
|
|switch|p1a: Clefable|Clefable, M|393\/393
|move|p2a: Latias|Roost|p2a: Latias
|-heal|p2a: Latias|161\/319
|
|turn|5
|
|switch|p2a: Magnezone|Magnezone|166\/282
|move|p1a: Clefable|Moonblast|p2a: Magnezone
|-resisted|p2a: Magnezone
|-damage|p2a: Magnezone|88\/282
|
|turn|6
|
|switch|p1a: Slowking|Slowking, M|394\/394
|move|p2a: Magnezone|Flash Cannon|p1a: Slowking
|-resisted|p1a: Slowking
|-damage|p1a: Slowking|342\/394
|
|-heal|p1a: Slowking|366\/394|[from] item: Leftovers
|turn|7
|
|switch|p2a: Latias|Latias, F|161\/319
|switch|p1a: Ampharos|Ampharos-Mega, M|230\/383
|-ability|p1a: Ampharos|Mold Breaker
|
|turn|8
|
|move|p2a: Latias|Draco Meteor|p1a: Ampharos
|-supereffective|p1a: Ampharos
|-damage|p1a: Ampharos|0 fnt
|-unboost|p2a: Latias|spa|2
|-damage|p2a: Latias|130\/319|[from] item: Life Orb
|faint|p1a: Ampharos
|
|
|switch|p1a: Chandelure|Chandelure, M|324\/324
|turn|9
|
|move|p2a: Latias|Draco Meteor|p1a: Chandelure
|-damage|p1a: Chandelure|175\/324
|-unboost|p2a: Latias|spa|2
|-damage|p2a: Latias|99\/319|[from] item: Life Orb
|move|p1a: Chandelure|Trick Room|p1a: Chandelure
|-fieldstart|move: Trick Room|[of] p1a: Chandelure
|
|turn|10
|
|move|p1a: Chandelure|Shadow Ball|p2a: Latias
|-supereffective|p2a: Latias
|-damage|p2a: Latias|0 fnt
|faint|p2a: Latias
|
|
|switch|p2a: Keldeo|Keldeo|323\/323
|turn|11
|
|move|p1a: Chandelure|Shadow Ball|p2a: Keldeo
|-damage|p2a: Keldeo|122\/323
|move|p2a: Keldeo|Hydro Pump|p1a: Chandelure|[miss]
|-miss|p2a: Keldeo|p1a: Chandelure
|
|turn|12
|
|switch|p2a: Altaria|Altaria, F|354\/354
|move|p1a: Chandelure|Shadow Ball|p2a: Altaria
|-damage|p2a: Altaria|222\/354
|
|turn|13
|
|detailschange|p2a: Altaria|Altaria-Mega, F
|-mega|p2a: Altaria|Altaria|Altarianite
|move|p1a: Chandelure|Shadow Ball|p2a: Altaria
|-damage|p2a: Altaria|78\/354
|move|p2a: Altaria|Frustration|p1a: Chandelure
|-resisted|p1a: Chandelure
|-damage|p1a: Chandelure|76\/324
|
|-fieldend|move: Trick Room
|turn|14
|
|move|p2a: Altaria|Roost|p2a: Altaria
|-heal|p2a: Altaria|255\/354
|move|p1a: Chandelure|Shadow Ball|p2a: Altaria
|-damage|p2a: Altaria|117\/354
|
|turn|15
|
|move|p2a: Altaria|Frustration|p1a: Chandelure
|-resisted|p1a: Chandelure
|-damage|p1a: Chandelure|0 fnt
|faint|p1a: Chandelure
|
|
|switch|p1a: Slowking|Slowking, M|394\/394
|turn|16
|
|move|p2a: Altaria|Roost|p2a: Altaria
|-heal|p2a: Altaria|294\/354
|move|p1a: Slowking|Trick Room|p1a: Slowking
|-fieldstart|move: Trick Room|[of] p1a: Slowking
|
|turn|17
|
|move|p1a: Slowking|Nasty Plot|p1a: Slowking
|-boost|p1a: Slowking|spa|2
|move|p2a: Altaria|Dragon Dance|p2a: Altaria
|-boost|p2a: Altaria|atk|1
|-boost|p2a: Altaria|spe|1
|
|turn|18
|
|move|p1a: Slowking|Nasty Plot|p1a: Slowking
|-boost|p1a: Slowking|spa|2
|move|p2a: Altaria|Frustration|p1a: Slowking
|-damage|p1a: Slowking|75\/394
|
|-heal|p1a: Slowking|99\/394|[from] item: Leftovers
|turn|19
|
|switch|p2a: Landorus-Therian|Landorus-Therian, M|320\/320
|-ability|p2a: Landorus-Therian|Intimidate|[of] p1a: Slowking
|-unboost|p1a: Slowking|atk|1
|move|p1a: Slowking|Psyshock|p2a: Landorus-Therian
|-damage|p2a: Landorus-Therian|10\/320
|
|-heal|p1a: Slowking|123\/394|[from] item: Leftovers
|turn|20
|
|move|p1a: Slowking|Psyshock|p2a: Landorus-Therian
|-damage|p2a: Landorus-Therian|0 fnt
|faint|p2a: Landorus-Therian
|
|-heal|p1a: Slowking|147\/394|[from] item: Leftovers
|-fieldend|move: Trick Room
|
|switch|p2a: Terrakion|Terrakion|323\/323
|turn|21
|
|move|p2a: Terrakion|Stone Edge|p1a: Slowking|[miss]
|-miss|p2a: Terrakion|p1a: Slowking
|move|p1a: Slowking|Scald|p2a: Terrakion
|-supereffective|p2a: Terrakion
|-enditem|p2a: Terrakion|Focus Sash
|-damage|p2a: Terrakion|1\/323
|-status|p2a: Terrakion|brn
|
|-heal|p1a: Slowking|171\/394|[from] item: Leftovers
|-damage|p2a: Terrakion|0 fnt|[from] brn
|faint|p2a: Terrakion
|
|switch|p2a: Magnezone|Magnezone|88\/282
|turn|22
|
|switch|p1a: Umbreon|Umbreon, M|394\/394
|move|p2a: Magnezone|Volt Switch|p1a: Umbreon
|-damage|p1a: Umbreon|322\/394
|
|switch|p2a: Keldeo|Keldeo|122\/323
|
|-heal|p1a: Umbreon|346\/394|[from] item: Leftovers
|turn|23
|
|switch|p1a: Slowking|Slowking, M|302\/394
|move|p2a: Keldeo|Secret Sword|p1a: Slowking
|-resisted|p1a: Slowking
|-damage|p1a: Slowking|215\/394
|
|-heal|p1a: Slowking|239\/394|[from] item: Leftovers
|turn|24
|
|switch|p2a: Altaria|Altaria-Mega, F|294\/354
|move|p1a: Slowking|Trick Room|p1a: Slowking
|-fieldstart|move: Trick Room|[of] p1a: Slowking
|
|-heal|p1a: Slowking|263\/394|[from] item: Leftovers
|turn|25
|
|move|p1a: Slowking|Nasty Plot|p1a: Slowking
|-boost|p1a: Slowking|spa|2
|move|p2a: Altaria|Frustration|p1a: Slowking
|-damage|p1a: Slowking|61\/394
|
|-heal|p1a: Slowking|85\/394|[from] item: Leftovers
|turn|26
|
|move|p1a: Slowking|Psyshock|p2a: Altaria
|-damage|p2a: Altaria|138\/354
|move|p2a: Altaria|Frustration|p1a: Slowking
|-damage|p1a: Slowking|0 fnt
|faint|p1a: Slowking
|
|
|switch|p1a: Clefable|Clefable, M|393\/393
|turn|27
|
|move|p1a: Clefable|Moonblast|p2a: Altaria
|-supereffective|p2a: Altaria
|-damage|p2a: Altaria|0 fnt
|faint|p2a: Altaria
|
|
|switch|p2a: Magnezone|Magnezone|88\/282
|turn|28
|
|switch|p2a: Keldeo|Keldeo|122\/323
|move|p1a: Clefable|Moonblast|p2a: Keldeo
|-supereffective|p2a: Keldeo
|-damage|p2a: Keldeo|0 fnt
|faint|p2a: Keldeo
|
|-fieldend|move: Trick Room
|c|âMouzourides|I don't understand a single play you mad
|c|âMouzourides|*made
|c|âchrjstheshadow|what do you mean?
|-message|Mouzourides lost due to inactivity.
|
|win|chrjstheshadow
|raw|Ladder updating...
|raw|chrjstheshadow's rating: 1120 &rarr; <strong>1149<\/strong><br \/>(+29 for winning)
|raw|Mouzourides's rating: 1180 &rarr; <strong>1151<\/strong><br \/>(-29 for losing)
|c|âMouzourides|I would have easily won this if I hadn't missed my stone edge and then get burnt with terrakion
|c|âchrjstheshadow|if you say so
|c|âMouzourides|and your plays really confused me
|c|âMouzourides|why moonblast then?
|c|âMouzourides|why switch a slowking into a magnezone?
|c|âchrjstheshadow|to get the spatk drop on magnezone
|c|âMouzourides|why stay in with ampharos against a latias?
|c|âMouzourides|why dragon pulse a magnezone
|c|âchrjstheshadow|because i figured you'd expect me not to stay in
|c|âchrjstheshadow|and the d-pulse was for when you switched out with the magnezone
|c|âchrjstheshadow|since focus blast was the logical atack
|c|âMouzourides|I sound like a spoilt brat ;)
|c|âMouzourides|but I should have won
|c|âchrjstheshadow|okay. gg though
|c|âMouzourides|gg
|c|âMouzourides|oh
|c|âMouzourides|btw