|join|Bashslash
|join|Mouzourides
|player|p1|Bashslash|126
|player|p2|Mouzourides|290
|gametype|singles
|gen|6
|tier|OU (suspect test)
|rated
|clearpoke
|poke|p1|Lopunny, F, shiny
|poke|p1|Talonflame, M
|poke|p1|Landorus-Therian, M, shiny
|poke|p1|Empoleon, M
|poke|p1|Latios, M, shiny
|poke|p1|Rotom-Wash
|poke|p2|Sceptile, F
|poke|p2|Heatran, F
|poke|p2|Ferrothorn, M
|poke|p2|Latios, M
|poke|p2|Landorus-Therian, M
|poke|p2|Azumarill, M
|rule|Swagger Clause: Swagger is banned
|rule|Baton Pass Clause: Limit one PokÃ©mon knowing Baton Pass
|rule|Sleep Clause Mod: Limit one foe put to sleep
|rule|Species Clause: Limit one of each PokÃ©mon
|rule|OHKO Clause: OHKO moves are banned
|rule|Moody Clause: Moody is banned
|rule|Evasion Moves Clause: Evasion moves are banned
|rule|Endless Battle Clause: Forcing endless battles is banned
|rule|HP Percentage Mod: HP is shown in percentages
|teampreview
|
|start
|switch|p1a: BunnyHop|Lopunny, F, shiny|271\/271
|switch|p2a: Ferrothorn|Ferrothorn, M|352\/352
|turn|1
|
|switch|p2a: Landorus-Therian|Landorus-Therian, M|320\/320
|-ability|p2a: Landorus-Therian|Intimidate|[of] p1a: BunnyHop
|-unboost|p1a: BunnyHop|atk|1
|detailschange|p1a: BunnyHop|Lopunny-Mega, F, shiny
|-mega|p1a: BunnyHop|Lopunny|Lopunnite
|move|p1a: BunnyHop|High Jump Kick|p2a: Landorus-Therian
|-resisted|p2a: Landorus-Therian
|-damage|p2a: Landorus-Therian|226\/320
|
|turn|2
|
|switch|p1a: Stomp|Landorus-Therian, M, shiny|381\/381
|-ability|p1a: Stomp|Intimidate|[of] p2a: Landorus-Therian
|-unboost|p2a: Landorus-Therian|atk|1
|move|p2a: Landorus-Therian|U-turn|p1a: Stomp
|-resisted|p1a: Stomp
|-damage|p1a: Stomp|360\/381
|
|switch|p2a: Azumarill|Azumarill, M|399\/399
|
|-heal|p1a: Stomp|381\/381|[from] item: Leftovers
|turn|3
|
|switch|p1a: Rotom-Wash|Rotom-Wash|297\/297
|move|p2a: Azumarill|Waterfall|p1a: Rotom-Wash
|-resisted|p1a: Rotom-Wash
|-damage|p1a: Rotom-Wash|227\/297
|
|turn|4
|
|switch|p2a: Latios|Latios, M|301\/301
|move|p1a: Rotom-Wash|Volt Switch|p2a: Latios
|-resisted|p2a: Latios
|-damage|p2a: Latios|262\/301
|
|switch|p1a: Neon Light|Latios, M, shiny|301\/301
|
|turn|5
|
|switch|p2a: Heatran|Heatran, F|376\/376
|move|p1a: Neon Light|Draco Meteor|p2a: Heatran|[miss]
|-miss|p1a: Neon Light|p2a: Heatran
|
|turn|6
|
|switch|p1a: BunnyHop|Lopunny-Mega, F, shiny|271\/271
|move|p2a: Heatran|Toxic|p1a: BunnyHop
|-status|p1a: BunnyHop|tox
|
|-damage|p1a: BunnyHop|255\/271 tox|[from] psn
|turn|7
|
|switch|p2a: Landorus-Therian|Landorus-Therian, M|226\/320
|-ability|p2a: Landorus-Therian|Intimidate|[of] p1a: BunnyHop
|-unboost|p1a: BunnyHop|atk|1
|move|p1a: BunnyHop|High Jump Kick|p2a: Landorus-Therian
|-resisted|p2a: Landorus-Therian
|-damage|p2a: Landorus-Therian|135\/320
|
|-damage|p1a: BunnyHop|223\/271 tox|[from] psn
|turn|8
|
|switch|p2a: Ferrothorn|Ferrothorn, M|352\/352
|switch|p1a: Stomp|Landorus-Therian, M, shiny|381\/381
|-ability|p1a: Stomp|Intimidate|[of] p2a: Ferrothorn
|-unboost|p2a: Ferrothorn|atk|1
|
|turn|9
|
|move|p1a: Stomp|U-turn|p2a: Ferrothorn
|-damage|p2a: Ferrothorn|298\/352
|-damage|p1a: Stomp|334\/381|[from] ability: Iron Barbs|[of] p2a: Ferrothorn
|
|switch|p1a: BunnyHop|Lopunny-Mega, F, shiny|223\/271 tox
|move|p2a: Ferrothorn|Stealth Rock|p1a: BunnyHop
|-sidestart|p1: Bashslash|move: Stealth Rock
|
|-heal|p2a: Ferrothorn|320\/352|[from] item: Leftovers
|-damage|p1a: BunnyHop|207\/271 tox|[from] psn
|turn|10
|
|switch|p2a: Azumarill|Azumarill, M|399\/399
|move|p1a: BunnyHop|High Jump Kick|p2a: Azumarill
|-resisted|p2a: Azumarill
|-damage|p2a: Azumarill|264\/399
|
|-damage|p1a: BunnyHop|175\/271 tox|[from] psn
|turn|11
|
|switch|p2a: Ferrothorn|Ferrothorn, M|320\/352
|move|p1a: BunnyHop|Return|p2a: Ferrothorn
|-resisted|p2a: Ferrothorn
|-damage|p2a: Ferrothorn|253\/352
|-damage|p1a: BunnyHop|142\/271 tox|[from] ability: Iron Barbs|[of] p2a: Ferrothorn
|
|-heal|p2a: Ferrothorn|275\/352|[from] item: Leftovers
|-damage|p1a: BunnyHop|94\/271 tox|[from] psn
|turn|12
|
|switch|p2a: Heatran|Heatran, F|376\/376
|move|p1a: BunnyHop|High Jump Kick|p2a: Heatran
|-supereffective|p2a: Heatran
|-damage|p2a: Heatran|0 fnt
|faint|p2a: Heatran
|
|-damage|p1a: BunnyHop|30\/271 tox|[from] psn
|
|switch|p2a: Sceptile|Sceptile, F|281\/281
|turn|13
|
|switch|p2a: Azumarill|Azumarill, M|264\/399
|move|p1a: BunnyHop|Ice Punch|p2a: Azumarill
|-resisted|p2a: Azumarill
|-damage|p2a: Azumarill|209\/399
|
|-damage|p1a: BunnyHop|0 fnt|[from] psn
|faint|p1a: BunnyHop
|
|switch|p1a: Neon Light|Latios, M, shiny|301\/301
|-damage|p1a: Neon Light|264\/301|[from] Stealth Rock
|turn|14
|
|move|p1a: Neon Light|Trick|p2a: Azumarill
|-activate|p1a: Neon Light|move: Trick|[of] p2a: Azumarill
|-item|p2a: Azumarill|Choice Scarf|[from] move: Trick
|-item|p1a: Neon Light|Assault Vest|[from] move: Trick
|move|p2a: Azumarill|Play Rough|p1a: Neon Light|[miss]
|-miss|p2a: Azumarill|p1a: Neon Light
|
|turn|15
|
|switch|p1a: Prey|Talonflame, M|317\/317
|-damage|p1a: Prey|159\/317|[from] Stealth Rock
|move|p2a: Azumarill|Play Rough|p1a: Prey
|-resisted|p1a: Prey
|-damage|p1a: Prey|32\/317
|
|turn|16
|
|move|p1a: Prey|Roost|p1a: Prey
|-heal|p1a: Prey|191\/317
|move|p2a: Azumarill|Play Rough|p1a: Prey
|-resisted|p1a: Prey
|-damage|p1a: Prey|60\/317
|
|turn|17
|
|move|p1a: Prey|Roost|p1a: Prey
|-heal|p1a: Prey|219\/317
|move|p2a: Azumarill|Play Rough|p1a: Prey
|-resisted|p1a: Prey
|-damage|p1a: Prey|96\/317
|
|turn|18
|
|move|p1a: Prey|Roost|p1a: Prey
|-heal|p1a: Prey|255\/317
|move|p2a: Azumarill|Play Rough|p1a: Prey|[miss]
|-miss|p2a: Azumarill|p1a: Prey
|
|turn|19
|
|switch|p2a: Ferrothorn|Ferrothorn, M|275\/352
|move|p1a: Prey|Swords Dance|p1a: Prey
|-boost|p1a: Prey|atk|2
|
|-heal|p2a: Ferrothorn|297\/352|[from] item: Leftovers
|turn|20
|
|switch|p2a: Latios|Latios, M|262\/301
|move|p1a: Prey|Flare Blitz|p2a: Latios
|-resisted|p2a: Latios
|-damage|p2a: Latios|73\/301
|-damage|p1a: Prey|193\/317|[from] recoil|[of] p2a: Latios
|
|turn|21
|
|move|p1a: Prey|Brave Bird|p2a: Latios
|-damage|p2a: Latios|0 fnt
|-damage|p1a: Prey|169\/317|[from] recoil|[of] p2a: Latios
|faint|p2a: Latios
|
|
|switch|p2a: Landorus-Therian|Landorus-Therian, M|135\/320
|-ability|p2a: Landorus-Therian|Intimidate|[of] p1a: Prey
|-unboost|p1a: Prey|atk|1
|turn|22
|
|switch|p2a: Ferrothorn|Ferrothorn, M|297\/352
|move|p1a: Prey|Brave Bird|p2a: Ferrothorn
|-damage|p2a: Ferrothorn|96\/352
|-damage|p1a: Prey|130\/317|[from] ability: Iron Barbs|[of] p2a: Ferrothorn
|-damage|p1a: Prey|64\/317|[from] recoil|[of] p2a: Ferrothorn
|
|-heal|p2a: Ferrothorn|118\/352|[from] item: Leftovers
|turn|23
|
|move|p1a: Prey|Brave Bird|p2a: Ferrothorn
|-damage|p2a: Ferrothorn|0 fnt
|-damage|p1a: Prey|25\/317|[from] ability: Iron Barbs|[of] p2a: Ferrothorn
|-damage|p1a: Prey|0 fnt|[from] recoil|[of] p2a: Ferrothorn
|faint|p2a: Ferrothorn
|faint|p1a: Prey
|
|
|switch|p2a: Sceptile|Sceptile, F|281\/281
|switch|p1a: Neon Light|Latios, M, shiny|264\/301
|-damage|p1a: Neon Light|227\/301|[from] Stealth Rock
|turn|24
|
|detailschange|p2a: Sceptile|Sceptile-Mega, F
|-mega|p2a: Sceptile|Sceptile|Sceptilite
|move|p2a: Sceptile|Substitute|p2a: Sceptile
|-start|p2a: Sceptile|Substitute
|-damage|p2a: Sceptile|211\/281
|move|p1a: Neon Light|Draco Meteor|p2a: Sceptile
|-supereffective|p2a: Sceptile
|-end|p2a: Sceptile|Substitute
|-unboost|p1a: Neon Light|spa|2
|
|turn|25
|
|move|p2a: Sceptile|Dragon Pulse|p1a: Neon Light
|-supereffective|p1a: Neon Light
|-damage|p1a: Neon Light|17\/301
|move|p1a: Neon Light|Draco Meteor|p2a: Sceptile
|-supereffective|p2a: Sceptile
|-damage|p2a: Sceptile|0 fnt
|-unboost|p1a: Neon Light|spa|2
|faint|p2a: Sceptile
|
|c|âMouzourides|do you have hp investment?
|c|âBashslash|no
|c|âBashslash|vest
|
|switch|p2a: Landorus-Therian|Landorus-Therian, M|135\/320
|-ability|p2a: Landorus-Therian|Intimidate|[of] p1a: Neon Light
|-unboost|p1a: Neon Light|atk|1
|turn|26
|c|âBashslash|i tricked vest
|c|âBashslash|remeber
|c|âBashslash|to azumarill
|c|âMouzourides|oh right yeah
|c|âMouzourides|I forgot about thgat
|
|move|p2a: Landorus-Therian|Knock Off|p1a: Neon Light
|-supereffective|p1a: Neon Light
|-damage|p1a: Neon Light|0 fnt
|-enditem|p1a: Neon Light|Assault Vest|[from] move: Knock Off|[of] p2a: Landorus-Therian
|faint|p1a: Neon Light
|
|c|âBashslash|yea
|
|switch|p1a: Rotom-Wash|Rotom-Wash|227\/297
|-damage|p1a: Rotom-Wash|190\/297|[from] Stealth Rock
|turn|27
|
|move|p2a: Landorus-Therian|Knock Off|p1a: Rotom-Wash
|-damage|p1a: Rotom-Wash|81\/297
|-enditem|p1a: Rotom-Wash|Chesto Berry|[from] move: Knock Off|[of] p2a: Landorus-Therian
|move|p1a: Rotom-Wash|Will-O-Wisp|p2a: Landorus-Therian
|-status|p2a: Landorus-Therian|brn
|
|-damage|p2a: Landorus-Therian|95\/320 brn|[from] brn
|turn|28
|
|switch|p1a: Stomp|Landorus-Therian, M, shiny|334\/381
|-damage|p1a: Stomp|287\/381|[from] Stealth Rock
|-ability|p1a: Stomp|Intimidate|[of] p2a: Landorus-Therian
|-unboost|p2a: Landorus-Therian|atk|1
|move|p2a: Landorus-Therian|Knock Off|p1a: Stomp
|-damage|p1a: Stomp|254\/381
|-enditem|p1a: Stomp|Leftovers|[from] move: Knock Off|[of] p2a: Landorus-Therian
|
|-damage|p2a: Landorus-Therian|55\/320 brn|[from] brn
|turn|29
|
|move|p2a: Landorus-Therian|Knock Off|p1a: Stomp
|-damage|p1a: Stomp|233\/381
|move|p1a: Stomp|Stealth Rock|p2a: Landorus-Therian
|-sidestart|p2: Mouzourides|move: Stealth Rock
|
|-damage|p2a: Landorus-Therian|15\/320 brn|[from] brn
|turn|30
|c|âMouzourides|g
|c|âMouzourides|g
|c|âMouzourides|*gg
|c|âBashslash|gg
|-message|Mouzourides forfeited.
|-message|Mouzourides forfeited.
|leave|Mouzourides
|
|win|Bashslash
|raw|Ladder updating...
|raw|Bashslash's rating: 1130 &rarr; <strong>1157<\/strong><br \/>(+27 for winning)
|raw|Mouzourides's rating: 1154 &rarr; <strong>1127<\/strong><br \/>(-27 for losing)
|player|p2