|join|DBU
|join|Mouzourides
|player|p1|DBU|101
|player|p2|Mouzourides|290
|gametype|singles
|gen|6
|tier|OU (suspect test)
|rated
|clearpoke
|poke|p1|Altaria, M
|poke|p1|Excadrill, F
|poke|p1|Rotom-Wash
|poke|p1|Staraptor, F
|poke|p1|Ferrothorn, F
|poke|p1|Conkeldurr, F
|poke|p2|Sceptile, F
|poke|p2|Heatran, M
|poke|p2|Ferrothorn, F
|poke|p2|Latios, M
|poke|p2|Landorus-Therian, M
|poke|p2|Azumarill, F
|rule|Swagger Clause: Swagger is banned
|rule|Baton Pass Clause: Limit one PokÃ©mon knowing Baton Pass
|rule|Sleep Clause Mod: Limit one foe put to sleep
|rule|Species Clause: Limit one of each PokÃ©mon
|rule|OHKO Clause: OHKO moves are banned
|rule|Moody Clause: Moody is banned
|rule|Evasion Moves Clause: Evasion moves are banned
|rule|Endless Battle Clause: Forcing endless battles is banned
|rule|HP Percentage Mod: HP is shown in percentages
|teampreview
|
|start
|switch|p1a: Rotom-Wash|Rotom-Wash|303\/303
|switch|p2a: Ferrothorn|Ferrothorn, F|352\/352
|turn|1
|
|move|p1a: Rotom-Wash|Volt Switch|p2a: Ferrothorn
|-resisted|p2a: Ferrothorn
|-damage|p2a: Ferrothorn|322\/352
|
|switch|p1a: Staraptor|Staraptor, F|311\/311
|-ability|p1a: Staraptor|Intimidate|[of] p2a: Ferrothorn
|-unboost|p2a: Ferrothorn|atk|1
|move|p2a: Ferrothorn|Stealth Rock|p1a: Staraptor
|-sidestart|p1: DBU|move: Stealth Rock
|
|-heal|p2a: Ferrothorn|344\/352|[from] item: Leftovers
|turn|2
|
|switch|p2a: Landorus-Therian|Landorus-Therian, M|320\/320
|-ability|p2a: Landorus-Therian|Intimidate|[of] p1a: Staraptor
|-unboost|p1a: Staraptor|atk|1
|move|p1a: Staraptor|U-turn|p2a: Landorus-Therian
|-resisted|p2a: Landorus-Therian
|-damage|p2a: Landorus-Therian|274\/320
|
|switch|p1a: Rotom-Wash|Rotom-Wash|303\/303
|-damage|p1a: Rotom-Wash|266\/303|[from] Stealth Rock
|
|turn|3
|
|move|p2a: Landorus-Therian|U-turn|p1a: Rotom-Wash
|-crit|p1a: Rotom-Wash
|-damage|p1a: Rotom-Wash|164\/303
|
|switch|p2a: Latios|Latios, M|301\/301
|move|p1a: Rotom-Wash|Volt Switch|p2a: Latios
|-resisted|p2a: Latios
|-damage|p2a: Latios|259\/301
|
|switch|p1a: Excadrill|Excadrill, F|361\/361
|-damage|p1a: Excadrill|350\/361|[from] Stealth Rock
|-ability|p1a: Excadrill|Mold Breaker
|
|turn|4
|
|switch|p2a: Ferrothorn|Ferrothorn, F|344\/352
|move|p1a: Excadrill|Iron Head|p2a: Ferrothorn
|-resisted|p2a: Ferrothorn
|-damage|p2a: Ferrothorn|292\/352
|-damage|p1a: Excadrill|305\/361|[from] ability: Iron Barbs|[of] p2a: Ferrothorn
|
|-heal|p2a: Ferrothorn|314\/352|[from] item: Leftovers
|turn|5
|
|switch|p1a: Ferrothorn|Ferrothorn, F|352\/352
|-damage|p1a: Ferrothorn|330\/352|[from] Stealth Rock
|move|p2a: Ferrothorn|Leech Seed|p1a: Ferrothorn
|-immune|p1a: Ferrothorn|[msg]
|
|-heal|p2a: Ferrothorn|336\/352|[from] item: Leftovers
|-heal|p1a: Ferrothorn|352\/352|[from] item: Leftovers
|turn|6
|
|switch|p2a: Latios|Latios, M|259\/301
|move|p1a: Ferrothorn|Stealth Rock|p2a: Latios
|-sidestart|p2: Mouzourides|move: Stealth Rock
|
|turn|7
|
|move|p2a: Latios|Hidden Power|p1a: Ferrothorn
|-supereffective|p1a: Ferrothorn
|-damage|p1a: Ferrothorn|97\/352
|-damage|p2a: Latios|229\/301|[from] item: Life Orb
|move|p1a: Ferrothorn|Leech Seed|p2a: Latios
|-start|p2a: Latios|move: Leech Seed
|
|-heal|p1a: Ferrothorn|119\/352|[from] item: Leftovers
|-damage|p2a: Latios|192\/301|[from] Leech Seed|[of] p1a: Ferrothorn
|-heal|p1a: Ferrothorn|156\/352|[silent]
|turn|8
|
|switch|p1a: Rotom-Wash|Rotom-Wash|164\/303
|-damage|p1a: Rotom-Wash|127\/303|[from] Stealth Rock
|move|p2a: Latios|Defog|p1a: Rotom-Wash
|-unboost|p1a: Rotom-Wash|evasion|1
|-sideend|p1: DBU|Stealth Rock|[from] move: Defog|[of] p1a: Rotom-Wash
|-sideend|p2: Mouzourides|Stealth Rock|[from] move: Defog|[of] p2a: Latios
|
|-damage|p2a: Latios|155\/301|[from] Leech Seed|[of] p1a: Rotom-Wash
|-heal|p1a: Rotom-Wash|164\/303|[silent]
|turn|9
|
|move|p2a: Latios|Draco Meteor|p1a: Rotom-Wash
|-damage|p1a: Rotom-Wash|0 fnt
|-unboost|p2a: Latios|spa|2
|-damage|p2a: Latios|125\/301|[from] item: Life Orb
|faint|p1a: Rotom-Wash
|
|
|switch|p1a: Staraptor|Staraptor, F|311\/311
|-ability|p1a: Staraptor|Intimidate|[of] p2a: Latios
|-unboost|p2a: Latios|atk|1
|turn|10
|
|switch|p2a: Ferrothorn|Ferrothorn, F|336\/352
|move|p1a: Staraptor|U-turn|p2a: Ferrothorn
|-damage|p2a: Ferrothorn|261\/352
|-damage|p1a: Staraptor|273\/311|[from] ability: Iron Barbs|[of] p2a: Ferrothorn
|
|switch|p1a: Conkeldurr|Conkeldurr, F|381\/381
|
|-heal|p2a: Ferrothorn|283\/352|[from] item: Leftovers
|turn|11
|
|switch|p2a: Azumarill|Azumarill, F|364\/364
|move|p1a: Conkeldurr|Knock Off|p2a: Azumarill
|-resisted|p2a: Azumarill
|-damage|p2a: Azumarill|277\/364
|-enditem|p2a: Azumarill|Sitrus Berry|[from] move: Knock Off|[of] p1a: Conkeldurr
|
|turn|12
|
|switch|p1a: Ferrothorn|Ferrothorn, F|156\/352
|move|p2a: Azumarill|Superpower|p1a: Ferrothorn
|-supereffective|p1a: Ferrothorn
|-damage|p1a: Ferrothorn|0 fnt
|-damage|p2a: Azumarill|232\/364|[from] ability: Iron Barbs|[of] p1a: Ferrothorn
|-unboost|p2a: Azumarill|atk|1
|-unboost|p2a: Azumarill|def|1
|faint|p1a: Ferrothorn
|
|
|switch|p1a: Staraptor|Staraptor, F|273\/311
|-ability|p1a: Staraptor|Intimidate|[of] p2a: Azumarill
|-unboost|p2a: Azumarill|atk|1
|turn|13
|
|switch|p2a: Landorus-Therian|Landorus-Therian, M|274\/320
|-ability|p2a: Landorus-Therian|Intimidate|[of] p1a: Staraptor
|-unboost|p1a: Staraptor|atk|1
|move|p1a: Staraptor|Close Combat|p2a: Landorus-Therian
|-resisted|p2a: Landorus-Therian
|-damage|p2a: Landorus-Therian|206\/320
|-unboost|p1a: Staraptor|def|1
|-unboost|p1a: Staraptor|spd|1
|
|turn|14
|
|switch|p1a: Altaria|Altaria, M|292\/292
|move|p2a: Landorus-Therian|U-turn|p1a: Altaria
|-resisted|p1a: Altaria
|-damage|p1a: Altaria|245\/292
|
|switch|p2a: Azumarill|Azumarill, F|232\/364
|
|turn|15
|
|detailschange|p1a: Altaria|Altaria-Mega, M
|-mega|p1a: Altaria|Altaria|Altarianite
|move|p1a: Altaria|Hyper Voice|p2a: Azumarill
|-damage|p2a: Azumarill|7\/364
|move|p2a: Azumarill|Play Rough|p1a: Altaria
|-supereffective|p1a: Altaria
|-damage|p1a: Altaria|0 fnt
|faint|p1a: Altaria
|
|
|switch|p1a: Conkeldurr|Conkeldurr, F|381\/381
|turn|16
|
|move|p1a: Conkeldurr|Mach Punch|p2a: Azumarill
|-resisted|p2a: Azumarill
|-damage|p2a: Azumarill|0 fnt
|faint|p2a: Azumarill
|
|
|switch|p2a: Latios|Latios, M|125\/301
|turn|17
|
|switch|p1a: Excadrill|Excadrill, F|305\/361
|-ability|p1a: Excadrill|Mold Breaker
|move|p2a: Latios|Psyshock|p1a: Excadrill
|-resisted|p1a: Excadrill
|-damage|p1a: Excadrill|158\/361
|-damage|p2a: Latios|95\/301|[from] item: Life Orb
|
|turn|18
|
|switch|p2a: Ferrothorn|Ferrothorn, F|283\/352
|move|p1a: Excadrill|Rock Slide|p2a: Ferrothorn
|-crit|p2a: Ferrothorn
|-resisted|p2a: Ferrothorn
|-damage|p2a: Ferrothorn|238\/352
|
|-heal|p2a: Ferrothorn|260\/352|[from] item: Leftovers
|turn|19
|
|switch|p1a: Conkeldurr|Conkeldurr, F|381\/381
|move|p2a: Ferrothorn|Leech Seed|p1a: Conkeldurr
|-start|p1a: Conkeldurr|move: Leech Seed
|
|-heal|p2a: Ferrothorn|282\/352|[from] item: Leftovers
|-damage|p1a: Conkeldurr|334\/381|[from] Leech Seed|[of] p2a: Ferrothorn
|-heal|p2a: Ferrothorn|329\/352|[silent]
|turn|20
|
|switch|p2a: Heatran|Heatran, M|376\/376
|move|p1a: Conkeldurr|Knock Off|p2a: Heatran
|-damage|p2a: Heatran|245\/376
|-enditem|p2a: Heatran|Leftovers|[from] move: Knock Off|[of] p1a: Conkeldurr
|
|-damage|p1a: Conkeldurr|287\/381|[from] Leech Seed|[of] p2a: Heatran
|-heal|p2a: Heatran|292\/376|[silent]
|turn|21
|
|switch|p1a: Staraptor|Staraptor, F|273\/311
|-ability|p1a: Staraptor|Intimidate|[of] p2a: Heatran
|-unboost|p2a: Heatran|atk|1
|move|p2a: Heatran|Toxic|p1a: Staraptor
|-status|p1a: Staraptor|tox
|
|-damage|p1a: Staraptor|254\/311 tox|[from] psn
|turn|22
|
|move|p1a: Staraptor|U-turn|p2a: Heatran
|-resisted|p2a: Heatran
|-damage|p2a: Heatran|264\/376
|
|switch|p1a: Conkeldurr|Conkeldurr, F|287\/381
|move|p2a: Heatran|Lava Plume|p1a: Conkeldurr
|-damage|p1a: Conkeldurr|190\/381
|
|turn|23
|
|move|p2a: Heatran|Lava Plume|p1a: Conkeldurr
|-damage|p1a: Conkeldurr|93\/381
|move|p1a: Conkeldurr|Ice Punch|p2a: Heatran
|-resisted|p2a: Heatran
|-damage|p2a: Heatran|239\/376
|
|turn|24
|
|move|p1a: Conkeldurr|Mach Punch|p2a: Heatran
|-supereffective|p2a: Heatran
|-damage|p2a: Heatran|65\/376
|move|p2a: Heatran|Lava Plume|p1a: Conkeldurr
|-damage|p1a: Conkeldurr|2\/381
|-status|p1a: Conkeldurr|brn
|
|-damage|p1a: Conkeldurr|0 fnt|[from] brn
|faint|p1a: Conkeldurr
|c|âDBU|ffs
|
|switch|p1a: Staraptor|Staraptor, F|254\/311 tox
|-ability|p1a: Staraptor|Intimidate|[of] p2a: Heatran
|-unboost|p2a: Heatran|atk|1
|turn|25
|
|move|p1a: Staraptor|Close Combat|p2a: Heatran
|-supereffective|p2a: Heatran
|-damage|p2a: Heatran|0 fnt
|-unboost|p1a: Staraptor|def|1
|-unboost|p1a: Staraptor|spd|1
|faint|p2a: Heatran
|
|-damage|p1a: Staraptor|235\/311 tox|[from] psn
|
|switch|p2a: Landorus-Therian|Landorus-Therian, M|206\/320
|-ability|p2a: Landorus-Therian|Intimidate|[of] p1a: Staraptor
|-unboost|p1a: Staraptor|atk|1
|turn|26
|
|switch|p1a: Excadrill|Excadrill, F|158\/361
|-ability|p1a: Excadrill|Mold Breaker
|move|p2a: Landorus-Therian|Knock Off|p1a: Excadrill
|-damage|p1a: Excadrill|0 fnt
|-enditem|p1a: Excadrill|Choice Scarf|[from] move: Knock Off|[of] p2a: Landorus-Therian
|faint|p1a: Excadrill
|
|c|âDBU|gg
|c|âMouzourides|gg
|
|switch|p1a: Staraptor|Staraptor, F|235\/311 tox
|-ability|p1a: Staraptor|Intimidate|[of] p2a: Landorus-Therian
|-unboost|p2a: Landorus-Therian|atk|1
|turn|27
|
|switch|p2a: Ferrothorn|Ferrothorn, F|329\/352
|move|p1a: Staraptor|Brave Bird|p2a: Ferrothorn
|-damage|p2a: Ferrothorn|121\/352
|-damage|p1a: Staraptor|197\/311 tox|[from] ability: Iron Barbs|[of] p2a: Ferrothorn
|-damage|p1a: Staraptor|128\/311 tox|[from] recoil|[of] p2a: Ferrothorn
|
|-heal|p2a: Ferrothorn|143\/352|[from] item: Leftovers
|-damage|p1a: Staraptor|109\/311 tox|[from] psn
|turn|28
|
|move|p1a: Staraptor|Brave Bird|p2a: Ferrothorn
|-damage|p2a: Ferrothorn|0 fnt
|-damage|p1a: Staraptor|71\/311 tox|[from] ability: Iron Barbs|[of] p2a: Ferrothorn
|-damage|p1a: Staraptor|24\/311 tox|[from] recoil|[of] p2a: Ferrothorn
|faint|p2a: Ferrothorn
|
|-damage|p1a: Staraptor|0 fnt|[from] psn
|faint|p1a: Staraptor
|
|win|Mouzourides
|raw|Ladder updating...
|raw|DBU's rating: 1366 &rarr; <strong>1344<\/strong><br \/>(-22 for losing)
|raw|Mouzourides's rating: 1324 &rarr; <strong>1347<\/strong><br \/>(+23 for winning)
|leave|DBU
|player|p1