|join|andrekdsh
|join|suckerformetal
|player|p1|andrekdsh|101
|player|p2|suckerformetal|262
|gametype|singles
|gen|6
|tier|OU
|rated
|clearpoke
|poke|p1|Breloom, M
|poke|p1|Tyranitar, F
|poke|p1|Gyarados, M
|poke|p1|Skarmory, M
|poke|p1|Rotom-Heat
|poke|p1|Gengar, M
|poke|p2|Gengar, M
|poke|p2|Hydreigon, F
|poke|p2|Excadrill, M
|poke|p2|Mawile, M
|poke|p2|Greninja, F
|poke|p2|Donphan, F
|rule|Swagger Clause: Swagger is banned
|rule|Baton Pass Clause: Limit one PokÃ©mon knowing Baton Pass
|rule|Sleep Clause Mod: Limit one foe put to sleep
|rule|Species Clause: Limit one of each PokÃ©mon
|rule|OHKO Clause: OHKO moves are banned
|rule|Moody Clause: Moody is banned
|rule|Evasion Moves Clause: Evasion moves are banned
|rule|Endless Battle Clause: Forcing endless battles is banned
|rule|HP Percentage Mod: HP is reported as percentages
|teampreview
|
|start
|switch|p1a: Breloom|Breloom, M|262\/262
|switch|p2a: Mawile|Mawile, M|300\/300
|-ability|p2a: Mawile|Intimidate|[of] p1a: Breloom
|-unboost|p1a: Breloom|atk|1
|turn|1
|
|switch|p2a: Excadrill|Excadrill, M|362\/362
|-ability|p2a: Excadrill|Mold Breaker
|move|p1a: Breloom|Spore|p2a: Excadrill
|-status|p2a: Excadrill|slp
|
|turn|2
|
|switch|p2a: Gengar|Gengar, M|261\/261
|switch|p1a: Gyarados|Gyarados, M|332\/332
|-ability|p1a: Gyarados|Intimidate|[of] p2a: Gengar
|-unboost|p2a: Gengar|atk|1
|
|turn|3
|
|switch|p2a: Mawile|Mawile, M|300\/300
|-ability|p2a: Mawile|Intimidate|[of] p1a: Gyarados
|-unboost|p1a: Gyarados|atk|1
|detailschange|p1a: Gyarados|Gyarados-Mega, M
|message|Gyarados has Mega Evolved into Mega Gyarados!
|-ability|p1a: Gyarados|Mold Breaker
|move|p1a: Gyarados|Earthquake|p2a: Mawile
|-supereffective|p2a: Mawile
|-damage|p2a: Mawile|54\/300
|
|turn|4
|
|switch|p1a: Skarmory|Skarmory, M|334\/334
|switch|p2a: Hydreigon|Hydreigon, F|325\/325
|
|turn|5
|
|switch|p1a: Rotom-Heat|Rotom-Heat|304\/304
|move|p2a: Hydreigon|Draco Meteor|p1a: Rotom-Heat
|-damage|p1a: Rotom-Heat|37\/304
|-unboost|p2a: Hydreigon|spa|2
|
|-heal|p1a: Rotom-Heat|56\/304|[from] item: Leftovers
|turn|6
|
|move|p2a: Hydreigon|Draco Meteor|p1a: Rotom-Heat
|-damage|p1a: Rotom-Heat|0 fnt
|-unboost|p2a: Hydreigon|spa|2
|faint|p1a: Rotom-Heat
|
|
|switch|p1a: Gyarados|Gyarados-Mega, M|332\/332
|-ability|p1a: Gyarados|Mold Breaker
|turn|7
|
|switch|p2a: Mawile|Mawile, M|54\/300
|-ability|p2a: Mawile|Intimidate|[of] p1a: Gyarados
|-unboost|p1a: Gyarados|atk|1
|move|p1a: Gyarados|Dragon Dance|p1a: Gyarados
|-boost|p1a: Gyarados|atk|1
|-boost|p1a: Gyarados|spe|1
|
|turn|8
|
|detailschange|p2a: Mawile|Mawile-Mega, M
|message|Mawile has Mega Evolved into Mega Mawile!
|move|p1a: Gyarados|Earthquake|p2a: Mawile
|-supereffective|p2a: Mawile
|-damage|p2a: Mawile|0 fnt
|faint|p2a: Mawile
|
|
|switch|p2a: Hydreigon|Hydreigon, F|325\/325
|turn|9
|
|move|p1a: Gyarados|Ice Fang|p2a: Hydreigon
|-supereffective|p2a: Hydreigon
|-damage|p2a: Hydreigon|117\/325
|move|p2a: Hydreigon|Draco Meteor|p1a: Gyarados
|-damage|p1a: Gyarados|35\/332
|-unboost|p2a: Hydreigon|spa|2
|
|turn|10
|
|move|p1a: Gyarados|Ice Fang|p2a: Hydreigon
|-supereffective|p2a: Hydreigon
|-damage|p2a: Hydreigon|0 fnt
|faint|p2a: Hydreigon
|
|
|switch|p2a: Donphan|Donphan, F|382\/382
|turn|11
|
|move|p1a: Gyarados|Waterfall|p2a: Donphan
|-supereffective|p2a: Donphan
|-damage|p2a: Donphan|62\/382
|move|p2a: Donphan|Earthquake|p1a: Gyarados
|-damage|p1a: Gyarados|0 fnt
|faint|p1a: Gyarados
|
|-heal|p2a: Donphan|85\/382|[from] item: Leftovers
|
|switch|p1a: Breloom|Breloom, M|262\/262
|turn|12
|
|move|p2a: Donphan|Ice Shard|p1a: Breloom
|-supereffective|p1a: Breloom
|-damage|p1a: Breloom|148\/262
|move|p1a: Breloom|Bullet Seed|p2a: Donphan
|-supereffective|p2a: Donphan
|-damage|p2a: Donphan|0 fnt
|-hitcount|p2a: Donphan|1
|faint|p2a: Donphan
|
|
|switch|p2a: Gengar|Gengar, M|261\/261
|turn|13
|
|switch|p1a: Tyranitar|Tyranitar, F|341\/341
|-weather|Sandstorm
|move|p2a: Gengar|Shadow Ball|p1a: Tyranitar
|-resisted|p1a: Tyranitar
|-damage|p1a: Tyranitar|275\/341
|-damage|p2a: Gengar|235\/261|[from] item: Life Orb
|
|-weather|Sandstorm|[upkeep]
|-damage|p2a: Gengar|219\/261|[from] sandstorm
|turn|14
|
|switch|p2a: Greninja|Greninja, F|286\/286
|move|p1a: Tyranitar|Crunch|p2a: Greninja
|-resisted|p2a: Greninja
|-damage|p2a: Greninja|191\/286
|-unboost|p2a: Greninja|def|1
|
|-weather|Sandstorm|[upkeep]
|-damage|p2a: Greninja|174\/286|[from] sandstorm
|turn|15
|
|switch|p1a: Skarmory|Skarmory, M|334\/334
|move|p2a: Greninja|Hydro Pump|p1a: Skarmory
|-start|p2a: Greninja|typechange|Water|[from] Protean
|-damage|p1a: Skarmory|44\/334
|-damage|p2a: Greninja|146\/286|[from] item: Life Orb
|
|-weather|Sandstorm|[upkeep]
|-damage|p2a: Greninja|129\/286|[from] sandstorm
|-heal|p1a: Skarmory|64\/334|[from] item: Leftovers
|turn|16
|
|move|p2a: Greninja|Ice Beam|p1a: Skarmory
|-start|p2a: Greninja|typechange|Ice|[from] Protean
|-damage|p1a: Skarmory|0 fnt
|-damage|p2a: Greninja|101\/286|[from] item: Life Orb
|faint|p1a: Skarmory
|
|-weather|Sandstorm|[upkeep]
|-damage|p2a: Greninja|84\/286|[from] sandstorm
|
|switch|p1a: Breloom|Breloom, M|148\/262
|turn|17
|
|switch|p2a: Gengar|Gengar, M|219\/261
|move|p1a: Breloom|Mach Punch|p2a: Gengar
|-immune|p2a: Gengar|[msg]
|
|-weather|none
|turn|18
|
|move|p2a: Gengar|Shadow Ball|p1a: Breloom
|-damage|p1a: Breloom|0 fnt
|-damage|p2a: Gengar|193\/261|[from] item: Life Orb
|faint|p1a: Breloom
|
|
|switch|p1a: Tyranitar|Tyranitar, F|275\/341
|-weather|Sandstorm
|turn|19
|
|move|p1a: Tyranitar|Crunch|p2a: Gengar
|-supereffective|p2a: Gengar
|-damage|p2a: Gengar|0 fnt
|faint|p2a: Gengar
|
|-weather|Sandstorm|[upkeep]
|
|switch|p2a: Excadrill|Excadrill, M|362\/362 slp
|-ability|p2a: Excadrill|Mold Breaker
|turn|20
|
|cant|p2a: Excadrill|slp
|move|p2a: Excadrill|Sleep Talk|p2a: Excadrill
|move|p2a: Excadrill|Iron Head|p1a: Tyranitar|[from]Sleep Talk
|-supereffective|p1a: Tyranitar
|-damage|p1a: Tyranitar|17\/341
|move|p1a: Tyranitar|Crunch|p2a: Excadrill
|-damage|p2a: Excadrill|128\/362 slp
|
|-weather|Sandstorm|[upkeep]
|turn|21
|
|-curestatus|p2a: Excadrill|slp
|move|p2a: Excadrill|Sleep Talk|p2a: Excadrill
|-fail|p2a: Excadrill
|move|p1a: Tyranitar|Crunch|p2a: Excadrill
|-damage|p2a: Excadrill|0 fnt
|faint|p2a: Excadrill
|
|-weather|Sandstorm|[upkeep]
|chat|suckerformetal|wtf\
|
|switch|p2a: Greninja|Greninja, F|84\/286
|turn|22
|
|move|p2a: Greninja|Ice Beam|p1a: Tyranitar
|-start|p2a: Greninja|typechange|Ice|[from] Protean
|-damage|p1a: Tyranitar|0 fnt
|-damage|p2a: Greninja|56\/286|[from] item: Life Orb
|faint|p1a: Tyranitar
|
|-weather|Sandstorm|[upkeep]
|-damage|p2a: Greninja|39\/286|[from] sandstorm
|
|switch|p1a: Gengar|Gengar, M|262\/262
|turn|23
|
|move|p2a: Greninja|Dark Pulse|p1a: Gengar
|-start|p2a: Greninja|typechange|Dark|[from] Protean
|-supereffective|p1a: Gengar
|-damage|p1a: Gengar|0 fnt
|-damage|p2a: Greninja|11\/286|[from] item: Life Orb
|faint|p1a: Gengar
|
|win|suckerformetal
|raw|Ladder updating...
|raw|andrekdsh's rating: 1495 &rarr; <strong>1473<\/strong><br \/>(-22 for losing)
|raw|suckerformetal's rating: 1461 &rarr; <strong>1483<\/strong><br \/>(+22 for winning)
|chat|andrekdsh|gg
|chat|suckerformetal|gg
|leave|andrekdsh
|player|p1