|join|Silver06
|join|SuckerforMetal
|player|p1|Silver06|2
|player|p2|SuckerforMetal|266
|gametype|singles
|gen|6
|tier|OU
|rated
|clearpoke
|poke|p1|Clefable, F
|poke|p1|Landorus-Therian, M
|poke|p1|Conkeldurr, M
|poke|p1|Rotom-Wash
|poke|p1|Latios, M
|poke|p1|Heatran, M
|poke|p2|Gengar, M
|poke|p2|Hydreigon, F
|poke|p2|Scizor, M
|poke|p2|Azumarill, F
|poke|p2|Heatran, F
|poke|p2|Mienshao, M
|rule|Sleep Clause Mod: Limit one foe put to sleep
|rule|Species Clause: Limit one of each Pokemon
|rule|OHKO Clause: OHKO moves are banned
|rule|Moody Clause: Moody is banned
|rule|Evasion Moves Clause: Evasion moves are banned
|rule|Endless Battle Clause: Forcing endless battles is banned.
|rule|HP Percentage Mod: HP is reported as percentages
|teampreview
|
|start
|switch|p1a: Rotom-Wash|Rotom-Wash|242\/242
|switch|p2a: Gengar|Gengar, M|261\/261
|turn|1
|
|move|p2a: Gengar|Sludge Wave|p1a: Rotom-Wash
|-damage|p1a: Rotom-Wash|16\/242
|-damage|p2a: Gengar|235\/261|[from] item: Life Orb
|move|p1a: Rotom-Wash|Hydro Pump|p2a: Gengar
|-damage|p2a: Gengar|0 fnt
|faint|p2a: Gengar
|
|
|switch|p2a: Mienshao|Mienshao, M|271\/271
|turn|2
|
|switch|p1a: Landorus-Therian|Landorus-Therian, M|320\/320
|-ability|p1a: Landorus-Therian|Intimidate|[of] p2a: Mienshao
|-unboost|p2a: Mienshao|atk|1
|move|p2a: Mienshao|U-turn|p1a: Landorus-Therian
|-resisted|p1a: Landorus-Therian
|-damage|p1a: Landorus-Therian|284\/320
|-damage|p2a: Mienshao|244\/271|[from] item: Life Orb
|
|switch|p2a: Modest Mouse|Azumarill, F|400\/400
|
|turn|3
|
|move|p1a: Landorus-Therian|U-turn|p2a: Modest Mouse
|-resisted|p2a: Modest Mouse
|-damage|p2a: Modest Mouse|341\/400
|
|switch|p1a: Clefable|Clefable, F|394\/394
|move|p2a: Modest Mouse|Waterfall|p1a: Clefable
|-damage|p1a: Clefable|255\/394
|
|-heal|p1a: Clefable|279\/394|[from] item: Leftovers
|turn|4
|
|switch|p2a: Heatran|Heatran, F|380\/380
|move|p1a: Clefable|Moonlight|p1a: Clefable
|-heal|p1a: Clefable|394\/394
|
|turn|5
|
|switch|p1a: Conkeldurr|Conkeldurr, M|414\/414
|move|p2a: Heatran|Stealth Rock|p1a: Conkeldurr
|-sidestart|p1: Silver06|move: Stealth Rock
|
|turn|6
|
|switch|p2a: Modest Mouse|Azumarill, F|341\/400
|move|p1a: Conkeldurr|Knock Off|p2a: Modest Mouse
|-resisted|p2a: Modest Mouse
|-damage|p2a: Modest Mouse|264\/400
|-enditem|p2a: Modest Mouse|Sitrus Berry|[from] move: Knock Off|[of] p1a: Conkeldurr
|
|turn|7
|
|switch|p1a: Clefable|Clefable, F|394\/394
|-damage|p1a: Clefable|345\/394|[from] Stealth Rock
|move|p2a: Modest Mouse|Play Rough|p1a: Clefable
|-damage|p1a: Clefable|167\/394
|-unboost|p1a: Clefable|atk|1
|
|-heal|p1a: Clefable|191\/394|[from] item: Leftovers
|turn|8
|
|switch|p2a: Scizor|Scizor, M|340\/340
|move|p1a: Clefable|Moonlight|p1a: Clefable
|-heal|p1a: Clefable|388\/394
|
|-heal|p1a: Clefable|394\/394|[from] item: Leftovers
|turn|9
|
|switch|p2a: Mienshao|Mienshao, M|271\/271
|move|p1a: Clefable|Flamethrower|p2a: Mienshao
|-damage|p2a: Mienshao|177\/271
|
|turn|10
|
|move|p2a: Mienshao|U-turn|p1a: Clefable
|-resisted|p1a: Clefable
|-damage|p1a: Clefable|351\/394
|-damage|p2a: Mienshao|150\/271|[from] item: Life Orb
|
|switch|p2a: Heatran|Heatran, F|380\/380
|move|p1a: Clefable|Calm Mind|p1a: Clefable
|-boost|p1a: Clefable|spa|1
|-boost|p1a: Clefable|spd|1
|
|-heal|p1a: Clefable|375\/394|[from] item: Leftovers
|turn|11
|
|move|p2a: Heatran|Lava Plume|p1a: Clefable
|-damage|p1a: Clefable|264\/394
|move|p1a: Clefable|Calm Mind|p1a: Clefable
|-boost|p1a: Clefable|spa|1
|-boost|p1a: Clefable|spd|1
|
|-heal|p1a: Clefable|288\/394|[from] item: Leftovers
|turn|12
|
|move|p1a: Clefable|Calm Mind|p1a: Clefable
|-boost|p1a: Clefable|spa|1
|-boost|p1a: Clefable|spd|1
|move|p2a: Heatran|Roar|p1a: Clefable
|drag|p1a: Rotom-Wash|Rotom-Wash|16\/242
|-damage|p1a: Rotom-Wash|0 fnt|[from] Stealth Rock
|faint|p1a: Rotom-Wash
|
|
|switch|p1a: Conkeldurr|Conkeldurr, M|414\/414
|-damage|p1a: Conkeldurr|389\/414|[from] Stealth Rock
|turn|13
|
|switch|p2a: Modest Mouse|Azumarill, F|264\/400
|move|p1a: Conkeldurr|Drain Punch|p2a: Modest Mouse
|-resisted|p2a: Modest Mouse
|-damage|p2a: Modest Mouse|179\/400
|-heal|p1a: Conkeldurr|414\/414|[from] drain|[of] p2a: Modest Mouse
|
|turn|14
|
|switch|p1a: Landorus-Therian|Landorus-Therian, M|284\/320
|-damage|p1a: Landorus-Therian|244\/320|[from] Stealth Rock
|-ability|p1a: Landorus-Therian|Intimidate|[of] p2a: Modest Mouse
|-unboost|p2a: Modest Mouse|atk|1
|move|p2a: Modest Mouse|Play Rough|p1a: Landorus-Therian
|-crit|p1a: Landorus-Therian
|-damage|p1a: Landorus-Therian|0 fnt
|faint|p1a: Landorus-Therian
|
|
|switch|p1a: Latios|Latios, M|302\/302
|-damage|p1a: Latios|265\/302|[from] Stealth Rock
|turn|15
|
|switch|p2a: Heatran|Heatran, F|380\/380
|move|p1a: Latios|Psyshock|p2a: Heatran
|-resisted|p2a: Heatran
|-damage|p2a: Heatran|284\/380
|-damage|p1a: Latios|235\/302|[from] item: Life Orb
|
|-heal|p2a: Heatran|307\/380|[from] item: Leftovers
|turn|16
|
|move|p1a: Latios|Surf|p2a: Heatran
|-supereffective|p2a: Heatran
|-damage|p2a: Heatran|31\/380
|-damage|p1a: Latios|205\/302|[from] item: Life Orb
|move|p2a: Heatran|Lava Plume|p1a: Latios
|-resisted|p1a: Latios
|-damage|p1a: Latios|136\/302
|
|-heal|p2a: Heatran|54\/380|[from] item: Leftovers
|turn|17
|
|move|p1a: Latios|Surf|p2a: Heatran
|-supereffective|p2a: Heatran
|-damage|p2a: Heatran|0 fnt
|-damage|p1a: Latios|106\/302|[from] item: Life Orb
|faint|p2a: Heatran
|
|
|switch|p2a: Scizor|Scizor, M|340\/340
|turn|18
|
|switch|p2a: Modest Mouse|Azumarill, F|179\/400
|move|p1a: Latios|Hidden Power|p2a: Modest Mouse
|-resisted|p2a: Modest Mouse
|-damage|p2a: Modest Mouse|119\/400
|-damage|p1a: Latios|76\/302|[from] item: Life Orb
|
|turn|19
|
|switch|p2a: Hydreigon|Hydreigon, F|325\/325
|move|p1a: Latios|Hidden Power|p2a: Hydreigon
|-resisted|p2a: Hydreigon
|-damage|p2a: Hydreigon|270\/325
|-damage|p1a: Latios|46\/302|[from] item: Life Orb
|
|turn|20
|
|switch|p2a: Modest Mouse|Azumarill, F|119\/400
|move|p1a: Latios|Draco Meteor|p2a: Modest Mouse
|-immune|p2a: Modest Mouse|[msg]
|
|turn|21
|
|move|p2a: Modest Mouse|Aqua Jet|p1a: Latios
|-resisted|p1a: Latios
|-damage|p1a: Latios|0 fnt
|faint|p1a: Latios
|
|
|switch|p1a: Heatran|Heatran, M|386\/386
|-damage|p1a: Heatran|338\/386|[from] Stealth Rock
|-item|p1a: Heatran|Air Balloon
|turn|22
|
|move|p1a: Heatran|Flash Cannon|p2a: Modest Mouse
|-damage|p2a: Modest Mouse|0 fnt
|faint|p2a: Modest Mouse
|
|
|switch|p2a: Mienshao|Mienshao, M|240\/271
|turn|23
|
|switch|p1a: Clefable|Clefable, F|288\/394
|-damage|p1a: Clefable|239\/394|[from] Stealth Rock
|move|p2a: Mienshao|High Jump Kick|p1a: Clefable
|-resisted|p1a: Clefable
|-damage|p1a: Clefable|106\/394
|-damage|p2a: Mienshao|213\/271|[from] item: Life Orb
|
|-heal|p1a: Clefable|130\/394|[from] item: Leftovers
|turn|24
|
|move|p2a: Mienshao|High Jump Kick|p1a: Clefable
|-resisted|p1a: Clefable
|-damage|p1a: Clefable|12\/394
|-damage|p2a: Mienshao|186\/271|[from] item: Life Orb
|move|p1a: Clefable|Moonlight|p1a: Clefable
|-heal|p1a: Clefable|209\/394
|
|-heal|p1a: Clefable|233\/394|[from] item: Leftovers
|turn|25
|
|move|p2a: Mienshao|U-turn|p1a: Clefable
|-resisted|p1a: Clefable
|-damage|p1a: Clefable|185\/394
|-damage|p2a: Mienshao|159\/271|[from] item: Life Orb
|
|switch|p2a: Hydreigon|Hydreigon, F|270\/325
|move|p1a: Clefable|Moonlight|p1a: Clefable
|-heal|p1a: Clefable|382\/394
|
|-heal|p1a: Clefable|394\/394|[from] item: Leftovers
|turn|26
|
|switch|p2a: Scizor|Scizor, M|340\/340
|move|p1a: Clefable|Moonblast|p2a: Scizor
|-resisted|p2a: Scizor
|-damage|p2a: Scizor|274\/340
|
|turn|27
|
|detailschange|p2a: Scizor|Scizor-Mega, M
|message|Scizor has Mega Evolved into Mega Scizor!
|move|p2a: Scizor|Bullet Punch|p1a: Clefable
|-supereffective|p1a: Clefable
|-damage|p1a: Clefable|164\/394
|move|p1a: Clefable|Flamethrower|p2a: Scizor
|-supereffective|p2a: Scizor
|-damage|p2a: Scizor|26\/340
|
|-heal|p1a: Clefable|188\/394|[from] item: Leftovers
|turn|28
|
|move|p2a: Scizor|Bullet Punch|p1a: Clefable
|-supereffective|p1a: Clefable
|-damage|p1a: Clefable|0 fnt
|faint|p1a: Clefable
|
|
|switch|p1a: Heatran|Heatran, M|338\/386
|-damage|p1a: Heatran|290\/386|[from] Stealth Rock
|-item|p1a: Heatran|Air Balloon
|turn|29
|
|switch|p2a: Hydreigon|Hydreigon, F|270\/325
|move|p1a: Heatran|Lava Plume|p2a: Hydreigon
|-resisted|p2a: Hydreigon
|-damage|p2a: Hydreigon|180\/325
|
|turn|30
|
|move|p2a: Hydreigon|Dark Pulse|p1a: Heatran
|-damage|p1a: Heatran|154\/386
|-enditem|p1a: Heatran|Air Balloon
|move|p1a: Heatran|Flash Cannon|p2a: Hydreigon
|-damage|p2a: Hydreigon|9\/325
|
|turn|31
|
|switch|p1a: Conkeldurr|Conkeldurr, M|414\/414
|-damage|p1a: Conkeldurr|389\/414|[from] Stealth Rock
|move|p2a: Hydreigon|Dark Pulse|p1a: Conkeldurr
|-resisted|p1a: Conkeldurr
|-damage|p1a: Conkeldurr|314\/414
|
|turn|32
|
|move|p1a: Conkeldurr|Mach Punch|p2a: Hydreigon
|-supereffective|p2a: Hydreigon
|-damage|p2a: Hydreigon|0 fnt
|faint|p2a: Hydreigon
|
|
|switch|p2a: Scizor|Scizor-Mega, M|26\/340
|turn|33
|
|move|p2a: Scizor|Bullet Punch|p1a: Conkeldurr
|-damage|p1a: Conkeldurr|185\/414
|move|p1a: Conkeldurr|Mach Punch|p2a: Scizor
|-damage|p2a: Scizor|0 fnt
|faint|p2a: Scizor
|
|
|switch|p2a: Mienshao|Mienshao, M|249\/271
|turn|34
|
|move|p1a: Conkeldurr|Mach Punch|p2a: Mienshao
|-damage|p2a: Mienshao|113\/271
|move|p2a: Mienshao|High Jump Kick|p1a: Conkeldurr
|-crit|p1a: Conkeldurr
|-damage|p1a: Conkeldurr|0 fnt
|-damage|p2a: Mienshao|86\/271|[from] item: Life Orb
|faint|p1a: Conkeldurr
|
|
|switch|p1a: Heatran|Heatran, M|154\/386
|-damage|p1a: Heatran|106\/386|[from] Stealth Rock
|turn|35
|
|move|p2a: Mienshao|High Jump Kick|p1a: Heatran
|-supereffective|p1a: Heatran
|-damage|p1a: Heatran|0 fnt
|-damage|p2a: Mienshao|59\/271|[from] item: Life Orb
|faint|p1a: Heatran
|
|win|SuckerforMetal
|raw|Ladder updating...
|chat|Silver06|gg
|raw|Silver06's rating: 1678 &rarr; <strong>1657<\/strong><br \/>(-21 for losing)
|raw|SuckerforMetal's rating: 1661 &rarr; <strong>1682<\/strong><br \/>(+21 for winning)
|chat|SuckerforMetal|gg
|leave|Silver06
|player|p1