|join|Suckerformetal
|join|asbie#J
|player|p1|Suckerformetal|102
|player|p2|asbie#J|162
|gametype|singles
|tier|OU
|rated
|rule|Evasion Abilities Clause: Evasion abilities are banned
|clearpoke
|poke|p1|Gengar, M, shiny
|poke|p1|Scizor, M
|poke|p1|Hydreigon, F
|poke|p1|Rotom-Wash
|poke|p1|Weavile, F
|poke|p1|Infernape, M
|poke|p2|Rotom-Wash
|poke|p2|Landorus-Therian, M
|poke|p2|Heatran, M
|poke|p2|Tyranitar, M
|poke|p2|Celebi
|poke|p2|Forretress, F
|rule|Sleep Clause Mod: Limit one foe put to sleep
|rule|Species Clause: Limit one of each Pokemon
|rule|OHKO Clause: OHKO moves are banned
|rule|Moody Clause: Moody is banned
|rule|Evasion Moves Clause: Evasion moves are banned
|rule|HP Percentage Mod: HP is reported as percentages
|teampreview
|callback|decision
|chat|asbie#J|glhf
|
|start
|switch|p1a: Rotom-Wash|Rotom-Wash|298\/298
|switch|p2a: Tyranitar|Tyranitar, M|341\/341
|-weather|Sandstorm|[from] ability: Sand Stream|[of] p2a: Tyranitar
|turn|1
|callback|decision
|
|switch|p2a: Celebi|Celebi|404\/404
|move|p1a: Rotom-Wash|Trick|p2a: Celebi
|-activate|p1a: Rotom-Wash|move: Trick|[of] p2a: Celebi
|-item|p2a: Celebi|Choice Specs|[from] move: Trick
|-item|p1a: Rotom-Wash|Leftovers|[from] move: Trick
|
|-weather|Sandstorm|[upkeep]
|-damage|p1a: Rotom-Wash|280\/298|[from] sandstorm
|-damage|p2a: Celebi|379\/404|[from] sandstorm
|-heal|p1a: Rotom-Wash|298\/298|[from] item: Leftovers
|turn|2
|callback|decision
|
|switch|p1a: Hydreigon|Hydreigon, F|326\/326
|move|p2a: Celebi|U-turn|p1a: Hydreigon
|-supereffective|p1a: Hydreigon
|-damage|p1a: Hydreigon|198\/326
|callback|decision
|
|switch|p2a: Tyranitar|Tyranitar, M|341\/341
|
|-weather|Sandstorm|[upkeep]
|-damage|p1a: Hydreigon|178\/326|[from] sandstorm
|turn|3
|callback|decision
|
|move|p2a: Tyranitar|Ice Beam|p1a: Hydreigon
|-supereffective|p1a: Hydreigon
|-damage|p1a: Hydreigon|14\/326
|move|p1a: Hydreigon|Superpower|p2a: Tyranitar
|-supereffective|p2a: Tyranitar
|-damage|p2a: Tyranitar|0 fnt
|-unboost|p1a: Hydreigon|atk|1
|-unboost|p1a: Hydreigon|def|1
|faint|p2a: Tyranitar
|
|-weather|Sandstorm|[upkeep]
|-damage|p1a: Hydreigon|0 fnt|[from] sandstorm
|faint|p1a: Hydreigon
|callback|decision
|
|switch|p1a: Infernape|Infernape, M|293\/293
|switch|p2a: Rotom-Wash|Rotom-Wash|304\/304
|turn|4
|callback|decision
|
|switch|p1a: Rotom-Wash|Rotom-Wash|298\/298
|move|p2a: Rotom-Wash|Volt Switch|p1a: Rotom-Wash
|-crit|p1a: Rotom-Wash
|-damage|p1a: Rotom-Wash|121\/298
|callback|decision
|
|switch|p2a: Celebi|Celebi|379\/404
|
|-weather|Sandstorm|[upkeep]
|-damage|p1a: Rotom-Wash|103\/298|[from] sandstorm
|-damage|p2a: Celebi|354\/404|[from] sandstorm
|-heal|p1a: Rotom-Wash|121\/298|[from] item: Leftovers
|turn|5
|callback|decision
|
|move|p1a: Rotom-Wash|Will-O-Wisp|p2a: Celebi
|-status|p2a: Celebi|brn
|move|p2a: Celebi|U-turn|p1a: Rotom-Wash
|-damage|p1a: Rotom-Wash|97\/298
|callback|decision
|
|switch|p2a: Rotom-Wash|Rotom-Wash|304\/304
|
|-weather|Sandstorm|[upkeep]
|-damage|p1a: Rotom-Wash|79\/298|[from] sandstorm
|-damage|p2a: Rotom-Wash|285\/304|[from] sandstorm
|-heal|p1a: Rotom-Wash|97\/298|[from] item: Leftovers
|-heal|p2a: Rotom-Wash|304\/304|[from] item: Leftovers
|turn|6
|callback|decision
|
|move|p1a: Rotom-Wash|Thunderbolt|p2a: Rotom-Wash
|-damage|p2a: Rotom-Wash|205\/304
|move|p2a: Rotom-Wash|Will-O-Wisp|p1a: Rotom-Wash
|-status|p1a: Rotom-Wash|brn
|
|-weather|Sandstorm|[upkeep]
|-damage|p1a: Rotom-Wash|79\/298 brn|[from] sandstorm
|-damage|p2a: Rotom-Wash|186\/304|[from] sandstorm
|-heal|p1a: Rotom-Wash|97\/298 brn|[from] item: Leftovers
|-heal|p2a: Rotom-Wash|205\/304|[from] item: Leftovers
|-damage|p1a: Rotom-Wash|60\/298 brn|[from] brn
|turn|7
|callback|decision
|
|move|p1a: Rotom-Wash|Thunderbolt|p2a: Rotom-Wash
|-damage|p2a: Rotom-Wash|103\/304
|move|p2a: Rotom-Wash|Volt Switch|p1a: Rotom-Wash
|-damage|p1a: Rotom-Wash|0 fnt
|faint|p1a: Rotom-Wash
|callback|decision
|
|switch|p2a: Landorus-Therian|Landorus-Therian, M|381\/381
|
|-weather|Sandstorm|[upkeep]
|callback|decision
|
|switch|p1a: Weavile|Weavile, F|282\/282
|-ability|p1a: Weavile|Pressure
|turn|8
|callback|decision
|
|move|p2a: Landorus-Therian|Protect|p2a: Landorus-Therian
|-singleturn|p2a: Landorus-Therian|Protect
|move|p1a: Weavile|Ice Shard|p2a: Landorus-Therian
|-activate|p2a: Landorus-Therian|Protect
|
|-weather|Sandstorm|[upkeep]
|-damage|p1a: Weavile|265\/282|[from] sandstorm
|turn|9
|callback|decision
|
|switch|p2a: Forretress|Forretress, F|354\/354
|move|p1a: Weavile|Ice Punch|p2a: Forretress
|-resisted|p2a: Forretress
|-damage|p2a: Forretress|309\/354
|-damage|p1a: Weavile|237\/282|[from] item: Life Orb
|
|-weather|Sandstorm|[upkeep]
|-damage|p1a: Weavile|220\/282|[from] sandstorm
|-heal|p2a: Forretress|331\/354|[from] item: Leftovers
|turn|10
|callback|decision
|
|switch|p1a: Infernape|Infernape, M|293\/293
|move|p2a: Forretress|Spikes|p1a: Infernape
|-sidestart|p1: Suckerformetal|Spikes
|
|-weather|Sandstorm|[upkeep]
|-damage|p1a: Infernape|275\/293|[from] sandstorm
|-heal|p2a: Forretress|353\/354|[from] item: Leftovers
|turn|11
|callback|decision
|
|switch|p2a: Landorus-Therian|Landorus-Therian, M|381\/381
|-ability|p2a: Landorus-Therian|Intimidate|[of] p1a: Infernape
|-unboost|p1a: Infernape|atk|1
|move|p1a: Infernape|Fire Punch|p2a: Landorus-Therian
|-crit|p2a: Landorus-Therian
|-damage|p2a: Landorus-Therian|86\/381
|-damage|p1a: Infernape|246\/293|[from] item: Life Orb
|
|-weather|Sandstorm|[upkeep]
|-damage|p1a: Infernape|228\/293|[from] sandstorm
|-heal|p2a: Landorus-Therian|109\/381|[from] item: Leftovers
|turn|12
|callback|decision
|
|switch|p1a: Gengar|Gengar, M, shiny|262\/262
|move|p2a: Landorus-Therian|Protect|p2a: Landorus-Therian
|-fail|p2a: Landorus-Therian
|
|-weather|Sandstorm|[upkeep]
|-damage|p1a: Gengar|246\/262|[from] sandstorm
|-heal|p1a: Gengar|262\/262|[from] item: Black Sludge
|-heal|p2a: Landorus-Therian|132\/381|[from] item: Leftovers
|turn|13
|callback|decision
|
|switch|p2a: Heatran|Heatran, M|385\/385
|move|p1a: Gengar|Substitute|p1a: Gengar
|-start|p1a: Gengar|Substitute
|-damage|p1a: Gengar|197\/262
|
|-weather|Sandstorm|[upkeep]
|-damage|p1a: Gengar|181\/262|[from] sandstorm
|-heal|p1a: Gengar|197\/262|[from] item: Black Sludge
|turn|14
|callback|decision
|
|move|p1a: Gengar|Focus Blast|p2a: Heatran|[miss]
|-miss|p1a: Gengar|p2a: Heatran
|move|p2a: Heatran|Roar|p1a: Gengar
|drag|p1a: Infernape|Infernape, M|228\/293
|-damage|p1a: Infernape|192\/293|[from] Spikes
|
|-weather|Sandstorm|[upkeep]
|-damage|p1a: Infernape|174\/293|[from] sandstorm
|turn|15
|callback|decision
|chat|asbie#J|70 accuracy moves don't hit
|chat|asbie#J|hell even hydro pump is a coin flip
|chat|asbie#J|from personal experience
|
|switch|p2a: Celebi|Celebi|354\/404
|move|p1a: Infernape|Close Combat|p2a: Celebi
|-resisted|p2a: Celebi
|-damage|p2a: Celebi|228\/404
|-unboost|p1a: Infernape|def|1
|-unboost|p1a: Infernape|spd|1
|-damage|p1a: Infernape|145\/293|[from] item: Life Orb
|
|-weather|Sandstorm|[upkeep]
|-damage|p1a: Infernape|127\/293|[from] sandstorm
|-damage|p2a: Celebi|203\/404|[from] sandstorm
|turn|16
|callback|decision
|
|move|p1a: Infernape|Fire Punch|p2a: Celebi
|-supereffective|p2a: Celebi
|-damage|p2a: Celebi|0 fnt
|-damage|p1a: Infernape|98\/293|[from] item: Life Orb
|faint|p2a: Celebi
|
|-weather|Sandstorm|[upkeep]
|-damage|p1a: Infernape|80\/293|[from] sandstorm
|callback|decision
|
|switch|p2a: Landorus-Therian|Landorus-Therian, M|132\/381
|-ability|p2a: Landorus-Therian|Intimidate|[of] p1a: Infernape
|-unboost|p1a: Infernape|atk|1
|turn|17
|callback|decision
|
|move|p1a: Infernape|Fire Punch|p2a: Landorus-Therian
|-damage|p2a: Landorus-Therian|0 fnt
|-damage|p1a: Infernape|51\/293|[from] item: Life Orb
|faint|p2a: Landorus-Therian
|
|-weather|Sandstorm|[upkeep]
|-damage|p1a: Infernape|33\/293|[from] sandstorm
|callback|decision
|
|switch|p2a: Heatran|Heatran, M|385\/385
|turn|18
|callback|decision
|
|move|p1a: Infernape|Close Combat|p2a: Heatran
|-supereffective|p2a: Heatran
|-damage|p2a: Heatran|77\/385
|-unboost|p1a: Infernape|def|1
|-unboost|p1a: Infernape|spd|1
|-damage|p1a: Infernape|4\/293|[from] item: Life Orb
|move|p2a: Heatran|Stealth Rock|p1a: Infernape
|-sidestart|p1: Suckerformetal|move: Stealth Rock
|
|-weather|Sandstorm|[upkeep]
|-damage|p1a: Infernape|0 fnt|[from] sandstorm
|-heal|p2a: Heatran|101\/385|[from] item: Leftovers
|faint|p1a: Infernape
|callback|decision
|
|switch|p1a: Weavile|Weavile, F|220\/282
|-damage|p1a: Weavile|150\/282|[from] Stealth Rock
|-damage|p1a: Weavile|115\/282|[from] Spikes
|-ability|p1a: Weavile|Pressure
|turn|19
|callback|decision
|
|switch|p2a: Forretress|Forretress, F|353\/354
|move|p1a: Weavile|Low Kick|p2a: Forretress
|-damage|p2a: Forretress|265\/354
|-damage|p1a: Weavile|87\/282|[from] item: Life Orb
|
|-weather|Sandstorm|[upkeep]
|-damage|p1a: Weavile|70\/282|[from] sandstorm
|-heal|p2a: Forretress|287\/354|[from] item: Leftovers
|turn|20
|callback|decision
|
|move|p1a: Weavile|Low Kick|p2a: Forretress
|-crit|p2a: Forretress
|-damage|p2a: Forretress|113\/354
|-damage|p1a: Weavile|42\/282|[from] item: Life Orb
|move|p2a: Forretress|Spikes|p1a: Weavile
|-sidestart|p1: Suckerformetal|Spikes
|
|-weather|Sandstorm|[upkeep]
|-damage|p1a: Weavile|25\/282|[from] sandstorm
|-heal|p2a: Forretress|135\/354|[from] item: Leftovers
|turn|21
|callback|decision
|
|move|p1a: Weavile|Low Kick|p2a: Forretress
|-damage|p2a: Forretress|50\/354
|-damage|p1a: Weavile|0 fnt|[from] item: Life Orb
|faint|p1a: Weavile
|move|p2a: Forretress|Gyro Ball|p1: Weavile|[notarget]
|-notarget
|
|-weather|Sandstorm|[upkeep]
|-heal|p2a: Forretress|72\/354|[from] item: Leftovers
|callback|decision
|
|switch|p1a: Scizor|Scizor, M|343\/343
|-damage|p1a: Scizor|301\/343|[from] Stealth Rock
|-damage|p1a: Scizor|244\/343|[from] Spikes
|turn|22
|callback|decision
|
|switch|p2a: Rotom-Wash|Rotom-Wash|103\/304
|move|p1a: Scizor|Swords Dance|p1a: Scizor
|-boost|p1a: Scizor|atk|2
|
|-weather|Sandstorm|[upkeep]
|-damage|p2a: Rotom-Wash|84\/304|[from] sandstorm
|-heal|p2a: Rotom-Wash|103\/304|[from] item: Leftovers
|-heal|p1a: Scizor|265\/343|[from] item: Leftovers
|turn|23
|callback|decision
|
|move|p1a: Scizor|Bullet Punch|p2a: Rotom-Wash
|-resisted|p2a: Rotom-Wash
|-damage|p2a: Rotom-Wash|50\/304
|move|p2a: Rotom-Wash|Pain Split|p1a: Scizor
|-sethp|p1a: Scizor|157\/343|p2a: Rotom-Wash|157\/304|[from] move: Pain Split
|
|-weather|Sandstorm|[upkeep]
|-damage|p2a: Rotom-Wash|138\/304|[from] sandstorm
|-heal|p2a: Rotom-Wash|157\/304|[from] item: Leftovers
|-heal|p1a: Scizor|178\/343|[from] item: Leftovers
|turn|24
|callback|decision
|
|move|p1a: Scizor|Bullet Punch|p2a: Rotom-Wash
|-resisted|p2a: Rotom-Wash
|-damage|p2a: Rotom-Wash|98\/304
|move|p2a: Rotom-Wash|Hydro Pump|p1a: Scizor
|-damage|p1a: Scizor|13\/343
|
|-weather|Sandstorm|[upkeep]
|-damage|p2a: Rotom-Wash|79\/304|[from] sandstorm
|-heal|p2a: Rotom-Wash|98\/304|[from] item: Leftovers
|-heal|p1a: Scizor|34\/343|[from] item: Leftovers
|turn|25
|callback|decision
|
|move|p1a: Scizor|Bullet Punch|p2a: Rotom-Wash
|-resisted|p2a: Rotom-Wash
|-damage|p2a: Rotom-Wash|43\/304
|move|p2a: Rotom-Wash|Volt Switch|p1a: Scizor
|-crit|p1a: Scizor
|-damage|p1a: Scizor|0 fnt
|faint|p1a: Scizor
|callback|decision
|
|switch|p2a: Heatran|Heatran, M|101\/385
|
|-weather|Sandstorm|[upkeep]
|-heal|p2a: Heatran|125\/385|[from] item: Leftovers
|callback|decision
|
|switch|p1a: Gengar|Gengar, M, shiny|197\/262
|-damage|p1a: Gengar|165\/262|[from] Stealth Rock
|turn|26
|callback|decision
|
|move|p2a: Heatran|Protect|p2a: Heatran
|-singleturn|p2a: Heatran|Protect
|move|p1a: Gengar|Focus Blast|p2a: Heatran
|-activate|p2a: Heatran|Protect
|
|-weather|Sandstorm|[upkeep]
|-damage|p1a: Gengar|149\/262|[from] sandstorm
|-heal|p1a: Gengar|165\/262|[from] item: Black Sludge
|-heal|p2a: Heatran|149\/385|[from] item: Leftovers
|turn|27
|callback|decision
|
|switch|p2a: Forretress|Forretress, F|72\/354
|move|p1a: Gengar|Focus Blast|p2a: Forretress
|-damage|p2a: Forretress|0 fnt
|faint|p2a: Forretress
|
|-weather|Sandstorm|[upkeep]
|-damage|p1a: Gengar|149\/262|[from] sandstorm
|-heal|p1a: Gengar|165\/262|[from] item: Black Sludge
|callback|decision
|
|switch|p2a: Heatran|Heatran, M|149\/385
|turn|28
|callback|decision
|
|move|p2a: Heatran|Protect|p2a: Heatran
|-singleturn|p2a: Heatran|Protect
|move|p1a: Gengar|Focus Blast|p2a: Heatran
|-activate|p2a: Heatran|Protect
|
|-weather|Sandstorm|[upkeep]
|-damage|p1a: Gengar|149\/262|[from] sandstorm
|-heal|p1a: Gengar|165\/262|[from] item: Black Sludge
|-heal|p2a: Heatran|173\/385|[from] item: Leftovers
|turn|29
|callback|decision
|
|switch|p2a: Rotom-Wash|Rotom-Wash|43\/304
|move|p1a: Gengar|Substitute|p1a: Gengar
|-start|p1a: Gengar|Substitute
|-damage|p1a: Gengar|100\/262
|
|-weather|Sandstorm|[upkeep]
|-damage|p1a: Gengar|84\/262|[from] sandstorm
|-damage|p2a: Rotom-Wash|24\/304|[from] sandstorm
|-heal|p1a: Gengar|100\/262|[from] item: Black Sludge
|-heal|p2a: Rotom-Wash|43\/304|[from] item: Leftovers
|turn|30
|callback|decision
|chat|asbie#J|nice
|chat|asbie#J|forgot about that, lol
|
|move|p1a: Gengar|Shadow Ball|p2a: Rotom-Wash
|-damage|p2a: Rotom-Wash|0 fnt
|faint|p2a: Rotom-Wash
|
|-weather|Sandstorm|[upkeep]
|-damage|p1a: Gengar|84\/262|[from] sandstorm
|-heal|p1a: Gengar|100\/262|[from] item: Black Sludge
|callback|decision
|
|switch|p2a: Heatran|Heatran, M|173\/385
|turn|31
|callback|decision
|chat|asbie#J|gg
|
|move|p1a: Gengar|Focus Blast|p2a: Heatran|[miss]
|-miss|p1a: Gengar|p2a: Heatran
|move|p2a: Heatran|Lava Plume|p1a: Gengar
|-end|p1a: Gengar|Substitute
|
|-weather|Sandstorm|[upkeep]
|-damage|p1a: Gengar|84\/262|[from] sandstorm
|-heal|p1a: Gengar|100\/262|[from] item: Black Sludge
|-heal|p2a: Heatran|197\/385|[from] item: Leftovers
|turn|32
|callback|decision
|
|move|p1a: Gengar|Disable|p2a: Heatran
|-start|p2a: Heatran|Disable|Lava Plume
|cant|p2a: Heatran|Disable|Lava Plume
|
|-weather|Sandstorm|[upkeep]
|-damage|p1a: Gengar|84\/262|[from] sandstorm
|-heal|p1a: Gengar|100\/262|[from] item: Black Sludge
|-heal|p2a: Heatran|221\/385|[from] item: Leftovers
|turn|33
|callback|decision
|chat|asbie#J|well done
|
|move|p1a: Gengar|Focus Blast|p2a: Heatran
|-supereffective|p2a: Heatran
|-damage|p2a: Heatran|21\/385
|move|p2a: Heatran|Roar|p1a: Gengar
|
|-weather|Sandstorm|[upkeep]
|-damage|p1a: Gengar|84\/262|[from] sandstorm
|-heal|p1a: Gengar|100\/262|[from] item: Black Sludge
|-heal|p2a: Heatran|45\/385|[from] item: Leftovers
|turn|34
|callback|decision
|
|move|p2a: Heatran|Protect|p2a: Heatran
|-singleturn|p2a: Heatran|Protect
|move|p1a: Gengar|Shadow Ball|p2a: Heatran
|-activate|p2a: Heatran|Protect
|
|-weather|Sandstorm|[upkeep]
|-damage|p1a: Gengar|84\/262|[from] sandstorm
|-heal|p1a: Gengar|100\/262|[from] item: Black Sludge
|-heal|p2a: Heatran|69\/385|[from] item: Leftovers
|turn|35
|callback|decision
|
|move|p2a: Heatran|Protect|p2a: Heatran
|-singleturn|p2a: Heatran|Protect
|move|p1a: Gengar|Focus Blast|p2a: Heatran
|-activate|p2a: Heatran|Protect
|
|-weather|Sandstorm|[upkeep]
|-damage|p1a: Gengar|84\/262|[from] sandstorm
|-heal|p1a: Gengar|100\/262|[from] item: Black Sludge
|-heal|p2a: Heatran|93\/385|[from] item: Leftovers
|-end|p2a: Heatran|Disable
|turn|36
|callback|decision
|chat|asbie#J|fuck
|chat|asbie#J|i don't want to use up all my luck on this bullshit
|chat|asbie#J|:P
|
|move|p1a: Gengar|Focus Blast|p2a: Heatran|[miss]
|-miss|p1a: Gengar|p2a: Heatran
|move|p2a: Heatran|Lava Plume|p1a: Gengar
|-damage|p1a: Gengar|0 fnt
|faint|p1a: Gengar
|
|win|asbie#J
|raw|Ladder updating...
|raw|Suckerformetal's rating: 1719 &rarr; <strong>1716<\/strong><br \/>(-3 for losing)
|raw|asbie#J's rating: 1511 &rarr; <strong>1619<\/strong><br \/>(+108 for winning)
|chat|Suckerformetal|fuck
|chat|asbie#J|srry
|player|p1
|chat|asbie#J|dude, that was bullshit
|leave|Suckerformetal