|join|garrawar
|join|suckerformetal
|player|p1|garrawar|238
|player|p2|suckerformetal|262
|gametype|singles
|gen|6
|tier|OU
|rated
|clearpoke
|poke|p1|Landorus-Therian, M
|poke|p1|Charizard, F
|poke|p1|Gyarados, M
|poke|p1|Thundurus, M
|poke|p1|Forretress, M
|poke|p1|Magnezone
|poke|p2|Terrakion
|poke|p2|Gliscor, M
|poke|p2|Milotic, M
|poke|p2|Mawile, F
|poke|p2|Gengar, F
|poke|p2|Clefable, M
|rule|Swagger Clause: Swagger is banned
|rule|Baton Pass Clause: Limit one PokÃ©mon knowing Baton Pass
|rule|Sleep Clause Mod: Limit one foe put to sleep
|rule|Species Clause: Limit one of each PokÃ©mon
|rule|OHKO Clause: OHKO moves are banned
|rule|Moody Clause: Moody is banned
|rule|Evasion Moves Clause: Evasion moves are banned
|rule|Endless Battle Clause: Forcing endless battles is banned
|rule|HP Percentage Mod: HP is reported as percentages
|teampreview
|
|start
|switch|p1a: Kouja|Landorus-Therian, M|320\/320
|switch|p2a: Milotic|Milotic, M|394\/394
|-ability|p1a: Kouja|Intimidate|[of] p2a: Milotic
|-unboost|p2a: Milotic|atk|1
|turn|1
|
|move|p1a: Kouja|U-turn|p2a: Milotic
|-damage|p2a: Milotic|278\/394
|
|switch|p1a: The Sprinkler Syst|Magnezone|344\/344
|move|p2a: Milotic|Scald|p1a: The Sprinkler Syst
|-damage|p1a: The Sprinkler Syst|236\/344
|
|-heal|p2a: Milotic|302\/394|[from] item: Leftovers
|turn|2
|
|switch|p2a: Gliscor|Gliscor, M|354\/354
|switch|p1a: Prawnz|Gyarados, M|332\/332
|-ability|p1a: Prawnz|Intimidate|[of] p2a: Gliscor
|-unboost|p2a: Gliscor|atk|1
|
|-status|p2a: Gliscor|tox|[from] item: Toxic Orb
|turn|3
|
|move|p1a: Prawnz|Substitute|p1a: Prawnz
|-start|p1a: Prawnz|Substitute
|-damage|p1a: Prawnz|249\/332
|move|p2a: Gliscor|Toxic|p1a: Prawnz
|
|-heal|p1a: Prawnz|269\/332|[from] item: Leftovers
|turn|4
|
|switch|p2a: Clefable|Clefable, M|394\/394
|move|p1a: Prawnz|Dragon Dance|p1a: Prawnz
|-boost|p1a: Prawnz|atk|1
|-boost|p1a: Prawnz|spe|1
|
|-heal|p1a: Prawnz|289\/332|[from] item: Leftovers
|turn|5
|
|move|p1a: Prawnz|Waterfall|p2a: Clefable
|-damage|p2a: Clefable|250\/394
|move|p2a: Clefable|Moonblast|p1a: Prawnz
|-end|p1a: Prawnz|Substitute
|
|-heal|p1a: Prawnz|309\/332|[from] item: Leftovers
|-heal|p2a: Clefable|274\/394|[from] item: Leftovers
|turn|6
|
|switch|p1a: Das Bautte|Forretress, M|354\/354
|move|p2a: Clefable|Wish|p2a: Clefable
|
|-heal|p2a: Clefable|298\/394|[from] item: Leftovers
|turn|7
|
|switch|p2a: Gliscor|Gliscor, M|354\/354 tox
|move|p1a: Das Bautte|Stealth Rock|p2a: Gliscor
|-sidestart|p2: suckerformetal|move: Stealth Rock
|
|turn|8
|
|switch|p1a: Tao|Charizard, F|360\/360
|move|p2a: Gliscor|Taunt|p1a: Tao
|-start|p1a: Tao|move: Taunt
|
|turn|9
|
|switch|p1a: Boomkai|Thundurus, M|362\/362
|switch|p2a: Milotic|Milotic, M|302\/394
|-damage|p2a: Milotic|253\/394|[from] Stealth Rock
|
|-heal|p2a: Milotic|277\/394|[from] item: Leftovers
|turn|10
|
|switch|p2a: Gliscor|Gliscor, M|354\/354 tox
|-damage|p2a: Gliscor|310\/354 tox|[from] Stealth Rock
|move|p1a: Boomkai|Taunt|p2a: Gliscor
|-start|p2a: Gliscor|move: Taunt
|
|-heal|p2a: Gliscor|354\/354 tox|[from] ability: Poison Heal
|turn|11
|
|switch|p1a: Prawnz|Gyarados, M|309\/332
|-ability|p1a: Prawnz|Intimidate|[of] p2a: Gliscor
|-unboost|p2a: Gliscor|atk|1
|switch|p2a: Terrakion|Terrakion|323\/323
|-damage|p2a: Terrakion|303\/323|[from] Stealth Rock
|
|-heal|p1a: Prawnz|329\/332|[from] item: Leftovers
|turn|12
|
|switch|p1a: Kouja|Landorus-Therian, M|320\/320
|-ability|p1a: Kouja|Intimidate|[of] p2a: Terrakion
|-unboost|p2a: Terrakion|atk|1
|move|p2a: Terrakion|Swords Dance|p2a: Terrakion
|-boost|p2a: Terrakion|atk|2
|
|turn|13
|
|switch|p2a: Gengar|Gengar, F|261\/261
|-damage|p2a: Gengar|229\/261|[from] Stealth Rock
|move|p1a: Kouja|Earthquake|p2a: Gengar
|-immune|p2a: Gengar|[msg]
|
|-heal|p2a: Gengar|245\/261|[from] item: Black Sludge
|turn|14
|
|switch|p1a: Boomkai|Thundurus, M|362\/362
|move|p2a: Gengar|Shadow Ball|p1a: Boomkai
|-damage|p1a: Boomkai|187\/362
|
|-heal|p2a: Gengar|261\/261|[from] item: Black Sludge
|turn|15
|
|switch|p2a: Gliscor|Gliscor, M|354\/354 tox
|-damage|p2a: Gliscor|310\/354 tox|[from] Stealth Rock
|move|p1a: Boomkai|Thunder Wave|p2a: Gliscor
|-immune|p2a: Gliscor|[msg]
|
|-heal|p2a: Gliscor|354\/354 tox|[from] ability: Poison Heal
|turn|16
|
|switch|p2a: Clefable|Clefable, M|298\/394
|-damage|p2a: Clefable|249\/394|[from] Stealth Rock
|move|p1a: Boomkai|Taunt|p2a: Clefable
|-start|p2a: Clefable|move: Taunt
|
|-heal|p2a: Clefable|273\/394|[from] item: Leftovers
|turn|17
|
|switch|p2a: Gliscor|Gliscor, M|354\/354 tox
|-damage|p2a: Gliscor|310\/354 tox|[from] Stealth Rock
|move|p1a: Boomkai|Volt Switch|p2a: Gliscor
|-immune|p2a: Gliscor|[msg]
|
|-heal|p2a: Gliscor|354\/354 tox|[from] ability: Poison Heal
|turn|18
|
|move|p1a: Boomkai|Taunt|p2a: Gliscor
|-start|p2a: Gliscor|move: Taunt
|cant|p2a: Gliscor|move: Taunt|Toxic
|
|turn|19
|
|switch|p2a: Clefable|Clefable, M|273\/394
|-damage|p2a: Clefable|224\/394|[from] Stealth Rock
|move|p1a: Boomkai|Thunder Wave|p2a: Clefable
|-status|p2a: Clefable|par
|
|-heal|p2a: Clefable|248\/394 par|[from] item: Leftovers
|turn|20
|
|move|p1a: Boomkai|Taunt|p2a: Clefable
|-start|p2a: Clefable|move: Taunt
|cant|p2a: Clefable|move: Taunt|Wish
|
|-heal|p2a: Clefable|272\/394 par|[from] item: Leftovers
|turn|21
|
|move|p1a: Boomkai|Taunt|p2a: Clefable
|-fail|p2a: Clefable
|move|p2a: Clefable|Moonblast|p1a: Boomkai
|-damage|p1a: Boomkai|60\/362
|
|-heal|p2a: Clefable|296\/394 par|[from] item: Leftovers
|turn|22
|
|switch|p2a: Gliscor|Gliscor, M|354\/354 tox
|-damage|p2a: Gliscor|310\/354 tox|[from] Stealth Rock
|move|p1a: Boomkai|Volt Switch|p2a: Gliscor
|-immune|p2a: Gliscor|[msg]
|
|-heal|p2a: Gliscor|354\/354 tox|[from] ability: Poison Heal
|turn|23
|
|switch|p2a: Terrakion|Terrakion|303\/323
|-damage|p2a: Terrakion|283\/323|[from] Stealth Rock
|move|p1a: Boomkai|Taunt|p2a: Terrakion
|-start|p2a: Terrakion|move: Taunt
|
|turn|24
|
|move|p1a: Boomkai|Thunder Wave|p2a: Terrakion
|-status|p2a: Terrakion|par
|cant|p2a: Terrakion|par
|
|turn|25
|
|move|p2a: Terrakion|Quick Attack|p1a: Boomkai
|-damage|p1a: Boomkai|0 fnt
|-damage|p2a: Terrakion|251\/323 par|[from] item: Life Orb
|faint|p1a: Boomkai
|
|
|switch|p1a: Prawnz|Gyarados, M|329\/332
|-ability|p1a: Prawnz|Intimidate|[of] p2a: Terrakion
|-unboost|p2a: Terrakion|atk|1
|turn|26
|
|switch|p2a: Mawile|Mawile, F|304\/304
|-damage|p2a: Mawile|285\/304|[from] Stealth Rock
|-ability|p2a: Mawile|Intimidate|[of] p1a: Prawnz
|-unboost|p1a: Prawnz|atk|1
|move|p1a: Prawnz|Substitute|p1a: Prawnz
|-start|p1a: Prawnz|Substitute
|-damage|p1a: Prawnz|246\/332
|
|-heal|p1a: Prawnz|266\/332|[from] item: Leftovers
|turn|27
|
|switch|p1a: Kouja|Landorus-Therian, M|320\/320
|-ability|p1a: Kouja|Intimidate|[of] p2a: Mawile
|-unboost|p2a: Mawile|atk|1
|detailschange|p2a: Mawile|Mawile-Mega, F
|message|Mawile has Mega Evolved into Mega Mawile!
|move|p2a: Mawile|Play Rough|p1a: Kouja
|-damage|p1a: Kouja|95\/320
|
|turn|28
|
|switch|p1a: The Sprinkler Syst|Magnezone|236\/344
|move|p2a: Mawile|Sucker Punch|p1a: The Sprinkler Syst
|-fail|p1a: The Sprinkler Syst
|
|turn|29
|
|move|p1a: The Sprinkler Syst|Flash Cannon|p2a: Mawile
|-damage|p2a: Mawile|29\/304
|move|p2a: Mawile|Fire Fang|p1a: The Sprinkler Syst
|-supereffective|p1a: The Sprinkler Syst
|-damage|p1a: The Sprinkler Syst|78\/344
|
|turn|30
|
|move|p2a: Mawile|Sucker Punch|p1a: The Sprinkler Syst
|-damage|p1a: The Sprinkler Syst|0 fnt
|faint|p1a: The Sprinkler Syst
|
|
|switch|p1a: Das Bautte|Forretress, M|354\/354
|turn|31
|
|move|p2a: Mawile|Fire Fang|p1a: Das Bautte
|-supereffective|p1a: Das Bautte
|-damage|p1a: Das Bautte|58\/354
|move|p1a: Das Bautte|Gyro Ball|p2a: Mawile
|-damage|p2a: Mawile|0 fnt
|faint|p2a: Mawile
|
|-heal|p1a: Das Bautte|80\/354|[from] item: Leftovers
|
|switch|p2a: Gengar|Gengar, F|261\/261
|-damage|p2a: Gengar|229\/261|[from] Stealth Rock
|turn|32
|
|move|p2a: Gengar|Disable|p1a: Das Bautte
|-start|p1a: Das Bautte|Disable|Gyro Ball
|move|p1a: Das Bautte|Volt Switch|p2a: Gengar
|-damage|p2a: Gengar|186\/261
|
|switch|p1a: Kouja|Landorus-Therian, M|95\/320
|-ability|p1a: Kouja|Intimidate|[of] p2a: Gengar
|-unboost|p2a: Gengar|atk|1
|
|-heal|p2a: Gengar|202\/261|[from] item: Black Sludge
|turn|33
|
|switch|p2a: Gliscor|Gliscor, M|354\/354 tox
|-damage|p2a: Gliscor|310\/354 tox|[from] Stealth Rock
|move|p1a: Kouja|U-turn|p2a: Gliscor
|-resisted|p2a: Gliscor
|-damage|p2a: Gliscor|281\/354 tox
|
|switch|p1a: Prawnz|Gyarados, M|266\/332
|-ability|p1a: Prawnz|Intimidate|[of] p2a: Gliscor
|-unboost|p2a: Gliscor|atk|1
|
|-heal|p1a: Prawnz|286\/332|[from] item: Leftovers
|-heal|p2a: Gliscor|325\/354 tox|[from] ability: Poison Heal
|turn|34
|
|move|p1a: Prawnz|Substitute|p1a: Prawnz
|-start|p1a: Prawnz|Substitute
|-damage|p1a: Prawnz|203\/332
|move|p2a: Gliscor|Taunt|p1a: Prawnz
|-start|p1a: Prawnz|move: Taunt
|
|-heal|p1a: Prawnz|223\/332|[from] item: Leftovers
|-heal|p2a: Gliscor|354\/354 tox|[from] ability: Poison Heal
|turn|35
|
|switch|p2a: Clefable|Clefable, M|296\/394 par
|-damage|p2a: Clefable|247\/394 par|[from] Stealth Rock
|move|p1a: Prawnz|Waterfall|p2a: Clefable
|-crit|p2a: Clefable
|-damage|p2a: Clefable|31\/394 par
|
|-heal|p1a: Prawnz|243\/332|[from] item: Leftovers
|-heal|p2a: Clefable|55\/394 par|[from] item: Leftovers
|turn|36
|
|move|p1a: Prawnz|Waterfall|p2a: Clefable
|-damage|p2a: Clefable|0 fnt
|faint|p2a: Clefable
|
|-heal|p1a: Prawnz|263\/332|[from] item: Leftovers
|
|switch|p2a: Milotic|Milotic, M|277\/394
|-damage|p2a: Milotic|228\/394|[from] Stealth Rock
|turn|37
|
|move|p1a: Prawnz|Waterfall|p2a: Milotic
|-resisted|p2a: Milotic
|-damage|p2a: Milotic|132\/394
|move|p2a: Milotic|Recover|p2a: Milotic
|-heal|p2a: Milotic|329\/394
|
|-heal|p1a: Prawnz|283\/332|[from] item: Leftovers
|-heal|p2a: Milotic|353\/394|[from] item: Leftovers
|-end|p1a: Prawnz|move: Taunt
|turn|38
|
|move|p1a: Prawnz|Dragon Dance|p1a: Prawnz
|-boost|p1a: Prawnz|atk|1
|-boost|p1a: Prawnz|spe|1
|move|p2a: Milotic|Ice Beam|p1a: Prawnz
|-activate|p1a: Prawnz|Substitute|[damage]
|
|-heal|p1a: Prawnz|303\/332|[from] item: Leftovers
|-heal|p2a: Milotic|377\/394|[from] item: Leftovers
|turn|39
|
|move|p1a: Prawnz|Dragon Dance|p1a: Prawnz
|-boost|p1a: Prawnz|atk|1
|-boost|p1a: Prawnz|spe|1
|move|p2a: Milotic|Ice Beam|p1a: Prawnz
|-end|p1a: Prawnz|Substitute
|
|-heal|p1a: Prawnz|323\/332|[from] item: Leftovers
|-heal|p2a: Milotic|394\/394|[from] item: Leftovers
|turn|40
|
|move|p1a: Prawnz|Substitute|p1a: Prawnz
|-start|p1a: Prawnz|Substitute
|-damage|p1a: Prawnz|240\/332
|move|p2a: Milotic|Dragon Tail|p1a: Prawnz
|-activate|p1a: Prawnz|Substitute|[damage]
|
|-heal|p1a: Prawnz|260\/332|[from] item: Leftovers
|turn|41
|leave|suckerformetal
|player|p2
|-message|suckerformetal lost due to inactivity.
|
|win|garrawar
|raw|Ladder updating...
|raw|garrawar's rating: 1500 &rarr; <strong>1519<\/strong><br \/>(+19 for winning)
|raw|suckerformetal's rating: 1496 &rarr; <strong>1476<\/strong><br \/>(-20 for losing)