|join|Ben AV
|join|SuckerforMetal
|player|p1|Ben AV|168
|player|p2|SuckerforMetal|170
|gametype|singles
|gen|6
|tier|OU
|rated
|clearpoke
|poke|p1|Dragonite, M
|poke|p1|Greninja, M
|poke|p1|Scizor, F
|poke|p1|Aegislash, F
|poke|p1|Rotom-Wash
|poke|p1|Talonflame, M
|poke|p2|Venusaur, F
|poke|p2|Rotom-Wash
|poke|p2|Skarmory, M
|poke|p2|Gengar, F
|poke|p2|Landorus-Therian, M
|poke|p2|Infernape, F
|rule|Sleep Clause Mod: Limit one foe put to sleep
|rule|Species Clause: Limit one of each Pokemon
|rule|OHKO Clause: OHKO moves are banned
|rule|Moody Clause: Moody is banned
|rule|Evasion Moves Clause: Evasion moves are banned
|rule|Endless Battle Clause: Forcing endless battles is banned.
|rule|HP Percentage Mod: HP is reported as percentages
|teampreview
|
|start
|switch|p1a: Rotom-Wash|Rotom-Wash|241\/241
|switch|p2a: Rotom-Wash|Rotom-Wash|298\/298
|turn|1
|
|move|p1a: Rotom-Wash|Volt Switch|p2a: Rotom-Wash
|-damage|p2a: Rotom-Wash|198\/298
|
|switch|p1a: Scizor|Scizor, F|344\/344
|move|p2a: Rotom-Wash|Volt Switch|p1a: Scizor
|-damage|p1a: Scizor|248\/344
|
|switch|p2a: Landorus-Therian|Landorus-Therian, M|380\/380
|-ability|p2a: Landorus-Therian|Intimidate|[of] p1a: Scizor
|-unboost|p1a: Scizor|atk|1
|
|turn|2
|
|detailschange|p1a: Scizor|Scizor-Mega, F
|message|Scizor has Mega Evolved into Mega Scizor!
|move|p2a: Landorus-Therian|Stealth Rock|p1a: Scizor
|-sidestart|p1: Ben AV|move: Stealth Rock
|move|p1a: Scizor|Roost|p1a: Scizor
|-heal|p1a: Scizor|344\/344
|
|turn|3
|
|switch|p2a: Infernape|Infernape, F|293\/293
|move|p1a: Scizor|Defog|p2a: Infernape
|-unboost|p2a: Infernape|evasion|1
|-sideend|p1: Ben AV|Stealth Rock|[from] move: Defog|[of] p1a: Scizor
|
|turn|4
|
|switch|p1a: Talonflame|Talonflame, M|297\/297
|move|p2a: Infernape|Close Combat|p1a: Talonflame
|-resisted|p1a: Talonflame
|-damage|p1a: Talonflame|153\/297
|-unboost|p2a: Infernape|def|1
|-unboost|p2a: Infernape|spd|1
|-damage|p2a: Infernape|264\/293|[from] item: Life Orb
|
|turn|5
|
|switch|p2a: Rotom-Wash|Rotom-Wash|198\/298
|move|p1a: Talonflame|U-turn|p2a: Rotom-Wash
|-damage|p2a: Rotom-Wash|102\/298
|
|switch|p1a: Dragonite|Dragonite, M|323\/323
|
|turn|6
|
|move|p1a: Dragonite|Extreme Speed|p2a: Rotom-Wash
|-damage|p2a: Rotom-Wash|9\/298
|move|p2a: Rotom-Wash|Trick|p1a: Dragonite
|-activate|p2a: Rotom-Wash|move: Trick|[of] p1a: Dragonite
|-item|p1a: Dragonite|Choice Scarf|[from] move: Trick
|-item|p2a: Rotom-Wash|Weakness Policy|[from] move: Trick
|
|turn|7
|
|switch|p2a: Gengar|Gengar, F|261\/261
|move|p1a: Dragonite|Extreme Speed|p2a: Gengar
|-immune|p2a: Gengar|[msg]
|
|turn|8
|
|switch|p1a: Rotom-Wash|Rotom-Wash|241\/241
|move|p2a: Gengar|Substitute|p2a: Gengar
|-start|p2a: Gengar|Substitute
|-damage|p2a: Gengar|196\/261
|
|-heal|p2a: Gengar|212\/261|[from] item: Black Sludge
|turn|9
|
|move|p1a: Rotom-Wash|Hydro Pump|p2a: Gengar
|-end|p2a: Gengar|Substitute
|move|p2a: Gengar|Sludge Wave|p1a: Rotom-Wash
|-damage|p1a: Rotom-Wash|81\/241
|
|-heal|p2a: Gengar|228\/261|[from] item: Black Sludge
|turn|10
|
|switch|p2a: Venusaur|Venusaur, F|360\/360
|move|p1a: Rotom-Wash|Hydro Pump|p2a: Venusaur
|-resisted|p2a: Venusaur
|-damage|p2a: Venusaur|303\/360
|
|turn|11
|
|switch|p1a: Talonflame|Talonflame, M|153\/297
|detailschange|p2a: Venusaur|Venusaur-Mega, F
|message|Venusaur has Mega Evolved into Mega Venusaur!
|move|p2a: Venusaur|Leech Seed|p1a: Talonflame
|-start|p1a: Talonflame|move: Leech Seed
|
|-damage|p1a: Talonflame|116\/297|[from] Leech Seed|[of] p2a: Venusaur
|-heal|p2a: Venusaur|340\/360|[silent]
|turn|12
|
|switch|p2a: Skarmory|Skarmory, M|334\/334
|move|p1a: Talonflame|Brave Bird|p2a: Skarmory
|-resisted|p2a: Skarmory
|-damage|p2a: Skarmory|260\/334
|-damage|p1a: Talonflame|92\/297|[from] recoil|[of] p2a: Skarmory
|-damage|p1a: Talonflame|43\/297|[from] item: Rocky Helmet|[of] p2a: Skarmory
|
|-damage|p1a: Talonflame|6\/297|[from] Leech Seed|[of] p2a: Skarmory
|-heal|p2a: Skarmory|297\/334|[silent]
|turn|13
|
|switch|p1a: Rotom-Wash|Rotom-Wash|81\/241
|move|p2a: Skarmory|Spikes|p1a: Rotom-Wash
|-sidestart|p1: Ben AV|Spikes
|
|turn|14
|
|move|p1a: Rotom-Wash|Trick|p2a: Skarmory
|-activate|p1a: Rotom-Wash|move: Trick|[of] p2a: Skarmory
|-item|p2a: Skarmory|Choice Scarf|[from] move: Trick
|-item|p1a: Rotom-Wash|Rocky Helmet|[from] move: Trick
|move|p2a: Skarmory|Roost|p2a: Skarmory
|-heal|p2a: Skarmory|334\/334
|
|turn|15
|
|switch|p2a: Venusaur|Venusaur-Mega, F|340\/360
|move|p1a: Rotom-Wash|Volt Switch|p2a: Venusaur
|-resisted|p2a: Venusaur
|-damage|p2a: Venusaur|309\/360
|
|switch|p1a: Talonflame|Talonflame, M|6\/297
|
|turn|16
|
|switch|p2a: Skarmory|Skarmory, M|334\/334
|move|p1a: Talonflame|U-turn|p2a: Skarmory
|-resisted|p2a: Skarmory
|-damage|p2a: Skarmory|321\/334
|
|switch|p1a: Rotom-Wash|Rotom-Wash|81\/241
|
|turn|17
|
|move|p1a: Rotom-Wash|Volt Switch|p2a: Skarmory
|-supereffective|p2a: Skarmory
|-damage|p2a: Skarmory|39\/334
|
|switch|p1a: Scizor|Scizor-Mega, F|344\/344
|-damage|p1a: Scizor|301\/344|[from] Spikes
|move|p2a: Skarmory|Whirlwind|p1a: Scizor
|drag|p1a: Aegislash|Aegislash, F|324\/324
|-damage|p1a: Aegislash|284\/324|[from] Spikes
|
|-heal|p1a: Aegislash|304\/324|[from] item: Leftovers
|turn|18
|
|-formechange|p1a: Aegislash|Aegislash-Blade
|move|p1a: Aegislash|Shadow Ball|p2a: Skarmory
|-damage|p2a: Skarmory|0 fnt
|faint|p2a: Skarmory
|
|-heal|p1a: Aegislash|324\/324|[from] item: Leftovers
|
|switch|p2a: Landorus-Therian|Landorus-Therian, M|380\/380
|-ability|p2a: Landorus-Therian|Intimidate|[of] p1a: Aegislash
|-unboost|p1a: Aegislash|atk|1
|turn|19
|
|switch|p1a: Rotom-Wash|Rotom-Wash|81\/241
|move|p2a: Landorus-Therian|Stealth Rock|p1a: Rotom-Wash
|-sidestart|p1: Ben AV|move: Stealth Rock
|
|turn|20
|
|switch|p2a: Venusaur|Venusaur-Mega, F|309\/360
|move|p1a: Rotom-Wash|Hydro Pump|p2a: Venusaur
|-resisted|p2a: Venusaur
|-damage|p2a: Venusaur|257\/360
|
|turn|21
|
|switch|p1a: Scizor|Scizor-Mega, F|301\/344
|-damage|p1a: Scizor|258\/344|[from] Stealth Rock
|-damage|p1a: Scizor|215\/344|[from] Spikes
|move|p2a: Venusaur|Leech Seed|p1a: Scizor
|-start|p1a: Scizor|move: Leech Seed
|
|-damage|p1a: Scizor|172\/344|[from] Leech Seed|[of] p2a: Venusaur
|-heal|p2a: Venusaur|300\/360|[silent]
|turn|22
|
|move|p2a: Venusaur|Sleep Powder|p1a: Scizor
|-status|p1a: Scizor|slp
|cant|p1a: Scizor|slp
|
|-damage|p1a: Scizor|129\/344 slp|[from] Leech Seed|[of] p2a: Venusaur
|-heal|p2a: Venusaur|343\/360|[silent]
|turn|23
|
|switch|p2a: Infernape|Infernape, F|264\/293
|switch|p1a: Rotom-Wash|Rotom-Wash|81\/241
|-damage|p1a: Rotom-Wash|51\/241|[from] Stealth Rock
|
|turn|24
|
|move|p2a: Infernape|Mach Punch|p1a: Rotom-Wash
|-damage|p1a: Rotom-Wash|0 fnt
|-damage|p2a: Infernape|216\/293|[from] item: Rocky Helmet|[of] p1a: Rotom-Wash
|-damage|p2a: Infernape|187\/293|[from] item: Life Orb
|faint|p1a: Rotom-Wash
|
|
|switch|p1a: Greninja|Greninja, M|286\/286
|-damage|p1a: Greninja|251\/286|[from] Spikes
|-damage|p1a: Greninja|216\/286|[from] Stealth Rock
|turn|25
|
|switch|p1a: Aegislash|Aegislash, F|324\/324
|-damage|p1a: Aegislash|284\/324|[from] Spikes
|-damage|p1a: Aegislash|264\/324|[from] Stealth Rock
|switch|p2a: Rotom-Wash|Rotom-Wash|9\/298
|
|-heal|p1a: Aegislash|284\/324|[from] item: Leftovers
|turn|26
|
|move|p2a: Rotom-Wash|Pain Split|p1a: Aegislash
|-sethp|p1a: Aegislash|146\/324|p2a: Rotom-Wash|146\/298|[from] move: Pain Split
|move|p1a: Aegislash|Substitute|p1a: Aegislash
|-start|p1a: Aegislash|Substitute
|-damage|p1a: Aegislash|65\/324
|
|-heal|p1a: Aegislash|85\/324|[from] item: Leftovers
|turn|27
|
|move|p1a: Aegislash|King's Shield|p1a: Aegislash
|-singleturn|p1a: Aegislash|Protect
|move|p2a: Rotom-Wash|Volt Switch|p1a: Aegislash
|-activate|p1a: Aegislash|Protect
|
|-heal|p1a: Aegislash|105\/324|[from] item: Leftovers
|turn|28
|
|move|p2a: Rotom-Wash|Volt Switch|p1a: Aegislash
|-activate|p1a: Aegislash|Substitute|[damage]
|
|switch|p2a: Venusaur|Venusaur-Mega, F|343\/360
|-formechange|p1a: Aegislash|Aegislash-Blade
|move|p1a: Aegislash|Shadow Ball|p2a: Venusaur
|-damage|p2a: Venusaur|256\/360
|
|-heal|p1a: Aegislash|125\/324|[from] item: Leftovers
|turn|29
|
|move|p2a: Venusaur|Giga Drain|p1a: Aegislash
|-resisted|p1a: Aegislash
|-end|p1a: Aegislash|Substitute
|-heal|p2a: Venusaur|270\/360|[from] drain|[of] p1a: Aegislash
|move|p1a: Aegislash|Shadow Ball|p2a: Venusaur
|-damage|p2a: Venusaur|180\/360
|
|-heal|p1a: Aegislash|145\/324|[from] item: Leftovers
|turn|30
|
|switch|p2a: Rotom-Wash|Rotom-Wash|146\/298
|move|p1a: Aegislash|Shadow Ball|p2a: Rotom-Wash
|-damage|p2a: Rotom-Wash|25\/298
|-unboost|p2a: Rotom-Wash|spd|1
|
|-heal|p1a: Aegislash|165\/324|[from] item: Leftovers
|turn|31
|
|switch|p2a: Landorus-Therian|Landorus-Therian, M|380\/380
|-ability|p2a: Landorus-Therian|Intimidate|[of] p1a: Aegislash
|-unboost|p1a: Aegislash|atk|1
|move|p1a: Aegislash|Shadow Ball|p2a: Landorus-Therian
|-crit|p2a: Landorus-Therian
|-damage|p2a: Landorus-Therian|127\/380
|
|-heal|p2a: Landorus-Therian|150\/380|[from] item: Leftovers
|-heal|p1a: Aegislash|185\/324|[from] item: Leftovers
|turn|32
|
|-formechange|p1a: Aegislash|Aegislash
|move|p1a: Aegislash|King's Shield|p1a: Aegislash
|-singleturn|p1a: Aegislash|Protect
|move|p2a: Landorus-Therian|Knock Off|p1a: Aegislash
|-activate|p1a: Aegislash|Protect
|-unboost|p2a: Landorus-Therian|atk|2
|
|-heal|p2a: Landorus-Therian|173\/380|[from] item: Leftovers
|-heal|p1a: Aegislash|205\/324|[from] item: Leftovers
|turn|33
|
|move|p2a: Landorus-Therian|Knock Off|p1a: Aegislash
|-supereffective|p1a: Aegislash
|-damage|p1a: Aegislash|113\/324
|-enditem|p1a: Aegislash|Leftovers|[from] move: Knock Off|[of] p2a: Landorus-Therian
|move|p1a: Aegislash|Toxic|p2a: Landorus-Therian
|-status|p2a: Landorus-Therian|tox
|
|-heal|p2a: Landorus-Therian|196\/380 tox|[from] item: Leftovers
|-damage|p2a: Landorus-Therian|173\/380 tox|[from] psn
|turn|34
|
|switch|p2a: Venusaur|Venusaur-Mega, F|180\/360
|move|p1a: Aegislash|King's Shield|p1a: Aegislash
|-fail|p1a: Aegislash
|
|turn|35
|
|move|p2a: Venusaur|Leech Seed|p1a: Aegislash
|-start|p1a: Aegislash|move: Leech Seed
|-formechange|p1a: Aegislash|Aegislash-Blade
|move|p1a: Aegislash|Shadow Ball|p2a: Venusaur
|-damage|p2a: Venusaur|101\/360
|
|-damage|p1a: Aegislash|73\/324|[from] Leech Seed|[of] p2a: Venusaur
|-heal|p2a: Venusaur|141\/360|[silent]
|turn|36
|
|move|p2a: Venusaur|Giga Drain|p1a: Aegislash
|-resisted|p1a: Aegislash
|-damage|p1a: Aegislash|16\/324
|-heal|p2a: Venusaur|170\/360|[from] drain|[of] p1a: Aegislash
|move|p1a: Aegislash|Shadow Ball|p2a: Venusaur
|-damage|p2a: Venusaur|77\/360
|
|-damage|p1a: Aegislash|0 fnt|[from] Leech Seed|[of] p2a: Venusaur
|-heal|p2a: Venusaur|93\/360|[silent]
|faint|p1a: Aegislash
|
|switch|p1a: Greninja|Greninja, M|216\/286
|-damage|p1a: Greninja|181\/286|[from] Stealth Rock
|-damage|p1a: Greninja|146\/286|[from] Spikes
|turn|37
|
|switch|p2a: Rotom-Wash|Rotom-Wash|25\/298
|-start|p1a: Greninja|typechange|Water|[from] Protean
|move|p1a: Greninja|Hydro Pump|p2a: Rotom-Wash
|-resisted|p2a: Rotom-Wash
|-damage|p2a: Rotom-Wash|0 fnt
|-damage|p1a: Greninja|118\/286|[from] item: Life Orb
|faint|p2a: Rotom-Wash
|
|
|switch|p2a: Infernape|Infernape, F|187\/293
|turn|38
|
|move|p2a: Infernape|Mach Punch|p1a: Greninja
|-damage|p1a: Greninja|9\/286
|-damage|p2a: Infernape|158\/293|[from] item: Life Orb
|move|p1a: Greninja|Hydro Pump|p2a: Infernape
|-supereffective|p2a: Infernape
|-damage|p2a: Infernape|0 fnt
|-damage|p1a: Greninja|0 fnt|[from] item: Life Orb
|faint|p2a: Infernape
|faint|p1a: Greninja
|
|
|switch|p1a: Talonflame|Talonflame, M|6\/297
|-damage|p1a: Talonflame|0 fnt|[from] Stealth Rock
|faint|p1a: Talonflame
|switch|p2a: Landorus-Therian|Landorus-Therian, M|173\/380 tox
|
|switch|p1a: Dragonite|Dragonite, M|323\/323
|-damage|p1a: Dragonite|243\/323|[from] Stealth Rock
|turn|39
|
|move|p1a: Dragonite|Dragon Dance|p1a: Dragonite
|-boost|p1a: Dragonite|atk|1
|-boost|p1a: Dragonite|spe|1
|move|p2a: Landorus-Therian|Stone Edge|p1a: Dragonite
|-crit|p1a: Dragonite
|-supereffective|p1a: Dragonite
|-damage|p1a: Dragonite|0 fnt
|faint|p1a: Dragonite
|
|-heal|p2a: Landorus-Therian|196\/380 tox|[from] item: Leftovers
|-damage|p2a: Landorus-Therian|173\/380 tox|[from] psn
|
|switch|p1a: Scizor|Scizor-Mega, F|129\/344 slp
|-damage|p1a: Scizor|86\/344 slp|[from] Stealth Rock
|-damage|p1a: Scizor|43\/344 slp|[from] Spikes
|turn|40
|chat|Ben AV|Good game.
|
|move|p2a: Landorus-Therian|Earthquake|p1a: Scizor
|-damage|p1a: Scizor|0 fnt
|faint|p1a: Scizor
|
|win|SuckerforMetal
|raw|Ladder updating...
|chat|SuckerforMetal|gg
|raw|Ben AV's rating: 1539 &rarr; <strong>1524<\/strong><br \/>(-15 for losing)
|raw|SuckerforMetal's rating: 1620 &rarr; <strong>1635<\/strong><br \/>(+15 for winning)
|leave|Ben AV
|player|p1