|join|designer drugs
|join|SuckerforMetal
|player|p1|designer drugs|170
|player|p2|SuckerforMetal|163
|gametype|singles
|tier|OU
|rated
|rule|Evasion Abilities Clause: Evasion abilities are banned
|clearpoke
|poke|p1|Skarmory, F
|poke|p1|Gengar, F
|poke|p1|Landorus-Therian, M
|poke|p1|Scizor, M
|poke|p1|Dragonite, M
|poke|p1|Keldeo
|poke|p2|Gengar, M, shiny
|poke|p2|Scizor, M
|poke|p2|Hydreigon, M
|poke|p2|Jirachi
|poke|p2|Rotom-Wash
|poke|p2|Gliscor, M
|rule|Sleep Clause Mod: Limit one foe put to sleep
|rule|Species Clause: Limit one of each Pokemon
|rule|OHKO Clause: OHKO moves are banned
|rule|Moody Clause: Moody is banned
|rule|Evasion Moves Clause: Evasion moves are banned
|rule|HP Percentage Mod: HP is reported as percentages
|teampreview
|callback|decision
|
|start
|switch|p1a: Skarmory|Skarmory, F|271\/271
|switch|p2a: Rotom-Wash|Rotom-Wash|298\/298
|turn|1
|callback|decision
|
|move|p2a: Rotom-Wash|Will-O-Wisp|p1a: Skarmory
|-status|p1a: Skarmory|brn
|move|p1a: Skarmory|Stealth Rock|p2a: Rotom-Wash
|-sidestart|p2: SuckerforMetal|move: Stealth Rock
|
|-damage|p1a: Skarmory|238\/271 brn|[from] brn
|turn|2
|callback|decision
|
|move|p2a: Rotom-Wash|Will-O-Wisp|p1a: Skarmory|[miss]
|-miss|p2a: Rotom-Wash|p1a: Skarmory
|move|p1a: Skarmory|Spikes|p2a: Rotom-Wash
|-sidestart|p2: SuckerforMetal|Spikes
|
|-damage|p1a: Skarmory|205\/271 brn|[from] brn
|turn|3
|callback|decision
|
|move|p2a: Rotom-Wash|Thunderbolt|p1a: Skarmory
|-supereffective|p1a: Skarmory
|-damage|p1a: Skarmory|0 fnt
|faint|p1a: Skarmory
|
|callback|decision
|
|switch|p1a: Dragonite|Dragonite, M|323\/323
|turn|4
|callback|decision
|
|switch|p2a: Gliscor|Gliscor, M|354\/354
|-damage|p2a: Gliscor|310\/354|[from] Stealth Rock
|move|p1a: Dragonite|Dragon Dance|p1a: Dragonite
|-boost|p1a: Dragonite|atk|1
|-boost|p1a: Dragonite|spe|1
|
|-activate|p2a: Gliscor|item: Toxic Orb
|-status|p2a: Gliscor|tox
|turn|5
|callback|decision
|
|move|p1a: Dragonite|Dragon Dance|p1a: Dragonite
|-boost|p1a: Dragonite|atk|1
|-boost|p1a: Dragonite|spe|1
|move|p2a: Gliscor|Ice Fang|p1a: Dragonite
|-supereffective|p1a: Dragonite
|-damage|p1a: Dragonite|223\/323
|
|-heal|p2a: Gliscor|354\/354 tox|[from] ability: Poison Heal
|turn|6
|callback|decision
|
|move|p1a: Dragonite|Outrage|p2a: Gliscor
|-damage|p2a: Gliscor|53\/354 tox
|move|p2a: Gliscor|Ice Fang|p1a: Dragonite
|-supereffective|p1a: Dragonite
|-damage|p1a: Dragonite|27\/323
|
|-heal|p2a: Gliscor|97\/354 tox|[from] ability: Poison Heal
|turn|7
|callback|decision
|
|move|p1a: Dragonite|Outrage|p2a: Gliscor
|-damage|p2a: Gliscor|0 fnt
|faint|p2a: Gliscor
|
|callback|decision
|
|switch|p2a: Scizor|Scizor, M|343\/343
|-damage|p2a: Scizor|301\/343|[from] Spikes
|-damage|p2a: Scizor|259\/343|[from] Stealth Rock
|turn|8
|callback|decision
|
|move|p2a: Scizor|Bullet Punch|p1a: Dragonite
|-damage|p1a: Dragonite|0 fnt
|faint|p1a: Dragonite
|
|-heal|p2a: Scizor|280\/343|[from] item: Leftovers
|callback|decision
|
|switch|p1a: Keldeo|Keldeo|323\/323
|turn|9
|callback|decision
|
|switch|p2a: Jirachi|Jirachi|404\/404
|-damage|p2a: Jirachi|379\/404|[from] Stealth Rock
|-damage|p2a: Jirachi|329\/404|[from] Spikes
|move|p1a: Keldeo|Calm Mind|p1a: Keldeo
|-boost|p1a: Keldeo|spa|1
|-boost|p1a: Keldeo|spd|1
|
|-heal|p2a: Jirachi|354\/404|[from] item: Leftovers
|turn|10
|callback|decision
|
|move|p1a: Keldeo|Hydro Pump|p2a: Jirachi|[miss]
|-miss|p1a: Keldeo|p2a: Jirachi
|move|p2a: Jirachi|Thunder Wave|p1a: Keldeo
|-status|p1a: Keldeo|par
|
|-heal|p2a: Jirachi|379\/404|[from] item: Leftovers
|turn|11
|callback|decision
|
|move|p2a: Jirachi|Stealth Rock|p1a: Keldeo
|-sidestart|p1: designer drugs|move: Stealth Rock
|cant|p1a: Keldeo|par
|
|-heal|p2a: Jirachi|404\/404|[from] item: Leftovers
|turn|12
|callback|decision
|
|move|p2a: Jirachi|Wish|p2a: Jirachi
|move|p1a: Keldeo|Hydro Pump|p2a: Jirachi
|-damage|p2a: Jirachi|184\/404
|
|-heal|p2a: Jirachi|209\/404|[from] item: Leftovers
|turn|13
|callback|decision
|
|switch|p2a: Rotom-Wash|Rotom-Wash|298\/298
|-damage|p2a: Rotom-Wash|261\/298|[from] Stealth Rock
|move|p1a: Keldeo|Calm Mind|p1a: Keldeo
|-boost|p1a: Keldeo|spa|1
|-boost|p1a: Keldeo|spd|1
|
|-heal|p2a: Rotom-Wash|298\/298|[from] move: Wish|[wisher] Jirachi
|turn|14
|callback|decision
|
|move|p2a: Rotom-Wash|Thunderbolt|p1a: Keldeo
|-supereffective|p1a: Keldeo
|-damage|p1a: Keldeo|173\/323 par
|move|p1a: Keldeo|Secret Sword|p2a: Rotom-Wash
|-damage|p2a: Rotom-Wash|25\/298
|
|-heal|p2a: Rotom-Wash|43\/298|[from] item: Leftovers
|turn|15
|callback|decision
|
|move|p2a: Rotom-Wash|Thunderbolt|p1a: Keldeo
|-supereffective|p1a: Keldeo
|-damage|p1a: Keldeo|27\/323 par
|move|p1a: Keldeo|Secret Sword|p2a: Rotom-Wash
|-damage|p2a: Rotom-Wash|0 fnt
|faint|p2a: Rotom-Wash
|
|callback|decision
|
|switch|p2a: Jirachi|Jirachi|209\/404
|-damage|p2a: Jirachi|184\/404|[from] Stealth Rock
|-damage|p2a: Jirachi|134\/404|[from] Spikes
|turn|16
|callback|decision
|
|move|p2a: Jirachi|Iron Head|p1a: Keldeo
|-resisted|p1a: Keldeo
|-damage|p1a: Keldeo|0 fnt
|faint|p1a: Keldeo
|
|-heal|p2a: Jirachi|159\/404|[from] item: Leftovers
|callback|decision
|
|switch|p1a: Landorus-Therian|Landorus-Therian, M|338\/338
|-damage|p1a: Landorus-Therian|296\/338|[from] Stealth Rock
|-ability|p1a: Landorus-Therian|Intimidate|[of] p2a: Jirachi
|-unboost|p2a: Jirachi|atk|1
|turn|17
|callback|decision
|
|move|p1a: Landorus-Therian|Rock Polish|p1a: Landorus-Therian
|-boost|p1a: Landorus-Therian|spe|2
|move|p2a: Jirachi|Wish|p2a: Jirachi
|
|-heal|p2a: Jirachi|184\/404|[from] item: Leftovers
|turn|18
|callback|decision
|
|move|p1a: Landorus-Therian|Swords Dance|p1a: Landorus-Therian
|-boost|p1a: Landorus-Therian|atk|2
|move|p2a: Jirachi|Iron Head|p1a: Landorus-Therian
|-crit|p1a: Landorus-Therian
|-damage|p1a: Landorus-Therian|103\/338
|
|-heal|p2a: Jirachi|386\/404|[from] move: Wish|[wisher] Jirachi
|-heal|p2a: Jirachi|404\/404|[from] item: Leftovers
|turn|19
|callback|decision
|
|move|p1a: Landorus-Therian|Earthquake|p2a: Jirachi
|-supereffective|p2a: Jirachi
|-damage|p2a: Jirachi|0 fnt
|faint|p2a: Jirachi
|
|callback|decision
|
|switch|p2a: Scizor|Scizor, M|280\/343
|-damage|p2a: Scizor|238\/343|[from] Stealth Rock
|-damage|p2a: Scizor|196\/343|[from] Spikes
|turn|20
|callback|decision
|
|move|p2a: Scizor|Bullet Punch|p1a: Landorus-Therian
|-damage|p1a: Landorus-Therian|0 fnt
|faint|p1a: Landorus-Therian
|
|-heal|p2a: Scizor|217\/343|[from] item: Leftovers
|callback|decision
|
|switch|p1a: Gengar|Gengar, F|261\/261
|-damage|p1a: Gengar|229\/261|[from] Stealth Rock
|turn|21
|callback|decision
|
|move|p2a: Scizor|Bullet Punch|p1a: Gengar
|-damage|p1a: Gengar|57\/261
|move|p1a: Gengar|Focus Blast|p2a: Scizor
|-damage|p2a: Scizor|0 fnt
|-damage|p1a: Gengar|31\/261|[from] item: Life Orb
|faint|p2a: Scizor
|
|callback|decision
|
|switch|p2a: Gengar|Gengar, M, shiny|262\/262
|-damage|p2a: Gengar|230\/262|[from] Stealth Rock
|turn|22
|callback|decision
|
|move|p2a: Gengar|Shadow Ball|p1a: Gengar
|-supereffective|p1a: Gengar
|-damage|p1a: Gengar|0 fnt
|faint|p1a: Gengar
|
|-heal|p2a: Gengar|246\/262|[from] item: Black Sludge
|callback|decision
|
|switch|p1a: Scizor|Scizor, M|329\/329
|-damage|p1a: Scizor|288\/329|[from] Stealth Rock
|turn|23
|callback|decision
|
|move|p2a: Gengar|Substitute|p2a: Gengar
|-start|p2a: Gengar|Substitute
|-damage|p2a: Gengar|181\/262
|move|p1a: Scizor|Swords Dance|p1a: Scizor
|-boost|p1a: Scizor|atk|2
|
|-heal|p2a: Gengar|197\/262|[from] item: Black Sludge
|turn|24
|callback|decision
|
|move|p2a: Gengar|Disable|p1a: Scizor
|-start|p1a: Scizor|Disable|Swords Dance
|move|p1a: Scizor|Bug Bite|p2a: Gengar
|-resisted|p2a: Gengar
|-end|p2a: Gengar|Substitute
|
|-heal|p2a: Gengar|213\/262|[from] item: Black Sludge
|turn|25
|callback|decision
|
|move|p1a: Scizor|Bullet Punch|p2a: Gengar
|-damage|p2a: Gengar|0 fnt
|faint|p2a: Gengar
|
|callback|decision
|
|switch|p2a: Hydreigon|Hydreigon, M|326\/326
|-damage|p2a: Hydreigon|286\/326|[from] Stealth Rock
|turn|26
|callback|decision
|
|move|p1a: Scizor|Bullet Punch|p2a: Hydreigon
|-damage|p2a: Hydreigon|0 fnt
|faint|p2a: Hydreigon
|
|win|designer drugs
|raw|Ladder updating...
|raw|designer drugs's rating: 1884 &rarr; <strong>1887<\/strong><br \/>(+3 for winning)
|raw|SuckerforMetal's rating: 1715 &rarr; <strong>1713<\/strong><br \/>(-2 for losing)
|player|p2
|leave|SuckerforMetal