|join|KelKun
|join|Suckerformetal
|player|p1|KelKun|260
|player|p2|Suckerformetal|1
|gametype|singles
|gen|6
|tier|OU
|rated
|clearpoke
|poke|p1|Landorus-Therian, M
|poke|p1|Tyranitar, F
|poke|p1|Rotom-Wash
|poke|p1|Talonflame, M
|poke|p1|Latios, M
|poke|p1|Conkeldurr, M
|poke|p2|Gengar, M, shiny
|poke|p2|Hydreigon, M
|poke|p2|Scizor, M
|poke|p2|Azumarill, F
|poke|p2|Heatran, M, shiny
|poke|p2|Mienshao, F
|rule|Sleep Clause Mod: Limit one foe put to sleep
|rule|Species Clause: Limit one of each Pokemon
|rule|OHKO Clause: OHKO moves are banned
|rule|Moody Clause: Moody is banned
|rule|Evasion Moves Clause: Evasion moves are banned
|rule|Endless Battle Clause: Forcing endless battles is banned.
|rule|HP Percentage Mod: HP is reported as percentages
|teampreview
|
|start
|switch|p1a: Landorus-Therian|Landorus-Therian, M|381\/381
|switch|p2a: Hydreigon|Hydreigon, M|325\/325
|-ability|p1a: Landorus-Therian|Intimidate|[of] p2a: Hydreigon
|-unboost|p2a: Hydreigon|atk|1
|turn|1
|
|switch|p1a: Tyranitar|Tyranitar, F|404\/404
|-weather|Sandstorm
|move|p2a: Hydreigon|U-turn|p1a: Tyranitar
|-supereffective|p1a: Tyranitar
|-damage|p1a: Tyranitar|344\/404
|
|switch|p2a: Modest Mouse|Azumarill, F|400\/400
|
|-weather|Sandstorm|[upkeep]
|-damage|p2a: Modest Mouse|375\/400|[from] sandstorm
|turn|2
|
|switch|p1a: Rotom-Wash|Rotom-Wash|304\/304
|move|p2a: Modest Mouse|Play Rough|p1a: Rotom-Wash
|-damage|p1a: Rotom-Wash|168\/304
|
|-weather|Sandstorm|[upkeep]
|-damage|p1a: Rotom-Wash|149\/304|[from] sandstorm
|-damage|p2a: Modest Mouse|350\/400|[from] sandstorm
|-heal|p1a: Rotom-Wash|168\/304|[from] item: Leftovers
|turn|3
|
|switch|p2a: Hydreigon|Hydreigon, M|325\/325
|move|p1a: Rotom-Wash|Volt Switch|p2a: Hydreigon
|-resisted|p2a: Hydreigon
|-damage|p2a: Hydreigon|278\/325
|
|switch|p1a: Conkeldurr|Conkeldurr, M|414\/414
|
|-weather|Sandstorm|[upkeep]
|-damage|p2a: Hydreigon|258\/325|[from] sandstorm
|-damage|p1a: Conkeldurr|389\/414|[from] sandstorm
|turn|4
|
|move|p2a: Hydreigon|U-turn|p1a: Conkeldurr
|-crit|p1a: Conkeldurr
|-resisted|p1a: Conkeldurr
|-damage|p1a: Conkeldurr|350\/414
|
|switch|p2a: Modest Mouse|Azumarill, F|350\/400
|move|p1a: Conkeldurr|Knock Off|p2a: Modest Mouse
|-resisted|p2a: Modest Mouse
|-damage|p2a: Modest Mouse|267\/400
|-enditem|p2a: Modest Mouse|Sitrus Berry|[from] move: Knock Off|[of] p1a: Conkeldurr
|
|-weather|Sandstorm|[upkeep]
|-damage|p2a: Modest Mouse|242\/400|[from] sandstorm
|-damage|p1a: Conkeldurr|325\/414|[from] sandstorm
|turn|5
|
|switch|p1a: Landorus-Therian|Landorus-Therian, M|381\/381
|-ability|p1a: Landorus-Therian|Intimidate|[of] p2a: Modest Mouse
|-unboost|p2a: Modest Mouse|atk|1
|move|p2a: Modest Mouse|Play Rough|p1a: Landorus-Therian
|-damage|p1a: Landorus-Therian|281\/381
|
|-weather|none
|-heal|p1a: Landorus-Therian|304\/381|[from] item: Leftovers
|turn|6
|
|switch|p1a: Rotom-Wash|Rotom-Wash|168\/304
|move|p2a: Modest Mouse|Waterfall|p1a: Rotom-Wash
|-resisted|p1a: Rotom-Wash
|-damage|p1a: Rotom-Wash|132\/304
|
|-heal|p1a: Rotom-Wash|151\/304|[from] item: Leftovers
|turn|7
|
|move|p1a: Rotom-Wash|Volt Switch|p2a: Modest Mouse
|-supereffective|p2a: Modest Mouse
|-damage|p2a: Modest Mouse|44\/400
|
|switch|p1a: Landorus-Therian|Landorus-Therian, M|304\/381
|-ability|p1a: Landorus-Therian|Intimidate|[of] p2a: Modest Mouse
|-unboost|p2a: Modest Mouse|atk|1
|move|p2a: Modest Mouse|Play Rough|p1a: Landorus-Therian
|-damage|p1a: Landorus-Therian|220\/381
|-unboost|p1a: Landorus-Therian|atk|1
|
|-heal|p1a: Landorus-Therian|243\/381|[from] item: Leftovers
|turn|8
|
|move|p2a: Modest Mouse|Aqua Jet|p1a: Landorus-Therian
|-supereffective|p1a: Landorus-Therian
|-damage|p1a: Landorus-Therian|169\/381
|move|p1a: Landorus-Therian|Stealth Rock|p2a: Modest Mouse
|-sidestart|p2: Suckerformetal|move: Stealth Rock
|
|-heal|p1a: Landorus-Therian|192\/381|[from] item: Leftovers
|turn|9
|
|switch|p2a: Gengar|Gengar, M, shiny|261\/261
|-damage|p2a: Gengar|229\/261|[from] Stealth Rock
|move|p1a: Landorus-Therian|Earthquake|p2a: Gengar
|-immune|p2a: Gengar|[msg]
|
|-heal|p1a: Landorus-Therian|215\/381|[from] item: Leftovers
|turn|10
|
|switch|p2a: Modest Mouse|Azumarill, F|44\/400
|-damage|p2a: Modest Mouse|0 fnt|[from] Stealth Rock
|faint|p2a: Modest Mouse
|switch|p1a: Tyranitar|Tyranitar, F|344\/404
|-weather|Sandstorm
|
|-weather|Sandstorm|[upkeep]
|
|switch|p2a: Mienshao|Mienshao, F|271\/271
|-damage|p2a: Mienshao|255\/271|[from] Stealth Rock
|turn|11
|
|switch|p1a: Landorus-Therian|Landorus-Therian, M|215\/381
|-ability|p1a: Landorus-Therian|Intimidate|[of] p2a: Mienshao
|-unboost|p2a: Mienshao|atk|1
|move|p2a: Mienshao|U-turn|p1a: Landorus-Therian
|-resisted|p1a: Landorus-Therian
|-damage|p1a: Landorus-Therian|186\/381
|-damage|p2a: Mienshao|228\/271|[from] item: Life Orb
|
|switch|p2a: Gengar|Gengar, M, shiny|229\/261
|-damage|p2a: Gengar|197\/261|[from] Stealth Rock
|
|-weather|Sandstorm|[upkeep]
|-damage|p2a: Gengar|181\/261|[from] sandstorm
|-heal|p1a: Landorus-Therian|209\/381|[from] item: Leftovers
|turn|12
|
|switch|p1a: Tyranitar|Tyranitar, F|344\/404
|move|p2a: Gengar|Shadow Ball|p1a: Tyranitar
|-resisted|p1a: Tyranitar
|-damage|p1a: Tyranitar|301\/404
|-unboost|p1a: Tyranitar|spd|1
|-damage|p2a: Gengar|155\/261|[from] item: Life Orb
|
|-weather|Sandstorm|[upkeep]
|-damage|p2a: Gengar|139\/261|[from] sandstorm
|turn|13
|
|move|p2a: Gengar|Substitute|p2a: Gengar
|-start|p2a: Gengar|Substitute
|-damage|p2a: Gengar|74\/261
|move|p1a: Tyranitar|Stone Edge|p2a: Gengar|[miss]
|-miss|p1a: Tyranitar|p2a: Gengar
|
|-weather|Sandstorm|[upkeep]
|-damage|p2a: Gengar|58\/261|[from] sandstorm
|turn|14
|
|move|p2a: Gengar|Pain Split|p1a: Tyranitar
|-sethp|p1a: Tyranitar|179\/404|p2a: Gengar|179\/261|[from] move: Pain Split
|move|p1a: Tyranitar|Crunch|p2a: Gengar
|-supereffective|p2a: Gengar
|-end|p2a: Gengar|Substitute
|
|-weather|none
|turn|15
|
|switch|p2a: Mienshao|Mienshao, F|271\/271
|-damage|p2a: Mienshao|255\/271|[from] Stealth Rock
|move|p1a: Tyranitar|Crunch|p2a: Mienshao
|-resisted|p2a: Mienshao
|-damage|p2a: Mienshao|143\/271
|
|turn|16
|
|move|p2a: Mienshao|Knock Off|p1a: Tyranitar
|-resisted|p1a: Tyranitar
|-damage|p1a: Tyranitar|110\/404
|-enditem|p1a: Tyranitar|Assault Vest|[from] move: Knock Off|[of] p2a: Mienshao
|-damage|p2a: Mienshao|116\/271|[from] item: Life Orb
|move|p1a: Tyranitar|Stone Edge|p2a: Mienshao|[miss]
|-miss|p1a: Tyranitar|p2a: Mienshao
|
|turn|17
|
|move|p2a: Mienshao|U-turn|p1a: Tyranitar
|-supereffective|p1a: Tyranitar
|-damage|p1a: Tyranitar|0 fnt
|-damage|p2a: Mienshao|89\/271|[from] item: Life Orb
|faint|p1a: Tyranitar
|
|switch|p2a: Gengar|Gengar, M, shiny|179\/261
|-damage|p2a: Gengar|147\/261|[from] Stealth Rock
|
|
|switch|p1a: Talonflame|Talonflame, M|297\/297
|turn|18
|
|switch|p2a: Heatran|Heatran, M, shiny|380\/380
|-damage|p2a: Heatran|333\/380|[from] Stealth Rock
|move|p1a: Talonflame|Brave Bird|p2a: Heatran
|-resisted|p2a: Heatran
|-damage|p2a: Heatran|222\/380
|-damage|p1a: Talonflame|260\/297|[from] recoil|[of] p2a: Heatran
|
|-heal|p2a: Heatran|245\/380|[from] item: Leftovers
|turn|19
|
|switch|p1a: Conkeldurr|Conkeldurr, M|325\/414
|move|p2a: Heatran|Stealth Rock|p1a: Conkeldurr
|-sidestart|p1: KelKun|move: Stealth Rock
|
|-heal|p2a: Heatran|268\/380|[from] item: Leftovers
|turn|20
|
|move|p2a: Heatran|Lava Plume|p1a: Conkeldurr
|-damage|p1a: Conkeldurr|175\/414
|move|p1a: Conkeldurr|Knock Off|p2a: Heatran
|-damage|p2a: Heatran|136\/380
|-enditem|p2a: Heatran|Leftovers|[from] move: Knock Off|[of] p1a: Conkeldurr
|
|turn|21
|
|move|p2a: Heatran|Lava Plume|p1a: Conkeldurr
|-damage|p1a: Conkeldurr|19\/414
|-status|p1a: Conkeldurr|brn
|move|p1a: Conkeldurr|Drain Punch|p2a: Heatran
|-supereffective|p2a: Heatran
|-damage|p2a: Heatran|0 fnt
|-heal|p1a: Conkeldurr|87\/414 brn|[from] drain|[of] p2a: Heatran
|faint|p2a: Heatran
|
|-damage|p1a: Conkeldurr|36\/414 brn|[from] brn
|
|switch|p2a: Gengar|Gengar, M, shiny|147\/261
|-damage|p2a: Gengar|115\/261|[from] Stealth Rock
|turn|22
|
|move|p2a: Gengar|Shadow Ball|p1a: Conkeldurr
|-damage|p1a: Conkeldurr|0 fnt
|-damage|p2a: Gengar|89\/261|[from] item: Life Orb
|faint|p1a: Conkeldurr
|
|
|switch|p1a: Talonflame|Talonflame, M|260\/297
|-damage|p1a: Talonflame|112\/297|[from] Stealth Rock
|turn|23
|
|move|p1a: Talonflame|Brave Bird|p2a: Gengar
|-damage|p2a: Gengar|0 fnt
|-damage|p1a: Talonflame|83\/297|[from] recoil|[of] p2a: Gengar
|faint|p2a: Gengar
|
|
|switch|p2a: Mienshao|Mienshao, F|179\/271
|-damage|p2a: Mienshao|163\/271|[from] Stealth Rock
|turn|24
|
|move|p1a: Talonflame|Brave Bird|p2a: Mienshao
|-crit|p2a: Mienshao
|-supereffective|p2a: Mienshao
|-damage|p2a: Mienshao|0 fnt
|-damage|p1a: Talonflame|29\/297|[from] recoil|[of] p2a: Mienshao
|faint|p2a: Mienshao
|
|
|switch|p2a: Scizor|Scizor, M|340\/340
|-damage|p2a: Scizor|298\/340|[from] Stealth Rock
|turn|25
|
|detailschange|p2a: Scizor|Scizor-Mega, M
|message|Scizor has Mega Evolved into Mega Scizor!
|move|p1a: Talonflame|Brave Bird|p2a: Scizor
|-damage|p2a: Scizor|105\/340
|-damage|p1a: Talonflame|0 fnt|[from] recoil|[of] p2a: Scizor
|faint|p1a: Talonflame
|move|p2a: Scizor|Bullet Punch|p1: Talonflame|[notarget]
|-notarget
|
|
|switch|p1a: Landorus-Therian|Landorus-Therian, M|209\/381
|-damage|p1a: Landorus-Therian|162\/381|[from] Stealth Rock
|-ability|p1a: Landorus-Therian|Intimidate|[of] p2a: Scizor
|-unboost|p2a: Scizor|atk|1
|turn|26
|
|move|p1a: Landorus-Therian|Earthquake|p2a: Scizor
|-damage|p2a: Scizor|0 fnt
|faint|p2a: Scizor
|
|-heal|p1a: Landorus-Therian|185\/381|[from] item: Leftovers
|
|switch|p2a: Hydreigon|Hydreigon, M|258\/325
|-damage|p2a: Hydreigon|218\/325|[from] Stealth Rock
|turn|27
|
|move|p2a: Hydreigon|Dark Pulse|p1a: Landorus-Therian
|-damage|p1a: Landorus-Therian|7\/381
|move|p1a: Landorus-Therian|U-turn|p2a: Hydreigon
|-supereffective|p2a: Hydreigon
|-damage|p2a: Hydreigon|52\/325
|
|switch|p1a: Rotom-Wash|Rotom-Wash|151\/304
|-damage|p1a: Rotom-Wash|113\/304|[from] Stealth Rock
|
|-heal|p1a: Rotom-Wash|132\/304|[from] item: Leftovers
|turn|28
|
|move|p2a: Hydreigon|Dark Pulse|p1a: Rotom-Wash
|-damage|p1a: Rotom-Wash|0 fnt
|faint|p1a: Rotom-Wash
|
|
|switch|p1a: Latios|Latios, M|302\/302
|-damage|p1a: Latios|265\/302|[from] Stealth Rock
|turn|29
|
|move|p2a: Hydreigon|Dark Pulse|p1a: Latios
|-supereffective|p1a: Latios
|-damage|p1a: Latios|0 fnt
|faint|p1a: Latios
|
|
|switch|p1a: Landorus-Therian|Landorus-Therian, M|7\/381
|-damage|p1a: Landorus-Therian|0 fnt|[from] Stealth Rock
|faint|p1a: Landorus-Therian
|
|win|Suckerformetal
|raw|Ladder updating...
|raw|KelKun's rating: 1691 &rarr; <strong>1674<\/strong><br \/>(-17 for losing)
|raw|Suckerformetal's rating: 1732 &rarr; <strong>1750<\/strong><br \/>(+18 for winning)
|chat|KelKun|gg
|leave|KelKun
|player|p1