|join|sceptile518
|join|SuckerforMetal
|player|p1|sceptile518|10
|player|p2|SuckerforMetal|262
|gametype|singles
|gen|6
|tier|OU
|rated
|clearpoke
|poke|p1|Bisharp, M, shiny
|poke|p1|Gorebyss, M, shiny
|poke|p1|Kyurem-Black, shiny
|poke|p1|Espeon, M, shiny
|poke|p1|Heracross, M, shiny
|poke|p1|Klefki, M, shiny
|poke|p2|Gengar, F
|poke|p2|Hydreigon, M
|poke|p2|Excadrill, F
|poke|p2|Mawile, F
|poke|p2|Greninja, F
|poke|p2|Donphan, M
|rule|Swagger Clause: Swagger is banned
|rule|Baton Pass Clause: Limit one PokÃ©mon knowing Baton Pass
|rule|Sleep Clause Mod: Limit one foe put to sleep
|rule|Species Clause: Limit one of each PokÃ©mon
|rule|OHKO Clause: OHKO moves are banned
|rule|Moody Clause: Moody is banned
|rule|Evasion Moves Clause: Evasion moves are banned
|rule|Endless Battle Clause: Forcing endless battles is banned
|rule|HP Percentage Mod: HP is reported as percentages
|teampreview
|
|start
|switch|p1a: Klefki|Klefki, M, shiny|318\/318
|switch|p2a: Excadrill|Excadrill, F|362\/362
|-ability|p2a: Excadrill|Mold Breaker
|turn|1
|
|move|p1a: Klefki|Reflect|p1a: Klefki
|-sidestart|p1: sceptile518|Reflect
|move|p2a: Excadrill|Earthquake|p1a: Klefki
|-supereffective|p1a: Klefki
|-damage|p1a: Klefki|188\/318
|
|turn|2
|
|move|p1a: Klefki|Light Screen|p1a: Klefki
|-sidestart|p1: sceptile518|move: Light Screen
|move|p2a: Excadrill|Earthquake|p1a: Klefki
|-supereffective|p1a: Klefki
|-damage|p1a: Klefki|50\/318
|
|turn|3
|
|switch|p2a: Donphan|Donphan, M|382\/382
|move|p1a: Klefki|Spikes|p2a: Donphan
|-sidestart|p2: SuckerforMetal|Spikes
|
|turn|4
|
|switch|p1a: Gorebyss|Gorebyss, M, shiny|314\/314
|move|p2a: Donphan|Stealth Rock|p1a: Gorebyss
|-sidestart|p1: sceptile518|move: Stealth Rock
|
|turn|5
|
|move|p1a: Gorebyss|Shell Smash|p1a: Gorebyss
|-boost|p1a: Gorebyss|atk|2
|-boost|p1a: Gorebyss|spa|2
|-boost|p1a: Gorebyss|spe|2
|-unboost|p1a: Gorebyss|def|1
|-unboost|p1a: Gorebyss|spd|1
|-enditem|p1a: Gorebyss|White Herb
|-restoreboost|p1a: Gorebyss|[silent]
|move|p2a: Donphan|Earthquake|p1a: Gorebyss
|-damage|p1a: Gorebyss|222\/314
|
|turn|6
|
|move|p1a: Gorebyss|Surf|p2a: Donphan
|-supereffective|p2a: Donphan
|-activate|p2a: Donphan|Sturdy
|-damage|p2a: Donphan|1\/382
|move|p2a: Donphan|Earthquake|p1a: Gorebyss
|-crit|p1a: Gorebyss
|-damage|p1a: Gorebyss|0 fnt
|faint|p1a: Gorebyss
|
|-heal|p2a: Donphan|24\/382|[from] item: Leftovers
|
|switch|p1a: Heracross|Heracross, M, shiny|311\/311
|-damage|p1a: Heracross|273\/311|[from] Stealth Rock
|turn|7
|
|detailschange|p1a: Heracross|Heracross-Mega, M, shiny
|message|Heracross has Mega Evolved into Mega Heracross!
|move|p2a: Donphan|Ice Shard|p1a: Heracross
|-damage|p1a: Heracross|252\/311
|move|p1a: Heracross|Pin Missile|p2a: Donphan
|-damage|p2a: Donphan|0 fnt
|-hitcount|p2a: Donphan|1
|faint|p2a: Donphan
|
|
|switch|p2a: Gengar|Gengar, F|261\/261
|turn|8
|
|move|p2a: Gengar|Substitute|p2a: Gengar
|-start|p2a: Gengar|Substitute
|-damage|p2a: Gengar|196\/261
|move|p1a: Heracross|Rock Blast|p2a: Gengar
|-crit|p2a: Gengar
|-end|p2a: Gengar|Substitute
|-damage|p2a: Gengar|129\/261
|-damage|p2a: Gengar|61\/261
|-damage|p2a: Gengar|0 fnt
|-hitcount|p2a: Gengar|4
|faint|p2a: Gengar
|
|-sideend|p1: sceptile518|Reflect
|
|switch|p2a: Hydreigon|Hydreigon, M|325\/325
|turn|9
|
|move|p2a: Hydreigon|Fire Blast|p1a: Heracross
|-supereffective|p1a: Heracross
|-damage|p1a: Heracross|53\/311
|move|p1a: Heracross|Pin Missile|p2a: Hydreigon
|-supereffective|p2a: Hydreigon
|-damage|p2a: Hydreigon|193\/325
|-supereffective|p2a: Hydreigon
|-damage|p2a: Hydreigon|49\/325
|-supereffective|p2a: Hydreigon
|-damage|p2a: Hydreigon|0 fnt
|-hitcount|p2a: Hydreigon|3
|faint|p2a: Hydreigon
|
|-sideend|p1: sceptile518|move: Light Screen
|
|switch|p2a: Greninja|Greninja, F|286\/286
|-damage|p2a: Greninja|251\/286|[from] Spikes
|turn|10
|
|move|p2a: Greninja|Ice Beam|p1a: Heracross
|-damage|p1a: Heracross|0 fnt
|-damage|p2a: Greninja|223\/286|[from] item: Life Orb
|faint|p1a: Heracross
|
|
|switch|p1a: Bisharp|Bisharp, M, shiny|272\/272
|-damage|p1a: Bisharp|255\/272|[from] Stealth Rock
|turn|11
|
|switch|p2a: Excadrill|Excadrill, F|362\/362
|-damage|p2a: Excadrill|317\/362|[from] Spikes
|-ability|p2a: Excadrill|Mold Breaker
|move|p1a: Bisharp|Knock Off|p2a: Excadrill
|-damage|p2a: Excadrill|0 fnt
|-enditem|p2a: Excadrill|Choice Scarf|[from] move: Knock Off|[of] p1a: Bisharp
|-damage|p1a: Bisharp|228\/272|[from] item: Life Orb
|faint|p2a: Excadrill
|
|
|switch|p2a: Mawile|Mawile, F|300\/300
|-damage|p2a: Mawile|263\/300|[from] Spikes
|-ability|p2a: Mawile|Intimidate|[of] p1a: Bisharp
|-unboost|p1a: Bisharp|atk|1
|-boost|p1a: Bisharp|atk|2|[from] ability: Defiant
|turn|12
|-message|SuckerforMetal forfeited.
|
|win|sceptile518
|raw|Ladder updating...
|leave|SuckerforMetal
|player|p2
|raw|sceptile518's rating: 1466 &rarr; <strong>1483<\/strong><br \/>(+17 for winning)
|raw|SuckerforMetal's rating: 1405 &rarr; <strong>1388<\/strong><br \/>(-17 for losing)