|join|SuckerforMetal
|join|Gengon
|player|p1|SuckerforMetal|262
|player|p2|Gengon|286
|gametype|singles
|gen|6
|tier|OU
|rated
|clearpoke
|poke|p1|Clefable, M
|poke|p1|Landorus-Therian, M
|poke|p1|Keldeo-Resolute
|poke|p1|Heatran, F
|poke|p1|Pinsir, M
|poke|p1|Latias, F
|poke|p2|Infernape, F
|poke|p2|Ampharos, F
|poke|p2|Sylveon, M
|poke|p2|Skarmory, M
|poke|p2|Gengar, F
|poke|p2|Goodra, F
|rule|Swagger Clause: Swagger is banned
|rule|Baton Pass Clause: Limit one PokÃ©mon knowing Baton Pass
|rule|Sleep Clause Mod: Limit one foe put to sleep
|rule|Species Clause: Limit one of each PokÃ©mon
|rule|OHKO Clause: OHKO moves are banned
|rule|Moody Clause: Moody is banned
|rule|Evasion Moves Clause: Evasion moves are banned
|rule|Endless Battle Clause: Forcing endless battles is banned
|rule|HP Percentage Mod: HP is reported as percentages
|teampreview
|join|Foulest Play
|
|start
|switch|p1a: Landorus-Therian|Landorus-Therian, M|319\/319
|switch|p2a: Gengar|Gengar, F|262\/262
|-ability|p1a: Landorus-Therian|Intimidate|[of] p2a: Gengar
|-unboost|p2a: Gengar|atk|1
|turn|1
|
|switch|p2a: Ampharos|Ampharos, F|384\/384
|move|p1a: Landorus-Therian|Knock Off|p2a: Ampharos
|-damage|p2a: Ampharos|290\/384
|
|turn|2
|
|switch|p1a: Clefable|Clefable, M|390\/390
|detailschange|p2a: Ampharos|Ampharos-Mega, F
|message|Ampharos has Mega Evolved into Mega Ampharos!
|-ability|p2a: Ampharos|Mold Breaker
|move|p2a: Ampharos|Discharge|p1a: Clefable
|-damage|p1a: Clefable|201\/390
|
|-heal|p1a: Clefable|225\/390|[from] item: Leftovers
|turn|3
|
|switch|p2a: Gengar|Gengar, F|262\/262
|move|p1a: Clefable|Soft-Boiled|p1a: Clefable
|-heal|p1a: Clefable|390\/390
|
|turn|4
|
|switch|p1a: Heatran|Heatran, F|386\/386
|move|p2a: Gengar|Substitute|p2a: Gengar
|-start|p2a: Gengar|Substitute
|-damage|p2a: Gengar|197\/262
|
|turn|5
|
|move|p2a: Gengar|Shadow Ball|p1a: Heatran
|-damage|p1a: Heatran|261\/386
|-damage|p2a: Gengar|171\/262|[from] item: Life Orb
|move|p1a: Heatran|Lava Plume|p2a: Gengar
|-end|p2a: Gengar|Substitute
|
|-heal|p1a: Heatran|285\/386|[from] item: Leftovers
|turn|6
|
|switch|p2a: Infernape|Infernape, F|293\/293
|move|p1a: Heatran|Stealth Rock|p2a: Infernape
|-sidestart|p2: Gengon|move: Stealth Rock
|
|-heal|p1a: Heatran|309\/386|[from] item: Leftovers
|turn|7
|
|move|p1a: Heatran|Protect|p1a: Heatran
|-singleturn|p1a: Heatran|Protect
|move|p2a: Infernape|Close Combat|p1a: Heatran
|-activate|p1a: Heatran|Protect
|
|-heal|p1a: Heatran|333\/386|[from] item: Leftovers
|turn|8
|
|switch|p1a: Latias|Latias, F|301\/301
|move|p2a: Infernape|Flare Blitz|p1a: Latias
|-resisted|p1a: Latias
|-damage|p1a: Latias|165\/301
|-damage|p2a: Infernape|248\/293|[from] recoil|[of] p1a: Latias
|-damage|p2a: Infernape|219\/293|[from] item: Life Orb
|
|turn|9
|
|switch|p2a: Goodra|Goodra, F|384\/384
|-damage|p2a: Goodra|336\/384|[from] Stealth Rock
|move|p1a: Latias|Trick|p2a: Goodra
|-activate|p1a: Latias|move: Trick|[of] p2a: Goodra
|-item|p2a: Goodra|Choice Specs|[from] move: Trick
|-item|p1a: Latias|Assault Vest|[from] move: Trick
|
|turn|10
|
|move|p1a: Latias|Draco Meteor|p2a: Goodra
|-supereffective|p2a: Goodra
|-damage|p2a: Goodra|60\/384
|-unboost|p1a: Latias|spa|2
|move|p2a: Goodra|Ice Beam|p1a: Latias
|-supereffective|p1a: Latias
|-damage|p1a: Latias|1\/301
|
|turn|11
|
|switch|p1a: Heatran|Heatran, F|333\/386
|switch|p2a: Infernape|Infernape, F|219\/293
|-damage|p2a: Infernape|183\/293|[from] Stealth Rock
|
|-heal|p1a: Heatran|357\/386|[from] item: Leftovers
|turn|12
|
|switch|p1a: Landorus-Therian|Landorus-Therian, M|319\/319
|-ability|p1a: Landorus-Therian|Intimidate|[of] p2a: Infernape
|-unboost|p2a: Infernape|atk|1
|move|p2a: Infernape|Close Combat|p1a: Landorus-Therian
|-resisted|p1a: Landorus-Therian
|-damage|p1a: Landorus-Therian|237\/319
|-unboost|p2a: Infernape|def|1
|-unboost|p2a: Infernape|spd|1
|-damage|p2a: Infernape|154\/293|[from] item: Life Orb
|
|turn|13
|
|switch|p2a: Skarmory|Skarmory, M|334\/334
|-damage|p2a: Skarmory|293\/334|[from] Stealth Rock
|move|p1a: Landorus-Therian|U-turn|p2a: Skarmory
|-crit|p2a: Skarmory
|-resisted|p2a: Skarmory
|-damage|p2a: Skarmory|274\/334
|
|switch|p1a: Heatran|Heatran, F|357\/386
|
|-heal|p1a: Heatran|381\/386|[from] item: Leftovers
|-heal|p2a: Skarmory|294\/334|[from] item: Leftovers
|turn|14
|
|switch|p2a: Ampharos|Ampharos-Mega, F|290\/384
|-damage|p2a: Ampharos|242\/384|[from] Stealth Rock
|-ability|p2a: Ampharos|Mold Breaker
|move|p1a: Heatran|Lava Plume|p2a: Ampharos
|-resisted|p2a: Ampharos
|-damage|p2a: Ampharos|189\/384
|-status|p2a: Ampharos|brn
|
|-heal|p1a: Heatran|386\/386|[from] item: Leftovers
|-damage|p2a: Ampharos|141\/384 brn|[from] brn
|turn|15
|
|move|p1a: Heatran|Protect|p1a: Heatran
|-singleturn|p1a: Heatran|Protect
|move|p2a: Ampharos|Rest|p2a: Ampharos
|-status|p2a: Ampharos|slp
|-heal|p2a: Ampharos|384\/384 slp|[silent]
|-status|p2a: Ampharos|slp|[from] move: Rest
|
|turn|16
|
|switch|p1a: Landorus-Therian|Landorus-Therian, M|237\/319
|-ability|p1a: Landorus-Therian|Intimidate|[of] p2a: Ampharos
|-unboost|p2a: Ampharos|atk|1
|cant|p2a: Ampharos|slp
|move|p2a: Ampharos|Sleep Talk|p2a: Ampharos
|move|p2a: Ampharos|Rest|p2a: Ampharos|[from]Sleep Talk
|-fail|p2a: Ampharos
|
|turn|17
|
|switch|p2a: Skarmory|Skarmory, M|294\/334
|-damage|p2a: Skarmory|253\/334|[from] Stealth Rock
|move|p1a: Landorus-Therian|U-turn|p2a: Skarmory
|-resisted|p2a: Skarmory
|-damage|p2a: Skarmory|241\/334
|
|switch|p1a: Keldeo-Resolute|Keldeo-Resolute|323\/323
|
|-heal|p2a: Skarmory|261\/334|[from] item: Leftovers
|turn|18
|
|switch|p2a: Goodra|Goodra, F|60\/384
|-damage|p2a: Goodra|12\/384|[from] Stealth Rock
|move|p1a: Keldeo-Resolute|Hydro Pump|p2a: Goodra|[miss]
|-miss|p1a: Keldeo-Resolute|p2a: Goodra
|
|turn|19
|
|move|p1a: Keldeo-Resolute|Hydro Pump|p2a: Goodra
|-resisted|p2a: Goodra
|-damage|p2a: Goodra|0 fnt
|faint|p2a: Goodra
|
|
|switch|p2a: Sylveon|Sylveon, M|394\/394
|-damage|p2a: Sylveon|345\/394|[from] Stealth Rock
|turn|20
|
|switch|p1a: Heatran|Heatran, F|386\/386
|move|p2a: Sylveon|Wish|p2a: Sylveon
|
|-heal|p2a: Sylveon|369\/394|[from] item: Leftovers
|turn|21
|
|switch|p2a: Infernape|Infernape, F|154\/293
|-damage|p2a: Infernape|118\/293|[from] Stealth Rock
|move|p1a: Heatran|Toxic|p2a: Infernape
|-status|p2a: Infernape|tox
|
|-heal|p2a: Infernape|293\/293 tox|[from] move: Wish|[wisher] Sylveon
|-damage|p2a: Infernape|275\/293 tox|[from] psn
|turn|22
|
|switch|p2a: Sylveon|Sylveon, M|369\/394
|-damage|p2a: Sylveon|320\/394|[from] Stealth Rock
|move|p1a: Heatran|Protect|p1a: Heatran
|-fail|p1a: Heatran
|
|-heal|p2a: Sylveon|344\/394|[from] item: Leftovers
|turn|23
|
|move|p2a: Sylveon|Protect|p2a: Sylveon
|-singleturn|p2a: Sylveon|Protect
|move|p1a: Heatran|Toxic|p2a: Sylveon
|-activate|p2a: Sylveon|Protect
|
|-heal|p2a: Sylveon|368\/394|[from] item: Leftovers
|turn|24
|
|move|p1a: Heatran|Toxic|p2a: Sylveon
|-status|p2a: Sylveon|tox
|move|p2a: Sylveon|Heal Bell|p2a: Sylveon
|-cureteam|p2a: Sylveon|[from] move: HealBell
|
|-heal|p2a: Sylveon|392\/394|[from] item: Leftovers
|turn|25
|
|switch|p1a: Landorus-Therian|Landorus-Therian, M|237\/319
|-ability|p1a: Landorus-Therian|Intimidate|[of] p2a: Sylveon
|-unboost|p2a: Sylveon|atk|1
|switch|p2a: Ampharos|Ampharos-Mega, F|384\/384
|-damage|p2a: Ampharos|336\/384|[from] Stealth Rock
|-ability|p2a: Ampharos|Mold Breaker
|
|turn|26
|
|switch|p2a: Skarmory|Skarmory, M|261\/334
|-damage|p2a: Skarmory|220\/334|[from] Stealth Rock
|move|p1a: Landorus-Therian|U-turn|p2a: Skarmory
|-resisted|p2a: Skarmory
|-damage|p2a: Skarmory|208\/334
|
|switch|p1a: Keldeo-Resolute|Keldeo-Resolute|323\/323
|
|-heal|p2a: Skarmory|228\/334|[from] item: Leftovers
|turn|27
|
|switch|p2a: Sylveon|Sylveon, M|392\/394
|-damage|p2a: Sylveon|343\/394|[from] Stealth Rock
|move|p1a: Keldeo-Resolute|Hydro Pump|p2a: Sylveon
|-damage|p2a: Sylveon|177\/394
|
|-heal|p2a: Sylveon|201\/394|[from] item: Leftovers
|turn|28
|
|switch|p1a: Pinsir|Pinsir, M|271\/271
|-ability|p1a: Pinsir|Mold Breaker
|move|p2a: Sylveon|Wish|p2a: Sylveon
|
|-heal|p2a: Sylveon|225\/394|[from] item: Leftovers
|turn|29
|
|switch|p2a: Skarmory|Skarmory, M|228\/334
|-damage|p2a: Skarmory|187\/334|[from] Stealth Rock
|detailschange|p1a: Pinsir|Pinsir-Mega, M
|message|Pinsir has Mega Evolved into Mega Pinsir!
|move|p1a: Pinsir|Swords Dance|p1a: Pinsir
|-boost|p1a: Pinsir|atk|2
|
|-heal|p2a: Skarmory|334\/334|[from] move: Wish|[wisher] Sylveon
|turn|30
|
|switch|p1a: Heatran|Heatran, F|386\/386
|move|p2a: Skarmory|Whirlwind|p1a: Heatran
|drag|p1a: Landorus-Therian|Landorus-Therian, M|237\/319
|-ability|p1a: Landorus-Therian|Intimidate|[of] p2a: Skarmory
|-unboost|p2a: Skarmory|atk|1
|
|turn|31
|
|move|p1a: Landorus-Therian|Knock Off|p2a: Skarmory
|-damage|p2a: Skarmory|262\/334
|-enditem|p2a: Skarmory|Leftovers|[from] move: Knock Off|[of] p1a: Landorus-Therian
|move|p2a: Skarmory|Stealth Rock|p1a: Landorus-Therian
|-sidestart|p1: SuckerforMetal|move: Stealth Rock
|
|turn|32
|
|switch|p1a: Heatran|Heatran, F|386\/386
|-damage|p1a: Heatran|338\/386|[from] Stealth Rock
|move|p2a: Skarmory|Roost|p2a: Skarmory
|-heal|p2a: Skarmory|334\/334
|
|-heal|p1a: Heatran|362\/386|[from] item: Leftovers
|turn|33
|
|switch|p2a: Ampharos|Ampharos-Mega, F|336\/384
|-damage|p2a: Ampharos|288\/384|[from] Stealth Rock
|-ability|p2a: Ampharos|Mold Breaker
|move|p1a: Heatran|Lava Plume|p2a: Ampharos
|-resisted|p2a: Ampharos
|-damage|p2a: Ampharos|231\/384
|
|-heal|p1a: Heatran|386\/386|[from] item: Leftovers
|turn|34
|
|move|p1a: Heatran|Toxic|p2a: Ampharos
|-status|p2a: Ampharos|tox
|move|p2a: Ampharos|Dragon Pulse|p1a: Heatran
|-resisted|p1a: Heatran
|-damage|p1a: Heatran|314\/386
|
|-heal|p1a: Heatran|338\/386|[from] item: Leftovers
|-damage|p2a: Ampharos|207\/384 tox|[from] psn
|turn|35
|
|move|p1a: Heatran|Lava Plume|p2a: Ampharos
|-resisted|p2a: Ampharos
|-damage|p2a: Ampharos|153\/384 tox
|move|p2a: Ampharos|Dragon Pulse|p1a: Heatran
|-resisted|p1a: Heatran
|-damage|p1a: Heatran|265\/386
|
|-heal|p1a: Heatran|289\/386|[from] item: Leftovers
|-damage|p2a: Ampharos|105\/384 tox|[from] psn
|turn|36
|
|switch|p1a: Keldeo-Resolute|Keldeo-Resolute|323\/323
|-damage|p1a: Keldeo-Resolute|303\/323|[from] Stealth Rock
|move|p2a: Ampharos|Rest|p2a: Ampharos
|-status|p2a: Ampharos|slp
|-heal|p2a: Ampharos|384\/384 slp|[silent]
|-status|p2a: Ampharos|slp|[from] move: Rest
|
|turn|37
|
|move|p1a: Keldeo-Resolute|Hydro Pump|p2a: Ampharos
|-resisted|p2a: Ampharos
|-damage|p2a: Ampharos|258\/384 slp
|cant|p2a: Ampharos|slp
|move|p2a: Ampharos|Sleep Talk|p2a: Ampharos
|move|p2a: Ampharos|Discharge|p1a: Keldeo-Resolute|[from]Sleep Talk
|-supereffective|p1a: Keldeo-Resolute
|-damage|p1a: Keldeo-Resolute|0 fnt
|faint|p1a: Keldeo-Resolute
|
|
|switch|p1a: Landorus-Therian|Landorus-Therian, M|237\/319
|-damage|p1a: Landorus-Therian|198\/319|[from] Stealth Rock
|-ability|p1a: Landorus-Therian|Intimidate|[of] p2a: Ampharos
|-unboost|p2a: Ampharos|atk|1
|turn|38
|chat|Gengon|you're a good player
|
|switch|p2a: Skarmory|Skarmory, M|334\/334
|-damage|p2a: Skarmory|293\/334|[from] Stealth Rock
|move|p1a: Landorus-Therian|U-turn|p2a: Skarmory
|-resisted|p2a: Skarmory
|-damage|p2a: Skarmory|279\/334
|chat|SuckerforMetal|lol i forgot it was part dragon
|
|switch|p1a: Heatran|Heatran, F|289\/386
|-damage|p1a: Heatran|241\/386|[from] Stealth Rock
|
|-heal|p1a: Heatran|265\/386|[from] item: Leftovers
|turn|39
|
|switch|p2a: Sylveon|Sylveon, M|225\/394
|-damage|p2a: Sylveon|176\/394|[from] Stealth Rock
|move|p1a: Heatran|Lava Plume|p2a: Sylveon
|-damage|p2a: Sylveon|107\/394
|
|-heal|p1a: Heatran|289\/386|[from] item: Leftovers
|-heal|p2a: Sylveon|131\/394|[from] item: Leftovers
|turn|40
|-message|SuckerforMetal forfeited.
|
|win|Gengon
|raw|Ladder updating...
|leave|SuckerforMetal
|player|p1
|raw|SuckerforMetal's rating: 1426 &rarr; <strong>1410<\/strong><br \/>(-16 for losing)
|raw|Gengon's rating: 1489 &rarr; <strong>1505<\/strong><br \/>(+16 for winning)