|join|the catcher2
|join|SuckerforMetal
|player|p1|the catcher2|62
|player|p2|SuckerforMetal|262
|gametype|singles
|gen|6
|tier|OU
|rated
|clearpoke
|poke|p1|Charizard, M
|poke|p1|Skarmory, M
|poke|p1|Breloom, F
|poke|p1|Raikou
|poke|p1|Landorus, M
|poke|p1|Talonflame, F
|poke|p2|Gengar, M, shiny
|poke|p2|Hydreigon, F
|poke|p2|Scizor, M
|poke|p2|Azumarill, F
|poke|p2|Heatran, M, shiny
|poke|p2|Mienshao, M
|rule|Sleep Clause Mod: Limit one foe put to sleep
|rule|Species Clause: Limit one of each Pokemon
|rule|OHKO Clause: OHKO moves are banned
|rule|Moody Clause: Moody is banned
|rule|Evasion Moves Clause: Evasion moves are banned
|rule|Endless Battle Clause: Forcing endless battles is banned.
|rule|HP Percentage Mod: HP is reported as percentages
|teampreview
|join|Tyson60
|
|start
|switch|p1a: Breloom|Breloom, F|262\/262
|switch|p2a: Mienshao|Mienshao, M|271\/271
|turn|1
|
|move|p2a: Mienshao|High Jump Kick|p1a: Breloom
|-enditem|p1a: Breloom|Focus Sash
|-damage|p1a: Breloom|1\/262
|-damage|p2a: Mienshao|244\/271|[from] item: Life Orb
|move|p1a: Breloom|Spore|p2a: Mienshao
|-status|p2a: Mienshao|slp
|
|turn|2
|
|switch|p2a: Gengar|Gengar, M, shiny|261\/261
|move|p1a: Breloom|Bullet Seed|p2a: Gengar
|-resisted|p2a: Gengar
|-damage|p2a: Gengar|211\/261
|-resisted|p2a: Gengar
|-damage|p2a: Gengar|157\/261
|-resisted|p2a: Gengar
|-damage|p2a: Gengar|107\/261
|-hitcount|p2a: Gengar|3
|
|turn|3
|
|switch|p1a: Raikou|Raikou|322\/322
|-ability|p1a: Raikou|Pressure
|move|p2a: Gengar|Shadow Ball|p1a: Raikou
|-damage|p1a: Raikou|141\/322
|-unboost|p1a: Raikou|spd|1
|-damage|p2a: Gengar|81\/261|[from] item: Life Orb
|
|turn|4
|
|switch|p2a: Hydreigon|Hydreigon, F|325\/325
|move|p1a: Raikou|Volt Switch|p2a: Hydreigon
|-crit|p2a: Hydreigon
|-resisted|p2a: Hydreigon
|-damage|p2a: Hydreigon|235\/325
|
|switch|p1a: Breloom|Breloom, F|1\/262
|
|turn|5
|
|move|p1a: Breloom|Mach Punch|p2a: Hydreigon
|-supereffective|p2a: Hydreigon
|-damage|p2a: Hydreigon|0 fnt
|faint|p2a: Hydreigon
|
|
|switch|p2a: Modest Mouse|Azumarill, F|400\/400
|turn|6
|
|move|p2a: Modest Mouse|Aqua Jet|p1a: Breloom
|-resisted|p1a: Breloom
|-damage|p1a: Breloom|0 fnt
|faint|p1a: Breloom
|
|
|switch|p1a: Charizard|Charizard, M|359\/359
|turn|7
|
|detailschange|p1a: Charizard|Charizard-Mega-X, M
|message|Charizard has Mega Evolved into Mega Charizard!
|move|p1a: Charizard|Will-O-Wisp|p2a: Modest Mouse
|-status|p2a: Modest Mouse|brn
|move|p2a: Modest Mouse|Waterfall|p1a: Charizard
|-damage|p1a: Charizard|283\/359
|
|-damage|p2a: Modest Mouse|350\/400 brn|[from] brn
|turn|8
|
|switch|p1a: Skarmory|Skarmory, M|334\/334
|switch|p2a: Gengar|Gengar, M, shiny|81\/261
|
|turn|9
|
|move|p2a: Gengar|Substitute|p2a: Gengar
|-start|p2a: Gengar|Substitute
|-damage|p2a: Gengar|16\/261
|move|p1a: Skarmory|Brave Bird|p2a: Gengar
|-end|p2a: Gengar|Substitute
|-damage|p1a: Skarmory|313\/334|[from] recoil|[of] p2a: Gengar
|
|turn|10
|
|move|p2a: Gengar|Pain Split|p1a: Skarmory
|-sethp|p1a: Skarmory|164\/334|p2a: Gengar|164\/261|[from] move: Pain Split
|move|p1a: Skarmory|Whirlwind|p2a: Gengar
|drag|p2a: Scizor|Scizor, M|340\/340
|
|turn|11
|
|switch|p2a: Heatran|Heatran, M, shiny|380\/380
|move|p1a: Skarmory|Roost|p1a: Skarmory
|-heal|p1a: Skarmory|331\/334
|
|turn|12
|
|switch|p1a: Landorus|Landorus, M|320\/320
|move|p2a: Heatran|Stealth Rock|p1a: Landorus
|-sidestart|p1: the catcher2|move: Stealth Rock
|
|turn|13
|
|switch|p2a: Mienshao|Mienshao, M|271\/271 slp
|move|p1a: Landorus|Psychic|p2a: Mienshao
|-supereffective|p2a: Mienshao
|-damage|p2a: Mienshao|0 fnt
|faint|p2a: Mienshao
|
|
|switch|p2a: Modest Mouse|Azumarill, F|350\/400 brn
|turn|14
|
|switch|p1a: Skarmory|Skarmory, M|331\/334
|-damage|p1a: Skarmory|290\/334|[from] Stealth Rock
|move|p2a: Modest Mouse|Waterfall|p1a: Skarmory
|-crit|p1a: Skarmory
|-damage|p1a: Skarmory|215\/334
|-damage|p2a: Modest Mouse|284\/400 brn|[from] item: Rocky Helmet|[of] p1a: Skarmory
|
|-damage|p2a: Modest Mouse|234\/400 brn|[from] brn
|turn|15
|
|move|p1a: Skarmory|Defog|p2a: Modest Mouse
|-unboost|p2a: Modest Mouse|evasion|1
|-sideend|p1: the catcher2|Stealth Rock|[from] move: Defog|[of] p1a: Skarmory
|move|p2a: Modest Mouse|Waterfall|p1a: Skarmory
|-damage|p1a: Skarmory|164\/334
|-damage|p2a: Modest Mouse|168\/400 brn|[from] item: Rocky Helmet|[of] p1a: Skarmory
|-enditem|p2a: Modest Mouse|Sitrus Berry|[eat]
|-heal|p2a: Modest Mouse|268\/400 brn|[from] item: Sitrus Berry
|
|-damage|p2a: Modest Mouse|218\/400 brn|[from] brn
|turn|16
|
|switch|p2a: Heatran|Heatran, M, shiny|380\/380
|move|p1a: Skarmory|Roost|p1a: Skarmory
|-heal|p1a: Skarmory|331\/334
|
|turn|17
|
|switch|p1a: Landorus|Landorus, M|320\/320
|move|p2a: Heatran|Lava Plume|p1a: Landorus
|-crit|p1a: Landorus
|-damage|p1a: Landorus|59\/320
|
|turn|18
|
|switch|p2a: Modest Mouse|Azumarill, F|218\/400 brn
|move|p1a: Landorus|Psychic|p2a: Modest Mouse
|-damage|p2a: Modest Mouse|5\/400 brn
|
|-damage|p2a: Modest Mouse|0 fnt|[from] brn
|faint|p2a: Modest Mouse
|
|switch|p2a: Scizor|Scizor, M|340\/340
|turn|19
|
|switch|p1a: Skarmory|Skarmory, M|331\/334
|switch|p2a: Heatran|Heatran, M, shiny|380\/380
|
|turn|20
|
|switch|p1a: Talonflame|Talonflame, F|298\/298
|move|p2a: Heatran|Lava Plume|p1a: Talonflame
|-resisted|p1a: Talonflame
|-damage|p1a: Talonflame|188\/298
|
|-heal|p1a: Talonflame|206\/298|[from] item: Leftovers
|turn|21
|
|move|p1a: Talonflame|Swords Dance|p1a: Talonflame
|-boost|p1a: Talonflame|atk|2
|move|p2a: Heatran|Stealth Rock|p1a: Talonflame
|-sidestart|p1: the catcher2|move: Stealth Rock
|
|-heal|p1a: Talonflame|224\/298|[from] item: Leftovers
|turn|22
|
|move|p1a: Talonflame|Brave Bird|p2a: Heatran
|-resisted|p2a: Heatran
|-damage|p2a: Heatran|222\/380
|-damage|p1a: Talonflame|172\/298|[from] recoil|[of] p2a: Heatran
|move|p2a: Heatran|Roar|p1a: Talonflame
|drag|p1a: Raikou|Raikou|141\/322
|-damage|p1a: Raikou|101\/322|[from] Stealth Rock
|-ability|p1a: Raikou|Pressure
|
|-heal|p2a: Heatran|245\/380|[from] item: Leftovers
|turn|23
|
|move|p1a: Raikou|Thunderbolt|p2a: Heatran
|-damage|p2a: Heatran|100\/380
|move|p2a: Heatran|Lava Plume|p1a: Raikou
|-damage|p1a: Raikou|0 fnt
|faint|p1a: Raikou
|
|-heal|p2a: Heatran|123\/380|[from] item: Leftovers
|
|switch|p1a: Skarmory|Skarmory, M|331\/334
|-damage|p1a: Skarmory|290\/334|[from] Stealth Rock
|turn|24
|
|switch|p2a: Gengar|Gengar, M, shiny|164\/261
|move|p1a: Skarmory|Defog|p2a: Gengar
|-unboost|p2a: Gengar|evasion|1
|-sideend|p1: the catcher2|Stealth Rock|[from] move: Defog|[of] p1a: Skarmory
|
|turn|25
|
|move|p2a: Gengar|Pain Split|p1a: Skarmory
|-sethp|p1a: Skarmory|227\/334|p2a: Gengar|227\/261|[from] move: Pain Split
|move|p1a: Skarmory|Brave Bird|p2a: Gengar
|-damage|p2a: Gengar|52\/261
|-damage|p1a: Skarmory|169\/334|[from] recoil|[of] p2a: Gengar
|
|turn|26
|
|switch|p2a: Heatran|Heatran, M, shiny|123\/380
|move|p1a: Skarmory|Brave Bird|p2a: Heatran
|-resisted|p2a: Heatran
|-damage|p2a: Heatran|66\/380
|-damage|p1a: Skarmory|150\/334|[from] recoil|[of] p2a: Heatran
|
|-heal|p2a: Heatran|89\/380|[from] item: Leftovers
|turn|27
|
|move|p2a: Heatran|Stealth Rock|p1a: Skarmory
|-sidestart|p1: the catcher2|move: Stealth Rock
|move|p1a: Skarmory|Brave Bird|p2a: Heatran
|-resisted|p2a: Heatran
|-damage|p2a: Heatran|30\/380
|-damage|p1a: Skarmory|131\/334|[from] recoil|[of] p2a: Heatran
|
|-heal|p2a: Heatran|53\/380|[from] item: Leftovers
|turn|28
|
|move|p2a: Heatran|Lava Plume|p1a: Skarmory
|-crit|p1a: Skarmory
|-supereffective|p1a: Skarmory
|-damage|p1a: Skarmory|0 fnt
|faint|p1a: Skarmory
|
|-heal|p2a: Heatran|76\/380|[from] item: Leftovers
|
|switch|p1a: Charizard|Charizard-Mega-X, M|283\/359
|-damage|p1a: Charizard|194\/359|[from] Stealth Rock
|turn|29
|
|move|p1a: Charizard|Roost|p1a: Charizard
|-heal|p1a: Charizard|359\/359
|move|p2a: Heatran|Roar|p1a: Charizard
|drag|p1a: Talonflame|Talonflame, F|172\/298
|-damage|p1a: Talonflame|23\/298|[from] Stealth Rock
|
|-heal|p1a: Talonflame|41\/298|[from] item: Leftovers
|-heal|p2a: Heatran|99\/380|[from] item: Leftovers
|turn|30
|
|move|p1a: Talonflame|Brave Bird|p2a: Heatran
|-resisted|p2a: Heatran
|-damage|p2a: Heatran|24\/380
|-damage|p1a: Talonflame|16\/298|[from] recoil|[of] p2a: Heatran
|move|p2a: Heatran|Lava Plume|p1a: Talonflame
|-resisted|p1a: Talonflame
|-damage|p1a: Talonflame|0 fnt
|faint|p1a: Talonflame
|
|-heal|p2a: Heatran|47\/380|[from] item: Leftovers
|
|switch|p1a: Charizard|Charizard-Mega-X, M|359\/359
|-damage|p1a: Charizard|270\/359|[from] Stealth Rock
|turn|31
|
|move|p1a: Charizard|Dragon Claw|p2a: Heatran
|-resisted|p2a: Heatran
|-damage|p2a: Heatran|0 fnt
|faint|p2a: Heatran
|
|
|switch|p2a: Gengar|Gengar, M, shiny|52\/261
|turn|32
|
|move|p2a: Gengar|Sludge Wave|p1a: Charizard
|-damage|p1a: Charizard|54\/359
|-damage|p2a: Gengar|26\/261|[from] item: Life Orb
|move|p1a: Charizard|Dragon Claw|p2a: Gengar
|-damage|p2a: Gengar|0 fnt
|faint|p2a: Gengar
|
|
|switch|p2a: Scizor|Scizor, M|340\/340
|turn|33
|
|detailschange|p2a: Scizor|Scizor-Mega, M
|message|Scizor has Mega Evolved into Mega Scizor!
|move|p2a: Scizor|Bullet Punch|p1a: Charizard
|-resisted|p1a: Charizard
|-damage|p1a: Charizard|0 fnt
|faint|p1a: Charizard
|
|
|switch|p1a: Landorus|Landorus, M|59\/320
|-damage|p1a: Landorus|19\/320|[from] Stealth Rock
|turn|34
|chat|SuckerforMetal|gg
|-message|the catcher2 forfeited.
|
|win|SuckerforMetal
|raw|Ladder updating...
|leave|the catcher2
|player|p1
|raw|the catcher2's rating: 1590 &rarr; <strong>1573<\/strong><br \/>(-17 for losing)
|raw|SuckerforMetal's rating: 1647 &rarr; <strong>1664<\/strong><br \/>(+17 for winning)