|join|SuckerforMetal
|join|ice beamu
|player|p1|SuckerforMetal|169
|player|p2|ice beamu|265
|gametype|singles
|gen|6
|tier|OU
|rated
|clearpoke
|poke|p1|Venusaur, M
|poke|p1|Rotom-Wash
|poke|p1|Skarmory, M
|poke|p1|Gengar, F
|poke|p1|Landorus-Therian, M
|poke|p1|Talonflame, F
|poke|p2|Heatran, M
|poke|p2|Quagsire, M
|poke|p2|Venusaur, M
|poke|p2|Skarmory, M
|poke|p2|Chansey, F
|poke|p2|Aegislash, M
|rule|Sleep Clause Mod: Limit one foe put to sleep
|rule|Species Clause: Limit one of each Pokemon
|rule|OHKO Clause: OHKO moves are banned
|rule|Moody Clause: Moody is banned
|rule|Evasion Moves Clause: Evasion moves are banned
|rule|Endless Battle Clause: Forcing endless battles is banned.
|rule|HP Percentage Mod: HP is reported as percentages
|teampreview
|
|start
|switch|p1a: Rotom-Wash|Rotom-Wash|299\/299
|switch|p2a: Heatran|Heatran, M|385\/385
|turn|1
|
|switch|p2a: Venusaur|Venusaur, M|363\/363
|move|p1a: Rotom-Wash|Volt Switch|p2a: Venusaur
|-resisted|p2a: Venusaur
|-damage|p2a: Venusaur|321\/363
|
|switch|p1a: Talonflame|Talonflame, F|298\/298
|
|turn|2
|
|switch|p2a: Heatran|Heatran, M|385\/385
|move|p1a: Talonflame|Brave Bird|p2a: Heatran
|-resisted|p2a: Heatran
|-damage|p2a: Heatran|280\/385
|-damage|p1a: Talonflame|263\/298|[from] recoil|[of] p2a: Heatran
|-damage|p1a: Talonflame|234\/298|[from] item: Life Orb
|
|-heal|p2a: Heatran|304\/385|[from] item: Leftovers
|turn|3
|
|switch|p1a: Landorus-Therian|Landorus-Therian, M|380\/380
|-ability|p1a: Landorus-Therian|Intimidate|[of] p2a: Heatran
|-unboost|p2a: Heatran|atk|1
|move|p2a: Heatran|Stealth Rock|p1a: Landorus-Therian
|-sidestart|p1: SuckerforMetal|move: Stealth Rock
|
|-heal|p2a: Heatran|328\/385|[from] item: Leftovers
|turn|4
|
|switch|p2a: Skarmory|Skarmory, M|333\/333
|move|p1a: Landorus-Therian|Stealth Rock|p2a: Skarmory
|-sidestart|p2: ice beamu|move: Stealth Rock
|
|turn|5
|
|move|p1a: Landorus-Therian|Knock Off|p2a: Skarmory
|-damage|p2a: Skarmory|253\/333
|-damage|p1a: Landorus-Therian|317\/380|[from] item: Rocky Helmet|[of] p2a: Skarmory
|-enditem|p2a: Skarmory|Rocky Helmet|[from] move: Knock Off|[of] p1a: Landorus-Therian
|move|p2a: Skarmory|Whirlwind|p1a: Landorus-Therian
|drag|p1a: Rotom-Wash|Rotom-Wash|299\/299
|-damage|p1a: Rotom-Wash|262\/299|[from] Stealth Rock
|
|turn|6
|
|switch|p2a: Venusaur|Venusaur, M|321\/363
|-damage|p2a: Venusaur|276\/363|[from] Stealth Rock
|move|p1a: Rotom-Wash|Volt Switch|p2a: Venusaur
|-resisted|p2a: Venusaur
|-damage|p2a: Venusaur|231\/363
|
|switch|p1a: Talonflame|Talonflame, F|234\/298
|-damage|p1a: Talonflame|85\/298|[from] Stealth Rock
|
|turn|7
|
|switch|p2a: Heatran|Heatran, M|328\/385
|-damage|p2a: Heatran|280\/385|[from] Stealth Rock
|move|p1a: Talonflame|Brave Bird|p2a: Heatran
|-resisted|p2a: Heatran
|-damage|p2a: Heatran|180\/385
|-damage|p1a: Talonflame|52\/298|[from] recoil|[of] p2a: Heatran
|-damage|p1a: Talonflame|23\/298|[from] item: Life Orb
|
|-heal|p2a: Heatran|204\/385|[from] item: Leftovers
|turn|8
|
|move|p1a: Talonflame|Roost|p1a: Talonflame
|-heal|p1a: Talonflame|172\/298
|move|p2a: Heatran|Taunt|p1a: Talonflame
|-start|p1a: Talonflame|move: Taunt
|
|-heal|p2a: Heatran|228\/385|[from] item: Leftovers
|turn|9
|
|switch|p1a: Rotom-Wash|Rotom-Wash|262\/299
|-damage|p1a: Rotom-Wash|225\/299|[from] Stealth Rock
|move|p2a: Heatran|Lava Plume|p1a: Rotom-Wash
|-resisted|p1a: Rotom-Wash
|-damage|p1a: Rotom-Wash|173\/299
|
|-heal|p2a: Heatran|252\/385|[from] item: Leftovers
|turn|10
|
|switch|p2a: Venusaur|Venusaur, M|231\/363
|-damage|p2a: Venusaur|186\/363|[from] Stealth Rock
|move|p1a: Rotom-Wash|Volt Switch|p2a: Venusaur
|-resisted|p2a: Venusaur
|-damage|p2a: Venusaur|146\/363
|
|switch|p1a: Talonflame|Talonflame, F|172\/298
|-damage|p1a: Talonflame|23\/298|[from] Stealth Rock
|
|turn|11
|
|switch|p2a: Quagsire|Quagsire, M|394\/394
|-damage|p2a: Quagsire|370\/394|[from] Stealth Rock
|move|p1a: Talonflame|Roost|p1a: Talonflame
|-heal|p1a: Talonflame|172\/298
|
|-heal|p2a: Quagsire|394\/394|[from] item: Leftovers
|turn|12
|
|move|p1a: Talonflame|Brave Bird|p2a: Quagsire
|-damage|p2a: Quagsire|222\/394
|-damage|p1a: Talonflame|115\/298|[from] recoil|[of] p2a: Quagsire
|-damage|p1a: Talonflame|86\/298|[from] item: Life Orb
|move|p2a: Quagsire|Toxic|p1a: Talonflame
|-status|p1a: Talonflame|tox
|
|-heal|p2a: Quagsire|246\/394|[from] item: Leftovers
|-damage|p1a: Talonflame|68\/298 tox|[from] psn
|turn|13
|
|move|p1a: Talonflame|Roost|p1a: Talonflame
|-heal|p1a: Talonflame|217\/298 tox
|move|p2a: Quagsire|Recover|p2a: Quagsire
|-heal|p2a: Quagsire|394\/394
|
|-damage|p1a: Talonflame|181\/298 tox|[from] psn
|turn|14
|
|switch|p1a: Rotom-Wash|Rotom-Wash|173\/299
|-damage|p1a: Rotom-Wash|136\/299|[from] Stealth Rock
|move|p2a: Quagsire|Scald|p1a: Rotom-Wash
|-resisted|p1a: Rotom-Wash
|-damage|p1a: Rotom-Wash|107\/299
|-status|p1a: Rotom-Wash|brn
|
|-damage|p1a: Rotom-Wash|70\/299 brn|[from] brn
|turn|15
|
|switch|p2a: Chansey|Chansey, F|701\/701
|-damage|p2a: Chansey|614\/701|[from] Stealth Rock
|move|p1a: Rotom-Wash|Trick|p2a: Chansey
|-activate|p1a: Rotom-Wash|move: Trick|[of] p2a: Chansey
|-item|p2a: Chansey|Choice Scarf|[from] move: Trick
|-item|p1a: Rotom-Wash|Eviolite|[from] move: Trick
|
|-damage|p1a: Rotom-Wash|33\/299 brn|[from] brn
|turn|16
|
|move|p1a: Rotom-Wash|Pain Split|p2a: Chansey
|-sethp|p2a: Chansey|323\/701|p1a: Rotom-Wash|299\/299 brn|[from] move: Pain Split
|move|p2a: Chansey|Wish|p2a: Chansey
|
|-damage|p1a: Rotom-Wash|262\/299 brn|[from] brn
|turn|17
|
|switch|p2a: Venusaur|Venusaur, M|146\/363
|-damage|p2a: Venusaur|101\/363|[from] Stealth Rock
|move|p1a: Rotom-Wash|Volt Switch|p2a: Venusaur
|-resisted|p2a: Venusaur
|-damage|p2a: Venusaur|59\/363
|
|switch|p1a: Talonflame|Talonflame, F|181\/298 tox
|-damage|p1a: Talonflame|32\/298 tox|[from] Stealth Rock
|
|-heal|p2a: Venusaur|363\/363|[from] move: Wish|[wisher] Chansey
|-damage|p1a: Talonflame|14\/298 tox|[from] psn
|turn|18
|
|-formechange|p2a: Venusaur|Venusaur-Mega
|message|Venusaur has Mega Evolved into Mega Venusaur!
|move|p1a: Talonflame|Brave Bird|p2a: Venusaur
|-supereffective|p2a: Venusaur
|-damage|p2a: Venusaur|17\/363
|-damage|p1a: Talonflame|0 fnt|[from] recoil|[of] p2a: Venusaur
|faint|p1a: Talonflame
|move|p2a: Venusaur|Synthesis|p2a: Venusaur
|-heal|p2a: Venusaur|198\/363
|
|
|switch|p1a: Gengar|Gengar, F|261\/261
|-damage|p1a: Gengar|229\/261|[from] Stealth Rock
|turn|19
|
|switch|p2a: Chansey|Chansey, F|323\/701
|-damage|p2a: Chansey|236\/701|[from] Stealth Rock
|move|p1a: Gengar|Substitute|p1a: Gengar
|-start|p1a: Gengar|Substitute
|-damage|p1a: Gengar|164\/261
|
|-heal|p1a: Gengar|180\/261|[from] item: Black Sludge
|turn|20
|
|move|p1a: Gengar|Sludge Wave|p2a: Chansey
|-damage|p2a: Chansey|80\/701
|move|p2a: Chansey|Soft-Boiled|p2a: Chansey
|-heal|p2a: Chansey|431\/701
|
|-heal|p1a: Gengar|196\/261|[from] item: Black Sludge
|turn|21
|
|switch|p1a: Skarmory|Skarmory, M|334\/334
|-damage|p1a: Skarmory|293\/334|[from] Stealth Rock
|move|p2a: Chansey|Soft-Boiled|p2a: Chansey
|-heal|p2a: Chansey|701\/701
|
|turn|22
|
|switch|p2a: Heatran|Heatran, M|252\/385
|-damage|p2a: Heatran|204\/385|[from] Stealth Rock
|move|p1a: Skarmory|Spikes|p2a: Heatran
|-sidestart|p2: ice beamu|Spikes
|
|-heal|p2a: Heatran|228\/385|[from] item: Leftovers
|turn|23
|
|switch|p1a: Rotom-Wash|Rotom-Wash|262\/299 brn
|-damage|p1a: Rotom-Wash|225\/299 brn|[from] Stealth Rock
|move|p2a: Heatran|Lava Plume|p1a: Rotom-Wash
|-resisted|p1a: Rotom-Wash
|-damage|p1a: Rotom-Wash|168\/299 brn
|
|-heal|p2a: Heatran|252\/385|[from] item: Leftovers
|-damage|p1a: Rotom-Wash|131\/299 brn|[from] brn
|turn|24
|
|switch|p2a: Chansey|Chansey, F|701\/701
|-damage|p2a: Chansey|614\/701|[from] Spikes
|-damage|p2a: Chansey|527\/701|[from] Stealth Rock
|move|p1a: Rotom-Wash|Pain Split|p2a: Chansey
|-sethp|p2a: Chansey|329\/701|p1a: Rotom-Wash|299\/299 brn|[from] move: Pain Split
|
|-damage|p1a: Rotom-Wash|262\/299 brn|[from] brn
|turn|25
|
|move|p1a: Rotom-Wash|Volt Switch|p2a: Chansey
|-damage|p2a: Chansey|245\/701
|
|switch|p1a: Landorus-Therian|Landorus-Therian, M|317\/380
|-damage|p1a: Landorus-Therian|270\/380|[from] Stealth Rock
|-ability|p1a: Landorus-Therian|Intimidate|[of] p2a: Chansey
|-unboost|p2a: Chansey|atk|1
|move|p2a: Chansey|Wish|p2a: Chansey
|
|-heal|p1a: Landorus-Therian|293\/380|[from] item: Leftovers
|turn|26
|
|switch|p2a: Skarmory|Skarmory, M|253\/333
|-damage|p2a: Skarmory|212\/333|[from] Stealth Rock
|move|p1a: Landorus-Therian|Earthquake|p2a: Skarmory
|-immune|p2a: Skarmory|[msg]
|
|-heal|p2a: Skarmory|333\/333|[from] move: Wish|[wisher] Chansey
|-heal|p1a: Landorus-Therian|316\/380|[from] item: Leftovers
|turn|27
|
|switch|p1a: Rotom-Wash|Rotom-Wash|262\/299 brn
|-damage|p1a: Rotom-Wash|225\/299 brn|[from] Stealth Rock
|move|p2a: Skarmory|Taunt|p1a: Rotom-Wash
|-start|p1a: Rotom-Wash|move: Taunt
|
|-damage|p1a: Rotom-Wash|188\/299 brn|[from] brn
|turn|28
|
|switch|p2a: Chansey|Chansey, F|245\/701
|-damage|p2a: Chansey|158\/701|[from] Stealth Rock
|-damage|p2a: Chansey|71\/701|[from] Spikes
|move|p1a: Rotom-Wash|Volt Switch|p2a: Chansey
|-damage|p2a: Chansey|0 fnt
|faint|p2a: Chansey
|
|switch|p1a: Landorus-Therian|Landorus-Therian, M|316\/380
|-damage|p1a: Landorus-Therian|269\/380|[from] Stealth Rock
|
|-heal|p1a: Landorus-Therian|292\/380|[from] item: Leftovers
|
|switch|p2a: Skarmory|Skarmory, M|333\/333
|-damage|p2a: Skarmory|292\/333|[from] Stealth Rock
|turn|29
|
|switch|p1a: Rotom-Wash|Rotom-Wash|188\/299 brn
|-damage|p1a: Rotom-Wash|151\/299 brn|[from] Stealth Rock
|move|p2a: Skarmory|Whirlwind|p1a: Rotom-Wash
|drag|p1a: Skarmory|Skarmory, M|293\/334
|-damage|p1a: Skarmory|252\/334|[from] Stealth Rock
|
|turn|30
|
|move|p1a: Skarmory|Spikes|p2a: Skarmory
|-sidestart|p2: ice beamu|Spikes
|move|p2a: Skarmory|Taunt|p1a: Skarmory
|-start|p1a: Skarmory|move: Taunt
|
|turn|31
|
|move|p1a: Skarmory|Brave Bird|p2a: Skarmory
|-resisted|p2a: Skarmory
|-damage|p2a: Skarmory|261\/333
|-damage|p1a: Skarmory|242\/334|[from] recoil|[of] p2a: Skarmory
|move|p2a: Skarmory|Counter|p1a: Skarmory
|-damage|p1a: Skarmory|180\/334
|-damage|p2a: Skarmory|206\/333|[from] item: Rocky Helmet|[of] p1a: Skarmory
|
|turn|32
|
|switch|p1a: Rotom-Wash|Rotom-Wash|151\/299 brn
|-damage|p1a: Rotom-Wash|114\/299 brn|[from] Stealth Rock
|move|p2a: Skarmory|Roost|p2a: Skarmory
|-heal|p2a: Skarmory|333\/333
|
|-damage|p1a: Rotom-Wash|77\/299 brn|[from] brn
|turn|33
|
|switch|p2a: Venusaur|Venusaur, M|198\/363
|-formechange|p2a: Venusaur|Venusaur-Mega
|-damage|p2a: Venusaur|153\/363|[from] Stealth Rock
|-damage|p2a: Venusaur|93\/363|[from] Spikes
|move|p1a: Rotom-Wash|Pain Split|p2a: Venusaur
|-sethp|p2a: Venusaur|85\/363|p1a: Rotom-Wash|85\/299 brn|[from] move: Pain Split
|
|-damage|p1a: Rotom-Wash|48\/299 brn|[from] brn
|turn|34
|
|move|p1a: Rotom-Wash|Pain Split|p2a: Venusaur
|-sethp|p2a: Venusaur|66\/363|p1a: Rotom-Wash|66\/299 brn|[from] move: Pain Split
|move|p2a: Venusaur|Synthesis|p2a: Venusaur
|-heal|p2a: Venusaur|247\/363
|
|-damage|p1a: Rotom-Wash|29\/299 brn|[from] brn
|turn|35
|
|switch|p2a: Aegislash|Aegislash, M|322\/322
|-damage|p2a: Aegislash|269\/322|[from] Spikes
|-damage|p2a: Aegislash|249\/322|[from] Stealth Rock
|move|p1a: Rotom-Wash|Pain Split|p2a: Aegislash
|-sethp|p2a: Aegislash|139\/322|p1a: Rotom-Wash|139\/299 brn|[from] move: Pain Split
|
|-heal|p2a: Aegislash|159\/322|[from] item: Leftovers
|-damage|p1a: Rotom-Wash|102\/299 brn|[from] brn
|turn|36
|
|switch|p1a: Skarmory|Skarmory, M|180\/334
|-damage|p1a: Skarmory|139\/334|[from] Stealth Rock
|-formechange|p2a: Aegislash|Aegislash-Blade
|move|p2a: Aegislash|Shadow Ball|p1a: Skarmory
|-damage|p1a: Skarmory|0 fnt
|faint|p1a: Skarmory
|
|-heal|p2a: Aegislash|179\/322|[from] item: Leftovers
|
|switch|p1a: Venusaur|Venusaur, M|364\/364
|-damage|p1a: Venusaur|319\/364|[from] Stealth Rock
|turn|37
|
|-formechange|p1a: Venusaur|Venusaur-Mega
|message|Venusaur has Mega Evolved into Mega Venusaur!
|move|p1a: Venusaur|Sleep Powder|p2a: Aegislash
|-status|p2a: Aegislash|slp
|cant|p2a: Aegislash|slp
|
|-heal|p2a: Aegislash|199\/322 slp|[from] item: Leftovers
|turn|38
|
|switch|p1a: Landorus-Therian|Landorus-Therian, M|292\/380
|-damage|p1a: Landorus-Therian|245\/380|[from] Stealth Rock
|-ability|p1a: Landorus-Therian|Intimidate|[of] p2a: Aegislash
|-unboost|p2a: Aegislash|atk|1
|switch|p2a: Venusaur|Venusaur, M|247\/363
|-formechange|p2a: Venusaur|Venusaur-Mega
|-damage|p2a: Venusaur|187\/363|[from] Spikes
|-damage|p2a: Venusaur|142\/363|[from] Stealth Rock
|
|-heal|p1a: Landorus-Therian|268\/380|[from] item: Leftovers
|turn|39
|
|move|p1a: Landorus-Therian|Earthquake|p2a: Venusaur
|-damage|p2a: Venusaur|0 fnt
|faint|p2a: Venusaur
|
|-heal|p1a: Landorus-Therian|291\/380|[from] item: Leftovers
|
|switch|p2a: Skarmory|Skarmory, M|333\/333
|-damage|p2a: Skarmory|292\/333|[from] Stealth Rock
|turn|40
|
|move|p1a: Landorus-Therian|Stone Edge|p2a: Skarmory
|-damage|p2a: Skarmory|205\/333
|move|p2a: Skarmory|Whirlwind|p1a: Landorus-Therian
|drag|p1a: Venusaur|Venusaur, M|319\/364
|-formechange|p1a: Venusaur|Venusaur-Mega
|-damage|p1a: Venusaur|274\/364|[from] Stealth Rock
|
|turn|41
|
|move|p1a: Venusaur|Leech Seed|p2a: Skarmory
|-start|p2a: Skarmory|move: Leech Seed
|move|p2a: Skarmory|Roost|p2a: Skarmory
|-heal|p2a: Skarmory|333\/333
|
|-damage|p2a: Skarmory|292\/333|[from] Leech Seed|[of] p1a: Venusaur
|-heal|p1a: Venusaur|315\/364|[silent]
|turn|42
|
|switch|p1a: Landorus-Therian|Landorus-Therian, M|291\/380
|-damage|p1a: Landorus-Therian|244\/380|[from] Stealth Rock
|-ability|p1a: Landorus-Therian|Intimidate|[of] p2a: Skarmory
|-unboost|p2a: Skarmory|atk|1
|move|p2a: Skarmory|Whirlwind|p1a: Landorus-Therian
|drag|p1a: Rotom-Wash|Rotom-Wash|102\/299 brn
|-damage|p1a: Rotom-Wash|65\/299 brn|[from] Stealth Rock
|
|-damage|p2a: Skarmory|251\/333|[from] Leech Seed|[of] p1a: Rotom-Wash
|-heal|p1a: Rotom-Wash|106\/299 brn|[silent]
|-damage|p1a: Rotom-Wash|69\/299 brn|[from] brn
|turn|43
|
|switch|p2a: Quagsire|Quagsire, M|394\/394
|-damage|p2a: Quagsire|329\/394|[from] Spikes
|-damage|p2a: Quagsire|305\/394|[from] Stealth Rock
|move|p1a: Rotom-Wash|Pain Split|p2a: Quagsire
|-sethp|p2a: Quagsire|187\/394|p1a: Rotom-Wash|187\/299 brn|[from] move: Pain Split
|
|-heal|p2a: Quagsire|211\/394|[from] item: Leftovers
|-damage|p1a: Rotom-Wash|150\/299 brn|[from] brn
|turn|44
|
|switch|p1a: Venusaur|Venusaur, M|315\/364
|-formechange|p1a: Venusaur|Venusaur-Mega
|-damage|p1a: Venusaur|270\/364|[from] Stealth Rock
|move|p2a: Quagsire|Recover|p2a: Quagsire
|-heal|p2a: Quagsire|394\/394
|
|turn|45
|
|switch|p2a: Aegislash|Aegislash, M|199\/322 slp
|-damage|p2a: Aegislash|179\/322 slp|[from] Stealth Rock
|-damage|p2a: Aegislash|126\/322 slp|[from] Spikes
|move|p1a: Venusaur|Leech Seed|p2a: Aegislash
|-start|p2a: Aegislash|move: Leech Seed
|
|-heal|p2a: Aegislash|146\/322 slp|[from] item: Leftovers
|-damage|p2a: Aegislash|106\/322 slp|[from] Leech Seed|[of] p1a: Venusaur
|-heal|p1a: Venusaur|310\/364|[silent]
|turn|46
|
|move|p1a: Venusaur|Giga Drain|p2a: Aegislash
|-resisted|p2a: Aegislash
|-damage|p2a: Aegislash|70\/322 slp
|-heal|p1a: Venusaur|328\/364|[from] drain|[of] p2a: Aegislash
|-formechange|p2a: Aegislash|Aegislash-Blade
|cant|p2a: Aegislash|slp
|
|-heal|p2a: Aegislash|90\/322 slp|[from] item: Leftovers
|-damage|p2a: Aegislash|50\/322 slp|[from] Leech Seed|[of] p1a: Venusaur
|-heal|p1a: Venusaur|364\/364|[silent]
|turn|47
|
|move|p1a: Venusaur|Giga Drain|p2a: Aegislash
|-resisted|p2a: Aegislash
|-damage|p2a: Aegislash|0 fnt
|faint|p2a: Aegislash
|
|
|switch|p2a: Heatran|Heatran, M|252\/385
|-damage|p2a: Heatran|188\/385|[from] Spikes
|-damage|p2a: Heatran|140\/385|[from] Stealth Rock
|turn|48
|
|move|p1a: Venusaur|Sleep Powder|p2a: Heatran
|-status|p2a: Heatran|slp
|cant|p2a: Heatran|slp
|
|-heal|p2a: Heatran|164\/385 slp|[from] item: Leftovers
|turn|49
|
|move|p1a: Venusaur|Leech Seed|p2a: Heatran
|-start|p2a: Heatran|move: Leech Seed
|cant|p2a: Heatran|slp
|
|-heal|p2a: Heatran|188\/385 slp|[from] item: Leftovers
|-damage|p2a: Heatran|140\/385 slp|[from] Leech Seed|[of] p1a: Venusaur
|turn|50
|
|move|p1a: Venusaur|Giga Drain|p2a: Heatran
|-resisted|p2a: Heatran
|-damage|p2a: Heatran|122\/385 slp
|cant|p2a: Heatran|slp
|
|-heal|p2a: Heatran|146\/385 slp|[from] item: Leftovers
|-damage|p2a: Heatran|98\/385 slp|[from] Leech Seed|[of] p1a: Venusaur
|turn|51
|
|move|p1a: Venusaur|Giga Drain|p2a: Heatran
|-resisted|p2a: Heatran
|-damage|p2a: Heatran|80\/385 slp
|-curestatus|p2a: Heatran|slp
|move|p2a: Heatran|Lava Plume|p1a: Venusaur
|-supereffective|p1a: Venusaur
|-damage|p1a: Venusaur|268\/364
|-status|p1a: Venusaur|brn
|
|-heal|p2a: Heatran|104\/385|[from] item: Leftovers
|-damage|p2a: Heatran|56\/385|[from] Leech Seed|[of] p1a: Venusaur
|-heal|p1a: Venusaur|316\/364 brn|[silent]
|-damage|p1a: Venusaur|271\/364 brn|[from] brn
|turn|52
|
|move|p1a: Venusaur|Sleep Powder|p2a: Heatran
|-status|p2a: Heatran|slp
|cant|p2a: Heatran|slp
|
|-heal|p2a: Heatran|80\/385 slp|[from] item: Leftovers
|-damage|p2a: Heatran|32\/385 slp|[from] Leech Seed|[of] p1a: Venusaur
|-heal|p1a: Venusaur|319\/364 brn|[silent]
|-damage|p1a: Venusaur|274\/364 brn|[from] brn
|turn|53
|
|move|p1a: Venusaur|Giga Drain|p2a: Heatran
|-resisted|p2a: Heatran
|-damage|p2a: Heatran|16\/385 slp
|-heal|p1a: Venusaur|282\/364 brn|[from] drain|[of] p2a: Heatran
|cant|p2a: Heatran|slp
|
|-heal|p2a: Heatran|40\/385 slp|[from] item: Leftovers
|-damage|p2a: Heatran|0 fnt|[from] Leech Seed|[of] p1a: Venusaur
|-heal|p1a: Venusaur|322\/364 brn|[silent]
|-damage|p1a: Venusaur|277\/364 brn|[from] brn
|faint|p2a: Heatran
|
|switch|p2a: Skarmory|Skarmory, M|251\/333
|-damage|p2a: Skarmory|210\/333|[from] Stealth Rock
|turn|54
|
|switch|p1a: Rotom-Wash|Rotom-Wash|150\/299 brn
|-damage|p1a: Rotom-Wash|113\/299 brn|[from] Stealth Rock
|move|p2a: Skarmory|Taunt|p1a: Rotom-Wash
|-start|p1a: Rotom-Wash|move: Taunt
|
|-damage|p1a: Rotom-Wash|76\/299 brn|[from] brn
|turn|55
|
|move|p1a: Rotom-Wash|Hydro Pump|p2a: Skarmory|[miss]
|-miss|p1a: Rotom-Wash|p2a: Skarmory
|move|p2a: Skarmory|Roost|p2a: Skarmory
|-heal|p2a: Skarmory|333\/333
|
|-damage|p1a: Rotom-Wash|39\/299 brn|[from] brn
|turn|56
|
|move|p1a: Rotom-Wash|Hydro Pump|p2a: Skarmory|[miss]
|-miss|p1a: Rotom-Wash|p2a: Skarmory
|move|p2a: Skarmory|Whirlwind|p1a: Rotom-Wash
|drag|p1a: Venusaur|Venusaur, M|277\/364 brn
|-formechange|p1a: Venusaur|Venusaur-Mega
|-damage|p1a: Venusaur|232\/364 brn|[from] Stealth Rock
|
|-damage|p1a: Venusaur|187\/364 brn|[from] brn
|turn|57
|
|move|p1a: Venusaur|Sleep Powder|p2a: Skarmory
|-status|p2a: Skarmory|slp
|cant|p2a: Skarmory|slp
|
|-damage|p1a: Venusaur|142\/364 brn|[from] brn
|turn|58
|
|move|p1a: Venusaur|Leech Seed|p2a: Skarmory
|-start|p2a: Skarmory|move: Leech Seed
|cant|p2a: Skarmory|slp
|
|-damage|p2a: Skarmory|292\/333 slp|[from] Leech Seed|[of] p1a: Venusaur
|-heal|p1a: Venusaur|183\/364 brn|[silent]
|-damage|p1a: Venusaur|138\/364 brn|[from] brn
|turn|59
|
|switch|p1a: Gengar|Gengar, F|196\/261
|-damage|p1a: Gengar|164\/261|[from] Stealth Rock
|cant|p2a: Skarmory|slp
|
|-heal|p1a: Gengar|180\/261|[from] item: Black Sludge
|-damage|p2a: Skarmory|251\/333 slp|[from] Leech Seed|[of] p1a: Gengar
|-heal|p1a: Gengar|221\/261|[silent]
|turn|60
|
|switch|p2a: Quagsire|Quagsire, M|394\/394
|-damage|p2a: Quagsire|370\/394|[from] Stealth Rock
|-damage|p2a: Quagsire|305\/394|[from] Spikes
|move|p1a: Gengar|Shadow Ball|p2a: Quagsire
|-damage|p2a: Quagsire|115\/394
|
|-heal|p1a: Gengar|237\/261|[from] item: Black Sludge
|-heal|p2a: Quagsire|139\/394|[from] item: Leftovers
|turn|61
|
|move|p1a: Gengar|Shadow Ball|p2a: Quagsire
|-damage|p2a: Quagsire|0 fnt
|faint|p2a: Quagsire
|
|-heal|p1a: Gengar|253\/261|[from] item: Black Sludge
|
|switch|p2a: Skarmory|Skarmory, M|251\/333 slp
|-damage|p2a: Skarmory|210\/333 slp|[from] Stealth Rock
|turn|62
|chat|SuckerforMetal|gg
|
|move|p1a: Gengar|Shadow Ball|p2a: Skarmory
|-damage|p2a: Skarmory|15\/333 slp
|-curestatus|p2a: Skarmory|slp
|move|p2a: Skarmory|Whirlwind|p1a: Gengar
|drag|p1a: Rotom-Wash|Rotom-Wash|39\/299 brn
|-damage|p1a: Rotom-Wash|2\/299 brn|[from] Stealth Rock
|
|-damage|p1a: Rotom-Wash|0 fnt|[from] brn
|faint|p1a: Rotom-Wash
|
|switch|p1a: Gengar|Gengar, F|253\/261
|-damage|p1a: Gengar|221\/261|[from] Stealth Rock
|turn|63
|
|move|p1a: Gengar|Shadow Ball|p2a: Skarmory
|-damage|p2a: Skarmory|0 fnt
|faint|p2a: Skarmory
|
|win|SuckerforMetal
|raw|Ladder updating...
|raw|SuckerforMetal's rating: 1443 &rarr; <strong>1466<\/strong><br \/>(+23 for winning)
|raw|ice beamu's rating: 1493 &rarr; <strong>1470<\/strong><br \/>(-23 for losing)
|leave|ice beamu
|player|p2