|join|Suckerformetal
|join|Xenium
|player|p1|Suckerformetal|169
|player|p2|Xenium|266
|gametype|singles
|gen|6
|tier|OU
|rated
|clearpoke
|poke|p1|Gengar, M, shiny
|poke|p1|Hydreigon, F
|poke|p1|Scizor, M
|poke|p1|Sableye, M
|poke|p1|Landorus-Therian, M
|poke|p1|Vaporeon, M
|poke|p2|Altaria, M
|poke|p2|Heatran, F
|poke|p2|Slowbro, F
|poke|p2|Ferrothorn, F
|poke|p2|Tyranitar, F, shiny
|poke|p2|Gliscor, M
|rule|Swagger Clause: Swagger is banned
|rule|Baton Pass Clause: Limit one PokÃ©mon knowing Baton Pass
|rule|Sleep Clause Mod: Limit one foe put to sleep
|rule|Species Clause: Limit one of each PokÃ©mon
|rule|OHKO Clause: OHKO moves are banned
|rule|Moody Clause: Moody is banned
|rule|Evasion Moves Clause: Evasion moves are banned
|rule|Endless Battle Clause: Forcing endless battles is banned
|rule|HP Percentage Mod: HP is shown in percentages
|teampreview
|
|start
|switch|p1a: Scizor|Scizor, M|337\/337
|switch|p2a: Altaria|Altaria, M|327\/327
|-ability|p2a: Altaria|Cloud Nine
|turn|1
|
|switch|p2a: Heatran|Heatran, F|385\/385
|switch|p1a: Vaporeon|Vaporeon, M|451\/451
|
|turn|2
|
|move|p2a: Heatran|Toxic|p1a: Vaporeon
|-status|p1a: Vaporeon|tox
|move|p1a: Vaporeon|Scald|p2a: Heatran
|-supereffective|p2a: Heatran
|-damage|p2a: Heatran|203\/385
|
|-heal|p2a: Heatran|227\/385|[from] item: Leftovers
|-damage|p1a: Vaporeon|423\/451 tox|[from] psn
|turn|3
|
|switch|p1a: Landorus-Therian|Landorus-Therian, M|381\/381
|-ability|p1a: Landorus-Therian|Intimidate|[of] p2a: Heatran
|-unboost|p2a: Heatran|atk|1
|move|p2a: Heatran|Stealth Rock|p1a: Landorus-Therian
|-sidestart|p1: Suckerformetal|move: Stealth Rock
|
|-heal|p2a: Heatran|251\/385|[from] item: Leftovers
|turn|4
|
|switch|p2a: Ferrothorn|Ferrothorn, F|352\/352
|move|p1a: Landorus-Therian|Knock Off|p2a: Ferrothorn
|-damage|p2a: Ferrothorn|283\/352
|-damage|p1a: Landorus-Therian|334\/381|[from] ability: Iron Barbs|[of] p2a: Ferrothorn
|-enditem|p2a: Ferrothorn|Shed Shell|[from] move: Knock Off|[of] p1a: Landorus-Therian
|
|-heal|p1a: Landorus-Therian|357\/381|[from] item: Leftovers
|turn|5
|
|switch|p1a: Sableye|Sableye, M|303\/303
|-damage|p1a: Sableye|266\/303|[from] Stealth Rock
|move|p2a: Ferrothorn|Spikes|p1a: Sableye
|-sidestart|p1: Suckerformetal|Spikes
|
|turn|6
|
|switch|p2a: Heatran|Heatran, F|251\/385
|detailschange|p1a: Sableye|Sableye-Mega, M
|-mega|p1a: Sableye|Sableye|Sablenite
|move|p1a: Sableye|Calm Mind|p1a: Sableye
|-boost|p1a: Sableye|spa|1
|-boost|p1a: Sableye|spd|1
|
|-heal|p2a: Heatran|275\/385|[from] item: Leftovers
|turn|7
|
|switch|p2a: Altaria|Altaria, M|327\/327
|-ability|p2a: Altaria|Cloud Nine
|move|p1a: Sableye|Shadow Ball|p2a: Altaria
|-damage|p2a: Altaria|210\/327
|
|turn|8
|
|switch|p1a: Landorus-Therian|Landorus-Therian, M|357\/381
|-damage|p1a: Landorus-Therian|310\/381|[from] Stealth Rock
|-ability|p1a: Landorus-Therian|Intimidate|[of] p2a: Altaria
|-unboost|p2a: Altaria|atk|1
|detailschange|p2a: Altaria|Altaria-Mega, M
|-mega|p2a: Altaria|Altaria|Altarianite
|move|p2a: Altaria|Hyper Voice|p1a: Landorus-Therian
|-damage|p1a: Landorus-Therian|72\/381
|
|-heal|p1a: Landorus-Therian|95\/381|[from] item: Leftovers
|turn|9
|
|switch|p2a: Ferrothorn|Ferrothorn, F|283\/352
|move|p1a: Landorus-Therian|Stealth Rock|p2a: Ferrothorn
|-sidestart|p2: Xenium|move: Stealth Rock
|
|-heal|p1a: Landorus-Therian|118\/381|[from] item: Leftovers
|turn|10
|
|switch|p2a: Gliscor|Gliscor, M|353\/353
|-damage|p2a: Gliscor|309\/353|[from] Stealth Rock
|move|p1a: Landorus-Therian|Earthquake|p2a: Gliscor
|-immune|p2a: Gliscor|[msg]
|
|-heal|p1a: Landorus-Therian|141\/381|[from] item: Leftovers
|-status|p2a: Gliscor|tox|[from] item: Toxic Orb
|turn|11
|
|switch|p1a: Hydreigon|Hydreigon, F|325\/325
|-damage|p1a: Hydreigon|285\/325|[from] Stealth Rock
|move|p2a: Gliscor|Swords Dance|p2a: Gliscor
|-boost|p2a: Gliscor|atk|2
|
|-heal|p2a: Gliscor|353\/353 tox|[from] ability: Poison Heal
|turn|12
|
|switch|p2a: Altaria|Altaria-Mega, M|210\/327
|-damage|p2a: Altaria|170\/327|[from] Stealth Rock
|move|p1a: Hydreigon|Dark Pulse|p2a: Altaria
|-resisted|p2a: Altaria
|-damage|p2a: Altaria|97\/327
|
|turn|13
|
|switch|p1a: Gengar|Gengar, M, shiny|259\/259
|-damage|p1a: Gengar|227\/259|[from] Stealth Rock
|move|p2a: Altaria|Roost|p2a: Altaria
|-heal|p2a: Altaria|261\/327
|
|turn|14
|
|switch|p1a: Scizor|Scizor, M|337\/337
|-damage|p1a: Scizor|295\/337|[from] Spikes
|-damage|p1a: Scizor|253\/337|[from] Stealth Rock
|switch|p2a: Ferrothorn|Ferrothorn, F|283\/352
|-damage|p2a: Ferrothorn|261\/352|[from] Stealth Rock
|
|turn|15
|
|switch|p2a: Gliscor|Gliscor, M|353\/353 tox
|-damage|p2a: Gliscor|309\/353 tox|[from] Stealth Rock
|move|p1a: Scizor|U-turn|p2a: Gliscor
|-resisted|p2a: Gliscor
|-damage|p2a: Gliscor|228\/353 tox
|
|switch|p1a: Hydreigon|Hydreigon, F|285\/325
|-damage|p1a: Hydreigon|245\/325|[from] Stealth Rock
|
|-heal|p2a: Gliscor|272\/353 tox|[from] ability: Poison Heal
|turn|16
|
|switch|p2a: Altaria|Altaria-Mega, M|261\/327
|-damage|p2a: Altaria|221\/327|[from] Stealth Rock
|move|p1a: Hydreigon|U-turn|p2a: Altaria
|-resisted|p2a: Altaria
|-damage|p2a: Altaria|196\/327
|
|switch|p1a: Gengar|Gengar, M, shiny|227\/259
|-damage|p1a: Gengar|195\/259|[from] Stealth Rock
|
|turn|17
|
|switch|p2a: Tyranitar|Tyranitar, F, shiny|341\/341
|-damage|p2a: Tyranitar|299\/341|[from] Stealth Rock
|-weather|Sandstorm
|move|p1a: Gengar|Substitute|p1a: Gengar
|-start|p1a: Gengar|Substitute
|-damage|p1a: Gengar|131\/259
|
|-weather|Sandstorm|[upkeep]
|-damage|p1a: Gengar|115\/259|[from] sandstorm
|turn|18
|
|move|p2a: Tyranitar|Pursuit|p1a: Gengar
|-supereffective|p1a: Gengar
|-end|p1a: Gengar|Substitute
|move|p1a: Gengar|Pain Split|p2a: Tyranitar
|-sethp|p2a: Tyranitar|207\/341|p1a: Gengar|207\/259|[from] move: Pain Split
|
|-weather|Sandstorm|[upkeep]
|-damage|p1a: Gengar|191\/259|[from] sandstorm
|turn|19
|
|move|p2a: Tyranitar|Pursuit|p1a: Gengar
|-supereffective|p1a: Gengar
|-damage|p1a: Gengar|0 fnt
|faint|p1a: Gengar
|
|-weather|Sandstorm|[upkeep]
|
|switch|p1a: Scizor|Scizor, M|253\/337
|-damage|p1a: Scizor|211\/337|[from] Stealth Rock
|-damage|p1a: Scizor|169\/337|[from] Spikes
|turn|20
|
|switch|p2a: Gliscor|Gliscor, M|272\/353 tox
|-damage|p2a: Gliscor|228\/353 tox|[from] Stealth Rock
|move|p1a: Scizor|U-turn|p2a: Gliscor
|-resisted|p2a: Gliscor
|-damage|p2a: Gliscor|142\/353 tox
|
|switch|p1a: Hydreigon|Hydreigon, F|245\/325
|-damage|p1a: Hydreigon|205\/325|[from] Stealth Rock
|
|-weather|Sandstorm|[upkeep]
|-damage|p1a: Hydreigon|185\/325|[from] sandstorm
|-heal|p2a: Gliscor|186\/353 tox|[from] ability: Poison Heal
|turn|21
|
|switch|p2a: Tyranitar|Tyranitar, F, shiny|207\/341
|-damage|p2a: Tyranitar|165\/341|[from] Stealth Rock
|move|p1a: Hydreigon|Dark Pulse|p2a: Tyranitar
|-resisted|p2a: Tyranitar
|-damage|p2a: Tyranitar|119\/341
|
|-weather|none
|turn|22
|
|switch|p1a: Landorus-Therian|Landorus-Therian, M|141\/381
|-damage|p1a: Landorus-Therian|94\/381|[from] Stealth Rock
|-ability|p1a: Landorus-Therian|Intimidate|[of] p2a: Tyranitar
|-unboost|p2a: Tyranitar|atk|1
|move|p2a: Tyranitar|Ice Punch|p1a: Landorus-Therian
|-crit|p1a: Landorus-Therian
|-supereffective|p1a: Landorus-Therian
|-damage|p1a: Landorus-Therian|0 fnt
|faint|p1a: Landorus-Therian
|
|
|switch|p1a: Sableye|Sableye-Mega, M|266\/303
|-damage|p1a: Sableye|229\/303|[from] Stealth Rock
|-damage|p1a: Sableye|192\/303|[from] Spikes
|turn|23
|
|switch|p2a: Altaria|Altaria-Mega, M|196\/327
|-damage|p2a: Altaria|156\/327|[from] Stealth Rock
|move|p1a: Sableye|Recover|p1a: Sableye
|-heal|p1a: Sableye|303\/303
|
|turn|24
|
|switch|p1a: Scizor|Scizor, M|169\/337
|-damage|p1a: Scizor|127\/337|[from] Spikes
|-damage|p1a: Scizor|85\/337|[from] Stealth Rock
|move|p2a: Altaria|Roost|p2a: Altaria
|-heal|p2a: Altaria|320\/327
|
|turn|25
|
|switch|p2a: Ferrothorn|Ferrothorn, F|261\/352
|-damage|p2a: Ferrothorn|239\/352|[from] Stealth Rock
|move|p1a: Scizor|Knock Off|p2a: Ferrothorn
|-damage|p2a: Ferrothorn|154\/352
|-damage|p1a: Scizor|43\/337|[from] ability: Iron Barbs|[of] p2a: Ferrothorn
|
|turn|26
|
|move|p1a: Scizor|Knock Off|p2a: Ferrothorn
|-damage|p2a: Ferrothorn|72\/352
|-damage|p1a: Scizor|1\/337|[from] ability: Iron Barbs|[of] p2a: Ferrothorn
|move|p2a: Ferrothorn|Gyro Ball|p1a: Scizor
|-resisted|p1a: Scizor
|-damage|p1a: Scizor|0 fnt
|faint|p1a: Scizor
|
|
|switch|p1a: Sableye|Sableye-Mega, M|303\/303
|-damage|p1a: Sableye|266\/303|[from] Stealth Rock
|-damage|p1a: Sableye|229\/303|[from] Spikes
|turn|27
|
|switch|p2a: Altaria|Altaria-Mega, M|320\/327
|-damage|p2a: Altaria|280\/327|[from] Stealth Rock
|move|p1a: Sableye|Calm Mind|p1a: Sableye
|-boost|p1a: Sableye|spa|1
|-boost|p1a: Sableye|spd|1
|
|turn|28
|c|âSuckerformetal|Altria is the only reason I lost
|c|âXenium|and scarftar
|
|move|p2a: Altaria|Hyper Voice|p1a: Sableye
|-supereffective|p1a: Sableye
|-damage|p1a: Sableye|0 fnt
|faint|p1a: Sableye
|
|-message|Suckerformetal forfeited.
|
|win|Xenium
|raw|Ladder updating...
|leave|Suckerformetal
|player|p1
|raw|Suckerformetal's rating: 1535 &rarr; <strong>1519<\/strong><br \/>(-16 for losing)
|raw|Xenium's rating: 1602 &rarr; <strong>1618<\/strong><br \/>(+16 for winning)