|join|SuckerforMetal
|join|Ox the Fox
|player|p1|SuckerforMetal|169
|player|p2|Ox the Fox|201
|gametype|singles
|gen|6
|tier|OU
|rated
|clearpoke
|poke|p1|Gengar, F, shiny
|poke|p1|Hydreigon, F
|poke|p1|Scizor, M
|poke|p1|Starmie
|poke|p1|Lopunny, M
|poke|p1|Gliscor, M
|poke|p2|Politoed, M, shiny
|poke|p2|Swampert, F, shiny
|poke|p2|Kingdra, M, shiny
|poke|p2|Latias, F, shiny
|poke|p2|Ferrothorn, F, shiny
|poke|p2|Lucario, F, shiny
|rule|Swagger Clause: Swagger is banned
|rule|Baton Pass Clause: Limit one PokÃ©mon knowing Baton Pass
|rule|Sleep Clause Mod: Limit one foe put to sleep
|rule|Species Clause: Limit one of each PokÃ©mon
|rule|OHKO Clause: OHKO moves are banned
|rule|Moody Clause: Moody is banned
|rule|Evasion Moves Clause: Evasion moves are banned
|rule|Endless Battle Clause: Forcing endless battles is banned
|rule|HP Percentage Mod: HP is shown in percentages
|teampreview
|c|âOx the Fox|glhf
|
|start
|switch|p1a: Scizor|Scizor, M|337\/337
|switch|p2a: Swampert|Swampert, F, shiny|348\/348
|turn|1
|
|detailschange|p2a: Swampert|Swampert-Mega, F, shiny
|-mega|p2a: Swampert|Swampert|Swampertite
|move|p2a: Swampert|Waterfall|p1a: Scizor
|-damage|p1a: Scizor|169\/337
|move|p1a: Scizor|U-turn|p2a: Swampert
|-damage|p2a: Swampert|165\/348
|
|switch|p1a: Lopunny|Lopunny, M|271\/271
|
|turn|2
|c|âOx the Fox|pls outspeed
|
|switch|p2a: Politoed|Politoed, M, shiny|383\/383
|-weather|RainDance
|detailschange|p1a: Lopunny|Lopunny-Mega, M
|-mega|p1a: Lopunny|Lopunny|Lopunnite
|move|p1a: Lopunny|High Jump Kick|p2a: Politoed
|-damage|p2a: Politoed|76\/383
|
|-weather|RainDance|[upkeep]
|turn|3
|
|switch|p2a: Ferrothorn|Ferrothorn, F, shiny|352\/352
|move|p1a: Lopunny|Return|p2a: Ferrothorn
|-resisted|p2a: Ferrothorn
|-damage|p2a: Ferrothorn|293\/352
|-damage|p1a: Lopunny|238\/271|[from] ability: Iron Barbs|[of] p2a: Ferrothorn
|
|-weather|RainDance|[upkeep]
|-heal|p2a: Ferrothorn|315\/352|[from] item: Leftovers
|turn|4
|
|move|p1a: Lopunny|High Jump Kick|p2a: Ferrothorn
|-supereffective|p2a: Ferrothorn
|-damage|p2a: Ferrothorn|0 fnt
|-damage|p1a: Lopunny|205\/271|[from] ability: Iron Barbs|[of] p2a: Ferrothorn
|faint|p2a: Ferrothorn
|
|-weather|RainDance|[upkeep]
|
|switch|p2a: Swampert|Swampert-Mega, F, shiny|165\/348
|turn|5
|
|move|p2a: Swampert|Power-Up Punch|p1a: Lopunny
|-supereffective|p1a: Lopunny
|-damage|p1a: Lopunny|71\/271
|-boost|p2a: Swampert|atk|1
|move|p1a: Lopunny|High Jump Kick|p2a: Swampert
|-damage|p2a: Swampert|0 fnt
|faint|p2a: Swampert
|
|-weather|RainDance|[upkeep]
|c|âOx the Fox|zzzzzzz
|
|switch|p2a: Lucario|Lucario, F, shiny|281\/281
|turn|6
|
|switch|p1a: Gliscor|Gliscor, M|352\/352
|move|p2a: Lucario|Bullet Punch|p1a: Gliscor
|-damage|p1a: Gliscor|277\/352
|-damage|p2a: Lucario|253\/281|[from] item: Life Orb
|
|-weather|RainDance|[upkeep]
|-status|p1a: Gliscor|tox|[from] item: Toxic Orb
|turn|7
|
|switch|p2a: Kingdra|Kingdra, M, shiny|298\/298
|move|p1a: Gliscor|Earthquake|p2a: Kingdra
|-damage|p2a: Kingdra|184\/298
|
|-weather|RainDance|[upkeep]
|-heal|p1a: Gliscor|321\/352 tox|[from] ability: Poison Heal
|turn|8
|
|move|p2a: Kingdra|Surf|p1a: Gliscor
|-supereffective|p1a: Gliscor
|-damage|p1a: Gliscor|0 fnt
|faint|p1a: Gliscor
|
|-weather|RainDance|[upkeep]
|
|switch|p1a: Lopunny|Lopunny-Mega, M|71\/271
|turn|9
|
|switch|p2a: Lucario|Lucario, F, shiny|253\/281
|move|p1a: Lopunny|Fake Out|p2a: Lucario
|-resisted|p2a: Lucario
|-damage|p2a: Lucario|203\/281
|
|-weather|none
|turn|10
|
|move|p2a: Lucario|Extreme Speed|p1a: Lopunny
|-damage|p1a: Lopunny|0 fnt
|-damage|p2a: Lucario|175\/281|[from] item: Life Orb
|faint|p1a: Lopunny
|
|
|switch|p1a: Hydreigon|Hydreigon, F|325\/325
|turn|11
|
|switch|p2a: Latias|Latias, F, shiny|319\/319
|move|p1a: Hydreigon|Draco Meteor|p2a: Latias
|-supereffective|p2a: Latias
|-damage|p2a: Latias|0 fnt
|-unboost|p1a: Hydreigon|spa|2
|faint|p2a: Latias
|
|
|switch|p2a: Politoed|Politoed, M, shiny|76\/383
|-weather|RainDance
|turn|12
|
|switch|p2a: Lucario|Lucario, F, shiny|175\/281
|move|p1a: Hydreigon|Draco Meteor|p2a: Lucario
|-resisted|p2a: Lucario
|-damage|p2a: Lucario|86\/281
|-unboost|p1a: Hydreigon|spa|2
|
|-weather|RainDance|[upkeep]
|turn|13
|
|switch|p1a: Gengar|Gengar, F, shiny|259\/259
|move|p2a: Lucario|Close Combat|p1a: Gengar
|-immune|p1a: Gengar|[msg]
|
|-weather|RainDance|[upkeep]
|turn|14
|
|switch|p2a: Kingdra|Kingdra, M, shiny|184\/298
|move|p1a: Gengar|Shadow Ball|p2a: Kingdra
|-damage|p2a: Kingdra|0 fnt
|-damage|p1a: Gengar|234\/259|[from] item: Life Orb
|faint|p2a: Kingdra
|
|-weather|RainDance|[upkeep]
|c|âOx the Fox|cancel
|c|âOx the Fox|lkol
|-message|Ox the Fox forfeited.
|-message|Ox the Fox forfeited.
|leave|Ox the Fox
|
|win|SuckerforMetal
|raw|Ladder updating...
|raw|SuckerforMetal's rating: 1678 &rarr; <strong>1697<\/strong><br \/>(+19 for winning)
|raw|Ox the Fox's rating: 1658 &rarr; <strong>1639<\/strong><br \/>(-19 for losing)
|player|p2
|leave|SuckerforMetal
|player|p1