|join|SuckerforMetal
|join|who can say
|player|p1|SuckerforMetal|265
|player|p2|who can say|238
|gametype|singles
|gen|6
|tier|OU
|rated
|clearpoke
|poke|p1|Gengar, M, shiny
|poke|p1|Hydreigon, F
|poke|p1|Scizor, M
|poke|p1|Sableye, F
|poke|p1|Landorus-Therian, M
|poke|p1|Vaporeon, M
|poke|p2|Diancie
|poke|p2|Talonflame, F
|poke|p2|Landorus-Therian, M
|poke|p2|Latias, F
|poke|p2|Ferrothorn, M
|poke|p2|Keldeo
|rule|Swagger Clause: Swagger is banned
|rule|Baton Pass Clause: Limit one PokÃ©mon knowing Baton Pass
|rule|Sleep Clause Mod: Limit one foe put to sleep
|rule|Species Clause: Limit one of each PokÃ©mon
|rule|OHKO Clause: OHKO moves are banned
|rule|Moody Clause: Moody is banned
|rule|Evasion Moves Clause: Evasion moves are banned
|rule|Endless Battle Clause: Forcing endless battles is banned
|rule|HP Percentage Mod: HP is shown in percentages
|teampreview
|
|start
|switch|p1a: Landorus-Therian|Landorus-Therian, M|381\/381
|switch|p2a: Diancie|Diancie|241\/241
|-ability|p1a: Landorus-Therian|Intimidate|[of] p2a: Diancie
|-fail|p2a: Diancie|unboost|[from] ability: Clear Body|[of] p2a: Diancie
|turn|1
|
|detailschange|p2a: Diancie|Diancie-Mega
|-mega|p2a: Diancie|Diancie|Diancite
|move|p2a: Diancie|Protect|p2a: Diancie
|-singleturn|p2a: Diancie|Protect
|move|p1a: Landorus-Therian|Earthquake|p2a: Diancie
|-activate|p2a: Diancie|Protect
|
|turn|2
|join|Dadox16
|
|switch|p2a: Ferrothorn|Ferrothorn, M|351\/351
|move|p1a: Landorus-Therian|Knock Off|p2a: Ferrothorn
|-damage|p2a: Ferrothorn|292\/351
|-damage|p1a: Landorus-Therian|334\/381|[from] ability: Iron Barbs|[of] p2a: Ferrothorn
|-damage|p1a: Landorus-Therian|271\/381|[from] item: Rocky Helmet|[of] p2a: Ferrothorn
|-enditem|p2a: Ferrothorn|Rocky Helmet|[from] move: Knock Off|[of] p1a: Landorus-Therian
|
|-heal|p1a: Landorus-Therian|294\/381|[from] item: Leftovers
|turn|3
|leave|Dadox16
|
|switch|p2a: Diancie|Diancie-Mega|241\/241
|move|p1a: Landorus-Therian|Stealth Rock|p2a: Diancie
|move|p2a: Diancie|Stealth Rock|p1a: Landorus-Therian|[from]Magic Bounce
|-sidestart|p1: SuckerforMetal|move: Stealth Rock
|
|-heal|p1a: Landorus-Therian|317\/381|[from] item: Leftovers
|turn|4
|
|switch|p2a: Keldeo|Keldeo|323\/323
|move|p1a: Landorus-Therian|Earthquake|p2a: Keldeo
|-damage|p2a: Keldeo|154\/323
|
|-heal|p1a: Landorus-Therian|340\/381|[from] item: Leftovers
|turn|5
|
|switch|p1a: Vaporeon|Vaporeon, M|451\/451
|-damage|p1a: Vaporeon|395\/451|[from] Stealth Rock
|move|p2a: Keldeo|Hydro Pump|p1a: Vaporeon
|-heal|p1a: Vaporeon|451\/451|[from] ability: Water Absorb|[of] p2a: Keldeo
|
|turn|6
|c|âwho can say|welcome
|
|switch|p2a: Ferrothorn|Ferrothorn, M|292\/351
|switch|p1a: Sableye|Sableye, F|303\/303
|-damage|p1a: Sableye|266\/303|[from] Stealth Rock
|
|turn|7
|
|switch|p2a: Talonflame|Talonflame, F|320\/320
|detailschange|p1a: Sableye|Sableye-Mega, F
|-mega|p1a: Sableye|Sableye|Sablenite
|move|p1a: Sableye|Shadow Ball|p2a: Talonflame
|-damage|p2a: Talonflame|206\/320
|-unboost|p2a: Talonflame|spd|1
|
|turn|8
|
|move|p2a: Talonflame|Swords Dance|p2a: Talonflame
|-boost|p2a: Talonflame|atk|2
|move|p1a: Sableye|Recover|p1a: Sableye
|-heal|p1a: Sableye|303\/303
|
|turn|9
|
|move|p2a: Talonflame|Brave Bird|p1a: Sableye
|-damage|p1a: Sableye|57\/303
|-damage|p2a: Talonflame|125\/320|[from] recoil|[of] p1a: Sableye
|move|p1a: Sableye|Shadow Ball|p2a: Talonflame
|-crit|p2a: Talonflame
|-damage|p2a: Talonflame|0 fnt
|faint|p2a: Talonflame
|
|
|switch|p2a: Diancie|Diancie-Mega|241\/241
|turn|10
|
|switch|p1a: Scizor|Scizor, M|337\/337
|-damage|p1a: Scizor|295\/337|[from] Stealth Rock
|move|p2a: Diancie|Diamond Storm|p1a: Scizor
|-damage|p1a: Scizor|102\/337
|
|turn|11
|
|switch|p2a: Landorus-Therian|Landorus-Therian, M|382\/382
|-ability|p2a: Landorus-Therian|Intimidate|[of] p1a: Scizor
|-unboost|p1a: Scizor|atk|1
|move|p1a: Scizor|Bullet Punch|p2a: Landorus-Therian
|-damage|p2a: Landorus-Therian|261\/382
|
|turn|12
|
|switch|p1a: Landorus-Therian|Landorus-Therian, M|340\/381
|-damage|p1a: Landorus-Therian|293\/381|[from] Stealth Rock
|-ability|p1a: Landorus-Therian|Intimidate|[of] p2a: Landorus-Therian
|-unboost|p2a: Landorus-Therian|atk|1
|move|p2a: Landorus-Therian|Knock Off|p1a: Landorus-Therian
|-damage|p1a: Landorus-Therian|226\/381
|-enditem|p1a: Landorus-Therian|Leftovers|[from] move: Knock Off|[of] p2a: Landorus-Therian
|
|turn|13
|
|switch|p2a: Ferrothorn|Ferrothorn, M|292\/351
|move|p1a: Landorus-Therian|Earthquake|p2a: Ferrothorn
|-damage|p2a: Ferrothorn|195\/351
|
|turn|14
|
|move|p1a: Landorus-Therian|Earthquake|p2a: Ferrothorn
|-damage|p2a: Ferrothorn|95\/351
|move|p2a: Ferrothorn|Power Whip|p1a: Landorus-Therian
|-damage|p1a: Landorus-Therian|117\/381
|
|turn|15
|
|switch|p2a: Landorus-Therian|Landorus-Therian, M|261\/382
|-ability|p2a: Landorus-Therian|Intimidate|[of] p1a: Landorus-Therian
|-unboost|p1a: Landorus-Therian|atk|1
|move|p1a: Landorus-Therian|Knock Off|p2a: Landorus-Therian
|-damage|p2a: Landorus-Therian|187\/382
|-enditem|p2a: Landorus-Therian|Choice Scarf|[from] move: Knock Off|[of] p1a: Landorus-Therian
|
|turn|16
|c|âwho can say|my fashion
|c|âwho can say|all gone
|
|move|p1a: Landorus-Therian|Stealth Rock|p2a: Landorus-Therian
|-sidestart|p2: who can say|move: Stealth Rock
|move|p2a: Landorus-Therian|Stone Edge|p1a: Landorus-Therian
|-damage|p1a: Landorus-Therian|5\/381
|
|turn|17
|
|move|p1a: Landorus-Therian|Stone Edge|p2a: Landorus-Therian
|-damage|p2a: Landorus-Therian|114\/382
|move|p2a: Landorus-Therian|U-turn|p1a: Landorus-Therian
|-resisted|p1a: Landorus-Therian
|-damage|p1a: Landorus-Therian|0 fnt
|faint|p1a: Landorus-Therian
|
|switch|p2a: Latias|Latias, F|301\/301
|-damage|p2a: Latias|264\/301|[from] Stealth Rock
|
|
|switch|p1a: Hydreigon|Hydreigon, F|325\/325
|-damage|p1a: Hydreigon|285\/325|[from] Stealth Rock
|turn|18
|
|switch|p2a: Diancie|Diancie-Mega|241\/241
|-damage|p2a: Diancie|211\/241|[from] Stealth Rock
|move|p1a: Hydreigon|U-turn|p2a: Diancie
|-resisted|p2a: Diancie
|-damage|p2a: Diancie|186\/241
|
|switch|p1a: Vaporeon|Vaporeon, M|451\/451
|-damage|p1a: Vaporeon|395\/451|[from] Stealth Rock
|
|-heal|p1a: Vaporeon|423\/451|[from] item: Leftovers
|turn|19
|
|switch|p2a: Latias|Latias, F|264\/301
|-damage|p2a: Latias|227\/301|[from] Stealth Rock
|move|p1a: Vaporeon|Scald|p2a: Latias
|-resisted|p2a: Latias
|-damage|p2a: Latias|186\/301
|
|-heal|p1a: Vaporeon|451\/451|[from] item: Leftovers
|turn|20
|
|move|p1a: Vaporeon|Protect|p1a: Vaporeon
|-singleturn|p1a: Vaporeon|Protect
|move|p2a: Latias|Defog|p1a: Vaporeon
|-activate|p1a: Vaporeon|Protect
|
|turn|21
|
|move|p2a: Latias|Defog|p1a: Vaporeon
|-unboost|p1a: Vaporeon|evasion|1
|-sideend|p1: SuckerforMetal|Stealth Rock|[from] move: Defog|[of] p1a: Vaporeon
|-sideend|p2: who can say|Stealth Rock|[from] move: Defog|[of] p2a: Latias
|move|p1a: Vaporeon|Roar|p2a: Latias
|drag|p2a: Keldeo|Keldeo|154\/323
|
|turn|22
|
|move|p2a: Keldeo|Secret Sword|p1a: Vaporeon
|-damage|p1a: Vaporeon|190\/451
|move|p1a: Vaporeon|Scald|p2a: Keldeo
|-resisted|p2a: Keldeo
|-damage|p2a: Keldeo|100\/323
|
|-heal|p1a: Vaporeon|218\/451|[from] item: Leftovers
|turn|23
|
|switch|p1a: Gengar|Gengar, M, shiny|259\/259
|move|p2a: Keldeo|Secret Sword|p1a: Gengar
|-immune|p1a: Gengar|[msg]
|
|turn|24
|
|switch|p2a: Landorus-Therian|Landorus-Therian, M|114\/382
|-ability|p2a: Landorus-Therian|Intimidate|[of] p1a: Gengar
|-unboost|p1a: Gengar|atk|1
|move|p1a: Gengar|Substitute|p1a: Gengar
|-start|p1a: Gengar|Substitute
|-damage|p1a: Gengar|195\/259
|
|turn|25
|
|move|p1a: Gengar|Shadow Ball|p2a: Landorus-Therian
|-crit|p2a: Landorus-Therian
|-damage|p2a: Landorus-Therian|0 fnt
|-damage|p1a: Gengar|170\/259|[from] item: Life Orb
|faint|p2a: Landorus-Therian
|
|
|switch|p2a: Latias|Latias, F|186\/301
|turn|26
|
|move|p1a: Gengar|Shadow Ball|p2a: Latias
|-supereffective|p2a: Latias
|-damage|p2a: Latias|0 fnt
|-damage|p1a: Gengar|145\/259|[from] item: Life Orb
|faint|p2a: Latias
|
|
|switch|p2a: Diancie|Diancie-Mega|186\/241
|turn|27
|
|move|p1a: Gengar|Sludge Wave|p2a: Diancie
|-damage|p2a: Diancie|0 fnt
|-damage|p1a: Gengar|120\/259|[from] item: Life Orb
|faint|p2a: Diancie
|
|-message|who can say forfeited.
|
|win|SuckerforMetal
|raw|Ladder updating...
|raw|SuckerforMetal's rating: 1749 &rarr; <strong>1770<\/strong><br \/>(+21 for winning)
|raw|who can say's rating: 1781 &rarr; <strong>1759<\/strong><br \/>(-22 for losing)