|join|Dio Povero
|join|SuckerforMetal
|player|p1|Dio Povero|168
|player|p2|SuckerforMetal|169
|gametype|singles
|gen|6
|tier|OU
|rated
|clearpoke
|poke|p1|Sableye, F
|poke|p1|Skarmory, M
|poke|p1|Chesnaught, F
|poke|p1|Chansey, F
|poke|p1|Talonflame, F
|poke|p1|Gastrodon, F
|poke|p2|Gengar, F, shiny
|poke|p2|Hydreigon, M
|poke|p2|Scizor, M
|poke|p2|Sableye, F
|poke|p2|Landorus-Therian, M
|poke|p2|Vaporeon, F
|rule|Swagger Clause: Swagger is banned
|rule|Baton Pass Clause: Limit one PokÃ©mon knowing Baton Pass
|rule|Sleep Clause Mod: Limit one foe put to sleep
|rule|Species Clause: Limit one of each PokÃ©mon
|rule|OHKO Clause: OHKO moves are banned
|rule|Moody Clause: Moody is banned
|rule|Evasion Moves Clause: Evasion moves are banned
|rule|Endless Battle Clause: Forcing endless battles is banned
|rule|HP Percentage Mod: HP is shown in percentages
|teampreview
|
|start
|switch|p1a: Sableye|Sableye, F|304\/304
|switch|p2a: Sableye|Sableye, F|303\/303
|turn|1
|
|detailschange|p2a: Sableye|Sableye-Mega, F
|-mega|p2a: Sableye|Sableye|Sablenite
|detailschange|p1a: Sableye|Sableye-Mega, F
|-mega|p1a: Sableye|Sableye|Sablenite
|move|p2a: Sableye|Calm Mind|p2a: Sableye
|-boost|p2a: Sableye|spa|1
|-boost|p2a: Sableye|spd|1
|move|p1a: Sableye|Knock Off|p2a: Sableye
|-damage|p2a: Sableye|264\/303
|
|turn|2
|
|switch|p1a: Talonflame|Talonflame, F|359\/359
|move|p2a: Sableye|Calm Mind|p2a: Sableye
|-boost|p2a: Sableye|spa|1
|-boost|p2a: Sableye|spd|1
|
|turn|3
|
|move|p1a: Talonflame|Bulk Up|p1a: Talonflame
|-boost|p1a: Talonflame|atk|1
|-boost|p1a: Talonflame|def|1
|move|p2a: Sableye|Shadow Ball|p1a: Talonflame
|-damage|p1a: Talonflame|202\/359
|
|-heal|p1a: Talonflame|224\/359|[from] item: Leftovers
|turn|4
|
|switch|p2a: Landorus-Therian|Landorus-Therian, M|381\/381
|-ability|p2a: Landorus-Therian|Intimidate|[of] p1a: Talonflame
|-unboost|p1a: Talonflame|atk|1
|move|p1a: Talonflame|Bulk Up|p1a: Talonflame
|-boost|p1a: Talonflame|atk|1
|-boost|p1a: Talonflame|def|1
|
|-heal|p1a: Talonflame|246\/359|[from] item: Leftovers
|turn|5
|
|switch|p1a: Sableye|Sableye-Mega, F|304\/304
|move|p2a: Landorus-Therian|Stone Edge|p1a: Sableye
|-damage|p1a: Sableye|234\/304
|
|turn|6
|
|switch|p2a: Sableye|Sableye-Mega, F|264\/303
|switch|p1a: Gastrodon|Gastrodon, F|426\/426
|
|turn|7
|
|switch|p1a: Sableye|Sableye-Mega, F|234\/304
|move|p2a: Sableye|Will-O-Wisp|p1a: Sableye
|move|p1a: Sableye|Will-O-Wisp|p2a: Sableye|[from]Magic Bounce
|-status|p2a: Sableye|brn
|
|-damage|p2a: Sableye|227\/303 brn|[from] brn
|turn|8
|
|move|p2a: Sableye|Calm Mind|p2a: Sableye
|-boost|p2a: Sableye|spa|1
|-boost|p2a: Sableye|spd|1
|move|p1a: Sableye|Knock Off|p2a: Sableye
|-damage|p2a: Sableye|187\/303 brn
|
|-damage|p2a: Sableye|150\/303 brn|[from] brn
|turn|9
|
|switch|p1a: Talonflame|Talonflame, F|246\/359
|move|p2a: Sableye|Recover|p2a: Sableye
|-heal|p2a: Sableye|302\/303 brn
|
|-heal|p1a: Talonflame|268\/359|[from] item: Leftovers
|-damage|p2a: Sableye|265\/303 brn|[from] brn
|turn|10
|
|switch|p2a: Landorus-Therian|Landorus-Therian, M|381\/381
|-ability|p2a: Landorus-Therian|Intimidate|[of] p1a: Talonflame
|-unboost|p1a: Talonflame|atk|1
|move|p1a: Talonflame|Bulk Up|p1a: Talonflame
|-boost|p1a: Talonflame|atk|1
|-boost|p1a: Talonflame|def|1
|
|-heal|p1a: Talonflame|290\/359|[from] item: Leftovers
|turn|11
|
|move|p1a: Talonflame|Bulk Up|p1a: Talonflame
|-boost|p1a: Talonflame|atk|1
|-boost|p1a: Talonflame|def|1
|move|p2a: Landorus-Therian|Stone Edge|p1a: Talonflame
|-supereffective|p1a: Talonflame
|-damage|p1a: Talonflame|10\/359
|
|-heal|p1a: Talonflame|32\/359|[from] item: Leftovers
|turn|12
|
|move|p1a: Talonflame|Roost|p1a: Talonflame
|-heal|p1a: Talonflame|212\/359
|move|p2a: Landorus-Therian|Earthquake|p1a: Talonflame
|-crit|p1a: Talonflame
|-supereffective|p1a: Talonflame
|-damage|p1a: Talonflame|0 fnt
|faint|p1a: Talonflame
|
|c|âDio Povero|...
|
|switch|p1a: Chesnaught|Chesnaught, F|380\/380
|turn|13
|
|switch|p1a: Sableye|Sableye-Mega, F|234\/304
|move|p2a: Landorus-Therian|Knock Off|p1a: Sableye
|-damage|p1a: Sableye|189\/304
|
|turn|14
|
|switch|p2a: Sableye|Sableye-Mega, F|265\/303 brn
|move|p1a: Sableye|Recover|p1a: Sableye
|-heal|p1a: Sableye|304\/304
|
|-damage|p2a: Sableye|228\/303 brn|[from] brn
|turn|15
|
|switch|p1a: Gastrodon|Gastrodon, F|426\/426
|move|p2a: Sableye|Calm Mind|p2a: Sableye
|-boost|p2a: Sableye|spa|1
|-boost|p2a: Sableye|spd|1
|
|-damage|p2a: Sableye|191\/303 brn|[from] brn
|turn|16
|
|switch|p1a: Sableye|Sableye-Mega, F|304\/304
|move|p2a: Sableye|Recover|p2a: Sableye
|-heal|p2a: Sableye|303\/303 brn
|
|-damage|p2a: Sableye|266\/303 brn|[from] brn
|turn|17
|
|move|p2a: Sableye|Calm Mind|p2a: Sableye
|-boost|p2a: Sableye|spa|1
|-boost|p2a: Sableye|spd|1
|move|p1a: Sableye|Knock Off|p2a: Sableye
|-damage|p2a: Sableye|223\/303 brn
|
|-damage|p2a: Sableye|186\/303 brn|[from] brn
|turn|18
|
|switch|p1a: Chansey|Chansey, F|642\/642
|move|p2a: Sableye|Recover|p2a: Sableye
|-heal|p2a: Sableye|303\/303 brn
|
|-damage|p2a: Sableye|266\/303 brn|[from] brn
|turn|19
|
|move|p1a: Chansey|Toxic|p2a: Sableye
|move|p2a: Sableye|Toxic|p1a: Chansey|[from]Magic Bounce
|-status|p1a: Chansey|tox
|move|p2a: Sableye|Will-O-Wisp|p1a: Chansey
|-fail|p1a: Chansey
|
|-damage|p1a: Chansey|602\/642 tox|[from] psn
|-damage|p2a: Sableye|229\/303 brn|[from] brn
|turn|20
|
|move|p1a: Chansey|Seismic Toss|p2a: Sableye
|-immune|p2a: Sableye|[msg]
|move|p2a: Sableye|Recover|p2a: Sableye
|-heal|p2a: Sableye|303\/303 brn
|
|-damage|p1a: Chansey|522\/642 tox|[from] psn
|-damage|p2a: Sableye|266\/303 brn|[from] brn
|turn|21
|
|switch|p1a: Sableye|Sableye-Mega, F|304\/304
|switch|p2a: Scizor|Scizor, M|337\/337
|
|turn|22
|
|move|p2a: Scizor|U-turn|p1a: Sableye
|-crit|p1a: Sableye
|-damage|p1a: Sableye|130\/304
|
|switch|p2a: Hydreigon|Hydreigon, M|325\/325
|move|p1a: Sableye|Knock Off|p2a: Hydreigon
|-crit|p2a: Hydreigon
|-resisted|p2a: Hydreigon
|-damage|p2a: Hydreigon|248\/325
|-enditem|p2a: Hydreigon|Choice Scarf|[from] move: Knock Off|[of] p1a: Sableye
|
|turn|23
|
|switch|p1a: Chansey|Chansey, F|522\/642
|move|p2a: Hydreigon|Draco Meteor|p1a: Chansey
|-damage|p1a: Chansey|389\/642
|-unboost|p2a: Hydreigon|spa|2
|
|turn|24
|
|move|p2a: Hydreigon|U-turn|p1a: Chansey
|-damage|p1a: Chansey|324\/642
|
|switch|p2a: Scizor|Scizor, M|337\/337
|move|p1a: Chansey|Soft-Boiled|p1a: Chansey
|-heal|p1a: Chansey|642\/642
|
|turn|25
|
|switch|p1a: Chesnaught|Chesnaught, F|380\/380
|move|p2a: Scizor|U-turn|p1a: Chesnaught
|-damage|p1a: Chesnaught|256\/380
|
|switch|p2a: Gengar|Gengar, F, shiny|259\/259
|
|-heal|p1a: Chesnaught|279\/380|[from] item: Leftovers
|turn|26
|
|switch|p1a: Gastrodon|Gastrodon, F|426\/426
|move|p2a: Gengar|Sludge Wave|p1a: Gastrodon
|-resisted|p1a: Gastrodon
|-damage|p1a: Gastrodon|299\/426
|-damage|p2a: Gengar|234\/259|[from] item: Life Orb
|
|-heal|p1a: Gastrodon|325\/426|[from] item: Leftovers
|turn|27
|
|move|p2a: Gengar|Substitute|p2a: Gengar
|-start|p2a: Gengar|Substitute
|-damage|p2a: Gengar|170\/259
|move|p1a: Gastrodon|Scald|p2a: Gengar
|-end|p2a: Gengar|Substitute
|
|-heal|p1a: Gastrodon|351\/426|[from] item: Leftovers
|turn|28
|
|move|p2a: Gengar|Substitute|p2a: Gengar
|-start|p2a: Gengar|Substitute
|-damage|p2a: Gengar|106\/259
|move|p1a: Gastrodon|Scald|p2a: Gengar
|-end|p2a: Gengar|Substitute
|
|-heal|p1a: Gastrodon|377\/426|[from] item: Leftovers
|turn|29
|
|switch|p2a: Vaporeon|Vaporeon, F|451\/451
|move|p1a: Gastrodon|Scald|p2a: Vaporeon
|-immune|p2a: Vaporeon|[msg]
|
|-heal|p1a: Gastrodon|403\/426|[from] item: Leftovers
|turn|30
|join|Tricking
|
|switch|p2a: Scizor|Scizor, M|337\/337
|switch|p1a: Chesnaught|Chesnaught, F|279\/380
|
|-heal|p1a: Chesnaught|302\/380|[from] item: Leftovers
|turn|31
|
|move|p2a: Scizor|U-turn|p1a: Chesnaught
|-damage|p1a: Chesnaught|181\/380
|
|switch|p2a: Sableye|Sableye-Mega, F|266\/303 brn
|move|p1a: Chesnaught|Drain Punch|p2a: Sableye
|-immune|p2a: Sableye|[msg]
|
|-heal|p1a: Chesnaught|204\/380|[from] item: Leftovers
|-damage|p2a: Sableye|229\/303 brn|[from] brn
|turn|32
|
|switch|p1a: Sableye|Sableye-Mega, F|130\/304
|move|p2a: Sableye|Will-O-Wisp|p1a: Sableye
|move|p1a: Sableye|Will-O-Wisp|p2a: Sableye|[from]Magic Bounce
|-fail|p2a: Sableye|brn
|
|-damage|p2a: Sableye|192\/303 brn|[from] brn
|turn|33
|
|move|p2a: Sableye|Calm Mind|p2a: Sableye
|-boost|p2a: Sableye|spa|1
|-boost|p2a: Sableye|spd|1
|move|p1a: Sableye|Recover|p1a: Sableye
|-heal|p1a: Sableye|282\/304
|
|-damage|p2a: Sableye|155\/303 brn|[from] brn
|turn|34
|
|switch|p1a: Chansey|Chansey, F|642\/642
|move|p2a: Sableye|Calm Mind|p2a: Sableye
|-boost|p2a: Sableye|spa|1
|-boost|p2a: Sableye|spd|1
|
|-damage|p2a: Sableye|118\/303 brn|[from] brn
|turn|35
|
|move|p1a: Chansey|Seismic Toss|p2a: Sableye
|-immune|p2a: Sableye|[msg]
|move|p2a: Sableye|Recover|p2a: Sableye
|-heal|p2a: Sableye|270\/303 brn
|
|-damage|p2a: Sableye|233\/303 brn|[from] brn
|turn|36
|
|switch|p2a: Landorus-Therian|Landorus-Therian, M|381\/381
|-ability|p2a: Landorus-Therian|Intimidate|[of] p1a: Chansey
|-unboost|p1a: Chansey|atk|1
|move|p1a: Chansey|Seismic Toss|p2a: Landorus-Therian
|-damage|p2a: Landorus-Therian|281\/381
|
|-heal|p2a: Landorus-Therian|304\/381|[from] item: Leftovers
|turn|37
|
|switch|p1a: Sableye|Sableye-Mega, F|282\/304
|move|p2a: Landorus-Therian|Earthquake|p1a: Sableye
|-damage|p1a: Sableye|186\/304
|
|-heal|p2a: Landorus-Therian|327\/381|[from] item: Leftovers
|turn|38
|
|switch|p2a: Hydreigon|Hydreigon, M|248\/325
|move|p1a: Sableye|Will-O-Wisp|p2a: Hydreigon
|-status|p2a: Hydreigon|brn
|
|-damage|p2a: Hydreigon|208\/325 brn|[from] brn
|turn|39
|leave|Tricking
|
|switch|p1a: Chansey|Chansey, F|642\/642
|move|p2a: Hydreigon|U-turn|p1a: Chansey
|-damage|p1a: Chansey|605\/642
|
|switch|p2a: Scizor|Scizor, M|337\/337
|
|turn|40
|
|switch|p1a: Skarmory|Skarmory, M|334\/334
|move|p2a: Scizor|Knock Off|p1a: Skarmory
|-damage|p1a: Skarmory|232\/334
|-enditem|p1a: Skarmory|Shed Shell|[from] move: Knock Off|[of] p2a: Scizor
|
|turn|41
|
|switch|p2a: Landorus-Therian|Landorus-Therian, M|327\/381
|-ability|p2a: Landorus-Therian|Intimidate|[of] p1a: Skarmory
|-unboost|p1a: Skarmory|atk|1
|move|p1a: Skarmory|Roost|p1a: Skarmory
|-heal|p1a: Skarmory|334\/334
|
|-heal|p2a: Landorus-Therian|350\/381|[from] item: Leftovers
|turn|42
|
|switch|p2a: Sableye|Sableye-Mega, F|233\/303 brn
|switch|p1a: Sableye|Sableye-Mega, F|186\/304
|
|-damage|p2a: Sableye|196\/303 brn|[from] brn
|turn|43
|c|âSuckerforMetal|Why?
|c|âDio Povero|what why?
|c|âSuckerforMetal|This shit
|join|Memento Mori X
|c|âSuckerforMetal|you know you're not going to win
|
|move|p2a: Sableye|Recover|p2a: Sableye
|-heal|p2a: Sableye|303\/303 brn
|move|p1a: Sableye|Recover|p1a: Sableye
|-heal|p1a: Sableye|304\/304
|
|-damage|p2a: Sableye|266\/303 brn|[from] brn
|turn|44
|c|âDio Povero|i can win
|c|âDio Povero|how u can win?
|
|move|p2a: Sableye|Will-O-Wisp|p1a: Sableye
|move|p1a: Sableye|Will-O-Wisp|p2a: Sableye|[from]Magic Bounce
|-fail|p2a: Sableye|brn
|move|p1a: Sableye|Knock Off|p2a: Sableye
|-damage|p2a: Sableye|224\/303 brn
|
|-damage|p2a: Sableye|187\/303 brn|[from] brn
|turn|45
|
|switch|p1a: Chansey|Chansey, F|605\/642
|move|p2a: Sableye|Recover|p2a: Sableye
|-heal|p2a: Sableye|303\/303 brn
|
|-damage|p2a: Sableye|266\/303 brn|[from] brn
|turn|46
|
|move|p1a: Chansey|Toxic|p2a: Sableye
|move|p2a: Sableye|Toxic|p1a: Chansey|[from]Magic Bounce|[miss]
|-miss|p2a: Sableye|p1a: Chansey
|move|p2a: Sableye|Will-O-Wisp|p1a: Chansey
|-status|p1a: Chansey|brn
|
|-damage|p1a: Chansey|525\/642 brn|[from] brn
|-damage|p2a: Sableye|229\/303 brn|[from] brn
|turn|47
|
|switch|p1a: Sableye|Sableye-Mega, F|304\/304
|move|p2a: Sableye|Will-O-Wisp|p1a: Sableye
|move|p1a: Sableye|Will-O-Wisp|p2a: Sableye|[from]Magic Bounce
|-fail|p2a: Sableye|brn
|
|-damage|p2a: Sableye|192\/303 brn|[from] brn
|turn|48
|
|move|p2a: Sableye|Recover|p2a: Sableye
|-heal|p2a: Sableye|303\/303 brn
|move|p1a: Sableye|Knock Off|p2a: Sableye
|-damage|p2a: Sableye|260\/303 brn
|
|-damage|p2a: Sableye|223\/303 brn|[from] brn
|turn|49
|
|switch|p2a: Vaporeon|Vaporeon, F|451\/451
|move|p1a: Sableye|Knock Off|p2a: Vaporeon
|-damage|p2a: Vaporeon|334\/451
|-enditem|p2a: Vaporeon|Leftovers|[from] move: Knock Off|[of] p1a: Sableye
|
|turn|50
|
|switch|p1a: Gastrodon|Gastrodon, F|403\/426
|move|p2a: Vaporeon|Scald|p1a: Gastrodon
|-boost|p1a: Gastrodon|spa|1|[from] ability: Storm Drain
|
|-heal|p1a: Gastrodon|426\/426|[from] item: Leftovers
|turn|51
|
|move|p2a: Vaporeon|Protect|p2a: Vaporeon
|-singleturn|p2a: Vaporeon|Protect
|move|p1a: Gastrodon|Earthquake|p2a: Vaporeon
|-activate|p2a: Vaporeon|Protect
|
|turn|52
|
|move|p1a: Gastrodon|Toxic|p2a: Vaporeon
|-status|p2a: Vaporeon|tox
|move|p2a: Vaporeon|Roar|p1a: Gastrodon
|drag|p1a: Chesnaught|Chesnaught, F|204\/380
|
|-heal|p1a: Chesnaught|227\/380|[from] item: Leftovers
|-damage|p2a: Vaporeon|306\/451 tox|[from] psn
|turn|53
|
|switch|p2a: Gengar|Gengar, F, shiny|106\/259
|switch|p1a: Chansey|Chansey, F|525\/642
|
|turn|54
|
|switch|p1a: Gastrodon|Gastrodon, F|426\/426
|move|p2a: Gengar|Substitute|p2a: Gengar
|-start|p2a: Gengar|Substitute
|-damage|p2a: Gengar|42\/259
|
|turn|55
|
|move|p2a: Gengar|Pain Split|p1a: Gastrodon
|-sethp|p1a: Gastrodon|234\/426|p2a: Gengar|234\/259|[from] move: Pain Split
|move|p1a: Gastrodon|Scald|p2a: Gengar
|-end|p2a: Gengar|Substitute
|
|-heal|p1a: Gastrodon|260\/426|[from] item: Leftovers
|turn|56
|
|move|p2a: Gengar|Shadow Ball|p1a: Gastrodon
|-damage|p1a: Gastrodon|44\/426
|-damage|p2a: Gengar|209\/259|[from] item: Life Orb
|move|p1a: Gastrodon|Scald|p2a: Gengar
|-damage|p2a: Gengar|106\/259
|
|-heal|p1a: Gastrodon|70\/426|[from] item: Leftovers
|turn|57
|
|switch|p1a: Chansey|Chansey, F|525\/642
|move|p2a: Gengar|Shadow Ball|p1a: Chansey
|-immune|p1a: Chansey|[msg]
|
|turn|58
|c|âDio Povero|can u foirfet?
|
|switch|p1a: Sableye|Sableye-Mega, F|304\/304
|move|p2a: Gengar|Substitute|p2a: Gengar
|-start|p2a: Gengar|Substitute
|-damage|p2a: Gengar|42\/259
|
|turn|59
|
|move|p2a: Gengar|Pain Split|p1a: Sableye
|-sethp|p1a: Sableye|173\/304|p2a: Gengar|173\/259|[from] move: Pain Split
|move|p1a: Sableye|Knock Off|p2a: Gengar
|-supereffective|p2a: Gengar
|-end|p2a: Gengar|Substitute
|
|turn|60
|
|switch|p2a: Hydreigon|Hydreigon, M|208\/325 brn
|move|p1a: Sableye|Knock Off|p2a: Hydreigon
|-resisted|p2a: Hydreigon
|-damage|p2a: Hydreigon|170\/325 brn
|
|-damage|p2a: Hydreigon|130\/325 brn|[from] brn
|turn|61
|
|switch|p1a: Chansey|Chansey, F|525\/642
|move|p2a: Hydreigon|Draco Meteor|p1a: Chansey
|-damage|p1a: Chansey|393\/642
|-unboost|p2a: Hydreigon|spa|2
|
|-damage|p2a: Hydreigon|90\/325 brn|[from] brn
|turn|62
|
|switch|p2a: Scizor|Scizor, M|337\/337
|move|p1a: Chansey|Soft-Boiled|p1a: Chansey
|-heal|p1a: Chansey|642\/642
|
|turn|63
|
|switch|p1a: Skarmory|Skarmory, M|334\/334
|move|p2a: Scizor|U-turn|p1a: Skarmory
|-resisted|p1a: Skarmory
|-damage|p1a: Skarmory|308\/334
|
|switch|p2a: Gengar|Gengar, F, shiny|173\/259
|
|turn|64
|
|move|p2a: Gengar|Substitute|p2a: Gengar
|-start|p2a: Gengar|Substitute
|-damage|p2a: Gengar|109\/259
|move|p1a: Skarmory|Stealth Rock|p2a: Gengar
|-sidestart|p2: SuckerforMetal|move: Stealth Rock
|
|turn|65
|c|âDio Povero|can u foirfet?
|
|switch|p1a: Chesnaught|Chesnaught, F|227\/380
|move|p2a: Gengar|Shadow Ball|p1a: Chesnaught
|-immune|p1a: Chesnaught|[msg]|[from] Bulletproof
|
|-heal|p1a: Chesnaught|250\/380|[from] item: Leftovers
|turn|66
|c|âSuckerforMetal|Wtf
|
|switch|p1a: Chansey|Chansey, F|642\/642
|move|p2a: Gengar|Sludge Wave|p1a: Chansey
|-damage|p1a: Chansey|521\/642
|-damage|p2a: Gengar|84\/259|[from] item: Life Orb
|
|turn|67
|
|switch|p1a: Gastrodon|Gastrodon, F|70\/426
|move|p2a: Gengar|Pain Split|p1a: Gastrodon
|-sethp|p1a: Gastrodon|77\/426|p2a: Gengar|77\/259|[from] move: Pain Split
|
|-heal|p1a: Gastrodon|103\/426|[from] item: Leftovers
|turn|68
|
|switch|p1a: Chansey|Chansey, F|521\/642
|move|p2a: Gengar|Shadow Ball|p1a: Chansey
|-immune|p1a: Chansey|[msg]
|
|turn|69
|
|switch|p1a: Skarmory|Skarmory, M|308\/334
|move|p2a: Gengar|Shadow Ball|p1a: Skarmory
|-damage|p1a: Skarmory|57\/334
|-damage|p2a: Gengar|52\/259|[from] item: Life Orb
|
|turn|70
|c|âSuckerforMetal|D
|c|âSuckerforMetal|lag
|c|âDio Povero|too much lag
|
|move|p2a: Gengar|Shadow Ball|p1a: Skarmory
|-damage|p1a: Skarmory|0 fnt
|-damage|p2a: Gengar|27\/259|[from] item: Life Orb
|faint|p1a: Skarmory
|
|
|switch|p1a: Sableye|Sableye-Mega, F|173\/304
|turn|71
|
|move|p2a: Gengar|Pain Split|p1a: Sableye
|-sethp|p1a: Sableye|100\/304|p2a: Gengar|100\/259|[from] move: Pain Split
|move|p1a: Sableye|Recover|p1a: Sableye
|-heal|p1a: Sableye|252\/304
|
|turn|72
|
|move|p2a: Gengar|Shadow Ball|p1a: Sableye
|-damage|p1a: Sableye|75\/304
|-unboost|p1a: Sableye|spd|1
|-damage|p2a: Gengar|75\/259|[from] item: Life Orb
|move|p1a: Sableye|Knock Off|p2a: Gengar
|-supereffective|p2a: Gengar
|-end|p2a: Gengar|Substitute
|
|turn|73
|
|switch|p1a: Chesnaught|Chesnaught, F|250\/380
|move|p2a: Gengar|Shadow Ball|p1a: Chesnaught
|-immune|p1a: Chesnaught|[msg]|[from] Bulletproof
|
|-heal|p1a: Chesnaught|273\/380|[from] item: Leftovers
|turn|74
|c|âSuckerforMetal|O
|
|move|p2a: Gengar|Substitute|p2a: Gengar
|-start|p2a: Gengar|Substitute
|-damage|p2a: Gengar|11\/259
|move|p1a: Chesnaught|Roar|p2a: Gengar
|drag|p2a: Hydreigon|Hydreigon, M|90\/325 brn
|-damage|p2a: Hydreigon|50\/325 brn|[from] Stealth Rock
|
|-heal|p1a: Chesnaught|296\/380|[from] item: Leftovers
|-damage|p2a: Hydreigon|10\/325 brn|[from] brn
|turn|75
|c|âDio Povero|!
|
|switch|p1a: Chansey|Chansey, F|521\/642
|move|p2a: Hydreigon|Draco Meteor|p1a: Chansey|[miss]
|-miss|p2a: Hydreigon|p1a: Chansey
|
|-damage|p2a: Hydreigon|0 fnt|[from] brn
|faint|p2a: Hydreigon
|
|switch|p2a: Landorus-Therian|Landorus-Therian, M|350\/381
|-damage|p2a: Landorus-Therian|303\/381|[from] Stealth Rock
|-ability|p2a: Landorus-Therian|Intimidate|[of] p1a: Chansey
|-unboost|p1a: Chansey|atk|1
|turn|76
|
|move|p2a: Landorus-Therian|Knock Off|p1a: Chansey
|-damage|p1a: Chansey|390\/642
|-enditem|p1a: Chansey|Eviolite|[from] move: Knock Off|[of] p2a: Landorus-Therian
|move|p1a: Chansey|Toxic|p2a: Landorus-Therian
|-status|p2a: Landorus-Therian|tox
|
|-heal|p2a: Landorus-Therian|326\/381 tox|[from] item: Leftovers
|-damage|p2a: Landorus-Therian|303\/381 tox|[from] psn
|turn|77
|c|âDio Povero|bro
|c|âDio Povero|i need to go
|
|switch|p1a: Chesnaught|Chesnaught, F|296\/380
|move|p2a: Landorus-Therian|Earthquake|p1a: Chesnaught
|-resisted|p1a: Chesnaught
|-damage|p1a: Chesnaught|241\/380
|
|-heal|p2a: Landorus-Therian|326\/381 tox|[from] item: Leftovers
|-heal|p1a: Chesnaught|264\/380|[from] item: Leftovers
|-damage|p2a: Landorus-Therian|280\/381 tox|[from] psn
|turn|78
|c|âDio Povero|how u can win this match?
|
|move|p2a: Landorus-Therian|Knock Off|p1a: Chesnaught
|-resisted|p1a: Chesnaught
|-damage|p1a: Chesnaught|234\/380
|-enditem|p1a: Chesnaught|Leftovers|[from] move: Knock Off|[of] p2a: Landorus-Therian
|move|p1a: Chesnaught|Spikes|p2a: Landorus-Therian
|-sidestart|p2: SuckerforMetal|Spikes
|
|-heal|p2a: Landorus-Therian|303\/381 tox|[from] item: Leftovers
|-damage|p2a: Landorus-Therian|234\/381 tox|[from] psn
|turn|79
|
|switch|p1a: Sableye|Sableye-Mega, F|75\/304
|move|p2a: Landorus-Therian|Stealth Rock|p1a: Sableye
|move|p1a: Sableye|Stealth Rock|p2a: Landorus-Therian|[from]Magic Bounce
|-fail|p2a: Landorus-Therian
|
|-heal|p2a: Landorus-Therian|257\/381 tox|[from] item: Leftovers
|-damage|p2a: Landorus-Therian|165\/381 tox|[from] psn
|turn|80
|
|move|p2a: Landorus-Therian|Earthquake|p1a: Sableye
|-damage|p1a: Sableye|0 fnt
|faint|p1a: Sableye
|
|-heal|p2a: Landorus-Therian|188\/381 tox|[from] item: Leftovers
|-damage|p2a: Landorus-Therian|73\/381 tox|[from] psn
|
|switch|p1a: Chesnaught|Chesnaught, F|234\/380
|turn|81
|
|move|p2a: Landorus-Therian|Earthquake|p1a: Chesnaught
|-resisted|p1a: Chesnaught
|-damage|p1a: Chesnaught|180\/380
|move|p1a: Chesnaught|Drain Punch|p2a: Landorus-Therian
|-resisted|p2a: Landorus-Therian
|-damage|p2a: Landorus-Therian|35\/381 tox
|-heal|p1a: Chesnaught|199\/380|[from] drain|[of] p2a: Landorus-Therian
|
|-heal|p2a: Landorus-Therian|58\/381 tox|[from] item: Leftovers
|-damage|p2a: Landorus-Therian|0 fnt|[from] psn
|faint|p2a: Landorus-Therian
|c|âSuckerforMetal|Lag
|
|switch|p2a: Scizor|Scizor, M|337\/337
|-damage|p2a: Scizor|295\/337|[from] Spikes
|-damage|p2a: Scizor|253\/337|[from] Stealth Rock
|turn|82
|join|Tricking
|join|Big the Hedgehog
|
|move|p2a: Scizor|U-turn|p1a: Chesnaught
|-crit|p1a: Chesnaught
|-damage|p1a: Chesnaught|6\/380
|
|switch|p2a: Gengar|Gengar, F, shiny|11\/259
|-damage|p2a: Gengar|0 fnt|[from] Stealth Rock
|faint|p2a: Gengar
|move|p1a: Chesnaught|Synthesis|p1a: Chesnaught
|-heal|p1a: Chesnaught|196\/380
|
|
|switch|p2a: Sableye|Sableye-Mega, F|223\/303 brn
|-damage|p2a: Sableye|186\/303 brn|[from] Spikes
|-damage|p2a: Sableye|149\/303 brn|[from] Stealth Rock
|turn|83
|
|switch|p1a: Chansey|Chansey, F|390\/642
|move|p2a: Sableye|Will-O-Wisp|p1a: Chansey
|-status|p1a: Chansey|brn
|
|-damage|p1a: Chansey|310\/642 brn|[from] brn
|-damage|p2a: Sableye|112\/303 brn|[from] brn
|turn|84
|c|âDio Povero|\/\/roomvoice tricking
Tricking was promoted to Room Voice by Dio Povero.
|
|move|p1a: Chansey|Soft-Boiled|p1a: Chansey
|-heal|p1a: Chansey|631\/642 brn
|move|p2a: Sableye|Recover|p2a: Sableye
|-heal|p2a: Sableye|264\/303 brn
|
|-damage|p1a: Chansey|551\/642 brn|[from] brn
|-damage|p2a: Sableye|227\/303 brn|[from] brn
|turn|85
|join|MONNAâ¥LUSA
|leave|Dio Povero
|player|p1
|c|+Tricking|rip
|c|+Tricking|gg br0
|leave|Tricking
|leave|Big the Hedgehog
|leave|MONNAâ¥LUSA
|c|âSuckerforMetal|Gg
|-message|diopovero lost due to inactivity.
|
|win|SuckerforMetal
|raw|Ladder updating...
|raw|Dio Povero's rating: 1624 &rarr; <strong>1602<\/strong><br \/>(-22 for losing)
|raw|SuckerforMetal's rating: 1590 &rarr; <strong>1612<\/strong><br \/>(+22 for winning)