|join|milotic91
|join|SuckerforMetal
|player|p1|milotic91|101
|player|p2|SuckerforMetal|101
|gametype|singles
|gen|6
|tier|OU
|rated
|clearpoke
|poke|p1|Sylveon, F
|poke|p1|Milotic, F
|poke|p1|Talonflame, F
|poke|p1|Latios, M
|poke|p1|Diancie
|poke|p1|Landorus-Therian, M
|poke|p2|Gengar, F, shiny
|poke|p2|Hydreigon, F
|poke|p2|Scizor, M
|poke|p2|Sableye, M
|poke|p2|Landorus-Therian, M
|poke|p2|Vaporeon, M
|rule|Swagger Clause: Swagger is banned
|rule|Baton Pass Clause: Limit one PokÃ©mon knowing Baton Pass
|rule|Sleep Clause Mod: Limit one foe put to sleep
|rule|Species Clause: Limit one of each PokÃ©mon
|rule|OHKO Clause: OHKO moves are banned
|rule|Moody Clause: Moody is banned
|rule|Evasion Moves Clause: Evasion moves are banned
|rule|Endless Battle Clause: Forcing endless battles is banned
|rule|HP Percentage Mod: HP is shown in percentages
|teampreview
|
|start
|switch|p1a: Diancie|Diancie|241\/241
|switch|p2a: Landorus-Therian|Landorus-Therian, M|381\/381
|-ability|p2a: Landorus-Therian|Intimidate|[of] p1a: Diancie
|-fail|p1a: Diancie|unboost|[from] ability: Clear Body|[of] p1a: Diancie
|turn|1
|
|detailschange|p1a: Diancie|Diancie-Mega
|-mega|p1a: Diancie|Diancie|Diancite
|move|p1a: Diancie|Protect|p1a: Diancie
|-singleturn|p1a: Diancie|Protect
|move|p2a: Landorus-Therian|Earthquake|p1a: Diancie
|-activate|p1a: Diancie|Protect
|
|turn|2
|
|switch|p1a: Landorus-Therian|Landorus-Therian, M|382\/382
|-ability|p1a: Landorus-Therian|Intimidate|[of] p2a: Landorus-Therian
|-unboost|p2a: Landorus-Therian|atk|1
|move|p2a: Landorus-Therian|Stealth Rock|p1a: Landorus-Therian
|-sidestart|p1: milotic91|move: Stealth Rock
|
|turn|3
|
|switch|p2a: Sableye|Sableye, M|303\/303
|move|p1a: Landorus-Therian|Knock Off|p2a: Sableye
|-damage|p2a: Sableye|243\/303
|
|turn|4
|
|switch|p1a: Diancie|Diancie-Mega|241\/241
|-damage|p1a: Diancie|211\/241|[from] Stealth Rock
|detailschange|p2a: Sableye|Sableye-Mega, M
|-mega|p2a: Sableye|Sableye|Sablenite
|move|p2a: Sableye|Will-O-Wisp|p1a: Diancie
|move|p1a: Diancie|Will-O-Wisp|p2a: Sableye|[from]Magic Bounce
|-status|p2a: Sableye|brn
|
|-damage|p2a: Sableye|206\/303 brn|[from] brn
|turn|5
|
|move|p1a: Diancie|Diamond Storm|p2a: Sableye
|-damage|p2a: Sableye|86\/303 brn
|move|p2a: Sableye|Shadow Ball|p1a: Diancie
|-damage|p1a: Diancie|132\/241
|
|-damage|p2a: Sableye|49\/303 brn|[from] brn
|turn|6
|
|move|p1a: Diancie|Moonblast|p2a: Sableye
|-supereffective|p2a: Sableye
|-damage|p2a: Sableye|0 fnt
|faint|p2a: Sableye
|
|
|switch|p2a: Scizor|Scizor, M|337\/337
|turn|7
|
|switch|p1a: Landorus-Therian|Landorus-Therian, M|382\/382
|-damage|p1a: Landorus-Therian|335\/382|[from] Stealth Rock
|-ability|p1a: Landorus-Therian|Intimidate|[of] p2a: Scizor
|-unboost|p2a: Scizor|atk|1
|move|p2a: Scizor|Knock Off|p1a: Landorus-Therian
|-damage|p1a: Landorus-Therian|239\/382
|-enditem|p1a: Landorus-Therian|Leftovers|[from] move: Knock Off|[of] p2a: Scizor
|
|turn|8
|
|switch|p2a: Landorus-Therian|Landorus-Therian, M|381\/381
|-ability|p2a: Landorus-Therian|Intimidate|[of] p1a: Landorus-Therian
|-unboost|p1a: Landorus-Therian|atk|1
|move|p1a: Landorus-Therian|Knock Off|p2a: Landorus-Therian
|-damage|p2a: Landorus-Therian|321\/381
|-enditem|p2a: Landorus-Therian|Leftovers|[from] move: Knock Off|[of] p1a: Landorus-Therian
|
|turn|9
|
|move|p2a: Landorus-Therian|Stone Edge|p1a: Landorus-Therian
|-damage|p1a: Landorus-Therian|145\/382
|move|p1a: Landorus-Therian|U-turn|p2a: Landorus-Therian
|-resisted|p2a: Landorus-Therian
|-damage|p2a: Landorus-Therian|301\/381
|
|switch|p1a: Latios|Latios, M|309\/309
|-damage|p1a: Latios|271\/309|[from] Stealth Rock
|
|turn|10
|
|switch|p2a: Vaporeon|Vaporeon, M|451\/451
|move|p1a: Latios|Defog|p2a: Vaporeon
|-unboost|p2a: Vaporeon|evasion|1
|-sideend|p1: milotic91|Stealth Rock|[from] move: Defog|[of] p1a: Latios
|
|turn|11
|
|move|p1a: Latios|Thunderbolt|p2a: Vaporeon
|-supereffective|p2a: Vaporeon
|-damage|p2a: Vaporeon|214\/451
|-damage|p1a: Latios|241\/309|[from] item: Life Orb
|move|p2a: Vaporeon|Scald|p1a: Latios
|-resisted|p1a: Latios
|-damage|p1a: Latios|196\/309
|
|-heal|p2a: Vaporeon|242\/451|[from] item: Leftovers
|turn|12
|
|move|p2a: Vaporeon|Protect|p2a: Vaporeon
|-singleturn|p2a: Vaporeon|Protect
|move|p1a: Latios|Draco Meteor|p2a: Vaporeon
|-activate|p2a: Vaporeon|Protect
|
|-heal|p2a: Vaporeon|270\/451|[from] item: Leftovers
|turn|13
|
|switch|p2a: Hydreigon|Hydreigon, F|325\/325
|move|p1a: Latios|Draco Meteor|p2a: Hydreigon
|-supereffective|p2a: Hydreigon
|-damage|p2a: Hydreigon|0 fnt
|-unboost|p1a: Latios|spa|2
|-damage|p1a: Latios|166\/309|[from] item: Life Orb
|faint|p2a: Hydreigon
|
|
|switch|p2a: Scizor|Scizor, M|337\/337
|turn|14
|
|switch|p1a: Landorus-Therian|Landorus-Therian, M|145\/382
|-ability|p1a: Landorus-Therian|Intimidate|[of] p2a: Scizor
|-unboost|p2a: Scizor|atk|1
|move|p2a: Scizor|U-turn|p1a: Landorus-Therian
|-resisted|p1a: Landorus-Therian
|-damage|p1a: Landorus-Therian|91\/382
|
|switch|p2a: Landorus-Therian|Landorus-Therian, M|301\/381
|-ability|p2a: Landorus-Therian|Intimidate|[of] p1a: Landorus-Therian
|-unboost|p1a: Landorus-Therian|atk|1
|
|turn|15
|
|switch|p1a: Diancie|Diancie-Mega|132\/241
|move|p2a: Landorus-Therian|Stealth Rock|p1a: Diancie
|move|p1a: Diancie|Stealth Rock|p2a: Landorus-Therian|[from]Magic Bounce
|-sidestart|p2: SuckerforMetal|move: Stealth Rock
|
|turn|16
|c|âSuckerforMetal|I keep forgeting
|
|move|p1a: Diancie|Moonblast|p2a: Landorus-Therian
|-damage|p2a: Landorus-Therian|57\/381
|move|p2a: Landorus-Therian|Earthquake|p1a: Diancie
|-supereffective|p1a: Diancie
|-damage|p1a: Diancie|0 fnt
|faint|p1a: Diancie
|
|
|switch|p1a: Talonflame|Talonflame, F|297\/297
|turn|17
|
|move|p1a: Talonflame|Brave Bird|p2a: Landorus-Therian
|-crit|p2a: Landorus-Therian
|-damage|p2a: Landorus-Therian|0 fnt
|-damage|p1a: Talonflame|278\/297|[from] recoil|[of] p2a: Landorus-Therian
|faint|p2a: Landorus-Therian
|
|
|switch|p2a: Vaporeon|Vaporeon, M|270\/451
|-damage|p2a: Vaporeon|214\/451|[from] Stealth Rock
|turn|18
|
|move|p2a: Vaporeon|Protect|p2a: Vaporeon
|-singleturn|p2a: Vaporeon|Protect
|move|p1a: Talonflame|U-turn|p2a: Vaporeon
|-activate|p2a: Vaporeon|Protect
|
|-heal|p2a: Vaporeon|242\/451|[from] item: Leftovers
|turn|19
|
|move|p1a: Talonflame|Swords Dance|p1a: Talonflame
|-boost|p1a: Talonflame|atk|2
|move|p2a: Vaporeon|Wish|p2a: Vaporeon
|
|-heal|p2a: Vaporeon|270\/451|[from] item: Leftovers
|turn|20
|
|move|p2a: Vaporeon|Protect|p2a: Vaporeon
|-singleturn|p2a: Vaporeon|Protect
|move|p1a: Talonflame|Brave Bird|p2a: Vaporeon
|-activate|p2a: Vaporeon|Protect
|
|-heal|p2a: Vaporeon|451\/451|[from] move: Wish|[wisher] Vaporeon
|turn|21
|
|move|p1a: Talonflame|U-turn|p2a: Vaporeon
|-damage|p2a: Vaporeon|299\/451
|
|switch|p1a: Sylveon|Sylveon, F|392\/392
|move|p2a: Vaporeon|Scald|p1a: Sylveon
|-damage|p1a: Sylveon|304\/392
|
|-heal|p2a: Vaporeon|327\/451|[from] item: Leftovers
|turn|22
|
|move|p2a: Vaporeon|Protect|p2a: Vaporeon
|-singleturn|p2a: Vaporeon|Protect
|move|p1a: Sylveon|Hyper Voice|p2a: Vaporeon
|-activate|p2a: Vaporeon|Protect
|
|-heal|p2a: Vaporeon|355\/451|[from] item: Leftovers
|turn|23
|
|move|p2a: Vaporeon|Wish|p2a: Vaporeon
|move|p1a: Sylveon|Hyper Voice|p2a: Vaporeon
|-damage|p2a: Vaporeon|103\/451
|
|-heal|p2a: Vaporeon|131\/451|[from] item: Leftovers
|turn|24
|
|move|p2a: Vaporeon|Protect|p2a: Vaporeon
|-singleturn|p2a: Vaporeon|Protect
|move|p1a: Sylveon|Hyper Voice|p2a: Vaporeon
|-activate|p2a: Vaporeon|Protect
|
|-heal|p2a: Vaporeon|356\/451|[from] move: Wish|[wisher] Vaporeon
|-heal|p2a: Vaporeon|384\/451|[from] item: Leftovers
|turn|25
|
|switch|p2a: Scizor|Scizor, M|337\/337
|-damage|p2a: Scizor|295\/337|[from] Stealth Rock
|move|p1a: Sylveon|Hyper Voice|p2a: Scizor
|-resisted|p2a: Scizor
|-damage|p2a: Scizor|97\/337
|
|turn|26
|
|switch|p1a: Landorus-Therian|Landorus-Therian, M|91\/382
|-ability|p1a: Landorus-Therian|Intimidate|[of] p2a: Scizor
|-unboost|p2a: Scizor|atk|1
|move|p2a: Scizor|Bullet Punch|p1a: Landorus-Therian
|-damage|p1a: Landorus-Therian|3\/382
|
|turn|27
|
|switch|p2a: Vaporeon|Vaporeon, M|384\/451
|-damage|p2a: Vaporeon|328\/451|[from] Stealth Rock
|move|p1a: Landorus-Therian|U-turn|p2a: Vaporeon
|-damage|p2a: Vaporeon|241\/451
|
|switch|p1a: Latios|Latios, M|166\/309
|
|-heal|p2a: Vaporeon|269\/451|[from] item: Leftovers
|turn|28
|
|move|p2a: Vaporeon|Protect|p2a: Vaporeon
|-singleturn|p2a: Vaporeon|Protect
|move|p1a: Latios|Thunderbolt|p2a: Vaporeon
|-activate|p2a: Vaporeon|Protect
|
|-heal|p2a: Vaporeon|297\/451|[from] item: Leftovers
|turn|29
|
|move|p1a: Latios|Draco Meteor|p2a: Vaporeon
|-damage|p2a: Vaporeon|62\/451
|-unboost|p1a: Latios|spa|2
|-damage|p1a: Latios|136\/309|[from] item: Life Orb
|move|p2a: Vaporeon|Wish|p2a: Vaporeon
|
|-heal|p2a: Vaporeon|90\/451|[from] item: Leftovers
|turn|30
|
|switch|p1a: Landorus-Therian|Landorus-Therian, M|3\/382
|-ability|p1a: Landorus-Therian|Intimidate|[of] p2a: Vaporeon
|-unboost|p2a: Vaporeon|atk|1
|move|p2a: Vaporeon|Protect|p2a: Vaporeon
|-fail|p2a: Vaporeon
|
|-heal|p2a: Vaporeon|315\/451|[from] move: Wish|[wisher] Vaporeon
|-heal|p2a: Vaporeon|343\/451|[from] item: Leftovers
|turn|31
|
|move|p2a: Vaporeon|Protect|p2a: Vaporeon
|-singleturn|p2a: Vaporeon|Protect
|move|p1a: Landorus-Therian|Knock Off|p2a: Vaporeon
|-activate|p2a: Vaporeon|Protect
|
|-heal|p2a: Vaporeon|371\/451|[from] item: Leftovers
|turn|32
|
|move|p1a: Landorus-Therian|Knock Off|p2a: Vaporeon
|-damage|p2a: Vaporeon|252\/451
|-enditem|p2a: Vaporeon|Leftovers|[from] move: Knock Off|[of] p1a: Landorus-Therian
|move|p2a: Vaporeon|Wish|p2a: Vaporeon
|
|turn|33
|
|move|p1a: Landorus-Therian|Earthquake|p2a: Vaporeon
|-damage|p2a: Vaporeon|71\/451
|move|p2a: Vaporeon|Scald|p1a: Landorus-Therian
|-supereffective|p1a: Landorus-Therian
|-damage|p1a: Landorus-Therian|0 fnt
|faint|p1a: Landorus-Therian
|
|-heal|p2a: Vaporeon|296\/451|[from] move: Wish|[wisher] Vaporeon
|
|switch|p1a: Latios|Latios, M|136\/309
|turn|34
|
|move|p1a: Latios|Thunderbolt|p2a: Vaporeon
|-supereffective|p2a: Vaporeon
|-damage|p2a: Vaporeon|52\/451
|-status|p2a: Vaporeon|par
|-damage|p1a: Latios|106\/309|[from] item: Life Orb
|cant|p2a: Vaporeon|par
|
|turn|35
|
|move|p1a: Latios|Psyshock|p2a: Vaporeon
|-damage|p2a: Vaporeon|0 fnt
|-damage|p1a: Latios|76\/309|[from] item: Life Orb
|faint|p2a: Vaporeon
|
|
|switch|p2a: Scizor|Scizor, M|97\/337
|-damage|p2a: Scizor|55\/337|[from] Stealth Rock
|turn|36
|
|move|p2a: Scizor|Bullet Punch|p1a: Latios
|-damage|p1a: Latios|0 fnt
|faint|p1a: Latios
|
|
|switch|p1a: Milotic|Milotic, F|393\/393
|turn|37
|
|move|p2a: Scizor|Bullet Punch|p1a: Milotic
|-crit|p1a: Milotic
|-resisted|p1a: Milotic
|-damage|p1a: Milotic|292\/393
|move|p1a: Milotic|Scald|p2a: Scizor
|-damage|p2a: Scizor|0 fnt
|faint|p2a: Scizor
|
|-heal|p1a: Milotic|316\/393|[from] item: Leftovers
|
|switch|p2a: Gengar|Gengar, F, shiny|259\/259
|-damage|p2a: Gengar|227\/259|[from] Stealth Rock
|turn|38
|
|move|p2a: Gengar|Substitute|p2a: Gengar
|-start|p2a: Gengar|Substitute
|-damage|p2a: Gengar|163\/259
|move|p1a: Milotic|Recover|p1a: Milotic
|-heal|p1a: Milotic|393\/393
|
|turn|39
|
|move|p2a: Gengar|Pain Split|p1a: Milotic
|-sethp|p1a: Milotic|278\/393|p2a: Gengar|259\/259|[from] move: Pain Split
|move|p1a: Milotic|Scald|p2a: Gengar
|-crit|p2a: Gengar
|-end|p2a: Gengar|Substitute
|
|-heal|p1a: Milotic|302\/393|[from] item: Leftovers
|turn|40
|
|move|p2a: Gengar|Sludge Wave|p1a: Milotic
|-damage|p1a: Milotic|133\/393
|-damage|p2a: Gengar|234\/259|[from] item: Life Orb
|move|p1a: Milotic|Scald|p2a: Gengar
|-damage|p2a: Gengar|122\/259
|
|-heal|p1a: Milotic|157\/393|[from] item: Leftovers
|turn|41
|
|move|p2a: Gengar|Substitute|p2a: Gengar
|-start|p2a: Gengar|Substitute
|-damage|p2a: Gengar|58\/259
|move|p1a: Milotic|Scald|p2a: Gengar
|-end|p2a: Gengar|Substitute
|
|-heal|p1a: Milotic|181\/393|[from] item: Leftovers
|turn|42
|
|move|p2a: Gengar|Sludge Wave|p1a: Milotic
|-damage|p1a: Milotic|0 fnt
|-damage|p2a: Gengar|33\/259|[from] item: Life Orb
|faint|p1a: Milotic
|
|
|switch|p1a: Talonflame|Talonflame, F|278\/297
|turn|43
|
|move|p1a: Talonflame|Brave Bird|p2a: Gengar
|-damage|p2a: Gengar|0 fnt
|-damage|p1a: Talonflame|267\/297|[from] recoil|[of] p2a: Gengar
|faint|p2a: Gengar
|
|win|milotic91
|raw|Ladder updating...
|raw|milotic91's rating: 1409 &rarr; <strong>1432<\/strong><br \/>(+23 for winning)
|raw|SuckerforMetal's rating: 1462 &rarr; <strong>1439<\/strong><br \/>(-23 for losing)
|leave|SuckerforMetal
|player|p2