|join|SuckerforMetal
|join|PokeHD
|player|p1|SuckerforMetal|265
|player|p2|PokeHD|266
|gametype|singles
|gen|6
|tier|OU
|rated
|clearpoke
|poke|p1|Gengar, F, shiny
|poke|p1|Hydreigon, F
|poke|p1|Scizor, M
|poke|p1|Sableye, M
|poke|p1|Landorus-Therian, M
|poke|p1|Vaporeon, F
|poke|p2|Sableye, F
|poke|p2|Excadrill, F
|poke|p2|Manaphy
|poke|p2|Gliscor, M
|poke|p2|Talonflame, M
|poke|p2|Clefable, M
|rule|Swagger Clause: Swagger is banned
|rule|Baton Pass Clause: Limit one PokÃ©mon knowing Baton Pass
|rule|Sleep Clause Mod: Limit one foe put to sleep
|rule|Species Clause: Limit one of each PokÃ©mon
|rule|OHKO Clause: OHKO moves are banned
|rule|Moody Clause: Moody is banned
|rule|Evasion Moves Clause: Evasion moves are banned
|rule|Endless Battle Clause: Forcing endless battles is banned
|rule|HP Percentage Mod: HP is shown in percentages
|teampreview
|
|start
|switch|p1a: Gengar|Gengar, F, shiny|259\/259
|switch|p2a: Manaphy|Manaphy|403\/403
|turn|1
|
|move|p1a: Gengar|Sludge Wave|p2a: Manaphy
|-damage|p2a: Manaphy|243\/403
|-damage|p1a: Gengar|234\/259|[from] item: Life Orb
|move|p2a: Manaphy|Scald|p1a: Gengar
|-damage|p1a: Gengar|114\/259
|-status|p1a: Gengar|brn
|
|-heal|p2a: Manaphy|268\/403|[from] item: Leftovers
|-damage|p1a: Gengar|82\/259 brn|[from] brn
|turn|2
|
|switch|p1a: Vaporeon|Vaporeon, F|451\/451
|move|p2a: Manaphy|U-turn|p1a: Vaporeon
|-damage|p1a: Vaporeon|398\/451
|
|switch|p2a: Excadrill|Excadrill, F|424\/424
|-ability|p2a: Excadrill|Mold Breaker
|
|-heal|p1a: Vaporeon|426\/451|[from] item: Leftovers
|turn|3
|
|move|p2a: Excadrill|Toxic|p1a: Vaporeon
|-status|p1a: Vaporeon|tox
|move|p1a: Vaporeon|Scald|p2a: Excadrill
|-supereffective|p2a: Excadrill
|-damage|p2a: Excadrill|244\/424
|
|-heal|p2a: Excadrill|270\/424|[from] item: Leftovers
|-heal|p1a: Vaporeon|451\/451 tox|[from] item: Leftovers
|-damage|p1a: Vaporeon|423\/451 tox|[from] psn
|turn|4
|
|switch|p2a: Manaphy|Manaphy|268\/403
|move|p1a: Vaporeon|Scald|p2a: Manaphy
|-resisted|p2a: Manaphy
|-damage|p2a: Manaphy|231\/403
|-status|p2a: Manaphy|brn
|
|-heal|p2a: Manaphy|256\/403 brn|[from] item: Leftovers
|-heal|p1a: Vaporeon|451\/451 tox|[from] item: Leftovers
|-damage|p2a: Manaphy|206\/403 brn|[from] brn
|-damage|p1a: Vaporeon|395\/451 tox|[from] psn
|turn|5
|
|move|p2a: Manaphy|Rain Dance|p2a: Manaphy
|-weather|RainDance
|move|p1a: Vaporeon|Roar|p2a: Manaphy
|drag|p2a: Sableye|Sableye, F|303\/303
|
|-weather|RainDance|[upkeep]
|-heal|p1a: Vaporeon|423\/451 tox|[from] item: Leftovers
|-damage|p1a: Vaporeon|339\/451 tox|[from] psn
|turn|6
|
|switch|p1a: Sableye|Sableye, M|303\/303
|switch|p2a: Manaphy|Manaphy|206\/403 brn
|
|-weather|RainDance|[upkeep]
|-curestatus|p2a: Manaphy|brn
|-heal|p2a: Manaphy|231\/403|[from] item: Leftovers
|turn|7
|
|detailschange|p1a: Sableye|Sableye-Mega, M
|-mega|p1a: Sableye|Sableye|Sablenite
|move|p1a: Sableye|Calm Mind|p1a: Sableye
|-boost|p1a: Sableye|spa|1
|-boost|p1a: Sableye|spd|1
|move|p2a: Manaphy|Scald|p1a: Sableye
|-damage|p1a: Sableye|218\/303
|-status|p1a: Sableye|brn
|
|-weather|RainDance|[upkeep]
|-heal|p2a: Manaphy|256\/403|[from] item: Leftovers
|-damage|p1a: Sableye|181\/303 brn|[from] brn
|turn|8
|
|move|p2a: Manaphy|U-turn|p1a: Sableye
|-damage|p1a: Sableye|149\/303 brn
|
|switch|p2a: Clefable|Clefable, M|393\/393
|move|p1a: Sableye|Shadow Ball|p2a: Clefable
|-damage|p2a: Clefable|300\/393
|-unboost|p2a: Clefable|spd|1
|
|-weather|RainDance|[upkeep]
|-heal|p2a: Clefable|324\/393|[from] item: Leftovers
|-damage|p1a: Sableye|112\/303 brn|[from] brn
|turn|9
|
|move|p2a: Clefable|Moonblast|p1a: Sableye
|-supereffective|p1a: Sableye
|-damage|p1a: Sableye|0 fnt
|faint|p1a: Sableye
|
|-weather|none
|-heal|p2a: Clefable|348\/393|[from] item: Leftovers
|
|switch|p1a: Gengar|Gengar, F, shiny|82\/259 brn
|turn|10
|
|switch|p2a: Gliscor|Gliscor, M|353\/353
|move|p1a: Gengar|Pain Split|p2a: Gliscor
|-sethp|p2a: Gliscor|217\/353|p1a: Gengar|217\/259 brn|[from] move: Pain Split
|
|-damage|p1a: Gengar|185\/259 brn|[from] brn
|-status|p2a: Gliscor|tox|[from] item: Toxic Orb
|turn|11
|
|switch|p1a: Landorus-Therian|Landorus-Therian, M|381\/381
|-ability|p1a: Landorus-Therian|Intimidate|[of] p2a: Gliscor
|-unboost|p2a: Gliscor|atk|1
|switch|p2a: Manaphy|Manaphy|256\/403
|
|-heal|p2a: Manaphy|281\/403|[from] item: Leftovers
|turn|12
|
|move|p2a: Manaphy|Scald|p1a: Landorus-Therian
|-supereffective|p1a: Landorus-Therian
|-damage|p1a: Landorus-Therian|165\/381
|-status|p1a: Landorus-Therian|brn
|move|p1a: Landorus-Therian|Earthquake|p2a: Manaphy
|-damage|p2a: Manaphy|191\/403
|
|-heal|p2a: Manaphy|216\/403|[from] item: Leftovers
|-heal|p1a: Landorus-Therian|188\/381 brn|[from] item: Leftovers
|-damage|p1a: Landorus-Therian|141\/381 brn|[from] brn
|turn|13
|c|âSuckerforMetal|Wth
|
|move|p2a: Manaphy|Rain Dance|p2a: Manaphy
|-weather|RainDance
|move|p1a: Landorus-Therian|Stealth Rock|p2a: Manaphy
|-sidestart|p2: PokeHD|move: Stealth Rock
|
|-weather|RainDance|[upkeep]
|-heal|p2a: Manaphy|241\/403|[from] item: Leftovers
|-heal|p1a: Landorus-Therian|164\/381 brn|[from] item: Leftovers
|-damage|p1a: Landorus-Therian|117\/381 brn|[from] brn
|turn|14
|
|switch|p1a: Vaporeon|Vaporeon, F|339\/451 tox
|move|p2a: Manaphy|Rest|p2a: Manaphy
|-status|p2a: Manaphy|slp
|-heal|p2a: Manaphy|403\/403 slp|[silent]
|-status|p2a: Manaphy|slp|[from] move: Rest
|
|-weather|RainDance|[upkeep]
|-curestatus|p2a: Manaphy|slp
|-heal|p1a: Vaporeon|367\/451 tox|[from] item: Leftovers
|-damage|p1a: Vaporeon|339\/451 tox|[from] psn
|turn|15
|
|move|p2a: Manaphy|Rest|p2a: Manaphy
|-fail|p2a: Manaphy
|move|p1a: Vaporeon|Roar|p2a: Manaphy
|drag|p2a: Excadrill|Excadrill, F|270\/424
|-damage|p2a: Excadrill|257\/424|[from] Stealth Rock
|-ability|p2a: Excadrill|Mold Breaker
|
|-weather|RainDance|[upkeep]
|-heal|p2a: Excadrill|283\/424|[from] item: Leftovers
|-heal|p1a: Vaporeon|367\/451 tox|[from] item: Leftovers
|-damage|p1a: Vaporeon|311\/451 tox|[from] psn
|turn|16
|
|move|p2a: Excadrill|Rapid Spin|p1a: Vaporeon
|-damage|p1a: Vaporeon|289\/451 tox
|-sideend|p2: PokeHD|Stealth Rock|[from] move: Rapid Spin|[of] p2a: Excadrill
|move|p1a: Vaporeon|Scald|p2a: Excadrill
|-supereffective|p2a: Excadrill
|-damage|p2a: Excadrill|17\/424
|
|-weather|RainDance|[upkeep]
|-heal|p2a: Excadrill|43\/424|[from] item: Leftovers
|-heal|p1a: Vaporeon|317\/451 tox|[from] item: Leftovers
|-damage|p1a: Vaporeon|233\/451 tox|[from] psn
|turn|17
|c|âSuckerforMetal|Wtf
|
|switch|p2a: Manaphy|Manaphy|403\/403
|switch|p1a: Landorus-Therian|Landorus-Therian, M|117\/381 brn
|-ability|p1a: Landorus-Therian|Intimidate|[of] p2a: Manaphy
|-unboost|p2a: Manaphy|atk|1
|
|-weather|none
|-heal|p1a: Landorus-Therian|140\/381 brn|[from] item: Leftovers
|-damage|p1a: Landorus-Therian|93\/381 brn|[from] brn
|turn|18
|
|move|p2a: Manaphy|U-turn|p1a: Landorus-Therian
|-resisted|p1a: Landorus-Therian
|-damage|p1a: Landorus-Therian|81\/381 brn
|
|switch|p2a: Sableye|Sableye, F|303\/303
|move|p1a: Landorus-Therian|Knock Off|p2a: Sableye
|-damage|p2a: Sableye|255\/303
|
|-heal|p1a: Landorus-Therian|104\/381 brn|[from] item: Leftovers
|-damage|p1a: Landorus-Therian|57\/381 brn|[from] brn
|turn|19
|
|switch|p1a: Vaporeon|Vaporeon, F|233\/451 tox
|detailschange|p2a: Sableye|Sableye-Mega, F
|-mega|p2a: Sableye|Sableye|Sablenite
|move|p2a: Sableye|Knock Off|p1a: Vaporeon
|-damage|p1a: Vaporeon|134\/451 tox
|-enditem|p1a: Vaporeon|Leftovers|[from] move: Knock Off|[of] p2a: Sableye
|
|-damage|p1a: Vaporeon|106\/451 tox|[from] psn
|turn|20
|
|switch|p2a: Manaphy|Manaphy|403\/403
|move|p1a: Vaporeon|Wish|p1a: Vaporeon
|
|-damage|p1a: Vaporeon|50\/451 tox|[from] psn
|turn|21
|
|move|p2a: Manaphy|U-turn|p1a: Vaporeon
|-damage|p1a: Vaporeon|0 fnt
|faint|p1a: Vaporeon
|
|switch|p2a: Talonflame|Talonflame, M|345\/345
|
|
|switch|p1a: Landorus-Therian|Landorus-Therian, M|57\/381 brn
|-ability|p1a: Landorus-Therian|Intimidate|[of] p2a: Talonflame
|-unboost|p2a: Talonflame|atk|1
|turn|22
|
|move|p2a: Talonflame|Brave Bird|p1a: Landorus-Therian
|-damage|p1a: Landorus-Therian|0 fnt
|-damage|p2a: Talonflame|326\/345|[from] recoil|[of] p1a: Landorus-Therian
|faint|p1a: Landorus-Therian
|
|-heal|p2a: Talonflame|345\/345|[from] item: Leftovers
|
|switch|p1a: Hydreigon|Hydreigon, F|325\/325
|turn|23
|
|switch|p2a: Clefable|Clefable, M|348\/393
|move|p1a: Hydreigon|Dark Pulse|p2a: Clefable
|-resisted|p2a: Clefable
|-damage|p2a: Clefable|270\/393
|
|-heal|p2a: Clefable|294\/393|[from] item: Leftovers
|turn|24
|
|switch|p1a: Gengar|Gengar, F, shiny|185\/259 brn
|switch|p2a: Talonflame|Talonflame, M|345\/345
|
|-damage|p1a: Gengar|153\/259 brn|[from] brn
|turn|25
|c|âSuckerforMetal|Wtf how do win
|c|âSuckerforMetal|I
|
|switch|p1a: Scizor|Scizor, M|337\/337
|move|p2a: Talonflame|Brave Bird|p1a: Scizor
|-damage|p1a: Scizor|177\/337
|-damage|p2a: Talonflame|292\/345|[from] recoil|[of] p1a: Scizor
|
|-heal|p2a: Talonflame|313\/345|[from] item: Leftovers
|turn|26
|
|switch|p1a: Hydreigon|Hydreigon, F|325\/325
|move|p2a: Talonflame|Will-O-Wisp|p1a: Hydreigon
|-status|p1a: Hydreigon|brn
|
|-heal|p2a: Talonflame|334\/345|[from] item: Leftovers
|-damage|p1a: Hydreigon|285\/325 brn|[from] brn
|turn|27
|
|switch|p2a: Manaphy|Manaphy|403\/403
|move|p1a: Hydreigon|U-turn|p2a: Manaphy
|-damage|p2a: Manaphy|377\/403
|
|switch|p1a: Scizor|Scizor, M|177\/337
|
|-heal|p2a: Manaphy|402\/403|[from] item: Leftovers
|turn|28
|
|move|p2a: Manaphy|Scald|p1a: Scizor
|-damage|p1a: Scizor|66\/337
|-status|p1a: Scizor|brn
|move|p1a: Scizor|U-turn|p2a: Manaphy
|-damage|p2a: Manaphy|296\/403
|c|âSuckerforMetal|Wtf
|
|switch|p1a: Hydreigon|Hydreigon, F|285\/325 brn
|
|-heal|p2a: Manaphy|321\/403|[from] item: Leftovers
|-damage|p1a: Hydreigon|245\/325 brn|[from] brn
|turn|29
|
|move|p1a: Hydreigon|Draco Meteor|p2a: Manaphy
|-damage|p2a: Manaphy|156\/403
|-unboost|p1a: Hydreigon|spa|2
|move|p2a: Manaphy|U-turn|p1a: Hydreigon
|-supereffective|p1a: Hydreigon
|-damage|p1a: Hydreigon|131\/325 brn
|
|switch|p2a: Talonflame|Talonflame, M|334\/345
|
|-heal|p2a: Talonflame|345\/345|[from] item: Leftovers
|-damage|p1a: Hydreigon|91\/325 brn|[from] brn
|turn|30
|
|move|p2a: Talonflame|Brave Bird|p1a: Hydreigon
|-damage|p1a: Hydreigon|0 fnt
|-damage|p2a: Talonflame|315\/345|[from] recoil|[of] p1a: Hydreigon
|faint|p1a: Hydreigon
|
|-heal|p2a: Talonflame|336\/345|[from] item: Leftovers
|c|âSuckerforMetal|Gg
|c|âPokeHD|gg
|
|switch|p1a: Gengar|Gengar, F, shiny|153\/259 brn
|turn|31
|
|move|p2a: Talonflame|Brave Bird|p1a: Gengar
|-damage|p1a: Gengar|0 fnt
|-damage|p2a: Talonflame|286\/345|[from] recoil|[of] p1a: Gengar
|faint|p1a: Gengar
|
|-heal|p2a: Talonflame|307\/345|[from] item: Leftovers
|
|switch|p1a: Scizor|Scizor, M|66\/337 brn
|turn|32
|
|move|p2a: Talonflame|Brave Bird|p1a: Scizor
|-damage|p1a: Scizor|0 fnt
|-damage|p2a: Talonflame|285\/345|[from] recoil|[of] p1a: Scizor
|faint|p1a: Scizor
|
|win|PokeHD
|raw|Ladder updating...
|raw|SuckerforMetal's rating: 1788 &rarr; <strong>1756<\/strong><br \/>(-32 for losing)
|raw|PokeHD's rating: 1542 &rarr; <strong>1574<\/strong><br \/>(+32 for winning)
|leave|SuckerforMetal