|join|CleanerThanRotom-W
|join|SuckerforMetal
|player|p1|CleanerThanRotom-W|226
|player|p2|SuckerforMetal|266
|gametype|singles
|gen|6
|tier|OU
|rated
|clearpoke
|poke|p1|Sableye, F
|poke|p1|Chansey, F
|poke|p1|Cresselia, F
|poke|p1|Gothitelle, F
|poke|p1|Skarmory, F
|poke|p1|Quagsire, M
|poke|p2|Gengar, F, shiny
|poke|p2|Hydreigon, F
|poke|p2|Scizor, M
|poke|p2|Sableye, F
|poke|p2|Landorus-Therian, M
|poke|p2|Vaporeon, M
|rule|Swagger Clause: Swagger is banned
|rule|Baton Pass Clause: Limit one PokÃ©mon knowing Baton Pass
|rule|Sleep Clause Mod: Limit one foe put to sleep
|rule|Species Clause: Limit one of each PokÃ©mon
|rule|OHKO Clause: OHKO moves are banned
|rule|Moody Clause: Moody is banned
|rule|Evasion Moves Clause: Evasion moves are banned
|rule|Endless Battle Clause: Forcing endless battles is banned
|rule|HP Percentage Mod: HP is shown in percentages
|teampreview
|
|start
|switch|p1a: Sableye|Sableye, F|303\/303
|switch|p2a: Hydreigon|Hydreigon, F|325\/325
|turn|1
|
|detailschange|p1a: Sableye|Sableye-Mega, F
|-mega|p1a: Sableye|Sableye|Sablenite
|move|p1a: Sableye|Will-O-Wisp|p2a: Hydreigon
|-status|p2a: Hydreigon|brn
|move|p2a: Hydreigon|Dark Pulse|p1a: Sableye
|-damage|p1a: Sableye|209\/303
|
|-damage|p2a: Hydreigon|285\/325 brn|[from] brn
|turn|2
|
|switch|p2a: Scizor|Scizor, M|337\/337
|move|p1a: Sableye|Recover|p1a: Sableye
|-heal|p1a: Sableye|303\/303
|
|turn|3
|
|switch|p1a: Skarmory|Skarmory, F|334\/334
|move|p2a: Scizor|U-turn|p1a: Skarmory
|-resisted|p1a: Skarmory
|-damage|p1a: Skarmory|305\/334
|
|switch|p2a: Sableye|Sableye, F|303\/303
|
|turn|4
|
|switch|p1a: Sableye|Sableye-Mega, F|303\/303
|detailschange|p2a: Sableye|Sableye-Mega, F
|-mega|p2a: Sableye|Sableye|Sablenite
|move|p2a: Sableye|Night Shade|p1a: Sableye
|-damage|p1a: Sableye|203\/303
|
|turn|5
|
|move|p2a: Sableye|Night Shade|p1a: Sableye
|-damage|p1a: Sableye|103\/303
|move|p1a: Sableye|Recover|p1a: Sableye
|-heal|p1a: Sableye|255\/303
|
|turn|6
|
|switch|p2a: Scizor|Scizor, M|337\/337
|move|p1a: Sableye|Calm Mind|p1a: Sableye
|-boost|p1a: Sableye|spa|1
|-boost|p1a: Sableye|spd|1
|
|turn|7
|
|move|p2a: Scizor|U-turn|p1a: Sableye
|-damage|p1a: Sableye|86\/303
|
|switch|p2a: Hydreigon|Hydreigon, F|285\/325 brn
|move|p1a: Sableye|Recover|p1a: Sableye
|-heal|p1a: Sableye|238\/303
|
|-damage|p2a: Hydreigon|245\/325 brn|[from] brn
|turn|8
|
|move|p2a: Hydreigon|Draco Meteor|p1a: Sableye
|-damage|p1a: Sableye|120\/303
|-unboost|p2a: Hydreigon|spa|2
|move|p1a: Sableye|Recover|p1a: Sableye
|-heal|p1a: Sableye|272\/303
|
|-damage|p2a: Hydreigon|205\/325 brn|[from] brn
|turn|9
|
|switch|p2a: Scizor|Scizor, M|337\/337
|move|p1a: Sableye|Will-O-Wisp|p2a: Scizor
|-status|p2a: Scizor|brn
|
|-damage|p2a: Scizor|295\/337 brn|[from] brn
|turn|10
|
|move|p2a: Scizor|U-turn|p1a: Sableye
|-damage|p1a: Sableye|193\/303
|
|switch|p2a: Sableye|Sableye-Mega, F|303\/303
|move|p1a: Sableye|Recover|p1a: Sableye
|-heal|p1a: Sableye|303\/303
|
|turn|11
|
|move|p2a: Sableye|Night Shade|p1a: Sableye
|-damage|p1a: Sableye|203\/303
|move|p1a: Sableye|Calm Mind|p1a: Sableye
|-boost|p1a: Sableye|spa|1
|-boost|p1a: Sableye|spd|1
|
|turn|12
|
|move|p2a: Sableye|Night Shade|p1a: Sableye
|-damage|p1a: Sableye|103\/303
|move|p1a: Sableye|Recover|p1a: Sableye
|-heal|p1a: Sableye|255\/303
|
|turn|13
|
|switch|p2a: Gengar|Gengar, F, shiny|259\/259
|move|p1a: Sableye|Calm Mind|p1a: Sableye
|-boost|p1a: Sableye|spa|1
|-boost|p1a: Sableye|spd|1
|
|turn|14
|
|move|p2a: Gengar|Shadow Ball|p1a: Sableye
|-damage|p1a: Sableye|204\/303
|-damage|p2a: Gengar|234\/259|[from] item: Life Orb
|move|p1a: Sableye|Snarl|p2a: Gengar
|-supereffective|p2a: Gengar
|-damage|p2a: Gengar|0 fnt
|faint|p2a: Gengar
|
|-message|SuckerforMetal forfeited.
|
|win|CleanerThanRotom-W
|raw|Ladder updating...
|leave|SuckerforMetal
|player|p2
|raw|CleanerThanRotom-W's rating: 1863 &rarr; <strong>1874<\/strong><br \/>(+11 for winning)
|raw|SuckerforMetal's rating: 1706 &rarr; <strong>1695<\/strong><br \/>(-11 for losing)