|join|SuckerforMetal
|join|StoneFish
|player|p1|SuckerforMetal|266
|player|p2|StoneFish|284
|gametype|singles
|tier|OU
|rated
|clearpoke
|poke|p1|Gengar, M
|poke|p1|Scizor, F
|poke|p1|Hydreigon, M
|poke|p1|Donphan, M
|poke|p1|Rotom-Wash
|poke|p1|Aegislash, F
|poke|p2|Landorus-Therian, M
|poke|p2|Gyarados, M
|poke|p2|Latios, M
|poke|p2|Bisharp, F
|poke|p2|Manectric, F
|poke|p2|Genesect
|rule|Sleep Clause Mod: Limit one foe put to sleep
|rule|Species Clause: Limit one of each Pokemon
|rule|OHKO Clause: OHKO moves are banned
|rule|Moody Clause: Moody is banned
|rule|Evasion Moves Clause: Evasion moves are banned
|rule|Endless Battle Clause: Forcing endless battles is banned.
|rule|HP Percentage Mod: HP is reported as percentages
|teampreview
|callback|decision
|
|start
|switch|p1a: Rotom-Wash|Rotom-Wash|299\/299
|switch|p2a: LASER KLAN|Genesect|283\/283
|-boost|p2a: LASER KLAN|spa|1|[from] ability: Download
|turn|1
|callback|decision
|
|move|p2a: LASER KLAN|U-turn|p1a: Rotom-Wash
|-crit|p1a: Rotom-Wash
|-damage|p1a: Rotom-Wash|128\/299
|callback|decision
|
|switch|p2a: Jetpack Jumbuck|Latios, M|302\/302
|move|p1a: Rotom-Wash|Will-O-Wisp|p2a: Jetpack Jumbuck
|-status|p2a: Jetpack Jumbuck|brn
|
|-heal|p1a: Rotom-Wash|146\/299|[from] item: Leftovers
|-damage|p2a: Jetpack Jumbuck|265\/302 brn|[from] brn
|turn|2
|callback|decision
|
|switch|p1a: Aegislash|Aegislash, F|324\/324
|move|p2a: Jetpack Jumbuck|Draco Meteor|p1a: Aegislash|[miss]
|-miss|p2a: Jetpack Jumbuck|p1a: Aegislash
|
|-damage|p2a: Jetpack Jumbuck|228\/302 brn|[from] brn
|turn|3
|callback|decision
|
|switch|p2a: Steppendoge|Manectric, F|286\/286
|-formechange|p1a: Aegislash|Aegislash-Blade
|move|p1a: Aegislash|Sacred Sword|p2a: Steppendoge
|-damage|p2a: Steppendoge|79\/286
|
|turn|4
|callback|decision
|
|switch|p2a: Sheat Mield|Landorus-Therian, M|381\/381
|-ability|p2a: Sheat Mield|Intimidate|[of] p1a: Aegislash
|-unboost|p1a: Aegislash|atk|1
|move|p1a: Aegislash|Shadow Sneak|p2a: Sheat Mield
|-damage|p2a: Sheat Mield|329\/381
|
|-heal|p2a: Sheat Mield|352\/381|[from] item: Leftovers
|turn|5
|callback|decision
|
|switch|p1a: Rotom-Wash|Rotom-Wash|146\/299
|move|p2a: Sheat Mield|Stealth Rock|p1a: Rotom-Wash
|-sidestart|p1: SuckerforMetal|move: Stealth Rock
|
|-heal|p1a: Rotom-Wash|164\/299|[from] item: Leftovers
|-heal|p2a: Sheat Mield|375\/381|[from] item: Leftovers
|turn|6
|callback|decision
|
|switch|p2a: Jetpack Jumbuck|Latios, M|228\/302 brn
|move|p1a: Rotom-Wash|Pain Split|p2a: Jetpack Jumbuck
|-sethp|p2a: Jetpack Jumbuck|196\/302 brn|p1a: Rotom-Wash|196\/299|[from] move: Pain Split
|
|-heal|p1a: Rotom-Wash|214\/299|[from] item: Leftovers
|-damage|p2a: Jetpack Jumbuck|159\/302 brn|[from] brn
|turn|7
|callback|decision
|
|switch|p1a: Aegislash|Aegislash, F|324\/324
|-damage|p1a: Aegislash|304\/324|[from] Stealth Rock
|move|p2a: Jetpack Jumbuck|Draco Meteor|p1a: Aegislash
|-resisted|p1a: Aegislash
|-damage|p1a: Aegislash|201\/324
|-unboost|p2a: Jetpack Jumbuck|spa|2
|-damage|p2a: Jetpack Jumbuck|129\/302 brn|[from] item: Life Orb
|
|-heal|p1a: Aegislash|221\/324|[from] item: Leftovers
|-damage|p2a: Jetpack Jumbuck|92\/302 brn|[from] brn
|turn|8
|callback|decision
|
|switch|p2a: Sheat Mield|Landorus-Therian, M|375\/381
|-ability|p2a: Sheat Mield|Intimidate|[of] p1a: Aegislash
|-unboost|p1a: Aegislash|atk|1
|switch|p1a: Donphan|Donphan, M|384\/384
|-damage|p1a: Donphan|360\/384|[from] Stealth Rock
|
|-heal|p2a: Sheat Mield|381\/381|[from] item: Leftovers
|-heal|p1a: Donphan|384\/384|[from] item: Leftovers
|turn|9
|callback|decision
|
|move|p2a: Sheat Mield|U-turn|p1a: Donphan
|-damage|p1a: Donphan|316\/384
|callback|decision
|
|switch|p2a: LASER KLAN|Genesect|283\/283
|-boost|p2a: LASER KLAN|spa|1|[from] ability: Download
|move|p1a: Donphan|Stealth Rock|p2a: LASER KLAN
|-sidestart|p2: StoneFish|move: Stealth Rock
|
|-heal|p1a: Donphan|340\/384|[from] item: Leftovers
|turn|10
|callback|decision
|
|move|p2a: LASER KLAN|Ice Beam|p1a: Donphan
|-supereffective|p1a: Donphan
|-damage|p1a: Donphan|0 fnt
|faint|p1a: Donphan
|
|callback|decision
|
|switch|p1a: Rotom-Wash|Rotom-Wash|214\/299
|-damage|p1a: Rotom-Wash|177\/299|[from] Stealth Rock
|turn|11
|callback|decision
|
|switch|p2a: ow the edge|Bisharp, F|279\/279
|-damage|p2a: ow the edge|262\/279|[from] Stealth Rock
|move|p1a: Rotom-Wash|Volt Switch|p2a: ow the edge
|-damage|p2a: ow the edge|130\/279
|callback|decision
|
|switch|p1a: Hydreigon|Hydreigon, M|325\/325
|-damage|p1a: Hydreigon|285\/325|[from] Stealth Rock
|
|turn|12
|callback|decision
|
|move|p2a: ow the edge|Sucker Punch|p1a: Hydreigon
|-resisted|p1a: Hydreigon
|-damage|p1a: Hydreigon|167\/325
|move|p1a: Hydreigon|Fire Blast|p2a: ow the edge
|-supereffective|p2a: ow the edge
|-damage|p2a: ow the edge|0 fnt
|faint|p2a: ow the edge
|
|callback|decision
|
|switch|p2a: LASER KLAN|Genesect|283\/283
|-damage|p2a: LASER KLAN|248\/283|[from] Stealth Rock
|-boost|p2a: LASER KLAN|atk|1|[from] ability: Download
|turn|13
|callback|decision
|
|switch|p1a: Scizor|Scizor, F|344\/344
|-damage|p1a: Scizor|301\/344|[from] Stealth Rock
|move|p2a: LASER KLAN|Iron Head|p1a: Scizor
|-resisted|p1a: Scizor
|-damage|p1a: Scizor|193\/344
|
|turn|14
|callback|decision
|
|move|p2a: LASER KLAN|Iron Head|p1a: Scizor
|-resisted|p1a: Scizor
|-damage|p1a: Scizor|94\/344
|cant|p1a: Scizor|flinch
|
|turn|15
|callback|decision
|
|move|p2a: LASER KLAN|Iron Head|p1a: Scizor
|-resisted|p1a: Scizor
|-damage|p1a: Scizor|0 fnt
|faint|p1a: Scizor
|
|callback|decision
|
|switch|p1a: Rotom-Wash|Rotom-Wash|177\/299
|-damage|p1a: Rotom-Wash|140\/299|[from] Stealth Rock
|turn|16
|callback|decision
|
|switch|p2a: Steppendoge|Manectric, F|79\/286
|-damage|p2a: Steppendoge|44\/286|[from] Stealth Rock
|move|p1a: Rotom-Wash|Volt Switch|p2a: Steppendoge
|-boost|p2a: Steppendoge|spa|1|[from] ability: Lightningrod
|
|-heal|p1a: Rotom-Wash|158\/299|[from] item: Leftovers
|turn|17
|callback|decision
|
|-formechange|p2a: Steppendoge|Manectric-Mega
|message|Manectric has Mega Evolved into Mega Manectric!
|-ability|p2a: Steppendoge|Intimidate|[of] p1a: Rotom-Wash
|-unboost|p1a: Rotom-Wash|atk|1
|move|p2a: Steppendoge|Thunderbolt|p1a: Rotom-Wash
|-damage|p1a: Rotom-Wash|0 fnt
|faint|p1a: Rotom-Wash
|
|callback|decision
|
|switch|p1a: Aegislash|Aegislash, F|221\/324
|-damage|p1a: Aegislash|201\/324|[from] Stealth Rock
|turn|18
|callback|decision
|
|switch|p2a: G:\DOS\run.exe|Gyarados, M|343\/343
|-damage|p2a: G:\DOS\run.exe|258\/343|[from] Stealth Rock
|-formechange|p1a: Aegislash|Aegislash-Blade
|move|p1a: Aegislash|Shadow Sneak|p2a: G:\DOS\run.exe
|-damage|p2a: G:\DOS\run.exe|153\/343
|
|-heal|p2a: G:\DOS\run.exe|174\/343|[from] item: Leftovers
|-heal|p1a: Aegislash|221\/324|[from] item: Leftovers
|turn|19
|callback|decision
|
|move|p2a: G:\DOS\run.exe|Dragon Dance|p2a: G:\DOS\run.exe
|-boost|p2a: G:\DOS\run.exe|atk|1
|-boost|p2a: G:\DOS\run.exe|spe|1
|move|p1a: Aegislash|Swords Dance|p1a: Aegislash
|-boost|p1a: Aegislash|atk|2
|
|-heal|p2a: G:\DOS\run.exe|195\/343|[from] item: Leftovers
|-heal|p1a: Aegislash|241\/324|[from] item: Leftovers
|turn|20
|callback|decision
|
|-formechange|p1a: Aegislash|Aegislash
|move|p1a: Aegislash|King's Shield|p1a: Aegislash
|-singleturn|p1a: Aegislash|Protect
|move|p2a: G:\DOS\run.exe|Waterfall|p1a: Aegislash
|-activate|p1a: Aegislash|Protect
|-unboost|p2a: G:\DOS\run.exe|atk|2
|
|-heal|p2a: G:\DOS\run.exe|216\/343|[from] item: Leftovers
|-heal|p1a: Aegislash|261\/324|[from] item: Leftovers
|turn|21
|callback|decision
|
|move|p2a: G:\DOS\run.exe|Taunt|p1a: Aegislash
|-start|p1a: Aegislash|move: Taunt
|cant|p1a: Aegislash|move: Taunt|Swords Dance
|
|-heal|p2a: G:\DOS\run.exe|237\/343|[from] item: Leftovers
|-heal|p1a: Aegislash|281\/324|[from] item: Leftovers
|turn|22
|callback|decision
|
|move|p2a: G:\DOS\run.exe|Waterfall|p1a: Aegislash
|-damage|p1a: Aegislash|212\/324
|-formechange|p1a: Aegislash|Aegislash-Blade
|move|p1a: Aegislash|Sacred Sword|p2a: G:\DOS\run.exe
|-resisted|p2a: G:\DOS\run.exe
|-damage|p2a: G:\DOS\run.exe|73\/343
|
|-heal|p2a: G:\DOS\run.exe|94\/343|[from] item: Leftovers
|-heal|p1a: Aegislash|232\/324|[from] item: Leftovers
|turn|23
|callback|decision
|
|move|p1a: Aegislash|Shadow Sneak|p2a: G:\DOS\run.exe
|-damage|p2a: G:\DOS\run.exe|0 fnt
|faint|p2a: G:\DOS\run.exe
|
|-heal|p1a: Aegislash|252\/324|[from] item: Leftovers
|-end|p1a: Aegislash|move: Taunt
|callback|decision
|
|switch|p2a: LASER KLAN|Genesect|248\/283
|-damage|p2a: LASER KLAN|213\/283|[from] Stealth Rock
|-boost|p2a: LASER KLAN|atk|1|[from] ability: Download
|turn|24
|callback|decision
|
|-formechange|p1a: Aegislash|Aegislash
|move|p1a: Aegislash|King's Shield|p1a: Aegislash
|-singleturn|p1a: Aegislash|Protect
|move|p2a: LASER KLAN|Flamethrower|p1a: Aegislash
|-activate|p1a: Aegislash|Protect
|
|-heal|p1a: Aegislash|272\/324|[from] item: Leftovers
|turn|25
|callback|decision
|
|move|p2a: LASER KLAN|Flamethrower|p1a: Aegislash
|-supereffective|p1a: Aegislash
|-damage|p1a: Aegislash|152\/324
|-formechange|p1a: Aegislash|Aegislash-Blade
|move|p1a: Aegislash|Sacred Sword|p2a: LASER KLAN
|-crit|p2a: LASER KLAN
|-damage|p2a: LASER KLAN|0 fnt
|faint|p2a: LASER KLAN
|
|-heal|p1a: Aegislash|172\/324|[from] item: Leftovers
|callback|decision
|
|switch|p2a: Sheat Mield|Landorus-Therian, M|381\/381
|-damage|p2a: Sheat Mield|334\/381|[from] Stealth Rock
|-ability|p2a: Sheat Mield|Intimidate|[of] p1a: Aegislash
|-unboost|p1a: Aegislash|atk|1
|turn|26
|callback|decision
|
|switch|p1a: Hydreigon|Hydreigon, M|167\/325
|-damage|p1a: Hydreigon|127\/325|[from] Stealth Rock
|move|p2a: Sheat Mield|Earthquake|p1a: Hydreigon
|-immune|p1a: Hydreigon|[msg]
|
|-heal|p2a: Sheat Mield|357\/381|[from] item: Leftovers
|turn|27
|callback|decision
|
|move|p1a: Hydreigon|Draco Meteor|p2a: Sheat Mield
|-damage|p2a: Sheat Mield|59\/381
|-unboost|p1a: Hydreigon|spa|2
|move|p2a: Sheat Mield|U-turn|p1a: Hydreigon
|-supereffective|p1a: Hydreigon
|-damage|p1a: Hydreigon|0 fnt
|faint|p1a: Hydreigon
|callback|decision
|
|switch|p2a: Steppendoge|Manectric, F|44\/286
|-formechange|p2a: Steppendoge|Manectric-Mega
|-damage|p2a: Steppendoge|9\/286|[from] Stealth Rock
|
|callback|decision
|
|switch|p1a: Aegislash|Aegislash, F|172\/324
|-damage|p1a: Aegislash|152\/324|[from] Stealth Rock
|turn|28
|callback|decision
|
|-formechange|p1a: Aegislash|Aegislash-Blade
|move|p1a: Aegislash|Shadow Sneak|p2a: Steppendoge
|-damage|p2a: Steppendoge|0 fnt
|faint|p2a: Steppendoge
|
|-heal|p1a: Aegislash|172\/324|[from] item: Leftovers
|callback|decision
|
|switch|p2a: Sheat Mield|Landorus-Therian, M|59\/381
|-damage|p2a: Sheat Mield|12\/381|[from] Stealth Rock
|-ability|p2a: Sheat Mield|Intimidate|[of] p1a: Aegislash
|-unboost|p1a: Aegislash|atk|1
|turn|29
|callback|decision
|chat|StoneFish|gg
|
|switch|p1a: Gengar|Gengar, M|262\/262
|-damage|p1a: Gengar|230\/262|[from] Stealth Rock
|move|p2a: Sheat Mield|Earthquake|p1a: Gengar
|-immune|p1a: Gengar|[msg]
|
|-heal|p1a: Gengar|246\/262|[from] item: Black Sludge
|-heal|p2a: Sheat Mield|35\/381|[from] item: Leftovers
|turn|30
|callback|decision
|
|move|p1a: Gengar|Shadow Ball|p2a: Sheat Mield
|-damage|p2a: Sheat Mield|0 fnt
|faint|p2a: Sheat Mield
|
|-heal|p1a: Gengar|262\/262|[from] item: Black Sludge
|callback|decision
|
|switch|p2a: Jetpack Jumbuck|Latios, M|92\/302 brn
|-damage|p2a: Jetpack Jumbuck|55\/302 brn|[from] Stealth Rock
|turn|31
|callback|decision
|
|move|p2a: Jetpack Jumbuck|Psyshock|p1a: Gengar
|-supereffective|p1a: Gengar
|-damage|p1a: Gengar|0 fnt
|-damage|p2a: Jetpack Jumbuck|25\/302 brn|[from] item: Life Orb
|faint|p1a: Gengar
|
|-damage|p2a: Jetpack Jumbuck|0 fnt|[from] brn
|faint|p2a: Jetpack Jumbuck
|
|win|SuckerforMetal
|raw|Ladder updating...
|raw|SuckerforMetal's rating: 1780 &rarr; <strong>1814<\/strong><br \/>(+34 for winning)
|raw|StoneFish's rating: 1544 &rarr; <strong>1507<\/strong><br \/>(-37 for losing)