|join|adsrd
|join|SuckerforMetal
|player|p1|adsrd|2
|player|p2|SuckerforMetal|170
|gametype|singles
|gen|6
|tier|OU (suspect test)
|rated
|clearpoke
|poke|p1|Diancie
|poke|p1|Scolipede, F
|poke|p1|Azumarill, F
|poke|p1|Breloom, F
|poke|p1|Magnezone
|poke|p1|Heatran, M
|poke|p2|Gengar, F, shiny
|poke|p2|Hydreigon, F
|poke|p2|Scizor, M
|poke|p2|Sableye, F
|poke|p2|Landorus-Therian, M
|poke|p2|Vaporeon, M
|rule|Swagger Clause: Swagger is banned
|rule|Baton Pass Clause: Limit one PokÃ©mon knowing Baton Pass
|rule|Sleep Clause Mod: Limit one foe put to sleep
|rule|Species Clause: Limit one of each PokÃ©mon
|rule|OHKO Clause: OHKO moves are banned
|rule|Moody Clause: Moody is banned
|rule|Evasion Moves Clause: Evasion moves are banned
|rule|Endless Battle Clause: Forcing endless battles is banned
|rule|HP Percentage Mod: HP is shown in percentages
|teampreview
|
|start
|switch|p1a: Scolipede|Scolipede, F|323\/323
|switch|p2a: Vaporeon|Vaporeon, M|451\/451
|turn|1
|
|move|p1a: Scolipede|Substitute|p1a: Scolipede
|-start|p1a: Scolipede|Substitute
|-damage|p1a: Scolipede|243\/323
|move|p2a: Vaporeon|Scald|p1a: Scolipede
|-end|p1a: Scolipede|Substitute
|
|-boost|p1a: Scolipede|spe|1|[from] ability: Speed Boost
|turn|2
|
|move|p1a: Scolipede|Protect|p1a: Scolipede
|-singleturn|p1a: Scolipede|Protect
|move|p2a: Vaporeon|Scald|p1a: Scolipede
|-activate|p1a: Scolipede|Protect
|
|-boost|p1a: Scolipede|spe|1|[from] ability: Speed Boost
|turn|3
|
|move|p1a: Scolipede|Baton Pass|p1a: Scolipede
|
|switch|p1a: Heatran|Heatran, M|385\/385
|move|p2a: Vaporeon|Roar|p1a: Heatran
|drag|p1a: Scolipede|Scolipede, F|243\/323
|
|turn|4
|
|move|p1a: Scolipede|Protect|p1a: Scolipede
|-singleturn|p1a: Scolipede|Protect
|move|p2a: Vaporeon|Scald|p1a: Scolipede
|-activate|p1a: Scolipede|Protect
|
|-boost|p1a: Scolipede|spe|1|[from] ability: Speed Boost
|turn|5
|
|move|p1a: Scolipede|Baton Pass|p1a: Scolipede
|
|switch|p1a: Magnezone|Magnezone|286\/286
|move|p2a: Vaporeon|Scald|p1a: Magnezone
|-damage|p1a: Magnezone|180\/286
|
|turn|6
|
|switch|p1a: Azumarill|Azumarill, F|342\/342
|switch|p2a: Hydreigon|Hydreigon, F|325\/325
|
|turn|7
|
|move|p2a: Hydreigon|U-turn|p1a: Azumarill
|-resisted|p1a: Azumarill
|-damage|p1a: Azumarill|308\/342
|
|switch|p2a: Scizor|Scizor, M|340\/340
|move|p1a: Azumarill|Belly Drum|p1a: Azumarill
|-damage|p1a: Azumarill|137\/342
|-setboost|p1a: Azumarill|atk|6|[from] move: Belly Drum
|-enditem|p1a: Azumarill|Sitrus Berry|[eat]
|-heal|p1a: Azumarill|222\/342|[from] item: Sitrus Berry
|
|turn|8
|
|move|p1a: Azumarill|Waterfall|p2a: Scizor
|-damage|p2a: Scizor|0 fnt
|faint|p2a: Scizor
|
|
|switch|p2a: Sableye|Sableye, F|304\/304
|turn|9
|
|detailschange|p2a: Sableye|Sableye-Mega, F
|-mega|p2a: Sableye|Sableye|Sablenite
|move|p1a: Azumarill|Aqua Jet|p2a: Sableye
|-damage|p2a: Sableye|102\/304
|move|p2a: Sableye|Will-O-Wisp|p1a: Azumarill
|-status|p1a: Azumarill|brn
|
|-damage|p1a: Azumarill|180\/342 brn|[from] brn
|turn|10
|
|switch|p2a: Vaporeon|Vaporeon, M|451\/451
|move|p1a: Azumarill|Play Rough|p2a: Vaporeon|[miss]
|-miss|p1a: Azumarill|p2a: Vaporeon
|
|-damage|p1a: Azumarill|138\/342 brn|[from] brn
|turn|11
|c|âadsrd|oh my god
|
|move|p2a: Vaporeon|Protect|p2a: Vaporeon
|-singleturn|p2a: Vaporeon|Protect
|move|p1a: Azumarill|Play Rough|p2a: Vaporeon
|-activate|p2a: Vaporeon|Protect
|
|-damage|p1a: Azumarill|96\/342 brn|[from] brn
|turn|12
|c|âadsrd|thats probably the game ;(
|
|move|p1a: Azumarill|Play Rough|p2a: Vaporeon
|-damage|p2a: Vaporeon|52\/451
|move|p2a: Vaporeon|Wish|p2a: Vaporeon
|
|-heal|p2a: Vaporeon|80\/451|[from] item: Leftovers
|-damage|p1a: Azumarill|54\/342 brn|[from] brn
|turn|13
|
|switch|p1a: Breloom|Breloom, F|261\/261
|move|p2a: Vaporeon|Protect|p2a: Vaporeon
|-fail|p2a: Vaporeon
|
|-heal|p2a: Vaporeon|305\/451|[from] move: Wish|[wisher] Vaporeon
|-heal|p2a: Vaporeon|333\/451|[from] item: Leftovers
|turn|14
|
|switch|p2a: Landorus-Therian|Landorus-Therian, M|380\/380
|-ability|p2a: Landorus-Therian|Intimidate|[of] p1a: Breloom
|-unboost|p1a: Breloom|atk|1
|move|p1a: Breloom|Spore|p2a: Landorus-Therian
|-status|p2a: Landorus-Therian|slp
|
|turn|15
|
|switch|p1a: Scolipede|Scolipede, F|243\/323
|switch|p2a: Gengar|Gengar, F, shiny|261\/261
|
|turn|16
|
|move|p1a: Scolipede|Protect|p1a: Scolipede
|-singleturn|p1a: Scolipede|Protect
|move|p2a: Gengar|Substitute|p2a: Gengar
|-start|p2a: Gengar|Substitute
|-damage|p2a: Gengar|196\/261
|
|-boost|p1a: Scolipede|spe|1|[from] ability: Speed Boost
|turn|17
|
|move|p1a: Scolipede|Substitute|p1a: Scolipede
|-start|p1a: Scolipede|Substitute
|-damage|p1a: Scolipede|163\/323
|move|p2a: Gengar|Shadow Ball|p1a: Scolipede
|-end|p1a: Scolipede|Substitute
|-damage|p2a: Gengar|170\/261|[from] item: Life Orb
|
|-boost|p1a: Scolipede|spe|1|[from] ability: Speed Boost
|turn|18
|
|move|p1a: Scolipede|Protect|p1a: Scolipede
|-singleturn|p1a: Scolipede|Protect
|move|p2a: Gengar|Shadow Ball|p1a: Scolipede
|-activate|p1a: Scolipede|Protect
|
|-boost|p1a: Scolipede|spe|1|[from] ability: Speed Boost
|turn|19
|
|move|p1a: Scolipede|Baton Pass|p1a: Scolipede
|
|switch|p1a: Diancie|Diancie|276\/276
|move|p2a: Gengar|Shadow Ball|p1a: Diancie
|-damage|p1a: Diancie|140\/276
|-damage|p2a: Gengar|144\/261|[from] item: Life Orb
|
|turn|20
|
|detailschange|p1a: Diancie|Diancie-Mega
|-mega|p1a: Diancie|Diancie|Diancite
|move|p1a: Diancie|Diamond Storm|p2a: Gengar
|-miss|p1a: Diancie|p2a: Gengar
|move|p2a: Gengar|Sludge Wave|p1a: Diancie
|-damage|p1a: Diancie|0 fnt
|-damage|p2a: Gengar|118\/261|[from] item: Life Orb
|faint|p1a: Diancie
|
|c|âadsrd|yo that is some real shit
|c|âadsrd|what the fuuuuuuck
|
|switch|p1a: Azumarill|Azumarill, F|54\/342 brn
|turn|21
|
|move|p1a: Azumarill|Aqua Jet|p2a: Gengar
|-end|p2a: Gengar|Substitute
|move|p2a: Gengar|Shadow Ball|p1a: Azumarill
|-damage|p1a: Azumarill|0 fnt
|-damage|p2a: Gengar|92\/261|[from] item: Life Orb
|faint|p1a: Azumarill
|
|
|switch|p1a: Magnezone|Magnezone|180\/286
|turn|22
|
|move|p1a: Magnezone|Flash Cannon|p2a: Gengar
|-crit|p2a: Gengar
|-damage|p2a: Gengar|0 fnt
|faint|p2a: Gengar
|
|
|switch|p2a: Hydreigon|Hydreigon, F|325\/325
|turn|23
|
|switch|p1a: Heatran|Heatran, M|385\/385
|move|p2a: Hydreigon|Dark Pulse|p1a: Heatran
|-damage|p1a: Heatran|282\/385
|
|-heal|p1a: Heatran|306\/385|[from] item: Leftovers
|turn|24
|
|switch|p2a: Vaporeon|Vaporeon, M|333\/451
|move|p1a: Heatran|Protect|p1a: Heatran
|-fail|p1a: Heatran
|
|-heal|p1a: Heatran|330\/385|[from] item: Leftovers
|-heal|p2a: Vaporeon|361\/451|[from] item: Leftovers
|turn|25
|
|move|p1a: Heatran|Stealth Rock|p2a: Vaporeon
|-sidestart|p2: SuckerforMetal|move: Stealth Rock
|move|p2a: Vaporeon|Scald|p1a: Heatran
|-supereffective|p1a: Heatran
|-damage|p1a: Heatran|192\/385
|
|-heal|p1a: Heatran|216\/385|[from] item: Leftovers
|-heal|p2a: Vaporeon|389\/451|[from] item: Leftovers
|turn|26
|
|move|p1a: Heatran|Protect|p1a: Heatran
|-singleturn|p1a: Heatran|Protect
|move|p2a: Vaporeon|Scald|p1a: Heatran
|-activate|p1a: Heatran|Protect
|
|-heal|p1a: Heatran|240\/385|[from] item: Leftovers
|-heal|p2a: Vaporeon|417\/451|[from] item: Leftovers
|turn|27
|
|move|p1a: Heatran|Lava Plume|p2a: Vaporeon
|-resisted|p2a: Vaporeon
|-damage|p2a: Vaporeon|367\/451
|move|p2a: Vaporeon|Scald|p1a: Heatran
|-supereffective|p1a: Heatran
|-damage|p1a: Heatran|102\/385
|
|-heal|p1a: Heatran|126\/385|[from] item: Leftovers
|-heal|p2a: Vaporeon|395\/451|[from] item: Leftovers
|turn|28
|
|move|p1a: Heatran|Protect|p1a: Heatran
|-singleturn|p1a: Heatran|Protect
|move|p2a: Vaporeon|Wish|p2a: Vaporeon
|
|-heal|p1a: Heatran|150\/385|[from] item: Leftovers
|-heal|p2a: Vaporeon|423\/451|[from] item: Leftovers
|turn|29
|
|move|p2a: Vaporeon|Scald|p1a: Heatran
|-supereffective|p1a: Heatran
|-damage|p1a: Heatran|0 fnt
|faint|p1a: Heatran
|
|-heal|p2a: Vaporeon|451\/451|[from] move: Wish|[wisher] Vaporeon
|
|switch|p1a: Breloom|Breloom, F|261\/261
|turn|30
|
|switch|p1a: Scolipede|Scolipede, F|163\/323
|switch|p2a: Landorus-Therian|Landorus-Therian, M|380\/380 slp
|-damage|p2a: Landorus-Therian|333\/380 slp|[from] Stealth Rock
|-ability|p2a: Landorus-Therian|Intimidate|[of] p1a: Scolipede
|-unboost|p1a: Scolipede|atk|1
|
|-heal|p2a: Landorus-Therian|356\/380 slp|[from] item: Leftovers
|turn|31
|
|move|p1a: Scolipede|Substitute|p1a: Scolipede
|-start|p1a: Scolipede|Substitute
|-damage|p1a: Scolipede|83\/323
|cant|p2a: Landorus-Therian|slp
|
|-heal|p2a: Landorus-Therian|379\/380 slp|[from] item: Leftovers
|-boost|p1a: Scolipede|spe|1|[from] ability: Speed Boost
|turn|32
|
|move|p1a: Scolipede|Iron Defense|p1a: Scolipede
|-boost|p1a: Scolipede|def|2
|-curestatus|p2a: Landorus-Therian|slp
|move|p2a: Landorus-Therian|Earthquake|p1a: Scolipede
|-end|p1a: Scolipede|Substitute
|
|-heal|p2a: Landorus-Therian|380\/380|[from] item: Leftovers
|-boost|p1a: Scolipede|spe|1|[from] ability: Speed Boost
|turn|33
|
|switch|p2a: Vaporeon|Vaporeon, M|451\/451
|-damage|p2a: Vaporeon|395\/451|[from] Stealth Rock
|move|p1a: Scolipede|Substitute|p1a: Scolipede
|-start|p1a: Scolipede|Substitute
|-damage|p1a: Scolipede|3\/323
|
|-heal|p2a: Vaporeon|423\/451|[from] item: Leftovers
|-boost|p1a: Scolipede|spe|1|[from] ability: Speed Boost
|turn|34
|
|move|p1a: Scolipede|Baton Pass|p1a: Scolipede
|
|switch|p1a: Breloom|Breloom, F|261\/261
|move|p2a: Vaporeon|Roar|p1a: Breloom
|drag|p1a: Scolipede|Scolipede, F|3\/323
|
|-heal|p2a: Vaporeon|451\/451|[from] item: Leftovers
|turn|35
|
|move|p1a: Scolipede|Protect|p1a: Scolipede
|-singleturn|p1a: Scolipede|Protect
|move|p2a: Vaporeon|Scald|p1a: Scolipede
|-activate|p1a: Scolipede|Protect
|
|-boost|p1a: Scolipede|spe|1|[from] ability: Speed Boost
|turn|36
|
|move|p1a: Scolipede|Iron Defense|p1a: Scolipede
|-boost|p1a: Scolipede|def|2
|move|p2a: Vaporeon|Scald|p1a: Scolipede
|-damage|p1a: Scolipede|0 fnt
|faint|p1a: Scolipede
|
|
|switch|p1a: Breloom|Breloom, F|261\/261
|turn|37
|
|switch|p2a: Landorus-Therian|Landorus-Therian, M|380\/380
|-damage|p2a: Landorus-Therian|333\/380|[from] Stealth Rock
|-ability|p2a: Landorus-Therian|Intimidate|[of] p1a: Breloom
|-unboost|p1a: Breloom|atk|1
|move|p1a: Breloom|Bullet Seed|p2a: Landorus-Therian
|-damage|p2a: Landorus-Therian|297\/380
|-damage|p2a: Landorus-Therian|255\/380
|-damage|p2a: Landorus-Therian|216\/380
|-damage|p2a: Landorus-Therian|174\/380
|-hitcount|p2a: Landorus-Therian|4
|
|-heal|p2a: Landorus-Therian|197\/380|[from] item: Leftovers
|turn|38
|
|switch|p2a: Sableye|Sableye-Mega, F|102\/304
|-damage|p2a: Sableye|64\/304|[from] Stealth Rock
|move|p1a: Breloom|Spore|p2a: Sableye
|move|p2a: Sableye|Spore|p1a: Breloom|[from]Magic Bounce
|-fail|p1a: Breloom
|
|turn|39
|
|move|p1a: Breloom|Bullet Seed|p2a: Sableye
|-damage|p2a: Sableye|31\/304
|-damage|p2a: Sableye|0 fnt
|-hitcount|p2a: Sableye|2
|faint|p2a: Sableye
|
|
|switch|p2a: Landorus-Therian|Landorus-Therian, M|197\/380
|-damage|p2a: Landorus-Therian|150\/380|[from] Stealth Rock
|-ability|p2a: Landorus-Therian|Intimidate|[of] p1a: Breloom
|-unboost|p1a: Breloom|atk|1
|turn|40
|
|move|p1a: Breloom|Spore|p2a: Landorus-Therian
|-status|p2a: Landorus-Therian|slp
|cant|p2a: Landorus-Therian|slp
|
|-heal|p2a: Landorus-Therian|173\/380 slp|[from] item: Leftovers
|turn|41
|
|switch|p1a: Magnezone|Magnezone|180\/286
|switch|p2a: Hydreigon|Hydreigon, F|325\/325
|-damage|p2a: Hydreigon|285\/325|[from] Stealth Rock
|
|turn|42
|
|move|p2a: Hydreigon|Fire Blast|p1a: Magnezone
|-supereffective|p1a: Magnezone
|-damage|p1a: Magnezone|0 fnt
|faint|p1a: Magnezone
|
|
|switch|p1a: Breloom|Breloom, F|261\/261
|turn|43
|
|switch|p2a: Landorus-Therian|Landorus-Therian, M|173\/380 slp
|-damage|p2a: Landorus-Therian|126\/380 slp|[from] Stealth Rock
|-ability|p2a: Landorus-Therian|Intimidate|[of] p1a: Breloom
|-unboost|p1a: Breloom|atk|1
|move|p1a: Breloom|Bullet Seed|p2a: Landorus-Therian
|-damage|p2a: Landorus-Therian|89\/380 slp
|-damage|p2a: Landorus-Therian|47\/380 slp
|-hitcount|p2a: Landorus-Therian|2
|
|-heal|p2a: Landorus-Therian|70\/380 slp|[from] item: Leftovers
|turn|44
|
|switch|p2a: Vaporeon|Vaporeon, M|451\/451
|-damage|p2a: Vaporeon|395\/451|[from] Stealth Rock
|move|p1a: Breloom|Mach Punch|p2a: Vaporeon
|-damage|p2a: Vaporeon|308\/451
|
|-heal|p2a: Vaporeon|336\/451|[from] item: Leftovers
|turn|45
|
|switch|p2a: Landorus-Therian|Landorus-Therian, M|70\/380 slp
|-damage|p2a: Landorus-Therian|23\/380 slp|[from] Stealth Rock
|-ability|p2a: Landorus-Therian|Intimidate|[of] p1a: Breloom
|-unboost|p1a: Breloom|atk|1
|move|p1a: Breloom|Bullet Seed|p2a: Landorus-Therian
|-damage|p2a: Landorus-Therian|0 fnt
|-hitcount|p2a: Landorus-Therian|1
|faint|p2a: Landorus-Therian
|
|
|switch|p2a: Hydreigon|Hydreigon, F|285\/325
|-damage|p2a: Hydreigon|245\/325|[from] Stealth Rock
|turn|46
|
|move|p2a: Hydreigon|Draco Meteor|p1a: Breloom
|-enditem|p1a: Breloom|Focus Sash
|-damage|p1a: Breloom|1\/261
|-unboost|p2a: Hydreigon|spa|2
|move|p1a: Breloom|Spore|p2a: Hydreigon
|-status|p2a: Hydreigon|slp
|
|turn|47
|
|switch|p2a: Vaporeon|Vaporeon, M|336\/451
|-damage|p2a: Vaporeon|280\/451|[from] Stealth Rock
|move|p1a: Breloom|Bullet Seed|p2a: Vaporeon
|-supereffective|p2a: Vaporeon
|-damage|p2a: Vaporeon|202\/451
|-supereffective|p2a: Vaporeon
|-damage|p2a: Vaporeon|124\/451
|-hitcount|p2a: Vaporeon|2
|
|-heal|p2a: Vaporeon|152\/451|[from] item: Leftovers
|turn|48
|
|move|p2a: Vaporeon|Protect|p2a: Vaporeon
|-singleturn|p2a: Vaporeon|Protect
|move|p1a: Breloom|Bullet Seed|p2a: Vaporeon
|-activate|p2a: Vaporeon|Protect
|
|-heal|p2a: Vaporeon|180\/451|[from] item: Leftovers
|turn|49
|
|move|p1a: Breloom|Bullet Seed|p2a: Vaporeon
|-supereffective|p2a: Vaporeon
|-damage|p2a: Vaporeon|100\/451
|-supereffective|p2a: Vaporeon
|-damage|p2a: Vaporeon|22\/451
|-supereffective|p2a: Vaporeon
|-damage|p2a: Vaporeon|0 fnt
|-hitcount|p2a: Vaporeon|3
|faint|p2a: Vaporeon
|
|
|switch|p2a: Hydreigon|Hydreigon, F|245\/325 slp
|-damage|p2a: Hydreigon|205\/325 slp|[from] Stealth Rock
|turn|50
|
|move|p1a: Breloom|Mach Punch|p2a: Hydreigon
|-supereffective|p2a: Hydreigon
|-damage|p2a: Hydreigon|85\/325 slp
|cant|p2a: Hydreigon|slp
|
|turn|51
|c|âadsrd|gg!!
|
|move|p1a: Breloom|Mach Punch|p2a: Hydreigon
|-supereffective|p2a: Hydreigon
|-damage|p2a: Hydreigon|0 fnt
|faint|p2a: Hydreigon
|
|win|adsrd
|raw|Ladder updating...
|raw|adsrd's rating: 1383 &rarr; <strong>1402<\/strong><br \/>(+19 for winning)
|raw|SuckerforMetal's rating: 1365 &rarr; <strong>1346<\/strong><br \/>(-19 for losing)
|c|âadsrd|that was a great game
|leave|SuckerforMetal
|player|p2