|join|SuckerforMetal
|join|Team Maqua
|player|p1|SuckerforMetal|2
|player|p2|Team Maqua|251
|gametype|singles
|gen|6
|tier|OU (suspect test)
|rated
|clearpoke
|poke|p1|Gengar, M
|poke|p1|Sceptile, F
|poke|p1|Magnezone
|poke|p1|Terrakion
|poke|p1|Landorus-Therian, M
|poke|p1|Rotom-Wash
|poke|p2|Altaria, M
|poke|p2|Rotom-Wash
|poke|p2|Landorus, M
|poke|p2|Conkeldurr, M
|poke|p2|Heatran, M
|poke|p2|Latios, M
|rule|Swagger Clause: Swagger is banned
|rule|Baton Pass Clause: Limit one PokÃ©mon knowing Baton Pass
|rule|Sleep Clause Mod: Limit one foe put to sleep
|rule|Species Clause: Limit one of each PokÃ©mon
|rule|OHKO Clause: OHKO moves are banned
|rule|Moody Clause: Moody is banned
|rule|Evasion Moves Clause: Evasion moves are banned
|rule|Endless Battle Clause: Forcing endless battles is banned
|rule|HP Percentage Mod: HP is shown in percentages
|teampreview
|
|start
|switch|p1a: Terrakion|Terrakion|323\/323
|switch|p2a: Rotom-Wash|Rotom-Wash|303\/303
|turn|1
|
|move|p1a: Terrakion|Swords Dance|p1a: Terrakion
|-boost|p1a: Terrakion|atk|2
|move|p2a: Rotom-Wash|Will-O-Wisp|p1a: Terrakion
|-status|p1a: Terrakion|brn
|
|-damage|p1a: Terrakion|283\/323 brn|[from] brn
|turn|2
|
|move|p1a: Terrakion|Swords Dance|p1a: Terrakion
|-boost|p1a: Terrakion|atk|2
|move|p2a: Rotom-Wash|Hydro Pump|p1a: Terrakion|[miss]
|-miss|p2a: Rotom-Wash|p1a: Terrakion
|
|-damage|p1a: Terrakion|243\/323 brn|[from] brn
|turn|3
|
|move|p1a: Terrakion|Close Combat|p2a: Rotom-Wash
|-damage|p2a: Rotom-Wash|69\/303
|-unboost|p1a: Terrakion|def|1
|-unboost|p1a: Terrakion|spd|1
|move|p2a: Rotom-Wash|Hydro Pump|p1a: Terrakion
|-supereffective|p1a: Terrakion
|-damage|p1a: Terrakion|0 fnt
|faint|p1a: Terrakion
|
|-heal|p2a: Rotom-Wash|87\/303|[from] item: Leftovers
|
|switch|p1a: Gengar|Gengar, M|261\/261
|turn|4
|
|switch|p2a: Conkeldurr|Conkeldurr, M|352\/352
|move|p1a: Gengar|Shadow Ball|p2a: Conkeldurr
|-damage|p2a: Conkeldurr|226\/352
|-damage|p1a: Gengar|235\/261|[from] item: Life Orb
|
|turn|5
|
|move|p1a: Gengar|Shadow Ball|p2a: Conkeldurr
|-crit|p2a: Conkeldurr
|-damage|p2a: Conkeldurr|62\/352
|-damage|p1a: Gengar|209\/261|[from] item: Life Orb
|move|p2a: Conkeldurr|Knock Off|p1a: Gengar
|-supereffective|p1a: Gengar
|-damage|p1a: Gengar|0 fnt
|-enditem|p1a: Gengar|Life Orb|[from] move: Knock Off|[of] p2a: Conkeldurr
|faint|p1a: Gengar
|
|
|switch|p1a: Sceptile|Sceptile, F|281\/281
|turn|6
|
|detailschange|p1a: Sceptile|Sceptile-Mega, F
|-mega|p1a: Sceptile|Sceptile|Sceptilite
|move|p2a: Conkeldurr|Mach Punch|p1a: Sceptile
|-damage|p1a: Sceptile|187\/281
|move|p1a: Sceptile|Dragon Pulse|p2a: Conkeldurr
|-damage|p2a: Conkeldurr|0 fnt
|faint|p2a: Conkeldurr
|
|
|switch|p2a: Heatran|Heatran, M|323\/323
|turn|7
|
|move|p1a: Sceptile|Earthquake|p2a: Heatran
|-supereffective|p2a: Heatran
|-damage|p2a: Heatran|0 fnt
|faint|p2a: Heatran
|
|
|switch|p2a: Landorus|Landorus, M|319\/319
|turn|8
|
|move|p1a: Sceptile|Giga Drain|p2a: Landorus
|-damage|p2a: Landorus|159\/319
|-heal|p1a: Sceptile|267\/281|[from] drain|[of] p2a: Landorus
|move|p2a: Landorus|Hidden Power|p1a: Sceptile
|-supereffective|p1a: Sceptile
|-damage|p1a: Sceptile|0 fnt
|-damage|p2a: Landorus|128\/319|[from] item: Life Orb
|faint|p1a: Sceptile
|
|
|switch|p1a: Rotom-Wash|Rotom-Wash|250\/250
|turn|9
|
|switch|p2a: Rotom-Wash|Rotom-Wash|87\/303
|move|p1a: Rotom-Wash|Trick|p2a: Rotom-Wash
|-activate|p1a: Rotom-Wash|move: Trick|[of] p2a: Rotom-Wash
|-item|p2a: Rotom-Wash|Choice Scarf|[from] move: Trick
|-item|p1a: Rotom-Wash|Leftovers|[from] move: Trick
|
|turn|10
|
|move|p2a: Rotom-Wash|Pain Split|p1a: Rotom-Wash
|-sethp|p1a: Rotom-Wash|168\/250|p2a: Rotom-Wash|168\/303|[from] move: Pain Split
|move|p1a: Rotom-Wash|Thunderbolt|p2a: Rotom-Wash
|-damage|p2a: Rotom-Wash|33\/303
|
|-heal|p1a: Rotom-Wash|183\/250|[from] item: Leftovers
|turn|11
|
|move|p2a: Rotom-Wash|Pain Split|p1a: Rotom-Wash
|-sethp|p1a: Rotom-Wash|108\/250|p2a: Rotom-Wash|108\/303|[from] move: Pain Split
|move|p1a: Rotom-Wash|Thunderbolt|p2a: Rotom-Wash
|-damage|p2a: Rotom-Wash|0 fnt
|faint|p2a: Rotom-Wash
|
|-heal|p1a: Rotom-Wash|123\/250|[from] item: Leftovers
|
|switch|p2a: Altaria|Altaria, M|311\/311
|turn|12
|
|detailschange|p2a: Altaria|Altaria-Mega, M
|-mega|p2a: Altaria|Altaria|Altarianite
|move|p1a: Rotom-Wash|Volt Switch|p2a: Altaria
|-crit|p2a: Altaria
|-resisted|p2a: Altaria
|-damage|p2a: Altaria|239\/311
|
|switch|p1a: Landorus-Therian|Landorus-Therian, M|380\/380
|-ability|p1a: Landorus-Therian|Intimidate|[of] p2a: Altaria
|-unboost|p2a: Altaria|atk|1
|move|p2a: Altaria|Hyper Voice|p1a: Landorus-Therian
|-damage|p1a: Landorus-Therian|169\/380
|
|-heal|p1a: Landorus-Therian|192\/380|[from] item: Leftovers
|turn|13
|
|switch|p2a: Landorus|Landorus, M|128\/319
|move|p1a: Landorus-Therian|Stone Edge|p2a: Landorus
|-damage|p2a: Landorus|0 fnt
|faint|p2a: Landorus
|
|-heal|p1a: Landorus-Therian|215\/380|[from] item: Leftovers
|
|switch|p2a: Latios|Latios, M|302\/302
|turn|14
|
|switch|p2a: Altaria|Altaria-Mega, M|239\/311
|switch|p1a: Magnezone|Magnezone|281\/281
|
|turn|15
|
|move|p2a: Altaria|Earthquake|p1a: Magnezone
|-supereffective|p1a: Magnezone
|-damage|p1a: Magnezone|0 fnt
|faint|p1a: Magnezone
|
|
|switch|p1a: Landorus-Therian|Landorus-Therian, M|215\/380
|-ability|p1a: Landorus-Therian|Intimidate|[of] p2a: Altaria
|-unboost|p2a: Altaria|atk|1
|turn|16
|
|move|p2a: Altaria|Hyper Voice|p1a: Landorus-Therian
|-damage|p1a: Landorus-Therian|0 fnt
|faint|p1a: Landorus-Therian
|
|
|switch|p1a: Rotom-Wash|Rotom-Wash|123\/250
|turn|17
|
|move|p1a: Rotom-Wash|Thunderbolt|p2a: Altaria
|-resisted|p2a: Altaria
|-damage|p2a: Altaria|172\/311
|move|p2a: Altaria|Hyper Voice|p1a: Rotom-Wash
|-damage|p1a: Rotom-Wash|0 fnt
|faint|p1a: Rotom-Wash
|
|win|Team Maqua
|raw|Ladder updating...
|raw|SuckerforMetal's rating: 1206 &rarr; <strong>1179<\/strong><br \/>(-27 for losing)
|raw|Team Maqua's rating: 1178 &rarr; <strong>1205<\/strong><br \/>(+27 for winning)
|c|âTeam Maqua|gg
|leave|SuckerforMetal
|player|p1