|join|robofiend
|join|SuckerforMetal
|player|p1|robofiend|51
|player|p2|SuckerforMetal|102
|gametype|singles
|gen|6
|tier|OU (suspect test)
|rated
|clearpoke
|poke|p1|Altaria, F
|poke|p1|Ferrothorn, M
|poke|p1|Gothitelle, F
|poke|p1|Hippowdon, M
|poke|p1|Vaporeon, M
|poke|p1|Excadrill, M
|poke|p2|Gengar, F, shiny
|poke|p2|Hydreigon, F
|poke|p2|Scizor, F
|poke|p2|Sableye, M
|poke|p2|Landorus-Therian, M
|poke|p2|Vaporeon, F
|rule|Swagger Clause: Swagger is banned
|rule|Baton Pass Clause: Limit one PokÃ©mon knowing Baton Pass
|rule|Sleep Clause Mod: Limit one foe put to sleep
|rule|Species Clause: Limit one of each PokÃ©mon
|rule|OHKO Clause: OHKO moves are banned
|rule|Moody Clause: Moody is banned
|rule|Evasion Moves Clause: Evasion moves are banned
|rule|Endless Battle Clause: Forcing endless battles is banned
|rule|HP Percentage Mod: HP is shown in percentages
|teampreview
|
|start
|switch|p1a: Hippowdon|Hippowdon, M|420\/420
|switch|p2a: Gengar|Gengar, F, shiny|261\/261
|-weather|Sandstorm
|turn|1
|
|switch|p2a: Vaporeon|Vaporeon, F|451\/451
|switch|p1a: Excadrill|Excadrill, M|361\/361
|
|-weather|Sandstorm|[upkeep]
|-damage|p2a: Vaporeon|423\/451|[from] sandstorm
|-heal|p2a: Vaporeon|451\/451|[from] item: Leftovers
|turn|2
|
|switch|p1a: Ferrothorn|Ferrothorn, M|351\/351
|move|p2a: Vaporeon|Scald|p1a: Ferrothorn
|-resisted|p1a: Ferrothorn
|-damage|p1a: Ferrothorn|313\/351
|
|-weather|Sandstorm|[upkeep]
|-damage|p2a: Vaporeon|423\/451|[from] sandstorm
|-heal|p2a: Vaporeon|451\/451|[from] item: Leftovers
|-heal|p1a: Ferrothorn|334\/351|[from] item: Leftovers
|turn|3
|
|switch|p2a: Hydreigon|Hydreigon, F|325\/325
|move|p1a: Ferrothorn|Stealth Rock|p2a: Hydreigon
|-sidestart|p2: SuckerforMetal|move: Stealth Rock
|
|-weather|Sandstorm|[upkeep]
|-damage|p2a: Hydreigon|305\/325|[from] sandstorm
|-heal|p1a: Ferrothorn|351\/351|[from] item: Leftovers
|turn|4
|
|switch|p1a: Vaporeon|Vaporeon, M|464\/464
|move|p2a: Hydreigon|U-turn|p1a: Vaporeon
|-damage|p1a: Vaporeon|414\/464
|
|switch|p2a: Scizor|Scizor, F|340\/340
|-damage|p2a: Scizor|298\/340|[from] Stealth Rock
|
|-weather|Sandstorm|[upkeep]
|-damage|p1a: Vaporeon|385\/464|[from] sandstorm
|-heal|p1a: Vaporeon|414\/464|[from] item: Leftovers
|turn|5
|
|move|p1a: Vaporeon|Protect|p1a: Vaporeon
|-singleturn|p1a: Vaporeon|Protect
|move|p2a: Scizor|U-turn|p1a: Vaporeon
|-activate|p1a: Vaporeon|Protect
|
|-weather|none
|-heal|p1a: Vaporeon|443\/464|[from] item: Leftovers
|turn|6
|
|switch|p1a: Ferrothorn|Ferrothorn, M|351\/351
|move|p2a: Scizor|U-turn|p1a: Ferrothorn
|-damage|p1a: Ferrothorn|225\/351
|-damage|p2a: Scizor|256\/340|[from] ability: Iron Barbs|[of] p1a: Ferrothorn
|
|switch|p2a: Sableye|Sableye, M|304\/304
|-damage|p2a: Sableye|266\/304|[from] Stealth Rock
|
|-heal|p1a: Ferrothorn|246\/351|[from] item: Leftovers
|turn|7
|
|switch|p1a: Hippowdon|Hippowdon, M|420\/420
|-weather|Sandstorm
|detailschange|p2a: Sableye|Sableye-Mega, M
|-mega|p2a: Sableye|Sableye|Sablenite
|move|p2a: Sableye|Will-O-Wisp|p1a: Hippowdon
|-status|p1a: Hippowdon|brn
|
|-weather|Sandstorm|[upkeep]
|-damage|p2a: Sableye|247\/304|[from] sandstorm
|-damage|p1a: Hippowdon|368\/420 brn|[from] brn
|turn|8
|
|switch|p1a: Altaria|Altaria, F|334\/334
|-ability|p1a: Altaria|Cloud Nine
|move|p2a: Sableye|Dark Pulse|p1a: Altaria
|-damage|p1a: Altaria|250\/334
|
|-weather|Sandstorm|[upkeep]
|turn|9
|
|switch|p2a: Gengar|Gengar, F, shiny|261\/261
|-damage|p2a: Gengar|229\/261|[from] Stealth Rock
|detailschange|p1a: Altaria|Altaria-Mega, F
|-mega|p1a: Altaria|Altaria|Altarianite
|move|p1a: Altaria|Substitute|p1a: Altaria
|-start|p1a: Altaria|Substitute
|-damage|p1a: Altaria|167\/334
|
|-weather|Sandstorm|[upkeep]
|-damage|p2a: Gengar|213\/261|[from] sandstorm
|-damage|p1a: Altaria|147\/334|[from] sandstorm
|turn|10
|
|move|p2a: Gengar|Shadow Ball|p1a: Altaria
|-end|p1a: Altaria|Substitute
|-damage|p2a: Gengar|187\/261|[from] item: Life Orb
|move|p1a: Altaria|Dragon Dance|p1a: Altaria
|-boost|p1a: Altaria|atk|1
|-boost|p1a: Altaria|spe|1
|
|-weather|Sandstorm|[upkeep]
|-damage|p1a: Altaria|127\/334|[from] sandstorm
|-damage|p2a: Gengar|171\/261|[from] sandstorm
|turn|11
|
|switch|p2a: Landorus-Therian|Landorus-Therian, M|380\/380
|-damage|p2a: Landorus-Therian|333\/380|[from] Stealth Rock
|-ability|p2a: Landorus-Therian|Intimidate|[of] p1a: Altaria
|-unboost|p1a: Altaria|atk|1
|move|p1a: Altaria|Return|p2a: Landorus-Therian
|-damage|p2a: Landorus-Therian|156\/380
|
|-weather|none
|-heal|p2a: Landorus-Therian|179\/380|[from] item: Leftovers
|turn|12
|
|move|p1a: Altaria|Return|p2a: Landorus-Therian
|-crit|p2a: Landorus-Therian
|-damage|p2a: Landorus-Therian|0 fnt
|faint|p2a: Landorus-Therian
|
|
|switch|p2a: Scizor|Scizor, F|256\/340
|-damage|p2a: Scizor|214\/340|[from] Stealth Rock
|turn|13
|
|switch|p1a: Ferrothorn|Ferrothorn, M|246\/351
|move|p2a: Scizor|U-turn|p1a: Ferrothorn
|-damage|p1a: Ferrothorn|111\/351
|-damage|p2a: Scizor|172\/340|[from] ability: Iron Barbs|[of] p1a: Ferrothorn
|
|switch|p2a: Gengar|Gengar, F, shiny|171\/261
|-damage|p2a: Gengar|139\/261|[from] Stealth Rock
|
|-heal|p1a: Ferrothorn|132\/351|[from] item: Leftovers
|turn|14
|
|move|p2a: Gengar|Shadow Ball|p1a: Ferrothorn
|-damage|p1a: Ferrothorn|0 fnt
|-damage|p2a: Gengar|113\/261|[from] item: Life Orb
|faint|p1a: Ferrothorn
|
|
|switch|p1a: Hippowdon|Hippowdon, M|368\/420 brn
|-weather|Sandstorm
|turn|15
|
|move|p2a: Gengar|Substitute|p2a: Gengar
|-start|p2a: Gengar|Substitute
|-damage|p2a: Gengar|48\/261
|move|p1a: Hippowdon|Slack Off|p1a: Hippowdon
|-heal|p1a: Hippowdon|420\/420 brn
|
|-weather|Sandstorm|[upkeep]
|-damage|p2a: Gengar|32\/261|[from] sandstorm
|-damage|p1a: Hippowdon|368\/420 brn|[from] brn
|turn|16
|
|move|p2a: Gengar|Pain Split|p1a: Hippowdon
|-sethp|p1a: Hippowdon|200\/420 brn|p2a: Gengar|200\/261|[from] move: Pain Split
|move|p1a: Hippowdon|Slack Off|p1a: Hippowdon
|-heal|p1a: Hippowdon|410\/420 brn
|
|-weather|Sandstorm|[upkeep]
|-damage|p2a: Gengar|184\/261|[from] sandstorm
|-heal|p1a: Hippowdon|420\/420 brn|[from] item: Leftovers
|-damage|p1a: Hippowdon|368\/420 brn|[from] brn
|turn|17
|
|switch|p1a: Excadrill|Excadrill, M|361\/361
|move|p2a: Gengar|Shadow Ball|p1a: Excadrill
|-damage|p1a: Excadrill|87\/361
|-damage|p2a: Gengar|158\/261|[from] item: Life Orb
|
|-weather|Sandstorm|[upkeep]
|-damage|p2a: Gengar|142\/261|[from] sandstorm
|turn|18
|c|ârobofiend|the fuck are you running life orb + pain split for
|
|switch|p1a: Vaporeon|Vaporeon, M|443\/464
|move|p2a: Gengar|Shadow Ball|p1a: Vaporeon
|-damage|p1a: Vaporeon|240\/464
|-damage|p2a: Gengar|116\/261|[from] item: Life Orb
|
|-weather|Sandstorm|[upkeep]
|-damage|p2a: Gengar|100\/261|[from] sandstorm
|-damage|p1a: Vaporeon|211\/464|[from] sandstorm
|-heal|p1a: Vaporeon|240\/464|[from] item: Leftovers
|turn|19
|c|âSuckerforMetal|lol my favorite set since dp
|
|move|p2a: Gengar|Pain Split|p1a: Vaporeon
|-sethp|p1a: Vaporeon|170\/464|p2a: Gengar|170\/261|[from] move: Pain Split
|move|p1a: Vaporeon|Scald|p2a: Gengar
|-end|p2a: Gengar|Substitute
|
|-weather|none
|-heal|p1a: Vaporeon|199\/464|[from] item: Leftovers
|turn|20
|
|move|p1a: Vaporeon|Protect|p1a: Vaporeon
|-singleturn|p1a: Vaporeon|Protect
|move|p2a: Gengar|Substitute|p2a: Gengar
|-start|p2a: Gengar|Substitute
|-damage|p2a: Gengar|105\/261
|
|-heal|p1a: Vaporeon|228\/464|[from] item: Leftovers
|turn|21
|
|move|p2a: Gengar|Shadow Ball|p1a: Vaporeon
|-damage|p1a: Vaporeon|43\/464
|-damage|p2a: Gengar|79\/261|[from] item: Life Orb
|move|p1a: Vaporeon|Scald|p2a: Gengar
|-end|p2a: Gengar|Substitute
|
|-heal|p1a: Vaporeon|72\/464|[from] item: Leftovers
|turn|22
|
|move|p2a: Gengar|Shadow Ball|p1a: Vaporeon
|-damage|p1a: Vaporeon|0 fnt
|-damage|p2a: Gengar|53\/261|[from] item: Life Orb
|faint|p1a: Vaporeon
|
|
|switch|p1a: Hippowdon|Hippowdon, M|368\/420 brn
|-weather|Sandstorm
|turn|23
|
|switch|p1a: Excadrill|Excadrill, M|87\/361
|move|p2a: Gengar|Shadow Ball|p1a: Excadrill
|-damage|p1a: Excadrill|0 fnt
|-damage|p2a: Gengar|27\/261|[from] item: Life Orb
|faint|p1a: Excadrill
|
|-weather|Sandstorm|[upkeep]
|-damage|p2a: Gengar|11\/261|[from] sandstorm
|
|switch|p1a: Altaria|Altaria-Mega, F|127\/334
|turn|24
|
|move|p2a: Gengar|Sludge Wave|p1a: Altaria
|-supereffective|p1a: Altaria
|-damage|p1a: Altaria|0 fnt
|-damage|p2a: Gengar|0 fnt|[from] item: Life Orb
|faint|p1a: Altaria
|faint|p2a: Gengar
|
|-weather|Sandstorm|[upkeep]
|
|switch|p2a: Vaporeon|Vaporeon, F|451\/451
|switch|p1a: Gothitelle|Gothitelle, F|343\/343
|-damage|p2a: Vaporeon|395\/451|[from] Stealth Rock
|turn|25
|
|move|p2a: Vaporeon|Scald|p1a: Gothitelle
|-damage|p1a: Gothitelle|256\/343
|move|p1a: Gothitelle|Thunderbolt|p2a: Vaporeon
|-supereffective|p2a: Vaporeon
|-damage|p2a: Vaporeon|147\/451
|-status|p2a: Vaporeon|par
|
|-weather|Sandstorm|[upkeep]
|-damage|p1a: Gothitelle|235\/343|[from] sandstorm
|-damage|p2a: Vaporeon|119\/451 par|[from] sandstorm
|-heal|p2a: Vaporeon|147\/451 par|[from] item: Leftovers
|turn|26
|
|move|p1a: Gothitelle|Thunderbolt|p2a: Vaporeon
|-supereffective|p2a: Vaporeon
|-damage|p2a: Vaporeon|0 fnt
|faint|p2a: Vaporeon
|
|-weather|Sandstorm|[upkeep]
|-damage|p1a: Gothitelle|214\/343|[from] sandstorm
|
|switch|p2a: Hydreigon|Hydreigon, F|305\/325
|-damage|p2a: Hydreigon|265\/325|[from] Stealth Rock
|turn|27
|
|switch|p1a: Hippowdon|Hippowdon, M|368\/420 brn
|move|p2a: Hydreigon|Dark Pulse|p1a: Hippowdon
|-damage|p1a: Hippowdon|212\/420 brn
|
|-weather|none
|-heal|p1a: Hippowdon|238\/420 brn|[from] item: Leftovers
|-damage|p1a: Hippowdon|186\/420 brn|[from] brn
|turn|28
|
|move|p2a: Hydreigon|Dark Pulse|p1a: Hippowdon
|-damage|p1a: Hippowdon|24\/420 brn
|move|p1a: Hippowdon|Slack Off|p1a: Hippowdon
|-heal|p1a: Hippowdon|234\/420 brn
|
|-heal|p1a: Hippowdon|260\/420 brn|[from] item: Leftovers
|-damage|p1a: Hippowdon|208\/420 brn|[from] brn
|turn|29
|c|âSuckerforMetal|gg
|c|ârobofiend|gg
|
|move|p2a: Hydreigon|Dark Pulse|p1a: Hippowdon
|-damage|p1a: Hippowdon|58\/420 brn
|move|p1a: Hippowdon|Ice Fang|p2a: Hydreigon
|-supereffective|p2a: Hydreigon
|-damage|p2a: Hydreigon|207\/325
|
|-heal|p1a: Hippowdon|84\/420 brn|[from] item: Leftovers
|-damage|p1a: Hippowdon|32\/420 brn|[from] brn
|turn|30
|-message|robofiend forfeited.
|leave|robofiend
|
|win|SuckerforMetal
|raw|Ladder updating...
|player|p1
|raw|robofiend's rating: 1193 &rarr; <strong>1173<\/strong><br \/>(-20 for losing)
|raw|SuckerforMetal's rating: 1254 &rarr; <strong>1274<\/strong><br \/>(+20 for winning)