|join|Slurpuff the Tasty
|join|SuckerforMetal
|player|p1|Slurpuff the Tasty|165
|player|p2|SuckerforMetal|266
|gametype|singles
|tier|Pokebank OU (beta)
|rated
|clearpoke
|poke|p1|Slurpuff, F
|poke|p1|Sylveon, M
|poke|p1|Togekiss, F
|poke|p1|Klefki, F
|poke|p1|Gardevoir, F
|poke|p1|Azumarill, F
|poke|p2|Gengar, M
|poke|p2|Scizor, M
|poke|p2|Jirachi
|poke|p2|Rotom-Wash
|poke|p2|Hydreigon, M
|poke|p2|Aegislash, M
|rule|Sleep Clause Mod: Limit one foe put to sleep
|rule|Species Clause: Limit one of each Pokemon
|rule|Moody Clause: Moody is banned
|rule|OHKO Clause: OHKO moves are banned
|rule|Evasion Moves Clause: Evasion moves are banned
|rule|HP Percentage Mod: HP is reported as percentages
|teampreview
|callback|decision
|
|start
|switch|p1a: Sylveon|Sylveon, M|394\/394
|switch|p2a: Rotom-Wash|Rotom-Wash|241\/241
|turn|1
|callback|decision
|
|move|p2a: Rotom-Wash|Trick|p1a: Sylveon
|-activate|p2a: Rotom-Wash|move: Trick|[of] p1a: Sylveon
|-item|p1a: Sylveon|Choice Scarf|[from] move: Trick
|-item|p2a: Rotom-Wash|Leftovers|[from] move: Trick
|move|p1a: Sylveon|Toxic|p2a: Rotom-Wash
|-status|p2a: Rotom-Wash|tox
|
|-damage|p2a: Rotom-Wash|226\/241 tox|[from] psn
|turn|2
|callback|decision
|
|switch|p1a: Gardevoir|Gardevoir, F|340\/340
|move|p2a: Rotom-Wash|Volt Switch|p1a: Gardevoir
|-damage|p1a: Gardevoir|243\/340
|callback|decision
|
|switch|p2a: Aegislash|Aegislash, M|324\/324
|
|turn|3
|callback|decision
|
|-formechange|p1a: Gardevoir|Gardevoir-Mega
|message|Gardevoir has Mega Evolved into Mega Gardevoir!
|move|p1a: Gardevoir|Shadow Ball|p2a: Aegislash
|-supereffective|p2a: Aegislash
|-damage|p2a: Aegislash|156\/324
|move|p2a: Aegislash|Swords Dance|p2a: Aegislash
|-boost|p2a: Aegislash|atk|2
|
|-heal|p2a: Aegislash|176\/324|[from] item: Leftovers
|turn|4
|callback|decision
|
|-formechange|p2a: Aegislash|Aegislash-Blade
|move|p2a: Aegislash|Shadow Sneak|p1a: Gardevoir
|-crit|p1a: Gardevoir
|-supereffective|p1a: Gardevoir
|-damage|p1a: Gardevoir|0 fnt
|faint|p1a: Gardevoir
|
|-heal|p2a: Aegislash|196\/324|[from] item: Leftovers
|callback|decision
|
|switch|p1a: Azumarill|Azumarill, F|404\/404
|turn|5
|callback|decision
|
|-formechange|p2a: Aegislash|Aegislash
|move|p2a: Aegislash|King's Shield|p2a: Aegislash
|-singleturn|p2a: Aegislash|Protect
|move|p1a: Azumarill|Waterfall|p2a: Aegislash
|-activate|p2a: Aegislash|Protect
|-unboost|p1a: Azumarill|atk|2
|
|-heal|p2a: Aegislash|216\/324|[from] item: Leftovers
|turn|6
|callback|decision
|
|-formechange|p2a: Aegislash|Aegislash-Blade
|move|p2a: Aegislash|Iron Head|p1a: Azumarill
|-damage|p1a: Azumarill|0 fnt
|faint|p1a: Azumarill
|
|-heal|p2a: Aegislash|236\/324|[from] item: Leftovers
|callback|decision
|
|switch|p1a: Sylveon|Sylveon, M|394\/394
|turn|7
|callback|decision
|
|move|p1a: Sylveon|Reflect|p1a: Sylveon
|-sidestart|p1: Slurpuff the Tasty|Reflect
|move|p2a: Aegislash|Iron Head|p1a: Sylveon
|-supereffective|p1a: Sylveon
|-damage|p1a: Sylveon|0 fnt
|faint|p1a: Sylveon
|
|-heal|p2a: Aegislash|256\/324|[from] item: Leftovers
|callback|decision
|
|switch|p1a: Togekiss|Togekiss, F|374\/374
|turn|8
|callback|decision
|
|-formechange|p2a: Aegislash|Aegislash
|move|p2a: Aegislash|King's Shield|p2a: Aegislash
|-singleturn|p2a: Aegislash|Protect
|move|p1a: Togekiss|Thunder Wave|p2a: Aegislash
|-status|p2a: Aegislash|par
|
|-heal|p2a: Aegislash|276\/324 par|[from] item: Leftovers
|turn|9
|callback|decision
|
|move|p1a: Togekiss|Air Slash|p2a: Aegislash
|-resisted|p2a: Aegislash
|-damage|p2a: Aegislash|240\/324 par
|cant|p2a: Aegislash|flinch
|
|-heal|p2a: Aegislash|260\/324 par|[from] item: Leftovers
|turn|10
|callback|decision
|
|move|p1a: Togekiss|Air Slash|p2a: Aegislash
|-resisted|p2a: Aegislash
|-damage|p2a: Aegislash|226\/324 par
|cant|p2a: Aegislash|flinch
|
|-heal|p2a: Aegislash|246\/324 par|[from] item: Leftovers
|turn|11
|callback|decision
|
|move|p1a: Togekiss|Air Slash|p2a: Aegislash
|-resisted|p2a: Aegislash
|-damage|p2a: Aegislash|207\/324 par
|cant|p2a: Aegislash|flinch
|
|-heal|p2a: Aegislash|227\/324 par|[from] item: Leftovers
|-sideend|p1: Slurpuff the Tasty|Reflect
|turn|12
|callback|decision
|
|-formechange|p2a: Aegislash|Aegislash-Blade
|cant|p2a: Aegislash|par
|move|p1a: Togekiss|Air Slash|p2a: Aegislash
|-resisted|p2a: Aegislash
|-damage|p2a: Aegislash|131\/324 par
|
|-heal|p2a: Aegislash|151\/324 par|[from] item: Leftovers
|turn|13
|callback|decision
|
|-formechange|p2a: Aegislash|Aegislash
|move|p2a: Aegislash|King's Shield|p2a: Aegislash
|-singleturn|p2a: Aegislash|Protect
|move|p1a: Togekiss|Air Slash|p2a: Aegislash
|-activate|p2a: Aegislash|Protect
|
|-heal|p2a: Aegislash|171\/324 par|[from] item: Leftovers
|turn|14
|callback|decision
|
|move|p1a: Togekiss|Air Slash|p2a: Aegislash
|-resisted|p2a: Aegislash
|-damage|p2a: Aegislash|137\/324 par
|-formechange|p2a: Aegislash|Aegislash-Blade
|cant|p2a: Aegislash|par
|
|-heal|p2a: Aegislash|157\/324 par|[from] item: Leftovers
|turn|15
|callback|decision
|
|-formechange|p2a: Aegislash|Aegislash
|move|p2a: Aegislash|King's Shield|p2a: Aegislash
|-singleturn|p2a: Aegislash|Protect
|move|p1a: Togekiss|Air Slash|p2a: Aegislash
|-activate|p2a: Aegislash|Protect
|
|-heal|p2a: Aegislash|177\/324 par|[from] item: Leftovers
|turn|16
|callback|decision
|
|-formechange|p2a: Aegislash|Aegislash-Blade
|cant|p2a: Aegislash|par
|move|p1a: Togekiss|Air Slash|p2a: Aegislash
|-crit|p2a: Aegislash
|-resisted|p2a: Aegislash
|-damage|p2a: Aegislash|51\/324 par
|
|-heal|p2a: Aegislash|71\/324 par|[from] item: Leftovers
|turn|17
|callback|decision
|
|-formechange|p2a: Aegislash|Aegislash
|move|p2a: Aegislash|King's Shield|p2a: Aegislash
|-singleturn|p2a: Aegislash|Protect
|move|p1a: Togekiss|Air Slash|p2a: Aegislash
|-activate|p2a: Aegislash|Protect
|
|-heal|p2a: Aegislash|91\/324 par|[from] item: Leftovers
|turn|18
|callback|decision
|
|move|p1a: Togekiss|Air Slash|p2a: Aegislash
|-resisted|p2a: Aegislash
|-damage|p2a: Aegislash|55\/324 par
|-formechange|p2a: Aegislash|Aegislash-Blade
|move|p2a: Aegislash|Iron Head|p1a: Togekiss
|-supereffective|p1a: Togekiss
|-damage|p1a: Togekiss|0 fnt
|faint|p1a: Togekiss
|
|-heal|p2a: Aegislash|75\/324 par|[from] item: Leftovers
|callback|decision
|
|switch|p1a: Slurpuff|Slurpuff, F|368\/368
|turn|19
|callback|decision
|
|-formechange|p2a: Aegislash|Aegislash
|move|p2a: Aegislash|King's Shield|p2a: Aegislash
|-singleturn|p2a: Aegislash|Protect
|move|p1a: Slurpuff|Dazzling Gleam|p2a: Aegislash
|-activate|p2a: Aegislash|Protect
|
|-heal|p2a: Aegislash|95\/324 par|[from] item: Leftovers
|turn|20
|callback|decision
|
|move|p1a: Slurpuff|Dazzling Gleam|p2a: Aegislash
|-resisted|p2a: Aegislash
|-damage|p2a: Aegislash|65\/324 par
|-formechange|p2a: Aegislash|Aegislash-Blade
|move|p2a: Aegislash|Iron Head|p1a: Slurpuff
|-supereffective|p1a: Slurpuff
|-damage|p1a: Slurpuff|0 fnt
|faint|p1a: Slurpuff
|
|-heal|p2a: Aegislash|85\/324 par|[from] item: Leftovers
|callback|decision
|
|switch|p1a: Klefki|Klefki, F|319\/319
|turn|21
|callback|decision
|
|move|p2a: Aegislash|Shadow Sneak|p1a: Klefki
|-damage|p1a: Klefki|190\/319
|move|p1a: Klefki|Dazzling Gleam|p2a: Aegislash
|-resisted|p2a: Aegislash
|-damage|p2a: Aegislash|20\/324 par
|
|-heal|p1a: Klefki|209\/319|[from] item: Leftovers
|-heal|p2a: Aegislash|40\/324 par|[from] item: Leftovers
|turn|22
|callback|decision
|
|-formechange|p2a: Aegislash|Aegislash
|move|p2a: Aegislash|King's Shield|p2a: Aegislash
|-singleturn|p2a: Aegislash|Protect
|move|p1a: Klefki|Dazzling Gleam|p2a: Aegislash
|-activate|p2a: Aegislash|Protect
|
|-heal|p1a: Klefki|228\/319|[from] item: Leftovers
|-heal|p2a: Aegislash|60\/324 par|[from] item: Leftovers
|turn|23
|callback|decision
|
|move|p1a: Klefki|Dazzling Gleam|p2a: Aegislash
|-resisted|p2a: Aegislash
|-damage|p2a: Aegislash|32\/324 par
|-formechange|p2a: Aegislash|Aegislash-Blade
|move|p2a: Aegislash|Iron Head|p1a: Klefki
|-damage|p1a: Klefki|0 fnt
|faint|p1a: Klefki
|
|win|SuckerforMetal
|raw|Ladder updating...
|raw|Slurpuff the Tasty's rating: 1229 &rarr; <strong>1217<\/strong><br \/>(-12 for losing)
|raw|SuckerforMetal's rating: 1545 &rarr; <strong>1586<\/strong><br \/>(+41 for winning)
|chat|Slurpuff the Tasty|gg
|leave|Slurpuff the Tasty
|player|p1