|join|OTRTVC
|join|Darkzz
|player|p1|OTRTVC|290
|player|p2|Darkzz|267
|gametype|singles
|gen|6
|tier|OU
|rated
|clearpoke
|poke|p1|Landorus, M, shiny
|poke|p1|Bisharp, F, shiny
|poke|p1|Greninja, M, shiny
|poke|p1|Gengar, M, shiny
|poke|p1|Azelf, shiny
|poke|p1|Lopunny, M, shiny
|poke|p2|Abomasnow, F
|poke|p2|Greninja, F
|poke|p2|Heatran, F
|poke|p2|Conkeldurr, M
|poke|p2|Zapdos
|poke|p2|Ferrothorn, M
|rule|Swagger Clause: Swagger is banned
|rule|Baton Pass Clause: Limit one PokÃ©mon knowing Baton Pass
|rule|Sleep Clause Mod: Limit one foe put to sleep
|rule|Species Clause: Limit one of each PokÃ©mon
|rule|OHKO Clause: OHKO moves are banned
|rule|Moody Clause: Moody is banned
|rule|Evasion Moves Clause: Evasion moves are banned
|rule|Endless Battle Clause: Forcing endless battles is banned
|rule|HP Percentage Mod: HP is shown in percentages
|teampreview
|
|start
|switch|p1a: Azelf|Azelf, shiny|291\/291
|switch|p2a: Conkeldurr|Conkeldurr, M|356\/356
|turn|1
|
|move|p1a: Azelf|Stealth Rock|p2a: Conkeldurr
|-sidestart|p2: Darkzz|move: Stealth Rock
|move|p2a: Conkeldurr|Knock Off|p1a: Azelf
|-supereffective|p1a: Azelf
|-enditem|p1a: Azelf|Focus Sash
|-damage|p1a: Azelf|1\/291
|
|turn|2
|
|switch|p1a: Gengar|Gengar, M, shiny|261\/261
|move|p2a: Conkeldurr|Mach Punch|p1a: Gengar
|-immune|p1a: Gengar|[msg]
|
|turn|3
|
|move|p1a: Gengar|Sludge Wave|p2a: Conkeldurr
|-damage|p2a: Conkeldurr|192\/356
|-damage|p1a: Gengar|235\/261|[from] item: Life Orb
|move|p2a: Conkeldurr|Knock Off|p1a: Gengar
|-supereffective|p1a: Gengar
|-damage|p1a: Gengar|0 fnt
|-enditem|p1a: Gengar|Life Orb|[from] move: Knock Off|[of] p2a: Conkeldurr
|faint|p1a: Gengar
|
|
|switch|p1a: Lopunny|Lopunny, M, shiny|271\/271
|turn|4
|
|switch|p2a: Ferrothorn|Ferrothorn, M|352\/352
|-damage|p2a: Ferrothorn|330\/352|[from] Stealth Rock
|detailschange|p1a: Lopunny|Lopunny-Mega, M, shiny
|message|Lopunny has Mega Evolved into Mega Lopunny!
|move|p1a: Lopunny|Fake Out|p2a: Ferrothorn
|-resisted|p2a: Ferrothorn
|-damage|p2a: Ferrothorn|305\/352
|-damage|p1a: Lopunny|238\/271|[from] ability: Iron Barbs|[of] p2a: Ferrothorn
|
|-heal|p2a: Ferrothorn|327\/352|[from] item: Leftovers
|turn|5
|
|move|p2a: Ferrothorn|Protect|p2a: Ferrothorn
|-singleturn|p2a: Ferrothorn|Protect
|move|p1a: Lopunny|High Jump Kick|p2a: Ferrothorn
|-activate|p2a: Ferrothorn|Protect
|-damage|p1a: Lopunny|103\/271|[from] highjumpkick
|
|-heal|p2a: Ferrothorn|349\/352|[from] item: Leftovers
|turn|6
|
|switch|p2a: Zapdos|Zapdos|383\/383
|-damage|p2a: Zapdos|288\/383|[from] Stealth Rock
|-ability|p2a: Zapdos|Pressure
|move|p1a: Lopunny|High Jump Kick|p2a: Zapdos
|-resisted|p2a: Zapdos
|-damage|p2a: Zapdos|192\/383
|
|-heal|p2a: Zapdos|215\/383|[from] item: Leftovers
|turn|7
|
|move|p1a: Lopunny|Frustration|p2a: Zapdos
|-damage|p2a: Zapdos|38\/383
|move|p2a: Zapdos|Defog|p1a: Lopunny
|-unboost|p1a: Lopunny|evasion|1
|-sideend|p2: Darkzz|Stealth Rock|[from] move: Defog|[of] p2a: Zapdos
|
|-heal|p2a: Zapdos|61\/383|[from] item: Leftovers
|turn|8
|
|switch|p2a: Ferrothorn|Ferrothorn, M|349\/352
|move|p1a: Lopunny|High Jump Kick|p2a: Ferrothorn
|-supereffective|p2a: Ferrothorn
|-damage|p2a: Ferrothorn|25\/352
|-damage|p1a: Lopunny|70\/271|[from] ability: Iron Barbs|[of] p2a: Ferrothorn
|
|-heal|p2a: Ferrothorn|47\/352|[from] item: Leftovers
|turn|9
|
|switch|p1a: Azelf|Azelf, shiny|1\/291
|move|p2a: Ferrothorn|Gyro Ball|p1a: Azelf
|-damage|p1a: Azelf|0 fnt
|faint|p1a: Azelf
|
|-heal|p2a: Ferrothorn|69\/352|[from] item: Leftovers
|
|switch|p1a: Bisharp|Bisharp, F, shiny|271\/271
|turn|10
|
|move|p1a: Bisharp|Swords Dance|p1a: Bisharp
|-boost|p1a: Bisharp|atk|2
|move|p2a: Ferrothorn|Leech Seed|p1a: Bisharp
|-start|p1a: Bisharp|move: Leech Seed
|
|-heal|p2a: Ferrothorn|91\/352|[from] item: Leftovers
|-damage|p1a: Bisharp|238\/271|[from] Leech Seed|[of] p2a: Ferrothorn
|-heal|p2a: Ferrothorn|124\/352|[silent]
|turn|11
|
|move|p2a: Ferrothorn|Protect|p2a: Ferrothorn
|-singleturn|p2a: Ferrothorn|Protect
|move|p1a: Bisharp|Swords Dance|p1a: Bisharp
|-boost|p1a: Bisharp|atk|2
|
|-heal|p2a: Ferrothorn|146\/352|[from] item: Leftovers
|-damage|p1a: Bisharp|205\/271|[from] Leech Seed|[of] p2a: Ferrothorn
|-heal|p2a: Ferrothorn|179\/352|[silent]
|turn|12
|
|switch|p2a: Zapdos|Zapdos|61\/383
|-ability|p2a: Zapdos|Pressure
|move|p1a: Bisharp|Knock Off|p2a: Zapdos
|-damage|p2a: Zapdos|0 fnt
|-enditem|p2a: Zapdos|Leftovers|[from] move: Knock Off|[of] p1a: Bisharp
|-damage|p1a: Bisharp|178\/271|[from] item: Life Orb
|faint|p2a: Zapdos
|
|
|switch|p2a: Ferrothorn|Ferrothorn, M|179\/352
|turn|13
|
|move|p1a: Bisharp|Knock Off|p2a: Ferrothorn
|-damage|p2a: Ferrothorn|0 fnt
|-damage|p1a: Bisharp|145\/271|[from] ability: Iron Barbs|[of] p2a: Ferrothorn
|-enditem|p2a: Ferrothorn|Leftovers|[from] move: Knock Off|[of] p1a: Bisharp
|-damage|p1a: Bisharp|118\/271|[from] item: Life Orb
|faint|p2a: Ferrothorn
|
|
|switch|p2a: Abomasnow|Abomasnow, F|323\/323
|-weather|Hail
|turn|14
|
|switch|p2a: Heatran|Heatran, F|385\/385
|move|p1a: Bisharp|Iron Head|p2a: Heatran
|-resisted|p2a: Heatran
|-damage|p2a: Heatran|238\/385
|-damage|p1a: Bisharp|91\/271|[from] item: Life Orb
|
|-weather|Hail|[upkeep]
|-damage|p1a: Bisharp|75\/271|[from] hail
|-damage|p2a: Heatran|214\/385|[from] hail
|-heal|p2a: Heatran|238\/385|[from] item: Leftovers
|-damage|p1a: Bisharp|42\/271|[from] Leech Seed|[of] p2a: Heatran
|-heal|p2a: Heatran|271\/385|[silent]
|turn|15
|
|move|p2a: Heatran|Protect|p2a: Heatran
|-singleturn|p2a: Heatran|Protect
|move|p1a: Bisharp|Knock Off|p2a: Heatran
|-activate|p2a: Heatran|Protect
|
|-weather|Hail|[upkeep]
|-damage|p1a: Bisharp|26\/271|[from] hail
|-damage|p2a: Heatran|247\/385|[from] hail
|-heal|p2a: Heatran|271\/385|[from] item: Leftovers
|-damage|p1a: Bisharp|0 fnt|[from] Leech Seed|[of] p2a: Heatran
|-heal|p2a: Heatran|297\/385|[silent]
|faint|p1a: Bisharp
|
|switch|p1a: Lopunny|Lopunny-Mega, M, shiny|70\/271
|turn|16
|
|move|p1a: Lopunny|High Jump Kick|p2a: Heatran
|-supereffective|p2a: Heatran
|-damage|p2a: Heatran|0 fnt
|faint|p2a: Heatran
|
|-weather|Hail|[upkeep]
|-damage|p1a: Lopunny|54\/271|[from] hail
|
|switch|p2a: Abomasnow|Abomasnow, F|323\/323
|turn|17
|
|switch|p1a: Greninja|Greninja, M, shiny|285\/285
|detailschange|p2a: Abomasnow|Abomasnow-Mega, F
|message|Abomasnow has Mega Evolved into Mega Abomasnow!
|move|p2a: Abomasnow|Ice Shard|p1a: Greninja
|-resisted|p1a: Greninja
|-damage|p1a: Greninja|239\/285
|
|-weather|Hail|[upkeep]
|-damage|p1a: Greninja|222\/285|[from] hail
|turn|18
|
|switch|p2a: Greninja|Greninja, F|285\/285
|move|p1a: Greninja|Gunk Shot|p2a: Greninja
|-start|p1a: Greninja|typechange|Poison|[from] Protean
|-damage|p2a: Greninja|35\/285
|-damage|p1a: Greninja|194\/285|[from] item: Life Orb
|
|-weather|none
|turn|19
|
|move|p2a: Greninja|Dark Pulse|p1a: Greninja
|-start|p2a: Greninja|typechange|Dark|[from] Protean
|-damage|p1a: Greninja|0 fnt
|-damage|p2a: Greninja|7\/285|[from] item: Life Orb
|faint|p1a: Greninja
|
|
|switch|p1a: Lopunny|Lopunny-Mega, M, shiny|54\/271
|turn|20
|
|move|p1a: Lopunny|High Jump Kick|p2a: Greninja
|-supereffective|p2a: Greninja
|-damage|p2a: Greninja|0 fnt
|faint|p2a: Greninja
|
|c|âDarkzz|gg
|
|switch|p2a: Abomasnow|Abomasnow-Mega, F|323\/323
|-weather|Hail
|turn|21
|
|move|p2a: Abomasnow|Ice Shard|p1a: Lopunny
|-damage|p1a: Lopunny|0 fnt
|faint|p1a: Lopunny
|
|-weather|Hail|[upkeep]
|
|switch|p1a: Landorus|Landorus, M, shiny|345\/345
|turn|22
|
|move|p2a: Abomasnow|Ice Shard|p1a: Landorus
|-supereffective|p1a: Landorus
|-damage|p1a: Landorus|41\/345
|move|p1a: Landorus|Psychic|p2a: Abomasnow
|-crit|p2a: Abomasnow
|-damage|p2a: Abomasnow|76\/323
|
|-weather|Hail|[upkeep]
|-damage|p1a: Landorus|20\/345|[from] hail
|turn|23
|-message|OTRTVC forfeited.
|
|win|Darkzz
|raw|Ladder updating...
|leave|OTRTVC
|player|p1
|raw|OTRTVC's rating: 1778 &rarr; <strong>1748<\/strong><br \/>(-30 for losing)
|raw|Darkzz's rating: 1588 &rarr; <strong>1618<\/strong><br \/>(+30 for winning)