|join|Level 56
|join|OTRTVC
|player|p1|Level 56|275
|player|p2|OTRTVC|290
|gametype|singles
|gen|6
|tier|OU
|rated
|clearpoke
|poke|p1|Metagross
|poke|p1|Keldeo-Resolute
|poke|p1|Dragonite, F
|poke|p1|Infernape, F
|poke|p1|Thundurus, M
|poke|p1|Bisharp, M
|poke|p2|Tyranitar, F, shiny
|poke|p2|Excadrill, F, shiny
|poke|p2|Latias, F, shiny
|poke|p2|Greninja, M, shiny
|poke|p2|Landorus, M, shiny
|poke|p2|Charizard, M, shiny
|rule|Swagger Clause: Swagger is banned
|rule|Baton Pass Clause: Limit one PokÃ©mon knowing Baton Pass
|rule|Sleep Clause Mod: Limit one foe put to sleep
|rule|Species Clause: Limit one of each PokÃ©mon
|rule|OHKO Clause: OHKO moves are banned
|rule|Moody Clause: Moody is banned
|rule|Evasion Moves Clause: Evasion moves are banned
|rule|Endless Battle Clause: Forcing endless battles is banned
|rule|HP Percentage Mod: HP is shown in percentages
|teampreview
|
|start
|switch|p1a: Infernape|Infernape, F|293\/293
|switch|p2a: Tyranitar|Tyranitar, F, shiny|404\/404
|-weather|Sandstorm
|turn|1
|
|switch|p2a: Latias|Latias, F, shiny|301\/301
|move|p1a: Infernape|Stealth Rock|p2a: Latias
|-sidestart|p2: OTRTVC|move: Stealth Rock
|
|-weather|Sandstorm|[upkeep]
|-damage|p2a: Latias|283\/301|[from] sandstorm
|-damage|p1a: Infernape|275\/293|[from] sandstorm
|turn|2
|
|switch|p1a: Bisharp|Bisharp, M|272\/272
|move|p2a: Latias|Surf|p1a: Bisharp
|-damage|p1a: Bisharp|91\/272
|-damage|p2a: Latias|253\/301|[from] item: Life Orb
|
|-weather|Sandstorm|[upkeep]
|-damage|p2a: Latias|235\/301|[from] sandstorm
|turn|3
|
|switch|p2a: Greninja|Greninja, M, shiny|285\/285
|-damage|p2a: Greninja|250\/285|[from] Stealth Rock
|move|p1a: Bisharp|Knock Off|p2a: Greninja
|-resisted|p2a: Greninja
|-damage|p2a: Greninja|88\/285
|-enditem|p2a: Greninja|Life Orb|[from] move: Knock Off|[of] p1a: Bisharp
|-damage|p1a: Bisharp|64\/272|[from] item: Life Orb
|
|-weather|Sandstorm|[upkeep]
|-damage|p2a: Greninja|71\/285|[from] sandstorm
|turn|4
|
|switch|p2a: Latias|Latias, F, shiny|235\/301
|-damage|p2a: Latias|198\/301|[from] Stealth Rock
|move|p1a: Bisharp|Sucker Punch|p2a: Latias
|-fail|p2a: Latias
|
|-weather|Sandstorm|[upkeep]
|-damage|p2a: Latias|180\/301|[from] sandstorm
|turn|5
|
|move|p2a: Latias|Healing Wish|p2a: Latias
|faint|p2a: Latias
|move|p1a: Bisharp|Knock Off|p2: Latias|[notarget]
|-notarget
|
|-weather|Sandstorm|[upkeep]
|
|switch|p2a: Greninja|Greninja, M, shiny|71\/285
|-heal|p2a: Greninja|285\/285|[from] move: Healing Wish
|-damage|p2a: Greninja|250\/285|[from] Stealth Rock
|turn|6
|
|move|p1a: Bisharp|Sucker Punch|p2a: Greninja
|-resisted|p2a: Greninja
|-damage|p2a: Greninja|129\/285
|-damage|p1a: Bisharp|37\/272|[from] item: Life Orb
|move|p2a: Greninja|Low Kick|p1a: Bisharp
|-start|p2a: Greninja|typechange|Fighting|[from] Protean
|-supereffective|p1a: Bisharp
|-damage|p1a: Bisharp|0 fnt
|faint|p1a: Bisharp
|
|-weather|Sandstorm|[upkeep]
|-damage|p2a: Greninja|112\/285|[from] sandstorm
|
|switch|p1a: Metagross|Metagross|302\/302
|turn|7
|
|detailschange|p1a: Metagross|Metagross-Mega
|message|Metagross has Mega Evolved into Mega Metagross!
|move|p1a: Metagross|Bullet Punch|p2a: Greninja
|-damage|p2a: Greninja|0 fnt
|faint|p2a: Greninja
|
|-weather|Sandstorm|[upkeep]
|
|switch|p2a: Excadrill|Excadrill, F, shiny|361\/361
|-damage|p2a: Excadrill|350\/361|[from] Stealth Rock
|turn|8
|
|switch|p1a: Dragonite|Dragonite, F|324\/324
|move|p2a: Excadrill|Rapid Spin|p1a: Dragonite
|-damage|p1a: Dragonite|303\/324
|-sideend|p2: OTRTVC|Stealth Rock|[from] move: Rapid Spin|[of] p2a: Excadrill
|-damage|p2a: Excadrill|314\/361|[from] item: Life Orb
|
|-weather|none
|turn|9
|
|switch|p2a: Tyranitar|Tyranitar, F, shiny|404\/404
|-weather|Sandstorm
|move|p1a: Dragonite|Earthquake|p2a: Tyranitar
|-supereffective|p2a: Tyranitar
|-damage|p2a: Tyranitar|8\/404
|
|-weather|Sandstorm|[upkeep]
|-damage|p1a: Dragonite|283\/324|[from] sandstorm
|turn|10
|
|switch|p2a: Charizard|Charizard, M, shiny|297\/297
|move|p1a: Dragonite|Earthquake|p2a: Charizard
|-immune|p2a: Charizard|[msg]
|
|-weather|Sandstorm|[upkeep]
|-damage|p2a: Charizard|279\/297|[from] sandstorm
|-damage|p1a: Dragonite|263\/324|[from] sandstorm
|turn|11
|
|switch|p1a: Infernape|Infernape, F|275\/293
|move|p2a: Charizard|Dragon Dance|p2a: Charizard
|-boost|p2a: Charizard|atk|1
|-boost|p2a: Charizard|spe|1
|
|-weather|Sandstorm|[upkeep]
|-damage|p2a: Charizard|261\/297|[from] sandstorm
|-damage|p1a: Infernape|257\/293|[from] sandstorm
|turn|12
|
|detailschange|p2a: Charizard|Charizard-Mega-X, M, shiny
|message|Charizard has Mega Evolved into Mega Charizard!
|move|p2a: Charizard|Outrage|p1a: Infernape
|-damage|p1a: Infernape|0 fnt
|faint|p1a: Infernape
|
|-weather|Sandstorm|[upkeep]
|-damage|p2a: Charizard|243\/297|[from] sandstorm
|
|switch|p1a: Metagross|Metagross-Mega|302\/302
|turn|13
|
|move|p2a: Charizard|Outrage|p1a: Metagross
|-resisted|p1a: Metagross
|-damage|p1a: Metagross|143\/302
|move|p1a: Metagross|Meteor Mash|p2a: Charizard
|-resisted|p2a: Charizard
|-damage|p2a: Charizard|145\/297
|
|-weather|Sandstorm|[upkeep]
|-damage|p2a: Charizard|127\/297|[from] sandstorm
|turn|14
|
|move|p1a: Metagross|Bullet Punch|p2a: Charizard
|-resisted|p2a: Charizard
|-damage|p2a: Charizard|82\/297
|move|p2a: Charizard|Outrage|p1a: Metagross
|-resisted|p1a: Metagross
|-damage|p1a: Metagross|0 fnt
|faint|p1a: Metagross
|
|-end|p2a: Charizard|rampage
|-start|p2a: Charizard|confusion
|-weather|Sandstorm|[upkeep]
|-damage|p2a: Charizard|64\/297|[from] sandstorm
|
|switch|p1a: Dragonite|Dragonite, F|263\/324
|turn|15
|
|move|p1a: Dragonite|Extreme Speed|p2a: Charizard
|-damage|p2a: Charizard|0 fnt
|faint|p2a: Charizard
|
|-weather|Sandstorm|[upkeep]
|-damage|p1a: Dragonite|243\/324|[from] sandstorm
|
|switch|p2a: Landorus|Landorus, M, shiny|345\/345
|turn|16
|
|move|p1a: Dragonite|Extreme Speed|p2a: Landorus
|-damage|p2a: Landorus|185\/345
|move|p2a: Landorus|Psychic|p1a: Dragonite
|-damage|p1a: Dragonite|66\/324
|
|-weather|none
|turn|17
|
|switch|p2a: Tyranitar|Tyranitar, F, shiny|8\/404
|-weather|Sandstorm
|move|p1a: Dragonite|Extreme Speed|p2a: Tyranitar
|-resisted|p2a: Tyranitar
|-damage|p2a: Tyranitar|0 fnt
|faint|p2a: Tyranitar
|
|-weather|Sandstorm|[upkeep]
|-damage|p1a: Dragonite|46\/324|[from] sandstorm
|
|switch|p2a: Excadrill|Excadrill, F, shiny|314\/361
|turn|18
|
|move|p1a: Dragonite|Extreme Speed|p2a: Excadrill
|-resisted|p2a: Excadrill
|-damage|p2a: Excadrill|195\/361
|move|p2a: Excadrill|Iron Head|p1a: Dragonite
|-damage|p1a: Dragonite|0 fnt
|-damage|p2a: Excadrill|159\/361|[from] item: Life Orb
|faint|p1a: Dragonite
|
|-weather|Sandstorm|[upkeep]
|
|switch|p1a: Keldeo-Resolute|Keldeo-Resolute|323\/323
|turn|19
|join|Alvadora
|
|move|p2a: Excadrill|Earthquake|p1a: Keldeo-Resolute
|-damage|p1a: Keldeo-Resolute|37\/323
|-damage|p2a: Excadrill|123\/361|[from] item: Life Orb
|move|p1a: Keldeo-Resolute|Scald|p2a: Excadrill
|-supereffective|p2a: Excadrill
|-damage|p2a: Excadrill|0 fnt
|faint|p2a: Excadrill
|
|-weather|Sandstorm|[upkeep]
|-damage|p1a: Keldeo-Resolute|17\/323|[from] sandstorm
|
|switch|p2a: Landorus|Landorus, M, shiny|185\/345
|turn|20
|
|move|p1a: Keldeo-Resolute|Scald|p2a: Landorus
|-supereffective|p2a: Landorus
|-damage|p2a: Landorus|0 fnt
|faint|p2a: Landorus
|
|win|Level 56
|raw|Ladder updating...
|raw|Level 56's rating: 1927 &rarr; <strong>1941<\/strong><br \/>(+14 for winning)
|raw|OTRTVC's rating: 1824 &rarr; <strong>1810<\/strong><br \/>(-14 for losing)
|leave|OTRTVC
|player|p2