|join|OTRTVC
|join|The Last Hero
|player|p1|OTRTVC|290
|player|p2|The Last Hero|54
|gametype|singles
|gen|6
|tier|OU
|rated
|clearpoke
|poke|p1|Infernape, M, shiny
|poke|p1|Greninja, M, shiny
|poke|p1|Gengar, M, shiny
|poke|p1|Sharpedo, F, shiny
|poke|p1|Conkeldurr, M, shiny
|poke|p1|Landorus, M, shiny
|poke|p2|Hippowdon, M
|poke|p2|Aerodactyl, M
|poke|p2|Magnezone
|poke|p2|Stoutland, M
|poke|p2|Tentacruel, M
|poke|p2|Whimsicott, M
|rule|Swagger Clause: Swagger is banned
|rule|Baton Pass Clause: Limit one PokÃ©mon knowing Baton Pass
|rule|Sleep Clause Mod: Limit one foe put to sleep
|rule|Species Clause: Limit one of each PokÃ©mon
|rule|OHKO Clause: OHKO moves are banned
|rule|Moody Clause: Moody is banned
|rule|Evasion Moves Clause: Evasion moves are banned
|rule|Endless Battle Clause: Forcing endless battles is banned
|rule|HP Percentage Mod: HP is shown in percentages
|teampreview
|
|start
|switch|p1a: Infernape|Infernape, M, shiny|293\/293
|switch|p2a: Aero|Aerodactyl, M|305\/305
|-ability|p2a: Aero|Pressure
|turn|1
|
|detailschange|p2a: Aero|Aerodactyl-Mega, M
|message|Aerodactyl has Mega Evolved into Mega Aerodactyl!
|move|p2a: Aero|Aerial Ace|p1a: Infernape
|-supereffective|p1a: Infernape
|-enditem|p1a: Infernape|Focus Sash
|-damage|p1a: Infernape|1\/293
|move|p1a: Infernape|Stealth Rock|p2a: Aero
|-sidestart|p2: The Last Hero|move: Stealth Rock
|
|turn|2
|
|move|p2a: Aero|Aerial Ace|p1a: Infernape
|-supereffective|p1a: Infernape
|-damage|p1a: Infernape|0 fnt
|faint|p1a: Infernape
|
|
|switch|p1a: Sharpedo|Sharpedo, F, shiny|281\/281
|turn|3
|
|switch|p2a: Whimsitroll|Whimsicott, M|323\/323
|-damage|p2a: Whimsitroll|283\/323|[from] Stealth Rock
|move|p1a: Sharpedo|Protect|p1a: Sharpedo
|-fail|p1a: Sharpedo
|
|-heal|p2a: Whimsitroll|303\/323|[from] item: Leftovers
|-boost|p1a: Sharpedo|spe|1|[from] ability: Speed Boost
|turn|4
|
|move|p2a: Whimsitroll|Encore|p1a: Sharpedo
|-start|p1a: Sharpedo|Encore
|move|p1a: Sharpedo|Protect|p1a: Sharpedo
|-fail|p1a: Sharpedo
|
|-heal|p2a: Whimsitroll|323\/323|[from] item: Leftovers
|-boost|p1a: Sharpedo|spe|1|[from] ability: Speed Boost
|turn|5
|
|switch|p1a: Gengar|Gengar, M, shiny|261\/261
|move|p2a: Whimsitroll|Knock Off|p1a: Gengar
|-supereffective|p1a: Gengar
|-damage|p1a: Gengar|125\/261
|-enditem|p1a: Gengar|Life Orb|[from] move: Knock Off|[of] p2a: Whimsitroll
|
|turn|6
|
|switch|p2a: Magnetroll|Magnezone|281\/281
|-damage|p2a: Magnetroll|264\/281|[from] Stealth Rock
|move|p1a: Gengar|Focus Blast|p2a: Magnetroll|[miss]
|-miss|p1a: Gengar|p2a: Magnetroll
|
|turn|7
|
|switch|p1a: Landorus|Landorus, M, shiny|345\/345
|move|p2a: Magnetroll|Flash Cannon|p1a: Landorus
|-damage|p1a: Landorus|152\/345
|-unboost|p1a: Landorus|spd|1
|
|turn|8
|
|move|p2a: Magnetroll|Flash Cannon|p1a: Landorus
|-damage|p1a: Landorus|0 fnt
|faint|p1a: Landorus
|
|
|switch|p1a: Conkeldurr|Conkeldurr, M, shiny|414\/414
|turn|9
|
|switch|p2a: Tenta|Tentacruel, M|363\/363
|-damage|p2a: Tenta|318\/363|[from] Stealth Rock
|move|p1a: Conkeldurr|Knock Off|p2a: Tenta
|-damage|p2a: Tenta|197\/363
|-enditem|p2a: Tenta|Black Sludge|[from] move: Knock Off|[of] p1a: Conkeldurr
|
|turn|10
|
|move|p2a: Tenta|Rapid Spin|p1a: Conkeldurr
|-damage|p1a: Conkeldurr|403\/414
|-sideend|p2: The Last Hero|Stealth Rock|[from] move: Rapid Spin|[of] p2a: Tenta
|move|p1a: Conkeldurr|Drain Punch|p2a: Tenta
|-resisted|p2a: Tenta
|-damage|p2a: Tenta|128\/363
|-damage|p1a: Conkeldurr|368\/414|[from] ability: Liquid Ooze|[of] p2a: Tenta
|
|turn|11
|
|move|p2a: Tenta|Scald|p1a: Conkeldurr
|-damage|p1a: Conkeldurr|292\/414
|move|p1a: Conkeldurr|Knock Off|p2a: Tenta
|-damage|p2a: Tenta|37\/363
|
|turn|12
|
|move|p1a: Conkeldurr|Mach Punch|p2a: Tenta
|-resisted|p2a: Tenta
|-damage|p2a: Tenta|0 fnt
|faint|p2a: Tenta
|
|
|switch|p2a: Aero|Aerodactyl-Mega, M|305\/305
|turn|13
|
|move|p2a: Aero|Aerial Ace|p1a: Conkeldurr
|-supereffective|p1a: Conkeldurr
|-damage|p1a: Conkeldurr|0 fnt
|faint|p1a: Conkeldurr
|
|
|switch|p1a: Sharpedo|Sharpedo, F, shiny|281\/281
|turn|14
|
|move|p2a: Aero|Stone Edge|p1a: Sharpedo|[miss]
|-miss|p2a: Aero|p1a: Sharpedo
|move|p1a: Sharpedo|Ice Fang|p2a: Aero
|-supereffective|p2a: Aero
|-damage|p2a: Aero|129\/305
|
|-boost|p1a: Sharpedo|spe|1|[from] ability: Speed Boost
|turn|15
|
|switch|p2a: Magnetroll|Magnezone|264\/281
|move|p1a: Sharpedo|Ice Fang|p2a: Magnetroll
|-resisted|p2a: Magnetroll
|-damage|p2a: Magnetroll|228\/281
|
|-boost|p1a: Sharpedo|spe|1|[from] ability: Speed Boost
|turn|16
|
|detailschange|p1a: Sharpedo|Sharpedo-Mega, F, shiny
|message|Sharpedo has Mega Evolved into Mega Sharpedo!
|move|p1a: Sharpedo|Crunch|p2a: Magnetroll
|-damage|p2a: Magnetroll|5\/281
|move|p2a: Magnetroll|Volt Switch|p1a: Sharpedo
|-supereffective|p1a: Sharpedo
|-damage|p1a: Sharpedo|0 fnt
|faint|p1a: Sharpedo
|
|switch|p2a: Hippo|Hippowdon, M|419\/419
|-weather|Sandstorm
|
|-weather|Sandstorm|[upkeep]
|
|switch|p1a: Greninja|Greninja, M, shiny|285\/285
|turn|17
|
|switch|p2a: Magnetroll|Magnezone|5\/281
|move|p1a: Greninja|Hydro Pump|p2a: Magnetroll|[miss]
|-start|p1a: Greninja|typechange|Water|[from] Protean
|-miss|p1a: Greninja|p2a: Magnetroll
|
|-weather|Sandstorm|[upkeep]
|-damage|p1a: Greninja|268\/285|[from] sandstorm
|turn|18
|
|move|p1a: Greninja|Dark Pulse|p2a: Magnetroll
|-start|p1a: Greninja|typechange|Dark|[from] Protean
|-damage|p2a: Magnetroll|0 fnt
|-damage|p1a: Greninja|240\/285|[from] item: Life Orb
|faint|p2a: Magnetroll
|
|-weather|Sandstorm|[upkeep]
|-damage|p1a: Greninja|223\/285|[from] sandstorm
|
|switch|p2a: Aero|Aerodactyl-Mega, M|129\/305
|turn|19
|
|move|p2a: Aero|Aerial Ace|p1a: Greninja
|-damage|p1a: Greninja|0 fnt
|faint|p1a: Greninja
|
|-weather|Sandstorm|[upkeep]
|-message|OTRTVC forfeited.
|
|win|The Last Hero
|raw|Ladder updating...
|leave|OTRTVC
|player|p1
|raw|OTRTVC's rating: 1706 &rarr; <strong>1682<\/strong><br \/>(-24 for losing)
|raw|The Last Hero's rating: 1641 &rarr; <strong>1665<\/strong><br \/>(+24 for winning)