|join|OTRTVC
|join|wish killer
|player|p1|OTRTVC|290
|player|p2|wish killer|1
|gametype|singles
|gen|6
|tier|OU
|rated
|clearpoke
|poke|p1|Tyranitar, M, shiny
|poke|p1|Excadrill, M, shiny
|poke|p1|Latias, F, shiny
|poke|p1|Greninja, F, shiny
|poke|p1|Landorus, M, shiny
|poke|p1|Charizard, M, shiny
|poke|p2|Bisharp, M
|poke|p2|Venusaur, M
|poke|p2|Heatran, F
|poke|p2|Keldeo
|poke|p2|Chansey, F
|poke|p2|Skarmory, F
|rule|Swagger Clause: Swagger is banned
|rule|Baton Pass Clause: Limit one PokÃ©mon knowing Baton Pass
|rule|Sleep Clause Mod: Limit one foe put to sleep
|rule|Species Clause: Limit one of each PokÃ©mon
|rule|OHKO Clause: OHKO moves are banned
|rule|Moody Clause: Moody is banned
|rule|Evasion Moves Clause: Evasion moves are banned
|rule|Endless Battle Clause: Forcing endless battles is banned
|rule|HP Percentage Mod: HP is shown in percentages
|teampreview
|
|start
|switch|p1a: Tyranitar|Tyranitar, M, shiny|404\/404
|switch|p2a: Keldeo|Keldeo|323\/323
|-weather|Sandstorm
|turn|1
|
|switch|p1a: Latias|Latias, F, shiny|301\/301
|move|p2a: Keldeo|Scald|p1a: Latias
|-resisted|p1a: Latias
|-damage|p1a: Latias|244\/301
|-status|p1a: Latias|brn
|
|-weather|Sandstorm|[upkeep]
|-damage|p1a: Latias|226\/301 brn|[from] sandstorm
|-damage|p2a: Keldeo|303\/323|[from] sandstorm
|-heal|p2a: Keldeo|323\/323|[from] item: Leftovers
|-damage|p1a: Latias|189\/301 brn|[from] brn
|turn|2
|
|switch|p1a: Landorus|Landorus, M, shiny|345\/345
|switch|p2a: Heatran|Heatran, F|340\/340
|-item|p2a: Heatran|Air Balloon
|
|-weather|Sandstorm|[upkeep]
|turn|3
|
|switch|p2a: Chansey|Chansey, F|684\/684
|move|p1a: Landorus|Psychic|p2a: Chansey
|-damage|p2a: Chansey|579\/684
|
|-weather|Sandstorm|[upkeep]
|-damage|p2a: Chansey|537\/684|[from] sandstorm
|turn|4
|
|move|p1a: Landorus|Knock Off|p2a: Chansey
|-damage|p2a: Chansey|390\/684
|-enditem|p2a: Chansey|Eviolite|[from] move: Knock Off|[of] p1a: Landorus
|-damage|p1a: Landorus|311\/345|[from] item: Life Orb
|move|p2a: Chansey|Seismic Toss|p1a: Landorus
|-damage|p1a: Landorus|211\/345
|
|-weather|Sandstorm|[upkeep]
|-damage|p2a: Chansey|348\/684|[from] sandstorm
|turn|5
|
|switch|p1a: Charizard|Charizard, M, shiny|297\/297
|move|p2a: Chansey|Seismic Toss|p1a: Charizard
|-damage|p1a: Charizard|197\/297
|
|-weather|Sandstorm|[upkeep]
|-damage|p1a: Charizard|179\/297|[from] sandstorm
|-damage|p2a: Chansey|306\/684|[from] sandstorm
|turn|6
|
|detailschange|p1a: Charizard|Charizard-Mega-X, M, shiny
|message|Charizard has Mega Evolved into Mega Charizard!
|move|p1a: Charizard|Dragon Dance|p1a: Charizard
|-boost|p1a: Charizard|atk|1
|-boost|p1a: Charizard|spe|1
|move|p2a: Chansey|Thunder Wave|p1a: Charizard
|-status|p1a: Charizard|par
|
|-weather|Sandstorm|[upkeep]
|-damage|p2a: Chansey|264\/684|[from] sandstorm
|-damage|p1a: Charizard|161\/297 par|[from] sandstorm
|turn|7
|
|move|p2a: Chansey|Seismic Toss|p1a: Charizard
|-damage|p1a: Charizard|61\/297 par
|move|p1a: Charizard|Outrage|p2a: Chansey
|-damage|p2a: Chansey|0 fnt
|faint|p2a: Chansey
|
|-weather|Sandstorm|[upkeep]
|-damage|p1a: Charizard|43\/297 par|[from] sandstorm
|
|switch|p2a: Keldeo|Keldeo|323\/323
|turn|8
|
|move|p2a: Keldeo|Secret Sword|p1a: Charizard
|-damage|p1a: Charizard|0 fnt
|faint|p1a: Charizard
|
|-weather|none
|
|switch|p1a: Latias|Latias, F, shiny|189\/301 brn
|turn|9
|
|switch|p1a: Tyranitar|Tyranitar, M, shiny|404\/404
|-weather|Sandstorm
|switch|p2a: Heatran|Heatran, F|340\/340
|-item|p2a: Heatran|Air Balloon
|
|-weather|Sandstorm|[upkeep]
|turn|10
|
|switch|p1a: Greninja|Greninja, F, shiny|285\/285
|move|p2a: Heatran|Toxic|p1a: Greninja
|-status|p1a: Greninja|tox
|
|-weather|Sandstorm|[upkeep]
|-damage|p1a: Greninja|268\/285 tox|[from] sandstorm
|-damage|p1a: Greninja|251\/285 tox|[from] psn
|turn|11
|
|switch|p2a: Venusaur|Venusaur, M|364\/364
|move|p1a: Greninja|Ice Beam|p2a: Venusaur
|-start|p1a: Greninja|typechange|Ice|[from] Protean
|-supereffective|p2a: Venusaur
|-damage|p2a: Venusaur|0 fnt
|-damage|p1a: Greninja|223\/285 tox|[from] item: Life Orb
|faint|p2a: Venusaur
|
|-weather|Sandstorm|[upkeep]
|-damage|p1a: Greninja|206\/285 tox|[from] sandstorm
|-damage|p1a: Greninja|172\/285 tox|[from] psn
|
|switch|p2a: Bisharp|Bisharp, M|334\/334
|turn|12
|
|switch|p1a: Landorus|Landorus, M, shiny|211\/345
|move|p2a: Bisharp|Iron Head|p1a: Landorus
|-damage|p1a: Landorus|34\/345
|
|-weather|Sandstorm|[upkeep]
|turn|13
|
|switch|p1a: Latias|Latias, F, shiny|189\/301 brn
|move|p2a: Bisharp|Sucker Punch|p1a: Latias
|-fail|p1a: Latias
|
|-weather|Sandstorm|[upkeep]
|-damage|p1a: Latias|171\/301 brn|[from] sandstorm
|-damage|p1a: Latias|134\/301 brn|[from] brn
|turn|14
|
|move|p1a: Latias|Healing Wish|p1a: Latias
|faint|p1a: Latias
|move|p2a: Bisharp|Swords Dance|p2a: Bisharp
|-boost|p2a: Bisharp|atk|2
|
|-weather|Sandstorm|[upkeep]
|
|switch|p1a: Greninja|Greninja, F, shiny|172\/285 tox
|-heal|p1a: Greninja|285\/285|[from] move: Healing Wish
|turn|15
|
|switch|p1a: Landorus|Landorus, M, shiny|34\/345
|move|p2a: Bisharp|Knock Off|p1a: Landorus
|-damage|p1a: Landorus|0 fnt
|-enditem|p1a: Landorus|Life Orb|[from] move: Knock Off|[of] p2a: Bisharp
|faint|p1a: Landorus
|
|-weather|Sandstorm|[upkeep]
|
|switch|p1a: Excadrill|Excadrill, M, shiny|361\/361
|turn|16
|
|move|p2a: Bisharp|Sucker Punch|p1a: Excadrill
|-crit|p1a: Excadrill
|-damage|p1a: Excadrill|0 fnt
|faint|p1a: Excadrill
|
|-weather|none
|-message|OTRTVC forfeited.
|
|win|wish killer
|raw|Ladder updating...
|raw|OTRTVC's rating: 1800 &rarr; <strong>1782<\/strong><br \/>(-18 for losing)
|raw|wish killer's rating: 1837 &rarr; <strong>1855<\/strong><br \/>(+18 for winning)
|leave|OTRTVC
|player|p1