|join|lil manaphy
|join|OTRTVC
|player|p1|lil manaphy|9
|player|p2|OTRTVC|290
|gametype|singles
|gen|6
|tier|OU
|rated
|clearpoke
|poke|p1|Lopunny, F
|poke|p1|Gothitelle, F
|poke|p1|Rotom-Wash
|poke|p1|Celebi
|poke|p1|Heatran, F
|poke|p1|Mandibuzz, F
|poke|p2|Keldeo-Resolute, shiny
|poke|p2|Bisharp, M, shiny
|poke|p2|Charizard, F, shiny
|poke|p2|Landorus, M, shiny
|poke|p2|Starmie, shiny
|poke|p2|Thundurus, M, shiny
|rule|Swagger Clause: Swagger is banned
|rule|Baton Pass Clause: Limit one PokÃ©mon knowing Baton Pass
|rule|Sleep Clause Mod: Limit one foe put to sleep
|rule|Species Clause: Limit one of each PokÃ©mon
|rule|OHKO Clause: OHKO moves are banned
|rule|Moody Clause: Moody is banned
|rule|Evasion Moves Clause: Evasion moves are banned
|rule|Endless Battle Clause: Forcing endless battles is banned
|rule|HP Percentage Mod: HP is shown in percentages
|teampreview
|join|Cienight
|
|start
|switch|p1a: Lopunny|Lopunny, F|271\/271
|switch|p2a: Landorus|Landorus, M, shiny|319\/319
|turn|1
|
|switch|p2a: Bisharp|Bisharp, M, shiny|271\/271
|detailschange|p1a: Lopunny|Lopunny-Mega, F
|-mega|p1a: Lopunny|Lopunny|Lopunnite
|move|p1a: Lopunny|Ice Punch|p2a: Bisharp
|-resisted|p2a: Bisharp
|-damage|p2a: Bisharp|223\/271
|
|turn|2
|
|move|p2a: Bisharp|Sucker Punch|p1a: Lopunny
|-resisted|p1a: Lopunny
|-damage|p1a: Lopunny|187\/271
|move|p1a: Lopunny|Drain Punch|p2a: Bisharp
|-supereffective|p2a: Bisharp
|-damage|p2a: Bisharp|0 fnt
|-heal|p1a: Lopunny|271\/271|[from] drain|[of] p2a: Bisharp
|faint|p2a: Bisharp
|
|
|switch|p2a: Keldeo-Resolute|Keldeo-Resolute, shiny|329\/329
|turn|3
|
|switch|p2a: Charizard|Charizard, F, shiny|297\/297
|switch|p1a: Celebi|Celebi|404\/404
|
|turn|4
|join|haunter
|
|switch|p1a: Mandibuzz|Mandibuzz, F|424\/424
|detailschange|p2a: Charizard|Charizard-Mega-Y, F, shiny
|-mega|p2a: Charizard|Charizard|Charizardite Y
|-weather|SunnyDay
|move|p2a: Charizard|Focus Blast|p1a: Mandibuzz
|-damage|p1a: Mandibuzz|223\/424
|
|-weather|SunnyDay|[upkeep]
|turn|5
|join|Arcanine is Regal
|join|Azumarill
|join|SeventyFive
|join|Draeden
|join|Dread Arceus
|leave|Azumarill
|join|WECAMEASROMANS
|
|switch|p1a: Heatran|Heatran, F|383\/383
|move|p2a: Charizard|Fire Blast|p1a: Heatran
|-start|p1a: Heatran|ability: Flash Fire
|
|-weather|SunnyDay|[upkeep]
|turn|6
|
|move|p2a: Charizard|Focus Blast|p1a: Heatran
|-supereffective|p1a: Heatran
|-damage|p1a: Heatran|115\/383
|move|p1a: Heatran|Toxic|p2a: Charizard|[miss]
|-miss|p1a: Heatran|p2a: Charizard
|
|-weather|SunnyDay|[upkeep]
|-heal|p1a: Heatran|138\/383|[from] item: Leftovers
|turn|7
|join|Thomas9779
|join|daftmau5
|
|switch|p2a: Landorus|Landorus, M, shiny|319\/319
|move|p1a: Heatran|Toxic|p2a: Landorus
|-status|p2a: Landorus|tox
|
|-weather|SunnyDay|[upkeep]
|-heal|p1a: Heatran|161\/383|[from] item: Leftovers
|-damage|p2a: Landorus|300\/319 tox|[from] psn
|turn|8
|join|Blu el gegeador
|leave|Draeden
|
|switch|p1a: Gothitelle|Gothitelle, F|301\/301
|move|p2a: Landorus|Stealth Rock|p1a: Gothitelle
|-sidestart|p1: lil manaphy|move: Stealth Rock
|
|-weather|none
|-damage|p2a: Landorus|262\/319 tox|[from] psn
|turn|9
|join|NocturOP
|
|move|p1a: Gothitelle|Trick|p2a: Landorus
|-activate|p1a: Gothitelle|move: Trick|[of] p2a: Landorus
|-item|p2a: Landorus|Choice Scarf|[from] move: Trick
|-item|p1a: Gothitelle|Life Orb|[from] move: Trick
|move|p2a: Landorus|Earth Power|p1a: Gothitelle
|-damage|p1a: Gothitelle|117\/301
|
|-damage|p2a: Landorus|205\/319 tox|[from] psn
|turn|10
|
|switch|p1a: Mandibuzz|Mandibuzz, F|223\/424
|-damage|p1a: Mandibuzz|117\/424|[from] Stealth Rock
|move|p2a: Landorus|Earth Power|p1a: Mandibuzz
|-immune|p1a: Mandibuzz|[msg]
|
|-damage|p2a: Landorus|129\/319 tox|[from] psn
|turn|11
|join|Kongou Kai
|
|switch|p2a: Charizard|Charizard-Mega-Y, F, shiny|297\/297
|-weather|SunnyDay
|move|p1a: Mandibuzz|Defog|p2a: Charizard
|-unboost|p2a: Charizard|evasion|1
|-sideend|p1: lil manaphy|Stealth Rock|[from] move: Defog|[of] p1a: Mandibuzz
|
|-weather|SunnyDay|[upkeep]
|turn|12
|join|JamesTakanoâ
|leave|Thomas9779
|
|move|p2a: Charizard|Focus Blast|p1a: Mandibuzz
|-damage|p1a: Mandibuzz|0 fnt
|faint|p1a: Mandibuzz
|
|-weather|SunnyDay|[upkeep]
|leave|JamesTakanoâ
|
|switch|p1a: Lopunny|Lopunny-Mega, F|271\/271
|turn|13
|
|move|p1a: Lopunny|Fake Out|p2a: Charizard
|-damage|p2a: Charizard|209\/297
|cant|p2a: Charizard|flinch
|
|-weather|SunnyDay|[upkeep]
|turn|14
|leave|Kongou Kai
|join|Doomed hi
|
|switch|p2a: Landorus|Landorus, M, shiny|129\/319 tox
|move|p1a: Lopunny|Return|p2a: Landorus
|-damage|p2a: Landorus|0 fnt
|faint|p2a: Landorus
|
|-weather|SunnyDay|[upkeep]
|
|switch|p2a: Keldeo-Resolute|Keldeo-Resolute, shiny|329\/329
|turn|15
|
|switch|p1a: Celebi|Celebi|404\/404
|move|p2a: Keldeo-Resolute|Secret Sword|p1a: Celebi
|-resisted|p1a: Celebi
|-damage|p1a: Celebi|314\/404
|
|-weather|none
|-heal|p1a: Celebi|339\/404|[from] item: Leftovers
|turn|16
|
|move|p2a: Keldeo-Resolute|Secret Sword|p1a: Celebi
|-resisted|p1a: Celebi
|-damage|p1a: Celebi|262\/404
|move|p1a: Celebi|Baton Pass|p1a: Celebi
|
|switch|p1a: Rotom-Wash|Rotom-Wash|303\/303
|
|turn|17
|
|switch|p2a: Thundurus|Thundurus, M, shiny|299\/299
|move|p1a: Rotom-Wash|Volt Switch|p2a: Thundurus
|-damage|p2a: Thundurus|184\/299
|
|switch|p1a: Lopunny|Lopunny-Mega, F|271\/271
|
|turn|18
|join|llsme
|
|move|p1a: Lopunny|Fake Out|p2a: Thundurus
|-damage|p2a: Thundurus|91\/299
|cant|p2a: Thundurus|flinch
|
|turn|19
|leave|llsme
|join|promblitz
|join|Paul Gilbert
|
|switch|p1a: Gothitelle|Gothitelle, F|117\/301
|switch|p2a: Charizard|Charizard-Mega-Y, F, shiny|209\/297
|-weather|SunnyDay
|
|-weather|SunnyDay|[upkeep]
|turn|20
|leave|promblitz
|join|MushMunkey
|
|move|p2a: Charizard|Fire Blast|p1a: Gothitelle
|-damage|p1a: Gothitelle|0 fnt
|faint|p1a: Gothitelle
|
|-weather|SunnyDay|[upkeep]
|
|switch|p1a: Lopunny|Lopunny-Mega, F|271\/271
|turn|21
|
|switch|p2a: Thundurus|Thundurus, M, shiny|91\/299
|move|p1a: Lopunny|Return|p2a: Thundurus
|-crit|p2a: Thundurus
|-damage|p2a: Thundurus|0 fnt
|faint|p2a: Thundurus
|
|-weather|SunnyDay|[upkeep]
|
|switch|p2a: Keldeo-Resolute|Keldeo-Resolute, shiny|329\/329
|turn|22
|join|Montsegur
|leave|Montsegur
|
|switch|p2a: Charizard|Charizard-Mega-Y, F, shiny|209\/297
|switch|p1a: Rotom-Wash|Rotom-Wash|303\/303
|
|-weather|SunnyDay|[upkeep]
|turn|23
|leave|WECAMEASROMANS
|
|switch|p1a: Heatran|Heatran, F|161\/383
|move|p2a: Charizard|Solar Beam|p1a: Heatran|[still]
|-prepare|p2a: Charizard|Solar Beam|p1a: Heatran
|-anim|p2a: Charizard|Solar Beam|p1a: Heatran
|-resisted|p1a: Heatran
|-damage|p1a: Heatran|132\/383
|
|-weather|none
|-heal|p1a: Heatran|155\/383|[from] item: Leftovers
|turn|24
|
|move|p2a: Charizard|Focus Blast|p1a: Heatran
|-supereffective|p1a: Heatran
|-damage|p1a: Heatran|0 fnt
|faint|p1a: Heatran
|
|
|switch|p1a: Lopunny|Lopunny-Mega, F|271\/271
|turn|25
|
|switch|p2a: Keldeo-Resolute|Keldeo-Resolute, shiny|329\/329
|move|p1a: Lopunny|Return|p2a: Keldeo-Resolute
|-damage|p2a: Keldeo-Resolute|136\/329
|
|turn|26
|join|MoB Barley
|c| MoB Barley|hey thur :)
|
|switch|p2a: Charizard|Charizard-Mega-Y, F, shiny|209\/297
|-weather|SunnyDay
|switch|p1a: Rotom-Wash|Rotom-Wash|303\/303
|
|-weather|SunnyDay|[upkeep]
|turn|27
|
|switch|p1a: Lopunny|Lopunny-Mega, F|271\/271
|move|p2a: Charizard|Solar Beam|p1a: Lopunny|[still]
|-prepare|p2a: Charizard|Solar Beam|p1a: Lopunny
|-anim|p2a: Charizard|Solar Beam|p1a: Lopunny
|-damage|p1a: Lopunny|78\/271
|
|-weather|SunnyDay|[upkeep]
|turn|28
|
|switch|p2a: Starmie|Starmie, shiny|261\/261
|move|p1a: Lopunny|Return|p2a: Starmie
|-damage|p2a: Starmie|44\/261
|
|-weather|SunnyDay|[upkeep]
|turn|29
|
|move|p1a: Lopunny|Return|p2a: Starmie
|-damage|p2a: Starmie|0 fnt
|faint|p2a: Starmie
|
|-weather|SunnyDay|[upkeep]
|
|switch|p2a: Keldeo-Resolute|Keldeo-Resolute, shiny|136\/329
|turn|30
|join|Ernes
|leave|Ernes
|
|switch|p1a: Rotom-Wash|Rotom-Wash|303\/303
|move|p2a: Keldeo-Resolute|Secret Sword|p1a: Rotom-Wash
|-damage|p1a: Rotom-Wash|182\/303
|
|-weather|none
|-heal|p1a: Rotom-Wash|200\/303|[from] item: Leftovers
|turn|31
|join|Montsegur
|
|move|p2a: Keldeo-Resolute|Secret Sword|p1a: Rotom-Wash
|-damage|p1a: Rotom-Wash|88\/303
|move|p1a: Rotom-Wash|Volt Switch|p2a: Keldeo-Resolute
|-supereffective|p2a: Keldeo-Resolute
|-damage|p2a: Keldeo-Resolute|0 fnt
|faint|p2a: Keldeo-Resolute
|leave|SeventyFive
|-message|OTRTVC forfeited.
|
|switch|p1a: Lopunny|Lopunny-Mega, F|78\/271
|
|leave|OTRTVC
|
|win|lil manaphy
|raw|Ladder updating...
|leave|NocturOP
|player|p2