|join|PaulinhoDez
|join|OTRTVC
|player|p1|PaulinhoDez|161
|player|p2|OTRTVC|290
|gametype|singles
|gen|6
|tier|OU
|rated
|clearpoke
|poke|p1|Tyranitar, M
|poke|p1|Chansey, F
|poke|p1|Slowbro, F
|poke|p1|Zapdos
|poke|p1|Amoonguss, F
|poke|p1|Clefable, F
|poke|p2|Keldeo-Resolute, shiny
|poke|p2|Bisharp, F, shiny
|poke|p2|Charizard, F, shiny
|poke|p2|Landorus, M, shiny
|poke|p2|Starmie, shiny
|poke|p2|Thundurus, M, shiny
|rule|Swagger Clause: Swagger is banned
|rule|Baton Pass Clause: Limit one PokÃ©mon knowing Baton Pass
|rule|Sleep Clause Mod: Limit one foe put to sleep
|rule|Species Clause: Limit one of each PokÃ©mon
|rule|OHKO Clause: OHKO moves are banned
|rule|Moody Clause: Moody is banned
|rule|Evasion Moves Clause: Evasion moves are banned
|rule|Endless Battle Clause: Forcing endless battles is banned
|rule|HP Percentage Mod: HP is shown in percentages
|teampreview
|c|âPaulinhoDez|xD
|
|start
|switch|p1a: Slowbro|Slowbro, F|394\/394
|switch|p2a: Landorus|Landorus, M, shiny|319\/319
|turn|1
|join|dinamoo
|
|switch|p2a: Thundurus|Thundurus, M, shiny|299\/299
|switch|p1a: Tyranitar|Tyranitar, M|341\/341
|-weather|Sandstorm
|
|-weather|Sandstorm|[upkeep]
|-damage|p2a: Thundurus|281\/299|[from] sandstorm
|turn|2
|
|move|p1a: Tyranitar|Stone Edge|p2a: Thundurus|[miss]
|-miss|p1a: Tyranitar|p2a: Thundurus
|move|p2a: Thundurus|Superpower|p1a: Tyranitar
|-supereffective|p1a: Tyranitar
|-damage|p1a: Tyranitar|0 fnt
|-unboost|p2a: Thundurus|atk|1
|-unboost|p2a: Thundurus|def|1
|-damage|p2a: Thundurus|252\/299|[from] item: Life Orb
|faint|p1a: Tyranitar
|
|-weather|Sandstorm|[upkeep]
|-damage|p2a: Thundurus|234\/299|[from] sandstorm
|
|switch|p1a: Zapdos|Zapdos|384\/384
|-ability|p1a: Zapdos|Pressure
|turn|3
|c| dinamoo|e agora dez
|
|switch|p2a: Landorus|Landorus, M, shiny|319\/319
|switch|p1a: Slowbro|Slowbro, F|394\/394
|
|-weather|Sandstorm|[upkeep]
|-damage|p1a: Slowbro|370\/394|[from] sandstorm
|turn|4
|
|switch|p2a: Starmie|Starmie, shiny|261\/261
|move|p1a: Slowbro|Scald|p2a: Starmie
|-resisted|p2a: Starmie
|-damage|p2a: Starmie|205\/261
|
|-weather|Sandstorm|[upkeep]
|-damage|p2a: Starmie|189\/261|[from] sandstorm
|-damage|p1a: Slowbro|346\/394|[from] sandstorm
|turn|5
|
|switch|p2a: Bisharp|Bisharp, F, shiny|271\/271
|move|p1a: Slowbro|Scald|p2a: Bisharp
|-damage|p2a: Bisharp|178\/271
|
|-weather|none
|turn|6
|
|switch|p1a: Zapdos|Zapdos|384\/384
|-ability|p1a: Zapdos|Pressure
|move|p2a: Bisharp|Sucker Punch|p1a: Zapdos
|-fail|p1a: Zapdos
|
|turn|7
|
|move|p2a: Bisharp|Knock Off|p1a: Zapdos
|-damage|p1a: Zapdos|246\/384
|-enditem|p1a: Zapdos|Leftovers|[from] move: Knock Off|[of] p2a: Bisharp
|move|p1a: Zapdos|Volt Switch|p2a: Bisharp
|-damage|p2a: Bisharp|93\/271
|
|switch|p1a: Amoonguss|Amoonguss, F|432\/432
|
|turn|8
|
|move|p2a: Bisharp|Knock Off|p1a: Amoonguss
|-damage|p1a: Amoonguss|267\/432
|-enditem|p1a: Amoonguss|Black Sludge|[from] move: Knock Off|[of] p2a: Bisharp
|move|p1a: Amoonguss|Spore|p2a: Bisharp
|-status|p2a: Bisharp|slp
|
|turn|9
|
|cant|p2a: Bisharp|slp
|switch|p1a: Zapdos|Zapdos|246\/384
|-ability|p1a: Zapdos|Pressure
|
|turn|10
|
|switch|p2a: Thundurus|Thundurus, M, shiny|234\/299
|move|p1a: Zapdos|Roost|p1a: Zapdos
|-heal|p1a: Zapdos|384\/384
|
|turn|11
|
|switch|p2a: Charizard|Charizard, F, shiny|297\/297
|move|p1a: Zapdos|Volt Switch|p2a: Charizard
|-supereffective|p2a: Charizard
|-damage|p2a: Charizard|51\/297
|
|switch|p1a: Chansey|Chansey, F|642\/642
|
|turn|12
|
|move|p2a: Charizard|Roost|p2a: Charizard
|-heal|p2a: Charizard|200\/297
|move|p1a: Chansey|Seismic Toss|p2a: Charizard
|-damage|p2a: Charizard|100\/297
|
|turn|13
|
|switch|p2a: Keldeo-Resolute|Keldeo-Resolute, shiny|329\/329
|move|p1a: Chansey|Thunder Wave|p2a: Keldeo-Resolute
|-status|p2a: Keldeo-Resolute|par
|
|turn|14
|
|switch|p1a: Zapdos|Zapdos|384\/384
|-ability|p1a: Zapdos|Pressure
|move|p2a: Keldeo-Resolute|Secret Sword|p1a: Zapdos
|-resisted|p1a: Zapdos
|-damage|p1a: Zapdos|315\/384
|
|turn|15
|-message|OTRTVC forfeited.
|
|win|PaulinhoDez
|raw|Ladder updating...
|leave|OTRTVC
|player|p2
|raw|PaulinhoDez's rating: 1734 &rarr; <strong>1752<\/strong><br \/>(+18 for winning)
|raw|OTRTVC's rating: 1698 &rarr; <strong>1680<\/strong><br \/>(-18 for losing)
|c|âPaulinhoDez|kkkkkkkkkkkkkkkkkk
|c|âPaulinhoDez|kkkkkkkkkkkkkkkkkkkk
|c| dinamoo|kkkkk
|c|âPaulinhoDez|pode falar
|c| dinamoo|subindo
|c|âPaulinhoDez|jogo muito