|join|Kama Sutra
|join|OTRTVC
|player|p1|Kama Sutra|79
|player|p2|OTRTVC|144
|gametype|singles
|gen|6
|tier|OU
|rated
|clearpoke
|poke|p1|Alakazam, M, shiny
|poke|p1|Landorus-Therian, M
|poke|p1|Ferrothorn, M
|poke|p1|Sylveon, F
|poke|p1|Keldeo-Resolute
|poke|p1|Bisharp, M
|poke|p2|Wobbuffet, F, shiny
|poke|p2|Latias, F, shiny
|poke|p2|Aerodactyl, M, shiny
|poke|p2|Charizard, M, shiny
|poke|p2|Diggersby, M, shiny
|poke|p2|Staraptor, M, shiny
|rule|Swagger Clause: Swagger is banned
|rule|Baton Pass Clause: Limit one PokÃ©mon knowing Baton Pass
|rule|Sleep Clause Mod: Limit one foe put to sleep
|rule|Species Clause: Limit one of each PokÃ©mon
|rule|OHKO Clause: OHKO moves are banned
|rule|Moody Clause: Moody is banned
|rule|Evasion Moves Clause: Evasion moves are banned
|rule|Endless Battle Clause: Forcing endless battles is banned
|rule|HP Percentage Mod: HP is shown in percentages
|teampreview
|
|start
|switch|p1a: Alakazam|Alakazam, M, shiny|251\/251
|switch|p2a: Aerodactyl|Aerodactyl, M, shiny|301\/301
|turn|1
|
|move|p2a: Aerodactyl|Tailwind|p2a: Aerodactyl
|-sidestart|p2: OTRTVC|move: Tailwind
|move|p1a: Alakazam|Encore|p2a: Aerodactyl
|-start|p2a: Aerodactyl|Encore
|
|turn|2
|
|switch|p2a: Wobbuffet|Wobbuffet, F, shiny|584\/584
|move|p1a: Alakazam|Psyshock|p2a: Wobbuffet
|-resisted|p2a: Wobbuffet
|-damage|p2a: Wobbuffet|495\/584
|
|-heal|p2a: Wobbuffet|531\/584|[from] item: Leftovers
|turn|3
|
|move|p1a: Alakazam|Encore|p2a: Wobbuffet
|-fail|p2a: Wobbuffet
|move|p2a: Wobbuffet|Mirror Coat|p1a: Alakazam
|-fail|p1a: Alakazam
|
|-heal|p2a: Wobbuffet|567\/584|[from] item: Leftovers
|turn|4
|
|move|p1a: Alakazam|Encore|p2a: Wobbuffet
|-start|p2a: Wobbuffet|Encore
|move|p2a: Wobbuffet|Mirror Coat|p1a: Alakazam
|-fail|p1a: Alakazam
|
|-heal|p2a: Wobbuffet|584\/584|[from] item: Leftovers
|-sideend|p2: OTRTVC|move: Tailwind
|turn|5
|
|move|p1a: Alakazam|Psych Up|p2a: Wobbuffet
|-copyboost|p1a: Alakazam|p2a: Wobbuffet|[from] move: Psych Up
|move|p2a: Wobbuffet|Mirror Coat|p1a: Alakazam
|-fail|p1a: Alakazam
|
|turn|6
|
|move|p1a: Alakazam|Psyshock|p2a: Wobbuffet
|-resisted|p2a: Wobbuffet
|-damage|p2a: Wobbuffet|499\/584
|move|p2a: Wobbuffet|Mirror Coat|p1a: Alakazam
|-damage|p1a: Alakazam|81\/251
|
|-heal|p2a: Wobbuffet|535\/584|[from] item: Leftovers
|-end|p2a: Wobbuffet|Encore
|turn|7
|
|move|p1a: Alakazam|Psych Up|p2a: Wobbuffet
|-copyboost|p1a: Alakazam|p2a: Wobbuffet|[from] move: Psych Up
|move|p2a: Wobbuffet|Mirror Coat|p1a: Alakazam
|-fail|p1a: Alakazam
|
|-heal|p2a: Wobbuffet|571\/584|[from] item: Leftovers
|turn|8
|
|detailschange|p1a: Alakazam|Alakazam-Mega, M, shiny
|-mega|p1a: Alakazam|Alakazam|Alakazite
|-ability|p1a: Alakazam|Shadow Tag|[from] ability: Trace|[of] p2a: Wobbuffet
|move|p1a: Alakazam|Psych Up|p2a: Wobbuffet
|-copyboost|p1a: Alakazam|p2a: Wobbuffet|[from] move: Psych Up
|move|p2a: Wobbuffet|Mirror Coat|p1a: Alakazam
|-fail|p1a: Alakazam
|
|-heal|p2a: Wobbuffet|584\/584|[from] item: Leftovers
|turn|9
|
|move|p1a: Alakazam|Encore|p2a: Wobbuffet
|-start|p2a: Wobbuffet|Encore
|move|p2a: Wobbuffet|Mirror Coat|p1a: Alakazam
|-fail|p1a: Alakazam
|
|turn|10
|
|move|p1a: Alakazam|Psyshock|p2a: Wobbuffet
|-resisted|p2a: Wobbuffet
|-damage|p2a: Wobbuffet|466\/584
|move|p2a: Wobbuffet|Mirror Coat|p1a: Alakazam
|-damage|p1a: Alakazam|0 fnt
|faint|p1a: Alakazam
|
|-heal|p2a: Wobbuffet|502\/584|[from] item: Leftovers
|
|switch|p1a: Keldeo-Resolute|Keldeo-Resolute|323\/323
|turn|11
|
|switch|p2a: Aerodactyl|Aerodactyl, M, shiny|301\/301
|move|p1a: Keldeo-Resolute|Substitute|p1a: Keldeo-Resolute
|-start|p1a: Keldeo-Resolute|Substitute
|-damage|p1a: Keldeo-Resolute|243\/323
|
|-heal|p1a: Keldeo-Resolute|263\/323|[from] item: Leftovers
|turn|12
|
|move|p2a: Aerodactyl|Stealth Rock|p1a: Keldeo-Resolute
|-sidestart|p1: Kama Sutra|move: Stealth Rock
|move|p1a: Keldeo-Resolute|Scald|p2a: Aerodactyl
|-supereffective|p2a: Aerodactyl
|-enditem|p2a: Aerodactyl|Focus Sash
|-damage|p2a: Aerodactyl|1\/301
|-status|p2a: Aerodactyl|brn
|
|-heal|p1a: Keldeo-Resolute|283\/323|[from] item: Leftovers
|-damage|p2a: Aerodactyl|0 fnt|[from] brn
|faint|p2a: Aerodactyl
|
|switch|p2a: Latias|Latias, F, shiny|301\/301
|turn|13
|
|switch|p1a: Bisharp|Bisharp, M|271\/271
|-damage|p1a: Bisharp|255\/271|[from] Stealth Rock
|move|p2a: Latias|Psyshock|p1a: Bisharp
|-immune|p1a: Bisharp|[msg]
|
|turn|14
|
|move|p2a: Latias|Draco Meteor|p1a: Bisharp
|-resisted|p1a: Bisharp
|-damage|p1a: Bisharp|68\/271
|-unboost|p2a: Latias|spa|2
|-damage|p2a: Latias|271\/301|[from] item: Life Orb
|move|p1a: Bisharp|Pursuit|p2a: Latias
|-supereffective|p2a: Latias
|-damage|p2a: Latias|79\/301
|
|turn|15
|
|switch|p2a: Charizard|Charizard, M, shiny|297\/297
|switch|p1a: Sylveon|Sylveon, F|394\/394
|-damage|p1a: Sylveon|345\/394|[from] Stealth Rock
|
|-heal|p1a: Sylveon|369\/394|[from] item: Leftovers
|turn|16
|
|switch|p1a: Landorus-Therian|Landorus-Therian, M|382\/382
|-damage|p1a: Landorus-Therian|335\/382|[from] Stealth Rock
|-ability|p1a: Landorus-Therian|Intimidate|[of] p2a: Charizard
|-unboost|p2a: Charizard|atk|1
|move|p2a: Charizard|Dragon Dance|p2a: Charizard
|-boost|p2a: Charizard|atk|1
|-boost|p2a: Charizard|spe|1
|
|-heal|p1a: Landorus-Therian|358\/382|[from] item: Leftovers
|turn|17
|
|detailschange|p2a: Charizard|Charizard-Mega-X, M, shiny
|-mega|p2a: Charizard|Charizard|Charizardite X
|move|p2a: Charizard|Flare Blitz|p1a: Landorus-Therian
|-damage|p1a: Landorus-Therian|117\/382
|-damage|p2a: Charizard|217\/297|[from] recoil|[of] p1a: Landorus-Therian
|move|p1a: Landorus-Therian|Rock Slide|p2a: Charizard
|-supereffective|p2a: Charizard
|-damage|p2a: Charizard|69\/297
|
|-heal|p1a: Landorus-Therian|140\/382|[from] item: Leftovers
|turn|18
|
|move|p2a: Charizard|Flare Blitz|p1a: Landorus-Therian
|-damage|p1a: Landorus-Therian|0 fnt
|-damage|p2a: Charizard|23\/297|[from] recoil|[of] p1a: Landorus-Therian
|faint|p1a: Landorus-Therian
|
|
|switch|p1a: Bisharp|Bisharp, M|68\/271
|-damage|p1a: Bisharp|52\/271|[from] Stealth Rock
|turn|19
|
|move|p1a: Bisharp|Pursuit|p2a: Charizard|[from]Pursuit
|-damage|p2a: Charizard|0 fnt
|faint|p2a: Charizard
|
|
|switch|p2a: Diggersby|Diggersby, M, shiny|311\/311
|turn|20
|
|move|p2a: Diggersby|Agility|p2a: Diggersby
|-boost|p2a: Diggersby|spe|2
|move|p1a: Bisharp|Knock Off|p2a: Diggersby
|-damage|p2a: Diggersby|37\/311
|-enditem|p2a: Diggersby|Life Orb|[from] move: Knock Off|[of] p1a: Bisharp
|
|turn|21
|
|switch|p1a: Sylveon|Sylveon, F|369\/394
|-damage|p1a: Sylveon|320\/394|[from] Stealth Rock
|move|p2a: Diggersby|Swords Dance|p2a: Diggersby
|-boost|p2a: Diggersby|atk|2
|
|-heal|p1a: Sylveon|344\/394|[from] item: Leftovers
|turn|22
|
|move|p2a: Diggersby|Earthquake|p1a: Sylveon
|-damage|p1a: Sylveon|0 fnt
|faint|p1a: Sylveon
|
|
|switch|p1a: Ferrothorn|Ferrothorn, M|352\/352
|-damage|p1a: Ferrothorn|330\/352|[from] Stealth Rock
|turn|23
|
|move|p2a: Diggersby|Earthquake|p1a: Ferrothorn
|-damage|p1a: Ferrothorn|35\/352
|move|p1a: Ferrothorn|Power Whip|p2a: Diggersby
|-supereffective|p2a: Diggersby
|-damage|p2a: Diggersby|0 fnt
|faint|p2a: Diggersby
|
|-heal|p1a: Ferrothorn|57\/352|[from] item: Leftovers
|
|switch|p2a: Staraptor|Staraptor, M, shiny|347\/347
|turn|24
|
|move|p2a: Staraptor|Agility|p2a: Staraptor
|-boost|p2a: Staraptor|spe|2
|move|p1a: Ferrothorn|Thunder Wave|p2a: Staraptor
|-status|p2a: Staraptor|par
|
|-heal|p1a: Ferrothorn|79\/352|[from] item: Leftovers
|turn|25
|
|move|p2a: Staraptor|Brave Bird|p1a: Ferrothorn
|-damage|p1a: Ferrothorn|0 fnt
|-damage|p2a: Staraptor|304\/347 par|[from] ability: Iron Barbs|[of] p1a: Ferrothorn
|-damage|p2a: Staraptor|278\/347 par|[from] recoil|[of] p1a: Ferrothorn
|-damage|p2a: Staraptor|244\/347 par|[from] item: Life Orb
|faint|p1a: Ferrothorn
|
|
|switch|p1a: Bisharp|Bisharp, M|52\/271
|-damage|p1a: Bisharp|36\/271|[from] Stealth Rock
|turn|26
|
|move|p1a: Bisharp|Pursuit|p2a: Staraptor
|-damage|p2a: Staraptor|129\/347 par
|move|p2a: Staraptor|Brave Bird|p1a: Bisharp
|-resisted|p1a: Bisharp
|-damage|p1a: Bisharp|0 fnt
|-damage|p2a: Staraptor|117\/347 par|[from] recoil|[of] p1a: Bisharp
|-damage|p2a: Staraptor|83\/347 par|[from] item: Life Orb
|faint|p1a: Bisharp
|
|
|switch|p1a: Keldeo-Resolute|Keldeo-Resolute|283\/323
|-damage|p1a: Keldeo-Resolute|263\/323|[from] Stealth Rock
|turn|27
|
|move|p1a: Keldeo-Resolute|Substitute|p1a: Keldeo-Resolute
|-start|p1a: Keldeo-Resolute|Substitute
|-damage|p1a: Keldeo-Resolute|183\/323
|move|p2a: Staraptor|Brave Bird|p1a: Keldeo-Resolute
|-supereffective|p1a: Keldeo-Resolute
|-end|p1a: Keldeo-Resolute|Substitute
|-damage|p2a: Staraptor|57\/347 par|[from] recoil|[of] p1a: Keldeo-Resolute
|-damage|p2a: Staraptor|23\/347 par|[from] item: Life Orb
|
|-heal|p1a: Keldeo-Resolute|203\/323|[from] item: Leftovers
|turn|28
|
|move|p1a: Keldeo-Resolute|Substitute|p1a: Keldeo-Resolute
|-start|p1a: Keldeo-Resolute|Substitute
|-damage|p1a: Keldeo-Resolute|123\/323
|move|p2a: Staraptor|Brave Bird|p1a: Keldeo-Resolute
|-supereffective|p1a: Keldeo-Resolute
|-end|p1a: Keldeo-Resolute|Substitute
|-damage|p2a: Staraptor|0 fnt|[from] recoil|[of] p1a: Keldeo-Resolute
|faint|p2a: Staraptor
|
|-heal|p1a: Keldeo-Resolute|143\/323|[from] item: Leftovers
|
|switch|p2a: Latias|Latias, F, shiny|79\/301
|turn|29
|
|move|p2a: Latias|Psyshock|p1a: Keldeo-Resolute
|-supereffective|p1a: Keldeo-Resolute
|-damage|p1a: Keldeo-Resolute|0 fnt
|-damage|p2a: Latias|49\/301|[from] item: Life Orb
|faint|p1a: Keldeo-Resolute
|
|win|OTRTVC
|raw|Ladder updating...
|raw|Kama Sutra's rating: 1586 &rarr; <strong>1559<\/strong><br \/>(-27 for losing)
|raw|OTRTVC's rating: 1472 &rarr; <strong>1499<\/strong><br \/>(+27 for winning)
|c|âKama Sutra|gg
|leave|OTRTVC
|player|p2
|leave|Kama Sutra
|player|p1
|join|wefefe4t