|join|OTRTVC
|join|b470killer
|player|p1|OTRTVC|290
|player|p2|b470killer|289
|gametype|singles
|gen|6
|tier|OU
|rated
|clearpoke
|poke|p1|Keldeo-Resolute, shiny
|poke|p1|Bisharp, M, shiny
|poke|p1|Charizard, M, shiny
|poke|p1|Landorus, M, shiny
|poke|p1|Starmie, shiny
|poke|p1|Thundurus, M, shiny
|poke|p2|Scizor, F
|poke|p2|Slowbro, F
|poke|p2|Zapdos
|poke|p2|Chansey, F
|poke|p2|Clefable, F
|poke|p2|Gliscor, F
|rule|Swagger Clause: Swagger is banned
|rule|Baton Pass Clause: Limit one PokÃ©mon knowing Baton Pass
|rule|Sleep Clause Mod: Limit one foe put to sleep
|rule|Species Clause: Limit one of each PokÃ©mon
|rule|OHKO Clause: OHKO moves are banned
|rule|Moody Clause: Moody is banned
|rule|Evasion Moves Clause: Evasion moves are banned
|rule|Endless Battle Clause: Forcing endless battles is banned
|rule|HP Percentage Mod: HP is shown in percentages
|teampreview
|
|start
|switch|p1a: Landorus|Landorus, M, shiny|319\/319
|switch|p2a: Chansey|Chansey, F|642\/642
|turn|1
|
|move|p1a: Landorus|Stealth Rock|p2a: Chansey
|-sidestart|p2: b470killer|move: Stealth Rock
|move|p2a: Chansey|Stealth Rock|p1a: Landorus
|-sidestart|p1: OTRTVC|move: Stealth Rock
|
|turn|2
|
|switch|p1a: Bisharp|Bisharp, M, shiny|271\/271
|-damage|p1a: Bisharp|255\/271|[from] Stealth Rock
|move|p2a: Chansey|Seismic Toss|p1a: Bisharp
|-damage|p1a: Bisharp|155\/271
|
|turn|3
|
|move|p1a: Bisharp|Pursuit|p2a: Chansey|[from]Pursuit
|-damage|p2a: Chansey|449\/642
|switch|p2a: Zapdos|Zapdos|384\/384
|-damage|p2a: Zapdos|288\/384|[from] Stealth Rock
|-ability|p2a: Zapdos|Pressure
|
|-heal|p2a: Zapdos|312\/384|[from] item: Leftovers
|turn|4
|
|move|p1a: Bisharp|Knock Off|p2a: Zapdos
|-damage|p2a: Zapdos|165\/384
|-enditem|p2a: Zapdos|Leftovers|[from] move: Knock Off|[of] p1a: Bisharp
|move|p2a: Zapdos|Heat Wave|p1a: Bisharp
|-miss|p2a: Zapdos|p1a: Bisharp
|
|turn|5
|join|FlyinghPotato
|
|switch|p1a: Charizard|Charizard, M, shiny|297\/297
|-damage|p1a: Charizard|149\/297|[from] Stealth Rock
|move|p2a: Zapdos|Roost|p2a: Zapdos
|-heal|p2a: Zapdos|357\/384
|
|turn|6
|
|switch|p2a: Chansey|Chansey, F|449\/642
|-damage|p2a: Chansey|369\/642|[from] Stealth Rock
|detailschange|p1a: Charizard|Charizard-Mega-Y, M, shiny
|-mega|p1a: Charizard|Charizard|Charizardite Y
|-weather|SunnyDay
|move|p1a: Charizard|Fire Blast|p2a: Chansey
|-damage|p2a: Chansey|168\/642
|
|-weather|SunnyDay|[upkeep]
|turn|7
|
|move|p1a: Charizard|Fire Blast|p2a: Chansey|[miss]
|-miss|p1a: Charizard|p2a: Chansey
|move|p2a: Chansey|Soft-Boiled|p2a: Chansey
|-heal|p2a: Chansey|489\/642
|
|-weather|SunnyDay|[upkeep]
|turn|8
|
|switch|p1a: Bisharp|Bisharp, M, shiny|155\/271
|-damage|p1a: Bisharp|139\/271|[from] Stealth Rock
|move|p2a: Chansey|Soft-Boiled|p2a: Chansey
|-heal|p2a: Chansey|642\/642
|
|-weather|SunnyDay|[upkeep]
|turn|9
|
|move|p1a: Bisharp|Pursuit|p2a: Chansey|[from]Pursuit
|-damage|p2a: Chansey|426\/642
|switch|p2a: Zapdos|Zapdos|357\/384
|-damage|p2a: Zapdos|261\/384|[from] Stealth Rock
|-ability|p2a: Zapdos|Pressure
|
|-weather|SunnyDay|[upkeep]
|turn|10
|
|switch|p1a: Keldeo-Resolute|Keldeo-Resolute, shiny|329\/329
|-damage|p1a: Keldeo-Resolute|309\/329|[from] Stealth Rock
|move|p2a: Zapdos|Heat Wave|p1a: Keldeo-Resolute
|-resisted|p1a: Keldeo-Resolute
|-damage|p1a: Keldeo-Resolute|234\/329
|
|-weather|none
|turn|11
|
|switch|p1a: Starmie|Starmie, shiny|261\/261
|-damage|p1a: Starmie|229\/261|[from] Stealth Rock
|switch|p2a: Slowbro|Slowbro, F|394\/394
|-damage|p2a: Slowbro|345\/394|[from] Stealth Rock
|
|-heal|p2a: Slowbro|369\/394|[from] item: Leftovers
|turn|12
|
|switch|p2a: Chansey|Chansey, F|426\/642
|-damage|p2a: Chansey|346\/642|[from] Stealth Rock
|move|p1a: Starmie|Rapid Spin|p2a: Chansey
|-damage|p2a: Chansey|325\/642
|-sideend|p1: OTRTVC|Stealth Rock|[from] move: Rapid Spin|[of] p1a: Starmie
|-damage|p1a: Starmie|203\/261|[from] item: Life Orb
|
|turn|13
|
|switch|p1a: Bisharp|Bisharp, M, shiny|139\/271
|move|p2a: Chansey|Soft-Boiled|p2a: Chansey
|-heal|p2a: Chansey|642\/642
|
|turn|14
|
|switch|p2a: Zapdos|Zapdos|261\/384
|-damage|p2a: Zapdos|165\/384|[from] Stealth Rock
|-ability|p2a: Zapdos|Pressure
|move|p1a: Bisharp|Knock Off|p2a: Zapdos
|-damage|p2a: Zapdos|59\/384
|
|turn|15
|
|move|p1a: Bisharp|Knock Off|p2a: Zapdos
|-crit|p2a: Zapdos
|-damage|p2a: Zapdos|0 fnt
|faint|p2a: Zapdos
|
|
|switch|p2a: Scizor|Scizor, F|344\/344
|-damage|p2a: Scizor|301\/344|[from] Stealth Rock
|turn|16
|
|switch|p1a: Charizard|Charizard-Mega-Y, M, shiny|149\/297
|-weather|SunnyDay
|detailschange|p2a: Scizor|Scizor-Mega, F
|-mega|p2a: Scizor|Scizor|Scizorite
|move|p2a: Scizor|Superpower|p1a: Charizard
|-resisted|p1a: Charizard
|-damage|p1a: Charizard|69\/297
|-unboost|p2a: Scizor|atk|1
|-unboost|p2a: Scizor|def|1
|
|-weather|SunnyDay|[upkeep]
|turn|17
|
|switch|p2a: Chansey|Chansey, F|642\/642
|-damage|p2a: Chansey|562\/642|[from] Stealth Rock
|move|p1a: Charizard|Roost|p1a: Charizard
|-heal|p1a: Charizard|218\/297
|
|-weather|SunnyDay|[upkeep]
|turn|18
|
|switch|p1a: Bisharp|Bisharp, M, shiny|139\/271
|move|p2a: Chansey|Stealth Rock|p1a: Bisharp
|-sidestart|p1: OTRTVC|move: Stealth Rock
|
|-weather|SunnyDay|[upkeep]
|turn|19
|
|move|p1a: Bisharp|Pursuit|p2a: Chansey
|-damage|p2a: Chansey|466\/642
|move|p2a: Chansey|Seismic Toss|p1a: Bisharp
|-damage|p1a: Bisharp|39\/271
|
|-weather|SunnyDay|[upkeep]
|turn|20
|
|move|p1a: Bisharp|Knock Off|p2a: Chansey
|-damage|p2a: Chansey|241\/642
|-enditem|p2a: Chansey|Eviolite|[from] move: Knock Off|[of] p1a: Bisharp
|move|p2a: Chansey|Soft-Boiled|p2a: Chansey
|-heal|p2a: Chansey|562\/642
|
|-weather|none
|turn|21
|
|move|p1a: Bisharp|Iron Head|p2a: Chansey
|-damage|p2a: Chansey|235\/642
|move|p2a: Chansey|Seismic Toss|p1a: Bisharp
|-damage|p1a: Bisharp|0 fnt
|faint|p1a: Bisharp
|
|
|switch|p1a: Starmie|Starmie, shiny|203\/261
|-damage|p1a: Starmie|171\/261|[from] Stealth Rock
|turn|22
|
|move|p1a: Starmie|Psyshock|p2a: Chansey
|-damage|p2a: Chansey|0 fnt
|-damage|p1a: Starmie|145\/261|[from] item: Life Orb
|faint|p2a: Chansey
|
|
|switch|p2a: Clefable|Clefable, F|394\/394
|-damage|p2a: Clefable|345\/394|[from] Stealth Rock
|turn|23
|
|move|p1a: Starmie|Rapid Spin|p2a: Clefable
|-damage|p2a: Clefable|335\/394
|-sideend|p1: OTRTVC|Stealth Rock|[from] move: Rapid Spin|[of] p1a: Starmie
|-damage|p1a: Starmie|119\/261|[from] item: Life Orb
|move|p2a: Clefable|Calm Mind|p2a: Clefable
|-boost|p2a: Clefable|spa|1
|-boost|p2a: Clefable|spd|1
|
|-heal|p2a: Clefable|359\/394|[from] item: Leftovers
|turn|24
|
|switch|p1a: Charizard|Charizard-Mega-Y, M, shiny|218\/297
|-weather|SunnyDay
|move|p2a: Clefable|Calm Mind|p2a: Clefable
|-boost|p2a: Clefable|spa|1
|-boost|p2a: Clefable|spd|1
|
|-weather|SunnyDay|[upkeep]
|-heal|p2a: Clefable|383\/394|[from] item: Leftovers
|turn|25
|
|move|p2a: Clefable|Protect|p2a: Clefable
|-singleturn|p2a: Clefable|Protect
|move|p1a: Charizard|Fire Blast|p2a: Clefable
|-activate|p2a: Clefable|Protect
|
|-weather|SunnyDay|[upkeep]
|-heal|p2a: Clefable|394\/394|[from] item: Leftovers
|turn|26
|
|move|p1a: Charizard|Fire Blast|p2a: Clefable
|-damage|p2a: Clefable|189\/394
|move|p2a: Clefable|Wish|p2a: Clefable
|
|-weather|SunnyDay|[upkeep]
|-heal|p2a: Clefable|213\/394|[from] item: Leftovers
|turn|27
|
|switch|p1a: Landorus|Landorus, M, shiny|319\/319
|move|p2a: Clefable|Protect|p2a: Clefable
|-fail|p2a: Clefable
|
|-weather|SunnyDay|[upkeep]
|-heal|p2a: Clefable|394\/394|[from] move: Wish|[wisher] Clefable
|turn|28
|
|move|p2a: Clefable|Protect|p2a: Clefable
|-singleturn|p2a: Clefable|Protect
|move|p1a: Landorus|Earth Power|p2a: Clefable
|-activate|p2a: Clefable|Protect
|
|-weather|none
|turn|29
|
|move|p1a: Landorus|Earth Power|p2a: Clefable
|-damage|p2a: Clefable|256\/394
|move|p2a: Clefable|Calm Mind|p2a: Clefable
|-boost|p2a: Clefable|spa|1
|-boost|p2a: Clefable|spd|1
|
|-heal|p2a: Clefable|280\/394|[from] item: Leftovers
|turn|30
|
|move|p2a: Clefable|Protect|p2a: Clefable
|-singleturn|p2a: Clefable|Protect
|move|p1a: Landorus|Earth Power|p2a: Clefable
|-activate|p2a: Clefable|Protect
|
|-heal|p2a: Clefable|304\/394|[from] item: Leftovers
|turn|31
|
|move|p1a: Landorus|Earth Power|p2a: Clefable
|-damage|p2a: Clefable|182\/394
|move|p2a: Clefable|Wish|p2a: Clefable
|
|-heal|p2a: Clefable|206\/394|[from] item: Leftovers
|turn|32
|
|move|p1a: Landorus|Earth Power|p2a: Clefable
|-damage|p2a: Clefable|89\/394
|move|p2a: Clefable|Calm Mind|p2a: Clefable
|-boost|p2a: Clefable|spa|1
|-boost|p2a: Clefable|spd|1
|
|-heal|p2a: Clefable|286\/394|[from] move: Wish|[wisher] Clefable
|-heal|p2a: Clefable|310\/394|[from] item: Leftovers
|turn|33
|
|move|p2a: Clefable|Protect|p2a: Clefable
|-singleturn|p2a: Clefable|Protect
|move|p1a: Landorus|Earth Power|p2a: Clefable
|-activate|p2a: Clefable|Protect
|
|-heal|p2a: Clefable|334\/394|[from] item: Leftovers
|turn|34
|
|move|p1a: Landorus|Earth Power|p2a: Clefable
|-damage|p2a: Clefable|240\/394
|move|p2a: Clefable|Wish|p2a: Clefable
|
|-heal|p2a: Clefable|264\/394|[from] item: Leftovers
|turn|35
|
|move|p1a: Landorus|Earth Power|p2a: Clefable
|-damage|p2a: Clefable|170\/394
|move|p2a: Clefable|Calm Mind|p2a: Clefable
|-boost|p2a: Clefable|spa|1
|-boost|p2a: Clefable|spd|1
|
|-heal|p2a: Clefable|367\/394|[from] move: Wish|[wisher] Clefable
|-heal|p2a: Clefable|391\/394|[from] item: Leftovers
|turn|36
|
|move|p2a: Clefable|Protect|p2a: Clefable
|-singleturn|p2a: Clefable|Protect
|move|p1a: Landorus|Earth Power|p2a: Clefable
|-activate|p2a: Clefable|Protect
|
|-heal|p2a: Clefable|394\/394|[from] item: Leftovers
|turn|37
|
|move|p1a: Landorus|Earth Power|p2a: Clefable
|-damage|p2a: Clefable|303\/394
|move|p2a: Clefable|Wish|p2a: Clefable
|
|-heal|p2a: Clefable|327\/394|[from] item: Leftovers
|turn|38
|
|move|p1a: Landorus|Earth Power|p2a: Clefable
|-damage|p2a: Clefable|248\/394
|move|p2a: Clefable|Calm Mind|p2a: Clefable
|-boost|p2a: Clefable|spa|1
|-boost|p2a: Clefable|spd|1
|
|-heal|p2a: Clefable|394\/394|[from] move: Wish|[wisher] Clefable
|turn|39
|
|move|p2a: Clefable|Protect|p2a: Clefable
|-singleturn|p2a: Clefable|Protect
|move|p1a: Landorus|Earth Power|p2a: Clefable
|-activate|p2a: Clefable|Protect
|
|turn|40
|
|move|p1a: Landorus|Earth Power|p2a: Clefable
|-damage|p2a: Clefable|315\/394
|move|p2a: Clefable|Wish|p2a: Clefable
|
|-heal|p2a: Clefable|339\/394|[from] item: Leftovers
|turn|41
|
|move|p1a: Landorus|Psychic|p2a: Clefable
|-damage|p2a: Clefable|291\/394
|move|p2a: Clefable|Moonblast|p1a: Landorus
|-crit|p1a: Landorus
|-damage|p1a: Landorus|0 fnt
|faint|p1a: Landorus
|
|-heal|p2a: Clefable|394\/394|[from] move: Wish|[wisher] Clefable
|
|switch|p1a: Starmie|Starmie, shiny|119\/261
|turn|42
|
|move|p2a: Clefable|Protect|p2a: Clefable
|-singleturn|p2a: Clefable|Protect
|move|p1a: Starmie|Hydro Pump|p2a: Clefable
|-activate|p2a: Clefable|Protect
|
|turn|43
|
|move|p1a: Starmie|Hydro Pump|p2a: Clefable|[miss]
|-miss|p1a: Starmie|p2a: Clefable
|move|p2a: Clefable|Wish|p2a: Clefable
|
|turn|44
|
|move|p1a: Starmie|Hydro Pump|p2a: Clefable
|-damage|p2a: Clefable|336\/394
|-damage|p1a: Starmie|93\/261|[from] item: Life Orb
|move|p2a: Clefable|Moonblast|p1a: Starmie
|-crit|p1a: Starmie
|-damage|p1a: Starmie|0 fnt
|faint|p1a: Starmie
|
|-heal|p2a: Clefable|394\/394|[from] move: Wish|[wisher] Clefable
|
|switch|p1a: Keldeo-Resolute|Keldeo-Resolute, shiny|234\/329
|turn|45
|
|move|p1a: Keldeo-Resolute|Hydro Pump|p2a: Clefable
|-damage|p2a: Clefable|336\/394
|move|p2a: Clefable|Wish|p2a: Clefable
|
|-heal|p2a: Clefable|360\/394|[from] item: Leftovers
|turn|46
|
|move|p1a: Keldeo-Resolute|Hydro Pump|p2a: Clefable
|-damage|p2a: Clefable|297\/394
|move|p2a: Clefable|Moonblast|p1a: Keldeo-Resolute
|-supereffective|p1a: Keldeo-Resolute
|-damage|p1a: Keldeo-Resolute|0 fnt
|faint|p1a: Keldeo-Resolute
|
|-heal|p2a: Clefable|394\/394|[from] move: Wish|[wisher] Clefable
|
|switch|p1a: Thundurus|Thundurus, M, shiny|299\/299
|turn|47
|
|move|p2a: Clefable|Protect|p2a: Clefable
|-singleturn|p2a: Clefable|Protect
|move|p1a: Thundurus|Thunder Wave|p2a: Clefable
|-activate|p2a: Clefable|Protect
|
|turn|48
|
|move|p1a: Thundurus|Thunderbolt|p2a: Clefable
|-damage|p2a: Clefable|339\/394
|-damage|p1a: Thundurus|270\/299|[from] item: Life Orb
|move|p2a: Clefable|Moonblast|p1a: Thundurus
|-damage|p1a: Thundurus|0 fnt
|faint|p1a: Thundurus
|
|-heal|p2a: Clefable|363\/394|[from] item: Leftovers
|
|switch|p1a: Charizard|Charizard-Mega-Y, M, shiny|218\/297
|-weather|SunnyDay
|turn|49
|c|âb470killer|gg
|
|move|p1a: Charizard|Fire Blast|p2a: Clefable
|-damage|p2a: Clefable|251\/394
|move|p2a: Clefable|Moonblast|p1a: Charizard
|-resisted|p1a: Charizard
|-damage|p1a: Charizard|34\/297
|-unboost|p1a: Charizard|spa|1
|
|-weather|SunnyDay|[upkeep]
|-heal|p2a: Clefable|275\/394|[from] item: Leftovers
|turn|50
|
|move|p1a: Charizard|Fire Blast|p2a: Clefable
|-damage|p2a: Clefable|166\/394
|move|p2a: Clefable|Moonblast|p1a: Charizard
|-resisted|p1a: Charizard
|-damage|p1a: Charizard|0 fnt
|faint|p1a: Charizard
|
|win|b470killer
|raw|Ladder updating...
|raw|OTRTVC's rating: 1709 &rarr; <strong>1685<\/strong><br \/>(-24 for losing)
|raw|b470killer's rating: 1644 &rarr; <strong>1668<\/strong><br \/>(+24 for winning)
|leave|OTRTVC
|player|p1
|leave|FlyinghPotato