|join|Arcanine is Regal
|join|OTRTVC
|player|p1|Arcanine is Regal|126
|player|p2|OTRTVC|290
|gametype|singles
|gen|6
|tier|OU
|rated
|clearpoke
|poke|p1|Bisharp, F
|poke|p1|Gengar, F
|poke|p1|Manectric, M
|poke|p1|Landorus-Therian, M
|poke|p1|Mamoswine, F
|poke|p1|Azumarill, F
|poke|p2|Keldeo-Resolute, shiny
|poke|p2|Bisharp, F, shiny
|poke|p2|Charizard, M, shiny
|poke|p2|Landorus, M, shiny
|poke|p2|Starmie, shiny
|poke|p2|Thundurus, M, shiny
|rule|Swagger Clause: Swagger is banned
|rule|Baton Pass Clause: Limit one PokÃ©mon knowing Baton Pass
|rule|Sleep Clause Mod: Limit one foe put to sleep
|rule|Species Clause: Limit one of each PokÃ©mon
|rule|OHKO Clause: OHKO moves are banned
|rule|Moody Clause: Moody is banned
|rule|Evasion Moves Clause: Evasion moves are banned
|rule|Endless Battle Clause: Forcing endless battles is banned
|rule|HP Percentage Mod: HP is shown in percentages
|teampreview
|
|start
|switch|p1a: Mamoswine|Mamoswine, F|381\/381
|switch|p2a: Bisharp|Bisharp, F, shiny|271\/271
|turn|1
|
|switch|p2a: Keldeo-Resolute|Keldeo-Resolute, shiny|329\/329
|move|p1a: Mamoswine|Stealth Rock|p2a: Keldeo-Resolute
|-sidestart|p2: OTRTVC|move: Stealth Rock
|
|turn|2
|
|move|p2a: Keldeo-Resolute|Scald|p1a: Mamoswine
|-supereffective|p1a: Mamoswine
|-enditem|p1a: Mamoswine|Focus Sash
|-damage|p1a: Mamoswine|1\/381
|-status|p1a: Mamoswine|brn
|move|p1a: Mamoswine|Endeavor|p2a: Keldeo-Resolute
|-damage|p2a: Keldeo-Resolute|1\/329
|
|-damage|p1a: Mamoswine|0 fnt|[from] brn
|faint|p1a: Mamoswine
|
|switch|p1a: Azumarill|Azumarill, F|342\/342
|turn|3
|
|move|p2a: Keldeo-Resolute|Scald|p1a: Azumarill
|-resisted|p1a: Azumarill
|-damage|p1a: Azumarill|252\/342
|move|p1a: Azumarill|Belly Drum|p1a: Azumarill
|-damage|p1a: Azumarill|81\/342
|-setboost|p1a: Azumarill|atk|6|[from] move: Belly Drum
|-enditem|p1a: Azumarill|Sitrus Berry|[eat]
|-heal|p1a: Azumarill|166\/342|[from] item: Sitrus Berry
|
|turn|4
|
|move|p1a: Azumarill|Aqua Jet|p2a: Keldeo-Resolute
|-crit|p2a: Keldeo-Resolute
|-resisted|p2a: Keldeo-Resolute
|-damage|p2a: Keldeo-Resolute|0 fnt
|faint|p2a: Keldeo-Resolute
|
|c|âArcanine is Regal|my mamo doesnt have eq
|
|switch|p2a: Starmie|Starmie, shiny|261\/261
|-damage|p2a: Starmie|229\/261|[from] Stealth Rock
|turn|5
|c|âArcanine is Regal|XD
|
|move|p1a: Azumarill|Aqua Jet|p2a: Starmie
|-resisted|p2a: Starmie
|-damage|p2a: Starmie|16\/261
|move|p2a: Starmie|Psyshock|p1a: Azumarill
|-damage|p1a: Azumarill|0 fnt
|-damage|p2a: Starmie|0 fnt|[from] item: Life Orb
|faint|p1a: Azumarill
|faint|p2a: Starmie
|
|join|toneloni97
|
|switch|p1a: Gengar|Gengar, F|262\/262
|switch|p2a: Bisharp|Bisharp, F, shiny|271\/271
|-damage|p2a: Bisharp|255\/271|[from] Stealth Rock
|turn|6
|
|move|p2a: Bisharp|Sucker Punch|p1a: Gengar
|-fail|p1a: Gengar
|move|p1a: Gengar|Destiny Bond|p1a: Gengar
|-singlemove|p1a: Gengar|Destiny Bond
|
|turn|7
|
|switch|p2a: Charizard|Charizard, M, shiny|297\/297
|-damage|p2a: Charizard|149\/297|[from] Stealth Rock
|move|p1a: Gengar|Focus Blast|p2a: Charizard|[miss]
|-miss|p1a: Gengar|p2a: Charizard
|
|turn|8
|
|detailschange|p2a: Charizard|Charizard-Mega-Y, M, shiny
|-mega|p2a: Charizard|Charizard|Charizardite Y
|-weather|SunnyDay
|move|p1a: Gengar|Sludge Wave|p2a: Charizard
|-damage|p2a: Charizard|0 fnt
|-damage|p1a: Gengar|236\/262|[from] item: Life Orb
|faint|p2a: Charizard
|
|-weather|SunnyDay|[upkeep]
|
|switch|p2a: Thundurus|Thundurus, M, shiny|299\/299
|-damage|p2a: Thundurus|225\/299|[from] Stealth Rock
|turn|9
|
|switch|p2a: Bisharp|Bisharp, F, shiny|255\/271
|-damage|p2a: Bisharp|239\/271|[from] Stealth Rock
|switch|p1a: Manectric|Manectric, M|281\/281
|
|-weather|SunnyDay|[upkeep]
|turn|10
|
|move|p2a: Bisharp|Pursuit|p1a: Manectric|[from]Pursuit
|-damage|p1a: Manectric|47\/281
|switch|p1a: Bisharp|Bisharp, F|278\/278
|
|-weather|SunnyDay|[upkeep]
|turn|11
|
|switch|p2a: Thundurus|Thundurus, M, shiny|225\/299
|-damage|p2a: Thundurus|151\/299|[from] Stealth Rock
|move|p1a: Bisharp|Low Kick|p2a: Thundurus
|-resisted|p2a: Thundurus
|-damage|p2a: Thundurus|74\/299
|-damage|p1a: Bisharp|251\/278|[from] item: Life Orb
|
|-weather|SunnyDay|[upkeep]
|turn|12
|
|move|p2a: Thundurus|Thunder Wave|p1a: Bisharp
|-status|p1a: Bisharp|par
|move|p1a: Bisharp|Sucker Punch|p2a: Thundurus
|-fail|p2a: Thundurus
|
|-weather|none
|turn|13
|
|move|p1a: Bisharp|Sucker Punch|p2a: Thundurus
|-damage|p2a: Thundurus|0 fnt
|-damage|p1a: Bisharp|224\/278 par|[from] item: Life Orb
|faint|p2a: Thundurus
|
|
|switch|p2a: Landorus|Landorus, M, shiny|319\/319
|-damage|p2a: Landorus|280\/319|[from] Stealth Rock
|turn|14
|
|move|p2a: Landorus|Stealth Rock|p1a: Bisharp
|-sidestart|p1: Arcanine is Regal|move: Stealth Rock
|move|p1a: Bisharp|Iron Head|p2a: Landorus
|-damage|p2a: Landorus|73\/319
|-damage|p1a: Bisharp|197\/278 par|[from] item: Life Orb
|
|turn|15
|
|move|p1a: Bisharp|Sucker Punch|p2a: Landorus
|-damage|p2a: Landorus|0 fnt
|-damage|p1a: Bisharp|170\/278 par|[from] item: Life Orb
|faint|p2a: Landorus
|
|-message|OTRTVC forfeited.
|
|win|Arcanine is Regal
|raw|Ladder updating...
|leave|OTRTVC
|player|p2
|raw|Arcanine is Regal's rating: 1685 &rarr; <strong>1701<\/strong><br \/>(+16 for winning)
|raw|OTRTVC's rating: 1616 &rarr; <strong>1599<\/strong><br \/>(-17 for losing)