|join|OTRTVC
|join|AdityaKhuntia
|player|p1|OTRTVC|290
|player|p2|AdityaKhuntia|253
|gametype|singles
|gen|6
|tier|OU (suspect test)
|rated
|clearpoke
|poke|p1|Gengar, M, shiny
|poke|p1|Azelf, shiny
|poke|p1|Metagross, shiny
|poke|p1|Azumarill, F, shiny
|poke|p1|Landorus, M, shiny
|poke|p1|Magnezone, shiny
|poke|p2|Keldeo-Resolute
|poke|p2|Bisharp, M
|poke|p2|Gengar, M
|poke|p2|Gallade, M
|poke|p2|Garchomp, M
|poke|p2|Breloom, M
|rule|Swagger Clause: Swagger is banned
|rule|Baton Pass Clause: Limit one PokÃ©mon knowing Baton Pass
|rule|Sleep Clause Mod: Limit one foe put to sleep
|rule|Species Clause: Limit one of each PokÃ©mon
|rule|OHKO Clause: OHKO moves are banned
|rule|Moody Clause: Moody is banned
|rule|Evasion Moves Clause: Evasion moves are banned
|rule|Endless Battle Clause: Forcing endless battles is banned
|rule|HP Percentage Mod: HP is shown in percentages
|teampreview
|
|start
|switch|p1a: Azelf|Azelf, shiny|291\/291
|switch|p2a: Gengar|Gengar, M|261\/261
|turn|1
|
|move|p1a: Azelf|Stealth Rock|p2a: Gengar
|-sidestart|p2: AdityaKhuntia|move: Stealth Rock
|move|p2a: Gengar|Shadow Ball|p1a: Azelf
|-supereffective|p1a: Azelf
|-enditem|p1a: Azelf|Focus Sash
|-damage|p1a: Azelf|1\/291
|-damage|p2a: Gengar|235\/261|[from] item: Life Orb
|
|turn|2
|
|move|p1a: Azelf|Fire Blast|p2a: Gengar
|-damage|p2a: Gengar|95\/261
|move|p2a: Gengar|Sludge Wave|p1a: Azelf
|-damage|p1a: Azelf|0 fnt
|-damage|p2a: Gengar|69\/261|[from] item: Life Orb
|faint|p1a: Azelf
|
|
|switch|p1a: Magnezone|Magnezone, shiny|285\/285
|turn|3
|
|move|p1a: Magnezone|Flash Cannon|p2a: Gengar
|-damage|p2a: Gengar|0 fnt
|faint|p2a: Gengar
|
|
|switch|p2a: Bisharp|Bisharp, M|271\/271
|-damage|p2a: Bisharp|255\/271|[from] Stealth Rock
|turn|4
|
|move|p1a: Magnezone|Flash Cannon|p2a: Bisharp
|-resisted|p2a: Bisharp
|-damage|p2a: Bisharp|165\/271
|move|p2a: Bisharp|Swords Dance|p2a: Bisharp
|-boost|p2a: Bisharp|atk|2
|
|turn|5
|
|switch|p1a: Azumarill|Azumarill, F, shiny|401\/401
|move|p2a: Bisharp|Knock Off|p1a: Azumarill
|-resisted|p1a: Azumarill
|-damage|p1a: Azumarill|102\/401
|-enditem|p1a: Azumarill|Assault Vest|[from] move: Knock Off|[of] p2a: Bisharp
|-damage|p2a: Bisharp|138\/271|[from] item: Life Orb
|
|turn|6
|
|switch|p1a: Magnezone|Magnezone, shiny|285\/285
|move|p2a: Bisharp|Iron Head|p1a: Magnezone
|-resisted|p1a: Magnezone
|-damage|p1a: Magnezone|204\/285
|-damage|p2a: Bisharp|111\/271|[from] item: Life Orb
|
|turn|7
|
|move|p2a: Bisharp|Sucker Punch|p1a: Magnezone
|-damage|p1a: Magnezone|0 fnt
|-damage|p2a: Bisharp|84\/271|[from] item: Life Orb
|faint|p1a: Magnezone
|
|
|switch|p1a: Azumarill|Azumarill, F, shiny|102\/401
|turn|8
|
|move|p2a: Bisharp|Sucker Punch|p1a: Azumarill
|-resisted|p1a: Azumarill
|-damage|p1a: Azumarill|0 fnt
|-damage|p2a: Bisharp|57\/271|[from] item: Life Orb
|faint|p1a: Azumarill
|
|
|switch|p1a: Landorus|Landorus, M, shiny|345\/345
|turn|9
|
|move|p2a: Bisharp|Sucker Punch|p1a: Landorus
|-fail|p1a: Landorus
|move|p1a: Landorus|Rock Polish|p1a: Landorus
|-boost|p1a: Landorus|spe|2
|
|turn|10
|
|move|p2a: Bisharp|Sucker Punch|p1a: Landorus
|-fail|p1a: Landorus
|move|p1a: Landorus|Rock Polish|p1a: Landorus
|-boost|p1a: Landorus|spe|2
|
|turn|11
|
|move|p2a: Bisharp|Sucker Punch|p1a: Landorus
|-crit|p1a: Landorus
|-damage|p1a: Landorus|0 fnt
|-damage|p2a: Bisharp|30\/271|[from] item: Life Orb
|faint|p1a: Landorus
|
|-message|OTRTVC forfeited.
|leave|OTRTVC
|
|win|AdityaKhuntia
|raw|Ladder updating...
|player|p1
|raw|OTRTVC's rating: 1363 &rarr; <strong>1337<\/strong><br \/>(-26 for losing)
|raw|AdityaKhuntia's rating: 1264 &rarr; <strong>1296<\/strong><br \/>(+32 for winning)