|join|OTRTVC
|join|Drake G.
|player|p1|OTRTVC|290
|player|p2|Drake G.|25
|gametype|singles
|gen|6
|tier|OU (suspect test)
|rated
|clearpoke
|poke|p1|Raikou, shiny
|poke|p1|Gengar, F, shiny
|poke|p1|Landorus-Therian, M, shiny
|poke|p1|Azelf, shiny
|poke|p1|Metagross, shiny
|poke|p1|Azumarill, F, shiny
|poke|p2|Venusaur, M
|poke|p2|Porygon2
|poke|p2|Garchomp, F
|poke|p2|Umbreon, F
|poke|p2|Latios, M
|poke|p2|Scizor, F
|rule|Swagger Clause: Swagger is banned
|rule|Baton Pass Clause: Limit one PokÃ©mon knowing Baton Pass
|rule|Sleep Clause Mod: Limit one foe put to sleep
|rule|Species Clause: Limit one of each PokÃ©mon
|rule|OHKO Clause: OHKO moves are banned
|rule|Moody Clause: Moody is banned
|rule|Evasion Moves Clause: Evasion moves are banned
|rule|Endless Battle Clause: Forcing endless battles is banned
|rule|HP Percentage Mod: HP is shown in percentages
|teampreview
|
|start
|switch|p1a: Azelf|Azelf, shiny|291\/291
|switch|p2a: Karschomp|Garchomp, F|357\/357
|turn|1
|
|move|p1a: Azelf|Stealth Rock|p2a: Karschomp
|-sidestart|p2: Drake G.|move: Stealth Rock
|move|p2a: Karschomp|Dragon Claw|p1a: Azelf
|-damage|p1a: Azelf|45\/291
|-damage|p2a: Karschomp|322\/357|[from] item: Life Orb
|
|turn|2
|
|switch|p2a: Scizor|Scizor, F|343\/343
|-damage|p2a: Scizor|301\/343|[from] Stealth Rock
|move|p1a: Azelf|Explosion|p2a: Scizor
|-resisted|p2a: Scizor
|-damage|p2a: Scizor|145\/343
|faint|p1a: Azelf
|
|
|switch|p1a: Raikou|Raikou, shiny|321\/321
|-ability|p1a: Raikou|Pressure
|turn|3
|
|move|p1a: Raikou|Volt Switch|p2a: Scizor
|-crit|p2a: Scizor
|-damage|p2a: Scizor|0 fnt
|faint|p2a: Scizor
|
|switch|p1a: Azumarill|Azumarill, F, shiny|401\/401
|
|
|switch|p2a: Venusaur|Venusaur, M|363\/363
|-damage|p2a: Venusaur|318\/363|[from] Stealth Rock
|turn|4
|
|switch|p1a: Metagross|Metagross, shiny|301\/301
|detailschange|p2a: Venusaur|Venusaur-Mega, M
|-mega|p2a: Venusaur|Venusaur|Venusaurite
|move|p2a: Venusaur|Giga Drain|p1a: Metagross
|-resisted|p1a: Metagross
|-damage|p1a: Metagross|235\/301
|-heal|p2a: Venusaur|351\/363|[from] drain|[of] p1a: Metagross
|
|turn|5
|
|switch|p2a: Porygon2|Porygon2|373\/373
|-damage|p2a: Porygon2|327\/373|[from] Stealth Rock
|-ability|p2a: Porygon2|Clear Body|[from] ability: Trace|[of] p1a: Metagross
|detailschange|p1a: Metagross|Metagross-Mega, shiny
|-mega|p1a: Metagross|Metagross|Metagrossite
|move|p1a: Metagross|Meteor Mash|p2a: Porygon2
|-damage|p2a: Porygon2|197\/373
|-boost|p1a: Metagross|atk|1
|
|turn|6
|
|move|p1a: Metagross|Meteor Mash|p2a: Porygon2
|-damage|p2a: Porygon2|11\/373
|move|p2a: Porygon2|Foul Play|p1a: Metagross
|-supereffective|p1a: Metagross
|-damage|p1a: Metagross|0 fnt
|faint|p1a: Metagross
|
|
|switch|p1a: Landorus-Therian|Landorus-Therian, M, shiny|327\/327
|-ability|p1a: Landorus-Therian|Intimidate|[of] p2a: Porygon2
|-fail|p2a: Porygon2|unboost|[from] ability: Clear Body|[of] p2a: Porygon2
|turn|7
|
|move|p1a: Landorus-Therian|U-turn|p2a: Porygon2
|-damage|p2a: Porygon2|0 fnt
|faint|p2a: Porygon2
|
|switch|p1a: Gengar|Gengar, F, shiny|261\/261
|
|
|switch|p2a: Karschomp|Garchomp, F|322\/357
|-damage|p2a: Karschomp|300\/357|[from] Stealth Rock
|turn|8
|
|switch|p1a: Landorus-Therian|Landorus-Therian, M, shiny|327\/327
|-ability|p1a: Landorus-Therian|Intimidate|[of] p2a: Karschomp
|-unboost|p2a: Karschomp|atk|1
|move|p2a: Karschomp|Dragon Claw|p1a: Landorus-Therian
|-damage|p1a: Landorus-Therian|197\/327
|-damage|p2a: Karschomp|265\/357|[from] item: Life Orb
|
|turn|9
|
|move|p1a: Landorus-Therian|Explosion|p2a: Karschomp
|-damage|p2a: Karschomp|0 fnt
|faint|p1a: Landorus-Therian
|faint|p2a: Karschomp
|
|
|switch|p1a: Gengar|Gengar, F, shiny|261\/261
|switch|p2a: Venusaur|Venusaur-Mega, M|351\/363
|-damage|p2a: Venusaur|306\/363|[from] Stealth Rock
|turn|10
|
|move|p1a: Gengar|Sludge Wave|p2a: Venusaur
|-damage|p2a: Venusaur|141\/363
|-damage|p1a: Gengar|235\/261|[from] item: Life Orb
|move|p2a: Venusaur|Giga Drain|p1a: Gengar
|-resisted|p1a: Gengar
|-damage|p1a: Gengar|171\/261
|-heal|p2a: Venusaur|173\/363|[from] drain|[of] p1a: Gengar
|
|turn|11
|
|switch|p2a: Umbreon|Umbreon, F|394\/394
|-damage|p2a: Umbreon|345\/394|[from] Stealth Rock
|move|p1a: Gengar|Sludge Wave|p2a: Umbreon
|-damage|p2a: Umbreon|196\/394
|-status|p2a: Umbreon|psn
|-damage|p1a: Gengar|145\/261|[from] item: Life Orb
|
|-heal|p2a: Umbreon|220\/394 psn|[from] item: Leftovers
|-damage|p2a: Umbreon|171\/394 psn|[from] psn
|turn|12
|
|move|p1a: Gengar|Focus Blast|p2a: Umbreon
|-supereffective|p2a: Umbreon
|-damage|p2a: Umbreon|0 fnt
|-damage|p1a: Gengar|119\/261|[from] item: Life Orb
|faint|p2a: Umbreon
|
|
|switch|p2a: Latios|Latios, M|301\/301
|-damage|p2a: Latios|264\/301|[from] Stealth Rock
|turn|13
|
|switch|p1a: Raikou|Raikou, shiny|321\/321
|-ability|p1a: Raikou|Pressure
|move|p2a: Latios|Psyshock|p1a: Raikou
|-damage|p1a: Raikou|103\/321
|-damage|p2a: Latios|234\/301|[from] item: Life Orb
|
|turn|14
|
|move|p1a: Raikou|Shadow Ball|p2a: Latios
|-supereffective|p2a: Latios
|-damage|p2a: Latios|0 fnt
|faint|p2a: Latios
|
|
|switch|p2a: Venusaur|Venusaur-Mega, M|173\/363
|-damage|p2a: Venusaur|128\/363|[from] Stealth Rock
|turn|15
|
|move|p1a: Raikou|Shadow Ball|p2a: Venusaur
|-damage|p2a: Venusaur|35\/363
|move|p2a: Venusaur|Synthesis|p2a: Venusaur
|-heal|p2a: Venusaur|216\/363
|
|turn|16
|
|switch|p1a: Gengar|Gengar, F, shiny|119\/261
|move|p2a: Venusaur|Synthesis|p2a: Venusaur
|-heal|p2a: Venusaur|363\/363
|
|turn|17
|
|move|p1a: Gengar|Sludge Wave|p2a: Venusaur
|-damage|p2a: Venusaur|182\/363
|-damage|p1a: Gengar|93\/261|[from] item: Life Orb
|move|p2a: Venusaur|Giga Drain|p1a: Gengar
|-crit|p1a: Gengar
|-resisted|p1a: Gengar
|-damage|p1a: Gengar|0 fnt
|-heal|p2a: Venusaur|229\/363|[from] drain|[of] p1a: Gengar
|faint|p1a: Gengar
|
|
|switch|p1a: Raikou|Raikou, shiny|103\/321
|-ability|p1a: Raikou|Pressure
|turn|18
|
|move|p1a: Raikou|Shadow Ball|p2a: Venusaur
|-damage|p2a: Venusaur|133\/363
|move|p2a: Venusaur|Giga Drain|p1a: Raikou
|-damage|p1a: Raikou|0 fnt
|-heal|p2a: Venusaur|185\/363|[from] drain|[of] p1a: Raikou
|faint|p1a: Raikou
|
|
|switch|p1a: Azumarill|Azumarill, F, shiny|401\/401
|turn|19
|
|move|p2a: Venusaur|Giga Drain|p1a: Azumarill
|-supereffective|p1a: Azumarill
|-damage|p1a: Azumarill|231\/401
|-heal|p2a: Venusaur|270\/363|[from] drain|[of] p1a: Azumarill
|move|p1a: Azumarill|Play Rough|p2a: Venusaur
|-resisted|p2a: Venusaur
|-damage|p2a: Venusaur|201\/363
|
|turn|20
|-message|OTRTVC forfeited.
|-message|OTRTVC forfeited.
|leave|OTRTVC
|
|win|Drake G.
|raw|Ladder updating...
|raw|OTRTVC's rating: 1213 &rarr; <strong>1186<\/strong><br \/>(-27 for losing)
|raw|Drake G.'s rating: 1177 &rarr; <strong>1204<\/strong><br \/>(+27 for winning)
|player|p1