|join|orangensaftglas
|join|OTRTVC
|player|p1|orangensaftglas|242
|player|p2|OTRTVC|290
|gametype|singles
|gen|6
|tier|OU (suspect test)
|rated
|clearpoke
|poke|p1|Sceptile, M
|poke|p1|Tyranitar, F
|poke|p1|Talonflame, M
|poke|p1|Dragonite, M
|poke|p1|Scizor, F
|poke|p1|Keldeo
|poke|p2|Gengar, F, shiny
|poke|p2|Azelf, shiny
|poke|p2|Metagross, shiny
|poke|p2|Azumarill, M, shiny
|poke|p2|Landorus, M, shiny
|poke|p2|Magnezone, shiny
|rule|Swagger Clause: Swagger is banned
|rule|Baton Pass Clause: Limit one PokÃ©mon knowing Baton Pass
|rule|Sleep Clause Mod: Limit one foe put to sleep
|rule|Species Clause: Limit one of each PokÃ©mon
|rule|OHKO Clause: OHKO moves are banned
|rule|Moody Clause: Moody is banned
|rule|Evasion Moves Clause: Evasion moves are banned
|rule|Endless Battle Clause: Forcing endless battles is banned
|rule|HP Percentage Mod: HP is shown in percentages
|teampreview
|
|start
|switch|p1a: Tyranitar|Tyranitar, F|403\/403
|switch|p2a: Azelf|Azelf, shiny|291\/291
|-weather|Sandstorm
|turn|1
|
|move|p2a: Azelf|Stealth Rock|p1a: Tyranitar
|-sidestart|p1: orangensaftglas|move: Stealth Rock
|move|p1a: Tyranitar|Crunch|p2a: Azelf
|-supereffective|p2a: Azelf
|-enditem|p2a: Azelf|Focus Sash
|-damage|p2a: Azelf|1\/291
|-unboost|p2a: Azelf|def|1
|
|-weather|Sandstorm|[upkeep]
|-damage|p2a: Azelf|0 fnt|[from] sandstorm
|faint|p2a: Azelf
|
|switch|p2a: Metagross|Metagross, shiny|301\/301
|turn|2
|
|switch|p1a: Scizor|Scizor, F|344\/344
|-damage|p1a: Scizor|301\/344|[from] Stealth Rock
|detailschange|p2a: Metagross|Metagross-Mega, shiny
|-mega|p2a: Metagross|Metagross|Metagrossite
|move|p2a: Metagross|Meteor Mash|p1a: Scizor
|-resisted|p1a: Scizor
|-damage|p1a: Scizor|218\/344
|
|-weather|Sandstorm|[upkeep]
|-heal|p1a: Scizor|239\/344|[from] item: Leftovers
|turn|3
|
|switch|p2a: Magnezone|Magnezone, shiny|285\/285
|move|p1a: Scizor|Defog|p2a: Magnezone
|-unboost|p2a: Magnezone|evasion|1
|-sideend|p1: orangensaftglas|Stealth Rock|[from] move: Defog|[of] p1a: Scizor
|
|-weather|Sandstorm|[upkeep]
|-heal|p1a: Scizor|260\/344|[from] item: Leftovers
|turn|4
|
|move|p2a: Magnezone|Hidden Power|p1a: Scizor
|-supereffective|p1a: Scizor
|-damage|p1a: Scizor|0 fnt
|faint|p1a: Scizor
|
|-weather|Sandstorm|[upkeep]
|
|switch|p1a: Keldeo|Keldeo|323\/323
|turn|5
|
|switch|p2a: Azumarill|Azumarill, M, shiny|401\/401
|move|p1a: Keldeo|Secret Sword|p2a: Azumarill
|-resisted|p2a: Azumarill
|-damage|p2a: Azumarill|299\/401
|
|-weather|none
|turn|6
|
|switch|p1a: Talonflame|Talonflame, M|360\/360
|move|p2a: Azumarill|Play Rough|p1a: Talonflame
|-resisted|p1a: Talonflame
|-damage|p1a: Talonflame|231\/360
|
|turn|7
|
|move|p1a: Talonflame|Brave Bird|p2a: Azumarill
|-damage|p2a: Azumarill|46\/401
|-damage|p1a: Talonflame|148\/360|[from] recoil|[of] p2a: Azumarill
|move|p2a: Azumarill|Waterfall|p1a: Talonflame
|-supereffective|p1a: Talonflame
|-damage|p1a: Talonflame|0 fnt
|faint|p1a: Talonflame
|
|
|switch|p1a: Keldeo|Keldeo|323\/323
|turn|8
|
|move|p2a: Azumarill|Aqua Jet|p1a: Keldeo
|-resisted|p1a: Keldeo
|-damage|p1a: Keldeo|278\/323
|move|p1a: Keldeo|Scald|p2a: Azumarill
|-resisted|p2a: Azumarill
|-damage|p2a: Azumarill|0 fnt
|faint|p2a: Azumarill
|
|
|switch|p2a: Magnezone|Magnezone, shiny|285\/285
|turn|9
|
|switch|p1a: Tyranitar|Tyranitar, F|403\/403
|-weather|Sandstorm
|move|p2a: Magnezone|Volt Switch|p1a: Tyranitar
|-damage|p1a: Tyranitar|312\/403
|
|switch|p2a: Metagross|Metagross-Mega, shiny|301\/301
|
|-weather|Sandstorm|[upkeep]
|turn|10
|
|move|p2a: Metagross|Meteor Mash|p1a: Tyranitar|[miss]
|-miss|p2a: Metagross|p1a: Tyranitar
|move|p1a: Tyranitar|Crunch|p2a: Metagross
|-supereffective|p2a: Metagross
|-damage|p2a: Metagross|85\/301
|
|-weather|Sandstorm|[upkeep]
|turn|11
|
|switch|p1a: Keldeo|Keldeo|278\/323
|move|p2a: Metagross|Meteor Mash|p1a: Keldeo
|-resisted|p1a: Keldeo
|-damage|p1a: Keldeo|149\/323
|
|-weather|Sandstorm|[upkeep]
|-damage|p1a: Keldeo|129\/323|[from] sandstorm
|turn|12
|
|move|p1a: Keldeo|Scald|p2a: Metagross
|-crit|p2a: Metagross
|-damage|p2a: Metagross|0 fnt
|faint|p2a: Metagross
|
|-weather|Sandstorm|[upkeep]
|-damage|p1a: Keldeo|109\/323|[from] sandstorm
|
|switch|p2a: Magnezone|Magnezone, shiny|285\/285
|turn|13
|
|switch|p1a: Dragonite|Dragonite, M|377\/377
|move|p2a: Magnezone|Volt Switch|p1a: Dragonite
|-damage|p1a: Dragonite|319\/377
|
|switch|p2a: Gengar|Gengar, F, shiny|261\/261
|
|-weather|none
|-heal|p1a: Dragonite|342\/377|[from] item: Leftovers
|turn|14
|
|move|p2a: Gengar|Taunt|p1a: Dragonite
|-start|p1a: Dragonite|move: Taunt
|move|p1a: Dragonite|Dragon Claw|p2a: Gengar
|-damage|p2a: Gengar|45\/261
|
|-heal|p1a: Dragonite|365\/377|[from] item: Leftovers
|turn|15
|
|move|p2a: Gengar|Sludge Wave|p1a: Dragonite
|-damage|p1a: Dragonite|162\/377
|-damage|p2a: Gengar|19\/261|[from] item: Life Orb
|move|p1a: Dragonite|Dragon Claw|p2a: Gengar
|-damage|p2a: Gengar|0 fnt
|faint|p2a: Gengar
|
|-heal|p1a: Dragonite|185\/377|[from] item: Leftovers
|
|switch|p2a: Magnezone|Magnezone, shiny|285\/285
|turn|16
|
|move|p2a: Magnezone|Volt Switch|p1a: Dragonite
|-damage|p1a: Dragonite|70\/377
|
|switch|p2a: Landorus|Landorus, M, shiny|345\/345
|move|p1a: Dragonite|Earthquake|p2a: Landorus
|-immune|p2a: Landorus|[msg]
|
|-heal|p1a: Dragonite|93\/377|[from] item: Leftovers
|-end|p1a: Dragonite|move: Taunt
|turn|17
|
|move|p1a: Dragonite|Extreme Speed|p2a: Landorus
|-damage|p2a: Landorus|240\/345
|move|p2a: Landorus|Psychic|p1a: Dragonite
|-damage|p1a: Dragonite|0 fnt
|faint|p1a: Dragonite
|
|
|switch|p1a: Keldeo|Keldeo|109\/323
|turn|18
|
|switch|p2a: Magnezone|Magnezone, shiny|285\/285
|move|p1a: Keldeo|Scald|p2a: Magnezone
|-damage|p2a: Magnezone|111\/285
|
|turn|19
|
|move|p1a: Keldeo|Scald|p2a: Magnezone
|-crit|p2a: Magnezone
|-damage|p2a: Magnezone|0 fnt
|faint|p2a: Magnezone
|
|-message|OTRTVC forfeited.
|
|win|orangensaftglas
|raw|Ladder updating...
|leave|OTRTVC
|player|p2
|raw|orangensaftglas's rating: 1390 &rarr; <strong>1415<\/strong><br \/>(+25 for winning)
|raw|OTRTVC's rating: 1480 &rarr; <strong>1455<\/strong><br \/>(-25 for losing)