|join|OTRTVC
|join|qc2chd
|player|p1|OTRTVC|290
|player|p2|qc2chd|105
|gametype|singles
|gen|6
|tier|OU (suspect test)
|rated
|clearpoke
|poke|p1|Gengar, M, shiny
|poke|p1|Azelf, shiny
|poke|p1|Metagross, shiny
|poke|p1|Azumarill, M, shiny
|poke|p1|Landorus, M, shiny
|poke|p1|Magnezone, shiny
|poke|p2|Tyranitar, F
|poke|p2|Heatran, M
|poke|p2|Keldeo
|poke|p2|Skarmory, M
|poke|p2|Scizor, M
|poke|p2|Venusaur, F
|rule|Swagger Clause: Swagger is banned
|rule|Baton Pass Clause: Limit one PokÃ©mon knowing Baton Pass
|rule|Sleep Clause Mod: Limit one foe put to sleep
|rule|Species Clause: Limit one of each PokÃ©mon
|rule|OHKO Clause: OHKO moves are banned
|rule|Moody Clause: Moody is banned
|rule|Evasion Moves Clause: Evasion moves are banned
|rule|Endless Battle Clause: Forcing endless battles is banned
|rule|HP Percentage Mod: HP is shown in percentages
|teampreview
|
|start
|switch|p1a: Azelf|Azelf, shiny|291\/291
|switch|p2a: DOOM|Tyranitar, F|342\/342
|-weather|Sandstorm
|turn|1
|
|move|p2a: DOOM|Crunch|p1a: Azelf
|-supereffective|p1a: Azelf
|-enditem|p1a: Azelf|Focus Sash
|-damage|p1a: Azelf|1\/291
|move|p1a: Azelf|Stealth Rock|p2a: DOOM
|-sidestart|p2: qc2chd|move: Stealth Rock
|
|-weather|Sandstorm|[upkeep]
|-damage|p1a: Azelf|0 fnt|[from] sandstorm
|faint|p1a: Azelf
|
|switch|p1a: Azumarill|Azumarill, M, shiny|401\/401
|turn|2
|
|switch|p2a: UnBREAKable|Skarmory, M|334\/334
|-damage|p2a: UnBREAKable|293\/334|[from] Stealth Rock
|switch|p1a: Metagross|Metagross, shiny|301\/301
|
|-weather|Sandstorm|[upkeep]
|turn|3
|
|switch|p1a: Magnezone|Magnezone, shiny|285\/285
|switch|p2a: VoLcAnO|Heatran, M|323\/323
|-damage|p2a: VoLcAnO|283\/323|[from] Stealth Rock
|-item|p2a: VoLcAnO|Air Balloon
|
|-weather|Sandstorm|[upkeep]
|turn|4
|
|move|p1a: Magnezone|Volt Switch|p2a: VoLcAnO
|-damage|p2a: VoLcAnO|165\/323
|-enditem|p2a: VoLcAnO|Air Balloon
|
|switch|p1a: Azumarill|Azumarill, M, shiny|401\/401
|move|p2a: VoLcAnO|Lava Plume|p1a: Azumarill
|-resisted|p1a: Azumarill
|-damage|p1a: Azumarill|347\/401
|
|-weather|Sandstorm|[upkeep]
|-damage|p1a: Azumarill|322\/401|[from] sandstorm
|turn|5
|
|move|p2a: VoLcAnO|Lava Plume|p1a: Azumarill
|-resisted|p1a: Azumarill
|-damage|p1a: Azumarill|260\/401
|-status|p1a: Azumarill|brn
|move|p1a: Azumarill|Knock Off|p2a: VoLcAnO
|-damage|p2a: VoLcAnO|120\/323
|
|-weather|none
|-damage|p1a: Azumarill|210\/401 brn|[from] brn
|turn|6
|c|âqc2chd|can you just
|c|âqc2chd|switch to mag
|c|âqc2chd|pls
|
|switch|p2a: IntoTheJungle|Venusaur, F|364\/364
|-damage|p2a: IntoTheJungle|319\/364|[from] Stealth Rock
|move|p1a: Azumarill|Waterfall|p2a: IntoTheJungle
|-resisted|p2a: IntoTheJungle
|-damage|p2a: IntoTheJungle|277\/364
|
|-damage|p1a: Azumarill|160\/401 brn|[from] brn
|turn|7
|
|switch|p1a: Gengar|Gengar, M, shiny|261\/261
|detailschange|p2a: IntoTheJungle|Venusaur-Mega, F
|-mega|p2a: IntoTheJungle|Venusaur|Venusaurite
|move|p2a: IntoTheJungle|Sleep Powder|p1a: Gengar
|-status|p1a: Gengar|slp
|
|turn|8
|
|cant|p1a: Gengar|slp
|move|p2a: IntoTheJungle|Leech Seed|p1a: Gengar|[miss]
|-miss|p2a: IntoTheJungle|p1a: Gengar
|
|turn|9
|
|switch|p2a: DOOM|Tyranitar, F|342\/342
|-damage|p2a: DOOM|300\/342|[from] Stealth Rock
|-weather|Sandstorm
|cant|p1a: Gengar|slp
|
|-weather|Sandstorm|[upkeep]
|-damage|p1a: Gengar|245\/261 slp|[from] sandstorm
|turn|10
|
|move|p2a: DOOM|Pursuit|p1a: Gengar
|-supereffective|p1a: Gengar
|-damage|p1a: Gengar|15\/261 slp
|-curestatus|p1a: Gengar|slp
|move|p1a: Gengar|Focus Blast|p2a: DOOM|[miss]
|-miss|p1a: Gengar|p2a: DOOM
|
|-weather|Sandstorm|[upkeep]
|-damage|p1a: Gengar|0 fnt|[from] sandstorm
|faint|p1a: Gengar
|
|switch|p1a: Metagross|Metagross, shiny|301\/301
|turn|11
|c|âqc2chd|: \/
|
|switch|p2a: VoLcAnO|Heatran, M|120\/323
|-damage|p2a: VoLcAnO|80\/323|[from] Stealth Rock
|switch|p1a: Magnezone|Magnezone, shiny|285\/285
|
|-weather|Sandstorm|[upkeep]
|turn|12
|
|move|p1a: Magnezone|Volt Switch|p2a: VoLcAnO
|-damage|p2a: VoLcAnO|0 fnt
|faint|p2a: VoLcAnO
|
|switch|p1a: Azumarill|Azumarill, M, shiny|160\/401 brn
|
|-weather|Sandstorm|[upkeep]
|-damage|p1a: Azumarill|135\/401 brn|[from] sandstorm
|-damage|p1a: Azumarill|85\/401 brn|[from] brn
|
|switch|p2a: SLICE N DICE|Scizor, M|344\/344
|-damage|p2a: SLICE N DICE|301\/344|[from] Stealth Rock
|turn|13
|
|move|p2a: SLICE N DICE|Superpower|p1a: Azumarill
|-resisted|p1a: Azumarill
|-damage|p1a: Azumarill|0 fnt
|-unboost|p2a: SLICE N DICE|atk|1
|-unboost|p2a: SLICE N DICE|def|1
|faint|p1a: Azumarill
|
|-weather|none
|c|âqc2chd|FUCK MY LIFE
|
|switch|p1a: Magnezone|Magnezone, shiny|285\/285
|turn|14
|c|âqc2chd|why i so stupid
|
|move|p1a: Magnezone|Hidden Power|p2a: SLICE N DICE
|-crit|p2a: SLICE N DICE
|-supereffective|p2a: SLICE N DICE
|-damage|p2a: SLICE N DICE|0 fnt
|faint|p2a: SLICE N DICE
|
|
|switch|p2a: DROWN|Keldeo|322\/322
|-damage|p2a: DROWN|302\/322|[from] Stealth Rock
|turn|15
|
|move|p1a: Magnezone|Hidden Power|p2a: DROWN
|-resisted|p2a: DROWN
|-damage|p2a: DROWN|260\/322
|move|p2a: DROWN|Hydro Pump|p1a: Magnezone|[miss]
|-miss|p2a: DROWN|p1a: Magnezone
|
|-heal|p2a: DROWN|280\/322|[from] item: Leftovers
|turn|16
|
|switch|p1a: Landorus|Landorus, M, shiny|345\/345
|move|p2a: DROWN|Calm Mind|p2a: DROWN
|-boost|p2a: DROWN|spa|1
|-boost|p2a: DROWN|spd|1
|
|-heal|p2a: DROWN|300\/322|[from] item: Leftovers
|turn|17
|
|move|p2a: DROWN|Hydro Pump|p1a: Landorus
|-crit|p1a: Landorus
|-supereffective|p1a: Landorus
|-damage|p1a: Landorus|0 fnt
|faint|p1a: Landorus
|
|-heal|p2a: DROWN|320\/322|[from] item: Leftovers
|
|switch|p1a: Metagross|Metagross, shiny|301\/301
|turn|18
|
|detailschange|p1a: Metagross|Metagross-Mega, shiny
|-mega|p1a: Metagross|Metagross|Metagrossite
|move|p2a: DROWN|Hydro Pump|p1a: Metagross
|-damage|p1a: Metagross|0 fnt
|faint|p1a: Metagross
|
|-heal|p2a: DROWN|322\/322|[from] item: Leftovers
|-message|OTRTVC forfeited.
|leave|OTRTVC
|
|win|qc2chd
|raw|Ladder updating...
|player|p1
|raw|OTRTVC's rating: 1360 &rarr; <strong>1338<\/strong><br \/>(-22 for losing)
|raw|qc2chd's rating: 1326 &rarr; <strong>1348<\/strong><br \/>(+22 for winning)