|join|lil manaphy
|join|OTRTVC
|player|p1|lil manaphy|34
|player|p2|OTRTVC|290
|gametype|singles
|gen|6
|tier|OU (suspect test)
|rated
|clearpoke
|poke|p1|Diancie
|poke|p1|Ferrothorn, F
|poke|p1|Wobbuffet, M
|poke|p1|Landorus-Therian, M
|poke|p1|Conkeldurr, M
|poke|p1|Mandibuzz, F
|poke|p2|Gengar, M, shiny
|poke|p2|Azelf, shiny
|poke|p2|Metagross, shiny
|poke|p2|Azumarill, M, shiny
|poke|p2|Landorus, M, shiny
|poke|p2|Magnezone, shiny
|rule|Swagger Clause: Swagger is banned
|rule|Baton Pass Clause: Limit one PokÃ©mon knowing Baton Pass
|rule|Sleep Clause Mod: Limit one foe put to sleep
|rule|Species Clause: Limit one of each PokÃ©mon
|rule|OHKO Clause: OHKO moves are banned
|rule|Moody Clause: Moody is banned
|rule|Evasion Moves Clause: Evasion moves are banned
|rule|Endless Battle Clause: Forcing endless battles is banned
|rule|HP Percentage Mod: HP is shown in percentages
|teampreview
|
|start
|switch|p1a: Diancie|Diancie|241\/241
|switch|p2a: Azelf|Azelf, shiny|291\/291
|turn|1
|
|detailschange|p1a: Diancie|Diancie-Mega
|-mega|p1a: Diancie|Diancie|Diancite
|move|p2a: Azelf|Skill Swap|p1a: Diancie
|-activate|p2a: Azelf|move: Skill Swap|Magic Bounce|Levitate|[of] p1a: Diancie
|move|p1a: Diancie|Ancient Power|p2a: Azelf
|-damage|p2a: Azelf|116\/291
|
|turn|2
|
|move|p2a: Azelf|Stealth Rock|p1a: Diancie
|-sidestart|p1: lil manaphy|move: Stealth Rock
|move|p1a: Diancie|Ancient Power|p2a: Azelf
|-damage|p2a: Azelf|0 fnt
|faint|p2a: Azelf
|
|
|switch|p2a: Azumarill|Azumarill, M, shiny|401\/401
|turn|3
|
|switch|p1a: Ferrothorn|Ferrothorn, F|352\/352
|-damage|p1a: Ferrothorn|330\/352|[from] Stealth Rock
|move|p2a: Azumarill|Waterfall|p1a: Ferrothorn
|-resisted|p1a: Ferrothorn
|-damage|p1a: Ferrothorn|267\/352
|-damage|p2a: Azumarill|351\/401|[from] ability: Iron Barbs|[of] p1a: Ferrothorn
|
|turn|4
|
|move|p2a: Azumarill|Knock Off|p1a: Ferrothorn
|-damage|p1a: Ferrothorn|176\/352
|-damage|p2a: Azumarill|301\/401|[from] ability: Iron Barbs|[of] p1a: Ferrothorn
|-enditem|p1a: Ferrothorn|Shed Shell|[from] move: Knock Off|[of] p2a: Azumarill
|move|p1a: Ferrothorn|Power Whip|p2a: Azumarill
|-supereffective|p2a: Azumarill
|-damage|p2a: Azumarill|0 fnt
|faint|p2a: Azumarill
|
|
|switch|p2a: Magnezone|Magnezone, shiny|285\/285
|turn|5
|
|move|p1a: Ferrothorn|Protect|p1a: Ferrothorn
|-singleturn|p1a: Ferrothorn|Protect
|move|p2a: Magnezone|Hidden Power|p1a: Ferrothorn
|-activate|p1a: Ferrothorn|Protect
|
|turn|6
|
|move|p2a: Magnezone|Hidden Power|p1a: Ferrothorn
|-supereffective|p1a: Ferrothorn
|-damage|p1a: Ferrothorn|0 fnt
|faint|p1a: Ferrothorn
|
|
|switch|p1a: Mandibuzz|Mandibuzz, F|424\/424
|-damage|p1a: Mandibuzz|318\/424|[from] Stealth Rock
|turn|7
|
|switch|p2a: Gengar|Gengar, M, shiny|261\/261
|move|p1a: Mandibuzz|Defog|p2a: Gengar
|-unboost|p2a: Gengar|evasion|1
|-sideend|p1: lil manaphy|Stealth Rock|[from] move: Defog|[of] p1a: Mandibuzz
|
|-heal|p1a: Mandibuzz|344\/424|[from] item: Leftovers
|turn|8
|
|switch|p2a: Magnezone|Magnezone, shiny|285\/285
|switch|p1a: Conkeldurr|Conkeldurr, M|352\/352
|
|turn|9
|
|move|p2a: Magnezone|Volt Switch|p1a: Conkeldurr
|-damage|p1a: Conkeldurr|268\/352
|
|switch|p2a: Metagross|Metagross, shiny|301\/301
|move|p1a: Conkeldurr|Knock Off|p2a: Metagross
|-supereffective|p2a: Metagross
|-damage|p2a: Metagross|165\/301
|
|turn|10
|
|switch|p1a: Landorus-Therian|Landorus-Therian, M|382\/382
|-ability|p1a: Landorus-Therian|Intimidate|[of] p2a: Metagross
|-fail|p2a: Metagross|unboost|[from] ability: Clear Body|[of] p2a: Metagross
|detailschange|p2a: Metagross|Metagross-Mega, shiny
|-mega|p2a: Metagross|Metagross|Metagrossite
|move|p2a: Metagross|Meteor Mash|p1a: Landorus-Therian|[miss]
|-miss|p2a: Metagross|p1a: Landorus-Therian
|
|turn|11
|
|move|p2a: Metagross|Meteor Mash|p1a: Landorus-Therian
|-damage|p1a: Landorus-Therian|213\/382
|move|p1a: Landorus-Therian|Earthquake|p2a: Metagross
|-supereffective|p2a: Metagross
|-damage|p2a: Metagross|0 fnt
|faint|p2a: Metagross
|
|-heal|p1a: Landorus-Therian|236\/382|[from] item: Leftovers
|
|switch|p2a: Gengar|Gengar, M, shiny|261\/261
|turn|12
|
|move|p2a: Gengar|Shadow Ball|p1a: Landorus-Therian
|-damage|p1a: Landorus-Therian|9\/382
|-damage|p2a: Gengar|235\/261|[from] item: Life Orb
|move|p1a: Landorus-Therian|Stone Edge|p2a: Gengar
|-damage|p2a: Gengar|75\/261
|
|-heal|p1a: Landorus-Therian|32\/382|[from] item: Leftovers
|turn|13
|
|move|p2a: Gengar|Sludge Wave|p1a: Landorus-Therian
|-resisted|p1a: Landorus-Therian
|-damage|p1a: Landorus-Therian|0 fnt
|-damage|p2a: Gengar|49\/261|[from] item: Life Orb
|faint|p1a: Landorus-Therian
|
|join|hashtagRjx
|
|switch|p1a: Diancie|Diancie-Mega|241\/241
|turn|14
|
|switch|p2a: Magnezone|Magnezone, shiny|285\/285
|move|p1a: Diancie|Ancient Power|p2a: Magnezone
|-resisted|p2a: Magnezone
|-damage|p2a: Magnezone|220\/285
|
|turn|15
|
|switch|p1a: Conkeldurr|Conkeldurr, M|268\/352
|move|p2a: Magnezone|Volt Switch|p1a: Conkeldurr
|-damage|p1a: Conkeldurr|175\/352
|
|switch|p2a: Landorus|Landorus, M, shiny|345\/345
|
|turn|16
|
|switch|p1a: Mandibuzz|Mandibuzz, F|344\/424
|move|p2a: Landorus|Psychic|p1a: Mandibuzz
|-immune|p1a: Mandibuzz|[msg]
|
|-heal|p1a: Mandibuzz|370\/424|[from] item: Leftovers
|turn|17
|
|switch|p2a: Magnezone|Magnezone, shiny|220\/285
|switch|p1a: Wobbuffet|Wobbuffet, M|528\/528
|
|turn|18
|
|move|p2a: Magnezone|Thunderbolt|p1a: Wobbuffet
|-damage|p1a: Wobbuffet|341\/528
|move|p1a: Wobbuffet|Mirror Coat|p2a: Magnezone
|-damage|p2a: Magnezone|0 fnt
|faint|p2a: Magnezone
|
|-heal|p1a: Wobbuffet|374\/528|[from] item: Leftovers
|
|switch|p2a: Gengar|Gengar, M, shiny|49\/261
|turn|19
|
|switch|p1a: Conkeldurr|Conkeldurr, M|175\/352
|move|p2a: Gengar|Shadow Ball|p1a: Conkeldurr
|-damage|p1a: Conkeldurr|35\/352
|-damage|p2a: Gengar|23\/261|[from] item: Life Orb
|
|turn|20
|
|move|p2a: Gengar|Sludge Wave|p1a: Conkeldurr
|-damage|p1a: Conkeldurr|0 fnt
|-damage|p2a: Gengar|0 fnt|[from] item: Life Orb
|faint|p1a: Conkeldurr
|faint|p2a: Gengar
|
|
|switch|p2a: Landorus|Landorus, M, shiny|345\/345
|switch|p1a: Mandibuzz|Mandibuzz, F|370\/424
|turn|21
|
|move|p2a: Landorus|Knock Off|p1a: Mandibuzz
|-resisted|p1a: Mandibuzz
|-damage|p1a: Mandibuzz|327\/424
|-enditem|p1a: Mandibuzz|Leftovers|[from] move: Knock Off|[of] p2a: Landorus
|-damage|p2a: Landorus|311\/345|[from] item: Life Orb
|move|p1a: Mandibuzz|Foul Play|p2a: Landorus
|-damage|p2a: Landorus|164\/345
|
|turn|22
|-message|OTRTVC forfeited.
|
|win|lil manaphy
|raw|Ladder updating...
|leave|OTRTVC
|player|p2