|join|PokeHD
|join|8s
|player|p1|PokeHD|279
|player|p2|8s|141
|gametype|singles
|gen|6
|tier|UU
|rated
|rule|Sleep Clause Mod: Limit one foe put to sleep
|rule|Species Clause: Limit one of each PokÃ©mon
|rule|OHKO Clause: OHKO moves are banned
|rule|Moody Clause: Moody is banned
|rule|Evasion Moves Clause: Evasion moves are banned
|rule|Endless Battle Clause: Forcing endless battles is banned
|rule|HP Percentage Mod: HP is shown in percentages
|clearpoke
|poke|p1|Serperior, M, shiny
|poke|p1|Snorlax, M, shiny
|poke|p1|Chandelure, F
|poke|p1|Krookodile, M
|poke|p1|Crobat, M
|poke|p1|Blastoise, F, shiny
|poke|p2|Starmie
|poke|p2|Haxorus, F
|poke|p2|Emboar, M, shiny
|poke|p2|Beedrill, F
|poke|p2|Jirachi
|poke|p2|Chesnaught, M
|rule|Swagger Clause: Swagger is banned
|rule|Baton Pass Clause: Limit one PokÃ©mon knowing Baton Pass
|teampreview
|c|âPokeHD|Nice username :P
|
|start
|switch|p1a: Crobat|Crobat, M|323\/323
|switch|p2a: Sgt. Sting|Beedrill, F|271\/271
|turn|1
|c|â8s|haha thanks.
|c|â8s|we played earlier. best match ive had in a while
|c|âPokeHD|We did?
|
|detailschange|p2a: Sgt. Sting|Beedrill-Mega, F
|-mega|p2a: Sgt. Sting|Beedrill|Beedrillite
|move|p2a: Sgt. Sting|Protect|p2a: Sgt. Sting
|-singleturn|p2a: Sgt. Sting|Protect
|move|p1a: Crobat|Brave Bird|p2a: Sgt. Sting
|-activate|p2a: Sgt. Sting|Protect
|
|turn|2
|c|â8s|yeah i had a rotom instead of an emboar and trciked you on curse... i think
|c|âPokeHD|Oooh I remember
|
|switch|p2a: Booger|Jirachi|404\/404
|move|p1a: Crobat|U-turn|p2a: Booger
|-damage|p2a: Booger|338\/404
|
|switch|p1a: Blastoise|Blastoise, F, shiny|362\/362
|
|-heal|p2a: Booger|363\/404|[from] item: Leftovers
|turn|3
|c|â8s|running emboar cuz me team got smashed by hydregion
|
|detailschange|p1a: Blastoise|Blastoise-Mega, F, shiny
|-mega|p1a: Blastoise|Blastoise|Blastoisinite
|move|p2a: Booger|Body Slam|p1a: Blastoise
|-damage|p1a: Blastoise|290\/362
|-status|p1a: Blastoise|par
|move|p1a: Blastoise|Scald|p2a: Booger
|-damage|p2a: Booger|219\/404
|
|-heal|p2a: Booger|244\/404|[from] item: Leftovers
|turn|4
|c|âPokeHD|It neeeeever burns ;-;
|
|move|p2a: Booger|Zen Headbutt|p1a: Blastoise|[miss]
|-miss|p2a: Booger|p1a: Blastoise
|move|p1a: Blastoise|Dark Pulse|p2a: Booger
|-supereffective|p2a: Booger
|-damage|p2a: Booger|0 fnt
|faint|p2a: Booger
|
|c|âPokeHD|o:
|c|â8s|boooo
|
|switch|p2a: Free Hugz|Chesnaught, M|380\/380
|turn|5
|
|move|p2a: Free Hugz|Wood Hammer|p1a: Blastoise
|-supereffective|p1a: Blastoise
|-damage|p1a: Blastoise|0 fnt
|-damage|p2a: Free Hugz|284\/380|[from] recoil|[of] p1a: Blastoise
|faint|p1a: Blastoise
|
|-heal|p2a: Free Hugz|307\/380|[from] item: Leftovers
|
|switch|p1a: Crobat|Crobat, M|323\/323
|turn|6
|
|move|p2a: Free Hugz|Spiky Shield|p2a: Free Hugz
|-singleturn|p2a: Free Hugz|move: Protect
|move|p1a: Crobat|Brave Bird|p2a: Free Hugz
|-activate|p2a: Free Hugz|move: Protect
|-damage|p1a: Crobat|283\/323|[from] Spiky Shield|[of] p2a: Free Hugz
|
|-heal|p2a: Free Hugz|330\/380|[from] item: Leftovers
|turn|7
|
|move|p1a: Crobat|Brave Bird|p2a: Free Hugz
|-supereffective|p2a: Free Hugz
|-damage|p2a: Free Hugz|0 fnt
|-damage|p1a: Crobat|174\/323|[from] recoil|[of] p2a: Free Hugz
|faint|p2a: Free Hugz
|
|
|switch|p2a: Fiji|Haxorus, F|294\/294
|-ability|p2a: Fiji|Mold Breaker
|turn|8
|
|move|p1a: Crobat|Brave Bird|p2a: Fiji
|-damage|p2a: Fiji|65\/294
|-damage|p1a: Crobat|98\/323|[from] recoil|[of] p2a: Fiji
|move|p2a: Fiji|Outrage|p1a: Crobat
|-damage|p1a: Crobat|0 fnt
|faint|p1a: Crobat
|
|
|switch|p1a: Krookodile|Krookodile, M|394\/394
|-ability|p1a: Krookodile|Intimidate|[of] p2a: Fiji
|-unboost|p2a: Fiji|atk|1
|turn|9
|c|â8s|crit
|c|âPokeHD|I can feel one too
|
|move|p2a: Fiji|Outrage|p1a: Krookodile
|-damage|p1a: Krookodile|183\/394
|move|p1a: Krookodile|Knock Off|p2a: Fiji
|-damage|p2a: Fiji|0 fnt
|-enditem|p2a: Fiji|Choice Band|[from] move: Knock Off|[of] p1a: Krookodile
|faint|p2a: Fiji
|
|-heal|p1a: Krookodile|207\/394|[from] item: Leftovers
|c|âPokeHD|Banded xD
|
|switch|p2a: Sgt. Sting|Beedrill-Mega, F|271\/271
|turn|10
|
|switch|p1a: Chandelure|Chandelure, F|261\/261
|move|p2a: Sgt. Sting|U-turn|p1a: Chandelure
|-resisted|p1a: Chandelure
|-damage|p1a: Chandelure|207\/261
|
|switch|p2a: Emboar|Emboar, M, shiny|424\/424
|
|turn|11
|
|move|p1a: Chandelure|Shadow Ball|p2a: Emboar
|-damage|p2a: Emboar|189\/424
|move|p2a: Emboar|Wild Charge|p1a: Chandelure
|-damage|p1a: Chandelure|67\/261
|-damage|p2a: Emboar|154\/424|[from] recoil|[of] p1a: Chandelure
|
|turn|12
|c|âPokeHD|Let it goooooooo
|c|âPokeHD|Let it gooooooooooo
|c|âPokeHD|I don't need u anymooooore
|
|switch|p2a: Pinnocchio|Starmie|324\/324
|move|p1a: Chandelure|Shadow Ball|p2a: Pinnocchio
|-supereffective|p2a: Pinnocchio
|-damage|p2a: Pinnocchio|0 fnt
|faint|p2a: Pinnocchio
|
|
|switch|p2a: Sgt. Sting|Beedrill-Mega, F|271\/271
|turn|13
|
|switch|p1a: Krookodile|Krookodile, M|207\/394
|-ability|p1a: Krookodile|Intimidate|[of] p2a: Sgt. Sting
|-unboost|p2a: Sgt. Sting|atk|1
|move|p2a: Sgt. Sting|Poison Jab|p1a: Krookodile
|-resisted|p1a: Krookodile
|-damage|p1a: Krookodile|145\/394
|
|-heal|p1a: Krookodile|169\/394|[from] item: Leftovers
|turn|14
|
|switch|p1a: Chandelure|Chandelure, F|67\/261
|move|p2a: Sgt. Sting|U-turn|p1a: Chandelure
|-resisted|p1a: Chandelure
|-damage|p1a: Chandelure|33\/261
|
|switch|p2a: Emboar|Emboar, M, shiny|154\/424
|
|turn|15
|c|âPokeHD|Da plays
|
|switch|p2a: Sgt. Sting|Beedrill-Mega, F|271\/271
|move|p1a: Chandelure|Shadow Ball|p2a: Sgt. Sting
|-damage|p2a: Sgt. Sting|13\/271
|
|turn|16
|c|âPokeHD|How did it liiiiiiiiiiiiiive
|
|switch|p1a: Serperior|Serperior, M, shiny|291\/291
|move|p2a: Sgt. Sting|U-turn|p1a: Serperior
|-supereffective|p1a: Serperior
|-damage|p1a: Serperior|0 fnt
|faint|p1a: Serperior
|c|â8s|dumb
|c|â8s|dumb
|c|â8s|dumb
|
|switch|p2a: Emboar|Emboar, M, shiny|154\/424
|
|c|â8s|i hit cancel
|
|switch|p1a: Chandelure|Chandelure, F|33\/261
|turn|17
|c|â8s|i need a crit to win
|c|âPokeHD|Showdown loves you and me
|
|move|p1a: Chandelure|Shadow Ball|p2a: Emboar
|-damage|p2a: Emboar|0 fnt
|faint|p2a: Emboar
|
|c|âPokeHD|gg :P
|c|âPokeHD|Unless u crit me to hell and back
|
|switch|p2a: Sgt. Sting|Beedrill-Mega, F|13\/271
|turn|18
|
|move|p2a: Sgt. Sting|U-turn|p1a: Chandelure
|-resisted|p1a: Chandelure
|-damage|p1a: Chandelure|0 fnt
|faint|p1a: Chandelure
|
|c|â8s|adapltability pison jab crit on snorlax
|
|switch|p1a: Krookodile|Krookodile, M|169\/394
|-ability|p1a: Krookodile|Intimidate|[of] p2a: Sgt. Sting
|-unboost|p2a: Sgt. Sting|atk|1
|turn|19
|c|â8s|happening
|c|âPokeHD|Can a crit kill though?
|c|â8s|ignores stat drop
|
|move|p2a: Sgt. Sting|U-turn|p1a: Krookodile
|-supereffective|p1a: Krookodile
|-damage|p1a: Krookodile|0 fnt
|faint|p1a: Krookodile
|
|c|âPokeHD|Even then
|
|switch|p1a: Snorlax|Snorlax, M, shiny|497\/497
|turn|20
|c|âPokeHD|Let it gooooooooooooooooooooo
|c|â8s|399 attack adapatbility
|c|â8s|aaaaaaah
|c|âPokeHD|Die sgt sting
|
|move|p2a: Sgt. Sting|Poison Jab|p1a: Snorlax
|-damage|p1a: Snorlax|341\/497
|-status|p1a: Snorlax|psn
|move|p1a: Snorlax|Body Slam|p2a: Sgt. Sting
|-damage|p2a: Sgt. Sting|0 fnt
|faint|p2a: Sgt. Sting
|
|win|PokeHD
|raw|Ladder updating...
|raw|PokeHD's rating: 1577 &rarr; <strong>1584<\/strong><br \/>(+7 for winning)
|raw|8s's rating: 1321 &rarr; <strong>1313<\/strong><br \/>(-8 for losing)
|c|â8s|nooooo
|c|â8s|no
|c|âPokeHD|gg xD
|c|â8s|no
|c|â8s|gg
|leave|8s
|player|p2