|join|1 Night in Paras
|join|PokeHD
|player|p1|1 Night in Paras|265
|player|p2|PokeHD|265
|gametype|singles
|gen|6
|tier|UU
|rated
|rule|Sleep Clause Mod: Limit one foe put to sleep
|rule|Species Clause: Limit one of each PokÃ©mon
|rule|OHKO Clause: OHKO moves are banned
|rule|Moody Clause: Moody is banned
|rule|Evasion Moves Clause: Evasion moves are banned
|rule|Endless Battle Clause: Forcing endless battles is banned
|rule|HP Percentage Mod: HP is shown in percentages
|clearpoke
|poke|p1|Crobat, F
|poke|p1|Milotic, F, shiny
|poke|p1|Mienshao, F
|poke|p1|Arcanine, F
|poke|p1|Celebi
|poke|p1|Hydreigon, F, shiny
|poke|p2|Shedinja
|poke|p2|Aggron, M
|poke|p2|Tentacruel, M
|poke|p2|Aromatisse, F
|poke|p2|Xatu, M
|poke|p2|Snorlax, M
|rule|Swagger Clause: Swagger is banned
|rule|Baton Pass Clause: Limit one PokÃ©mon knowing Baton Pass
|teampreview
|
|start
|switch|p1a: Arcanine|Arcanine, F|321\/321
|switch|p2a: Turtlerock|Aggron, M|344\/344
|-ability|p1a: Arcanine|Intimidate|[of] p2a: Turtlerock
|-unboost|p2a: Turtlerock|atk|1
|turn|1
|
|detailschange|p2a: Turtlerock|Aggron-Mega, M
|-mega|p2a: Turtlerock|Aggron|Aggronite
|move|p1a: Arcanine|Flare Blitz|p2a: Turtlerock
|-supereffective|p2a: Turtlerock
|-damage|p2a: Turtlerock|163\/344
|-damage|p1a: Arcanine|261\/321|[from] recoil|[of] p2a: Turtlerock
|-damage|p1a: Arcanine|229\/321|[from] item: Life Orb
|move|p2a: Turtlerock|Stealth Rock|p1a: Arcanine
|-sidestart|p1: 1 Night in Paras|move: Stealth Rock
|
|turn|2
|
|switch|p2a: Mother-in-law|Snorlax, M|497\/497
|move|p1a: Arcanine|Flare Blitz|p2a: Mother-in-law
|-damage|p2a: Mother-in-law|341\/497
|-damage|p1a: Arcanine|178\/321|[from] recoil|[of] p2a: Mother-in-law
|-damage|p1a: Arcanine|146\/321|[from] item: Life Orb
|
|-heal|p2a: Mother-in-law|372\/497|[from] item: Leftovers
|turn|3
|
|switch|p2a: Hentai dickcles|Tentacruel, M|364\/364
|move|p1a: Arcanine|Close Combat|p2a: Hentai dickcles
|-resisted|p2a: Hentai dickcles
|-damage|p2a: Hentai dickcles|273\/364
|-unboost|p1a: Arcanine|def|1
|-unboost|p1a: Arcanine|spd|1
|-damage|p1a: Arcanine|114\/321|[from] item: Life Orb
|
|-heal|p2a: Hentai dickcles|295\/364|[from] item: Black Sludge
|turn|4
|
|move|p1a: Arcanine|Wild Charge|p2a: Hentai dickcles
|-supereffective|p2a: Hentai dickcles
|-damage|p2a: Hentai dickcles|48\/364
|-damage|p1a: Arcanine|52\/321|[from] recoil|[of] p2a: Hentai dickcles
|-damage|p1a: Arcanine|20\/321|[from] item: Life Orb
|move|p2a: Hentai dickcles|Acid Spray|p1a: Arcanine
|-damage|p1a: Arcanine|0 fnt
|faint|p1a: Arcanine
|
|-heal|p2a: Hentai dickcles|70\/364|[from] item: Black Sludge
|
|switch|p1a: Mienshao|Mienshao, F|271\/271
|-damage|p1a: Mienshao|255\/271|[from] Stealth Rock
|turn|5
|
|switch|p2a: Turtlerock|Aggron-Mega, M|163\/344
|move|p1a: Mienshao|Knock Off|p2a: Turtlerock
|-damage|p2a: Turtlerock|127\/344
|
|turn|6
|
|switch|p1a: Milotic|Milotic, F, shiny|393\/393
|-damage|p1a: Milotic|344\/393|[from] Stealth Rock
|switch|p2a: Shed Angel|Shedinja|1\/1
|
|turn|7
|
|switch|p1a: Celebi|Celebi|404\/404
|-damage|p1a: Celebi|354\/404|[from] Stealth Rock
|switch|p2a: Miley Cyrus|Aromatisse, F|406\/406
|
|-heal|p1a: Celebi|379\/404|[from] item: Leftovers
|turn|8
|
|move|p1a: Celebi|Stealth Rock|p2a: Miley Cyrus
|-sidestart|p2: PokeHD|move: Stealth Rock
|move|p2a: Miley Cyrus|Wish|p2a: Miley Cyrus
|
|-heal|p1a: Celebi|404\/404|[from] item: Leftovers
|turn|9
|
|switch|p2a: Turtlerock|Aggron-Mega, M|127\/344
|-damage|p2a: Turtlerock|106\/344|[from] Stealth Rock
|move|p1a: Celebi|Perish Song|p1a: Celebi
|-fieldactivate|move: Perish Song
|
|-start|p1a: Celebi|perish3
|-start|p2a: Turtlerock|perish3
|-heal|p2a: Turtlerock|309\/344|[from] move: Wish|[wisher] Miley Cyrus
|turn|10
|
|switch|p1a: Milotic|Milotic, F, shiny|344\/393
|-damage|p1a: Milotic|295\/393|[from] Stealth Rock
|move|p2a: Turtlerock|Heavy Slam|p1a: Milotic
|-resisted|p1a: Milotic
|-damage|p1a: Milotic|253\/393
|-damage|p2a: Turtlerock|252\/344|[from] item: Rocky Helmet|[of] p1a: Milotic
|
|-start|p2a: Turtlerock|perish2
|turn|11
|
|switch|p2a: Miley Cyrus|Aromatisse, F|406\/406
|-damage|p2a: Miley Cyrus|356\/406|[from] Stealth Rock
|move|p1a: Milotic|Scald|p2a: Miley Cyrus
|-damage|p2a: Miley Cyrus|253\/406
|
|-heal|p2a: Miley Cyrus|278\/406|[from] item: Leftovers
|turn|12
|
|move|p1a: Milotic|Scald|p2a: Miley Cyrus
|-damage|p2a: Miley Cyrus|170\/406
|move|p2a: Miley Cyrus|Wish|p2a: Miley Cyrus
|
|-heal|p2a: Miley Cyrus|195\/406|[from] item: Leftovers
|turn|13
|
|move|p2a: Miley Cyrus|Protect|p2a: Miley Cyrus
|-singleturn|p2a: Miley Cyrus|Protect
|move|p1a: Milotic|Scald|p2a: Miley Cyrus
|-activate|p2a: Miley Cyrus|Protect
|
|-heal|p2a: Miley Cyrus|398\/406|[from] move: Wish|[wisher] Miley Cyrus
|-heal|p2a: Miley Cyrus|406\/406|[from] item: Leftovers
|turn|14
|
|move|p1a: Milotic|Scald|p2a: Miley Cyrus
|-crit|p2a: Miley Cyrus
|-damage|p2a: Miley Cyrus|258\/406
|-status|p2a: Miley Cyrus|brn
|move|p2a: Miley Cyrus|Wish|p2a: Miley Cyrus
|
|-heal|p2a: Miley Cyrus|283\/406 brn|[from] item: Leftovers
|-damage|p2a: Miley Cyrus|233\/406 brn|[from] brn
|turn|15
|
|move|p1a: Milotic|Recover|p1a: Milotic
|-heal|p1a: Milotic|393\/393
|move|p2a: Miley Cyrus|Aromatherapy|p2a: Miley Cyrus
|-cureteam|p2a: Miley Cyrus|[from] move: Aromatherapy
|
|-heal|p2a: Miley Cyrus|406\/406|[from] move: Wish|[wisher] Miley Cyrus
|turn|16
|
|move|p1a: Milotic|Scald|p2a: Miley Cyrus
|-damage|p2a: Miley Cyrus|303\/406
|move|p2a: Miley Cyrus|Wish|p2a: Miley Cyrus
|
|-heal|p2a: Miley Cyrus|328\/406|[from] item: Leftovers
|turn|17
|
|move|p1a: Milotic|Scald|p2a: Miley Cyrus
|-damage|p2a: Miley Cyrus|220\/406
|-status|p2a: Miley Cyrus|brn
|move|p2a: Miley Cyrus|Moonblast|p1a: Milotic
|-crit|p1a: Milotic
|-damage|p1a: Milotic|254\/393
|-unboost|p1a: Milotic|spa|1
|
|-heal|p2a: Miley Cyrus|406\/406 brn|[from] move: Wish|[wisher] Miley Cyrus
|-damage|p2a: Miley Cyrus|356\/406 brn|[from] brn
|turn|18
|
|move|p1a: Milotic|Scald|p2a: Miley Cyrus
|-damage|p2a: Miley Cyrus|287\/406 brn
|move|p2a: Miley Cyrus|Wish|p2a: Miley Cyrus
|
|-heal|p2a: Miley Cyrus|312\/406 brn|[from] item: Leftovers
|-damage|p2a: Miley Cyrus|262\/406 brn|[from] brn
|turn|19
|
|move|p1a: Milotic|Recover|p1a: Milotic
|-heal|p1a: Milotic|393\/393
|move|p2a: Miley Cyrus|Aromatherapy|p2a: Miley Cyrus
|-cureteam|p2a: Miley Cyrus|[from] move: Aromatherapy
|
|-heal|p2a: Miley Cyrus|406\/406|[from] move: Wish|[wisher] Miley Cyrus
|turn|20
|
|move|p1a: Milotic|Scald|p2a: Miley Cyrus
|-damage|p2a: Miley Cyrus|337\/406
|move|p2a: Miley Cyrus|Moonblast|p1a: Milotic
|-damage|p1a: Milotic|309\/393
|
|-heal|p2a: Miley Cyrus|362\/406|[from] item: Leftovers
|turn|21
|
|switch|p1a: Celebi|Celebi|404\/404
|-damage|p1a: Celebi|354\/404|[from] Stealth Rock
|move|p2a: Miley Cyrus|Moonblast|p1a: Celebi
|-damage|p1a: Celebi|279\/404
|
|-heal|p1a: Celebi|304\/404|[from] item: Leftovers
|-heal|p2a: Miley Cyrus|387\/406|[from] item: Leftovers
|turn|22
|
|move|p1a: Celebi|Perish Song|p1a: Celebi
|-fieldactivate|move: Perish Song
|move|p2a: Miley Cyrus|Wish|p2a: Miley Cyrus
|
|-start|p1a: Celebi|perish3
|-start|p2a: Miley Cyrus|perish3
|-heal|p1a: Celebi|329\/404|[from] item: Leftovers
|-heal|p2a: Miley Cyrus|406\/406|[from] item: Leftovers
|turn|23
|
|switch|p1a: Crobat|Crobat, F|353\/353
|-damage|p1a: Crobat|265\/353|[from] Stealth Rock
|switch|p2a: Hentai dickcles|Tentacruel, M|70\/364
|-damage|p2a: Hentai dickcles|25\/364|[from] Stealth Rock
|
|-heal|p2a: Hentai dickcles|228\/364|[from] move: Wish|[wisher] Miley Cyrus
|-heal|p1a: Crobat|287\/353|[from] item: Black Sludge
|-heal|p2a: Hentai dickcles|250\/364|[from] item: Black Sludge
|turn|24
|
|move|p1a: Crobat|Brave Bird|p2a: Hentai dickcles
|-damage|p2a: Hentai dickcles|100\/364
|-damage|p1a: Crobat|237\/353|[from] recoil|[of] p2a: Hentai dickcles
|move|p2a: Hentai dickcles|Scald|p1a: Crobat
|-damage|p1a: Crobat|138\/353
|
|-heal|p1a: Crobat|160\/353|[from] item: Black Sludge
|-heal|p2a: Hentai dickcles|122\/364|[from] item: Black Sludge
|turn|25
|
|switch|p2a: Green Indian|Xatu, M|333\/333
|-damage|p2a: Green Indian|250\/333|[from] Stealth Rock
|move|p1a: Crobat|Brave Bird|p2a: Green Indian
|-damage|p2a: Green Indian|124\/333
|-damage|p1a: Crobat|102\/353|[from] item: Rocky Helmet|[of] p2a: Green Indian
|-damage|p1a: Crobat|60\/353|[from] recoil|[of] p2a: Green Indian
|
|-heal|p1a: Crobat|82\/353|[from] item: Black Sludge
|turn|26
|
|move|p1a: Crobat|Brave Bird|p2a: Green Indian
|-damage|p2a: Green Indian|0 fnt
|-damage|p1a: Crobat|24\/353|[from] item: Rocky Helmet|[of] p2a: Green Indian
|-damage|p1a: Crobat|0 fnt|[from] recoil|[of] p2a: Green Indian
|faint|p2a: Green Indian
|faint|p1a: Crobat
|
|
|switch|p1a: Hydreigon|Hydreigon, F, shiny|325\/325
|switch|p2a: Turtlerock|Aggron-Mega, M|252\/344
|-damage|p1a: Hydreigon|285\/325|[from] Stealth Rock
|-damage|p2a: Turtlerock|231\/344|[from] Stealth Rock
|turn|27
|
|switch|p1a: Milotic|Milotic, F, shiny|309\/393
|-damage|p1a: Milotic|260\/393|[from] Stealth Rock
|move|p2a: Turtlerock|Heavy Slam|p1a: Milotic
|-resisted|p1a: Milotic
|-damage|p1a: Milotic|219\/393
|-damage|p2a: Turtlerock|174\/344|[from] item: Rocky Helmet|[of] p1a: Milotic
|
|turn|28
|
|switch|p2a: Miley Cyrus|Aromatisse, F|406\/406
|-damage|p2a: Miley Cyrus|356\/406|[from] Stealth Rock
|move|p1a: Milotic|Scald|p2a: Miley Cyrus
|-damage|p2a: Miley Cyrus|256\/406
|
|-heal|p2a: Miley Cyrus|281\/406|[from] item: Leftovers
|turn|29
|
|switch|p1a: Celebi|Celebi|329\/404
|-damage|p1a: Celebi|279\/404|[from] Stealth Rock
|move|p2a: Miley Cyrus|Wish|p2a: Miley Cyrus
|
|-heal|p1a: Celebi|304\/404|[from] item: Leftovers
|-heal|p2a: Miley Cyrus|306\/406|[from] item: Leftovers
|turn|30
|
|move|p1a: Celebi|Perish Song|p1a: Celebi
|-fieldactivate|move: Perish Song
|move|p2a: Miley Cyrus|Moonblast|p1a: Celebi
|-crit|p1a: Celebi
|-damage|p1a: Celebi|190\/404
|-unboost|p1a: Celebi|spa|1
|
|-start|p1a: Celebi|perish3
|-start|p2a: Miley Cyrus|perish3
|-heal|p2a: Miley Cyrus|406\/406|[from] move: Wish|[wisher] Miley Cyrus
|-heal|p1a: Celebi|215\/404|[from] item: Leftovers
|turn|31
|
|move|p1a: Celebi|Recover|p1a: Celebi
|-heal|p1a: Celebi|404\/404
|move|p2a: Miley Cyrus|Wish|p2a: Miley Cyrus
|
|-start|p1a: Celebi|perish2
|-start|p2a: Miley Cyrus|perish2
|turn|32
|
|switch|p1a: Mienshao|Mienshao, F|255\/271
|-damage|p1a: Mienshao|239\/271|[from] Stealth Rock
|switch|p2a: Hentai dickcles|Tentacruel, M|122\/364
|-damage|p2a: Hentai dickcles|77\/364|[from] Stealth Rock
|
|-heal|p2a: Hentai dickcles|280\/364|[from] move: Wish|[wisher] Miley Cyrus
|-heal|p2a: Hentai dickcles|302\/364|[from] item: Black Sludge
|turn|33
|
|move|p1a: Mienshao|Knock Off|p2a: Hentai dickcles
|-damage|p2a: Hentai dickcles|189\/364
|-enditem|p2a: Hentai dickcles|Black Sludge|[from] move: Knock Off|[of] p1a: Mienshao
|move|p2a: Hentai dickcles|Rapid Spin|p1a: Mienshao
|-damage|p1a: Mienshao|223\/271
|-sideend|p2: PokeHD|Stealth Rock|[from] move: Rapid Spin|[of] p2a: Hentai dickcles
|
|turn|34
|
|switch|p1a: Celebi|Celebi|404\/404
|-damage|p1a: Celebi|354\/404|[from] Stealth Rock
|move|p2a: Hentai dickcles|Toxic Spikes|p1a: Celebi
|-sidestart|p1: 1 Night in Paras|move: Toxic Spikes
|
|-heal|p1a: Celebi|379\/404|[from] item: Leftovers
|turn|35
|
|move|p2a: Hentai dickcles|Toxic Spikes|p1a: Celebi
|-sidestart|p1: 1 Night in Paras|move: Toxic Spikes
|move|p1a: Celebi|Perish Song|p1a: Celebi
|-fieldactivate|move: Perish Song
|
|-start|p2a: Hentai dickcles|perish3
|-start|p1a: Celebi|perish3
|-heal|p1a: Celebi|404\/404|[from] item: Leftovers
|turn|36
|
|switch|p2a: Shed Angel|Shedinja|1\/1
|move|p1a: Celebi|Stealth Rock|p2a: Shed Angel
|-sidestart|p2: PokeHD|move: Stealth Rock
|
|-start|p1a: Celebi|perish2
|turn|37
|
|move|p1a: Celebi|Perish Song|p1a: Celebi
|-fieldactivate|move: Perish Song
|move|p2a: Shed Angel|Swords Dance|p2a: Shed Angel
|-boost|p2a: Shed Angel|atk|2
|
|-start|p1a: Celebi|perish1
|-start|p2a: Shed Angel|perish3
|turn|38
|
|move|p1a: Celebi|Giga Drain|p2a: Shed Angel
|-activate|p2a: Shed Angel|ability: Wonder Guard
|move|p2a: Shed Angel|X-Scissor|p1a: Celebi
|-supereffective|p1a: Celebi
|-damage|p1a: Celebi|0 fnt
|faint|p1a: Celebi
|
|-start|p2a: Shed Angel|perish2
|
|switch|p1a: Mienshao|Mienshao, F|223\/271
|-status|p1a: Mienshao|tox
|-damage|p1a: Mienshao|207\/271 tox|[from] Stealth Rock
|turn|39
|
|move|p2a: Shed Angel|Shadow Sneak|p1a: Mienshao
|-crit|p1a: Mienshao
|-damage|p1a: Mienshao|0 fnt
|faint|p1a: Mienshao
|
|-start|p2a: Shed Angel|perish1
|
|switch|p1a: Milotic|Milotic, F, shiny|219\/393
|-status|p1a: Milotic|tox
|-damage|p1a: Milotic|170\/393 tox|[from] Stealth Rock
|turn|40
|
|switch|p2a: Hentai dickcles|Tentacruel, M|189\/364
|-damage|p2a: Hentai dickcles|144\/364|[from] Stealth Rock
|move|p1a: Milotic|Recover|p1a: Milotic
|-heal|p1a: Milotic|367\/393 tox
|
|-damage|p1a: Milotic|343\/393 tox|[from] psn
|turn|41
|
|move|p2a: Hentai dickcles|Rapid Spin|p1a: Milotic
|-damage|p1a: Milotic|336\/393 tox
|-damage|p2a: Hentai dickcles|84\/364|[from] item: Rocky Helmet|[of] p1a: Milotic
|-sideend|p2: PokeHD|Stealth Rock|[from] move: Rapid Spin|[of] p2a: Hentai dickcles
|move|p1a: Milotic|Scald|p2a: Hentai dickcles
|-resisted|p2a: Hentai dickcles
|-damage|p2a: Hentai dickcles|45\/364
|
|-damage|p1a: Milotic|288\/393 tox|[from] psn
|turn|42
|
|switch|p1a: Hydreigon|Hydreigon, F, shiny|285\/325
|-damage|p1a: Hydreigon|245\/325|[from] Stealth Rock
|move|p2a: Hentai dickcles|Acid Spray|p1a: Hydreigon
|-damage|p1a: Hydreigon|205\/325
|-unboost|p1a: Hydreigon|spd|2
|
|turn|43
|
|move|p1a: Hydreigon|Crunch|p2a: Hentai dickcles
|-damage|p2a: Hentai dickcles|0 fnt
|-damage|p1a: Hydreigon|173\/325|[from] item: Life Orb
|faint|p2a: Hentai dickcles
|
|
|switch|p2a: Miley Cyrus|Aromatisse, F|406\/406
|turn|44
|
|move|p1a: Hydreigon|Iron Tail|p2a: Miley Cyrus
|-supereffective|p2a: Miley Cyrus
|-damage|p2a: Miley Cyrus|156\/406
|-damage|p1a: Hydreigon|141\/325|[from] item: Life Orb
|move|p2a: Miley Cyrus|Moonblast|p1a: Hydreigon
|-supereffective|p1a: Hydreigon
|-damage|p1a: Hydreigon|0 fnt
|faint|p1a: Hydreigon
|
|-heal|p2a: Miley Cyrus|181\/406|[from] item: Leftovers
|-message|1 Night in Paras forfeited.
|leave|1 Night in Paras
|
|win|PokeHD
|raw|Ladder updating...
|player|p1
|raw|1 Night in Paras's rating: 1299 &rarr; <strong>1276<\/strong><br \/>(-23 for losing)
|raw|PokeHD's rating: 1329 &rarr; <strong>1347<\/strong><br \/>(+18 for winning)