|join|PokeHD
|join|dachosen1
|player|p1|PokeHD|1
|player|p2|dachosen1|124
|gametype|singles
|gen|6
|tier|UU
|rated
|rule|Sleep Clause Mod: Limit one foe put to sleep
|rule|Species Clause: Limit one of each PokÃ©mon
|rule|OHKO Clause: OHKO moves are banned
|rule|Moody Clause: Moody is banned
|rule|Evasion Moves Clause: Evasion moves are banned
|rule|Endless Battle Clause: Forcing endless battles is banned
|rule|HP Percentage Mod: HP is shown in percentages
|clearpoke
|poke|p1|Serperior, M, shiny
|poke|p1|Snorlax, M, shiny
|poke|p1|Chandelure, F
|poke|p1|Krookodile, M
|poke|p1|Crobat, F
|poke|p1|Blastoise, F, shiny
|poke|p2|Serperior, F
|poke|p2|Magneton
|poke|p2|Crobat, F
|poke|p2|Toxicroak, F
|poke|p2|Azelf
|poke|p2|Swampert, F
|rule|Swagger Clause: Swagger is banned
|rule|Baton Pass Clause: Limit one PokÃ©mon knowing Baton Pass
|teampreview
|c|âdachosen1|gl hf
|c|âdachosen1|contrary superior ftw lol
|c|âPokeHD|Hey, good luck to you too :P
|
|start
|switch|p1a: Blastoise|Blastoise, F, shiny|362\/362
|switch|p2a: Swampert|Swampert, F|404\/404
|turn|1
|
|detailschange|p1a: Blastoise|Blastoise-Mega, F, shiny
|-mega|p1a: Blastoise|Blastoise|Blastoisinite
|move|p1a: Blastoise|Scald|p2a: Swampert
|-damage|p2a: Swampert|278\/404
|move|p2a: Swampert|Scald|p1a: Blastoise
|-resisted|p1a: Blastoise
|-damage|p1a: Blastoise|326\/362
|-status|p1a: Blastoise|brn
|
|-heal|p2a: Swampert|303\/404|[from] item: Leftovers
|-damage|p1a: Blastoise|281\/362 brn|[from] brn
|turn|2
|
|move|p1a: Blastoise|Ice Beam|p2a: Swampert
|-crit|p2a: Swampert
|-damage|p2a: Swampert|173\/404
|-status|p2a: Swampert|frz
|cant|p2a: Swampert|frz
|
|-heal|p2a: Swampert|198\/404 frz|[from] item: Leftovers
|-damage|p1a: Blastoise|236\/362 brn|[from] brn
|turn|3
|c|âdachosen1|return hax. lol
|c|âPokeHD|xD
|c|âdachosen1|that really sucked  lol
|
|switch|p1a: Serperior|Serperior, M, shiny|291\/291
|cant|p2a: Swampert|frz
|
|-heal|p2a: Swampert|223\/404 frz|[from] item: Leftovers
|turn|4
|c|âPokeHD|Why didn't you Scald? Scald melts the ice
|c|âdachosen1|wanted rocks lol
|c|âPokeHD|Oh xD
|c|âdachosen1|played the odds and lost. lol
|
|switch|p2a: Crobat|Crobat, F|373\/373
|move|p1a: Serperior|Glare|p2a: Crobat
|-status|p2a: Crobat|par
|
|turn|5
|c|âPokeHD|Got the crobat
|
|switch|p1a: Krookodile|Krookodile, M|394\/394
|-ability|p1a: Krookodile|Intimidate|[of] p2a: Crobat
|-unboost|p2a: Crobat|atk|1
|move|p2a: Crobat|Brave Bird|p1a: Krookodile
|-damage|p1a: Krookodile|322\/394
|-damage|p2a: Crobat|349\/373 par|[from] recoil|[of] p1a: Krookodile
|
|-heal|p1a: Krookodile|346\/394|[from] item: Leftovers
|-heal|p2a: Crobat|372\/373 par|[from] item: Black Sludge
|turn|6
|
|switch|p2a: Serperior|Serperior, F|291\/291
|move|p1a: Krookodile|Knock Off|p2a: Serperior
|-damage|p2a: Serperior|164\/291
|-enditem|p2a: Serperior|Life Orb|[from] move: Knock Off|[of] p1a: Krookodile
|
|-heal|p1a: Krookodile|370\/394|[from] item: Leftovers
|turn|7
|
|switch|p1a: Snorlax|Snorlax, M, shiny|497\/497
|move|p2a: Serperior|Leaf Storm|p1a: Snorlax
|-damage|p1a: Snorlax|379\/497
|-boost|p2a: Serperior|spa|2
|
|-heal|p1a: Snorlax|410\/497|[from] item: Leftovers
|turn|8
|
|move|p2a: Serperior|Leaf Storm|p1a: Snorlax
|-damage|p1a: Snorlax|164\/497
|-boost|p2a: Serperior|spa|2
|move|p1a: Snorlax|Body Slam|p2a: Serperior
|-damage|p2a: Serperior|55\/291
|
|-heal|p1a: Snorlax|195\/497|[from] item: Leftovers
|turn|9
|
|move|p2a: Serperior|Giga Drain|p1a: Snorlax
|-damage|p1a: Snorlax|11\/497
|-heal|p2a: Serperior|147\/291|[from] drain|[of] p1a: Snorlax
|move|p1a: Snorlax|Body Slam|p2a: Serperior
|-damage|p2a: Serperior|24\/291
|-status|p2a: Serperior|par
|
|-heal|p1a: Snorlax|42\/497|[from] item: Leftovers
|turn|10
|c|âdachosen1|sigh
|c|âPokeHD|Thank you RNG u.u
|
|move|p1a: Snorlax|Body Slam|p2a: Serperior
|-damage|p2a: Serperior|0 fnt
|faint|p2a: Serperior
|
|-heal|p1a: Snorlax|73\/497|[from] item: Leftovers
|
|switch|p2a: Azelf|Azelf|291\/291
|turn|11
|c|âdachosen1|the hax gods are not pleased with me this game lol
|
|move|p2a: Azelf|Psyshock|p1a: Snorlax
|-damage|p1a: Snorlax|0 fnt
|faint|p1a: Snorlax
|
|
|switch|p1a: Krookodile|Krookodile, M|370\/394
|-ability|p1a: Krookodile|Intimidate|[of] p2a: Azelf
|-unboost|p2a: Azelf|atk|1
|turn|12
|c|âPokeHD|It is never pleased with me, I'm impressed how well my hax is doing in this game o.o
|c|âdachosen1|lol i know the feeling
|
|switch|p2a: Swampert|Swampert, F|223\/404 frz
|move|p1a: Krookodile|Knock Off|p2a: Swampert
|-damage|p2a: Swampert|78\/404 frz
|-enditem|p2a: Swampert|Leftovers|[from] move: Knock Off|[of] p1a: Krookodile
|
|-heal|p1a: Krookodile|394\/394|[from] item: Leftovers
|turn|13
|
|move|p1a: Krookodile|Earthquake|p2a: Swampert
|-damage|p2a: Swampert|0 fnt
|faint|p2a: Swampert
|
|c|âPokeHD|Krookodile has a big ass
|
|switch|p2a: Crobat|Crobat, F|372\/373 par
|turn|14
|
|move|p1a: Krookodile|Knock Off|p2a: Crobat
|-damage|p2a: Crobat|204\/373 par
|-enditem|p2a: Crobat|Black Sludge|[from] move: Knock Off|[of] p1a: Krookodile
|cant|p2a: Crobat|par
|
|turn|15
|
|move|p1a: Krookodile|Stealth Rock|p2a: Crobat
|-sidestart|p2: dachosen1|move: Stealth Rock
|cant|p2a: Crobat|par
|
|turn|16
|c|âdachosen1|holy jesus
|c|âPokeHD|D:
|
|switch|p1a: Blastoise|Blastoise-Mega, F, shiny|236\/362 brn
|move|p2a: Crobat|Roost|p2a: Crobat
|-heal|p2a: Crobat|373\/373 par
|
|-damage|p1a: Blastoise|191\/362 brn|[from] brn
|turn|17
|
|move|p1a: Blastoise|Ice Beam|p2a: Crobat
|-supereffective|p2a: Crobat
|-damage|p2a: Crobat|81\/373 par
|move|p2a: Crobat|Roost|p2a: Crobat
|-heal|p2a: Crobat|268\/373 par
|
|-damage|p1a: Blastoise|146\/362 brn|[from] brn
|turn|18
|
|switch|p2a: Magneton|Magneton|241\/241
|-damage|p2a: Magneton|226\/241|[from] Stealth Rock
|move|p1a: Blastoise|Ice Beam|p2a: Magneton
|-resisted|p2a: Magneton
|-damage|p2a: Magneton|145\/241
|
|-damage|p1a: Blastoise|101\/362 brn|[from] brn
|turn|19
|c|âPokeHD|Either scarf or specs judging by the damage hmmm
|
|switch|p2a: Crobat|Crobat, F|268\/373 par
|-damage|p2a: Crobat|175\/373 par|[from] Stealth Rock
|switch|p1a: Krookodile|Krookodile, M|394\/394
|-ability|p1a: Krookodile|Intimidate|[of] p2a: Crobat
|-unboost|p2a: Crobat|atk|1
|
|turn|20
|
|switch|p1a: Chandelure|Chandelure, F|261\/261
|cant|p2a: Crobat|par
|
|turn|21
|c|âdachosen1|i aint even surprised
|
|move|p1a: Chandelure|Shadow Ball|p2a: Crobat
|-damage|p2a: Crobat|0 fnt
|faint|p2a: Crobat
|
|c|âPokeHD|Paralysis is truly a bitch... It's my most hated status, even more than freeze and sleep
|
|switch|p2a: Toxicroak|Toxicroak, F|307\/307
|-damage|p2a: Toxicroak|288\/307|[from] Stealth Rock
|turn|22
|
|switch|p1a: Crobat|Crobat, F|323\/323
|move|p2a: Toxicroak|Swords Dance|p2a: Toxicroak
|-boost|p2a: Toxicroak|atk|2
|
|-heal|p2a: Toxicroak|307\/307|[from] item: Black Sludge
|turn|23
|
|move|p2a: Toxicroak|Sucker Punch|p1a: Crobat
|-fail|p1a: Crobat
|move|p1a: Crobat|Taunt|p2a: Toxicroak
|-start|p2a: Toxicroak|move: Taunt
|
|turn|24
|
|switch|p1a: Blastoise|Blastoise-Mega, F, shiny|101\/362 brn
|move|p2a: Toxicroak|Sucker Punch|p1a: Blastoise
|-fail|p1a: Blastoise
|
|-damage|p1a: Blastoise|56\/362 brn|[from] brn
|turn|25
|
|move|p2a: Toxicroak|Sucker Punch|p1a: Blastoise
|-damage|p1a: Blastoise|0 fnt
|faint|p1a: Blastoise
|
|
|switch|p1a: Serperior|Serperior, M, shiny|291\/291
|turn|26
|c|âPokeHD|Don't kill
|c|âPokeHD|Don't kill
|
|move|p1a: Serperior|Glare|p2a: Toxicroak
|-status|p2a: Toxicroak|par
|cant|p2a: Toxicroak|par
|
|-end|p2a: Toxicroak|move: Taunt
|turn|27
|c|âdachosen1|whats new...
|c|âPokeHD|Yes!
|
|move|p1a: Serperior|Hidden Power|p2a: Toxicroak
|-damage|p2a: Toxicroak|227\/307 par
|cant|p2a: Toxicroak|par
|
|-heal|p2a: Toxicroak|246\/307 par|[from] item: Black Sludge
|turn|28
|c|âdachosen1|wow
|c|âPokeHD|Man, you sure are unlucky today
|
|move|p1a: Serperior|Dragon Pulse|p2a: Toxicroak
|-damage|p2a: Toxicroak|154\/307 par
|move|p2a: Toxicroak|Swords Dance|p2a: Toxicroak
|-boost|p2a: Toxicroak|atk|2
|
|-heal|p2a: Toxicroak|173\/307 par|[from] item: Black Sludge
|turn|29
|
|move|p1a: Serperior|Leaf Storm|p2a: Toxicroak
|-resisted|p2a: Toxicroak
|-damage|p2a: Toxicroak|40\/307 par
|-boost|p1a: Serperior|spa|2
|move|p2a: Toxicroak|Drain Punch|p1a: Serperior
|-damage|p1a: Serperior|0 fnt
|-heal|p2a: Toxicroak|186\/307 par|[from] drain|[of] p1a: Serperior
|faint|p1a: Serperior
|
|-heal|p2a: Toxicroak|205\/307 par|[from] item: Black Sludge
|
|switch|p1a: Krookodile|Krookodile, M|394\/394
|-ability|p1a: Krookodile|Intimidate|[of] p2a: Toxicroak
|-unboost|p2a: Toxicroak|atk|1
|turn|30
|c|âPokeHD|Thank you paralysis <3
|
|move|p2a: Toxicroak|Sucker Punch|p1a: Krookodile
|-resisted|p1a: Krookodile
|-damage|p1a: Krookodile|313\/394
|move|p1a: Krookodile|Earthquake|p2a: Toxicroak
|-supereffective|p2a: Toxicroak
|-damage|p2a: Toxicroak|0 fnt
|faint|p2a: Toxicroak
|
|-heal|p1a: Krookodile|337\/394|[from] item: Leftovers
|
|switch|p2a: Azelf|Azelf|291\/291
|-damage|p2a: Azelf|255\/291|[from] Stealth Rock
|turn|31
|
|switch|p1a: Crobat|Crobat, F|323\/323
|move|p2a: Azelf|Flamethrower|p1a: Crobat
|-damage|p1a: Crobat|193\/323
|
|-heal|p2a: Azelf|273\/291|[from] item: Leftovers
|turn|32
|c|âPokeHD|Feel free to add me on FB if you want: https:\/\/www.facebook.com\/oscarcbneto
|
|move|p2a: Azelf|Psyshock|p1a: Crobat
|-supereffective|p1a: Crobat
|-damage|p1a: Crobat|0 fnt
|faint|p1a: Crobat
|
|-heal|p2a: Azelf|291\/291|[from] item: Leftovers
|
|switch|p1a: Krookodile|Krookodile, M|337\/394
|-ability|p1a: Krookodile|Intimidate|[of] p2a: Azelf
|-unboost|p2a: Azelf|atk|1
|turn|33
|c|âdachosen1|thanks but no thanks bro
|
|move|p2a: Azelf|Flamethrower|p1a: Krookodile
|-damage|p1a: Krookodile|188\/394
|move|p1a: Krookodile|Knock Off|p2a: Azelf
|-supereffective|p2a: Azelf
|-damage|p2a: Azelf|0 fnt
|-enditem|p2a: Azelf|Leftovers|[from] move: Knock Off|[of] p1a: Krookodile
|faint|p2a: Azelf
|
|-heal|p1a: Krookodile|212\/394|[from] item: Leftovers
|c|âPokeHD|gg man
|
|switch|p2a: Magneton|Magneton|145\/241
|-damage|p2a: Magneton|130\/241|[from] Stealth Rock
|turn|34
|c|âdachosen1|lol i guess
|c|âdachosen1|gg
|
|move|p2a: Magneton|Flash Cannon|p1a: Krookodile
|-damage|p1a: Krookodile|29\/394
|move|p1a: Krookodile|Earthquake|p2a: Magneton
|-supereffective|p2a: Magneton
|-damage|p2a: Magneton|0 fnt
|faint|p2a: Magneton
|
|win|PokeHD
|raw|Ladder updating...
|raw|PokeHD's rating: 1410 &rarr; <strong>1430<\/strong><br \/>(+20 for winning)
|raw|dachosen1's rating: 1408 &rarr; <strong>1388<\/strong><br \/>(-20 for losing)
|leave|dachosen1
|leave|PokeHD
|join|PokeHD