|join|PokeHD
|join|ULT Hogg
|player|p1|PokeHD|279
|player|p2|ULT Hogg|125
|gametype|singles
|gen|6
|tier|UU
|rated
|rule|Sleep Clause Mod: Limit one foe put to sleep
|rule|Species Clause: Limit one of each PokÃ©mon
|rule|OHKO Clause: OHKO moves are banned
|rule|Moody Clause: Moody is banned
|rule|Evasion Moves Clause: Evasion moves are banned
|rule|Endless Battle Clause: Forcing endless battles is banned
|rule|HP Percentage Mod: HP is shown in percentages
|clearpoke
|poke|p1|Serperior, M, shiny
|poke|p1|Snorlax, M, shiny
|poke|p1|Chandelure, F
|poke|p1|Krookodile, M
|poke|p1|Crobat, F
|poke|p1|Blastoise, F, shiny
|poke|p2|Kyurem
|poke|p2|Tentacruel, F
|poke|p2|Florges, F
|poke|p2|Ferroseed, M
|poke|p2|Aerodactyl, F
|poke|p2|Shedinja
|rule|Swagger Clause: Swagger is banned
|rule|Baton Pass Clause: Limit one PokÃ©mon knowing Baton Pass
|teampreview
|
|start
|switch|p1a: Snorlax|Snorlax, M, shiny|497\/497
|switch|p2a: Aerodactyl|Aerodactyl, F|363\/363
|-ability|p2a: Aerodactyl|Pressure
|turn|1
|
|detailschange|p2a: Aerodactyl|Aerodactyl-Mega, F
|-mega|p2a: Aerodactyl|Aerodactyl|Aerodactylite
|move|p2a: Aerodactyl|Taunt|p1a: Snorlax
|-start|p1a: Snorlax|move: Taunt
|cant|p1a: Snorlax|move: Taunt|Curse
|
|turn|2
|
|move|p2a: Aerodactyl|Aerial Ace|p1a: Snorlax
|-damage|p1a: Snorlax|358\/497
|move|p1a: Snorlax|Body Slam|p2a: Aerodactyl
|-resisted|p2a: Aerodactyl
|-damage|p2a: Aerodactyl|308\/363
|
|-heal|p1a: Snorlax|389\/497|[from] item: Leftovers
|turn|3
|
|switch|p2a: Shedinja|Shedinja|1\/1
|move|p1a: Snorlax|Body Slam|p2a: Shedinja
|-immune|p2a: Shedinja|[msg]
|
|-heal|p1a: Snorlax|420\/497|[from] item: Leftovers
|-end|p1a: Snorlax|move: Taunt
|turn|4
|
|move|p2a: Shedinja|Will-O-Wisp|p1a: Snorlax
|-status|p1a: Snorlax|brn
|move|p1a: Snorlax|Crunch|p2a: Shedinja
|-supereffective|p2a: Shedinja
|-enditem|p2a: Shedinja|Focus Sash
|-damage|p2a: Shedinja|1\/1
|-unboost|p2a: Shedinja|def|1
|
|-heal|p1a: Snorlax|451\/497 brn|[from] item: Leftovers
|-damage|p1a: Snorlax|389\/497 brn|[from] brn
|turn|5
|
|switch|p2a: Aerodactyl|Aerodactyl-Mega, F|308\/363
|move|p1a: Snorlax|Rest|p1a: Snorlax
|-status|p1a: Snorlax|slp
|-heal|p1a: Snorlax|497\/497 slp|[silent]
|-status|p1a: Snorlax|slp|[from] move: Rest
|
|turn|6
|
|move|p2a: Aerodactyl|Aerial Ace|p1a: Snorlax
|-damage|p1a: Snorlax|367\/497 slp
|cant|p1a: Snorlax|slp
|
|-heal|p1a: Snorlax|398\/497 slp|[from] item: Leftovers
|turn|7
|
|move|p2a: Aerodactyl|Aerial Ace|p1a: Snorlax
|-damage|p1a: Snorlax|256\/497 slp
|cant|p1a: Snorlax|slp
|
|-heal|p1a: Snorlax|287\/497 slp|[from] item: Leftovers
|turn|8
|
|move|p2a: Aerodactyl|Taunt|p1a: Snorlax
|-start|p1a: Snorlax|move: Taunt
|-curestatus|p1a: Snorlax|slp
|move|p1a: Snorlax|Body Slam|p2a: Aerodactyl
|-resisted|p2a: Aerodactyl
|-damage|p2a: Aerodactyl|252\/363
|
|-heal|p1a: Snorlax|318\/497|[from] item: Leftovers
|turn|9
|
|move|p2a: Aerodactyl|Aerial Ace|p1a: Snorlax
|-damage|p1a: Snorlax|185\/497
|move|p1a: Snorlax|Body Slam|p2a: Aerodactyl
|-resisted|p2a: Aerodactyl
|-damage|p2a: Aerodactyl|195\/363
|
|-heal|p1a: Snorlax|216\/497|[from] item: Leftovers
|turn|10
|
|move|p2a: Aerodactyl|Aerial Ace|p1a: Snorlax
|-damage|p1a: Snorlax|80\/497
|move|p1a: Snorlax|Body Slam|p2a: Aerodactyl
|-resisted|p2a: Aerodactyl
|-damage|p2a: Aerodactyl|138\/363
|
|-heal|p1a: Snorlax|111\/497|[from] item: Leftovers
|-end|p1a: Snorlax|move: Taunt
|turn|11
|
|switch|p1a: Blastoise|Blastoise, F, shiny|362\/362
|move|p2a: Aerodactyl|Aerial Ace|p1a: Blastoise
|-damage|p1a: Blastoise|245\/362
|
|turn|12
|
|switch|p2a: Florges|Florges, F|360\/360
|detailschange|p1a: Blastoise|Blastoise-Mega, F, shiny
|-mega|p1a: Blastoise|Blastoise|Blastoisinite
|move|p1a: Blastoise|Dark Pulse|p2a: Florges
|-resisted|p2a: Florges
|-damage|p2a: Florges|307\/360
|
|-heal|p2a: Florges|329\/360|[from] item: Leftovers
|turn|13
|
|switch|p1a: Snorlax|Snorlax, M, shiny|111\/497
|move|p2a: Florges|Wish|p2a: Florges
|
|-heal|p2a: Florges|351\/360|[from] item: Leftovers
|-heal|p1a: Snorlax|142\/497|[from] item: Leftovers
|turn|14
|
|switch|p2a: Ferroseed|Ferroseed, M|292\/292
|move|p1a: Snorlax|Crunch|p2a: Ferroseed
|-damage|p2a: Ferroseed|255\/292
|-damage|p1a: Snorlax|80\/497|[from] ability: Iron Barbs|[of] p2a: Ferroseed
|-unboost|p2a: Ferroseed|def|1
|
|-heal|p2a: Ferroseed|292\/292|[from] move: Wish|[wisher] Florges
|-heal|p1a: Snorlax|111\/497|[from] item: Leftovers
|turn|15
|
|move|p1a: Snorlax|Rest|p1a: Snorlax
|-status|p1a: Snorlax|slp
|-heal|p1a: Snorlax|497\/497 slp|[silent]
|-status|p1a: Snorlax|slp|[from] move: Rest
|move|p2a: Ferroseed|Leech Seed|p1a: Snorlax
|-start|p1a: Snorlax|move: Leech Seed
|
|-damage|p1a: Snorlax|435\/497 slp|[from] Leech Seed|[of] p2a: Ferroseed
|turn|16
|
|switch|p1a: Chandelure|Chandelure, F|261\/261
|move|p2a: Ferroseed|Stealth Rock|p1a: Chandelure
|-sidestart|p1: PokeHD|move: Stealth Rock
|
|turn|17
|
|move|p2a: Ferroseed|Protect|p2a: Ferroseed
|-singleturn|p2a: Ferroseed|Protect
|move|p1a: Chandelure|Fire Blast|p2a: Ferroseed
|-activate|p2a: Ferroseed|Protect
|
|turn|18
|
|switch|p2a: Tentacruel|Tentacruel, F|352\/352
|move|p1a: Chandelure|Fire Blast|p2a: Tentacruel|[miss]
|-miss|p1a: Chandelure|p2a: Tentacruel
|
|turn|19
|
|switch|p1a: Blastoise|Blastoise-Mega, F, shiny|245\/362
|-damage|p1a: Blastoise|200\/362|[from] Stealth Rock
|move|p2a: Tentacruel|Toxic Spikes|p1a: Blastoise
|-sidestart|p1: PokeHD|move: Toxic Spikes
|
|turn|20
|
|switch|p2a: Ferroseed|Ferroseed, M|292\/292
|move|p1a: Blastoise|Rapid Spin|p2a: Ferroseed
|-resisted|p2a: Ferroseed
|-damage|p2a: Ferroseed|288\/292
|-damage|p1a: Blastoise|155\/362|[from] ability: Iron Barbs|[of] p2a: Ferroseed
|-sideend|p1: PokeHD|Toxic Spikes|[from] move: Rapid Spin|[of] p1a: Blastoise
|-sideend|p1: PokeHD|Stealth Rock|[from] move: Rapid Spin|[of] p1a: Blastoise
|
|turn|21
|
|move|p1a: Blastoise|Dark Pulse|p2a: Ferroseed
|-damage|p2a: Ferroseed|169\/292
|cant|p2a: Ferroseed|flinch
|
|turn|22
|
|move|p1a: Blastoise|Dark Pulse|p2a: Ferroseed
|-damage|p2a: Ferroseed|49\/292
|move|p2a: Ferroseed|Leech Seed|p1a: Blastoise
|-start|p1a: Blastoise|move: Leech Seed
|
|-damage|p1a: Blastoise|110\/362|[from] Leech Seed|[of] p2a: Ferroseed
|-heal|p2a: Ferroseed|94\/292|[silent]
|turn|23
|
|switch|p1a: Chandelure|Chandelure, F|261\/261
|move|p2a: Ferroseed|Protect|p2a: Ferroseed
|-fail|p2a: Ferroseed
|
|turn|24
|
|move|p2a: Ferroseed|Protect|p2a: Ferroseed
|-singleturn|p2a: Ferroseed|Protect
|move|p1a: Chandelure|Shadow Ball|p2a: Ferroseed
|-activate|p2a: Ferroseed|Protect
|
|turn|25
|
|switch|p2a: Florges|Florges, F|351\/360
|move|p1a: Chandelure|Shadow Ball|p2a: Florges
|-damage|p2a: Florges|200\/360
|
|-heal|p2a: Florges|222\/360|[from] item: Leftovers
|turn|26
|
|switch|p1a: Serperior|Serperior, M, shiny|291\/291
|move|p2a: Florges|Wish|p2a: Florges
|
|-heal|p2a: Florges|244\/360|[from] item: Leftovers
|turn|27
|
|switch|p2a: Aerodactyl|Aerodactyl-Mega, F|138\/363
|move|p1a: Serperior|Glare|p2a: Aerodactyl
|-status|p2a: Aerodactyl|par
|
|-heal|p2a: Aerodactyl|318\/363 par|[from] move: Wish|[wisher] Florges
|turn|28
|
|switch|p1a: Krookodile|Krookodile, M|394\/394
|-ability|p1a: Krookodile|Intimidate|[of] p2a: Aerodactyl
|-unboost|p2a: Aerodactyl|atk|1
|cant|p2a: Aerodactyl|par
|
|turn|29
|
|move|p1a: Krookodile|Stealth Rock|p2a: Aerodactyl
|-sidestart|p2: ULT Hogg|move: Stealth Rock
|cant|p2a: Aerodactyl|par
|
|turn|30
|
|switch|p1a: Snorlax|Snorlax, M, shiny|435\/497 slp
|move|p2a: Aerodactyl|Defog|p1a: Snorlax
|-unboost|p1a: Snorlax|evasion|1
|-sideend|p2: ULT Hogg|Stealth Rock|[from] move: Defog|[of] p2a: Aerodactyl
|
|-heal|p1a: Snorlax|466\/497 slp|[from] item: Leftovers
|turn|31
|
|switch|p2a: Ferroseed|Ferroseed, M|94\/292
|cant|p1a: Snorlax|slp
|
|-heal|p1a: Snorlax|497\/497 slp|[from] item: Leftovers
|turn|32
|
|switch|p1a: Serperior|Serperior, M, shiny|291\/291
|move|p2a: Ferroseed|Stealth Rock|p1a: Serperior
|-sidestart|p1: PokeHD|move: Stealth Rock
|
|turn|33
|
|move|p2a: Ferroseed|Protect|p2a: Ferroseed
|-singleturn|p2a: Ferroseed|Protect
|move|p1a: Serperior|Leaf Storm|p2a: Ferroseed
|-activate|p2a: Ferroseed|Protect
|
|turn|34
|
|switch|p2a: Shedinja|Shedinja|1\/1
|move|p1a: Serperior|Hidden Power|p2a: Shedinja
|-supereffective|p2a: Shedinja
|-damage|p2a: Shedinja|0 fnt
|faint|p2a: Shedinja
|
|
|switch|p2a: Aerodactyl|Aerodactyl-Mega, F|318\/363 par
|turn|35
|
|move|p1a: Serperior|Leaf Storm|p2a: Aerodactyl
|-damage|p2a: Aerodactyl|129\/363 par
|-boost|p1a: Serperior|spa|2
|move|p2a: Aerodactyl|Taunt|p1a: Serperior
|-start|p1a: Serperior|move: Taunt
|
|turn|36
|
|switch|p2a: Ferroseed|Ferroseed, M|94\/292
|move|p1a: Serperior|Dragon Pulse|p2a: Ferroseed
|-resisted|p2a: Ferroseed
|-damage|p2a: Ferroseed|44\/292
|
|turn|37
|
|move|p2a: Ferroseed|Protect|p2a: Ferroseed
|-singleturn|p2a: Ferroseed|Protect
|move|p1a: Serperior|Leaf Storm|p2a: Ferroseed
|-activate|p2a: Ferroseed|Protect
|
|turn|38
|
|switch|p2a: Kyurem|Kyurem|405\/405
|-ability|p2a: Kyurem|Pressure
|move|p1a: Serperior|Leaf Storm|p2a: Kyurem
|-crit|p2a: Kyurem
|-resisted|p2a: Kyurem
|-damage|p2a: Kyurem|108\/405
|-boost|p1a: Serperior|spa|2
|
|-heal|p2a: Kyurem|133\/405|[from] item: Leftovers
|-end|p1a: Serperior|move: Taunt
|turn|39
|-message|ULT Hogg forfeited.
|leave|ULT Hogg
|
|win|PokeHD
|raw|Ladder updating...
|player|p2
|raw|PokeHD's rating: 1477 &rarr; <strong>1493<\/strong><br \/>(+16 for winning)
|raw|ULT Hogg's rating: 1398 &rarr; <strong>1383<\/strong><br \/>(-15 for losing)