|join|Fh27
|join|Gripper
|player|p1|Fh27|166
|player|p2|Gripper|142
|gametype|singles
|gen|6
|tier|OU
|rated
|clearpoke
|poke|p1|Scizor, F
|poke|p1|Clefable, M
|poke|p1|Slowbro, M
|poke|p1|Keldeo-Resolute
|poke|p1|Latios, M
|poke|p1|Mew
|poke|p2|Gliscor, M
|poke|p2|Venusaur, F
|poke|p2|Hippowdon, M
|poke|p2|Jirachi
|poke|p2|Mandibuzz, F
|poke|p2|Rotom-Wash
|rule|Swagger Clause: Swagger is banned
|rule|Baton Pass Clause: Limit one PokÃ©mon knowing Baton Pass
|rule|Sleep Clause Mod: Limit one foe put to sleep
|rule|Species Clause: Limit one of each PokÃ©mon
|rule|OHKO Clause: OHKO moves are banned
|rule|Moody Clause: Moody is banned
|rule|Evasion Moves Clause: Evasion moves are banned
|rule|Endless Battle Clause: Forcing endless battles is banned
|rule|HP Percentage Mod: HP is shown in percentages
|teampreview
|join|shit bus
|
|start
|switch|p1a: Latios|Latios, M|301\/301
|switch|p2a: Wus|Rotom-Wash|304\/304
|turn|1
|
|switch|p2a: Koala|Jirachi|404\/404
|move|p1a: Latios|Draco Meteor|p2a: Koala
|-resisted|p2a: Koala
|-damage|p2a: Koala|291\/404
|-unboost|p1a: Latios|spa|2
|-damage|p1a: Latios|271\/301|[from] item: Life Orb
|
|-heal|p2a: Koala|316\/404|[from] item: Leftovers
|turn|2
|
|switch|p1a: Keldeo-Resolute|Keldeo-Resolute|323\/323
|switch|p2a: Wus|Rotom-Wash|304\/304
|
|turn|3
|
|switch|p1a: Mew|Mew|403\/403
|move|p2a: Wus|Volt Switch|p1a: Mew
|-damage|p1a: Mew|327\/403
|
|switch|p2a: Grippah|Gliscor, M|352\/352
|
|-heal|p1a: Mew|352\/403|[from] item: Leftovers
|-status|p2a: Grippah|tox|[from] item: Toxic Orb
|turn|4
|
|switch|p1a: Clefable|Clefable, M|394\/394
|move|p2a: Grippah|Swords Dance|p2a: Grippah
|-boost|p2a: Grippah|atk|2
|
|turn|5
|
|move|p2a: Grippah|Earthquake|p1a: Clefable
|-damage|p1a: Clefable|196\/394
|move|p1a: Clefable|Moonblast|p2a: Grippah
|-damage|p2a: Grippah|250\/352 tox
|
|-heal|p1a: Clefable|220\/394|[from] item: Leftovers
|-heal|p2a: Grippah|294\/352 tox|[from] ability: Poison Heal
|turn|6
|
|switch|p1a: Latios|Latios, M|271\/301
|move|p2a: Grippah|Taunt|p1a: Latios
|-start|p1a: Latios|move: Taunt
|
|-heal|p2a: Grippah|338\/352 tox|[from] ability: Poison Heal
|turn|7
|
|move|p1a: Latios|Draco Meteor|p2a: Grippah
|-damage|p2a: Grippah|40\/352 tox
|-unboost|p1a: Latios|spa|2
|-damage|p1a: Latios|241\/301|[from] item: Life Orb
|move|p2a: Grippah|Knock Off|p1a: Latios
|-supereffective|p1a: Latios
|-damage|p1a: Latios|0 fnt
|-enditem|p1a: Latios|Life Orb|[from] move: Knock Off|[of] p2a: Grippah
|faint|p1a: Latios
|
|-heal|p2a: Grippah|84\/352 tox|[from] ability: Poison Heal
|
|switch|p1a: Keldeo-Resolute|Keldeo-Resolute|323\/323
|turn|8
|
|switch|p2a: Petallic taste|Venusaur, F|359\/359
|move|p1a: Keldeo-Resolute|Substitute|p1a: Keldeo-Resolute
|-start|p1a: Keldeo-Resolute|Substitute
|-damage|p1a: Keldeo-Resolute|243\/323
|
|-heal|p1a: Keldeo-Resolute|263\/323|[from] item: Leftovers
|turn|9
|c| shit bus|HAHAHAHAH
|
|detailschange|p2a: Petallic taste|Venusaur-Mega, F
|-mega|p2a: Petallic taste|Venusaur|Venusaurite
|move|p1a: Keldeo-Resolute|Scald|p2a: Petallic taste
|-crit|p2a: Petallic taste
|-resisted|p2a: Petallic taste
|-damage|p2a: Petallic taste|266\/359
|move|p2a: Petallic taste|Giga Drain|p1a: Keldeo-Resolute
|-supereffective|p1a: Keldeo-Resolute
|-end|p1a: Keldeo-Resolute|Substitute
|-heal|p2a: Petallic taste|306\/359|[from] drain|[of] p1a: Keldeo-Resolute
|
|-heal|p1a: Keldeo-Resolute|283\/323|[from] item: Leftovers
|turn|10
|c|âGripper|:]
|
|switch|p1a: Mew|Mew|352\/403
|move|p2a: Petallic taste|Giga Drain|p1a: Mew
|-crit|p1a: Mew
|-damage|p1a: Mew|189\/403
|-heal|p2a: Petallic taste|359\/359|[from] drain|[of] p1a: Mew
|
|-heal|p1a: Mew|214\/403|[from] item: Leftovers
|turn|11
|
|switch|p2a: Grippah|Gliscor, M|84\/352 tox
|move|p1a: Mew|Stealth Rock|p2a: Grippah
|-sidestart|p2: Gripper|move: Stealth Rock
|
|-heal|p1a: Mew|239\/403|[from] item: Leftovers
|-heal|p2a: Grippah|128\/352 tox|[from] ability: Poison Heal
|turn|12
|
|switch|p1a: Keldeo-Resolute|Keldeo-Resolute|283\/323
|move|p2a: Grippah|Knock Off|p1a: Keldeo-Resolute
|-resisted|p1a: Keldeo-Resolute
|-damage|p1a: Keldeo-Resolute|247\/323
|-boost|p1a: Keldeo-Resolute|atk|1|[from] ability: Justified
|-enditem|p1a: Keldeo-Resolute|Leftovers|[from] move: Knock Off|[of] p2a: Grippah
|
|-heal|p2a: Grippah|172\/352 tox|[from] ability: Poison Heal
|turn|13
|
|switch|p2a: Petallic taste|Venusaur-Mega, F|359\/359
|-damage|p2a: Petallic taste|315\/359|[from] Stealth Rock
|move|p1a: Keldeo-Resolute|Scald|p2a: Petallic taste
|-resisted|p2a: Petallic taste
|-damage|p2a: Petallic taste|258\/359
|
|turn|14
|
|switch|p1a: Mew|Mew|239\/403
|move|p2a: Petallic taste|Sludge Bomb|p1a: Mew
|-damage|p1a: Mew|89\/403
|
|-heal|p1a: Mew|114\/403|[from] item: Leftovers
|turn|15
|
|move|p1a: Mew|Roost|p1a: Mew
|-heal|p1a: Mew|316\/403
|move|p2a: Petallic taste|Sludge Bomb|p1a: Mew
|-damage|p1a: Mew|168\/403
|
|-heal|p1a: Mew|193\/403|[from] item: Leftovers
|turn|16
|
|switch|p1a: Scizor|Scizor, F|287\/287
|move|p2a: Petallic taste|Sludge Bomb|p1a: Scizor
|-immune|p1a: Scizor|[msg]
|
|turn|17
|
|switch|p1a: Mew|Mew|193\/403
|move|p2a: Petallic taste|Hidden Power|p1a: Mew
|-damage|p1a: Mew|130\/403
|
|-heal|p1a: Mew|155\/403|[from] item: Leftovers
|turn|18
|
|move|p1a: Mew|Roost|p1a: Mew
|-heal|p1a: Mew|357\/403
|move|p2a: Petallic taste|Sludge Bomb|p1a: Mew
|-damage|p1a: Mew|222\/403
|
|-heal|p1a: Mew|247\/403|[from] item: Leftovers
|turn|19
|
|move|p1a: Mew|Will-O-Wisp|p2a: Petallic taste
|-status|p2a: Petallic taste|brn
|move|p2a: Petallic taste|Sludge Bomb|p1a: Mew
|-damage|p1a: Mew|120\/403
|
|-heal|p1a: Mew|145\/403|[from] item: Leftovers
|-damage|p2a: Petallic taste|214\/359 brn|[from] brn
|turn|20
|
|move|p1a: Mew|Roost|p1a: Mew
|-heal|p1a: Mew|347\/403
|move|p2a: Petallic taste|Sludge Bomb|p1a: Mew
|-damage|p1a: Mew|199\/403
|
|-heal|p1a: Mew|224\/403|[from] item: Leftovers
|-damage|p2a: Petallic taste|170\/359 brn|[from] brn
|turn|21
|
|switch|p1a: Scizor|Scizor, F|287\/287
|move|p2a: Petallic taste|Synthesis|p2a: Petallic taste
|-heal|p2a: Petallic taste|349\/359 brn
|
|-damage|p2a: Petallic taste|305\/359 brn|[from] brn
|turn|22
|c|âGripper|must be nice
|
|switch|p1a: Mew|Mew|224\/403
|move|p2a: Petallic taste|Hidden Power|p1a: Mew
|-damage|p1a: Mew|166\/403
|
|-heal|p1a: Mew|191\/403|[from] item: Leftovers
|-damage|p2a: Petallic taste|261\/359 brn|[from] brn
|turn|23
|
|move|p1a: Mew|Roost|p1a: Mew
|-heal|p1a: Mew|393\/403
|move|p2a: Petallic taste|Sludge Bomb|p1a: Mew
|-damage|p1a: Mew|245\/403
|
|-heal|p1a: Mew|270\/403|[from] item: Leftovers
|-damage|p2a: Petallic taste|217\/359 brn|[from] brn
|turn|24
|
|switch|p1a: Scizor|Scizor, F|287\/287
|move|p2a: Petallic taste|Hidden Power|p1a: Scizor
|-supereffective|p1a: Scizor
|-damage|p1a: Scizor|0 fnt
|faint|p1a: Scizor
|
|-damage|p2a: Petallic taste|173\/359 brn|[from] brn
|c| shit bus|:]
|c|âGripper|-
|c|âFh27|i knew lag would cost me
|c|âGripper|fuck off
|c| shit bus|"lag"
|
|switch|p1a: Mew|Mew|270\/403
|turn|25
|c|âFh27|yep :) lag
|
|move|p1a: Mew|Knock Off|p2a: Petallic taste
|-damage|p2a: Petallic taste|129\/359 brn
|move|p2a: Petallic taste|Synthesis|p2a: Petallic taste
|-heal|p2a: Petallic taste|308\/359 brn
|
|-heal|p1a: Mew|295\/403|[from] item: Leftovers
|-damage|p2a: Petallic taste|264\/359 brn|[from] brn
|turn|26
|
|move|p1a: Mew|Knock Off|p2a: Petallic taste
|-damage|p2a: Petallic taste|224\/359 brn
|move|p2a: Petallic taste|Sludge Bomb|p1a: Mew
|-damage|p1a: Mew|153\/403
|-status|p1a: Mew|psn
|
|-heal|p1a: Mew|178\/403 psn|[from] item: Leftovers
|-damage|p1a: Mew|128\/403 psn|[from] psn
|-damage|p2a: Petallic taste|180\/359 brn|[from] brn
|turn|27
|c|âGripper|!
|c| shit bus|there we go
|
|move|p1a: Mew|Roost|p1a: Mew
|-heal|p1a: Mew|330\/403 psn
|move|p2a: Petallic taste|Synthesis|p2a: Petallic taste
|-heal|p2a: Petallic taste|359\/359 brn
|
|-heal|p1a: Mew|355\/403 psn|[from] item: Leftovers
|-damage|p1a: Mew|305\/403 psn|[from] psn
|-damage|p2a: Petallic taste|315\/359 brn|[from] brn
|turn|28
|c| shit bus|only took 15 or so sludge buses
|
|move|p1a: Mew|Knock Off|p2a: Petallic taste
|-damage|p2a: Petallic taste|271\/359 brn
|move|p2a: Petallic taste|Giga Drain|p1a: Mew
|-damage|p1a: Mew|182\/403 psn
|-heal|p2a: Petallic taste|333\/359 brn|[from] drain|[of] p1a: Mew
|
|-heal|p1a: Mew|207\/403 psn|[from] item: Leftovers
|-damage|p1a: Mew|157\/403 psn|[from] psn
|-damage|p2a: Petallic taste|289\/359 brn|[from] brn
|turn|29
|c|âGripper|One left for the clefable :]
|
|move|p1a: Mew|Roost|p1a: Mew
|-heal|p1a: Mew|359\/403 psn
|move|p2a: Petallic taste|Sludge Bomb|p1a: Mew
|-damage|p1a: Mew|215\/403 psn
|
|-heal|p1a: Mew|240\/403 psn|[from] item: Leftovers
|-damage|p1a: Mew|190\/403 psn|[from] psn
|-damage|p2a: Petallic taste|245\/359 brn|[from] brn
|turn|30
|c|âGripper|that gigagam is doing a crisp amount
|
|move|p1a: Mew|Roost|p1a: Mew
|-heal|p1a: Mew|392\/403 psn
|move|p2a: Petallic taste|Giga Drain|p1a: Mew
|-damage|p1a: Mew|268\/403 psn
|-heal|p2a: Petallic taste|307\/359 brn|[from] drain|[of] p1a: Mew
|
|-heal|p1a: Mew|293\/403 psn|[from] item: Leftovers
|-damage|p1a: Mew|243\/403 psn|[from] psn
|-damage|p2a: Petallic taste|263\/359 brn|[from] brn
|turn|31
|c|âFh27|u guys sound jus like tom and mack bus lol
|c|âFh27|crisp
|c|âGripper|Who are they?
|
|switch|p2a: Grippah|Gliscor, M|172\/352 tox
|-damage|p2a: Grippah|128\/352 tox|[from] Stealth Rock
|move|p1a: Mew|Knock Off|p2a: Grippah
|-damage|p2a: Grippah|60\/352 tox
|-enditem|p2a: Grippah|Toxic Orb|[from] move: Knock Off|[of] p1a: Mew
|
|-heal|p1a: Mew|268\/403 psn|[from] item: Leftovers
|-damage|p1a: Mew|218\/403 psn|[from] psn
|-heal|p2a: Grippah|104\/352 tox|[from] ability: Poison Heal
|turn|32
|c|âFh27|mmk
|
|move|p1a: Mew|Knock Off|p2a: Grippah
|-damage|p2a: Grippah|64\/352 tox
|move|p2a: Grippah|Knock Off|p1a: Mew
|-supereffective|p1a: Mew
|-damage|p1a: Mew|66\/403 psn
|-enditem|p1a: Mew|Leftovers|[from] move: Knock Off|[of] p2a: Grippah
|
|-damage|p1a: Mew|16\/403 psn|[from] psn
|-heal|p2a: Grippah|108\/352 tox|[from] ability: Poison Heal
|turn|33
|c| shit bus|tom is my fav youtuber :]
|c|âFh27|yh hes pre good
|
|move|p1a: Mew|Roost|p1a: Mew
|-heal|p1a: Mew|218\/403 psn
|move|p2a: Grippah|Swords Dance|p2a: Grippah
|-boost|p2a: Grippah|atk|2
|
|-damage|p1a: Mew|168\/403 psn|[from] psn
|-heal|p2a: Grippah|152\/352 tox|[from] ability: Poison Heal
|turn|34
|
|switch|p1a: Slowbro|Slowbro, M|394\/394
|move|p2a: Grippah|Earthquake|p1a: Slowbro
|-damage|p1a: Slowbro|240\/394
|
|-heal|p1a: Slowbro|264\/394|[from] item: Leftovers
|-heal|p2a: Grippah|196\/352 tox|[from] ability: Poison Heal
|turn|35
|
|move|p2a: Grippah|Knock Off|p1a: Slowbro
|-supereffective|p1a: Slowbro
|-damage|p1a: Slowbro|74\/394
|-enditem|p1a: Slowbro|Leftovers|[from] move: Knock Off|[of] p2a: Grippah
|move|p1a: Slowbro|Scald|p2a: Grippah
|-supereffective|p2a: Grippah
|-damage|p2a: Grippah|14\/352 tox
|
|-heal|p2a: Grippah|58\/352 tox|[from] ability: Poison Heal
|turn|36
|leave|shit bus
|
|switch|p1a: Mew|Mew|168\/403 psn
|move|p2a: Grippah|Earthquake|p1a: Mew
|-damage|p1a: Mew|0 fnt
|faint|p1a: Mew
|
|-heal|p2a: Grippah|102\/352 tox|[from] ability: Poison Heal
|
|switch|p1a: Slowbro|Slowbro, M|205\/394
|turn|37
|
|switch|p2a: Petallic taste|Venusaur-Mega, F|263\/359 brn
|-damage|p2a: Petallic taste|219\/359 brn|[from] Stealth Rock
|move|p1a: Slowbro|Slack Off|p1a: Slowbro
|-heal|p1a: Slowbro|394\/394
|
|-damage|p2a: Petallic taste|175\/359 brn|[from] brn
|turn|38
|
|switch|p1a: Clefable|Clefable, M|220\/394
|move|p2a: Petallic taste|Giga Drain|p1a: Clefable
|-damage|p1a: Clefable|63\/394
|-heal|p2a: Petallic taste|254\/359 brn|[from] drain|[of] p1a: Clefable
|
|-heal|p1a: Clefable|87\/394|[from] item: Leftovers
|-damage|p2a: Petallic taste|210\/359 brn|[from] brn
|turn|39
|
|move|p2a: Petallic taste|Giga Drain|p1a: Clefable
|-damage|p1a: Clefable|0 fnt
|-heal|p2a: Petallic taste|254\/359 brn|[from] drain|[of] p1a: Clefable
|faint|p1a: Clefable
|
|-damage|p2a: Petallic taste|210\/359 brn|[from] brn
|c|âGripper|gg, bud
|
|switch|p1a: Keldeo-Resolute|Keldeo-Resolute|247\/323
|turn|40
|
|move|p1a: Keldeo-Resolute|Calm Mind|p1a: Keldeo-Resolute
|-boost|p1a: Keldeo-Resolute|spa|1
|-boost|p1a: Keldeo-Resolute|spd|1
|move|p2a: Petallic taste|Giga Drain|p1a: Keldeo-Resolute
|-supereffective|p1a: Keldeo-Resolute
|-damage|p1a: Keldeo-Resolute|47\/323
|-heal|p2a: Petallic taste|310\/359 brn|[from] drain|[of] p1a: Keldeo-Resolute
|
|-damage|p2a: Petallic taste|266\/359 brn|[from] brn
|turn|41
|
|move|p1a: Keldeo-Resolute|Secret Sword|p2a: Petallic taste
|-crit|p2a: Petallic taste
|-resisted|p2a: Petallic taste
|-damage|p2a: Petallic taste|128\/359 brn
|move|p2a: Petallic taste|Synthesis|p2a: Petallic taste
|-heal|p2a: Petallic taste|307\/359 brn
|
|-damage|p2a: Petallic taste|263\/359 brn|[from] brn
|turn|42
|
|move|p1a: Keldeo-Resolute|Secret Sword|p2a: Petallic taste
|-resisted|p2a: Petallic taste
|-damage|p2a: Petallic taste|173\/359 brn
|move|p2a: Petallic taste|Synthesis|p2a: Petallic taste
|-heal|p2a: Petallic taste|352\/359 brn
|
|-damage|p2a: Petallic taste|308\/359 brn|[from] brn
|turn|43
|
|move|p1a: Keldeo-Resolute|Calm Mind|p1a: Keldeo-Resolute
|-boost|p1a: Keldeo-Resolute|spa|1
|-boost|p1a: Keldeo-Resolute|spd|1
|move|p2a: Petallic taste|Giga Drain|p1a: Keldeo-Resolute
|-supereffective|p1a: Keldeo-Resolute
|-damage|p1a: Keldeo-Resolute|0 fnt
|-heal|p2a: Petallic taste|332\/359 brn|[from] drain|[of] p1a: Keldeo-Resolute
|faint|p1a: Keldeo-Resolute
|
|-damage|p2a: Petallic taste|288\/359 brn|[from] brn
|
|switch|p1a: Slowbro|Slowbro, M|394\/394
|turn|44
|
|move|p2a: Petallic taste|Giga Drain|p1a: Slowbro
|-supereffective|p1a: Slowbro
|-damage|p1a: Slowbro|86\/394
|-heal|p2a: Petallic taste|359\/359 brn|[from] drain|[of] p1a: Slowbro
|move|p1a: Slowbro|Fire Blast|p2a: Petallic taste
|-supereffective|p2a: Petallic taste
|-damage|p2a: Petallic taste|277\/359 brn
|
|-damage|p2a: Petallic taste|233\/359 brn|[from] brn
|turn|45
|-message|Fh27 forfeited.
|
|win|Gripper
|raw|Ladder updating...
|leave|Fh27
|player|p1
|raw|Fh27's rating: 1286 &rarr; <strong>1260<\/strong><br \/>(-26 for losing)
|raw|Gripper's rating: 1268 &rarr; <strong>1294<\/strong><br \/>(+26 for winning)