|join|Gripper
|join|Fynneas
|player|p1|Gripper|142
|player|p2|Fynneas|52
|gametype|singles
|gen|6
|tier|OU
|rated
|clearpoke
|poke|p1|Gliscor, M
|poke|p1|Venusaur, M
|poke|p1|Hippowdon, M
|poke|p1|Jirachi
|poke|p1|Tentacruel, F
|poke|p1|Rotom-Wash
|poke|p2|Lopunny, F
|poke|p2|Azumarill, M
|poke|p2|Latios, M
|poke|p2|Heliolisk, F
|poke|p2|Sableye, F
|poke|p2|Chansey, F
|rule|Swagger Clause: Swagger is banned
|rule|Baton Pass Clause: Limit one PokÃ©mon knowing Baton Pass
|rule|Sleep Clause Mod: Limit one foe put to sleep
|rule|Species Clause: Limit one of each PokÃ©mon
|rule|OHKO Clause: OHKO moves are banned
|rule|Moody Clause: Moody is banned
|rule|Evasion Moves Clause: Evasion moves are banned
|rule|Endless Battle Clause: Forcing endless battles is banned
|rule|HP Percentage Mod: HP is shown in percentages
|teampreview
|
|start
|switch|p1a: Hippopotamut|Hippowdon, M|420\/420
|switch|p2a: Azumarill|Azumarill, M|404\/404
|-weather|Sandstorm
|turn|1
|
|switch|p1a: Petallic taste|Venusaur, M|359\/359
|move|p2a: Azumarill|Aqua Jet|p1a: Petallic taste
|-resisted|p1a: Petallic taste
|-damage|p1a: Petallic taste|308\/359
|
|-weather|Sandstorm|[upkeep]
|-damage|p1a: Petallic taste|286\/359|[from] sandstorm
|-damage|p2a: Azumarill|379\/404|[from] sandstorm
|turn|2
|
|switch|p2a: Latios|Latios, M|301\/301
|detailschange|p1a: Petallic taste|Venusaur-Mega, M
|-mega|p1a: Petallic taste|Venusaur|Venusaurite
|move|p1a: Petallic taste|Sludge Bomb|p2a: Latios
|-damage|p2a: Latios|145\/301
|
|-weather|Sandstorm|[upkeep]
|-damage|p2a: Latios|127\/301|[from] sandstorm
|-damage|p1a: Petallic taste|264\/359|[from] sandstorm
|turn|3
|
|switch|p1a: Koala|Jirachi|404\/404
|move|p2a: Latios|Psyshock|p1a: Koala
|-resisted|p1a: Koala
|-damage|p1a: Koala|367\/404
|
|-weather|Sandstorm|[upkeep]
|-damage|p2a: Latios|109\/301|[from] sandstorm
|-heal|p1a: Koala|392\/404|[from] item: Leftovers
|turn|4
|join|PISTOLERO
|c| PISTOLERO|please go to bed
|c| PISTOLERO|so that i can study
|c|âGripper|n
|c| PISTOLERO|zzzzzzzz
|
|switch|p2a: Sableye|Sableye, F|304\/304
|move|p1a: Koala|Toxic|p2a: Sableye
|-status|p2a: Sableye|tox
|
|-weather|Sandstorm|[upkeep]
|-damage|p2a: Sableye|285\/304 tox|[from] sandstorm
|-heal|p1a: Koala|404\/404|[from] item: Leftovers
|-heal|p2a: Sableye|304\/304 tox|[from] item: Leftovers
|-damage|p2a: Sableye|285\/304 tox|[from] psn
|turn|5
|
|move|p1a: Koala|Protect|p1a: Koala
|-singleturn|p1a: Koala|Protect
|move|p2a: Sableye|Will-O-Wisp|p1a: Koala
|-activate|p1a: Koala|Protect
|
|-weather|none
|-heal|p2a: Sableye|304\/304 tox|[from] item: Leftovers
|-damage|p2a: Sableye|266\/304 tox|[from] psn
|turn|6
|
|switch|p1a: Tentukles|Tentacruel, F|364\/364
|move|p2a: Sableye|Will-O-Wisp|p1a: Tentukles
|-status|p1a: Tentukles|brn
|
|-heal|p2a: Sableye|285\/304 tox|[from] item: Leftovers
|-damage|p1a: Tentukles|319\/364 brn|[from] brn
|-damage|p2a: Sableye|228\/304 tox|[from] psn
|turn|7
|
|switch|p1a: Grippah|Gliscor, M|352\/352
|move|p2a: Sableye|Taunt|p1a: Grippah
|-start|p1a: Grippah|move: Taunt
|
|-heal|p2a: Sableye|247\/304 tox|[from] item: Leftovers
|-damage|p2a: Sableye|171\/304 tox|[from] psn
|-status|p1a: Grippah|tox|[from] item: Toxic Orb
|turn|8
|
|switch|p2a: Latios|Latios, M|109\/301
|move|p1a: Grippah|Knock Off|p2a: Latios
|-supereffective|p2a: Latios
|-damage|p2a: Latios|0 fnt
|-enditem|p2a: Latios|Choice Scarf|[from] move: Knock Off|[of] p1a: Grippah
|faint|p2a: Latios
|
|c| PISTOLERO|oh dear
|c| PISTOLERO|he's getting blasted
|c|âGripper|did
|
|switch|p2a: Lopunny|Lopunny, F|271\/271
|turn|9
|c|âGripper|did he want that?
|c| PISTOLERO|i imagine he predicted an EQ
|
|switch|p1a: Wus|Rotom-Wash|304\/304
|detailschange|p2a: Lopunny|Lopunny-Mega, F
|-mega|p2a: Lopunny|Lopunny|Lopunnite
|move|p2a: Lopunny|Ice Punch|p1a: Wus
|-resisted|p1a: Wus
|-damage|p1a: Wus|272\/304
|
|-heal|p1a: Wus|291\/304|[from] item: Leftovers
|turn|10
|c|âGripper|clearly
|
|move|p2a: Lopunny|Return|p1a: Wus
|-damage|p1a: Wus|161\/304
|move|p1a: Wus|Volt Switch|p2a: Lopunny
|-damage|p2a: Lopunny|189\/271
|c|âGripper|oh
|c|âGripper|he wanted that will-o
|c|âGripper|my mistake
|c|âFynneas|actually it's a mistake from my part^^
|c|âGripper|OH
|
|switch|p1a: Hippopotamut|Hippowdon, M|420\/420
|-weather|Sandstorm
|
|-weather|Sandstorm|[upkeep]
|-damage|p2a: Lopunny|173\/271|[from] sandstorm
|turn|11
|c|âGripper|What a relief! Haha!
|
|move|p2a: Lopunny|Ice Punch|p1a: Hippopotamut
|-crit|p1a: Hippopotamut
|-supereffective|p1a: Hippopotamut
|-damage|p1a: Hippopotamut|218\/420
|move|p1a: Hippopotamut|Earthquake|p2a: Lopunny
|-damage|p2a: Lopunny|46\/271
|
|-weather|Sandstorm|[upkeep]
|-damage|p2a: Lopunny|30\/271|[from] sandstorm
|-heal|p1a: Hippopotamut|244\/420|[from] item: Leftovers
|turn|12
|c|âGripper|nice.
|c|âGripper|Nice use of the supereffective button
|
|switch|p2a: Chansey|Chansey, F|642\/642
|move|p1a: Hippopotamut|Slack Off|p1a: Hippopotamut
|-heal|p1a: Hippopotamut|420\/420
|
|-weather|Sandstorm|[upkeep]
|-damage|p2a: Chansey|602\/642|[from] sandstorm
|turn|13
|c|âGripper|ah
|
|move|p2a: Chansey|Heal Bell|p2a: Chansey
|-cureteam|p2a: Chansey|[from] move: HealBell
|move|p1a: Hippopotamut|Stealth Rock|p2a: Chansey
|-sidestart|p2: Fynneas|move: Stealth Rock
|
|-weather|Sandstorm|[upkeep]
|-damage|p2a: Chansey|562\/642|[from] sandstorm
|turn|14
|
|switch|p1a: Grippah|Gliscor, M|352\/352 tox
|move|p2a: Chansey|Toxic|p1a: Grippah
|-fail|p1a: Grippah|tox
|
|-weather|none
|turn|15
|
|switch|p2a: Azumarill|Azumarill, M|379\/404
|-damage|p2a: Azumarill|329\/404|[from] Stealth Rock
|move|p1a: Grippah|Knock Off|p2a: Azumarill
|-resisted|p2a: Azumarill
|-damage|p2a: Azumarill|287\/404
|-enditem|p2a: Azumarill|Sitrus Berry|[from] move: Knock Off|[of] p1a: Grippah
|
|turn|16
|
|switch|p1a: Petallic taste|Venusaur-Mega, M|264\/359
|move|p2a: Azumarill|Aqua Jet|p1a: Petallic taste
|-resisted|p1a: Petallic taste
|-damage|p1a: Petallic taste|228\/359
|
|turn|17
|
|switch|p2a: Chansey|Chansey, F|562\/642
|-damage|p2a: Chansey|482\/642|[from] Stealth Rock
|move|p1a: Petallic taste|Giga Drain|p2a: Chansey
|-damage|p2a: Chansey|406\/642
|-heal|p1a: Petallic taste|266\/359|[from] drain|[of] p2a: Chansey
|
|turn|18
|c|âFynneas|is it obvious I've already lost ?^^
|
|switch|p1a: Grippah|Gliscor, M|352\/352 tox
|move|p2a: Chansey|Stealth Rock|p1a: Grippah
|-sidestart|p1: Gripper|move: Stealth Rock
|
|turn|19
|c|âGripper|maybe you'll pull a belly drum sweep out of nowhere
|c|âGripper|but it looks grim
|
|move|p1a: Grippah|Swords Dance|p1a: Grippah
|-boost|p1a: Grippah|atk|2
|move|p2a: Chansey|Soft-Boiled|p2a: Chansey
|-heal|p2a: Chansey|642\/642
|
|turn|20
|c| PISTOLERO|bap
|c|âFynneas|yeah, as soon I put away your venusaur
|c|âGripper|and my rotom
|c|âGripper|and my tentacruel
|c|âGripper|should be fine
|
|switch|p2a: Azumarill|Azumarill, M|287\/404
|-damage|p2a: Azumarill|237\/404|[from] Stealth Rock
|move|p1a: Grippah|Earthquake|p2a: Azumarill
|-damage|p2a: Azumarill|0 fnt
|faint|p2a: Azumarill
|
|c|âFynneas|yup
|c| PISTOLERO|oops
|c|âGripper|or
|c|âGripper|do that
|
|switch|p2a: Lopunny|Lopunny-Mega, F|30\/271
|-damage|p2a: Lopunny|14\/271|[from] Stealth Rock
|turn|21
|
|switch|p1a: Hippopotamut|Hippowdon, M|420\/420
|-damage|p1a: Hippopotamut|394\/420|[from] Stealth Rock
|-weather|Sandstorm
|move|p2a: Lopunny|Ice Punch|p1a: Hippopotamut
|-supereffective|p1a: Hippopotamut
|-damage|p1a: Hippopotamut|268\/420
|
|-weather|Sandstorm|[upkeep]
|-damage|p2a: Lopunny|0 fnt|[from] sandstorm
|-heal|p1a: Hippopotamut|294\/420|[from] item: Leftovers
|faint|p2a: Lopunny
|c|âFynneas|As I said, it's obvious ^^
|c|âGripper|my name is sandstorm
|c| PISTOLERO|that was kindof
|c| PISTOLERO|depressing
|c|âGripper|delicious
|c|âGripper|?
|c| PISTOLERO|30%
|
|switch|p2a: Sableye|Sableye, F|171\/304
|-damage|p2a: Sableye|133\/304|[from] Stealth Rock
|turn|22
|c|âGripper|ice punch is super effective
|c|âGripper|but this is a hippowdon
|c|âFynneas|yup
|c|âGripper|and high jump kick is a lot stronger
|
|switch|p1a: Grippah|Gliscor, M|352\/352 tox
|-damage|p1a: Grippah|308\/352 tox|[from] Stealth Rock
|move|p2a: Sableye|Will-O-Wisp|p1a: Grippah
|-fail|p1a: Grippah
|
|-weather|Sandstorm|[upkeep]
|-damage|p2a: Sableye|114\/304|[from] sandstorm
|-heal|p2a: Sableye|133\/304|[from] item: Leftovers
|-heal|p1a: Grippah|352\/352 tox|[from] ability: Poison Heal
|turn|23
|c|âFynneas|aaaah, point taken !
|
|move|p2a: Sableye|Taunt|p1a: Grippah
|-start|p1a: Grippah|move: Taunt
|move|p1a: Grippah|Knock Off|p2a: Sableye
|-damage|p2a: Sableye|42\/304
|-enditem|p2a: Sableye|Leftovers|[from] move: Knock Off|[of] p1a: Grippah
|
|-weather|Sandstorm|[upkeep]
|-damage|p2a: Sableye|23\/304|[from] sandstorm
|turn|24
|c|âGripper|for more great tips
|c|âGripper|check out my frend, lustrouspalkia
|c|âFynneas|I'll remember that for a next match
|c|âGripper|youtube.com\/lustrouspalkia
|c| PISTOLERO|youtube.com\/tombusrhombus
|c| PISTOLERO|is even better
|c|âGripper|rip
|c| PISTOLERO|his thumbnails are
|c| PISTOLERO|magnificent
|
|move|p2a: Sableye|Recover|p2a: Sableye
|-heal|p2a: Sableye|175\/304
|move|p1a: Grippah|Earthquake|p2a: Sableye
|-crit|p2a: Sableye
|-damage|p2a: Sableye|0 fnt
|faint|p2a: Sableye
|
|-weather|Sandstorm|[upkeep]
|c|âGripper|:]
|c|âGripper|Oh
|c| PISTOLERO|:]
|c|âGripper|Oops
|c|âFynneas|dude !
|
|switch|p2a: Heliolisk|Heliolisk, F|265\/265
|-damage|p2a: Heliolisk|232\/265|[from] Stealth Rock
|turn|25
|c|âGripper|You had it without that crit! :[
|c|âFynneas|That was my third favorite !
|
|switch|p1a: Koala|Jirachi|404\/404
|-damage|p1a: Koala|379\/404|[from] Stealth Rock
|move|p2a: Heliolisk|Hidden Power|p1a: Koala
|-resisted|p1a: Koala
|-damage|p1a: Koala|345\/404
|
|-weather|none
|-heal|p1a: Koala|370\/404|[from] item: Leftovers
|turn|26
|c|âGripper|You're wrong to talk about your children like that
|
|switch|p2a: Chansey|Chansey, F|642\/642
|-damage|p2a: Chansey|562\/642|[from] Stealth Rock
|move|p1a: Koala|Toxic|p2a: Chansey
|-status|p2a: Chansey|tox
|
|-heal|p1a: Koala|395\/404|[from] item: Leftovers
|-damage|p2a: Chansey|522\/642 tox|[from] psn
|turn|27
|c|âFynneas|XD
|c|âGripper|and now the real fun begins
|c|âGripper|this one's for starmaster
|
|switch|p2a: Heliolisk|Heliolisk, F|232\/265
|-damage|p2a: Heliolisk|199\/265|[from] Stealth Rock
|move|p1a: Koala|Iron Head|p2a: Heliolisk
|-resisted|p2a: Heliolisk
|-damage|p2a: Heliolisk|120\/265
|
|-heal|p1a: Koala|404\/404|[from] item: Leftovers
|turn|28
|c|âGripper|fuk
|
|move|p2a: Heliolisk|Volt Switch|p1a: Koala
|-damage|p1a: Koala|289\/404
|c|âFynneas|I Wiill survive !!!
|c|âGripper|my whole team
|c|âGripper|will survive
|
|switch|p2a: Chansey|Chansey, F|522\/642
|-damage|p2a: Chansey|442\/642|[from] Stealth Rock
|move|p1a: Koala|Toxic|p2a: Chansey
|-status|p2a: Chansey|tox
|
|-heal|p1a: Koala|314\/404|[from] item: Leftovers
|-damage|p2a: Chansey|402\/642 tox|[from] psn
|turn|29
|c|âGripper|~
|
|switch|p2a: Heliolisk|Heliolisk, F|120\/265
|-damage|p2a: Heliolisk|87\/265|[from] Stealth Rock
|move|p1a: Koala|Iron Head|p2a: Heliolisk
|-resisted|p2a: Heliolisk
|-damage|p2a: Heliolisk|9\/265
|
|-heal|p1a: Koala|339\/404|[from] item: Leftovers
|turn|30
|
|move|p2a: Heliolisk|Thunderbolt|p1a: Koala
|-damage|p1a: Koala|194\/404
|move|p1a: Koala|Iron Head|p2a: Heliolisk
|-resisted|p2a: Heliolisk
|-damage|p2a: Heliolisk|0 fnt
|faint|p2a: Heliolisk
|
|-heal|p1a: Koala|219\/404|[from] item: Leftovers
|c|âFynneas|Yes I know, I was just singing
|c|âGripper|Oh
|
|switch|p2a: Chansey|Chansey, F|402\/642
|-damage|p2a: Chansey|322\/642|[from] Stealth Rock
|turn|31
|c|âGripper|Me too :]
|
|move|p1a: Koala|Toxic|p2a: Chansey|[miss]
|-miss|p1a: Koala|p2a: Chansey
|move|p2a: Chansey|Soft-Boiled|p2a: Chansey
|-heal|p2a: Chansey|642\/642
|
|-heal|p1a: Koala|244\/404|[from] item: Leftovers
|turn|32
|c|âGripper|!
|c|âGripper|need to be safe
|
|move|p1a: Koala|Wish|p1a: Koala
|move|p2a: Chansey|Heal Bell|p2a: Chansey
|-cureteam|p2a: Chansey|[from] move: HealBell
|
|-heal|p1a: Koala|269\/404|[from] item: Leftovers
|turn|33
|c|âGripper|no chokes
|c|âFynneas|Well, that was pretty interresting^^
|
|move|p1a: Koala|Toxic|p2a: Chansey
|-status|p2a: Chansey|tox
|move|p2a: Chansey|Soft-Boiled|p2a: Chansey
|-fail|p2a: Chansey
|
|-heal|p1a: Koala|404\/404|[from] move: Wish|[wisher] Koala
|-damage|p2a: Chansey|602\/642 tox|[from] psn
|turn|34
|c|âGripper|I like to make my non-recorded battles as entertaining as my live ones
|c|âGripper|Finally
|c|âGripper|The real fun can begin
|
|move|p1a: Koala|Iron Head|p2a: Chansey
|-damage|p2a: Chansey|470\/642 tox
|move|p2a: Chansey|Soft-Boiled|p2a: Chansey
|-heal|p2a: Chansey|642\/642 tox
|
|-damage|p2a: Chansey|562\/642 tox|[from] psn
|turn|35
|c|âGripper|,
|c|âGripper|Jirachi
|
|move|p1a: Koala|Iron Head|p2a: Chansey
|-damage|p2a: Chansey|442\/642 tox
|move|p2a: Chansey|Heal Bell|p2a: Chansey
|-cureteam|p2a: Chansey|[from] move: HealBell
|
|turn|36
|c|âGripper|I have given you a nice nick-
|c|âFynneas|you should have give hime thunder wave to haxx me^^
|c|âGripper|Not needed
|
|move|p1a: Koala|Iron Head|p2a: Chansey
|-crit|p2a: Chansey
|-damage|p2a: Chansey|253\/642
|move|p2a: Chansey|Soft-Boiled|p2a: Chansey
|-heal|p2a: Chansey|574\/642
|
|turn|37
|c|âGripper|I have faith in the cards
|c|âFynneas|nice reference ^^
|
|move|p1a: Koala|Toxic|p2a: Chansey
|-status|p2a: Chansey|tox
|move|p2a: Chansey|Heal Bell|p2a: Chansey
|-cureteam|p2a: Chansey|[from] move: HealBell
|
|turn|38
|c|âGripper|Ok, Jirachi. You have failed me
|c|âFynneas|come on and get me !
|
|switch|p1a: Grippah|Gliscor, M|352\/352 tox
|-damage|p1a: Grippah|308\/352 tox|[from] Stealth Rock
|move|p2a: Chansey|Soft-Boiled|p2a: Chansey
|-heal|p2a: Chansey|642\/642
|
|-heal|p1a: Grippah|352\/352 tox|[from] ability: Poison Heal
|turn|39
|
|move|p1a: Grippah|Knock Off|p2a: Chansey
|-damage|p2a: Chansey|545\/642
|-enditem|p2a: Chansey|Eviolite|[from] move: Knock Off|[of] p1a: Grippah
|move|p2a: Chansey|Stealth Rock|p1a: Grippah
|-fail|p1a: Grippah
|
|turn|40
|c|âGripper|You can kill yourself
|c|âFynneas|know what ? I'll keep this battle^^
|c|âGripper|:]
|
|move|p1a: Grippah|Taunt|p2a: Chansey
|-start|p2a: Chansey|move: Taunt
|cant|p2a: Chansey|move: Taunt|Soft-Boiled
|
|turn|41
|c|âGripper|I definitely think
|c|âGripper|turn 24
|c|âGripper|is worth revisiting
|
|move|p1a: Grippah|Swords Dance|p1a: Grippah
|-boost|p1a: Grippah|atk|2
|move|p2a: Chansey|Struggle|p1a: Grippah
|-damage|p1a: Grippah|346\/352 tox
|-damage|p2a: Chansey|385\/642
|
|-heal|p1a: Grippah|352\/352 tox|[from] ability: Poison Heal
|turn|42
|c|âFynneas|take that !
|c|âFynneas|You've unleashed the fury !
|c| PISTOLERO|âGripper: youtube.com\/lustrouspalkia
|c| PISTOLERO|PISTOLERO: youtube.com\/tombusrhombus
|
|move|p1a: Grippah|Swords Dance|p1a: Grippah
|-boost|p1a: Grippah|atk|2
|move|p2a: Chansey|Struggle|p1a: Grippah
|-damage|p1a: Grippah|345\/352 tox
|-damage|p2a: Chansey|225\/642
|
|-heal|p1a: Grippah|352\/352 tox|[from] ability: Poison Heal
|-end|p2a: Chansey|move: Taunt
|turn|43
|c|âGripper|Are you French?
|c|âFynneas|Yup
|c|âGripper|Not bad
|
|move|p1a: Grippah|Taunt|p2a: Chansey
|-start|p2a: Chansey|move: Taunt
|cant|p2a: Chansey|move: Taunt|Soft-Boiled
|
|turn|44
|c|âGripper|Je suis Australien :]
|c|âFynneas|Belle grammaire !^^
|
|move|p1a: Grippah|Swords Dance|p1a: Grippah
|-boost|p1a: Grippah|atk|2
|move|p2a: Chansey|Struggle|p1a: Grippah
|-damage|p1a: Grippah|346\/352 tox
|-damage|p2a: Chansey|65\/642
|
|-heal|p1a: Grippah|352\/352 tox|[from] ability: Poison Heal
|turn|45
|c|âGripper|Merci !
|c|âFynneas|Aller, un critique !
|
|move|p1a: Grippah|Earthquake|p2a: Chansey
|-damage|p2a: Chansey|0 fnt
|faint|p2a: Chansey
|
|win|Gripper
|raw|Ladder updating...
|raw|Gripper's rating: 1385 &rarr; <strong>1406<\/strong><br \/>(+21 for winning)
|raw|Fynneas's rating: 1409 &rarr; <strong>1388<\/strong><br \/>(-21 for losing)
|c|âGripper|bon match, mon ami :]
|c|âFynneas|Congratulations !
|c| PISTOLERO|z
|leave|PISTOLERO
|leave|Gripper