|J|Century Express
|J|Mr. Mendes
|player|p1|Century Express|145
|player|p2|Mr. Mendes|13
|gametype|singles
|gen|6
|tier|UU
|rule|Sleep Clause Mod: Limit one foe put to sleep
|rule|Species Clause: Limit one of each PokÃ©mon
|rule|OHKO Clause: OHKO moves are banned
|rule|Moody Clause: Moody is banned
|rule|Evasion Moves Clause: Evasion moves are banned
|rule|Endless Battle Clause: Forcing endless battles is banned
|rule|HP Percentage Mod: HP is shown in percentages
|clearpoke
|poke|p1|Pidgeot, M
|poke|p1|Suicune
|poke|p1|Umbreon, M
|poke|p1|Crobat, M
|poke|p1|Krookodile, M
|poke|p1|Jirachi
|poke|p2|Alakazam, M
|poke|p2|Machamp, F
|poke|p2|Crobat, F
|poke|p2|Florges, F
|poke|p2|Swampert, M
|poke|p2|Hydreigon, F
|rule|Swagger Clause: Swagger is banned
|rule|Baton Pass Clause: Limit one PokÃ©mon knowing Baton Pass
|teampreview
|J|Sagati
|c|âMr. Mendes|bom ketchup o meu
|J|Cthaeh
|
|start
|switch|p1a: Joo|Pidgeot, M|307\/307
|switch|p2a: Machamp|Machamp, F|342\/342
|turn|1
|
|switch|p2a: Florges|Florges, F|360\/360
|detailschange|p1a: Joo|Pidgeot-Mega, M
|-mega|p1a: Joo|Pidgeot|Pidgeotite
|move|p1a: Joo|Hurricane|p2a: Florges
|-damage|p2a: Florges|231\/360
|-start|p2a: Florges|confusion
|
|-heal|p2a: Florges|253\/360|[from] item: Leftovers
|turn|2
|c|âMr. Mendes|fomos bem
|
|-activate|p2a: Florges|confusion
|move|p2a: Florges|Protect|p2a: Florges
|-singleturn|p2a: Florges|Protect
|move|p1a: Joo|Work Up|p1a: Joo
|-boost|p1a: Joo|atk|1
|-boost|p1a: Joo|spa|1
|
|-heal|p2a: Florges|275\/360|[from] item: Leftovers
|turn|3
|
|move|p1a: Joo|Hurricane|p2a: Florges
|-damage|p2a: Florges|76\/360
|-end|p2a: Florges|confusion
|move|p2a: Florges|Moonblast|p1a: Joo
|-damage|p1a: Joo|160\/307
|
|-heal|p2a: Florges|98\/360|[from] item: Leftovers
|turn|4
|J|GoaoTwo
|
|move|p1a: Joo|Hurricane|p2a: Florges
|-damage|p2a: Florges|0 fnt
|faint|p2a: Florges
|
|
|switch|p2a: Hydreigon|Hydreigon, F|325\/325
|turn|5
|c|âMr. Mendes|mata por amor de deus
|
|switch|p1a: Shadowplay|Umbreon, M|390\/390
|move|p2a: Hydreigon|Draco Meteor|p1a: Shadowplay
|-damage|p1a: Shadowplay|245\/390
|-unboost|p2a: Hydreigon|spa|2
|
|-heal|p1a: Shadowplay|269\/390|[from] item: Leftovers
|turn|6
|
|switch|p2a: Swampert|Swampert, M|404\/404
|switch|p1a: Joo|Pidgeot-Mega, M|160\/307
|
|turn|7
|
|move|p1a: Joo|Hurricane|p2a: Swampert
|-damage|p2a: Swampert|181\/404
|move|p2a: Swampert|Scald|p1a: Joo
|-damage|p1a: Joo|52\/307
|
|-heal|p2a: Swampert|206\/404|[from] item: Leftovers
|turn|8
|
|move|p1a: Joo|Hurricane|p2a: Swampert
|-damage|p2a: Swampert|2\/404
|move|p2a: Swampert|Stealth Rock|p1a: Joo
|-sidestart|p1: Century Express|move: Stealth Rock
|
|-heal|p2a: Swampert|27\/404|[from] item: Leftovers
|turn|9
|J|lighthouses
|c|+lighthouses|mega alaka ne
|
|move|p1a: Joo|Roost|p1a: Joo
|-heal|p1a: Joo|206\/307
|move|p2a: Swampert|Scald|p1a: Joo
|-damage|p1a: Joo|62\/307
|
|-heal|p2a: Swampert|52\/404|[from] item: Leftovers
|turn|10
|c|âMr. Mendes|que do burn
|
|move|p1a: Joo|Hurricane|p2a: Swampert
|-damage|p2a: Swampert|0 fnt
|faint|p2a: Swampert
|
|
|switch|p2a: Hydreigon|Hydreigon, F|325\/325
|turn|11
|J|Destiny Device
|c|&Destiny Device|o.o
|J|silverghoooost
|
|move|p2a: Hydreigon|Dark Pulse|p1a: Joo
|-damage|p1a: Joo|0 fnt
|faint|p1a: Joo
|
|L|silverghoooost
|c|âMr. Mendes|eita
|
|switch|p1a: Purple Haze|Crobat, M|355\/355
|-damage|p1a: Purple Haze|267\/355|[from] Stealth Rock
|turn|12
|
|move|p2a: Hydreigon|Dark Pulse|p1a: Purple Haze
|-damage|p1a: Purple Haze|92\/355
|move|p1a: Purple Haze|Defog|p2a: Hydreigon
|-unboost|p2a: Hydreigon|evasion|1
|-sideend|p1: Century Express|Stealth Rock|[from] move: Defog|[of] p1a: Purple Haze
|
|turn|13
|L|Destiny Device
|
|switch|p2a: Machamp|Machamp, F|342\/342
|switch|p1a: Shadowplay|Umbreon, M|269\/390
|
|-heal|p1a: Shadowplay|293\/390|[from] item: Leftovers
|turn|14
|
|move|p1a: Shadowplay|Protect|p1a: Shadowplay
|-singleturn|p1a: Shadowplay|Protect
|move|p2a: Machamp|Knock Off|p1a: Shadowplay
|-activate|p1a: Shadowplay|Protect
|
|-heal|p1a: Shadowplay|317\/390|[from] item: Leftovers
|turn|15
|c|âMr. Mendes|:(
|
|switch|p2a: Hydreigon|Hydreigon, F|325\/325
|switch|p1a: Aquatarkus|Suicune|404\/404
|-ability|p1a: Aquatarkus|Pressure
|
|turn|16
|
|move|p2a: Hydreigon|Dark Pulse|p1a: Aquatarkus
|-damage|p1a: Aquatarkus|272\/404
|move|p1a: Aquatarkus|Scald|p2a: Hydreigon
|-resisted|p2a: Hydreigon
|-damage|p2a: Hydreigon|278\/325
|
|-heal|p1a: Aquatarkus|297\/404|[from] item: Leftovers
|turn|17
|
|switch|p1a: Kooks|Krookodile, M|341\/341
|-ability|p1a: Kooks|Intimidate|[of] p2a: Hydreigon
|-unboost|p2a: Hydreigon|atk|1
|move|p2a: Hydreigon|Dark Pulse|p1a: Kooks
|-resisted|p1a: Kooks
|-damage|p1a: Kooks|248\/341
|
|turn|18
|c|âMr. Mendes|se der burn antes do 2Âº
|c|âMr. Mendes|ah
|
|switch|p2a: Crobat|Crobat, F|373\/373
|move|p1a: Kooks|Stealth Rock|p2a: Crobat
|-sidestart|p2: Mr. Mendes|move: Stealth Rock
|
|turn|19
|
|move|p2a: Crobat|Defog|p1a: Kooks
|-unboost|p1a: Kooks|evasion|1
|-sideend|p2: Mr. Mendes|Stealth Rock|[from] move: Defog|[of] p2a: Crobat
|move|p1a: Kooks|Knock Off|p2a: Crobat
|-damage|p2a: Crobat|118\/373
|-enditem|p2a: Crobat|Black Sludge|[from] move: Knock Off|[of] p1a: Kooks
|-damage|p1a: Kooks|214\/341|[from] item: Life Orb
|
|turn|20
|J|NejinoKami
|L|NejinoKami
|
|move|p2a: Crobat|Roost|p2a: Crobat
|-heal|p2a: Crobat|305\/373
|move|p1a: Kooks|Earthquake|p2a: Crobat
|-supereffective|p2a: Crobat
|-damage|p2a: Crobat|0 fnt
|-damage|p1a: Kooks|180\/341|[from] item: Life Orb
|faint|p2a: Crobat
|
|c|âMr. Mendes|crobat bom defoda
|c|+lighthouses|ownado 
|
|switch|p2a: Alakazam|Alakazam, M|251\/251
|turn|21
|
|switch|p1a: Purple Haze|Crobat, M|92\/355
|detailschange|p2a: Alakazam|Alakazam-Mega, M
|-mega|p2a: Alakazam|Alakazam|Alakazite
|-ability|p2a: Alakazam|Infiltrator|[from] ability: Trace|[of] p1a: Purple Haze
|move|p2a: Alakazam|Energy Ball|p1a: Purple Haze
|-resisted|p1a: Purple Haze
|-damage|p1a: Purple Haze|52\/355
|
|turn|22
|c|+lighthouses|isso Ã© ban tambÃ©m, cara kk
|c|+lighthouses|tu tem que se atualizar
|c|+lighthouses|urgente
|c|âMr. Mendes|eu n
|c|âMr. Mendes|evo tem
|c|âMr. Mendes|n tenho culpa
|J|NejinoKami
|
|switch|p1a: Shoot Star|Jirachi|341\/341
|move|p2a: Alakazam|Psyshock|p1a: Shoot Star
|-resisted|p1a: Shoot Star
|-damage|p1a: Shoot Star|295\/341
|
|turn|23
|
|switch|p2a: Hydreigon|Hydreigon, F|278\/325
|move|p1a: Shoot Star|U-turn|p2a: Hydreigon
|-supereffective|p2a: Hydreigon
|-damage|p2a: Hydreigon|112\/325
|
|switch|p1a: Shadowplay|Umbreon, M|317\/390
|
|-heal|p1a: Shadowplay|341\/390|[from] item: Leftovers
|turn|24
|L|NejinoKami
|
|move|p2a: Hydreigon|U-turn|p1a: Shadowplay
|-supereffective|p1a: Shadowplay
|-damage|p1a: Shadowplay|241\/390
|
|switch|p2a: Machamp|Machamp, F|342\/342
|move|p1a: Shadowplay|Wish|p1a: Shadowplay
|
|-heal|p1a: Shadowplay|265\/390|[from] item: Leftovers
|turn|25
|
|switch|p1a: Aquatarkus|Suicune|297\/404
|-ability|p1a: Aquatarkus|Pressure
|move|p2a: Machamp|Close Combat|p1a: Aquatarkus
|-crit|p1a: Aquatarkus
|-damage|p1a: Aquatarkus|0 fnt
|-unboost|p2a: Machamp|def|1
|-unboost|p2a: Machamp|spd|1
|faint|p1a: Aquatarkus
|
|c|âMr. Mendes|eita
|c|âMr. Mendes|sou bom
|c|+Sagati|sim
|
|switch|p1a: Purple Haze|Crobat, M|52\/355
|turn|26
|c|+Sagati|com close ao invÃ©s de dinamic nÃ©
|c|âCentury Express|Mas
|c|+lighthouses|ele nem Ã© guts
|c|+lighthouses|ne
|c|âMr. Mendes|obvio
|c|âCentury Express|Close Combat
|c|âCentury Express|Ã© mais Ãºtil que Dynamic mesmo
|c|+lighthouses|no guard
|c|+lighthouses|Ã© horrivel
|c|+lighthouses|lol
|c|+Sagati|lol
|
|move|p1a: Purple Haze|Acrobatics|p2a: Machamp
|-supereffective|p2a: Machamp
|-damage|p2a: Machamp|0 fnt
|faint|p2a: Machamp
|
|c|+Sagati|ah
|
|switch|p2a: Hydreigon|Hydreigon, F|112\/325
|turn|27
|J|silverghoooost
|c|+silverghoooost|LENADRO
|
|move|p2a: Hydreigon|Flamethrower|p1a: Purple Haze
|-damage|p1a: Purple Haze|0 fnt
|faint|p1a: Purple Haze
|
|c|âCentury Express|oi
|L|silverghoooost
|J|silverghoooost
|
|switch|p1a: Shoot Star|Jirachi|295\/341
|turn|28
|c|+lighthouses|grande lenadro
|
|move|p1a: Shoot Star|U-turn|p2a: Hydreigon
|-crit|p2a: Hydreigon
|-supereffective|p2a: Hydreigon
|-damage|p2a: Hydreigon|0 fnt
|faint|p2a: Hydreigon
|c|+silverghoooost|como mudo a cor
|c|+silverghoooost|da letra
|c|+silverghoooost|no bos
|c|+silverghoooost|to postando no bagulho de teambuild la
|c|âCentury Express|Ã no menu do Teambuilder
|
|switch|p1a: Shadowplay|Umbreon, M|265\/390
|
|-heal|p1a: Shadowplay|289\/390|[from] item: Leftovers
|c|+silverghoooost|como assim
|c|+silverghoooost|oo
|
|switch|p2a: Alakazam|Alakazam-Mega, M|251\/251
|-ability|p2a: Alakazam|Synchronize|[from] ability: Trace|[of] p1a: Shadowplay
|turn|29
|c|âCentury Express|Se eu nÃ£o me engano
|c|+lighthouses|aperta
|c|âCentury Express|1sec
|c|+lighthouses|ctrl o
|c|+lighthouses|que abre
|c|+lighthouses|o teambuilder
|
|move|p2a: Alakazam|Calm Mind|p2a: Alakazam
|-boost|p2a: Alakazam|spa|1
|-boost|p2a: Alakazam|spd|1
|move|p1a: Shadowplay|Foul Play|p2a: Alakazam
|-supereffective|p2a: Alakazam
|-damage|p2a: Alakazam|89\/251
|
|-heal|p1a: Shadowplay|313\/390|[from] item: Leftovers
|turn|30
|c|+lighthouses|la tu muda
|c|+lighthouses|se tu nao achar tu Ã© cego
|c|âMr. Mendes|ch V
|
|move|p2a: Alakazam|Energy Ball|p1a: Shadowplay
|-damage|p1a: Shadowplay|192\/390
|move|p1a: Shadowplay|Foul Play|p2a: Alakazam
|-supereffective|p2a: Alakazam
|-damage|p2a: Alakazam|0 fnt
|faint|p2a: Alakazam
|
|win|Century Express
|c|âMr. Mendes|gg
|c|+silverghoooost|vai se fude
|c|âCentury Express|gg
|c|+silverghoooost|diogo
|c|+silverghoooost|leandro me ajuda
|c|+lighthouses|eu to
|c|+lighthouses|te ajudando
|c|+lighthouses|manera
|c|+silverghoooost|como vejo o teambuild
|c|+lighthouses|nas ofensa
|c|+lighthouses|.x
|c|+lighthouses|APERTA CTRL O
|c|+lighthouses|control
|c|+lighthouses|+
|c|+silverghoooost|isos n vai fecha meu navegador?
|c|+lighthouses|o
|c|+silverghoooost|se fecha como seu cu
|c|+lighthouses|lol velho
|c|+lighthouses|kkkkkkkkkkkkkkkkkk
|L|lighthouses
|c|+silverghoooost|ctrl o
|c|+silverghoooost|n abre
|c|+silverghoooost|isso
|c|+silverghoooost|oO
|L|Sagati
|L|Century Express
|player|p1
|L|Cthaeh
|L|silverghoooost
|J|NejinoKami