|J|Century Express
|J|henriqueoelze
|player|p1|Century Express|145
|player|p2|henriqueoelze|265
|gametype|singles
|gen|6
|tier|UU
|rule|Sleep Clause Mod: Limit one foe put to sleep
|rule|Species Clause: Limit one of each PokÃ©mon
|rule|OHKO Clause: OHKO moves are banned
|rule|Moody Clause: Moody is banned
|rule|Evasion Moves Clause: Evasion moves are banned
|rule|Endless Battle Clause: Forcing endless battles is banned
|rule|HP Percentage Mod: HP is shown in percentages
|clearpoke
|poke|p1|Abomasnow, M
|poke|p1|Suicune
|poke|p1|Umbreon, M
|poke|p1|Crobat, M
|poke|p1|Nidoqueen, F
|poke|p1|Jirachi
|poke|p2|Beedrill, F
|poke|p2|Blissey, F
|poke|p2|Darmanitan, F
|poke|p2|Vaporeon, F
|poke|p2|Hippowdon, F
|poke|p2|Serperior, F
|rule|Swagger Clause: Swagger is banned
|rule|Baton Pass Clause: Limit one PokÃ©mon knowing Baton Pass
|teampreview
|J|molgeraa
|J|Sagati
|
|start
|switch|p1a: Purple Haze|Crobat, M|355\/355
|switch|p2a: Hippowdon|Hippowdon, F|420\/420
|-weather|Sandstorm
|turn|1
|c|+Sagati|Oi eu
|c|+Sagati|:)
|
|switch|p2a: Darmanitan|Darmanitan, F|351\/351
|move|p1a: Purple Haze|Taunt|p2a: Darmanitan
|-start|p2a: Darmanitan|move: Taunt
|
|-weather|Sandstorm|[upkeep]
|-damage|p1a: Purple Haze|333\/355|[from] sandstorm
|-damage|p2a: Darmanitan|330\/351|[from] sandstorm
|-heal|p1a: Purple Haze|355\/355|[from] item: Black Sludge
|turn|2
|c|+molgeraa|Oi  vocÃª
|J|SoulDragonite
|J|Jynx Nuggets
|c| Jynx Nuggets|SAGATI
|c| Jynx Nuggets|KD
|c| Jynx Nuggets|NOSSA
|c| Jynx Nuggets|LUTA
|c| Jynx Nuggets|0_0
|
|switch|p1a: Aquatarkus|Suicune|404\/404
|-ability|p1a: Aquatarkus|Pressure
|move|p2a: Darmanitan|U-turn|p1a: Aquatarkus
|-damage|p1a: Aquatarkus|331\/404
|-damage|p2a: Darmanitan|295\/351|[from] item: Life Orb
|c|+molgeraa|NÃ£o sei :(
|c|+Sagati|Opa, depois da luta do Hoelz
|c|+Sagati|eu vou com vc
|c|~SoulDragonite|velho
|c|+molgeraa|Ã© pra q tour?
|
|switch|p2a: Serperior|Serperior, F|291\/291
|
|-weather|Sandstorm|[upkeep]
|-damage|p2a: Serperior|273\/291|[from] sandstorm
|-damage|p1a: Aquatarkus|306\/404|[from] sandstorm
|-heal|p1a: Aquatarkus|331\/404|[from] item: Leftovers
|turn|3
|c|~SoulDragonite|vc vai conseguir matar
|c|~SoulDragonite|crobat
|c|~SoulDragonite|ne
|c|âCentury Express|Forgotten Dungeon
|c|+molgeraa|Reveal Hippowdon Stone edge
|
|switch|p1a: Purple Haze|Crobat, M|355\/355
|move|p2a: Serperior|Substitute|p2a: Serperior
|-start|p2a: Serperior|Substitute
|-damage|p2a: Serperior|201\/291
|
|-weather|Sandstorm|[upkeep]
|-damage|p1a: Purple Haze|333\/355|[from] sandstorm
|-damage|p2a: Serperior|183\/291|[from] sandstorm
|-heal|p1a: Purple Haze|355\/355|[from] item: Black Sludge
|turn|4
|c|âCentury Express|ops
|c|âCentury Express|.bom
|c|~SoulDragonite|deu certo ne velho
|c|~SoulDragonite|deixa serperior morre ai
|
|switch|p2a: Hippowdon|Hippowdon, F|420\/420
|move|p1a: Purple Haze|Brave Bird|p2a: Hippowdon
|-damage|p2a: Hippowdon|323\/420
|-damage|p1a: Purple Haze|323\/355|[from] recoil|[of] p2a: Hippowdon
|
|-weather|Sandstorm|[upkeep]
|-damage|p1a: Purple Haze|301\/355|[from] sandstorm
|-heal|p1a: Purple Haze|323\/355|[from] item: Black Sludge
|-heal|p2a: Hippowdon|349\/420|[from] item: Leftovers
|turn|5
|c|+molgeraa|Ã© Inner focus
|c|+Sagati|...
|
|move|p1a: Purple Haze|Taunt|p2a: Hippowdon
|-start|p2a: Hippowdon|move: Taunt
|cant|p2a: Hippowdon|move: Taunt|Stealth Rock
|
|-weather|none
|-heal|p1a: Purple Haze|345\/355|[from] item: Black Sludge
|-heal|p2a: Hippowdon|375\/420|[from] item: Leftovers
|turn|6
|c|~SoulDragonite|kd o stone
|c|~SoulDragonite|edge
|c|+Sagati|kakaka
|c| Jynx Nuggets|mds, quero escrever no main chat :'(
|c|+molgeraa|dxa ele jogar as pedras dele
|c|~SoulDragonite|se n fica
|
|switch|p2a: Serperior|Serperior, F|183\/291
|move|p1a: Purple Haze|Brave Bird|p2a: Serperior
|-supereffective|p2a: Serperior
|-damage|p2a: Serperior|0 fnt
|-damage|p1a: Purple Haze|285\/355|[from] recoil|[of] p2a: Serperior
|faint|p2a: Serperior
|
|-heal|p1a: Purple Haze|307\/355|[from] item: Black Sludge
|c|~SoulDragonite|macaqueando
|c|~SoulDragonite|eu te do voice
|c|âhenriqueoelze|entao... assim
|c|+molgeraa|vish
|c| Jynx Nuggets|Mas eu sou o menos macaco ~~mentira~~
|c|~SoulDragonite|hehe
|
|switch|p2a: Darmanitan|Darmanitan, F|295\/351
|turn|7
|c|+molgeraa|pegou uma team fraca pra Purple Hazes  :\/
|c|+Sagati|Hoelz vamo ae meu velio, joga sÃ©rio
|c|+Sagati|sn
|c|+Jynx Nuggets|Obrigado gaminha n_n
|c|+molgeraa|ae renan
|c|+Jynx Nuggets|oi cenoura
|
|switch|p1a: Aquatarkus|Suicune|331\/404
|-ability|p1a: Aquatarkus|Pressure
|move|p2a: Darmanitan|Rock Slide|p1a: Aquatarkus
|-damage|p1a: Aquatarkus|232\/404
|
|-heal|p1a: Aquatarkus|257\/404|[from] item: Leftovers
|turn|8
|
|switch|p1a: Freezezy Peak|Abomasnow, M|371\/371
|-weather|Hail
|move|p2a: Darmanitan|U-turn|p1a: Freezezy Peak
|-supereffective|p1a: Freezezy Peak
|-damage|p1a: Freezezy Peak|93\/371
|-damage|p2a: Darmanitan|260\/351|[from] item: Life Orb
|c|âCentury Express|ah, tava crente que isso era Scarfer rofl
|
|switch|p2a: Beedrill|Beedrill, F|271\/271
|
|-weather|Hail|[upkeep]
|-damage|p2a: Beedrill|255\/271|[from] hail
|turn|9
|
|switch|p1a: Purple Haze|Crobat, M|307\/355
|detailschange|p2a: Beedrill|Beedrill-Mega, F
|-mega|p2a: Beedrill|Beedrill|Beedrillite
|move|p2a: Beedrill|Knock Off|p1a: Purple Haze
|-damage|p1a: Purple Haze|159\/355
|-enditem|p1a: Purple Haze|Black Sludge|[from] move: Knock Off|[of] p2a: Beedrill
|
|-weather|Hail|[upkeep]
|-damage|p2a: Beedrill|239\/271|[from] hail
|-damage|p1a: Purple Haze|137\/355|[from] hail
|turn|10
|c|+molgeraa|The opposing Darmanitan lost some of its HP!
|c|+Jynx Nuggets|ah n
|c|+molgeraa|turno 2
|c|+Jynx Nuggets|Yesleandro tendo que lidar com duas Beedrill na mesma noite
|c|+molgeraa|^
|c|âCentury Express|BÃ¢mboubÃ­
|c|+molgeraa|Transformer?
|
|move|p2a: Beedrill|U-turn|p1a: Purple Haze
|-resisted|p1a: Purple Haze
|-damage|p1a: Purple Haze|81\/355
|
|switch|p2a: Hippowdon|Hippowdon, F|375\/420
|-weather|Sandstorm
|move|p1a: Purple Haze|Roost|p1a: Purple Haze
|-heal|p1a: Purple Haze|259\/355
|
|-weather|Sandstorm|[upkeep]
|-damage|p1a: Purple Haze|237\/355|[from] sandstorm
|-heal|p2a: Hippowdon|401\/420|[from] item: Leftovers
|turn|11
|
|switch|p2a: Darmanitan|Darmanitan, F|260\/351
|move|p1a: Purple Haze|Taunt|p2a: Darmanitan
|-start|p2a: Darmanitan|move: Taunt
|
|-weather|Sandstorm|[upkeep]
|-damage|p1a: Purple Haze|215\/355|[from] sandstorm
|-damage|p2a: Darmanitan|239\/351|[from] sandstorm
|turn|12
|
|move|p1a: Purple Haze|Brave Bird|p2a: Darmanitan
|-damage|p2a: Darmanitan|4\/351
|-damage|p1a: Purple Haze|137\/355|[from] recoil|[of] p2a: Darmanitan
|move|p2a: Darmanitan|Rock Slide|p1a: Purple Haze
|-supereffective|p1a: Purple Haze
|-damage|p1a: Purple Haze|0 fnt
|faint|p1a: Purple Haze
|
|-weather|Sandstorm|[upkeep]
|-damage|p2a: Darmanitan|0 fnt|[from] sandstorm
|faint|p2a: Darmanitan
|c|+molgeraa|eita
|c|+Sagati|Gama Koga ta chamando lol
|
|switch|p2a: Beedrill|Beedrill-Mega, F|239\/271
|switch|p1a: Aquatarkus|Suicune|257\/404
|-ability|p1a: Aquatarkus|Pressure
|turn|13
|
|move|p2a: Beedrill|Swords Dance|p2a: Beedrill
|-boost|p2a: Beedrill|atk|2
|move|p1a: Aquatarkus|Scald|p2a: Beedrill
|-damage|p2a: Beedrill|145\/271
|
|-weather|Sandstorm|[upkeep]
|-damage|p2a: Beedrill|129\/271|[from] sandstorm
|-damage|p1a: Aquatarkus|232\/404|[from] sandstorm
|-heal|p1a: Aquatarkus|257\/404|[from] item: Leftovers
|turn|14
|c|+molgeraa|Bi drill do bos
|
|switch|p1a: Freezezy Peak|Abomasnow, M|93\/371
|-weather|Hail
|move|p2a: Beedrill|Knock Off|p1a: Freezezy Peak
|-damage|p1a: Freezezy Peak|0 fnt
|faint|p1a: Freezezy Peak
|
|-weather|Hail|[upkeep]
|-damage|p2a: Beedrill|113\/271|[from] hail
|c|+Sagati|s
|
|switch|p1a: Shoot Star|Jirachi|341\/341
|turn|15
|J|Moonshield
|c|+molgeraa|Bos > skill > hax
|c|+Sagati|lÃ³gico
|
|switch|p2a: Vaporeon|Vaporeon, F|464\/464
|move|p1a: Shoot Star|Iron Head|p2a: Vaporeon
|-resisted|p2a: Vaporeon
|-damage|p2a: Vaporeon|402\/464
|
|-weather|Hail|[upkeep]
|-damage|p1a: Shoot Star|320\/341|[from] hail
|-damage|p2a: Vaporeon|373\/464|[from] hail
|-heal|p2a: Vaporeon|402\/464|[from] item: Leftovers
|turn|16
|c|+Jynx Nuggets|MDS BLISSEY UU
|c| Moonshield|s
|
|switch|p1a: Shadowplay|Umbreon, M|390\/390
|move|p2a: Vaporeon|Wish|p2a: Vaporeon
|
|-weather|Hail|[upkeep]
|-damage|p1a: Shadowplay|366\/390|[from] hail
|-damage|p2a: Vaporeon|373\/464|[from] hail
|-heal|p1a: Shadowplay|390\/390|[from] item: Leftovers
|-heal|p2a: Vaporeon|402\/464|[from] item: Leftovers
|turn|17
|c|+molgeraa|BRISSEI
|
|move|p1a: Shadowplay|Foul Play|p2a: Vaporeon
|-damage|p2a: Vaporeon|332\/464
|move|p2a: Vaporeon|Scald|p1a: Shadowplay
|-damage|p1a: Shadowplay|333\/390
|
|-weather|Hail|[upkeep]
|-damage|p1a: Shadowplay|309\/390|[from] hail
|-damage|p2a: Vaporeon|303\/464|[from] hail
|-heal|p2a: Vaporeon|464\/464|[from] move: Wish|[wisher] Vaporeon
|-heal|p1a: Shadowplay|333\/390|[from] item: Leftovers
|turn|18
|c|+Sagati|n
|c|+molgeraa|2 heallers
|
|move|p1a: Shadowplay|Foul Play|p2a: Vaporeon
|-damage|p2a: Vaporeon|394\/464
|move|p2a: Vaporeon|Wish|p2a: Vaporeon
|
|-weather|none
|-heal|p1a: Shadowplay|357\/390|[from] item: Leftovers
|-heal|p2a: Vaporeon|423\/464|[from] item: Leftovers
|turn|19
|c|+Sagati|s
|c|+molgeraa|cleric*
|c| Moonshield|Ã© clerigo pra caraio esse team
|c|~SoulDragonite|ele vai vence ainda?
|c|~SoulDragonite|rofl
|c|+molgeraa|com hax vence
|
|switch|p2a: Blissey|Blissey, F|714\/714
|move|p1a: Shadowplay|Foul Play|p2a: Blissey
|-damage|p2a: Blissey|672\/714
|
|-heal|p2a: Blissey|714\/714|[from] move: Wish|[wisher] Vaporeon
|-heal|p1a: Shadowplay|381\/390|[from] item: Leftovers
|turn|20
|c|~SoulDragonite|como q ele mato
|c|~SoulDragonite|crobat
|c|âhenriqueoelze|darmanitan
|c|+molgeraa|Com hax
|
|switch|p1a: Czarina|Nidoqueen, F|346\/346
|move|p2a: Blissey|Thunder Wave|p1a: Czarina
|-immune|p1a: Czarina|[msg]
|
|turn|21
|c| Moonshield|e hax
|c|+Sagati|com sword dance beedril
|c|âCentury Express|eu fiz besteira no Brave Bird
|c|+Jynx Nuggets|Eu nÃ£o aceito que o Yes perca. Se ele me venceu vai ter que vencer o henriqueoelze tambÃ©m n_n
|
|move|p1a: Czarina|Stealth Rock|p2a: Blissey
|-sidestart|p2: henriqueoelze|move: Stealth Rock
|move|p2a: Blissey|Healing Wish|p2a: Blissey
|faint|p2a: Blissey
|
|c|+molgeraa|Oq ser Czarina\/
|
|switch|p2a: Beedrill|Beedrill-Mega, F|113\/271
|-heal|p2a: Beedrill|271\/271|[from] move: Healing Wish
|-damage|p2a: Beedrill|204\/271|[from] Stealth Rock
|turn|22
|c|+molgeraa|eita
|c|âCentury Express|ops
|c|+molgeraa|BRISSEI DU BOS
|c|+Jynx Nuggets|n Ã© possÃ­vel
|c| Moonshield|^
|c|âCentury Express|.bom
|c|+Sagati|.google czar
|c|~SoulDragonite|KKKKKKKKKKKKKKK
|c|+Jynx Nuggets|kkkkkkkkkkkkkkkakakakaakakaakaakaakakakaakaka
|c|~SoulDragonite|quem eh yesleandro du bois
|c|âCentury Express|Czarina
|c|~SoulDragonite|perto do
|c|~SoulDragonite|henriqueoelze
|c|~SoulDragonite|da blast?
|c|~SoulDragonite|.x
|c|+molgeraa|ele veio junto com o goao?
|c|âCentury Express|Ã© tipo
|
|move|p2a: Beedrill|Knock Off|p1a: Czarina
|-damage|p1a: Czarina|190\/346
|-enditem|p1a: Czarina|Life Orb|[from] move: Knock Off|[of] p2a: Beedrill
|move|p1a: Czarina|Earth Power|p2a: Beedrill
|-damage|p2a: Beedrill|0 fnt
|faint|p2a: Beedrill
|
|c|+Jynx Nuggets|nossa, temos alguÃ©m da blast aqui? Que honra
|c|âCentury Express|Ã© tipo um sinÃ´nimo de Princesa
|c|~SoulDragonite|n tem
|c|~SoulDragonite|drill run
|c|~SoulDragonite|rip
|c|+molgeraa|mas tem swords
|c|âhenriqueoelze|pois Ã©
|c|+Jynx Nuggets|drill run Ã© mito
|c|âCentury Express|mas Drill Run em UU
|c|+Sagati|n comparem o Hoelz com Goao
|
|switch|p2a: Vaporeon|Vaporeon, F|423\/464
|-damage|p2a: Vaporeon|365\/464|[from] Stealth Rock
|turn|23
|c|âCentury Express|Ã© meio ruinzinho mesmo
|c|+Sagati|pfv
|J|Irkalla.
|c|+molgeraa|REVEAL
|c|~SoulDragonite|eh?
|c|+Sagati|nÃ©
|c|~SoulDragonite|ue
|c|+molgeraa|VAPOREON ACID ARMOR
|c|âCentury Express|o melhor Ã© ter Poison Jab
|
|move|p1a: Czarina|Thunderbolt|p2a: Vaporeon
|-supereffective|p2a: Vaporeon
|-damage|p2a: Vaporeon|135\/464
|move|p2a: Vaporeon|Scald|p1a: Czarina
|-supereffective|p1a: Czarina
|-damage|p1a: Czarina|0 fnt
|faint|p1a: Czarina
|
|-heal|p2a: Vaporeon|164\/464|[from] item: Leftovers
|c|+molgeraa|faleceu
|
|switch|p1a: Shoot Star|Jirachi|320\/341
|turn|24
|c|~SoulDragonite|mas pelo que eu andei reparando sempre tem checks comuns
|
|move|p2a: Vaporeon|Protect|p2a: Vaporeon
|-singleturn|p2a: Vaporeon|Protect
|move|p1a: Shoot Star|Trick|p2a: Vaporeon
|-activate|p2a: Vaporeon|Protect
|
|-heal|p2a: Vaporeon|193\/464|[from] item: Leftovers
|turn|25
|c|~SoulDragonite|que perdem pra
|c|~SoulDragonite|drill
|c|~SoulDragonite|eh so usar
|c|~SoulDragonite|uturno, knock, drill e poison jab
|c|~SoulDragonite|oO
|c| Irkalla.|.-.
|c|+Sagati|oi Veroo
|c|+Sagati|:)
|c|+molgeraa|Yes manda logo o cachorro d'agua
|c|âCentury Express|ah, Protect Ã© melhor nela
|c|+Irkalla.|Qual Ã© a graÃ§a se nÃ£o posso digitar.
|c|âCentury Express|porque ela morre pra um peido naturalmente
|c|+Irkalla.|Sagati, quem Ã©?
|
|switch|p1a: Shadowplay|Umbreon, M|381\/390
|switch|p2a: Hippowdon|Hippowdon, F|401\/420
|-damage|p2a: Hippowdon|375\/420|[from] Stealth Rock
|-weather|Sandstorm
|
|-weather|Sandstorm|[upkeep]
|-damage|p1a: Shadowplay|357\/390|[from] sandstorm
|-heal|p1a: Shadowplay|381\/390|[from] item: Leftovers
|-heal|p2a: Hippowdon|401\/420|[from] item: Leftovers
|turn|26
|c|+molgeraa|um bosdude
|c|+Irkalla.|E oi :3
|c|+Sagati|Falcon
|c|~SoulDragonite|ah
|c|~SoulDragonite|ok
|c|~SoulDragonite|ne
|
|switch|p1a: Aquatarkus|Suicune|257\/404
|-ability|p1a: Aquatarkus|Pressure
|move|p2a: Hippowdon|Stealth Rock|p1a: Aquatarkus
|-sidestart|p1: Century Express|move: Stealth Rock
|
|-weather|Sandstorm|[upkeep]
|-damage|p1a: Aquatarkus|232\/404|[from] sandstorm
|-heal|p1a: Aquatarkus|257\/404|[from] item: Leftovers
|-heal|p2a: Hippowdon|420\/420|[from] item: Leftovers
|turn|27
|c|+Irkalla.|Ah, oi FalconfofolÃ³idi <3
|c|+Sagati|oii :)
|c|~SoulDragonite|fo
|c|~SoulDragonite|fo
|c|~SoulDragonite|lo
|c|+molgeraa|Hippowdon HP Grass?
|c|~SoulDragonite|i
|c|~SoulDragonite|de
|c|+Sagati|Cenoura cala boca
|
|move|p1a: Aquatarkus|Roar|p2a: Hippowdon
|drag|p2a: Vaporeon|Vaporeon, F|193\/464
|-damage|p2a: Vaporeon|135\/464|[from] Stealth Rock
|
|-weather|Sandstorm|[upkeep]
|-damage|p1a: Aquatarkus|232\/404|[from] sandstorm
|-damage|p2a: Vaporeon|106\/464|[from] sandstorm
|-heal|p1a: Aquatarkus|257\/404|[from] item: Leftovers
|-heal|p2a: Vaporeon|135\/464|[from] item: Leftovers
|turn|28
|c|+Irkalla.|Brigada.
|c|+Irkalla.|Ã o pontogama nÃ©?
|c|+Irkalla.|o-o
|c|~SoulDragonite|linda
|c|~SoulDragonite|vc e mto
|c|+molgeraa|aff sagati :(
|c|~SoulDragonite|fofoloide
|c| Moonshield|poxa
|c|+Jynx Nuggets|oi linda
|
|move|p1a: Aquatarkus|Substitute|p1a: Aquatarkus
|-start|p1a: Aquatarkus|Substitute
|-damage|p1a: Aquatarkus|156\/404
|move|p2a: Vaporeon|Wish|p2a: Vaporeon
|
|-weather|Sandstorm|[upkeep]
|-damage|p1a: Aquatarkus|131\/404|[from] sandstorm
|-damage|p2a: Vaporeon|106\/464|[from] sandstorm
|-heal|p1a: Aquatarkus|156\/404|[from] item: Leftovers
|-heal|p2a: Vaporeon|135\/464|[from] item: Leftovers
|turn|29
|c| Moonshield|queria ter Voice
|c| Moonshield|:(
|c|~SoulDragonite|olha aqui seus bando
|c|+Irkalla.|SÃ³ eu que digo fofolÃ³ide.
|c|~SoulDragonite|de gente do bois
|
|move|p2a: Vaporeon|Scald|p1a: Aquatarkus
|-resisted|p1a: Aquatarkus
|-activate|p1a: Aquatarkus|Substitute|[damage]
|move|p1a: Aquatarkus|Roar|p2a: Vaporeon
|drag|p2a: Hippowdon|Hippowdon, F|420\/420
|-damage|p2a: Hippowdon|394\/420|[from] Stealth Rock
|
|-weather|none
|-heal|p2a: Hippowdon|420\/420|[from] move: Wish|[wisher] Vaporeon
|-heal|p1a: Aquatarkus|181\/404|[from] item: Leftovers
|turn|30
|c|~SoulDragonite|eu n vo fica dando voice
|c|~SoulDragonite|pro bois inteiro nao ein
|
|move|p1a: Aquatarkus|Scald|p2a: Hippowdon
|-supereffective|p2a: Hippowdon
|-damage|p2a: Hippowdon|184\/420
|-status|p2a: Hippowdon|brn
|move|p2a: Hippowdon|Whirlwind|p1a: Aquatarkus
|drag|p1a: Shoot Star|Jirachi|320\/341
|-damage|p1a: Shoot Star|299\/341|[from] Stealth Rock
|
|-heal|p2a: Hippowdon|210\/420 brn|[from] item: Leftovers
|-damage|p2a: Hippowdon|158\/420 brn|[from] brn
|turn|31
|c|~SoulDragonite|sinao isso vira
|c|~SoulDragonite|um bois
|c|+Sagati|pq vc n Ã© obrigado nÃ©
|c|+Irkalla.|Cara, prometo tratar o Rydro com carinho porque vocÃªs devem zoar ele demais.
|c|+molgeraa|mas vc Ã© do bos tb
|c|+Irkalla.|o-o
|c|~SoulDragonite|com um monte de
|c|~SoulDragonite|bosneano
|c|+Jynx Nuggets|HUAEAHUEEAHUEAHUEAEAH
|c|+Irkalla.|Mas nunca conversamos D:
|
|move|p1a: Shoot Star|U-turn|p2a: Hippowdon
|-damage|p2a: Hippowdon|110\/420 brn
|
|switch|p1a: Shadowplay|Umbreon, M|381\/390
|-damage|p1a: Shadowplay|333\/390|[from] Stealth Rock
|move|p2a: Hippowdon|Earthquake|p1a: Shadowplay
|-damage|p1a: Shadowplay|275\/390
|
|-heal|p1a: Shadowplay|299\/390|[from] item: Leftovers
|-heal|p2a: Hippowdon|136\/420 brn|[from] item: Leftovers
|-damage|p2a: Hippowdon|84\/420 brn|[from] brn
|turn|32
|c|~SoulDragonite|tambem falcon
|c|~SoulDragonite|tambem
|c|~SoulDragonite|:)
|c|+Sagati|kaka
|
|move|p1a: Shadowplay|Foul Play|p2a: Hippowdon
|-damage|p2a: Hippowdon|0 fnt
|faint|p2a: Hippowdon
|
|-heal|p1a: Shadowplay|323\/390|[from] item: Leftovers
|c|âhenriqueoelze|gg
|
|switch|p2a: Vaporeon|Vaporeon, F|135\/464
|-damage|p2a: Vaporeon|77\/464|[from] Stealth Rock
|turn|33
|c|~SoulDragonite|vaporeon
|c|~SoulDragonite|vai
|c|+Sagati|Vero o Rydro Ã© legal
|c|~SoulDragonite|rula
|c|âCentury Express|gg Hoelze
|
|move|p1a: Shadowplay|Foul Play|p2a: Vaporeon
|-damage|p2a: Vaporeon|11\/464
|move|p2a: Vaporeon|Wish|p2a: Vaporeon
|
|-heal|p1a: Shadowplay|347\/390|[from] item: Leftovers
|-heal|p2a: Vaporeon|40\/464|[from] item: Leftovers
|turn|34
|c|~SoulDragonite|eita
|c|+Irkalla.|Deve ser, mas nunca conversamos.
|c|+Jynx Nuggets|kd a vero
|c|+Sagati|lol
|c|+Irkalla.|Por isso mesmo sÃ³.
|
|switch|p1a: Shoot Star|Jirachi|299\/341
|-damage|p1a: Shoot Star|278\/341|[from] Stealth Rock
|move|p2a: Vaporeon|Scald|p1a: Shoot Star
|-damage|p1a: Shoot Star|184\/341
|-status|p1a: Shoot Star|brn
|
|-heal|p2a: Vaporeon|272\/464|[from] move: Wish|[wisher] Vaporeon
|-heal|p2a: Vaporeon|301\/464|[from] item: Leftovers
|-damage|p1a: Shoot Star|142\/341 brn|[from] brn
|turn|35
|c|+Irkalla.|Eu aqui Nuggets.
|c|+Sagati|ele fala pouco
|c|+Jynx Nuggets|Ah <3
|c|~SoulDragonite|eitaaaa
|c|+Irkalla.|<3
|c|+Sagati|e rouba no hax ball
|
|move|p2a: Vaporeon|Protect|p2a: Vaporeon
|-singleturn|p2a: Vaporeon|Protect
|move|p1a: Shoot Star|Trick|p2a: Vaporeon
|-activate|p2a: Vaporeon|Protect
|
|-heal|p2a: Vaporeon|330\/464|[from] item: Leftovers
|-damage|p1a: Shoot Star|100\/341 brn|[from] brn
|turn|36
|c|+Sagati|haxball*
|c|~SoulDragonite|fica nos protect ai
|c|+Irkalla.|Haxball era o que mesmo?
|c|~SoulDragonite|e vai na fe
|c|~SoulDragonite|.yan
|c|+Irkalla.|Eu jogava com a DeaD mas esqueci.
|c| Moonshield|vou ficar mutado pra sempre :(
|
|move|p1a: Shoot Star|Trick|p2a: Vaporeon
|-activate|p1a: Shoot Star|move: Trick|[of] p2a: Vaporeon
|-item|p2a: Vaporeon|Choice Scarf|[from] move: Trick
|-item|p1a: Shoot Star|Leftovers|[from] move: Trick
|move|p2a: Vaporeon|Scald|p1a: Shoot Star
|-damage|p1a: Shoot Star|7\/341 brn
|
|-heal|p1a: Shoot Star|28\/341 brn|[from] item: Leftovers
|-damage|p1a: Shoot Star|0 fnt|[from] brn
|faint|p1a: Shoot Star
|c|~SoulDragonite|so acerta
|c|~SoulDragonite|3
|c|âCentury Express|sÃ³ n Protecta 4 vezes n_n
|c|~SoulDragonite|ah
|c|~SoulDragonite|rip
|
|switch|p1a: Shadowplay|Umbreon, M|347\/390
|-damage|p1a: Shadowplay|299\/390|[from] Stealth Rock
|turn|37
|
|move|p2a: Vaporeon|Scald|p1a: Shadowplay
|-damage|p1a: Shadowplay|241\/390
|-status|p1a: Shadowplay|brn
|-status|p2a: Vaporeon|brn
|move|p1a: Shadowplay|Foul Play|p2a: Vaporeon
|-damage|p2a: Vaporeon|291\/464 brn
|
|-heal|p1a: Shadowplay|265\/390 brn|[from] item: Leftovers
|-damage|p2a: Vaporeon|233\/464 brn|[from] brn
|-damage|p1a: Shadowplay|217\/390 brn|[from] brn
|turn|38
|c|~SoulDragonite|esses cara
|c|~SoulDragonite|sem fe
|c|âhenriqueoelze|kkkkk
|c|âhenriqueoelze|ne
|c|âhenriqueoelze|ainda burn p me regassar mais
|
|move|p2a: Vaporeon|Scald|p1a: Shadowplay
|-damage|p1a: Shadowplay|160\/390 brn
|move|p1a: Shadowplay|Heal Bell|p1a: Shadowplay
|-cureteam|p1a: Shadowplay|[from] move: HealBell
|
|-heal|p1a: Shadowplay|184\/390|[from] item: Leftovers
|-damage|p2a: Vaporeon|175\/464 brn|[from] brn
|turn|39
|
|move|p2a: Vaporeon|Scald|p1a: Shadowplay
|-damage|p1a: Shadowplay|124\/390
|-status|p1a: Shadowplay|brn
|move|p1a: Shadowplay|Wish|p1a: Shadowplay
|
|-heal|p1a: Shadowplay|148\/390 brn|[from] item: Leftovers
|-damage|p2a: Vaporeon|117\/464 brn|[from] brn
|-damage|p1a: Shadowplay|100\/390 brn|[from] brn
|turn|40
|c|âhenriqueoelze|ta tao zuado o time assim?
|c|+Moonshield|tank you
|c|+molgeraa|s
|c|âhenriqueoelze|to literalmente testando nese camp tier baixa
|
|move|p1a: Shadowplay|Protect|p1a: Shadowplay
|-singleturn|p1a: Shadowplay|Protect
|move|p2a: Vaporeon|Scald|p1a: Shadowplay
|-activate|p1a: Shadowplay|Protect
|
|-heal|p1a: Shadowplay|295\/390 brn|[from] move: Wish|[wisher] Shadowplay
|-heal|p1a: Shadowplay|319\/390 brn|[from] item: Leftovers
|-damage|p2a: Vaporeon|59\/464 brn|[from] brn
|-damage|p1a: Shadowplay|271\/390 brn|[from] brn
|turn|41
|c|+Sagati|poxa da voice pro mamilo tb, ele ta excluido ali
|c|âCentury Express|pra alguns conceitos tipo
|c|~SoulDragonite|ate eu
|c|~SoulDragonite|q so tipÃ³
|c|âCentury Express|Ã© importante que diversos times de UU
|c|~SoulDragonite|MTO ruim
|c|~SoulDragonite|em UU
|c|~SoulDragonite|faÃ§o melhor
|c|~SoulDragonite|velho
|c|âCentury Express|tenham check de Fight-Spam e Dark-Spam
|c|~SoulDragonite|desculpa, mas falei
|
|move|p2a: Vaporeon|Scald|p1a: Shadowplay
|-damage|p1a: Shadowplay|207\/390 brn
|move|p1a: Shadowplay|Heal Bell|p1a: Shadowplay
|-cureteam|p1a: Shadowplay|[from] move: HealBell
|
|-heal|p1a: Shadowplay|231\/390|[from] item: Leftovers
|-damage|p2a: Vaporeon|1\/464 brn|[from] brn
|turn|42
|J|Minato
|
|move|p2a: Vaporeon|Scald|p1a: Shadowplay
|-damage|p1a: Shadowplay|170\/390
|-status|p1a: Shadowplay|brn
|move|p1a: Shadowplay|Foul Play|p2a: Vaporeon
|-damage|p2a: Vaporeon|0 fnt
|faint|p2a: Vaporeon
|
|win|Century Express
|c|+Jynx Nuggets|ParabÃ¡ins yes, tu Ã© mt mazer, socor
|c|âhenriqueoelze|sim, tem tem q falar msm
|L|Minato
|c|âhenriqueoelze|tanto uu quanto ru
|c|âCentury Express|gg
|c|âhenriqueoelze|gg wp
|c|+Irkalla.|Yes aonde?