|J|Century Express
|J|Jynx Nuggets
|player|p1|Century Express|145
|player|p2|Jynx Nuggets|177
|gametype|singles
|gen|6
|tier|UU
|rule|Sleep Clause Mod: Limit one foe put to sleep
|rule|Species Clause: Limit one of each PokÃ©mon
|rule|OHKO Clause: OHKO moves are banned
|rule|Moody Clause: Moody is banned
|rule|Evasion Moves Clause: Evasion moves are banned
|rule|Endless Battle Clause: Forcing endless battles is banned
|rule|HP Percentage Mod: HP is shown in percentages
|clearpoke
|poke|p1|Abomasnow, M
|poke|p1|Suicune
|poke|p1|Umbreon, M
|poke|p1|Crobat, M
|poke|p1|Nidoqueen, F
|poke|p1|Jirachi
|poke|p2|Empoleon, M, shiny
|poke|p2|Entei, shiny
|poke|p2|Raikou, shiny
|poke|p2|Florges, F, shiny
|poke|p2|Beedrill, F, shiny
|poke|p2|Avalugg, M, shiny
|rule|Swagger Clause: Swagger is banned
|rule|Baton Pass Clause: Limit one PokÃ©mon knowing Baton Pass
|teampreview
|
|start
|switch|p1a: Czarina|Nidoqueen, F|346\/346
|switch|p2a: Deably 3|Beedrill, F, shiny|271\/271
|turn|1
|J|SoulDragonite
|c|âJynx Nuggets|Nidoqueen Oo
|
|switch|p1a: Purple Haze|Crobat, M|355\/355
|detailschange|p2a: Deably 3|Beedrill-Mega, F, shiny
|-mega|p2a: Deably 3|Beedrill|Beedrillite
|move|p2a: Deably 3|Protect|p2a: Deably 3
|-fail|p2a: Deably 3
|
|turn|2
|c|~SoulDragonite|nidoqueen eh diva
|c|âCentury Express|ela Ã© mÃ³ poderosa .x
|c|~SoulDragonite|distruidora
|c|~SoulDragonite|.x
|c|âJynx Nuggets|haha
|
|move|p2a: Deably 3|U-turn|p1a: Purple Haze
|-resisted|p1a: Purple Haze
|-damage|p1a: Purple Haze|296\/355
|
|switch|p2a: Jugar|Raikou, shiny|384\/384
|-ability|p2a: Jugar|Pressure
|move|p1a: Purple Haze|Brave Bird|p2a: Jugar
|-resisted|p2a: Jugar
|-damage|p2a: Jugar|300\/384
|-damage|p1a: Purple Haze|268\/355|[from] recoil|[of] p2a: Jugar
|
|-heal|p1a: Purple Haze|290\/355|[from] item: Black Sludge
|-heal|p2a: Jugar|324\/384|[from] item: Leftovers
|turn|3
|
|switch|p1a: Czarina|Nidoqueen, F|346\/346
|move|p2a: Jugar|Calm Mind|p2a: Jugar
|-boost|p2a: Jugar|spa|1
|-boost|p2a: Jugar|spd|1
|
|-heal|p2a: Jugar|348\/384|[from] item: Leftovers
|turn|4
|
|move|p2a: Jugar|Extrasensory|p1a: Czarina
|-supereffective|p1a: Czarina
|-damage|p1a: Czarina|88\/346
|move|p1a: Czarina|Stealth Rock|p2a: Jugar
|-sidestart|p2: Jynx Nuggets|move: Stealth Rock
|
|-heal|p2a: Jugar|372\/384|[from] item: Leftovers
|turn|5
|
|switch|p1a: Shoot Star|Jirachi|341\/341
|move|p2a: Jugar|Extrasensory|p1a: Shoot Star
|-resisted|p1a: Shoot Star
|-damage|p1a: Shoot Star|314\/341
|
|-heal|p2a: Jugar|384\/384|[from] item: Leftovers
|turn|6
|
|move|p1a: Shoot Star|U-turn|p2a: Jugar
|-damage|p2a: Jugar|293\/384
|
|switch|p1a: Freezezy Peak|Abomasnow, M|371\/371
|-weather|Hail
|move|p2a: Jugar|Thunderbolt|p1a: Freezezy Peak
|-resisted|p1a: Freezezy Peak
|-damage|p1a: Freezezy Peak|272\/371
|
|-weather|Hail|[upkeep]
|-damage|p2a: Jugar|269\/384|[from] hail
|-heal|p2a: Jugar|293\/384|[from] item: Leftovers
|turn|7
|c|~SoulDragonite|tem aura
|c|~SoulDragonite|esfera
|c|âCentury Express|c rÃ¡
|c|~SoulDragonite|vamos ver
|J|Moonshield
|c|âJynx Nuggets|hmm
|c| Moonshield|4fun  ou tur?
|
|switch|p2a: Angien|Florges, F, shiny|360\/360
|-damage|p2a: Angien|315\/360|[from] Stealth Rock
|detailschange|p1a: Freezezy Peak|Abomasnow-Mega, M
|-mega|p1a: Freezezy Peak|Abomasnow|Abomasite
|move|p1a: Freezezy Peak|Earthquake|p2a: Angien
|-damage|p2a: Angien|189\/360
|
|-weather|Hail|[upkeep]
|-damage|p2a: Angien|167\/360|[from] hail
|-heal|p2a: Angien|189\/360|[from] item: Leftovers
|turn|8
|c|âCentury Express|4fun
|c|~SoulDragonite|ah
|c|~SoulDragonite|n tem
|c|~SoulDragonite|.bos
|
|move|p2a: Angien|Synthesis|p2a: Angien
|-heal|p2a: Angien|279\/360
|move|p1a: Freezezy Peak|Seed Bomb|p2a: Angien
|-damage|p2a: Angien|131\/360
|
|-weather|Hail|[upkeep]
|-damage|p2a: Angien|109\/360|[from] hail
|-heal|p2a: Angien|131\/360|[from] item: Leftovers
|turn|9
|c|~SoulDragonite|isso eh counter
|c|~SoulDragonite|ne
|c|âJynx Nuggets|socor
|c|~SoulDragonite|.bos
|c| Moonshield|ABOMASNOVA VAI WINAR
|
|move|p2a: Angien|Moonblast|p1a: Freezezy Peak
|-damage|p1a: Freezezy Peak|146\/371
|move|p1a: Freezezy Peak|Seed Bomb|p2a: Angien
|-damage|p2a: Angien|0 fnt
|faint|p2a: Angien
|
|-weather|Hail|[upkeep]
|c|~SoulDragonite|pq n jogo
|c|~SoulDragonite|o bixo de gelo
|J|HaxBro.K
|
|switch|p2a: Bliz Great Zard|Avalugg, M, shiny|394\/394
|-damage|p2a: Bliz Great Zard|296\/394|[from] Stealth Rock
|turn|10
|c|+HaxBro.K|Forgotten Dungeon??
|c|âJynx Nuggets|ah
|c|âCentury Express|Avalugue Blobssey FÃ­sica
|c|âCentury Express|nem
|c|âJynx Nuggets|verdade
|c|âCentury Express|4fun
|c|âJynx Nuggets|mas achei que esse ai fosse special sweeper
|c|+HaxBro.K|Ã© pelo Forgotten???
|
|switch|p1a: Aquatarkus|Suicune|404\/404
|-ability|p1a: Aquatarkus|Pressure
|move|p2a: Bliz Great Zard|Rapid Spin|p1a: Aquatarkus
|-damage|p1a: Aquatarkus|392\/404
|-sideend|p2: Jynx Nuggets|Stealth Rock|[from] move: Rapid Spin|[of] p2a: Bliz Great Zard
|
|-weather|none
|-heal|p1a: Aquatarkus|404\/404|[from] item: Leftovers
|-heal|p2a: Bliz Great Zard|320\/394|[from] item: Leftovers
|turn|11
|c| Moonshield|n
|c| Moonshield|E oi Koga
|c|+HaxBro.K|oi Moon o\/
|c|+HaxBro.K|oi todos n_n
|c|âJynx Nuggets|Oi julioooooooo
|c|âCentury Express|coÃ© CogÃ£o :]
|
|switch|p2a: Jugar|Raikou, shiny|293\/384
|-ability|p2a: Jugar|Pressure
|move|p1a: Aquatarkus|Scald|p2a: Jugar
|-damage|p2a: Jugar|203\/384
|
|-heal|p2a: Jugar|227\/384|[from] item: Leftovers
|turn|12
|c|+HaxBro.K|renao o\/ yes o\/
|
|switch|p2a: Deably 3|Beedrill-Mega, F, shiny|271\/271
|switch|p1a: Umbreon|Umbreon, M|390\/390
|
|turn|13
|c|+HaxBro.K|e vadia do gama o\/
|
|switch|p1a: Purple Haze|Crobat, M|290\/355
|move|p2a: Deably 3|U-turn|p1a: Purple Haze
|-resisted|p1a: Purple Haze
|-damage|p1a: Purple Haze|236\/355
|
|switch|p2a: Metapeint|Empoleon, M, shiny|372\/372
|
|-heal|p1a: Purple Haze|258\/355|[from] item: Black Sludge
|turn|14
|
|switch|p1a: Aquatarkus|Suicune|404\/404
|-ability|p1a: Aquatarkus|Pressure
|move|p2a: Metapeint|Stealth Rock|p1a: Aquatarkus
|-sidestart|p1: Century Express|move: Stealth Rock
|
|turn|15
|
|move|p1a: Aquatarkus|Scald|p2a: Metapeint
|-resisted|p2a: Metapeint
|-damage|p2a: Metapeint|342\/372
|move|p2a: Metapeint|Roar|p1a: Aquatarkus
|drag|p1a: Freezezy Peak|Abomasnow-Mega, M|146\/371
|-damage|p1a: Freezezy Peak|54\/371|[from] Stealth Rock
|-weather|Hail
|
|-weather|Hail|[upkeep]
|-damage|p2a: Metapeint|319\/372|[from] hail
|-heal|p2a: Metapeint|342\/372|[from] item: Leftovers
|turn|16
|
|switch|p2a: Bliz Great Zard|Avalugg, M, shiny|320\/394
|switch|p1a: Umbreon|Umbreon, M|390\/390
|-damage|p1a: Umbreon|342\/390|[from] Stealth Rock
|
|-weather|Hail|[upkeep]
|-damage|p1a: Umbreon|318\/390|[from] hail
|-heal|p1a: Umbreon|342\/390|[from] item: Leftovers
|-heal|p2a: Bliz Great Zard|344\/394|[from] item: Leftovers
|turn|17
|
|switch|p2a: Metapeint|Empoleon, M, shiny|342\/372
|move|p1a: Umbreon|Wish|p1a: Umbreon
|
|-weather|Hail|[upkeep]
|-damage|p1a: Umbreon|318\/390|[from] hail
|-damage|p2a: Metapeint|319\/372|[from] hail
|-heal|p1a: Umbreon|342\/390|[from] item: Leftovers
|-heal|p2a: Metapeint|342\/372|[from] item: Leftovers
|turn|18
|c|âJynx Nuggets|tsh
|
|move|p1a: Umbreon|Foul Play|p2a: Metapeint
|-damage|p2a: Metapeint|246\/372
|move|p2a: Metapeint|Roar|p1a: Umbreon
|drag|p1a: Purple Haze|Crobat, M|258\/355
|-damage|p1a: Purple Haze|170\/355|[from] Stealth Rock
|
|-weather|Hail|[upkeep]
|-damage|p1a: Purple Haze|148\/355|[from] hail
|-damage|p2a: Metapeint|223\/372|[from] hail
|-heal|p1a: Purple Haze|343\/355|[from] move: Wish|[wisher] Umbreon
|-heal|p1a: Purple Haze|355\/355|[from] item: Black Sludge
|-heal|p2a: Metapeint|246\/372|[from] item: Leftovers
|turn|19
|c|âJynx Nuggets|e agora
|
|move|p1a: Purple Haze|Defog|p2a: Metapeint
|-unboost|p2a: Metapeint|evasion|1
|-sideend|p1: Century Express|Stealth Rock|[from] move: Defog|[of] p1a: Purple Haze
|move|p2a: Metapeint|Scald|p1a: Purple Haze
|-damage|p1a: Purple Haze|235\/355
|
|-weather|none
|-heal|p1a: Purple Haze|257\/355|[from] item: Black Sludge
|-heal|p2a: Metapeint|269\/372|[from] item: Leftovers
|turn|20
|
|move|p1a: Purple Haze|Taunt|p2a: Metapeint
|-start|p2a: Metapeint|move: Taunt
|cant|p2a: Metapeint|move: Taunt|Stealth Rock
|
|-heal|p1a: Purple Haze|279\/355|[from] item: Black Sludge
|-heal|p2a: Metapeint|292\/372|[from] item: Leftovers
|turn|21
|c|âCentury Express|burna (yn)
|
|switch|p1a: Umbreon|Umbreon, M|342\/390
|switch|p2a: Jugar|Raikou, shiny|227\/384
|-ability|p2a: Jugar|Pressure
|
|-heal|p2a: Jugar|251\/384|[from] item: Leftovers
|-heal|p1a: Umbreon|366\/390|[from] item: Leftovers
|turn|22
|
|move|p2a: Jugar|Calm Mind|p2a: Jugar
|-boost|p2a: Jugar|spa|1
|-boost|p2a: Jugar|spd|1
|move|p1a: Umbreon|Foul Play|p2a: Jugar
|-damage|p2a: Jugar|134\/384
|
|-heal|p2a: Jugar|158\/384|[from] item: Leftovers
|-heal|p1a: Umbreon|390\/390|[from] item: Leftovers
|turn|23
|
|switch|p2a: Bliz Great Zard|Avalugg, M, shiny|344\/394
|move|p1a: Umbreon|Foul Play|p2a: Bliz Great Zard
|-damage|p2a: Bliz Great Zard|286\/394
|
|-heal|p2a: Bliz Great Zard|310\/394|[from] item: Leftovers
|turn|24
|
|switch|p2a: Deably 3|Beedrill-Mega, F, shiny|271\/271
|move|p1a: Umbreon|Wish|p1a: Umbreon
|
|turn|25
|
|switch|p1a: Purple Haze|Crobat, M|279\/355
|move|p2a: Deably 3|U-turn|p1a: Purple Haze
|-resisted|p1a: Purple Haze
|-damage|p1a: Purple Haze|222\/355
|
|switch|p2a: Metapeint|Empoleon, M, shiny|292\/372
|
|-heal|p1a: Purple Haze|355\/355|[from] move: Wish|[wisher] Umbreon
|-heal|p2a: Metapeint|315\/372|[from] item: Leftovers
|turn|26
|
|move|p1a: Purple Haze|Taunt|p2a: Metapeint
|-start|p2a: Metapeint|move: Taunt
|move|p2a: Metapeint|Scald|p1a: Purple Haze
|-damage|p1a: Purple Haze|240\/355
|-status|p1a: Purple Haze|brn
|
|-heal|p1a: Purple Haze|262\/355 brn|[from] item: Black Sludge
|-heal|p2a: Metapeint|338\/372|[from] item: Leftovers
|-damage|p1a: Purple Haze|218\/355 brn|[from] brn
|turn|27
|c|âJynx Nuggets|isso
|c|âCentury Express|vacilÃ£o =[
|
|switch|p1a: Umbreon|Umbreon, M|390\/390
|switch|p2a: Deably 3|Beedrill-Mega, F, shiny|271\/271
|
|turn|28
|J|GoaoTwo
|
|switch|p1a: Freezezy Peak|Abomasnow-Mega, M|54\/371
|-weather|Hail
|move|p2a: Deably 3|U-turn|p1a: Freezezy Peak
|-supereffective|p1a: Freezezy Peak
|-damage|p1a: Freezezy Peak|0 fnt
|faint|p1a: Freezezy Peak
|
|switch|p2a: Metapeint|Empoleon, M, shiny|338\/372
|
|-weather|Hail|[upkeep]
|-damage|p2a: Metapeint|315\/372|[from] hail
|-heal|p2a: Metapeint|338\/372|[from] item: Leftovers
|
|switch|p1a: Czarina|Nidoqueen, F|88\/346
|turn|29
|L|HaxBro.K
|c|âCentury Express|vamo destruiii
|
|move|p1a: Czarina|Earth Power|p2a: Metapeint
|-supereffective|p2a: Metapeint
|-damage|p2a: Metapeint|34\/372
|move|p2a: Metapeint|Scald|p1a: Czarina
|-supereffective|p1a: Czarina
|-damage|p1a: Czarina|0 fnt
|faint|p1a: Czarina
|
|-weather|Hail|[upkeep]
|-damage|p2a: Metapeint|11\/372|[from] hail
|-heal|p2a: Metapeint|34\/372|[from] item: Leftovers
|c|âCentury Express|poxa
|c|âJynx Nuggets|full special defense xD
|
|switch|p1a: Umbreon|Umbreon, M|390\/390
|turn|30
|
|switch|p2a: Bliz Great Zard|Avalugg, M, shiny|310\/394
|move|p1a: Umbreon|Foul Play|p2a: Bliz Great Zard
|-damage|p2a: Bliz Great Zard|255\/394
|
|-weather|Hail|[upkeep]
|-damage|p1a: Umbreon|366\/390|[from] hail
|-heal|p1a: Umbreon|390\/390|[from] item: Leftovers
|-heal|p2a: Bliz Great Zard|279\/394|[from] item: Leftovers
|turn|31
|
|move|p1a: Umbreon|Heal Bell|p1a: Umbreon
|-cureteam|p1a: Umbreon|[from] move: HealBell
|move|p2a: Bliz Great Zard|Recover|p2a: Bliz Great Zard
|-heal|p2a: Bliz Great Zard|394\/394
|
|-weather|Hail|[upkeep]
|-damage|p1a: Umbreon|366\/390|[from] hail
|-heal|p1a: Umbreon|390\/390|[from] item: Leftovers
|turn|32
|
|switch|p2a: Lerak|Entei, shiny|434\/434
|-ability|p2a: Lerak|Pressure
|move|p1a: Umbreon|Wish|p1a: Umbreon
|
|-weather|none
|turn|33
|
|switch|p1a: Aquatarkus|Suicune|404\/404
|-ability|p1a: Aquatarkus|Pressure
|move|p2a: Lerak|Toxic|p1a: Aquatarkus|[miss]
|-miss|p2a: Lerak|p1a: Aquatarkus
|
|turn|34
|c|âJynx Nuggets|droga
|c|âCentury Express|.bom
|c|âJynx Nuggets|Isso nÃ£o podia ter acontecido
|
|move|p2a: Lerak|Toxic|p1a: Aquatarkus
|-status|p1a: Aquatarkus|tox
|move|p1a: Aquatarkus|Scald|p2a: Lerak
|-supereffective|p2a: Lerak
|-damage|p2a: Lerak|200\/434
|
|-heal|p2a: Lerak|227\/434|[from] item: Leftovers
|-damage|p1a: Aquatarkus|379\/404 tox|[from] psn
|turn|35
|
|move|p2a: Lerak|Protect|p2a: Lerak
|-singleturn|p2a: Lerak|Protect
|move|p1a: Aquatarkus|Scald|p2a: Lerak
|-activate|p2a: Lerak|Protect
|
|-heal|p2a: Lerak|254\/434|[from] item: Leftovers
|-heal|p1a: Aquatarkus|404\/404 tox|[from] item: Leftovers
|-damage|p1a: Aquatarkus|354\/404 tox|[from] psn
|turn|36
|
|move|p2a: Lerak|Extreme Speed|p1a: Aquatarkus
|-damage|p1a: Aquatarkus|285\/404 tox
|move|p1a: Aquatarkus|Scald|p2a: Lerak
|-supereffective|p2a: Lerak
|-damage|p2a: Lerak|26\/434
|
|-heal|p2a: Lerak|53\/434|[from] item: Leftovers
|-heal|p1a: Aquatarkus|310\/404 tox|[from] item: Leftovers
|-damage|p1a: Aquatarkus|235\/404 tox|[from] psn
|turn|37
|
|switch|p1a: Umbreon|Umbreon, M|390\/390
|move|p2a: Lerak|Protect|p2a: Lerak
|-fail|p2a: Lerak
|
|-heal|p2a: Lerak|80\/434|[from] item: Leftovers
|turn|38
|
|switch|p2a: Deably 3|Beedrill-Mega, F, shiny|271\/271
|move|p1a: Umbreon|Heal Bell|p1a: Umbreon
|-cureteam|p1a: Umbreon|[from] move: HealBell
|
|turn|39
|
|switch|p1a: Shoot Star|Jirachi|314\/341
|move|p2a: Deably 3|U-turn|p1a: Shoot Star
|-damage|p1a: Shoot Star|140\/341
|c|âJynx Nuggets|esse ai Ã© scarf nÃ©
|c|âJynx Nuggets|rs
|c|âCentury Express|Jijirahax deusa
|
|switch|p2a: Jugar|Raikou, shiny|158\/384
|-ability|p2a: Jugar|Pressure
|
|-heal|p2a: Jugar|182\/384|[from] item: Leftovers
|turn|40
|c|âJynx Nuggets|ai velio
|
|move|p1a: Shoot Star|U-turn|p2a: Jugar
|-damage|p2a: Jugar|86\/384
|
|switch|p1a: Umbreon|Umbreon, M|390\/390
|move|p2a: Jugar|Calm Mind|p2a: Jugar
|-boost|p2a: Jugar|spa|1
|-boost|p2a: Jugar|spd|1
|
|-heal|p2a: Jugar|110\/384|[from] item: Leftovers
|turn|41
|c|âJynx Nuggets|:(
|c|âJynx Nuggets|Jugar vence geral ae menos esse bostinha :(
|
|move|p2a: Jugar|Thunderbolt|p1a: Umbreon
|-damage|p1a: Umbreon|285\/390
|move|p1a: Umbreon|Foul Play|p2a: Jugar
|-damage|p2a: Jugar|4\/384
|
|-heal|p2a: Jugar|28\/384|[from] item: Leftovers
|-heal|p1a: Umbreon|309\/390|[from] item: Leftovers
|turn|42
|
|move|p2a: Jugar|Thunderbolt|p1a: Umbreon
|-damage|p1a: Umbreon|197\/390
|move|p1a: Umbreon|Foul Play|p2a: Jugar
|-damage|p2a: Jugar|0 fnt
|faint|p2a: Jugar
|
|-heal|p1a: Umbreon|221\/390|[from] item: Leftovers
|
|switch|p2a: Deably 3|Beedrill-Mega, F, shiny|271\/271
|turn|43
|
|move|p2a: Deably 3|U-turn|p1a: Umbreon
|-supereffective|p1a: Umbreon
|-damage|p1a: Umbreon|0 fnt
|faint|p1a: Umbreon
|
|switch|p2a: Metapeint|Empoleon, M, shiny|34\/372
|
|-heal|p2a: Metapeint|57\/372|[from] item: Leftovers
|
|switch|p1a: Purple Haze|Crobat, M|218\/355
|turn|44
|
|move|p2a: Metapeint|Protect|p2a: Metapeint
|-singleturn|p2a: Metapeint|Protect
|move|p1a: Purple Haze|Brave Bird|p2a: Metapeint
|-activate|p2a: Metapeint|Protect
|
|-heal|p1a: Purple Haze|240\/355|[from] item: Black Sludge
|-heal|p2a: Metapeint|80\/372|[from] item: Leftovers
|turn|45
|
|move|p1a: Purple Haze|Brave Bird|p2a: Metapeint
|-resisted|p2a: Metapeint
|-damage|p2a: Metapeint|5\/372
|-damage|p1a: Purple Haze|215\/355|[from] recoil|[of] p2a: Metapeint
|move|p2a: Metapeint|Scald|p1a: Purple Haze
|-damage|p1a: Purple Haze|40\/355
|
|-heal|p1a: Purple Haze|62\/355|[from] item: Black Sludge
|-heal|p2a: Metapeint|28\/372|[from] item: Leftovers
|turn|46
|c|âJynx Nuggets|kd o koga
|c|âJynx Nuggets|quero sugR HAX DELE
|c|âJynx Nuggets|sugar hax dele*
|
|move|p1a: Purple Haze|Brave Bird|p2a: Metapeint
|-resisted|p2a: Metapeint
|-damage|p2a: Metapeint|0 fnt
|-damage|p1a: Purple Haze|53\/355|[from] recoil|[of] p2a: Metapeint
|faint|p2a: Metapeint
|
|-heal|p1a: Purple Haze|75\/355|[from] item: Black Sludge
|
|switch|p2a: Lerak|Entei, shiny|80\/434
|-ability|p2a: Lerak|Pressure
|turn|47
|
|switch|p1a: Aquatarkus|Suicune|235\/404
|-ability|p1a: Aquatarkus|Pressure
|move|p2a: Lerak|Extreme Speed|p1a: Aquatarkus
|-damage|p1a: Aquatarkus|170\/404
|
|-heal|p2a: Lerak|107\/434|[from] item: Leftovers
|-heal|p1a: Aquatarkus|195\/404|[from] item: Leftovers
|turn|48
|
|move|p2a: Lerak|Toxic|p1a: Aquatarkus
|-status|p1a: Aquatarkus|tox
|move|p1a: Aquatarkus|Scald|p2a: Lerak
|-supereffective|p2a: Lerak
|-damage|p2a: Lerak|0 fnt
|faint|p2a: Lerak
|
|-heal|p1a: Aquatarkus|220\/404 tox|[from] item: Leftovers
|-damage|p1a: Aquatarkus|195\/404 tox|[from] psn
|
|switch|p2a: Deably 3|Beedrill-Mega, F, shiny|271\/271
|turn|49
|
|move|p2a: Deably 3|Poison Jab|p1a: Aquatarkus
|-damage|p1a: Aquatarkus|47\/404 tox
|move|p1a: Aquatarkus|Scald|p2a: Deably 3
|-damage|p2a: Deably 3|168\/271
|
|-heal|p1a: Aquatarkus|72\/404 tox|[from] item: Leftovers
|-damage|p1a: Aquatarkus|22\/404 tox|[from] psn
|turn|50
|
|switch|p1a: Purple Haze|Crobat, M|75\/355
|move|p2a: Deably 3|U-turn|p1a: Purple Haze
|-resisted|p1a: Purple Haze
|-damage|p1a: Purple Haze|23\/355
|
|switch|p2a: Bliz Great Zard|Avalugg, M, shiny|394\/394
|
|-heal|p1a: Purple Haze|45\/355|[from] item: Black Sludge
|turn|51
|
|move|p1a: Purple Haze|Roost|p1a: Purple Haze
|-heal|p1a: Purple Haze|223\/355
|move|p2a: Bliz Great Zard|Avalanche|p1a: Purple Haze
|-damage|p1a: Purple Haze|121\/355
|
|-heal|p1a: Purple Haze|143\/355|[from] item: Black Sludge
|turn|52
|
|move|p1a: Purple Haze|Roost|p1a: Purple Haze
|-heal|p1a: Purple Haze|321\/355
|move|p2a: Bliz Great Zard|Curse|p2a: Bliz Great Zard
|-boost|p2a: Bliz Great Zard|atk|1
|-boost|p2a: Bliz Great Zard|def|1
|-unboost|p2a: Bliz Great Zard|spe|1
|
|-heal|p1a: Purple Haze|343\/355|[from] item: Black Sludge
|turn|53
|c|âJynx Nuggets|mds
|
|switch|p1a: Shoot Star|Jirachi|140\/341
|switch|p2a: Deably 3|Beedrill-Mega, F, shiny|168\/271
|
|turn|54
|c|âCentury Express|eita
|c|âJynx Nuggets|HA
|c|âCentury Express|opa
|c|âCentury Express|xeque-mate
|
|move|p1a: Shoot Star|Iron Head|p2a: Deably 3
|-damage|p2a: Deably 3|0 fnt
|faint|p2a: Deably 3
|
|c|âJynx Nuggets|QUE
|c|âJynx Nuggets|cara
|c|âJynx Nuggets|eu tento de tudo pra vencer o yesleandro
|c|âJynx Nuggets|mas nÃ£o rola
|
|switch|p2a: Bliz Great Zard|Avalugg, M, shiny|394\/394
|turn|55
|c|âJynx Nuggets|mas fui burro de perder a flora ali
|c|âJynx Nuggets|no inicio
|
|switch|p1a: Purple Haze|Crobat, M|343\/355
|move|p2a: Bliz Great Zard|Curse|p2a: Bliz Great Zard
|-boost|p2a: Bliz Great Zard|atk|1
|-boost|p2a: Bliz Great Zard|def|1
|-unboost|p2a: Bliz Great Zard|spe|1
|
|-heal|p1a: Purple Haze|355\/355|[from] item: Black Sludge
|turn|56
|
|move|p1a: Purple Haze|Taunt|p2a: Bliz Great Zard
|-start|p2a: Bliz Great Zard|move: Taunt
|cant|p2a: Bliz Great Zard|move: Taunt|Curse
|
|turn|57
|c|âCentury Express|vamo na fÃ©
|
|move|p1a: Purple Haze|Brave Bird|p2a: Bliz Great Zard
|-damage|p2a: Bliz Great Zard|349\/394
|-damage|p1a: Purple Haze|340\/355|[from] recoil|[of] p2a: Bliz Great Zard
|move|p2a: Bliz Great Zard|Avalanche|p1a: Purple Haze
|-supereffective|p1a: Purple Haze
|-damage|p1a: Purple Haze|0 fnt
|faint|p1a: Purple Haze
|
|-heal|p2a: Bliz Great Zard|373\/394|[from] item: Leftovers
|c|âCentury Express|calma
|c|âJynx Nuggets|2x0 gg
|c|âJynx Nuggets|AEHAU
|c|âCentury Express|eu tenho um plano
|c|âJynx Nuggets|ok
|c|âCentury Express|....
|
|switch|p1a: Shoot Star|Jirachi|140\/341
|turn|58
|
|move|p1a: Shoot Star|Healing Wish|p1a: Shoot Star
|faint|p1a: Shoot Star
|move|p2a: Bliz Great Zard|Avalanche|p1: Shoot Star|[notarget]
|-notarget
|
|-heal|p2a: Bliz Great Zard|394\/394|[from] item: Leftovers
|-end|p2a: Bliz Great Zard|move: Taunt
|c|âJynx Nuggets|eita nois
|
|switch|p1a: Aquatarkus|Suicune|22\/404 tox
|-heal|p1a: Aquatarkus|404\/404|[from] move: Healing Wish
|-ability|p1a: Aquatarkus|Pressure
|turn|59
|c|âJynx Nuggets|eu n acredito
|c|âJynx Nuggets|nisso
|c|âJynx Nuggets|VELIO
|c|âCentury Express|hehehe
|c|âJynx Nuggets|CES VIRAM ISSO NE
|c|âJynx Nuggets|O YES
|c|âJynx Nuggets|FAZ
|c|âJynx Nuggets|MACUMBA
|c|âJynx Nuggets|NAU Ã POSSIVU
|
|move|p1a: Aquatarkus|Substitute|p1a: Aquatarkus
|-start|p1a: Aquatarkus|Substitute
|-damage|p1a: Aquatarkus|303\/404
|move|p2a: Bliz Great Zard|Avalanche|p1a: Aquatarkus
|-resisted|p1a: Aquatarkus
|-activate|p1a: Aquatarkus|Substitute|[damage]
|
|-heal|p1a: Aquatarkus|328\/404|[from] item: Leftovers
|turn|60
|c|âJynx Nuggets|gg Oo
|c|âJynx Nuggets|gostei da luta
|c|âCentury Express|gg Renan, idem :]
|c|âJynx Nuggets|pera
|c|âJynx Nuggets|vou salvar
|c|âJynx Nuggets|como faz
|c|âCentury Express|ah
|c|âCentury Express|salvar Ã© depois da luta, k
|c|âJynx Nuggets|ah Ã©
|c|âJynx Nuggets|!exit
|c|âJynx Nuggets|!sair
|c|âJynx Nuggets|\sair
|c|âJynx Nuggets|\exit
|c|âJynx Nuggets|comofas
|c|âCentury Express|nope
|c|âCentury Express|Ã© tipo
|c|âCentury Express|sÃ³ jogar noral
|c|âCentury Express|normal*
|
|move|p1a: Aquatarkus|Calm Mind|p1a: Aquatarkus
|-boost|p1a: Aquatarkus|spa|1
|-boost|p1a: Aquatarkus|spd|1
|move|p2a: Bliz Great Zard|Curse|p2a: Bliz Great Zard
|-boost|p2a: Bliz Great Zard|atk|1
|-boost|p2a: Bliz Great Zard|def|1
|-unboost|p2a: Bliz Great Zard|spe|1
|
|-heal|p1a: Aquatarkus|353\/404|[from] item: Leftovers
|turn|61
|c|âCentury Express|depois que acabar a luta, o replay fica disponÃ­vel
|
|move|p1a: Aquatarkus|Scald|p2a: Bliz Great Zard
|-damage|p2a: Bliz Great Zard|178\/394
|move|p2a: Bliz Great Zard|Avalanche|p1a: Aquatarkus
|-resisted|p1a: Aquatarkus
|-end|p1a: Aquatarkus|Substitute
|
|-heal|p1a: Aquatarkus|378\/404|[from] item: Leftovers
|-heal|p2a: Bliz Great Zard|202\/394|[from] item: Leftovers
|turn|62
|
|move|p1a: Aquatarkus|Scald|p2a: Bliz Great Zard
|-damage|p2a: Bliz Great Zard|0 fnt
|faint|p2a: Bliz Great Zard
|
|win|Century Express
|c|âJynx Nuggets|kk