|J|Century Express
|J|Disenchanted
|player|p1|Century Express|145
|player|p2|Disenchanted|34
|gametype|singles
|gen|6
|tier|UU
|rule|Sleep Clause Mod: Limit one foe put to sleep
|rule|Species Clause: Limit one of each PokÃ©mon
|rule|OHKO Clause: OHKO moves are banned
|rule|Moody Clause: Moody is banned
|rule|Evasion Moves Clause: Evasion moves are banned
|rule|Endless Battle Clause: Forcing endless battles is banned
|rule|HP Percentage Mod: HP is shown in percentages
|clearpoke
|poke|p1|Abomasnow, M
|poke|p1|Suicune
|poke|p1|Umbreon, M
|poke|p1|Crobat, M
|poke|p1|Nidoqueen, F
|poke|p1|Jirachi
|poke|p2|Blissey, F
|poke|p2|Nidoqueen, F
|poke|p2|Spiritomb, M
|poke|p2|Granbull, F
|poke|p2|Crobat, M
|poke|p2|Suicune
|rule|Swagger Clause: Swagger is banned
|rule|Baton Pass Clause: Limit one PokÃ©mon knowing Baton Pass
|teampreview
|c|âDisenchanted|eieieiei
|c|âCentury Express|eu odeio esse time do Zancrow -_-
|c|âDisenchanted|esse time
|c|âDisenchanted|n eh do zancro
|c|âDisenchanted|eu peguei na smogon
|c|âDisenchanted|o_o
|c|âCentury Express|entÃ£o Ã© mÃ³ parecido, k
|c|âCentury Express|hf
|
|start
|switch|p1a: Czarina|Nidoqueen, F|346\/346
|switch|p2a: Spiritomb|Spiritomb, M|304\/304
|turn|1
|
|move|p1a: Czarina|Stealth Rock|p2a: Spiritomb
|-sidestart|p2: Disenchanted|move: Stealth Rock
|move|p2a: Spiritomb|Will-O-Wisp|p1a: Czarina
|-status|p1a: Czarina|brn
|
|-damage|p1a: Czarina|303\/346 brn|[from] brn
|turn|2
|
|switch|p2a: Blissey|Blissey, F|652\/652
|-damage|p2a: Blissey|571\/652|[from] Stealth Rock
|move|p1a: Czarina|Earth Power|p2a: Blissey
|-damage|p2a: Blissey|454\/652
|
|-heal|p2a: Blissey|494\/652|[from] item: Leftovers
|-damage|p1a: Czarina|260\/346 brn|[from] brn
|turn|3
|J|retorno
|
|switch|p1a: Purple Haze|Crobat, M|355\/355
|switch|p2a: Crobat|Crobat, M|373\/373
|-damage|p2a: Crobat|280\/373|[from] Stealth Rock
|
|-heal|p2a: Crobat|303\/373|[from] item: Black Sludge
|turn|4
|
|move|p1a: Purple Haze|Taunt|p2a: Crobat
|-start|p2a: Crobat|move: Taunt
|cant|p2a: Crobat|move: Taunt|Defog
|
|-heal|p2a: Crobat|326\/373|[from] item: Black Sludge
|turn|5
|c|âDisenchanted|ah viado
|c|âDisenchanted|;-;
|
|move|p1a: Purple Haze|Brave Bird|p2a: Crobat
|-damage|p2a: Crobat|167\/373
|-damage|p1a: Purple Haze|303\/355|[from] recoil|[of] p2a: Crobat
|move|p2a: Crobat|U-turn|p1a: Purple Haze
|-resisted|p1a: Purple Haze
|-damage|p1a: Purple Haze|287\/355
|
|switch|p2a: Suicune|Suicune|404\/404
|-damage|p2a: Suicune|354\/404|[from] Stealth Rock
|-ability|p2a: Suicune|Pressure
|
|-heal|p1a: Purple Haze|309\/355|[from] item: Black Sludge
|-heal|p2a: Suicune|379\/404|[from] item: Leftovers
|turn|6
|c|âDisenchanted|ei
|c|âDisenchanted|na brodagem
|c|âDisenchanted|q q no meu time
|c|âDisenchanted|entra em abomasnow?
|c|âCentury Express|se ele setupar, meio que nada mesmo
|
|switch|p1a: Umbreon|Umbreon, M|390\/390
|move|p2a: Suicune|Scald|p1a: Umbreon
|-damage|p1a: Umbreon|341\/390
|
|-heal|p2a: Suicune|404\/404|[from] item: Leftovers
|-heal|p1a: Umbreon|365\/390|[from] item: Leftovers
|turn|7
|
|move|p2a: Suicune|Scald|p1a: Umbreon
|-damage|p1a: Umbreon|314\/390
|move|p1a: Umbreon|Heal Bell|p1a: Umbreon
|-cureteam|p1a: Umbreon|[from] move: HealBell
|
|-heal|p1a: Umbreon|338\/390|[from] item: Leftovers
|turn|8
|
|switch|p2a: Nidoqueen|Nidoqueen, F|384\/384
|-damage|p2a: Nidoqueen|360\/384|[from] Stealth Rock
|move|p1a: Umbreon|Wish|p1a: Umbreon
|
|-heal|p2a: Nidoqueen|384\/384|[from] item: Black Sludge
|-heal|p1a: Umbreon|362\/390|[from] item: Leftovers
|turn|9
|J|Rydro
|
|move|p2a: Nidoqueen|Stealth Rock|p1a: Umbreon
|-sidestart|p1: Century Express|move: Stealth Rock
|move|p1a: Umbreon|Foul Play|p2a: Nidoqueen
|-damage|p2a: Nidoqueen|318\/384
|
|-heal|p1a: Umbreon|390\/390|[from] move: Wish|[wisher] Umbreon
|-heal|p2a: Nidoqueen|342\/384|[from] item: Black Sludge
|turn|10
|
|move|p2a: Nidoqueen|Flamethrower|p1a: Umbreon
|-crit|p1a: Umbreon
|-damage|p1a: Umbreon|321\/390
|move|p1a: Umbreon|Wish|p1a: Umbreon
|
|-heal|p2a: Nidoqueen|366\/384|[from] item: Black Sludge
|-heal|p1a: Umbreon|345\/390|[from] item: Leftovers
|turn|11
|
|switch|p1a: Aquatarkus|Suicune|404\/404
|-damage|p1a: Aquatarkus|354\/404|[from] Stealth Rock
|-ability|p1a: Aquatarkus|Pressure
|move|p2a: Nidoqueen|Flamethrower|p1a: Aquatarkus
|-resisted|p1a: Aquatarkus
|-damage|p1a: Aquatarkus|321\/404
|
|-heal|p1a: Aquatarkus|404\/404|[from] move: Wish|[wisher] Umbreon
|-heal|p2a: Nidoqueen|384\/384|[from] item: Black Sludge
|turn|12
|
|switch|p2a: Blissey|Blissey, F|494\/652
|-damage|p2a: Blissey|413\/652|[from] Stealth Rock
|move|p1a: Aquatarkus|Calm Mind|p1a: Aquatarkus
|-boost|p1a: Aquatarkus|spa|1
|-boost|p1a: Aquatarkus|spd|1
|
|-heal|p2a: Blissey|453\/652|[from] item: Leftovers
|turn|13
|
|move|p1a: Aquatarkus|Substitute|p1a: Aquatarkus
|-start|p1a: Aquatarkus|Substitute
|-damage|p1a: Aquatarkus|303\/404
|move|p2a: Blissey|Wish|p2a: Blissey
|
|-heal|p1a: Aquatarkus|328\/404|[from] item: Leftovers
|-heal|p2a: Blissey|493\/652|[from] item: Leftovers
|turn|14
|
|switch|p2a: Suicune|Suicune|404\/404
|-damage|p2a: Suicune|354\/404|[from] Stealth Rock
|-ability|p2a: Suicune|Pressure
|move|p1a: Aquatarkus|Calm Mind|p1a: Aquatarkus
|-boost|p1a: Aquatarkus|spa|1
|-boost|p1a: Aquatarkus|spd|1
|
|-heal|p2a: Suicune|404\/404|[from] move: Wish|[wisher] Blissey
|-heal|p1a: Aquatarkus|353\/404|[from] item: Leftovers
|turn|15
|J|GoaoTwo
|
|move|p1a: Aquatarkus|Roar|p2a: Suicune
|drag|p2a: Spiritomb|Spiritomb, M|304\/304
|-damage|p2a: Spiritomb|266\/304|[from] Stealth Rock
|
|-heal|p1a: Aquatarkus|378\/404|[from] item: Leftovers
|-heal|p2a: Spiritomb|285\/304|[from] item: Leftovers
|turn|16
|c|+GoaoTwo|nossa luz kem te deu esse time
|c|âDisenchanted|oh seu viado
|c|âDisenchanted|;-;
|
|switch|p2a: Suicune|Suicune|404\/404
|-damage|p2a: Suicune|354\/404|[from] Stealth Rock
|-ability|p2a: Suicune|Pressure
|move|p1a: Aquatarkus|Scald|p2a: Suicune
|-resisted|p2a: Suicune
|-damage|p2a: Suicune|280\/404
|-status|p2a: Suicune|brn
|
|-heal|p1a: Aquatarkus|403\/404|[from] item: Leftovers
|-heal|p2a: Suicune|305\/404 brn|[from] item: Leftovers
|-damage|p2a: Suicune|255\/404 brn|[from] brn
|turn|17
|c|+retorno|aposto
|c|+Rydro|kkk
|c|+retorno|que o yes coloc 283929821 speed
|c|+retorno|pq fico mad
|c|+retorno|na nossa battle
|c|+retorno|ne
|
|move|p1a: Aquatarkus|Roar|p2a: Suicune
|drag|p2a: Granbull|Granbull, F|384\/384
|-damage|p2a: Granbull|336\/384|[from] Stealth Rock
|-activate|p1a: Aquatarkus|Substitute|ability: Intimidate|[of] p2a: Granbull
|
|-heal|p1a: Aquatarkus|404\/404|[from] item: Leftovers
|-heal|p2a: Granbull|360\/384|[from] item: Leftovers
|turn|18
|c|âDisenchanted|nem perdi
|c|âCentury Express|eu creepei mais speed mesmo kkkkkkk
|c|âDisenchanted|ne
|
|move|p1a: Aquatarkus|Calm Mind|p1a: Aquatarkus
|-boost|p1a: Aquatarkus|spa|1
|-boost|p1a: Aquatarkus|spd|1
|move|p2a: Granbull|Play Rough|p1a: Aquatarkus
|-activate|p1a: Aquatarkus|Substitute|[damage]
|
|-heal|p2a: Granbull|384\/384|[from] item: Leftovers
|turn|19
|
|move|p1a: Aquatarkus|Calm Mind|p1a: Aquatarkus
|-boost|p1a: Aquatarkus|spa|1
|-boost|p1a: Aquatarkus|spd|1
|move|p2a: Granbull|Play Rough|p1a: Aquatarkus|[miss]
|-miss|p2a: Granbull|p1a: Aquatarkus
|
|turn|20
|c|+Rydro|N TIROU
|c|+Rydro|QUE FRACO
|
|move|p1a: Aquatarkus|Calm Mind|p1a: Aquatarkus
|-boost|p1a: Aquatarkus|spa|1
|-boost|p1a: Aquatarkus|spd|1
|move|p2a: Granbull|Play Rough|p1a: Aquatarkus
|-end|p1a: Aquatarkus|Substitute
|
|turn|21
|
|move|p1a: Aquatarkus|Substitute|p1a: Aquatarkus
|-start|p1a: Aquatarkus|Substitute
|-damage|p1a: Aquatarkus|303\/404
|move|p2a: Granbull|Heal Bell|p2a: Granbull
|-cureteam|p2a: Granbull|[from] move: HealBell
|
|-heal|p1a: Aquatarkus|328\/404|[from] item: Leftovers
|turn|22
|
|move|p1a: Aquatarkus|Calm Mind|p1a: Aquatarkus
|-boost|p1a: Aquatarkus|spa|1
|-boost|p1a: Aquatarkus|spd|1
|move|p2a: Granbull|Play Rough|p1a: Aquatarkus
|-activate|p1a: Aquatarkus|Substitute|[damage]
|
|-heal|p1a: Aquatarkus|353\/404|[from] item: Leftovers
|turn|23
|c|+GoaoTwo|bate logo
|c|+GoaoTwo|n tem mais como vc perde ;-;
|
|move|p1a: Aquatarkus|Calm Mind|p1a: Aquatarkus
|-fail|p1a: Aquatarkus
|move|p2a: Granbull|Play Rough|p1a: Aquatarkus
|-end|p1a: Aquatarkus|Substitute
|
|-heal|p1a: Aquatarkus|378\/404|[from] item: Leftovers
|turn|24
|c|+retorno|quer
|c|+retorno|pegar +10
|c|+retorno|ne
|
|move|p1a: Aquatarkus|Substitute|p1a: Aquatarkus
|-start|p1a: Aquatarkus|Substitute
|-damage|p1a: Aquatarkus|277\/404
|move|p2a: Granbull|Play Rough|p1a: Aquatarkus
|-activate|p1a: Aquatarkus|Substitute|[damage]
|
|-heal|p1a: Aquatarkus|302\/404|[from] item: Leftovers
|turn|25
|c|âCentury Express|misclick
|c|+GoaoTwo|a 
|c|âCentury Express|sry
|c|+GoaoTwo|o suicune do luz
|c|+GoaoTwo|tem roar ne?
|
|move|p1a: Aquatarkus|Scald|p2a: Granbull
|-damage|p2a: Granbull|0 fnt
|faint|p2a: Granbull
|
|-heal|p1a: Aquatarkus|327\/404|[from] item: Leftovers
|c|âDisenchanted|tem
|c|âDisenchanted|mas o dele
|c|âDisenchanted|eh mais rapido
|c|+GoaoTwo|sefudeo
|c|âDisenchanted|se eu fico com cune de last mon
|c|âCentury Express|o meu Ã© creepado em speed
|c|âDisenchanted|ele vence de aboma
|c|âDisenchanted|ja perdi
|
|switch|p2a: Crobat|Crobat, M|167\/373
|-damage|p2a: Crobat|74\/373|[from] Stealth Rock
|turn|26
|
|move|p2a: Crobat|Brave Bird|p1a: Aquatarkus
|-damage|p1a: Aquatarkus|239\/404
|-damage|p2a: Crobat|45\/373|[from] recoil|[of] p1a: Aquatarkus
|move|p1a: Aquatarkus|Scald|p2a: Crobat
|-damage|p2a: Crobat|0 fnt
|faint|p2a: Crobat
|
|-heal|p1a: Aquatarkus|264\/404|[from] item: Leftovers
|
|switch|p2a: Blissey|Blissey, F|493\/652
|-damage|p2a: Blissey|412\/652|[from] Stealth Rock
|turn|27
|
|move|p1a: Aquatarkus|Scald|p2a: Blissey
|-damage|p2a: Blissey|216\/652
|move|p2a: Blissey|Wish|p2a: Blissey
|
|-heal|p1a: Aquatarkus|289\/404|[from] item: Leftovers
|-heal|p2a: Blissey|256\/652|[from] item: Leftovers
|turn|28
|
|move|p2a: Blissey|Seismic Toss|p1a: Aquatarkus
|-end|p1a: Aquatarkus|Substitute
|move|p1a: Aquatarkus|Roar|p2a: Blissey
|drag|p2a: Nidoqueen|Nidoqueen, F|384\/384
|-damage|p2a: Nidoqueen|360\/384|[from] Stealth Rock
|
|-heal|p2a: Nidoqueen|384\/384|[from] move: Wish|[wisher] Blissey
|-heal|p1a: Aquatarkus|314\/404|[from] item: Leftovers
|turn|29
|
|move|p1a: Aquatarkus|Scald|p2a: Nidoqueen
|-supereffective|p2a: Nidoqueen
|-damage|p2a: Nidoqueen|0 fnt
|faint|p2a: Nidoqueen
|
|-heal|p1a: Aquatarkus|339\/404|[from] item: Leftovers
|
|switch|p2a: Blissey|Blissey, F|256\/652
|-damage|p2a: Blissey|175\/652|[from] Stealth Rock
|turn|30
|
|move|p1a: Aquatarkus|Scald|p2a: Blissey
|-damage|p2a: Blissey|0 fnt
|faint|p2a: Blissey
|
|-heal|p1a: Aquatarkus|364\/404|[from] item: Leftovers
|
|switch|p2a: Suicune|Suicune|255\/404
|-damage|p2a: Suicune|205\/404|[from] Stealth Rock
|-ability|p2a: Suicune|Pressure
|turn|31
|
|move|p2a: Suicune|Scald|p1a: Aquatarkus
|-resisted|p1a: Aquatarkus
|-damage|p1a: Aquatarkus|355\/404
|move|p1a: Aquatarkus|Roar|p2a: Suicune
|drag|p2a: Spiritomb|Spiritomb, M|285\/304
|-damage|p2a: Spiritomb|247\/304|[from] Stealth Rock
|
|-heal|p1a: Aquatarkus|380\/404|[from] item: Leftovers
|-heal|p2a: Spiritomb|266\/304|[from] item: Leftovers
|turn|32
|
|move|p1a: Aquatarkus|Scald|p2a: Spiritomb
|-damage|p2a: Spiritomb|0 fnt
|faint|p2a: Spiritomb
|
|-heal|p1a: Aquatarkus|404\/404|[from] item: Leftovers
|c|+GoaoTwo|eita
|
|switch|p2a: Suicune|Suicune|205\/404
|-damage|p2a: Suicune|155\/404|[from] Stealth Rock
|-ability|p2a: Suicune|Pressure
|turn|33
|c|+GoaoTwo|g_g
|c|âDisenchanted|ei
|J|ExGenesect
|c|âDisenchanted|da cm ai
|c|âDisenchanted|p eu mata
|c|+GoaoTwo|preserva o 6x0 leandro ;]
|c|âDisenchanted|a nidoqueen
|c| ExGenesect|Boa Tarde
|
|switch|p1a: Shoot Star|Jirachi|341\/341
|-damage|p1a: Shoot Star|320\/341|[from] Stealth Rock
|move|p2a: Suicune|Roar|p1a: Shoot Star
|drag|p1a: Umbreon|Umbreon, M|345\/390
|-damage|p1a: Umbreon|297\/390|[from] Stealth Rock
|
|-heal|p2a: Suicune|180\/404|[from] item: Leftovers
|-heal|p1a: Umbreon|321\/390|[from] item: Leftovers
|turn|34
|c|âCentury Express|naum c:
|
|switch|p1a: Shoot Star|Jirachi|320\/341
|-damage|p1a: Shoot Star|299\/341|[from] Stealth Rock
|move|p2a: Suicune|Scald|p1a: Shoot Star
|-damage|p1a: Shoot Star|214\/341
|
|-heal|p2a: Suicune|205\/404|[from] item: Leftovers
|turn|35
|
|move|p1a: Shoot Star|Trick|p2a: Suicune
|-activate|p1a: Shoot Star|move: Trick|[of] p2a: Suicune
|-item|p2a: Suicune|Choice Scarf|[from] move: Trick
|-item|p1a: Shoot Star|Leftovers|[from] move: Trick
|move|p2a: Suicune|Scald|p1a: Shoot Star
|-damage|p1a: Shoot Star|133\/341
|
|-heal|p1a: Shoot Star|154\/341|[from] item: Leftovers
|turn|36
|c|+GoaoTwo|entra de aboma logo :-;
|
|move|p1a: Shoot Star|U-turn|p2a: Suicune
|-damage|p2a: Suicune|160\/404
|
|switch|p1a: Freezezy Peak|Abomasnow, M|371\/371
|-damage|p1a: Freezezy Peak|279\/371|[from] Stealth Rock
|-weather|Hail
|move|p2a: Suicune|Scald|p1a: Freezezy Peak
|-resisted|p1a: Freezezy Peak
|-damage|p1a: Freezezy Peak|231\/371
|
|-weather|Hail|[upkeep]
|-damage|p2a: Suicune|135\/404|[from] hail
|turn|37
|c|âDisenchanted|deixava eu mata
|c|âDisenchanted|a nidoqueen
|c|âDisenchanted|:c
|
|detailschange|p1a: Freezezy Peak|Abomasnow-Mega, M
|-mega|p1a: Freezezy Peak|Abomasnow|Abomasite
|move|p2a: Suicune|Scald|p1a: Freezezy Peak
|-resisted|p1a: Freezezy Peak
|-damage|p1a: Freezezy Peak|186\/371
|move|p1a: Freezezy Peak|Seed Bomb|p2a: Suicune
|-supereffective|p2a: Suicune
|-damage|p2a: Suicune|0 fnt
|faint|p2a: Suicune
|
|win|Century Express
|L|Rydro