|J|HaxBro.K
|J|Century Express
|player|p1|HaxBro.K|1
|player|p2|Century Express|145
|gametype|singles
|gen|6
|tier|UU
|rule|Sleep Clause Mod: Limit one foe put to sleep
|rule|Species Clause: Limit one of each PokÃ©mon
|rule|OHKO Clause: OHKO moves are banned
|rule|Moody Clause: Moody is banned
|rule|Evasion Moves Clause: Evasion moves are banned
|rule|Endless Battle Clause: Forcing endless battles is banned
|rule|HP Percentage Mod: HP is shown in percentages
|clearpoke
|poke|p1|Sharpedo, M
|poke|p1|Serperior, M, shiny
|poke|p1|Cresselia, F
|poke|p1|Krookodile, M
|poke|p1|Nidoqueen, F, shiny
|poke|p1|Jirachi
|poke|p2|Forretress, M
|poke|p2|Cresselia, F
|poke|p2|Chandelure, M
|poke|p2|Roserade, F
|poke|p2|Alomomola, F
|poke|p2|Aggron, M
|rule|Swagger Clause: Swagger is banned
|rule|Baton Pass Clause: Limit one PokÃ©mon knowing Baton Pass
|teampreview
|c|âHaxBro.K|gl o\/
|c|âCentury Express|hf
|J|Sagati
|c|âHaxBro.K|kd o gl pra mim?
|c|âCentury Express|aÃ­ eu me ferro AUHDUAHDUAHD
|
|start
|switch|p1a: Nidoqueen|Nidoqueen, F, shiny|351\/351
|switch|p2a: La Moon|Cresselia, F|444\/444
|turn|1
|
|switch|p1a: Krookodile|Krookodile, M|394\/394
|-ability|p1a: Krookodile|Intimidate|[of] p2a: La Moon
|-unboost|p2a: La Moon|atk|1
|move|p2a: La Moon|Psyshock|p1a: Krookodile
|-immune|p1a: Krookodile|[msg]
|
|turn|2
|J|lighthouses
|J|silverghoooost
|c|+silverghoooost|e pelo tour
|c|+silverghoooost|do bos?
|c|âHaxBro.K|s
|c|+lighthouses|soul
|c|âCentury Express|sim
|c|+lighthouses|vamo jogar
|
|switch|p2a: Capt. Barrelman|Aggron, M|343\/343
|move|p1a: Krookodile|Earthquake|p2a: Capt. Barrelman
|-supereffective|p2a: Capt. Barrelman
|-damage|p2a: Capt. Barrelman|43\/343
|
|turn|3
|c|+silverghoooost|hm
|c|+silverghoooost|vamos
|c|+lighthouses|rip stall team
|c|+silverghoooost|._.
|c|+lighthouses|chama
|c|+lighthouses|ai
|
|switch|p2a: Lady Lake|Alomomola, F|534\/534
|move|p1a: Krookodile|Knock Off|p2a: Lady Lake
|-damage|p2a: Lady Lake|428\/534
|-damage|p1a: Krookodile|329\/394|[from] item: Rocky Helmet|[of] p2a: Lady Lake
|-enditem|p2a: Lady Lake|Rocky Helmet|[from] move: Knock Off|[of] p1a: Krookodile
|
|-heal|p1a: Krookodile|353\/394|[from] item: Leftovers
|turn|4
|
|move|p1a: Krookodile|Stealth Rock|p2a: Lady Lake
|-sidestart|p2: Century Express|move: Stealth Rock
|move|p2a: Lady Lake|Knock Off|p1a: Krookodile
|-resisted|p1a: Krookodile
|-damage|p1a: Krookodile|331\/394
|-enditem|p1a: Krookodile|Leftovers|[from] move: Knock Off|[of] p2a: Lady Lake
|
|turn|5
|
|switch|p1a: Serperior|Serperior, M, shiny|297\/297
|move|p2a: Lady Lake|Knock Off|p1a: Serperior
|-damage|p1a: Serperior|247\/297
|-enditem|p1a: Serperior|Leftovers|[from] move: Knock Off|[of] p2a: Lady Lake
|
|turn|6
|J|Irkalla.
|
|switch|p2a: Rose of May|Roserade, F|323\/323
|-damage|p2a: Rose of May|283\/323|[from] Stealth Rock
|move|p1a: Serperior|Taunt|p2a: Rose of May
|-start|p2a: Rose of May|move: Taunt
|
|-heal|p2a: Rose of May|303\/323|[from] item: Leftovers
|turn|7
|c|+silverghoooost|chamei
|c|+silverghoooost|.-.
|
|switch|p1a: Cresselia|Cresselia, F|443\/443
|switch|p2a: Gear-O|Forretress, M|351\/351
|-damage|p2a: Gear-O|308\/351|[from] Stealth Rock
|
|-heal|p2a: Gear-O|329\/351|[from] item: Leftovers
|turn|8
|c|+Irkalla.|Odeio quando vocÃª nÃ£o me chama.
|c|+Irkalla.|AFF.
|
|switch|p1a: Nidoqueen|Nidoqueen, F, shiny|351\/351
|move|p2a: Gear-O|Rapid Spin|p1a: Nidoqueen
|-damage|p1a: Nidoqueen|333\/351
|-sideend|p2: Century Express|Stealth Rock|[from] move: Rapid Spin|[of] p2a: Gear-O
|
|-heal|p2a: Gear-O|350\/351|[from] item: Leftovers
|turn|9
|
|switch|p2a: La Moon|Cresselia, F|444\/444
|move|p1a: Nidoqueen|Sludge Wave|p2a: La Moon
|-damage|p2a: La Moon|306\/444
|
|-heal|p2a: La Moon|333\/444|[from] item: Leftovers
|turn|10
|c|+Irkalla.|GL Yes.
|c|+Irkalla.|VSF Koga .i.
|
|switch|p1a: Jirachi|Jirachi|341\/341
|move|p2a: La Moon|Moonblast|p1a: Jirachi
|-crit|p1a: Jirachi
|-resisted|p1a: Jirachi
|-damage|p1a: Jirachi|299\/341
|
|-heal|p2a: La Moon|360\/444|[from] item: Leftovers
|turn|11
|c|âCentury Express|Opa, vle Vero :]
|c|âHaxBro.K|:\/
|c|âHaxBro.K|descuuulpa vero
|c|+Irkalla.|N
|c|+Irkalla.|Vou sair da NovaJapaum.
|
|switch|p2a: Gear-O|Forretress, M|350\/351
|move|p1a: Jirachi|U-turn|p2a: Gear-O
|-resisted|p2a: Gear-O
|-damage|p2a: Gear-O|325\/351
|c|+Irkalla.|Grupo ruim.
|c|+Irkalla.|.i.
|c|+Sagati|o.o
|
|switch|p1a: Serperior|Serperior, M, shiny|247\/297
|
|-heal|p2a: Gear-O|346\/351|[from] item: Leftovers
|turn|12
|
|switch|p2a: Rose of May|Roserade, F|303\/323
|move|p1a: Serperior|Knock Off|p2a: Rose of May
|-damage|p2a: Rose of May|210\/323
|-enditem|p2a: Rose of May|Leftovers|[from] move: Knock Off|[of] p1a: Serperior
|
|turn|13
|c|+Irkalla.|TÃ´ de zoa o-o
|c|+Irkalla.|Sagati - Falcon nÃ©?
|c|+Sagati|sim
|c|+Irkalla.|:*
|c|+Sagati|:*
|
|switch|p1a: Jirachi|Jirachi|299\/341
|move|p2a: Rose of May|Spikes|p1a: Jirachi
|-sidestart|p1: HaxBro.K|Spikes
|
|turn|14
|c|âCentury Express|o Falcon vai imitar o termo fofolÃ³ide da Vero ;]
|
|switch|p2a: Gear-O|Forretress, M|346\/351
|move|p1a: Jirachi|U-turn|p2a: Gear-O
|-resisted|p2a: Gear-O
|-damage|p2a: Gear-O|321\/351
|c|+Irkalla.|PokÃ©Clan com 17 pÃ¡ginas sÃ³ de inscriÃ§Ãµes e outros comentÃ¡rios, krl.
|
|switch|p1a: Nidoqueen|Nidoqueen, F, shiny|333\/351
|-damage|p1a: Nidoqueen|290\/351|[from] Spikes
|
|-heal|p2a: Gear-O|342\/351|[from] item: Leftovers
|turn|15
|c|+Irkalla.|Mas mas mas, Ã© meu fofolÃ³ide.
|c|+Irkalla.|SÃ³ eu digo fofolÃ³ide Ã².Ã³
|c|+Sagati|oi eu
|c|+Sagati|sÃ³ imito esse
|
|switch|p2a: La Moon|Cresselia, F|360\/444
|move|p1a: Nidoqueen|Earth Power|p2a: La Moon
|-immune|p2a: La Moon|[msg]
|
|-heal|p2a: La Moon|387\/444|[from] item: Leftovers
|turn|16
|c|+Sagati|pq Ã© descolado
|c|+Sagati|;)
|c|+Irkalla.|HEIOHEUHEUHUIE
|c|âCentury Express|poxa, mas o oi euâ¢ Ã© a minha marca registrada
|
|switch|p1a: Krookodile|Krookodile, M|331\/394
|-damage|p1a: Krookodile|282\/394|[from] Spikes
|-ability|p1a: Krookodile|Intimidate|[of] p2a: La Moon
|-unboost|p2a: La Moon|atk|1
|move|p2a: La Moon|Thunder Wave|p1a: Krookodile
|-immune|p1a: Krookodile|[msg]
|
|-heal|p2a: La Moon|414\/444|[from] item: Leftovers
|turn|17
|c|+Sagati|:v
|
|switch|p2a: Gear-O|Forretress, M|342\/351
|move|p1a: Krookodile|Stealth Rock|p2a: Gear-O
|-sidestart|p2: Century Express|move: Stealth Rock
|
|-heal|p2a: Gear-O|351\/351|[from] item: Leftovers
|turn|18
|
|move|p1a: Krookodile|Knock Off|p2a: Gear-O
|-damage|p2a: Gear-O|251\/351
|-enditem|p2a: Gear-O|Leftovers|[from] move: Knock Off|[of] p1a: Krookodile
|move|p2a: Gear-O|Rapid Spin|p1a: Krookodile
|-damage|p1a: Krookodile|269\/394
|-sideend|p2: Century Express|Stealth Rock|[from] move: Rapid Spin|[of] p2a: Gear-O
|
|turn|19
|c|+Irkalla.|AlguÃ©m me dÃ¡ um tÃ­tulo pra BW2 sem regra especial?
|c|+Sagati|:v> vc Diogo
|c|+Sagati|k
|
|switch|p2a: Lady Lake|Alomomola, F|534\/534
|move|p1a: Krookodile|Earthquake|p2a: Lady Lake
|-damage|p2a: Lady Lake|422\/534
|
|turn|20
|
|switch|p1a: Serperior|Serperior, M, shiny|247\/297
|-damage|p1a: Serperior|210\/297|[from] Spikes
|move|p2a: Lady Lake|Scald|p1a: Serperior
|-resisted|p1a: Serperior
|-damage|p1a: Serperior|186\/297
|-status|p1a: Serperior|brn
|
|-damage|p1a: Serperior|149\/297 brn|[from] brn
|turn|21
|
|move|p2a: Lady Lake|Protect|p2a: Lady Lake
|-singleturn|p2a: Lady Lake|Protect
|move|p1a: Serperior|Leaf Storm|p2a: Lady Lake
|-activate|p2a: Lady Lake|Protect
|
|-damage|p1a: Serperior|112\/297 brn|[from] brn
|turn|22
|
|switch|p2a: Rose of May|Roserade, F|210\/323
|move|p1a: Serperior|Glare|p2a: Rose of May
|-status|p2a: Rose of May|par
|
|-damage|p1a: Serperior|75\/297 brn|[from] brn
|turn|23
|
|move|p1a: Serperior|Taunt|p2a: Rose of May
|-start|p2a: Rose of May|move: Taunt
|cant|p2a: Rose of May|move: Taunt|Synthesis
|
|-damage|p1a: Serperior|38\/297 brn|[from] brn
|turn|24
|
|move|p1a: Serperior|Leaf Storm|p2a: Rose of May
|-resisted|p2a: Rose of May
|-damage|p2a: Rose of May|183\/323 par
|-boost|p1a: Serperior|spa|2
|move|p2a: Rose of May|Giga Drain|p1a: Serperior
|-resisted|p1a: Serperior
|-damage|p1a: Serperior|0 fnt
|-heal|p2a: Rose of May|202\/323 par|[from] drain|[of] p1a: Serperior
|faint|p1a: Serperior
|
|
|switch|p1a: Nidoqueen|Nidoqueen, F, shiny|290\/351
|-damage|p1a: Nidoqueen|247\/351|[from] Spikes
|turn|25
|
|switch|p2a: La Moon|Cresselia, F|414\/444
|move|p1a: Nidoqueen|Sludge Wave|p2a: La Moon
|-damage|p2a: La Moon|270\/444
|
|-heal|p2a: La Moon|297\/444|[from] item: Leftovers
|turn|26
|
|move|p1a: Nidoqueen|Sludge Wave|p2a: La Moon
|-damage|p2a: La Moon|155\/444
|move|p2a: La Moon|Moonlight|p2a: La Moon
|-heal|p2a: La Moon|377\/444
|
|-heal|p2a: La Moon|404\/444|[from] item: Leftovers
|turn|27
|
|switch|p1a: Jirachi|Jirachi|299\/341
|-damage|p1a: Jirachi|257\/341|[from] Spikes
|move|p2a: La Moon|Psyshock|p1a: Jirachi
|-resisted|p1a: Jirachi
|-damage|p1a: Jirachi|240\/341
|
|-heal|p2a: La Moon|431\/444|[from] item: Leftovers
|turn|28
|
|switch|p2a: Gear-O|Forretress, M|251\/351
|move|p1a: Jirachi|Trick|p2a: Gear-O
|-activate|p1a: Jirachi|move: Trick|[of] p2a: Gear-O
|-item|p2a: Gear-O|Choice Scarf|[from] move: Trick
|
|turn|29
|J|Moonshield
|
|move|p1a: Jirachi|Iron Head|p2a: Gear-O
|-crit|p2a: Gear-O
|-resisted|p2a: Gear-O
|-damage|p2a: Gear-O|183\/351
|cant|p2a: Gear-O|flinch
|
|turn|30
|c|+Moonshield|qual tour?
|
|switch|p2a: Lady Lake|Alomomola, F|534\/534
|move|p1a: Jirachi|Iron Head|p2a: Lady Lake
|-resisted|p2a: Lady Lake
|-damage|p2a: Lady Lake|483\/534
|
|turn|31
|c|âCentury Express|Jogos de VerÃ£o
|
|move|p1a: Jirachi|Zen Headbutt|p2a: Lady Lake
|-damage|p2a: Lady Lake|390\/534
|cant|p2a: Lady Lake|flinch
|
|turn|32
|
|move|p1a: Jirachi|Zen Headbutt|p2a: Lady Lake
|-damage|p2a: Lady Lake|287\/534
|move|p2a: Lady Lake|Wish|p2a: Lady Lake
|
|turn|33
|c|âCentury Express|ousado
|
|switch|p2a: Capt. Barrelman|Aggron, M|43\/343
|move|p1a: Jirachi|Iron Head|p2a: Capt. Barrelman
|-damage|p2a: Capt. Barrelman|0 fnt
|faint|p2a: Capt. Barrelman
|
|
|switch|p2a: La Moon|Cresselia, F|431\/444
|turn|34
|
|move|p1a: Jirachi|U-turn|p2a: La Moon
|-supereffective|p2a: La Moon
|-damage|p2a: La Moon|313\/444
|
|switch|p1a: Krookodile|Krookodile, M|269\/394
|-damage|p1a: Krookodile|220\/394|[from] Spikes
|-ability|p1a: Krookodile|Intimidate|[of] p2a: La Moon
|-unboost|p2a: La Moon|atk|1
|move|p2a: La Moon|Thunder Wave|p1a: Krookodile
|-immune|p1a: Krookodile|[msg]
|
|-heal|p2a: La Moon|340\/444|[from] item: Leftovers
|turn|35
|
|move|p1a: Krookodile|Stealth Rock|p2a: La Moon
|-sidestart|p2: Century Express|move: Stealth Rock
|move|p2a: La Moon|Moonblast|p1a: Krookodile
|-supereffective|p1a: Krookodile
|-damage|p1a: Krookodile|62\/394
|
|-heal|p2a: La Moon|367\/444|[from] item: Leftovers
|turn|36
|
|switch|p2a: Lady Lake|Alomomola, F|465\/534
|-damage|p2a: Lady Lake|399\/534|[from] Stealth Rock
|move|p1a: Krookodile|Earthquake|p2a: Lady Lake
|-damage|p2a: Lady Lake|288\/534
|
|turn|37
|
|move|p1a: Krookodile|Earthquake|p2a: Lady Lake
|-damage|p2a: Lady Lake|180\/534
|move|p2a: Lady Lake|Wish|p2a: Lady Lake
|
|turn|38
|
|move|p1a: Krookodile|Earthquake|p2a: Lady Lake
|-damage|p2a: Lady Lake|69\/534
|move|p2a: Lady Lake|Scald|p1a: Krookodile
|-crit|p1a: Krookodile
|-supereffective|p1a: Krookodile
|-damage|p1a: Krookodile|0 fnt
|faint|p1a: Krookodile
|
|-heal|p2a: Lady Lake|336\/534|[from] move: Wish|[wisher] Lady Lake
|
|switch|p1a: Nidoqueen|Nidoqueen, F, shiny|247\/351
|-damage|p1a: Nidoqueen|204\/351|[from] Spikes
|turn|39
|L|Sagati
|J|Sagati
|
|switch|p2a: La Moon|Cresselia, F|367\/444
|-damage|p2a: La Moon|312\/444|[from] Stealth Rock
|move|p1a: Nidoqueen|Sludge Wave|p2a: La Moon
|-damage|p2a: La Moon|179\/444
|
|-heal|p2a: La Moon|206\/444|[from] item: Leftovers
|turn|40
|
|switch|p1a: Jirachi|Jirachi|240\/341
|-damage|p1a: Jirachi|198\/341|[from] Spikes
|move|p2a: La Moon|Moonlight|p2a: La Moon
|-heal|p2a: La Moon|428\/444
|
|-heal|p2a: La Moon|444\/444|[from] item: Leftovers
|turn|41
|
|move|p1a: Jirachi|Iron Head|p2a: La Moon
|-damage|p2a: La Moon|347\/444
|cant|p2a: La Moon|flinch
|
|-heal|p2a: La Moon|374\/444|[from] item: Leftovers
|turn|42
|c|+Irkalla.|Mas pelos jogos de verÃ£o vocÃª nÃ£o tinha que jogar com o Return?
|
|switch|p2a: Lady Lake|Alomomola, F|514\/534
|-damage|p2a: Lady Lake|448\/534|[from] Stealth Rock
|move|p1a: Jirachi|Iron Head|p2a: Lady Lake
|-resisted|p2a: Lady Lake
|-damage|p2a: Lady Lake|399\/534
|
|turn|43
|c|âHaxBro.K|esse Ã© o jogos de verÃ£o do bos
|c|+silverghoooost|.
|c|âHaxBro.K|o return era summer games
|
|move|p1a: Jirachi|Zen Headbutt|p2a: Lady Lake
|-damage|p2a: Lady Lake|299\/534
|move|p2a: Lady Lake|Wish|p2a: Lady Lake
|
|turn|44
|c|+Irkalla.|AH.
|c|+Irkalla.|:x
|
|switch|p2a: Gear-O|Forretress, M|183\/351
|-damage|p2a: Gear-O|140\/351|[from] Stealth Rock
|move|p1a: Jirachi|U-turn|p2a: Gear-O
|-resisted|p2a: Gear-O
|-damage|p2a: Gear-O|114\/351
|
|switch|p1a: Nidoqueen|Nidoqueen, F, shiny|204\/351
|-damage|p1a: Nidoqueen|161\/351|[from] Spikes
|
|-heal|p2a: Gear-O|351\/351|[from] move: Wish|[wisher] Lady Lake
|turn|45
|J|GoaoTwo
|c|+GoaoTwo|porra lenadro como asssim meu chegado
|c|+GoaoTwo|vc joga sem avisar o pessoal
|c|+GoaoTwo|ta achando oque cara .x
|
|move|p1a: Nidoqueen|Sludge Wave|p2a: Gear-O
|-immune|p2a: Gear-O|[msg]
|move|p2a: Gear-O|Rapid Spin|p1a: Nidoqueen
|-damage|p1a: Nidoqueen|145\/351
|-sideend|p2: Century Express|Stealth Rock|[from] move: Rapid Spin|[of] p2a: Gear-O
|
|turn|46
|c|+GoaoTwo|tomara que perca tbem
|c|+GoaoTwo|yn
|
|switch|p2a: La Moon|Cresselia, F|374\/444
|move|p1a: Nidoqueen|Sludge Wave|p2a: La Moon
|-damage|p2a: La Moon|241\/444
|
|-heal|p2a: La Moon|268\/444|[from] item: Leftovers
|turn|47
|
|move|p1a: Nidoqueen|Sludge Wave|p2a: La Moon
|-damage|p2a: La Moon|142\/444
|move|p2a: La Moon|Moonlight|p2a: La Moon
|-heal|p2a: La Moon|364\/444
|
|-heal|p2a: La Moon|391\/444|[from] item: Leftovers
|turn|48
|
|switch|p1a: Cresselia|Cresselia, F|443\/443
|move|p2a: La Moon|Thunder Wave|p1a: Cresselia
|-status|p1a: Cresselia|par
|
|-heal|p2a: La Moon|418\/444|[from] item: Leftovers
|turn|49
|
|switch|p2a: Daydream Nation|Chandelure, M|261\/261
|move|p1a: Cresselia|Substitute|p1a: Cresselia
|-start|p1a: Cresselia|Substitute
|-damage|p1a: Cresselia|333\/443 par
|
|-heal|p1a: Cresselia|360\/443 par|[from] item: Leftovers
|turn|50
|
|move|p2a: Daydream Nation|Shadow Ball|p1a: Cresselia
|-supereffective|p1a: Cresselia
|-damage|p1a: Cresselia|10\/443 par
|cant|p1a: Cresselia|par
|
|-heal|p1a: Cresselia|37\/443 par|[from] item: Leftovers
|turn|51
|
|move|p2a: Daydream Nation|Shadow Ball|p1a: Cresselia
|-supereffective|p1a: Cresselia
|-damage|p1a: Cresselia|0 fnt
|faint|p1a: Cresselia
|
|
|switch|p1a: Sharpedo|Sharpedo, M|281\/281
|-damage|p1a: Sharpedo|246\/281|[from] Spikes
|turn|52
|L|Sagati
|J|Sagati
|J|paugigante
|c| paugigante|.
|c|+Sagati|Goao
|
|switch|p2a: Rose of May|Roserade, F|202\/323
|move|p1a: Sharpedo|Crunch|p2a: Rose of May
|-damage|p2a: Rose of May|0 fnt
|faint|p2a: Rose of May
|
|-boost|p1a: Sharpedo|spe|1|[from] ability: Speed Boost
|c|+Sagati|o Diogo quer jogar com o eletricidade
|c|+Irkalla.|:>
|
|switch|p2a: Gear-O|Forretress, M|351\/351
|turn|53
|c|+Sagati|tem como chamar ele?
|
|move|p1a: Sharpedo|Protect|p1a: Sharpedo
|-singleturn|p1a: Sharpedo|Protect
|move|p2a: Gear-O|Gyro Ball|p1a: Sharpedo
|-activate|p1a: Sharpedo|Protect
|
|-boost|p1a: Sharpedo|spe|1|[from] ability: Speed Boost
|turn|54
|
|switch|p1a: Jirachi|Jirachi|198\/341
|-damage|p1a: Jirachi|156\/341|[from] Spikes
|move|p2a: Gear-O|Gyro Ball|p1a: Jirachi
|-resisted|p1a: Jirachi
|-damage|p1a: Jirachi|120\/341
|
|turn|55
|c| paugigante|cuidado com o counter
|
|switch|p2a: Daydream Nation|Chandelure, M|261\/261
|move|p1a: Jirachi|U-turn|p2a: Daydream Nation
|-resisted|p2a: Daydream Nation
|-damage|p2a: Daydream Nation|243\/261
|
|switch|p1a: Sharpedo|Sharpedo, M|246\/281
|-damage|p1a: Sharpedo|211\/281|[from] Spikes
|
|turn|56
|
|switch|p2a: Lady Lake|Alomomola, F|477\/534
|detailschange|p1a: Sharpedo|Sharpedo-Mega, M
|-mega|p1a: Sharpedo|Sharpedo|Sharpedonite
|move|p1a: Sharpedo|Crunch|p2a: Lady Lake
|-damage|p2a: Lady Lake|288\/534
|-unboost|p2a: Lady Lake|def|1
|
|turn|57
|c|+GoaoTwo|ah, sagati
|c|+GoaoTwo|ele n ta on
|
|switch|p2a: Gear-O|Forretress, M|351\/351
|move|p1a: Sharpedo|Crunch|p2a: Gear-O
|-damage|p2a: Gear-O|173\/351
|
|turn|58
|c| paugigante|vc devia ter setupado mais um spikes
|c| paugigante|no jir
|c|âCentury Express|meu Forry
|c|âCentury Express|foi trickado
|c| paugigante|que trist
|c| paugigante|isso ai
|
|move|p1a: Sharpedo|Crunch|p2a: Gear-O
|-damage|p2a: Gear-O|1\/351
|move|p2a: Gear-O|Gyro Ball|p1a: Sharpedo
|-resisted|p1a: Sharpedo
|-damage|p1a: Sharpedo|162\/281
|
|turn|59
|c|+GoaoTwo|cala boca thiago
|c|+GoaoTwo|sÃ³ fala merda
|c| paugigante|rÃ¡pido sn
|
|move|p1a: Sharpedo|Crunch|p2a: Gear-O
|-damage|p2a: Gear-O|0 fnt
|faint|p2a: Gear-O
|
|c| paugigante|num te conheÃ§o
|c|+Irkalla.|o-
|c|+Irkalla.|o
|c| paugigante|kem eh vc?
|
|switch|p2a: Lady Lake|Alomomola, F|466\/534
|turn|60
|c|+Irkalla.|Thiago o Kenny, nÃ£o nÃ©?
|c|+Irkalla.|o-o
|c| paugigante|?_?
|
|move|p1a: Sharpedo|Crunch|p2a: Lady Lake
|-damage|p2a: Lady Lake|259\/534
|-unboost|p2a: Lady Lake|def|1
|move|p2a: Lady Lake|Scald|p1a: Sharpedo
|-resisted|p1a: Sharpedo
|-damage|p1a: Sharpedo|135\/281
|-status|p1a: Sharpedo|brn
|
|-damage|p1a: Sharpedo|100\/281 brn|[from] brn
|turn|61
|c|+Irkalla.|Esquece o-o
|
|move|p1a: Sharpedo|Crunch|p2a: Lady Lake
|-damage|p2a: Lady Lake|103\/534
|-unboost|p2a: Lady Lake|def|1
|move|p2a: Lady Lake|Wish|p2a: Lady Lake
|
|-damage|p1a: Sharpedo|65\/281 brn|[from] brn
|turn|62
|
|switch|p1a: Nidoqueen|Nidoqueen, F, shiny|145\/351
|-damage|p1a: Nidoqueen|102\/351|[from] Spikes
|move|p2a: Lady Lake|Protect|p2a: Lady Lake
|-fail|p2a: Lady Lake
|
|-heal|p2a: Lady Lake|370\/534|[from] move: Wish|[wisher] Lady Lake
|turn|63
|
|switch|p2a: La Moon|Cresselia, F|418\/444
|move|p1a: Nidoqueen|Sludge Wave|p2a: La Moon
|-damage|p2a: La Moon|280\/444
|
|-heal|p2a: La Moon|307\/444|[from] item: Leftovers
|turn|64
|
|switch|p1a: Jirachi|Jirachi|120\/341
|-damage|p1a: Jirachi|78\/341|[from] Spikes
|move|p2a: La Moon|Moonlight|p2a: La Moon
|-heal|p2a: La Moon|444\/444
|
|turn|65
|
|move|p1a: Jirachi|Iron Head|p2a: La Moon
|-damage|p2a: La Moon|348\/444
|move|p2a: La Moon|Thunder Wave|p1a: Jirachi
|-status|p1a: Jirachi|par
|
|-heal|p2a: La Moon|375\/444|[from] item: Leftovers
|turn|66
|
|switch|p2a: Daydream Nation|Chandelure, M|243\/261
|cant|p1a: Jirachi|par
|
|turn|67
|
|move|p2a: Daydream Nation|Flamethrower|p1a: Jirachi
|-supereffective|p1a: Jirachi
|-damage|p1a: Jirachi|0 fnt
|faint|p1a: Jirachi
|
|
|switch|p1a: Sharpedo|Sharpedo-Mega, M|65\/281 brn
|-damage|p1a: Sharpedo|30\/281 brn|[from] Spikes
|turn|68
|
|switch|p2a: Lady Lake|Alomomola, F|534\/534
|move|p1a: Sharpedo|Crunch|p2a: Lady Lake
|-damage|p2a: Lady Lake|437\/534
|
|-damage|p1a: Sharpedo|0 fnt|[from] brn
|faint|p1a: Sharpedo
|c|âHaxBro.K|Ã©, gg
|
|switch|p1a: Nidoqueen|Nidoqueen, F, shiny|102\/351
|-damage|p1a: Nidoqueen|59\/351|[from] Spikes
|turn|69
|c|âCentury Express|gg Koga
|
|move|p1a: Nidoqueen|Sludge Wave|p2a: Lady Lake
|-crit|p2a: Lady Lake
|-damage|p2a: Lady Lake|0 fnt
|faint|p2a: Lady Lake
|
|c|+Irkalla.|o-o
|
|switch|p2a: Daydream Nation|Chandelure, M|243\/261
|turn|70
|
|move|p2a: Daydream Nation|Energy Ball|p1a: Nidoqueen
|-damage|p1a: Nidoqueen|0 fnt
|faint|p1a: Nidoqueen
|
|win|Century Express
|L|paugigante