|J|Marcelo Rodrigues
|J|Century Express
|player|p1|Marcelo Rodrigues|1
|player|p2|Century Express|145
|gametype|singles
|gen|6
|tier|UU
|rule|Sleep Clause Mod: Limit one foe put to sleep
|rule|Species Clause: Limit one of each PokÃ©mon
|rule|OHKO Clause: OHKO moves are banned
|rule|Moody Clause: Moody is banned
|rule|Evasion Moves Clause: Evasion moves are banned
|rule|Endless Battle Clause: Forcing endless battles is banned
|rule|HP Percentage Mod: HP is shown in percentages
|clearpoke
|poke|p1|Vaporeon, M
|poke|p1|Machamp, F
|poke|p1|Gligar, F
|poke|p1|Florges, F
|poke|p1|Jirachi
|poke|p1|Ampharos, M
|poke|p2|Abomasnow, M
|poke|p2|Suicune
|poke|p2|Crobat, M
|poke|p2|Umbreon, M
|poke|p2|Nidoqueen, F
|poke|p2|Jirachi
|rule|Swagger Clause: Swagger is banned
|rule|Baton Pass Clause: Limit one PokÃ©mon knowing Baton Pass
|teampreview
|c|âMarcelo Rodrigues|gl
|c|âCentury Express|hf
|
|start
|switch|p1a: Gligar|Gligar, F|334\/334
|switch|p2a: Shoot Star|Jirachi|341\/341
|turn|1
|
|move|p2a: Shoot Star|U-turn|p1a: Gligar
|-resisted|p1a: Gligar
|-damage|p1a: Gligar|315\/334
|
|switch|p2a: Purple Haze|Crobat, M|373\/373
|move|p1a: Gligar|Stealth Rock|p2a: Purple Haze
|-sidestart|p2: Century Express|move: Stealth Rock
|
|turn|2
|
|move|p2a: Purple Haze|Defog|p1a: Gligar
|-unboost|p1a: Gligar|evasion|1
|-sideend|p2: Century Express|Stealth Rock|[from] move: Defog|[of] p2a: Purple Haze
|move|p1a: Gligar|U-turn|p2a: Purple Haze
|-resisted|p2a: Purple Haze
|-damage|p2a: Purple Haze|361\/373
|
|switch|p1a: Ampharos|Ampharos, M|384\/384
|
|-heal|p2a: Purple Haze|373\/373|[from] item: Black Sludge
|turn|3
|
|switch|p2a: Shadowplay|Umbreon, M|389\/389
|detailschange|p1a: Ampharos|Ampharos-Mega, M
|-mega|p1a: Ampharos|Ampharos|Ampharosite
|-ability|p1a: Ampharos|Mold Breaker
|move|p1a: Ampharos|Dragon Pulse|p2a: Shadowplay
|-damage|p2a: Shadowplay|275\/389
|
|-heal|p2a: Shadowplay|299\/389|[from] item: Leftovers
|turn|4
|
|move|p2a: Shadowplay|Wish|p2a: Shadowplay
|move|p1a: Ampharos|Volt Switch|p2a: Shadowplay
|-damage|p2a: Shadowplay|217\/389
|
|switch|p1a: Gligar|Gligar, F|315\/334
|
|-heal|p2a: Shadowplay|241\/389|[from] item: Leftovers
|turn|5
|
|switch|p2a: Czarina|Nidoqueen, F|346\/346
|move|p1a: Gligar|Stealth Rock|p2a: Czarina
|-sidestart|p2: Century Express|move: Stealth Rock
|
|turn|6
|
|switch|p1a: Vaporeon|Vaporeon, M|464\/464
|move|p2a: Czarina|Ice Beam|p1a: Vaporeon
|-resisted|p1a: Vaporeon
|-damage|p1a: Vaporeon|408\/464
|
|-heal|p1a: Vaporeon|437\/464|[from] item: Leftovers
|turn|7
|
|switch|p2a: Shadowplay|Umbreon, M|241\/389
|-damage|p2a: Shadowplay|193\/389|[from] Stealth Rock
|move|p1a: Vaporeon|Wish|p1a: Vaporeon
|
|-heal|p2a: Shadowplay|217\/389|[from] item: Leftovers
|-heal|p1a: Vaporeon|464\/464|[from] item: Leftovers
|turn|8
|
|move|p2a: Shadowplay|Wish|p2a: Shadowplay
|move|p1a: Vaporeon|Scald|p2a: Shadowplay
|-damage|p2a: Shadowplay|150\/389
|-status|p2a: Shadowplay|brn
|-status|p1a: Vaporeon|brn
|
|-heal|p2a: Shadowplay|174\/389 brn|[from] item: Leftovers
|-damage|p2a: Shadowplay|126\/389 brn|[from] brn
|-damage|p1a: Vaporeon|406\/464 brn|[from] brn
|turn|9
|
|move|p2a: Shadowplay|Heal Bell|p2a: Shadowplay
|-cureteam|p2a: Shadowplay|[from] move: HealBell
|move|p1a: Vaporeon|Baton Pass|p1a: Vaporeon
|
|switch|p1a: Machamp|Machamp, F|374\/374
|
|-heal|p2a: Shadowplay|320\/389|[from] move: Wish|[wisher] Shadowplay
|-heal|p2a: Shadowplay|344\/389|[from] item: Leftovers
|turn|10
|
|move|p2a: Shadowplay|Protect|p2a: Shadowplay
|-singleturn|p2a: Shadowplay|Protect
|move|p1a: Machamp|Dynamic Punch|p2a: Shadowplay
|-activate|p2a: Shadowplay|Protect
|
|-heal|p2a: Shadowplay|368\/389|[from] item: Leftovers
|turn|11
|
|switch|p2a: Aquatarkus|Suicune|404\/404
|-damage|p2a: Aquatarkus|354\/404|[from] Stealth Rock
|-ability|p2a: Aquatarkus|Pressure
|move|p1a: Machamp|Dynamic Punch|p2a: Aquatarkus
|-damage|p2a: Aquatarkus|230\/404
|-start|p2a: Aquatarkus|confusion
|
|-heal|p2a: Aquatarkus|255\/404|[from] item: Leftovers
|turn|12
|
|switch|p2a: Purple Haze|Crobat, M|373\/373
|-damage|p2a: Purple Haze|280\/373|[from] Stealth Rock
|move|p1a: Machamp|Knock Off|p2a: Purple Haze
|-damage|p2a: Purple Haze|151\/373
|-enditem|p2a: Purple Haze|Black Sludge|[from] move: Knock Off|[of] p1a: Machamp
|
|turn|13
|
|move|p2a: Purple Haze|Roost|p2a: Purple Haze
|-heal|p2a: Purple Haze|338\/373
|move|p1a: Machamp|Ice Punch|p2a: Purple Haze
|-damage|p2a: Purple Haze|235\/373
|
|turn|14
|J|Irkalla.
|
|switch|p1a: Jirachi|Jirachi|341\/341
|move|p2a: Purple Haze|Roost|p2a: Purple Haze
|-heal|p2a: Purple Haze|373\/373
|
|turn|15
|J|LeoDamin
|c|+Irkalla.|Go Yes <3
|c|âMarcelo Rodrigues|oi vero
|c|+Irkalla.|Oi
|c|âCentury Express|vlww Vero c:
|
|switch|p2a: Shoot Star|Jirachi|341\/341
|-damage|p2a: Shoot Star|320\/341|[from] Stealth Rock
|move|p1a: Jirachi|Zen Headbutt|p2a: Shoot Star
|-resisted|p2a: Shoot Star
|-damage|p2a: Shoot Star|292\/341
|
|turn|16
|c|+Irkalla.|<3
|
|switch|p1a: Gligar|Gligar, F|315\/334
|move|p2a: Shoot Star|U-turn|p1a: Gligar
|-resisted|p1a: Gligar
|-damage|p1a: Gligar|295\/334
|
|switch|p2a: Czarina|Nidoqueen, F|346\/346
|-damage|p2a: Czarina|325\/346|[from] Stealth Rock
|
|turn|17
|
|switch|p1a: Florges|Florges, F|360\/360
|move|p2a: Czarina|Stealth Rock|p1a: Florges
|-sidestart|p1: Marcelo Rodrigues|move: Stealth Rock
|
|turn|18
|
|move|p2a: Czarina|Sludge Wave|p1a: Florges
|-supereffective|p1a: Florges
|-damage|p1a: Florges|77\/360
|move|p1a: Florges|Moonblast|p2a: Czarina
|-resisted|p2a: Czarina
|-damage|p2a: Czarina|260\/346
|
|-heal|p1a: Florges|99\/360|[from] item: Leftovers
|turn|19
|c|âMarcelo Rodrigues|merda
|
|move|p2a: Czarina|Earth Power|p1a: Florges
|-damage|p1a: Florges|0 fnt
|faint|p1a: Florges
|
|
|switch|p1a: Vaporeon|Vaporeon, M|406\/464 brn
|-damage|p1a: Vaporeon|348\/464 brn|[from] Stealth Rock
|turn|20
|
|switch|p2a: Shadowplay|Umbreon, M|368\/389
|-damage|p2a: Shadowplay|320\/389|[from] Stealth Rock
|move|p1a: Vaporeon|Wish|p1a: Vaporeon
|
|-heal|p2a: Shadowplay|344\/389|[from] item: Leftovers
|-heal|p1a: Vaporeon|377\/464 brn|[from] item: Leftovers
|-damage|p1a: Vaporeon|319\/464 brn|[from] brn
|turn|21
|
|move|p2a: Shadowplay|Wish|p2a: Shadowplay
|move|p1a: Vaporeon|Baton Pass|p1a: Vaporeon
|
|switch|p1a: Gligar|Gligar, F|295\/334
|-damage|p1a: Gligar|254\/334|[from] Stealth Rock
|
|-heal|p1a: Gligar|334\/334|[from] move: Wish|[wisher] Vaporeon
|-heal|p2a: Shadowplay|368\/389|[from] item: Leftovers
|turn|22
|
|switch|p2a: Aquatarkus|Suicune|255\/404
|-damage|p2a: Aquatarkus|205\/404|[from] Stealth Rock
|-ability|p2a: Aquatarkus|Pressure
|move|p1a: Gligar|Defog|p2a: Aquatarkus
|-unboost|p2a: Aquatarkus|evasion|1
|-sideend|p2: Century Express|Stealth Rock|[from] move: Defog|[of] p2a: Aquatarkus
|-sideend|p1: Marcelo Rodrigues|Stealth Rock|[from] move: Defog|[of] p1a: Gligar
|
|-heal|p2a: Aquatarkus|399\/404|[from] move: Wish|[wisher] Shadowplay
|-heal|p2a: Aquatarkus|404\/404|[from] item: Leftovers
|turn|23
|
|switch|p2a: Purple Haze|Crobat, M|373\/373
|switch|p1a: Jirachi|Jirachi|341\/341
|
|turn|24
|
|switch|p2a: Shoot Star|Jirachi|292\/341
|move|p1a: Jirachi|Zen Headbutt|p2a: Shoot Star
|-resisted|p2a: Shoot Star
|-damage|p2a: Shoot Star|262\/341
|
|turn|25
|J|Lybrary
|
|switch|p1a: Ampharos|Ampharos-Mega, M|384\/384
|-ability|p1a: Ampharos|Mold Breaker
|move|p2a: Shoot Star|U-turn|p1a: Ampharos
|-damage|p1a: Ampharos|321\/384
|c| Lybrary|Marcelo ta sendo ghost nÃ©
|c| Lybrary|sn
|
|switch|p2a: Czarina|Nidoqueen, F|260\/346
|
|turn|26
|c|âMarcelo Rodrigues|s
|
|move|p2a: Czarina|Stealth Rock|p1a: Ampharos
|-sidestart|p1: Marcelo Rodrigues|move: Stealth Rock
|move|p1a: Ampharos|Dragon Pulse|p2a: Czarina
|-damage|p2a: Czarina|49\/346
|
|turn|27
|
|switch|p1a: Jirachi|Jirachi|341\/341
|-damage|p1a: Jirachi|320\/341|[from] Stealth Rock
|move|p2a: Czarina|Earth Power|p1a: Jirachi
|-supereffective|p1a: Jirachi
|-damage|p1a: Jirachi|0 fnt
|faint|p1a: Jirachi
|
|c| Lybrary|.ban
|
|switch|p1a: Machamp|Machamp, F|374\/374
|-damage|p1a: Machamp|351\/374|[from] Stealth Rock
|turn|28
|c| Lybrary|ah
|c| Lybrary|Ã© o Marcelo mesmo
|
|switch|p2a: Aquatarkus|Suicune|404\/404
|-ability|p2a: Aquatarkus|Pressure
|move|p1a: Machamp|Dynamic Punch|p2a: Aquatarkus
|-damage|p2a: Aquatarkus|272\/404
|-start|p2a: Aquatarkus|confusion
|
|-heal|p2a: Aquatarkus|297\/404|[from] item: Leftovers
|turn|29
|c| Lybrary|:v
|
|switch|p2a: Purple Haze|Crobat, M|373\/373
|move|p1a: Machamp|Knock Off|p2a: Purple Haze
|-crit|p2a: Purple Haze
|-damage|p2a: Purple Haze|229\/373
|
|turn|30
|
|switch|p1a: Ampharos|Ampharos-Mega, M|321\/384
|-damage|p1a: Ampharos|273\/384|[from] Stealth Rock
|-ability|p1a: Ampharos|Mold Breaker
|move|p2a: Purple Haze|Roost|p2a: Purple Haze
|-heal|p2a: Purple Haze|373\/373
|
|turn|31
|
|switch|p2a: Shadowplay|Umbreon, M|368\/389
|move|p1a: Ampharos|Dragon Pulse|p2a: Shadowplay
|-damage|p2a: Shadowplay|262\/389
|
|-heal|p2a: Shadowplay|286\/389|[from] item: Leftovers
|turn|32
|c| Lybrary|Ã© o bospl tour?
|c|âCentury Express|sim
|c|âMarcelo Rodrigues|s
|
|move|p2a: Shadowplay|Wish|p2a: Shadowplay
|move|p1a: Ampharos|Volt Switch|p2a: Shadowplay
|-damage|p2a: Shadowplay|192\/389
|
|switch|p1a: Gligar|Gligar, F|334\/334
|-damage|p1a: Gligar|293\/334|[from] Stealth Rock
|
|-heal|p2a: Shadowplay|216\/389|[from] item: Leftovers
|turn|33
|c| Lybrary|Marcelo vai ficar on atÃ© que horas?
|c|âMarcelo Rodrigues|fiz 2 merdas
|
|switch|p2a: Rhayader|Abomasnow, M|369\/369
|-weather|Hail
|move|p1a: Gligar|Defog|p2a: Rhayader
|-unboost|p2a: Rhayader|evasion|1
|-sideend|p1: Marcelo Rodrigues|Stealth Rock|[from] move: Defog|[of] p1a: Gligar
|
|-weather|Hail|[upkeep]
|-damage|p1a: Gligar|273\/334|[from] hail
|turn|34
|c| Lybrary|~~norma~~
|c|âMarcelo Rodrigues|ate mais 1 hora
|c| Lybrary|~~normal~~
|
|switch|p1a: Machamp|Machamp, F|351\/374
|move|p2a: Rhayader|Swords Dance|p2a: Rhayader
|-boost|p2a: Rhayader|atk|2
|
|-weather|Hail|[upkeep]
|-damage|p1a: Machamp|328\/374|[from] hail
|turn|35
|c| Lybrary|atÃ© as 16h?
|c|âMarcelo Rodrigues|s
|
|switch|p2a: Aquatarkus|Suicune|297\/404
|-ability|p2a: Aquatarkus|Pressure
|move|p1a: Machamp|Heavy Slam|p2a: Aquatarkus
|-resisted|p2a: Aquatarkus
|-damage|p2a: Aquatarkus|279\/404
|
|-weather|Hail|[upkeep]
|-damage|p2a: Aquatarkus|254\/404|[from] hail
|-damage|p1a: Machamp|305\/374|[from] hail
|-heal|p2a: Aquatarkus|279\/404|[from] item: Leftovers
|turn|36
|c| Lybrary|ok
|
|move|p2a: Aquatarkus|Calm Mind|p2a: Aquatarkus
|-boost|p2a: Aquatarkus|spa|1
|-boost|p2a: Aquatarkus|spd|1
|move|p1a: Machamp|Dynamic Punch|p2a: Aquatarkus
|-damage|p2a: Aquatarkus|149\/404
|-start|p2a: Aquatarkus|confusion
|
|-weather|Hail|[upkeep]
|-damage|p2a: Aquatarkus|124\/404|[from] hail
|-damage|p1a: Machamp|282\/374|[from] hail
|-heal|p2a: Aquatarkus|149\/404|[from] item: Leftovers
|turn|37
|c| Lybrary|Machamp used Heavy Slam
|c| Lybrary|ripou onde isso? o.o
|
|switch|p2a: Purple Haze|Crobat, M|373\/373
|switch|p1a: Ampharos|Ampharos-Mega, M|273\/384
|-ability|p1a: Ampharos|Mold Breaker
|
|-weather|none
|turn|38
|c|âCentury Express|ah
|c|âCentury Express|Heavy Slam Ã© bonzinho nele
|c| Lybrary|ele Ã© pesado nÃ©
|c|âCentury Express|pra pegar Aromatisse e Florges x_x
|J|Omega Gaara
|
|switch|p2a: Shadowplay|Umbreon, M|216\/389
|move|p1a: Ampharos|Volt Switch|p2a: Shadowplay
|-damage|p2a: Shadowplay|123\/389
|c|+Irkalla.|Que tour?
|c|+Irkalla.|Ou nÃ£o tour?
|c|+Irkalla.|o:
|
|switch|p1a: Machamp|Machamp, F|282\/374
|
|-heal|p2a: Shadowplay|147\/389|[from] item: Leftovers
|turn|39
|L|LeoDamin
|c|âCentury Express|Sim tour, Jogos de VerÃ£o
|c|âCentury Express|:v
|
|move|p2a: Shadowplay|Protect|p2a: Shadowplay
|-singleturn|p2a: Shadowplay|Protect
|move|p1a: Machamp|Knock Off|p2a: Shadowplay
|-activate|p2a: Shadowplay|Protect
|
|-heal|p2a: Shadowplay|171\/389|[from] item: Leftovers
|turn|40
|c|+Irkalla.|o:
|
|switch|p2a: Purple Haze|Crobat, M|373\/373
|move|p1a: Machamp|Knock Off|p2a: Purple Haze
|-damage|p2a: Purple Haze|283\/373
|
|turn|41
|
|move|p2a: Purple Haze|Brave Bird|p1a: Machamp
|-supereffective|p1a: Machamp
|-damage|p1a: Machamp|0 fnt
|-damage|p2a: Purple Haze|190\/373|[from] recoil|[of] p1a: Machamp
|faint|p1a: Machamp
|
|
|switch|p1a: Ampharos|Ampharos-Mega, M|273\/384
|-ability|p1a: Ampharos|Mold Breaker
|turn|42
|c|âMarcelo Rodrigues|ja perdi
|c|âMarcelo Rodrigues|quando dei flogers
|c| Lybrary|olha aqui meu jogador foi roubado na partida dele, como faÃ§o para repetir a battle: :v
|
|switch|p2a: Rhayader|Abomasnow, M|369\/369
|-weather|Hail
|move|p1a: Ampharos|Dragon Pulse|p2a: Rhayader
|-damage|p2a: Rhayader|170\/369
|
|-weather|Hail|[upkeep]
|-damage|p1a: Ampharos|249\/384|[from] hail
|turn|43
|
|detailschange|p2a: Rhayader|Abomasnow-Mega, M
|-mega|p2a: Rhayader|Abomasnow|Abomasite
|move|p2a: Rhayader|Earthquake|p1a: Ampharos
|-supereffective|p1a: Ampharos
|-damage|p1a: Ampharos|13\/384
|move|p1a: Ampharos|Dragon Pulse|p2a: Rhayader
|-damage|p2a: Rhayader|7\/369
|
|-weather|Hail|[upkeep]
|-damage|p1a: Ampharos|0 fnt|[from] hail
|faint|p1a: Ampharos
|
|switch|p1a: Vaporeon|Vaporeon, M|319\/464 brn
|turn|44
|
|switch|p2a: Shoot Star|Jirachi|262\/341
|move|p1a: Vaporeon|Scald|p2a: Shoot Star
|-damage|p2a: Shoot Star|156\/341
|-status|p2a: Shoot Star|brn
|
|-weather|Hail|[upkeep]
|-damage|p2a: Shoot Star|135\/341 brn|[from] hail
|-damage|p1a: Vaporeon|290\/464 brn|[from] hail
|-heal|p1a: Vaporeon|319\/464 brn|[from] item: Leftovers
|-damage|p2a: Shoot Star|93\/341 brn|[from] brn
|-damage|p1a: Vaporeon|261\/464 brn|[from] brn
|turn|45
|
|move|p2a: Shoot Star|Healing Wish|p2a: Shoot Star
|faint|p2a: Shoot Star
|move|p1a: Vaporeon|Wish|p1a: Vaporeon
|
|-weather|Hail|[upkeep]
|-damage|p1a: Vaporeon|232\/464 brn|[from] hail
|-heal|p1a: Vaporeon|261\/464 brn|[from] item: Leftovers
|-damage|p1a: Vaporeon|203\/464 brn|[from] brn
|
|switch|p2a: Rhayader|Abomasnow-Mega, M|7\/369
|-heal|p2a: Rhayader|369\/369|[from] move: Healing Wish
|turn|46
|
|move|p1a: Vaporeon|Scald|p2a: Rhayader
|-crit|p2a: Rhayader
|-resisted|p2a: Rhayader
|-damage|p2a: Rhayader|302\/369
|move|p2a: Rhayader|Swords Dance|p2a: Rhayader
|-boost|p2a: Rhayader|atk|2
|
|-weather|none
|-heal|p1a: Vaporeon|435\/464 brn|[from] move: Wish|[wisher] Vaporeon
|-heal|p1a: Vaporeon|464\/464 brn|[from] item: Leftovers
|-damage|p1a: Vaporeon|406\/464 brn|[from] brn
|turn|47
|c| Lybrary|martelo da floresta
|
|move|p1a: Vaporeon|Scald|p2a: Rhayader
|-resisted|p2a: Rhayader
|-damage|p2a: Rhayader|249\/369
|move|p2a: Rhayader|Seed Bomb|p1a: Vaporeon
|-supereffective|p1a: Vaporeon
|-damage|p1a: Vaporeon|0 fnt
|faint|p1a: Vaporeon
|
|
|switch|p1a: Gligar|Gligar, F|273\/334
|turn|48
|c|âCentury Express|gg Marcelo
|
|move|p2a: Rhayader|Ice Shard|p1a: Gligar
|-supereffective|p1a: Gligar
|-damage|p1a: Gligar|0 fnt
|faint|p1a: Gligar
|
|win|Century Express
|L|Marcelo Rodrigues
|player|p1