|J|Lasszao
|J|Century Express
|player|p1|Lasszao|127
|player|p2|Century Express|145
|gametype|singles
|gen|6
|tier|UU
|rule|Sleep Clause Mod: Limit one foe put to sleep
|rule|Species Clause: Limit one of each PokÃ©mon
|rule|OHKO Clause: OHKO moves are banned
|rule|Moody Clause: Moody is banned
|rule|Evasion Moves Clause: Evasion moves are banned
|rule|Endless Battle Clause: Forcing endless battles is banned
|rule|HP Percentage Mod: HP is shown in percentages
|clearpoke
|poke|p1|Granbull, M
|poke|p1|Lucario, F
|poke|p1|Chandelure, M
|poke|p1|Aerodactyl, F
|poke|p1|Gastrodon, M
|poke|p1|Blissey, F
|poke|p2|Pidgeot, M
|poke|p2|Starmie
|poke|p2|Krookodile, M
|poke|p2|Snorlax, M
|poke|p2|Jirachi
|poke|p2|Crobat, M
|rule|Swagger Clause: Swagger is banned
|rule|Baton Pass Clause: Limit one PokÃ©mon knowing Baton Pass
|teampreview
|J|Portgas D. Ace1
|J|ggggd
|
|start
|switch|p1a: Gastrodon|Gastrodon, M|417\/417
|switch|p2a: Jirachi|Jirachi|341\/341
|turn|1
|
|move|p2a: Jirachi|U-turn|p1a: Gastrodon
|-damage|p1a: Gastrodon|358\/417
|
|switch|p2a: Snorlax|Snorlax, M|513\/513
|move|p1a: Gastrodon|Scald|p2a: Snorlax
|-damage|p2a: Snorlax|452\/513
|
|-heal|p1a: Gastrodon|384\/417|[from] item: Leftovers
|-heal|p2a: Snorlax|484\/513|[from] item: Leftovers
|turn|2
|
|switch|p1a: Granbull|Granbull, M|384\/384
|-ability|p1a: Granbull|Intimidate|[of] p2a: Snorlax
|-unboost|p2a: Snorlax|atk|1
|move|p2a: Snorlax|Body Slam|p1a: Granbull
|-damage|p1a: Granbull|323\/384
|
|-heal|p1a: Granbull|347\/384|[from] item: Leftovers
|-heal|p2a: Snorlax|513\/513|[from] item: Leftovers
|turn|3
|J|Hoelze
|L|Portgas D. Ace1
|
|switch|p2a: Jirachi|Jirachi|341\/341
|move|p1a: Granbull|Play Rough|p2a: Jirachi|[miss]
|-miss|p1a: Granbull|p2a: Jirachi
|
|-heal|p1a: Granbull|371\/384|[from] item: Leftovers
|turn|4
|L|Hoelze
|
|switch|p1a: Gastrodon|Gastrodon, M|384\/417
|move|p2a: Jirachi|U-turn|p1a: Gastrodon
|-damage|p1a: Gastrodon|315\/417
|
|switch|p2a: Pidgeot|Pidgeot, M|307\/307
|
|-heal|p1a: Gastrodon|341\/417|[from] item: Leftovers
|turn|5
|J|Brazilian Army
|
|detailschange|p2a: Pidgeot|Pidgeot-Mega, M
|-mega|p2a: Pidgeot|Pidgeot|Pidgeotite
|move|p2a: Pidgeot|U-turn|p1a: Gastrodon
|-damage|p1a: Gastrodon|302\/417
|L|Brazilian Army
|
|switch|p2a: Starmie|Starmie|323\/323
|move|p1a: Gastrodon|Toxic|p2a: Starmie
|-status|p2a: Starmie|tox
|
|-heal|p1a: Gastrodon|328\/417|[from] item: Leftovers
|-damage|p2a: Starmie|303\/323 tox|[from] psn
|turn|6
|
|move|p2a: Starmie|Psyshock|p1a: Gastrodon
|-damage|p1a: Gastrodon|234\/417
|move|p1a: Gastrodon|Earth Power|p2a: Starmie
|-damage|p2a: Starmie|189\/323 tox
|-unboost|p2a: Starmie|spd|1
|
|-heal|p2a: Starmie|209\/323 tox|[from] item: Leftovers
|-heal|p1a: Gastrodon|260\/417|[from] item: Leftovers
|-damage|p2a: Starmie|169\/323 tox|[from] psn
|turn|7
|
|switch|p2a: Pidgeot|Pidgeot-Mega, M|307\/307
|move|p1a: Gastrodon|Scald|p2a: Pidgeot
|-damage|p2a: Pidgeot|208\/307
|
|-heal|p1a: Gastrodon|286\/417|[from] item: Leftovers
|turn|8
|
|switch|p1a: Blissey|Blissey, F|714\/714
|move|p2a: Pidgeot|Hurricane|p1a: Blissey
|-damage|p1a: Blissey|560\/714
|
|-heal|p1a: Blissey|604\/714|[from] item: Leftovers
|turn|9
|
|move|p2a: Pidgeot|U-turn|p1a: Blissey
|-damage|p1a: Blissey|523\/714
|
|switch|p2a: Krookodile|Krookodile, M|331\/331
|-ability|p2a: Krookodile|Intimidate|[of] p1a: Blissey
|-unboost|p1a: Blissey|atk|1
|move|p1a: Blissey|Stealth Rock|p2a: Krookodile
|-sidestart|p2: Century Express|move: Stealth Rock
|
|-heal|p1a: Blissey|567\/714|[from] item: Leftovers
|turn|10
|c|âLasszao|eu zo gueria um burnzinho
|
|switch|p1a: Granbull|Granbull, M|371\/384
|-ability|p1a: Granbull|Intimidate|[of] p2a: Krookodile
|-unboost|p2a: Krookodile|atk|1
|move|p2a: Krookodile|Stealth Rock|p1a: Granbull
|-sidestart|p1: Lasszao|move: Stealth Rock
|
|-heal|p1a: Granbull|384\/384|[from] item: Leftovers
|turn|11
|
|switch|p2a: Crobat|Crobat, M|373\/373
|-damage|p2a: Crobat|280\/373|[from] Stealth Rock
|move|p1a: Granbull|Earthquake|p2a: Crobat
|-immune|p2a: Crobat|[msg]
|
|turn|12
|
|switch|p1a: Gastrodon|Gastrodon, M|286\/417
|-damage|p1a: Gastrodon|260\/417|[from] Stealth Rock
|move|p2a: Crobat|U-turn|p1a: Gastrodon
|-damage|p1a: Gastrodon|212\/417
|
|switch|p2a: Starmie|Starmie|169\/323
|-damage|p2a: Starmie|129\/323|[from] Stealth Rock
|
|-heal|p2a: Starmie|149\/323|[from] item: Leftovers
|-heal|p1a: Gastrodon|238\/417|[from] item: Leftovers
|turn|13
|
|move|p2a: Starmie|Rapid Spin|p1a: Gastrodon
|-damage|p1a: Gastrodon|227\/417
|-sideend|p2: Century Express|Stealth Rock|[from] move: Rapid Spin|[of] p2a: Starmie
|move|p1a: Gastrodon|Earth Power|p2a: Starmie
|-damage|p2a: Starmie|37\/323
|
|-heal|p2a: Starmie|57\/323|[from] item: Leftovers
|-heal|p1a: Gastrodon|253\/417|[from] item: Leftovers
|turn|14
|
|move|p2a: Starmie|Recover|p2a: Starmie
|-heal|p2a: Starmie|219\/323
|move|p1a: Gastrodon|Earth Power|p2a: Starmie
|-damage|p2a: Starmie|96\/323
|-unboost|p2a: Starmie|spd|1
|
|-heal|p2a: Starmie|116\/323|[from] item: Leftovers
|-heal|p1a: Gastrodon|279\/417|[from] item: Leftovers
|turn|15
|
|switch|p2a: Crobat|Crobat, M|280\/373
|move|p1a: Gastrodon|Scald|p2a: Crobat
|-damage|p2a: Crobat|177\/373
|-status|p2a: Crobat|brn
|
|-heal|p1a: Gastrodon|305\/417|[from] item: Leftovers
|-damage|p2a: Crobat|131\/373 brn|[from] brn
|turn|16
|
|move|p2a: Crobat|U-turn|p1a: Gastrodon
|-damage|p1a: Gastrodon|281\/417
|
|switch|p2a: Snorlax|Snorlax, M|513\/513
|move|p1a: Gastrodon|Earth Power|p2a: Snorlax
|-damage|p2a: Snorlax|441\/513
|
|-heal|p1a: Gastrodon|307\/417|[from] item: Leftovers
|-heal|p2a: Snorlax|473\/513|[from] item: Leftovers
|turn|17
|
|switch|p1a: Granbull|Granbull, M|384\/384
|-damage|p1a: Granbull|336\/384|[from] Stealth Rock
|-ability|p1a: Granbull|Intimidate|[of] p2a: Snorlax
|-unboost|p2a: Snorlax|atk|1
|move|p2a: Snorlax|Body Slam|p1a: Granbull
|-damage|p1a: Granbull|272\/384
|
|-heal|p1a: Granbull|296\/384|[from] item: Leftovers
|-heal|p2a: Snorlax|505\/513|[from] item: Leftovers
|turn|18
|
|move|p1a: Granbull|Play Rough|p2a: Snorlax
|-damage|p2a: Snorlax|357\/513
|move|p2a: Snorlax|Curse|p2a: Snorlax
|-boost|p2a: Snorlax|atk|1
|-boost|p2a: Snorlax|def|1
|-unboost|p2a: Snorlax|spe|1
|
|-heal|p1a: Granbull|320\/384|[from] item: Leftovers
|-heal|p2a: Snorlax|389\/513|[from] item: Leftovers
|turn|19
|
|switch|p1a: Lucario|Lucario, F|281\/281
|-damage|p1a: Lucario|273\/281|[from] Stealth Rock
|move|p2a: Snorlax|Body Slam|p1a: Lucario
|-resisted|p1a: Lucario
|-damage|p1a: Lucario|199\/281
|
|-heal|p2a: Snorlax|421\/513|[from] item: Leftovers
|turn|20
|
|switch|p2a: Crobat|Crobat, M|131\/373 brn
|move|p1a: Lucario|Swords Dance|p1a: Lucario
|-boost|p1a: Lucario|atk|2
|
|-damage|p2a: Crobat|85\/373 brn|[from] brn
|turn|21
|c|âLasszao|me diz q o rachi nÃ£o Ã© scarfer
|c|âLasszao|pfvr
|
|move|p1a: Lucario|Extreme Speed|p2a: Crobat
|-damage|p2a: Crobat|0 fnt
|-damage|p1a: Lucario|171\/281|[from] item: Life Orb
|faint|p2a: Crobat
|
|c|âCentury Express|Ã© Scarfer =[
|
|switch|p2a: Krookodile|Krookodile, M|331\/331
|-ability|p2a: Krookodile|Intimidate|[of] p1a: Lucario
|-unboost|p1a: Lucario|atk|1
|turn|22
|c|âCentury Express|mas tbh
|c|âLasszao|VocÃª brincou com os meus sentimentos.
|
|move|p2a: Krookodile|Earthquake|p1a: Lucario
|-supereffective|p1a: Lucario
|-damage|p1a: Lucario|0 fnt
|faint|p1a: Lucario
|
|c|âLasszao|lulz
|
|switch|p1a: Aerodactyl|Aerodactyl, F|302\/302
|-damage|p1a: Aerodactyl|227\/302|[from] Stealth Rock
|turn|23
|
|switch|p2a: Jirachi|Jirachi|341\/341
|detailschange|p1a: Aerodactyl|Aerodactyl-Mega, F
|-mega|p1a: Aerodactyl|Aerodactyl|Aerodactylite
|move|p1a: Aerodactyl|Earthquake|p2a: Jirachi
|-crit|p2a: Jirachi
|-supereffective|p2a: Jirachi
|-damage|p2a: Jirachi|0 fnt
|faint|p2a: Jirachi
|
|c|âLasszao|srry
|c|âCentury Express|deus
|c|âCentury Express|oks
|
|switch|p2a: Krookodile|Krookodile, M|331\/331
|-ability|p2a: Krookodile|Intimidate|[of] p1a: Aerodactyl
|-unboost|p1a: Aerodactyl|atk|1
|turn|24
|
|switch|p1a: Gastrodon|Gastrodon, M|307\/417
|-damage|p1a: Gastrodon|281\/417|[from] Stealth Rock
|move|p2a: Krookodile|Knock Off|p1a: Gastrodon
|-damage|p1a: Gastrodon|137\/417
|-enditem|p1a: Gastrodon|Leftovers|[from] move: Knock Off|[of] p2a: Krookodile
|
|turn|25
|
|move|p2a: Krookodile|Earthquake|p1a: Gastrodon
|-damage|p1a: Gastrodon|0 fnt
|faint|p1a: Gastrodon
|
|
|switch|p1a: Granbull|Granbull, M|320\/384
|-damage|p1a: Granbull|272\/384|[from] Stealth Rock
|-ability|p1a: Granbull|Intimidate|[of] p2a: Krookodile
|-unboost|p2a: Krookodile|atk|1
|turn|26
|
|switch|p2a: Pidgeot|Pidgeot-Mega, M|208\/307
|move|p1a: Granbull|Play Rough|p2a: Pidgeot
|-damage|p2a: Pidgeot|51\/307
|
|-heal|p1a: Granbull|296\/384|[from] item: Leftovers
|turn|27
|
|move|p2a: Pidgeot|Hurricane|p1a: Granbull
|-damage|p1a: Granbull|7\/384
|-start|p1a: Granbull|confusion
|-activate|p1a: Granbull|confusion
|-damage|p1a: Granbull|0 fnt|[from] confusion
|faint|p1a: Granbull
|
|
|switch|p1a: Aerodactyl|Aerodactyl-Mega, F|227\/302
|-damage|p1a: Aerodactyl|152\/302|[from] Stealth Rock
|turn|28
|J|Neurocharm
|
|switch|p2a: Starmie|Starmie|116\/323
|move|p1a: Aerodactyl|Aerial Ace|p2a: Starmie
|-damage|p2a: Starmie|0 fnt
|faint|p2a: Starmie
|
|
|switch|p2a: Krookodile|Krookodile, M|331\/331
|-ability|p2a: Krookodile|Intimidate|[of] p1a: Aerodactyl
|-unboost|p1a: Aerodactyl|atk|1
|turn|29
|c|âLasszao|meh
|c|âLasszao|joguei a partida fora
|c|âLasszao|.-.
|
|switch|p1a: Blissey|Blissey, F|567\/714
|-damage|p1a: Blissey|478\/714|[from] Stealth Rock
|move|p2a: Krookodile|Knock Off|p1a: Blissey
|-damage|p1a: Blissey|177\/714
|-enditem|p1a: Blissey|Leftovers|[from] move: Knock Off|[of] p2a: Krookodile
|
|turn|30
|
|move|p2a: Krookodile|Earthquake|p1a: Blissey
|-damage|p1a: Blissey|0 fnt
|faint|p1a: Blissey
|
|
|switch|p1a: Chandelure|Chandelure, M|261\/261
|-damage|p1a: Chandelure|196\/261|[from] Stealth Rock
|turn|31
|
|move|p1a: Chandelure|Energy Ball|p2a: Krookodile
|-supereffective|p2a: Krookodile
|-damage|p2a: Krookodile|37\/331
|move|p2a: Krookodile|Knock Off|p1a: Chandelure
|-supereffective|p1a: Chandelure
|-damage|p1a: Chandelure|0 fnt
|-enditem|p1a: Chandelure|Choice Scarf|[from] move: Knock Off|[of] p2a: Krookodile
|faint|p1a: Chandelure
|
|
|switch|p1a: Aerodactyl|Aerodactyl-Mega, F|152\/302
|-damage|p1a: Aerodactyl|77\/302|[from] Stealth Rock
|turn|32
|J|retorno
|
|switch|p2a: Pidgeot|Pidgeot-Mega, M|51\/307
|move|p1a: Aerodactyl|Aerial Ace|p2a: Pidgeot
|-damage|p2a: Pidgeot|0 fnt
|faint|p2a: Pidgeot
|
|
|switch|p2a: Krookodile|Krookodile, M|37\/331
|-ability|p2a: Krookodile|Intimidate|[of] p1a: Aerodactyl
|-unboost|p1a: Aerodactyl|atk|1
|turn|33
|c|âCentury Express|gg Lass x_x
|
|move|p1a: Aerodactyl|Aerial Ace|p2a: Krookodile
|-damage|p2a: Krookodile|0 fnt
|-damage|p1a: Aerodactyl|27\/302|[from] item: Rocky Helmet|[of] p2a: Krookodile
|faint|p2a: Krookodile
|
|c|âLasszao|gg
|c|+retorno|CRIT
|c|+retorno|STONE EDGE
|
|switch|p2a: Snorlax|Snorlax, M|421\/513
|turn|34
|
|move|p1a: Aerodactyl|Stone Edge|p2a: Snorlax
|-damage|p2a: Snorlax|268\/513
|move|p2a: Snorlax|Body Slam|p1a: Aerodactyl
|-resisted|p1a: Aerodactyl
|-damage|p1a: Aerodactyl|0 fnt
|faint|p1a: Aerodactyl
|
|win|Century Express
|c|+retorno|lixo
|c|âCentury Express|saidaqui
|c|+retorno|lass
|c|âCentury Express|Return
|c|âLasszao|oi
|L|retorno