|J|Century Express
|J|VictorBass
|player|p1|Century Express|145
|player|p2|VictorBass|53
|gametype|singles
|gen|6
|tier|UU
|rule|Sleep Clause Mod: Limit one foe put to sleep
|rule|Species Clause: Limit one of each PokÃ©mon
|rule|OHKO Clause: OHKO moves are banned
|rule|Moody Clause: Moody is banned
|rule|Evasion Moves Clause: Evasion moves are banned
|rule|Endless Battle Clause: Forcing endless battles is banned
|rule|HP Percentage Mod: HP is shown in percentages
|clearpoke
|poke|p1|Abomasnow, M
|poke|p1|Suicune
|poke|p1|Umbreon, M
|poke|p1|Crobat, M
|poke|p1|Nidoqueen, F
|poke|p1|Jirachi
|poke|p2|Diancie
|poke|p2|Porygon2
|poke|p2|Pangoro, M
|poke|p2|Camerupt, M
|poke|p2|Exploud, M
|poke|p2|Reuniclus, M
|rule|Swagger Clause: Swagger is banned
|rule|Baton Pass Clause: Limit one PokÃ©mon knowing Baton Pass
|teampreview
|J|Disenchanted
|c|+Disenchanted|oh yes
|c|+Disenchanted|isso n se faz
|c|+Disenchanted|com os amigo
|c|+Disenchanted|cara
|
|start
|switch|p1a: Czarina|Nidoqueen, F|346\/346
|switch|p2a: Diancie|Diancie|304\/304
|turn|1
|c|+Disenchanted|:c
|c|âCentury Express|srry :[
|
|move|p1a: Czarina|Earth Power|p2a: Diancie
|-supereffective|p2a: Diancie
|-damage|p2a: Diancie|28\/304
|move|p2a: Diancie|Trick Room|p2a: Diancie
|-fieldstart|move: Trick Room|[of] p2a: Diancie
|
|turn|2
|J|GoaoTwo
|
|move|p2a: Diancie|Explosion|p1a: Czarina
|-damage|p1a: Czarina|141\/346
|faint|p2a: Diancie
|move|p1a: Czarina|Stealth Rock|p2: Diancie
|-sidestart|p2: VictorBass|move: Stealth Rock
|
|J|ExGenesect
|
|switch|p2a: Exploud|Exploud, M|411\/411
|-damage|p2a: Exploud|360\/411|[from] Stealth Rock
|turn|3
|
|switch|p1a: Shoot Star|Jirachi|341\/341
|move|p2a: Exploud|Boomburst|p1a: Shoot Star
|-resisted|p1a: Shoot Star
|-damage|p1a: Shoot Star|182\/341
|
|turn|4
|c|+Disenchanted|qnt boom burst
|
|move|p2a: Exploud|Boomburst|p1a: Shoot Star
|-resisted|p1a: Shoot Star
|-damage|p1a: Shoot Star|9\/341
|move|p1a: Shoot Star|U-turn|p2a: Exploud
|-damage|p2a: Exploud|265\/411
|c|+Disenchanted|tira de umbreon?
|J|Rydro
|
|switch|p1a: Umbreon|Umbreon, M|390\/390
|
|turn|5
|c|âVictorBass|uns 45%
|
|move|p1a: Umbreon|Protect|p1a: Umbreon
|-singleturn|p1a: Umbreon|Protect
|move|p2a: Exploud|Boomburst|p1a: Umbreon
|-activate|p1a: Umbreon|Protect
|
|-fieldend|move: Trick Room
|turn|6
|
|move|p1a: Umbreon|Wish|p1a: Umbreon
|move|p2a: Exploud|Boomburst|p1a: Umbreon
|-damage|p1a: Umbreon|204\/390
|
|-heal|p1a: Umbreon|228\/390|[from] item: Leftovers
|turn|7
|
|move|p1a: Umbreon|Foul Play|p2a: Exploud
|-damage|p2a: Exploud|123\/411
|move|p2a: Exploud|Boomburst|p1a: Umbreon
|-damage|p1a: Umbreon|21\/390
|
|-heal|p1a: Umbreon|216\/390|[from] move: Wish|[wisher] Umbreon
|-heal|p1a: Umbreon|240\/390|[from] item: Leftovers
|turn|8
|
|switch|p2a: Porygon2|Porygon2|374\/374
|-damage|p2a: Porygon2|328\/374|[from] Stealth Rock
|-ability|p2a: Porygon2|Synchronize|[from] ability: Trace|[of] p1a: Umbreon
|move|p1a: Umbreon|Foul Play|p2a: Porygon2
|-damage|p2a: Porygon2|273\/374
|
|-heal|p1a: Umbreon|264\/390|[from] item: Leftovers
|turn|9
|
|move|p1a: Umbreon|Wish|p1a: Umbreon
|move|p2a: Porygon2|Trick Room|p2a: Porygon2
|-fieldstart|move: Trick Room|[of] p2a: Porygon2
|
|-heal|p1a: Umbreon|288\/390|[from] item: Leftovers
|turn|10
|
|switch|p1a: Aquatarkus|Suicune|404\/404
|-ability|p1a: Aquatarkus|Pressure
|move|p2a: Porygon2|Ice Beam|p1a: Aquatarkus
|-resisted|p1a: Aquatarkus
|-damage|p1a: Aquatarkus|373\/404
|
|-heal|p1a: Aquatarkus|404\/404|[from] move: Wish|[wisher] Umbreon
|turn|11
|
|switch|p2a: Pangoro|Pangoro, M|393\/393
|-damage|p2a: Pangoro|369\/393|[from] Stealth Rock
|move|p1a: Aquatarkus|Calm Mind|p1a: Aquatarkus
|-boost|p1a: Aquatarkus|spa|1
|-boost|p1a: Aquatarkus|spd|1
|
|turn|12
|
|switch|p1a: Czarina|Nidoqueen, F|141\/346
|move|p2a: Pangoro|Knock Off|p1a: Czarina
|-damage|p1a: Czarina|0 fnt
|-enditem|p1a: Czarina|Life Orb|[from] move: Knock Off|[of] p2a: Pangoro
|-damage|p2a: Pangoro|330\/393|[from] item: Life Orb
|faint|p1a: Czarina
|
|
|switch|p1a: Umbreon|Umbreon, M|288\/390
|turn|13
|
|move|p1a: Umbreon|Protect|p1a: Umbreon
|-singleturn|p1a: Umbreon|Protect
|move|p2a: Pangoro|Drain Punch|p1a: Umbreon
|-activate|p1a: Umbreon|Protect
|
|-heal|p1a: Umbreon|312\/390|[from] item: Leftovers
|-fieldend|move: Trick Room
|turn|14
|
|switch|p1a: Purple Haze|Crobat, M|355\/355
|move|p2a: Pangoro|Knock Off|p1a: Purple Haze
|-crit|p1a: Purple Haze
|-damage|p1a: Purple Haze|0 fnt
|-enditem|p1a: Purple Haze|Black Sludge|[from] move: Knock Off|[of] p2a: Pangoro
|-damage|p2a: Pangoro|291\/393|[from] item: Life Orb
|faint|p1a: Purple Haze
|
|c|âVictorBass|ops
|c|âVictorBass|sorry
|
|switch|p1a: Shoot Star|Jirachi|9\/341
|turn|15
|
|switch|p2a: Exploud|Exploud, M|123\/411
|-damage|p2a: Exploud|72\/411|[from] Stealth Rock
|move|p1a: Shoot Star|Iron Head|p2a: Exploud
|-damage|p2a: Exploud|0 fnt
|faint|p2a: Exploud
|
|
|switch|p2a: Camerupt|Camerupt, M|343\/343
|-damage|p2a: Camerupt|301\/343|[from] Stealth Rock
|turn|16
|
|switch|p1a: Umbreon|Umbreon, M|312\/390
|detailschange|p2a: Camerupt|Camerupt-Mega, M
|-mega|p2a: Camerupt|Camerupt|Cameruptite
|move|p2a: Camerupt|Earth Power|p1a: Umbreon
|-damage|p1a: Umbreon|159\/390
|
|-heal|p1a: Umbreon|183\/390|[from] item: Leftovers
|turn|17
|
|move|p1a: Umbreon|Protect|p1a: Umbreon
|-singleturn|p1a: Umbreon|Protect
|move|p2a: Camerupt|Stealth Rock|p1a: Umbreon
|-sidestart|p1: Century Express|move: Stealth Rock
|
|-heal|p1a: Umbreon|207\/390|[from] item: Leftovers
|turn|18
|
|switch|p2a: Porygon2|Porygon2|273\/374
|-damage|p2a: Porygon2|227\/374|[from] Stealth Rock
|-ability|p2a: Porygon2|Synchronize|[from] ability: Trace|[of] p1a: Umbreon
|move|p1a: Umbreon|Wish|p1a: Umbreon
|
|-heal|p1a: Umbreon|231\/390|[from] item: Leftovers
|turn|19
|
|switch|p1a: Freezezy Peak|Abomasnow, M|371\/371
|-damage|p1a: Freezezy Peak|279\/371|[from] Stealth Rock
|-weather|Hail
|move|p2a: Porygon2|Tri Attack|p1a: Freezezy Peak
|-damage|p1a: Freezezy Peak|165\/371
|-status|p1a: Freezezy Peak|par
|
|-weather|Hail|[upkeep]
|-damage|p2a: Porygon2|204\/374|[from] hail
|-heal|p1a: Freezezy Peak|360\/371 par|[from] move: Wish|[wisher] Umbreon
|turn|20
|c|âVictorBass|ufa
|
|move|p1a: Freezezy Peak|Swords Dance|p1a: Freezezy Peak
|-boost|p1a: Freezezy Peak|atk|2
|move|p2a: Porygon2|Trick Room|p2a: Porygon2
|-fieldstart|move: Trick Room|[of] p2a: Porygon2
|
|-weather|Hail|[upkeep]
|-damage|p2a: Porygon2|181\/374|[from] hail
|turn|21
|
|detailschange|p1a: Freezezy Peak|Abomasnow-Mega, M
|-mega|p1a: Freezezy Peak|Abomasnow|Abomasite
|move|p1a: Freezezy Peak|Ice Shard|p2a: Porygon2
|-damage|p2a: Porygon2|75\/374
|move|p2a: Porygon2|Tri Attack|p1a: Freezezy Peak
|-damage|p1a: Freezezy Peak|270\/371 par
|
|-weather|Hail|[upkeep]
|-damage|p2a: Porygon2|52\/374|[from] hail
|turn|22
|
|move|p1a: Freezezy Peak|Ice Shard|p2a: Porygon2
|-damage|p2a: Porygon2|0 fnt
|faint|p2a: Porygon2
|
|-weather|Hail|[upkeep]
|
|switch|p2a: Camerupt|Camerupt-Mega, M|301\/343
|-damage|p2a: Camerupt|259\/343|[from] Stealth Rock
|turn|23
|
|cant|p1a: Freezezy Peak|par
|move|p2a: Camerupt|Flamethrower|p1a: Freezezy Peak
|-supereffective|p1a: Freezezy Peak
|-damage|p1a: Freezezy Peak|0 fnt
|faint|p1a: Freezezy Peak
|
|-weather|none
|
|switch|p1a: Umbreon|Umbreon, M|231\/390
|-damage|p1a: Umbreon|183\/390|[from] Stealth Rock
|turn|24
|
|switch|p2a: Reuniclus|Reuniclus, M|423\/423
|move|p1a: Umbreon|Protect|p1a: Umbreon
|-fail|p1a: Umbreon
|
|-heal|p1a: Umbreon|207\/390|[from] item: Leftovers
|-fieldend|move: Trick Room
|turn|25
|
|move|p1a: Umbreon|Wish|p1a: Umbreon
|move|p2a: Reuniclus|Trick Room|p2a: Reuniclus
|-fieldstart|move: Trick Room|[of] p2a: Reuniclus
|
|-heal|p1a: Umbreon|231\/390|[from] item: Leftovers
|turn|26
|
|switch|p1a: Aquatarkus|Suicune|404\/404
|-damage|p1a: Aquatarkus|354\/404|[from] Stealth Rock
|-ability|p1a: Aquatarkus|Pressure
|move|p2a: Reuniclus|Psyshock|p1a: Aquatarkus
|-damage|p1a: Aquatarkus|224\/404
|
|-heal|p1a: Aquatarkus|404\/404|[from] move: Wish|[wisher] Umbreon
|turn|27
|
|switch|p2a: Pangoro|Pangoro, M|291\/393
|-damage|p2a: Pangoro|267\/393|[from] Stealth Rock
|move|p1a: Aquatarkus|Calm Mind|p1a: Aquatarkus
|-boost|p1a: Aquatarkus|spa|1
|-boost|p1a: Aquatarkus|spd|1
|
|turn|28
|
|move|p2a: Pangoro|Knock Off|p1a: Aquatarkus
|-damage|p1a: Aquatarkus|260\/404
|-enditem|p1a: Aquatarkus|Leftovers|[from] move: Knock Off|[of] p2a: Pangoro
|-damage|p2a: Pangoro|228\/393|[from] item: Life Orb
|move|p1a: Aquatarkus|Roar|p2a: Pangoro
|drag|p2a: Camerupt|Camerupt-Mega, M|259\/343
|-damage|p2a: Camerupt|217\/343|[from] Stealth Rock
|
|turn|29
|
|move|p2a: Camerupt|Earth Power|p1a: Aquatarkus
|-damage|p1a: Aquatarkus|106\/404
|move|p1a: Aquatarkus|Scald|p2a: Camerupt
|-supereffective|p2a: Camerupt
|-damage|p2a: Camerupt|0 fnt
|faint|p2a: Camerupt
|
|-fieldend|move: Trick Room
|
|switch|p2a: Pangoro|Pangoro, M|228\/393
|-damage|p2a: Pangoro|204\/393|[from] Stealth Rock
|turn|30
|
|move|p1a: Aquatarkus|Scald|p2a: Pangoro
|-damage|p2a: Pangoro|32\/393
|move|p2a: Pangoro|Drain Punch|p1a: Aquatarkus
|-damage|p1a: Aquatarkus|0 fnt
|-heal|p2a: Pangoro|85\/393|[from] drain|[of] p1a: Aquatarkus
|-damage|p2a: Pangoro|46\/393|[from] item: Life Orb
|faint|p1a: Aquatarkus
|
|
|switch|p1a: Umbreon|Umbreon, M|231\/390
|-damage|p1a: Umbreon|183\/390|[from] Stealth Rock
|turn|31
|
|move|p1a: Umbreon|Foul Play|p2a: Pangoro
|-resisted|p2a: Pangoro
|-damage|p2a: Pangoro|0 fnt
|faint|p2a: Pangoro
|
|-heal|p1a: Umbreon|207\/390|[from] item: Leftovers
|
|switch|p2a: Reuniclus|Reuniclus, M|423\/423
|turn|32
|
|move|p1a: Umbreon|Protect|p1a: Umbreon
|-singleturn|p1a: Umbreon|Protect
|move|p2a: Reuniclus|Trick Room|p2a: Reuniclus
|-fieldstart|move: Trick Room|[of] p2a: Reuniclus
|
|-heal|p1a: Umbreon|231\/390|[from] item: Leftovers
|turn|33
|
|move|p2a: Reuniclus|Hidden Power|p1a: Umbreon
|-supereffective|p1a: Umbreon
|-damage|p1a: Umbreon|119\/390
|move|p1a: Umbreon|Wish|p1a: Umbreon
|
|-heal|p1a: Umbreon|143\/390|[from] item: Leftovers
|turn|34
|
|move|p2a: Reuniclus|Shadow Ball|p1a: Umbreon
|-crit|p1a: Umbreon
|-resisted|p1a: Umbreon
|-damage|p1a: Umbreon|88\/390
|move|p1a: Umbreon|Foul Play|p2a: Reuniclus
|-supereffective|p2a: Reuniclus
|-damage|p2a: Reuniclus|223\/423
|
|-heal|p1a: Umbreon|283\/390|[from] move: Wish|[wisher] Umbreon
|-heal|p1a: Umbreon|307\/390|[from] item: Leftovers
|turn|35
|c|âVictorBass|gg
|c|âCentury Express|gg mano
|c|âVictorBass|se fosse focus
|c|âVictorBass|matava
|c|âCentury Express|psÃ©
|
|move|p2a: Reuniclus|Shadow Ball|p1a: Umbreon
|-resisted|p1a: Umbreon
|-damage|p1a: Umbreon|265\/390
|move|p1a: Umbreon|Foul Play|p2a: Reuniclus
|-supereffective|p2a: Reuniclus
|-damage|p2a: Reuniclus|19\/423
|
|-heal|p1a: Umbreon|289\/390|[from] item: Leftovers
|turn|36
|
|move|p2a: Reuniclus|Hidden Power|p1a: Umbreon
|-supereffective|p1a: Umbreon
|-damage|p1a: Umbreon|164\/390
|move|p1a: Umbreon|Foul Play|p2a: Reuniclus
|-supereffective|p2a: Reuniclus
|-damage|p2a: Reuniclus|0 fnt
|faint|p2a: Reuniclus
|
|win|Century Express