|J|Century Express
|J|Hakurei Altar
|player|p1|Century Express|145
|player|p2|Hakurei Altar|1
|gametype|singles
|gen|6
|tier|UU
|rule|Sleep Clause Mod: Limit one foe put to sleep
|rule|Species Clause: Limit one of each PokÃ©mon
|rule|OHKO Clause: OHKO moves are banned
|rule|Moody Clause: Moody is banned
|rule|Evasion Moves Clause: Evasion moves are banned
|rule|Endless Battle Clause: Forcing endless battles is banned
|rule|HP Percentage Mod: HP is shown in percentages
|clearpoke
|poke|p1|Abomasnow, M
|poke|p1|Suicune
|poke|p1|Umbreon, M
|poke|p1|Crobat, M
|poke|p1|Nidoqueen, F
|poke|p1|Jirachi
|poke|p2|Entei, shiny
|poke|p2|Slowking, F
|poke|p2|Beedrill, M
|poke|p2|Donphan, F
|poke|p2|Hydreigon, F
|poke|p2|Jirachi, shiny
|rule|Swagger Clause: Swagger is banned
|rule|Baton Pass Clause: Limit one PokÃ©mon knowing Baton Pass
|teampreview
|c|âHakurei Altar|g
|c|âHakurei Altar|l
|c|âCentury Express|hf
|J|molgeraa
|c|+molgeraa|Ã© Â´pro negocio
|c|+molgeraa|do forgotten?
|c|âCentury Express|sim
|
|start
|switch|p1a: Shoot Star|Jirachi|341\/341
|switch|p2a: Donphan|Donphan, F|384\/384
|turn|1
|
|move|p1a: Shoot Star|U-turn|p2a: Donphan
|-damage|p2a: Donphan|336\/384
|
|switch|p1a: Purple Haze|Crobat, M|355\/355
|move|p2a: Donphan|Stealth Rock|p1a: Purple Haze
|-sidestart|p1: Century Express|move: Stealth Rock
|
|-heal|p2a: Donphan|360\/384|[from] item: Leftovers
|turn|2
|
|move|p2a: Donphan|Ice Shard|p1a: Purple Haze
|-supereffective|p1a: Purple Haze
|-damage|p1a: Purple Haze|259\/355
|move|p1a: Purple Haze|Defog|p2a: Donphan
|-unboost|p2a: Donphan|evasion|1
|-sideend|p1: Century Express|Stealth Rock|[from] move: Defog|[of] p1a: Purple Haze
|
|-heal|p1a: Purple Haze|281\/355|[from] item: Black Sludge
|-heal|p2a: Donphan|384\/384|[from] item: Leftovers
|turn|3
|c|+molgeraa|nao sei pra quem torcer
|
|move|p1a: Purple Haze|Taunt|p2a: Donphan
|-start|p2a: Donphan|move: Taunt
|cant|p2a: Donphan|move: Taunt|Stealth Rock
|
|-heal|p1a: Purple Haze|303\/355|[from] item: Black Sludge
|turn|4
|
|switch|p1a: Aquatarkus|Suicune|404\/404
|-ability|p1a: Aquatarkus|Pressure
|move|p2a: Donphan|Earthquake|p1a: Aquatarkus
|-damage|p1a: Aquatarkus|302\/404
|
|-heal|p1a: Aquatarkus|327\/404|[from] item: Leftovers
|turn|5
|J|1latiosOP
|
|switch|p2a: Jirachi|Jirachi, shiny|341\/341
|move|p1a: Aquatarkus|Scald|p2a: Jirachi
|-damage|p2a: Jirachi|248\/341
|
|-heal|p2a: Jirachi|269\/341|[from] item: Leftovers
|-heal|p1a: Aquatarkus|352\/404|[from] item: Leftovers
|turn|6
|c| 1latiosOP|eu torÃ§o pro century \o\/
|
|switch|p1a: Shoot Star|Jirachi|341\/341
|move|p2a: Jirachi|Calm Mind|p2a: Jirachi
|-boost|p2a: Jirachi|spa|1
|-boost|p2a: Jirachi|spd|1
|
|-heal|p2a: Jirachi|290\/341|[from] item: Leftovers
|turn|7
|c|+molgeraa|eitta 
|
|move|p1a: Shoot Star|U-turn|p2a: Jirachi
|-damage|p2a: Jirachi|225\/341
|
|switch|p1a: Shadowplay|Umbreon, M|390\/390
|move|p2a: Jirachi|Psyshock|p1a: Shadowplay
|-immune|p1a: Shadowplay|[msg]
|
|-heal|p2a: Jirachi|246\/341|[from] item: Leftovers
|turn|8
|
|move|p2a: Jirachi|Moonblast|p1a: Shadowplay
|-crit|p1a: Shadowplay
|-supereffective|p1a: Shadowplay
|-damage|p1a: Shadowplay|140\/390
|move|p1a: Shadowplay|Foul Play|p2a: Jirachi
|-supereffective|p2a: Jirachi
|-damage|p2a: Jirachi|52\/341
|
|-heal|p2a: Jirachi|73\/341|[from] item: Leftovers
|-heal|p1a: Shadowplay|164\/390|[from] item: Leftovers
|turn|9
|
|move|p1a: Shadowplay|Protect|p1a: Shadowplay
|-singleturn|p1a: Shadowplay|Protect
|move|p2a: Jirachi|Moonblast|p1a: Shadowplay
|-activate|p1a: Shadowplay|Protect
|
|-heal|p2a: Jirachi|94\/341|[from] item: Leftovers
|-heal|p1a: Shadowplay|188\/390|[from] item: Leftovers
|turn|10
|
|move|p2a: Jirachi|Energy Ball|p1a: Shadowplay
|-damage|p1a: Shadowplay|114\/390
|-unboost|p1a: Shadowplay|spd|1
|move|p1a: Shadowplay|Wish|p1a: Shadowplay
|
|-heal|p2a: Jirachi|115\/341|[from] item: Leftovers
|-heal|p1a: Shadowplay|138\/390|[from] item: Leftovers
|turn|11
|c|+molgeraa|leandro como Ã© esse forgotten?
|c|âCentury Express|Ã© tipo o mesmo formato que a Smogon Frontier
|
|move|p1a: Shadowplay|Protect|p1a: Shadowplay
|-singleturn|p1a: Shadowplay|Protect
|move|p2a: Jirachi|Calm Mind|p2a: Jirachi
|-boost|p2a: Jirachi|spa|1
|-boost|p2a: Jirachi|spd|1
|
|-heal|p1a: Shadowplay|333\/390|[from] move: Wish|[wisher] Shadowplay
|-heal|p2a: Jirachi|136\/341|[from] item: Leftovers
|-heal|p1a: Shadowplay|357\/390|[from] item: Leftovers
|turn|12
|
|switch|p1a: Shoot Star|Jirachi|341\/341
|move|p2a: Jirachi|Moonblast|p1a: Shoot Star
|-resisted|p1a: Shoot Star
|-damage|p1a: Shoot Star|242\/341
|
|-heal|p2a: Jirachi|157\/341|[from] item: Leftovers
|turn|13
|c|+molgeraa|tem LC nesse?
|c|âCentury Express|nope
|
|switch|p2a: Entei|Entei, shiny|372\/372
|-ability|p2a: Entei|Pressure
|move|p1a: Shoot Star|U-turn|p2a: Entei
|-resisted|p2a: Entei
|-damage|p2a: Entei|331\/372
|c| 1latiosOP|:(
|c|âCentury Express|Ã© sÃ³ Uber \/ UU \/ RU \/ NU
|c|+molgeraa|quem Ã© o lider de RU?
|c| 1latiosOP|nem pra ter OU
|c| 1latiosOP|-q
|
|switch|p1a: Czarina|Nidoqueen, F|346\/346
|
|turn|14
|
|switch|p2a: Slowking|Slowking, F|394\/394
|move|p1a: Czarina|Earth Power|p2a: Slowking
|-damage|p2a: Slowking|276\/394
|
|turn|15
|c|âCentury Express|Gama, Diogo e o Soul
|
|switch|p1a: Freezezy Peak|Abomasnow, M|371\/371
|-weather|Hail
|move|p2a: Slowking|Scald|p1a: Freezezy Peak
|-resisted|p1a: Freezezy Peak
|-damage|p1a: Freezezy Peak|298\/371
|
|-weather|Hail|[upkeep]
|-damage|p2a: Slowking|252\/394|[from] hail
|turn|16
|
|detailschange|p1a: Freezezy Peak|Abomasnow-Mega, M
|-mega|p1a: Freezezy Peak|Abomasnow|Abomasite
|move|p1a: Freezezy Peak|Earthquake|p2a: Slowking
|-damage|p2a: Slowking|100\/394
|move|p2a: Slowking|Fire Blast|p1a: Freezezy Peak
|-supereffective|p1a: Freezezy Peak
|-damage|p1a: Freezezy Peak|0 fnt
|faint|p1a: Freezezy Peak
|
|-weather|Hail|[upkeep]
|-damage|p2a: Slowking|76\/394|[from] hail
|c|+molgeraa|nenhum dos 3 tÃ¡  on
|c|+molgeraa|:\/
|
|switch|p1a: Czarina|Nidoqueen, F|346\/346
|turn|17
|c|+molgeraa|ah nao pera
|
|switch|p2a: Donphan|Donphan, F|384\/384
|move|p1a: Czarina|Stealth Rock|p2a: Donphan
|-sidestart|p2: Hakurei Altar|move: Stealth Rock
|
|-weather|Hail|[upkeep]
|-damage|p1a: Czarina|325\/346|[from] hail
|-damage|p2a: Donphan|360\/384|[from] hail
|-heal|p2a: Donphan|384\/384|[from] item: Leftovers
|turn|18
|L|1latiosOP
|
|move|p2a: Donphan|Ice Shard|p1a: Czarina
|-supereffective|p1a: Czarina
|-damage|p1a: Czarina|241\/346
|move|p1a: Czarina|Earth Power|p2a: Donphan
|-damage|p2a: Donphan|64\/384
|
|-weather|Hail|[upkeep]
|-damage|p1a: Czarina|220\/346|[from] hail
|-damage|p2a: Donphan|40\/384|[from] hail
|-heal|p2a: Donphan|64\/384|[from] item: Leftovers
|turn|19
|
|move|p2a: Donphan|Ice Shard|p1a: Czarina
|-supereffective|p1a: Czarina
|-damage|p1a: Czarina|130\/346
|move|p1a: Czarina|Sludge Wave|p2a: Donphan
|-resisted|p2a: Donphan
|-damage|p2a: Donphan|0 fnt
|faint|p2a: Donphan
|
|-weather|none
|
|switch|p2a: Slowking|Slowking, F|207\/394
|-damage|p2a: Slowking|158\/394|[from] Stealth Rock
|turn|20
|
|switch|p1a: Shadowplay|Umbreon, M|357\/390
|switch|p2a: Beedrill|Beedrill, M|271\/271
|-damage|p2a: Beedrill|204\/271|[from] Stealth Rock
|
|-heal|p1a: Shadowplay|381\/390|[from] item: Leftovers
|turn|21
|
|switch|p1a: Purple Haze|Crobat, M|303\/355
|detailschange|p2a: Beedrill|Beedrill-Mega, M
|-mega|p2a: Beedrill|Beedrill|Beedrillite
|move|p2a: Beedrill|Protect|p2a: Beedrill
|-fail|p2a: Beedrill
|
|-heal|p1a: Purple Haze|325\/355|[from] item: Black Sludge
|turn|22
|
|move|p2a: Beedrill|U-turn|p1a: Purple Haze
|-resisted|p1a: Purple Haze
|-damage|p1a: Purple Haze|260\/355
|J|Ren-chon
|
|switch|p2a: Jirachi|Jirachi, shiny|157\/341
|-damage|p2a: Jirachi|136\/341|[from] Stealth Rock
|move|p1a: Purple Haze|Brave Bird|p2a: Jirachi
|-resisted|p2a: Jirachi
|-damage|p2a: Jirachi|67\/341
|-damage|p1a: Purple Haze|237\/355|[from] recoil|[of] p2a: Jirachi
|
|-heal|p1a: Purple Haze|259\/355|[from] item: Black Sludge
|-heal|p2a: Jirachi|88\/341|[from] item: Leftovers
|turn|23
|J|Moonshield
|
|switch|p1a: Shadowplay|Umbreon, M|381\/390
|move|p2a: Jirachi|Psyshock|p1a: Shadowplay
|-immune|p1a: Shadowplay|[msg]
|
|-heal|p2a: Jirachi|109\/341|[from] item: Leftovers
|-heal|p1a: Shadowplay|390\/390|[from] item: Leftovers
|turn|24
|
|switch|p2a: Hydreigon|Hydreigon, F|325\/325
|-damage|p2a: Hydreigon|285\/325|[from] Stealth Rock
|move|p1a: Shadowplay|Wish|p1a: Shadowplay
|
|turn|25
|
|move|p2a: Hydreigon|Superpower|p1a: Shadowplay
|-supereffective|p1a: Shadowplay
|-damage|p1a: Shadowplay|125\/390
|-unboost|p2a: Hydreigon|atk|1
|-unboost|p2a: Hydreigon|def|1
|-damage|p2a: Hydreigon|253\/325|[from] item: Life Orb
|move|p1a: Shadowplay|Foul Play|p2a: Hydreigon
|-resisted|p2a: Hydreigon
|-damage|p2a: Hydreigon|187\/325
|
|-heal|p1a: Shadowplay|320\/390|[from] move: Wish|[wisher] Shadowplay
|-heal|p1a: Shadowplay|344\/390|[from] item: Leftovers
|turn|26
|
|switch|p2a: Beedrill|Beedrill-Mega, M|204\/271
|-damage|p2a: Beedrill|137\/271|[from] Stealth Rock
|move|p1a: Shadowplay|Wish|p1a: Shadowplay
|
|-heal|p1a: Shadowplay|368\/390|[from] item: Leftovers
|turn|27
|
|switch|p1a: Purple Haze|Crobat, M|259\/355
|move|p2a: Beedrill|Protect|p2a: Beedrill
|-fail|p2a: Beedrill
|
|-heal|p1a: Purple Haze|355\/355|[from] move: Wish|[wisher] Shadowplay
|turn|28
|
|move|p2a: Beedrill|Knock Off|p1a: Purple Haze
|-damage|p1a: Purple Haze|195\/355
|-enditem|p1a: Purple Haze|Black Sludge|[from] move: Knock Off|[of] p2a: Beedrill
|move|p1a: Purple Haze|Brave Bird|p2a: Beedrill
|-supereffective|p2a: Beedrill
|-damage|p2a: Beedrill|0 fnt
|-damage|p1a: Purple Haze|150\/355|[from] recoil|[of] p2a: Beedrill
|faint|p2a: Beedrill
|
|L|Moonshield
|
|switch|p2a: Slowking|Slowking, F|289\/394
|-damage|p2a: Slowking|240\/394|[from] Stealth Rock
|turn|29
|
|switch|p1a: Aquatarkus|Suicune|352\/404
|-ability|p1a: Aquatarkus|Pressure
|move|p2a: Slowking|Ice Beam|p1a: Aquatarkus
|-resisted|p1a: Aquatarkus
|-damage|p1a: Aquatarkus|311\/404
|
|-heal|p1a: Aquatarkus|336\/404|[from] item: Leftovers
|turn|30
|
|switch|p2a: Hydreigon|Hydreigon, F|187\/325
|-damage|p2a: Hydreigon|147\/325|[from] Stealth Rock
|move|p1a: Aquatarkus|Substitute|p1a: Aquatarkus
|-start|p1a: Aquatarkus|Substitute
|-damage|p1a: Aquatarkus|235\/404
|
|-heal|p1a: Aquatarkus|260\/404|[from] item: Leftovers
|turn|31
|
|move|p2a: Hydreigon|Dark Pulse|p1a: Aquatarkus
|-end|p1a: Aquatarkus|Substitute
|-damage|p2a: Hydreigon|115\/325|[from] item: Life Orb
|move|p1a: Aquatarkus|Calm Mind|p1a: Aquatarkus
|-boost|p1a: Aquatarkus|spa|1
|-boost|p1a: Aquatarkus|spd|1
|
|-heal|p1a: Aquatarkus|285\/404|[from] item: Leftovers
|turn|32
|
|move|p2a: Hydreigon|Draco Meteor|p1a: Aquatarkus|[miss]
|-miss|p2a: Hydreigon|p1a: Aquatarkus
|move|p1a: Aquatarkus|Scald|p2a: Hydreigon
|-resisted|p2a: Hydreigon
|-damage|p2a: Hydreigon|39\/325
|
|-heal|p1a: Aquatarkus|310\/404|[from] item: Leftovers
|turn|33
|
|move|p2a: Hydreigon|Dark Pulse|p1a: Aquatarkus
|-damage|p1a: Aquatarkus|205\/404
|-damage|p2a: Hydreigon|7\/325|[from] item: Life Orb
|move|p1a: Aquatarkus|Scald|p2a: Hydreigon
|-resisted|p2a: Hydreigon
|-damage|p2a: Hydreigon|0 fnt
|faint|p2a: Hydreigon
|
|-heal|p1a: Aquatarkus|230\/404|[from] item: Leftovers
|
|switch|p2a: Jirachi|Jirachi, shiny|109\/341
|-damage|p2a: Jirachi|88\/341|[from] Stealth Rock
|turn|34
|
|move|p2a: Jirachi|Energy Ball|p1a: Aquatarkus
|-crit|p1a: Aquatarkus
|-supereffective|p1a: Aquatarkus
|-damage|p1a: Aquatarkus|0 fnt
|faint|p1a: Aquatarkus
|
|-heal|p2a: Jirachi|109\/341|[from] item: Leftovers
|c|âHakurei Altar|gg
|c|âCentury Express|como vocÃª me assalta em TODA partida que jogamos lol
|
|switch|p1a: Shadowplay|Umbreon, M|368\/390
|turn|35
|c|âCentury Express|gg
|c|âCentury Express|mas ainda nÃ£o acabou o.o
|
|move|p2a: Jirachi|Moonblast|p1a: Shadowplay
|-supereffective|p1a: Shadowplay
|-damage|p1a: Shadowplay|264\/390
|-unboost|p1a: Shadowplay|spa|1
|move|p1a: Shadowplay|Foul Play|p2a: Jirachi
|-supereffective|p2a: Jirachi
|-damage|p2a: Jirachi|0 fnt
|faint|p2a: Jirachi
|
|-heal|p1a: Shadowplay|288\/390|[from] item: Leftovers
|
|switch|p2a: Entei|Entei, shiny|331\/372
|-damage|p2a: Entei|238\/372|[from] Stealth Rock
|-ability|p2a: Entei|Pressure
|turn|36
|
|move|p2a: Entei|Sacred Fire|p1a: Shadowplay|[miss]
|-miss|p2a: Entei|p1a: Shadowplay
|move|p1a: Shadowplay|Foul Play|p2a: Entei
|-damage|p2a: Entei|51\/372
|
|-heal|p1a: Shadowplay|312\/390|[from] item: Leftovers
|turn|37
|
|move|p2a: Entei|Sacred Fire|p1a: Shadowplay
|-damage|p1a: Shadowplay|112\/390
|-damage|p2a: Entei|14\/372|[from] item: Life Orb
|move|p1a: Shadowplay|Foul Play|p2a: Entei
|-damage|p2a: Entei|0 fnt
|faint|p2a: Entei
|
|-heal|p1a: Shadowplay|136\/390|[from] item: Leftovers
|c|âHakurei Altar|bom...
|
|switch|p2a: Slowking|Slowking, F|371\/394
|-damage|p2a: Slowking|322\/394|[from] Stealth Rock
|turn|38
|
|switch|p1a: Shoot Star|Jirachi|242\/341
|move|p2a: Slowking|Ice Beam|p1a: Shoot Star
|-resisted|p1a: Shoot Star
|-damage|p1a: Shoot Star|192\/341
|
|turn|39
|
|move|p1a: Shoot Star|Trick|p2a: Slowking
|-activate|p1a: Shoot Star|move: Trick|[of] p2a: Slowking
|-item|p2a: Slowking|Choice Scarf|[from] move: Trick
|-item|p1a: Shoot Star|Assault Vest|[from] move: Trick
|move|p2a: Slowking|Fire Blast|p1a: Shoot Star
|-supereffective|p1a: Shoot Star
|-damage|p1a: Shoot Star|20\/341
|
|turn|40
|
|move|p1a: Shoot Star|U-turn|p2a: Slowking
|-supereffective|p2a: Slowking
|-damage|p2a: Slowking|144\/394
|
|switch|p1a: Purple Haze|Crobat, M|150\/355
|move|p2a: Slowking|Fire Blast|p1a: Purple Haze
|-damage|p1a: Purple Haze|0 fnt
|faint|p1a: Purple Haze
|
|
|switch|p1a: Czarina|Nidoqueen, F|130\/346
|turn|41
|
|move|p1a: Czarina|Sludge Wave|p2a: Slowking
|-damage|p2a: Slowking|0 fnt
|faint|p2a: Slowking
|
|win|Century Express
|L|Hakurei Altar
|player|p2