|J|Bug Meteor
|J|Century Express
|player|p1|Bug Meteor|270
|player|p2|Century Express|217
|gametype|singles
|gen|6
|tier|UU
|rule|Sleep Clause Mod: Limit one foe put to sleep
|rule|Species Clause: Limit one of each PokÃ©mon
|rule|OHKO Clause: OHKO moves are banned
|rule|Moody Clause: Moody is banned
|rule|Evasion Moves Clause: Evasion moves are banned
|rule|Endless Battle Clause: Forcing endless battles is banned
|rule|HP Percentage Mod: HP is shown in percentages
|clearpoke
|poke|p1|Machamp, F
|poke|p1|Alomomola, F
|poke|p1|Jirachi
|poke|p1|Krookodile, F
|poke|p1|Raikou
|poke|p1|Mienshao, F
|poke|p2|Pidgeot, M
|poke|p2|Starmie
|poke|p2|Krookodile, M
|poke|p2|Snorlax, M
|poke|p2|Jirachi
|poke|p2|Crobat, M
|rule|Swagger Clause: Swagger is banned
|rule|Baton Pass Clause: Limit one PokÃ©mon knowing Baton Pass
|teampreview
|J|GoaoTwo
|J|o VERDADEIRO papa
|J|Brick Small
|
|start
|switch|p1a: Raikou|Raikou|321\/321
|switch|p2a: Crobat|Crobat, M|373\/373
|-ability|p1a: Raikou|Pressure
|turn|1
|J|Gandalfooo
|J|s0undhorizon
|
|move|p2a: Crobat|U-turn|p1a: Raikou
|-damage|p1a: Raikou|256\/321
|J|SoulDragonite
|L|s0undhorizon
|c|âBug Meteor|>.>
|c|~SoulDragonite|vai alvaro
|c|~SoulDragonite|o.o
|c|âBug Meteor|Ele abriu de crob mesmo.
|
|switch|p2a: Snorlax|Snorlax, M|513\/513
|move|p1a: Raikou|Hidden Power|p2a: Snorlax
|-damage|p2a: Snorlax|461\/513
|
|-heal|p2a: Snorlax|493\/513|[from] item: Leftovers
|turn|2
|
|switch|p1a: Alomomola|Alomomola, F|533\/533
|move|p2a: Snorlax|Body Slam|p1a: Alomomola
|-damage|p1a: Alomomola|430\/533
|-damage|p2a: Snorlax|408\/513|[from] item: Rocky Helmet|[of] p1a: Alomomola
|
|-heal|p2a: Snorlax|440\/513|[from] item: Leftovers
|turn|3
|
|switch|p1a: Machamp|Machamp, F|342\/342
|move|p2a: Snorlax|Curse|p2a: Snorlax
|-boost|p2a: Snorlax|atk|1
|-boost|p2a: Snorlax|def|1
|-unboost|p2a: Snorlax|spe|1
|
|-heal|p2a: Snorlax|472\/513|[from] item: Leftovers
|turn|4
|
|switch|p2a: Crobat|Crobat, M|373\/373
|move|p1a: Machamp|Dynamic Punch|p2a: Crobat
|-resisted|p2a: Crobat
|-damage|p2a: Crobat|288\/373
|-start|p2a: Crobat|confusion
|
|turn|5
|
|switch|p2a: Starmie|Starmie|323\/323
|switch|p1a: Jirachi|Jirachi|404\/404
|
|turn|6
|
|switch|p1a: Raikou|Raikou|256\/321
|-ability|p1a: Raikou|Pressure
|move|p2a: Starmie|Scald|p1a: Raikou
|-crit|p1a: Raikou
|-damage|p1a: Raikou|163\/321
|
|turn|7
|
|switch|p2a: Snorlax|Snorlax, M|472\/513
|move|p1a: Raikou|Hidden Power|p2a: Snorlax
|-damage|p2a: Snorlax|426\/513
|
|-heal|p2a: Snorlax|458\/513|[from] item: Leftovers
|turn|8
|
|move|p1a: Raikou|Volt Switch|p2a: Snorlax
|-damage|p2a: Snorlax|373\/513
|
|switch|p1a: Alomomola|Alomomola, F|533\/533
|move|p2a: Snorlax|Body Slam|p1a: Alomomola
|-damage|p1a: Alomomola|425\/533
|-damage|p2a: Snorlax|288\/513|[from] item: Rocky Helmet|[of] p1a: Alomomola
|
|-heal|p2a: Snorlax|320\/513|[from] item: Leftovers
|turn|9
|
|switch|p1a: Machamp|Machamp, F|342\/342
|switch|p2a: Starmie|Starmie|323\/323
|
|turn|10
|
|move|p2a: Starmie|Scald|p1a: Machamp
|-damage|p1a: Machamp|231\/342
|move|p1a: Machamp|Knock Off|p2a: Starmie
|-supereffective|p2a: Starmie
|-damage|p2a: Starmie|0 fnt
|-enditem|p2a: Starmie|Leftovers|[from] move: Knock Off|[of] p1a: Machamp
|faint|p2a: Starmie
|
|J|lighthouses
|
|switch|p2a: Pidgeot|Pidgeot, M|307\/307
|turn|11
|
|switch|p1a: Jirachi|Jirachi|404\/404
|detailschange|p2a: Pidgeot|Pidgeot-Mega, M
|-mega|p2a: Pidgeot|Pidgeot|Pidgeotite
|move|p2a: Pidgeot|U-turn|p1a: Jirachi
|-damage|p1a: Jirachi|364\/404
|
|switch|p2a: Krookodile|Krookodile, M|331\/331
|-ability|p2a: Krookodile|Intimidate|[of] p1a: Jirachi
|-unboost|p1a: Jirachi|atk|1
|
|-heal|p1a: Jirachi|389\/404|[from] item: Leftovers
|turn|12
|
|move|p2a: Krookodile|Pursuit|p1a: Jirachi
|-supereffective|p1a: Jirachi
|-damage|p1a: Jirachi|255\/404
|move|p1a: Jirachi|Toxic|p2a: Krookodile
|-status|p2a: Krookodile|tox
|
|-heal|p1a: Jirachi|280\/404|[from] item: Leftovers
|-damage|p2a: Krookodile|311\/331 tox|[from] psn
|turn|13
|
|switch|p1a: Krookodile|Krookodile, F|377\/377
|-ability|p1a: Krookodile|Intimidate|[of] p2a: Krookodile
|-unboost|p2a: Krookodile|atk|1
|move|p2a: Krookodile|Stealth Rock|p1a: Krookodile
|-sidestart|p1: Bug Meteor|move: Stealth Rock
|
|-damage|p2a: Krookodile|271\/331 tox|[from] psn
|turn|14
|
|switch|p2a: Crobat|Crobat, M|288\/373
|move|p1a: Krookodile|Stealth Rock|p2a: Crobat
|-sidestart|p2: Century Express|move: Stealth Rock
|
|turn|15
|
|move|p2a: Crobat|U-turn|p1a: Krookodile
|-supereffective|p1a: Krookodile
|-damage|p1a: Krookodile|271\/377
|
|switch|p2a: Krookodile|Krookodile, M|271\/331 tox
|-damage|p2a: Krookodile|251\/331 tox|[from] Stealth Rock
|-ability|p2a: Krookodile|Intimidate|[of] p1a: Krookodile
|-unboost|p1a: Krookodile|atk|1
|move|p1a: Krookodile|Knock Off|p2a: Krookodile
|-resisted|p2a: Krookodile
|-damage|p2a: Krookodile|179\/331 tox
|-damage|p1a: Krookodile|209\/377|[from] item: Rocky Helmet|[of] p2a: Krookodile
|-enditem|p2a: Krookodile|Rocky Helmet|[from] move: Knock Off|[of] p1a: Krookodile
|
|-damage|p2a: Krookodile|159\/331 tox|[from] psn
|turn|16
|
|switch|p1a: Alomomola|Alomomola, F|533\/533
|-damage|p1a: Alomomola|467\/533|[from] Stealth Rock
|move|p2a: Krookodile|Earthquake|p1a: Alomomola
|-damage|p1a: Alomomola|308\/533
|
|-damage|p2a: Krookodile|119\/331 tox|[from] psn
|turn|17
|
|switch|p2a: Pidgeot|Pidgeot-Mega, M|307\/307
|-damage|p2a: Pidgeot|231\/307|[from] Stealth Rock
|move|p1a: Alomomola|Wish|p1a: Alomomola
|
|turn|18
|
|switch|p1a: Raikou|Raikou|163\/321
|-damage|p1a: Raikou|123\/321|[from] Stealth Rock
|-ability|p1a: Raikou|Pressure
|move|p2a: Pidgeot|Heat Wave|p1a: Raikou
|-damage|p1a: Raikou|51\/321
|
|-heal|p1a: Raikou|317\/321|[from] move: Wish|[wisher] Alomomola
|turn|19
|
|move|p2a: Pidgeot|U-turn|p1a: Raikou
|-damage|p1a: Raikou|268\/321
|
|switch|p2a: Jirachi|Jirachi|341\/341
|-damage|p2a: Jirachi|320\/341|[from] Stealth Rock
|move|p1a: Raikou|Volt Switch|p2a: Jirachi
|-damage|p2a: Jirachi|211\/341
|
|switch|p1a: Krookodile|Krookodile, F|209\/377
|-damage|p1a: Krookodile|186\/377|[from] Stealth Rock
|-ability|p1a: Krookodile|Intimidate|[of] p2a: Jirachi
|-unboost|p2a: Jirachi|atk|1
|
|turn|20
|c|âBug Meteor|se tricka e gay
|c|âBug Meteor|"-"
|c|âBug Meteor|rs
|
|move|p2a: Jirachi|Healing Wish|p2a: Jirachi
|faint|p2a: Jirachi
|move|p1a: Krookodile|Pursuit|p2: Jirachi|[notarget]
|-notarget
|
|
|switch|p2a: Krookodile|Krookodile, M|119\/331 tox
|-heal|p2a: Krookodile|331\/331|[from] move: Healing Wish
|-damage|p2a: Krookodile|311\/331|[from] Stealth Rock
|-ability|p2a: Krookodile|Intimidate|[of] p1a: Krookodile
|-unboost|p1a: Krookodile|atk|1
|turn|21
|
|switch|p1a: Alomomola|Alomomola, F|485\/533
|-damage|p1a: Alomomola|419\/533|[from] Stealth Rock
|move|p2a: Krookodile|Earthquake|p1a: Alomomola
|-damage|p1a: Alomomola|254\/533
|
|turn|22
|
|move|p2a: Krookodile|Earthquake|p1a: Alomomola
|-damage|p1a: Alomomola|106\/533
|move|p1a: Alomomola|Wish|p1a: Alomomola
|
|turn|23
|
|switch|p2a: Snorlax|Snorlax, M|320\/513
|-damage|p2a: Snorlax|256\/513|[from] Stealth Rock
|switch|p1a: Krookodile|Krookodile, F|186\/377
|-damage|p1a: Krookodile|163\/377|[from] Stealth Rock
|-ability|p1a: Krookodile|Intimidate|[of] p2a: Snorlax
|-unboost|p2a: Snorlax|atk|1
|
|-heal|p1a: Krookodile|377\/377|[from] move: Wish|[wisher] Alomomola
|-heal|p2a: Snorlax|288\/513|[from] item: Leftovers
|turn|24
|
|switch|p2a: Crobat|Crobat, M|288\/373
|-damage|p2a: Crobat|195\/373|[from] Stealth Rock
|move|p1a: Krookodile|Knock Off|p2a: Crobat
|-damage|p2a: Crobat|47\/373
|
|turn|25
|
|move|p2a: Crobat|Acrobatics|p1a: Krookodile
|-crit|p1a: Krookodile
|-damage|p1a: Krookodile|184\/377
|move|p1a: Krookodile|Earthquake|p2a: Crobat
|-immune|p2a: Crobat|[msg]
|
|turn|26
|
|move|p2a: Crobat|Acrobatics|p1a: Krookodile
|-damage|p1a: Krookodile|54\/377
|move|p1a: Krookodile|Earthquake|p2a: Crobat
|-immune|p2a: Crobat|[msg]
|
|turn|27
|
|switch|p1a: Alomomola|Alomomola, F|283\/533
|-damage|p1a: Alomomola|217\/533|[from] Stealth Rock
|move|p2a: Crobat|Acrobatics|p1a: Alomomola
|-crit|p1a: Alomomola
|-damage|p1a: Alomomola|58\/533
|-damage|p2a: Crobat|0 fnt|[from] item: Rocky Helmet|[of] p1a: Alomomola
|faint|p2a: Crobat
|
|
|switch|p2a: Krookodile|Krookodile, M|311\/331
|-damage|p2a: Krookodile|291\/331|[from] Stealth Rock
|-ability|p2a: Krookodile|Intimidate|[of] p1a: Alomomola
|-unboost|p1a: Alomomola|atk|1
|turn|28
|
|move|p2a: Krookodile|Pursuit|p1a: Alomomola|[from]Pursuit
|-damage|p1a: Alomomola|0 fnt
|-damage|p2a: Krookodile|236\/331|[from] item: Rocky Helmet|[of] p1a: Alomomola
|faint|p1a: Alomomola
|
|
|switch|p1a: Mienshao|Mienshao, F|271\/271
|-damage|p1a: Mienshao|255\/271|[from] Stealth Rock
|turn|29
|c|âCentury Express|gg
|-message|Century Express forfeited.
|
|win|Bug Meteor
|L|Century Express
|player|p2