|J|Century Express
|J|silverghoooost
|player|p1|Century Express|145
|player|p2|silverghoooost|266
|gametype|singles
|gen|6
|tier|UU
|rule|Sleep Clause Mod: Limit one foe put to sleep
|rule|Species Clause: Limit one of each PokÃ©mon
|rule|OHKO Clause: OHKO moves are banned
|rule|Moody Clause: Moody is banned
|rule|Evasion Moves Clause: Evasion moves are banned
|rule|Endless Battle Clause: Forcing endless battles is banned
|rule|HP Percentage Mod: HP is shown in percentages
|clearpoke
|poke|p1|Pidgeot, M
|poke|p1|Suicune
|poke|p1|Umbreon, M
|poke|p1|Crobat, M
|poke|p1|Krookodile, M
|poke|p1|Jirachi
|poke|p2|Mienshao, F
|poke|p2|Nidoqueen, F
|poke|p2|Whimsicott, F
|poke|p2|Blastoise, M
|poke|p2|Rotom-Heat
|poke|p2|Jirachi
|rule|Swagger Clause: Swagger is banned
|rule|Baton Pass Clause: Limit one PokÃ©mon knowing Baton Pass
|teampreview
|
|start
|switch|p1a: Joo|Pidgeot, M|307\/307
|switch|p2a: Mienshao|Mienshao, F|272\/272
|turn|1
|
|switch|p1a: Purple Haze|Crobat, M|355\/355
|move|p2a: Mienshao|Stone Edge|p1a: Purple Haze
|-supereffective|p1a: Purple Haze
|-damage|p1a: Purple Haze|91\/355
|
|turn|2
|
|switch|p1a: Kooks|Krookodile, M|341\/341
|-ability|p1a: Kooks|Intimidate|[of] p2a: Mienshao
|-unboost|p2a: Mienshao|atk|1
|move|p2a: Mienshao|Stone Edge|p1a: Kooks
|-resisted|p1a: Kooks
|-damage|p1a: Kooks|293\/341
|
|turn|3
|
|switch|p2a: Blastoise|Blastoise, M|345\/345
|move|p1a: Kooks|Stealth Rock|p2a: Blastoise
|-sidestart|p2: silverghoooost|move: Stealth Rock
|
|turn|4
|
|detailschange|p2a: Blastoise|Blastoise-Mega, M
|-mega|p2a: Blastoise|Blastoise|Blastoisinite
|move|p1a: Kooks|Earthquake|p2a: Blastoise
|-damage|p2a: Blastoise|162\/345
|-damage|p1a: Kooks|259\/341|[from] item: Life Orb
|move|p2a: Blastoise|Rapid Spin|p1a: Kooks
|-damage|p1a: Kooks|243\/341
|-sideend|p2: silverghoooost|Stealth Rock|[from] move: Rapid Spin|[of] p2a: Blastoise
|
|turn|5
|J|Disenchanted
|
|switch|p1a: Shadowplay|Umbreon, M|390\/390
|switch|p2a: Rotom-Heat|Rotom-Heat|303\/303
|
|turn|6
|
|switch|p1a: Kooks|Krookodile, M|243\/341
|-ability|p1a: Kooks|Intimidate|[of] p2a: Rotom-Heat
|-unboost|p2a: Rotom-Heat|atk|1
|move|p2a: Rotom-Heat|Volt Switch|p1a: Kooks
|-immune|p1a: Kooks|[msg]
|
|turn|7
|J|Draco Meteora
|J|GoaoTwo
|
|move|p1a: Kooks|Stealth Rock|p2a: Rotom-Heat
|-sidestart|p2: silverghoooost|move: Stealth Rock
|move|p2a: Rotom-Heat|Will-O-Wisp|p1a: Kooks
|-status|p1a: Kooks|brn
|
|-damage|p1a: Kooks|201\/341 brn|[from] brn
|turn|8
|
|switch|p1a: Shadowplay|Umbreon, M|390\/390
|move|p2a: Rotom-Heat|Overheat|p1a: Shadowplay
|-damage|p1a: Shadowplay|299\/390
|-unboost|p2a: Rotom-Heat|spa|2
|
|-heal|p1a: Shadowplay|323\/390|[from] item: Leftovers
|turn|9
|
|move|p2a: Rotom-Heat|Will-O-Wisp|p1a: Shadowplay
|-status|p1a: Shadowplay|brn
|move|p1a: Shadowplay|Heal Bell|p1a: Shadowplay
|-cureteam|p1a: Shadowplay|[from] move: HealBell
|
|-heal|p1a: Shadowplay|347\/390|[from] item: Leftovers
|turn|10
|c|+Draco Meteora|oo
|
|switch|p1a: Kooks|Krookodile, M|201\/341
|-ability|p1a: Kooks|Intimidate|[of] p2a: Rotom-Heat
|-unboost|p2a: Rotom-Heat|atk|1
|move|p2a: Rotom-Heat|Volt Switch|p1a: Kooks
|-immune|p1a: Kooks|[msg]
|
|turn|11
|
|move|p1a: Kooks|Knock Off|p2a: Rotom-Heat
|-damage|p2a: Rotom-Heat|130\/303
|-enditem|p2a: Rotom-Heat|Leftovers|[from] move: Knock Off|[of] p1a: Kooks
|-damage|p1a: Kooks|167\/341|[from] item: Life Orb
|move|p2a: Rotom-Heat|Will-O-Wisp|p1a: Kooks
|-status|p1a: Kooks|brn
|
|-damage|p1a: Kooks|125\/341 brn|[from] brn
|turn|12
|
|move|p1a: Kooks|Pursuit|p2a: Rotom-Heat
|-damage|p2a: Rotom-Heat|95\/303
|-damage|p1a: Kooks|91\/341 brn|[from] item: Life Orb
|move|p2a: Rotom-Heat|Overheat|p1a: Kooks
|-damage|p1a: Kooks|0 fnt
|-unboost|p2a: Rotom-Heat|spa|2
|faint|p1a: Kooks
|
|J|retorno
|
|switch|p1a: Joo|Pidgeot, M|307\/307
|turn|13
|
|detailschange|p1a: Joo|Pidgeot-Mega, M
|-mega|p1a: Joo|Pidgeot|Pidgeotite
|move|p1a: Joo|Hurricane|p2a: Rotom-Heat
|-resisted|p2a: Rotom-Heat
|-damage|p2a: Rotom-Heat|0 fnt
|faint|p2a: Rotom-Heat
|
|
|switch|p2a: Jirachi|Jirachi|401\/401
|-damage|p2a: Jirachi|376\/401|[from] Stealth Rock
|turn|14
|
|switch|p1a: Aquatarkus|Suicune|404\/404
|-ability|p1a: Aquatarkus|Pressure
|move|p2a: Jirachi|Stealth Rock|p1a: Aquatarkus
|-sidestart|p1: Century Express|move: Stealth Rock
|
|-heal|p2a: Jirachi|401\/401|[from] item: Leftovers
|turn|15
|
|move|p2a: Jirachi|U-turn|p1a: Aquatarkus
|-damage|p1a: Aquatarkus|376\/404
|
|switch|p2a: Whimsicott|Whimsicott, F|263\/263
|-damage|p2a: Whimsicott|231\/263|[from] Stealth Rock
|move|p1a: Aquatarkus|Scald|p2a: Whimsicott
|-resisted|p2a: Whimsicott
|-damage|p2a: Whimsicott|180\/263
|
|-heal|p2a: Whimsicott|196\/263|[from] item: Leftovers
|-heal|p1a: Aquatarkus|401\/404|[from] item: Leftovers
|turn|16
|c|+Draco Meteora|silverghost joga bem
|
|switch|p1a: Shoot Star|Jirachi|341\/341
|-damage|p1a: Shoot Star|320\/341|[from] Stealth Rock
|move|p2a: Whimsicott|U-turn|p1a: Shoot Star
|-damage|p1a: Shoot Star|291\/341
|c|âsilverghoooost|partida disputada
|L|silverghoooost
|player|p2
|J|silverghoooost
|player|p2|silverghoooost|266
|
|switch|p2a: Nidoqueen|Nidoqueen, F|353\/353
|-damage|p2a: Nidoqueen|331\/353|[from] Stealth Rock
|
|turn|17
|
|move|p1a: Shoot Star|U-turn|p2a: Nidoqueen
|-resisted|p2a: Nidoqueen
|-damage|p2a: Nidoqueen|290\/353
|
|switch|p1a: Shadowplay|Umbreon, M|347\/390
|-damage|p1a: Shadowplay|299\/390|[from] Stealth Rock
|move|p2a: Nidoqueen|Earth Power|p1a: Shadowplay
|-damage|p1a: Shadowplay|182\/390
|
|-heal|p1a: Shadowplay|206\/390|[from] item: Leftovers
|turn|18
|
|move|p2a: Nidoqueen|Sludge Wave|p1a: Shadowplay
|-damage|p1a: Shadowplay|85\/390
|move|p1a: Shadowplay|Foul Play|p2a: Nidoqueen
|-damage|p2a: Nidoqueen|206\/353
|
|-heal|p1a: Shadowplay|109\/390|[from] item: Leftovers
|turn|19
|
|move|p1a: Shadowplay|Protect|p1a: Shadowplay
|-singleturn|p1a: Shadowplay|Protect
|move|p2a: Nidoqueen|Sludge Wave|p1a: Shadowplay
|-activate|p1a: Shadowplay|Protect
|
|-heal|p1a: Shadowplay|133\/390|[from] item: Leftovers
|turn|20
|J|Mr. Mendes
|L|Draco Meteora
|
|move|p2a: Nidoqueen|Sludge Wave|p1a: Shadowplay
|-damage|p1a: Shadowplay|0 fnt
|faint|p1a: Shadowplay
|
|c|âsilverghoooost|deixa eu mata lgoo .x
|c|âCentury Express|olha o roll d troÃ§o
|c|âCentury Express|meu deus
|
|switch|p1a: Joo|Pidgeot-Mega, M|307\/307
|-damage|p1a: Joo|231\/307|[from] Stealth Rock
|turn|21
|c|âCentury Express|vamo lÃ¡
|
|switch|p2a: Jirachi|Jirachi|401\/401
|-damage|p2a: Jirachi|376\/401|[from] Stealth Rock
|move|p1a: Joo|Hurricane|p2a: Jirachi
|-resisted|p2a: Jirachi
|-damage|p2a: Jirachi|310\/401
|
|-heal|p2a: Jirachi|335\/401|[from] item: Leftovers
|turn|22
|
|switch|p1a: Shoot Star|Jirachi|291\/341
|-damage|p1a: Shoot Star|270\/341|[from] Stealth Rock
|move|p2a: Jirachi|U-turn|p1a: Shoot Star
|-damage|p1a: Shoot Star|226\/341
|
|switch|p2a: Mienshao|Mienshao, F|272\/272
|-damage|p2a: Mienshao|255\/272|[from] Stealth Rock
|
|turn|23
|
|switch|p1a: Joo|Pidgeot-Mega, M|231\/307
|-damage|p1a: Joo|155\/307|[from] Stealth Rock
|move|p2a: Mienshao|High Jump Kick|p1a: Joo
|-damage|p1a: Joo|0 fnt
|faint|p1a: Joo
|
|
|switch|p1a: Aquatarkus|Suicune|401\/404
|-damage|p1a: Aquatarkus|351\/404|[from] Stealth Rock
|-ability|p1a: Aquatarkus|Pressure
|turn|24
|
|move|p2a: Mienshao|High Jump Kick|p1a: Aquatarkus
|-damage|p1a: Aquatarkus|173\/404
|move|p1a: Aquatarkus|Scald|p2a: Mienshao
|-damage|p2a: Mienshao|119\/272
|
|-heal|p1a: Aquatarkus|198\/404|[from] item: Leftovers
|turn|25
|J|Skator
|
|move|p2a: Mienshao|High Jump Kick|p1a: Aquatarkus
|-damage|p1a: Aquatarkus|29\/404
|move|p1a: Aquatarkus|Scald|p2a: Mienshao
|-damage|p2a: Mienshao|0 fnt
|faint|p2a: Mienshao
|
|-heal|p1a: Aquatarkus|54\/404|[from] item: Leftovers
|
|switch|p2a: Whimsicott|Whimsicott, F|196\/263
|-damage|p2a: Whimsicott|164\/263|[from] Stealth Rock
|turn|26
|
|switch|p1a: Shoot Star|Jirachi|226\/341
|-damage|p1a: Shoot Star|205\/341|[from] Stealth Rock
|move|p2a: Whimsicott|Giga Drain|p1a: Shoot Star
|-resisted|p1a: Shoot Star
|-damage|p1a: Shoot Star|159\/341
|-heal|p2a: Whimsicott|187\/263|[from] drain|[of] p1a: Shoot Star
|
|-heal|p2a: Whimsicott|203\/263|[from] item: Leftovers
|turn|27
|
|move|p1a: Shoot Star|U-turn|p2a: Whimsicott
|-damage|p2a: Whimsicott|129\/263
|
|switch|p1a: Aquatarkus|Suicune|54\/404
|-damage|p1a: Aquatarkus|4\/404|[from] Stealth Rock
|-ability|p1a: Aquatarkus|Pressure
|move|p2a: Whimsicott|Moonblast|p1a: Aquatarkus
|-damage|p1a: Aquatarkus|0 fnt
|faint|p1a: Aquatarkus
|
|-heal|p2a: Whimsicott|145\/263|[from] item: Leftovers
|c|+retorno|eh pra
|c|+retorno|vc perder
|c|+retorno|ta
|
|switch|p1a: Shoot Star|Jirachi|159\/341
|-damage|p1a: Shoot Star|138\/341|[from] Stealth Rock
|turn|28
|
|move|p1a: Shoot Star|U-turn|p2a: Whimsicott
|-crit|p2a: Whimsicott
|-damage|p2a: Whimsicott|35\/263
|
|switch|p1a: Purple Haze|Crobat, M|91\/355
|-damage|p1a: Purple Haze|3\/355|[from] Stealth Rock
|move|p2a: Whimsicott|Moonblast|p1a: Purple Haze
|-resisted|p1a: Purple Haze
|-damage|p1a: Purple Haze|0 fnt
|faint|p1a: Purple Haze
|
|-heal|p2a: Whimsicott|51\/263|[from] item: Leftovers
|c|âsilverghoooost|mt bom esse miwicot
|
|switch|p1a: Shoot Star|Jirachi|138\/341
|-damage|p1a: Shoot Star|117\/341|[from] Stealth Rock
|turn|29
|
|move|p1a: Shoot Star|Iron Head|p2a: Whimsicott
|-supereffective|p2a: Whimsicott
|-damage|p2a: Whimsicott|0 fnt
|faint|p2a: Whimsicott
|
|
|switch|p2a: Jirachi|Jirachi|335\/401
|-damage|p2a: Jirachi|310\/401|[from] Stealth Rock
|turn|30
|
|move|p1a: Shoot Star|Iron Head|p2a: Jirachi
|-resisted|p2a: Jirachi
|-damage|p2a: Jirachi|255\/401
|cant|p2a: Jirachi|flinch
|
|-heal|p2a: Jirachi|280\/401|[from] item: Leftovers
|turn|31
|
|move|p1a: Shoot Star|Iron Head|p2a: Jirachi
|-resisted|p2a: Jirachi
|-damage|p2a: Jirachi|217\/401
|move|p2a: Jirachi|Iron Head|p1a: Shoot Star
|-resisted|p1a: Shoot Star
|-damage|p1a: Shoot Star|80\/341
|
|-heal|p2a: Jirachi|242\/401|[from] item: Leftovers
|turn|32
|c|âsilverghoooost|pq n deu u turn viadinho
|c|+retorno|iron
|c|+retorno|infinito
|
|move|p1a: Shoot Star|Iron Head|p2a: Jirachi
|-resisted|p2a: Jirachi
|-damage|p2a: Jirachi|185\/401
|move|p2a: Jirachi|Iron Head|p1a: Shoot Star
|-resisted|p1a: Shoot Star
|-damage|p1a: Shoot Star|41\/341
|
|-heal|p2a: Jirachi|210\/401|[from] item: Leftovers
|turn|33
|
|move|p1a: Shoot Star|Iron Head|p2a: Jirachi
|-resisted|p2a: Jirachi
|-damage|p2a: Jirachi|152\/401
|cant|p2a: Jirachi|flinch
|
|-heal|p2a: Jirachi|177\/401|[from] item: Leftovers
|turn|34
|
|move|p1a: Shoot Star|Iron Head|p2a: Jirachi
|-resisted|p2a: Jirachi
|-damage|p2a: Jirachi|115\/401
|cant|p2a: Jirachi|flinch
|
|-heal|p2a: Jirachi|140\/401|[from] item: Leftovers
|turn|35
|c|+retorno|flinch agr
|c|+Disenchanted|eh pra quem perder?
|
|move|p1a: Shoot Star|Iron Head|p2a: Jirachi
|-resisted|p2a: Jirachi
|-damage|p2a: Jirachi|78\/401
|move|p2a: Jirachi|U-turn|p1a: Shoot Star
|-damage|p1a: Shoot Star|0 fnt
|faint|p1a: Shoot Star
|
|win|silverghoooost
|c|+retorno|pro yes
|c|âsilverghoooost|ele