|J|Century Express
|J|Marky B
|player|p1|Century Express|145
|player|p2|Marky B|264
|gametype|singles
|gen|6
|tier|UU
|rule|Sleep Clause Mod: Limit one foe put to sleep
|rule|Species Clause: Limit one of each PokÃ©mon
|rule|OHKO Clause: OHKO moves are banned
|rule|Moody Clause: Moody is banned
|rule|Evasion Moves Clause: Evasion moves are banned
|rule|Endless Battle Clause: Forcing endless battles is banned
|rule|HP Percentage Mod: HP is shown in percentages
|clearpoke
|poke|p1|Krookodile, M
|poke|p1|Jirachi
|poke|p1|Tentacruel, M
|poke|p1|Kyurem
|poke|p1|Mienshao, M
|poke|p1|Pidgeot, M
|poke|p2|Quagsire, F
|poke|p2|Alakazam, F
|poke|p2|Raikou
|poke|p2|Machamp, F
|poke|p2|Forretress, M
|poke|p2|Crobat, F
|rule|Swagger Clause: Swagger is banned
|rule|Baton Pass Clause: Limit one PokÃ©mon knowing Baton Pass
|teampreview
|c|âCentury Express|i'll be back on 1min
|c|âMarky B|k
|
|start
|switch|p1a: Tentacruel|Tentacruel, M|363\/363
|switch|p2a: Crobat|Crobat, F|341\/341
|turn|1
|
|move|p2a: Crobat|U-turn|p1a: Tentacruel
|-resisted|p1a: Tentacruel
|-damage|p1a: Tentacruel|335\/363
|
|switch|p2a: Raikou|Raikou|321\/321
|-ability|p2a: Raikou|Pressure
|move|p1a: Tentacruel|Scald|p2a: Raikou
|-damage|p2a: Raikou|248\/321
|
|-heal|p1a: Tentacruel|357\/363|[from] item: Black Sludge
|turn|2
|
|switch|p1a: Jirachi|Jirachi|404\/404
|move|p2a: Raikou|Hidden Power|p1a: Jirachi
|-resisted|p1a: Jirachi
|-damage|p1a: Jirachi|369\/404
|
|-heal|p1a: Jirachi|394\/404|[from] item: Leftovers
|turn|3
|
|switch|p2a: Forretress|Forretress, M|354\/354
|move|p1a: Jirachi|U-turn|p2a: Forretress
|-resisted|p2a: Forretress
|-damage|p2a: Forretress|333\/354
|
|switch|p1a: Tentacruel|Tentacruel, M|357\/363
|
|-heal|p1a: Tentacruel|363\/363|[from] item: Black Sludge
|-heal|p2a: Forretress|354\/354|[from] item: Leftovers
|turn|4
|
|move|p1a: Tentacruel|Scald|p2a: Forretress
|-damage|p2a: Forretress|270\/354
|move|p2a: Forretress|Volt Switch|p1a: Tentacruel
|-supereffective|p1a: Tentacruel
|-damage|p1a: Tentacruel|305\/363
|
|switch|p2a: Alakazam|Alakazam, F|251\/251
|
|-heal|p1a: Tentacruel|327\/363|[from] item: Black Sludge
|turn|5
|
|switch|p1a: Jirachi|Jirachi|394\/404
|move|p2a: Alakazam|Psyshock|p1a: Jirachi
|-resisted|p1a: Jirachi
|-damage|p1a: Jirachi|359\/404
|
|-heal|p1a: Jirachi|384\/404|[from] item: Leftovers
|turn|6
|
|switch|p2a: Quagsire|Quagsire, F|394\/394
|move|p1a: Jirachi|U-turn|p2a: Quagsire
|-damage|p2a: Quagsire|347\/394
|
|switch|p1a: Tentacruel|Tentacruel, M|327\/363
|
|-heal|p1a: Tentacruel|349\/363|[from] item: Black Sludge
|-heal|p2a: Quagsire|371\/394|[from] item: Leftovers
|turn|7
|
|move|p1a: Tentacruel|Toxic Spikes|p2a: Quagsire
|-sidestart|p2: Marky B|move: Toxic Spikes
|move|p2a: Quagsire|Scald|p1a: Tentacruel
|-resisted|p1a: Tentacruel
|-damage|p1a: Tentacruel|319\/363
|
|-heal|p1a: Tentacruel|341\/363|[from] item: Black Sludge
|-heal|p2a: Quagsire|394\/394|[from] item: Leftovers
|turn|8
|
|move|p1a: Tentacruel|Scald|p2a: Quagsire
|-damage|p2a: Quagsire|277\/394
|move|p2a: Quagsire|Scald|p1a: Tentacruel
|-resisted|p1a: Tentacruel
|-damage|p1a: Tentacruel|312\/363
|
|-heal|p1a: Tentacruel|334\/363|[from] item: Black Sludge
|-heal|p2a: Quagsire|301\/394|[from] item: Leftovers
|turn|9
|
|move|p1a: Tentacruel|Scald|p2a: Quagsire
|-damage|p2a: Quagsire|193\/394
|-status|p2a: Quagsire|brn
|move|p2a: Quagsire|Scald|p1a: Tentacruel
|-resisted|p1a: Tentacruel
|-damage|p1a: Tentacruel|305\/363
|-status|p1a: Tentacruel|brn
|
|-heal|p1a: Tentacruel|327\/363 brn|[from] item: Black Sludge
|-heal|p2a: Quagsire|217\/394 brn|[from] item: Leftovers
|-damage|p1a: Tentacruel|282\/363 brn|[from] brn
|-damage|p2a: Quagsire|168\/394 brn|[from] brn
|turn|10
|
|switch|p1a: omfuga fetish|Kyurem|391\/391
|-ability|p1a: omfuga fetish|Pressure
|move|p2a: Quagsire|Recover|p2a: Quagsire
|-heal|p2a: Quagsire|365\/394 brn
|
|-heal|p2a: Quagsire|389\/394 brn|[from] item: Leftovers
|-damage|p2a: Quagsire|340\/394 brn|[from] brn
|turn|11
|
|switch|p2a: Forretress|Forretress, M|270\/354
|move|p1a: omfuga fetish|Focus Blast|p2a: Forretress
|-damage|p2a: Forretress|43\/354
|
|-heal|p2a: Forretress|65\/354|[from] item: Leftovers
|turn|12
|
|switch|p2a: Crobat|Crobat, F|341\/341
|move|p1a: omfuga fetish|Focus Blast|p2a: Crobat
|-resisted|p2a: Crobat
|-damage|p2a: Crobat|273\/341
|
|turn|13
|
|switch|p1a: Jirachi|Jirachi|384\/404
|move|p2a: Crobat|Defog|p1a: Jirachi
|-unboost|p1a: Jirachi|evasion|1
|-sideend|p2: Marky B|Toxic Spikes|[from] move: Defog|[of] p2a: Crobat
|
|-heal|p1a: Jirachi|404\/404|[from] item: Leftovers
|turn|14
|
|switch|p2a: Raikou|Raikou|248\/321
|-ability|p2a: Raikou|Pressure
|move|p1a: Jirachi|U-turn|p2a: Raikou
|-damage|p2a: Raikou|175\/321
|
|switch|p1a: omfuga fetish|Kyurem|391\/391
|-ability|p1a: omfuga fetish|Pressure
|
|turn|15
|
|move|p2a: Raikou|Volt Switch|p1a: omfuga fetish
|-resisted|p1a: omfuga fetish
|-damage|p1a: omfuga fetish|294\/391
|
|switch|p2a: Forretress|Forretress, M|65\/354
|move|p1a: omfuga fetish|Ice Beam|p2a: Forretress
|-resisted|p2a: Forretress
|-damage|p2a: Forretress|0 fnt
|faint|p2a: Forretress
|
|
|switch|p2a: Machamp|Machamp, F|353\/353
|turn|16
|
|switch|p1a: Tentacruel|Tentacruel, M|282\/363 brn
|move|p2a: Machamp|Dynamic Punch|p1a: Tentacruel
|-resisted|p1a: Tentacruel
|-damage|p1a: Tentacruel|186\/363 brn
|-start|p1a: Tentacruel|confusion
|
|-heal|p1a: Tentacruel|208\/363 brn|[from] item: Black Sludge
|-damage|p1a: Tentacruel|163\/363 brn|[from] brn
|turn|17
|
|-activate|p1a: Tentacruel|confusion
|-damage|p1a: Tentacruel|155\/363 brn|[from] confusion
|move|p2a: Machamp|Ice Punch|p1a: Tentacruel
|-resisted|p1a: Tentacruel
|-damage|p1a: Tentacruel|111\/363 brn
|
|-heal|p1a: Tentacruel|133\/363 brn|[from] item: Black Sludge
|-damage|p1a: Tentacruel|88\/363 brn|[from] brn
|turn|18
|
|-activate|p1a: Tentacruel|confusion
|move|p1a: Tentacruel|Scald|p2a: Machamp
|-damage|p2a: Machamp|305\/353
|move|p2a: Machamp|Dynamic Punch|p1a: Tentacruel
|-resisted|p1a: Tentacruel
|-damage|p1a: Tentacruel|0 fnt
|faint|p1a: Tentacruel
|
|
|switch|p1a: Pidgeot|Pidgeot, M|307\/307
|turn|19
|J|Mael oo
|c|âMarky B|srry
|c|âMarky B|for takin long
|c|âCentury Express|k
|
|switch|p2a: Raikou|Raikou|175\/321
|-ability|p2a: Raikou|Pressure
|detailschange|p1a: Pidgeot|Pidgeot-Mega, M
|-mega|p1a: Pidgeot|Pidgeot|Pidgeotite
|move|p1a: Pidgeot|Hurricane|p2a: Raikou
|-resisted|p2a: Raikou
|-damage|p2a: Raikou|73\/321
|
|turn|20
|
|switch|p1a: Krookodile|Krookodile, M|331\/331
|-ability|p1a: Krookodile|Intimidate|[of] p2a: Raikou
|-unboost|p2a: Raikou|atk|1
|move|p2a: Raikou|Thunderbolt|p1a: Krookodile
|-immune|p1a: Krookodile|[msg]
|
|turn|21
|
|move|p1a: Krookodile|Pursuit|p2a: Raikou|[from]Pursuit
|-damage|p2a: Raikou|0 fnt
|faint|p2a: Raikou
|
|
|switch|p2a: Machamp|Machamp, F|305\/353
|turn|22
|
|move|p1a: Krookodile|Earthquake|p2a: Machamp
|-damage|p2a: Machamp|103\/353
|move|p2a: Machamp|Dynamic Punch|p1a: Krookodile
|-supereffective|p1a: Krookodile
|-damage|p1a: Krookodile|0 fnt
|faint|p1a: Krookodile
|
|
|switch|p1a: Pidgeot|Pidgeot-Mega, M|307\/307
|turn|23
|
|move|p2a: Machamp|Bullet Punch|p1a: Pidgeot
|-damage|p1a: Pidgeot|245\/307
|move|p1a: Pidgeot|Hurricane|p2a: Machamp
|-crit|p2a: Machamp
|-supereffective|p2a: Machamp
|-damage|p2a: Machamp|0 fnt
|faint|p2a: Machamp
|
|
|switch|p2a: Crobat|Crobat, F|273\/341
|turn|24
|
|move|p2a: Crobat|Brave Bird|p1a: Pidgeot
|-damage|p1a: Pidgeot|62\/307
|-damage|p2a: Crobat|213\/341|[from] recoil|[of] p1a: Pidgeot
|move|p1a: Pidgeot|Hurricane|p2a: Crobat
|-damage|p2a: Crobat|0 fnt
|faint|p2a: Crobat
|
|
|switch|p2a: Alakazam|Alakazam, F|251\/251
|turn|25
|
|move|p1a: Pidgeot|Hurricane|p2a: Alakazam
|-damage|p2a: Alakazam|31\/251
|move|p2a: Alakazam|Psyshock|p1a: Pidgeot
|-damage|p1a: Pidgeot|0 fnt
|faint|p1a: Pidgeot
|
|
|switch|p1a: Mienshao|Mienshao, M|271\/271
|turn|26
|
|switch|p2a: Quagsire|Quagsire, F|340\/394 brn
|move|p1a: Mienshao|U-turn|p2a: Quagsire
|-damage|p2a: Quagsire|274\/394 brn
|
|switch|p1a: omfuga fetish|Kyurem|294\/391
|-ability|p1a: omfuga fetish|Pressure
|
|-heal|p2a: Quagsire|298\/394 brn|[from] item: Leftovers
|-damage|p2a: Quagsire|249\/394 brn|[from] brn
|turn|27
|
|move|p1a: omfuga fetish|Ice Beam|p2a: Quagsire
|-damage|p2a: Quagsire|0 fnt
|faint|p2a: Quagsire
|
|c|âMarky B|gg
|c|âCentury Express|gg
|
|switch|p2a: Alakazam|Alakazam, F|31\/251
|turn|28
|c|âMarky B|mega bird too powerful
|
|move|p2a: Alakazam|Focus Blast|p1a: omfuga fetish|[miss]
|-miss|p2a: Alakazam|p1a: omfuga fetish
|move|p1a: omfuga fetish|Ice Beam|p2a: Alakazam
|-damage|p2a: Alakazam|0 fnt
|faint|p2a: Alakazam
|
|win|Century Express
|c|âCentury Express|yep :p