|join|toreutic
|join|Century Express
|player|p1|toreutic|1
|player|p2|Century Express|145
|gametype|singles
|gen|6
|tier|UU
|rated
|rule|Sleep Clause Mod: Limit one foe put to sleep
|rule|Species Clause: Limit one of each PokÃ©mon
|rule|OHKO Clause: OHKO moves are banned
|rule|Moody Clause: Moody is banned
|rule|Evasion Moves Clause: Evasion moves are banned
|rule|Endless Battle Clause: Forcing endless battles is banned
|rule|HP Percentage Mod: HP is shown in percentages
|clearpoke
|poke|p1|Machamp, F
|poke|p1|Espeon, F
|poke|p1|Mienshao, M
|poke|p1|Infernape, M
|poke|p1|Aerodactyl, M
|poke|p1|Hydreigon, M
|poke|p2|Nidoqueen, F
|poke|p2|Umbreon, M
|poke|p2|Starmie
|poke|p2|Jirachi
|poke|p2|Entei, shiny
|poke|p2|Abomasnow, M
|rule|Swagger Clause: Swagger is banned
|rule|Baton Pass Clause: Limit one PokÃ©mon knowing Baton Pass
|teampreview
|
|start
|switch|p1a: Hydreigon|Hydreigon, M|325\/325
|switch|p2a: Shoot Star|Jirachi|341\/341
|turn|1
|
|move|p2a: Shoot Star|U-turn|p1a: Hydreigon
|-supereffective|p1a: Hydreigon
|-damage|p1a: Hydreigon|179\/325
|
|switch|p2a: Shadowplay|Umbreon, M|389\/389
|move|p1a: Hydreigon|Draco Meteor|p2a: Shadowplay
|-damage|p2a: Shadowplay|170\/389
|-unboost|p1a: Hydreigon|spa|2
|
|-heal|p2a: Shadowplay|194\/389|[from] item: Leftovers
|turn|2
|
|switch|p1a: Machamp|Machamp, F|373\/373
|move|p2a: Shadowplay|Moonlight|p2a: Shadowplay
|-heal|p2a: Shadowplay|388\/389
|
|-heal|p2a: Shadowplay|389\/389|[from] item: Leftovers
|turn|3
|
|switch|p2a: Melinda|Starmie|324\/324
|move|p1a: Machamp|Knock Off|p2a: Melinda
|-supereffective|p2a: Melinda
|-damage|p2a: Melinda|40\/324
|-enditem|p2a: Melinda|Leftovers|[from] move: Knock Off|[of] p1a: Machamp
|
|turn|4
|
|move|p2a: Melinda|Scald|p1a: Machamp
|-damage|p1a: Machamp|300\/373
|move|p1a: Machamp|Knock Off|p2a: Melinda
|-supereffective|p2a: Melinda
|-damage|p2a: Melinda|0 fnt
|faint|p2a: Melinda
|
|
|switch|p2a: Dogs|Entei, shiny|385\/385
|-ability|p2a: Dogs|Pressure
|turn|5
|
|move|p2a: Dogs|Sacred Fire|p1a: Machamp
|-damage|p1a: Machamp|0 fnt
|faint|p1a: Machamp
|
|
|switch|p1a: Hydreigon|Hydreigon, M|179\/325
|turn|6
|
|switch|p2a: Shadowplay|Umbreon, M|389\/389
|move|p1a: Hydreigon|Draco Meteor|p2a: Shadowplay
|-crit|p2a: Shadowplay
|-damage|p2a: Shadowplay|43\/389
|-unboost|p1a: Hydreigon|spa|2
|
|-heal|p2a: Shadowplay|67\/389|[from] item: Leftovers
|turn|7
|
|switch|p2a: Shoot Star|Jirachi|341\/341
|move|p1a: Hydreigon|Draco Meteor|p2a: Shoot Star
|-resisted|p2a: Shoot Star
|-damage|p2a: Shoot Star|245\/341
|-unboost|p1a: Hydreigon|spa|2
|
|turn|8
|
|switch|p1a: Mienshao|Mienshao, M|271\/271
|move|p2a: Shoot Star|U-turn|p1a: Mienshao
|-resisted|p1a: Mienshao
|-damage|p1a: Mienshao|218\/271
|
|switch|p2a: Czarina|Nidoqueen, F|384\/384
|
|turn|9
|
|move|p1a: Mienshao|U-turn|p2a: Czarina
|-resisted|p2a: Czarina
|-damage|p2a: Czarina|350\/384
|
|switch|p1a: Espeon|Espeon, F|334\/334
|move|p2a: Czarina|Stealth Rock|p1a: Espeon
|move|p1a: Espeon|Stealth Rock|p2a: Czarina|[from]Magic Bounce
|-sidestart|p2: Century Express|move: Stealth Rock
|
|-heal|p2a: Czarina|374\/384|[from] item: Black Sludge
|turn|10
|
|switch|p2a: Shoot Star|Jirachi|245\/341
|-damage|p2a: Shoot Star|224\/341|[from] Stealth Rock
|move|p1a: Espeon|Baton Pass|p1a: Espeon
|
|switch|p1a: Mienshao|Mienshao, M|271\/271
|
|turn|11
|
|switch|p2a: Czarina|Nidoqueen, F|374\/384
|-damage|p2a: Czarina|350\/384|[from] Stealth Rock
|move|p1a: Mienshao|High Jump Kick|p2a: Czarina
|-resisted|p2a: Czarina
|-damage|p2a: Czarina|257\/384
|
|-heal|p2a: Czarina|281\/384|[from] item: Black Sludge
|turn|12
|
|switch|p1a: Infernape|Infernape, M|293\/293
|move|p2a: Czarina|Ice Beam|p1a: Infernape
|-resisted|p1a: Infernape
|-damage|p1a: Infernape|247\/293
|
|-heal|p2a: Czarina|305\/384|[from] item: Black Sludge
|turn|13
|
|move|p2a: Czarina|Protect|p2a: Czarina
|-singleturn|p2a: Czarina|Protect
|move|p1a: Infernape|Fire Blast|p2a: Czarina
|-activate|p2a: Czarina|Protect
|
|-heal|p2a: Czarina|329\/384|[from] item: Black Sludge
|turn|14
|
|move|p1a: Infernape|Fire Blast|p2a: Czarina
|-damage|p2a: Czarina|83\/384
|-damage|p1a: Infernape|218\/293|[from] item: Life Orb
|move|p2a: Czarina|Earth Power|p1a: Infernape
|-supereffective|p1a: Infernape
|-damage|p1a: Infernape|0 fnt
|faint|p1a: Infernape
|
|-heal|p2a: Czarina|107\/384|[from] item: Black Sludge
|
|switch|p1a: Hydreigon|Hydreigon, M|179\/325
|turn|15
|
|move|p2a: Czarina|Protect|p2a: Czarina
|-singleturn|p2a: Czarina|Protect
|move|p1a: Hydreigon|Dark Pulse|p2a: Czarina
|-activate|p2a: Czarina|Protect
|
|-heal|p2a: Czarina|131\/384|[from] item: Black Sludge
|turn|16
|
|switch|p2a: Shadowplay|Umbreon, M|67\/389
|-damage|p2a: Shadowplay|19\/389|[from] Stealth Rock
|move|p1a: Hydreigon|Dark Pulse|p2a: Shadowplay
|-resisted|p2a: Shadowplay
|-damage|p2a: Shadowplay|0 fnt
|faint|p2a: Shadowplay
|
|
|switch|p2a: Shoot Star|Jirachi|224\/341
|-damage|p2a: Shoot Star|203\/341|[from] Stealth Rock
|turn|17
|
|move|p2a: Shoot Star|Iron Head|p1a: Hydreigon
|-damage|p1a: Hydreigon|46\/325
|cant|p1a: Hydreigon|flinch
|
|turn|18
|
|move|p2a: Shoot Star|Iron Head|p1a: Hydreigon
|-damage|p1a: Hydreigon|0 fnt
|faint|p1a: Hydreigon
|
|
|switch|p1a: Mienshao|Mienshao, M|271\/271
|turn|19
|
|switch|p2a: Dogs|Entei, shiny|385\/385
|-damage|p2a: Dogs|289\/385|[from] Stealth Rock
|-ability|p2a: Dogs|Pressure
|move|p1a: Mienshao|High Jump Kick|p2a: Dogs
|-damage|p2a: Dogs|15\/385
|
|turn|20
|
|switch|p1a: Aerodactyl|Aerodactyl, M|309\/309
|-ability|p1a: Aerodactyl|Pressure
|move|p2a: Dogs|Extreme Speed|p1a: Aerodactyl
|-crit|p1a: Aerodactyl
|-resisted|p1a: Aerodactyl
|-damage|p1a: Aerodactyl|154\/309
|
|turn|21
|
|detailschange|p1a: Aerodactyl|Aerodactyl-Mega, M
|-mega|p1a: Aerodactyl|Aerodactyl|Aerodactylite
|move|p2a: Dogs|Extreme Speed|p1a: Aerodactyl
|-resisted|p1a: Aerodactyl
|-damage|p1a: Aerodactyl|73\/309
|move|p1a: Aerodactyl|Aerial Ace|p2a: Dogs
|-damage|p2a: Dogs|0 fnt
|faint|p2a: Dogs
|
|
|switch|p2a: Rhayader|Abomasnow, M|369\/369
|-damage|p2a: Rhayader|277\/369|[from] Stealth Rock
|-weather|Hail
|turn|22
|
|detailschange|p2a: Rhayader|Abomasnow-Mega, M
|-mega|p2a: Rhayader|Abomasnow|Abomasite
|move|p2a: Rhayader|Ice Shard|p1a: Aerodactyl
|-supereffective|p1a: Aerodactyl
|-damage|p1a: Aerodactyl|0 fnt
|faint|p1a: Aerodactyl
|
|-weather|Hail|[upkeep]
|
|switch|p1a: Mienshao|Mienshao, M|271\/271
|turn|23
|
|move|p2a: Rhayader|Ice Shard|p1a: Mienshao
|-damage|p1a: Mienshao|159\/271
|move|p1a: Mienshao|High Jump Kick|p2a: Rhayader
|-supereffective|p2a: Rhayader
|-damage|p2a: Rhayader|0 fnt
|faint|p2a: Rhayader
|
|-weather|Hail|[upkeep]
|-damage|p1a: Mienshao|143\/271|[from] hail
|
|switch|p2a: Czarina|Nidoqueen, F|131\/384
|-damage|p2a: Czarina|107\/384|[from] Stealth Rock
|turn|24
|
|switch|p1a: Espeon|Espeon, F|334\/334
|move|p2a: Czarina|Protect|p2a: Czarina
|-fail|p2a: Czarina
|
|-weather|Hail|[upkeep]
|-damage|p1a: Espeon|314\/334|[from] hail
|-damage|p2a: Czarina|83\/384|[from] hail
|-heal|p1a: Espeon|334\/334|[from] item: Leftovers
|-heal|p2a: Czarina|107\/384|[from] item: Black Sludge
|turn|25
|
|move|p2a: Czarina|Protect|p2a: Czarina
|-singleturn|p2a: Czarina|Protect
|move|p1a: Espeon|Psyshock|p2a: Czarina
|-activate|p2a: Czarina|Protect
|
|-weather|Hail|[upkeep]
|-damage|p1a: Espeon|314\/334|[from] hail
|-damage|p2a: Czarina|83\/384|[from] hail
|-heal|p1a: Espeon|334\/334|[from] item: Leftovers
|-heal|p2a: Czarina|107\/384|[from] item: Black Sludge
|turn|26
|
|switch|p2a: Shoot Star|Jirachi|203\/341
|-damage|p2a: Shoot Star|182\/341|[from] Stealth Rock
|move|p1a: Espeon|Baton Pass|p1a: Espeon
|-message|Century Express forfeited.
|leave|Century Express
|
|switch|p1a: Mienshao|Mienshao, M|233\/271
|
|-weather|none
|turn|27
|
|win|toreutic
|raw|Ladder updating...
|player|p2
|raw|toreutic's rating: 1415 &rarr; <strong>1441<\/strong><br \/>(+26 for winning)
|raw|Century Express's rating: 1530 &rarr; <strong>1503<\/strong><br \/>(-27 for losing)