|join|LiberalLucario
|join|Century Express
|player|p1|LiberalLucario|130
|player|p2|Century Express|145
|gametype|singles
|gen|6
|tier|UU
|rule|Sleep Clause Mod: Limit one foe put to sleep
|rule|Species Clause: Limit one of each PokÃ©mon
|rule|OHKO Clause: OHKO moves are banned
|rule|Moody Clause: Moody is banned
|rule|Evasion Moves Clause: Evasion moves are banned
|rule|Endless Battle Clause: Forcing endless battles is banned
|rule|HP Percentage Mod: HP is shown in percentages
|clearpoke
|poke|p1|Zoroark, M
|poke|p1|Aerodactyl, F
|poke|p1|Nidoqueen, F
|poke|p1|Cobalion
|poke|p1|Starmie
|poke|p1|Raikou
|poke|p2|Azelf
|poke|p2|Beedrill, F
|poke|p2|Raikou
|poke|p2|Tentacruel, M
|poke|p2|Entei, shiny
|poke|p2|Hydreigon, M
|rule|Swagger Clause: Swagger is banned
|rule|Baton Pass Clause: Limit one PokÃ©mon knowing Baton Pass
|teampreview
|join|OGWanka
|
|start
|switch|p1a: Aerodactyl|Aerodactyl, F|311\/311
|switch|p2a: Knots|Tentacruel, M|362\/362
|-ability|p1a: Aerodactyl|Pressure
|turn|1
|
|switch|p1a: Raikou|Raikou|321\/321
|-ability|p1a: Raikou|Pressure
|move|p2a: Knots|Scald|p1a: Raikou
|-damage|p1a: Raikou|236\/321
|-status|p1a: Raikou|brn
|
|-damage|p1a: Raikou|196\/321 brn|[from] brn
|turn|2
|
|move|p2a: Knots|Protect|p2a: Knots
|-singleturn|p2a: Knots|Protect
|move|p1a: Raikou|Volt Switch|p2a: Knots
|-activate|p2a: Knots|Protect
|
|-damage|p1a: Raikou|156\/321 brn|[from] brn
|turn|3
|
|switch|p2a: Trilogy|Hydreigon, M|325\/325
|move|p1a: Raikou|Volt Switch|p2a: Trilogy
|-resisted|p2a: Trilogy
|-damage|p2a: Trilogy|228\/325
|
|switch|p1a: Cobalion|Cobalion|324\/324
|
|turn|4
|
|move|p2a: Trilogy|U-turn|p1a: Cobalion
|-resisted|p1a: Cobalion
|-damage|p1a: Cobalion|315\/324
|
|switch|p2a: Still Life|Raikou|321\/321
|-ability|p2a: Still Life|Pressure
|move|p1a: Cobalion|Close Combat|p2a: Still Life
|-damage|p2a: Still Life|93\/321
|-unboost|p1a: Cobalion|def|1
|-unboost|p1a: Cobalion|spd|1
|
|turn|5
|
|switch|p1a: Nidoqueen|Nidoqueen, F|331\/331
|move|p2a: Still Life|Volt Switch|p1a: Nidoqueen
|-immune|p1a: Nidoqueen|[msg]
|
|turn|6
|
|switch|p2a: Oracle|Azelf|291\/291
|move|p1a: Nidoqueen|Stealth Rock|p2a: Oracle
|-sidestart|p2: Century Express|move: Stealth Rock
|
|turn|7
|
|switch|p1a: Aerodactyl|Aerodactyl, F|311\/311
|-ability|p1a: Aerodactyl|Pressure
|move|p2a: Oracle|Stealth Rock|p1a: Aerodactyl
|-sidestart|p1: LiberalLucario|move: Stealth Rock
|
|turn|8
|
|detailschange|p1a: Aerodactyl|Aerodactyl-Mega, F
|-mega|p1a: Aerodactyl|Aerodactyl|Aerodactylite
|move|p1a: Aerodactyl|Aerial Ace|p2a: Oracle
|-damage|p2a: Oracle|105\/291
|move|p2a: Oracle|Explosion|p1a: Aerodactyl
|-resisted|p1a: Aerodactyl
|-damage|p1a: Aerodactyl|153\/311
|faint|p2a: Oracle
|
|
|switch|p2a: Trilogy|Hydreigon, M|228\/325
|-damage|p2a: Trilogy|188\/325|[from] Stealth Rock
|turn|9
|
|switch|p1a: Cobalion|Cobalion|315\/324
|-damage|p1a: Cobalion|305\/324|[from] Stealth Rock
|move|p2a: Trilogy|U-turn|p1a: Cobalion
|-resisted|p1a: Cobalion
|-damage|p1a: Cobalion|294\/324
|
|switch|p2a: Knots|Tentacruel, M|362\/362
|-damage|p2a: Knots|317\/362|[from] Stealth Rock
|
|-heal|p2a: Knots|339\/362|[from] item: Black Sludge
|turn|10
|
|switch|p1a: Starmie|Starmie|323\/323
|-damage|p1a: Starmie|283\/323|[from] Stealth Rock
|switch|p2a: Killer Queen|Beedrill, F|275\/275
|-damage|p2a: Killer Queen|207\/275|[from] Stealth Rock
|
|-heal|p1a: Starmie|303\/323|[from] item: Leftovers
|turn|11
|
|switch|p1a: Cobalion|Cobalion|294\/324
|-damage|p1a: Cobalion|284\/324|[from] Stealth Rock
|detailschange|p2a: Killer Queen|Beedrill-Mega, F
|-mega|p2a: Killer Queen|Beedrill|Beedrillite
|move|p2a: Killer Queen|Protect|p2a: Killer Queen
|-fail|p2a: Killer Queen
|
|turn|12
|
|move|p2a: Killer Queen|U-turn|p1a: Cobalion
|-resisted|p1a: Cobalion
|-damage|p1a: Cobalion|246\/324
|
|switch|p2a: Knots|Tentacruel, M|339\/362
|-damage|p2a: Knots|294\/362|[from] Stealth Rock
|move|p1a: Cobalion|Iron Head|p2a: Knots
|-resisted|p2a: Knots
|-damage|p2a: Knots|237\/362
|
|-heal|p2a: Knots|259\/362|[from] item: Black Sludge
|turn|13
|
|switch|p1a: Starmie|Starmie|303\/323
|-damage|p1a: Starmie|263\/323|[from] Stealth Rock
|move|p2a: Knots|Rapid Spin|p1a: Starmie
|-damage|p1a: Starmie|251\/323
|-sideend|p2: Century Express|Stealth Rock|[from] move: Rapid Spin|[of] p2a: Knots
|
|-heal|p1a: Starmie|271\/323|[from] item: Leftovers
|-heal|p2a: Knots|281\/362|[from] item: Black Sludge
|turn|14
|
|switch|p2a: Killer Queen|Beedrill-Mega, F|207\/275
|move|p1a: Starmie|Rapid Spin|p2a: Killer Queen
|-damage|p2a: Killer Queen|189\/275
|-sideend|p1: LiberalLucario|Stealth Rock|[from] move: Rapid Spin|[of] p1a: Starmie
|
|-heal|p1a: Starmie|291\/323|[from] item: Leftovers
|turn|15
|
|switch|p1a: Cobalion|Cobalion|246\/324
|move|p2a: Killer Queen|Knock Off|p1a: Cobalion
|-resisted|p1a: Cobalion
|-damage|p1a: Cobalion|187\/324
|-boost|p1a: Cobalion|atk|1|[from] ability: Justified
|-enditem|p1a: Cobalion|Lum Berry|[from] move: Knock Off|[of] p2a: Killer Queen
|
|turn|16
|
|move|p2a: Killer Queen|U-turn|p1a: Cobalion
|-resisted|p1a: Cobalion
|-damage|p1a: Cobalion|143\/324
|
|switch|p2a: Knots|Tentacruel, M|281\/362
|move|p1a: Cobalion|Close Combat|p2a: Knots
|-resisted|p2a: Knots
|-damage|p2a: Knots|155\/362
|-unboost|p1a: Cobalion|def|1
|-unboost|p1a: Cobalion|spd|1
|
|-heal|p2a: Knots|177\/362|[from] item: Black Sludge
|turn|17
|
|switch|p1a: Starmie|Starmie|291\/323
|move|p2a: Knots|Scald|p1a: Starmie
|-resisted|p1a: Starmie
|-damage|p1a: Starmie|246\/323
|-status|p1a: Starmie|brn
|
|-heal|p1a: Starmie|266\/323 brn|[from] item: Leftovers
|-heal|p2a: Knots|199\/362|[from] item: Black Sludge
|-damage|p1a: Starmie|226\/323 brn|[from] brn
|turn|18
|
|switch|p1a: Nidoqueen|Nidoqueen, F|331\/331
|move|p2a: Knots|Protect|p2a: Knots
|-fail|p2a: Knots
|
|-heal|p2a: Knots|221\/362|[from] item: Black Sludge
|turn|19
|
|switch|p1a: Starmie|Starmie|226\/323
|move|p2a: Knots|Scald|p1a: Starmie
|-resisted|p1a: Starmie
|-damage|p1a: Starmie|178\/323
|-status|p1a: Starmie|brn
|
|-heal|p1a: Starmie|198\/323 brn|[from] item: Leftovers
|-heal|p2a: Knots|243\/362|[from] item: Black Sludge
|-damage|p1a: Starmie|158\/323 brn|[from] brn
|turn|20
|
|switch|p2a: Trilogy|Hydreigon, M|188\/325
|move|p1a: Starmie|Recover|p1a: Starmie
|-heal|p1a: Starmie|320\/323 brn
|
|-heal|p1a: Starmie|323\/323 brn|[from] item: Leftovers
|-damage|p1a: Starmie|283\/323 brn|[from] brn
|turn|21
|
|switch|p1a: Raikou|Raikou|156\/321 brn
|-ability|p1a: Raikou|Pressure
|move|p2a: Trilogy|U-turn|p1a: Raikou
|-damage|p1a: Raikou|94\/321 brn
|
|switch|p2a: Killer Queen|Beedrill-Mega, F|189\/275
|
|-damage|p1a: Raikou|54\/321 brn|[from] brn
|turn|22
|
|move|p2a: Killer Queen|U-turn|p1a: Raikou
|-damage|p1a: Raikou|0 fnt
|faint|p1a: Raikou
|
|switch|p2a: Entei|Entei, shiny|381\/381
|-ability|p2a: Entei|Pressure
|
|join|LessThanThreeMan
|leave|LessThanThreeMan
|
|switch|p1a: Aerodactyl|Aerodactyl-Mega, F|153\/311
|turn|23
|
|switch|p2a: Still Life|Raikou|93\/321
|-ability|p2a: Still Life|Pressure
|move|p1a: Aerodactyl|Stone Edge|p2a: Still Life
|-damage|p2a: Still Life|0 fnt
|faint|p2a: Still Life
|
|
|switch|p2a: Trilogy|Hydreigon, M|188\/325
|turn|24
|
|switch|p1a: Starmie|Starmie|261\/261
|move|p2a: Trilogy|Draco Meteor|p1a: Starmie|[miss]
|-miss|p2a: Trilogy|p1a: Starmie
|
|turn|25
|
|switch|p2a: Knots|Tentacruel, M|243\/362
|move|p1a: Starmie|Sucker Punch|p2a: Knots
|-fail|p1a: Starmie
|
|-heal|p2a: Knots|265\/362|[from] item: Black Sludge
|turn|26
|
|move|p1a: Starmie|Knock Off|p2a: Knots
|-damage|p2a: Knots|96\/362
|-enditem|p2a: Knots|Black Sludge|[from] move: Knock Off|[of] p1a: Starmie
|-damage|p1a: Starmie|235\/261|[from] item: Life Orb
|move|p2a: Knots|Scald|p1a: Starmie
|replace|p1a: Zoroark|Zoroark, M|235\/261
|-damage|p1a: Zoroark|111\/261
|
|turn|27
|
|move|p1a: Zoroark|Knock Off|p2a: Knots
|-damage|p2a: Knots|0 fnt
|-damage|p1a: Zoroark|85\/261|[from] item: Life Orb
|faint|p2a: Knots
|
|
|switch|p2a: Trilogy|Hydreigon, M|188\/325
|turn|28
|
|move|p1a: Zoroark|Sucker Punch|p2a: Trilogy
|-resisted|p2a: Trilogy
|-damage|p2a: Trilogy|106\/325
|-damage|p1a: Zoroark|59\/261|[from] item: Life Orb
|move|p2a: Trilogy|U-turn|p1a: Zoroark
|-crit|p1a: Zoroark
|-supereffective|p1a: Zoroark
|-damage|p1a: Zoroark|0 fnt
|faint|p1a: Zoroark
|
|switch|p2a: Entei|Entei, shiny|381\/381
|-ability|p2a: Entei|Pressure
|
|
|switch|p1a: Aerodactyl|Aerodactyl-Mega, F|153\/311
|turn|29
|
|move|p2a: Entei|Extreme Speed|p1a: Aerodactyl
|-resisted|p1a: Aerodactyl
|-damage|p1a: Aerodactyl|69\/311
|move|p1a: Aerodactyl|Stone Edge|p2a: Entei
|-supereffective|p2a: Entei
|-damage|p2a: Entei|0 fnt
|faint|p2a: Entei
|
|
|switch|p2a: Trilogy|Hydreigon, M|106\/325
|turn|30
|
|move|p2a: Trilogy|Fire Blast|p1a: Aerodactyl
|-resisted|p1a: Aerodactyl
|-damage|p1a: Aerodactyl|8\/311
|move|p1a: Aerodactyl|Stone Edge|p2a: Trilogy
|-damage|p2a: Trilogy|0 fnt
|faint|p2a: Trilogy
|
|
|switch|p2a: Killer Queen|Beedrill-Mega, F|189\/275
|turn|31
|
|move|p1a: Aerodactyl|Aerial Ace|p2a: Killer Queen
|-supereffective|p2a: Killer Queen
|-damage|p2a: Killer Queen|0 fnt
|faint|p2a: Killer Queen
|
|win|LiberalLucario
|leave|Century Express
|c|âLiberalLucario|gg
|player|p2