|join|We are PASCAL
|join|Godsend
|player|p1|We are PASCAL|102
|player|p2|Godsend|169
|gametype|singles
|gen|6
|tier|UU
|rule|Sleep Clause Mod: Limit one foe put to sleep
|rule|Species Clause: Limit one of each Pokemon
|rule|OHKO Clause: OHKO moves are banned
|rule|Moody Clause: Moody is banned
|rule|Evasion Moves Clause: Evasion moves are banned
|rule|Endless Battle Clause: Forcing endless battles is banned.
|rule|HP Percentage Mod: HP is reported as percentages
|clearpoke
|poke|p1|Kyurem
|poke|p1|Forretress, M
|poke|p1|Swampert, M
|poke|p1|Crobat, F
|poke|p1|Mienshao, F
|poke|p1|Hydreigon, F
|poke|p2|Victini
|poke|p2|Hydreigon, M
|poke|p2|Forretress, F
|poke|p2|Florges, F
|poke|p2|Ampharos, M
|poke|p2|Mew
|teampreview
|chat|Godsend|Good luck
|chat|We are PASCAL|Same
|
|start
|switch|p1a: Mienshao|Mienshao, F|271\/271
|switch|p2a: Victini|Victini|341\/341
|turn|1
|
|move|p1a: Mienshao|Knock Off|p2a: Victini
|-supereffective|p2a: Victini
|-damage|p2a: Victini|117\/341
|-enditem|p2a: Victini|Choice Band|[from] move: Knock Off|[of] p1a: Mienshao
|move|p2a: Victini|V-create|p1a: Mienshao
|-damage|p1a: Mienshao|0 fnt
|-unboost|p2a: Victini|def|1
|-unboost|p2a: Victini|spd|1
|-unboost|p2a: Victini|spe|1
|faint|p1a: Mienshao
|
|
|switch|p1a: Crobat|Crobat, F|311\/311
|turn|2
|
|switch|p2a: Ampharos|Ampharos, M|384\/384
|move|p1a: Crobat|U-turn|p2a: Ampharos
|-damage|p2a: Ampharos|334\/384
|-status|p1a: Crobat|par
|
|switch|p1a: Swampert|Swampert, M|404\/404
|
|turn|3
|
|switch|p2a: Hydreigon|Hydreigon, M|325\/325
|move|p1a: Swampert|Stealth Rock|p2a: Hydreigon
|-sidestart|p2: Godsend|move: Stealth Rock
|
|turn|4
|
|move|p2a: Hydreigon|Draco Meteor|p1a: Swampert
|-damage|p1a: Swampert|60\/404
|-unboost|p2a: Hydreigon|spa|2
|-damage|p2a: Hydreigon|293\/325|[from] item: Life Orb
|move|p1a: Swampert|Roar|p2a: Hydreigon
|drag|p2a: Forretress|Forretress, F|354\/354
|-damage|p2a: Forretress|310\/354|[from] Stealth Rock
|
|-heal|p1a: Swampert|85\/404|[from] item: Leftovers
|-heal|p2a: Forretress|332\/354|[from] item: Leftovers
|turn|5
|
|move|p1a: Swampert|Scald|p2a: Forretress
|-damage|p2a: Forretress|206\/354
|-status|p2a: Forretress|brn
|move|p2a: Forretress|Rapid Spin|p1a: Swampert
|-damage|p1a: Swampert|79\/404
|-sideend|p2: Godsend|Stealth Rock|[from] move: Rapid Spin|[of] p2a: Forretress
|
|-heal|p1a: Swampert|104\/404|[from] item: Leftovers
|-heal|p2a: Forretress|228\/354 brn|[from] item: Leftovers
|-damage|p2a: Forretress|184\/354 brn|[from] brn
|turn|6
|
|switch|p2a: Hydreigon|Hydreigon, M|293\/325
|move|p1a: Swampert|Stealth Rock|p2a: Hydreigon
|-sidestart|p2: Godsend|move: Stealth Rock
|
|-heal|p1a: Swampert|129\/404|[from] item: Leftovers
|turn|7
|
|switch|p1a: Hydreigon|Hydreigon, F|325\/325
|move|p2a: Hydreigon|Dark Pulse|p1a: Hydreigon
|-crit|p1a: Hydreigon
|-resisted|p1a: Hydreigon
|-damage|p1a: Hydreigon|156\/325
|-damage|p2a: Hydreigon|261\/325|[from] item: Life Orb
|
|turn|8
|
|switch|p2a: Florges|Florges, F|360\/360
|-damage|p2a: Florges|315\/360|[from] Stealth Rock
|move|p1a: Hydreigon|Flash Cannon|p2a: Florges
|-supereffective|p2a: Florges
|-damage|p2a: Florges|115\/360
|
|-heal|p2a: Florges|137\/360|[from] item: Leftovers
|turn|9
|
|move|p2a: Florges|Protect|p2a: Florges
|-singleturn|p2a: Florges|Protect
|move|p1a: Hydreigon|Flash Cannon|p2a: Florges
|-activate|p2a: Florges|Protect
|
|-heal|p2a: Florges|159\/360|[from] item: Leftovers
|turn|10
|
|switch|p1a: Swampert|Swampert, M|129\/404
|switch|p2a: Ampharos|Ampharos, M|334\/384
|-damage|p2a: Ampharos|286\/384|[from] Stealth Rock
|
|-heal|p1a: Swampert|154\/404|[from] item: Leftovers
|turn|11
|
|switch|p2a: Mew|Mew|403\/403
|-damage|p2a: Mew|353\/403|[from] Stealth Rock
|move|p1a: Swampert|Roar|p2a: Mew
|drag|p2a: Hydreigon|Hydreigon, M|261\/325
|-damage|p2a: Hydreigon|221\/325|[from] Stealth Rock
|
|-heal|p1a: Swampert|179\/404|[from] item: Leftovers
|turn|12
|
|switch|p1a: Forretress|Forretress, M|354\/354
|move|p2a: Hydreigon|Draco Meteor|p1a: Forretress
|-resisted|p1a: Forretress
|-damage|p1a: Forretress|102\/354
|-unboost|p2a: Hydreigon|spa|2
|-damage|p2a: Hydreigon|189\/325|[from] item: Life Orb
|
|-heal|p1a: Forretress|124\/354|[from] item: Leftovers
|turn|13
|
|move|p2a: Hydreigon|Draco Meteor|p1a: Forretress
|-resisted|p1a: Forretress
|-damage|p1a: Forretress|6\/354
|-unboost|p2a: Hydreigon|spa|2
|-damage|p2a: Hydreigon|157\/325|[from] item: Life Orb
|move|p1a: Forretress|Volt Switch|p2a: Hydreigon
|-resisted|p2a: Hydreigon
|-damage|p2a: Hydreigon|134\/325
|
|switch|p1a: Hydreigon|Hydreigon, F|156\/325
|
|turn|14
|
|switch|p2a: Forretress|Forretress, F|184\/354 brn
|-damage|p2a: Forretress|140\/354 brn|[from] Stealth Rock
|move|p1a: Hydreigon|Flash Cannon|p2a: Forretress
|-resisted|p2a: Forretress
|-damage|p2a: Forretress|71\/354 brn
|
|-heal|p2a: Forretress|93\/354 brn|[from] item: Leftovers
|-damage|p2a: Forretress|49\/354 brn|[from] brn
|turn|15
|
|move|p1a: Hydreigon|Flash Cannon|p2a: Forretress
|-crit|p2a: Forretress
|-resisted|p2a: Forretress
|-damage|p2a: Forretress|0 fnt
|faint|p2a: Forretress
|
|
|switch|p2a: Mew|Mew|353\/403
|-damage|p2a: Mew|303\/403|[from] Stealth Rock
|turn|16
|
|move|p1a: Hydreigon|Flash Cannon|p2a: Mew
|-damage|p2a: Mew|199\/403
|move|p2a: Mew|Defog|p1a: Hydreigon
|-unboost|p1a: Hydreigon|evasion|1
|-sideend|p2: Godsend|Stealth Rock|[from] move: Defog|[of] p2a: Mew
|
|-heal|p2a: Mew|224\/403|[from] item: Leftovers
|turn|17
|
|move|p1a: Hydreigon|Flash Cannon|p2a: Mew
|-damage|p2a: Mew|122\/403
|-unboost|p2a: Mew|spd|1
|move|p2a: Mew|Will-O-Wisp|p1a: Hydreigon
|-status|p1a: Hydreigon|brn
|
|-heal|p2a: Mew|147\/403|[from] item: Leftovers
|-damage|p1a: Hydreigon|116\/325 brn|[from] brn
|turn|18
|
|switch|p2a: Ampharos|Ampharos, M|286\/384
|move|p1a: Hydreigon|Flash Cannon|p2a: Ampharos
|-resisted|p2a: Ampharos
|-damage|p2a: Ampharos|215\/384
|
|-damage|p1a: Hydreigon|76\/325 brn|[from] brn
|turn|19
|
|switch|p1a: Swampert|Swampert, M|179\/404
|detailschange|p2a: Ampharos|Ampharos-Mega, M
|message|Ampharos has Mega Evolved into Mega Ampharos!
|-ability|p2a: Ampharos|Mold Breaker
|move|p2a: Ampharos|Dragon Pulse|p1a: Swampert
|-damage|p1a: Swampert|5\/404
|
|-heal|p1a: Swampert|30\/404|[from] item: Leftovers
|turn|20
|join|Zadlyx
|join|Pyrogon
|
|switch|p2a: Mew|Mew|147\/403
|move|p1a: Swampert|Earthquake|p2a: Mew
|-damage|p2a: Mew|17\/403
|
|-heal|p2a: Mew|42\/403|[from] item: Leftovers
|-heal|p1a: Swampert|55\/404|[from] item: Leftovers
|turn|21
|
|move|p2a: Mew|Soft-Boiled|p2a: Mew
|-heal|p2a: Mew|244\/403
|move|p1a: Swampert|Stealth Rock|p2a: Mew
|-sidestart|p2: Godsend|move: Stealth Rock
|
|-heal|p2a: Mew|269\/403|[from] item: Leftovers
|-heal|p1a: Swampert|80\/404|[from] item: Leftovers
|turn|22
|leave|Pyrogon
|
|move|p2a: Mew|Knock Off|p1a: Swampert
|-damage|p1a: Swampert|20\/404
|-enditem|p1a: Swampert|Leftovers|[from] move: Knock Off|[of] p2a: Mew
|move|p1a: Swampert|Scald|p2a: Mew
|-crit|p2a: Mew
|-damage|p2a: Mew|124\/403
|-status|p2a: Mew|brn
|-status|p1a: Swampert|brn
|
|-heal|p2a: Mew|149\/403 brn|[from] item: Leftovers
|-damage|p2a: Mew|99\/403 brn|[from] brn
|-damage|p1a: Swampert|0 fnt|[from] brn
|faint|p1a: Swampert
|
|switch|p1a: Hydreigon|Hydreigon, F|76\/325 brn
|turn|23
|
|move|p1a: Hydreigon|Flash Cannon|p2a: Mew
|-damage|p2a: Mew|0 fnt
|faint|p2a: Mew
|
|-damage|p1a: Hydreigon|36\/325 brn|[from] brn
|
|switch|p2a: Ampharos|Ampharos-Mega, M|215\/384
|-damage|p2a: Ampharos|167\/384|[from] Stealth Rock
|-ability|p2a: Ampharos|Mold Breaker
|turn|24
|
|switch|p1a: Forretress|Forretress, M|6\/354
|move|p2a: Ampharos|Volt Switch|p1a: Forretress
|-damage|p1a: Forretress|0 fnt
|faint|p1a: Forretress
|
|switch|p2a: Hydreigon|Hydreigon, M|134\/325
|-damage|p2a: Hydreigon|94\/325|[from] Stealth Rock
|
|
|switch|p1a: Hydreigon|Hydreigon, F|36\/325 brn
|turn|25
|
|move|p1a: Hydreigon|Flash Cannon|p2a: Hydreigon
|-damage|p2a: Hydreigon|0 fnt
|faint|p2a: Hydreigon
|
|-damage|p1a: Hydreigon|0 fnt|[from] brn
|faint|p1a: Hydreigon
|
|switch|p2a: Florges|Florges, F|159\/360
|-damage|p2a: Florges|114\/360|[from] Stealth Rock
|switch|p1a: Crobat|Crobat, F|311\/311 par
|turn|26
|
|move|p2a: Florges|Protect|p2a: Florges
|-singleturn|p2a: Florges|Protect
|move|p1a: Crobat|Cross Poison|p2a: Florges
|-activate|p2a: Florges|Protect
|
|-heal|p2a: Florges|136\/360|[from] item: Leftovers
|turn|27
|
|switch|p2a: Ampharos|Ampharos-Mega, M|167\/384
|-damage|p2a: Ampharos|119\/384|[from] Stealth Rock
|-ability|p2a: Ampharos|Mold Breaker
|move|p1a: Crobat|Cross Poison|p2a: Ampharos
|-crit|p2a: Ampharos
|-damage|p2a: Ampharos|16\/384
|-status|p2a: Ampharos|psn
|
|-damage|p2a: Ampharos|0 fnt|[from] psn
|faint|p2a: Ampharos
|join|Frexa
|
|switch|p2a: Victini|Victini|117\/341
|-damage|p2a: Victini|32\/341|[from] Stealth Rock
|turn|28
|
|switch|p1a: Kyurem|Kyurem|453\/453
|-ability|p1a: Kyurem|Pressure
|move|p2a: Victini|V-create|p1a: Kyurem
|-damage|p1a: Kyurem|132\/453
|-unboost|p2a: Victini|def|1
|-unboost|p2a: Victini|spd|1
|-unboost|p2a: Victini|spe|1
|
|-heal|p1a: Kyurem|160\/453|[from] item: Leftovers
|turn|29
|
|move|p1a: Kyurem|Ice Beam|p2a: Victini
|-resisted|p2a: Victini
|-damage|p2a: Victini|0 fnt
|faint|p2a: Victini
|
|-heal|p1a: Kyurem|188\/453|[from] item: Leftovers
|
|switch|p2a: Florges|Florges, F|136\/360
|-damage|p2a: Florges|91\/360|[from] Stealth Rock
|turn|30
|
|move|p2a: Florges|Protect|p2a: Florges
|-singleturn|p2a: Florges|Protect
|move|p1a: Kyurem|Ice Beam|p2a: Florges
|-activate|p2a: Florges|Protect
|
|-heal|p1a: Kyurem|216\/453|[from] item: Leftovers
|-heal|p2a: Florges|113\/360|[from] item: Leftovers
|turn|31
|
|move|p1a: Kyurem|Ice Beam|p2a: Florges
|-damage|p2a: Florges|20\/360
|move|p2a: Florges|Wish|p2a: Florges
|
|-heal|p1a: Kyurem|244\/453|[from] item: Leftovers
|-heal|p2a: Florges|42\/360|[from] item: Leftovers
|turn|32
|
|switch|p1a: Crobat|Crobat, F|311\/311 par
|move|p2a: Florges|Moonblast|p1a: Crobat
|-resisted|p1a: Crobat
|-damage|p1a: Crobat|234\/311 par
|
|-heal|p2a: Florges|222\/360|[from] move: Wish|[wisher] Florges
|-heal|p2a: Florges|244\/360|[from] item: Leftovers
|-heal|p1a: Crobat|253\/311 par|[from] item: Leftovers
|turn|33
|
|move|p2a: Florges|Moonblast|p1a: Crobat
|-resisted|p1a: Crobat
|-damage|p1a: Crobat|178\/311 par
|move|p1a: Crobat|Cross Poison|p2a: Florges
|-supereffective|p2a: Florges
|-damage|p2a: Florges|50\/360
|
|-heal|p2a: Florges|72\/360|[from] item: Leftovers
|-heal|p1a: Crobat|197\/311 par|[from] item: Leftovers
|turn|34
|
|move|p2a: Florges|Moonblast|p1a: Crobat
|-resisted|p1a: Crobat
|-damage|p1a: Crobat|125\/311 par
|move|p1a: Crobat|Cross Poison|p2a: Florges
|-supereffective|p2a: Florges
|-damage|p2a: Florges|0 fnt
|faint|p2a: Florges
|
|win|We are PASCAL
|chat|Godsend|gg
|leave|Godsend
|player|p2
|chat|We are PASCAL|gg