|join|Meruu
|join|Godsend
|player|p1|Meruu|184
|player|p2|Godsend|2
|gametype|singles
|gen|6
|tier|UU
|rated
|rule|Sleep Clause Mod: Limit one foe put to sleep
|rule|Species Clause: Limit one of each Pokemon
|rule|OHKO Clause: OHKO moves are banned
|rule|Moody Clause: Moody is banned
|rule|Evasion Moves Clause: Evasion moves are banned
|rule|Endless Battle Clause: Forcing endless battles is banned.
|rule|HP Percentage Mod: HP is reported as percentages
|clearpoke
|poke|p1|Hippowdon, M
|poke|p1|Virizion
|poke|p1|Stoutland, M
|poke|p1|Hydreigon, F
|poke|p1|Alakazam, M
|poke|p1|Doublade, M
|poke|p2|Swellow, M
|poke|p2|Victini
|poke|p2|Hydreigon, F
|poke|p2|Suicune
|poke|p2|Snorlax, M
|poke|p2|Gligar, M
|teampreview
|chat|Godsend|I'm fight with Megaman!
|
|start
|switch|p1a: get good bouff|Hippowdon, M|420\/420
|switch|p2a: Hydreigon|Hydreigon, F|325\/325
|-weather|Sandstorm
|turn|1
|
|move|p2a: Hydreigon|Dark Pulse|p1a: get good bouff
|-damage|p1a: get good bouff|255\/420
|-damage|p2a: Hydreigon|293\/325|[from] item: Life Orb
|move|p1a: get good bouff|Stealth Rock|p2a: Hydreigon
|-sidestart|p2: Godsend|move: Stealth Rock
|
|-weather|Sandstorm|[upkeep]
|-damage|p2a: Hydreigon|273\/325|[from] sandstorm
|turn|2
|
|move|p2a: Hydreigon|Draco Meteor|p1a: get good bouff
|-damage|p1a: get good bouff|0 fnt
|-unboost|p2a: Hydreigon|spa|2
|-damage|p2a: Hydreigon|241\/325|[from] item: Life Orb
|faint|p1a: get good bouff
|
|-weather|Sandstorm|[upkeep]
|-damage|p2a: Hydreigon|221\/325|[from] sandstorm
|chat|Godsend|No more stall?
|
|switch|p1a: get good bouff|Stoutland, M|311\/311
|turn|3
|
|switch|p2a: Gligar|Gligar, M|334\/334
|-damage|p2a: Gligar|293\/334|[from] Stealth Rock
|move|p1a: get good bouff|Retaliate|p2a: Gligar
|-damage|p2a: Gligar|121\/334
|
|-weather|Sandstorm|[upkeep]
|turn|4
|
|switch|p1a: Virizion|Virizion|323\/323
|move|p2a: Gligar|Roost|p2a: Gligar
|-heal|p2a: Gligar|288\/334
|
|-weather|Sandstorm|[upkeep]
|-damage|p1a: Virizion|303\/323|[from] sandstorm
|-heal|p1a: Virizion|323\/323|[from] item: Leftovers
|turn|5
|
|move|p1a: Virizion|Hidden Power|p2a: Gligar
|-supereffective|p2a: Gligar
|-damage|p2a: Gligar|88\/334
|move|p2a: Gligar|Defog|p1a: Virizion
|-unboost|p1a: Virizion|evasion|1
|-sideend|p2: Godsend|Stealth Rock|[from] move: Defog|[of] p2a: Gligar
|
|-weather|Sandstorm|[upkeep]
|-damage|p1a: Virizion|303\/323|[from] sandstorm
|-heal|p1a: Virizion|323\/323|[from] item: Leftovers
|turn|6
|
|switch|p2a: Victini|Victini|341\/341
|move|p1a: Virizion|Hidden Power|p2a: Victini
|-resisted|p2a: Victini
|-damage|p2a: Victini|313\/341
|
|-weather|Sandstorm|[upkeep]
|-damage|p1a: Virizion|303\/323|[from] sandstorm
|-damage|p2a: Victini|292\/341|[from] sandstorm
|-heal|p1a: Virizion|323\/323|[from] item: Leftovers
|turn|7
|
|switch|p1a: get good bouff|Hydreigon, F|325\/325
|move|p2a: Victini|U-turn|p1a: get good bouff
|-supereffective|p1a: get good bouff
|-damage|p1a: get good bouff|107\/325
|
|switch|p2a: Swellow|Swellow, M|261\/261
|
|-weather|Sandstorm|[upkeep]
|-damage|p2a: Swellow|245\/261|[from] sandstorm
|-damage|p1a: get good bouff|87\/325|[from] sandstorm
|-status|p2a: Swellow|tox|[from] item: Toxic Orb
|turn|8
|
|switch|p1a: get good bouff|Stoutland, M|311\/311
|move|p2a: Swellow|U-turn|p1a: get good bouff
|-damage|p1a: get good bouff|208\/311
|
|switch|p2a: Victini|Victini|292\/341
|
|-weather|none
|turn|9
|
|move|p2a: Victini|V-create|p1a: get good bouff
|-damage|p1a: get good bouff|0 fnt
|-unboost|p2a: Victini|def|1
|-unboost|p2a: Victini|spd|1
|-unboost|p2a: Victini|spe|1
|faint|p1a: get good bouff
|
|join|JiaCheng
|
|switch|p1a: get good bouff|Hydreigon, F|87\/325
|turn|10
|
|switch|p2a: Gligar|Gligar, M|88\/334
|move|p1a: get good bouff|Draco Meteor|p2a: Gligar
|-damage|p2a: Gligar|0 fnt
|-unboost|p1a: get good bouff|spa|2
|faint|p2a: Gligar
|
|
|switch|p2a: Victini|Victini|292\/341
|turn|11
|
|move|p2a: Victini|V-create|p1a: get good bouff
|-resisted|p1a: get good bouff
|-damage|p1a: get good bouff|0 fnt
|-unboost|p2a: Victini|def|1
|-unboost|p2a: Victini|spd|1
|-unboost|p2a: Victini|spe|1
|faint|p1a: get good bouff
|
|
|switch|p1a: Alakazam|Alakazam, M|251\/251
|turn|12
|
|move|p1a: Alakazam|Psyshock|p2a: Victini
|-resisted|p2a: Victini
|-damage|p2a: Victini|158\/341
|move|p2a: Victini|V-create|p1a: Alakazam
|-damage|p1a: Alakazam|0 fnt
|-unboost|p2a: Victini|def|1
|-unboost|p2a: Victini|spd|1
|-unboost|p2a: Victini|spe|1
|faint|p1a: Alakazam
|
|
|switch|p1a: Virizion|Virizion|323\/323
|turn|13
|leave|JiaCheng
|
|switch|p2a: Hydreigon|Hydreigon, F|221\/325
|move|p1a: Virizion|Focus Blast|p2a: Hydreigon|[miss]
|-miss|p1a: Virizion|p2a: Hydreigon
|
|turn|14
|
|move|p1a: Virizion|Focus Blast|p2a: Hydreigon
|-supereffective|p2a: Hydreigon
|-damage|p2a: Hydreigon|0 fnt
|faint|p2a: Hydreigon
|
|
|switch|p2a: Swellow|Swellow, M|245\/261 tox
|turn|15
|
|switch|p1a: Doublade|Doublade, M|322\/322
|move|p2a: Swellow|Brave Bird|p1a: Doublade
|-resisted|p1a: Doublade
|-damage|p1a: Doublade|262\/322
|-damage|p2a: Swellow|225\/261 tox|[from] recoil|[of] p1a: Doublade
|
|-damage|p2a: Swellow|209\/261 tox|[from] psn
|turn|16
|
|switch|p2a: Suicune|Suicune|404\/404
|-ability|p2a: Suicune|Pressure
|move|p1a: Doublade|Shadow Claw|p2a: Suicune
|-crit|p2a: Suicune
|-damage|p2a: Suicune|281\/404
|
|-heal|p2a: Suicune|306\/404|[from] item: Leftovers
|turn|17
|
|switch|p1a: Virizion|Virizion|323\/323
|move|p2a: Suicune|Scald|p1a: Virizion
|-resisted|p1a: Virizion
|-damage|p1a: Virizion|289\/323
|-status|p1a: Virizion|brn
|
|-heal|p1a: Virizion|309\/323 brn|[from] item: Leftovers
|-heal|p2a: Suicune|331\/404|[from] item: Leftovers
|-damage|p1a: Virizion|269\/323 brn|[from] brn
|turn|18
|
|switch|p2a: Snorlax|Snorlax, M|461\/461
|move|p1a: Virizion|Energy Ball|p2a: Snorlax
|-damage|p2a: Snorlax|377\/461
|-unboost|p2a: Snorlax|spd|1
|
|-heal|p1a: Virizion|289\/323 brn|[from] item: Leftovers
|-damage|p1a: Virizion|249\/323 brn|[from] brn
|turn|19
|chat|Meruu|shouldve
|chat|Meruu|saved
|chat|Meruu|hippo
|chat|Meruu|:\/
|
|move|p1a: Virizion|Focus Blast|p2a: Snorlax
|-supereffective|p2a: Snorlax
|-damage|p2a: Snorlax|93\/461
|move|p2a: Snorlax|Frustration|p1a: Virizion
|-damage|p1a: Virizion|0 fnt
|faint|p1a: Virizion
|
|
|switch|p1a: Doublade|Doublade, M|262\/322
|turn|20
|join|JiaCheng
|
|move|p1a: Doublade|Swords Dance|p1a: Doublade
|-boost|p1a: Doublade|atk|2
|move|p2a: Snorlax|Crunch|p1a: Doublade
|-supereffective|p1a: Doublade
|-damage|p1a: Doublade|180\/322
|
|turn|21
|
|move|p1a: Doublade|Iron Head|p2a: Snorlax
|-damage|p2a: Snorlax|0 fnt
|faint|p2a: Snorlax
|
|
|switch|p2a: Victini|Victini|158\/341
|turn|22
|
|move|p1a: Doublade|Shadow Sneak|p2a: Victini
|-supereffective|p2a: Victini
|-damage|p2a: Victini|0 fnt
|faint|p2a: Victini
|
|
|switch|p2a: Suicune|Suicune|331\/404
|-ability|p2a: Suicune|Pressure
|turn|23
|
|move|p2a: Suicune|Scald|p1a: Doublade
|-damage|p1a: Doublade|87\/322
|move|p1a: Doublade|Shadow Claw|p2a: Suicune
|-crit|p2a: Suicune
|-damage|p2a: Suicune|91\/404
|
|-heal|p2a: Suicune|116\/404|[from] item: Leftovers
|turn|24
|
|move|p1a: Doublade|Shadow Sneak|p2a: Suicune
|-damage|p2a: Suicune|22\/404
|move|p2a: Suicune|Rest|p2a: Suicune
|-status|p2a: Suicune|slp
|-heal|p2a: Suicune|404\/404 slp|[silent]
|-status|p2a: Suicune|slp|[from] move: Rest
|
|turn|25
|
|cant|p2a: Suicune|slp
|move|p2a: Suicune|Sleep Talk|p2a: Suicune
|move|p2a: Suicune|Rest|p2a: Suicune|[from]Sleep Talk
|-fail|p2a: Suicune
|move|p1a: Doublade|Shadow Claw|p2a: Suicune
|-damage|p2a: Suicune|256\/404 slp
|
|-heal|p2a: Suicune|281\/404 slp|[from] item: Leftovers
|turn|26
|
|cant|p2a: Suicune|slp
|move|p2a: Suicune|Sleep Talk|p2a: Suicune
|move|p2a: Suicune|Calm Mind|p2a: Suicune|[from]Sleep Talk
|-boost|p2a: Suicune|spa|1
|-boost|p2a: Suicune|spd|1
|move|p1a: Doublade|Shadow Claw|p2a: Suicune
|-damage|p2a: Suicune|116\/404 slp
|
|-heal|p2a: Suicune|141\/404 slp|[from] item: Leftovers
|turn|27
|
|move|p1a: Doublade|Shadow Sneak|p2a: Suicune
|-damage|p2a: Suicune|41\/404 slp
|-curestatus|p2a: Suicune|slp
|move|p2a: Suicune|Scald|p1a: Doublade
|-damage|p1a: Doublade|0 fnt
|faint|p1a: Doublade
|
|win|Godsend
|raw|Ladder updating...
|raw|Meruu's rating: 1718 &rarr; <strong>1684<\/strong><br \/>(-34 for losing)
|raw|Godsend's rating: 1424 &rarr; <strong>1458<\/strong><br \/>(+34 for winning)
|chat|Godsend|gg
|leave|Meruu
|player|p1
|leave|Godsend
|player|p2
|leave|JiaCheng