|join|Lax_94
|join|Godsend
|player|p1|Lax_94|1
|player|p2|Godsend|102
|gametype|singles
|gen|6
|tier|UU
|rated
|rule|Sleep Clause Mod: Limit one foe put to sleep
|rule|Species Clause: Limit one of each Pokemon
|rule|OHKO Clause: OHKO moves are banned
|rule|Moody Clause: Moody is banned
|rule|Evasion Moves Clause: Evasion moves are banned
|rule|Endless Battle Clause: Forcing endless battles is banned.
|rule|HP Percentage Mod: HP is reported as percentages
|clearpoke
|poke|p1|Victini
|poke|p1|Absol, F
|poke|p1|Heracross, M
|poke|p1|Azelf
|poke|p1|Flygon, M
|poke|p1|Crobat, M
|poke|p2|Victini
|poke|p2|Hydreigon, M
|poke|p2|Forretress, F
|poke|p2|Florges, F
|poke|p2|Ampharos, M
|poke|p2|Mew
|teampreview
|
|start
|switch|p1a: Flygon|Flygon, M|301\/301
|switch|p2a: Ampharos|Ampharos, M|384\/384
|turn|1
|
|-ability|p2a: Ampharos|Mold Breaker
|detailschange|p2a: Ampharos|Ampharos-Mega, M
|message|Ampharos has Mega Evolved into Mega Ampharos!
|move|p1a: Flygon|Earthquake|p2a: Ampharos
|-supereffective|p2a: Ampharos
|-damage|p2a: Ampharos|154\/384
|move|p2a: Ampharos|Dragon Pulse|p1a: Flygon
|-supereffective|p1a: Flygon
|-damage|p1a: Flygon|0 fnt
|faint|p1a: Flygon
|
|
|switch|p1a: Azelf|Azelf|291\/291
|turn|2
|
|switch|p2a: Mew|Mew|403\/403
|move|p1a: Azelf|Stealth Rock|p2a: Mew
|-sidestart|p2: Godsend|move: Stealth Rock
|
|turn|3
|
|move|p1a: Azelf|Taunt|p2a: Mew
|-start|p2a: Mew|move: Taunt
|move|p2a: Mew|Knock Off|p1a: Azelf
|-supereffective|p1a: Azelf
|-damage|p1a: Azelf|83\/291
|-enditem|p1a: Azelf|Focus Sash|[from] move: Knock Off|[of] p2a: Mew
|
|turn|4
|
|move|p1a: Azelf|Fire Blast|p2a: Mew
|-damage|p2a: Mew|324\/403
|move|p2a: Mew|Knock Off|p1a: Azelf
|-supereffective|p1a: Azelf
|-damage|p1a: Azelf|0 fnt
|faint|p1a: Azelf
|
|-heal|p2a: Mew|349\/403|[from] item: Leftovers
|
|switch|p1a: Absol|Absol, F|271\/271
|-ability|p1a: Absol|Pressure
|turn|5
|
|switch|p2a: Florges|Florges, F|360\/360
|-damage|p2a: Florges|315\/360|[from] Stealth Rock
|detailschange|p1a: Absol|Absol-Mega, F
|message|Absol has Mega Evolved into Mega Absol!
|move|p1a: Absol|Knock Off|p2a: Florges
|-resisted|p2a: Florges
|-damage|p2a: Florges|225\/360
|-enditem|p2a: Florges|Leftovers|[from] move: Knock Off|[of] p1a: Absol
|
|turn|6
|
|switch|p1a: Crobat|Crobat, M|373\/373
|move|p2a: Florges|Moonblast|p1a: Crobat
|-resisted|p1a: Crobat
|-damage|p1a: Crobat|306\/373
|
|-heal|p1a: Crobat|329\/373|[from] item: Black Sludge
|turn|7
|
|switch|p2a: Forretress|Forretress, F|354\/354
|-damage|p2a: Forretress|310\/354|[from] Stealth Rock
|move|p1a: Crobat|Taunt|p2a: Forretress
|-start|p2a: Forretress|move: Taunt
|
|-heal|p1a: Crobat|352\/373|[from] item: Black Sludge
|-heal|p2a: Forretress|332\/354|[from] item: Leftovers
|turn|8
|
|move|p1a: Crobat|U-turn|p2a: Forretress
|-resisted|p2a: Forretress
|-damage|p2a: Forretress|310\/354
|
|switch|p1a: Victini|Victini|341\/341
|move|p2a: Forretress|Rapid Spin|p1a: Victini
|-damage|p1a: Victini|322\/341
|-sideend|p2: Godsend|Stealth Rock|[from] move: Rapid Spin|[of] p2a: Forretress
|
|-heal|p2a: Forretress|332\/354|[from] item: Leftovers
|turn|9
|
|move|p1a: Victini|V-create|p2a: Forretress
|-supereffective|p2a: Forretress
|-damage|p2a: Forretress|0 fnt
|-unboost|p1a: Victini|def|1
|-unboost|p1a: Victini|spd|1
|-unboost|p1a: Victini|spe|1
|faint|p2a: Forretress
|
|
|switch|p2a: Hydreigon|Hydreigon, M|325\/325
|turn|10
|
|switch|p1a: Heracross|Heracross, M|302\/302
|move|p2a: Hydreigon|Draco Meteor|p1a: Heracross
|-damage|p1a: Heracross|58\/302
|-unboost|p2a: Hydreigon|spa|2
|
|-status|p1a: Heracross|tox|[from] item: Toxic Orb
|turn|11
|
|move|p2a: Hydreigon|Draco Meteor|p1a: Heracross
|-damage|p1a: Heracross|0 fnt
|-unboost|p2a: Hydreigon|spa|2
|faint|p1a: Heracross
|
|
|switch|p1a: Victini|Victini|322\/341
|turn|12
|
|switch|p2a: Victini|Victini|341\/341
|move|p1a: Victini|Dazzling Gleam|p2a: Victini
|-resisted|p2a: Victini
|-damage|p2a: Victini|301\/341
|
|turn|13
|
|switch|p1a: Crobat|Crobat, M|352\/373
|move|p2a: Victini|U-turn|p1a: Crobat
|-resisted|p1a: Crobat
|-damage|p1a: Crobat|319\/373
|
|switch|p2a: Ampharos|Ampharos-Mega, M|154\/384
|-ability|p2a: Ampharos|Mold Breaker
|
|-heal|p1a: Crobat|342\/373|[from] item: Black Sludge
|turn|14
|
|move|p1a: Crobat|U-turn|p2a: Ampharos
|-damage|p2a: Ampharos|112\/384
|
|switch|p1a: Victini|Victini|322\/341
|move|p2a: Ampharos|Rest|p2a: Ampharos
|-status|p2a: Ampharos|slp
|-heal|p2a: Ampharos|384\/384 slp|[silent]
|-status|p2a: Ampharos|slp|[from] move: Rest
|
|turn|15
|
|switch|p2a: Victini|Victini|301\/341
|move|p1a: Victini|V-create|p2a: Victini
|-resisted|p2a: Victini
|-damage|p2a: Victini|201\/341
|-unboost|p1a: Victini|def|1
|-unboost|p1a: Victini|spd|1
|-unboost|p1a: Victini|spe|1
|
|turn|16
|
|move|p2a: Victini|V-create|p1a: Victini
|-resisted|p1a: Victini
|-damage|p1a: Victini|0 fnt
|-unboost|p2a: Victini|def|1
|-unboost|p2a: Victini|spd|1
|-unboost|p2a: Victini|spe|1
|faint|p1a: Victini
|
|
|switch|p1a: Crobat|Crobat, M|342\/373
|turn|17
|
|switch|p2a: Ampharos|Ampharos-Mega, M|384\/384 slp
|-ability|p2a: Ampharos|Mold Breaker
|move|p1a: Crobat|Brave Bird|p2a: Ampharos
|-resisted|p2a: Ampharos
|-damage|p2a: Ampharos|331\/384 slp
|-damage|p1a: Crobat|325\/373|[from] recoil|[of] p2a: Ampharos
|
|-heal|p1a: Crobat|348\/373|[from] item: Black Sludge
|turn|18
|
|move|p1a: Crobat|U-turn|p2a: Ampharos
|-damage|p2a: Ampharos|291\/384 slp
|
|switch|p1a: Absol|Absol-Mega, F|271\/271
|cant|p2a: Ampharos|slp
|move|p2a: Ampharos|Sleep Talk|p2a: Ampharos
|move|p2a: Ampharos|Dragon Pulse|p1a: Absol|[from]Sleep Talk
|-damage|p1a: Absol|43\/271
|
|turn|19
|
|move|p1a: Absol|Knock Off|p2a: Ampharos
|-damage|p2a: Ampharos|207\/384 slp
|cant|p2a: Ampharos|slp
|move|p2a: Ampharos|Sleep Talk|p2a: Ampharos
|move|p2a: Ampharos|Rest|p2a: Ampharos|[from]Sleep Talk
|-fail|p2a: Ampharos
|
|turn|20
|
|move|p1a: Absol|Sucker Punch|p2a: Ampharos
|-damage|p2a: Ampharos|87\/384 slp
|-curestatus|p2a: Ampharos|slp
|move|p2a: Ampharos|Dragon Pulse|p1a: Absol
|-damage|p1a: Absol|0 fnt
|faint|p1a: Absol
|
|
|switch|p1a: Crobat|Crobat, M|348\/373
|turn|21
|chat|Lax_94|gg
|chat|Godsend|gg
|
|move|p1a: Crobat|Brave Bird|p2a: Ampharos
|-resisted|p2a: Ampharos
|-damage|p2a: Ampharos|41\/384
|-damage|p1a: Crobat|333\/373|[from] recoil|[of] p2a: Ampharos
|move|p2a: Ampharos|Volt Switch|p1a: Crobat
|-supereffective|p1a: Crobat
|-damage|p1a: Crobat|39\/373
|
|switch|p2a: Hydreigon|Hydreigon, M|325\/325
|
|-heal|p1a: Crobat|62\/373|[from] item: Black Sludge
|turn|22
|
|move|p1a: Crobat|Roost|p1a: Crobat
|-heal|p1a: Crobat|249\/373
|move|p2a: Hydreigon|Draco Meteor|p1a: Crobat
|-damage|p1a: Crobat|0 fnt
|-unboost|p2a: Hydreigon|spa|2
|faint|p1a: Crobat
|
|win|Godsend
|raw|Ladder updating...
|raw|Lax_94's rating: 1291 &rarr; <strong>1276<\/strong><br \/>(-15 for losing)
|raw|Godsend's rating: 1427 &rarr; <strong>1439<\/strong><br \/>(+12 for winning)
|leave|Godsend