|join|Godsend
|join|Gym Leader Nicki
|player|p1|Godsend|101
|player|p2|Gym Leader Nicki|162
|gametype|singles
|gen|6
|tier|UU
|rated
|rule|Sleep Clause Mod: Limit one foe put to sleep
|rule|Species Clause: Limit one of each Pokemon
|rule|OHKO Clause: OHKO moves are banned
|rule|Moody Clause: Moody is banned
|rule|Evasion Moves Clause: Evasion moves are banned
|rule|Endless Battle Clause: Forcing endless battles is banned.
|rule|HP Percentage Mod: HP is reported as percentages
|clearpoke
|poke|p1|Entei, shiny
|poke|p1|Celebi
|poke|p1|Vaporeon, F
|poke|p1|Mew
|poke|p1|Crobat, M
|poke|p1|Aerodactyl, M
|poke|p2|Porygon-Z
|poke|p2|Toxicroak, M, shiny
|poke|p2|Manectric, M
|poke|p2|Krookodile, M
|poke|p2|Starmie
|poke|p2|Salamence, F
|teampreview
|
|start
|switch|p1a: Aerodactyl|Aerodactyl, M|337\/337
|switch|p2a: Spark|Manectric, M|281\/281
|turn|1
|
|switch|p1a: Mew|Mew|403\/403
|detailschange|p2a: Spark|Manectric-Mega, M
|message|Manectric has Mega Evolved into Mega Manectric!
|-ability|p2a: Spark|Intimidate|[of] p1a: Mew
|-unboost|p1a: Mew|atk|1
|move|p2a: Spark|Volt Switch|p1a: Mew
|-damage|p1a: Mew|304\/403
|
|switch|p2a: Blackness|Krookodile, M|332\/332
|-ability|p2a: Blackness|Intimidate|[of] p1a: Mew
|-unboost|p1a: Mew|atk|1
|
|-heal|p1a: Mew|329\/403|[from] item: Leftovers
|turn|2
|
|move|p2a: Blackness|Knock Off|p1a: Mew
|-supereffective|p1a: Mew
|-damage|p1a: Mew|29\/403
|-enditem|p1a: Mew|Leftovers|[from] move: Knock Off|[of] p2a: Blackness
|move|p1a: Mew|Will-O-Wisp|p2a: Blackness
|-status|p2a: Blackness|brn
|
|-damage|p2a: Blackness|291\/332 brn|[from] brn
|turn|3
|
|switch|p1a: Aerodactyl|Aerodactyl, M|337\/337
|move|p2a: Blackness|Crunch|p1a: Aerodactyl
|-damage|p1a: Aerodactyl|243\/337
|
|-heal|p2a: Blackness|311\/332 brn|[from] item: Leftovers
|-damage|p2a: Blackness|270\/332 brn|[from] brn
|turn|4
|
|detailschange|p1a: Aerodactyl|Aerodactyl-Mega, M
|message|Aerodactyl has Mega Evolved into Mega Aerodactyl!
|move|p1a: Aerodactyl|Stealth Rock|p2a: Blackness
|-sidestart|p2: Gym Leader Nicki|move: Stealth Rock
|move|p2a: Blackness|Stealth Rock|p1a: Aerodactyl
|-sidestart|p1: Godsend|move: Stealth Rock
|
|-heal|p2a: Blackness|290\/332 brn|[from] item: Leftovers
|-damage|p2a: Blackness|249\/332 brn|[from] brn
|turn|5
|join|EvilExperiments
|
|move|p1a: Aerodactyl|Roost|p1a: Aerodactyl
|-heal|p1a: Aerodactyl|337\/337
|move|p2a: Blackness|Crunch|p1a: Aerodactyl
|-damage|p1a: Aerodactyl|259\/337
|-unboost|p1a: Aerodactyl|def|1
|
|-heal|p2a: Blackness|269\/332 brn|[from] item: Leftovers
|-damage|p2a: Blackness|228\/332 brn|[from] brn
|turn|6
|
|move|p1a: Aerodactyl|Stone Edge|p2a: Blackness|[miss]
|-miss|p1a: Aerodactyl|p2a: Blackness
|move|p2a: Blackness|Earthquake|p1a: Aerodactyl
|-immune|p1a: Aerodactyl|[msg]
|
|-heal|p2a: Blackness|248\/332 brn|[from] item: Leftovers
|-damage|p2a: Blackness|207\/332 brn|[from] brn
|turn|7
|
|switch|p1a: Vaporeon|Vaporeon, F|464\/464
|-damage|p1a: Vaporeon|406\/464|[from] Stealth Rock
|move|p2a: Blackness|Crunch|p1a: Vaporeon
|-damage|p1a: Vaporeon|345\/464
|
|-heal|p2a: Blackness|227\/332 brn|[from] item: Leftovers
|-heal|p1a: Vaporeon|374\/464|[from] item: Leftovers
|-damage|p2a: Blackness|186\/332 brn|[from] brn
|turn|8
|
|move|p2a: Blackness|Knock Off|p1a: Vaporeon
|-damage|p1a: Vaporeon|289\/464
|-enditem|p1a: Vaporeon|Leftovers|[from] move: Knock Off|[of] p2a: Blackness
|move|p1a: Vaporeon|Wish|p1a: Vaporeon
|
|-heal|p2a: Blackness|206\/332 brn|[from] item: Leftovers
|-damage|p2a: Blackness|165\/332 brn|[from] brn
|turn|9
|
|switch|p2a: Spark|Manectric-Mega, M|281\/281
|-damage|p2a: Spark|246\/281|[from] Stealth Rock
|-ability|p2a: Spark|Intimidate|[of] p1a: Vaporeon
|-unboost|p1a: Vaporeon|atk|1
|move|p1a: Vaporeon|Scald|p2a: Spark
|-damage|p2a: Spark|126\/281
|
|-heal|p1a: Vaporeon|464\/464|[from] move: Wish|[wisher] Vaporeon
|turn|10
|
|switch|p1a: Mew|Mew|29\/403
|-damage|p1a: Mew|0 fnt|[from] Stealth Rock
|faint|p1a: Mew
|move|p2a: Spark|Volt Switch|p1: Mew|[notarget]
|-notarget
|
|
|switch|p1a: Aerodactyl|Aerodactyl-Mega, M|259\/337
|-damage|p1a: Aerodactyl|175\/337|[from] Stealth Rock
|turn|11
|
|move|p1a: Aerodactyl|Crunch|p2a: Spark
|-damage|p2a: Spark|0 fnt
|faint|p2a: Spark
|
|
|switch|p2a: Bommer|Porygon-Z|312\/312
|-damage|p2a: Bommer|273\/312|[from] Stealth Rock
|turn|12
|
|move|p2a: Bommer|Ice Beam|p1a: Aerodactyl
|-supereffective|p1a: Aerodactyl
|-damage|p1a: Aerodactyl|0 fnt
|faint|p1a: Aerodactyl
|
|
|switch|p1a: Vaporeon|Vaporeon, F|464\/464
|-damage|p1a: Vaporeon|406\/464|[from] Stealth Rock
|turn|13
|
|switch|p2a: Blackness|Krookodile, M|165\/332 brn
|-damage|p2a: Blackness|145\/332 brn|[from] Stealth Rock
|-ability|p2a: Blackness|Intimidate|[of] p1a: Vaporeon
|-unboost|p1a: Vaporeon|atk|1
|move|p1a: Vaporeon|Baton Pass|p1a: Vaporeon
|
|switch|p1a: Crobat|Crobat, M|343\/343
|-damage|p1a: Crobat|258\/343|[from] Stealth Rock
|
|-heal|p1a: Crobat|279\/343|[from] item: Leftovers
|-heal|p2a: Blackness|165\/332 brn|[from] item: Leftovers
|-damage|p2a: Blackness|124\/332 brn|[from] brn
|turn|14
|
|move|p1a: Crobat|Defog|p2a: Blackness
|-unboost|p2a: Blackness|evasion|1
|-sideend|p2: Gym Leader Nicki|Stealth Rock|[from] move: Defog|[of] p2a: Blackness
|-sideend|p1: Godsend|Stealth Rock|[from] move: Defog|[of] p1a: Crobat
|move|p2a: Blackness|Knock Off|p1a: Crobat
|-damage|p1a: Crobat|180\/343
|-enditem|p1a: Crobat|Leftovers|[from] move: Knock Off|[of] p2a: Blackness
|
|-heal|p2a: Blackness|144\/332 brn|[from] item: Leftovers
|-damage|p2a: Blackness|103\/332 brn|[from] brn
|turn|15
|
|move|p1a: Crobat|U-turn|p2a: Blackness
|-supereffective|p2a: Blackness
|-damage|p2a: Blackness|13\/332 brn
|
|switch|p1a: Vaporeon|Vaporeon, F|406\/464
|move|p2a: Blackness|Stealth Rock|p1a: Vaporeon
|-sidestart|p1: Godsend|move: Stealth Rock
|
|-heal|p2a: Blackness|33\/332 brn|[from] item: Leftovers
|-damage|p2a: Blackness|0 fnt|[from] brn
|faint|p2a: Blackness
|
|switch|p2a: Gunk Blaster|Toxicroak, M, shiny|307\/307
|turn|16
|
|move|p2a: Gunk Blaster|Swords Dance|p2a: Gunk Blaster
|-boost|p2a: Gunk Blaster|atk|2
|move|p1a: Vaporeon|Baton Pass|p1a: Vaporeon
|
|switch|p1a: Entei|Entei, shiny|371\/371
|-damage|p1a: Entei|279\/371|[from] Stealth Rock
|-ability|p1a: Entei|Pressure
|
|-heal|p1a: Entei|302\/371|[from] item: Leftovers
|turn|17
|
|move|p2a: Gunk Blaster|Sucker Punch|p1a: Entei
|-damage|p1a: Entei|47\/371
|-damage|p2a: Gunk Blaster|277\/307|[from] item: Life Orb
|move|p1a: Entei|Sacred Fire|p2a: Gunk Blaster
|-damage|p2a: Gunk Blaster|0 fnt
|faint|p2a: Gunk Blaster
|
|-heal|p1a: Entei|70\/371|[from] item: Leftovers
|
|switch|p2a: Super Luck|Salamence, F|331\/331
|turn|18
|
|move|p1a: Entei|Extreme Speed|p2a: Super Luck
|-damage|p2a: Super Luck|225\/331
|move|p2a: Super Luck|Dragon Dance|p2a: Super Luck
|-boost|p2a: Super Luck|atk|1
|-boost|p2a: Super Luck|spe|1
|
|-heal|p1a: Entei|93\/371|[from] item: Leftovers
|turn|19
|
|move|p2a: Super Luck|Dragon Claw|p1a: Entei
|-damage|p1a: Entei|0 fnt
|-damage|p2a: Super Luck|192\/331|[from] item: Life Orb
|faint|p1a: Entei
|-boost|p2a: Super Luck|atk|1|[from] ability: Moxie
|
|
|switch|p1a: Vaporeon|Vaporeon, F|406\/464
|-damage|p1a: Vaporeon|348\/464|[from] Stealth Rock
|turn|20
|
|move|p2a: Super Luck|Dragon Claw|p1a: Vaporeon
|-damage|p1a: Vaporeon|0 fnt
|-damage|p2a: Super Luck|159\/331|[from] item: Life Orb
|faint|p1a: Vaporeon
|-boost|p2a: Super Luck|atk|1|[from] ability: Moxie
|
|
|switch|p1a: Celebi|Celebi|361\/361
|-damage|p1a: Celebi|316\/361|[from] Stealth Rock
|turn|21
|
|move|p1a: Celebi|Sucker Punch|p2a: Super Luck
|-damage|p2a: Super Luck|62\/331
|move|p2a: Super Luck|Dragon Claw|p1a: Celebi
|-damage|p1a: Celebi|0 fnt
|-damage|p2a: Super Luck|29\/331|[from] item: Life Orb
|faint|p1a: Celebi
|-boost|p2a: Super Luck|atk|1|[from] ability: Moxie
|
|chat|Godsend|gg
|chat|Gym Leader Nicki|gg
|
|switch|p1a: Crobat|Crobat, M|180\/343
|-damage|p1a: Crobat|95\/343|[from] Stealth Rock
|turn|22
|
|move|p2a: Super Luck|Dragon Claw|p1a: Crobat
|-damage|p1a: Crobat|0 fnt
|-damage|p2a: Super Luck|0 fnt|[from] item: Life Orb
|faint|p1a: Crobat
|faint|p2a: Super Luck
|
|win|Gym Leader Nicki
|raw|Ladder updating...
|raw|Godsend's rating: 1477 &rarr; <strong>1449<\/strong><br \/>(-28 for losing)
|raw|Gym Leader Nicki's rating: 1320 &rarr; <strong>1349<\/strong><br \/>(+29 for winning)
|leave|Godsend
|player|p1