|join|Godsend
|join|PrestigeNinja
|player|p1|Godsend|2
|player|p2|PrestigeNinja|30
|gametype|singles
|gen|6
|tier|UU
|rated
|rule|Sleep Clause Mod: Limit one foe put to sleep
|rule|Species Clause: Limit one of each PokÃ©mon
|rule|OHKO Clause: OHKO moves are banned
|rule|Moody Clause: Moody is banned
|rule|Evasion Moves Clause: Evasion moves are banned
|rule|Endless Battle Clause: Forcing endless battles is banned
|rule|HP Percentage Mod: HP is reported as percentages
|clearpoke
|poke|p1|Haxorus, F, shiny
|poke|p1|Lucario, F
|poke|p1|Alakazam, F
|poke|p1|Azelf
|poke|p1|Ampharos, M
|poke|p1|Jirachi
|poke|p2|Aerodactyl, F
|poke|p2|Hydreigon, M
|poke|p2|Infernape, F
|poke|p2|Jirachi
|poke|p2|Mew
|poke|p2|Suicune
|rule|Swagger Clause: Swagger is banned
|rule|Baton Pass Clause: Limit one PokÃ©mon knowing Baton Pass
|teampreview
|chat|Godsend|gl brew
|
|start
|switch|p1a: Ampharos|Ampharos, M|383\/383
|switch|p2a: Infernape|Infernape, F|293\/293
|turn|1
|chat|PrestigeNinja|thnx fren
|chat|Godsend|:>
|
|detailschange|p1a: Ampharos|Ampharos-Mega, M
|message|Ampharos has Mega Evolved into Mega Ampharos!
|-ability|p1a: Ampharos|Mold Breaker
|move|p2a: Infernape|U-turn|p1a: Ampharos
|-damage|p1a: Ampharos|305\/383
|
|switch|p2a: Mew|Mew|404\/404
|move|p1a: Ampharos|Volt Switch|p2a: Mew
|-damage|p2a: Mew|305\/404
|
|switch|p1a: Azelf|Azelf|291\/291
|
|-heal|p2a: Mew|330\/404|[from] item: Leftovers
|turn|2
|
|move|p1a: Azelf|Knock Off|p2a: Mew
|-supereffective|p2a: Mew
|-damage|p2a: Mew|92\/404
|-enditem|p2a: Mew|Leftovers|[from] move: Knock Off|[of] p1a: Azelf
|move|p2a: Mew|U-turn|p1a: Azelf
|-supereffective|p1a: Azelf
|-damage|p1a: Azelf|135\/291
|
|switch|p2a: Jirachi|Jirachi|341\/341
|
|turn|3
|
|switch|p1a: Jirachi|Jirachi|341\/341
|move|p2a: Jirachi|U-turn|p1a: Jirachi
|-damage|p1a: Jirachi|272\/341
|
|switch|p2a: Infernape|Infernape, F|293\/293
|
|turn|4
|chat|PrestigeNinja|wtf haxorus is back ?
|chat|Godsend|yessir
|
|switch|p1a: Ampharos|Ampharos-Mega, M|305\/383
|-ability|p1a: Ampharos|Mold Breaker
|move|p2a: Infernape|U-turn|p1a: Ampharos
|-damage|p1a: Ampharos|234\/383
|
|switch|p2a: Hydreigon|Hydreigon, M|325\/325
|
|turn|5
|
|switch|p1a: Jirachi|Jirachi|272\/341
|move|p2a: Hydreigon|Draco Meteor|p1a: Jirachi
|-resisted|p1a: Jirachi
|-damage|p1a: Jirachi|115\/341
|-unboost|p2a: Hydreigon|spa|2
|-damage|p2a: Hydreigon|293\/325|[from] item: Life Orb
|
|turn|6
|
|switch|p2a: Suicune|Suicune|404\/404
|-ability|p2a: Suicune|Pressure
|move|p1a: Jirachi|U-turn|p2a: Suicune
|-damage|p2a: Suicune|361\/404
|
|switch|p1a: Ampharos|Ampharos-Mega, M|234\/383
|-ability|p1a: Ampharos|Mold Breaker
|
|-heal|p2a: Suicune|386\/404|[from] item: Leftovers
|turn|7
|
|switch|p2a: Hydreigon|Hydreigon, M|293\/325
|move|p1a: Ampharos|Volt Switch|p2a: Hydreigon
|-resisted|p2a: Hydreigon
|-damage|p2a: Hydreigon|226\/325
|
|switch|p1a: Jirachi|Jirachi|115\/341
|
|turn|8
|
|switch|p2a: Mew|Mew|92\/404
|move|p1a: Jirachi|U-turn|p2a: Mew
|-supereffective|p2a: Mew
|-damage|p2a: Mew|0 fnt
|faint|p2a: Mew
|
|switch|p1a: Azelf|Azelf|135\/291
|
|
|switch|p2a: Jirachi|Jirachi|341\/341
|turn|9
|
|switch|p1a: Lucario|Lucario, F|281\/281
|move|p2a: Jirachi|U-turn|p1a: Lucario
|-resisted|p1a: Lucario
|-damage|p1a: Lucario|257\/281
|
|switch|p2a: Infernape|Infernape, F|293\/293
|
|turn|10
|
|switch|p1a: Azelf|Azelf|135\/291
|move|p2a: Infernape|Close Combat|p1a: Azelf
|-resisted|p1a: Azelf
|-damage|p1a: Azelf|0 fnt
|-unboost|p2a: Infernape|def|1
|-unboost|p2a: Infernape|spd|1
|faint|p1a: Azelf
|
|
|switch|p1a: Alakazam|Alakazam, F|252\/252
|turn|11
|
|switch|p2a: Jirachi|Jirachi|341\/341
|move|p1a: Alakazam|Shadow Ball|p2a: Jirachi
|-supereffective|p2a: Jirachi
|-damage|p2a: Jirachi|129\/341
|
|turn|12
|
|switch|p1a: Jirachi|Jirachi|115\/341
|move|p2a: Jirachi|U-turn|p1a: Jirachi
|-damage|p1a: Jirachi|49\/341
|
|switch|p2a: Infernape|Infernape, F|293\/293
|
|turn|13
|
|move|p2a: Infernape|Mach Punch|p1a: Jirachi
|-damage|p1a: Jirachi|0 fnt
|faint|p1a: Jirachi
|
|
|switch|p1a: Ampharos|Ampharos-Mega, M|234\/383
|-ability|p1a: Ampharos|Mold Breaker
|turn|14
|
|switch|p2a: Hydreigon|Hydreigon, M|226\/325
|move|p1a: Ampharos|Volt Switch|p2a: Hydreigon
|-resisted|p2a: Hydreigon
|-damage|p2a: Hydreigon|159\/325
|chat|Godsend|Nape is soooooo good
|
|switch|p1a: Lucario|Lucario, F|257\/281
|
|turn|15
|chat|PrestigeNinja|yeah lol
|
|move|p1a: Lucario|Extreme Speed|p2a: Hydreigon
|-damage|p2a: Hydreigon|4\/325
|-damage|p1a: Lucario|229\/281|[from] item: Life Orb
|move|p2a: Hydreigon|Superpower|p1a: Lucario
|-supereffective|p1a: Lucario
|-damage|p1a: Lucario|0 fnt
|-unboost|p2a: Hydreigon|atk|1
|-unboost|p2a: Hydreigon|def|1
|-damage|p2a: Hydreigon|0 fnt|[from] item: Life Orb
|faint|p1a: Lucario
|faint|p2a: Hydreigon
|
|chat|Godsend|Just lost me das game
|
|switch|p2a: Jirachi|Jirachi|129\/341
|switch|p1a: Haxorus|Haxorus, F, shiny|293\/293
|-ability|p1a: Haxorus|Mold Breaker
|turn|16
|chat|Godsend|And I got pretty high damage lol
|chat|Godsend|That's why you always calc
|
|move|p2a: Jirachi|Iron Head|p1a: Haxorus
|-damage|p1a: Haxorus|170\/293
|move|p1a: Haxorus|Earthquake|p2a: Jirachi
|-supereffective|p2a: Jirachi
|-damage|p2a: Jirachi|0 fnt
|faint|p2a: Jirachi
|
|chat|PrestigeNinja|ah I see lol
|
|switch|p2a: Suicune|Suicune|386\/404
|-ability|p2a: Suicune|Pressure
|turn|17
|
|move|p1a: Haxorus|Dragon Dance|p1a: Haxorus
|-boost|p1a: Haxorus|atk|1
|-boost|p1a: Haxorus|spe|1
|move|p2a: Suicune|Scald|p1a: Haxorus
|-resisted|p1a: Haxorus
|-damage|p1a: Haxorus|111\/293
|
|-heal|p2a: Suicune|404\/404|[from] item: Leftovers
|turn|18
|
|move|p1a: Haxorus|Dual Chop|p2a: Suicune
|-damage|p2a: Suicune|320\/404
|-damage|p2a: Suicune|248\/404
|-hitcount|p2a: Suicune|2
|move|p2a: Suicune|Scald|p1a: Haxorus
|-resisted|p1a: Haxorus
|-damage|p1a: Haxorus|57\/293
|
|-heal|p2a: Suicune|273\/404|[from] item: Leftovers
|turn|19
|
|move|p1a: Haxorus|Dual Chop|p2a: Suicune
|-damage|p2a: Suicune|198\/404
|-damage|p2a: Suicune|125\/404
|-hitcount|p2a: Suicune|2
|move|p2a: Suicune|Scald|p1a: Haxorus
|-resisted|p1a: Haxorus
|-damage|p1a: Haxorus|0 fnt
|faint|p1a: Haxorus
|
|-heal|p2a: Suicune|150\/404|[from] item: Leftovers
|
|switch|p1a: Ampharos|Ampharos-Mega, M|234\/383
|-ability|p1a: Ampharos|Mold Breaker
|turn|20
|
|move|p2a: Suicune|Scald|p1a: Ampharos
|-resisted|p1a: Ampharos
|-damage|p1a: Ampharos|192\/383
|move|p1a: Ampharos|Volt Switch|p2a: Suicune
|-supereffective|p2a: Suicune
|-damage|p2a: Suicune|0 fnt
|faint|p2a: Suicune
|chat|Godsend|That was a really bad play as well
|chat|Godsend|lol
|chat|Godsend|I should have just gone to Amph
|chat|Godsend|Meh
|chat|Godsend|What are you gonna do?
|
|switch|p1a: Alakazam|Alakazam, F|252\/252
|
|
|switch|p2a: Aerodactyl|Aerodactyl, F|302\/302
|turn|21
|
|detailschange|p2a: Aerodactyl|Aerodactyl-Mega, F
|message|Aerodactyl has Mega Evolved into Mega Aerodactyl!
|move|p2a: Aerodactyl|Earthquake|p1a: Alakazam
|-damage|p1a: Alakazam|32\/252
|move|p1a: Alakazam|Psyshock|p2a: Aerodactyl
|-damage|p2a: Aerodactyl|140\/302
|
|turn|22
|
|move|p2a: Aerodactyl|Earthquake|p1a: Alakazam
|-damage|p1a: Alakazam|0 fnt
|faint|p1a: Alakazam
|
|
|switch|p1a: Ampharos|Ampharos-Mega, M|192\/383
|-ability|p1a: Ampharos|Mold Breaker
|turn|23
|chat|PrestigeNinja|geegee
|
|move|p2a: Aerodactyl|Earthquake|p1a: Ampharos
|-supereffective|p1a: Ampharos
|-damage|p1a: Ampharos|2\/383
|move|p1a: Ampharos|Rest|p1a: Ampharos
|-status|p1a: Ampharos|slp
|-heal|p1a: Ampharos|383\/383 slp|[silent]
|-status|p1a: Ampharos|slp|[from] move: Rest
|
|turn|24
|chat|Godsend|geeee geeeeee
|
|move|p2a: Aerodactyl|Earthquake|p1a: Ampharos
|-supereffective|p1a: Ampharos
|-damage|p1a: Ampharos|217\/383 slp
|cant|p1a: Ampharos|slp
|move|p1a: Ampharos|Sleep Talk|p1a: Ampharos
|move|p1a: Ampharos|Dragon Pulse|p2a: Aerodactyl|[from]Sleep Talk
|-damage|p2a: Aerodactyl|0 fnt
|faint|p2a: Aerodactyl
|
|
|switch|p2a: Infernape|Infernape, F|293\/293
|turn|25
|chat|Godsend|I have a 2\/3 chance of winning
|chat|PrestigeNinja|yeah let's see
|chat|Godsend|No, 1\/3
|
|move|p2a: Infernape|Close Combat|p1a: Ampharos
|-damage|p1a: Ampharos|31\/383 slp
|-unboost|p2a: Infernape|def|1
|-unboost|p2a: Infernape|spd|1
|cant|p1a: Ampharos|slp
|move|p1a: Ampharos|Sleep Talk|p1a: Ampharos
|move|p1a: Ampharos|Rest|p1a: Ampharos|[from]Sleep Talk
|-fail|p1a: Ampharos
|
|turn|26
|chat|PrestigeNinja|oh snap
|chat|PrestigeNinja|intense game
|chat|PrestigeNinja|gg
|chat|Godsend|Volt Switch would not have KO'd
|chat|Godsend|So I NEEDED Dragon Pulse
|chat|Godsend|lol
|chat|Godsend|Either way
|chat|Godsend|Good game friend
|chat|PrestigeNinja|oh yeah that sucks :\/
|chat|Godsend|Well played
|chat|PrestigeNinja|gg fren
|chat|PrestigeNinja|thnx
|chat|Godsend|You earned it brody
|
|move|p2a: Infernape|Close Combat|p1a: Ampharos
|-damage|p1a: Ampharos|0 fnt
|-unboost|p2a: Infernape|def|1
|-unboost|p2a: Infernape|spd|1
|faint|p1a: Ampharos
|
|win|PrestigeNinja
|raw|Ladder updating...
|raw|Godsend's rating: 1671 &rarr; <strong>1642<\/strong><br \/>(-29 for losing)
|raw|PrestigeNinja's rating: 1500 &rarr; <strong>1529<\/strong><br \/>(+29 for winning)
|chat|PrestigeNinja|:]
|leave|Godsend
|player|p1