|join|Godsend
|join|Squidprints YT
|player|p1|Godsend|265
|player|p2|Squidprints YT|25
|gametype|singles
|gen|6
|tier|UU
|rated
|rule|Sleep Clause Mod: Limit one foe put to sleep
|rule|Species Clause: Limit one of each Pokemon
|rule|OHKO Clause: OHKO moves are banned
|rule|Moody Clause: Moody is banned
|rule|Evasion Moves Clause: Evasion moves are banned
|rule|Endless Battle Clause: Forcing endless battles is banned.
|rule|HP Percentage Mod: HP is reported as percentages
|clearpoke
|poke|p1|Florges, F
|poke|p1|Hydreigon, F
|poke|p1|Victini
|poke|p1|Jirachi
|poke|p1|Blastoise, F
|poke|p1|Shaymin
|poke|p2|Heracross, F
|poke|p2|Galvantula, F
|poke|p2|Sableye, F
|poke|p2|Empoleon, F
|poke|p2|Chandelure, M
|poke|p2|Ambipom, M
|teampreview
|chat|Godsend|You're a tuber?
|chat|Squidprints YT|yes friend
|
|start
|switch|p1a: Hydreigon|Hydreigon, F|325\/325
|switch|p2a: Empoleon|Empoleon, F|372\/372
|turn|1
|chat|Godsend|Cool
|chat|Godsend|Link me your channel
|
|move|p1a: Hydreigon|U-turn|p2a: Empoleon
|-resisted|p2a: Empoleon
|-damage|p2a: Empoleon|353\/372
|chat|Squidprints YT|sure thing
|
|switch|p1a: Victini|Victini|341\/341
|move|p2a: Empoleon|Icy Wind|p1a: Victini
|-miss|p2a: Empoleon|p1a: Victini
|
|-heal|p2a: Empoleon|372\/372|[from] item: Leftovers
|turn|2
|chat|Squidprints YT|youtube.com\/squidprints
|
|move|p1a: Victini|Bolt Strike|p2a: Empoleon|[miss]
|-miss|p1a: Victini|p2a: Empoleon
|move|p2a: Empoleon|Stealth Rock|p1a: Victini
|-sidestart|p1: Godsend|move: Stealth Rock
|
|turn|3
|
|move|p1a: Victini|Bolt Strike|p2a: Empoleon
|-supereffective|p2a: Empoleon
|-damage|p2a: Empoleon|56\/372
|move|p2a: Empoleon|Scald|p1a: Victini
|-supereffective|p1a: Victini
|-damage|p1a: Victini|143\/341
|
|-heal|p2a: Empoleon|79\/372|[from] item: Leftovers
|turn|4
|chat|Godsend|subbed
|chat|Squidprints YT|wow man thank you :]]
|
|move|p1a: Victini|Bolt Strike|p2a: Empoleon
|-supereffective|p2a: Empoleon
|-damage|p2a: Empoleon|0 fnt
|faint|p2a: Empoleon
|
|
|switch|p2a: Ambipom|Ambipom, M|291\/291
|turn|5
|
|switch|p1a: Blastoise|Blastoise, F|362\/362
|-damage|p1a: Blastoise|317\/362|[from] Stealth Rock
|move|p2a: Ambipom|Fake Out|p1a: Blastoise
|-damage|p1a: Blastoise|223\/362
|-damage|p2a: Ambipom|262\/291|[from] item: Life Orb
|
|turn|6
|
|switch|p2a: Sableye|Sableye, F|303\/303
|detailschange|p1a: Blastoise|Blastoise-Mega, F
|message|Blastoise has Mega Evolved into Mega Blastoise!
|move|p1a: Blastoise|Rapid Spin|p2a: Sableye
|-immune|p2a: Sableye|[msg]
|
|turn|7
|
|move|p2a: Sableye|Toxic|p1a: Blastoise
|-status|p1a: Blastoise|tox
|move|p1a: Blastoise|Scald|p2a: Sableye
|-damage|p2a: Sableye|183\/303
|
|-damage|p1a: Blastoise|201\/362 tox|[from] psn
|turn|8
|chat|Godsend|I did not see that on your team lol
|
|move|p1a: Blastoise|Scald|p2a: Sableye
|-damage|p2a: Sableye|74\/303
|move|p2a: Sableye|Night Shade|p1a: Blastoise
|-damage|p1a: Blastoise|101\/362 tox
|
|-damage|p1a: Blastoise|57\/362 tox|[from] psn
|turn|9
|chat|Squidprints YT|lol yeah little guy is my blocker 
|
|move|p2a: Sableye|Recover|p2a: Sableye
|-heal|p2a: Sableye|226\/303
|move|p1a: Blastoise|Rest|p1a: Blastoise
|-status|p1a: Blastoise|slp
|-heal|p1a: Blastoise|362\/362 slp|[silent]
|-status|p1a: Blastoise|slp|[from] move: Rest
|
|turn|10
|chat|Squidprints YT|0.o wasn't expecting that
|
|switch|p1a: Florges|Florges, F|360\/360
|-damage|p1a: Florges|315\/360|[from] Stealth Rock
|move|p2a: Sableye|Night Shade|p1a: Florges
|-damage|p1a: Florges|215\/360
|
|-heal|p1a: Florges|237\/360|[from] item: Leftovers
|turn|11
|
|switch|p2a: Chandelure|Chandelure, M|284\/284
|move|p1a: Florges|Aromatherapy|p1a: Florges
|-cureteam|p1a: Florges|[from] move: Aromatherapy
|
|-heal|p1a: Florges|259\/360|[from] item: Leftovers
|turn|12
|
|switch|p1a: Hydreigon|Hydreigon, F|325\/325
|-damage|p1a: Hydreigon|285\/325|[from] Stealth Rock
|move|p2a: Chandelure|Substitute|p2a: Chandelure
|-start|p2a: Chandelure|Substitute
|-damage|p2a: Chandelure|213\/284
|
|-heal|p2a: Chandelure|230\/284|[from] item: Leftovers
|turn|13
|
|move|p1a: Hydreigon|Dark Pulse|p2a: Chandelure
|-supereffective|p2a: Chandelure
|-end|p2a: Chandelure|Substitute
|move|p2a: Chandelure|Fire Blast|p1a: Hydreigon
|-resisted|p1a: Hydreigon
|-damage|p1a: Hydreigon|156\/325
|
|-heal|p2a: Chandelure|247\/284|[from] item: Leftovers
|turn|14
|
|switch|p2a: Sableye|Sableye, F|226\/303
|move|p1a: Hydreigon|Dark Pulse|p2a: Sableye
|-damage|p2a: Sableye|93\/303
|
|turn|15
|
|switch|p1a: Shaymin|Shaymin|341\/341
|-damage|p1a: Shaymin|299\/341|[from] Stealth Rock
|move|p2a: Sableye|Recover|p2a: Sableye
|-heal|p2a: Sableye|245\/303
|
|turn|16
|
|switch|p2a: Galvantula|Galvantula, F|281\/281
|move|p1a: Shaymin|Seed Flare|p2a: Galvantula
|-resisted|p2a: Galvantula
|-damage|p2a: Galvantula|109\/281
|-damage|p1a: Shaymin|265\/341|[from] item: Life Orb
|
|turn|17
|
|switch|p1a: Florges|Florges, F|259\/360
|-damage|p1a: Florges|214\/360|[from] Stealth Rock
|move|p2a: Galvantula|Sticky Web|p1a: Florges
|-sidestart|p1: Godsend|move: Sticky Web
|
|-heal|p1a: Florges|236\/360|[from] item: Leftovers
|turn|18
|
|switch|p2a: Sableye|Sableye, F|245\/303
|move|p1a: Florges|Wish|p1a: Florges
|
|-heal|p1a: Florges|258\/360|[from] item: Leftovers
|turn|19
|
|move|p2a: Sableye|Toxic|p1a: Florges
|-status|p1a: Florges|tox
|move|p1a: Florges|Moonblast|p2a: Sableye
|-supereffective|p2a: Sableye
|-damage|p2a: Sableye|23\/303
|
|-heal|p1a: Florges|360\/360 tox|[from] move: Wish|[wisher] Florges
|-damage|p1a: Florges|338\/360 tox|[from] psn
|turn|20
|
|switch|p2a: Ambipom|Ambipom, M|262\/291
|move|p1a: Florges|Wish|p1a: Florges
|
|-heal|p1a: Florges|360\/360 tox|[from] item: Leftovers
|-damage|p1a: Florges|316\/360 tox|[from] psn
|turn|21
|
|switch|p1a: Blastoise|Blastoise-Mega, F|362\/362
|-damage|p1a: Blastoise|317\/362|[from] Stealth Rock
|-activate|p1a: Blastoise|move: Sticky Web
|-unboost|p1a: Blastoise|spe|1
|move|p2a: Ambipom|Fake Out|p1a: Blastoise
|-crit|p1a: Blastoise
|-damage|p1a: Blastoise|187\/362
|-damage|p2a: Ambipom|233\/291|[from] item: Life Orb
|
|-heal|p1a: Blastoise|362\/362|[from] move: Wish|[wisher] Florges
|turn|22
|
|move|p2a: Ambipom|Double Hit|p1a: Blastoise
|-damage|p1a: Blastoise|288\/362
|-damage|p1a: Blastoise|213\/362
|-hitcount|p1a: Blastoise|2
|-damage|p2a: Ambipom|204\/291|[from] item: Life Orb
|move|p1a: Blastoise|Scald|p2a: Ambipom
|-damage|p2a: Ambipom|29\/291
|
|turn|23
|
|switch|p2a: Sableye|Sableye, F|23\/303
|move|p1a: Blastoise|Rest|p1a: Blastoise
|-status|p1a: Blastoise|slp
|-heal|p1a: Blastoise|362\/362 slp|[silent]
|-status|p1a: Blastoise|slp|[from] move: Rest
|
|turn|24
|
|switch|p1a: Florges|Florges, F|316\/360 tox
|-damage|p1a: Florges|271\/360 tox|[from] Stealth Rock
|-activate|p1a: Florges|move: Sticky Web
|-unboost|p1a: Florges|spe|1
|move|p2a: Sableye|Recover|p2a: Sableye
|-heal|p2a: Sableye|175\/303
|
|-heal|p1a: Florges|293\/360 tox|[from] item: Leftovers
|-damage|p1a: Florges|271\/360 tox|[from] psn
|turn|25
|
|switch|p2a: Chandelure|Chandelure, M|247\/284
|move|p1a: Florges|Moonblast|p2a: Chandelure
|-resisted|p2a: Chandelure
|-damage|p2a: Chandelure|179\/284
|-unboost|p2a: Chandelure|spa|1
|
|-heal|p2a: Chandelure|196\/284|[from] item: Leftovers
|-heal|p1a: Florges|293\/360 tox|[from] item: Leftovers
|-damage|p1a: Florges|249\/360 tox|[from] psn
|turn|26
|
|switch|p1a: Hydreigon|Hydreigon, F|156\/325
|-damage|p1a: Hydreigon|116\/325|[from] Stealth Rock
|move|p2a: Chandelure|Fire Blast|p1a: Hydreigon|[miss]
|-miss|p2a: Chandelure|p1a: Hydreigon
|
|-heal|p2a: Chandelure|213\/284|[from] item: Leftovers
|turn|27
|
|switch|p2a: Ambipom|Ambipom, M|29\/291
|move|p1a: Hydreigon|Dark Pulse|p2a: Ambipom
|-damage|p2a: Ambipom|0 fnt
|faint|p2a: Ambipom
|
|chat|Godsend|soz
|chat|Squidprints YT|lol it's cool no worries
|
|switch|p2a: Sableye|Sableye, F|175\/303
|turn|28
|
|switch|p1a: Shaymin|Shaymin|265\/341
|-activate|p1a: Shaymin|move: Sticky Web
|-unboost|p1a: Shaymin|spe|1
|-damage|p1a: Shaymin|223\/341|[from] Stealth Rock
|move|p2a: Sableye|Night Shade|p1a: Shaymin
|-damage|p1a: Shaymin|123\/341
|
|turn|29
|
|move|p2a: Sableye|Recover|p2a: Sableye
|-heal|p2a: Sableye|303\/303
|move|p1a: Shaymin|Seed Flare|p2a: Sableye
|-damage|p2a: Sableye|92\/303
|-damage|p1a: Shaymin|89\/341|[from] item: Life Orb
|
|turn|30
|
|move|p2a: Sableye|Recover|p2a: Sableye
|-heal|p2a: Sableye|244\/303
|move|p1a: Shaymin|Seed Flare|p2a: Sableye|[miss]
|-miss|p1a: Shaymin|p2a: Sableye
|
|turn|31
|
|move|p1a: Shaymin|Rest|p1a: Shaymin
|-status|p1a: Shaymin|slp
|-heal|p1a: Shaymin|341\/341 slp|[silent]
|-status|p1a: Shaymin|slp|[from] move: Rest
|move|p2a: Sableye|Night Shade|p1a: Shaymin
|-damage|p1a: Shaymin|241\/341 slp
|
|turn|32
|
|switch|p1a: Florges|Florges, F|249\/360 tox
|-activate|p1a: Florges|move: Sticky Web
|-unboost|p1a: Florges|spe|1
|-damage|p1a: Florges|204\/360 tox|[from] Stealth Rock
|move|p2a: Sableye|Night Shade|p1a: Florges
|-damage|p1a: Florges|104\/360 tox
|
|-heal|p1a: Florges|126\/360 tox|[from] item: Leftovers
|-damage|p1a: Florges|104\/360 tox|[from] psn
|turn|33
|
|move|p2a: Sableye|Night Shade|p1a: Florges
|-damage|p1a: Florges|4\/360 tox
|move|p1a: Florges|Wish|p1a: Florges
|
|-heal|p1a: Florges|26\/360 tox|[from] item: Leftovers
|-damage|p1a: Florges|0 fnt|[from] psn
|faint|p1a: Florges
|
|switch|p1a: Victini|Victini|143\/341
|-damage|p1a: Victini|58\/341|[from] Stealth Rock
|-activate|p1a: Victini|move: Sticky Web
|-unboost|p1a: Victini|spe|1
|turn|34
|
|move|p1a: Victini|Bolt Strike|p2a: Sableye
|-damage|p2a: Sableye|0 fnt
|faint|p2a: Sableye
|
|-heal|p1a: Victini|238\/341|[from] move: Wish|[wisher] Florges
|
|switch|p2a: Galvantula|Galvantula, F|109\/281
|turn|35
|
|move|p2a: Galvantula|Thunder|p1a: Victini
|-damage|p1a: Victini|81\/341
|move|p1a: Victini|Bolt Strike|p2a: Galvantula
|-resisted|p2a: Galvantula
|-damage|p2a: Galvantula|0 fnt
|faint|p2a: Galvantula
|
|
|switch|p2a: Heracross|Heracross, F|301\/301
|turn|36
|
|move|p2a: Heracross|Megahorn|p1a: Victini
|-damage|p1a: Victini|0 fnt
|faint|p1a: Victini
|-boost|p2a: Heracross|atk|1|[from] ability: Moxie
|
|
|switch|p1a: Hydreigon|Hydreigon, F|116\/325
|-damage|p1a: Hydreigon|76\/325|[from] Stealth Rock
|turn|37
|
|switch|p2a: Chandelure|Chandelure, M|213\/284
|move|p1a: Hydreigon|Fire Blast|p2a: Chandelure
|-start|p2a: Chandelure|ability: Flash Fire
|
|-heal|p2a: Chandelure|230\/284|[from] item: Leftovers
|turn|38
|
|switch|p1a: Blastoise|Blastoise-Mega, F|362\/362 slp
|-damage|p1a: Blastoise|317\/362 slp|[from] Stealth Rock
|-activate|p1a: Blastoise|move: Sticky Web
|-unboost|p1a: Blastoise|spe|1
|move|p2a: Chandelure|Substitute|p2a: Chandelure
|-start|p2a: Chandelure|Substitute
|-damage|p2a: Chandelure|159\/284
|
|-heal|p2a: Chandelure|176\/284|[from] item: Leftovers
|turn|39
|
|move|p2a: Chandelure|Energy Ball|p1a: Blastoise
|-supereffective|p1a: Blastoise
|-damage|p1a: Blastoise|99\/362 slp
|-unboost|p1a: Blastoise|spd|1
|cant|p1a: Blastoise|slp
|move|p1a: Blastoise|Sleep Talk|p1a: Blastoise
|move|p1a: Blastoise|Scald|p2a: Chandelure|[from]Sleep Talk
|-supereffective|p2a: Chandelure
|-end|p2a: Chandelure|Substitute
|
|-heal|p2a: Chandelure|193\/284|[from] item: Leftovers
|turn|40
|
|move|p2a: Chandelure|Shadow Ball|p1a: Blastoise
|-damage|p1a: Blastoise|0 fnt
|faint|p1a: Blastoise
|
|-heal|p2a: Chandelure|210\/284|[from] item: Leftovers
|
|switch|p1a: Hydreigon|Hydreigon, F|76\/325
|-damage|p1a: Hydreigon|36\/325|[from] Stealth Rock
|turn|41
|
|move|p1a: Hydreigon|Draco Meteor|p2a: Chandelure|[miss]
|-miss|p1a: Hydreigon|p2a: Chandelure
|move|p2a: Chandelure|Shadow Ball|p1a: Hydreigon
|-resisted|p1a: Hydreigon
|-damage|p1a: Hydreigon|0 fnt
|faint|p1a: Hydreigon
|
|-heal|p2a: Chandelure|227\/284|[from] item: Leftovers
|chat|Squidprints YT|:\/ sorry
|chat|Godsend|gg
|chat|Godsend|np
|
|switch|p1a: Jirachi|Jirachi|341\/341
|-activate|p1a: Jirachi|move: Sticky Web
|-unboost|p1a: Jirachi|spe|1
|-damage|p1a: Jirachi|320\/341|[from] Stealth Rock
|turn|42
|chat|Squidprints YT|gg man
|
|move|p2a: Chandelure|Fire Blast|p1a: Jirachi
|-supereffective|p1a: Jirachi
|-damage|p1a: Jirachi|0 fnt
|faint|p1a: Jirachi
|
|-heal|p2a: Chandelure|244\/284|[from] item: Leftovers
|
|switch|p1a: Shaymin|Shaymin|241\/341
|-activate|p1a: Shaymin|move: Sticky Web
|-unboost|p1a: Shaymin|spe|1
|-damage|p1a: Shaymin|199\/341|[from] Stealth Rock
|turn|43
|
|move|p2a: Chandelure|Fire Blast|p1a: Shaymin
|-supereffective|p1a: Shaymin
|-damage|p1a: Shaymin|0 fnt
|faint|p1a: Shaymin
|
|win|Squidprints YT
|raw|Ladder updating...
|raw|Godsend's rating: 1414 &rarr; <strong>1387<\/strong><br \/>(-27 for losing)
|raw|Squidprints YT's rating: 1292 &rarr; <strong>1326<\/strong><br \/>(+34 for winning)
|leave|Godsend
|player|p1