|join|blues211
|join|Godsend
|player|p1|blues211|107
|player|p2|Godsend|265
|gametype|singles
|gen|6
|tier|UU
|rated
|rule|Sleep Clause Mod: Limit one foe put to sleep
|rule|Species Clause: Limit one of each Pokemon
|rule|OHKO Clause: OHKO moves are banned
|rule|Moody Clause: Moody is banned
|rule|Evasion Moves Clause: Evasion moves are banned
|rule|Endless Battle Clause: Forcing endless battles is banned.
|rule|HP Percentage Mod: HP is reported as percentages
|clearpoke
|poke|p1|Heracross, F
|poke|p1|Kingdra, F
|poke|p1|Jirachi
|poke|p1|Lucario, F
|poke|p1|Snorlax, F
|poke|p1|Mew
|poke|p2|Hippowdon, M
|poke|p2|Blissey, F
|poke|p2|Florges, F
|poke|p2|Slowbro, M
|poke|p2|Roserade, M
|poke|p2|Aerodactyl, M
|teampreview
|
|start
|switch|p1a: Mew|Mew|341\/341
|switch|p2a: Hippowdon|Hippowdon, M|420\/420
|turn|1
|
|move|p1a: Mew|Stealth Rock|p2a: Hippowdon
|-sidestart|p2: Godsend|move: Stealth Rock
|move|p2a: Hippowdon|Stealth Rock|p1a: Mew
|-sidestart|p1: blues211|move: Stealth Rock
|
|turn|2
|
|switch|p2a: Roserade|Roserade, M|324\/324
|-damage|p2a: Roserade|284\/324|[from] Stealth Rock
|move|p1a: Mew|U-turn|p2a: Roserade
|-damage|p2a: Roserade|218\/324
|
|switch|p1a: Jirachi|Jirachi|341\/341
|-damage|p1a: Jirachi|320\/341|[from] Stealth Rock
|
|-heal|p2a: Roserade|238\/324|[from] item: Leftovers
|turn|3
|
|switch|p2a: Slowbro|Slowbro, M|394\/394
|-damage|p2a: Slowbro|345\/394|[from] Stealth Rock
|move|p1a: Jirachi|Trick|p2a: Slowbro
|-activate|p1a: Jirachi|move: Trick|[of] p2a: Slowbro
|-item|p2a: Slowbro|Choice Scarf|[from] move: Trick
|-item|p1a: Jirachi|Leftovers|[from] move: Trick
|
|-heal|p1a: Jirachi|341\/341|[from] item: Leftovers
|turn|4
|
|move|p1a: Jirachi|U-turn|p2a: Slowbro
|-supereffective|p2a: Slowbro
|-damage|p2a: Slowbro|253\/394
|
|switch|p1a: Mew|Mew|341\/341
|-damage|p1a: Mew|299\/341|[from] Stealth Rock
|move|p2a: Slowbro|Scald|p1a: Mew
|-damage|p1a: Mew|205\/341
|-status|p1a: Mew|brn
|-status|p2a: Slowbro|brn
|
|-heal|p1a: Mew|226\/341 brn|[from] item: Leftovers
|-damage|p1a: Mew|184\/341 brn|[from] brn
|-damage|p2a: Slowbro|204\/394 brn|[from] brn
|turn|5
|
|switch|p2a: Roserade|Roserade, M|238\/324
|-damage|p2a: Roserade|198\/324|[from] Stealth Rock
|move|p1a: Mew|U-turn|p2a: Roserade
|-crit|p2a: Roserade
|-damage|p2a: Roserade|149\/324
|
|switch|p1a: Jirachi|Jirachi|341\/341
|-damage|p1a: Jirachi|320\/341|[from] Stealth Rock
|
|-heal|p1a: Jirachi|341\/341|[from] item: Leftovers
|-heal|p2a: Roserade|169\/324|[from] item: Leftovers
|turn|6
|
|switch|p2a: Hippowdon|Hippowdon, M|420\/420
|-damage|p2a: Hippowdon|394\/420|[from] Stealth Rock
|move|p1a: Jirachi|Fire Punch|p2a: Hippowdon
|-damage|p2a: Hippowdon|348\/420
|
|-heal|p2a: Hippowdon|374\/420|[from] item: Leftovers
|turn|7
|
|switch|p1a: Kingdra|Kingdra, F|291\/291
|-damage|p1a: Kingdra|255\/291|[from] Stealth Rock
|move|p2a: Hippowdon|Earthquake|p1a: Kingdra
|-damage|p1a: Kingdra|108\/291
|
|-heal|p1a: Kingdra|126\/291|[from] item: Leftovers
|-heal|p2a: Hippowdon|400\/420|[from] item: Leftovers
|turn|8
|
|switch|p2a: Florges|Florges, F|359\/359
|-damage|p2a: Florges|315\/359|[from] Stealth Rock
|move|p1a: Kingdra|Waterfall|p2a: Florges
|-crit|p2a: Florges
|-damage|p2a: Florges|50\/359
|
|-heal|p1a: Kingdra|144\/291|[from] item: Leftovers
|-heal|p2a: Florges|72\/359|[from] item: Leftovers
|turn|9
|
|move|p2a: Florges|Protect|p2a: Florges
|-singleturn|p2a: Florges|Protect
|move|p1a: Kingdra|Waterfall|p2a: Florges
|-activate|p2a: Florges|Protect
|
|-heal|p1a: Kingdra|162\/291|[from] item: Leftovers
|-heal|p2a: Florges|94\/359|[from] item: Leftovers
|turn|10
|
|switch|p2a: Slowbro|Slowbro, M|335\/394 brn
|-damage|p2a: Slowbro|286\/394 brn|[from] Stealth Rock
|move|p1a: Kingdra|Waterfall|p2a: Slowbro
|-resisted|p2a: Slowbro
|-damage|p2a: Slowbro|247\/394 brn
|
|-heal|p1a: Kingdra|180\/291|[from] item: Leftovers
|-damage|p2a: Slowbro|198\/394 brn|[from] brn
|turn|11
|
|switch|p1a: Mew|Mew|184\/341 brn
|-damage|p1a: Mew|142\/341 brn|[from] Stealth Rock
|move|p2a: Slowbro|Psyshock|p1a: Mew
|-resisted|p1a: Mew
|-damage|p1a: Mew|91\/341 brn
|
|-heal|p1a: Mew|112\/341 brn|[from] item: Leftovers
|-damage|p1a: Mew|70\/341 brn|[from] brn
|-damage|p2a: Slowbro|149\/394 brn|[from] brn
|turn|12
|
|switch|p2a: Florges|Florges, F|94\/359
|-damage|p2a: Florges|50\/359|[from] Stealth Rock
|move|p1a: Mew|U-turn|p2a: Florges
|-resisted|p2a: Florges
|-damage|p2a: Florges|39\/359
|
|switch|p1a: Kingdra|Kingdra, F|180\/291
|-damage|p1a: Kingdra|144\/291|[from] Stealth Rock
|
|-heal|p1a: Kingdra|162\/291|[from] item: Leftovers
|-heal|p2a: Florges|61\/359|[from] item: Leftovers
|turn|13
|
|move|p1a: Kingdra|Waterfall|p2a: Florges
|-damage|p2a: Florges|0 fnt
|faint|p2a: Florges
|
|-heal|p1a: Kingdra|180\/291|[from] item: Leftovers
|
|switch|p2a: Slowbro|Slowbro, M|280\/394 brn
|-damage|p2a: Slowbro|231\/394 brn|[from] Stealth Rock
|turn|14
|
|switch|p1a: Mew|Mew|70\/341 brn
|-damage|p1a: Mew|28\/341 brn|[from] Stealth Rock
|move|p2a: Slowbro|Scald|p1a: Mew
|-damage|p1a: Mew|0 fnt
|faint|p1a: Mew
|
|-damage|p2a: Slowbro|182\/394 brn|[from] brn
|
|switch|p1a: Kingdra|Kingdra, F|180\/291
|-damage|p1a: Kingdra|144\/291|[from] Stealth Rock
|turn|15
|
|move|p1a: Kingdra|Substitute|p1a: Kingdra
|-start|p1a: Kingdra|Substitute
|-damage|p1a: Kingdra|72\/291
|move|p2a: Slowbro|Scald|p1a: Kingdra
|-resisted|p1a: Kingdra
|-activate|p1a: Kingdra|Substitute|[damage]
|
|-heal|p1a: Kingdra|90\/291|[from] item: Leftovers
|-damage|p2a: Slowbro|133\/394 brn|[from] brn
|turn|16
|
|switch|p2a: Hippowdon|Hippowdon, M|400\/420
|-damage|p2a: Hippowdon|374\/420|[from] Stealth Rock
|move|p1a: Kingdra|Dragon Dance|p1a: Kingdra
|-boost|p1a: Kingdra|atk|1
|-boost|p1a: Kingdra|spe|1
|
|-heal|p1a: Kingdra|108\/291|[from] item: Leftovers
|-heal|p2a: Hippowdon|400\/420|[from] item: Leftovers
|turn|17
|
|move|p1a: Kingdra|Waterfall|p2a: Hippowdon
|-supereffective|p2a: Hippowdon
|-damage|p2a: Hippowdon|160\/420
|move|p2a: Hippowdon|Roar|p1a: Kingdra
|drag|p1a: Lucario|Lucario, F|281\/281
|-damage|p1a: Lucario|273\/281|[from] Stealth Rock
|
|-heal|p2a: Hippowdon|186\/420|[from] item: Leftovers
|turn|18
|
|switch|p1a: Heracross|Heracross, F|329\/329
|-damage|p1a: Heracross|288\/329|[from] Stealth Rock
|move|p2a: Hippowdon|Slack Off|p2a: Hippowdon
|-heal|p2a: Hippowdon|396\/420
|
|-heal|p1a: Heracross|308\/329|[from] item: Leftovers
|-heal|p2a: Hippowdon|420\/420|[from] item: Leftovers
|turn|19
|
|move|p1a: Heracross|Close Combat|p2a: Hippowdon
|-damage|p2a: Hippowdon|282\/420
|-unboost|p1a: Heracross|def|1
|-unboost|p1a: Heracross|spd|1
|move|p2a: Hippowdon|Earthquake|p1a: Heracross
|-resisted|p1a: Heracross
|-damage|p1a: Heracross|193\/329
|
|-heal|p1a: Heracross|213\/329|[from] item: Leftovers
|-heal|p2a: Hippowdon|308\/420|[from] item: Leftovers
|turn|20
|
|move|p1a: Heracross|Swords Dance|p1a: Heracross
|-boost|p1a: Heracross|atk|2
|move|p2a: Hippowdon|Slack Off|p2a: Hippowdon
|-heal|p2a: Hippowdon|420\/420
|
|-heal|p1a: Heracross|233\/329|[from] item: Leftovers
|turn|21
|
|move|p1a: Heracross|Knock Off|p2a: Hippowdon
|-damage|p2a: Hippowdon|261\/420
|-enditem|p2a: Hippowdon|Leftovers|[from] move: Knock Off|[of] p1a: Heracross
|move|p2a: Hippowdon|Earthquake|p1a: Heracross
|-resisted|p1a: Heracross
|-damage|p1a: Heracross|116\/329
|
|-heal|p1a: Heracross|136\/329|[from] item: Leftovers
|turn|22
|
|switch|p2a: Roserade|Roserade, M|169\/324
|-damage|p2a: Roserade|129\/324|[from] Stealth Rock
|move|p1a: Heracross|Close Combat|p2a: Roserade
|-resisted|p2a: Roserade
|-damage|p2a: Roserade|0 fnt
|-unboost|p1a: Heracross|def|1
|-unboost|p1a: Heracross|spd|1
|faint|p2a: Roserade
|
|-heal|p1a: Heracross|156\/329|[from] item: Leftovers
|
|switch|p2a: Aerodactyl|Aerodactyl, M|363\/363
|-damage|p2a: Aerodactyl|273\/363|[from] Stealth Rock
|-ability|p2a: Aerodactyl|Pressure
|turn|23
|
|switch|p1a: Jirachi|Jirachi|341\/341
|-damage|p1a: Jirachi|320\/341|[from] Stealth Rock
|detailschange|p2a: Aerodactyl|Aerodactyl-Mega, M
|message|Aerodactyl has Mega Evolved into Mega Aerodactyl!
|move|p2a: Aerodactyl|Aerial Ace|p1a: Jirachi
|-resisted|p1a: Jirachi
|-damage|p1a: Jirachi|254\/341
|
|-heal|p1a: Jirachi|275\/341|[from] item: Leftovers
|turn|24
|
|switch|p2a: Slowbro|Slowbro, M|264\/394 brn
|-damage|p2a: Slowbro|215\/394 brn|[from] Stealth Rock
|move|p1a: Jirachi|U-turn|p2a: Slowbro
|-supereffective|p2a: Slowbro
|-damage|p2a: Slowbro|119\/394 brn
|
|switch|p1a: Heracross|Heracross, F|156\/329
|-damage|p1a: Heracross|115\/329|[from] Stealth Rock
|
|-heal|p1a: Heracross|135\/329|[from] item: Leftovers
|-damage|p2a: Slowbro|70\/394 brn|[from] brn
|turn|25
|
|switch|p2a: Aerodactyl|Aerodactyl-Mega, M|273\/363
|-damage|p2a: Aerodactyl|183\/363|[from] Stealth Rock
|move|p1a: Heracross|Knock Off|p2a: Aerodactyl
|-damage|p2a: Aerodactyl|84\/363
|
|-heal|p1a: Heracross|155\/329|[from] item: Leftovers
|turn|26
|
|move|p2a: Aerodactyl|Aerial Ace|p1a: Heracross
|-supereffective|p1a: Heracross
|-damage|p1a: Heracross|0 fnt
|faint|p1a: Heracross
|
|
|switch|p1a: Lucario|Lucario, F|273\/281
|-damage|p1a: Lucario|265\/281|[from] Stealth Rock
|turn|27
|
|move|p1a: Lucario|Bullet Punch|p2a: Aerodactyl
|-crit|p2a: Aerodactyl
|-supereffective|p2a: Aerodactyl
|-damage|p2a: Aerodactyl|0 fnt
|-damage|p1a: Lucario|237\/281|[from] item: Life Orb
|faint|p2a: Aerodactyl
|
|
|switch|p2a: Hippowdon|Hippowdon, M|261\/420
|-damage|p2a: Hippowdon|235\/420|[from] Stealth Rock
|turn|28
|
|switch|p1a: Snorlax|Snorlax, F|485\/485
|-damage|p1a: Snorlax|425\/485|[from] Stealth Rock
|move|p2a: Hippowdon|Slack Off|p2a: Hippowdon
|-heal|p2a: Hippowdon|420\/420
|
|turn|29
|
|move|p2a: Hippowdon|Earthquake|p1a: Snorlax
|-damage|p1a: Snorlax|256\/485
|move|p1a: Snorlax|Body Slam|p2a: Hippowdon
|-damage|p2a: Hippowdon|327\/420
|
|turn|30
|
|move|p2a: Hippowdon|Earthquake|p1a: Snorlax
|-damage|p1a: Snorlax|84\/485
|move|p1a: Snorlax|Body Slam|p2a: Hippowdon
|-damage|p2a: Hippowdon|234\/420
|
|turn|31
|
|move|p2a: Hippowdon|Slack Off|p2a: Hippowdon
|-heal|p2a: Hippowdon|420\/420
|move|p1a: Snorlax|Body Slam|p2a: Hippowdon
|-damage|p2a: Hippowdon|332\/420
|
|turn|32
|
|move|p2a: Hippowdon|Earthquake|p1a: Snorlax
|-damage|p1a: Snorlax|0 fnt
|faint|p1a: Snorlax
|
|
|switch|p1a: Kingdra|Kingdra, F|108\/291
|-damage|p1a: Kingdra|72\/291|[from] Stealth Rock
|turn|33
|
|switch|p2a: Slowbro|Slowbro, M|201\/394 brn
|-damage|p2a: Slowbro|152\/394 brn|[from] Stealth Rock
|move|p1a: Kingdra|Waterfall|p2a: Slowbro
|-resisted|p2a: Slowbro
|-damage|p2a: Slowbro|106\/394 brn
|
|-heal|p1a: Kingdra|90\/291|[from] item: Leftovers
|-damage|p2a: Slowbro|57\/394 brn|[from] brn
|turn|34
|
|move|p1a: Kingdra|Substitute|p1a: Kingdra
|-start|p1a: Kingdra|Substitute
|-damage|p1a: Kingdra|18\/291
|move|p2a: Slowbro|Psyshock|p1a: Kingdra
|-end|p1a: Kingdra|Substitute
|
|-heal|p1a: Kingdra|36\/291|[from] item: Leftovers
|-damage|p2a: Slowbro|8\/394 brn|[from] brn
|turn|35
|
|switch|p2a: Blissey|Blissey, F|651\/651
|-damage|p2a: Blissey|570\/651|[from] Stealth Rock
|move|p1a: Kingdra|Waterfall|p2a: Blissey
|-damage|p2a: Blissey|341\/651
|
|-heal|p1a: Kingdra|54\/291|[from] item: Leftovers
|-heal|p2a: Blissey|381\/651|[from] item: Leftovers
|turn|36
|
|move|p1a: Kingdra|Waterfall|p2a: Blissey
|-damage|p2a: Blissey|137\/651
|move|p2a: Blissey|Seismic Toss|p1a: Kingdra
|-damage|p1a: Kingdra|0 fnt
|faint|p1a: Kingdra
|
|-heal|p2a: Blissey|177\/651|[from] item: Leftovers
|
|switch|p1a: Lucario|Lucario, F|237\/281
|-damage|p1a: Lucario|229\/281|[from] Stealth Rock
|turn|37
|
|move|p1a: Lucario|Swords Dance|p1a: Lucario
|-boost|p1a: Lucario|atk|2
|move|p2a: Blissey|Wish|p2a: Blissey
|
|-heal|p2a: Blissey|217\/651|[from] item: Leftovers
|turn|38
|
|switch|p2a: Slowbro|Slowbro, M|139\/394 brn
|-damage|p2a: Slowbro|90\/394 brn|[from] Stealth Rock
|move|p1a: Lucario|Close Combat|p2a: Slowbro
|-resisted|p2a: Slowbro
|-damage|p2a: Slowbro|0 fnt
|-unboost|p1a: Lucario|def|1
|-unboost|p1a: Lucario|spd|1
|-damage|p1a: Lucario|201\/281|[from] item: Life Orb
|faint|p2a: Slowbro
|
|
|switch|p2a: Hippowdon|Hippowdon, M|332\/420
|-damage|p2a: Hippowdon|306\/420|[from] Stealth Rock
|turn|39
|
|move|p1a: Lucario|Close Combat|p2a: Hippowdon
|-damage|p2a: Hippowdon|0 fnt
|-unboost|p1a: Lucario|def|1
|-unboost|p1a: Lucario|spd|1
|-damage|p1a: Lucario|173\/281|[from] item: Life Orb
|faint|p2a: Hippowdon
|
|chat|blues211|gg
|chat|Godsend|GG
|
|switch|p2a: Blissey|Blissey, F|217\/651
|-damage|p2a: Blissey|136\/651|[from] Stealth Rock
|turn|40
|
|move|p1a: Lucario|Close Combat|p2a: Blissey
|-supereffective|p2a: Blissey
|-damage|p2a: Blissey|0 fnt
|-unboost|p1a: Lucario|def|1
|-unboost|p1a: Lucario|spd|1
|-damage|p1a: Lucario|145\/281|[from] item: Life Orb
|faint|p2a: Blissey
|
|win|blues211
|raw|Ladder updating...
|raw|blues211's rating: 1645 &rarr; <strong>1656<\/strong><br \/>(+11 for winning)
|raw|Godsend's rating: 1475 &rarr; <strong>1464<\/strong><br \/>(-11 for losing)