|join|Godsend
|join|dingbat test
|player|p1|Godsend|101
|player|p2|dingbat test|3
|gametype|singles
|gen|6
|tier|UU
|rated
|rule|Sleep Clause Mod: Limit one foe put to sleep
|rule|Species Clause: Limit one of each PokÃ©mon
|rule|OHKO Clause: OHKO moves are banned
|rule|Moody Clause: Moody is banned
|rule|Evasion Moves Clause: Evasion moves are banned
|rule|Endless Battle Clause: Forcing endless battles is banned
|rule|HP Percentage Mod: HP is reported as percentages
|clearpoke
|poke|p1|Haxorus, F, shiny
|poke|p1|Lucario, F
|poke|p1|Alakazam, F
|poke|p1|Azelf
|poke|p1|Ampharos, F
|poke|p1|Noivern, F
|poke|p2|Aerodactyl, M
|poke|p2|Forretress, M
|poke|p2|Jirachi
|poke|p2|Virizion
|poke|p2|Hydreigon, F
|poke|p2|Victini
|rule|Swagger Clause: Swagger is banned
|rule|Baton Pass Clause: Limit one PokÃ©mon knowing Baton Pass
|teampreview
|join|Puruurinâ¥
|
|start
|switch|p1a: Ampharos|Ampharos, F|383\/383
|switch|p2a: Aerodactyl|Aerodactyl, M|321\/321
|turn|1
|
|switch|p2a: Jirachi|Jirachi|341\/341
|detailschange|p1a: Ampharos|Ampharos-Mega, F
|message|Ampharos has Mega Evolved into Mega Ampharos!
|-ability|p1a: Ampharos|Mold Breaker
|move|p1a: Ampharos|Volt Switch|p2a: Jirachi
|-damage|p2a: Jirachi|212\/341
|
|switch|p1a: Azelf|Azelf|291\/291
|
|turn|2
|
|move|p2a: Jirachi|U-turn|p1a: Azelf
|-supereffective|p1a: Azelf
|-damage|p1a: Azelf|113\/291
|
|switch|p2a: Aerodactyl|Aerodactyl, M|321\/321
|move|p1a: Azelf|Stealth Rock|p2a: Aerodactyl
|-sidestart|p2: dingbat test|move: Stealth Rock
|
|turn|3
|
|switch|p1a: Ampharos|Ampharos-Mega, F|383\/383
|-ability|p1a: Ampharos|Mold Breaker
|detailschange|p2a: Aerodactyl|Aerodactyl-Mega, M
|message|Aerodactyl has Mega Evolved into Mega Aerodactyl!
|move|p2a: Aerodactyl|Stone Edge|p1a: Ampharos
|-damage|p1a: Ampharos|251\/383
|
|turn|4
|
|switch|p2a: Jirachi|Jirachi|212\/341
|-damage|p2a: Jirachi|191\/341|[from] Stealth Rock
|move|p1a: Ampharos|Volt Switch|p2a: Jirachi
|-damage|p2a: Jirachi|70\/341
|
|switch|p1a: Noivern|Noivern, F|311\/311
|
|turn|5
|
|move|p1a: Noivern|Flamethrower|p2a: Jirachi
|-supereffective|p2a: Jirachi
|-damage|p2a: Jirachi|0 fnt
|faint|p2a: Jirachi
|
|
|switch|p2a: Hydreigon|Hydreigon, F|325\/325
|-damage|p2a: Hydreigon|285\/325|[from] Stealth Rock
|turn|6
|
|switch|p1a: Azelf|Azelf|113\/291
|move|p2a: Hydreigon|Draco Meteor|p1a: Azelf
|-damage|p1a: Azelf|0 fnt
|-unboost|p2a: Hydreigon|spa|2
|-damage|p2a: Hydreigon|253\/325|[from] item: Life Orb
|faint|p1a: Azelf
|
|
|switch|p1a: Alakazam|Alakazam, F|252\/252
|turn|7
|
|switch|p2a: Forretress|Forretress, M|354\/354
|-damage|p2a: Forretress|310\/354|[from] Stealth Rock
|move|p1a: Alakazam|Dazzling Gleam|p2a: Forretress
|-resisted|p2a: Forretress
|-damage|p2a: Forretress|231\/354
|
|-heal|p2a: Forretress|253\/354|[from] item: Leftovers
|turn|8
|
|switch|p1a: Lucario|Lucario, F|281\/281
|move|p2a: Forretress|Rapid Spin|p1a: Lucario
|-resisted|p1a: Lucario
|-damage|p1a: Lucario|274\/281
|-sideend|p2: dingbat test|Stealth Rock|[from] move: Rapid Spin|[of] p2a: Forretress
|
|-heal|p2a: Forretress|275\/354|[from] item: Leftovers
|turn|9
|join|borkurus
|
|move|p1a: Lucario|Swords Dance|p1a: Lucario
|-boost|p1a: Lucario|atk|2
|move|p2a: Forretress|Volt Switch|p1a: Lucario
|-damage|p1a: Lucario|225\/281
|
|switch|p2a: Victini|Victini|341\/341
|
|turn|10
|
|switch|p1a: Ampharos|Ampharos-Mega, F|251\/383
|-ability|p1a: Ampharos|Mold Breaker
|move|p2a: Victini|V-create|p1a: Ampharos
|-resisted|p1a: Ampharos
|-damage|p1a: Ampharos|113\/383
|-unboost|p2a: Victini|def|1
|-unboost|p2a: Victini|spd|1
|-unboost|p2a: Victini|spe|1
|
|turn|11
|
|move|p2a: Victini|V-create|p1a: Ampharos
|-resisted|p1a: Ampharos
|-damage|p1a: Ampharos|0 fnt
|-unboost|p2a: Victini|def|1
|-unboost|p2a: Victini|spd|1
|-unboost|p2a: Victini|spe|1
|faint|p1a: Ampharos
|
|
|switch|p1a: Lucario|Lucario, F|225\/281
|turn|12
|
|move|p1a: Lucario|Close Combat|p2a: Victini
|-resisted|p2a: Victini
|-damage|p2a: Victini|58\/341
|-unboost|p1a: Lucario|def|1
|-unboost|p1a: Lucario|spd|1
|-damage|p1a: Lucario|197\/281|[from] item: Life Orb
|move|p2a: Victini|V-create|p1a: Lucario
|-supereffective|p1a: Lucario
|-damage|p1a: Lucario|0 fnt
|-unboost|p2a: Victini|def|1
|-unboost|p2a: Victini|spd|1
|-unboost|p2a: Victini|spe|1
|faint|p1a: Lucario
|
|chat|borkurus|how2play victini
|leave|Puruurinâ¥
|chat|Godsend|good play
|chat|borkurus|dont stop going for v-create
|
|switch|p1a: Alakazam|Alakazam, F|252\/252
|turn|13
|chat|dingbat test|tht's wut
|chat|dingbat test|free bleve told me lol
|chat|borkurus|im free bleve
|chat|dingbat test|:]
|
|switch|p2a: Forretress|Forretress, M|275\/354
|move|p1a: Alakazam|Psyshock|p2a: Forretress
|-resisted|p2a: Forretress
|-damage|p2a: Forretress|232\/354
|
|-heal|p2a: Forretress|254\/354|[from] item: Leftovers
|turn|14
|chat|borkurus|n_n
|
|switch|p1a: Noivern|Noivern, F|311\/311
|move|p2a: Forretress|Volt Switch|p1a: Noivern
|-damage|p1a: Noivern|270\/311
|chat|dingbat test|just click the damn thing
|
|switch|p2a: Aerodactyl|Aerodactyl-Mega, M|321\/321
|
|turn|15
|
|move|p1a: Noivern|Draco Meteor|p2a: Aerodactyl
|-damage|p2a: Aerodactyl|125\/321
|-unboost|p1a: Noivern|spa|2
|move|p2a: Aerodactyl|Roost|p2a: Aerodactyl
|-heal|p2a: Aerodactyl|286\/321
|
|turn|16
|
|move|p1a: Noivern|Draco Meteor|p2a: Aerodactyl
|-crit|p2a: Aerodactyl
|-damage|p2a: Aerodactyl|0 fnt
|-unboost|p1a: Noivern|spa|2
|faint|p2a: Aerodactyl
|
|chat|dingbat test|FUUUUUUUUUUUUUUU
|chat|borkurus|oo
|chat|Godsend|:\/
|chat|dingbat test|:p
|
|switch|p2a: Hydreigon|Hydreigon, F|253\/325
|turn|17
|
|move|p1a: Noivern|Draco Meteor|p2a: Hydreigon
|-supereffective|p2a: Hydreigon
|-damage|p2a: Hydreigon|121\/325
|-unboost|p1a: Noivern|spa|2
|move|p2a: Hydreigon|Draco Meteor|p1a: Noivern
|-supereffective|p1a: Noivern
|-damage|p1a: Noivern|0 fnt
|-unboost|p2a: Hydreigon|spa|2
|-damage|p2a: Hydreigon|89\/325|[from] item: Life Orb
|faint|p1a: Noivern
|
|
|switch|p1a: Alakazam|Alakazam, F|252\/252
|turn|18
|
|switch|p2a: Forretress|Forretress, M|254\/354
|move|p1a: Alakazam|Dazzling Gleam|p2a: Forretress
|-resisted|p2a: Forretress
|-damage|p2a: Forretress|186\/354
|
|-heal|p2a: Forretress|208\/354|[from] item: Leftovers
|turn|19
|
|move|p1a: Alakazam|Shadow Ball|p2a: Forretress
|-damage|p2a: Forretress|48\/354
|-unboost|p2a: Forretress|spd|1
|move|p2a: Forretress|Volt Switch|p1a: Alakazam
|-damage|p1a: Alakazam|216\/252
|
|switch|p2a: Virizion|Virizion|324\/324
|
|turn|20
|
|move|p1a: Alakazam|Psyshock|p2a: Virizion
|-supereffective|p2a: Virizion
|-damage|p2a: Virizion|0 fnt
|faint|p2a: Virizion
|
|
|switch|p2a: Victini|Victini|58\/341
|turn|21
|chat|dingbat test|gg
|chat|dingbat test|:[
|chat|dingbat test|mega aero was my win-con
|chat|Godsend|I'm gonna forfeit
|chat|Godsend|You were way higher on ladder
|chat|Godsend|And I haxed
|chat|Godsend|So, gee gee fren
|chat|Godsend|:]
|chat|dingbat test|:]
|-message|Godsend forfeited.
|
|win|dingbat test
|raw|Ladder updating...
|leave|Godsend
|player|p1
|raw|Godsend's rating: 1548 &rarr; <strong>1531<\/strong><br \/>(-17 for losing)
|raw|dingbat test's rating: 1604 &rarr; <strong>1621<\/strong><br \/>(+17 for winning)
|chat|dingbat test|well
|chat|dingbat test|respekt
|chat|borkurus|ye