|join|the big rig
|join|Godsend
|player|p1|the big rig|101
|player|p2|Godsend|170
|gametype|singles
|gen|6
|tier|UU
|rated
|rule|Sleep Clause Mod: Limit one foe put to sleep
|rule|Species Clause: Limit one of each PokÃ©mon
|rule|OHKO Clause: OHKO moves are banned
|rule|Moody Clause: Moody is banned
|rule|Evasion Moves Clause: Evasion moves are banned
|rule|Endless Battle Clause: Forcing endless battles is banned
|rule|HP Percentage Mod: HP is reported as percentages
|clearpoke
|poke|p1|Absol, F
|poke|p1|Heracross, M
|poke|p1|Starmie
|poke|p1|Blissey, F
|poke|p1|Hippowdon, F
|poke|p1|Hydreigon, F
|poke|p2|Infernape, F
|poke|p2|Lucario, F
|poke|p2|Hydreigon, M
|poke|p2|Celebi
|poke|p2|Victini
|poke|p2|Blastoise, F
|rule|Swagger Clause: Swagger is banned
|rule|Baton Pass Clause: Limit one PokÃ©mon knowing Baton Pass
|teampreview
|chat|Godsend|hello fren :>
|join|Mr. B0mbastic
|chat|the big rig|hello
|
|start
|switch|p1a: Hydreigon|Hydreigon, F|326\/326
|switch|p2a: Infernape|Infernape, F|293\/293
|turn|1
|
|move|p1a: Hydreigon|Draco Meteor|p2a: Infernape
|-damage|p2a: Infernape|5\/293
|-unboost|p1a: Hydreigon|spa|2
|move|p2a: Infernape|Close Combat|p1a: Hydreigon
|-supereffective|p1a: Hydreigon
|-damage|p1a: Hydreigon|0 fnt
|-unboost|p2a: Infernape|def|1
|-unboost|p2a: Infernape|spd|1
|-damage|p2a: Infernape|0 fnt|[from] item: Life Orb
|faint|p1a: Hydreigon
|faint|p2a: Infernape
|
|chat|Godsend|Worth it
|
|switch|p2a: Celebi|Celebi|341\/341
|switch|p1a: Hippowdon|Hippowdon, F|417\/417
|turn|2
|
|switch|p1a: Blissey|Blissey, F|656\/656
|move|p2a: Celebi|Stealth Rock|p1a: Blissey
|-sidestart|p1: the big rig|move: Stealth Rock
|
|turn|3
|
|switch|p1a: Heracross|Heracross, M|302\/302
|-damage|p1a: Heracross|265\/302|[from] Stealth Rock
|move|p2a: Celebi|U-turn|p1a: Heracross
|-resisted|p1a: Heracross
|-damage|p1a: Heracross|235\/302
|
|switch|p2a: Hydreigon|Hydreigon, M|325\/325
|
|turn|4
|
|switch|p1a: Blissey|Blissey, F|656\/656
|-damage|p1a: Blissey|574\/656|[from] Stealth Rock
|move|p2a: Hydreigon|U-turn|p1a: Blissey
|-damage|p1a: Blissey|476\/656
|
|switch|p2a: Victini|Victini|341\/341
|
|-heal|p1a: Blissey|517\/656|[from] item: Leftovers
|turn|5
|
|move|p1a: Blissey|Protect|p1a: Blissey
|-singleturn|p1a: Blissey|Protect
|move|p2a: Victini|V-create|p1a: Blissey
|-activate|p1a: Blissey|Protect
|
|-heal|p1a: Blissey|558\/656|[from] item: Leftovers
|turn|6
|
|switch|p1a: Starmie|Starmie|262\/262
|-damage|p1a: Starmie|230\/262|[from] Stealth Rock
|move|p2a: Victini|V-create|p1a: Starmie
|-resisted|p1a: Starmie
|-damage|p1a: Starmie|0 fnt
|-unboost|p2a: Victini|def|1
|-unboost|p2a: Victini|spd|1
|-unboost|p2a: Victini|spe|1
|faint|p1a: Starmie
|
|chat|Godsend|holy fuck
|chat|the big rig|wowee
|
|switch|p1a: Absol|Absol, F|272\/272
|-damage|p1a: Absol|238\/272|[from] Stealth Rock
|turn|7
|
|switch|p2a: Blastoise|Blastoise, F|362\/362
|detailschange|p1a: Absol|Absol-Mega, F
|message|Absol has Mega Evolved into Mega Absol!
|move|p1a: Absol|Swords Dance|p1a: Absol
|-boost|p1a: Absol|atk|2
|
|turn|8
|
|detailschange|p2a: Blastoise|Blastoise-Mega, F
|message|Blastoise has Mega Evolved into Mega Blastoise!
|move|p1a: Absol|Sucker Punch|p2a: Blastoise
|-damage|p2a: Blastoise|113\/362
|move|p2a: Blastoise|Aura Sphere|p1a: Absol
|-supereffective|p1a: Absol
|-damage|p1a: Absol|0 fnt
|faint|p1a: Absol
|
|
|switch|p1a: Blissey|Blissey, F|558\/656
|-damage|p1a: Blissey|476\/656|[from] Stealth Rock
|turn|9
|c|âGodsend|!data mega launcher
|c|~|\/data-ability Mega Launcher

|
|switch|p2a: Victini|Victini|341\/341
|move|p1a: Blissey|Toxic|p2a: Victini
|-status|p2a: Victini|tox
|
|-heal|p1a: Blissey|517\/656|[from] item: Leftovers
|-damage|p2a: Victini|320\/341 tox|[from] psn
|turn|10
|
|move|p1a: Blissey|Protect|p1a: Blissey
|-singleturn|p1a: Blissey|Protect
|move|p2a: Victini|V-create|p1a: Blissey
|-activate|p1a: Blissey|Protect
|
|-heal|p1a: Blissey|558\/656|[from] item: Leftovers
|-damage|p2a: Victini|278\/341 tox|[from] psn
|turn|11
|
|switch|p1a: Hippowdon|Hippowdon, F|417\/417
|-damage|p1a: Hippowdon|391\/417|[from] Stealth Rock
|move|p2a: Victini|V-create|p1a: Hippowdon
|-damage|p1a: Hippowdon|76\/417
|-unboost|p2a: Victini|def|1
|-unboost|p2a: Victini|spd|1
|-unboost|p2a: Victini|spe|1
|
|-heal|p1a: Hippowdon|102\/417|[from] item: Leftovers
|-damage|p2a: Victini|215\/341 tox|[from] psn
|turn|12
|
|move|p2a: Victini|V-create|p1a: Hippowdon
|-damage|p1a: Hippowdon|0 fnt
|-unboost|p2a: Victini|def|1
|-unboost|p2a: Victini|spd|1
|-unboost|p2a: Victini|spe|1
|faint|p1a: Hippowdon
|
|-damage|p2a: Victini|131\/341 tox|[from] psn
|
|switch|p1a: Heracross|Heracross, M|235\/302
|-damage|p1a: Heracross|198\/302|[from] Stealth Rock
|turn|13
|
|switch|p2a: Blastoise|Blastoise-Mega, F|113\/362
|move|p1a: Heracross|Close Combat|p2a: Blastoise
|-damage|p2a: Blastoise|0 fnt
|-unboost|p1a: Heracross|def|1
|-unboost|p1a: Heracross|spd|1
|faint|p2a: Blastoise
|
|
|switch|p2a: Lucario|Lucario, F|281\/281
|turn|14
|
|move|p2a: Lucario|Extreme Speed|p1a: Heracross
|-damage|p1a: Heracross|0 fnt
|-damage|p2a: Lucario|253\/281|[from] item: Life Orb
|faint|p1a: Heracross
|
|chat|Godsend|gg
|
|switch|p1a: Blissey|Blissey, F|558\/656
|-damage|p1a: Blissey|476\/656|[from] Stealth Rock
|turn|15
|chat|the big rig|gg
|
|move|p2a: Lucario|Close Combat|p1a: Blissey
|-supereffective|p1a: Blissey
|-damage|p1a: Blissey|0 fnt
|-unboost|p2a: Lucario|def|1
|-unboost|p2a: Lucario|spd|1
|-damage|p2a: Lucario|225\/281|[from] item: Life Orb
|faint|p1a: Blissey
|
|win|Godsend
|raw|Ladder updating...
|raw|the big rig's rating: 1407 &rarr; <strong>1394<\/strong><br \/>(-13 for losing)
|raw|Godsend's rating: 1535 &rarr; <strong>1548<\/strong><br \/>(+13 for winning)
|leave|Godsend
|player|p2