|join|Godsend
|join|leotias
|player|p1|Godsend|266
|player|p2|leotias|265
|gametype|singles
|gen|6
|tier|UU
|rated
|rule|Sleep Clause Mod: Limit one foe put to sleep
|rule|Species Clause: Limit one of each PokÃ©mon
|rule|OHKO Clause: OHKO moves are banned
|rule|Moody Clause: Moody is banned
|rule|Evasion Moves Clause: Evasion moves are banned
|rule|Endless Battle Clause: Forcing endless battles is banned
|rule|HP Percentage Mod: HP is reported as percentages
|clearpoke
|poke|p1|Tornadus-Therian, M
|poke|p1|Jirachi
|poke|p1|Ampharos, F
|poke|p1|Blissey, F
|poke|p1|Slowbro, M
|poke|p1|Mew
|poke|p2|Mew
|poke|p2|Gorebyss, M
|poke|p2|Hydreigon, M
|poke|p2|Chandelure, M
|poke|p2|Nidoking, M
|poke|p2|Blastoise, M
|rule|Swagger Clause: Swagger is banned
|rule|Baton Pass Clause: Limit three PokÃ©mon knowing Baton Pass
|teampreview
|chat|Godsend|no mas quik pas
|
|start
|switch|p1a: Tornadus-Therian|Tornadus-Therian, M|299\/299
|switch|p2a: Blastoise|Blastoise, M|320\/320
|turn|1
|join|Orange Tech
|
|detailschange|p2a: Blastoise|Blastoise-Mega, M
|message|Blastoise has Mega Evolved into Mega Blastoise!
|move|p1a: Tornadus-Therian|U-turn|p2a: Blastoise
|-damage|p2a: Blastoise|269\/320
|
|switch|p1a: Blissey|Blissey, F|652\/652
|move|p2a: Blastoise|Water Pulse|p1a: Blissey
|-damage|p1a: Blissey|555\/652
|
|-heal|p1a: Blissey|595\/652|[from] item: Leftovers
|turn|2
|
|switch|p2a: b8d|Mew|404\/404
|switch|p1a: Tornadus-Therian|Tornadus-Therian, M|299\/299
|
|turn|3
|
|switch|p2a: Blastoise|Blastoise-Mega, M|269\/320
|move|p1a: Tornadus-Therian|Taunt|p2a: Blastoise
|-start|p2a: Blastoise|move: Taunt
|
|turn|4
|
|move|p1a: Tornadus-Therian|U-turn|p2a: Blastoise
|-damage|p2a: Blastoise|211\/320
|
|switch|p1a: Blissey|Blissey, F|595\/652
|move|p2a: Blastoise|Water Pulse|p1a: Blissey
|-damage|p1a: Blissey|499\/652
|
|-heal|p1a: Blissey|539\/652|[from] item: Leftovers
|turn|5
|
|switch|p2a: b8d|Mew|404\/404
|move|p1a: Blissey|Thunder Wave|p2a: b8d
|-status|p2a: b8d|par
|-status|p1a: Blissey|par
|
|-heal|p1a: Blissey|579\/652 par|[from] item: Leftovers
|turn|6
|
|switch|p1a: Tornadus-Therian|Tornadus-Therian, M|299\/299
|move|p2a: b8d|Baton Pass|p2a: b8d
|
|switch|p2a: Blastoise|Blastoise-Mega, M|211\/320
|
|turn|7
|
|move|p1a: Tornadus-Therian|U-turn|p2a: Blastoise
|-damage|p2a: Blastoise|157\/320
|
|switch|p1a: Blissey|Blissey, F|579\/652
|move|p2a: Blastoise|Water Pulse|p1a: Blissey
|-damage|p1a: Blissey|489\/652
|
|-heal|p1a: Blissey|529\/652|[from] item: Leftovers
|turn|8
|
|switch|p1a: Tornadus-Therian|Tornadus-Therian, M|299\/299
|move|p2a: Blastoise|Ice Beam|p1a: Tornadus-Therian
|-supereffective|p1a: Tornadus-Therian
|-damage|p1a: Tornadus-Therian|87\/299
|
|turn|9
|chat|Godsend|goo pla
|
|move|p1a: Tornadus-Therian|U-turn|p2a: Blastoise
|-damage|p2a: Blastoise|98\/320
|
|switch|p1a: Blissey|Blissey, F|529\/652
|move|p2a: Blastoise|Water Pulse|p1a: Blissey
|-crit|p1a: Blissey
|-damage|p1a: Blissey|388\/652
|
|-heal|p1a: Blissey|428\/652|[from] item: Leftovers
|turn|10
|
|switch|p2a: >not clamperl|Gorebyss, M|314\/314
|move|p1a: Blissey|Thunder Wave|p2a: >not clamperl
|-status|p2a: >not clamperl|par
|
|-heal|p1a: Blissey|468\/652|[from] item: Leftovers
|turn|11
|
|switch|p1a: Ampharos|Ampharos, F|383\/383
|move|p2a: >not clamperl|Shell Smash|p2a: >not clamperl
|-boost|p2a: >not clamperl|atk|2
|-boost|p2a: >not clamperl|spa|2
|-boost|p2a: >not clamperl|spe|2
|-unboost|p2a: >not clamperl|def|1
|-unboost|p2a: >not clamperl|spd|1
|-enditem|p2a: >not clamperl|White Herb
|-restoreboost|p2a: >not clamperl|[silent]
|
|turn|12
|
|detailschange|p1a: Ampharos|Ampharos-Mega, F
|message|Ampharos has Mega Evolved into Mega Ampharos!
|-ability|p1a: Ampharos|Mold Breaker
|move|p1a: Ampharos|Dragon Pulse|p2a: >not clamperl
|-damage|p2a: >not clamperl|103\/314 par
|move|p2a: >not clamperl|Baton Pass|p2a: >not clamperl
|chat|Godsend|fuck
|chat|Godsend|I really thought you'd still be faster lol
|chat|leotias|lol
|
|switch|p2a: blazer|Hydreigon, M|325\/325
|
|turn|13
|
|move|p2a: blazer|Dragon Pulse|p1a: Ampharos
|-supereffective|p1a: Ampharos
|-damage|p1a: Ampharos|0 fnt
|-damage|p2a: blazer|293\/325|[from] item: Life Orb
|faint|p1a: Ampharos
|
|
|switch|p1a: Blissey|Blissey, F|468\/652
|turn|14
|
|move|p2a: blazer|Superpower|p1a: Blissey
|-crit|p1a: Blissey
|-supereffective|p1a: Blissey
|-damage|p1a: Blissey|0 fnt
|-unboost|p2a: blazer|atk|1
|-unboost|p2a: blazer|def|1
|-damage|p2a: blazer|261\/325|[from] item: Life Orb
|faint|p1a: Blissey
|
|chat|Godsend|gee gee
|chat|Orange Tech|Did you show him the real mew set?
|chat|leotias|gg
|chat|leotias|no
|
|switch|p1a: Mew|Mew|401\/401
|turn|15
|chat|leotias|its sekret :^)
|
|move|p2a: blazer|Dark Pulse|p1a: Mew
|-supereffective|p1a: Mew
|-damage|p1a: Mew|0 fnt
|-damage|p2a: blazer|229\/325|[from] item: Life Orb
|faint|p1a: Mew
|
|chat|Orange Tech|lol
|
|switch|p1a: Jirachi|Jirachi|404\/404
|turn|16
|
|move|p2a: blazer|Dark Pulse|p1a: Jirachi
|-supereffective|p1a: Jirachi
|-damage|p1a: Jirachi|0 fnt
|-damage|p2a: blazer|197\/325|[from] item: Life Orb
|faint|p1a: Jirachi
|
|
|switch|p1a: Tornadus-Therian|Tornadus-Therian, M|186\/299
|turn|17
|
|move|p2a: blazer|Dragon Pulse|p1a: Tornadus-Therian
|-damage|p1a: Tornadus-Therian|0 fnt
|-damage|p2a: blazer|165\/325|[from] item: Life Orb
|faint|p1a: Tornadus-Therian
|
|
|switch|p1a: Slowbro|Slowbro, M|394\/394
|turn|18
|
|move|p2a: blazer|Dark Pulse|p1a: Slowbro
|-supereffective|p1a: Slowbro
|-damage|p1a: Slowbro|0 fnt
|-damage|p2a: blazer|133\/325|[from] item: Life Orb
|faint|p1a: Slowbro
|
|win|leotias
|raw|Ladder updating...
|raw|Godsend's rating: 1638 &rarr; <strong>1612<\/strong><br \/>(-26 for losing)
|raw|leotias's rating: 1525 &rarr; <strong>1551<\/strong><br \/>(+26 for winning)