|join|Godsend
|join|Koniac Beaer
|player|p1|Godsend|265
|player|p2|Koniac Beaer|2
|gametype|singles
|gen|6
|tier|UU
|rated
|rule|Sleep Clause Mod: Limit one foe put to sleep
|rule|Species Clause: Limit one of each PokÃ©mon
|rule|OHKO Clause: OHKO moves are banned
|rule|Moody Clause: Moody is banned
|rule|Evasion Moves Clause: Evasion moves are banned
|rule|Endless Battle Clause: Forcing endless battles is banned
|rule|HP Percentage Mod: HP is reported as percentages
|clearpoke
|poke|p1|Infernape, M
|poke|p1|Lucario, M
|poke|p1|Hydreigon, F
|poke|p1|Celebi
|poke|p1|Victini
|poke|p1|Blastoise, M
|poke|p2|Chandelure, F
|poke|p2|Forretress, M
|poke|p2|Swampert, M
|poke|p2|Heracross, F
|poke|p2|Aromatisse, M
|poke|p2|Hydreigon, M
|rule|Swagger Clause: Swagger is banned
|rule|Baton Pass Clause: Limit one PokÃ©mon knowing Baton Pass
|teampreview
|chat|Godsend|hello fren :>
|
|start
|switch|p1a: Blastoise|Blastoise, M|362\/362
|switch|p2a: Aromatisse|Aromatisse, M|404\/404
|turn|1
|chat|Koniac Beaer|n
|
|detailschange|p1a: Blastoise|Blastoise-Mega, M
|message|Blastoise has Mega Evolved into Mega Blastoise!
|move|p1a: Blastoise|Scald|p2a: Aromatisse
|-damage|p2a: Aromatisse|232\/404
|move|p2a: Aromatisse|Wish|p2a: Aromatisse
|
|-heal|p2a: Aromatisse|257\/404|[from] item: Leftovers
|turn|2
|
|move|p1a: Blastoise|Aura Sphere|p2a: Aromatisse
|-resisted|p2a: Aromatisse
|-damage|p2a: Aromatisse|174\/404
|move|p2a: Aromatisse|Moonblast|p1a: Blastoise
|-damage|p1a: Blastoise|266\/362
|-unboost|p1a: Blastoise|spa|1
|
|-heal|p2a: Aromatisse|376\/404|[from] move: Wish|[wisher] Aromatisse
|-heal|p2a: Aromatisse|401\/404|[from] item: Leftovers
|turn|3
|
|switch|p1a: Victini|Victini|341\/341
|switch|p2a: Hydreigon|Hydreigon, M|325\/325
|
|turn|4
|
|move|p2a: Hydreigon|U-turn|p1a: Victini
|-damage|p1a: Victini|286\/341
|
|switch|p2a: Swampert|Swampert, M|404\/404
|move|p1a: Victini|U-turn|p2a: Swampert
|-damage|p2a: Swampert|312\/404
|
|switch|p1a: Celebi|Celebi|341\/341
|
|-heal|p2a: Swampert|337\/404|[from] item: Leftovers
|turn|5
|
|switch|p2a: Forretress|Forretress, M|354\/354
|move|p1a: Celebi|Stealth Rock|p2a: Forretress
|-sidestart|p2: Koniac Beaer|move: Stealth Rock
|
|turn|6
|
|move|p1a: Celebi|U-turn|p2a: Forretress
|-resisted|p2a: Forretress
|-damage|p2a: Forretress|336\/354
|
|switch|p1a: Infernape|Infernape, M|293\/293
|move|p2a: Forretress|Rapid Spin|p1a: Infernape
|-damage|p1a: Infernape|271\/293
|-sideend|p2: Koniac Beaer|Stealth Rock|[from] move: Rapid Spin|[of] p2a: Forretress
|
|-heal|p2a: Forretress|354\/354|[from] item: Leftovers
|turn|7
|
|move|p1a: Infernape|U-turn|p2a: Forretress
|-resisted|p2a: Forretress
|-damage|p2a: Forretress|328\/354
|-damage|p1a: Infernape|242\/293|[from] item: Life Orb
|
|switch|p1a: Victini|Victini|286\/341
|move|p2a: Forretress|Toxic Spikes|p1a: Victini
|-sidestart|p1: Godsend|move: Toxic Spikes
|
|-heal|p2a: Forretress|350\/354|[from] item: Leftovers
|turn|8
|
|switch|p2a: Chandelure|Chandelure, F|289\/289
|move|p1a: Victini|V-create|p2a: Chandelure
|-start|p2a: Chandelure|ability: Flash Fire
|
|turn|9
|
|switch|p1a: Hydreigon|Hydreigon, F|325\/325
|move|p2a: Chandelure|Substitute|p2a: Chandelure
|-start|p2a: Chandelure|Substitute
|-damage|p2a: Chandelure|217\/289
|
|-heal|p2a: Chandelure|235\/289|[from] item: Leftovers
|turn|10
|
|move|p1a: Hydreigon|Dark Pulse|p2a: Chandelure
|-supereffective|p2a: Chandelure
|-end|p2a: Chandelure|Substitute
|move|p2a: Chandelure|Flamethrower|p1a: Hydreigon
|-resisted|p1a: Hydreigon
|-damage|p1a: Hydreigon|169\/325
|
|-heal|p2a: Chandelure|253\/289|[from] item: Leftovers
|turn|11
|
|switch|p1a: Victini|Victini|286\/341
|-status|p1a: Victini|psn
|move|p2a: Chandelure|Substitute|p2a: Chandelure
|-start|p2a: Chandelure|Substitute
|-damage|p2a: Chandelure|181\/289
|
|-heal|p2a: Chandelure|199\/289|[from] item: Leftovers
|-damage|p1a: Victini|244\/341 psn|[from] psn
|turn|12
|
|move|p1a: Victini|Zen Headbutt|p2a: Chandelure
|-end|p2a: Chandelure|Substitute
|move|p2a: Chandelure|Shadow Ball|p1a: Victini
|-supereffective|p1a: Victini
|-damage|p1a: Victini|0 fnt
|faint|p1a: Victini
|
|-heal|p2a: Chandelure|217\/289|[from] item: Leftovers
|-message|Godsend forfeited.
|
|win|Koniac Beaer
|raw|Ladder updating...
|leave|Godsend
|player|p1
|raw|Godsend's rating: 1562 &rarr; <strong>1542<\/strong><br \/>(-20 for losing)
|raw|Koniac Beaer's rating: 1557 &rarr; <strong>1577<\/strong><br \/>(+20 for winning)