|join|Haxxhatred
|join|Godsend
|player|p1|Haxxhatred|101
|player|p2|Godsend|102
|gametype|singles
|gen|6
|tier|UU
|rated
|rule|Sleep Clause Mod: Limit one foe put to sleep
|rule|Species Clause: Limit one of each Pokemon
|rule|OHKO Clause: OHKO moves are banned
|rule|Moody Clause: Moody is banned
|rule|Swagger Clause: Swagger is banned
|rule|Evasion Moves Clause: Evasion moves are banned
|rule|Endless Battle Clause: Forcing endless battles is banned
|rule|HP Percentage Mod: HP is reported as percentages
|clearpoke
|poke|p1|Noivern, F
|poke|p1|Crobat, F
|poke|p1|Mismagius, F
|poke|p1|Gallade, M
|poke|p1|Krookodile, M
|poke|p1|Aggron, M
|poke|p2|Staraptor, F
|poke|p2|Victini
|poke|p2|Jirachi
|poke|p2|Aromatisse, F
|poke|p2|Crobat, M
|poke|p2|Hippowdon, F
|rule|Baton Pass Clause: Limit 3 pokemon knowing Baton Pass
|teampreview
|chat|Godsend|ello fren
|
|start
|switch|p1a: Krookodile|Krookodile, M|353\/353
|switch|p2a: Crobat|Crobat, M|355\/355
|-ability|p1a: Krookodile|Intimidate|[of] p2a: Crobat
|-unboost|p2a: Crobat|atk|1
|turn|1
|
|move|p2a: Crobat|U-turn|p1a: Krookodile
|-supereffective|p1a: Krookodile
|-damage|p1a: Krookodile|251\/353
|
|move|p1a: Krookodile|Pursuit|p2a: Crobat|[from]Pursuit
|-damage|p2a: Crobat|148\/355
|-damage|p1a: Krookodile|216\/353|[from] item: Life Orb
|switch|p2a: Hippowdon|Hippowdon, F|420\/420
|
|turn|2
|chat|Godsend|:]
|
|move|p1a: Krookodile|Taunt|p2a: Hippowdon
|-start|p2a: Hippowdon|move: Taunt
|cant|p2a: Hippowdon|move: Taunt|Stealth Rock
|
|turn|3
|
|switch|p1a: Mismagius|Mismagius, F|323\/323
|switch|p2a: Aromatisse|Aromatisse, F|406\/406
|
|turn|4
|
|switch|p1a: Noivern|Noivern, F|315\/315
|move|p2a: Aromatisse|Light Screen|p2a: Aromatisse
|-sidestart|p2: Godsend|move: Light Screen
|
|turn|5
|
|move|p1a: Noivern|Switcheroo|p2a: Aromatisse
|-activate|p1a: Noivern|move: Trick|[of] p2a: Aromatisse
|-item|p2a: Aromatisse|Choice Scarf|[from] Trick
|-item|p1a: Noivern|Light Clay|[from] Trick
|move|p2a: Aromatisse|Moonblast|p1a: Noivern
|-supereffective|p1a: Noivern
|-damage|p1a: Noivern|75\/315
|
|turn|6
|
|switch|p1a: Crobat|Crobat, F|314\/314
|switch|p2a: Victini|Victini|341\/341
|
|turn|7
|
|move|p1a: Crobat|Brave Bird|p2a: Victini
|-damage|p2a: Victini|170\/341
|-damage|p1a: Crobat|258\/314|[from] recoil|[of] p2a: Victini
|move|p2a: Victini|Blue Flare|p1a: Crobat
|-damage|p1a: Crobat|0 fnt
|-damage|p2a: Victini|136\/341|[from] item: Life Orb
|faint|p1a: Crobat
|
|
|switch|p1a: Mismagius|Mismagius, F|323\/323
|turn|8
|
|switch|p2a: Jirachi|Jirachi|404\/404
|switch|p1a: Noivern|Noivern, F|75\/315
|
|turn|9
|
|switch|p1a: Krookodile|Krookodile, M|216\/353
|-ability|p1a: Krookodile|Intimidate|[of] p2a: Jirachi
|-unboost|p2a: Jirachi|atk|1
|move|p2a: Jirachi|Wish|p2a: Jirachi
|
|turn|10
|
|switch|p2a: Hippowdon|Hippowdon, F|420\/420
|move|p1a: Krookodile|Knock Off|p2a: Hippowdon
|-damage|p2a: Hippowdon|282\/420
|-enditem|p2a: Hippowdon|Leftovers|[from] move: Knock Off|[of] p1a: Krookodile
|-damage|p1a: Krookodile|181\/353|[from] item: Life Orb
|
|-heal|p2a: Hippowdon|420\/420|[from] move: Wish|[wisher] Jirachi
|turn|11
|
|move|p1a: Krookodile|Taunt|p2a: Hippowdon
|-start|p2a: Hippowdon|move: Taunt
|move|p2a: Hippowdon|Earthquake|p1a: Krookodile
|-crit|p1a: Krookodile
|-damage|p1a: Krookodile|0 fnt
|faint|p1a: Krookodile
|
|-sideend|p2: Godsend|move: Light Screen
|
|switch|p1a: Mismagius|Mismagius, F|323\/323
|turn|12
|
|switch|p2a: Aromatisse|Aromatisse, F|406\/406
|move|p1a: Mismagius|Shadow Ball|p2a: Aromatisse
|-damage|p2a: Aromatisse|307\/406
|-unboost|p2a: Aromatisse|spd|1
|
|turn|13
|
|move|p1a: Mismagius|Shadow Ball|p2a: Aromatisse
|-damage|p2a: Aromatisse|175\/406
|move|p2a: Aromatisse|Moonblast|p1a: Mismagius
|-damage|p1a: Mismagius|223\/323
|
|-heal|p1a: Mismagius|243\/323|[from] item: Leftovers
|turn|14
|
|move|p1a: Mismagius|Shadow Ball|p2a: Aromatisse
|-crit|p2a: Aromatisse
|-damage|p2a: Aromatisse|0 fnt
|faint|p2a: Aromatisse
|
|-heal|p1a: Mismagius|263\/323|[from] item: Leftovers
|
|switch|p2a: Crobat|Crobat, M|148\/355
|turn|15
|
|move|p2a: Crobat|Roost|p2a: Crobat
|-heal|p2a: Crobat|326\/355
|move|p1a: Mismagius|Will-O-Wisp|p2a: Crobat
|-status|p2a: Crobat|brn
|
|-heal|p2a: Crobat|348\/355 brn|[from] item: Leftovers
|-heal|p1a: Mismagius|283\/323|[from] item: Leftovers
|-damage|p2a: Crobat|304\/355 brn|[from] brn
|turn|16
|
|move|p2a: Crobat|Brave Bird|p1a: Mismagius
|-damage|p1a: Mismagius|175\/323
|-damage|p2a: Crobat|268\/355 brn|[from] recoil|[of] p1a: Mismagius
|move|p1a: Mismagius|Shadow Ball|p2a: Crobat
|-damage|p2a: Crobat|129\/355 brn
|
|-heal|p2a: Crobat|151\/355 brn|[from] item: Leftovers
|-heal|p1a: Mismagius|195\/323|[from] item: Leftovers
|-damage|p2a: Crobat|107\/355 brn|[from] brn
|turn|17
|
|move|p2a: Crobat|U-turn|p1a: Mismagius
|-resisted|p1a: Mismagius
|-damage|p1a: Mismagius|175\/323
|
|switch|p2a: Staraptor|Staraptor, F|311\/311
|move|p1a: Mismagius|Will-O-Wisp|p2a: Staraptor
|-status|p2a: Staraptor|brn
|
|-heal|p1a: Mismagius|195\/323|[from] item: Leftovers
|-damage|p2a: Staraptor|273\/311 brn|[from] brn
|turn|18
|
|switch|p1a: Aggron|Aggron, M|309\/309
|move|p2a: Staraptor|Brave Bird|p1a: Aggron
|-resisted|p1a: Aggron
|-damage|p1a: Aggron|286\/309
|-damage|p2a: Staraptor|265\/311 brn|[from] recoil|[of] p1a: Aggron
|-damage|p2a: Staraptor|234\/311 brn|[from] item: Life Orb
|
|-damage|p2a: Staraptor|196\/311 brn|[from] brn
|turn|19
|
|detailschange|p1a: Aggron|Aggron-Mega, M
|message|Aggron has Mega Evolved into Mega Aggron!
|move|p2a: Staraptor|Close Combat|p1a: Aggron
|-crit|p1a: Aggron
|-supereffective|p1a: Aggron
|-damage|p1a: Aggron|189\/309
|-unboost|p2a: Staraptor|def|1
|-unboost|p2a: Staraptor|spd|1
|-damage|p2a: Staraptor|165\/311 brn|[from] item: Life Orb
|move|p1a: Aggron|Stealth Rock|p2a: Staraptor
|-sidestart|p2: Godsend|move: Stealth Rock
|
|-damage|p2a: Staraptor|127\/311 brn|[from] brn
|turn|20
|
|move|p2a: Staraptor|Close Combat|p1a: Aggron
|-supereffective|p1a: Aggron
|-damage|p1a: Aggron|129\/309
|-unboost|p2a: Staraptor|def|1
|-unboost|p2a: Staraptor|spd|1
|-damage|p2a: Staraptor|96\/311 brn|[from] item: Life Orb
|move|p1a: Aggron|Heavy Slam|p2a: Staraptor
|-damage|p2a: Staraptor|0 fnt
|faint|p2a: Staraptor
|
|
|switch|p2a: Crobat|Crobat, M|107\/355 brn
|-damage|p2a: Crobat|19\/355 brn|[from] Stealth Rock
|turn|21
|
|move|p2a: Crobat|Defog|p1a: Aggron
|-unboost|p1a: Aggron|evasion|1
|-sideend|p2: Godsend|Stealth Rock|[from] move: Defog|[of] p2a: Crobat
|move|p1a: Aggron|Stealth Rock|p2a: Crobat
|-sidestart|p2: Godsend|move: Stealth Rock
|
|-heal|p2a: Crobat|41\/355 brn|[from] item: Leftovers
|-damage|p2a: Crobat|0 fnt|[from] brn
|faint|p2a: Crobat
|
|switch|p2a: Hippowdon|Hippowdon, F|420\/420
|-damage|p2a: Hippowdon|394\/420|[from] Stealth Rock
|turn|22
|
|move|p1a: Aggron|Taunt|p2a: Hippowdon
|-start|p2a: Hippowdon|move: Taunt
|cant|p2a: Hippowdon|move: Taunt|Stealth Rock
|
|turn|23
|
|switch|p1a: Mismagius|Mismagius, F|195\/323
|move|p2a: Hippowdon|Earthquake|p1a: Mismagius
|-immune|p1a: Mismagius|[msg]
|
|-heal|p1a: Mismagius|215\/323|[from] item: Leftovers
|turn|24
|
|switch|p2a: Jirachi|Jirachi|404\/404
|-damage|p2a: Jirachi|379\/404|[from] Stealth Rock
|move|p1a: Mismagius|Shadow Ball|p2a: Jirachi
|-supereffective|p2a: Jirachi
|-damage|p2a: Jirachi|127\/404
|-unboost|p2a: Jirachi|spd|1
|
|-heal|p1a: Mismagius|235\/323|[from] item: Leftovers
|turn|25
|
|move|p1a: Mismagius|Shadow Ball|p2a: Jirachi
|-supereffective|p2a: Jirachi
|-damage|p2a: Jirachi|0 fnt
|faint|p2a: Jirachi
|
|-heal|p1a: Mismagius|255\/323|[from] item: Leftovers
|-message|Godsend forfeited.
|
|win|Haxxhatred
|raw|Ladder updating...
|leave|Godsend
|player|p2
|raw|Haxxhatred's rating: 1392 &rarr; <strong>1411<\/strong><br \/>(+19 for winning)
|raw|Godsend's rating: 1370 &rarr; <strong>1352<\/strong><br \/>(-18 for losing)