|join|Godsend
|join|toad878
|player|p1|Godsend|162
|player|p2|toad878|1
|gametype|singles
|gen|6
|tier|UU
|rated
|rule|Sleep Clause Mod: Limit one foe put to sleep
|rule|Species Clause: Limit one of each PokÃ©mon
|rule|OHKO Clause: OHKO moves are banned
|rule|Moody Clause: Moody is banned
|rule|Evasion Moves Clause: Evasion moves are banned
|rule|Endless Battle Clause: Forcing endless battles is banned
|rule|HP Percentage Mod: HP is shown in percentages
|clearpoke
|poke|p1|Roserade, F
|poke|p1|Tentacruel, M
|poke|p1|Swampert, M
|poke|p1|Diancie
|poke|p1|Hydreigon, M
|poke|p1|Banette, F
|poke|p2|Jirachi
|poke|p2|Arcanine, M
|poke|p2|Absol, M
|poke|p2|Azelf
|poke|p2|Celebi
|poke|p2|Aerodactyl, M, shiny
|rule|Swagger Clause: Swagger is banned
|rule|Baton Pass Clause: Limit one PokÃ©mon knowing Baton Pass
|teampreview
|c|âtoad878|Hai :3
|c|âGodsend|hai
|
|start
|switch|p1a: Banette|Banette, F|331\/331
|switch|p2a: Ugh|Absol, M|271\/271
|-ability|p2a: Ugh|Pressure
|turn|1
|
|switch|p1a: Diancie|Diancie|303\/303
|detailschange|p2a: Ugh|Absol-Mega, M
|-mega|p2a: Ugh|Absol|Absolite
|move|p2a: Ugh|Swords Dance|p2a: Ugh
|-boost|p2a: Ugh|atk|2
|
|turn|2
|
|move|p2a: Ugh|Swords Dance|p2a: Ugh
|-boost|p2a: Ugh|atk|2
|move|p1a: Diancie|Moonblast|p2a: Ugh
|-supereffective|p2a: Ugh
|-damage|p2a: Ugh|0 fnt
|faint|p2a: Ugh
|
|
|switch|p2a: Flap|Aerodactyl, M, shiny|302\/302
|-ability|p2a: Flap|Pressure
|turn|3
|
|move|p2a: Flap|Earthquake|p1a: Diancie
|-supereffective|p1a: Diancie
|-damage|p1a: Diancie|141\/303
|move|p1a: Diancie|Diamond Storm|p2a: Flap
|-supereffective|p2a: Flap
|-damage|p2a: Flap|0 fnt
|-boost|p1a: Diancie|def|1
|faint|p2a: Flap
|
|
|switch|p2a: Cookie|Jirachi|397\/397
|turn|4
|
|switch|p1a: Swampert|Swampert, M|404\/404
|move|p2a: Cookie|Thunder Wave|p1a: Swampert
|-immune|p1a: Swampert|[msg]
|
|turn|5
|
|move|p2a: Cookie|Zen Headbutt|p1a: Swampert
|-damage|p1a: Swampert|311\/404
|move|p1a: Swampert|Stealth Rock|p2a: Cookie
|-sidestart|p2: toad878|move: Stealth Rock
|
|-heal|p1a: Swampert|336\/404|[from] item: Leftovers
|turn|6
|
|switch|p1a: Tentacruel|Tentacruel, M|363\/363
|move|p2a: Cookie|Thunder Wave|p1a: Tentacruel
|-status|p1a: Tentacruel|par
|
|turn|7
|
|move|p2a: Cookie|Zen Headbutt|p1a: Tentacruel
|-supereffective|p1a: Tentacruel
|-damage|p1a: Tentacruel|109\/363 par
|move|p1a: Tentacruel|Knock Off|p2a: Cookie
|-supereffective|p2a: Cookie
|-damage|p2a: Cookie|291\/397
|-enditem|p2a: Cookie|Leftovers|[from] move: Knock Off|[of] p1a: Tentacruel
|
|-heal|p1a: Tentacruel|131\/363 par|[from] item: Leftovers
|turn|8
|
|switch|p1a: Hydreigon|Hydreigon, M|325\/325
|move|p2a: Cookie|Cosmic Power|p2a: Cookie
|-boost|p2a: Cookie|def|1
|-boost|p2a: Cookie|spd|1
|
|turn|9
|
|move|p1a: Hydreigon|Dark Pulse|p2a: Cookie
|-supereffective|p2a: Cookie
|-damage|p2a: Cookie|127\/397
|move|p2a: Cookie|Thunder Wave|p1a: Hydreigon
|-status|p1a: Hydreigon|par
|
|turn|10
|
|move|p2a: Cookie|Iron Head|p1a: Hydreigon
|-damage|p1a: Hydreigon|172\/325 par
|cant|p1a: Hydreigon|par
|
|turn|11
|
|switch|p1a: Banette|Banette, F|331\/331
|move|p2a: Cookie|Iron Head|p1a: Banette
|-damage|p1a: Banette|220\/331
|
|turn|12
|
|detailschange|p1a: Banette|Banette-Mega, F
|-mega|p1a: Banette|Banette|Banettite
|move|p2a: Cookie|Thunder Wave|p1a: Banette
|-status|p1a: Banette|par
|move|p1a: Banette|Taunt|p2a: Cookie
|-start|p2a: Cookie|move: Taunt
|
|turn|13
|
|move|p2a: Cookie|Zen Headbutt|p1a: Banette
|-damage|p1a: Banette|108\/331 par
|cant|p1a: Banette|flinch
|
|turn|14
|
|cant|p1a: Banette|par
|move|p2a: Cookie|Iron Head|p1a: Banette
|-crit|p1a: Banette
|-damage|p1a: Banette|0 fnt
|faint|p1a: Banette
|
|
|switch|p1a: Swampert|Swampert, M|336\/404
|turn|15
|
|move|p2a: Cookie|Zen Headbutt|p1a: Swampert|[miss]
|-miss|p2a: Cookie|p1a: Swampert
|move|p1a: Swampert|Earthquake|p2a: Cookie
|-crit|p2a: Cookie
|-supereffective|p2a: Cookie
|-damage|p2a: Cookie|0 fnt
|faint|p2a: Cookie
|
|-heal|p1a: Swampert|361\/404|[from] item: Leftovers
|
|switch|p2a: Celery|Celebi|403\/403
|-damage|p2a: Celery|353\/403|[from] Stealth Rock
|turn|16
|
|switch|p1a: Roserade|Roserade, F|261\/261
|move|p2a: Celery|Energy Ball|p1a: Roserade
|-resisted|p1a: Roserade
|-damage|p1a: Roserade|234\/261
|
|turn|17
|
|move|p1a: Roserade|Sludge Bomb|p2a: Celery
|-supereffective|p2a: Celery
|-damage|p2a: Celery|117\/403
|move|p2a: Celery|Light Screen|p2a: Celery
|-sidestart|p2: toad878|move: Light Screen
|
|turn|18
|
|move|p1a: Roserade|Sludge Bomb|p2a: Celery
|-supereffective|p2a: Celery
|-damage|p2a: Celery|0 fnt
|faint|p2a: Celery
|
|
|switch|p2a: Woof|Arcanine, M|384\/384
|-damage|p2a: Woof|288\/384|[from] Stealth Rock
|-ability|p2a: Woof|Intimidate|[of] p1a: Roserade
|-unboost|p1a: Roserade|atk|1
|turn|19
|
|move|p1a: Roserade|Sleep Powder|p2a: Woof
|-status|p2a: Woof|slp
|cant|p2a: Woof|slp
|
|-heal|p2a: Woof|312\/384 slp|[from] item: Leftovers
|turn|20
|
|move|p1a: Roserade|Sludge Bomb|p2a: Woof
|-damage|p2a: Woof|218\/384 slp
|cant|p2a: Woof|slp
|
|-heal|p2a: Woof|242\/384 slp|[from] item: Leftovers
|turn|21
|
|move|p1a: Roserade|Sludge Bomb|p2a: Woof
|-damage|p2a: Woof|154\/384 slp
|cant|p2a: Woof|slp
|
|-heal|p2a: Woof|178\/384 slp|[from] item: Leftovers
|turn|22
|
|move|p1a: Roserade|Sludge Bomb|p2a: Woof
|-damage|p2a: Woof|87\/384 slp
|-curestatus|p2a: Woof|slp
|move|p2a: Woof|Flare Blitz|p1a: Roserade
|-supereffective|p1a: Roserade
|-damage|p1a: Roserade|0 fnt
|-damage|p2a: Woof|10\/384|[from] recoil|[of] p1a: Roserade
|faint|p1a: Roserade
|
|-heal|p2a: Woof|34\/384|[from] item: Leftovers
|
|switch|p1a: Diancie|Diancie|141\/303
|turn|23
|
|move|p2a: Woof|Morning Sun|p2a: Woof
|-heal|p2a: Woof|226\/384
|move|p1a: Diancie|Rest|p1a: Diancie
|-status|p1a: Diancie|slp
|-heal|p1a: Diancie|303\/303 slp|[silent]
|-status|p1a: Diancie|slp|[from] move: Rest
|-enditem|p1a: Diancie|Chesto Berry|[eat]
|-curestatus|p1a: Diancie|slp
|
|-heal|p2a: Woof|250\/384|[from] item: Leftovers
|turn|24
|
|move|p2a: Woof|Will-O-Wisp|p1a: Diancie
|-status|p1a: Diancie|brn
|move|p1a: Diancie|Diamond Storm|p2a: Woof
|-supereffective|p2a: Woof
|-damage|p2a: Woof|154\/384
|
|-heal|p2a: Woof|178\/384|[from] item: Leftovers
|-damage|p1a: Diancie|266\/303 brn|[from] brn
|-sideend|p2: toad878|move: Light Screen
|turn|25
|
|move|p2a: Woof|Morning Sun|p2a: Woof
|-heal|p2a: Woof|370\/384
|move|p1a: Diancie|Earth Power|p2a: Woof
|-supereffective|p2a: Woof
|-damage|p2a: Woof|122\/384
|
|-heal|p2a: Woof|146\/384|[from] item: Leftovers
|-damage|p1a: Diancie|229\/303 brn|[from] brn
|turn|26
|
|move|p2a: Woof|Flare Blitz|p1a: Diancie
|-resisted|p1a: Diancie
|-damage|p1a: Diancie|179\/303 brn
|-damage|p2a: Woof|129\/384|[from] recoil|[of] p1a: Diancie
|move|p1a: Diancie|Earth Power|p2a: Woof
|-supereffective|p2a: Woof
|-damage|p2a: Woof|0 fnt
|faint|p2a: Woof
|
|-damage|p1a: Diancie|142\/303 brn|[from] brn
|
|switch|p2a: Zoop|Azelf|292\/292
|-damage|p2a: Zoop|256\/292|[from] Stealth Rock
|turn|27
|
|move|p2a: Zoop|Nasty Plot|p2a: Zoop
|-boost|p2a: Zoop|spa|2
|move|p1a: Diancie|Moonblast|p2a: Zoop
|-damage|p2a: Zoop|48\/292
|
|-damage|p1a: Diancie|105\/303 brn|[from] brn
|turn|28
|
|move|p2a: Zoop|Psychic|p1a: Diancie
|-damage|p1a: Diancie|0 fnt
|-damage|p2a: Zoop|19\/292|[from] item: Life Orb
|faint|p1a: Diancie
|
|c|âGodsend|gg
|
|switch|p1a: Tentacruel|Tentacruel, M|131\/363 par
|turn|29
|c|âtoad878|gg
|
|move|p2a: Zoop|Psychic|p1a: Tentacruel
|-supereffective|p1a: Tentacruel
|-damage|p1a: Tentacruel|0 fnt
|-damage|p2a: Zoop|0 fnt|[from] item: Life Orb
|faint|p1a: Tentacruel
|faint|p2a: Zoop
|
|win|Godsend
|raw|Ladder updating...
|raw|Godsend's rating: 1440 &rarr; <strong>1448<\/strong><br \/>(+8 for winning)
|raw|toad878's rating: 1191 &rarr; <strong>1181<\/strong><br \/>(-10 for losing)
|leave|Godsend
|player|p1