|join|King UU
|join|Godsend
|player|p1|King UU|#kinguu
|player|p2|Godsend|162
|gametype|singles
|gen|6
|tier|UU
|rated
|rule|Sleep Clause Mod: Limit one foe put to sleep
|rule|Species Clause: Limit one of each PokÃ©mon
|rule|OHKO Clause: OHKO moves are banned
|rule|Moody Clause: Moody is banned
|rule|Evasion Moves Clause: Evasion moves are banned
|rule|Endless Battle Clause: Forcing endless battles is banned
|rule|HP Percentage Mod: HP is shown in percentages
|clearpoke
|poke|p1|Celebi
|poke|p1|Crobat, F
|poke|p1|Lucario, M
|poke|p1|Chandelure, M
|poke|p1|Hydreigon, F
|poke|p1|Swampert, F
|poke|p2|Roserade, F
|poke|p2|Crobat, M
|poke|p2|Lucario, F
|poke|p2|Diancie
|poke|p2|Hydreigon, M
|poke|p2|Banette, F
|rule|Swagger Clause: Swagger is banned
|rule|Baton Pass Clause: Limit one PokÃ©mon knowing Baton Pass
|teampreview
|c|âGodsend|hai
|c|âKing UU|Hello
|c|âGodsend|oh it's you
|c|âGodsend|i'm expecting a million people to join
|
|start
|switch|p1a: Chandelure|Chandelure, M|289\/289
|switch|p2a: Diancie|Diancie|303\/303
|turn|1
|
|move|p1a: Chandelure|Substitute|p1a: Chandelure
|-start|p1a: Chandelure|Substitute
|-damage|p1a: Chandelure|217\/289
|move|p2a: Diancie|Stealth Rock|p1a: Chandelure
|-sidestart|p1: King UU|move: Stealth Rock
|
|-heal|p1a: Chandelure|235\/289|[from] item: Leftovers
|turn|2
|
|move|p1a: Chandelure|Calm Mind|p1a: Chandelure
|-boost|p1a: Chandelure|spa|1
|-boost|p1a: Chandelure|spd|1
|move|p2a: Diancie|Diamond Storm|p1a: Chandelure
|-supereffective|p1a: Chandelure
|-end|p1a: Chandelure|Substitute
|
|-heal|p1a: Chandelure|253\/289|[from] item: Leftovers
|turn|3
|
|move|p1a: Chandelure|Shadow Ball|p2a: Diancie
|-crit|p2a: Diancie
|-damage|p2a: Diancie|84\/303
|move|p2a: Diancie|Diamond Storm|p1a: Chandelure
|-supereffective|p1a: Chandelure
|-damage|p1a: Chandelure|1\/289
|-boost|p2a: Diancie|def|1
|
|-heal|p1a: Chandelure|19\/289|[from] item: Leftovers
|turn|4
|
|switch|p2a: Hydreigon|Hydreigon, M|325\/325
|move|p1a: Chandelure|Shadow Ball|p2a: Hydreigon
|-resisted|p2a: Hydreigon
|-damage|p2a: Hydreigon|207\/325
|
|-heal|p1a: Chandelure|37\/289|[from] item: Leftovers
|turn|5
|
|move|p2a: Hydreigon|Draco Meteor|p1a: Chandelure
|-damage|p1a: Chandelure|0 fnt
|-unboost|p2a: Hydreigon|spa|2
|faint|p1a: Chandelure
|
|
|switch|p1a: Celebi|Celebi|341\/341
|-damage|p1a: Celebi|299\/341|[from] Stealth Rock
|turn|6
|
|switch|p2a: Roserade|Roserade, F|261\/261
|move|p1a: Celebi|Swords Dance|p1a: Celebi
|-boost|p1a: Celebi|atk|2
|
|turn|7
|
|move|p1a: Celebi|Zen Headbutt|p2a: Roserade
|-supereffective|p2a: Roserade
|-enditem|p2a: Roserade|Focus Sash
|-damage|p2a: Roserade|1\/261
|-damage|p1a: Celebi|265\/341|[from] item: Life Orb
|move|p2a: Roserade|Spikes|p1a: Celebi
|-sidestart|p1: King UU|Spikes
|
|turn|8
|
|move|p1a: Celebi|Seed Bomb|p2a: Roserade
|-resisted|p2a: Roserade
|-damage|p2a: Roserade|0 fnt
|-damage|p1a: Celebi|231\/341|[from] item: Life Orb
|faint|p2a: Roserade
|
|
|switch|p2a: Banette|Banette, F|331\/331
|turn|9
|
|detailschange|p2a: Banette|Banette-Mega, F
|-mega|p2a: Banette|Banette|Banettite
|move|p1a: Celebi|Sucker Punch|p2a: Banette
|-fail|p2a: Banette
|move|p2a: Banette|Will-O-Wisp|p1a: Celebi
|-status|p1a: Celebi|brn
|
|-damage|p1a: Celebi|189\/341 brn|[from] brn
|turn|10
|
|move|p1a: Celebi|Sucker Punch|p2a: Banette
|-fail|p2a: Banette
|move|p2a: Banette|Taunt|p1a: Celebi
|-start|p1a: Celebi|move: Taunt
|
|-damage|p1a: Celebi|147\/341 brn|[from] brn
|turn|11
|
|move|p1a: Celebi|Zen Headbutt|p2a: Banette
|-damage|p2a: Banette|191\/331
|-damage|p1a: Celebi|113\/341 brn|[from] item: Life Orb
|move|p2a: Banette|Knock Off|p1a: Celebi
|-supereffective|p1a: Celebi
|-damage|p1a: Celebi|0 fnt
|-enditem|p1a: Celebi|Life Orb|[from] move: Knock Off|[of] p2a: Banette
|faint|p1a: Celebi
|
|
|switch|p1a: Crobat|Crobat, F|323\/323
|-damage|p1a: Crobat|243\/323|[from] Stealth Rock
|turn|12
|
|move|p2a: Banette|Taunt|p1a: Crobat
|-start|p1a: Crobat|move: Taunt
|move|p1a: Crobat|Brave Bird|p2a: Banette
|-damage|p2a: Banette|25\/331
|-damage|p1a: Crobat|188\/323|[from] recoil|[of] p2a: Banette
|
|turn|13
|
|move|p2a: Banette|Will-O-Wisp|p1a: Crobat|[miss]
|-miss|p2a: Banette|p1a: Crobat
|move|p1a: Crobat|Brave Bird|p2a: Banette
|-damage|p2a: Banette|0 fnt
|-damage|p1a: Crobat|180\/323|[from] recoil|[of] p2a: Banette
|faint|p2a: Banette
|
|
|switch|p2a: Diancie|Diancie|84\/303
|turn|14
|
|move|p1a: Crobat|Brave Bird|p2a: Diancie
|-resisted|p2a: Diancie
|-damage|p2a: Diancie|24\/303
|-damage|p1a: Crobat|160\/323|[from] recoil|[of] p2a: Diancie
|move|p2a: Diancie|Rest|p2a: Diancie
|-status|p2a: Diancie|slp
|-heal|p2a: Diancie|303\/303 slp|[silent]
|-status|p2a: Diancie|slp|[from] move: Rest
|-enditem|p2a: Diancie|Chesto Berry|[eat]
|-curestatus|p2a: Diancie|slp
|
|-end|p1a: Crobat|move: Taunt
|turn|15
|
|move|p1a: Crobat|Roost|p1a: Crobat
|-heal|p1a: Crobat|322\/323
|move|p2a: Diancie|Moonblast|p1a: Crobat
|-resisted|p1a: Crobat
|-damage|p1a: Crobat|241\/323
|-unboost|p1a: Crobat|spa|1
|
|turn|16
|
|switch|p1a: Swampert|Swampert, F|394\/394
|-damage|p1a: Swampert|370\/394|[from] Stealth Rock
|-damage|p1a: Swampert|321\/394|[from] Spikes
|move|p2a: Diancie|Diamond Storm|p1a: Swampert
|-resisted|p1a: Swampert
|-damage|p1a: Swampert|261\/394
|
|turn|17
|
|switch|p2a: Crobat|Crobat, M|373\/373
|detailschange|p1a: Swampert|Swampert-Mega, F
|-mega|p1a: Swampert|Swampert|Swampertite
|move|p1a: Swampert|Stealth Rock|p2a: Crobat
|-sidestart|p2: Godsend|move: Stealth Rock
|
|turn|18
|
|move|p2a: Crobat|Brave Bird|p1a: Swampert
|-damage|p1a: Swampert|152\/394
|-damage|p2a: Crobat|337\/373|[from] recoil|[of] p1a: Swampert
|move|p1a: Swampert|Waterfall|p2a: Crobat
|-damage|p2a: Crobat|154\/373
|
|-heal|p2a: Crobat|177\/373|[from] item: Leftovers
|turn|19
|c|âKing UU|use black sludge
|
|move|p2a: Crobat|Roost|p2a: Crobat
|-heal|p2a: Crobat|364\/373
|move|p1a: Swampert|Waterfall|p2a: Crobat
|-damage|p2a: Crobat|180\/373
|
|-heal|p2a: Crobat|203\/373|[from] item: Leftovers
|turn|20
|c|âKing UU|not leftovers
|c|âKing UU|for crobat
|
|move|p2a: Crobat|Brave Bird|p1a: Swampert
|-damage|p1a: Swampert|28\/394
|-damage|p2a: Crobat|162\/373|[from] recoil|[of] p1a: Swampert
|move|p1a: Swampert|Waterfall|p2a: Crobat
|-damage|p2a: Crobat|0 fnt
|faint|p2a: Crobat
|
|
|switch|p2a: Hydreigon|Hydreigon, M|207\/325
|-damage|p2a: Hydreigon|167\/325|[from] Stealth Rock
|turn|21
|
|move|p2a: Hydreigon|U-turn|p1a: Swampert
|-damage|p1a: Swampert|0 fnt
|faint|p1a: Swampert
|
|switch|p2a: Diancie|Diancie|303\/303
|-damage|p2a: Diancie|266\/303|[from] Stealth Rock
|
|
|switch|p1a: Lucario|Lucario, M|281\/281
|-damage|p1a: Lucario|273\/281|[from] Stealth Rock
|-damage|p1a: Lucario|238\/281|[from] Spikes
|turn|22
|
|move|p1a: Lucario|Swords Dance|p1a: Lucario
|-boost|p1a: Lucario|atk|2
|move|p2a: Diancie|Moonblast|p1a: Lucario
|-damage|p1a: Lucario|57\/281
|
|turn|23
|
|switch|p2a: Hydreigon|Hydreigon, M|167\/325
|-damage|p2a: Hydreigon|127\/325|[from] Stealth Rock
|move|p1a: Lucario|Close Combat|p2a: Hydreigon
|-supereffective|p2a: Hydreigon
|-damage|p2a: Hydreigon|0 fnt
|-unboost|p1a: Lucario|def|1
|-unboost|p1a: Lucario|spd|1
|-damage|p1a: Lucario|29\/281|[from] item: Life Orb
|faint|p2a: Hydreigon
|
|
|switch|p2a: Lucario|Lucario, F|281\/281
|-damage|p2a: Lucario|273\/281|[from] Stealth Rock
|turn|24
|
|move|p2a: Lucario|Extreme Speed|p1a: Lucario
|-crit|p1a: Lucario
|-resisted|p1a: Lucario
|-damage|p1a: Lucario|0 fnt
|-damage|p2a: Lucario|245\/281|[from] item: Life Orb
|faint|p1a: Lucario
|
|c|âGodsend|hacks
|
|switch|p1a: Crobat|Crobat, F|241\/323
|-damage|p1a: Crobat|161\/323|[from] Stealth Rock
|turn|25
|
|move|p2a: Lucario|Extreme Speed|p1a: Crobat
|-damage|p1a: Crobat|8\/323
|-damage|p2a: Lucario|217\/281|[from] item: Life Orb
|move|p1a: Crobat|Roost|p1a: Crobat
|-heal|p1a: Crobat|170\/323
|
|turn|26
|
|move|p1a: Crobat|Roost|p1a: Crobat
|-heal|p1a: Crobat|323\/323
|move|p2a: Lucario|Swords Dance|p2a: Lucario
|-boost|p2a: Lucario|atk|2
|
|turn|27
|c|âGodsend|what item do you run on bat?
|c|âKing UU|sharp bea
|
|move|p2a: Lucario|Extreme Speed|p1a: Crobat
|-damage|p1a: Crobat|37\/323
|-damage|p2a: Lucario|189\/281|[from] item: Life Orb
|move|p1a: Crobat|Brave Bird|p2a: Lucario
|-damage|p2a: Lucario|0 fnt
|-damage|p1a: Crobat|0 fnt|[from] recoil|[of] p2a: Lucario
|faint|p2a: Lucario
|faint|p1a: Crobat
|
|c|âKing UU|beak*
|c|âGodsend|that's cool
|c|âGodsend|gg fren
|c|âKing UU|gg
|c|âGodsend|show me the flash cannon
|
|switch|p1a: Hydreigon|Hydreigon, F|325\/325
|switch|p2a: Diancie|Diancie|266\/303
|-damage|p1a: Hydreigon|285\/325|[from] Stealth Rock
|-damage|p2a: Diancie|229\/303|[from] Stealth Rock
|turn|28
|c|âGodsend|:o
|
|move|p1a: Hydreigon|Dark Pulse|p2a: Diancie
|-resisted|p2a: Diancie
|-damage|p2a: Diancie|157\/303
|cant|p2a: Diancie|flinch
|
|turn|29
|c|âKing UU|uno mas critflinch
|
|move|p1a: Hydreigon|Dark Pulse|p2a: Diancie
|-resisted|p2a: Diancie
|-damage|p2a: Diancie|84\/303
|move|p2a: Diancie|Moonblast|p1a: Hydreigon
|-supereffective|p1a: Hydreigon
|-damage|p1a: Hydreigon|0 fnt
|faint|p1a: Hydreigon
|
|win|Godsend
|raw|Ladder updating...
|c|âKing UU|321 go
|raw|King UU's rating: 1578 &rarr; <strong>1548<\/strong><br \/>(-30 for losing)
|raw|Godsend's rating: 1394 &rarr; <strong>1423<\/strong><br \/>(+29 for winning)
|c|âKing UU|aw
|c|âGodsend|haha
|leave|King UU
|player|p1