|join|Godsend
|join|Fuuka Yamagishi
|player|p1|Godsend|101
|player|p2|Fuuka Yamagishi|2
|gametype|singles
|tier|UU
|rated
|rule|Sleep Clause Mod: Limit one foe put to sleep
|rule|Species Clause: Limit one of each Pokemon
|rule|OHKO Clause: OHKO moves are banned
|rule|Moody Clause: Moody is banned
|rule|Evasion Moves Clause: Evasion moves are banned
|rule|HP Percentage Mod: HP is reported as percentages
|rule|Evasion Abilities Clause: Evasion abilities are banned
|clearpoke
|poke|p1|Sigilyph, F
|poke|p1|Froslass, F
|poke|p1|Gligar, F
|poke|p1|Cobalion
|poke|p1|Victini
|poke|p1|Blastoise, F
|poke|p2|Azelf
|poke|p2|Nidoking, M, shiny
|poke|p2|Ambipom, F, shiny
|poke|p2|Heracross, M
|poke|p2|Mismagius, M
|poke|p2|Arcanine, M, shiny
|teampreview
|callback|decision
|
|start
|switch|p1a: Victini|Victini|341\/341
|switch|p2a: Helium|Ambipom, F, shiny|291\/291
|turn|1
|callback|decision
|
|move|p1a: Victini|V-create|p2a: Helium
|-damage|p2a: Helium|0 fnt
|-unboost|p1a: Victini|def|1
|-unboost|p1a: Victini|spd|1
|-unboost|p1a: Victini|spe|1
|faint|p2a: Helium
|
|callback|decision
|
|switch|p2a: Oxygen|Nidoking, M, shiny|366\/366
|turn|2
|callback|decision
|
|move|p1a: Victini|V-create|p2a: Oxygen
|-damage|p2a: Oxygen|38\/366
|-unboost|p1a: Victini|def|1
|-unboost|p1a: Victini|spd|1
|-unboost|p1a: Victini|spe|1
|move|p2a: Oxygen|Earth Power|p1a: Victini
|-supereffective|p1a: Victini
|-damage|p1a: Victini|0 fnt
|faint|p1a: Victini
|
|-heal|p2a: Oxygen|60\/366|[from] item: Black Sludge
|callback|decision
|
|switch|p1a: Sigilyph|Sigilyph, F|285\/285
|turn|3
|callback|decision
|
|move|p1a: Sigilyph|Psychic|p2a: Oxygen
|-crit|p2a: Oxygen
|-supereffective|p2a: Oxygen
|-damage|p2a: Oxygen|0 fnt
|faint|p2a: Oxygen
|
|callback|decision
|
|switch|p2a: Radium|Heracross, M|302\/302
|turn|4
|callback|decision
|
|move|p2a: Radium|Stone Edge|p1a: Sigilyph
|-supereffective|p1a: Sigilyph
|-damage|p1a: Sigilyph|1\/285
|move|p1a: Sigilyph|Air Slash|p2a: Radium
|-supereffective|p2a: Radium
|-damage|p2a: Radium|0 fnt
|faint|p2a: Radium
|
|callback|decision
|chat|Godsend|holy shit
|
|switch|p2a: Calcium|Arcanine, M, shiny|384\/384
|-ability|p2a: Calcium|Intimidate|[of] p1a: Sigilyph
|-unboost|p1a: Sigilyph|atk|1
|turn|5
|callback|decision
|chat|Godsend|lol
|
|switch|p1a: Blastoise|Blastoise, F|362\/362
|move|p2a: Calcium|ExtremeSpeed|p1a: Blastoise
|-crit|p1a: Blastoise
|-damage|p1a: Blastoise|266\/362
|
|-heal|p1a: Blastoise|288\/362|[from] item: Leftovers
|turn|6
|callback|decision
|
|move|p2a: Calcium|Will-O-Wisp|p1a: Blastoise
|-status|p1a: Blastoise|brn
|move|p1a: Blastoise|Toxic|p2a: Calcium
|-status|p2a: Calcium|tox
|
|-heal|p1a: Blastoise|310\/362 brn|[from] item: Leftovers
|-damage|p2a: Calcium|360\/384 tox|[from] psn
|-damage|p1a: Blastoise|265\/362 brn|[from] brn
|turn|7
|callback|decision
|
|switch|p2a: Hydrogen|Azelf|354\/354
|move|p1a: Blastoise|Scald|p2a: Hydrogen
|-damage|p2a: Hydrogen|252\/354
|
|-heal|p1a: Blastoise|287\/362 brn|[from] item: Leftovers
|-damage|p1a: Blastoise|242\/362 brn|[from] brn
|turn|8
|callback|decision
|
|switch|p1a: Cobalion|Cobalion|323\/323
|move|p2a: Hydrogen|Psychic|p1a: Cobalion
|-damage|p1a: Cobalion|142\/323
|
|-heal|p1a: Cobalion|162\/323|[from] item: Leftovers
|turn|9
|callback|decision
|
|move|p2a: Hydrogen|Psychic|p1a: Cobalion
|-damage|p1a: Cobalion|0 fnt
|faint|p1a: Cobalion
|
|callback|decision
|
|switch|p1a: Froslass|Froslass, F|344\/344
|turn|10
|callback|decision
|
|move|p2a: Hydrogen|Psychic|p1a: Froslass
|-damage|p1a: Froslass|208\/344
|-unboost|p1a: Froslass|spd|1
|move|p1a: Froslass|Ice Beam|p2a: Hydrogen
|-damage|p2a: Hydrogen|132\/354
|
|-heal|p1a: Froslass|229\/344|[from] item: Leftovers
|turn|11
|callback|decision
|
|switch|p1a: Sigilyph|Sigilyph, F|1\/285
|move|p2a: Hydrogen|Psychic|p1a: Sigilyph
|-resisted|p1a: Sigilyph
|-damage|p1a: Sigilyph|0 fnt
|faint|p1a: Sigilyph
|
|callback|decision
|
|switch|p1a: Gligar|Gligar, F|334\/334
|turn|12
|callback|decision
|
|move|p2a: Hydrogen|Taunt|p1a: Gligar
|-start|p1a: Gligar|move: Taunt
|move|p1a: Gligar|U-turn|p2a: Hydrogen
|-supereffective|p2a: Hydrogen
|-damage|p2a: Hydrogen|0 fnt
|faint|p2a: Hydrogen
|callback|decision
|
|switch|p1a: Froslass|Froslass, F|229\/344
|
|-heal|p1a: Froslass|250\/344|[from] item: Leftovers
|callback|decision
|
|switch|p2a: Calcium|Arcanine, M, shiny|360\/384 tox
|-ability|p2a: Calcium|Intimidate|[of] p1a: Froslass
|-unboost|p1a: Froslass|atk|1
|turn|13
|callback|decision
|
|move|p1a: Froslass|Pain Split|p2a: Calcium
|-sethp|p2a: Calcium|305\/384 tox|p1a: Froslass|305\/344|[from] move: Pain Split
|move|p2a: Calcium|Flamethrower|p1a: Froslass
|-supereffective|p1a: Froslass
|-damage|p1a: Froslass|81\/344
|
|-heal|p1a: Froslass|102\/344|[from] item: Leftovers
|-heal|p2a: Calcium|329\/384 tox|[from] item: Leftovers
|-damage|p2a: Calcium|305\/384 tox|[from] psn
|turn|14
|callback|decision
|
|switch|p1a: Gligar|Gligar, F|334\/334
|move|p2a: Calcium|Flamethrower|p1a: Gligar
|-damage|p1a: Gligar|225\/334
|
|-heal|p2a: Calcium|329\/384 tox|[from] item: Leftovers
|-damage|p2a: Calcium|281\/384 tox|[from] psn
|turn|15
|callback|decision
|
|move|p1a: Gligar|Earthquake|p2a: Calcium
|-supereffective|p2a: Calcium
|-damage|p2a: Calcium|125\/384 tox
|move|p2a: Calcium|Flamethrower|p1a: Gligar
|-damage|p1a: Gligar|126\/334
|
|-heal|p2a: Calcium|149\/384 tox|[from] item: Leftovers
|-damage|p2a: Calcium|77\/384 tox|[from] psn
|turn|16
|callback|decision
|
|move|p1a: Gligar|Earthquake|p2a: Calcium
|-supereffective|p2a: Calcium
|-damage|p2a: Calcium|0 fnt
|faint|p2a: Calcium
|
|callback|decision
|
|switch|p2a: Carbon|Mismagius, M|324\/324
|turn|17
|callback|decision
|
|move|p2a: Carbon|Calm Mind|p2a: Carbon
|-boost|p2a: Carbon|spa|1
|-boost|p2a: Carbon|spd|1
|move|p1a: Gligar|U-turn|p2a: Carbon
|-resisted|p2a: Carbon
|-damage|p2a: Carbon|293\/324
|callback|decision
|
|switch|p1a: Blastoise|Blastoise, F|242\/362 brn
|
|-heal|p2a: Carbon|313\/324|[from] item: Leftovers
|-heal|p1a: Blastoise|264\/362 brn|[from] item: Leftovers
|-damage|p1a: Blastoise|219\/362 brn|[from] brn
|turn|18
|callback|decision
|
|move|p2a: Carbon|Calm Mind|p2a: Carbon
|-boost|p2a: Carbon|spa|1
|-boost|p2a: Carbon|spd|1
|move|p1a: Blastoise|Toxic|p2a: Carbon
|-status|p2a: Carbon|tox
|
|-heal|p2a: Carbon|324\/324 tox|[from] item: Leftovers
|-heal|p1a: Blastoise|241\/362 brn|[from] item: Leftovers
|-damage|p2a: Carbon|304\/324 tox|[from] psn
|-damage|p1a: Blastoise|196\/362 brn|[from] brn
|turn|19
|callback|decision
|
|move|p2a: Carbon|Shadow Ball|p1a: Blastoise
|-damage|p1a: Blastoise|0 fnt
|faint|p1a: Blastoise
|
|-heal|p2a: Carbon|324\/324 tox|[from] item: Leftovers
|-damage|p2a: Carbon|284\/324 tox|[from] psn
|callback|decision
|
|switch|p1a: Froslass|Froslass, F|102\/344
|turn|20
|callback|decision
|
|move|p1a: Froslass|Pain Split|p2a: Carbon
|-sethp|p2a: Carbon|193\/324 tox|p1a: Froslass|193\/344|[from] move: Pain Split
|move|p2a: Carbon|Shadow Ball|p1a: Froslass
|-supereffective|p1a: Froslass
|-damage|p1a: Froslass|0 fnt
|faint|p1a: Froslass
|
|-heal|p2a: Carbon|213\/324 tox|[from] item: Leftovers
|-damage|p2a: Carbon|153\/324 tox|[from] psn
|callback|decision
|
|switch|p1a: Gligar|Gligar, F|126\/334
|turn|21
|callback|decision
|
|move|p2a: Carbon|Shadow Ball|p1a: Gligar
|-damage|p1a: Gligar|0 fnt
|faint|p1a: Gligar
|
|win|Fuuka Yamagishi
|raw|Ladder updating...
|raw|Godsend's rating: 1842 &rarr; <strong>1828<\/strong><br \/>(-14 for losing)
|raw|Fuuka Yamagishi's rating: 1321 &rarr; <strong>1467<\/strong><br \/>(+146 for winning)
|chat|Godsend|gg
|leave|Godsend
|player|p1
|chat|Fuuka Yamagishi|gg