|join|VoodooFCO
|join|Godsend
|player|p1|VoodooFCO|238
|player|p2|Godsend|170
|gametype|singles
|tier|UU
|rated
|rule|Sleep Clause Mod: Limit one foe put to sleep
|rule|Species Clause: Limit one of each Pokemon
|rule|OHKO Clause: OHKO moves are banned
|rule|Moody Clause: Moody is banned
|rule|Evasion Moves Clause: Evasion moves are banned
|rule|HP Percentage Mod: HP is reported as percentages
|rule|Evasion Abilities Clause: Evasion abilities are banned
|clearpoke
|poke|p1|Krookodile, F
|poke|p1|Bisharp, F
|poke|p1|Zoroark, M
|poke|p1|Weavile, M
|poke|p1|Scrafty, M
|poke|p1|Umbreon, M
|poke|p2|Chandelure, M
|poke|p2|Victini
|poke|p2|Mienshao, M
|poke|p2|Umbreon, F
|poke|p2|Gligar, M
|poke|p2|Porygon2
|teampreview
|callback|decision
|
|start
|switch|p1a: Krookodile|Krookodile, F|331\/331
|switch|p2a: Mienshao|Mienshao, M|271\/271
|turn|1
|callback|decision
|
|move|p1a: Krookodile|Earthquake|p2a: Mienshao
|-damage|p2a: Mienshao|0 fnt
|faint|p2a: Mienshao
|-boost|p1a: Krookodile|atk|1|[from] ability: Moxie
|
|callback|decision
|
|switch|p2a: Gligar|Gligar, M|334\/334
|turn|2
|callback|decision
|
|switch|p1a: Weavile|Weavile, M|282\/282
|-ability|p1a: Weavile|Pressure
|move|p2a: Gligar|Stealth Rock|p1a: Weavile
|-sidestart|p1: VoodooFCO|move: Stealth Rock
|
|turn|3
|callback|decision
|
|move|p1a: Weavile|Swords Dance|p1a: Weavile
|-boost|p1a: Weavile|atk|2
|move|p2a: Gligar|U-turn|p1a: Weavile
|-supereffective|p1a: Weavile
|-damage|p1a: Weavile|154\/282
|callback|decision
|
|switch|p2a: Victini|Victini|341\/341
|
|turn|4
|callback|decision
|
|move|p2a: Victini|V-create|p1a: Weavile
|-supereffective|p1a: Weavile
|-damage|p1a: Weavile|0 fnt
|-unboost|p2a: Victini|def|1
|-unboost|p2a: Victini|spd|1
|-unboost|p2a: Victini|spe|1
|faint|p1a: Weavile
|
|callback|decision
|
|switch|p1a: Krookodile|Krookodile, F|331\/331
|-damage|p1a: Krookodile|311\/331|[from] Stealth Rock
|turn|5
|callback|decision
|
|switch|p2a: Gligar|Gligar, M|334\/334
|move|p1a: Krookodile|Crunch|p2a: Gligar
|-damage|p2a: Gligar|268\/334
|
|turn|6
|callback|decision
|
|switch|p1a: Scrafty|Scrafty, M|271\/271
|-damage|p1a: Scrafty|255\/271|[from] Stealth Rock
|move|p2a: Gligar|U-turn|p1a: Scrafty
|-damage|p1a: Scrafty|219\/271
|callback|decision
|
|switch|p2a: Chandelure|Chandelure, M|261\/261
|
|-heal|p1a: Scrafty|235\/271|[from] item: Leftovers
|turn|7
|callback|decision
|
|move|p2a: Chandelure|Fire Blast|p1a: Scrafty|[miss]
|-miss|p2a: Chandelure|p1a: Scrafty
|move|p1a: Scrafty|Dragon Dance|p1a: Scrafty
|-boost|p1a: Scrafty|atk|1
|-boost|p1a: Scrafty|spe|1
|
|-heal|p1a: Scrafty|251\/271|[from] item: Leftovers
|turn|8
|callback|decision
|
|move|p1a: Scrafty|Crunch|p2a: Chandelure
|-supereffective|p2a: Chandelure
|-damage|p2a: Chandelure|0 fnt
|faint|p2a: Chandelure
|
|-heal|p1a: Scrafty|267\/271|[from] item: Leftovers
|callback|decision
|
|switch|p2a: Victini|Victini|341\/341
|turn|9
|callback|decision
|
|move|p2a: Victini|V-create|p1a: Scrafty
|-damage|p1a: Scrafty|35\/271
|-unboost|p2a: Victini|def|1
|-unboost|p2a: Victini|spd|1
|-unboost|p2a: Victini|spe|1
|move|p1a: Scrafty|Crunch|p2a: Victini
|-supereffective|p2a: Victini
|-damage|p2a: Victini|0 fnt
|faint|p2a: Victini
|
|-heal|p1a: Scrafty|51\/271|[from] item: Leftovers
|callback|decision
|
|switch|p2a: Gligar|Gligar, M|268\/334
|turn|10
|callback|decision
|chat|VoodooFCO|victini so OP lol
|
|move|p1a: Scrafty|Ice Punch|p2a: Gligar
|-supereffective|p2a: Gligar
|-damage|p2a: Gligar|68\/334
|move|p2a: Gligar|Earthquake|p1a: Scrafty
|-damage|p1a: Scrafty|0 fnt
|faint|p1a: Scrafty
|
|callback|decision
|
|switch|p1a: Bisharp|Bisharp, F|334\/334
|-damage|p1a: Bisharp|314\/334|[from] Stealth Rock
|turn|11
|callback|decision
|
|move|p2a: Gligar|Roost|p2a: Gligar
|-heal|p2a: Gligar|235\/334
|move|p1a: Bisharp|Swords Dance|p1a: Bisharp
|-boost|p1a: Bisharp|atk|2
|
|-heal|p1a: Bisharp|334\/334|[from] item: Leftovers
|turn|12
|callback|decision
|
|move|p2a: Gligar|Earthquake|p1a: Bisharp
|-supereffective|p1a: Bisharp
|-damage|p1a: Bisharp|140\/334
|move|p1a: Bisharp|Iron Head|p2a: Gligar
|-damage|p2a: Gligar|93\/334
|
|-heal|p1a: Bisharp|160\/334|[from] item: Leftovers
|turn|13
|callback|decision
|
|move|p1a: Bisharp|Sucker Punch|p2a: Gligar
|-fail|p2a: Gligar
|move|p2a: Gligar|Roost|p2a: Gligar
|-heal|p2a: Gligar|260\/334
|
|-heal|p1a: Bisharp|180\/334|[from] item: Leftovers
|turn|14
|callback|decision
|
|move|p1a: Bisharp|Sucker Punch|p2a: Gligar
|-damage|p2a: Gligar|106\/334
|move|p2a: Gligar|Earthquake|p1a: Bisharp
|-supereffective|p1a: Bisharp
|-damage|p1a: Bisharp|6\/334
|
|-heal|p1a: Bisharp|26\/334|[from] item: Leftovers
|turn|15
|callback|decision
|
|move|p2a: Gligar|Earthquake|p1a: Bisharp
|-supereffective|p1a: Bisharp
|-damage|p1a: Bisharp|0 fnt
|faint|p1a: Bisharp
|
|callback|decision
|
|switch|p1a: Umbreon|Umbreon, M|261\/261
|-damage|p1a: Umbreon|229\/261|[from] Stealth Rock
|turn|16
|callback|decision
|
|switch|p2a: Umbreon|Umbreon, F|394\/394
|move|p1a: Umbreon|Dark Pulse|p2a: Umbreon
|-resisted|p2a: Umbreon
|-damage|p2a: Umbreon|337\/394
|
|-heal|p2a: Umbreon|361\/394|[from] item: Leftovers
|turn|17
|callback|decision
|
|switch|p1a: Krookodile|Krookodile, F|311\/331
|-damage|p1a: Krookodile|291\/331|[from] Stealth Rock
|move|p2a: Umbreon|Wish|p2a: Umbreon
|
|-heal|p2a: Umbreon|385\/394|[from] item: Leftovers
|turn|18
|callback|decision
|
|switch|p2a: Gligar|Gligar, M|106\/334
|move|p1a: Krookodile|Stone Edge|p2a: Gligar
|-damage|p2a: Gligar|44\/334
|
|-heal|p2a: Gligar|241\/334|[from] move: Wish|[wisher] Umbreon
|turn|19
|callback|decision
|
|switch|p1a: Umbreon|Umbreon, M|394\/394
|-damage|p1a: Umbreon|345\/394|[from] Stealth Rock
|move|p2a: Gligar|Earthquake|p1a: Umbreon
|-damage|p1a: Umbreon|261\/394
|
|-heal|p1a: Umbreon|285\/394|[from] item: Leftovers
|turn|20
|callback|decision
|
|move|p2a: Gligar|U-turn|p1a: Umbreon
|-supereffective|p1a: Umbreon
|-damage|p1a: Umbreon|199\/394
|callback|decision
|
|switch|p2a: Porygon2|Porygon2|374\/374
|-ability|p2a: Porygon2|Synchronize|[from] ability: Trace|[of] p1a: Umbreon
|move|p1a: Umbreon|Foul Play|p2a: Porygon2
|-damage|p2a: Porygon2|340\/374
|
|-heal|p1a: Umbreon|223\/394|[from] item: Leftovers
|turn|21
|callback|decision
|
|switch|p1a: Krookodile|Krookodile, F|291\/331
|-damage|p1a: Krookodile|271\/331|[from] Stealth Rock
|move|p2a: Porygon2|Tri Attack|p1a: Krookodile
|-damage|p1a: Krookodile|141\/331
|
|turn|22
|callback|decision
|
|switch|p2a: Gligar|Gligar, M|241\/334
|move|p1a: Krookodile|Superpower|p2a: Gligar
|-resisted|p2a: Gligar
|-damage|p2a: Gligar|209\/334
|-unboost|p1a: Krookodile|atk|1
|-unboost|p1a: Krookodile|def|1
|
|turn|23
|callback|decision
|chat|VoodooFCO|dat eviolite
|
|switch|p1a: Umbreon|Umbreon, M|229\/261
|-damage|p1a: Umbreon|197\/261|[from] Stealth Rock
|move|p2a: Gligar|Earthquake|p1a: Umbreon
|replace|p1a: Zoroark|Zoroark, M|197\/261
|-damage|p1a: Zoroark|53\/261
|
|turn|24
|callback|decision
|chat|Godsend|lol
|
|switch|p2a: Umbreon|Umbreon, F|385\/394
|move|p1a: Zoroark|Flamethrower|p2a: Umbreon
|-crit|p2a: Umbreon
|-damage|p2a: Umbreon|198\/394
|
|-heal|p2a: Umbreon|222\/394|[from] item: Leftovers
|turn|25
|callback|decision
|
|move|p1a: Zoroark|Flamethrower|p2a: Umbreon
|-damage|p2a: Umbreon|126\/394
|move|p2a: Umbreon|Wish|p2a: Umbreon
|
|-heal|p2a: Umbreon|150\/394|[from] item: Leftovers
|turn|26
|callback|decision
|
|move|p1a: Zoroark|Flamethrower|p2a: Umbreon
|-damage|p2a: Umbreon|54\/394
|move|p2a: Umbreon|Foul Play|p1a: Zoroark
|-crit|p1a: Zoroark
|-resisted|p1a: Zoroark
|-damage|p1a: Zoroark|0 fnt
|faint|p1a: Zoroark
|
|-heal|p2a: Umbreon|251\/394|[from] move: Wish|[wisher] Umbreon
|-heal|p2a: Umbreon|275\/394|[from] item: Leftovers
|callback|decision
|
|switch|p1a: Krookodile|Krookodile, F|141\/331
|-damage|p1a: Krookodile|121\/331|[from] Stealth Rock
|turn|27
|callback|decision
|chat|VoodooFCO|gg
|chat|Godsend|gg
|
|move|p2a: Umbreon|Protect|p2a: Umbreon
|-singleturn|p2a: Umbreon|Protect
|move|p1a: Krookodile|Crunch|p2a: Umbreon
|-activate|p2a: Umbreon|Protect
|
|-heal|p2a: Umbreon|299\/394|[from] item: Leftovers
|turn|28
|callback|decision
|chat|VoodooFCO|beatin my dream team
|
|move|p1a: Krookodile|Crunch|p2a: Umbreon
|-resisted|p2a: Umbreon
|-damage|p2a: Umbreon|233\/394
|move|p2a: Umbreon|Baton Pass|p2a: Umbreon
|callback|decision
|
|switch|p2a: Gligar|Gligar, M|209\/334
|
|turn|29
|callback|decision
|
|move|p1a: Krookodile|Crunch|p2a: Gligar
|-damage|p2a: Gligar|136\/334
|move|p2a: Gligar|U-turn|p1a: Krookodile
|-supereffective|p1a: Krookodile
|-damage|p1a: Krookodile|3\/331
|callback|decision
|
|switch|p2a: Umbreon|Umbreon, F|233\/394
|
|-heal|p2a: Umbreon|257\/394|[from] item: Leftovers
|turn|30
|callback|decision
|
|move|p1a: Krookodile|Crunch|p2a: Umbreon
|-resisted|p2a: Umbreon
|-damage|p2a: Umbreon|185\/394
|move|p2a: Umbreon|Foul Play|p1a: Krookodile
|-resisted|p1a: Krookodile
|-damage|p1a: Krookodile|0 fnt
|faint|p1a: Krookodile
|
|-heal|p2a: Umbreon|209\/394|[from] item: Leftovers
|callback|decision
|
|switch|p1a: Umbreon|Umbreon, M|223\/394
|-damage|p1a: Umbreon|174\/394|[from] Stealth Rock
|turn|31
|callback|decision
|
|switch|p2a: Gligar|Gligar, M|136\/334
|move|p1a: Umbreon|Wish|p1a: Umbreon
|
|-heal|p1a: Umbreon|198\/394|[from] item: Leftovers
|turn|32
|callback|decision
|
|move|p2a: Gligar|Earthquake|p1a: Umbreon
|-damage|p1a: Umbreon|114\/394
|move|p1a: Umbreon|Foul Play|p2a: Gligar
|-damage|p2a: Gligar|94\/334
|
|-heal|p1a: Umbreon|311\/394|[from] move: Wish|[wisher] Umbreon
|-heal|p1a: Umbreon|335\/394|[from] item: Leftovers
|turn|33
|callback|decision
|
|move|p2a: Gligar|Earthquake|p1a: Umbreon
|-damage|p1a: Umbreon|245\/394
|move|p1a: Umbreon|Foul Play|p2a: Gligar
|-damage|p2a: Gligar|55\/334
|
|-heal|p1a: Umbreon|269\/394|[from] item: Leftovers
|turn|34
|callback|decision
|chat|Godsend|please don't stall
|chat|Godsend|lol
|
|move|p2a: Gligar|Roost|p2a: Gligar
|-heal|p2a: Gligar|222\/334
|move|p1a: Umbreon|Foul Play|p2a: Gligar
|-damage|p2a: Gligar|179\/334
|
|-heal|p1a: Umbreon|293\/394|[from] item: Leftovers
|turn|35
|callback|decision
|chat|VoodooFCO|lololol
|
|move|p2a: Gligar|Roost|p2a: Gligar
|-heal|p2a: Gligar|334\/334
|move|p1a: Umbreon|Wish|p1a: Umbreon
|
|-heal|p1a: Umbreon|317\/394|[from] item: Leftovers
|turn|36
|callback|decision
|
|move|p2a: Gligar|Earthquake|p1a: Umbreon
|-damage|p1a: Umbreon|229\/394
|move|p1a: Umbreon|Foul Play|p2a: Gligar
|-damage|p2a: Gligar|295\/334
|
|-heal|p1a: Umbreon|394\/394|[from] move: Wish|[wisher] Umbreon
|turn|37
|callback|decision
|
|move|p2a: Gligar|Earthquake|p1a: Umbreon
|-damage|p1a: Umbreon|309\/394
|move|p1a: Umbreon|Foul Play|p2a: Gligar
|-damage|p2a: Gligar|249\/334
|
|-heal|p1a: Umbreon|333\/394|[from] item: Leftovers
|turn|38
|callback|decision
|
|move|p2a: Gligar|Stealth Rock|p1a: Umbreon
|-fail|p1a: Umbreon
|move|p1a: Umbreon|Foul Play|p2a: Gligar
|-damage|p2a: Gligar|207\/334
|
|-heal|p1a: Umbreon|357\/394|[from] item: Leftovers
|turn|39
|callback|decision
|
|move|p2a: Gligar|Stealth Rock|p1a: Umbreon
|-fail|p1a: Umbreon
|move|p1a: Umbreon|Foul Play|p2a: Gligar
|-damage|p2a: Gligar|164\/334
|
|-heal|p1a: Umbreon|381\/394|[from] item: Leftovers
|turn|40
|callback|decision
|
|move|p2a: Gligar|Stealth Rock|p1a: Umbreon
|-fail|p1a: Umbreon
|move|p1a: Umbreon|Foul Play|p2a: Gligar
|-damage|p2a: Gligar|124\/334
|
|-heal|p1a: Umbreon|394\/394|[from] item: Leftovers
|turn|41
|callback|decision
|
|move|p2a: Gligar|Roost|p2a: Gligar
|-heal|p2a: Gligar|291\/334
|move|p1a: Umbreon|Foul Play|p2a: Gligar
|-damage|p2a: Gligar|249\/334
|
|turn|42
|callback|decision
|
|move|p2a: Gligar|Stealth Rock|p1a: Umbreon
|-fail|p1a: Umbreon
|move|p1a: Umbreon|Foul Play|p2a: Gligar
|-damage|p2a: Gligar|207\/334
|
|turn|43
|callback|decision
|
|move|p2a: Gligar|Stealth Rock|p1a: Umbreon
|-fail|p1a: Umbreon
|move|p1a: Umbreon|Foul Play|p2a: Gligar
|-damage|p2a: Gligar|167\/334
|
|turn|44
|callback|decision
|
|move|p2a: Gligar|Stealth Rock|p1a: Umbreon
|-fail|p1a: Umbreon
|move|p1a: Umbreon|Foul Play|p2a: Gligar
|-damage|p2a: Gligar|122\/334
|
|turn|45
|callback|decision
|
|move|p2a: Gligar|Roost|p2a: Gligar
|-heal|p2a: Gligar|289\/334
|move|p1a: Umbreon|Foul Play|p2a: Gligar
|-crit|p2a: Gligar
|-damage|p2a: Gligar|204\/334
|
|turn|46
|callback|decision
|
|move|p2a: Gligar|Stealth Rock|p1a: Umbreon
|-fail|p1a: Umbreon
|move|p1a: Umbreon|Foul Play|p2a: Gligar
|-damage|p2a: Gligar|164\/334
|
|turn|47
|callback|decision
|
|move|p2a: Gligar|Stealth Rock|p1a: Umbreon
|-fail|p1a: Umbreon
|move|p1a: Umbreon|Foul Play|p2a: Gligar
|-damage|p2a: Gligar|119\/334
|
|turn|48
|callback|decision
|
|move|p2a: Gligar|Roost|p2a: Gligar
|-heal|p2a: Gligar|286\/334
|move|p1a: Umbreon|Foul Play|p2a: Gligar
|-crit|p2a: Gligar
|-damage|p2a: Gligar|202\/334
|
|turn|49
|callback|decision
|chat|VoodooFCO|this is fun
|
|move|p2a: Gligar|Earthquake|p1a: Umbreon
|-damage|p1a: Umbreon|304\/394
|move|p1a: Umbreon|Foul Play|p2a: Gligar
|-damage|p2a: Gligar|162\/334
|
|-heal|p1a: Umbreon|328\/394|[from] item: Leftovers
|turn|50
|callback|decision
|
|move|p2a: Gligar|Earthquake|p1a: Umbreon
|-damage|p1a: Umbreon|244\/394
|move|p1a: Umbreon|Foul Play|p2a: Gligar
|-damage|p2a: Gligar|119\/334
|
|-heal|p1a: Umbreon|268\/394|[from] item: Leftovers
|turn|51
|callback|decision
|
|move|p2a: Gligar|Earthquake|p1a: Umbreon
|-damage|p1a: Umbreon|181\/394
|move|p1a: Umbreon|Foul Play|p2a: Gligar
|-damage|p2a: Gligar|73\/334
|
|-heal|p1a: Umbreon|205\/394|[from] item: Leftovers
|turn|52
|callback|decision
|
|move|p2a: Gligar|Earthquake|p1a: Umbreon
|-damage|p1a: Umbreon|112\/394
|move|p1a: Umbreon|Foul Play|p2a: Gligar
|-damage|p2a: Gligar|31\/334
|
|-heal|p1a: Umbreon|136\/394|[from] item: Leftovers
|turn|53
|callback|decision
|
|move|p2a: Gligar|Roost|p2a: Gligar
|-heal|p2a: Gligar|198\/334
|move|p1a: Umbreon|Foul Play|p2a: Gligar
|-damage|p2a: Gligar|158\/334
|
|-heal|p1a: Umbreon|160\/394|[from] item: Leftovers
|turn|54
|callback|decision
|
|move|p2a: Gligar|Earthquake|p1a: Umbreon
|-damage|p1a: Umbreon|76\/394
|move|p1a: Umbreon|Wish|p1a: Umbreon
|
|-heal|p1a: Umbreon|100\/394|[from] item: Leftovers
|turn|55
|callback|decision
|
|move|p2a: Gligar|Earthquake|p1a: Umbreon
|-damage|p1a: Umbreon|15\/394
|move|p1a: Umbreon|Foul Play|p2a: Gligar
|-damage|p2a: Gligar|113\/334
|
|-heal|p1a: Umbreon|212\/394|[from] move: Wish|[wisher] Umbreon
|-heal|p1a: Umbreon|236\/394|[from] item: Leftovers
|turn|56
|callback|decision
|
|move|p2a: Gligar|Roost|p2a: Gligar
|-heal|p2a: Gligar|280\/334
|move|p1a: Umbreon|Wish|p1a: Umbreon
|
|-heal|p1a: Umbreon|260\/394|[from] item: Leftovers
|turn|57
|callback|decision
|
|move|p2a: Gligar|U-turn|p1a: Umbreon
|-supereffective|p1a: Umbreon
|-damage|p1a: Umbreon|186\/394
|callback|decision
|
|switch|p2a: Porygon2|Porygon2|340\/374
|-ability|p2a: Porygon2|Synchronize|[from] ability: Trace|[of] p1a: Umbreon
|move|p1a: Umbreon|Foul Play|p2a: Porygon2
|-damage|p2a: Porygon2|300\/374
|
|-heal|p1a: Umbreon|383\/394|[from] move: Wish|[wisher] Umbreon
|-heal|p1a: Umbreon|394\/394|[from] item: Leftovers
|turn|58
|callback|decision
|
|move|p1a: Umbreon|Heal Bell|p1a: Umbreon
|-cureteam|p1a: Umbreon|[from] move: HealBell
|move|p2a: Porygon2|Tri Attack|p1a: Umbreon
|-damage|p1a: Umbreon|337\/394
|
|-heal|p1a: Umbreon|361\/394|[from] item: Leftovers
|turn|59
|callback|decision
|
|move|p1a: Umbreon|Heal Bell|p1a: Umbreon
|-cureteam|p1a: Umbreon|[from] move: HealBell
|move|p2a: Porygon2|Tri Attack|p1a: Umbreon
|-damage|p1a: Umbreon|304\/394
|
|-heal|p1a: Umbreon|328\/394|[from] item: Leftovers
|turn|60
|callback|decision
|
|move|p1a: Umbreon|Heal Bell|p1a: Umbreon
|-cureteam|p1a: Umbreon|[from] move: HealBell
|move|p2a: Porygon2|Tri Attack|p1a: Umbreon
|-damage|p1a: Umbreon|271\/394
|
|-heal|p1a: Umbreon|295\/394|[from] item: Leftovers
|turn|61
|callback|decision
|
|move|p1a: Umbreon|Heal Bell|p1a: Umbreon
|-cureteam|p1a: Umbreon|[from] move: HealBell
|move|p2a: Porygon2|Tri Attack|p1a: Umbreon
|-damage|p1a: Umbreon|238\/394
|
|-heal|p1a: Umbreon|262\/394|[from] item: Leftovers
|turn|62
|callback|decision
|
|move|p1a: Umbreon|Heal Bell|p1a: Umbreon
|-cureteam|p1a: Umbreon|[from] move: HealBell
|move|p2a: Porygon2|Tri Attack|p1a: Umbreon
|-damage|p1a: Umbreon|207\/394
|
|-heal|p1a: Umbreon|231\/394|[from] item: Leftovers
|turn|63
|callback|decision
|
|move|p1a: Umbreon|Wish|p1a: Umbreon
|move|p2a: Porygon2|Tri Attack|p1a: Umbreon
|-damage|p1a: Umbreon|168\/394
|
|-heal|p1a: Umbreon|192\/394|[from] item: Leftovers
|turn|64
|callback|decision
|chat|VoodooFCO|moral: i need to put toxic on umbreon
|
|move|p1a: Umbreon|Wish|p1a: Umbreon
|-fail|p1a: Umbreon
|move|p2a: Porygon2|Tri Attack|p1a: Umbreon
|-damage|p1a: Umbreon|132\/394
|
|-heal|p1a: Umbreon|329\/394|[from] move: Wish|[wisher] Umbreon
|-heal|p1a: Umbreon|353\/394|[from] item: Leftovers
|turn|65
|callback|decision
|
|move|p1a: Umbreon|Heal Bell|p1a: Umbreon
|-cureteam|p1a: Umbreon|[from] move: HealBell
|move|p2a: Porygon2|Tri Attack|p1a: Umbreon
|-damage|p1a: Umbreon|299\/394
|
|-heal|p1a: Umbreon|323\/394|[from] item: Leftovers
|turn|66
|callback|decision
|chat|Godsend|Gligar still would have stalled it out
|chat|VoodooFCO|does he have tox heal?
|
|move|p1a: Umbreon|Protect|p1a: Umbreon
|-singleturn|p1a: Umbreon|Protect
|move|p2a: Porygon2|Tri Attack|p1a: Umbreon
|-activate|p1a: Umbreon|Protect
|
|-heal|p1a: Umbreon|347\/394|[from] item: Leftovers
|turn|67
|callback|decision
|
|move|p1a: Umbreon|Wish|p1a: Umbreon
|move|p2a: Porygon2|Tri Attack|p1a: Umbreon
|-damage|p1a: Umbreon|289\/394
|
|-heal|p1a: Umbreon|313\/394|[from] item: Leftovers
|turn|68
|callback|decision
|chat|Godsend|Immunity
|
|move|p1a: Umbreon|Wish|p1a: Umbreon
|-fail|p1a: Umbreon
|move|p2a: Porygon2|Tri Attack|p1a: Umbreon
|-damage|p1a: Umbreon|255\/394
|
|-heal|p1a: Umbreon|394\/394|[from] move: Wish|[wisher] Umbreon
|turn|69
|callback|decision
|chat|VoodooFCO|ground flying?
|chat|Godsend|yeah
|
|move|p1a: Umbreon|Wish|p1a: Umbreon
|move|p2a: Porygon2|Tri Attack|p1a: Umbreon
|-damage|p1a: Umbreon|340\/394
|
|-heal|p1a: Umbreon|364\/394|[from] item: Leftovers
|turn|70
|callback|decision
|chat|VoodooFCO|he isnt immune to toxic then
|
|move|p1a: Umbreon|Wish|p1a: Umbreon
|-fail|p1a: Umbreon
|move|p2a: Porygon2|Tri Attack|p1a: Umbreon
|-crit|p1a: Umbreon
|-damage|p1a: Umbreon|255\/394
|-status|p1a: Umbreon|frz
|
|-heal|p1a: Umbreon|394\/394 frz|[from] move: Wish|[wisher] Umbreon
|turn|71
|callback|decision
|
|cant|p1a: Umbreon|frz
|move|p2a: Porygon2|Tri Attack|p1a: Umbreon
|-damage|p1a: Umbreon|340\/394 frz
|
|-heal|p1a: Umbreon|364\/394 frz|[from] item: Leftovers
|turn|72
|callback|decision
|
|switch|p2a: Gligar|Gligar, M|280\/334
|cant|p1a: Umbreon|frz
|
|-heal|p1a: Umbreon|388\/394 frz|[from] item: Leftovers
|turn|73
|callback|decision
|chat|VoodooFCO|oh the ability
|
|move|p2a: Gligar|U-turn|p1a: Umbreon
|-supereffective|p1a: Umbreon
|-damage|p1a: Umbreon|304\/394 frz
|callback|decision
|
|switch|p2a: Porygon2|Porygon2|300\/374
|-ability|p2a: Porygon2|Synchronize|[from] ability: Trace|[of] p1a: Umbreon
|cant|p1a: Umbreon|frz
|
|-heal|p1a: Umbreon|328\/394 frz|[from] item: Leftovers
|turn|74
|callback|decision
|
|cant|p1a: Umbreon|frz
|move|p2a: Porygon2|Tri Attack|p1a: Umbreon
|-damage|p1a: Umbreon|270\/394 frz
|
|-heal|p1a: Umbreon|294\/394 frz|[from] item: Leftovers
|turn|75
|callback|decision
|
|cant|p1a: Umbreon|frz
|move|p2a: Porygon2|Ice Beam|p1a: Umbreon
|-damage|p1a: Umbreon|251\/394 frz
|
|-heal|p1a: Umbreon|275\/394 frz|[from] item: Leftovers
|turn|76
|callback|decision
|chat|VoodooFCO|75 turns
|
|cant|p1a: Umbreon|frz
|move|p2a: Porygon2|Ice Beam|p1a: Umbreon
|-damage|p1a: Umbreon|228\/394 frz
|
|-heal|p1a: Umbreon|252\/394 frz|[from] item: Leftovers
|turn|77
|callback|decision
|chat|Godsend|why not just leave?
|
|cant|p1a: Umbreon|frz
|move|p2a: Porygon2|Ice Beam|p1a: Umbreon
|-crit|p1a: Umbreon
|-damage|p1a: Umbreon|153\/394 frz
|
|-heal|p1a: Umbreon|177\/394 frz|[from] item: Leftovers
|turn|78
|callback|decision
|
|-curestatus|p1a: Umbreon|frz
|move|p1a: Umbreon|Wish|p1a: Umbreon
|move|p2a: Porygon2|Ice Beam|p1a: Umbreon
|-damage|p1a: Umbreon|133\/394
|-status|p1a: Umbreon|frz
|
|-heal|p1a: Umbreon|157\/394 frz|[from] item: Leftovers
|turn|79
|callback|decision
|
|-curestatus|p1a: Umbreon|frz
|move|p1a: Umbreon|Protect|p1a: Umbreon
|-singleturn|p1a: Umbreon|Protect
|move|p2a: Porygon2|Ice Beam|p1a: Umbreon
|-activate|p1a: Umbreon|Protect
|
|-heal|p1a: Umbreon|354\/394|[from] move: Wish|[wisher] Umbreon
|-heal|p1a: Umbreon|378\/394|[from] item: Leftovers
|turn|80
|callback|decision
|
|move|p1a: Umbreon|Protect|p1a: Umbreon
|-fail|p1a: Umbreon
|move|p2a: Porygon2|Ice Beam|p1a: Umbreon
|-damage|p1a: Umbreon|330\/394
|-status|p1a: Umbreon|frz
|
|-heal|p1a: Umbreon|354\/394 frz|[from] item: Leftovers
|turn|81
|callback|decision
|chat|VoodooFCO|the freeze hacks lol
|chat|VoodooFCO|3 times
|
|cant|p1a: Umbreon|frz
|move|p2a: Porygon2|Ice Beam|p1a: Umbreon
|-crit|p1a: Umbreon
|-damage|p1a: Umbreon|265\/394 frz
|
|-heal|p1a: Umbreon|289\/394 frz|[from] item: Leftovers
|turn|82
|callback|decision
|-message|Godsend forfeited.
|
|win|VoodooFCO
|raw|Ladder updating...
|leave|Godsend
|player|p2
|raw|VoodooFCO's rating: 1547 &rarr; <strong>1656<\/strong><br \/>(+109 for winning)
|raw|Godsend's rating: 1865 &rarr; <strong>1856<\/strong><br \/>(-9 for losing)
|chat|VoodooFCO|YESSSS