|join|Through a pin hole
|join|Godsend
|player|p1|Through a pin hole|162
|player|p2|Godsend|101
|gametype|singles
|tier|UU
|rated
|rule|Sleep Clause Mod: Limit one foe put to sleep
|rule|Species Clause: Limit one of each Pokemon
|rule|OHKO Clause: OHKO moves are banned
|rule|Moody Clause: Moody is banned
|rule|Evasion Moves Clause: Evasion moves are banned
|rule|HP Percentage Mod: HP is reported as percentages
|rule|Evasion Abilities Clause: Evasion abilities are banned
|clearpoke
|poke|p1|Virizion
|poke|p1|Victini
|poke|p1|Mienshao, F
|poke|p1|Raikou
|poke|p1|Claydol
|poke|p1|Suicune, shiny
|poke|p2|Umbreon, M
|poke|p2|Feraligatr, F
|poke|p2|Victini
|poke|p2|Froslass, F
|poke|p2|Qwilfish, M
|poke|p2|Azelf
|teampreview
|callback|decision
|
|start
|switch|p1a: Claydol|Claydol|324\/324
|switch|p2a: Victini|Victini|341\/341
|turn|1
|callback|decision
|
|switch|p1a: Suicune|Suicune, shiny|404\/404
|-ability|p1a: Suicune|Pressure
|move|p2a: Victini|V-create|p1a: Suicune
|-resisted|p1a: Suicune
|-damage|p1a: Suicune|277\/404
|-unboost|p2a: Victini|def|1
|-unboost|p2a: Victini|spd|1
|-unboost|p2a: Victini|spe|1
|
|-heal|p1a: Suicune|302\/404|[from] item: Leftovers
|turn|2
|callback|decision
|
|switch|p2a: Froslass|Froslass, F|343\/343
|switch|p1a: Claydol|Claydol|324\/324
|
|turn|3
|callback|decision
|
|move|p1a: Claydol|Magic Coat|p1a: Claydol
|-singleturn|p1a: Claydol|move: Magic Coat
|move|p2a: Froslass|Taunt|p1a: Claydol
|move|p1a: Claydol|Taunt|p2a: Froslass|[from]Magic Coat
|-start|p2a: Froslass|move: Taunt
|
|turn|4
|callback|decision
|chat|Through a pin hole|the hazards stall .-.
|
|move|p2a: Froslass|Ice Beam|p1a: Claydol
|-supereffective|p1a: Claydol
|-damage|p1a: Claydol|208\/324
|move|p1a: Claydol|Stealth Rock|p2a: Froslass
|-sidestart|p2: Godsend|move: Stealth Rock
|
|-heal|p1a: Claydol|228\/324|[from] item: Leftovers
|turn|5
|callback|decision
|
|switch|p1a: Suicune|Suicune, shiny|302\/404
|-ability|p1a: Suicune|Pressure
|move|p2a: Froslass|Ice Beam|p1a: Suicune
|-resisted|p1a: Suicune
|-damage|p1a: Suicune|264\/404
|-status|p1a: Suicune|frz
|
|-heal|p1a: Suicune|289\/404 frz|[from] item: Leftovers
|turn|6
|callback|decision
|
|switch|p2a: Umbreon|Umbreon, M|394\/394
|-damage|p2a: Umbreon|345\/394|[from] Stealth Rock
|-curestatus|p1a: Suicune|frz
|move|p1a: Suicune|Scald|p2a: Umbreon
|-damage|p2a: Umbreon|290\/394
|
|-heal|p1a: Suicune|314\/404|[from] item: Leftovers
|-heal|p2a: Umbreon|314\/394|[from] item: Leftovers
|turn|7
|callback|decision
|
|move|p1a: Suicune|Scald|p2a: Umbreon
|-damage|p2a: Umbreon|256\/394
|move|p2a: Umbreon|Baton Pass|p2a: Umbreon
|callback|decision
|
|switch|p2a: Victini|Victini|341\/341
|-damage|p2a: Victini|256\/341|[from] Stealth Rock
|
|-heal|p1a: Suicune|339\/404|[from] item: Leftovers
|turn|8
|callback|decision
|
|switch|p1a: Claydol|Claydol|228\/324
|move|p2a: Victini|Bolt Strike|p1a: Claydol
|-immune|p1a: Claydol|[msg]
|
|-heal|p1a: Claydol|248\/324|[from] item: Leftovers
|turn|9
|callback|decision
|
|switch|p2a: Feraligatr|Feraligatr, F|311\/311
|-damage|p2a: Feraligatr|273\/311|[from] Stealth Rock
|switch|p1a: Victini|Victini|341\/341
|
|turn|10
|callback|decision
|
|move|p1a: Victini|Grass Knot|p2a: Feraligatr
|-supereffective|p2a: Feraligatr
|-damage|p2a: Feraligatr|21\/311
|-damage|p1a: Victini|307\/341|[from] item: Life Orb
|move|p2a: Feraligatr|Waterfall|p1a: Victini
|-supereffective|p1a: Victini
|-damage|p1a: Victini|0 fnt
|faint|p1a: Victini
|
|callback|decision
|
|switch|p1a: Virizion|Virizion|323\/323
|turn|11
|callback|decision
|
|move|p2a: Feraligatr|Aqua Jet|p1a: Virizion
|-resisted|p1a: Virizion
|-damage|p1a: Virizion|245\/323
|move|p1a: Virizion|Swords Dance|p1a: Virizion
|-boost|p1a: Virizion|atk|2
|
|turn|12
|callback|decision
|
|move|p2a: Feraligatr|Aqua Jet|p1a: Virizion
|-resisted|p1a: Virizion
|-damage|p1a: Virizion|164\/323
|move|p1a: Virizion|Leaf Blade|p2a: Feraligatr
|-supereffective|p2a: Feraligatr
|-damage|p2a: Feraligatr|0 fnt
|faint|p2a: Feraligatr
|
|callback|decision
|
|switch|p2a: Azelf|Azelf|291\/291
|-damage|p2a: Azelf|255\/291|[from] Stealth Rock
|turn|13
|callback|decision
|
|switch|p1a: Claydol|Claydol|248\/324
|move|p2a: Azelf|Zen Headbutt|p1a: Claydol
|-resisted|p1a: Claydol
|-damage|p1a: Claydol|185\/324
|
|-heal|p1a: Claydol|205\/324|[from] item: Leftovers
|turn|14
|callback|decision
|
|switch|p1a: Mienshao|Mienshao, F|271\/271
|move|p2a: Azelf|Stealth Rock|p1a: Mienshao
|-sidestart|p1: Through a pin hole|move: Stealth Rock
|
|turn|15
|callback|decision
|chat|Through a pin hole|ohh predited
|
|switch|p2a: Qwilfish|Qwilfish, M|334\/334
|-damage|p2a: Qwilfish|293\/334|[from] Stealth Rock
|-ability|p2a: Qwilfish|Intimidate|[of] p1a: Mienshao
|-unboost|p1a: Mienshao|atk|1
|move|p1a: Mienshao|U-turn|p2a: Qwilfish
|-resisted|p2a: Qwilfish
|-damage|p2a: Qwilfish|270\/334
|callback|decision
|
|switch|p1a: Raikou|Raikou|321\/321
|-damage|p1a: Raikou|281\/321|[from] Stealth Rock
|-ability|p1a: Raikou|Pressure
|
|-heal|p1a: Raikou|301\/321|[from] item: Leftovers
|-heal|p2a: Qwilfish|290\/334|[from] item: Leftovers
|turn|16
|callback|decision
|
|switch|p2a: Umbreon|Umbreon, M|256\/394
|-damage|p2a: Umbreon|207\/394|[from] Stealth Rock
|move|p1a: Raikou|Substitute|p1a: Raikou
|-start|p1a: Raikou|Substitute
|-damage|p1a: Raikou|221\/321
|
|-heal|p1a: Raikou|241\/321|[from] item: Leftovers
|-heal|p2a: Umbreon|231\/394|[from] item: Leftovers
|turn|17
|callback|decision
|
|move|p1a: Raikou|Calm Mind|p1a: Raikou
|-boost|p1a: Raikou|spa|1
|-boost|p1a: Raikou|spd|1
|move|p2a: Umbreon|Wish|p2a: Umbreon
|
|-heal|p1a: Raikou|261\/321|[from] item: Leftovers
|-heal|p2a: Umbreon|255\/394|[from] item: Leftovers
|turn|18
|callback|decision
|
|move|p1a: Raikou|Thunderbolt|p2a: Umbreon
|-damage|p2a: Umbreon|116\/394
|move|p2a: Umbreon|Foul Play|p1a: Raikou
|-end|p1a: Raikou|Substitute
|
|-heal|p2a: Umbreon|313\/394|[from] move: Wish|[wisher] Umbreon
|-heal|p1a: Raikou|281\/321|[from] item: Leftovers
|-heal|p2a: Umbreon|337\/394|[from] item: Leftovers
|turn|19
|callback|decision
|
|move|p1a: Raikou|Calm Mind|p1a: Raikou
|-boost|p1a: Raikou|spa|1
|-boost|p1a: Raikou|spd|1
|move|p2a: Umbreon|Foul Play|p1a: Raikou
|-damage|p1a: Raikou|184\/321
|
|-heal|p1a: Raikou|204\/321|[from] item: Leftovers
|-heal|p2a: Umbreon|361\/394|[from] item: Leftovers
|turn|20
|callback|decision
|
|move|p1a: Raikou|Thunderbolt|p2a: Umbreon
|-crit|p2a: Umbreon
|-damage|p2a: Umbreon|0 fnt
|faint|p2a: Umbreon
|
|-heal|p1a: Raikou|224\/321|[from] item: Leftovers
|callback|decision
|
|switch|p2a: Azelf|Azelf|255\/291
|-damage|p2a: Azelf|219\/291|[from] Stealth Rock
|turn|21
|callback|decision
|chat|Through a pin hole|oops
|
|move|p1a: Raikou|Thunderbolt|p2a: Azelf
|-damage|p2a: Azelf|0 fnt
|faint|p2a: Azelf
|
|-heal|p1a: Raikou|244\/321|[from] item: Leftovers
|callback|decision
|chat|Godsend|np
|
|switch|p2a: Victini|Victini|256\/341
|-damage|p2a: Victini|171\/341|[from] Stealth Rock
|turn|22
|callback|decision
|chat|Godsend|gg
|chat|Through a pin hole|You should see the hax people get on me sometimes
|
|move|p1a: Raikou|Thunderbolt|p2a: Victini
|-damage|p2a: Victini|0 fnt
|faint|p2a: Victini
|
|-heal|p1a: Raikou|264\/321|[from] item: Leftovers
|callback|decision
|chat|Through a pin hole|yeah gg
|chat|Through a pin hole|Actually you had the game
|chat|Through a pin hole|If you played froslass a bit better
|chat|Through a pin hole|Like the bulky set
|
|switch|p2a: Froslass|Froslass, F|343\/343
|-damage|p2a: Froslass|258\/343|[from] Stealth Rock
|turn|23
|callback|decision
|
|move|p1a: Raikou|Substitute|p1a: Raikou
|-start|p1a: Raikou|Substitute
|-damage|p1a: Raikou|184\/321
|move|p2a: Froslass|Ice Beam|p1a: Raikou
|-activate|p1a: Raikou|Substitute|[damage]
|
|-heal|p1a: Raikou|204\/321|[from] item: Leftovers
|-heal|p2a: Froslass|279\/343|[from] item: Leftovers
|turn|24
|callback|decision
|
|move|p1a: Raikou|Hidden Power|p2a: Froslass
|-resisted|p2a: Froslass
|-damage|p2a: Froslass|207\/343
|-start|p1a: Raikou|Disable|Hidden Power
|move|p2a: Froslass|Ice Beam|p1a: Raikou
|-end|p1a: Raikou|Substitute
|
|-heal|p1a: Raikou|224\/321|[from] item: Leftovers
|-heal|p2a: Froslass|228\/343|[from] item: Leftovers
|turn|25
|callback|decision
|chat|Godsend|Oh
|chat|Through a pin hole|this is just a test acct so yeh
|chat|Godsend|Like the bulky set I'm running?
|chat|Through a pin hole|yeah, you can take hits from a lot of my mons
|chat|Through a pin hole|I need like set up turns before I can do anything
|
|move|p1a: Raikou|Thunderbolt|p2a: Froslass
|-damage|p2a: Froslass|0 fnt
|faint|p2a: Froslass
|
|-heal|p1a: Raikou|244\/321|[from] item: Leftovers
|callback|decision
|chat|Through a pin hole|Think about it
|
|switch|p2a: Qwilfish|Qwilfish, M|290\/334
|-damage|p2a: Qwilfish|249\/334|[from] Stealth Rock
|-ability|p2a: Qwilfish|Intimidate|[of] p1a: Raikou
|-unboost|p1a: Raikou|atk|1
|turn|26
|callback|decision
|chat|Through a pin hole|Like suicine would have been best example
|chat|Through a pin hole|and mienshao
|chat|Through a pin hole|I can't reliably do work t you
|chat|Through a pin hole|but yeah
|chat|Through a pin hole|bulky set is the best lass set
|chat|Through a pin hole|hopefully it gets banned before tini
|chat|Through a pin hole|tini is easy af to play around once you find the set
|chat|Through a pin hole|banded set
|chat|Through a pin hole|walled by suicine
|chat|Through a pin hole|easy
|
|move|p1a: Raikou|Thunderbolt|p2a: Qwilfish
|-supereffective|p2a: Qwilfish
|-damage|p2a: Qwilfish|0 fnt
|faint|p2a: Qwilfish
|
|win|Through a pin hole
|raw|Ladder updating...
|raw|Through a pin hole's rating: 1663 &rarr; <strong>1675<\/strong><br \/>(+12 for winning)
|raw|Godsend's rating: 1830 &rarr; <strong>1820<\/strong><br \/>(-10 for losing)
|chat|Through a pin hole|gg tho
|chat|Godsend|gg