|join|Godsend
|join|ctrlV
|player|p1|Godsend|101
|player|p2|ctrlV|284
|gametype|singles
|tier|UU
|rated
|rule|Sleep Clause Mod: Limit one foe put to sleep
|rule|Species Clause: Limit one of each Pokemon
|rule|OHKO Clause: OHKO moves are banned
|rule|Moody Clause: Moody is banned
|rule|Evasion Moves Clause: Evasion moves are banned
|rule|HP Percentage Mod: HP is reported as percentages
|rule|Evasion Abilities Clause: Evasion abilities are banned
|clearpoke
|poke|p1|Umbreon, F
|poke|p1|Feraligatr, F
|poke|p1|Victini
|poke|p1|Froslass, F
|poke|p1|Qwilfish, M
|poke|p1|Azelf
|poke|p2|Virizion, shiny
|poke|p2|Zapdos
|poke|p2|Sableye, F
|poke|p2|Heracross, M
|poke|p2|Xatu, M
|poke|p2|Empoleon, M
|teampreview
|callback|decision
|
|start
|switch|p1a: Azelf|Azelf|291\/291
|switch|p2a: Sableye|Sableye, F|304\/304
|turn|1
|callback|decision
|chat|Godsend|ctrlc>ctrlv
|
|switch|p1a: Victini|Victini|341\/341
|move|p2a: Sableye|Taunt|p1a: Victini
|-start|p1a: Victini|move: Taunt
|
|turn|2
|callback|decision
|chat|ctrlV|lol
|
|move|p2a: Sableye|Confuse Ray|p1a: Victini
|-start|p1a: Victini|confusion
|-activate|p1a: Victini|confusion
|move|p1a: Victini|V-create|p2a: Sableye
|-damage|p2a: Sableye|0 fnt
|-unboost|p1a: Victini|def|1
|-unboost|p1a: Victini|spd|1
|-unboost|p1a: Victini|spe|1
|faint|p2a: Sableye
|
|callback|decision
|
|switch|p2a: Empoleon|Empoleon, M|372\/372
|turn|3
|callback|decision
|
|-activate|p1a: Victini|confusion
|-damage|p1a: Victini|246\/341
|move|p2a: Empoleon|Yawn|p1a: Victini
|-start|p1a: Victini|move: Yawn|[of] p2a: Empoleon
|
|turn|4
|callback|decision
|
|switch|p1a: Azelf|Azelf|291\/291
|move|p2a: Empoleon|Stealth Rock|p1a: Azelf
|-sidestart|p1: Godsend|move: Stealth Rock
|
|turn|5
|callback|decision
|
|move|p1a: Azelf|Stealth Rock|p2a: Empoleon
|-sidestart|p2: ctrlV|move: Stealth Rock
|move|p2a: Empoleon|Scald|p1a: Azelf
|-damage|p1a: Azelf|159\/291
|
|turn|6
|callback|decision
|
|move|p1a: Azelf|Explosion|p2a: Empoleon
|-resisted|p2a: Empoleon
|-damage|p2a: Empoleon|264\/372
|faint|p1a: Azelf
|move|p2a: Empoleon|Scald|p1: Azelf|[notarget]
|-notarget
|
|-heal|p2a: Empoleon|287\/372|[from] item: Leftovers
|callback|decision
|
|switch|p1a: Victini|Victini|246\/341
|-damage|p1a: Victini|161\/341|[from] Stealth Rock
|turn|7
|callback|decision
|
|move|p1a: Victini|V-create|p2a: Empoleon
|-damage|p2a: Empoleon|0 fnt
|-unboost|p1a: Victini|def|1
|-unboost|p1a: Victini|spd|1
|-unboost|p1a: Victini|spe|1
|faint|p2a: Empoleon
|
|callback|decision
|
|switch|p2a: Virizion|Virizion, shiny|324\/324
|-damage|p2a: Virizion|304\/324|[from] Stealth Rock
|turn|8
|callback|decision
|
|switch|p1a: Qwilfish|Qwilfish, M|334\/334
|-damage|p1a: Qwilfish|293\/334|[from] Stealth Rock
|-ability|p1a: Qwilfish|Intimidate|[of] p2a: Virizion
|-unboost|p2a: Virizion|atk|1
|move|p2a: Virizion|Stone Edge|p1a: Qwilfish
|-damage|p1a: Qwilfish|228\/334
|-damage|p2a: Virizion|272\/324|[from] item: Life Orb
|
|-heal|p1a: Qwilfish|248\/334|[from] item: Leftovers
|turn|9
|callback|decision
|
|switch|p2a: Xatu|Xatu, M|334\/334
|-damage|p2a: Xatu|251\/334|[from] Stealth Rock
|move|p1a: Qwilfish|Thunder Wave|p2a: Xatu
|move|p2a: Xatu|Thunder Wave|p1a: Qwilfish|[from]Magic Bounce
|-status|p1a: Qwilfish|par
|
|-heal|p2a: Xatu|271\/334|[from] item: Leftovers
|-heal|p1a: Qwilfish|268\/334 par|[from] item: Leftovers
|turn|10
|callback|decision
|
|switch|p1a: Umbreon|Umbreon, F|394\/394
|-damage|p1a: Umbreon|345\/394|[from] Stealth Rock
|move|p2a: Xatu|Reflect|p2a: Xatu
|-sidestart|p2: ctrlV|Reflect
|
|-heal|p2a: Xatu|291\/334|[from] item: Leftovers
|-heal|p1a: Umbreon|369\/394|[from] item: Leftovers
|turn|11
|callback|decision
|
|move|p2a: Xatu|Wish|p2a: Xatu
|move|p1a: Umbreon|Foul Play|p2a: Xatu
|-supereffective|p2a: Xatu
|-damage|p2a: Xatu|183\/334
|
|-heal|p2a: Xatu|203\/334|[from] item: Leftovers
|-heal|p1a: Umbreon|393\/394|[from] item: Leftovers
|turn|12
|callback|decision
|
|switch|p2a: Heracross|Heracross, M|301\/301
|-damage|p2a: Heracross|264\/301|[from] Stealth Rock
|move|p1a: Umbreon|Baton Pass|p1a: Umbreon
|callback|decision
|
|switch|p1a: Qwilfish|Qwilfish, M|268\/334 par
|-damage|p1a: Qwilfish|227\/334 par|[from] Stealth Rock
|-ability|p1a: Qwilfish|Intimidate|[of] p2a: Heracross
|-unboost|p2a: Heracross|atk|1
|
|-heal|p2a: Heracross|301\/301|[from] move: Wish|[wisher] Xatu
|-heal|p1a: Qwilfish|247\/334 par|[from] item: Leftovers
|turn|13
|callback|decision
|
|switch|p2a: Xatu|Xatu, M|203\/334
|-damage|p2a: Xatu|120\/334|[from] Stealth Rock
|cant|p1a: Qwilfish|par
|
|-heal|p2a: Xatu|140\/334|[from] item: Leftovers
|-heal|p1a: Qwilfish|267\/334 par|[from] item: Leftovers
|turn|14
|callback|decision
|
|switch|p1a: Froslass|Froslass, F|343\/343
|-damage|p1a: Froslass|258\/343|[from] Stealth Rock
|move|p2a: Xatu|Wish|p2a: Xatu
|
|-heal|p1a: Froslass|279\/343|[from] item: Leftovers
|-heal|p2a: Xatu|160\/334|[from] item: Leftovers
|-sideend|p2: ctrlV|Reflect
|turn|15
|callback|decision
|
|move|p1a: Froslass|Ice Beam|p2a: Xatu
|-supereffective|p2a: Xatu
|-damage|p2a: Xatu|0 fnt
|faint|p2a: Xatu
|
|-heal|p1a: Froslass|300\/343|[from] item: Leftovers
|callback|decision
|
|switch|p2a: Zapdos|Zapdos|321\/321
|-damage|p2a: Zapdos|241\/321|[from] Stealth Rock
|-ability|p2a: Zapdos|Pressure
|turn|16
|callback|decision
|
|switch|p1a: Umbreon|Umbreon, F|393\/394
|-damage|p1a: Umbreon|344\/394|[from] Stealth Rock
|move|p2a: Zapdos|Heat Wave|p1a: Umbreon
|-damage|p1a: Umbreon|260\/394
|-damage|p2a: Zapdos|209\/321|[from] item: Life Orb
|
|-heal|p1a: Umbreon|284\/394|[from] item: Leftovers
|turn|17
|callback|decision
|
|move|p2a: Zapdos|Thunderbolt|p1a: Umbreon
|-damage|p1a: Umbreon|146\/394
|-status|p1a: Umbreon|par
|-status|p2a: Zapdos|par
|-damage|p2a: Zapdos|177\/321 par|[from] item: Life Orb
|cant|p1a: Umbreon|par
|
|-heal|p1a: Umbreon|170\/394 par|[from] item: Leftovers
|turn|18
|callback|decision
|
|move|p2a: Zapdos|Thunderbolt|p1a: Umbreon
|-damage|p1a: Umbreon|49\/394 par
|-damage|p2a: Zapdos|145\/321 par|[from] item: Life Orb
|move|p1a: Umbreon|Wish|p1a: Umbreon
|
|-heal|p1a: Umbreon|73\/394 par|[from] item: Leftovers
|turn|19
|callback|decision
|
|move|p1a: Umbreon|Protect|p1a: Umbreon
|-singleturn|p1a: Umbreon|Protect
|move|p2a: Zapdos|Thunderbolt|p1a: Umbreon
|-activate|p1a: Umbreon|Protect
|
|-heal|p1a: Umbreon|270\/394 par|[from] move: Wish|[wisher] Umbreon
|-heal|p1a: Umbreon|294\/394 par|[from] item: Leftovers
|turn|20
|callback|decision
|
|switch|p2a: Heracross|Heracross, M|301\/301
|-damage|p2a: Heracross|264\/301|[from] Stealth Rock
|move|p1a: Umbreon|Wish|p1a: Umbreon
|
|-heal|p1a: Umbreon|318\/394 par|[from] item: Leftovers
|turn|21
|callback|decision
|
|switch|p1a: Qwilfish|Qwilfish, M|267\/334 par
|-damage|p1a: Qwilfish|226\/334 par|[from] Stealth Rock
|-ability|p1a: Qwilfish|Intimidate|[of] p2a: Heracross
|-unboost|p2a: Heracross|atk|1
|move|p2a: Heracross|Megahorn|p1a: Qwilfish
|-resisted|p1a: Qwilfish
|-damage|p1a: Qwilfish|166\/334 par
|
|-heal|p1a: Qwilfish|334\/334 par|[from] move: Wish|[wisher] Umbreon
|turn|22
|callback|decision
|
|switch|p2a: Zapdos|Zapdos|145\/321 par
|-damage|p2a: Zapdos|65\/321 par|[from] Stealth Rock
|-ability|p2a: Zapdos|Pressure
|cant|p1a: Qwilfish|par
|
|turn|23
|callback|decision
|
|switch|p1a: Victini|Victini|161\/341
|-damage|p1a: Victini|76\/341|[from] Stealth Rock
|move|p2a: Zapdos|Thunderbolt|p1a: Victini
|-crit|p1a: Victini
|-damage|p1a: Victini|0 fnt
|-damage|p2a: Zapdos|33\/321 par|[from] item: Life Orb
|faint|p1a: Victini
|
|callback|decision
|
|switch|p1a: Froslass|Froslass, F|300\/343
|-damage|p1a: Froslass|215\/343|[from] Stealth Rock
|turn|24
|callback|decision
|
|move|p1a: Froslass|Ice Beam|p2a: Zapdos
|-supereffective|p2a: Zapdos
|-damage|p2a: Zapdos|0 fnt
|faint|p2a: Zapdos
|
|-heal|p1a: Froslass|236\/343|[from] item: Leftovers
|callback|decision
|
|switch|p2a: Virizion|Virizion, shiny|272\/324
|-damage|p2a: Virizion|252\/324|[from] Stealth Rock
|turn|25
|callback|decision
|
|move|p2a: Virizion|Stone Edge|p1a: Froslass
|-supereffective|p1a: Froslass
|-damage|p1a: Froslass|0 fnt
|-start|p2a: Virizion|Disable|Stone Edge
|-damage|p2a: Virizion|220\/324|[from] item: Life Orb
|faint|p1a: Froslass
|
|callback|decision
|
|switch|p1a: Qwilfish|Qwilfish, M|334\/334 par
|-damage|p1a: Qwilfish|293\/334 par|[from] Stealth Rock
|-ability|p1a: Qwilfish|Intimidate|[of] p2a: Virizion
|-unboost|p2a: Virizion|atk|1
|turn|26
|callback|decision
|
|move|p2a: Virizion|Leaf Blade|p1a: Qwilfish
|-damage|p1a: Qwilfish|203\/334 par
|-damage|p2a: Virizion|188\/324|[from] item: Life Orb
|cant|p1a: Qwilfish|par
|
|-heal|p1a: Qwilfish|223\/334 par|[from] item: Leftovers
|turn|27
|callback|decision
|
|switch|p2a: Heracross|Heracross, M|264\/301
|-damage|p2a: Heracross|227\/301|[from] Stealth Rock
|move|p1a: Qwilfish|Thunder Wave|p2a: Heracross
|-status|p2a: Heracross|par
|
|-heal|p1a: Qwilfish|243\/334 par|[from] item: Leftovers
|turn|28
|callback|decision
|
|move|p2a: Heracross|Earthquake|p1a: Qwilfish
|-supereffective|p1a: Qwilfish
|-damage|p1a: Qwilfish|33\/334 par
|move|p1a: Qwilfish|Waterfall|p2a: Heracross
|-damage|p2a: Heracross|103\/301 par
|
|-heal|p1a: Qwilfish|53\/334 par|[from] item: Leftovers
|turn|29
|callback|decision
|
|switch|p1a: Feraligatr|Feraligatr, F|311\/311
|-damage|p1a: Feraligatr|273\/311|[from] Stealth Rock
|move|p2a: Heracross|Earthquake|p1a: Feraligatr
|-damage|p1a: Feraligatr|144\/311
|
|turn|30
|callback|decision
|
|move|p1a: Feraligatr|Swords Dance|p1a: Feraligatr
|-boost|p1a: Feraligatr|atk|2
|move|p2a: Heracross|Earthquake|p1a: Feraligatr
|-damage|p1a: Feraligatr|6\/311
|
|turn|31
|callback|decision
|
|move|p1a: Feraligatr|Aqua Jet|p2a: Heracross
|-damage|p2a: Heracross|0 fnt
|faint|p2a: Heracross
|
|callback|decision
|
|switch|p2a: Virizion|Virizion, shiny|188\/324
|-damage|p2a: Virizion|168\/324|[from] Stealth Rock
|turn|32
|callback|decision
|chat|Godsend|gg
|
|move|p2a: Virizion|Quick Attack|p1a: Feraligatr
|-damage|p1a: Feraligatr|0 fnt
|-damage|p2a: Virizion|136\/324|[from] item: Life Orb
|faint|p1a: Feraligatr
|
|callback|decision
|
|switch|p1a: Qwilfish|Qwilfish, M|53\/334 par
|-damage|p1a: Qwilfish|12\/334 par|[from] Stealth Rock
|-ability|p1a: Qwilfish|Intimidate|[of] p2a: Virizion
|-unboost|p2a: Virizion|atk|1
|turn|33
|callback|decision
|chat|ctrlV|yeah ok
|
|move|p2a: Virizion|Leaf Blade|p1a: Qwilfish
|-damage|p1a: Qwilfish|0 fnt
|-damage|p2a: Virizion|104\/324|[from] item: Life Orb
|faint|p1a: Qwilfish
|
|callback|decision
|
|switch|p1a: Umbreon|Umbreon, F|318\/394 par
|-damage|p1a: Umbreon|269\/394 par|[from] Stealth Rock
|turn|34
|callback|decision
|
|move|p1a: Umbreon|Protect|p1a: Umbreon
|-singleturn|p1a: Umbreon|Protect
|move|p2a: Virizion|Close Combat|p1a: Umbreon
|-activate|p1a: Umbreon|Protect
|
|-heal|p1a: Umbreon|293\/394 par|[from] item: Leftovers
|turn|35
|callback|decision
|
|move|p2a: Virizion|Close Combat|p1a: Umbreon
|-supereffective|p1a: Umbreon
|-damage|p1a: Umbreon|12\/394 par
|-unboost|p2a: Virizion|def|1
|-unboost|p2a: Virizion|spd|1
|-damage|p2a: Virizion|72\/324|[from] item: Life Orb
|cant|p1a: Umbreon|par
|
|-heal|p1a: Umbreon|36\/394 par|[from] item: Leftovers
|turn|36
|callback|decision
|
|move|p2a: Virizion|Close Combat|p1a: Umbreon
|-supereffective|p1a: Umbreon
|-damage|p1a: Umbreon|0 fnt
|-unboost|p2a: Virizion|def|1
|-unboost|p2a: Virizion|spd|1
|-damage|p2a: Virizion|40\/324|[from] item: Life Orb
|faint|p1a: Umbreon
|
|win|ctrlV
|raw|Ladder updating...
|raw|Godsend's rating: 1841 &rarr; <strong>1830<\/strong><br \/>(-11 for losing)
|raw|ctrlV's rating: 1644 &rarr; <strong>1650<\/strong><br \/>(+6 for winning)
|chat|ctrlV|gg
|leave|Godsend
|player|p1