|join|Godsend
|join|Ziose0
|player|p1|Godsend|102
|player|p2|Ziose0|209
|gametype|singles
|tier|UU (suspect test)
|rated
|rule|Sleep Clause Mod: Limit one foe put to sleep
|rule|Species Clause: Limit one of each Pokemon
|rule|OHKO Clause: OHKO moves are banned
|rule|Moody Clause: Moody is banned
|rule|Evasion Moves Clause: Evasion moves are banned
|rule|HP Percentage Mod: HP is reported as percentages
|rule|Evasion Abilities Clause: Evasion abilities are banned
|clearpoke
|poke|p1|Hitmontop, M
|poke|p1|Arcanine, F
|poke|p1|Raikou
|poke|p1|Roserade, M
|poke|p1|Rotom-Heat
|poke|p1|Golurk
|poke|p2|Ambipom, F
|poke|p2|Mienshao, F
|poke|p2|Sableye, F
|poke|p2|Honchkrow, M, shiny
|poke|p2|Swampert, M, shiny
|poke|p2|Rotom-Heat, shiny
|teampreview
|callback|decision
|
|start
|switch|p1a: Golurk|Golurk|382\/382
|switch|p2a: The Hipster|Ambipom, F|292\/292
|turn|1
|callback|decision
|chat|Godsend|purple team
|
|move|p2a: The Hipster|Taunt|p1a: Golurk
|-start|p1a: Golurk|move: Taunt
|cant|p1a: Golurk|move: Taunt|Stealth Rock
|
|turn|2
|callback|decision
|chat|Godsend|that's clean
|
|move|p2a: The Hipster|U-turn|p1a: Golurk
|-resisted|p1a: Golurk
|-damage|p1a: Golurk|352\/382
|callback|decision
|chat|Ziose0|kinda
|
|switch|p2a: A Pimp Named..|Honchkrow, M, shiny|404\/404
|move|p1a: Golurk|DynamicPunch|p2a: A Pimp Named..
|-damage|p2a: A Pimp Named..|235\/404
|-start|p2a: A Pimp Named..|confusion
|
|-heal|p1a: Golurk|375\/382|[from] item: Leftovers
|turn|3
|callback|decision
|
|-activate|p2a: A Pimp Named..|confusion
|move|p2a: A Pimp Named..|Pursuit|p1a: Golurk|[from]Pursuit
|-supereffective|p1a: Golurk
|-damage|p1a: Golurk|117\/382
|switch|p1a: Rotom-Heat|Rotom-Heat|241\/241
|
|turn|4
|callback|decision
|chat|Ziose0|i forgot to change swampert and rotom, they're new
|
|-end|p2a: A Pimp Named..|confusion
|move|p2a: A Pimp Named..|Sucker Punch|p1a: Rotom-Heat
|-damage|p1a: Rotom-Heat|108\/241
|move|p1a: Rotom-Heat|Overheat|p2a: A Pimp Named..
|-damage|p2a: A Pimp Named..|0 fnt
|-unboost|p1a: Rotom-Heat|spa|2
|faint|p2a: A Pimp Named..
|
|callback|decision
|
|switch|p2a: U Liek Swomps?|Swampert, M, shiny|341\/341
|turn|5
|callback|decision
|
|switch|p1a: Roserade|Roserade, M|295\/295
|move|p2a: U Liek Swomps?|Stealth Rock|p1a: Roserade
|-sidestart|p1: Godsend|move: Stealth Rock
|
|turn|6
|callback|decision
|
|switch|p2a: Easy Bake Oven|Rotom-Heat, shiny|241\/241
|move|p1a: Roserade|Sleep Powder|p2a: Easy Bake Oven|[miss]
|-miss|p1a: Roserade|p2a: Easy Bake Oven
|
|turn|7
|callback|decision
|
|switch|p1a: Raikou|Raikou|353\/353
|-damage|p1a: Raikou|309\/353|[from] Stealth Rock
|-ability|p1a: Raikou|Pressure
|move|p2a: Easy Bake Oven|Shadow Ball|p1a: Raikou
|-damage|p1a: Raikou|171\/353
|
|-heal|p1a: Raikou|193\/353|[from] item: Leftovers
|turn|8
|callback|decision
|chat|Godsend|rng has been fuckin me up
|chat|Godsend|lol
|
|move|p1a: Raikou|Calm Mind|p1a: Raikou
|-boost|p1a: Raikou|spa|1
|-boost|p1a: Raikou|spd|1
|move|p2a: Easy Bake Oven|Shadow Ball|p1a: Raikou
|-damage|p1a: Raikou|95\/353
|-unboost|p1a: Raikou|spd|1
|
|-heal|p1a: Raikou|117\/353|[from] item: Leftovers
|turn|9
|callback|decision
|
|move|p1a: Raikou|Thunderbolt|p2a: Easy Bake Oven
|-resisted|p2a: Easy Bake Oven
|-damage|p2a: Easy Bake Oven|150\/241
|move|p2a: Easy Bake Oven|Shadow Ball|p1a: Raikou
|-damage|p1a: Raikou|0 fnt
|faint|p1a: Raikou
|
|callback|decision
|
|switch|p1a: Roserade|Roserade, M|295\/295
|-damage|p1a: Roserade|259\/295|[from] Stealth Rock
|turn|10
|callback|decision
|chat|Ziose0|i understand. rng is a bitch
|
|move|p2a: Easy Bake Oven|Shadow Ball|p1a: Roserade
|-damage|p1a: Roserade|138\/295
|move|p1a: Roserade|Sludge Bomb|p2a: Easy Bake Oven
|-damage|p2a: Easy Bake Oven|0 fnt
|-damage|p1a: Roserade|109\/295|[from] item: Life Orb
|faint|p2a: Easy Bake Oven
|
|callback|decision
|
|switch|p2a: Chun Li|Mienshao, F|271\/271
|turn|11
|callback|decision
|
|switch|p1a: Hitmontop|Hitmontop, M|304\/304
|-damage|p1a: Hitmontop|285\/304|[from] Stealth Rock
|-ability|p1a: Hitmontop|Intimidate|[of] p2a: Chun Li
|-unboost|p2a: Chun Li|atk|1
|move|p2a: Chun Li|U-turn|p1a: Hitmontop
|-resisted|p1a: Hitmontop
|-damage|p1a: Hitmontop|256\/304
|-damage|p2a: Chun Li|244\/271|[from] item: Life Orb
|callback|decision
|
|switch|p2a: U MAD?!|Sableye, F|304\/304
|
|-heal|p1a: Hitmontop|275\/304|[from] item: Leftovers
|turn|12
|callback|decision
|
|switch|p1a: Arcanine|Arcanine, F|384\/384
|-damage|p1a: Arcanine|288\/384|[from] Stealth Rock
|-ability|p1a: Arcanine|Intimidate|[of] p2a: U MAD?!
|-unboost|p2a: U MAD?!|atk|1
|move|p2a: U MAD?!|Taunt|p1a: Arcanine
|-start|p1a: Arcanine|move: Taunt
|
|-heal|p1a: Arcanine|312\/384|[from] item: Leftovers
|turn|13
|callback|decision
|
|switch|p2a: U Liek Swomps?|Swampert, M, shiny|341\/341
|move|p1a: Arcanine|Flare Blitz|p2a: U Liek Swomps?
|-resisted|p2a: U Liek Swomps?
|-damage|p2a: U Liek Swomps?|266\/341
|-damage|p1a: Arcanine|287\/384|[from] recoil|[of] p2a: U Liek Swomps?
|-status|p2a: U Liek Swomps?|brn
|
|-heal|p1a: Arcanine|311\/384|[from] item: Leftovers
|-heal|p2a: U Liek Swomps?|287\/341 brn|[from] item: Leftovers
|-damage|p2a: U Liek Swomps?|245\/341 brn|[from] brn
|turn|14
|callback|decision
|chat|Ziose0|no. when you burn with a flare bltiz. you can never complain about rng...lol
|
|switch|p1a: Hitmontop|Hitmontop, M|275\/304
|-damage|p1a: Hitmontop|256\/304|[from] Stealth Rock
|-ability|p1a: Hitmontop|Intimidate|[of] p2a: U Liek Swomps?
|-unboost|p2a: U Liek Swomps?|atk|1
|move|p2a: U Liek Swomps?|Ice Beam|p1a: Hitmontop
|-damage|p1a: Hitmontop|173\/304
|
|-heal|p2a: U Liek Swomps?|266\/341 brn|[from] item: Leftovers
|-heal|p1a: Hitmontop|192\/304|[from] item: Leftovers
|-damage|p2a: U Liek Swomps?|224\/341 brn|[from] brn
|turn|15
|callback|decision
|chat|Ziose0|lol I'm not physical btw
|
|switch|p2a: U MAD?!|Sableye, F|304\/304
|move|p1a: Hitmontop|Toxic|p2a: U MAD?!
|-status|p2a: U MAD?!|tox
|
|-heal|p1a: Hitmontop|211\/304|[from] item: Leftovers
|-damage|p2a: U MAD?!|285\/304 tox|[from] psn
|turn|16
|callback|decision
|
|move|p1a: Hitmontop|Stone Edge|p2a: U MAD?!
|-damage|p2a: U MAD?!|188\/304 tox
|move|p2a: U MAD?!|Foul Play|p1a: Hitmontop
|-resisted|p1a: Hitmontop
|-damage|p1a: Hitmontop|169\/304
|
|-heal|p1a: Hitmontop|188\/304|[from] item: Leftovers
|-heal|p2a: U MAD?!|207\/304 tox|[from] item: Leftovers
|-damage|p2a: U MAD?!|169\/304 tox|[from] psn
|turn|17
|callback|decision
|
|switch|p1a: Roserade|Roserade, M|109\/295
|-damage|p1a: Roserade|73\/295|[from] Stealth Rock
|move|p2a: U MAD?!|Will-O-Wisp|p1a: Roserade
|-status|p1a: Roserade|brn
|
|-heal|p2a: U MAD?!|188\/304 tox|[from] item: Leftovers
|-damage|p1a: Roserade|37\/295 brn|[from] brn
|-damage|p2a: U MAD?!|131\/304 tox|[from] psn
|turn|18
|callback|decision
|
|move|p2a: U MAD?!|Recover|p2a: U MAD?!
|-heal|p2a: U MAD?!|283\/304 tox
|move|p1a: Roserade|Rest|p1a: Roserade
|-status|p1a: Roserade|slp
|-heal|p1a: Roserade|295\/295 slp|[silent]
|-status|p1a: Roserade|slp|[from] move: Rest
|
|-heal|p2a: U MAD?!|302\/304 tox|[from] item: Leftovers
|-damage|p2a: U MAD?!|226\/304 tox|[from] psn
|turn|19
|callback|decision
|
|switch|p1a: Arcanine|Arcanine, F|311\/384
|-damage|p1a: Arcanine|215\/384|[from] Stealth Rock
|-ability|p1a: Arcanine|Intimidate|[of] p2a: U MAD?!
|-unboost|p2a: U MAD?!|atk|1
|switch|p2a: U Liek Swomps?|Swampert, M, shiny|224\/341 brn
|
|-heal|p1a: Arcanine|239\/384|[from] item: Leftovers
|-heal|p2a: U Liek Swomps?|245\/341 brn|[from] item: Leftovers
|-damage|p2a: U Liek Swomps?|203\/341 brn|[from] brn
|turn|20
|callback|decision
|
|switch|p1a: Roserade|Roserade, M|295\/295
|-damage|p1a: Roserade|259\/295|[from] Stealth Rock
|move|p2a: U Liek Swomps?|Scald|p1a: Roserade
|-crit|p1a: Roserade
|-resisted|p1a: Roserade
|-damage|p1a: Roserade|142\/295
|-status|p1a: Roserade|brn
|
|-heal|p2a: U Liek Swomps?|224\/341 brn|[from] item: Leftovers
|-damage|p1a: Roserade|106\/295 brn|[from] brn
|-damage|p2a: U Liek Swomps?|182\/341 brn|[from] brn
|turn|21
|callback|decision
|
|switch|p2a: The Hipster|Ambipom, F|292\/292
|move|p1a: Roserade|Leaf Storm|p2a: The Hipster
|-enditem|p2a: The Hipster|Focus Sash
|-damage|p2a: The Hipster|1\/292
|-unboost|p1a: Roserade|spa|2
|-damage|p1a: Roserade|77\/295 brn|[from] item: Life Orb
|
|-damage|p1a: Roserade|41\/295 brn|[from] brn
|turn|22
|callback|decision
|chat|Ziose0|intimidate and burn are saddening
|chat|Ziose0|lol
|
|switch|p1a: Golurk|Golurk|117\/382
|-damage|p1a: Golurk|94\/382|[from] Stealth Rock
|move|p2a: The Hipster|U-turn|p1a: Golurk
|-resisted|p1a: Golurk
|-damage|p1a: Golurk|60\/382
|callback|decision
|
|switch|p2a: U Liek Swomps?|Swampert, M, shiny|182\/341 brn
|
|-heal|p2a: U Liek Swomps?|203\/341 brn|[from] item: Leftovers
|-heal|p1a: Golurk|83\/382|[from] item: Leftovers
|-damage|p2a: U Liek Swomps?|161\/341 brn|[from] brn
|turn|23
|callback|decision
|
|move|p2a: U Liek Swomps?|Scald|p1a: Golurk
|-supereffective|p1a: Golurk
|-damage|p1a: Golurk|0 fnt
|faint|p1a: Golurk
|
|-heal|p2a: U Liek Swomps?|182\/341 brn|[from] item: Leftovers
|-damage|p2a: U Liek Swomps?|140\/341 brn|[from] brn
|callback|decision
|
|switch|p1a: Roserade|Roserade, M|41\/295
|-damage|p1a: Roserade|5\/295|[from] Stealth Rock
|turn|24
|callback|decision
|
|move|p1a: Roserade|Rest|p1a: Roserade
|-status|p1a: Roserade|slp
|-heal|p1a: Roserade|295\/295 slp|[silent]
|-status|p1a: Roserade|slp|[from] move: Rest
|move|p2a: U Liek Swomps?|Ice Beam|p1a: Roserade
|-supereffective|p1a: Roserade
|-damage|p1a: Roserade|109\/295 slp
|
|-heal|p2a: U Liek Swomps?|161\/341 brn|[from] item: Leftovers
|-damage|p2a: U Liek Swomps?|119\/341 brn|[from] brn
|turn|25
|callback|decision
|
|switch|p1a: Arcanine|Arcanine, F|239\/384
|-damage|p1a: Arcanine|143\/384|[from] Stealth Rock
|-ability|p1a: Arcanine|Intimidate|[of] p2a: U Liek Swomps?
|-unboost|p2a: U Liek Swomps?|atk|1
|move|p2a: U Liek Swomps?|Scald|p1a: Arcanine
|-supereffective|p1a: Arcanine
|-damage|p1a: Arcanine|0 fnt
|faint|p1a: Arcanine
|
|-heal|p2a: U Liek Swomps?|140\/341 brn|[from] item: Leftovers
|-damage|p2a: U Liek Swomps?|98\/341 brn|[from] brn
|callback|decision
|
|switch|p1a: Roserade|Roserade, M|109\/295
|-damage|p1a: Roserade|73\/295|[from] Stealth Rock
|turn|26
|callback|decision
|
|move|p1a: Roserade|Sludge Bomb|p2a: U Liek Swomps?
|-resisted|p2a: U Liek Swomps?
|-damage|p2a: U Liek Swomps?|0 fnt
|-damage|p1a: Roserade|44\/295|[from] item: Life Orb
|faint|p2a: U Liek Swomps?
|
|callback|decision
|
|switch|p2a: Chun Li|Mienshao, F|271\/271
|turn|27
|callback|decision
|
|switch|p1a: Hitmontop|Hitmontop, M|188\/304
|-damage|p1a: Hitmontop|169\/304|[from] Stealth Rock
|-ability|p1a: Hitmontop|Intimidate|[of] p2a: Chun Li
|-unboost|p2a: Chun Li|atk|1
|move|p2a: Chun Li|U-turn|p1a: Hitmontop
|-resisted|p1a: Hitmontop
|-damage|p1a: Hitmontop|143\/304
|-damage|p2a: Chun Li|244\/271|[from] item: Life Orb
|callback|decision
|
|switch|p2a: The Hipster|Ambipom, F|1\/292
|
|-heal|p1a: Hitmontop|162\/304|[from] item: Leftovers
|turn|28
|callback|decision
|
|switch|p1a: Roserade|Roserade, M|44\/295
|-damage|p1a: Roserade|8\/295|[from] Stealth Rock
|move|p2a: The Hipster|Fake Out|p1a: Roserade
|-damage|p1a: Roserade|0 fnt
|faint|p1a: Roserade
|
|callback|decision
|
|switch|p1a: Rotom-Heat|Rotom-Heat|108\/241
|-damage|p1a: Rotom-Heat|48\/241|[from] Stealth Rock
|turn|29
|callback|decision
|
|move|p1a: Rotom-Heat|Volt Switch|p2a: The Hipster
|-damage|p2a: The Hipster|0 fnt
|faint|p2a: The Hipster
|callback|decision
|chat|Ziose0|gg
|
|switch|p1a: Hitmontop|Hitmontop, M|162\/304
|-damage|p1a: Hitmontop|143\/304|[from] Stealth Rock
|
|-heal|p1a: Hitmontop|162\/304|[from] item: Leftovers
|callback|decision
|
|switch|p2a: U MAD?!|Sableye, F|226\/304 tox
|turn|30
|callback|decision
|
|move|p2a: U MAD?!|Will-O-Wisp|p1a: Hitmontop|[miss]
|-miss|p2a: U MAD?!|p1a: Hitmontop
|move|p1a: Hitmontop|Stone Edge|p2a: U MAD?!
|-damage|p2a: U MAD?!|132\/304 tox
|
|-heal|p1a: Hitmontop|181\/304|[from] item: Leftovers
|-heal|p2a: U MAD?!|151\/304 tox|[from] item: Leftovers
|-damage|p2a: U MAD?!|132\/304 tox|[from] psn
|turn|31
|callback|decision
|chat|Ziose0|unless this misses of course lol
|chat|Ziose0|like that lol
|
|move|p2a: U MAD?!|Will-O-Wisp|p1a: Hitmontop
|-status|p1a: Hitmontop|brn
|move|p1a: Hitmontop|Stone Edge|p2a: U MAD?!
|-damage|p2a: U MAD?!|81\/304 tox
|
|-heal|p1a: Hitmontop|200\/304 brn|[from] item: Leftovers
|-heal|p2a: U MAD?!|100\/304 tox|[from] item: Leftovers
|-damage|p1a: Hitmontop|162\/304 brn|[from] brn
|-damage|p2a: U MAD?!|62\/304 tox|[from] psn
|turn|32
|callback|decision
|
|move|p2a: U MAD?!|Recover|p2a: U MAD?!
|-heal|p2a: U MAD?!|214\/304 tox
|move|p1a: Hitmontop|Stone Edge|p2a: U MAD?!
|-damage|p2a: U MAD?!|163\/304 tox
|
|-heal|p1a: Hitmontop|181\/304 brn|[from] item: Leftovers
|-heal|p2a: U MAD?!|182\/304 tox|[from] item: Leftovers
|-damage|p1a: Hitmontop|143\/304 brn|[from] brn
|-damage|p2a: U MAD?!|125\/304 tox|[from] psn
|turn|33
|callback|decision
|-message|Godsend forfeited.
|
|win|Ziose0
|raw|Ladder updating...
|leave|Godsend
|player|p1
|raw|Godsend's rating: 1858 &rarr; <strong>1842<\/strong><br \/>(-16 for losing)
|raw|Ziose0's rating: 1581 &rarr; <strong>1604<\/strong><br \/>(+23 for winning)