|join|Godsend
|join|RotomFury
|player|p1|Godsend|101
|player|p2|RotomFury|249
|gametype|singles
|tier|UU (suspect test)
|rated
|rule|Sleep Clause Mod: Limit one foe put to sleep
|rule|Species Clause: Limit one of each Pokemon
|rule|OHKO Clause: OHKO moves are banned
|rule|Moody Clause: Moody is banned
|rule|Evasion Moves Clause: Evasion moves are banned
|rule|HP Percentage Mod: HP is reported as percentages
|rule|Evasion Abilities Clause: Evasion abilities are banned
|clearpoke
|poke|p1|Heracross, M
|poke|p1|Mienshao, M
|poke|p1|Empoleon, F
|poke|p1|Gligar, F
|poke|p1|Umbreon, M
|poke|p1|Kingdra, F
|poke|p2|Arcanine, M
|poke|p2|Snorlax, M
|poke|p2|Lilligant, F, shiny
|poke|p2|Victini, shiny
|poke|p2|Cresselia, F, shiny
|poke|p2|Blastoise, M
|teampreview
|callback|decision
|
|start
|switch|p1a: Kingdra|Kingdra, F|341\/341
|switch|p2a: Arcanine|Arcanine, M|369\/369
|-ability|p2a: Arcanine|Intimidate|[of] p1a: Kingdra
|-unboost|p1a: Kingdra|atk|1
|turn|1
|callback|decision
|
|move|p1a: Kingdra|Substitute|p1a: Kingdra
|-start|p1a: Kingdra|Substitute
|-damage|p1a: Kingdra|256\/341
|move|p2a: Arcanine|Sunny Day|p2a: Arcanine
|-weather|SunnyDay
|
|-weather|SunnyDay|[upkeep]
|-heal|p1a: Kingdra|277\/341|[from] item: Leftovers
|turn|2
|callback|decision
|
|move|p1a: Kingdra|Dragon Dance|p1a: Kingdra
|-boost|p1a: Kingdra|atk|1
|-boost|p1a: Kingdra|spe|1
|move|p2a: Arcanine|SolarBeam|p1a: Kingdra|[still]
|-prepare|p2a: Arcanine|SolarBeam|p1a: Kingdra
|-anim|p2a: Arcanine|SolarBeam|p1a: Kingdra
|-end|p1a: Kingdra|Substitute
|
|-weather|SunnyDay|[upkeep]
|-heal|p1a: Kingdra|298\/341|[from] item: Leftovers
|turn|3
|callback|decision
|
|switch|p2a: Blastoise|Blastoise, M|362\/362
|move|p1a: Kingdra|Substitute|p1a: Kingdra
|-start|p1a: Kingdra|Substitute
|-damage|p1a: Kingdra|213\/341
|
|-weather|SunnyDay|[upkeep]
|-heal|p1a: Kingdra|234\/341|[from] item: Leftovers
|turn|4
|callback|decision
|
|move|p1a: Kingdra|Outrage|p2a: Blastoise
|-damage|p2a: Blastoise|262\/362
|move|p2a: Blastoise|Dragon Tail|p1a: Kingdra
|-supereffective|p1a: Kingdra
|-activate|p1a: Kingdra|Substitute|[damage]
|
|-weather|SunnyDay|[upkeep]
|-heal|p1a: Kingdra|255\/341|[from] item: Leftovers
|-heal|p2a: Blastoise|284\/362|[from] item: Leftovers
|turn|5
|callback|decision
|
|move|p1a: Kingdra|Outrage|p2a: Blastoise
|-damage|p2a: Blastoise|184\/362
|move|p2a: Blastoise|Dragon Tail|p1a: Kingdra
|-supereffective|p1a: Kingdra
|-end|p1a: Kingdra|Substitute
|
|-weather|none
|-heal|p1a: Kingdra|276\/341|[from] item: Leftovers
|-heal|p2a: Blastoise|206\/362|[from] item: Leftovers
|turn|6
|callback|decision
|
|move|p1a: Kingdra|Outrage|p2a: Blastoise
|-damage|p2a: Blastoise|104\/362
|move|p2a: Blastoise|Dragon Tail|p1a: Kingdra
|-supereffective|p1a: Kingdra
|-damage|p1a: Kingdra|220\/341
|drag|p1a: Gligar|Gligar, F|334\/334
|
|-heal|p2a: Blastoise|126\/362|[from] item: Leftovers
|turn|7
|callback|decision
|
|move|p1a: Gligar|U-turn|p2a: Blastoise
|-damage|p2a: Blastoise|95\/362
|callback|decision
|
|switch|p1a: Kingdra|Kingdra, F|220\/341
|move|p2a: Blastoise|Ice Beam|p1a: Kingdra
|-damage|p1a: Kingdra|148\/341
|
|-heal|p1a: Kingdra|169\/341|[from] item: Leftovers
|-heal|p2a: Blastoise|117\/362|[from] item: Leftovers
|turn|8
|callback|decision
|
|move|p1a: Kingdra|Substitute|p1a: Kingdra
|-start|p1a: Kingdra|Substitute
|-damage|p1a: Kingdra|84\/341
|move|p2a: Blastoise|Dragon Tail|p1a: Kingdra
|-supereffective|p1a: Kingdra
|-activate|p1a: Kingdra|Substitute|[damage]
|
|-heal|p1a: Kingdra|105\/341|[from] item: Leftovers
|-heal|p2a: Blastoise|139\/362|[from] item: Leftovers
|turn|9
|callback|decision
|
|move|p1a: Kingdra|Dragon Dance|p1a: Kingdra
|-boost|p1a: Kingdra|atk|1
|-boost|p1a: Kingdra|spe|1
|move|p2a: Blastoise|Dragon Tail|p1a: Kingdra
|-supereffective|p1a: Kingdra
|-end|p1a: Kingdra|Substitute
|
|-heal|p1a: Kingdra|126\/341|[from] item: Leftovers
|-heal|p2a: Blastoise|161\/362|[from] item: Leftovers
|turn|10
|callback|decision
|
|move|p1a: Kingdra|Substitute|p1a: Kingdra
|-start|p1a: Kingdra|Substitute
|-damage|p1a: Kingdra|41\/341
|move|p2a: Blastoise|Dragon Tail|p1a: Kingdra
|-supereffective|p1a: Kingdra
|-activate|p1a: Kingdra|Substitute|[damage]
|
|-heal|p1a: Kingdra|62\/341|[from] item: Leftovers
|-heal|p2a: Blastoise|183\/362|[from] item: Leftovers
|turn|11
|callback|decision
|
|move|p1a: Kingdra|Outrage|p2a: Blastoise
|-damage|p2a: Blastoise|47\/362
|move|p2a: Blastoise|Dragon Tail|p1a: Kingdra
|-supereffective|p1a: Kingdra
|-end|p1a: Kingdra|Substitute
|
|-heal|p1a: Kingdra|83\/341|[from] item: Leftovers
|-heal|p2a: Blastoise|69\/362|[from] item: Leftovers
|turn|12
|callback|decision
|
|switch|p2a: Cresselia|Cresselia, F, shiny|444\/444
|move|p1a: Kingdra|Outrage|p2a: Cresselia
|-damage|p2a: Cresselia|324\/444
|
|-end|p1a: Kingdra|rampage
|-start|p1a: Kingdra|confusion
|-heal|p1a: Kingdra|104\/341|[from] item: Leftovers
|turn|13
|callback|decision
|
|switch|p1a: Heracross|Heracross, M|301\/301
|move|p2a: Cresselia|Sunny Day|p2a: Cresselia
|-weather|SunnyDay
|
|-weather|SunnyDay|[upkeep]
|turn|14
|callback|decision
|
|switch|p2a: Arcanine|Arcanine, M|369\/369
|-ability|p2a: Arcanine|Intimidate|[of] p1a: Heracross
|-unboost|p1a: Heracross|atk|1
|move|p1a: Heracross|Megahorn|p2a: Arcanine
|-resisted|p2a: Arcanine
|-damage|p2a: Arcanine|233\/369
|
|-weather|SunnyDay|[upkeep]
|-heal|p2a: Arcanine|256\/369|[from] item: Leftovers
|turn|15
|callback|decision
|
|switch|p1a: Gligar|Gligar, F|334\/334
|move|p2a: Arcanine|Fire Blast|p1a: Gligar
|-damage|p1a: Gligar|49\/334
|
|-weather|SunnyDay|[upkeep]
|-heal|p2a: Arcanine|279\/369|[from] item: Leftovers
|turn|16
|callback|decision
|
|switch|p1a: Kingdra|Kingdra, F|104\/341
|move|p2a: Arcanine|Fire Blast|p1a: Kingdra
|-resisted|p1a: Kingdra
|-damage|p1a: Kingdra|28\/341
|
|-weather|SunnyDay|[upkeep]
|-heal|p1a: Kingdra|49\/341|[from] item: Leftovers
|-heal|p2a: Arcanine|302\/369|[from] item: Leftovers
|turn|17
|callback|decision
|
|move|p1a: Kingdra|Outrage|p2a: Arcanine
|-damage|p2a: Arcanine|142\/369
|move|p2a: Arcanine|SolarBeam|p1a: Kingdra|[still]
|-prepare|p2a: Arcanine|SolarBeam|p1a: Kingdra
|-anim|p2a: Arcanine|SolarBeam|p1a: Kingdra
|-damage|p1a: Kingdra|0 fnt
|faint|p1a: Kingdra
|
|-weather|SunnyDay|[upkeep]
|-heal|p2a: Arcanine|165\/369|[from] item: Leftovers
|callback|decision
|
|switch|p1a: Heracross|Heracross, M|301\/301
|turn|18
|callback|decision
|
|switch|p2a: Blastoise|Blastoise, M|69\/362
|move|p1a: Heracross|Megahorn|p2a: Blastoise
|-damage|p2a: Blastoise|0 fnt
|faint|p2a: Blastoise
|
|-weather|SunnyDay|[upkeep]
|callback|decision
|
|switch|p2a: Arcanine|Arcanine, M|165\/369
|-ability|p2a: Arcanine|Intimidate|[of] p1a: Heracross
|-unboost|p1a: Heracross|atk|1
|turn|19
|callback|decision
|
|switch|p1a: Umbreon|Umbreon, M|394\/394
|move|p2a: Arcanine|Morning Sun|p2a: Arcanine
|-heal|p2a: Arcanine|369\/369
|
|-weather|SunnyDay|[upkeep]
|turn|20
|callback|decision
|
|move|p2a: Arcanine|Fire Blast|p1a: Umbreon
|-damage|p1a: Umbreon|225\/394
|move|p1a: Umbreon|Baton Pass|p1a: Umbreon
|callback|decision
|
|switch|p1a: Heracross|Heracross, M|301\/301
|
|-weather|none
|turn|21
|callback|decision
|
|move|p1a: Heracross|Close Combat|p2a: Arcanine
|-damage|p2a: Arcanine|0 fnt
|-unboost|p1a: Heracross|def|1
|-unboost|p1a: Heracross|spd|1
|faint|p2a: Arcanine
|
|callback|decision
|
|switch|p2a: Cresselia|Cresselia, F, shiny|324\/444
|turn|22
|callback|decision
|
|switch|p1a: Mienshao|Mienshao, M|271\/271
|move|p2a: Cresselia|Sunny Day|p2a: Cresselia
|-weather|SunnyDay
|
|-weather|SunnyDay|[upkeep]
|turn|23
|callback|decision
|
|move|p1a: Mienshao|U-turn|p2a: Cresselia
|-supereffective|p2a: Cresselia
|-damage|p2a: Cresselia|226\/444
|callback|decision
|
|switch|p1a: Gligar|Gligar, F|49\/334
|move|p2a: Cresselia|Psychic|p1a: Gligar
|-damage|p1a: Gligar|0 fnt
|faint|p1a: Gligar
|
|-weather|SunnyDay|[upkeep]
|callback|decision
|
|switch|p1a: Heracross|Heracross, M|301\/301
|turn|24
|callback|decision
|
|move|p1a: Heracross|Megahorn|p2a: Cresselia
|-supereffective|p2a: Cresselia
|-damage|p2a: Cresselia|0 fnt
|faint|p2a: Cresselia
|
|-weather|SunnyDay|[upkeep]
|callback|decision
|
|switch|p2a: Snorlax|Snorlax, M|481\/481
|turn|25
|callback|decision
|
|move|p1a: Heracross|Megahorn|p2a: Snorlax|[miss]
|-miss|p1a: Heracross|p2a: Snorlax
|move|p2a: Snorlax|Fire Punch|p1a: Heracross
|-supereffective|p1a: Heracross
|-damage|p1a: Heracross|0 fnt
|faint|p1a: Heracross
|
|-weather|SunnyDay|[upkeep]
|callback|decision
|
|switch|p1a: Mienshao|Mienshao, M|271\/271
|turn|26
|callback|decision
|
|move|p1a: Mienshao|Hi Jump Kick|p2a: Snorlax
|-supereffective|p2a: Snorlax
|-damage|p2a: Snorlax|0 fnt
|faint|p2a: Snorlax
|
|-weather|SunnyDay|[upkeep]
|callback|decision
|
|switch|p2a: Victini|Victini, shiny|341\/341
|turn|27
|callback|decision
|
|switch|p1a: Umbreon|Umbreon, M|225\/394
|move|p2a: Victini|V-create|p1a: Umbreon
|-damage|p1a: Umbreon|0 fnt
|-unboost|p2a: Victini|def|1
|-unboost|p2a: Victini|spd|1
|-unboost|p2a: Victini|spe|1
|faint|p1a: Umbreon
|
|-weather|SunnyDay|[upkeep]
|callback|decision
|
|switch|p1a: Mienshao|Mienshao, M|271\/271
|turn|28
|callback|decision
|
|move|p1a: Mienshao|U-turn|p2a: Victini
|-damage|p2a: Victini|215\/341
|callback|decision
|
|switch|p1a: Empoleon|Empoleon, F|309\/309
|move|p2a: Victini|V-create|p1a: Empoleon
|-damage|p1a: Empoleon|0 fnt
|-unboost|p2a: Victini|def|1
|-unboost|p2a: Victini|spd|1
|-unboost|p2a: Victini|spe|1
|faint|p1a: Empoleon
|
|-weather|SunnyDay|[upkeep]
|callback|decision
|
|switch|p1a: Mienshao|Mienshao, M|271\/271
|turn|29
|callback|decision
|
|switch|p2a: Lilligant|Lilligant, F, shiny|281\/281
|move|p1a: Mienshao|Hi Jump Kick|p2a: Lilligant|[miss]
|-miss|p1a: Mienshao|p2a: Lilligant
|-damage|p1a: Mienshao|136\/271|[from] hijumpkick
|
|-weather|none
|turn|30
|callback|decision
|chat|Godsend|gg
|
|move|p1a: Mienshao|Hi Jump Kick|p2a: Lilligant
|-damage|p2a: Lilligant|0 fnt
|faint|p2a: Lilligant
|
|callback|decision
|
|switch|p2a: Victini|Victini, shiny|215\/341
|turn|31
|callback|decision
|
|move|p1a: Mienshao|Hi Jump Kick|p2a: Victini
|-resisted|p2a: Victini
|-damage|p2a: Victini|74\/341
|move|p2a: Victini|V-create|p1a: Mienshao
|-damage|p1a: Mienshao|0 fnt
|-unboost|p2a: Victini|def|1
|-unboost|p2a: Victini|spd|1
|-unboost|p2a: Victini|spe|1
|faint|p1a: Mienshao
|
|win|RotomFury
|raw|Ladder updating...
|raw|Godsend's rating: 1891 &rarr; <strong>1874<\/strong><br \/>(-17 for losing)
|raw|RotomFury's rating: 1504 &rarr; <strong>1534<\/strong><br \/>(+30 for winning)
|chat|RotomFury|gg
|leave|Godsend
|player|p1