|join|FelixE
|join|RubyRobin
|player|p1|FelixE|28
|player|p2|RubyRobin|134
|gametype|singles
|gen|6
|tier|OU
|rated
|clearpoke
|poke|p1|Cresselia, F
|poke|p1|Blissey, F
|poke|p1|Landorus-Therian, M
|poke|p1|Venusaur, F
|poke|p1|Rotom-Wash
|poke|p1|Heatran, F
|poke|p2|Togekiss, M
|poke|p2|Heatran, M
|poke|p2|Rotom-Wash
|poke|p2|Scizor, M
|poke|p2|Venusaur, M, shiny
|poke|p2|Garchomp, M
|rule|Sleep Clause Mod: Limit one foe put to sleep
|rule|Species Clause: Limit one of each Pokemon
|rule|OHKO Clause: OHKO moves are banned
|rule|Moody Clause: Moody is banned
|rule|Evasion Moves Clause: Evasion moves are banned
|rule|Endless Battle Clause: Forcing endless battles is banned.
|rule|HP Percentage Mod: HP is reported as percentages
|teampreview
|
|start
|switch|p1a: Shady|Landorus-Therian, M|382\/382
|switch|p2a: Rotom-Wash|Rotom-Wash|299\/299
|-ability|p1a: Shady|Intimidate|[of] p2a: Rotom-Wash
|-unboost|p2a: Rotom-Wash|atk|1
|turn|1
|
|move|p2a: Rotom-Wash|Trick|p1a: Shady
|-activate|p2a: Rotom-Wash|move: Trick|[of] p1a: Shady
|-item|p1a: Shady|Choice Specs|[from] move: Trick
|-item|p2a: Rotom-Wash|Assault Vest|[from] move: Trick
|move|p1a: Shady|U-turn|p2a: Rotom-Wash
|-damage|p2a: Rotom-Wash|212\/299
|
|switch|p1a: Bulbapedia|Venusaur, F|364\/364
|
|turn|2
|
|-formechange|p1a: Bulbapedia|Venusaur-Mega
|message|Venusaur has Mega Evolved into Mega Venusaur!
|move|p2a: Rotom-Wash|Volt Switch|p1a: Bulbapedia
|-resisted|p1a: Bulbapedia
|-damage|p1a: Bulbapedia|323\/364
|
|switch|p2a: Heatran|Heatran, M|386\/386
|move|p1a: Bulbapedia|Leech Seed|p2a: Heatran
|-start|p2a: Heatran|move: Leech Seed
|
|-damage|p2a: Heatran|338\/386|[from] Leech Seed|[of] p1a: Bulbapedia
|-heal|p1a: Bulbapedia|364\/364|[silent]
|turn|3
|
|switch|p2a: Venusaur|Venusaur, M, shiny|364\/364
|switch|p1a: Onyx|Heatran, F|386\/386
|-item|p1a: Onyx|Air Balloon
|
|turn|4
|
|switch|p2a: Rotom-Wash|Rotom-Wash|212\/299
|move|p1a: Onyx|Earth Power|p2a: Rotom-Wash
|-immune|p2a: Rotom-Wash|[msg]
|
|turn|5
|
|switch|p1a: Queen B|Blissey, F|714\/714
|move|p2a: Rotom-Wash|Volt Switch|p1a: Queen B
|-damage|p1a: Queen B|636\/714
|
|switch|p2a: Scizor|Scizor, M|344\/344
|
|-heal|p1a: Queen B|680\/714|[from] item: Leftovers
|turn|6
|
|move|p2a: Scizor|U-turn|p1a: Queen B
|-damage|p1a: Queen B|322\/714
|
|switch|p2a: Heatran|Heatran, M|338\/386
|move|p1a: Queen B|Seismic Toss|p2a: Heatran
|-damage|p2a: Heatran|238\/386
|
|-heal|p2a: Heatran|262\/386|[from] item: Leftovers
|-heal|p1a: Queen B|366\/714|[from] item: Leftovers
|turn|7
|
|move|p2a: Heatran|Toxic|p1a: Queen B
|-status|p1a: Queen B|tox
|move|p1a: Queen B|Wish|p1a: Queen B
|
|-heal|p2a: Heatran|286\/386|[from] item: Leftovers
|-heal|p1a: Queen B|410\/714 tox|[from] item: Leftovers
|-damage|p1a: Queen B|366\/714 tox|[from] psn
|turn|8
|
|switch|p2a: Rotom-Wash|Rotom-Wash|212\/299
|move|p1a: Queen B|Seismic Toss|p2a: Rotom-Wash
|-damage|p2a: Rotom-Wash|112\/299
|
|-heal|p1a: Queen B|714\/714 tox|[from] move: Wish|[wisher] Queen B
|-damage|p1a: Queen B|626\/714 tox|[from] psn
|turn|9
|
|move|p2a: Rotom-Wash|Volt Switch|p1a: Queen B
|-damage|p1a: Queen B|548\/714 tox
|
|switch|p2a: Scizor|Scizor, M|344\/344
|move|p1a: Queen B|Seismic Toss|p2a: Scizor
|-damage|p2a: Scizor|244\/344
|
|-heal|p1a: Queen B|592\/714 tox|[from] item: Leftovers
|-damage|p1a: Queen B|460\/714 tox|[from] psn
|turn|10
|
|switch|p1a: Gamma|Cresselia, F|432\/432
|move|p2a: Scizor|Superpower|p1a: Gamma
|-resisted|p1a: Gamma
|-damage|p1a: Gamma|350\/432
|-unboost|p2a: Scizor|atk|1
|-unboost|p2a: Scizor|def|1
|
|-heal|p1a: Gamma|377\/432|[from] item: Leftovers
|turn|11
|
|switch|p2a: Rotom-Wash|Rotom-Wash|112\/299
|move|p1a: Gamma|Thunder Wave|p2a: Rotom-Wash
|-fail|p2a: Rotom-Wash
|
|-heal|p1a: Gamma|404\/432|[from] item: Leftovers
|turn|12
|
|move|p2a: Rotom-Wash|Volt Switch|p1a: Gamma
|-damage|p1a: Gamma|320\/432
|
|switch|p2a: Garchomp|Garchomp, M|358\/358
|move|p1a: Gamma|Psyshock|p2a: Garchomp
|-damage|p2a: Garchomp|255\/358
|
|-heal|p2a: Garchomp|277\/358|[from] item: Leftovers
|-heal|p1a: Gamma|347\/432|[from] item: Leftovers
|turn|13
|
|move|p2a: Garchomp|Substitute|p2a: Garchomp
|-start|p2a: Garchomp|Substitute
|-damage|p2a: Garchomp|188\/358
|move|p1a: Gamma|Ice Beam|p2a: Garchomp
|-supereffective|p2a: Garchomp
|-end|p2a: Garchomp|Substitute
|
|-heal|p2a: Garchomp|210\/358|[from] item: Leftovers
|-heal|p1a: Gamma|374\/432|[from] item: Leftovers
|turn|14
|
|switch|p2a: Heatran|Heatran, M|286\/386
|move|p1a: Gamma|Ice Beam|p2a: Heatran
|-resisted|p2a: Heatran
|-damage|p2a: Heatran|273\/386
|
|-heal|p1a: Gamma|401\/432|[from] item: Leftovers
|-heal|p2a: Heatran|297\/386|[from] item: Leftovers
|turn|15
|
|move|p1a: Gamma|Thunder Wave|p2a: Heatran
|-status|p2a: Heatran|par
|move|p2a: Heatran|Roar|p1a: Gamma
|drag|p1a: Queen B|Blissey, F|460\/714
|
|-heal|p1a: Queen B|504\/714|[from] item: Leftovers
|-heal|p2a: Heatran|321\/386 par|[from] item: Leftovers
|turn|16
|
|move|p1a: Queen B|Seismic Toss|p2a: Heatran
|-damage|p2a: Heatran|221\/386 par
|move|p2a: Heatran|Toxic|p1a: Queen B
|-status|p1a: Queen B|tox
|
|-heal|p1a: Queen B|548\/714 tox|[from] item: Leftovers
|-heal|p2a: Heatran|245\/386 par|[from] item: Leftovers
|-damage|p1a: Queen B|504\/714 tox|[from] psn
|turn|17
|
|move|p1a: Queen B|Toxic|p2a: Heatran
|-fail|p2a: Heatran
|move|p2a: Heatran|Lava Plume|p1a: Queen B
|-damage|p1a: Queen B|408\/714 tox
|
|-heal|p1a: Queen B|452\/714 tox|[from] item: Leftovers
|-heal|p2a: Heatran|269\/386 par|[from] item: Leftovers
|-damage|p1a: Queen B|364\/714 tox|[from] psn
|turn|18
|
|move|p1a: Queen B|Wish|p1a: Queen B
|move|p2a: Heatran|Ancient Power|p1a: Queen B
|-damage|p1a: Queen B|317\/714 tox
|
|-heal|p1a: Queen B|361\/714 tox|[from] item: Leftovers
|-heal|p2a: Heatran|293\/386 par|[from] item: Leftovers
|-damage|p1a: Queen B|229\/714 tox|[from] psn
|turn|19
|
|switch|p1a: Onyx|Heatran, F|386\/386
|-item|p1a: Onyx|Air Balloon
|move|p2a: Heatran|Lava Plume|p1a: Onyx
|-start|p1a: Onyx|ability: Flash Fire
|
|-heal|p2a: Heatran|317\/386 par|[from] item: Leftovers
|turn|20
|
|move|p1a: Onyx|Stealth Rock|p2a: Heatran
|-sidestart|p2: RubyRobin|move: Stealth Rock
|move|p2a: Heatran|Ancient Power|p1a: Onyx
|-damage|p1a: Onyx|333\/386
|-enditem|p1a: Onyx|Air Balloon
|
|-heal|p2a: Heatran|341\/386 par|[from] item: Leftovers
|turn|21
|
|switch|p2a: Garchomp|Garchomp, M|210\/358
|-damage|p2a: Garchomp|188\/358|[from] Stealth Rock
|move|p1a: Onyx|Earth Power|p2a: Garchomp
|-damage|p2a: Garchomp|51\/358
|
|-heal|p2a: Garchomp|73\/358|[from] item: Leftovers
|turn|22
|
|switch|p1a: Shady|Landorus-Therian, M|382\/382
|-ability|p1a: Shady|Intimidate|[of] p2a: Garchomp
|-unboost|p2a: Garchomp|atk|1
|move|p2a: Garchomp|Swords Dance|p2a: Garchomp
|-boost|p2a: Garchomp|atk|2
|
|-heal|p2a: Garchomp|95\/358|[from] item: Leftovers
|turn|23
|
|move|p2a: Garchomp|Dragon Claw|p1a: Shady
|-damage|p1a: Shady|150\/382
|move|p1a: Shady|Earthquake|p2a: Garchomp
|-damage|p2a: Garchomp|0 fnt
|faint|p2a: Garchomp
|
|
|switch|p2a: Rotom-Wash|Rotom-Wash|112\/299
|-damage|p2a: Rotom-Wash|75\/299|[from] Stealth Rock
|turn|24
|
|switch|p1a: Queen B|Blissey, F|229\/714
|move|p2a: Rotom-Wash|Volt Switch|p1a: Queen B
|-damage|p1a: Queen B|156\/714
|
|switch|p2a: Scizor|Scizor, M|244\/344
|-damage|p2a: Scizor|201\/344|[from] Stealth Rock
|
|-heal|p1a: Queen B|200\/714|[from] item: Leftovers
|turn|25
|
|move|p1a: Queen B|Protect|p1a: Queen B
|-singleturn|p1a: Queen B|Protect
|move|p2a: Scizor|U-turn|p1a: Queen B
|-activate|p1a: Queen B|Protect
|
|-heal|p1a: Queen B|244\/714|[from] item: Leftovers
|turn|26
|
|move|p2a: Scizor|U-turn|p1a: Queen B
|-damage|p1a: Queen B|0 fnt
|faint|p1a: Queen B
|
|switch|p2a: Rotom-Wash|Rotom-Wash|75\/299
|-damage|p2a: Rotom-Wash|38\/299|[from] Stealth Rock
|
|
|switch|p1a: Gamma|Cresselia, F|401\/432
|turn|27
|
|move|p2a: Rotom-Wash|Hydro Pump|p1a: Gamma|[miss]
|-miss|p2a: Rotom-Wash|p1a: Gamma
|move|p1a: Gamma|Psyshock|p2a: Rotom-Wash
|-damage|p2a: Rotom-Wash|0 fnt
|faint|p2a: Rotom-Wash
|
|-heal|p1a: Gamma|428\/432|[from] item: Leftovers
|
|switch|p2a: Scizor|Scizor, M|201\/344
|-damage|p2a: Scizor|158\/344|[from] Stealth Rock
|turn|28
|
|move|p2a: Scizor|Pursuit|p1a: Gamma|[from]Pursuit
|-supereffective|p1a: Gamma
|-damage|p1a: Gamma|196\/432
|switch|p1a: Onyx|Heatran, F|333\/386
|
|turn|29
|
|switch|p2a: Heatran|Heatran, M|341\/386 par
|-damage|p2a: Heatran|293\/386 par|[from] Stealth Rock
|move|p1a: Onyx|Flamethrower|p2a: Heatran
|-start|p2a: Heatran|ability: Flash Fire
|
|-heal|p2a: Heatran|317\/386 par|[from] item: Leftovers
|turn|30
|
|switch|p2a: Togekiss|Togekiss, M|374\/374
|-damage|p2a: Togekiss|281\/374|[from] Stealth Rock
|move|p1a: Onyx|Earth Power|p2a: Togekiss
|-immune|p2a: Togekiss|[msg]
|
|-heal|p2a: Togekiss|304\/374|[from] item: Leftovers
|turn|31
|
|move|p2a: Togekiss|Thunder Wave|p1a: Onyx
|-status|p1a: Onyx|par
|move|p1a: Onyx|Flamethrower|p2a: Togekiss
|-damage|p2a: Togekiss|156\/374
|
|-heal|p2a: Togekiss|179\/374|[from] item: Leftovers
|turn|32
|
|switch|p1a: Gamma|Cresselia, F|196\/432
|move|p2a: Togekiss|Heal Bell|p2a: Togekiss
|-cureteam|p2a: Togekiss|[from] move: HealBell
|
|-heal|p1a: Gamma|223\/432|[from] item: Leftovers
|-heal|p2a: Togekiss|202\/374|[from] item: Leftovers
|turn|33
|
|move|p1a: Gamma|Thunder Wave|p2a: Togekiss
|-status|p2a: Togekiss|par
|move|p2a: Togekiss|Thunder Wave|p1a: Gamma
|-status|p1a: Gamma|par
|
|-heal|p1a: Gamma|250\/432 par|[from] item: Leftovers
|-heal|p2a: Togekiss|225\/374 par|[from] item: Leftovers
|turn|34
|
|move|p1a: Gamma|Ice Beam|p2a: Togekiss
|-supereffective|p2a: Togekiss
|-damage|p2a: Togekiss|117\/374 par
|cant|p2a: Togekiss|par
|
|-heal|p1a: Gamma|277\/432 par|[from] item: Leftovers
|-heal|p2a: Togekiss|140\/374 par|[from] item: Leftovers
|turn|35
|
|move|p1a: Gamma|Psyshock|p2a: Togekiss
|-damage|p2a: Togekiss|58\/374 par
|move|p2a: Togekiss|Heal Bell|p2a: Togekiss
|-cureteam|p2a: Togekiss|[from] move: HealBell
|
|-heal|p2a: Togekiss|81\/374|[from] item: Leftovers
|-heal|p1a: Gamma|304\/432 par|[from] item: Leftovers
|turn|36
|
|move|p2a: Togekiss|Roost|p2a: Togekiss
|-heal|p2a: Togekiss|268\/374
|move|p1a: Gamma|Ice Beam|p2a: Togekiss
|-damage|p2a: Togekiss|215\/374
|
|-heal|p2a: Togekiss|238\/374|[from] item: Leftovers
|-heal|p1a: Gamma|331\/432 par|[from] item: Leftovers
|turn|37
|
|switch|p1a: Bulbapedia|Venusaur, F|364\/364
|-formechange|p1a: Bulbapedia|Venusaur-Mega
|move|p2a: Togekiss|Air Slash|p1a: Bulbapedia
|-crit|p1a: Bulbapedia
|-supereffective|p1a: Bulbapedia
|-damage|p1a: Bulbapedia|112\/364
|
|-heal|p2a: Togekiss|261\/374|[from] item: Leftovers
|turn|38
|
|switch|p1a: Shady|Landorus-Therian, M|150\/382
|-ability|p1a: Shady|Intimidate|[of] p2a: Togekiss
|-unboost|p2a: Togekiss|atk|1
|move|p2a: Togekiss|Air Slash|p1a: Shady
|-damage|p1a: Shady|27\/382
|
|-heal|p2a: Togekiss|284\/374|[from] item: Leftovers
|turn|39
|
|move|p1a: Shady|Knock Off|p2a: Togekiss
|-resisted|p2a: Togekiss
|-damage|p2a: Togekiss|225\/374
|-enditem|p2a: Togekiss|Leftovers|[from] move: Knock Off|[of] p1a: Shady
|move|p2a: Togekiss|Air Slash|p1a: Shady
|-damage|p1a: Shady|0 fnt
|faint|p1a: Shady
|
|
|switch|p1a: Dynamo|Rotom-Wash|262\/262
|turn|40
|
|switch|p2a: Venusaur|Venusaur, M, shiny|364\/364
|-damage|p2a: Venusaur|319\/364|[from] Stealth Rock
|move|p1a: Dynamo|Volt Switch|p2a: Venusaur
|-resisted|p2a: Venusaur
|-damage|p2a: Venusaur|253\/364
|
|switch|p1a: Gamma|Cresselia, F|331\/432 par
|
|-heal|p1a: Gamma|358\/432 par|[from] item: Leftovers
|turn|41
|
|-formechange|p2a: Venusaur|Venusaur-Mega
|message|Venusaur has Mega Evolved into Mega Venusaur!
|move|p2a: Venusaur|Giga Drain|p1a: Gamma
|-damage|p1a: Gamma|237\/432 par
|-heal|p2a: Venusaur|314\/364|[from] drain|[of] p1a: Gamma
|move|p1a: Gamma|Psyshock|p2a: Venusaur
|-supereffective|p2a: Venusaur
|-damage|p2a: Venusaur|164\/364
|
|-heal|p1a: Gamma|264\/432 par|[from] item: Leftovers
|turn|42
|
|move|p2a: Venusaur|Synthesis|p2a: Venusaur
|-heal|p2a: Venusaur|346\/364
|move|p1a: Gamma|Thunder Wave|p2a: Venusaur
|-status|p2a: Venusaur|par
|
|-heal|p1a: Gamma|291\/432 par|[from] item: Leftovers
|turn|43
|
|cant|p1a: Gamma|par
|move|p2a: Venusaur|Sludge Bomb|p1a: Gamma
|-damage|p1a: Gamma|168\/432 par
|
|-heal|p1a: Gamma|195\/432 par|[from] item: Leftovers
|turn|44
|
|switch|p2a: Togekiss|Togekiss, M|225\/374
|-damage|p2a: Togekiss|132\/374|[from] Stealth Rock
|move|p1a: Gamma|Psyshock|p2a: Togekiss
|-damage|p2a: Togekiss|54\/374
|
|-heal|p1a: Gamma|222\/432 par|[from] item: Leftovers
|turn|45
|
|switch|p1a: Dynamo|Rotom-Wash|262\/262
|move|p2a: Togekiss|Roost|p2a: Togekiss
|-heal|p2a: Togekiss|241\/374
|
|turn|46
|
|switch|p2a: Venusaur|Venusaur, M, shiny|346\/364 par
|-formechange|p2a: Venusaur|Venusaur-Mega
|-damage|p2a: Venusaur|301\/364 par|[from] Stealth Rock
|move|p1a: Dynamo|Volt Switch|p2a: Venusaur
|-crit|p2a: Venusaur
|-resisted|p2a: Venusaur
|-damage|p2a: Venusaur|206\/364 par
|
|switch|p1a: Onyx|Heatran, F|333\/386 par
|
|turn|47
|
|move|p2a: Venusaur|Synthesis|p2a: Venusaur
|-heal|p2a: Venusaur|364\/364 par
|cant|p1a: Onyx|par
|
|turn|48
|
|move|p2a: Venusaur|Giga Drain|p1a: Onyx
|-resisted|p1a: Onyx
|-damage|p1a: Onyx|300\/386 par
|cant|p1a: Onyx|par
|
|turn|49
|
|move|p2a: Venusaur|Giga Drain|p1a: Onyx
|-resisted|p1a: Onyx
|-damage|p1a: Onyx|265\/386 par
|move|p1a: Onyx|Earth Power|p2a: Venusaur
|-damage|p2a: Venusaur|255\/364 par
|
|turn|50
|
|move|p2a: Venusaur|Giga Drain|p1a: Onyx
|-resisted|p1a: Onyx
|-damage|p1a: Onyx|232\/386 par
|-heal|p2a: Venusaur|272\/364 par|[from] drain|[of] p1a: Onyx
|move|p1a: Onyx|Flamethrower|p2a: Venusaur
|-supereffective|p2a: Venusaur
|-damage|p2a: Venusaur|126\/364 par
|
|turn|51
|
|move|p2a: Venusaur|Synthesis|p2a: Venusaur
|-heal|p2a: Venusaur|308\/364 par
|move|p1a: Onyx|Flamethrower|p2a: Venusaur
|-crit|p2a: Venusaur
|-supereffective|p2a: Venusaur
|-damage|p2a: Venusaur|86\/364 par
|
|turn|52
|
|move|p2a: Venusaur|Synthesis|p2a: Venusaur
|-heal|p2a: Venusaur|268\/364 par
|cant|p1a: Onyx|par
|
|turn|53
|
|move|p2a: Venusaur|Giga Drain|p1a: Onyx
|-resisted|p1a: Onyx
|-damage|p1a: Onyx|197\/386 par
|-heal|p2a: Venusaur|286\/364 par|[from] drain|[of] p1a: Onyx
|move|p1a: Onyx|Earth Power|p2a: Venusaur
|-damage|p2a: Venusaur|192\/364 par
|
|turn|54
|
|move|p2a: Venusaur|Giga Drain|p1a: Onyx
|-resisted|p1a: Onyx
|-damage|p1a: Onyx|164\/386 par
|-heal|p2a: Venusaur|209\/364 par|[from] drain|[of] p1a: Onyx
|move|p1a: Onyx|Flamethrower|p2a: Venusaur
|-supereffective|p2a: Venusaur
|-damage|p2a: Venusaur|69\/364 par
|
|turn|55
|
|move|p2a: Venusaur|Synthesis|p2a: Venusaur
|-heal|p2a: Venusaur|251\/364 par
|cant|p1a: Onyx|par
|
|turn|56
|
|cant|p2a: Venusaur|par
|cant|p1a: Onyx|par
|
|turn|57
|
|move|p2a: Venusaur|Giga Drain|p1a: Onyx
|-resisted|p1a: Onyx
|-damage|p1a: Onyx|129\/386 par
|-heal|p2a: Venusaur|269\/364 par|[from] drain|[of] p1a: Onyx
|cant|p1a: Onyx|par
|
|turn|58
|
|cant|p2a: Venusaur|par
|move|p1a: Onyx|Flamethrower|p2a: Venusaur
|-supereffective|p2a: Venusaur
|-damage|p2a: Venusaur|129\/364 par
|
|turn|59
|
|switch|p1a: Bulbapedia|Venusaur, F|112\/364
|-formechange|p1a: Bulbapedia|Venusaur-Mega
|move|p2a: Venusaur|Giga Drain|p1a: Bulbapedia
|-resisted|p1a: Bulbapedia
|-damage|p1a: Bulbapedia|82\/364
|-heal|p2a: Venusaur|144\/364 par|[from] drain|[of] p1a: Bulbapedia
|
|turn|60
|
|switch|p2a: Heatran|Heatran, M|317\/386
|-damage|p2a: Heatran|269\/386|[from] Stealth Rock
|move|p1a: Bulbapedia|Synthesis|p1a: Bulbapedia
|-heal|p1a: Bulbapedia|264\/364
|
|-heal|p2a: Heatran|293\/386|[from] item: Leftovers
|turn|61
|
|switch|p1a: Onyx|Heatran, F|129\/386 par
|move|p2a: Heatran|Lava Plume|p1a: Onyx
|-start|p1a: Onyx|ability: Flash Fire
|
|-heal|p2a: Heatran|317\/386|[from] item: Leftovers
|turn|62
|
|move|p2a: Heatran|Ancient Power|p1a: Onyx
|-damage|p1a: Onyx|70\/386 par
|move|p1a: Onyx|Earth Power|p2a: Heatran
|-crit|p2a: Heatran
|-supereffective|p2a: Heatran
|-damage|p2a: Heatran|0 fnt
|faint|p2a: Heatran
|
|
|switch|p2a: Togekiss|Togekiss, M|241\/374
|-damage|p2a: Togekiss|148\/374|[from] Stealth Rock
|turn|63
|
|move|p2a: Togekiss|Roost|p2a: Togekiss
|-heal|p2a: Togekiss|335\/374
|move|p1a: Onyx|Flamethrower|p2a: Togekiss
|-damage|p2a: Togekiss|124\/374
|
|turn|64
|
|move|p2a: Togekiss|Air Slash|p1a: Onyx
|-resisted|p1a: Onyx
|-damage|p1a: Onyx|22\/386 par
|cant|p1a: Onyx|par
|
|turn|65
|
|move|p2a: Togekiss|Roost|p2a: Togekiss
|-heal|p2a: Togekiss|311\/374
|move|p1a: Onyx|Flamethrower|p2a: Togekiss
|-damage|p2a: Togekiss|103\/374
|
|turn|66
|
|move|p2a: Togekiss|Roost|p2a: Togekiss
|-heal|p2a: Togekiss|290\/374
|cant|p1a: Onyx|par
|
|turn|67
|
|move|p2a: Togekiss|Air Slash|p1a: Onyx
|-resisted|p1a: Onyx
|-damage|p1a: Onyx|0 fnt
|faint|p1a: Onyx
|
|
|switch|p1a: Dynamo|Rotom-Wash|262\/262
|turn|68
|
|move|p1a: Dynamo|Volt Switch|p2a: Togekiss
|-supereffective|p2a: Togekiss
|-damage|p2a: Togekiss|56\/374
|
|switch|p1a: Bulbapedia|Venusaur, F|264\/364
|-formechange|p1a: Bulbapedia|Venusaur-Mega
|move|p2a: Togekiss|Heal Bell|p2a: Togekiss
|-cureteam|p2a: Togekiss|[from] move: HealBell
|
|turn|69
|
|switch|p1a: Dynamo|Rotom-Wash|262\/262
|move|p2a: Togekiss|Thunder Wave|p1a: Dynamo
|-fail|p1a: Dynamo
|
|turn|70
|
|move|p1a: Dynamo|Volt Switch|p2a: Togekiss
|-supereffective|p2a: Togekiss
|-damage|p2a: Togekiss|0 fnt
|faint|p2a: Togekiss
|
|switch|p1a: Bulbapedia|Venusaur, F|264\/364
|-formechange|p1a: Bulbapedia|Venusaur-Mega
|
|
|switch|p2a: Scizor|Scizor, M|158\/344
|-damage|p2a: Scizor|115\/344|[from] Stealth Rock
|turn|71
|
|move|p2a: Scizor|U-turn|p1a: Bulbapedia
|-damage|p1a: Bulbapedia|92\/364
|
|switch|p2a: Venusaur|Venusaur, M, shiny|144\/364
|-formechange|p2a: Venusaur|Venusaur-Mega
|-damage|p2a: Venusaur|99\/364|[from] Stealth Rock
|move|p1a: Bulbapedia|Leech Seed|p2a: Venusaur|[miss]
|-miss|p1a: Bulbapedia|p2a: Venusaur
|
|turn|72
|
|move|p2a: Venusaur|Synthesis|p2a: Venusaur
|-heal|p2a: Venusaur|281\/364
|move|p1a: Bulbapedia|Synthesis|p1a: Bulbapedia
|-heal|p1a: Bulbapedia|274\/364
|
|turn|73
|
|move|p2a: Venusaur|Sludge Bomb|p1a: Bulbapedia
|-damage|p1a: Bulbapedia|138\/364
|move|p1a: Bulbapedia|Sludge Bomb|p2a: Venusaur
|-damage|p2a: Venusaur|179\/364
|
|turn|74
|
|switch|p1a: Gamma|Cresselia, F|222\/432 par
|move|p2a: Venusaur|Sludge Bomb|p1a: Gamma
|-damage|p1a: Gamma|93\/432 par
|
|-heal|p1a: Gamma|120\/432 par|[from] item: Leftovers
|turn|75
|
|move|p2a: Venusaur|Sludge Bomb|p1a: Gamma
|-damage|p1a: Gamma|0 fnt
|faint|p1a: Gamma
|
|
|switch|p1a: Dynamo|Rotom-Wash|262\/262
|turn|76
|
|move|p1a: Dynamo|Signal Beam|p2a: Venusaur
|-damage|p2a: Venusaur|97\/364
|move|p2a: Venusaur|Giga Drain|p1a: Dynamo
|-supereffective|p1a: Dynamo
|-damage|p1a: Dynamo|2\/262
|-heal|p2a: Venusaur|227\/364|[from] drain|[of] p1a: Dynamo
|
|turn|77
|-message|FelixE lost due to inactivity.
|
|win|RubyRobin
|raw|Ladder updating...
|raw|FelixE's rating: 1427 &rarr; <strong>1406<\/strong><br \/>(-21 for losing)
|raw|RubyRobin's rating: 1396 &rarr; <strong>1418<\/strong><br \/>(+22 for winning)