|join|Test Team Brellow
|join|FelixE
|player|p1|Test Team Brellow|30
|player|p2|FelixE|170
|gametype|singles
|gen|6
|tier|OU
|rated
|clearpoke
|poke|p1|Taillow, L1, F
|poke|p1|Pineco, L1, M
|poke|p1|Klefki, F
|poke|p1|Crawdaunt, F
|poke|p1|Scolipede, M
|poke|p1|Espeon, F
|poke|p2|Garchomp, F
|poke|p2|Cresselia, F
|poke|p2|Rotom-Wash
|poke|p2|Landorus-Therian, M
|poke|p2|Heatran, M
|poke|p2|Blissey, F
|rule|Sleep Clause Mod: Limit one foe put to sleep
|rule|Species Clause: Limit one of each Pokemon
|rule|OHKO Clause: OHKO moves are banned
|rule|Moody Clause: Moody is banned
|rule|Evasion Moves Clause: Evasion moves are banned
|rule|Endless Battle Clause: Forcing endless battles is banned.
|rule|HP Percentage Mod: HP is reported as percentages
|teampreview
|
|start
|switch|p1a: Pineco|Pineco, L1, M|12\/12
|switch|p2a: Landorus-Therian|Landorus-Therian, M|320\/320
|-ability|p2a: Landorus-Therian|Intimidate|[of] p1a: Pineco
|-unboost|p1a: Pineco|atk|1
|turn|1
|
|move|p2a: Landorus-Therian|U-turn|p1a: Pineco
|-activate|p1a: Pineco|Sturdy
|-damage|p1a: Pineco|1\/12
|
|switch|p2a: Cresselia|Cresselia, F|444\/444
|-enditem|p1a: Pineco|Berry Juice
|-heal|p1a: Pineco|12\/12|[from] item: Berry Juice
|move|p1a: Pineco|Stealth Rock|p2a: Cresselia
|-sidestart|p2: FelixE|move: Stealth Rock
|
|turn|2
|
|move|p2a: Cresselia|Psyshock|p1a: Pineco
|-activate|p1a: Pineco|Sturdy
|-damage|p1a: Pineco|1\/12
|move|p1a: Pineco|Pain Split|p2a: Cresselia
|-sethp|p2a: Cresselia|222\/444|p1a: Pineco|12\/12|[from] move: Pain Split
|
|-heal|p2a: Cresselia|249\/444|[from] item: Leftovers
|turn|3
|
|move|p2a: Cresselia|Thunder Wave|p1a: Pineco
|-status|p1a: Pineco|par
|move|p1a: Pineco|Pain Split|p2a: Cresselia
|-sethp|p2a: Cresselia|130\/444|p1a: Pineco|12\/12 par|[from] move: Pain Split
|
|-heal|p2a: Cresselia|157\/444|[from] item: Leftovers
|turn|4
|
|move|p2a: Cresselia|Psyshock|p1a: Pineco
|-activate|p1a: Pineco|Sturdy
|-damage|p1a: Pineco|1\/12 par
|move|p1a: Pineco|Toxic|p2a: Cresselia
|-status|p2a: Cresselia|tox
|
|-heal|p2a: Cresselia|184\/444 tox|[from] item: Leftovers
|-damage|p2a: Cresselia|157\/444 tox|[from] psn
|turn|5
|
|move|p2a: Cresselia|Psyshock|p1a: Pineco
|-damage|p1a: Pineco|0 fnt
|faint|p1a: Pineco
|
|-heal|p2a: Cresselia|184\/444 tox|[from] item: Leftovers
|-damage|p2a: Cresselia|130\/444 tox|[from] psn
|
|switch|p1a: Taillow|Taillow, L1, F|12\/12
|turn|6
|
|move|p1a: Taillow|Protect|p1a: Taillow
|-singleturn|p1a: Taillow|Protect
|move|p2a: Cresselia|Ice Beam|p1a: Taillow
|-activate|p1a: Taillow|Protect
|
|-heal|p2a: Cresselia|157\/444 tox|[from] item: Leftovers
|-damage|p2a: Cresselia|76\/444 tox|[from] psn
|turn|7
|
|move|p2a: Cresselia|Moonlight|p2a: Cresselia
|-heal|p2a: Cresselia|298\/444 tox
|move|p1a: Taillow|Endeavor|p2a: Cresselia
|-damage|p2a: Cresselia|12\/444 tox
|
|-heal|p2a: Cresselia|39\/444 tox|[from] item: Leftovers
|-damage|p2a: Cresselia|0 fnt|[from] psn
|faint|p2a: Cresselia
|
|switch|p2a: Garchomp|Garchomp, F|368\/368
|-damage|p2a: Garchomp|345\/368|[from] Stealth Rock
|turn|8
|
|move|p1a: Taillow|Protect|p1a: Taillow
|-singleturn|p1a: Taillow|Protect
|move|p2a: Garchomp|Stealth Rock|p1a: Taillow
|-sidestart|p1: Test Team Brellow|move: Stealth Rock
|
|turn|9
|
|-formechange|p2a: Garchomp|Garchomp-Mega
|message|Garchomp has Mega Evolved into Mega Garchomp!
|move|p2a: Garchomp|Dragon Claw|p1a: Taillow
|-enditem|p1a: Taillow|Focus Sash
|-damage|p1a: Taillow|1\/12
|move|p1a: Taillow|Toxic|p2a: Garchomp
|-status|p2a: Garchomp|tox
|
|-damage|p2a: Garchomp|322\/368 tox|[from] psn
|turn|10
|
|move|p2a: Garchomp|Dragon Claw|p1a: Taillow
|-damage|p1a: Taillow|0 fnt
|faint|p1a: Taillow
|
|-damage|p2a: Garchomp|276\/368 tox|[from] psn
|
|switch|p1a: Crawdaunt|Crawdaunt, F|268\/268
|-damage|p1a: Crawdaunt|235\/268|[from] Stealth Rock
|turn|11
|
|move|p1a: Crawdaunt|Aqua Jet|p2a: Garchomp
|-damage|p2a: Garchomp|192\/368 tox
|move|p2a: Garchomp|Earthquake|p1a: Crawdaunt
|-damage|p1a: Crawdaunt|0 fnt
|faint|p1a: Crawdaunt
|
|-damage|p2a: Garchomp|123\/368 tox|[from] psn
|
|switch|p1a: Scolipede|Scolipede, M|323\/323
|-damage|p1a: Scolipede|243\/323|[from] Stealth Rock
|turn|12
|
|switch|p2a: Landorus-Therian|Landorus-Therian, M|320\/320
|-damage|p2a: Landorus-Therian|280\/320|[from] Stealth Rock
|-ability|p2a: Landorus-Therian|Intimidate|[of] p1a: Scolipede
|-unboost|p1a: Scolipede|atk|1
|move|p1a: Scolipede|Protect|p1a: Scolipede
|-fail|p1a: Scolipede
|
|-heal|p1a: Scolipede|263\/323|[from] item: Black Sludge
|-boost|p1a: Scolipede|spe|1|[from] ability: Speed Boost
|turn|13
|
|move|p1a: Scolipede|Iron Defense|p1a: Scolipede
|-boost|p1a: Scolipede|def|2
|move|p2a: Landorus-Therian|Earthquake|p1a: Scolipede
|-damage|p1a: Scolipede|163\/323
|
|-heal|p1a: Scolipede|183\/323|[from] item: Black Sludge
|-boost|p1a: Scolipede|spe|1|[from] ability: Speed Boost
|turn|14
|
|switch|p2a: Heatran|Heatran, M|386\/386
|-damage|p2a: Heatran|338\/386|[from] Stealth Rock
|-item|p2a: Heatran|Air Balloon
|move|p1a: Scolipede|Protect|p1a: Scolipede
|-fail|p1a: Scolipede
|
|-heal|p1a: Scolipede|203\/323|[from] item: Black Sludge
|-boost|p1a: Scolipede|spe|1|[from] ability: Speed Boost
|turn|15
|
|move|p1a: Scolipede|Baton Pass|p1a: Scolipede
|
|switch|p1a: Espeon|Espeon, F|334\/334
|-damage|p1a: Espeon|293\/334|[from] Stealth Rock
|move|p2a: Heatran|Flamethrower|p1a: Espeon
|-damage|p1a: Espeon|161\/334
|
|-heal|p1a: Espeon|181\/334|[from] item: Leftovers
|turn|16
|
|move|p1a: Espeon|Calm Mind|p1a: Espeon
|-boost|p1a: Espeon|spa|1
|-boost|p1a: Espeon|spd|1
|move|p2a: Heatran|Will-O-Wisp|p1a: Espeon
|move|p1a: Espeon|Will-O-Wisp|p2a: Heatran|[from]Magic Bounce
|-start|p2a: Heatran|ability: Flash Fire
|
|-heal|p1a: Espeon|201\/334|[from] item: Leftovers
|turn|17
|
|move|p1a: Espeon|Calm Mind|p1a: Espeon
|-boost|p1a: Espeon|spa|1
|-boost|p1a: Espeon|spd|1
|move|p2a: Heatran|Flamethrower|p1a: Espeon
|-damage|p1a: Espeon|107\/334
|
|-heal|p1a: Espeon|127\/334|[from] item: Leftovers
|turn|18
|
|move|p1a: Espeon|Stored Power|p2a: Heatran
|-resisted|p2a: Heatran
|-damage|p2a: Heatran|67\/386
|-enditem|p2a: Heatran|Air Balloon
|move|p2a: Heatran|Flamethrower|p1a: Espeon
|-damage|p1a: Espeon|24\/334
|
|-heal|p1a: Espeon|44\/334|[from] item: Leftovers
|turn|19
|
|move|p1a: Espeon|Stored Power|p2a: Heatran
|-resisted|p2a: Heatran
|-damage|p2a: Heatran|0 fnt
|faint|p2a: Heatran
|
|-heal|p1a: Espeon|64\/334|[from] item: Leftovers
|
|switch|p2a: Landorus-Therian|Landorus-Therian, M|280\/320
|-damage|p2a: Landorus-Therian|240\/320|[from] Stealth Rock
|-ability|p2a: Landorus-Therian|Intimidate|[of] p1a: Espeon
|-unboost|p1a: Espeon|atk|1
|turn|20
|
|move|p1a: Espeon|Stored Power|p2a: Landorus-Therian
|-damage|p2a: Landorus-Therian|0 fnt
|faint|p2a: Landorus-Therian
|
|-heal|p1a: Espeon|84\/334|[from] item: Leftovers
|
|switch|p2a: Rotom-Wash|Rotom-Wash|304\/304
|-damage|p2a: Rotom-Wash|266\/304|[from] Stealth Rock
|turn|21
|
|move|p1a: Espeon|Stored Power|p2a: Rotom-Wash
|-damage|p2a: Rotom-Wash|0 fnt
|faint|p2a: Rotom-Wash
|
|-heal|p1a: Espeon|104\/334|[from] item: Leftovers
|
|switch|p2a: Blissey|Blissey, F|714\/714
|-damage|p2a: Blissey|625\/714|[from] Stealth Rock
|turn|22
|
|move|p1a: Espeon|Stored Power|p2a: Blissey
|-damage|p2a: Blissey|183\/714
|move|p2a: Blissey|Heal Bell|p2a: Blissey
|-cureteam|p2a: Blissey|[from] move: HealBell
|
|-heal|p1a: Espeon|124\/334|[from] item: Leftovers
|-heal|p2a: Blissey|227\/714|[from] item: Leftovers
|turn|23
|
|move|p2a: Blissey|Protect|p2a: Blissey
|-singleturn|p2a: Blissey|Protect
|move|p1a: Espeon|Stored Power|p2a: Blissey
|-activate|p2a: Blissey|Protect
|
|-heal|p1a: Espeon|144\/334|[from] item: Leftovers
|-heal|p2a: Blissey|271\/714|[from] item: Leftovers
|turn|24
|
|move|p1a: Espeon|Stored Power|p2a: Blissey
|-damage|p2a: Blissey|0 fnt
|faint|p2a: Blissey
|
|-heal|p1a: Espeon|164\/334|[from] item: Leftovers
|
|switch|p2a: Garchomp|Garchomp, F|123\/368
|-formechange|p2a: Garchomp|Garchomp-Mega
|-damage|p2a: Garchomp|100\/368|[from] Stealth Rock
|turn|25
|
|move|p1a: Espeon|Stored Power|p2a: Garchomp
|-damage|p2a: Garchomp|0 fnt
|faint|p2a: Garchomp
|
|win|Test Team Brellow
|raw|Ladder updating...
|raw|Test Team Brellow's rating: 1490 &rarr; <strong>1507<\/strong><br \/>(+17 for winning)
|raw|FelixE's rating: 1436 &rarr; <strong>1419<\/strong><br \/>(-17 for losing)
|leave|FelixE
|player|p2