|join|angdfgd
|join|FelixE
|player|p1|angdfgd|123
|player|p2|FelixE|25
|gametype|singles
|gen|6
|tier|OU
|rated
|clearpoke
|poke|p1|Venusaur, F
|poke|p1|Rotom-Wash
|poke|p1|Aegislash, F
|poke|p1|Clefable, F
|poke|p1|Garchomp, F
|poke|p1|Conkeldurr, M
|poke|p2|Scizor, M
|poke|p2|Azumarill, M
|poke|p2|Mamoswine, M
|poke|p2|Salamence, M
|poke|p2|Gengar, F
|poke|p2|Clefable, F
|rule|Swagger Clause: Swagger is banned
|rule|Baton Pass Clause: Limit one PokÃ©mon knowing Baton Pass
|rule|Sleep Clause Mod: Limit one foe put to sleep
|rule|Species Clause: Limit one of each PokÃ©mon
|rule|OHKO Clause: OHKO moves are banned
|rule|Moody Clause: Moody is banned
|rule|Evasion Moves Clause: Evasion moves are banned
|rule|Endless Battle Clause: Forcing endless battles is banned
|rule|HP Percentage Mod: HP is reported as percentages
|teampreview
|
|start
|switch|p1a: Conkeldurr|Conkeldurr, M|351\/351
|switch|p2a: Scizor|Scizor, M|339\/339
|turn|1
|
|detailschange|p2a: Scizor|Scizor-Mega, M
|message|Scizor has Mega Evolved into Mega Scizor!
|move|p2a: Scizor|U-turn|p1a: Conkeldurr
|-resisted|p1a: Conkeldurr
|-damage|p1a: Conkeldurr|291\/351
|
|switch|p2a: Clefable|Clefable, F|387\/387
|move|p1a: Conkeldurr|Knock Off|p2a: Clefable
|-resisted|p2a: Clefable
|-damage|p2a: Clefable|322\/387
|-enditem|p2a: Clefable|Leftovers|[from] move: Knock Off|[of] p1a: Conkeldurr
|
|turn|2
|
|switch|p1a: Aegislash|Aegislash, F|324\/324
|move|p2a: Clefable|Moonblast|p1a: Aegislash
|-resisted|p1a: Aegislash
|-damage|p1a: Aegislash|287\/324
|
|turn|3
|
|move|p2a: Clefable|Calm Mind|p2a: Clefable
|-boost|p2a: Clefable|spa|1
|-boost|p2a: Clefable|spd|1
|-formechange|p1a: Aegislash|Aegislash-Blade
|move|p1a: Aegislash|Shadow Ball|p2a: Clefable
|-damage|p2a: Clefable|204\/387
|
|turn|4
|
|move|p1a: Aegislash|Shadow Sneak|p2a: Clefable
|-damage|p2a: Clefable|144\/387
|move|p2a: Clefable|Soft-Boiled|p2a: Clefable
|-heal|p2a: Clefable|338\/387
|
|turn|5
|
|switch|p1a: Venusaur|Venusaur, F|364\/364
|move|p2a: Clefable|Flamethrower|p1a: Venusaur
|-supereffective|p1a: Venusaur
|-damage|p1a: Venusaur|162\/364
|
|turn|6
|
|detailschange|p1a: Venusaur|Venusaur-Mega, F
|message|Venusaur has Mega Evolved into Mega Venusaur!
|move|p1a: Venusaur|Synthesis|p1a: Venusaur
|-heal|p1a: Venusaur|344\/364
|move|p2a: Clefable|Flamethrower|p1a: Venusaur
|-supereffective|p1a: Venusaur
|-damage|p1a: Venusaur|260\/364
|
|turn|7
|
|move|p1a: Venusaur|Sludge Bomb|p2a: Clefable
|-supereffective|p2a: Clefable
|-damage|p2a: Clefable|152\/387
|move|p2a: Clefable|Calm Mind|p2a: Clefable
|-boost|p2a: Clefable|spa|1
|-boost|p2a: Clefable|spd|1
|
|turn|8
|
|switch|p2a: Gengar|Gengar, F|261\/261
|move|p1a: Venusaur|Sludge Bomb|p2a: Gengar
|-resisted|p2a: Gengar
|-damage|p2a: Gengar|224\/261
|
|turn|9
|
|move|p2a: Gengar|Sludge Wave|p1a: Venusaur
|-damage|p1a: Venusaur|35\/364
|move|p1a: Venusaur|Leech Seed|p2a: Gengar
|-start|p2a: Gengar|move: Leech Seed
|
|-damage|p2a: Gengar|192\/261|[from] Leech Seed|[of] p1a: Venusaur
|-heal|p1a: Venusaur|67\/364|[silent]
|turn|10
|
|switch|p2a: Salamence|Salamence, M|356\/356
|-ability|p2a: Salamence|Intimidate|[of] p1a: Venusaur
|-unboost|p1a: Venusaur|atk|1
|switch|p1a: Aegislash|Aegislash, F|287\/324
|
|turn|11
|
|move|p1a: Aegislash|King's Shield|p1a: Aegislash
|-singleturn|p1a: Aegislash|Protect
|move|p2a: Salamence|Fire Blast|p1a: Aegislash
|-activate|p1a: Aegislash|Protect
|
|turn|12
|
|switch|p1a: Conkeldurr|Conkeldurr, M|291\/351
|move|p2a: Salamence|Fire Blast|p1a: Conkeldurr
|-damage|p1a: Conkeldurr|210\/351
|-status|p1a: Conkeldurr|brn
|
|-damage|p1a: Conkeldurr|167\/351 brn|[from] brn
|turn|13
|
|switch|p2a: Scizor|Scizor-Mega, M|339\/339
|move|p1a: Conkeldurr|Ice Punch|p2a: Scizor
|-resisted|p2a: Scizor
|-damage|p2a: Scizor|286\/339
|
|-damage|p1a: Conkeldurr|124\/351 brn|[from] brn
|turn|14
|
|switch|p1a: Clefable|Clefable, F|394\/394
|move|p2a: Scizor|Knock Off|p1a: Clefable
|-resisted|p1a: Clefable
|-damage|p1a: Clefable|344\/394
|-enditem|p1a: Clefable|Leftovers|[from] move: Knock Off|[of] p2a: Scizor
|
|turn|15
|
|move|p2a: Scizor|Bullet Punch|p1a: Clefable
|-supereffective|p1a: Clefable
|-damage|p1a: Clefable|158\/394
|move|p1a: Clefable|Stealth Rock|p2a: Scizor
|-sidestart|p2: FelixE|move: Stealth Rock
|
|turn|16
|
|switch|p1a: Rotom-Wash|Rotom-Wash|303\/303
|move|p2a: Scizor|Bullet Punch|p1a: Rotom-Wash
|-resisted|p1a: Rotom-Wash
|-damage|p1a: Rotom-Wash|287\/303
|
|-heal|p1a: Rotom-Wash|303\/303|[from] item: Leftovers
|turn|17
|
|move|p1a: Rotom-Wash|Will-O-Wisp|p2a: Scizor
|-status|p2a: Scizor|brn
|move|p2a: Scizor|Knock Off|p1a: Rotom-Wash
|-damage|p1a: Rotom-Wash|261\/303
|-enditem|p1a: Rotom-Wash|Leftovers|[from] move: Knock Off|[of] p2a: Scizor
|
|-damage|p2a: Scizor|244\/339 brn|[from] brn
|turn|18
|
|move|p1a: Rotom-Wash|Hydro Pump|p2a: Scizor|[miss]
|-miss|p1a: Rotom-Wash|p2a: Scizor
|move|p2a: Scizor|U-turn|p1a: Rotom-Wash
|-damage|p1a: Rotom-Wash|221\/303
|
|switch|p2a: Clefable|Clefable, F|152\/387
|
|turn|19
|
|move|p1a: Rotom-Wash|Hydro Pump|p2a: Clefable
|-crit|p2a: Clefable
|-damage|p2a: Clefable|0 fnt
|faint|p2a: Clefable
|
|
|switch|p2a: Salamence|Salamence, M|356\/356
|-damage|p2a: Salamence|267\/356|[from] Stealth Rock
|-ability|p2a: Salamence|Intimidate|[of] p1a: Rotom-Wash
|-unboost|p1a: Rotom-Wash|atk|1
|turn|20
|
|switch|p1a: Garchomp|Garchomp, F|358\/358
|move|p2a: Salamence|Draco Meteor|p1a: Garchomp
|-supereffective|p1a: Garchomp
|-damage|p1a: Garchomp|0 fnt
|-unboost|p2a: Salamence|spa|2
|faint|p1a: Garchomp
|
|-heal|p2a: Salamence|289\/356|[from] item: Leftovers
|
|switch|p1a: Aegislash|Aegislash, F|287\/324
|turn|21
|
|move|p1a: Aegislash|King's Shield|p1a: Aegislash
|-singleturn|p1a: Aegislash|Protect
|move|p2a: Salamence|Defog|p1a: Aegislash
|-unboost|p1a: Aegislash|evasion|1
|-sideend|p2: FelixE|Stealth Rock|[from] move: Defog|[of] p2a: Salamence
|
|-heal|p2a: Salamence|311\/356|[from] item: Leftovers
|turn|22
|
|move|p2a: Salamence|Fire Blast|p1a: Aegislash
|-supereffective|p1a: Aegislash
|-damage|p1a: Aegislash|207\/324
|-enditem|p1a: Aegislash|Weakness Policy
|-boost|p1a: Aegislash|atk|2|[from] item: Weakness Policy
|-boost|p1a: Aegislash|spa|2|[from] item: Weakness Policy
|-formechange|p1a: Aegislash|Aegislash-Blade
|move|p1a: Aegislash|Shadow Ball|p2a: Salamence
|-damage|p2a: Salamence|0 fnt
|faint|p2a: Salamence
|
|
|switch|p2a: Mamoswine|Mamoswine, M|361\/361
|turn|23
|
|switch|p1a: Conkeldurr|Conkeldurr, M|124\/351 brn
|move|p2a: Mamoswine|Earthquake|p1a: Conkeldurr
|-damage|p1a: Conkeldurr|0 fnt
|-damage|p2a: Mamoswine|325\/361|[from] item: Life Orb
|faint|p1a: Conkeldurr
|
|
|switch|p1a: Venusaur|Venusaur-Mega, F|67\/364
|turn|24
|
|switch|p2a: Scizor|Scizor-Mega, M|244\/339 brn
|move|p1a: Venusaur|Synthesis|p1a: Venusaur
|-heal|p1a: Venusaur|249\/364
|
|-damage|p2a: Scizor|202\/339 brn|[from] brn
|turn|25
|
|move|p2a: Scizor|Roost|p2a: Scizor
|-heal|p2a: Scizor|339\/339 brn
|move|p1a: Venusaur|Synthesis|p1a: Venusaur
|-heal|p1a: Venusaur|364\/364
|
|-damage|p2a: Scizor|297\/339 brn|[from] brn
|turn|26
|
|move|p2a: Scizor|U-turn|p1a: Venusaur
|-damage|p1a: Venusaur|322\/364
|
|switch|p2a: Mamoswine|Mamoswine, M|325\/361
|move|p1a: Venusaur|Leech Seed|p2a: Mamoswine
|-start|p2a: Mamoswine|move: Leech Seed
|
|-damage|p2a: Mamoswine|280\/361|[from] Leech Seed|[of] p1a: Venusaur
|-heal|p1a: Venusaur|364\/364|[silent]
|turn|27
|
|switch|p1a: Rotom-Wash|Rotom-Wash|221\/303
|move|p2a: Mamoswine|Stealth Rock|p1a: Rotom-Wash
|-sidestart|p1: angdfgd|move: Stealth Rock
|
|-damage|p2a: Mamoswine|235\/361|[from] Leech Seed|[of] p1a: Rotom-Wash
|-heal|p1a: Rotom-Wash|266\/303|[silent]
|turn|28
|
|switch|p2a: Scizor|Scizor-Mega, M|297\/339 brn
|move|p1a: Rotom-Wash|Will-O-Wisp|p2a: Scizor
|-fail|p2a: Scizor|brn
|
|-damage|p2a: Scizor|255\/339 brn|[from] brn
|turn|29
|
|move|p1a: Rotom-Wash|Hydro Pump|p2a: Scizor
|-damage|p2a: Scizor|134\/339 brn
|move|p2a: Scizor|Knock Off|p1a: Rotom-Wash
|-damage|p1a: Rotom-Wash|240\/303
|
|-damage|p2a: Scizor|92\/339 brn|[from] brn
|turn|30
|
|switch|p2a: Azumarill|Azumarill, M|395\/395
|move|p1a: Rotom-Wash|Hydro Pump|p2a: Azumarill|[miss]
|-miss|p1a: Rotom-Wash|p2a: Azumarill
|
|turn|31
|
|move|p1a: Rotom-Wash|Volt Switch|p2a: Azumarill
|-supereffective|p2a: Azumarill
|-damage|p2a: Azumarill|263\/395
|
|switch|p1a: Venusaur|Venusaur-Mega, F|364\/364
|-damage|p1a: Venusaur|319\/364|[from] Stealth Rock
|move|p2a: Azumarill|Play Rough|p1a: Venusaur
|-resisted|p1a: Venusaur
|-damage|p1a: Venusaur|271\/364
|
|turn|32
|
|switch|p2a: Scizor|Scizor-Mega, M|92\/339 brn
|move|p1a: Venusaur|Leech Seed|p2a: Scizor
|-start|p2a: Scizor|move: Leech Seed
|
|-damage|p2a: Scizor|50\/339 brn|[from] Leech Seed|[of] p1a: Venusaur
|-heal|p1a: Venusaur|313\/364|[silent]
|-damage|p2a: Scizor|8\/339 brn|[from] brn
|turn|33
|
|move|p2a: Scizor|Roost|p2a: Scizor
|-heal|p2a: Scizor|178\/339 brn
|move|p1a: Venusaur|Sludge Bomb|p2a: Scizor
|-immune|p2a: Scizor|[msg]
|
|-damage|p2a: Scizor|136\/339 brn|[from] Leech Seed|[of] p1a: Venusaur
|-heal|p1a: Venusaur|355\/364|[silent]
|-damage|p2a: Scizor|94\/339 brn|[from] brn
|turn|34
|
|move|p2a: Scizor|Roost|p2a: Scizor
|-heal|p2a: Scizor|264\/339 brn
|move|p1a: Venusaur|Giga Drain|p2a: Scizor
|-resisted|p2a: Scizor
|-damage|p2a: Scizor|240\/339 brn
|-heal|p1a: Venusaur|364\/364|[from] drain|[of] p2a: Scizor
|
|-damage|p2a: Scizor|198\/339 brn|[from] Leech Seed|[of] p1a: Venusaur
|-damage|p2a: Scizor|156\/339 brn|[from] brn
|turn|35
|
|switch|p1a: Clefable|Clefable, F|158\/394
|move|p2a: Scizor|Roost|p2a: Scizor
|-heal|p2a: Scizor|326\/339 brn
|
|-damage|p2a: Scizor|284\/339 brn|[from] Leech Seed|[of] p1a: Clefable
|-heal|p1a: Clefable|200\/394|[silent]
|-damage|p2a: Scizor|242\/339 brn|[from] brn
|turn|36
|
|switch|p1a: Rotom-Wash|Rotom-Wash|240\/303
|-damage|p1a: Rotom-Wash|203\/303|[from] Stealth Rock
|move|p2a: Scizor|U-turn|p1a: Rotom-Wash
|-damage|p1a: Rotom-Wash|157\/303
|
|switch|p2a: Gengar|Gengar, F|192\/261
|
|turn|37
|
|move|p2a: Gengar|Shadow Ball|p1a: Rotom-Wash
|-damage|p1a: Rotom-Wash|0 fnt
|faint|p1a: Rotom-Wash
|
|
|switch|p1a: Aegislash|Aegislash, F|207\/324
|-damage|p1a: Aegislash|187\/324|[from] Stealth Rock
|turn|38
|
|switch|p2a: Scizor|Scizor-Mega, M|242\/339 brn
|-formechange|p1a: Aegislash|Aegislash-Blade
|move|p1a: Aegislash|Shadow Sneak|p2a: Scizor
|-damage|p2a: Scizor|199\/339 brn
|
|-damage|p2a: Scizor|157\/339 brn|[from] brn
|turn|39
|
|-formechange|p1a: Aegislash|Aegislash
|move|p1a: Aegislash|King's Shield|p1a: Aegislash
|-singleturn|p1a: Aegislash|Protect
|move|p2a: Scizor|Roost|p2a: Scizor
|-heal|p2a: Scizor|327\/339 brn
|
|-damage|p2a: Scizor|285\/339 brn|[from] brn
|turn|40
|
|move|p2a: Scizor|Knock Off|p1a: Aegislash
|-crit|p1a: Aegislash
|-supereffective|p1a: Aegislash
|-damage|p1a: Aegislash|109\/324
|-formechange|p1a: Aegislash|Aegislash-Blade
|move|p1a: Aegislash|Shadow Ball|p2a: Scizor
|-damage|p2a: Scizor|140\/339 brn
|
|-damage|p2a: Scizor|98\/339 brn|[from] brn
|turn|41
|
|-formechange|p1a: Aegislash|Aegislash
|move|p1a: Aegislash|King's Shield|p1a: Aegislash
|-singleturn|p1a: Aegislash|Protect
|move|p2a: Scizor|Knock Off|p1a: Aegislash
|-activate|p1a: Aegislash|Protect
|-unboost|p2a: Scizor|atk|2
|
|-damage|p2a: Scizor|56\/339 brn|[from] brn
|turn|42
|
|-formechange|p1a: Aegislash|Aegislash-Blade
|move|p1a: Aegislash|Shadow Sneak|p2a: Scizor
|-damage|p2a: Scizor|8\/339 brn
|move|p2a: Scizor|Roost|p2a: Scizor
|-heal|p2a: Scizor|178\/339 brn
|
|-damage|p2a: Scizor|136\/339 brn|[from] brn
|turn|43
|
|-formechange|p1a: Aegislash|Aegislash
|move|p1a: Aegislash|King's Shield|p1a: Aegislash
|-singleturn|p1a: Aegislash|Protect
|move|p2a: Scizor|Knock Off|p1a: Aegislash
|-activate|p1a: Aegislash|Protect
|-unboost|p2a: Scizor|atk|2
|
|-damage|p2a: Scizor|94\/339 brn|[from] brn
|turn|44
|
|move|p2a: Scizor|Roost|p2a: Scizor
|-heal|p2a: Scizor|264\/339 brn
|-formechange|p1a: Aegislash|Aegislash-Blade
|move|p1a: Aegislash|Shadow Ball|p2a: Scizor
|-damage|p2a: Scizor|104\/339 brn
|-unboost|p2a: Scizor|spd|1
|
|-damage|p2a: Scizor|62\/339 brn|[from] brn
|turn|45
|
|switch|p2a: Mamoswine|Mamoswine, M|235\/361
|-formechange|p1a: Aegislash|Aegislash
|move|p1a: Aegislash|King's Shield|p1a: Aegislash
|-fail|p1a: Aegislash
|
|turn|46
|
|switch|p1a: Clefable|Clefable, F|200\/394
|move|p2a: Mamoswine|Earthquake|p1a: Clefable
|-damage|p1a: Clefable|9\/394
|-damage|p2a: Mamoswine|199\/361|[from] item: Life Orb
|
|turn|47
|
|move|p2a: Mamoswine|Ice Shard|p1a: Clefable
|-damage|p1a: Clefable|0 fnt
|-damage|p2a: Mamoswine|163\/361|[from] item: Life Orb
|faint|p1a: Clefable
|
|
|switch|p1a: Venusaur|Venusaur-Mega, F|364\/364
|-damage|p1a: Venusaur|319\/364|[from] Stealth Rock
|turn|48
|
|move|p2a: Mamoswine|Earthquake|p1a: Venusaur
|-damage|p1a: Venusaur|171\/364
|-damage|p2a: Mamoswine|127\/361|[from] item: Life Orb
|move|p1a: Venusaur|Leech Seed|p2a: Mamoswine
|-start|p2a: Mamoswine|move: Leech Seed
|
|-damage|p2a: Mamoswine|82\/361|[from] Leech Seed|[of] p1a: Venusaur
|-heal|p1a: Venusaur|216\/364|[silent]
|turn|49
|
|move|p2a: Mamoswine|Earthquake|p1a: Venusaur
|-damage|p1a: Venusaur|76\/364
|-damage|p2a: Mamoswine|46\/361|[from] item: Life Orb
|move|p1a: Venusaur|Synthesis|p1a: Venusaur
|-heal|p1a: Venusaur|258\/364
|
|-damage|p2a: Mamoswine|1\/361|[from] Leech Seed|[of] p1a: Venusaur
|-heal|p1a: Venusaur|303\/364|[silent]
|turn|50
|
|switch|p2a: Gengar|Gengar, F|192\/261
|move|p1a: Venusaur|Synthesis|p1a: Venusaur
|-heal|p1a: Venusaur|364\/364
|
|turn|51
|
|move|p2a: Gengar|Sludge Wave|p1a: Venusaur
|-damage|p1a: Venusaur|135\/364
|move|p1a: Venusaur|Leech Seed|p2a: Gengar
|-start|p2a: Gengar|move: Leech Seed
|
|-damage|p2a: Gengar|160\/261|[from] Leech Seed|[of] p1a: Venusaur
|-heal|p1a: Venusaur|167\/364|[silent]
|turn|52
|
|switch|p1a: Aegislash|Aegislash, F|109\/324
|-damage|p1a: Aegislash|89\/324|[from] Stealth Rock
|move|p2a: Gengar|Sludge Wave|p1a: Aegislash
|-immune|p1a: Aegislash|[msg]
|
|-damage|p2a: Gengar|128\/261|[from] Leech Seed|[of] p1a: Aegislash
|-heal|p1a: Aegislash|121\/324|[silent]
|turn|53
|
|switch|p2a: Azumarill|Azumarill, M|263\/395
|move|p1a: Aegislash|King's Shield|p1a: Aegislash
|-fail|p1a: Aegislash
|
|turn|54
|
|switch|p1a: Venusaur|Venusaur-Mega, F|167\/364
|-damage|p1a: Venusaur|122\/364|[from] Stealth Rock
|move|p2a: Azumarill|Waterfall|p1a: Venusaur
|-resisted|p1a: Venusaur
|-damage|p1a: Venusaur|81\/364
|
|turn|55
|
|switch|p2a: Gengar|Gengar, F|128\/261
|move|p1a: Venusaur|Synthesis|p1a: Venusaur
|-heal|p1a: Venusaur|263\/364
|
|turn|56
|
|move|p2a: Gengar|Shadow Ball|p1a: Venusaur
|-damage|p1a: Venusaur|76\/364
|move|p1a: Venusaur|Synthesis|p1a: Venusaur
|-heal|p1a: Venusaur|258\/364
|
|turn|57
|
|move|p2a: Gengar|Shadow Ball|p1a: Venusaur
|-damage|p1a: Venusaur|78\/364
|move|p1a: Venusaur|Synthesis|p1a: Venusaur
|-heal|p1a: Venusaur|260\/364
|
|turn|58
|
|move|p2a: Gengar|Shadow Ball|p1a: Venusaur
|-damage|p1a: Venusaur|92\/364
|-unboost|p1a: Venusaur|spd|1
|move|p1a: Venusaur|Giga Drain|p2a: Gengar
|-resisted|p2a: Gengar
|-damage|p2a: Gengar|66\/261
|-heal|p1a: Venusaur|123\/364|[from] drain|[of] p2a: Gengar
|
|turn|59
|
|move|p2a: Gengar|Shadow Ball|p1a: Venusaur
|-damage|p1a: Venusaur|0 fnt
|faint|p1a: Venusaur
|
|chat|FelixE|gg
|
|switch|p1a: Aegislash|Aegislash, F|121\/324
|-damage|p1a: Aegislash|101\/324|[from] Stealth Rock
|turn|60
|
|-formechange|p1a: Aegislash|Aegislash-Blade
|move|p1a: Aegislash|Shadow Sneak|p2a: Gengar
|-supereffective|p2a: Gengar
|-damage|p2a: Gengar|0 fnt
|faint|p2a: Gengar
|
|
|switch|p2a: Mamoswine|Mamoswine, M|1\/361
|turn|61
|
|move|p2a: Mamoswine|Ice Shard|p1a: Aegislash
|-resisted|p1a: Aegislash
|-damage|p1a: Aegislash|14\/324
|-damage|p2a: Mamoswine|0 fnt|[from] item: Life Orb
|faint|p2a: Mamoswine
|move|p1a: Aegislash|Shadow Sneak|p2: Mamoswine|[notarget]
|-notarget
|
|
|switch|p2a: Azumarill|Azumarill, M|263\/395
|turn|62
|
|-formechange|p1a: Aegislash|Aegislash
|move|p1a: Aegislash|King's Shield|p1a: Aegislash
|-singleturn|p1a: Aegislash|Protect
|move|p2a: Azumarill|Aqua Jet|p1a: Aegislash
|-activate|p1a: Aegislash|Protect
|-unboost|p2a: Azumarill|atk|2
|
|turn|63
|
|move|p2a: Azumarill|Aqua Jet|p1a: Aegislash
|-damage|p1a: Aegislash|0 fnt
|faint|p1a: Aegislash
|
|win|FelixE
|raw|Ladder updating...
|raw|angdfgd's rating: 1344 &rarr; <strong>1322<\/strong><br \/>(-22 for losing)
|raw|FelixE's rating: 1298 &rarr; <strong>1326<\/strong><br \/>(+28 for winning)
|chat|angdfgd|gg