|join|FelixE
|join|neutral air
|player|p1|FelixE|169
|player|p2|neutral air|2
|gametype|singles
|gen|6
|tier|OU
|rated
|clearpoke
|poke|p1|Chansey, F
|poke|p1|Rotom-Wash
|poke|p1|Garchomp, M
|poke|p1|Venusaur, F
|poke|p1|Mandibuzz, F
|poke|p1|Heatran, F
|poke|p2|Rotom-Wash
|poke|p2|Talonflame, M
|poke|p2|Scizor, F
|poke|p2|Sylveon, F
|poke|p2|Skarmory, M
|poke|p2|Greninja, M
|rule|Swagger Clause: Swagger is banned
|rule|Baton Pass Clause: Limit three PokÃ©mon knowing Baton Pass
|rule|Sleep Clause Mod: Limit one foe put to sleep
|rule|Species Clause: Limit one of each PokÃ©mon
|rule|OHKO Clause: OHKO moves are banned
|rule|Moody Clause: Moody is banned
|rule|Evasion Moves Clause: Evasion moves are banned
|rule|Endless Battle Clause: Forcing endless battles is banned
|rule|HP Percentage Mod: HP is reported as percentages
|teampreview
|
|start
|switch|p1a: Rotom-Wash|Rotom-Wash|304\/304
|switch|p2a: Skarmory|Skarmory, M|334\/334
|turn|1
|
|move|p1a: Rotom-Wash|Volt Switch|p2a: Skarmory
|-supereffective|p2a: Skarmory
|-activate|p2a: Skarmory|Sturdy
|-damage|p2a: Skarmory|1\/334
|
|switch|p1a: Mandibuzz|Mandibuzz, F|424\/424
|move|p2a: Skarmory|Stealth Rock|p1a: Mandibuzz
|-sidestart|p1: FelixE|move: Stealth Rock
|
|-heal|p2a: Skarmory|21\/334|[from] item: Leftovers
|turn|2
|
|switch|p2a: Rotom-Wash|Rotom-Wash|304\/304
|move|p1a: Mandibuzz|Taunt|p2a: Rotom-Wash
|-start|p2a: Rotom-Wash|move: Taunt
|
|turn|3
|
|switch|p1a: Garchomp|Garchomp, M|420\/420
|-damage|p1a: Garchomp|394\/420|[from] Stealth Rock
|move|p2a: Rotom-Wash|Volt Switch|p1a: Garchomp
|-immune|p1a: Garchomp|[msg]
|
|turn|4
|
|move|p1a: Garchomp|Poison Jab|p2a: Rotom-Wash
|-damage|p2a: Rotom-Wash|200\/304
|move|p2a: Rotom-Wash|Hydro Pump|p1a: Garchomp
|-damage|p1a: Garchomp|232\/420
|
|-heal|p2a: Rotom-Wash|219\/304|[from] item: Leftovers
|turn|5
|
|switch|p1a: Venusaur|Venusaur, F|364\/364
|-damage|p1a: Venusaur|319\/364|[from] Stealth Rock
|move|p2a: Rotom-Wash|Hydro Pump|p1a: Venusaur
|-resisted|p1a: Venusaur
|-damage|p1a: Venusaur|256\/364
|
|-heal|p2a: Rotom-Wash|238\/304|[from] item: Leftovers
|-end|p2a: Rotom-Wash|move: Taunt
|turn|6
|
|detailschange|p1a: Venusaur|Venusaur-Mega, F
|message|Venusaur has Mega Evolved into Mega Venusaur!
|move|p2a: Rotom-Wash|Volt Switch|p1a: Venusaur
|-resisted|p1a: Venusaur
|-damage|p1a: Venusaur|217\/364
|
|switch|p2a: Scizor|Scizor, F|344\/344
|move|p1a: Venusaur|Leech Seed|p2a: Scizor
|-start|p2a: Scizor|move: Leech Seed
|
|-damage|p2a: Scizor|301\/344|[from] Leech Seed|[of] p1a: Venusaur
|-heal|p1a: Venusaur|260\/364|[silent]
|turn|7
|
|move|p1a: Venusaur|Giga Drain|p2a: Scizor
|-resisted|p2a: Scizor
|-damage|p2a: Scizor|268\/344
|-heal|p1a: Venusaur|277\/364|[from] drain|[of] p2a: Scizor
|move|p2a: Scizor|U-turn|p1a: Venusaur
|-damage|p1a: Venusaur|157\/364
|
|switch|p2a: Talonflame|Talonflame, M|298\/298
|
|turn|8
|
|switch|p1a: Mandibuzz|Mandibuzz, F|424\/424
|-damage|p1a: Mandibuzz|318\/424|[from] Stealth Rock
|move|p2a: Talonflame|Acrobatics|p1a: Mandibuzz
|-damage|p1a: Mandibuzz|213\/424
|-damage|p2a: Talonflame|249\/298|[from] item: Rocky Helmet|[of] p1a: Mandibuzz
|
|turn|9
|
|move|p2a: Talonflame|U-turn|p1a: Mandibuzz
|-damage|p1a: Mandibuzz|171\/424
|-damage|p2a: Talonflame|200\/298|[from] item: Rocky Helmet|[of] p1a: Mandibuzz
|
|switch|p2a: Sylveon|Sylveon, F|394\/394
|move|p1a: Mandibuzz|Defog|p2a: Sylveon
|-unboost|p2a: Sylveon|evasion|1
|-sideend|p1: FelixE|Stealth Rock|[from] move: Defog|[of] p1a: Mandibuzz
|
|turn|10
|
|switch|p1a: Chansey|Chansey, F|704\/704
|move|p2a: Sylveon|Wish|p2a: Sylveon
|
|turn|11
|
|switch|p2a: Skarmory|Skarmory, M|21\/334
|move|p1a: Chansey|Wish|p1a: Chansey
|
|-heal|p2a: Skarmory|218\/334|[from] move: Wish|[wisher] Sylveon
|-heal|p2a: Skarmory|238\/334|[from] item: Leftovers
|turn|12
|
|switch|p1a: Mandibuzz|Mandibuzz, F|171\/424
|move|p2a: Skarmory|Stealth Rock|p1a: Mandibuzz
|-sidestart|p1: FelixE|move: Stealth Rock
|
|-heal|p1a: Mandibuzz|424\/424|[from] move: Wish|[wisher] Chansey
|-heal|p2a: Skarmory|258\/334|[from] item: Leftovers
|turn|13
|
|move|p1a: Mandibuzz|Defog|p2a: Skarmory
|-unboost|p2a: Skarmory|evasion|1
|-sideend|p1: FelixE|Stealth Rock|[from] move: Defog|[of] p1a: Mandibuzz
|move|p2a: Skarmory|Whirlwind|p1a: Mandibuzz
|drag|p1a: Garchomp|Garchomp, M|232\/420
|
|-heal|p2a: Skarmory|278\/334|[from] item: Leftovers
|turn|14
|
|move|p1a: Garchomp|Fire Blast|p2a: Skarmory
|-supereffective|p2a: Skarmory
|-damage|p2a: Skarmory|92\/334
|move|p2a: Skarmory|Stealth Rock|p1a: Garchomp
|-sidestart|p1: FelixE|move: Stealth Rock
|
|-heal|p2a: Skarmory|112\/334|[from] item: Leftovers
|turn|15
|
|switch|p1a: Venusaur|Venusaur-Mega, F|157\/364
|-damage|p1a: Venusaur|112\/364|[from] Stealth Rock
|switch|p2a: Rotom-Wash|Rotom-Wash|238\/304
|
|-heal|p2a: Rotom-Wash|257\/304|[from] item: Leftovers
|turn|16
|
|move|p2a: Rotom-Wash|Volt Switch|p1a: Venusaur
|-resisted|p1a: Venusaur
|-damage|p1a: Venusaur|76\/364
|
|switch|p2a: Talonflame|Talonflame, M|200\/298
|move|p1a: Venusaur|Synthesis|p1a: Venusaur
|-heal|p1a: Venusaur|258\/364
|
|turn|17
|
|switch|p1a: Mandibuzz|Mandibuzz, F|424\/424
|-damage|p1a: Mandibuzz|318\/424|[from] Stealth Rock
|move|p2a: Talonflame|Will-O-Wisp|p1a: Mandibuzz
|-status|p1a: Mandibuzz|brn
|
|-damage|p1a: Mandibuzz|265\/424 brn|[from] brn
|turn|18
|
|switch|p2a: Sylveon|Sylveon, F|394\/394
|move|p1a: Mandibuzz|Defog|p2a: Sylveon
|-unboost|p2a: Sylveon|evasion|1
|-sideend|p1: FelixE|Stealth Rock|[from] move: Defog|[of] p1a: Mandibuzz
|
|-damage|p1a: Mandibuzz|212\/424 brn|[from] brn
|turn|19
|
|switch|p1a: Heatran|Heatran, F|386\/386
|-item|p1a: Heatran|Air Balloon
|move|p2a: Sylveon|Wish|p2a: Sylveon
|
|turn|20
|
|switch|p2a: Greninja|Greninja, M|285\/285
|move|p1a: Heatran|Will-O-Wisp|p2a: Greninja|[miss]
|-miss|p1a: Heatran|p2a: Greninja
|
|turn|21
|
|switch|p1a: Chansey|Chansey, F|704\/704
|-start|p2a: Greninja|typechange|Dark|[from] Protean
|move|p2a: Greninja|Taunt|p1a: Chansey
|-start|p1a: Chansey|move: Taunt
|
|turn|22
|
|-start|p2a: Greninja|typechange|Bug|[from] Protean
|move|p2a: Greninja|U-turn|p1a: Chansey
|-damage|p1a: Chansey|608\/704
|
|switch|p2a: Scizor|Scizor, F|268\/344
|move|p1a: Chansey|Seismic Toss|p2a: Scizor
|-damage|p2a: Scizor|168\/344
|
|turn|23
|
|switch|p1a: Venusaur|Venusaur-Mega, F|258\/364
|move|p2a: Scizor|Superpower|p1a: Venusaur
|-resisted|p1a: Venusaur
|-damage|p1a: Venusaur|185\/364
|-unboost|p2a: Scizor|atk|1
|-unboost|p2a: Scizor|def|1
|
|turn|24
|
|switch|p2a: Talonflame|Talonflame, M|200\/298
|move|p1a: Venusaur|Synthesis|p1a: Venusaur
|-heal|p1a: Venusaur|364\/364
|
|turn|25
|
|move|p2a: Talonflame|Will-O-Wisp|p1a: Venusaur|[miss]
|-miss|p2a: Talonflame|p1a: Venusaur
|move|p1a: Venusaur|Sludge Bomb|p2a: Talonflame
|-damage|p2a: Talonflame|19\/298
|
|turn|26
|
|move|p2a: Talonflame|U-turn|p1a: Venusaur
|-damage|p1a: Venusaur|324\/364
|
|switch|p2a: Scizor|Scizor, F|168\/344
|move|p1a: Venusaur|Sludge Bomb|p2a: Scizor
|-immune|p2a: Scizor|[msg]
|
|turn|27
|
|move|p1a: Venusaur|Leech Seed|p2a: Scizor
|-start|p2a: Scizor|move: Leech Seed
|move|p2a: Scizor|U-turn|p1a: Venusaur
|-damage|p1a: Venusaur|203\/364
|
|switch|p2a: Rotom-Wash|Rotom-Wash|257\/304
|
|-heal|p2a: Rotom-Wash|276\/304|[from] item: Leftovers
|turn|28
|
|move|p2a: Rotom-Wash|Thunder Wave|p1a: Venusaur
|-status|p1a: Venusaur|par
|move|p1a: Venusaur|Synthesis|p1a: Venusaur
|-heal|p1a: Venusaur|364\/364 par
|
|-heal|p2a: Rotom-Wash|295\/304|[from] item: Leftovers
|turn|29
|
|switch|p1a: Chansey|Chansey, F|608\/704
|move|p2a: Rotom-Wash|Volt Switch|p1a: Chansey
|-damage|p1a: Chansey|551\/704
|
|switch|p2a: Skarmory|Skarmory, M|112\/334
|
|-heal|p2a: Skarmory|132\/334|[from] item: Leftovers
|turn|30
|
|move|p2a: Skarmory|Stealth Rock|p1a: Chansey
|-sidestart|p1: FelixE|move: Stealth Rock
|move|p1a: Chansey|Wish|p1a: Chansey
|
|-heal|p2a: Skarmory|152\/334|[from] item: Leftovers
|turn|31
|
|move|p1a: Chansey|Heal Bell|p1a: Chansey
|-cureteam|p1a: Chansey|[from] move: HealBell
|move|p2a: Skarmory|Whirlwind|p1a: Chansey
|drag|p1a: Rotom-Wash|Rotom-Wash|304\/304
|-damage|p1a: Rotom-Wash|266\/304|[from] Stealth Rock
|
|-heal|p1a: Rotom-Wash|304\/304|[from] move: Wish|[wisher] Chansey
|-heal|p2a: Skarmory|172\/334|[from] item: Leftovers
|turn|32
|
|switch|p2a: Rotom-Wash|Rotom-Wash|295\/304
|move|p1a: Rotom-Wash|Trick|p2a: Rotom-Wash
|-activate|p1a: Rotom-Wash|move: Trick|[of] p2a: Rotom-Wash
|-item|p2a: Rotom-Wash|Choice Specs|[from] move: Trick
|-item|p1a: Rotom-Wash|Leftovers|[from] move: Trick
|
|turn|33
|
|move|p2a: Rotom-Wash|Volt Switch|p1a: Rotom-Wash
|-damage|p1a: Rotom-Wash|178\/304
|
|switch|p2a: Sylveon|Sylveon, F|394\/394
|move|p1a: Rotom-Wash|Volt Switch|p2a: Sylveon
|-damage|p2a: Sylveon|316\/394
|
|switch|p1a: Garchomp|Garchomp, M|232\/420
|-damage|p1a: Garchomp|206\/420|[from] Stealth Rock
|
|-heal|p2a: Sylveon|340\/394|[from] item: Leftovers
|turn|34
|
|switch|p2a: Skarmory|Skarmory, M|172\/334
|move|p1a: Garchomp|Poison Jab|p2a: Skarmory
|-immune|p2a: Skarmory|[msg]
|
|-heal|p2a: Skarmory|192\/334|[from] item: Leftovers
|turn|35
|
|switch|p1a: Venusaur|Venusaur-Mega, F|364\/364
|-damage|p1a: Venusaur|319\/364|[from] Stealth Rock
|move|p2a: Skarmory|Whirlwind|p1a: Venusaur
|drag|p1a: Garchomp|Garchomp, M|206\/420
|-damage|p1a: Garchomp|180\/420|[from] Stealth Rock
|
|-heal|p2a: Skarmory|212\/334|[from] item: Leftovers
|turn|36
|
|move|p1a: Garchomp|Fire Blast|p2a: Skarmory
|-supereffective|p2a: Skarmory
|-damage|p2a: Skarmory|6\/334
|move|p2a: Skarmory|Whirlwind|p1a: Garchomp
|drag|p1a: Chansey|Chansey, F|551\/704
|-damage|p1a: Chansey|463\/704|[from] Stealth Rock
|
|-heal|p2a: Skarmory|26\/334|[from] item: Leftovers
|turn|37
|
|move|p2a: Skarmory|Roost|p2a: Skarmory
|-heal|p2a: Skarmory|193\/334
|move|p1a: Chansey|Seismic Toss|p2a: Skarmory
|-damage|p2a: Skarmory|93\/334
|
|-heal|p2a: Skarmory|113\/334|[from] item: Leftovers
|turn|38
|
|move|p2a: Skarmory|Roost|p2a: Skarmory
|-heal|p2a: Skarmory|280\/334
|move|p1a: Chansey|Wish|p1a: Chansey
|
|-heal|p2a: Skarmory|300\/334|[from] item: Leftovers
|turn|39
|
|move|p1a: Chansey|Soft-Boiled|p1a: Chansey
|-heal|p1a: Chansey|704\/704
|move|p2a: Skarmory|Whirlwind|p1a: Chansey
|drag|p1a: Rotom-Wash|Rotom-Wash|178\/304
|-damage|p1a: Rotom-Wash|140\/304|[from] Stealth Rock
|
|-heal|p1a: Rotom-Wash|304\/304|[from] move: Wish|[wisher] Chansey
|-heal|p2a: Skarmory|320\/334|[from] item: Leftovers
|turn|40
|
|switch|p2a: Sylveon|Sylveon, F|340\/394
|move|p1a: Rotom-Wash|Trick|p2a: Sylveon
|-activate|p1a: Rotom-Wash|move: Trick|[of] p2a: Sylveon
|-item|p2a: Sylveon|Leftovers|[from] move: Trick
|-item|p1a: Rotom-Wash|Leftovers|[from] move: Trick
|
|-heal|p2a: Sylveon|364\/394|[from] item: Leftovers
|turn|41
|
|move|p1a: Rotom-Wash|Volt Switch|p2a: Sylveon
|-damage|p2a: Sylveon|291\/394
|
|switch|p1a: Heatran|Heatran, F|386\/386
|-damage|p1a: Heatran|338\/386|[from] Stealth Rock
|-item|p1a: Heatran|Air Balloon
|move|p2a: Sylveon|Wish|p2a: Sylveon
|
|-heal|p2a: Sylveon|315\/394|[from] item: Leftovers
|turn|42
|
|switch|p2a: Talonflame|Talonflame, M|19\/298
|move|p1a: Heatran|Will-O-Wisp|p2a: Talonflame|[miss]
|-miss|p1a: Heatran|p2a: Talonflame
|
|-heal|p2a: Talonflame|216\/298|[from] move: Wish|[wisher] Sylveon
|turn|43
|
|move|p2a: Talonflame|U-turn|p1a: Heatran
|-resisted|p1a: Heatran
|-damage|p1a: Heatran|324\/386
|-enditem|p1a: Heatran|Air Balloon
|
|switch|p2a: Rotom-Wash|Rotom-Wash|295\/304
|move|p1a: Heatran|Dragon Pulse|p2a: Rotom-Wash
|-damage|p2a: Rotom-Wash|225\/304
|
|turn|44
|
|switch|p1a: Chansey|Chansey, F|704\/704
|-damage|p1a: Chansey|616\/704|[from] Stealth Rock
|move|p2a: Rotom-Wash|Hydro Pump|p1a: Chansey
|-damage|p1a: Chansey|498\/704
|
|turn|45
|
|switch|p2a: Sylveon|Sylveon, F|315\/394
|move|p1a: Chansey|Wish|p1a: Chansey
|
|-heal|p2a: Sylveon|339\/394|[from] item: Leftovers
|turn|46
|
|switch|p1a: Mandibuzz|Mandibuzz, F|212\/424
|-damage|p1a: Mandibuzz|106\/424|[from] Stealth Rock
|move|p2a: Sylveon|Hyper Voice|p1a: Mandibuzz
|-supereffective|p1a: Mandibuzz
|-damage|p1a: Mandibuzz|0 fnt
|faint|p1a: Mandibuzz
|
|-heal|p2a: Sylveon|363\/394|[from] item: Leftovers
|
|switch|p1a: Garchomp|Garchomp, M|180\/420
|-damage|p1a: Garchomp|154\/420|[from] Stealth Rock
|turn|47
|
|switch|p2a: Scizor|Scizor, F|168\/344
|move|p1a: Garchomp|Fire Blast|p2a: Scizor|[miss]
|-miss|p1a: Garchomp|p2a: Scizor
|
|turn|48
|
|move|p2a: Scizor|Bullet Punch|p1a: Garchomp
|-damage|p1a: Garchomp|0 fnt
|-damage|p2a: Scizor|125\/344|[from] ability: Rough Skin|[of] p1a: Garchomp
|faint|p1a: Garchomp
|
|-message|FelixE forfeited.
|
|win|neutral air
|raw|Ladder updating...
|leave|FelixE
|player|p1
|raw|FelixE's rating: 1406 &rarr; <strong>1385<\/strong><br \/>(-21 for losing)
|raw|neutral air's rating: 1397 &rarr; <strong>1418<\/strong><br \/>(+21 for winning)