|join|Kelloid
|join|FelixE
|player|p1|Kelloid|267
|player|p2|FelixE|3
|gametype|singles
|gen|6
|tier|OU
|rated
|clearpoke
|poke|p1|Sableye, F
|poke|p1|Chansey, F
|poke|p1|Medicham, M
|poke|p1|Talonflame, F
|poke|p1|Haxorus, F
|poke|p1|Ditto
|poke|p2|Garchomp, M
|poke|p2|Cresselia, F
|poke|p2|Rotom-Wash
|poke|p2|Landorus-Therian, M
|poke|p2|Heatran, F
|poke|p2|Blissey, F
|rule|Sleep Clause Mod: Limit one foe put to sleep
|rule|Species Clause: Limit one of each Pokemon
|rule|OHKO Clause: OHKO moves are banned
|rule|Moody Clause: Moody is banned
|rule|Evasion Moves Clause: Evasion moves are banned
|rule|Endless Battle Clause: Forcing endless battles is banned.
|rule|HP Percentage Mod: HP is reported as percentages
|teampreview
|
|start
|switch|p1a: Medicham|Medicham, M|262\/262
|switch|p2a: Garchomp|Garchomp, M|357\/357
|turn|1
|
|detailschange|p1a: Medicham|Medicham-Mega, M
|message|Medicham has Mega Evolved into Mega Medicham!
|detailschange|p2a: Garchomp|Garchomp-Mega, M
|message|Garchomp has Mega Evolved into Mega Garchomp!
|move|p1a: Medicham|Ice Punch|p2a: Garchomp
|-supereffective|p2a: Garchomp
|-damage|p2a: Garchomp|0 fnt
|faint|p2a: Garchomp
|
|
|switch|p2a: Rotom-Wash|Rotom-Wash|241\/241
|turn|2
|
|move|p2a: Rotom-Wash|Thunderbolt|p1a: Medicham
|-damage|p1a: Medicham|93\/262
|move|p1a: Medicham|High Jump Kick|p2a: Rotom-Wash
|-damage|p2a: Rotom-Wash|0 fnt
|faint|p2a: Rotom-Wash
|
|
|switch|p2a: Blissey|Blissey, F|714\/714
|turn|3
|
|move|p2a: Blissey|Protect|p2a: Blissey
|-singleturn|p2a: Blissey|Protect
|move|p1a: Medicham|High Jump Kick|p2a: Blissey
|-activate|p2a: Blissey|Protect
|-damage|p1a: Medicham|0 fnt|[from] highjumpkick
|faint|p1a: Medicham
|
|
|switch|p1a: Haxorus|Haxorus, F|302\/302
|-ability|p1a: Haxorus|Mold Breaker
|turn|4
|
|switch|p2a: Cresselia|Cresselia, F|444\/444
|move|p1a: Haxorus|Outrage|p2a: Cresselia
|-damage|p2a: Cresselia|203\/444
|
|-heal|p2a: Cresselia|230\/444|[from] item: Leftovers
|turn|5
|
|switch|p2a: Heatran|Heatran, F|367\/367
|-item|p2a: Heatran|Air Balloon
|move|p1a: Haxorus|Outrage|p2a: Heatran
|-resisted|p2a: Heatran
|-damage|p2a: Heatran|229\/367
|-enditem|p2a: Heatran|Air Balloon
|
|turn|6
|
|move|p1a: Haxorus|Outrage|p2a: Heatran
|-resisted|p2a: Heatran
|-damage|p2a: Heatran|94\/367
|move|p2a: Heatran|Will-O-Wisp|p1a: Haxorus|[miss]
|-miss|p2a: Heatran|p1a: Haxorus
|
|-end|p1a: Haxorus|rampage
|-start|p1a: Haxorus|confusion
|turn|7
|
|switch|p1a: Chansey|Chansey, F|704\/704
|move|p2a: Heatran|Will-O-Wisp|p1a: Chansey
|-status|p1a: Chansey|brn
|
|-damage|p1a: Chansey|616\/704 brn|[from] brn
|turn|8
|
|switch|p2a: Landorus-Therian|Landorus-Therian, M|320\/320
|-ability|p2a: Landorus-Therian|Intimidate|[of] p1a: Chansey
|-unboost|p1a: Chansey|atk|1
|move|p1a: Chansey|Aromatherapy|p1a: Chansey
|-cureteam|p1a: Chansey|[from] move: Aromatherapy
|
|turn|9
|
|move|p2a: Landorus-Therian|Knock Off|p1a: Chansey
|-damage|p1a: Chansey|442\/704
|-enditem|p1a: Chansey|Eviolite|[from] move: Knock Off|[of] p2a: Landorus-Therian
|move|p1a: Chansey|Toxic|p2a: Landorus-Therian
|-status|p2a: Landorus-Therian|tox
|
|-damage|p2a: Landorus-Therian|300\/320 tox|[from] psn
|turn|10
|
|switch|p2a: Blissey|Blissey, F|714\/714
|move|p1a: Chansey|Soft-Boiled|p1a: Chansey
|-heal|p1a: Chansey|704\/704
|
|turn|11
|
|switch|p1a: Haxorus|Haxorus, F|302\/302
|-ability|p1a: Haxorus|Mold Breaker
|move|p2a: Blissey|Heal Bell|p2a: Blissey
|-cureteam|p2a: Blissey|[from] move: HealBell
|
|turn|12
|
|move|p1a: Haxorus|Outrage|p2a: Blissey
|-damage|p2a: Blissey|77\/714
|move|p2a: Blissey|Wish|p2a: Blissey
|
|-heal|p2a: Blissey|121\/714|[from] item: Leftovers
|turn|13
|
|move|p2a: Blissey|Protect|p2a: Blissey
|-singleturn|p2a: Blissey|Protect
|move|p1a: Haxorus|Outrage|p2a: Blissey
|-activate|p2a: Blissey|Protect
|
|-heal|p2a: Blissey|478\/714|[from] move: Wish|[wisher] Blissey
|-heal|p2a: Blissey|522\/714|[from] item: Leftovers
|turn|14
|
|move|p1a: Haxorus|Outrage|p2a: Blissey
|-damage|p2a: Blissey|0 fnt
|faint|p2a: Blissey
|
|
|switch|p2a: Heatran|Heatran, F|94\/367
|turn|15
|
|move|p1a: Haxorus|Outrage|p2a: Heatran
|-resisted|p2a: Heatran
|-damage|p2a: Heatran|0 fnt
|faint|p2a: Heatran
|
|-message|FelixE forfeited.
|
|win|Kelloid
|raw|Ladder updating...
|raw|Kelloid's rating: 1470 &rarr; <strong>1487<\/strong><br \/>(+17 for winning)
|raw|FelixE's rating: 1425 &rarr; <strong>1408<\/strong><br \/>(-17 for losing)
|leave|FelixE
|player|p2