|join|mr.scout
|join|FelixE
|player|p1|mr.scout|266
|player|p2|FelixE|3
|gametype|singles
|gen|6
|tier|OU
|rated
|clearpoke
|poke|p1|Sableye, F
|poke|p1|Latios, M
|poke|p1|Landorus-Therian, M
|poke|p1|Clefable, M
|poke|p1|Ferrothorn, F
|poke|p1|Azumarill, M
|poke|p2|Landorus, M
|poke|p2|Clefable, F
|poke|p2|Amoonguss, F, shiny
|poke|p2|Slowbro, F, shiny
|poke|p2|Conkeldurr, F
|poke|p2|Skarmory, M
|rule|Swagger Clause: Swagger is banned
|rule|Baton Pass Clause: Limit one PokÃ©mon knowing Baton Pass
|rule|Sleep Clause Mod: Limit one foe put to sleep
|rule|Species Clause: Limit one of each PokÃ©mon
|rule|OHKO Clause: OHKO moves are banned
|rule|Moody Clause: Moody is banned
|rule|Evasion Moves Clause: Evasion moves are banned
|rule|Endless Battle Clause: Forcing endless battles is banned
|rule|HP Percentage Mod: HP is shown in percentages
|teampreview
|
|start
|switch|p1a: Clefable|Clefable, M|394\/394
|switch|p2a: Conkeldurr|Conkeldurr, F|413\/413
|turn|1
|
|switch|p2a: Clefable|Clefable, F|393\/393
|move|p1a: Clefable|Stealth Rock|p2a: Clefable
|-sidestart|p2: FelixE|move: Stealth Rock
|
|turn|2
|
|move|p2a: Clefable|Cosmic Power|p2a: Clefable
|-boost|p2a: Clefable|def|1
|-boost|p2a: Clefable|spd|1
|move|p1a: Clefable|Moonblast|p2a: Clefable
|-damage|p2a: Clefable|317\/393
|-unboost|p2a: Clefable|spa|1
|
|-heal|p2a: Clefable|341\/393|[from] item: Leftovers
|turn|3
|
|switch|p1a: Sableye|Sableye, F|303\/303
|move|p2a: Clefable|Charge Beam|p1a: Sableye|[miss]
|-miss|p2a: Clefable|p1a: Sableye
|
|-heal|p2a: Clefable|365\/393|[from] item: Leftovers
|turn|4
|
|switch|p2a: Conkeldurr|Conkeldurr, F|413\/413
|-damage|p2a: Conkeldurr|388\/413|[from] Stealth Rock
|move|p1a: Sableye|Calm Mind|p1a: Sableye
|-boost|p1a: Sableye|spa|1
|-boost|p1a: Sableye|spd|1
|
|turn|5
|
|detailschange|p1a: Sableye|Sableye-Mega, F
|-mega|p1a: Sableye|Sableye|Sablenite
|move|p1a: Sableye|Calm Mind|p1a: Sableye
|-boost|p1a: Sableye|spa|1
|-boost|p1a: Sableye|spd|1
|move|p2a: Conkeldurr|Knock Off|p1a: Sableye
|-damage|p1a: Sableye|249\/303
|
|turn|6
|
|switch|p2a: Clefable|Clefable, F|365\/393
|-damage|p2a: Clefable|316\/393|[from] Stealth Rock
|move|p1a: Sableye|Calm Mind|p1a: Sableye
|-boost|p1a: Sableye|spa|1
|-boost|p1a: Sableye|spd|1
|
|-heal|p2a: Clefable|340\/393|[from] item: Leftovers
|turn|7
|
|move|p2a: Clefable|Cosmic Power|p2a: Clefable
|-boost|p2a: Clefable|def|1
|-boost|p2a: Clefable|spd|1
|move|p1a: Sableye|Shadow Ball|p2a: Clefable
|-damage|p2a: Clefable|279\/393
|-unboost|p2a: Clefable|spd|1
|
|-heal|p2a: Clefable|303\/393|[from] item: Leftovers
|turn|8
|
|move|p2a: Clefable|Cosmic Power|p2a: Clefable
|-boost|p2a: Clefable|def|1
|-boost|p2a: Clefable|spd|1
|move|p1a: Sableye|Will-O-Wisp|p2a: Clefable
|-status|p2a: Clefable|brn
|
|-heal|p2a: Clefable|327\/393 brn|[from] item: Leftovers
|-damage|p2a: Clefable|278\/393 brn|[from] brn
|turn|9
|
|move|p2a: Clefable|Charge Beam|p1a: Sableye
|-crit|p1a: Sableye
|-damage|p1a: Sableye|201\/303
|-boost|p2a: Clefable|spa|1
|move|p1a: Sableye|Shadow Ball|p2a: Clefable
|-damage|p2a: Clefable|218\/393 brn
|
|-heal|p2a: Clefable|242\/393 brn|[from] item: Leftovers
|-damage|p2a: Clefable|193\/393 brn|[from] brn
|turn|10
|
|move|p2a: Clefable|Charge Beam|p1a: Sableye
|-damage|p1a: Sableye|152\/303
|-boost|p2a: Clefable|spa|1
|move|p1a: Sableye|Shadow Ball|p2a: Clefable
|-damage|p2a: Clefable|138\/393 brn
|
|-heal|p2a: Clefable|162\/393 brn|[from] item: Leftovers
|-damage|p2a: Clefable|113\/393 brn|[from] brn
|turn|11
|
|switch|p1a: Landorus-Therian|Landorus-Therian, M|319\/319
|-ability|p1a: Landorus-Therian|Intimidate|[of] p2a: Clefable
|-unboost|p2a: Clefable|atk|1
|move|p2a: Clefable|Moonlight|p2a: Clefable
|-heal|p2a: Clefable|309\/393 brn
|
|-heal|p2a: Clefable|333\/393 brn|[from] item: Leftovers
|-damage|p2a: Clefable|284\/393 brn|[from] brn
|turn|12
|
|move|p1a: Landorus-Therian|Knock Off|p2a: Clefable
|-resisted|p2a: Clefable
|-damage|p2a: Clefable|257\/393 brn
|-enditem|p2a: Clefable|Leftovers|[from] move: Knock Off|[of] p1a: Landorus-Therian
|move|p2a: Clefable|Stored Power|p1a: Landorus-Therian
|-damage|p1a: Landorus-Therian|90\/319
|
|-damage|p2a: Clefable|208\/393 brn|[from] brn
|turn|13
|
|switch|p1a: Ferrothorn|Ferrothorn, F|351\/351
|move|p2a: Clefable|Moonlight|p2a: Clefable
|-heal|p2a: Clefable|393\/393 brn
|
|-damage|p2a: Clefable|344\/393 brn|[from] brn
|turn|14
|
|move|p2a: Clefable|Cosmic Power|p2a: Clefable
|-boost|p2a: Clefable|def|1
|-boost|p2a: Clefable|spd|1
|move|p1a: Ferrothorn|Leech Seed|p2a: Clefable
|-start|p2a: Clefable|move: Leech Seed
|
|-damage|p2a: Clefable|295\/393 brn|[from] Leech Seed|[of] p1a: Ferrothorn
|-damage|p2a: Clefable|246\/393 brn|[from] brn
|turn|15
|
|move|p2a: Clefable|Charge Beam|p1a: Ferrothorn
|-resisted|p1a: Ferrothorn
|-damage|p1a: Ferrothorn|322\/351
|-boost|p2a: Clefable|spa|1
|move|p1a: Ferrothorn|Gyro Ball|p2a: Clefable
|-supereffective|p2a: Clefable
|-damage|p2a: Clefable|166\/393 brn
|
|-heal|p1a: Ferrothorn|343\/351|[from] item: Leftovers
|-damage|p2a: Clefable|117\/393 brn|[from] Leech Seed|[of] p1a: Ferrothorn
|-heal|p1a: Ferrothorn|351\/351|[silent]
|-damage|p2a: Clefable|68\/393 brn|[from] brn
|turn|16
|
|move|p2a: Clefable|Moonlight|p2a: Clefable
|-heal|p2a: Clefable|264\/393 brn
|move|p1a: Ferrothorn|Spikes|p2a: Clefable
|-sidestart|p2: FelixE|Spikes
|
|-damage|p2a: Clefable|215\/393 brn|[from] Leech Seed|[of] p1a: Ferrothorn
|-damage|p2a: Clefable|166\/393 brn|[from] brn
|turn|17
|
|move|p2a: Clefable|Moonlight|p2a: Clefable
|-heal|p2a: Clefable|362\/393 brn
|move|p1a: Ferrothorn|Spikes|p2a: Clefable
|-sidestart|p2: FelixE|Spikes
|
|-damage|p2a: Clefable|313\/393 brn|[from] Leech Seed|[of] p1a: Ferrothorn
|-damage|p2a: Clefable|264\/393 brn|[from] brn
|turn|18
|
|move|p1a: Ferrothorn|Protect|p1a: Ferrothorn
|-singleturn|p1a: Ferrothorn|Protect
|move|p2a: Clefable|Stored Power|p1a: Ferrothorn
|-activate|p1a: Ferrothorn|Protect
|
|-damage|p2a: Clefable|215\/393 brn|[from] Leech Seed|[of] p1a: Ferrothorn
|-damage|p2a: Clefable|166\/393 brn|[from] brn
|turn|19
|
|move|p2a: Clefable|Moonlight|p2a: Clefable
|-heal|p2a: Clefable|362\/393 brn
|move|p1a: Ferrothorn|Gyro Ball|p2a: Clefable
|-supereffective|p2a: Clefable
|-damage|p2a: Clefable|278\/393 brn
|
|-damage|p2a: Clefable|229\/393 brn|[from] Leech Seed|[of] p1a: Ferrothorn
|-damage|p2a: Clefable|180\/393 brn|[from] brn
|turn|20
|
|move|p2a: Clefable|Cosmic Power|p2a: Clefable
|-boost|p2a: Clefable|def|1
|-boost|p2a: Clefable|spd|1
|move|p1a: Ferrothorn|Gyro Ball|p2a: Clefable
|-supereffective|p2a: Clefable
|-damage|p2a: Clefable|118\/393 brn
|
|-damage|p2a: Clefable|69\/393 brn|[from] Leech Seed|[of] p1a: Ferrothorn
|-damage|p2a: Clefable|20\/393 brn|[from] brn
|turn|21
|
|move|p2a: Clefable|Moonlight|p2a: Clefable
|-heal|p2a: Clefable|216\/393 brn
|move|p1a: Ferrothorn|Spikes|p2a: Clefable
|-sidestart|p2: FelixE|Spikes
|
|-damage|p2a: Clefable|167\/393 brn|[from] Leech Seed|[of] p1a: Ferrothorn
|-damage|p2a: Clefable|118\/393 brn|[from] brn
|turn|22
|
|move|p2a: Clefable|Moonlight|p2a: Clefable
|-heal|p2a: Clefable|314\/393 brn
|move|p1a: Ferrothorn|Gyro Ball|p2a: Clefable
|-supereffective|p2a: Clefable
|-damage|p2a: Clefable|254\/393 brn
|
|-damage|p2a: Clefable|205\/393 brn|[from] Leech Seed|[of] p1a: Ferrothorn
|-damage|p2a: Clefable|156\/393 brn|[from] brn
|turn|23
|
|move|p1a: Ferrothorn|Protect|p1a: Ferrothorn
|-singleturn|p1a: Ferrothorn|Protect
|move|p2a: Clefable|Stored Power|p1a: Ferrothorn
|-activate|p1a: Ferrothorn|Protect
|
|-damage|p2a: Clefable|107\/393 brn|[from] Leech Seed|[of] p1a: Ferrothorn
|-damage|p2a: Clefable|58\/393 brn|[from] brn
|turn|24
|
|switch|p1a: Sableye|Sableye-Mega, F|152\/303
|move|p2a: Clefable|Stored Power|p1a: Sableye
|-immune|p1a: Sableye|[msg]
|
|-damage|p2a: Clefable|9\/393 brn|[from] Leech Seed|[of] p1a: Sableye
|-heal|p1a: Sableye|201\/303|[silent]
|-damage|p2a: Clefable|0 fnt|[from] brn
|faint|p2a: Clefable
|
|switch|p2a: Landorus|Landorus, M|319\/319
|-damage|p2a: Landorus|280\/319|[from] Stealth Rock
|turn|25
|
|switch|p1a: Latios|Latios, M|301\/301
|move|p2a: Landorus|Earth Power|p1a: Latios
|-immune|p1a: Latios|[msg]
|
|turn|26
|
|switch|p2a: Skarmory|Skarmory, M|334\/334
|-damage|p2a: Skarmory|293\/334|[from] Stealth Rock
|move|p1a: Latios|Ice Beam|p2a: Skarmory
|-damage|p2a: Skarmory|107\/334
|-damage|p1a: Latios|271\/301|[from] item: Life Orb
|
|-heal|p2a: Skarmory|127\/334|[from] item: Leftovers
|turn|27
|
|move|p1a: Latios|Ice Beam|p2a: Skarmory
|-damage|p2a: Skarmory|0 fnt
|-damage|p1a: Latios|241\/301|[from] item: Life Orb
|faint|p2a: Skarmory
|
|
|switch|p2a: Conkeldurr|Conkeldurr, F|388\/413
|-damage|p2a: Conkeldurr|363\/413|[from] Stealth Rock
|-damage|p2a: Conkeldurr|260\/413|[from] Spikes
|turn|28
|
|move|p1a: Latios|Draco Meteor|p2a: Conkeldurr
|-damage|p2a: Conkeldurr|0 fnt
|-unboost|p1a: Latios|spa|2
|-damage|p1a: Latios|211\/301|[from] item: Life Orb
|faint|p2a: Conkeldurr
|
|
|switch|p2a: Landorus|Landorus, M|280\/319
|-damage|p2a: Landorus|241\/319|[from] Stealth Rock
|turn|29
|
|move|p1a: Latios|Ice Beam|p2a: Landorus
|-supereffective|p2a: Landorus
|-damage|p2a: Landorus|0 fnt
|-damage|p1a: Latios|181\/301|[from] item: Life Orb
|faint|p2a: Landorus
|
|-message|FelixE forfeited.
|leave|FelixE
|
|win|mr.scout
|raw|Ladder updating...
|player|p2
|raw|mr.scout's rating: 1450 &rarr; <strong>1469<\/strong><br \/>(+19 for winning)
|raw|FelixE's rating: 1432 &rarr; <strong>1413<\/strong><br \/>(-19 for losing)