|join|FelixE
|join|yoorofl
|player|p1|FelixE|218
|player|p2|yoorofl|273
|gametype|singles
|gen|6
|tier|OU
|rated
|clearpoke
|poke|p1|Clefable, F
|poke|p1|Skarmory, M
|poke|p1|Amoonguss, F
|poke|p1|Slowbro, F
|poke|p1|Conkeldurr, M
|poke|p1|Landorus-Therian, M
|poke|p2|Metagross
|poke|p2|Azumarill, M
|poke|p2|Hydreigon, F
|poke|p2|Landorus-Therian, M
|poke|p2|Sylveon, F
|poke|p2|Skarmory, F
|rule|Swagger Clause: Swagger is banned
|rule|Baton Pass Clause: Limit one PokÃ©mon knowing Baton Pass
|rule|Sleep Clause Mod: Limit one foe put to sleep
|rule|Species Clause: Limit one of each PokÃ©mon
|rule|OHKO Clause: OHKO moves are banned
|rule|Moody Clause: Moody is banned
|rule|Evasion Moves Clause: Evasion moves are banned
|rule|Endless Battle Clause: Forcing endless battles is banned
|rule|HP Percentage Mod: HP is shown in percentages
|teampreview
|
|start
|switch|p1a: Amoonguss|Amoonguss, F|431\/431
|switch|p2a: Landorus-Therian|Landorus-Therian, M|382\/382
|-ability|p2a: Landorus-Therian|Intimidate|[of] p1a: Amoonguss
|-unboost|p1a: Amoonguss|atk|1
|turn|1
|
|move|p2a: Landorus-Therian|Stealth Rock|p1a: Amoonguss
|-sidestart|p1: FelixE|move: Stealth Rock
|move|p1a: Amoonguss|Spore|p2a: Landorus-Therian
|-status|p2a: Landorus-Therian|slp
|
|turn|2
|
|switch|p2a: Skarmory|Skarmory, F|333\/333
|move|p1a: Amoonguss|Giga Drain|p2a: Skarmory
|-resisted|p2a: Skarmory
|-damage|p2a: Skarmory|309\/333
|
|turn|3
|
|switch|p1a: Slowbro|Slowbro, F|393\/393
|-damage|p1a: Slowbro|344\/393|[from] Stealth Rock
|move|p2a: Skarmory|Brave Bird|p1a: Slowbro
|-damage|p1a: Slowbro|271\/393
|-damage|p2a: Skarmory|285\/333|[from] recoil|[of] p1a: Slowbro
|
|turn|4
|
|switch|p2a: Hydreigon|Hydreigon, F|339\/339
|move|p1a: Slowbro|Scald|p2a: Hydreigon
|-resisted|p2a: Hydreigon
|-damage|p2a: Hydreigon|289\/339
|
|turn|5
|
|switch|p1a: Clefable|Clefable, F|393\/393
|-damage|p1a: Clefable|344\/393|[from] Stealth Rock
|move|p2a: Hydreigon|Dark Pulse|p1a: Clefable
|-resisted|p1a: Clefable
|-damage|p1a: Clefable|268\/393
|
|-heal|p1a: Clefable|292\/393|[from] item: Leftovers
|turn|6
|
|switch|p2a: Metagross|Metagross|301\/301
|move|p1a: Clefable|Cosmic Power|p1a: Clefable
|-boost|p1a: Clefable|def|1
|-boost|p1a: Clefable|spd|1
|
|-heal|p1a: Clefable|316\/393|[from] item: Leftovers
|turn|7
|
|switch|p1a: Landorus-Therian|Landorus-Therian, M|319\/319
|-damage|p1a: Landorus-Therian|280\/319|[from] Stealth Rock
|-ability|p1a: Landorus-Therian|Intimidate|[of] p2a: Metagross
|-fail|p2a: Metagross|unboost|[from] ability: Clear Body|[of] p2a: Metagross
|detailschange|p2a: Metagross|Metagross-Mega
|-mega|p2a: Metagross|Metagross|Metagrossite
|move|p2a: Metagross|Meteor Mash|p1a: Landorus-Therian
|-damage|p1a: Landorus-Therian|31\/319
|
|turn|8
|
|switch|p2a: Landorus-Therian|Landorus-Therian, M|382\/382 slp
|-ability|p2a: Landorus-Therian|Intimidate|[of] p1a: Landorus-Therian
|-unboost|p1a: Landorus-Therian|atk|1
|move|p1a: Landorus-Therian|Knock Off|p2a: Landorus-Therian
|-damage|p2a: Landorus-Therian|319\/382 slp
|-enditem|p2a: Landorus-Therian|Leftovers|[from] move: Knock Off|[of] p1a: Landorus-Therian
|
|turn|9
|
|switch|p1a: Slowbro|Slowbro, F|393\/393
|-damage|p1a: Slowbro|344\/393|[from] Stealth Rock
|cant|p2a: Landorus-Therian|slp
|
|turn|10
|
|switch|p2a: Hydreigon|Hydreigon, F|289\/339
|detailschange|p1a: Slowbro|Slowbro-Mega, F
|-mega|p1a: Slowbro|Slowbro|Slowbronite
|move|p1a: Slowbro|Calm Mind|p1a: Slowbro
|-boost|p1a: Slowbro|spa|1
|-boost|p1a: Slowbro|spd|1
|
|turn|11
|
|move|p2a: Hydreigon|Dark Pulse|p1a: Slowbro
|-supereffective|p1a: Slowbro
|-damage|p1a: Slowbro|134\/393
|move|p1a: Slowbro|Scald|p2a: Hydreigon
|-resisted|p2a: Hydreigon
|-damage|p2a: Hydreigon|190\/339
|
|turn|12
|
|switch|p1a: Clefable|Clefable, F|316\/393
|-damage|p1a: Clefable|267\/393|[from] Stealth Rock
|move|p2a: Hydreigon|Dark Pulse|p1a: Clefable
|-resisted|p1a: Clefable
|-damage|p1a: Clefable|192\/393
|
|-heal|p1a: Clefable|216\/393|[from] item: Leftovers
|turn|13
|
|switch|p2a: Metagross|Metagross-Mega|301\/301
|move|p1a: Clefable|Moonlight|p1a: Clefable
|-heal|p1a: Clefable|393\/393
|
|turn|14
|
|switch|p1a: Skarmory|Skarmory, M|331\/331
|-damage|p1a: Skarmory|290\/331|[from] Stealth Rock
|move|p2a: Metagross|Meteor Mash|p1a: Skarmory
|-resisted|p1a: Skarmory
|-damage|p1a: Skarmory|227\/331
|
|turn|15
|
|switch|p2a: Hydreigon|Hydreigon, F|190\/339
|move|p1a: Skarmory|Defog|p2a: Hydreigon
|-unboost|p2a: Hydreigon|evasion|1
|-sideend|p1: FelixE|Stealth Rock|[from] move: Defog|[of] p1a: Skarmory
|
|turn|16
|
|switch|p1a: Clefable|Clefable, F|393\/393
|move|p2a: Hydreigon|Fire Blast|p1a: Clefable
|-damage|p1a: Clefable|246\/393
|
|-heal|p1a: Clefable|270\/393|[from] item: Leftovers
|turn|17
|
|switch|p2a: Metagross|Metagross-Mega|301\/301
|move|p1a: Clefable|Charge Beam|p2a: Metagross
|-crit|p2a: Metagross
|-damage|p2a: Metagross|246\/301
|-boost|p1a: Clefable|spa|1
|
|-heal|p1a: Clefable|294\/393|[from] item: Leftovers
|turn|18
|
|switch|p1a: Skarmory|Skarmory, M|227\/331
|move|p2a: Metagross|Meteor Mash|p1a: Skarmory
|-resisted|p1a: Skarmory
|-damage|p1a: Skarmory|167\/331
|
|turn|19
|
|switch|p2a: Landorus-Therian|Landorus-Therian, M|319\/382 slp
|-ability|p2a: Landorus-Therian|Intimidate|[of] p1a: Skarmory
|-unboost|p1a: Skarmory|atk|1
|move|p1a: Skarmory|Roost|p1a: Skarmory
|-heal|p1a: Skarmory|331\/331
|
|turn|20
|
|switch|p1a: Conkeldurr|Conkeldurr, M|413\/413
|cant|p2a: Landorus-Therian|slp
|
|turn|21
|
|switch|p2a: Sylveon|Sylveon, F|394\/394
|move|p1a: Conkeldurr|Ice Punch|p2a: Sylveon
|-damage|p2a: Sylveon|297\/394
|
|-heal|p2a: Sylveon|321\/394|[from] item: Leftovers
|turn|22
|
|move|p2a: Sylveon|Wish|p2a: Sylveon
|move|p1a: Conkeldurr|Poison Jab|p2a: Sylveon
|-supereffective|p2a: Sylveon
|-damage|p2a: Sylveon|103\/394
|-status|p2a: Sylveon|psn
|
|-heal|p2a: Sylveon|127\/394 psn|[from] item: Leftovers
|-damage|p2a: Sylveon|78\/394 psn|[from] psn
|turn|23
|c|âyoorofl|well, i screwed up that gamble
|
|switch|p1a: Amoonguss|Amoonguss, F|431\/431
|move|p2a: Sylveon|Protect|p2a: Sylveon
|-fail|p2a: Sylveon
|
|-heal|p2a: Sylveon|275\/394 psn|[from] move: Wish|[wisher] Sylveon
|-heal|p2a: Sylveon|299\/394 psn|[from] item: Leftovers
|-damage|p2a: Sylveon|250\/394 psn|[from] psn
|turn|24
|
|move|p2a: Sylveon|Heal Bell|p2a: Sylveon
|-cureteam|p2a: Sylveon|[from] move: HealBell
|move|p1a: Amoonguss|Sludge Bomb|p2a: Sylveon
|-supereffective|p2a: Sylveon
|-damage|p2a: Sylveon|98\/394
|-status|p2a: Sylveon|psn
|
|-heal|p2a: Sylveon|122\/394 psn|[from] item: Leftovers
|-damage|p2a: Sylveon|73\/394 psn|[from] psn
|turn|25
|
|move|p2a: Sylveon|Wish|p2a: Sylveon
|move|p1a: Amoonguss|Sludge Bomb|p2a: Sylveon
|-supereffective|p2a: Sylveon
|-damage|p2a: Sylveon|0 fnt
|faint|p2a: Sylveon
|
|
|switch|p2a: Metagross|Metagross-Mega|246\/301
|turn|26
|
|switch|p1a: Skarmory|Skarmory, M|331\/331
|move|p2a: Metagross|Zen Headbutt|p1a: Skarmory
|-resisted|p1a: Skarmory
|-damage|p1a: Skarmory|268\/331
|
|-heal|p2a: Metagross|301\/301|[from] move: Wish|[wisher] Sylveon
|turn|27
|
|switch|p2a: Landorus-Therian|Landorus-Therian, M|319\/382
|-ability|p2a: Landorus-Therian|Intimidate|[of] p1a: Skarmory
|-unboost|p1a: Skarmory|atk|1
|move|p1a: Skarmory|Drill Peck|p2a: Landorus-Therian
|-crit|p2a: Landorus-Therian
|-damage|p2a: Landorus-Therian|219\/382
|
|turn|28
|
|move|p2a: Landorus-Therian|Stealth Rock|p1a: Skarmory
|-sidestart|p1: FelixE|move: Stealth Rock
|move|p1a: Skarmory|Defog|p2a: Landorus-Therian
|-unboost|p2a: Landorus-Therian|evasion|1
|-sideend|p1: FelixE|Stealth Rock|[from] move: Defog|[of] p1a: Skarmory
|
|turn|29
|
|switch|p1a: Amoonguss|Amoonguss, F|431\/431
|move|p2a: Landorus-Therian|Stealth Rock|p1a: Amoonguss
|-sidestart|p1: FelixE|move: Stealth Rock
|
|turn|30
|
|move|p2a: Landorus-Therian|Earthquake|p1a: Amoonguss
|-damage|p1a: Amoonguss|223\/431
|move|p1a: Amoonguss|Spore|p2a: Landorus-Therian
|-status|p2a: Landorus-Therian|slp
|
|-heal|p1a: Amoonguss|249\/431|[from] item: Black Sludge
|turn|31
|
|switch|p2a: Azumarill|Azumarill, M|403\/403
|move|p1a: Amoonguss|Giga Drain|p2a: Azumarill
|-supereffective|p2a: Azumarill
|-damage|p2a: Azumarill|265\/403
|-heal|p1a: Amoonguss|318\/431|[from] drain|[of] p2a: Azumarill
|
|-heal|p1a: Amoonguss|344\/431|[from] item: Black Sludge
|turn|32
|
|move|p2a: Azumarill|Knock Off|p1a: Amoonguss
|-damage|p1a: Amoonguss|158\/431
|-enditem|p1a: Amoonguss|Black Sludge|[from] move: Knock Off|[of] p2a: Azumarill
|move|p1a: Amoonguss|Sludge Bomb|p2a: Azumarill
|-supereffective|p2a: Azumarill
|-damage|p2a: Azumarill|119\/403
|
|turn|33
|
|switch|p2a: Metagross|Metagross-Mega|301\/301
|move|p1a: Amoonguss|Giga Drain|p2a: Metagross
|-crit|p2a: Metagross
|-resisted|p2a: Metagross
|-damage|p2a: Metagross|250\/301
|-heal|p1a: Amoonguss|184\/431|[from] drain|[of] p2a: Metagross
|
|turn|34
|
|switch|p2a: Hydreigon|Hydreigon, F|190\/339
|switch|p1a: Skarmory|Skarmory, M|268\/331
|-damage|p1a: Skarmory|227\/331|[from] Stealth Rock
|
|turn|35
|
|switch|p1a: Clefable|Clefable, F|294\/393
|-damage|p1a: Clefable|245\/393|[from] Stealth Rock
|move|p2a: Hydreigon|Fire Blast|p1a: Clefable
|-crit|p1a: Clefable
|-damage|p1a: Clefable|25\/393
|
|-heal|p1a: Clefable|49\/393|[from] item: Leftovers
|turn|36
|
|move|p2a: Hydreigon|Fire Blast|p1a: Clefable
|-damage|p1a: Clefable|0 fnt
|faint|p1a: Clefable
|
|
|switch|p1a: Conkeldurr|Conkeldurr, M|413\/413
|-damage|p1a: Conkeldurr|388\/413|[from] Stealth Rock
|turn|37
|
|switch|p2a: Landorus-Therian|Landorus-Therian, M|219\/382 slp
|-ability|p2a: Landorus-Therian|Intimidate|[of] p1a: Conkeldurr
|-unboost|p1a: Conkeldurr|atk|1
|move|p1a: Conkeldurr|Drain Punch|p2a: Landorus-Therian
|-resisted|p2a: Landorus-Therian
|-damage|p2a: Landorus-Therian|177\/382 slp
|-heal|p1a: Conkeldurr|409\/413|[from] drain|[of] p2a: Landorus-Therian
|
|turn|38
|
|switch|p2a: Azumarill|Azumarill, M|119\/403
|move|p1a: Conkeldurr|Knock Off|p2a: Azumarill
|-resisted|p2a: Azumarill
|-damage|p2a: Azumarill|67\/403
|-enditem|p2a: Azumarill|Assault Vest|[from] move: Knock Off|[of] p1a: Conkeldurr
|
|turn|39
|
|switch|p1a: Amoonguss|Amoonguss, F|327\/431
|-damage|p1a: Amoonguss|274\/431|[from] Stealth Rock
|move|p2a: Azumarill|Play Rough|p1a: Amoonguss
|-resisted|p1a: Amoonguss
|-damage|p1a: Amoonguss|148\/431
|
|turn|40
|
|switch|p2a: Hydreigon|Hydreigon, F|190\/339
|move|p1a: Amoonguss|Hidden Power|p2a: Hydreigon
|-resisted|p2a: Hydreigon
|-damage|p2a: Hydreigon|167\/339
|
|turn|41
|
|switch|p1a: Skarmory|Skarmory, M|227\/331
|-damage|p1a: Skarmory|186\/331|[from] Stealth Rock
|move|p2a: Hydreigon|Fire Blast|p1a: Skarmory
|-supereffective|p1a: Skarmory
|-damage|p1a: Skarmory|0 fnt
|faint|p1a: Skarmory
|
|
|switch|p1a: Conkeldurr|Conkeldurr, M|409\/413
|-damage|p1a: Conkeldurr|384\/413|[from] Stealth Rock
|turn|42
|
|switch|p2a: Metagross|Metagross-Mega|250\/301
|move|p1a: Conkeldurr|Ice Punch|p2a: Metagross
|-resisted|p2a: Metagross
|-damage|p2a: Metagross|210\/301
|
|turn|43
|
|move|p2a: Metagross|Zen Headbutt|p1a: Conkeldurr
|-crit|p1a: Conkeldurr
|-supereffective|p1a: Conkeldurr
|-damage|p1a: Conkeldurr|0 fnt
|faint|p1a: Conkeldurr
|
|-message|FelixE forfeited.
|leave|FelixE
|
|switch|p1a: Landorus-Therian|Landorus-Therian, M|31\/319
|-damage|p1a: Landorus-Therian|0 fnt|[from] Stealth Rock
|faint|p1a: Landorus-Therian
|
|win|yoorofl
|raw|Ladder updating...
|player|p1
|raw|FelixE's rating: 1457 &rarr; <strong>1434<\/strong><br \/>(-23 for losing)
|raw|yoorofl's rating: 1408 &rarr; <strong>1431<\/strong><br \/>(+23 for winning)