|join|uberssuck20
|join|FelixE
|player|p1|uberssuck20|13
|player|p2|FelixE|1
|gametype|singles
|tier|OU
|rated
|rule|Evasion Abilities Clause: Evasion abilities are banned
|clearpoke
|poke|p1|Nidoqueen, F
|poke|p1|Hitmontop, M
|poke|p1|Heracross, F
|poke|p1|Latios, M
|poke|p1|Mamoswine, M
|poke|p1|Chansey, F
|poke|p2|Politoed, F, shiny
|poke|p2|Toxicroak, M
|poke|p2|Latios, M
|poke|p2|Breloom, F
|poke|p2|Blissey, F
|poke|p2|Jirachi, shiny
|rule|Sleep Clause Mod: Limit one foe put to sleep
|rule|Species Clause: Limit one of each Pokemon
|rule|OHKO Clause: OHKO moves are banned
|rule|Moody Clause: Moody is banned
|rule|Evasion Moves Clause: Evasion moves are banned
|rule|HP Percentage Mod: HP is reported as percentages
|teampreview
|callback|decision
|
|start
|switch|p1a: Latios|Latios, M|302\/302
|switch|p2a: Blissey|Blissey, F|714\/714
|turn|1
|callback|decision
|
|move|p1a: Latios|Psyshock|p2a: Blissey
|-damage|p2a: Blissey|359\/714
|-damage|p1a: Latios|272\/302|[from] item: Life Orb
|move|p2a: Blissey|Toxic|p1a: Latios
|-status|p1a: Latios|tox
|
|-heal|p2a: Blissey|403\/714|[from] item: Leftovers
|-damage|p1a: Latios|254\/302 tox|[from] psn
|turn|2
|callback|decision
|
|switch|p1a: Heracross|Heracross, F|302\/302
|move|p2a: Blissey|Wish|p2a: Blissey
|
|-heal|p2a: Blissey|447\/714|[from] item: Leftovers
|turn|3
|callback|decision
|
|switch|p2a: Bailarbailar|Politoed, F, shiny|384\/384
|-weather|RainDance|[from] ability: Drizzle|[of] p2a: Bailarbailar
|move|p1a: Heracross|Close Combat|p2a: Bailarbailar
|-damage|p2a: Bailarbailar|65\/384
|-unboost|p1a: Heracross|def|1
|-unboost|p1a: Heracross|spd|1
|
|-weather|RainDance|[upkeep]
|-heal|p2a: Bailarbailar|384\/384|[from] move: Wish|[wisher] Blissey
|turn|4
|callback|decision
|
|move|p1a: Heracross|Close Combat|p2a: Bailarbailar
|-damage|p2a: Bailarbailar|92\/384
|-unboost|p1a: Heracross|def|1
|-unboost|p1a: Heracross|spd|1
|move|p2a: Bailarbailar|Scald|p1a: Heracross
|-damage|p1a: Heracross|53\/302
|
|-weather|RainDance|[upkeep]
|-heal|p2a: Bailarbailar|116\/384|[from] item: Leftovers
|turn|5
|callback|decision
|
|move|p2a: Bailarbailar|Protect|p2a: Bailarbailar
|-singleturn|p2a: Bailarbailar|Protect
|move|p1a: Heracross|Close Combat|p2a: Bailarbailar
|-activate|p2a: Bailarbailar|Protect
|
|-weather|RainDance|[upkeep]
|-heal|p2a: Bailarbailar|140\/384|[from] item: Leftovers
|turn|6
|callback|decision
|
|switch|p2a: SlimShady|Breloom, F|323\/323
|move|p1a: Heracross|Close Combat|p2a: SlimShady
|-damage|p2a: SlimShady|43\/323
|-unboost|p1a: Heracross|def|1
|-unboost|p1a: Heracross|spd|1
|
|-weather|RainDance|[upkeep]
|-activate|p2a: SlimShady|item: Toxic Orb
|-status|p2a: SlimShady|tox
|turn|7
|callback|decision
|
|switch|p1a: Latios|Latios, M|254\/302 tox
|move|p2a: SlimShady|Spore|p1a: Latios
|-fail|p1a: Latios
|
|-weather|RainDance|[upkeep]
|-damage|p1a: Latios|236\/302 tox|[from] psn
|-heal|p2a: SlimShady|83\/323 tox|[from] ability: Poison Heal
|turn|8
|callback|decision
|
|move|p1a: Latios|Psyshock|p2a: SlimShady
|-supereffective|p2a: SlimShady
|-damage|p2a: SlimShady|0 fnt
|-damage|p1a: Latios|206\/302 tox|[from] item: Life Orb
|faint|p2a: SlimShady
|
|-weather|RainDance|[upkeep]
|-damage|p1a: Latios|170\/302 tox|[from] psn
|callback|decision
|
|switch|p2a: King|Jirachi, shiny|404\/404
|turn|9
|callback|decision
|
|move|p1a: Latios|Surf|p2a: King
|-damage|p2a: King|225\/404
|-damage|p1a: Latios|140\/302 tox|[from] item: Life Orb
|move|p2a: King|Calm Mind|p2a: King
|-boost|p2a: King|spa|1
|-boost|p2a: King|spd|1
|
|-weather|RainDance|[upkeep]
|-heal|p2a: King|250\/404|[from] item: Leftovers
|-damage|p1a: Latios|86\/302 tox|[from] psn
|turn|10
|callback|decision
|
|move|p1a: Latios|Surf|p2a: King
|-damage|p2a: King|134\/404
|-damage|p1a: Latios|56\/302 tox|[from] item: Life Orb
|move|p2a: King|Calm Mind|p2a: King
|-boost|p2a: King|spa|1
|-boost|p2a: King|spd|1
|
|-weather|RainDance|[upkeep]
|-heal|p2a: King|159\/404|[from] item: Leftovers
|-damage|p1a: Latios|0 fnt|[from] psn
|faint|p1a: Latios
|callback|decision
|
|switch|p1a: Heracross|Heracross, F|53\/302
|turn|11
|callback|decision
|
|move|p1a: Heracross|Close Combat|p2a: King
|-damage|p2a: King|0 fnt
|-unboost|p1a: Heracross|def|1
|-unboost|p1a: Heracross|spd|1
|faint|p2a: King
|
|-weather|RainDance|[upkeep]
|callback|decision
|
|switch|p2a: GraraDraco|Latios, M|302\/302
|turn|12
|callback|decision
|
|switch|p1a: Chansey|Chansey, F|704\/704
|move|p2a: GraraDraco|Surf|p1a: Chansey
|-damage|p1a: Chansey|596\/704
|
|-weather|RainDance|[upkeep]
|turn|13
|callback|decision
|
|move|p2a: GraraDraco|Psyshock|p1a: Chansey
|-damage|p1a: Chansey|391\/704
|move|p1a: Chansey|Thunder Wave|p2a: GraraDraco
|-status|p2a: GraraDraco|par
|-enditem|p2a: GraraDraco|Lum Berry|[eat]
|-curestatus|p2a: GraraDraco|par
|
|-weather|RainDance|[upkeep]
|turn|14
|callback|decision
|
|switch|p2a: Croky-chips|Toxicroak, M|370\/370
|move|p1a: Chansey|Thunder Wave|p2a: Croky-chips
|-status|p2a: Croky-chips|par
|
|-weather|RainDance|[upkeep]
|turn|15
|callback|decision
|
|move|p1a: Chansey|Seismic Toss|p2a: Croky-chips
|-damage|p2a: Croky-chips|270\/370 par
|move|p2a: Croky-chips|Bulk Up|p2a: Croky-chips
|-boost|p2a: Croky-chips|atk|1
|-boost|p2a: Croky-chips|def|1
|
|-weather|RainDance|[upkeep]
|-heal|p2a: Croky-chips|316\/370 par|[from] ability: Dry Skin
|-heal|p2a: Croky-chips|339\/370 par|[from] item: Black Sludge
|turn|16
|callback|decision
|
|switch|p1a: Nidoqueen|Nidoqueen, F|384\/384
|move|p2a: Croky-chips|Bulk Up|p2a: Croky-chips
|-boost|p2a: Croky-chips|atk|1
|-boost|p2a: Croky-chips|def|1
|
|-weather|RainDance|[upkeep]
|-heal|p2a: Croky-chips|370\/370 par|[from] ability: Dry Skin
|turn|17
|callback|decision
|
|move|p1a: Nidoqueen|Earth Power|p2a: Croky-chips
|-supereffective|p2a: Croky-chips
|-damage|p2a: Croky-chips|0 fnt
|faint|p2a: Croky-chips
|
|-weather|RainDance|[upkeep]
|callback|decision
|
|switch|p2a: GraraDraco|Latios, M|302\/302
|turn|18
|callback|decision
|
|move|p2a: GraraDraco|Surf|p1a: Nidoqueen
|-supereffective|p1a: Nidoqueen
|-damage|p1a: Nidoqueen|48\/384
|move|p1a: Nidoqueen|Ice Beam|p2a: GraraDraco
|-supereffective|p2a: GraraDraco
|-damage|p2a: GraraDraco|99\/302
|
|-weather|RainDance|[upkeep]
|turn|19
|callback|decision
|
|switch|p1a: Heracross|Heracross, F|53\/302
|move|p2a: GraraDraco|Surf|p1a: Heracross
|-damage|p1a: Heracross|0 fnt
|faint|p1a: Heracross
|
|-weather|RainDance|[upkeep]
|callback|decision
|
|switch|p1a: Mamoswine|Mamoswine, M|362\/362
|turn|20
|callback|decision
|
|switch|p2a: Blissey|Blissey, F|447\/714
|move|p1a: Mamoswine|Ice Shard|p2a: Blissey
|-crit|p2a: Blissey
|-damage|p2a: Blissey|100\/714
|-damage|p1a: Mamoswine|326\/362|[from] item: Life Orb
|
|-weather|RainDance|[upkeep]
|-heal|p2a: Blissey|144\/714|[from] item: Leftovers
|turn|21
|callback|decision
|
|move|p2a: Blissey|Protect|p2a: Blissey
|-singleturn|p2a: Blissey|Protect
|move|p1a: Mamoswine|Ice Shard|p2a: Blissey
|-activate|p2a: Blissey|Protect
|
|-weather|RainDance|[upkeep]
|-heal|p2a: Blissey|188\/714|[from] item: Leftovers
|turn|22
|callback|decision
|
|move|p1a: Mamoswine|Earthquake|p2a: Blissey
|-damage|p2a: Blissey|0 fnt
|-damage|p1a: Mamoswine|290\/362|[from] item: Life Orb
|faint|p2a: Blissey
|
|-weather|RainDance|[upkeep]
|callback|decision
|
|switch|p2a: Bailarbailar|Politoed, F, shiny|140\/384
|turn|23
|callback|decision
|
|move|p1a: Mamoswine|Earthquake|p2a: Bailarbailar
|-damage|p2a: Bailarbailar|0 fnt
|-damage|p1a: Mamoswine|254\/362|[from] item: Life Orb
|faint|p2a: Bailarbailar
|
|-weather|RainDance|[upkeep]
|callback|decision
|-message|FelixE forfeited.
|
|win|uberssuck20
|raw|Ladder updating...
|leave|FelixE
|player|p2
|raw|uberssuck20's rating: 1881 &rarr; <strong>1885<\/strong><br \/>(+4 for winning)
|raw|FelixE's rating: 1770 &rarr; <strong>1766<\/strong><br \/>(-4 for losing)