|join|Rdc
|join|FelixE
|player|p1|Rdc|166
|player|p2|FelixE|170
|gametype|singles
|tier|OU
|rated
|rule|Evasion Abilities Clause: Evasion abilities are banned
|clearpoke
|poke|p1|Ninetales, F
|poke|p1|Celebi
|poke|p1|Garchomp, F
|poke|p1|Heatran, M
|poke|p1|Forretress, F
|poke|p1|Shiftry, F
|poke|p2|Politoed, F, shiny
|poke|p2|Toxicroak, M
|poke|p2|Latios, M
|poke|p2|Celebi
|poke|p2|Blissey, F
|poke|p2|Jirachi, shiny
|rule|Sleep Clause Mod: Limit one foe put to sleep
|rule|Species Clause: Limit one of each Pokemon
|rule|OHKO Clause: OHKO moves are banned
|rule|Moody Clause: Moody is banned
|rule|Evasion Moves Clause: Evasion moves are banned
|rule|HP Percentage Mod: HP is reported as percentages
|teampreview
|callback|decision
|
|start
|switch|p1a: Celebi|Celebi|377\/377
|switch|p2a: Blissey|Blissey, F|714\/714
|turn|1
|callback|decision
|
|move|p1a: Celebi|Leech Seed|p2a: Blissey
|-start|p2a: Blissey|move: Leech Seed
|move|p2a: Blissey|Stealth Rock|p1a: Celebi
|-sidestart|p1: Rdc|move: Stealth Rock
|
|-damage|p2a: Blissey|625\/714|[from] Leech Seed|[of] p1a: Celebi
|turn|2
|callback|decision
|
|switch|p1a: Forretress|Forretress, F|354\/354
|-damage|p1a: Forretress|310\/354|[from] Stealth Rock
|switch|p2a: SlimShady|Celebi|341\/341
|
|turn|3
|callback|decision
|
|move|p2a: SlimShady|Nasty Plot|p2a: SlimShady
|-boost|p2a: SlimShady|spa|2
|move|p1a: Forretress|Rapid Spin|p2a: SlimShady
|-damage|p2a: SlimShady|325\/341
|-sideend|p1: Rdc|Stealth Rock|[from] move: Rapid Spin|[of] p1a: Forretress
|
|-heal|p2a: SlimShady|341\/341|[from] item: Leftovers
|turn|4
|callback|decision
|
|move|p2a: SlimShady|Earth Power|p1a: Forretress
|-damage|p1a: Forretress|34\/354
|move|p1a: Forretress|Toxic Spikes|p2a: SlimShady
|-sidestart|p2: FelixE|move: Toxic Spikes
|
|turn|5
|callback|decision
|
|switch|p1a: Heatran|Heatran, M|323\/323
|-item|p1a: Heatran|Air Balloon
|move|p2a: SlimShady|Earth Power|p1a: Heatran
|-immune|p1a: Heatran|[msg]
|
|turn|6
|callback|decision
|chat|FelixE|gg
|
|switch|p2a: Bailarbailar|Politoed, F, shiny|384\/384
|-status|p2a: Bailarbailar|psn
|-weather|RainDance|[from] ability: Drizzle|[of] p2a: Bailarbailar
|move|p1a: Heatran|Fire Blast|p2a: Bailarbailar|[miss]
|-miss|p1a: Heatran|p2a: Bailarbailar
|
|-weather|RainDance|[upkeep]
|-damage|p2a: Bailarbailar|336\/384 psn|[from] psn
|turn|7
|callback|decision
|
|switch|p1a: Celebi|Celebi|377\/377
|switch|p2a: Croky-chips|Toxicroak, M|370\/370
|-sideend|p2: FelixE|move: Toxic Spikes|[of] p2a: Croky-chips
|
|-weather|RainDance|[upkeep]
|turn|8
|callback|decision
|
|move|p1a: Celebi|Psychic|p2a: Croky-chips
|-supereffective|p2a: Croky-chips
|-damage|p2a: Croky-chips|0 fnt
|faint|p2a: Croky-chips
|
|-weather|RainDance|[upkeep]
|callback|decision
|
|switch|p2a: GraraDraco|Latios, M|302\/302
|turn|9
|callback|decision
|
|move|p2a: GraraDraco|Surf|p1a: Celebi
|-resisted|p1a: Celebi
|-damage|p1a: Celebi|319\/377
|move|p1a: Celebi|Thunder Wave|p2a: GraraDraco
|-status|p2a: GraraDraco|par
|-enditem|p2a: GraraDraco|Lum Berry|[eat]
|-curestatus|p2a: GraraDraco|par
|
|-weather|RainDance|[upkeep]
|-heal|p1a: Celebi|342\/377|[from] item: Leftovers
|turn|10
|callback|decision
|
|switch|p1a: Ninetales|Ninetales, F|287\/287
|-weather|SunnyDay|[from] ability: Drought|[of] p1a: Ninetales
|move|p2a: GraraDraco|Dragon Pulse|p1a: Ninetales
|-damage|p1a: Ninetales|170\/287
|
|-weather|SunnyDay|[upkeep]
|-heal|p1a: Ninetales|187\/287|[from] item: Leftovers
|turn|11
|callback|decision
|
|switch|p1a: Celebi|Celebi|342\/377
|move|p2a: GraraDraco|Surf|p1a: Celebi
|-resisted|p1a: Celebi
|-damage|p1a: Celebi|321\/377
|
|-weather|SunnyDay|[upkeep]
|-heal|p1a: Celebi|344\/377|[from] item: Leftovers
|turn|12
|callback|decision
|
|move|p2a: GraraDraco|Dragon Pulse|p1a: Celebi
|-damage|p1a: Celebi|236\/377
|move|p1a: Celebi|Thunder Wave|p2a: GraraDraco
|-status|p2a: GraraDraco|par
|
|-weather|SunnyDay|[upkeep]
|-heal|p1a: Celebi|259\/377|[from] item: Leftovers
|turn|13
|callback|decision
|
|switch|p2a: SlimShady|Celebi|341\/341
|move|p1a: Celebi|Leech Seed|p2a: SlimShady
|-immune|p2a: SlimShady|[msg]
|
|-weather|SunnyDay|[upkeep]
|-heal|p1a: Celebi|282\/377|[from] item: Leftovers
|turn|14
|callback|decision
|
|switch|p1a: Heatran|Heatran, M|323\/323
|-item|p1a: Heatran|Air Balloon
|move|p2a: SlimShady|Nasty Plot|p2a: SlimShady
|-boost|p2a: SlimShady|spa|2
|
|-weather|SunnyDay|[upkeep]
|turn|15
|callback|decision
|
|move|p2a: SlimShady|Heal Bell|p2a: SlimShady
|-cureteam|p2a: SlimShady|[from] move: HealBell
|move|p1a: Heatran|Fire Blast|p2a: SlimShady
|-supereffective|p2a: SlimShady
|-damage|p2a: SlimShady|0 fnt
|faint|p2a: SlimShady
|
|-weather|SunnyDay|[upkeep]
|callback|decision
|
|switch|p2a: Bailarbailar|Politoed, F, shiny|336\/384
|-weather|RainDance|[from] ability: Drizzle|[of] p2a: Bailarbailar
|turn|16
|callback|decision
|
|switch|p1a: Celebi|Celebi|282\/377
|move|p2a: Bailarbailar|Toxic|p1a: Celebi
|-status|p1a: Celebi|tox
|
|-weather|RainDance|[upkeep]
|-heal|p1a: Celebi|305\/377 tox|[from] item: Leftovers
|-heal|p2a: Bailarbailar|360\/384|[from] item: Leftovers
|-damage|p1a: Celebi|282\/377 tox|[from] psn
|turn|17
|callback|decision
|
|move|p2a: Bailarbailar|Protect|p2a: Bailarbailar
|-singleturn|p2a: Bailarbailar|Protect
|move|p1a: Celebi|Leech Seed|p2a: Bailarbailar
|-activate|p2a: Bailarbailar|Protect
|
|-weather|RainDance|[upkeep]
|-heal|p1a: Celebi|305\/377 tox|[from] item: Leftovers
|-heal|p2a: Bailarbailar|384\/384|[from] item: Leftovers
|-damage|p1a: Celebi|259\/377 tox|[from] psn
|turn|18
|callback|decision
|
|switch|p1a: Ninetales|Ninetales, F|187\/287
|-weather|SunnyDay|[from] ability: Drought|[of] p1a: Ninetales
|move|p2a: Bailarbailar|Perish Song|p2a: Bailarbailar
|-fieldactivate|move: Perish Song
|
|-start|p1a: Ninetales|perish3
|-start|p2a: Bailarbailar|perish3
|-weather|SunnyDay|[upkeep]
|-heal|p1a: Ninetales|204\/287|[from] item: Leftovers
|turn|19
|callback|decision
|
|switch|p1a: Celebi|Celebi|259\/377
|switch|p2a: Blissey|Blissey, F|625\/714
|
|-weather|SunnyDay|[upkeep]
|-heal|p1a: Celebi|282\/377|[from] item: Leftovers
|-heal|p2a: Blissey|669\/714|[from] item: Leftovers
|turn|20
|callback|decision
|
|move|p1a: Celebi|Thunder Wave|p2a: Blissey
|-status|p2a: Blissey|par
|move|p2a: Blissey|Toxic|p1a: Celebi
|-status|p1a: Celebi|tox
|
|-weather|SunnyDay|[upkeep]
|-heal|p1a: Celebi|305\/377 tox|[from] item: Leftovers
|-heal|p2a: Blissey|713\/714 par|[from] item: Leftovers
|-damage|p1a: Celebi|282\/377 tox|[from] psn
|turn|21
|callback|decision
|
|switch|p1a: Forretress|Forretress, F|34\/354
|move|p2a: Blissey|Stealth Rock|p1a: Forretress
|-sidestart|p1: Rdc|move: Stealth Rock
|
|-weather|SunnyDay|[upkeep]
|-heal|p2a: Blissey|714\/714 par|[from] item: Leftovers
|turn|22
|callback|decision
|
|switch|p2a: Bailarbailar|Politoed, F, shiny|384\/384
|-weather|RainDance|[from] ability: Drizzle|[of] p2a: Bailarbailar
|move|p1a: Forretress|Toxic Spikes|p2a: Bailarbailar
|-sidestart|p2: FelixE|move: Toxic Spikes
|
|-weather|RainDance|[upkeep]
|turn|23
|callback|decision
|
|move|p2a: Bailarbailar|Scald|p1a: Forretress
|-crit|p1a: Forretress
|-damage|p1a: Forretress|0 fnt
|faint|p1a: Forretress
|
|-weather|RainDance|[upkeep]
|callback|decision
|
|switch|p1a: Celebi|Celebi|282\/377
|-damage|p1a: Celebi|235\/377|[from] Stealth Rock
|turn|24
|callback|decision
|
|move|p1a: Celebi|Leech Seed|p2a: Bailarbailar
|-start|p2a: Bailarbailar|move: Leech Seed
|move|p2a: Bailarbailar|Perish Song|p2a: Bailarbailar
|-fieldactivate|move: Perish Song
|
|-start|p1a: Celebi|perish3
|-start|p2a: Bailarbailar|perish3
|-weather|RainDance|[upkeep]
|-heal|p1a: Celebi|258\/377|[from] item: Leftovers
|-damage|p2a: Bailarbailar|336\/384|[from] Leech Seed|[of] p1a: Celebi
|-heal|p1a: Celebi|306\/377|[silent]
|turn|25
|callback|decision
|
|switch|p1a: Ninetales|Ninetales, F|204\/287
|-damage|p1a: Ninetales|133\/287|[from] Stealth Rock
|-weather|SunnyDay|[from] ability: Drought|[of] p1a: Ninetales
|switch|p2a: GraraDraco|Latios, M|302\/302
|
|-weather|SunnyDay|[upkeep]
|-heal|p1a: Ninetales|150\/287|[from] item: Leftovers
|turn|26
|callback|decision
|
|switch|p1a: Celebi|Celebi|306\/377
|-damage|p1a: Celebi|259\/377|[from] Stealth Rock
|move|p2a: GraraDraco|Dragon Pulse|p1a: Celebi
|-damage|p1a: Celebi|150\/377
|
|-weather|SunnyDay|[upkeep]
|-heal|p1a: Celebi|173\/377|[from] item: Leftovers
|turn|27
|callback|decision
|
|move|p2a: GraraDraco|Dragon Pulse|p1a: Celebi
|-damage|p1a: Celebi|64\/377
|move|p1a: Celebi|Thunder Wave|p2a: GraraDraco
|-status|p2a: GraraDraco|par
|
|-weather|SunnyDay|[upkeep]
|-heal|p1a: Celebi|87\/377|[from] item: Leftovers
|turn|28
|callback|decision
|
|move|p1a: Celebi|Recover|p1a: Celebi
|-heal|p1a: Celebi|276\/377
|move|p2a: GraraDraco|Dragon Pulse|p1a: Celebi
|-damage|p1a: Celebi|164\/377
|
|-weather|SunnyDay|[upkeep]
|-heal|p1a: Celebi|187\/377|[from] item: Leftovers
|turn|29
|callback|decision
|
|switch|p2a: Bailarbailar|Politoed, F, shiny|336\/384
|-status|p2a: Bailarbailar|psn
|-weather|RainDance|[from] ability: Drizzle|[of] p2a: Bailarbailar
|move|p1a: Celebi|Leech Seed|p2a: Bailarbailar
|-start|p2a: Bailarbailar|move: Leech Seed
|
|-weather|RainDance|[upkeep]
|-heal|p1a: Celebi|210\/377|[from] item: Leftovers
|-heal|p2a: Bailarbailar|360\/384 psn|[from] item: Leftovers
|-damage|p2a: Bailarbailar|312\/384 psn|[from] Leech Seed|[of] p1a: Celebi
|-heal|p1a: Celebi|258\/377|[silent]
|-damage|p2a: Bailarbailar|264\/384 psn|[from] psn
|turn|30
|callback|decision
|
|move|p1a: Celebi|Psychic|p2a: Bailarbailar
|-damage|p2a: Bailarbailar|149\/384 psn
|move|p2a: Bailarbailar|Scald|p1a: Celebi
|-resisted|p1a: Celebi
|-damage|p1a: Celebi|210\/377
|-status|p1a: Celebi|brn
|
|-weather|RainDance|[upkeep]
|-heal|p1a: Celebi|233\/377 brn|[from] item: Leftovers
|-heal|p2a: Bailarbailar|173\/384 psn|[from] item: Leftovers
|-damage|p2a: Bailarbailar|125\/384 psn|[from] Leech Seed|[of] p1a: Celebi
|-heal|p1a: Celebi|281\/377 brn|[silent]
|-damage|p1a: Celebi|234\/377 brn|[from] brn
|-damage|p2a: Bailarbailar|77\/384 psn|[from] psn
|turn|31
|callback|decision
|
|switch|p1a: Heatran|Heatran, M|323\/323
|-damage|p1a: Heatran|283\/323|[from] Stealth Rock
|-item|p1a: Heatran|Air Balloon
|switch|p2a: King|Jirachi, shiny|404\/404
|
|-weather|RainDance|[upkeep]
|turn|32
|callback|decision
|
|move|p1a: Heatran|Taunt|p2a: King
|-start|p2a: King|move: Taunt
|move|p2a: King|Thunder|p1a: Heatran
|-crit|p1a: Heatran
|-damage|p1a: Heatran|101\/323
|-enditem|p1a: Heatran|Air Balloon
|-status|p1a: Heatran|par
|
|-weather|RainDance|[upkeep]
|turn|33
|callback|decision
|
|switch|p1a: Garchomp|Garchomp, F|357\/357
|-damage|p1a: Garchomp|335\/357|[from] Stealth Rock
|move|p2a: King|Psyshock|p1a: Garchomp
|-damage|p1a: Garchomp|229\/357
|
|-weather|RainDance|[upkeep]
|turn|34
|callback|decision
|
|switch|p2a: Blissey|Blissey, F|714\/714
|-status|p2a: Blissey|psn
|move|p1a: Garchomp|Earthquake|p2a: Blissey
|-damage|p2a: Blissey|380\/714 psn
|
|-weather|RainDance|[upkeep]
|-heal|p2a: Blissey|424\/714 psn|[from] item: Leftovers
|-damage|p2a: Blissey|335\/714 psn|[from] psn
|turn|35
|callback|decision
|
|move|p1a: Garchomp|Earthquake|p2a: Blissey
|-damage|p2a: Blissey|0 fnt
|faint|p2a: Blissey
|
|-weather|RainDance|[upkeep]
|callback|decision
|
|switch|p2a: GraraDraco|Latios, M|302\/302 par
|turn|36
|callback|decision
|
|move|p1a: Garchomp|Dragon Claw|p2a: GraraDraco
|-crit|p2a: GraraDraco
|-supereffective|p2a: GraraDraco
|-damage|p2a: GraraDraco|0 fnt
|faint|p2a: GraraDraco
|
|-weather|RainDance|[upkeep]
|callback|decision
|-message|FelixE forfeited.
|
|win|Rdc
|raw|Ladder updating...
|raw|Rdc's rating: 1952 &rarr; <strong>1954<\/strong><br \/>(+2 for winning)
|raw|FelixE's rating: 1747 &rarr; <strong>1744<\/strong><br \/>(-3 for losing)
|leave|FelixE
|player|p2