|join|FelixE
|join|UltimateSaiyan
|player|p1|FelixE|234
|player|p2|UltimateSaiyan|80
|gametype|singles
|gen|6
|tier|OU
|rated
|clearpoke
|poke|p1|Klefki, F
|poke|p1|Toxicroak, M
|poke|p1|Goodra, F
|poke|p1|Ludicolo, M
|poke|p1|Bronzong
|poke|p1|Thundurus, M
|poke|p2|Volcarona, M
|poke|p2|Gliscor, M
|poke|p2|Conkeldurr, M
|poke|p2|Gyarados, M
|poke|p2|Breloom, M
|poke|p2|Salamence, M
|rule|Sleep Clause Mod: Limit one foe put to sleep
|rule|Species Clause: Limit one of each Pokemon
|rule|OHKO Clause: OHKO moves are banned
|rule|Moody Clause: Moody is banned
|rule|Evasion Moves Clause: Evasion moves are banned
|rule|Endless Battle Clause: Forcing endless battles is banned.
|rule|HP Percentage Mod: HP is reported as percentages
|teampreview
|
|start
|switch|p1a: Ludicolo|Ludicolo, M|302\/302
|switch|p2a: Breloom|Breloom, M|266\/266
|turn|1
|
|switch|p1a: Bronzong|Bronzong|338\/338
|move|p2a: Breloom|Swords Dance|p2a: Breloom
|-boost|p2a: Breloom|atk|2
|
|turn|2
|
|move|p2a: Breloom|Swords Dance|p2a: Breloom
|-boost|p2a: Breloom|atk|2
|move|p1a: Bronzong|Trick Room|p1a: Bronzong
|-fieldstart|move: Trick Room|[of] p1a: Bronzong
|
|turn|3
|
|move|p2a: Breloom|Mach Punch|p1a: Bronzong
|-damage|p1a: Bronzong|68\/338
|move|p1a: Bronzong|Rain Dance|p1a: Bronzong
|-weather|RainDance
|
|-weather|RainDance|[upkeep]
|-heal|p1a: Bronzong|89\/338|[from] item: Leftovers
|turn|4
|
|move|p1a: Bronzong|Gyro Ball|p2a: Breloom
|-damage|p2a: Breloom|133\/266
|move|p2a: Breloom|Spore|p1a: Bronzong
|-status|p1a: Bronzong|slp
|
|-weather|RainDance|[upkeep]
|-heal|p1a: Bronzong|110\/338 slp|[from] item: Leftovers
|turn|5
|
|cant|p1a: Bronzong|slp
|move|p2a: Breloom|Swords Dance|p2a: Breloom
|-boost|p2a: Breloom|atk|2
|
|-weather|RainDance|[upkeep]
|-heal|p1a: Bronzong|131\/338 slp|[from] item: Leftovers
|turn|6
|
|move|p2a: Breloom|Mach Punch|p1a: Bronzong
|-damage|p1a: Bronzong|0 fnt
|faint|p1a: Bronzong
|
|-weather|RainDance|[upkeep]
|-fieldend|move: Trick Room
|
|switch|p1a: Ludicolo|Ludicolo, M|302\/302
|turn|7
|
|move|p2a: Breloom|Mach Punch|p1a: Ludicolo
|-damage|p1a: Ludicolo|0 fnt
|faint|p1a: Ludicolo
|
|-weather|none
|
|switch|p1a: Goodra|Goodra, F|384\/384
|turn|8
|
|move|p2a: Breloom|Mach Punch|p1a: Goodra
|-damage|p1a: Goodra|0 fnt
|faint|p1a: Goodra
|
|-message|FelixE forfeited.
|
|win|UltimateSaiyan
|raw|Ladder updating...
|leave|FelixE
|player|p1
|raw|FelixE's rating: 1225 &rarr; <strong>1198<\/strong><br \/>(-27 for losing)
|raw|UltimateSaiyan's rating: 1201 &rarr; <strong>1228<\/strong><br \/>(+27 for winning)