|join|dfrgvthyj7u
|join|FelixE
|player|p1|dfrgvthyj7u|162
|player|p2|FelixE|1
|gametype|singles
|tier|Pokebank OU (beta)
|rated
|rule|Evasion Abilities Clause: Evasion abilities are banned
|clearpoke
|poke|p1|Greninja, F
|poke|p1|Aegislash, F
|poke|p1|Talonflame, M
|poke|p1|Lucario, F
|poke|p1|Barbaracle, M
|poke|p1|Serperior, F, shiny
|poke|p2|Hippowdon, M
|poke|p2|Garchomp, F
|poke|p2|Alakazam, F
|poke|p2|Jirachi
|poke|p2|Scizor, F
|poke|p2|Swampert, M
|rule|Sleep Clause Mod: Limit one foe put to sleep
|rule|Species Clause: Limit one of each Pokemon
|rule|Moody Clause: Moody is banned
|rule|OHKO Clause: OHKO moves are banned
|rule|Evasion Moves Clause: Evasion moves are banned
|rule|HP Percentage Mod: HP is reported as percentages
|teampreview
|callback|decision
|
|start
|switch|p1a: Greninja|Greninja, F|285\/285
|switch|p2a: Hippowdon|Hippowdon, M|420\/420
|-weather|Sandstorm
|turn|1
|callback|decision
|
|-start|p1a: Greninja|typechange|Water|[from] Protean
|move|p1a: Greninja|Hydro Pump|p2a: Hippowdon
|-crit|p2a: Hippowdon
|-supereffective|p2a: Hippowdon
|-damage|p2a: Hippowdon|0 fnt
|-damage|p1a: Greninja|257\/285|[from] item: Life Orb
|faint|p2a: Hippowdon
|
|-weather|Sandstorm|[upkeep]
|-damage|p1a: Greninja|240\/285|[from] sandstorm
|callback|decision
|
|switch|p2a: Jirachi|Jirachi|341\/341
|turn|2
|callback|decision
|
|-start|p1a: Greninja|typechange|Bug|[from] Protean
|move|p1a: Greninja|U-turn|p2a: Jirachi
|-damage|p2a: Jirachi|240\/341
|-damage|p1a: Greninja|212\/285|[from] item: Life Orb
|callback|decision
|
|switch|p1a: Talonflame|Talonflame, M|328\/328
|move|p2a: Jirachi|Cosmic Power|p2a: Jirachi
|-boost|p2a: Jirachi|def|1
|-boost|p2a: Jirachi|spd|1
|
|-weather|Sandstorm|[upkeep]
|-damage|p1a: Talonflame|308\/328|[from] sandstorm
|-heal|p2a: Jirachi|261\/341|[from] item: Leftovers
|turn|3
|callback|decision
|
|move|p1a: Talonflame|Swords Dance|p1a: Talonflame
|-boost|p1a: Talonflame|atk|2
|move|p2a: Jirachi|Iron Head|p1a: Talonflame
|-resisted|p1a: Talonflame
|-damage|p1a: Talonflame|250\/328
|
|-weather|Sandstorm|[upkeep]
|-damage|p1a: Talonflame|230\/328|[from] sandstorm
|-heal|p2a: Jirachi|282\/341|[from] item: Leftovers
|turn|4
|callback|decision
|
|move|p1a: Talonflame|Swords Dance|p1a: Talonflame
|-boost|p1a: Talonflame|atk|2
|move|p2a: Jirachi|Zen Headbutt|p1a: Talonflame|[miss]
|-miss|p2a: Jirachi|p1a: Talonflame
|
|-weather|Sandstorm|[upkeep]
|-damage|p1a: Talonflame|210\/328|[from] sandstorm
|-heal|p2a: Jirachi|303\/341|[from] item: Leftovers
|turn|5
|callback|decision
|
|move|p1a: Talonflame|Roost|p1a: Talonflame
|-heal|p1a: Talonflame|328\/328
|move|p2a: Jirachi|Zen Headbutt|p1a: Talonflame
|-damage|p1a: Talonflame|208\/328
|
|-weather|none
|-heal|p2a: Jirachi|324\/341|[from] item: Leftovers
|turn|6
|callback|decision
|
|move|p1a: Talonflame|Flare Blitz|p2a: Jirachi
|-supereffective|p2a: Jirachi
|-damage|p2a: Jirachi|0 fnt
|-damage|p1a: Talonflame|101\/328|[from] recoil|[of] p2a: Jirachi
|faint|p2a: Jirachi
|
|callback|decision
|
|switch|p2a: Garchomp|Garchomp, F|358\/358
|turn|7
|callback|decision
|
|move|p1a: Talonflame|Acrobatics|p2a: Garchomp
|-enditem|p1a: Talonflame|Flying Gem|[from] gem|[move] Acrobatics
|-damage|p2a: Garchomp|0 fnt
|-damage|p1a: Talonflame|60\/328|[from] ability: Rough Skin|[of] p2a: Garchomp
|faint|p2a: Garchomp
|
|callback|decision
|
|switch|p2a: Scizor|Scizor, F|344\/344
|turn|8
|callback|decision
|-message|FelixE forfeited.
|
|win|dfrgvthyj7u
|raw|Ladder updating...
|leave|FelixE
|player|p2
|raw|dfrgvthyj7u's rating: 1007 &rarr; <strong>1366<\/strong><br \/>(+359 for winning)
|raw|FelixE's rating: 1423 &rarr; <strong>1389<\/strong><br \/>(-34 for losing)