|join|ayo sb
|join|epic t0aster
|player|p1|ayo sb|246
|player|p2|epic t0aster|167
|gametype|singles
|gen|6
|tier|UU
|rated
|rule|Sleep Clause Mod: Limit one foe put to sleep
|rule|Species Clause: Limit one of each PokÃ©mon
|rule|OHKO Clause: OHKO moves are banned
|rule|Moody Clause: Moody is banned
|rule|Evasion Moves Clause: Evasion moves are banned
|rule|Endless Battle Clause: Forcing endless battles is banned
|rule|HP Percentage Mod: HP is shown in percentages
|clearpoke
|poke|p1|Abomasnow, F
|poke|p1|Weezing, F
|poke|p1|Blissey, F
|poke|p1|Chandelure, F
|poke|p1|Rhyperior, M
|poke|p1|Mew
|poke|p2|Raikou
|poke|p2|Krookodile, M
|poke|p2|Infernape, M, shiny
|poke|p2|Toxicroak, F
|poke|p2|Blastoise, M
|poke|p2|Alakazam, M
|rule|Swagger Clause: Swagger is banned
|rule|Baton Pass Clause: Limit one PokÃ©mon knowing Baton Pass
|teampreview
|
|start
|switch|p1a: Rhyperior|Rhyperior, M|434\/434
|switch|p2a: Krookodile|Krookodile, M|331\/331
|-ability|p2a: Krookodile|Intimidate|[of] p1a: Rhyperior
|-unboost|p1a: Rhyperior|atk|1
|turn|1
|
|move|p2a: Krookodile|Taunt|p1a: Rhyperior
|-start|p1a: Rhyperior|move: Taunt
|cant|p1a: Rhyperior|move: Taunt|Stealth Rock
|
|turn|2
|
|switch|p1a: Weezing|Weezing, F|334\/334
|move|p2a: Krookodile|Knock Off|p1a: Weezing
|-damage|p1a: Weezing|223\/334
|-enditem|p1a: Weezing|Black Sludge|[from] move: Knock Off|[of] p2a: Krookodile
|
|turn|3
|
|move|p2a: Krookodile|Taunt|p1a: Weezing
|-start|p1a: Weezing|move: Taunt
|cant|p1a: Weezing|move: Taunt|Pain Split
|
|turn|4
|
|move|p2a: Krookodile|Stealth Rock|p1a: Weezing
|-sidestart|p1: ayo sb|move: Stealth Rock
|move|p1a: Weezing|Sludge Bomb|p2a: Krookodile
|-crit|p2a: Krookodile
|-resisted|p2a: Krookodile
|-damage|p2a: Krookodile|238\/331
|
|turn|5
|
|move|p2a: Krookodile|Knock Off|p1a: Weezing
|-damage|p1a: Weezing|151\/334
|move|p1a: Weezing|Sludge Bomb|p2a: Krookodile
|-resisted|p2a: Krookodile
|-damage|p2a: Krookodile|171\/331
|
|-end|p1a: Weezing|move: Taunt
|turn|6
|
|move|p2a: Krookodile|Knock Off|p1a: Weezing
|-damage|p1a: Weezing|79\/334
|move|p1a: Weezing|Sludge Bomb|p2a: Krookodile
|-resisted|p2a: Krookodile
|-damage|p2a: Krookodile|110\/331
|-status|p2a: Krookodile|psn
|
|-damage|p2a: Krookodile|69\/331 psn|[from] psn
|turn|7
|
|switch|p1a: Rhyperior|Rhyperior, M|434\/434
|-damage|p1a: Rhyperior|407\/434|[from] Stealth Rock
|move|p2a: Krookodile|Knock Off|p1a: Rhyperior
|-damage|p1a: Rhyperior|302\/434
|-enditem|p1a: Rhyperior|Leftovers|[from] move: Knock Off|[of] p2a: Krookodile
|
|-damage|p2a: Krookodile|28\/331 psn|[from] psn
|turn|8
|
|move|p2a: Krookodile|Taunt|p1a: Rhyperior
|-start|p1a: Rhyperior|move: Taunt
|move|p1a: Rhyperior|Earthquake|p2a: Krookodile
|-damage|p2a: Krookodile|0 fnt
|faint|p2a: Krookodile
|
|
|switch|p2a: Raikou|Raikou|322\/322
|-ability|p2a: Raikou|Pressure
|turn|9
|
|switch|p1a: Blissey|Blissey, F|651\/651
|-damage|p1a: Blissey|570\/651|[from] Stealth Rock
|move|p2a: Raikou|Hidden Power|p1a: Blissey
|-damage|p1a: Blissey|510\/651
|
|-heal|p1a: Blissey|550\/651|[from] item: Leftovers
|turn|10
|
|switch|p2a: Toxicroak|Toxicroak, F|308\/308
|move|p1a: Blissey|Wish|p1a: Blissey
|
|-heal|p1a: Blissey|590\/651|[from] item: Leftovers
|turn|11
|
|switch|p1a: Weezing|Weezing, F|79\/334
|-damage|p1a: Weezing|38\/334|[from] Stealth Rock
|move|p2a: Toxicroak|Gunk Shot|p1a: Weezing
|-resisted|p1a: Weezing
|-damage|p1a: Weezing|0 fnt
|faint|p1a: Weezing
|
|
|switch|p1a: Mew|Mew|341\/341
|-damage|p1a: Mew|299\/341|[from] Stealth Rock
|turn|12
|
|move|p1a: Mew|Psychic|p2a: Toxicroak
|-supereffective|p2a: Toxicroak
|-damage|p2a: Toxicroak|0 fnt
|faint|p2a: Toxicroak
|
|
|switch|p2a: Alakazam|Alakazam, M|252\/252
|turn|13
|
|switch|p1a: Blissey|Blissey, F|590\/651
|-damage|p1a: Blissey|509\/651|[from] Stealth Rock
|move|p2a: Alakazam|Shadow Ball|p1a: Blissey
|-immune|p1a: Blissey|[msg]
|
|-heal|p1a: Blissey|549\/651|[from] item: Leftovers
|turn|14
|
|move|p2a: Alakazam|Psyshock|p1a: Blissey
|-damage|p1a: Blissey|264\/651
|move|p1a: Blissey|Seismic Toss|p2a: Alakazam
|-damage|p2a: Alakazam|152\/252
|
|-heal|p1a: Blissey|304\/651|[from] item: Leftovers
|turn|15
|
|move|p1a: Blissey|Protect|p1a: Blissey
|-singleturn|p1a: Blissey|Protect
|move|p2a: Alakazam|Psyshock|p1a: Blissey
|-activate|p1a: Blissey|Protect
|
|-heal|p1a: Blissey|344\/651|[from] item: Leftovers
|turn|16
|
|move|p2a: Alakazam|Psyshock|p1a: Blissey
|-damage|p1a: Blissey|62\/651
|move|p1a: Blissey|Wish|p1a: Blissey
|
|-heal|p1a: Blissey|102\/651|[from] item: Leftovers
|turn|17
|
|switch|p2a: Infernape|Infernape, M, shiny|293\/293
|move|p1a: Blissey|Protect|p1a: Blissey
|-fail|p1a: Blissey
|
|-heal|p1a: Blissey|427\/651|[from] move: Wish|[wisher] Blissey
|-heal|p1a: Blissey|467\/651|[from] item: Leftovers
|turn|18
|
|switch|p1a: Chandelure|Chandelure, F|301\/301
|-damage|p1a: Chandelure|226\/301|[from] Stealth Rock
|move|p2a: Infernape|U-turn|p1a: Chandelure
|-resisted|p1a: Chandelure
|-damage|p1a: Chandelure|208\/301
|
|switch|p2a: Alakazam|Alakazam, M|152\/252
|
|-heal|p1a: Chandelure|226\/301|[from] item: Leftovers
|turn|19
|
|move|p2a: Alakazam|Psyshock|p1a: Chandelure
|-damage|p1a: Chandelure|57\/301
|move|p1a: Chandelure|Shadow Ball|p2a: Alakazam
|-supereffective|p2a: Alakazam
|-damage|p2a: Alakazam|0 fnt
|faint|p2a: Alakazam
|
|-heal|p1a: Chandelure|75\/301|[from] item: Leftovers
|
|switch|p2a: Raikou|Raikou|322\/322
|-ability|p2a: Raikou|Pressure
|turn|20
|
|switch|p1a: Abomasnow|Abomasnow, F|381\/381
|-damage|p1a: Abomasnow|286\/381|[from] Stealth Rock
|move|p2a: Raikou|Volt Switch|p1a: Abomasnow
|-crit|p1a: Abomasnow
|-resisted|p1a: Abomasnow
|-damage|p1a: Abomasnow|145\/381
|
|switch|p2a: Infernape|Infernape, M, shiny|293\/293
|
|turn|21
|
|detailschange|p1a: Abomasnow|Abomasnow-Mega, F
|message|Abomasnow has Mega Evolved into Mega Abomasnow!
|-weather|Hail
|move|p2a: Infernape|U-turn|p1a: Abomasnow
|-supereffective|p1a: Abomasnow
|-damage|p1a: Abomasnow|5\/381
|
|switch|p2a: Blastoise|Blastoise, M|362\/362
|move|p1a: Abomasnow|Earthquake|p2a: Blastoise
|-damage|p2a: Blastoise|220\/362
|
|-weather|Hail|[upkeep]
|-damage|p2a: Blastoise|198\/362|[from] hail
|turn|22
|
|detailschange|p2a: Blastoise|Blastoise-Mega, M
|message|Blastoise has Mega Evolved into Mega Blastoise!
|move|p1a: Abomasnow|Ice Shard|p2a: Blastoise
|-resisted|p2a: Blastoise
|-damage|p2a: Blastoise|166\/362
|move|p2a: Blastoise|Dark Pulse|p1a: Abomasnow
|-damage|p1a: Abomasnow|0 fnt
|faint|p1a: Abomasnow
|
|-weather|Hail|[upkeep]
|-damage|p2a: Blastoise|144\/362|[from] hail
|
|switch|p1a: Mew|Mew|299\/341
|-damage|p1a: Mew|257\/341|[from] Stealth Rock
|turn|23
|
|move|p1a: Mew|Psychic|p2a: Blastoise
|-crit|p2a: Blastoise
|-damage|p2a: Blastoise|0 fnt
|faint|p2a: Blastoise
|
|-weather|Hail|[upkeep]
|-damage|p1a: Mew|236\/341|[from] hail
|
|switch|p2a: Infernape|Infernape, M, shiny|293\/293
|turn|24
|
|move|p2a: Infernape|U-turn|p1a: Mew
|-supereffective|p1a: Mew
|-damage|p1a: Mew|92\/341
|
|switch|p2a: Raikou|Raikou|322\/322
|-ability|p2a: Raikou|Pressure
|move|p1a: Mew|Psychic|p2a: Raikou
|-damage|p2a: Raikou|183\/322
|
|-weather|Hail|[upkeep]
|-damage|p1a: Mew|71\/341|[from] hail
|-damage|p2a: Raikou|163\/322|[from] hail
|turn|25
|
|switch|p1a: Chandelure|Chandelure, F|75\/301
|-damage|p1a: Chandelure|0 fnt|[from] Stealth Rock
|faint|p1a: Chandelure
|move|p2a: Raikou|Hidden Power|p1: Chandelure|[notarget]
|-notarget
|
|-weather|none
|
|switch|p1a: Blissey|Blissey, F|467\/651
|-damage|p1a: Blissey|386\/651|[from] Stealth Rock
|turn|26
|
|switch|p2a: Infernape|Infernape, M, shiny|293\/293
|move|p1a: Blissey|Seismic Toss|p2a: Infernape
|-damage|p2a: Infernape|193\/293
|
|-heal|p1a: Blissey|426\/651|[from] item: Leftovers
|turn|27
|
|move|p1a: Blissey|Protect|p1a: Blissey
|-singleturn|p1a: Blissey|Protect
|move|p2a: Infernape|Close Combat|p1a: Blissey
|-activate|p1a: Blissey|Protect
|
|-heal|p1a: Blissey|466\/651|[from] item: Leftovers
|turn|28
|
|move|p2a: Infernape|Close Combat|p1a: Blissey
|-supereffective|p1a: Blissey
|-damage|p1a: Blissey|0 fnt
|-unboost|p2a: Infernape|def|1
|-unboost|p2a: Infernape|spd|1
|faint|p1a: Blissey
|
|
|switch|p1a: Rhyperior|Rhyperior, M|302\/434
|-damage|p1a: Rhyperior|275\/434|[from] Stealth Rock
|turn|29
|
|move|p2a: Infernape|Close Combat|p1a: Rhyperior
|-supereffective|p1a: Rhyperior
|-damage|p1a: Rhyperior|95\/434
|-unboost|p2a: Infernape|def|1
|-unboost|p2a: Infernape|spd|1
|move|p1a: Rhyperior|Earthquake|p2a: Infernape
|-crit|p2a: Infernape
|-supereffective|p2a: Infernape
|-damage|p2a: Infernape|0 fnt
|faint|p2a: Infernape
|
|
|switch|p2a: Raikou|Raikou|163\/322
|-ability|p2a: Raikou|Pressure
|turn|30
|
|move|p2a: Raikou|Hidden Power|p1a: Rhyperior
|-supereffective|p1a: Rhyperior
|-damage|p1a: Rhyperior|0 fnt
|faint|p1a: Rhyperior
|
|
|switch|p1a: Mew|Mew|71\/341
|-damage|p1a: Mew|29\/341|[from] Stealth Rock
|turn|31
|
|move|p1a: Mew|Psychic|p2a: Raikou
|-damage|p2a: Raikou|36\/322
|move|p2a: Raikou|Hidden Power|p1a: Mew
|-damage|p1a: Mew|0 fnt
|faint|p1a: Mew
|
|win|epic t0aster
|raw|Ladder updating...
|raw|ayo sb's rating: 1476 &rarr; <strong>1453<\/strong><br \/>(-23 for losing)
|raw|epic t0aster's rating: 1423 &rarr; <strong>1446<\/strong><br \/>(+23 for winning)
|chat|epic t0aster|gg
|chat|ayo sb|gg
|leave|ayo sb
|player|p1