|join|ayo sb
|join|Needle Weedle
|player|p1|ayo sb|21
|player|p2|Needle Weedle|101
|gametype|singles
|gen|6
|tier|UU
|rated
|rule|Sleep Clause Mod: Limit one foe put to sleep
|rule|Species Clause: Limit one of each PokÃ©mon
|rule|OHKO Clause: OHKO moves are banned
|rule|Moody Clause: Moody is banned
|rule|Evasion Moves Clause: Evasion moves are banned
|rule|Endless Battle Clause: Forcing endless battles is banned
|rule|HP Percentage Mod: HP is shown in percentages
|clearpoke
|poke|p1|Snorlax, M
|poke|p1|Krookodile, F
|poke|p1|Weezing, F
|poke|p1|Vaporeon, M
|poke|p1|Gligar, M
|poke|p1|Houndoom, F
|poke|p2|Kyurem
|poke|p2|Tentacruel, M
|poke|p2|Flygon, F
|poke|p2|Jirachi
|poke|p2|Hippowdon, F
|poke|p2|Florges, F
|rule|Swagger Clause: Swagger is banned
|rule|Baton Pass Clause: Limit one PokÃ©mon knowing Baton Pass
|teampreview
|c|âNeedle Weedle|heya
|c|âayo sb|hey o\/
|c|âNeedle Weedle|gl hf
|c|âayo sb|you too :)
|c|âNeedle Weedle|dont use sunny day
|c|âNeedle Weedle|js
|
|start
|switch|p1a: Krookodile|Krookodile, F|331\/331
|switch|p2a: Flygon|Flygon, F|302\/302
|-ability|p1a: Krookodile|Intimidate|[of] p2a: Flygon
|-unboost|p2a: Flygon|atk|1
|turn|1
|
|move|p2a: Flygon|U-turn|p1a: Krookodile
|-crit|p1a: Krookodile
|-supereffective|p1a: Krookodile
|-damage|p1a: Krookodile|79\/331
|
|switch|p2a: Hippowdon|Hippowdon, F|420\/420
|-weather|Sandstorm
|move|p1a: Krookodile|Knock Off|p2a: Hippowdon
|-damage|p2a: Hippowdon|287\/420
|-enditem|p2a: Hippowdon|Leftovers|[from] move: Knock Off|[of] p1a: Krookodile
|-damage|p1a: Krookodile|46\/331|[from] item: Life Orb
|
|-weather|Sandstorm|[upkeep]
|turn|2
|
|switch|p1a: Gligar|Gligar, M|334\/334
|move|p2a: Hippowdon|Roar|p1a: Gligar
|drag|p1a: Krookodile|Krookodile, F|46\/331
|-ability|p1a: Krookodile|Intimidate|[of] p2a: Hippowdon
|-unboost|p2a: Hippowdon|atk|1
|
|-weather|Sandstorm|[upkeep]
|turn|3
|
|switch|p1a: Gligar|Gligar, M|334\/334
|move|p2a: Hippowdon|Slack Off|p2a: Hippowdon
|-heal|p2a: Hippowdon|420\/420
|
|-weather|Sandstorm|[upkeep]
|turn|4
|
|move|p1a: Gligar|Earthquake|p2a: Hippowdon
|-damage|p2a: Hippowdon|357\/420
|move|p2a: Hippowdon|Stealth Rock|p1a: Gligar
|-sidestart|p1: ayo sb|move: Stealth Rock
|
|-weather|Sandstorm|[upkeep]
|turn|5
|
|move|p1a: Gligar|Defog|p2a: Hippowdon
|-unboost|p2a: Hippowdon|evasion|1
|-sideend|p1: ayo sb|Stealth Rock|[from] move: Defog|[of] p1a: Gligar
|move|p2a: Hippowdon|Roar|p1a: Gligar
|drag|p1a: Houndoom|Houndoom, F|292\/292
|
|-weather|none
|turn|6
|
|detailschange|p1a: Houndoom|Houndoom-Mega, F
|message|Houndoom has Mega Evolved into Mega Houndoom!
|move|p1a: Houndoom|Fire Blast|p2a: Hippowdon
|-damage|p2a: Hippowdon|99\/420
|move|p2a: Hippowdon|Earthquake|p1a: Houndoom
|-supereffective|p1a: Houndoom
|-damage|p1a: Houndoom|86\/292
|
|turn|7
|
|switch|p2a: Tentacruel|Tentacruel, M|363\/363
|move|p1a: Houndoom|Dark Pulse|p2a: Tentacruel
|-damage|p2a: Tentacruel|260\/363
|
|-heal|p2a: Tentacruel|282\/363|[from] item: Leftovers
|turn|8
|
|switch|p1a: Vaporeon|Vaporeon, M|464\/464
|move|p2a: Tentacruel|Sludge Bomb|p1a: Vaporeon
|-crit|p1a: Vaporeon
|-damage|p1a: Vaporeon|340\/464
|-status|p1a: Vaporeon|psn
|
|-heal|p2a: Tentacruel|304\/363|[from] item: Leftovers
|-heal|p1a: Vaporeon|369\/464 psn|[from] item: Leftovers
|-damage|p1a: Vaporeon|311\/464 psn|[from] psn
|turn|9
|
|switch|p2a: Florges|Florges, F|360\/360
|move|p1a: Vaporeon|Wish|p1a: Vaporeon
|
|-heal|p1a: Vaporeon|340\/464 psn|[from] item: Leftovers
|-damage|p1a: Vaporeon|282\/464 psn|[from] psn
|turn|10
|
|move|p2a: Florges|Moonblast|p1a: Vaporeon
|-damage|p1a: Vaporeon|173\/464 psn
|move|p1a: Vaporeon|Baton Pass|p1a: Vaporeon
|c|âNeedle Weedle|nice one
|
|switch|p1a: Houndoom|Houndoom-Mega, F|86\/292
|
|-heal|p1a: Houndoom|292\/292|[from] move: Wish|[wisher] Vaporeon
|turn|11
|
|switch|p1a: Weezing|Weezing, F|334\/334
|move|p2a: Florges|Moonblast|p1a: Weezing
|-crit|p1a: Weezing
|-resisted|p1a: Weezing
|-damage|p1a: Weezing|209\/334
|
|-heal|p1a: Weezing|229\/334|[from] item: Leftovers
|turn|12
|
|move|p2a: Florges|Wish|p2a: Florges
|move|p1a: Weezing|Will-O-Wisp|p2a: Florges
|-status|p2a: Florges|brn
|
|-heal|p1a: Weezing|249\/334|[from] item: Leftovers
|-damage|p2a: Florges|315\/360 brn|[from] brn
|turn|13
|
|switch|p2a: Hippowdon|Hippowdon, F|99\/420
|-weather|Sandstorm
|move|p1a: Weezing|Toxic Spikes|p2a: Hippowdon
|-sidestart|p2: Needle Weedle|move: Toxic Spikes
|
|-weather|Sandstorm|[upkeep]
|-damage|p1a: Weezing|229\/334|[from] sandstorm
|-heal|p2a: Hippowdon|279\/420|[from] move: Wish|[wisher] Florges
|-heal|p1a: Weezing|249\/334|[from] item: Leftovers
|turn|14
|
|switch|p2a: Tentacruel|Tentacruel, M|304\/363
|-sideend|p2: Needle Weedle|move: Toxic Spikes|[of] p2a: Tentacruel
|move|p1a: Weezing|Will-O-Wisp|p2a: Tentacruel
|-status|p2a: Tentacruel|brn
|
|-weather|Sandstorm|[upkeep]
|-damage|p2a: Tentacruel|282\/363 brn|[from] sandstorm
|-damage|p1a: Weezing|229\/334|[from] sandstorm
|-heal|p2a: Tentacruel|304\/363 brn|[from] item: Leftovers
|-heal|p1a: Weezing|249\/334|[from] item: Leftovers
|-damage|p2a: Tentacruel|259\/363 brn|[from] brn
|turn|15
|
|move|p2a: Tentacruel|Sludge Bomb|p1a: Weezing
|-resisted|p1a: Weezing
|-damage|p1a: Weezing|190\/334
|move|p1a: Weezing|Toxic Spikes|p2a: Tentacruel
|-sidestart|p2: Needle Weedle|move: Toxic Spikes
|
|-weather|Sandstorm|[upkeep]
|-damage|p2a: Tentacruel|237\/363 brn|[from] sandstorm
|-damage|p1a: Weezing|170\/334|[from] sandstorm
|-heal|p2a: Tentacruel|259\/363 brn|[from] item: Leftovers
|-heal|p1a: Weezing|190\/334|[from] item: Leftovers
|-damage|p2a: Tentacruel|214\/363 brn|[from] brn
|turn|16
|
|switch|p2a: Florges|Florges, F|315\/360 brn
|switch|p1a: Vaporeon|Vaporeon, M|173\/464 psn
|
|-weather|Sandstorm|[upkeep]
|-damage|p2a: Florges|293\/360 brn|[from] sandstorm
|-damage|p1a: Vaporeon|144\/464 psn|[from] sandstorm
|-heal|p2a: Florges|315\/360 brn|[from] item: Leftovers
|-heal|p1a: Vaporeon|173\/464 psn|[from] item: Leftovers
|-damage|p2a: Florges|270\/360 brn|[from] brn
|-damage|p1a: Vaporeon|115\/464 psn|[from] psn
|turn|17
|
|switch|p1a: Snorlax|Snorlax, M|497\/497
|move|p2a: Florges|Moonblast|p1a: Snorlax
|-damage|p1a: Snorlax|415\/497
|-unboost|p1a: Snorlax|spa|1
|
|-weather|none
|-heal|p2a: Florges|292\/360 brn|[from] item: Leftovers
|-heal|p1a: Snorlax|446\/497|[from] item: Leftovers
|-damage|p2a: Florges|247\/360 brn|[from] brn
|turn|18
|
|switch|p2a: Hippowdon|Hippowdon, F|279\/420
|-status|p2a: Hippowdon|psn
|-weather|Sandstorm
|move|p1a: Snorlax|Curse|p1a: Snorlax
|-boost|p1a: Snorlax|atk|1
|-boost|p1a: Snorlax|def|1
|-unboost|p1a: Snorlax|spe|1
|
|-weather|Sandstorm|[upkeep]
|-damage|p1a: Snorlax|415\/497|[from] sandstorm
|-heal|p1a: Snorlax|446\/497|[from] item: Leftovers
|-damage|p2a: Hippowdon|227\/420 psn|[from] psn
|turn|19
|
|move|p2a: Hippowdon|Slack Off|p2a: Hippowdon
|-heal|p2a: Hippowdon|420\/420 psn
|move|p1a: Snorlax|Body Slam|p2a: Hippowdon
|-crit|p2a: Hippowdon
|-damage|p2a: Hippowdon|258\/420 psn
|
|-weather|Sandstorm|[upkeep]
|-damage|p1a: Snorlax|415\/497|[from] sandstorm
|-heal|p1a: Snorlax|446\/497|[from] item: Leftovers
|-damage|p2a: Hippowdon|206\/420 psn|[from] psn
|turn|20
|
|move|p2a: Hippowdon|Slack Off|p2a: Hippowdon
|-heal|p2a: Hippowdon|416\/420 psn
|move|p1a: Snorlax|Body Slam|p2a: Hippowdon
|-damage|p2a: Hippowdon|319\/420 psn
|
|-weather|Sandstorm|[upkeep]
|-damage|p1a: Snorlax|415\/497|[from] sandstorm
|-heal|p1a: Snorlax|446\/497|[from] item: Leftovers
|-damage|p2a: Hippowdon|267\/420 psn|[from] psn
|turn|21
|c|âNeedle Weedle|wow
|
|move|p1a: Snorlax|Body Slam|p2a: Hippowdon
|-damage|p2a: Hippowdon|164\/420 psn
|move|p2a: Hippowdon|Roar|p1a: Snorlax
|drag|p1a: Krookodile|Krookodile, F|46\/331
|-ability|p1a: Krookodile|Intimidate|[of] p2a: Hippowdon
|-unboost|p2a: Hippowdon|atk|1
|
|-weather|Sandstorm|[upkeep]
|-damage|p2a: Hippowdon|112\/420 psn|[from] psn
|turn|22
|
|move|p1a: Krookodile|Knock Off|p2a: Hippowdon
|-damage|p2a: Hippowdon|25\/420 psn
|-damage|p1a: Krookodile|13\/331|[from] item: Life Orb
|move|p2a: Hippowdon|Earthquake|p1a: Krookodile
|-damage|p1a: Krookodile|0 fnt
|faint|p1a: Krookodile
|
|-weather|none
|-damage|p2a: Hippowdon|0 fnt|[from] psn
|faint|p2a: Hippowdon
|
|switch|p2a: Kyurem|Kyurem|391\/391
|-status|p2a: Kyurem|psn
|switch|p1a: Gligar|Gligar, M|334\/334
|-ability|p2a: Kyurem|Pressure
|turn|23
|
|switch|p1a: Vaporeon|Vaporeon, M|115\/464 psn
|move|p2a: Kyurem|Draco Meteor|p1a: Vaporeon
|-damage|p1a: Vaporeon|0 fnt
|-unboost|p2a: Kyurem|spa|2
|faint|p1a: Vaporeon
|
|-damage|p2a: Kyurem|343\/391 psn|[from] psn
|
|switch|p1a: Snorlax|Snorlax, M|446\/497
|turn|24
|
|switch|p2a: Tentacruel|Tentacruel, M|214\/363 brn
|-sideend|p2: Needle Weedle|move: Toxic Spikes|[of] p2a: Tentacruel
|move|p1a: Snorlax|Curse|p1a: Snorlax
|-boost|p1a: Snorlax|atk|1
|-boost|p1a: Snorlax|def|1
|-unboost|p1a: Snorlax|spe|1
|
|-heal|p2a: Tentacruel|236\/363 brn|[from] item: Leftovers
|-heal|p1a: Snorlax|477\/497|[from] item: Leftovers
|-damage|p2a: Tentacruel|191\/363 brn|[from] brn
|turn|25
|
|switch|p2a: Kyurem|Kyurem|343\/391 psn
|-ability|p2a: Kyurem|Pressure
|move|p1a: Snorlax|Curse|p1a: Snorlax
|-boost|p1a: Snorlax|atk|1
|-boost|p1a: Snorlax|def|1
|-unboost|p1a: Snorlax|spe|1
|
|-heal|p1a: Snorlax|497\/497|[from] item: Leftovers
|-damage|p2a: Kyurem|295\/391 psn|[from] psn
|turn|26
|
|move|p2a: Kyurem|Focus Blast|p1a: Snorlax
|-supereffective|p1a: Snorlax
|-damage|p1a: Snorlax|175\/497
|move|p1a: Snorlax|Rest|p1a: Snorlax
|-status|p1a: Snorlax|slp
|-heal|p1a: Snorlax|497\/497 slp|[silent]
|-status|p1a: Snorlax|slp|[from] move: Rest
|
|-damage|p2a: Kyurem|247\/391 psn|[from] psn
|turn|27
|
|move|p2a: Kyurem|Focus Blast|p1a: Snorlax
|-crit|p1a: Snorlax
|-supereffective|p1a: Snorlax
|-damage|p1a: Snorlax|69\/497 slp
|cant|p1a: Snorlax|slp
|move|p1a: Snorlax|Sleep Talk|p1a: Snorlax
|move|p1a: Snorlax|Rest|p1a: Snorlax|[from]Sleep Talk
|-fail|p1a: Snorlax
|
|-heal|p1a: Snorlax|100\/497 slp|[from] item: Leftovers
|-damage|p2a: Kyurem|199\/391 psn|[from] psn
|turn|28
|c|âNeedle Weedle|i have to get lcuky as fuck
|c|âNeedle Weedle|like that
|c|âNeedle Weedle|pls...
|c|âayo sb|:(
|
|move|p2a: Kyurem|Focus Blast|p1a: Snorlax
|-supereffective|p1a: Snorlax
|-damage|p1a: Snorlax|0 fnt
|faint|p1a: Snorlax
|
|-damage|p2a: Kyurem|151\/391 psn|[from] psn
|c|âNeedle Weedle|good lord
|c|âNeedle Weedle|im so lucky imo+
|
|switch|p1a: Houndoom|Houndoom-Mega, F|292\/292
|turn|29
|
|switch|p2a: Tentacruel|Tentacruel, M|191\/363 brn
|move|p1a: Houndoom|Fire Blast|p2a: Tentacruel
|-resisted|p2a: Tentacruel
|-damage|p2a: Tentacruel|123\/363 brn
|
|-heal|p2a: Tentacruel|145\/363 brn|[from] item: Leftovers
|-damage|p2a: Tentacruel|100\/363 brn|[from] brn
|turn|30
|
|switch|p1a: Weezing|Weezing, F|190\/334
|move|p2a: Tentacruel|Scald|p1a: Weezing
|-damage|p1a: Weezing|81\/334
|
|-heal|p2a: Tentacruel|122\/363 brn|[from] item: Leftovers
|-heal|p1a: Weezing|101\/334|[from] item: Leftovers
|-damage|p2a: Tentacruel|77\/363 brn|[from] brn
|turn|31
|
|move|p2a: Tentacruel|Scald|p1a: Weezing
|-damage|p1a: Weezing|2\/334
|move|p1a: Weezing|Toxic Spikes|p2a: Tentacruel
|-sidestart|p2: Needle Weedle|move: Toxic Spikes
|
|-heal|p2a: Tentacruel|99\/363 brn|[from] item: Leftovers
|-heal|p1a: Weezing|22\/334|[from] item: Leftovers
|-damage|p2a: Tentacruel|54\/363 brn|[from] brn
|turn|32
|
|move|p2a: Tentacruel|Scald|p1a: Weezing
|-crit|p1a: Weezing
|-damage|p1a: Weezing|0 fnt
|faint|p1a: Weezing
|
|-heal|p2a: Tentacruel|76\/363 brn|[from] item: Leftovers
|-damage|p2a: Tentacruel|31\/363 brn|[from] brn
|
|switch|p1a: Houndoom|Houndoom-Mega, F|292\/292
|turn|33
|
|move|p1a: Houndoom|Dark Pulse|p2a: Tentacruel
|-damage|p2a: Tentacruel|0 fnt
|faint|p2a: Tentacruel
|
|
|switch|p2a: Flygon|Flygon, F|302\/302
|turn|34
|
|switch|p1a: Gligar|Gligar, M|334\/334
|move|p2a: Flygon|U-turn|p1a: Gligar
|-resisted|p1a: Gligar
|-damage|p1a: Gligar|315\/334
|
|switch|p2a: Kyurem|Kyurem|151\/391 psn
|-ability|p2a: Kyurem|Pressure
|
|-damage|p2a: Kyurem|103\/391 psn|[from] psn
|turn|35
|c|âNeedle Weedle|inb4 i miss
|
|move|p2a: Kyurem|Draco Meteor|p1a: Gligar
|-damage|p1a: Gligar|30\/334
|-unboost|p2a: Kyurem|spa|2
|move|p1a: Gligar|Roost|p1a: Gligar
|-heal|p1a: Gligar|197\/334
|
|-damage|p2a: Kyurem|55\/391 psn|[from] psn
|turn|36
|c|âNeedle Weedle|i should miss right
|c|âNeedle Weedle|o.o
|c|âayo sb|ballk
|
|switch|p2a: Florges|Florges, F|247\/360 brn
|switch|p1a: Houndoom|Houndoom-Mega, F|292\/292
|
|-heal|p2a: Florges|269\/360 brn|[from] item: Leftovers
|-damage|p2a: Florges|224\/360 brn|[from] brn
|turn|37
|c|âNeedle Weedle|spdef?
|c|âayo sb|i have 100 in there
|c|âNeedle Weedle|yeah
|c|âNeedle Weedle|just enough
|
|move|p1a: Houndoom|Fire Blast|p2a: Florges
|-damage|p2a: Florges|91\/360 brn
|move|p2a: Florges|Moonblast|p1a: Houndoom
|-damage|p1a: Houndoom|145\/292
|-unboost|p1a: Houndoom|spa|1
|
|-heal|p2a: Florges|113\/360 brn|[from] item: Leftovers
|-damage|p2a: Florges|68\/360 brn|[from] brn
|turn|38
|c|âNeedle Weedle|if only i was modest
|
|switch|p1a: Gligar|Gligar, M|197\/334
|move|p2a: Florges|Moonblast|p1a: Gligar
|-damage|p1a: Gligar|88\/334
|-unboost|p1a: Gligar|spa|1
|
|-heal|p2a: Florges|90\/360 brn|[from] item: Leftovers
|-damage|p2a: Florges|45\/360 brn|[from] brn
|turn|39
|c|âNeedle Weedle|too balky
|
|move|p1a: Gligar|Roost|p1a: Gligar
|-heal|p1a: Gligar|255\/334
|move|p2a: Florges|Moonblast|p1a: Gligar
|-damage|p1a: Gligar|149\/334
|-unboost|p1a: Gligar|spa|1
|
|-heal|p2a: Florges|67\/360 brn|[from] item: Leftovers
|-damage|p2a: Florges|22\/360 brn|[from] brn
|turn|40
|c|âNeedle Weedle|inb4 no eq
|
|move|p1a: Gligar|Earthquake|p2a: Florges
|-damage|p2a: Florges|0 fnt
|faint|p2a: Florges
|
|
|switch|p2a: Kyurem|Kyurem|55\/391 psn
|-ability|p2a: Kyurem|Pressure
|turn|41
|
|switch|p1a: Houndoom|Houndoom-Mega, F|145\/292
|move|p2a: Kyurem|Ice Beam|p1a: Houndoom
|-resisted|p1a: Houndoom
|-damage|p1a: Houndoom|6\/292
|-status|p1a: Houndoom|frz
|
|-damage|p2a: Kyurem|7\/391 psn|[from] psn
|turn|42
|c|âNeedle Weedle|o.o
|c|âayo sb|oml
|c|âNeedle Weedle|wow tho
|c|âNeedle Weedle|sorry man
|c|âayo sb|:\/
|c|âNeedle Weedle|i haxed you quite a lot
|
|switch|p2a: Jirachi|Jirachi|404\/404
|-curestatus|p1a: Houndoom|frz
|move|p1a: Houndoom|Dark Pulse|p2a: Jirachi
|-supereffective|p2a: Jirachi
|-damage|p2a: Jirachi|96\/404
|
|-heal|p2a: Jirachi|121\/404|[from] item: Leftovers
|turn|43
|c|âNeedle Weedle|well
|c|âNeedle Weedle|that makes up
|c|âNeedle Weedle|you won
|c|âayo sb|welp tehre we go :p
|c|âNeedle Weedle|o
|
|move|p1a: Houndoom|Dark Pulse|p2a: Jirachi
|-supereffective|p2a: Jirachi
|-damage|p2a: Jirachi|0 fnt
|faint|p2a: Jirachi
|
|c|âNeedle Weedle|OML YOU WON
|
|switch|p2a: Flygon|Flygon, F|302\/302
|turn|44
|
|switch|p1a: Gligar|Gligar, M|149\/334
|move|p2a: Flygon|Outrage|p1a: Gligar
|-damage|p1a: Gligar|65\/334
|
|turn|45
|c|âNeedle Weedle|YES
|c|âNeedle Weedle|POWER
|c|âNeedle Weedle|really close
|
|move|p2a: Flygon|Outrage|p1a: Gligar
|-damage|p1a: Gligar|0 fnt
|faint|p1a: Gligar
|
|c|âNeedle Weedle|really good match man
|
|switch|p1a: Houndoom|Houndoom-Mega, F|6\/292
|turn|46
|c|âNeedle Weedle|gg
|
|move|p2a: Flygon|Outrage|p1a: Houndoom
|-damage|p1a: Houndoom|0 fnt
|faint|p1a: Houndoom
|
|win|Needle Weedle
|raw|Ladder updating...
|c|âayo sb|gg
|leave|ayo sb
|player|p1
|raw|ayo sb's rating: 1568 &rarr; <strong>1542<\/strong><br \/>(-26 for losing)
|raw|Needle Weedle's rating: 1455 &rarr; <strong>1481<\/strong><br \/>(+26 for winning)