|join|ayo sb
|join|Haxxhatred
|player|p1|ayo sb|276
|player|p2|Haxxhatred|265
|gametype|singles
|gen|6
|tier|UU
|rated
|rule|Sleep Clause Mod: Limit one foe put to sleep
|rule|Species Clause: Limit one of each Pokemon
|rule|OHKO Clause: OHKO moves are banned
|rule|Moody Clause: Moody is banned
|rule|Evasion Moves Clause: Evasion moves are banned
|rule|Endless Battle Clause: Forcing endless battles is banned.
|rule|HP Percentage Mod: HP is reported as percentages
|clearpoke
|poke|p1|Dragalge, F
|poke|p1|Bronzong
|poke|p1|Alomomola, F
|poke|p1|Sableye, F
|poke|p1|Crobat, F
|poke|p1|Shaymin
|poke|p2|Mismagius, F
|poke|p2|Krookodile, M
|poke|p2|Crobat, F
|poke|p2|Houndoom, F
|poke|p2|Mienshao, F
|poke|p2|Noivern, F
|teampreview
|
|start
|switch|p1a: Sableye|Sableye, F|304\/304
|switch|p2a: Houndoom|Houndoom, F|302\/302
|turn|1
|join|Duskt70
|
|detailschange|p2a: Houndoom|Houndoom-Mega, F
|message|Houndoom has Mega Evolved into Mega Houndoom!
|move|p1a: Sableye|Snatch|p1a: Sableye
|-singleturn|p1a: Sableye|Snatch
|move|p2a: Houndoom|Fire Blast|p1a: Sableye
|-damage|p1a: Sableye|102\/304
|
|-heal|p1a: Sableye|121\/304|[from] item: Leftovers
|turn|2
|
|switch|p1a: Dragalge|Dragalge, F|334\/334
|move|p2a: Houndoom|Dark Pulse|p1a: Dragalge
|-damage|p1a: Dragalge|238\/334
|
|-heal|p1a: Dragalge|258\/334|[from] item: Black Sludge
|turn|3
|
|switch|p2a: Krookodile|Krookodile, M|353\/353
|-ability|p2a: Krookodile|Intimidate|[of] p1a: Dragalge
|-unboost|p1a: Dragalge|atk|1
|move|p1a: Dragalge|Scald|p2a: Krookodile
|-supereffective|p2a: Krookodile
|-damage|p2a: Krookodile|217\/353
|
|-heal|p1a: Dragalge|278\/334|[from] item: Black Sludge
|turn|4
|
|switch|p1a: Alomomola|Alomomola, F|471\/471
|move|p2a: Krookodile|Stealth Rock|p1a: Alomomola
|-sidestart|p1: ayo sb|move: Stealth Rock
|
|turn|5
|
|switch|p2a: Mismagius|Mismagius, F|323\/323
|move|p1a: Alomomola|Scald|p2a: Mismagius
|-damage|p2a: Mismagius|281\/323
|-status|p2a: Mismagius|brn
|
|-heal|p2a: Mismagius|301\/323 brn|[from] item: Leftovers
|-damage|p2a: Mismagius|261\/323 brn|[from] brn
|turn|6
|
|move|p2a: Mismagius|Shadow Ball|p1a: Alomomola
|-damage|p1a: Alomomola|324\/471
|move|p1a: Alomomola|Wish|p1a: Alomomola
|
|-heal|p2a: Mismagius|281\/323 brn|[from] item: Leftovers
|-heal|p1a: Alomomola|353\/471|[from] item: Leftovers
|-damage|p2a: Mismagius|241\/323 brn|[from] brn
|turn|7
|
|switch|p1a: Dragalge|Dragalge, F|278\/334
|-damage|p1a: Dragalge|237\/334|[from] Stealth Rock
|move|p2a: Mismagius|Will-O-Wisp|p1a: Dragalge
|-status|p1a: Dragalge|brn
|
|-heal|p1a: Dragalge|334\/334 brn|[from] move: Wish|[wisher] Alomomola
|-heal|p2a: Mismagius|261\/323 brn|[from] item: Leftovers
|-damage|p2a: Mismagius|221\/323 brn|[from] brn
|-damage|p1a: Dragalge|293\/334 brn|[from] brn
|turn|8
|
|move|p2a: Mismagius|Taunt|p1a: Dragalge
|-start|p1a: Dragalge|move: Taunt
|move|p1a: Dragalge|Scald|p2a: Mismagius
|-damage|p2a: Mismagius|167\/323 brn
|
|-heal|p2a: Mismagius|187\/323 brn|[from] item: Leftovers
|-heal|p1a: Dragalge|313\/334 brn|[from] item: Black Sludge
|-damage|p2a: Mismagius|147\/323 brn|[from] brn
|-damage|p1a: Dragalge|272\/334 brn|[from] brn
|turn|9
|
|move|p2a: Mismagius|Pain Split|p1a: Dragalge
|-sethp|p1a: Dragalge|209\/334 brn|p2a: Mismagius|209\/323 brn|[from] move: Pain Split
|move|p1a: Dragalge|Scald|p2a: Mismagius
|-damage|p2a: Mismagius|153\/323 brn
|
|-heal|p2a: Mismagius|173\/323 brn|[from] item: Leftovers
|-heal|p1a: Dragalge|229\/334 brn|[from] item: Black Sludge
|-damage|p2a: Mismagius|133\/323 brn|[from] brn
|-damage|p1a: Dragalge|188\/334 brn|[from] brn
|turn|10
|
|move|p2a: Mismagius|Shadow Ball|p1a: Dragalge
|-damage|p1a: Dragalge|106\/334 brn
|move|p1a: Dragalge|Dragon Tail|p2a: Mismagius|[miss]
|-miss|p1a: Dragalge|p2a: Mismagius
|
|-heal|p2a: Mismagius|153\/323 brn|[from] item: Leftovers
|-heal|p1a: Dragalge|126\/334 brn|[from] item: Black Sludge
|-damage|p2a: Mismagius|113\/323 brn|[from] brn
|-damage|p1a: Dragalge|85\/334 brn|[from] brn
|-end|p1a: Dragalge|move: Taunt
|turn|11
|
|switch|p1a: Crobat|Crobat, F|311\/311
|-damage|p1a: Crobat|234\/311|[from] Stealth Rock
|move|p2a: Mismagius|Taunt|p1a: Crobat
|-start|p1a: Crobat|move: Taunt
|
|-heal|p2a: Mismagius|133\/323 brn|[from] item: Leftovers
|-damage|p2a: Mismagius|93\/323 brn|[from] brn
|turn|12
|
|switch|p2a: Krookodile|Krookodile, M|217\/353
|-ability|p2a: Krookodile|Intimidate|[of] p1a: Crobat
|-unboost|p1a: Crobat|atk|1
|move|p1a: Crobat|Brave Bird|p2a: Krookodile
|-damage|p2a: Krookodile|34\/353
|-damage|p1a: Crobat|174\/311|[from] recoil|[of] p2a: Krookodile
|-damage|p1a: Crobat|143\/311|[from] item: Life Orb
|
|turn|13
|
|switch|p1a: Alomomola|Alomomola, F|471\/471
|-damage|p1a: Alomomola|413\/471|[from] Stealth Rock
|move|p2a: Krookodile|Knock Off|p1a: Alomomola
|-damage|p1a: Alomomola|238\/471
|-enditem|p1a: Alomomola|Leftovers|[from] move: Knock Off|[of] p2a: Krookodile
|-damage|p2a: Krookodile|0 fnt|[from] item: Life Orb
|faint|p2a: Krookodile
|
|
|switch|p2a: Mienshao|Mienshao, F|301\/301
|turn|14
|
|move|p1a: Alomomola|Protect|p1a: Alomomola
|-singleturn|p1a: Alomomola|Protect
|move|p2a: Mienshao|High Jump Kick|p1a: Alomomola
|-activate|p1a: Alomomola|Protect
|-damage|p2a: Mienshao|151\/301|[from] highjumpkick
|
|turn|15
|
|switch|p1a: Crobat|Crobat, F|143\/311
|-damage|p1a: Crobat|66\/311|[from] Stealth Rock
|move|p2a: Mienshao|High Jump Kick|p1a: Crobat|[miss]
|-miss|p2a: Mienshao|p1a: Crobat
|-damage|p2a: Mienshao|1\/301|[from] highjumpkick
|
|turn|16
|
|move|p1a: Crobat|Brave Bird|p2a: Mienshao
|-supereffective|p2a: Mienshao
|-damage|p2a: Mienshao|0 fnt
|-damage|p1a: Crobat|65\/311|[from] recoil|[of] p2a: Mienshao
|-damage|p1a: Crobat|34\/311|[from] item: Life Orb
|faint|p2a: Mienshao
|
|
|switch|p2a: Noivern|Noivern, F|315\/315
|turn|17
|leave|Duskt70
|
|move|p2a: Noivern|Draco Meteor|p1a: Crobat
|-damage|p1a: Crobat|0 fnt
|-unboost|p2a: Noivern|spa|2
|faint|p1a: Crobat
|
|
|switch|p1a: Bronzong|Bronzong|338\/338
|-damage|p1a: Bronzong|317\/338|[from] Stealth Rock
|turn|18
|
|switch|p2a: Mismagius|Mismagius, F|93\/323 brn
|move|p1a: Bronzong|Light Screen|p1a: Bronzong
|-sidestart|p1: ayo sb|move: Light Screen
|
|-heal|p2a: Mismagius|113\/323 brn|[from] item: Leftovers
|-heal|p1a: Bronzong|338\/338|[from] item: Leftovers
|-damage|p2a: Mismagius|73\/323 brn|[from] brn
|turn|19
|
|move|p2a: Mismagius|Will-O-Wisp|p1a: Bronzong
|-status|p1a: Bronzong|brn
|move|p1a: Bronzong|Gyro Ball|p2a: Mismagius
|-damage|p2a: Mismagius|0 fnt
|faint|p2a: Mismagius
|
|-damage|p1a: Bronzong|296\/338 brn|[from] brn
|
|switch|p2a: Crobat|Crobat, F|314\/314
|turn|20
|
|move|p2a: Crobat|Brave Bird|p1a: Bronzong
|-resisted|p1a: Bronzong
|-damage|p1a: Bronzong|239\/338 brn
|-damage|p2a: Crobat|295\/314|[from] recoil|[of] p1a: Bronzong
|move|p1a: Bronzong|Reflect|p1a: Bronzong
|-sidestart|p1: ayo sb|Reflect
|
|-heal|p2a: Crobat|314\/314|[from] item: Black Sludge
|-heal|p1a: Bronzong|260\/338 brn|[from] item: Leftovers
|-damage|p1a: Bronzong|218\/338 brn|[from] brn
|turn|21
|
|move|p2a: Crobat|Brave Bird|p1a: Bronzong
|-resisted|p1a: Bronzong
|-damage|p1a: Bronzong|164\/338 brn
|-damage|p2a: Crobat|296\/314|[from] recoil|[of] p1a: Bronzong
|move|p1a: Bronzong|Stealth Rock|p2a: Crobat
|-sidestart|p2: Haxxhatred|move: Stealth Rock
|
|-heal|p2a: Crobat|314\/314|[from] item: Black Sludge
|-heal|p1a: Bronzong|185\/338 brn|[from] item: Leftovers
|-damage|p1a: Bronzong|143\/338 brn|[from] brn
|turn|22
|
|move|p2a: Crobat|Brave Bird|p1a: Bronzong
|-resisted|p1a: Bronzong
|-damage|p1a: Bronzong|80\/338 brn
|-damage|p2a: Crobat|293\/314|[from] recoil|[of] p1a: Bronzong
|move|p1a: Bronzong|Gyro Ball|p2a: Crobat
|-damage|p2a: Crobat|196\/314
|
|-heal|p2a: Crobat|215\/314|[from] item: Black Sludge
|-heal|p1a: Bronzong|101\/338 brn|[from] item: Leftovers
|-damage|p1a: Bronzong|59\/338 brn|[from] brn
|-sideend|p1: ayo sb|move: Light Screen
|turn|23
|
|move|p2a: Crobat|Roost|p2a: Crobat
|-heal|p2a: Crobat|314\/314
|move|p1a: Bronzong|Light Screen|p1a: Bronzong
|-sidestart|p1: ayo sb|move: Light Screen
|
|-heal|p1a: Bronzong|80\/338 brn|[from] item: Leftovers
|-damage|p1a: Bronzong|38\/338 brn|[from] brn
|turn|24
|
|switch|p1a: Alomomola|Alomomola, F|395\/471
|-damage|p1a: Alomomola|337\/471|[from] Stealth Rock
|move|p2a: Crobat|Brave Bird|p1a: Alomomola
|-damage|p1a: Alomomola|189\/471
|-damage|p2a: Crobat|265\/314|[from] recoil|[of] p1a: Alomomola
|
|-heal|p2a: Crobat|284\/314|[from] item: Black Sludge
|-sideend|p1: ayo sb|Reflect
|turn|25
|
|move|p2a: Crobat|Taunt|p1a: Alomomola
|-start|p1a: Alomomola|move: Taunt
|cant|p1a: Alomomola|move: Taunt|Wish
|
|-heal|p2a: Crobat|303\/314|[from] item: Black Sludge
|turn|26
|
|switch|p1a: Dragalge|Dragalge, F|85\/334 brn
|-damage|p1a: Dragalge|44\/334 brn|[from] Stealth Rock
|move|p2a: Crobat|Brave Bird|p1a: Dragalge
|-damage|p1a: Dragalge|0 fnt
|-damage|p2a: Crobat|288\/314|[from] recoil|[of] p1a: Dragalge
|faint|p1a: Dragalge
|
|-heal|p2a: Crobat|307\/314|[from] item: Black Sludge
|
|switch|p1a: Sableye|Sableye, F|121\/304
|-damage|p1a: Sableye|83\/304|[from] Stealth Rock
|turn|27
|
|switch|p2a: Houndoom|Houndoom-Mega, F|302\/302
|-damage|p2a: Houndoom|227\/302|[from] Stealth Rock
|move|p1a: Sableye|Will-O-Wisp|p2a: Houndoom
|-fail|p2a: Houndoom
|
|-heal|p1a: Sableye|102\/304|[from] item: Leftovers
|-sideend|p1: ayo sb|move: Light Screen
|turn|28
|
|move|p1a: Sableye|Recover|p1a: Sableye
|-heal|p1a: Sableye|254\/304
|move|p2a: Houndoom|Dark Pulse|p1a: Sableye
|-damage|p1a: Sableye|107\/304
|
|-heal|p1a: Sableye|126\/304|[from] item: Leftovers
|turn|29
|
|move|p1a: Sableye|Recover|p1a: Sableye
|-heal|p1a: Sableye|278\/304
|move|p2a: Houndoom|Will-O-Wisp|p1a: Sableye
|-status|p1a: Sableye|brn
|
|-heal|p1a: Sableye|297\/304 brn|[from] item: Leftovers
|-damage|p1a: Sableye|259\/304 brn|[from] brn
|turn|30
|
|move|p2a: Houndoom|Dark Pulse|p1a: Sableye
|-damage|p1a: Sableye|118\/304 brn
|move|p1a: Sableye|Foul Play|p2a: Houndoom
|-resisted|p2a: Houndoom
|-damage|p2a: Houndoom|208\/302
|
|-heal|p1a: Sableye|137\/304 brn|[from] item: Leftovers
|-damage|p1a: Sableye|99\/304 brn|[from] brn
|turn|31
|
|switch|p1a: Bronzong|Bronzong|38\/338 brn
|-damage|p1a: Bronzong|17\/338 brn|[from] Stealth Rock
|move|p2a: Houndoom|Dark Pulse|p1a: Bronzong
|-supereffective|p1a: Bronzong
|-damage|p1a: Bronzong|0 fnt
|faint|p1a: Bronzong
|
|
|switch|p1a: Alomomola|Alomomola, F|346\/471
|-damage|p1a: Alomomola|288\/471|[from] Stealth Rock
|turn|32
|
|move|p2a: Houndoom|Taunt|p1a: Alomomola
|-start|p1a: Alomomola|move: Taunt
|cant|p1a: Alomomola|move: Taunt|Wish
|
|turn|33
|
|move|p2a: Houndoom|Dark Pulse|p1a: Alomomola
|-damage|p1a: Alomomola|104\/471
|move|p1a: Alomomola|Scald|p2a: Houndoom
|-supereffective|p2a: Houndoom
|-damage|p2a: Houndoom|112\/302
|
|turn|34
|
|switch|p1a: Sableye|Sableye, F|99\/304 brn
|-damage|p1a: Sableye|61\/304 brn|[from] Stealth Rock
|move|p2a: Houndoom|Dark Pulse|p1a: Sableye
|-damage|p1a: Sableye|0 fnt
|faint|p1a: Sableye
|
|
|switch|p1a: Alomomola|Alomomola, F|261\/471
|-damage|p1a: Alomomola|203\/471|[from] Stealth Rock
|turn|35
|
|move|p2a: Houndoom|Dark Pulse|p1a: Alomomola
|-damage|p1a: Alomomola|0 fnt
|faint|p1a: Alomomola
|
|
|switch|p1a: Shaymin|Shaymin|404\/404
|-damage|p1a: Shaymin|354\/404|[from] Stealth Rock
|turn|36
|
|move|p2a: Houndoom|Fire Blast|p1a: Shaymin
|-supereffective|p1a: Shaymin
|-damage|p1a: Shaymin|0 fnt
|faint|p1a: Shaymin
|
|win|Haxxhatred
|raw|Ladder updating...
|raw|ayo sb's rating: 1475 &rarr; <strong>1448<\/strong><br \/>(-27 for losing)
|raw|Haxxhatred's rating: 1350 &rarr; <strong>1377<\/strong><br \/>(+27 for winning)
|chat|ayo sb|gg
|leave|ayo sb
|player|p1