|join|vivillionOP
|join|ayo sb
|player|p1|vivillionOP|102
|player|p2|ayo sb|21
|gametype|singles
|gen|6
|tier|UU
|rated
|rule|Sleep Clause Mod: Limit one foe put to sleep
|rule|Species Clause: Limit one of each PokÃ©mon
|rule|OHKO Clause: OHKO moves are banned
|rule|Moody Clause: Moody is banned
|rule|Evasion Moves Clause: Evasion moves are banned
|rule|Endless Battle Clause: Forcing endless battles is banned
|rule|HP Percentage Mod: HP is shown in percentages
|clearpoke
|poke|p1|Galvantula, F
|poke|p1|Nidoking, M
|poke|p1|Mienshao, F
|poke|p1|Haxorus, F
|poke|p1|Forretress, M
|poke|p1|Vaporeon, M
|poke|p2|Gourgeist-*, M
|poke|p2|Snorlax, F
|poke|p2|Umbreon, F
|poke|p2|Tentacruel, M
|poke|p2|Aerodactyl, M
|poke|p2|Florges, F
|rule|Swagger Clause: Swagger is banned
|rule|Baton Pass Clause: Limit one PokÃ©mon knowing Baton Pass
|teampreview
|
|start
|switch|p1a: Mienshao|Mienshao, F|271\/271
|switch|p2a: Aerodactyl|Aerodactyl, M|364\/364
|turn|1
|
|detailschange|p2a: Aerodactyl|Aerodactyl-Mega, M
|-mega|p2a: Aerodactyl|Aerodactyl|Aerodactylite
|move|p1a: Mienshao|Fake Out|p2a: Aerodactyl
|-resisted|p2a: Aerodactyl
|-damage|p2a: Aerodactyl|328\/364
|-damage|p1a: Mienshao|244\/271|[from] item: Life Orb
|cant|p2a: Aerodactyl|flinch
|
|turn|2
|
|switch|p1a: Forretress|Forretress, M|354\/354
|move|p2a: Aerodactyl|Stealth Rock|p1a: Forretress
|-sidestart|p1: vivillionOP|move: Stealth Rock
|
|turn|3
|
|switch|p2a: Gourgeist-Super|Gourgeist-Super, M|374\/374
|-item|p1a: Forretress|Leftovers|[from] ability: Frisk|[of] p2a: Gourgeist-Super|[identify]
|move|p1a: Forretress|Gyro Ball|p2a: Gourgeist-Super
|-crit|p2a: Gourgeist-Super
|-damage|p2a: Gourgeist-Super|322\/374
|
|-heal|p2a: Gourgeist-Super|345\/374|[from] item: Leftovers
|turn|4
|
|move|p2a: Gourgeist-Super|Will-O-Wisp|p1a: Forretress
|-status|p1a: Forretress|brn
|move|p1a: Forretress|Stealth Rock|p2a: Gourgeist-Super
|-sidestart|p2: ayo sb|move: Stealth Rock
|
|-heal|p2a: Gourgeist-Super|368\/374|[from] item: Leftovers
|-damage|p1a: Forretress|310\/354 brn|[from] brn
|turn|5
|
|switch|p1a: Nidoking|Nidoking, M|303\/303
|-damage|p1a: Nidoking|285\/303|[from] Stealth Rock
|move|p2a: Gourgeist-Super|Leech Seed|p1a: Nidoking
|-start|p1a: Nidoking|move: Leech Seed
|
|-heal|p2a: Gourgeist-Super|374\/374|[from] item: Leftovers
|-damage|p1a: Nidoking|248\/303|[from] Leech Seed|[of] p2a: Gourgeist-Super
|turn|6
|
|switch|p2a: Umbreon|Umbreon, F|394\/394
|-damage|p2a: Umbreon|345\/394|[from] Stealth Rock
|move|p1a: Nidoking|Sludge Wave|p2a: Umbreon
|-damage|p2a: Umbreon|203\/394
|
|-heal|p2a: Umbreon|227\/394|[from] item: Leftovers
|-damage|p1a: Nidoking|211\/303|[from] Leech Seed|[of] p2a: Umbreon
|-heal|p2a: Umbreon|264\/394|[silent]
|turn|7
|
|switch|p1a: Mienshao|Mienshao, F|271\/271
|-damage|p1a: Mienshao|255\/271|[from] Stealth Rock
|move|p2a: Umbreon|Foul Play|p1a: Mienshao
|-resisted|p1a: Mienshao
|-damage|p1a: Mienshao|140\/271
|
|-heal|p2a: Umbreon|288\/394|[from] item: Leftovers
|turn|8
|
|switch|p2a: Gourgeist-Super|Gourgeist-Super, M|374\/374
|-damage|p2a: Gourgeist-Super|328\/374|[from] Stealth Rock
|-item|p1a: Mienshao|Life Orb|[from] ability: Frisk|[of] p2a: Gourgeist-Super|[identify]
|move|p1a: Mienshao|Drain Punch|p2a: Gourgeist-Super
|-immune|p2a: Gourgeist-Super|[msg]
|
|-heal|p2a: Gourgeist-Super|351\/374|[from] item: Leftovers
|turn|9
|
|move|p1a: Mienshao|Knock Off|p2a: Gourgeist-Super
|-supereffective|p2a: Gourgeist-Super
|-damage|p2a: Gourgeist-Super|179\/374
|-enditem|p2a: Gourgeist-Super|Leftovers|[from] move: Knock Off|[of] p1a: Mienshao
|-damage|p1a: Mienshao|113\/271|[from] item: Life Orb
|move|p2a: Gourgeist-Super|Will-O-Wisp|p1a: Mienshao
|-status|p1a: Mienshao|brn
|
|-damage|p1a: Mienshao|80\/271 brn|[from] brn
|turn|10
|
|move|p1a: Mienshao|U-turn|p2a: Gourgeist-Super
|-damage|p2a: Gourgeist-Super|148\/374
|-damage|p1a: Mienshao|53\/271 brn|[from] item: Life Orb
|
|switch|p1a: Vaporeon|Vaporeon, M|451\/451
|-damage|p1a: Vaporeon|395\/451|[from] Stealth Rock
|move|p2a: Gourgeist-Super|Synthesis|p2a: Gourgeist-Super
|-heal|p2a: Gourgeist-Super|335\/374
|
|-heal|p1a: Vaporeon|423\/451|[from] item: Leftovers
|turn|11
|
|switch|p2a: Tentacruel|Tentacruel, M|364\/364
|-damage|p2a: Tentacruel|319\/364|[from] Stealth Rock
|move|p1a: Vaporeon|Heal Bell|p1a: Vaporeon
|-cureteam|p1a: Vaporeon|[from] move: HealBell
|
|-heal|p2a: Tentacruel|341\/364|[from] item: Black Sludge
|-heal|p1a: Vaporeon|451\/451|[from] item: Leftovers
|turn|12
|
|switch|p1a: Nidoking|Nidoking, M|211\/303
|-damage|p1a: Nidoking|193\/303|[from] Stealth Rock
|move|p2a: Tentacruel|Rapid Spin|p1a: Nidoking
|-crit|p1a: Nidoking
|-damage|p1a: Nidoking|172\/303
|-sideend|p2: ayo sb|Stealth Rock|[from] move: Rapid Spin|[of] p2a: Tentacruel
|
|-heal|p2a: Tentacruel|363\/364|[from] item: Black Sludge
|turn|13
|
|switch|p2a: Aerodactyl|Aerodactyl-Mega, M|328\/364
|move|p1a: Nidoking|Earth Power|p2a: Aerodactyl
|-immune|p2a: Aerodactyl|[msg]
|
|turn|14
|
|switch|p2a: Umbreon|Umbreon, F|288\/394
|switch|p1a: Forretress|Forretress, M|310\/354
|-damage|p1a: Forretress|266\/354|[from] Stealth Rock
|
|-heal|p2a: Umbreon|312\/394|[from] item: Leftovers
|-heal|p1a: Forretress|288\/354|[from] item: Leftovers
|turn|15
|
|switch|p2a: Gourgeist-Super|Gourgeist-Super, M|335\/374
|-item|p1a: Forretress|Leftovers|[from] ability: Frisk|[of] p2a: Gourgeist-Super|[identify]
|switch|p1a: Nidoking|Nidoking, M|172\/303
|-damage|p1a: Nidoking|154\/303|[from] Stealth Rock
|
|turn|16
|
|switch|p2a: Umbreon|Umbreon, F|312\/394
|move|p1a: Nidoking|Sludge Wave|p2a: Umbreon
|-damage|p2a: Umbreon|176\/394
|
|-heal|p2a: Umbreon|200\/394|[from] item: Leftovers
|turn|17
|
|switch|p1a: Vaporeon|Vaporeon, M|451\/451
|-damage|p1a: Vaporeon|395\/451|[from] Stealth Rock
|move|p2a: Umbreon|Wish|p2a: Umbreon
|
|-heal|p1a: Vaporeon|423\/451|[from] item: Leftovers
|-heal|p2a: Umbreon|224\/394|[from] item: Leftovers
|turn|18
|
|move|p2a: Umbreon|Foul Play|p1a: Vaporeon
|-damage|p1a: Vaporeon|348\/451
|move|p1a: Vaporeon|Scald|p2a: Umbreon
|-damage|p2a: Umbreon|167\/394
|
|-heal|p2a: Umbreon|364\/394|[from] move: Wish|[wisher] Umbreon
|-heal|p2a: Umbreon|388\/394|[from] item: Leftovers
|-heal|p1a: Vaporeon|376\/451|[from] item: Leftovers
|turn|19
|
|switch|p2a: Tentacruel|Tentacruel, M|363\/364
|move|p1a: Vaporeon|Wish|p1a: Vaporeon
|
|-heal|p2a: Tentacruel|364\/364|[from] item: Black Sludge
|-heal|p1a: Vaporeon|404\/451|[from] item: Leftovers
|turn|20
|
|switch|p1a: Galvantula|Galvantula, F|281\/281
|-damage|p1a: Galvantula|211\/281|[from] Stealth Rock
|move|p2a: Tentacruel|Scald|p1a: Galvantula
|-damage|p1a: Galvantula|93\/281
|
|-heal|p1a: Galvantula|281\/281|[from] move: Wish|[wisher] Vaporeon
|turn|21
|
|switch|p2a: Snorlax|Snorlax, F|497\/497
|move|p1a: Galvantula|Thunder|p2a: Snorlax
|-damage|p2a: Snorlax|371\/497
|-status|p2a: Snorlax|par
|
|-heal|p2a: Snorlax|402\/497 par|[from] item: Leftovers
|turn|22
|
|switch|p1a: Mienshao|Mienshao, F|143\/271
|-damage|p1a: Mienshao|127\/271|[from] Stealth Rock
|move|p2a: Snorlax|Curse|p2a: Snorlax
|-boost|p2a: Snorlax|atk|1
|-boost|p2a: Snorlax|def|1
|-unboost|p2a: Snorlax|spe|1
|
|-heal|p2a: Snorlax|433\/497 par|[from] item: Leftovers
|turn|23
|
|move|p1a: Mienshao|Drain Punch|p2a: Snorlax
|-supereffective|p2a: Snorlax
|-damage|p2a: Snorlax|204\/497 par
|-heal|p1a: Mienshao|242\/271|[from] drain|[of] p2a: Snorlax
|-damage|p1a: Mienshao|215\/271|[from] item: Life Orb
|move|p2a: Snorlax|Return|p1a: Mienshao
|-crit|p1a: Mienshao
|-damage|p1a: Mienshao|0 fnt
|faint|p1a: Mienshao
|
|-heal|p2a: Snorlax|235\/497 par|[from] item: Leftovers
|
|switch|p1a: Haxorus|Haxorus, F|293\/293
|-damage|p1a: Haxorus|257\/293|[from] Stealth Rock
|-ability|p1a: Haxorus|Mold Breaker
|turn|24
|
|switch|p2a: Gourgeist-Super|Gourgeist-Super, M|335\/374
|-item|p1a: Haxorus|Lum Berry|[from] ability: Frisk|[of] p2a: Gourgeist-Super|[identify]
|move|p1a: Haxorus|Dragon Dance|p1a: Haxorus
|-boost|p1a: Haxorus|atk|1
|-boost|p1a: Haxorus|spe|1
|
|turn|25
|
|move|p1a: Haxorus|Poison Jab|p2a: Gourgeist-Super
|-damage|p2a: Gourgeist-Super|233\/374
|move|p2a: Gourgeist-Super|Leech Seed|p1a: Haxorus
|-start|p1a: Haxorus|move: Leech Seed
|
|-damage|p1a: Haxorus|221\/293|[from] Leech Seed|[of] p2a: Gourgeist-Super
|-heal|p2a: Gourgeist-Super|269\/374|[silent]
|turn|26
|
|switch|p1a: Nidoking|Nidoking, M|154\/303
|-damage|p1a: Nidoking|136\/303|[from] Stealth Rock
|move|p2a: Gourgeist-Super|Foul Play|p1a: Nidoking
|-damage|p1a: Nidoking|45\/303
|
|turn|27
|
|switch|p2a: Aerodactyl|Aerodactyl-Mega, M|328\/364
|move|p1a: Nidoking|Sludge Wave|p2a: Aerodactyl
|-resisted|p2a: Aerodactyl
|-damage|p2a: Aerodactyl|225\/364
|
|turn|28
|
|switch|p1a: Forretress|Forretress, M|288\/354
|-damage|p1a: Forretress|244\/354|[from] Stealth Rock
|move|p2a: Aerodactyl|Aerial Ace|p1a: Forretress
|-damage|p1a: Forretress|174\/354
|
|-heal|p1a: Forretress|196\/354|[from] item: Leftovers
|turn|29
|
|switch|p2a: Tentacruel|Tentacruel, M|364\/364
|move|p1a: Forretress|Rapid Spin|p2a: Tentacruel
|-damage|p2a: Tentacruel|344\/364
|-sideend|p1: vivillionOP|Stealth Rock|[from] move: Rapid Spin|[of] p1a: Forretress
|
|-heal|p2a: Tentacruel|364\/364|[from] item: Black Sludge
|-heal|p1a: Forretress|218\/354|[from] item: Leftovers
|turn|30
|
|switch|p1a: Vaporeon|Vaporeon, M|404\/451
|move|p2a: Tentacruel|Scald|p1a: Vaporeon
|-heal|p1a: Vaporeon|451\/451|[from] ability: Water Absorb|[of] p2a: Tentacruel
|
|turn|31
|
|move|p2a: Tentacruel|Knock Off|p1a: Vaporeon
|-damage|p1a: Vaporeon|400\/451
|-enditem|p1a: Vaporeon|Leftovers|[from] move: Knock Off|[of] p2a: Tentacruel
|move|p1a: Vaporeon|Scald|p2a: Tentacruel
|-resisted|p2a: Tentacruel
|-damage|p2a: Tentacruel|329\/364
|
|-heal|p2a: Tentacruel|351\/364|[from] item: Black Sludge
|turn|32
|
|move|p2a: Tentacruel|Acid Spray|p1a: Vaporeon
|-damage|p1a: Vaporeon|364\/451
|-unboost|p1a: Vaporeon|spd|2
|move|p1a: Vaporeon|Wish|p1a: Vaporeon
|
|-heal|p2a: Tentacruel|364\/364|[from] item: Black Sludge
|turn|33
|c|âvivillionOP|stall team
|c|âayo sb|yes thank you
|
|switch|p1a: Nidoking|Nidoking, M|45\/303
|move|p2a: Tentacruel|Knock Off|p1a: Nidoking
|-damage|p1a: Nidoking|0 fnt
|-enditem|p1a: Nidoking|Life Orb|[from] move: Knock Off|[of] p2a: Tentacruel
|faint|p1a: Nidoking
|
|
|switch|p1a: Haxorus|Haxorus, F|221\/293
|-ability|p1a: Haxorus|Mold Breaker
|turn|34
|
|switch|p2a: Gourgeist-Super|Gourgeist-Super, M|269\/374
|-item|p1a: Haxorus|Lum Berry|[from] ability: Frisk|[of] p2a: Gourgeist-Super|[identify]
|move|p1a: Haxorus|Earthquake|p2a: Gourgeist-Super
|-resisted|p2a: Gourgeist-Super
|-damage|p2a: Gourgeist-Super|226\/374
|
|turn|35
|
|move|p1a: Haxorus|Poison Jab|p2a: Gourgeist-Super
|-damage|p2a: Gourgeist-Super|157\/374
|move|p2a: Gourgeist-Super|Synthesis|p2a: Gourgeist-Super
|-heal|p2a: Gourgeist-Super|344\/374
|
|turn|36
|
|move|p1a: Haxorus|Dragon Dance|p1a: Haxorus
|-boost|p1a: Haxorus|atk|1
|-boost|p1a: Haxorus|spe|1
|move|p2a: Gourgeist-Super|Leech Seed|p1a: Haxorus
|-start|p1a: Haxorus|move: Leech Seed
|
|-damage|p1a: Haxorus|185\/293|[from] Leech Seed|[of] p2a: Gourgeist-Super
|-heal|p2a: Gourgeist-Super|374\/374|[silent]
|turn|37
|
|move|p1a: Haxorus|Dragon Dance|p1a: Haxorus
|-boost|p1a: Haxorus|atk|1
|-boost|p1a: Haxorus|spe|1
|move|p2a: Gourgeist-Super|Foul Play|p1a: Haxorus
|-damage|p1a: Haxorus|0 fnt
|faint|p1a: Haxorus
|
|c|âvivillionOP|gg
|c|âayo sb|gg
|c|âvivillionOP|stall is so boring
|c|âvivillionOP|its very slow game
|c|âayo sb|you should have something that can break it
|c|âvivillionOP|yeah
|c|âayo sb|try sd hax maybe ?
|c|âvivillionOP|bye bro
|c|âayo sb|bye :)
|-message|vivillionOP forfeited.
|leave|vivillionOP
|
|win|ayo sb
|raw|Ladder updating...
|player|p1
|raw|vivillionOP's rating: 1395 &rarr; <strong>1379<\/strong><br \/>(-16 for losing)
|raw|ayo sb's rating: 1456 &rarr; <strong>1472<\/strong><br \/>(+16 for winning)