|join|ayo sb
|join|Pipluphater
|player|p1|ayo sb|276
|player|p2|Pipluphater|283
|gametype|singles
|gen|6
|tier|UU
|rated
|rule|Sleep Clause Mod: Limit one foe put to sleep
|rule|Species Clause: Limit one of each Pokemon
|rule|OHKO Clause: OHKO moves are banned
|rule|Moody Clause: Moody is banned
|rule|Evasion Moves Clause: Evasion moves are banned
|rule|Endless Battle Clause: Forcing endless battles is banned.
|rule|HP Percentage Mod: HP is reported as percentages
|clearpoke
|poke|p1|Dragalge, M
|poke|p1|Bronzong
|poke|p1|Alomomola, F
|poke|p1|Sableye, M
|poke|p1|Crobat, F
|poke|p1|Shaymin
|poke|p2|Victini, shiny
|poke|p2|Metagross, shiny
|poke|p2|Hydreigon, M
|poke|p2|Gligar, F
|poke|p2|Blastoise, F
|poke|p2|Florges, F
|teampreview
|
|start
|switch|p1a: Alomomola|Alomomola, F|471\/471
|switch|p2a: Floor Me|Florges, F|360\/360
|turn|1
|
|move|p2a: Floor Me|Moonblast|p1a: Alomomola
|-damage|p1a: Alomomola|308\/471
|move|p1a: Alomomola|Scald|p2a: Floor Me
|-damage|p2a: Floor Me|333\/360
|
|-heal|p2a: Floor Me|355\/360|[from] item: Leftovers
|-heal|p1a: Alomomola|337\/471|[from] item: Leftovers
|turn|2
|
|move|p2a: Floor Me|Moonblast|p1a: Alomomola
|-damage|p1a: Alomomola|189\/471
|-unboost|p1a: Alomomola|spa|1
|move|p1a: Alomomola|Mirror Coat|p2a: Floor Me
|-damage|p2a: Floor Me|59\/360
|
|-heal|p2a: Floor Me|81\/360|[from] item: Leftovers
|-heal|p1a: Alomomola|218\/471|[from] item: Leftovers
|turn|3
|
|switch|p1a: Crobat|Crobat, F|311\/311
|move|p2a: Floor Me|Wish|p2a: Floor Me
|
|-heal|p2a: Floor Me|103\/360|[from] item: Leftovers
|turn|4
|
|move|p2a: Floor Me|Protect|p2a: Floor Me
|-singleturn|p2a: Floor Me|Protect
|move|p1a: Crobat|Brave Bird|p2a: Floor Me
|-activate|p2a: Floor Me|Protect
|
|-heal|p2a: Floor Me|283\/360|[from] move: Wish|[wisher] Floor Me
|-heal|p2a: Floor Me|305\/360|[from] item: Leftovers
|turn|5
|
|switch|p2a: Metaboss|Metagross, shiny|339\/339
|move|p1a: Crobat|Brave Bird|p2a: Metaboss
|-resisted|p2a: Metaboss
|-damage|p2a: Metaboss|254\/339
|-damage|p1a: Crobat|283\/311|[from] recoil|[of] p2a: Metaboss
|
|turn|6
|
|switch|p1a: Alomomola|Alomomola, F|375\/471
|move|p2a: Metaboss|Thunder Punch|p1a: Alomomola
|-supereffective|p1a: Alomomola
|-damage|p1a: Alomomola|109\/471
|
|-heal|p1a: Alomomola|138\/471|[from] item: Leftovers
|turn|7
|
|switch|p1a: Bronzong|Bronzong|338\/338
|move|p2a: Metaboss|Thunder Punch|p1a: Bronzong
|-damage|p1a: Bronzong|238\/338
|
|-heal|p1a: Bronzong|259\/338|[from] item: Leftovers
|turn|8
|
|switch|p2a: Triforce|Hydreigon, M|325\/325
|move|p1a: Bronzong|Reflect|p1a: Bronzong
|-sidestart|p1: ayo sb|Reflect
|
|-heal|p1a: Bronzong|280\/338|[from] item: Leftovers
|turn|9
|
|switch|p1a: Dragalge|Dragalge, M|334\/334
|move|p2a: Triforce|Dark Pulse|p1a: Dragalge
|-damage|p1a: Dragalge|216\/334
|-damage|p2a: Triforce|293\/325|[from] item: Life Orb
|
|-heal|p1a: Dragalge|236\/334|[from] item: Black Sludge
|turn|10
|
|switch|p1a: Bronzong|Bronzong|280\/338
|move|p2a: Triforce|Dragon Pulse|p1a: Bronzong
|-resisted|p1a: Bronzong
|-damage|p1a: Bronzong|194\/338
|-damage|p2a: Triforce|261\/325|[from] item: Life Orb
|
|-heal|p1a: Bronzong|215\/338|[from] item: Leftovers
|turn|11
|
|move|p2a: Triforce|Dark Pulse|p1a: Bronzong
|-supereffective|p1a: Bronzong
|-damage|p1a: Bronzong|0 fnt
|-damage|p2a: Triforce|229\/325|[from] item: Life Orb
|faint|p1a: Bronzong
|
|
|switch|p1a: Shaymin|Shaymin|404\/404
|turn|12
|
|switch|p2a: Floor Me|Florges, F|305\/360
|move|p1a: Shaymin|Seed Flare|p2a: Floor Me
|-damage|p2a: Floor Me|206\/360
|
|-heal|p2a: Floor Me|228\/360|[from] item: Leftovers
|-sideend|p1: ayo sb|Reflect
|turn|13
|
|move|p1a: Shaymin|Seed Flare|p2a: Floor Me
|-damage|p2a: Floor Me|119\/360
|-unboost|p2a: Floor Me|spd|2
|move|p2a: Floor Me|Wish|p2a: Floor Me
|
|-heal|p2a: Floor Me|141\/360|[from] item: Leftovers
|turn|14
|
|move|p2a: Floor Me|Protect|p2a: Floor Me
|-singleturn|p2a: Floor Me|Protect
|move|p1a: Shaymin|Leech Seed|p2a: Floor Me
|-activate|p2a: Floor Me|Protect
|
|-heal|p2a: Floor Me|321\/360|[from] move: Wish|[wisher] Floor Me
|-heal|p2a: Floor Me|343\/360|[from] item: Leftovers
|turn|15
|
|switch|p2a: Star|Victini, shiny|341\/341
|move|p1a: Shaymin|Leech Seed|p2a: Star
|-start|p2a: Star|move: Leech Seed
|
|-damage|p2a: Star|299\/341|[from] Leech Seed|[of] p1a: Shaymin
|turn|16
|
|switch|p1a: Alomomola|Alomomola, F|295\/471
|move|p2a: Star|Energy Ball|p1a: Alomomola
|-supereffective|p1a: Alomomola
|-damage|p1a: Alomomola|133\/471
|
|-heal|p1a: Alomomola|162\/471|[from] item: Leftovers
|-damage|p2a: Star|257\/341|[from] Leech Seed|[of] p1a: Alomomola
|-heal|p1a: Alomomola|204\/471|[silent]
|turn|17
|
|switch|p2a: Metaboss|Metagross, shiny|254\/339
|move|p1a: Alomomola|Mirror Coat|p2a: Metaboss
|-fail|p2a: Metaboss
|
|-heal|p1a: Alomomola|233\/471|[from] item: Leftovers
|turn|18
|
|move|p1a: Alomomola|Protect|p1a: Alomomola
|-singleturn|p1a: Alomomola|Protect
|move|p2a: Metaboss|Thunder Punch|p1a: Alomomola
|-activate|p1a: Alomomola|Protect
|
|-heal|p1a: Alomomola|262\/471|[from] item: Leftovers
|turn|19
|
|switch|p1a: Shaymin|Shaymin|404\/404
|move|p2a: Metaboss|Thunder Punch|p1a: Shaymin
|-crit|p1a: Shaymin
|-resisted|p1a: Shaymin
|-damage|p1a: Shaymin|290\/404
|
|-heal|p1a: Shaymin|315\/404|[from] item: Leftovers
|turn|20
|
|switch|p2a: Star|Victini, shiny|257\/341
|move|p1a: Shaymin|Leech Seed|p2a: Star
|-start|p2a: Star|move: Leech Seed
|
|-heal|p1a: Shaymin|340\/404|[from] item: Leftovers
|-damage|p2a: Star|215\/341|[from] Leech Seed|[of] p1a: Shaymin
|-heal|p1a: Shaymin|382\/404|[silent]
|turn|21
|
|switch|p1a: Alomomola|Alomomola, F|419\/471
|move|p2a: Star|V-create|p1a: Alomomola
|-resisted|p1a: Alomomola
|-damage|p1a: Alomomola|316\/471
|-unboost|p2a: Star|def|1
|-unboost|p2a: Star|spd|1
|-unboost|p2a: Star|spe|1
|
|-heal|p1a: Alomomola|345\/471|[from] item: Leftovers
|-damage|p2a: Star|173\/341|[from] Leech Seed|[of] p1a: Alomomola
|-heal|p1a: Alomomola|387\/471|[silent]
|turn|22
|
|switch|p2a: Metaboss|Metagross, shiny|254\/339
|move|p1a: Alomomola|Scald|p2a: Metaboss
|-damage|p2a: Metaboss|206\/339
|
|-heal|p1a: Alomomola|416\/471|[from] item: Leftovers
|turn|23
|
|move|p2a: Metaboss|Thunder Punch|p1a: Alomomola
|-supereffective|p1a: Alomomola
|-damage|p1a: Alomomola|186\/471
|move|p1a: Alomomola|Scald|p2a: Metaboss
|-damage|p2a: Metaboss|155\/339
|
|-heal|p1a: Alomomola|215\/471|[from] item: Leftovers
|turn|24
|
|move|p1a: Alomomola|Protect|p1a: Alomomola
|-singleturn|p1a: Alomomola|Protect
|move|p2a: Metaboss|Thunder Punch|p1a: Alomomola
|-activate|p1a: Alomomola|Protect
|
|-heal|p1a: Alomomola|244\/471|[from] item: Leftovers
|turn|25
|
|switch|p1a: Shaymin|Shaymin|382\/404
|move|p2a: Metaboss|Thunder Punch|p1a: Shaymin
|-resisted|p1a: Shaymin
|-damage|p1a: Shaymin|312\/404
|
|-heal|p1a: Shaymin|337\/404|[from] item: Leftovers
|turn|26
|
|switch|p2a: Floor Me|Florges, F|343\/360
|move|p1a: Shaymin|Earth Power|p2a: Floor Me
|-crit|p2a: Floor Me
|-damage|p2a: Floor Me|267\/360
|
|-heal|p1a: Shaymin|362\/404|[from] item: Leftovers
|-heal|p2a: Floor Me|289\/360|[from] item: Leftovers
|turn|27
|
|move|p1a: Shaymin|Seed Flare|p2a: Floor Me
|-crit|p2a: Floor Me
|-damage|p2a: Floor Me|144\/360
|-unboost|p2a: Floor Me|spd|2
|move|p2a: Floor Me|Wish|p2a: Floor Me
|
|-heal|p1a: Shaymin|387\/404|[from] item: Leftovers
|-heal|p2a: Floor Me|166\/360|[from] item: Leftovers
|turn|28
|
|move|p2a: Floor Me|Protect|p2a: Floor Me
|-singleturn|p2a: Floor Me|Protect
|move|p1a: Shaymin|Seed Flare|p2a: Floor Me
|-activate|p2a: Floor Me|Protect
|
|-heal|p2a: Floor Me|346\/360|[from] move: Wish|[wisher] Floor Me
|-heal|p1a: Shaymin|404\/404|[from] item: Leftovers
|-heal|p2a: Floor Me|360\/360|[from] item: Leftovers
|turn|29
|
|switch|p2a: Triforce|Hydreigon, M|229\/325
|move|p1a: Shaymin|Leech Seed|p2a: Triforce
|-start|p2a: Triforce|move: Leech Seed
|
|-damage|p2a: Triforce|189\/325|[from] Leech Seed|[of] p1a: Shaymin
|turn|30
|
|switch|p1a: Sableye|Sableye, M|304\/304
|move|p2a: Triforce|Dark Pulse|p1a: Sableye
|-damage|p1a: Sableye|113\/304
|-damage|p2a: Triforce|157\/325|[from] item: Life Orb
|
|-heal|p1a: Sableye|132\/304|[from] item: Leftovers
|-damage|p2a: Triforce|117\/325|[from] Leech Seed|[of] p1a: Sableye
|-heal|p1a: Sableye|172\/304|[silent]
|turn|31
|
|move|p1a: Sableye|Recover|p1a: Sableye
|-heal|p1a: Sableye|304\/304
|move|p2a: Triforce|Dragon Pulse|p1a: Sableye
|-damage|p1a: Sableye|93\/304
|-damage|p2a: Triforce|85\/325|[from] item: Life Orb
|
|-heal|p1a: Sableye|112\/304|[from] item: Leftovers
|-damage|p2a: Triforce|45\/325|[from] Leech Seed|[of] p1a: Sableye
|-heal|p1a: Sableye|152\/304|[silent]
|turn|32
|
|switch|p2a: Floor Me|Florges, F|360\/360
|move|p1a: Sableye|Recover|p1a: Sableye
|-heal|p1a: Sableye|304\/304
|
|turn|33
|
|switch|p1a: Alomomola|Alomomola, F|401\/471
|move|p2a: Floor Me|Moonblast|p1a: Alomomola
|-damage|p1a: Alomomola|236\/471
|
|-heal|p1a: Alomomola|265\/471|[from] item: Leftovers
|turn|34
|
|move|p2a: Floor Me|Wish|p2a: Floor Me
|move|p1a: Alomomola|Wish|p1a: Alomomola
|
|-heal|p1a: Alomomola|294\/471|[from] item: Leftovers
|turn|35
|
|switch|p2a: Triforce|Hydreigon, M|45\/325
|switch|p1a: Shaymin|Shaymin|404\/404
|
|-heal|p2a: Triforce|225\/325|[from] move: Wish|[wisher] Floor Me
|turn|36
|
|move|p2a: Triforce|Dark Pulse|p1a: Shaymin
|-damage|p1a: Shaymin|216\/404
|-damage|p2a: Triforce|193\/325|[from] item: Life Orb
|move|p1a: Shaymin|Seed Flare|p2a: Triforce
|-resisted|p2a: Triforce
|-damage|p2a: Triforce|93\/325
|
|-heal|p1a: Shaymin|241\/404|[from] item: Leftovers
|turn|37
|
|move|p2a: Triforce|Dark Pulse|p1a: Shaymin
|-damage|p1a: Shaymin|30\/404
|-damage|p2a: Triforce|61\/325|[from] item: Life Orb
|move|p1a: Shaymin|Seed Flare|p2a: Triforce
|-resisted|p2a: Triforce
|-damage|p2a: Triforce|0 fnt
|faint|p2a: Triforce
|
|-heal|p1a: Shaymin|55\/404|[from] item: Leftovers
|
|switch|p2a: Star|Victini, shiny|173\/341
|turn|38
|
|switch|p1a: Alomomola|Alomomola, F|451\/471
|move|p2a: Star|U-turn|p1a: Alomomola
|-damage|p1a: Alomomola|390\/471
|
|switch|p2a: Metaboss|Metagross, shiny|155\/339
|
|-heal|p1a: Alomomola|419\/471|[from] item: Leftovers
|turn|39
|
|move|p1a: Alomomola|Protect|p1a: Alomomola
|-singleturn|p1a: Alomomola|Protect
|move|p2a: Metaboss|Thunder Punch|p1a: Alomomola
|-activate|p1a: Alomomola|Protect
|
|-heal|p1a: Alomomola|448\/471|[from] item: Leftovers
|turn|40
|
|move|p2a: Metaboss|Thunder Punch|p1a: Alomomola
|-crit|p1a: Alomomola
|-supereffective|p1a: Alomomola
|-damage|p1a: Alomomola|58\/471
|move|p1a: Alomomola|Scald|p2a: Metaboss
|-damage|p2a: Metaboss|100\/339
|
|-heal|p1a: Alomomola|87\/471|[from] item: Leftovers
|turn|41
|
|switch|p1a: Dragalge|Dragalge, M|236\/334
|move|p2a: Metaboss|Thunder Punch|p1a: Dragalge
|-crit|p1a: Dragalge
|-resisted|p1a: Dragalge
|-damage|p1a: Dragalge|119\/334
|
|-heal|p1a: Dragalge|139\/334|[from] item: Black Sludge
|turn|42
|
|switch|p2a: Floor Me|Florges, F|360\/360
|move|p1a: Dragalge|Scald|p2a: Floor Me
|-crit|p2a: Floor Me
|-damage|p2a: Floor Me|313\/360
|-status|p2a: Floor Me|brn
|
|-heal|p2a: Floor Me|335\/360 brn|[from] item: Leftovers
|-heal|p1a: Dragalge|159\/334|[from] item: Black Sludge
|-damage|p2a: Floor Me|290\/360 brn|[from] brn
|turn|43
|
|move|p2a: Floor Me|Moonblast|p1a: Dragalge
|-damage|p1a: Dragalge|78\/334
|move|p1a: Dragalge|Toxic Spikes|p2a: Floor Me
|-sidestart|p2: Pipluphater|move: Toxic Spikes
|
|-heal|p2a: Floor Me|312\/360 brn|[from] item: Leftovers
|-heal|p1a: Dragalge|98\/334|[from] item: Black Sludge
|-damage|p2a: Floor Me|267\/360 brn|[from] brn
|turn|44
|
|move|p2a: Floor Me|Aromatherapy|p2a: Floor Me
|-cureteam|p2a: Floor Me|[from] move: Aromatherapy
|move|p1a: Dragalge|Toxic Spikes|p2a: Floor Me
|-sidestart|p2: Pipluphater|move: Toxic Spikes
|
|-heal|p2a: Floor Me|289\/360|[from] item: Leftovers
|-heal|p1a: Dragalge|118\/334|[from] item: Black Sludge
|turn|45
|
|move|p2a: Floor Me|Wish|p2a: Floor Me
|move|p1a: Dragalge|Sludge Wave|p2a: Floor Me
|-supereffective|p2a: Floor Me
|-damage|p2a: Floor Me|173\/360
|-status|p2a: Floor Me|psn
|
|-heal|p2a: Floor Me|195\/360 psn|[from] item: Leftovers
|-heal|p1a: Dragalge|138\/334|[from] item: Black Sludge
|-damage|p2a: Floor Me|150\/360 psn|[from] psn
|turn|46
|
|switch|p2a: Metaboss|Metagross, shiny|100\/339
|move|p1a: Dragalge|Scald|p2a: Metaboss
|-damage|p2a: Metaboss|32\/339
|
|-heal|p2a: Metaboss|212\/339|[from] move: Wish|[wisher] Floor Me
|-heal|p1a: Dragalge|158\/334|[from] item: Black Sludge
|turn|47
|
|switch|p1a: Crobat|Crobat, F|283\/311
|move|p2a: Metaboss|Meteor Mash|p1a: Crobat
|-damage|p1a: Crobat|0 fnt
|faint|p1a: Crobat
|
|
|switch|p1a: Sableye|Sableye, M|304\/304
|turn|48
|
|switch|p2a: Floor Me|Florges, F|150\/360 psn
|move|p1a: Sableye|Will-O-Wisp|p2a: Floor Me
|-fail|p2a: Floor Me
|
|-heal|p2a: Floor Me|172\/360 psn|[from] item: Leftovers
|-damage|p2a: Floor Me|127\/360 psn|[from] psn
|turn|49
|
|move|p1a: Sableye|Snatch|p1a: Sableye
|-singleturn|p1a: Sableye|Snatch
|move|p2a: Floor Me|Aromatherapy|p2a: Floor Me
|-activate|p1a: Sableye|Snatch|[of] p2a: Floor Me
|move|p1a: Sableye|Aromatherapy|p1a: Sableye|[from]Snatch
|-cureteam|p1a: Sableye|[from] move: Aromatherapy
|
|-heal|p2a: Floor Me|149\/360 psn|[from] item: Leftovers
|-damage|p2a: Floor Me|104\/360 psn|[from] psn
|turn|50
|
|move|p2a: Floor Me|Wish|p2a: Floor Me
|move|p1a: Sableye|Foul Play|p2a: Floor Me
|-resisted|p2a: Floor Me
|-damage|p2a: Floor Me|58\/360 psn
|
|-heal|p2a: Floor Me|80\/360 psn|[from] item: Leftovers
|-damage|p2a: Floor Me|35\/360 psn|[from] psn
|turn|51
|
|switch|p1a: Alomomola|Alomomola, F|244\/471
|move|p2a: Floor Me|Protect|p2a: Floor Me
|-fail|p2a: Floor Me
|
|-heal|p2a: Floor Me|215\/360 psn|[from] move: Wish|[wisher] Floor Me
|-heal|p2a: Floor Me|237\/360 psn|[from] item: Leftovers
|-heal|p1a: Alomomola|273\/471|[from] item: Leftovers
|-damage|p2a: Floor Me|192\/360 psn|[from] psn
|turn|52
|
|move|p2a: Floor Me|Aromatherapy|p2a: Floor Me
|-cureteam|p2a: Floor Me|[from] move: Aromatherapy
|move|p1a: Alomomola|Wish|p1a: Alomomola
|
|-heal|p2a: Floor Me|214\/360|[from] item: Leftovers
|-heal|p1a: Alomomola|302\/471|[from] item: Leftovers
|turn|53
|
|switch|p1a: Dragalge|Dragalge, M|158\/334
|move|p2a: Floor Me|Wish|p2a: Floor Me
|
|-heal|p1a: Dragalge|334\/334|[from] move: Wish|[wisher] Alomomola
|-heal|p2a: Floor Me|236\/360|[from] item: Leftovers
|turn|54
|
|move|p2a: Floor Me|Protect|p2a: Floor Me
|-singleturn|p2a: Floor Me|Protect
|move|p1a: Dragalge|Scald|p2a: Floor Me
|-activate|p2a: Floor Me|Protect
|
|-heal|p2a: Floor Me|360\/360|[from] move: Wish|[wisher] Floor Me
|turn|55
|
|move|p2a: Floor Me|Wish|p2a: Floor Me
|move|p1a: Dragalge|Scald|p2a: Floor Me
|-damage|p2a: Floor Me|326\/360
|-status|p2a: Floor Me|brn
|
|-heal|p2a: Floor Me|348\/360 brn|[from] item: Leftovers
|-damage|p2a: Floor Me|303\/360 brn|[from] brn
|turn|56
|
|switch|p2a: Metaboss|Metagross, shiny|212\/339
|move|p1a: Dragalge|Sludge Wave|p2a: Metaboss
|-immune|p2a: Metaboss|[msg]
|
|-heal|p2a: Metaboss|339\/339|[from] move: Wish|[wisher] Floor Me
|turn|57
|
|move|p2a: Metaboss|Earthquake|p1a: Dragalge
|-crit|p1a: Dragalge
|-supereffective|p1a: Dragalge
|-damage|p1a: Dragalge|0 fnt
|faint|p1a: Dragalge
|
|
|switch|p1a: Sableye|Sableye, M|304\/304
|turn|58
|
|move|p1a: Sableye|Will-O-Wisp|p2a: Metaboss
|-status|p2a: Metaboss|brn
|move|p2a: Metaboss|Earthquake|p1a: Sableye
|-damage|p1a: Sableye|186\/304
|
|-heal|p1a: Sableye|205\/304|[from] item: Leftovers
|-damage|p2a: Metaboss|297\/339 brn|[from] brn
|turn|59
|
|switch|p2a: Floor Me|Florges, F|303\/360 brn
|switch|p1a: Alomomola|Alomomola, F|459\/471
|
|-heal|p2a: Floor Me|325\/360 brn|[from] item: Leftovers
|-heal|p1a: Alomomola|471\/471|[from] item: Leftovers
|-damage|p2a: Floor Me|280\/360 brn|[from] brn
|turn|60
|
|move|p2a: Floor Me|Aromatherapy|p2a: Floor Me
|-cureteam|p2a: Floor Me|[from] move: Aromatherapy
|move|p1a: Alomomola|Wish|p1a: Alomomola
|
|-heal|p2a: Floor Me|302\/360|[from] item: Leftovers
|turn|61
|
|switch|p1a: Shaymin|Shaymin|55\/404
|move|p2a: Floor Me|Moonblast|p1a: Shaymin
|-crit|p1a: Shaymin
|-damage|p1a: Shaymin|0 fnt
|faint|p1a: Shaymin
|
|-heal|p2a: Floor Me|324\/360|[from] item: Leftovers
|
|switch|p1a: Sableye|Sableye, M|205\/304
|turn|62
|
|move|p1a: Sableye|Snatch|p1a: Sableye
|-singleturn|p1a: Sableye|Snatch
|move|p2a: Floor Me|Moonblast|p1a: Sableye
|-supereffective|p1a: Sableye
|-damage|p1a: Sableye|0 fnt
|faint|p1a: Sableye
|
|-heal|p2a: Floor Me|346\/360|[from] item: Leftovers
|
|switch|p1a: Alomomola|Alomomola, F|471\/471
|turn|63
|
|switch|p2a: Metaboss|Metagross, shiny|297\/339
|move|p1a: Alomomola|Scald|p2a: Metaboss
|-damage|p2a: Metaboss|248\/339
|
|turn|64
|
|move|p2a: Metaboss|Thunder Punch|p1a: Alomomola
|-supereffective|p1a: Alomomola
|-damage|p1a: Alomomola|211\/471
|move|p1a: Alomomola|Scald|p2a: Metaboss
|-damage|p2a: Metaboss|194\/339
|
|-heal|p1a: Alomomola|240\/471|[from] item: Leftovers
|turn|65
|
|move|p1a: Alomomola|Protect|p1a: Alomomola
|-singleturn|p1a: Alomomola|Protect
|move|p2a: Metaboss|Thunder Punch|p1a: Alomomola
|-activate|p1a: Alomomola|Protect
|
|-heal|p1a: Alomomola|269\/471|[from] item: Leftovers
|turn|66
|
|move|p2a: Metaboss|Thunder Punch|p1a: Alomomola
|-supereffective|p1a: Alomomola
|-damage|p1a: Alomomola|1\/471
|move|p1a: Alomomola|Scald|p2a: Metaboss
|-damage|p2a: Metaboss|137\/339
|
|-heal|p1a: Alomomola|30\/471|[from] item: Leftovers
|turn|67
|chat|Pipluphater|gg
|chat|ayo sb|literally 6 scalds through the game no burn but ye gg
|
|move|p2a: Metaboss|Thunder Punch|p1a: Alomomola
|-supereffective|p1a: Alomomola
|-damage|p1a: Alomomola|0 fnt
|faint|p1a: Alomomola
|
|win|Pipluphater
|raw|Ladder updating...
|raw|ayo sb's rating: 1444 &rarr; <strong>1429<\/strong><br \/>(-15 for losing)
|raw|Pipluphater's rating: 1536 &rarr; <strong>1551<\/strong><br \/>(+15 for winning)
|leave|ayo sb
|player|p1