|join|Haxxhatred
|join|ayo sb
|player|p1|Haxxhatred|266
|player|p2|ayo sb|276
|gametype|singles
|gen|6
|tier|UU
|rated
|rule|Sleep Clause Mod: Limit one foe put to sleep
|rule|Species Clause: Limit one of each PokÃ©mon
|rule|OHKO Clause: OHKO moves are banned
|rule|Moody Clause: Moody is banned
|rule|Evasion Moves Clause: Evasion moves are banned
|rule|Endless Battle Clause: Forcing endless battles is banned
|rule|HP Percentage Mod: HP is reported as percentages
|clearpoke
|poke|p1|Noivern, F
|poke|p1|Aerodactyl, M
|poke|p1|Mismagius, F
|poke|p1|Gallade, M
|poke|p1|Krookodile, F
|poke|p1|Aggron, M
|poke|p2|Banette, M
|poke|p2|Tornadus-Therian, M
|poke|p2|Magneton
|poke|p2|Mienshao, M
|poke|p2|Forretress, M
|poke|p2|Hydreigon, F
|rule|Swagger Clause: Swagger is banned
|rule|Baton Pass Clause: Limit three PokÃ©mon knowing Baton Pass
|teampreview
|
|start
|switch|p1a: Gallade|Gallade, M|315\/315
|switch|p2a: Banette|Banette, M|332\/332
|-item|p1a: Gallade|Life Orb|[from] ability: Frisk|[of] p2a: Banette|[identify]
|turn|1
|
|detailschange|p2a: Banette|Banette-Mega, M
|message|Banette has Mega Evolved into Mega Banette!
|move|p2a: Banette|Protect|p2a: Banette
|-singleturn|p2a: Banette|Protect
|move|p1a: Gallade|Knock Off|p2a: Banette
|-activate|p2a: Banette|Protect
|
|turn|2
|
|switch|p1a: Mismagius|Mismagius, F|323\/323
|move|p2a: Banette|Will-O-Wisp|p1a: Mismagius
|-status|p1a: Mismagius|brn
|
|-damage|p1a: Mismagius|283\/323 brn|[from] brn
|turn|3
|
|switch|p2a: Hydreigon|Hydreigon, F|325\/325
|move|p1a: Mismagius|Will-O-Wisp|p2a: Hydreigon
|-status|p2a: Hydreigon|brn
|
|-heal|p1a: Mismagius|303\/323 brn|[from] item: Leftovers
|-damage|p2a: Hydreigon|285\/325 brn|[from] brn
|-damage|p1a: Mismagius|263\/323 brn|[from] brn
|turn|4
|
|move|p2a: Hydreigon|Dark Pulse|p1a: Mismagius
|-supereffective|p1a: Mismagius
|-damage|p1a: Mismagius|23\/323 brn
|move|p1a: Mismagius|Pain Split|p2a: Hydreigon
|-sethp|p2a: Hydreigon|154\/325 brn|p1a: Mismagius|154\/323 brn|[from] move: Pain Split
|
|-heal|p1a: Mismagius|174\/323 brn|[from] item: Leftovers
|-damage|p2a: Hydreigon|114\/325 brn|[from] brn
|-damage|p1a: Mismagius|134\/323 brn|[from] brn
|turn|5
|
|switch|p1a: Krookodile|Krookodile, F|351\/351
|-ability|p1a: Krookodile|Intimidate|[of] p2a: Hydreigon
|-unboost|p2a: Hydreigon|atk|1
|move|p2a: Hydreigon|Dark Pulse|p1a: Krookodile
|-resisted|p1a: Krookodile
|-damage|p1a: Krookodile|272\/351
|
|-damage|p2a: Hydreigon|74\/325 brn|[from] brn
|turn|6
|
|move|p1a: Krookodile|Pursuit|p2a: Hydreigon|[from]Pursuit
|-resisted|p2a: Hydreigon
|-damage|p2a: Hydreigon|0 fnt
|-damage|p1a: Krookodile|237\/351|[from] item: Life Orb
|faint|p2a: Hydreigon
|
|
|switch|p2a: Forretress|Forretress, M|354\/354
|turn|7
|
|move|p1a: Krookodile|Taunt|p2a: Forretress
|-start|p2a: Forretress|move: Taunt
|cant|p2a: Forretress|move: Taunt|Stealth Rock
|
|turn|8
|
|move|p1a: Krookodile|Knock Off|p2a: Forretress
|-damage|p2a: Forretress|232\/354
|-enditem|p2a: Forretress|Leftovers|[from] move: Knock Off|[of] p1a: Krookodile
|-damage|p1a: Krookodile|202\/351|[from] item: Life Orb
|move|p2a: Forretress|Rapid Spin|p1a: Krookodile
|-damage|p1a: Krookodile|183\/351
|
|turn|9
|
|switch|p2a: Tornadus-Therian|Tornadus-Therian, M|300\/300
|move|p1a: Krookodile|Earthquake|p2a: Tornadus-Therian
|-immune|p2a: Tornadus-Therian|[msg]
|
|turn|10
|
|switch|p1a: Mismagius|Mismagius, F|134\/323 brn
|move|p2a: Tornadus-Therian|U-turn|p1a: Mismagius
|-resisted|p1a: Mismagius
|-damage|p1a: Mismagius|89\/323 brn
|
|switch|p2a: Magneton|Magneton|304\/304
|
|-heal|p1a: Mismagius|109\/323 brn|[from] item: Leftovers
|-damage|p1a: Mismagius|69\/323 brn|[from] brn
|turn|11
|
|switch|p1a: Gallade|Gallade, M|315\/315
|move|p2a: Magneton|Flash Cannon|p1a: Gallade
|-damage|p1a: Gallade|98\/315
|
|turn|12
|
|switch|p2a: Tornadus-Therian|Tornadus-Therian, M|300\/300
|move|p1a: Gallade|Swords Dance|p1a: Gallade
|-boost|p1a: Gallade|atk|2
|
|turn|13
|
|move|p2a: Tornadus-Therian|Acrobatics|p1a: Gallade
|-crit|p1a: Gallade
|-supereffective|p1a: Gallade
|-damage|p1a: Gallade|0 fnt
|faint|p1a: Gallade
|
|
|switch|p1a: Aerodactyl|Aerodactyl, M|305\/305
|-ability|p1a: Aerodactyl|Pressure
|turn|14
|
|switch|p2a: Forretress|Forretress, M|232\/354
|detailschange|p1a: Aerodactyl|Aerodactyl-Mega, M
|message|Aerodactyl has Mega Evolved into Mega Aerodactyl!
|move|p1a: Aerodactyl|Stone Edge|p2a: Forretress
|-damage|p2a: Forretress|118\/354
|
|turn|15
|
|move|p1a: Aerodactyl|Taunt|p2a: Forretress
|-start|p2a: Forretress|move: Taunt
|cant|p2a: Forretress|move: Taunt|Stealth Rock
|
|turn|16
|
|switch|p1a: Aggron|Aggron, M|309\/309
|move|p2a: Forretress|Volt Switch|p1a: Aggron
|-damage|p1a: Aggron|253\/309
|
|switch|p2a: Banette|Banette-Mega, M|332\/332
|
|turn|17
|
|move|p2a: Banette|Will-O-Wisp|p1a: Aggron
|-status|p1a: Aggron|brn
|move|p1a: Aggron|Stealth Rock|p2a: Banette
|-sidestart|p2: ayo sb|move: Stealth Rock
|
|-damage|p1a: Aggron|215\/309 brn|[from] brn
|turn|18
|
|move|p2a: Banette|Knock Off|p1a: Aggron
|-damage|p1a: Aggron|167\/309 brn
|move|p1a: Aggron|Earthquake|p2a: Banette
|-damage|p2a: Banette|261\/332
|
|-damage|p1a: Aggron|129\/309 brn|[from] brn
|turn|19
|
|move|p2a: Banette|Protect|p2a: Banette
|-singleturn|p2a: Banette|Protect
|move|p1a: Aggron|Heavy Slam|p2a: Banette
|-activate|p2a: Banette|Protect
|
|-damage|p1a: Aggron|91\/309 brn|[from] brn
|turn|20
|
|move|p2a: Banette|Knock Off|p1a: Aggron
|-damage|p1a: Aggron|48\/309 brn
|move|p1a: Aggron|Earthquake|p2a: Banette
|-damage|p2a: Banette|181\/332
|
|-damage|p1a: Aggron|10\/309 brn|[from] brn
|turn|21
|
|move|p2a: Banette|Knock Off|p1a: Aggron
|-damage|p1a: Aggron|0 fnt
|faint|p1a: Aggron
|
|
|switch|p1a: Noivern|Noivern, F|315\/315
|turn|22
|
|move|p2a: Banette|Protect|p2a: Banette
|-singleturn|p2a: Banette|Protect
|move|p1a: Noivern|Draco Meteor|p2a: Banette
|-activate|p2a: Banette|Protect
|
|turn|23
|
|switch|p2a: Magneton|Magneton|304\/304
|-damage|p2a: Magneton|285\/304|[from] Stealth Rock
|move|p1a: Noivern|Draco Meteor|p2a: Magneton
|-resisted|p2a: Magneton
|-damage|p2a: Magneton|153\/304
|-unboost|p1a: Noivern|spa|2
|
|turn|24
|
|move|p1a: Noivern|Draco Meteor|p2a: Magneton
|-crit|p2a: Magneton
|-resisted|p2a: Magneton
|-damage|p2a: Magneton|0 fnt
|-unboost|p1a: Noivern|spa|2
|faint|p2a: Magneton
|
|
|switch|p2a: Banette|Banette-Mega, M|181\/332
|-damage|p2a: Banette|140\/332|[from] Stealth Rock
|turn|25
|
|switch|p1a: Mismagius|Mismagius, F|69\/323 brn
|move|p2a: Banette|Knock Off|p1a: Mismagius
|-supereffective|p1a: Mismagius
|-damage|p1a: Mismagius|0 fnt
|-enditem|p1a: Mismagius|Leftovers|[from] move: Knock Off|[of] p2a: Banette
|faint|p1a: Mismagius
|
|
|switch|p1a: Noivern|Noivern, F|315\/315
|turn|26
|
|move|p2a: Banette|Protect|p2a: Banette
|-singleturn|p2a: Banette|Protect
|move|p1a: Noivern|Hurricane|p2a: Banette
|-activate|p2a: Banette|Protect
|
|turn|27
|
|move|p2a: Banette|Thunder Wave|p1a: Noivern
|-status|p1a: Noivern|par
|cant|p1a: Noivern|par
|
|turn|28
|
|move|p2a: Banette|Knock Off|p1a: Noivern
|-damage|p1a: Noivern|180\/315 par
|-enditem|p1a: Noivern|Choice Scarf|[from] move: Knock Off|[of] p2a: Banette
|move|p1a: Noivern|Hurricane|p2a: Banette
|-crit|p2a: Banette
|-damage|p2a: Banette|0 fnt
|faint|p2a: Banette
|
|
|switch|p2a: Tornadus-Therian|Tornadus-Therian, M|300\/300
|-damage|p2a: Tornadus-Therian|225\/300|[from] Stealth Rock
|turn|29
|
|switch|p1a: Aerodactyl|Aerodactyl-Mega, M|305\/305
|move|p2a: Tornadus-Therian|Tailwind|p2a: Tornadus-Therian
|-sidestart|p2: ayo sb|move: Tailwind
|
|turn|30
|
|move|p2a: Tornadus-Therian|U-turn|p1a: Aerodactyl
|-resisted|p1a: Aerodactyl
|-damage|p1a: Aerodactyl|266\/305
|
|switch|p2a: Forretress|Forretress, M|118\/354
|-damage|p2a: Forretress|74\/354|[from] Stealth Rock
|move|p1a: Aerodactyl|Stone Edge|p2a: Forretress
|-crit|p2a: Forretress
|-damage|p2a: Forretress|0 fnt
|faint|p2a: Forretress
|
|
|switch|p2a: Mienshao|Mienshao, M|271\/271
|-damage|p2a: Mienshao|255\/271|[from] Stealth Rock
|turn|31
|
|switch|p1a: Noivern|Noivern, F|180\/315 par
|move|p2a: Mienshao|Stone Edge|p1a: Noivern|[miss]
|-miss|p2a: Mienshao|p1a: Noivern
|
|turn|32
|
|switch|p1a: Krookodile|Krookodile, F|183\/351
|-ability|p1a: Krookodile|Intimidate|[of] p2a: Mienshao
|-unboost|p2a: Mienshao|atk|1
|move|p2a: Mienshao|Stone Edge|p1a: Krookodile
|-resisted|p1a: Krookodile
|-damage|p1a: Krookodile|125\/351
|-damage|p2a: Mienshao|228\/271|[from] item: Life Orb
|
|-sideend|p2: ayo sb|move: Tailwind
|turn|33
|
|move|p2a: Mienshao|U-turn|p1a: Krookodile
|-supereffective|p1a: Krookodile
|-damage|p1a: Krookodile|0 fnt
|-damage|p2a: Mienshao|201\/271|[from] item: Life Orb
|faint|p1a: Krookodile
|
|switch|p2a: Tornadus-Therian|Tornadus-Therian, M|300\/300
|-damage|p2a: Tornadus-Therian|225\/300|[from] Stealth Rock
|
|
|switch|p1a: Aerodactyl|Aerodactyl-Mega, M|266\/305
|turn|34
|
|move|p1a: Aerodactyl|Stone Edge|p2a: Tornadus-Therian
|-supereffective|p2a: Tornadus-Therian
|-damage|p2a: Tornadus-Therian|0 fnt
|faint|p2a: Tornadus-Therian
|
|
|switch|p2a: Mienshao|Mienshao, M|271\/271
|-damage|p2a: Mienshao|255\/271|[from] Stealth Rock
|turn|35
|
|move|p1a: Aerodactyl|Aqua Tail|p2a: Mienshao
|-crit|p2a: Mienshao
|-damage|p2a: Mienshao|0 fnt
|faint|p2a: Mienshao
|
|win|Haxxhatred
|raw|Ladder updating...
|raw|Haxxhatred's rating: 1425 &rarr; <strong>1445<\/strong><br \/>(+20 for winning)
|raw|ayo sb's rating: 1424 &rarr; <strong>1404<\/strong><br \/>(-20 for losing)
|chat|ayo sb|gg
|chat|Haxxhatred|gg
|leave|ayo sb
|player|p2