|join|ayo sb
|join|watchMeMiss
|player|p1|ayo sb|21
|player|p2|watchMeMiss|170
|gametype|singles
|gen|6
|tier|UU
|rated
|rule|Sleep Clause Mod: Limit one foe put to sleep
|rule|Species Clause: Limit one of each PokÃ©mon
|rule|OHKO Clause: OHKO moves are banned
|rule|Moody Clause: Moody is banned
|rule|Evasion Moves Clause: Evasion moves are banned
|rule|Endless Battle Clause: Forcing endless battles is banned
|rule|HP Percentage Mod: HP is shown in percentages
|clearpoke
|poke|p1|Steelix, F
|poke|p1|Vaporeon, M
|poke|p1|Gourgeist-*, F
|poke|p1|Florges, F
|poke|p1|Crobat, F
|poke|p1|Zygarde
|poke|p2|Gallade, M
|poke|p2|Empoleon, F
|poke|p2|Celebi
|poke|p2|Rotom-Heat
|poke|p2|Hydreigon, F
|poke|p2|Crobat, M
|rule|Swagger Clause: Swagger is banned
|rule|Baton Pass Clause: Limit one PokÃ©mon knowing Baton Pass
|teampreview
|
|start
|switch|p1a: Steelix|Steelix, F|354\/354
|switch|p2a: Celebi|Celebi|341\/341
|turn|1
|
|detailschange|p1a: Steelix|Steelix-Mega, F
|message|Steelix has Mega Evolved into Mega Steelix!
|move|p2a: Celebi|Giga Drain|p1a: Steelix
|-damage|p1a: Steelix|263\/354
|move|p1a: Steelix|Stealth Rock|p2a: Celebi
|-sidestart|p2: watchMeMiss|move: Stealth Rock
|
|turn|2
|
|move|p2a: Celebi|Giga Drain|p1a: Steelix
|-damage|p1a: Steelix|178\/354
|move|p1a: Steelix|Curse|p1a: Steelix
|-boost|p1a: Steelix|atk|1
|-boost|p1a: Steelix|def|1
|-unboost|p1a: Steelix|spe|1
|
|turn|3
|
|move|p2a: Celebi|Giga Drain|p1a: Steelix
|-damage|p1a: Steelix|90\/354
|move|p1a: Steelix|Gyro Ball|p2a: Celebi
|-damage|p2a: Celebi|10\/341
|
|turn|4
|
|switch|p1a: Crobat|Crobat, F|374\/374
|move|p2a: Celebi|Giga Drain|p1a: Crobat
|-resisted|p1a: Crobat
|-damage|p1a: Crobat|340\/374
|-heal|p2a: Celebi|27\/341|[from] drain|[of] p1a: Crobat
|
|-heal|p1a: Crobat|363\/374|[from] item: Leftovers
|turn|5
|
|switch|p2a: Empoleon|Empoleon, F|372\/372
|-damage|p2a: Empoleon|349\/372|[from] Stealth Rock
|move|p1a: Crobat|Brave Bird|p2a: Empoleon
|-resisted|p2a: Empoleon
|-damage|p2a: Empoleon|278\/372
|-damage|p1a: Crobat|340\/374|[from] recoil|[of] p2a: Empoleon
|
|-heal|p1a: Crobat|363\/374|[from] item: Leftovers
|-heal|p2a: Empoleon|301\/372|[from] item: Leftovers
|turn|6
|
|switch|p1a: Gourgeist-Super|Gourgeist-Super, F|374\/374
|-item|p2a: Empoleon|Leftovers|[from] ability: Frisk|[of] p1a: Gourgeist-Super|[identify]
|move|p2a: Empoleon|Defog|p1a: Gourgeist-Super
|-unboost|p1a: Gourgeist-Super|evasion|1
|-sideend|p2: watchMeMiss|Stealth Rock|[from] move: Defog|[of] p2a: Empoleon
|
|-heal|p2a: Empoleon|324\/372|[from] item: Leftovers
|turn|7
|
|switch|p2a: Rotom-Heat|Rotom-Heat|304\/304
|move|p1a: Gourgeist-Super|Leech Seed|p2a: Rotom-Heat
|-start|p2a: Rotom-Heat|move: Leech Seed
|
|-damage|p2a: Rotom-Heat|266\/304|[from] Leech Seed|[of] p1a: Gourgeist-Super
|turn|8
|
|switch|p1a: Zygarde|Zygarde|405\/405
|-ability|p1a: Zygarde|Aura Break
|move|p2a: Rotom-Heat|Trick|p1a: Zygarde
|-activate|p2a: Rotom-Heat|move: Trick|[of] p1a: Zygarde
|-item|p1a: Zygarde|Choice Specs|[from] move: Trick
|-item|p2a: Rotom-Heat|Leftovers|[from] move: Trick
|
|-heal|p2a: Rotom-Heat|285\/304|[from] item: Leftovers
|-damage|p2a: Rotom-Heat|247\/304|[from] Leech Seed|[of] p1a: Zygarde
|turn|9
|
|move|p2a: Rotom-Heat|Will-O-Wisp|p1a: Zygarde
|-status|p1a: Zygarde|brn
|move|p1a: Zygarde|Dragon Tail|p2a: Rotom-Heat
|-damage|p2a: Rotom-Heat|222\/304
|drag|p2a: Empoleon|Empoleon, F|324\/372
|
|-heal|p2a: Empoleon|347\/372|[from] item: Leftovers
|-damage|p1a: Zygarde|355\/405 brn|[from] brn
|turn|10
|
|switch|p1a: Gourgeist-Super|Gourgeist-Super, F|374\/374
|-item|p2a: Empoleon|Leftovers|[from] ability: Frisk|[of] p1a: Gourgeist-Super|[identify]
|move|p2a: Empoleon|Stealth Rock|p1a: Gourgeist-Super
|-sidestart|p1: ayo sb|move: Stealth Rock
|
|-heal|p2a: Empoleon|370\/372|[from] item: Leftovers
|turn|11
|
|switch|p2a: Celebi|Celebi|27\/341
|move|p1a: Gourgeist-Super|Leech Seed|p2a: Celebi
|-immune|p2a: Celebi|[msg]
|
|turn|12
|
|move|p2a: Celebi|Trick|p1a: Gourgeist-Super
|-activate|p2a: Celebi|move: Trick|[of] p1a: Gourgeist-Super
|-item|p1a: Gourgeist-Super|Choice Scarf|[from] move: Trick
|-item|p2a: Celebi|Leftovers|[from] move: Trick
|move|p1a: Gourgeist-Super|Foul Play|p2a: Celebi
|-supereffective|p2a: Celebi
|-damage|p2a: Celebi|0 fnt
|faint|p2a: Celebi
|
|
|switch|p2a: Crobat|Crobat, M|374\/374
|turn|13
|
|switch|p1a: Vaporeon|Vaporeon, M|464\/464
|-damage|p1a: Vaporeon|406\/464|[from] Stealth Rock
|move|p2a: Crobat|Toxic|p1a: Vaporeon
|-status|p1a: Vaporeon|tox
|
|-heal|p1a: Vaporeon|435\/464 tox|[from] item: Leftovers
|-damage|p1a: Vaporeon|406\/464 tox|[from] psn
|turn|14
|
|move|p2a: Crobat|U-turn|p1a: Vaporeon
|-damage|p1a: Vaporeon|346\/464 tox
|
|switch|p2a: Hydreigon|Hydreigon, F|325\/325
|move|p1a: Vaporeon|Scald|p2a: Hydreigon
|-resisted|p2a: Hydreigon
|-damage|p2a: Hydreigon|269\/325
|-status|p2a: Hydreigon|brn
|
|-heal|p1a: Vaporeon|375\/464 tox|[from] item: Leftovers
|-damage|p2a: Hydreigon|229\/325 brn|[from] brn
|-damage|p1a: Vaporeon|317\/464 tox|[from] psn
|turn|15
|
|switch|p1a: Florges|Florges, F|360\/360
|-damage|p1a: Florges|315\/360|[from] Stealth Rock
|move|p2a: Hydreigon|U-turn|p1a: Florges
|-resisted|p1a: Florges
|-damage|p1a: Florges|301\/360
|
|switch|p2a: Crobat|Crobat, M|374\/374
|
|-heal|p1a: Florges|323\/360|[from] item: Leftovers
|turn|16
|
|move|p2a: Crobat|Brave Bird|p1a: Florges
|-damage|p1a: Florges|187\/360
|-damage|p2a: Crobat|329\/374|[from] recoil|[of] p1a: Florges
|move|p1a: Florges|Aromatherapy|p1a: Florges
|-cureteam|p1a: Florges|[from] move: Aromatherapy
|
|-heal|p2a: Crobat|352\/374|[from] item: Black Sludge
|-heal|p1a: Florges|209\/360|[from] item: Leftovers
|turn|17
|
|move|p2a: Crobat|Toxic|p1a: Florges
|-status|p1a: Florges|tox
|move|p1a: Florges|Synthesis|p1a: Florges
|-heal|p1a: Florges|360\/360 tox
|
|-heal|p2a: Crobat|374\/374|[from] item: Black Sludge
|-damage|p1a: Florges|338\/360 tox|[from] psn
|turn|18
|
|switch|p1a: Zygarde|Zygarde|355\/405
|-damage|p1a: Zygarde|330\/405|[from] Stealth Rock
|-ability|p1a: Zygarde|Aura Break
|move|p2a: Crobat|Brave Bird|p1a: Zygarde
|-damage|p1a: Zygarde|216\/405
|-damage|p2a: Crobat|336\/374|[from] recoil|[of] p1a: Zygarde
|
|-heal|p2a: Crobat|359\/374|[from] item: Black Sludge
|turn|19
|
|move|p2a: Crobat|Toxic|p1a: Zygarde
|-status|p1a: Zygarde|tox
|move|p1a: Zygarde|Dragon Tail|p2a: Crobat
|-damage|p2a: Crobat|302\/374
|drag|p2a: Gallade|Gallade, M|278\/278
|
|-damage|p1a: Zygarde|191\/405 tox|[from] psn
|turn|20
|
|detailschange|p2a: Gallade|Gallade-Mega, M
|message|Gallade has Mega Evolved into Mega Gallade!
|move|p2a: Gallade|Psycho Cut|p1a: Zygarde
|-damage|p1a: Zygarde|55\/405 tox
|move|p1a: Zygarde|Dragon Tail|p2a: Gallade|[miss]
|-miss|p1a: Zygarde|p2a: Gallade
|
|-damage|p1a: Zygarde|5\/405 tox|[from] psn
|turn|21
|
|move|p2a: Gallade|Psycho Cut|p1a: Zygarde
|-damage|p1a: Zygarde|0 fnt
|faint|p1a: Zygarde
|
|
|switch|p1a: Gourgeist-Super|Gourgeist-Super, F|374\/374
|-damage|p1a: Gourgeist-Super|328\/374|[from] Stealth Rock
|-item|p2a: Gallade|Galladite|[from] ability: Frisk|[of] p1a: Gourgeist-Super|[identify]
|turn|22
|
|switch|p2a: Rotom-Heat|Rotom-Heat|222\/304
|move|p1a: Gourgeist-Super|Foul Play|p2a: Rotom-Heat
|-damage|p2a: Rotom-Heat|191\/304
|
|-heal|p2a: Rotom-Heat|210\/304|[from] item: Leftovers
|turn|23
|c|âayo sb|gg
|-message|ayo sb forfeited.
|
|win|watchMeMiss
|raw|Ladder updating...
|leave|ayo sb
|player|p1
|raw|ayo sb's rating: 1436 &rarr; <strong>1411<\/strong><br \/>(-25 for losing)
|raw|watchMeMiss's rating: 1345 &rarr; <strong>1370<\/strong><br \/>(+25 for winning)