|join|ayo sb
|join|UBERZZZ
|player|p1|ayo sb|246
|player|p2|UBERZZZ|34
|gametype|singles
|gen|6
|tier|UU
|rated
|rule|Sleep Clause Mod: Limit one foe put to sleep
|rule|Species Clause: Limit one of each PokÃ©mon
|rule|OHKO Clause: OHKO moves are banned
|rule|Moody Clause: Moody is banned
|rule|Evasion Moves Clause: Evasion moves are banned
|rule|Endless Battle Clause: Forcing endless battles is banned
|rule|HP Percentage Mod: HP is shown in percentages
|clearpoke
|poke|p1|Abomasnow, M
|poke|p1|Hippowdon, F
|poke|p1|Lanturn, M
|poke|p1|Blissey, F
|poke|p1|Entei, shiny
|poke|p1|Drifblim, F
|poke|p2|Hydreigon, F
|poke|p2|Jirachi
|poke|p2|Nidoqueen, F
|poke|p2|Infernape, M
|poke|p2|Starmie
|poke|p2|Abomasnow, F
|rule|Swagger Clause: Swagger is banned
|rule|Baton Pass Clause: Limit one PokÃ©mon knowing Baton Pass
|teampreview
|
|start
|switch|p1a: Hippowdon|Hippowdon, F|420\/420
|switch|p2a: Hydreigon|Hydreigon, F|325\/325
|-weather|Sandstorm
|turn|1
|
|switch|p1a: Blissey|Blissey, F|651\/651
|move|p2a: Hydreigon|U-turn|p1a: Blissey
|-damage|p1a: Blissey|559\/651
|
|switch|p2a: Jirachi|Jirachi|404\/404
|
|-weather|Sandstorm|[upkeep]
|-damage|p1a: Blissey|519\/651|[from] sandstorm
|-heal|p1a: Blissey|559\/651|[from] item: Leftovers
|turn|2
|
|move|p1a: Blissey|Protect|p1a: Blissey
|-singleturn|p1a: Blissey|Protect
|move|p2a: Jirachi|Substitute|p2a: Jirachi
|-start|p2a: Jirachi|Substitute
|-damage|p2a: Jirachi|303\/404
|
|-weather|Sandstorm|[upkeep]
|-damage|p1a: Blissey|519\/651|[from] sandstorm
|-heal|p2a: Jirachi|328\/404|[from] item: Leftovers
|-heal|p1a: Blissey|559\/651|[from] item: Leftovers
|turn|3
|
|switch|p1a: Lanturn|Lanturn, M|404\/404
|move|p2a: Jirachi|Toxic|p1a: Lanturn
|-status|p1a: Lanturn|tox
|
|-weather|Sandstorm|[upkeep]
|-damage|p1a: Lanturn|379\/404 tox|[from] sandstorm
|-heal|p2a: Jirachi|353\/404|[from] item: Leftovers
|-heal|p1a: Lanturn|404\/404 tox|[from] item: Leftovers
|-damage|p1a: Lanturn|379\/404 tox|[from] psn
|turn|4
|
|move|p2a: Jirachi|Iron Head|p1a: Lanturn
|-resisted|p1a: Lanturn
|-damage|p1a: Lanturn|351\/404 tox
|move|p1a: Lanturn|Scald|p2a: Jirachi
|-activate|p2a: Jirachi|Substitute|[damage]
|
|-weather|Sandstorm|[upkeep]
|-damage|p1a: Lanturn|326\/404 tox|[from] sandstorm
|-heal|p2a: Jirachi|378\/404|[from] item: Leftovers
|-heal|p1a: Lanturn|351\/404 tox|[from] item: Leftovers
|-damage|p1a: Lanturn|301\/404 tox|[from] psn
|turn|5
|
|move|p2a: Jirachi|Iron Head|p1a: Lanturn
|-resisted|p1a: Lanturn
|-damage|p1a: Lanturn|273\/404 tox
|move|p1a: Lanturn|Volt Switch|p2a: Jirachi
|-end|p2a: Jirachi|Substitute
|
|switch|p1a: Entei|Entei, shiny|404\/404
|-ability|p1a: Entei|Pressure
|
|-weather|none
|-heal|p2a: Jirachi|403\/404|[from] item: Leftovers
|turn|6
|
|switch|p2a: Starmie|Starmie|324\/324
|move|p1a: Entei|Substitute|p1a: Entei
|-start|p1a: Entei|Substitute
|-damage|p1a: Entei|303\/404
|
|-heal|p1a: Entei|328\/404|[from] item: Leftovers
|turn|7
|
|move|p2a: Starmie|Scald|p1a: Entei
|-supereffective|p1a: Entei
|-end|p1a: Entei|Substitute
|move|p1a: Entei|Stone Edge|p2a: Starmie
|-damage|p2a: Starmie|201\/324
|
|-heal|p2a: Starmie|221\/324|[from] item: Leftovers
|-heal|p1a: Entei|353\/404|[from] item: Leftovers
|turn|8
|
|switch|p1a: Blissey|Blissey, F|559\/651
|move|p2a: Starmie|Psyshock|p1a: Blissey
|-damage|p1a: Blissey|399\/651
|
|-heal|p2a: Starmie|241\/324|[from] item: Leftovers
|-heal|p1a: Blissey|439\/651|[from] item: Leftovers
|turn|9
|
|switch|p2a: Nidoqueen|Nidoqueen, F|321\/321
|move|p1a: Blissey|Heal Bell|p1a: Blissey
|-cureteam|p1a: Blissey|[from] move: HealBell
|
|-heal|p1a: Blissey|479\/651|[from] item: Leftovers
|turn|10
|
|move|p2a: Nidoqueen|Stealth Rock|p1a: Blissey
|-sidestart|p1: ayo sb|move: Stealth Rock
|move|p1a: Blissey|Seismic Toss|p2a: Nidoqueen
|-damage|p2a: Nidoqueen|221\/321
|
|-heal|p1a: Blissey|519\/651|[from] item: Leftovers
|turn|11
|
|switch|p2a: Jirachi|Jirachi|403\/404
|move|p1a: Blissey|Seismic Toss|p2a: Jirachi
|-damage|p2a: Jirachi|303\/404
|
|-heal|p2a: Jirachi|328\/404|[from] item: Leftovers
|-heal|p1a: Blissey|559\/651|[from] item: Leftovers
|turn|12
|
|move|p2a: Jirachi|Substitute|p2a: Jirachi
|-start|p2a: Jirachi|Substitute
|-damage|p2a: Jirachi|227\/404
|move|p1a: Blissey|Wish|p1a: Blissey
|
|-heal|p2a: Jirachi|252\/404|[from] item: Leftovers
|-heal|p1a: Blissey|599\/651|[from] item: Leftovers
|turn|13
|
|switch|p1a: Lanturn|Lanturn, M|273\/404
|-damage|p1a: Lanturn|223\/404|[from] Stealth Rock
|move|p2a: Jirachi|Iron Head|p1a: Lanturn
|-resisted|p1a: Lanturn
|-damage|p1a: Lanturn|199\/404
|
|-heal|p1a: Lanturn|404\/404|[from] move: Wish|[wisher] Blissey
|-heal|p2a: Jirachi|277\/404|[from] item: Leftovers
|turn|14
|
|move|p2a: Jirachi|Toxic|p1a: Lanturn
|-status|p1a: Lanturn|tox
|move|p1a: Lanturn|Scald|p2a: Jirachi
|-activate|p2a: Jirachi|Substitute|[damage]
|
|-heal|p2a: Jirachi|302\/404|[from] item: Leftovers
|-damage|p1a: Lanturn|379\/404 tox|[from] psn
|turn|15
|
|move|p2a: Jirachi|Iron Head|p1a: Lanturn
|-resisted|p1a: Lanturn
|-damage|p1a: Lanturn|354\/404 tox
|move|p1a: Lanturn|Volt Switch|p2a: Jirachi
|-end|p2a: Jirachi|Substitute
|
|switch|p1a: Entei|Entei, shiny|353\/404
|-damage|p1a: Entei|252\/404|[from] Stealth Rock
|-ability|p1a: Entei|Pressure
|
|-heal|p2a: Jirachi|327\/404|[from] item: Leftovers
|-heal|p1a: Entei|277\/404|[from] item: Leftovers
|turn|16
|
|switch|p2a: Hydreigon|Hydreigon, F|325\/325
|move|p1a: Entei|Sacred Fire|p2a: Hydreigon
|-resisted|p2a: Hydreigon
|-damage|p2a: Hydreigon|236\/325
|-status|p2a: Hydreigon|brn
|
|-heal|p1a: Entei|302\/404|[from] item: Leftovers
|-damage|p2a: Hydreigon|196\/325 brn|[from] brn
|turn|17
|
|switch|p1a: Blissey|Blissey, F|599\/651
|-damage|p1a: Blissey|518\/651|[from] Stealth Rock
|move|p2a: Hydreigon|Draco Meteor|p1a: Blissey
|-damage|p1a: Blissey|364\/651
|-unboost|p2a: Hydreigon|spa|2
|
|-heal|p1a: Blissey|404\/651|[from] item: Leftovers
|-damage|p2a: Hydreigon|156\/325 brn|[from] brn
|turn|18
|
|switch|p2a: Jirachi|Jirachi|327\/404
|move|p1a: Blissey|Wish|p1a: Blissey
|
|-heal|p2a: Jirachi|352\/404|[from] item: Leftovers
|-heal|p1a: Blissey|444\/651|[from] item: Leftovers
|turn|19
|
|switch|p2a: Abomasnow|Abomasnow, F|383\/383
|switch|p1a: Drifblim|Drifblim, F|504\/504
|-damage|p1a: Drifblim|378\/504|[from] Stealth Rock
|
|-heal|p1a: Drifblim|504\/504|[from] move: Wish|[wisher] Blissey
|turn|20
|
|detailschange|p2a: Abomasnow|Abomasnow-Mega, F
|message|Abomasnow has Mega Evolved into Mega Abomasnow!
|-weather|Hail
|move|p1a: Drifblim|Will-O-Wisp|p2a: Abomasnow
|-status|p2a: Abomasnow|brn
|move|p2a: Abomasnow|Swords Dance|p2a: Abomasnow
|-boost|p2a: Abomasnow|atk|2
|
|-weather|Hail|[upkeep]
|-damage|p1a: Drifblim|473\/504|[from] hail
|-heal|p1a: Drifblim|504\/504|[from] item: Leftovers
|-damage|p2a: Abomasnow|336\/383 brn|[from] brn
|turn|21
|
|move|p2a: Abomasnow|Ice Shard|p1a: Drifblim
|-supereffective|p1a: Drifblim
|-damage|p1a: Drifblim|244\/504
|move|p1a: Drifblim|Defog|p2a: Abomasnow
|-unboost|p2a: Abomasnow|evasion|1
|-sideend|p1: ayo sb|Stealth Rock|[from] move: Defog|[of] p1a: Drifblim
|
|-weather|Hail|[upkeep]
|-damage|p1a: Drifblim|213\/504|[from] hail
|-heal|p1a: Drifblim|244\/504|[from] item: Leftovers
|-damage|p2a: Abomasnow|289\/383 brn|[from] brn
|turn|22
|
|switch|p1a: Lanturn|Lanturn, M|354\/404 tox
|move|p2a: Abomasnow|Earthquake|p1a: Lanturn
|-supereffective|p1a: Lanturn
|-damage|p1a: Lanturn|40\/404 tox
|
|-weather|Hail|[upkeep]
|-damage|p1a: Lanturn|15\/404 tox|[from] hail
|-heal|p1a: Lanturn|40\/404 tox|[from] item: Leftovers
|-damage|p1a: Lanturn|15\/404 tox|[from] psn
|-damage|p2a: Abomasnow|242\/383 brn|[from] brn
|turn|23
|
|switch|p1a: Entei|Entei, shiny|302\/404
|-ability|p1a: Entei|Pressure
|move|p2a: Abomasnow|Ice Shard|p1a: Entei
|-resisted|p1a: Entei
|-damage|p1a: Entei|257\/404
|
|-weather|Hail|[upkeep]
|-damage|p1a: Entei|232\/404|[from] hail
|-heal|p1a: Entei|257\/404|[from] item: Leftovers
|-damage|p2a: Abomasnow|195\/383 brn|[from] brn
|turn|24
|c|âUBERZZZ|i eq'd
|c|âUBERZZZ|it didn't cancel
|
|move|p1a: Entei|Sacred Fire|p2a: Abomasnow
|-supereffective|p2a: Abomasnow
|-damage|p2a: Abomasnow|0 fnt
|faint|p2a: Abomasnow
|
|-weather|none
|-heal|p1a: Entei|282\/404|[from] item: Leftovers
|c|âayo sb|sorry dude
|
|switch|p2a: Starmie|Starmie|241\/324
|turn|25
|c|âUBERZZZ|yeah it's fine bro
|
|switch|p1a: Blissey|Blissey, F|444\/651
|move|p2a: Starmie|Psyshock|p1a: Blissey
|-damage|p1a: Blissey|279\/651
|
|-heal|p2a: Starmie|261\/324|[from] item: Leftovers
|-heal|p1a: Blissey|319\/651|[from] item: Leftovers
|turn|26
|
|move|p2a: Starmie|Scald|p1a: Blissey
|-damage|p1a: Blissey|256\/651
|move|p1a: Blissey|Wish|p1a: Blissey
|
|-heal|p2a: Starmie|281\/324|[from] item: Leftovers
|-heal|p1a: Blissey|296\/651|[from] item: Leftovers
|turn|27
|
|move|p2a: Starmie|Scald|p1a: Blissey
|-damage|p1a: Blissey|232\/651
|move|p1a: Blissey|Seismic Toss|p2a: Starmie
|-damage|p2a: Starmie|181\/324
|
|-heal|p1a: Blissey|557\/651|[from] move: Wish|[wisher] Blissey
|-heal|p2a: Starmie|201\/324|[from] item: Leftovers
|-heal|p1a: Blissey|597\/651|[from] item: Leftovers
|turn|28
|
|move|p2a: Starmie|Scald|p1a: Blissey
|-crit|p1a: Blissey
|-damage|p1a: Blissey|506\/651
|move|p1a: Blissey|Wish|p1a: Blissey
|
|-heal|p2a: Starmie|221\/324|[from] item: Leftovers
|-heal|p1a: Blissey|546\/651|[from] item: Leftovers
|turn|29
|
|switch|p1a: Drifblim|Drifblim, F|244\/504
|move|p2a: Starmie|Scald|p1a: Drifblim
|-damage|p1a: Drifblim|138\/504
|-status|p1a: Drifblim|brn
|
|-heal|p1a: Drifblim|463\/504 brn|[from] move: Wish|[wisher] Blissey
|-heal|p2a: Starmie|241\/324|[from] item: Leftovers
|-heal|p1a: Drifblim|494\/504 brn|[from] item: Leftovers
|-damage|p1a: Drifblim|431\/504 brn|[from] brn
|turn|30
|
|switch|p2a: Hydreigon|Hydreigon, F|156\/325 brn
|move|p1a: Drifblim|Will-O-Wisp|p2a: Hydreigon
|-fail|p2a: Hydreigon|brn
|
|-heal|p1a: Drifblim|462\/504 brn|[from] item: Leftovers
|-damage|p2a: Hydreigon|116\/325 brn|[from] brn
|-damage|p1a: Drifblim|399\/504 brn|[from] brn
|turn|31
|
|switch|p1a: Blissey|Blissey, F|546\/651
|move|p2a: Hydreigon|Dark Pulse|p1a: Blissey
|-damage|p1a: Blissey|450\/651
|
|-heal|p1a: Blissey|490\/651|[from] item: Leftovers
|-damage|p2a: Hydreigon|76\/325 brn|[from] brn
|turn|32
|
|switch|p2a: Jirachi|Jirachi|352\/404
|move|p1a: Blissey|Wish|p1a: Blissey
|
|-heal|p2a: Jirachi|377\/404|[from] item: Leftovers
|-heal|p1a: Blissey|530\/651|[from] item: Leftovers
|turn|33
|
|switch|p2a: Nidoqueen|Nidoqueen, F|221\/321
|switch|p1a: Entei|Entei, shiny|282\/404
|-ability|p1a: Entei|Pressure
|
|-heal|p1a: Entei|404\/404|[from] move: Wish|[wisher] Blissey
|turn|34
|
|move|p1a: Entei|Substitute|p1a: Entei
|-start|p1a: Entei|Substitute
|-damage|p1a: Entei|303\/404
|move|p2a: Nidoqueen|Earth Power|p1a: Entei
|-supereffective|p1a: Entei
|-end|p1a: Entei|Substitute
|
|-heal|p1a: Entei|328\/404|[from] item: Leftovers
|turn|35
|
|switch|p1a: Lanturn|Lanturn, M|15\/404 tox
|move|p2a: Nidoqueen|Earth Power|p1a: Lanturn
|-supereffective|p1a: Lanturn
|-damage|p1a: Lanturn|0 fnt
|faint|p1a: Lanturn
|
|
|switch|p1a: Blissey|Blissey, F|530\/651
|turn|36
|
|move|p2a: Nidoqueen|Stealth Rock|p1a: Blissey
|-sidestart|p1: ayo sb|move: Stealth Rock
|move|p1a: Blissey|Seismic Toss|p2a: Nidoqueen
|-damage|p2a: Nidoqueen|121\/321
|
|-heal|p1a: Blissey|570\/651|[from] item: Leftovers
|turn|37
|
|switch|p2a: Jirachi|Jirachi|377\/404
|move|p1a: Blissey|Wish|p1a: Blissey
|
|-heal|p2a: Jirachi|402\/404|[from] item: Leftovers
|-heal|p1a: Blissey|610\/651|[from] item: Leftovers
|turn|38
|
|switch|p1a: Drifblim|Drifblim, F|399\/504 brn
|-damage|p1a: Drifblim|273\/504 brn|[from] Stealth Rock
|move|p2a: Jirachi|Substitute|p2a: Jirachi
|-start|p2a: Jirachi|Substitute
|-damage|p2a: Jirachi|301\/404
|
|-heal|p1a: Drifblim|504\/504 brn|[from] move: Wish|[wisher] Blissey
|-heal|p2a: Jirachi|326\/404|[from] item: Leftovers
|-damage|p1a: Drifblim|441\/504 brn|[from] brn
|turn|39
|
|move|p2a: Jirachi|Iron Head|p1a: Drifblim
|-damage|p1a: Drifblim|279\/504 brn
|cant|p1a: Drifblim|flinch
|
|-heal|p2a: Jirachi|351\/404|[from] item: Leftovers
|-heal|p1a: Drifblim|310\/504 brn|[from] item: Leftovers
|-damage|p1a: Drifblim|247\/504 brn|[from] brn
|turn|40
|
|move|p2a: Jirachi|Iron Head|p1a: Drifblim
|-damage|p1a: Drifblim|97\/504 brn
|cant|p1a: Drifblim|flinch
|
|-heal|p2a: Jirachi|376\/404|[from] item: Leftovers
|-heal|p1a: Drifblim|128\/504 brn|[from] item: Leftovers
|-damage|p1a: Drifblim|65\/504 brn|[from] brn
|turn|41
|
|move|p2a: Jirachi|Iron Head|p1a: Drifblim
|-damage|p1a: Drifblim|0 fnt
|faint|p1a: Drifblim
|
|-heal|p2a: Jirachi|401\/404|[from] item: Leftovers
|
|switch|p1a: Hippowdon|Hippowdon, F|420\/420
|-damage|p1a: Hippowdon|394\/420|[from] Stealth Rock
|-weather|Sandstorm
|turn|42
|
|move|p2a: Jirachi|Toxic|p1a: Hippowdon
|-status|p1a: Hippowdon|tox
|move|p1a: Hippowdon|Earthquake|p2a: Jirachi
|-supereffective|p2a: Jirachi
|-end|p2a: Jirachi|Substitute
|
|-weather|Sandstorm|[upkeep]
|-heal|p2a: Jirachi|404\/404|[from] item: Leftovers
|-heal|p1a: Hippowdon|420\/420 tox|[from] item: Leftovers
|-damage|p1a: Hippowdon|394\/420 tox|[from] psn
|turn|43
|
|move|p2a: Jirachi|Substitute|p2a: Jirachi
|-start|p2a: Jirachi|Substitute
|-damage|p2a: Jirachi|303\/404
|move|p1a: Hippowdon|Earthquake|p2a: Jirachi
|-supereffective|p2a: Jirachi
|-end|p2a: Jirachi|Substitute
|
|-weather|Sandstorm|[upkeep]
|-heal|p2a: Jirachi|328\/404|[from] item: Leftovers
|-heal|p1a: Hippowdon|420\/420 tox|[from] item: Leftovers
|-damage|p1a: Hippowdon|368\/420 tox|[from] psn
|turn|44
|
|switch|p2a: Hydreigon|Hydreigon, F|76\/325 brn
|move|p1a: Hippowdon|Earthquake|p2a: Hydreigon
|-immune|p2a: Hydreigon|[msg]
|
|-weather|Sandstorm|[upkeep]
|-damage|p2a: Hydreigon|56\/325 brn|[from] sandstorm
|-heal|p1a: Hippowdon|394\/420 tox|[from] item: Leftovers
|-damage|p2a: Hydreigon|16\/325 brn|[from] brn
|-damage|p1a: Hippowdon|316\/420 tox|[from] psn
|turn|45
|
|switch|p1a: Blissey|Blissey, F|610\/651
|-damage|p1a: Blissey|529\/651|[from] Stealth Rock
|move|p2a: Hydreigon|Draco Meteor|p1a: Blissey
|-damage|p1a: Blissey|378\/651
|-unboost|p2a: Hydreigon|spa|2
|
|-weather|Sandstorm|[upkeep]
|-damage|p2a: Hydreigon|0 fnt|[from] sandstorm
|-damage|p1a: Blissey|338\/651|[from] sandstorm
|-heal|p1a: Blissey|378\/651|[from] item: Leftovers
|faint|p2a: Hydreigon
|
|switch|p2a: Jirachi|Jirachi|328\/404
|turn|46
|
|move|p2a: Jirachi|Iron Head|p1a: Blissey
|-damage|p1a: Blissey|192\/651
|cant|p1a: Blissey|flinch
|
|-weather|none
|-heal|p2a: Jirachi|353\/404|[from] item: Leftovers
|-heal|p1a: Blissey|232\/651|[from] item: Leftovers
|turn|47
|
|move|p1a: Blissey|Protect|p1a: Blissey
|-singleturn|p1a: Blissey|Protect
|move|p2a: Jirachi|Iron Head|p1a: Blissey
|-activate|p1a: Blissey|Protect
|
|-heal|p2a: Jirachi|378\/404|[from] item: Leftovers
|-heal|p1a: Blissey|272\/651|[from] item: Leftovers
|turn|48
|
|switch|p1a: Entei|Entei, shiny|328\/404
|-damage|p1a: Entei|227\/404|[from] Stealth Rock
|-ability|p1a: Entei|Pressure
|move|p2a: Jirachi|Iron Head|p1a: Entei
|-resisted|p1a: Entei
|-damage|p1a: Entei|168\/404
|
|-heal|p2a: Jirachi|403\/404|[from] item: Leftovers
|-heal|p1a: Entei|193\/404|[from] item: Leftovers
|turn|49
|
|switch|p2a: Nidoqueen|Nidoqueen, F|121\/321
|move|p1a: Entei|Substitute|p1a: Entei
|-start|p1a: Entei|Substitute
|-damage|p1a: Entei|92\/404
|
|-heal|p1a: Entei|117\/404|[from] item: Leftovers
|turn|50
|
|move|p1a: Entei|Sacred Fire|p2a: Nidoqueen
|-damage|p2a: Nidoqueen|0 fnt
|faint|p2a: Nidoqueen
|
|-heal|p1a: Entei|142\/404|[from] item: Leftovers
|
|switch|p2a: Starmie|Starmie|241\/324
|turn|51
|
|move|p2a: Starmie|Scald|p1a: Entei
|-supereffective|p1a: Entei
|-end|p1a: Entei|Substitute
|move|p1a: Entei|Stone Edge|p2a: Starmie|[miss]
|-miss|p1a: Entei|p2a: Starmie
|
|-heal|p2a: Starmie|261\/324|[from] item: Leftovers
|-heal|p1a: Entei|167\/404|[from] item: Leftovers
|turn|52
|
|switch|p1a: Blissey|Blissey, F|272\/651
|-damage|p1a: Blissey|191\/651|[from] Stealth Rock
|move|p2a: Starmie|Psyshock|p1a: Blissey
|-damage|p1a: Blissey|20\/651
|
|-heal|p2a: Starmie|281\/324|[from] item: Leftovers
|-heal|p1a: Blissey|60\/651|[from] item: Leftovers
|turn|53
|
|move|p1a: Blissey|Protect|p1a: Blissey
|-singleturn|p1a: Blissey|Protect
|move|p2a: Starmie|Psyshock|p1a: Blissey
|-activate|p1a: Blissey|Protect
|
|-heal|p2a: Starmie|301\/324|[from] item: Leftovers
|-heal|p1a: Blissey|100\/651|[from] item: Leftovers
|turn|54
|
|move|p2a: Starmie|Psyshock|p1a: Blissey
|-damage|p1a: Blissey|0 fnt
|faint|p1a: Blissey
|
|-heal|p2a: Starmie|321\/324|[from] item: Leftovers
|
|switch|p1a: Abomasnow|Abomasnow, M|383\/383
|-damage|p1a: Abomasnow|288\/383|[from] Stealth Rock
|turn|55
|
|switch|p2a: Jirachi|Jirachi|403\/404
|detailschange|p1a: Abomasnow|Abomasnow-Mega, M
|message|Abomasnow has Mega Evolved into Mega Abomasnow!
|-weather|Hail
|move|p1a: Abomasnow|Seed Bomb|p2a: Jirachi
|-resisted|p2a: Jirachi
|-damage|p2a: Jirachi|325\/404
|
|-weather|Hail|[upkeep]
|-damage|p2a: Jirachi|300\/404|[from] hail
|-heal|p2a: Jirachi|325\/404|[from] item: Leftovers
|turn|56
|
|move|p2a: Jirachi|Fire Punch|p1a: Abomasnow
|-supereffective|p1a: Abomasnow
|-damage|p1a: Abomasnow|48\/383
|move|p1a: Abomasnow|Earthquake|p2a: Jirachi
|-supereffective|p2a: Jirachi
|-damage|p2a: Jirachi|75\/404
|
|-weather|Hail|[upkeep]
|-damage|p2a: Jirachi|50\/404|[from] hail
|-heal|p2a: Jirachi|75\/404|[from] item: Leftovers
|turn|57
|
|move|p1a: Abomasnow|Ice Shard|p2a: Jirachi
|-resisted|p2a: Jirachi
|-damage|p2a: Jirachi|34\/404
|move|p2a: Jirachi|Iron Head|p1a: Abomasnow
|-supereffective|p1a: Abomasnow
|-damage|p1a: Abomasnow|0 fnt
|faint|p1a: Abomasnow
|
|-weather|Hail|[upkeep]
|-damage|p2a: Jirachi|9\/404|[from] hail
|-heal|p2a: Jirachi|34\/404|[from] item: Leftovers
|
|switch|p1a: Entei|Entei, shiny|167\/404
|-damage|p1a: Entei|66\/404|[from] Stealth Rock
|-ability|p1a: Entei|Pressure
|turn|58
|
|move|p2a: Jirachi|Iron Head|p1a: Entei
|-resisted|p1a: Entei
|-damage|p1a: Entei|16\/404
|cant|p1a: Entei|flinch
|
|-weather|Hail|[upkeep]
|-damage|p2a: Jirachi|9\/404|[from] hail
|-damage|p1a: Entei|0 fnt|[from] hail
|-heal|p2a: Jirachi|34\/404|[from] item: Leftovers
|faint|p1a: Entei
|
|switch|p1a: Hippowdon|Hippowdon, F|316\/420 tox
|-damage|p1a: Hippowdon|290\/420 tox|[from] Stealth Rock
|-weather|Sandstorm
|turn|59
|
|move|p2a: Jirachi|Iron Head|p1a: Hippowdon
|-damage|p1a: Hippowdon|226\/420 tox
|move|p1a: Hippowdon|Earthquake|p2a: Jirachi
|-supereffective|p2a: Jirachi
|-damage|p2a: Jirachi|0 fnt
|faint|p2a: Jirachi
|
|-weather|Sandstorm|[upkeep]
|-heal|p1a: Hippowdon|252\/420 tox|[from] item: Leftovers
|-damage|p1a: Hippowdon|226\/420 tox|[from] psn
|
|switch|p2a: Starmie|Starmie|321\/324
|turn|60
|
|move|p2a: Starmie|Scald|p1a: Hippowdon
|-supereffective|p1a: Hippowdon
|-damage|p1a: Hippowdon|0 fnt
|faint|p1a: Hippowdon
|
|win|UBERZZZ
|raw|Ladder updating...
|raw|ayo sb's rating: 1473 &rarr; <strong>1451<\/strong><br \/>(-22 for losing)
|raw|UBERZZZ's rating: 1429 &rarr; <strong>1452<\/strong><br \/>(+23 for winning)
|c|âUBERZZZ|gg
|c|âayo sb|gg
|leave|ayo sb
|player|p1