|join|ayo sb
|join|Employee Shinra
|player|p1|ayo sb|266
|player|p2|Employee Shinra|3
|gametype|singles
|gen|6
|tier|UU
|rated
|rule|Sleep Clause Mod: Limit one foe put to sleep
|rule|Species Clause: Limit one of each Pokemon
|rule|OHKO Clause: OHKO moves are banned
|rule|Moody Clause: Moody is banned
|rule|Evasion Moves Clause: Evasion moves are banned
|rule|Endless Battle Clause: Forcing endless battles is banned.
|rule|HP Percentage Mod: HP is reported as percentages
|clearpoke
|poke|p1|Volcarona, F
|poke|p1|Durant, M
|poke|p1|Absol, F
|poke|p1|Dugtrio, M
|poke|p1|Tentacruel, F
|poke|p1|Chandelure, M
|poke|p2|Dugtrio, F
|poke|p2|Froslass, F
|poke|p2|Aerodactyl, F
|poke|p2|Shaymin
|poke|p2|Toxicroak, F
|poke|p2|Rotom-Heat
|teampreview
|
|start
|switch|p1a: Durant|Durant, M|258\/258
|switch|p2a: Pixie|Froslass, F|344\/344
|turn|1
|
|move|p2a: Pixie|Icy Wind|p1a: Durant
|-resisted|p1a: Durant
|-damage|p1a: Durant|206\/258
|-unboost|p1a: Durant|spe|1
|move|p1a: Durant|Iron Head|p2a: Pixie
|-supereffective|p2a: Pixie
|-enditem|p2a: Pixie|Focus Sash
|-damage|p2a: Pixie|1\/344
|-start|p1a: Durant|Disable|Iron Head
|
|turn|2
|
|switch|p1a: Chandelure|Chandelure, M|261\/261
|move|p2a: Pixie|Spikes|p1a: Chandelure
|-sidestart|p1: ayo sb|Spikes
|
|turn|3
|
|move|p1a: Chandelure|Shadow Ball|p2a: Pixie
|-supereffective|p2a: Pixie
|-damage|p2a: Pixie|0 fnt
|faint|p2a: Pixie
|
|
|switch|p2a: TunnelVision|Dugtrio, F|212\/212
|turn|4
|
|move|p1a: Chandelure|Shadow Ball|p2a: TunnelVision
|-enditem|p2a: TunnelVision|Focus Sash
|-damage|p2a: TunnelVision|1\/212
|move|p2a: TunnelVision|Earthquake|p1a: Chandelure
|-supereffective|p1a: Chandelure
|-damage|p1a: Chandelure|0 fnt
|faint|p1a: Chandelure
|
|
|switch|p1a: Dugtrio|Dugtrio, M|212\/212
|-damage|p1a: Dugtrio|186\/212|[from] Spikes
|turn|5
|
|move|p2a: TunnelVision|Sucker Punch|p1a: Dugtrio
|-damage|p1a: Dugtrio|70\/212
|move|p1a: Dugtrio|Earthquake|p2a: TunnelVision
|-damage|p2a: TunnelVision|0 fnt
|faint|p2a: TunnelVision
|
|
|switch|p2a: Not Mega|Aerodactyl, F|302\/302
|-ability|p2a: Not Mega|Pressure
|turn|6
|
|switch|p1a: Tentacruel|Tentacruel, F|364\/364
|-damage|p1a: Tentacruel|319\/364|[from] Spikes
|detailschange|p2a: Not Mega|Aerodactyl-Mega, F
|message|Aerodactyl has Mega Evolved into Mega Aerodactyl!
|move|p2a: Not Mega|Aerial Ace|p1a: Tentacruel
|-damage|p1a: Tentacruel|105\/364
|
|turn|7
|
|move|p2a: Not Mega|Crunch|p1a: Tentacruel
|-damage|p1a: Tentacruel|0 fnt
|faint|p1a: Tentacruel
|
|
|switch|p1a: Durant|Durant, M|206\/258
|-damage|p1a: Durant|174\/258|[from] Spikes
|turn|8
|
|switch|p2a: Toast?|Rotom-Heat|241\/241
|move|p1a: Durant|Iron Head|p2a: Toast?
|-resisted|p2a: Toast?
|-damage|p2a: Toast?|178\/241
|
|turn|9
|
|switch|p1a: Volcarona|Volcarona, F|374\/374
|-damage|p1a: Volcarona|328\/374|[from] Spikes
|move|p2a: Toast?|Overheat|p1a: Volcarona|[miss]
|-miss|p2a: Toast?|p1a: Volcarona
|
|-heal|p1a: Volcarona|351\/374|[from] item: Leftovers
|turn|10
|
|switch|p2a: Not Mega|Aerodactyl-Mega, F|302\/302
|move|p1a: Volcarona|Quiver Dance|p1a: Volcarona
|-boost|p1a: Volcarona|spa|1
|-boost|p1a: Volcarona|spd|1
|-boost|p1a: Volcarona|spe|1
|
|-heal|p1a: Volcarona|374\/374|[from] item: Leftovers
|turn|11
|
|switch|p1a: Dugtrio|Dugtrio, M|70\/212
|-damage|p1a: Dugtrio|44\/212|[from] Spikes
|move|p2a: Not Mega|Stone Edge|p1a: Dugtrio
|-resisted|p1a: Dugtrio
|-damage|p1a: Dugtrio|0 fnt
|faint|p1a: Dugtrio
|
|
|switch|p1a: Durant|Durant, M|174\/258
|-damage|p1a: Durant|142\/258|[from] Spikes
|turn|12
|
|move|p2a: Not Mega|Stone Edge|p1a: Durant
|-damage|p1a: Durant|0 fnt
|faint|p1a: Durant
|
|
|switch|p1a: Absol|Absol, F|271\/271
|-damage|p1a: Absol|238\/271|[from] Spikes
|turn|13
|
|detailschange|p1a: Absol|Absol-Mega, F
|message|Absol has Mega Evolved into Mega Absol!
|move|p1a: Absol|Sucker Punch|p2a: Not Mega
|-damage|p2a: Not Mega|128\/302
|move|p2a: Not Mega|Stone Edge|p1a: Absol
|-damage|p1a: Absol|0 fnt
|faint|p1a: Absol
|
|
|switch|p1a: Volcarona|Volcarona, F|374\/374
|-damage|p1a: Volcarona|328\/374|[from] Spikes
|turn|14
|
|move|p2a: Not Mega|Aerial Ace|p1a: Volcarona
|-supereffective|p1a: Volcarona
|-damage|p1a: Volcarona|62\/374
|move|p1a: Volcarona|Giga Drain|p2a: Not Mega
|-damage|p2a: Not Mega|42\/302
|-heal|p1a: Volcarona|105\/374|[from] drain|[of] p2a: Not Mega
|
|-heal|p1a: Volcarona|128\/374|[from] item: Leftovers
|turn|15
|
|move|p2a: Not Mega|Aerial Ace|p1a: Volcarona
|-supereffective|p1a: Volcarona
|-damage|p1a: Volcarona|0 fnt
|faint|p1a: Volcarona
|
|win|Employee Shinra
|raw|Ladder updating...
|raw|ayo sb's rating: 1448 &rarr; <strong>1426<\/strong><br \/>(-22 for losing)
|raw|Employee Shinra's rating: 1420 &rarr; <strong>1441<\/strong><br \/>(+21 for winning)
|chat|Employee Shinra|gg
|chat|ayo sb|gg
|leave|ayo sb
|player|p1