|join|ayo sb
|join|Fritz Smith
|player|p1|ayo sb|21
|player|p2|Fritz Smith|39
|gametype|singles
|gen|6
|tier|UU
|rated
|rule|Sleep Clause Mod: Limit one foe put to sleep
|rule|Species Clause: Limit one of each PokÃ©mon
|rule|OHKO Clause: OHKO moves are banned
|rule|Moody Clause: Moody is banned
|rule|Evasion Moves Clause: Evasion moves are banned
|rule|Endless Battle Clause: Forcing endless battles is banned
|rule|HP Percentage Mod: HP is shown in percentages
|clearpoke
|poke|p1|Gourgeist-*, F
|poke|p1|Snorlax, M
|poke|p1|Umbreon, M
|poke|p1|Tentacruel, M
|poke|p1|Aerodactyl, F
|poke|p1|Florges, F
|poke|p2|Sharpedo, M
|poke|p2|Nidoqueen, F
|poke|p2|Forretress, M, shiny
|poke|p2|Mienshao, M, shiny
|poke|p2|Vaporeon, F
|poke|p2|Whimsicott, M, shiny
|rule|Swagger Clause: Swagger is banned
|rule|Baton Pass Clause: Limit one PokÃ©mon knowing Baton Pass
|teampreview
Fritz Smith made this room private.
|
|start
|switch|p1a: Aerodactyl|Aerodactyl, F|364\/364
|switch|p2a: Carl Douglas|Mienshao, M, shiny|271\/271
|turn|1
|
|detailschange|p1a: Aerodactyl|Aerodactyl-Mega, F
|message|Aerodactyl has Mega Evolved into Mega Aerodactyl!
|move|p2a: Carl Douglas|High Jump Kick|p1a: Aerodactyl
|-damage|p1a: Aerodactyl|63\/364
|move|p1a: Aerodactyl|Stealth Rock|p2a: Carl Douglas
|-sidestart|p2: Fritz Smith|move: Stealth Rock
|
|turn|2
|
|switch|p1a: Gourgeist-Super|Gourgeist-Super, F|374\/374
|-item|p2a: Carl Douglas|Choice Scarf|[from] ability: Frisk|[of] p1a: Gourgeist-Super|[identify]
|move|p2a: Carl Douglas|High Jump Kick|p1a: Gourgeist-Super
|-immune|p1a: Gourgeist-Super|[msg]
|-damage|p2a: Carl Douglas|136\/271|[from] highjumpkick
|
|turn|3
|
|switch|p2a: Golden Freddy|Forretress, M, shiny|354\/354
|-damage|p2a: Golden Freddy|310\/354|[from] Stealth Rock
|move|p1a: Gourgeist-Super|Will-O-Wisp|p2a: Golden Freddy
|-status|p2a: Golden Freddy|brn
|
|-heal|p2a: Golden Freddy|332\/354 brn|[from] item: Leftovers
|-damage|p2a: Golden Freddy|288\/354 brn|[from] brn
|turn|4
|
|switch|p1a: Florges|Florges, F|360\/360
|move|p2a: Golden Freddy|Toxic|p1a: Florges
|-status|p1a: Florges|tox
|
|-heal|p2a: Golden Freddy|310\/354 brn|[from] item: Leftovers
|-damage|p1a: Florges|338\/360 tox|[from] psn
|-damage|p2a: Golden Freddy|266\/354 brn|[from] brn
|turn|5
|
|move|p1a: Florges|Aromatherapy|p1a: Florges
|-cureteam|p1a: Florges|[from] move: Aromatherapy
|move|p2a: Golden Freddy|Rapid Spin|p1a: Florges
|-damage|p1a: Florges|330\/360
|-sideend|p2: Fritz Smith|Stealth Rock|[from] move: Rapid Spin|[of] p2a: Golden Freddy
|
|-heal|p1a: Florges|352\/360|[from] item: Leftovers
|-heal|p2a: Golden Freddy|288\/354 brn|[from] item: Leftovers
|-damage|p2a: Golden Freddy|244\/354 brn|[from] brn
|turn|6
|
|switch|p2a: Nihoqueen|Nidoqueen, F|383\/383
|move|p1a: Florges|Calm Mind|p1a: Florges
|-boost|p1a: Florges|spa|1
|-boost|p1a: Florges|spd|1
|
|-heal|p1a: Florges|360\/360|[from] item: Leftovers
|turn|7
|
|move|p2a: Nihoqueen|Sludge Wave|p1a: Florges
|-supereffective|p1a: Florges
|-damage|p1a: Florges|262\/360
|move|p1a: Florges|Calm Mind|p1a: Florges
|-boost|p1a: Florges|spa|1
|-boost|p1a: Florges|spd|1
|
|-heal|p1a: Florges|284\/360|[from] item: Leftovers
|turn|8
|
|switch|p2a: Gotye|Whimsicott, M, shiny|323\/323
|move|p1a: Florges|Calm Mind|p1a: Florges
|-boost|p1a: Florges|spa|1
|-boost|p1a: Florges|spd|1
|
|-heal|p1a: Florges|306\/360|[from] item: Leftovers
|turn|9
|
|move|p2a: Gotye|Encore|p1a: Florges
|-start|p1a: Florges|Encore
|move|p1a: Florges|Calm Mind|p1a: Florges
|-boost|p1a: Florges|spa|1
|-boost|p1a: Florges|spd|1
|
|-heal|p1a: Florges|328\/360|[from] item: Leftovers
|turn|10
|
|switch|p2a: Carl Douglas|Mienshao, M, shiny|136\/271
|switch|p1a: Tentacruel|Tentacruel, M|364\/364
|
|turn|11
|
|move|p2a: Carl Douglas|U-turn|p1a: Tentacruel
|-resisted|p1a: Tentacruel
|-damage|p1a: Tentacruel|309\/364
|
|switch|p2a: Ruto|Vaporeon, F|464\/464
|move|p1a: Tentacruel|Scald|p2a: Ruto
|-immune|p2a: Ruto|[msg]
|
|-heal|p1a: Tentacruel|331\/364|[from] item: Black Sludge
|turn|12
|
|move|p1a: Tentacruel|Knock Off|p2a: Ruto
|-damage|p2a: Ruto|401\/464
|-enditem|p2a: Ruto|Leftovers|[from] move: Knock Off|[of] p1a: Tentacruel
|move|p2a: Ruto|Scald|p1a: Tentacruel
|-resisted|p1a: Tentacruel
|-damage|p1a: Tentacruel|301\/364
|-status|p1a: Tentacruel|brn
|
|-heal|p1a: Tentacruel|323\/364 brn|[from] item: Black Sludge
|-damage|p1a: Tentacruel|278\/364 brn|[from] brn
|turn|13
|
|switch|p1a: Gourgeist-Super|Gourgeist-Super, F|374\/374
|move|p2a: Ruto|Wish|p2a: Ruto
|
|turn|14
|
|switch|p2a: Carl Douglas|Mienshao, M, shiny|136\/271
|move|p1a: Gourgeist-Super|Leech Seed|p2a: Carl Douglas
|-start|p2a: Carl Douglas|move: Leech Seed
|
|-heal|p2a: Carl Douglas|271\/271|[from] move: Wish|[wisher] Ruto
|-damage|p2a: Carl Douglas|238\/271|[from] Leech Seed|[of] p1a: Gourgeist-Super
|turn|15
|
|switch|p2a: Ruto|Vaporeon, F|401\/464
|move|p1a: Gourgeist-Super|Will-O-Wisp|p2a: Ruto
|-status|p2a: Ruto|brn
|
|-damage|p2a: Ruto|343\/464 brn|[from] brn
|turn|16
|
|move|p2a: Ruto|Heal Bell|p2a: Ruto
|-cureteam|p2a: Ruto|[from] move: HealBell
|move|p1a: Gourgeist-Super|Leech Seed|p2a: Ruto|[miss]
|-miss|p1a: Gourgeist-Super|p2a: Ruto
|
|turn|17
|
|move|p2a: Ruto|Wish|p2a: Ruto
|move|p1a: Gourgeist-Super|Will-O-Wisp|p2a: Ruto
|-status|p2a: Ruto|brn
|
|-damage|p2a: Ruto|285\/464 brn|[from] brn
|turn|18
|
|move|p2a: Ruto|Heal Bell|p2a: Ruto
|-cureteam|p2a: Ruto|[from] move: HealBell
|move|p1a: Gourgeist-Super|Leech Seed|p2a: Ruto
|-start|p2a: Ruto|move: Leech Seed
|
|-heal|p2a: Ruto|464\/464|[from] move: Wish|[wisher] Ruto
|-damage|p2a: Ruto|406\/464|[from] Leech Seed|[of] p1a: Gourgeist-Super
|turn|19
|
|switch|p2a: Golden Freddy|Forretress, M, shiny|244\/354
|move|p1a: Gourgeist-Super|Will-O-Wisp|p2a: Golden Freddy
|-status|p2a: Golden Freddy|brn
|
|-heal|p2a: Golden Freddy|266\/354 brn|[from] item: Leftovers
|-damage|p2a: Golden Freddy|222\/354 brn|[from] brn
|turn|20
|
|move|p1a: Gourgeist-Super|Leech Seed|p2a: Golden Freddy|[miss]
|-miss|p1a: Gourgeist-Super|p2a: Golden Freddy
|move|p2a: Golden Freddy|Spikes|p1a: Gourgeist-Super
|-sidestart|p1: ayo sb|Spikes
|
|-heal|p2a: Golden Freddy|244\/354 brn|[from] item: Leftovers
|-damage|p2a: Golden Freddy|200\/354 brn|[from] brn
|turn|21
|
|move|p1a: Gourgeist-Super|Leech Seed|p2a: Golden Freddy
|-start|p2a: Golden Freddy|move: Leech Seed
|move|p2a: Golden Freddy|Volt Switch|p1a: Gourgeist-Super
|-resisted|p1a: Gourgeist-Super
|-damage|p1a: Gourgeist-Super|350\/374
|
|switch|p2a: Carl Douglas|Mienshao, M, shiny|238\/271
|
|-heal|p1a: Gourgeist-Super|373\/374|[from] item: Leftovers
|turn|22
|
|move|p2a: Carl Douglas|Knock Off|p1a: Gourgeist-Super
|-supereffective|p1a: Gourgeist-Super
|-damage|p1a: Gourgeist-Super|223\/374
|-enditem|p1a: Gourgeist-Super|Leftovers|[from] move: Knock Off|[of] p2a: Carl Douglas
|move|p1a: Gourgeist-Super|Will-O-Wisp|p2a: Carl Douglas
|-status|p2a: Carl Douglas|brn
|
|-damage|p2a: Carl Douglas|205\/271 brn|[from] brn
|turn|23
|
|switch|p2a: Gotye|Whimsicott, M, shiny|323\/323
|move|p1a: Gourgeist-Super|Leech Seed|p2a: Gotye
|-immune|p2a: Gotye|[msg]
|
|turn|24
|
|switch|p1a: Snorlax|Snorlax, M|497\/497
|-damage|p1a: Snorlax|435\/497|[from] Spikes
|move|p2a: Gotye|Encore|p1a: Snorlax
|-fail|p1a: Snorlax
|
|-heal|p1a: Snorlax|466\/497|[from] item: Leftovers
|turn|25
|
|move|p2a: Gotye|Leech Seed|p1a: Snorlax
|-start|p1a: Snorlax|move: Leech Seed
|move|p1a: Snorlax|Return|p2a: Gotye
|-damage|p2a: Gotye|223\/323
|
|-heal|p2a: Gotye|243\/323|[from] item: Leftovers
|-heal|p1a: Snorlax|497\/497|[from] item: Leftovers
|-damage|p1a: Snorlax|435\/497|[from] Leech Seed|[of] p2a: Gotye
|-heal|p2a: Gotye|305\/323|[silent]
|turn|26
|
|switch|p1a: Aerodactyl|Aerodactyl-Mega, F|63\/364
|move|p2a: Gotye|U-turn|p1a: Aerodactyl
|-resisted|p1a: Aerodactyl
|-damage|p1a: Aerodactyl|44\/364
|
|switch|p2a: Pedo Shark|Sharpedo, M|281\/281
|
|turn|27
|
|move|p2a: Pedo Shark|Aqua Jet|p1a: Aerodactyl
|-supereffective|p1a: Aerodactyl
|-damage|p1a: Aerodactyl|0 fnt
|faint|p1a: Aerodactyl
|
|-boost|p2a: Pedo Shark|spe|1|[from] ability: Speed Boost
|
|switch|p1a: Florges|Florges, F|328\/360
|-damage|p1a: Florges|283\/360|[from] Spikes
|turn|28
|
|switch|p2a: Gotye|Whimsicott, M, shiny|305\/323
|move|p1a: Florges|Moonblast|p2a: Gotye
|-damage|p2a: Gotye|163\/323
|
|-heal|p2a: Gotye|183\/323|[from] item: Leftovers
|-heal|p1a: Florges|305\/360|[from] item: Leftovers
|turn|29
|
|move|p2a: Gotye|Leech Seed|p1a: Florges
|-start|p1a: Florges|move: Leech Seed
|move|p1a: Florges|Moonblast|p2a: Gotye
|-damage|p2a: Gotye|26\/323
|
|-heal|p2a: Gotye|46\/323|[from] item: Leftovers
|-heal|p1a: Florges|327\/360|[from] item: Leftovers
|-damage|p1a: Florges|282\/360|[from] Leech Seed|[of] p2a: Gotye
|-heal|p2a: Gotye|91\/323|[silent]
|turn|30
|
|switch|p2a: Nihoqueen|Nidoqueen, F|383\/383
|move|p1a: Florges|Moonblast|p2a: Nihoqueen
|-resisted|p2a: Nihoqueen
|-damage|p2a: Nihoqueen|318\/383
|
|-heal|p2a: Nihoqueen|341\/383|[from] item: Black Sludge
|-heal|p1a: Florges|304\/360|[from] item: Leftovers
|-damage|p1a: Florges|259\/360|[from] Leech Seed|[of] p2a: Nihoqueen
|-heal|p2a: Nihoqueen|383\/383|[silent]
|turn|31
|
|switch|p1a: Umbreon|Umbreon, M|394\/394
|-damage|p1a: Umbreon|345\/394|[from] Spikes
|move|p2a: Nihoqueen|Stealth Rock|p1a: Umbreon
|-sidestart|p1: ayo sb|move: Stealth Rock
|
|-heal|p1a: Umbreon|369\/394|[from] item: Leftovers
|turn|32
|
|switch|p2a: Ruto|Vaporeon, F|406\/464
|move|p1a: Umbreon|Heal Bell|p1a: Umbreon
|-cureteam|p1a: Umbreon|[from] move: HealBell
|
|-heal|p1a: Umbreon|393\/394|[from] item: Leftovers
|turn|33
|
|switch|p1a: Tentacruel|Tentacruel, M|278\/364
|-damage|p1a: Tentacruel|233\/364|[from] Spikes
|-damage|p1a: Tentacruel|188\/364|[from] Stealth Rock
|move|p2a: Ruto|Heal Bell|p2a: Ruto
|-cureteam|p2a: Ruto|[from] move: HealBell
|
|-heal|p1a: Tentacruel|210\/364|[from] item: Black Sludge
|turn|34
|
|move|p1a: Tentacruel|Rapid Spin|p2a: Ruto
|-crit|p2a: Ruto
|-damage|p2a: Ruto|388\/464
|-sideend|p1: ayo sb|Spikes|[from] move: Rapid Spin|[of] p1a: Tentacruel
|-sideend|p1: ayo sb|Stealth Rock|[from] move: Rapid Spin|[of] p1a: Tentacruel
|move|p2a: Ruto|Scald|p1a: Tentacruel
|-resisted|p1a: Tentacruel
|-damage|p1a: Tentacruel|176\/364
|
|-heal|p1a: Tentacruel|198\/364|[from] item: Black Sludge
|turn|35
|
|move|p1a: Tentacruel|Acid Spray|p2a: Ruto
|-damage|p2a: Ruto|355\/464
|-unboost|p2a: Ruto|spd|2
|move|p2a: Ruto|Scald|p1a: Tentacruel
|-resisted|p1a: Tentacruel
|-damage|p1a: Tentacruel|165\/364
|-status|p1a: Tentacruel|brn
|
|-heal|p1a: Tentacruel|187\/364 brn|[from] item: Black Sludge
|-damage|p1a: Tentacruel|142\/364 brn|[from] brn
|turn|36
|
|switch|p1a: Florges|Florges, F|259\/360
|switch|p2a: Golden Freddy|Forretress, M, shiny|200\/354
|
|-heal|p1a: Florges|281\/360|[from] item: Leftovers
|-heal|p2a: Golden Freddy|222\/354|[from] item: Leftovers
|turn|37
|
|move|p1a: Florges|Calm Mind|p1a: Florges
|-boost|p1a: Florges|spa|1
|-boost|p1a: Florges|spd|1
|move|p2a: Golden Freddy|Toxic|p1a: Florges
|-status|p1a: Florges|tox
|
|-heal|p1a: Florges|303\/360 tox|[from] item: Leftovers
|-heal|p2a: Golden Freddy|244\/354|[from] item: Leftovers
|-damage|p1a: Florges|281\/360 tox|[from] psn
|turn|38
|
|move|p1a: Florges|Aromatherapy|p1a: Florges
|-cureteam|p1a: Florges|[from] move: Aromatherapy
|move|p2a: Golden Freddy|Volt Switch|p1a: Florges
|-crit|p1a: Florges
|-damage|p1a: Florges|242\/360
|
|switch|p2a: Gotye|Whimsicott, M, shiny|91\/323
|
|-heal|p2a: Gotye|111\/323|[from] item: Leftovers
|-heal|p1a: Florges|264\/360|[from] item: Leftovers
|turn|39
|
|switch|p1a: Tentacruel|Tentacruel, M|142\/364
|move|p2a: Gotye|Encore|p1a: Tentacruel
|-fail|p1a: Tentacruel
|
|-heal|p2a: Gotye|131\/323|[from] item: Leftovers
|-heal|p1a: Tentacruel|164\/364|[from] item: Black Sludge
|turn|40
|
|move|p2a: Gotye|U-turn|p1a: Tentacruel
|-resisted|p1a: Tentacruel
|-damage|p1a: Tentacruel|136\/364
|
|switch|p2a: Golden Freddy|Forretress, M, shiny|244\/354
|move|p1a: Tentacruel|Acid Spray|p2a: Golden Freddy
|-immune|p2a: Golden Freddy|[msg]
|
|-heal|p1a: Tentacruel|158\/364|[from] item: Black Sludge
|-heal|p2a: Golden Freddy|266\/354|[from] item: Leftovers
|turn|41
|
|move|p1a: Tentacruel|Knock Off|p2a: Golden Freddy
|-damage|p2a: Golden Freddy|239\/354
|-enditem|p2a: Golden Freddy|Leftovers|[from] move: Knock Off|[of] p1a: Tentacruel
|move|p2a: Golden Freddy|Toxic|p1a: Tentacruel
|-fail|p1a: Tentacruel
|
|-heal|p1a: Tentacruel|180\/364|[from] item: Black Sludge
|turn|42
|
|move|p1a: Tentacruel|Scald|p2a: Golden Freddy
|-damage|p2a: Golden Freddy|122\/354
|move|p2a: Golden Freddy|Volt Switch|p1a: Tentacruel
|-supereffective|p1a: Tentacruel
|-damage|p1a: Tentacruel|134\/364
|
|switch|p2a: Ruto|Vaporeon, F|355\/464
|
|-heal|p1a: Tentacruel|156\/364|[from] item: Black Sludge
|turn|43
|
|switch|p1a: Umbreon|Umbreon, M|393\/394
|move|p2a: Ruto|Scald|p1a: Umbreon
|-damage|p1a: Umbreon|330\/394
|-status|p1a: Umbreon|brn
|-status|p2a: Ruto|brn
|
|-heal|p1a: Umbreon|354\/394 brn|[from] item: Leftovers
|-damage|p1a: Umbreon|305\/394 brn|[from] brn
|-damage|p2a: Ruto|297\/464 brn|[from] brn
|turn|44
|
|move|p2a: Ruto|Heal Bell|p2a: Ruto
|-cureteam|p2a: Ruto|[from] move: HealBell
|move|p1a: Umbreon|Heal Bell|p1a: Umbreon
|-cureteam|p1a: Umbreon|[from] move: HealBell
|
|-heal|p1a: Umbreon|329\/394|[from] item: Leftovers
|turn|45
|
|switch|p1a: Florges|Florges, F|264\/360
|move|p2a: Ruto|Wish|p2a: Ruto
|
|-heal|p1a: Florges|286\/360|[from] item: Leftovers
|turn|46
|
|switch|p2a: Gotye|Whimsicott, M, shiny|131\/323
|move|p1a: Florges|Moonblast|p2a: Gotye
|-damage|p2a: Gotye|0 fnt
|faint|p2a: Gotye
|
|-heal|p1a: Florges|308\/360|[from] item: Leftovers
|
|switch|p2a: Carl Douglas|Mienshao, M, shiny|205\/271
|turn|47
|
|switch|p1a: Gourgeist-Super|Gourgeist-Super, F|223\/374
|-item|p2a: Carl Douglas|Choice Scarf|[from] ability: Frisk|[of] p1a: Gourgeist-Super|[identify]
|move|p2a: Carl Douglas|Poison Jab|p1a: Gourgeist-Super
|-damage|p1a: Gourgeist-Super|162\/374
|
|turn|48
|
|switch|p2a: Nihoqueen|Nidoqueen, F|383\/383
|move|p1a: Gourgeist-Super|Synthesis|p1a: Gourgeist-Super
|-heal|p1a: Gourgeist-Super|349\/374
|
|turn|49
|
|move|p2a: Nihoqueen|Ice Beam|p1a: Gourgeist-Super
|-crit|p1a: Gourgeist-Super
|-supereffective|p1a: Gourgeist-Super
|-damage|p1a: Gourgeist-Super|53\/374
|move|p1a: Gourgeist-Super|Leech Seed|p2a: Nihoqueen
|-start|p2a: Nihoqueen|move: Leech Seed
|
|-damage|p2a: Nihoqueen|336\/383|[from] Leech Seed|[of] p1a: Gourgeist-Super
|-heal|p1a: Gourgeist-Super|100\/374|[silent]
|turn|50
|
|switch|p2a: Ruto|Vaporeon, F|297\/464
|switch|p1a: Umbreon|Umbreon, M|329\/394
|
|-heal|p1a: Umbreon|353\/394|[from] item: Leftovers
|turn|51
|
|move|p2a: Ruto|Wish|p2a: Ruto
|move|p1a: Umbreon|Wish|p1a: Umbreon
|
|-heal|p1a: Umbreon|377\/394|[from] item: Leftovers
|turn|52
|
|switch|p2a: Golden Freddy|Forretress, M, shiny|122\/354
|switch|p1a: Gourgeist-Super|Gourgeist-Super, F|100\/374
|
|-heal|p1a: Gourgeist-Super|297\/374|[from] move: Wish|[wisher] Umbreon
|-heal|p2a: Golden Freddy|354\/354|[from] move: Wish|[wisher] Ruto
|turn|53
|
|move|p1a: Gourgeist-Super|Will-O-Wisp|p2a: Golden Freddy
|-status|p2a: Golden Freddy|brn
|move|p2a: Golden Freddy|Toxic|p1a: Gourgeist-Super|[miss]
|-miss|p2a: Golden Freddy|p1a: Gourgeist-Super
|
|-damage|p2a: Golden Freddy|310\/354 brn|[from] brn
|turn|54
|
|move|p1a: Gourgeist-Super|Leech Seed|p2a: Golden Freddy
|-start|p2a: Golden Freddy|move: Leech Seed
|move|p2a: Golden Freddy|Spikes|p1a: Gourgeist-Super
|-sidestart|p1: ayo sb|Spikes
|
|-damage|p2a: Golden Freddy|266\/354 brn|[from] Leech Seed|[of] p1a: Gourgeist-Super
|-heal|p1a: Gourgeist-Super|341\/374|[silent]
|-damage|p2a: Golden Freddy|222\/354 brn|[from] brn
|turn|55
|
|switch|p1a: Tentacruel|Tentacruel, M|156\/364
|-damage|p1a: Tentacruel|111\/364|[from] Spikes
|move|p2a: Golden Freddy|Volt Switch|p1a: Tentacruel
|-supereffective|p1a: Tentacruel
|-damage|p1a: Tentacruel|67\/364
|
|switch|p2a: Nihoqueen|Nidoqueen, F|336\/383
|
|-heal|p1a: Tentacruel|89\/364|[from] item: Black Sludge
|-heal|p2a: Nihoqueen|359\/383|[from] item: Black Sludge
|turn|56
|
|switch|p1a: Umbreon|Umbreon, M|377\/394
|-damage|p1a: Umbreon|328\/394|[from] Spikes
|move|p2a: Nihoqueen|Earth Power|p1a: Umbreon
|-damage|p1a: Umbreon|268\/394
|
|-heal|p2a: Nihoqueen|382\/383|[from] item: Black Sludge
|-heal|p1a: Umbreon|292\/394|[from] item: Leftovers
|turn|57
|
|move|p2a: Nihoqueen|Stealth Rock|p1a: Umbreon
|-sidestart|p1: ayo sb|move: Stealth Rock
|move|p1a: Umbreon|Foul Play|p2a: Nihoqueen
|-damage|p2a: Nihoqueen|319\/383
|
|-heal|p2a: Nihoqueen|342\/383|[from] item: Black Sludge
|-heal|p1a: Umbreon|316\/394|[from] item: Leftovers
|turn|58
|
|move|p2a: Nihoqueen|Sludge Wave|p1a: Umbreon
|-damage|p1a: Umbreon|249\/394
|move|p1a: Umbreon|Foul Play|p2a: Nihoqueen
|-damage|p2a: Nihoqueen|276\/383
|
|-heal|p2a: Nihoqueen|299\/383|[from] item: Black Sludge
|-heal|p1a: Umbreon|273\/394|[from] item: Leftovers
|turn|59
|
|switch|p2a: Ruto|Vaporeon, F|297\/464
|move|p1a: Umbreon|Wish|p1a: Umbreon
|
|-heal|p1a: Umbreon|297\/394|[from] item: Leftovers
|turn|60
|
|switch|p1a: Tentacruel|Tentacruel, M|89\/364
|-damage|p1a: Tentacruel|44\/364|[from] Stealth Rock
|-damage|p1a: Tentacruel|0 fnt|[from] Spikes
|faint|p1a: Tentacruel
|move|p2a: Ruto|Scald|p1: Tentacruel|[notarget]
|-notarget
|
|
|switch|p1a: Florges|Florges, F|308\/360
|-damage|p1a: Florges|263\/360|[from] Spikes
|-damage|p1a: Florges|218\/360|[from] Stealth Rock
|turn|61
|
|switch|p2a: Nihoqueen|Nidoqueen, F|299\/383
|move|p1a: Florges|Calm Mind|p1a: Florges
|-boost|p1a: Florges|spa|1
|-boost|p1a: Florges|spd|1
|
|-heal|p2a: Nihoqueen|322\/383|[from] item: Black Sludge
|-heal|p1a: Florges|240\/360|[from] item: Leftovers
|turn|62
|
|move|p2a: Nihoqueen|Sludge Wave|p1a: Florges
|-supereffective|p1a: Florges
|-damage|p1a: Florges|132\/360
|move|p1a: Florges|Synthesis|p1a: Florges
|-heal|p1a: Florges|312\/360
|
|-heal|p2a: Nihoqueen|345\/383|[from] item: Black Sludge
|-heal|p1a: Florges|334\/360|[from] item: Leftovers
|turn|63
|
|move|p2a: Nihoqueen|Sludge Wave|p1a: Florges
|-supereffective|p1a: Florges
|-damage|p1a: Florges|230\/360
|move|p1a: Florges|Moonblast|p2a: Nihoqueen
|-resisted|p2a: Nihoqueen
|-damage|p2a: Nihoqueen|237\/383
|
|-heal|p2a: Nihoqueen|260\/383|[from] item: Black Sludge
|-heal|p1a: Florges|252\/360|[from] item: Leftovers
|turn|64
|
|move|p2a: Nihoqueen|Sludge Wave|p1a: Florges
|-supereffective|p1a: Florges
|-damage|p1a: Florges|150\/360
|move|p1a: Florges|Synthesis|p1a: Florges
|-heal|p1a: Florges|330\/360
|
|-heal|p2a: Nihoqueen|283\/383|[from] item: Black Sludge
|-heal|p1a: Florges|352\/360|[from] item: Leftovers
|turn|65
|
|move|p2a: Nihoqueen|Sludge Wave|p1a: Florges
|-supereffective|p1a: Florges
|-damage|p1a: Florges|242\/360
|move|p1a: Florges|Calm Mind|p1a: Florges
|-boost|p1a: Florges|spa|1
|-boost|p1a: Florges|spd|1
|
|-heal|p2a: Nihoqueen|306\/383|[from] item: Black Sludge
|-heal|p1a: Florges|264\/360|[from] item: Leftovers
|turn|66
|
|move|p2a: Nihoqueen|Sludge Wave|p1a: Florges
|-supereffective|p1a: Florges
|-damage|p1a: Florges|186\/360
|move|p1a: Florges|Moonblast|p2a: Nihoqueen
|-resisted|p2a: Nihoqueen
|-damage|p2a: Nihoqueen|175\/383
|
|-heal|p2a: Nihoqueen|198\/383|[from] item: Black Sludge
|-heal|p1a: Florges|208\/360|[from] item: Leftovers
|turn|67
|
|switch|p2a: Golden Freddy|Forretress, M, shiny|222\/354 brn
|move|p1a: Florges|Synthesis|p1a: Florges
|-heal|p1a: Florges|360\/360
|
|-damage|p2a: Golden Freddy|178\/354 brn|[from] brn
|turn|68
|
|move|p1a: Florges|Moonblast|p2a: Golden Freddy
|-resisted|p2a: Golden Freddy
|-damage|p2a: Golden Freddy|0 fnt
|faint|p2a: Golden Freddy
|
|
|switch|p2a: Nihoqueen|Nidoqueen, F|198\/383
|turn|69
|
|move|p2a: Nihoqueen|Sludge Wave|p1a: Florges
|-supereffective|p1a: Florges
|-damage|p1a: Florges|274\/360
|move|p1a: Florges|Calm Mind|p1a: Florges
|-boost|p1a: Florges|spa|1
|-boost|p1a: Florges|spd|1
|
|-heal|p2a: Nihoqueen|221\/383|[from] item: Black Sludge
|-heal|p1a: Florges|296\/360|[from] item: Leftovers
|turn|70
|
|move|p2a: Nihoqueen|Sludge Wave|p1a: Florges
|-supereffective|p1a: Florges
|-damage|p1a: Florges|230\/360
|move|p1a: Florges|Synthesis|p1a: Florges
|-heal|p1a: Florges|360\/360
|
|-heal|p2a: Nihoqueen|244\/383|[from] item: Black Sludge
|turn|71
|
|move|p2a: Nihoqueen|Sludge Wave|p1a: Florges
|-supereffective|p1a: Florges
|-damage|p1a: Florges|298\/360
|move|p1a: Florges|Moonblast|p2a: Nihoqueen
|-resisted|p2a: Nihoqueen
|-damage|p2a: Nihoqueen|62\/383
|
|-heal|p2a: Nihoqueen|85\/383|[from] item: Black Sludge
|-heal|p1a: Florges|320\/360|[from] item: Leftovers
|turn|72
|
|move|p2a: Nihoqueen|Sludge Wave|p1a: Florges
|-supereffective|p1a: Florges
|-damage|p1a: Florges|258\/360
|move|p1a: Florges|Synthesis|p1a: Florges
|-heal|p1a: Florges|360\/360
|
|-heal|p2a: Nihoqueen|108\/383|[from] item: Black Sludge
|turn|73
|
|move|p2a: Nihoqueen|Sludge Wave|p1a: Florges
|-crit|p1a: Florges
|-supereffective|p1a: Florges
|-damage|p1a: Florges|130\/360
|move|p1a: Florges|Moonblast|p2a: Nihoqueen
|-resisted|p2a: Nihoqueen
|-damage|p2a: Nihoqueen|0 fnt
|faint|p2a: Nihoqueen
|
|-heal|p1a: Florges|152\/360|[from] item: Leftovers
|
|switch|p2a: Carl Douglas|Mienshao, M, shiny|205\/271
|turn|74
|c|âayo sb|on the turn i dont recover >_>
|
|switch|p1a: Gourgeist-Super|Gourgeist-Super, F|341\/374
|-damage|p1a: Gourgeist-Super|295\/374|[from] Spikes
|-damage|p1a: Gourgeist-Super|249\/374|[from] Stealth Rock
|-item|p2a: Carl Douglas|Choice Scarf|[from] ability: Frisk|[of] p1a: Gourgeist-Super|[identify]
|move|p2a: Carl Douglas|Poison Jab|p1a: Gourgeist-Super
|-damage|p1a: Gourgeist-Super|193\/374
|
|turn|75
|
|switch|p2a: Ruto|Vaporeon, F|297\/464
|move|p1a: Gourgeist-Super|Will-O-Wisp|p2a: Ruto
|-status|p2a: Ruto|brn
|
|-damage|p2a: Ruto|239\/464 brn|[from] brn
|turn|76
|
|move|p2a: Ruto|Scald|p1a: Gourgeist-Super
|-resisted|p1a: Gourgeist-Super
|-damage|p1a: Gourgeist-Super|126\/374
|-status|p1a: Gourgeist-Super|brn
|move|p1a: Gourgeist-Super|Synthesis|p1a: Gourgeist-Super
|-heal|p1a: Gourgeist-Super|313\/374 brn
|
|-damage|p2a: Ruto|181\/464 brn|[from] brn
|-damage|p1a: Gourgeist-Super|267\/374 brn|[from] brn
|turn|77
|
|switch|p1a: Snorlax|Snorlax, M|435\/497
|-damage|p1a: Snorlax|373\/497|[from] Spikes
|-damage|p1a: Snorlax|311\/497|[from] Stealth Rock
|move|p2a: Ruto|Heal Bell|p2a: Ruto
|-cureteam|p2a: Ruto|[from] move: HealBell
|
|-heal|p1a: Snorlax|342\/497|[from] item: Leftovers
|turn|78
|
|move|p2a: Ruto|Wish|p2a: Ruto
|move|p1a: Snorlax|Curse|p1a: Snorlax
|-boost|p1a: Snorlax|atk|1
|-boost|p1a: Snorlax|def|1
|-unboost|p1a: Snorlax|spe|1
|
|-heal|p1a: Snorlax|373\/497|[from] item: Leftovers
|turn|79
|
|move|p2a: Ruto|Scald|p1a: Snorlax
|-damage|p1a: Snorlax|294\/497
|-status|p1a: Snorlax|brn
|move|p1a: Snorlax|Return|p2a: Ruto
|-damage|p2a: Ruto|73\/464
|
|-heal|p2a: Ruto|305\/464|[from] move: Wish|[wisher] Ruto
|-heal|p1a: Snorlax|325\/497 brn|[from] item: Leftovers
|-damage|p1a: Snorlax|263\/497 brn|[from] brn
|turn|80
|
|move|p2a: Ruto|Wish|p2a: Ruto
|move|p1a: Snorlax|Rest|p1a: Snorlax
|-status|p1a: Snorlax|slp
|-heal|p1a: Snorlax|497\/497 slp|[silent]
|-status|p1a: Snorlax|slp|[from] move: Rest
|
|turn|81
|
|move|p2a: Ruto|Scald|p1a: Snorlax
|-damage|p1a: Snorlax|424\/497 slp
|cant|p1a: Snorlax|slp
|move|p1a: Snorlax|Sleep Talk|p1a: Snorlax
|move|p1a: Snorlax|Curse|p1a: Snorlax|[from]Sleep Talk
|-boost|p1a: Snorlax|atk|1
|-boost|p1a: Snorlax|def|1
|-unboost|p1a: Snorlax|spe|1
|
|-heal|p2a: Ruto|464\/464|[from] move: Wish|[wisher] Ruto
|-heal|p1a: Snorlax|455\/497 slp|[from] item: Leftovers
|turn|82
|
|move|p2a: Ruto|Scald|p1a: Snorlax
|-damage|p1a: Snorlax|382\/497 slp
|cant|p1a: Snorlax|slp
|move|p1a: Snorlax|Sleep Talk|p1a: Snorlax
|move|p1a: Snorlax|Curse|p1a: Snorlax|[from]Sleep Talk
|-boost|p1a: Snorlax|atk|1
|-boost|p1a: Snorlax|def|1
|-unboost|p1a: Snorlax|spe|1
|
|-heal|p1a: Snorlax|413\/497 slp|[from] item: Leftovers
|turn|83
|
|move|p2a: Ruto|Scald|p1a: Snorlax
|-damage|p1a: Snorlax|340\/497 slp
|-curestatus|p1a: Snorlax|slp
|move|p1a: Snorlax|Curse|p1a: Snorlax
|-boost|p1a: Snorlax|atk|1
|-boost|p1a: Snorlax|def|1
|-unboost|p1a: Snorlax|spe|1
|
|-heal|p1a: Snorlax|371\/497|[from] item: Leftovers
|turn|84
|
|move|p2a: Ruto|Scald|p1a: Snorlax
|-damage|p1a: Snorlax|299\/497
|move|p1a: Snorlax|Rest|p1a: Snorlax
|-status|p1a: Snorlax|slp
|-heal|p1a: Snorlax|497\/497 slp|[silent]
|-status|p1a: Snorlax|slp|[from] move: Rest
|
|turn|85
|
|move|p2a: Ruto|Wish|p2a: Ruto
|cant|p1a: Snorlax|slp
|move|p1a: Snorlax|Sleep Talk|p1a: Snorlax
|move|p1a: Snorlax|Return|p2a: Ruto|[from]Sleep Talk
|-damage|p2a: Ruto|46\/464
|
|turn|86
|
|move|p2a: Ruto|Scald|p1a: Snorlax
|-damage|p1a: Snorlax|427\/497 slp
|cant|p1a: Snorlax|slp
|move|p1a: Snorlax|Sleep Talk|p1a: Snorlax
|move|p1a: Snorlax|Rest|p1a: Snorlax|[from]Sleep Talk
|-fail|p1a: Snorlax
|
|-heal|p2a: Ruto|278\/464|[from] move: Wish|[wisher] Ruto
|-heal|p1a: Snorlax|458\/497 slp|[from] item: Leftovers
|turn|87
|
|move|p2a: Ruto|Scald|p1a: Snorlax
|-damage|p1a: Snorlax|383\/497 slp
|-curestatus|p1a: Snorlax|slp
|move|p1a: Snorlax|Return|p2a: Ruto
|-damage|p2a: Ruto|0 fnt
|faint|p2a: Ruto
|
|-heal|p1a: Snorlax|414\/497|[from] item: Leftovers
|
|switch|p2a: Carl Douglas|Mienshao, M, shiny|205\/271
|turn|88
|
|move|p2a: Carl Douglas|High Jump Kick|p1a: Snorlax|[miss]
|-miss|p2a: Carl Douglas|p1a: Snorlax
|-damage|p2a: Carl Douglas|70\/271|[from] highjumpkick
|move|p1a: Snorlax|Return|p2a: Carl Douglas
|-damage|p2a: Carl Douglas|0 fnt
|faint|p2a: Carl Douglas
|
|-heal|p1a: Snorlax|445\/497|[from] item: Leftovers
|-message|Fritz Smith forfeited.
|
|win|ayo sb
|raw|Ladder updating...
|leave|Fritz Smith
|player|p2