|join|ayo sb
|join|BencandeiasPT
|player|p1|ayo sb|246
|player|p2|BencandeiasPT|262
|gametype|singles
|gen|6
|tier|UU
|rated
|rule|Sleep Clause Mod: Limit one foe put to sleep
|rule|Species Clause: Limit one of each PokÃ©mon
|rule|OHKO Clause: OHKO moves are banned
|rule|Moody Clause: Moody is banned
|rule|Evasion Moves Clause: Evasion moves are banned
|rule|Endless Battle Clause: Forcing endless battles is banned
|rule|HP Percentage Mod: HP is shown in percentages
|clearpoke
|poke|p1|Aerodactyl, M
|poke|p1|Krookodile, M
|poke|p1|Shaymin
|poke|p1|Starmie
|poke|p1|Jirachi
|poke|p1|Hydreigon, M
|poke|p2|Alakazam, F
|poke|p2|Darmanitan, M
|poke|p2|Aggron, M
|poke|p2|Snorlax, M
|poke|p2|Donphan, F
|poke|p2|Scrafty, M
|rule|Swagger Clause: Swagger is banned
|rule|Baton Pass Clause: Limit one PokÃ©mon knowing Baton Pass
|teampreview
|join|Minecraft N3rd
|
|start
|switch|p1a: Hydreigon|Hydreigon, M|325\/325
|switch|p2a: Damanitan|Darmanitan, M|351\/351
|turn|1
|
|move|p1a: Hydreigon|Draco Meteor|p2a: Damanitan|[miss]
|-miss|p1a: Hydreigon|p2a: Damanitan
|move|p2a: Damanitan|U-turn|p1a: Hydreigon
|-crit|p1a: Hydreigon
|-supereffective|p1a: Hydreigon
|-damage|p1a: Hydreigon|0 fnt
|faint|p1a: Hydreigon
|c|âayo sb|:(((((((
|
|switch|p2a: Moustache Woman|Alakazam, F|252\/252
|
|c|âayo sb|is this real life
|c| Minecraft N3rd|well that went well
|c| Minecraft N3rd|lol
|
|switch|p1a: Aerodactyl|Aerodactyl, M|301\/301
|turn|2
|
|switch|p2a: Aggron|Aggron, M|281\/281
|detailschange|p1a: Aerodactyl|Aerodactyl-Mega, M
|message|Aerodactyl has Mega Evolved into Mega Aerodactyl!
|move|p1a: Aerodactyl|Aerial Ace|p2a: Aggron
|-resisted|p2a: Aggron
|-damage|p2a: Aggron|259\/281
|
|turn|3
|
|switch|p1a: Starmie|Starmie|261\/261
|detailschange|p2a: Aggron|Aggron-Mega, M
|message|Aggron has Mega Evolved into Mega Aggron!
|move|p2a: Aggron|Autotomize|p2a: Aggron
|-boost|p2a: Aggron|spe|2
|-start|p2a: Aggron|Autotomize
|
|turn|4
|c| Minecraft N3rd|._.
|
|move|p1a: Starmie|Hydro Pump|p2a: Aggron|[miss]
|-miss|p1a: Starmie|p2a: Aggron
|move|p2a: Aggron|Earthquake|p1a: Starmie
|-damage|p1a: Starmie|105\/261
|
|turn|5
|
|move|p1a: Starmie|Hydro Pump|p2a: Aggron|[miss]
|-miss|p1a: Starmie|p2a: Aggron
|move|p2a: Aggron|Autotomize|p2a: Aggron
|-boost|p2a: Aggron|spe|2
|-start|p2a: Aggron|Autotomize
|
|turn|6
|c|âayo sb|do you belieeevveeee in life after love
|c| Minecraft N3rd|ok
|c|âayo sb|omfg
|c| Minecraft N3rd|this is just ridicilous
|
|move|p2a: Aggron|Earthquake|p1a: Starmie
|-damage|p1a: Starmie|0 fnt
|faint|p1a: Starmie
|
|c|âBencandeiasPT|sorry for hax
|
|switch|p1a: Krookodile|Krookodile, M|331\/331
|-ability|p1a: Krookodile|Intimidate|[of] p2a: Aggron
|-unboost|p2a: Aggron|atk|1
|turn|7
|
|move|p2a: Aggron|Ice Punch|p1a: Krookodile
|-supereffective|p1a: Krookodile
|-damage|p1a: Krookodile|169\/331
|move|p1a: Krookodile|Earthquake|p2a: Aggron
|-supereffective|p2a: Aggron
|-damage|p2a: Aggron|78\/281
|
|turn|8
|
|move|p2a: Aggron|Ice Punch|p1a: Krookodile
|-crit|p1a: Krookodile
|-supereffective|p1a: Krookodile
|-damage|p1a: Krookodile|0 fnt
|faint|p1a: Krookodile
|
|c|âayo sb|wow
|
|switch|p1a: Shaymin|Shaymin|341\/341
|turn|9
|c|âBencandeiasPT|i'm so lucky what's going on?
|
|move|p2a: Aggron|Ice Punch|p1a: Shaymin
|-supereffective|p1a: Shaymin
|-damage|p1a: Shaymin|207\/341
|move|p1a: Shaymin|Earth Power|p2a: Aggron
|-supereffective|p2a: Aggron
|-damage|p2a: Aggron|0 fnt
|faint|p2a: Aggron
|
|-heal|p1a: Shaymin|228\/341|[from] item: Leftovers
|
|switch|p2a: Damanitan|Darmanitan, M|351\/351
|turn|10
|c|âayo sb|jesus help me pls
|
|switch|p1a: Aerodactyl|Aerodactyl-Mega, M|301\/301
|move|p2a: Damanitan|Fire Punch|p1a: Aerodactyl
|-resisted|p1a: Aerodactyl
|-damage|p1a: Aerodactyl|195\/301
|
|turn|11
|c| Minecraft N3rd|ayo
|
|switch|p2a: Donphan|Donphan, F|384\/384
|move|p1a: Aerodactyl|Stone Edge|p2a: Donphan|[miss]
|-miss|p1a: Aerodactyl|p2a: Donphan
|
|turn|12
|c| Minecraft N3rd|my luck is infecting you
|c| Minecraft N3rd|omfg 
|c|âayo sb|<<<<<<<<<<<<<<<<<<<<<<<<<<<,
|
|switch|p1a: Shaymin|Shaymin|228\/341
|move|p2a: Donphan|Ice Shard|p1a: Shaymin
|-supereffective|p1a: Shaymin
|-damage|p1a: Shaymin|126\/341
|
|-heal|p1a: Shaymin|147\/341|[from] item: Leftovers
|turn|13
|
|switch|p2a: 0 Fucks Given|Snorlax, M|462\/462
|move|p1a: Shaymin|Seed Flare|p2a: 0 Fucks Given
|-damage|p2a: 0 Fucks Given|381\/462
|
|-heal|p1a: Shaymin|168\/341|[from] item: Leftovers
|turn|14
|
|move|p1a: Shaymin|Leech Seed|p2a: 0 Fucks Given
|-start|p2a: 0 Fucks Given|move: Leech Seed
|move|p2a: 0 Fucks Given|Fire Punch|p1a: Shaymin
|-supereffective|p1a: Shaymin
|-damage|p1a: Shaymin|6\/341
|
|-heal|p1a: Shaymin|27\/341|[from] item: Leftovers
|-damage|p2a: 0 Fucks Given|324\/462|[from] Leech Seed|[of] p1a: Shaymin
|-heal|p1a: Shaymin|84\/341|[silent]
|turn|15
|c| Minecraft N3rd|and no drops
|
|switch|p1a: Aerodactyl|Aerodactyl-Mega, M|195\/301
|move|p2a: 0 Fucks Given|Fire Punch|p1a: Aerodactyl
|-resisted|p1a: Aerodactyl
|-damage|p1a: Aerodactyl|151\/301
|
|-damage|p2a: 0 Fucks Given|267\/462|[from] Leech Seed|[of] p1a: Aerodactyl
|-heal|p1a: Aerodactyl|208\/301|[silent]
|turn|16
|
|switch|p2a: Donphan|Donphan, F|384\/384
|move|p1a: Aerodactyl|Aerial Ace|p2a: Donphan
|-damage|p2a: Donphan|240\/384
|
|turn|17
|
|move|p2a: Donphan|Ice Shard|p1a: Aerodactyl
|-supereffective|p1a: Aerodactyl
|-damage|p1a: Aerodactyl|92\/301
|move|p1a: Aerodactyl|Aerial Ace|p2a: Donphan
|-damage|p2a: Donphan|107\/384
|
|turn|18
|
|switch|p1a: Shaymin|Shaymin|84\/341
|move|p2a: Donphan|Ice Shard|p1a: Shaymin
|-supereffective|p1a: Shaymin
|-damage|p1a: Shaymin|0 fnt
|faint|p1a: Shaymin
|
|
|switch|p1a: Jirachi|Jirachi|341\/341
|turn|19
|
|move|p1a: Jirachi|Iron Head|p2a: Donphan
|-crit|p2a: Donphan
|-damage|p2a: Donphan|0 fnt
|faint|p2a: Donphan
|
|
|switch|p2a: Damanitan|Darmanitan, M|351\/351
|turn|20
|
|move|p2a: Damanitan|Fire Punch|p1a: Jirachi
|-supereffective|p1a: Jirachi
|-damage|p1a: Jirachi|0 fnt
|faint|p1a: Jirachi
|
|
|switch|p1a: Aerodactyl|Aerodactyl-Mega, M|92\/301
|turn|21
|c|âBencandeiasPT|gg
|
|move|p2a: Damanitan|Fire Punch|p1a: Aerodactyl
|-crit|p1a: Aerodactyl
|-resisted|p1a: Aerodactyl
|-damage|p1a: Aerodactyl|0 fnt
|faint|p1a: Aerodactyl
|
|win|BencandeiasPT
|raw|Ladder updating...
|raw|ayo sb's rating: 1510 &rarr; <strong>1479<\/strong><br \/>(-31 for losing)
|raw|BencandeiasPT's rating: 1289 &rarr; <strong>1328<\/strong><br \/>(+39 for winning)
|c|âayo sb|i dont think thats the right phrase
|c| Minecraft N3rd|<lol
|leave|ayo sb
|player|p1