|join|The leprechaun
|join|ayo sb
|player|p1|The leprechaun|253
|player|p2|ayo sb|246
|gametype|singles
|gen|6
|tier|UU
|rated
|rule|Sleep Clause Mod: Limit one foe put to sleep
|rule|Species Clause: Limit one of each PokÃ©mon
|rule|OHKO Clause: OHKO moves are banned
|rule|Moody Clause: Moody is banned
|rule|Evasion Moves Clause: Evasion moves are banned
|rule|Endless Battle Clause: Forcing endless battles is banned
|rule|HP Percentage Mod: HP is shown in percentages
|clearpoke
|poke|p1|Houndoom, F
|poke|p1|Forretress, F
|poke|p1|Nidoqueen, F
|poke|p1|Sableye, F
|poke|p1|Alomomola, M
|poke|p1|Crobat, F
|poke|p2|Abomasnow, M
|poke|p2|Hippowdon, F
|poke|p2|Crobat, M
|poke|p2|Blissey, F
|poke|p2|Entei, shiny
|poke|p2|Tentacruel, M
|rule|Swagger Clause: Swagger is banned
|rule|Baton Pass Clause: Limit one PokÃ©mon knowing Baton Pass
|teampreview
|
|start
|switch|p1a: Crobat|Crobat, F|311\/311
|switch|p2a: Hippowdon|Hippowdon, F|420\/420
|-weather|Sandstorm
|turn|1
|
|move|p1a: Crobat|U-turn|p2a: Hippowdon
|-damage|p2a: Hippowdon|355\/420
|
|switch|p1a: Forretress|Forretress, F|354\/354
|move|p2a: Hippowdon|Stone Edge|p1a: Forretress
|-crit|p1a: Forretress
|-damage|p1a: Forretress|273\/354
|
|-weather|Sandstorm|[upkeep]
|-heal|p2a: Hippowdon|381\/420|[from] item: Leftovers
|-heal|p1a: Forretress|295\/354|[from] item: Leftovers
|turn|2
|join|Bergy Berg
|
|switch|p2a: Crobat|Crobat, M|374\/374
|move|p1a: Forretress|Spikes|p2a: Crobat
|-sidestart|p2: ayo sb|Spikes
|
|-weather|Sandstorm|[upkeep]
|-damage|p2a: Crobat|351\/374|[from] sandstorm
|-heal|p2a: Crobat|374\/374|[from] item: Leftovers
|-heal|p1a: Forretress|317\/354|[from] item: Leftovers
|turn|3
|
|move|p2a: Crobat|Defog|p1a: Forretress
|-unboost|p1a: Forretress|evasion|1
|-sideend|p2: ayo sb|Spikes|[from] move: Defog|[of] p2a: Crobat
|move|p1a: Forretress|Volt Switch|p2a: Crobat
|-supereffective|p2a: Crobat
|-damage|p2a: Crobat|290\/374
|
|switch|p1a: Nidoqueen|Nidoqueen, F|353\/353
|
|-weather|Sandstorm|[upkeep]
|-damage|p2a: Crobat|267\/374|[from] sandstorm
|-heal|p2a: Crobat|290\/374|[from] item: Leftovers
|turn|4
|
|switch|p2a: Blissey|Blissey, F|651\/651
|move|p1a: Nidoqueen|Ice Beam|p2a: Blissey
|-damage|p2a: Blissey|570\/651
|
|-weather|Sandstorm|[upkeep]
|-damage|p2a: Blissey|530\/651|[from] sandstorm
|-heal|p2a: Blissey|570\/651|[from] item: Leftovers
|turn|5
|
|move|p1a: Nidoqueen|Stealth Rock|p2a: Blissey
|-sidestart|p2: ayo sb|move: Stealth Rock
|move|p2a: Blissey|Seismic Toss|p1a: Nidoqueen
|-damage|p1a: Nidoqueen|253\/353
|
|-weather|none
|-heal|p2a: Blissey|610\/651|[from] item: Leftovers
|turn|6
|
|switch|p1a: Crobat|Crobat, F|311\/311
|move|p2a: Blissey|Wish|p2a: Blissey
|
|-heal|p2a: Blissey|650\/651|[from] item: Leftovers
|turn|7
|
|switch|p2a: Entei|Entei, shiny|404\/404
|-damage|p2a: Entei|303\/404|[from] Stealth Rock
|-ability|p2a: Entei|Pressure
|move|p1a: Crobat|Brave Bird|p2a: Entei
|-damage|p2a: Entei|17\/404
|-damage|p1a: Crobat|217\/311|[from] recoil|[of] p2a: Entei
|
|-heal|p2a: Entei|342\/404|[from] move: Wish|[wisher] Blissey
|-heal|p2a: Entei|367\/404|[from] item: Leftovers
|turn|8
|
|switch|p1a: Houndoom|Houndoom, F|292\/292
|move|p2a: Entei|Stone Edge|p1a: Houndoom
|-supereffective|p1a: Houndoom
|-damage|p1a: Houndoom|0 fnt
|faint|p1a: Houndoom
|
|-heal|p2a: Entei|392\/404|[from] item: Leftovers
|
|switch|p1a: Alomomola|Alomomola, M|534\/534
|turn|9
|
|switch|p2a: Tentacruel|Tentacruel, M|364\/364
|-damage|p2a: Tentacruel|319\/364|[from] Stealth Rock
|move|p1a: Alomomola|Wish|p1a: Alomomola
|
|-heal|p2a: Tentacruel|341\/364|[from] item: Leftovers
|turn|10
|
|switch|p1a: Crobat|Crobat, F|217\/311
|move|p2a: Tentacruel|Scald|p1a: Crobat
|-damage|p1a: Crobat|124\/311
|
|-heal|p1a: Crobat|311\/311|[from] move: Wish|[wisher] Alomomola
|-heal|p2a: Tentacruel|363\/364|[from] item: Leftovers
|turn|11
|
|move|p1a: Crobat|Brave Bird|p2a: Tentacruel
|-crit|p2a: Tentacruel
|-damage|p2a: Tentacruel|24\/364
|-damage|p1a: Crobat|199\/311|[from] recoil|[of] p2a: Tentacruel
|move|p2a: Tentacruel|Scald|p1a: Crobat
|-crit|p1a: Crobat
|-damage|p1a: Crobat|67\/311
|
|-heal|p2a: Tentacruel|46\/364|[from] item: Leftovers
|turn|12
|
|switch|p2a: Hippowdon|Hippowdon, F|381\/420
|-damage|p2a: Hippowdon|355\/420|[from] Stealth Rock
|-weather|Sandstorm
|move|p1a: Crobat|Brave Bird|p2a: Hippowdon
|-damage|p2a: Hippowdon|195\/420
|-damage|p1a: Crobat|14\/311|[from] recoil|[of] p2a: Hippowdon
|
|-weather|Sandstorm|[upkeep]
|-damage|p1a: Crobat|0 fnt|[from] sandstorm
|-heal|p2a: Hippowdon|221\/420|[from] item: Leftovers
|faint|p1a: Crobat
|
|switch|p1a: Nidoqueen|Nidoqueen, F|253\/353
|turn|13
|
|switch|p2a: Blissey|Blissey, F|650\/651
|-damage|p2a: Blissey|569\/651|[from] Stealth Rock
|move|p1a: Nidoqueen|Ice Beam|p2a: Blissey
|-damage|p2a: Blissey|473\/651
|
|-weather|Sandstorm|[upkeep]
|-damage|p2a: Blissey|433\/651|[from] sandstorm
|-heal|p2a: Blissey|473\/651|[from] item: Leftovers
|turn|14
|
|switch|p1a: Sableye|Sableye, F|304\/304
|move|p2a: Blissey|Wish|p2a: Blissey
|
|-weather|Sandstorm|[upkeep]
|-damage|p2a: Blissey|433\/651|[from] sandstorm
|-damage|p1a: Sableye|285\/304|[from] sandstorm
|-heal|p2a: Blissey|473\/651|[from] item: Leftovers
|-heal|p1a: Sableye|304\/304|[from] item: Leftovers
|turn|15
|
|switch|p2a: Entei|Entei, shiny|392\/404
|-damage|p2a: Entei|291\/404|[from] Stealth Rock
|-ability|p2a: Entei|Pressure
|move|p1a: Sableye|Knock Off|p2a: Entei
|-damage|p2a: Entei|183\/404
|-enditem|p2a: Entei|Leftovers|[from] move: Knock Off|[of] p1a: Sableye
|
|-weather|Sandstorm|[upkeep]
|-damage|p2a: Entei|158\/404|[from] sandstorm
|-damage|p1a: Sableye|285\/304|[from] sandstorm
|-heal|p2a: Entei|404\/404|[from] move: Wish|[wisher] Blissey
|-heal|p1a: Sableye|304\/304|[from] item: Leftovers
|turn|16
|
|switch|p1a: Alomomola|Alomomola, M|534\/534
|move|p2a: Entei|Substitute|p2a: Entei
|-start|p2a: Entei|Substitute
|-damage|p2a: Entei|303\/404
|
|-weather|none
|turn|17
|
|move|p2a: Entei|Howl|p2a: Entei
|-boost|p2a: Entei|atk|1
|move|p1a: Alomomola|Scald|p2a: Entei
|-supereffective|p2a: Entei
|-end|p2a: Entei|Substitute
|
|turn|18
|
|move|p2a: Entei|Sacred Fire|p1a: Alomomola
|-resisted|p1a: Alomomola
|-damage|p1a: Alomomola|378\/534
|move|p1a: Alomomola|Scald|p2a: Entei
|-supereffective|p2a: Entei
|-damage|p2a: Entei|187\/404
|
|-heal|p1a: Alomomola|411\/534|[from] item: Leftovers
|turn|19
|
|move|p2a: Entei|Sacred Fire|p1a: Alomomola
|-resisted|p1a: Alomomola
|-damage|p1a: Alomomola|276\/534
|-status|p1a: Alomomola|brn
|move|p1a: Alomomola|Scald|p2a: Entei
|-supereffective|p2a: Entei
|-damage|p2a: Entei|59\/404
|
|-heal|p1a: Alomomola|309\/534 brn|[from] item: Leftovers
|-damage|p1a: Alomomola|243\/534 brn|[from] brn
|turn|20
|
|switch|p2a: Crobat|Crobat, M|290\/374
|-damage|p2a: Crobat|197\/374|[from] Stealth Rock
|move|p1a: Alomomola|Wish|p1a: Alomomola
|
|-heal|p2a: Crobat|220\/374|[from] item: Leftovers
|-heal|p1a: Alomomola|276\/534 brn|[from] item: Leftovers
|-damage|p1a: Alomomola|210\/534 brn|[from] brn
|turn|21
|
|switch|p1a: Nidoqueen|Nidoqueen, F|253\/353
|move|p2a: Crobat|Defog|p1a: Nidoqueen
|-unboost|p1a: Nidoqueen|evasion|1
|-sideend|p2: ayo sb|Stealth Rock|[from] move: Defog|[of] p2a: Crobat
|
|-heal|p1a: Nidoqueen|353\/353|[from] move: Wish|[wisher] Alomomola
|-heal|p2a: Crobat|243\/374|[from] item: Leftovers
|turn|22
|
|move|p2a: Crobat|Brave Bird|p1a: Nidoqueen
|-damage|p1a: Nidoqueen|193\/353
|-damage|p2a: Crobat|190\/374|[from] recoil|[of] p1a: Nidoqueen
|move|p1a: Nidoqueen|Ice Beam|p2a: Crobat
|-supereffective|p2a: Crobat
|-damage|p2a: Crobat|0 fnt
|faint|p2a: Crobat
|
|join|Tidal Waltz
|
|switch|p2a: Entei|Entei, shiny|59\/404
|-ability|p2a: Entei|Pressure
|turn|23
|c| Tidal Waltz|ah the cancer fish
|
|switch|p1a: Alomomola|Alomomola, M|388\/534 brn
|move|p2a: Entei|Sacred Fire|p1a: Alomomola
|-resisted|p1a: Alomomola
|-damage|p1a: Alomomola|284\/534 brn
|
|-heal|p1a: Alomomola|317\/534 brn|[from] item: Leftovers
|-damage|p1a: Alomomola|251\/534 brn|[from] brn
|turn|24
|c|âThe leprechaun|:]
|
|switch|p2a: Blissey|Blissey, F|473\/651
|move|p1a: Alomomola|Wish|p1a: Alomomola
|
|-heal|p1a: Alomomola|284\/534 brn|[from] item: Leftovers
|-heal|p2a: Blissey|513\/651|[from] item: Leftovers
|-damage|p1a: Alomomola|218\/534 brn|[from] brn
|turn|25
|
|switch|p1a: Nidoqueen|Nidoqueen, F|193\/353
|move|p2a: Blissey|Wish|p2a: Blissey
|
|-heal|p1a: Nidoqueen|353\/353|[from] move: Wish|[wisher] Alomomola
|-heal|p2a: Blissey|553\/651|[from] item: Leftovers
|turn|26
|
|switch|p2a: Entei|Entei, shiny|59\/404
|-ability|p2a: Entei|Pressure
|move|p1a: Nidoqueen|Earth Power|p2a: Entei
|-supereffective|p2a: Entei
|-damage|p2a: Entei|0 fnt
|faint|p2a: Entei
|
|
|switch|p2a: Blissey|Blissey, F|553\/651
|turn|27
|
|move|p1a: Nidoqueen|Stealth Rock|p2a: Blissey
|-sidestart|p2: ayo sb|move: Stealth Rock
|move|p2a: Blissey|Seismic Toss|p1a: Nidoqueen
|-damage|p1a: Nidoqueen|253\/353
|
|-heal|p2a: Blissey|593\/651|[from] item: Leftovers
|turn|28
|
|switch|p1a: Forretress|Forretress, F|317\/354
|move|p2a: Blissey|Seismic Toss|p1a: Forretress
|-damage|p1a: Forretress|217\/354
|
|-heal|p2a: Blissey|633\/651|[from] item: Leftovers
|-heal|p1a: Forretress|239\/354|[from] item: Leftovers
|turn|29
|
|switch|p2a: Abomasnow|Abomasnow, M|383\/383
|-damage|p2a: Abomasnow|288\/383|[from] Stealth Rock
|move|p1a: Forretress|Spikes|p2a: Abomasnow
|-sidestart|p2: ayo sb|Spikes
|
|-heal|p1a: Forretress|261\/354|[from] item: Leftovers
|turn|30
|
|move|p2a: Abomasnow|Swords Dance|p2a: Abomasnow
|-boost|p2a: Abomasnow|atk|2
|move|p1a: Forretress|Volt Switch|p2a: Abomasnow
|-crit|p2a: Abomasnow
|-resisted|p2a: Abomasnow
|-damage|p2a: Abomasnow|254\/383
|
|switch|p1a: Sableye|Sableye, F|304\/304
|
|turn|31
|
|detailschange|p2a: Abomasnow|Abomasnow-Mega, M
|message|Abomasnow has Mega Evolved into Mega Abomasnow!
|-weather|Hail
|move|p2a: Abomasnow|Ice Shard|p1a: Sableye
|-damage|p1a: Sableye|111\/304
|move|p1a: Sableye|Will-O-Wisp|p2a: Abomasnow
|-status|p2a: Abomasnow|brn
|
|-weather|Hail|[upkeep]
|-damage|p1a: Sableye|92\/304|[from] hail
|-heal|p1a: Sableye|111\/304|[from] item: Leftovers
|-damage|p2a: Abomasnow|207\/383 brn|[from] brn
|turn|32
|
|move|p1a: Sableye|Recover|p1a: Sableye
|-heal|p1a: Sableye|263\/304
|move|p2a: Abomasnow|Seed Bomb|p1a: Sableye
|-damage|p1a: Sableye|70\/304
|
|-weather|Hail|[upkeep]
|-damage|p1a: Sableye|51\/304|[from] hail
|-heal|p1a: Sableye|70\/304|[from] item: Leftovers
|-damage|p2a: Abomasnow|160\/383 brn|[from] brn
|turn|33
|
|move|p1a: Sableye|Recover|p1a: Sableye
|-heal|p1a: Sableye|222\/304
|move|p2a: Abomasnow|Seed Bomb|p1a: Sableye
|-damage|p1a: Sableye|12\/304
|
|-weather|Hail|[upkeep]
|-damage|p1a: Sableye|0 fnt|[from] hail
|-damage|p2a: Abomasnow|113\/383 brn|[from] brn
|faint|p1a: Sableye
|
|switch|p1a: Forretress|Forretress, F|261\/354
|turn|34
|
|switch|p2a: Hippowdon|Hippowdon, F|221\/420
|-damage|p2a: Hippowdon|169\/420|[from] Spikes
|-damage|p2a: Hippowdon|143\/420|[from] Stealth Rock
|-weather|Sandstorm
|move|p1a: Forretress|Gyro Ball|p2a: Hippowdon
|-damage|p2a: Hippowdon|112\/420
|
|-weather|Sandstorm|[upkeep]
|-heal|p2a: Hippowdon|138\/420|[from] item: Leftovers
|-heal|p1a: Forretress|283\/354|[from] item: Leftovers
|turn|35
|
|switch|p1a: Alomomola|Alomomola, M|396\/534 brn
|move|p2a: Hippowdon|Slack Off|p2a: Hippowdon
|-heal|p2a: Hippowdon|348\/420
|
|-weather|Sandstorm|[upkeep]
|-damage|p1a: Alomomola|363\/534 brn|[from] sandstorm
|-heal|p1a: Alomomola|396\/534 brn|[from] item: Leftovers
|-heal|p2a: Hippowdon|374\/420|[from] item: Leftovers
|-damage|p1a: Alomomola|330\/534 brn|[from] brn
|turn|36
|
|move|p1a: Alomomola|Toxic|p2a: Hippowdon|[miss]
|-miss|p1a: Alomomola|p2a: Hippowdon
|move|p2a: Hippowdon|Stealth Rock|p1a: Alomomola
|-sidestart|p1: The leprechaun|move: Stealth Rock
|
|-weather|Sandstorm|[upkeep]
|-damage|p1a: Alomomola|297\/534 brn|[from] sandstorm
|-heal|p1a: Alomomola|330\/534 brn|[from] item: Leftovers
|-heal|p2a: Hippowdon|400\/420|[from] item: Leftovers
|-damage|p1a: Alomomola|264\/534 brn|[from] brn
|turn|37
|
|switch|p2a: Tentacruel|Tentacruel, M|46\/364
|-damage|p2a: Tentacruel|1\/364|[from] Stealth Rock
|-damage|p2a: Tentacruel|0 fnt|[from] Spikes
|faint|p2a: Tentacruel
|move|p1a: Alomomola|Wish|p1a: Alomomola
|
|-weather|Sandstorm|[upkeep]
|-damage|p1a: Alomomola|231\/534 brn|[from] sandstorm
|-heal|p1a: Alomomola|264\/534 brn|[from] item: Leftovers
|-damage|p1a: Alomomola|198\/534 brn|[from] brn
|
|switch|p2a: Blissey|Blissey, F|633\/651
|-damage|p2a: Blissey|552\/651|[from] Stealth Rock
|-damage|p2a: Blissey|471\/651|[from] Spikes
|turn|38
|
|switch|p1a: Forretress|Forretress, F|283\/354
|-damage|p1a: Forretress|239\/354|[from] Stealth Rock
|move|p2a: Blissey|Heal Bell|p2a: Blissey
|-cureteam|p2a: Blissey|[from] move: HealBell
|
|-weather|none
|-heal|p1a: Forretress|354\/354|[from] move: Wish|[wisher] Alomomola
|-heal|p2a: Blissey|511\/651|[from] item: Leftovers
|turn|39
|
|move|p2a: Blissey|Seismic Toss|p1a: Forretress
|-damage|p1a: Forretress|254\/354
|move|p1a: Forretress|Spikes|p2a: Blissey
|-sidestart|p2: ayo sb|Spikes
|
|-heal|p2a: Blissey|551\/651|[from] item: Leftovers
|-heal|p1a: Forretress|276\/354|[from] item: Leftovers
|turn|40
|
|move|p2a: Blissey|Seismic Toss|p1a: Forretress
|-damage|p1a: Forretress|176\/354
|move|p1a: Forretress|Rapid Spin|p2a: Blissey
|-damage|p2a: Blissey|524\/651
|-sideend|p1: The leprechaun|Stealth Rock|[from] move: Rapid Spin|[of] p1a: Forretress
|
|-heal|p2a: Blissey|564\/651|[from] item: Leftovers
|-heal|p1a: Forretress|198\/354|[from] item: Leftovers
|turn|41
|
|move|p2a: Blissey|Seismic Toss|p1a: Forretress
|-damage|p1a: Forretress|98\/354
|move|p1a: Forretress|Spikes|p2a: Blissey
|-sidestart|p2: ayo sb|Spikes
|
|-heal|p2a: Blissey|604\/651|[from] item: Leftovers
|-heal|p1a: Forretress|120\/354|[from] item: Leftovers
|turn|42
|
|switch|p1a: Alomomola|Alomomola, M|376\/534 brn
|move|p2a: Blissey|Seismic Toss|p1a: Alomomola
|-damage|p1a: Alomomola|276\/534 brn
|
|-heal|p1a: Alomomola|309\/534 brn|[from] item: Leftovers
|-heal|p2a: Blissey|644\/651|[from] item: Leftovers
|-damage|p1a: Alomomola|243\/534 brn|[from] brn
|turn|43
|
|move|p1a: Alomomola|Wish|p1a: Alomomola
|move|p2a: Blissey|Wish|p2a: Blissey
|
|-heal|p1a: Alomomola|276\/534 brn|[from] item: Leftovers
|-heal|p2a: Blissey|651\/651|[from] item: Leftovers
|-damage|p1a: Alomomola|210\/534 brn|[from] brn
|turn|44
|
|move|p1a: Alomomola|Toxic|p2a: Blissey
|-status|p2a: Blissey|tox
|move|p2a: Blissey|Seismic Toss|p1a: Alomomola
|-damage|p1a: Alomomola|110\/534 brn
|
|-heal|p1a: Alomomola|377\/534 brn|[from] move: Wish|[wisher] Alomomola
|-heal|p1a: Alomomola|410\/534 brn|[from] item: Leftovers
|-damage|p1a: Alomomola|344\/534 brn|[from] brn
|-damage|p2a: Blissey|611\/651 tox|[from] psn
|turn|45
|
|move|p1a: Alomomola|Wish|p1a: Alomomola
|move|p2a: Blissey|Wish|p2a: Blissey
|
|-heal|p1a: Alomomola|377\/534 brn|[from] item: Leftovers
|-heal|p2a: Blissey|651\/651 tox|[from] item: Leftovers
|-damage|p1a: Alomomola|311\/534 brn|[from] brn
|-damage|p2a: Blissey|571\/651 tox|[from] psn
|turn|46
|
|switch|p2a: Hippowdon|Hippowdon, F|400\/420
|-damage|p2a: Hippowdon|374\/420|[from] Stealth Rock
|-damage|p2a: Hippowdon|269\/420|[from] Spikes
|-weather|Sandstorm
|move|p1a: Alomomola|Toxic|p2a: Hippowdon
|-status|p2a: Hippowdon|tox
|
|-weather|Sandstorm|[upkeep]
|-damage|p1a: Alomomola|278\/534 brn|[from] sandstorm
|-heal|p1a: Alomomola|534\/534 brn|[from] move: Wish|[wisher] Alomomola
|-heal|p2a: Hippowdon|420\/420 tox|[from] move: Wish|[wisher] Blissey
|-damage|p1a: Alomomola|468\/534 brn|[from] brn
|-damage|p2a: Hippowdon|394\/420 tox|[from] psn
|turn|47
|
|switch|p2a: Blissey|Blissey, F|571\/651
|-damage|p2a: Blissey|490\/651|[from] Stealth Rock
|-damage|p2a: Blissey|328\/651|[from] Spikes
|move|p1a: Alomomola|Scald|p2a: Blissey
|-damage|p2a: Blissey|300\/651
|-status|p2a: Blissey|brn
|
|-weather|Sandstorm|[upkeep]
|-damage|p1a: Alomomola|435\/534 brn|[from] sandstorm
|-damage|p2a: Blissey|260\/651 brn|[from] sandstorm
|-heal|p1a: Alomomola|468\/534 brn|[from] item: Leftovers
|-heal|p2a: Blissey|300\/651 brn|[from] item: Leftovers
|-damage|p1a: Alomomola|402\/534 brn|[from] brn
|-damage|p2a: Blissey|219\/651 brn|[from] brn
|turn|48
|
|switch|p1a: Nidoqueen|Nidoqueen, F|253\/353
|move|p2a: Blissey|Wish|p2a: Blissey
|
|-weather|Sandstorm|[upkeep]
|-damage|p2a: Blissey|179\/651 brn|[from] sandstorm
|-heal|p2a: Blissey|219\/651 brn|[from] item: Leftovers
|-damage|p2a: Blissey|138\/651 brn|[from] brn
|turn|49
|
|move|p2a: Blissey|Protect|p2a: Blissey
|-singleturn|p2a: Blissey|Protect
|move|p1a: Nidoqueen|Earth Power|p2a: Blissey
|-activate|p2a: Blissey|Protect
|
|-weather|Sandstorm|[upkeep]
|-damage|p2a: Blissey|98\/651 brn|[from] sandstorm
|-heal|p2a: Blissey|423\/651 brn|[from] move: Wish|[wisher] Blissey
|-heal|p2a: Blissey|463\/651 brn|[from] item: Leftovers
|-damage|p2a: Blissey|382\/651 brn|[from] brn
|turn|50
|
|move|p1a: Nidoqueen|Sludge Wave|p2a: Blissey
|-crit|p2a: Blissey
|-damage|p2a: Blissey|164\/651 brn
|move|p2a: Blissey|Heal Bell|p2a: Blissey
|-cureteam|p2a: Blissey|[from] move: HealBell
|
|-weather|none
|-heal|p2a: Blissey|204\/651|[from] item: Leftovers
|turn|51
|
|switch|p1a: Alomomola|Alomomola, M|534\/534 brn
|move|p2a: Blissey|Wish|p2a: Blissey
|
|-heal|p2a: Blissey|244\/651|[from] item: Leftovers
|-damage|p1a: Alomomola|468\/534 brn|[from] brn
|turn|52
|
|move|p1a: Alomomola|Toxic|p2a: Blissey
|-status|p2a: Blissey|tox
|move|p2a: Blissey|Seismic Toss|p1a: Alomomola
|-damage|p1a: Alomomola|368\/534 brn
|
|-heal|p2a: Blissey|569\/651 tox|[from] move: Wish|[wisher] Blissey
|-heal|p1a: Alomomola|401\/534 brn|[from] item: Leftovers
|-heal|p2a: Blissey|609\/651 tox|[from] item: Leftovers
|-damage|p1a: Alomomola|335\/534 brn|[from] brn
|-damage|p2a: Blissey|569\/651 tox|[from] psn
|turn|53
|join|Alextroyer
|
|move|p1a: Alomomola|Wish|p1a: Alomomola
|move|p2a: Blissey|Wish|p2a: Blissey
|
|-heal|p1a: Alomomola|368\/534 brn|[from] item: Leftovers
|-heal|p2a: Blissey|609\/651 tox|[from] item: Leftovers
|-damage|p1a: Alomomola|302\/534 brn|[from] brn
|-damage|p2a: Blissey|529\/651 tox|[from] psn
|turn|54
|c| Alextroyer|leprechaun
|leave|Alextroyer
|c|âThe leprechaun|yo
|c|âThe leprechaun|ok
|c|âayo sb|hahah :p
|c|âayo sb|i cba with playing out the pp, gg :)
|
|switch|p1a: Nidoqueen|Nidoqueen, F|253\/353
|move|p2a: Blissey|Seismic Toss|p1a: Nidoqueen
|-damage|p1a: Nidoqueen|153\/353
|
|-heal|p2a: Blissey|651\/651 tox|[from] move: Wish|[wisher] Blissey
|-heal|p1a: Nidoqueen|353\/353|[from] move: Wish|[wisher] Alomomola
|-damage|p2a: Blissey|531\/651 tox|[from] psn
|turn|55
|-message|ayo sb forfeited.
|
|win|The leprechaun
|raw|Ladder updating...
|leave|ayo sb
|player|p2
|raw|The leprechaun's rating: 1486 &rarr; <strong>1507<\/strong><br \/>(+21 for winning)
|raw|ayo sb's rating: 1504 &rarr; <strong>1483<\/strong><br \/>(-21 for losing)
|leave|The leprechaun
|player|p1
|leave|Bergy Berg