|join|ayo sb
|join|meeowiekins
|player|p1|ayo sb|21
|player|p2|meeowiekins|160
|gametype|singles
|gen|6
|tier|UU
|rated
|rule|Sleep Clause Mod: Limit one foe put to sleep
|rule|Species Clause: Limit one of each PokÃ©mon
|rule|OHKO Clause: OHKO moves are banned
|rule|Moody Clause: Moody is banned
|rule|Evasion Moves Clause: Evasion moves are banned
|rule|Endless Battle Clause: Forcing endless battles is banned
|rule|HP Percentage Mod: HP is shown in percentages
|clearpoke
|poke|p1|Gourgeist-*, M
|poke|p1|Snorlax, F
|poke|p1|Umbreon, F
|poke|p1|Tentacruel, F
|poke|p1|Aerodactyl, M
|poke|p1|Florges, F
|poke|p2|Crobat, M
|poke|p2|Raikou
|poke|p2|Swampert, M
|poke|p2|Celebi
|poke|p2|Jirachi
|poke|p2|Krookodile, M
|rule|Swagger Clause: Swagger is banned
|rule|Baton Pass Clause: Limit one PokÃ©mon knowing Baton Pass
|teampreview
|
|start
|switch|p1a: Gourgeist-Super|Gourgeist-Super, M|374\/374
|switch|p2a: Celebi|Celebi|341\/341
|-item|p2a: Celebi|Leftovers|[from] ability: Frisk|[of] p1a: Gourgeist-Super|[identify]
|turn|1
|
|switch|p1a: Aerodactyl|Aerodactyl, M|364\/364
|move|p2a: Celebi|Nasty Plot|p2a: Celebi
|-boost|p2a: Celebi|spa|2
|
|turn|2
|
|switch|p2a: Swampert|Swampert, M|404\/404
|detailschange|p1a: Aerodactyl|Aerodactyl-Mega, M
|message|Aerodactyl has Mega Evolved into Mega Aerodactyl!
|move|p1a: Aerodactyl|Aerial Ace|p2a: Swampert
|-damage|p2a: Swampert|301\/404
|
|-heal|p2a: Swampert|326\/404|[from] item: Leftovers
|turn|3
|
|switch|p2a: Krookodile|Krookodile, M|331\/331
|-ability|p2a: Krookodile|Intimidate|[of] p1a: Aerodactyl
|-unboost|p1a: Aerodactyl|atk|1
|move|p1a: Aerodactyl|Stealth Rock|p2a: Krookodile
|-sidestart|p2: meeowiekins|move: Stealth Rock
|
|turn|4
|
|switch|p1a: Florges|Florges, F|360\/360
|move|p2a: Krookodile|Knock Off|p1a: Florges
|-resisted|p1a: Florges
|-damage|p1a: Florges|259\/360
|-enditem|p1a: Florges|Leftovers|[from] move: Knock Off|[of] p2a: Krookodile
|
|turn|5
|
|switch|p2a: Crobat|Crobat, M|359\/359
|-damage|p2a: Crobat|270\/359|[from] Stealth Rock
|switch|p1a: Umbreon|Umbreon, F|394\/394
|
|-heal|p2a: Crobat|292\/359|[from] item: Black Sludge
|turn|6
|join|Lord on Toast
|
|move|p2a: Crobat|Defog|p1a: Umbreon
|-unboost|p1a: Umbreon|evasion|1
|-sideend|p2: meeowiekins|Stealth Rock|[from] move: Defog|[of] p2a: Crobat
|move|p1a: Umbreon|Foul Play|p2a: Crobat
|-damage|p2a: Crobat|145\/359
|
|-heal|p2a: Crobat|167\/359|[from] item: Black Sludge
|turn|7
|
|move|p2a: Crobat|Roost|p2a: Crobat
|-heal|p2a: Crobat|347\/359
|move|p1a: Umbreon|Foul Play|p2a: Crobat
|-crit|p2a: Crobat
|-damage|p2a: Crobat|151\/359
|
|-heal|p2a: Crobat|173\/359|[from] item: Black Sludge
|turn|8
|
|switch|p1a: Aerodactyl|Aerodactyl-Mega, M|364\/364
|move|p2a: Crobat|Roost|p2a: Crobat
|-heal|p2a: Crobat|353\/359
|
|-heal|p2a: Crobat|359\/359|[from] item: Black Sludge
|turn|9
|
|move|p1a: Aerodactyl|Stealth Rock|p2a: Crobat
|-sidestart|p2: meeowiekins|move: Stealth Rock
|move|p2a: Crobat|U-turn|p1a: Aerodactyl
|-resisted|p1a: Aerodactyl
|-damage|p1a: Aerodactyl|329\/364
|
|switch|p2a: Jirachi|Jirachi|341\/341
|-damage|p2a: Jirachi|320\/341|[from] Stealth Rock
|
|turn|10
|
|switch|p1a: Umbreon|Umbreon, F|394\/394
|move|p2a: Jirachi|U-turn|p1a: Umbreon
|-supereffective|p1a: Umbreon
|-damage|p1a: Umbreon|264\/394
|
|switch|p2a: Krookodile|Krookodile, M|331\/331
|-damage|p2a: Krookodile|311\/331|[from] Stealth Rock
|-ability|p2a: Krookodile|Intimidate|[of] p1a: Umbreon
|-unboost|p1a: Umbreon|atk|1
|
|-heal|p1a: Umbreon|288\/394|[from] item: Leftovers
|turn|11
|
|move|p1a: Umbreon|Protect|p1a: Umbreon
|-singleturn|p1a: Umbreon|Protect
|move|p2a: Krookodile|Earthquake|p1a: Umbreon
|-activate|p1a: Umbreon|Protect
|
|-heal|p1a: Umbreon|312\/394|[from] item: Leftovers
|turn|12
|
|switch|p2a: Jirachi|Jirachi|320\/341
|-damage|p2a: Jirachi|299\/341|[from] Stealth Rock
|switch|p1a: Gourgeist-Super|Gourgeist-Super, M|374\/374
|-item|p2a: Jirachi|Choice Scarf|[from] ability: Frisk|[of] p1a: Gourgeist-Super|[identify]
|
|turn|13
|
|move|p2a: Jirachi|U-turn|p1a: Gourgeist-Super
|-damage|p1a: Gourgeist-Super|328\/374
|
|switch|p2a: Celebi|Celebi|341\/341
|-damage|p2a: Celebi|299\/341|[from] Stealth Rock
|move|p1a: Gourgeist-Super|Foul Play|p2a: Celebi
|-supereffective|p2a: Celebi
|-damage|p2a: Celebi|175\/341
|
|-heal|p2a: Celebi|196\/341|[from] item: Leftovers
|-heal|p1a: Gourgeist-Super|351\/374|[from] item: Leftovers
|turn|14
|
|switch|p1a: Aerodactyl|Aerodactyl-Mega, M|329\/364
|move|p2a: Celebi|Leaf Storm|p1a: Aerodactyl
|-damage|p1a: Aerodactyl|136\/364
|-unboost|p2a: Celebi|spa|2
|
|-heal|p2a: Celebi|217\/341|[from] item: Leftovers
|turn|15
|
|switch|p2a: Jirachi|Jirachi|299\/341
|-damage|p2a: Jirachi|278\/341|[from] Stealth Rock
|move|p1a: Aerodactyl|Roost|p1a: Aerodactyl
|-heal|p1a: Aerodactyl|318\/364
|
|turn|16
|
|switch|p1a: Umbreon|Umbreon, F|312\/394
|move|p2a: Jirachi|U-turn|p1a: Umbreon
|-supereffective|p1a: Umbreon
|-damage|p1a: Umbreon|194\/394
|
|switch|p2a: Swampert|Swampert, M|326\/404
|-damage|p2a: Swampert|301\/404|[from] Stealth Rock
|
|-heal|p1a: Umbreon|218\/394|[from] item: Leftovers
|-heal|p2a: Swampert|326\/404|[from] item: Leftovers
|turn|17
|
|move|p1a: Umbreon|Wish|p1a: Umbreon
|move|p2a: Swampert|Stealth Rock|p1a: Umbreon
|-sidestart|p1: ayo sb|move: Stealth Rock
|
|-heal|p1a: Umbreon|242\/394|[from] item: Leftovers
|-heal|p2a: Swampert|351\/404|[from] item: Leftovers
|turn|18
|
|move|p1a: Umbreon|Foul Play|p2a: Swampert
|-damage|p2a: Swampert|249\/404
|move|p2a: Swampert|Roar|p1a: Umbreon
|drag|p1a: Gourgeist-Super|Gourgeist-Super, M|351\/374
|-damage|p1a: Gourgeist-Super|305\/374|[from] Stealth Rock
|-item|p2a: Swampert|Leftovers|[from] ability: Frisk|[of] p1a: Gourgeist-Super|[identify]
|
|-heal|p1a: Gourgeist-Super|374\/374|[from] move: Wish|[wisher] Umbreon
|-heal|p2a: Swampert|274\/404|[from] item: Leftovers
|turn|19
|
|switch|p2a: Krookodile|Krookodile, M|311\/331
|-damage|p2a: Krookodile|291\/331|[from] Stealth Rock
|-ability|p2a: Krookodile|Intimidate|[of] p1a: Gourgeist-Super
|-unboost|p1a: Gourgeist-Super|atk|1
|move|p1a: Gourgeist-Super|Will-O-Wisp|p2a: Krookodile
|-status|p2a: Krookodile|brn
|
|-damage|p2a: Krookodile|250\/331 brn|[from] brn
|turn|20
|
|move|p2a: Krookodile|Knock Off|p1a: Gourgeist-Super
|-supereffective|p1a: Gourgeist-Super
|-damage|p1a: Gourgeist-Super|206\/374
|-enditem|p1a: Gourgeist-Super|Leftovers|[from] move: Knock Off|[of] p2a: Krookodile
|move|p1a: Gourgeist-Super|Leech Seed|p2a: Krookodile
|-start|p2a: Krookodile|move: Leech Seed
|
|-damage|p2a: Krookodile|209\/331 brn|[from] Leech Seed|[of] p1a: Gourgeist-Super
|-heal|p1a: Gourgeist-Super|247\/374|[silent]
|-damage|p2a: Krookodile|168\/331 brn|[from] brn
|turn|21
|
|move|p2a: Krookodile|Knock Off|p1a: Gourgeist-Super
|-supereffective|p1a: Gourgeist-Super
|-damage|p1a: Gourgeist-Super|143\/374
|move|p1a: Gourgeist-Super|Will-O-Wisp|p2a: Krookodile
|-fail|p2a: Krookodile|brn
|
|-damage|p2a: Krookodile|127\/331 brn|[from] Leech Seed|[of] p1a: Gourgeist-Super
|-heal|p1a: Gourgeist-Super|184\/374|[silent]
|-damage|p2a: Krookodile|86\/331 brn|[from] brn
|turn|22
|
|move|p2a: Krookodile|Knock Off|p1a: Gourgeist-Super
|-supereffective|p1a: Gourgeist-Super
|-damage|p1a: Gourgeist-Super|82\/374
|move|p1a: Gourgeist-Super|Synthesis|p1a: Gourgeist-Super
|-heal|p1a: Gourgeist-Super|269\/374
|
|-damage|p2a: Krookodile|45\/331 brn|[from] Leech Seed|[of] p1a: Gourgeist-Super
|-heal|p1a: Gourgeist-Super|310\/374|[silent]
|-damage|p2a: Krookodile|4\/331 brn|[from] brn
|turn|23
|
|move|p2a: Krookodile|Knock Off|p1a: Gourgeist-Super
|-supereffective|p1a: Gourgeist-Super
|-damage|p1a: Gourgeist-Super|206\/374
|move|p1a: Gourgeist-Super|Synthesis|p1a: Gourgeist-Super
|-heal|p1a: Gourgeist-Super|374\/374
|
|-damage|p2a: Krookodile|0 fnt|[from] Leech Seed|[of] p1a: Gourgeist-Super
|faint|p2a: Krookodile
|
|switch|p2a: Raikou|Raikou|322\/322
|-damage|p2a: Raikou|282\/322|[from] Stealth Rock
|-ability|p2a: Raikou|Pressure
|turn|24
|
|switch|p1a: Snorlax|Snorlax, F|497\/497
|-damage|p1a: Snorlax|435\/497|[from] Stealth Rock
|move|p2a: Raikou|Substitute|p2a: Raikou
|-start|p2a: Raikou|Substitute
|-damage|p2a: Raikou|202\/322
|
|-heal|p2a: Raikou|222\/322|[from] item: Leftovers
|-heal|p1a: Snorlax|466\/497|[from] item: Leftovers
|turn|25
|
|move|p2a: Raikou|Thunderbolt|p1a: Snorlax
|-damage|p1a: Snorlax|367\/497
|move|p1a: Snorlax|Return|p2a: Raikou
|-end|p2a: Raikou|Substitute
|
|-heal|p2a: Raikou|242\/322|[from] item: Leftovers
|-heal|p1a: Snorlax|398\/497|[from] item: Leftovers
|turn|26
|
|switch|p2a: Swampert|Swampert, M|274\/404
|-damage|p2a: Swampert|249\/404|[from] Stealth Rock
|move|p1a: Snorlax|Curse|p1a: Snorlax
|-boost|p1a: Snorlax|atk|1
|-boost|p1a: Snorlax|def|1
|-unboost|p1a: Snorlax|spe|1
|
|-heal|p2a: Swampert|274\/404|[from] item: Leftovers
|-heal|p1a: Snorlax|429\/497|[from] item: Leftovers
|turn|27
|
|move|p1a: Snorlax|Return|p2a: Swampert
|-damage|p2a: Swampert|132\/404
|move|p2a: Swampert|Roar|p1a: Snorlax
|drag|p1a: Florges|Florges, F|259\/360
|-damage|p1a: Florges|214\/360|[from] Stealth Rock
|
|-heal|p2a: Swampert|157\/404|[from] item: Leftovers
|turn|28
|
|move|p1a: Florges|Synthesis|p1a: Florges
|-heal|p1a: Florges|360\/360
|move|p2a: Swampert|Earthquake|p1a: Florges
|-damage|p1a: Florges|242\/360
|
|-heal|p2a: Swampert|182\/404|[from] item: Leftovers
|turn|29
|
|switch|p2a: Jirachi|Jirachi|278\/341
|-damage|p2a: Jirachi|257\/341|[from] Stealth Rock
|move|p1a: Florges|Moonblast|p2a: Jirachi
|-resisted|p2a: Jirachi
|-damage|p2a: Jirachi|194\/341
|
|turn|30
|
|switch|p1a: Tentacruel|Tentacruel, F|364\/364
|-damage|p1a: Tentacruel|319\/364|[from] Stealth Rock
|move|p2a: Jirachi|Iron Head|p1a: Tentacruel
|-resisted|p1a: Tentacruel
|-damage|p1a: Tentacruel|238\/364
|
|-heal|p1a: Tentacruel|260\/364|[from] item: Black Sludge
|turn|31
|
|move|p2a: Jirachi|Iron Head|p1a: Tentacruel
|-resisted|p1a: Tentacruel
|-damage|p1a: Tentacruel|171\/364
|cant|p1a: Tentacruel|flinch
|
|-heal|p1a: Tentacruel|193\/364|[from] item: Black Sludge
|turn|32
|
|move|p2a: Jirachi|Iron Head|p1a: Tentacruel
|-resisted|p1a: Tentacruel
|-damage|p1a: Tentacruel|112\/364
|cant|p1a: Tentacruel|flinch
|
|-heal|p1a: Tentacruel|134\/364|[from] item: Black Sludge
|turn|33
|
|move|p2a: Jirachi|Iron Head|p1a: Tentacruel
|-resisted|p1a: Tentacruel
|-damage|p1a: Tentacruel|46\/364
|cant|p1a: Tentacruel|flinch
|
|-heal|p1a: Tentacruel|68\/364|[from] item: Black Sludge
|turn|34
|c|âayo sb|:'(
|
|move|p2a: Jirachi|Iron Head|p1a: Tentacruel
|-resisted|p1a: Tentacruel
|-damage|p1a: Tentacruel|0 fnt
|faint|p1a: Tentacruel
|
|
|switch|p1a: Gourgeist-Super|Gourgeist-Super, M|374\/374
|-damage|p1a: Gourgeist-Super|328\/374|[from] Stealth Rock
|-item|p2a: Jirachi|Choice Scarf|[from] ability: Frisk|[of] p1a: Gourgeist-Super|[identify]
|turn|35
|
|switch|p2a: Swampert|Swampert, M|182\/404
|-damage|p2a: Swampert|157\/404|[from] Stealth Rock
|move|p1a: Gourgeist-Super|Foul Play|p2a: Swampert
|-damage|p2a: Swampert|95\/404
|
|-heal|p2a: Swampert|120\/404|[from] item: Leftovers
|turn|36
|
|move|p1a: Gourgeist-Super|Leech Seed|p2a: Swampert
|-start|p2a: Swampert|move: Leech Seed
|move|p2a: Swampert|Scald|p1a: Gourgeist-Super
|-resisted|p1a: Gourgeist-Super
|-damage|p1a: Gourgeist-Super|254\/374
|-status|p1a: Gourgeist-Super|brn
|
|-heal|p2a: Swampert|145\/404|[from] item: Leftovers
|-damage|p2a: Swampert|95\/404|[from] Leech Seed|[of] p1a: Gourgeist-Super
|-heal|p1a: Gourgeist-Super|304\/374 brn|[silent]
|-damage|p1a: Gourgeist-Super|258\/374 brn|[from] brn
|turn|37
|
|move|p1a: Gourgeist-Super|Foul Play|p2a: Swampert
|-damage|p2a: Swampert|66\/404
|move|p2a: Swampert|Roar|p1a: Gourgeist-Super
|drag|p1a: Snorlax|Snorlax, F|429\/497
|-damage|p1a: Snorlax|367\/497|[from] Stealth Rock
|
|-heal|p2a: Swampert|91\/404|[from] item: Leftovers
|-heal|p1a: Snorlax|398\/497|[from] item: Leftovers
|-damage|p2a: Swampert|41\/404|[from] Leech Seed|[of] p1a: Snorlax
|-heal|p1a: Snorlax|448\/497|[silent]
|turn|38
|
|move|p1a: Snorlax|Return|p2a: Swampert
|-damage|p2a: Swampert|0 fnt
|faint|p2a: Swampert
|
|-heal|p1a: Snorlax|479\/497|[from] item: Leftovers
|
|switch|p2a: Jirachi|Jirachi|194\/341
|-damage|p2a: Jirachi|173\/341|[from] Stealth Rock
|turn|39
|
|move|p2a: Jirachi|Iron Head|p1a: Snorlax
|-damage|p1a: Snorlax|341\/497
|move|p1a: Snorlax|Curse|p1a: Snorlax
|-boost|p1a: Snorlax|atk|1
|-boost|p1a: Snorlax|def|1
|-unboost|p1a: Snorlax|spe|1
|
|-heal|p1a: Snorlax|372\/497|[from] item: Leftovers
|turn|40
|
|move|p2a: Jirachi|Iron Head|p1a: Snorlax
|-damage|p1a: Snorlax|285\/497
|move|p1a: Snorlax|Curse|p1a: Snorlax
|-boost|p1a: Snorlax|atk|1
|-boost|p1a: Snorlax|def|1
|-unboost|p1a: Snorlax|spe|1
|
|-heal|p1a: Snorlax|316\/497|[from] item: Leftovers
|turn|41
|
|move|p2a: Jirachi|Iron Head|p1a: Snorlax
|-damage|p1a: Snorlax|250\/497
|move|p1a: Snorlax|Rest|p1a: Snorlax
|-status|p1a: Snorlax|slp
|-heal|p1a: Snorlax|497\/497 slp|[silent]
|-status|p1a: Snorlax|slp|[from] move: Rest
|
|turn|42
|
|switch|p2a: Celebi|Celebi|217\/341
|-damage|p2a: Celebi|175\/341|[from] Stealth Rock
|cant|p1a: Snorlax|slp
|move|p1a: Snorlax|Sleep Talk|p1a: Snorlax
|move|p1a: Snorlax|Rest|p1a: Snorlax|[from]Sleep Talk
|-fail|p1a: Snorlax
|
|-heal|p2a: Celebi|196\/341|[from] item: Leftovers
|turn|43
|
|move|p2a: Celebi|Nasty Plot|p2a: Celebi
|-boost|p2a: Celebi|spa|2
|cant|p1a: Snorlax|slp
|move|p1a: Snorlax|Sleep Talk|p1a: Snorlax
|move|p1a: Snorlax|Curse|p1a: Snorlax|[from]Sleep Talk
|-boost|p1a: Snorlax|atk|1
|-boost|p1a: Snorlax|def|1
|-unboost|p1a: Snorlax|spe|1
|
|-heal|p2a: Celebi|217\/341|[from] item: Leftovers
|turn|44
|
|move|p2a: Celebi|Leaf Storm|p1a: Snorlax
|-damage|p1a: Snorlax|229\/497 slp
|-unboost|p2a: Celebi|spa|2
|-curestatus|p1a: Snorlax|slp
|move|p1a: Snorlax|Return|p2a: Celebi
|-damage|p2a: Celebi|0 fnt
|faint|p2a: Celebi
|
|-heal|p1a: Snorlax|260\/497|[from] item: Leftovers
|
|switch|p2a: Raikou|Raikou|242\/322
|-damage|p2a: Raikou|202\/322|[from] Stealth Rock
|-ability|p2a: Raikou|Pressure
|turn|45
|
|move|p2a: Raikou|Thunderbolt|p1a: Snorlax
|-damage|p1a: Snorlax|154\/497
|move|p1a: Snorlax|Return|p2a: Raikou
|-damage|p2a: Raikou|0 fnt
|faint|p2a: Raikou
|
|-heal|p1a: Snorlax|185\/497|[from] item: Leftovers
|
|switch|p2a: Crobat|Crobat, M|359\/359
|-damage|p2a: Crobat|270\/359|[from] Stealth Rock
|turn|46
|
|move|p2a: Crobat|Brave Bird|p1a: Snorlax
|-damage|p1a: Snorlax|122\/497
|-damage|p2a: Crobat|249\/359|[from] recoil|[of] p1a: Snorlax
|move|p1a: Snorlax|Rest|p1a: Snorlax
|-status|p1a: Snorlax|slp
|-heal|p1a: Snorlax|497\/497 slp|[silent]
|-status|p1a: Snorlax|slp|[from] move: Rest
|
|-heal|p2a: Crobat|271\/359|[from] item: Black Sludge
|turn|47
|c|âmeeowiekins|gg
|
|move|p2a: Crobat|Brave Bird|p1a: Snorlax
|-damage|p1a: Snorlax|433\/497 slp
|-damage|p2a: Crobat|250\/359|[from] recoil|[of] p1a: Snorlax
|cant|p1a: Snorlax|slp
|move|p1a: Snorlax|Sleep Talk|p1a: Snorlax
|move|p1a: Snorlax|Curse|p1a: Snorlax|[from]Sleep Talk
|-boost|p1a: Snorlax|atk|1
|-boost|p1a: Snorlax|def|1
|-unboost|p1a: Snorlax|spe|1
|
|-heal|p2a: Crobat|272\/359|[from] item: Black Sludge
|-heal|p1a: Snorlax|464\/497 slp|[from] item: Leftovers
|turn|48
|-message|meeowiekins forfeited.
|
|win|ayo sb
|raw|Ladder updating...
|c|âayo sb|gg :)
|raw|ayo sb's rating: 1459 &rarr; <strong>1476<\/strong><br \/>(+17 for winning)
|raw|meeowiekins's rating: 1413 &rarr; <strong>1396<\/strong><br \/>(-17 for losing)
|leave|meeowiekins
|player|p2
|leave|Lord on Toast