|join|Calm Stone
|join|ArchPhantom
|player|p1|Calm Stone|151
|player|p2|ArchPhantom|238
|gametype|singles
|gen|6
|tier|OU
|rated
|clearpoke
|poke|p1|Gengar, M
|poke|p1|Meloetta
|poke|p1|Gyarados, M
|poke|p1|Ferrothorn, M
|poke|p1|Entei, shiny
|poke|p1|Landorus, M
|poke|p2|Landorus-Therian, M
|poke|p2|Empoleon, M
|poke|p2|Gengar, M
|poke|p2|Bisharp, F
|poke|p2|Rotom-Wash
|poke|p2|Lopunny, F
|rule|Swagger Clause: Swagger is banned
|rule|Baton Pass Clause: Limit one PokÃ©mon knowing Baton Pass
|rule|Sleep Clause Mod: Limit one foe put to sleep
|rule|Species Clause: Limit one of each PokÃ©mon
|rule|OHKO Clause: OHKO moves are banned
|rule|Moody Clause: Moody is banned
|rule|Evasion Moves Clause: Evasion moves are banned
|rule|Endless Battle Clause: Forcing endless battles is banned
|rule|HP Percentage Mod: HP is shown in percentages
|teampreview
|c|âArchPhantom|Ugh
|c|âCalm Stone|lol
|c|âArchPhantom|lol
|c|âArchPhantom|gl
|
|start
|switch|p1a: Tytannial|Ferrothorn, M|352\/352
|switch|p2a: Lopunny|Lopunny, F|271\/271
|turn|1
|
|detailschange|p2a: Lopunny|Lopunny-Mega, F
|message|Lopunny has Mega Evolved into Mega Lopunny!
|move|p2a: Lopunny|High Jump Kick|p1a: Tytannial
|-supereffective|p1a: Tytannial
|-damage|p1a: Tytannial|46\/352
|-damage|p2a: Lopunny|238\/271|[from] ability: Iron Barbs|[of] p1a: Tytannial
|-damage|p2a: Lopunny|193\/271|[from] item: Rocky Helmet|[of] p1a: Tytannial
|move|p1a: Tytannial|Gyro Ball|p2a: Lopunny
|-damage|p2a: Lopunny|19\/271
|
|turn|2
|c|âCalm Stone|u2
|
|switch|p2a: Bisharp|Bisharp, F|271\/271
|move|p1a: Tytannial|Stealth Rock|p2a: Bisharp
|-sidestart|p2: ArchPhantom|move: Stealth Rock
|
|turn|3
|
|move|p2a: Bisharp|Knock Off|p1a: Tytannial
|-damage|p1a: Tytannial|0 fnt
|-damage|p2a: Bisharp|238\/271|[from] ability: Iron Barbs|[of] p1a: Tytannial
|-damage|p2a: Bisharp|193\/271|[from] item: Rocky Helmet|[of] p1a: Tytannial
|-enditem|p1a: Tytannial|Rocky Helmet|[from] move: Knock Off|[of] p2a: Bisharp
|-damage|p2a: Bisharp|166\/271|[from] item: Life Orb
|faint|p1a: Tytannial
|
|
|switch|p1a: Enten|Landorus, M|319\/319
|turn|4
|
|switch|p2a: Rotom-Wash|Rotom-Wash|304\/304
|-damage|p2a: Rotom-Wash|266\/304|[from] Stealth Rock
|move|p1a: Enten|Earth Power|p2a: Rotom-Wash
|-immune|p2a: Rotom-Wash|[msg]
|
|-heal|p2a: Rotom-Wash|285\/304|[from] item: Leftovers
|turn|5
|
|switch|p1a: Phantom|Gengar, M|262\/262
|move|p2a: Rotom-Wash|Volt Switch|p1a: Phantom
|-damage|p1a: Phantom|162\/262
|
|switch|p2a: Bisharp|Bisharp, F|166\/271
|-damage|p2a: Bisharp|150\/271|[from] Stealth Rock
|
|-heal|p1a: Phantom|178\/262|[from] item: Black Sludge
|turn|6
|
|move|p1a: Phantom|Substitute|p1a: Phantom
|-start|p1a: Phantom|Substitute
|-damage|p1a: Phantom|113\/262
|move|p2a: Bisharp|Pursuit|p1a: Phantom
|-supereffective|p1a: Phantom
|-end|p1a: Phantom|Substitute
|-damage|p2a: Bisharp|123\/271|[from] item: Life Orb
|
|-heal|p1a: Phantom|129\/262|[from] item: Black Sludge
|turn|7
|
|move|p2a: Bisharp|Sucker Punch|p1a: Phantom
|-fail|p1a: Phantom
|move|p1a: Phantom|Substitute|p1a: Phantom
|-start|p1a: Phantom|Substitute
|-damage|p1a: Phantom|64\/262
|
|-heal|p1a: Phantom|80\/262|[from] item: Black Sludge
|turn|8
|
|switch|p2a: Empoleon|Empoleon, M|372\/372
|-damage|p2a: Empoleon|349\/372|[from] Stealth Rock
|move|p1a: Phantom|Shadow Ball|p2a: Empoleon
|-damage|p2a: Empoleon|217\/372
|
|-heal|p1a: Phantom|96\/262|[from] item: Black Sludge
|-heal|p2a: Empoleon|240\/372|[from] item: Leftovers
|turn|9
|
|move|p1a: Phantom|Taunt|p2a: Empoleon
|-start|p2a: Empoleon|move: Taunt
|cant|p2a: Empoleon|move: Taunt|Defog
|
|-heal|p1a: Phantom|112\/262|[from] item: Black Sludge
|-heal|p2a: Empoleon|263\/372|[from] item: Leftovers
|turn|10
|
|move|p1a: Phantom|Shadow Ball|p2a: Empoleon
|-damage|p2a: Empoleon|125\/372
|-unboost|p2a: Empoleon|spd|1
|move|p2a: Empoleon|Scald|p1a: Phantom
|-end|p1a: Phantom|Substitute
|
|-heal|p1a: Phantom|128\/262|[from] item: Black Sludge
|-heal|p2a: Empoleon|148\/372|[from] item: Leftovers
|turn|11
|
|move|p1a: Phantom|Shadow Ball|p2a: Empoleon
|-damage|p2a: Empoleon|0 fnt
|faint|p2a: Empoleon
|
|-heal|p1a: Phantom|144\/262|[from] item: Black Sludge
|
|switch|p2a: Landorus-Therian|Landorus-Therian, M|319\/319
|-damage|p2a: Landorus-Therian|280\/319|[from] Stealth Rock
|-ability|p2a: Landorus-Therian|Intimidate|[of] p1a: Phantom
|-unboost|p1a: Phantom|atk|1
|turn|12
|
|move|p2a: Landorus-Therian|Stone Edge|p1a: Phantom
|-damage|p1a: Phantom|0 fnt
|faint|p1a: Phantom
|
|
|switch|p1a: Predator|Gyarados, M|331\/331
|-ability|p1a: Predator|Intimidate|[of] p2a: Landorus-Therian
|-unboost|p2a: Landorus-Therian|atk|1
|turn|13
|
|switch|p2a: Lopunny|Lopunny-Mega, F|19\/271
|-damage|p2a: Lopunny|3\/271|[from] Stealth Rock
|detailschange|p1a: Predator|Gyarados-Mega, M
|message|Gyarados has Mega Evolved into Mega Gyarados!
|-ability|p1a: Predator|Mold Breaker
|move|p1a: Predator|Dragon Dance|p1a: Predator
|-boost|p1a: Predator|atk|1
|-boost|p1a: Predator|spe|1
|
|turn|14
|
|move|p1a: Predator|Waterfall|p2a: Lopunny
|-damage|p2a: Lopunny|0 fnt
|faint|p2a: Lopunny
|
|
|switch|p2a: Landorus-Therian|Landorus-Therian, M|280\/319
|-damage|p2a: Landorus-Therian|241\/319|[from] Stealth Rock
|-ability|p2a: Landorus-Therian|Intimidate|[of] p1a: Predator
|-unboost|p1a: Predator|atk|1
|turn|15
|
|move|p2a: Landorus-Therian|U-turn|p1a: Predator
|-supereffective|p1a: Predator
|-damage|p1a: Predator|151\/331
|
|switch|p2a: Bisharp|Bisharp, F|123\/271
|-damage|p2a: Bisharp|107\/271|[from] Stealth Rock
|move|p1a: Predator|Waterfall|p2a: Bisharp
|-damage|p2a: Bisharp|0 fnt
|faint|p2a: Bisharp
|
|
|switch|p2a: Landorus-Therian|Landorus-Therian, M|241\/319
|-damage|p2a: Landorus-Therian|202\/319|[from] Stealth Rock
|-ability|p2a: Landorus-Therian|Intimidate|[of] p1a: Predator
|-unboost|p1a: Predator|atk|1
|turn|16
|
|move|p2a: Landorus-Therian|U-turn|p1a: Predator
|-supereffective|p1a: Predator
|-damage|p1a: Predator|0 fnt
|faint|p1a: Predator
|
|switch|p2a: Gengar|Gengar, M|261\/261
|-damage|p2a: Gengar|229\/261|[from] Stealth Rock
|
|
|switch|p1a: Zelda|Meloetta|404\/404
|turn|17
|
|move|p2a: Gengar|Taunt|p1a: Zelda
|-start|p1a: Zelda|move: Taunt
|move|p1a: Zelda|Psyshock|p2a: Gengar
|-supereffective|p2a: Gengar
|-damage|p2a: Gengar|0 fnt
|faint|p2a: Gengar
|
|
|switch|p2a: Landorus-Therian|Landorus-Therian, M|202\/319
|-damage|p2a: Landorus-Therian|163\/319|[from] Stealth Rock
|-ability|p2a: Landorus-Therian|Intimidate|[of] p1a: Zelda
|-unboost|p1a: Zelda|atk|1
|turn|18
|
|switch|p1a: Mufasa|Entei, shiny|434\/434
|-ability|p1a: Mufasa|Pressure
|move|p2a: Landorus-Therian|U-turn|p1a: Mufasa
|-resisted|p1a: Mufasa
|-damage|p1a: Mufasa|383\/434
|
|switch|p2a: Rotom-Wash|Rotom-Wash|285\/304
|-damage|p2a: Rotom-Wash|247\/304|[from] Stealth Rock
|
|-heal|p2a: Rotom-Wash|266\/304|[from] item: Leftovers
|turn|19
|
|move|p1a: Mufasa|Sacred Fire|p2a: Rotom-Wash
|-resisted|p2a: Rotom-Wash
|-damage|p2a: Rotom-Wash|206\/304
|-status|p2a: Rotom-Wash|brn
|move|p2a: Rotom-Wash|Hydro Pump|p1a: Mufasa|[miss]
|-miss|p2a: Rotom-Wash|p1a: Mufasa
|
|-heal|p2a: Rotom-Wash|225\/304 brn|[from] item: Leftovers
|-damage|p2a: Rotom-Wash|187\/304 brn|[from] brn
|turn|20
|
|move|p1a: Mufasa|Stone Edge|p2a: Rotom-Wash
|-damage|p2a: Rotom-Wash|105\/304 brn
|move|p2a: Rotom-Wash|Hydro Pump|p1a: Mufasa|[miss]
|-miss|p2a: Rotom-Wash|p1a: Mufasa
|
|-heal|p2a: Rotom-Wash|124\/304 brn|[from] item: Leftovers
|-damage|p2a: Rotom-Wash|86\/304 brn|[from] brn
|turn|21
|
|move|p1a: Mufasa|Stone Edge|p2a: Rotom-Wash
|-damage|p2a: Rotom-Wash|4\/304 brn
|move|p2a: Rotom-Wash|Pain Split|p1a: Mufasa
|-sethp|p1a: Mufasa|193\/434|p2a: Rotom-Wash|193\/304 brn|[from] move: Pain Split
|
|-heal|p2a: Rotom-Wash|212\/304 brn|[from] item: Leftovers
|-damage|p2a: Rotom-Wash|174\/304 brn|[from] brn
|turn|22
|
|move|p1a: Mufasa|Extreme Speed|p2a: Rotom-Wash
|-damage|p2a: Rotom-Wash|106\/304 brn
|move|p2a: Rotom-Wash|Hydro Pump|p1a: Mufasa|[miss]
|-miss|p2a: Rotom-Wash|p1a: Mufasa
|
|-heal|p2a: Rotom-Wash|125\/304 brn|[from] item: Leftovers
|-damage|p2a: Rotom-Wash|87\/304 brn|[from] brn
|turn|23
|
|move|p1a: Mufasa|Stone Edge|p2a: Rotom-Wash|[miss]
|-miss|p1a: Mufasa|p2a: Rotom-Wash
|move|p2a: Rotom-Wash|Hydro Pump|p1a: Mufasa
|-supereffective|p1a: Mufasa
|-damage|p1a: Mufasa|0 fnt
|faint|p1a: Mufasa
|
|-heal|p2a: Rotom-Wash|106\/304 brn|[from] item: Leftovers
|-damage|p2a: Rotom-Wash|68\/304 brn|[from] brn
|
|switch|p1a: Enten|Landorus, M|319\/319
|turn|24
|
|move|p1a: Enten|Psychic|p2a: Rotom-Wash
|-damage|p2a: Rotom-Wash|0 fnt
|faint|p2a: Rotom-Wash
|
|
|switch|p2a: Landorus-Therian|Landorus-Therian, M|163\/319
|-damage|p2a: Landorus-Therian|124\/319|[from] Stealth Rock
|-ability|p2a: Landorus-Therian|Intimidate|[of] p1a: Enten
|-unboost|p1a: Enten|atk|1
|turn|25
|
|move|p2a: Landorus-Therian|Stone Edge|p1a: Enten
|-damage|p1a: Enten|179\/319
|move|p1a: Enten|Psychic|p2a: Landorus-Therian
|-damage|p2a: Landorus-Therian|0 fnt
|faint|p2a: Landorus-Therian
|
|win|Calm Stone
|raw|Ladder updating...
|c|âCalm Stone|gg
|c|âArchPhantom|gg