|join|ArchPhantom
|join|srk1214
|player|p1|ArchPhantom|222
|player|p2|srk1214|102
|gametype|singles
|gen|6
|tier|OU
|clearpoke
|poke|p1|Doublade, F
|poke|p1|Landorus-Therian, M
|poke|p1|Latias, F
|poke|p1|Empoleon, F
|poke|p1|Rotom-Wash
|poke|p1|Heracross, M
|poke|p2|Starmie
|poke|p2|Kyurem-Black
|poke|p2|Greninja, M
|poke|p2|Diancie
|poke|p2|Klefki, F
|poke|p2|Landorus-Therian, M
|rule|Swagger Clause: Swagger is banned
|rule|Baton Pass Clause: Limit one PokÃ©mon knowing Baton Pass
|rule|Sleep Clause Mod: Limit one foe put to sleep
|rule|Species Clause: Limit one of each PokÃ©mon
|rule|OHKO Clause: OHKO moves are banned
|rule|Moody Clause: Moody is banned
|rule|Evasion Moves Clause: Evasion moves are banned
|rule|Endless Battle Clause: Forcing endless battles is banned
|rule|HP Percentage Mod: HP is shown in percentages
|teampreview
|c|âArchPhantom|gl
|c|âsrk1214|you too
|
|start
|switch|p1a: Empoleon|Empoleon, F|372\/372
|switch|p2a: Klefki|Klefki, F|318\/318
|turn|1
|
|move|p2a: Klefki|Thunder Wave|p1a: Empoleon
|-status|p1a: Empoleon|par
|cant|p1a: Empoleon|par
|
|turn|2
|
|move|p2a: Klefki|Spikes|p1a: Empoleon
|-sidestart|p1: ArchPhantom|Spikes
|cant|p1a: Empoleon|par
|
|turn|3
|
|switch|p2a: Kyurem-Black|Kyurem-Black|401\/401
|-ability|p2a: Kyurem-Black|Teravolt
|move|p1a: Empoleon|Scald|p2a: Kyurem-Black
|-resisted|p2a: Kyurem-Black
|-damage|p2a: Kyurem-Black|344\/401
|
|-heal|p2a: Kyurem-Black|369\/401|[from] item: Leftovers
|turn|4
|
|move|p2a: Kyurem-Black|Fusion Bolt|p1a: Empoleon
|-supereffective|p1a: Empoleon
|-damage|p1a: Empoleon|166\/372 par
|move|p1a: Empoleon|Stealth Rock|p2a: Kyurem-Black
|-sidestart|p2: srk1214|move: Stealth Rock
|
|-heal|p2a: Kyurem-Black|394\/401|[from] item: Leftovers
|-heal|p1a: Empoleon|189\/372 par|[from] item: Leftovers
|turn|5
|
|move|p2a: Kyurem-Black|Ice Beam|p1a: Empoleon
|-resisted|p1a: Empoleon
|-damage|p1a: Empoleon|153\/372 par
|move|p1a: Empoleon|Roar|p2a: Kyurem-Black
|drag|p2a: Greninja|Greninja, M|285\/285
|-damage|p2a: Greninja|250\/285|[from] Stealth Rock
|
|-heal|p1a: Empoleon|176\/372 par|[from] item: Leftovers
|turn|6
|
|switch|p1a: Landorus-Therian|Landorus-Therian, M|319\/319
|-ability|p1a: Landorus-Therian|Intimidate|[of] p2a: Greninja
|-unboost|p2a: Greninja|atk|1
|move|p2a: Greninja|Hydro Pump|p1a: Landorus-Therian|[miss]
|-start|p2a: Greninja|typechange|Water|[from] Protean
|-miss|p2a: Greninja|p1a: Landorus-Therian
|
|turn|7
|
|switch|p2a: Landorus-Therian|Landorus-Therian, M|365\/365
|-damage|p2a: Landorus-Therian|320\/365|[from] Stealth Rock
|-ability|p2a: Landorus-Therian|Intimidate|[of] p1a: Landorus-Therian
|-unboost|p1a: Landorus-Therian|atk|1
|move|p1a: Landorus-Therian|U-turn|p2a: Landorus-Therian
|-resisted|p2a: Landorus-Therian
|-damage|p2a: Landorus-Therian|295\/365
|
|switch|p1a: Rotom-Wash|Rotom-Wash|304\/304
|
|-heal|p2a: Landorus-Therian|317\/365|[from] item: Leftovers
|turn|8
|
|move|p2a: Landorus-Therian|U-turn|p1a: Rotom-Wash
|-damage|p1a: Rotom-Wash|251\/304
|
|switch|p2a: Klefki|Klefki, F|318\/318
|-damage|p2a: Klefki|299\/318|[from] Stealth Rock
|move|p1a: Rotom-Wash|Will-O-Wisp|p2a: Klefki
|-status|p2a: Klefki|brn
|
|-heal|p1a: Rotom-Wash|270\/304|[from] item: Leftovers
|-heal|p2a: Klefki|318\/318 brn|[from] item: Leftovers
|-damage|p2a: Klefki|279\/318 brn|[from] brn
|turn|9
|
|switch|p1a: Empoleon|Empoleon, F|176\/372 par
|-damage|p1a: Empoleon|130\/372 par|[from] Spikes
|move|p2a: Klefki|Toxic|p1a: Empoleon
|-fail|p1a: Empoleon
|
|-heal|p2a: Klefki|298\/318 brn|[from] item: Leftovers
|-heal|p1a: Empoleon|153\/372 par|[from] item: Leftovers
|-damage|p2a: Klefki|259\/318 brn|[from] brn
|turn|10
|
|switch|p2a: Kyurem-Black|Kyurem-Black|394\/401
|-damage|p2a: Kyurem-Black|294\/401|[from] Stealth Rock
|-ability|p2a: Kyurem-Black|Teravolt
|move|p1a: Empoleon|Scald|p2a: Kyurem-Black
|-resisted|p2a: Kyurem-Black
|-damage|p2a: Kyurem-Black|234\/401
|
|-heal|p2a: Kyurem-Black|259\/401|[from] item: Leftovers
|-heal|p1a: Empoleon|176\/372 par|[from] item: Leftovers
|turn|11
|
|switch|p1a: Latias|Latias, F|301\/301
|move|p2a: Kyurem-Black|Roost|p2a: Kyurem-Black
|-heal|p2a: Kyurem-Black|401\/401
|
|turn|12
|
|switch|p1a: Landorus-Therian|Landorus-Therian, M|319\/319
|-ability|p1a: Landorus-Therian|Intimidate|[of] p2a: Kyurem-Black
|-unboost|p2a: Kyurem-Black|atk|1
|move|p2a: Kyurem-Black|Ice Beam|p1a: Landorus-Therian
|-supereffective|p1a: Landorus-Therian
|-damage|p1a: Landorus-Therian|0 fnt
|faint|p1a: Landorus-Therian
|
|
|switch|p1a: Doublade|Doublade, F|322\/322
|-damage|p1a: Doublade|282\/322|[from] Spikes
|turn|13
|
|switch|p2a: Landorus-Therian|Landorus-Therian, M|317\/365
|-damage|p2a: Landorus-Therian|272\/365|[from] Stealth Rock
|-ability|p2a: Landorus-Therian|Intimidate|[of] p1a: Doublade
|-unboost|p1a: Doublade|atk|1
|move|p1a: Doublade|Toxic|p2a: Landorus-Therian
|-status|p2a: Landorus-Therian|tox
|
|-heal|p2a: Landorus-Therian|294\/365 tox|[from] item: Leftovers
|-damage|p2a: Landorus-Therian|272\/365 tox|[from] psn
|turn|14
|
|switch|p1a: Rotom-Wash|Rotom-Wash|270\/304
|move|p2a: Landorus-Therian|Stealth Rock|p1a: Rotom-Wash
|-sidestart|p1: ArchPhantom|move: Stealth Rock
|
|-heal|p2a: Landorus-Therian|294\/365 tox|[from] item: Leftovers
|-heal|p1a: Rotom-Wash|289\/304|[from] item: Leftovers
|-damage|p2a: Landorus-Therian|250\/365 tox|[from] psn
|turn|15
|
|move|p2a: Landorus-Therian|U-turn|p1a: Rotom-Wash
|-damage|p1a: Rotom-Wash|234\/304
|
|switch|p2a: Starmie|Starmie|323\/323
|-damage|p2a: Starmie|283\/323|[from] Stealth Rock
|move|p1a: Rotom-Wash|Volt Switch|p2a: Starmie
|-supereffective|p2a: Starmie
|-damage|p2a: Starmie|77\/323
|
|switch|p1a: Doublade|Doublade, F|282\/322
|-damage|p1a: Doublade|262\/322|[from] Stealth Rock
|-damage|p1a: Doublade|222\/322|[from] Spikes
|
|-heal|p2a: Starmie|97\/323|[from] item: Leftovers
|turn|16
|
|switch|p2a: Landorus-Therian|Landorus-Therian, M|250\/365 tox
|-damage|p2a: Landorus-Therian|205\/365 tox|[from] Stealth Rock
|-ability|p2a: Landorus-Therian|Intimidate|[of] p1a: Doublade
|-unboost|p1a: Doublade|atk|1
|move|p1a: Doublade|Toxic|p2a: Landorus-Therian
|-fail|p2a: Landorus-Therian|tox
|
|-heal|p2a: Landorus-Therian|227\/365 tox|[from] item: Leftovers
|-damage|p2a: Landorus-Therian|205\/365 tox|[from] psn
|turn|17
|
|move|p2a: Landorus-Therian|U-turn|p1a: Doublade
|-resisted|p1a: Doublade
|-damage|p1a: Doublade|214\/322
|
|switch|p2a: Kyurem-Black|Kyurem-Black|401\/401
|-damage|p2a: Kyurem-Black|301\/401|[from] Stealth Rock
|-ability|p2a: Kyurem-Black|Teravolt
|move|p1a: Doublade|Rest|p1a: Doublade
|-status|p1a: Doublade|slp
|-heal|p1a: Doublade|322\/322 slp|[silent]
|-status|p1a: Doublade|slp|[from] move: Rest
|
|-heal|p2a: Kyurem-Black|326\/401|[from] item: Leftovers
|turn|18
|
|move|p2a: Kyurem-Black|Ice Beam|p1a: Doublade
|-resisted|p1a: Doublade
|-damage|p1a: Doublade|262\/322 slp
|cant|p1a: Doublade|slp
|move|p1a: Doublade|Sleep Talk|p1a: Doublade
|move|p1a: Doublade|Gyro Ball|p2a: Kyurem-Black|[from]Sleep Talk
|-supereffective|p2a: Kyurem-Black
|-damage|p2a: Kyurem-Black|126\/401
|
|-heal|p2a: Kyurem-Black|151\/401|[from] item: Leftovers
|turn|19
|
|move|p2a: Kyurem-Black|Hidden Power|p1a: Doublade
|-supereffective|p1a: Doublade
|-damage|p1a: Doublade|154\/322 slp
|cant|p1a: Doublade|slp
|move|p1a: Doublade|Sleep Talk|p1a: Doublade
|move|p1a: Doublade|Toxic|p2a: Kyurem-Black|[from]Sleep Talk
|-status|p2a: Kyurem-Black|tox
|
|-heal|p2a: Kyurem-Black|176\/401 tox|[from] item: Leftovers
|-damage|p2a: Kyurem-Black|151\/401 tox|[from] psn
|turn|20
|
|move|p2a: Kyurem-Black|Hidden Power|p1a: Doublade
|-supereffective|p1a: Doublade
|-damage|p1a: Doublade|48\/322 slp
|-curestatus|p1a: Doublade|slp
|move|p1a: Doublade|Rest|p1a: Doublade
|-status|p1a: Doublade|slp
|-heal|p1a: Doublade|322\/322 slp|[silent]
|-status|p1a: Doublade|slp|[from] move: Rest
|
|-heal|p2a: Kyurem-Black|176\/401 tox|[from] item: Leftovers
|-damage|p2a: Kyurem-Black|126\/401 tox|[from] psn
|turn|21
|
|move|p2a: Kyurem-Black|Hidden Power|p1a: Doublade
|-supereffective|p1a: Doublade
|-damage|p1a: Doublade|216\/322 slp
|cant|p1a: Doublade|slp
|move|p1a: Doublade|Sleep Talk|p1a: Doublade
|move|p1a: Doublade|Rest|p1a: Doublade|[from]Sleep Talk
|-fail|p1a: Doublade
|
|-heal|p2a: Kyurem-Black|151\/401 tox|[from] item: Leftovers
|-damage|p2a: Kyurem-Black|76\/401 tox|[from] psn
|turn|22
|
|move|p2a: Kyurem-Black|Hidden Power|p1a: Doublade
|-supereffective|p1a: Doublade
|-damage|p1a: Doublade|102\/322 slp
|cant|p1a: Doublade|slp
|move|p1a: Doublade|Sleep Talk|p1a: Doublade
|move|p1a: Doublade|Gyro Ball|p2a: Kyurem-Black|[from]Sleep Talk
|-supereffective|p2a: Kyurem-Black
|-damage|p2a: Kyurem-Black|0 fnt
|faint|p2a: Kyurem-Black
|
|
|switch|p2a: Greninja|Greninja, M|250\/285
|-damage|p2a: Greninja|215\/285|[from] Stealth Rock
|turn|23
|
|move|p2a: Greninja|Hidden Power|p1a: Doublade
|-start|p2a: Greninja|typechange|Fire|[from] Protean
|-supereffective|p1a: Doublade
|-damage|p1a: Doublade|0 fnt
|-damage|p2a: Greninja|187\/285|[from] item: Life Orb
|faint|p1a: Doublade
|
|
|switch|p1a: Rotom-Wash|Rotom-Wash|234\/304
|-damage|p1a: Rotom-Wash|196\/304|[from] Stealth Rock
|turn|24
|
|switch|p2a: Klefki|Klefki, F|259\/318 brn
|-damage|p2a: Klefki|240\/318 brn|[from] Stealth Rock
|move|p1a: Rotom-Wash|Hydro Pump|p2a: Klefki
|-damage|p2a: Klefki|135\/318 brn
|
|-heal|p1a: Rotom-Wash|215\/304|[from] item: Leftovers
|-heal|p2a: Klefki|154\/318 brn|[from] item: Leftovers
|-damage|p2a: Klefki|115\/318 brn|[from] brn
|turn|25
|
|switch|p1a: Empoleon|Empoleon, F|176\/372 par
|-damage|p1a: Empoleon|130\/372 par|[from] Spikes
|-damage|p1a: Empoleon|107\/372 par|[from] Stealth Rock
|move|p2a: Klefki|Toxic|p1a: Empoleon
|-fail|p1a: Empoleon
|
|-heal|p2a: Klefki|134\/318 brn|[from] item: Leftovers
|-heal|p1a: Empoleon|130\/372 par|[from] item: Leftovers
|-damage|p2a: Klefki|95\/318 brn|[from] brn
|turn|26
|
|switch|p2a: Landorus-Therian|Landorus-Therian, M|205\/365 tox
|-damage|p2a: Landorus-Therian|160\/365 tox|[from] Stealth Rock
|-ability|p2a: Landorus-Therian|Intimidate|[of] p1a: Empoleon
|-unboost|p1a: Empoleon|atk|1
|move|p1a: Empoleon|Defog|p2a: Landorus-Therian
|-unboost|p2a: Landorus-Therian|evasion|1
|-sideend|p2: srk1214|Stealth Rock|[from] move: Defog|[of] p2a: Landorus-Therian
|-sideend|p1: ArchPhantom|Spikes|[from] move: Defog|[of] p1a: Empoleon
|-sideend|p1: ArchPhantom|Stealth Rock|[from] move: Defog|[of] p1a: Empoleon
|
|-heal|p2a: Landorus-Therian|182\/365 tox|[from] item: Leftovers
|-heal|p1a: Empoleon|153\/372 par|[from] item: Leftovers
|-damage|p2a: Landorus-Therian|160\/365 tox|[from] psn
|turn|27
|
|switch|p1a: Heracross|Heracross, M|308\/308
|move|p2a: Landorus-Therian|Stealth Rock|p1a: Heracross
|-sidestart|p1: ArchPhantom|move: Stealth Rock
|
|-heal|p2a: Landorus-Therian|182\/365 tox|[from] item: Leftovers
|-damage|p2a: Landorus-Therian|138\/365 tox|[from] psn
|turn|28
|
|detailschange|p1a: Heracross|Heracross-Mega, M
|-mega|p1a: Heracross|Heracross|Heracronite
|move|p1a: Heracross|Substitute|p1a: Heracross
|-start|p1a: Heracross|Substitute
|-damage|p1a: Heracross|231\/308
|move|p2a: Landorus-Therian|U-turn|p1a: Heracross
|-resisted|p1a: Heracross
|-activate|p1a: Heracross|Substitute|[damage]
|
|switch|p2a: Starmie|Starmie|97\/323
|
|-heal|p2a: Starmie|117\/323|[from] item: Leftovers
|turn|29
|
|move|p2a: Starmie|Scald|p1a: Heracross
|-crit|p1a: Heracross
|-end|p1a: Heracross|Substitute
|move|p1a: Heracross|Pin Missile|p2a: Starmie
|-supereffective|p2a: Starmie
|-damage|p2a: Starmie|0 fnt
|-hitcount|p2a: Starmie|1
|faint|p2a: Starmie
|
|
|switch|p2a: Landorus-Therian|Landorus-Therian, M|138\/365 tox
|-ability|p2a: Landorus-Therian|Intimidate|[of] p1a: Heracross
|-unboost|p1a: Heracross|atk|1
|turn|30
|
|switch|p1a: Latias|Latias, F|301\/301
|-damage|p1a: Latias|264\/301|[from] Stealth Rock
|move|p2a: Landorus-Therian|Earthquake|p1a: Latias
|-immune|p1a: Latias|[msg]
|
|-heal|p2a: Landorus-Therian|160\/365 tox|[from] item: Leftovers
|-damage|p2a: Landorus-Therian|138\/365 tox|[from] psn
|turn|31
|
|move|p1a: Latias|Reflect Type|p2a: Landorus-Therian
|-start|p1a: Latias|typechange|[from] move: Reflect Type|[of] p2a: Landorus-Therian
|move|p2a: Landorus-Therian|U-turn|p1a: Latias
|-resisted|p1a: Latias
|-damage|p1a: Latias|220\/301
|
|switch|p2a: Greninja|Greninja, M|187\/285
|
|turn|32
|
|switch|p1a: Empoleon|Empoleon, F|153\/372 par
|-damage|p1a: Empoleon|130\/372 par|[from] Stealth Rock
|move|p2a: Greninja|Ice Beam|p1a: Empoleon
|-start|p2a: Greninja|typechange|Ice|[from] Protean
|-resisted|p1a: Empoleon
|-damage|p1a: Empoleon|88\/372 par
|-damage|p2a: Greninja|159\/285|[from] item: Life Orb
|
|-heal|p1a: Empoleon|111\/372 par|[from] item: Leftovers
|turn|33
|
|move|p2a: Greninja|Hydro Pump|p1a: Empoleon
|-start|p2a: Greninja|typechange|Water|[from] Protean
|-resisted|p1a: Empoleon
|-damage|p1a: Empoleon|10\/372 par
|-damage|p2a: Greninja|131\/285|[from] item: Life Orb
|move|p1a: Empoleon|Defog|p2a: Greninja
|-unboost|p2a: Greninja|evasion|1
|-sideend|p1: ArchPhantom|Stealth Rock|[from] move: Defog|[of] p1a: Empoleon
|
|-heal|p1a: Empoleon|33\/372 par|[from] item: Leftovers
|turn|34
|
|move|p2a: Greninja|Hidden Power|p1a: Empoleon
|-start|p2a: Greninja|typechange|Fire|[from] Protean
|-damage|p1a: Empoleon|0 fnt
|-damage|p2a: Greninja|103\/285|[from] item: Life Orb
|faint|p1a: Empoleon
|
|
|switch|p1a: Rotom-Wash|Rotom-Wash|215\/304
|turn|35
|
|switch|p2a: Landorus-Therian|Landorus-Therian, M|138\/365 tox
|-ability|p2a: Landorus-Therian|Intimidate|[of] p1a: Rotom-Wash
|-unboost|p1a: Rotom-Wash|atk|1
|move|p1a: Rotom-Wash|Volt Switch|p2a: Landorus-Therian
|-immune|p2a: Landorus-Therian|[msg]
|
|-heal|p2a: Landorus-Therian|160\/365 tox|[from] item: Leftovers
|-heal|p1a: Rotom-Wash|234\/304|[from] item: Leftovers
|-damage|p2a: Landorus-Therian|138\/365 tox|[from] psn
|turn|36
|
|switch|p1a: Heracross|Heracross-Mega, M|231\/308
|move|p2a: Landorus-Therian|U-turn|p1a: Heracross
|-resisted|p1a: Heracross
|-damage|p1a: Heracross|196\/308
|
|switch|p2a: Greninja|Greninja, M|103\/285
|
|turn|37
|
|switch|p1a: Latias|Latias, F|220\/301
|move|p2a: Greninja|Hidden Power|p1a: Latias
|-start|p2a: Greninja|typechange|Fire|[from] Protean
|-resisted|p1a: Latias
|-damage|p1a: Latias|171\/301
|-damage|p2a: Greninja|75\/285|[from] item: Life Orb
|
|turn|38
|
|move|p2a: Greninja|Ice Beam|p1a: Latias
|-start|p2a: Greninja|typechange|Ice|[from] Protean
|-supereffective|p1a: Latias
|-damage|p1a: Latias|0 fnt
|-damage|p2a: Greninja|47\/285|[from] item: Life Orb
|faint|p1a: Latias
|
|
|switch|p1a: Rotom-Wash|Rotom-Wash|234\/304
|turn|39
|
|move|p2a: Greninja|Ice Beam|p1a: Rotom-Wash
|-resisted|p1a: Rotom-Wash
|-damage|p1a: Rotom-Wash|155\/304
|-damage|p2a: Greninja|19\/285|[from] item: Life Orb
|move|p1a: Rotom-Wash|Volt Switch|p2a: Greninja
|-damage|p2a: Greninja|0 fnt
|faint|p2a: Greninja
|
|switch|p1a: Heracross|Heracross-Mega, M|196\/308
|
|
|switch|p2a: Diancie|Diancie|261\/261
|turn|40
|
|move|p1a: Heracross|Substitute|p1a: Heracross
|-start|p1a: Heracross|Substitute
|-damage|p1a: Heracross|119\/308
|move|p2a: Diancie|Rock Polish|p2a: Diancie
|-boost|p2a: Diancie|spe|2
|
|turn|41
|c|âsrk1214|are you focus punch?
|c|âArchPhantom|Nope
|
|move|p2a: Diancie|Moonblast|p1a: Heracross
|-supereffective|p1a: Heracross
|-end|p1a: Heracross|Substitute
|move|p1a: Heracross|Close Combat|p2a: Diancie
|-damage|p2a: Diancie|47\/261
|-unboost|p1a: Heracross|def|1
|-unboost|p1a: Heracross|spd|1
|
|turn|42
|
|detailschange|p2a: Diancie|Diancie-Mega
|-mega|p2a: Diancie|Diancie|Diancite
|move|p2a: Diancie|Moonblast|p1a: Heracross
|-supereffective|p1a: Heracross
|-damage|p1a: Heracross|0 fnt
|faint|p1a: Heracross
|
|
|switch|p1a: Rotom-Wash|Rotom-Wash|155\/304
|turn|43
|c|âsrk1214|gg
|
|move|p2a: Diancie|Moonblast|p1a: Rotom-Wash
|-damage|p1a: Rotom-Wash|0 fnt
|faint|p1a: Rotom-Wash
|
|win|srk1214
|c|âArchPhantom|gg