|join|ArchPhantom
|join|Qubae
|join|Reverend
|player|p1|ArchPhantom|222
|player|p2|Qubae|79
|gametype|singles
|gen|6
|tier|OU
|clearpoke
|poke|p1|Serperior, F
|poke|p1|Heatran, M
|poke|p1|Keldeo
|poke|p1|Landorus-Therian, M
|poke|p1|Latias, F
|poke|p1|Metagross
|poke|p2|Altaria, F
|poke|p2|Landorus-Therian, M
|poke|p2|Latios, M
|poke|p2|Keldeo
|poke|p2|Heatran, M
|poke|p2|Celebi
|rule|Swagger Clause: Swagger is banned
|rule|Baton Pass Clause: Limit one PokÃ©mon knowing Baton Pass
|rule|Sleep Clause Mod: Limit one foe put to sleep
|rule|Species Clause: Limit one of each PokÃ©mon
|rule|OHKO Clause: OHKO moves are banned
|rule|Moody Clause: Moody is banned
|rule|Evasion Moves Clause: Evasion moves are banned
|rule|Endless Battle Clause: Forcing endless battles is banned
|rule|HP Percentage Mod: HP is shown in percentages
|teampreview
|c|âArchPhantom|glhf
|c|âQubae|serp
|c|âQubae|as
|c|âQubae|released
|c|âQubae|????
|c|âArchPhantom|yh
|c|âQubae|:O
|
|start
|switch|p1a: Landorus-Therian|Landorus-Therian, M|379\/379
|switch|p2a: Keldeo|Keldeo|323\/323
|-ability|p1a: Landorus-Therian|Intimidate|[of] p2a: Keldeo
|-unboost|p2a: Keldeo|atk|1
|turn|1
|
|switch|p1a: Latias|Latias, F|319\/319
|move|p2a: Keldeo|Scald|p1a: Latias
|-resisted|p1a: Latias
|-damage|p1a: Latias|260\/319
|
|turn|2
|
|switch|p2a: Celebi|Celebi|403\/403
|switch|p1a: Landorus-Therian|Landorus-Therian, M|379\/379
|-ability|p1a: Landorus-Therian|Intimidate|[of] p2a: Celebi
|-unboost|p2a: Celebi|atk|1
|
|turn|3
|
|switch|p2a: Landorus-Therian|Landorus-Therian, M|367\/367
|-ability|p2a: Landorus-Therian|Intimidate|[of] p1a: Landorus-Therian
|-unboost|p1a: Landorus-Therian|atk|1
|move|p1a: Landorus-Therian|Stealth Rock|p2a: Landorus-Therian
|-sidestart|p2: Qubae|move: Stealth Rock
|
|turn|4
|
|move|p2a: Landorus-Therian|Swords Dance|p2a: Landorus-Therian
|-boost|p2a: Landorus-Therian|atk|2
|move|p1a: Landorus-Therian|U-turn|p2a: Landorus-Therian
|-resisted|p2a: Landorus-Therian
|-damage|p2a: Landorus-Therian|338\/367
|
|switch|p1a: Keldeo|Keldeo|323\/323
|
|-heal|p2a: Landorus-Therian|360\/367|[from] item: Leftovers
|turn|5
|join|Dog and Lobster
|
|switch|p2a: Celebi|Celebi|403\/403
|-damage|p2a: Celebi|353\/403|[from] Stealth Rock
|move|p1a: Keldeo|Scald|p2a: Celebi
|-resisted|p2a: Celebi
|-damage|p2a: Celebi|282\/403
|
|-heal|p2a: Celebi|307\/403|[from] item: Leftovers
|turn|6
|
|switch|p1a: Metagross|Metagross|301\/301
|move|p2a: Celebi|Baton Pass|p2a: Celebi
|
|switch|p2a: Landorus-Therian|Landorus-Therian, M|360\/367
|-damage|p2a: Landorus-Therian|315\/367|[from] Stealth Rock
|-ability|p2a: Landorus-Therian|Intimidate|[of] p1a: Metagross
|-fail|p1a: Metagross|unboost|[from] ability: Clear Body|[of] p1a: Metagross
|
|-heal|p2a: Landorus-Therian|337\/367|[from] item: Leftovers
|turn|7
|
|detailschange|p1a: Metagross|Metagross-Mega
|-mega|p1a: Metagross|Metagross|Metagrossite
|move|p2a: Landorus-Therian|Earthquake|p1a: Metagross
|-supereffective|p1a: Metagross
|-damage|p1a: Metagross|53\/301
|move|p1a: Metagross|Meteor Mash|p2a: Landorus-Therian|[miss]
|-miss|p1a: Metagross|p2a: Landorus-Therian
|
|-heal|p2a: Landorus-Therian|359\/367|[from] item: Leftovers
|turn|8
|
|switch|p1a: Latias|Latias, F|260\/319
|move|p2a: Landorus-Therian|Earthquake|p1a: Latias
|-immune|p1a: Latias|[msg]
|
|-heal|p2a: Landorus-Therian|367\/367|[from] item: Leftovers
|turn|9
|
|switch|p2a: Celebi|Celebi|307\/403
|-damage|p2a: Celebi|257\/403|[from] Stealth Rock
|move|p1a: Latias|Draco Meteor|p2a: Celebi
|-damage|p2a: Celebi|22\/403
|-unboost|p1a: Latias|spa|2
|-damage|p1a: Latias|229\/319|[from] item: Life Orb
|
|-heal|p2a: Celebi|47\/403|[from] item: Leftovers
|turn|10
|
|move|p1a: Latias|Draco Meteor|p2a: Celebi
|-damage|p2a: Celebi|0 fnt
|-unboost|p1a: Latias|spa|2
|-damage|p1a: Latias|198\/319|[from] item: Life Orb
|faint|p2a: Celebi
|
|
|switch|p2a: Heatran|Heatran, M|385\/385
|-damage|p2a: Heatran|337\/385|[from] Stealth Rock
|turn|11
|join|Shirby41
|leave|Shirby41
|leave|Dog and Lobster
|
|switch|p1a: Keldeo|Keldeo|323\/323
|move|p2a: Heatran|Toxic|p1a: Keldeo
|-status|p1a: Keldeo|tox
|
|-heal|p2a: Heatran|361\/385|[from] item: Leftovers
|-damage|p1a: Keldeo|303\/323 tox|[from] psn
|turn|12
|
|move|p2a: Heatran|Protect|p2a: Heatran
|-singleturn|p2a: Heatran|Protect
|move|p1a: Keldeo|Scald|p2a: Heatran
|-activate|p2a: Heatran|Protect
|
|-heal|p2a: Heatran|385\/385|[from] item: Leftovers
|-damage|p1a: Keldeo|263\/323 tox|[from] psn
|turn|13
|
|switch|p2a: Latios|Latios, M|299\/299
|-damage|p2a: Latios|262\/299|[from] Stealth Rock
|move|p1a: Keldeo|Scald|p2a: Latios
|-resisted|p2a: Latios
|-damage|p2a: Latios|196\/299
|-status|p2a: Latios|brn
|
|-damage|p1a: Keldeo|203\/323 tox|[from] psn
|-damage|p2a: Latios|159\/299 brn|[from] brn
|turn|14
|
|switch|p1a: Heatran|Heatran, M|323\/323
|move|p2a: Latios|Psyshock|p1a: Heatran
|-resisted|p1a: Heatran
|-damage|p1a: Heatran|235\/323
|-damage|p2a: Latios|130\/299 brn|[from] item: Life Orb
|
|-damage|p2a: Latios|93\/299 brn|[from] brn
|turn|15
|
|move|p1a: Heatran|Flash Cannon|p2a: Latios
|-crit|p2a: Latios
|-damage|p2a: Latios|0 fnt
|faint|p2a: Latios
|
|c|âQubae|scarftran...
|
|switch|p2a: Keldeo|Keldeo|323\/323
|-damage|p2a: Keldeo|303\/323|[from] Stealth Rock
|turn|16
|
|switch|p1a: Keldeo|Keldeo|203\/323 tox
|move|p2a: Keldeo|Icy Wind|p1a: Keldeo
|-resisted|p1a: Keldeo
|-damage|p1a: Keldeo|169\/323 tox
|-unboost|p1a: Keldeo|spe|1
|
|-damage|p1a: Keldeo|149\/323 tox|[from] psn
|turn|17
|
|switch|p2a: Altaria|Altaria, F|345\/345
|-damage|p2a: Altaria|259\/345|[from] Stealth Rock
|move|p1a: Keldeo|Secret Sword|p2a: Altaria
|-resisted|p2a: Altaria
|-damage|p2a: Altaria|169\/345
|
|-damage|p1a: Keldeo|109\/323 tox|[from] psn
|turn|18
|
|detailschange|p2a: Altaria|Altaria-Mega, F
|-mega|p2a: Altaria|Altaria|Altarianite
|move|p1a: Keldeo|Secret Sword|p2a: Altaria
|-resisted|p2a: Altaria
|-damage|p2a: Altaria|95\/345
|move|p2a: Altaria|Roost|p2a: Altaria
|-heal|p2a: Altaria|268\/345
|
|-damage|p1a: Keldeo|49\/323 tox|[from] psn
|turn|19
|
|switch|p1a: Heatran|Heatran, M|235\/323
|move|p2a: Altaria|Hyper Voice|p1a: Heatran
|-resisted|p1a: Heatran
|-damage|p1a: Heatran|192\/323
|
|turn|20
|
|switch|p2a: Heatran|Heatran, M|385\/385
|-damage|p2a: Heatran|337\/385|[from] Stealth Rock
|move|p1a: Heatran|Flash Cannon|p2a: Heatran
|-resisted|p2a: Heatran
|-damage|p2a: Heatran|312\/385
|
|-heal|p2a: Heatran|336\/385|[from] item: Leftovers
|turn|21
|
|move|p1a: Heatran|Flash Cannon|p2a: Heatran
|-resisted|p2a: Heatran
|-damage|p2a: Heatran|309\/385
|move|p2a: Heatran|Lava Plume|p1a: Heatran
|-start|p1a: Heatran|ability: Flash Fire
|
|-heal|p2a: Heatran|333\/385|[from] item: Leftovers
|turn|22
|
|move|p1a: Heatran|Flash Cannon|p2a: Heatran
|-resisted|p2a: Heatran
|-damage|p2a: Heatran|307\/385
|move|p2a: Heatran|Lava Plume|p1a: Heatran
|-immune|p1a: Heatran|[msg]
|
|-heal|p2a: Heatran|331\/385|[from] item: Leftovers
|turn|23
|join|yung sensei
|
|move|p1a: Heatran|Flash Cannon|p2a: Heatran
|-resisted|p2a: Heatran
|-damage|p2a: Heatran|304\/385
|move|p2a: Heatran|Stealth Rock|p1a: Heatran
|-sidestart|p1: ArchPhantom|move: Stealth Rock
|
|-heal|p2a: Heatran|328\/385|[from] item: Leftovers
|turn|24
|
|switch|p1a: Keldeo|Keldeo|49\/323 tox
|-damage|p1a: Keldeo|29\/323 tox|[from] Stealth Rock
|move|p2a: Heatran|Protect|p2a: Heatran
|-fail|p2a: Heatran
|
|-heal|p2a: Heatran|352\/385|[from] item: Leftovers
|-damage|p1a: Keldeo|9\/323 tox|[from] psn
|turn|25
|
|move|p2a: Heatran|Protect|p2a: Heatran
|-singleturn|p2a: Heatran|Protect
|move|p1a: Keldeo|Scald|p2a: Heatran
|-activate|p2a: Heatran|Protect
|
|-heal|p2a: Heatran|376\/385|[from] item: Leftovers
|-damage|p1a: Keldeo|0 fnt|[from] psn
|faint|p1a: Keldeo
|
|switch|p1a: Serperior|Serperior, F|289\/289
|-damage|p1a: Serperior|253\/289|[from] Stealth Rock
|turn|26
|
|move|p1a: Serperior|Knock Off|p2a: Heatran
|-damage|p2a: Heatran|315\/385
|-enditem|p2a: Heatran|Leftovers|[from] move: Knock Off|[of] p1a: Serperior
|-damage|p1a: Serperior|225\/289|[from] item: Life Orb
|move|p2a: Heatran|Lava Plume|p1a: Serperior
|-supereffective|p1a: Serperior
|-damage|p1a: Serperior|0 fnt
|faint|p1a: Serperior
|
|
|switch|p1a: Landorus-Therian|Landorus-Therian, M|379\/379
|-damage|p1a: Landorus-Therian|332\/379|[from] Stealth Rock
|-ability|p1a: Landorus-Therian|Intimidate|[of] p2a: Heatran
|-unboost|p2a: Heatran|atk|1
|turn|27
|
|move|p2a: Heatran|Protect|p2a: Heatran
|-singleturn|p2a: Heatran|Protect
|move|p1a: Landorus-Therian|Earthquake|p2a: Heatran
|-activate|p2a: Heatran|Protect
|
|-heal|p1a: Landorus-Therian|355\/379|[from] item: Leftovers
|turn|28
|
|switch|p2a: Landorus-Therian|Landorus-Therian, M|367\/367
|-damage|p2a: Landorus-Therian|322\/367|[from] Stealth Rock
|-ability|p2a: Landorus-Therian|Intimidate|[of] p1a: Landorus-Therian
|-unboost|p1a: Landorus-Therian|atk|1
|move|p1a: Landorus-Therian|U-turn|p2a: Landorus-Therian
|-resisted|p2a: Landorus-Therian
|-damage|p2a: Landorus-Therian|293\/367
|
|switch|p1a: Latias|Latias, F|198\/319
|-damage|p1a: Latias|159\/319|[from] Stealth Rock
|
|-heal|p2a: Landorus-Therian|315\/367|[from] item: Leftovers
|turn|29
|
|switch|p2a: Altaria|Altaria-Mega, F|268\/345
|-damage|p2a: Altaria|225\/345|[from] Stealth Rock
|move|p1a: Latias|Draco Meteor|p2a: Altaria
|-immune|p2a: Altaria|[msg]
|
|turn|30
|
|switch|p1a: Heatran|Heatran, M|192\/323
|-damage|p1a: Heatran|152\/323|[from] Stealth Rock
|move|p2a: Altaria|Hyper Voice|p1a: Heatran
|-resisted|p1a: Heatran
|-damage|p1a: Heatran|111\/323
|
|turn|31
|
|switch|p2a: Keldeo|Keldeo|303\/323
|-damage|p2a: Keldeo|283\/323|[from] Stealth Rock
|move|p1a: Heatran|Flash Cannon|p2a: Keldeo
|-resisted|p2a: Keldeo
|-damage|p2a: Keldeo|201\/323
|
|turn|32
|
|move|p2a: Keldeo|Hydro Pump|p1a: Heatran
|-supereffective|p1a: Heatran
|-damage|p1a: Heatran|0 fnt
|faint|p1a: Heatran
|
|
|switch|p1a: Latias|Latias, F|159\/319
|-damage|p1a: Latias|120\/319|[from] Stealth Rock
|turn|33
|
|switch|p2a: Heatran|Heatran, M|315\/385
|-damage|p2a: Heatran|267\/385|[from] Stealth Rock
|move|p1a: Latias|Psyshock|p2a: Heatran
|-resisted|p2a: Heatran
|-damage|p2a: Heatran|196\/385
|-damage|p1a: Latias|89\/319|[from] item: Life Orb
|
|turn|34
|
|move|p1a: Latias|Healing Wish|p1a: Latias
|faint|p1a: Latias
|move|p2a: Heatran|Lava Plume|p1: Latias|[notarget]
|-notarget
|
|
|switch|p1a: Metagross|Metagross-Mega|53\/301
|-heal|p1a: Metagross|301\/301|[from] move: Healing Wish
|-damage|p1a: Metagross|283\/301|[from] Stealth Rock
|turn|35
|
|move|p1a: Metagross|Hammer Arm|p2a: Heatran
|-supereffective|p2a: Heatran
|-damage|p2a: Heatran|0 fnt
|-unboost|p1a: Metagross|spe|1
|faint|p2a: Heatran
|
|
|switch|p2a: Keldeo|Keldeo|201\/323
|-damage|p2a: Keldeo|181\/323|[from] Stealth Rock
|turn|36
|
|move|p2a: Keldeo|Hydro Pump|p1a: Metagross
|-damage|p1a: Metagross|112\/301
|move|p1a: Metagross|Zen Headbutt|p2a: Keldeo
|-supereffective|p2a: Keldeo
|-damage|p2a: Keldeo|0 fnt
|faint|p2a: Keldeo
|
|
|switch|p2a: Landorus-Therian|Landorus-Therian, M|315\/367
|-damage|p2a: Landorus-Therian|270\/367|[from] Stealth Rock
|-ability|p2a: Landorus-Therian|Intimidate|[of] p1a: Metagross
|-unboost|p1a: Metagross|atk|1
|turn|37
|join|Dog and Lobster
|
|switch|p1a: Landorus-Therian|Landorus-Therian, M|355\/379
|-damage|p1a: Landorus-Therian|308\/379|[from] Stealth Rock
|-ability|p1a: Landorus-Therian|Intimidate|[of] p2a: Landorus-Therian
|-unboost|p2a: Landorus-Therian|atk|1
|move|p2a: Landorus-Therian|Earthquake|p1a: Landorus-Therian
|-immune|p1a: Landorus-Therian|[msg]
|
|-heal|p2a: Landorus-Therian|292\/367|[from] item: Leftovers
|-heal|p1a: Landorus-Therian|331\/379|[from] item: Leftovers
|turn|38
|
|move|p2a: Landorus-Therian|Rock Polish|p2a: Landorus-Therian
|-boost|p2a: Landorus-Therian|spe|2
|move|p1a: Landorus-Therian|Stone Edge|p2a: Landorus-Therian
|-damage|p2a: Landorus-Therian|173\/367
|
|-heal|p2a: Landorus-Therian|195\/367|[from] item: Leftovers
|-heal|p1a: Landorus-Therian|354\/379|[from] item: Leftovers
|turn|39
|
|move|p2a: Landorus-Therian|Swords Dance|p2a: Landorus-Therian
|-boost|p2a: Landorus-Therian|atk|2
|move|p1a: Landorus-Therian|Stone Edge|p2a: Landorus-Therian|[miss]
|-miss|p1a: Landorus-Therian|p2a: Landorus-Therian
|
|-heal|p2a: Landorus-Therian|217\/367|[from] item: Leftovers
|-heal|p1a: Landorus-Therian|377\/379|[from] item: Leftovers
|turn|40
|
|move|p2a: Landorus-Therian|Stone Edge|p1a: Landorus-Therian|[miss]
|-miss|p2a: Landorus-Therian|p1a: Landorus-Therian
|move|p1a: Landorus-Therian|Stone Edge|p2a: Landorus-Therian
|-damage|p2a: Landorus-Therian|97\/367
|
|-heal|p2a: Landorus-Therian|119\/367|[from] item: Leftovers
|-heal|p1a: Landorus-Therian|379\/379|[from] item: Leftovers
|turn|41
|
|move|p2a: Landorus-Therian|Stone Edge|p1a: Landorus-Therian
|-damage|p1a: Landorus-Therian|222\/379
|move|p1a: Landorus-Therian|Stone Edge|p2a: Landorus-Therian|[miss]
|-miss|p1a: Landorus-Therian|p2a: Landorus-Therian
|
|-heal|p2a: Landorus-Therian|141\/367|[from] item: Leftovers
|-heal|p1a: Landorus-Therian|245\/379|[from] item: Leftovers
|turn|42
|
|move|p2a: Landorus-Therian|Stone Edge|p1a: Landorus-Therian
|-damage|p1a: Landorus-Therian|81\/379
|move|p1a: Landorus-Therian|Stone Edge|p2a: Landorus-Therian
|-damage|p2a: Landorus-Therian|25\/367
|
|-heal|p2a: Landorus-Therian|47\/367|[from] item: Leftovers
|-heal|p1a: Landorus-Therian|104\/379|[from] item: Leftovers
|turn|43
|
|move|p2a: Landorus-Therian|Stone Edge|p1a: Landorus-Therian
|-damage|p1a: Landorus-Therian|0 fnt
|faint|p1a: Landorus-Therian
|
|-heal|p2a: Landorus-Therian|69\/367|[from] item: Leftovers
|
|switch|p1a: Metagross|Metagross-Mega|112\/301
|-damage|p1a: Metagross|94\/301|[from] Stealth Rock
|turn|44
|
|move|p1a: Metagross|Bullet Punch|p2a: Landorus-Therian
|-damage|p2a: Landorus-Therian|0 fnt
|faint|p2a: Landorus-Therian
|
|c|âQubae|rofl you have it
|c|âArchPhantom|xD
|c|âQubae|alright gg
|leave|Dog and Lobster
|c|âArchPhantom|gg
|
|switch|p2a: Altaria|Altaria-Mega, F|225\/345
|-damage|p2a: Altaria|182\/345|[from] Stealth Rock
|turn|45
|
|move|p1a: Metagross|Meteor Mash|p2a: Altaria
|-supereffective|p2a: Altaria
|-damage|p2a: Altaria|0 fnt
|faint|p2a: Altaria
|
|win|ArchPhantom
|leave|Qubae
|leave|ArchPhantom
|player|p2
|player|p1