|join|Fairy Peak
|join|ArchPhantom
Fairy Peak made this room hidden.
|c|âFairy Peak|Gl, hf.
|c|âFairy Peak|:)
|player|p1|Fairy Peak|137
|player|p2|ArchPhantom|222
|gametype|singles
|gen|6
|tier|OU
|clearpoke
|poke|p1|Lopunny, F
|poke|p1|Clefable, M
|poke|p1|Slowbro, F
|poke|p1|Heatran, M
|poke|p1|Raikou
|poke|p1|Mandibuzz, F
|poke|p2|Landorus-Therian, M
|poke|p2|Heatran, M
|poke|p2|Ferrothorn, M
|poke|p2|Latios, M
|poke|p2|Diancie
|poke|p2|Keldeo
|rule|Swagger Clause: Swagger is banned
|rule|Baton Pass Clause: Limit one PokÃ©mon knowing Baton Pass
|rule|Sleep Clause Mod: Limit one foe put to sleep
|rule|Species Clause: Limit one of each PokÃ©mon
|rule|OHKO Clause: OHKO moves are banned
|rule|Moody Clause: Moody is banned
|rule|Evasion Moves Clause: Evasion moves are banned
|rule|Endless Battle Clause: Forcing endless battles is banned
|rule|HP Percentage Mod: HP is shown in percentages
|teampreview
|c|âArchPhantom|glhf
|
|start
|switch|p1a: A cupcake|Slowbro, F|394\/394
|switch|p2a: Diancie|Diancie|241\/241
|turn|1
|
|switch|p2a: Ferrothorn|Ferrothorn, M|352\/352
|move|p1a: A cupcake|Scald|p2a: Ferrothorn
|-resisted|p2a: Ferrothorn
|-damage|p2a: Ferrothorn|313\/352
|-status|p2a: Ferrothorn|brn
|
|-heal|p2a: Ferrothorn|335\/352 brn|[from] item: Leftovers
|-damage|p2a: Ferrothorn|291\/352 brn|[from] brn
|turn|2
|
|switch|p1a: A cupcake|Mandibuzz, F|423\/423
|move|p2a: Ferrothorn|Leech Seed|p1a: A cupcake
|-start|p1a: A cupcake|move: Leech Seed
|
|-heal|p2a: Ferrothorn|313\/352 brn|[from] item: Leftovers
|-damage|p1a: A cupcake|371\/423|[from] Leech Seed|[of] p2a: Ferrothorn
|-heal|p2a: Ferrothorn|352\/352 brn|[silent]
|-damage|p2a: Ferrothorn|308\/352 brn|[from] brn
|turn|3
|
|switch|p1a: A cupcake|Slowbro, F|394\/394
|move|p2a: Ferrothorn|Spikes|p1a: A cupcake
|-sidestart|p1: Fairy Peak|Spikes
|
|-heal|p2a: Ferrothorn|330\/352 brn|[from] item: Leftovers
|-damage|p2a: Ferrothorn|286\/352 brn|[from] brn
|turn|4
|
|move|p1a: A cupcake|Scald|p2a: Ferrothorn
|-crit|p2a: Ferrothorn
|-resisted|p2a: Ferrothorn
|-damage|p2a: Ferrothorn|234\/352 brn
|move|p2a: Ferrothorn|Leech Seed|p1a: A cupcake
|-start|p1a: A cupcake|move: Leech Seed
|
|-heal|p2a: Ferrothorn|256\/352 brn|[from] item: Leftovers
|-damage|p1a: A cupcake|345\/394|[from] Leech Seed|[of] p2a: Ferrothorn
|-heal|p2a: Ferrothorn|305\/352 brn|[silent]
|-damage|p2a: Ferrothorn|261\/352 brn|[from] brn
|turn|5
|
|switch|p1a: A cupcake|Mandibuzz, F|371\/423
|switch|p2a: Keldeo|Keldeo|323\/323
|
|-heal|p1a: A cupcake|397\/423|[from] item: Leftovers
|turn|6
|
|switch|p1a: A cupcake|Slowbro, F|394\/394
|-damage|p1a: A cupcake|345\/394|[from] Spikes
|move|p2a: Keldeo|Substitute|p2a: Keldeo
|-start|p2a: Keldeo|Substitute
|-damage|p2a: Keldeo|243\/323
|
|-heal|p2a: Keldeo|263\/323|[from] item: Leftovers
|-heal|p1a: A cupcake|369\/394|[from] item: Leftovers
|turn|7
|
|move|p2a: Keldeo|Scald|p1a: A cupcake
|-resisted|p1a: A cupcake
|-damage|p1a: A cupcake|289\/394
|-status|p1a: A cupcake|brn
|move|p1a: A cupcake|Psyshock|p2a: Keldeo
|-supereffective|p2a: Keldeo
|-end|p2a: Keldeo|Substitute
|
|-heal|p2a: Keldeo|283\/323|[from] item: Leftovers
|-heal|p1a: A cupcake|313\/394 brn|[from] item: Leftovers
|-damage|p1a: A cupcake|264\/394 brn|[from] brn
|turn|8
|
|switch|p2a: Latios|Latios, M|301\/301
|move|p1a: A cupcake|Thunder Wave|p2a: Latios
|-status|p2a: Latios|par
|
|-heal|p1a: A cupcake|288\/394 brn|[from] item: Leftovers
|-damage|p1a: A cupcake|239\/394 brn|[from] brn
|turn|9
|
|switch|p1a: a Cupcake|Heatran, M|386\/386
|-damage|p1a: a Cupcake|338\/386|[from] Spikes
|switch|p2a: Keldeo|Keldeo|283\/323
|
|-heal|p2a: Keldeo|303\/323|[from] item: Leftovers
|-heal|p1a: a Cupcake|362\/386|[from] item: Leftovers
|turn|10
|
|switch|p1a: A cupcake|Slowbro, F|370\/394 brn
|-damage|p1a: A cupcake|321\/394 brn|[from] Spikes
|move|p2a: Keldeo|Calm Mind|p2a: Keldeo
|-boost|p2a: Keldeo|spa|1
|-boost|p2a: Keldeo|spd|1
|
|-heal|p2a: Keldeo|323\/323|[from] item: Leftovers
|-heal|p1a: A cupcake|345\/394 brn|[from] item: Leftovers
|-damage|p1a: A cupcake|296\/394 brn|[from] brn
|turn|11
|
|switch|p2a: Latios|Latios, M|301\/301 par
|move|p1a: A cupcake|Psyshock|p2a: Latios
|-resisted|p2a: Latios
|-damage|p2a: Latios|244\/301 par
|
|-heal|p1a: A cupcake|320\/394 brn|[from] item: Leftovers
|-damage|p1a: A cupcake|271\/394 brn|[from] brn
|turn|12
|
|switch|p1a: A cupcake|Mandibuzz, F|397\/423
|switch|p2a: Diancie|Diancie|241\/241
|
|-heal|p1a: A cupcake|423\/423|[from] item: Leftovers
|turn|13
|
|switch|p1a: A cupcake|Clefable, M|394\/394
|detailschange|p2a: Diancie|Diancie-Mega
|-mega|p2a: Diancie|Diancie|Diancite
|move|p2a: Diancie|Moonblast|p1a: A cupcake
|-damage|p1a: A cupcake|204\/394
|
|-heal|p1a: A cupcake|228\/394|[from] item: Leftovers
|turn|14
|
|move|p2a: Diancie|Diamond Storm|p1a: A cupcake
|-damage|p1a: A cupcake|29\/394
|-boost|p2a: Diancie|def|1
|move|p1a: A cupcake|Soft-Boiled|p1a: A cupcake
|-heal|p1a: A cupcake|226\/394
|
|-heal|p1a: A cupcake|250\/394|[from] item: Leftovers
|turn|15
|
|switch|p2a: Heatran|Heatran, M|323\/323
|move|p1a: A cupcake|Soft-Boiled|p1a: A cupcake
|-heal|p1a: A cupcake|394\/394
|
|turn|16
|
|move|p2a: Heatran|Flash Cannon|p1a: A cupcake
|-supereffective|p1a: A cupcake
|-damage|p1a: A cupcake|158\/394
|move|p1a: A cupcake|Calm Mind|p1a: A cupcake
|-boost|p1a: A cupcake|spa|1
|-boost|p1a: A cupcake|spd|1
|
|-heal|p1a: A cupcake|182\/394|[from] item: Leftovers
|turn|17
|c|âFairy Peak|Oh no
|c|âFairy Peak|;_;
|
|move|p2a: Heatran|Flash Cannon|p1a: A cupcake
|-supereffective|p1a: A cupcake
|-damage|p1a: A cupcake|20\/394
|move|p1a: A cupcake|Soft-Boiled|p1a: A cupcake
|-heal|p1a: A cupcake|217\/394
|
|-heal|p1a: A cupcake|241\/394|[from] item: Leftovers
|turn|18
|
|move|p2a: Heatran|Flash Cannon|p1a: A cupcake
|-supereffective|p1a: A cupcake
|-damage|p1a: A cupcake|85\/394
|move|p1a: A cupcake|Soft-Boiled|p1a: A cupcake
|-heal|p1a: A cupcake|282\/394
|
|-heal|p1a: A cupcake|306\/394|[from] item: Leftovers
|turn|19
|
|move|p2a: Heatran|Flash Cannon|p1a: A cupcake
|-supereffective|p1a: A cupcake
|-damage|p1a: A cupcake|150\/394
|move|p1a: A cupcake|Soft-Boiled|p1a: A cupcake
|-heal|p1a: A cupcake|347\/394
|
|-heal|p1a: A cupcake|371\/394|[from] item: Leftovers
|turn|20
|
|switch|p1a: A cupcake|Slowbro, F|394\/394 brn
|-damage|p1a: A cupcake|345\/394 brn|[from] Spikes
|move|p2a: Heatran|Flash Cannon|p1a: A cupcake
|-resisted|p1a: A cupcake
|-damage|p1a: A cupcake|254\/394 brn
|
|-heal|p1a: A cupcake|278\/394 brn|[from] item: Leftovers
|-damage|p1a: A cupcake|229\/394 brn|[from] brn
|turn|21
|
|switch|p2a: Latios|Latios, M|244\/301 par
|move|p1a: A cupcake|Scald|p2a: Latios
|-resisted|p2a: Latios
|-damage|p2a: Latios|202\/301 par
|
|-heal|p1a: A cupcake|253\/394 brn|[from] item: Leftovers
|-damage|p1a: A cupcake|204\/394 brn|[from] brn
|turn|22
|
|switch|p1a: a Cupcake|Heatran, M|362\/386
|-damage|p1a: a Cupcake|314\/386|[from] Spikes
|cant|p2a: Latios|par
|
|-heal|p1a: a Cupcake|338\/386|[from] item: Leftovers
|turn|23
|
|switch|p2a: Diancie|Diancie-Mega|241\/241
|move|p1a: a Cupcake|Lava Plume|p2a: Diancie
|-crit|p2a: Diancie
|-resisted|p2a: Diancie
|-damage|p2a: Diancie|145\/241
|
|-heal|p1a: a Cupcake|362\/386|[from] item: Leftovers
|turn|24
|
|switch|p2a: Keldeo|Keldeo|323\/323
|move|p1a: a Cupcake|Protect|p1a: a Cupcake
|-fail|p1a: a Cupcake
|
|-heal|p1a: a Cupcake|386\/386|[from] item: Leftovers
|turn|25
|
|switch|p1a: A cupcake|Slowbro, F|335\/394 brn
|-damage|p1a: A cupcake|286\/394 brn|[from] Spikes
|move|p2a: Keldeo|Substitute|p2a: Keldeo
|-start|p2a: Keldeo|Substitute
|-damage|p2a: Keldeo|243\/323
|
|-heal|p2a: Keldeo|263\/323|[from] item: Leftovers
|-heal|p1a: A cupcake|310\/394 brn|[from] item: Leftovers
|-damage|p1a: A cupcake|261\/394 brn|[from] brn
|turn|26
|
|move|p2a: Keldeo|Calm Mind|p2a: Keldeo
|-boost|p2a: Keldeo|spa|1
|-boost|p2a: Keldeo|spd|1
|move|p1a: A cupcake|Slack Off|p1a: A cupcake
|-heal|p1a: A cupcake|394\/394 brn
|
|-heal|p2a: Keldeo|283\/323|[from] item: Leftovers
|-damage|p1a: A cupcake|345\/394 brn|[from] brn
|turn|27
|
|move|p2a: Keldeo|Scald|p1a: A cupcake
|-resisted|p1a: A cupcake
|-damage|p1a: A cupcake|216\/394 brn
|move|p1a: A cupcake|Psyshock|p2a: Keldeo
|-supereffective|p2a: Keldeo
|-end|p2a: Keldeo|Substitute
|
|-heal|p2a: Keldeo|303\/323|[from] item: Leftovers
|-heal|p1a: A cupcake|240\/394 brn|[from] item: Leftovers
|-damage|p1a: A cupcake|191\/394 brn|[from] brn
|turn|28
|
|move|p2a: Keldeo|Substitute|p2a: Keldeo
|-start|p2a: Keldeo|Substitute
|-damage|p2a: Keldeo|223\/323
|move|p1a: A cupcake|Slack Off|p1a: A cupcake
|-heal|p1a: A cupcake|388\/394 brn
|
|-heal|p2a: Keldeo|243\/323|[from] item: Leftovers
|-heal|p1a: A cupcake|394\/394 brn|[from] item: Leftovers
|-damage|p1a: A cupcake|345\/394 brn|[from] brn
|turn|29
|
|move|p2a: Keldeo|Scald|p1a: A cupcake
|-resisted|p1a: A cupcake
|-damage|p1a: A cupcake|224\/394 brn
|move|p1a: A cupcake|Psyshock|p2a: Keldeo
|-supereffective|p2a: Keldeo
|-end|p2a: Keldeo|Substitute
|
|-heal|p2a: Keldeo|263\/323|[from] item: Leftovers
|-heal|p1a: A cupcake|248\/394 brn|[from] item: Leftovers
|-damage|p1a: A cupcake|199\/394 brn|[from] brn
|turn|30
|
|move|p2a: Keldeo|Calm Mind|p2a: Keldeo
|-boost|p2a: Keldeo|spa|1
|-boost|p2a: Keldeo|spd|1
|move|p1a: A cupcake|Slack Off|p1a: A cupcake
|-heal|p1a: A cupcake|394\/394 brn
|
|-heal|p2a: Keldeo|283\/323|[from] item: Leftovers
|-damage|p1a: A cupcake|345\/394 brn|[from] brn
|turn|31
|
|move|p2a: Keldeo|Scald|p1a: A cupcake
|-resisted|p1a: A cupcake
|-damage|p1a: A cupcake|165\/394 brn
|move|p1a: A cupcake|Psyshock|p2a: Keldeo
|-supereffective|p2a: Keldeo
|-damage|p2a: Keldeo|67\/323
|
|-heal|p2a: Keldeo|87\/323|[from] item: Leftovers
|-heal|p1a: A cupcake|189\/394 brn|[from] item: Leftovers
|-damage|p1a: A cupcake|140\/394 brn|[from] brn
|turn|32
|
|switch|p1a: A cupcake|Raikou|321\/321
|-damage|p1a: A cupcake|281\/321|[from] Spikes
|-ability|p1a: A cupcake|Pressure
|move|p2a: Keldeo|Scald|p1a: A cupcake
|-damage|p1a: A cupcake|100\/321
|
|-heal|p2a: Keldeo|107\/323|[from] item: Leftovers
|turn|33
|
|switch|p2a: Landorus-Therian|Landorus-Therian, M|379\/379
|-ability|p2a: Landorus-Therian|Intimidate|[of] p1a: A cupcake
|-unboost|p1a: A cupcake|atk|1
|move|p1a: A cupcake|Hidden Power|p2a: Landorus-Therian
|-supereffective|p2a: Landorus-Therian
|-damage|p2a: Landorus-Therian|83\/379
|
|-heal|p2a: Landorus-Therian|106\/379|[from] item: Leftovers
|turn|34
|
|switch|p2a: Heatran|Heatran, M|323\/323
|move|p1a: A cupcake|Shadow Ball|p2a: Heatran
|-damage|p2a: Heatran|241\/323
|
|turn|35
|
|switch|p1a: A cupcake|Slowbro, F|271\/394 brn
|-damage|p1a: A cupcake|222\/394 brn|[from] Spikes
|move|p2a: Heatran|Overheat|p1a: A cupcake
|-resisted|p1a: A cupcake
|-damage|p1a: A cupcake|87\/394 brn
|-unboost|p2a: Heatran|spa|2
|
|-heal|p1a: A cupcake|111\/394 brn|[from] item: Leftovers
|-damage|p1a: A cupcake|62\/394 brn|[from] brn
|turn|36
|
|switch|p2a: Keldeo|Keldeo|107\/323
|switch|p1a: a Cupcake|Heatran, M|386\/386
|-damage|p1a: a Cupcake|338\/386|[from] Spikes
|
|-heal|p2a: Keldeo|127\/323|[from] item: Leftovers
|-heal|p1a: a Cupcake|362\/386|[from] item: Leftovers
|turn|37
|
|switch|p1a: A cupcake|Clefable, M|371\/394
|move|p2a: Keldeo|Substitute|p2a: Keldeo
|-start|p2a: Keldeo|Substitute
|-damage|p2a: Keldeo|47\/323
|
|-heal|p2a: Keldeo|67\/323|[from] item: Leftovers
|-heal|p1a: A cupcake|394\/394|[from] item: Leftovers
|turn|38
|
|move|p2a: Keldeo|Scald|p1a: A cupcake
|-damage|p1a: A cupcake|277\/394
|move|p1a: A cupcake|Moonblast|p2a: Keldeo
|-supereffective|p2a: Keldeo
|-end|p2a: Keldeo|Substitute
|
|-heal|p2a: Keldeo|87\/323|[from] item: Leftovers
|-heal|p1a: A cupcake|301\/394|[from] item: Leftovers
|turn|39
|
|switch|p2a: Heatran|Heatran, M|241\/323
|move|p1a: A cupcake|Soft-Boiled|p1a: A cupcake
|-heal|p1a: A cupcake|394\/394
|
|turn|40
|
|switch|p1a: A cupcake|Mandibuzz, F|423\/423
|move|p2a: Heatran|Flash Cannon|p1a: A cupcake
|-damage|p1a: A cupcake|300\/423
|
|-heal|p1a: A cupcake|326\/423|[from] item: Leftovers
|turn|41
|
|switch|p2a: Diancie|Diancie-Mega|145\/241
|move|p1a: A cupcake|Defog|p2a: Diancie
|move|p2a: Diancie|Defog|p1a: A cupcake|[from]Magic Bounce
|-unboost|p1a: A cupcake|evasion|1
|-sideend|p1: Fairy Peak|Spikes|[from] move: Defog|[of] p1a: A cupcake
|
|-heal|p1a: A cupcake|352\/423|[from] item: Leftovers
|turn|42
|
|switch|p1a: A cupcake|Clefable, M|394\/394
|move|p2a: Diancie|Earth Power|p1a: A cupcake
|-damage|p1a: A cupcake|288\/394
|
|-heal|p1a: A cupcake|312\/394|[from] item: Leftovers
|turn|43
|
|move|p2a: Diancie|Moonblast|p1a: A cupcake
|-damage|p1a: A cupcake|152\/394
|move|p1a: A cupcake|Soft-Boiled|p1a: A cupcake
|-heal|p1a: A cupcake|349\/394
|
|-heal|p1a: A cupcake|373\/394|[from] item: Leftovers
|turn|44
|
|move|p2a: Diancie|Moonblast|p1a: A cupcake
|-damage|p1a: A cupcake|183\/394
|move|p1a: A cupcake|Moonblast|p2a: Diancie
|-damage|p2a: Diancie|33\/241
|-unboost|p2a: Diancie|spa|1
|
|-heal|p1a: A cupcake|207\/394|[from] item: Leftovers
|turn|45
|
|move|p2a: Diancie|Diamond Storm|p1a: A cupcake
|-damage|p1a: A cupcake|24\/394
|move|p1a: A cupcake|Soft-Boiled|p1a: A cupcake
|-heal|p1a: A cupcake|221\/394
|
|-heal|p1a: A cupcake|245\/394|[from] item: Leftovers
|turn|46
|
|switch|p2a: Heatran|Heatran, M|241\/323
|move|p1a: A cupcake|Soft-Boiled|p1a: A cupcake
|-heal|p1a: A cupcake|394\/394
|
|turn|47
|
|switch|p1a: a Cupcake|Heatran, M|362\/386
|move|p2a: Heatran|Flash Cannon|p1a: a Cupcake
|-resisted|p1a: a Cupcake
|-damage|p1a: a Cupcake|338\/386
|
|-heal|p1a: a Cupcake|362\/386|[from] item: Leftovers
|turn|48
|
|move|p2a: Heatran|Flash Cannon|p1a: a Cupcake
|-resisted|p1a: a Cupcake
|-damage|p1a: a Cupcake|340\/386
|move|p1a: a Cupcake|Lava Plume|p2a: Heatran
|-start|p2a: Heatran|ability: Flash Fire
|
|-heal|p1a: a Cupcake|364\/386|[from] item: Leftovers
|turn|49
|
|switch|p2a: Latios|Latios, M|202\/301 par
|move|p1a: a Cupcake|Lava Plume|p2a: Latios
|-resisted|p2a: Latios
|-damage|p2a: Latios|145\/301 par
|
|-heal|p1a: a Cupcake|386\/386|[from] item: Leftovers
|turn|50
|
|move|p1a: a Cupcake|Lava Plume|p2a: Latios
|-resisted|p2a: Latios
|-damage|p2a: Latios|93\/301 par
|move|p2a: Latios|Calm Mind|p2a: Latios
|-boost|p2a: Latios|spa|1
|-boost|p2a: Latios|spd|1
|
|turn|51
|
|move|p1a: a Cupcake|Lava Plume|p2a: Latios
|-resisted|p2a: Latios
|-damage|p2a: Latios|54\/301 par
|move|p2a: Latios|Roost|p2a: Latios
|-heal|p2a: Latios|205\/301 par
|
|turn|52
|
|move|p1a: a Cupcake|Stealth Rock|p2a: Latios
|-sidestart|p2: ArchPhantom|move: Stealth Rock
|move|p2a: Latios|Psyshock|p1a: a Cupcake
|-resisted|p1a: a Cupcake
|-damage|p1a: a Cupcake|261\/386
|-damage|p2a: Latios|175\/301 par|[from] item: Life Orb
|
|-heal|p1a: a Cupcake|285\/386|[from] item: Leftovers
|turn|53
|
|switch|p1a: A cupcake|Mandibuzz, F|352\/423
|move|p2a: Latios|Roost|p2a: Latios
|-heal|p2a: Latios|301\/301 par
|
|-heal|p1a: A cupcake|378\/423|[from] item: Leftovers
|turn|54
|
|switch|p1a: A cupcake|Clefable, M|394\/394
|switch|p2a: Ferrothorn|Ferrothorn, M|261\/352 brn
|-damage|p2a: Ferrothorn|239\/352 brn|[from] Stealth Rock
|
|-heal|p2a: Ferrothorn|261\/352 brn|[from] item: Leftovers
|-damage|p2a: Ferrothorn|217\/352 brn|[from] brn
|turn|55
|
|switch|p2a: Heatran|Heatran, M|241\/323
|-damage|p2a: Heatran|201\/323|[from] Stealth Rock
|move|p1a: A cupcake|Calm Mind|p1a: A cupcake
|-boost|p1a: A cupcake|spa|1
|-boost|p1a: A cupcake|spd|1
|
|turn|56
|
|switch|p1a: a Cupcake|Heatran, M|285\/386
|move|p2a: Heatran|Flash Cannon|p1a: a Cupcake
|-resisted|p1a: a Cupcake
|-damage|p1a: a Cupcake|261\/386
|
|-heal|p1a: a Cupcake|285\/386|[from] item: Leftovers
|turn|57
|
|switch|p2a: Latios|Latios, M|301\/301 par
|-damage|p2a: Latios|264\/301 par|[from] Stealth Rock
|move|p1a: a Cupcake|Lava Plume|p2a: Latios
|-resisted|p2a: Latios
|-damage|p2a: Latios|209\/301 par
|
|-heal|p1a: a Cupcake|309\/386|[from] item: Leftovers
|turn|58
|
|switch|p1a: A cupcake|Clefable, M|394\/394
|move|p2a: Latios|Calm Mind|p2a: Latios
|-boost|p2a: Latios|spa|1
|-boost|p2a: Latios|spd|1
|
|turn|59
|
|move|p1a: A cupcake|Moonblast|p2a: Latios
|-supereffective|p2a: Latios
|-damage|p2a: Latios|87\/301 par
|move|p2a: Latios|Psyshock|p1a: A cupcake
|-damage|p1a: A cupcake|108\/394
|-damage|p2a: Latios|57\/301 par|[from] item: Life Orb
|
|-heal|p1a: A cupcake|132\/394|[from] item: Leftovers
|turn|60
|
|move|p1a: A cupcake|Moonblast|p2a: Latios
|-supereffective|p2a: Latios
|-damage|p2a: Latios|0 fnt
|faint|p2a: Latios
|
|-heal|p1a: A cupcake|156\/394|[from] item: Leftovers
|
|switch|p2a: Diancie|Diancie-Mega|33\/241
|-damage|p2a: Diancie|3\/241|[from] Stealth Rock
|turn|61
|
|move|p2a: Diancie|Moonblast|p1a: A cupcake
|-damage|p1a: A cupcake|0 fnt
|faint|p1a: A cupcake
|
|
|switch|p1a: A cupcake|Raikou|100\/321
|-ability|p1a: A cupcake|Pressure
|turn|62
|
|switch|p2a: Ferrothorn|Ferrothorn, M|217\/352 brn
|-damage|p2a: Ferrothorn|195\/352 brn|[from] Stealth Rock
|move|p1a: A cupcake|Volt Switch|p2a: Ferrothorn
|-resisted|p2a: Ferrothorn
|-damage|p2a: Ferrothorn|152\/352 brn
|
|switch|p1a: A cupcake|Lopunny, F|271\/271
|
|-heal|p2a: Ferrothorn|174\/352 brn|[from] item: Leftovers
|-damage|p2a: Ferrothorn|130\/352 brn|[from] brn
|turn|63
|c|âFairy Peak|You can't defog, why did you do that ? :o
|
|detailschange|p1a: A cupcake|Lopunny-Mega, F
|-mega|p1a: A cupcake|Lopunny|Lopunnite
|move|p1a: A cupcake|Drain Punch|p2a: Ferrothorn
|-supereffective|p2a: Ferrothorn
|-damage|p2a: Ferrothorn|0 fnt
|-damage|p1a: A cupcake|238\/271|[from] ability: Iron Barbs|[of] p2a: Ferrothorn
|faint|p2a: Ferrothorn
|
|
|switch|p2a: Heatran|Heatran, M|201\/323
|-damage|p2a: Heatran|161\/323|[from] Stealth Rock
|turn|64
|
|switch|p2a: Landorus-Therian|Landorus-Therian, M|106\/379
|-damage|p2a: Landorus-Therian|59\/379|[from] Stealth Rock
|-ability|p2a: Landorus-Therian|Intimidate|[of] p1a: A cupcake
|-unboost|p1a: A cupcake|atk|1
|switch|p1a: a Cupcake|Heatran, M|309\/386
|
|-heal|p2a: Landorus-Therian|82\/379|[from] item: Leftovers
|-heal|p1a: a Cupcake|333\/386|[from] item: Leftovers
|turn|65
|
|move|p2a: Landorus-Therian|Stealth Rock|p1a: a Cupcake
|-sidestart|p1: Fairy Peak|move: Stealth Rock
|move|p1a: a Cupcake|Lava Plume|p2a: Landorus-Therian
|-damage|p2a: Landorus-Therian|0 fnt
|faint|p2a: Landorus-Therian
|
|-heal|p1a: a Cupcake|357\/386|[from] item: Leftovers
|
|switch|p2a: Keldeo|Keldeo|87\/323
|-damage|p2a: Keldeo|67\/323|[from] Stealth Rock
|turn|66
|
|move|p2a: Keldeo|Calm Mind|p2a: Keldeo
|-boost|p2a: Keldeo|spa|1
|-boost|p2a: Keldeo|spd|1
|move|p1a: a Cupcake|Toxic|p2a: Keldeo
|-status|p2a: Keldeo|tox
|
|-heal|p2a: Keldeo|87\/323 tox|[from] item: Leftovers
|-heal|p1a: a Cupcake|381\/386|[from] item: Leftovers
|-damage|p2a: Keldeo|67\/323 tox|[from] psn
|turn|67
|
|move|p1a: a Cupcake|Protect|p1a: a Cupcake
|-singleturn|p1a: a Cupcake|Protect
|move|p2a: Keldeo|Scald|p1a: a Cupcake
|-activate|p1a: a Cupcake|Protect
|
|-heal|p2a: Keldeo|87\/323 tox|[from] item: Leftovers
|-heal|p1a: a Cupcake|386\/386|[from] item: Leftovers
|-damage|p2a: Keldeo|47\/323 tox|[from] psn
|turn|68
|
|switch|p1a: A cupcake|Slowbro, F|193\/394 brn
|-damage|p1a: A cupcake|144\/394 brn|[from] Stealth Rock
|move|p2a: Keldeo|Scald|p1a: A cupcake
|-resisted|p1a: A cupcake
|-damage|p1a: A cupcake|7\/394 brn
|
|-heal|p2a: Keldeo|67\/323 tox|[from] item: Leftovers
|-heal|p1a: A cupcake|31\/394 brn|[from] item: Leftovers
|-damage|p2a: Keldeo|7\/323 tox|[from] psn
|-damage|p1a: A cupcake|0 fnt|[from] brn
|faint|p1a: A cupcake
|
|switch|p1a: A cupcake|Lopunny-Mega, F|238\/271
|-damage|p1a: A cupcake|222\/271|[from] Stealth Rock
|turn|69
|
|move|p1a: A cupcake|Drain Punch|p2a: Keldeo
|-damage|p2a: Keldeo|0 fnt
|-heal|p1a: A cupcake|226\/271|[from] drain|[of] p2a: Keldeo
|faint|p2a: Keldeo
|
|
|switch|p2a: Heatran|Heatran, M|161\/323
|-damage|p2a: Heatran|121\/323|[from] Stealth Rock
|turn|70
|
|move|p2a: Heatran|Overheat|p1a: A cupcake
|-damage|p1a: A cupcake|1\/271
|-unboost|p2a: Heatran|spa|2
|move|p1a: A cupcake|Drain Punch|p2a: Heatran
|-supereffective|p2a: Heatran
|-damage|p2a: Heatran|0 fnt
|-heal|p1a: A cupcake|62\/271|[from] drain|[of] p2a: Heatran
|faint|p2a: Heatran
|
|c|âFairy Peak|Gg
|c|âArchPhantom|gg
|
|switch|p2a: Diancie|Diancie-Mega|3\/241
|-damage|p2a: Diancie|0 fnt|[from] Stealth Rock
|faint|p2a: Diancie
|
|win|Fairy Peak