|join|Zuxos
|join|ArchPhantom
|player|p1|Zuxos|163
|player|p2|ArchPhantom|222
|gametype|singles
|gen|6
|tier|OU
|rated
|clearpoke
|poke|p1|Bisharp, M
|poke|p1|Clefable, M
|poke|p1|Sableye, F
|poke|p1|Chansey, F
|poke|p1|Entei, shiny
|poke|p1|Celebi
|poke|p2|Houndoom, M
|poke|p2|Slowbro, M
|poke|p2|Ferrothorn, M
|poke|p2|Landorus-Therian, M
|poke|p2|Latias, F
|poke|p2|Conkeldurr, F
|rule|Swagger Clause: Swagger is banned
|rule|Baton Pass Clause: Limit one PokÃ©mon knowing Baton Pass
|rule|Sleep Clause Mod: Limit one foe put to sleep
|rule|Species Clause: Limit one of each PokÃ©mon
|rule|OHKO Clause: OHKO moves are banned
|rule|Moody Clause: Moody is banned
|rule|Evasion Moves Clause: Evasion moves are banned
|rule|Endless Battle Clause: Forcing endless battles is banned
|rule|HP Percentage Mod: HP is shown in percentages
|teampreview
|
|start
|switch|p1a: Sableye|Sableye, F|304\/304
|switch|p2a: Slowbro|Slowbro, M|393\/393
|turn|1
|
|switch|p2a: Houndoom|Houndoom, M|299\/299
|detailschange|p1a: Sableye|Sableye-Mega, F
|-mega|p1a: Sableye|Sableye|Sablenite
|move|p1a: Sableye|Calm Mind|p1a: Sableye
|-boost|p1a: Sableye|spa|1
|-boost|p1a: Sableye|spd|1
|
|turn|2
|
|detailschange|p2a: Houndoom|Houndoom-Mega, M
|-mega|p2a: Houndoom|Houndoom|Houndoominite
|move|p2a: Houndoom|Nasty Plot|p2a: Houndoom
|-boost|p2a: Houndoom|spa|2
|move|p1a: Sableye|Calm Mind|p1a: Sableye
|-boost|p1a: Sableye|spa|1
|-boost|p1a: Sableye|spd|1
|
|turn|3
|
|move|p2a: Houndoom|Fire Blast|p1a: Sableye
|-damage|p1a: Sableye|108\/304
|move|p1a: Sableye|Calm Mind|p1a: Sableye
|-boost|p1a: Sableye|spa|1
|-boost|p1a: Sableye|spd|1
|
|turn|4
|
|switch|p1a: Clefable|Clefable, M|393\/393
|move|p2a: Houndoom|Fire Blast|p1a: Clefable|[miss]
|-miss|p2a: Houndoom|p1a: Clefable
|
|turn|5
|
|move|p2a: Houndoom|Fire Blast|p1a: Clefable
|-damage|p1a: Clefable|165\/393
|move|p1a: Clefable|Safeguard|p1a: Clefable
|-sidestart|p1: Zuxos|Safeguard
|
|-heal|p1a: Clefable|189\/393|[from] item: Leftovers
|turn|6
|
|switch|p1a: Chansey|Chansey, F|704\/704
|move|p2a: Houndoom|Nasty Plot|p2a: Houndoom
|-boost|p2a: Houndoom|spa|2
|
|turn|7
|
|move|p2a: Houndoom|Fire Blast|p1a: Chansey
|-damage|p1a: Chansey|341\/704
|move|p1a: Chansey|Seismic Toss|p2a: Houndoom
|-damage|p2a: Houndoom|199\/299
|
|turn|8
|
|move|p2a: Houndoom|Fire Blast|p1a: Chansey
|-damage|p1a: Chansey|0 fnt
|faint|p1a: Chansey
|
|
|switch|p1a: Entei|Entei, shiny|372\/372
|-ability|p1a: Entei|Pressure
|turn|9
|
|move|p1a: Entei|Extreme Speed|p2a: Houndoom
|-damage|p2a: Houndoom|69\/299
|-damage|p1a: Entei|335\/372|[from] item: Life Orb
|move|p2a: Houndoom|Dark Pulse|p1a: Entei
|-damage|p1a: Entei|0 fnt
|faint|p1a: Entei
|
|-sideend|p1: Zuxos|Safeguard
|join|The Magelord
|join|Shadow Poochyena
|leave|The Magelord
|join|avery73
|
|switch|p1a: Bisharp|Bisharp, M|334\/334
|turn|10
|leave|avery73
|
|switch|p2a: Latias|Latias, F|301\/301
|move|p1a: Bisharp|Sucker Punch|p2a: Latias
|-fail|p2a: Latias
|
|turn|11
|join|grensuspect
|
|move|p1a: Bisharp|Sucker Punch|p2a: Latias
|-fail|p2a: Latias
|move|p2a: Latias|Healing Wish|p2a: Latias
|faint|p2a: Latias
|
|leave|grensuspect
|
|switch|p2a: Houndoom|Houndoom-Mega, M|69\/299
|-heal|p2a: Houndoom|299\/299|[from] move: Healing Wish
|turn|12
|
|switch|p1a: Clefable|Clefable, M|189\/393
|move|p2a: Houndoom|Nasty Plot|p2a: Houndoom
|-boost|p2a: Houndoom|spa|2
|
|-heal|p1a: Clefable|213\/393|[from] item: Leftovers
|turn|13
|
|move|p2a: Houndoom|Fire Blast|p1a: Clefable
|-damage|p1a: Clefable|0 fnt
|faint|p1a: Clefable
|
|
|switch|p1a: Bisharp|Bisharp, M|334\/334
|turn|14
|
|move|p1a: Bisharp|Sucker Punch|p2a: Houndoom
|-resisted|p2a: Houndoom
|-damage|p2a: Houndoom|174\/299
|move|p2a: Houndoom|Fire Blast|p1a: Bisharp
|-supereffective|p1a: Bisharp
|-damage|p1a: Bisharp|0 fnt
|faint|p1a: Bisharp
|
|-message|Zuxos forfeited.
|leave|Zuxos
|
|win|ArchPhantom
|raw|Ladder updating...
|player|p1