|join|BigSpore's Alt
|join|ArchPhantom
|player|p1|BigSpore's Alt|93
|player|p2|ArchPhantom|222
|gametype|singles
|gen|6
|tier|OU
|rated
|clearpoke
|poke|p1|Lopunny, F, shiny
|poke|p1|Landorus-Therian, M
|poke|p1|Rotom-Wash
|poke|p1|Ferrothorn, M, shiny
|poke|p1|Latios, M
|poke|p1|Slowbro, M, shiny
|poke|p2|Lopunny, F
|poke|p2|Ferrothorn, M
|poke|p2|Landorus-Therian, M
|poke|p2|Slowbro, F
|poke|p2|Latias, F
|poke|p2|Heatran, F
|rule|Swagger Clause: Swagger is banned
|rule|Baton Pass Clause: Limit one PokÃ©mon knowing Baton Pass
|rule|Sleep Clause Mod: Limit one foe put to sleep
|rule|Species Clause: Limit one of each PokÃ©mon
|rule|OHKO Clause: OHKO moves are banned
|rule|Moody Clause: Moody is banned
|rule|Evasion Moves Clause: Evasion moves are banned
|rule|Endless Battle Clause: Forcing endless battles is banned
|rule|HP Percentage Mod: HP is shown in percentages
|teampreview
|
|start
|switch|p1a: Lola|Lopunny, F, shiny|271\/271
|switch|p2a: Latias|Latias, F|301\/301
|turn|1
|
|switch|p2a: Slowbro|Slowbro, F|393\/393
|detailschange|p1a: Lola|Lopunny-Mega, F, shiny
|-mega|p1a: Lola|Lopunny|Lopunnite
|move|p1a: Lola|Fake Out|p2a: Slowbro
|-damage|p2a: Slowbro|338\/393
|-damage|p1a: Lola|226\/271|[from] item: Rocky Helmet|[of] p2a: Slowbro
|
|turn|2
|
|switch|p1a: Punch me|Ferrothorn, M, shiny|352\/352
|move|p2a: Slowbro|Scald|p1a: Punch me
|-resisted|p1a: Punch me
|-damage|p1a: Punch me|316\/352
|
|turn|3
|
|move|p2a: Slowbro|Fire Blast|p1a: Punch me
|-supereffective|p1a: Punch me
|-damage|p1a: Punch me|72\/352
|move|p1a: Punch me|Stealth Rock|p2a: Slowbro
|-sidestart|p2: ArchPhantom|move: Stealth Rock
|
|turn|4
|
|switch|p1a: NoNeedEvs|Latios, M|301\/301
|move|p2a: Slowbro|Scald|p1a: NoNeedEvs
|-resisted|p1a: NoNeedEvs
|-damage|p1a: NoNeedEvs|254\/301
|
|turn|5
|join|Mr. Boy
|
|switch|p1a: YOGURT 2.0|Landorus-Therian, M|319\/319
|-ability|p1a: YOGURT 2.0|Intimidate|[of] p2a: Slowbro
|-unboost|p2a: Slowbro|atk|1
|switch|p2a: Ferrothorn|Ferrothorn, M|352\/352
|-damage|p2a: Ferrothorn|330\/352|[from] Stealth Rock
|
|-heal|p2a: Ferrothorn|352\/352|[from] item: Leftovers
|turn|6
|leave|Mr. Boy
|
|switch|p2a: Landorus-Therian|Landorus-Therian, M|381\/381
|-damage|p2a: Landorus-Therian|334\/381|[from] Stealth Rock
|-ability|p2a: Landorus-Therian|Intimidate|[of] p1a: YOGURT 2.0
|-unboost|p1a: YOGURT 2.0|atk|1
|move|p1a: YOGURT 2.0|Knock Off|p2a: Landorus-Therian
|-crit|p2a: Landorus-Therian
|-damage|p2a: Landorus-Therian|163\/381
|-enditem|p2a: Landorus-Therian|Leftovers|[from] move: Knock Off|[of] p1a: YOGURT 2.0
|
|turn|7
|
|switch|p1a: Punch me|Ferrothorn, M, shiny|72\/352
|move|p2a: Landorus-Therian|Stealth Rock|p1a: Punch me
|-sidestart|p1: BigSpore's Alt|move: Stealth Rock
|
|turn|8
|
|move|p2a: Landorus-Therian|Earthquake|p1a: Punch me
|-damage|p1a: Punch me|0 fnt
|faint|p1a: Punch me
|
|
|switch|p1a: NoNeedEvs|Latios, M|254\/301
|-damage|p1a: NoNeedEvs|217\/301|[from] Stealth Rock
|turn|9
|
|switch|p2a: Ferrothorn|Ferrothorn, M|352\/352
|-damage|p2a: Ferrothorn|330\/352|[from] Stealth Rock
|move|p1a: NoNeedEvs|Psyshock|p2a: Ferrothorn
|-resisted|p2a: Ferrothorn
|-damage|p2a: Ferrothorn|262\/352
|-damage|p1a: NoNeedEvs|187\/301|[from] item: Life Orb
|
|-heal|p2a: Ferrothorn|284\/352|[from] item: Leftovers
|turn|10
|
|move|p1a: NoNeedEvs|Hidden Power|p2a: Ferrothorn
|-crit|p2a: Ferrothorn
|-supereffective|p2a: Ferrothorn
|-damage|p2a: Ferrothorn|0 fnt
|-damage|p1a: NoNeedEvs|157\/301|[from] item: Life Orb
|faint|p2a: Ferrothorn
|
|
|switch|p2a: Heatran|Heatran, F|324\/324
|-damage|p2a: Heatran|284\/324|[from] Stealth Rock
|turn|11
|
|move|p2a: Heatran|Flash Cannon|p1a: NoNeedEvs
|-damage|p1a: NoNeedEvs|18\/301
|-unboost|p1a: NoNeedEvs|spd|1
|move|p1a: NoNeedEvs|Defog|p2a: Heatran
|-unboost|p2a: Heatran|evasion|1
|-sideend|p2: ArchPhantom|Stealth Rock|[from] move: Defog|[of] p2a: Heatran
|-sideend|p1: BigSpore's Alt|Stealth Rock|[from] move: Defog|[of] p1a: NoNeedEvs
|
|turn|12
|
|switch|p2a: Latias|Latias, F|301\/301
|switch|p1a: FUZZ WUZZ|Rotom-Wash|247\/247
|
|turn|13
|
|move|p2a: Latias|Psyshock|p1a: FUZZ WUZZ
|-damage|p1a: FUZZ WUZZ|129\/247
|-damage|p2a: Latias|271\/301|[from] item: Life Orb
|move|p1a: FUZZ WUZZ|Volt Switch|p2a: Latias
|-resisted|p2a: Latias
|-damage|p2a: Latias|238\/301
|
|switch|p1a: Lola|Lopunny-Mega, F, shiny|226\/271
|
|turn|14
|
|switch|p1a: FUZZ WUZZ|Rotom-Wash|129\/247
|switch|p2a: Slowbro|Slowbro, F|393\/393
|
|-heal|p1a: FUZZ WUZZ|144\/247|[from] item: Leftovers
|turn|15
|
|switch|p2a: Landorus-Therian|Landorus-Therian, M|163\/381
|-ability|p2a: Landorus-Therian|Intimidate|[of] p1a: FUZZ WUZZ
|-unboost|p1a: FUZZ WUZZ|atk|1
|move|p1a: FUZZ WUZZ|Pain Split|p2a: Landorus-Therian
|-sethp|p2a: Landorus-Therian|153\/381|p1a: FUZZ WUZZ|153\/247|[from] move: Pain Split
|
|-heal|p1a: FUZZ WUZZ|168\/247|[from] item: Leftovers
|turn|16
|
|move|p2a: Landorus-Therian|Stealth Rock|p1a: FUZZ WUZZ
|-sidestart|p1: BigSpore's Alt|move: Stealth Rock
|move|p1a: FUZZ WUZZ|Hydro Pump|p2a: Landorus-Therian
|-supereffective|p2a: Landorus-Therian
|-damage|p2a: Landorus-Therian|0 fnt
|faint|p2a: Landorus-Therian
|
|-heal|p1a: FUZZ WUZZ|183\/247|[from] item: Leftovers
|
|switch|p2a: Latias|Latias, F|238\/301
|turn|17
|
|switch|p1a: NoNeedEvs|Latios, M|18\/301
|-damage|p1a: NoNeedEvs|0 fnt|[from] Stealth Rock
|faint|p1a: NoNeedEvs
|move|p2a: Latias|Draco Meteor|p1: NoNeedEvs|[notarget]
|-notarget
|
|
|switch|p1a: Lola|Lopunny-Mega, F, shiny|226\/271
|-damage|p1a: Lola|210\/271|[from] Stealth Rock
|turn|18
|
|switch|p2a: Slowbro|Slowbro, F|393\/393
|move|p1a: Lola|Return|p2a: Slowbro
|-damage|p2a: Slowbro|261\/393
|-damage|p1a: Lola|165\/271|[from] item: Rocky Helmet|[of] p2a: Slowbro
|
|turn|19
|
|switch|p1a: FUZZ WUZZ|Rotom-Wash|183\/247
|-damage|p1a: FUZZ WUZZ|153\/247|[from] Stealth Rock
|switch|p2a: Latias|Latias, F|238\/301
|
|-heal|p1a: FUZZ WUZZ|168\/247|[from] item: Leftovers
|turn|20
|
|move|p2a: Latias|Draco Meteor|p1a: FUZZ WUZZ
|-damage|p1a: FUZZ WUZZ|0 fnt
|-unboost|p2a: Latias|spa|2
|-damage|p2a: Latias|208\/301|[from] item: Life Orb
|faint|p1a: FUZZ WUZZ
|
|
|switch|p1a: YOGURT 2.0|Landorus-Therian, M|319\/319
|-damage|p1a: YOGURT 2.0|280\/319|[from] Stealth Rock
|-ability|p1a: YOGURT 2.0|Intimidate|[of] p2a: Latias
|-unboost|p2a: Latias|atk|1
|turn|21
|
|switch|p2a: Slowbro|Slowbro, F|392\/393
|move|p1a: YOGURT 2.0|Knock Off|p2a: Slowbro
|-supereffective|p2a: Slowbro
|-damage|p2a: Slowbro|196\/393
|-damage|p1a: YOGURT 2.0|227\/319|[from] item: Rocky Helmet|[of] p2a: Slowbro
|-enditem|p2a: Slowbro|Rocky Helmet|[from] move: Knock Off|[of] p1a: YOGURT 2.0
|
|turn|22
|
|move|p1a: YOGURT 2.0|U-turn|p2a: Slowbro
|-supereffective|p2a: Slowbro
|-damage|p2a: Slowbro|52\/393
|
|switch|p1a: Blowsro|Slowbro, M, shiny|394\/394
|-damage|p1a: Blowsro|345\/394|[from] Stealth Rock
|move|p2a: Slowbro|Slack Off|p2a: Slowbro
|-heal|p2a: Slowbro|249\/393
|
|-heal|p1a: Blowsro|369\/394|[from] item: Leftovers
|turn|23
|
|move|p2a: Slowbro|Scald|p1a: Blowsro
|-crit|p1a: Blowsro
|-resisted|p1a: Blowsro
|-damage|p1a: Blowsro|282\/394
|move|p1a: Blowsro|Thunder Wave|p2a: Slowbro
|-status|p2a: Slowbro|par
|
|-heal|p1a: Blowsro|306\/394|[from] item: Leftovers
|turn|24
|
|switch|p1a: YOGURT 2.0|Landorus-Therian, M|227\/319
|-damage|p1a: YOGURT 2.0|188\/319|[from] Stealth Rock
|-ability|p1a: YOGURT 2.0|Intimidate|[of] p2a: Slowbro
|-unboost|p2a: Slowbro|atk|1
|move|p2a: Slowbro|Scald|p1a: YOGURT 2.0
|-supereffective|p1a: YOGURT 2.0
|-damage|p1a: YOGURT 2.0|0 fnt
|faint|p1a: YOGURT 2.0
|
|
|switch|p1a: Lola|Lopunny-Mega, F, shiny|165\/271
|-damage|p1a: Lola|149\/271|[from] Stealth Rock
|turn|25
|
|switch|p2a: Heatran|Heatran, F|284\/324
|move|p1a: Lola|Fake Out|p2a: Heatran
|-resisted|p2a: Heatran
|-damage|p2a: Heatran|247\/324
|
|turn|26
|
|move|p2a: Heatran|Lava Plume|p1a: Lola
|-damage|p1a: Lola|0 fnt
|faint|p1a: Lola
|
|
|switch|p1a: Blowsro|Slowbro, M, shiny|394\/394
|-damage|p1a: Blowsro|345\/394|[from] Stealth Rock
|turn|27
|c|âBigSpore's Alt|gg
|c|âArchPhantom|gg
|
|move|p2a: Heatran|Lava Plume|p1a: Blowsro
|-resisted|p1a: Blowsro
|-damage|p1a: Blowsro|264\/394
|move|p1a: Blowsro|Scald|p2a: Heatran
|-supereffective|p2a: Heatran
|-damage|p2a: Heatran|59\/324
|
|-heal|p1a: Blowsro|288\/394|[from] item: Leftovers
|turn|28
|
|move|p2a: Heatran|Lava Plume|p1a: Blowsro
|-resisted|p1a: Blowsro
|-damage|p1a: Blowsro|195\/394
|move|p1a: Blowsro|Scald|p2a: Heatran
|-supereffective|p2a: Heatran
|-damage|p2a: Heatran|0 fnt
|faint|p2a: Heatran
|
|-heal|p1a: Blowsro|219\/394|[from] item: Leftovers
|
|switch|p2a: Latias|Latias, F|208\/301
|turn|29
|
|move|p2a: Latias|Draco Meteor|p1a: Blowsro
|-damage|p1a: Blowsro|0 fnt
|-unboost|p2a: Latias|spa|2
|-damage|p2a: Latias|178\/301|[from] item: Life Orb
|faint|p1a: Blowsro
|
|win|ArchPhantom
|raw|Ladder updating...