|join|ArchPhantom
|join|doomed hi
|player|p1|ArchPhantom|274
|player|p2|doomed hi|202
|gametype|singles
|gen|6
|tier|OU
|clearpoke
|poke|p1|Metagross
|poke|p1|Landorus-Therian, M
|poke|p1|Heatran, M
|poke|p1|Latios, M
|poke|p1|Chesnaught, F
|poke|p1|Keldeo
|poke|p2|Glalie, M
|poke|p2|Talonflame, F
|poke|p2|Skarmory, M
|poke|p2|Keldeo-Resolute
|poke|p2|Raikou
|poke|p2|Latios, M
|rule|Swagger Clause: Swagger is banned
|rule|Baton Pass Clause: Limit one PokÃ©mon knowing Baton Pass
|rule|Sleep Clause Mod: Limit one foe put to sleep
|rule|Species Clause: Limit one of each PokÃ©mon
|rule|OHKO Clause: OHKO moves are banned
|rule|Moody Clause: Moody is banned
|rule|Evasion Moves Clause: Evasion moves are banned
|rule|Endless Battle Clause: Forcing endless battles is banned
|rule|HP Percentage Mod: HP is shown in percentages
|teampreview
|join|Reverend
|join|u5ev
|c|âArchPhantom|gl
|leave|u5ev
|c|âdoomed hi|u2
|
|start
|switch|p1a: Keldeo|Keldeo|323\/323
|switch|p2a: Skarmory|Skarmory, M|334\/334
|turn|1
|join|tele's successor
|
|switch|p2a: Latios|Latios, M|301\/301
|move|p1a: Keldeo|Scald|p2a: Latios
|-resisted|p2a: Latios
|-damage|p2a: Latios|230\/301
|
|turn|2
|join|DaFace89
|
|switch|p1a: Metagross|Metagross|301\/301
|move|p2a: Latios|Draco Meteor|p1a: Metagross
|-resisted|p1a: Metagross
|-damage|p1a: Metagross|139\/301
|-unboost|p2a: Latios|spa|2
|-damage|p2a: Latios|200\/301|[from] item: Life Orb
|
|turn|3
|c| DaFace89|ur not usin ur 1st team
|join|brrhavto
|c|âdoomed hi|nah
|
|switch|p1a: Landorus-Therian|Landorus-Therian, M|379\/379
|-ability|p1a: Landorus-Therian|Intimidate|[of] p2a: Latios
|-unboost|p2a: Latios|atk|1
|move|p2a: Latios|Earthquake|p1a: Landorus-Therian
|-immune|p1a: Landorus-Therian|[msg]
|
|turn|4
|c|âdoomed hi|damn
|
|switch|p2a: Skarmory|Skarmory, M|334\/334
|move|p1a: Landorus-Therian|U-turn|p2a: Skarmory
|-resisted|p2a: Skarmory
|-damage|p2a: Skarmory|323\/334
|
|switch|p1a: Heatran|Heatran, M|323\/323
|
|turn|5
|
|switch|p1a: Latios|Latios, M|299\/299
|switch|p2a: Keldeo-Resolute|Keldeo-Resolute|324\/324
|
|turn|6
|
|switch|p2a: Skarmory|Skarmory, M|323\/334
|move|p1a: Latios|Calm Mind|p1a: Latios
|-boost|p1a: Latios|spa|1
|-boost|p1a: Latios|spd|1
|
|turn|7
|
|move|p1a: Latios|Draco Meteor|p2a: Skarmory
|-resisted|p2a: Skarmory
|-damage|p2a: Skarmory|31\/334
|-unboost|p1a: Latios|spa|2
|-damage|p1a: Latios|270\/299|[from] item: Life Orb
|move|p2a: Skarmory|Whirlwind|p1a: Latios
|drag|p1a: Metagross|Metagross|139\/301
|
|turn|8
|
|detailschange|p1a: Metagross|Metagross-Mega
|-mega|p1a: Metagross|Metagross|Metagrossite
|move|p1a: Metagross|Meteor Mash|p2a: Skarmory
|-resisted|p2a: Skarmory
|-damage|p2a: Skarmory|0 fnt
|faint|p2a: Skarmory
|
|
|switch|p2a: Raikou|Raikou|321\/321
|-ability|p2a: Raikou|Pressure
|turn|9
|
|switch|p1a: Chesnaught|Chesnaught, F|320\/320
|move|p2a: Raikou|Shadow Ball|p1a: Chesnaught
|-immune|p1a: Chesnaught|[msg]|[from] Bulletproof
|
|turn|10
|
|switch|p1a: Heatran|Heatran, M|323\/323
|move|p2a: Raikou|Volt Switch|p1a: Heatran
|-crit|p1a: Heatran
|-damage|p1a: Heatran|160\/323
|c|âArchPhantom|Ugh
|
|switch|p2a: Keldeo-Resolute|Keldeo-Resolute|324\/324
|
|turn|11
|
|switch|p1a: Keldeo|Keldeo|323\/323
|move|p2a: Keldeo-Resolute|Scald|p1a: Keldeo
|-resisted|p1a: Keldeo
|-damage|p1a: Keldeo|215\/323
|
|-heal|p1a: Keldeo|235\/323|[from] item: Leftovers
|turn|12
|
|move|p1a: Keldeo|Calm Mind|p1a: Keldeo
|-boost|p1a: Keldeo|spa|1
|-boost|p1a: Keldeo|spd|1
|move|p2a: Keldeo-Resolute|Scald|p1a: Keldeo
|-resisted|p1a: Keldeo
|-damage|p1a: Keldeo|155\/323
|
|-heal|p1a: Keldeo|175\/323|[from] item: Leftovers
|turn|13
|
|move|p2a: Keldeo-Resolute|Scald|p1a: Keldeo
|-resisted|p1a: Keldeo
|-damage|p1a: Keldeo|93\/323
|move|p1a: Keldeo|Secret Sword|p2a: Keldeo-Resolute
|-damage|p2a: Keldeo-Resolute|59\/324
|
|-heal|p1a: Keldeo|113\/323|[from] item: Leftovers
|turn|14
|c|âdoomed hi|no burn
|c| DaFace89|what's the diff btwn the two
|
|move|p2a: Keldeo-Resolute|Scald|p1a: Keldeo
|-resisted|p1a: Keldeo
|-damage|p1a: Keldeo|35\/323
|-status|p1a: Keldeo|brn
|move|p1a: Keldeo|Scald|p2a: Keldeo-Resolute
|-resisted|p2a: Keldeo-Resolute
|-damage|p2a: Keldeo-Resolute|0 fnt
|faint|p2a: Keldeo-Resolute
|
|-heal|p1a: Keldeo|55\/323 brn|[from] item: Leftovers
|-damage|p1a: Keldeo|15\/323 brn|[from] brn
|
|switch|p2a: Raikou|Raikou|321\/321
|-ability|p2a: Raikou|Pressure
|turn|15
|
|move|p2a: Raikou|Hidden Power|p1a: Keldeo
|-resisted|p1a: Keldeo
|-damage|p1a: Keldeo|0 fnt
|faint|p1a: Keldeo
|
|
|switch|p1a: Latios|Latios, M|270\/299
|turn|16
|
|move|p2a: Raikou|Shadow Ball|p1a: Latios
|-supereffective|p1a: Latios
|-damage|p1a: Latios|104\/299
|move|p1a: Latios|Calm Mind|p1a: Latios
|-boost|p1a: Latios|spa|1
|-boost|p1a: Latios|spd|1
|
|turn|17
|c|âArchPhantom|I canceled that
|c|âArchPhantom|lol
|c|âdoomed hi|cancel button sucks
|
|move|p2a: Raikou|Shadow Ball|p1a: Latios
|-supereffective|p1a: Latios
|-damage|p1a: Latios|0 fnt
|faint|p1a: Latios
|
|leave|brrhavto
|leave|tele's successor
|c| DaFace89|yeah. and the damage calc needs update
|
|switch|p1a: Landorus-Therian|Landorus-Therian, M|379\/379
|-ability|p1a: Landorus-Therian|Intimidate|[of] p2a: Raikou
|-unboost|p2a: Raikou|atk|1
|turn|18
|c| DaFace89|doesn't have the new sets or mega
|c| DaFace89|s
|
|switch|p2a: Talonflame|Talonflame, F|319\/319
|move|p1a: Landorus-Therian|Earthquake|p2a: Talonflame
|-immune|p2a: Talonflame|[msg]
|
|turn|19
|
|switch|p2a: Glalie|Glalie, M|301\/301
|move|p1a: Landorus-Therian|Stone Edge|p2a: Glalie
|-supereffective|p2a: Glalie
|-damage|p2a: Glalie|23\/301
|
|turn|20
|c|âdoomed hi|dMN
|
|switch|p1a: Metagross|Metagross-Mega|139\/301
|detailschange|p2a: Glalie|Glalie-Mega, M
|-mega|p2a: Glalie|Glalie|Glalitite
|move|p2a: Glalie|Explosion|p1a: Metagross
|-crit|p1a: Metagross
|-resisted|p1a: Metagross
|-damage|p1a: Metagross|0 fnt
|faint|p2a: Glalie
|faint|p1a: Metagross
|
|c|âdoomed hi|Did that matter?
|c|âArchPhantom|Nah
|
|switch|p1a: Heatran|Heatran, M|160\/323
|switch|p2a: Talonflame|Talonflame, F|319\/319
|turn|21
|c|âArchPhantom|Real question is why the hell am I saving ches
|c|âdoomed hi|lol
|
|move|p1a: Heatran|Stone Edge|p2a: Talonflame
|-supereffective|p2a: Talonflame
|-damage|p2a: Talonflame|0 fnt
|faint|p2a: Talonflame
|
|c|âdoomed hi|omg
|
|switch|p2a: Latios|Latios, M|200\/301
|turn|22
|
|switch|p1a: Chesnaught|Chesnaught, F|320\/320
|move|p2a: Latios|Psyshock|p1a: Chesnaught
|-supereffective|p1a: Chesnaught
|-damage|p1a: Chesnaught|0 fnt
|-damage|p2a: Latios|170\/301|[from] item: Life Orb
|faint|p1a: Chesnaught
|
|
|switch|p1a: Landorus-Therian|Landorus-Therian, M|379\/379
|-ability|p1a: Landorus-Therian|Intimidate|[of] p2a: Latios
|-unboost|p2a: Latios|atk|1
|turn|23
|
|switch|p1a: Heatran|Heatran, M|160\/323
|move|p2a: Latios|Draco Meteor|p1a: Heatran
|-resisted|p1a: Heatran
|-damage|p1a: Heatran|24\/323
|-unboost|p2a: Latios|spa|2
|-damage|p2a: Latios|140\/301|[from] item: Life Orb
|
|turn|24
|
|switch|p1a: Landorus-Therian|Landorus-Therian, M|379\/379
|-ability|p1a: Landorus-Therian|Intimidate|[of] p2a: Latios
|-unboost|p2a: Latios|atk|1
|move|p2a: Latios|Psyshock|p1a: Landorus-Therian
|-damage|p1a: Landorus-Therian|309\/379
|-damage|p2a: Latios|110\/301|[from] item: Life Orb
|
|-heal|p1a: Landorus-Therian|332\/379|[from] item: Leftovers
|turn|25
|c|âArchPhantom|Crap I think I lost
|c| DaFace89|i'm amazed
|c|âdoomed hi|idk
|c|âArchPhantom|why didn't you switch lol
|c|âdoomed hi|i need damage
|c|âdoomed hi|on lando
|c| DaFace89|!rank Archphantom
|c|âdoomed hi|thats why
|c|âArchPhantom|Full hp lando won vs raikou
|c|âdoomed hi|i need hp ice to kill
|c|âArchPhantom|Ah nb tho
|c|âdoomed hi|but i need some damage
|c|âArchPhantom|gg
|c|âdoomed hi|and btw im zenza
|
|move|p2a: Latios|Draco Meteor|p1a: Landorus-Therian
|-damage|p1a: Landorus-Therian|149\/379
|-unboost|p2a: Latios|spa|2
|-damage|p2a: Latios|80\/301|[from] item: Life Orb
|move|p1a: Landorus-Therian|U-turn|p2a: Latios
|-supereffective|p2a: Latios
|-damage|p2a: Latios|0 fnt
|faint|p2a: Latios
|c|âArchPhantom|Aye on an alt I see
|c|âdoomed hi|ranked 38
|
|switch|p1a: Heatran|Heatran, M|24\/323
|
|c|âArchPhantom|Nice
|c|âdoomed hi|lol
|c| DaFace89|nice
|c|âdoomed hi|your not so far
|c|âdoomed hi|from me
|
|switch|p2a: Raikou|Raikou|321\/321
|-ability|p2a: Raikou|Pressure
|turn|26
|c|âdoomed hi|this is like the first ever account i made
|c|âdoomed hi|in showdown
|c|âdoomed hi|lol
|c|âArchPhantom|My thought process was you would go into av? Raikou to tank flash cannon and win with kati
|c| DaFace89|yeah i have a secondary
|c|âArchPhantom|lati*
|c|âArchPhantom|:]
|
|move|p1a: Heatran|Overheat|p2a: Raikou
|-damage|p2a: Raikou|179\/321
|-unboost|p1a: Heatran|spa|2
|move|p2a: Raikou|Shadow Ball|p1a: Heatran
|-damage|p1a: Heatran|0 fnt
|faint|p1a: Heatran
|
|c|âArchPhantom|gg
|
|switch|p1a: Landorus-Therian|Landorus-Therian, M|149\/379
|-ability|p1a: Landorus-Therian|Intimidate|[of] p2a: Raikou
|-unboost|p2a: Raikou|atk|1
|turn|27
|c|âdoomed hi|gg
|
|move|p2a: Raikou|Hidden Power|p1a: Landorus-Therian
|-supereffective|p1a: Landorus-Therian
|-damage|p1a: Landorus-Therian|0 fnt
|faint|p1a: Landorus-Therian
|
|win|doomed hi
|leave|ArchPhantom
|c| DaFace89|gg
|player|p1
|leave|doomed hi
|leave|DaFace89
|player|p2