|join|WECAMEASROMANS
|join|ArchPhantom
|player|p1|WECAMEASROMANS|265
|player|p2|ArchPhantom|222
|gametype|singles
|gen|6
|tier|OU
|rated
|clearpoke
|poke|p1|Thundurus, M
|poke|p1|Bisharp, M
|poke|p1|Crawdaunt, M
|poke|p1|Heatran, F
|poke|p1|Venusaur, F
|poke|p1|Tornadus-Therian, M
|poke|p2|Lopunny, F
|poke|p2|Ferrothorn, F
|poke|p2|Landorus-Therian, M
|poke|p2|Slowbro, M
|poke|p2|Latias, F
|poke|p2|Heatran, F
|rule|Swagger Clause: Swagger is banned
|rule|Baton Pass Clause: Limit one PokÃ©mon knowing Baton Pass
|rule|Sleep Clause Mod: Limit one foe put to sleep
|rule|Species Clause: Limit one of each PokÃ©mon
|rule|OHKO Clause: OHKO moves are banned
|rule|Moody Clause: Moody is banned
|rule|Evasion Moves Clause: Evasion moves are banned
|rule|Endless Battle Clause: Forcing endless battles is banned
|rule|HP Percentage Mod: HP is shown in percentages
|teampreview
|join|Padapos the retard
|
|start
|switch|p1a: Tornadus-Therian|Tornadus-Therian, M|299\/299
|switch|p2a: Heatran|Heatran, F|324\/324
|turn|1
|
|move|p2a: Heatran|Overheat|p1a: Tornadus-Therian
|-damage|p1a: Tornadus-Therian|31\/299
|-unboost|p2a: Heatran|spa|2
|move|p1a: Tornadus-Therian|Knock Off|p2a: Heatran
|-crit|p2a: Heatran
|-damage|p2a: Heatran|173\/324
|-enditem|p2a: Heatran|Choice Scarf|[from] move: Knock Off|[of] p1a: Tornadus-Therian
|-damage|p1a: Tornadus-Therian|2\/299|[from] item: Life Orb
|
|turn|2
|c| Padapos the retard|double knock off?
|
|switch|p1a: Heatran|Heatran, F|328\/328
|switch|p2a: Slowbro|Slowbro, M|393\/393
|
|turn|3
|
|move|p1a: Heatran|Stealth Rock|p2a: Slowbro
|-sidestart|p2: ArchPhantom|move: Stealth Rock
|move|p2a: Slowbro|Thunder Wave|p1a: Heatran
|-status|p1a: Heatran|par
|
|turn|4
|
|switch|p2a: Landorus-Therian|Landorus-Therian, M|381\/381
|-damage|p2a: Landorus-Therian|334\/381|[from] Stealth Rock
|-ability|p2a: Landorus-Therian|Intimidate|[of] p1a: Heatran
|-unboost|p1a: Heatran|atk|1
|switch|p1a: Thundurus|Thundurus, M|299\/299
|
|-heal|p2a: Landorus-Therian|357\/381|[from] item: Leftovers
|turn|5
|
|switch|p1a: Heatran|Heatran, F|328\/328 par
|switch|p2a: Ferrothorn|Ferrothorn, F|352\/352
|-damage|p2a: Ferrothorn|330\/352|[from] Stealth Rock
|
|-heal|p2a: Ferrothorn|352\/352|[from] item: Leftovers
|turn|6
|
|switch|p1a: Bisharp|Bisharp, M|271\/271
|switch|p2a: Landorus-Therian|Landorus-Therian, M|357\/381
|-damage|p2a: Landorus-Therian|310\/381|[from] Stealth Rock
|-ability|p2a: Landorus-Therian|Intimidate|[of] p1a: Bisharp
|-unboost|p1a: Bisharp|atk|1
|-boost|p1a: Bisharp|atk|2|[from] ability: Defiant
|
|-heal|p2a: Landorus-Therian|333\/381|[from] item: Leftovers
|turn|7
|
|move|p2a: Landorus-Therian|Stealth Rock|p1a: Bisharp
|-sidestart|p1: WECAMEASROMANS|move: Stealth Rock
|move|p1a: Bisharp|Knock Off|p2a: Landorus-Therian
|-damage|p2a: Landorus-Therian|16\/381
|-enditem|p2a: Landorus-Therian|Leftovers|[from] move: Knock Off|[of] p1a: Bisharp
|-damage|p1a: Bisharp|244\/271|[from] item: Life Orb
|
|turn|8
|
|move|p1a: Bisharp|Sucker Punch|p2a: Landorus-Therian
|-fail|p2a: Landorus-Therian
|move|p2a: Landorus-Therian|Stealth Rock|p1a: Bisharp
|-fail|p1a: Bisharp
|
|turn|9
|
|move|p1a: Bisharp|Sucker Punch|p2a: Landorus-Therian
|-fail|p2a: Landorus-Therian
|move|p2a: Landorus-Therian|Stealth Rock|p1a: Bisharp
|-fail|p1a: Bisharp
|
|turn|10
|
|move|p1a: Bisharp|Sucker Punch|p2a: Landorus-Therian
|-fail|p2a: Landorus-Therian
|move|p2a: Landorus-Therian|Stealth Rock|p1a: Bisharp
|-fail|p1a: Bisharp
|
|turn|11
|
|switch|p2a: Lopunny|Lopunny, F|271\/271
|-damage|p2a: Lopunny|238\/271|[from] Stealth Rock
|move|p1a: Bisharp|Sucker Punch|p2a: Lopunny
|-fail|p2a: Lopunny
|
|turn|12
|
|switch|p1a: Venusaur|Venusaur, F|360\/360
|-damage|p1a: Venusaur|315\/360|[from] Stealth Rock
|detailschange|p2a: Lopunny|Lopunny-Mega, F
|-mega|p2a: Lopunny|Lopunny|Lopunnite
|move|p2a: Lopunny|Power-Up Punch|p1a: Venusaur
|-resisted|p1a: Venusaur
|-damage|p1a: Venusaur|271\/360
|-boost|p2a: Lopunny|atk|1
|
|turn|13
|
|detailschange|p1a: Venusaur|Venusaur-Mega, F
|-mega|p1a: Venusaur|Venusaur|Venusaurite
|move|p2a: Lopunny|Frustration|p1a: Venusaur
|-damage|p1a: Venusaur|16\/360
|move|p1a: Venusaur|Giga Drain|p2a: Lopunny
|-damage|p2a: Lopunny|97\/271
|-heal|p1a: Venusaur|87\/360|[from] drain|[of] p2a: Lopunny
|
|turn|14
|
|switch|p1a: Tornadus-Therian|Tornadus-Therian, M|101\/299
|-damage|p1a: Tornadus-Therian|27\/299|[from] Stealth Rock
|move|p2a: Lopunny|Frustration|p1a: Tornadus-Therian
|-damage|p1a: Tornadus-Therian|0 fnt
|faint|p1a: Tornadus-Therian
|
|
|switch|p1a: Crawdaunt|Crawdaunt, M|267\/267
|-damage|p1a: Crawdaunt|234\/267|[from] Stealth Rock
|turn|15
|
|switch|p2a: Ferrothorn|Ferrothorn, F|352\/352
|-damage|p2a: Ferrothorn|330\/352|[from] Stealth Rock
|move|p1a: Crawdaunt|Aqua Jet|p2a: Ferrothorn
|-resisted|p2a: Ferrothorn
|-damage|p2a: Ferrothorn|288\/352
|-damage|p1a: Crawdaunt|201\/267|[from] ability: Iron Barbs|[of] p2a: Ferrothorn
|-damage|p1a: Crawdaunt|175\/267|[from] item: Life Orb
|
|-heal|p2a: Ferrothorn|310\/352|[from] item: Leftovers
|turn|16
|
|switch|p1a: Bisharp|Bisharp, M|244\/271
|-damage|p1a: Bisharp|228\/271|[from] Stealth Rock
|move|p2a: Ferrothorn|Spikes|p1a: Bisharp
|-sidestart|p1: WECAMEASROMANS|Spikes
|
|-heal|p2a: Ferrothorn|332\/352|[from] item: Leftovers
|turn|17
|
|switch|p2a: Landorus-Therian|Landorus-Therian, M|16\/381
|-damage|p2a: Landorus-Therian|0 fnt|[from] Stealth Rock
|faint|p2a: Landorus-Therian
|move|p1a: Bisharp|Swords Dance|p1a: Bisharp
|-boost|p1a: Bisharp|atk|2
|
|
|switch|p2a: Lopunny|Lopunny-Mega, F|97\/271
|-damage|p2a: Lopunny|81\/271|[from] Stealth Rock
|turn|18
|
|move|p1a: Bisharp|Sucker Punch|p2a: Lopunny
|-fail|p2a: Lopunny
|move|p2a: Lopunny|Encore|p1a: Bisharp
|-start|p1a: Bisharp|Encore
|
|turn|19
|
|switch|p1a: Thundurus|Thundurus, M|299\/299
|-damage|p1a: Thundurus|225\/299|[from] Stealth Rock
|move|p2a: Lopunny|Encore|p1a: Thundurus
|-fail|p1a: Thundurus
|
|-heal|p1a: Thundurus|243\/299|[from] item: Leftovers
|turn|20
|
|switch|p2a: Ferrothorn|Ferrothorn, F|332\/352
|-damage|p2a: Ferrothorn|310\/352|[from] Stealth Rock
|move|p1a: Thundurus|Thunderbolt|p2a: Ferrothorn
|-resisted|p2a: Ferrothorn
|-damage|p2a: Ferrothorn|247\/352
|
|-heal|p1a: Thundurus|261\/299|[from] item: Leftovers
|-heal|p2a: Ferrothorn|269\/352|[from] item: Leftovers
|turn|21
|
|move|p1a: Thundurus|Nasty Plot|p1a: Thundurus
|-boost|p1a: Thundurus|spa|2
|move|p2a: Ferrothorn|Gyro Ball|p1a: Thundurus
|-resisted|p1a: Thundurus
|-damage|p1a: Thundurus|150\/299
|
|-heal|p1a: Thundurus|168\/299|[from] item: Leftovers
|-heal|p2a: Ferrothorn|291\/352|[from] item: Leftovers
|turn|22
|
|switch|p2a: Slowbro|Slowbro, M|393\/393
|-damage|p2a: Slowbro|344\/393|[from] Stealth Rock
|move|p1a: Thundurus|Thunderbolt|p2a: Slowbro
|-supereffective|p2a: Slowbro
|-damage|p2a: Slowbro|0 fnt
|faint|p2a: Slowbro
|
|-heal|p1a: Thundurus|186\/299|[from] item: Leftovers
|
|switch|p2a: Heatran|Heatran, F|173\/324
|-damage|p2a: Heatran|133\/324|[from] Stealth Rock
|turn|23
|
|move|p1a: Thundurus|Thunderbolt|p2a: Heatran
|-damage|p2a: Heatran|0 fnt
|faint|p2a: Heatran
|
|-heal|p1a: Thundurus|204\/299|[from] item: Leftovers
|
|switch|p2a: Lopunny|Lopunny-Mega, F|81\/271
|-damage|p2a: Lopunny|65\/271|[from] Stealth Rock
|turn|24
|
|move|p1a: Thundurus|Thunder Wave|p2a: Lopunny
|-status|p2a: Lopunny|par
|move|p2a: Lopunny|Frustration|p1a: Thundurus
|-damage|p1a: Thundurus|0 fnt
|faint|p1a: Thundurus
|
|
|switch|p1a: Crawdaunt|Crawdaunt, M|175\/267
|-damage|p1a: Crawdaunt|142\/267|[from] Stealth Rock
|-damage|p1a: Crawdaunt|109\/267|[from] Spikes
|turn|25
|
|switch|p2a: Ferrothorn|Ferrothorn, F|291\/352
|-damage|p2a: Ferrothorn|269\/352|[from] Stealth Rock
|move|p1a: Crawdaunt|Aqua Jet|p2a: Ferrothorn
|-resisted|p2a: Ferrothorn
|-damage|p2a: Ferrothorn|229\/352
|-damage|p1a: Crawdaunt|76\/267|[from] ability: Iron Barbs|[of] p2a: Ferrothorn
|-damage|p1a: Crawdaunt|50\/267|[from] item: Life Orb
|
|-heal|p2a: Ferrothorn|251\/352|[from] item: Leftovers
|turn|26
|
|move|p1a: Crawdaunt|Knock Off|p2a: Ferrothorn
|-damage|p2a: Ferrothorn|64\/352
|-damage|p1a: Crawdaunt|17\/267|[from] ability: Iron Barbs|[of] p2a: Ferrothorn
|-enditem|p2a: Ferrothorn|Leftovers|[from] move: Knock Off|[of] p1a: Crawdaunt
|-damage|p1a: Crawdaunt|0 fnt|[from] item: Life Orb
|faint|p1a: Crawdaunt
|move|p2a: Ferrothorn|Spikes|p1: Crawdaunt
|-sidestart|p1: WECAMEASROMANS|Spikes
|
|
|switch|p1a: Bisharp|Bisharp, M|228\/271
|-damage|p1a: Bisharp|212\/271|[from] Stealth Rock
|-damage|p1a: Bisharp|167\/271|[from] Spikes
|turn|27
|
|move|p1a: Bisharp|Swords Dance|p1a: Bisharp
|-boost|p1a: Bisharp|atk|2
|move|p2a: Ferrothorn|Spikes|p1a: Bisharp
|-sidestart|p1: WECAMEASROMANS|Spikes
|
|turn|28
|
|move|p1a: Bisharp|Knock Off|p2a: Ferrothorn
|-damage|p2a: Ferrothorn|0 fnt
|-damage|p1a: Bisharp|134\/271|[from] ability: Iron Barbs|[of] p2a: Ferrothorn
|-damage|p1a: Bisharp|107\/271|[from] item: Life Orb
|faint|p2a: Ferrothorn
|
|
|switch|p2a: Latias|Latias, F|301\/301
|-damage|p2a: Latias|264\/301|[from] Stealth Rock
|turn|29
|
|move|p2a: Latias|Healing Wish|p2a: Latias
|faint|p2a: Latias
|move|p1a: Bisharp|Swords Dance|p1a: Bisharp
|-boost|p1a: Bisharp|atk|2
|
|
|switch|p2a: Lopunny|Lopunny-Mega, F|65\/271 par
|-heal|p2a: Lopunny|271\/271|[from] move: Healing Wish
|-damage|p2a: Lopunny|255\/271|[from] Stealth Rock
|turn|30
|join|TMasterPu
|
|move|p2a: Lopunny|Encore|p1a: Bisharp
|-start|p1a: Bisharp|Encore
|move|p1a: Bisharp|Swords Dance|p1a: Bisharp
|-boost|p1a: Bisharp|atk|2
|
|turn|31
|
|switch|p1a: Heatran|Heatran, F|328\/328 par
|-damage|p1a: Heatran|246\/328 par|[from] Spikes
|-damage|p1a: Heatran|205\/328 par|[from] Stealth Rock
|move|p2a: Lopunny|Power-Up Punch|p1a: Heatran
|-supereffective|p1a: Heatran
|-damage|p1a: Heatran|71\/328 par
|-boost|p2a: Lopunny|atk|1
|
|-heal|p1a: Heatran|91\/328 par|[from] item: Leftovers
|turn|32
|c|âArchPhantom|:]
|
|move|p2a: Lopunny|Power-Up Punch|p1a: Heatran
|-supereffective|p1a: Heatran
|-damage|p1a: Heatran|0 fnt
|-boost|p2a: Lopunny|atk|1
|faint|p1a: Heatran
|
|
|switch|p1a: Bisharp|Bisharp, M|107\/271
|-damage|p1a: Bisharp|40\/271|[from] Spikes
|-damage|p1a: Bisharp|24\/271|[from] Stealth Rock
|turn|33
|
|move|p1a: Bisharp|Sucker Punch|p2a: Lopunny
|-resisted|p2a: Lopunny
|-damage|p2a: Lopunny|155\/271
|-damage|p1a: Bisharp|0 fnt|[from] item: Life Orb
|faint|p1a: Bisharp
|move|p2a: Lopunny|Power-Up Punch|p1: Bisharp|[notarget]
|-notarget
|
|
|switch|p1a: Venusaur|Venusaur-Mega, F|87\/360
|-damage|p1a: Venusaur|42\/360|[from] Stealth Rock
|-damage|p1a: Venusaur|0 fnt|[from] Spikes
|faint|p1a: Venusaur
|
|win|ArchPhantom
|raw|Ladder updating...
|c|âArchPhantom|gg
|leave|WECAMEASROMANS
|raw|WECAMEASROMANS's rating: 1608 &rarr; <strong>1590<\/strong><br \/>(-18 for losing)
|raw|ArchPhantom's rating: 1647 &rarr; <strong>1665<\/strong><br \/>(+18 for winning)
|player|p1