|join|ArchPhantom
|join|boltsandbombers
|c|âArchPhantom|glhf
|c|âboltsandbombers|u2
|c|âboltsandbombers|lagggg
|player|p1|ArchPhantom|222
|player|p2|boltsandbombers|257
|gametype|singles
|gen|6
|tier|OU
|clearpoke
|poke|p1|Ditto
|poke|p1|Shedinja
|poke|p1|Octillery, M
|poke|p1|Wailord, M
|poke|p1|Huntail, M
|poke|p1|Crustle, F
|poke|p2|Terrakion
|poke|p2|Diggersby, F
|poke|p2|Rotom-Wash
|poke|p2|Hariyama, M
|poke|p2|Carnivine, F
|poke|p2|Pachirisu, M
|rule|Swagger Clause: Swagger is banned
|rule|Baton Pass Clause: Limit one PokÃ©mon knowing Baton Pass
|rule|Sleep Clause Mod: Limit one foe put to sleep
|rule|Species Clause: Limit one of each PokÃ©mon
|rule|OHKO Clause: OHKO moves are banned
|rule|Moody Clause: Moody is banned
|rule|Evasion Moves Clause: Evasion moves are banned
|rule|Endless Battle Clause: Forcing endless battles is banned
|rule|HP Percentage Mod: HP is shown in percentages
|teampreview
|c|âArchPhantom|Ugh ikr
|
|start
|switch|p1a: Crustle|Crustle, F|341\/341
|switch|p2a: Terrakion|Terrakion|323\/323
|turn|1
|
|move|p2a: Terrakion|Taunt|p1a: Crustle
|-start|p1a: Crustle|move: Taunt
|cant|p1a: Crustle|move: Taunt|Stealth Rock
|
|turn|2
|
|move|p2a: Terrakion|Stealth Rock|p1a: Crustle
|-sidestart|p1: ArchPhantom|move: Stealth Rock
|move|p1a: Crustle|Earthquake|p2a: Terrakion
|-supereffective|p2a: Terrakion
|-damage|p2a: Terrakion|159\/323
|
|turn|3
|
|switch|p1a: Ditto|Ditto|299\/299
|-damage|p1a: Ditto|262\/299|[from] Stealth Rock
|-transform|p1a: Ditto|p2a: Terrakion
|move|p2a: Terrakion|Stone Edge|p1a: Ditto
|-resisted|p1a: Ditto
|-damage|p1a: Ditto|172\/299
|
|turn|4
|
|switch|p2a: Rotom-Wash|Rotom-Wash|303\/303
|move|p1a: Ditto|Close Combat|p2a: Rotom-Wash
|-damage|p2a: Rotom-Wash|164\/303
|-unboost|p1a: Ditto|def|1
|-unboost|p1a: Ditto|spd|1
|
|-heal|p2a: Rotom-Wash|182\/303|[from] item: Leftovers
|turn|5
|
|switch|p1a: Shedinja|Shedinja|1\/1
|-damage|p1a: Shedinja|0 fnt|[from] Stealth Rock
|faint|p1a: Shedinja
|move|p2a: Rotom-Wash|Volt Switch|p1: Shedinja|[notarget]
|-notarget
|
|-heal|p2a: Rotom-Wash|200\/303|[from] item: Leftovers
|c|âboltsandbombers|rip
|c|âArchPhantom|lol
|
|switch|p1a: Crustle|Crustle, F|341\/341
|-damage|p1a: Crustle|256\/341|[from] Stealth Rock
|turn|6
|
|move|p2a: Rotom-Wash|Hydro Pump|p1a: Crustle|[miss]
|-miss|p2a: Rotom-Wash|p1a: Crustle
|move|p1a: Crustle|Stealth Rock|p2a: Rotom-Wash
|-sidestart|p2: boltsandbombers|move: Stealth Rock
|
|-heal|p2a: Rotom-Wash|218\/303|[from] item: Leftovers
|turn|7
|c|âboltsandbombers|\/me shrugs
|
|move|p2a: Rotom-Wash|Hydro Pump|p1a: Crustle
|-supereffective|p1a: Crustle
|-damage|p1a: Crustle|10\/341
|-enditem|p1a: Crustle|Red Card|[of] p2a: Rotom-Wash
|drag|p2a: Terrakion|Terrakion|159\/323
|-damage|p2a: Terrakion|139\/323|[from] Stealth Rock
|move|p1a: Crustle|Spikes|p2a: Terrakion
|-sidestart|p2: boltsandbombers|Spikes
|
|turn|8
|join|Sir Kay
|
|move|p2a: Terrakion|Close Combat|p1a: Crustle
|-damage|p1a: Crustle|0 fnt
|-unboost|p2a: Terrakion|def|1
|-unboost|p2a: Terrakion|spd|1
|faint|p1a: Crustle
|
|c| Sir Kay|hey bolts
|c| Sir Kay|I have a question
|c|âboltsandbombers|this is a random mons tournament
|
|switch|p1a: Ditto|Ditto|172\/299
|-damage|p1a: Ditto|135\/299|[from] Stealth Rock
|-transform|p1a: Ditto|p2a: Terrakion
|turn|9
|c| Sir Kay|oh ;p
|c| Sir Kay|that explains a bit
|c|âboltsandbombers|yeah lol
|
|move|p1a: Ditto|Close Combat|p2a: Terrakion
|-supereffective|p2a: Terrakion
|-damage|p2a: Terrakion|0 fnt
|-unboost|p1a: Ditto|def|1
|-unboost|p1a: Ditto|spd|1
|faint|p2a: Terrakion
|
|
|switch|p2a: Hariyama|Hariyama, M|429\/429
|-damage|p2a: Hariyama|403\/429|[from] Stealth Rock
|-damage|p2a: Hariyama|350\/429|[from] Spikes
|turn|10
|
|switch|p1a: Octillery|Octillery, M|291\/291
|-damage|p1a: Octillery|255\/291|[from] Stealth Rock
|move|p2a: Hariyama|Bullet Punch|p1a: Octillery
|-resisted|p1a: Octillery
|-damage|p1a: Octillery|226\/291
|
|turn|11
|
|move|p1a: Octillery|Surf|p2a: Hariyama
|-crit|p2a: Hariyama
|-damage|p2a: Hariyama|211\/429
|move|p2a: Hariyama|Close Combat|p1a: Octillery
|-damage|p1a: Octillery|0 fnt
|-unboost|p2a: Hariyama|def|1
|-unboost|p2a: Hariyama|spd|1
|faint|p1a: Octillery
|
|c|âboltsandbombers|what item on squid?
|c|âArchPhantom|Scarf
|c|âboltsandbombers|ah
|
|switch|p1a: Huntail|Huntail, M|313\/313
|-damage|p1a: Huntail|274\/313|[from] Stealth Rock
|turn|12
|
|move|p1a: Huntail|Shell Smash|p1a: Huntail
|-boost|p1a: Huntail|atk|2
|-boost|p1a: Huntail|spa|2
|-boost|p1a: Huntail|spe|2
|-unboost|p1a: Huntail|def|1
|-unboost|p1a: Huntail|spd|1
|-enditem|p1a: Huntail|White Herb
|-restoreboost|p1a: Huntail|[silent]
|move|p2a: Hariyama|Close Combat|p1a: Huntail
|-damage|p1a: Huntail|63\/313
|-unboost|p2a: Hariyama|def|1
|-unboost|p2a: Hariyama|spd|1
|
|turn|13
|
|move|p1a: Huntail|Waterfall|p2a: Hariyama
|-damage|p2a: Hariyama|0 fnt
|faint|p2a: Hariyama
|
|
|switch|p2a: Diggersby|Diggersby, F|311\/311
|-damage|p2a: Diggersby|273\/311|[from] Spikes
|-damage|p2a: Diggersby|254\/311|[from] Stealth Rock
|turn|14
|
|move|p2a: Diggersby|Quick Attack|p1a: Huntail
|-damage|p1a: Huntail|0 fnt
|-damage|p2a: Diggersby|223\/311|[from] item: Life Orb
|faint|p1a: Huntail
|
|
|switch|p1a: Wailord|Wailord, M|481\/481
|-damage|p1a: Wailord|421\/481|[from] Stealth Rock
|turn|15
|
|move|p2a: Diggersby|Return|p1a: Wailord
|-damage|p1a: Wailord|0 fnt
|-damage|p2a: Diggersby|192\/311|[from] item: Life Orb
|faint|p1a: Wailord
|
|
|switch|p1a: Ditto|Ditto|135\/299
|-damage|p1a: Ditto|98\/299|[from] Stealth Rock
|-transform|p1a: Ditto|p2a: Diggersby
|turn|16
|
|move|p2a: Diggersby|Quick Attack|p1a: Ditto
|-damage|p1a: Ditto|0 fnt
|-damage|p2a: Diggersby|161\/311|[from] item: Life Orb
|faint|p1a: Ditto
|
|win|boltsandbombers
|c|âboltsandbombers|gg
|c|âArchPhantom|gg, lol
|c|âArchPhantom|gl in future rounds
|c|âboltsandbombers|thx
|leave|ArchPhantom
|player|p1