|join|ArchPhantom
|join|birdetta
|player|p1|ArchPhantom|222
|player|p2|birdetta|285
|gametype|singles
|gen|6
|tier|OU
|clearpoke
|poke|p1|Azumarill, M
|poke|p1|Landorus-Therian, M
|poke|p1|Latias, F
|poke|p1|Chesnaught, F
|poke|p1|Heatran, F
|poke|p1|Metagross
|poke|p2|Diancie
|poke|p2|Magnezone
|poke|p2|Hippowdon, F
|poke|p2|Azumarill, F
|poke|p2|Talonflame, F
|poke|p2|Latias, F
|rule|Swagger Clause: Swagger is banned
|rule|Baton Pass Clause: Limit one PokÃ©mon knowing Baton Pass
|rule|Sleep Clause Mod: Limit one foe put to sleep
|rule|Species Clause: Limit one of each PokÃ©mon
|rule|OHKO Clause: OHKO moves are banned
|rule|Moody Clause: Moody is banned
|rule|Evasion Moves Clause: Evasion moves are banned
|rule|Endless Battle Clause: Forcing endless battles is banned
|rule|HP Percentage Mod: HP is shown in percentages
|teampreview
|c|âArchPhantom|Ok, good luck
|c|âbirdetta|u2
|
|start
|switch|p1a: Landorus-Therian|Landorus-Therian, M|379\/379
|switch|p2a: Azumarill|Azumarill, F|401\/401
|-ability|p1a: Landorus-Therian|Intimidate|[of] p2a: Azumarill
|-unboost|p2a: Azumarill|atk|1
|turn|1
|join|softcomm
|c| softcomm|go birdetta......!
|
|move|p1a: Landorus-Therian|Earthquake|p2a: Azumarill
|-damage|p2a: Azumarill|223\/401
|move|p2a: Azumarill|Knock Off|p1a: Landorus-Therian
|-damage|p1a: Landorus-Therian|312\/379
|-enditem|p1a: Landorus-Therian|Leftovers|[from] move: Knock Off|[of] p2a: Azumarill
|
|turn|2
|
|switch|p2a: Talonflame|Talonflame, F|359\/359
|move|p1a: Landorus-Therian|Stealth Rock|p2a: Talonflame
|-sidestart|p2: birdetta|move: Stealth Rock
|
|turn|3
|
|switch|p1a: Heatran|Heatran, F|323\/323
|move|p2a: Talonflame|Will-O-Wisp|p1a: Heatran
|-start|p1a: Heatran|ability: Flash Fire
|
|turn|4
|
|move|p1a: Heatran|Stone Edge|p2a: Talonflame
|-supereffective|p2a: Talonflame
|-damage|p2a: Talonflame|19\/359
|move|p2a: Talonflame|Taunt|p1a: Heatran
|-start|p1a: Heatran|move: Taunt
|
|-heal|p2a: Talonflame|41\/359|[from] item: Leftovers
|turn|5
|
|switch|p2a: Hippowdon|Hippowdon, F|420\/420
|-damage|p2a: Hippowdon|394\/420|[from] Stealth Rock
|-weather|Sandstorm
|move|p1a: Heatran|Stone Edge|p2a: Hippowdon
|-resisted|p2a: Hippowdon
|-damage|p2a: Hippowdon|371\/420
|
|-weather|Sandstorm|[upkeep]
|-heal|p2a: Hippowdon|397\/420|[from] item: Leftovers
|turn|6
|
|switch|p1a: Chesnaught|Chesnaught, F|380\/380
|move|p2a: Hippowdon|Stealth Rock|p1a: Chesnaught
|-sidestart|p1: ArchPhantom|move: Stealth Rock
|
|-weather|Sandstorm|[upkeep]
|-damage|p1a: Chesnaught|357\/380|[from] sandstorm
|-heal|p1a: Chesnaught|380\/380|[from] item: Leftovers
|-heal|p2a: Hippowdon|420\/420|[from] item: Leftovers
|turn|7
|
|switch|p2a: Latias|Latias, F|319\/319
|-damage|p2a: Latias|280\/319|[from] Stealth Rock
|move|p1a: Chesnaught|Roar|p2a: Latias
|drag|p2a: Diancie|Diancie|241\/241
|-damage|p2a: Diancie|211\/241|[from] Stealth Rock
|
|-weather|Sandstorm|[upkeep]
|-damage|p1a: Chesnaught|357\/380|[from] sandstorm
|-heal|p1a: Chesnaught|380\/380|[from] item: Leftovers
|turn|8
|
|detailschange|p2a: Diancie|Diancie-Mega
|-mega|p2a: Diancie|Diancie|Diancite
|move|p2a: Diancie|Earth Power|p1a: Chesnaught
|-resisted|p1a: Chesnaught
|-damage|p1a: Chesnaught|300\/380
|move|p1a: Chesnaught|Drain Punch|p2a: Diancie
|-damage|p2a: Diancie|123\/241
|-heal|p1a: Chesnaught|344\/380|[from] drain|[of] p2a: Diancie
|
|-weather|Sandstorm|[upkeep]
|-damage|p1a: Chesnaught|321\/380|[from] sandstorm
|-heal|p1a: Chesnaught|344\/380|[from] item: Leftovers
|turn|9
|
|switch|p1a: Metagross|Metagross|301\/301
|-damage|p1a: Metagross|283\/301|[from] Stealth Rock
|move|p2a: Diancie|Moonblast|p1a: Metagross
|-resisted|p1a: Metagross
|-damage|p1a: Metagross|157\/301
|
|-weather|none
|turn|10
|c|âbirdetta|christ
|
|switch|p2a: Magnezone|Magnezone|281\/281
|-damage|p2a: Magnezone|264\/281|[from] Stealth Rock
|detailschange|p1a: Metagross|Metagross-Mega
|-mega|p1a: Metagross|Metagross|Metagrossite
|move|p1a: Metagross|Bullet Punch|p2a: Magnezone
|-resisted|p2a: Magnezone
|-damage|p2a: Magnezone|243\/281
|
|turn|11
|
|move|p1a: Metagross|Meteor Mash|p2a: Magnezone
|-resisted|p2a: Magnezone
|-damage|p2a: Magnezone|191\/281
|move|p2a: Magnezone|Volt Switch|p1a: Metagross
|-damage|p1a: Metagross|48\/301
|
|switch|p2a: Azumarill|Azumarill, F|223\/401
|-damage|p2a: Azumarill|173\/401|[from] Stealth Rock
|
|turn|12
|c|âbirdetta|literally already forgot u had bp
|c|âArchPhantom|It won't kill azu at that range
|
|switch|p1a: Chesnaught|Chesnaught, F|344\/380
|-damage|p1a: Chesnaught|321\/380|[from] Stealth Rock
|move|p2a: Azumarill|Aqua Jet|p1a: Chesnaught
|-resisted|p1a: Chesnaught
|-damage|p1a: Chesnaught|294\/380
|
|-heal|p1a: Chesnaught|317\/380|[from] item: Leftovers
|turn|13
|c|âbirdetta|yeah i know
|
|switch|p2a: Latias|Latias, F|280\/319
|-damage|p2a: Latias|241\/319|[from] Stealth Rock
|move|p1a: Chesnaught|Roar|p2a: Latias
|drag|p2a: Hippowdon|Hippowdon, F|420\/420
|-damage|p2a: Hippowdon|394\/420|[from] Stealth Rock
|-weather|Sandstorm
|
|-weather|Sandstorm|[upkeep]
|-damage|p1a: Chesnaught|294\/380|[from] sandstorm
|-heal|p1a: Chesnaught|317\/380|[from] item: Leftovers
|-heal|p2a: Hippowdon|420\/420|[from] item: Leftovers
|turn|14
|
|move|p2a: Hippowdon|Earthquake|p1a: Chesnaught
|-resisted|p1a: Chesnaught
|-damage|p1a: Chesnaught|277\/380
|move|p1a: Chesnaught|Roar|p2a: Hippowdon
|drag|p2a: Diancie|Diancie-Mega|123\/241
|-damage|p2a: Diancie|93\/241|[from] Stealth Rock
|
|-weather|Sandstorm|[upkeep]
|-damage|p1a: Chesnaught|254\/380|[from] sandstorm
|-heal|p1a: Chesnaught|277\/380|[from] item: Leftovers
|turn|15
|
|move|p2a: Diancie|Moonblast|p1a: Chesnaught
|-supereffective|p1a: Chesnaught
|-damage|p1a: Chesnaught|0 fnt
|faint|p1a: Chesnaught
|
|-weather|Sandstorm|[upkeep]
|
|switch|p1a: Metagross|Metagross-Mega|48\/301
|-damage|p1a: Metagross|30\/301|[from] Stealth Rock
|turn|16
|
|switch|p2a: Magnezone|Magnezone|191\/281
|-damage|p2a: Magnezone|174\/281|[from] Stealth Rock
|move|p1a: Metagross|Bullet Punch|p2a: Magnezone
|-resisted|p2a: Magnezone
|-damage|p2a: Magnezone|152\/281
|
|-weather|Sandstorm|[upkeep]
|turn|17
|
|move|p1a: Metagross|Hammer Arm|p2a: Magnezone
|-supereffective|p2a: Magnezone
|-damage|p2a: Magnezone|0 fnt
|-unboost|p1a: Metagross|spe|1
|faint|p2a: Magnezone
|
|-weather|none
|
|switch|p2a: Azumarill|Azumarill, F|173\/401
|-damage|p2a: Azumarill|123\/401|[from] Stealth Rock
|turn|18
|
|switch|p1a: Landorus-Therian|Landorus-Therian, M|312\/379
|-damage|p1a: Landorus-Therian|265\/379|[from] Stealth Rock
|-ability|p1a: Landorus-Therian|Intimidate|[of] p2a: Azumarill
|-unboost|p2a: Azumarill|atk|1
|move|p2a: Azumarill|Aqua Jet|p1a: Landorus-Therian
|-supereffective|p1a: Landorus-Therian
|-damage|p1a: Landorus-Therian|175\/379
|
|turn|19
|
|move|p2a: Azumarill|Aqua Jet|p1a: Landorus-Therian
|-supereffective|p1a: Landorus-Therian
|-damage|p1a: Landorus-Therian|89\/379
|move|p1a: Landorus-Therian|U-turn|p2a: Azumarill
|-resisted|p2a: Azumarill
|-damage|p2a: Azumarill|77\/401
|
|switch|p1a: Latias|Latias, F|319\/319
|-damage|p1a: Latias|280\/319|[from] Stealth Rock
|
|turn|20
|
|move|p1a: Latias|Healing Wish|p1a: Latias
|faint|p1a: Latias
|move|p2a: Azumarill|Play Rough|p1: Latias|[notarget]
|-notarget
|
|
|switch|p1a: Metagross|Metagross-Mega|30\/301
|-heal|p1a: Metagross|301\/301|[from] move: Healing Wish
|-damage|p1a: Metagross|283\/301|[from] Stealth Rock
|turn|21
|
|switch|p2a: Hippowdon|Hippowdon, F|420\/420
|-damage|p2a: Hippowdon|394\/420|[from] Stealth Rock
|-weather|Sandstorm
|move|p1a: Metagross|Bullet Punch|p2a: Hippowdon
|-damage|p2a: Hippowdon|319\/420
|
|-weather|Sandstorm|[upkeep]
|-heal|p2a: Hippowdon|345\/420|[from] item: Leftovers
|turn|22
|
|switch|p1a: Landorus-Therian|Landorus-Therian, M|89\/379
|-damage|p1a: Landorus-Therian|42\/379|[from] Stealth Rock
|-ability|p1a: Landorus-Therian|Intimidate|[of] p2a: Hippowdon
|-unboost|p2a: Hippowdon|atk|1
|move|p2a: Hippowdon|Earthquake|p1a: Landorus-Therian
|-immune|p1a: Landorus-Therian|[msg]
|
|-weather|Sandstorm|[upkeep]
|-heal|p2a: Hippowdon|371\/420|[from] item: Leftovers
|turn|23
|
|move|p1a: Landorus-Therian|U-turn|p2a: Hippowdon
|-damage|p2a: Hippowdon|317\/420
|
|switch|p1a: Heatran|Heatran, F|323\/323
|-damage|p1a: Heatran|283\/323|[from] Stealth Rock
|move|p2a: Hippowdon|Slack Off|p2a: Hippowdon
|-heal|p2a: Hippowdon|420\/420
|
|-weather|Sandstorm|[upkeep]
|turn|24
|
|move|p1a: Heatran|Lava Plume|p2a: Hippowdon
|-damage|p2a: Hippowdon|248\/420
|-status|p2a: Hippowdon|brn
|move|p2a: Hippowdon|Earthquake|p1a: Heatran
|-supereffective|p1a: Heatran
|-damage|p1a: Heatran|127\/323
|
|-weather|Sandstorm|[upkeep]
|-heal|p2a: Hippowdon|274\/420 brn|[from] item: Leftovers
|-damage|p2a: Hippowdon|222\/420 brn|[from] brn
|turn|25
|
|switch|p1a: Landorus-Therian|Landorus-Therian, M|42\/379
|-damage|p1a: Landorus-Therian|0 fnt|[from] Stealth Rock
|faint|p1a: Landorus-Therian
|switch|p2a: Latias|Latias, F|241\/319
|-damage|p2a: Latias|202\/319|[from] Stealth Rock
|
|-weather|none
|
|switch|p1a: Metagross|Metagross-Mega|283\/301
|-damage|p1a: Metagross|265\/301|[from] Stealth Rock
|turn|26
|
|move|p1a: Metagross|Meteor Mash|p2a: Latias
|-damage|p2a: Latias|0 fnt
|-boost|p1a: Metagross|atk|1
|faint|p2a: Latias
|
|c|âArchPhantom|I got the lucky burn and won the tie
|c|âArchPhantom|sorry
|c|âArchPhantom|:\/
|c|âbirdetta|lol
|c|âbirdetta|i literally forgot that it was base 110
|c|âbirdetta|u probably wouldve won anyway im too tired to strategize at all
|-message|birdetta forfeited.
|
|win|ArchPhantom
|c|âArchPhantom|gg
|c|âbirdetta|ya gg