|join|ArchPhantom
|join|TrevonMarrast
|player|p1|ArchPhantom|222
|player|p2|TrevonMarrast|214
|gametype|singles
|gen|6
|tier|OU
|rated
|clearpoke
|poke|p1|Lopunny, M
|poke|p1|Ferrothorn, F
|poke|p1|Landorus-Therian, M
|poke|p1|Slowbro, F
|poke|p1|Latias, F
|poke|p1|Heatran, F
|poke|p2|Serperior, M, shiny
|poke|p2|Klefki, F, shiny
|poke|p2|Charizard, M, shiny
|poke|p2|Latias, F, shiny
|poke|p2|Azumarill, M, shiny
|poke|p2|Landorus-Therian, M, shiny
|rule|Swagger Clause: Swagger is banned
|rule|Baton Pass Clause: Limit one PokÃ©mon knowing Baton Pass
|rule|Sleep Clause Mod: Limit one foe put to sleep
|rule|Species Clause: Limit one of each PokÃ©mon
|rule|OHKO Clause: OHKO moves are banned
|rule|Moody Clause: Moody is banned
|rule|Evasion Moves Clause: Evasion moves are banned
|rule|Endless Battle Clause: Forcing endless battles is banned
|rule|HP Percentage Mod: HP is shown in percentages
|teampreview
|c|âTrevonMarrast|gl
|c|âArchPhantom|u2
|
|start
|switch|p1a: Heatran|Heatran, F|324\/324
|switch|p2a: Lucifer|Serperior, M, shiny|323\/323
|turn|1
|
|switch|p2a: Blastiose|Charizard, M, shiny|333\/333
|move|p1a: Heatran|Lava Plume|p2a: Blastiose
|-resisted|p2a: Blastiose
|-damage|p2a: Blastiose|247\/333
|
|turn|2
|
|switch|p1a: Latias|Latias, F|301\/301
|detailschange|p2a: Blastiose|Charizard-Mega-X, M, shiny
|-mega|p2a: Blastiose|Charizard|Charizardite X
|move|p2a: Blastiose|Dragon Dance|p2a: Blastiose
|-boost|p2a: Blastiose|atk|1
|-boost|p2a: Blastiose|spe|1
|
|turn|3
|
|switch|p1a: Landorus-Therian|Landorus-Therian, M|381\/381
|-ability|p1a: Landorus-Therian|Intimidate|[of] p2a: Blastiose
|-unboost|p2a: Blastiose|atk|1
|move|p2a: Blastiose|Fire Punch|p1a: Landorus-Therian
|-damage|p1a: Landorus-Therian|242\/381
|
|-heal|p1a: Landorus-Therian|265\/381|[from] item: Leftovers
|turn|4
|
|switch|p2a: K9|Landorus-Therian, M, shiny|382\/382
|-ability|p2a: K9|Intimidate|[of] p1a: Landorus-Therian
|-unboost|p1a: Landorus-Therian|atk|1
|move|p1a: Landorus-Therian|Stealth Rock|p2a: K9
|-sidestart|p2: TrevonMarrast|move: Stealth Rock
|
|-heal|p1a: Landorus-Therian|288\/381|[from] item: Leftovers
|turn|5
|
|switch|p1a: Lopunny|Lopunny, M|271\/271
|move|p2a: K9|Stealth Rock|p1a: Lopunny
|-sidestart|p1: ArchPhantom|move: Stealth Rock
|
|turn|6
|
|switch|p2a: Armageddon|Klefki, F, shiny|316\/316
|-damage|p2a: Armageddon|297\/316|[from] Stealth Rock
|detailschange|p1a: Lopunny|Lopunny-Mega, M
|-mega|p1a: Lopunny|Lopunny|Lopunnite
|move|p1a: Lopunny|Encore|p2a: Armageddon
|-fail|p2a: Armageddon
|
|-heal|p2a: Armageddon|316\/316|[from] item: Leftovers
|turn|7
|
|move|p2a: Armageddon|Spikes|p1a: Lopunny
|-sidestart|p1: ArchPhantom|Spikes
|move|p1a: Lopunny|Power-Up Punch|p2a: Armageddon
|-damage|p2a: Armageddon|259\/316
|-boost|p1a: Lopunny|atk|1
|
|-heal|p2a: Armageddon|278\/316|[from] item: Leftovers
|turn|8
|
|move|p2a: Armageddon|Thunder Wave|p1a: Lopunny
|-status|p1a: Lopunny|par
|move|p1a: Lopunny|High Jump Kick|p2a: Armageddon
|-damage|p2a: Armageddon|0 fnt
|faint|p2a: Armageddon
|
|
|switch|p2a: RK9|Azumarill, M, shiny|403\/403
|-damage|p2a: RK9|353\/403|[from] Stealth Rock
|turn|9
|
|move|p2a: RK9|Belly Drum|p2a: RK9
|-damage|p2a: RK9|152\/403
|-setboost|p2a: RK9|atk|6|[from] move: Belly Drum
|-enditem|p2a: RK9|Sitrus Berry|[eat]
|-heal|p2a: RK9|252\/403|[from] item: Sitrus Berry
|move|p1a: Lopunny|Encore|p2a: RK9
|-start|p2a: RK9|Encore
|
|turn|10
|-message|TrevonMarrast forfeited.
|leave|TrevonMarrast
|
|win|ArchPhantom
|raw|Ladder updating...
|player|p2
|raw|ArchPhantom's rating: 1712 &rarr; <strong>1723<\/strong><br \/>(+11 for winning)
|raw|TrevonMarrast's rating: 1550 &rarr; <strong>1539<\/strong><br \/>(-11 for losing)