|join|ArchPhantom
|join|TimeTravel3
|player|p1|ArchPhantom|222
|player|p2|TimeTravel3|209
|gametype|singles
|gen|6
|tier|OU
|rated
|clearpoke
|poke|p1|Lopunny, F
|poke|p1|Ferrothorn, M
|poke|p1|Landorus-Therian, M
|poke|p1|Slowbro, M
|poke|p1|Latias, F
|poke|p1|Heatran, F
|poke|p2|Garchomp, F
|poke|p2|Greninja, F
|poke|p2|Scizor, F
|poke|p2|Bisharp, F
|poke|p2|Latios, M
|poke|p2|Landorus-Therian, M
|rule|Swagger Clause: Swagger is banned
|rule|Baton Pass Clause: Limit one PokÃ©mon knowing Baton Pass
|rule|Sleep Clause Mod: Limit one foe put to sleep
|rule|Species Clause: Limit one of each PokÃ©mon
|rule|OHKO Clause: OHKO moves are banned
|rule|Moody Clause: Moody is banned
|rule|Evasion Moves Clause: Evasion moves are banned
|rule|Endless Battle Clause: Forcing endless battles is banned
|rule|HP Percentage Mod: HP is shown in percentages
|teampreview
|
|start
|switch|p1a: Landorus-Therian|Landorus-Therian, M|381\/381
|switch|p2a: Landorus-Therian|Landorus-Therian, M|325\/325
|-ability|p2a: Landorus-Therian|Intimidate|[of] p1a: Landorus-Therian
|-unboost|p1a: Landorus-Therian|atk|1
|-ability|p1a: Landorus-Therian|Intimidate|[of] p2a: Landorus-Therian
|-unboost|p2a: Landorus-Therian|atk|1
|turn|1
|
|move|p2a: Landorus-Therian|U-turn|p1a: Landorus-Therian
|-resisted|p1a: Landorus-Therian
|-damage|p1a: Landorus-Therian|358\/381
|
|switch|p2a: Garchomp|Garchomp, F|357\/357
|move|p1a: Landorus-Therian|Stealth Rock|p2a: Garchomp
|-sidestart|p2: TimeTravel3|move: Stealth Rock
|
|-heal|p1a: Landorus-Therian|381\/381|[from] item: Leftovers
|turn|2
|
|move|p2a: Garchomp|Stealth Rock|p1a: Landorus-Therian
|-sidestart|p1: ArchPhantom|move: Stealth Rock
|move|p1a: Landorus-Therian|U-turn|p2a: Garchomp
|-damage|p2a: Garchomp|300\/357
|-damage|p1a: Landorus-Therian|334\/381|[from] ability: Rough Skin|[of] p2a: Garchomp
|
|switch|p1a: Lopunny|Lopunny, F|271\/271
|-damage|p1a: Lopunny|238\/271|[from] Stealth Rock
|
|turn|3
|
|switch|p2a: Scizor|Scizor, F|289\/289
|-damage|p2a: Scizor|253\/289|[from] Stealth Rock
|detailschange|p1a: Lopunny|Lopunny-Mega, F
|-mega|p1a: Lopunny|Lopunny|Lopunnite
|move|p1a: Lopunny|Encore|p2a: Scizor
|-fail|p2a: Scizor
|
|turn|4
|
|switch|p1a: Slowbro|Slowbro, M|393\/393
|-damage|p1a: Slowbro|344\/393|[from] Stealth Rock
|detailschange|p2a: Scizor|Scizor-Mega, F
|-mega|p2a: Scizor|Scizor|Scizorite
|move|p2a: Scizor|Swords Dance|p2a: Scizor
|-boost|p2a: Scizor|atk|2
|
|turn|5
|
|move|p2a: Scizor|Bug Bite|p1a: Slowbro
|-supereffective|p1a: Slowbro
|-damage|p1a: Slowbro|0 fnt
|-damage|p2a: Scizor|205\/289|[from] item: Rocky Helmet|[of] p1a: Slowbro
|faint|p1a: Slowbro
|
|
|switch|p1a: Heatran|Heatran, F|324\/324
|-damage|p1a: Heatran|284\/324|[from] Stealth Rock
|turn|6
|c|âArchPhantom|Plz don't be fast sciz
|
|move|p1a: Heatran|Lava Plume|p2a: Scizor
|-supereffective|p2a: Scizor
|-damage|p2a: Scizor|0 fnt
|faint|p2a: Scizor
|
|
|switch|p2a: Greninja|Greninja, F|285\/285
|-damage|p2a: Greninja|250\/285|[from] Stealth Rock
|turn|7
|
|switch|p1a: Landorus-Therian|Landorus-Therian, M|334\/381
|-damage|p1a: Landorus-Therian|287\/381|[from] Stealth Rock
|-ability|p1a: Landorus-Therian|Intimidate|[of] p2a: Greninja
|-unboost|p2a: Greninja|atk|1
|move|p2a: Greninja|Low Kick|p1a: Landorus-Therian
|-start|p2a: Greninja|typechange|Fighting|[from] Protean
|-resisted|p1a: Landorus-Therian
|-damage|p1a: Landorus-Therian|253\/381
|-damage|p2a: Greninja|222\/285|[from] item: Life Orb
|
|-heal|p1a: Landorus-Therian|276\/381|[from] item: Leftovers
|turn|8
|
|switch|p1a: Heatran|Heatran, F|284\/324
|-damage|p1a: Heatran|244\/324|[from] Stealth Rock
|move|p2a: Greninja|Ice Beam|p1a: Heatran
|-start|p2a: Greninja|typechange|Ice|[from] Protean
|-resisted|p1a: Heatran
|-damage|p1a: Heatran|210\/324
|-damage|p2a: Greninja|194\/285|[from] item: Life Orb
|
|turn|9
|
|switch|p2a: Garchomp|Garchomp, F|300\/357
|-damage|p2a: Garchomp|278\/357|[from] Stealth Rock
|move|p1a: Heatran|Flash Cannon|p2a: Garchomp
|-damage|p2a: Garchomp|107\/357
|
|turn|10
|
|move|p1a: Heatran|Flash Cannon|p2a: Garchomp
|-damage|p2a: Garchomp|0 fnt
|faint|p2a: Garchomp
|
|
|switch|p2a: Bisharp|Bisharp, F|271\/271
|-damage|p2a: Bisharp|255\/271|[from] Stealth Rock
|turn|11
|
|switch|p1a: Ferrothorn|Ferrothorn, M|352\/352
|-damage|p1a: Ferrothorn|330\/352|[from] Stealth Rock
|move|p2a: Bisharp|Swords Dance|p2a: Bisharp
|-boost|p2a: Bisharp|atk|2
|
|-heal|p1a: Ferrothorn|352\/352|[from] item: Leftovers
|turn|12
|
|move|p2a: Bisharp|Swords Dance|p2a: Bisharp
|-boost|p2a: Bisharp|atk|2
|move|p1a: Ferrothorn|Leech Seed|p2a: Bisharp
|-start|p2a: Bisharp|move: Leech Seed
|
|-damage|p2a: Bisharp|222\/271|[from] Leech Seed|[of] p1a: Ferrothorn
|turn|13
|
|move|p2a: Bisharp|Knock Off|p1a: Ferrothorn
|-damage|p1a: Ferrothorn|0 fnt
|-damage|p2a: Bisharp|189\/271|[from] ability: Iron Barbs|[of] p1a: Ferrothorn
|-enditem|p1a: Ferrothorn|Leftovers|[from] move: Knock Off|[of] p2a: Bisharp
|-damage|p2a: Bisharp|162\/271|[from] item: Life Orb
|faint|p1a: Ferrothorn
|
|
|switch|p1a: Heatran|Heatran, F|210\/324
|-damage|p1a: Heatran|170\/324|[from] Stealth Rock
|turn|14
|
|switch|p1a: Lopunny|Lopunny-Mega, F|238\/271
|-damage|p1a: Lopunny|222\/271|[from] Stealth Rock
|move|p2a: Bisharp|Sucker Punch|p1a: Lopunny
|-fail|p1a: Lopunny
|
|-damage|p2a: Bisharp|129\/271|[from] Leech Seed|[of] p1a: Lopunny
|-heal|p1a: Lopunny|255\/271|[silent]
|turn|15
|
|switch|p2a: Landorus-Therian|Landorus-Therian, M|325\/325
|-damage|p2a: Landorus-Therian|285\/325|[from] Stealth Rock
|-ability|p2a: Landorus-Therian|Intimidate|[of] p1a: Lopunny
|-unboost|p1a: Lopunny|atk|1
|move|p1a: Lopunny|Encore|p2a: Landorus-Therian
|-fail|p2a: Landorus-Therian
|
|turn|16
|
|switch|p1a: Landorus-Therian|Landorus-Therian, M|276\/381
|-damage|p1a: Landorus-Therian|229\/381|[from] Stealth Rock
|-ability|p1a: Landorus-Therian|Intimidate|[of] p2a: Landorus-Therian
|-unboost|p2a: Landorus-Therian|atk|1
|move|p2a: Landorus-Therian|Superpower|p1a: Landorus-Therian
|-resisted|p1a: Landorus-Therian
|-damage|p1a: Landorus-Therian|188\/381
|-unboost|p2a: Landorus-Therian|atk|1
|-unboost|p2a: Landorus-Therian|def|1
|
|-heal|p1a: Landorus-Therian|211\/381|[from] item: Leftovers
|turn|17
|
|move|p2a: Landorus-Therian|Superpower|p1a: Landorus-Therian
|-resisted|p1a: Landorus-Therian
|-damage|p1a: Landorus-Therian|179\/381
|-unboost|p2a: Landorus-Therian|atk|1
|-unboost|p2a: Landorus-Therian|def|1
|move|p1a: Landorus-Therian|U-turn|p2a: Landorus-Therian
|-resisted|p2a: Landorus-Therian
|-damage|p2a: Landorus-Therian|197\/325
|
|switch|p1a: Latias|Latias, F|301\/301
|-damage|p1a: Latias|264\/301|[from] Stealth Rock
|
|turn|18
|
|switch|p2a: Latios|Latios, M|302\/302
|-damage|p2a: Latios|265\/302|[from] Stealth Rock
|switch|p1a: Lopunny|Lopunny-Mega, F|255\/271
|-damage|p1a: Lopunny|239\/271|[from] Stealth Rock
|
|turn|19
|
|switch|p1a: Heatran|Heatran, F|170\/324
|-damage|p1a: Heatran|130\/324|[from] Stealth Rock
|move|p2a: Latios|Psyshock|p1a: Heatran
|-resisted|p1a: Heatran
|-damage|p1a: Heatran|34\/324
|-damage|p2a: Latios|235\/302|[from] item: Life Orb
|
|turn|20
|
|move|p1a: Heatran|Lava Plume|p2a: Latios
|-resisted|p2a: Latios
|-damage|p2a: Latios|174\/302
|move|p2a: Latios|Roost|p2a: Latios
|-heal|p2a: Latios|302\/302
|
|turn|21
|
|move|p1a: Heatran|Lava Plume|p2a: Latios
|-resisted|p2a: Latios
|-damage|p2a: Latios|241\/302
|-status|p2a: Latios|brn
|move|p2a: Latios|Psyshock|p1a: Heatran
|-resisted|p1a: Heatran
|-damage|p1a: Heatran|0 fnt
|-damage|p2a: Latios|211\/302 brn|[from] item: Life Orb
|faint|p1a: Heatran
|
|-damage|p2a: Latios|174\/302 brn|[from] brn
|
|switch|p1a: Lopunny|Lopunny-Mega, F|239\/271
|-damage|p1a: Lopunny|223\/271|[from] Stealth Rock
|turn|22
|
|move|p1a: Lopunny|Frustration|p2a: Latios
|-damage|p2a: Latios|0 fnt
|faint|p2a: Latios
|
|
|switch|p2a: Landorus-Therian|Landorus-Therian, M|197\/325
|-damage|p2a: Landorus-Therian|157\/325|[from] Stealth Rock
|-ability|p2a: Landorus-Therian|Intimidate|[of] p1a: Lopunny
|-unboost|p1a: Lopunny|atk|1
|turn|23
|
|move|p2a: Landorus-Therian|U-turn|p1a: Lopunny
|-crit|p1a: Lopunny
|-resisted|p1a: Lopunny
|-damage|p1a: Lopunny|146\/271
|
|switch|p2a: Bisharp|Bisharp, F|129\/271
|-damage|p2a: Bisharp|113\/271|[from] Stealth Rock
|move|p1a: Lopunny|High Jump Kick|p2a: Bisharp
|-supereffective|p2a: Bisharp
|-damage|p2a: Bisharp|0 fnt
|faint|p2a: Bisharp
|
|
|switch|p2a: Landorus-Therian|Landorus-Therian, M|157\/325
|-damage|p2a: Landorus-Therian|117\/325|[from] Stealth Rock
|-ability|p2a: Landorus-Therian|Intimidate|[of] p1a: Lopunny
|-unboost|p1a: Lopunny|atk|1
|turn|24
|
|switch|p1a: Landorus-Therian|Landorus-Therian, M|179\/381
|-damage|p1a: Landorus-Therian|132\/381|[from] Stealth Rock
|-ability|p1a: Landorus-Therian|Intimidate|[of] p2a: Landorus-Therian
|-unboost|p2a: Landorus-Therian|atk|1
|move|p2a: Landorus-Therian|U-turn|p1a: Landorus-Therian
|-resisted|p1a: Landorus-Therian
|-damage|p1a: Landorus-Therian|106\/381
|
|switch|p2a: Greninja|Greninja, F|194\/285
|-damage|p2a: Greninja|159\/285|[from] Stealth Rock
|
|-heal|p1a: Landorus-Therian|129\/381|[from] item: Leftovers
|turn|25
|
|switch|p2a: Landorus-Therian|Landorus-Therian, M|117\/325
|-damage|p2a: Landorus-Therian|77\/325|[from] Stealth Rock
|-ability|p2a: Landorus-Therian|Intimidate|[of] p1a: Landorus-Therian
|-unboost|p1a: Landorus-Therian|atk|1
|move|p1a: Landorus-Therian|Stone Edge|p2a: Landorus-Therian
|-damage|p2a: Landorus-Therian|0 fnt
|faint|p2a: Landorus-Therian
|
|-heal|p1a: Landorus-Therian|152\/381|[from] item: Leftovers
|c|âArchPhantom|gg
|
|switch|p2a: Greninja|Greninja, F|159\/285
|-damage|p2a: Greninja|124\/285|[from] Stealth Rock
|turn|26
|
|move|p2a: Greninja|Ice Beam|p1a: Landorus-Therian
|-start|p2a: Greninja|typechange|Ice|[from] Protean
|-supereffective|p1a: Landorus-Therian
|-damage|p1a: Landorus-Therian|0 fnt
|-damage|p2a: Greninja|96\/285|[from] item: Life Orb
|faint|p1a: Landorus-Therian
|
|
|switch|p1a: Lopunny|Lopunny-Mega, F|146\/271
|-damage|p1a: Lopunny|130\/271|[from] Stealth Rock
|turn|27
|
|move|p1a: Lopunny|Frustration|p2a: Greninja
|-damage|p2a: Greninja|0 fnt
|faint|p2a: Greninja
|
|win|ArchPhantom
|raw|Ladder updating...
|raw|ArchPhantom's rating: 1691 &rarr; <strong>1714<\/strong><br \/>(+23 for winning)
|raw|TimeTravel3's rating: 1745 &rarr; <strong>1722<\/strong><br \/>(-23 for losing)