|join|ArchPhantom
|join|Lymia
|player|p1|ArchPhantom|222
|player|p2|Lymia|183
|gametype|singles
|gen|6
|tier|OU (suspect test)
|rated
|clearpoke
|poke|p1|Landorus-Therian, M
|poke|p1|Amoonguss, F
|poke|p1|Rotom-Wash
|poke|p1|Latios, M
|poke|p1|Empoleon, F
|poke|p1|Lopunny, F
|poke|p2|Heatran, F
|poke|p2|Azumarill, F
|poke|p2|Ferrothorn, F
|poke|p2|Rotom-Wash
|poke|p2|Latios, M
|poke|p2|Altaria, F
|rule|Swagger Clause: Swagger is banned
|rule|Baton Pass Clause: Limit one PokÃ©mon knowing Baton Pass
|rule|Sleep Clause Mod: Limit one foe put to sleep
|rule|Species Clause: Limit one of each PokÃ©mon
|rule|OHKO Clause: OHKO moves are banned
|rule|Moody Clause: Moody is banned
|rule|Evasion Moves Clause: Evasion moves are banned
|rule|Endless Battle Clause: Forcing endless battles is banned
|rule|HP Percentage Mod: HP is shown in percentages
|teampreview
|
|start
|switch|p1a: Lopunny|Lopunny, F|271\/271
|switch|p2a: Rotom-Wash|Rotom-Wash|241\/241
|turn|1
|
|detailschange|p1a: Lopunny|Lopunny-Mega, F
|-mega|p1a: Lopunny|Lopunny|Lopunnite
|move|p1a: Lopunny|Fake Out|p2a: Rotom-Wash
|-damage|p2a: Rotom-Wash|175\/241
|cant|p2a: Rotom-Wash|flinch
|
|turn|2
|
|switch|p1a: Rotom-Wash|Rotom-Wash|303\/303
|move|p2a: Rotom-Wash|Will-O-Wisp|p1a: Rotom-Wash
|-status|p1a: Rotom-Wash|brn
|
|-damage|p1a: Rotom-Wash|266\/303 brn|[from] brn
|turn|3
|
|switch|p2a: Ferrothorn|Ferrothorn, F|352\/352
|move|p1a: Rotom-Wash|Volt Switch|p2a: Ferrothorn
|-resisted|p2a: Ferrothorn
|-damage|p2a: Ferrothorn|313\/352
|
|switch|p1a: Amoonguss|Amoonguss, F|429\/429
|
|turn|4
|
|move|p1a: Amoonguss|Hidden Power|p2a: Ferrothorn
|-supereffective|p2a: Ferrothorn
|-damage|p2a: Ferrothorn|165\/352
|move|p2a: Ferrothorn|Stealth Rock|p1a: Amoonguss
|-sidestart|p1: ArchPhantom|move: Stealth Rock
|
|turn|5
|
|move|p1a: Amoonguss|Spore|p2a: Ferrothorn
|-fail|p2a: Ferrothorn
|move|p2a: Ferrothorn|Gyro Ball|p1a: Amoonguss
|-damage|p1a: Amoonguss|332\/429
|
|-heal|p1a: Amoonguss|358\/429|[from] item: Black Sludge
|turn|6
|
|switch|p2a: Heatran|Heatran, F|386\/386
|move|p1a: Amoonguss|Spore|p2a: Heatran
|-status|p2a: Heatran|slp
|
|-heal|p1a: Amoonguss|384\/429|[from] item: Black Sludge
|turn|7
|
|switch|p1a: Lopunny|Lopunny-Mega, F|271\/271
|-damage|p1a: Lopunny|255\/271|[from] Stealth Rock
|cant|p2a: Heatran|slp
|
|turn|8
|
|switch|p2a: Ferrothorn|Ferrothorn, F|165\/352
|move|p1a: Lopunny|Frustration|p2a: Ferrothorn
|-resisted|p2a: Ferrothorn
|-damage|p2a: Ferrothorn|96\/352
|-damage|p1a: Lopunny|222\/271|[from] ability: Iron Barbs|[of] p2a: Ferrothorn
|-damage|p1a: Lopunny|177\/271|[from] item: Rocky Helmet|[of] p2a: Ferrothorn
|
|turn|9
|
|switch|p1a: Amoonguss|Amoonguss, F|429\/429
|-damage|p1a: Amoonguss|376\/429|[from] Stealth Rock
|move|p2a: Ferrothorn|Gyro Ball|p1a: Amoonguss
|-damage|p1a: Amoonguss|292\/429
|
|-heal|p1a: Amoonguss|318\/429|[from] item: Black Sludge
|turn|10
|
|switch|p2a: Heatran|Heatran, F|386\/386 slp
|move|p1a: Amoonguss|Hidden Power|p2a: Heatran
|-start|p2a: Heatran|ability: Flash Fire
|
|-heal|p1a: Amoonguss|344\/429|[from] item: Black Sludge
|turn|11
|
|switch|p1a: Empoleon|Empoleon, F|372\/372
|-damage|p1a: Empoleon|349\/372|[from] Stealth Rock
|-curestatus|p2a: Heatran|slp
|move|p2a: Heatran|Lava Plume|p1a: Empoleon
|-damage|p1a: Empoleon|0 fnt
|faint|p1a: Empoleon
|
|
|switch|p1a: Landorus-Therian|Landorus-Therian, M|319\/319
|-damage|p1a: Landorus-Therian|280\/319|[from] Stealth Rock
|-ability|p1a: Landorus-Therian|Intimidate|[of] p2a: Heatran
|-unboost|p2a: Heatran|atk|1
|turn|12
|
|switch|p2a: Latios|Latios, M|302\/302
|move|p1a: Landorus-Therian|Earthquake|p2a: Latios
|-immune|p2a: Latios|[msg]
|
|turn|13
|
|switch|p1a: Rotom-Wash|Rotom-Wash|266\/303 brn
|-damage|p1a: Rotom-Wash|229\/303 brn|[from] Stealth Rock
|move|p2a: Latios|Trick|p1a: Rotom-Wash
|-activate|p2a: Latios|move: Trick|[of] p1a: Rotom-Wash
|-item|p1a: Rotom-Wash|Choice Scarf|[from] move: Trick
|-item|p2a: Latios|Leftovers|[from] move: Trick
|
|-damage|p1a: Rotom-Wash|192\/303 brn|[from] brn
|turn|14
|
|move|p2a: Latios|Draco Meteor|p1a: Rotom-Wash
|-damage|p1a: Rotom-Wash|0 fnt
|-unboost|p2a: Latios|spa|2
|faint|p1a: Rotom-Wash
|
|
|switch|p1a: Latios|Latios, M|301\/301
|-damage|p1a: Latios|264\/301|[from] Stealth Rock
|turn|15
|
|move|p1a: Latios|Calm Mind|p1a: Latios
|-boost|p1a: Latios|spa|1
|-boost|p1a: Latios|spd|1
|move|p2a: Latios|Draco Meteor|p1a: Latios
|-supereffective|p1a: Latios
|-damage|p1a: Latios|124\/301
|-unboost|p2a: Latios|spa|2
|
|turn|16
|
|switch|p2a: Heatran|Heatran, F|386\/386
|move|p1a: Latios|Calm Mind|p1a: Latios
|-boost|p1a: Latios|spa|1
|-boost|p1a: Latios|spd|1
|
|turn|17
|
|move|p1a: Latios|Psyshock|p2a: Heatran
|-resisted|p2a: Heatran
|-damage|p2a: Heatran|207\/386
|-damage|p1a: Latios|94\/301|[from] item: Life Orb
|move|p2a: Heatran|Flash Cannon|p1a: Latios
|-damage|p1a: Latios|0 fnt
|faint|p1a: Latios
|
|
|switch|p1a: Landorus-Therian|Landorus-Therian, M|280\/319
|-damage|p1a: Landorus-Therian|241\/319|[from] Stealth Rock
|-ability|p1a: Landorus-Therian|Intimidate|[of] p2a: Heatran
|-unboost|p2a: Heatran|atk|1
|turn|18
|
|switch|p2a: Ferrothorn|Ferrothorn, F|96\/352
|move|p1a: Landorus-Therian|Earthquake|p2a: Ferrothorn
|-damage|p2a: Ferrothorn|0 fnt
|faint|p2a: Ferrothorn
|
|
|switch|p2a: Altaria|Altaria, F|292\/292
|turn|19
|
|switch|p1a: Amoonguss|Amoonguss, F|429\/429
|-damage|p1a: Amoonguss|376\/429|[from] Stealth Rock
|move|p2a: Altaria|Dragon Dance|p2a: Altaria
|-boost|p2a: Altaria|atk|1
|-boost|p2a: Altaria|spe|1
|
|-heal|p1a: Amoonguss|402\/429|[from] item: Black Sludge
|turn|20
|
|move|p2a: Altaria|Earthquake|p1a: Amoonguss
|-damage|p1a: Amoonguss|282\/429
|move|p1a: Amoonguss|Clear Smog|p2a: Altaria
|-damage|p2a: Altaria|246\/292
|-clearboost|p2a: Altaria
|
|-heal|p1a: Amoonguss|308\/429|[from] item: Black Sludge
|turn|21
|
|move|p2a: Altaria|Earthquake|p1a: Amoonguss
|-crit|p1a: Amoonguss
|-damage|p1a: Amoonguss|180\/429
|move|p1a: Amoonguss|Spore|p2a: Altaria
|-status|p2a: Altaria|slp
|
|-heal|p1a: Amoonguss|206\/429|[from] item: Black Sludge
|turn|22
|
|switch|p2a: Latios|Latios, M|302\/302
|switch|p1a: Lopunny|Lopunny-Mega, F|177\/271
|-damage|p1a: Lopunny|161\/271|[from] Stealth Rock
|
|turn|23
|
|move|p1a: Lopunny|Fake Out|p2a: Latios
|-damage|p2a: Latios|208\/302
|cant|p2a: Latios|flinch
|
|-heal|p2a: Latios|226\/302|[from] item: Leftovers
|turn|24
|
|switch|p1a: Landorus-Therian|Landorus-Therian, M|241\/319
|-damage|p1a: Landorus-Therian|202\/319|[from] Stealth Rock
|-ability|p1a: Landorus-Therian|Intimidate|[of] p2a: Latios
|-unboost|p2a: Latios|atk|1
|move|p2a: Latios|Psyshock|p1a: Landorus-Therian
|-crit|p1a: Landorus-Therian
|-damage|p1a: Landorus-Therian|0 fnt
|faint|p1a: Landorus-Therian
|
|-heal|p2a: Latios|244\/302|[from] item: Leftovers
|
|switch|p1a: Lopunny|Lopunny-Mega, F|161\/271
|-damage|p1a: Lopunny|145\/271|[from] Stealth Rock
|turn|25
|
|switch|p2a: Rotom-Wash|Rotom-Wash|175\/241
|move|p1a: Lopunny|Fake Out|p2a: Rotom-Wash
|-damage|p2a: Rotom-Wash|105\/241
|
|turn|26
|
|switch|p1a: Amoonguss|Amoonguss, F|349\/429
|-damage|p1a: Amoonguss|296\/429|[from] Stealth Rock
|move|p2a: Rotom-Wash|Will-O-Wisp|p1a: Amoonguss
|-status|p1a: Amoonguss|brn
|
|-heal|p1a: Amoonguss|322\/429 brn|[from] item: Black Sludge
|-damage|p1a: Amoonguss|269\/429 brn|[from] brn
|turn|27
|
|switch|p2a: Altaria|Altaria, F|246\/292
|switch|p1a: Lopunny|Lopunny-Mega, F|145\/271
|-damage|p1a: Lopunny|129\/271|[from] Stealth Rock
|
|turn|28
|
|switch|p2a: Latios|Latios, M|244\/302
|move|p1a: Lopunny|Fake Out|p2a: Latios
|-damage|p2a: Latios|156\/302
|
|-heal|p2a: Latios|174\/302|[from] item: Leftovers
|turn|29
|
|move|p1a: Lopunny|Frustration|p2a: Latios
|-damage|p2a: Latios|0 fnt
|faint|p2a: Latios
|
|
|switch|p2a: Rotom-Wash|Rotom-Wash|105\/241
|turn|30
|
|move|p2a: Rotom-Wash|Volt Switch|p1a: Lopunny
|-damage|p1a: Lopunny|24\/271
|
|switch|p2a: Azumarill|Azumarill, F|404\/404
|move|p1a: Lopunny|High Jump Kick|p2a: Azumarill
|-resisted|p2a: Azumarill
|-damage|p2a: Azumarill|260\/404
|
|turn|31
|
|switch|p1a: Amoonguss|Amoonguss, F|412\/429 brn
|-damage|p1a: Amoonguss|359\/429 brn|[from] Stealth Rock
|move|p2a: Azumarill|Aqua Jet|p1a: Amoonguss
|-resisted|p1a: Amoonguss
|-damage|p1a: Amoonguss|302\/429 brn
|
|-heal|p1a: Amoonguss|328\/429 brn|[from] item: Black Sludge
|-damage|p1a: Amoonguss|275\/429 brn|[from] brn
|turn|32
|
|switch|p2a: Altaria|Altaria, F|246\/292
|move|p1a: Amoonguss|Spore|p2a: Altaria
|-status|p2a: Altaria|slp
|
|-heal|p1a: Amoonguss|301\/429 brn|[from] item: Black Sludge
|-damage|p1a: Amoonguss|248\/429 brn|[from] brn
|turn|33
|
|switch|p2a: Azumarill|Azumarill, F|260\/404
|switch|p1a: Lopunny|Lopunny-Mega, F|24\/271
|-damage|p1a: Lopunny|8\/271|[from] Stealth Rock
|
|turn|34
|
|move|p2a: Azumarill|Aqua Jet|p1a: Lopunny
|-damage|p1a: Lopunny|0 fnt
|faint|p1a: Lopunny
|
|c|âArchPhantom|gg
|-message|ArchPhantom forfeited.
|
|win|Lymia
|raw|Ladder updating...
|leave|ArchPhantom
|raw|ArchPhantom's rating: 1182 &rarr; <strong>1151<\/strong><br \/>(-31 for losing)
|raw|Lymia's rating: 1097 &rarr; <strong>1129<\/strong><br \/>(+32 for winning)
|player|p1