|join|melvinl
|join|ArchPhantom
|player|p1|melvinl|238
|player|p2|ArchPhantom|222
|gametype|singles
|gen|6
|tier|OU (suspect test)
|rated
|clearpoke
|poke|p1|Chesnaught, M, shiny
|poke|p1|Azumarill, M
|poke|p1|Excadrill, M
|poke|p1|Scizor, F
|poke|p1|Jolteon, M
|poke|p1|Mandibuzz, F
|poke|p2|Landorus-Therian, M
|poke|p2|Gardevoir, F
|poke|p2|Latias, F
|poke|p2|Tyranitar, M
|poke|p2|Ferrothorn, F
|poke|p2|Slowbro, F
|rule|Swagger Clause: Swagger is banned
|rule|Baton Pass Clause: Limit one PokÃ©mon knowing Baton Pass
|rule|Sleep Clause Mod: Limit one foe put to sleep
|rule|Species Clause: Limit one of each PokÃ©mon
|rule|OHKO Clause: OHKO moves are banned
|rule|Moody Clause: Moody is banned
|rule|Evasion Moves Clause: Evasion moves are banned
|rule|Endless Battle Clause: Forcing endless battles is banned
|rule|HP Percentage Mod: HP is shown in percentages
|teampreview
|
|start
|switch|p1a: Chesnaught|Chesnaught, M, shiny|320\/320
|switch|p2a: Gardevoir|Gardevoir, F|277\/277
|-ability|p2a: Gardevoir|Bulletproof|[from] ability: Trace|[of] p1a: Chesnaught
|turn|1
|
|switch|p1a: Excadrill|Excadrill, M|424\/424
|-ability|p1a: Excadrill|Mold Breaker
|detailschange|p2a: Gardevoir|Gardevoir-Mega, F
|-mega|p2a: Gardevoir|Gardevoir|Gardevoirite
|move|p2a: Gardevoir|Hyper Voice|p1a: Excadrill
|-resisted|p1a: Excadrill
|-damage|p1a: Excadrill|299\/424
|
|-heal|p1a: Excadrill|325\/424|[from] item: Leftovers
|turn|2
|
|move|p2a: Gardevoir|Focus Blast|p1a: Excadrill
|-supereffective|p1a: Excadrill
|-damage|p1a: Excadrill|0 fnt
|faint|p1a: Excadrill
|
|
|switch|p1a: Scizor|Scizor, F|343\/343
|turn|3
|
|switch|p2a: Slowbro|Slowbro, F|393\/393
|detailschange|p1a: Scizor|Scizor-Mega, F
|-mega|p1a: Scizor|Scizor|Scizorite
|move|p1a: Scizor|Swords Dance|p1a: Scizor
|-boost|p1a: Scizor|atk|2
|
|turn|4
|
|move|p1a: Scizor|Swords Dance|p1a: Scizor
|-boost|p1a: Scizor|atk|2
|move|p2a: Slowbro|Fire Blast|p1a: Scizor
|-supereffective|p1a: Scizor
|-damage|p1a: Scizor|11\/343
|
|turn|5
|
|switch|p2a: Ferrothorn|Ferrothorn, F|352\/352
|move|p1a: Scizor|U-turn|p2a: Ferrothorn
|-damage|p2a: Ferrothorn|97\/352
|-damage|p1a: Scizor|0 fnt|[from] ability: Iron Barbs|[of] p2a: Ferrothorn
|faint|p1a: Scizor
|
|-heal|p2a: Ferrothorn|119\/352|[from] item: Leftovers
|
|switch|p1a: Chesnaught|Chesnaught, M, shiny|320\/320
|turn|6
|
|move|p1a: Chesnaught|Substitute|p1a: Chesnaught
|-start|p1a: Chesnaught|Substitute
|-damage|p1a: Chesnaught|240\/320
|move|p2a: Ferrothorn|Spikes|p1a: Chesnaught
|-sidestart|p1: melvinl|Spikes
|
|-heal|p2a: Ferrothorn|141\/352|[from] item: Leftovers
|turn|7
|
|switch|p2a: Gardevoir|Gardevoir-Mega, F|277\/277
|move|p1a: Chesnaught|Belly Drum|p1a: Chesnaught
|-damage|p1a: Chesnaught|80\/320
|-setboost|p1a: Chesnaught|atk|6|[from] move: Belly Drum
|-enditem|p1a: Chesnaught|Salac Berry|[eat]
|-boost|p1a: Chesnaught|spe|1|[from] item: Salac Berry
|
|turn|8
|
|switch|p2a: Ferrothorn|Ferrothorn, F|141\/352
|move|p1a: Chesnaught|Seed Bomb|p2a: Ferrothorn
|-resisted|p2a: Ferrothorn
|-damage|p2a: Ferrothorn|49\/352
|
|-heal|p2a: Ferrothorn|71\/352|[from] item: Leftovers
|turn|9
|
|switch|p2a: Slowbro|Slowbro, F|393\/393
|move|p1a: Chesnaught|Drain Punch|p2a: Slowbro
|-resisted|p2a: Slowbro
|-damage|p2a: Slowbro|250\/393
|-heal|p1a: Chesnaught|152\/320|[from] drain|[of] p2a: Slowbro
|-damage|p1a: Chesnaught|99\/320|[from] item: Rocky Helmet|[of] p2a: Slowbro
|
|turn|10
|
|switch|p2a: Ferrothorn|Ferrothorn, F|71\/352
|move|p1a: Chesnaught|Seed Bomb|p2a: Ferrothorn
|-resisted|p2a: Ferrothorn
|-damage|p2a: Ferrothorn|0 fnt
|faint|p2a: Ferrothorn
|
|
|switch|p2a: Latias|Latias, F|301\/301
|turn|11
|
|move|p1a: Chesnaught|Drain Punch|p2a: Latias
|-resisted|p2a: Latias
|-damage|p2a: Latias|37\/301
|-heal|p1a: Chesnaught|231\/320|[from] drain|[of] p2a: Latias
|move|p2a: Latias|Psyshock|p1a: Chesnaught
|-supereffective|p1a: Chesnaught
|-end|p1a: Chesnaught|Substitute
|-damage|p2a: Latias|7\/301|[from] item: Life Orb
|
|turn|12
|
|switch|p2a: Landorus-Therian|Landorus-Therian, M|381\/381
|-ability|p2a: Landorus-Therian|Intimidate|[of] p1a: Chesnaught
|-unboost|p1a: Chesnaught|atk|1
|move|p1a: Chesnaught|Seed Bomb|p2a: Landorus-Therian
|-damage|p2a: Landorus-Therian|33\/381
|
|-heal|p2a: Landorus-Therian|56\/381|[from] item: Leftovers
|turn|13
|
|move|p1a: Chesnaught|Seed Bomb|p2a: Landorus-Therian
|-damage|p2a: Landorus-Therian|0 fnt
|faint|p2a: Landorus-Therian
|
|
|switch|p2a: Slowbro|Slowbro, F|381\/393
|turn|14
|
|move|p1a: Chesnaught|Seed Bomb|p2a: Slowbro
|-supereffective|p2a: Slowbro
|-damage|p2a: Slowbro|0 fnt
|faint|p2a: Slowbro
|
|
|switch|p2a: Gardevoir|Gardevoir-Mega, F|277\/277
|turn|15
|
|move|p1a: Chesnaught|Seed Bomb|p2a: Gardevoir
|-damage|p2a: Gardevoir|0 fnt
|faint|p2a: Gardevoir
|
|c|âArchPhantom|gg nice innovation :]
|-message|ArchPhantom forfeited.
|
|win|melvinl
|raw|Ladder updating...
|raw|melvinl's rating: 1430 &rarr; <strong>1452<\/strong><br \/>(+22 for winning)
|raw|ArchPhantom's rating: 1463 &rarr; <strong>1441<\/strong><br \/>(-22 for losing)
|leave|ArchPhantom
|player|p2