|join|ArchPhantom
|join|Bw2830
|player|p1|ArchPhantom|222
|player|p2|Bw2830|170
|gametype|singles
|gen|6
|tier|OU (suspect test)
|rated
|clearpoke
|poke|p1|Gardevoir, F
|poke|p1|Latias, F
|poke|p1|Tyranitar, F
|poke|p1|Landorus-Therian, M
|poke|p1|Ferrothorn, M
|poke|p1|Heatran, F
|poke|p2|Sableye, M
|poke|p2|Skarmory, M
|poke|p2|Heatran, F
|poke|p2|Landorus-Therian, M
|poke|p2|Kyurem-Black
|poke|p2|Sylveon, F
|rule|Swagger Clause: Swagger is banned
|rule|Baton Pass Clause: Limit one PokÃ©mon knowing Baton Pass
|rule|Sleep Clause Mod: Limit one foe put to sleep
|rule|Species Clause: Limit one of each PokÃ©mon
|rule|OHKO Clause: OHKO moves are banned
|rule|Moody Clause: Moody is banned
|rule|Evasion Moves Clause: Evasion moves are banned
|rule|Endless Battle Clause: Forcing endless battles is banned
|rule|HP Percentage Mod: HP is shown in percentages
|teampreview
|
|start
|switch|p1a: Gardevoir|Gardevoir, F|277\/277
|switch|p2a: Sylveon|Sylveon, F|373\/373
|turn|1
|
|detailschange|p1a: Gardevoir|Gardevoir-Mega, F
|-mega|p1a: Gardevoir|Gardevoir|Gardevoirite
|move|p1a: Gardevoir|Psyshock|p2a: Sylveon
|-damage|p2a: Sylveon|85\/373
|move|p2a: Sylveon|Wish|p2a: Sylveon
|
|-heal|p2a: Sylveon|108\/373|[from] item: Leftovers
|turn|2
|
|switch|p2a: Kyurem-Black|Kyurem-Black|391\/391
|-ability|p2a: Kyurem-Black|Teravolt
|move|p1a: Gardevoir|Calm Mind|p1a: Gardevoir
|-boost|p1a: Gardevoir|spa|1
|-boost|p1a: Gardevoir|spd|1
|
|turn|3
|
|move|p2a: Kyurem-Black|Iron Head|p1a: Gardevoir
|-supereffective|p1a: Gardevoir
|-damage|p1a: Gardevoir|0 fnt
|faint|p1a: Gardevoir
|
|
|switch|p1a: Landorus-Therian|Landorus-Therian, M|381\/381
|-ability|p1a: Landorus-Therian|Intimidate|[of] p2a: Kyurem-Black
|-unboost|p2a: Kyurem-Black|atk|1
|turn|4
|
|switch|p2a: Skarmory|Skarmory, M|333\/333
|move|p1a: Landorus-Therian|Stealth Rock|p2a: Skarmory
|-sidestart|p2: Bw2830|move: Stealth Rock
|
|turn|5
|
|move|p1a: Landorus-Therian|U-turn|p2a: Skarmory
|-resisted|p2a: Skarmory
|-damage|p2a: Skarmory|322\/333
|-damage|p1a: Landorus-Therian|318\/381|[from] item: Rocky Helmet|[of] p2a: Skarmory
|
|switch|p1a: Heatran|Heatran, F|323\/323
|-item|p1a: Heatran|Air Balloon
|move|p2a: Skarmory|Spikes|p1a: Heatran
|-sidestart|p1: ArchPhantom|Spikes
|
|turn|6
|
|switch|p1a: Landorus-Therian|Landorus-Therian, M|318\/381
|-ability|p1a: Landorus-Therian|Intimidate|[of] p2a: Skarmory
|-unboost|p2a: Skarmory|atk|1
|move|p2a: Skarmory|Spikes|p1a: Landorus-Therian
|-sidestart|p1: ArchPhantom|Spikes
|
|-heal|p1a: Landorus-Therian|341\/381|[from] item: Leftovers
|turn|7
|
|move|p1a: Landorus-Therian|U-turn|p2a: Skarmory
|-resisted|p2a: Skarmory
|-damage|p2a: Skarmory|312\/333
|-damage|p1a: Landorus-Therian|278\/381|[from] item: Rocky Helmet|[of] p2a: Skarmory
|
|switch|p1a: Heatran|Heatran, F|323\/323
|-item|p1a: Heatran|Air Balloon
|move|p2a: Skarmory|Spikes|p1a: Heatran
|-sidestart|p1: ArchPhantom|Spikes
|
|turn|8
|
|switch|p2a: Heatran|Heatran, F|385\/385
|-damage|p2a: Heatran|337\/385|[from] Stealth Rock
|move|p1a: Heatran|Lava Plume|p2a: Heatran
|-start|p2a: Heatran|ability: Flash Fire
|
|-heal|p2a: Heatran|361\/385|[from] item: Leftovers
|turn|9
|
|move|p2a: Heatran|Stealth Rock|p1a: Heatran
|-sidestart|p1: ArchPhantom|move: Stealth Rock
|move|p1a: Heatran|Roar|p2a: Heatran
|drag|p2a: Skarmory|Skarmory, M|312\/333
|-damage|p2a: Skarmory|271\/333|[from] Stealth Rock
|
|turn|10
|
|switch|p1a: Latias|Latias, F|301\/301
|-damage|p1a: Latias|264\/301|[from] Stealth Rock
|move|p2a: Skarmory|Whirlwind|p1a: Latias
|drag|p1a: Tyranitar|Tyranitar, F|341\/341
|-damage|p1a: Tyranitar|299\/341|[from] Stealth Rock
|-damage|p1a: Tyranitar|214\/341|[from] Spikes
|-weather|Sandstorm
|
|-weather|Sandstorm|[upkeep]
|turn|11
|
|move|p1a: Tyranitar|Stone Edge|p2a: Skarmory
|-crit|p2a: Skarmory
|-damage|p2a: Skarmory|120\/333
|move|p2a: Skarmory|Whirlwind|p1a: Tyranitar
|drag|p1a: Landorus-Therian|Landorus-Therian, M|278\/381
|-damage|p1a: Landorus-Therian|231\/381|[from] Stealth Rock
|-ability|p1a: Landorus-Therian|Intimidate|[of] p2a: Skarmory
|-unboost|p2a: Skarmory|atk|1
|
|-weather|Sandstorm|[upkeep]
|-heal|p1a: Landorus-Therian|254\/381|[from] item: Leftovers
|turn|12
|
|move|p1a: Landorus-Therian|Stone Edge|p2a: Skarmory
|-damage|p2a: Skarmory|57\/333
|move|p2a: Skarmory|Roost|p2a: Skarmory
|-heal|p2a: Skarmory|224\/333
|
|-weather|Sandstorm|[upkeep]
|-heal|p1a: Landorus-Therian|277\/381|[from] item: Leftovers
|turn|13
|
|move|p1a: Landorus-Therian|Stone Edge|p2a: Skarmory
|-damage|p2a: Skarmory|162\/333
|move|p2a: Skarmory|Whirlwind|p1a: Landorus-Therian
|drag|p1a: Latias|Latias, F|264\/301
|-damage|p1a: Latias|227\/301|[from] Stealth Rock
|
|-weather|Sandstorm|[upkeep]
|-damage|p1a: Latias|209\/301|[from] sandstorm
|turn|14
|
|move|p1a: Latias|Defog|p2a: Skarmory
|-unboost|p2a: Skarmory|evasion|1
|-sideend|p2: Bw2830|Stealth Rock|[from] move: Defog|[of] p2a: Skarmory
|-sideend|p1: ArchPhantom|Spikes|[from] move: Defog|[of] p1a: Latias
|-sideend|p1: ArchPhantom|Stealth Rock|[from] move: Defog|[of] p1a: Latias
|move|p2a: Skarmory|Roost|p2a: Skarmory
|-heal|p2a: Skarmory|329\/333
|
|-weather|none
|turn|15
|
|switch|p1a: Ferrothorn|Ferrothorn, M|352\/352
|move|p2a: Skarmory|Spikes|p1a: Ferrothorn
|-sidestart|p1: ArchPhantom|Spikes
|
|turn|16
|
|move|p2a: Skarmory|Spikes|p1a: Ferrothorn
|-sidestart|p1: ArchPhantom|Spikes
|move|p1a: Ferrothorn|Spikes|p2a: Skarmory
|-sidestart|p2: Bw2830|Spikes
|
|turn|17
|
|switch|p2a: Heatran|Heatran, F|361\/385
|-damage|p2a: Heatran|313\/385|[from] Spikes
|move|p1a: Ferrothorn|Spikes|p2a: Heatran
|-sidestart|p2: Bw2830|Spikes
|
|-heal|p2a: Heatran|337\/385|[from] item: Leftovers
|turn|18
|
|switch|p1a: Heatran|Heatran, F|323\/323
|-item|p1a: Heatran|Air Balloon
|move|p2a: Heatran|Roar|p1a: Heatran
|drag|p1a: Landorus-Therian|Landorus-Therian, M|277\/381
|-ability|p1a: Landorus-Therian|Intimidate|[of] p2a: Heatran
|-unboost|p2a: Heatran|atk|1
|
|-heal|p1a: Landorus-Therian|300\/381|[from] item: Leftovers
|-heal|p2a: Heatran|361\/385|[from] item: Leftovers
|turn|19
|
|switch|p2a: Landorus-Therian|Landorus-Therian, M|381\/381
|-ability|p2a: Landorus-Therian|Intimidate|[of] p1a: Landorus-Therian
|-unboost|p1a: Landorus-Therian|atk|1
|move|p1a: Landorus-Therian|Earthquake|p2a: Landorus-Therian
|-immune|p2a: Landorus-Therian|[msg]
|
|-heal|p1a: Landorus-Therian|323\/381|[from] item: Leftovers
|turn|20
|
|move|p1a: Landorus-Therian|Stealth Rock|p2a: Landorus-Therian
|-sidestart|p2: Bw2830|move: Stealth Rock
|move|p2a: Landorus-Therian|Knock Off|p1a: Landorus-Therian
|-damage|p1a: Landorus-Therian|227\/381
|-enditem|p1a: Landorus-Therian|Leftovers|[from] move: Knock Off|[of] p2a: Landorus-Therian
|
|turn|21
|
|move|p1a: Landorus-Therian|Stone Edge|p2a: Landorus-Therian
|-crit|p2a: Landorus-Therian
|-damage|p2a: Landorus-Therian|234\/381
|move|p2a: Landorus-Therian|Stone Edge|p1a: Landorus-Therian
|-damage|p1a: Landorus-Therian|128\/381
|
|-heal|p2a: Landorus-Therian|257\/381|[from] item: Leftovers
|turn|22
|
|move|p1a: Landorus-Therian|U-turn|p2a: Landorus-Therian
|-crit|p2a: Landorus-Therian
|-resisted|p2a: Landorus-Therian
|-damage|p2a: Landorus-Therian|205\/381
|
|switch|p1a: Latias|Latias, F|209\/301
|move|p2a: Landorus-Therian|U-turn|p1a: Latias
|-supereffective|p1a: Latias
|-damage|p1a: Latias|0 fnt
|faint|p1a: Latias
|
|switch|p2a: Skarmory|Skarmory, M|329\/333
|-damage|p2a: Skarmory|288\/333|[from] Stealth Rock
|
|c|âBw2830|2 critt
|
|switch|p1a: Heatran|Heatran, F|323\/323
|-item|p1a: Heatran|Air Balloon
|turn|23
|
|switch|p2a: Heatran|Heatran, F|361\/385
|-damage|p2a: Heatran|313\/385|[from] Stealth Rock
|-damage|p2a: Heatran|249\/385|[from] Spikes
|move|p1a: Heatran|Roar|p2a: Heatran
|drag|p2a: Kyurem-Black|Kyurem-Black|391\/391
|-damage|p2a: Kyurem-Black|294\/391|[from] Stealth Rock
|-damage|p2a: Kyurem-Black|229\/391|[from] Spikes
|-ability|p2a: Kyurem-Black|Teravolt
|
|turn|24
|
|switch|p1a: Ferrothorn|Ferrothorn, M|352\/352
|-damage|p1a: Ferrothorn|294\/352|[from] Spikes
|move|p2a: Kyurem-Black|Outrage|p1a: Ferrothorn
|-resisted|p1a: Ferrothorn
|-damage|p1a: Ferrothorn|207\/352
|-damage|p2a: Kyurem-Black|181\/391|[from] ability: Iron Barbs|[of] p1a: Ferrothorn
|
|-heal|p1a: Ferrothorn|229\/352|[from] item: Leftovers
|turn|25
|
|move|p2a: Kyurem-Black|Outrage|p1a: Ferrothorn
|-resisted|p1a: Ferrothorn
|-damage|p1a: Ferrothorn|136\/352
|-damage|p2a: Kyurem-Black|133\/391|[from] ability: Iron Barbs|[of] p1a: Ferrothorn
|move|p1a: Ferrothorn|Gyro Ball|p2a: Kyurem-Black
|-supereffective|p2a: Kyurem-Black
|-damage|p2a: Kyurem-Black|0 fnt
|faint|p2a: Kyurem-Black
|
|-heal|p1a: Ferrothorn|158\/352|[from] item: Leftovers
|
|switch|p2a: Heatran|Heatran, F|249\/385
|-damage|p2a: Heatran|185\/385|[from] Spikes
|-damage|p2a: Heatran|137\/385|[from] Stealth Rock
|turn|26
|
|switch|p1a: Heatran|Heatran, F|323\/323
|-item|p1a: Heatran|Air Balloon
|move|p2a: Heatran|Roar|p1a: Heatran
|drag|p1a: Landorus-Therian|Landorus-Therian, M|128\/381
|-ability|p1a: Landorus-Therian|Intimidate|[of] p2a: Heatran
|-unboost|p2a: Heatran|atk|1
|
|-heal|p2a: Heatran|161\/385|[from] item: Leftovers
|turn|27
|
|move|p1a: Landorus-Therian|U-turn|p2a: Heatran
|-resisted|p2a: Heatran
|-damage|p2a: Heatran|142\/385
|
|switch|p1a: Heatran|Heatran, F|323\/323
|-item|p1a: Heatran|Air Balloon
|move|p2a: Heatran|Stealth Rock|p1a: Heatran
|-sidestart|p1: ArchPhantom|move: Stealth Rock
|
|-heal|p2a: Heatran|166\/385|[from] item: Leftovers
|turn|28
|
|move|p1a: Heatran|Roar|p2a: Heatran
|drag|p2a: Sableye|Sableye, M|303\/303
|-damage|p2a: Sableye|253\/303|[from] Spikes
|-damage|p2a: Sableye|216\/303|[from] Stealth Rock
|
|turn|29
|
|detailschange|p2a: Sableye|Sableye-Mega, M
|-mega|p2a: Sableye|Sableye|Sablenite
|move|p2a: Sableye|Recover|p2a: Sableye
|-heal|p2a: Sableye|303\/303
|move|p1a: Heatran|Lava Plume|p2a: Sableye
|-crit|p2a: Sableye
|-damage|p2a: Sableye|131\/303
|-status|p2a: Sableye|brn
|
|-damage|p2a: Sableye|94\/303 brn|[from] brn
|turn|30
|
|move|p1a: Heatran|Flash Cannon|p2a: Sableye
|-damage|p2a: Sableye|0 fnt
|faint|p2a: Sableye
|
|
|switch|p2a: Landorus-Therian|Landorus-Therian, M|205\/381
|-damage|p2a: Landorus-Therian|158\/381|[from] Stealth Rock
|-ability|p2a: Landorus-Therian|Intimidate|[of] p1a: Heatran
|-unboost|p1a: Heatran|atk|1
|turn|31
|
|move|p1a: Heatran|Lava Plume|p2a: Landorus-Therian
|-damage|p2a: Landorus-Therian|0 fnt
|faint|p2a: Landorus-Therian
|
|
|switch|p2a: Heatran|Heatran, F|166\/385
|-damage|p2a: Heatran|118\/385|[from] Stealth Rock
|-damage|p2a: Heatran|54\/385|[from] Spikes
|turn|32
|
|move|p1a: Heatran|Roar|p2a: Heatran
|drag|p2a: Sylveon|Sylveon, F|108\/373
|-damage|p2a: Sylveon|46\/373|[from] Spikes
|-damage|p2a: Sylveon|0 fnt|[from] Stealth Rock
|faint|p2a: Sylveon
|
|-message|Bw2830 forfeited.
|leave|Bw2830
|
|win|ArchPhantom
|raw|Ladder updating...
|player|p2
|raw|ArchPhantom's rating: 1388 &rarr; <strong>1403<\/strong><br \/>(+15 for winning)
|raw|Bw2830's rating: 1294 &rarr; <strong>1275<\/strong><br \/>(-19 for losing)