|join|ArchPhantom
|join|BAN TRAPPERS
|player|p1|ArchPhantom|222
|player|p2|BAN TRAPPERS|147
|gametype|singles
|gen|6
|tier|OU (suspect test)
|clearpoke
|poke|p1|Houndoom, M
|poke|p1|Slowbro, F
|poke|p1|Ferrothorn, F
|poke|p1|Landorus-Therian, M
|poke|p1|Latias, F
|poke|p1|Conkeldurr, F
|poke|p2|Bisharp, F
|poke|p2|Gyarados, M
|poke|p2|Celebi
|poke|p2|Heatran, M
|poke|p2|Landorus-Therian, M
|poke|p2|Latios, M
|rule|Swagger Clause: Swagger is banned
|rule|Baton Pass Clause: Limit one PokÃ©mon knowing Baton Pass
|rule|Sleep Clause Mod: Limit one foe put to sleep
|rule|Species Clause: Limit one of each PokÃ©mon
|rule|OHKO Clause: OHKO moves are banned
|rule|Moody Clause: Moody is banned
|rule|Evasion Moves Clause: Evasion moves are banned
|rule|Endless Battle Clause: Forcing endless battles is banned
|rule|HP Percentage Mod: HP is shown in percentages
|teampreview
|c|âBAN TRAPPERS|hf
|c|âBAN TRAPPERS|yes
|c|âBAN TRAPPERS|megadoom
|c|âBAN TRAPPERS|you're great
|c|âArchPhantom|U have fun too
|c|âBAN TRAPPERS|always lando ferro latios lol
|c|âBAN TRAPPERS|and bro too
|c|âArchPhantom|Lol
|
|start
|switch|p1a: Houndoom|Houndoom, M|299\/299
|switch|p2a: Bisharp|Bisharp, F|271\/271
|turn|1
|
|switch|p2a: Heatran|Heatran, M|386\/386
|detailschange|p1a: Houndoom|Houndoom-Mega, M
|-mega|p1a: Houndoom|Houndoom|Houndoominite
|move|p1a: Houndoom|Nasty Plot|p1a: Houndoom
|-boost|p1a: Houndoom|spa|2
|
|turn|2
|
|move|p1a: Houndoom|Taunt|p2a: Heatran
|-start|p2a: Heatran|move: Taunt
|cant|p2a: Heatran|move: Taunt|Stealth Rock
|
|turn|3
|
|move|p1a: Houndoom|Dark Pulse|p2a: Heatran
|-damage|p2a: Heatran|161\/386
|move|p2a: Heatran|Lava Plume|p1a: Houndoom
|-resisted|p1a: Houndoom
|-damage|p1a: Houndoom|233\/299
|
|-heal|p2a: Heatran|185\/386|[from] item: Leftovers
|turn|4
|
|move|p1a: Houndoom|Dark Pulse|p2a: Heatran
|-damage|p2a: Heatran|0 fnt
|faint|p2a: Heatran
|
|
|switch|p2a: Gyarados|Gyarados, M|333\/333
|-ability|p2a: Gyarados|Intimidate|[of] p1a: Houndoom
|-unboost|p1a: Houndoom|atk|1
|turn|5
|
|switch|p1a: Ferrothorn|Ferrothorn, F|352\/352
|detailschange|p2a: Gyarados|Gyarados-Mega, M
|-mega|p2a: Gyarados|Gyarados|Gyaradosite
|-ability|p2a: Gyarados|Mold Breaker
|move|p2a: Gyarados|Crunch|p1a: Ferrothorn
|-damage|p1a: Ferrothorn|231\/352
|-damage|p2a: Gyarados|292\/333|[from] ability: Iron Barbs|[of] p1a: Ferrothorn
|
|-heal|p1a: Ferrothorn|253\/352|[from] item: Leftovers
|turn|6
|
|switch|p2a: Celebi|Celebi|404\/404
|move|p1a: Ferrothorn|Stealth Rock|p2a: Celebi
|-sidestart|p2: BAN TRAPPERS|move: Stealth Rock
|
|-heal|p1a: Ferrothorn|275\/352|[from] item: Leftovers
|turn|7
|
|move|p2a: Celebi|Baton Pass|p2a: Celebi
|
|switch|p2a: Bisharp|Bisharp, F|271\/271
|-damage|p2a: Bisharp|255\/271|[from] Stealth Rock
|move|p1a: Ferrothorn|Power Whip|p2a: Bisharp
|-resisted|p2a: Bisharp
|-damage|p2a: Bisharp|193\/271
|
|-heal|p1a: Ferrothorn|297\/352|[from] item: Leftovers
|turn|8
|
|switch|p1a: Houndoom|Houndoom-Mega, M|233\/299
|move|p2a: Bisharp|Knock Off|p1a: Houndoom
|-resisted|p1a: Houndoom
|-damage|p1a: Houndoom|159\/299
|-damage|p2a: Bisharp|166\/271|[from] item: Life Orb
|
|turn|9
|
|switch|p2a: Gyarados|Gyarados-Mega, M|292\/333
|-damage|p2a: Gyarados|251\/333|[from] Stealth Rock
|-ability|p2a: Gyarados|Mold Breaker
|move|p1a: Houndoom|Fire Blast|p2a: Gyarados
|-resisted|p2a: Gyarados
|-damage|p2a: Gyarados|168\/333
|-status|p2a: Gyarados|brn
|
|-damage|p2a: Gyarados|127\/333 brn|[from] brn
|turn|10
|c|âArchPhantom|Ah
|c|âBAN TRAPPERS|our games
|c|âBAN TRAPPERS|lmfao
|c|âArchPhantom|im sacking doom here
|
|move|p1a: Houndoom|Taunt|p2a: Gyarados
|-start|p2a: Gyarados|move: Taunt
|move|p2a: Gyarados|Waterfall|p1a: Houndoom
|-supereffective|p1a: Houndoom
|-damage|p1a: Houndoom|0 fnt
|faint|p1a: Houndoom
|
|-damage|p2a: Gyarados|86\/333 brn|[from] brn
|
|switch|p1a: Landorus-Therian|Landorus-Therian, M|319\/319
|-ability|p1a: Landorus-Therian|Intimidate|[of] p2a: Gyarados
|-unboost|p2a: Gyarados|atk|1
|turn|11
|c|âBAN TRAPPERS|ok thanks :o
|
|move|p1a: Landorus-Therian|U-turn|p2a: Gyarados
|-supereffective|p2a: Gyarados
|-damage|p2a: Gyarados|0 fnt
|faint|p2a: Gyarados
|c|âArchPhantom|Lol
|
|switch|p1a: Conkeldurr|Conkeldurr, F|351\/351
|
|
|switch|p2a: Latios|Latios, M|301\/301
|-damage|p2a: Latios|264\/301|[from] Stealth Rock
|turn|12
|
|switch|p1a: Slowbro|Slowbro, F|393\/393
|move|p2a: Latios|Defog|p1a: Slowbro
|-unboost|p1a: Slowbro|evasion|1
|-sideend|p2: BAN TRAPPERS|Stealth Rock|[from] move: Defog|[of] p2a: Latios
|
|turn|13
|
|switch|p2a: Bisharp|Bisharp, F|166\/271
|switch|p1a: Ferrothorn|Ferrothorn, F|297\/352
|
|-heal|p1a: Ferrothorn|319\/352|[from] item: Leftovers
|turn|14
|
|move|p2a: Bisharp|Knock Off|p1a: Ferrothorn
|-damage|p1a: Ferrothorn|155\/352
|-damage|p2a: Bisharp|133\/271|[from] ability: Iron Barbs|[of] p1a: Ferrothorn
|-enditem|p1a: Ferrothorn|Leftovers|[from] move: Knock Off|[of] p2a: Bisharp
|-damage|p2a: Bisharp|106\/271|[from] item: Life Orb
|move|p1a: Ferrothorn|Leech Seed|p2a: Bisharp|[miss]
|-miss|p1a: Ferrothorn|p2a: Bisharp
|
|turn|15
|c|âBAN TRAPPERS|ill sucker
|
|move|p2a: Bisharp|Sucker Punch|p1a: Ferrothorn
|-fail|p1a: Ferrothorn
|move|p1a: Ferrothorn|Leech Seed|p2a: Bisharp
|-start|p2a: Bisharp|move: Leech Seed
|
|-damage|p2a: Bisharp|73\/271|[from] Leech Seed|[of] p1a: Ferrothorn
|-heal|p1a: Ferrothorn|188\/352|[silent]
|turn|16
|
|switch|p1a: Conkeldurr|Conkeldurr, F|351\/351
|move|p2a: Bisharp|Swords Dance|p2a: Bisharp
|-boost|p2a: Bisharp|atk|2
|
|-damage|p2a: Bisharp|40\/271|[from] Leech Seed|[of] p1a: Conkeldurr
|turn|17
|
|switch|p2a: Latios|Latios, M|264\/301
|move|p1a: Conkeldurr|Mach Punch|p2a: Latios
|-resisted|p2a: Latios
|-damage|p2a: Latios|212\/301
|
|turn|18
|
|switch|p1a: Slowbro|Slowbro, F|393\/393
|move|p2a: Latios|Psyshock|p1a: Slowbro
|-resisted|p1a: Slowbro
|-damage|p1a: Slowbro|325\/393
|-damage|p2a: Latios|182\/301|[from] item: Life Orb
|
|turn|19
|
|switch|p1a: Ferrothorn|Ferrothorn, F|188\/352
|move|p2a: Latios|Draco Meteor|p1a: Ferrothorn
|-resisted|p1a: Ferrothorn
|-damage|p1a: Ferrothorn|71\/352
|-unboost|p2a: Latios|spa|2
|-damage|p2a: Latios|152\/301|[from] item: Life Orb
|
|turn|20
|
|switch|p1a: Slowbro|Slowbro, F|393\/393
|move|p2a: Latios|Earthquake|p1a: Slowbro
|-damage|p1a: Slowbro|328\/393
|-damage|p2a: Latios|122\/301|[from] item: Life Orb
|
|turn|21
|
|switch|p2a: Celebi|Celebi|404\/404
|switch|p1a: Conkeldurr|Conkeldurr, F|351\/351
|
|turn|22
|
|move|p2a: Celebi|Giga Drain|p1a: Conkeldurr
|-damage|p1a: Conkeldurr|294\/351
|move|p1a: Conkeldurr|Knock Off|p2a: Celebi
|-supereffective|p2a: Celebi
|-damage|p2a: Celebi|176\/404
|-enditem|p2a: Celebi|Leftovers|[from] move: Knock Off|[of] p1a: Conkeldurr
|
|turn|23
|
|move|p2a: Celebi|Recover|p2a: Celebi
|-heal|p2a: Celebi|378\/404
|move|p1a: Conkeldurr|Poison Jab|p2a: Celebi
|-supereffective|p2a: Celebi
|-damage|p2a: Celebi|184\/404
|
|turn|24
|
|switch|p2a: Landorus-Therian|Landorus-Therian, M|319\/319
|-ability|p2a: Landorus-Therian|Intimidate|[of] p1a: Conkeldurr
|-unboost|p1a: Conkeldurr|atk|1
|move|p1a: Conkeldurr|Poison Jab|p2a: Landorus-Therian
|-resisted|p2a: Landorus-Therian
|-damage|p2a: Landorus-Therian|283\/319
|
|turn|25
|
|switch|p1a: Slowbro|Slowbro, F|393\/393
|move|p2a: Landorus-Therian|U-turn|p1a: Slowbro
|-supereffective|p1a: Slowbro
|-damage|p1a: Slowbro|259\/393
|-damage|p2a: Landorus-Therian|230\/319|[from] item: Rocky Helmet|[of] p1a: Slowbro
|
|switch|p2a: Latios|Latios, M|122\/301
|
|turn|26
|
|switch|p1a: Ferrothorn|Ferrothorn, F|71\/352
|move|p2a: Latios|Draco Meteor|p1a: Ferrothorn
|-resisted|p1a: Ferrothorn
|-damage|p1a: Ferrothorn|0 fnt
|-unboost|p2a: Latios|spa|2
|-damage|p2a: Latios|92\/301|[from] item: Life Orb
|faint|p1a: Ferrothorn
|
|
|switch|p1a: Landorus-Therian|Landorus-Therian, M|319\/319
|-ability|p1a: Landorus-Therian|Intimidate|[of] p2a: Latios
|-unboost|p2a: Latios|atk|1
|turn|27
|
|switch|p2a: Landorus-Therian|Landorus-Therian, M|230\/319
|-ability|p2a: Landorus-Therian|Intimidate|[of] p1a: Landorus-Therian
|-unboost|p1a: Landorus-Therian|atk|1
|move|p1a: Landorus-Therian|U-turn|p2a: Landorus-Therian
|-resisted|p2a: Landorus-Therian
|-damage|p2a: Landorus-Therian|197\/319
|
|switch|p1a: Slowbro|Slowbro, F|390\/393
|
|turn|28
|
|switch|p2a: Celebi|Celebi|184\/404
|move|p1a: Slowbro|Fire Blast|p2a: Celebi
|-supereffective|p2a: Celebi
|-damage|p2a: Celebi|36\/404
|
|turn|29
|
|switch|p1a: Conkeldurr|Conkeldurr, F|294\/351
|move|p2a: Celebi|Recover|p2a: Celebi
|-heal|p2a: Celebi|238\/404
|
|turn|30
|
|switch|p2a: Landorus-Therian|Landorus-Therian, M|197\/319
|-ability|p2a: Landorus-Therian|Intimidate|[of] p1a: Conkeldurr
|-unboost|p1a: Conkeldurr|atk|1
|move|p1a: Conkeldurr|Poison Jab|p2a: Landorus-Therian
|-resisted|p2a: Landorus-Therian
|-damage|p2a: Landorus-Therian|158\/319
|
|turn|31
|c|âBAN TRAPPERS|what is helmet for on slowbro
|c|âArchPhantom|U turn scarf lando
|c|âArchPhantom|xD
|c|âBAN TRAPPERS|haha ok lol
|
|move|p2a: Landorus-Therian|U-turn|p1a: Conkeldurr
|-resisted|p1a: Conkeldurr
|-damage|p1a: Conkeldurr|250\/351
|
|switch|p2a: Celebi|Celebi|238\/404
|move|p1a: Conkeldurr|Drain Punch|p2a: Celebi
|-resisted|p2a: Celebi
|-damage|p2a: Celebi|194\/404
|-heal|p1a: Conkeldurr|272\/351|[from] drain|[of] p2a: Celebi
|
|turn|32
|
|move|p2a: Celebi|Recover|p2a: Celebi
|-heal|p2a: Celebi|396\/404
|move|p1a: Conkeldurr|Poison Jab|p2a: Celebi
|-supereffective|p2a: Celebi
|-damage|p2a: Celebi|278\/404
|-status|p2a: Celebi|psn
|
|-damage|p2a: Celebi|228\/404 psn|[from] psn
|turn|33
|
|switch|p1a: Landorus-Therian|Landorus-Therian, M|319\/319
|-ability|p1a: Landorus-Therian|Intimidate|[of] p2a: Celebi
|-unboost|p2a: Celebi|atk|1
|move|p2a: Celebi|Giga Drain|p1a: Landorus-Therian
|-damage|p1a: Landorus-Therian|205\/319
|-heal|p2a: Celebi|285\/404 psn|[from] drain|[of] p1a: Landorus-Therian
|
|-damage|p2a: Celebi|235\/404 psn|[from] psn
|turn|34
|
|switch|p2a: Landorus-Therian|Landorus-Therian, M|158\/319
|-ability|p2a: Landorus-Therian|Intimidate|[of] p1a: Landorus-Therian
|-unboost|p1a: Landorus-Therian|atk|1
|move|p1a: Landorus-Therian|U-turn|p2a: Landorus-Therian
|-resisted|p2a: Landorus-Therian
|-damage|p2a: Landorus-Therian|125\/319
|
|switch|p1a: Latias|Latias, F|301\/301
|
|turn|35
|
|switch|p1a: Slowbro|Slowbro, F|393\/393
|move|p2a: Landorus-Therian|U-turn|p1a: Slowbro
|-supereffective|p1a: Slowbro
|-damage|p1a: Slowbro|277\/393
|-damage|p2a: Landorus-Therian|72\/319|[from] item: Rocky Helmet|[of] p1a: Slowbro
|
|switch|p2a: Celebi|Celebi|235\/404
|
|turn|36
|
|switch|p1a: Conkeldurr|Conkeldurr, F|272\/351
|move|p2a: Celebi|Giga Drain|p1a: Conkeldurr
|-crit|p1a: Conkeldurr
|-damage|p1a: Conkeldurr|176\/351
|-heal|p2a: Celebi|283\/404|[from] drain|[of] p1a: Conkeldurr
|
|turn|37
|c|âBAN TRAPPERS|not seeing a pattern
|c|âBAN TRAPPERS|at all
|c|âArchPhantom|XD
|
|move|p2a: Celebi|Giga Drain|p1a: Conkeldurr
|-damage|p1a: Conkeldurr|115\/351
|-heal|p2a: Celebi|314\/404|[from] drain|[of] p1a: Conkeldurr
|move|p1a: Conkeldurr|Poison Jab|p2a: Celebi
|-supereffective|p2a: Celebi
|-damage|p2a: Celebi|126\/404
|
|turn|38
|
|switch|p2a: Landorus-Therian|Landorus-Therian, M|72\/319
|-ability|p2a: Landorus-Therian|Intimidate|[of] p1a: Conkeldurr
|-unboost|p1a: Conkeldurr|atk|1
|move|p1a: Conkeldurr|Poison Jab|p2a: Landorus-Therian
|-resisted|p2a: Landorus-Therian
|-damage|p2a: Landorus-Therian|33\/319
|
|turn|39
|
|switch|p2a: Celebi|Celebi|126\/404
|switch|p1a: Slowbro|Slowbro, F|393\/393
|
|turn|40
|
|switch|p1a: Latias|Latias, F|301\/301
|move|p2a: Celebi|Recover|p2a: Celebi
|-heal|p2a: Celebi|328\/404
|
|turn|41
|
|move|p1a: Latias|Psyshock|p2a: Celebi
|-resisted|p2a: Celebi
|-damage|p2a: Celebi|266\/404
|-damage|p1a: Latias|271\/301|[from] item: Life Orb
|move|p2a: Celebi|Healing Wish|p2a: Celebi
|faint|p2a: Celebi
|
|c|âBAN TRAPPERS|lets see why I made all these plays
|
|switch|p2a: Bisharp|Bisharp, F|40\/271
|-heal|p2a: Bisharp|271\/271|[from] move: Healing Wish
|turn|42
|c|âArchPhantom|Hw celebi
|
|move|p2a: Bisharp|Sucker Punch|p1a: Latias
|-fail|p1a: Latias
|move|p1a: Latias|Healing Wish|p1a: Latias
|faint|p1a: Latias
|
|c|âArchPhantom|not bad
|
|switch|p1a: Conkeldurr|Conkeldurr, F|115\/351
|-heal|p1a: Conkeldurr|351\/351|[from] move: Healing Wish
|turn|43
|c|âBAN TRAPPERS|LAO
|c|âBAN TRAPPERS|IM GARBAGE
|
|switch|p2a: Landorus-Therian|Landorus-Therian, M|33\/319
|-ability|p2a: Landorus-Therian|Intimidate|[of] p1a: Conkeldurr
|-unboost|p1a: Conkeldurr|atk|1
|move|p1a: Conkeldurr|Knock Off|p2a: Landorus-Therian
|-damage|p2a: Landorus-Therian|0 fnt
|-enditem|p2a: Landorus-Therian|Choice Scarf|[from] move: Knock Off|[of] p1a: Conkeldurr
|faint|p2a: Landorus-Therian
|
|
|switch|p2a: Latios|Latios, M|92\/301
|turn|44
|
|switch|p1a: Slowbro|Slowbro, F|393\/393
|move|p2a: Latios|Draco Meteor|p1a: Slowbro
|-damage|p1a: Slowbro|25\/393
|-unboost|p2a: Latios|spa|2
|-damage|p2a: Latios|62\/301|[from] item: Life Orb
|
|turn|45
|
|move|p2a: Latios|Psyshock|p1a: Slowbro
|-resisted|p1a: Slowbro
|-damage|p1a: Slowbro|0 fnt
|-damage|p2a: Latios|32\/301|[from] item: Life Orb
|faint|p1a: Slowbro
|
|
|switch|p1a: Landorus-Therian|Landorus-Therian, M|205\/319
|-ability|p1a: Landorus-Therian|Intimidate|[of] p2a: Latios
|-unboost|p2a: Latios|atk|1
|turn|46
|
|move|p1a: Landorus-Therian|U-turn|p2a: Latios
|-supereffective|p2a: Latios
|-damage|p2a: Latios|0 fnt
|faint|p2a: Latios
|c|âBAN TRAPPERS|great game
|
|switch|p1a: Conkeldurr|Conkeldurr, F|351\/351
|
|
|switch|p2a: Bisharp|Bisharp, F|271\/271
|turn|47
|c|âArchPhantom|yeah despite the hax
|c|âArchPhantom|gg
|
|move|p1a: Conkeldurr|Mach Punch|p2a: Bisharp
|-supereffective|p2a: Bisharp
|-damage|p2a: Bisharp|0 fnt
|faint|p2a: Bisharp
|
|win|ArchPhantom
|join|stgalk