|join|Pryda
|join|ArchPhantom
|player|p1|Pryda|281
|player|p2|ArchPhantom|222
|gametype|singles
|gen|6
|tier|OU (suspect test)
|rated
|clearpoke
|poke|p1|Lopunny, M
|poke|p1|Celebi
|poke|p1|Bisharp, F
|poke|p1|Keldeo
|poke|p1|Landorus-Therian, M
|poke|p1|Empoleon, M
|poke|p2|Gardevoir, F
|poke|p2|Latias, F
|poke|p2|Tyranitar, M
|poke|p2|Landorus-Therian, M
|poke|p2|Ferrothorn, F
|poke|p2|Heatran, F
|rule|Swagger Clause: Swagger is banned
|rule|Baton Pass Clause: Limit one PokÃ©mon knowing Baton Pass
|rule|Sleep Clause Mod: Limit one foe put to sleep
|rule|Species Clause: Limit one of each PokÃ©mon
|rule|OHKO Clause: OHKO moves are banned
|rule|Moody Clause: Moody is banned
|rule|Evasion Moves Clause: Evasion moves are banned
|rule|Endless Battle Clause: Forcing endless battles is banned
|rule|HP Percentage Mod: HP is shown in percentages
|teampreview
|
|start
|switch|p1a: Lopunny|Lopunny, M|271\/271
|switch|p2a: Gardevoir|Gardevoir, F|277\/277
|turn|1
|
|switch|p2a: Ferrothorn|Ferrothorn, F|352\/352
|detailschange|p1a: Lopunny|Lopunny-Mega, M
|-mega|p1a: Lopunny|Lopunny|Lopunnite
|move|p1a: Lopunny|Return|p2a: Ferrothorn
|-resisted|p2a: Ferrothorn
|-damage|p2a: Ferrothorn|287\/352
|-damage|p1a: Lopunny|238\/271|[from] ability: Iron Barbs|[of] p2a: Ferrothorn
|
|-heal|p2a: Ferrothorn|309\/352|[from] item: Leftovers
|turn|2
|join|anphonic
|
|switch|p2a: Landorus-Therian|Landorus-Therian, M|381\/381
|-ability|p2a: Landorus-Therian|Intimidate|[of] p1a: Lopunny
|-unboost|p1a: Lopunny|atk|1
|move|p1a: Lopunny|High Jump Kick|p2a: Landorus-Therian|[miss]
|-miss|p1a: Lopunny|p2a: Landorus-Therian
|-damage|p1a: Lopunny|103\/271|[from] highjumpkick
|
|turn|3
|
|switch|p1a: Landorus-Therian|Landorus-Therian, M|319\/319
|-ability|p1a: Landorus-Therian|Intimidate|[of] p2a: Landorus-Therian
|-unboost|p2a: Landorus-Therian|atk|1
|move|p2a: Landorus-Therian|Stealth Rock|p1a: Landorus-Therian
|-sidestart|p1: Pryda|move: Stealth Rock
|
|turn|4
|
|move|p1a: Landorus-Therian|U-turn|p2a: Landorus-Therian
|-resisted|p2a: Landorus-Therian
|-damage|p2a: Landorus-Therian|345\/381
|
|switch|p1a: Keldeo|Keldeo|323\/323
|-damage|p1a: Keldeo|303\/323|[from] Stealth Rock
|move|p2a: Landorus-Therian|U-turn|p1a: Keldeo
|-resisted|p1a: Keldeo
|-damage|p1a: Keldeo|275\/323
|
|switch|p2a: Gardevoir|Gardevoir, F|277\/277
|
|turn|5
|
|switch|p1a: Empoleon|Empoleon, M|371\/371
|-damage|p1a: Empoleon|348\/371|[from] Stealth Rock
|detailschange|p2a: Gardevoir|Gardevoir-Mega, F
|-mega|p2a: Gardevoir|Gardevoir|Gardevoirite
|move|p2a: Gardevoir|Hyper Voice|p1a: Empoleon
|-resisted|p1a: Empoleon
|-damage|p1a: Empoleon|219\/371
|
|-heal|p1a: Empoleon|242\/371|[from] item: Leftovers
|turn|6
|
|switch|p1a: Landorus-Therian|Landorus-Therian, M|319\/319
|-damage|p1a: Landorus-Therian|280\/319|[from] Stealth Rock
|-ability|p1a: Landorus-Therian|Intimidate|[of] p2a: Gardevoir
|-unboost|p2a: Gardevoir|atk|1
|move|p2a: Gardevoir|Focus Blast|p1a: Landorus-Therian|[miss]
|-miss|p2a: Gardevoir|p1a: Landorus-Therian
|
|turn|7
|
|move|p1a: Landorus-Therian|U-turn|p2a: Gardevoir
|-damage|p2a: Gardevoir|144\/277
|
|switch|p1a: Celebi|Celebi|404\/404
|-damage|p1a: Celebi|354\/404|[from] Stealth Rock
|move|p2a: Gardevoir|Focus Blast|p1a: Celebi|[miss]
|-miss|p2a: Gardevoir|p1a: Celebi
|
|-heal|p1a: Celebi|379\/404|[from] item: Leftovers
|turn|8
|
|move|p2a: Gardevoir|Calm Mind|p2a: Gardevoir
|-boost|p2a: Gardevoir|spa|1
|-boost|p2a: Gardevoir|spd|1
|move|p1a: Celebi|Recover|p1a: Celebi
|-heal|p1a: Celebi|404\/404
|
|turn|9
|c|âPryda|i clicked
|c|âPryda|baton pass
|c|âPryda|but okay
|
|move|p2a: Gardevoir|Hyper Voice|p1a: Celebi
|-damage|p1a: Celebi|110\/404
|move|p1a: Celebi|Baton Pass|p1a: Celebi
|
|switch|p1a: Bisharp|Bisharp, F|271\/271
|-damage|p1a: Bisharp|255\/271|[from] Stealth Rock
|
|turn|10
|
|move|p1a: Bisharp|Pursuit|p2a: Gardevoir|[from]Pursuit
|-damage|p2a: Gardevoir|0 fnt
|-damage|p1a: Bisharp|228\/271|[from] item: Life Orb
|faint|p2a: Gardevoir
|
|
|switch|p2a: Tyranitar|Tyranitar, M|341\/341
|-weather|Sandstorm
|turn|11
|
|switch|p1a: Landorus-Therian|Landorus-Therian, M|280\/319
|-damage|p1a: Landorus-Therian|241\/319|[from] Stealth Rock
|-ability|p1a: Landorus-Therian|Intimidate|[of] p2a: Tyranitar
|-unboost|p2a: Tyranitar|atk|1
|move|p2a: Tyranitar|Superpower|p1a: Landorus-Therian
|-resisted|p1a: Landorus-Therian
|-damage|p1a: Landorus-Therian|190\/319
|-unboost|p2a: Tyranitar|atk|1
|-unboost|p2a: Tyranitar|def|1
|
|-weather|Sandstorm|[upkeep]
|turn|12
|
|switch|p2a: Ferrothorn|Ferrothorn, F|309\/352
|move|p1a: Landorus-Therian|U-turn|p2a: Ferrothorn
|-damage|p2a: Ferrothorn|245\/352
|-damage|p1a: Landorus-Therian|151\/319|[from] ability: Iron Barbs|[of] p2a: Ferrothorn
|
|switch|p1a: Keldeo|Keldeo|275\/323
|-damage|p1a: Keldeo|255\/323|[from] Stealth Rock
|
|-weather|Sandstorm|[upkeep]
|-damage|p1a: Keldeo|235\/323|[from] sandstorm
|-heal|p2a: Ferrothorn|267\/352|[from] item: Leftovers
|turn|13
|
|switch|p2a: Latias|Latias, F|301\/301
|move|p1a: Keldeo|Secret Sword|p2a: Latias
|-resisted|p2a: Latias
|-damage|p2a: Latias|181\/301
|
|-weather|Sandstorm|[upkeep]
|-damage|p2a: Latias|163\/301|[from] sandstorm
|-damage|p1a: Keldeo|215\/323|[from] sandstorm
|turn|14
|
|switch|p2a: Tyranitar|Tyranitar, M|341\/341
|move|p1a: Keldeo|Secret Sword|p2a: Tyranitar
|-supereffective|p2a: Tyranitar
|-damage|p2a: Tyranitar|0 fnt
|faint|p2a: Tyranitar
|
|-weather|Sandstorm|[upkeep]
|-damage|p1a: Keldeo|195\/323|[from] sandstorm
|
|switch|p2a: Landorus-Therian|Landorus-Therian, M|345\/381
|-ability|p2a: Landorus-Therian|Intimidate|[of] p1a: Keldeo
|-unboost|p1a: Keldeo|atk|1
|turn|15
|
|switch|p1a: Landorus-Therian|Landorus-Therian, M|151\/319
|-damage|p1a: Landorus-Therian|112\/319|[from] Stealth Rock
|-ability|p1a: Landorus-Therian|Intimidate|[of] p2a: Landorus-Therian
|-unboost|p2a: Landorus-Therian|atk|1
|move|p2a: Landorus-Therian|U-turn|p1a: Landorus-Therian
|-resisted|p1a: Landorus-Therian
|-damage|p1a: Landorus-Therian|86\/319
|
|switch|p2a: Heatran|Heatran, F|323\/323
|-item|p2a: Heatran|Air Balloon
|
|-weather|none
|turn|16
|
|switch|p2a: Ferrothorn|Ferrothorn, F|267\/352
|move|p1a: Landorus-Therian|U-turn|p2a: Ferrothorn
|-damage|p2a: Ferrothorn|204\/352
|-damage|p1a: Landorus-Therian|47\/319|[from] ability: Iron Barbs|[of] p2a: Ferrothorn
|
|switch|p1a: Empoleon|Empoleon, M|242\/371
|-damage|p1a: Empoleon|219\/371|[from] Stealth Rock
|
|-heal|p1a: Empoleon|242\/371|[from] item: Leftovers
|-heal|p2a: Ferrothorn|226\/352|[from] item: Leftovers
|turn|17
|
|move|p1a: Empoleon|Defog|p2a: Ferrothorn
|-unboost|p2a: Ferrothorn|evasion|1
|-sideend|p1: Pryda|Stealth Rock|[from] move: Defog|[of] p1a: Empoleon
|move|p2a: Ferrothorn|Leech Seed|p1a: Empoleon
|-start|p1a: Empoleon|move: Leech Seed
|
|-heal|p1a: Empoleon|265\/371|[from] item: Leftovers
|-heal|p2a: Ferrothorn|248\/352|[from] item: Leftovers
|-damage|p1a: Empoleon|219\/371|[from] Leech Seed|[of] p2a: Ferrothorn
|-heal|p2a: Ferrothorn|294\/352|[silent]
|turn|18
|
|move|p2a: Ferrothorn|Spikes|p1a: Empoleon
|-sidestart|p1: Pryda|Spikes
|move|p1a: Empoleon|Roar|p2a: Ferrothorn
|drag|p2a: Latias|Latias, F|163\/301
|
|-heal|p1a: Empoleon|242\/371|[from] item: Leftovers
|-damage|p1a: Empoleon|196\/371|[from] Leech Seed|[of] p2a: Latias
|-heal|p2a: Latias|209\/301|[silent]
|turn|19
|
|switch|p2a: Landorus-Therian|Landorus-Therian, M|345\/381
|-ability|p2a: Landorus-Therian|Intimidate|[of] p1a: Empoleon
|-unboost|p1a: Empoleon|atk|1
|move|p1a: Empoleon|Stealth Rock|p2a: Landorus-Therian
|-sidestart|p2: ArchPhantom|move: Stealth Rock
|
|-heal|p2a: Landorus-Therian|368\/381|[from] item: Leftovers
|-heal|p1a: Empoleon|219\/371|[from] item: Leftovers
|-damage|p1a: Empoleon|173\/371|[from] Leech Seed|[of] p2a: Landorus-Therian
|-heal|p2a: Landorus-Therian|381\/381|[silent]
|turn|20
|
|move|p2a: Landorus-Therian|Earthquake|p1a: Empoleon
|-supereffective|p1a: Empoleon
|-damage|p1a: Empoleon|0 fnt
|faint|p1a: Empoleon
|
|
|switch|p1a: Keldeo|Keldeo|195\/323
|-damage|p1a: Keldeo|155\/323|[from] Spikes
|turn|21
|
|switch|p2a: Ferrothorn|Ferrothorn, F|294\/352
|-damage|p2a: Ferrothorn|272\/352|[from] Stealth Rock
|move|p1a: Keldeo|Scald|p2a: Ferrothorn
|-resisted|p2a: Ferrothorn
|-damage|p2a: Ferrothorn|200\/352
|
|-heal|p2a: Ferrothorn|222\/352|[from] item: Leftovers
|turn|22
|
|switch|p1a: Lopunny|Lopunny-Mega, M|103\/271
|-damage|p1a: Lopunny|70\/271|[from] Spikes
|move|p2a: Ferrothorn|Spikes|p1a: Lopunny
|-sidestart|p1: Pryda|Spikes
|
|-heal|p2a: Ferrothorn|244\/352|[from] item: Leftovers
|turn|23
|
|switch|p2a: Landorus-Therian|Landorus-Therian, M|381\/381
|-damage|p2a: Landorus-Therian|334\/381|[from] Stealth Rock
|-ability|p2a: Landorus-Therian|Intimidate|[of] p1a: Lopunny
|-unboost|p1a: Lopunny|atk|1
|move|p1a: Lopunny|High Jump Kick|p2a: Landorus-Therian
|-resisted|p2a: Landorus-Therian
|-damage|p2a: Landorus-Therian|268\/381
|
|-heal|p2a: Landorus-Therian|291\/381|[from] item: Leftovers
|turn|24
|
|switch|p2a: Ferrothorn|Ferrothorn, F|244\/352
|-damage|p2a: Ferrothorn|222\/352|[from] Stealth Rock
|move|p1a: Lopunny|Ice Punch|p2a: Ferrothorn
|-damage|p2a: Ferrothorn|183\/352
|-damage|p1a: Lopunny|37\/271|[from] ability: Iron Barbs|[of] p2a: Ferrothorn
|
|-heal|p2a: Ferrothorn|205\/352|[from] item: Leftovers
|turn|25
|
|switch|p2a: Landorus-Therian|Landorus-Therian, M|291\/381
|-damage|p2a: Landorus-Therian|244\/381|[from] Stealth Rock
|-ability|p2a: Landorus-Therian|Intimidate|[of] p1a: Lopunny
|-unboost|p1a: Lopunny|atk|1
|move|p1a: Lopunny|High Jump Kick|p2a: Landorus-Therian
|-resisted|p2a: Landorus-Therian
|-damage|p2a: Landorus-Therian|190\/381
|
|-heal|p2a: Landorus-Therian|213\/381|[from] item: Leftovers
|turn|26
|
|move|p1a: Lopunny|Ice Punch|p2a: Landorus-Therian
|-supereffective|p2a: Landorus-Therian
|-damage|p2a: Landorus-Therian|61\/381
|move|p2a: Landorus-Therian|Stealth Rock|p1a: Lopunny
|-sidestart|p1: Pryda|move: Stealth Rock
|
|-heal|p2a: Landorus-Therian|84\/381|[from] item: Leftovers
|turn|27
|
|switch|p2a: Ferrothorn|Ferrothorn, F|205\/352
|-damage|p2a: Ferrothorn|183\/352|[from] Stealth Rock
|move|p1a: Lopunny|Return|p2a: Ferrothorn
|-resisted|p2a: Ferrothorn
|-damage|p2a: Ferrothorn|149\/352
|-damage|p1a: Lopunny|4\/271|[from] ability: Iron Barbs|[of] p2a: Ferrothorn
|
|-heal|p2a: Ferrothorn|171\/352|[from] item: Leftovers
|turn|28
|
|move|p1a: Lopunny|High Jump Kick|p2a: Ferrothorn
|-supereffective|p2a: Ferrothorn
|-damage|p2a: Ferrothorn|9\/352
|-damage|p1a: Lopunny|0 fnt|[from] ability: Iron Barbs|[of] p2a: Ferrothorn
|faint|p1a: Lopunny
|move|p2a: Ferrothorn|Spikes|p1: Lopunny
|-sidestart|p1: Pryda|Spikes
|
|-heal|p2a: Ferrothorn|31\/352|[from] item: Leftovers
|
|switch|p1a: Bisharp|Bisharp, F|228\/271
|-damage|p1a: Bisharp|212\/271|[from] Stealth Rock
|-damage|p1a: Bisharp|145\/271|[from] Spikes
|turn|29
|
|move|p1a: Bisharp|Knock Off|p2a: Ferrothorn
|-crit|p2a: Ferrothorn
|-damage|p2a: Ferrothorn|0 fnt
|-damage|p1a: Bisharp|112\/271|[from] ability: Iron Barbs|[of] p2a: Ferrothorn
|-enditem|p2a: Ferrothorn|Leftovers|[from] move: Knock Off|[of] p1a: Bisharp
|-damage|p1a: Bisharp|85\/271|[from] item: Life Orb
|faint|p2a: Ferrothorn
|
|
|switch|p2a: Heatran|Heatran, F|323\/323
|-damage|p2a: Heatran|283\/323|[from] Stealth Rock
|-item|p2a: Heatran|Air Balloon
|turn|30
|
|move|p1a: Bisharp|Sucker Punch|p2a: Heatran
|-fail|p2a: Heatran
|move|p2a: Heatran|Roar|p1a: Bisharp
|drag|p1a: Celebi|Celebi|110\/404
|-damage|p1a: Celebi|9\/404|[from] Spikes
|-damage|p1a: Celebi|0 fnt|[from] Stealth Rock
|faint|p1a: Celebi
|
|
|switch|p1a: Keldeo|Keldeo|155\/323
|-damage|p1a: Keldeo|135\/323|[from] Stealth Rock
|-damage|p1a: Keldeo|55\/323|[from] Spikes
|turn|31
|
|switch|p2a: Landorus-Therian|Landorus-Therian, M|84\/381
|-damage|p2a: Landorus-Therian|37\/381|[from] Stealth Rock
|-ability|p2a: Landorus-Therian|Intimidate|[of] p1a: Keldeo
|-unboost|p1a: Keldeo|atk|1
|move|p1a: Keldeo|Secret Sword|p2a: Landorus-Therian
|-resisted|p2a: Landorus-Therian
|-damage|p2a: Landorus-Therian|0 fnt
|faint|p2a: Landorus-Therian
|
|
|switch|p2a: Latias|Latias, F|209\/301
|-damage|p2a: Latias|172\/301|[from] Stealth Rock
|turn|32
|
|move|p2a: Latias|Psyshock|p1a: Keldeo
|-supereffective|p1a: Keldeo
|-damage|p1a: Keldeo|0 fnt
|-damage|p2a: Latias|142\/301|[from] item: Life Orb
|faint|p1a: Keldeo
|
|
|switch|p1a: Bisharp|Bisharp, F|85\/271
|-damage|p1a: Bisharp|69\/271|[from] Stealth Rock
|-damage|p1a: Bisharp|2\/271|[from] Spikes
|turn|33
|
|move|p1a: Bisharp|Sucker Punch|p2a: Latias
|-supereffective|p2a: Latias
|-damage|p2a: Latias|0 fnt
|-damage|p1a: Bisharp|0 fnt|[from] item: Life Orb
|faint|p2a: Latias
|faint|p1a: Bisharp
|
|
|switch|p1a: Landorus-Therian|Landorus-Therian, M|47\/319
|switch|p2a: Heatran|Heatran, F|283\/323
|-damage|p1a: Landorus-Therian|8\/319|[from] Stealth Rock
|-ability|p1a: Landorus-Therian|Intimidate|[of] p2a: Heatran
|-unboost|p2a: Heatran|atk|1
|-damage|p2a: Heatran|243\/323|[from] Stealth Rock
|-item|p2a: Heatran|Air Balloon
|turn|34
|
|move|p1a: Landorus-Therian|Stone Edge|p2a: Heatran
|-damage|p2a: Heatran|116\/323
|-enditem|p2a: Heatran|Air Balloon
|move|p2a: Heatran|Lava Plume|p1a: Landorus-Therian
|-damage|p1a: Landorus-Therian|0 fnt
|faint|p1a: Landorus-Therian
|
|win|ArchPhantom
|raw|Ladder updating...
|raw|Pryda's rating: 1334 &rarr; <strong>1319<\/strong><br \/>(-15 for losing)
|raw|ArchPhantom's rating: 1415 &rarr; <strong>1431<\/strong><br \/>(+16 for winning)
|c|âArchPhantom|gg
|c|âPryda|gg