|join|ArchPhantom
|join|HiBrow
|player|p1|ArchPhantom|222
|player|p2|HiBrow|238
|gametype|singles
|gen|6
|tier|OU (suspect test)
|rated
|clearpoke
|poke|p1|Gardevoir, F
|poke|p1|Ferrothorn, F
|poke|p1|Latias, F
|poke|p1|Heracross, M
|poke|p1|Slowbro, F
|poke|p1|Landorus-Therian, M
|poke|p2|Chesnaught, F
|poke|p2|Pikachu, M
|poke|p2|Gliscor, M
|poke|p2|Magnezone
|poke|p2|Gyarados, F
|poke|p2|Scizor, M
|rule|Swagger Clause: Swagger is banned
|rule|Baton Pass Clause: Limit one PokÃ©mon knowing Baton Pass
|rule|Sleep Clause Mod: Limit one foe put to sleep
|rule|Species Clause: Limit one of each PokÃ©mon
|rule|OHKO Clause: OHKO moves are banned
|rule|Moody Clause: Moody is banned
|rule|Evasion Moves Clause: Evasion moves are banned
|rule|Endless Battle Clause: Forcing endless battles is banned
|rule|HP Percentage Mod: HP is shown in percentages
|teampreview
|
|start
|switch|p1a: Gardevoir|Gardevoir, F|277\/277
|switch|p2a: Chesnaught|Chesnaught, F|320\/320
|-ability|p1a: Gardevoir|Overgrow|[from] ability: Trace|[of] p2a: Chesnaught
|turn|1
|
|switch|p2a: Magnezone|Magnezone|343\/343
|detailschange|p1a: Gardevoir|Gardevoir-Mega, F
|-mega|p1a: Gardevoir|Gardevoir|Gardevoirite
|move|p1a: Gardevoir|Hyper Voice|p2a: Magnezone
|-resisted|p2a: Magnezone
|-damage|p2a: Magnezone|188\/343
|
|turn|2
|
|move|p1a: Gardevoir|Focus Blast|p2a: Magnezone
|-supereffective|p2a: Magnezone
|-damage|p2a: Magnezone|0 fnt
|faint|p2a: Magnezone
|
|
|switch|p2a: Scizor|Scizor, M|343\/343
|turn|3
|
|switch|p1a: Slowbro|Slowbro, F|393\/393
|detailschange|p2a: Scizor|Scizor-Mega, M
|-mega|p2a: Scizor|Scizor|Scizorite
|move|p2a: Scizor|U-turn|p1a: Slowbro
|-supereffective|p1a: Slowbro
|-damage|p1a: Slowbro|225\/393
|-damage|p2a: Scizor|286\/343|[from] item: Rocky Helmet|[of] p1a: Slowbro
|
|switch|p2a: Pikachu|Pikachu, M|211\/211
|
|turn|4
|
|switch|p1a: Ferrothorn|Ferrothorn, F|352\/352
|move|p2a: Pikachu|Volt Tackle|p1a: Ferrothorn
|-resisted|p1a: Ferrothorn
|-damage|p1a: Ferrothorn|259\/352
|-damage|p2a: Pikachu|185\/211|[from] ability: Iron Barbs|[of] p1a: Ferrothorn
|-damage|p2a: Pikachu|154\/211|[from] recoil|[of] p1a: Ferrothorn
|
|-heal|p1a: Ferrothorn|281\/352|[from] item: Leftovers
|turn|5
|
|switch|p2a: Chesnaught|Chesnaught, F|320\/320
|move|p1a: Ferrothorn|Stealth Rock|p2a: Chesnaught
|-sidestart|p2: HiBrow|move: Stealth Rock
|
|-heal|p1a: Ferrothorn|303\/352|[from] item: Leftovers
|turn|6
|
|switch|p1a: Gardevoir|Gardevoir-Mega, F|277\/277
|move|p2a: Chesnaught|Substitute|p2a: Chesnaught
|-start|p2a: Chesnaught|Substitute
|-damage|p2a: Chesnaught|240\/320
|
|turn|7
|
|switch|p2a: Pikachu|Pikachu, M|154\/211
|-damage|p2a: Pikachu|128\/211|[from] Stealth Rock
|move|p1a: Gardevoir|Hyper Voice|p2a: Pikachu
|-damage|p2a: Pikachu|0 fnt
|faint|p2a: Pikachu
|
|
|switch|p2a: Scizor|Scizor-Mega, M|286\/343
|-damage|p2a: Scizor|244\/343|[from] Stealth Rock
|turn|8
|
|move|p1a: Gardevoir|Focus Blast|p2a: Scizor
|-damage|p2a: Scizor|64\/343
|-unboost|p2a: Scizor|spd|1
|move|p2a: Scizor|U-turn|p1a: Gardevoir
|-damage|p1a: Gardevoir|108\/277
|
|switch|p2a: Gyarados|Gyarados, F|394\/394
|-damage|p2a: Gyarados|296\/394|[from] Stealth Rock
|-ability|p2a: Gyarados|Intimidate|[of] p1a: Gardevoir
|-unboost|p1a: Gardevoir|atk|1
|
|-heal|p2a: Gyarados|320\/394|[from] item: Leftovers
|turn|9
|
|move|p1a: Gardevoir|Hyper Voice|p2a: Gyarados
|-damage|p2a: Gyarados|58\/394
|move|p2a: Gyarados|Thunder Wave|p1a: Gardevoir
|-status|p1a: Gardevoir|par
|
|-heal|p2a: Gyarados|82\/394|[from] item: Leftovers
|turn|10
|
|switch|p1a: Latias|Latias, F|301\/301
|move|p2a: Gyarados|Waterfall|p1a: Latias
|-resisted|p1a: Latias
|-damage|p1a: Latias|223\/301
|
|-heal|p2a: Gyarados|106\/394|[from] item: Leftovers
|turn|11
|
|move|p1a: Latias|Healing Wish|p1a: Latias
|faint|p1a: Latias
|move|p2a: Gyarados|Thunder Wave|p1: Latias|[notarget]
|-notarget
|
|-heal|p2a: Gyarados|130\/394|[from] item: Leftovers
|
|switch|p1a: Gardevoir|Gardevoir-Mega, F|108\/277 par
|-heal|p1a: Gardevoir|277\/277|[from] move: Healing Wish
|turn|12
|
|move|p1a: Gardevoir|Hyper Voice|p2a: Gyarados
|-damage|p2a: Gyarados|0 fnt
|faint|p2a: Gyarados
|
|
|switch|p2a: Scizor|Scizor-Mega, M|64\/343
|-damage|p2a: Scizor|22\/343|[from] Stealth Rock
|turn|13
|
|switch|p1a: Slowbro|Slowbro, F|356\/393
|move|p2a: Scizor|Bullet Punch|p1a: Slowbro
|-resisted|p1a: Slowbro
|-damage|p1a: Slowbro|319\/393
|-damage|p2a: Scizor|0 fnt|[from] item: Rocky Helmet|[of] p1a: Slowbro
|faint|p2a: Scizor
|
|
|switch|p2a: Chesnaught|Chesnaught, F|240\/320
|-damage|p2a: Chesnaught|220\/320|[from] Stealth Rock
|turn|14
|
|switch|p1a: Gardevoir|Gardevoir-Mega, F|277\/277
|move|p2a: Chesnaught|Belly Drum|p2a: Chesnaught
|-damage|p2a: Chesnaught|60\/320
|-setboost|p2a: Chesnaught|atk|6|[from] move: Belly Drum
|-enditem|p2a: Chesnaught|Salac Berry|[eat]
|-boost|p2a: Chesnaught|spe|1|[from] item: Salac Berry
|
|turn|15
|
|switch|p1a: Heracross|Heracross, M|307\/307
|move|p2a: Chesnaught|Seed Bomb|p1a: Heracross
|-resisted|p1a: Heracross
|-damage|p1a: Heracross|0 fnt
|faint|p1a: Heracross
|
|
|switch|p1a: Landorus-Therian|Landorus-Therian, M|319\/319
|-ability|p1a: Landorus-Therian|Intimidate|[of] p2a: Chesnaught
|-unboost|p2a: Chesnaught|atk|1
|turn|16
|
|switch|p1a: Ferrothorn|Ferrothorn, F|303\/352
|move|p2a: Chesnaught|Seed Bomb|p1a: Ferrothorn
|-resisted|p1a: Ferrothorn
|-damage|p1a: Ferrothorn|198\/352
|
|-heal|p1a: Ferrothorn|220\/352|[from] item: Leftovers
|turn|17
|
|switch|p1a: Landorus-Therian|Landorus-Therian, M|319\/319
|-ability|p1a: Landorus-Therian|Intimidate|[of] p2a: Chesnaught
|-unboost|p2a: Chesnaught|atk|1
|move|p2a: Chesnaught|Drain Punch|p1a: Landorus-Therian
|-resisted|p1a: Landorus-Therian
|-damage|p1a: Landorus-Therian|122\/319
|-heal|p2a: Chesnaught|159\/320|[from] drain|[of] p1a: Landorus-Therian
|
|turn|18
|
|switch|p1a: Ferrothorn|Ferrothorn, F|220\/352
|move|p2a: Chesnaught|Drain Punch|p1a: Ferrothorn
|-supereffective|p1a: Ferrothorn
|-damage|p1a: Ferrothorn|0 fnt
|-heal|p2a: Chesnaught|269\/320|[from] drain|[of] p1a: Ferrothorn
|-damage|p2a: Chesnaught|229\/320|[from] ability: Iron Barbs|[of] p1a: Ferrothorn
|faint|p1a: Ferrothorn
|
|
|switch|p1a: Landorus-Therian|Landorus-Therian, M|122\/319
|-ability|p1a: Landorus-Therian|Intimidate|[of] p2a: Chesnaught
|-unboost|p2a: Chesnaught|atk|1
|turn|19
|
|move|p1a: Landorus-Therian|U-turn|p2a: Chesnaught
|-damage|p2a: Chesnaught|158\/320
|
|switch|p1a: Slowbro|Slowbro, F|393\/393
|move|p2a: Chesnaught|Seed Bomb|p1a: Slowbro
|-supereffective|p1a: Slowbro
|-damage|p1a: Slowbro|0 fnt
|faint|p1a: Slowbro
|
|
|switch|p1a: Landorus-Therian|Landorus-Therian, M|122\/319
|-ability|p1a: Landorus-Therian|Intimidate|[of] p2a: Chesnaught
|-unboost|p2a: Chesnaught|atk|1
|turn|20
|
|move|p1a: Landorus-Therian|Superpower|p2a: Chesnaught
|-damage|p2a: Chesnaught|24\/320
|-unboost|p1a: Landorus-Therian|atk|1
|-unboost|p1a: Landorus-Therian|def|1
|move|p2a: Chesnaught|Seed Bomb|p1a: Landorus-Therian
|-damage|p1a: Landorus-Therian|0 fnt
|faint|p1a: Landorus-Therian
|
|
|switch|p1a: Gardevoir|Gardevoir-Mega, F|277\/277
|turn|21
|
|move|p2a: Chesnaught|Seed Bomb|p1a: Gardevoir
|-damage|p1a: Gardevoir|0 fnt
|faint|p1a: Gardevoir
|
|win|HiBrow
|raw|Ladder updating...
|raw|ArchPhantom's rating: 1546 &rarr; <strong>1520<\/strong><br \/>(-26 for losing)
|raw|HiBrow's rating: 1441 &rarr; <strong>1467<\/strong><br \/>(+26 for winning)
|leave|ArchPhantom