|join|ArchPhantom
|join|GlazedDoughnut
|player|p1|ArchPhantom|222
|player|p2|GlazedDoughnut|157
|gametype|singles
|gen|6
|tier|OU (suspect test)
|rated
|clearpoke
|poke|p1|Rhyperior, M
|poke|p1|Charizard, F
|poke|p1|Bisharp, M
|poke|p1|Gliscor, F
|poke|p1|Latios, M
|poke|p1|Keldeo
|poke|p2|Metagross, shiny
|poke|p2|Manaphy, shiny
|poke|p2|Tyranitar, M, shiny
|poke|p2|Gothitelle, F, shiny
|poke|p2|Heatran, M, shiny
|poke|p2|Scizor, M, shiny
|rule|Swagger Clause: Swagger is banned
|rule|Baton Pass Clause: Limit one PokÃ©mon knowing Baton Pass
|rule|Sleep Clause Mod: Limit one foe put to sleep
|rule|Species Clause: Limit one of each PokÃ©mon
|rule|OHKO Clause: OHKO moves are banned
|rule|Moody Clause: Moody is banned
|rule|Evasion Moves Clause: Evasion moves are banned
|rule|Endless Battle Clause: Forcing endless battles is banned
|rule|HP Percentage Mod: HP is shown in percentages
|teampreview
|
|start
|switch|p1a: Charizard|Charizard, F|297\/297
|switch|p2a: Manaphy|Manaphy, shiny|345\/345
|turn|1
|
|switch|p2a: Tyranitar|Tyranitar, M, shiny|341\/341
|-weather|Sandstorm
|detailschange|p1a: Charizard|Charizard-Mega-Y, F
|-mega|p1a: Charizard|Charizard|Charizardite Y
|-weather|SunnyDay
|move|p1a: Charizard|Fire Blast|p2a: Tyranitar
|-resisted|p2a: Tyranitar
|-damage|p2a: Tyranitar|119\/341
|
|-weather|SunnyDay|[upkeep]
|turn|2
|
|switch|p2a: Gothitelle|Gothitelle, F, shiny|343\/343
|switch|p1a: Rhyperior|Rhyperior, M|424\/424
|
|-weather|SunnyDay|[upkeep]
|turn|3
|
|move|p2a: Gothitelle|Trick|p1a: Rhyperior
|-activate|p2a: Gothitelle|move: Trick|[of] p1a: Rhyperior
|-item|p1a: Rhyperior|Choice Scarf|[from] move: Trick
|-item|p2a: Gothitelle|Leftovers|[from] move: Trick
|move|p1a: Rhyperior|Stealth Rock|p2a: Gothitelle
|-sidestart|p2: GlazedDoughnut|move: Stealth Rock
|
|-weather|SunnyDay|[upkeep]
|turn|4
|
|move|p2a: Gothitelle|Calm Mind|p2a: Gothitelle
|-boost|p2a: Gothitelle|spa|1
|-boost|p2a: Gothitelle|spd|1
|move|p1a: Rhyperior|Stealth Rock|p2a: Gothitelle
|-fail|p2a: Gothitelle
|
|-weather|SunnyDay|[upkeep]
|turn|5
|
|move|p2a: Gothitelle|Calm Mind|p2a: Gothitelle
|-boost|p2a: Gothitelle|spa|1
|-boost|p2a: Gothitelle|spd|1
|move|p1a: Rhyperior|Stealth Rock|p2a: Gothitelle
|-fail|p2a: Gothitelle
|
|-weather|none
|turn|6
|
|move|p2a: Gothitelle|Calm Mind|p2a: Gothitelle
|-boost|p2a: Gothitelle|spa|1
|-boost|p2a: Gothitelle|spd|1
|move|p1a: Rhyperior|Stealth Rock|p2a: Gothitelle
|-fail|p2a: Gothitelle
|
|turn|7
|
|move|p2a: Gothitelle|Calm Mind|p2a: Gothitelle
|-boost|p2a: Gothitelle|spa|1
|-boost|p2a: Gothitelle|spd|1
|move|p1a: Rhyperior|Stealth Rock|p2a: Gothitelle
|-fail|p2a: Gothitelle
|
|turn|8
|
|move|p2a: Gothitelle|Calm Mind|p2a: Gothitelle
|-boost|p2a: Gothitelle|spa|1
|-boost|p2a: Gothitelle|spd|1
|move|p1a: Rhyperior|Stealth Rock|p2a: Gothitelle
|-fail|p2a: Gothitelle
|
|turn|9
|
|move|p2a: Gothitelle|Psyshock|p1a: Rhyperior
|-damage|p1a: Rhyperior|246\/424
|move|p1a: Rhyperior|Stealth Rock|p2a: Gothitelle
|-fail|p2a: Gothitelle
|
|turn|10
|
|move|p2a: Gothitelle|Psyshock|p1a: Rhyperior
|-damage|p1a: Rhyperior|57\/424
|move|p1a: Rhyperior|Stealth Rock|p2a: Gothitelle
|-fail|p2a: Gothitelle
|
|turn|11
|
|move|p2a: Gothitelle|Trick|p1a: Rhyperior
|-activate|p2a: Gothitelle|move: Trick|[of] p1a: Rhyperior
|-item|p1a: Rhyperior|Leftovers|[from] move: Trick
|-item|p2a: Gothitelle|Choice Scarf|[from] move: Trick
|move|p1a: Rhyperior|Stealth Rock|p2a: Gothitelle
|-fail|p2a: Gothitelle
|
|-heal|p1a: Rhyperior|83\/424|[from] item: Leftovers
|turn|12
|
|move|p2a: Gothitelle|Psyshock|p1a: Rhyperior
|-damage|p1a: Rhyperior|0 fnt
|faint|p1a: Rhyperior
|
|
|switch|p1a: Bisharp|Bisharp, M|271\/271
|turn|13
|
|move|p1a: Bisharp|Pursuit|p2a: Gothitelle|[from]Pursuit
|-supereffective|p2a: Gothitelle
|-damage|p2a: Gothitelle|5\/343
|-damage|p1a: Bisharp|244\/271|[from] item: Life Orb
|switch|p2a: Heatran|Heatran, M, shiny|323\/323
|-damage|p2a: Heatran|283\/323|[from] Stealth Rock
|-item|p2a: Heatran|Air Balloon
|
|turn|14
|
|switch|p1a: Keldeo|Keldeo|323\/323
|move|p2a: Heatran|Stealth Rock|p1a: Keldeo
|-sidestart|p1: ArchPhantom|move: Stealth Rock
|
|turn|15
|
|switch|p2a: Gothitelle|Gothitelle, F, shiny|5\/343
|-damage|p2a: Gothitelle|0 fnt|[from] Stealth Rock
|faint|p2a: Gothitelle
|move|p1a: Keldeo|Secret Sword|p2: Gothitelle|[notarget]
|-notarget
|
|
|switch|p2a: Metagross|Metagross, shiny|301\/301
|-damage|p2a: Metagross|283\/301|[from] Stealth Rock
|turn|16
|
|detailschange|p2a: Metagross|Metagross-Mega, shiny
|-mega|p2a: Metagross|Metagross|Metagrossite
|move|p1a: Keldeo|Secret Sword|p2a: Metagross
|-damage|p2a: Metagross|178\/301
|move|p2a: Metagross|Zen Headbutt|p1a: Keldeo
|-supereffective|p1a: Keldeo
|-damage|p1a: Keldeo|0 fnt
|faint|p1a: Keldeo
|
|
|switch|p1a: Bisharp|Bisharp, M|244\/271
|-damage|p1a: Bisharp|228\/271|[from] Stealth Rock
|turn|17
|
|move|p2a: Metagross|Substitute|p2a: Metagross
|-start|p2a: Metagross|Substitute
|-damage|p2a: Metagross|103\/301
|move|p1a: Bisharp|Pursuit|p2a: Metagross
|-supereffective|p2a: Metagross
|-end|p2a: Metagross|Substitute
|-damage|p1a: Bisharp|201\/271|[from] item: Life Orb
|
|turn|18
|
|move|p1a: Bisharp|Sucker Punch|p2a: Metagross
|-supereffective|p2a: Metagross
|-damage|p2a: Metagross|0 fnt
|-damage|p1a: Bisharp|174\/271|[from] item: Life Orb
|faint|p2a: Metagross
|
|
|switch|p2a: Heatran|Heatran, M, shiny|283\/323
|-damage|p2a: Heatran|243\/323|[from] Stealth Rock
|-item|p2a: Heatran|Air Balloon
|turn|19
|
|switch|p1a: Latios|Latios, M|301\/301
|-damage|p1a: Latios|264\/301|[from] Stealth Rock
|move|p2a: Heatran|Magma Storm|p1a: Latios
|-resisted|p1a: Latios
|-damage|p1a: Latios|180\/301
|-activate|p1a: Latios|move: Magma Storm|[of] p2a: Heatran
|
|-damage|p1a: Latios|143\/301|[from] move: Magma Storm|[partiallytrapped]
|turn|20
|
|move|p1a: Latios|Psyshock|p2a: Heatran
|-crit|p2a: Heatran
|-resisted|p2a: Heatran
|-damage|p2a: Heatran|105\/323
|-enditem|p2a: Heatran|Air Balloon
|-damage|p1a: Latios|113\/301|[from] item: Life Orb
|move|p2a: Heatran|Stealth Rock|p1a: Latios
|-fail|p1a: Latios
|
|-damage|p1a: Latios|76\/301|[from] move: Magma Storm|[partiallytrapped]
|turn|21
|
|move|p1a: Latios|Draco Meteor|p2a: Heatran
|-resisted|p2a: Heatran
|-damage|p2a: Heatran|0 fnt
|-unboost|p1a: Latios|spa|2
|-damage|p1a: Latios|46\/301|[from] item: Life Orb
|faint|p2a: Heatran
|
|-end|p1a: Latios|Magma Storm|[partiallytrapped]
|
|switch|p2a: Scizor|Scizor, M, shiny|281\/281
|-damage|p2a: Scizor|246\/281|[from] Stealth Rock
|turn|22
|
|move|p2a: Scizor|Pursuit|p1a: Latios|[from]Pursuit
|-supereffective|p1a: Latios
|-damage|p1a: Latios|0 fnt
|faint|p1a: Latios
|
|
|switch|p1a: Gliscor|Gliscor, F|352\/352
|-damage|p1a: Gliscor|308\/352|[from] Stealth Rock
|turn|23
|
|switch|p2a: Manaphy|Manaphy, shiny|345\/345
|-damage|p2a: Manaphy|302\/345|[from] Stealth Rock
|move|p1a: Gliscor|Swords Dance|p1a: Gliscor
|-boost|p1a: Gliscor|atk|2
|
|-heal|p2a: Manaphy|323\/345|[from] item: Leftovers
|-status|p1a: Gliscor|tox|[from] item: Toxic Orb
|turn|24
|
|move|p2a: Manaphy|Scald|p1a: Gliscor
|-supereffective|p1a: Gliscor
|-damage|p1a: Gliscor|90\/352 tox
|move|p1a: Gliscor|Earthquake|p2a: Manaphy
|-damage|p2a: Manaphy|110\/345
|
|-heal|p2a: Manaphy|131\/345|[from] item: Leftovers
|-heal|p1a: Gliscor|134\/352 tox|[from] ability: Poison Heal
|turn|25
|
|move|p2a: Manaphy|Scald|p1a: Gliscor
|-supereffective|p1a: Gliscor
|-damage|p1a: Gliscor|0 fnt
|faint|p1a: Gliscor
|
|-heal|p2a: Manaphy|152\/345|[from] item: Leftovers
|
|switch|p1a: Charizard|Charizard-Mega-Y, F|297\/297
|-damage|p1a: Charizard|149\/297|[from] Stealth Rock
|-weather|SunnyDay
|turn|26
|
|move|p1a: Charizard|Fire Blast|p2a: Manaphy
|-resisted|p2a: Manaphy
|-damage|p2a: Manaphy|0 fnt
|faint|p2a: Manaphy
|
|-weather|SunnyDay|[upkeep]
|
|switch|p2a: Tyranitar|Tyranitar, M, shiny|119\/341
|-damage|p2a: Tyranitar|77\/341|[from] Stealth Rock
|-weather|Sandstorm
|turn|27
|
|move|p2a: Tyranitar|Superpower|p1a: Charizard
|-resisted|p1a: Charizard
|-damage|p1a: Charizard|54\/297
|-unboost|p2a: Tyranitar|atk|1
|-unboost|p2a: Tyranitar|def|1
|move|p1a: Charizard|Focus Blast|p2a: Tyranitar
|-supereffective|p2a: Tyranitar
|-damage|p2a: Tyranitar|0 fnt
|faint|p2a: Tyranitar
|
|-weather|Sandstorm|[upkeep]
|-damage|p1a: Charizard|36\/297|[from] sandstorm
|c|âGlazedDoughnut|gg
|c|âArchPhantom|gg
|
|switch|p2a: Scizor|Scizor, M, shiny|246\/281
|-damage|p2a: Scizor|211\/281|[from] Stealth Rock
|turn|28
|
|move|p2a: Scizor|Bullet Punch|p1a: Charizard
|-resisted|p1a: Charizard
|-damage|p1a: Charizard|0 fnt
|faint|p1a: Charizard
|
|-weather|Sandstorm|[upkeep]
|
|switch|p1a: Bisharp|Bisharp, M|174\/271
|-damage|p1a: Bisharp|158\/271|[from] Stealth Rock
|turn|29
|
|move|p2a: Scizor|Bullet Punch|p1a: Bisharp
|-crit|p1a: Bisharp
|-resisted|p1a: Bisharp
|-damage|p1a: Bisharp|35\/271
|move|p1a: Bisharp|Knock Off|p2a: Scizor
|-damage|p2a: Scizor|0 fnt
|-enditem|p2a: Scizor|Choice Band|[from] move: Knock Off|[of] p1a: Bisharp
|-damage|p1a: Bisharp|8\/271|[from] item: Life Orb
|faint|p2a: Scizor
|
|win|ArchPhantom
|raw|Ladder updating...
|raw|ArchPhantom's rating: 1333 &rarr; <strong>1352<\/strong><br \/>(+19 for winning)
|raw|GlazedDoughnut's rating: 1319 &rarr; <strong>1300<\/strong><br \/>(-19 for losing)