|join|Motherklang
|join|ArchPhantom
|join|Rooo
|join|IamChow
|c|âArchPhantom|glhf
|join|Flamebot
|player|p1|Motherklang|226
|player|p2|ArchPhantom|222
|gametype|singles
|gen|6
|tier|OU (suspect test)
|clearpoke
|poke|p1|Chesnaught, M
|poke|p1|Heatran, F
|poke|p1|Bisharp, F
|poke|p1|Mew
|poke|p1|Diancie
|poke|p1|Landorus-Therian, M
|poke|p2|Lopunny, M
|poke|p2|Latias, F
|poke|p2|Conkeldurr, F
|poke|p2|Ferrothorn, F
|poke|p2|Heatran, F
|poke|p2|Landorus-Therian, M
|rule|Swagger Clause: Swagger is banned
|rule|Baton Pass Clause: Limit one PokÃ©mon knowing Baton Pass
|rule|Sleep Clause Mod: Limit one foe put to sleep
|rule|Species Clause: Limit one of each PokÃ©mon
|rule|OHKO Clause: OHKO moves are banned
|rule|Moody Clause: Moody is banned
|rule|Evasion Moves Clause: Evasion moves are banned
|rule|Endless Battle Clause: Forcing endless battles is banned
|rule|HP Percentage Mod: HP is shown in percentages
|teampreview
|c|âMotherklang|u2
|join|Bulgrom
|join|alegasdegpojl
|join|Shadow Poochyena
|join|FrozenCold
|leave|FrozenCold
|c| alegasdegpojl|hi
|leave|alegasdegpojl
|
|start
|switch|p1a: Landorus-Therian|Landorus-Therian, M|319\/319
|switch|p2a: Lopunny|Lopunny, M|271\/271
|-ability|p1a: Landorus-Therian|Intimidate|[of] p2a: Lopunny
|-unboost|p2a: Lopunny|atk|1
|turn|1
|
|switch|p1a: Chesnaught|Chesnaught, M|379\/379
|switch|p2a: Landorus-Therian|Landorus-Therian, M|381\/381
|-ability|p2a: Landorus-Therian|Intimidate|[of] p1a: Chesnaught
|-unboost|p1a: Chesnaught|atk|1
|
|turn|2
|join|TheObsessed
|
|move|p2a: Landorus-Therian|Stealth Rock|p1a: Chesnaught
|-sidestart|p1: Motherklang|move: Stealth Rock
|move|p1a: Chesnaught|Spikes|p2a: Landorus-Therian
|-sidestart|p2: ArchPhantom|Spikes
|
|turn|3
|
|move|p2a: Landorus-Therian|U-turn|p1a: Chesnaught
|-damage|p1a: Chesnaught|327\/379
|
|switch|p2a: Ferrothorn|Ferrothorn, F|352\/352
|-damage|p2a: Ferrothorn|308\/352|[from] Spikes
|move|p1a: Chesnaught|Leech Seed|p2a: Ferrothorn
|-immune|p2a: Ferrothorn|[msg]
|
|-heal|p1a: Chesnaught|350\/379|[from] item: Leftovers
|-heal|p2a: Ferrothorn|330\/352|[from] item: Leftovers
|turn|4
|
|switch|p1a: Heatran|Heatran, F|385\/385
|-damage|p1a: Heatran|337\/385|[from] Stealth Rock
|move|p2a: Ferrothorn|Spikes|p1a: Heatran
|-sidestart|p1: Motherklang|Spikes
|
|-heal|p1a: Heatran|361\/385|[from] item: Leftovers
|-heal|p2a: Ferrothorn|352\/352|[from] item: Leftovers
|turn|5
|
|switch|p2a: Conkeldurr|Conkeldurr, F|351\/351
|-damage|p2a: Conkeldurr|308\/351|[from] Spikes
|move|p1a: Heatran|Stealth Rock|p2a: Conkeldurr
|-sidestart|p2: ArchPhantom|move: Stealth Rock
|
|-heal|p1a: Heatran|385\/385|[from] item: Leftovers
|turn|6
|
|switch|p1a: Diancie|Diancie|241\/241
|-damage|p1a: Diancie|211\/241|[from] Stealth Rock
|-damage|p1a: Diancie|181\/241|[from] Spikes
|move|p2a: Conkeldurr|Knock Off|p1a: Diancie
|-resisted|p1a: Diancie
|-damage|p1a: Diancie|144\/241
|
|turn|7
|
|detailschange|p1a: Diancie|Diancie-Mega
|-mega|p1a: Diancie|Diancie|Diancite
|move|p1a: Diancie|Moonblast|p2a: Conkeldurr
|-supereffective|p2a: Conkeldurr
|-damage|p2a: Conkeldurr|42\/351
|move|p2a: Conkeldurr|Drain Punch|p1a: Diancie
|-damage|p1a: Diancie|0 fnt
|-heal|p2a: Conkeldurr|114\/351|[from] drain|[of] p1a: Diancie
|faint|p1a: Diancie
|
|
|switch|p1a: Landorus-Therian|Landorus-Therian, M|319\/319
|-damage|p1a: Landorus-Therian|280\/319|[from] Stealth Rock
|-ability|p1a: Landorus-Therian|Intimidate|[of] p2a: Conkeldurr
|-unboost|p2a: Conkeldurr|atk|1
|turn|8
|
|switch|p2a: Landorus-Therian|Landorus-Therian, M|381\/381
|-damage|p2a: Landorus-Therian|334\/381|[from] Stealth Rock
|-ability|p2a: Landorus-Therian|Intimidate|[of] p1a: Landorus-Therian
|-unboost|p1a: Landorus-Therian|atk|1
|move|p1a: Landorus-Therian|Earthquake|p2a: Landorus-Therian
|-immune|p2a: Landorus-Therian|[msg]
|
|-heal|p2a: Landorus-Therian|357\/381|[from] item: Leftovers
|turn|9
|
|switch|p1a: Chesnaught|Chesnaught, M|350\/379
|-damage|p1a: Chesnaught|327\/379|[from] Stealth Rock
|-damage|p1a: Chesnaught|280\/379|[from] Spikes
|move|p2a: Landorus-Therian|U-turn|p1a: Chesnaught
|-damage|p1a: Chesnaught|232\/379
|
|switch|p2a: Latias|Latias, F|301\/301
|-damage|p2a: Latias|264\/301|[from] Stealth Rock
|
|-heal|p1a: Chesnaught|255\/379|[from] item: Leftovers
|turn|10
|
|move|p1a: Chesnaught|Spiky Shield|p1a: Chesnaught
|-singleturn|p1a: Chesnaught|move: Protect
|move|p2a: Latias|Draco Meteor|p1a: Chesnaught
|-activate|p1a: Chesnaught|move: Protect
|
|-heal|p1a: Chesnaught|278\/379|[from] item: Leftovers
|turn|11
|
|switch|p1a: Mew|Mew|403\/403
|-damage|p1a: Mew|353\/403|[from] Stealth Rock
|-damage|p1a: Mew|303\/403|[from] Spikes
|move|p2a: Latias|Draco Meteor|p1a: Mew
|-damage|p1a: Mew|100\/403
|-unboost|p2a: Latias|spa|2
|-damage|p2a: Latias|234\/301|[from] item: Life Orb
|
|-heal|p1a: Mew|125\/403|[from] item: Leftovers
|turn|12
|join|Cicero Inc.
|
|switch|p2a: Lopunny|Lopunny, M|271\/271
|-damage|p2a: Lopunny|238\/271|[from] Spikes
|-damage|p2a: Lopunny|205\/271|[from] Stealth Rock
|move|p1a: Mew|Soft-Boiled|p1a: Mew
|-heal|p1a: Mew|327\/403
|
|-heal|p1a: Mew|352\/403|[from] item: Leftovers
|turn|13
|
|detailschange|p2a: Lopunny|Lopunny-Mega, M
|-mega|p2a: Lopunny|Lopunny|Lopunnite
|move|p2a: Lopunny|Encore|p1a: Mew
|-start|p1a: Mew|Encore
|move|p1a: Mew|Soft-Boiled|p1a: Mew
|-heal|p1a: Mew|403\/403
|
|turn|14
|leave|Cicero Inc.
|
|switch|p1a: Landorus-Therian|Landorus-Therian, M|280\/319
|-damage|p1a: Landorus-Therian|241\/319|[from] Stealth Rock
|-ability|p1a: Landorus-Therian|Intimidate|[of] p2a: Lopunny
|-unboost|p2a: Lopunny|atk|1
|move|p2a: Lopunny|Frustration|p1a: Landorus-Therian
|-damage|p1a: Landorus-Therian|112\/319
|
|turn|15
|
|switch|p2a: Ferrothorn|Ferrothorn, F|352\/352
|-damage|p2a: Ferrothorn|308\/352|[from] Spikes
|-damage|p2a: Ferrothorn|286\/352|[from] Stealth Rock
|move|p1a: Landorus-Therian|U-turn|p2a: Ferrothorn
|-damage|p2a: Ferrothorn|214\/352
|-damage|p1a: Landorus-Therian|73\/319|[from] ability: Iron Barbs|[of] p2a: Ferrothorn
|
|switch|p1a: Heatran|Heatran, F|385\/385
|-damage|p1a: Heatran|337\/385|[from] Stealth Rock
|-damage|p1a: Heatran|289\/385|[from] Spikes
|
|-heal|p1a: Heatran|313\/385|[from] item: Leftovers
|-heal|p2a: Ferrothorn|236\/352|[from] item: Leftovers
|turn|16
|
|switch|p2a: Latias|Latias, F|234\/301
|-damage|p2a: Latias|197\/301|[from] Stealth Rock
|move|p1a: Heatran|Taunt|p2a: Latias
|-start|p2a: Latias|move: Taunt
|
|-heal|p1a: Heatran|337\/385|[from] item: Leftovers
|turn|17
|
|switch|p2a: Heatran|Heatran, F|323\/323
|-damage|p2a: Heatran|283\/323|[from] Stealth Rock
|-damage|p2a: Heatran|243\/323|[from] Spikes
|move|p1a: Heatran|Lava Plume|p2a: Heatran
|-start|p2a: Heatran|ability: Flash Fire
|
|-heal|p1a: Heatran|361\/385|[from] item: Leftovers
|turn|18
|
|move|p1a: Heatran|Protect|p1a: Heatran
|-singleturn|p1a: Heatran|Protect
|move|p2a: Heatran|Lava Plume|p1a: Heatran
|-activate|p1a: Heatran|Protect
|
|-heal|p1a: Heatran|385\/385|[from] item: Leftovers
|turn|19
|join|total ogreload
|join|RedKingAlmighty
|c| RedKingAlmighty|nice n toasty wincon
|
|switch|p2a: Latias|Latias, F|197\/301
|-damage|p2a: Latias|160\/301|[from] Stealth Rock
|move|p1a: Heatran|Lava Plume|p2a: Latias
|-resisted|p2a: Latias
|-damage|p2a: Latias|110\/301
|
|turn|20
|
|move|p2a: Latias|Healing Wish|p2a: Latias
|faint|p2a: Latias
|move|p1a: Heatran|Taunt|p2: Latias|[notarget]
|-notarget
|
|
|switch|p2a: Conkeldurr|Conkeldurr, F|114\/351
|-heal|p2a: Conkeldurr|351\/351|[from] move: Healing Wish
|-damage|p2a: Conkeldurr|330\/351|[from] Stealth Rock
|-damage|p2a: Conkeldurr|287\/351|[from] Spikes
|turn|21
|
|switch|p1a: Mew|Mew|403\/403
|-damage|p1a: Mew|353\/403|[from] Spikes
|-damage|p1a: Mew|303\/403|[from] Stealth Rock
|move|p2a: Conkeldurr|Drain Punch|p1a: Mew
|-resisted|p1a: Mew
|-damage|p1a: Mew|228\/403
|-heal|p2a: Conkeldurr|325\/351|[from] drain|[of] p1a: Mew
|
|-heal|p1a: Mew|253\/403|[from] item: Leftovers
|turn|22
|c| total ogreload|the predictions just aren't there :(
|c|âArchPhantom|no need at this point n time
|
|move|p1a: Mew|Will-O-Wisp|p2a: Conkeldurr
|-status|p2a: Conkeldurr|brn
|move|p2a: Conkeldurr|Drain Punch|p1a: Mew
|-resisted|p1a: Mew
|-damage|p1a: Mew|149\/403
|-heal|p2a: Conkeldurr|351\/351 brn|[from] drain|[of] p1a: Mew
|
|-heal|p1a: Mew|174\/403|[from] item: Leftovers
|-damage|p2a: Conkeldurr|308\/351 brn|[from] brn
|turn|23
|c| total ogreload|i guess so :I
|
|move|p1a: Mew|Knock Off|p2a: Conkeldurr
|-resisted|p2a: Conkeldurr
|-damage|p2a: Conkeldurr|272\/351 brn
|-enditem|p2a: Conkeldurr|Assault Vest|[from] move: Knock Off|[of] p1a: Mew
|move|p2a: Conkeldurr|Knock Off|p1a: Mew
|-supereffective|p1a: Mew
|-damage|p1a: Mew|0 fnt
|-enditem|p1a: Mew|Leftovers|[from] move: Knock Off|[of] p2a: Conkeldurr
|faint|p1a: Mew
|
|-damage|p2a: Conkeldurr|229\/351 brn|[from] brn
|join|Cruxfelipecraft
|
|switch|p1a: Chesnaught|Chesnaught, M|278\/379
|-damage|p1a: Chesnaught|255\/379|[from] Stealth Rock
|-damage|p1a: Chesnaught|208\/379|[from] Spikes
|turn|24
|
|switch|p2a: Lopunny|Lopunny-Mega, M|205\/271
|-damage|p2a: Lopunny|189\/271|[from] Stealth Rock
|-damage|p2a: Lopunny|156\/271|[from] Spikes
|move|p1a: Chesnaught|Spiky Shield|p1a: Chesnaught
|-fail|p1a: Chesnaught
|
|-heal|p1a: Chesnaught|231\/379|[from] item: Leftovers
|turn|25
|join|Cicero Inc.
|
|switch|p1a: Landorus-Therian|Landorus-Therian, M|73\/319
|-damage|p1a: Landorus-Therian|34\/319|[from] Stealth Rock
|-ability|p1a: Landorus-Therian|Intimidate|[of] p2a: Lopunny
|-unboost|p2a: Lopunny|atk|1
|move|p2a: Lopunny|Encore|p1a: Landorus-Therian
|-fail|p1a: Landorus-Therian
|
|turn|26
|
|switch|p2a: Landorus-Therian|Landorus-Therian, M|357\/381
|-damage|p2a: Landorus-Therian|310\/381|[from] Stealth Rock
|-ability|p2a: Landorus-Therian|Intimidate|[of] p1a: Landorus-Therian
|-unboost|p1a: Landorus-Therian|atk|1
|move|p1a: Landorus-Therian|Knock Off|p2a: Landorus-Therian
|-damage|p2a: Landorus-Therian|234\/381
|-enditem|p2a: Landorus-Therian|Leftovers|[from] move: Knock Off|[of] p1a: Landorus-Therian
|
|turn|27
|c| RedKingAlmighty|nice encore lol
|join|Trilodon
|c|âArchPhantom|sanks
|c|âArchPhantom|lol
|c| RedKingAlmighty|top kek
|
|move|p1a: Landorus-Therian|Knock Off|p2a: Landorus-Therian
|-damage|p2a: Landorus-Therian|180\/381
|move|p2a: Landorus-Therian|Stone Edge|p1a: Landorus-Therian|[miss]
|-miss|p2a: Landorus-Therian|p1a: Landorus-Therian
|
|turn|28
|
|move|p1a: Landorus-Therian|Knock Off|p2a: Landorus-Therian
|-damage|p2a: Landorus-Therian|127\/381
|move|p2a: Landorus-Therian|Stone Edge|p1a: Landorus-Therian
|-damage|p1a: Landorus-Therian|0 fnt
|faint|p1a: Landorus-Therian
|
|join|hashtagRjx
|
|switch|p1a: Chesnaught|Chesnaught, M|231\/379
|-damage|p1a: Chesnaught|208\/379|[from] Stealth Rock
|-damage|p1a: Chesnaught|161\/379|[from] Spikes
|turn|29
|leave|total ogreload
|
|switch|p2a: Ferrothorn|Ferrothorn, F|236\/352
|-damage|p2a: Ferrothorn|192\/352|[from] Spikes
|-damage|p2a: Ferrothorn|170\/352|[from] Stealth Rock
|move|p1a: Chesnaught|Drain Punch|p2a: Ferrothorn
|-supereffective|p2a: Ferrothorn
|-damage|p2a: Ferrothorn|48\/352
|-heal|p1a: Chesnaught|222\/379|[from] drain|[of] p2a: Ferrothorn
|-damage|p1a: Chesnaught|175\/379|[from] ability: Iron Barbs|[of] p2a: Ferrothorn
|
|-heal|p1a: Chesnaught|198\/379|[from] item: Leftovers
|-heal|p2a: Ferrothorn|70\/352|[from] item: Leftovers
|turn|30
|join|Kama Sutra
|c| RedKingAlmighty|i love how u have that lopp
|c| RedKingAlmighty|with encore
|
|move|p1a: Chesnaught|Drain Punch|p2a: Ferrothorn
|-supereffective|p2a: Ferrothorn
|-damage|p2a: Ferrothorn|0 fnt
|-heal|p1a: Chesnaught|233\/379|[from] drain|[of] p2a: Ferrothorn
|-damage|p1a: Chesnaught|186\/379|[from] ability: Iron Barbs|[of] p2a: Ferrothorn
|faint|p2a: Ferrothorn
|
|-heal|p1a: Chesnaught|209\/379|[from] item: Leftovers
|c|âArchPhantom|It's so good man. Can change games
|
|switch|p2a: Heatran|Heatran, F|243\/323
|-damage|p2a: Heatran|203\/323|[from] Spikes
|-damage|p2a: Heatran|163\/323|[from] Stealth Rock
|turn|31
|
|move|p1a: Chesnaught|Spiky Shield|p1a: Chesnaught
|-singleturn|p1a: Chesnaught|move: Protect
|move|p2a: Heatran|Lava Plume|p1a: Chesnaught
|-activate|p1a: Chesnaught|move: Protect
|
|-heal|p1a: Chesnaught|232\/379|[from] item: Leftovers
|turn|32
|join|Weeties
|join|Great Expectations
|c| RedKingAlmighty|IF I COULD
|c| RedKingAlmighty|I WOULD
|c| RedKingAlmighty|I'LL GO WHEREVER YOU WILL Go
|c| RedKingAlmighty|WAY UP HIGH
|c| RedKingAlmighty|DOWN LOW
|c|âArchPhantom|I'm switching
|c|âArchPhantom|too ez
|leave|Kama Sutra
|leave|Weeties
|leave|Trilodon
|
|switch|p1a: Heatran|Heatran, F|385\/385
|-damage|p1a: Heatran|337\/385|[from] Spikes
|-damage|p1a: Heatran|289\/385|[from] Stealth Rock
|move|p2a: Heatran|Lava Plume|p1a: Heatran
|-start|p1a: Heatran|ability: Flash Fire
|
|-heal|p1a: Heatran|313\/385|[from] item: Leftovers
|turn|33
|c| RedKingAlmighty|Arch don't play mindgames
|c|âArchPhantom|lol
|c|âArchPhantom|chesnaught must live cuz lop
|leave|hashtagRjx
|leave|Great Expectations
|
|move|p2a: Heatran|Lava Plume|p1a: Heatran
|-immune|p1a: Heatran|[msg]
|move|p1a: Heatran|Lava Plume|p2a: Heatran
|-start|p2a: Heatran|ability: Flash Fire
|
|-heal|p1a: Heatran|337\/385|[from] item: Leftovers
|turn|34
|c| RedKingAlmighty|wow.
|
|move|p2a: Heatran|Lava Plume|p1a: Heatran
|-immune|p1a: Heatran|[msg]
|move|p1a: Heatran|Lava Plume|p2a: Heatran
|-immune|p2a: Heatran|[msg]
|
|-heal|p1a: Heatran|361\/385|[from] item: Leftovers
|turn|35
|c|âMotherklang|with lag this will last forever
|c| RedKingAlmighty|just sack fucking landorus
|
|move|p1a: Heatran|Protect|p1a: Heatran
|-singleturn|p1a: Heatran|Protect
|move|p2a: Heatran|Lava Plume|p1a: Heatran
|-activate|p1a: Heatran|Protect
|
|-heal|p1a: Heatran|385\/385|[from] item: Leftovers
|turn|36
|c| RedKingAlmighty|and lose to bisharp
|c|âArchPhantom|Lol
|c| RedKingAlmighty|wow
|
|move|p2a: Heatran|Lava Plume|p1a: Heatran
|-immune|p1a: Heatran|[msg]
|move|p1a: Heatran|Lava Plume|p2a: Heatran
|-immune|p2a: Heatran|[msg]
|
|turn|37
|leave|TheObsessed
|c| RedKingAlmighty|you both suck.
|c| RedKingAlmighty|make plays
|
|move|p2a: Heatran|Lava Plume|p1a: Heatran
|-immune|p1a: Heatran|[msg]
|move|p1a: Heatran|Lava Plume|p2a: Heatran
|-immune|p2a: Heatran|[msg]
|
|turn|38
|c| RedKingAlmighty|be brave
|c|âArchPhantom|omg rka shuh yo mouf
|c| RedKingAlmighty|holy shit
|
|move|p2a: Heatran|Lava Plume|p1a: Heatran
|-immune|p1a: Heatran|[msg]
|move|p1a: Heatran|Lava Plume|p2a: Heatran
|-immune|p2a: Heatran|[msg]
|
|turn|39
|
|switch|p2a: Landorus-Therian|Landorus-Therian, M|127\/381
|-damage|p2a: Landorus-Therian|80\/381|[from] Stealth Rock
|-ability|p2a: Landorus-Therian|Intimidate|[of] p1a: Heatran
|-unboost|p1a: Heatran|atk|1
|move|p1a: Heatran|Lava Plume|p2a: Landorus-Therian
|-damage|p2a: Landorus-Therian|0 fnt
|faint|p2a: Landorus-Therian
|
|c|âArchPhantom|Ok here's the 50\/50
|
|switch|p2a: Lopunny|Lopunny-Mega, M|156\/271
|-damage|p2a: Lopunny|123\/271|[from] Spikes
|-damage|p2a: Lopunny|107\/271|[from] Stealth Rock
|turn|40
|c| RedKingAlmighty|or use conkeldurr
|c| RedKingAlmighty|...
|c|âArchPhantom|Scared of Bish
|c| Flamebot|oml
|c| RedKingAlmighty|bisharp can't touch conkeldurr
|c| RedKingAlmighty|lol
|c| Flamebot|conk beats bitchsharp
|
|move|p2a: Lopunny|Power-Up Punch|p1a: Heatran
|-supereffective|p1a: Heatran
|-damage|p1a: Heatran|241\/385
|-boost|p2a: Lopunny|atk|1
|move|p1a: Heatran|Lava Plume|p2a: Lopunny
|-damage|p2a: Lopunny|0 fnt
|faint|p2a: Lopunny
|
|-heal|p1a: Heatran|265\/385|[from] item: Leftovers
|c| RedKingAlmighty|at 66%
|c| RedKingAlmighty|oml
|c| RedKingAlmighty|CHOKE
|c|âArchPhantom|Do I jist lose now
|
|switch|p2a: Conkeldurr|Conkeldurr, F|229\/351 brn
|-damage|p2a: Conkeldurr|208\/351 brn|[from] Stealth Rock
|-damage|p2a: Conkeldurr|165\/351 brn|[from] Spikes
|turn|41
|c| RedKingAlmighty|use conkeldurr
|c|âArchPhantom|just
|c|âMotherklang|i had protect
|c| RedKingAlmighty|u shoulda used conkeldurr
|c|âMotherklang|but no av
|
|move|p1a: Heatran|Lava Plume|p2a: Conkeldurr
|-damage|p2a: Conkeldurr|0 fnt
|faint|p2a: Conkeldurr
|
|-heal|p1a: Heatran|289\/385|[from] item: Leftovers
|c| Cicero Inc.|welp
|c|âArchPhantom|yep
|leave|Cruxfelipecraft
|
|switch|p2a: Heatran|Heatran, F|163\/323
|-damage|p2a: Heatran|123\/323|[from] Stealth Rock
|-damage|p2a: Heatran|83\/323|[from] Spikes
|turn|42
|c|âArchPhantom|this was all cuz rka, I blame him
|c|âArchPhantom|lol
|-message|ArchPhantom forfeited.
|c| Cicero Inc.|reveal rest scarf
|c|âArchPhantom|gg
|c|âMotherklang|gg
|leave|Cicero Inc.
|
|win|Motherklang
|leave|Rooo