|join|Brt1234
|join|LTI Slowbrox
|player|p1|Brt1234|101
|player|p2|LTI Slowbrox|284
|gametype|singles
|gen|6
|tier|UU
|rated
|rule|Sleep Clause Mod: Limit one foe put to sleep
|rule|Species Clause: Limit one of each Pokemon
|rule|OHKO Clause: OHKO moves are banned
|rule|Moody Clause: Moody is banned
|rule|Evasion Moves Clause: Evasion moves are banned
|rule|Endless Battle Clause: Forcing endless battles is banned.
|rule|HP Percentage Mod: HP is reported as percentages
|clearpoke
|poke|p1|Nidoking, M
|poke|p1|Slowbro, F
|poke|p1|Ampharos, F
|poke|p1|Darmanitan, F
|poke|p1|Forretress, M
|poke|p1|Umbreon, F, shiny
|poke|p2|Slowbro, M
|poke|p2|Florges, F
|poke|p2|Salamence, M
|poke|p2|Nidoqueen, F
|poke|p2|Mew
|poke|p2|Houndoom, M
|teampreview
|
|start
|switch|p1a: Darmanitan|Darmanitan, F|351\/351
|switch|p2a: Salamence|Salamence, M|331\/331
|-ability|p2a: Salamence|Intimidate|[of] p1a: Darmanitan
|-unboost|p1a: Darmanitan|atk|1
|turn|1
|
|switch|p1a: Forretress|Forretress, M|354\/354
|move|p2a: Salamence|Dragon Dance|p2a: Salamence
|-boost|p2a: Salamence|atk|1
|-boost|p2a: Salamence|spe|1
|
|turn|2
|
|move|p2a: Salamence|Fire Blast|p1a: Forretress
|-supereffective|p1a: Forretress
|-activate|p1a: Forretress|Sturdy
|-damage|p1a: Forretress|1\/354
|move|p1a: Forretress|Gyro Ball|p2a: Salamence
|-damage|p2a: Salamence|124\/331
|
|-heal|p1a: Forretress|23\/354|[from] item: Leftovers
|turn|3
|chat|LTI Slowbrox|ouch
|
|move|p2a: Salamence|Outrage|p1a: Forretress
|-resisted|p1a: Forretress
|-damage|p1a: Forretress|0 fnt
|faint|p1a: Forretress
|
|
|switch|p1a: Slowbro|Slowbro, F|394\/394
|turn|4
|
|move|p2a: Salamence|Outrage|p1a: Slowbro
|-damage|p1a: Slowbro|180\/394
|move|p1a: Slowbro|Psyshock|p2a: Salamence
|-damage|p2a: Salamence|1\/331
|
|-heal|p1a: Slowbro|204\/394|[from] item: Leftovers
|turn|5
|chat|LTI Slowbrox|noice
|
|move|p2a: Salamence|Outrage|p1a: Slowbro
|-damage|p1a: Slowbro|0 fnt
|faint|p1a: Slowbro
|
|-end|p2a: Salamence|rampage
|-start|p2a: Salamence|confusion
|
|switch|p1a: Umbreon|Umbreon, F, shiny|394\/394
|-enditem|p2a: Salamence|Lum Berry|[eat]
|-end|p2a: Salamence|confusion
|turn|6
|-message|Brt1234 forfeited.
|
|win|LTI Slowbrox
|raw|Ladder updating...
|leave|Brt1234
|player|p1
|raw|Brt1234's rating: 1384 &rarr; <strong>1373<\/strong><br \/>(-11 for losing)
|raw|LTI Slowbrox's rating: 1548 &rarr; <strong>1559<\/strong><br \/>(+11 for winning)
|leave|LTI Slowbrox
|player|p2
|join|LTI Slowbrox
|leave|LTI Slowbrox
|join|LTI Slowbrox