|join|bryantan0001
|join|Brt1234
|player|p1|bryantan0001|169
|player|p2|Brt1234|101
|gametype|singles
|gen|6
|tier|UU
|rated
|rule|Sleep Clause Mod: Limit one foe put to sleep
|rule|Species Clause: Limit one of each PokÃ©mon
|rule|OHKO Clause: OHKO moves are banned
|rule|Moody Clause: Moody is banned
|rule|Evasion Moves Clause: Evasion moves are banned
|rule|Endless Battle Clause: Forcing endless battles is banned
|rule|HP Percentage Mod: HP is shown in percentages
|clearpoke
|poke|p1|Aggron, F
|poke|p1|Cloyster, F, shiny
|poke|p1|Machamp, F, shiny
|poke|p1|Goodra, F, shiny
|poke|p1|Honchkrow, F, shiny
|poke|p1|Espeon, F, shiny
|poke|p2|Empoleon, M
|poke|p2|Darmanitan, F
|poke|p2|Houndoom, F
|poke|p2|Chesnaught, F
|poke|p2|Swampert, F
|poke|p2|Scrafty, F
|rule|Swagger Clause: Swagger is banned
|rule|Baton Pass Clause: Limit one PokÃ©mon knowing Baton Pass
|teampreview
|
|start
|switch|p1a: Machamp|Machamp, F, shiny|322\/322
|switch|p2a: Darmanitan|Darmanitan, F|351\/351
|turn|1
|
|move|p2a: Darmanitan|U-turn|p1a: Machamp
|-resisted|p1a: Machamp
|-damage|p1a: Machamp|272\/322
|
|switch|p2a: Chesnaught|Chesnaught, F|380\/380
|move|p1a: Machamp|Knock Off|p2a: Chesnaught
|-resisted|p2a: Chesnaught
|-damage|p2a: Chesnaught|343\/380
|-enditem|p2a: Chesnaught|Leftovers|[from] move: Knock Off|[of] p1a: Machamp
|
|turn|2
|
|switch|p1a: Goodra|Goodra, F, shiny|321\/321
|move|p2a: Chesnaught|Spikes|p1a: Goodra
|-sidestart|p1: bryantan0001|Spikes
|
|turn|3
|
|switch|p2a: Empoleon|Empoleon, M|372\/372
|move|p1a: Goodra|Thunderbolt|p2a: Empoleon
|-supereffective|p2a: Empoleon
|-damage|p2a: Empoleon|236\/372
|
|-heal|p2a: Empoleon|259\/372|[from] item: Leftovers
|turn|4
|
|switch|p1a: Aggron|Aggron, F|344\/344
|-damage|p1a: Aggron|301\/344|[from] Spikes
|move|p2a: Empoleon|Flash Cannon|p1a: Aggron
|-damage|p1a: Aggron|154\/344
|-unboost|p1a: Aggron|spd|1
|
|-heal|p2a: Empoleon|282\/372|[from] item: Leftovers
|turn|5
|
|detailschange|p1a: Aggron|Aggron-Mega, F
|message|Aggron has Mega Evolved into Mega Aggron!
|move|p2a: Empoleon|Scald|p1a: Aggron
|-damage|p1a: Aggron|0 fnt
|faint|p1a: Aggron
|
|-heal|p2a: Empoleon|305\/372|[from] item: Leftovers
|
|switch|p1a: Machamp|Machamp, F, shiny|272\/322
|-damage|p1a: Machamp|232\/322|[from] Spikes
|turn|6
|
|switch|p2a: Chesnaught|Chesnaught, F|343\/380
|move|p1a: Machamp|Dynamic Punch|p2a: Chesnaught
|-damage|p2a: Chesnaught|226\/380
|-start|p2a: Chesnaught|confusion
|
|turn|7
|
|switch|p1a: Espeon|Espeon, F, shiny|272\/272
|-damage|p1a: Espeon|238\/272|[from] Spikes
|-activate|p2a: Chesnaught|confusion
|-damage|p2a: Chesnaught|206\/380|[from] confusion
|
|turn|8
|
|switch|p1a: Machamp|Machamp, F, shiny|232\/322
|-damage|p1a: Machamp|192\/322|[from] Spikes
|switch|p2a: Houndoom|Houndoom, F|292\/292
|
|turn|9
|
|switch|p2a: Chesnaught|Chesnaught, F|206\/380
|move|p1a: Machamp|Dynamic Punch|p2a: Chesnaught
|-damage|p2a: Chesnaught|97\/380
|-start|p2a: Chesnaught|confusion
|
|turn|10
|
|-activate|p2a: Chesnaught|confusion
|-damage|p2a: Chesnaught|75\/380|[from] confusion
|move|p1a: Machamp|Dynamic Punch|p2a: Chesnaught
|-damage|p2a: Chesnaught|0 fnt
|faint|p2a: Chesnaught
|
|
|switch|p2a: Darmanitan|Darmanitan, F|351\/351
|turn|11
|
|switch|p1a: Espeon|Espeon, F, shiny|238\/272
|-damage|p1a: Espeon|204\/272|[from] Spikes
|move|p2a: Darmanitan|Flare Blitz|p1a: Espeon
|-damage|p1a: Espeon|0 fnt
|-damage|p2a: Darmanitan|284\/351|[from] recoil|[of] p1a: Espeon
|faint|p1a: Espeon
|
|
|switch|p1a: Cloyster|Cloyster, F, shiny|242\/242
|-damage|p1a: Cloyster|212\/242|[from] Spikes
|turn|12
|
|switch|p1a: Machamp|Machamp, F, shiny|192\/322
|-damage|p1a: Machamp|152\/322|[from] Spikes
|move|p2a: Darmanitan|Flare Blitz|p1a: Machamp
|-damage|p1a: Machamp|0 fnt
|-damage|p2a: Darmanitan|234\/351|[from] recoil|[of] p1a: Machamp
|faint|p1a: Machamp
|
|
|switch|p1a: Cloyster|Cloyster, F, shiny|212\/242
|-damage|p1a: Cloyster|182\/242|[from] Spikes
|turn|13
|
|move|p2a: Darmanitan|Flare Blitz|p1a: Cloyster
|-damage|p1a: Cloyster|0 fnt
|-damage|p2a: Darmanitan|174\/351|[from] recoil|[of] p1a: Cloyster
|faint|p1a: Cloyster
|
|
|switch|p1a: Goodra|Goodra, F, shiny|321\/321
|-damage|p1a: Goodra|281\/321|[from] Spikes
|turn|14
|
|switch|p2a: Empoleon|Empoleon, M|305\/372
|move|p1a: Goodra|Ice Beam|p2a: Empoleon
|-resisted|p2a: Empoleon
|-damage|p2a: Empoleon|288\/372
|
|-heal|p1a: Goodra|301\/321|[from] item: Leftovers
|-heal|p2a: Empoleon|311\/372|[from] item: Leftovers
|turn|15
|
|move|p1a: Goodra|Thunderbolt|p2a: Empoleon
|-supereffective|p2a: Empoleon
|-damage|p2a: Empoleon|175\/372
|move|p2a: Empoleon|Flash Cannon|p1a: Goodra
|-damage|p1a: Goodra|249\/321
|
|-heal|p1a: Goodra|269\/321|[from] item: Leftovers
|-heal|p2a: Empoleon|198\/372|[from] item: Leftovers
|turn|16
|
|move|p2a: Empoleon|Scald|p1a: Goodra
|-resisted|p1a: Goodra
|-damage|p1a: Goodra|239\/321
|move|p1a: Goodra|Dragon Tail|p2a: Empoleon
|-resisted|p2a: Empoleon
|-damage|p2a: Empoleon|159\/372
|drag|p2a: Darmanitan|Darmanitan, F|174\/351
|
|-heal|p1a: Goodra|259\/321|[from] item: Leftovers
|turn|17
|
|move|p2a: Darmanitan|U-turn|p1a: Goodra
|-damage|p1a: Goodra|136\/321
|-unboost|p2a: Darmanitan|spe|1
|
|switch|p2a: Scrafty|Scrafty, F|334\/334
|move|p1a: Goodra|Thunderbolt|p2a: Scrafty
|-damage|p2a: Scrafty|274\/334
|
|-heal|p1a: Goodra|156\/321|[from] item: Leftovers
|-heal|p2a: Scrafty|294\/334|[from] item: Leftovers
|turn|18
|
|move|p1a: Goodra|Ice Beam|p2a: Scrafty
|-crit|p2a: Scrafty
|-damage|p2a: Scrafty|203\/334
|move|p2a: Scrafty|Bulk Up|p2a: Scrafty
|-boost|p2a: Scrafty|atk|1
|-boost|p2a: Scrafty|def|1
|
|-heal|p1a: Goodra|176\/321|[from] item: Leftovers
|-heal|p2a: Scrafty|223\/334|[from] item: Leftovers
|turn|19
|
|move|p2a: Scrafty|Bulk Up|p2a: Scrafty
|-boost|p2a: Scrafty|atk|1
|-boost|p2a: Scrafty|def|1
|move|p1a: Goodra|Dragon Tail|p2a: Scrafty
|-damage|p2a: Scrafty|193\/334
|drag|p2a: Empoleon|Empoleon, M|159\/372
|
|-heal|p1a: Goodra|196\/321|[from] item: Leftovers
|-heal|p2a: Empoleon|182\/372|[from] item: Leftovers
|turn|20
|
|move|p1a: Goodra|Thunderbolt|p2a: Empoleon
|-supereffective|p2a: Empoleon
|-damage|p2a: Empoleon|58\/372
|move|p2a: Empoleon|Scald|p1a: Goodra
|-crit|p1a: Goodra
|-resisted|p1a: Goodra
|-damage|p1a: Goodra|133\/321
|
|-heal|p1a: Goodra|153\/321|[from] item: Leftovers
|-heal|p2a: Empoleon|81\/372|[from] item: Leftovers
|turn|21
|
|move|p2a: Empoleon|Scald|p1a: Goodra
|-resisted|p1a: Goodra
|-damage|p1a: Goodra|108\/321
|-status|p1a: Goodra|brn
|move|p1a: Goodra|Dragon Tail|p2a: Empoleon
|-resisted|p2a: Empoleon
|-damage|p2a: Empoleon|61\/372
|drag|p2a: Houndoom|Houndoom, F|292\/292
|
|-heal|p1a: Goodra|128\/321 brn|[from] item: Leftovers
|-damage|p1a: Goodra|88\/321 brn|[from] brn
|turn|22
|
|detailschange|p2a: Houndoom|Houndoom-Mega, F
|message|Houndoom has Mega Evolved into Mega Houndoom!
|move|p2a: Houndoom|Dark Pulse|p1a: Goodra
|-damage|p1a: Goodra|3\/321 brn
|move|p1a: Goodra|Draco Meteor|p2a: Houndoom
|-damage|p2a: Houndoom|78\/292
|-unboost|p1a: Goodra|spa|2
|
|-heal|p1a: Goodra|23\/321 brn|[from] item: Leftovers
|-damage|p1a: Goodra|0 fnt|[from] brn
|faint|p1a: Goodra
|
|switch|p1a: Honchkrow|Honchkrow, F, shiny|404\/404
|turn|23
|
|move|p1a: Honchkrow|Sucker Punch|p2a: Houndoom
|-resisted|p2a: Houndoom
|-damage|p2a: Houndoom|0 fnt
|faint|p2a: Houndoom
|-boost|p1a: Honchkrow|atk|1|[from] ability: Moxie
|
|
|switch|p2a: Darmanitan|Darmanitan, F|174\/351
|turn|24
|
|move|p1a: Honchkrow|Sucker Punch|p2a: Darmanitan
|-crit|p2a: Darmanitan
|-damage|p2a: Darmanitan|0 fnt
|faint|p2a: Darmanitan
|-boost|p1a: Honchkrow|atk|1|[from] ability: Moxie
|
|
|switch|p2a: Scrafty|Scrafty, F|193\/334
|turn|25
|
|move|p1a: Honchkrow|Brave Bird|p2a: Scrafty
|-supereffective|p2a: Scrafty
|-damage|p2a: Scrafty|0 fnt
|-damage|p1a: Honchkrow|340\/404|[from] recoil|[of] p2a: Scrafty
|faint|p2a: Scrafty
|-boost|p1a: Honchkrow|atk|1|[from] ability: Moxie
|
|-heal|p1a: Honchkrow|365\/404|[from] item: Leftovers
|
|switch|p2a: Swampert|Swampert, F|404\/404
|turn|26
|
|move|p1a: Honchkrow|Brave Bird|p2a: Swampert
|-damage|p2a: Swampert|0 fnt
|-damage|p1a: Honchkrow|232\/404|[from] recoil|[of] p2a: Swampert
|faint|p2a: Swampert
|-boost|p1a: Honchkrow|atk|1|[from] ability: Moxie
|
|-heal|p1a: Honchkrow|257\/404|[from] item: Leftovers
|
|switch|p2a: Empoleon|Empoleon, M|61\/372
|turn|27
|
|move|p1a: Honchkrow|Sucker Punch|p2a: Empoleon
|-damage|p2a: Empoleon|0 fnt
|faint|p2a: Empoleon
|-boost|p1a: Honchkrow|atk|1|[from] ability: Moxie
|
|win|bryantan0001
|raw|Ladder updating...
|raw|bryantan0001's rating: 1043 &rarr; <strong>1073<\/strong><br \/>(+30 for winning)
|raw|Brt1234's rating: 1000 &rarr; <strong>1000<\/strong><br \/>(+0 for losing)
|c|âBrt1234|gg
|leave|Brt1234
|player|p2
|c|âbryantan0001|gg