|join|xMarth
|join|Brt1234
|player|p1|xMarth|153
|player|p2|Brt1234|101
|gametype|singles
|gen|6
|tier|UU
|rated
|rule|Sleep Clause Mod: Limit one foe put to sleep
|rule|Species Clause: Limit one of each Pokemon
|rule|OHKO Clause: OHKO moves are banned
|rule|Moody Clause: Moody is banned
|rule|Evasion Moves Clause: Evasion moves are banned
|rule|Endless Battle Clause: Forcing endless battles is banned.
|rule|HP Percentage Mod: HP is reported as percentages
|clearpoke
|poke|p1|Lucario, F
|poke|p1|Aerodactyl, F
|poke|p1|Swampert, F
|poke|p1|Roserade, M
|poke|p1|Chandelure, M
|poke|p1|Froslass, F
|poke|p2|Krookodile, M
|poke|p2|Metagross
|poke|p2|Blastoise, M
|poke|p2|Snorlax, F
|poke|p2|Galvantula, F
|poke|p2|Cofagrigus, F
|teampreview
|
|start
|switch|p1a: Froslass|Froslass, F|281\/281
|switch|p2a: Snorlax|Snorlax, F|524\/524
|turn|1
|
|move|p1a: Froslass|Spikes|p2a: Snorlax
|-sidestart|p2: Brt1234|Spikes
|move|p2a: Snorlax|Curse|p2a: Snorlax
|-boost|p2a: Snorlax|atk|1
|-boost|p2a: Snorlax|def|1
|-unboost|p2a: Snorlax|spe|1
|
|turn|2
|
|move|p1a: Froslass|Taunt|p2a: Snorlax
|-start|p2a: Snorlax|move: Taunt
|cant|p2a: Snorlax|move: Taunt|Curse
|
|turn|3
|
|move|p1a: Froslass|Spikes|p2a: Snorlax
|-sidestart|p2: Brt1234|Spikes
|move|p2a: Snorlax|Crunch|p1a: Froslass
|-supereffective|p1a: Froslass
|-damage|p1a: Froslass|19\/281
|
|turn|4
|join|YT Freedom
|
|switch|p1a: Swampert|Swampert, F|404\/404
|move|p2a: Snorlax|Body Slam|p1a: Swampert
|-damage|p1a: Swampert|287\/404
|-status|p1a: Swampert|par
|
|-heal|p1a: Swampert|312\/404 par|[from] item: Leftovers
|-end|p2a: Snorlax|move: Taunt
|turn|5
|
|move|p2a: Snorlax|Curse|p2a: Snorlax
|-boost|p2a: Snorlax|atk|1
|-boost|p2a: Snorlax|def|1
|-unboost|p2a: Snorlax|spe|1
|cant|p1a: Swampert|par
|
|-heal|p1a: Swampert|337\/404 par|[from] item: Leftovers
|turn|6
|
|move|p2a: Snorlax|Body Slam|p1a: Swampert
|-damage|p1a: Swampert|180\/404 par
|move|p1a: Swampert|Roar|p2a: Snorlax
|drag|p2a: Metagross|Metagross|364\/364
|-damage|p2a: Metagross|304\/364|[from] Spikes
|
|-heal|p1a: Swampert|205\/404 par|[from] item: Leftovers
|turn|7
|
|move|p2a: Metagross|Zen Headbutt|p1a: Swampert|[miss]
|-miss|p2a: Metagross|p1a: Swampert
|move|p1a: Swampert|Stealth Rock|p2a: Metagross
|-sidestart|p2: Brt1234|move: Stealth Rock
|
|-heal|p1a: Swampert|230\/404 par|[from] item: Leftovers
|turn|8
|
|move|p2a: Metagross|Zen Headbutt|p1a: Swampert
|-damage|p1a: Swampert|115\/404 par
|cant|p1a: Swampert|flinch
|
|-heal|p1a: Swampert|140\/404 par|[from] item: Leftovers
|turn|9
|
|move|p2a: Metagross|Zen Headbutt|p1a: Swampert
|-damage|p1a: Swampert|26\/404 par
|move|p1a: Swampert|Earthquake|p2a: Metagross
|-supereffective|p2a: Metagross
|-damage|p2a: Metagross|100\/364
|
|-heal|p1a: Swampert|51\/404 par|[from] item: Leftovers
|turn|10
|
|move|p2a: Metagross|Earthquake|p1a: Swampert
|-damage|p1a: Swampert|0 fnt
|faint|p1a: Swampert
|
|
|switch|p1a: Chandelure|Chandelure, M|261\/261
|turn|11
|
|switch|p2a: Snorlax|Snorlax, F|524\/524
|-damage|p2a: Snorlax|437\/524|[from] Spikes
|-damage|p2a: Snorlax|372\/524|[from] Stealth Rock
|move|p1a: Chandelure|Shadow Ball|p2a: Snorlax
|-immune|p2a: Snorlax|[msg]
|
|-heal|p2a: Snorlax|404\/524|[from] item: Leftovers
|turn|12
|
|switch|p1a: Lucario|Lucario, F|281\/281
|move|p2a: Snorlax|Curse|p2a: Snorlax
|-boost|p2a: Snorlax|atk|1
|-boost|p2a: Snorlax|def|1
|-unboost|p2a: Snorlax|spe|1
|
|-heal|p2a: Snorlax|436\/524|[from] item: Leftovers
|turn|13
|join|crit my hippo
|
|move|p1a: Lucario|Swords Dance|p1a: Lucario
|-boost|p1a: Lucario|atk|2
|move|p2a: Snorlax|Body Slam|p1a: Lucario
|-resisted|p1a: Lucario
|-damage|p1a: Lucario|173\/281
|
|-heal|p2a: Snorlax|468\/524|[from] item: Leftovers
|turn|14
|
|move|p1a: Lucario|Close Combat|p2a: Snorlax
|-supereffective|p2a: Snorlax
|-damage|p2a: Snorlax|0 fnt
|-unboost|p1a: Lucario|def|1
|-unboost|p1a: Lucario|spd|1
|-damage|p1a: Lucario|145\/281|[from] item: Life Orb
|faint|p2a: Snorlax
|
|
|switch|p2a: Blastoise|Blastoise, M|362\/362
|-damage|p2a: Blastoise|317\/362|[from] Stealth Rock
|-damage|p2a: Blastoise|257\/362|[from] Spikes
|turn|15
|
|detailschange|p2a: Blastoise|Blastoise-Mega, M
|message|Blastoise has Mega Evolved into Mega Blastoise!
|move|p1a: Lucario|Close Combat|p2a: Blastoise
|-damage|p2a: Blastoise|0 fnt
|-unboost|p1a: Lucario|def|1
|-unboost|p1a: Lucario|spd|1
|-damage|p1a: Lucario|117\/281|[from] item: Life Orb
|faint|p2a: Blastoise
|
|
|switch|p2a: Krookodile|Krookodile, M|332\/332
|-damage|p2a: Krookodile|277\/332|[from] Spikes
|-damage|p2a: Krookodile|257\/332|[from] Stealth Rock
|turn|16
|
|move|p1a: Lucario|Extreme Speed|p2a: Krookodile
|-crit|p2a: Krookodile
|-damage|p2a: Krookodile|0 fnt
|-damage|p1a: Lucario|89\/281|[from] item: Life Orb
|faint|p2a: Krookodile
|
|join|BasedAaron
|
|switch|p2a: Metagross|Metagross|100\/364
|-damage|p2a: Metagross|40\/364|[from] Spikes
|-damage|p2a: Metagross|18\/364|[from] Stealth Rock
|turn|17
|
|move|p1a: Lucario|Extreme Speed|p2a: Metagross
|-crit|p2a: Metagross
|-resisted|p2a: Metagross
|-damage|p2a: Metagross|0 fnt
|-damage|p1a: Lucario|61\/281|[from] item: Life Orb
|faint|p2a: Metagross
|
|
|switch|p2a: Cofagrigus|Cofagrigus, F|320\/320
|-damage|p2a: Cofagrigus|280\/320|[from] Stealth Rock
|-damage|p2a: Cofagrigus|227\/320|[from] Spikes
|turn|18
|
|move|p1a: Lucario|Crunch|p2a: Cofagrigus
|-supereffective|p2a: Cofagrigus
|-damage|p2a: Cofagrigus|0 fnt
|-ability|p1a: Lucario|Mummy|[from] Mummy
|-damage|p1a: Lucario|33\/281|[from] item: Life Orb
|faint|p2a: Cofagrigus
|
|leave|Brt1234
|player|p2
|leave|BasedAaron
|join|BasedAaron
|leave|crit my hippo
|join|crit my hippo
|leave|crit my hippo
|-message|brt1234 lost due to inactivity.
|
|win|xMarth
|raw|Ladder updating...
|raw|xMarth's rating: 1720 &rarr; <strong>1725<\/strong><br \/>(+5 for winning)
|raw|Brt1234's rating: 1412 &rarr; <strong>1406<\/strong><br \/>(-6 for losing)
|leave|xMarth
|player|p1