|join|Drake'sProdigy
|join|Brt1234
|player|p1|Drake'sProdigy|153
|player|p2|Brt1234|101
|gametype|singles
|gen|6
|tier|UU
|rated
|rule|Sleep Clause Mod: Limit one foe put to sleep
|rule|Species Clause: Limit one of each PokÃ©mon
|rule|OHKO Clause: OHKO moves are banned
|rule|Moody Clause: Moody is banned
|rule|Evasion Moves Clause: Evasion moves are banned
|rule|Endless Battle Clause: Forcing endless battles is banned
|rule|HP Percentage Mod: HP is shown in percentages
|clearpoke
|poke|p1|Suicune
|poke|p1|Crobat, F
|poke|p1|Goodra, F, shiny
|poke|p1|Houndoom, F
|poke|p1|Florges, F
|poke|p1|Lucario, M, shiny
|poke|p2|Empoleon, F
|poke|p2|Darmanitan, F
|poke|p2|Gallade, M
|poke|p2|Hippowdon, M
|poke|p2|Azelf
|poke|p2|Porygon2
|rule|Swagger Clause: Swagger is banned
|rule|Baton Pass Clause: Limit one PokÃ©mon knowing Baton Pass
|teampreview
|
|start
|switch|p1a: Suicune|Suicune|404\/404
|switch|p2a: Darmanitan|Darmanitan, F|351\/351
|-ability|p1a: Suicune|Pressure
|turn|1
|
|move|p2a: Darmanitan|U-turn|p1a: Suicune
|-damage|p1a: Suicune|345\/404
|
|switch|p2a: Azelf|Azelf|291\/291
|move|p1a: Suicune|Calm Mind|p1a: Suicune
|-boost|p1a: Suicune|spa|1
|-boost|p1a: Suicune|spd|1
|
|-heal|p1a: Suicune|370\/404|[from] item: Leftovers
|turn|2
|
|move|p2a: Azelf|Thunderbolt|p1a: Suicune
|-supereffective|p1a: Suicune
|-damage|p1a: Suicune|238\/404
|-status|p1a: Suicune|par
|move|p1a: Suicune|Calm Mind|p1a: Suicune
|-boost|p1a: Suicune|spa|1
|-boost|p1a: Suicune|spd|1
|
|-heal|p1a: Suicune|263\/404 par|[from] item: Leftovers
|turn|3
|
|move|p2a: Azelf|Psyshock|p1a: Suicune
|-damage|p1a: Suicune|179\/404 par
|move|p1a: Suicune|Calm Mind|p1a: Suicune
|-boost|p1a: Suicune|spa|1
|-boost|p1a: Suicune|spd|1
|
|-heal|p1a: Suicune|204\/404 par|[from] item: Leftovers
|turn|4
|
|move|p2a: Azelf|Psyshock|p1a: Suicune
|-damage|p1a: Suicune|116\/404 par
|move|p1a: Suicune|Scald|p2a: Azelf
|-damage|p2a: Azelf|6\/291
|
|-heal|p2a: Azelf|24\/291|[from] item: Leftovers
|-heal|p1a: Suicune|141\/404 par|[from] item: Leftovers
|turn|5
|
|move|p2a: Azelf|Stealth Rock|p1a: Suicune
|-sidestart|p1: Drake'sProdigy|move: Stealth Rock
|move|p1a: Suicune|Scald|p2a: Azelf
|-damage|p2a: Azelf|0 fnt
|faint|p2a: Azelf
|
|-heal|p1a: Suicune|166\/404 par|[from] item: Leftovers
|
|switch|p2a: Gallade|Gallade, M|278\/278
|turn|6
|
|detailschange|p2a: Gallade|Gallade-Mega, M
|message|Gallade has Mega Evolved into Mega Gallade!
|move|p2a: Gallade|Close Combat|p1a: Suicune
|-damage|p1a: Suicune|0 fnt
|-unboost|p2a: Gallade|def|1
|-unboost|p2a: Gallade|spd|1
|faint|p1a: Suicune
|
|
|switch|p1a: Ryan )|Crobat, F|331\/331
|-damage|p1a: Ryan )|249\/331|[from] Stealth Rock
|turn|7
|
|switch|p2a: Hippowdon|Hippowdon, M|420\/420
|-weather|Sandstorm
|move|p1a: Ryan )|Brave Bird|p2a: Hippowdon
|-damage|p2a: Hippowdon|308\/420
|-damage|p1a: Ryan )|212\/331|[from] recoil|[of] p2a: Hippowdon
|
|-weather|Sandstorm|[upkeep]
|-damage|p1a: Ryan )|192\/331|[from] sandstorm
|-heal|p1a: Ryan )|212\/331|[from] item: Black Sludge
|-heal|p2a: Hippowdon|334\/420|[from] item: Leftovers
|turn|8
|
|move|p1a: Ryan )|U-turn|p2a: Hippowdon
|-damage|p2a: Hippowdon|293\/420
|
|switch|p1a: Lyra|Goodra, F, shiny|371\/371
|-damage|p1a: Lyra|325\/371|[from] Stealth Rock
|move|p2a: Hippowdon|Slack Off|p2a: Hippowdon
|-heal|p2a: Hippowdon|420\/420
|
|-weather|Sandstorm|[upkeep]
|-damage|p1a: Lyra|302\/371|[from] sandstorm
|turn|9
|
|switch|p2a: Empoleon|Empoleon, F|330\/330
|move|p1a: Lyra|Power Whip|p2a: Empoleon
|-crit|p2a: Empoleon
|-damage|p2a: Empoleon|172\/330
|
|-weather|Sandstorm|[upkeep]
|-damage|p1a: Lyra|279\/371|[from] sandstorm
|-heal|p2a: Empoleon|192\/330|[from] item: Leftovers
|turn|10
|
|move|p2a: Empoleon|Toxic|p1a: Lyra
|-status|p1a: Lyra|tox
|move|p1a: Lyra|Earthquake|p2a: Empoleon
|-supereffective|p2a: Empoleon
|-damage|p2a: Empoleon|16\/330
|
|-weather|Sandstorm|[upkeep]
|-damage|p1a: Lyra|256\/371 tox|[from] sandstorm
|-heal|p2a: Empoleon|36\/330|[from] item: Leftovers
|-damage|p1a: Lyra|233\/371 tox|[from] psn
|turn|11
|
|move|p2a: Empoleon|Flash Cannon|p1a: Lyra
|-damage|p1a: Lyra|188\/371 tox
|move|p1a: Lyra|Earthquake|p2a: Empoleon
|-supereffective|p2a: Empoleon
|-damage|p2a: Empoleon|0 fnt
|faint|p2a: Empoleon
|
|-weather|none
|-damage|p1a: Lyra|142\/371 tox|[from] psn
|
|switch|p2a: Gallade|Gallade-Mega, M|278\/278
|turn|12
|
|move|p2a: Gallade|Swords Dance|p2a: Gallade
|-boost|p2a: Gallade|atk|2
|move|p1a: Lyra|Outrage|p2a: Gallade
|-damage|p2a: Gallade|89\/278
|
|-damage|p1a: Lyra|73\/371 tox|[from] psn
|turn|13
|
|move|p2a: Gallade|Shadow Sneak|p1a: Lyra
|-damage|p1a: Lyra|0 fnt
|-unboost|p2a: Gallade|spe|1
|faint|p1a: Lyra
|
|
|switch|p1a: Barny|Lucario, M, shiny|281\/281
|-damage|p1a: Barny|273\/281|[from] Stealth Rock
|turn|14
|
|switch|p2a: Hippowdon|Hippowdon, M|420\/420
|-weather|Sandstorm
|move|p1a: Barny|Extreme Speed|p2a: Hippowdon
|-damage|p2a: Hippowdon|361\/420
|
|-weather|Sandstorm|[upkeep]
|-heal|p2a: Hippowdon|387\/420|[from] item: Leftovers
|turn|15
|
|move|p1a: Barny|Ice Punch|p2a: Hippowdon
|-supereffective|p2a: Hippowdon
|-damage|p2a: Hippowdon|285\/420
|move|p2a: Hippowdon|Toxic|p1a: Barny
|-fail|p1a: Barny
|
|-weather|Sandstorm|[upkeep]
|-heal|p2a: Hippowdon|311\/420|[from] item: Leftovers
|turn|16
|
|switch|p1a: Ryan )|Crobat, F|212\/331
|-damage|p1a: Ryan )|130\/331|[from] Stealth Rock
|move|p2a: Hippowdon|Earthquake|p1a: Ryan )
|-immune|p1a: Ryan )|[msg]
|
|-weather|Sandstorm|[upkeep]
|-damage|p1a: Ryan )|110\/331|[from] sandstorm
|-heal|p1a: Ryan )|130\/331|[from] item: Black Sludge
|-heal|p2a: Hippowdon|337\/420|[from] item: Leftovers
|turn|17
|
|switch|p2a: Porygon2|Porygon2|374\/374
|-ability|p2a: Porygon2|Infiltrator|[from] ability: Trace|[of] p1a: Ryan )
|move|p1a: Ryan )|Roost|p1a: Ryan )
|-heal|p1a: Ryan )|296\/331
|
|-weather|Sandstorm|[upkeep]
|-damage|p1a: Ryan )|276\/331|[from] sandstorm
|-damage|p2a: Porygon2|351\/374|[from] sandstorm
|-heal|p1a: Ryan )|296\/331|[from] item: Black Sludge
|turn|18
|
|move|p1a: Ryan )|Brave Bird|p2a: Porygon2
|-damage|p2a: Porygon2|230\/374
|-damage|p1a: Ryan )|256\/331|[from] recoil|[of] p2a: Porygon2
|move|p2a: Porygon2|Discharge|p1a: Ryan )
|-supereffective|p1a: Ryan )
|-damage|p1a: Ryan )|100\/331
|
|-weather|none
|-heal|p1a: Ryan )|120\/331|[from] item: Black Sludge
|turn|19
|
|move|p1a: Ryan )|Roost|p1a: Ryan )
|-heal|p1a: Ryan )|286\/331
|move|p2a: Porygon2|Discharge|p1a: Ryan )
|-damage|p1a: Ryan )|205\/331
|
|-heal|p1a: Ryan )|225\/331|[from] item: Black Sludge
|turn|20
|
|move|p1a: Ryan )|Roost|p1a: Ryan )
|-heal|p1a: Ryan )|331\/331
|move|p2a: Porygon2|Discharge|p1a: Ryan )
|-damage|p1a: Ryan )|245\/331
|
|-heal|p1a: Ryan )|265\/331|[from] item: Black Sludge
|turn|21
|
|move|p1a: Ryan )|U-turn|p2a: Porygon2
|-damage|p2a: Porygon2|186\/374
|
|switch|p1a: Barny|Lucario, M, shiny|273\/281
|-damage|p1a: Barny|265\/281|[from] Stealth Rock
|move|p2a: Porygon2|Discharge|p1a: Barny
|-damage|p1a: Barny|178\/281
|
|turn|22
|
|move|p1a: Barny|Swords Dance|p1a: Barny
|-boost|p1a: Barny|atk|2
|move|p2a: Porygon2|Recover|p2a: Porygon2
|-heal|p2a: Porygon2|373\/374
|
|turn|23
|
|move|p1a: Barny|Close Combat|p2a: Porygon2
|-supereffective|p2a: Porygon2
|-damage|p2a: Porygon2|0 fnt
|-unboost|p1a: Barny|def|1
|-unboost|p1a: Barny|spd|1
|faint|p2a: Porygon2
|
|
|switch|p2a: Hippowdon|Hippowdon, M|337\/420
|-weather|Sandstorm
|turn|24
|c|âDrake'sProdigy|lol thought you were specs
|
|move|p1a: Barny|Close Combat|p2a: Hippowdon
|-damage|p2a: Hippowdon|84\/420
|-unboost|p1a: Barny|def|1
|-unboost|p1a: Barny|spd|1
|move|p2a: Hippowdon|Earthquake|p1a: Barny
|-supereffective|p1a: Barny
|-damage|p1a: Barny|0 fnt
|faint|p1a: Barny
|
|-weather|Sandstorm|[upkeep]
|-heal|p2a: Hippowdon|110\/420|[from] item: Leftovers
|
|switch|p1a: Ryan )|Crobat, F|265\/331
|-damage|p1a: Ryan )|183\/331|[from] Stealth Rock
|turn|25
|
|move|p1a: Ryan )|Brave Bird|p2a: Hippowdon
|-damage|p2a: Hippowdon|0 fnt
|-damage|p1a: Ryan )|147\/331|[from] recoil|[of] p2a: Hippowdon
|faint|p2a: Hippowdon
|
|-weather|Sandstorm|[upkeep]
|-damage|p1a: Ryan )|127\/331|[from] sandstorm
|-heal|p1a: Ryan )|147\/331|[from] item: Black Sludge
|
|switch|p2a: Darmanitan|Darmanitan, F|351\/351
|turn|26
|
|move|p2a: Darmanitan|Flare Blitz|p1a: Ryan )
|-damage|p1a: Ryan )|0 fnt
|-damage|p2a: Darmanitan|302\/351|[from] recoil|[of] p1a: Ryan )
|faint|p1a: Ryan )
|
|-weather|Sandstorm|[upkeep]
|-damage|p2a: Darmanitan|281\/351|[from] sandstorm
|
|switch|p1a: Alyssa|Houndoom, F|291\/291
|-damage|p1a: Alyssa|219\/291|[from] Stealth Rock
|turn|27
|
|switch|p2a: Gallade|Gallade-Mega, M|89\/278
|detailschange|p1a: Alyssa|Houndoom-Mega, F
|message|Houndoom has Mega Evolved into Mega Houndoom!
|move|p1a: Alyssa|Nasty Plot|p1a: Alyssa
|-boost|p1a: Alyssa|spa|2
|
|-weather|Sandstorm|[upkeep]
|-damage|p1a: Alyssa|201\/291|[from] sandstorm
|-damage|p2a: Gallade|72\/278|[from] sandstorm
|turn|28
|
|move|p2a: Gallade|Shadow Sneak|p1a: Alyssa
|-resisted|p1a: Alyssa
|-damage|p1a: Alyssa|168\/291
|move|p1a: Alyssa|Dark Pulse|p2a: Gallade
|-damage|p2a: Gallade|0 fnt
|faint|p2a: Gallade
|
|-weather|none
|
|switch|p2a: Darmanitan|Darmanitan, F|281\/351
|turn|29
|
|move|p2a: Darmanitan|Earthquake|p1a: Alyssa
|-supereffective|p1a: Alyssa
|-damage|p1a: Alyssa|0 fnt
|faint|p1a: Alyssa
|
|
|switch|p1a: Sarah|Florges, F|360\/360
|-damage|p1a: Sarah|315\/360|[from] Stealth Rock
|turn|30
|
|move|p2a: Darmanitan|Earthquake|p1a: Sarah
|-damage|p1a: Sarah|181\/360
|move|p1a: Sarah|Moonblast|p2a: Darmanitan
|-resisted|p2a: Darmanitan
|-damage|p2a: Darmanitan|176\/351
|-unboost|p2a: Darmanitan|spa|1
|
|-heal|p1a: Sarah|203\/360|[from] item: Leftovers
|turn|31
|
|move|p2a: Darmanitan|Earthquake|p1a: Sarah
|-damage|p1a: Sarah|83\/360
|move|p1a: Sarah|Wish|p1a: Sarah
|
|-heal|p1a: Sarah|105\/360|[from] item: Leftovers
|turn|32
|
|move|p1a: Sarah|Protect|p1a: Sarah
|-singleturn|p1a: Sarah|Protect
|move|p2a: Darmanitan|Earthquake|p1a: Sarah
|-activate|p1a: Sarah|Protect
|
|-heal|p1a: Sarah|285\/360|[from] move: Wish|[wisher] Sarah
|-heal|p1a: Sarah|307\/360|[from] item: Leftovers
|turn|33
|c|âDrake'sProdigy|very gg
|
|move|p2a: Darmanitan|Earthquake|p1a: Sarah
|-crit|p1a: Sarah
|-damage|p1a: Sarah|112\/360
|move|p1a: Sarah|Wish|p1a: Sarah
|
|-heal|p1a: Sarah|134\/360|[from] item: Leftovers
|turn|34
|
|move|p2a: Darmanitan|Earthquake|p1a: Sarah
|-damage|p1a: Sarah|1\/360
|move|p1a: Sarah|Moonblast|p2a: Darmanitan
|-resisted|p2a: Darmanitan
|-damage|p2a: Darmanitan|71\/351
|-unboost|p2a: Darmanitan|spa|1
|
|-heal|p1a: Sarah|181\/360|[from] move: Wish|[wisher] Sarah
|-heal|p1a: Sarah|203\/360|[from] item: Leftovers
|turn|35
|
|move|p2a: Darmanitan|Earthquake|p1a: Sarah
|-damage|p1a: Sarah|73\/360
|move|p1a: Sarah|Moonblast|p2a: Darmanitan
|-resisted|p2a: Darmanitan
|-damage|p2a: Darmanitan|0 fnt
|faint|p2a: Darmanitan
|
|win|Drake'sProdigy
|raw|Ladder updating...
|c|âBrt1234|gg
|c|âDrake'sProdigy|gg
|leave|Brt1234
|player|p2
|raw|Drake&apos;sProdigy's rating: 1215 &rarr; <strong>1240<\/strong><br \/>(+25 for winning)
|raw|Brt1234's rating: 1214 &rarr; <strong>1189<\/strong><br \/>(-25 for losing)