|join|Brt1234
|join|fusherduelist
|player|p1|Brt1234|101
|player|p2|fusherduelist|147
|gametype|singles
|gen|6
|tier|UU
|rated
|rule|Sleep Clause Mod: Limit one foe put to sleep
|rule|Species Clause: Limit one of each PokÃ©mon
|rule|OHKO Clause: OHKO moves are banned
|rule|Moody Clause: Moody is banned
|rule|Evasion Moves Clause: Evasion moves are banned
|rule|Endless Battle Clause: Forcing endless battles is banned
|rule|HP Percentage Mod: HP is shown in percentages
|clearpoke
|poke|p1|Jolteon, M
|poke|p1|Lopunny, F
|poke|p1|Milotic, M
|poke|p1|Chandelure, M
|poke|p1|Honchkrow, F
|poke|p1|Goodra, F
|poke|p2|Sceptile, M
|poke|p2|Raikou
|poke|p2|Empoleon, M
|poke|p2|Cloyster, F
|poke|p2|Krookodile, M
|poke|p2|Mienshao, F
|rule|Swagger Clause: Swagger is banned
|rule|Baton Pass Clause: Limit one PokÃ©mon knowing Baton Pass
|teampreview
|
|start
|switch|p1a: Lopunny|Lopunny, F|272\/272
|switch|p2a: Mienshao|Mienshao, F|271\/271
|turn|1
|
|detailschange|p1a: Lopunny|Lopunny-Mega, F
|message|Lopunny has Mega Evolved into Mega Lopunny!
|move|p1a: Lopunny|Fake Out|p2a: Mienshao
|-damage|p2a: Mienshao|151\/271
|cant|p2a: Mienshao|flinch
|
|turn|2
|
|switch|p1a: Chandelure|Chandelure, M|261\/261
|move|p2a: Mienshao|U-turn|p1a: Chandelure
|-resisted|p1a: Chandelure
|-damage|p1a: Chandelure|240\/261
|
|switch|p2a: Krookodile|Krookodile, M|331\/331
|-ability|p2a: Krookodile|Intimidate|[of] p1a: Chandelure
|-unboost|p1a: Chandelure|atk|1
|
|turn|3
|
|move|p2a: Krookodile|Pursuit|p1a: Chandelure|[from]Pursuit
|-supereffective|p1a: Chandelure
|-damage|p1a: Chandelure|0 fnt
|faint|p1a: Chandelure
|
|
|switch|p1a: Honchkrow|Honchkrow, F|404\/404
|turn|4
|
|switch|p2a: Empoleon|Empoleon, M|372\/372
|move|p1a: Honchkrow|Superpower|p2a: Empoleon
|-supereffective|p2a: Empoleon
|-damage|p2a: Empoleon|42\/372
|-unboost|p1a: Honchkrow|atk|1
|-unboost|p1a: Honchkrow|def|1
|
|-heal|p2a: Empoleon|65\/372|[from] item: Leftovers
|turn|5
|
|switch|p2a: Raikou|Raikou|322\/322
|-ability|p2a: Raikou|Pressure
|move|p1a: Honchkrow|Superpower|p2a: Raikou
|-damage|p2a: Raikou|201\/322
|-unboost|p1a: Honchkrow|atk|1
|-unboost|p1a: Honchkrow|def|1
|
|turn|6
|
|switch|p2a: Mienshao|Mienshao, F|241\/271
|switch|p1a: Goodra|Goodra, F|384\/384
|
|turn|7
|
|move|p2a: Mienshao|High Jump Kick|p1a: Goodra
|-damage|p1a: Goodra|71\/384
|move|p1a: Goodra|Dragon Tail|p2a: Mienshao
|-damage|p2a: Mienshao|90\/271
|drag|p2a: Empoleon|Empoleon, M|65\/372
|
|-heal|p2a: Empoleon|88\/372|[from] item: Leftovers
|turn|8
|
|move|p1a: Goodra|Earthquake|p2a: Empoleon
|-crit|p2a: Empoleon
|-supereffective|p2a: Empoleon
|-damage|p2a: Empoleon|0 fnt
|faint|p2a: Empoleon
|
|
|switch|p2a: Sceptile|Sceptile, M|282\/282
|turn|9
|
|detailschange|p2a: Sceptile|Sceptile-Mega, M
|message|Sceptile has Mega Evolved into Mega Sceptile!
|move|p2a: Sceptile|Dragon Claw|p1a: Goodra
|-supereffective|p1a: Goodra
|-damage|p1a: Goodra|0 fnt
|faint|p1a: Goodra
|
|
|switch|p1a: Lopunny|Lopunny-Mega, F|272\/272
|turn|10
|
|move|p1a: Lopunny|Fake Out|p2a: Sceptile
|-damage|p2a: Sceptile|186\/282
|cant|p2a: Sceptile|flinch
|
|turn|11
|
|switch|p2a: Cloyster|Cloyster, F|242\/242
|switch|p1a: Milotic|Milotic, M|394\/394
|
|turn|12
|
|move|p2a: Cloyster|Shell Smash|p2a: Cloyster
|-boost|p2a: Cloyster|atk|2
|-boost|p2a: Cloyster|spa|2
|-boost|p2a: Cloyster|spe|2
|-unboost|p2a: Cloyster|def|1
|-unboost|p2a: Cloyster|spd|1
|move|p1a: Milotic|Toxic|p2a: Cloyster
|-status|p2a: Cloyster|tox
|
|-damage|p2a: Cloyster|227\/242 tox|[from] psn
|turn|13
|
|move|p2a: Cloyster|Rock Blast|p1a: Milotic
|-damage|p1a: Milotic|351\/394
|-damage|p1a: Milotic|313\/394
|-damage|p1a: Milotic|273\/394
|-damage|p1a: Milotic|233\/394
|-damage|p1a: Milotic|194\/394
|-hitcount|p1a: Milotic|5
|move|p1a: Milotic|Dragon Pulse|p2a: Cloyster
|-damage|p2a: Cloyster|53\/242 tox
|
|-heal|p1a: Milotic|218\/394|[from] item: Leftovers
|-damage|p2a: Cloyster|23\/242 tox|[from] psn
|turn|14
|
|move|p2a: Cloyster|Rock Blast|p1a: Milotic
|-damage|p1a: Milotic|175\/394
|-damage|p1a: Milotic|134\/394
|-damage|p1a: Milotic|95\/394
|-damage|p1a: Milotic|53\/394
|-damage|p1a: Milotic|9\/394
|-hitcount|p1a: Milotic|5
|move|p1a: Milotic|Recover|p1a: Milotic
|-heal|p1a: Milotic|206\/394
|
|-heal|p1a: Milotic|230\/394|[from] item: Leftovers
|-damage|p2a: Cloyster|0 fnt|[from] psn
|faint|p2a: Cloyster
|
|switch|p2a: Sceptile|Sceptile-Mega, M|186\/282
|turn|15
|
|move|p2a: Sceptile|Leaf Blade|p1a: Milotic
|-supereffective|p1a: Milotic
|-damage|p1a: Milotic|8\/394
|move|p1a: Milotic|Dragon Pulse|p2a: Sceptile
|-supereffective|p2a: Sceptile
|-damage|p2a: Sceptile|30\/282
|
|-heal|p1a: Milotic|32\/394|[from] item: Leftovers
|turn|16
|
|move|p2a: Sceptile|Leaf Blade|p1a: Milotic
|-supereffective|p1a: Milotic
|-damage|p1a: Milotic|0 fnt
|faint|p1a: Milotic
|
|
|switch|p1a: Lopunny|Lopunny-Mega, F|272\/272
|turn|17
|
|move|p1a: Lopunny|Fake Out|p2a: Sceptile
|-damage|p2a: Sceptile|0 fnt
|faint|p2a: Sceptile
|
|
|switch|p2a: Mienshao|Mienshao, F|180\/271
|turn|18
|
|switch|p1a: Jolteon|Jolteon, M|272\/272
|move|p2a: Mienshao|High Jump Kick|p1a: Jolteon
|-damage|p1a: Jolteon|0 fnt
|faint|p1a: Jolteon
|
|
|switch|p1a: Honchkrow|Honchkrow, F|404\/404
|turn|19
|
|switch|p2a: Krookodile|Krookodile, M|331\/331
|-ability|p2a: Krookodile|Intimidate|[of] p1a: Honchkrow
|-unboost|p1a: Honchkrow|atk|1
|move|p1a: Honchkrow|Brave Bird|p2a: Krookodile
|-damage|p2a: Krookodile|132\/331
|-damage|p1a: Honchkrow|338\/404|[from] recoil|[of] p2a: Krookodile
|
|-heal|p1a: Honchkrow|363\/404|[from] item: Leftovers
|turn|20
|
|move|p2a: Krookodile|Iron Tail|p1a: Honchkrow
|-damage|p1a: Honchkrow|75\/404
|move|p1a: Honchkrow|Brave Bird|p2a: Krookodile
|-damage|p2a: Krookodile|0 fnt
|-damage|p1a: Honchkrow|31\/404|[from] recoil|[of] p2a: Krookodile
|faint|p2a: Krookodile
|-boost|p1a: Honchkrow|atk|1|[from] ability: Moxie
|
|-heal|p1a: Honchkrow|56\/404|[from] item: Leftovers
|
|switch|p2a: Mienshao|Mienshao, F|270\/271
|turn|21
|
|move|p1a: Honchkrow|Sucker Punch|p2a: Mienshao
|-resisted|p2a: Mienshao
|-damage|p2a: Mienshao|147\/271
|move|p2a: Mienshao|U-turn|p1a: Honchkrow
|-damage|p1a: Honchkrow|0 fnt
|faint|p1a: Honchkrow
|
|switch|p2a: Raikou|Raikou|201\/322
|-ability|p2a: Raikou|Pressure
|
|
|switch|p1a: Lopunny|Lopunny-Mega, F|272\/272
|turn|22
|
|move|p1a: Lopunny|Fake Out|p2a: Raikou
|-damage|p2a: Raikou|111\/322
|cant|p2a: Raikou|flinch
|
|turn|23
|
|move|p1a: Lopunny|Return|p2a: Raikou
|-damage|p2a: Raikou|0 fnt
|faint|p2a: Raikou
|
|
|switch|p2a: Mienshao|Mienshao, F|237\/271
|turn|24
|
|move|p2a: Mienshao|High Jump Kick|p1a: Lopunny
|-supereffective|p1a: Lopunny
|-damage|p1a: Lopunny|0 fnt
|faint|p1a: Lopunny
|
|win|fusherduelist
|raw|Ladder updating...
|c|âfusherduelist|GG
|raw|Brt1234's rating: 1328 &rarr; <strong>1302<\/strong><br \/>(-26 for losing)
|raw|fusherduelist's rating: 1218 &rarr; <strong>1250<\/strong><br \/>(+32 for winning)
|c|âBrt1234|gg
|leave|Brt1234
|player|p1