|join|Brt1234
|join|IAmEternal
|player|p1|Brt1234|101
|player|p2|IAmEternal|52
|gametype|singles
|gen|6
|tier|UU
|rated
|rule|Sleep Clause Mod: Limit one foe put to sleep
|rule|Species Clause: Limit one of each PokÃ©mon
|rule|OHKO Clause: OHKO moves are banned
|rule|Moody Clause: Moody is banned
|rule|Evasion Moves Clause: Evasion moves are banned
|rule|Endless Battle Clause: Forcing endless battles is banned
|rule|HP Percentage Mod: HP is shown in percentages
|clearpoke
|poke|p1|Haxorus, M
|poke|p1|Beedrill, M
|poke|p1|Chesnaught, F
|poke|p1|Nidoking, M
|poke|p1|Empoleon, F
|poke|p1|Porygon2
|poke|p2|Diancie
|poke|p2|Umbreon, M
|poke|p2|Alakazam, M
|poke|p2|Haxorus, F
|poke|p2|Amoonguss, F
|poke|p2|Darmanitan, M
|rule|Swagger Clause: Swagger is banned
|rule|Baton Pass Clause: Limit one PokÃ©mon knowing Baton Pass
|teampreview
|
|start
|switch|p1a: Beedrill|Beedrill, M|271\/271
|switch|p2a: Haxorus|Haxorus, F|293\/293
|-ability|p2a: Haxorus|Mold Breaker
|turn|1
|
|detailschange|p1a: Beedrill|Beedrill-Mega, M
|-mega|p1a: Beedrill|Beedrill|Beedrillite
|move|p1a: Beedrill|Protect|p1a: Beedrill
|-singleturn|p1a: Beedrill|Protect
|move|p2a: Haxorus|Dragon Dance|p2a: Haxorus
|-boost|p2a: Haxorus|atk|1
|-boost|p2a: Haxorus|spe|1
|
|turn|2
|
|switch|p1a: Chesnaught|Chesnaught, F|380\/380
|move|p2a: Haxorus|Earthquake|p1a: Chesnaught
|-resisted|p1a: Chesnaught
|-damage|p1a: Chesnaught|313\/380
|
|-heal|p1a: Chesnaught|336\/380|[from] item: Leftovers
|turn|3
|
|move|p1a: Chesnaught|Spiky Shield|p1a: Chesnaught
|-singleturn|p1a: Chesnaught|move: Protect
|move|p2a: Haxorus|Dragon Dance|p2a: Haxorus
|-boost|p2a: Haxorus|atk|1
|-boost|p2a: Haxorus|spe|1
|
|-heal|p1a: Chesnaught|359\/380|[from] item: Leftovers
|turn|4
|
|move|p2a: Haxorus|Dragon Dance|p2a: Haxorus
|-boost|p2a: Haxorus|atk|1
|-boost|p2a: Haxorus|spe|1
|move|p1a: Chesnaught|Leech Seed|p2a: Haxorus
|-start|p2a: Haxorus|move: Leech Seed
|
|-heal|p1a: Chesnaught|380\/380|[from] item: Leftovers
|-damage|p2a: Haxorus|257\/293|[from] Leech Seed|[of] p1a: Chesnaught
|turn|5
|
|move|p2a: Haxorus|Dragon Dance|p2a: Haxorus
|-boost|p2a: Haxorus|atk|1
|-boost|p2a: Haxorus|spe|1
|move|p1a: Chesnaught|Spikes|p2a: Haxorus
|-sidestart|p2: IAmEternal|Spikes
|
|-damage|p2a: Haxorus|221\/293|[from] Leech Seed|[of] p1a: Chesnaught
|turn|6
|
|move|p2a: Haxorus|Outrage|p1a: Chesnaught
|-damage|p1a: Chesnaught|0 fnt
|faint|p1a: Chesnaught
|
|
|switch|p1a: Empoleon|Empoleon, F|372\/372
|turn|7
|
|move|p2a: Haxorus|Outrage|p1a: Empoleon
|-resisted|p1a: Empoleon
|-damage|p1a: Empoleon|0 fnt
|faint|p1a: Empoleon
|
|-end|p2a: Haxorus|rampage
|-start|p2a: Haxorus|confusion
|
|switch|p1a: Porygon2|Porygon2|373\/373
|-enditem|p2a: Haxorus|Lum Berry|[eat]
|-end|p2a: Haxorus|confusion
|-ability|p1a: Porygon2|Mold Breaker|[from] ability: Trace|[of] p2a: Haxorus
|-ability|p1a: Porygon2|Mold Breaker
|turn|8
|
|move|p2a: Haxorus|Outrage|p1a: Porygon2
|-damage|p1a: Porygon2|0 fnt
|faint|p1a: Porygon2
|
|-message|Brt1234 forfeited.
|leave|Brt1234
|
|win|IAmEternal
|raw|Ladder updating...
|player|p1