|J|ToonSummonSkul
|J|drammalife
|player|p1|ToonSummonSkul|265
|player|p2|drammalife|256
|gametype|singles
|gen|6
|tier|OU
|clearpoke
|poke|p1|Diancie
|poke|p1|Ferrothorn, F
|poke|p1|Slowbro, M
|poke|p1|Mandibuzz, F, shiny
|poke|p1|Talonflame, F, shiny
|poke|p1|Seismitoad, F
|poke|p2|Sableye, F
|poke|p2|Talonflame, M
|poke|p2|Ferrothorn, F
|poke|p2|Latias, F
|poke|p2|Gliscor, M
|poke|p2|Slowbro, M
|rule|Swagger Clause: Swagger is banned
|rule|Baton Pass Clause: Limit one PokÃ©mon knowing Baton Pass
|rule|Sleep Clause Mod: Limit one foe put to sleep
|rule|Species Clause: Limit one of each PokÃ©mon
|rule|OHKO Clause: OHKO moves are banned
|rule|Moody Clause: Moody is banned
|rule|Evasion Moves Clause: Evasion moves are banned
|rule|Endless Battle Clause: Forcing endless battles is banned
|rule|HP Percentage Mod: HP is shown in percentages
|teampreview
|c|âToonSummonSkul|can u put on timer?
|c|âdrammalife|sure
|c|âdrammalife|when i pick my lead
|c|âToonSummonSkul|ok
|
|start
|switch|p1a: Diancie|Diancie|241\/241
|switch|p2a: Slowbro|Slowbro, M|394\/394
|turn|1
|
|detailschange|p1a: Diancie|Diancie-Mega
|-mega|p1a: Diancie|Diancie|Diancite
|move|p1a: Diancie|Protect|p1a: Diancie
|-singleturn|p1a: Diancie|Protect
|move|p2a: Slowbro|Scald|p1a: Diancie
|-activate|p1a: Diancie|Protect
|
|turn|2
|
|switch|p1a: Seismitoad|Seismitoad, F|413\/413
|move|p2a: Slowbro|Scald|p1a: Seismitoad
|-immune|p1a: Seismitoad|[msg]
|
|turn|3
|
|switch|p2a: Ferrothorn|Ferrothorn, F|351\/351
|move|p1a: Seismitoad|Scald|p2a: Ferrothorn
|-resisted|p2a: Ferrothorn
|-damage|p2a: Ferrothorn|321\/351
|
|turn|4
|c|âdrammalife|whats up with this room?
|
|switch|p1a: Slowbro|Slowbro, M|394\/394
|move|p2a: Ferrothorn|Stealth Rock|p1a: Slowbro
|-sidestart|p1: ToonSummonSkul|move: Stealth Rock
|
|turn|5
|c|âToonSummonSkul|not sure lol
|c|âdrammalife|its just showdown in another design?
|
|switch|p2a: Latias|Latias, F|339\/339
|move|p1a: Slowbro|Scald|p2a: Latias
|-crit|p2a: Latias
|-resisted|p2a: Latias
|-damage|p2a: Latias|282\/339
|
|turn|6
|c|âToonSummonSkul|yea pretty much
|c|âdrammalife|ok
|
|move|p2a: Latias|Draco Meteor|p1a: Slowbro
|-damage|p1a: Slowbro|96\/394
|-unboost|p2a: Latias|spa|2
|-damage|p2a: Latias|249\/339|[from] item: Life Orb
|move|p1a: Slowbro|Thunder Wave|p2a: Latias
|-status|p2a: Latias|par
|
|-heal|p1a: Slowbro|120\/394|[from] item: Leftovers
|turn|7
|c|âdrammalife|do you have account on normal showdown server?
|
|move|p1a: Slowbro|Slack Off|p1a: Slowbro
|-heal|p1a: Slowbro|317\/394
|cant|p2a: Latias|par
|
|-heal|p1a: Slowbro|341\/394|[from] item: Leftovers
|turn|8
|c|âToonSummonSkul|yes
|c|âdrammalife|whats your name there?
|
|switch|p1a: Ferrothorn|Ferrothorn, F|352\/352
|-damage|p1a: Ferrothorn|330\/352|[from] Stealth Rock
|switch|p2a: Ferrothorn|Ferrothorn, F|321\/351
|
|-heal|p1a: Ferrothorn|352\/352|[from] item: Leftovers
|turn|9
|
|switch|p2a: Sableye|Sableye, F|304\/304
|move|p1a: Ferrothorn|Spikes|p2a: Sableye
|-sidestart|p2: drammalife|Spikes
|
|turn|10
|
|switch|p1a: Diancie|Diancie-Mega|241\/241
|-damage|p1a: Diancie|211\/241|[from] Stealth Rock
|detailschange|p2a: Sableye|Sableye-Mega, F
|-mega|p2a: Sableye|Sableye|Sablenite
|move|p2a: Sableye|Knock Off|p1a: Diancie
|-resisted|p1a: Diancie
|-damage|p1a: Diancie|181\/241
|
|turn|11
|
|switch|p2a: Ferrothorn|Ferrothorn, F|321\/351
|-damage|p2a: Ferrothorn|278\/351|[from] Spikes
|move|p1a: Diancie|Hidden Power|p2a: Ferrothorn
|-supereffective|p2a: Ferrothorn
|-damage|p2a: Ferrothorn|74\/351
|
|turn|12
|
|move|p1a: Diancie|Hidden Power|p2a: Ferrothorn
|-supereffective|p2a: Ferrothorn
|-damage|p2a: Ferrothorn|0 fnt
|faint|p2a: Ferrothorn
|
|
|switch|p2a: Gliscor|Gliscor, M|354\/354
|turn|13
|J|dad of zeus
|
|switch|p1a: Mandibuzz|Mandibuzz, F, shiny|423\/423
|-damage|p1a: Mandibuzz|318\/423|[from] Stealth Rock
|move|p2a: Gliscor|Roost|p2a: Gliscor
|-fail|p2a: Gliscor
|
|-heal|p1a: Mandibuzz|344\/423|[from] item: Leftovers
|-status|p2a: Gliscor|tox|[from] item: Toxic Orb
|turn|14
|J|Reymedy
|L|dad of zeus
|
|switch|p2a: Sableye|Sableye-Mega, F|304\/304
|-damage|p2a: Sableye|266\/304|[from] Spikes
|move|p1a: Mandibuzz|Defog|p2a: Sableye
|move|p2a: Sableye|Defog|p1a: Mandibuzz|[from]Magic Bounce
|-unboost|p1a: Mandibuzz|evasion|1
|-sideend|p1: ToonSummonSkul|Stealth Rock|[from] move: Defog|[of] p1a: Mandibuzz
|-sideend|p2: drammalife|Spikes|[from] move: Defog|[of] p2a: Sableye
|
|-heal|p1a: Mandibuzz|370\/423|[from] item: Leftovers
|turn|15
|c| Reymedy|this team is ass dice
|
|switch|p1a: Diancie|Diancie-Mega|181\/241
|move|p2a: Sableye|Foul Play|p1a: Diancie
|-resisted|p1a: Diancie
|-damage|p1a: Diancie|88\/241
|
|turn|16
|c|âToonSummonSkul|reymedy
|c|âToonSummonSkul|how the fuck did u find this
|c| Reymedy|:3
|
|switch|p2a: Gliscor|Gliscor, M|354\/354 tox
|move|p1a: Diancie|Moonblast|p2a: Gliscor
|-damage|p2a: Gliscor|210\/354 tox
|
|-heal|p2a: Gliscor|254\/354 tox|[from] ability: Poison Heal
|turn|17
|
|switch|p1a: Seismitoad|Seismitoad, F|413\/413
|move|p2a: Gliscor|Roost|p2a: Gliscor
|-heal|p2a: Gliscor|354\/354 tox
|
|turn|18
|
|move|p2a: Gliscor|Swords Dance|p2a: Gliscor
|-boost|p2a: Gliscor|atk|2
|move|p1a: Seismitoad|Stealth Rock|p2a: Gliscor
|-sidestart|p2: drammalife|move: Stealth Rock
|
|turn|19
|
|switch|p1a: Mandibuzz|Mandibuzz, F, shiny|370\/423
|move|p2a: Gliscor|Fling|p1a: Mandibuzz
|-enditem|p2a: Gliscor|Toxic Orb|[from] move: Fling
|-resisted|p1a: Mandibuzz
|-damage|p1a: Mandibuzz|354\/423
|-status|p1a: Mandibuzz|tox
|
|-heal|p1a: Mandibuzz|380\/423 tox|[from] item: Leftovers
|-damage|p1a: Mandibuzz|354\/423 tox|[from] psn
|turn|20
|
|move|p2a: Gliscor|Roost|p2a: Gliscor
|-fail|p2a: Gliscor
|move|p1a: Mandibuzz|Foul Play|p2a: Gliscor
|-crit|p2a: Gliscor
|-damage|p2a: Gliscor|104\/354 tox
|
|-heal|p1a: Mandibuzz|380\/423 tox|[from] item: Leftovers
|-heal|p2a: Gliscor|148\/354 tox|[from] ability: Poison Heal
|-damage|p1a: Mandibuzz|328\/423 tox|[from] psn
|turn|21
|
|switch|p1a: Slowbro|Slowbro, M|394\/394
|move|p2a: Gliscor|Roost|p2a: Gliscor
|-heal|p2a: Gliscor|325\/354 tox
|
|-heal|p2a: Gliscor|354\/354 tox|[from] ability: Poison Heal
|turn|22
|
|move|p2a: Gliscor|Swords Dance|p2a: Gliscor
|-boost|p2a: Gliscor|atk|2
|move|p1a: Slowbro|Scald|p2a: Gliscor
|-supereffective|p2a: Gliscor
|-damage|p2a: Gliscor|192\/354 tox
|
|-heal|p2a: Gliscor|236\/354 tox|[from] ability: Poison Heal
|turn|23
|
|move|p2a: Gliscor|Roost|p2a: Gliscor
|-heal|p2a: Gliscor|354\/354 tox
|move|p1a: Slowbro|Scald|p2a: Gliscor
|-crit|p2a: Gliscor
|-supereffective|p2a: Gliscor
|-damage|p2a: Gliscor|112\/354 tox
|
|-heal|p2a: Gliscor|156\/354 tox|[from] ability: Poison Heal
|turn|24
|raw|<div class="broadcast-blue"><b><font size=1><i>Global declare from a Developer<br \/><\/i><\/font size><center>The second monothreat of the day will start in 15 minutes in the Tournaments room! The type will be: <button name="joinRoom" value="tournaments"><b><font color="blue">Dragon<\/font><\/b><\/button><\/center><\/b><\/div>
|
|switch|p1a: Ferrothorn|Ferrothorn, F|352\/352
|move|p2a: Gliscor|Roost|p2a: Gliscor
|-heal|p2a: Gliscor|333\/354 tox
|
|-heal|p2a: Gliscor|354\/354 tox|[from] ability: Poison Heal
|turn|25
|
|move|p2a: Gliscor|Swords Dance|p2a: Gliscor
|-boost|p2a: Gliscor|atk|2
|move|p1a: Ferrothorn|Leech Seed|p2a: Gliscor
|-start|p2a: Gliscor|move: Leech Seed
|
|-damage|p2a: Gliscor|310\/354 tox|[from] Leech Seed|[of] p1a: Ferrothorn
|-heal|p2a: Gliscor|354\/354 tox|[from] ability: Poison Heal
|turn|26
|
|switch|p1a: Mandibuzz|Mandibuzz, F, shiny|328\/423 tox
|move|p2a: Gliscor|Acrobatics|p1a: Mandibuzz
|-damage|p1a: Mandibuzz|0 fnt
|faint|p1a: Mandibuzz
|
|c|âdrammalife|gg
|
|switch|p1a: Slowbro|Slowbro, M|394\/394
|turn|27
|
|move|p2a: Gliscor|Acrobatics|p1a: Slowbro
|-damage|p1a: Slowbro|67\/394
|move|p1a: Slowbro|Slack Off|p1a: Slowbro
|-heal|p1a: Slowbro|264\/394
|
|-heal|p1a: Slowbro|288\/394|[from] item: Leftovers
|-damage|p2a: Gliscor|310\/354 tox|[from] Leech Seed|[of] p1a: Slowbro
|-heal|p1a: Slowbro|332\/394|[silent]
|-heal|p2a: Gliscor|354\/354 tox|[from] ability: Poison Heal
|turn|28
|
|move|p2a: Gliscor|Acrobatics|p1a: Slowbro
|-damage|p1a: Slowbro|2\/394
|move|p1a: Slowbro|Scald|p2a: Gliscor
|-supereffective|p2a: Gliscor
|-damage|p2a: Gliscor|196\/354 tox
|
|-heal|p1a: Slowbro|26\/394|[from] item: Leftovers
|-damage|p2a: Gliscor|152\/354 tox|[from] Leech Seed|[of] p1a: Slowbro
|-heal|p1a: Slowbro|70\/394|[silent]
|-heal|p2a: Gliscor|196\/354 tox|[from] ability: Poison Heal
|turn|29
|
|switch|p1a: Ferrothorn|Ferrothorn, F|352\/352
|move|p2a: Gliscor|Acrobatics|p1a: Ferrothorn
|-damage|p1a: Ferrothorn|45\/352
|-damage|p2a: Gliscor|152\/354 tox|[from] ability: Iron Barbs|[of] p1a: Ferrothorn
|
|-heal|p1a: Ferrothorn|67\/352|[from] item: Leftovers
|-damage|p2a: Gliscor|108\/354 tox|[from] Leech Seed|[of] p1a: Ferrothorn
|-heal|p1a: Ferrothorn|111\/352|[silent]
|-heal|p2a: Gliscor|152\/354 tox|[from] ability: Poison Heal
|turn|30
|
|move|p2a: Gliscor|Roost|p2a: Gliscor
|-heal|p2a: Gliscor|329\/354 tox
|move|p1a: Ferrothorn|Power Whip|p2a: Gliscor
|-supereffective|p2a: Gliscor
|-damage|p2a: Gliscor|105\/354 tox
|
|-heal|p1a: Ferrothorn|133\/352|[from] item: Leftovers
|-damage|p2a: Gliscor|61\/354 tox|[from] Leech Seed|[of] p1a: Ferrothorn
|-heal|p1a: Ferrothorn|177\/352|[silent]
|-heal|p2a: Gliscor|105\/354 tox|[from] ability: Poison Heal
|turn|31
|c|âToonSummonSkul|gg
|
|move|p2a: Gliscor|Acrobatics|p1a: Ferrothorn
|-damage|p1a: Ferrothorn|0 fnt
|-damage|p2a: Gliscor|61\/354 tox|[from] ability: Iron Barbs|[of] p1a: Ferrothorn
|faint|p1a: Ferrothorn
|
|-heal|p2a: Gliscor|105\/354 tox|[from] ability: Poison Heal
|
|switch|p1a: Diancie|Diancie-Mega|88\/241
|turn|32
|
|switch|p2a: Latias|Latias, F|249\/339 par
|-damage|p2a: Latias|207\/339 par|[from] Stealth Rock
|move|p1a: Diancie|Moonblast|p2a: Latias
|-supereffective|p2a: Latias
|-damage|p2a: Latias|0 fnt
|faint|p2a: Latias
|
|c|âToonSummonSkul|lol
|
|switch|p2a: Slowbro|Slowbro, M|394\/394
|-damage|p2a: Slowbro|345\/394|[from] Stealth Rock
|turn|33
|c|âToonSummonSkul|u were so certain
|c|âdrammalife|so?
|c|âToonSummonSkul|it just shows
|c|âToonSummonSkul|how little u understand lmao
|
|switch|p1a: Seismitoad|Seismitoad, F|413\/413
|move|p2a: Slowbro|Psyshock|p1a: Seismitoad
|-crit|p1a: Seismitoad
|-damage|p1a: Seismitoad|284\/413
|
|-heal|p1a: Seismitoad|309\/413|[from] item: Leftovers
|-heal|p2a: Slowbro|369\/394|[from] item: Leftovers
|turn|34
|c|âdrammalife|lol i said i will win
|c| Reymedy|shots
|c|âdrammalife|not that my gliscore will sweap your whole team
|
|move|p1a: Seismitoad|Scald|p2a: Slowbro
|-resisted|p2a: Slowbro
|-damage|p2a: Slowbro|324\/394
|move|p2a: Slowbro|Psyshock|p1a: Seismitoad
|-damage|p1a: Seismitoad|222\/413
|
|-heal|p1a: Seismitoad|247\/413|[from] item: Leftovers
|-heal|p2a: Slowbro|348\/394|[from] item: Leftovers
|turn|35
|c|âToonSummonSkul|gl with that
|
|switch|p2a: Sableye|Sableye-Mega, F|266\/304
|-damage|p2a: Sableye|228\/304|[from] Stealth Rock
|move|p1a: Seismitoad|Scald|p2a: Sableye
|-damage|p2a: Sableye|156\/304
|
|-heal|p1a: Seismitoad|272\/413|[from] item: Leftovers
|turn|36
|c|âToonSummonSkul|zero burns
|
|move|p1a: Seismitoad|Scald|p2a: Sableye
|-damage|p2a: Sableye|81\/304
|move|p2a: Sableye|Foul Play|p1a: Seismitoad
|-damage|p1a: Seismitoad|188\/413
|
|-heal|p1a: Seismitoad|213\/413|[from] item: Leftovers
|turn|37
|raw|<div class="broadcast-blue"><b><font size=1><i>Global declare from a Developer<br \/><\/i><\/font size><center>The second monothreat of the day is taking signups NOW in the Tournaments room! The type is: <button name="joinRoom" value="tournaments"><b><font color="blue">Dragon<\/font><\/b><\/button><\/center><\/b><\/div>
|c|âToonSummonSkul|does magic bounce?
|c|âToonSummonSkul|prevent burn?
|c|âToonSummonSkul|;]
|c|âdrammalife|shit my pc fucked up
|
|move|p1a: Seismitoad|Scald|p2a: Sableye
|-damage|p2a: Sableye|11\/304
|move|p2a: Sableye|Recover|p2a: Sableye
|-heal|p2a: Sableye|163\/304
|
|-heal|p1a: Seismitoad|238\/413|[from] item: Leftovers
|turn|38
|c|âToonSummonSkul|gg then i guess lol
|c|âdrammalife|no its k now
|
|move|p1a: Seismitoad|Scald|p2a: Sableye
|-damage|p2a: Sableye|94\/304
|-status|p2a: Sableye|brn
|move|p2a: Sableye|Knock Off|p1a: Seismitoad
|-damage|p1a: Seismitoad|195\/413
|-enditem|p1a: Seismitoad|Leftovers|[from] move: Knock Off|[of] p2a: Sableye
|
|-damage|p2a: Sableye|56\/304 brn|[from] brn
|turn|39
|c|âToonSummonSkul|ok gg
|c|âdrammalife|i disconected for a sec
|c|âToonSummonSkul|its alright
|c|âToonSummonSkul|that was just a terrible move lol
|c|âdrammalife|whats your alt on showdown
|c|âdrammalife|i wanna see your ranking
|c|âToonSummonSkul|hermano presidente
|
|move|p1a: Seismitoad|Scald|p2a: Sableye
|-damage|p2a: Sableye|0 fnt
|faint|p2a: Sableye
|
|c|âdrammalife|lol ur bad
|c| Reymedy|loool
|
|switch|p2a: Gliscor|Gliscor, M|105\/354 tox
|-damage|p2a: Gliscor|61\/354 tox|[from] Stealth Rock
|turn|40
|c|âToonSummonSkul|brb
|c|âToonSummonSkul|need to use bathroom
|c|âToonSummonSkul|if i timeout we can just rematch i guess
|c|âToonSummonSkul|same moves
|c|âToonSummonSkul|sorry
|c|âdrammalife|no
|c|âToonSummonSkul|brb
|c|âdrammalife|if you time out i count it as a win for me
|c|âdrammalife|dont wanna wait till you shit sorry
|L|Reymedy
|
|switch|p1a: Diancie|Diancie-Mega|88\/241
|move|p2a: Gliscor|Roost|p2a: Gliscor
|-heal|p2a: Gliscor|238\/354 tox
|
|-heal|p2a: Gliscor|282\/354 tox|[from] ability: Poison Heal
|turn|41
|
|move|p1a: Diancie|Diamond Storm|p2a: Gliscor
|-damage|p2a: Gliscor|123\/354 tox
|move|p2a: Gliscor|Roost|p2a: Gliscor
|-heal|p2a: Gliscor|300\/354 tox
|
|-heal|p2a: Gliscor|344\/354 tox|[from] ability: Poison Heal
|turn|42
|c|âToonSummonSkul|ur shitting
|c|âToonSummonSkul|on this battle
|
|move|p1a: Diancie|Diamond Storm|p2a: Gliscor
|-damage|p2a: Gliscor|187\/354 tox
|-boost|p1a: Diancie|def|1
|move|p2a: Gliscor|Swords Dance|p2a: Gliscor
|-boost|p2a: Gliscor|atk|2
|
|-heal|p2a: Gliscor|231\/354 tox|[from] ability: Poison Heal
|turn|43
|
|move|p1a: Diancie|Diamond Storm|p2a: Gliscor
|-miss|p1a: Diancie|p2a: Gliscor
|move|p2a: Gliscor|Roost|p2a: Gliscor
|-heal|p2a: Gliscor|354\/354 tox
|
|turn|44
|
|move|p1a: Diancie|Diamond Storm|p2a: Gliscor
|-damage|p2a: Gliscor|173\/354 tox
|move|p2a: Gliscor|Swords Dance|p2a: Gliscor
|-boost|p2a: Gliscor|atk|2
|
|-heal|p2a: Gliscor|217\/354 tox|[from] ability: Poison Heal
|turn|45
|
|move|p1a: Diancie|Diamond Storm|p2a: Gliscor
|-damage|p2a: Gliscor|31\/354 tox
|move|p2a: Gliscor|Roost|p2a: Gliscor
|-heal|p2a: Gliscor|208\/354 tox
|
|-heal|p2a: Gliscor|252\/354 tox|[from] ability: Poison Heal
|turn|46
|
|move|p1a: Diancie|Diamond Storm|p2a: Gliscor
|-damage|p2a: Gliscor|93\/354 tox
|-boost|p1a: Diancie|def|1
|move|p2a: Gliscor|Roost|p2a: Gliscor
|-heal|p2a: Gliscor|270\/354 tox
|
|-heal|p2a: Gliscor|314\/354 tox|[from] ability: Poison Heal
|turn|47
|
|move|p1a: Diancie|Diamond Storm|p2a: Gliscor
|-damage|p2a: Gliscor|140\/354 tox
|-boost|p1a: Diancie|def|1
|move|p2a: Gliscor|Acrobatics|p1a: Diancie
|-resisted|p1a: Diancie
|-damage|p1a: Diancie|22\/241
|
|-heal|p2a: Gliscor|184\/354 tox|[from] ability: Poison Heal
|turn|48
|
|move|p1a: Diancie|Diamond Storm|p2a: Gliscor
|-damage|p2a: Gliscor|27\/354 tox
|move|p2a: Gliscor|Roost|p2a: Gliscor
|-heal|p2a: Gliscor|204\/354 tox
|
|-heal|p2a: Gliscor|248\/354 tox|[from] ability: Poison Heal
|turn|49
|
|move|p1a: Diancie|Moonblast|p2a: Gliscor
|-damage|p2a: Gliscor|92\/354 tox
|move|p2a: Gliscor|Roost|p2a: Gliscor
|-heal|p2a: Gliscor|269\/354 tox
|
|-heal|p2a: Gliscor|313\/354 tox|[from] ability: Poison Heal
|turn|50
|
|move|p1a: Diancie|Moonblast|p2a: Gliscor
|-damage|p2a: Gliscor|169\/354 tox
|move|p2a: Gliscor|Acrobatics|p1a: Diancie
|-resisted|p1a: Diancie
|-damage|p1a: Diancie|0 fnt
|faint|p1a: Diancie
|
|-heal|p2a: Gliscor|213\/354 tox|[from] ability: Poison Heal
|c|âdrammalife|im so bad
|c|âdrammalife|you outplayed me hard
|
|switch|p1a: Slowbro|Slowbro, M|201\/394
|turn|51
|c|âToonSummonSkul|cmooon
|
|switch|p1a: Seismitoad|Seismitoad, F|195\/413
|move|p2a: Gliscor|Acrobatics|p1a: Seismitoad
|-damage|p1a: Seismitoad|0 fnt
|faint|p1a: Seismitoad
|
|-heal|p2a: Gliscor|257\/354 tox|[from] ability: Poison Heal
|
|switch|p1a: Slowbro|Slowbro, M|332\/394
|turn|52
|
|move|p2a: Gliscor|Swords Dance|p2a: Gliscor
|-boost|p2a: Gliscor|atk|2
|move|p1a: Slowbro|Scald|p2a: Gliscor
|-supereffective|p2a: Gliscor
|-damage|p2a: Gliscor|105\/354 tox
|
|-heal|p1a: Slowbro|356\/394|[from] item: Leftovers
|-heal|p2a: Gliscor|149\/354 tox|[from] ability: Poison Heal
|turn|53
|
|move|p2a: Gliscor|Roost|p2a: Gliscor
|-heal|p2a: Gliscor|326\/354 tox
|move|p1a: Slowbro|Scald|p2a: Gliscor
|-supereffective|p2a: Gliscor
|-damage|p2a: Gliscor|158\/354 tox
|
|-heal|p1a: Slowbro|380\/394|[from] item: Leftovers
|-heal|p2a: Gliscor|202\/354 tox|[from] ability: Poison Heal
|turn|54
|
|move|p2a: Gliscor|Acrobatics|p1a: Slowbro
|-damage|p1a: Slowbro|74\/394
|move|p1a: Slowbro|Scald|p2a: Gliscor
|-supereffective|p2a: Gliscor
|-damage|p2a: Gliscor|50\/354 tox
|
|-heal|p1a: Slowbro|98\/394|[from] item: Leftovers
|-heal|p2a: Gliscor|94\/354 tox|[from] ability: Poison Heal
|turn|55
|
|move|p2a: Gliscor|Acrobatics|p1a: Slowbro
|-damage|p1a: Slowbro|0 fnt
|faint|p1a: Slowbro
|
|-heal|p2a: Gliscor|138\/354 tox|[from] ability: Poison Heal
|
|switch|p1a: Talonflame|Talonflame, F, shiny|359\/359
|turn|56
|
|move|p1a: Talonflame|Brave Bird|p2a: Gliscor
|-damage|p2a: Gliscor|44\/354 tox
|-damage|p1a: Talonflame|328\/359|[from] recoil|[of] p2a: Gliscor
|move|p2a: Gliscor|Acrobatics|p1a: Talonflame
|-damage|p1a: Talonflame|0 fnt
|faint|p1a: Talonflame
|
|win|drammalife
|c|âToonSummonSkul|dang gg
|c|âdrammalife|gg