|join|drammalife
|join|SmurfBallSack
|player|p1|drammalife|1
|player|p2|SmurfBallSack|43
|gametype|doubles
|gen|6
|tier|Smogon Doubles
|rated
|clearpoke
|poke|p1|Gengar, M
|poke|p1|Genesect-*
|poke|p1|Rotom-Heat
|poke|p1|Azumarill, M
|poke|p1|Talonflame, F
|poke|p1|Conkeldurr, F
|poke|p2|Politoed, M, shiny
|poke|p2|Ludicolo, M, shiny
|poke|p2|Kangaskhan, F
|poke|p2|Talonflame, M
|poke|p2|Bisharp, M, shiny
|poke|p2|Castform, M
|rule|Species Clause: Limit one of each PokÃ©mon
|rule|OHKO Clause: OHKO moves are banned
|rule|Moody Clause: Moody is banned
|rule|Evasion Abilities Clause: Evasion abilities are banned
|rule|Evasion Moves Clause: Evasion moves are banned
|rule|Endless Battle Clause: Forcing endless battles is banned
|rule|HP Percentage Mod: HP is shown in percentages
|teampreview
|
|start
|switch|p1a: Gengar|Gengar, M|261\/261
|switch|p1b: Conkeldurr|Conkeldurr, F|378\/378
|switch|p2a: Your Mother|Kangaskhan, F|352\/352
|switch|p2b: Goat Fuck Urself|Politoed, M, shiny|321\/321
|-weather|RainDance
|turn|1
|
|switch|p2a: Smurf BallSack|Castform, M|281\/281
|-formechange|p2a: Smurf BallSack|Castform-Rainy|[msg]
|detailschange|p1a: Gengar|Gengar-Mega, M
|-mega|p1a: Gengar|Gengar|Gengarite
|move|p1a: Gengar|Protect|p1a: Gengar
|-singleturn|p1a: Gengar|Protect
|move|p2b: Goat Fuck Urself|Scald|p1b: Conkeldurr
|-damage|p1b: Conkeldurr|246\/378
|-status|p1b: Conkeldurr|brn
|move|p1b: Conkeldurr|Drain Punch|p2a: Smurf BallSack
|-damage|p2a: Smurf BallSack|5\/281
|-heal|p1b: Conkeldurr|378\/378 brn|[from] drain|[of] p2a: Smurf BallSack
|
|-weather|RainDance|[upkeep]
|-damage|p1b: Conkeldurr|331\/378 brn|[from] brn
|turn|2
|
|move|p1a: Gengar|Sludge Bomb|p2a: Smurf BallSack
|-damage|p2a: Smurf BallSack|0 fnt
|faint|p2a: Smurf BallSack
|move|p2b: Goat Fuck Urself|Scald|p1b: Conkeldurr
|-damage|p1b: Conkeldurr|199\/378 brn
|move|p1b: Conkeldurr|Drain Punch|p2b: Goat Fuck Urself
|-crit|p2b: Goat Fuck Urself
|-damage|p2b: Goat Fuck Urself|0 fnt
|-heal|p1b: Conkeldurr|360\/378 brn|[from] drain|[of] p2b: Goat Fuck Urself
|faint|p2b: Goat Fuck Urself
|
|-weather|RainDance|[upkeep]
|-damage|p1b: Conkeldurr|313\/378 brn|[from] brn
|
|switch|p2b: Your Mother|Kangaskhan, F|352\/352
|switch|p2a: NightStalker|Bisharp, M, shiny|271\/271
|turn|3
|
|switch|p1a: Rotom-Heat|Rotom-Heat|299\/299
|switch|p1b: Genesect|Genesect|283\/283
|-boost|p1b: Genesect|spa|1|[from] ability: Download
|detailschange|p2b: Your Mother|Kangaskhan-Mega, F
|-mega|p2b: Your Mother|Kangaskhan|Kangaskhanite
|move|p2b: Your Mother|Fake Out|p1b: Genesect
|-resisted|p1b: Genesect
|-damage|p1b: Genesect|244\/283
|-resisted|p1b: Genesect
|-damage|p1b: Genesect|225\/283
|-hitcount|p1b: Genesect|2
|move|p2a: NightStalker|Knock Off|p1a: Rotom-Heat
|-damage|p1a: Rotom-Heat|79\/299
|-enditem|p1a: Rotom-Heat|Life Orb|[from] move: Knock Off|[of] p2a: NightStalker
|-damage|p2a: NightStalker|244\/271|[from] item: Life Orb
|
|-weather|RainDance|[upkeep]
|turn|4
|
|move|p2b: Your Mother|Sucker Punch|p1b: Genesect
|-damage|p1b: Genesect|116\/283
|-damage|p1b: Genesect|64\/283
|-hitcount|p1b: Genesect|2
|move|p2a: NightStalker|Sucker Punch|p1a: Rotom-Heat
|-fail|p1a: Rotom-Heat
|move|p1b: Genesect|U-turn|p2b: Your Mother
|-damage|p2b: Your Mother|252\/352
|
|switch|p1b: Conkeldurr|Conkeldurr, F|313\/378 brn
|move|p1a: Rotom-Heat|Will-O-Wisp|p2a: NightStalker
|-status|p2a: NightStalker|brn
|
|-weather|RainDance|[upkeep]
|-damage|p2a: NightStalker|211\/271 brn|[from] brn
|-damage|p1b: Conkeldurr|266\/378 brn|[from] brn
|turn|5
|
|move|p2b: Your Mother|Sucker Punch|p1b: Conkeldurr
|-resisted|p1b: Conkeldurr
|-damage|p1b: Conkeldurr|216\/378 brn
|-resisted|p1b: Conkeldurr
|-damage|p1b: Conkeldurr|191\/378 brn
|-hitcount|p1b: Conkeldurr|2
|move|p2a: NightStalker|Sucker Punch|p1a: Rotom-Heat
|-damage|p1a: Rotom-Heat|0 fnt
|-damage|p2a: NightStalker|184\/271 brn|[from] item: Life Orb
|faint|p1a: Rotom-Heat
|move|p1b: Conkeldurr|Mach Punch|p2b: Your Mother
|-supereffective|p2b: Your Mother
|-damage|p2b: Your Mother|16\/352
|
|-weather|none
|-damage|p2a: NightStalker|151\/271 brn|[from] brn
|-damage|p1b: Conkeldurr|144\/378 brn|[from] brn
|
|switch|p1a: Gengar|Gengar-Mega, M|261\/261
|turn|6
|
|move|p1a: Gengar|Protect|p1a: Gengar
|-singleturn|p1a: Gengar|Protect
|move|p1b: Conkeldurr|Mach Punch|p2a: NightStalker
|-supereffective|p2a: NightStalker
|-damage|p2a: NightStalker|0 fnt
|faint|p2a: NightStalker
|move|p2b: Your Mother|Power-Up Punch|p1b: Conkeldurr
|-damage|p1b: Conkeldurr|98\/378 brn
|-boost|p2b: Your Mother|atk|1
|-damage|p1b: Conkeldurr|63\/378 brn
|-boost|p2b: Your Mother|atk|1
|-hitcount|p1b: Conkeldurr|2
|
|-damage|p1b: Conkeldurr|16\/378 brn|[from] brn
|
|switch|p2a: Hawkster|Talonflame, M|297\/297
|turn|7
|
|switch|p1a: Genesect|Genesect|64\/283
|-boost|p1a: Genesect|spa|1|[from] ability: Download
|move|p2a: Hawkster|Quick Guard|p2a: Hawkster
|-singleturn|p2a: Hawkster|Quick Guard
|move|p2b: Your Mother|Sucker Punch|p1a: Genesect
|-fail|p1a: Genesect
|move|p1b: Conkeldurr|Mach Punch|p2b: Your Mother
|-activate|p2b: Your Mother|Quick Guard
|
|-damage|p1b: Conkeldurr|0 fnt|[from] brn
|faint|p1b: Conkeldurr
|-message|drammalife lost due to inactivity.
|
|win|SmurfBallSack
|raw|Ladder updating...
|
|raw|drammalife's rating: 1193 &rarr; <strong>1159<\/strong><br \/>(-34 for losing)
|raw|SmurfBallSack's rating: 1059 &rarr; <strong>1102<\/strong><br \/>(+43 for winning)
|leave|drammalife
|player|p1
|c|âSmurfBallSack|I have the best ballsack