|join|nigguhhh king
|join|drammalife
|player|p1|nigguhhh king|265
|player|p2|drammalife|1
|gametype|doubles
|gen|6
|tier|Smogon Doubles
|rated
|clearpoke
|poke|p1|Cofagrigus, F
|poke|p1|Slaking, M
|poke|p1|Audino, F
|poke|p1|Crobat, F
|poke|p1|Froslass, F
|poke|p1|Tauros, M
|poke|p2|Gengar, M
|poke|p2|Genesect-*
|poke|p2|Rotom-Heat
|poke|p2|Azumarill, F
|poke|p2|Talonflame, M
|poke|p2|Conkeldurr, M
|rule|Species Clause: Limit one of each PokÃ©mon
|rule|OHKO Clause: OHKO moves are banned
|rule|Moody Clause: Moody is banned
|rule|Evasion Abilities Clause: Evasion abilities are banned
|rule|Evasion Moves Clause: Evasion moves are banned
|rule|Endless Battle Clause: Forcing endless battles is banned
|rule|HP Percentage Mod: HP is shown in percentages
|teampreview
|
|start
|switch|p1a: Froslass|Froslass, F|344\/344
|switch|p1b: Tauros|Tauros, M|293\/293
|switch|p2a: Gengar|Gengar, M|261\/261
|switch|p2b: Conkeldurr|Conkeldurr, M|378\/378
|turn|1
|
|detailschange|p2a: Gengar|Gengar-Mega, M
|-mega|p2a: Gengar|Gengar|Gengarite
|move|p2b: Conkeldurr|Mach Punch|p1b: Tauros
|-supereffective|p1b: Tauros
|-damage|p1b: Tauros|131\/293
|move|p1a: Froslass|Frost Breath|p1b: Tauros
|-setboost|p1b: Tauros|atk|12|[from] ability: Anger Point
|-crit|p1b: Tauros
|-damage|p1b: Tauros|58\/293
|move|p2a: Gengar|Sludge Bomb|p1b: Tauros
|-damage|p1b: Tauros|0 fnt
|faint|p1b: Tauros
|
|
|switch|p1b: Crobat|Crobat, F|311\/311
|turn|2
|
|move|p1b: Crobat|Nasty Plot|p1b: Crobat
|-boost|p1b: Crobat|spa|2
|move|p2a: Gengar|Shadow Ball|p1a: Froslass
|-supereffective|p1a: Froslass
|-enditem|p1a: Froslass|Focus Sash
|-damage|p1a: Froslass|1\/344
|move|p1a: Froslass|Thunder Wave|p2a: Gengar
|-status|p2a: Gengar|par
|move|p2b: Conkeldurr|Ice Punch|p1b: Crobat
|-supereffective|p1b: Crobat
|-damage|p1b: Crobat|57\/311
|
|-heal|p1b: Crobat|76\/311|[from] item: Black Sludge
|turn|3
|c|ânigguhhh king|ur making my life full of drama now
|
|move|p1b: Crobat|Heat Wave|p2b: Conkeldurr
|-damage|p2a: Gengar|138\/261 par
|-damage|p2b: Conkeldurr|298\/378
|move|p1a: Froslass|Destiny Bond|p1a: Froslass
|-singlemove|p1a: Froslass|Destiny Bond
|move|p2a: Gengar|Shadow Ball|p1a: Froslass
|-supereffective|p1a: Froslass
|-damage|p1a: Froslass|0 fnt
|faint|p1a: Froslass
|-activate|p1a: Froslass|Destiny Bond
|faint|p2a: Gengar
|move|p2b: Conkeldurr|Drain Punch|p1b: Crobat
|-crit|p1b: Crobat
|-resisted|p1b: Crobat
|-damage|p1b: Crobat|8\/311
|-heal|p2b: Conkeldurr|332\/378|[from] drain|[of] p1b: Crobat
|
|-heal|p1b: Crobat|27\/311|[from] item: Black Sludge
|
|switch|p2a: Talonflame|Talonflame, M|297\/297
|switch|p1a: Audino|Audino, F|407\/407
|turn|4
|
|detailschange|p1a: Audino|Audino-Mega, F
|-mega|p1a: Audino|Audino|Audinite
|move|p2a: Talonflame|Brave Bird|p1b: Crobat
|-damage|p1b: Crobat|0 fnt
|-damage|p2a: Talonflame|288\/297|[from] recoil|[of] p1b: Crobat
|-damage|p2a: Talonflame|259\/297|[from] item: Life Orb
|faint|p1b: Crobat
|move|p1a: Audino|Draining Kiss|p2b: Conkeldurr
|-supereffective|p2b: Conkeldurr
|-damage|p2b: Conkeldurr|252\/378
|move|p2b: Conkeldurr|Poison Jab|p1a: Audino
|-supereffective|p1a: Audino
|-damage|p1a: Audino|273\/407
|
|c|ânigguhhh king|nice
|
|switch|p1b: Cofagrigus|Cofagrigus, F|319\/319
|turn|5
|
|move|p2a: Talonflame|Brave Bird|p1b: Cofagrigus
|-crit|p1b: Cofagrigus
|-damage|p1b: Cofagrigus|140\/319
|-endability|p2a: Talonflame|galewings|[from] Mummy
|-ability|p2a: Talonflame|Mummy|[from] Mummy
|-damage|p2a: Talonflame|200\/297|[from] recoil|[of] p1b: Cofagrigus
|-damage|p2a: Talonflame|171\/297|[from] item: Life Orb
|move|p1a: Audino|Calm Mind|p1a: Audino
|-boost|p1a: Audino|spa|1
|-boost|p1a: Audino|spd|1
|move|p1b: Cofagrigus|Will-O-Wisp|p2b: Conkeldurr
|-status|p2b: Conkeldurr|brn
|move|p2b: Conkeldurr|Drain Punch|p1a: Audino
|-damage|p1a: Audino|135\/407
|-heal|p2b: Conkeldurr|321\/378 brn|[from] drain|[of] p1a: Audino
|
|-heal|p1b: Cofagrigus|159\/319|[from] item: Leftovers
|-damage|p2b: Conkeldurr|274\/378 brn|[from] brn
|turn|6
|
|move|p2a: Talonflame|Brave Bird|p1a: Audino
|-damage|p1a: Audino|0 fnt
|-damage|p2a: Talonflame|126\/297|[from] recoil|[of] p1a: Audino
|-damage|p2a: Talonflame|97\/297|[from] item: Life Orb
|faint|p1a: Audino
|move|p1b: Cofagrigus|Pain Split|p2a: Talonflame
|-sethp|p2a: Talonflame|128\/297|p1b: Cofagrigus|128\/319|[from] move: Pain Split
|move|p2b: Conkeldurr|Drain Punch|p1b: Cofagrigus
|-immune|p1b: Cofagrigus|[msg]
|
|-heal|p1b: Cofagrigus|147\/319|[from] item: Leftovers
|-damage|p2b: Conkeldurr|227\/378 brn|[from] brn
|
|switch|p1a: Slaking|Slaking, M|462\/462
|turn|7
|
|move|p2b: Conkeldurr|Mach Punch|p1a: Slaking
|-supereffective|p1a: Slaking
|-damage|p1a: Slaking|252\/462
|move|p2a: Talonflame|Brave Bird|p1a: Slaking
|-damage|p1a: Slaking|60\/462
|-damage|p2a: Talonflame|65\/297|[from] recoil|[of] p1a: Slaking
|-damage|p2a: Talonflame|36\/297|[from] item: Life Orb
|move|p1a: Slaking|Ice Punch|p1b: Cofagrigus
|-damage|p1b: Cofagrigus|96\/319
|-endability|p1a: Slaking|truant|[from] Mummy
|-ability|p1a: Slaking|Mummy|[from] Mummy
|move|p1b: Cofagrigus|Hex|p2b: Conkeldurr
|-damage|p2b: Conkeldurr|109\/378 brn
|
|-heal|p1a: Slaking|88\/462|[from] item: Leftovers
|-heal|p1b: Cofagrigus|115\/319|[from] item: Leftovers
|-damage|p2b: Conkeldurr|62\/378 brn|[from] brn
|turn|8
|
|move|p2b: Conkeldurr|Mach Punch|p1a: Slaking
|-supereffective|p1a: Slaking
|-damage|p1a: Slaking|0 fnt
|-endability|p2b: Conkeldurr|guts|[from] Mummy
|-ability|p2b: Conkeldurr|Mummy|[from] Mummy
|faint|p1a: Slaking
|move|p2a: Talonflame|Brave Bird|p1b: Cofagrigus
|-damage|p1b: Cofagrigus|0 fnt
|-damage|p2a: Talonflame|0 fnt|[from] recoil|[of] p1b: Cofagrigus
|faint|p1b: Cofagrigus
|faint|p2a: Talonflame
|
|win|drammalife
|raw|Ladder updating...
|raw|nigguhhh king's rating: 1076 &rarr; <strong>1061<\/strong><br \/>(-15 for losing)
|raw|drammalife's rating: 1181 &rarr; <strong>1199<\/strong><br \/>(+18 for winning)