|join|Donphantastic
|join|sloopkogeltje
|player|p1|Donphantastic|290
|player|p2|sloopkogeltje|101
|gametype|singles
|gen|6
|tier|UU
|rated
|rule|Sleep Clause Mod: Limit one foe put to sleep
|rule|Species Clause: Limit one of each PokÃ©mon
|rule|OHKO Clause: OHKO moves are banned
|rule|Moody Clause: Moody is banned
|rule|Evasion Moves Clause: Evasion moves are banned
|rule|Endless Battle Clause: Forcing endless battles is banned
|rule|HP Percentage Mod: HP is shown in percentages
|clearpoke
|poke|p1|Raikou
|poke|p1|Entei, shiny
|poke|p1|Whimsicott, F
|poke|p1|Toxicroak, M
|poke|p1|Rhyperior, M
|poke|p1|Pidgeot, M
|poke|p2|Sharpedo, F
|poke|p2|Yanmega, F
|poke|p2|Shuckle, M
|poke|p2|Raikou
|poke|p2|Lucario, F
|poke|p2|Celebi
|rule|Swagger Clause: Swagger is banned
|rule|Baton Pass Clause: Limit one PokÃ©mon knowing Baton Pass
|teampreview
|c|âDonphantastic|ew
|c|âDonphantastic|celepass
|join|OGWanka
|
|start
|switch|p1a: Rhyperior|Rhyperior, M|433\/433
|switch|p2a: Shuckle|Shuckle, M|243\/243
|turn|1
|
|move|p1a: Rhyperior|Stealth Rock|p2a: Shuckle
|-sidestart|p2: sloopkogeltje|move: Stealth Rock
|move|p2a: Shuckle|Stealth Rock|p1a: Rhyperior
|-sidestart|p1: Donphantastic|move: Stealth Rock
|
|turn|2
|c| OGWanka|nice hazard control donphan
|
|move|p1a: Rhyperior|Earthquake|p2a: Shuckle
|-damage|p2a: Shuckle|164\/243
|move|p2a: Shuckle|Sticky Web|p1a: Rhyperior
|-sidestart|p1: Donphantastic|move: Sticky Web
|
|-heal|p2a: Shuckle|179\/243|[from] item: Leftovers
|turn|3
|c|âDonphantastic|ikr
|
|move|p1a: Rhyperior|Rock Blast|p2a: Shuckle|[miss]
|-miss|p1a: Rhyperior|p2a: Shuckle
|move|p2a: Shuckle|Knock Off|p1a: Rhyperior
|-damage|p1a: Rhyperior|421\/433
|-enditem|p1a: Rhyperior|Leftovers|[from] move: Knock Off|[of] p2a: Shuckle
|
|-heal|p2a: Shuckle|194\/243|[from] item: Leftovers
|turn|4
|
|move|p1a: Rhyperior|Rock Blast|p2a: Shuckle
|-supereffective|p2a: Shuckle
|-damage|p2a: Shuckle|156\/243
|-supereffective|p2a: Shuckle
|-damage|p2a: Shuckle|114\/243
|-supereffective|p2a: Shuckle
|-damage|p2a: Shuckle|76\/243
|-hitcount|p2a: Shuckle|3
|move|p2a: Shuckle|Encore|p1a: Rhyperior
|-start|p1a: Rhyperior|Encore
|
|-heal|p2a: Shuckle|91\/243|[from] item: Leftovers
|turn|5
|c| OGWanka|shuckle be dodgin
|c| OGWanka|noooo
|c| OGWanka|o
|
|switch|p1a: Pidgeot|Pidgeot, M|307\/307
|-damage|p1a: Pidgeot|231\/307|[from] Stealth Rock
|switch|p2a: Celebi|Celebi|404\/404
|-damage|p2a: Celebi|354\/404|[from] Stealth Rock
|
|turn|6
|
|switch|p2a: Shuckle|Shuckle, M|91\/243
|-damage|p2a: Shuckle|31\/243|[from] Stealth Rock
|detailschange|p1a: Pidgeot|Pidgeot-Mega, M
|-mega|p1a: Pidgeot|Pidgeot|Pidgeotite
|move|p1a: Pidgeot|Roost|p1a: Pidgeot
|-heal|p1a: Pidgeot|307\/307
|
|-heal|p2a: Shuckle|46\/243|[from] item: Leftovers
|turn|7
|
|move|p1a: Pidgeot|Hurricane|p2a: Shuckle
|-damage|p2a: Shuckle|0 fnt
|faint|p2a: Shuckle
|
|
|switch|p2a: Raikou|Raikou|322\/322
|-damage|p2a: Raikou|282\/322|[from] Stealth Rock
|-ability|p2a: Raikou|Pressure
|turn|8
|
|switch|p1a: Rhyperior|Rhyperior, M|421\/433
|-damage|p1a: Rhyperior|394\/433|[from] Stealth Rock
|-activate|p1a: Rhyperior|move: Sticky Web
|-unboost|p1a: Rhyperior|spe|1
|move|p2a: Raikou|Hidden Power|p1a: Rhyperior
|-supereffective|p1a: Rhyperior
|-damage|p1a: Rhyperior|246\/433
|
|turn|9
|
|switch|p2a: Celebi|Celebi|354\/404
|-damage|p2a: Celebi|304\/404|[from] Stealth Rock
|switch|p1a: Pidgeot|Pidgeot-Mega, M|307\/307
|-damage|p1a: Pidgeot|231\/307|[from] Stealth Rock
|
|turn|10
|
|move|p1a: Pidgeot|Hurricane|p2a: Celebi
|-supereffective|p2a: Celebi
|-damage|p2a: Celebi|0 fnt
|faint|p2a: Celebi
|
|
|switch|p2a: Raikou|Raikou|282\/322
|-damage|p2a: Raikou|242\/322|[from] Stealth Rock
|-ability|p2a: Raikou|Pressure
|turn|11
|
|move|p1a: Pidgeot|Defog|p2a: Raikou
|-unboost|p2a: Raikou|evasion|1
|-sideend|p2: sloopkogeltje|Stealth Rock|[from] move: Defog|[of] p2a: Raikou
|-sideend|p1: Donphantastic|Stealth Rock|[from] move: Defog|[of] p1a: Pidgeot
|-sideend|p1: Donphantastic|Sticky Web|[from] move: Defog|[of] p1a: Pidgeot
|move|p2a: Raikou|Volt Switch|p1a: Pidgeot
|-supereffective|p1a: Pidgeot
|-damage|p1a: Pidgeot|0 fnt
|faint|p1a: Pidgeot
|c|âDonphantastic|so worth
|
|switch|p2a: Yanmega|Yanmega, F|313\/313
|
|c|âsloopkogeltje|hahah I would have done the same :P
|
|switch|p1a: Entei|Entei, shiny|371\/371
|-ability|p1a: Entei|Pressure
|turn|12
|join|Volbeatdown
|
|move|p2a: Yanmega|Protect|p2a: Yanmega
|-singleturn|p2a: Yanmega|Protect
|move|p1a: Entei|Sacred Fire|p2a: Yanmega
|-activate|p2a: Yanmega|Protect
|
|-boost|p2a: Yanmega|spe|1|[from] ability: Speed Boost
|turn|13
|
|move|p2a: Yanmega|Air Slash|p1a: Entei
|-damage|p1a: Entei|136\/371
|-damage|p2a: Yanmega|282\/313|[from] item: Life Orb
|cant|p1a: Entei|flinch
|
|-boost|p2a: Yanmega|spe|1|[from] ability: Speed Boost
|turn|14
|c|âDonphantastic|I love good players
|c|âsloopkogeltje|hahaha
|
|switch|p1a: Rhyperior|Rhyperior, M|246\/433
|move|p2a: Yanmega|Air Slash|p1a: Rhyperior
|-resisted|p1a: Rhyperior
|-damage|p1a: Rhyperior|154\/433
|-damage|p2a: Yanmega|251\/313|[from] item: Life Orb
|
|-boost|p2a: Yanmega|spe|1|[from] ability: Speed Boost
|turn|15
|c|âDonphantastic|:[
|c|âsloopkogeltje|sorry mate
|
|switch|p1a: Whimsicott|Whimsicott, F|324\/324
|move|p2a: Yanmega|Giga Drain|p1a: Whimsicott
|-resisted|p1a: Whimsicott
|-damage|p1a: Whimsicott|253\/324
|-heal|p2a: Yanmega|287\/313|[from] drain|[of] p1a: Whimsicott
|-damage|p2a: Yanmega|256\/313|[from] item: Life Orb
|
|-boost|p2a: Yanmega|spe|1|[from] ability: Speed Boost
|turn|16
|
|move|p1a: Whimsicott|Encore|p2a: Yanmega
|-start|p2a: Yanmega|Encore
|move|p2a: Yanmega|Giga Drain|p1a: Whimsicott
|-resisted|p1a: Whimsicott
|-damage|p1a: Whimsicott|172\/324
|-heal|p2a: Yanmega|297\/313|[from] drain|[of] p1a: Whimsicott
|-damage|p2a: Yanmega|266\/313|[from] item: Life Orb
|
|-boost|p2a: Yanmega|spe|1|[from] ability: Speed Boost
|turn|17
|c|âsloopkogeltje|ok thats clever mate
|c|âsloopkogeltje|is encore priority then?
|c|âsloopkogeltje|ah prankster ofc
|c|âDonphantastic|!dt prankster
|c|~|\/data-ability Prankster
|raw|<font size="1"><\/font>
|
|switch|p2a: Raikou|Raikou|242\/322
|-ability|p2a: Raikou|Pressure
|move|p1a: Whimsicott|U-turn|p2a: Raikou
|-damage|p2a: Raikou|199\/322
|
|switch|p1a: Rhyperior|Rhyperior, M|154\/433
|
|turn|18
|
|move|p2a: Raikou|Hidden Power|p1a: Rhyperior
|-supereffective|p1a: Rhyperior
|-damage|p1a: Rhyperior|13\/433
|move|p1a: Rhyperior|Rock Blast|p2a: Raikou|[miss]
|-miss|p1a: Rhyperior|p2a: Raikou
|
|turn|19
|c|âsloopkogeltje|unlucky shit
|
|move|p2a: Raikou|Hidden Power|p1a: Rhyperior
|-supereffective|p1a: Rhyperior
|-damage|p1a: Rhyperior|0 fnt
|faint|p1a: Rhyperior
|
|
|switch|p1a: Raikou|Raikou|321\/321
|-ability|p1a: Raikou|Pressure
|turn|20
|
|move|p1a: Raikou|Substitute|p1a: Raikou
|-start|p1a: Raikou|Substitute
|-damage|p1a: Raikou|241\/321
|move|p2a: Raikou|Hidden Power|p1a: Raikou
|-end|p1a: Raikou|Substitute
|
|-heal|p1a: Raikou|261\/321|[from] item: Leftovers
|turn|21
|
|move|p2a: Raikou|Hidden Power|p1a: Raikou
|-damage|p1a: Raikou|158\/321
|move|p1a: Raikou|Calm Mind|p1a: Raikou
|-boost|p1a: Raikou|spa|1
|-boost|p1a: Raikou|spd|1
|
|-heal|p1a: Raikou|178\/321|[from] item: Leftovers
|turn|22
|
|move|p2a: Raikou|Hidden Power|p1a: Raikou
|-damage|p1a: Raikou|116\/321
|move|p1a: Raikou|Calm Mind|p1a: Raikou
|-boost|p1a: Raikou|spa|1
|-boost|p1a: Raikou|spd|1
|
|-heal|p1a: Raikou|136\/321|[from] item: Leftovers
|turn|23
|
|move|p1a: Raikou|Substitute|p1a: Raikou
|-start|p1a: Raikou|Substitute
|-damage|p1a: Raikou|56\/321
|move|p2a: Raikou|Hidden Power|p1a: Raikou
|-activate|p1a: Raikou|Substitute|[damage]
|
|-heal|p1a: Raikou|76\/321|[from] item: Leftovers
|turn|24
|
|move|p2a: Raikou|Hidden Power|p1a: Raikou
|-end|p1a: Raikou|Substitute
|move|p1a: Raikou|Hidden Power|p2a: Raikou
|-damage|p2a: Raikou|66\/322
|
|-heal|p1a: Raikou|96\/321|[from] item: Leftovers
|turn|25
|
|move|p2a: Raikou|Hidden Power|p1a: Raikou
|-damage|p1a: Raikou|47\/321
|move|p1a: Raikou|Hidden Power|p2a: Raikou
|-damage|p2a: Raikou|0 fnt
|faint|p2a: Raikou
|
|-heal|p1a: Raikou|67\/321|[from] item: Leftovers
|
|switch|p2a: Yanmega|Yanmega, F|266\/313
|turn|26
|
|move|p2a: Yanmega|Protect|p2a: Yanmega
|-singleturn|p2a: Yanmega|Protect
|move|p1a: Raikou|Calm Mind|p1a: Raikou
|-boost|p1a: Raikou|spa|1
|-boost|p1a: Raikou|spd|1
|
|-heal|p1a: Raikou|87\/321|[from] item: Leftovers
|-boost|p2a: Yanmega|spe|1|[from] ability: Speed Boost
|turn|27
|
|move|p2a: Yanmega|Bug Buzz|p1a: Raikou
|-damage|p1a: Raikou|0 fnt
|-damage|p2a: Yanmega|235\/313|[from] item: Life Orb
|faint|p1a: Raikou
|
|-boost|p2a: Yanmega|spe|1|[from] ability: Speed Boost
|
|switch|p1a: Whimsicott|Whimsicott, F|172\/324
|turn|28
|
|move|p2a: Yanmega|Protect|p2a: Yanmega
|-singleturn|p2a: Yanmega|Protect
|move|p1a: Whimsicott|Encore|p2a: Yanmega
|-activate|p2a: Yanmega|Protect
|
|-boost|p2a: Yanmega|spe|1|[from] ability: Speed Boost
|turn|29
|
|move|p1a: Whimsicott|Stun Spore|p2a: Yanmega|[miss]
|-miss|p1a: Whimsicott|p2a: Yanmega
|move|p2a: Yanmega|Air Slash|p1a: Whimsicott
|-supereffective|p1a: Whimsicott
|-damage|p1a: Whimsicott|0 fnt
|-damage|p2a: Yanmega|204\/313|[from] item: Life Orb
|faint|p1a: Whimsicott
|
|-boost|p2a: Yanmega|spe|1|[from] ability: Speed Boost
|
|switch|p1a: Entei|Entei, shiny|136\/371
|-ability|p1a: Entei|Pressure
|turn|30
|
|move|p2a: Yanmega|Protect|p2a: Yanmega
|-singleturn|p2a: Yanmega|Protect
|move|p1a: Entei|Extreme Speed|p2a: Yanmega
|-activate|p2a: Yanmega|Protect
|
|-boost|p2a: Yanmega|spe|1|[from] ability: Speed Boost
|turn|31
|
|move|p1a: Entei|Extreme Speed|p2a: Yanmega
|-damage|p2a: Yanmega|41\/313
|move|p2a: Yanmega|Air Slash|p1a: Entei
|-damage|p1a: Entei|0 fnt
|-damage|p2a: Yanmega|10\/313|[from] item: Life Orb
|faint|p1a: Entei
|
|-boost|p2a: Yanmega|spe|1|[from] ability: Speed Boost
|
|switch|p1a: Toxicroak|Toxicroak, M|307\/307
|turn|32
|
|move|p2a: Yanmega|Protect|p2a: Yanmega
|-singleturn|p2a: Yanmega|Protect
|move|p1a: Toxicroak|Sucker Punch|p2a: Yanmega
|-fail|p2a: Yanmega
|
|turn|33
|
|move|p1a: Toxicroak|Sucker Punch|p2a: Yanmega
|-damage|p2a: Yanmega|0 fnt
|-damage|p1a: Toxicroak|277\/307|[from] item: Life Orb
|faint|p2a: Yanmega
|
|
|switch|p2a: Sharpedo|Sharpedo, F|281\/281
|turn|34
|
|move|p2a: Sharpedo|Protect|p2a: Sharpedo
|-singleturn|p2a: Sharpedo|Protect
|move|p1a: Toxicroak|Drain Punch|p2a: Sharpedo
|-activate|p2a: Sharpedo|Protect
|
|-boost|p2a: Sharpedo|spe|1|[from] ability: Speed Boost
|turn|35
|
|detailschange|p2a: Sharpedo|Sharpedo-Mega, F
|-mega|p2a: Sharpedo|Sharpedo|Sharpedonite
|move|p2a: Sharpedo|Ice Fang|p1a: Toxicroak
|-damage|p1a: Toxicroak|88\/307
|move|p1a: Toxicroak|Drain Punch|p2a: Sharpedo
|-supereffective|p2a: Sharpedo
|-damage|p2a: Sharpedo|0 fnt
|-heal|p1a: Toxicroak|229\/307|[from] drain|[of] p2a: Sharpedo
|-damage|p1a: Toxicroak|199\/307|[from] item: Life Orb
|faint|p2a: Sharpedo
|
|c|âsloopkogeltje|you have dry skin right
|
|switch|p2a: Lucario|Lucario, F|281\/281
|turn|36
|
|move|p2a: Lucario|Extreme Speed|p1a: Toxicroak
|-damage|p1a: Toxicroak|13\/307
|-damage|p2a: Lucario|253\/281|[from] item: Life Orb
|move|p1a: Toxicroak|Drain Punch|p2a: Lucario
|-crit|p2a: Lucario
|-supereffective|p2a: Lucario
|-damage|p2a: Lucario|0 fnt
|-heal|p1a: Toxicroak|140\/307|[from] drain|[of] p2a: Lucario
|-damage|p1a: Toxicroak|110\/307|[from] item: Life Orb
|faint|p2a: Lucario
|
|win|Donphantastic
|raw|Ladder updating...
|raw|Donphantastic's rating: 1502 &rarr; <strong>1513<\/strong><br \/>(+11 for winning)
|raw|sloopkogeltje's rating: 1337 &rarr; <strong>1326<\/strong><br \/>(-11 for losing)
|c|âsloopkogeltje|haha
|c|âsloopkogeltje|nice one
|c|âDonphantastic|i mean
|c|âDonphantastic|im adamant
|c|âDonphantastic|did not matter i think
|c|âsloopkogeltje|waterfall wouldve KOd if not dry skin
|c|âDonphantastic|im dry skin
|c|âDonphantastic|xD
|c|âsloopkogeltje|yeah exactly
|c|âsloopkogeltje|well done...