|join|sloopkogeltje
|join|Banette is life
|player|p1|sloopkogeltje|265
|player|p2|Banette is life|170
|gametype|singles
|gen|6
|tier|UU
|rated
|rule|Sleep Clause Mod: Limit one foe put to sleep
|rule|Species Clause: Limit one of each PokÃ©mon
|rule|OHKO Clause: OHKO moves are banned
|rule|Moody Clause: Moody is banned
|rule|Evasion Moves Clause: Evasion moves are banned
|rule|Endless Battle Clause: Forcing endless battles is banned
|rule|HP Percentage Mod: HP is shown in percentages
|clearpoke
|poke|p1|Sharpedo, M
|poke|p1|Yanmega, M
|poke|p1|Azelf
|poke|p1|Raikou
|poke|p1|Lucario, F
|poke|p1|Celebi
|poke|p2|Arcanine, M
|poke|p2|Blastoise, F
|poke|p2|Shaymin
|poke|p2|Donphan, M
|poke|p2|Crobat, M
|poke|p2|Raikou
|rule|Swagger Clause: Swagger is banned
|rule|Baton Pass Clause: Limit one PokÃ©mon knowing Baton Pass
|teampreview
|
|start
|switch|p1a: Azelf|Azelf|292\/292
|switch|p2a: Raikou|Raikou|321\/321
|-ability|p2a: Raikou|Pressure
|turn|1
|
|move|p1a: Azelf|Knock Off|p2a: Raikou
|-damage|p2a: Raikou|168\/321
|-enditem|p2a: Raikou|Choice Specs|[from] move: Knock Off|[of] p1a: Azelf
|move|p2a: Raikou|Volt Switch|p1a: Azelf
|-damage|p1a: Azelf|151\/292
|
|switch|p2a: Crobat|Crobat, M|373\/373
|
|turn|2
|
|switch|p1a: Lucario|Lucario, F|281\/281
|move|p2a: Crobat|Brave Bird|p1a: Lucario
|-damage|p1a: Lucario|79\/281
|-damage|p2a: Crobat|306\/373|[from] recoil|[of] p1a: Lucario
|
|-heal|p2a: Crobat|329\/373|[from] item: Black Sludge
|turn|3
|
|switch|p1a: Raikou|Raikou|322\/322
|-ability|p1a: Raikou|Pressure
|move|p2a: Crobat|Brave Bird|p1a: Raikou
|-resisted|p1a: Raikou
|-damage|p1a: Raikou|227\/322
|-damage|p2a: Crobat|298\/373|[from] recoil|[of] p1a: Raikou
|
|-heal|p2a: Crobat|321\/373|[from] item: Black Sludge
|turn|4
|
|move|p2a: Crobat|U-turn|p1a: Raikou
|-damage|p1a: Raikou|151\/322
|
|switch|p2a: Donphan|Donphan, M|342\/342
|move|p1a: Raikou|Volt Switch|p2a: Donphan
|-immune|p2a: Donphan|[msg]
|
|turn|5
|
|switch|p1a: Azelf|Azelf|151\/292
|move|p2a: Donphan|Stealth Rock|p1a: Azelf
|-sidestart|p1: sloopkogeltje|move: Stealth Rock
|
|turn|6
|
|switch|p2a: Blastoise|Blastoise, F|313\/313
|move|p1a: Azelf|Stealth Rock|p2a: Blastoise
|-sidestart|p2: Banette is life|move: Stealth Rock
|
|turn|7
|
|move|p1a: Azelf|Explosion|p2a: Blastoise
|-damage|p2a: Blastoise|23\/313
|faint|p1a: Azelf
|move|p2a: Blastoise|Dark Pulse|p1: Azelf|[notarget]
|-notarget
|
|
|switch|p1a: Raikou|Raikou|151\/322
|-damage|p1a: Raikou|111\/322|[from] Stealth Rock
|-ability|p1a: Raikou|Pressure
|turn|8
|
|detailschange|p2a: Blastoise|Blastoise-Mega, F
|-mega|p2a: Blastoise|Blastoise|Blastoisinite
|move|p1a: Raikou|Hidden Power|p2a: Blastoise
|-resisted|p2a: Blastoise
|-damage|p2a: Blastoise|0 fnt
|faint|p2a: Blastoise
|
|
|switch|p2a: Arcanine|Arcanine, M|321\/321
|-damage|p2a: Arcanine|241\/321|[from] Stealth Rock
|-ability|p2a: Arcanine|Intimidate|[of] p1a: Raikou
|-unboost|p1a: Raikou|atk|1
|turn|9
|
|move|p1a: Raikou|Hidden Power|p2a: Arcanine
|-resisted|p2a: Arcanine
|-damage|p2a: Arcanine|178\/321
|move|p2a: Arcanine|Morning Sun|p2a: Arcanine
|-heal|p2a: Arcanine|321\/321
|
|turn|10
|
|move|p2a: Arcanine|Extreme Speed|p1a: Raikou
|-damage|p1a: Raikou|0 fnt
|-damage|p2a: Arcanine|289\/321|[from] item: Life Orb
|faint|p1a: Raikou
|
|
|switch|p1a: Celebi|Celebi|404\/404
|-damage|p1a: Celebi|354\/404|[from] Stealth Rock
|turn|11
|
|move|p2a: Arcanine|Flare Blitz|p1a: Celebi
|-supereffective|p1a: Celebi
|-damage|p1a: Celebi|3\/404
|-enditem|p1a: Celebi|Weakness Policy
|-boost|p1a: Celebi|atk|2|[from] item: Weakness Policy
|-boost|p1a: Celebi|spa|2|[from] item: Weakness Policy
|-damage|p2a: Arcanine|173\/321|[from] recoil|[of] p1a: Celebi
|-damage|p2a: Arcanine|141\/321|[from] item: Life Orb
|move|p1a: Celebi|Baton Pass|p1a: Celebi
|c|âBanette is life|no no no no no no no no no
|c|âBanette is life|thats impossible
|
|switch|p1a: Sharpedo|Sharpedo, M|281\/281
|-damage|p1a: Sharpedo|246\/281|[from] Stealth Rock
|
|turn|12
|c|âsloopkogeltje|hahaha
|c|âBanette is life|no fucking way it lives
|c|âsloopkogeltje|1% is enough
|
|move|p1a: Sharpedo|Protect|p1a: Sharpedo
|-singleturn|p1a: Sharpedo|Protect
|move|p2a: Arcanine|Extreme Speed|p1a: Sharpedo
|-activate|p1a: Sharpedo|Protect
|
|-boost|p1a: Sharpedo|spe|1|[from] ability: Speed Boost
|turn|13
|c|âsloopkogeltje|:p
|c|âBanette is life|thats complete bs
|
|move|p2a: Arcanine|Extreme Speed|p1a: Sharpedo
|-damage|p1a: Sharpedo|7\/281
|-damage|p2a: Arcanine|109\/321|[from] item: Life Orb
|move|p1a: Sharpedo|Waterfall|p2a: Arcanine
|-supereffective|p2a: Arcanine
|-damage|p2a: Arcanine|0 fnt
|faint|p2a: Arcanine
|
|-boost|p1a: Sharpedo|spe|1|[from] ability: Speed Boost
|
|switch|p2a: Donphan|Donphan, M|342\/342
|-damage|p2a: Donphan|321\/342|[from] Stealth Rock
|turn|14
|c|âBanette is life|yeah donphan
|c|âsloopkogeltje|or 3%
|c|âBanette is life|that a boy
|c|âsloopkogeltje|ice shard :p
|c|âBanette is life|what if i dont havr iy
|
|move|p1a: Sharpedo|Protect|p1a: Sharpedo
|-singleturn|p1a: Sharpedo|Protect
|move|p2a: Donphan|Ice Shard|p1a: Sharpedo
|-activate|p1a: Sharpedo|Protect
|
|-boost|p1a: Sharpedo|spe|1|[from] ability: Speed Boost
|turn|15
|
|detailschange|p1a: Sharpedo|Sharpedo-Mega, M
|-mega|p1a: Sharpedo|Sharpedo|Sharpedonite
|move|p2a: Donphan|Ice Shard|p1a: Sharpedo
|-resisted|p1a: Sharpedo
|-damage|p1a: Sharpedo|0 fnt
|faint|p1a: Sharpedo
|
|
|switch|p1a: Yanmega|Yanmega, M|313\/313
|-damage|p1a: Yanmega|157\/313|[from] Stealth Rock
|turn|16
|c|âsloopkogeltje|haha well done
|c|âsloopkogeltje|he saved you
|c|âsloopkogeltje|the donphjan!
|
|move|p2a: Donphan|Ice Shard|p1a: Yanmega
|-supereffective|p1a: Yanmega
|-damage|p1a: Yanmega|73\/313
|move|p1a: Yanmega|Giga Drain|p2a: Donphan
|-supereffective|p2a: Donphan
|-damage|p2a: Donphan|0 fnt
|-heal|p1a: Yanmega|234\/313|[from] drain|[of] p2a: Donphan
|-damage|p1a: Yanmega|203\/313|[from] item: Life Orb
|faint|p2a: Donphan
|
|-boost|p1a: Yanmega|spe|1|[from] ability: Speed Boost
|
|switch|p2a: Crobat|Crobat, M|321\/373
|-damage|p2a: Crobat|228\/373|[from] Stealth Rock
|turn|17
|c|âBanette is life|nah i still lose
|c|âBanette is life|unless crobat kills
|
|move|p1a: Yanmega|Protect|p1a: Yanmega
|-singleturn|p1a: Yanmega|Protect
|move|p2a: Crobat|Brave Bird|p1a: Yanmega
|-activate|p1a: Yanmega|Protect
|
|-heal|p2a: Crobat|251\/373|[from] item: Black Sludge
|-boost|p1a: Yanmega|spe|1|[from] ability: Speed Boost
|turn|18
|c|âsloopkogeltje|i cant kill it prob
|c|âBanette is life|if flinch i cru
|c|âBanette is life|cry and quit
|
|move|p1a: Yanmega|Air Slash|p2a: Crobat
|-damage|p2a: Crobat|51\/373
|-damage|p1a: Yanmega|172\/313|[from] item: Life Orb
|move|p2a: Crobat|Brave Bird|p1a: Yanmega
|-supereffective|p1a: Yanmega
|-damage|p1a: Yanmega|0 fnt
|-damage|p2a: Crobat|0 fnt|[from] recoil|[of] p1a: Yanmega
|faint|p1a: Yanmega
|faint|p2a: Crobat
|
|c|âBanette is life|ive taken enough shit today lol
|c|âsloopkogeltje|NOOOOO
|c|âBanette is life|yes thank god
|c|âsloopkogeltje|haha
|
|switch|p2a: Raikou|Raikou|168\/321
|switch|p1a: Celebi|Celebi|3\/404
|-damage|p2a: Raikou|128\/321|[from] Stealth Rock
|-ability|p2a: Raikou|Pressure
|-damage|p1a: Celebi|0 fnt|[from] Stealth Rock
|faint|p1a: Celebi
|
|switch|p1a: Lucario|Lucario, F|79\/281
|-damage|p1a: Lucario|71\/281|[from] Stealth Rock
|turn|19
|
|move|p1a: Lucario|Extreme Speed|p2a: Raikou
|-damage|p2a: Raikou|0 fnt
|-damage|p1a: Lucario|43\/281|[from] item: Life Orb
|faint|p2a: Raikou
|
|c|âsloopkogeltje|crit one time? :P
|c|âBanette is life|come on shaymin
|
|switch|p2a: Shaymin|Shaymin|341\/341
|-damage|p2a: Shaymin|299\/341|[from] Stealth Rock
|turn|20
|c|âBanette is life|prove your worth
|c|âBanette is life|gg tho fren
|
|move|p1a: Lucario|Extreme Speed|p2a: Shaymin
|-damage|p2a: Shaymin|179\/341
|-damage|p1a: Lucario|15\/281|[from] item: Life Orb
|move|p2a: Shaymin|Earth Power|p1a: Lucario
|-supereffective|p1a: Lucario
|-damage|p1a: Lucario|0 fnt
|-damage|p2a: Shaymin|145\/341|[from] item: Life Orb
|faint|p1a: Lucario
|
|win|Banette is life
|raw|Ladder updating...
|c|âsloopkogeltje|yeah well done...i forgot about donphan
|raw|sloopkogeltje's rating: 1391 &rarr; <strong>1373<\/strong><br \/>(-18 for losing)
|raw|Banette is life's rating: 1413 &rarr; <strong>1432<\/strong><br \/>(+19 for winning)
|c|âBanette is life|that was the tipping point
|c|âsloopkogeltje|i couldve won if i werent that greedy with speedboosts
|c|âsloopkogeltje|i could transformed to mega earlier...
|c|âBanette is life|arcanine shat on your team
|c|âsloopkogeltje|would be 3-4% more
|c|âBanette is life|true true
|c|âsloopkogeltje|anyway gg
|c|âBanette is life|gg tho