|join|call me a god
|join|Neo AE
|player|p1|call me a god|292
|player|p2|Neo AE|153
|gametype|singles
|gen|6
|tier|OU
|rated
|clearpoke
|poke|p1|Clefable, F
|poke|p1|Pinsir, F
|poke|p1|Magnezone
|poke|p1|Keldeo
|poke|p1|Latias, F
|poke|p1|Landorus-Therian, M
|poke|p2|Venusaur, F
|poke|p2|Clefable, M
|poke|p2|Heatran, F
|poke|p2|Mandibuzz, F
|poke|p2|Azumarill, M
|poke|p2|Landorus, M
|rule|Swagger Clause: Swagger is banned
|rule|Baton Pass Clause: Limit one PokÃ©mon knowing Baton Pass
|rule|Sleep Clause Mod: Limit one foe put to sleep
|rule|Species Clause: Limit one of each PokÃ©mon
|rule|OHKO Clause: OHKO moves are banned
|rule|Moody Clause: Moody is banned
|rule|Evasion Moves Clause: Evasion moves are banned
|rule|Endless Battle Clause: Forcing endless battles is banned
|rule|HP Percentage Mod: HP is reported as percentages
|teampreview
|
|start
|switch|p1a: TIM KRUL|Keldeo|323\/323
|switch|p2a: Venusaur|Venusaur, F|363\/363
|turn|1
|
|switch|p1a: VAN PERSIE|Latias, F|321\/321
|detailschange|p2a: Venusaur|Venusaur-Mega, F
|message|Venusaur has Mega Evolved into Mega Venusaur!
|move|p2a: Venusaur|Sleep Powder|p1a: VAN PERSIE
|-status|p1a: VAN PERSIE|slp
|
|turn|2
|
|switch|p1a: DE VRIJ|Magnezone|299\/299
|switch|p2a: Heatran|Heatran, F|385\/385
|
|turn|3
|
|switch|p1a: TIM KRUL|Keldeo|323\/323
|move|p2a: Heatran|Stealth Rock|p1a: TIM KRUL
|-sidestart|p1: call me a god|move: Stealth Rock
|
|turn|4
|
|switch|p2a: Clefable|Clefable, M|394\/394
|move|p1a: TIM KRUL|Scald|p2a: Clefable
|-damage|p2a: Clefable|184\/394
|
|-heal|p2a: Clefable|208\/394|[from] item: Leftovers
|turn|5
|
|switch|p2a: Venusaur|Venusaur-Mega, F|363\/363
|move|p1a: TIM KRUL|Scald|p2a: Venusaur
|-resisted|p2a: Venusaur
|-damage|p2a: Venusaur|281\/363
|
|turn|6
|
|switch|p1a: VAN PERSIE|Latias, F|321\/321 slp
|-damage|p1a: VAN PERSIE|281\/321 slp|[from] Stealth Rock
|move|p2a: Venusaur|Sludge Bomb|p1a: VAN PERSIE
|-damage|p1a: VAN PERSIE|184\/321 slp
|
|turn|7
|
|cant|p1a: VAN PERSIE|slp
|move|p2a: Venusaur|Sludge Bomb|p1a: VAN PERSIE
|-damage|p1a: VAN PERSIE|88\/321 slp
|
|turn|8
|
|switch|p2a: Heatran|Heatran, F|385\/385
|cant|p1a: VAN PERSIE|slp
|
|turn|9
|
|cant|p1a: VAN PERSIE|slp
|move|p2a: Heatran|Will-O-Wisp|p1a: VAN PERSIE
|-fail|p1a: VAN PERSIE
|
|turn|10
|
|-curestatus|p1a: VAN PERSIE|slp
|move|p1a: VAN PERSIE|Recover|p1a: VAN PERSIE
|-heal|p1a: VAN PERSIE|249\/321
|move|p2a: Heatran|Will-O-Wisp|p1a: VAN PERSIE|[miss]
|-miss|p2a: Heatran|p1a: VAN PERSIE
|
|turn|11
|
|move|p1a: VAN PERSIE|Defog|p2a: Heatran
|-unboost|p2a: Heatran|evasion|1
|-sideend|p1: call me a god|Stealth Rock|[from] move: Defog|[of] p1a: VAN PERSIE
|move|p2a: Heatran|Will-O-Wisp|p1a: VAN PERSIE
|-status|p1a: VAN PERSIE|brn
|
|-damage|p1a: VAN PERSIE|209\/321 brn|[from] brn
|turn|12
|
|switch|p1a: TIM KRUL|Keldeo|323\/323
|move|p2a: Heatran|Stealth Rock|p1a: TIM KRUL
|-sidestart|p1: call me a god|move: Stealth Rock
|
|turn|13
|
|switch|p2a: Venusaur|Venusaur-Mega, F|281\/363
|move|p1a: TIM KRUL|Scald|p2a: Venusaur
|-resisted|p2a: Venusaur
|-damage|p2a: Venusaur|191\/363
|
|turn|14
|
|move|p1a: TIM KRUL|Scald|p2a: Venusaur
|-resisted|p2a: Venusaur
|-damage|p2a: Venusaur|105\/363
|move|p2a: Venusaur|Synthesis|p2a: Venusaur
|-heal|p2a: Venusaur|286\/363
|
|turn|15
|chat|call me a god|lack of burns
|
|switch|p1a: VAN PERSIE|Latias, F|209\/321 brn
|-damage|p1a: VAN PERSIE|169\/321 brn|[from] Stealth Rock
|move|p2a: Venusaur|Sleep Powder|p1a: VAN PERSIE
|-fail|p1a: VAN PERSIE
|
|-damage|p1a: VAN PERSIE|129\/321 brn|[from] brn
|turn|16
|chat|Neo AE|happens
|
|switch|p2a: Azumarill|Azumarill, M|403\/403
|move|p1a: VAN PERSIE|Defog|p2a: Azumarill
|-unboost|p2a: Azumarill|evasion|1
|-sideend|p1: call me a god|Stealth Rock|[from] move: Defog|[of] p1a: VAN PERSIE
|
|-damage|p1a: VAN PERSIE|89\/321 brn|[from] brn
|turn|17
|
|switch|p1a: DE VRIJ|Magnezone|299\/299
|move|p2a: Azumarill|Play Rough|p1a: DE VRIJ
|-resisted|p1a: DE VRIJ
|-damage|p1a: DE VRIJ|217\/299
|
|turn|18
|
|switch|p2a: Landorus|Landorus, M|319\/319
|move|p1a: DE VRIJ|Volt Switch|p2a: Landorus
|-immune|p2a: Landorus|[msg]
|
|turn|19
|chat|call me a god|you really made that play\
|
|switch|p1a: VAN PERSIE|Latias, F|89\/321 brn
|move|p2a: Landorus|Psychic|p1a: VAN PERSIE
|-resisted|p1a: VAN PERSIE
|-damage|p1a: VAN PERSIE|27\/321 brn
|
|-damage|p1a: VAN PERSIE|0 fnt|[from] brn
|faint|p1a: VAN PERSIE
|
|switch|p1a: TIM KRUL|Keldeo|323\/323
|turn|20
|chat|Neo AE|yh cuz its THAT obvious lol
|chat|Neo AE|it works lol
|
|switch|p1a: SNEIJDER|Pinsir, F|271\/271
|switch|p2a: Venusaur|Venusaur-Mega, F|286\/363
|
|turn|21
|
|switch|p2a: Mandibuzz|Mandibuzz, F|423\/423
|detailschange|p1a: SNEIJDER|Pinsir-Mega, F
|message|Pinsir has Mega Evolved into Mega Pinsir!
|move|p1a: SNEIJDER|Return|p2a: Mandibuzz
|-damage|p2a: Mandibuzz|227\/423
|-damage|p1a: SNEIJDER|226\/271|[from] item: Rocky Helmet|[of] p2a: Mandibuzz
|
|turn|22
|join|Paleo
|
|switch|p1a: TIM KRUL|Keldeo|323\/323
|move|p2a: Mandibuzz|Roost|p2a: Mandibuzz
|-heal|p2a: Mandibuzz|423\/423
|
|turn|23
|
|switch|p2a: Venusaur|Venusaur-Mega, F|286\/363
|move|p1a: TIM KRUL|Scald|p2a: Venusaur
|-resisted|p2a: Venusaur
|-damage|p2a: Venusaur|207\/363
|
|turn|24
|leave|Paleo
|chat|call me a god|where is my burn
|
|move|p1a: TIM KRUL|Scald|p2a: Venusaur
|-resisted|p2a: Venusaur
|-damage|p2a: Venusaur|117\/363
|-status|p2a: Venusaur|brn
|move|p2a: Venusaur|Synthesis|p2a: Venusaur
|-heal|p2a: Venusaur|298\/363 brn
|
|-damage|p2a: Venusaur|253\/363 brn|[from] brn
|turn|25
|chat|Neo AE|did u have to call for it?
|
|switch|p1a: DE VRIJ|Magnezone|217\/299
|move|p2a: Venusaur|Sleep Powder|p1a: DE VRIJ
|-status|p1a: DE VRIJ|slp
|
|-damage|p2a: Venusaur|208\/363 brn|[from] brn
|turn|26
|chat|call me a god|probably had too
|
|switch|p1a: SNEIJDER|Pinsir-Mega, F|226\/271
|move|p2a: Venusaur|Synthesis|p2a: Venusaur
|-heal|p2a: Venusaur|363\/363 brn
|
|-damage|p2a: Venusaur|318\/363 brn|[from] brn
|turn|27
|
|switch|p1a: ROBBEN|Clefable, F|393\/393
|switch|p2a: Mandibuzz|Mandibuzz, F|423\/423
|
|turn|28
|
|switch|p2a: Heatran|Heatran, F|385\/385
|move|p1a: ROBBEN|Stealth Rock|p2a: Heatran
|-sidestart|p2: Neo AE|move: Stealth Rock
|
|turn|29
|chat|call me a god|cm sweep
|chat|Neo AE|lol not when tran is around
|
|switch|p1a: SNEIJDER|Pinsir-Mega, F|226\/271
|move|p2a: Heatran|Stealth Rock|p1a: SNEIJDER
|-sidestart|p1: call me a god|move: Stealth Rock
|
|turn|30
|join|hbgvyhuji8uji
|leave|hbgvyhuji8uji
|chat|call me a god|50-50
|chat|Neo AE|yh
|chat|call me a god|this decides the game
|chat|call me a god|i think
|
|move|p1a: SNEIJDER|Earthquake|p2a: Heatran
|-supereffective|p2a: Heatran
|-damage|p2a: Heatran|0 fnt
|faint|p2a: Heatran
|
|chat|Neo AE|well
|
|switch|p2a: Mandibuzz|Mandibuzz, F|423\/423
|-damage|p2a: Mandibuzz|318\/423|[from] Stealth Rock
|turn|31
|chat|call me a god|:]
|
|move|p1a: SNEIJDER|Swords Dance|p1a: SNEIJDER
|-boost|p1a: SNEIJDER|atk|2
|move|p2a: Mandibuzz|Foul Play|p1a: SNEIJDER
|-damage|p1a: SNEIJDER|0 fnt
|faint|p1a: SNEIJDER
|
|chat|call me a god|you really foul played
|chat|Neo AE|xD
|chat|Neo AE|y wouldnt i
|
|switch|p1a: TIM KRUL|Keldeo|323\/323
|-damage|p1a: TIM KRUL|303\/323|[from] Stealth Rock
|turn|32
|
|switch|p2a: Azumarill|Azumarill, M|403\/403
|-damage|p2a: Azumarill|353\/403|[from] Stealth Rock
|move|p1a: TIM KRUL|Hydro Pump|p2a: Azumarill
|-resisted|p2a: Azumarill
|-damage|p2a: Azumarill|244\/403
|
|turn|33
|
|switch|p1a: ROBBEN|Clefable, F|393\/393
|move|p2a: Azumarill|Waterfall|p1a: ROBBEN
|-damage|p1a: ROBBEN|204\/393
|
|-heal|p1a: ROBBEN|228\/393|[from] item: Leftovers
|turn|34
|
|move|p1a: ROBBEN|Soft-Boiled|p1a: ROBBEN
|-heal|p1a: ROBBEN|393\/393
|move|p2a: Azumarill|Play Rough|p1a: ROBBEN
|-damage|p1a: ROBBEN|183\/393
|
|-heal|p1a: ROBBEN|207\/393|[from] item: Leftovers
|turn|35
|
|move|p1a: ROBBEN|Soft-Boiled|p1a: ROBBEN
|-heal|p1a: ROBBEN|393\/393
|move|p2a: Azumarill|Play Rough|p1a: ROBBEN
|-damage|p1a: ROBBEN|200\/393
|
|-heal|p1a: ROBBEN|224\/393|[from] item: Leftovers
|turn|36
|chat|call me a god|i need to stall you out
|
|move|p1a: ROBBEN|Soft-Boiled|p1a: ROBBEN
|-heal|p1a: ROBBEN|393\/393
|move|p2a: Azumarill|Waterfall|p1a: ROBBEN
|-damage|p1a: ROBBEN|201\/393
|
|-heal|p1a: ROBBEN|225\/393|[from] item: Leftovers
|turn|37
|
|move|p1a: ROBBEN|Soft-Boiled|p1a: ROBBEN
|-heal|p1a: ROBBEN|393\/393
|move|p2a: Azumarill|Waterfall|p1a: ROBBEN
|-damage|p1a: ROBBEN|213\/393
|
|-heal|p1a: ROBBEN|237\/393|[from] item: Leftovers
|turn|38
|
|move|p1a: ROBBEN|Moonblast|p2a: Azumarill
|-damage|p2a: Azumarill|159\/403
|-unboost|p2a: Azumarill|spa|1
|move|p2a: Azumarill|Play Rough|p1a: ROBBEN
|-damage|p1a: ROBBEN|30\/393
|-unboost|p1a: ROBBEN|atk|1
|
|-heal|p1a: ROBBEN|54\/393|[from] item: Leftovers
|turn|39
|chat|Neo AE|my spz attack ffs
|chat|Neo AE|the hx
|chat|Neo AE|hax
|
|switch|p1a: TIM KRUL|Keldeo|303\/323
|-damage|p1a: TIM KRUL|283\/323|[from] Stealth Rock
|move|p2a: Azumarill|Aqua Jet|p1a: TIM KRUL
|-resisted|p1a: TIM KRUL
|-damage|p1a: TIM KRUL|240\/323
|
|turn|40
|
|move|p1a: TIM KRUL|Hidden Power|p2a: Azumarill
|-supereffective|p2a: Azumarill
|-damage|p2a: Azumarill|0 fnt
|faint|p2a: Azumarill
|
|
|switch|p2a: Venusaur|Venusaur-Mega, F|318\/363 brn
|-damage|p2a: Venusaur|273\/363 brn|[from] Stealth Rock
|turn|41
|
|switch|p1a: DE VRIJ|Magnezone|217\/299 slp
|-damage|p1a: DE VRIJ|199\/299 slp|[from] Stealth Rock
|switch|p2a: Landorus|Landorus, M|319\/319
|-damage|p2a: Landorus|280\/319|[from] Stealth Rock
|
|turn|42
|
|switch|p1a: ROBBEN|Clefable, F|54\/393
|move|p2a: Landorus|Focus Blast|p1a: ROBBEN|[miss]
|-miss|p2a: Landorus|p1a: ROBBEN
|
|-heal|p1a: ROBBEN|78\/393|[from] item: Leftovers
|turn|43
|
|move|p2a: Landorus|Psychic|p1a: ROBBEN
|-damage|p1a: ROBBEN|0 fnt
|faint|p1a: ROBBEN
|
|
|switch|p1a: TIM KRUL|Keldeo|240\/323
|-damage|p1a: TIM KRUL|220\/323|[from] Stealth Rock
|turn|44
|
|switch|p2a: Venusaur|Venusaur-Mega, F|273\/363 brn
|-damage|p2a: Venusaur|228\/363 brn|[from] Stealth Rock
|move|p1a: TIM KRUL|Scald|p2a: Venusaur
|-resisted|p2a: Venusaur
|-damage|p2a: Venusaur|138\/363 brn
|
|-damage|p2a: Venusaur|93\/363 brn|[from] brn
|turn|45
|chat|call me a god|max damage
|chat|call me a god|or a better roll
|
|move|p1a: TIM KRUL|Scald|p2a: Venusaur
|-resisted|p2a: Venusaur
|-damage|p2a: Venusaur|6\/363 brn
|move|p2a: Venusaur|Synthesis|p2a: Venusaur
|-heal|p2a: Venusaur|187\/363 brn
|
|-damage|p2a: Venusaur|142\/363 brn|[from] brn
|turn|46
|chat|call me a god|.
|
|switch|p1a: DE VRIJ|Magnezone|199\/299 slp
|-damage|p1a: DE VRIJ|181\/299 slp|[from] Stealth Rock
|move|p2a: Venusaur|Synthesis|p2a: Venusaur
|-heal|p2a: Venusaur|323\/363 brn
|
|-damage|p2a: Venusaur|278\/363 brn|[from] brn
|turn|47
|chat|call me a god|if i hydroed
|chat|call me a god|would you have lost
|chat|Neo AE|well hydro can miss though
|
|switch|p2a: Landorus|Landorus, M|280\/319
|-damage|p2a: Landorus|241\/319|[from] Stealth Rock
|cant|p1a: DE VRIJ|slp
|
|turn|48
|chat|call me a god|wake up magnezone
|chat|Neo AE|pls dont wake up
|chat|call me a god|i lost
|
|switch|p1a: RON VLARR|Landorus-Therian, M|325\/325
|-damage|p1a: RON VLARR|285\/325|[from] Stealth Rock
|-ability|p1a: RON VLARR|Intimidate|[of] p2a: Landorus
|-unboost|p2a: Landorus|atk|1
|move|p2a: Landorus|Earth Power|p1a: RON VLARR
|-immune|p1a: RON VLARR|[msg]
|
|turn|49
|
|move|p1a: RON VLARR|Knock Off|p2a: Landorus
|-damage|p2a: Landorus|99\/319
|-enditem|p2a: Landorus|Life Orb|[from] move: Knock Off|[of] p1a: RON VLARR
|move|p2a: Landorus|Psychic|p1a: RON VLARR
|-damage|p1a: RON VLARR|138\/325
|
|turn|50
|
|switch|p1a: TIM KRUL|Keldeo|220\/323
|-damage|p1a: TIM KRUL|200\/323|[from] Stealth Rock
|move|p2a: Landorus|Psychic|p1a: TIM KRUL
|-supereffective|p1a: TIM KRUL
|-damage|p1a: TIM KRUL|0 fnt
|faint|p1a: TIM KRUL
|
|chat|call me a god|.
|chat|call me a god|.
|chat|call me a god|why would you stay in
|chat|Neo AE|cuz i expected u to switch
|
|switch|p1a: RON VLARR|Landorus-Therian, M|138\/325
|-damage|p1a: RON VLARR|98\/325|[from] Stealth Rock
|-ability|p1a: RON VLARR|Intimidate|[of] p2a: Landorus
|-unboost|p2a: Landorus|atk|1
|turn|51
|
|switch|p2a: Mandibuzz|Mandibuzz, F|318\/423
|-damage|p2a: Mandibuzz|213\/423|[from] Stealth Rock
|move|p1a: RON VLARR|U-turn|p2a: Mandibuzz
|-damage|p2a: Mandibuzz|152\/423
|-damage|p1a: RON VLARR|44\/325|[from] item: Rocky Helmet|[of] p2a: Mandibuzz
|
|switch|p1a: DE VRIJ|Magnezone|181\/299 slp
|-damage|p1a: DE VRIJ|163\/299 slp|[from] Stealth Rock
|
|turn|52
|
|cant|p1a: DE VRIJ|slp
|move|p2a: Mandibuzz|Foul Play|p1a: DE VRIJ
|-damage|p1a: DE VRIJ|96\/299 slp
|
|turn|53
|
|-curestatus|p1a: DE VRIJ|slp
|move|p1a: DE VRIJ|Flash Cannon|p2a: Mandibuzz
|-damage|p2a: Mandibuzz|0 fnt
|faint|p2a: Mandibuzz
|
|chat|call me a god|go to clef
|chat|call me a god|make it more close
|chat|Neo AE|i expect that thing to be scarfed?
|
|switch|p2a: Landorus|Landorus, M|99\/319
|-damage|p2a: Landorus|60\/319|[from] Stealth Rock
|turn|54
|
|switch|p1a: RON VLARR|Landorus-Therian, M|44\/325
|-damage|p1a: RON VLARR|4\/325|[from] Stealth Rock
|-ability|p1a: RON VLARR|Intimidate|[of] p2a: Landorus
|-unboost|p2a: Landorus|atk|1
|move|p2a: Landorus|Earth Power|p1a: RON VLARR
|-immune|p1a: RON VLARR|[msg]
|
|turn|55
|chat|Neo AE|thought 1 sec about using psychic lol
|
|switch|p2a: Clefable|Clefable, M|208\/394
|move|p1a: RON VLARR|Stone Edge|p2a: Clefable
|-damage|p2a: Clefable|64\/394
|
|-heal|p2a: Clefable|88\/394|[from] item: Leftovers
|turn|56
|
|move|p1a: RON VLARR|Stone Edge|p2a: Clefable
|-damage|p2a: Clefable|0 fnt
|faint|p2a: Clefable
|
|
|switch|p2a: Venusaur|Venusaur-Mega, F|278\/363 brn
|-damage|p2a: Venusaur|233\/363 brn|[from] Stealth Rock
|turn|57
|chat|call me a god|let me crit pls
|chat|Neo AE|pls not
|chat|Neo AE|would probs still surv
|
|move|p1a: RON VLARR|Stone Edge|p2a: Venusaur
|-crit|p2a: Venusaur
|-damage|p2a: Venusaur|118\/363 brn
|move|p2a: Venusaur|Giga Drain|p1a: RON VLARR
|-damage|p1a: RON VLARR|0 fnt
|-heal|p2a: Venusaur|120\/363 brn|[from] drain|[of] p1a: RON VLARR
|faint|p1a: RON VLARR
|
|-damage|p2a: Venusaur|75\/363 brn|[from] brn
|chat|Neo AE|i am almost max def
|chat|Neo AE|see
|
|switch|p1a: DE VRIJ|Magnezone|96\/299
|-damage|p1a: DE VRIJ|78\/299|[from] Stealth Rock
|turn|58
|
|move|p1a: DE VRIJ|Flash Cannon|p2a: Venusaur
|-damage|p2a: Venusaur|0 fnt
|faint|p2a: Venusaur
|
|chat|Neo AE|well gg
|
|switch|p2a: Landorus|Landorus, M|60\/319
|-damage|p2a: Landorus|21\/319|[from] Stealth Rock
|turn|59
|
|move|p2a: Landorus|Earth Power|p1a: DE VRIJ
|-supereffective|p1a: DE VRIJ
|-damage|p1a: DE VRIJ|0 fnt
|faint|p1a: DE VRIJ
|
|win|Neo AE
|raw|Ladder updating...
|raw|call me a god's rating: 2015 &rarr; <strong>1984<\/strong><br \/>(-31 for losing)
|raw|Neo AE's rating: 1807 &rarr; <strong>1838<\/strong><br \/>(+31 for winning)
|chat|Neo AE|such a close match lol
|chat|call me a god|so close to being number 1
|chat|call me a god|:[
|chat|Neo AE|really enjoyable
|chat|Neo AE|yh i noticed ur name lol
|chat|Neo AE|u gonna do it ;)
|chat|Neo AE|gl anyways
|chat|call me a god|did you actually predict my double
|chat|Neo AE|with keldeo?
|chat|call me a god|y
|chat|Neo AE|yh
|chat|Neo AE|it was risky but i wanted to take it lol
|chat|call me a god|you got max sleep turns
|chat|Neo AE|how do u call it? high risk\/high reward? ;)
|chat|call me a god|with zone
|chat|call me a god|if i woke up you lost
|chat|Neo AE|only one mattered though i think
|chat|Neo AE|when i switched in with lando
|chat|call me a god|yes
|chat|Neo AE|well pokemon is about hax too
|chat|Neo AE|i got parad 5 turns a row with tran before
|chat|Neo AE|well g2g
|chat|Neo AE|gl 
|leave|call me a god
|player|p1