|join|Roy Bringus
|join|Neo AE
|player|p1|Roy Bringus|101
|player|p2|Neo AE|153
|gametype|singles
|gen|6
|tier|OU
|rated
|clearpoke
|poke|p1|Tyranitar, M
|poke|p1|Garchomp, F
|poke|p1|Bisharp, F
|poke|p1|Landorus, M
|poke|p1|Azumarill, M
|poke|p1|Thundurus, M
|poke|p2|Venusaur, M
|poke|p2|Clefable, F
|poke|p2|Heatran, M
|poke|p2|Mandibuzz, F
|poke|p2|Azumarill, M
|poke|p2|Landorus, M
|rule|Swagger Clause: Swagger is banned
|rule|Baton Pass Clause: Limit one PokÃ©mon knowing Baton Pass
|rule|Sleep Clause Mod: Limit one foe put to sleep
|rule|Species Clause: Limit one of each PokÃ©mon
|rule|OHKO Clause: OHKO moves are banned
|rule|Moody Clause: Moody is banned
|rule|Evasion Moves Clause: Evasion moves are banned
|rule|Endless Battle Clause: Forcing endless battles is banned
|rule|HP Percentage Mod: HP is reported as percentages
|teampreview
|
|start
|switch|p1a: Bisharp|Bisharp, F|272\/272
|switch|p2a: Azumarill|Azumarill, M|404\/404
|turn|1
|
|move|p1a: Bisharp|Stealth Rock|p2a: Azumarill
|-sidestart|p2: Neo AE|move: Stealth Rock
|move|p2a: Azumarill|Play Rough|p1a: Bisharp
|-damage|p1a: Bisharp|85\/272
|
|turn|2
|
|move|p2a: Azumarill|Aqua Jet|p1a: Bisharp
|-damage|p1a: Bisharp|0 fnt
|faint|p1a: Bisharp
|
|
|switch|p1a: Thundurus|Thundurus, M|299\/299
|turn|3
|
|move|p1a: Thundurus|Thunderbolt|p2a: Azumarill
|-supereffective|p2a: Azumarill
|-damage|p2a: Azumarill|82\/404
|-damage|p1a: Thundurus|270\/299|[from] item: Life Orb
|move|p2a: Azumarill|Waterfall|p1a: Thundurus
|-damage|p1a: Thundurus|26\/299
|
|turn|4
|
|switch|p1a: Azumarill|Azumarill, M|379\/379
|switch|p2a: Heatran|Heatran, M|386\/386
|-damage|p2a: Heatran|338\/386|[from] Stealth Rock
|
|-heal|p2a: Heatran|362\/386|[from] item: Leftovers
|turn|5
|
|move|p2a: Heatran|Will-O-Wisp|p1a: Azumarill
|-status|p1a: Azumarill|brn
|move|p1a: Azumarill|Waterfall|p2a: Heatran
|-supereffective|p2a: Heatran
|-damage|p2a: Heatran|180\/386
|
|-heal|p2a: Heatran|204\/386|[from] item: Leftovers
|-damage|p1a: Azumarill|332\/379 brn|[from] brn
|turn|6
|
|move|p2a: Heatran|Stealth Rock|p1a: Azumarill
|-sidestart|p1: Roy Bringus|move: Stealth Rock
|move|p1a: Azumarill|Waterfall|p2a: Heatran
|-supereffective|p2a: Heatran
|-damage|p2a: Heatran|34\/386
|
|-heal|p2a: Heatran|58\/386|[from] item: Leftovers
|-damage|p1a: Azumarill|285\/379 brn|[from] brn
|turn|7
|
|move|p2a: Heatran|Lava Plume|p1a: Azumarill
|-resisted|p1a: Azumarill
|-damage|p1a: Azumarill|241\/379 brn
|move|p1a: Azumarill|Knock Off|p2a: Heatran
|-damage|p2a: Heatran|0 fnt
|-enditem|p2a: Heatran|Leftovers|[from] move: Knock Off|[of] p1a: Azumarill
|faint|p2a: Heatran
|
|-damage|p1a: Azumarill|194\/379 brn|[from] brn
|
|switch|p2a: Clefable|Clefable, F|394\/394
|turn|8
|
|move|p2a: Clefable|Calm Mind|p2a: Clefable
|-boost|p2a: Clefable|spa|1
|-boost|p2a: Clefable|spd|1
|move|p1a: Azumarill|Knock Off|p2a: Clefable
|-resisted|p2a: Clefable
|-damage|p2a: Clefable|361\/394
|-enditem|p2a: Clefable|Leftovers|[from] move: Knock Off|[of] p1a: Azumarill
|
|-damage|p1a: Azumarill|147\/379 brn|[from] brn
|turn|9
|
|switch|p1a: Tyranitar|Tyranitar, M|342\/342
|-damage|p1a: Tyranitar|300\/342|[from] Stealth Rock
|-weather|Sandstorm
|move|p2a: Clefable|Calm Mind|p2a: Clefable
|-boost|p2a: Clefable|spa|1
|-boost|p2a: Clefable|spd|1
|
|-weather|Sandstorm|[upkeep]
|turn|10
|
|detailschange|p1a: Tyranitar|Tyranitar-Mega, M
|message|Tyranitar has Mega Evolved into Mega Tyranitar!
|move|p1a: Tyranitar|Stone Edge|p2a: Clefable|[miss]
|-miss|p1a: Tyranitar|p2a: Clefable
|move|p2a: Clefable|Moonblast|p1a: Tyranitar
|-supereffective|p1a: Tyranitar
|-damage|p1a: Tyranitar|76\/342
|
|-weather|Sandstorm|[upkeep]
|turn|11
|
|move|p1a: Tyranitar|Stone Edge|p2a: Clefable|[miss]
|-miss|p1a: Tyranitar|p2a: Clefable
|move|p2a: Clefable|Moonblast|p1a: Tyranitar
|-supereffective|p1a: Tyranitar
|-damage|p1a: Tyranitar|0 fnt
|faint|p1a: Tyranitar
|
|-weather|Sandstorm|[upkeep]
|chat|Roy Bringus|gg
|-message|Roy Bringus forfeited.
|leave|Roy Bringus
|
|switch|p1a: Landorus|Landorus, M|320\/320
|-damage|p1a: Landorus|280\/320|[from] Stealth Rock
|turn|12
|
|win|Neo AE
|raw|Ladder updating...
|player|p1
|chat|Neo AE|gg
|raw|Roy Bringus's rating: 1743 &rarr; <strong>1728<\/strong><br \/>(-15 for losing)
|raw|Neo AE's rating: 1821 &rarr; <strong>1836<\/strong><br \/>(+15 for winning)