|join|Neo AE
|join|Nagato Pein
|player|p1|Neo AE|153
|player|p2|Nagato Pein|151
|gametype|singles
|gen|6
|tier|OU
|rated
|clearpoke
|poke|p1|Venusaur, F
|poke|p1|Clefable, M
|poke|p1|Heatran, M
|poke|p1|Mandibuzz, F
|poke|p1|Azumarill, F
|poke|p1|Landorus, M
|poke|p2|Gengar, M
|poke|p2|Meloetta
|poke|p2|Conkeldurr, M
|poke|p2|Gyarados, M
|poke|p2|Ferrothorn, M
|poke|p2|Landorus, M
|rule|Swagger Clause: Swagger is banned
|rule|Baton Pass Clause: Limit one PokÃ©mon knowing Baton Pass
|rule|Sleep Clause Mod: Limit one foe put to sleep
|rule|Species Clause: Limit one of each PokÃ©mon
|rule|OHKO Clause: OHKO moves are banned
|rule|Moody Clause: Moody is banned
|rule|Evasion Moves Clause: Evasion moves are banned
|rule|Endless Battle Clause: Forcing endless battles is banned
|rule|HP Percentage Mod: HP is reported as percentages
|teampreview
|join|u got slowbro'ed
|join|FUQ GLISCORE
|
|start
|switch|p1a: Azumarill|Azumarill, F|404\/404
|switch|p2a: Enten|Landorus, M|319\/319
|turn|1
|
|switch|p2a: Hentai|Ferrothorn, M|352\/352
|move|p1a: Azumarill|Superpower|p2a: Hentai
|-supereffective|p2a: Hentai
|-damage|p2a: Hentai|160\/352
|-damage|p1a: Azumarill|354\/404|[from] ability: Iron Barbs|[of] p2a: Hentai
|-damage|p1a: Azumarill|287\/404|[from] item: Rocky Helmet|[of] p2a: Hentai
|-unboost|p1a: Azumarill|atk|1
|-unboost|p1a: Azumarill|def|1
|
|turn|2
|
|switch|p1a: Heatran|Heatran, M|386\/386
|move|p2a: Hentai|Stealth Rock|p1a: Heatran
|-sidestart|p1: Neo AE|move: Stealth Rock
|
|turn|3
|
|switch|p2a: Enten|Landorus, M|319\/319
|move|p1a: Heatran|Stealth Rock|p2a: Enten
|-sidestart|p2: Nagato Pein|move: Stealth Rock
|
|turn|4
|leave|u got slowbro'ed
|
|switch|p1a: Clefable|Clefable, M|394\/394
|move|p2a: Enten|Focus Blast|p1a: Clefable|[miss]
|-miss|p2a: Enten|p1a: Clefable
|
|turn|5
|
|switch|p1a: Mandibuzz|Mandibuzz, F|362\/362
|-damage|p1a: Mandibuzz|272\/362|[from] Stealth Rock
|move|p2a: Enten|Earth Power|p1a: Mandibuzz
|-immune|p1a: Mandibuzz|[msg]
|
|turn|6
|
|move|p2a: Enten|Focus Blast|p1a: Mandibuzz|[miss]
|-miss|p2a: Enten|p1a: Mandibuzz
|move|p1a: Mandibuzz|Foul Play|p2a: Enten
|-crit|p2a: Enten
|-damage|p2a: Enten|103\/319
|
|turn|7
|
|switch|p2a: Hentai|Ferrothorn, M|160\/352
|-damage|p2a: Hentai|138\/352|[from] Stealth Rock
|move|p1a: Mandibuzz|Roost|p1a: Mandibuzz
|-heal|p1a: Mandibuzz|362\/362
|
|turn|8
|
|move|p1a: Mandibuzz|Taunt|p2a: Hentai
|-start|p2a: Hentai|move: Taunt
|cant|p2a: Hentai|move: Taunt|Leech Seed
|
|turn|9
|
|move|p1a: Mandibuzz|Foul Play|p2a: Hentai
|-damage|p2a: Hentai|75\/352
|-damage|p1a: Mandibuzz|317\/362|[from] ability: Iron Barbs|[of] p2a: Hentai
|-damage|p1a: Mandibuzz|257\/362|[from] item: Rocky Helmet|[of] p2a: Hentai
|move|p2a: Hentai|Gyro Ball|p1a: Mandibuzz
|-damage|p1a: Mandibuzz|137\/362
|-damage|p2a: Hentai|17\/352|[from] item: Rocky Helmet|[of] p1a: Mandibuzz
|
|turn|10
|
|move|p1a: Mandibuzz|Roost|p1a: Mandibuzz
|-heal|p1a: Mandibuzz|318\/362
|move|p2a: Hentai|Gyro Ball|p1a: Mandibuzz
|-damage|p1a: Mandibuzz|189\/362
|-damage|p2a: Hentai|0 fnt|[from] item: Rocky Helmet|[of] p1a: Mandibuzz
|faint|p2a: Hentai
|
|
|switch|p2a: Kage|Gengar, M|261\/261
|-damage|p2a: Kage|229\/261|[from] Stealth Rock
|turn|11
|
|move|p2a: Kage|Taunt|p1a: Mandibuzz
|-start|p1a: Mandibuzz|move: Taunt
|move|p1a: Mandibuzz|Foul Play|p2a: Kage
|-supereffective|p2a: Kage
|-damage|p2a: Kage|17\/261
|
|-heal|p2a: Kage|33\/261|[from] item: Black Sludge
|turn|12
|
|move|p2a: Kage|Sludge Bomb|p1a: Mandibuzz
|-damage|p1a: Mandibuzz|27\/362
|-status|p1a: Mandibuzz|psn
|move|p1a: Mandibuzz|Foul Play|p2a: Kage
|-supereffective|p2a: Kage
|-damage|p2a: Kage|0 fnt
|faint|p2a: Kage
|
|-damage|p1a: Mandibuzz|0 fnt|[from] psn
|faint|p1a: Mandibuzz
|
|switch|p2a: Enten|Landorus, M|103\/319
|-damage|p2a: Enten|64\/319|[from] Stealth Rock
|switch|p1a: Azumarill|Azumarill, F|287\/404
|-damage|p1a: Azumarill|237\/404|[from] Stealth Rock
|turn|13
|
|move|p1a: Azumarill|Aqua Jet|p2a: Enten
|-supereffective|p2a: Enten
|-damage|p2a: Enten|0 fnt
|faint|p2a: Enten
|
|
|switch|p2a: Predator|Gyarados, M|331\/331
|-damage|p2a: Predator|249\/331|[from] Stealth Rock
|-ability|p2a: Predator|Intimidate|[of] p1a: Azumarill
|-unboost|p1a: Azumarill|atk|1
|turn|14
|
|move|p2a: Predator|Dragon Dance|p2a: Predator
|-boost|p2a: Predator|atk|1
|-boost|p2a: Predator|spe|1
|move|p1a: Azumarill|Play Rough|p2a: Predator
|-damage|p2a: Predator|96\/331
|
|turn|15
|
|detailschange|p2a: Predator|Gyarados-Mega, M
|message|Gyarados has Mega Evolved into Mega Gyarados!
|-ability|p2a: Predator|Mold Breaker
|move|p1a: Azumarill|Aqua Jet|p2a: Predator
|-resisted|p2a: Predator
|-damage|p2a: Predator|71\/331
|move|p2a: Predator|Earthquake|p1a: Azumarill
|-damage|p1a: Azumarill|7\/404
|
|turn|16
|
|move|p1a: Azumarill|Aqua Jet|p2a: Predator
|-resisted|p2a: Predator
|-damage|p2a: Predator|42\/331
|move|p2a: Predator|Earthquake|p1a: Azumarill
|-crit|p1a: Azumarill
|-damage|p1a: Azumarill|0 fnt
|faint|p1a: Azumarill
|
|
|switch|p1a: Venusaur|Venusaur, F|364\/364
|-damage|p1a: Venusaur|319\/364|[from] Stealth Rock
|turn|17
|
|detailschange|p1a: Venusaur|Venusaur-Mega, F
|message|Venusaur has Mega Evolved into Mega Venusaur!
|move|p2a: Predator|Earthquake|p1a: Venusaur
|-damage|p1a: Venusaur|197\/364
|move|p1a: Venusaur|Giga Drain|p2a: Predator
|-crit|p2a: Predator
|-supereffective|p2a: Predator
|-damage|p2a: Predator|0 fnt
|-heal|p1a: Venusaur|218\/364|[from] drain|[of] p2a: Predator
|faint|p2a: Predator
|
|
|switch|p2a: Heihachi|Conkeldurr, M|383\/383
|-damage|p2a: Heihachi|360\/383|[from] Stealth Rock
|turn|18
|
|move|p1a: Venusaur|Synthesis|p1a: Venusaur
|-heal|p1a: Venusaur|364\/364
|move|p2a: Heihachi|Ice Punch|p1a: Venusaur
|-supereffective|p1a: Venusaur
|-damage|p1a: Venusaur|302\/364
|
|turn|19
|
|move|p1a: Venusaur|Giga Drain|p2a: Heihachi
|-crit|p2a: Heihachi
|-damage|p2a: Heihachi|255\/383
|-heal|p1a: Venusaur|355\/364|[from] drain|[of] p2a: Heihachi
|move|p2a: Heihachi|Ice Punch|p1a: Venusaur
|-supereffective|p1a: Venusaur
|-damage|p1a: Venusaur|301\/364
|
|turn|20
|
|move|p1a: Venusaur|Giga Drain|p2a: Heihachi
|-damage|p2a: Heihachi|191\/383
|-heal|p1a: Venusaur|333\/364|[from] drain|[of] p2a: Heihachi
|move|p2a: Heihachi|Ice Punch|p1a: Venusaur
|-crit|p1a: Venusaur
|-supereffective|p1a: Venusaur
|-damage|p1a: Venusaur|251\/364
|
|turn|21
|
|move|p1a: Venusaur|Giga Drain|p2a: Heihachi
|-damage|p2a: Heihachi|127\/383
|-heal|p1a: Venusaur|283\/364|[from] drain|[of] p2a: Heihachi
|move|p2a: Heihachi|Ice Punch|p1a: Venusaur
|-supereffective|p1a: Venusaur
|-damage|p1a: Venusaur|223\/364
|
|turn|22
|
|move|p1a: Venusaur|Giga Drain|p2a: Heihachi
|-damage|p2a: Heihachi|64\/383
|-heal|p1a: Venusaur|255\/364|[from] drain|[of] p2a: Heihachi
|move|p2a: Heihachi|Ice Punch|p1a: Venusaur
|-supereffective|p1a: Venusaur
|-damage|p1a: Venusaur|199\/364
|
|turn|23
|
|move|p1a: Venusaur|Synthesis|p1a: Venusaur
|-heal|p1a: Venusaur|364\/364
|move|p2a: Heihachi|Ice Punch|p1a: Venusaur
|-supereffective|p1a: Venusaur
|-damage|p1a: Venusaur|308\/364
|
|turn|24
|
|switch|p1a: Clefable|Clefable, M|394\/394
|move|p2a: Heihachi|Ice Punch|p1a: Clefable
|-damage|p1a: Clefable|311\/394
|
|-heal|p1a: Clefable|335\/394|[from] item: Leftovers
|turn|25
|
|move|p1a: Clefable|Calm Mind|p1a: Clefable
|-boost|p1a: Clefable|spa|1
|-boost|p1a: Clefable|spd|1
|move|p2a: Heihachi|Ice Punch|p1a: Clefable
|-damage|p1a: Clefable|254\/394
|
|-heal|p1a: Clefable|278\/394|[from] item: Leftovers
|turn|26
|
|switch|p2a: Calamity|Meloetta|404\/404
|-damage|p2a: Calamity|354\/404|[from] Stealth Rock
|move|p1a: Clefable|Calm Mind|p1a: Clefable
|-boost|p1a: Clefable|spa|1
|-boost|p1a: Clefable|spd|1
|
|-heal|p2a: Calamity|379\/404|[from] item: Leftovers
|-heal|p1a: Clefable|302\/394|[from] item: Leftovers
|turn|27
|
|move|p2a: Calamity|Calm Mind|p2a: Calamity
|-boost|p2a: Calamity|spa|1
|-boost|p2a: Calamity|spd|1
|move|p1a: Clefable|Moonblast|p2a: Calamity
|-damage|p2a: Calamity|262\/404
|
|-heal|p2a: Calamity|287\/404|[from] item: Leftovers
|-heal|p1a: Clefable|326\/394|[from] item: Leftovers
|turn|28
|
|switch|p1a: Heatran|Heatran, M|386\/386
|-damage|p1a: Heatran|338\/386|[from] Stealth Rock
|move|p2a: Calamity|Calm Mind|p2a: Calamity
|-boost|p2a: Calamity|spa|1
|-boost|p2a: Calamity|spd|1
|
|-heal|p2a: Calamity|312\/404|[from] item: Leftovers
|-heal|p1a: Heatran|362\/386|[from] item: Leftovers
|turn|29
|
|move|p2a: Calamity|Focus Blast|p1a: Heatran
|-supereffective|p1a: Heatran
|-damage|p1a: Heatran|8\/386
|move|p1a: Heatran|Roar|p2a: Calamity
|drag|p2a: Heihachi|Conkeldurr, M|64\/383
|-damage|p2a: Heihachi|41\/383|[from] Stealth Rock
|
|-heal|p1a: Heatran|32\/386|[from] item: Leftovers
|turn|30
|
|move|p2a: Heihachi|Mach Punch|p1a: Heatran
|-supereffective|p1a: Heatran
|-damage|p1a: Heatran|0 fnt
|faint|p1a: Heatran
|
|
|switch|p1a: Landorus|Landorus, M|320\/320
|-damage|p1a: Landorus|280\/320|[from] Stealth Rock
|turn|31
|
|move|p1a: Landorus|Earth Power|p2a: Heihachi
|-damage|p2a: Heihachi|0 fnt
|faint|p2a: Heihachi
|
|chat|Nagato Pein|gg
|
|switch|p2a: Calamity|Meloetta|312\/404
|-damage|p2a: Calamity|262\/404|[from] Stealth Rock
|turn|32
|chat|Neo AE|gg
|-message|Nagato Pein forfeited.
|
|win|Neo AE
|raw|Ladder updating...
|leave|Nagato Pein
|player|p2
|raw|Neo AE's rating: 1804 &rarr; <strong>1825<\/strong><br \/>(+21 for winning)
|raw|Nagato Pein's rating: 1820 &rarr; <strong>1799<\/strong><br \/>(-21 for losing)
|leave|FUQ GLISCORE
|leave|Neo AE
|player|p1
|join|Neo AE