|join|nothin but a god
|join|Neo AE
|player|p1|nothin but a god|78
|player|p2|Neo AE|153
|gametype|singles
|gen|6
|tier|OU
|rated
|clearpoke
|poke|p1|Ditto
|poke|p1|Tyranitar, F
|poke|p1|Amoonguss, F
|poke|p1|Gliscor, F, shiny
|poke|p1|Gothitelle, M, shiny
|poke|p1|Manectric, F, shiny
|poke|p2|Heracross, M
|poke|p2|Heatran, F
|poke|p2|Latios, M
|poke|p2|Slowbro, M
|poke|p2|Clefable, M
|poke|p2|Dragonite, M
|rule|Swagger Clause: Swagger is banned
|rule|Baton Pass Clause: Limit one PokÃ©mon knowing Baton Pass
|rule|Sleep Clause Mod: Limit one foe put to sleep
|rule|Species Clause: Limit one of each PokÃ©mon
|rule|OHKO Clause: OHKO moves are banned
|rule|Moody Clause: Moody is banned
|rule|Evasion Moves Clause: Evasion moves are banned
|rule|Endless Battle Clause: Forcing endless battles is banned
|rule|HP Percentage Mod: HP is reported as percentages
|teampreview
|
|start
|switch|p1a: Street Terrorism|Manectric, F, shiny|287\/287
|switch|p2a: Heatran|Heatran, F|335\/335
|turn|1
|
|detailschange|p1a: Street Terrorism|Manectric-Mega, F, shiny
|message|Manectric has Mega Evolved into Mega Manectric!
|-ability|p1a: Street Terrorism|Intimidate|[of] p2a: Heatran
|-unboost|p2a: Heatran|atk|1
|move|p1a: Street Terrorism|Volt Switch|p2a: Heatran
|-damage|p2a: Heatran|250\/335
|
|switch|p1a: Show Of Force|Tyranitar, F|403\/403
|-weather|Sandstorm
|move|p2a: Heatran|Stealth Rock|p1a: Show Of Force
|-sidestart|p1: nothin but a god|move: Stealth Rock
|
|-weather|Sandstorm|[upkeep]
|-heal|p2a: Heatran|270\/335|[from] item: Leftovers
|turn|2
|
|move|p2a: Heatran|Will-O-Wisp|p1a: Show Of Force|[miss]
|-miss|p2a: Heatran|p1a: Show Of Force
|move|p1a: Show Of Force|Stealth Rock|p2a: Heatran
|-sidestart|p2: Neo AE|move: Stealth Rock
|
|-weather|Sandstorm|[upkeep]
|-heal|p2a: Heatran|290\/335|[from] item: Leftovers
|turn|3
|
|switch|p1a: Psyclones|Ditto|237\/237
|-damage|p1a: Psyclones|208\/237|[from] Stealth Rock
|-transform|p1a: Psyclones|p2a: Heatran
|move|p2a: Heatran|Will-O-Wisp|p1a: Psyclones
|-start|p1a: Psyclones|ability: Flash Fire
|
|-weather|Sandstorm|[upkeep]
|-heal|p2a: Heatran|310\/335|[from] item: Leftovers
|turn|4
|
|move|p2a: Heatran|Will-O-Wisp|p1a: Psyclones
|-immune|p1a: Psyclones|[msg]
|move|p1a: Psyclones|Roar|p2a: Heatran
|drag|p2a: Slowbro|Slowbro, M|393\/393
|-damage|p2a: Slowbro|344\/393|[from] Stealth Rock
|
|-weather|Sandstorm|[upkeep]
|-damage|p2a: Slowbro|320\/393|[from] sandstorm
|-heal|p2a: Slowbro|344\/393|[from] item: Leftovers
|turn|5
|
|switch|p1a: Ritual Poison|Amoonguss, F|431\/431
|-damage|p1a: Ritual Poison|378\/431|[from] Stealth Rock
|move|p2a: Slowbro|Thunder Wave|p1a: Ritual Poison
|-status|p1a: Ritual Poison|par
|
|-weather|none
|-heal|p2a: Slowbro|368\/393|[from] item: Leftovers
|-heal|p1a: Ritual Poison|404\/431 par|[from] item: Black Sludge
|turn|6
|
|switch|p2a: He's on Roids|Heracross, M|308\/308
|-damage|p2a: He's on Roids|270\/308|[from] Stealth Rock
|cant|p1a: Ritual Poison|par
|
|-heal|p1a: Ritual Poison|430\/431 par|[from] item: Black Sludge
|turn|7
|chat|nothin but a god|k
|
|detailschange|p2a: He's on Roids|Heracross-Mega, M
|message|Heracross has Mega Evolved into Mega Heracross!
|move|p2a: He's on Roids|Bullet Seed|p1a: Ritual Poison
|-resisted|p1a: Ritual Poison
|-damage|p1a: Ritual Poison|417\/431 par
|-resisted|p1a: Ritual Poison
|-damage|p1a: Ritual Poison|403\/431 par
|-resisted|p1a: Ritual Poison
|-damage|p1a: Ritual Poison|389\/431 par
|-resisted|p1a: Ritual Poison
|-damage|p1a: Ritual Poison|375\/431 par
|-crit|p1a: Ritual Poison
|-resisted|p1a: Ritual Poison
|-damage|p1a: Ritual Poison|355\/431 par
|-hitcount|p1a: Ritual Poison|5
|move|p1a: Ritual Poison|Spore|p2a: He's on Roids
|-status|p2a: He's on Roids|slp
|
|-heal|p1a: Ritual Poison|381\/431 par|[from] item: Black Sludge
|turn|8
|chat|Neo AE|cry i missed my willo wisp on ur t tar
|
|switch|p2a: Latios|Latios, M|301\/301
|-damage|p2a: Latios|264\/301|[from] Stealth Rock
|switch|p1a: Premonitions|Gothitelle, M, shiny|301\/301
|-damage|p1a: Premonitions|264\/301|[from] Stealth Rock
|
|turn|9
|
|switch|p1a: Show Of Force|Tyranitar, F|403\/403
|-damage|p1a: Show Of Force|353\/403|[from] Stealth Rock
|-weather|Sandstorm
|move|p2a: Latios|Trick|p1a: Show Of Force
|-activate|p2a: Latios|move: Trick|[of] p1a: Show Of Force
|-item|p1a: Show Of Force|Choice Scarf|[from] move: Trick
|-item|p2a: Latios|Leftovers|[from] move: Trick
|
|-weather|Sandstorm|[upkeep]
|-damage|p2a: Latios|246\/301|[from] sandstorm
|-heal|p2a: Latios|264\/301|[from] item: Leftovers
|turn|10
|
|move|p1a: Show Of Force|Pursuit|p2a: Latios|[from]Pursuit
|-supereffective|p2a: Latios
|-damage|p2a: Latios|0 fnt
|faint|p2a: Latios
|
|-weather|Sandstorm|[upkeep]
|
|switch|p2a: Clefable|Clefable, M|394\/394
|turn|11
|
|switch|p1a: Premonitions|Gothitelle, M, shiny|264\/301
|-damage|p1a: Premonitions|227\/301|[from] Stealth Rock
|switch|p2a: Heatran|Heatran, F|310\/335
|-damage|p2a: Heatran|269\/335|[from] Stealth Rock
|
|-weather|Sandstorm|[upkeep]
|-damage|p1a: Premonitions|209\/301|[from] sandstorm
|-heal|p2a: Heatran|289\/335|[from] item: Leftovers
|turn|12
|
|switch|p1a: Psyclones|Ditto|208\/237
|-damage|p1a: Psyclones|179\/237|[from] Stealth Rock
|-transform|p1a: Psyclones|p2a: Heatran
|move|p2a: Heatran|Lava Plume|p1a: Psyclones
|-start|p1a: Psyclones|ability: Flash Fire
|
|-weather|Sandstorm|[upkeep]
|-heal|p2a: Heatran|309\/335|[from] item: Leftovers
|turn|13
|
|move|p2a: Heatran|Will-O-Wisp|p1a: Psyclones
|-immune|p1a: Psyclones|[msg]
|move|p1a: Psyclones|Roar|p2a: Heatran
|drag|p2a: He's on Roids|Heracross-Mega, M|270\/308 slp
|-damage|p2a: He's on Roids|232\/308 slp|[from] Stealth Rock
|
|-weather|none
|turn|14
|
|switch|p1a: Premonitions|Gothitelle, M, shiny|209\/301
|-damage|p1a: Premonitions|172\/301|[from] Stealth Rock
|switch|p2a: Slowbro|Slowbro, M|393\/393
|-damage|p2a: Slowbro|344\/393|[from] Stealth Rock
|
|-heal|p2a: Slowbro|368\/393|[from] item: Leftovers
|turn|15
|
|move|p1a: Premonitions|Trick|p2a: Slowbro
|-activate|p1a: Premonitions|move: Trick|[of] p2a: Slowbro
|-item|p2a: Slowbro|Choice Scarf|[from] move: Trick
|-item|p1a: Premonitions|Leftovers|[from] move: Trick
|move|p2a: Slowbro|Psyshock|p1a: Premonitions
|-resisted|p1a: Premonitions
|-damage|p1a: Premonitions|118\/301
|
|-heal|p1a: Premonitions|136\/301|[from] item: Leftovers
|turn|16
|
|move|p1a: Premonitions|Psychic|p2a: Slowbro
|-resisted|p2a: Slowbro
|-damage|p2a: Slowbro|296\/393
|move|p2a: Slowbro|Psyshock|p1a: Premonitions
|-resisted|p1a: Premonitions
|-damage|p1a: Premonitions|84\/301
|
|-heal|p1a: Premonitions|102\/301|[from] item: Leftovers
|turn|17
|
|move|p1a: Premonitions|Psychic|p2a: Slowbro
|-resisted|p2a: Slowbro
|-damage|p2a: Slowbro|224\/393
|move|p2a: Slowbro|Psyshock|p1a: Premonitions
|-resisted|p1a: Premonitions
|-damage|p1a: Premonitions|54\/301
|
|-heal|p1a: Premonitions|72\/301|[from] item: Leftovers
|turn|18
|
|move|p1a: Premonitions|Rest|p1a: Premonitions
|-status|p1a: Premonitions|slp
|-heal|p1a: Premonitions|301\/301 slp|[silent]
|-status|p1a: Premonitions|slp|[from] move: Rest
|move|p2a: Slowbro|Psyshock|p1a: Premonitions
|-resisted|p1a: Premonitions
|-damage|p1a: Premonitions|250\/301 slp
|
|-heal|p1a: Premonitions|268\/301 slp|[from] item: Leftovers
|turn|19
|
|cant|p1a: Premonitions|slp
|move|p2a: Slowbro|Psyshock|p1a: Premonitions
|-resisted|p1a: Premonitions
|-damage|p1a: Premonitions|219\/301 slp
|
|-heal|p1a: Premonitions|237\/301 slp|[from] item: Leftovers
|turn|20
|
|cant|p1a: Premonitions|slp
|move|p2a: Slowbro|Psyshock|p1a: Premonitions
|-resisted|p1a: Premonitions
|-damage|p1a: Premonitions|192\/301 slp
|
|-heal|p1a: Premonitions|210\/301 slp|[from] item: Leftovers
|turn|21
|
|-curestatus|p1a: Premonitions|slp
|move|p1a: Premonitions|Psychic|p2a: Slowbro
|-resisted|p2a: Slowbro
|-damage|p2a: Slowbro|144\/393
|move|p2a: Slowbro|Psyshock|p1a: Premonitions
|-resisted|p1a: Premonitions
|-damage|p1a: Premonitions|162\/301
|
|-heal|p1a: Premonitions|180\/301|[from] item: Leftovers
|turn|22
|
|move|p1a: Premonitions|Psychic|p2a: Slowbro
|-resisted|p2a: Slowbro
|-damage|p2a: Slowbro|66\/393
|move|p2a: Slowbro|Psyshock|p1a: Premonitions
|-resisted|p1a: Premonitions
|-damage|p1a: Premonitions|129\/301
|
|-heal|p1a: Premonitions|147\/301|[from] item: Leftovers
|turn|23
|
|move|p1a: Premonitions|Psychic|p2a: Slowbro
|-resisted|p2a: Slowbro
|-damage|p2a: Slowbro|0 fnt
|faint|p2a: Slowbro
|
|-heal|p1a: Premonitions|165\/301|[from] item: Leftovers
|
|switch|p2a: Heatran|Heatran, F|309\/335
|-damage|p2a: Heatran|268\/335|[from] Stealth Rock
|turn|24
|
|switch|p1a: Psyclones|Ditto|179\/237
|-damage|p1a: Psyclones|150\/237|[from] Stealth Rock
|-transform|p1a: Psyclones|p2a: Heatran
|move|p2a: Heatran|Lava Plume|p1a: Psyclones
|-start|p1a: Psyclones|ability: Flash Fire
|
|-heal|p2a: Heatran|288\/335|[from] item: Leftovers
|turn|25
|
|switch|p2a: Clefable|Clefable, M|394\/394
|move|p1a: Psyclones|Roar|p2a: Clefable
|drag|p2a: He's on Roids|Heracross-Mega, M|232\/308 slp
|-damage|p2a: He's on Roids|194\/308 slp|[from] Stealth Rock
|
|turn|26
|
|switch|p1a: Pico Union Distric|Gliscor, F, shiny|352\/352
|-damage|p1a: Pico Union Distric|308\/352|[from] Stealth Rock
|cant|p2a: He's on Roids|slp
|
|-status|p1a: Pico Union Distric|tox|[from] item: Toxic Orb
|turn|27
|
|switch|p2a: Clefable|Clefable, M|394\/394
|move|p1a: Pico Union Distric|Toxic|p2a: Clefable
|-status|p2a: Clefable|tox
|
|-heal|p1a: Pico Union Distric|352\/352 tox|[from] ability: Poison Heal
|turn|28
|
|switch|p1a: Ritual Poison|Amoonguss, F|431\/431 par
|-damage|p1a: Ritual Poison|378\/431 par|[from] Stealth Rock
|move|p2a: Clefable|Calm Mind|p2a: Clefable
|-boost|p2a: Clefable|spa|1
|-boost|p2a: Clefable|spd|1
|
|-heal|p1a: Ritual Poison|404\/431 par|[from] item: Black Sludge
|turn|29
|
|move|p2a: Clefable|Flamethrower|p1a: Ritual Poison
|-supereffective|p1a: Ritual Poison
|-damage|p1a: Ritual Poison|228\/431 par
|move|p1a: Ritual Poison|Clear Smog|p2a: Clefable
|-supereffective|p2a: Clefable
|-damage|p2a: Clefable|328\/394 tox
|-clearboost|p2a: Clefable
|
|-heal|p2a: Clefable|352\/394 tox|[from] item: Leftovers
|-heal|p1a: Ritual Poison|254\/431 par|[from] item: Black Sludge
|turn|30
|
|move|p2a: Clefable|Flamethrower|p1a: Ritual Poison
|-supereffective|p1a: Ritual Poison
|-damage|p1a: Ritual Poison|142\/431 par
|move|p1a: Ritual Poison|Clear Smog|p2a: Clefable
|-supereffective|p2a: Clefable
|-damage|p2a: Clefable|254\/394 tox
|-clearboost|p2a: Clefable
|
|-heal|p2a: Clefable|278\/394 tox|[from] item: Leftovers
|-heal|p1a: Ritual Poison|168\/431 par|[from] item: Black Sludge
|turn|31
|
|move|p2a: Clefable|Calm Mind|p2a: Clefable
|-boost|p2a: Clefable|spa|1
|-boost|p2a: Clefable|spd|1
|cant|p1a: Ritual Poison|par
|
|-heal|p2a: Clefable|302\/394 tox|[from] item: Leftovers
|-heal|p1a: Ritual Poison|194\/431 par|[from] item: Black Sludge
|turn|32
|
|move|p2a: Clefable|Flamethrower|p1a: Ritual Poison
|-supereffective|p1a: Ritual Poison
|-damage|p1a: Ritual Poison|26\/431 par
|move|p1a: Ritual Poison|Clear Smog|p2a: Clefable
|-supereffective|p2a: Clefable
|-damage|p2a: Clefable|230\/394 tox
|-clearboost|p2a: Clefable
|
|-heal|p2a: Clefable|254\/394 tox|[from] item: Leftovers
|-heal|p1a: Ritual Poison|52\/431 par|[from] item: Black Sludge
|turn|33
|
|move|p2a: Clefable|Soft-Boiled|p2a: Clefable
|-heal|p2a: Clefable|394\/394 tox
|cant|p1a: Ritual Poison|par
|
|-heal|p1a: Ritual Poison|78\/431 par|[from] item: Black Sludge
|turn|34
|
|switch|p1a: Street Terrorism|Manectric-Mega, F, shiny|287\/287
|-damage|p1a: Street Terrorism|252\/287|[from] Stealth Rock
|-ability|p1a: Street Terrorism|Intimidate|[of] p2a: Clefable
|-unboost|p2a: Clefable|atk|1
|move|p2a: Clefable|Flamethrower|p1a: Street Terrorism
|-damage|p1a: Street Terrorism|172\/287
|
|turn|35
|
|move|p1a: Street Terrorism|Thunderbolt|p2a: Clefable
|-crit|p2a: Clefable
|-damage|p2a: Clefable|183\/394 tox
|move|p2a: Clefable|Soft-Boiled|p2a: Clefable
|-heal|p2a: Clefable|380\/394 tox
|
|-heal|p2a: Clefable|394\/394 tox|[from] item: Leftovers
|turn|36
|
|move|p1a: Street Terrorism|Volt Switch|p2a: Clefable
|-damage|p2a: Clefable|271\/394 tox
|
|switch|p1a: Show Of Force|Tyranitar, F|353\/403
|-damage|p1a: Show Of Force|303\/403|[from] Stealth Rock
|-weather|Sandstorm
|move|p2a: Clefable|Calm Mind|p2a: Clefable
|-boost|p2a: Clefable|spa|1
|-boost|p2a: Clefable|spd|1
|
|-weather|Sandstorm|[upkeep]
|-heal|p2a: Clefable|295\/394 tox|[from] item: Leftovers
|turn|37
|
|move|p1a: Show Of Force|Stone Edge|p2a: Clefable
|-damage|p2a: Clefable|148\/394 tox
|move|p2a: Clefable|Flamethrower|p1a: Show Of Force
|-resisted|p1a: Show Of Force
|-damage|p1a: Show Of Force|281\/403
|
|-weather|Sandstorm|[upkeep]
|-heal|p2a: Clefable|172\/394 tox|[from] item: Leftovers
|turn|38
|
|move|p1a: Show Of Force|Stone Edge|p2a: Clefable
|-damage|p2a: Clefable|16\/394 tox
|move|p2a: Clefable|Soft-Boiled|p2a: Clefable
|-heal|p2a: Clefable|213\/394 tox
|
|-weather|Sandstorm|[upkeep]
|-heal|p2a: Clefable|237\/394 tox|[from] item: Leftovers
|turn|39
|
|move|p1a: Show Of Force|Stone Edge|p2a: Clefable|[miss]
|-miss|p1a: Show Of Force|p2a: Clefable
|move|p2a: Clefable|Soft-Boiled|p2a: Clefable
|-heal|p2a: Clefable|394\/394 tox
|
|-weather|Sandstorm|[upkeep]
|turn|40
|
|move|p1a: Show Of Force|Stone Edge|p2a: Clefable
|-damage|p2a: Clefable|229\/394 tox
|move|p2a: Clefable|Moonblast|p1a: Show Of Force
|-supereffective|p1a: Show Of Force
|-damage|p1a: Show Of Force|141\/403
|-unboost|p1a: Show Of Force|spa|1
|
|-weather|none
|-heal|p2a: Clefable|253\/394 tox|[from] item: Leftovers
|turn|41
|
|move|p1a: Show Of Force|Stone Edge|p2a: Clefable
|-crit|p2a: Clefable
|-damage|p2a: Clefable|22\/394 tox
|move|p2a: Clefable|Soft-Boiled|p2a: Clefable
|-heal|p2a: Clefable|219\/394 tox
|
|-heal|p2a: Clefable|243\/394 tox|[from] item: Leftovers
|turn|42
|
|move|p1a: Show Of Force|Stone Edge|p2a: Clefable|[miss]
|-miss|p1a: Show Of Force|p2a: Clefable
|move|p2a: Clefable|Soft-Boiled|p2a: Clefable
|-heal|p2a: Clefable|394\/394 tox
|
|turn|43
|
|move|p1a: Show Of Force|Stone Edge|p2a: Clefable
|-damage|p2a: Clefable|237\/394 tox
|move|p2a: Clefable|Moonblast|p1a: Show Of Force
|-supereffective|p1a: Show Of Force
|-damage|p1a: Show Of Force|0 fnt
|faint|p1a: Show Of Force
|
|-heal|p2a: Clefable|261\/394 tox|[from] item: Leftovers
|
|switch|p1a: Psyclones|Ditto|150\/237
|-damage|p1a: Psyclones|121\/237|[from] Stealth Rock
|-transform|p1a: Psyclones|p2a: Clefable
|turn|44
|
|move|p1a: Psyclones|Moonblast|p2a: Clefable
|-damage|p2a: Clefable|167\/394 tox
|move|p2a: Clefable|Soft-Boiled|p2a: Clefable
|-heal|p2a: Clefable|364\/394 tox
|
|-heal|p2a: Clefable|388\/394 tox|[from] item: Leftovers
|turn|45
|
|move|p1a: Psyclones|Moonblast|p2a: Clefable
|-damage|p2a: Clefable|286\/394 tox
|-unboost|p2a: Clefable|spa|1
|move|p2a: Clefable|Calm Mind|p2a: Clefable
|-boost|p2a: Clefable|spa|1
|-boost|p2a: Clefable|spd|1
|
|-heal|p2a: Clefable|310\/394 tox|[from] item: Leftovers
|turn|46
|
|move|p1a: Psyclones|Moonblast|p2a: Clefable
|-damage|p2a: Clefable|240\/394 tox
|-unboost|p2a: Clefable|spa|1
|move|p2a: Clefable|Flamethrower|p1a: Psyclones
|-damage|p1a: Psyclones|82\/237
|
|-heal|p2a: Clefable|264\/394 tox|[from] item: Leftovers
|turn|47
|
|switch|p1a: Ritual Poison|Amoonguss, F|221\/431 par
|-damage|p1a: Ritual Poison|168\/431 par|[from] Stealth Rock
|move|p2a: Clefable|Calm Mind|p2a: Clefable
|-boost|p2a: Clefable|spa|1
|-boost|p2a: Clefable|spd|1
|
|-heal|p2a: Clefable|288\/394 tox|[from] item: Leftovers
|-heal|p1a: Ritual Poison|194\/431 par|[from] item: Black Sludge
|turn|48
|
|move|p2a: Clefable|Flamethrower|p1a: Ritual Poison
|-supereffective|p1a: Ritual Poison
|-damage|p1a: Ritual Poison|24\/431 par
|cant|p1a: Ritual Poison|par
|
|-heal|p2a: Clefable|312\/394 tox|[from] item: Leftovers
|-heal|p1a: Ritual Poison|50\/431 par|[from] item: Black Sludge
|turn|49
|chat|nothin but a god|.
|
|switch|p1a: Premonitions|Gothitelle, M, shiny|165\/301
|-damage|p1a: Premonitions|128\/301|[from] Stealth Rock
|move|p2a: Clefable|Moonblast|p1a: Premonitions
|-damage|p1a: Premonitions|0 fnt
|faint|p1a: Premonitions
|
|-heal|p2a: Clefable|336\/394 tox|[from] item: Leftovers
|chat|Neo AE|enjoy lol
|
|switch|p1a: Street Terrorism|Manectric-Mega, F, shiny|172\/287
|-damage|p1a: Street Terrorism|137\/287|[from] Stealth Rock
|-ability|p1a: Street Terrorism|Intimidate|[of] p2a: Clefable
|-unboost|p2a: Clefable|atk|1
|turn|50
|
|move|p1a: Street Terrorism|Thunderbolt|p2a: Clefable
|-crit|p2a: Clefable
|-damage|p2a: Clefable|117\/394 tox
|move|p2a: Clefable|Flamethrower|p1a: Street Terrorism
|-damage|p1a: Street Terrorism|17\/287
|
|-heal|p2a: Clefable|141\/394 tox|[from] item: Leftovers
|turn|51
|
|move|p1a: Street Terrorism|Thunderbolt|p2a: Clefable
|-damage|p2a: Clefable|81\/394 tox
|move|p2a: Clefable|Soft-Boiled|p2a: Clefable
|-heal|p2a: Clefable|278\/394 tox
|
|-heal|p2a: Clefable|302\/394 tox|[from] item: Leftovers
|turn|52
|
|move|p1a: Street Terrorism|Thunderbolt|p2a: Clefable
|-damage|p2a: Clefable|236\/394 tox
|move|p2a: Clefable|Soft-Boiled|p2a: Clefable
|-heal|p2a: Clefable|394\/394 tox
|
|turn|53
|
|move|p1a: Street Terrorism|Thunderbolt|p2a: Clefable
|-damage|p2a: Clefable|333\/394 tox
|move|p2a: Clefable|Flamethrower|p1a: Street Terrorism
|-damage|p1a: Street Terrorism|0 fnt
|faint|p1a: Street Terrorism
|
|-heal|p2a: Clefable|357\/394 tox|[from] item: Leftovers
|
|switch|p1a: Ritual Poison|Amoonguss, F|193\/431 par
|-damage|p1a: Ritual Poison|140\/431 par|[from] Stealth Rock
|turn|54
|
|switch|p1a: Psyclones|Ditto|82\/237
|-damage|p1a: Psyclones|53\/237|[from] Stealth Rock
|-transform|p1a: Psyclones|p2a: Clefable
|move|p2a: Clefable|Flamethrower|p1a: Psyclones
|-damage|p1a: Psyclones|18\/237
|
|-heal|p2a: Clefable|381\/394 tox|[from] item: Leftovers
|turn|55
|
|move|p1a: Psyclones|Moonblast|p2a: Clefable
|-damage|p2a: Clefable|323\/394 tox
|move|p2a: Clefable|Flamethrower|p1a: Psyclones
|-damage|p1a: Psyclones|0 fnt
|faint|p1a: Psyclones
|
|-heal|p2a: Clefable|347\/394 tox|[from] item: Leftovers
|
|switch|p1a: Ritual Poison|Amoonguss, F|283\/431 par
|-damage|p1a: Ritual Poison|230\/431 par|[from] Stealth Rock
|turn|56
|
|move|p2a: Clefable|Flamethrower|p1a: Ritual Poison
|-supereffective|p1a: Ritual Poison
|-damage|p1a: Ritual Poison|64\/431 par
|move|p1a: Ritual Poison|Clear Smog|p2a: Clefable
|-supereffective|p2a: Clefable
|-damage|p2a: Clefable|309\/394 tox
|-clearboost|p2a: Clefable
|
|-heal|p2a: Clefable|333\/394 tox|[from] item: Leftovers
|-heal|p1a: Ritual Poison|90\/431 par|[from] item: Black Sludge
|turn|57
|
|move|p2a: Clefable|Flamethrower|p1a: Ritual Poison
|-supereffective|p1a: Ritual Poison
|-damage|p1a: Ritual Poison|0 fnt
|faint|p1a: Ritual Poison
|
|-heal|p2a: Clefable|357\/394 tox|[from] item: Leftovers
|
|switch|p1a: Pico Union Distric|Gliscor, F, shiny|352\/352 tox
|-damage|p1a: Pico Union Distric|308\/352 tox|[from] Stealth Rock
|turn|58
|
|move|p1a: Pico Union Distric|Earthquake|p2a: Clefable
|-damage|p2a: Clefable|230\/394 tox
|move|p2a: Clefable|Calm Mind|p2a: Clefable
|-boost|p2a: Clefable|spa|1
|-boost|p2a: Clefable|spd|1
|
|-heal|p2a: Clefable|254\/394 tox|[from] item: Leftovers
|-heal|p1a: Pico Union Distric|352\/352 tox|[from] ability: Poison Heal
|turn|59
|
|move|p1a: Pico Union Distric|Earthquake|p2a: Clefable
|-damage|p2a: Clefable|140\/394 tox
|move|p2a: Clefable|Soft-Boiled|p2a: Clefable
|-heal|p2a: Clefable|337\/394 tox
|
|-heal|p2a: Clefable|361\/394 tox|[from] item: Leftovers
|turn|60
|chat|nothin but a god|why are you running spdef cm fable
|chat|Neo AE|i dont have full sp def investment lol
|chat|nothin but a god|ik but its bad
|chat|nothin but a god|you should run max max
|-message|nothin but a god forfeited.
|
|win|Neo AE
|raw|Ladder updating...
|leave|nothin but a god
|chat|Neo AE|just enough to ensure not to get 2hko'd by certain mons lol
|player|p1
|chat|Neo AE|LOL
|raw|nothin but a god's rating: 1856 &rarr; <strong>1830<\/strong><br \/>(-26 for losing)
|raw|Neo AE's rating: 1751 &rarr; <strong>1776<\/strong><br \/>(+25 for winning)