|join|Neo AE
|join|cbz
|player|p1|Neo AE|153
|player|p2|cbz|290
|gametype|singles
|gen|6
|tier|OU
|rated
|clearpoke
|poke|p1|Venusaur, F
|poke|p1|Clefable, M
|poke|p1|Heatran, M
|poke|p1|Mandibuzz, F
|poke|p1|Azumarill, F
|poke|p1|Landorus, M
|poke|p2|Slowbro, F
|poke|p2|Latios, M
|poke|p2|Heatran, F
|poke|p2|Scizor, M
|poke|p2|Clefable, F
|poke|p2|Terrakion
|rule|Swagger Clause: Swagger is banned
|rule|Baton Pass Clause: Limit one PokÃ©mon knowing Baton Pass
|rule|Sleep Clause Mod: Limit one foe put to sleep
|rule|Species Clause: Limit one of each PokÃ©mon
|rule|OHKO Clause: OHKO moves are banned
|rule|Moody Clause: Moody is banned
|rule|Evasion Moves Clause: Evasion moves are banned
|rule|Endless Battle Clause: Forcing endless battles is banned
|rule|HP Percentage Mod: HP is reported as percentages
|teampreview
|
|start
|switch|p1a: Azumarill|Azumarill, F|404\/404
|switch|p2a: credits to tele|Heatran, F|385\/385
|turn|1
|
|switch|p2a: credits to tele|Scizor, M|342\/342
|switch|p1a: Venusaur|Venusaur, F|364\/364
|
|turn|2
|
|switch|p2a: credits to tele|Heatran, F|385\/385
|detailschange|p1a: Venusaur|Venusaur-Mega, F
|message|Venusaur has Mega Evolved into Mega Venusaur!
|move|p1a: Venusaur|Sleep Powder|p2a: credits to tele|[miss]
|-miss|p1a: Venusaur|p2a: credits to tele
|
|turn|3
|
|move|p1a: Venusaur|Sleep Powder|p2a: credits to tele
|-status|p2a: credits to tele|slp
|cant|p2a: credits to tele|slp
|
|turn|4
|
|switch|p1a: Heatran|Heatran, M|386\/386
|-curestatus|p2a: credits to tele|slp
|move|p2a: credits to tele|Lava Plume|p1a: Heatran
|-start|p1a: Heatran|ability: Flash Fire
|
|turn|5
|
|move|p1a: Heatran|Stealth Rock|p2a: credits to tele
|-sidestart|p2: cbz|move: Stealth Rock
|move|p2a: credits to tele|Stealth Rock|p1a: Heatran
|-sidestart|p1: Neo AE|move: Stealth Rock
|
|turn|6
|
|move|p2a: credits to tele|Protect|p2a: credits to tele
|-singleturn|p2a: credits to tele|Protect
|move|p1a: Heatran|Lava Plume|p2a: credits to tele
|-activate|p2a: credits to tele|Protect
|
|turn|7
|
|move|p1a: Heatran|Toxic|p2a: credits to tele
|-fail|p2a: credits to tele
|move|p2a: credits to tele|Lava Plume|p1a: Heatran
|-immune|p1a: Heatran|[msg]
|
|turn|8
|
|move|p1a: Heatran|Toxic|p2a: credits to tele
|-fail|p2a: credits to tele
|move|p2a: credits to tele|Toxic|p1a: Heatran|[miss]
|-miss|p2a: credits to tele|p1a: Heatran
|
|turn|9
|
|move|p1a: Heatran|Stealth Rock|p2a: credits to tele
|-fail|p2a: credits to tele
|move|p2a: credits to tele|Toxic|p1a: Heatran
|-fail|p1a: Heatran
|
|turn|10
|
|move|p1a: Heatran|Toxic|p2a: credits to tele|[miss]
|-miss|p1a: Heatran|p2a: credits to tele
|move|p2a: credits to tele|Stealth Rock|p1a: Heatran
|-fail|p1a: Heatran
|
|turn|11
|
|move|p1a: Heatran|Toxic|p2a: credits to tele
|-fail|p2a: credits to tele
|move|p2a: credits to tele|Toxic|p1a: Heatran|[miss]
|-miss|p2a: credits to tele|p1a: Heatran
|
|turn|12
|
|move|p1a: Heatran|Toxic|p2a: credits to tele
|-fail|p2a: credits to tele
|move|p2a: credits to tele|Toxic|p1a: Heatran
|-fail|p1a: Heatran
|
|turn|13
|
|move|p1a: Heatran|Lava Plume|p2a: credits to tele
|-start|p2a: credits to tele|ability: Flash Fire
|move|p2a: credits to tele|Toxic|p1a: Heatran
|-fail|p1a: Heatran
|
|turn|14
|
|move|p1a: Heatran|Toxic|p2a: credits to tele
|-fail|p2a: credits to tele
|move|p2a: credits to tele|Toxic|p1a: Heatran|[miss]
|-miss|p2a: credits to tele|p1a: Heatran
|
|turn|15
|
|move|p2a: credits to tele|Protect|p2a: credits to tele
|-singleturn|p2a: credits to tele|Protect
|move|p1a: Heatran|Stealth Rock|p2a: credits to tele
|-fail|p2a: credits to tele
|
|turn|16
|
|move|p1a: Heatran|Stealth Rock|p2a: credits to tele
|-fail|p2a: credits to tele
|move|p2a: credits to tele|Stealth Rock|p1a: Heatran
|-fail|p1a: Heatran
|
|turn|17
|
|move|p1a: Heatran|Stealth Rock|p2a: credits to tele
|-fail|p2a: credits to tele
|move|p2a: credits to tele|Toxic|p1a: Heatran
|-fail|p1a: Heatran
|
|turn|18
|
|move|p1a: Heatran|Lava Plume|p2a: credits to tele
|-immune|p2a: credits to tele|[msg]
|move|p2a: credits to tele|Stealth Rock|p1a: Heatran
|-fail|p1a: Heatran
|
|turn|19
|
|move|p1a: Heatran|Stealth Rock|p2a: credits to tele
|-fail|p2a: credits to tele
|move|p2a: credits to tele|Toxic|p1a: Heatran|[miss]
|-miss|p2a: credits to tele|p1a: Heatran
|
|turn|20
|
|move|p1a: Heatran|Toxic|p2a: credits to tele
|-fail|p2a: credits to tele
|move|p2a: credits to tele|Stealth Rock|p1a: Heatran
|-fail|p1a: Heatran
|
|turn|21
|
|move|p2a: credits to tele|Protect|p2a: credits to tele
|-singleturn|p2a: credits to tele|Protect
|move|p1a: Heatran|Toxic|p2a: credits to tele
|-activate|p2a: credits to tele|Protect
|
|turn|22
|
|move|p1a: Heatran|Toxic|p2a: credits to tele
|-fail|p2a: credits to tele
|move|p2a: credits to tele|Toxic|p1a: Heatran
|-fail|p1a: Heatran
|
|turn|23
|
|move|p1a: Heatran|Toxic|p2a: credits to tele
|-fail|p2a: credits to tele
|move|p2a: credits to tele|Stealth Rock|p1a: Heatran
|-fail|p1a: Heatran
|
|turn|24
|
|move|p1a: Heatran|Toxic|p2a: credits to tele
|-fail|p2a: credits to tele
|move|p2a: credits to tele|Stealth Rock|p1a: Heatran
|-fail|p1a: Heatran
|
|turn|25
|
|move|p1a: Heatran|Toxic|p2a: credits to tele
|-fail|p2a: credits to tele
|move|p2a: credits to tele|Stealth Rock|p1a: Heatran
|-fail|p1a: Heatran
|
|turn|26
|chat|cbz|lol
|
|move|p1a: Heatran|Stealth Rock|p2a: credits to tele
|-fail|p2a: credits to tele
|move|p2a: credits to tele|Stealth Rock|p1a: Heatran
|-fail|p1a: Heatran
|
|turn|27
|
|move|p1a: Heatran|Stealth Rock|p2a: credits to tele
|-fail|p2a: credits to tele
|move|p2a: credits to tele|Stealth Rock|p1a: Heatran
|-fail|p1a: Heatran
|
|turn|28
|
|move|p1a: Heatran|Stealth Rock|p2a: credits to tele
|-fail|p2a: credits to tele
|move|p2a: credits to tele|Lava Plume|p1a: Heatran
|-immune|p1a: Heatran|[msg]
|
|turn|29
|
|move|p1a: Heatran|Lava Plume|p2a: credits to tele
|-immune|p2a: credits to tele|[msg]
|move|p2a: credits to tele|Stealth Rock|p1a: Heatran
|-fail|p1a: Heatran
|
|turn|30
|
|move|p1a: Heatran|Lava Plume|p2a: credits to tele
|-immune|p2a: credits to tele|[msg]
|move|p2a: credits to tele|Stealth Rock|p1a: Heatran
|-fail|p1a: Heatran
|
|turn|31
|
|move|p1a: Heatran|Stealth Rock|p2a: credits to tele
|-fail|p2a: credits to tele
|move|p2a: credits to tele|Lava Plume|p1a: Heatran
|-immune|p1a: Heatran|[msg]
|
|turn|32
|
|move|p1a: Heatran|Stealth Rock|p2a: credits to tele
|-fail|p2a: credits to tele
|move|p2a: credits to tele|Stealth Rock|p1a: Heatran
|-fail|p1a: Heatran
|
|turn|33
|
|move|p1a: Heatran|Stealth Rock|p2a: credits to tele
|-fail|p2a: credits to tele
|move|p2a: credits to tele|Stealth Rock|p1a: Heatran
|-fail|p1a: Heatran
|
|turn|34
|chat|cbz|lel
|
|move|p1a: Heatran|Lava Plume|p2a: credits to tele
|-immune|p2a: credits to tele|[msg]
|move|p2a: credits to tele|Stealth Rock|p1a: Heatran
|-fail|p1a: Heatran
|
|turn|35
|chat|cbz|both so desperate to get a plume off
|
|move|p1a: Heatran|Stealth Rock|p2a: credits to tele
|-fail|p2a: credits to tele
|move|p2a: credits to tele|Stealth Rock|p1a: Heatran
|-fail|p1a: Heatran
|
|turn|36
|chat|Neo AE|xD
|
|move|p2a: credits to tele|Protect|p2a: credits to tele
|-singleturn|p2a: credits to tele|Protect
|move|p1a: Heatran|Stealth Rock|p2a: credits to tele
|-fail|p2a: credits to tele
|
|turn|37
|
|move|p1a: Heatran|Stealth Rock|p2a: credits to tele
|-fail|p2a: credits to tele
|move|p2a: credits to tele|Lava Plume|p1a: Heatran
|-immune|p1a: Heatran|[msg]
|
|turn|38
|
|move|p1a: Heatran|Lava Plume|p2a: credits to tele
|-immune|p2a: credits to tele|[msg]
|move|p2a: credits to tele|Stealth Rock|p1a: Heatran
|-fail|p1a: Heatran
|
|turn|39
|
|move|p1a: Heatran|Stealth Rock|p2a: credits to tele
|-fail|p2a: credits to tele
|move|p2a: credits to tele|Stealth Rock|p1a: Heatran
|-fail|p1a: Heatran
|
|turn|40
|
|move|p1a: Heatran|Toxic|p2a: credits to tele|[miss]
|-miss|p1a: Heatran|p2a: credits to tele
|move|p2a: credits to tele|Stealth Rock|p1a: Heatran
|-fail|p1a: Heatran
|
|turn|41
|chat|cbz|come on kiddo...
|
|move|p2a: credits to tele|Protect|p2a: credits to tele
|-singleturn|p2a: credits to tele|Protect
|move|p1a: Heatran|Lava Plume|p2a: credits to tele
|-activate|p2a: credits to tele|Protect
|
|turn|42
|
|move|p1a: Heatran|Lava Plume|p2a: credits to tele
|-immune|p2a: credits to tele|[msg]
|move|p2a: credits to tele|Stealth Rock|p1a: Heatran
|-fail|p1a: Heatran
|
|turn|43
|chat|cbz|reveal the e power already
|
|move|p1a: Heatran|Stealth Rock|p2a: credits to tele
|-fail|p2a: credits to tele
|move|p2a: credits to tele|Toxic|p1a: Heatran
|-fail|p1a: Heatran
|
|turn|44
|chat|Neo AE|yh cuz i would save it till i ran out of pp :P
|
|move|p1a: Heatran|Lava Plume|p2a: credits to tele
|-immune|p2a: credits to tele|[msg]
|move|p2a: credits to tele|Stealth Rock|p1a: Heatran
|-fail|p1a: Heatran
|
|turn|45
|
|move|p1a: Heatran|Stealth Rock|p2a: credits to tele
|-fail|p2a: credits to tele
|move|p2a: credits to tele|Stealth Rock|p1a: Heatran
|-fail|p1a: Heatran
|
|turn|46
|chat|cbz|what's yr last move?
|chat|cbz|protect?
|chat|Neo AE|ull see
|
|move|p1a: Heatran|Stealth Rock|p2a: credits to tele
|-fail|p2a: credits to tele
|move|p2a: credits to tele|Stealth Rock|p1a: Heatran
|-fail|p1a: Heatran
|
|turn|47
|chat|Neo AE|eventually lol
|
|move|p1a: Heatran|Stealth Rock|p2a: credits to tele
|-fail|p2a: credits to tele
|move|p2a: credits to tele|Stealth Rock|p1a: Heatran
|-fail|p1a: Heatran
|
|turn|48
|
|move|p1a: Heatran|Stealth Rock|p2a: credits to tele
|-fail|p2a: credits to tele
|move|p2a: credits to tele|Stealth Rock|p1a: Heatran
|-fail|p1a: Heatran
|
|turn|49
|
|move|p1a: Heatran|Stealth Rock|p2a: credits to tele
|-fail|p2a: credits to tele
|move|p2a: credits to tele|Stealth Rock|p1a: Heatran
|-fail|p1a: Heatran
|
|turn|50
|
|move|p1a: Heatran|Toxic|p2a: credits to tele|[miss]
|-miss|p1a: Heatran|p2a: credits to tele
|move|p2a: credits to tele|Stealth Rock|p1a: Heatran
|-fail|p1a: Heatran
|
|turn|51
|
|move|p1a: Heatran|Stealth Rock|p2a: credits to tele
|-fail|p2a: credits to tele
|move|p2a: credits to tele|Stealth Rock|p1a: Heatran
|-fail|p1a: Heatran
|
|turn|52
|
|move|p1a: Heatran|Stealth Rock|p2a: credits to tele
|-fail|p2a: credits to tele
|move|p2a: credits to tele|Stealth Rock|p1a: Heatran
|-fail|p1a: Heatran
|
|turn|53
|chat|cbz|REVEAL IT
|chat|cbz|LORD
|
|move|p1a: Heatran|Stealth Rock|p2a: credits to tele
|-fail|p2a: credits to tele
|move|p2a: credits to tele|Stealth Rock|p1a: Heatran
|-fail|p1a: Heatran
|
|turn|54
|
|move|p1a: Heatran|Stealth Rock|p2a: credits to tele
|-fail|p2a: credits to tele
|move|p2a: credits to tele|Toxic|p1a: Heatran
|-fail|p1a: Heatran
|
|turn|55
|chat|Neo AE|maybe i just play with 3 moves :o
|
|move|p1a: Heatran|Stealth Rock|p2a: credits to tele
|-fail|p2a: credits to tele
|move|p2a: credits to tele|Stealth Rock|p1a: Heatran
|-fail|p1a: Heatran
|
|turn|56
|chat|cbz|:o
|
|move|p1a: Heatran|Stealth Rock|p2a: credits to tele
|-fail|p2a: credits to tele
|move|p2a: credits to tele|Toxic|p1a: Heatran
|-fail|p1a: Heatran
|
|turn|57
|
|move|p1a: Heatran|Lava Plume|p2a: credits to tele
|-immune|p2a: credits to tele|[msg]
|move|p2a: credits to tele|Stealth Rock|p1a: Heatran
|-fail|p1a: Heatran
|
|turn|58
|
|move|p1a: Heatran|Stealth Rock|p2a: credits to tele
|-fail|p2a: credits to tele
|move|p2a: credits to tele|Toxic|p1a: Heatran
|-fail|p1a: Heatran
|
|turn|59
|
|move|p2a: credits to tele|Protect|p2a: credits to tele
|-singleturn|p2a: credits to tele|Protect
|move|p1a: Heatran|Stealth Rock|p2a: credits to tele
|-fail|p2a: credits to tele
|
|turn|60
|
|move|p1a: Heatran|Lava Plume|p2a: credits to tele
|-immune|p2a: credits to tele|[msg]
|move|p2a: credits to tele|Lava Plume|p1a: Heatran
|-immune|p1a: Heatran|[msg]
|
|turn|61
|
|move|p1a: Heatran|Lava Plume|p2a: credits to tele
|-immune|p2a: credits to tele|[msg]
|move|p2a: credits to tele|Lava Plume|p1a: Heatran
|-immune|p1a: Heatran|[msg]
|
|turn|62
|chat|Neo AE|lol
|
|move|p1a: Heatran|Stealth Rock|p2a: credits to tele
|-fail|p2a: credits to tele
|move|p2a: credits to tele|Lava Plume|p1a: Heatran
|-immune|p1a: Heatran|[msg]
|
|turn|63
|
|move|p1a: Heatran|Lava Plume|p2a: credits to tele
|-immune|p2a: credits to tele|[msg]
|move|p2a: credits to tele|Toxic|p1a: Heatran
|-fail|p1a: Heatran
|
|turn|64
|
|move|p1a: Heatran|Toxic|p2a: credits to tele
|-fail|p2a: credits to tele
|move|p2a: credits to tele|Toxic|p1a: Heatran|[miss]
|-miss|p2a: credits to tele|p1a: Heatran
|
|turn|65
|
|move|p2a: credits to tele|Protect|p2a: credits to tele
|-singleturn|p2a: credits to tele|Protect
|move|p1a: Heatran|Lava Plume|p2a: credits to tele
|-activate|p2a: credits to tele|Protect
|
|turn|66
|chat|Neo AE|ok cba anymore lol
|
|move|p2a: credits to tele|Lava Plume|p1a: Heatran
|-immune|p1a: Heatran|[msg]
|move|p1a: Heatran|Roar|p2a: credits to tele
|drag|p2a: credits to tele|Clefable, F|394\/394
|
|turn|67
|chat|cbz|LOOOOOOOOOOOOL
|chat|cbz|WHY DIN YOU DO THAT
|chat|cbz|LIKE
|chat|cbz|60 YRS AGO
|chat|Neo AE|y didnt u switch out like 69 yrs ago
|
|switch|p2a: credits to tele|Heatran, F|385\/385
|-damage|p2a: credits to tele|337\/385|[from] Stealth Rock
|move|p1a: Heatran|Lava Plume|p2a: credits to tele
|-start|p2a: credits to tele|ability: Flash Fire
|
|-heal|p2a: credits to tele|361\/385|[from] item: Leftovers
|turn|68
|chat|Neo AE|here we go again
|chat|cbz|lel
|
|move|p2a: credits to tele|Protect|p2a: credits to tele
|-singleturn|p2a: credits to tele|Protect
|move|p1a: Heatran|Lava Plume|p2a: credits to tele
|-activate|p2a: credits to tele|Protect
|
|-heal|p2a: credits to tele|385\/385|[from] item: Leftovers
|turn|69
|
|move|p2a: credits to tele|Protect|p2a: credits to tele
|-singleturn|p2a: credits to tele|Protect
|move|p1a: Heatran|Lava Plume|p2a: credits to tele
|-activate|p2a: credits to tele|Protect
|
|turn|70
|
|move|p2a: credits to tele|Protect|p2a: credits to tele
|-singleturn|p2a: credits to tele|Protect
|move|p1a: Heatran|Roar|p2a: credits to tele
|drag|p2a: credits to tele|Scizor, M|342\/342
|-damage|p2a: credits to tele|300\/342|[from] Stealth Rock
|
|turn|71
|
|switch|p2a: credits to tele|Heatran, F|385\/385
|-damage|p2a: credits to tele|337\/385|[from] Stealth Rock
|move|p1a: Heatran|Roar|p2a: credits to tele
|drag|p2a: tele|Slowbro, F|394\/394
|-damage|p2a: tele|345\/394|[from] Stealth Rock
|
|-heal|p2a: tele|369\/394|[from] item: Leftovers
|turn|72
|
|switch|p2a: credits to tele|Heatran, F|337\/385
|-damage|p2a: credits to tele|289\/385|[from] Stealth Rock
|move|p1a: Heatran|Toxic|p2a: credits to tele
|-fail|p2a: credits to tele
|
|-heal|p2a: credits to tele|313\/385|[from] item: Leftovers
|turn|73
|
|move|p2a: credits to tele|Lava Plume|p1a: Heatran
|-immune|p1a: Heatran|[msg]
|move|p1a: Heatran|Roar|p2a: credits to tele
|drag|p2a: tele|Slowbro, F|394\/394
|-damage|p2a: tele|345\/394|[from] Stealth Rock
|
|-heal|p2a: tele|369\/394|[from] item: Leftovers
|turn|74
|
|move|p2a: tele|Thunder Wave|p1a: Heatran
|-status|p1a: Heatran|par
|move|p1a: Heatran|Roar|p2a: tele
|drag|p2a: credits to tele|Heatran, F|313\/385
|-damage|p2a: credits to tele|265\/385|[from] Stealth Rock
|
|-heal|p2a: credits to tele|289\/385|[from] item: Leftovers
|turn|75
|chat|Neo AE|just not terrakion pls xD
|
|move|p2a: credits to tele|Protect|p2a: credits to tele
|-singleturn|p2a: credits to tele|Protect
|move|p1a: Heatran|Roar|p2a: credits to tele
|drag|p2a: credits to tele|Terrakion|324\/324
|-damage|p2a: credits to tele|304\/324|[from] Stealth Rock
|
|turn|76
|chat|Neo AE|y did i say it
|
|switch|p1a: Venusaur|Venusaur-Mega, F|364\/364
|-damage|p1a: Venusaur|319\/364|[from] Stealth Rock
|move|p2a: credits to tele|Stone Edge|p1a: Venusaur|[miss]
|-miss|p2a: credits to tele|p1a: Venusaur
|
|turn|77
|
|switch|p2a: credits to tele|Heatran, F|289\/385
|-damage|p2a: credits to tele|241\/385|[from] Stealth Rock
|move|p1a: Venusaur|Sleep Powder|p2a: credits to tele|[miss]
|-miss|p1a: Venusaur|p2a: credits to tele
|
|-heal|p2a: credits to tele|265\/385|[from] item: Leftovers
|turn|78
|
|switch|p1a: Heatran|Heatran, M|386\/386 par
|-damage|p1a: Heatran|338\/386 par|[from] Stealth Rock
|move|p2a: credits to tele|Lava Plume|p1a: Heatran
|-start|p1a: Heatran|ability: Flash Fire
|
|-heal|p2a: credits to tele|289\/385|[from] item: Leftovers
|-heal|p1a: Heatran|362\/386 par|[from] item: Leftovers
|turn|79
|
|switch|p1a: Clefable|Clefable, M|394\/394
|move|p2a: credits to tele|Protect|p2a: credits to tele
|-fail|p2a: credits to tele
|
|-heal|p2a: credits to tele|313\/385|[from] item: Leftovers
|turn|80
|
|move|p2a: credits to tele|Lava Plume|p1a: Clefable
|-damage|p1a: Clefable|276\/394
|move|p1a: Clefable|Calm Mind|p1a: Clefable
|-boost|p1a: Clefable|spa|1
|-boost|p1a: Clefable|spd|1
|
|-heal|p2a: credits to tele|337\/385|[from] item: Leftovers
|-heal|p1a: Clefable|300\/394|[from] item: Leftovers
|turn|81
|
|switch|p2a: credits to tele|Latios, M|302\/302
|-damage|p2a: credits to tele|265\/302|[from] Stealth Rock
|move|p1a: Clefable|Calm Mind|p1a: Clefable
|-boost|p1a: Clefable|spa|1
|-boost|p1a: Clefable|spd|1
|
|-heal|p1a: Clefable|324\/394|[from] item: Leftovers
|turn|82
|
|switch|p1a: Heatran|Heatran, M|362\/386 par
|-damage|p1a: Heatran|314\/386 par|[from] Stealth Rock
|move|p2a: credits to tele|Trick|p1a: Heatran
|-activate|p2a: credits to tele|move: Trick|[of] p1a: Heatran
|-item|p1a: Heatran|Choice Scarf|[from] move: Trick
|-item|p2a: credits to tele|Leftovers|[from] move: Trick
|
|-heal|p2a: credits to tele|283\/302|[from] item: Leftovers
|turn|83
|
|switch|p2a: credits to tele|Heatran, F|337\/385
|-damage|p2a: credits to tele|289\/385|[from] Stealth Rock
|move|p1a: Heatran|Roar|p2a: credits to tele
|drag|p2a: credits to tele|Latios, M|283\/302
|-damage|p2a: credits to tele|246\/302|[from] Stealth Rock
|
|-heal|p2a: credits to tele|264\/302|[from] item: Leftovers
|turn|84
|
|move|p2a: credits to tele|Psyshock|p1a: Heatran
|-resisted|p1a: Heatran
|-damage|p1a: Heatran|249\/386 par
|move|p1a: Heatran|Roar|p2a: credits to tele
|drag|p2a: tele|Slowbro, F|394\/394
|-damage|p2a: tele|345\/394|[from] Stealth Rock
|
|-heal|p2a: tele|369\/394|[from] item: Leftovers
|turn|85
|
|switch|p1a: Clefable|Clefable, M|324\/394
|move|p2a: tele|Scald|p1a: Clefable
|-damage|p1a: Clefable|212\/394
|-status|p1a: Clefable|brn
|
|-heal|p1a: Clefable|236\/394 brn|[from] item: Leftovers
|-heal|p2a: tele|393\/394|[from] item: Leftovers
|turn|86
|
|move|p1a: Clefable|Moonblast|p2a: tele
|-damage|p2a: tele|275\/394
|move|p2a: tele|Psyshock|p1a: Clefable
|-damage|p1a: Clefable|160\/394 brn
|
|-heal|p1a: Clefable|184\/394 brn|[from] item: Leftovers
|-heal|p2a: tele|299\/394|[from] item: Leftovers
|turn|87
|
|switch|p2a: credits to tele|Clefable, F|394\/394
|move|p1a: Clefable|Soft-Boiled|p1a: Clefable
|-heal|p1a: Clefable|381\/394 brn
|
|-heal|p1a: Clefable|394\/394 brn|[from] item: Leftovers
|turn|88
|
|move|p2a: credits to tele|Calm Mind|p2a: credits to tele
|-boost|p2a: credits to tele|spa|1
|-boost|p2a: credits to tele|spd|1
|move|p1a: Clefable|Calm Mind|p1a: Clefable
|-boost|p1a: Clefable|spa|1
|-boost|p1a: Clefable|spd|1
|
|turn|89
|
|move|p2a: credits to tele|Calm Mind|p2a: credits to tele
|-boost|p2a: credits to tele|spa|1
|-boost|p2a: credits to tele|spd|1
|move|p1a: Clefable|Moonblast|p2a: credits to tele
|-damage|p2a: credits to tele|322\/394
|
|-heal|p2a: credits to tele|346\/394|[from] item: Leftovers
|turn|90
|
|switch|p1a: Heatran|Heatran, M|249\/386 par
|-damage|p1a: Heatran|201\/386 par|[from] Stealth Rock
|move|p2a: credits to tele|Moonblast|p1a: Heatran
|-resisted|p1a: Heatran
|-damage|p1a: Heatran|164\/386 par
|
|-heal|p2a: credits to tele|370\/394|[from] item: Leftovers
|turn|91
|
|move|p2a: credits to tele|Moonblast|p1a: Heatran
|-resisted|p1a: Heatran
|-damage|p1a: Heatran|125\/386 par
|cant|p1a: Heatran|par
|
|-heal|p2a: credits to tele|394\/394|[from] item: Leftovers
|turn|92
|
|move|p2a: credits to tele|Moonblast|p1a: Heatran
|-resisted|p1a: Heatran
|-damage|p1a: Heatran|89\/386 par
|cant|p1a: Heatran|par
|
|turn|93
|chat|cbz|lmao
|chat|Neo AE|...
|chat|cbz|if i kill it
|chat|cbz|it'd be funny as hell
|
|move|p2a: credits to tele|Moonblast|p1a: Heatran
|-resisted|p1a: Heatran
|-damage|p1a: Heatran|54\/386 par
|cant|p1a: Heatran|par
|
|turn|94
|chat|Neo AE|WTF
|chat|cbz|AH
|chat|cbz|ONE MORE
|
|move|p2a: credits to tele|Moonblast|p1a: Heatran
|-resisted|p1a: Heatran
|-damage|p1a: Heatran|14\/386 par
|move|p1a: Heatran|Roar|p2a: credits to tele
|drag|p2a: credits to tele|Latios, M|264\/302
|-damage|p2a: credits to tele|227\/302|[from] Stealth Rock
|
|-heal|p2a: credits to tele|245\/302|[from] item: Leftovers
|turn|95
|chat|cbz|OF COURSE
|chat|cbz|ARGH
|chat|cbz|WHEN I WAS SO CLOSE
|chat|cbz|LOL
|chat|Neo AE|3 times a row ffs
|
|move|p2a: credits to tele|Trick|p1a: Heatran
|-activate|p2a: credits to tele|move: Trick|[of] p1a: Heatran
|-item|p1a: Heatran|Leftovers|[from] move: Trick
|-item|p2a: credits to tele|Choice Scarf|[from] move: Trick
|move|p1a: Heatran|Roar|p2a: credits to tele
|drag|p2a: credits to tele|Clefable, F|394\/394
|
|-heal|p1a: Heatran|38\/386 par|[from] item: Leftovers
|turn|96
|
|switch|p2a: tele|Slowbro, F|394\/394
|-damage|p2a: tele|345\/394|[from] Stealth Rock
|cant|p1a: Heatran|par
|
|-heal|p2a: tele|369\/394|[from] item: Leftovers
|-heal|p1a: Heatran|62\/386 par|[from] item: Leftovers
|turn|97
|chat|Neo AE|...
|
|switch|p1a: Clefable|Clefable, M|394\/394 brn
|move|p2a: tele|Scald|p1a: Clefable
|-damage|p1a: Clefable|288\/394 brn
|
|-heal|p1a: Clefable|312\/394 brn|[from] item: Leftovers
|-heal|p2a: tele|393\/394|[from] item: Leftovers
|turn|98
|
|switch|p2a: credits to tele|Clefable, F|394\/394
|move|p1a: Clefable|Calm Mind|p1a: Clefable
|-boost|p1a: Clefable|spa|1
|-boost|p1a: Clefable|spd|1
|
|-heal|p1a: Clefable|336\/394 brn|[from] item: Leftovers
|turn|99
|
|move|p1a: Clefable|Calm Mind|p1a: Clefable
|-boost|p1a: Clefable|spa|1
|-boost|p1a: Clefable|spd|1
|move|p2a: credits to tele|Calm Mind|p2a: credits to tele
|-boost|p2a: credits to tele|spa|1
|-boost|p2a: credits to tele|spd|1
|
|-heal|p1a: Clefable|360\/394 brn|[from] item: Leftovers
|turn|100
|chat|Neo AE|same set?
|
|move|p2a: credits to tele|Calm Mind|p2a: credits to tele
|-boost|p2a: credits to tele|spa|1
|-boost|p2a: credits to tele|spd|1
|move|p1a: Clefable|Calm Mind|p1a: Clefable
|-boost|p1a: Clefable|spa|1
|-boost|p1a: Clefable|spd|1
|
|-heal|p1a: Clefable|384\/394 brn|[from] item: Leftovers
|turn|101
|
|move|p2a: credits to tele|Calm Mind|p2a: credits to tele
|-boost|p2a: credits to tele|spa|1
|-boost|p2a: credits to tele|spd|1
|move|p1a: Clefable|Calm Mind|p1a: Clefable
|-boost|p1a: Clefable|spa|1
|-boost|p1a: Clefable|spd|1
|
|-heal|p1a: Clefable|394\/394 brn|[from] item: Leftovers
|turn|102
|
|move|p1a: Clefable|Calm Mind|p1a: Clefable
|-boost|p1a: Clefable|spa|1
|-boost|p1a: Clefable|spd|1
|move|p2a: credits to tele|Calm Mind|p2a: credits to tele
|-boost|p2a: credits to tele|spa|1
|-boost|p2a: credits to tele|spd|1
|
|turn|103
|
|move|p1a: Clefable|Calm Mind|p1a: Clefable
|-boost|p1a: Clefable|spa|1
|-boost|p1a: Clefable|spd|1
|move|p2a: credits to tele|Calm Mind|p2a: credits to tele
|-boost|p2a: credits to tele|spa|1
|-boost|p2a: credits to tele|spd|1
|
|turn|104
|
|move|p1a: Clefable|Moonblast|p2a: credits to tele
|-damage|p2a: credits to tele|283\/394
|move|p2a: credits to tele|Calm Mind|p2a: credits to tele
|-boost|p2a: credits to tele|spa|1
|-boost|p2a: credits to tele|spd|1
|
|-heal|p2a: credits to tele|307\/394|[from] item: Leftovers
|turn|105
|
|move|p2a: credits to tele|Flamethrower|p1a: Clefable
|-damage|p1a: Clefable|315\/394 brn
|move|p1a: Clefable|Flamethrower|p2a: credits to tele
|-damage|p2a: credits to tele|249\/394
|
|-heal|p1a: Clefable|339\/394 brn|[from] item: Leftovers
|-heal|p2a: credits to tele|273\/394|[from] item: Leftovers
|turn|106
|
|move|p1a: Clefable|Flamethrower|p2a: credits to tele
|-damage|p2a: credits to tele|216\/394
|move|p2a: credits to tele|Flamethrower|p1a: Clefable
|-damage|p1a: Clefable|260\/394 brn
|
|-heal|p2a: credits to tele|240\/394|[from] item: Leftovers
|-heal|p1a: Clefable|284\/394 brn|[from] item: Leftovers
|turn|107
|
|move|p2a: credits to tele|Flamethrower|p1a: Clefable
|-damage|p1a: Clefable|216\/394 brn
|move|p1a: Clefable|Moonblast|p2a: credits to tele
|-damage|p2a: credits to tele|135\/394
|-unboost|p2a: credits to tele|spa|1
|
|-heal|p2a: credits to tele|159\/394|[from] item: Leftovers
|-heal|p1a: Clefable|240\/394 brn|[from] item: Leftovers
|turn|108
|
|move|p2a: credits to tele|Soft-Boiled|p2a: credits to tele
|-heal|p2a: credits to tele|356\/394
|move|p1a: Clefable|Moonblast|p2a: credits to tele
|-damage|p2a: credits to tele|259\/394
|-unboost|p2a: credits to tele|spa|1
|
|-heal|p2a: credits to tele|283\/394|[from] item: Leftovers
|-heal|p1a: Clefable|264\/394 brn|[from] item: Leftovers
|turn|109
|
|move|p1a: Clefable|Moonblast|p2a: credits to tele
|-damage|p2a: credits to tele|187\/394
|-unboost|p2a: credits to tele|spa|1
|move|p2a: credits to tele|Moonblast|p1a: Clefable
|-damage|p1a: Clefable|189\/394 brn
|
|-heal|p1a: Clefable|213\/394 brn|[from] item: Leftovers
|-heal|p2a: credits to tele|211\/394|[from] item: Leftovers
|turn|110
|chat|Neo AE|xDD
|
|move|p1a: Clefable|Moonblast|p2a: credits to tele
|-damage|p2a: credits to tele|117\/394
|move|p2a: credits to tele|Soft-Boiled|p2a: credits to tele
|-heal|p2a: credits to tele|314\/394
|
|-heal|p1a: Clefable|237\/394 brn|[from] item: Leftovers
|-heal|p2a: credits to tele|338\/394|[from] item: Leftovers
|turn|111
|chat|cbz|:\/
|chat|cbz|ben gay :[
|chat|Neo AE|well thats for the 3 paras a row i guess
|
|move|p2a: credits to tele|Moonblast|p1a: Clefable
|-damage|p1a: Clefable|165\/394 brn
|move|p1a: Clefable|Moonblast|p2a: credits to tele
|-damage|p2a: credits to tele|244\/394
|-unboost|p2a: credits to tele|spa|1
|
|-heal|p1a: Clefable|189\/394 brn|[from] item: Leftovers
|-heal|p2a: credits to tele|268\/394|[from] item: Leftovers
|turn|112
|chat|Neo AE|lol
|chat|cbz|LOL
|chat|cbz|MY SPA
|
|move|p1a: Clefable|Soft-Boiled|p1a: Clefable
|-heal|p1a: Clefable|386\/394 brn
|move|p2a: credits to tele|Soft-Boiled|p2a: credits to tele
|-heal|p2a: credits to tele|394\/394
|
|-heal|p1a: Clefable|394\/394 brn|[from] item: Leftovers
|turn|113
|
|move|p1a: Clefable|Moonblast|p2a: credits to tele
|-damage|p2a: credits to tele|300\/394
|move|p2a: credits to tele|Calm Mind|p2a: credits to tele
|-boost|p2a: credits to tele|spa|1
|
|-heal|p2a: credits to tele|324\/394|[from] item: Leftovers
|turn|114
|chat|Neo AE|xD
|
|move|p2a: credits to tele|Calm Mind|p2a: credits to tele
|-boost|p2a: credits to tele|spa|1
|move|p1a: Clefable|Moonblast|p2a: credits to tele
|-damage|p2a: credits to tele|227\/394
|
|-heal|p2a: credits to tele|251\/394|[from] item: Leftovers
|turn|115
|
|move|p1a: Clefable|Moonblast|p2a: credits to tele
|-damage|p2a: credits to tele|160\/394
|move|p2a: credits to tele|Calm Mind|p2a: credits to tele
|-boost|p2a: credits to tele|spa|1
|
|-heal|p2a: credits to tele|184\/394|[from] item: Leftovers
|turn|116
|chat|Neo AE|crit crit
|
|move|p2a: credits to tele|Soft-Boiled|p2a: credits to tele
|-heal|p2a: credits to tele|381\/394
|move|p1a: Clefable|Moonblast|p2a: credits to tele
|-damage|p2a: credits to tele|278\/394
|
|-heal|p2a: credits to tele|302\/394|[from] item: Leftovers
|turn|117
|chat|Neo AE|the one who crits will win the game
|
|move|p1a: Clefable|Moonblast|p2a: credits to tele
|-damage|p2a: credits to tele|209\/394
|move|p2a: credits to tele|Calm Mind|p2a: credits to tele
|-boost|p2a: credits to tele|spa|1
|
|-heal|p2a: credits to tele|233\/394|[from] item: Leftovers
|turn|118
|chat|cbz|obv me
|chat|Neo AE|tbh
|chat|Neo AE|i wouldnt be surprised
|
|move|p1a: Clefable|Moonblast|p2a: credits to tele
|-damage|p2a: credits to tele|134\/394
|move|p2a: credits to tele|Moonblast|p1a: Clefable
|-damage|p1a: Clefable|286\/394 brn
|
|-heal|p1a: Clefable|310\/394 brn|[from] item: Leftovers
|-heal|p2a: credits to tele|158\/394|[from] item: Leftovers
|turn|119
|
|move|p2a: credits to tele|Soft-Boiled|p2a: credits to tele
|-heal|p2a: credits to tele|355\/394
|move|p1a: Clefable|Moonblast|p2a: credits to tele
|-crit|p2a: credits to tele
|-damage|p2a: credits to tele|0 fnt
|faint|p2a: credits to tele
|
|-heal|p1a: Clefable|334\/394 brn|[from] item: Leftovers
|chat|Neo AE|haha
|chat|cbz|LOL
|
|switch|p2a: credits to tele|Latios, M|245\/302
|-damage|p2a: credits to tele|208\/302|[from] Stealth Rock
|turn|120
|chat|Neo AE|thats y i stalled out your tran
|chat|cbz|they call me
|chat|Neo AE|well
|chat|cbz|ben gay
|chat|cbz|for a reason
|chat|Neo AE|lol
|
|switch|p1a: Mandibuzz|Mandibuzz, F|423\/423
|-damage|p1a: Mandibuzz|318\/423|[from] Stealth Rock
|move|p2a: credits to tele|Trick|p1a: Mandibuzz
|-activate|p2a: credits to tele|move: Trick|[of] p1a: Mandibuzz
|-item|p1a: Mandibuzz|Choice Scarf|[from] move: Trick
|-item|p2a: credits to tele|Rocky Helmet|[from] move: Trick
|
|turn|121
|chat|cbz|wow
|chat|Neo AE|fkn scarf trick
|chat|cbz|hard work
|
|switch|p2a: credits to tele|Terrakion|304\/324
|-damage|p2a: credits to tele|284\/324|[from] Stealth Rock
|move|p1a: Mandibuzz|Knock Off|p2a: credits to tele
|-resisted|p2a: credits to tele
|-damage|p2a: credits to tele|242\/324
|-boost|p2a: credits to tele|atk|1|[from] ability: Justified
|-enditem|p2a: credits to tele|Choice Scarf|[from] move: Knock Off|[of] p1a: Mandibuzz
|
|turn|122
|
|switch|p1a: Heatran|Heatran, M|62\/386 par
|-damage|p1a: Heatran|14\/386 par|[from] Stealth Rock
|move|p2a: credits to tele|Stone Edge|p1a: Heatran|[miss]
|-miss|p2a: credits to tele|p1a: Heatran
|
|-heal|p1a: Heatran|38\/386 par|[from] item: Leftovers
|turn|123
|
|move|p2a: credits to tele|Earthquake|p1a: Heatran
|-supereffective|p1a: Heatran
|-damage|p1a: Heatran|0 fnt
|faint|p1a: Heatran
|
|
|switch|p1a: Azumarill|Azumarill, F|404\/404
|-damage|p1a: Azumarill|354\/404|[from] Stealth Rock
|turn|124
|
|switch|p2a: credits to tele|Scizor, M|300\/342
|-damage|p2a: credits to tele|258\/342|[from] Stealth Rock
|move|p1a: Azumarill|Aqua Jet|p2a: credits to tele
|-damage|p2a: credits to tele|192\/342
|
|turn|125
|
|switch|p1a: Landorus|Landorus, M|320\/320
|-damage|p1a: Landorus|280\/320|[from] Stealth Rock
|detailschange|p2a: credits to tele|Scizor-Mega, M
|message|Scizor has Mega Evolved into Mega Scizor!
|move|p2a: credits to tele|Roost|p2a: credits to tele
|-heal|p2a: credits to tele|342\/342
|
|turn|126
|
|switch|p2a: credits to tele|Latios, M|208\/302
|-damage|p2a: credits to tele|171\/302|[from] Stealth Rock
|move|p1a: Landorus|Focus Blast|p2a: credits to tele
|-resisted|p2a: credits to tele
|-damage|p2a: credits to tele|75\/302
|
|turn|127
|
|switch|p1a: Mandibuzz|Mandibuzz, F|318\/423
|-damage|p1a: Mandibuzz|213\/423|[from] Stealth Rock
|move|p2a: credits to tele|Psyshock|p1a: Mandibuzz
|-immune|p1a: Mandibuzz|[msg]
|
|turn|128
|
|switch|p2a: credits to tele|Terrakion|242\/324
|-damage|p2a: credits to tele|222\/324|[from] Stealth Rock
|move|p1a: Mandibuzz|Roost|p1a: Mandibuzz
|-heal|p1a: Mandibuzz|423\/423
|
|turn|129
|chat|cbz|mhm...
|chat|Neo AE|forgot the scarf xD
|
|switch|p1a: Venusaur|Venusaur-Mega, F|319\/364
|-damage|p1a: Venusaur|274\/364|[from] Stealth Rock
|move|p2a: credits to tele|Stone Edge|p1a: Venusaur
|-damage|p1a: Venusaur|142\/364
|
|turn|130
|chat|cbz|i haven't hit stone edge a single time
|chat|cbz|until now
|
|switch|p2a: credits to tele|Heatran, F|289\/385
|-damage|p2a: credits to tele|241\/385|[from] Stealth Rock
|move|p1a: Venusaur|Synthesis|p1a: Venusaur
|-heal|p1a: Venusaur|324\/364
|
|-heal|p2a: credits to tele|265\/385|[from] item: Leftovers
|turn|131
|chat|Neo AE| u used it like once
|chat|Neo AE|didnt u
|chat|cbz|sleep powder
|chat|cbz|miss
|chat|Neo AE|1 miss one hit
|chat|cbz|go ahead
|chat|cbz|and miss
|
|switch|p1a: Landorus|Landorus, M|280\/320
|-damage|p1a: Landorus|240\/320|[from] Stealth Rock
|move|p2a: credits to tele|Lava Plume|p1a: Landorus
|-damage|p1a: Landorus|105\/320
|
|-heal|p2a: credits to tele|289\/385|[from] item: Leftovers
|turn|132
|chat|cbz|wow
|chat|cbz|choke?
|chat|cbz|if i got a burn there
|chat|cbz|it'd be
|chat|cbz|pretty
|chat|cbz|darn
|chat|cbz|over
|chat|cbz|hmm
|chat|cbz|what to sack...
|leave|cbz
|player|p2
|join|cbz
|chat|Neo AE|wtf lol
|player|p2|cbz|290
|
|switch|p2a: tele|Slowbro, F|394\/394
|-damage|p2a: tele|345\/394|[from] Stealth Rock
|move|p1a: Landorus|Focus Blast|p2a: tele
|-resisted|p2a: tele
|-damage|p2a: tele|207\/394
|
|-heal|p2a: tele|231\/394|[from] item: Leftovers
|turn|133
|chat|cbz|lag
|
|move|p1a: Landorus|Earth Power|p2a: tele
|-damage|p2a: tele|0 fnt
|faint|p2a: tele
|
|chat|cbz|ouch
|
|switch|p2a: credits to tele|Latios, M|75\/302
|-damage|p2a: credits to tele|38\/302|[from] Stealth Rock
|turn|134
|chat|Neo AE|that hits hard as fk
|chat|cbz|i didn
|chat|cbz|i didn't need him for anything
|chat|cbz|loses to everything
|chat|cbz|lol
|chat|Neo AE|not scarf mandi xD
|chat|cbz|but
|chat|cbz|i have
|chat|cbz|rakion
|chat|cbz|for that
|chat|cbz|goooo
|chat|Neo AE|well i surv a stone egde if it doesnt crit
|chat|cbz|but
|chat|cbz|uh
|chat|cbz|what can it do
|chat|cbz|to a rak
|chat|Neo AE|ehm
|chat|Neo AE|xD
|
|move|p2a: credits to tele|Psyshock|p1a: Landorus
|-damage|p1a: Landorus|0 fnt
|faint|p1a: Landorus
|
|
|switch|p1a: Clefable|Clefable, M|334\/394 brn
|turn|135
|
|move|p2a: credits to tele|Psyshock|p1a: Clefable
|-damage|p1a: Clefable|214\/394 brn
|move|p1a: Clefable|Calm Mind|p1a: Clefable
|-boost|p1a: Clefable|spa|1
|-boost|p1a: Clefable|spd|1
|
|-heal|p1a: Clefable|238\/394 brn|[from] item: Leftovers
|turn|136
|
|move|p2a: credits to tele|Trick|p1a: Clefable
|-activate|p2a: credits to tele|move: Trick|[of] p1a: Clefable
|-item|p1a: Clefable|Rocky Helmet|[from] move: Trick
|-item|p2a: credits to tele|Leftovers|[from] move: Trick
|move|p1a: Clefable|Soft-Boiled|p1a: Clefable
|-heal|p1a: Clefable|394\/394 brn
|
|-heal|p2a: credits to tele|56\/302|[from] item: Leftovers
|turn|137
|chat|Neo AE|pls dont crit
|
|move|p2a: credits to tele|Psyshock|p1a: Clefable
|-damage|p1a: Clefable|271\/394 brn
|move|p1a: Clefable|Calm Mind|p1a: Clefable
|-boost|p1a: Clefable|spa|1
|-boost|p1a: Clefable|spd|1
|
|-heal|p2a: credits to tele|74\/302|[from] item: Leftovers
|turn|138
|chat|cbz|just gotta
|
|move|p2a: credits to tele|Psyshock|p1a: Clefable
|-damage|p1a: Clefable|148\/394 brn
|move|p1a: Clefable|Soft-Boiled|p1a: Clefable
|-heal|p1a: Clefable|345\/394 brn
|
|-heal|p2a: credits to tele|92\/302|[from] item: Leftovers
|turn|139
|chat|cbz|do it
|chat|cbz|JUST DO IT
|chat|cbz|LOL
|
|move|p2a: credits to tele|Psyshock|p1a: Clefable
|-damage|p1a: Clefable|218\/394 brn
|move|p1a: Clefable|Soft-Boiled|p1a: Clefable
|-heal|p1a: Clefable|394\/394 brn
|
|-heal|p2a: credits to tele|110\/302|[from] item: Leftovers
|turn|140
|
|move|p2a: credits to tele|Psyshock|p1a: Clefable
|-damage|p1a: Clefable|265\/394 brn
|move|p1a: Clefable|Moonblast|p2a: credits to tele
|-supereffective|p2a: credits to tele
|-damage|p2a: credits to tele|0 fnt
|faint|p2a: credits to tele
|
|
|switch|p2a: credits to tele|Scizor-Mega, M|342\/342
|-damage|p2a: credits to tele|300\/342|[from] Stealth Rock
|turn|141
|chat|cbz|gotta break it to rak range
|chat|cbz|haha
|chat|Neo AE|well
|
|switch|p2a: credits to tele|Heatran, F|289\/385
|-damage|p2a: credits to tele|241\/385|[from] Stealth Rock
|move|p1a: Clefable|Flamethrower|p2a: credits to tele
|-start|p2a: credits to tele|ability: Flash Fire
|
|-heal|p2a: credits to tele|265\/385|[from] item: Leftovers
|turn|142
|chat|cbz|OH WAIT THEN I LOSE TO AZU 
|
|move|p2a: credits to tele|Lava Plume|p1a: Clefable
|-crit|p1a: Clefable
|-damage|p1a: Clefable|0 fnt
|faint|p1a: Clefable
|
|-heal|p2a: credits to tele|289\/385|[from] item: Leftovers
|chat|cbz|LOL
|chat|cbz|LOOOL
|chat|Neo AE|OMG
|chat|cbz|SORRY
|chat|Neo AE|-_-
|chat|Neo AE|tell me that didnt happen
|
|switch|p1a: Azumarill|Azumarill, F|354\/404
|-damage|p1a: Azumarill|304\/404|[from] Stealth Rock
|turn|143
|chat|cbz|it did
|chat|cbz|not
|chat|cbz|lol
|chat|Neo AE|ok
|chat|cbz|it's not over
|chat|cbz|max speed azu
|chat|cbz|bdrum
|chat|cbz|and win
|chat|Neo AE|cuz it is one
|
|switch|p2a: credits to tele|Scizor-Mega, M|300\/342
|-damage|p2a: credits to tele|258\/342|[from] Stealth Rock
|move|p1a: Azumarill|Waterfall|p2a: credits to tele
|-damage|p2a: credits to tele|164\/342
|
|turn|144
|chat|Neo AE|i lost cuz of the crit -_
|chat|cbz|:\/
|
|switch|p1a: Mandibuzz|Mandibuzz, F|423\/423
|-damage|p1a: Mandibuzz|318\/423|[from] Stealth Rock
|move|p2a: credits to tele|Roost|p2a: credits to tele
|-heal|p2a: credits to tele|335\/342
|
|turn|145
|
|move|p2a: credits to tele|Bullet Punch|p1a: Mandibuzz
|-damage|p1a: Mandibuzz|249\/423
|move|p1a: Mandibuzz|Foul Play|p2a: credits to tele
|-damage|p2a: credits to tele|247\/342
|
|turn|146
|chat|Neo AE|omfg
|
|switch|p1a: Venusaur|Venusaur-Mega, F|324\/364
|-damage|p1a: Venusaur|279\/364|[from] Stealth Rock
|move|p2a: credits to tele|Bullet Punch|p1a: Venusaur
|-damage|p1a: Venusaur|207\/364
|
|turn|147
|
|switch|p2a: credits to tele|Heatran, F|289\/385
|-damage|p2a: credits to tele|241\/385|[from] Stealth Rock
|move|p1a: Venusaur|Synthesis|p1a: Venusaur
|-heal|p1a: Venusaur|364\/364
|
|-heal|p2a: credits to tele|265\/385|[from] item: Leftovers
|turn|148
|
|switch|p1a: Mandibuzz|Mandibuzz, F|249\/423
|-damage|p1a: Mandibuzz|144\/423|[from] Stealth Rock
|move|p2a: credits to tele|Lava Plume|p1a: Mandibuzz
|-damage|p1a: Mandibuzz|29\/423
|
|-heal|p2a: credits to tele|289\/385|[from] item: Leftovers
|turn|149
|
|move|p1a: Mandibuzz|Roost|p1a: Mandibuzz
|-heal|p1a: Mandibuzz|241\/423
|move|p2a: credits to tele|Toxic|p1a: Mandibuzz
|-status|p1a: Mandibuzz|tox
|
|-heal|p2a: credits to tele|313\/385|[from] item: Leftovers
|-damage|p1a: Mandibuzz|215\/423 tox|[from] psn
|turn|150
|
|move|p2a: credits to tele|Protect|p2a: credits to tele
|-singleturn|p2a: credits to tele|Protect
|move|p1a: Mandibuzz|Roost|p1a: Mandibuzz
|-heal|p1a: Mandibuzz|423\/423 tox
|
|-heal|p2a: credits to tele|337\/385|[from] item: Leftovers
|-damage|p1a: Mandibuzz|371\/423 tox|[from] psn
|turn|151
|chat|cbz|wait
|
|switch|p1a: Venusaur|Venusaur-Mega, F|364\/364
|-damage|p1a: Venusaur|319\/364|[from] Stealth Rock
|move|p2a: credits to tele|Lava Plume|p1a: Venusaur
|-supereffective|p1a: Venusaur
|-damage|p1a: Venusaur|223\/364
|-status|p1a: Venusaur|brn
|
|-heal|p2a: credits to tele|361\/385|[from] item: Leftovers
|-damage|p1a: Venusaur|178\/364 brn|[from] brn
|turn|152
|chat|cbz|what did i just do
|chat|cbz|LOL
|chat|Neo AE|...
|
|move|p1a: Venusaur|Synthesis|p1a: Venusaur
|-heal|p1a: Venusaur|360\/364 brn
|move|p2a: credits to tele|Lava Plume|p1a: Venusaur
|-supereffective|p1a: Venusaur
|-damage|p1a: Venusaur|264\/364 brn
|
|-heal|p2a: credits to tele|385\/385|[from] item: Leftovers
|-damage|p1a: Venusaur|219\/364 brn|[from] brn
|turn|153
|
|move|p1a: Venusaur|Synthesis|p1a: Venusaur
|-heal|p1a: Venusaur|364\/364 brn
|move|p2a: credits to tele|Lava Plume|p1a: Venusaur
|-supereffective|p1a: Venusaur
|-damage|p1a: Venusaur|274\/364 brn
|
|-damage|p1a: Venusaur|229\/364 brn|[from] brn
|turn|154
|chat|Neo AE|that fkn crit meh
|
|switch|p2a: credits to tele|Scizor-Mega, M|247\/342
|-damage|p2a: credits to tele|205\/342|[from] Stealth Rock
|move|p1a: Venusaur|Synthesis|p1a: Venusaur
|-heal|p1a: Venusaur|364\/364 brn
|
|-damage|p1a: Venusaur|319\/364 brn|[from] brn
|turn|155
|
|switch|p2a: credits to tele|Heatran, F|385\/385
|-damage|p2a: credits to tele|337\/385|[from] Stealth Rock
|move|p1a: Venusaur|Sleep Powder|p2a: credits to tele
|-status|p2a: credits to tele|slp
|
|-heal|p2a: credits to tele|361\/385 slp|[from] item: Leftovers
|-damage|p1a: Venusaur|274\/364 brn|[from] brn
|turn|156
|chat|cbz|being asleep
|
|switch|p1a: Azumarill|Azumarill, F|304\/404
|-damage|p1a: Azumarill|254\/404|[from] Stealth Rock
|cant|p2a: credits to tele|slp
|
|-heal|p2a: credits to tele|385\/385 slp|[from] item: Leftovers
|turn|157
|chat|cbz|is actually
|chat|cbz|to my advantage
|chat|cbz|i don't waste pp
|chat|Neo AE|oh really
|chat|cbz|yeah
|chat|cbz|6 plumes
|chat|Neo AE|i wanted to let scizor sleep cuz it walls me now that clefable is gone
|
|switch|p2a: credits to tele|Scizor-Mega, M|205\/342
|-damage|p2a: credits to tele|163\/342|[from] Stealth Rock
|move|p1a: Azumarill|Waterfall|p2a: credits to tele
|-damage|p2a: credits to tele|63\/342
|
|turn|158
|chat|cbz|I FORGOT
|chat|cbz|ROCKS WERE UP
|chat|Neo AE|crit crit crit
|
|move|p1a: Azumarill|Aqua Jet|p2a: credits to tele
|-crit|p2a: credits to tele
|-damage|p2a: credits to tele|0 fnt
|faint|p2a: credits to tele
|
|chat|Neo AE|xDDD
|chat|cbz|LOOOOOOOOOOOL
|chat|Neo AE|u gonna stone edge me to hell
|chat|cbz|i'll miss
|chat|cbz|haha
|chat|Neo AE|y is venu burned :\/
|
|switch|p2a: credits to tele|Terrakion|222\/324
|-damage|p2a: credits to tele|202\/324|[from] Stealth Rock
|turn|159
|chat|Neo AE|either miss n i win
|chat|Neo AE|or crit n i lose
|chat|cbz|or
|chat|cbz|wake up with tran
|chat|cbz|and try
|chat|cbz|well
|
|switch|p1a: Mandibuzz|Mandibuzz, F|371\/423 tox
|-damage|p1a: Mandibuzz|266\/423 tox|[from] Stealth Rock
|move|p2a: credits to tele|Stone Edge|p1a: Mandibuzz
|-crit|p1a: Mandibuzz
|-supereffective|p1a: Mandibuzz
|-damage|p1a: Mandibuzz|0 fnt
|faint|p1a: Mandibuzz
|
|chat|cbz|the odds
|chat|cbz|ARE in your favour
|chat|Neo AE|xDDD
|chat|Neo AE|hit n crit
|chat|Neo AE|didnt matter but i was right
|
|switch|p1a: Venusaur|Venusaur-Mega, F|274\/364 brn
|-damage|p1a: Venusaur|229\/364 brn|[from] Stealth Rock
|turn|160
|chat|cbz|choke
|chat|cbz|you brought your self into stone edge range for azu
|chat|cbz|2 a-jets would've won  you the match
|chat|Neo AE|didnt wanna risk it
|chat|Neo AE|do u have bulk investment?
|
|switch|p2a: credits to tele|Heatran, F|385\/385 slp
|-damage|p2a: credits to tele|337\/385 slp|[from] Stealth Rock
|move|p1a: Venusaur|Giga Drain|p2a: credits to tele
|-resisted|p2a: credits to tele
|-damage|p2a: credits to tele|321\/385 slp
|-heal|p1a: Venusaur|237\/364 brn|[from] drain|[of] p2a: credits to tele
|
|-heal|p2a: credits to tele|345\/385 slp|[from] item: Leftovers
|-damage|p1a: Venusaur|192\/364 brn|[from] brn
|turn|161
|chat|cbz|on rak
|chat|Neo AE|if not a jet is enough to take it down
|chat|cbz|it's a roll on my rak
|chat|cbz|gotta
|chat|cbz|wake up
|chat|cbz|get the plume burn
|chat|cbz|for victory :]
|
|move|p1a: Venusaur|Synthesis|p1a: Venusaur
|-heal|p1a: Venusaur|364\/364 brn
|-curestatus|p2a: credits to tele|slp
|move|p2a: credits to tele|Lava Plume|p1a: Venusaur
|-supereffective|p1a: Venusaur
|-damage|p1a: Venusaur|274\/364 brn
|
|-heal|p2a: credits to tele|369\/385|[from] item: Leftovers
|-damage|p1a: Venusaur|229\/364 brn|[from] brn
|turn|162
|
|move|p2a: credits to tele|Protect|p2a: credits to tele
|-singleturn|p2a: credits to tele|Protect
|move|p1a: Venusaur|Sleep Powder|p2a: credits to tele
|-activate|p2a: credits to tele|Protect
|
|-heal|p2a: credits to tele|385\/385|[from] item: Leftovers
|-damage|p1a: Venusaur|184\/364 brn|[from] brn
|turn|163
|chat|cbz|ugh
|chat|cbz|miss
|chat|Neo AE|this is close as fk xD
|
|move|p1a: Venusaur|Synthesis|p1a: Venusaur
|-heal|p1a: Venusaur|364\/364 brn
|move|p2a: credits to tele|Lava Plume|p1a: Venusaur
|-crit|p1a: Venusaur
|-supereffective|p1a: Venusaur
|-damage|p1a: Venusaur|208\/364 brn
|
|-damage|p1a: Venusaur|163\/364 brn|[from] brn
|turn|164
|chat|cbz|should I link it?
|chat|Neo AE|up to you
|join|crabappl
|join|Testin'Stall
|
|move|p2a: credits to tele|Protect|p2a: credits to tele
|-singleturn|p2a: credits to tele|Protect
|move|p1a: Venusaur|Sleep Powder|p2a: credits to tele
|-activate|p2a: credits to tele|Protect
|
|-damage|p1a: Venusaur|118\/364 brn|[from] brn
|turn|165
|
|move|p1a: Venusaur|Sleep Powder|p2a: credits to tele
|-status|p2a: credits to tele|slp
|cant|p2a: credits to tele|slp
|
|-damage|p1a: Venusaur|73\/364 brn|[from] brn
|turn|166
|chat|cbz|ugh :\/
|chat|cbz|WAKE UP
|chat|cbz|TRANN
|chat|cbz|TRANNY
|leave|crabappl
|
|move|p1a: Venusaur|Synthesis|p1a: Venusaur
|-heal|p1a: Venusaur|255\/364 brn
|cant|p2a: credits to tele|slp
|
|-damage|p1a: Venusaur|210\/364 brn|[from] brn
|turn|167
|
|switch|p1a: Azumarill|Azumarill, F|254\/404
|-damage|p1a: Azumarill|204\/404|[from] Stealth Rock
|-curestatus|p2a: credits to tele|slp
|move|p2a: credits to tele|Lava Plume|p1a: Azumarill
|-resisted|p1a: Azumarill
|-damage|p1a: Azumarill|161\/404
|-status|p1a: Azumarill|brn
|
|-damage|p1a: Azumarill|111\/404 brn|[from] brn
|turn|168
|chat|Neo AE|pls no
|chat|cbz|the wake is real
|chat|Neo AE|OMG
|chat|cbz|AHHHH
|chat|cbz|there's game
|chat|cbz|sorry :\/
|
|move|p2a: credits to tele|Protect|p2a: credits to tele
|-singleturn|p2a: credits to tele|Protect
|move|p1a: Azumarill|Waterfall|p2a: credits to tele
|-activate|p2a: credits to tele|Protect
|
|-damage|p1a: Azumarill|61\/404 brn|[from] brn
|turn|169
|chat|Neo AE|this is soo
|
|move|p2a: credits to tele|Lava Plume|p1a: Azumarill
|-resisted|p1a: Azumarill
|-damage|p1a: Azumarill|10\/404 brn
|move|p1a: Azumarill|Waterfall|p2a: credits to tele
|-supereffective|p2a: credits to tele
|-damage|p2a: credits to tele|229\/385
|
|-heal|p2a: credits to tele|253\/385|[from] item: Leftovers
|-damage|p1a: Azumarill|0 fnt|[from] brn
|faint|p1a: Azumarill
|chat|Neo AE|crit
|
|switch|p1a: Venusaur|Venusaur-Mega, F|210\/364 brn
|-damage|p1a: Venusaur|165\/364 brn|[from] Stealth Rock
|turn|170
|chat|Neo AE|pff
|chat|Neo AE|kill me
|chat|cbz|kk
|chat|Neo AE|cant heal
|
|move|p1a: Venusaur|Giga Drain|p2a: credits to tele
|-resisted|p2a: credits to tele
|-damage|p2a: credits to tele|237\/385
|-heal|p1a: Venusaur|173\/364 brn|[from] drain|[of] p2a: credits to tele
|move|p2a: credits to tele|Lava Plume|p1a: Venusaur
|-supereffective|p1a: Venusaur
|-damage|p1a: Venusaur|71\/364 brn
|
|-heal|p2a: credits to tele|261\/385|[from] item: Leftovers
|-damage|p1a: Venusaur|26\/364 brn|[from] brn
|turn|171
|
|move|p1a: Venusaur|Giga Drain|p2a: credits to tele
|-resisted|p2a: credits to tele
|-damage|p2a: credits to tele|243\/385
|-heal|p1a: Venusaur|35\/364 brn|[from] drain|[of] p2a: credits to tele
|move|p2a: credits to tele|Lava Plume|p1a: Venusaur
|-supereffective|p1a: Venusaur
|-damage|p1a: Venusaur|0 fnt
|faint|p1a: Venusaur
|
|win|cbz
|raw|Ladder updating...
|raw|Neo AE's rating: 1742 &rarr; <strong>1721<\/strong><br \/>(-21 for losing)
|raw|cbz's rating: 1719 &rarr; <strong>1740<\/strong><br \/>(+21 for winning)
|leave|Neo AE
|player|p1