|join|saruko
|join|Neo AE
|player|p1|saruko|216
|player|p2|Neo AE|153
|gametype|singles
|gen|6
|tier|OU
|rated
|clearpoke
|poke|p1|Azelf, shiny
|poke|p1|Charizard, M, shiny
|poke|p1|Gyarados, F, shiny
|poke|p1|Dragonite, F, shiny
|poke|p1|Bisharp, M, shiny
|poke|p1|Haxorus, M, shiny
|poke|p2|Venusaur, M
|poke|p2|Clefable, F
|poke|p2|Heatran, F
|poke|p2|Mandibuzz, F
|poke|p2|Azumarill, M
|poke|p2|Landorus, M
|rule|Swagger Clause: Swagger is banned
|rule|Baton Pass Clause: Limit one PokÃ©mon knowing Baton Pass
|rule|Sleep Clause Mod: Limit one foe put to sleep
|rule|Species Clause: Limit one of each PokÃ©mon
|rule|OHKO Clause: OHKO moves are banned
|rule|Moody Clause: Moody is banned
|rule|Evasion Moves Clause: Evasion moves are banned
|rule|Endless Battle Clause: Forcing endless battles is banned
|rule|HP Percentage Mod: HP is reported as percentages
|teampreview
|
|start
|switch|p1a: Azelf|Azelf, shiny|354\/354
|switch|p2a: Heatran|Heatran, F|386\/386
|turn|1
|
|move|p1a: Azelf|Taunt|p2a: Heatran
|-start|p2a: Heatran|move: Taunt
|cant|p2a: Heatran|move: Taunt|Stealth Rock
|
|turn|2
|
|move|p1a: Azelf|Stealth Rock|p2a: Heatran
|-sidestart|p2: Neo AE|move: Stealth Rock
|move|p2a: Heatran|Lava Plume|p1a: Azelf
|-damage|p1a: Azelf|191\/354
|
|turn|3
|
|move|p1a: Azelf|Light Screen|p1a: Azelf
|-sidestart|p1: saruko|move: Light Screen
|move|p2a: Heatran|Lava Plume|p1a: Azelf
|-damage|p1a: Azelf|111\/354
|-status|p1a: Azelf|brn
|
|-damage|p1a: Azelf|67\/354 brn|[from] brn
|-end|p2a: Heatran|move: Taunt
|turn|4
|
|switch|p2a: Azumarill|Azumarill, M|404\/404
|-damage|p2a: Azumarill|354\/404|[from] Stealth Rock
|move|p1a: Azelf|Taunt|p2a: Azumarill
|-start|p2a: Azumarill|move: Taunt
|
|-damage|p1a: Azelf|23\/354 brn|[from] brn
|turn|5
|
|move|p2a: Azumarill|Aqua Jet|p1a: Azelf
|-crit|p1a: Azelf
|-damage|p1a: Azelf|0 fnt
|faint|p1a: Azelf
|
|
|switch|p1a: Charizard|Charizard, M, shiny|297\/297
|turn|6
|
|detailschange|p1a: Charizard|Charizard-Mega-X, M, shiny
|message|Charizard has Mega Evolved into Mega Charizard!
|move|p1a: Charizard|Earthquake|p2a: Azumarill
|-damage|p2a: Azumarill|198\/404
|move|p2a: Azumarill|Play Rough|p1a: Charizard
|-damage|p1a: Charizard|129\/297
|-unboost|p1a: Charizard|atk|1
|
|turn|7
|
|move|p1a: Charizard|Flare Blitz|p2a: Azumarill
|-resisted|p2a: Azumarill
|-damage|p2a: Azumarill|64\/404
|-damage|p1a: Charizard|85\/297|[from] recoil|[of] p2a: Azumarill
|move|p2a: Azumarill|Play Rough|p1a: Charizard
|-damage|p1a: Charizard|0 fnt
|faint|p1a: Charizard
|
|-end|p2a: Azumarill|move: Taunt
|
|switch|p1a: Bisharp|Bisharp, M, shiny|272\/272
|turn|8
|
|move|p1a: Bisharp|Sucker Punch|p2a: Azumarill
|-resisted|p2a: Azumarill
|-damage|p2a: Azumarill|0 fnt
|-damage|p1a: Bisharp|245\/272|[from] item: Life Orb
|faint|p2a: Azumarill
|
|
|switch|p2a: Landorus|Landorus, M|320\/320
|-damage|p2a: Landorus|280\/320|[from] Stealth Rock
|turn|9
|
|switch|p1a: Gyarados|Gyarados, F, shiny|353\/353
|move|p2a: Landorus|Focus Blast|p1a: Gyarados
|-resisted|p1a: Gyarados
|-damage|p1a: Gyarados|296\/353
|
|-heal|p1a: Gyarados|318\/353|[from] item: Leftovers
|turn|10
|
|switch|p2a: Heatran|Heatran, F|386\/386
|-damage|p2a: Heatran|338\/386|[from] Stealth Rock
|move|p1a: Gyarados|Dragon Dance|p1a: Gyarados
|-boost|p1a: Gyarados|atk|1
|-boost|p1a: Gyarados|spe|1
|
|-heal|p1a: Gyarados|340\/353|[from] item: Leftovers
|-heal|p2a: Heatran|362\/386|[from] item: Leftovers
|-sideend|p1: saruko|move: Light Screen
|turn|11
|
|move|p1a: Gyarados|Waterfall|p2a: Heatran
|-supereffective|p2a: Heatran
|-damage|p2a: Heatran|0 fnt
|faint|p2a: Heatran
|-boost|p1a: Gyarados|atk|1|[from] ability: Moxie
|
|-heal|p1a: Gyarados|353\/353|[from] item: Leftovers
|
|switch|p2a: Mandibuzz|Mandibuzz, F|362\/362
|-damage|p2a: Mandibuzz|272\/362|[from] Stealth Rock
|turn|12
|
|move|p1a: Gyarados|Waterfall|p2a: Mandibuzz
|-damage|p2a: Mandibuzz|50\/362
|-damage|p1a: Gyarados|295\/353|[from] item: Rocky Helmet|[of] p2a: Mandibuzz
|move|p2a: Mandibuzz|Foul Play|p1a: Gyarados
|-damage|p1a: Gyarados|0 fnt
|faint|p1a: Gyarados
|
|
|switch|p1a: Haxorus|Haxorus, M, shiny|308\/308
|-ability|p1a: Haxorus|Mold Breaker
|turn|13
|
|move|p1a: Haxorus|Dragon Claw|p2a: Mandibuzz
|-damage|p2a: Mandibuzz|0 fnt
|-damage|p1a: Haxorus|257\/308|[from] item: Rocky Helmet|[of] p2a: Mandibuzz
|faint|p2a: Mandibuzz
|
|
|switch|p2a: Clefable|Clefable, F|394\/394
|turn|14
|
|move|p1a: Haxorus|Earthquake|p2a: Clefable
|-damage|p2a: Clefable|279\/394
|move|p2a: Clefable|Flamethrower|p1a: Haxorus
|-resisted|p1a: Haxorus
|-damage|p1a: Haxorus|209\/308
|
|-heal|p2a: Clefable|303\/394|[from] item: Leftovers
|turn|15
|
|move|p1a: Haxorus|Earthquake|p2a: Clefable
|-damage|p2a: Clefable|188\/394
|move|p2a: Clefable|Flamethrower|p1a: Haxorus
|-resisted|p1a: Haxorus
|-damage|p1a: Haxorus|167\/308
|
|-heal|p2a: Clefable|212\/394|[from] item: Leftovers
|turn|16
|
|move|p1a: Haxorus|Taunt|p2a: Clefable
|-start|p2a: Clefable|move: Taunt
|cant|p2a: Clefable|move: Taunt|Soft-Boiled
|
|-heal|p2a: Clefable|236\/394|[from] item: Leftovers
|turn|17
|
|switch|p2a: Landorus|Landorus, M|280\/320
|-damage|p2a: Landorus|240\/320|[from] Stealth Rock
|move|p1a: Haxorus|Earthquake|p2a: Landorus
|-immune|p2a: Landorus|[msg]
|
|turn|18
|
|move|p2a: Landorus|Sludge Wave|p1a: Haxorus
|-damage|p1a: Haxorus|0 fnt
|faint|p1a: Haxorus
|
|
|switch|p1a: Dragonite|Dragonite, F, shiny|323\/323
|turn|19
|
|move|p2a: Landorus|Sludge Wave|p1a: Dragonite
|-damage|p1a: Dragonite|238\/323
|move|p1a: Dragonite|Dragon Dance|p1a: Dragonite
|-boost|p1a: Dragonite|atk|1
|-boost|p1a: Dragonite|spe|1
|
|turn|20
|
|move|p1a: Dragonite|Dragon Dance|p1a: Dragonite
|-boost|p1a: Dragonite|atk|1
|-boost|p1a: Dragonite|spe|1
|move|p2a: Landorus|Sludge Wave|p1a: Dragonite
|-damage|p1a: Dragonite|76\/323
|
|turn|21
|
|move|p1a: Dragonite|Extreme Speed|p2a: Landorus
|-damage|p2a: Landorus|19\/320
|move|p2a: Landorus|Sludge Wave|p1a: Dragonite
|-damage|p1a: Dragonite|0 fnt
|faint|p1a: Dragonite
|
|
|switch|p1a: Bisharp|Bisharp, M, shiny|245\/272
|turn|22
|
|move|p1a: Bisharp|Sucker Punch|p2a: Landorus
|-damage|p2a: Landorus|0 fnt
|-damage|p1a: Bisharp|218\/272|[from] item: Life Orb
|faint|p2a: Landorus
|
|
|switch|p2a: Venusaur|Venusaur, M|364\/364
|-damage|p2a: Venusaur|319\/364|[from] Stealth Rock
|turn|23
|
|detailschange|p2a: Venusaur|Venusaur-Mega, M
|message|Venusaur has Mega Evolved into Mega Venusaur!
|move|p1a: Bisharp|Iron Head|p2a: Venusaur
|-damage|p2a: Venusaur|210\/364
|-damage|p1a: Bisharp|191\/272|[from] item: Life Orb
|move|p2a: Venusaur|Sleep Powder|p1a: Bisharp
|-status|p1a: Bisharp|slp
|
|turn|24
|
|cant|p1a: Bisharp|slp
|move|p2a: Venusaur|Giga Drain|p1a: Bisharp
|-resisted|p1a: Bisharp
|-damage|p1a: Bisharp|122\/272 slp
|-heal|p2a: Venusaur|245\/364|[from] drain|[of] p1a: Bisharp
|
|turn|25
|
|cant|p1a: Bisharp|slp
|move|p2a: Venusaur|Giga Drain|p1a: Bisharp
|-resisted|p1a: Bisharp
|-damage|p1a: Bisharp|56\/272 slp
|-heal|p2a: Venusaur|278\/364|[from] drain|[of] p1a: Bisharp
|
|turn|26
|
|-curestatus|p1a: Bisharp|slp
|move|p1a: Bisharp|Iron Head|p2a: Venusaur
|-damage|p2a: Venusaur|160\/364
|-damage|p1a: Bisharp|29\/272|[from] item: Life Orb
|move|p2a: Venusaur|Giga Drain|p1a: Bisharp
|-resisted|p1a: Bisharp
|-damage|p1a: Bisharp|0 fnt
|-heal|p2a: Venusaur|175\/364|[from] drain|[of] p1a: Bisharp
|faint|p1a: Bisharp
|
|win|Neo AE
|raw|Ladder updating...
|raw|saruko's rating: 1754 &rarr; <strong>1735<\/strong><br \/>(-19 for losing)
|raw|Neo AE's rating: 1785 &rarr; <strong>1804<\/strong><br \/>(+19 for winning)
|chat|Neo AE|gg
|leave|saruko
|player|p1