|join|Neo AE
|join|yodidady
|player|p1|Neo AE|153
|player|p2|yodidady|277
|gametype|singles
|gen|6
|tier|OU
|rated
|clearpoke
|poke|p1|Venusaur, M
|poke|p1|Clefable, M
|poke|p1|Heatran, F
|poke|p1|Mandibuzz, F
|poke|p1|Azumarill, M
|poke|p1|Landorus, M
|poke|p2|Articuno
|poke|p2|Zapdos
|poke|p2|Moltres
|poke|p2|Mandibuzz, F
|poke|p2|Talonflame, F
|poke|p2|Staraptor, M
|rule|Swagger Clause: Swagger is banned
|rule|Baton Pass Clause: Limit one PokÃ©mon knowing Baton Pass
|rule|Sleep Clause Mod: Limit one foe put to sleep
|rule|Species Clause: Limit one of each PokÃ©mon
|rule|OHKO Clause: OHKO moves are banned
|rule|Moody Clause: Moody is banned
|rule|Evasion Moves Clause: Evasion moves are banned
|rule|Endless Battle Clause: Forcing endless battles is banned
|rule|HP Percentage Mod: HP is reported as percentages
|teampreview
|chat|Neo AE|WOW
|chat|Neo AE|that looks funny :D
|chat|yodidady|haha
|
|start
|switch|p1a: Heatran|Heatran, F|386\/386
|switch|p2a: Articuno|Articuno|321\/321
|-ability|p2a: Articuno|Pressure
|turn|1
|
|switch|p2a: Talonflame|Talonflame, F|298\/298
|move|p1a: Heatran|Stealth Rock|p2a: Talonflame
|-sidestart|p2: yodidady|move: Stealth Rock
|
|turn|2
|chat|Neo AE|i have no clue what awaits me here lol
|chat|yodidady|same LOL
|chat|Neo AE|well will this be the first time i see that berry talonflame set? xD
|
|switch|p1a: Mandibuzz|Mandibuzz, F|423\/423
|move|p2a: Talonflame|Swords Dance|p2a: Talonflame
|-boost|p2a: Talonflame|atk|2
|
|turn|3
|chat|Neo AE|oh my lord 
|
|move|p2a: Talonflame|Brave Bird|p1a: Mandibuzz
|-damage|p1a: Mandibuzz|179\/423
|-damage|p2a: Talonflame|249\/298|[from] item: Rocky Helmet|[of] p1a: Mandibuzz
|-damage|p2a: Talonflame|168\/298|[from] recoil|[of] p1a: Mandibuzz
|move|p1a: Mandibuzz|Foul Play|p2a: Talonflame
|-damage|p2a: Talonflame|0 fnt
|faint|p2a: Talonflame
|
|
|switch|p2a: Zapdos|Zapdos|321\/321
|-damage|p2a: Zapdos|241\/321|[from] Stealth Rock
|-ability|p2a: Zapdos|Pressure
|turn|4
|
|switch|p1a: Heatran|Heatran, F|386\/386
|move|p2a: Zapdos|Thunderbolt|p1a: Heatran
|-damage|p1a: Heatran|272\/386
|
|-heal|p2a: Zapdos|261\/321|[from] item: Leftovers
|-heal|p1a: Heatran|296\/386|[from] item: Leftovers
|turn|5
|
|move|p2a: Zapdos|Thunderbolt|p1a: Heatran
|-damage|p1a: Heatran|184\/386
|move|p1a: Heatran|Toxic|p2a: Zapdos
|-status|p2a: Zapdos|tox
|
|-heal|p2a: Zapdos|281\/321 tox|[from] item: Leftovers
|-heal|p1a: Heatran|208\/386|[from] item: Leftovers
|-damage|p2a: Zapdos|261\/321 tox|[from] psn
|turn|6
|
|switch|p1a: Clefable|Clefable, M|394\/394
|move|p2a: Zapdos|Volt Switch|p1a: Clefable
|-damage|p1a: Clefable|252\/394
|
|switch|p2a: Mandibuzz|Mandibuzz, F|424\/424
|-damage|p2a: Mandibuzz|318\/424|[from] Stealth Rock
|
|-heal|p1a: Clefable|276\/394|[from] item: Leftovers
|turn|7
|chat|Neo AE|did u ladder with this team? or is this the first time u r using it ?
|
|move|p2a: Mandibuzz|Defog|p1a: Clefable
|-unboost|p1a: Clefable|evasion|1
|-sideend|p2: yodidady|Stealth Rock|[from] move: Defog|[of] p2a: Mandibuzz
|move|p1a: Clefable|Moonblast|p2a: Mandibuzz
|-supereffective|p2a: Mandibuzz
|-damage|p2a: Mandibuzz|102\/424
|-unboost|p2a: Mandibuzz|spa|1
|
|-heal|p1a: Clefable|300\/394|[from] item: Leftovers
|turn|8
|
|switch|p1a: Heatran|Heatran, F|208\/386
|move|p2a: Mandibuzz|Toxic|p1a: Heatran
|-fail|p1a: Heatran
|
|-heal|p1a: Heatran|232\/386|[from] item: Leftovers
|turn|9
|
|move|p1a: Heatran|Stealth Rock|p2a: Mandibuzz
|-sidestart|p2: yodidady|move: Stealth Rock
|move|p2a: Mandibuzz|Roost|p2a: Mandibuzz
|-heal|p2a: Mandibuzz|314\/424
|
|-heal|p1a: Heatran|256\/386|[from] item: Leftovers
|turn|10
|
|move|p1a: Heatran|Toxic|p2a: Mandibuzz
|-status|p2a: Mandibuzz|tox
|move|p2a: Mandibuzz|Foul Play|p1a: Heatran
|-damage|p1a: Heatran|174\/386
|
|-heal|p1a: Heatran|198\/386|[from] item: Leftovers
|-damage|p2a: Mandibuzz|288\/424 tox|[from] psn
|turn|11
|
|move|p1a: Heatran|Lava Plume|p2a: Mandibuzz
|-damage|p2a: Mandibuzz|165\/424 tox
|move|p2a: Mandibuzz|Foul Play|p1a: Heatran
|-damage|p1a: Heatran|111\/386
|
|-heal|p1a: Heatran|135\/386|[from] item: Leftovers
|-damage|p2a: Mandibuzz|113\/424 tox|[from] psn
|turn|12
|
|move|p1a: Heatran|Stealth Rock|p2a: Mandibuzz
|-fail|p2a: Mandibuzz
|move|p2a: Mandibuzz|Defog|p1a: Heatran
|-unboost|p1a: Heatran|evasion|1
|-sideend|p2: yodidady|Stealth Rock|[from] move: Defog|[of] p2a: Mandibuzz
|
|-heal|p1a: Heatran|159\/386|[from] item: Leftovers
|-damage|p2a: Mandibuzz|35\/424 tox|[from] psn
|turn|13
|
|move|p1a: Heatran|Stealth Rock|p2a: Mandibuzz
|-sidestart|p2: yodidady|move: Stealth Rock
|move|p2a: Mandibuzz|Foul Play|p1a: Heatran
|-damage|p1a: Heatran|66\/386
|
|-heal|p1a: Heatran|90\/386|[from] item: Leftovers
|-damage|p2a: Mandibuzz|0 fnt|[from] psn
|faint|p2a: Mandibuzz
|
|switch|p2a: Zapdos|Zapdos|261\/321 tox
|-damage|p2a: Zapdos|181\/321 tox|[from] Stealth Rock
|-ability|p2a: Zapdos|Pressure
|turn|14
|
|switch|p1a: Venusaur|Venusaur, M|364\/364
|move|p2a: Zapdos|Thunderbolt|p1a: Venusaur
|-resisted|p1a: Venusaur
|-damage|p1a: Venusaur|295\/364
|
|-heal|p2a: Zapdos|201\/321 tox|[from] item: Leftovers
|-damage|p2a: Zapdos|181\/321 tox|[from] psn
|turn|15
|
|detailschange|p1a: Venusaur|Venusaur-Mega, M
|message|Venusaur has Mega Evolved into Mega Venusaur!
|move|p2a: Zapdos|Drill Peck|p1a: Venusaur
|-supereffective|p1a: Venusaur
|-damage|p1a: Venusaur|187\/364
|move|p1a: Venusaur|Sludge Bomb|p2a: Zapdos
|-damage|p2a: Zapdos|39\/321 tox
|
|-heal|p2a: Zapdos|59\/321 tox|[from] item: Leftovers
|-damage|p2a: Zapdos|19\/321 tox|[from] psn
|turn|16
|
|move|p2a: Zapdos|Drill Peck|p1a: Venusaur
|-supereffective|p1a: Venusaur
|-damage|p1a: Venusaur|77\/364
|move|p1a: Venusaur|Synthesis|p1a: Venusaur
|-heal|p1a: Venusaur|259\/364
|
|-heal|p2a: Zapdos|39\/321 tox|[from] item: Leftovers
|-damage|p2a: Zapdos|0 fnt|[from] psn
|faint|p2a: Zapdos
|
|switch|p2a: Articuno|Articuno|321\/321
|-damage|p2a: Articuno|161\/321|[from] Stealth Rock
|-ability|p2a: Articuno|Pressure
|turn|17
|
|switch|p1a: Heatran|Heatran, F|90\/386
|move|p2a: Articuno|Defog|p1a: Heatran
|-unboost|p1a: Heatran|evasion|1
|-sideend|p2: yodidady|Stealth Rock|[from] move: Defog|[of] p2a: Articuno
|
|-heal|p2a: Articuno|181\/321|[from] item: Leftovers
|-heal|p1a: Heatran|114\/386|[from] item: Leftovers
|turn|18
|
|switch|p2a: Staraptor|Staraptor, M|312\/312
|move|p1a: Heatran|Stealth Rock|p2a: Staraptor
|-sidestart|p2: yodidady|move: Stealth Rock
|
|-heal|p1a: Heatran|138\/386|[from] item: Leftovers
|turn|19
|
|switch|p1a: Azumarill|Azumarill, M|404\/404
|move|p2a: Staraptor|Close Combat|p1a: Azumarill
|-resisted|p1a: Azumarill
|-damage|p1a: Azumarill|322\/404
|-unboost|p2a: Staraptor|def|1
|-unboost|p2a: Staraptor|spd|1
|
|turn|20
|-message|yodidady forfeited.
|
|win|Neo AE
|raw|Ladder updating...
|leave|yodidady
|player|p2
|raw|Neo AE's rating: 1752 &rarr; <strong>1765<\/strong><br \/>(+13 for winning)
|raw|yodidady's rating: 1626 &rarr; <strong>1613<\/strong><br \/>(-13 for losing)