|join|geekin hard
|join|Neo AE
|player|p1|geekin hard|64
|player|p2|Neo AE|153
|gametype|singles
|gen|6
|tier|OU
|rated
|clearpoke
|poke|p1|Togekiss, F
|poke|p1|Garchomp, F
|poke|p1|Aegislash, M
|poke|p1|Klefki, F
|poke|p1|Toxicroak, M
|poke|p1|Pinsir, F
|poke|p2|Venusaur, M
|poke|p2|Rotom-Wash
|poke|p2|Azumarill, F
|poke|p2|Heatran, F
|poke|p2|Landorus, M
|poke|p2|Mandibuzz, F
|rule|Swagger Clause: Swagger is banned
|rule|Baton Pass Clause: Limit one PokÃ©mon knowing Baton Pass
|rule|Sleep Clause Mod: Limit one foe put to sleep
|rule|Species Clause: Limit one of each PokÃ©mon
|rule|OHKO Clause: OHKO moves are banned
|rule|Moody Clause: Moody is banned
|rule|Evasion Moves Clause: Evasion moves are banned
|rule|Endless Battle Clause: Forcing endless battles is banned
|rule|HP Percentage Mod: HP is reported as percentages
|teampreview
|
|start
|switch|p1a: Pinsir|Pinsir, F|334\/334
|switch|p2a: Landorus|Landorus, M|320\/320
|turn|1
|
|switch|p2a: Rotom-Wash|Rotom-Wash|304\/304
|move|p1a: Pinsir|Swords Dance|p1a: Pinsir
|-boost|p1a: Pinsir|atk|2
|
|turn|2
|
|move|p2a: Rotom-Wash|Volt Switch|p1a: Pinsir
|-damage|p1a: Pinsir|222\/334
|
|switch|p2a: Mandibuzz|Mandibuzz, F|424\/424
|move|p1a: Pinsir|Swords Dance|p1a: Pinsir
|-boost|p1a: Pinsir|atk|2
|
|turn|3
|
|move|p1a: Pinsir|Stone Edge|p2a: Mandibuzz
|-crit|p2a: Mandibuzz
|-supereffective|p2a: Mandibuzz
|-damage|p2a: Mandibuzz|0 fnt
|faint|p2a: Mandibuzz
|-boost|p1a: Pinsir|atk|1|[from] ability: Moxie
|
|
|switch|p2a: Landorus|Landorus, M|320\/320
|turn|4
|
|detailschange|p1a: Pinsir|Pinsir-Mega, F
|message|Pinsir has Mega Evolved into Mega Pinsir!
|move|p1a: Pinsir|Quick Attack|p2a: Landorus
|-damage|p2a: Landorus|0 fnt
|faint|p2a: Landorus
|
|
|switch|p2a: Rotom-Wash|Rotom-Wash|304\/304
|turn|5
|
|move|p1a: Pinsir|Quick Attack|p2a: Rotom-Wash
|-crit|p2a: Rotom-Wash
|-resisted|p2a: Rotom-Wash
|-damage|p2a: Rotom-Wash|80\/304
|move|p2a: Rotom-Wash|Volt Switch|p1a: Pinsir
|-supereffective|p1a: Pinsir
|-damage|p1a: Pinsir|30\/334
|
|switch|p2a: Azumarill|Azumarill, F|404\/404
|
|turn|6
|
|move|p1a: Pinsir|Quick Attack|p2a: Azumarill
|-damage|p2a: Azumarill|0 fnt
|faint|p2a: Azumarill
|
|
|switch|p2a: Heatran|Heatran, F|386\/386
|-item|p2a: Heatran|Air Balloon
|turn|7
|
|move|p1a: Pinsir|Quick Attack|p2a: Heatran
|-resisted|p2a: Heatran
|-damage|p2a: Heatran|197\/386
|-enditem|p2a: Heatran|Air Balloon
|move|p2a: Heatran|Lava Plume|p1a: Pinsir
|-supereffective|p1a: Pinsir
|-damage|p1a: Pinsir|0 fnt
|faint|p1a: Pinsir
|
|
|switch|p1a: Garchomp|Garchomp, F|358\/358
|turn|8
|
|switch|p2a: Venusaur|Venusaur, M|364\/364
|move|p1a: Garchomp|Outrage|p2a: Venusaur
|-damage|p2a: Venusaur|186\/364
|
|turn|9
|
|detailschange|p2a: Venusaur|Venusaur-Mega, M
|message|Venusaur has Mega Evolved into Mega Venusaur!
|move|p1a: Garchomp|Outrage|p2a: Venusaur
|-damage|p2a: Venusaur|51\/364
|move|p2a: Venusaur|Synthesis|p2a: Venusaur
|-heal|p2a: Venusaur|233\/364
|
|-end|p1a: Garchomp|rampage
|-start|p1a: Garchomp|confusion
|turn|10
|
|switch|p1a: Aegislash|Aegislash, M|261\/261
|-item|p1a: Aegislash|Air Balloon
|move|p2a: Venusaur|Sleep Powder|p1a: Aegislash
|-status|p1a: Aegislash|slp
|
|turn|11
|
|switch|p1a: Klefki|Klefki, F|255\/255
|move|p2a: Venusaur|Synthesis|p2a: Venusaur
|-heal|p2a: Venusaur|364\/364
|
|turn|12
|
|switch|p2a: Rotom-Wash|Rotom-Wash|80\/304
|move|p1a: Klefki|Calm Mind|p1a: Klefki
|-boost|p1a: Klefki|spa|1
|-boost|p1a: Klefki|spd|1
|
|-heal|p2a: Rotom-Wash|99\/304|[from] item: Leftovers
|turn|13
|
|move|p1a: Klefki|Flash Cannon|p2a: Rotom-Wash
|-resisted|p2a: Rotom-Wash
|-damage|p2a: Rotom-Wash|71\/304
|-unboost|p2a: Rotom-Wash|spd|1
|move|p2a: Rotom-Wash|Pain Split|p1a: Klefki
|-sethp|p1a: Klefki|163\/255|p2a: Rotom-Wash|163\/304|[from] move: Pain Split
|
|-heal|p2a: Rotom-Wash|182\/304|[from] item: Leftovers
|turn|14
|
|switch|p2a: Heatran|Heatran, F|197\/386
|move|p1a: Klefki|Calm Mind|p1a: Klefki
|-boost|p1a: Klefki|spa|1
|-boost|p1a: Klefki|spd|1
|
|turn|15
|
|move|p1a: Klefki|Draining Kiss|p2a: Heatran
|-resisted|p2a: Heatran
|-damage|p2a: Heatran|178\/386
|-heal|p1a: Klefki|182\/255|[from] drain|[of] p2a: Heatran
|move|p2a: Heatran|Lava Plume|p1a: Klefki
|-supereffective|p1a: Klefki
|-damage|p1a: Klefki|44\/255
|
|turn|16
|
|move|p1a: Klefki|Psyshock|p2a: Heatran
|-resisted|p2a: Heatran
|-damage|p2a: Heatran|121\/386
|move|p2a: Heatran|Stealth Rock|p1a: Klefki
|-sidestart|p1: geekin hard|move: Stealth Rock
|
|turn|17
|
|move|p1a: Klefki|Psyshock|p2a: Heatran
|-resisted|p2a: Heatran
|-damage|p2a: Heatran|68\/386
|move|p2a: Heatran|Lava Plume|p1a: Klefki
|-supereffective|p1a: Klefki
|-damage|p1a: Klefki|0 fnt
|faint|p1a: Klefki
|
|
|switch|p1a: Garchomp|Garchomp, F|358\/358
|-damage|p1a: Garchomp|336\/358|[from] Stealth Rock
|turn|18
|
|move|p1a: Garchomp|Poison Jab|p2a: Heatran
|-immune|p2a: Heatran|[msg]
|move|p2a: Heatran|Lava Plume|p1a: Garchomp
|-resisted|p1a: Garchomp
|-damage|p1a: Garchomp|273\/358
|
|-heal|p1a: Garchomp|295\/358|[from] item: Leftovers
|turn|19
|
|move|p1a: Garchomp|Earthquake|p2a: Heatran
|-supereffective|p2a: Heatran
|-damage|p2a: Heatran|0 fnt
|faint|p2a: Heatran
|
|-heal|p1a: Garchomp|317\/358|[from] item: Leftovers
|
|switch|p2a: Rotom-Wash|Rotom-Wash|182\/304
|turn|20
|
|move|p1a: Garchomp|Swords Dance|p1a: Garchomp
|-boost|p1a: Garchomp|atk|2
|move|p2a: Rotom-Wash|Will-O-Wisp|p1a: Garchomp
|-status|p1a: Garchomp|brn
|
|-heal|p1a: Garchomp|339\/358 brn|[from] item: Leftovers
|-heal|p2a: Rotom-Wash|201\/304|[from] item: Leftovers
|-damage|p1a: Garchomp|295\/358 brn|[from] brn
|turn|21
|
|switch|p2a: Venusaur|Venusaur-Mega, M|364\/364
|move|p1a: Garchomp|Poison Jab|p2a: Venusaur
|-damage|p2a: Venusaur|298\/364
|
|-heal|p1a: Garchomp|317\/358 brn|[from] item: Leftovers
|-damage|p1a: Garchomp|273\/358 brn|[from] brn
|turn|22
|
|move|p1a: Garchomp|Swords Dance|p1a: Garchomp
|-boost|p1a: Garchomp|atk|2
|move|p2a: Venusaur|Giga Drain|p1a: Garchomp
|-damage|p1a: Garchomp|153\/358 brn
|-heal|p2a: Venusaur|358\/364|[from] drain|[of] p1a: Garchomp
|
|-heal|p1a: Garchomp|175\/358 brn|[from] item: Leftovers
|-damage|p1a: Garchomp|131\/358 brn|[from] brn
|turn|23
|
|move|p1a: Garchomp|Outrage|p2a: Venusaur
|-damage|p2a: Venusaur|165\/364
|move|p2a: Venusaur|Giga Drain|p1a: Garchomp
|-damage|p1a: Garchomp|4\/358 brn
|-heal|p2a: Venusaur|229\/364|[from] drain|[of] p1a: Garchomp
|
|-heal|p1a: Garchomp|26\/358 brn|[from] item: Leftovers
|-damage|p1a: Garchomp|0 fnt|[from] brn
|faint|p1a: Garchomp
|
|switch|p1a: Togekiss|Togekiss, F|311\/311
|-damage|p1a: Togekiss|234\/311|[from] Stealth Rock
|turn|24
|
|switch|p2a: Rotom-Wash|Rotom-Wash|201\/304
|move|p1a: Togekiss|Thunder Wave|p2a: Rotom-Wash
|-fail|p2a: Rotom-Wash
|
|-heal|p2a: Rotom-Wash|220\/304|[from] item: Leftovers
|turn|25
|
|move|p2a: Rotom-Wash|Volt Switch|p1a: Togekiss
|-supereffective|p1a: Togekiss
|-damage|p1a: Togekiss|120\/311
|
|switch|p2a: Venusaur|Venusaur-Mega, M|229\/364
|move|p1a: Togekiss|Psychic|p2a: Venusaur
|-supereffective|p2a: Venusaur
|-damage|p2a: Venusaur|101\/364
|
|turn|26
|
|switch|p2a: Rotom-Wash|Rotom-Wash|220\/304
|move|p1a: Togekiss|Air Slash|p2a: Rotom-Wash
|-resisted|p2a: Rotom-Wash
|-damage|p2a: Rotom-Wash|175\/304
|
|-heal|p2a: Rotom-Wash|194\/304|[from] item: Leftovers
|turn|27
|
|move|p2a: Rotom-Wash|Hydro Pump|p1a: Togekiss|[miss]
|-miss|p2a: Rotom-Wash|p1a: Togekiss
|move|p1a: Togekiss|Psychic|p2a: Rotom-Wash
|-damage|p2a: Rotom-Wash|109\/304
|
|-heal|p2a: Rotom-Wash|128\/304|[from] item: Leftovers
|turn|28
|
|move|p2a: Rotom-Wash|Volt Switch|p1a: Togekiss
|-supereffective|p1a: Togekiss
|-damage|p1a: Togekiss|4\/311
|
|switch|p2a: Venusaur|Venusaur-Mega, M|101\/364
|move|p1a: Togekiss|Psychic|p2a: Venusaur
|-supereffective|p2a: Venusaur
|-damage|p2a: Venusaur|0 fnt
|faint|p2a: Venusaur
|
|
|switch|p2a: Rotom-Wash|Rotom-Wash|128\/304
|turn|29
|
|move|p2a: Rotom-Wash|Volt Switch|p1a: Togekiss
|-supereffective|p1a: Togekiss
|-damage|p1a: Togekiss|0 fnt
|faint|p1a: Togekiss
|
|-heal|p2a: Rotom-Wash|147\/304|[from] item: Leftovers
|
|switch|p1a: Toxicroak|Toxicroak, M|307\/307
|-damage|p1a: Toxicroak|288\/307|[from] Stealth Rock
|turn|30
|
|move|p2a: Rotom-Wash|Will-O-Wisp|p1a: Toxicroak
|-status|p1a: Toxicroak|brn
|move|p1a: Toxicroak|Swords Dance|p1a: Toxicroak
|-boost|p1a: Toxicroak|atk|2
|
|-heal|p2a: Rotom-Wash|166\/304|[from] item: Leftovers
|-heal|p1a: Toxicroak|307\/307 brn|[from] item: Black Sludge
|-damage|p1a: Toxicroak|269\/307 brn|[from] brn
|turn|31
|
|move|p2a: Rotom-Wash|Pain Split|p1a: Toxicroak
|-sethp|p1a: Toxicroak|217\/307 brn|p2a: Rotom-Wash|217\/304|[from] move: Pain Split
|move|p1a: Toxicroak|Drain Punch|p2a: Rotom-Wash
|-damage|p2a: Rotom-Wash|147\/304
|-heal|p1a: Toxicroak|252\/307 brn|[from] drain|[of] p2a: Rotom-Wash
|
|-heal|p2a: Rotom-Wash|166\/304|[from] item: Leftovers
|-heal|p1a: Toxicroak|271\/307 brn|[from] item: Black Sludge
|-damage|p1a: Toxicroak|233\/307 brn|[from] brn
|turn|32
|
|move|p2a: Rotom-Wash|Pain Split|p1a: Toxicroak
|-sethp|p1a: Toxicroak|199\/307 brn|p2a: Rotom-Wash|199\/304|[from] move: Pain Split
|move|p1a: Toxicroak|Swords Dance|p1a: Toxicroak
|-boost|p1a: Toxicroak|atk|2
|
|-heal|p2a: Rotom-Wash|218\/304|[from] item: Leftovers
|-heal|p1a: Toxicroak|218\/307 brn|[from] item: Black Sludge
|-damage|p1a: Toxicroak|180\/307 brn|[from] brn
|turn|33
|
|move|p1a: Toxicroak|Sucker Punch|p2a: Rotom-Wash
|-damage|p2a: Rotom-Wash|139\/304
|move|p2a: Rotom-Wash|Volt Switch|p1a: Toxicroak
|-damage|p1a: Toxicroak|84\/307 brn
|
|-heal|p2a: Rotom-Wash|158\/304|[from] item: Leftovers
|-heal|p1a: Toxicroak|103\/307 brn|[from] item: Black Sludge
|-damage|p1a: Toxicroak|65\/307 brn|[from] brn
|turn|34
|
|move|p2a: Rotom-Wash|Will-O-Wisp|p1a: Toxicroak
|-fail|p1a: Toxicroak|brn
|move|p1a: Toxicroak|Drain Punch|p2a: Rotom-Wash
|-damage|p2a: Rotom-Wash|47\/304
|-heal|p1a: Toxicroak|121\/307 brn|[from] drain|[of] p2a: Rotom-Wash
|
|-heal|p2a: Rotom-Wash|66\/304|[from] item: Leftovers
|-heal|p1a: Toxicroak|140\/307 brn|[from] item: Black Sludge
|-damage|p1a: Toxicroak|102\/307 brn|[from] brn
|turn|35
|
|move|p1a: Toxicroak|Sucker Punch|p2a: Rotom-Wash
|-fail|p2a: Rotom-Wash
|move|p2a: Rotom-Wash|Pain Split|p1a: Toxicroak
|-sethp|p1a: Toxicroak|84\/307 brn|p2a: Rotom-Wash|84\/304|[from] move: Pain Split
|
|-heal|p2a: Rotom-Wash|103\/304|[from] item: Leftovers
|-heal|p1a: Toxicroak|103\/307 brn|[from] item: Black Sludge
|-damage|p1a: Toxicroak|65\/307 brn|[from] brn
|turn|36
|
|move|p2a: Rotom-Wash|Volt Switch|p1a: Toxicroak
|-damage|p1a: Toxicroak|0 fnt
|faint|p1a: Toxicroak
|
|-heal|p2a: Rotom-Wash|122\/304|[from] item: Leftovers
|
|switch|p1a: Aegislash|Aegislash, M|261\/261 slp
|-damage|p1a: Aegislash|245\/261 slp|[from] Stealth Rock
|-item|p1a: Aegislash|Air Balloon
|turn|37
|
|move|p2a: Rotom-Wash|Pain Split|p1a: Aegislash
|-sethp|p1a: Aegislash|183\/261 slp|p2a: Rotom-Wash|183\/304|[from] move: Pain Split
|cant|p1a: Aegislash|slp
|
|-heal|p2a: Rotom-Wash|202\/304|[from] item: Leftovers
|turn|38
|
|move|p2a: Rotom-Wash|Hydro Pump|p1a: Aegislash
|-damage|p1a: Aegislash|81\/261 slp
|-enditem|p1a: Aegislash|Air Balloon
|cant|p1a: Aegislash|slp
|
|-heal|p2a: Rotom-Wash|221\/304|[from] item: Leftovers
|turn|39
|
|-formechange|p1a: Aegislash|Aegislash-Blade
|cant|p1a: Aegislash|slp
|move|p2a: Rotom-Wash|Hydro Pump|p1a: Aegislash|[miss]
|-miss|p2a: Rotom-Wash|p1a: Aegislash
|
|-heal|p2a: Rotom-Wash|240\/304|[from] item: Leftovers
|turn|40
|
|-curestatus|p1a: Aegislash|slp
|move|p1a: Aegislash|Shadow Sneak|p2a: Rotom-Wash
|-damage|p2a: Rotom-Wash|182\/304
|move|p2a: Rotom-Wash|Volt Switch|p1a: Aegislash
|-damage|p1a: Aegislash|0 fnt
|faint|p1a: Aegislash
|
|win|Neo AE
|raw|Ladder updating...
|raw|geekin hard's rating: 1211 &rarr; <strong>1189<\/strong><br \/>(-22 for losing)
|raw|Neo AE's rating: 1260 &rarr; <strong>1281<\/strong><br \/>(+21 for winning)
|chat|geekin hard|gg
|leave|geekin hard
|player|p1