|join|Neo AE
|join|J. Marshall
|player|p1|Neo AE|153
|player|p2|J. Marshall|168
|gametype|singles
|gen|6
|tier|OU
|rated
|clearpoke
|poke|p1|Venusaur, M
|poke|p1|Rotom-Wash
|poke|p1|Azumarill, M
|poke|p1|Heatran, M
|poke|p1|Landorus, M
|poke|p1|Mandibuzz, F
|poke|p2|Talonflame, F
|poke|p2|Amoonguss, M
|poke|p2|Gardevoir, F
|poke|p2|Rotom-Wash
|poke|p2|Excadrill, F
|poke|p2|Tyranitar, M
|rule|Swagger Clause: Swagger is banned
|rule|Baton Pass Clause: Limit one PokÃ©mon knowing Baton Pass
|rule|Sleep Clause Mod: Limit one foe put to sleep
|rule|Species Clause: Limit one of each PokÃ©mon
|rule|OHKO Clause: OHKO moves are banned
|rule|Moody Clause: Moody is banned
|rule|Evasion Moves Clause: Evasion moves are banned
|rule|Endless Battle Clause: Forcing endless battles is banned
|rule|HP Percentage Mod: HP is reported as percentages
|teampreview
|
|start
|switch|p1a: Venusaur|Venusaur, M|364\/364
|switch|p2a: Rotom-Wash|Rotom-Wash|304\/304
|turn|1
|
|detailschange|p1a: Venusaur|Venusaur-Mega, M
|message|Venusaur has Mega Evolved into Mega Venusaur!
|move|p2a: Rotom-Wash|Will-O-Wisp|p1a: Venusaur|[miss]
|-miss|p2a: Rotom-Wash|p1a: Venusaur
|move|p1a: Venusaur|Giga Drain|p2a: Rotom-Wash
|-supereffective|p2a: Rotom-Wash
|-damage|p2a: Rotom-Wash|116\/304
|
|-heal|p2a: Rotom-Wash|135\/304|[from] item: Leftovers
|turn|2
|chat|J. Marshall|happens
|chat|Neo AE|well yh ik 
|chat|Neo AE|missed will 3 times a row
|
|switch|p1a: Rotom-Wash|Rotom-Wash|304\/304
|move|p2a: Rotom-Wash|Volt Switch|p1a: Rotom-Wash
|-damage|p1a: Rotom-Wash|229\/304
|
|switch|p2a: Tyranitar|Tyranitar, M|404\/404
|-weather|Sandstorm
|
|-weather|Sandstorm|[upkeep]
|-damage|p1a: Rotom-Wash|210\/304|[from] sandstorm
|-heal|p1a: Rotom-Wash|229\/304|[from] item: Leftovers
|turn|3
|
|move|p1a: Rotom-Wash|Will-O-Wisp|p2a: Tyranitar
|-status|p2a: Tyranitar|brn
|-enditem|p2a: Tyranitar|Lum Berry|[eat]
|-curestatus|p2a: Tyranitar|brn
|move|p2a: Tyranitar|Stealth Rock|p1a: Rotom-Wash
|-sidestart|p1: Neo AE|move: Stealth Rock
|
|-weather|Sandstorm|[upkeep]
|-damage|p1a: Rotom-Wash|210\/304|[from] sandstorm
|-heal|p1a: Rotom-Wash|229\/304|[from] item: Leftovers
|turn|4
|
|switch|p2a: Rotom-Wash|Rotom-Wash|135\/304
|move|p1a: Rotom-Wash|Will-O-Wisp|p2a: Rotom-Wash
|-status|p2a: Rotom-Wash|brn
|
|-weather|Sandstorm|[upkeep]
|-damage|p1a: Rotom-Wash|210\/304|[from] sandstorm
|-damage|p2a: Rotom-Wash|116\/304 brn|[from] sandstorm
|-heal|p1a: Rotom-Wash|229\/304|[from] item: Leftovers
|-heal|p2a: Rotom-Wash|135\/304 brn|[from] item: Leftovers
|-damage|p2a: Rotom-Wash|97\/304 brn|[from] brn
|turn|5
|
|move|p1a: Rotom-Wash|Volt Switch|p2a: Rotom-Wash
|-damage|p2a: Rotom-Wash|12\/304 brn
|
|switch|p1a: Heatran|Heatran, M|386\/386
|-damage|p1a: Heatran|338\/386|[from] Stealth Rock
|move|p2a: Rotom-Wash|Hydro Pump|p1a: Heatran
|-supereffective|p1a: Heatran
|-damage|p1a: Heatran|146\/386
|
|-weather|Sandstorm|[upkeep]
|-damage|p2a: Rotom-Wash|0 fnt|[from] sandstorm
|-heal|p1a: Heatran|170\/386|[from] item: Leftovers
|faint|p2a: Rotom-Wash
|
|switch|p2a: Tyranitar|Tyranitar, M|404\/404
|turn|6
|
|move|p2a: Tyranitar|Pursuit|p1a: Heatran|[from]Pursuit
|-damage|p1a: Heatran|47\/386
|switch|p1a: Mandibuzz|Mandibuzz, F|424\/424
|-damage|p1a: Mandibuzz|318\/424|[from] Stealth Rock
|
|-weather|none
|turn|7
|
|switch|p2a: Gardevoir|Gardevoir, F|278\/278
|-ability|p2a: Gardevoir|Overcoat|[from] ability: Trace|[of] p1a: Mandibuzz
|move|p1a: Mandibuzz|Defog|p2a: Gardevoir
|-unboost|p2a: Gardevoir|evasion|1
|-sideend|p1: Neo AE|Stealth Rock|[from] move: Defog|[of] p1a: Mandibuzz
|
|turn|8
|
|detailschange|p2a: Gardevoir|Gardevoir-Mega, F
|message|Gardevoir has Mega Evolved into Mega Gardevoir!
|move|p2a: Gardevoir|Hyper Voice|p1a: Mandibuzz
|-supereffective|p1a: Mandibuzz
|-damage|p1a: Mandibuzz|0 fnt
|faint|p1a: Mandibuzz
|
|
|switch|p1a: Landorus|Landorus, M|320\/320
|turn|9
|
|switch|p2a: Excadrill|Excadrill, F|362\/362
|-ability|p2a: Excadrill|Mold Breaker
|-item|p2a: Excadrill|Air Balloon
|move|p1a: Landorus|Earth Power|p2a: Excadrill
|-immune|p2a: Excadrill|[msg]
|
|turn|10
|chat|Neo AE|ahhh
|chat|Neo AE|hoped for it to have no ballon lol
|
|switch|p2a: Gardevoir|Gardevoir-Mega, F|278\/278
|move|p1a: Landorus|Focus Blast|p2a: Gardevoir
|-resisted|p2a: Gardevoir
|-damage|p2a: Gardevoir|234\/278
|
|turn|11
|
|move|p1a: Landorus|Sludge Wave|p2a: Gardevoir
|-supereffective|p2a: Gardevoir
|-damage|p2a: Gardevoir|0 fnt
|faint|p2a: Gardevoir
|
|
|switch|p2a: Tyranitar|Tyranitar, M|404\/404
|-weather|Sandstorm
|turn|12
|
|switch|p1a: Heatran|Heatran, M|47\/386
|move|p2a: Tyranitar|Stone Edge|p1a: Heatran
|-damage|p1a: Heatran|0 fnt
|faint|p1a: Heatran
|
|-weather|Sandstorm|[upkeep]
|
|switch|p1a: Azumarill|Azumarill, M|404\/404
|turn|13
|
|switch|p2a: Amoonguss|Amoonguss, M|432\/432
|switch|p1a: Landorus|Landorus, M|320\/320
|
|-weather|Sandstorm|[upkeep]
|-damage|p2a: Amoonguss|405\/432|[from] sandstorm
|-heal|p2a: Amoonguss|432\/432|[from] item: Black Sludge
|turn|14
|
|move|p1a: Landorus|Psychic|p2a: Amoonguss
|-supereffective|p2a: Amoonguss
|-damage|p2a: Amoonguss|52\/432
|move|p2a: Amoonguss|Spore|p1a: Landorus
|-status|p1a: Landorus|slp
|
|-weather|Sandstorm|[upkeep]
|-damage|p2a: Amoonguss|25\/432|[from] sandstorm
|-heal|p2a: Amoonguss|52\/432|[from] item: Black Sludge
|turn|15
|
|switch|p2a: Talonflame|Talonflame, F|297\/297
|cant|p1a: Landorus|slp
|
|-weather|Sandstorm|[upkeep]
|-damage|p2a: Talonflame|279\/297|[from] sandstorm
|turn|16
|
|switch|p2a: Tyranitar|Tyranitar, M|404\/404
|switch|p1a: Rotom-Wash|Rotom-Wash|229\/304
|
|-weather|none
|-heal|p1a: Rotom-Wash|248\/304|[from] item: Leftovers
|turn|17
|
|move|p1a: Rotom-Wash|Will-O-Wisp|p2a: Tyranitar
|-status|p2a: Tyranitar|brn
|move|p2a: Tyranitar|Stealth Rock|p1a: Rotom-Wash
|-sidestart|p1: Neo AE|move: Stealth Rock
|
|-heal|p1a: Rotom-Wash|267\/304|[from] item: Leftovers
|-damage|p2a: Tyranitar|354\/404 brn|[from] brn
|turn|18
|
|switch|p2a: Amoonguss|Amoonguss, M|196\/432
|move|p1a: Rotom-Wash|Hydro Pump|p2a: Amoonguss
|-resisted|p2a: Amoonguss
|-damage|p2a: Amoonguss|111\/432
|
|-heal|p1a: Rotom-Wash|286\/304|[from] item: Leftovers
|-heal|p2a: Amoonguss|138\/432|[from] item: Black Sludge
|turn|19
|
|move|p1a: Rotom-Wash|Volt Switch|p2a: Amoonguss
|-resisted|p2a: Amoonguss
|-damage|p2a: Amoonguss|90\/432
|
|switch|p1a: Venusaur|Venusaur-Mega, M|364\/364
|-damage|p1a: Venusaur|319\/364|[from] Stealth Rock
|move|p2a: Amoonguss|Sludge Bomb|p1a: Venusaur
|-damage|p1a: Venusaur|238\/364
|
|-heal|p2a: Amoonguss|117\/432|[from] item: Black Sludge
|turn|20
|
|switch|p2a: Tyranitar|Tyranitar, M|354\/404 brn
|-weather|Sandstorm
|move|p1a: Venusaur|Sludge Bomb|p2a: Tyranitar
|-resisted|p2a: Tyranitar
|-damage|p2a: Tyranitar|322\/404 brn
|
|-weather|Sandstorm|[upkeep]
|-damage|p1a: Venusaur|216\/364|[from] sandstorm
|-damage|p2a: Tyranitar|272\/404 brn|[from] brn
|turn|21
|
|switch|p2a: Talonflame|Talonflame, F|279\/297
|move|p1a: Venusaur|Synthesis|p1a: Venusaur
|-heal|p1a: Venusaur|307\/364
|
|-weather|Sandstorm|[upkeep]
|-damage|p2a: Talonflame|261\/297|[from] sandstorm
|-damage|p1a: Venusaur|285\/364|[from] sandstorm
|turn|22
|
|switch|p1a: Rotom-Wash|Rotom-Wash|286\/304
|-damage|p1a: Rotom-Wash|248\/304|[from] Stealth Rock
|move|p2a: Talonflame|U-turn|p1a: Rotom-Wash
|-damage|p1a: Rotom-Wash|174\/304
|
|switch|p2a: Excadrill|Excadrill, F|362\/362
|-ability|p2a: Excadrill|Mold Breaker
|-item|p2a: Excadrill|Air Balloon
|
|-weather|Sandstorm|[upkeep]
|-damage|p1a: Rotom-Wash|155\/304|[from] sandstorm
|-heal|p1a: Rotom-Wash|174\/304|[from] item: Leftovers
|turn|23
|
|switch|p1a: Landorus|Landorus, M|320\/320 slp
|-damage|p1a: Landorus|280\/320 slp|[from] Stealth Rock
|move|p2a: Excadrill|Iron Head|p1a: Landorus
|-damage|p1a: Landorus|133\/320 slp
|
|-weather|Sandstorm|[upkeep]
|turn|24
|
|cant|p1a: Landorus|slp
|move|p2a: Excadrill|Iron Head|p1a: Landorus
|-damage|p1a: Landorus|0 fnt
|faint|p1a: Landorus
|
|-weather|none
|
|switch|p1a: Azumarill|Azumarill, M|404\/404
|-damage|p1a: Azumarill|354\/404|[from] Stealth Rock
|turn|25
|
|switch|p2a: Amoonguss|Amoonguss, M|261\/432
|move|p1a: Azumarill|Waterfall|p2a: Amoonguss
|-resisted|p2a: Amoonguss
|-damage|p2a: Amoonguss|151\/432
|
|-heal|p2a: Amoonguss|178\/432|[from] item: Black Sludge
|turn|26
|
|switch|p1a: Venusaur|Venusaur-Mega, M|285\/364
|-damage|p1a: Venusaur|240\/364|[from] Stealth Rock
|switch|p2a: Tyranitar|Tyranitar, M|272\/404 brn
|-weather|Sandstorm
|
|-weather|Sandstorm|[upkeep]
|-damage|p1a: Venusaur|218\/364|[from] sandstorm
|-damage|p2a: Tyranitar|222\/404 brn|[from] brn
|turn|27
|
|move|p1a: Venusaur|Sleep Powder|p2a: Tyranitar
|-fail|p2a: Tyranitar
|move|p2a: Tyranitar|Stone Edge|p1a: Venusaur
|-damage|p1a: Venusaur|166\/364
|
|-weather|Sandstorm|[upkeep]
|-damage|p1a: Venusaur|144\/364|[from] sandstorm
|-damage|p2a: Tyranitar|172\/404 brn|[from] brn
|turn|28
|
|move|p1a: Venusaur|Sleep Powder|p2a: Tyranitar|[miss]
|-miss|p1a: Venusaur|p2a: Tyranitar
|move|p2a: Tyranitar|Stone Edge|p1a: Venusaur
|-crit|p1a: Venusaur
|-damage|p1a: Venusaur|69\/364
|
|-weather|Sandstorm|[upkeep]
|-damage|p1a: Venusaur|47\/364|[from] sandstorm
|-damage|p2a: Tyranitar|122\/404 brn|[from] brn
|turn|29
|
|move|p1a: Venusaur|Synthesis|p1a: Venusaur
|-heal|p1a: Venusaur|138\/364
|move|p2a: Tyranitar|Stone Edge|p1a: Venusaur
|-damage|p1a: Venusaur|86\/364
|
|-weather|Sandstorm|[upkeep]
|-damage|p1a: Venusaur|64\/364|[from] sandstorm
|-damage|p2a: Tyranitar|72\/404 brn|[from] brn
|turn|30
|
|move|p1a: Venusaur|Synthesis|p1a: Venusaur
|-heal|p1a: Venusaur|155\/364
|move|p2a: Tyranitar|Stone Edge|p1a: Venusaur
|-damage|p1a: Venusaur|103\/364
|
|-weather|none
|-damage|p2a: Tyranitar|22\/404 brn|[from] brn
|turn|31
|
|switch|p2a: Talonflame|Talonflame, F|261\/297
|move|p1a: Venusaur|Synthesis|p1a: Venusaur
|-heal|p1a: Venusaur|285\/364
|
|turn|32
|
|switch|p1a: Azumarill|Azumarill, M|354\/404
|-damage|p1a: Azumarill|304\/404|[from] Stealth Rock
|move|p2a: Talonflame|Brave Bird|p1a: Azumarill
|-damage|p1a: Azumarill|0 fnt
|-damage|p2a: Talonflame|161\/297|[from] recoil|[of] p1a: Azumarill
|faint|p1a: Azumarill
|
|
|switch|p1a: Rotom-Wash|Rotom-Wash|174\/304
|-damage|p1a: Rotom-Wash|136\/304|[from] Stealth Rock
|turn|33
|
|switch|p2a: Tyranitar|Tyranitar, M|22\/404 brn
|-weather|Sandstorm
|move|p1a: Rotom-Wash|Volt Switch|p2a: Tyranitar
|-damage|p2a: Tyranitar|0 fnt
|faint|p2a: Tyranitar
|
|switch|p1a: Venusaur|Venusaur-Mega, M|285\/364
|-damage|p1a: Venusaur|240\/364|[from] Stealth Rock
|
|-weather|Sandstorm|[upkeep]
|-damage|p1a: Venusaur|218\/364|[from] sandstorm
|
|switch|p2a: Talonflame|Talonflame, F|161\/297
|turn|34
|
|move|p2a: Talonflame|Brave Bird|p1a: Venusaur
|-supereffective|p1a: Venusaur
|-damage|p1a: Venusaur|0 fnt
|-damage|p2a: Talonflame|89\/297|[from] recoil|[of] p1a: Venusaur
|faint|p1a: Venusaur
|
|-weather|Sandstorm|[upkeep]
|-damage|p2a: Talonflame|71\/297|[from] sandstorm
|chat|Neo AE|ok gg
|
|switch|p1a: Rotom-Wash|Rotom-Wash|136\/304
|-damage|p1a: Rotom-Wash|98\/304|[from] Stealth Rock
|turn|35
|chat|J. Marshall|gg
|
|move|p2a: Talonflame|Brave Bird|p1a: Rotom-Wash
|-resisted|p1a: Rotom-Wash
|-damage|p1a: Rotom-Wash|0 fnt
|-damage|p2a: Talonflame|39\/297|[from] recoil|[of] p1a: Rotom-Wash
|faint|p1a: Rotom-Wash
|
|win|J. Marshall
|raw|Ladder updating...
|raw|Neo AE's rating: 1682 &rarr; <strong>1662<\/strong><br \/>(-20 for losing)
|raw|J. Marshall's rating: 1683 &rarr; <strong>1703<\/strong><br \/>(+20 for winning)