|join|Neo AE
|join|Toilet destroyer
|player|p1|Neo AE|153
|player|p2|Toilet destroyer|265
|gametype|singles
|gen|6
|tier|OU (suspect test)
|rated
|clearpoke
|poke|p1|Tornadus-Therian, M
|poke|p1|Metagross
|poke|p1|Keldeo
|poke|p1|Landorus-Therian, M
|poke|p1|Rotom-Wash
|poke|p1|Clefable, M
|poke|p2|Azumarill, M
|poke|p2|Landorus, M
|poke|p2|Metagross
|poke|p2|Talonflame, F
|poke|p2|Excadrill, F
|poke|p2|Rotom-Wash
|rule|Swagger Clause: Swagger is banned
|rule|Baton Pass Clause: Limit one PokÃ©mon knowing Baton Pass
|rule|Sleep Clause Mod: Limit one foe put to sleep
|rule|Species Clause: Limit one of each PokÃ©mon
|rule|OHKO Clause: OHKO moves are banned
|rule|Moody Clause: Moody is banned
|rule|Evasion Moves Clause: Evasion moves are banned
|rule|Endless Battle Clause: Forcing endless battles is banned
|rule|HP Percentage Mod: HP is shown in percentages
|teampreview
|
|start
|switch|p1a: Rotom-Hax|Rotom-Wash|304\/304
|switch|p2a: Rotom-Wash|Rotom-Wash|294\/294
|turn|1
|
|move|p2a: Rotom-Wash|Will-O-Wisp|p1a: Rotom-Hax
|-status|p1a: Rotom-Hax|brn
|move|p1a: Rotom-Hax|Will-O-Wisp|p2a: Rotom-Wash
|-status|p2a: Rotom-Wash|brn
|
|-damage|p2a: Rotom-Wash|258\/294 brn|[from] brn
|-damage|p1a: Rotom-Hax|266\/304 brn|[from] brn
|turn|2
|
|switch|p2a: Landorus|Landorus, M|319\/319
|move|p1a: Rotom-Hax|Volt Switch|p2a: Landorus
|-immune|p2a: Landorus|[msg]
|
|-heal|p1a: Rotom-Hax|285\/304 brn|[from] item: Leftovers
|-damage|p1a: Rotom-Hax|247\/304 brn|[from] brn
|turn|3
|
|switch|p2a: Rotom-Wash|Rotom-Wash|258\/294 brn
|move|p1a: Rotom-Hax|Hydro Pump|p2a: Rotom-Wash
|-resisted|p2a: Rotom-Wash
|-damage|p2a: Rotom-Wash|198\/294 brn
|
|-heal|p1a: Rotom-Hax|266\/304 brn|[from] item: Leftovers
|-heal|p2a: Rotom-Wash|216\/294 brn|[from] item: Leftovers
|-damage|p1a: Rotom-Hax|228\/304 brn|[from] brn
|-damage|p2a: Rotom-Wash|180\/294 brn|[from] brn
|turn|4
|
|move|p1a: Rotom-Hax|Volt Switch|p2a: Rotom-Wash
|-damage|p2a: Rotom-Wash|99\/294 brn
|
|switch|p1a: Clefable|Clefable, M|394\/394
|move|p2a: Rotom-Wash|Volt Switch|p1a: Clefable
|-damage|p1a: Clefable|315\/394
|
|switch|p2a: Metagross|Metagross|302\/302
|
|-heal|p1a: Clefable|339\/394|[from] item: Leftovers
|turn|5
|
|switch|p1a: Rotom-Hax|Rotom-Wash|228\/304 brn
|detailschange|p2a: Metagross|Metagross-Mega
|-mega|p2a: Metagross|Metagross|Metagrossite
|move|p2a: Metagross|Meteor Mash|p1a: Rotom-Hax
|-resisted|p1a: Rotom-Hax
|-damage|p1a: Rotom-Hax|185\/304 brn
|
|-heal|p1a: Rotom-Hax|204\/304 brn|[from] item: Leftovers
|-damage|p1a: Rotom-Hax|166\/304 brn|[from] brn
|turn|6
|
|switch|p2a: Rotom-Wash|Rotom-Wash|99\/294 brn
|move|p1a: Rotom-Hax|Will-O-Wisp|p2a: Rotom-Wash
|-fail|p2a: Rotom-Wash|brn
|
|-heal|p1a: Rotom-Hax|185\/304 brn|[from] item: Leftovers
|-heal|p2a: Rotom-Wash|117\/294 brn|[from] item: Leftovers
|-damage|p2a: Rotom-Wash|81\/294 brn|[from] brn
|-damage|p1a: Rotom-Hax|147\/304 brn|[from] brn
|turn|7
|
|switch|p1a: Landorus-Therian|Landorus-Therian, M|382\/382
|-ability|p1a: Landorus-Therian|Intimidate|[of] p2a: Rotom-Wash
|-unboost|p2a: Rotom-Wash|atk|1
|move|p2a: Rotom-Wash|Pain Split|p1a: Landorus-Therian
|-sethp|p1a: Landorus-Therian|231\/382|p2a: Rotom-Wash|231\/294 brn|[from] move: Pain Split
|
|-heal|p1a: Landorus-Therian|254\/382|[from] item: Leftovers
|-heal|p2a: Rotom-Wash|249\/294 brn|[from] item: Leftovers
|-damage|p2a: Rotom-Wash|213\/294 brn|[from] brn
|turn|8
|
|move|p1a: Landorus-Therian|U-turn|p2a: Rotom-Wash
|-damage|p2a: Rotom-Wash|158\/294 brn
|
|switch|p1a: Rotom-Hax|Rotom-Wash|147\/304 brn
|move|p2a: Rotom-Wash|Hydro Pump|p1a: Rotom-Hax|[miss]
|-miss|p2a: Rotom-Wash|p1a: Rotom-Hax
|
|-heal|p1a: Rotom-Hax|166\/304 brn|[from] item: Leftovers
|-heal|p2a: Rotom-Wash|176\/294 brn|[from] item: Leftovers
|-damage|p1a: Rotom-Hax|128\/304 brn|[from] brn
|-damage|p2a: Rotom-Wash|140\/294 brn|[from] brn
|turn|9
|
|move|p1a: Rotom-Hax|Pain Split|p2a: Rotom-Wash
|-sethp|p2a: Rotom-Wash|134\/294 brn|p1a: Rotom-Hax|134\/304 brn|[from] move: Pain Split
|move|p2a: Rotom-Wash|Volt Switch|p1a: Rotom-Hax
|-damage|p1a: Rotom-Hax|46\/304 brn
|
|switch|p2a: Metagross|Metagross-Mega|302\/302
|
|-heal|p1a: Rotom-Hax|65\/304 brn|[from] item: Leftovers
|-damage|p1a: Rotom-Hax|27\/304 brn|[from] brn
|turn|10
|
|move|p2a: Metagross|Zen Headbutt|p1a: Rotom-Hax
|-damage|p1a: Rotom-Hax|0 fnt
|faint|p1a: Rotom-Hax
|
|
|switch|p1a: Landorus-Therian|Landorus-Therian, M|254\/382
|-ability|p1a: Landorus-Therian|Intimidate|[of] p2a: Metagross
|-unboost|p2a: Metagross|atk|1
|turn|11
|
|switch|p2a: Rotom-Wash|Rotom-Wash|134\/294 brn
|move|p1a: Landorus-Therian|Stealth Rock|p2a: Rotom-Wash
|-sidestart|p2: Toilet destroyer|move: Stealth Rock
|
|-heal|p1a: Landorus-Therian|277\/382|[from] item: Leftovers
|-heal|p2a: Rotom-Wash|152\/294 brn|[from] item: Leftovers
|-damage|p2a: Rotom-Wash|116\/294 brn|[from] brn
|turn|12
|
|switch|p1a: Clefable|Clefable, M|339\/394
|move|p2a: Rotom-Wash|Volt Switch|p1a: Clefable
|-damage|p1a: Clefable|258\/394
|
|switch|p2a: Metagross|Metagross-Mega|302\/302
|-damage|p2a: Metagross|284\/302|[from] Stealth Rock
|
|-heal|p1a: Clefable|282\/394|[from] item: Leftovers
|turn|13
|
|move|p2a: Metagross|Meteor Mash|p1a: Clefable
|-supereffective|p1a: Clefable
|-damage|p1a: Clefable|0 fnt
|faint|p1a: Clefable
|
|
|switch|p1a: Tornadus-Therian|Tornadus-Therian, M|299\/299
|turn|14
|
|switch|p2a: Rotom-Wash|Rotom-Wash|116\/294 brn
|-damage|p2a: Rotom-Wash|80\/294 brn|[from] Stealth Rock
|move|p1a: Tornadus-Therian|Heat Wave|p2a: Rotom-Wash
|-resisted|p2a: Rotom-Wash
|-damage|p2a: Rotom-Wash|15\/294 brn
|-damage|p1a: Tornadus-Therian|270\/299|[from] item: Life Orb
|
|-heal|p2a: Rotom-Wash|33\/294 brn|[from] item: Leftovers
|-damage|p2a: Rotom-Wash|0 fnt|[from] brn
|faint|p2a: Rotom-Wash
|
|switch|p2a: Azumarill|Azumarill, M|342\/342
|-damage|p2a: Azumarill|300\/342|[from] Stealth Rock
|turn|15
|
|switch|p1a: Keldeo|Keldeo|323\/323
|move|p2a: Azumarill|Play Rough|p1a: Keldeo
|-supereffective|p1a: Keldeo
|-damage|p1a: Keldeo|0 fnt
|faint|p1a: Keldeo
|
|
|switch|p1a: Metagross|Metagross|301\/301
|turn|16
|
|detailschange|p1a: Metagross|Metagross-Mega
|-mega|p1a: Metagross|Metagross|Metagrossite
|move|p1a: Metagross|Meteor Mash|p2a: Azumarill
|-damage|p2a: Azumarill|41\/342
|-enditem|p2a: Azumarill|Sitrus Berry|[eat]
|-heal|p2a: Azumarill|126\/342|[from] item: Sitrus Berry
|move|p2a: Azumarill|Waterfall|p1a: Metagross
|-damage|p1a: Metagross|187\/301
|
|turn|17
|
|move|p2a: Azumarill|Aqua Jet|p1a: Metagross
|-damage|p1a: Metagross|135\/301
|move|p1a: Metagross|Meteor Mash|p2a: Azumarill
|-damage|p2a: Azumarill|0 fnt
|faint|p2a: Azumarill
|
|
|switch|p2a: Talonflame|Talonflame, F|297\/297
|-damage|p2a: Talonflame|149\/297|[from] Stealth Rock
|turn|18
|
|switch|p1a: Landorus-Therian|Landorus-Therian, M|277\/382
|-ability|p1a: Landorus-Therian|Intimidate|[of] p2a: Talonflame
|-unboost|p2a: Talonflame|atk|1
|move|p2a: Talonflame|Flare Blitz|p1a: Landorus-Therian
|-damage|p1a: Landorus-Therian|135\/382
|-status|p1a: Landorus-Therian|brn
|-damage|p2a: Talonflame|102\/297|[from] recoil|[of] p1a: Landorus-Therian
|
|-heal|p1a: Landorus-Therian|158\/382 brn|[from] item: Leftovers
|-damage|p1a: Landorus-Therian|111\/382 brn|[from] brn
|turn|19
|c|âNeo AE|srsly
|
|move|p2a: Talonflame|Flare Blitz|p1a: Landorus-Therian
|-damage|p1a: Landorus-Therian|0 fnt
|-damage|p2a: Talonflame|65\/297|[from] recoil|[of] p1a: Landorus-Therian
|faint|p1a: Landorus-Therian
|
|
|switch|p1a: Tornadus-Therian|Tornadus-Therian, M|299\/299
|turn|20
|
|switch|p2a: Metagross|Metagross-Mega|284\/302
|-damage|p2a: Metagross|266\/302|[from] Stealth Rock
|move|p1a: Tornadus-Therian|Knock Off|p2a: Metagross
|-supereffective|p2a: Metagross
|-damage|p2a: Metagross|172\/302
|-damage|p1a: Tornadus-Therian|270\/299|[from] item: Life Orb
|
|turn|21
|
|move|p1a: Tornadus-Therian|Heat Wave|p2a: Metagross
|-supereffective|p2a: Metagross
|-damage|p2a: Metagross|0 fnt
|-damage|p1a: Tornadus-Therian|241\/299|[from] item: Life Orb
|faint|p2a: Metagross
|
|
|switch|p2a: Excadrill|Excadrill, F|361\/361
|-damage|p2a: Excadrill|350\/361|[from] Stealth Rock
|-ability|p2a: Excadrill|Mold Breaker
|turn|22
|
|move|p2a: Excadrill|Rapid Spin|p1a: Tornadus-Therian
|-damage|p1a: Tornadus-Therian|212\/299
|-sideend|p2: Toilet destroyer|Stealth Rock|[from] move: Rapid Spin|[of] p2a: Excadrill
|move|p1a: Tornadus-Therian|Heat Wave|p2a: Excadrill
|-supereffective|p2a: Excadrill
|-damage|p2a: Excadrill|0 fnt
|-damage|p1a: Tornadus-Therian|183\/299|[from] item: Life Orb
|faint|p2a: Excadrill
|
|
|switch|p2a: Landorus|Landorus, M|319\/319
|turn|23
|
|move|p1a: Tornadus-Therian|Hurricane|p2a: Landorus
|-damage|p2a: Landorus|56\/319
|-start|p2a: Landorus|confusion
|-damage|p1a: Tornadus-Therian|154\/299|[from] item: Life Orb
|-activate|p2a: Landorus|confusion
|move|p2a: Landorus|Psychic|p1a: Tornadus-Therian
|-damage|p1a: Tornadus-Therian|0 fnt
|faint|p1a: Tornadus-Therian
|
|
|switch|p1a: Metagross|Metagross-Mega|135\/301
|turn|24
|
|move|p1a: Metagross|Meteor Mash|p2a: Landorus
|-damage|p2a: Landorus|0 fnt
|faint|p2a: Landorus
|
|
|switch|p2a: Talonflame|Talonflame, F|65\/297
|turn|25
|
|move|p1a: Metagross|Bullet Punch|p2a: Talonflame
|-resisted|p2a: Talonflame
|-damage|p2a: Talonflame|0 fnt
|faint|p2a: Talonflame
|
|win|Neo AE
|raw|Ladder updating...
|raw|Neo AE's rating: 1427 &rarr; <strong>1443<\/strong><br \/>(+16 for winning)
|raw|Toilet destroyer's rating: 1359 &rarr; <strong>1343<\/strong><br \/>(-16 for losing)
|c|âToilet destroyer|gg
|c|âNeo AE|gg
|leave|Toilet destroyer