|join|master sun
|join|Dodoria
|player|p1|master sun|266
|player|p2|Dodoria|278
|gametype|singles
|gen|6
|tier|OU
|rated
|clearpoke
|poke|p1|Lopunny, F
|poke|p1|Latios, M
|poke|p1|Victini
|poke|p1|Bisharp, M
|poke|p1|Keldeo-Resolute
|poke|p1|Landorus-Therian, M
|poke|p2|Dragalge, M
|poke|p2|Gyarados, M
|poke|p2|Ferrothorn, F
|poke|p2|Landorus-Therian, M
|poke|p2|Heatran, M
|poke|p2|Latias, F
|rule|Swagger Clause: Swagger is banned
|rule|Baton Pass Clause: Limit one PokÃ©mon knowing Baton Pass
|rule|Sleep Clause Mod: Limit one foe put to sleep
|rule|Species Clause: Limit one of each PokÃ©mon
|rule|OHKO Clause: OHKO moves are banned
|rule|Moody Clause: Moody is banned
|rule|Evasion Moves Clause: Evasion moves are banned
|rule|Endless Battle Clause: Forcing endless battles is banned
|rule|HP Percentage Mod: HP is shown in percentages
|teampreview
|
|start
|switch|p1a: Keldeo-Resolute|Keldeo-Resolute|324\/324
|switch|p2a: Landorus-Therian|Landorus-Therian, M|379\/379
|-ability|p2a: Landorus-Therian|Intimidate|[of] p1a: Keldeo-Resolute
|-unboost|p1a: Keldeo-Resolute|atk|1
|turn|1
|
|switch|p2a: Ferrothorn|Ferrothorn, F|352\/352
|move|p1a: Keldeo-Resolute|Scald|p2a: Ferrothorn
|-resisted|p2a: Ferrothorn
|-damage|p2a: Ferrothorn|301\/352
|
|-heal|p2a: Ferrothorn|323\/352|[from] item: Leftovers
|turn|2
|
|move|p1a: Keldeo-Resolute|Substitute|p1a: Keldeo-Resolute
|-start|p1a: Keldeo-Resolute|Substitute
|-damage|p1a: Keldeo-Resolute|243\/324
|move|p2a: Ferrothorn|Leech Seed|p1a: Keldeo-Resolute|[miss]
|-miss|p2a: Ferrothorn|p1a: Keldeo-Resolute
|
|-heal|p1a: Keldeo-Resolute|263\/324|[from] item: Leftovers
|-heal|p2a: Ferrothorn|345\/352|[from] item: Leftovers
|turn|3
|
|switch|p2a: Dragalge|Dragalge, M|301\/301
|move|p1a: Keldeo-Resolute|Secret Sword|p2a: Dragalge
|-resisted|p2a: Dragalge
|-damage|p2a: Dragalge|218\/301
|
|-heal|p1a: Keldeo-Resolute|283\/324|[from] item: Leftovers
|turn|4
|
|move|p1a: Keldeo-Resolute|Scald|p2a: Dragalge
|-resisted|p2a: Dragalge
|-damage|p2a: Dragalge|156\/301
|-status|p2a: Dragalge|brn
|move|p2a: Dragalge|Sludge Wave|p1a: Keldeo-Resolute
|-end|p1a: Keldeo-Resolute|Substitute
|
|-heal|p1a: Keldeo-Resolute|303\/324|[from] item: Leftovers
|-damage|p2a: Dragalge|119\/301 brn|[from] brn
|turn|5
|
|switch|p1a: Bisharp|Bisharp, M|271\/271
|move|p2a: Dragalge|Focus Blast|p1a: Bisharp
|-supereffective|p1a: Bisharp
|-damage|p1a: Bisharp|0 fnt
|faint|p1a: Bisharp
|
|-damage|p2a: Dragalge|82\/301 brn|[from] brn
|c|âmaster sun|NICE
|c|âDodoria|:]
|c|âmaster sun|fuck you though
|c|âmaster sun|thought you were specs
|c|âDodoria|lol
|
|switch|p1a: Lopunny|Lopunny, F|271\/271
|turn|6
|
|switch|p2a: Ferrothorn|Ferrothorn, F|345\/352
|detailschange|p1a: Lopunny|Lopunny-Mega, F
|-mega|p1a: Lopunny|Lopunny|Lopunnite
|move|p1a: Lopunny|Fake Out|p2a: Ferrothorn
|-resisted|p2a: Ferrothorn
|-damage|p2a: Ferrothorn|322\/352
|-damage|p1a: Lopunny|238\/271|[from] ability: Iron Barbs|[of] p2a: Ferrothorn
|
|-heal|p2a: Ferrothorn|344\/352|[from] item: Leftovers
|turn|7
|
|switch|p2a: Dragalge|Dragalge, M|82\/301 brn
|move|p1a: Lopunny|High Jump Kick|p2a: Dragalge|[miss]
|-miss|p1a: Lopunny|p2a: Dragalge
|-damage|p1a: Lopunny|103\/271|[from] highjumpkick
|
|-damage|p2a: Dragalge|45\/301 brn|[from] brn
|turn|8
|
|switch|p2a: Ferrothorn|Ferrothorn, F|344\/352
|move|p1a: Lopunny|Power-Up Punch|p2a: Ferrothorn
|-supereffective|p2a: Ferrothorn
|-damage|p2a: Ferrothorn|234\/352
|-damage|p1a: Lopunny|70\/271|[from] ability: Iron Barbs|[of] p2a: Ferrothorn
|-boost|p1a: Lopunny|atk|1
|
|-heal|p2a: Ferrothorn|256\/352|[from] item: Leftovers
|turn|9
|
|switch|p2a: Dragalge|Dragalge, M|45\/301 brn
|move|p1a: Lopunny|High Jump Kick|p2a: Dragalge
|-resisted|p2a: Dragalge
|-damage|p2a: Dragalge|0 fnt
|faint|p2a: Dragalge
|
|
|switch|p2a: Heatran|Heatran, M|323\/323
|turn|10
|
|switch|p1a: Keldeo-Resolute|Keldeo-Resolute|303\/324
|move|p2a: Heatran|Lava Plume|p1a: Keldeo-Resolute
|-resisted|p1a: Keldeo-Resolute
|-damage|p1a: Keldeo-Resolute|223\/324
|-status|p1a: Keldeo-Resolute|brn
|
|-heal|p1a: Keldeo-Resolute|243\/324 brn|[from] item: Leftovers
|-damage|p1a: Keldeo-Resolute|203\/324 brn|[from] brn
|turn|11
|
|switch|p2a: Latias|Latias, F|319\/319
|switch|p1a: Landorus-Therian|Landorus-Therian, M|382\/382
|-ability|p1a: Landorus-Therian|Intimidate|[of] p2a: Latias
|-unboost|p2a: Latias|atk|1
|
|turn|12
|
|switch|p2a: Landorus-Therian|Landorus-Therian, M|379\/379
|-ability|p2a: Landorus-Therian|Intimidate|[of] p1a: Landorus-Therian
|-unboost|p1a: Landorus-Therian|atk|1
|move|p1a: Landorus-Therian|U-turn|p2a: Landorus-Therian
|-resisted|p2a: Landorus-Therian
|-damage|p2a: Landorus-Therian|361\/379
|
|switch|p1a: Keldeo-Resolute|Keldeo-Resolute|203\/324 brn
|
|-heal|p1a: Keldeo-Resolute|223\/324 brn|[from] item: Leftovers
|-heal|p2a: Landorus-Therian|379\/379|[from] item: Leftovers
|-damage|p1a: Keldeo-Resolute|183\/324 brn|[from] brn
|turn|13
|
|switch|p2a: Latias|Latias, F|319\/319
|move|p1a: Keldeo-Resolute|Scald|p2a: Latias
|-resisted|p2a: Latias
|-damage|p2a: Latias|261\/319
|
|-heal|p1a: Keldeo-Resolute|203\/324 brn|[from] item: Leftovers
|-damage|p1a: Keldeo-Resolute|163\/324 brn|[from] brn
|turn|14
|
|switch|p1a: Victini|Victini|341\/341
|move|p2a: Latias|Draco Meteor|p1a: Victini
|-damage|p1a: Victini|72\/341
|-unboost|p2a: Latias|spa|2
|-damage|p2a: Latias|230\/319|[from] item: Life Orb
|
|turn|15
|
|switch|p2a: Heatran|Heatran, M|323\/323
|move|p1a: Victini|U-turn|p2a: Heatran
|-crit|p2a: Heatran
|-resisted|p2a: Heatran
|-damage|p2a: Heatran|287\/323
|
|switch|p1a: Lopunny|Lopunny-Mega, F|70\/271
|
|turn|16
|
|move|p2a: Heatran|Lava Plume|p1a: Lopunny
|-damage|p1a: Lopunny|0 fnt
|faint|p1a: Lopunny
|
|c|âmaster sun|o lol
|
|switch|p1a: Landorus-Therian|Landorus-Therian, M|382\/382
|-ability|p1a: Landorus-Therian|Intimidate|[of] p2a: Heatran
|-unboost|p2a: Heatran|atk|1
|turn|17
|
|switch|p2a: Landorus-Therian|Landorus-Therian, M|379\/379
|-ability|p2a: Landorus-Therian|Intimidate|[of] p1a: Landorus-Therian
|-unboost|p1a: Landorus-Therian|atk|1
|move|p1a: Landorus-Therian|Stealth Rock|p2a: Landorus-Therian
|-sidestart|p2: Dodoria|move: Stealth Rock
|
|turn|18
|
|move|p1a: Landorus-Therian|U-turn|p2a: Landorus-Therian
|-resisted|p2a: Landorus-Therian
|-damage|p2a: Landorus-Therian|360\/379
|
|switch|p1a: Keldeo-Resolute|Keldeo-Resolute|163\/324 brn
|move|p2a: Landorus-Therian|Stealth Rock|p1a: Keldeo-Resolute
|-sidestart|p1: master sun|move: Stealth Rock
|
|-heal|p1a: Keldeo-Resolute|183\/324 brn|[from] item: Leftovers
|-heal|p2a: Landorus-Therian|379\/379|[from] item: Leftovers
|-damage|p1a: Keldeo-Resolute|143\/324 brn|[from] brn
|turn|19
|
|switch|p2a: Latias|Latias, F|230\/319
|-damage|p2a: Latias|191\/319|[from] Stealth Rock
|move|p1a: Keldeo-Resolute|Scald|p2a: Latias
|-resisted|p2a: Latias
|-damage|p2a: Latias|133\/319
|-status|p2a: Latias|brn
|
|-heal|p1a: Keldeo-Resolute|163\/324 brn|[from] item: Leftovers
|-damage|p2a: Latias|94\/319 brn|[from] brn
|-damage|p1a: Keldeo-Resolute|123\/324 brn|[from] brn
|turn|20
|
|switch|p1a: Victini|Victini|72\/341
|-damage|p1a: Victini|0 fnt|[from] Stealth Rock
|faint|p1a: Victini
|move|p2a: Latias|Draco Meteor|p1: Victini|[notarget]
|-notarget
|
|-damage|p2a: Latias|55\/319 brn|[from] brn
|
|switch|p1a: Landorus-Therian|Landorus-Therian, M|382\/382
|-damage|p1a: Landorus-Therian|335\/382|[from] Stealth Rock
|-ability|p1a: Landorus-Therian|Intimidate|[of] p2a: Latias
|-unboost|p2a: Latias|atk|1
|turn|21
|
|switch|p2a: Heatran|Heatran, M|287\/323
|-damage|p2a: Heatran|247\/323|[from] Stealth Rock
|move|p1a: Landorus-Therian|U-turn|p2a: Heatran
|-resisted|p2a: Heatran
|-damage|p2a: Heatran|230\/323
|
|switch|p1a: Keldeo-Resolute|Keldeo-Resolute|123\/324 brn
|-damage|p1a: Keldeo-Resolute|103\/324 brn|[from] Stealth Rock
|
|-heal|p1a: Keldeo-Resolute|123\/324 brn|[from] item: Leftovers
|-damage|p1a: Keldeo-Resolute|83\/324 brn|[from] brn
|turn|22
|
|switch|p1a: Latios|Latios, M|301\/301
|-damage|p1a: Latios|264\/301|[from] Stealth Rock
|move|p2a: Heatran|Overheat|p1a: Latios
|-resisted|p1a: Latios
|-damage|p1a: Latios|163\/301
|-unboost|p2a: Heatran|spa|2
|
|turn|23
|
|switch|p2a: Ferrothorn|Ferrothorn, F|256\/352
|-damage|p2a: Ferrothorn|234\/352|[from] Stealth Rock
|move|p1a: Latios|Draco Meteor|p2a: Ferrothorn
|-resisted|p2a: Ferrothorn
|-damage|p2a: Ferrothorn|121\/352
|-unboost|p1a: Latios|spa|2
|-damage|p1a: Latios|133\/301|[from] item: Life Orb
|
|-heal|p2a: Ferrothorn|143\/352|[from] item: Leftovers
|turn|24
|
|switch|p1a: Landorus-Therian|Landorus-Therian, M|335\/382
|-damage|p1a: Landorus-Therian|288\/382|[from] Stealth Rock
|-ability|p1a: Landorus-Therian|Intimidate|[of] p2a: Ferrothorn
|-unboost|p2a: Ferrothorn|atk|1
|move|p2a: Ferrothorn|Leech Seed|p1a: Landorus-Therian
|-start|p1a: Landorus-Therian|move: Leech Seed
|
|-heal|p1a: Landorus-Therian|311\/382|[from] item: Leftovers
|-heal|p2a: Ferrothorn|165\/352|[from] item: Leftovers
|-damage|p1a: Landorus-Therian|264\/382|[from] Leech Seed|[of] p2a: Ferrothorn
|-heal|p2a: Ferrothorn|212\/352|[silent]
|turn|25
|
|switch|p1a: Keldeo-Resolute|Keldeo-Resolute|83\/324 brn
|-damage|p1a: Keldeo-Resolute|63\/324 brn|[from] Stealth Rock
|move|p2a: Ferrothorn|Knock Off|p1a: Keldeo-Resolute
|-resisted|p1a: Keldeo-Resolute
|-damage|p1a: Keldeo-Resolute|39\/324 brn
|-boost|p1a: Keldeo-Resolute|atk|1|[from] ability: Justified
|-enditem|p1a: Keldeo-Resolute|Leftovers|[from] move: Knock Off|[of] p2a: Ferrothorn
|
|-heal|p2a: Ferrothorn|234\/352|[from] item: Leftovers
|-damage|p1a: Keldeo-Resolute|0 fnt|[from] brn
|faint|p1a: Keldeo-Resolute
|
|switch|p1a: Landorus-Therian|Landorus-Therian, M|264\/382
|-damage|p1a: Landorus-Therian|217\/382|[from] Stealth Rock
|-ability|p1a: Landorus-Therian|Intimidate|[of] p2a: Ferrothorn
|-unboost|p2a: Ferrothorn|atk|1
|turn|26
|
|move|p1a: Landorus-Therian|Earthquake|p2a: Ferrothorn
|-damage|p2a: Ferrothorn|120\/352
|move|p2a: Ferrothorn|Knock Off|p1a: Landorus-Therian
|-damage|p1a: Landorus-Therian|188\/382
|-enditem|p1a: Landorus-Therian|Leftovers|[from] move: Knock Off|[of] p2a: Ferrothorn
|
|-heal|p2a: Ferrothorn|142\/352|[from] item: Leftovers
|turn|27
|
|switch|p2a: Landorus-Therian|Landorus-Therian, M|379\/379
|-damage|p2a: Landorus-Therian|332\/379|[from] Stealth Rock
|-ability|p2a: Landorus-Therian|Intimidate|[of] p1a: Landorus-Therian
|-unboost|p1a: Landorus-Therian|atk|1
|move|p1a: Landorus-Therian|Earthquake|p2a: Landorus-Therian
|-immune|p2a: Landorus-Therian|[msg]
|
|-heal|p2a: Landorus-Therian|355\/379|[from] item: Leftovers
|turn|28
|
|move|p1a: Landorus-Therian|Stone Edge|p2a: Landorus-Therian
|-crit|p2a: Landorus-Therian
|-damage|p2a: Landorus-Therian|224\/379
|move|p2a: Landorus-Therian|Stone Edge|p1a: Landorus-Therian|[miss]
|-miss|p2a: Landorus-Therian|p1a: Landorus-Therian
|
|-heal|p2a: Landorus-Therian|247\/379|[from] item: Leftovers
|turn|29
|
|move|p1a: Landorus-Therian|Stone Edge|p2a: Landorus-Therian
|-damage|p2a: Landorus-Therian|196\/379
|move|p2a: Landorus-Therian|Stone Edge|p1a: Landorus-Therian
|-crit|p1a: Landorus-Therian
|-damage|p1a: Landorus-Therian|66\/382
|
|-heal|p2a: Landorus-Therian|219\/379|[from] item: Leftovers
|turn|30
|
|move|p1a: Landorus-Therian|Stone Edge|p2a: Landorus-Therian
|-damage|p2a: Landorus-Therian|162\/379
|move|p2a: Landorus-Therian|Stone Edge|p1a: Landorus-Therian
|-damage|p1a: Landorus-Therian|0 fnt
|faint|p1a: Landorus-Therian
|
|-heal|p2a: Landorus-Therian|185\/379|[from] item: Leftovers
|
|switch|p1a: Latios|Latios, M|133\/301
|-damage|p1a: Latios|96\/301|[from] Stealth Rock
|turn|31
|
|switch|p2a: Heatran|Heatran, M|230\/323
|-damage|p2a: Heatran|190\/323|[from] Stealth Rock
|move|p1a: Latios|Psyshock|p2a: Heatran
|-resisted|p2a: Heatran
|-damage|p2a: Heatran|106\/323
|-damage|p1a: Latios|66\/301|[from] item: Life Orb
|
|turn|32
|
|move|p2a: Heatran|Flash Cannon|p1a: Latios
|-damage|p1a: Latios|0 fnt
|faint|p1a: Latios
|
|win|Dodoria
|raw|Ladder updating...
|c|âDodoria|gg
|raw|master sun's rating: 1530 &rarr; <strong>1507<\/strong><br \/>(-23 for losing)
|raw|Dodoria's rating: 1480 &rarr; <strong>1503<\/strong><br \/>(+23 for winning)
|c|âmaster sun|gg