|join|CMPunkGTS
|join|master sun
|player|p1|CMPunkGTS|66
|player|p2|master sun|266
|gametype|singles
|gen|6
|tier|OU
|rated
|clearpoke
|poke|p1|Gyarados, M
|poke|p1|Mew
|poke|p1|Sylveon, F
|poke|p1|Terrakion
|poke|p1|Landorus-Therian, M
|poke|p1|Scizor, M
|poke|p2|Lopunny, F
|poke|p2|Latios, M
|poke|p2|Victini
|poke|p2|Bisharp, M
|poke|p2|Keldeo-Resolute
|poke|p2|Landorus-Therian, M
|rule|Swagger Clause: Swagger is banned
|rule|Baton Pass Clause: Limit one PokÃ©mon knowing Baton Pass
|rule|Sleep Clause Mod: Limit one foe put to sleep
|rule|Species Clause: Limit one of each PokÃ©mon
|rule|OHKO Clause: OHKO moves are banned
|rule|Moody Clause: Moody is banned
|rule|Evasion Moves Clause: Evasion moves are banned
|rule|Endless Battle Clause: Forcing endless battles is banned
|rule|HP Percentage Mod: HP is shown in percentages
|teampreview
|
|start
|switch|p1a: Landorus-Therian|Landorus-Therian, M|320\/320
|switch|p2a: Victini|Victini|341\/341
|-ability|p1a: Landorus-Therian|Intimidate|[of] p2a: Victini
|-unboost|p2a: Victini|atk|1
|turn|1
|
|move|p1a: Landorus-Therian|U-turn|p2a: Victini
|-damage|p2a: Victini|223\/341
|
|switch|p1a: Gyarados|Gyarados, M|332\/332
|-ability|p1a: Gyarados|Intimidate|[of] p2a: Victini
|-unboost|p2a: Victini|atk|1
|move|p2a: Victini|U-turn|p1a: Gyarados
|-resisted|p1a: Gyarados
|-damage|p1a: Gyarados|301\/332
|
|switch|p2a: Latios|Latios, M|301\/301
|
|turn|2
|
|switch|p1a: Sylveon|Sylveon, F|394\/394
|move|p2a: Latios|Thunderbolt|p1a: Sylveon
|-damage|p1a: Sylveon|310\/394
|-damage|p2a: Latios|271\/301|[from] item: Life Orb
|
|-heal|p1a: Sylveon|334\/394|[from] item: Leftovers
|turn|3
|
|switch|p2a: Victini|Victini|223\/341
|move|p1a: Sylveon|Hyper Voice|p2a: Victini
|-resisted|p2a: Victini
|-damage|p2a: Victini|151\/341
|
|-heal|p1a: Sylveon|358\/394|[from] item: Leftovers
|turn|4
|
|move|p1a: Sylveon|Protect|p1a: Sylveon
|-singleturn|p1a: Sylveon|Protect
|move|p2a: Victini|V-create|p1a: Sylveon
|-activate|p1a: Sylveon|Protect
|
|-heal|p1a: Sylveon|382\/394|[from] item: Leftovers
|turn|5
|
|switch|p1a: Landorus-Therian|Landorus-Therian, M|320\/320
|-ability|p1a: Landorus-Therian|Intimidate|[of] p2a: Victini
|-unboost|p2a: Victini|atk|1
|move|p2a: Victini|V-create|p1a: Landorus-Therian
|-damage|p1a: Landorus-Therian|10\/320
|-unboost|p2a: Victini|def|1
|-unboost|p2a: Victini|spd|1
|-unboost|p2a: Victini|spe|1
|
|turn|6
|
|switch|p2a: Landorus-Therian|Landorus-Therian, M|382\/382
|-ability|p2a: Landorus-Therian|Intimidate|[of] p1a: Landorus-Therian
|-unboost|p1a: Landorus-Therian|atk|1
|move|p1a: Landorus-Therian|U-turn|p2a: Landorus-Therian
|-resisted|p2a: Landorus-Therian
|-damage|p2a: Landorus-Therian|355\/382
|
|switch|p1a: Gyarados|Gyarados, M|301\/332
|-ability|p1a: Gyarados|Intimidate|[of] p2a: Landorus-Therian
|-unboost|p2a: Landorus-Therian|atk|1
|
|-heal|p2a: Landorus-Therian|378\/382|[from] item: Leftovers
|turn|7
|
|detailschange|p1a: Gyarados|Gyarados-Mega, M
|-mega|p1a: Gyarados|Gyarados|Gyaradosite
|-ability|p1a: Gyarados|Mold Breaker
|move|p1a: Gyarados|Substitute|p1a: Gyarados
|-start|p1a: Gyarados|Substitute
|-damage|p1a: Gyarados|218\/332
|move|p2a: Landorus-Therian|U-turn|p1a: Gyarados
|-crit|p1a: Gyarados
|-supereffective|p1a: Gyarados
|-end|p1a: Gyarados|Substitute
|
|switch|p2a: Keldeo-Resolute|Keldeo-Resolute|324\/324
|
|turn|8
|
|switch|p2a: Victini|Victini|151\/341
|switch|p1a: Mew|Mew|404\/404
|
|turn|9
|
|move|p2a: Victini|U-turn|p1a: Mew
|-supereffective|p1a: Mew
|-damage|p1a: Mew|260\/404
|
|switch|p2a: Keldeo-Resolute|Keldeo-Resolute|324\/324
|move|p1a: Mew|Roost|p1a: Mew
|-heal|p1a: Mew|404\/404
|
|turn|10
|
|switch|p1a: Sylveon|Sylveon, F|382\/394
|move|p2a: Keldeo-Resolute|Substitute|p2a: Keldeo-Resolute
|-start|p2a: Keldeo-Resolute|Substitute
|-damage|p2a: Keldeo-Resolute|243\/324
|
|-heal|p2a: Keldeo-Resolute|263\/324|[from] item: Leftovers
|-heal|p1a: Sylveon|394\/394|[from] item: Leftovers
|turn|11
|
|switch|p2a: Victini|Victini|151\/341
|move|p1a: Sylveon|Hyper Voice|p2a: Victini
|-resisted|p2a: Victini
|-damage|p2a: Victini|82\/341
|
|turn|12
|
|move|p1a: Sylveon|Protect|p1a: Sylveon
|-singleturn|p1a: Sylveon|Protect
|move|p2a: Victini|V-create|p1a: Sylveon
|-activate|p1a: Sylveon|Protect
|
|turn|13
|
|switch|p1a: Landorus-Therian|Landorus-Therian, M|10\/320
|-ability|p1a: Landorus-Therian|Intimidate|[of] p2a: Victini
|-unboost|p2a: Victini|atk|1
|move|p2a: Victini|V-create|p1a: Landorus-Therian
|-damage|p1a: Landorus-Therian|0 fnt
|-unboost|p2a: Victini|def|1
|-unboost|p2a: Victini|spd|1
|-unboost|p2a: Victini|spe|1
|faint|p1a: Landorus-Therian
|
|
|switch|p1a: Gyarados|Gyarados-Mega, M|218\/332
|-ability|p1a: Gyarados|Mold Breaker
|turn|14
|
|move|p1a: Gyarados|Dragon Dance|p1a: Gyarados
|-boost|p1a: Gyarados|atk|1
|-boost|p1a: Gyarados|spe|1
|move|p2a: Victini|V-create|p1a: Gyarados
|-resisted|p1a: Gyarados
|-damage|p1a: Gyarados|92\/332
|-unboost|p2a: Victini|def|1
|-unboost|p2a: Victini|spd|1
|-unboost|p2a: Victini|spe|1
|
|turn|15
|
|switch|p2a: Latios|Latios, M|271\/301
|move|p1a: Gyarados|Waterfall|p2a: Latios
|-resisted|p2a: Latios
|-damage|p2a: Latios|115\/301
|
|turn|16
|
|move|p1a: Gyarados|Waterfall|p2a: Latios
|-resisted|p2a: Latios
|-damage|p2a: Latios|0 fnt
|faint|p2a: Latios
|
|
|switch|p2a: Keldeo-Resolute|Keldeo-Resolute|263\/324
|turn|17
|
|move|p1a: Gyarados|Waterfall|p2a: Keldeo-Resolute
|-resisted|p2a: Keldeo-Resolute
|-damage|p2a: Keldeo-Resolute|128\/324
|cant|p2a: Keldeo-Resolute|flinch
|
|-heal|p2a: Keldeo-Resolute|148\/324|[from] item: Leftovers
|turn|18
|
|move|p1a: Gyarados|Waterfall|p2a: Keldeo-Resolute
|-resisted|p2a: Keldeo-Resolute
|-damage|p2a: Keldeo-Resolute|3\/324
|move|p2a: Keldeo-Resolute|Secret Sword|p1a: Gyarados
|-supereffective|p1a: Gyarados
|-damage|p1a: Gyarados|0 fnt
|faint|p1a: Gyarados
|
|-heal|p2a: Keldeo-Resolute|23\/324|[from] item: Leftovers
|
|switch|p1a: Scizor|Scizor, M|304\/304
|turn|19
|
|switch|p2a: Landorus-Therian|Landorus-Therian, M|378\/382
|-ability|p2a: Landorus-Therian|Intimidate|[of] p1a: Scizor
|-unboost|p1a: Scizor|atk|1
|move|p1a: Scizor|Bullet Punch|p2a: Landorus-Therian
|-damage|p2a: Landorus-Therian|279\/382
|
|-heal|p2a: Landorus-Therian|302\/382|[from] item: Leftovers
|turn|20
|
|move|p1a: Scizor|Bullet Punch|p2a: Landorus-Therian
|-damage|p2a: Landorus-Therian|209\/382
|move|p2a: Landorus-Therian|Stealth Rock|p1a: Scizor
|-sidestart|p1: CMPunkGTS|move: Stealth Rock
|
|-heal|p2a: Landorus-Therian|232\/382|[from] item: Leftovers
|turn|21
|
|switch|p2a: Bisharp|Bisharp, M|271\/271
|move|p1a: Scizor|Bullet Punch|p2a: Bisharp
|-resisted|p2a: Bisharp
|-damage|p2a: Bisharp|209\/271
|
|turn|22
|
|switch|p1a: Terrakion|Terrakion|324\/324
|-damage|p1a: Terrakion|304\/324|[from] Stealth Rock
|move|p2a: Bisharp|Swords Dance|p2a: Bisharp
|-boost|p2a: Bisharp|atk|2
|
|turn|23
|
|switch|p2a: Landorus-Therian|Landorus-Therian, M|232\/382
|-ability|p2a: Landorus-Therian|Intimidate|[of] p1a: Terrakion
|-unboost|p1a: Terrakion|atk|1
|move|p1a: Terrakion|Close Combat|p2a: Landorus-Therian
|-resisted|p2a: Landorus-Therian
|-damage|p2a: Landorus-Therian|151\/382
|-unboost|p1a: Terrakion|def|1
|-unboost|p1a: Terrakion|spd|1
|
|-heal|p2a: Landorus-Therian|174\/382|[from] item: Leftovers
|turn|24
|
|switch|p1a: Scizor|Scizor, M|304\/304
|-damage|p1a: Scizor|266\/304|[from] Stealth Rock
|move|p2a: Landorus-Therian|Earthquake|p1a: Scizor
|-damage|p1a: Scizor|95\/304
|
|-heal|p2a: Landorus-Therian|197\/382|[from] item: Leftovers
|turn|25
|
|move|p1a: Scizor|Bullet Punch|p2a: Landorus-Therian
|-damage|p2a: Landorus-Therian|56\/382
|move|p2a: Landorus-Therian|U-turn|p1a: Scizor
|-resisted|p1a: Scizor
|-damage|p1a: Scizor|59\/304
|
|switch|p2a: Bisharp|Bisharp, M|209\/271
|
|turn|26
|
|move|p1a: Scizor|Bullet Punch|p2a: Bisharp
|-crit|p2a: Bisharp
|-resisted|p2a: Bisharp
|-damage|p2a: Bisharp|82\/271
|move|p2a: Bisharp|Knock Off|p1a: Scizor
|-crit|p1a: Scizor
|-damage|p1a: Scizor|0 fnt
|-enditem|p1a: Scizor|Choice Band|[from] move: Knock Off|[of] p2a: Bisharp
|-damage|p2a: Bisharp|55\/271|[from] item: Life Orb
|faint|p1a: Scizor
|
|
|switch|p1a: Terrakion|Terrakion|304\/324
|-damage|p1a: Terrakion|284\/324|[from] Stealth Rock
|turn|27
|
|switch|p2a: Landorus-Therian|Landorus-Therian, M|56\/382
|-ability|p2a: Landorus-Therian|Intimidate|[of] p1a: Terrakion
|-unboost|p1a: Terrakion|atk|1
|move|p1a: Terrakion|Close Combat|p2a: Landorus-Therian
|-resisted|p2a: Landorus-Therian
|-damage|p2a: Landorus-Therian|0 fnt
|-unboost|p1a: Terrakion|def|1
|-unboost|p1a: Terrakion|spd|1
|faint|p2a: Landorus-Therian
|
|
|switch|p2a: Lopunny|Lopunny, F|271\/271
|turn|28
|
|switch|p1a: Mew|Mew|404\/404
|-damage|p1a: Mew|354\/404|[from] Stealth Rock
|detailschange|p2a: Lopunny|Lopunny-Mega, F
|-mega|p2a: Lopunny|Lopunny|Lopunnite
|move|p2a: Lopunny|Fake Out|p1a: Mew
|-damage|p1a: Mew|299\/404
|
|-heal|p1a: Mew|324\/404|[from] item: Leftovers
|turn|29
|
|switch|p2a: Keldeo-Resolute|Keldeo-Resolute|23\/324
|move|p1a: Mew|Defog|p2a: Keldeo-Resolute
|-unboost|p2a: Keldeo-Resolute|evasion|1
|-sideend|p1: CMPunkGTS|Stealth Rock|[from] move: Defog|[of] p1a: Mew
|
|-heal|p2a: Keldeo-Resolute|43\/324|[from] item: Leftovers
|-heal|p1a: Mew|349\/404|[from] item: Leftovers
|turn|30
|
|switch|p1a: Sylveon|Sylveon, F|394\/394
|move|p2a: Keldeo-Resolute|Scald|p1a: Sylveon
|-damage|p1a: Sylveon|312\/394
|
|-heal|p2a: Keldeo-Resolute|63\/324|[from] item: Leftovers
|-heal|p1a: Sylveon|336\/394|[from] item: Leftovers
|turn|31
|
|move|p2a: Keldeo-Resolute|Scald|p1a: Sylveon
|-damage|p1a: Sylveon|249\/394
|move|p1a: Sylveon|Hyper Voice|p2a: Keldeo-Resolute
|-supereffective|p2a: Keldeo-Resolute
|-damage|p2a: Keldeo-Resolute|0 fnt
|faint|p2a: Keldeo-Resolute
|
|-heal|p1a: Sylveon|273\/394|[from] item: Leftovers
|
|switch|p2a: Victini|Victini|82\/341
|turn|32
|
|move|p2a: Victini|V-create|p1a: Sylveon
|-damage|p1a: Sylveon|0 fnt
|-unboost|p2a: Victini|def|1
|-unboost|p2a: Victini|spd|1
|-unboost|p2a: Victini|spe|1
|faint|p1a: Sylveon
|
|
|switch|p1a: Terrakion|Terrakion|284\/324
|turn|33
|
|move|p1a: Terrakion|Close Combat|p2a: Victini
|-resisted|p2a: Victini
|-damage|p2a: Victini|0 fnt
|-unboost|p1a: Terrakion|def|1
|-unboost|p1a: Terrakion|spd|1
|faint|p2a: Victini
|
|
|switch|p2a: Lopunny|Lopunny-Mega, F|271\/271
|turn|34
|
|switch|p1a: Mew|Mew|349\/404
|move|p2a: Lopunny|High Jump Kick|p1a: Mew
|-resisted|p1a: Mew
|-damage|p1a: Mew|267\/404
|
|-heal|p1a: Mew|292\/404|[from] item: Leftovers
|turn|35
|
|move|p2a: Lopunny|Power-Up Punch|p1a: Mew
|-resisted|p1a: Mew
|-damage|p1a: Mew|262\/404
|-boost|p2a: Lopunny|atk|1
|move|p1a: Mew|Will-O-Wisp|p2a: Lopunny
|-status|p2a: Lopunny|brn
|
|-heal|p1a: Mew|287\/404|[from] item: Leftovers
|-damage|p2a: Lopunny|238\/271 brn|[from] brn
|turn|36
|
|move|p2a: Lopunny|Power-Up Punch|p1a: Mew
|-resisted|p1a: Mew
|-damage|p1a: Mew|265\/404
|-boost|p2a: Lopunny|atk|1
|move|p1a: Mew|Roost|p1a: Mew
|-heal|p1a: Mew|404\/404
|
|-damage|p2a: Lopunny|205\/271 brn|[from] brn
|turn|37
|
|move|p2a: Lopunny|Power-Up Punch|p1a: Mew
|-resisted|p1a: Mew
|-damage|p1a: Mew|376\/404
|-boost|p2a: Lopunny|atk|1
|move|p1a: Mew|Taunt|p2a: Lopunny
|-start|p2a: Lopunny|move: Taunt
|
|-heal|p1a: Mew|401\/404|[from] item: Leftovers
|-damage|p2a: Lopunny|172\/271 brn|[from] brn
|turn|38
|
|move|p2a: Lopunny|Power-Up Punch|p1a: Mew
|-resisted|p1a: Mew
|-damage|p1a: Mew|367\/404
|-boost|p2a: Lopunny|atk|1
|move|p1a: Mew|Taunt|p2a: Lopunny
|-fail|p2a: Lopunny
|
|-heal|p1a: Mew|392\/404|[from] item: Leftovers
|-damage|p2a: Lopunny|139\/271 brn|[from] brn
|turn|39
|
|move|p2a: Lopunny|Power-Up Punch|p1a: Mew
|-resisted|p1a: Mew
|-damage|p1a: Mew|353\/404
|-boost|p2a: Lopunny|atk|1
|move|p1a: Mew|Roost|p1a: Mew
|-heal|p1a: Mew|404\/404
|
|-damage|p2a: Lopunny|106\/271 brn|[from] brn
|turn|40
|
|move|p2a: Lopunny|Return|p1a: Mew
|-damage|p1a: Mew|161\/404
|move|p1a: Mew|Roost|p1a: Mew
|-heal|p1a: Mew|363\/404
|
|-heal|p1a: Mew|388\/404|[from] item: Leftovers
|-damage|p2a: Lopunny|73\/271 brn|[from] brn
|-end|p2a: Lopunny|move: Taunt
|turn|41
|
|move|p2a: Lopunny|Return|p1a: Mew
|-damage|p1a: Mew|160\/404
|move|p1a: Mew|Roost|p1a: Mew
|-heal|p1a: Mew|362\/404
|
|-heal|p1a: Mew|387\/404|[from] item: Leftovers
|-damage|p2a: Lopunny|40\/271 brn|[from] brn
|turn|42
|
|move|p2a: Lopunny|Power-Up Punch|p1a: Mew
|-resisted|p1a: Mew
|-damage|p1a: Mew|342\/404
|-boost|p2a: Lopunny|atk|1
|move|p1a: Mew|Roost|p1a: Mew
|-heal|p1a: Mew|404\/404
|
|-damage|p2a: Lopunny|7\/271 brn|[from] brn
|turn|43
|
|move|p2a: Lopunny|Return|p1a: Mew
|-damage|p1a: Mew|112\/404
|move|p1a: Mew|Roost|p1a: Mew
|-heal|p1a: Mew|314\/404
|
|-heal|p1a: Mew|339\/404|[from] item: Leftovers
|-damage|p2a: Lopunny|0 fnt|[from] brn
|faint|p2a: Lopunny
|
|switch|p2a: Bisharp|Bisharp, M|55\/271
|turn|44
|
|move|p2a: Bisharp|Knock Off|p1a: Mew
|-supereffective|p1a: Mew
|-damage|p1a: Mew|17\/404
|-enditem|p1a: Mew|Leftovers|[from] move: Knock Off|[of] p2a: Bisharp
|-damage|p2a: Bisharp|28\/271|[from] item: Life Orb
|move|p1a: Mew|Will-O-Wisp|p2a: Bisharp
|-status|p2a: Bisharp|brn
|
|-damage|p2a: Bisharp|0 fnt|[from] brn
|faint|p2a: Bisharp
|
|win|CMPunkGTS
|raw|Ladder updating...
|raw|CMPunkGTS's rating: 1478 &rarr; <strong>1502<\/strong><br \/>(+24 for winning)
|raw|master sun's rating: 1554 &rarr; <strong>1530<\/strong><br \/>(-24 for losing)
|c|âCMPunkGTS|Gg