|join|Sickeymyscizor
|join|Master Sun
|player|p1|Sickeymyscizor|102
|player|p2|Master Sun|170
|gametype|singles
|gen|6
|tier|OU
|rated
|clearpoke
|poke|p1|Thundurus, M
|poke|p1|Keldeo-Resolute
|poke|p1|Umbreon, F
|poke|p1|Latias, F
|poke|p1|Skarmory, F
|poke|p1|Mamoswine, F
|poke|p2|Garchomp, M
|poke|p2|Bisharp, F
|poke|p2|Breloom, F, shiny
|poke|p2|Charizard, M
|poke|p2|Azumarill, F
|poke|p2|Latias, F
|rule|Swagger Clause: Swagger is banned
|rule|Baton Pass Clause: Limit one PokÃ©mon knowing Baton Pass
|rule|Sleep Clause Mod: Limit one foe put to sleep
|rule|Species Clause: Limit one of each PokÃ©mon
|rule|OHKO Clause: OHKO moves are banned
|rule|Moody Clause: Moody is banned
|rule|Evasion Moves Clause: Evasion moves are banned
|rule|Endless Battle Clause: Forcing endless battles is banned
|rule|HP Percentage Mod: HP is shown in percentages
|teampreview
|
|start
|switch|p1a: Thundurus|Thundurus, M|299\/299
|switch|p2a: Breloom|Breloom, F, shiny|261\/261
|turn|1
|
|move|p1a: Thundurus|Taunt|p2a: Breloom
|-start|p2a: Breloom|move: Taunt
|move|p2a: Breloom|Rock Tomb|p1a: Thundurus
|-supereffective|p1a: Thundurus
|-damage|p1a: Thundurus|0 fnt
|faint|p1a: Thundurus
|
|
|switch|p1a: Mamoswine|Mamoswine, F|361\/361
|turn|2
|
|move|p2a: Breloom|Bullet Seed|p1a: Mamoswine
|-supereffective|p1a: Mamoswine
|-damage|p1a: Mamoswine|209\/361
|-supereffective|p1a: Mamoswine
|-damage|p1a: Mamoswine|51\/361
|-supereffective|p1a: Mamoswine
|-damage|p1a: Mamoswine|0 fnt
|-hitcount|p1a: Mamoswine|3
|faint|p1a: Mamoswine
|
|
|switch|p1a: Skarmory|Skarmory, F|334\/334
|turn|3
|
|move|p2a: Breloom|Rock Tomb|p1a: Skarmory
|-damage|p1a: Skarmory|277\/334
|-unboost|p1a: Skarmory|spe|1
|move|p1a: Skarmory|Brave Bird|p2a: Breloom
|-supereffective|p2a: Breloom
|-enditem|p2a: Breloom|Focus Sash
|-damage|p2a: Breloom|1\/261
|-damage|p1a: Skarmory|191\/334|[from] recoil|[of] p2a: Breloom
|
|-end|p2a: Breloom|move: Taunt
|turn|4
|
|move|p2a: Breloom|Spore|p1a: Skarmory
|-status|p1a: Skarmory|slp
|cant|p1a: Skarmory|slp
|
|turn|5
|
|move|p2a: Breloom|Mach Punch|p1a: Skarmory
|-damage|p1a: Skarmory|133\/334 slp
|-damage|p2a: Breloom|0 fnt|[from] item: Rocky Helmet|[of] p1a: Skarmory
|faint|p2a: Breloom
|cant|p1a: Skarmory|slp
|
|
|switch|p2a: Charizard|Charizard, M|327\/327
|turn|6
|
|switch|p1a: Umbreon|Umbreon, F|394\/394
|detailschange|p2a: Charizard|Charizard-Mega-X, M
|-mega|p2a: Charizard|Charizard|Charizardite X
|move|p2a: Charizard|Dragon Dance|p2a: Charizard
|-boost|p2a: Charizard|atk|1
|-boost|p2a: Charizard|spe|1
|
|turn|7
|
|move|p2a: Charizard|Dragon Claw|p1a: Umbreon
|-damage|p1a: Umbreon|154\/394
|move|p1a: Umbreon|Foul Play|p2a: Charizard
|-damage|p2a: Charizard|77\/327
|
|-heal|p1a: Umbreon|178\/394|[from] item: Leftovers
|turn|8
|
|switch|p1a: Skarmory|Skarmory, F|133\/334 slp
|move|p2a: Charizard|Dragon Claw|p1a: Skarmory
|-resisted|p1a: Skarmory
|-damage|p1a: Skarmory|43\/334 slp
|-damage|p2a: Charizard|23\/327|[from] item: Rocky Helmet|[of] p1a: Skarmory
|
|turn|9
|
|switch|p2a: Latias|Latias, F|301\/301
|cant|p1a: Skarmory|slp
|
|turn|10
|
|move|p2a: Latias|Healing Wish|p2a: Latias
|faint|p2a: Latias
|-curestatus|p1a: Skarmory|slp
|move|p1a: Skarmory|Roost|p1a: Skarmory
|-heal|p1a: Skarmory|210\/334
|
|
|switch|p2a: Charizard|Charizard-Mega-X, M|23\/327
|-heal|p2a: Charizard|327\/327|[from] move: Healing Wish
|turn|11
|
|move|p2a: Charizard|Flare Blitz|p1a: Skarmory
|-supereffective|p1a: Skarmory
|-damage|p1a: Skarmory|0 fnt
|-damage|p2a: Charizard|273\/327|[from] item: Rocky Helmet|[of] p1a: Skarmory
|-damage|p2a: Charizard|204\/327|[from] recoil|[of] p1a: Skarmory
|faint|p1a: Skarmory
|
|
|switch|p1a: Latias|Latias, F|301\/301
|turn|12
|
|switch|p2a: Bisharp|Bisharp, F|272\/272
|detailschange|p1a: Latias|Latias-Mega, F
|-mega|p1a: Latias|Latias|Latiasite
|move|p1a: Latias|Psyshock|p2a: Bisharp
|-immune|p2a: Bisharp|[msg]
|
|turn|13
|
|move|p1a: Latias|Hidden Power|p2a: Bisharp
|-supereffective|p2a: Bisharp
|-damage|p2a: Bisharp|82\/272
|move|p2a: Bisharp|Knock Off|p1a: Latias
|-supereffective|p1a: Latias
|-damage|p1a: Latias|47\/301
|
|turn|14
|
|move|p1a: Latias|Hidden Power|p2a: Bisharp
|-supereffective|p2a: Bisharp
|-damage|p2a: Bisharp|0 fnt
|faint|p2a: Bisharp
|
|
|switch|p2a: Garchomp|Garchomp, M|357\/357
|turn|15
|
|switch|p1a: Umbreon|Umbreon, F|178\/394
|move|p2a: Garchomp|Dragon Claw|p1a: Umbreon
|-damage|p1a: Umbreon|67\/394
|
|-heal|p1a: Umbreon|91\/394|[from] item: Leftovers
|turn|16
|
|move|p2a: Garchomp|Dragon Claw|p1a: Umbreon
|-damage|p1a: Umbreon|0 fnt
|faint|p1a: Umbreon
|
|
|switch|p1a: Keldeo-Resolute|Keldeo-Resolute|323\/323
|turn|17
|
|move|p1a: Keldeo-Resolute|Scald|p2a: Garchomp
|-damage|p2a: Garchomp|206\/357
|-status|p2a: Garchomp|brn
|move|p2a: Garchomp|Stealth Rock|p1a: Keldeo-Resolute
|-sidestart|p1: Sickeymyscizor|move: Stealth Rock
|
|-damage|p2a: Garchomp|162\/357 brn|[from] brn
|turn|18
|
|move|p1a: Keldeo-Resolute|Scald|p2a: Garchomp
|-crit|p2a: Garchomp
|-damage|p2a: Garchomp|0 fnt
|faint|p2a: Garchomp
|
|
|switch|p2a: Azumarill|Azumarill, F|342\/342
|turn|19
|
|move|p1a: Keldeo-Resolute|Scald|p2a: Azumarill
|-resisted|p2a: Azumarill
|-damage|p2a: Azumarill|251\/342
|move|p2a: Azumarill|Play Rough|p1a: Keldeo-Resolute
|-supereffective|p1a: Keldeo-Resolute
|-damage|p1a: Keldeo-Resolute|0 fnt
|faint|p1a: Keldeo-Resolute
|
|
|switch|p1a: Latias|Latias-Mega, F|47\/301
|-damage|p1a: Latias|10\/301|[from] Stealth Rock
|turn|20
|
|move|p2a: Azumarill|Aqua Jet|p1a: Latias
|-resisted|p1a: Latias
|-damage|p1a: Latias|0 fnt
|faint|p1a: Latias
|
|win|Master Sun
|raw|Ladder updating...
|raw|Sickeymyscizor's rating: 1530 &rarr; <strong>1512<\/strong><br \/>(-18 for losing)
|raw|Master Sun's rating: 1575 &rarr; <strong>1592<\/strong><br \/>(+17 for winning)