|join|Reverb
|join|Master Sun
|player|p1|Reverb|#reverb
|player|p2|Master Sun|266
|gametype|singles
|gen|6
|tier|OU
|rated
|clearpoke
|poke|p1|Landorus-Therian, M
|poke|p1|Latias, F
|poke|p1|Heatran, F
|poke|p1|Conkeldurr, F
|poke|p1|Azumarill, F
|poke|p1|Heracross, F
|poke|p2|Keldeo-Resolute
|poke|p2|Ferrothorn, M
|poke|p2|Altaria, F
|poke|p2|Mew
|poke|p2|Landorus-Therian, M
|poke|p2|Gengar, F
|rule|Swagger Clause: Swagger is banned
|rule|Baton Pass Clause: Limit one PokÃ©mon knowing Baton Pass
|rule|Sleep Clause Mod: Limit one foe put to sleep
|rule|Species Clause: Limit one of each PokÃ©mon
|rule|OHKO Clause: OHKO moves are banned
|rule|Moody Clause: Moody is banned
|rule|Evasion Moves Clause: Evasion moves are banned
|rule|Endless Battle Clause: Forcing endless battles is banned
|rule|HP Percentage Mod: HP is shown in percentages
|teampreview
|join|Prankster
|join|Bloodz
|c|âReverb|hf
|c|âMaster Sun|hey reverb
|c|âMaster Sun|u too
|c|âReverb|hi
|join|christmas presence
|join|471V3
|
|start
|switch|p1a: Azumarill|Azumarill, F|341\/341
|switch|p2a: Keldeo-Resolute|Keldeo-Resolute|324\/324
|turn|1
|
|switch|p2a: Landorus-Therian|Landorus-Therian, M|382\/382
|-ability|p2a: Landorus-Therian|Intimidate|[of] p1a: Azumarill
|-unboost|p1a: Azumarill|atk|1
|move|p1a: Azumarill|Play Rough|p2a: Landorus-Therian|[miss]
|-miss|p1a: Azumarill|p2a: Landorus-Therian
|
|turn|2
|join|yuy
|
|switch|p2a: Ferrothorn|Ferrothorn, M|352\/352
|move|p1a: Azumarill|Play Rough|p2a: Ferrothorn
|-resisted|p2a: Ferrothorn
|-damage|p2a: Ferrothorn|286\/352
|-damage|p1a: Azumarill|299\/341|[from] ability: Iron Barbs|[of] p2a: Ferrothorn
|
|-heal|p2a: Ferrothorn|308\/352|[from] item: Leftovers
|turn|3
|
|switch|p1a: Heatran|Heatran, F|385\/385
|move|p2a: Ferrothorn|Spikes|p1a: Heatran
|-sidestart|p1: Reverb|Spikes
|
|-heal|p2a: Ferrothorn|330\/352|[from] item: Leftovers
|turn|4
|
|switch|p2a: Keldeo-Resolute|Keldeo-Resolute|324\/324
|move|p1a: Heatran|Stealth Rock|p2a: Keldeo-Resolute
|-sidestart|p2: Master Sun|move: Stealth Rock
|
|turn|5
|
|switch|p1a: Latias|Latias, F|364\/364
|move|p2a: Keldeo-Resolute|Scald|p1a: Latias
|-resisted|p1a: Latias
|-damage|p1a: Latias|304\/364
|-status|p1a: Latias|brn
|
|-heal|p1a: Latias|326\/364 brn|[from] item: Leftovers
|-damage|p1a: Latias|281\/364 brn|[from] brn
|turn|6
|join|mouse de frank
|
|switch|p2a: Ferrothorn|Ferrothorn, M|330\/352
|-damage|p2a: Ferrothorn|308\/352|[from] Stealth Rock
|switch|p1a: Conkeldurr|Conkeldurr, F|364\/364
|-damage|p1a: Conkeldurr|319\/364|[from] Spikes
|
|-heal|p2a: Ferrothorn|330\/352|[from] item: Leftovers
|turn|7
|
|switch|p2a: Gengar|Gengar, F|323\/323
|-damage|p2a: Gengar|283\/323|[from] Stealth Rock
|move|p1a: Conkeldurr|Drain Punch|p2a: Gengar
|-immune|p2a: Gengar|[msg]
|
|-heal|p2a: Gengar|303\/323|[from] item: Black Sludge
|turn|8
|
|switch|p2a: Altaria|Altaria, F|353\/353
|-damage|p2a: Altaria|265\/353|[from] Stealth Rock
|move|p1a: Conkeldurr|Knock Off|p2a: Altaria
|-crit|p2a: Altaria
|-damage|p2a: Altaria|158\/353
|
|turn|9
|
|switch|p1a: Landorus-Therian|Landorus-Therian, M|319\/319
|-ability|p1a: Landorus-Therian|Intimidate|[of] p2a: Altaria
|-unboost|p2a: Altaria|atk|1
|detailschange|p2a: Altaria|Altaria-Mega, F
|-mega|p2a: Altaria|Altaria|Altarianite
|move|p2a: Altaria|Roost|p2a: Altaria
|-heal|p2a: Altaria|335\/353
|
|turn|10
|
|move|p1a: Landorus-Therian|U-turn|p2a: Altaria
|-resisted|p2a: Altaria
|-damage|p2a: Altaria|305\/353
|
|switch|p1a: Azumarill|Azumarill, F|299\/341
|-damage|p1a: Azumarill|257\/341|[from] Spikes
|move|p2a: Altaria|Hyper Voice|p1a: Azumarill
|-damage|p1a: Azumarill|85\/341
|
|turn|11
|
|switch|p1a: Landorus-Therian|Landorus-Therian, M|319\/319
|-ability|p1a: Landorus-Therian|Intimidate|[of] p2a: Altaria
|-unboost|p2a: Altaria|atk|1
|move|p2a: Altaria|Hyper Voice|p1a: Landorus-Therian
|-damage|p1a: Landorus-Therian|141\/319
|
|turn|12
|
|move|p1a: Landorus-Therian|Explosion|p2a: Altaria
|-damage|p2a: Altaria|99\/353
|faint|p1a: Landorus-Therian
|move|p2a: Altaria|Earthquake|p1: Landorus-Therian|[notarget]
|-notarget
|
|join|Forums Testing
|c|âMaster Sun|:(
|
|switch|p1a: Heracross|Heracross, F|301\/301
|-damage|p1a: Heracross|264\/301|[from] Spikes
|turn|13
|
|switch|p2a: Landorus-Therian|Landorus-Therian, M|382\/382
|-damage|p2a: Landorus-Therian|335\/382|[from] Stealth Rock
|-ability|p2a: Landorus-Therian|Intimidate|[of] p1a: Heracross
|-unboost|p1a: Heracross|atk|1
|detailschange|p1a: Heracross|Heracross-Mega, F
|-mega|p1a: Heracross|Heracross|Heracronite
|move|p1a: Heracross|Rock Blast|p2a: Landorus-Therian
|-damage|p2a: Landorus-Therian|313\/382
|-damage|p2a: Landorus-Therian|289\/382
|-damage|p2a: Landorus-Therian|265\/382
|-damage|p2a: Landorus-Therian|241\/382
|-crit|p2a: Landorus-Therian
|-damage|p2a: Landorus-Therian|193\/382
|-hitcount|p2a: Landorus-Therian|5
|
|-heal|p2a: Landorus-Therian|216\/382|[from] item: Leftovers
|turn|14
|join|Apathos
|
|move|p1a: Heracross|Swords Dance|p1a: Heracross
|-boost|p1a: Heracross|atk|2
|move|p2a: Landorus-Therian|Stealth Rock|p1a: Heracross
|-sidestart|p1: Reverb|move: Stealth Rock
|
|-heal|p2a: Landorus-Therian|239\/382|[from] item: Leftovers
|turn|15
|
|move|p1a: Heracross|Rock Blast|p2a: Landorus-Therian
|-damage|p2a: Landorus-Therian|190\/382
|-damage|p2a: Landorus-Therian|144\/382
|-damage|p2a: Landorus-Therian|94\/382
|-crit|p2a: Landorus-Therian
|-damage|p2a: Landorus-Therian|12\/382
|-damage|p2a: Landorus-Therian|0 fnt
|-hitcount|p2a: Landorus-Therian|5
|faint|p2a: Landorus-Therian
|
|c|âMaster Sun|well damn
|join|Alkov
|
|switch|p2a: Gengar|Gengar, F|303\/323
|-damage|p2a: Gengar|263\/323|[from] Stealth Rock
|turn|16
|
|move|p2a: Gengar|Will-O-Wisp|p1a: Heracross
|-status|p1a: Heracross|brn
|move|p1a: Heracross|Rock Blast|p2a: Gengar
|-damage|p2a: Gengar|219\/323
|-damage|p2a: Gengar|172\/323
|-damage|p2a: Gengar|123\/323
|-damage|p2a: Gengar|77\/323
|-damage|p2a: Gengar|26\/323
|-hitcount|p2a: Gengar|5
|
|-heal|p2a: Gengar|46\/323|[from] item: Black Sludge
|-damage|p1a: Heracross|227\/301 brn|[from] brn
|turn|17
|join|Quasi Doodle
|
|move|p2a: Gengar|Shadow Ball|p1a: Heracross
|-damage|p1a: Heracross|121\/301 brn
|move|p1a: Heracross|Pin Missile|p2a: Gengar
|-resisted|p2a: Gengar
|-damage|p2a: Gengar|27\/323
|-resisted|p2a: Gengar
|-damage|p2a: Gengar|10\/323
|-resisted|p2a: Gengar
|-damage|p2a: Gengar|0 fnt
|-hitcount|p2a: Gengar|3
|faint|p2a: Gengar
|
|-damage|p1a: Heracross|84\/301 brn|[from] brn
|
|switch|p2a: Keldeo-Resolute|Keldeo-Resolute|324\/324
|-damage|p2a: Keldeo-Resolute|304\/324|[from] Stealth Rock
|turn|18
|
|switch|p1a: Latias|Latias, F|281\/364 brn
|-damage|p1a: Latias|236\/364 brn|[from] Stealth Rock
|move|p2a: Keldeo-Resolute|Scald|p1a: Latias
|-resisted|p1a: Latias
|-damage|p1a: Latias|176\/364 brn
|
|-heal|p2a: Keldeo-Resolute|324\/324|[from] item: Leftovers
|-heal|p1a: Latias|198\/364 brn|[from] item: Leftovers
|-damage|p1a: Latias|153\/364 brn|[from] brn
|turn|19
|
|move|p2a: Keldeo-Resolute|Substitute|p2a: Keldeo-Resolute
|-start|p2a: Keldeo-Resolute|Substitute
|-damage|p2a: Keldeo-Resolute|243\/324
|move|p1a: Latias|Recover|p1a: Latias
|-heal|p1a: Latias|335\/364 brn
|
|-heal|p2a: Keldeo-Resolute|263\/324|[from] item: Leftovers
|-heal|p1a: Latias|357\/364 brn|[from] item: Leftovers
|-damage|p1a: Latias|312\/364 brn|[from] brn
|turn|20
|join|Biz
|
|move|p2a: Keldeo-Resolute|Secret Sword|p1a: Latias
|-resisted|p1a: Latias
|-damage|p1a: Latias|253\/364 brn
|move|p1a: Latias|Psyshock|p2a: Keldeo-Resolute
|-supereffective|p2a: Keldeo-Resolute
|-end|p2a: Keldeo-Resolute|Substitute
|
|-heal|p2a: Keldeo-Resolute|283\/324|[from] item: Leftovers
|-heal|p1a: Latias|275\/364 brn|[from] item: Leftovers
|-damage|p1a: Latias|230\/364 brn|[from] brn
|turn|21
|
|switch|p2a: Ferrothorn|Ferrothorn, M|330\/352
|-damage|p2a: Ferrothorn|308\/352|[from] Stealth Rock
|move|p1a: Latias|Recover|p1a: Latias
|-heal|p1a: Latias|364\/364 brn
|
|-heal|p2a: Ferrothorn|330\/352|[from] item: Leftovers
|-damage|p1a: Latias|319\/364 brn|[from] brn
|turn|22
|
|move|p1a: Latias|Defog|p2a: Ferrothorn
|-unboost|p2a: Ferrothorn|evasion|1
|-sideend|p2: Master Sun|Stealth Rock|[from] move: Defog|[of] p2a: Ferrothorn
|-sideend|p1: Reverb|Spikes|[from] move: Defog|[of] p1a: Latias
|-sideend|p1: Reverb|Stealth Rock|[from] move: Defog|[of] p1a: Latias
|move|p2a: Ferrothorn|Gyro Ball|p1a: Latias
|-damage|p1a: Latias|193\/364 brn
|
|-heal|p1a: Latias|215\/364 brn|[from] item: Leftovers
|-heal|p2a: Ferrothorn|352\/352|[from] item: Leftovers
|-damage|p1a: Latias|170\/364 brn|[from] brn
|turn|23
|
|switch|p1a: Heatran|Heatran, F|385\/385
|move|p2a: Ferrothorn|Leech Seed|p1a: Heatran
|-start|p1a: Heatran|move: Leech Seed
|
|-damage|p1a: Heatran|337\/385|[from] Leech Seed|[of] p2a: Ferrothorn
|turn|24
|
|switch|p2a: Altaria|Altaria-Mega, F|99\/353
|move|p1a: Heatran|Stealth Rock|p2a: Altaria
|-sidestart|p2: Master Sun|move: Stealth Rock
|
|-heal|p1a: Heatran|361\/385|[from] item: Leftovers
|-damage|p1a: Heatran|313\/385|[from] Leech Seed|[of] p2a: Altaria
|-heal|p2a: Altaria|147\/353|[silent]
|turn|25
|
|move|p1a: Heatran|Taunt|p2a: Altaria
|-start|p2a: Altaria|move: Taunt
|cant|p2a: Altaria|move: Taunt|Roost
|
|-heal|p1a: Heatran|337\/385|[from] item: Leftovers
|-damage|p1a: Heatran|289\/385|[from] Leech Seed|[of] p2a: Altaria
|-heal|p2a: Altaria|195\/353|[silent]
|turn|26
|
|switch|p1a: Latias|Latias, F|170\/364 brn
|move|p2a: Altaria|Earthquake|p1a: Latias
|-immune|p1a: Latias|[msg]
|
|-heal|p1a: Latias|192\/364 brn|[from] item: Leftovers
|-damage|p1a: Latias|147\/364 brn|[from] brn
|turn|27
|
|move|p1a: Latias|Thunder Wave|p2a: Altaria
|-status|p2a: Altaria|par
|move|p2a: Altaria|Hyper Voice|p1a: Latias
|-supereffective|p1a: Latias
|-damage|p1a: Latias|0 fnt
|faint|p1a: Latias
|
|-end|p2a: Altaria|move: Taunt
|
|switch|p1a: Azumarill|Azumarill, F|85\/341
|turn|28
|
|switch|p2a: Ferrothorn|Ferrothorn, M|352\/352
|-damage|p2a: Ferrothorn|330\/352|[from] Stealth Rock
|move|p1a: Azumarill|Superpower|p2a: Ferrothorn
|-supereffective|p2a: Ferrothorn
|-damage|p2a: Ferrothorn|0 fnt
|-damage|p1a: Azumarill|43\/341|[from] ability: Iron Barbs|[of] p2a: Ferrothorn
|-unboost|p1a: Azumarill|atk|1
|-unboost|p1a: Azumarill|def|1
|faint|p2a: Ferrothorn
|
|
|switch|p2a: Altaria|Altaria-Mega, F|195\/353 par
|-damage|p2a: Altaria|151\/353 par|[from] Stealth Rock
|turn|29
|
|switch|p1a: Heracross|Heracross-Mega, F|84\/301 brn
|move|p2a: Altaria|Heal Bell|p2a: Altaria
|-cureteam|p2a: Altaria|[from] move: HealBell
|
|-damage|p1a: Heracross|47\/301 brn|[from] brn
|turn|30
|
|move|p1a: Heracross|Swords Dance|p1a: Heracross
|-boost|p1a: Heracross|atk|2
|move|p2a: Altaria|Roost|p2a: Altaria
|-heal|p2a: Altaria|328\/353
|
|-damage|p1a: Heracross|10\/301 brn|[from] brn
|turn|31
|join|Jefo
|
|switch|p2a: Mew|Mew|404\/404
|-damage|p2a: Mew|354\/404|[from] Stealth Rock
|move|p1a: Heracross|Rock Blast|p2a: Mew
|-crit|p2a: Mew
|-damage|p2a: Mew|288\/404
|-damage|p2a: Mew|248\/404
|-damage|p2a: Mew|208\/404
|-damage|p2a: Mew|165\/404
|-damage|p2a: Mew|121\/404
|-hitcount|p2a: Mew|5
|
|-heal|p2a: Mew|146\/404|[from] item: Leftovers
|-damage|p1a: Heracross|0 fnt|[from] brn
|faint|p1a: Heracross
|
|switch|p1a: Heatran|Heatran, F|289\/385
|turn|32
|
|move|p1a: Heatran|Taunt|p2a: Mew
|-start|p2a: Mew|move: Taunt
|cant|p2a: Mew|move: Taunt|Soft-Boiled
|
|-heal|p1a: Heatran|313\/385|[from] item: Leftovers
|-heal|p2a: Mew|171\/404|[from] item: Leftovers
|turn|33
|
|switch|p1a: Conkeldurr|Conkeldurr, F|319\/364
|move|p2a: Mew|Knock Off|p1a: Conkeldurr
|-resisted|p1a: Conkeldurr
|-damage|p1a: Conkeldurr|277\/364
|-enditem|p1a: Conkeldurr|Assault Vest|[from] move: Knock Off|[of] p2a: Mew
|
|-heal|p2a: Mew|196\/404|[from] item: Leftovers
|turn|34
|
|move|p2a: Mew|Knock Off|p1a: Conkeldurr
|-resisted|p1a: Conkeldurr
|-damage|p1a: Conkeldurr|249\/364
|move|p1a: Conkeldurr|Knock Off|p2a: Mew
|-supereffective|p2a: Mew
|-damage|p2a: Mew|0 fnt
|-enditem|p2a: Mew|Leftovers|[from] move: Knock Off|[of] p1a: Conkeldurr
|faint|p2a: Mew
|
|
|switch|p2a: Altaria|Altaria-Mega, F|328\/353
|-damage|p2a: Altaria|284\/353|[from] Stealth Rock
|turn|35
|join|QuagGod
|
|switch|p1a: Heatran|Heatran, F|313\/385
|move|p2a: Altaria|Hyper Voice|p1a: Heatran
|-resisted|p1a: Heatran
|-damage|p1a: Heatran|279\/385
|
|-heal|p1a: Heatran|303\/385|[from] item: Leftovers
|turn|36
|
|move|p1a: Heatran|Lava Plume|p2a: Altaria
|-resisted|p2a: Altaria
|-damage|p2a: Altaria|228\/353
|move|p2a: Altaria|Earthquake|p1a: Heatran
|-supereffective|p1a: Heatran
|-damage|p1a: Heatran|0 fnt
|faint|p1a: Heatran
|
|c|âReverb|gg
|-message|Reverb forfeited.
|
|win|Master Sun
|raw|Ladder updating...
|raw|Reverb's rating: 1767 &rarr; <strong>1739<\/strong><br \/>(-28 for losing)
|raw|Master Sun's rating: 1617 &rarr; <strong>1645<\/strong><br \/>(+28 for winning)
|leave|Reverb
|player|p1
|leave|Forums Testing
|leave|Bloodz
|c|âMaster Sun|gg
|leave|QuagGod