|join|Master Sun
|join|joyfulJordan
|player|p1|Master Sun|101
|player|p2|joyfulJordan|290
|gametype|singles
|gen|6
|tier|OU
|rated
|clearpoke
|poke|p1|Garchomp, M
|poke|p1|Bisharp, F
|poke|p1|Breloom, F, shiny
|poke|p1|Charizard, M
|poke|p1|Azumarill, F
|poke|p1|Latias, F
|poke|p2|Azelf
|poke|p2|Pinsir, M
|poke|p2|Landorus-Therian, M
|poke|p2|Keldeo
|poke|p2|Bisharp, F
|poke|p2|Latios, M
|rule|Swagger Clause: Swagger is banned
|rule|Baton Pass Clause: Limit one PokÃ©mon knowing Baton Pass
|rule|Sleep Clause Mod: Limit one foe put to sleep
|rule|Species Clause: Limit one of each PokÃ©mon
|rule|OHKO Clause: OHKO moves are banned
|rule|Moody Clause: Moody is banned
|rule|Evasion Moves Clause: Evasion moves are banned
|rule|Endless Battle Clause: Forcing endless battles is banned
|rule|HP Percentage Mod: HP is shown in percentages
|teampreview
|
|start
|switch|p1a: Garchomp|Garchomp, M|357\/357
|switch|p2a: Azelf|Azelf|291\/291
|turn|1
|
|move|p2a: Azelf|Stealth Rock|p1a: Garchomp
|-sidestart|p1: Master Sun|move: Stealth Rock
|move|p1a: Garchomp|Dragon Claw|p2a: Azelf
|-damage|p2a: Azelf|87\/291
|
|turn|2
|
|move|p2a: Azelf|Explosion|p1a: Garchomp
|-damage|p1a: Garchomp|58\/357
|faint|p2a: Azelf
|move|p1a: Garchomp|Stealth Rock|p2: Azelf
|-sidestart|p2: joyfulJordan|move: Stealth Rock
|
|
|switch|p2a: Keldeo|Keldeo|323\/323
|-damage|p2a: Keldeo|303\/323|[from] Stealth Rock
|turn|3
|
|move|p2a: Keldeo|Scald|p1a: Garchomp
|-damage|p1a: Garchomp|0 fnt
|faint|p1a: Garchomp
|
|
|switch|p1a: Latias|Latias, F|301\/301
|-damage|p1a: Latias|264\/301|[from] Stealth Rock
|turn|4
|
|switch|p2a: Bisharp|Bisharp, F|271\/271
|-damage|p2a: Bisharp|255\/271|[from] Stealth Rock
|move|p1a: Latias|Draco Meteor|p2a: Bisharp
|-resisted|p2a: Bisharp
|-damage|p2a: Bisharp|148\/271
|-unboost|p1a: Latias|spa|2
|-damage|p1a: Latias|234\/301|[from] item: Life Orb
|
|turn|5
|
|move|p1a: Latias|Defog|p2a: Bisharp
|-unboost|p2a: Bisharp|evasion|1
|-boost|p2a: Bisharp|atk|2|[from] ability: Defiant
|-sideend|p2: joyfulJordan|Stealth Rock|[from] move: Defog|[of] p2a: Bisharp
|-sideend|p1: Master Sun|Stealth Rock|[from] move: Defog|[of] p1a: Latias
|move|p2a: Bisharp|Pursuit|p1a: Latias
|-supereffective|p1a: Latias
|-damage|p1a: Latias|0 fnt
|faint|p1a: Latias
|
|
|switch|p1a: Breloom|Breloom, F, shiny|261\/261
|turn|6
|
|move|p1a: Breloom|Mach Punch|p2a: Bisharp
|-crit|p2a: Bisharp
|-supereffective|p2a: Bisharp
|-damage|p2a: Bisharp|0 fnt
|faint|p2a: Bisharp
|
|
|switch|p2a: Landorus-Therian|Landorus-Therian, M|319\/319
|-ability|p2a: Landorus-Therian|Intimidate|[of] p1a: Breloom
|-unboost|p1a: Breloom|atk|1
|turn|7
|
|move|p2a: Landorus-Therian|U-turn|p1a: Breloom
|-damage|p1a: Breloom|149\/261
|
|switch|p2a: Latios|Latios, M|301\/301
|move|p1a: Breloom|Rock Tomb|p2a: Latios
|-crit|p2a: Latios
|-damage|p2a: Latios|104\/301
|-unboost|p2a: Latios|spe|1
|
|turn|8
|
|move|p1a: Breloom|Spore|p2a: Latios
|-status|p2a: Latios|slp
|cant|p2a: Latios|slp
|
|turn|9
|
|move|p1a: Breloom|Rock Tomb|p2a: Latios
|-damage|p2a: Latios|19\/301 slp
|-unboost|p2a: Latios|spe|1
|-curestatus|p2a: Latios|slp
|move|p2a: Latios|Draco Meteor|p1a: Breloom
|-damage|p1a: Breloom|0 fnt
|-unboost|p2a: Latios|spa|2
|-damage|p2a: Latios|0 fnt|[from] item: Life Orb
|faint|p1a: Breloom
|faint|p2a: Latios
|
|
|switch|p2a: Keldeo|Keldeo|303\/323
|switch|p1a: Bisharp|Bisharp, F|272\/272
|turn|10
|
|switch|p1a: Azumarill|Azumarill, F|342\/342
|move|p2a: Keldeo|Hidden Power|p1a: Azumarill
|-supereffective|p1a: Azumarill
|-damage|p1a: Azumarill|82\/342
|-enditem|p1a: Azumarill|Sitrus Berry|[eat]
|-heal|p1a: Azumarill|167\/342|[from] item: Sitrus Berry
|
|turn|11
|
|switch|p1a: Bisharp|Bisharp, F|272\/272
|move|p2a: Keldeo|Hidden Power|p1a: Bisharp
|-damage|p1a: Bisharp|131\/272
|
|turn|12
|
|move|p1a: Bisharp|Sucker Punch|p2a: Keldeo
|-resisted|p2a: Keldeo
|-damage|p2a: Keldeo|219\/323
|-boost|p2a: Keldeo|atk|1|[from] ability: Justified
|move|p2a: Keldeo|Hidden Power|p1a: Bisharp
|-damage|p1a: Bisharp|0 fnt
|faint|p1a: Bisharp
|
|
|switch|p1a: Charizard|Charizard, M|327\/327
|turn|13
|
|switch|p2a: Landorus-Therian|Landorus-Therian, M|319\/319
|-ability|p2a: Landorus-Therian|Intimidate|[of] p1a: Charizard
|-unboost|p1a: Charizard|atk|1
|switch|p1a: Azumarill|Azumarill, F|167\/342
|
|turn|14
|
|move|p2a: Landorus-Therian|Earthquake|p1a: Azumarill
|-damage|p1a: Azumarill|0 fnt
|faint|p1a: Azumarill
|
|c|âjoyfulJordan|gg
|
|switch|p1a: Charizard|Charizard, M|327\/327
|turn|15
|
|move|p2a: Landorus-Therian|Earthquake|p1a: Charizard
|-immune|p1a: Charizard|[msg]
|move|p1a: Charizard|Dragon Dance|p1a: Charizard
|-boost|p1a: Charizard|atk|1
|-boost|p1a: Charizard|spe|1
|
|turn|16
|
|switch|p2a: Keldeo|Keldeo|219\/323
|move|p1a: Charizard|Dragon Dance|p1a: Charizard
|-boost|p1a: Charizard|atk|1
|-boost|p1a: Charizard|spe|1
|
|turn|17
|c|âMaster Sun|yup
|
|detailschange|p1a: Charizard|Charizard-Mega-X, M
|-mega|p1a: Charizard|Charizard|Charizardite X
|move|p1a: Charizard|Dragon Claw|p2a: Keldeo
|-damage|p2a: Keldeo|0 fnt
|faint|p2a: Keldeo
|
|c|âjoyfulJordan|the choke is real
|
|switch|p2a: Landorus-Therian|Landorus-Therian, M|319\/319
|-ability|p2a: Landorus-Therian|Intimidate|[of] p1a: Charizard
|-unboost|p1a: Charizard|atk|1
|turn|18
|c|âMaster Sun|i knew you couldnt use eq on azu
|c|âMaster Sun|or else i would be setting up
|c|âMaster Sun|except you did it
|
|switch|p2a: Pinsir|Pinsir, M|271\/271
|move|p1a: Charizard|Dragon Dance|p1a: Charizard
|-boost|p1a: Charizard|atk|1
|-boost|p1a: Charizard|spe|1
|
|turn|19
|-message|joyfulJordan forfeited.
|leave|joyfulJordan
|
|win|Master Sun
|raw|Ladder updating...
|player|p2