|join|Master Sun
|join|extra dirt
|player|p1|Master Sun|169
|player|p2|extra dirt|265
|gametype|singles
|gen|6
|tier|OU
|rated
|clearpoke
|poke|p1|Lopunny, F
|poke|p1|Thundurus, M
|poke|p1|Celebi
|poke|p1|Bisharp, M
|poke|p1|Keldeo-Resolute
|poke|p1|Landorus-Therian, M
|poke|p2|Sableye, F
|poke|p2|Skarmory, M
|poke|p2|Cresselia, F
|poke|p2|Chansey, F
|poke|p2|Quagsire, F
|poke|p2|Gothitelle, M
|rule|Swagger Clause: Swagger is banned
|rule|Baton Pass Clause: Limit one PokÃ©mon knowing Baton Pass
|rule|Sleep Clause Mod: Limit one foe put to sleep
|rule|Species Clause: Limit one of each PokÃ©mon
|rule|OHKO Clause: OHKO moves are banned
|rule|Moody Clause: Moody is banned
|rule|Evasion Moves Clause: Evasion moves are banned
|rule|Endless Battle Clause: Forcing endless battles is banned
|rule|HP Percentage Mod: HP is shown in percentages
|teampreview
|
|start
|switch|p1a: Celebi|Celebi|403\/403
|switch|p2a: Sableye|Sableye, F|303\/303
|turn|1
|
|detailschange|p2a: Sableye|Sableye-Mega, F
|-mega|p2a: Sableye|Sableye|Sablenite
|move|p2a: Sableye|Will-O-Wisp|p1a: Celebi
|-status|p1a: Celebi|brn
|move|p1a: Celebi|Substitute|p1a: Celebi
|-start|p1a: Celebi|Substitute
|-damage|p1a: Celebi|303\/403 brn
|
|-heal|p1a: Celebi|328\/403 brn|[from] item: Leftovers
|-damage|p1a: Celebi|278\/403 brn|[from] brn
|turn|2
|
|move|p1a: Celebi|Baton Pass|p1a: Celebi
|
|switch|p1a: Lopunny|Lopunny, F|271\/271
|move|p2a: Sableye|Will-O-Wisp|p1a: Lopunny
|
|turn|3
|
|switch|p2a: Skarmory|Skarmory, M|333\/333
|detailschange|p1a: Lopunny|Lopunny-Mega, F
|-mega|p1a: Lopunny|Lopunny|Lopunnite
|move|p1a: Lopunny|Power-Up Punch|p2a: Skarmory
|-damage|p2a: Skarmory|290\/333
|-boost|p1a: Lopunny|atk|1
|
|-heal|p2a: Skarmory|310\/333|[from] item: Leftovers
|turn|4
|
|move|p1a: Lopunny|High Jump Kick|p2a: Skarmory
|-damage|p2a: Skarmory|100\/333
|move|p2a: Skarmory|Whirlwind|p1a: Lopunny
|drag|p1a: Celebi|Celebi|278\/403
|
|-heal|p1a: Celebi|303\/403|[from] item: Leftovers
|-heal|p2a: Skarmory|120\/333|[from] item: Leftovers
|turn|5
|
|move|p1a: Celebi|Baton Pass|p1a: Celebi
|
|switch|p1a: Keldeo-Resolute|Keldeo-Resolute|324\/324
|move|p2a: Skarmory|Roost|p2a: Skarmory
|-heal|p2a: Skarmory|287\/333
|
|-heal|p2a: Skarmory|307\/333|[from] item: Leftovers
|turn|6
|
|switch|p2a: Cresselia|Cresselia, F|444\/444
|move|p1a: Keldeo-Resolute|Scald|p2a: Cresselia
|-damage|p2a: Cresselia|356\/444
|-status|p2a: Cresselia|brn
|
|-heal|p2a: Cresselia|383\/444 brn|[from] item: Leftovers
|-damage|p2a: Cresselia|328\/444 brn|[from] brn
|turn|7
|
|switch|p1a: Celebi|Celebi|303\/403
|switch|p2a: Skarmory|Skarmory, M|307\/333
|
|-heal|p1a: Celebi|328\/403|[from] item: Leftovers
|-heal|p2a: Skarmory|327\/333|[from] item: Leftovers
|turn|8
|
|move|p1a: Celebi|Baton Pass|p1a: Celebi
|
|switch|p1a: Keldeo-Resolute|Keldeo-Resolute|324\/324
|move|p2a: Skarmory|Spikes|p1a: Keldeo-Resolute
|-sidestart|p1: Master Sun|Spikes
|
|-heal|p2a: Skarmory|333\/333|[from] item: Leftovers
|turn|9
|
|switch|p2a: Gothitelle|Gothitelle, M|281\/281
|move|p1a: Keldeo-Resolute|Scald|p2a: Gothitelle
|-damage|p2a: Gothitelle|140\/281
|
|turn|10
|
|move|p2a: Gothitelle|Psychic|p1a: Keldeo-Resolute
|-supereffective|p1a: Keldeo-Resolute
|-damage|p1a: Keldeo-Resolute|64\/324
|move|p1a: Keldeo-Resolute|Scald|p2a: Gothitelle
|-damage|p2a: Gothitelle|13\/281
|
|-heal|p1a: Keldeo-Resolute|84\/324|[from] item: Leftovers
|turn|11
|
|switch|p2a: Chansey|Chansey, F|703\/703
|move|p1a: Keldeo-Resolute|Scald|p2a: Chansey
|-damage|p2a: Chansey|610\/703
|
|-heal|p1a: Keldeo-Resolute|104\/324|[from] item: Leftovers
|turn|12
|
|move|p1a: Keldeo-Resolute|Substitute|p1a: Keldeo-Resolute
|-start|p1a: Keldeo-Resolute|Substitute
|-damage|p1a: Keldeo-Resolute|23\/324
|move|p2a: Chansey|Stealth Rock|p1a: Keldeo-Resolute
|-sidestart|p1: Master Sun|move: Stealth Rock
|
|-heal|p1a: Keldeo-Resolute|43\/324|[from] item: Leftovers
|turn|13
|
|switch|p2a: Quagsire|Quagsire, F|394\/394
|move|p1a: Keldeo-Resolute|Secret Sword|p2a: Quagsire
|-damage|p2a: Quagsire|268\/394
|
|-heal|p1a: Keldeo-Resolute|63\/324|[from] item: Leftovers
|-heal|p2a: Quagsire|292\/394|[from] item: Leftovers
|turn|14
|
|move|p1a: Keldeo-Resolute|Scald|p2a: Quagsire
|-damage|p2a: Quagsire|85\/394
|move|p2a: Quagsire|Earthquake|p1a: Keldeo-Resolute
|-end|p1a: Keldeo-Resolute|Substitute
|
|-heal|p1a: Keldeo-Resolute|83\/324|[from] item: Leftovers
|-heal|p2a: Quagsire|109\/394|[from] item: Leftovers
|turn|15
|
|move|p1a: Keldeo-Resolute|Scald|p2a: Quagsire
|-damage|p2a: Quagsire|0 fnt
|faint|p2a: Quagsire
|
|-heal|p1a: Keldeo-Resolute|103\/324|[from] item: Leftovers
|
|switch|p2a: Gothitelle|Gothitelle, M|13\/281
|turn|16
|
|move|p2a: Gothitelle|Psychic|p1a: Keldeo-Resolute
|-supereffective|p1a: Keldeo-Resolute
|-damage|p1a: Keldeo-Resolute|0 fnt
|faint|p1a: Keldeo-Resolute
|
|
|switch|p1a: Bisharp|Bisharp, M|271\/271
|-damage|p1a: Bisharp|255\/271|[from] Stealth Rock
|-damage|p1a: Bisharp|222\/271|[from] Spikes
|turn|17
|
|switch|p2a: Skarmory|Skarmory, M|333\/333
|move|p1a: Bisharp|Iron Head|p2a: Skarmory
|-resisted|p2a: Skarmory
|-damage|p2a: Skarmory|275\/333
|-damage|p1a: Bisharp|195\/271|[from] item: Life Orb
|
|-heal|p2a: Skarmory|295\/333|[from] item: Leftovers
|turn|18
|
|move|p1a: Bisharp|Swords Dance|p1a: Bisharp
|-boost|p1a: Bisharp|atk|2
|move|p2a: Skarmory|Spikes|p1a: Bisharp
|-sidestart|p1: Master Sun|Spikes
|
|-heal|p2a: Skarmory|315\/333|[from] item: Leftovers
|turn|19
|
|move|p1a: Bisharp|Knock Off|p2a: Skarmory
|-damage|p2a: Skarmory|54\/333
|-enditem|p2a: Skarmory|Leftovers|[from] move: Knock Off|[of] p1a: Bisharp
|-damage|p1a: Bisharp|168\/271|[from] item: Life Orb
|move|p2a: Skarmory|Counter|p1a: Bisharp
|-damage|p1a: Bisharp|0 fnt
|faint|p1a: Bisharp
|
|
|switch|p1a: Lopunny|Lopunny-Mega, F|271\/271
|-damage|p1a: Lopunny|226\/271|[from] Spikes
|-damage|p1a: Lopunny|210\/271|[from] Stealth Rock
|turn|20
|
|move|p1a: Lopunny|Fake Out|p2a: Skarmory
|-resisted|p2a: Skarmory
|-damage|p2a: Skarmory|33\/333
|cant|p2a: Skarmory|flinch
|
|turn|21
|
|move|p1a: Lopunny|Power-Up Punch|p2a: Skarmory
|-damage|p2a: Skarmory|0 fnt
|-boost|p1a: Lopunny|atk|1
|faint|p2a: Skarmory
|
|
|switch|p2a: Gothitelle|Gothitelle, M|13\/281
|turn|22
|
|move|p1a: Lopunny|Return|p2a: Gothitelle
|-damage|p2a: Gothitelle|0 fnt
|faint|p2a: Gothitelle
|
|
|switch|p2a: Cresselia|Cresselia, F|328\/444 brn
|turn|23
|
|switch|p1a: Celebi|Celebi|328\/403
|-damage|p1a: Celebi|261\/403|[from] Spikes
|-damage|p1a: Celebi|211\/403|[from] Stealth Rock
|move|p2a: Cresselia|Psyshock|p1a: Celebi
|-resisted|p1a: Celebi
|-damage|p1a: Celebi|172\/403
|
|-heal|p1a: Celebi|197\/403|[from] item: Leftovers
|-heal|p2a: Cresselia|355\/444 brn|[from] item: Leftovers
|-damage|p2a: Cresselia|300\/444 brn|[from] brn
|turn|24
|
|move|p1a: Celebi|Substitute|p1a: Celebi
|-start|p1a: Celebi|Substitute
|-damage|p1a: Celebi|97\/403
|move|p2a: Cresselia|Skill Swap|p1a: Celebi
|-activate|p2a: Cresselia|move: Skill Swap|Natural Cure|Levitate|[of] p1a: Celebi
|
|-heal|p1a: Celebi|122\/403|[from] item: Leftovers
|-heal|p2a: Cresselia|327\/444 brn|[from] item: Leftovers
|-damage|p2a: Cresselia|272\/444 brn|[from] brn
|turn|25
|
|move|p1a: Celebi|Recover|p1a: Celebi
|-heal|p1a: Celebi|324\/403
|move|p2a: Cresselia|Psyshock|p1a: Celebi
|-resisted|p1a: Celebi
|-activate|p1a: Celebi|Substitute|[damage]
|
|-heal|p1a: Celebi|349\/403|[from] item: Leftovers
|-heal|p2a: Cresselia|299\/444 brn|[from] item: Leftovers
|-damage|p2a: Cresselia|244\/444 brn|[from] brn
|turn|26
|
|move|p1a: Celebi|Giga Drain|p2a: Cresselia
|-damage|p2a: Cresselia|192\/444 brn
|-heal|p1a: Celebi|375\/403|[from] drain|[of] p2a: Cresselia
|move|p2a: Cresselia|Moonlight|p2a: Cresselia
|-heal|p2a: Cresselia|414\/444 brn
|
|-heal|p1a: Celebi|400\/403|[from] item: Leftovers
|-heal|p2a: Cresselia|441\/444 brn|[from] item: Leftovers
|-damage|p2a: Cresselia|386\/444 brn|[from] brn
|turn|27
|
|switch|p2a: Sableye|Sableye-Mega, F|303\/303
|move|p1a: Celebi|Giga Drain|p2a: Sableye
|-damage|p2a: Sableye|239\/303
|-heal|p1a: Celebi|403\/403|[from] drain|[of] p2a: Sableye
|
|turn|28
|
|switch|p2a: Cresselia|Cresselia, F|386\/444
|move|p1a: Celebi|Baton Pass|p1a: Celebi
|
|switch|p1a: Landorus-Therian|Landorus-Therian, M|382\/382
|-damage|p1a: Landorus-Therian|335\/382|[from] Stealth Rock
|-ability|p1a: Landorus-Therian|Intimidate|[of] p2a: Cresselia
|-unboost|p2a: Cresselia|atk|1
|
|-heal|p1a: Landorus-Therian|358\/382|[from] item: Leftovers
|-heal|p2a: Cresselia|413\/444|[from] item: Leftovers
|turn|29
|
|move|p1a: Landorus-Therian|Stealth Rock|p2a: Cresselia
|-sidestart|p2: extra dirt|move: Stealth Rock
|move|p2a: Cresselia|Psyshock|p1a: Landorus-Therian
|-activate|p1a: Landorus-Therian|Substitute|[damage]
|
|-heal|p1a: Landorus-Therian|381\/382|[from] item: Leftovers
|-heal|p2a: Cresselia|440\/444|[from] item: Leftovers
|turn|30
|
|move|p1a: Landorus-Therian|U-turn|p2a: Cresselia
|-supereffective|p2a: Cresselia
|-damage|p2a: Cresselia|320\/444
|
|switch|p1a: Celebi|Celebi|403\/403
|-damage|p1a: Celebi|336\/403|[from] Spikes
|-damage|p1a: Celebi|286\/403|[from] Stealth Rock
|move|p2a: Cresselia|Psyshock|p1a: Celebi
|-crit|p1a: Celebi
|-resisted|p1a: Celebi
|-damage|p1a: Celebi|226\/403
|
|-heal|p1a: Celebi|251\/403|[from] item: Leftovers
|-heal|p2a: Cresselia|347\/444|[from] item: Leftovers
|turn|31
|
|move|p1a: Celebi|Substitute|p1a: Celebi
|-start|p1a: Celebi|Substitute
|-damage|p1a: Celebi|151\/403
|move|p2a: Cresselia|Psyshock|p1a: Celebi
|-resisted|p1a: Celebi
|-activate|p1a: Celebi|Substitute|[damage]
|
|-heal|p1a: Celebi|176\/403|[from] item: Leftovers
|-heal|p2a: Cresselia|374\/444|[from] item: Leftovers
|turn|32
|
|move|p1a: Celebi|Recover|p1a: Celebi
|-heal|p1a: Celebi|378\/403
|move|p2a: Cresselia|Psyshock|p1a: Celebi
|-crit|p1a: Celebi
|-resisted|p1a: Celebi
|-activate|p1a: Celebi|Substitute|[damage]
|
|-heal|p1a: Celebi|403\/403|[from] item: Leftovers
|-heal|p2a: Cresselia|401\/444|[from] item: Leftovers
|turn|33
|
|move|p1a: Celebi|Giga Drain|p2a: Cresselia
|-damage|p2a: Cresselia|343\/444
|move|p2a: Cresselia|Psyshock|p1a: Celebi
|-crit|p1a: Celebi
|-resisted|p1a: Celebi
|-end|p1a: Celebi|Substitute
|
|-heal|p2a: Cresselia|370\/444|[from] item: Leftovers
|turn|34
|
|switch|p2a: Sableye|Sableye-Mega, F|239\/303
|-damage|p2a: Sableye|202\/303|[from] Stealth Rock
|move|p1a: Celebi|Substitute|p1a: Celebi
|-start|p1a: Celebi|Substitute
|-damage|p1a: Celebi|303\/403
|
|-heal|p1a: Celebi|328\/403|[from] item: Leftovers
|turn|35
|
|move|p1a: Celebi|Baton Pass|p1a: Celebi
|
|switch|p1a: Lopunny|Lopunny-Mega, F|210\/271
|-damage|p1a: Lopunny|165\/271|[from] Spikes
|-damage|p1a: Lopunny|149\/271|[from] Stealth Rock
|move|p2a: Sableye|Snarl|p1a: Lopunny
|-resisted|p1a: Lopunny
|-damage|p1a: Lopunny|122\/271
|-unboost|p1a: Lopunny|spa|1
|
|turn|36
|
|switch|p2a: Cresselia|Cresselia, F|370\/444
|-damage|p2a: Cresselia|315\/444|[from] Stealth Rock
|move|p1a: Lopunny|Power-Up Punch|p2a: Cresselia
|-crit|p2a: Cresselia
|-resisted|p2a: Cresselia
|-damage|p2a: Cresselia|265\/444
|-boost|p1a: Lopunny|atk|1
|
|-heal|p2a: Cresselia|292\/444|[from] item: Leftovers
|turn|37
|
|move|p1a: Lopunny|Return|p2a: Cresselia
|-damage|p2a: Cresselia|72\/444
|move|p2a: Cresselia|Moonlight|p2a: Cresselia
|-heal|p2a: Cresselia|294\/444
|
|-heal|p2a: Cresselia|321\/444|[from] item: Leftovers
|turn|38
|
|move|p1a: Lopunny|Return|p2a: Cresselia
|-damage|p2a: Cresselia|74\/444
|move|p2a: Cresselia|Psyshock|p1a: Lopunny
|-supereffective|p1a: Lopunny
|-end|p1a: Lopunny|Substitute
|
|-heal|p2a: Cresselia|101\/444|[from] item: Leftovers
|turn|39
|
|switch|p2a: Sableye|Sableye-Mega, F|202\/303
|-damage|p2a: Sableye|165\/303|[from] Stealth Rock
|move|p1a: Lopunny|Return|p2a: Sableye
|-damage|p2a: Sableye|0 fnt
|faint|p2a: Sableye
|
|
|switch|p2a: Chansey|Chansey, F|610\/703
|-damage|p2a: Chansey|523\/703|[from] Stealth Rock
|turn|40
|
|move|p1a: Lopunny|High Jump Kick|p2a: Chansey
|-supereffective|p2a: Chansey
|-damage|p2a: Chansey|0 fnt
|faint|p2a: Chansey
|
|-message|extra dirt forfeited.
|c|âMaster Sun|get that team out of here
|leave|extra dirt
|
|win|Master Sun
|raw|Ladder updating...
|player|p2
|raw|Master Sun's rating: 1618 &rarr; <strong>1636<\/strong><br \/>(+18 for winning)
|raw|extra dirt's rating: 1582 &rarr; <strong>1564<\/strong><br \/>(-18 for losing)