|join|lowxxl
|join|juancar_tested
|player|p1|lowxxl|265
|player|p2|juancar_tested|144
|gametype|singles
|gen|6
|tier|UU
|rated
|rule|Sleep Clause Mod: Limit one foe put to sleep
|rule|Species Clause: Limit one of each PokÃ©mon
|rule|OHKO Clause: OHKO moves are banned
|rule|Moody Clause: Moody is banned
|rule|Evasion Moves Clause: Evasion moves are banned
|rule|Endless Battle Clause: Forcing endless battles is banned
|rule|HP Percentage Mod: HP is shown in percentages
|clearpoke
|poke|p1|Kingdra, F
|poke|p1|Whimsicott, F
|poke|p1|Infernape, M
|poke|p1|Nidoqueen, F
|poke|p1|Porygon2
|poke|p1|Jirachi
|poke|p2|Gallade, M
|poke|p2|Crobat, M
|poke|p2|Umbreon, F
|poke|p2|Arcanine, F
|poke|p2|Porygon-Z
|poke|p2|Gastrodon, M
|rule|Swagger Clause: Swagger is banned
|rule|Baton Pass Clause: Limit one PokÃ©mon knowing Baton Pass
|teampreview
|
|start
|switch|p1a: Whimsicott|Whimsicott, F|324\/324
|switch|p2a: Gallade|Gallade, M|277\/277
|turn|1
|
|switch|p2a: Crobat|Crobat, M|373\/373
|move|p1a: Whimsicott|Moonblast|p2a: Crobat
|-resisted|p2a: Crobat
|-damage|p2a: Crobat|318\/373
|
|-heal|p2a: Crobat|341\/373|[from] item: Leftovers
|turn|2
|
|switch|p1a: Jirachi|Jirachi|341\/341
|move|p2a: Crobat|Taunt|p1a: Jirachi
|-start|p1a: Jirachi|move: Taunt
|
|-heal|p2a: Crobat|364\/373|[from] item: Leftovers
|turn|3
|
|switch|p2a: Arcanine|Arcanine, F|383\/383
|-ability|p2a: Arcanine|Intimidate|[of] p1a: Jirachi
|-unboost|p1a: Jirachi|atk|1
|move|p1a: Jirachi|U-turn|p2a: Arcanine
|-resisted|p2a: Arcanine
|-damage|p2a: Arcanine|365\/383
|-damage|p1a: Jirachi|285\/341|[from] item: Rocky Helmet|[of] p2a: Arcanine
|
|switch|p1a: Nidoqueen|Nidoqueen, F|384\/384
|
|turn|4
|
|move|p2a: Arcanine|Flare Blitz|p1a: Nidoqueen
|-damage|p1a: Nidoqueen|252\/384
|-damage|p2a: Arcanine|321\/383|[from] recoil|[of] p1a: Nidoqueen
|move|p1a: Nidoqueen|Stealth Rock|p2a: Arcanine
|-sidestart|p2: juancar_tested|move: Stealth Rock
|
|turn|5
|
|switch|p2a: Umbreon|Umbreon, F|394\/394
|-damage|p2a: Umbreon|345\/394|[from] Stealth Rock
|move|p1a: Nidoqueen|Earth Power|p2a: Umbreon
|-damage|p2a: Umbreon|263\/394
|
|-heal|p2a: Umbreon|287\/394|[from] item: Leftovers
|turn|6
|
|switch|p1a: Infernape|Infernape, M|293\/293
|move|p2a: Umbreon|Wish|p2a: Umbreon
|
|-heal|p2a: Umbreon|311\/394|[from] item: Leftovers
|turn|7
|
|switch|p2a: Gastrodon|Gastrodon, M|426\/426
|-damage|p2a: Gastrodon|400\/426|[from] Stealth Rock
|move|p1a: Infernape|U-turn|p2a: Gastrodon
|-damage|p2a: Gastrodon|298\/426
|
|switch|p1a: Whimsicott|Whimsicott, F|324\/324
|
|-heal|p2a: Gastrodon|426\/426|[from] move: Wish|[wisher] Umbreon
|turn|8
|
|switch|p2a: Crobat|Crobat, M|364\/373
|-damage|p2a: Crobat|271\/373|[from] Stealth Rock
|move|p1a: Whimsicott|U-turn|p2a: Crobat
|-resisted|p2a: Crobat
|-damage|p2a: Crobat|261\/373
|
|switch|p1a: Jirachi|Jirachi|285\/341
|
|-heal|p2a: Crobat|284\/373|[from] item: Leftovers
|turn|9
|
|move|p1a: Jirachi|Zen Headbutt|p2a: Crobat
|-supereffective|p2a: Crobat
|-damage|p2a: Crobat|12\/373
|cant|p2a: Crobat|flinch
|
|-heal|p2a: Crobat|35\/373|[from] item: Leftovers
|turn|10
|
|move|p1a: Jirachi|Zen Headbutt|p2a: Crobat
|-supereffective|p2a: Crobat
|-damage|p2a: Crobat|0 fnt
|faint|p2a: Crobat
|
|
|switch|p2a: Gallade|Gallade, M|277\/277
|-damage|p2a: Gallade|260\/277|[from] Stealth Rock
|turn|11
|
|detailschange|p2a: Gallade|Gallade-Mega, M
|message|Gallade has Mega Evolved into Mega Gallade!
|move|p1a: Jirachi|Zen Headbutt|p2a: Gallade
|-damage|p2a: Gallade|130\/277
|move|p2a: Gallade|Swords Dance|p2a: Gallade
|-boost|p2a: Gallade|atk|2
|
|turn|12
|
|move|p1a: Jirachi|Zen Headbutt|p2a: Gallade
|-damage|p2a: Gallade|3\/277
|move|p2a: Gallade|Drain Punch|p1a: Jirachi
|-damage|p1a: Jirachi|0 fnt
|-heal|p2a: Gallade|146\/277|[from] drain|[of] p1a: Jirachi
|faint|p1a: Jirachi
|
|
|switch|p1a: Whimsicott|Whimsicott, F|324\/324
|turn|13
|
|move|p2a: Gallade|Psycho Cut|p1a: Whimsicott
|-damage|p1a: Whimsicott|0 fnt
|faint|p1a: Whimsicott
|
|
|switch|p1a: Nidoqueen|Nidoqueen, F|252\/384
|turn|14
|
|move|p2a: Gallade|Psycho Cut|p1a: Nidoqueen
|-supereffective|p1a: Nidoqueen
|-damage|p1a: Nidoqueen|0 fnt
|faint|p1a: Nidoqueen
|
|
|switch|p1a: Infernape|Infernape, M|293\/293
|turn|15
|c|âjuancar_tested|no more u turn shit
|
|move|p2a: Gallade|Psycho Cut|p1a: Infernape
|-supereffective|p1a: Infernape
|-damage|p1a: Infernape|0 fnt
|faint|p1a: Infernape
|
|
|switch|p1a: Kingdra|Kingdra, F|305\/305
|turn|16
|c|âjuancar_tested|justice for all
|
|move|p2a: Gallade|Drain Punch|p1a: Kingdra
|-damage|p1a: Kingdra|0 fnt
|-heal|p2a: Gallade|277\/277|[from] drain|[of] p1a: Kingdra
|faint|p1a: Kingdra
|
|
|switch|p1a: Porygon2|Porygon2|373\/373
|-ability|p1a: Porygon2|Inner Focus|[from] ability: Trace|[of] p2a: Gallade
|turn|17
|
|move|p2a: Gallade|Drain Punch|p1a: Porygon2
|-supereffective|p1a: Porygon2
|-damage|p1a: Porygon2|0 fnt
|faint|p1a: Porygon2
|
|win|juancar_tested
|raw|Ladder updating...
|raw|lowxxl's rating: 1473 &rarr; <strong>1450<\/strong><br \/>(-23 for losing)
|raw|juancar_tested's rating: 1415 &rarr; <strong>1439<\/strong><br \/>(+24 for winning)
|c|âjuancar_tested|gg;)
|leave|lowxxl
|player|p1