|join|juancar_tested
|join|Emma bae
|player|p1|juancar_tested|144
|player|p2|Emma bae|265
|gametype|singles
|gen|6
|tier|UU
|rated
|rule|Sleep Clause Mod: Limit one foe put to sleep
|rule|Species Clause: Limit one of each PokÃ©mon
|rule|OHKO Clause: OHKO moves are banned
|rule|Moody Clause: Moody is banned
|rule|Evasion Moves Clause: Evasion moves are banned
|rule|Endless Battle Clause: Forcing endless battles is banned
|rule|HP Percentage Mod: HP is shown in percentages
|clearpoke
|poke|p1|Uxie
|poke|p1|Camerupt, M
|poke|p1|Clawitzer, M
|poke|p1|Diancie
|poke|p1|Druddigon, M
|poke|p1|Reuniclus, M
|poke|p2|Sharpedo, M
|poke|p2|Machamp, F
|poke|p2|Jirachi
|poke|p2|Hydreigon, F
|poke|p2|Mienshao, M
|poke|p2|Starmie
|rule|Swagger Clause: Swagger is banned
|rule|Baton Pass Clause: Limit one PokÃ©mon knowing Baton Pass
|teampreview
|
|start
|switch|p1a: Sabiduria|Uxie|354\/354
|switch|p2a: Mienshao|Mienshao, M|271\/271
|turn|1
|
|move|p2a: Mienshao|U-turn|p1a: Sabiduria
|-supereffective|p1a: Sabiduria
|-damage|p1a: Sabiduria|248\/354
|
|switch|p2a: Hydreigon|Hydreigon, F|325\/325
|move|p1a: Sabiduria|Trick Room|p1a: Sabiduria
|-fieldstart|move: Trick Room|[of] p1a: Sabiduria
|
|turn|2
|
|move|p1a: Sabiduria|U-turn|p2a: Hydreigon
|-supereffective|p2a: Hydreigon
|-damage|p2a: Hydreigon|223\/325
|
|switch|p1a: Picardia|Clawitzer, M|345\/345
|move|p2a: Hydreigon|Dark Pulse|p1a: Picardia
|-damage|p1a: Picardia|162\/345
|-damage|p2a: Hydreigon|191\/325|[from] item: Life Orb
|
|turn|3
|
|switch|p2a: Starmie|Starmie|261\/261
|move|p1a: Picardia|Aura Sphere|p2a: Starmie
|-resisted|p2a: Starmie
|-damage|p2a: Starmie|149\/261
|-damage|p1a: Picardia|128\/345|[from] item: Life Orb
|
|turn|4
|
|move|p1a: Picardia|Water Pulse|p2a: Starmie
|-resisted|p2a: Starmie
|-damage|p2a: Starmie|19\/261
|-start|p2a: Starmie|confusion
|-damage|p1a: Picardia|94\/345|[from] item: Life Orb
|-activate|p2a: Starmie|confusion
|move|p2a: Starmie|Psyshock|p1a: Picardia
|-damage|p1a: Picardia|0 fnt
|-damage|p2a: Starmie|0 fnt|[from] item: Life Orb
|faint|p1a: Picardia
|faint|p2a: Starmie
|
|
|switch|p2a: Sharpedo|Sharpedo, M|281\/281
|switch|p1a: Vigor|Druddigon, M|358\/358
|turn|5
|
|move|p2a: Sharpedo|Protect|p2a: Sharpedo
|-singleturn|p2a: Sharpedo|Protect
|move|p1a: Vigor|Outrage|p2a: Sharpedo
|-activate|p2a: Sharpedo|Protect
|
|-fieldend|move: Trick Room
|-boost|p2a: Sharpedo|spe|1|[from] ability: Speed Boost
|turn|6
|
|detailschange|p2a: Sharpedo|Sharpedo-Mega, M
|message|Sharpedo has Mega Evolved into Mega Sharpedo!
|move|p2a: Sharpedo|Ice Fang|p1a: Vigor
|-supereffective|p1a: Vigor
|-damage|p1a: Vigor|84\/358
|move|p1a: Vigor|Outrage|p2a: Sharpedo
|-damage|p2a: Sharpedo|0 fnt
|faint|p2a: Sharpedo
|
|
|switch|p2a: Hydreigon|Hydreigon, F|191\/325
|turn|7
|
|move|p2a: Hydreigon|Dark Pulse|p1a: Vigor
|-damage|p1a: Vigor|0 fnt
|-damage|p2a: Hydreigon|159\/325|[from] item: Life Orb
|faint|p1a: Vigor
|
|
|switch|p1a: Belleza|Diancie|304\/304
|turn|8
|
|move|p2a: Hydreigon|Dark Pulse|p1a: Belleza
|-resisted|p1a: Belleza
|-damage|p1a: Belleza|243\/304
|-damage|p2a: Hydreigon|127\/325|[from] item: Life Orb
|move|p1a: Belleza|Trick Room|p1a: Belleza
|-fieldstart|move: Trick Room|[of] p1a: Belleza
|
|-heal|p1a: Belleza|262\/304|[from] item: Leftovers
|turn|9
|
|move|p1a: Belleza|Diamond Storm|p2a: Hydreigon
|-damage|p2a: Hydreigon|0 fnt
|faint|p2a: Hydreigon
|
|-heal|p1a: Belleza|281\/304|[from] item: Leftovers
|
|switch|p2a: Jirachi|Jirachi|341\/341
|turn|10
|
|switch|p1a: Fortaleza|Camerupt, M|343\/343
|move|p2a: Jirachi|Iron Head|p1a: Fortaleza
|-resisted|p1a: Fortaleza
|-damage|p1a: Fortaleza|260\/343
|
|turn|11
|
|switch|p2a: Machamp|Machamp, F|333\/333
|detailschange|p1a: Fortaleza|Camerupt-Mega, M
|message|Camerupt has Mega Evolved into Mega Camerupt!
|move|p1a: Fortaleza|Earth Power|p2a: Machamp
|-damage|p2a: Machamp|170\/333
|
|turn|12
|
|move|p1a: Fortaleza|Fire Blast|p2a: Machamp
|-damage|p2a: Machamp|0 fnt
|faint|p2a: Machamp
|
|-fieldend|move: Trick Room
|
|switch|p2a: Mienshao|Mienshao, M|271\/271
|turn|13
|
|switch|p1a: Sabiduria|Uxie|248\/354
|move|p2a: Mienshao|Stone Edge|p1a: Sabiduria|[miss]
|-miss|p2a: Mienshao|p1a: Sabiduria
|
|turn|14
|
|switch|p2a: Jirachi|Jirachi|341\/341
|move|p1a: Sabiduria|Trick Room|p1a: Sabiduria
|-fieldstart|move: Trick Room|[of] p1a: Sabiduria
|
|turn|15
|
|move|p1a: Sabiduria|Memento|p2a: Jirachi
|-unboost|p2a: Jirachi|atk|2
|-unboost|p2a: Jirachi|spa|2
|faint|p1a: Sabiduria
|move|p2a: Jirachi|Body Slam|p1: Sabiduria|[notarget]
|-notarget
|
|
|switch|p1a: Fortaleza|Camerupt-Mega, M|260\/343
|turn|16
|c|âjuancar_tested|gg
|
|move|p1a: Fortaleza|Earth Power|p2a: Jirachi
|-supereffective|p2a: Jirachi
|-damage|p2a: Jirachi|0 fnt
|faint|p2a: Jirachi
|
|
|switch|p2a: Mienshao|Mienshao, M|271\/271
|turn|17
|
|move|p1a: Fortaleza|Explosion|p2a: Mienshao
|-damage|p2a: Mienshao|0 fnt
|faint|p1a: Fortaleza
|faint|p2a: Mienshao
|
|win|juancar_tested
|raw|Ladder updating...
|raw|juancar_tested's rating: 1530 &rarr; <strong>1546<\/strong><br \/>(+16 for winning)
|raw|Emma bae's rating: 1446 &rarr; <strong>1430<\/strong><br \/>(-16 for losing)
|leave|Emma bae
|player|p2