|join|juancar_tested
|join|MasterBeef
|player|p1|juancar_tested|144
|player|p2|MasterBeef|70
|gametype|singles
|gen|6
|tier|UU
|rated
|rule|Sleep Clause Mod: Limit one foe put to sleep
|rule|Species Clause: Limit one of each PokÃ©mon
|rule|OHKO Clause: OHKO moves are banned
|rule|Moody Clause: Moody is banned
|rule|Evasion Moves Clause: Evasion moves are banned
|rule|Endless Battle Clause: Forcing endless battles is banned
|rule|HP Percentage Mod: HP is shown in percentages
|clearpoke
|poke|p1|Uxie
|poke|p1|Camerupt, F
|poke|p1|Clawitzer, F
|poke|p1|Diancie
|poke|p1|Druddigon, M
|poke|p1|Reuniclus, F
|poke|p2|Porygon-Z
|poke|p2|Lucario, M
|poke|p2|Nidoking, M
|poke|p2|Cloyster, M, shiny
|poke|p2|Gallade, M
|poke|p2|Crobat, M
|rule|Swagger Clause: Swagger is banned
|rule|Baton Pass Clause: Limit one PokÃ©mon knowing Baton Pass
|teampreview
|
|start
|switch|p1a: Uxie|Uxie|354\/354
|switch|p2a: Nidoking|Nidoking, M|304\/304
|turn|1
|c|âjuancar_tested|ofensive
|
|move|p2a: Nidoking|Stealth Rock|p1a: Uxie
|-sidestart|p1: juancar_tested|move: Stealth Rock
|move|p1a: Uxie|Trick Room|p1a: Uxie
|-fieldstart|move: Trick Room|[of] p1a: Uxie
|
|turn|2
|
|move|p1a: Uxie|U-turn|p2a: Nidoking
|-resisted|p2a: Nidoking
|-damage|p2a: Nidoking|277\/304
|
|switch|p1a: Camerupt|Camerupt, F|343\/343
|-damage|p1a: Camerupt|301\/343|[from] Stealth Rock
|move|p2a: Nidoking|Megahorn|p1a: Camerupt|[miss]
|-miss|p2a: Nidoking|p1a: Camerupt
|
|turn|3
|
|detailschange|p1a: Camerupt|Camerupt-Mega, F
|message|Camerupt has Mega Evolved into Mega Camerupt!
|move|p1a: Camerupt|Fire Blast|p2a: Nidoking|[miss]
|-miss|p1a: Camerupt|p2a: Nidoking
|move|p2a: Nidoking|Earthquake|p1a: Camerupt
|-supereffective|p1a: Camerupt
|-damage|p1a: Camerupt|0 fnt
|-damage|p2a: Nidoking|247\/304|[from] item: Life Orb
|faint|p1a: Camerupt
|
|
|switch|p1a: Clawitzer|Clawitzer, F|345\/345
|-damage|p1a: Clawitzer|302\/345|[from] Stealth Rock
|turn|4
|
|move|p1a: Clawitzer|Water Pulse|p2a: Nidoking
|-crit|p2a: Nidoking
|-supereffective|p2a: Nidoking
|-damage|p2a: Nidoking|0 fnt
|-damage|p1a: Clawitzer|268\/345|[from] item: Life Orb
|faint|p2a: Nidoking
|
|c|âjuancar_tested|this miss:(
|c|âjuancar_tested|my cameruppt
|
|switch|p2a: Crobat|Crobat, M|311\/311
|turn|5
|
|move|p1a: Clawitzer|Ice Beam|p2a: Crobat
|-supereffective|p2a: Crobat
|-damage|p2a: Crobat|0 fnt
|-damage|p1a: Clawitzer|234\/345|[from] item: Life Orb
|faint|p2a: Crobat
|
|-fieldend|move: Trick Room
|
|switch|p2a: Gallade|Gallade, M|278\/278
|turn|6
|
|detailschange|p2a: Gallade|Gallade-Mega, M
|message|Gallade has Mega Evolved into Mega Gallade!
|move|p2a: Gallade|Swords Dance|p2a: Gallade
|-boost|p2a: Gallade|atk|2
|move|p1a: Clawitzer|Water Pulse|p2a: Gallade
|-damage|p2a: Gallade|95\/278
|-damage|p1a: Clawitzer|200\/345|[from] item: Life Orb
|
|turn|7
|
|move|p2a: Gallade|Drain Punch|p1a: Clawitzer
|-damage|p1a: Clawitzer|0 fnt
|-heal|p2a: Gallade|195\/278|[from] drain|[of] p1a: Clawitzer
|faint|p1a: Clawitzer
|
|
|switch|p1a: Diancie|Diancie|304\/304
|-damage|p1a: Diancie|266\/304|[from] Stealth Rock
|turn|8
|c|âjuancar_tested|broken thing
|
|move|p2a: Gallade|Drain Punch|p1a: Diancie
|-damage|p1a: Diancie|41\/304
|-heal|p2a: Gallade|278\/278|[from] drain|[of] p1a: Diancie
|move|p1a: Diancie|Trick Room|p1a: Diancie
|-fieldstart|move: Trick Room|[of] p1a: Diancie
|
|-heal|p1a: Diancie|60\/304|[from] item: Leftovers
|turn|9
|c|âjuancar_tested|in UU wtf
|
|move|p1a: Diancie|Explosion|p2a: Gallade
|-damage|p2a: Gallade|0 fnt
|faint|p1a: Diancie
|faint|p2a: Gallade
|
|
|switch|p2a: Porygon-Z|Porygon-Z|311\/311
|switch|p1a: Reuniclus|Reuniclus, F|424\/424
|turn|10
|
|move|p1a: Reuniclus|Focus Blast|p2a: Porygon-Z
|-supereffective|p2a: Porygon-Z
|-damage|p2a: Porygon-Z|0 fnt
|faint|p2a: Porygon-Z
|
|
|switch|p2a: Cloyster|Cloyster, M, shiny|242\/242
|turn|11
|
|move|p1a: Reuniclus|Shadow Ball|p2a: Cloyster
|-enditem|p2a: Cloyster|Focus Sash
|-damage|p2a: Cloyster|1\/242
|move|p2a: Cloyster|Shell Smash|p2a: Cloyster
|-boost|p2a: Cloyster|atk|2
|-boost|p2a: Cloyster|spa|2
|-boost|p2a: Cloyster|spe|2
|-unboost|p2a: Cloyster|def|1
|-unboost|p2a: Cloyster|spd|1
|
|turn|12
|c|âjuancar_tested|??
|
|move|p1a: Reuniclus|Psyshock|p2a: Cloyster
|-damage|p2a: Cloyster|0 fnt
|faint|p2a: Cloyster
|
|-fieldend|move: Trick Room
|
|switch|p2a: Lucario|Lucario, M|281\/281
|turn|13
|c|âMasterBeef|good team lol
|c|âMasterBeef|gg
|
|move|p2a: Lucario|Bullet Punch|p1a: Reuniclus
|-damage|p1a: Reuniclus|315\/424
|-damage|p2a: Lucario|253\/281|[from] item: Life Orb
|move|p1a: Reuniclus|Trick Room|p1a: Reuniclus
|-fieldstart|move: Trick Room|[of] p1a: Reuniclus
|
|turn|14
|c|âjuancar_tested|thanks
|c|âjuancar_tested|gg
|
|move|p1a: Reuniclus|Psyshock|p2a: Lucario
|-damage|p2a: Lucario|0 fnt
|faint|p2a: Lucario
|
|win|juancar_tested
|raw|Ladder updating...
|raw|juancar_tested's rating: 1332 &rarr; <strong>1346<\/strong><br \/>(+14 for winning)
|raw|MasterBeef's rating: 1231 &rarr; <strong>1213<\/strong><br \/>(-18 for losing)
|leave|MasterBeef
|player|p2