|join|ttocsic
|join|Plasmi
|player|p1|ttocsic|285
|player|p2|Plasmi|75
|gametype|singles
|gen|6
|tier|ORAS OU
|rated
|rule|Sleep Clause Mod: Limit one foe put to sleep
|rule|Species Clause: Limit one of each PokÃ©mon
|rule|OHKO Clause: OHKO moves are banned
|rule|Moody Clause: Moody is banned
|rule|Evasion Moves Clause: Evasion moves are banned
|rule|Endless Battle Clause: Forcing endless battles is banned
|rule|HP Percentage Mod: HP is shown in percentages
|clearpoke
|poke|p1|Beedrill, F
|poke|p1|Rotom-Wash
|poke|p1|Togekiss, M
|poke|p1|Scizor, F
|poke|p1|Azumarill, M
|poke|p1|Alakazam, M
|poke|p2|Lopunny, F, shiny
|poke|p2|Gardevoir, F
|poke|p2|Skarmory, M
|poke|p2|Gourgeist-*, F
|poke|p2|Liepard, F
|poke|p2|Rotom-Heat, shiny
|rule|Swagger Clause: Swagger is banned
|rule|Baton Pass Clause: Limit one PokÃ©mon knowing Baton Pass
|teampreview
|
|start
|switch|p1a: Scizor|Scizor, F|343\/343
|switch|p2a: Eve|Gardevoir, F|296\/296
|-ability|p2a: Eve|Technician|[from] ability: Trace|[of] p1a: Scizor
|turn|1
|
|switch|p2a: Mittsy|Rotom-Heat, shiny|303\/303
|move|p1a: Scizor|U-turn|p2a: Mittsy
|-resisted|p2a: Mittsy
|-damage|p2a: Mittsy|263\/303
|
|switch|p1a: Azumarill|Azumarill, M|404\/404
|
|-heal|p2a: Mittsy|281\/303|[from] item: Leftovers
|turn|2
|
|move|p2a: Mittsy|Volt Switch|p1a: Azumarill
|-crit|p1a: Azumarill
|-supereffective|p1a: Azumarill
|-damage|p1a: Azumarill|164\/404
|
|switch|p2a: Kokoro|Gourgeist-Super, F|374\/374
|-item|p1a: Azumarill|Assault Vest|[from] ability: Frisk|[of] p2a: Kokoro|[identify]
|move|p1a: Azumarill|Knock Off|p2a: Kokoro
|-supereffective|p2a: Kokoro
|-damage|p2a: Kokoro|182\/374
|-enditem|p2a: Kokoro|Leftovers|[from] move: Knock Off|[of] p1a: Azumarill
|
|turn|3
|c|âPlasmi|yikes
|
|switch|p1a: Scizor|Scizor, F|343\/343
|move|p2a: Kokoro|Will-O-Wisp|p1a: Scizor
|-status|p1a: Scizor|brn
|
|-damage|p1a: Scizor|301\/343 brn|[from] brn
|turn|4
|
|move|p1a: Scizor|U-turn|p2a: Kokoro
|-damage|p2a: Kokoro|148\/374
|
|switch|p1a: Togekiss|Togekiss, M|374\/374
|move|p2a: Kokoro|Leech Seed|p1a: Togekiss
|-start|p1a: Togekiss|move: Leech Seed
|
|-damage|p1a: Togekiss|328\/374|[from] Leech Seed|[of] p2a: Kokoro
|-heal|p2a: Kokoro|194\/374|[silent]
|turn|5
|
|move|p2a: Kokoro|Protect|p2a: Kokoro
|-singleturn|p2a: Kokoro|Protect
|move|p1a: Togekiss|Air Slash|p2a: Kokoro
|-activate|p2a: Kokoro|Protect
|
|-heal|p1a: Togekiss|351\/374|[from] item: Leftovers
|-damage|p1a: Togekiss|305\/374|[from] Leech Seed|[of] p2a: Kokoro
|-heal|p2a: Kokoro|240\/374|[silent]
|turn|6
|
|switch|p2a: Mittsy|Rotom-Heat, shiny|281\/303
|move|p1a: Togekiss|Thunder Wave|p2a: Mittsy
|-fail|p2a: Mittsy
|
|-heal|p2a: Mittsy|299\/303|[from] item: Leftovers
|-heal|p1a: Togekiss|328\/374|[from] item: Leftovers
|-damage|p1a: Togekiss|282\/374|[from] Leech Seed|[of] p2a: Mittsy
|-heal|p2a: Mittsy|303\/303|[silent]
|turn|7
|
|switch|p1a: Rotom-Wash|Rotom-Wash|304\/304
|move|p2a: Mittsy|Will-O-Wisp|p1a: Rotom-Wash
|-status|p1a: Rotom-Wash|brn
|
|-damage|p1a: Rotom-Wash|266\/304 brn|[from] brn
|turn|8
|
|switch|p2a: Kokoro|Gourgeist-Super, F|240\/374
|-item|p1a: Rotom-Wash|Leftovers|[from] ability: Frisk|[of] p2a: Kokoro|[identify]
|move|p1a: Rotom-Wash|Hydro Pump|p2a: Kokoro|[miss]
|-miss|p1a: Rotom-Wash|p2a: Kokoro
|
|-heal|p1a: Rotom-Wash|285\/304 brn|[from] item: Leftovers
|-damage|p1a: Rotom-Wash|247\/304 brn|[from] brn
|turn|9
|
|move|p1a: Rotom-Wash|Volt Switch|p2a: Kokoro
|-resisted|p2a: Kokoro
|-damage|p2a: Kokoro|190\/374
|
|switch|p1a: Togekiss|Togekiss, M|282\/374
|move|p2a: Kokoro|Leech Seed|p1a: Togekiss
|-start|p1a: Togekiss|move: Leech Seed
|
|-heal|p1a: Togekiss|305\/374|[from] item: Leftovers
|-damage|p1a: Togekiss|259\/374|[from] Leech Seed|[of] p2a: Kokoro
|-heal|p2a: Kokoro|236\/374|[silent]
|turn|10
|
|move|p1a: Togekiss|Defog|p2a: Kokoro
|-unboost|p2a: Kokoro|evasion|1
|move|p2a: Kokoro|Will-O-Wisp|p1a: Togekiss
|-status|p1a: Togekiss|brn
|
|-heal|p1a: Togekiss|282\/374 brn|[from] item: Leftovers
|-damage|p1a: Togekiss|236\/374 brn|[from] Leech Seed|[of] p2a: Kokoro
|-heal|p2a: Kokoro|282\/374|[silent]
|-damage|p1a: Togekiss|190\/374 brn|[from] brn
|turn|11
|
|switch|p1a: Beedrill|Beedrill, F|271\/271
|move|p2a: Kokoro|Protect|p2a: Kokoro
|-fail|p2a: Kokoro
|
|turn|12
|
|detailschange|p1a: Beedrill|Beedrill-Mega, F
|message|Beedrill has Mega Evolved into Mega Beedrill!
|move|p1a: Beedrill|Poison Jab|p2a: Kokoro
|-damage|p2a: Kokoro|148\/374
|-status|p2a: Kokoro|psn
|move|p2a: Kokoro|Will-O-Wisp|p1a: Beedrill
|-status|p1a: Beedrill|brn
|
|-damage|p1a: Beedrill|238\/271 brn|[from] brn
|-damage|p2a: Kokoro|102\/374 psn|[from] psn
|turn|13
|
|move|p2a: Kokoro|Shadow Sneak|p1a: Beedrill
|-crit|p1a: Beedrill
|-damage|p1a: Beedrill|97\/271 brn
|move|p1a: Beedrill|U-turn|p2a: Kokoro
|-damage|p2a: Kokoro|38\/374 psn
|
|switch|p1a: Alakazam|Alakazam, M|252\/252
|
|-damage|p2a: Kokoro|0 fnt|[from] psn
|faint|p2a: Kokoro
|
|switch|p2a: Cherry|Lopunny, F, shiny|272\/272
|turn|14
|
|switch|p1a: Rotom-Wash|Rotom-Wash|247\/304 brn
|detailschange|p2a: Cherry|Lopunny-Mega, F, shiny
|message|Lopunny has Mega Evolved into Mega Lopunny!
|move|p2a: Cherry|Fake Out|p1a: Rotom-Wash
|-damage|p1a: Rotom-Wash|195\/304 brn
|
|-heal|p1a: Rotom-Wash|214\/304 brn|[from] item: Leftovers
|-damage|p1a: Rotom-Wash|176\/304 brn|[from] brn
|turn|15
|
|switch|p2a: Mittsy|Rotom-Heat, shiny|303\/303
|move|p1a: Rotom-Wash|Pain Split|p2a: Mittsy
|-sethp|p2a: Mittsy|239\/303|p1a: Rotom-Wash|239\/304 brn|[from] move: Pain Split
|
|-heal|p2a: Mittsy|257\/303|[from] item: Leftovers
|-heal|p1a: Rotom-Wash|258\/304 brn|[from] item: Leftovers
|-damage|p1a: Rotom-Wash|220\/304 brn|[from] brn
|turn|16
|
|switch|p2a: Eve|Gardevoir, F|296\/296
|-ability|p2a: Eve|Levitate|[from] ability: Trace|[of] p1a: Rotom-Wash
|move|p1a: Rotom-Wash|Volt Switch|p2a: Eve
|-damage|p2a: Eve|215\/296
|
|switch|p1a: Beedrill|Beedrill-Mega, F|97\/271 brn
|
|-heal|p2a: Eve|233\/296|[from] item: Leftovers
|-damage|p1a: Beedrill|64\/271 brn|[from] brn
|turn|17
|
|switch|p2a: Blazer|Skarmory, M|334\/334
|move|p1a: Beedrill|Poison Jab|p2a: Blazer
|-immune|p2a: Blazer|[msg]
|
|-damage|p1a: Beedrill|31\/271 brn|[from] brn
|turn|18
|
|move|p1a: Beedrill|U-turn|p2a: Blazer
|-resisted|p2a: Blazer
|-damage|p2a: Blazer|320\/334
|
|switch|p1a: Rotom-Wash|Rotom-Wash|220\/304 brn
|move|p2a: Blazer|Stealth Rock|p1a: Rotom-Wash
|-sidestart|p1: ttocsic|move: Stealth Rock
|
|-heal|p1a: Rotom-Wash|239\/304 brn|[from] item: Leftovers
|-heal|p2a: Blazer|334\/334|[from] item: Leftovers
|-damage|p1a: Rotom-Wash|201\/304 brn|[from] brn
|turn|19
|
|switch|p2a: Eve|Gardevoir, F|233\/296
|-ability|p2a: Eve|Levitate|[from] ability: Trace|[of] p1a: Rotom-Wash
|move|p1a: Rotom-Wash|Hydro Pump|p2a: Eve
|-damage|p2a: Eve|115\/296
|
|-heal|p2a: Eve|133\/296|[from] item: Leftovers
|-heal|p1a: Rotom-Wash|220\/304 brn|[from] item: Leftovers
|-damage|p1a: Rotom-Wash|182\/304 brn|[from] brn
|turn|20
|
|move|p2a: Eve|Moonblast|p1a: Rotom-Wash
|-damage|p1a: Rotom-Wash|2\/304 brn
|-unboost|p1a: Rotom-Wash|spa|1
|move|p1a: Rotom-Wash|Volt Switch|p2a: Eve
|-damage|p2a: Eve|82\/296
|
|switch|p1a: Scizor|Scizor, F|301\/343 brn
|-damage|p1a: Scizor|259\/343 brn|[from] Stealth Rock
|
|-heal|p2a: Eve|100\/296|[from] item: Leftovers
|-heal|p1a: Scizor|280\/343 brn|[from] item: Leftovers
|-damage|p1a: Scizor|238\/343 brn|[from] brn
|turn|21
|
|switch|p2a: Mittsy|Rotom-Heat, shiny|257\/303
|move|p1a: Scizor|Defog|p2a: Mittsy
|-unboost|p2a: Mittsy|evasion|1
|-sideend|p1: ttocsic|Stealth Rock|[from] move: Defog|[of] p1a: Scizor
|
|-heal|p2a: Mittsy|275\/303|[from] item: Leftovers
|-heal|p1a: Scizor|259\/343 brn|[from] item: Leftovers
|-damage|p1a: Scizor|217\/343 brn|[from] brn
|turn|22
|
|switch|p1a: Beedrill|Beedrill-Mega, F|31\/271 brn
|move|p2a: Mittsy|Volt Switch|p1a: Beedrill
|-damage|p1a: Beedrill|0 fnt
|faint|p1a: Beedrill
|
|switch|p2a: Cherry|Lopunny-Mega, F, shiny|272\/272
|
|
|switch|p1a: Scizor|Scizor, F|217\/343 brn
|turn|23
|
|move|p2a: Cherry|Fake Out|p1a: Scizor
|-resisted|p1a: Scizor
|-damage|p1a: Scizor|187\/343 brn
|cant|p1a: Scizor|flinch
|
|-heal|p1a: Scizor|208\/343 brn|[from] item: Leftovers
|-damage|p1a: Scizor|166\/343 brn|[from] brn
|turn|24
|
|switch|p2a: Mittsy|Rotom-Heat, shiny|275\/303
|move|p1a: Scizor|Roost|p1a: Scizor
|-heal|p1a: Scizor|338\/343 brn
|
|-heal|p2a: Mittsy|293\/303|[from] item: Leftovers
|-heal|p1a: Scizor|343\/343 brn|[from] item: Leftovers
|-damage|p1a: Scizor|301\/343 brn|[from] brn
|turn|25
|
|switch|p1a: Rotom-Wash|Rotom-Wash|2\/304 brn
|move|p2a: Mittsy|Overheat|p1a: Rotom-Wash|[miss]
|-miss|p2a: Mittsy|p1a: Rotom-Wash
|
|-heal|p2a: Mittsy|303\/303|[from] item: Leftovers
|-heal|p1a: Rotom-Wash|21\/304 brn|[from] item: Leftovers
|-damage|p1a: Rotom-Wash|0 fnt|[from] brn
|faint|p1a: Rotom-Wash
|
|switch|p1a: Azumarill|Azumarill, M|164\/404
|turn|26
|
|move|p1a: Azumarill|Aqua Jet|p2a: Mittsy
|-supereffective|p2a: Mittsy
|-damage|p2a: Mittsy|171\/303
|move|p2a: Mittsy|Volt Switch|p1a: Azumarill
|-supereffective|p1a: Azumarill
|-damage|p1a: Azumarill|0 fnt
|faint|p1a: Azumarill
|
|switch|p2a: Cherry|Lopunny-Mega, F, shiny|272\/272
|
|
|switch|p1a: Togekiss|Togekiss, M|190\/374 brn
|turn|27
|
|move|p2a: Cherry|Fake Out|p1a: Togekiss
|-damage|p1a: Togekiss|115\/374 brn
|cant|p1a: Togekiss|flinch
|
|-heal|p1a: Togekiss|138\/374 brn|[from] item: Leftovers
|-damage|p1a: Togekiss|92\/374 brn|[from] brn
|turn|28
|
|move|p2a: Cherry|Return|p1a: Togekiss
|-damage|p1a: Togekiss|0 fnt
|faint|p1a: Togekiss
|
|
|switch|p1a: Alakazam|Alakazam, M|252\/252
|turn|29
|
|switch|p2a: Nia|Liepard, F|270\/270
|move|p1a: Alakazam|Dazzling Gleam|p2a: Nia
|-supereffective|p2a: Nia
|-damage|p2a: Nia|0 fnt
|faint|p2a: Nia
|
|c|âPlasmi|yikes, ya got me
|
|switch|p2a: Cherry|Lopunny-Mega, F, shiny|272\/272
|turn|30
|
|switch|p1a: Scizor|Scizor, F|301\/343 brn
|move|p2a: Cherry|Fake Out|p1a: Scizor
|-resisted|p1a: Scizor
|-damage|p1a: Scizor|271\/343 brn
|
|-heal|p1a: Scizor|292\/343 brn|[from] item: Leftovers
|-damage|p1a: Scizor|250\/343 brn|[from] brn
|turn|31
|
|move|p2a: Cherry|High Jump Kick|p1a: Scizor|[miss]
|-miss|p2a: Cherry|p1a: Scizor
|-damage|p2a: Cherry|136\/272|[from] highjumpkick
|move|p1a: Scizor|U-turn|p2a: Cherry
|-resisted|p2a: Cherry
|-damage|p2a: Cherry|109\/272
|c|âPlasmi|fuck
|
|switch|p1a: Alakazam|Alakazam, M|252\/252
|
|turn|32
|
|switch|p2a: Eve|Gardevoir, F|100\/296
|-ability|p2a: Eve|Magic Guard|[from] ability: Trace|[of] p1a: Alakazam
|move|p1a: Alakazam|Dazzling Gleam|p2a: Eve
|-damage|p2a: Eve|0 fnt
|faint|p2a: Eve
|
|
|switch|p2a: Blazer|Skarmory, M|334\/334
|turn|33
|
|switch|p1a: Scizor|Scizor, F|250\/343 brn
|move|p2a: Blazer|Brave Bird|p1a: Scizor
|-damage|p1a: Scizor|171\/343 brn
|-damage|p2a: Blazer|308\/334|[from] recoil|[of] p1a: Scizor
|
|-heal|p2a: Blazer|328\/334|[from] item: Leftovers
|-heal|p1a: Scizor|192\/343 brn|[from] item: Leftovers
|-damage|p1a: Scizor|150\/343 brn|[from] brn
|turn|34
|
|move|p1a: Scizor|Roost|p1a: Scizor
|-heal|p1a: Scizor|322\/343 brn
|move|p2a: Blazer|Whirlwind|p1a: Scizor
|drag|p1a: Alakazam|Alakazam, M|252\/252
|
|-heal|p2a: Blazer|334\/334|[from] item: Leftovers
|turn|35
|
|move|p1a: Alakazam|Shadow Ball|p2a: Blazer
|-damage|p2a: Blazer|128\/334
|move|p2a: Blazer|Brave Bird|p1a: Alakazam
|-damage|p1a: Alakazam|45\/252
|-damage|p2a: Blazer|60\/334|[from] recoil|[of] p1a: Alakazam
|
|-heal|p2a: Blazer|80\/334|[from] item: Leftovers
|turn|36
|
|switch|p1a: Scizor|Scizor, F|322\/343 brn
|move|p2a: Blazer|Brave Bird|p1a: Scizor
|-damage|p1a: Scizor|237\/343 brn
|-damage|p2a: Blazer|52\/334|[from] recoil|[of] p1a: Scizor
|
|-heal|p2a: Blazer|72\/334|[from] item: Leftovers
|-heal|p1a: Scizor|258\/343 brn|[from] item: Leftovers
|-damage|p1a: Scizor|216\/343 brn|[from] brn
|turn|37
|
|move|p2a: Blazer|Brave Bird|p1a: Scizor
|-crit|p1a: Scizor
|-damage|p1a: Scizor|93\/343 brn
|-damage|p2a: Blazer|31\/334|[from] recoil|[of] p1a: Scizor
|move|p1a: Scizor|Roost|p1a: Scizor
|-heal|p1a: Scizor|265\/343 brn
|
|-heal|p2a: Blazer|51\/334|[from] item: Leftovers
|-heal|p1a: Scizor|286\/343 brn|[from] item: Leftovers
|-damage|p1a: Scizor|244\/343 brn|[from] brn
|turn|38
|
|switch|p2a: Mittsy|Rotom-Heat, shiny|171\/303
|move|p1a: Scizor|Bullet Punch|p2a: Mittsy
|-resisted|p2a: Mittsy
|-damage|p2a: Mittsy|162\/303
|
|-heal|p2a: Mittsy|180\/303|[from] item: Leftovers
|-heal|p1a: Scizor|265\/343 brn|[from] item: Leftovers
|-damage|p1a: Scizor|223\/343 brn|[from] brn
|turn|39
|
|move|p1a: Scizor|Bullet Punch|p2a: Mittsy
|-resisted|p2a: Mittsy
|-damage|p2a: Mittsy|172\/303
|move|p2a: Mittsy|Overheat|p1a: Scizor
|-supereffective|p1a: Scizor
|-damage|p1a: Scizor|0 fnt
|-unboost|p2a: Mittsy|spa|2
|faint|p1a: Scizor
|
|-heal|p2a: Mittsy|190\/303|[from] item: Leftovers
|
|switch|p1a: Alakazam|Alakazam, M|45\/252
|turn|40
|
|move|p1a: Alakazam|Psychic|p2a: Mittsy
|-damage|p2a: Mittsy|0 fnt
|faint|p2a: Mittsy
|
|
|switch|p2a: Cherry|Lopunny-Mega, F, shiny|109\/272
|turn|41
|c|âPlasmi|gg
|
|move|p2a: Cherry|Fake Out|p1a: Alakazam
|-crit|p1a: Alakazam
|-damage|p1a: Alakazam|0 fnt
|faint|p1a: Alakazam
|
|win|Plasmi
|raw|Ladder updating...
|c|âttocsic|gg
|raw|ttocsic's rating: 1142 &rarr; <strong>1119<\/strong><br \/>(-23 for losing)
|raw|Plasmi's rating: 1168 &rarr; <strong>1191<\/strong><br \/>(+23 for winning)