|join|KennySlime
|join|Plasmi
|player|p1|KennySlime|101
|player|p2|Plasmi|75
|gametype|singles
|gen|6
|tier|OU
|rated
|clearpoke
|poke|p1|Venusaur, M
|poke|p1|Weavile, M
|poke|p1|Gliscor, F
|poke|p1|Greninja, M, shiny
|poke|p1|Rotom-Heat
|poke|p1|Bisharp, M, shiny
|poke|p2|Froslass, F
|poke|p2|Togetic, F
|poke|p2|Empoleon, F
|poke|p2|Arcanine, M
|poke|p2|Flygon, M
|poke|p2|Shaymin
|rule|Baton Pass Clause: Limit 3 pokemon knowing Baton Pass
|rule|Sleep Clause Mod: Limit one foe put to sleep
|rule|Species Clause: Limit one of each Pokemon
|rule|OHKO Clause: OHKO moves are banned
|rule|Moody Clause: Moody is banned
|rule|Evasion Moves Clause: Evasion moves are banned
|rule|Endless Battle Clause: Forcing endless battles is banned
|rule|HP Percentage Mod: HP is reported as percentages
|teampreview
|join|Gym Leader Hasani
|
|start
|switch|p1a: Taurus|Rotom-Heat|241\/241
|switch|p2a: Taco Bell|Flygon, M|302\/302
|turn|1
|
|move|p2a: Taco Bell|U-turn|p1a: Taurus
|-resisted|p1a: Taurus
|-damage|p1a: Taurus|205\/241
|
|switch|p2a: Kazu|Arcanine, M|322\/322
|move|p1a: Taurus|Will-O-Wisp|p2a: Kazu
|-start|p2a: Kazu|ability: Flash Fire
|
|turn|2
|
|switch|p1a: Gliscor|Gliscor, F|354\/354
|move|p2a: Kazu|Flare Blitz|p1a: Gliscor
|-damage|p1a: Gliscor|45\/354
|-damage|p2a: Kazu|220\/322|[from] recoil|[of] p1a: Gliscor
|
|-status|p1a: Gliscor|tox|[from] item: Toxic Orb
|turn|3
|
|switch|p1a: Greninja|Greninja, M, shiny|286\/286
|move|p2a: Kazu|Flare Blitz|p1a: Greninja
|-resisted|p1a: Greninja
|-enditem|p1a: Greninja|Focus Sash
|-damage|p1a: Greninja|1\/286
|-damage|p2a: Kazu|126\/322|[from] recoil|[of] p1a: Greninja
|
|turn|4
|chat|Plasmi|my boi kazu
|chat|Gym Leader Hasani|LMAO
|
|switch|p2a: Young Hikari|Togetic, F|314\/314
|-start|p1a: Greninja|typechange|Water|[from] Protean
|move|p1a: Greninja|Surf|p2a: Young Hikari
|-damage|p2a: Young Hikari|251\/314
|
|turn|5
|
|switch|p1a: Tauburn|Bisharp, M, shiny|334\/334
|move|p2a: Young Hikari|Flamethrower|p1a: Tauburn
|-supereffective|p1a: Tauburn
|-damage|p1a: Tauburn|168\/334
|
|-heal|p1a: Tauburn|188\/334|[from] item: Leftovers
|turn|6
|chat|Plasmi|STARRRR
|chat|Plasmi|DRIVAAAAA
|chat|Plasmi|TAU
|chat|Plasmi|BUNNN
|chat|Plasmi|that thing scares the fuckk out of me
|chat|Plasmi|its really the only ou poke this team isnt prepared for
|chat|Plasmi|along with espeon
|
|switch|p2a: Empress|Empoleon, F|372\/372
|move|p1a: Tauburn|Thunder Wave|p2a: Empress
|-status|p2a: Empress|par
|
|-heal|p1a: Tauburn|208\/334|[from] item: Leftovers
|turn|7
|
|switch|p1a: Green|Venusaur, M|364\/364
|move|p2a: Empress|Scald|p1a: Green
|-resisted|p1a: Green
|-damage|p1a: Green|314\/364
|
|turn|8
|
|detailschange|p1a: Green|Venusaur-Mega, M
|message|Venusaur has Mega Evolved into Mega Venusaur!
|move|p1a: Green|Leech Seed|p2a: Empress|[miss]
|-miss|p1a: Green|p2a: Empress
|cant|p2a: Empress|par
|
|turn|9
|
|move|p1a: Green|Giga Drain|p2a: Empress
|-damage|p2a: Empress|266\/372 par
|-heal|p1a: Green|364\/364|[from] drain|[of] p2a: Empress
|cant|p2a: Empress|par
|
|-heal|p2a: Empress|289\/372 par|[from] item: Leftovers
|turn|10
|chat|Plasmi|come on empress
|
|move|p1a: Green|Leech Seed|p2a: Empress
|-start|p2a: Empress|move: Leech Seed
|move|p2a: Empress|Stealth Rock|p1a: Green
|-sidestart|p1: KennySlime|move: Stealth Rock
|
|-heal|p2a: Empress|312\/372 par|[from] item: Leftovers
|-damage|p2a: Empress|266\/372 par|[from] Leech Seed|[of] p1a: Green
|turn|11
|
|switch|p2a: Lily|Shaymin|342\/342
|move|p1a: Green|Giga Drain|p2a: Lily
|-resisted|p2a: Lily
|-damage|p2a: Lily|290\/342
|
|turn|12
|
|move|p2a: Lily|Air Slash|p1a: Green
|-supereffective|p1a: Green
|-damage|p1a: Green|218\/364
|move|p1a: Green|Sludge Bomb|p2a: Lily
|-supereffective|p2a: Lily
|-damage|p2a: Lily|14\/342
|-status|p2a: Lily|psn
|
|-damage|p2a: Lily|0 fnt|[from] psn
|faint|p2a: Lily
|
|switch|p2a: Kazu|Arcanine, M|126\/322
|turn|13
|
|switch|p1a: Greninja|Greninja, M, shiny|1\/286
|-damage|p1a: Greninja|0 fnt|[from] Stealth Rock
|faint|p1a: Greninja
|move|p2a: Kazu|Flare Blitz|p1: Greninja|[notarget]
|-notarget
|
|
|switch|p1a: Lynx|Weavile, M|282\/282
|-damage|p1a: Lynx|212\/282|[from] Stealth Rock
|turn|14
|chat|Plasmi|i did sort of need lily
|chat|Plasmi|im kinda bummed out that i lost her
|
|move|p1a: Lynx|Fake Out|p2a: Kazu
|-damage|p2a: Kazu|57\/322
|-damage|p1a: Lynx|184\/282|[from] item: Life Orb
|cant|p2a: Kazu|flinch
|
|turn|15
|
|move|p1a: Lynx|Pursuit|p2a: Kazu|[from]Pursuit
|-damage|p2a: Kazu|0 fnt
|-damage|p1a: Lynx|156\/282|[from] item: Life Orb
|faint|p2a: Kazu
|
|chat|Plasmi|thatsss what i predicted.
|chat|Plasmi|thats why i stayed in lol why would you fake out when i could have switched
|
|switch|p2a: Empress|Empoleon, F|266\/372 par
|turn|16
|chat|Plasmi|i think thats game
|chat|Plasmi|cant really touch your venu now
|
|move|p1a: Lynx|Brick Break|p2a: Empress
|-supereffective|p2a: Empress
|-damage|p2a: Empress|94\/372 par
|-damage|p1a: Lynx|128\/282|[from] item: Life Orb
|move|p2a: Empress|Scald|p1a: Lynx
|-damage|p1a: Lynx|0 fnt
|faint|p1a: Lynx
|
|-heal|p2a: Empress|117\/372 par|[from] item: Leftovers
|
|switch|p1a: Taurus|Rotom-Heat|205\/241
|-damage|p1a: Taurus|145\/241|[from] Stealth Rock
|turn|17
|
|switch|p2a: Taco Bell|Flygon, M|302\/302
|move|p1a: Taurus|Volt Switch|p2a: Taco Bell
|-immune|p2a: Taco Bell|[msg]
|
|turn|18
|
|switch|p1a: Green|Venusaur-Mega, M|218\/364
|-damage|p1a: Green|173\/364|[from] Stealth Rock
|move|p2a: Taco Bell|Rock Slide|p1a: Green
|-damage|p1a: Green|112\/364
|
|turn|19
|
|switch|p2a: Empress|Empoleon, F|117\/372 par
|move|p1a: Green|Synthesis|p1a: Green
|-heal|p1a: Green|294\/364
|
|-heal|p2a: Empress|140\/372 par|[from] item: Leftovers
|turn|20
|chat|Plasmi|god
|chat|Plasmi|damn it.
|
|move|p1a: Green|Leech Seed|p2a: Empress
|-start|p2a: Empress|move: Leech Seed
|move|p2a: Empress|Scald|p1a: Green
|-resisted|p1a: Green
|-damage|p1a: Green|257\/364
|
|-heal|p2a: Empress|163\/372 par|[from] item: Leftovers
|-damage|p2a: Empress|117\/372 par|[from] Leech Seed|[of] p1a: Green
|-heal|p1a: Green|303\/364|[silent]
|turn|21
|
|move|p1a: Green|Giga Drain|p2a: Empress
|-damage|p2a: Empress|5\/372 par
|-heal|p1a: Green|359\/364|[from] drain|[of] p2a: Empress
|cant|p2a: Empress|par
|
|-heal|p2a: Empress|28\/372 par|[from] item: Leftovers
|-damage|p2a: Empress|0 fnt|[from] Leech Seed|[of] p1a: Green
|-heal|p1a: Green|364\/364|[silent]
|faint|p2a: Empress
|
|switch|p2a: Togame|Froslass, F|282\/282
|turn|22
|
|move|p2a: Togame|Taunt|p1a: Green
|-start|p1a: Green|move: Taunt
|cant|p1a: Green|move: Taunt|Leech Seed
|
|turn|23
|
|move|p2a: Togame|Ice Beam|p1a: Green
|-supereffective|p1a: Green
|-damage|p1a: Green|274\/364
|move|p1a: Green|Sludge Bomb|p2a: Togame
|-resisted|p2a: Togame
|-damage|p2a: Togame|193\/282
|
|turn|24
|
|move|p2a: Togame|Ice Beam|p1a: Green
|-supereffective|p1a: Green
|-damage|p1a: Green|188\/364
|move|p1a: Green|Sludge Bomb|p2a: Togame
|-resisted|p2a: Togame
|-damage|p2a: Togame|109\/282
|
|-end|p1a: Green|move: Taunt
|turn|25
|
|move|p2a: Togame|Taunt|p1a: Green
|-start|p1a: Green|move: Taunt
|move|p1a: Green|Sludge Bomb|p2a: Togame
|-resisted|p2a: Togame
|-damage|p2a: Togame|28\/282
|
|turn|26
|
|move|p2a: Togame|Destiny Bond|p2a: Togame
|-singlemove|p2a: Togame|Destiny Bond
|move|p1a: Green|Giga Drain|p2a: Togame
|-damage|p2a: Togame|0 fnt
|-heal|p1a: Green|202\/364|[from] drain|[of] p2a: Togame
|faint|p2a: Togame
|-activate|p2a: Togame|Destiny Bond
|faint|p1a: Green
|
|chat|Plasmi|YES.
|chat|Plasmi|still, the odds dont seem to be in my favor..
|
|switch|p2a: Taco Bell|Flygon, M|302\/302
|switch|p1a: Taurus|Rotom-Heat|145\/241
|-damage|p1a: Taurus|85\/241|[from] Stealth Rock
|turn|27
|
|move|p2a: Taco Bell|Rock Slide|p1a: Taurus
|-supereffective|p1a: Taurus
|-damage|p1a: Taurus|0 fnt
|faint|p1a: Taurus
|
|
|switch|p1a: Tauburn|Bisharp, M, shiny|208\/334
|-damage|p1a: Tauburn|188\/334|[from] Stealth Rock
|turn|28
|
|switch|p2a: Young Hikari|Togetic, F|251\/314
|move|p1a: Tauburn|Iron Head|p2a: Young Hikari
|-crit|p2a: Young Hikari
|-supereffective|p2a: Young Hikari
|-damage|p2a: Young Hikari|0 fnt
|faint|p2a: Young Hikari
|
|-heal|p1a: Tauburn|208\/334|[from] item: Leftovers
|
|switch|p2a: Taco Bell|Flygon, M|302\/302
|turn|29
|
|move|p1a: Tauburn|Sucker Punch|p2a: Taco Bell
|-damage|p2a: Taco Bell|121\/302
|move|p2a: Taco Bell|Outrage|p1a: Tauburn
|-resisted|p1a: Tauburn
|-damage|p1a: Tauburn|116\/334
|
|-heal|p1a: Tauburn|136\/334|[from] item: Leftovers
|turn|30
|chat|Plasmi|gg.
|chat|KennySlime|GG
|
|move|p1a: Tauburn|Sucker Punch|p2a: Taco Bell
|-damage|p2a: Taco Bell|0 fnt
|faint|p2a: Taco Bell
|
|win|KennySlime
|raw|Ladder updating...
|raw|KennySlime's rating: 1438 &rarr; <strong>1456<\/strong><br \/>(+18 for winning)
|raw|Plasmi's rating: 1412 &rarr; <strong>1393<\/strong><br \/>(-19 for losing)
|leave|Plasmi
|player|p2