|join|lhy5693
|join|Plasmi
|player|p1|lhy5693|14
|player|p2|Plasmi|75
|gametype|singles
|gen|6
|tier|OU
|rated
|clearpoke
|poke|p1|Rotom-Wash
|poke|p1|Chansey, F
|poke|p1|Ferrothorn, F
|poke|p1|Weezing, M
|poke|p1|Slowbro, M
|poke|p1|Gliscor, M
|poke|p2|Lopunny, F, shiny
|poke|p2|Infernape, M
|poke|p2|Gourgeist-*, F
|poke|p2|Ampharos, F, shiny
|poke|p2|Togekiss, F
|poke|p2|Metagross
|rule|Swagger Clause: Swagger is banned
|rule|Baton Pass Clause: Limit one PokÃ©mon knowing Baton Pass
|rule|Sleep Clause Mod: Limit one foe put to sleep
|rule|Species Clause: Limit one of each PokÃ©mon
|rule|OHKO Clause: OHKO moves are banned
|rule|Moody Clause: Moody is banned
|rule|Evasion Moves Clause: Evasion moves are banned
|rule|Endless Battle Clause: Forcing endless battles is banned
|rule|HP Percentage Mod: HP is reported as percentages
|teampreview
|chat|Plasmi|fuck this team
|chat|Plasmi|ive seen this everywhere
|chat|Plasmi|is this some kind of set stall team that people are all copying
|chat|lhy5693|?
|chat|lhy5693|kikiki
|chat|lhy5693|you lost
|chat|Plasmi|can you not be creative and use the pokemon you like
|
|start
|switch|p1a: Rotom-Wash|Rotom-Wash|304\/304
|switch|p2a: Tidas|Infernape, M|293\/293
|turn|1
|
|move|p2a: Tidas|Fake Out|p1a: Rotom-Wash
|-damage|p1a: Rotom-Wash|272\/304
|cant|p1a: Rotom-Wash|flinch
|
|-heal|p1a: Rotom-Wash|291\/304|[from] item: Leftovers
|turn|2
|
|move|p2a: Tidas|Stealth Rock|p1a: Rotom-Wash
|-sidestart|p1: lhy5693|move: Stealth Rock
|move|p1a: Rotom-Wash|Hydro Pump|p2a: Tidas
|-supereffective|p2a: Tidas
|-enditem|p2a: Tidas|Focus Sash
|-damage|p2a: Tidas|1\/293
|
|-heal|p1a: Rotom-Wash|304\/304|[from] item: Leftovers
|turn|3
|
|switch|p2a: Lailah|Ampharos, F, shiny|384\/384
|move|p1a: Rotom-Wash|Thunderbolt|p2a: Lailah
|-resisted|p2a: Lailah
|-damage|p2a: Lailah|308\/384
|
|turn|4
|
|switch|p1a: Chansey|Chansey, F|642\/642
|-damage|p1a: Chansey|562\/642|[from] Stealth Rock
|detailschange|p2a: Lailah|Ampharos-Mega, F, shiny
|message|Ampharos has Mega Evolved into Mega Ampharos!
|-ability|p2a: Lailah|Mold Breaker
|move|p2a: Lailah|Dragon Pulse|p1a: Chansey
|-damage|p1a: Chansey|454\/642
|
|turn|5
|
|switch|p2a: Tidas|Infernape, M|1\/293
|move|p1a: Chansey|Toxic|p2a: Tidas
|-status|p2a: Tidas|tox
|
|-damage|p2a: Tidas|0 fnt|[from] psn
|faint|p2a: Tidas
|
|switch|p2a: Gurren Lagann|Metagross|302\/302
|turn|6
|
|move|p2a: Gurren Lagann|Meteor Mash|p1a: Chansey
|-damage|p1a: Chansey|217\/642
|move|p1a: Chansey|Stealth Rock|p2a: Gurren Lagann
|-sidestart|p2: Plasmi|move: Stealth Rock
|
|turn|7
|
|switch|p1a: Slowbro|Slowbro, M|394\/394
|-damage|p1a: Slowbro|345\/394|[from] Stealth Rock
|move|p2a: Gurren Lagann|Meteor Mash|p1a: Slowbro|[miss]
|-miss|p2a: Gurren Lagann|p1a: Slowbro
|
|-heal|p1a: Slowbro|369\/394|[from] item: Leftovers
|turn|8
|
|switch|p2a: Lailah|Ampharos-Mega, F, shiny|308\/384
|-damage|p2a: Lailah|260\/384|[from] Stealth Rock
|-ability|p2a: Lailah|Mold Breaker
|move|p1a: Slowbro|Fire Blast|p2a: Lailah
|-resisted|p2a: Lailah
|-damage|p2a: Lailah|224\/384
|
|-heal|p1a: Slowbro|393\/394|[from] item: Leftovers
|turn|9
|
|switch|p1a: Gliscor|Gliscor, M|348\/348
|-damage|p1a: Gliscor|305\/348|[from] Stealth Rock
|move|p2a: Lailah|Focus Blast|p1a: Gliscor
|-resisted|p1a: Gliscor
|-damage|p1a: Gliscor|177\/348
|
|-status|p1a: Gliscor|tox|[from] item: Toxic Orb
|turn|10
|chat|Plasmi|switched to dragon pulse but okay
|
|move|p1a: Gliscor|Substitute|p1a: Gliscor
|-start|p1a: Gliscor|Substitute
|-damage|p1a: Gliscor|90\/348 tox
|move|p2a: Lailah|Dragon Pulse|p1a: Gliscor
|-crit|p1a: Gliscor
|-end|p1a: Gliscor|Substitute
|
|-heal|p1a: Gliscor|133\/348 tox|[from] ability: Poison Heal
|turn|11
|
|move|p1a: Gliscor|Protect|p1a: Gliscor
|-singleturn|p1a: Gliscor|Protect
|move|p2a: Lailah|Dragon Pulse|p1a: Gliscor
|-activate|p1a: Gliscor|Protect
|
|-heal|p1a: Gliscor|176\/348 tox|[from] ability: Poison Heal
|turn|12
|
|move|p1a: Gliscor|Earthquake|p2a: Lailah
|-supereffective|p2a: Lailah
|-damage|p2a: Lailah|0 fnt
|faint|p2a: Lailah
|
|-heal|p1a: Gliscor|219\/348 tox|[from] ability: Poison Heal
|
|switch|p2a: Gurren Lagann|Metagross|302\/302
|-damage|p2a: Gurren Lagann|284\/302|[from] Stealth Rock
|turn|13
|
|move|p1a: Gliscor|Protect|p1a: Gliscor
|-singleturn|p1a: Gliscor|Protect
|move|p2a: Gurren Lagann|Ice Punch|p1a: Gliscor
|-activate|p1a: Gliscor|Protect
|
|-heal|p1a: Gliscor|262\/348 tox|[from] ability: Poison Heal
|turn|14
|chat|Plasmi|ive beat this team a few times, and lost a few times
|chat|Plasmi|it just frustrates me
|
|switch|p1a: Slowbro|Slowbro, M|394\/394
|-damage|p1a: Slowbro|345\/394|[from] Stealth Rock
|move|p2a: Gurren Lagann|Ice Punch|p1a: Slowbro
|-resisted|p1a: Slowbro
|-damage|p1a: Slowbro|311\/394
|
|-heal|p1a: Slowbro|335\/394|[from] item: Leftovers
|turn|15
|chat|Plasmi|the lack of fuckin originality people have
|chat|Plasmi|woah what a surprise, slowbro
|
|switch|p2a: Hikari|Togekiss, F|373\/373
|-damage|p2a: Hikari|280\/373|[from] Stealth Rock
|move|p1a: Slowbro|Fire Blast|p2a: Hikari
|-damage|p2a: Hikari|211\/373
|
|-heal|p2a: Hikari|234\/373|[from] item: Leftovers
|-heal|p1a: Slowbro|359\/394|[from] item: Leftovers
|turn|16
|
|move|p2a: Hikari|Air Slash|p1a: Slowbro|[miss]
|-miss|p2a: Hikari|p1a: Slowbro
|move|p1a: Slowbro|Toxic|p2a: Hikari
|-status|p2a: Hikari|tox
|
|-heal|p2a: Hikari|257\/373 tox|[from] item: Leftovers
|-heal|p1a: Slowbro|383\/394|[from] item: Leftovers
|-damage|p2a: Hikari|234\/373 tox|[from] psn
|turn|17
|leave|Plasmi
|player|p2
|-message|plasmi lost due to inactivity.
|
|win|lhy5693
|raw|Ladder updating...
|raw|lhy5693's rating: 1398 &rarr; <strong>1419<\/strong><br \/>(+21 for winning)
|raw|Plasmi's rating: 1428 &rarr; <strong>1406<\/strong><br \/>(-22 for losing)