|join|XxDarkDevil3xX
|join|Plasmi
|player|p1|XxDarkDevil3xX|274
|player|p2|Plasmi|75
|gametype|singles
|gen|6
|tier|OU
|rated
|clearpoke
|poke|p1|Camerupt, M, shiny
|poke|p1|Cofagrigus, M
|poke|p1|Magnezone
|poke|p1|Conkeldurr, M, shiny
|poke|p1|Cresselia, F
|poke|p1|Azumarill, M
|poke|p2|Gardevoir, F
|poke|p2|Conkeldurr, M
|poke|p2|Magnezone
|poke|p2|Infernape, M
|poke|p2|Gourgeist-*, F
|poke|p2|Excadrill, M
|rule|Swagger Clause: Swagger is banned
|rule|Baton Pass Clause: Limit one PokÃ©mon knowing Baton Pass
|rule|Sleep Clause Mod: Limit one foe put to sleep
|rule|Species Clause: Limit one of each PokÃ©mon
|rule|OHKO Clause: OHKO moves are banned
|rule|Moody Clause: Moody is banned
|rule|Evasion Moves Clause: Evasion moves are banned
|rule|Endless Battle Clause: Forcing endless battles is banned
|rule|HP Percentage Mod: HP is shown in percentages
|teampreview
|
|start
|switch|p1a: Conkeldurr|Conkeldurr, M, shiny|414\/414
|switch|p2a: Eve|Gardevoir, F|340\/340
|-ability|p2a: Eve|Guts|[from] ability: Trace|[of] p1a: Conkeldurr
|turn|1
|
|switch|p1a: Cresselia|Cresselia, F|444\/444
|detailschange|p2a: Eve|Gardevoir-Mega, F
|message|Gardevoir has Mega Evolved into Mega Gardevoir!
|move|p2a: Eve|Calm Mind|p2a: Eve
|-boost|p2a: Eve|spa|1
|-boost|p2a: Eve|spd|1
|
|turn|2
|
|move|p2a: Eve|Calm Mind|p2a: Eve
|-boost|p2a: Eve|spa|1
|-boost|p2a: Eve|spd|1
|move|p1a: Cresselia|Toxic|p2a: Eve
|-status|p2a: Eve|tox
|
|-damage|p2a: Eve|319\/340 tox|[from] psn
|turn|3
|
|move|p2a: Eve|Calm Mind|p2a: Eve
|-boost|p2a: Eve|spa|1
|-boost|p2a: Eve|spd|1
|move|p1a: Cresselia|Trick Room|p1a: Cresselia
|-fieldstart|move: Trick Room|[of] p1a: Cresselia
|
|-damage|p2a: Eve|277\/340 tox|[from] psn
|turn|4
|
|move|p1a: Cresselia|Psychic|p2a: Eve
|-resisted|p2a: Eve
|-damage|p2a: Eve|264\/340 tox
|move|p2a: Eve|Hyper Voice|p1a: Cresselia
|-damage|p1a: Cresselia|152\/444
|
|-heal|p1a: Cresselia|179\/444|[from] item: Leftovers
|-damage|p2a: Eve|201\/340 tox|[from] psn
|turn|5
|
|move|p1a: Cresselia|Moonlight|p1a: Cresselia
|-heal|p1a: Cresselia|401\/444
|move|p2a: Eve|Rest|p2a: Eve
|-status|p2a: Eve|slp
|-heal|p2a: Eve|340\/340 slp|[silent]
|-status|p2a: Eve|slp|[from] move: Rest
|
|-heal|p1a: Cresselia|428\/444|[from] item: Leftovers
|turn|6
|
|switch|p1a: Azumarill|Azumarill, M|404\/404
|cant|p2a: Eve|slp
|move|p2a: Eve|Snore|p1a: Azumarill
|-damage|p1a: Azumarill|64\/404
|
|turn|7
|
|move|p1a: Azumarill|Play Rough|p2a: Eve
|-damage|p2a: Eve|43\/340 slp
|cant|p2a: Eve|slp
|move|p2a: Eve|Snore|p1a: Azumarill
|-damage|p1a: Azumarill|0 fnt
|faint|p1a: Azumarill
|
|-fieldend|move: Trick Room
|
|switch|p1a: Magnezone|Magnezone|344\/344
|-item|p1a: Magnezone|Air Balloon
|turn|8
|
|-curestatus|p2a: Eve|slp
|move|p2a: Eve|Hyper Voice|p1a: Magnezone
|-resisted|p1a: Magnezone
|-damage|p1a: Magnezone|39\/344
|-enditem|p1a: Magnezone|Air Balloon
|move|p1a: Magnezone|Volt Switch|p2a: Eve
|-damage|p2a: Eve|1\/340
|c|âPlasmi|aw
|
|switch|p1a: Cresselia|Cresselia, F|428\/444
|
|-heal|p1a: Cresselia|444\/444|[from] item: Leftovers
|turn|9
|c|âPlasmi|holy shit lol
|
|move|p2a: Eve|Rest|p2a: Eve
|-status|p2a: Eve|slp
|-heal|p2a: Eve|340\/340 slp|[silent]
|-status|p2a: Eve|slp|[from] move: Rest
|move|p1a: Cresselia|Trick Room|p1a: Cresselia
|-fieldstart|move: Trick Room|[of] p1a: Cresselia
|
|turn|10
|
|switch|p1a: Cofagrigus|Cofagrigus, M|320\/320
|cant|p2a: Eve|slp
|move|p2a: Eve|Snore|p1a: Cofagrigus
|-damage|p1a: Cofagrigus|26\/320
|
|-heal|p1a: Cofagrigus|46\/320|[from] item: Leftovers
|turn|11
|
|move|p1a: Cofagrigus|Hex|p2a: Eve
|-supereffective|p2a: Eve
|-damage|p2a: Eve|236\/340 slp
|cant|p2a: Eve|slp
|move|p2a: Eve|Snore|p1a: Cofagrigus
|-damage|p1a: Cofagrigus|0 fnt
|faint|p1a: Cofagrigus
|
|
|switch|p1a: Magnezone|Magnezone|39\/344
|turn|12
|
|move|p1a: Magnezone|Flash Cannon|p2a: Eve
|-supereffective|p2a: Eve
|-damage|p2a: Eve|144\/340 slp
|-curestatus|p2a: Eve|slp
|move|p2a: Eve|Snore|p1a: Magnezone
|-fail|p1a: Magnezone
|
|turn|13
|c|âPlasmi|i misclicked lol
|
|move|p1a: Magnezone|Flash Cannon|p2a: Eve
|-supereffective|p2a: Eve
|-damage|p2a: Eve|46\/340
|move|p2a: Eve|Hyper Voice|p1a: Magnezone
|-resisted|p1a: Magnezone
|-damage|p1a: Magnezone|0 fnt
|faint|p1a: Magnezone
|
|-fieldend|move: Trick Room
|
|switch|p1a: Camerupt|Camerupt, M, shiny|344\/344
|turn|14
|
|detailschange|p1a: Camerupt|Camerupt-Mega, M, shiny
|message|Camerupt has Mega Evolved into Mega Camerupt!
|move|p2a: Eve|Rest|p2a: Eve
|-status|p2a: Eve|slp
|-heal|p2a: Eve|340\/340 slp|[silent]
|-status|p2a: Eve|slp|[from] move: Rest
|move|p1a: Camerupt|Earth Power|p2a: Eve
|-damage|p2a: Eve|267\/340 slp
|
|turn|15
|c|âPlasmi|mega camerupt is such a derp
|c|âPlasmi|but i like him
|
|cant|p2a: Eve|slp
|move|p2a: Eve|Snore|p1a: Camerupt
|-resisted|p1a: Camerupt
|-damage|p1a: Camerupt|194\/344
|move|p1a: Camerupt|Fire Blast|p2a: Eve
|-damage|p2a: Eve|177\/340 slp
|
|turn|16
|-message|XxDarkDevil3xX forfeited.
|
|win|Plasmi
|raw|Ladder updating...
|leave|XxDarkDevil3xX
|player|p1
|raw|XxDarkDevil3xX's rating: 1500 &rarr; <strong>1472<\/strong><br \/>(-28 for losing)
|raw|Plasmi's rating: 1371 &rarr; <strong>1398<\/strong><br \/>(+27 for winning)