|join|Plasmi
|join|Drohn
|player|p1|Plasmi|75
|player|p2|Drohn|163
|gametype|singles
|gen|6
|tier|OU
|rated
|clearpoke
|poke|p1|Mawile, F
|poke|p1|Togekiss, F
|poke|p1|Lopunny, F, shiny
|poke|p1|Infernape, M
|poke|p1|Gourgeist-*, F
|poke|p1|Jolteon, F
|poke|p2|Ferrothorn, M
|poke|p2|Greninja, M, shiny
|poke|p2|Jolteon, M
|poke|p2|Aggron, M
|poke|p2|Espeon, M, shiny
|poke|p2|Talonflame, M, shiny
|rule|Sleep Clause Mod: Limit one foe put to sleep
|rule|Species Clause: Limit one of each Pokemon
|rule|OHKO Clause: OHKO moves are banned
|rule|Moody Clause: Moody is banned
|rule|Evasion Moves Clause: Evasion moves are banned
|rule|Endless Battle Clause: Forcing endless battles is banned.
|rule|HP Percentage Mod: HP is reported as percentages
|teampreview
|
|start
|switch|p1a: Tidas|Infernape, M|293\/293
|switch|p2a: Talonflame|Talonflame, M, shiny|298\/298
|turn|1
|
|move|p1a: Tidas|Fake Out|p2a: Talonflame
|-damage|p2a: Talonflame|253\/298
|cant|p2a: Talonflame|flinch
|
|turn|2
|
|move|p2a: Talonflame|Brave Bird|p1a: Tidas
|-supereffective|p1a: Tidas
|-enditem|p1a: Tidas|Focus Sash
|-damage|p1a: Tidas|1\/293
|-damage|p2a: Talonflame|157\/298|[from] recoil|[of] p1a: Tidas
|move|p1a: Tidas|Overheat|p2a: Talonflame
|-resisted|p2a: Talonflame
|-damage|p2a: Talonflame|0 fnt
|-unboost|p1a: Tidas|spa|2
|faint|p2a: Talonflame
|
|
|switch|p2a: Jolteon|Jolteon, M|271\/271
|turn|3
|
|switch|p1a: Cherry|Lopunny, F, shiny|334\/334
|move|p2a: Jolteon|Shadow Ball|p1a: Cherry
|-immune|p1a: Cherry|[msg]
|
|turn|4
|
|move|p2a: Jolteon|Volt Switch|p1a: Cherry
|-damage|p1a: Cherry|190\/334
|-damage|p2a: Jolteon|244\/271|[from] item: Life Orb
|
|switch|p2a: Ferrothorn|Ferrothorn, M|352\/352
|move|p1a: Cherry|Circle Throw|p2a: Ferrothorn
|-supereffective|p2a: Ferrothorn
|-damage|p2a: Ferrothorn|308\/352
|-damage|p1a: Cherry|149\/334|[from] ability: Iron Barbs|[of] p2a: Ferrothorn
|drag|p2a: Greninja|Greninja, M, shiny|285\/285
|
|turn|5
|
|-start|p2a: Greninja|typechange|Water|[from] Protean
|move|p2a: Greninja|Scald|p1a: Cherry
|-crit|p1a: Cherry
|-damage|p1a: Cherry|0 fnt
|faint|p1a: Cherry
|
|
|switch|p1a: Rose|Mawile, F|284\/284
|-ability|p1a: Rose|Intimidate|[of] p2a: Greninja
|-unboost|p2a: Greninja|atk|1
|turn|6
|
|switch|p2a: Aggron|Aggron, M|344\/344
|detailschange|p1a: Rose|Mawile-Mega, F
|message|Mawile has Mega Evolved into Mega Mawile!
|move|p1a: Rose|Swords Dance|p1a: Rose
|-boost|p1a: Rose|atk|2
|
|turn|7
|
|detailschange|p2a: Aggron|Aggron-Mega, M
|message|Aggron has Mega Evolved into Mega Aggron!
|move|p1a: Rose|Fire Fang|p2a: Aggron|[miss]
|-miss|p1a: Rose|p2a: Aggron
|move|p2a: Aggron|Iron Defense|p2a: Aggron
|-boost|p2a: Aggron|def|2
|
|turn|8
|chat|Plasmi|fuckkkk
|
|move|p1a: Rose|Swords Dance|p1a: Rose
|-boost|p1a: Rose|atk|2
|move|p2a: Aggron|Iron Defense|p2a: Aggron
|-boost|p2a: Aggron|def|2
|
|turn|9
|
|move|p1a: Rose|Swords Dance|p1a: Rose
|-boost|p1a: Rose|atk|2
|move|p2a: Aggron|Iron Defense|p2a: Aggron
|-boost|p2a: Aggron|def|2
|
|turn|10
|chat|Plasmi|the miss though
|
|move|p1a: Rose|Fire Fang|p2a: Aggron
|-supereffective|p2a: Aggron
|-damage|p2a: Aggron|265\/344
|move|p2a: Aggron|Earthquake|p1a: Rose
|-supereffective|p1a: Rose
|-damage|p1a: Rose|112\/284
|
|turn|11
|chat|Drohn|wouldnt do much 
|chat|Drohn|max def
|
|move|p1a: Rose|Fire Fang|p2a: Aggron
|-supereffective|p2a: Aggron
|-damage|p2a: Aggron|178\/344
|move|p2a: Aggron|Earthquake|p1a: Rose
|-supereffective|p1a: Rose
|-damage|p1a: Rose|0 fnt
|faint|p1a: Rose
|
|
|switch|p1a: Tidas|Infernape, M|1\/293
|turn|12
|chat|Plasmi|i just played like an idiot
|
|switch|p2a: Espeon|Espeon, M, shiny|271\/271
|move|p1a: Tidas|Overheat|p2a: Espeon|[miss]
|-miss|p1a: Tidas|p2a: Espeon
|
|turn|13
|chat|Drohn|ok that miss mattered
|chat|Drohn|>.<
|chat|Plasmi|yeah... aight, i think it might be too late for me but
|chat|Plasmi|hm
|
|switch|p1a: Nue|Jolteon, F|272\/272
|move|p2a: Espeon|Psychic|p1a: Nue
|-damage|p1a: Nue|143\/272
|
|turn|14
|
|switch|p2a: Ferrothorn|Ferrothorn, M|308\/352
|move|p1a: Nue|Shadow Ball|p2a: Ferrothorn
|-damage|p2a: Ferrothorn|238\/352
|-unboost|p2a: Ferrothorn|spd|1
|-damage|p1a: Nue|116\/272|[from] item: Life Orb
|
|-heal|p2a: Ferrothorn|260\/352|[from] item: Leftovers
|turn|15
|
|move|p1a: Nue|Volt Switch|p2a: Ferrothorn
|-resisted|p2a: Ferrothorn
|-damage|p2a: Ferrothorn|195\/352
|-damage|p1a: Nue|89\/272|[from] item: Life Orb
|
|switch|p1a: Tidas|Infernape, M|1\/293
|move|p2a: Ferrothorn|Stealth Rock|p1a: Tidas
|-sidestart|p1: Plasmi|move: Stealth Rock
|
|-heal|p2a: Ferrothorn|217\/352|[from] item: Leftovers
|turn|16
|
|move|p2a: Ferrothorn|Protect|p2a: Ferrothorn
|-singleturn|p2a: Ferrothorn|Protect
|move|p1a: Tidas|Overheat|p2a: Ferrothorn
|-activate|p2a: Ferrothorn|Protect
|
|-heal|p2a: Ferrothorn|239\/352|[from] item: Leftovers
|turn|17
|
|switch|p2a: Espeon|Espeon, M, shiny|271\/271
|move|p1a: Tidas|Overheat|p2a: Espeon|[miss]
|-miss|p1a: Tidas|p2a: Espeon
|
|turn|18
|chat|Plasmi|okay
|chat|Plasmi|what
|chat|Drohn|>.<
|chat|Drohn|now i just feel bad
|chat|Plasmi|mehh
|chat|Plasmi|obviously switching out isnt an option
|
|move|p2a: Espeon|Psychic|p1a: Tidas
|-supereffective|p1a: Tidas
|-damage|p1a: Tidas|0 fnt
|faint|p1a: Tidas
|
|
|switch|p1a: Nue|Jolteon, F|89\/272
|-damage|p1a: Nue|55\/272|[from] Stealth Rock
|turn|19
|
|switch|p1a: Hikari|Togekiss, F|312\/312
|-damage|p1a: Hikari|234\/312|[from] Stealth Rock
|switch|p2a: Ferrothorn|Ferrothorn, M|239\/352
|
|-heal|p2a: Ferrothorn|261\/352|[from] item: Leftovers
|turn|20
|
|move|p2a: Ferrothorn|Protect|p2a: Ferrothorn
|-singleturn|p2a: Ferrothorn|Protect
|move|p1a: Hikari|Flamethrower|p2a: Ferrothorn
|-activate|p2a: Ferrothorn|Protect
|
|-heal|p2a: Ferrothorn|283\/352|[from] item: Leftovers
|turn|21
|
|switch|p2a: Espeon|Espeon, M, shiny|271\/271
|move|p1a: Hikari|Flamethrower|p2a: Espeon
|-damage|p2a: Espeon|179\/271
|
|turn|22
|
|move|p2a: Espeon|Psyshock|p1a: Hikari
|-crit|p1a: Hikari
|-damage|p1a: Hikari|53\/312
|move|p1a: Hikari|Flamethrower|p2a: Espeon
|-damage|p2a: Espeon|94\/271
|
|turn|23
|chat|Plasmi|yeah, its your game.
|chat|Drohn|im too lucky
|chat|Drohn|>.<
|chat|Drohn|this round
|chat|Drohn|sorry
|
|move|p2a: Espeon|Psyshock|p1a: Hikari
|-damage|p1a: Hikari|0 fnt
|faint|p1a: Hikari
|
|chat|Plasmi|lol its aight
|
|switch|p1a: Kokoro|Gourgeist-Super, F|374\/374
|-damage|p1a: Kokoro|328\/374|[from] Stealth Rock
|-item|p2a: Espeon|Assault Vest|[from] ability: Frisk|[of] p1a: Kokoro|[identify]
|turn|24
|chat|Drohn|you got a nice team though
|chat|Drohn|if it want for my luck
|chat|Plasmi|ahh, assault vest
|chat|Plasmi|that explains everything
|chat|Drohn|yea
|chat|Drohn|i need moe special def
|chat|Drohn|:p
|chat|Drohn|aggron can tank all physical things
|chat|Drohn|xD
|
|move|p1a: Kokoro|Shadow Sneak|p2a: Espeon
|-supereffective|p2a: Espeon
|-damage|p2a: Espeon|0 fnt
|faint|p2a: Espeon
|
|-heal|p1a: Kokoro|351\/374|[from] item: Leftovers
|chat|Plasmi|i would have assault vest on my toge if not for heatran
|
|switch|p2a: Ferrothorn|Ferrothorn, M|283\/352
|turn|25
|
|move|p1a: Kokoro|Will-O-Wisp|p2a: Ferrothorn
|-status|p2a: Ferrothorn|brn
|move|p2a: Ferrothorn|Spikes|p1a: Kokoro
|-sidestart|p1: Plasmi|Spikes
|
|-heal|p1a: Kokoro|374\/374|[from] item: Leftovers
|-heal|p2a: Ferrothorn|305\/352 brn|[from] item: Leftovers
|-damage|p2a: Ferrothorn|261\/352 brn|[from] brn
|turn|26
|
|move|p1a: Kokoro|Protect|p1a: Kokoro
|-singleturn|p1a: Kokoro|Protect
|move|p2a: Ferrothorn|Spikes|p1a: Kokoro
|-sidestart|p1: Plasmi|Spikes
|
|-heal|p2a: Ferrothorn|283\/352 brn|[from] item: Leftovers
|-damage|p2a: Ferrothorn|239\/352 brn|[from] brn
|turn|27
|
|move|p1a: Kokoro|Shadow Sneak|p2a: Ferrothorn
|-damage|p2a: Ferrothorn|205\/352 brn
|-damage|p1a: Kokoro|328\/374|[from] ability: Iron Barbs|[of] p2a: Ferrothorn
|move|p2a: Ferrothorn|Spikes|p1a: Kokoro
|-sidestart|p1: Plasmi|Spikes
|
|-heal|p1a: Kokoro|351\/374|[from] item: Leftovers
|-heal|p2a: Ferrothorn|227\/352 brn|[from] item: Leftovers
|-damage|p2a: Ferrothorn|183\/352 brn|[from] brn
|turn|28
|
|move|p1a: Kokoro|Protect|p1a: Kokoro
|-singleturn|p1a: Kokoro|Protect
|move|p2a: Ferrothorn|Leech Seed|p1a: Kokoro
|-activate|p1a: Kokoro|Protect
|
|-heal|p1a: Kokoro|374\/374|[from] item: Leftovers
|-heal|p2a: Ferrothorn|205\/352 brn|[from] item: Leftovers
|-damage|p2a: Ferrothorn|161\/352 brn|[from] brn
|turn|29
|
|switch|p2a: Greninja|Greninja, M, shiny|285\/285
|move|p1a: Kokoro|Will-O-Wisp|p2a: Greninja
|-status|p2a: Greninja|brn
|
|-damage|p2a: Greninja|250\/285 brn|[from] brn
|turn|30
|
|move|p1a: Kokoro|Protect|p1a: Kokoro
|-singleturn|p1a: Kokoro|Protect
|-start|p2a: Greninja|typechange|Dark|[from] Protean
|move|p2a: Greninja|Dark Pulse|p1a: Kokoro
|-activate|p1a: Kokoro|Protect
|
|-damage|p2a: Greninja|215\/285 brn|[from] brn
|turn|31
|
|move|p2a: Greninja|Dark Pulse|p1a: Kokoro
|-supereffective|p1a: Kokoro
|-damage|p1a: Kokoro|92\/374
|-heal|p2a: Greninja|250\/285 brn|[from] item: Shell Bell|[of] p1a: Kokoro
|move|p1a: Kokoro|Leech Seed|p2a: Greninja|[miss]
|-miss|p1a: Kokoro|p2a: Greninja
|
|-heal|p1a: Kokoro|115\/374|[from] item: Leftovers
|-damage|p2a: Greninja|215\/285 brn|[from] brn
|turn|32
|chat|Plasmi|fucckckadfjsdafka
|chat|Drohn|>.<
|
|move|p1a: Kokoro|Shadow Sneak|p2a: Greninja
|-resisted|p2a: Greninja
|-damage|p2a: Greninja|179\/285 brn
|move|p2a: Greninja|Dark Pulse|p1a: Kokoro
|-crit|p1a: Kokoro
|-supereffective|p1a: Kokoro
|-damage|p1a: Kokoro|0 fnt
|-heal|p2a: Greninja|193\/285 brn|[from] item: Shell Bell|[of] p1a: Kokoro
|faint|p1a: Kokoro
|
|-damage|p2a: Greninja|158\/285 brn|[from] brn
|chat|Plasmi|lol ima forf out here
|chat|Plasmi|gg
|-message|Plasmi forfeited.
|
|win|Drohn
|raw|Ladder updating...
|raw|Plasmi's rating: 1462 &rarr; <strong>1439<\/strong><br \/>(-23 for losing)
|raw|Drohn's rating: 1407 &rarr; <strong>1430<\/strong><br \/>(+23 for winning)
|leave|Plasmi
|player|p1
|chat|Drohn|gg