|join|Plasmi
|join|ReptileLover
|player|p1|Plasmi|75
|player|p2|ReptileLover|121
|gametype|singles
|gen|6
|tier|OU
|rated
|clearpoke
|poke|p1|Lopunny, F, shiny
|poke|p1|Infernape, M
|poke|p1|Gourgeist-*, F
|poke|p1|Ampharos, F, shiny
|poke|p1|Togekiss, F
|poke|p1|Metagross
|poke|p2|Scolipede, F
|poke|p2|Crobat, M
|poke|p2|Drapion, M
|poke|p2|Gengar, M
|poke|p2|Venusaur, F
|poke|p2|Tentacruel, M
|rule|Swagger Clause: Swagger is banned
|rule|Baton Pass Clause: Limit one PokÃ©mon knowing Baton Pass
|rule|Sleep Clause Mod: Limit one foe put to sleep
|rule|Species Clause: Limit one of each PokÃ©mon
|rule|OHKO Clause: OHKO moves are banned
|rule|Moody Clause: Moody is banned
|rule|Evasion Moves Clause: Evasion moves are banned
|rule|Endless Battle Clause: Forcing endless battles is banned
|rule|HP Percentage Mod: HP is shown in percentages
|teampreview
|
|start
|switch|p1a: Tidas|Infernape, M|293\/293
|switch|p2a: Tentacruel|Tentacruel, M|364\/364
|turn|1
|
|move|p1a: Tidas|Fake Out|p2a: Tentacruel
|-damage|p2a: Tentacruel|321\/364
|cant|p2a: Tentacruel|flinch
|
|-heal|p2a: Tentacruel|343\/364|[from] item: Leftovers
|turn|2
|
|switch|p1a: Lailah|Ampharos, F, shiny|384\/384
|move|p2a: Tentacruel|Confuse Ray|p1a: Lailah
|-start|p1a: Lailah|confusion
|
|-heal|p2a: Tentacruel|364\/364|[from] item: Leftovers
|turn|3
|
|detailschange|p1a: Lailah|Ampharos-Mega, F, shiny
|message|Ampharos has Mega Evolved into Mega Ampharos!
|-ability|p1a: Lailah|Mold Breaker
|move|p2a: Tentacruel|Toxic Spikes|p1a: Lailah
|-sidestart|p1: Plasmi|move: Toxic Spikes
|-activate|p1a: Lailah|confusion
|move|p1a: Lailah|Thunderbolt|p2a: Tentacruel
|-supereffective|p2a: Tentacruel
|-damage|p2a: Tentacruel|88\/364
|
|-heal|p2a: Tentacruel|110\/364|[from] item: Leftovers
|turn|4
|
|move|p2a: Tentacruel|Ice Beam|p1a: Lailah
|-crit|p1a: Lailah
|-supereffective|p1a: Lailah
|-damage|p1a: Lailah|224\/384
|-activate|p1a: Lailah|confusion
|-damage|p1a: Lailah|198\/384|[from] confusion
|
|-heal|p2a: Tentacruel|132\/364|[from] item: Leftovers
|turn|5
|
|move|p2a: Tentacruel|Toxic Spikes|p1a: Lailah
|-sidestart|p1: Plasmi|move: Toxic Spikes
|-end|p1a: Lailah|confusion
|move|p1a: Lailah|Thunderbolt|p2a: Tentacruel
|-supereffective|p2a: Tentacruel
|-damage|p2a: Tentacruel|0 fnt
|faint|p2a: Tentacruel
|
|
|switch|p2a: Drapion|Drapion, M|300\/300
|-item|p2a: Drapion|Air Balloon
|turn|6
|
|move|p2a: Drapion|Earthquake|p1a: Lailah
|-supereffective|p1a: Lailah
|-damage|p1a: Lailah|18\/384
|move|p1a: Lailah|Thunderbolt|p2a: Drapion
|-damage|p2a: Drapion|12\/300
|-enditem|p2a: Drapion|Air Balloon
|-status|p2a: Drapion|par
|
|turn|7
|
|move|p1a: Lailah|Dragon Pulse|p2a: Drapion
|-damage|p2a: Drapion|0 fnt
|faint|p2a: Drapion
|
|
|switch|p2a: Crobat|Crobat, M|311\/311
|turn|8
|
|switch|p1a: Gurren Lagann|Metagross|302\/302
|move|p2a: Crobat|X-Scissor|p1a: Gurren Lagann
|-damage|p1a: Gurren Lagann|245\/302
|
|turn|9
|
|move|p2a: Crobat|Hypnosis|p1a: Gurren Lagann
|-status|p1a: Gurren Lagann|slp
|cant|p1a: Gurren Lagann|slp
|
|turn|10
|
|switch|p2a: Gengar|Gengar, M|262\/262
|-curestatus|p1a: Gurren Lagann|slp
|move|p1a: Gurren Lagann|Ice Punch|p2a: Gengar
|-damage|p2a: Gengar|117\/262
|
|turn|11
|
|move|p1a: Gurren Lagann|Ice Punch|p2a: Gengar
|-damage|p2a: Gengar|0 fnt
|faint|p2a: Gengar
|
|
|switch|p2a: Scolipede|Scolipede, F|262\/262
|turn|12
|
|move|p1a: Gurren Lagann|Ice Punch|p2a: Scolipede
|-damage|p2a: Scolipede|144\/262
|move|p2a: Scolipede|Swords Dance|p2a: Scolipede
|-boost|p2a: Scolipede|atk|2
|
|-boost|p2a: Scolipede|spe|1|[from] ability: Speed Boost
|turn|13
|
|move|p2a: Scolipede|Megahorn|p1a: Gurren Lagann
|-damage|p1a: Gurren Lagann|0 fnt
|faint|p1a: Gurren Lagann
|
|-boost|p2a: Scolipede|spe|1|[from] ability: Speed Boost
|
|switch|p1a: Tidas|Infernape, M|293\/293
|-status|p1a: Tidas|tox
|turn|14
|
|move|p2a: Scolipede|Rock Slide|p1a: Tidas
|-miss|p2a: Scolipede|p1a: Tidas
|move|p1a: Tidas|Overheat|p2a: Scolipede
|-supereffective|p2a: Scolipede
|-damage|p2a: Scolipede|0 fnt
|-unboost|p1a: Tidas|spa|2
|faint|p2a: Scolipede
|
|-damage|p1a: Tidas|275\/293 tox|[from] psn
|
|switch|p2a: Crobat|Crobat, M|311\/311
|turn|15
|
|move|p2a: Crobat|Brave Bird|p1a: Tidas
|-supereffective|p1a: Tidas
|-damage|p1a: Tidas|0 fnt
|-damage|p2a: Crobat|220\/311|[from] recoil|[of] p1a: Tidas
|faint|p1a: Tidas
|
|-heal|p2a: Crobat|239\/311|[from] item: Black Sludge
|
|switch|p1a: Cherry|Lopunny, F, shiny|334\/334
|-status|p1a: Cherry|tox
|turn|16
|
|move|p2a: Crobat|Brave Bird|p1a: Cherry
|-damage|p1a: Cherry|129\/334 tox
|-damage|p2a: Crobat|171\/311|[from] recoil|[of] p1a: Cherry
|move|p1a: Cherry|Thunder Wave|p2a: Crobat
|-status|p2a: Crobat|par
|
|-heal|p2a: Crobat|190\/311 par|[from] item: Black Sludge
|-damage|p1a: Cherry|109\/334 tox|[from] psn
|turn|17
|
|move|p1a: Cherry|Healing Wish|p1a: Cherry
|faint|p1a: Cherry
|move|p2a: Crobat|X-Scissor|p1: Cherry|[notarget]
|-notarget
|
|-heal|p2a: Crobat|209\/311 par|[from] item: Black Sludge
|
|switch|p1a: Lailah|Ampharos-Mega, F, shiny|18\/384
|-heal|p1a: Lailah|384\/384|[from] move: Healing Wish
|-status|p1a: Lailah|tox
|-ability|p1a: Lailah|Mold Breaker
|turn|18
|
|move|p1a: Lailah|Thunderbolt|p2a: Crobat
|-supereffective|p2a: Crobat
|-damage|p2a: Crobat|0 fnt
|faint|p2a: Crobat
|
|-damage|p1a: Lailah|360\/384 tox|[from] psn
|
|switch|p2a: Venusaur|Venusaur, F|302\/302
|turn|19
|
|detailschange|p2a: Venusaur|Venusaur-Mega, F
|message|Venusaur has Mega Evolved into Mega Venusaur!
|move|p2a: Venusaur|Venoshock|p1a: Lailah
|-crit|p1a: Lailah
|-damage|p1a: Lailah|8\/384 tox
|move|p1a: Lailah|Dragon Pulse|p2a: Venusaur
|-damage|p2a: Venusaur|122\/302
|
|-damage|p1a: Lailah|0 fnt|[from] psn
|faint|p1a: Lailah
|
|switch|p1a: Hikari|Togekiss, F|373\/373
|turn|20
|
|move|p2a: Venusaur|Sleep Powder|p1a: Hikari
|-status|p1a: Hikari|slp
|cant|p1a: Hikari|slp
|
|turn|21
|c|âPlasmi|the speed what
|
|move|p2a: Venusaur|Venoshock|p1a: Hikari
|-supereffective|p1a: Hikari
|-damage|p1a: Hikari|173\/373 slp
|cant|p1a: Hikari|slp
|
|-heal|p1a: Hikari|196\/373 slp|[from] item: Leftovers
|turn|22
|c|âPlasmi|well damn
|
|move|p2a: Venusaur|Venoshock|p1a: Hikari
|-supereffective|p1a: Hikari
|-damage|p1a: Hikari|4\/373 slp
|-curestatus|p1a: Hikari|slp
|move|p1a: Hikari|Air Slash|p2a: Venusaur
|-supereffective|p2a: Venusaur
|-damage|p2a: Venusaur|0 fnt
|faint|p2a: Venusaur
|
|win|Plasmi
|raw|Ladder updating...
|raw|Plasmi's rating: 1350 &rarr; <strong>1369<\/strong><br \/>(+19 for winning)
|raw|ReptileLover's rating: 1337 &rarr; <strong>1317<\/strong><br \/>(-20 for losing)
|c|âPlasmi|thats a fast venusaur
|c|âPlasmi|YES
|c|âPlasmi|ahaha gg