|join|Plasmi
|join|Kagame
|player|p1|Plasmi|75
|player|p2|Kagame|96
|gametype|singles
|gen|6
|tier|OU
|rated
|clearpoke
|poke|p1|Gardevoir, F
|poke|p1|Magnezone
|poke|p1|Staraptor, M
|poke|p1|Skarmory, M
|poke|p1|Swampert, M
|poke|p1|Gourgeist-*, F
|poke|p2|Beedrill, F
|poke|p2|Heatran, M
|poke|p2|Azumarill, F
|poke|p2|Mandibuzz, F
|poke|p2|Gastrodon, F
|poke|p2|Gardevoir, M
|rule|Swagger Clause: Swagger is banned
|rule|Baton Pass Clause: Limit one PokÃ©mon knowing Baton Pass
|rule|Sleep Clause Mod: Limit one foe put to sleep
|rule|Species Clause: Limit one of each PokÃ©mon
|rule|OHKO Clause: OHKO moves are banned
|rule|Moody Clause: Moody is banned
|rule|Evasion Moves Clause: Evasion moves are banned
|rule|Endless Battle Clause: Forcing endless battles is banned
|rule|HP Percentage Mod: HP is shown in percentages
|teampreview
|
|start
|switch|p1a: Eve|Gardevoir, F|340\/340
|switch|p2a: Beedrill|Beedrill, F|272\/272
|-ability|p1a: Eve|Swarm|[from] ability: Trace|[of] p2a: Beedrill
|turn|1
|
|switch|p1a: Blazer|Skarmory, M|334\/334
|detailschange|p2a: Beedrill|Beedrill-Mega, F
|message|Beedrill has Mega Evolved into Mega Beedrill!
|move|p2a: Beedrill|Protect|p2a: Beedrill
|-fail|p2a: Beedrill
|
|turn|2
|
|move|p2a: Beedrill|U-turn|p1a: Blazer
|-resisted|p1a: Blazer
|-damage|p1a: Blazer|305\/334
|
|switch|p2a: Heatran|Heatran, M|386\/386
|-item|p2a: Heatran|Air Balloon
|move|p1a: Blazer|Toxic|p2a: Heatran
|-fail|p2a: Heatran
|
|turn|3
|
|switch|p1a: Kipper|Swampert, M|401\/401
|move|p2a: Heatran|Stealth Rock|p1a: Kipper
|-sidestart|p1: Plasmi|move: Stealth Rock
|
|turn|4
|
|switch|p2a: Gastrodon|Gastrodon, F|426\/426
|move|p1a: Kipper|Stealth Rock|p2a: Gastrodon
|-sidestart|p2: Kagame|move: Stealth Rock
|
|turn|5
|
|switch|p1a: Eve|Gardevoir, F|340\/340
|-damage|p1a: Eve|298\/340|[from] Stealth Rock
|-ability|p1a: Eve|Storm Drain|[from] ability: Trace|[of] p2a: Gastrodon
|move|p2a: Gastrodon|Scald|p1a: Eve
|-boost|p1a: Eve|spa|1|[from] ability: Storm Drain
|
|turn|6
|
|move|p1a: Eve|Calm Mind|p1a: Eve
|-boost|p1a: Eve|spa|1
|-boost|p1a: Eve|spd|1
|move|p2a: Gastrodon|Sludge Wave|p1a: Eve
|-supereffective|p1a: Eve
|-damage|p1a: Eve|216\/340
|
|turn|7
|
|switch|p2a: Heatran|Heatran, M|386\/386
|-damage|p2a: Heatran|338\/386|[from] Stealth Rock
|-item|p2a: Heatran|Air Balloon
|detailschange|p1a: Eve|Gardevoir-Mega, F
|message|Gardevoir has Mega Evolved into Mega Gardevoir!
|move|p1a: Eve|Hyper Voice|p2a: Heatran
|-resisted|p2a: Heatran
|-damage|p2a: Heatran|239\/386
|-enditem|p2a: Heatran|Air Balloon
|
|turn|8
|
|move|p1a: Eve|Calm Mind|p1a: Eve
|-boost|p1a: Eve|spa|1
|-boost|p1a: Eve|spd|1
|move|p2a: Heatran|Flash Cannon|p1a: Eve
|-supereffective|p1a: Eve
|-damage|p1a: Eve|100\/340
|
|turn|9
|
|switch|p2a: Gardevoir|Gardevoir, M|278\/278
|-damage|p2a: Gardevoir|244\/278|[from] Stealth Rock
|-ability|p2a: Gardevoir|Pixilate|[from] ability: Trace|[of] p1a: Eve
|move|p1a: Eve|Rest|p1a: Eve
|-status|p1a: Eve|slp
|-heal|p1a: Eve|340\/340 slp|[silent]
|-status|p1a: Eve|slp|[from] move: Rest
|
|turn|10
|
|move|p2a: Gardevoir|Shadow Ball|p1a: Eve
|-supereffective|p1a: Eve
|-damage|p1a: Eve|264\/340 slp
|cant|p1a: Eve|slp
|move|p1a: Eve|Snore|p2a: Gardevoir
|-damage|p2a: Gardevoir|1\/278
|
|turn|11
|
|move|p2a: Gardevoir|Shadow Ball|p1a: Eve
|-supereffective|p1a: Eve
|-damage|p1a: Eve|196\/340 slp
|cant|p1a: Eve|slp
|move|p1a: Eve|Snore|p2a: Gardevoir
|-damage|p2a: Gardevoir|0 fnt
|faint|p2a: Gardevoir
|
|
|switch|p2a: Beedrill|Beedrill-Mega, F|272\/272
|-damage|p2a: Beedrill|204\/272|[from] Stealth Rock
|turn|12
|
|switch|p1a: Blazer|Skarmory, M|305\/334
|-damage|p1a: Blazer|264\/334|[from] Stealth Rock
|move|p2a: Beedrill|U-turn|p1a: Blazer
|-resisted|p1a: Blazer
|-damage|p1a: Blazer|237\/334
|
|switch|p2a: Heatran|Heatran, M|239\/386
|-damage|p2a: Heatran|191\/386|[from] Stealth Rock
|
|turn|13
|
|switch|p1a: Kipper|Swampert, M|401\/401
|-damage|p1a: Kipper|376\/401|[from] Stealth Rock
|move|p2a: Heatran|Lava Plume|p1a: Kipper
|-resisted|p1a: Kipper
|-damage|p1a: Kipper|296\/401
|
|-heal|p1a: Kipper|321\/401|[from] item: Leftovers
|turn|14
|
|switch|p2a: Mandibuzz|Mandibuzz, F|424\/424
|-damage|p2a: Mandibuzz|318\/424|[from] Stealth Rock
|move|p1a: Kipper|Roar|p2a: Mandibuzz
|drag|p2a: Azumarill|Azumarill, F|404\/404
|-damage|p2a: Azumarill|354\/404|[from] Stealth Rock
|
|-heal|p1a: Kipper|346\/401|[from] item: Leftovers
|turn|15
|
|move|p1a: Kipper|Earthquake|p2a: Azumarill
|-damage|p2a: Azumarill|201\/404
|move|p2a: Azumarill|Knock Off|p1a: Kipper
|-damage|p1a: Kipper|241\/401
|-enditem|p1a: Kipper|Leftovers|[from] move: Knock Off|[of] p2a: Azumarill
|
|turn|16
|
|move|p1a: Kipper|Earthquake|p2a: Azumarill
|-damage|p2a: Azumarill|36\/404
|move|p2a: Azumarill|Play Rough|p1a: Kipper
|-damage|p1a: Kipper|85\/401
|
|turn|17
|
|move|p2a: Azumarill|Aqua Jet|p1a: Kipper
|-damage|p1a: Kipper|18\/401
|move|p1a: Kipper|Earthquake|p2a: Azumarill
|-damage|p2a: Azumarill|0 fnt
|faint|p2a: Azumarill
|
|
|switch|p2a: Mandibuzz|Mandibuzz, F|318\/424
|-damage|p2a: Mandibuzz|212\/424|[from] Stealth Rock
|turn|18
|
|move|p2a: Mandibuzz|Roost|p2a: Mandibuzz
|-heal|p2a: Mandibuzz|424\/424
|move|p1a: Kipper|Stealth Rock|p2a: Mandibuzz
|-fail|p2a: Mandibuzz
|
|turn|19
|
|move|p2a: Mandibuzz|Foul Play|p1a: Kipper
|-damage|p1a: Kipper|0 fnt
|faint|p1a: Kipper
|
|
|switch|p1a: Eve|Gardevoir-Mega, F|196\/340 slp
|-damage|p1a: Eve|154\/340 slp|[from] Stealth Rock
|turn|20
|
|-curestatus|p1a: Eve|slp
|move|p1a: Eve|Snore|p2a: Mandibuzz
|-fail|p2a: Mandibuzz
|move|p2a: Mandibuzz|Knock Off|p1a: Eve
|-damage|p1a: Eve|102\/340
|
|turn|21
|c|âPlasmi|shit
|
|switch|p2a: Heatran|Heatran, M|191\/386
|-damage|p2a: Heatran|143\/386|[from] Stealth Rock
|move|p1a: Eve|Hyper Voice|p2a: Heatran
|-resisted|p2a: Heatran
|-damage|p2a: Heatran|95\/386
|
|turn|22
|
|switch|p1a: Radio|Magnezone|282\/282
|-damage|p1a: Radio|265\/282|[from] Stealth Rock
|move|p2a: Heatran|Lava Plume|p1a: Radio
|-supereffective|p1a: Radio
|-damage|p1a: Radio|0 fnt
|faint|p1a: Radio
|
|
|switch|p1a: Ikki|Staraptor, M|311\/311
|-damage|p1a: Ikki|234\/311|[from] Stealth Rock
|turn|23
|c|âKagame|mis clac turns?
|c|âPlasmi|nah
|c|âPlasmi|i was hoping youd go for the flash cannon
|
|move|p1a: Ikki|Pursuit|p2a: Heatran|[from]Pursuit
|-damage|p2a: Heatran|6\/386
|switch|p2a: Mandibuzz|Mandibuzz, F|424\/424
|-damage|p2a: Mandibuzz|318\/424|[from] Stealth Rock
|
|-heal|p2a: Mandibuzz|344\/424|[from] item: Leftovers
|turn|24
|c|âKagame|crap
|c|âKagame|i see
|
|switch|p1a: Blazer|Skarmory, M|237\/334
|-damage|p1a: Blazer|196\/334|[from] Stealth Rock
|move|p2a: Mandibuzz|Foul Play|p1a: Blazer
|-crit|p1a: Blazer
|-damage|p1a: Blazer|123\/334
|
|-heal|p2a: Mandibuzz|370\/424|[from] item: Leftovers
|turn|25
|
|move|p2a: Mandibuzz|Knock Off|p1a: Blazer
|-damage|p1a: Blazer|80\/334
|-enditem|p1a: Blazer|Shed Shell|[from] move: Knock Off|[of] p2a: Mandibuzz
|move|p1a: Blazer|Toxic|p2a: Mandibuzz
|-status|p2a: Mandibuzz|tox
|
|-heal|p2a: Mandibuzz|396\/424 tox|[from] item: Leftovers
|-damage|p2a: Mandibuzz|370\/424 tox|[from] psn
|turn|26
|
|move|p2a: Mandibuzz|Defog|p1a: Blazer
|-unboost|p1a: Blazer|evasion|1
|-sideend|p1: Plasmi|Stealth Rock|[from] move: Defog|[of] p1a: Blazer
|-sideend|p2: Kagame|Stealth Rock|[from] move: Defog|[of] p2a: Mandibuzz
|move|p1a: Blazer|Roost|p1a: Blazer
|-heal|p1a: Blazer|247\/334
|
|-heal|p2a: Mandibuzz|396\/424 tox|[from] item: Leftovers
|-damage|p2a: Mandibuzz|344\/424 tox|[from] psn
|turn|27
|
|switch|p2a: Gastrodon|Gastrodon, F|426\/426
|switch|p1a: Eve|Gardevoir-Mega, F|102\/340
|
|turn|28
|
|move|p1a: Eve|Rest|p1a: Eve
|-status|p1a: Eve|slp
|-heal|p1a: Eve|340\/340 slp|[silent]
|-status|p1a: Eve|slp|[from] move: Rest
|move|p2a: Gastrodon|Scald|p1a: Eve
|-damage|p1a: Eve|276\/340 slp
|
|turn|29
|
|cant|p1a: Eve|slp
|move|p1a: Eve|Snore|p2a: Gastrodon
|-damage|p2a: Gastrodon|336\/426
|cant|p2a: Gastrodon|flinch
|
|-heal|p2a: Gastrodon|362\/426|[from] item: Leftovers
|turn|30
|c|âPlasmi|ooh
|c|âKagame|lol wut
|
|cant|p1a: Eve|slp
|move|p1a: Eve|Snore|p2a: Gastrodon
|-damage|p2a: Gastrodon|272\/426
|move|p2a: Gastrodon|Sludge Wave|p1a: Eve
|-crit|p1a: Eve
|-supereffective|p1a: Eve
|-damage|p1a: Eve|128\/340 slp
|
|-heal|p2a: Gastrodon|298\/426|[from] item: Leftovers
|turn|31
|c|âPlasmi|this thing is gonna take some work
|c|âPlasmi|fu
|
|-curestatus|p1a: Eve|slp
|move|p1a: Eve|Calm Mind|p1a: Eve
|-boost|p1a: Eve|spa|1
|-boost|p1a: Eve|spd|1
|move|p2a: Gastrodon|Recover|p2a: Gastrodon
|-heal|p2a: Gastrodon|426\/426
|
|turn|32
|
|switch|p2a: Beedrill|Beedrill-Mega, F|204\/272
|move|p1a: Eve|Hyper Voice|p2a: Beedrill
|-resisted|p2a: Beedrill
|-damage|p2a: Beedrill|28\/272
|
|turn|33
|c|âPlasmi|damn
|c|âPlasmi|didnt even kill
|
|switch|p1a: Kokoro|Gourgeist-Super, F|374\/374
|-item|p2a: Beedrill|Beedrillite|[from] ability: Frisk|[of] p1a: Kokoro|[identify]
|move|p2a: Beedrill|U-turn|p1a: Kokoro
|-damage|p1a: Kokoro|256\/374
|
|switch|p2a: Heatran|Heatran, M|6\/386
|
|-heal|p1a: Kokoro|279\/374|[from] item: Leftovers
|turn|34
|
|move|p1a: Kokoro|Shadow Sneak|p2a: Heatran
|-damage|p2a: Heatran|0 fnt
|faint|p2a: Heatran
|
|-heal|p1a: Kokoro|302\/374|[from] item: Leftovers
|
|switch|p2a: Beedrill|Beedrill-Mega, F|28\/272
|turn|35
|c|âKagame|woops
|c|âKagame|dun fked up
|c|âPlasmi|lol
|c|âPlasmi|i was like
|c|âPlasmi|did he forget?
|c|âPlasmi|or she
|
|switch|p2a: Mandibuzz|Mandibuzz, F|344\/424 tox
|move|p1a: Kokoro|Shadow Sneak|p2a: Mandibuzz
|-resisted|p2a: Mandibuzz
|-damage|p2a: Mandibuzz|325\/424 tox
|
|-heal|p2a: Mandibuzz|351\/424 tox|[from] item: Leftovers
|-heal|p1a: Kokoro|325\/374|[from] item: Leftovers
|-damage|p2a: Mandibuzz|325\/424 tox|[from] psn
|turn|36
|
|switch|p1a: Eve|Gardevoir-Mega, F|128\/340
|move|p2a: Mandibuzz|Knock Off|p1a: Eve
|-damage|p1a: Eve|73\/340
|
|-heal|p2a: Mandibuzz|351\/424 tox|[from] item: Leftovers
|-damage|p2a: Mandibuzz|299\/424 tox|[from] psn
|turn|37
|
|switch|p2a: Gastrodon|Gastrodon, F|426\/426
|move|p1a: Eve|Hyper Voice|p2a: Gastrodon
|-damage|p2a: Gastrodon|243\/426
|
|-heal|p2a: Gastrodon|269\/426|[from] item: Leftovers
|turn|38
|
|move|p1a: Eve|Rest|p1a: Eve
|-status|p1a: Eve|slp
|-heal|p1a: Eve|340\/340 slp|[silent]
|-status|p1a: Eve|slp|[from] move: Rest
|move|p2a: Gastrodon|Sludge Wave|p1a: Eve
|-supereffective|p1a: Eve
|-damage|p1a: Eve|228\/340 slp
|
|-heal|p2a: Gastrodon|295\/426|[from] item: Leftovers
|turn|39
|
|cant|p1a: Eve|slp
|move|p1a: Eve|Snore|p2a: Gastrodon
|-damage|p2a: Gastrodon|204\/426
|cant|p2a: Gastrodon|flinch
|
|-heal|p2a: Gastrodon|230\/426|[from] item: Leftovers
|turn|40
|c|âKagame|interesting Garde
|c|âPlasmi|thank you
|
|cant|p1a: Eve|slp
|move|p1a: Eve|Snore|p2a: Gastrodon
|-damage|p2a: Gastrodon|128\/426
|move|p2a: Gastrodon|Recover|p2a: Gastrodon
|-heal|p2a: Gastrodon|341\/426
|
|-heal|p2a: Gastrodon|367\/426|[from] item: Leftovers
|turn|41
|c|âPlasmi|its actually defensive
|c|âPlasmi|252 hp 252 def
|c|âPlasmi|bold, i believe
|c|âKagame|dang
|c|âPlasmi|it sets up on non-roar heatrans and then isnt ohkod by anything unbanded
|c|âPlasmi|i love it
|
|-curestatus|p1a: Eve|slp
|move|p1a: Eve|Calm Mind|p1a: Eve
|-boost|p1a: Eve|spa|1
|-boost|p1a: Eve|spd|1
|move|p2a: Gastrodon|Sludge Wave|p1a: Eve
|-supereffective|p1a: Eve
|-damage|p1a: Eve|154\/340
|
|-heal|p2a: Gastrodon|393\/426|[from] item: Leftovers
|turn|42
|c|âKagame|mhm
|
|move|p1a: Eve|Hyper Voice|p2a: Gastrodon
|-damage|p2a: Gastrodon|117\/426
|move|p2a: Gastrodon|Sludge Wave|p1a: Eve
|-supereffective|p1a: Eve
|-damage|p1a: Eve|78\/340
|
|-heal|p2a: Gastrodon|143\/426|[from] item: Leftovers
|turn|43
|
|move|p1a: Eve|Hyper Voice|p2a: Gastrodon
|-damage|p2a: Gastrodon|0 fnt
|faint|p2a: Gastrodon
|
|
|switch|p2a: Beedrill|Beedrill-Mega, F|28\/272
|turn|44
|
|switch|p1a: Blazer|Skarmory, M|247\/334
|move|p2a: Beedrill|Poison Jab|p1a: Blazer
|-immune|p1a: Blazer|[msg]
|
|turn|45
|c|âPlasmi|well
|c|âPlasmi|anything that isnt mega beedrill, that is
|c|âKagame|mhm.. im trying to make a comp for beedrill, first run
|
|move|p2a: Beedrill|U-turn|p1a: Blazer
|-resisted|p1a: Blazer
|-damage|p1a: Blazer|218\/334
|
|switch|p2a: Mandibuzz|Mandibuzz, F|299\/424 tox
|move|p1a: Blazer|Brave Bird|p2a: Mandibuzz
|-damage|p2a: Mandibuzz|208\/424 tox
|-damage|p1a: Blazer|188\/334|[from] recoil|[of] p2a: Mandibuzz
|
|-heal|p2a: Mandibuzz|234\/424 tox|[from] item: Leftovers
|-damage|p2a: Mandibuzz|208\/424 tox|[from] psn
|turn|46
|c|âPlasmi|i like it
|c|âKagame|this team needs moer pivots, so prob some volt switchers or u-turners
|c|âKagame|maybe a banded scizor
|
|move|p2a: Mandibuzz|Roost|p2a: Mandibuzz
|-heal|p2a: Mandibuzz|420\/424 tox
|move|p1a: Blazer|Roost|p1a: Blazer
|-heal|p1a: Blazer|334\/334
|
|-heal|p2a: Mandibuzz|424\/424 tox|[from] item: Leftovers
|-damage|p2a: Mandibuzz|372\/424 tox|[from] psn
|turn|47
|c|âPlasmi|banded scizor in place of whom
|
|move|p2a: Mandibuzz|Foul Play|p1a: Blazer
|-damage|p1a: Blazer|277\/334
|move|p1a: Blazer|Brave Bird|p2a: Mandibuzz
|-damage|p2a: Mandibuzz|281\/424 tox
|-damage|p1a: Blazer|247\/334|[from] recoil|[of] p2a: Mandibuzz
|
|-heal|p2a: Mandibuzz|307\/424 tox|[from] item: Leftovers
|-damage|p2a: Mandibuzz|229\/424 tox|[from] psn
|turn|48
|c|âKagame|scarf garde maybe
|c|âKagame|or chang my whole comp
|c|âKagame|cause i def need the Beedrill\/Heatran combo
|
|move|p2a: Mandibuzz|Foul Play|p1a: Blazer
|-crit|p1a: Blazer
|-damage|p1a: Blazer|163\/334
|move|p1a: Blazer|Roost|p1a: Blazer
|-heal|p1a: Blazer|330\/334
|
|-heal|p2a: Mandibuzz|255\/424 tox|[from] item: Leftovers
|-damage|p2a: Mandibuzz|151\/424 tox|[from] psn
|turn|49
|
|switch|p1a: Eve|Gardevoir-Mega, F|78\/340
|move|p2a: Mandibuzz|Foul Play|p1a: Eve
|-damage|p1a: Eve|2\/340
|
|-heal|p2a: Mandibuzz|177\/424 tox|[from] item: Leftovers
|-damage|p2a: Mandibuzz|47\/424 tox|[from] psn
|turn|50
|c|âPlasmi|i hate how
|c|âPlasmi|upon mega evolving
|c|âPlasmi|gardevoir gets like
|c|âPlasmi|!data gardevoir
|c|~|\/data-pokemon Gardevoir

|c|âPlasmi|!data gardevoir-mega
|c|~|\/data-pokemon Gardevoir-Mega

|c|âPlasmi|20+ attack
|c|âPlasmi|like what the fuck gamefreak
|c|âKagame|its like... why?
|
|switch|p2a: Beedrill|Beedrill-Mega, F|28\/272
|move|p1a: Eve|Hyper Voice|p2a: Beedrill
|-resisted|p2a: Beedrill
|-damage|p2a: Beedrill|0 fnt
|faint|p2a: Beedrill
|
|c|âKagame|damnit
|c|âKagame|xD
|c|âKagame|gg
|c|âPlasmi|lol gg
|
|switch|p2a: Mandibuzz|Mandibuzz, F|47\/424 tox
|turn|51
|c|âKagame|man
|c|âKagame|im ganna steal that garde xD
|c|âPlasmi|please feel free
|c|âKagame|its amazingly interesting
|c|âPlasmi|she's wonderful
|
|move|p1a: Eve|Rest|p1a: Eve
|-status|p1a: Eve|slp
|-heal|p1a: Eve|340\/340 slp|[silent]
|-status|p1a: Eve|slp|[from] move: Rest
|move|p2a: Mandibuzz|Foul Play|p1a: Eve
|-damage|p1a: Eve|273\/340 slp
|
|-heal|p2a: Mandibuzz|73\/424 tox|[from] item: Leftovers
|-damage|p2a: Mandibuzz|47\/424 tox|[from] psn
|turn|52
|c|âPlasmi|like
|c|âPlasmi|ive led with her
|c|âKagame|i was not expecting this set
|c|âPlasmi|and swept entire teams
|c|âPlasmi|and the snore flinch chance is top tier
|c|âKagame|yea
|c|âKagame|i might switch gastro for nidoking
|c|âKagame|gg man
|
|cant|p1a: Eve|slp
|move|p1a: Eve|Snore|p2a: Mandibuzz
|-supereffective|p2a: Mandibuzz
|-damage|p2a: Mandibuzz|0 fnt
|faint|p2a: Mandibuzz
|
|win|Plasmi
|raw|Ladder updating...
|raw|Plasmi's rating: 1396 &rarr; <strong>1414<\/strong><br \/>(+18 for winning)
|raw|Kagame's rating: 1351 &rarr; <strong>1333<\/strong><br \/>(-18 for losing)