|join|captain fuccboi420
|join|R Research
|player|p1|captain fuccboi420|1
|player|p2|R Research|218
|gametype|singles
|gen|6
|tier|UU
|rated
|rule|Sleep Clause Mod: Limit one foe put to sleep
|rule|Species Clause: Limit one of each PokÃ©mon
|rule|OHKO Clause: OHKO moves are banned
|rule|Moody Clause: Moody is banned
|rule|Evasion Moves Clause: Evasion moves are banned
|rule|Endless Battle Clause: Forcing endless battles is banned
|rule|HP Percentage Mod: HP is shown in percentages
|clearpoke
|poke|p1|Swampert, M
|poke|p1|Celebi
|poke|p1|Entei, shiny
|poke|p1|Forretress, M
|poke|p1|Mienshao, F
|poke|p1|Hydreigon, M
|poke|p2|Accelgor, F
|poke|p2|Jirachi, shiny
|poke|p2|Alakazam, F
|poke|p2|Lucario, M
|poke|p2|Hydreigon, F
|poke|p2|Crobat, F
|rule|Swagger Clause: Swagger is banned
|rule|Baton Pass Clause: Limit one PokÃ©mon knowing Baton Pass
|teampreview
|
|start
|switch|p1a: Entei|Entei, shiny|372\/372
|switch|p2a: Accelgor|Accelgor, F|364\/364
|-ability|p1a: Entei|Pressure
|turn|1
|
|move|p2a: Accelgor|Spikes|p1a: Entei
|-sidestart|p1: captain fuccboi420|Spikes
|move|p1a: Entei|Sacred Fire|p2a: Accelgor
|-supereffective|p2a: Accelgor
|-enditem|p2a: Accelgor|Focus Sash
|-damage|p2a: Accelgor|1\/364
|-status|p2a: Accelgor|brn
|
|-damage|p2a: Accelgor|0 fnt|[from] brn
|faint|p2a: Accelgor
|
|switch|p2a: Hydreigon|Hydreigon, F|325\/325
|turn|2
|
|switch|p1a: Swampert|Swampert, M|404\/404
|-damage|p1a: Swampert|354\/404|[from] Spikes
|move|p2a: Hydreigon|Draco Meteor|p1a: Swampert
|-damage|p1a: Swampert|185\/404
|-unboost|p2a: Hydreigon|spa|2
|
|-heal|p1a: Swampert|210\/404|[from] item: Leftovers
|turn|3
|
|switch|p2a: Crobat|Crobat, F|311\/311
|move|p1a: Swampert|Stealth Rock|p2a: Crobat
|-sidestart|p2: R Research|move: Stealth Rock
|
|-heal|p1a: Swampert|235\/404|[from] item: Leftovers
|turn|4
|
|switch|p1a: Forretress|Forretress, M|354\/354
|-damage|p1a: Forretress|310\/354|[from] Spikes
|move|p2a: Crobat|Brave Bird|p1a: Forretress
|-damage|p1a: Forretress|171\/354
|-damage|p2a: Crobat|265\/311|[from] recoil|[of] p1a: Forretress
|
|-heal|p1a: Forretress|193\/354|[from] item: Leftovers
|turn|5
|
|move|p2a: Crobat|Brave Bird|p1a: Forretress
|-damage|p1a: Forretress|49\/354
|-damage|p2a: Crobat|217\/311|[from] recoil|[of] p1a: Forretress
|move|p1a: Forretress|Rapid Spin|p2a: Crobat
|-damage|p2a: Crobat|197\/311
|-sideend|p1: captain fuccboi420|Spikes|[from] move: Rapid Spin|[of] p1a: Forretress
|
|-heal|p1a: Forretress|71\/354|[from] item: Leftovers
|turn|6
|
|switch|p1a: Hydreigon|Hydreigon, M|325\/325
|move|p2a: Crobat|Brave Bird|p1a: Hydreigon
|-damage|p1a: Hydreigon|0 fnt
|-damage|p2a: Crobat|90\/311|[from] recoil|[of] p1a: Hydreigon
|faint|p1a: Hydreigon
|
|
|switch|p1a: Entei|Entei, shiny|372\/372
|-ability|p1a: Entei|Pressure
|turn|7
|
|move|p2a: Crobat|Brave Bird|p1a: Entei
|-damage|p1a: Entei|74\/372
|-damage|p2a: Crobat|0 fnt|[from] recoil|[of] p1a: Entei
|faint|p2a: Crobat
|move|p1a: Entei|Sacred Fire|p2: Crobat|[notarget]
|-notarget
|
|
|switch|p2a: Alakazam|Alakazam, F|251\/251
|turn|8
|
|switch|p1a: Celebi|Celebi|404\/404
|detailschange|p2a: Alakazam|Alakazam-Mega, F
|message|Alakazam has Mega Evolved into Mega Alakazam!
|-ability|p2a: Alakazam|Natural Cure|[from] ability: Trace|[of] p1a: Celebi
|move|p2a: Alakazam|Psyshock|p1a: Celebi
|-resisted|p1a: Celebi
|-damage|p1a: Celebi|298\/404
|
|-heal|p1a: Celebi|323\/404|[from] item: Leftovers
|turn|9
|
|move|p2a: Alakazam|Calm Mind|p2a: Alakazam
|-boost|p2a: Alakazam|spa|1
|-boost|p2a: Alakazam|spd|1
|move|p1a: Celebi|U-turn|p2a: Alakazam
|-supereffective|p2a: Alakazam
|-damage|p2a: Alakazam|99\/251
|
|switch|p1a: Entei|Entei, shiny|74\/372
|-ability|p1a: Entei|Pressure
|
|turn|10
|
|switch|p2a: Lucario|Lucario, M|281\/281
|-damage|p2a: Lucario|273\/281|[from] Stealth Rock
|move|p1a: Entei|Extreme Speed|p2a: Lucario
|-resisted|p2a: Lucario
|-damage|p2a: Lucario|182\/281
|
|turn|11
|
|switch|p1a: Celebi|Celebi|323\/404
|move|p2a: Lucario|Close Combat|p1a: Celebi
|-resisted|p1a: Celebi
|-damage|p1a: Celebi|176\/404
|-unboost|p2a: Lucario|def|1
|-unboost|p2a: Lucario|spd|1
|-damage|p2a: Lucario|154\/281|[from] item: Life Orb
|
|-heal|p1a: Celebi|201\/404|[from] item: Leftovers
|turn|12
|
|switch|p2a: Hydreigon|Hydreigon, F|325\/325
|-damage|p2a: Hydreigon|285\/325|[from] Stealth Rock
|move|p1a: Celebi|U-turn|p2a: Hydreigon
|-supereffective|p2a: Hydreigon
|-damage|p2a: Hydreigon|169\/325
|
|switch|p1a: Mienshao|Mienshao, F|271\/271
|
|turn|13
|
|switch|p2a: Alakazam|Alakazam-Mega, F|99\/251
|-damage|p2a: Alakazam|68\/251|[from] Stealth Rock
|-ability|p2a: Alakazam|Regenerator|[from] ability: Trace|[of] p1a: Mienshao
|move|p1a: Mienshao|Fake Out|p2a: Alakazam
|-damage|p2a: Alakazam|0 fnt
|-damage|p1a: Mienshao|244\/271|[from] item: Life Orb
|faint|p2a: Alakazam
|
|
|switch|p2a: Jirachi|Jirachi, shiny|341\/341
|-damage|p2a: Jirachi|320\/341|[from] Stealth Rock
|turn|14
|
|move|p1a: Mienshao|U-turn|p2a: Jirachi
|-damage|p2a: Jirachi|210\/341
|-damage|p1a: Mienshao|217\/271|[from] item: Life Orb
|
|switch|p1a: Forretress|Forretress, M|71\/354
|move|p2a: Jirachi|Stealth Rock|p1a: Forretress
|-sidestart|p1: captain fuccboi420|move: Stealth Rock
|
|-heal|p1a: Forretress|93\/354|[from] item: Leftovers
|turn|15
|
|move|p2a: Jirachi|Moonblast|p1a: Forretress
|-resisted|p1a: Forretress
|-damage|p1a: Forretress|24\/354
|-unboost|p1a: Forretress|spa|1
|move|p1a: Forretress|Rapid Spin|p2a: Jirachi
|-resisted|p2a: Jirachi
|-damage|p2a: Jirachi|203\/341
|-sideend|p1: captain fuccboi420|Stealth Rock|[from] move: Rapid Spin|[of] p1a: Forretress
|
|-heal|p1a: Forretress|46\/354|[from] item: Leftovers
|turn|16
|
|move|p2a: Jirachi|Moonblast|p1a: Forretress
|-crit|p1a: Forretress
|-resisted|p1a: Forretress
|-damage|p1a: Forretress|0 fnt
|faint|p1a: Forretress
|
|
|switch|p1a: Mienshao|Mienshao, F|271\/271
|turn|17
|
|move|p1a: Mienshao|Knock Off|p2a: Jirachi
|-supereffective|p2a: Jirachi
|-enditem|p2a: Jirachi|Colbur Berry|[eat]
|-damage|p2a: Jirachi|51\/341
|-damage|p1a: Mienshao|244\/271|[from] item: Life Orb
|move|p2a: Jirachi|Stealth Rock|p1a: Mienshao
|-sidestart|p1: captain fuccboi420|move: Stealth Rock
|
|turn|18
|c|âcaptain fuccboi420|oh wut
|c|âcaptain fuccboi420|wut
|c|âcaptain fuccboi420|wut
|c|âR Research|:]
|
|move|p1a: Mienshao|U-turn|p2a: Jirachi
|-damage|p2a: Jirachi|0 fnt
|-damage|p1a: Mienshao|217\/271|[from] item: Life Orb
|faint|p2a: Jirachi
|
|switch|p1a: Swampert|Swampert, M|235\/404
|-damage|p1a: Swampert|210\/404|[from] Stealth Rock
|
|-heal|p1a: Swampert|235\/404|[from] item: Leftovers
|
|switch|p2a: Lucario|Lucario, M|154\/281
|-damage|p2a: Lucario|146\/281|[from] Stealth Rock
|turn|19
|
|move|p2a: Lucario|Close Combat|p1a: Swampert
|-damage|p1a: Swampert|0 fnt
|-unboost|p2a: Lucario|def|1
|-unboost|p2a: Lucario|spd|1
|-damage|p2a: Lucario|118\/281|[from] item: Life Orb
|faint|p1a: Swampert
|
|
|switch|p1a: Mienshao|Mienshao, F|271\/271
|-damage|p1a: Mienshao|255\/271|[from] Stealth Rock
|turn|20
|
|move|p1a: Mienshao|Fake Out|p2a: Lucario
|-resisted|p2a: Lucario
|-damage|p2a: Lucario|58\/281
|-damage|p1a: Mienshao|228\/271|[from] item: Life Orb
|cant|p2a: Lucario|flinch
|
|turn|21
|
|switch|p1a: Entei|Entei, shiny|74\/372
|-damage|p1a: Entei|0 fnt|[from] Stealth Rock
|faint|p1a: Entei
|move|p2a: Lucario|Extreme Speed|p1: Entei|[notarget]
|-notarget
|
|
|switch|p1a: Mienshao|Mienshao, F|271\/271
|-damage|p1a: Mienshao|255\/271|[from] Stealth Rock
|turn|22
|
|move|p2a: Lucario|Extreme Speed|p1a: Mienshao
|-damage|p1a: Mienshao|63\/271
|-damage|p2a: Lucario|30\/281|[from] item: Life Orb
|move|p1a: Mienshao|High Jump Kick|p2a: Lucario
|-supereffective|p2a: Lucario
|-damage|p2a: Lucario|0 fnt
|-damage|p1a: Mienshao|36\/271|[from] item: Life Orb
|faint|p2a: Lucario
|
|c|âR Research|eh, gg
|
|switch|p2a: Hydreigon|Hydreigon, F|169\/325
|-damage|p2a: Hydreigon|129\/325|[from] Stealth Rock
|turn|23
|c|âR Research|:O
|c|âcaptain fuccboi420|idk bout that
|c|âcaptain fuccboi420|hydreigon is scarfed no?
|
|switch|p1a: Celebi|Celebi|201\/404
|-damage|p1a: Celebi|151\/404|[from] Stealth Rock
|move|p2a: Hydreigon|Draco Meteor|p1a: Celebi
|-damage|p1a: Celebi|0 fnt
|-unboost|p2a: Hydreigon|spa|2
|faint|p1a: Celebi
|
|c|âR Research|ye
|
|switch|p1a: Mienshao|Mienshao, F|126\/271
|-damage|p1a: Mienshao|110\/271|[from] Stealth Rock
|turn|24
|c|âcaptain fuccboi420|yee you win
|c|âcaptain fuccboi420|gg
|c|âR Research|no mis pls
|c|âR Research|gg regardless
|
|move|p1a: Mienshao|Fake Out|p2a: Hydreigon
|-damage|p2a: Hydreigon|59\/325
|-damage|p1a: Mienshao|83\/271|[from] item: Life Orb
|cant|p2a: Hydreigon|flinch
|
|turn|25
|
|move|p2a: Hydreigon|Draco Meteor|p1a: Mienshao
|-damage|p1a: Mienshao|0 fnt
|-unboost|p2a: Hydreigon|spa|2
|faint|p1a: Mienshao
|
|win|R Research
|raw|Ladder updating...
|raw|captain fuccboi420's rating: 1595 &rarr; <strong>1566<\/strong><br \/>(-29 for losing)
|raw|R Research's rating: 1431 &rarr; <strong>1460<\/strong><br \/>(+29 for winning)
|c|âcaptain fuccboi420|good shit
|c|âcaptain fuccboi420|great game
|c|âR Research|yep :]