|join|R Research
|join|tadeo1234
|player|p1|R Research|218
|player|p2|tadeo1234|290
|gametype|singles
|gen|6
|tier|UU
|rated
|rule|Sleep Clause Mod: Limit one foe put to sleep
|rule|Species Clause: Limit one of each PokÃ©mon
|rule|OHKO Clause: OHKO moves are banned
|rule|Moody Clause: Moody is banned
|rule|Evasion Moves Clause: Evasion moves are banned
|rule|Endless Battle Clause: Forcing endless battles is banned
|rule|HP Percentage Mod: HP is shown in percentages
|clearpoke
|poke|p1|Accelgor, F
|poke|p1|Jirachi, shiny
|poke|p1|Alakazam, M
|poke|p1|Lucario, F
|poke|p1|Hydreigon, M
|poke|p1|Crobat, M
|poke|p2|Gallade, M
|poke|p2|Rotom-Heat
|poke|p2|Florges, F
|poke|p2|Toxicroak, F
|poke|p2|Porygon-Z
|poke|p2|Empoleon, F
|rule|Swagger Clause: Swagger is banned
|rule|Baton Pass Clause: Limit one PokÃ©mon knowing Baton Pass
|teampreview
|
|start
|switch|p1a: Accelgor|Accelgor, F|364\/364
|switch|p2a: Normalcy|Rotom-Heat|303\/303
|turn|1
|
|move|p1a: Accelgor|Spikes|p2a: Normalcy
|-sidestart|p2: tadeo1234|Spikes
|move|p2a: Normalcy|Will-O-Wisp|p1a: Accelgor
|-status|p1a: Accelgor|brn
|
|-damage|p1a: Accelgor|319\/364 brn|[from] brn
|turn|2
|
|move|p1a: Accelgor|Encore|p2a: Normalcy
|-start|p2a: Normalcy|Encore
|move|p2a: Normalcy|Will-O-Wisp|p1a: Accelgor
|-fail|p1a: Accelgor|brn
|
|-damage|p1a: Accelgor|274\/364 brn|[from] brn
|turn|3
|
|switch|p2a: Renaissance|Empoleon, F|372\/372
|-damage|p2a: Renaissance|326\/372|[from] Spikes
|move|p1a: Accelgor|Spikes|p2a: Renaissance
|-sidestart|p2: tadeo1234|Spikes
|
|-heal|p2a: Renaissance|349\/372|[from] item: Leftovers
|-damage|p1a: Accelgor|229\/364 brn|[from] brn
|turn|4
|
|move|p1a: Accelgor|Final Gambit|p2a: Renaissance
|-damage|p2a: Renaissance|120\/372
|faint|p1a: Accelgor
|move|p2a: Renaissance|Defog|p1: Accelgor|[notarget]
|-notarget
|
|-heal|p2a: Renaissance|143\/372|[from] item: Leftovers
|
|switch|p1a: Lucario|Lucario, F|281\/281
|turn|5
|
|switch|p2a: Normalcy|Rotom-Heat|303\/303
|move|p1a: Lucario|Close Combat|p2a: Normalcy
|-damage|p2a: Normalcy|116\/303
|-unboost|p1a: Lucario|def|1
|-unboost|p1a: Lucario|spd|1
|-damage|p1a: Lucario|253\/281|[from] item: Life Orb
|
|-heal|p2a: Normalcy|134\/303|[from] item: Leftovers
|turn|6
|
|move|p1a: Lucario|Close Combat|p2a: Normalcy
|-damage|p2a: Normalcy|0 fnt
|-unboost|p1a: Lucario|def|1
|-unboost|p1a: Lucario|spd|1
|-damage|p1a: Lucario|225\/281|[from] item: Life Orb
|faint|p2a: Normalcy
|
|
|switch|p2a: Anesthetize|Toxicroak, F|367\/367
|-damage|p2a: Anesthetize|306\/367|[from] Spikes
|turn|7
|
|move|p1a: Lucario|Extreme Speed|p2a: Anesthetize
|-damage|p2a: Anesthetize|147\/367
|-damage|p1a: Lucario|197\/281|[from] item: Life Orb
|move|p2a: Anesthetize|Drain Punch|p1a: Lucario
|-supereffective|p1a: Lucario
|-damage|p1a: Lucario|0 fnt
|-heal|p2a: Anesthetize|246\/367|[from] drain|[of] p1a: Lucario
|faint|p1a: Lucario
|
|
|switch|p1a: Crobat|Crobat, M|311\/311
|turn|8
|
|switch|p2a: Supplication|Porygon-Z|316\/316
|-damage|p2a: Supplication|264\/316|[from] Spikes
|move|p1a: Crobat|Brave Bird|p2a: Supplication
|-damage|p2a: Supplication|0 fnt
|-damage|p1a: Crobat|224\/311|[from] recoil|[of] p2a: Supplication
|faint|p2a: Supplication
|
|
|switch|p2a: Renaissance|Empoleon, F|143\/372
|-damage|p2a: Renaissance|81\/372|[from] Spikes
|turn|9
|
|move|p1a: Crobat|Brave Bird|p2a: Renaissance
|-resisted|p2a: Renaissance
|-damage|p2a: Renaissance|0 fnt
|-damage|p1a: Crobat|197\/311|[from] recoil|[of] p2a: Renaissance
|faint|p2a: Renaissance
|
|
|switch|p2a: Parricide|Florges, F|360\/360
|-damage|p2a: Parricide|300\/360|[from] Spikes
|turn|10
|
|switch|p1a: Jirachi|Jirachi, shiny|341\/341
|move|p2a: Parricide|Wish|p2a: Parricide
|
|-heal|p2a: Parricide|322\/360|[from] item: Leftovers
|turn|11
|
|switch|p2a: Anesthetize|Toxicroak, F|246\/367
|-damage|p2a: Anesthetize|185\/367|[from] Spikes
|move|p1a: Jirachi|Stealth Rock|p2a: Anesthetize
|-sidestart|p2: tadeo1234|move: Stealth Rock
|
|-heal|p2a: Anesthetize|365\/367|[from] move: Wish|[wisher] Parricide
|turn|12
|
|move|p1a: Jirachi|Psyshock|p2a: Anesthetize
|-supereffective|p2a: Anesthetize
|-damage|p2a: Anesthetize|0 fnt
|faint|p2a: Anesthetize
|
|
|switch|p2a: Gallade|Gallade, M|278\/278
|-damage|p2a: Gallade|232\/278|[from] Spikes
|-damage|p2a: Gallade|215\/278|[from] Stealth Rock
|turn|13
|
|detailschange|p2a: Gallade|Gallade-Mega, M
|message|Gallade has Mega Evolved into Mega Gallade!
|move|p1a: Jirachi|Psyshock|p2a: Gallade
|-damage|p2a: Gallade|98\/278
|move|p2a: Gallade|Knock Off|p1a: Jirachi
|-supereffective|p1a: Jirachi
|-enditem|p1a: Jirachi|Colbur Berry|[eat]
|-damage|p1a: Jirachi|193\/341
|
|turn|14
|
|move|p2a: Gallade|Close Combat|p1a: Jirachi
|-damage|p1a: Jirachi|0 fnt
|-unboost|p2a: Gallade|def|1
|-unboost|p2a: Gallade|spd|1
|faint|p1a: Jirachi
|
|
|switch|p1a: Crobat|Crobat, M|197\/311
|turn|15
|
|move|p2a: Gallade|Shadow Sneak|p1a: Crobat
|-damage|p1a: Crobat|131\/311
|move|p1a: Crobat|Cross Poison|p2a: Gallade
|-damage|p2a: Gallade|0 fnt
|faint|p2a: Gallade
|
|
|switch|p2a: Parricide|Florges, F|322\/360
|-damage|p2a: Parricide|277\/360|[from] Stealth Rock
|-damage|p2a: Parricide|217\/360|[from] Spikes
|turn|16
|
|move|p1a: Crobat|Cross Poison|p2a: Parricide
|-supereffective|p2a: Parricide
|-damage|p2a: Parricide|0 fnt
|faint|p2a: Parricide
|
|win|R Research
|raw|Ladder updating...
|c|âR Research|gg
|c|âtadeo1234|gg
|leave|tadeo1234
|player|p2
|raw|R Research's rating: 1328 &rarr; <strong>1343<\/strong><br \/>(+15 for winning)
|raw|tadeo1234's rating: 1257 &rarr; <strong>1237<\/strong><br \/>(-20 for losing)
|leave|R Research
|player|p1
|join|R Research