|join|Volbeatdown
|join|R Research
|player|p1|Volbeatdown|126
|player|p2|R Research|218
|gametype|singles
|gen|6
|tier|UU
|rated
|rule|Sleep Clause Mod: Limit one foe put to sleep
|rule|Species Clause: Limit one of each PokÃ©mon
|rule|OHKO Clause: OHKO moves are banned
|rule|Moody Clause: Moody is banned
|rule|Evasion Moves Clause: Evasion moves are banned
|rule|Endless Battle Clause: Forcing endless battles is banned
|rule|HP Percentage Mod: HP is shown in percentages
|clearpoke
|poke|p1|Tentacruel, F
|poke|p1|Zygarde
|poke|p1|Machamp, F
|poke|p1|Florges, F
|poke|p1|Aerodactyl, F
|poke|p1|Hippowdon, F
|poke|p2|Accelgor, M
|poke|p2|Jirachi, shiny
|poke|p2|Alakazam, F
|poke|p2|Lucario, F
|poke|p2|Hydreigon, M
|poke|p2|Crobat, M
|rule|Swagger Clause: Swagger is banned
|rule|Baton Pass Clause: Limit one PokÃ©mon knowing Baton Pass
|teampreview
|
|start
|switch|p1a: Trunks|Hippowdon, F|420\/420
|switch|p2a: Accelgor|Accelgor, M|364\/364
|turn|1
|
|move|p2a: Accelgor|Spikes|p1a: Trunks
|-sidestart|p1: Volbeatdown|Spikes
|move|p1a: Trunks|Stealth Rock|p2a: Accelgor
|-sidestart|p2: R Research|move: Stealth Rock
|
|turn|2
|
|move|p2a: Accelgor|Encore|p1a: Trunks
|-start|p1a: Trunks|Encore
|move|p1a: Trunks|Stealth Rock|p2a: Accelgor
|-fail|p2a: Accelgor
|
|turn|3
|
|switch|p1a: Congenial|Tentacruel, F|364\/364
|-damage|p1a: Congenial|319\/364|[from] Spikes
|move|p2a: Accelgor|Spikes|p1a: Congenial
|-sidestart|p1: Volbeatdown|Spikes
|
|-heal|p1a: Congenial|341\/364|[from] item: Black Sludge
|turn|4
|
|move|p2a: Accelgor|Final Gambit|p1a: Congenial
|-damage|p1a: Congenial|0 fnt
|faint|p2a: Accelgor
|faint|p1a: Congenial
|
|
|switch|p1a: Dragon-Tales|Aerodactyl, F|302\/302
|switch|p2a: Jirachi|Jirachi, shiny|341\/341
|-damage|p2a: Jirachi|320\/341|[from] Stealth Rock
|turn|5
|
|switch|p1a: Trunks|Hippowdon, F|420\/420
|-damage|p1a: Trunks|350\/420|[from] Spikes
|move|p2a: Jirachi|Stealth Rock|p1a: Trunks
|-sidestart|p1: Volbeatdown|move: Stealth Rock
|
|-heal|p1a: Trunks|376\/420|[from] item: Leftovers
|turn|6
|
|move|p2a: Jirachi|Grass Knot|p1a: Trunks
|-supereffective|p1a: Trunks
|-damage|p1a: Trunks|68\/420
|move|p1a: Trunks|Whirlwind|p2a: Jirachi
|drag|p2a: Lucario|Lucario, F|281\/281
|-damage|p2a: Lucario|273\/281|[from] Stealth Rock
|
|-heal|p1a: Trunks|94\/420|[from] item: Leftovers
|turn|7
|
|move|p2a: Lucario|Close Combat|p1a: Trunks
|-damage|p1a: Trunks|0 fnt
|-unboost|p2a: Lucario|def|1
|-unboost|p2a: Lucario|spd|1
|-damage|p2a: Lucario|245\/281|[from] item: Life Orb
|faint|p1a: Trunks
|
|
|switch|p1a: Deception|Zygarde|404\/404
|-damage|p1a: Deception|337\/404|[from] Spikes
|-damage|p1a: Deception|312\/404|[from] Stealth Rock
|-ability|p1a: Deception|Aura Break
|turn|8
|
|move|p1a: Deception|Earthquake|p2a: Lucario
|-supereffective|p2a: Lucario
|-damage|p2a: Lucario|0 fnt
|faint|p2a: Lucario
|
|-heal|p1a: Deception|337\/404|[from] item: Leftovers
|
|switch|p2a: Crobat|Crobat, M|311\/311
|-damage|p2a: Crobat|234\/311|[from] Stealth Rock
|turn|9
|
|move|p2a: Crobat|Brave Bird|p1a: Deception
|-damage|p1a: Deception|127\/404
|-damage|p2a: Crobat|165\/311|[from] recoil|[of] p1a: Deception
|move|p1a: Deception|Dragon Tail|p2a: Crobat
|-damage|p2a: Crobat|83\/311
|drag|p2a: Jirachi|Jirachi, shiny|320\/341
|-damage|p2a: Jirachi|299\/341|[from] Stealth Rock
|
|-heal|p1a: Deception|152\/404|[from] item: Leftovers
|turn|10
|
|move|p2a: Jirachi|Moonblast|p1a: Deception
|-crit|p1a: Deception
|-supereffective|p1a: Deception
|-damage|p1a: Deception|0 fnt
|faint|p1a: Deception
|
|
|switch|p1a: HM04|Machamp, F|321\/321
|-damage|p1a: HM04|301\/321|[from] Stealth Rock
|-damage|p1a: HM04|248\/321|[from] Spikes
|turn|11
|
|move|p2a: Jirachi|Psyshock|p1a: HM04
|-supereffective|p1a: HM04
|-damage|p1a: HM04|0 fnt
|faint|p1a: HM04
|
|
|switch|p1a: Wanda|Florges, F|360\/360
|-damage|p1a: Wanda|300\/360|[from] Spikes
|-damage|p1a: Wanda|255\/360|[from] Stealth Rock
|turn|12
|
|switch|p2a: Crobat|Crobat, M|83\/311
|-damage|p2a: Crobat|6\/311|[from] Stealth Rock
|move|p1a: Wanda|Moonblast|p2a: Crobat
|-resisted|p2a: Crobat
|-damage|p2a: Crobat|0 fnt
|faint|p2a: Crobat
|
|-heal|p1a: Wanda|277\/360|[from] item: Leftovers
|
|switch|p2a: Alakazam|Alakazam, F|251\/251
|turn|13
|
|detailschange|p2a: Alakazam|Alakazam-Mega, F
|message|Alakazam has Mega Evolved into Mega Alakazam!
|-ability|p2a: Alakazam|Flower Veil|[from] ability: Trace|[of] p1a: Wanda
|move|p2a: Alakazam|Calm Mind|p2a: Alakazam
|-boost|p2a: Alakazam|spa|1
|-boost|p2a: Alakazam|spd|1
|move|p1a: Wanda|Wish|p1a: Wanda
|
|-heal|p1a: Wanda|299\/360|[from] item: Leftovers
|turn|14
|
|move|p2a: Alakazam|Calm Mind|p2a: Alakazam
|-boost|p2a: Alakazam|spa|1
|-boost|p2a: Alakazam|spd|1
|move|p1a: Wanda|Moonblast|p2a: Alakazam
|-damage|p2a: Alakazam|188\/251
|
|-heal|p1a: Wanda|360\/360|[from] move: Wish|[wisher] Wanda
|turn|15
|
|move|p2a: Alakazam|Psyshock|p1a: Wanda
|-damage|p1a: Wanda|6\/360
|move|p1a: Wanda|Moonblast|p2a: Alakazam
|-damage|p2a: Alakazam|128\/251
|
|-heal|p1a: Wanda|28\/360|[from] item: Leftovers
|turn|16
|
|move|p2a: Alakazam|Psyshock|p1a: Wanda
|-damage|p1a: Wanda|0 fnt
|faint|p1a: Wanda
|
|
|switch|p1a: Dragon-Tales|Aerodactyl, F|302\/302
|-damage|p1a: Dragon-Tales|227\/302|[from] Stealth Rock
|turn|17
|
|detailschange|p1a: Dragon-Tales|Aerodactyl-Mega, F
|message|Aerodactyl has Mega Evolved into Mega Aerodactyl!
|move|p2a: Alakazam|Psyshock|p1a: Dragon-Tales
|-damage|p1a: Dragon-Tales|0 fnt
|faint|p1a: Dragon-Tales
|
|win|R Research
|raw|Ladder updating...
|leave|Volbeatdown
|c|âR Research|gg
|player|p1