|join|ravenous formuoli
|join|R Research
|player|p1|ravenous formuoli|156
|player|p2|R Research|218
|gametype|singles
|gen|6
|tier|UU
|rated
|rule|Sleep Clause Mod: Limit one foe put to sleep
|rule|Species Clause: Limit one of each PokÃ©mon
|rule|OHKO Clause: OHKO moves are banned
|rule|Moody Clause: Moody is banned
|rule|Evasion Moves Clause: Evasion moves are banned
|rule|Endless Battle Clause: Forcing endless battles is banned
|rule|HP Percentage Mod: HP is shown in percentages
|clearpoke
|poke|p1|Beedrill, M
|poke|p1|Kingdra, F
|poke|p1|Empoleon, F
|poke|p1|Hippowdon, F
|poke|p1|Lucario, M
|poke|p1|Goodra, M
|poke|p2|Accelgor, F
|poke|p2|Jirachi, shiny
|poke|p2|Alakazam, M
|poke|p2|Lucario, M
|poke|p2|Hydreigon, F
|poke|p2|Crobat, F
|rule|Swagger Clause: Swagger is banned
|rule|Baton Pass Clause: Limit one PokÃ©mon knowing Baton Pass
|teampreview
|
|start
|switch|p1a: Empoleon|Empoleon, F|372\/372
|switch|p2a: Accelgor|Accelgor, F|364\/364
|turn|1
|
|move|p2a: Accelgor|Spikes|p1a: Empoleon
|-sidestart|p1: ravenous formuoli|Spikes
|move|p1a: Empoleon|Scald|p2a: Accelgor
|-damage|p2a: Accelgor|198\/364
|
|turn|2
|
|move|p2a: Accelgor|Final Gambit|p1a: Empoleon
|-damage|p1a: Empoleon|174\/372
|faint|p2a: Accelgor
|move|p1a: Empoleon|Defog|p2: Accelgor|[notarget]
|-notarget
|
|-heal|p1a: Empoleon|197\/372|[from] item: Leftovers
|
|switch|p2a: Lucario|Lucario, M|281\/281
|turn|3
|
|switch|p1a: Hippowdon|Hippowdon, F|420\/420
|-damage|p1a: Hippowdon|368\/420|[from] Spikes
|-weather|Sandstorm
|move|p2a: Lucario|Close Combat|p1a: Hippowdon
|-damage|p1a: Hippowdon|193\/420
|-unboost|p2a: Lucario|def|1
|-unboost|p2a: Lucario|spd|1
|-damage|p2a: Lucario|253\/281|[from] item: Life Orb
|
|-weather|Sandstorm|[upkeep]
|-heal|p1a: Hippowdon|219\/420|[from] item: Leftovers
|turn|4
|
|switch|p2a: Hydreigon|Hydreigon, F|325\/325
|move|p1a: Hippowdon|Earthquake|p2a: Hydreigon
|-immune|p2a: Hydreigon|[msg]
|
|-weather|Sandstorm|[upkeep]
|-damage|p2a: Hydreigon|305\/325|[from] sandstorm
|-heal|p1a: Hippowdon|245\/420|[from] item: Leftovers
|turn|5
|
|move|p2a: Hydreigon|U-turn|p1a: Hippowdon
|-damage|p1a: Hippowdon|206\/420
|
|switch|p2a: Jirachi|Jirachi, shiny|341\/341
|move|p1a: Hippowdon|Stealth Rock|p2a: Jirachi
|-sidestart|p2: R Research|move: Stealth Rock
|
|-weather|Sandstorm|[upkeep]
|-heal|p1a: Hippowdon|232\/420|[from] item: Leftovers
|turn|6
|
|move|p2a: Jirachi|Grass Knot|p1a: Hippowdon
|-supereffective|p1a: Hippowdon
|-damage|p1a: Hippowdon|0 fnt
|faint|p1a: Hippowdon
|
|-weather|Sandstorm|[upkeep]
|
|switch|p1a: Beedrill|Beedrill, M|272\/272
|-damage|p1a: Beedrill|238\/272|[from] Spikes
|turn|7
|
|detailschange|p1a: Beedrill|Beedrill-Mega, M
|message|Beedrill has Mega Evolved into Mega Beedrill!
|move|p1a: Beedrill|Protect|p1a: Beedrill
|-singleturn|p1a: Beedrill|Protect
|move|p2a: Jirachi|Stealth Rock|p1a: Beedrill
|-sidestart|p1: ravenous formuoli|move: Stealth Rock
|
|-weather|none
|turn|8
|
|move|p1a: Beedrill|U-turn|p2a: Jirachi
|-damage|p2a: Jirachi|155\/341
|
|switch|p1a: Empoleon|Empoleon, F|197\/372
|-damage|p1a: Empoleon|174\/372|[from] Stealth Rock
|-damage|p1a: Empoleon|128\/372|[from] Spikes
|move|p2a: Jirachi|Psyshock|p1a: Empoleon
|-resisted|p1a: Empoleon
|-damage|p1a: Empoleon|80\/372
|
|-heal|p1a: Empoleon|103\/372|[from] item: Leftovers
|turn|9
|
|move|p2a: Jirachi|Grass Knot|p1a: Empoleon
|-damage|p1a: Empoleon|30\/372
|move|p1a: Empoleon|Defog|p2a: Jirachi
|-unboost|p2a: Jirachi|evasion|1
|-sideend|p2: R Research|Stealth Rock|[from] move: Defog|[of] p2a: Jirachi
|-sideend|p1: ravenous formuoli|Spikes|[from] move: Defog|[of] p1a: Empoleon
|-sideend|p1: ravenous formuoli|Stealth Rock|[from] move: Defog|[of] p1a: Empoleon
|
|-heal|p1a: Empoleon|53\/372|[from] item: Leftovers
|turn|10
|
|move|p2a: Jirachi|Stealth Rock|p1a: Empoleon
|-sidestart|p1: ravenous formuoli|move: Stealth Rock
|move|p1a: Empoleon|Scald|p2a: Jirachi
|-damage|p2a: Jirachi|5\/341
|
|-heal|p1a: Empoleon|76\/372|[from] item: Leftovers
|turn|11
|
|move|p2a: Jirachi|Grass Knot|p1a: Empoleon
|-damage|p1a: Empoleon|0 fnt
|faint|p1a: Empoleon
|
|
|switch|p1a: Kingdra|Kingdra, F|292\/292
|-damage|p1a: Kingdra|256\/292|[from] Stealth Rock
|turn|12
|
|move|p2a: Jirachi|Moonblast|p1a: Kingdra
|-supereffective|p1a: Kingdra
|-damage|p1a: Kingdra|56\/292
|-unboost|p1a: Kingdra|spa|1
|move|p1a: Kingdra|Agility|p1a: Kingdra
|-boost|p1a: Kingdra|spe|2
|
|turn|13
|
|move|p1a: Kingdra|Hydro Pump|p2a: Jirachi
|-crit|p2a: Jirachi
|-damage|p2a: Jirachi|0 fnt
|faint|p2a: Jirachi
|
|
|switch|p2a: Lucario|Lucario, M|253\/281
|turn|14
|
|move|p2a: Lucario|Extreme Speed|p1a: Kingdra
|-damage|p1a: Kingdra|0 fnt
|-damage|p2a: Lucario|225\/281|[from] item: Life Orb
|faint|p1a: Kingdra
|
|
|switch|p1a: Goodra|Goodra, M|384\/384
|-damage|p1a: Goodra|336\/384|[from] Stealth Rock
|turn|15
|
|move|p2a: Lucario|Extreme Speed|p1a: Goodra
|-damage|p1a: Goodra|188\/384
|-damage|p2a: Lucario|197\/281|[from] item: Life Orb
|move|p1a: Goodra|Fire Blast|p2a: Lucario
|-supereffective|p2a: Lucario
|-damage|p2a: Lucario|0 fnt
|faint|p2a: Lucario
|
|
|switch|p2a: Crobat|Crobat, F|311\/311
|turn|16
|
|move|p2a: Crobat|Brave Bird|p1a: Goodra
|-damage|p1a: Goodra|0 fnt
|-damage|p2a: Crobat|249\/311|[from] recoil|[of] p1a: Goodra
|faint|p1a: Goodra
|
|
|switch|p1a: Lucario|Lucario, M|281\/281
|-damage|p1a: Lucario|273\/281|[from] Stealth Rock
|turn|17
|
|move|p2a: Crobat|Brave Bird|p1a: Lucario
|-damage|p1a: Lucario|0 fnt
|-damage|p2a: Crobat|159\/311|[from] recoil|[of] p1a: Lucario
|faint|p1a: Lucario
|
|
|switch|p1a: Beedrill|Beedrill-Mega, M|238\/272
|-damage|p1a: Beedrill|170\/272|[from] Stealth Rock
|turn|18
|
|move|p1a: Beedrill|X-Scissor|p2a: Crobat
|-resisted|p2a: Crobat
|-damage|p2a: Crobat|101\/311
|move|p2a: Crobat|Brave Bird|p1a: Beedrill
|-supereffective|p1a: Beedrill
|-damage|p1a: Beedrill|0 fnt
|-damage|p2a: Crobat|45\/311|[from] recoil|[of] p1a: Beedrill
|faint|p1a: Beedrill
|
|win|R Research
|raw|Ladder updating...
|c|âR Research|gg
|leave|ravenous formuoli
|player|p1