|join|R Research
|join|juanen78
|player|p1|R Research|218
|player|p2|juanen78|169
|gametype|singles
|gen|6
|tier|UU
|rated
|rule|Sleep Clause Mod: Limit one foe put to sleep
|rule|Species Clause: Limit one of each PokÃ©mon
|rule|OHKO Clause: OHKO moves are banned
|rule|Moody Clause: Moody is banned
|rule|Evasion Moves Clause: Evasion moves are banned
|rule|Endless Battle Clause: Forcing endless battles is banned
|rule|HP Percentage Mod: HP is shown in percentages
|clearpoke
|poke|p1|Accelgor, F
|poke|p1|Jirachi
|poke|p1|Alakazam, M
|poke|p1|Lucario, M
|poke|p1|Hydreigon, M
|poke|p1|Crobat, F
|poke|p2|Beedrill, M
|poke|p2|Forretress, F
|poke|p2|Vaporeon, M
|poke|p2|Raikou
|poke|p2|Honchkrow, F
|poke|p2|Haxorus, M
|rule|Swagger Clause: Swagger is banned
|rule|Baton Pass Clause: Limit one PokÃ©mon knowing Baton Pass
|teampreview
|
|start
|switch|p1a: Accelgor|Accelgor, F|364\/364
|switch|p2a: Forretress|Forretress, F|354\/354
|turn|1
|
|switch|p2a: Vaporeon|Vaporeon, M|463\/463
|move|p1a: Accelgor|Spikes|p2a: Vaporeon
|-sidestart|p2: juanen78|Spikes
|
|turn|2
|
|move|p1a: Accelgor|Spikes|p2a: Vaporeon
|-sidestart|p2: juanen78|Spikes
|move|p2a: Vaporeon|Scald|p1a: Accelgor
|-damage|p1a: Accelgor|217\/364
|
|turn|3
|
|switch|p2a: Forretress|Forretress, F|354\/354
|-damage|p2a: Forretress|295\/354|[from] Spikes
|move|p1a: Accelgor|Final Gambit|p2a: Forretress
|-damage|p2a: Forretress|78\/354
|faint|p1a: Accelgor
|
|-heal|p2a: Forretress|100\/354|[from] item: Leftovers
|
|switch|p1a: Lucario|Lucario, M|281\/281
|turn|4
|
|move|p1a: Lucario|Close Combat|p2a: Forretress
|-damage|p2a: Forretress|0 fnt
|-unboost|p1a: Lucario|def|1
|-unboost|p1a: Lucario|spd|1
|-damage|p1a: Lucario|253\/281|[from] item: Life Orb
|faint|p2a: Forretress
|
|
|switch|p2a: Beedrill|Beedrill, M|271\/271
|-damage|p2a: Beedrill|226\/271|[from] Spikes
|turn|5
|
|detailschange|p2a: Beedrill|Beedrill-Mega, M
|message|Beedrill has Mega Evolved into Mega Beedrill!
|move|p2a: Beedrill|Protect|p2a: Beedrill
|-singleturn|p2a: Beedrill|Protect
|move|p1a: Lucario|Extreme Speed|p2a: Beedrill
|-activate|p2a: Beedrill|Protect
|
|turn|6
|
|move|p1a: Lucario|Extreme Speed|p2a: Beedrill
|-damage|p2a: Beedrill|0 fnt
|-damage|p1a: Lucario|225\/281|[from] item: Life Orb
|faint|p2a: Beedrill
|
|
|switch|p2a: Raikou|Raikou|321\/321
|-damage|p2a: Raikou|268\/321|[from] Spikes
|-ability|p2a: Raikou|Pressure
|turn|7
|
|move|p1a: Lucario|Extreme Speed|p2a: Raikou
|-damage|p2a: Raikou|122\/321
|-damage|p1a: Lucario|197\/281|[from] item: Life Orb
|move|p2a: Raikou|Thunderbolt|p1a: Lucario
|-damage|p1a: Lucario|0 fnt
|faint|p1a: Lucario
|
|
|switch|p1a: Jirachi|Jirachi|341\/341
|turn|8
|
|move|p2a: Raikou|Thunderbolt|p1a: Jirachi
|-damage|p1a: Jirachi|125\/341
|move|p1a: Jirachi|Stealth Rock|p2a: Raikou
|-sidestart|p2: juanen78|move: Stealth Rock
|
|turn|9
|
|move|p2a: Raikou|Thunderbolt|p1a: Jirachi
|-damage|p1a: Jirachi|0 fnt
|faint|p1a: Jirachi
|
|
|switch|p1a: Crobat|Crobat, F|311\/311
|turn|10
|
|move|p1a: Crobat|Cross Poison|p2a: Raikou
|-damage|p2a: Raikou|0 fnt
|faint|p2a: Raikou
|
|
|switch|p2a: Honchkrow|Honchkrow, F|341\/341
|-damage|p2a: Honchkrow|256\/341|[from] Stealth Rock
|turn|11
|
|move|p1a: Crobat|Cross Poison|p2a: Honchkrow
|-damage|p2a: Honchkrow|0 fnt
|faint|p2a: Honchkrow
|
|
|switch|p2a: Haxorus|Haxorus, M|293\/293
|-damage|p2a: Haxorus|257\/293|[from] Stealth Rock
|-damage|p2a: Haxorus|209\/293|[from] Spikes
|-ability|p2a: Haxorus|Mold Breaker
|turn|12
|
|move|p1a: Crobat|Cross Poison|p2a: Haxorus
|-damage|p2a: Haxorus|46\/293
|move|p2a: Haxorus|Dragon Dance|p2a: Haxorus
|-boost|p2a: Haxorus|atk|1
|-boost|p2a: Haxorus|spe|1
|
|turn|13
|
|move|p2a: Haxorus|Rock Slide|p1a: Crobat
|-supereffective|p1a: Crobat
|-damage|p1a: Crobat|0 fnt
|faint|p1a: Crobat
|
|
|switch|p1a: Hydreigon|Hydreigon, M|325\/325
|turn|14
|
|move|p1a: Hydreigon|Dark Pulse|p2a: Haxorus
|-damage|p2a: Haxorus|0 fnt
|faint|p2a: Haxorus
|
|
|switch|p2a: Vaporeon|Vaporeon, M|463\/463
|-damage|p2a: Vaporeon|386\/463|[from] Spikes
|-damage|p2a: Vaporeon|329\/463|[from] Stealth Rock
|turn|15
|
|move|p1a: Hydreigon|Dark Pulse|p2a: Vaporeon
|-damage|p2a: Vaporeon|226\/463
|move|p2a: Vaporeon|Wish|p2a: Vaporeon
|
|-heal|p2a: Vaporeon|254\/463|[from] item: Leftovers
|turn|16
|
|move|p1a: Hydreigon|Dark Pulse|p2a: Vaporeon
|-damage|p2a: Vaporeon|155\/463
|move|p2a: Vaporeon|Scald|p1a: Hydreigon
|-resisted|p1a: Hydreigon
|-damage|p1a: Hydreigon|271\/325
|
|-heal|p2a: Vaporeon|386\/463|[from] move: Wish|[wisher] Vaporeon
|-heal|p2a: Vaporeon|414\/463|[from] item: Leftovers
|turn|17
|
|switch|p1a: Alakazam|Alakazam, M|251\/251
|move|p2a: Vaporeon|Wish|p2a: Vaporeon
|
|-heal|p2a: Vaporeon|442\/463|[from] item: Leftovers
|turn|18
|
|detailschange|p1a: Alakazam|Alakazam-Mega, M
|message|Alakazam has Mega Evolved into Mega Alakazam!
|-ability|p1a: Alakazam|Water Absorb|[from] ability: Trace|[of] p2a: Vaporeon
|move|p1a: Alakazam|Calm Mind|p1a: Alakazam
|-boost|p1a: Alakazam|spa|1
|-boost|p1a: Alakazam|spd|1
|move|p2a: Vaporeon|Scald|p1a: Alakazam
|-immune|p1a: Alakazam|[msg]
|
|-heal|p2a: Vaporeon|463\/463|[from] move: Wish|[wisher] Vaporeon
|turn|19
|c|âR Research|gg
|-message|juanen78 forfeited.
|
|win|R Research
|raw|Ladder updating...
|leave|juanen78
|player|p2
|raw|R Research's rating: 1278 &rarr; <strong>1298<\/strong><br \/>(+20 for winning)
|raw|juanen78's rating: 1211 &rarr; <strong>1191<\/strong><br \/>(-20 for losing)