|join|R Research
|join|Sternhagelvoll
|player|p1|R Research|218
|player|p2|Sternhagelvoll|75
|gametype|singles
|gen|6
|tier|UU
|rated
|rule|Sleep Clause Mod: Limit one foe put to sleep
|rule|Species Clause: Limit one of each PokÃ©mon
|rule|OHKO Clause: OHKO moves are banned
|rule|Moody Clause: Moody is banned
|rule|Evasion Moves Clause: Evasion moves are banned
|rule|Endless Battle Clause: Forcing endless battles is banned
|rule|HP Percentage Mod: HP is shown in percentages
|clearpoke
|poke|p1|Accelgor, F
|poke|p1|Jirachi, shiny
|poke|p1|Alakazam, F
|poke|p1|Lucario, M
|poke|p1|Hydreigon, M
|poke|p1|Crobat, F
|poke|p2|Swampert, F
|poke|p2|Kingdra, M
|poke|p2|Empoleon, M
|poke|p2|Goodra, F
|poke|p2|Azelf
|poke|p2|Yanmega, M
|rule|Swagger Clause: Swagger is banned
|rule|Baton Pass Clause: Limit one PokÃ©mon knowing Baton Pass
|teampreview
|
|start
|switch|p1a: Accelgor|Accelgor, F|364\/364
|switch|p2a: Azelf|Azelf|291\/291
|turn|1
|
|move|p1a: Accelgor|Spikes|p2a: Azelf
|-sidestart|p2: Sternhagelvoll|Spikes
|move|p2a: Azelf|Rain Dance|p2a: Azelf
|-weather|RainDance
|
|-weather|RainDance|[upkeep]
|turn|2
|
|move|p1a: Accelgor|Encore|p2a: Azelf
|-start|p2a: Azelf|Encore
|move|p2a: Azelf|Rain Dance|p2a: Azelf
|-fail|p2a: Azelf
|
|-weather|RainDance|[upkeep]
|turn|3
|
|switch|p2a: Empoleon|Empoleon, M|372\/372
|-damage|p2a: Empoleon|326\/372|[from] Spikes
|move|p1a: Accelgor|Spikes|p2a: Empoleon
|-sidestart|p2: Sternhagelvoll|Spikes
|
|-weather|RainDance|[upkeep]
|turn|4
|
|move|p1a: Accelgor|Final Gambit|p2a: Empoleon
|-damage|p2a: Empoleon|0 fnt
|faint|p1a: Accelgor
|faint|p2a: Empoleon
|
|-weather|RainDance|[upkeep]
|
|switch|p1a: Hydreigon|Hydreigon, M|325\/325
|switch|p2a: Kingdra|Kingdra, M|291\/291
|-damage|p2a: Kingdra|243\/291|[from] Spikes
|turn|5
|
|switch|p1a: Jirachi|Jirachi, shiny|341\/341
|move|p2a: Kingdra|Draco Meteor|p1a: Jirachi
|-resisted|p1a: Jirachi
|-damage|p1a: Jirachi|255\/341
|-unboost|p2a: Kingdra|spa|2
|-damage|p2a: Kingdra|214\/291|[from] item: Life Orb
|
|-weather|RainDance|[upkeep]
|turn|6
|
|move|p2a: Kingdra|Waterfall|p1a: Jirachi
|-damage|p1a: Jirachi|2\/341
|-damage|p2a: Kingdra|185\/291|[from] item: Life Orb
|move|p1a: Jirachi|Stealth Rock|p2a: Kingdra
|-sidestart|p2: Sternhagelvoll|move: Stealth Rock
|
|-weather|RainDance|[upkeep]
|turn|7
|c|âSternhagelvoll|:(
|
|move|p2a: Kingdra|Waterfall|p1a: Jirachi
|-damage|p1a: Jirachi|0 fnt
|-damage|p2a: Kingdra|156\/291|[from] item: Life Orb
|faint|p1a: Jirachi
|
|-weather|RainDance|[upkeep]
|
|switch|p1a: Hydreigon|Hydreigon, M|325\/325
|turn|8
|
|move|p2a: Kingdra|Outrage|p1a: Hydreigon
|-supereffective|p1a: Hydreigon
|-damage|p1a: Hydreigon|0 fnt
|-damage|p2a: Kingdra|127\/291|[from] item: Life Orb
|faint|p1a: Hydreigon
|
|-weather|none
|
|switch|p1a: Lucario|Lucario, M|281\/281
|turn|9
|
|move|p1a: Lucario|Swords Dance|p1a: Lucario
|-boost|p1a: Lucario|atk|2
|move|p2a: Kingdra|Outrage|p1a: Lucario
|-resisted|p1a: Lucario
|-damage|p1a: Lucario|126\/281
|-damage|p2a: Kingdra|98\/291|[from] item: Life Orb
|
|-end|p2a: Kingdra|rampage
|-start|p2a: Kingdra|confusion
|turn|10
|
|move|p1a: Lucario|Extreme Speed|p2a: Kingdra
|-damage|p2a: Kingdra|0 fnt
|-damage|p1a: Lucario|98\/281|[from] item: Life Orb
|faint|p2a: Kingdra
|
|
|switch|p2a: Goodra|Goodra, F|384\/384
|-damage|p2a: Goodra|336\/384|[from] Stealth Rock
|-damage|p2a: Goodra|272\/384|[from] Spikes
|turn|11
|
|move|p1a: Lucario|Extreme Speed|p2a: Goodra
|-damage|p2a: Goodra|71\/384
|-damage|p1a: Lucario|70\/281|[from] item: Life Orb
|move|p2a: Goodra|Draco Meteor|p1a: Lucario|[miss]
|-miss|p2a: Goodra|p1a: Lucario
|
|turn|12
|c|âR Research|sorry :[
|c|âSternhagelvoll|welp
|
|move|p1a: Lucario|Extreme Speed|p2a: Goodra
|-damage|p2a: Goodra|0 fnt
|-damage|p1a: Lucario|42\/281|[from] item: Life Orb
|faint|p2a: Goodra
|
|
|switch|p2a: Swampert|Swampert, F|341\/341
|-damage|p2a: Swampert|285\/341|[from] Spikes
|-damage|p2a: Swampert|264\/341|[from] Stealth Rock
|turn|13
|
|detailschange|p2a: Swampert|Swampert-Mega, F
|message|Swampert has Mega Evolved into Mega Swampert!
|move|p1a: Lucario|Close Combat|p2a: Swampert
|-damage|p2a: Swampert|0 fnt
|-unboost|p1a: Lucario|def|1
|-unboost|p1a: Lucario|spd|1
|-damage|p1a: Lucario|14\/281|[from] item: Life Orb
|faint|p2a: Swampert
|
|
|switch|p2a: Azelf|Azelf|291\/291
|-damage|p2a: Azelf|255\/291|[from] Stealth Rock
|turn|14
|c|âR Research|oh cool they got updated sprites! :D
|
|move|p1a: Lucario|Extreme Speed|p2a: Azelf
|-damage|p2a: Azelf|0 fnt
|-damage|p1a: Lucario|0 fnt|[from] item: Life Orb
|faint|p2a: Azelf
|faint|p1a: Lucario
|
|
|switch|p1a: Crobat|Crobat, F|311\/311
|switch|p2a: Yanmega|Yanmega, M|313\/313
|-damage|p2a: Yanmega|157\/313|[from] Stealth Rock
|turn|15
|c|âSternhagelvoll|gg man
|c|âR Research|gg, sorry about the miss :[
|
|move|p2a: Yanmega|Protect|p2a: Yanmega
|-singleturn|p2a: Yanmega|Protect
|move|p1a: Crobat|Brave Bird|p2a: Yanmega
|-activate|p2a: Yanmega|Protect
|
|-boost|p2a: Yanmega|spe|1|[from] ability: Speed Boost
|turn|16
|
|move|p2a: Yanmega|Air Slash|p1a: Crobat
|-damage|p1a: Crobat|111\/311
|-damage|p2a: Yanmega|126\/313|[from] item: Life Orb
|move|p1a: Crobat|Brave Bird|p2a: Yanmega
|-crit|p2a: Yanmega
|-supereffective|p2a: Yanmega
|-damage|p2a: Yanmega|0 fnt
|-damage|p1a: Crobat|69\/311|[from] recoil|[of] p2a: Yanmega
|faint|p2a: Yanmega
|
|win|R Research
|raw|Ladder updating...