|join|Red Jaqk
|join|Hiye
|player|p1|Red Jaqk|291
|player|p2|Hiye|23
|gametype|singles
|gen|6
|tier|OU
|clearpoke
|poke|p1|Smeargle, M
|poke|p1|Gardevoir, M
|poke|p1|Stoutland, M
|poke|p1|Gyarados, F
|poke|p1|Espeon, M
|poke|p1|Mamoswine, F
|poke|p2|Heatran, M
|poke|p2|Kyurem-Black
|poke|p2|Terrakion
|poke|p2|Gardevoir, M
|poke|p2|Starmie
|poke|p2|Gliscor, M
|rule|Swagger Clause: Swagger is banned
|rule|Baton Pass Clause: Limit one PokÃ©mon knowing Baton Pass
|rule|Sleep Clause Mod: Limit one foe put to sleep
|rule|Species Clause: Limit one of each PokÃ©mon
|rule|OHKO Clause: OHKO moves are banned
|rule|Moody Clause: Moody is banned
|rule|Evasion Moves Clause: Evasion moves are banned
|rule|Endless Battle Clause: Forcing endless battles is banned
|rule|HP Percentage Mod: HP is shown in percentages
|teampreview
|
|start
|switch|p1a: Smeargle|Smeargle, M|314\/314
|switch|p2a: Gliscor|Gliscor, M|354\/354
|turn|1
|
|switch|p2a: Starmie|Starmie|324\/324
|move|p1a: Smeargle|Spore|p2a: Starmie
|-status|p2a: Starmie|slp
|
|turn|2
|
|switch|p2a: Terrakion|Terrakion|323\/323
|move|p1a: Smeargle|Shell Smash|p1a: Smeargle
|-boost|p1a: Smeargle|atk|2
|-boost|p1a: Smeargle|spa|2
|-boost|p1a: Smeargle|spe|2
|-unboost|p1a: Smeargle|def|1
|-unboost|p1a: Smeargle|spd|1
|
|turn|3
|
|move|p1a: Smeargle|Substitute|p1a: Smeargle
|-start|p1a: Smeargle|Substitute
|-damage|p1a: Smeargle|236\/314
|move|p2a: Terrakion|Iron Head|p1a: Smeargle
|-end|p1a: Smeargle|Substitute
|
|turn|4
|
|move|p1a: Smeargle|Substitute|p1a: Smeargle
|-start|p1a: Smeargle|Substitute
|-damage|p1a: Smeargle|158\/314
|move|p2a: Terrakion|Iron Head|p1a: Smeargle
|-end|p1a: Smeargle|Substitute
|
|turn|5
|
|move|p1a: Smeargle|Spore|p2a: Terrakion
|-status|p2a: Terrakion|slp
|cant|p2a: Terrakion|slp
|
|turn|6
|c|âHiye|wow
|c|âRed Jaqk|forgot
|c|âHiye|obviously
|
|switch|p2a: Gardevoir|Gardevoir, M|340\/340
|-ability|p2a: Gardevoir|Own Tempo|[from] ability: Trace|[of] p1a: Smeargle
|move|p1a: Smeargle|Substitute|p1a: Smeargle
|-start|p1a: Smeargle|Substitute
|-damage|p1a: Smeargle|80\/314
|
|turn|7
|c|âHiye|gg'
|c|âRed Jaqk|lol fk
|
|detailschange|p2a: Gardevoir|Gardevoir-Mega, M
|message|Gardevoir has Mega Evolved into Mega Gardevoir!
|move|p1a: Smeargle|Baton Pass|p1a: Smeargle
|
|switch|p1a: Gyarados|Gyarados, F|331\/331
|move|p2a: Gardevoir|Hyper Voice|p1a: Gyarados
|-damage|p1a: Gyarados|22\/331
|
|-heal|p1a: Gyarados|42\/331|[from] item: Leftovers
|turn|8
|c|âHiye|ur lucky\
|c|âHiye|no investment
|
|switch|p2a: Starmie|Starmie|324\/324
|move|p1a: Gyarados|Waterfall|p2a: Starmie
|-resisted|p2a: Starmie
|-damage|p2a: Starmie|161\/324
|
|-heal|p1a: Gyarados|62\/331|[from] item: Leftovers
|-heal|p2a: Starmie|181\/324|[from] item: Leftovers
|turn|9
|
|switch|p2a: Heatran|Heatran, M|386\/386
|move|p1a: Gyarados|Earthquake|p2a: Heatran
|-supereffective|p2a: Heatran
|-damage|p2a: Heatran|0 fnt
|faint|p2a: Heatran
|-boost|p1a: Gyarados|atk|1|[from] ability: Moxie
|
|-heal|p1a: Gyarados|82\/331|[from] item: Leftovers
|
|switch|p2a: Kyurem-Black|Kyurem-Black|405\/405
|-ability|p2a: Kyurem-Black|Teravolt
|turn|10
|
|move|p1a: Gyarados|Earthquake|p2a: Kyurem-Black
|-damage|p2a: Kyurem-Black|63\/405
|move|p2a: Kyurem-Black|Fusion Bolt|p1a: Gyarados
|-supereffective|p1a: Gyarados
|-end|p1a: Gyarados|Substitute
|
|-heal|p1a: Gyarados|102\/331|[from] item: Leftovers
|-heal|p2a: Kyurem-Black|88\/405|[from] item: Leftovers
|turn|11
|
|move|p1a: Gyarados|Waterfall|p2a: Kyurem-Black
|-resisted|p2a: Kyurem-Black
|-damage|p2a: Kyurem-Black|0 fnt
|faint|p2a: Kyurem-Black
|-boost|p1a: Gyarados|atk|1|[from] ability: Moxie
|
|-heal|p1a: Gyarados|122\/331|[from] item: Leftovers
|leave|Hiye
|player|p2
|-message|Player 2 lost due to inactivity.
|
|win|Red Jaqk