|join|Hiye
|join|Louisxd
|player|p1|Hiye|101
|player|p2|Louisxd|165
|gametype|singles
|gen|6
|tier|OU
|clearpoke
|poke|p1|Rotom-Wash
|poke|p1|Ferrothorn, M
|poke|p1|Latias, F
|poke|p1|Victini
|poke|p1|Mamoswine, M
|poke|p1|Lopunny, M
|poke|p2|Slowbro, M
|poke|p2|Gliscor, M
|poke|p2|Clefable, F
|poke|p2|Latios, M
|poke|p2|Scizor, F
|poke|p2|Talonflame, M
|rule|Swagger Clause: Swagger is banned
|rule|Baton Pass Clause: Limit one PokÃ©mon knowing Baton Pass
|rule|Sleep Clause Mod: Limit one foe put to sleep
|rule|Species Clause: Limit one of each PokÃ©mon
|rule|OHKO Clause: OHKO moves are banned
|rule|Moody Clause: Moody is banned
|rule|Evasion Moves Clause: Evasion moves are banned
|rule|Endless Battle Clause: Forcing endless battles is banned
|rule|HP Percentage Mod: HP is shown in percentages
|teampreview
|join|bizarman
|join|carrying yoloq
|
|start
|switch|p1a: Mamoswine|Mamoswine, M|361\/361
|switch|p2a: Le old fairy|Clefable, F|394\/394
|turn|1
|
|move|p1a: Mamoswine|Earthquake|p2a: Le old fairy
|-damage|p2a: Le old fairy|137\/394
|-damage|p1a: Mamoswine|325\/361|[from] item: Life Orb
|move|p2a: Le old fairy|Stealth Rock|p1a: Mamoswine
|-sidestart|p1: Hiye|move: Stealth Rock
|
|-heal|p2a: Le old fairy|161\/394|[from] item: Leftovers
|turn|2
|
|switch|p1a: Latias|Latias, F|299\/299
|-damage|p1a: Latias|262\/299|[from] Stealth Rock
|switch|p2a: Retarded fella|Slowbro, M|394\/394
|
|turn|3
|c|âLouisxd|thats stronk man
|
|switch|p2a: Erza|Scizor, F|289\/289
|move|p1a: Latias|Defog|p2a: Erza
|-unboost|p2a: Erza|evasion|1
|-sideend|p1: Hiye|Stealth Rock|[from] move: Defog|[of] p1a: Latias
|
|turn|4
|
|switch|p1a: Ferrothorn|Ferrothorn, M|352\/352
|move|p2a: Erza|Swords Dance|p2a: Erza
|-boost|p2a: Erza|atk|2
|
|turn|5
|
|switch|p1a: Victini|Victini|346\/346
|move|p2a: Erza|Superpower|p1a: Victini
|-resisted|p1a: Victini
|-damage|p1a: Victini|141\/346
|-unboost|p2a: Erza|atk|1
|-unboost|p2a: Erza|def|1
|-damage|p2a: Erza|261\/289|[from] item: Life Orb
|
|-heal|p1a: Victini|162\/346|[from] item: Leftovers
|turn|6
|c|âHiye|I cant rly break this
|
|switch|p1a: Ferrothorn|Ferrothorn, M|352\/352
|switch|p2a: Retarded fella|Slowbro, M|394\/394
|
|turn|7
|leave|bizarman
|join|Grumtastic
|c|âHiye|Gliscor slowbro clef
|c| Grumtastic|and sizor
|c|âLouisxd|and latios
|
|switch|p2a: Le old fairy|Clefable, F|161\/394
|move|p1a: Ferrothorn|Stealth Rock|p2a: Le old fairy
|-sidestart|p2: Louisxd|move: Stealth Rock
|
|-heal|p2a: Le old fairy|185\/394|[from] item: Leftovers
|turn|8
|c|âHiye|Ya p much
|
|switch|p1a: Victini|Victini|162\/346
|move|p2a: Le old fairy|Soft-Boiled|p2a: Le old fairy
|-heal|p2a: Le old fairy|382\/394
|
|-heal|p1a: Victini|183\/346|[from] item: Leftovers
|-heal|p2a: Le old fairy|394\/394|[from] item: Leftovers
|turn|9
|
|switch|p2a: Retarded fella|Slowbro, M|394\/394
|-damage|p2a: Retarded fella|345\/394|[from] Stealth Rock
|move|p1a: Victini|Substitute|p1a: Victini
|-start|p1a: Victini|Substitute
|-damage|p1a: Victini|97\/346
|
|-heal|p1a: Victini|118\/346|[from] item: Leftovers
|turn|10
|
|detailschange|p2a: Retarded fella|Slowbro-Mega, M
|message|Slowbro has Mega Evolved into Mega Slowbro!
|move|p1a: Victini|Bolt Strike|p2a: Retarded fella
|-supereffective|p2a: Retarded fella
|-damage|p2a: Retarded fella|207\/394
|-status|p2a: Retarded fella|par
|move|p2a: Retarded fella|Scald|p1a: Victini
|-supereffective|p1a: Victini
|-end|p1a: Victini|Substitute
|
|-heal|p1a: Victini|139\/346|[from] item: Leftovers
|turn|11
|c|âLouisxd|damn
|join|Ah U and skuukzky
|c|âLouisxd|!data bolt strike
|c|~|\/data-move Bolt Strike

|c|âLouisxd|hm 20% at least
|
|switch|p1a: Ferrothorn|Ferrothorn, M|352\/352
|cant|p2a: Retarded fella|par
|
|turn|12
|c| Grumtastic|landed that para like a baws
|
|switch|p1a: Victini|Victini|139\/346
|switch|p2a: Drug addicted|Gliscor, M|352\/352
|-damage|p2a: Drug addicted|308\/352|[from] Stealth Rock
|
|-heal|p1a: Victini|160\/346|[from] item: Leftovers
|-status|p2a: Drug addicted|tox|[from] item: Toxic Orb
|turn|13
|
|switch|p1a: Ferrothorn|Ferrothorn, M|352\/352
|move|p2a: Drug addicted|Knock Off|p1a: Ferrothorn
|-damage|p1a: Ferrothorn|307\/352
|-damage|p2a: Drug addicted|264\/352 tox|[from] ability: Iron Barbs|[of] p1a: Ferrothorn
|-enditem|p1a: Ferrothorn|Leftovers|[from] move: Knock Off|[of] p2a: Drug addicted
|
|-heal|p2a: Drug addicted|308\/352 tox|[from] ability: Poison Heal
|turn|14
|c|âHiye|fok
|
|switch|p1a: Lopunny|Lopunny, M|272\/272
|move|p2a: Drug addicted|Taunt|p1a: Lopunny
|-start|p1a: Lopunny|move: Taunt
|
|-heal|p2a: Drug addicted|352\/352 tox|[from] ability: Poison Heal
|turn|15
|
|switch|p1a: Victini|Victini|160\/346
|switch|p2a: Retarded fella|Slowbro-Mega, M|207\/394 par
|-damage|p2a: Retarded fella|158\/394 par|[from] Stealth Rock
|
|-heal|p1a: Victini|181\/346|[from] item: Leftovers
|turn|16
|c|âHiye|fok
|
|switch|p1a: Ferrothorn|Ferrothorn, M|307\/352
|move|p2a: Retarded fella|Slack Off|p2a: Retarded fella
|-heal|p2a: Retarded fella|355\/394 par
|
|turn|17
|
|switch|p2a: Drug addicted|Gliscor, M|352\/352 tox
|-damage|p2a: Drug addicted|308\/352 tox|[from] Stealth Rock
|move|p1a: Ferrothorn|Leech Seed|p2a: Drug addicted|[miss]
|-miss|p1a: Ferrothorn|p2a: Drug addicted
|
|-heal|p2a: Drug addicted|352\/352 tox|[from] ability: Poison Heal
|turn|18
|
|switch|p1a: Lopunny|Lopunny, M|272\/272
|move|p2a: Drug addicted|Earthquake|p1a: Lopunny
|-damage|p1a: Lopunny|136\/272
|
|turn|19
|c| Grumtastic|in befor sub  scor
|
|switch|p1a: Ferrothorn|Ferrothorn, M|307\/352
|move|p2a: Drug addicted|Earthquake|p1a: Ferrothorn
|-damage|p1a: Ferrothorn|232\/352
|
|turn|20
|
|switch|p1a: Rotom-Wash|Rotom-Wash|304\/304
|move|p2a: Drug addicted|Taunt|p1a: Rotom-Wash
|-start|p1a: Rotom-Wash|move: Taunt
|
|turn|21
|
|move|p2a: Drug addicted|Knock Off|p1a: Rotom-Wash
|-damage|p1a: Rotom-Wash|251\/304
|-enditem|p1a: Rotom-Wash|Leftovers|[from] move: Knock Off|[of] p2a: Drug addicted
|move|p1a: Rotom-Wash|Volt Switch|p2a: Drug addicted
|-immune|p2a: Drug addicted|[msg]
|
|turn|22
|
|switch|p2a: Le old fairy|Clefable, F|394\/394
|move|p1a: Rotom-Wash|Volt Switch|p2a: Le old fairy
|-crit|p2a: Le old fairy
|-damage|p2a: Le old fairy|288\/394
|c|âHiye|dis is retarted\/
|
|switch|p1a: Victini|Victini|181\/346
|
|-heal|p1a: Victini|202\/346|[from] item: Leftovers
|-heal|p2a: Le old fairy|312\/394|[from] item: Leftovers
|turn|23
|c|âLouisxd|fak man
|c|âLouisxd|,,,
|
|switch|p2a: Retarded fella|Slowbro-Mega, M|355\/394 par
|-damage|p2a: Retarded fella|306\/394 par|[from] Stealth Rock
|move|p1a: Victini|V-create|p2a: Retarded fella
|-resisted|p2a: Retarded fella
|-damage|p2a: Retarded fella|240\/394 par
|-unboost|p1a: Victini|def|1
|-unboost|p1a: Victini|spd|1
|-unboost|p1a: Victini|spe|1
|
|-heal|p1a: Victini|223\/346|[from] item: Leftovers
|turn|24
|join|fibraxas
|
|switch|p1a: Ferrothorn|Ferrothorn, M|232\/352
|switch|p2a: Drug addicted|Gliscor, M|352\/352 tox
|-damage|p2a: Drug addicted|308\/352 tox|[from] Stealth Rock
|
|-heal|p2a: Drug addicted|352\/352 tox|[from] ability: Poison Heal
|turn|25
|c| Grumtastic|ill got check on the other stalls
|
|switch|p1a: Rotom-Wash|Rotom-Wash|251\/304
|move|p2a: Drug addicted|Taunt|p1a: Rotom-Wash
|-start|p1a: Rotom-Wash|move: Taunt
|
|turn|26
|
|move|p2a: Drug addicted|Knock Off|p1a: Rotom-Wash
|-crit|p1a: Rotom-Wash
|-damage|p1a: Rotom-Wash|199\/304
|move|p1a: Rotom-Wash|Hydro Pump|p2a: Drug addicted
|-supereffective|p2a: Drug addicted
|-damage|p2a: Drug addicted|106\/352 tox
|
|-heal|p2a: Drug addicted|150\/352 tox|[from] ability: Poison Heal
|turn|27
|
|move|p2a: Drug addicted|Roost|p2a: Drug addicted
|-heal|p2a: Drug addicted|326\/352 tox
|move|p1a: Rotom-Wash|Volt Switch|p2a: Drug addicted
|-immune|p2a: Drug addicted|[msg]
|
|-heal|p2a: Drug addicted|352\/352 tox|[from] ability: Poison Heal
|turn|28
|c|âHiye|o its roost
|c| fibraxas|swooore
|
|switch|p2a: Le old fairy|Clefable, F|312\/394
|move|p1a: Rotom-Wash|Volt Switch|p2a: Le old fairy
|-damage|p2a: Le old fairy|233\/394
|
|switch|p1a: Victini|Victini|223\/346
|
|-heal|p1a: Victini|244\/346|[from] item: Leftovers
|-heal|p2a: Le old fairy|257\/394|[from] item: Leftovers
|turn|29
|c|âLouisxd|holy fucking shit
|c|âLouisxd|are you serious
|c|âHiye|yup
|
|switch|p2a: Drug addicted|Gliscor, M|352\/352 tox
|-damage|p2a: Drug addicted|308\/352 tox|[from] Stealth Rock
|move|p1a: Victini|Substitute|p1a: Victini
|-start|p1a: Victini|Substitute
|-damage|p1a: Victini|158\/346
|
|-heal|p1a: Victini|179\/346|[from] item: Leftovers
|-heal|p2a: Drug addicted|352\/352 tox|[from] ability: Poison Heal
|turn|30
|c| fibraxas|damn
|c|âLouisxd|clef dont get 1 fucking free turn
|
|move|p1a: Victini|V-create|p2a: Drug addicted
|-damage|p2a: Drug addicted|103\/352 tox
|-unboost|p1a: Victini|def|1
|-unboost|p1a: Victini|spd|1
|-unboost|p1a: Victini|spe|1
|move|p2a: Drug addicted|Earthquake|p1a: Victini
|-supereffective|p1a: Victini
|-end|p1a: Victini|Substitute
|
|-heal|p1a: Victini|200\/346|[from] item: Leftovers
|-heal|p2a: Drug addicted|147\/352 tox|[from] ability: Poison Heal
|turn|31
|c| fibraxas|what the fuck are these sets
|c|âHiye|Cant allow rox
|leave|carrying yoloq
|c| fibraxas|sub v-create
|c|âHiye|its sub pup
|c|âHiye|...
|c| fibraxas|oml
|
|switch|p1a: Mamoswine|Mamoswine, M|325\/361
|move|p2a: Drug addicted|Roost|p2a: Drug addicted
|-heal|p2a: Drug addicted|323\/352 tox
|
|-heal|p2a: Drug addicted|352\/352 tox|[from] ability: Poison Heal
|turn|32
|c|âLouisxd|its decent
|c| Grumtastic|jeezus
|c|âLouisxd|and kinda fucks my team
|
|switch|p2a: Jet|Latios, M|301\/301
|-damage|p2a: Jet|264\/301|[from] Stealth Rock
|move|p1a: Mamoswine|Earthquake|p2a: Jet
|-immune|p2a: Jet|[msg]
|
|turn|33
|c|âHiye|eheh
|c| fibraxas|i had a pretty good ou team a while back and then someone brought a mixed victini and i realized it murdered the entire team
|c| Grumtastic|why dint you ice crashh
|c|âHiye|Cuz
|c|âHiye|idk tbh
|
|switch|p1a: Ferrothorn|Ferrothorn, M|232\/352
|move|p2a: Jet|Trick|p1a: Ferrothorn
|-activate|p2a: Jet|move: Trick|[of] p1a: Ferrothorn
|-item|p1a: Ferrothorn|Choice Scarf|[from] move: Trick
|
|turn|34
|c|âLouisxd|because its obvious
|c|âLouisxd|bro
|c|âLouisxd|switch
|
|move|p2a: Jet|Defog|p1a: Ferrothorn
|-unboost|p1a: Ferrothorn|evasion|1
|-sideend|p2: Louisxd|Stealth Rock|[from] move: Defog|[of] p2a: Jet
|move|p1a: Ferrothorn|Leech Seed|p2a: Jet
|-start|p2a: Jet|move: Leech Seed
|
|-damage|p2a: Jet|227\/301|[from] Leech Seed|[of] p1a: Ferrothorn
|-heal|p1a: Ferrothorn|269\/352|[silent]
|turn|35
|c| Grumtastic|only thing that would come in  ant take it well would be siz and slowbro
|
|switch|p2a: Drug addicted|Gliscor, M|352\/352 tox
|switch|p1a: Victini|Victini|200\/346
|
|-heal|p1a: Victini|221\/346|[from] item: Leftovers
|turn|36
|join|asedfgfdsa
|c|âHiye|nuu
|c|âHiye|why do you want gliscor leeched
|c|âLouisxd|obvious switch to cleb
|
|switch|p1a: Rotom-Wash|Rotom-Wash|199\/304
|move|p2a: Drug addicted|Earthquake|p1a: Rotom-Wash
|-immune|p1a: Rotom-Wash|[msg]
|
|turn|37
|c|âLouisxd|clef
|c|âHiye|tru
|
|switch|p2a: Le old fairy|Clefable, F|257\/394
|move|p1a: Rotom-Wash|Hydro Pump|p2a: Le old fairy
|-damage|p2a: Le old fairy|127\/394
|
|-heal|p2a: Le old fairy|151\/394|[from] item: Leftovers
|turn|38
|
|move|p1a: Rotom-Wash|Volt Switch|p2a: Le old fairy
|-damage|p2a: Le old fairy|67\/394
|
|switch|p1a: Victini|Victini|221\/346
|move|p2a: Le old fairy|Stealth Rock|p1a: Victini
|-sidestart|p1: Hiye|move: Stealth Rock
|
|-heal|p1a: Victini|242\/346|[from] item: Leftovers
|-heal|p2a: Le old fairy|91\/394|[from] item: Leftovers
|turn|39
|
|switch|p2a: Drug addicted|Gliscor, M|352\/352 tox
|move|p1a: Victini|Power-Up Punch|p2a: Drug addicted
|-resisted|p2a: Drug addicted
|-damage|p2a: Drug addicted|333\/352 tox
|-boost|p1a: Victini|atk|1
|
|-heal|p1a: Victini|263\/346|[from] item: Leftovers
|-heal|p2a: Drug addicted|352\/352 tox|[from] ability: Poison Heal
|turn|40
|c| Grumtastic|the rocks are now in
|c|âLouisxd|hmm ,,,
|c|âLouisxd|fak
|c|âLouisxd|who is guna die
|join|UnB0lievable
|c|âHiye|Ok victini if u get a low roll
|c| Ah U and skuukzky|louisxd is going to lose the 50\/50 je doesn't know exists
|
|switch|p2a: Le old fairy|Clefable, F|91\/394
|move|p1a: Victini|V-create|p2a: Le old fairy
|-damage|p2a: Le old fairy|0 fnt
|-unboost|p1a: Victini|def|1
|-unboost|p1a: Victini|spd|1
|-unboost|p1a: Victini|spe|1
|faint|p2a: Le old fairy
|
|-heal|p1a: Victini|284\/346|[from] item: Leftovers
|c| Ah U and skuukzky|nvm
|
|switch|p2a: Jet|Latios, M|227\/301
|turn|41
|c| Ah U and skuukzky|hiye lost that 50\/50
|c|âHiye|how did i
|
|switch|p2a: mah burd|Talonflame, M|319\/319
|switch|p1a: Ferrothorn|Ferrothorn, M|269\/352
|-damage|p1a: Ferrothorn|247\/352|[from] Stealth Rock
|
|turn|42
|c| Ah U and skuukzky|could have subbed
|c| Ah U and skuukzky|and gotten 2 kills
|
|move|p2a: mah burd|Swords Dance|p2a: mah burd
|-boost|p2a: mah burd|atk|2
|move|p1a: Ferrothorn|Leech Seed|p2a: mah burd
|-start|p2a: mah burd|move: Leech Seed
|
|-damage|p2a: mah burd|280\/319|[from] Leech Seed|[of] p1a: Ferrothorn
|-heal|p1a: Ferrothorn|286\/352|[silent]
|turn|43
|c|âHiye|o
|c| Ah U and skuukzky|sub on the gliscor switch out
|leave|asedfgfdsa
|
|switch|p1a: Lopunny|Lopunny, M|136\/272
|-damage|p1a: Lopunny|102\/272|[from] Stealth Rock
|move|p2a: mah burd|Swords Dance|p2a: mah burd
|-boost|p2a: mah burd|atk|2
|
|-damage|p2a: mah burd|241\/319|[from] Leech Seed|[of] p1a: Lopunny
|-heal|p1a: Lopunny|141\/272|[silent]
|turn|44
|c|âHiye|oml sotp
|
|detailschange|p1a: Lopunny|Lopunny-Mega, M
|message|Lopunny has Mega Evolved into Mega Lopunny!
|move|p1a: Lopunny|Fake Out|p2a: mah burd
|-damage|p2a: mah burd|144\/319
|cant|p2a: mah burd|flinch
|
|-damage|p2a: mah burd|105\/319|[from] Leech Seed|[of] p1a: Lopunny
|-heal|p1a: Lopunny|180\/272|[silent]
|turn|45
|c|âLouisxd|greed
|c| fibraxas|le ded face
|c| Ah U and skuukzky|then roost
|c| Grumtastic|in befor quick attacks
|join|DeepFreezeIV
|c| Ah U and skuukzky|switch out +roost
|c| fibraxas|just bb
|c|âLouisxd|>quick attack
|
|switch|p1a: Ferrothorn|Ferrothorn, M|286\/352
|-damage|p1a: Ferrothorn|264\/352|[from] Stealth Rock
|move|p2a: mah burd|Brave Bird|p1a: Ferrothorn
|-damage|p1a: Ferrothorn|0 fnt
|-damage|p2a: mah burd|66\/319|[from] ability: Iron Barbs|[of] p1a: Ferrothorn
|-damage|p2a: mah burd|0 fnt|[from] recoil|[of] p1a: Ferrothorn
|faint|p1a: Ferrothorn
|faint|p2a: mah burd
|
|c|âLouisxd|,,
|c| fibraxas|if he attacks it's a fucking waste
|c|âLouisxd|is that a thing now
|c| fibraxas|there you go
|c| Grumtastic|ohhhh
|c|âLouisxd|you guys kinda fucked my head
|c|âLouisxd|i was guna roost
|c|âLouisxd|;_;
|c|âHiye|lol
|
|switch|p1a: Latias|Latias, F|262\/299
|switch|p2a: Drug addicted|Gliscor, M|352\/352 tox
|-damage|p1a: Latias|225\/299|[from] Stealth Rock
|turn|46
|leave|DeepFreezeIV
|join|ArchPhantom
|c|âHiye|nb
|
|move|p1a: Latias|Defog|p2a: Drug addicted
|-unboost|p2a: Drug addicted|evasion|1
|-sideend|p1: Hiye|Stealth Rock|[from] move: Defog|[of] p1a: Latias
|move|p2a: Drug addicted|Knock Off|p1a: Latias
|-supereffective|p1a: Latias
|-damage|p1a: Latias|55\/299
|-enditem|p1a: Latias|Life Orb|[from] move: Knock Off|[of] p2a: Drug addicted
|
|turn|47
|c|âLouisxd|y\/y
|
|move|p1a: Latias|Roost|p1a: Latias
|-heal|p1a: Latias|205\/299
|move|p2a: Drug addicted|Knock Off|p1a: Latias
|-supereffective|p1a: Latias
|-damage|p1a: Latias|91\/299
|
|turn|48
|
|switch|p1a: Rotom-Wash|Rotom-Wash|199\/304
|switch|p2a: Erza|Scizor, F|261\/289
|
|turn|49
|join|SilviuSantos
|c| Grumtastic|major threat has  keked itself
|c| fibraxas|um what zor is that? band?
|c|âHiye|LO
|c| fibraxas|ohh
|c| fibraxas|right
|c| fibraxas|91
|c|âHiye|I wanted to go victini :(
|c|âHiye|But im not real sigh
|
|move|p2a: Erza|Bug Bite|p1a: Rotom-Wash
|-damage|p1a: Rotom-Wash|42\/304
|-damage|p2a: Erza|233\/289|[from] item: Life Orb
|move|p1a: Rotom-Wash|Volt Switch|p2a: Erza
|-damage|p2a: Erza|127\/289
|c|âHiye|o fok
|c|âHiye|I still have to deal with dis
|
|switch|p1a: Victini|Victini|284\/346
|
|-heal|p1a: Victini|305\/346|[from] item: Leftovers
|turn|50
|
|move|p1a: Victini|V-create|p2a: Erza
|-supereffective|p2a: Erza
|-damage|p2a: Erza|0 fnt
|-unboost|p1a: Victini|def|1
|-unboost|p1a: Victini|spd|1
|-unboost|p1a: Victini|spe|1
|faint|p2a: Erza
|
|-heal|p1a: Victini|326\/346|[from] item: Leftovers
|c| fibraxas|sad
|
|switch|p2a: Jet|Latios, M|227\/301
|turn|51
|leave|ArchPhantom
|c|âLouisxd|at least i can spam draco now ,,,
|
|switch|p1a: Latias|Latias, F|91\/299
|move|p2a: Jet|Draco Meteor|p1a: Latias
|-supereffective|p1a: Latias
|-damage|p1a: Latias|0 fnt
|-unboost|p2a: Jet|spa|2
|faint|p1a: Latias
|
|
|switch|p1a: Lopunny|Lopunny-Mega, M|180\/272
|turn|52
|c| Grumtastic|but he can spam  vcreates
|c| fibraxas|and then the rotom switch happens
|
|switch|p1a: Rotom-Wash|Rotom-Wash|42\/304
|switch|p2a: Retarded fella|Slowbro-Mega, M|240\/394 par
|
|turn|53
|c| Grumtastic|and bolt strikes
|c| fibraxas|being obvious
|c|âHiye|lol dat was retarted
|c| fibraxas|2014
|c|âLouisxd|ye
|
|switch|p2a: Drug addicted|Gliscor, M|352\/352 tox
|move|p1a: Rotom-Wash|Pain Split|p2a: Drug addicted
|-sethp|p2a: Drug addicted|197\/352 tox|p1a: Rotom-Wash|197\/304|[from] move: Pain Split
|
|-heal|p2a: Drug addicted|241\/352 tox|[from] ability: Poison Heal
|turn|54
|c|âLouisxd|i think
|c|âHiye|o thx
|c|âLouisxd|im guna be obvious
|c| Grumtastic|bang
|c|âLouisxd|because he isnt
|c| Grumtastic|is that hydro range?
|c|âHiye|ya
|
|move|p2a: Drug addicted|Roost|p2a: Drug addicted
|-heal|p2a: Drug addicted|352\/352 tox
|move|p1a: Rotom-Wash|Hydro Pump|p2a: Drug addicted
|-supereffective|p2a: Drug addicted
|-damage|p2a: Drug addicted|88\/352 tox
|
|-heal|p2a: Drug addicted|132\/352 tox|[from] ability: Poison Heal
|turn|55
|c| fibraxas|yeah
|c|âHiye|roost here
|c|âHiye|dang
|
|switch|p1a: Mamoswine|Mamoswine, M|325\/361
|move|p2a: Drug addicted|Roost|p2a: Drug addicted
|-heal|p2a: Drug addicted|308\/352 tox
|
|-heal|p2a: Drug addicted|352\/352 tox|[from] ability: Poison Heal
|turn|56
|
|switch|p2a: Retarded fella|Slowbro-Mega, M|240\/394 par
|move|p1a: Mamoswine|Icicle Spear|p2a: Retarded fella
|-resisted|p2a: Retarded fella
|-damage|p2a: Retarded fella|224\/394 par
|-resisted|p2a: Retarded fella
|-damage|p2a: Retarded fella|208\/394 par
|-hitcount|p2a: Retarded fella|2
|-damage|p1a: Mamoswine|289\/361|[from] item: Life Orb
|
|turn|57
|c| fibraxas|is that freeze dry mamo?
|c|âHiye|is that spdef or nah? glis
|c| Grumtastic|leel
|c|âLouisxd|,,,
|
|switch|p1a: Rotom-Wash|Rotom-Wash|197\/304
|cant|p2a: Retarded fella|par
|
|turn|58
|c|âLouisxd|i need the slack off man
|c|âLouisxd|FUCK
|c|âHiye|u shoula doubled to lati there dude
|c| fibraxas|wow
|leave|fibraxas
|
|switch|p2a: Drug addicted|Gliscor, M|352\/352 tox
|move|p1a: Rotom-Wash|Volt Switch|p2a: Drug addicted
|-immune|p2a: Drug addicted|[msg]
|
|turn|59
|c|âLouisxd|im obsessed by the m bro hp right now
|c|âLouisxd|,,,
|
|move|p2a: Drug addicted|Knock Off|p1a: Rotom-Wash
|-damage|p1a: Rotom-Wash|161\/304
|move|p1a: Rotom-Wash|Hydro Pump|p2a: Drug addicted
|-supereffective|p2a: Drug addicted
|-damage|p2a: Drug addicted|100\/352 tox
|
|-heal|p2a: Drug addicted|144\/352 tox|[from] ability: Poison Heal
|turn|60
|join|LadderSoTall
|
|switch|p1a: Mamoswine|Mamoswine, M|289\/361
|move|p2a: Drug addicted|Roost|p2a: Drug addicted
|-heal|p2a: Drug addicted|320\/352 tox
|
|-heal|p2a: Drug addicted|352\/352 tox|[from] ability: Poison Heal
|turn|61
|leave|LadderSoTall
|leave|SilviuSantos
|
|switch|p2a: Retarded fella|Slowbro-Mega, M|208\/394 par
|move|p1a: Mamoswine|Earthquake|p2a: Retarded fella
|-damage|p2a: Retarded fella|90\/394 par
|-damage|p1a: Mamoswine|253\/361|[from] item: Life Orb
|
|turn|62
|c|âLouisxd|go lati ,,,
|c| Grumtastic|amd now hes in
|
|move|p1a: Mamoswine|Earthquake|p2a: Retarded fella
|-damage|p2a: Retarded fella|0 fnt
|-damage|p1a: Mamoswine|217\/361|[from] item: Life Orb
|faint|p2a: Retarded fella
|
|
|switch|p2a: Jet|Latios, M|227\/301
|turn|63
|c|âLouisxd|seriously tho
|c|âLouisxd|that was the best game i had in ages
|
|move|p2a: Jet|Draco Meteor|p1a: Mamoswine
|-damage|p1a: Mamoswine|0 fnt
|-unboost|p2a: Jet|spa|2
|faint|p1a: Mamoswine
|
|c| Grumtastic|spam draco
|c|âHiye|FAK
|c|âHiye|misclcick
|
|switch|p1a: Lopunny|Lopunny-Mega, M|180\/272
|turn|64
|leave|Ah U and skuukzky
|c| Grumtastic|if you sharted i would have sharded
|join|DeepFreezeIV
|
|move|p1a: Lopunny|Fake Out|p2a: Jet
|-damage|p2a: Jet|139\/301
|cant|p2a: Jet|flinch
|
|turn|65
|
|switch|p2a: Drug addicted|Gliscor, M|352\/352 tox
|move|p1a: Lopunny|Ice Punch|p2a: Drug addicted
|-supereffective|p2a: Drug addicted
|-damage|p2a: Drug addicted|56\/352 tox
|
|-heal|p2a: Drug addicted|100\/352 tox|[from] ability: Poison Heal
|turn|66
|c|âHiye|yeah shard kills
|c|âHiye|but I misclick
|c| Grumtastic|reckt
|c|âLouisxd|gg
|
|move|p1a: Lopunny|Ice Punch|p2a: Drug addicted
|-supereffective|p2a: Drug addicted
|-damage|p2a: Drug addicted|0 fnt
|faint|p2a: Drug addicted
|
|c|âHiye|geg
|
|switch|p2a: Jet|Latios, M|139\/301
|turn|67
|
|move|p1a: Lopunny|Ice Punch|p2a: Jet
|-supereffective|p2a: Jet
|-damage|p2a: Jet|0 fnt
|faint|p2a: Jet
|
|win|Hiye
|c|âLouisxd|where is the scarf now
|c| Grumtastic|close game
|c|âLouisxd|,,,
|c| Grumtastic|ggg
|leave|Hiye
|player|p1