|join|Hiye
|join|Jukain
|player|p1|Hiye|101
|player|p2|Jukain|291
|gametype|singles
|gen|6
|tier|OU
|clearpoke
|poke|p1|Charizard, F
|poke|p1|Excadrill, F
|poke|p1|Latias, F
|poke|p1|Rotom-Wash
|poke|p1|Sylveon, F
|poke|p1|Ferrothorn, M
|poke|p2|Slowbro, M
|poke|p2|Bisharp, M
|poke|p2|Porygon2
|poke|p2|Latios, M
|poke|p2|Landorus-Therian, M
|poke|p2|Keldeo
|rule|Swagger Clause: Swagger is banned
|rule|Baton Pass Clause: Limit one PokÃ©mon knowing Baton Pass
|rule|Sleep Clause Mod: Limit one foe put to sleep
|rule|Species Clause: Limit one of each PokÃ©mon
|rule|OHKO Clause: OHKO moves are banned
|rule|Moody Clause: Moody is banned
|rule|Evasion Moves Clause: Evasion moves are banned
|rule|Endless Battle Clause: Forcing endless battles is banned
|rule|HP Percentage Mod: HP is shown in percentages
|teampreview
|join|Louisxd
|join|Zagmzp
|join|Maiora
|join|zach27
|join|nhlfan
|c| Louisxd|wow hiye :]
|c|âJukain|herro
|c|âJukain|o.o
|c|âJukain|gl hf
|join|BibarelThump
|
|start
|switch|p1a: Rotom-Wash|Rotom-Wash|304\/304
|switch|p2a: Latios|Latios, M|301\/301
|turn|1
|join|gamerguy1123
|join|AM
|join|Honchkrow Love
|c| gamerguy1123|I'd use
|c| BibarelThump|nice and powerful preds
|
|switch|p1a: Sylveon|Sylveon, F|394\/394
|move|p2a: Latios|Draco Meteor|p1a: Sylveon
|-immune|p1a: Sylveon|[msg]
|
|turn|2
|c| gamerguy1123|Hp Ice
|c| BibarelThump|I feel like I'm watching shofu
|join|Austin
|join|Reddragonn
|c|âJukain|that feels awfully like a zard y
|c| Louisxd|nice and shofu'd
|c|âJukain|^_^
|c| BibarelThump|nah zard x
|c|%AM|I think Latios should get Gunk shot, so people can scream broken
|c| gamerguy1123|WHy would someone run
|
|switch|p2a: Porygon2|Porygon2|374\/374
|-ability|p2a: Porygon2|Pixilate|[from] ability: Trace|[of] p1a: Sylveon
|switch|p1a: Charizard|Charizard, F|359\/359
|
|turn|3
|c| BibarelThump|gg p2
|c| BibarelThump|unless hp rock
|c|âHiye|oo pixilate
|c| BibarelThump|pls be hp rock
|c| gamerguy1123|Zard Y and Ferro on same team
|
|detailschange|p1a: Charizard|Charizard-Mega-X, F
|message|Charizard has Mega Evolved into Mega Charizard!
|move|p1a: Charizard|Will-O-Wisp|p2a: Porygon2
|-status|p2a: Porygon2|brn
|move|p2a: Porygon2|Toxic|p1a: Charizard
|-status|p1a: Charizard|tox
|
|-damage|p1a: Charizard|337\/359 tox|[from] psn
|-damage|p2a: Porygon2|328\/374 brn|[from] brn
|turn|4
|c|%AM|are porygon2 ruining the metagame?
|c|%AM|hmmmm
|c|âJukain|o its wisp zard
|c| BibarelThump|tfw stall zard
|c|âJukain|k
|c|âJukain|welp
|c|âJukain|rip zard
|
|switch|p1a: Sylveon|Sylveon, F|394\/394
|move|p2a: Porygon2|Ice Beam|p1a: Sylveon
|-damage|p1a: Sylveon|336\/394
|
|-heal|p1a: Sylveon|360\/394|[from] item: Leftovers
|-damage|p2a: Porygon2|282\/374 brn|[from] brn
|turn|5
|c| gamerguy1123|Welp heal Bell
|c|%AM|oh wisp zard so now it's S rank right? lol
|join|qwazz
|c| BibarelThump|not gonna lie tha is a beautiful pixilate porygon2
|
|switch|p2a: Slowbro|Slowbro, M|331\/331
|move|p1a: Sylveon|Heal Bell|p1a: Sylveon
|-cureteam|p1a: Sylveon|[from] move: HealBell
|
|-heal|p1a: Sylveon|384\/394|[from] item: Leftovers
|turn|6
|c| Louisxd|-_
|
|switch|p1a: Rotom-Wash|Rotom-Wash|304\/304
|detailschange|p2a: Slowbro|Slowbro-Mega, M
|message|Slowbro has Mega Evolved into Mega Slowbro!
|move|p2a: Slowbro|Calm Mind|p2a: Slowbro
|-boost|p2a: Slowbro|spa|1
|-boost|p2a: Slowbro|spd|1
|
|turn|7
|leave|Austin
|c|%AM|our lord and savior
|c| BibarelThump|yessss
|
|move|p1a: Rotom-Wash|Will-O-Wisp|p2a: Slowbro
|-status|p2a: Slowbro|brn
|move|p2a: Slowbro|Scald|p1a: Rotom-Wash
|-resisted|p1a: Rotom-Wash
|-damage|p1a: Rotom-Wash|225\/304
|
|-heal|p1a: Rotom-Wash|244\/304|[from] item: Leftovers
|-damage|p2a: Slowbro|290\/331 brn|[from] brn
|turn|8
|c|%AM|m-slowbro
|c| BibarelThump|I love seeing bro just
|join|m00n's blanket
|c| BibarelThump|magically revive
|
|move|p1a: Rotom-Wash|Volt Switch|p2a: Slowbro
|-supereffective|p2a: Slowbro
|-damage|p2a: Slowbro|182\/331 brn
|
|switch|p1a: Ferrothorn|Ferrothorn, M|352\/352
|move|p2a: Slowbro|Scald|p1a: Ferrothorn
|-resisted|p1a: Ferrothorn
|-damage|p1a: Ferrothorn|289\/352
|-status|p1a: Ferrothorn|brn
|
|-heal|p1a: Ferrothorn|311\/352 brn|[from] item: Leftovers
|-damage|p2a: Slowbro|141\/331 brn|[from] brn
|-damage|p1a: Ferrothorn|267\/352 brn|[from] brn
|turn|9
|c| Louisxd|nice and slowbro'd
|c| BibarelThump|tbh spdef bro is the way to go
|
|move|p2a: Slowbro|Slack Off|p2a: Slowbro
|-heal|p2a: Slowbro|307\/331 brn
|move|p1a: Ferrothorn|Spikes|p2a: Slowbro
|-sidestart|p2: Jukain|Spikes
|
|-heal|p1a: Ferrothorn|289\/352 brn|[from] item: Leftovers
|-damage|p2a: Slowbro|266\/331 brn|[from] brn
|-damage|p1a: Ferrothorn|245\/352 brn|[from] brn
|turn|10
|c|%AM|pretty sure
|join|Trilodon
|c|%AM|he's running special defense
|
|switch|p2a: Landorus-Therian|Landorus-Therian, M|323\/323
|-ability|p2a: Landorus-Therian|Intimidate|[of] p1a: Ferrothorn
|-unboost|p1a: Ferrothorn|atk|1
|move|p1a: Ferrothorn|Leech Seed|p2a: Landorus-Therian
|-start|p2a: Landorus-Therian|move: Leech Seed
|
|-heal|p1a: Ferrothorn|267\/352 brn|[from] item: Leftovers
|-damage|p2a: Landorus-Therian|283\/323|[from] Leech Seed|[of] p1a: Ferrothorn
|-heal|p1a: Ferrothorn|307\/352 brn|[silent]
|-damage|p1a: Ferrothorn|263\/352 brn|[from] brn
|turn|11
|c| BibarelThump|lmao this is gg right here
|c| BibarelThump|noooo
|c|%AM|since it's double dance
|c| Louisxd|lol
|c| m00n's blanket|double dance bro is a thing now
|c| Louisxd|is it double dance
|c| Louisxd|oml
|c| BibarelThump|yeah this bro set is good
|join|Shadow Poochyena
|join|Landorus
|c|%AM|unless jukain likes being a jackass and running
|c| m00n's blanket|calm mind and what tho?
|c| BibarelThump|consider bro can check anything and get a free CM
|c|%AM|Iron Defense + defense investment
|c|âJukain|nah im running
|
|switch|p1a: Rotom-Wash|Rotom-Wash|244\/304
|move|p2a: Landorus-Therian|Stealth Rock|p1a: Rotom-Wash
|-sidestart|p1: Hiye|move: Stealth Rock
|
|-heal|p1a: Rotom-Wash|263\/304|[from] item: Leftovers
|-damage|p2a: Landorus-Therian|243\/323|[from] Leech Seed|[of] p1a: Rotom-Wash
|-heal|p1a: Rotom-Wash|303\/304|[silent]
|turn|12
|
|move|p2a: Landorus-Therian|U-turn|p1a: Rotom-Wash
|-damage|p1a: Rotom-Wash|235\/304
|c| BibarelThump|iron defense, slack, scald
|
|switch|p2a: Latios|Latios, M|301\/301
|move|p1a: Rotom-Wash|Volt Switch|p2a: Latios
|-resisted|p2a: Latios
|-damage|p2a: Latios|265\/301
|c|âJukain|a normal spread.
|
|switch|p1a: Excadrill|Excadrill, F|417\/417
|-damage|p1a: Excadrill|404\/417|[from] Stealth Rock
|-ability|p1a: Excadrill|Mold Breaker
|
|-heal|p1a: Excadrill|417\/417|[from] item: Leftovers
|turn|13
|
|switch|p2a: Landorus-Therian|Landorus-Therian, M|243\/323
|-ability|p2a: Landorus-Therian|Intimidate|[of] p1a: Excadrill
|-unboost|p1a: Excadrill|atk|1
|move|p1a: Excadrill|Rapid Spin|p2a: Landorus-Therian
|-damage|p2a: Landorus-Therian|227\/323
|-sideend|p1: Hiye|Stealth Rock|[from] move: Rapid Spin|[of] p1a: Excadrill
|
|turn|14
|join|beppityboopbop
|
|switch|p1a: Rotom-Wash|Rotom-Wash|235\/304
|move|p2a: Landorus-Therian|Stealth Rock|p1a: Rotom-Wash
|-sidestart|p1: Hiye|move: Stealth Rock
|
|-heal|p1a: Rotom-Wash|254\/304|[from] item: Leftovers
|turn|15
|c|%AM|> normal
|c|%AM|> jukain
|c|%AM|> gtfo
|
|move|p2a: Landorus-Therian|U-turn|p1a: Rotom-Wash
|-crit|p1a: Rotom-Wash
|-damage|p1a: Rotom-Wash|147\/304
|
|switch|p2a: Latios|Latios, M|265\/301
|move|p1a: Rotom-Wash|Hydro Pump|p2a: Latios
|-resisted|p2a: Latios
|-damage|p2a: Latios|200\/301
|
|-heal|p1a: Rotom-Wash|166\/304|[from] item: Leftovers
|turn|16
|c| BibarelThump|tfw Jukain definition of normal
|
|switch|p2a: Landorus-Therian|Landorus-Therian, M|227\/323
|-ability|p2a: Landorus-Therian|Intimidate|[of] p1a: Rotom-Wash
|-unboost|p1a: Rotom-Wash|atk|1
|switch|p1a: Excadrill|Excadrill, F|417\/417
|-damage|p1a: Excadrill|404\/417|[from] Stealth Rock
|-ability|p1a: Excadrill|Mold Breaker
|
|-heal|p1a: Excadrill|417\/417|[from] item: Leftovers
|turn|17
|
|move|p2a: Landorus-Therian|U-turn|p1a: Excadrill
|-resisted|p1a: Excadrill
|-damage|p1a: Excadrill|340\/417
|
|switch|p2a: Keldeo|Keldeo|323\/323
|-damage|p2a: Keldeo|283\/323|[from] Spikes
|move|p1a: Excadrill|Rapid Spin|p2a: Keldeo
|-damage|p2a: Keldeo|259\/323
|-sideend|p1: Hiye|Stealth Rock|[from] move: Rapid Spin|[of] p1a: Excadrill
|
|-heal|p1a: Excadrill|366\/417|[from] item: Leftovers
|turn|18
|c| BibarelThump|tfw not balloon
|
|switch|p1a: Latias|Latias, F|301\/301
|move|p2a: Keldeo|Icy Wind|p1a: Latias
|-miss|p2a: Keldeo|p1a: Latias
|
|turn|19
|c|%AM|scarf spin
|c| beppityboopbop|i heard this rumour somewhere
|c|âJukain|:\
|c| beppityboopbop|that lando learns a move that isn't u-turn
|c| m00n's blanket|jajaja
|c|%AM|that's going to sweep obviously
|c| BibarelThump|scarf sand rush rock tomb imo
|c|âJukain|i needed that to hit.
|c| m00n's blanket|95 acc
|c| m00n's blanket|well it didnt
|c| m00n's blanket|how u feel
|c|âJukain|stfu ll
|c|%AM|how does icy wind miss
|c|%AM|it's wind
|c|âJukain|lol
|
|switch|p2a: Bisharp|Bisharp, M|271\/271
|-damage|p2a: Bisharp|238\/271|[from] Spikes
|switch|p1a: Charizard|Charizard-Mega-X, F|337\/359
|
|turn|20
|c| Zagmzp|i dont believe you beppity
|leave|Honchkrow Love
|
|switch|p2a: Slowbro|Slowbro-Mega, M|266\/331 brn
|-damage|p2a: Slowbro|225\/331 brn|[from] Spikes
|move|p1a: Charizard|Will-O-Wisp|p2a: Slowbro
|-fail|p2a: Slowbro|brn
|
|-damage|p2a: Slowbro|184\/331 brn|[from] brn
|turn|21
|c| BibarelThump|try choosing rock slide over stone edge for accuracy on a scarf terrakion, only to lose that bet
|
|move|p1a: Charizard|Dragon Dance|p1a: Charizard
|-boost|p1a: Charizard|atk|1
|-boost|p1a: Charizard|spe|1
|move|p2a: Slowbro|Slack Off|p2a: Slowbro
|-heal|p2a: Slowbro|331\/331 brn
|
|-damage|p2a: Slowbro|290\/331 brn|[from] brn
|turn|22
|c| BibarelThump|and miss slide
|c| BibarelThump|the ddance is here
|
|move|p1a: Charizard|Dragon Dance|p1a: Charizard
|-boost|p1a: Charizard|atk|1
|-boost|p1a: Charizard|spe|1
|move|p2a: Slowbro|Iron Defense|p2a: Slowbro
|-boost|p2a: Slowbro|def|2
|
|-damage|p2a: Slowbro|249\/331 brn|[from] brn
|turn|23
|c| BibarelThump|oml
|join|Underwater Smile
|c|%AM|wow
|c| Zagmzp|like how mob won earlier
|
|switch|p1a: Latias|Latias, F|301\/301
|move|p2a: Slowbro|Slack Off|p2a: Slowbro
|-heal|p2a: Slowbro|331\/331 brn
|
|-damage|p2a: Slowbro|290\/331 brn|[from] brn
|turn|24
|c|%AM|this
|c|%AM|nvm
|c| BibarelThump|tfw
|
|switch|p1a: Charizard|Charizard-Mega-X, F|337\/359
|move|p2a: Slowbro|Slack Off|p2a: Slowbro
|-heal|p2a: Slowbro|331\/331 brn
|
|-damage|p2a: Slowbro|290\/331 brn|[from] brn
|turn|25
|c|%AM|thought that was going to decide match
|c|âJukain|2 can play at that game
|
|switch|p1a: Rotom-Wash|Rotom-Wash|166\/304
|move|p2a: Slowbro|Calm Mind|p2a: Slowbro
|-boost|p2a: Slowbro|spa|1
|-boost|p2a: Slowbro|spd|1
|
|-heal|p1a: Rotom-Wash|185\/304|[from] item: Leftovers
|-damage|p2a: Slowbro|249\/331 brn|[from] brn
|turn|26
|
|move|p1a: Rotom-Wash|Volt Switch|p2a: Slowbro
|-supereffective|p2a: Slowbro
|-damage|p2a: Slowbro|139\/331 brn
|
|switch|p1a: Ferrothorn|Ferrothorn, M|263\/352 brn
|move|p2a: Slowbro|Slack Off|p2a: Slowbro
|-heal|p2a: Slowbro|305\/331 brn
|
|-heal|p1a: Ferrothorn|285\/352 brn|[from] item: Leftovers
|-damage|p2a: Slowbro|264\/331 brn|[from] brn
|-damage|p1a: Ferrothorn|241\/352 brn|[from] brn
|turn|27
|c| m00n's blanket|am he has a lati
|join|Alakabamm
|
|move|p2a: Slowbro|Scald|p1a: Ferrothorn
|-resisted|p1a: Ferrothorn
|-damage|p1a: Ferrothorn|173\/352 brn
|move|p1a: Ferrothorn|Leech Seed|p2a: Slowbro
|-start|p2a: Slowbro|move: Leech Seed
|
|-heal|p1a: Ferrothorn|195\/352 brn|[from] item: Leftovers
|-damage|p2a: Slowbro|223\/331 brn|[from] Leech Seed|[of] p1a: Ferrothorn
|-heal|p1a: Ferrothorn|236\/352 brn|[silent]
|-damage|p2a: Slowbro|182\/331 brn|[from] brn
|-damage|p1a: Ferrothorn|192\/352 brn|[from] brn
|turn|28
|c| beppityboopbop|megabro is aids
|c|%AM|lol latias
|
|move|p2a: Slowbro|Slack Off|p2a: Slowbro
|-heal|p2a: Slowbro|331\/331 brn
|move|p1a: Ferrothorn|Leech Seed|p2a: Slowbro|[miss]
|-miss|p1a: Ferrothorn|p2a: Slowbro
|
|-heal|p1a: Ferrothorn|214\/352 brn|[from] item: Leftovers
|-damage|p2a: Slowbro|290\/331 brn|[from] Leech Seed|[of] p1a: Ferrothorn
|-heal|p1a: Ferrothorn|255\/352 brn|[silent]
|-damage|p2a: Slowbro|249\/331 brn|[from] brn
|-damage|p1a: Ferrothorn|211\/352 brn|[from] brn
|turn|29
|c| m00n's blanket|and i joined late so idk but his sylveon could be specs
|c|%AM|was uu at one point in time
|
|switch|p2a: Landorus-Therian|Landorus-Therian, M|227\/323
|-ability|p2a: Landorus-Therian|Intimidate|[of] p1a: Ferrothorn
|-unboost|p1a: Ferrothorn|atk|1
|switch|p1a: Rotom-Wash|Rotom-Wash|185\/304
|
|-heal|p1a: Rotom-Wash|204\/304|[from] item: Leftovers
|turn|30
|c| BibarelThump|tfw
|c| Alakabamm|needs more toxic for megabro
|c| BibarelThump|no whip
|c|%AM|I doubt it's specs tbh
|c| m00n's blanket|it was also ubers
|
|move|p2a: Landorus-Therian|U-turn|p1a: Rotom-Wash
|-damage|p1a: Rotom-Wash|139\/304
|c| m00n's blanket|i think
|
|switch|p2a: Latios|Latios, M|200\/301
|move|p1a: Rotom-Wash|Hydro Pump|p2a: Latios
|-resisted|p2a: Latios
|-damage|p2a: Latios|140\/301
|
|-heal|p1a: Rotom-Wash|158\/304|[from] item: Leftovers
|turn|31
|c| m00n's blanket|idk
|join|epicjelly1
|c| BibarelThump|question
|c| beppityboopbop|slowbro was never ubers
|c| BibarelThump|this is genuine
|c| m00n's blanket|gen 3 no?
|c| m00n's blanket|not slowbro
|
|switch|p1a: Sylveon|Sylveon, F|384\/394
|move|p2a: Latios|Psyshock|p1a: Sylveon
|-damage|p1a: Sylveon|209\/394
|-damage|p2a: Latios|110\/301|[from] item: Life Orb
|
|-heal|p1a: Sylveon|233\/394|[from] item: Leftovers
|turn|32
|c| beppityboopbop|nae, lad
|c| BibarelThump|soul dew is an official item now, why isn't it allowed in OU
|
|switch|p2a: Porygon2|Porygon2|282\/374 brn
|-damage|p2a: Porygon2|236\/374 brn|[from] Spikes
|-ability|p2a: Porygon2|Pixilate|[from] ability: Trace|[of] p1a: Sylveon
|move|p1a: Sylveon|Wish|p1a: Sylveon
|
|-heal|p1a: Sylveon|257\/394|[from] item: Leftovers
|-damage|p2a: Porygon2|190\/374 brn|[from] brn
|turn|33
|c|%AM|defensive probably
|c|%AM|yeah
|c| BibarelThump|or is it allowed
|c|%AM|figures
|c| Alakabamm|because soul dew is super powerful
|
|move|p2a: Porygon2|Recover|p2a: Porygon2
|-heal|p2a: Porygon2|374\/374 brn
|move|p1a: Sylveon|Heal Bell|p1a: Sylveon
|-cureteam|p1a: Sylveon|[from] move: HealBell
|
|-heal|p1a: Sylveon|394\/394|[from] move: Wish|[wisher] Sylveon
|-damage|p2a: Porygon2|328\/374 brn|[from] brn
|turn|34
|c| beppityboopbop|BibarelThump because it's borked
|c|%AM|soul dew isn't allowed in ou
|c| Alakabamm|boosts to attack and defense for no cost?
|c| BibarelThump|where was the quick ban decision though
|c| BibarelThump|I don't see it
|c| m00n's blanket|latias
|c| m00n's blanket|hiye w-why run defensive sylveon
|c| Alakabamm|its like an instant calm mind
|c| m00n's blanket|fucking lag
|
|switch|p2a: Bisharp|Bisharp, M|238\/271
|-damage|p2a: Bisharp|205\/271|[from] Spikes
|move|p1a: Sylveon|Wish|p1a: Sylveon
|
|turn|35
|c| beppityboopbop|It was banned last gen
|
|switch|p1a: Charizard|Charizard-Mega-X, F|337\/359
|move|p2a: Bisharp|Swords Dance|p2a: Bisharp
|-boost|p2a: Bisharp|atk|2
|
|-heal|p1a: Charizard|359\/359|[from] move: Wish|[wisher] Sylveon
|turn|36
|c| BibarelThump|yeah
|c| Alakabamm|there was no quick ban, its been banned
|c| beppityboopbop|So I guess they decided to continue it
|
|move|p1a: Charizard|Will-O-Wisp|p2a: Bisharp
|-status|p2a: Bisharp|brn
|move|p2a: Bisharp|Knock Off|p1a: Charizard
|-damage|p1a: Charizard|246\/359
|-damage|p2a: Bisharp|178\/271 brn|[from] item: Life Orb
|
|-damage|p2a: Bisharp|145\/271 brn|[from] brn
|turn|37
|c| BibarelThump|I thought it's merely existed
|c|%AM|jesus lord those spikes are annoying
|
|switch|p2a: Landorus-Therian|Landorus-Therian, M|227\/323
|-ability|p2a: Landorus-Therian|Intimidate|[of] p1a: Charizard
|-unboost|p1a: Charizard|atk|1
|move|p1a: Charizard|Dragon Dance|p1a: Charizard
|-boost|p1a: Charizard|atk|1
|-boost|p1a: Charizard|spe|1
|
|turn|38
|c| BibarelThump|in the back of the coding
|
|move|p1a: Charizard|Will-O-Wisp|p2a: Landorus-Therian
|-status|p2a: Landorus-Therian|brn
|move|p2a: Landorus-Therian|Earthquake|p1a: Charizard
|-supereffective|p1a: Charizard
|-damage|p1a: Charizard|36\/359
|
|-damage|p2a: Landorus-Therian|187\/323 brn|[from] brn
|turn|39
|c| beppityboopbop|They don't consider every Uber for a reban, I guess
|c|%AM|wow
|c| BibarelThump|rip roost
|c| beppityboopbop|So why is soul dew diff?
|c|%AM|willowisp ddance
|
|switch|p1a: Latias|Latias, F|301\/301
|move|p2a: Landorus-Therian|Stealth Rock|p1a: Latias
|-sidestart|p1: Hiye|move: Stealth Rock
|
|-damage|p2a: Landorus-Therian|147\/323 brn|[from] brn
|turn|40
|c| BibarelThump|tfw NOT SCARF
|c| Alakabamm|because its an instant calm mind
|c| Alakabamm|on an s ranked OU pokemon
|
|move|p1a: Latias|Hidden Power|p2a: Landorus-Therian
|-damage|p2a: Landorus-Therian|43\/323 brn
|-damage|p1a: Latias|271\/301|[from] item: Life Orb
|move|p2a: Landorus-Therian|U-turn|p1a: Latias
|-supereffective|p1a: Latias
|-damage|p1a: Latias|165\/301
|c| Alakabamm|and whatever latias is ranked
|join|ericzamo
|
|switch|p2a: Latios|Latios, M|110\/301
|
|turn|41
|c| m00n's blanket|A+ I THINK
|c| Underwater Smile|speed tie yo
|c| m00n's blanket|FUCKING CAPS LOCK
|
|switch|p1a: Excadrill|Excadrill, F|366\/417
|-damage|p1a: Excadrill|353\/417|[from] Stealth Rock
|-ability|p1a: Excadrill|Mold Breaker
|move|p2a: Latios|Draco Meteor|p1a: Excadrill
|-resisted|p1a: Excadrill
|-damage|p1a: Excadrill|211\/417
|-unboost|p2a: Latios|spa|2
|-damage|p2a: Latios|80\/301|[from] item: Life Orb
|
|-heal|p1a: Excadrill|237\/417|[from] item: Leftovers
|turn|42
|c| m00n's blanket|gosh
|
|switch|p2a: Keldeo|Keldeo|259\/323
|-damage|p2a: Keldeo|219\/323|[from] Spikes
|move|p1a: Excadrill|Rapid Spin|p2a: Keldeo
|-damage|p2a: Keldeo|194\/323
|-sideend|p1: Hiye|Stealth Rock|[from] move: Rapid Spin|[of] p1a: Excadrill
|
|-heal|p1a: Excadrill|263\/417|[from] item: Leftovers
|turn|43
|
|switch|p1a: Sylveon|Sylveon, F|394\/394
|move|p2a: Keldeo|Secret Sword|p1a: Sylveon
|-crit|p1a: Sylveon
|-resisted|p1a: Sylveon
|-damage|p1a: Sylveon|285\/394
|
|-heal|p1a: Sylveon|309\/394|[from] item: Leftovers
|turn|44
|
|switch|p2a: Porygon2|Porygon2|328\/374 brn
|-damage|p2a: Porygon2|282\/374 brn|[from] Spikes
|-ability|p2a: Porygon2|Pixilate|[from] ability: Trace|[of] p1a: Sylveon
|move|p1a: Sylveon|Hyper Voice|p2a: Porygon2
|-damage|p2a: Porygon2|194\/374 brn
|
|-heal|p1a: Sylveon|333\/394|[from] item: Leftovers
|-damage|p2a: Porygon2|148\/374 brn|[from] brn
|turn|45
|
|switch|p1a: Charizard|Charizard-Mega-X, F|36\/359
|move|p2a: Porygon2|Recover|p2a: Porygon2
|-heal|p2a: Porygon2|335\/374 brn
|
|-damage|p2a: Porygon2|289\/374 brn|[from] brn
|turn|46
|
|move|p1a: Charizard|Roost|p1a: Charizard
|-heal|p1a: Charizard|216\/359
|move|p2a: Porygon2|Ice Beam|p1a: Charizard
|-damage|p1a: Charizard|134\/359
|
|-damage|p2a: Porygon2|243\/374 brn|[from] brn
|turn|47
|c| BibarelThump|nice and pixilate'd
|c| BibarelThump|whyyyy
|
|move|p1a: Charizard|Roost|p1a: Charizard
|-heal|p1a: Charizard|314\/359
|move|p2a: Porygon2|Toxic|p1a: Charizard
|-status|p1a: Charizard|tox
|
|-damage|p1a: Charizard|292\/359 tox|[from] psn
|-damage|p2a: Porygon2|197\/374 brn|[from] brn
|turn|48
|c| BibarelThump|tri attack alreadyyy
|c| Alakabamm|and there is the free roost
|
|switch|p1a: Sylveon|Sylveon, F|333\/394
|move|p2a: Porygon2|Recover|p2a: Porygon2
|-heal|p2a: Porygon2|374\/374 brn
|
|-heal|p1a: Sylveon|357\/394|[from] item: Leftovers
|-damage|p2a: Porygon2|328\/374 brn|[from] brn
|turn|49
|
|move|p1a: Sylveon|Heal Bell|p1a: Sylveon
|-cureteam|p1a: Sylveon|[from] move: HealBell
|move|p2a: Porygon2|Toxic|p1a: Sylveon
|-status|p1a: Sylveon|tox
|
|-heal|p1a: Sylveon|381\/394 tox|[from] item: Leftovers
|-damage|p1a: Sylveon|357\/394 tox|[from] psn
|-damage|p2a: Porygon2|282\/374 brn|[from] brn
|turn|50
|c| Underwater Smile|inc freeze
|
|switch|p1a: Ferrothorn|Ferrothorn, M|211\/352
|move|p2a: Porygon2|Ice Beam|p1a: Ferrothorn
|-damage|p1a: Ferrothorn|155\/352
|
|-heal|p1a: Ferrothorn|177\/352|[from] item: Leftovers
|-damage|p2a: Porygon2|236\/374 brn|[from] brn
|turn|51
|c| BibarelThump|jukain you disappoint me with going for recover
|
|move|p2a: Porygon2|Ice Beam|p1a: Ferrothorn
|-damage|p1a: Ferrothorn|123\/352
|move|p1a: Ferrothorn|Leech Seed|p2a: Porygon2|[miss]
|-miss|p1a: Ferrothorn|p2a: Porygon2
|
|-heal|p1a: Ferrothorn|145\/352|[from] item: Leftovers
|-damage|p2a: Porygon2|190\/374 brn|[from] brn
|turn|52
|
|move|p2a: Porygon2|Ice Beam|p1a: Ferrothorn
|-damage|p1a: Ferrothorn|86\/352
|-status|p1a: Ferrothorn|frz
|cant|p1a: Ferrothorn|frz
|
|-heal|p1a: Ferrothorn|108\/352 frz|[from] item: Leftovers
|-damage|p2a: Porygon2|144\/374 brn|[from] brn
|turn|53
|
|move|p2a: Porygon2|Recover|p2a: Porygon2
|-heal|p2a: Porygon2|331\/374 brn
|cant|p1a: Ferrothorn|frz
|
|-heal|p1a: Ferrothorn|130\/352 frz|[from] item: Leftovers
|-damage|p2a: Porygon2|285\/374 brn|[from] brn
|turn|54
|
|switch|p2a: Keldeo|Keldeo|194\/323
|-damage|p2a: Keldeo|154\/323|[from] Spikes
|cant|p1a: Ferrothorn|frz
|
|-heal|p1a: Ferrothorn|152\/352 frz|[from] item: Leftovers
|turn|55
|c| Underwater Smile|the stall is real
|c| Alakabamm|LOL
|join|l123
|c| BibarelThump|also why hasn't ferro learned spiky shield yet
|c| Underwater Smile|there it is
|c| BibarelThump|it would literally be
|c| BibarelThump|perfect
|c| Alakabamm|I would feel bad for the ferro, but then again, its a ferrothorn
|
|switch|p2a: Bisharp|Bisharp, M|145\/271 brn
|-damage|p2a: Bisharp|112\/271 brn|[from] Spikes
|switch|p1a: Latias|Latias, F|165\/301
|
|-damage|p2a: Bisharp|79\/271 brn|[from] brn
|turn|56
|c| m00n's blanket|ferro getting spiky shield would be so damn good
|
|switch|p1a: Charizard|Charizard-Mega-X, F|292\/359
|move|p2a: Bisharp|Sucker Punch|p1a: Charizard
|-fail|p1a: Charizard
|
|-damage|p2a: Bisharp|46\/271 brn|[from] brn
|turn|57
|c| BibarelThump|PURSUIT PLSS
|c| Underwater Smile|rip
|c| Trilodon|RETWEET BIBAREL
|leave|BibarelThump
|
|switch|p2a: Landorus-Therian|Landorus-Therian, M|43\/323 brn
|-ability|p2a: Landorus-Therian|Intimidate|[of] p1a: Charizard
|-unboost|p1a: Charizard|atk|1
|move|p1a: Charizard|Dragon Dance|p1a: Charizard
|-boost|p1a: Charizard|atk|1
|-boost|p1a: Charizard|spe|1
|
|-damage|p2a: Landorus-Therian|3\/323 brn|[from] brn
|turn|58
|c| m00n's blanket|and is this bulky offense or stall
|
|move|p1a: Charizard|Dragon Claw|p2a: Landorus-Therian
|-damage|p2a: Landorus-Therian|0 fnt
|faint|p2a: Landorus-Therian
|
|
|switch|p2a: Slowbro|Slowbro-Mega, M|249\/331 brn
|-damage|p2a: Slowbro|208\/331 brn|[from] Spikes
|turn|59
|
|switch|p1a: Sylveon|Sylveon, F|357\/394 tox
|move|p2a: Slowbro|Slack Off|p2a: Slowbro
|-heal|p2a: Slowbro|331\/331 brn
|
|-heal|p1a: Sylveon|381\/394 tox|[from] item: Leftovers
|-damage|p1a: Sylveon|357\/394 tox|[from] psn
|-damage|p2a: Slowbro|290\/331 brn|[from] brn
|turn|60
|
|move|p1a: Sylveon|Heal Bell|p1a: Sylveon
|-cureteam|p1a: Sylveon|[from] move: HealBell
|move|p2a: Slowbro|Calm Mind|p2a: Slowbro
|-boost|p2a: Slowbro|spa|1
|-boost|p2a: Slowbro|spd|1
|
|-heal|p1a: Sylveon|381\/394|[from] item: Leftovers
|-damage|p2a: Slowbro|249\/331 brn|[from] brn
|turn|61
|join|Aaron Pinkman
|c| Alakabamm|looks more balance than bulk offense
|
|switch|p1a: Rotom-Wash|Rotom-Wash|158\/304
|move|p2a: Slowbro|Scald|p1a: Rotom-Wash
|-resisted|p1a: Rotom-Wash
|-damage|p1a: Rotom-Wash|77\/304
|-status|p1a: Rotom-Wash|brn
|
|-heal|p1a: Rotom-Wash|96\/304 brn|[from] item: Leftovers
|-damage|p1a: Rotom-Wash|58\/304 brn|[from] brn
|-damage|p2a: Slowbro|208\/331 brn|[from] brn
|turn|62
|
|move|p1a: Rotom-Wash|Volt Switch|p2a: Slowbro
|-supereffective|p2a: Slowbro
|-damage|p2a: Slowbro|100\/331 brn
|
|switch|p1a: Ferrothorn|Ferrothorn, M|152\/352
|move|p2a: Slowbro|Slack Off|p2a: Slowbro
|-heal|p2a: Slowbro|266\/331 brn
|
|-heal|p1a: Ferrothorn|174\/352|[from] item: Leftovers
|-damage|p2a: Slowbro|225\/331 brn|[from] brn
|turn|63
|
|move|p2a: Slowbro|Scald|p1a: Ferrothorn
|-resisted|p1a: Ferrothorn
|-damage|p1a: Ferrothorn|101\/352
|move|p1a: Ferrothorn|Leech Seed|p2a: Slowbro
|-start|p2a: Slowbro|move: Leech Seed
|
|-heal|p1a: Ferrothorn|123\/352|[from] item: Leftovers
|-damage|p2a: Slowbro|184\/331 brn|[from] Leech Seed|[of] p1a: Ferrothorn
|-heal|p1a: Ferrothorn|164\/352|[silent]
|-damage|p2a: Slowbro|143\/331 brn|[from] brn
|turn|64
|
|move|p2a: Slowbro|Slack Off|p2a: Slowbro
|-heal|p2a: Slowbro|309\/331 brn
|move|p1a: Ferrothorn|Spikes|p2a: Slowbro
|-sidestart|p2: Jukain|Spikes
|
|-heal|p1a: Ferrothorn|186\/352|[from] item: Leftovers
|-damage|p2a: Slowbro|268\/331 brn|[from] Leech Seed|[of] p1a: Ferrothorn
|-heal|p1a: Ferrothorn|227\/352|[silent]
|-damage|p2a: Slowbro|227\/331 brn|[from] brn
|turn|65
|
|switch|p2a: Keldeo|Keldeo|154\/323
|-damage|p2a: Keldeo|101\/323|[from] Spikes
|move|p1a: Ferrothorn|Spikes|p2a: Keldeo
|-sidestart|p2: Jukain|Spikes
|
|-heal|p1a: Ferrothorn|249\/352|[from] item: Leftovers
|turn|66
|c| Underwater Smile|sad megabro
|
|switch|p2a: Porygon2|Porygon2|285\/374 brn
|-damage|p2a: Porygon2|192\/374 brn|[from] Spikes
|-ability|p2a: Porygon2|Iron Barbs|[from] ability: Trace|[of] p1a: Ferrothorn
|move|p1a: Ferrothorn|Protect|p1a: Ferrothorn
|-fail|p1a: Ferrothorn
|
|-heal|p1a: Ferrothorn|271\/352|[from] item: Leftovers
|-damage|p2a: Porygon2|146\/374 brn|[from] brn
|turn|67
|c|âJukain|this matchup is awful lol
|join|Friytrr
|c|âJukain|p much gg dude
|
|move|p2a: Porygon2|Ice Beam|p1a: Ferrothorn
|-damage|p1a: Ferrothorn|215\/352
|move|p1a: Ferrothorn|Leech Seed|p2a: Porygon2
|-start|p2a: Porygon2|move: Leech Seed
|
|-heal|p1a: Ferrothorn|237\/352|[from] item: Leftovers
|-damage|p2a: Porygon2|100\/374 brn|[from] Leech Seed|[of] p1a: Ferrothorn
|-heal|p1a: Ferrothorn|283\/352|[silent]
|-damage|p2a: Porygon2|54\/374 brn|[from] brn
|turn|68
|c| l123|why is Jukains whole team burned?
|c| l123|what happen?
|c| m00n's blanket|charx
|c| Alakabamm|will o wisp
|c| Underwater Smile|fire happened
|leave|epicjelly1
|c| Zagmzp|hiye too hot
|
|switch|p1a: Sylveon|Sylveon, F|381\/394
|move|p2a: Porygon2|Recover|p2a: Porygon2
|-heal|p2a: Porygon2|241\/374 brn
|
|-heal|p1a: Sylveon|394\/394|[from] item: Leftovers
|-damage|p2a: Porygon2|195\/374 brn|[from] Leech Seed|[of] p1a: Sylveon
|-damage|p2a: Porygon2|149\/374 brn|[from] brn
|turn|69
|c| l123|his whole team tho
|-message|Jukain forfeited.
|
|win|Hiye
|leave|Jukain
|player|p2
|leave|Friytrr
|leave|zach27
|leave|Alakabamm
|leave|l123
|leave|Reddragonn
|leave|Hiye
|player|p1
|leave|Maiora
|leave|Zagmzp
|leave|beppityboopbop
|leave|ericzamo
|leave|Underwater Smile
|leave|Trilodon
|leave|nhlfan
|leave|m00n's blanket
|leave|AM
|leave|gamerguy1123
|leave|qwazz
|leave|Shadow Poochyena
|leave|Landorus
|leave|Louisxd