|join|heavy hits
|join|Hiye
|player|p1|heavy hits|291
|player|p2|Hiye|101
|gametype|singles
|gen|6
|tier|OU
|clearpoke
|poke|p1|Talonflame, M
|poke|p1|Diancie
|poke|p1|Breloom, F
|poke|p1|Latios, M
|poke|p1|Keldeo
|poke|p1|Landorus-Therian, M
|poke|p2|Diancie
|poke|p2|Latias, F
|poke|p2|Heatran, M
|poke|p2|Landorus-Therian, M
|poke|p2|Celebi
|poke|p2|Greninja, M
|rule|Swagger Clause: Swagger is banned
|rule|Baton Pass Clause: Limit one PokÃ©mon knowing Baton Pass
|rule|Sleep Clause Mod: Limit one foe put to sleep
|rule|Species Clause: Limit one of each PokÃ©mon
|rule|OHKO Clause: OHKO moves are banned
|rule|Moody Clause: Moody is banned
|rule|Evasion Moves Clause: Evasion moves are banned
|rule|Endless Battle Clause: Forcing endless battles is banned
|rule|HP Percentage Mod: HP is shown in percentages
|teampreview
|c|âHiye|.
|c|âHiye|.
|c|âHiye|.
|c|âHiye|.
|c|âHiye|2nd same mega
|c|âHiye|LOL\
|c|âHiye|btw, ur last team was completely viable
|c|âheavy hits|o srs
|c|âHiye|in fact u used 5 S rank
|c|âheavy hits|wel
|c|âHiye|fgt
|
|start
|switch|p1a: Breloom|Breloom, F|262\/262
|switch|p2a: Diancie|Diancie|258\/258
|turn|1
|c|âHiye|rekt
|
|detailschange|p2a: Diancie|Diancie-Mega
|message|Diancie has Mega Evolved into Mega Diancie!
|move|p1a: Breloom|Bullet Seed|p2a: Diancie
|-supereffective|p2a: Diancie
|-damage|p2a: Diancie|107\/258
|-supereffective|p2a: Diancie
|-damage|p2a: Diancie|0 fnt
|-hitcount|p2a: Diancie|2
|-damage|p1a: Breloom|236\/262|[from] item: Life Orb
|faint|p2a: Diancie
|
|c|âheavy hits|..
|c|âHiye|WAIT WHAT
|
|switch|p2a: Celebi|Celebi|404\/404
|turn|2
|
|switch|p1a: Talonflame|Talonflame, M|297\/297
|move|p2a: Celebi|Stealth Rock|p1a: Talonflame
|-sidestart|p1: heavy hits|move: Stealth Rock
|
|turn|3
|c|âHiye|wtf I was gona twave niger
|
|switch|p2a: Heatran|Heatran, M|386\/386
|move|p1a: Talonflame|U-turn|p2a: Heatran
|-resisted|p2a: Heatran
|-damage|p2a: Heatran|361\/386
|
|switch|p1a: Keldeo|Keldeo|323\/323
|-damage|p1a: Keldeo|303\/323|[from] Stealth Rock
|
|-heal|p1a: Keldeo|323\/323|[from] item: Leftovers
|-heal|p2a: Heatran|385\/386|[from] item: Leftovers
|turn|4
|c|âHiye|WOW NIGER
|
|switch|p1a: Latios|Latios, M|302\/302
|-damage|p1a: Latios|265\/302|[from] Stealth Rock
|switch|p2a: Latias|Latias, F|299\/299
|
|turn|5
|c|âHiye|wow fagt
|
|move|p1a: Latios|Draco Meteor|p2a: Latias
|-supereffective|p2a: Latias
|-damage|p2a: Latias|0 fnt
|-unboost|p1a: Latios|spa|2
|faint|p2a: Latias
|
|c|âHiye|WOWOWOWO
|c|âheavy hits|bop
|c|âHiye|WON THE SPEEDTIE
|c|âHiye|I psychocked btw tho
|c|âheavy hits|scraf
|c|âheavy hits|im scref
|c|âHiye|ik
|
|switch|p2a: Greninja|Greninja, M|285\/285
|turn|6
|
|switch|p1a: Breloom|Breloom, F|236\/262
|-damage|p1a: Breloom|220\/262|[from] Stealth Rock
|move|p2a: Greninja|Gunk Shot|p1a: Breloom|[miss]
|-start|p2a: Greninja|typechange|Poison|[from] Protean
|-miss|p2a: Greninja|p1a: Breloom
|
|turn|7
|c|âHiye|. . .
|
|move|p2a: Greninja|Gunk Shot|p1a: Breloom
|-crit|p1a: Breloom
|-supereffective|p1a: Breloom
|-damage|p1a: Breloom|0 fnt
|-damage|p2a: Greninja|257\/285|[from] item: Life Orb
|faint|p1a: Breloom
|
|c|âHiye|niger
|
|switch|p1a: Latios|Latios, M|265\/302
|-damage|p1a: Latios|228\/302|[from] Stealth Rock
|turn|8
|c|âHiye|eq
|c|âHiye|do it
|c|âHiye|DO TI
|c|âHiye|or double to lando
|c|âheavy hits|psycock
|c|âHiye|o
|
|switch|p2a: Heatran|Heatran, M|385\/386
|move|p1a: Latios|Defog|p2a: Heatran
|-unboost|p2a: Heatran|evasion|1
|-sideend|p1: heavy hits|Stealth Rock|[from] move: Defog|[of] p1a: Latios
|
|-heal|p2a: Heatran|386\/386|[from] item: Leftovers
|turn|9
|c|âHiye|that's so nasty
|
|switch|p1a: Landorus-Therian|Landorus-Therian, M|381\/381
|-ability|p1a: Landorus-Therian|Intimidate|[of] p2a: Heatran
|-unboost|p2a: Heatran|atk|1
|move|p2a: Heatran|Toxic|p1a: Landorus-Therian
|-status|p1a: Landorus-Therian|tox
|
|-damage|p1a: Landorus-Therian|358\/381 tox|[from] psn
|turn|10
|c|âHiye|who risks tjht
|c|âHiye|wait
|c|âHiye|why do u always use SR lando
|c|âHiye|like legit
|c|âheavy hits|uim sr diancy
|c|âheavy hits|..
|
|switch|p2a: Greninja|Greninja, M|257\/285
|move|p1a: Landorus-Therian|Knock Off|p2a: Greninja
|-resisted|p2a: Greninja
|-damage|p2a: Greninja|186\/285
|-enditem|p2a: Greninja|Life Orb|[from] move: Knock Off|[of] p1a: Landorus-Therian
|
|-heal|p1a: Landorus-Therian|381\/381 tox|[from] item: Leftovers
|-damage|p1a: Landorus-Therian|335\/381 tox|[from] psn
|turn|11
|c|âHiye|o
|c|âHiye|REKETKEKRT
|
|move|p2a: Greninja|Gunk Shot|p1a: Landorus-Therian
|-start|p2a: Greninja|typechange|Poison|[from] Protean
|-resisted|p1a: Landorus-Therian
|-damage|p1a: Landorus-Therian|281\/381 tox
|move|p1a: Landorus-Therian|Earthquake|p2a: Greninja
|-supereffective|p2a: Greninja
|-damage|p2a: Greninja|0 fnt
|faint|p2a: Greninja
|
|-heal|p1a: Landorus-Therian|304\/381 tox|[from] item: Leftovers
|-damage|p1a: Landorus-Therian|235\/381 tox|[from] psn
|c|âHiye|ur legit horrible die in hell please
|c|âheavy hits|sry
|
|switch|p2a: Landorus-Therian|Landorus-Therian, M|319\/319
|-ability|p2a: Landorus-Therian|Intimidate|[of] p1a: Landorus-Therian
|-unboost|p1a: Landorus-Therian|atk|1
|turn|12
|c|âHiye|im just imitating qaz
|
|switch|p2a: Heatran|Heatran, M|386\/386
|move|p1a: Landorus-Therian|Stealth Rock|p2a: Heatran
|-sidestart|p2: Hiye|move: Stealth Rock
|
|-heal|p1a: Landorus-Therian|258\/381 tox|[from] item: Leftovers
|-damage|p1a: Landorus-Therian|166\/381 tox|[from] psn
|turn|13
|c|âHiye|WTF
|
|move|p2a: Heatran|Protect|p2a: Heatran
|-singleturn|p2a: Heatran|Protect
|move|p1a: Landorus-Therian|Knock Off|p2a: Heatran
|-activate|p2a: Heatran|Protect
|
|-heal|p1a: Landorus-Therian|189\/381 tox|[from] item: Leftovers
|-damage|p1a: Landorus-Therian|74\/381 tox|[from] psn
|turn|14
|
|switch|p2a: Celebi|Celebi|404\/404
|-damage|p2a: Celebi|354\/404|[from] Stealth Rock
|move|p1a: Landorus-Therian|U-turn|p2a: Celebi
|-supereffective|p2a: Celebi
|-damage|p2a: Celebi|206\/404
|c|âHiye|...
|c|âHiye|ur rly rly rly bad
|c|âheavy hits|death
|
|switch|p1a: Talonflame|Talonflame, M|297\/297
|
|-heal|p2a: Celebi|231\/404|[from] item: Leftovers
|turn|15
|
|switch|p2a: Heatran|Heatran, M|386\/386
|-damage|p2a: Heatran|338\/386|[from] Stealth Rock
|move|p1a: Talonflame|U-turn|p2a: Heatran
|-resisted|p2a: Heatran
|-damage|p2a: Heatran|314\/386
|
|switch|p1a: Diancie|Diancie|241\/241
|
|-heal|p2a: Heatran|338\/386|[from] item: Leftovers
|turn|16
|
|detailschange|p1a: Diancie|Diancie-Mega
|message|Diancie has Mega Evolved into Mega Diancie!
|move|p2a: Heatran|Protect|p2a: Heatran
|-singleturn|p2a: Heatran|Protect
|move|p1a: Diancie|Diamond Storm|p2a: Heatran
|-activate|p2a: Heatran|Protect
|
|-heal|p2a: Heatran|362\/386|[from] item: Leftovers
|turn|17
|c|âHiye|o nice
|c|âHiye|no earth
|c|âHiye|power
|
|switch|p2a: Landorus-Therian|Landorus-Therian, M|319\/319
|-damage|p2a: Landorus-Therian|280\/319|[from] Stealth Rock
|-ability|p2a: Landorus-Therian|Intimidate|[of] p1a: Diancie
|-unboost|p1a: Diancie|atk|1
|move|p1a: Diancie|Diamond Storm|p2a: Landorus-Therian
|-damage|p2a: Landorus-Therian|141\/319
|
|turn|18
|c|âHiye|WTF
|c|âHiye|IT GETS EARTH PWOER
|c|âHiye|DUMB NUT
|c|âheavy hits|..srs
|
|switch|p1a: Landorus-Therian|Landorus-Therian, M|74\/381 tox
|-ability|p1a: Landorus-Therian|Intimidate|[of] p2a: Landorus-Therian
|-unboost|p2a: Landorus-Therian|atk|1
|move|p2a: Landorus-Therian|Stone Edge|p1a: Landorus-Therian
|-crit|p1a: Landorus-Therian
|-damage|p1a: Landorus-Therian|0 fnt
|faint|p1a: Landorus-Therian
|
|c|âHiye|.......
|
|switch|p1a: Diancie|Diancie-Mega|241\/241
|turn|19
|
|move|p2a: Landorus-Therian|Stone Edge|p1a: Diancie
|-damage|p1a: Diancie|148\/241
|move|p1a: Diancie|Moonblast|p2a: Landorus-Therian
|-damage|p2a: Landorus-Therian|0 fnt
|faint|p2a: Landorus-Therian
|
|
|switch|p2a: Heatran|Heatran, M|362\/386
|-damage|p2a: Heatran|314\/386|[from] Stealth Rock
|turn|20
|
|move|p2a: Heatran|Protect|p2a: Heatran
|-singleturn|p2a: Heatran|Protect
|move|p1a: Diancie|Earth Power|p2a: Heatran
|-activate|p2a: Heatran|Protect
|
|-heal|p2a: Heatran|338\/386|[from] item: Leftovers
|turn|21
|c|âheavy hits|lol ur lovely
|c|âHiye|im gona
|c|âHiye|ur
|c|âHiye|I
|
|switch|p2a: Celebi|Celebi|231\/404
|-damage|p2a: Celebi|181\/404|[from] Stealth Rock
|move|p1a: Diancie|Diamond Storm|p2a: Celebi
|-damage|p2a: Celebi|54\/404
|-boost|p1a: Diancie|def|1
|
|-heal|p2a: Celebi|79\/404|[from] item: Leftovers
|turn|22
|c|âheavy hits|gg
|c|âheavy hits|finish pls
|c|âHiye|roomvoice me
|c|âheavy hits|um
|c|âheavy hits|ur a player
|-message|Hiye lost due to inactivity.
|
|win|heavy hits