|join|Hiye
|join|Caspurr
|player|p1|Hiye|23
|player|p2|Caspurr|293
|gametype|singles
|gen|6
|tier|OU
|rated
|clearpoke
|poke|p1|Heatran, F
|poke|p1|Kyurem-Black
|poke|p1|Gardevoir, F
|poke|p1|Starmie
|poke|p1|Gliscor, F
|poke|p1|Zapdos
|poke|p2|Scizor, M
|poke|p2|Rotom-Wash
|poke|p2|Landorus-Therian, M
|poke|p2|Azumarill, M
|poke|p2|Tyranitar, F
|poke|p2|Zapdos
|rule|Swagger Clause: Swagger is banned
|rule|Baton Pass Clause: Limit one PokÃ©mon knowing Baton Pass
|rule|Sleep Clause Mod: Limit one foe put to sleep
|rule|Species Clause: Limit one of each PokÃ©mon
|rule|OHKO Clause: OHKO moves are banned
|rule|Moody Clause: Moody is banned
|rule|Evasion Moves Clause: Evasion moves are banned
|rule|Endless Battle Clause: Forcing endless battles is banned
|rule|HP Percentage Mod: HP is shown in percentages
|teampreview
|
|start
|switch|p1a: Gliscor|Gliscor, F|354\/354
|switch|p2a: Rotom-Wash|Rotom-Wash|241\/241
|turn|1
|
|switch|p1a: Kyurem-Black|Kyurem-Black|405\/405
|-ability|p1a: Kyurem-Black|Teravolt
|move|p2a: Rotom-Wash|Will-O-Wisp|p1a: Kyurem-Black
|-status|p1a: Kyurem-Black|brn
|
|-damage|p1a: Kyurem-Black|355\/405 brn|[from] brn
|turn|2
|
|switch|p2a: Zapdos|Zapdos|384\/384
|-ability|p2a: Zapdos|Pressure
|move|p1a: Kyurem-Black|Earth Power|p2a: Zapdos
|-immune|p2a: Zapdos|[msg]
|
|-heal|p1a: Kyurem-Black|380\/405 brn|[from] item: Leftovers
|-damage|p1a: Kyurem-Black|330\/405 brn|[from] brn
|turn|3
|
|switch|p2a: Scizor|Scizor, M|344\/344
|move|p1a: Kyurem-Black|Ice Beam|p2a: Scizor
|-resisted|p2a: Scizor
|-damage|p2a: Scizor|244\/344
|
|-heal|p1a: Kyurem-Black|355\/405 brn|[from] item: Leftovers
|-damage|p1a: Kyurem-Black|305\/405 brn|[from] brn
|turn|4
|
|switch|p1a: Zapdos|Zapdos|384\/384
|-ability|p1a: Zapdos|Pressure
|move|p2a: Scizor|U-turn|p1a: Zapdos
|-resisted|p1a: Zapdos
|-damage|p1a: Zapdos|306\/384
|
|switch|p2a: Rotom-Wash|Rotom-Wash|241\/241
|
|-heal|p1a: Zapdos|330\/384|[from] item: Leftovers
|turn|5
|
|move|p2a: Rotom-Wash|Trick|p1a: Zapdos
|-activate|p2a: Rotom-Wash|move: Trick|[of] p1a: Zapdos
|-item|p1a: Zapdos|Choice Scarf|[from] move: Trick
|-item|p2a: Rotom-Wash|Leftovers|[from] move: Trick
|move|p1a: Zapdos|Substitute|p1a: Zapdos
|-start|p1a: Zapdos|Substitute
|-damage|p1a: Zapdos|234\/384
|
|turn|6
|
|switch|p1a: Gliscor|Gliscor, F|354\/354
|move|p2a: Rotom-Wash|Will-O-Wisp|p1a: Gliscor|[miss]
|-miss|p2a: Rotom-Wash|p1a: Gliscor
|
|-status|p1a: Gliscor|tox|[from] item: Toxic Orb
|turn|7
|
|switch|p1a: Kyurem-Black|Kyurem-Black|305\/405 brn
|-ability|p1a: Kyurem-Black|Teravolt
|move|p2a: Rotom-Wash|Hydro Pump|p1a: Kyurem-Black
|-resisted|p1a: Kyurem-Black
|-damage|p1a: Kyurem-Black|208\/405 brn
|
|-heal|p1a: Kyurem-Black|233\/405 brn|[from] item: Leftovers
|-damage|p1a: Kyurem-Black|183\/405 brn|[from] brn
|turn|8
|
|switch|p2a: Azumarill|Azumarill, M|404\/404
|move|p1a: Kyurem-Black|Earth Power|p2a: Azumarill
|-damage|p2a: Azumarill|271\/404
|
|-heal|p1a: Kyurem-Black|208\/405 brn|[from] item: Leftovers
|-heal|p2a: Azumarill|296\/404|[from] item: Leftovers
|-damage|p1a: Kyurem-Black|158\/405 brn|[from] brn
|turn|9
|
|switch|p2a: Landorus-Therian|Landorus-Therian, M|320\/320
|-ability|p2a: Landorus-Therian|Intimidate|[of] p1a: Kyurem-Black
|-unboost|p1a: Kyurem-Black|atk|1
|move|p1a: Kyurem-Black|Fusion Bolt|p2a: Landorus-Therian
|-immune|p2a: Landorus-Therian|[msg]
|
|-heal|p1a: Kyurem-Black|183\/405 brn|[from] item: Leftovers
|-damage|p1a: Kyurem-Black|133\/405 brn|[from] brn
|turn|10
|
|move|p2a: Landorus-Therian|Earthquake|p1a: Kyurem-Black
|-damage|p1a: Kyurem-Black|0 fnt
|faint|p1a: Kyurem-Black
|
|
|switch|p1a: Gliscor|Gliscor, F|354\/354 tox
|turn|11
|
|switch|p2a: Scizor|Scizor, M|244\/344
|move|p1a: Gliscor|Knock Off|p2a: Scizor
|-damage|p2a: Scizor|166\/344
|-enditem|p2a: Scizor|Choice Band|[from] move: Knock Off|[of] p1a: Gliscor
|
|turn|12
|
|switch|p2a: Landorus-Therian|Landorus-Therian, M|320\/320
|-ability|p2a: Landorus-Therian|Intimidate|[of] p1a: Gliscor
|-unboost|p1a: Gliscor|atk|1
|move|p1a: Gliscor|Knock Off|p2a: Landorus-Therian
|-crit|p2a: Landorus-Therian
|-damage|p2a: Landorus-Therian|207\/320
|-enditem|p2a: Landorus-Therian|Choice Scarf|[from] move: Knock Off|[of] p1a: Gliscor
|
|turn|13
|
|move|p2a: Landorus-Therian|Knock Off|p1a: Gliscor
|-crit|p1a: Gliscor
|-damage|p1a: Gliscor|241\/354 tox
|-enditem|p1a: Gliscor|Toxic Orb|[from] move: Knock Off|[of] p2a: Landorus-Therian
|move|p1a: Gliscor|Knock Off|p2a: Landorus-Therian
|-damage|p2a: Landorus-Therian|173\/320
|
|-heal|p1a: Gliscor|285\/354 tox|[from] ability: Poison Heal
|turn|14
|
|move|p2a: Landorus-Therian|U-turn|p1a: Gliscor
|-crit|p1a: Gliscor
|-resisted|p1a: Gliscor
|-damage|p1a: Gliscor|242\/354 tox
|
|switch|p2a: Rotom-Wash|Rotom-Wash|241\/241
|move|p1a: Gliscor|Toxic|p2a: Rotom-Wash
|-status|p2a: Rotom-Wash|tox
|
|-damage|p2a: Rotom-Wash|226\/241 tox|[from] psn
|-heal|p1a: Gliscor|286\/354 tox|[from] ability: Poison Heal
|turn|15
|
|switch|p1a: Zapdos|Zapdos|234\/384
|-ability|p1a: Zapdos|Pressure
|move|p2a: Rotom-Wash|Hydro Pump|p1a: Zapdos
|-damage|p1a: Zapdos|56\/384
|
|-heal|p2a: Rotom-Wash|241\/241 tox|[from] item: Leftovers
|-damage|p2a: Rotom-Wash|211\/241 tox|[from] psn
|turn|16
|
|move|p1a: Zapdos|Roost|p1a: Zapdos
|-heal|p1a: Zapdos|248\/384
|move|p2a: Rotom-Wash|Volt Switch|p1a: Zapdos
|-resisted|p1a: Zapdos
|-damage|p1a: Zapdos|194\/384
|
|switch|p2a: Tyranitar|Tyranitar, F|342\/342
|-weather|Sandstorm
|
|-weather|Sandstorm|[upkeep]
|-damage|p1a: Zapdos|170\/384|[from] sandstorm
|turn|17
|
|switch|p1a: Starmie|Starmie|324\/324
|detailschange|p2a: Tyranitar|Tyranitar-Mega, F
|message|Tyranitar has Mega Evolved into Mega Tyranitar!
|move|p2a: Tyranitar|Dragon Dance|p2a: Tyranitar
|-boost|p2a: Tyranitar|atk|1
|-boost|p2a: Tyranitar|spe|1
|
|-weather|Sandstorm|[upkeep]
|-damage|p1a: Starmie|304\/324|[from] sandstorm
|-heal|p1a: Starmie|324\/324|[from] item: Leftovers
|turn|18
|
|move|p1a: Starmie|Scald|p2a: Tyranitar
|-supereffective|p2a: Tyranitar
|-damage|p2a: Tyranitar|240\/342
|move|p2a: Tyranitar|Crunch|p1a: Starmie
|-supereffective|p1a: Starmie
|-damage|p1a: Starmie|0 fnt
|faint|p1a: Starmie
|
|-weather|Sandstorm|[upkeep]
|
|switch|p1a: Gardevoir|Gardevoir, F|340\/340
|-ability|p1a: Gardevoir|Sand Stream|[from] ability: Trace|[of] p2a: Tyranitar
|turn|19
|
|detailschange|p1a: Gardevoir|Gardevoir-Mega, F
|message|Gardevoir has Mega Evolved into Mega Gardevoir!
|move|p2a: Tyranitar|Crunch|p1a: Gardevoir
|-damage|p1a: Gardevoir|0 fnt
|faint|p1a: Gardevoir
|
|-weather|Sandstorm|[upkeep]
|-message|Hiye forfeited.
|
|win|Caspurr
|raw|Ladder updating...
|leave|Hiye
|player|p1
|raw|Hiye's rating: 1740 &rarr; <strong>1716<\/strong><br \/>(-24 for losing)
|raw|Caspurr's rating: 1680 &rarr; <strong>1703<\/strong><br \/>(+23 for winning)