|join|Hiye
|join|Mob Barley
|player|p1|Hiye|23
|player|p2|Mob Barley|161
|gametype|singles
|gen|6
|tier|OU
|rated
|clearpoke
|poke|p1|Kyurem-Black
|poke|p1|Mew
|poke|p1|Pinsir, F
|poke|p1|Magnezone
|poke|p1|Landorus-Therian, M
|poke|p1|Rotom-Wash
|poke|p2|Diggersby, M, shiny
|poke|p2|Magnezone, shiny
|poke|p2|Gardevoir, F
|poke|p2|Terrakion, shiny
|poke|p2|Azumarill, M
|poke|p2|Mandibuzz, F, shiny
|rule|Swagger Clause: Swagger is banned
|rule|Baton Pass Clause: Limit one PokÃ©mon knowing Baton Pass
|rule|Sleep Clause Mod: Limit one foe put to sleep
|rule|Species Clause: Limit one of each PokÃ©mon
|rule|OHKO Clause: OHKO moves are banned
|rule|Moody Clause: Moody is banned
|rule|Evasion Moves Clause: Evasion moves are banned
|rule|Endless Battle Clause: Forcing endless battles is banned
|rule|HP Percentage Mod: HP is shown in percentages
|teampreview
|join|illestt
|
|start
|switch|p1a: Rotom-Wash|Rotom-Wash|304\/304
|switch|p2a: Cosmo Queen|Gardevoir, F|277\/277
|-ability|p2a: Cosmo Queen|Levitate|[from] ability: Trace|[of] p1a: Rotom-Wash
|turn|1
|join|MacGoober
|
|detailschange|p2a: Cosmo Queen|Gardevoir-Mega, F
|message|Gardevoir has Mega Evolved into Mega Gardevoir!
|move|p2a: Cosmo Queen|Hyper Voice|p1a: Rotom-Wash
|-damage|p1a: Rotom-Wash|67\/304
|move|p1a: Rotom-Wash|Volt Switch|p2a: Cosmo Queen
|-damage|p2a: Cosmo Queen|211\/277
|
|switch|p1a: Magnezone|Magnezone|281\/281
|
|turn|2
|
|switch|p2a: Bugs|Diggersby, M, shiny|311\/311
|move|p1a: Magnezone|Volt Switch|p2a: Bugs
|-immune|p2a: Bugs|[msg]
|
|turn|3
|
|move|p1a: Magnezone|Volt Switch|p2a: Bugs
|-immune|p2a: Bugs|[msg]
|move|p2a: Bugs|Return|p1a: Magnezone
|-crit|p1a: Magnezone
|-resisted|p1a: Magnezone
|-damage|p1a: Magnezone|49\/281
|
|turn|4
|
|switch|p1a: Landorus-Therian|Landorus-Therian, M|382\/382
|-ability|p1a: Landorus-Therian|Intimidate|[of] p2a: Bugs
|-unboost|p2a: Bugs|atk|1
|move|p2a: Bugs|Return|p1a: Landorus-Therian
|-damage|p1a: Landorus-Therian|186\/382
|
|-heal|p1a: Landorus-Therian|209\/382|[from] item: Leftovers
|turn|5
|
|move|p2a: Bugs|Return|p1a: Landorus-Therian
|-damage|p1a: Landorus-Therian|37\/382
|move|p1a: Landorus-Therian|Stealth Rock|p2a: Bugs
|-sidestart|p2: Mob Barley|move: Stealth Rock
|
|-heal|p1a: Landorus-Therian|60\/382|[from] item: Leftovers
|turn|6
|join|Jollipop
|
|move|p2a: Bugs|Return|p1a: Landorus-Therian
|-damage|p1a: Landorus-Therian|0 fnt
|faint|p1a: Landorus-Therian
|
|
|switch|p1a: Kyurem-Black|Kyurem-Black|405\/405
|-ability|p1a: Kyurem-Black|Teravolt
|turn|7
|
|switch|p2a: Cosmo Queen|Gardevoir-Mega, F|211\/277
|-damage|p2a: Cosmo Queen|177\/277|[from] Stealth Rock
|move|p1a: Kyurem-Black|Substitute|p1a: Kyurem-Black
|-start|p1a: Kyurem-Black|Substitute
|-damage|p1a: Kyurem-Black|304\/405
|
|-heal|p1a: Kyurem-Black|329\/405|[from] item: Leftovers
|turn|8
|
|switch|p1a: Rotom-Wash|Rotom-Wash|67\/304
|move|p2a: Cosmo Queen|Hyper Voice|p1a: Rotom-Wash
|-damage|p1a: Rotom-Wash|0 fnt
|faint|p1a: Rotom-Wash
|
|
|switch|p1a: Magnezone|Magnezone|49\/281
|turn|9
|
|switch|p2a: Magneto|Magnezone, shiny|281\/281
|-damage|p2a: Magneto|264\/281|[from] Stealth Rock
|move|p1a: Magnezone|Flash Cannon|p2a: Magneto
|-resisted|p2a: Magneto
|-damage|p2a: Magneto|227\/281
|
|turn|10
|
|move|p2a: Magneto|Volt Switch|p1a: Magnezone
|-resisted|p1a: Magnezone
|-damage|p1a: Magnezone|0 fnt
|faint|p1a: Magnezone
|
|switch|p2a: Red Bull|Terrakion, shiny|323\/323
|-damage|p2a: Red Bull|303\/323|[from] Stealth Rock
|
|
|switch|p1a: Mew|Mew|404\/404
|turn|11
|leave|MacGoober
|
|move|p2a: Red Bull|Swords Dance|p2a: Red Bull
|-boost|p2a: Red Bull|atk|2
|move|p1a: Mew|Will-O-Wisp|p2a: Red Bull
|-status|p2a: Red Bull|brn
|
|-damage|p2a: Red Bull|263\/323 brn|[from] brn
|turn|12
|join|SwaggBoi
|
|move|p2a: Red Bull|Swords Dance|p2a: Red Bull
|-boost|p2a: Red Bull|atk|2
|move|p1a: Mew|Roost|p1a: Mew
|-fail|p1a: Mew
|
|-damage|p2a: Red Bull|223\/323 brn|[from] brn
|turn|13
|
|move|p2a: Red Bull|Swords Dance|p2a: Red Bull
|-boost|p2a: Red Bull|atk|2
|move|p1a: Mew|Knock Off|p2a: Red Bull
|-resisted|p2a: Red Bull
|-damage|p2a: Red Bull|178\/323 brn
|-enditem|p2a: Red Bull|Focus Sash|[from] move: Knock Off|[of] p1a: Mew
|
|-damage|p2a: Red Bull|138\/323 brn|[from] brn
|turn|14
|
|move|p2a: Red Bull|Stone Edge|p1a: Mew
|-damage|p1a: Mew|115\/404
|move|p1a: Mew|Roost|p1a: Mew
|-heal|p1a: Mew|317\/404
|
|-heal|p1a: Mew|342\/404|[from] item: Leftovers
|-damage|p2a: Red Bull|98\/323 brn|[from] brn
|turn|15
|
|move|p2a: Red Bull|Stone Edge|p1a: Mew
|-damage|p1a: Mew|41\/404
|move|p1a: Mew|Roost|p1a: Mew
|-heal|p1a: Mew|243\/404
|
|-heal|p1a: Mew|268\/404|[from] item: Leftovers
|-damage|p2a: Red Bull|58\/323 brn|[from] brn
|turn|16
|
|move|p2a: Red Bull|Stone Edge|p1a: Mew|[miss]
|-miss|p2a: Red Bull|p1a: Mew
|move|p1a: Mew|Roost|p1a: Mew
|-heal|p1a: Mew|404\/404
|
|-damage|p2a: Red Bull|18\/323 brn|[from] brn
|turn|17
|
|move|p2a: Red Bull|Stealth Rock|p1a: Mew
|-sidestart|p1: Hiye|move: Stealth Rock
|move|p1a: Mew|Roost|p1a: Mew
|-fail|p1a: Mew
|
|-damage|p2a: Red Bull|0 fnt|[from] brn
|faint|p2a: Red Bull
|
|switch|p2a: Cosmo Queen|Gardevoir-Mega, F|177\/277
|-damage|p2a: Cosmo Queen|143\/277|[from] Stealth Rock
|turn|18
|
|move|p2a: Cosmo Queen|Will-O-Wisp|p1a: Mew
|-status|p1a: Mew|brn
|-status|p2a: Cosmo Queen|brn
|move|p1a: Mew|Defog|p2a: Cosmo Queen
|-unboost|p2a: Cosmo Queen|evasion|1
|-sideend|p2: Mob Barley|Stealth Rock|[from] move: Defog|[of] p2a: Cosmo Queen
|-sideend|p1: Hiye|Stealth Rock|[from] move: Defog|[of] p1a: Mew
|
|-damage|p2a: Cosmo Queen|109\/277 brn|[from] brn
|-damage|p1a: Mew|354\/404 brn|[from] brn
|turn|19
|
|move|p2a: Cosmo Queen|Hyper Voice|p1a: Mew
|-damage|p1a: Mew|93\/404 brn
|move|p1a: Mew|Roost|p1a: Mew
|-heal|p1a: Mew|295\/404 brn
|
|-heal|p1a: Mew|320\/404 brn|[from] item: Leftovers
|-damage|p2a: Cosmo Queen|75\/277 brn|[from] brn
|-damage|p1a: Mew|270\/404 brn|[from] brn
|turn|20
|
|move|p2a: Cosmo Queen|Hyper Voice|p1a: Mew
|-damage|p1a: Mew|41\/404 brn
|move|p1a: Mew|Knock Off|p2a: Cosmo Queen
|-damage|p2a: Cosmo Queen|38\/277 brn
|
|-heal|p1a: Mew|66\/404 brn|[from] item: Leftovers
|-damage|p2a: Cosmo Queen|4\/277 brn|[from] brn
|-damage|p1a: Mew|16\/404 brn|[from] brn
|turn|21
|
|move|p2a: Cosmo Queen|Hyper Voice|p1a: Mew
|-damage|p1a: Mew|0 fnt
|faint|p1a: Mew
|
|-damage|p2a: Cosmo Queen|0 fnt|[from] brn
|faint|p2a: Cosmo Queen
|
|switch|p1a: Pinsir|Pinsir, F|271\/271
|switch|p2a: Water Bomb|Azumarill, M|401\/401
|turn|22
|
|switch|p2a: Vulture Aid|Mandibuzz, F, shiny|423\/423
|detailschange|p1a: Pinsir|Pinsir-Mega, F
|message|Pinsir has Mega Evolved into Mega Pinsir!
|move|p1a: Pinsir|Return|p2a: Vulture Aid
|-damage|p2a: Vulture Aid|224\/423
|-damage|p1a: Pinsir|226\/271|[from] item: Rocky Helmet|[of] p2a: Vulture Aid
|
|turn|23
|
|move|p1a: Pinsir|Return|p2a: Vulture Aid
|-damage|p2a: Vulture Aid|31\/423
|-damage|p1a: Pinsir|181\/271|[from] item: Rocky Helmet|[of] p2a: Vulture Aid
|move|p2a: Vulture Aid|Foul Play|p1a: Pinsir
|-damage|p1a: Pinsir|25\/271
|
|turn|24
|
|move|p1a: Pinsir|Close Combat|p2a: Vulture Aid
|-damage|p2a: Vulture Aid|0 fnt
|-damage|p1a: Pinsir|0 fnt|[from] item: Rocky Helmet|[of] p2a: Vulture Aid
|faint|p1a: Pinsir
|faint|p2a: Vulture Aid
|
|
|switch|p1a: Kyurem-Black|Kyurem-Black|329\/405
|switch|p2a: Water Bomb|Azumarill, M|401\/401
|-ability|p1a: Kyurem-Black|Teravolt
|turn|25
|
|move|p1a: Kyurem-Black|Substitute|p1a: Kyurem-Black
|-start|p1a: Kyurem-Black|Substitute
|-damage|p1a: Kyurem-Black|228\/405
|move|p2a: Water Bomb|Play Rough|p1a: Kyurem-Black
|-supereffective|p1a: Kyurem-Black
|-end|p1a: Kyurem-Black|Substitute
|
|-heal|p1a: Kyurem-Black|253\/405|[from] item: Leftovers
|turn|26
|
|move|p1a: Kyurem-Black|Substitute|p1a: Kyurem-Black
|-start|p1a: Kyurem-Black|Substitute
|-damage|p1a: Kyurem-Black|152\/405
|move|p2a: Water Bomb|Play Rough|p1a: Kyurem-Black|[miss]
|-miss|p2a: Water Bomb|p1a: Kyurem-Black
|
|-heal|p1a: Kyurem-Black|177\/405|[from] item: Leftovers
|turn|27
|join|Cienight
|
|move|p1a: Kyurem-Black|Fusion Bolt|p2a: Water Bomb
|-supereffective|p2a: Water Bomb
|-damage|p2a: Water Bomb|75\/401
|move|p2a: Water Bomb|Knock Off|p1a: Kyurem-Black
|-end|p1a: Kyurem-Black|Substitute
|
|-heal|p1a: Kyurem-Black|202\/405|[from] item: Leftovers
|turn|28
|
|move|p1a: Kyurem-Black|Earth Power|p2a: Water Bomb
|-damage|p2a: Water Bomb|0 fnt
|faint|p2a: Water Bomb
|
|-heal|p1a: Kyurem-Black|227\/405|[from] item: Leftovers
|
|switch|p2a: Magneto|Magnezone, shiny|227\/281
|turn|29
|
|move|p2a: Magneto|Flash Cannon|p1a: Kyurem-Black
|-crit|p1a: Kyurem-Black
|-supereffective|p1a: Kyurem-Black
|-damage|p1a: Kyurem-Black|0 fnt
|faint|p1a: Kyurem-Black
|
|win|Mob Barley
|raw|Ladder updating...
|raw|Hiye's rating: 1803 &rarr; <strong>1783<\/strong><br \/>(-20 for losing)
|raw|Mob Barley's rating: 1792 &rarr; <strong>1812<\/strong><br \/>(+20 for winning)
|leave|Hiye
|player|p1
|leave|illestt
|leave|Jollipop
|join|kullhadd hekk
|join|illestt
|leave|illestt
|join|SweetenedTea
|leave|SweetenedTea
|leave|Mob Barley
|player|p2
|leave|Cienight
|leave|SwaggBoi