|join|Red Jaqk
|join|Hiye
|player|p1|Red Jaqk|291
|player|p2|Hiye|23
|gametype|singles
|gen|6
|tier|OU
|clearpoke
|poke|p1|Garchomp, F
|poke|p1|Kyurem-Black
|poke|p1|Infernape, M
|poke|p1|Tyranitar, F
|poke|p1|Celebi
|poke|p1|Latios, M
|poke|p2|Manectric, F
|poke|p2|Landorus-Therian, M
|poke|p2|Azumarill, F
|poke|p2|Latios, M
|poke|p2|Garchomp, F
|poke|p2|Crawdaunt, M
|rule|Swagger Clause: Swagger is banned
|rule|Baton Pass Clause: Limit one PokÃ©mon knowing Baton Pass
|rule|Sleep Clause Mod: Limit one foe put to sleep
|rule|Species Clause: Limit one of each PokÃ©mon
|rule|OHKO Clause: OHKO moves are banned
|rule|Moody Clause: Moody is banned
|rule|Evasion Moves Clause: Evasion moves are banned
|rule|Endless Battle Clause: Forcing endless battles is banned
|rule|HP Percentage Mod: HP is shown in percentages
|teampreview
|
|start
|switch|p1a: Tyranitar|Tyranitar, F|403\/403
|switch|p2a: Landorus-Therian|Landorus-Therian, M|319\/319
|-ability|p2a: Landorus-Therian|Intimidate|[of] p1a: Tyranitar
|-unboost|p1a: Tyranitar|atk|1
|-weather|Sandstorm
|turn|1
|
|move|p2a: Landorus-Therian|Earthquake|p1a: Tyranitar
|-supereffective|p1a: Tyranitar
|-enditem|p1a: Tyranitar|Shuca Berry|[eat]
|-damage|p1a: Tyranitar|208\/403
|move|p1a: Tyranitar|Ice Beam|p2a: Landorus-Therian
|-supereffective|p2a: Landorus-Therian
|-damage|p2a: Landorus-Therian|0 fnt
|faint|p2a: Landorus-Therian
|
|-weather|Sandstorm|[upkeep]
|c|âRed Jaqk|LOL
|c|âRed Jaqk|i bop for a living
Red Jaqk made this room private.
|c|âRed Jaqk|lol wtf i have 3 dragons
|c|âRed Jaqk|and no steel or fairy
|c|âRed Jaqk|nice dog n lobster btw
|
|switch|p2a: Garchomp|Garchomp, F|357\/357
|turn|2
|c|âHiye|go]
|c|âRed Jaqk|wtf counterteam
|c|âRed Jaqk|what can i do to azu or chomp
|
|move|p2a: Garchomp|Earthquake|p1a: Tyranitar
|-supereffective|p1a: Tyranitar
|-damage|p1a: Tyranitar|0 fnt
|faint|p1a: Tyranitar
|
|-weather|Sandstorm|[upkeep]
|
|switch|p1a: Kyurem-Black|Kyurem-Black|391\/391
|-ability|p1a: Kyurem-Black|Teravolt
|turn|3
|
|switch|p2a: Azumarill|Azumarill, F|404\/404
|move|p1a: Kyurem-Black|Ice Beam|p2a: Azumarill
|-resisted|p2a: Azumarill
|-damage|p2a: Azumarill|356\/404
|-status|p2a: Azumarill|frz
|
|-weather|Sandstorm|[upkeep]
|-damage|p1a: Kyurem-Black|367\/391|[from] sandstorm
|-damage|p2a: Azumarill|331\/404 frz|[from] sandstorm
|turn|4
|
|switch|p1a: Celebi|Celebi|375\/375
|switch|p2a: Manectric|Manectric, F|281\/281
|
|-weather|Sandstorm|[upkeep]
|-damage|p2a: Manectric|264\/281|[from] sandstorm
|-damage|p1a: Celebi|352\/375|[from] sandstorm
|-heal|p1a: Celebi|375\/375|[from] item: Leftovers
|turn|5
|
|switch|p1a: Latios|Latios, M|301\/301
|detailschange|p2a: Manectric|Manectric-Mega, F
|message|Manectric has Mega Evolved into Mega Manectric!
|-ability|p2a: Manectric|Intimidate|[of] p1a: Latios
|-unboost|p1a: Latios|atk|1
|move|p2a: Manectric|Flamethrower|p1a: Latios
|-resisted|p1a: Latios
|-damage|p1a: Latios|244\/301
|-status|p1a: Latios|brn
|
|-weather|none
|-damage|p1a: Latios|207\/301 brn|[from] brn
|turn|6
|
|move|p2a: Manectric|Volt Switch|p1a: Latios
|-crit|p1a: Latios
|-resisted|p1a: Latios
|-damage|p1a: Latios|117\/301 brn
|c|âHiye|wtf i always need gengar when i use this team
|
|switch|p2a: Crawdaunt|Crawdaunt, M|267\/267
|move|p1a: Latios|Draco Meteor|p2a: Crawdaunt
|-damage|p2a: Crawdaunt|0 fnt
|-unboost|p1a: Latios|spa|2
|-damage|p1a: Latios|87\/301 brn|[from] item: Life Orb
|faint|p2a: Crawdaunt
|
|-damage|p1a: Latios|50\/301 brn|[from] brn
|
|switch|p2a: Manectric|Manectric-Mega, F|264\/281
|-ability|p2a: Manectric|Intimidate|[of] p1a: Latios
|-unboost|p1a: Latios|atk|1
|turn|7
|
|move|p2a: Manectric|Hidden Power|p1a: Latios
|-supereffective|p1a: Latios
|-damage|p1a: Latios|0 fnt
|faint|p1a: Latios
|
|
|switch|p1a: Kyurem-Black|Kyurem-Black|367\/391
|-ability|p1a: Kyurem-Black|Teravolt
|turn|8
|
|switch|p2a: Azumarill|Azumarill, F|331\/404 frz
|move|p1a: Kyurem-Black|Dragon Claw|p2a: Azumarill
|-immune|p2a: Azumarill|[msg]
|
|turn|9
|
|switch|p1a: Celebi|Celebi|375\/375
|switch|p2a: Manectric|Manectric-Mega, F|264\/281
|-ability|p2a: Manectric|Intimidate|[of] p1a: Celebi
|-unboost|p1a: Celebi|atk|1
|
|turn|10
|
|move|p2a: Manectric|Flamethrower|p1a: Celebi
|-supereffective|p1a: Celebi
|-damage|p1a: Celebi|121\/375
|move|p1a: Celebi|Earth Power|p2a: Manectric
|-crit|p2a: Manectric
|-supereffective|p2a: Manectric
|-damage|p2a: Manectric|0 fnt
|faint|p2a: Manectric
|
|-heal|p1a: Celebi|144\/375|[from] item: Leftovers
|c|âRed Jaqk|,
|
|switch|p2a: Latios|Latios, M|301\/301
|turn|11
|
|switch|p1a: Infernape|Infernape, M|356\/356
|move|p2a: Latios|Draco Meteor|p1a: Infernape
|-damage|p1a: Infernape|0 fnt
|-unboost|p2a: Latios|spa|2
|-damage|p2a: Latios|271\/301|[from] item: Life Orb
|faint|p1a: Infernape
|
|
|switch|p1a: Kyurem-Black|Kyurem-Black|367\/391
|-ability|p1a: Kyurem-Black|Teravolt
|turn|12
|
|switch|p2a: Azumarill|Azumarill, F|331\/404 frz
|move|p1a: Kyurem-Black|Dragon Claw|p2a: Azumarill
|-immune|p2a: Azumarill|[msg]
|
|turn|13
|
|switch|p1a: Garchomp|Garchomp, F|357\/357
|cant|p2a: Azumarill|frz
|
|turn|14
|
|switch|p2a: Latios|Latios, M|271\/301
|detailschange|p1a: Garchomp|Garchomp-Mega, F
|message|Garchomp has Mega Evolved into Mega Garchomp!
|move|p1a: Garchomp|Dragon Claw|p2a: Latios
|-supereffective|p2a: Latios
|-damage|p2a: Latios|0 fnt
|faint|p2a: Latios
|
|
|switch|p2a: Garchomp|Garchomp, F|357\/357
|turn|15
|c|âHiye|gg
|
|move|p2a: Garchomp|Outrage|p1a: Garchomp
|-supereffective|p1a: Garchomp
|-damage|p1a: Garchomp|7\/357
|move|p1a: Garchomp|Dragon Claw|p2a: Garchomp
|-supereffective|p2a: Garchomp
|-enditem|p2a: Garchomp|Focus Sash
|-damage|p2a: Garchomp|1\/357
|-damage|p1a: Garchomp|0 fnt|[from] ability: Rough Skin|[of] p2a: Garchomp
|faint|p1a: Garchomp
|
|
|switch|p1a: Kyurem-Black|Kyurem-Black|367\/391
|-ability|p1a: Kyurem-Black|Teravolt
|turn|16
|c|âHiye|ok ur some cheese kid
|c|âRed Jaqk|?
|c|âRed Jaqk|did u think u won 
|c|âHiye|lol kid
|c|âHiye|kys
|
|move|p1a: Kyurem-Black|Dragon Claw|p2a: Garchomp
|-supereffective|p2a: Garchomp
|-damage|p2a: Garchomp|0 fnt
|-damage|p1a: Kyurem-Black|319\/391|[from] ability: Rough Skin|[of] p2a: Garchomp
|faint|p2a: Garchomp
|
|c|âHiye|i have shed shell
|
|switch|p2a: Azumarill|Azumarill, F|331\/404 frz
|turn|17
|c|âHiye|gona break free
|c|âHiye|crit aqua x600]
|
|switch|p1a: Celebi|Celebi|144\/375
|cant|p2a: Azumarill|frz
|
|-heal|p1a: Celebi|167\/375|[from] item: Leftovers
|turn|18
|
|move|p1a: Celebi|Giga Drain|p2a: Azumarill
|-supereffective|p2a: Azumarill
|-damage|p2a: Azumarill|119\/404 frz
|-heal|p1a: Celebi|273\/375|[from] drain|[of] p2a: Azumarill
|-curestatus|p2a: Azumarill|frz
|move|p2a: Azumarill|Play Rough|p1a: Celebi
|-damage|p1a: Celebi|65\/375
|
|-heal|p1a: Celebi|88\/375|[from] item: Leftovers
|turn|19
|c|âHiye|my nigga azu
|c|âHiye|:)
|leave|Hiye
|player|p2
|-message|Player 2 lost due to inactivity.
|
|win|Red Jaqk