|join|Qwazzimoto
|join|Hiye
|player|p1|Qwazzimoto|102
|player|p2|Hiye|168
|gametype|singles
|gen|6
|tier|OU
|clearpoke
|poke|p1|Metagross
|poke|p1|Kyurem-Black
|poke|p1|Keldeo
|poke|p1|Zapdos
|poke|p1|Celebi
|poke|p1|Heatran, M
|poke|p2|Diancie
|poke|p2|Heatran, F
|poke|p2|Keldeo-Resolute
|poke|p2|Celebi
|poke|p2|Latias, F
|poke|p2|Landorus-Therian, M
|rule|Swagger Clause: Swagger is banned
|rule|Baton Pass Clause: Limit one PokÃ©mon knowing Baton Pass
|rule|Sleep Clause Mod: Limit one foe put to sleep
|rule|Species Clause: Limit one of each PokÃ©mon
|rule|OHKO Clause: OHKO moves are banned
|rule|Moody Clause: Moody is banned
|rule|Evasion Moves Clause: Evasion moves are banned
|rule|Endless Battle Clause: Forcing endless battles is banned
|rule|HP Percentage Mod: HP is shown in percentages
|teampreview
|c|âHiye|hi
|
|start
|switch|p1a: Heatran|Heatran, M|385\/385
|switch|p2a: Landorus-Therian|Landorus-Therian, M|319\/319
|-ability|p2a: Landorus-Therian|Intimidate|[of] p1a: Heatran
|-unboost|p1a: Heatran|atk|1
|turn|1
|
|move|p1a: Heatran|Protect|p1a: Heatran
|-singleturn|p1a: Heatran|Protect
|move|p2a: Landorus-Therian|U-turn|p1a: Heatran
|-activate|p1a: Heatran|Protect
|
|turn|2
|
|move|p2a: Landorus-Therian|U-turn|p1a: Heatran
|-resisted|p1a: Heatran
|-damage|p1a: Heatran|361\/385
|
|switch|p2a: Heatran|Heatran, F|386\/386
|move|p1a: Heatran|Earth Power|p2a: Heatran
|-supereffective|p2a: Heatran
|-damage|p2a: Heatran|178\/386
|
|-heal|p1a: Heatran|385\/385|[from] item: Leftovers
|-heal|p2a: Heatran|202\/386|[from] item: Leftovers
|turn|3
|
|move|p2a: Heatran|Protect|p2a: Heatran
|-singleturn|p2a: Heatran|Protect
|move|p1a: Heatran|Earth Power|p2a: Heatran
|-activate|p2a: Heatran|Protect
|
|-heal|p2a: Heatran|226\/386|[from] item: Leftovers
|turn|4
|
|switch|p2a: Keldeo-Resolute|Keldeo-Resolute|323\/323
|move|p1a: Heatran|Magma Storm|p2a: Keldeo-Resolute
|-resisted|p2a: Keldeo-Resolute
|-damage|p2a: Keldeo-Resolute|252\/323
|-activate|p2a: Keldeo-Resolute|move: Magma Storm|[of] p1a: Heatran
|
|-heal|p2a: Keldeo-Resolute|272\/323|[from] item: Leftovers
|-damage|p2a: Keldeo-Resolute|232\/323|[from] move: Magma Storm|[partiallytrapped]
|turn|5
|
|move|p2a: Keldeo-Resolute|Calm Mind|p2a: Keldeo-Resolute
|-boost|p2a: Keldeo-Resolute|spa|1
|-boost|p2a: Keldeo-Resolute|spd|1
|move|p1a: Heatran|Taunt|p2a: Keldeo-Resolute
|-start|p2a: Keldeo-Resolute|move: Taunt
|
|-heal|p2a: Keldeo-Resolute|252\/323|[from] item: Leftovers
|-damage|p2a: Keldeo-Resolute|212\/323|[from] move: Magma Storm|[partiallytrapped]
|turn|6
|
|move|p1a: Heatran|Protect|p1a: Heatran
|-singleturn|p1a: Heatran|Protect
|move|p2a: Keldeo-Resolute|Secret Sword|p1a: Heatran
|-activate|p1a: Heatran|Protect
|
|-heal|p2a: Keldeo-Resolute|232\/323|[from] item: Leftovers
|-damage|p2a: Keldeo-Resolute|192\/323|[from] move: Magma Storm|[partiallytrapped]
|turn|7
|
|switch|p1a: Celebi|Celebi|403\/403
|move|p2a: Keldeo-Resolute|Scald|p1a: Celebi
|-resisted|p1a: Celebi
|-damage|p1a: Celebi|292\/403
|
|-heal|p2a: Keldeo-Resolute|212\/323|[from] item: Leftovers
|-heal|p1a: Celebi|317\/403|[from] item: Leftovers
|-end|p2a: Keldeo-Resolute|Magma Storm|[partiallytrapped]
|turn|8
|
|switch|p1a: Metagross|Metagross|301\/301
|move|p2a: Keldeo-Resolute|Scald|p1a: Metagross
|-damage|p1a: Metagross|54\/301
|
|-heal|p2a: Keldeo-Resolute|232\/323|[from] item: Leftovers
|-end|p2a: Keldeo-Resolute|move: Taunt
|turn|9
|
|switch|p1a: Celebi|Celebi|317\/403
|move|p2a: Keldeo-Resolute|Scald|p1a: Celebi
|-resisted|p1a: Celebi
|-damage|p1a: Celebi|203\/403
|-status|p1a: Celebi|brn
|
|-heal|p2a: Keldeo-Resolute|252\/323|[from] item: Leftovers
|-heal|p1a: Celebi|228\/403 brn|[from] item: Leftovers
|-damage|p1a: Celebi|178\/403 brn|[from] brn
|turn|10
|
|move|p2a: Keldeo-Resolute|Calm Mind|p2a: Keldeo-Resolute
|-boost|p2a: Keldeo-Resolute|spa|1
|-boost|p2a: Keldeo-Resolute|spd|1
|move|p1a: Celebi|Recover|p1a: Celebi
|-heal|p1a: Celebi|380\/403 brn
|
|-heal|p2a: Keldeo-Resolute|272\/323|[from] item: Leftovers
|-heal|p1a: Celebi|403\/403 brn|[from] item: Leftovers
|-damage|p1a: Celebi|353\/403 brn|[from] brn
|turn|11
|
|move|p2a: Keldeo-Resolute|Scald|p1a: Celebi
|-resisted|p1a: Celebi
|-damage|p1a: Celebi|217\/403 brn
|move|p1a: Celebi|Nasty Plot|p1a: Celebi
|-boost|p1a: Celebi|spa|2
|
|-heal|p2a: Keldeo-Resolute|292\/323|[from] item: Leftovers
|-heal|p1a: Celebi|242\/403 brn|[from] item: Leftovers
|-damage|p1a: Celebi|192\/403 brn|[from] brn
|turn|12
|
|move|p2a: Keldeo-Resolute|Secret Sword|p1a: Celebi
|-resisted|p1a: Celebi
|-damage|p1a: Celebi|92\/403 brn
|move|p1a: Celebi|Recover|p1a: Celebi
|-heal|p1a: Celebi|294\/403 brn
|
|-heal|p2a: Keldeo-Resolute|312\/323|[from] item: Leftovers
|-heal|p1a: Celebi|319\/403 brn|[from] item: Leftovers
|-damage|p1a: Celebi|269\/403 brn|[from] brn
|turn|13
|
|switch|p2a: Landorus-Therian|Landorus-Therian, M|319\/319
|-ability|p2a: Landorus-Therian|Intimidate|[of] p1a: Celebi
|-unboost|p1a: Celebi|atk|1
|move|p1a: Celebi|Giga Drain|p2a: Landorus-Therian
|-damage|p2a: Landorus-Therian|120\/319
|-heal|p1a: Celebi|369\/403 brn|[from] drain|[of] p2a: Landorus-Therian
|
|-heal|p1a: Celebi|394\/403 brn|[from] item: Leftovers
|-damage|p1a: Celebi|344\/403 brn|[from] brn
|turn|14
|
|switch|p1a: Zapdos|Zapdos|383\/383
|-ability|p1a: Zapdos|Pressure
|move|p2a: Landorus-Therian|U-turn|p1a: Zapdos
|-resisted|p1a: Zapdos
|-damage|p1a: Zapdos|346\/383
|
|switch|p2a: Diancie|Diancie|258\/258
|
|-heal|p1a: Zapdos|369\/383|[from] item: Leftovers
|turn|15
|
|detailschange|p2a: Diancie|Diancie-Mega
|-mega|p2a: Diancie|Diancie|Diancite
|move|p1a: Zapdos|Discharge|p2a: Diancie
|-damage|p2a: Diancie|153\/258
|move|p2a: Diancie|Moonblast|p1a: Zapdos
|-damage|p1a: Zapdos|149\/383
|
|-heal|p1a: Zapdos|172\/383|[from] item: Leftovers
|turn|16
|
|switch|p1a: Heatran|Heatran, M|385\/385
|move|p2a: Diancie|Moonblast|p1a: Heatran
|-resisted|p1a: Heatran
|-damage|p1a: Heatran|345\/385
|
|-heal|p1a: Heatran|369\/385|[from] item: Leftovers
|turn|17
|
|move|p1a: Heatran|Protect|p1a: Heatran
|-singleturn|p1a: Heatran|Protect
|move|p2a: Diancie|Earth Power|p1a: Heatran
|-activate|p1a: Heatran|Protect
|
|-heal|p1a: Heatran|385\/385|[from] item: Leftovers
|turn|18
|
|switch|p2a: Landorus-Therian|Landorus-Therian, M|120\/319
|-ability|p2a: Landorus-Therian|Intimidate|[of] p1a: Heatran
|-unboost|p1a: Heatran|atk|1
|move|p1a: Heatran|Earth Power|p2a: Landorus-Therian
|-immune|p2a: Landorus-Therian|[msg]
|
|turn|19
|
|move|p1a: Heatran|Protect|p1a: Heatran
|-singleturn|p1a: Heatran|Protect
|move|p2a: Landorus-Therian|Earthquake|p1a: Heatran
|-activate|p1a: Heatran|Protect
|
|turn|20
|
|switch|p1a: Keldeo|Keldeo|323\/323
|move|p2a: Landorus-Therian|Earthquake|p1a: Keldeo
|-damage|p1a: Keldeo|71\/323
|
|turn|21
|
|switch|p2a: Diancie|Diancie-Mega|153\/258
|move|p1a: Keldeo|Hidden Power|p2a: Diancie
|-resisted|p2a: Diancie
|-damage|p2a: Diancie|120\/258
|
|turn|22
|c|âHiye|!weakness diancie
|raw|<div class="infobox">Diancie (ignoring abilities):<br><span class="message-effect-weak">Weaknesses<\/span>: Grass, Ground, <b>Steel<\/b>, Water<br><span class="message-effect-resist">Resistances<\/span>: Bug, Dark, Fire, Flying, Normal<br><span class="message-effect-immune">Immunities<\/span>: Dragon<\/div>
|join|Azuzu
|
|switch|p1a: Zapdos|Zapdos|172\/383
|-ability|p1a: Zapdos|Pressure
|move|p2a: Diancie|Earth Power|p1a: Zapdos
|-immune|p1a: Zapdos|[msg]
|
|-heal|p1a: Zapdos|195\/383|[from] item: Leftovers
|turn|23
|
|move|p2a: Diancie|Moonblast|p1a: Zapdos
|-damage|p1a: Zapdos|0 fnt
|faint|p1a: Zapdos
|
|
|switch|p1a: Celebi|Celebi|344\/403
|turn|24
|leave|Azuzu
|join|dorkman75
|join|Azuzu
|
|switch|p2a: Celebi|Celebi|401\/401
|move|p1a: Celebi|Giga Drain|p2a: Celebi
|-resisted|p2a: Celebi
|-damage|p2a: Celebi|357\/401
|-heal|p1a: Celebi|366\/403|[from] drain|[of] p2a: Celebi
|
|-heal|p2a: Celebi|382\/401|[from] item: Leftovers
|-heal|p1a: Celebi|391\/403|[from] item: Leftovers
|turn|25
|
|move|p2a: Celebi|Thunder Wave|p1a: Celebi
|-status|p1a: Celebi|par
|move|p1a: Celebi|Stealth Rock|p2a: Celebi
|-sidestart|p2: Hiye|move: Stealth Rock
|
|-heal|p2a: Celebi|401\/401|[from] item: Leftovers
|-heal|p1a: Celebi|403\/403 par|[from] item: Leftovers
|turn|26
|c| dorkman75|qwazz is getting danked
|
|switch|p1a: Metagross|Metagross|54\/301
|move|p2a: Celebi|Stealth Rock|p1a: Metagross
|-sidestart|p1: Qwazzimoto|move: Stealth Rock
|
|turn|27
|
|detailschange|p1a: Metagross|Metagross-Mega
|-mega|p1a: Metagross|Metagross|Metagrossite
|move|p1a: Metagross|Meteor Mash|p2a: Celebi
|-crit|p2a: Celebi
|-damage|p2a: Celebi|130\/401
|move|p2a: Celebi|Thunder Wave|p1a: Metagross
|-status|p1a: Metagross|par
|
|-heal|p2a: Celebi|155\/401|[from] item: Leftovers
|turn|28
|c| dorkman75|6-0?
|c|âHiye|n
|c|âHiye|well
|c|âHiye|mayb
|c|âHiye|idunno
|
|move|p2a: Celebi|Recover|p2a: Celebi
|-heal|p2a: Celebi|356\/401
|move|p1a: Metagross|Meteor Mash|p2a: Celebi
|-damage|p2a: Celebi|194\/401
|
|-heal|p2a: Celebi|219\/401|[from] item: Leftovers
|turn|29
|c|âHiye|diance gets a kill most of the time
|c|âHiye|er i might have to heailng wish diancie
|c|âHiye|so no 6-0
|
|move|p2a: Celebi|Giga Drain|p1a: Metagross
|-resisted|p1a: Metagross
|-damage|p1a: Metagross|16\/301 par
|-heal|p2a: Celebi|238\/401|[from] drain|[of] p1a: Metagross
|cant|p1a: Metagross|par
|
|-heal|p2a: Celebi|263\/401|[from] item: Leftovers
|turn|30
|c|âHiye|predicted thhe para
|c|âHiye|bopgotm
|c| dorkman75|lol
|c|âHiye|ah the qwazz rage is here
|c|âHiye|happy :)))
|
|switch|p1a: Kyurem-Black|Kyurem-Black|405\/405
|-damage|p1a: Kyurem-Black|304\/405|[from] Stealth Rock
|-ability|p1a: Kyurem-Black|Teravolt
|move|p2a: Celebi|Giga Drain|p1a: Kyurem-Black
|-resisted|p1a: Kyurem-Black
|-damage|p1a: Kyurem-Black|247\/405
|-heal|p2a: Celebi|292\/401|[from] drain|[of] p1a: Kyurem-Black
|
|-heal|p1a: Kyurem-Black|272\/405|[from] item: Leftovers
|-heal|p2a: Celebi|317\/401|[from] item: Leftovers
|turn|31
|c|âHiye|wtf
|c|âHiye|i have nothing for kyub
|
|switch|p2a: Keldeo-Resolute|Keldeo-Resolute|312\/323
|-damage|p2a: Keldeo-Resolute|292\/323|[from] Stealth Rock
|move|p1a: Kyurem-Black|Substitute|p1a: Kyurem-Black
|-start|p1a: Kyurem-Black|Substitute
|-damage|p1a: Kyurem-Black|171\/405
|
|-heal|p2a: Keldeo-Resolute|312\/323|[from] item: Leftovers
|-heal|p1a: Kyurem-Black|196\/405|[from] item: Leftovers
|turn|32
|c| dorkman75|why does gengar have levitate but not celebi
|leave|dorkman75
|c|âHiye|gota take a clean 80%
|
|move|p2a: Keldeo-Resolute|Secret Sword|p1a: Kyurem-Black
|-supereffective|p1a: Kyurem-Black
|-end|p1a: Kyurem-Black|Substitute
|move|p1a: Kyurem-Black|Fusion Bolt|p2a: Keldeo-Resolute
|-supereffective|p2a: Keldeo-Resolute
|-damage|p2a: Keldeo-Resolute|52\/323
|
|-heal|p2a: Keldeo-Resolute|72\/323|[from] item: Leftovers
|-heal|p1a: Kyurem-Black|221\/405|[from] item: Leftovers
|turn|33
|c|âHiye|LOL
|c| Azuzu|wow
|c|âHiye|CALLED IT
|c| Azuzu|wow
|c| Azuzu|i think you are my new role model
|
|switch|p2a: Landorus-Therian|Landorus-Therian, M|120\/319
|-damage|p2a: Landorus-Therian|81\/319|[from] Stealth Rock
|-ability|p2a: Landorus-Therian|Intimidate|[of] p1a: Kyurem-Black
|-unboost|p1a: Kyurem-Black|atk|1
|move|p1a: Kyurem-Black|Ice Beam|p2a: Landorus-Therian
|-supereffective|p2a: Landorus-Therian
|-damage|p2a: Landorus-Therian|0 fnt
|faint|p2a: Landorus-Therian
|
|-heal|p1a: Kyurem-Black|246\/405|[from] item: Leftovers
|
|switch|p2a: Diancie|Diancie-Mega|120\/258
|-damage|p2a: Diancie|88\/258|[from] Stealth Rock
|turn|34
|c| Azuzu|REKT
|
|switch|p1a: Metagross|Metagross-Mega|16\/301 par
|-damage|p1a: Metagross|0 fnt|[from] Stealth Rock
|faint|p1a: Metagross
|move|p2a: Diancie|Moonblast|p1: Metagross|[notarget]
|-notarget
|
|
|switch|p1a: Keldeo|Keldeo|71\/323
|-damage|p1a: Keldeo|51\/323|[from] Stealth Rock
|turn|35
|
|switch|p2a: Latias|Latias, F|299\/299
|-damage|p2a: Latias|262\/299|[from] Stealth Rock
|move|p1a: Keldeo|Hidden Power|p2a: Latias
|-supereffective|p2a: Latias
|-damage|p2a: Latias|152\/299
|
|turn|36
|
|switch|p1a: Heatran|Heatran, M|385\/385
|-damage|p1a: Heatran|337\/385|[from] Stealth Rock
|move|p2a: Latias|Healing Wish|p2a: Latias
|faint|p2a: Latias
|
|-heal|p1a: Heatran|361\/385|[from] item: Leftovers
|
|switch|p2a: Diancie|Diancie-Mega|88\/258
|-heal|p2a: Diancie|258\/258|[from] move: Healing Wish
|-damage|p2a: Diancie|226\/258|[from] Stealth Rock
|turn|37
|
|move|p1a: Heatran|Protect|p1a: Heatran
|-singleturn|p1a: Heatran|Protect
|move|p2a: Diancie|Earth Power|p1a: Heatran
|-activate|p1a: Heatran|Protect
|
|-heal|p1a: Heatran|385\/385|[from] item: Leftovers
|turn|38
|leave|Azuzu
|join|Azuzu
|
|move|p2a: Diancie|Earth Power|p1a: Heatran
|-supereffective|p1a: Heatran
|-damage|p1a: Heatran|0 fnt
|faint|p1a: Heatran
|
|c|âHiye|WTF
|c|âHiye|WHY DID THAT KILL
|leave|Azuzu
|
|switch|p1a: Keldeo|Keldeo|51\/323
|-damage|p1a: Keldeo|31\/323|[from] Stealth Rock
|turn|39
|join|Azuzu
|leave|Azuzu
|join|Azuzu
|
|switch|p2a: Keldeo-Resolute|Keldeo-Resolute|72\/323
|-damage|p2a: Keldeo-Resolute|52\/323|[from] Stealth Rock
|move|p1a: Keldeo|Hidden Power|p2a: Keldeo-Resolute
|-resisted|p2a: Keldeo-Resolute
|-damage|p2a: Keldeo-Resolute|11\/323
|
|-heal|p2a: Keldeo-Resolute|31\/323|[from] item: Leftovers
|turn|40
|
|move|p1a: Keldeo|Hidden Power|p2a: Keldeo-Resolute
|-resisted|p2a: Keldeo-Resolute
|-damage|p2a: Keldeo-Resolute|0 fnt
|faint|p2a: Keldeo-Resolute
|
|
|switch|p2a: Diancie|Diancie-Mega|226\/258
|-damage|p2a: Diancie|194\/258|[from] Stealth Rock
|turn|41
|
|move|p1a: Keldeo|Hidden Power|p2a: Diancie
|-resisted|p2a: Diancie
|-damage|p2a: Diancie|159\/258
|move|p2a: Diancie|Moonblast|p1a: Keldeo
|-supereffective|p1a: Keldeo
|-damage|p1a: Keldeo|0 fnt
|faint|p1a: Keldeo
|
|leave|Azuzu
|
|switch|p1a: Celebi|Celebi|403\/403
|-damage|p1a: Celebi|353\/403|[from] Stealth Rock
|turn|42
|join|Azuzu
|c|âHiye|he has to double
|
|switch|p2a: Heatran|Heatran, F|226\/386
|-damage|p2a: Heatran|178\/386|[from] Stealth Rock
|move|p1a: Celebi|Giga Drain|p2a: Heatran
|-resisted|p2a: Heatran
|-damage|p2a: Heatran|163\/386
|-heal|p1a: Celebi|361\/403|[from] drain|[of] p2a: Heatran
|
|-heal|p1a: Celebi|386\/403|[from] item: Leftovers
|-heal|p2a: Heatran|187\/386|[from] item: Leftovers
|turn|43
|c|âHiye|if he doubes he wins
|c|âHiye|hah what a fag
|
|move|p1a: Celebi|Giga Drain|p2a: Heatran
|-resisted|p2a: Heatran
|-damage|p2a: Heatran|171\/386
|-heal|p1a: Celebi|394\/403|[from] drain|[of] p2a: Heatran
|move|p2a: Heatran|Lava Plume|p1a: Celebi
|-supereffective|p1a: Celebi
|-damage|p1a: Celebi|146\/403
|
|-heal|p1a: Celebi|171\/403|[from] item: Leftovers
|-heal|p2a: Heatran|195\/386|[from] item: Leftovers
|turn|44
|
|move|p1a: Celebi|Giga Drain|p2a: Heatran
|-resisted|p2a: Heatran
|-damage|p2a: Heatran|180\/386
|-heal|p1a: Celebi|179\/403|[from] drain|[of] p2a: Heatran
|move|p2a: Heatran|Lava Plume|p1a: Celebi
|-supereffective|p1a: Celebi
|-damage|p1a: Celebi|0 fnt
|faint|p1a: Celebi
|
|-heal|p2a: Heatran|204\/386|[from] item: Leftovers
|
|switch|p1a: Kyurem-Black|Kyurem-Black|246\/405
|-damage|p1a: Kyurem-Black|145\/405|[from] Stealth Rock
|-ability|p1a: Kyurem-Black|Teravolt
|turn|45
|
|move|p1a: Kyurem-Black|Substitute|p1a: Kyurem-Black
|-start|p1a: Kyurem-Black|Substitute
|-damage|p1a: Kyurem-Black|44\/405
|move|p2a: Heatran|Lava Plume|p1a: Kyurem-Black
|-end|p1a: Kyurem-Black|Substitute
|
|-heal|p1a: Kyurem-Black|69\/405|[from] item: Leftovers
|-heal|p2a: Heatran|228\/386|[from] item: Leftovers
|turn|46
|c|âHiye|typical qwazz, raging in chat
|-message|Qwazzimoto lost due to inactivity.
|
|win|Hiye
|join|lolhaxx
|leave|Qwazzimoto
|player|p1
|leave|Azuzu
|leave|lolhaxx
|join|lolhaxx