|join|The Phantom Tele
|join|Hiye
|player|p1|The Phantom Tele|166
|player|p2|Hiye|101
|gametype|singles
|gen|6
|tier|OU
|rated
|clearpoke
|poke|p1|Slowbro, F
|poke|p1|Tornadus-Therian, M
|poke|p1|Altaria, F
|poke|p1|Heatran, F
|poke|p1|Keldeo
|poke|p1|Scizor, F
|poke|p2|Diancie
|poke|p2|Latias, F
|poke|p2|Heatran, M
|poke|p2|Landorus-Therian, M
|poke|p2|Celebi
|poke|p2|Keldeo
|rule|Swagger Clause: Swagger is banned
|rule|Baton Pass Clause: Limit one PokÃ©mon knowing Baton Pass
|rule|Sleep Clause Mod: Limit one foe put to sleep
|rule|Species Clause: Limit one of each PokÃ©mon
|rule|OHKO Clause: OHKO moves are banned
|rule|Moody Clause: Moody is banned
|rule|Evasion Moves Clause: Evasion moves are banned
|rule|Endless Battle Clause: Forcing endless battles is banned
|rule|HP Percentage Mod: HP is shown in percentages
|teampreview
|
|start
|switch|p1a: Tornadus-Therian|Tornadus-Therian, M|332\/332
|switch|p2a: Diancie|Diancie|257\/257
|turn|1
|
|detailschange|p2a: Diancie|Diancie-Mega
|-mega|p2a: Diancie|Diancie|Diancite
|move|p1a: Tornadus-Therian|U-turn|p2a: Diancie
|-resisted|p2a: Diancie
|-damage|p2a: Diancie|235\/257
|
|switch|p1a: Slowbro|Slowbro, F|394\/394
|move|p2a: Diancie|Diamond Storm|p1a: Slowbro
|-damage|p1a: Slowbro|265\/394
|
|-heal|p1a: Slowbro|289\/394|[from] item: Leftovers
|turn|2
|
|switch|p2a: Celebi|Celebi|404\/404
|move|p1a: Slowbro|Scald|p2a: Celebi
|-resisted|p2a: Celebi
|-damage|p2a: Celebi|356\/404
|
|-heal|p2a: Celebi|381\/404|[from] item: Leftovers
|-heal|p1a: Slowbro|313\/394|[from] item: Leftovers
|turn|3
|
|switch|p1a: Heatran|Heatran, F|386\/386
|move|p2a: Celebi|Stealth Rock|p1a: Heatran
|-sidestart|p1: The Phantom Tele|move: Stealth Rock
|
|-heal|p2a: Celebi|404\/404|[from] item: Leftovers
|turn|4
|
|switch|p2a: Diancie|Diancie-Mega|235\/257
|move|p1a: Heatran|Stealth Rock|p2a: Diancie
|move|p2a: Diancie|Stealth Rock|p1a: Heatran|[from]Magic Bounce
|-fail|p1a: Heatran
|
|turn|5
|
|switch|p1a: Scizor|Scizor, F|344\/344
|-damage|p1a: Scizor|301\/344|[from] Stealth Rock
|move|p2a: Diancie|Earth Power|p1a: Scizor
|-damage|p1a: Scizor|152\/344
|
|-heal|p1a: Scizor|173\/344|[from] item: Leftovers
|turn|6
|
|switch|p2a: Keldeo|Keldeo|323\/323
|move|p1a: Scizor|Roost|p1a: Scizor
|-heal|p1a: Scizor|344\/344
|
|turn|7
|
|switch|p1a: Slowbro|Slowbro, F|394\/394
|-damage|p1a: Slowbro|345\/394|[from] Stealth Rock
|move|p2a: Keldeo|Scald|p1a: Slowbro
|-resisted|p1a: Slowbro
|-damage|p1a: Slowbro|259\/394
|
|-heal|p1a: Slowbro|283\/394|[from] item: Leftovers
|turn|8
|join|RayDalio
|
|switch|p2a: Celebi|Celebi|404\/404
|switch|p1a: Heatran|Heatran, F|386\/386
|-damage|p1a: Heatran|338\/386|[from] Stealth Rock
|
|-heal|p1a: Heatran|362\/386|[from] item: Leftovers
|turn|9
|
|switch|p2a: Diancie|Diancie-Mega|235\/257
|move|p1a: Heatran|Lava Plume|p2a: Diancie
|-resisted|p2a: Diancie
|-damage|p2a: Diancie|176\/257
|-status|p2a: Diancie|brn
|
|-heal|p1a: Heatran|386\/386|[from] item: Leftovers
|-damage|p2a: Diancie|144\/257 brn|[from] brn
|turn|10
|
|switch|p2a: Keldeo|Keldeo|323\/323
|switch|p1a: Slowbro|Slowbro, F|394\/394
|-damage|p1a: Slowbro|345\/394|[from] Stealth Rock
|
|-heal|p1a: Slowbro|369\/394|[from] item: Leftovers
|turn|11
|
|switch|p2a: Celebi|Celebi|404\/404
|move|p1a: Slowbro|Thunder Wave|p2a: Celebi
|-status|p2a: Celebi|par
|
|-heal|p1a: Slowbro|393\/394|[from] item: Leftovers
|turn|12
|
|switch|p2a: Keldeo|Keldeo|323\/323
|move|p1a: Slowbro|Scald|p2a: Keldeo
|-resisted|p2a: Keldeo
|-damage|p2a: Keldeo|271\/323
|
|-heal|p2a: Keldeo|291\/323|[from] item: Leftovers
|-heal|p1a: Slowbro|394\/394|[from] item: Leftovers
|turn|13
|
|switch|p2a: Celebi|Celebi|404\/404
|move|p1a: Slowbro|Thunder Wave|p2a: Celebi
|-status|p2a: Celebi|par
|
|turn|14
|
|switch|p1a: Scizor|Scizor, F|344\/344
|-damage|p1a: Scizor|301\/344|[from] Stealth Rock
|move|p2a: Celebi|Thunder Wave|p1a: Scizor
|-status|p1a: Scizor|par
|
|-heal|p1a: Scizor|322\/344 par|[from] item: Leftovers
|turn|15
|
|switch|p2a: Keldeo|Keldeo|291\/323
|move|p1a: Scizor|Defog|p2a: Keldeo
|-unboost|p2a: Keldeo|evasion|1
|-sideend|p1: The Phantom Tele|Stealth Rock|[from] move: Defog|[of] p1a: Scizor
|
|-heal|p2a: Keldeo|311\/323|[from] item: Leftovers
|-heal|p1a: Scizor|343\/344 par|[from] item: Leftovers
|turn|16
|
|switch|p1a: Slowbro|Slowbro, F|394\/394
|move|p2a: Keldeo|Scald|p1a: Slowbro
|-resisted|p1a: Slowbro
|-damage|p1a: Slowbro|304\/394
|-status|p1a: Slowbro|brn
|
|-heal|p2a: Keldeo|323\/323|[from] item: Leftovers
|-heal|p1a: Slowbro|328\/394 brn|[from] item: Leftovers
|-damage|p1a: Slowbro|279\/394 brn|[from] brn
|turn|17
|
|move|p2a: Keldeo|Substitute|p2a: Keldeo
|-start|p2a: Keldeo|Substitute
|-damage|p2a: Keldeo|243\/323
|move|p1a: Slowbro|Thunder Wave|p2a: Keldeo
|
|-heal|p2a: Keldeo|263\/323|[from] item: Leftovers
|-heal|p1a: Slowbro|303\/394 brn|[from] item: Leftovers
|-damage|p1a: Slowbro|254\/394 brn|[from] brn
|turn|18
|
|move|p2a: Keldeo|Scald|p1a: Slowbro
|-resisted|p1a: Slowbro
|-damage|p1a: Slowbro|164\/394 brn
|move|p1a: Slowbro|Psyshock|p2a: Keldeo
|-supereffective|p2a: Keldeo
|-end|p2a: Keldeo|Substitute
|
|-heal|p2a: Keldeo|283\/323|[from] item: Leftovers
|-heal|p1a: Slowbro|188\/394 brn|[from] item: Leftovers
|-damage|p1a: Slowbro|139\/394 brn|[from] brn
|turn|19
|
|switch|p2a: Celebi|Celebi|404\/404
|move|p1a: Slowbro|Slack Off|p1a: Slowbro
|-heal|p1a: Slowbro|336\/394 brn
|
|-heal|p1a: Slowbro|360\/394 brn|[from] item: Leftovers
|-damage|p1a: Slowbro|311\/394 brn|[from] brn
|turn|20
|join|Stoned Zard
|
|switch|p1a: Altaria|Altaria, F|354\/354
|move|p2a: Celebi|Thunder Wave|p1a: Altaria
|-status|p1a: Altaria|par
|
|turn|21
|
|move|p2a: Celebi|Stealth Rock|p1a: Altaria
|-sidestart|p1: The Phantom Tele|move: Stealth Rock
|cant|p1a: Altaria|par
|
|turn|22
|
|switch|p2a: Landorus-Therian|Landorus-Therian, M|319\/319
|-ability|p2a: Landorus-Therian|Intimidate|[of] p1a: Altaria
|-unboost|p1a: Altaria|atk|1
|detailschange|p1a: Altaria|Altaria-Mega, F
|-mega|p1a: Altaria|Altaria|Altarianite
|cant|p1a: Altaria|par
|
|turn|23
|
|move|p2a: Landorus-Therian|U-turn|p1a: Altaria
|-resisted|p1a: Altaria
|-damage|p1a: Altaria|308\/354 par
|c|âHiye|pls no eq here
|
|switch|p2a: Heatran|Heatran, M|386\/386
|move|p1a: Altaria|Heal Bell|p1a: Altaria
|-cureteam|p1a: Altaria|[from] move: HealBell
|
|turn|24
|c|âThe Phantom Tele|relax man
|c|âThe Phantom Tele|just a game
|
|switch|p1a: Slowbro|Slowbro, F|394\/394
|-damage|p1a: Slowbro|345\/394|[from] Stealth Rock
|switch|p2a: Landorus-Therian|Landorus-Therian, M|319\/319
|-ability|p2a: Landorus-Therian|Intimidate|[of] p1a: Slowbro
|-unboost|p1a: Slowbro|atk|1
|
|-heal|p1a: Slowbro|369\/394|[from] item: Leftovers
|turn|25
|
|move|p2a: Landorus-Therian|U-turn|p1a: Slowbro
|-supereffective|p1a: Slowbro
|-damage|p1a: Slowbro|245\/394
|
|switch|p2a: Celebi|Celebi|404\/404
|move|p1a: Slowbro|Scald|p2a: Celebi
|-resisted|p2a: Celebi
|-damage|p2a: Celebi|358\/404
|
|-heal|p2a: Celebi|383\/404|[from] item: Leftovers
|-heal|p1a: Slowbro|269\/394|[from] item: Leftovers
|turn|26
|
|switch|p1a: Heatran|Heatran, F|386\/386
|-damage|p1a: Heatran|338\/386|[from] Stealth Rock
|move|p2a: Celebi|Thunder Wave|p1a: Heatran
|-status|p1a: Heatran|par
|
|-heal|p2a: Celebi|404\/404|[from] item: Leftovers
|-heal|p1a: Heatran|362\/386 par|[from] item: Leftovers
|turn|27
|
|switch|p2a: Heatran|Heatran, M|386\/386
|cant|p1a: Heatran|par
|
|-heal|p1a: Heatran|386\/386 par|[from] item: Leftovers
|turn|28
|
|switch|p1a: Slowbro|Slowbro, F|394\/394
|-damage|p1a: Slowbro|345\/394|[from] Stealth Rock
|move|p2a: Heatran|Taunt|p1a: Slowbro
|-start|p1a: Slowbro|move: Taunt
|
|-heal|p1a: Slowbro|369\/394|[from] item: Leftovers
|turn|29
|
|move|p2a: Heatran|Toxic|p1a: Slowbro
|-status|p1a: Slowbro|tox
|move|p1a: Slowbro|Scald|p2a: Heatran
|-supereffective|p2a: Heatran
|-damage|p2a: Heatran|260\/386
|
|-heal|p2a: Heatran|284\/386|[from] item: Leftovers
|-heal|p1a: Slowbro|393\/394 tox|[from] item: Leftovers
|-damage|p1a: Slowbro|369\/394 tox|[from] psn
|turn|30
|
|move|p2a: Heatran|Protect|p2a: Heatran
|-singleturn|p2a: Heatran|Protect
|move|p1a: Slowbro|Scald|p2a: Heatran
|-activate|p2a: Heatran|Protect
|
|-heal|p2a: Heatran|308\/386|[from] item: Leftovers
|-heal|p1a: Slowbro|393\/394 tox|[from] item: Leftovers
|-damage|p1a: Slowbro|345\/394 tox|[from] psn
|turn|31
|
|switch|p2a: Celebi|Celebi|404\/404
|move|p1a: Slowbro|Scald|p2a: Celebi
|-resisted|p2a: Celebi
|-damage|p2a: Celebi|358\/404
|
|-heal|p2a: Celebi|383\/404|[from] item: Leftovers
|-heal|p1a: Slowbro|369\/394 tox|[from] item: Leftovers
|-damage|p1a: Slowbro|297\/394 tox|[from] psn
|-end|p1a: Slowbro|move: Taunt
|turn|32
|
|switch|p2a: Keldeo|Keldeo|283\/323
|switch|p1a: Tornadus-Therian|Tornadus-Therian, M|332\/332
|-damage|p1a: Tornadus-Therian|249\/332|[from] Stealth Rock
|
|-heal|p2a: Keldeo|303\/323|[from] item: Leftovers
|turn|33
|c|âThe Phantom Tele|WHAT TAKING THIS NOW
|c|âThe Phantom Tele|WHATS TAKING
|c|âThe Phantom Tele|THIS HURRI
|
|switch|p2a: Latias|Latias, F|299\/299
|move|p1a: Tornadus-Therian|Hurricane|p2a: Latias
|-damage|p2a: Latias|173\/299
|
|turn|34
|c|âThe Phantom Tele|WHATS TAKING
|c|âThe Phantom Tele|THIS KNOCK
|c|âThe Phantom Tele|WHAT
|
|move|p1a: Tornadus-Therian|Knock Off|p2a: Latias
|-supereffective|p2a: Latias
|-damage|p2a: Latias|19\/299
|-enditem|p2a: Latias|Life Orb|[from] move: Knock Off|[of] p1a: Tornadus-Therian
|move|p2a: Latias|Roost|p2a: Latias
|-heal|p2a: Latias|169\/299
|
|turn|35
|
|move|p1a: Tornadus-Therian|U-turn|p2a: Latias
|-supereffective|p2a: Latias
|-damage|p2a: Latias|55\/299
|
|switch|p1a: Scizor|Scizor, F|343\/344
|-damage|p1a: Scizor|300\/344|[from] Stealth Rock
|move|p2a: Latias|Roost|p2a: Latias
|-heal|p2a: Latias|205\/299
|
|-heal|p1a: Scizor|321\/344|[from] item: Leftovers
|turn|36
|c|âThe Phantom Tele|get outta
|c|âThe Phantom Tele|u and ur rox
|
|switch|p2a: Keldeo|Keldeo|303\/323
|move|p1a: Scizor|Defog|p2a: Keldeo
|-unboost|p2a: Keldeo|evasion|1
|-sideend|p1: The Phantom Tele|Stealth Rock|[from] move: Defog|[of] p1a: Scizor
|
|-heal|p2a: Keldeo|323\/323|[from] item: Leftovers
|-heal|p1a: Scizor|342\/344|[from] item: Leftovers
|turn|37
|
|switch|p1a: Altaria|Altaria-Mega, F|308\/354
|move|p2a: Keldeo|Calm Mind|p2a: Keldeo
|-boost|p2a: Keldeo|spa|1
|-boost|p2a: Keldeo|spd|1
|
|turn|38
|
|switch|p2a: Heatran|Heatran, M|308\/386
|move|p1a: Altaria|Hyper Voice|p2a: Heatran
|-resisted|p2a: Heatran
|-damage|p2a: Heatran|280\/386
|
|-heal|p2a: Heatran|304\/386|[from] item: Leftovers
|turn|39
|
|switch|p1a: Keldeo|Keldeo|323\/323
|switch|p2a: Landorus-Therian|Landorus-Therian, M|319\/319
|-ability|p2a: Landorus-Therian|Intimidate|[of] p1a: Keldeo
|-unboost|p1a: Keldeo|atk|1
|
|turn|40
|
|switch|p2a: Celebi|Celebi|383\/404
|move|p1a: Keldeo|Scald|p2a: Celebi
|-resisted|p2a: Celebi
|-damage|p2a: Celebi|311\/404
|
|-heal|p2a: Celebi|336\/404|[from] item: Leftovers
|turn|41
|
|switch|p1a: Scizor|Scizor, F|342\/344
|move|p2a: Celebi|Stealth Rock|p1a: Scizor
|-sidestart|p1: The Phantom Tele|move: Stealth Rock
|
|-heal|p2a: Celebi|361\/404|[from] item: Leftovers
|-heal|p1a: Scizor|344\/344|[from] item: Leftovers
|turn|42
|
|switch|p2a: Keldeo|Keldeo|323\/323
|move|p1a: Scizor|Defog|p2a: Keldeo
|-unboost|p2a: Keldeo|evasion|1
|-sideend|p1: The Phantom Tele|Stealth Rock|[from] move: Defog|[of] p1a: Scizor
|
|turn|43
|
|move|p2a: Keldeo|Scald|p1a: Scizor
|-damage|p1a: Scizor|194\/344
|move|p1a: Scizor|U-turn|p2a: Keldeo
|-resisted|p2a: Keldeo
|-damage|p2a: Keldeo|260\/323
|
|switch|p1a: Altaria|Altaria-Mega, F|308\/354
|
|-heal|p2a: Keldeo|280\/323|[from] item: Leftovers
|turn|44
|c|âHiye|k
|
|switch|p2a: Heatran|Heatran, M|304\/386
|move|p1a: Altaria|Heal Bell|p1a: Altaria
|-cureteam|p1a: Altaria|[from] move: HealBell
|
|-heal|p2a: Heatran|328\/386|[from] item: Leftovers
|turn|45
|c|âHiye|ur doubling here
|c|âHiye|o
|
|switch|p1a: Tornadus-Therian|Tornadus-Therian, M|332\/332
|move|p2a: Heatran|Taunt|p1a: Tornadus-Therian
|-start|p1a: Tornadus-Therian|move: Taunt
|
|-heal|p2a: Heatran|352\/386|[from] item: Leftovers
|turn|46
|c|âHiye|nothing for knock..
|
|move|p1a: Tornadus-Therian|Knock Off|p2a: Heatran
|-damage|p2a: Heatran|284\/386
|-enditem|p2a: Heatran|Leftovers|[from] move: Knock Off|[of] p1a: Tornadus-Therian
|move|p2a: Heatran|Toxic|p1a: Tornadus-Therian
|-status|p1a: Tornadus-Therian|tox
|
|-damage|p1a: Tornadus-Therian|312\/332 tox|[from] psn
|turn|47
|
|move|p2a: Heatran|Protect|p2a: Heatran
|-singleturn|p2a: Heatran|Protect
|move|p1a: Tornadus-Therian|Focus Blast|p2a: Heatran
|-activate|p2a: Heatran|Protect
|
|-damage|p1a: Tornadus-Therian|272\/332 tox|[from] psn
|turn|48
|
|move|p1a: Tornadus-Therian|U-turn|p2a: Heatran
|-resisted|p2a: Heatran
|-damage|p2a: Heatran|272\/386
|
|switch|p1a: Keldeo|Keldeo|323\/323
|move|p2a: Heatran|Taunt|p1a: Keldeo
|-start|p1a: Keldeo|move: Taunt
|
|turn|49
|c|âThe Phantom Tele|lmao
|c|âThe Phantom Tele|i cant lose
|c|âHiye|ya shouldn't have taunted
|
|switch|p2a: Celebi|Celebi|361\/404
|move|p1a: Keldeo|Scald|p2a: Celebi
|-resisted|p2a: Celebi
|-damage|p2a: Celebi|289\/404
|
|-heal|p2a: Celebi|314\/404|[from] item: Leftovers
|turn|50
|c|âThe Phantom Tele|look i cant lose
|c|âThe Phantom Tele|ive got an answer
|c|âThe Phantom Tele|for every of ur mons
|
|switch|p1a: Scizor|Scizor, F|194\/344
|move|p2a: Celebi|Stealth Rock|p1a: Scizor
|-sidestart|p1: The Phantom Tele|move: Stealth Rock
|
|-heal|p2a: Celebi|339\/404|[from] item: Leftovers
|-heal|p1a: Scizor|215\/344|[from] item: Leftovers
|turn|51
|
|switch|p2a: Heatran|Heatran, M|272\/386
|move|p1a: Scizor|Defog|p2a: Heatran
|-unboost|p2a: Heatran|evasion|1
|-sideend|p1: The Phantom Tele|Stealth Rock|[from] move: Defog|[of] p1a: Scizor
|
|-heal|p1a: Scizor|236\/344|[from] item: Leftovers
|turn|52
|
|switch|p1a: Tornadus-Therian|Tornadus-Therian, M|332\/332 tox
|move|p2a: Heatran|Lava Plume|p1a: Tornadus-Therian
|-damage|p1a: Tornadus-Therian|242\/332 tox
|
|-damage|p1a: Tornadus-Therian|222\/332 tox|[from] psn
|turn|53
|
|switch|p1a: Keldeo|Keldeo|323\/323
|move|p2a: Heatran|Protect|p2a: Heatran
|-fail|p2a: Heatran
|
|turn|54
|
|move|p2a: Heatran|Protect|p2a: Heatran
|-singleturn|p2a: Heatran|Protect
|move|p1a: Keldeo|Substitute|p1a: Keldeo
|-start|p1a: Keldeo|Substitute
|-damage|p1a: Keldeo|243\/323
|
|-heal|p1a: Keldeo|263\/323|[from] item: Leftovers
|turn|55
|c|âHiye|...k
|
|switch|p2a: Celebi|Celebi|339\/404
|move|p1a: Keldeo|Calm Mind|p1a: Keldeo
|-boost|p1a: Keldeo|spa|1
|-boost|p1a: Keldeo|spd|1
|
|-heal|p1a: Keldeo|283\/323|[from] item: Leftovers
|-heal|p2a: Celebi|364\/404|[from] item: Leftovers
|turn|56
|c|âThe Phantom Tele|burn
|
|move|p1a: Keldeo|Scald|p2a: Celebi
|-resisted|p2a: Celebi
|-damage|p2a: Celebi|265\/404
|move|p2a: Celebi|Giga Drain|p1a: Keldeo
|-crit|p1a: Keldeo
|-supereffective|p1a: Keldeo
|-end|p1a: Keldeo|Substitute
|-heal|p2a: Celebi|305\/404|[from] drain|[of] p1a: Keldeo
|
|-heal|p1a: Keldeo|303\/323|[from] item: Leftovers
|-heal|p2a: Celebi|330\/404|[from] item: Leftovers
|turn|57
|
|switch|p1a: Scizor|Scizor, F|236\/344
|move|p2a: Celebi|Giga Drain|p1a: Scizor
|-resisted|p1a: Scizor
|-damage|p1a: Scizor|212\/344
|-heal|p2a: Celebi|342\/404|[from] drain|[of] p1a: Scizor
|
|-heal|p2a: Celebi|367\/404|[from] item: Leftovers
|-heal|p1a: Scizor|233\/344|[from] item: Leftovers
|turn|58
|
|switch|p2a: Keldeo|Keldeo|280\/323
|move|p1a: Scizor|U-turn|p2a: Keldeo
|-resisted|p2a: Keldeo
|-damage|p2a: Keldeo|214\/323
|
|switch|p1a: Tornadus-Therian|Tornadus-Therian, M|332\/332 tox
|
|-heal|p2a: Keldeo|234\/323|[from] item: Leftovers
|-damage|p1a: Tornadus-Therian|312\/332 tox|[from] psn
|turn|59
|c|âThe Phantom Tele|look at thid
|
|switch|p2a: Landorus-Therian|Landorus-Therian, M|319\/319
|-ability|p2a: Landorus-Therian|Intimidate|[of] p1a: Tornadus-Therian
|-unboost|p1a: Tornadus-Therian|atk|1
|move|p1a: Tornadus-Therian|Hurricane|p2a: Landorus-Therian|[miss]
|-miss|p1a: Tornadus-Therian|p2a: Landorus-Therian
|
|-damage|p1a: Tornadus-Therian|272\/332 tox|[from] psn
|turn|60
|c|âHiye|ya I looked
|c|âThe Phantom Tele|look more attentively
|
|switch|p1a: Slowbro|Slowbro, F|394\/394
|move|p2a: Landorus-Therian|U-turn|p1a: Slowbro
|-supereffective|p1a: Slowbro
|-damage|p1a: Slowbro|254\/394
|
|switch|p2a: Celebi|Celebi|367\/404
|
|-heal|p2a: Celebi|392\/404|[from] item: Leftovers
|-heal|p1a: Slowbro|278\/394|[from] item: Leftovers
|turn|61
|c|âHiye|this lando
|c|âHiye|needs knock off
|c|âThe Phantom Tele|luckily i didnt brought the same team with tios over scizor
|
|switch|p1a: Scizor|Scizor, F|233\/344
|move|p2a: Celebi|Stealth Rock|p1a: Scizor
|-sidestart|p1: The Phantom Tele|move: Stealth Rock
|
|-heal|p2a: Celebi|404\/404|[from] item: Leftovers
|-heal|p1a: Scizor|254\/344|[from] item: Leftovers
|turn|62
|c|âThe Phantom Tele|trying both varianta
|c|âThe Phantom Tele|zor works better becos all of these fairis
|
|switch|p2a: Keldeo|Keldeo|234\/323
|move|p1a: Scizor|Defog|p2a: Keldeo
|-unboost|p2a: Keldeo|evasion|1
|-sideend|p1: The Phantom Tele|Stealth Rock|[from] move: Defog|[of] p1a: Scizor
|
|-heal|p2a: Keldeo|254\/323|[from] item: Leftovers
|-heal|p1a: Scizor|275\/344|[from] item: Leftovers
|turn|63
|
|switch|p1a: Altaria|Altaria-Mega, F|308\/354
|move|p2a: Keldeo|Scald|p1a: Altaria
|-resisted|p1a: Altaria
|-damage|p1a: Altaria|257\/354
|
|-heal|p2a: Keldeo|274\/323|[from] item: Leftovers
|turn|64
|
|switch|p2a: Heatran|Heatran, M|272\/386
|move|p1a: Altaria|Hyper Voice|p2a: Heatran
|-resisted|p2a: Heatran
|-damage|p2a: Heatran|247\/386
|
|turn|65
|
|switch|p1a: Tornadus-Therian|Tornadus-Therian, M|332\/332 tox
|move|p2a: Heatran|Toxic|p1a: Tornadus-Therian
|-fail|p1a: Tornadus-Therian|tox
|
|-damage|p1a: Tornadus-Therian|312\/332 tox|[from] psn
|turn|66
|c|âHiye|I didn't understand when you u turned when scizor
|c|âHiye|when keld coudlve burned
|c|âThe Phantom Tele|wanted a safe switch
|c|âThe Phantom Tele|into altaria
|c|âThe Phantom Tele|to heal
|c|âHiye|If I had gotten it, diancie woudlve sweot
|
|move|p2a: Heatran|Protect|p2a: Heatran
|-singleturn|p2a: Heatran|Protect
|move|p1a: Tornadus-Therian|Knock Off|p2a: Heatran
|-activate|p2a: Heatran|Protect
|
|-damage|p1a: Tornadus-Therian|272\/332 tox|[from] psn
|turn|67
|c|âThe Phantom Tele|na
|c|âThe Phantom Tele|ive heal bell
|c|âThe Phantom Tele|and lefties on zor
|
|switch|p2a: Landorus-Therian|Landorus-Therian, M|319\/319
|-ability|p2a: Landorus-Therian|Intimidate|[of] p1a: Tornadus-Therian
|-unboost|p1a: Tornadus-Therian|atk|1
|move|p1a: Tornadus-Therian|Focus Blast|p2a: Landorus-Therian|[miss]
|-miss|p1a: Tornadus-Therian|p2a: Landorus-Therian
|
|-damage|p1a: Tornadus-Therian|212\/332 tox|[from] psn
|turn|68
|
|switch|p1a: Slowbro|Slowbro, F|394\/394
|move|p2a: Landorus-Therian|U-turn|p1a: Slowbro
|-supereffective|p1a: Slowbro
|-damage|p1a: Slowbro|264\/394
|c|âHiye|i wishi hd hp fire
|
|switch|p2a: Celebi|Celebi|404\/404
|
|-heal|p1a: Slowbro|288\/394|[from] item: Leftovers
|turn|69
|c|âThe Phantom Tele|uncommon on latiias
|c|âHiye|On diancie
|
|switch|p1a: Scizor|Scizor, F|275\/344
|move|p2a: Celebi|Stealth Rock|p1a: Scizor
|-sidestart|p1: The Phantom Tele|move: Stealth Rock
|
|-heal|p1a: Scizor|296\/344|[from] item: Leftovers
|turn|70
|c|âThe Phantom Tele|ah
|c|âHiye|Looks like we need to get trhough 24 defogs
|
|switch|p2a: Keldeo|Keldeo|274\/323
|move|p1a: Scizor|Defog|p2a: Keldeo
|-unboost|p2a: Keldeo|evasion|1
|-sideend|p1: The Phantom Tele|Stealth Rock|[from] move: Defog|[of] p1a: Scizor
|
|-heal|p2a: Keldeo|294\/323|[from] item: Leftovers
|-heal|p1a: Scizor|317\/344|[from] item: Leftovers
|turn|71
|c|âHiye|and 100 50\/50s with torandus
|
|switch|p1a: Tornadus-Therian|Tornadus-Therian, M|322\/332 tox
|move|p2a: Keldeo|Scald|p1a: Tornadus-Therian
|-damage|p1a: Tornadus-Therian|213\/332 tox
|
|-heal|p2a: Keldeo|314\/323|[from] item: Leftovers
|-damage|p1a: Tornadus-Therian|193\/332 tox|[from] psn
|turn|72
|
|switch|p2a: Landorus-Therian|Landorus-Therian, M|319\/319
|-ability|p2a: Landorus-Therian|Intimidate|[of] p1a: Tornadus-Therian
|-unboost|p1a: Tornadus-Therian|atk|1
|move|p1a: Tornadus-Therian|Hurricane|p2a: Landorus-Therian|[miss]
|-miss|p1a: Tornadus-Therian|p2a: Landorus-Therian
|
|-damage|p1a: Tornadus-Therian|153\/332 tox|[from] psn
|turn|73
|
|switch|p1a: Slowbro|Slowbro, F|394\/394
|move|p2a: Landorus-Therian|U-turn|p1a: Slowbro
|-supereffective|p1a: Slowbro
|-damage|p1a: Slowbro|266\/394
|
|switch|p2a: Celebi|Celebi|404\/404
|
|-heal|p1a: Slowbro|290\/394|[from] item: Leftovers
|turn|74
|
|switch|p1a: Scizor|Scizor, F|317\/344
|move|p2a: Celebi|Stealth Rock|p1a: Scizor
|-sidestart|p1: The Phantom Tele|move: Stealth Rock
|
|-heal|p1a: Scizor|338\/344|[from] item: Leftovers
|turn|75
|
|switch|p2a: Keldeo|Keldeo|314\/323
|move|p1a: Scizor|Defog|p2a: Keldeo
|-unboost|p2a: Keldeo|evasion|1
|-sideend|p1: The Phantom Tele|Stealth Rock|[from] move: Defog|[of] p1a: Scizor
|
|-heal|p2a: Keldeo|323\/323|[from] item: Leftovers
|-heal|p1a: Scizor|344\/344|[from] item: Leftovers
|turn|76
|
|switch|p1a: Altaria|Altaria-Mega, F|257\/354
|move|p2a: Keldeo|Scald|p1a: Altaria
|-resisted|p1a: Altaria
|-damage|p1a: Altaria|209\/354
|-status|p1a: Altaria|brn
|
|-damage|p1a: Altaria|165\/354 brn|[from] brn
|turn|77
|
|switch|p2a: Landorus-Therian|Landorus-Therian, M|319\/319
|-ability|p2a: Landorus-Therian|Intimidate|[of] p1a: Altaria
|-unboost|p1a: Altaria|atk|1
|move|p1a: Altaria|Heal Bell|p1a: Altaria
|-cureteam|p1a: Altaria|[from] move: HealBell
|
|turn|78
|c|âHiye|hers the stone edge
|
|switch|p1a: Scizor|Scizor, F|344\/344
|move|p2a: Landorus-Therian|Earthquake|p1a: Scizor
|-damage|p1a: Scizor|133\/344
|
|-heal|p1a: Scizor|154\/344|[from] item: Leftovers
|turn|79
|c|âHiye|lol
|c|âHiye|i cant even double
|c|âHiye|cause i have nothing for tornadus
|
|switch|p2a: Latias|Latias, F|205\/299
|switch|p1a: Tornadus-Therian|Tornadus-Therian, M|263\/332
|
|turn|80
|
|move|p1a: Tornadus-Therian|U-turn|p2a: Latias
|-supereffective|p2a: Latias
|-damage|p2a: Latias|89\/299
|
|switch|p1a: Heatran|Heatran, F|386\/386
|move|p2a: Latias|Healing Wish|p2a: Latias
|faint|p2a: Latias
|
|
|switch|p2a: Diancie|Diancie-Mega|144\/257 brn
|-heal|p2a: Diancie|257\/257|[from] move: Healing Wish
|turn|81
|c|âHiye|k im winnin here
|
|switch|p1a: Slowbro|Slowbro, F|394\/394
|move|p2a: Diancie|Moonblast|p1a: Slowbro
|-crit|p1a: Slowbro
|-damage|p1a: Slowbro|0 fnt
|faint|p1a: Slowbro
|
|c|âHiye|wish i had rox tho
|c|âHiye|!!!!!!!!!!!!!!!!!!
|
|switch|p1a: Scizor|Scizor, F|154\/344
|turn|82
|c|âHiye|u shud roost here
|
|switch|p2a: Keldeo|Keldeo|323\/323
|move|p1a: Scizor|Roost|p1a: Scizor
|-heal|p1a: Scizor|326\/344
|
|-heal|p1a: Scizor|344\/344|[from] item: Leftovers
|turn|83
|c|âHiye|wtf
|c|âHiye|i guess that was understandable
|c|âHiye|50\/50
|c|âThe Phantom Tele|man just play
|c|âThe Phantom Tele|i dont give 2 fucks
|c|âHiye|both sides if misplay was loss
|
|switch|p1a: Tornadus-Therian|Tornadus-Therian, M|332\/332
|move|p2a: Keldeo|Scald|p1a: Tornadus-Therian
|-damage|p1a: Tornadus-Therian|236\/332
|-status|p1a: Tornadus-Therian|brn
|
|-damage|p1a: Tornadus-Therian|195\/332 brn|[from] brn
|turn|84
|
|switch|p2a: Landorus-Therian|Landorus-Therian, M|319\/319
|-ability|p2a: Landorus-Therian|Intimidate|[of] p1a: Tornadus-Therian
|-unboost|p1a: Tornadus-Therian|atk|1
|move|p1a: Tornadus-Therian|U-turn|p2a: Landorus-Therian
|-resisted|p2a: Landorus-Therian
|-damage|p2a: Landorus-Therian|310\/319
|
|switch|p1a: Keldeo|Keldeo|303\/323
|
|-heal|p1a: Keldeo|323\/323|[from] item: Leftovers
|turn|85
|
|switch|p1a: Scizor|Scizor, F|344\/344
|move|p2a: Landorus-Therian|U-turn|p1a: Scizor
|-resisted|p1a: Scizor
|-damage|p1a: Scizor|293\/344
|
|switch|p2a: Keldeo|Keldeo|323\/323
|
|-heal|p1a: Scizor|314\/344|[from] item: Leftovers
|turn|86
|
|move|p2a: Keldeo|Scald|p1a: Scizor
|-damage|p1a: Scizor|157\/344
|-status|p1a: Scizor|brn
|move|p1a: Scizor|U-turn|p2a: Keldeo
|-resisted|p2a: Keldeo
|-damage|p2a: Keldeo|286\/323
|
|switch|p1a: Altaria|Altaria-Mega, F|165\/354
|
|-heal|p2a: Keldeo|306\/323|[from] item: Leftovers
|turn|87
|
|switch|p2a: Diancie|Diancie-Mega|257\/257
|move|p1a: Altaria|Heal Bell|p1a: Altaria
|-cureteam|p1a: Altaria|[from] move: HealBell
|
|turn|88
|
|switch|p1a: Tornadus-Therian|Tornadus-Therian, M|305\/332
|move|p2a: Diancie|Diamond Storm|p1a: Tornadus-Therian
|-supereffective|p1a: Tornadus-Therian
|-damage|p1a: Tornadus-Therian|0 fnt
|faint|p1a: Tornadus-Therian
|
|-message|The Phantom Tele forfeited.
|
|win|Hiye
|raw|Ladder updating...
|c|âHiye|gg
|raw|The Phantom Tele's rating: 1743 &rarr; <strong>1729<\/strong><br \/>(-14 for losing)
|raw|Hiye's rating: 1848 &rarr; <strong>1862<\/strong><br \/>(+14 for winning)