|join|Hiye
|join|10co
|join|panty nancy
|player|p1|Hiye|101
|player|p2|10co|203
|gametype|singles
|gen|6
|tier|OU (suspect test)
|rated
|clearpoke
|poke|p1|Charizard, M
|poke|p1|Excadrill, F
|poke|p1|Sylveon, M
|poke|p1|Ferrothorn, F
|poke|p1|Rotom-Wash
|poke|p1|Mew
|poke|p2|Azelf
|poke|p2|Glalie, M
|poke|p2|Magnezone
|poke|p2|Latios, M
|poke|p2|Kyurem-Black
|poke|p2|Dragonite, M
|rule|Swagger Clause: Swagger is banned
|rule|Baton Pass Clause: Limit one PokÃ©mon knowing Baton Pass
|rule|Sleep Clause Mod: Limit one foe put to sleep
|rule|Species Clause: Limit one of each PokÃ©mon
|rule|OHKO Clause: OHKO moves are banned
|rule|Moody Clause: Moody is banned
|rule|Evasion Moves Clause: Evasion moves are banned
|rule|Endless Battle Clause: Forcing endless battles is banned
|rule|HP Percentage Mod: HP is shown in percentages
|teampreview
|
|start
|switch|p1a: Excadrill|Excadrill, F|417\/417
|switch|p2a: Azelf|Azelf|291\/291
|-ability|p1a: Excadrill|Mold Breaker
|turn|1
|
|switch|p2a: Magnezone|Magnezone|281\/281
|move|p1a: Excadrill|Stealth Rock|p2a: Magnezone
|-sidestart|p2: 10co|move: Stealth Rock
|
|turn|2
|
|switch|p2a: Azelf|Azelf|291\/291
|-damage|p2a: Azelf|255\/291|[from] Stealth Rock
|move|p1a: Excadrill|Earthquake|p2a: Azelf
|-damage|p2a: Azelf|62\/291
|
|turn|3
|
|move|p2a: Azelf|Knock Off|p1a: Excadrill
|-damage|p1a: Excadrill|239\/417
|-enditem|p1a: Excadrill|Leftovers|[from] move: Knock Off|[of] p2a: Azelf
|move|p1a: Excadrill|Rapid Spin|p2a: Azelf
|-damage|p2a: Azelf|33\/291
|
|turn|4
|
|move|p2a: Azelf|Explosion|p1a: Excadrill
|-crit|p1a: Excadrill
|-resisted|p1a: Excadrill
|-damage|p1a: Excadrill|0 fnt
|faint|p2a: Azelf
|faint|p1a: Excadrill
|
|
|switch|p2a: Magnezone|Magnezone|281\/281
|switch|p1a: Charizard|Charizard, M|359\/359
|-damage|p2a: Magnezone|264\/281|[from] Stealth Rock
|turn|5
|
|detailschange|p1a: Charizard|Charizard-Mega-X, M
|-mega|p1a: Charizard|Charizard|Charizardite X
|move|p2a: Magnezone|Volt Switch|p1a: Charizard
|-resisted|p1a: Charizard
|-damage|p1a: Charizard|286\/359
|
|switch|p2a: Latios|Latios, M|301\/301
|-damage|p2a: Latios|264\/301|[from] Stealth Rock
|move|p1a: Charizard|Dragon Dance|p1a: Charizard
|-boost|p1a: Charizard|atk|1
|-boost|p1a: Charizard|spe|1
|
|turn|6
|
|move|p2a: Latios|Draco Meteor|p1a: Charizard
|-supereffective|p1a: Charizard
|-damage|p1a: Charizard|0 fnt
|-unboost|p2a: Latios|spa|2
|faint|p1a: Charizard
|
|join|jake5
|
|switch|p1a: Sylveon|Sylveon, M|393\/393
|turn|7
|
|switch|p2a: Magnezone|Magnezone|264\/281
|-damage|p2a: Magnezone|247\/281|[from] Stealth Rock
|move|p1a: Sylveon|Hyper Voice|p2a: Magnezone
|-resisted|p2a: Magnezone
|-damage|p2a: Magnezone|161\/281
|
|turn|8
|
|move|p1a: Sylveon|Protect|p1a: Sylveon
|-singleturn|p1a: Sylveon|Protect
|move|p2a: Magnezone|Flash Cannon|p1a: Sylveon
|-activate|p1a: Sylveon|Protect
|
|turn|9
|leave|jake5
|
|switch|p1a: Rotom-Wash|Rotom-Wash|303\/303
|move|p2a: Magnezone|Flash Cannon|p1a: Rotom-Wash
|-resisted|p1a: Rotom-Wash
|-damage|p1a: Rotom-Wash|271\/303
|
|-heal|p1a: Rotom-Wash|289\/303|[from] item: Leftovers
|turn|10
|
|switch|p2a: Latios|Latios, M|264\/301
|-damage|p2a: Latios|227\/301|[from] Stealth Rock
|move|p1a: Rotom-Wash|Volt Switch|p2a: Latios
|-resisted|p2a: Latios
|-damage|p2a: Latios|188\/301
|
|switch|p1a: Mew|Mew|404\/404
|
|turn|11
|
|move|p2a: Latios|Trick|p1a: Mew
|-activate|p2a: Latios|move: Trick|[of] p1a: Mew
|-item|p1a: Mew|Choice Scarf|[from] move: Trick
|-item|p2a: Latios|Leftovers|[from] move: Trick
|move|p1a: Mew|Whirlpool|p2a: Latios|[miss]
|-miss|p1a: Mew|p2a: Latios
|
|-heal|p2a: Latios|206\/301|[from] item: Leftovers
|turn|12
|
|switch|p2a: Kyurem-Black|Kyurem-Black|391\/391
|-damage|p2a: Kyurem-Black|294\/391|[from] Stealth Rock
|-ability|p2a: Kyurem-Black|Teravolt
|move|p1a: Mew|Whirlpool|p2a: Kyurem-Black|[miss]
|-miss|p1a: Mew|p2a: Kyurem-Black
|
|turn|13
|
|move|p1a: Mew|Whirlpool|p2a: Kyurem-Black
|-resisted|p2a: Kyurem-Black
|-damage|p2a: Kyurem-Black|280\/391
|-activate|p2a: Kyurem-Black|move: Whirlpool|[of] p1a: Mew
|move|p2a: Kyurem-Black|Ice Beam|p1a: Mew
|-damage|p1a: Mew|219\/404
|-damage|p2a: Kyurem-Black|241\/391|[from] item: Life Orb
|
|-damage|p2a: Kyurem-Black|193\/391|[from] move: Whirlpool|[partiallytrapped]
|turn|14
|c|âHiye|hurry plz
|
|move|p1a: Mew|Whirlpool|p2a: Kyurem-Black
|-resisted|p2a: Kyurem-Black
|-damage|p2a: Kyurem-Black|178\/391
|move|p2a: Kyurem-Black|Ice Beam|p1a: Mew
|-damage|p1a: Mew|42\/404
|-damage|p2a: Kyurem-Black|139\/391|[from] item: Life Orb
|
|-damage|p2a: Kyurem-Black|91\/391|[from] move: Whirlpool|[partiallytrapped]
|turn|15
|
|switch|p1a: Ferrothorn|Ferrothorn, F|352\/352
|move|p2a: Kyurem-Black|Ice Beam|p1a: Ferrothorn
|-damage|p1a: Ferrothorn|183\/352
|-damage|p2a: Kyurem-Black|52\/391|[from] item: Life Orb
|
|-heal|p1a: Ferrothorn|205\/352|[from] item: Leftovers
|-end|p2a: Kyurem-Black|Whirlpool|[partiallytrapped]
|turn|16
|
|move|p2a: Kyurem-Black|Ice Beam|p1a: Ferrothorn
|-damage|p1a: Ferrothorn|44\/352
|-damage|p2a: Kyurem-Black|13\/391|[from] item: Life Orb
|move|p1a: Ferrothorn|Leech Seed|p2a: Kyurem-Black
|-start|p2a: Kyurem-Black|move: Leech Seed
|
|-heal|p1a: Ferrothorn|66\/352|[from] item: Leftovers
|-damage|p2a: Kyurem-Black|0 fnt|[from] Leech Seed|[of] p1a: Ferrothorn
|-heal|p1a: Ferrothorn|79\/352|[silent]
|faint|p2a: Kyurem-Black
|
|switch|p2a: Magnezone|Magnezone|161\/281
|-damage|p2a: Magnezone|144\/281|[from] Stealth Rock
|turn|17
|
|move|p1a: Ferrothorn|Protect|p1a: Ferrothorn
|-singleturn|p1a: Ferrothorn|Protect
|move|p2a: Magnezone|Hidden Power|p1a: Ferrothorn
|-activate|p1a: Ferrothorn|Protect
|
|-heal|p1a: Ferrothorn|101\/352|[from] item: Leftovers
|turn|18
|
|move|p2a: Magnezone|Hidden Power|p1a: Ferrothorn
|-supereffective|p1a: Ferrothorn
|-damage|p1a: Ferrothorn|0 fnt
|faint|p1a: Ferrothorn
|
|
|switch|p1a: Rotom-Wash|Rotom-Wash|289\/303
|turn|19
|
|switch|p2a: Latios|Latios, M|206\/301
|-damage|p2a: Latios|169\/301|[from] Stealth Rock
|move|p1a: Rotom-Wash|Volt Switch|p2a: Latios
|-resisted|p2a: Latios
|-damage|p2a: Latios|133\/301
|
|switch|p1a: Sylveon|Sylveon, M|393\/393
|
|-heal|p2a: Latios|151\/301|[from] item: Leftovers
|turn|20
|
|move|p2a: Latios|Psyshock|p1a: Sylveon
|-damage|p1a: Sylveon|249\/393
|move|p1a: Sylveon|Hyper Voice|p2a: Latios
|-supereffective|p2a: Latios
|-damage|p2a: Latios|0 fnt
|faint|p2a: Latios
|
|-heal|p1a: Sylveon|273\/393|[from] item: Leftovers
|
|switch|p2a: Glalie|Glalie, M|301\/301
|-damage|p2a: Glalie|226\/301|[from] Stealth Rock
|turn|21
|
|detailschange|p2a: Glalie|Glalie-Mega, M
|-mega|p2a: Glalie|Glalie|Glalitite
|move|p1a: Sylveon|Protect|p1a: Sylveon
|-singleturn|p1a: Sylveon|Protect
|move|p2a: Glalie|Body Slam|p1a: Sylveon
|-activate|p1a: Sylveon|Protect
|
|-heal|p1a: Sylveon|297\/393|[from] item: Leftovers
|turn|22
|
|switch|p1a: Mew|Mew|42\/404
|move|p2a: Glalie|Body Slam|p1a: Mew
|-damage|p1a: Mew|0 fnt
|faint|p1a: Mew
|
|
|switch|p1a: Rotom-Wash|Rotom-Wash|289\/303
|turn|23
|join|rhtrjwr
|
|move|p2a: Glalie|Freeze-Dry|p1a: Rotom-Wash
|-supereffective|p1a: Rotom-Wash
|-damage|p1a: Rotom-Wash|97\/303
|move|p1a: Rotom-Wash|Hydro Pump|p2a: Glalie
|-damage|p2a: Glalie|58\/301
|
|-heal|p1a: Rotom-Wash|115\/303|[from] item: Leftovers
|turn|24
|
|switch|p1a: Sylveon|Sylveon, M|297\/393
|move|p2a: Glalie|Freeze-Dry|p1a: Sylveon
|-damage|p1a: Sylveon|224\/393
|
|-heal|p1a: Sylveon|248\/393|[from] item: Leftovers
|turn|25
|
|move|p1a: Sylveon|Protect|p1a: Sylveon
|-singleturn|p1a: Sylveon|Protect
|move|p2a: Glalie|Body Slam|p1a: Sylveon
|-activate|p1a: Sylveon|Protect
|
|-heal|p1a: Sylveon|272\/393|[from] item: Leftovers
|turn|26
|
|move|p2a: Glalie|Body Slam|p1a: Sylveon
|-damage|p1a: Sylveon|98\/393
|move|p1a: Sylveon|Wish|p1a: Sylveon
|
|-heal|p1a: Sylveon|122\/393|[from] item: Leftovers
|turn|27
|
|move|p1a: Sylveon|Protect|p1a: Sylveon
|-singleturn|p1a: Sylveon|Protect
|move|p2a: Glalie|Freeze-Dry|p1a: Sylveon
|-activate|p1a: Sylveon|Protect
|
|-heal|p1a: Sylveon|318\/393|[from] move: Wish|[wisher] Sylveon
|-heal|p1a: Sylveon|342\/393|[from] item: Leftovers
|turn|28
|
|move|p1a: Sylveon|Protect|p1a: Sylveon
|-singleturn|p1a: Sylveon|Protect
|move|p2a: Glalie|Body Slam|p1a: Sylveon
|-activate|p1a: Sylveon|Protect
|
|-heal|p1a: Sylveon|366\/393|[from] item: Leftovers
|turn|29
|
|move|p2a: Glalie|Body Slam|p1a: Sylveon
|-damage|p1a: Sylveon|195\/393
|move|p1a: Sylveon|Wish|p1a: Sylveon
|
|-heal|p1a: Sylveon|219\/393|[from] item: Leftovers
|turn|30
|
|move|p2a: Glalie|Body Slam|p1a: Sylveon
|-damage|p1a: Sylveon|42\/393
|-status|p1a: Sylveon|par
|cant|p1a: Sylveon|par
|
|-heal|p1a: Sylveon|238\/393 par|[from] move: Wish|[wisher] Sylveon
|-heal|p1a: Sylveon|262\/393 par|[from] item: Leftovers
|turn|31
|
|move|p2a: Glalie|Body Slam|p1a: Sylveon
|-damage|p1a: Sylveon|76\/393 par
|move|p1a: Sylveon|Wish|p1a: Sylveon
|
|-heal|p1a: Sylveon|100\/393 par|[from] item: Leftovers
|turn|32
|c| panty nancy|para
|
|move|p1a: Sylveon|Protect|p1a: Sylveon
|-singleturn|p1a: Sylveon|Protect
|move|p2a: Glalie|Freeze-Dry|p1a: Sylveon
|-activate|p1a: Sylveon|Protect
|
|-heal|p1a: Sylveon|296\/393 par|[from] move: Wish|[wisher] Sylveon
|-heal|p1a: Sylveon|320\/393 par|[from] item: Leftovers
|turn|33
|
|move|p2a: Glalie|Body Slam|p1a: Sylveon
|-damage|p1a: Sylveon|130\/393 par
|move|p1a: Sylveon|Hyper Voice|p2a: Glalie
|-damage|p2a: Glalie|0 fnt
|faint|p2a: Glalie
|
|-heal|p1a: Sylveon|154\/393 par|[from] item: Leftovers
|join|Specs Jesus
|
|switch|p2a: Magnezone|Magnezone|144\/281
|-damage|p2a: Magnezone|127\/281|[from] Stealth Rock
|turn|34
|
|move|p1a: Sylveon|Protect|p1a: Sylveon
|-singleturn|p1a: Sylveon|Protect
|move|p2a: Magnezone|Volt Switch|p1a: Sylveon
|-activate|p1a: Sylveon|Protect
|
|-heal|p1a: Sylveon|178\/393 par|[from] item: Leftovers
|turn|35
|c|â10co|lmaooooooooooooooooo
|c|â10co|the choke is here
|c|â10co|strong af play
|c|â10co|0\/10
|
|move|p2a: Magnezone|Volt Switch|p1a: Sylveon
|-crit|p1a: Sylveon
|-damage|p1a: Sylveon|39\/393 par
|
|switch|p2a: Dragonite|Dragonite, M|323\/323
|-damage|p2a: Dragonite|243\/323|[from] Stealth Rock
|move|p1a: Sylveon|Hyper Voice|p2a: Dragonite
|-supereffective|p2a: Dragonite
|-damage|p2a: Dragonite|0 fnt
|faint|p2a: Dragonite
|
|-heal|p1a: Sylveon|63\/393 par|[from] item: Leftovers
|
|switch|p2a: Magnezone|Magnezone|127\/281
|-damage|p2a: Magnezone|110\/281|[from] Stealth Rock
|turn|36
|
|move|p1a: Sylveon|Protect|p1a: Sylveon
|-singleturn|p1a: Sylveon|Protect
|move|p2a: Magnezone|Thunderbolt|p1a: Sylveon
|-activate|p1a: Sylveon|Protect
|
|-heal|p1a: Sylveon|87\/393 par|[from] item: Leftovers
|turn|37
|
|move|p1a: Sylveon|Protect|p1a: Sylveon
|-fail|p1a: Sylveon
|move|p2a: Magnezone|Thunderbolt|p1a: Sylveon
|-damage|p1a: Sylveon|0 fnt
|faint|p1a: Sylveon
|
|
|switch|p1a: Rotom-Wash|Rotom-Wash|115\/303
|turn|38
|c|â10co|gg
|c|â10co|you played better than me
|c|â10co|i fucked up with exca
|
|move|p2a: Magnezone|Thunderbolt|p1a: Rotom-Wash
|-damage|p1a: Rotom-Wash|0 fnt
|faint|p1a: Rotom-Wash
|
|win|10co
|raw|Ladder updating...
|raw|Hiye's rating: 1612 &rarr; <strong>1584<\/strong><br \/>(-28 for losing)
|raw|10co's rating: 1455 &rarr; <strong>1483<\/strong><br \/>(+28 for winning)
|leave|Hiye
|player|p1
|leave|panty nancy