|join|Hiye
|join|jpw234
|player|p1|Hiye|101
|player|p2|jpw234|290
|gametype|singles
|gen|6
|tier|OU (suspect test)
|rated
|clearpoke
|poke|p1|Charizard, F
|poke|p1|Excadrill, M
|poke|p1|Sylveon, M
|poke|p1|Ferrothorn, F
|poke|p1|Rotom-Wash
|poke|p1|Mew
|poke|p2|Altaria, F
|poke|p2|Gourgeist-*, F
|poke|p2|Tentacruel, F
|poke|p2|Bronzong
|poke|p2|Clefable, F
|poke|p2|Gliscor, M
|rule|Swagger Clause: Swagger is banned
|rule|Baton Pass Clause: Limit one PokÃ©mon knowing Baton Pass
|rule|Sleep Clause Mod: Limit one foe put to sleep
|rule|Species Clause: Limit one of each PokÃ©mon
|rule|OHKO Clause: OHKO moves are banned
|rule|Moody Clause: Moody is banned
|rule|Evasion Moves Clause: Evasion moves are banned
|rule|Endless Battle Clause: Forcing endless battles is banned
|rule|HP Percentage Mod: HP is shown in percentages
|teampreview
|join|jake5
|join|Gizmo
|c| Gizmo|J
|c| Gizmo|P
|c| Gizmo|W
|c| jake5|2
|c| jake5|3
|c| jake5|4
|c|âjpw234|oh damn
|c|âjpw234|did you guys
|c|âjpw234|coordinate that
|c| Gizmo|no
|c| jake5|n
|join|panty nancy
|
|start
|switch|p1a: Mew|Mew|404\/404
|switch|p2a: Tentacruel|Tentacruel, F|357\/357
|turn|1
|
|move|p2a: Tentacruel|Scald|p1a: Mew
|-damage|p1a: Mew|340\/404
|move|p1a: Mew|Whirlpool|p2a: Tentacruel
|-resisted|p2a: Tentacruel
|-damage|p2a: Tentacruel|349\/357
|-activate|p2a: Tentacruel|move: Whirlpool|[of] p1a: Mew
|
|-heal|p2a: Tentacruel|357\/357|[from] item: Leftovers
|-heal|p1a: Mew|365\/404|[from] item: Leftovers
|-damage|p2a: Tentacruel|313\/357|[from] move: Whirlpool|[partiallytrapped]
|turn|2
|c|âjpw234|OH
|c| Gizmo|oh right
|c| Gizmo|this mew
|c|âjpw234|i like
|
|move|p2a: Tentacruel|Substitute|p2a: Tentacruel
|-start|p2a: Tentacruel|Substitute
|-damage|p2a: Tentacruel|224\/357
|move|p1a: Mew|Will-O-Wisp|p2a: Tentacruel
|
|-heal|p2a: Tentacruel|246\/357|[from] item: Leftovers
|-heal|p1a: Mew|390\/404|[from] item: Leftovers
|turn|3
|c|âjpw234|the way you think
|c|âjpw234|mr. hiye
|c| Gizmo|oh
|c| Gizmo|it doesn't work behind a sub?
|c| jake5|what?
|c|âjpw234|but you cannot defeat me
|c| Gizmo|or does it not work on water mons
|c| Gizmo|or something
|c|âjpw234|with sets that i have invented
|
|switch|p1a: Rotom-Wash|Rotom-Wash|303\/303
|move|p2a: Tentacruel|Scald|p1a: Rotom-Wash
|-resisted|p1a: Rotom-Wash
|-damage|p1a: Rotom-Wash|266\/303
|-status|p1a: Rotom-Wash|brn
|
|-heal|p2a: Tentacruel|268\/357|[from] item: Leftovers
|-heal|p1a: Rotom-Wash|284\/303 brn|[from] item: Leftovers
|-damage|p1a: Rotom-Wash|247\/303 brn|[from] brn
|turn|4
|c|âHiye|ok
|c| jake5|that gourgeist is just too fuckin bulky
|
|switch|p2a: Gliscor|Gliscor, M|352\/352
|move|p1a: Rotom-Wash|Volt Switch|p2a: Gliscor
|-immune|p2a: Gliscor|[msg]
|
|-heal|p1a: Rotom-Wash|265\/303 brn|[from] item: Leftovers
|-damage|p1a: Rotom-Wash|228\/303 brn|[from] brn
|-status|p2a: Gliscor|tox|[from] item: Toxic Orb
|turn|5
|join|PuddlesA1
|
|move|p2a: Gliscor|Knock Off|p1a: Rotom-Wash
|-damage|p1a: Rotom-Wash|180\/303 brn
|-enditem|p1a: Rotom-Wash|Leftovers|[from] move: Knock Off|[of] p2a: Gliscor
|move|p1a: Rotom-Wash|Hydro Pump|p2a: Gliscor
|-supereffective|p2a: Gliscor
|-damage|p2a: Gliscor|74\/352 tox
|
|-heal|p2a: Gliscor|118\/352 tox|[from] ability: Poison Heal
|-damage|p1a: Rotom-Wash|143\/303 brn|[from] brn
|turn|6
|
|switch|p1a: Charizard|Charizard, F|359\/359
|move|p2a: Gliscor|Roost|p2a: Gliscor
|-heal|p2a: Gliscor|294\/352 tox
|
|-heal|p2a: Gliscor|338\/352 tox|[from] ability: Poison Heal
|turn|7
|
|switch|p2a: Altaria|Altaria, F|353\/353
|detailschange|p1a: Charizard|Charizard-Mega-X, F
|-mega|p1a: Charizard|Charizard|Charizardite X
|move|p1a: Charizard|Will-O-Wisp|p2a: Altaria
|-status|p2a: Altaria|brn
|
|-damage|p2a: Altaria|309\/353 brn|[from] brn
|turn|8
|
|switch|p1a: Sylveon|Sylveon, M|393\/393
|detailschange|p2a: Altaria|Altaria-Mega, F
|-mega|p2a: Altaria|Altaria|Altarianite
|move|p2a: Altaria|Hyper Voice|p1a: Sylveon
|-damage|p1a: Sylveon|278\/393
|
|-heal|p1a: Sylveon|302\/393|[from] item: Leftovers
|-damage|p2a: Altaria|265\/353 brn|[from] brn
|turn|9
|
|switch|p2a: Bronzong|Bronzong|337\/337
|move|p1a: Sylveon|Heal Bell|p1a: Sylveon
|-cureteam|p1a: Sylveon|[from] move: HealBell
|
|-heal|p1a: Sylveon|326\/393|[from] item: Leftovers
|turn|10
|
|switch|p1a: Excadrill|Excadrill, M|417\/417
|-ability|p1a: Excadrill|Mold Breaker
|move|p2a: Bronzong|Stealth Rock|p1a: Excadrill
|-sidestart|p1: Hiye|move: Stealth Rock
|
|turn|11
|
|switch|p2a: Gourgeist-Super|Gourgeist-Super, F|374\/374
|-item|p1a: Excadrill|Leftovers|[from] ability: Frisk|[of] p2a: Gourgeist-Super|[identify]
|move|p1a: Excadrill|Rapid Spin|p2a: Gourgeist-Super
|-immune|p2a: Gourgeist-Super|[msg]
|
|turn|12
|c| jake5|ulitamet spin blocker
|c| jake5|bar say sableye
|
|move|p1a: Excadrill|Stealth Rock|p2a: Gourgeist-Super
|-sidestart|p2: jpw234|move: Stealth Rock
|move|p2a: Gourgeist-Super|Leech Seed|p1a: Excadrill
|-start|p1a: Excadrill|move: Leech Seed
|
|-damage|p1a: Excadrill|365\/417|[from] Leech Seed|[of] p2a: Gourgeist-Super
|turn|13
|join|LoganUnderFire
|
|switch|p1a: Charizard|Charizard-Mega-X, F|359\/359
|-damage|p1a: Charizard|270\/359|[from] Stealth Rock
|move|p2a: Gourgeist-Super|Will-O-Wisp|p1a: Charizard
|-fail|p1a: Charizard
|
|turn|14
|leave|LoganUnderFire
|
|move|p1a: Charizard|Dragon Dance|p1a: Charizard
|-boost|p1a: Charizard|atk|1
|-boost|p1a: Charizard|spe|1
|move|p2a: Gourgeist-Super|Leech Seed|p1a: Charizard|[miss]
|-miss|p2a: Gourgeist-Super|p1a: Charizard
|
|turn|15
|c|âjpw234|oh
|c| jake5|ooho
|c|âjpw234|good
|
|switch|p2a: Clefable|Clefable, F|394\/394
|-damage|p2a: Clefable|345\/394|[from] Stealth Rock
|move|p1a: Charizard|Dragon Claw|p2a: Clefable
|-immune|p2a: Clefable|[msg]
|
|-heal|p2a: Clefable|369\/394|[from] item: Leftovers
|turn|16
|join|IAmGingy
|join|A7berto
|c| jake5|ah yes i remember
|
|move|p1a: Charizard|Will-O-Wisp|p2a: Clefable
|-status|p2a: Clefable|brn
|move|p2a: Clefable|Moonblast|p1a: Charizard
|-damage|p1a: Charizard|149\/359
|
|-heal|p2a: Clefable|393\/394 brn|[from] item: Leftovers
|-damage|p2a: Clefable|344\/394 brn|[from] brn
|turn|17
|c| jake5|ah if only you had unaware clef lol
|c| jake5|*mg
|
|move|p1a: Charizard|Roost|p1a: Charizard
|-heal|p1a: Charizard|329\/359
|move|p2a: Clefable|Calm Mind|p2a: Clefable
|-boost|p2a: Clefable|spa|1
|-boost|p2a: Clefable|spd|1
|
|-heal|p2a: Clefable|368\/394 brn|[from] item: Leftovers
|-damage|p2a: Clefable|319\/394 brn|[from] brn
|turn|18
|join|iFenrear
|
|switch|p1a: Excadrill|Excadrill, M|365\/417
|-damage|p1a: Excadrill|352\/417|[from] Stealth Rock
|-ability|p1a: Excadrill|Mold Breaker
|move|p2a: Clefable|Moonblast|p1a: Excadrill
|-resisted|p1a: Excadrill
|-damage|p1a: Excadrill|283\/417
|
|-heal|p1a: Excadrill|309\/417|[from] item: Leftovers
|-heal|p2a: Clefable|343\/394 brn|[from] item: Leftovers
|-damage|p2a: Clefable|294\/394 brn|[from] brn
|turn|19
|
|switch|p2a: Gliscor|Gliscor, M|338\/352 tox
|-damage|p2a: Gliscor|294\/352 tox|[from] Stealth Rock
|move|p1a: Excadrill|Iron Head|p2a: Gliscor
|-damage|p2a: Gliscor|198\/352 tox
|
|-heal|p1a: Excadrill|335\/417|[from] item: Leftovers
|-heal|p2a: Gliscor|242\/352 tox|[from] ability: Poison Heal
|turn|20
|
|move|p2a: Gliscor|Earthquake|p1a: Excadrill
|-supereffective|p1a: Excadrill
|-damage|p1a: Excadrill|23\/417
|move|p1a: Excadrill|Rapid Spin|p2a: Gliscor
|-damage|p2a: Gliscor|224\/352 tox
|-sideend|p1: Hiye|Stealth Rock|[from] move: Rapid Spin|[of] p1a: Excadrill
|
|-heal|p1a: Excadrill|49\/417|[from] item: Leftovers
|-heal|p2a: Gliscor|268\/352 tox|[from] ability: Poison Heal
|turn|21
|
|switch|p1a: Rotom-Wash|Rotom-Wash|143\/303
|move|p2a: Gliscor|Knock Off|p1a: Rotom-Wash
|-damage|p1a: Rotom-Wash|109\/303
|
|-heal|p2a: Gliscor|312\/352 tox|[from] ability: Poison Heal
|turn|22
|
|switch|p2a: Tentacruel|Tentacruel, F|268\/357
|-damage|p2a: Tentacruel|224\/357|[from] Stealth Rock
|move|p1a: Rotom-Wash|Pain Split|p2a: Tentacruel
|-sethp|p2a: Tentacruel|166\/357|p1a: Rotom-Wash|166\/303|[from] move: Pain Split
|
|-heal|p2a: Tentacruel|188\/357|[from] item: Leftovers
|turn|23
|
|move|p2a: Tentacruel|Rapid Spin|p1a: Rotom-Wash
|-damage|p1a: Rotom-Wash|158\/303
|-sideend|p2: jpw234|Stealth Rock|[from] move: Rapid Spin|[of] p2a: Tentacruel
|move|p1a: Rotom-Wash|Volt Switch|p2a: Tentacruel
|-supereffective|p2a: Tentacruel
|-damage|p2a: Tentacruel|74\/357
|
|switch|p1a: Excadrill|Excadrill, M|49\/417
|-ability|p1a: Excadrill|Mold Breaker
|
|-heal|p2a: Tentacruel|96\/357|[from] item: Leftovers
|-heal|p1a: Excadrill|75\/417|[from] item: Leftovers
|turn|24
|
|switch|p1a: Charizard|Charizard-Mega-X, F|329\/359
|move|p2a: Tentacruel|Scald|p1a: Charizard
|-damage|p1a: Charizard|247\/359
|
|-heal|p2a: Tentacruel|118\/357|[from] item: Leftovers
|turn|25
|
|switch|p2a: Altaria|Altaria-Mega, F|265\/353 brn
|move|p1a: Charizard|Roost|p1a: Charizard
|-heal|p1a: Charizard|359\/359
|
|-damage|p2a: Altaria|221\/353 brn|[from] brn
|turn|26
|
|switch|p1a: Mew|Mew|390\/404
|move|p2a: Altaria|Roost|p2a: Altaria
|-heal|p2a: Altaria|353\/353 brn
|
|-heal|p1a: Mew|404\/404|[from] item: Leftovers
|-damage|p2a: Altaria|309\/353 brn|[from] brn
|turn|27
|
|switch|p2a: Gliscor|Gliscor, M|312\/352 tox
|move|p1a: Mew|Whirlpool|p2a: Gliscor|[miss]
|-miss|p1a: Mew|p2a: Gliscor
|
|-heal|p2a: Gliscor|352\/352 tox|[from] ability: Poison Heal
|turn|28
|
|switch|p1a: Rotom-Wash|Rotom-Wash|158\/303
|move|p2a: Gliscor|Knock Off|p1a: Rotom-Wash
|-damage|p1a: Rotom-Wash|124\/303
|
|turn|29
|
|switch|p2a: Bronzong|Bronzong|337\/337
|move|p1a: Rotom-Wash|Pain Split|p2a: Bronzong
|-sethp|p2a: Bronzong|230\/337|p1a: Rotom-Wash|230\/303|[from] move: Pain Split
|
|-heal|p2a: Bronzong|251\/337|[from] item: Leftovers
|turn|30
|
|move|p1a: Rotom-Wash|Will-O-Wisp|p2a: Bronzong
|-status|p2a: Bronzong|brn
|move|p2a: Bronzong|Stealth Rock|p1a: Rotom-Wash
|-sidestart|p1: Hiye|move: Stealth Rock
|
|-heal|p2a: Bronzong|272\/337 brn|[from] item: Leftovers
|-damage|p2a: Bronzong|230\/337 brn|[from] brn
|turn|31
|
|move|p1a: Rotom-Wash|Volt Switch|p2a: Bronzong
|-damage|p2a: Bronzong|176\/337 brn
|
|switch|p1a: Excadrill|Excadrill, M|75\/417
|-damage|p1a: Excadrill|62\/417|[from] Stealth Rock
|-ability|p1a: Excadrill|Mold Breaker
|move|p2a: Bronzong|Earthquake|p1a: Excadrill
|-supereffective|p1a: Excadrill
|-damage|p1a: Excadrill|0 fnt
|faint|p1a: Excadrill
|
|-heal|p2a: Bronzong|197\/337 brn|[from] item: Leftovers
|-damage|p2a: Bronzong|155\/337 brn|[from] brn
|
|switch|p1a: Ferrothorn|Ferrothorn, F|352\/352
|-damage|p1a: Ferrothorn|330\/352|[from] Stealth Rock
|turn|32
|
|switch|p2a: Gliscor|Gliscor, M|352\/352 tox
|move|p1a: Ferrothorn|Spikes|p2a: Gliscor
|-sidestart|p2: jpw234|Spikes
|
|-heal|p1a: Ferrothorn|352\/352|[from] item: Leftovers
|turn|33
|
|move|p1a: Ferrothorn|Protect|p1a: Ferrothorn
|-singleturn|p1a: Ferrothorn|Protect
|move|p2a: Gliscor|Taunt|p1a: Ferrothorn
|-activate|p1a: Ferrothorn|Protect
|
|turn|34
|
|switch|p1a: Sylveon|Sylveon, M|326\/393
|-damage|p1a: Sylveon|277\/393|[from] Stealth Rock
|move|p2a: Gliscor|Taunt|p1a: Sylveon
|-start|p1a: Sylveon|move: Taunt
|
|-heal|p1a: Sylveon|301\/393|[from] item: Leftovers
|turn|35
|
|move|p2a: Gliscor|Knock Off|p1a: Sylveon
|-resisted|p1a: Sylveon
|-damage|p1a: Sylveon|265\/393
|-enditem|p1a: Sylveon|Leftovers|[from] move: Knock Off|[of] p2a: Gliscor
|move|p1a: Sylveon|Hyper Voice|p2a: Gliscor
|-damage|p2a: Gliscor|205\/352 tox
|
|-heal|p2a: Gliscor|249\/352 tox|[from] ability: Poison Heal
|turn|36
|leave|iFenrear
|join|The DragonKnight
|
|switch|p1a: Rotom-Wash|Rotom-Wash|230\/303
|-damage|p1a: Rotom-Wash|193\/303|[from] Stealth Rock
|move|p2a: Gliscor|Earthquake|p1a: Rotom-Wash
|-immune|p1a: Rotom-Wash|[msg]
|
|-heal|p2a: Gliscor|293\/352 tox|[from] ability: Poison Heal
|turn|37
|
|switch|p2a: Bronzong|Bronzong|155\/337 brn
|move|p1a: Rotom-Wash|Hydro Pump|p2a: Bronzong|[miss]
|-miss|p1a: Rotom-Wash|p2a: Bronzong
|
|-heal|p2a: Bronzong|176\/337 brn|[from] item: Leftovers
|-damage|p2a: Bronzong|134\/337 brn|[from] brn
|turn|38
|
|move|p1a: Rotom-Wash|Volt Switch|p2a: Bronzong
|-damage|p2a: Bronzong|83\/337 brn
|
|switch|p1a: Ferrothorn|Ferrothorn, F|352\/352
|-damage|p1a: Ferrothorn|330\/352|[from] Stealth Rock
|move|p2a: Bronzong|Toxic|p1a: Ferrothorn
|-fail|p1a: Ferrothorn
|
|-heal|p2a: Bronzong|104\/337 brn|[from] item: Leftovers
|-heal|p1a: Ferrothorn|352\/352|[from] item: Leftovers
|-damage|p2a: Bronzong|62\/337 brn|[from] brn
|turn|39
|leave|A7berto
|join|Murkrow Jupiter
|leave|Murkrow Jupiter
|
|switch|p2a: Gourgeist-Super|Gourgeist-Super, F|374\/374
|-damage|p2a: Gourgeist-Super|328\/374|[from] Spikes
|-item|p1a: Ferrothorn|Leftovers|[from] ability: Frisk|[of] p2a: Gourgeist-Super|[identify]
|move|p1a: Ferrothorn|Spikes|p2a: Gourgeist-Super
|-sidestart|p2: jpw234|Spikes
|
|-heal|p2a: Gourgeist-Super|351\/374|[from] item: Leftovers
|turn|40
|join|craing
|
|switch|p1a: Charizard|Charizard-Mega-X, F|359\/359
|-damage|p1a: Charizard|270\/359|[from] Stealth Rock
|move|p2a: Gourgeist-Super|Will-O-Wisp|p1a: Charizard
|-fail|p1a: Charizard
|
|-heal|p2a: Gourgeist-Super|374\/374|[from] item: Leftovers
|turn|41
|join|PoweredByRevenge
|
|move|p1a: Charizard|Will-O-Wisp|p2a: Gourgeist-Super
|-status|p2a: Gourgeist-Super|brn
|move|p2a: Gourgeist-Super|Leech Seed|p1a: Charizard
|-start|p1a: Charizard|move: Leech Seed
|
|-damage|p1a: Charizard|226\/359|[from] Leech Seed|[of] p2a: Gourgeist-Super
|-damage|p2a: Gourgeist-Super|328\/374 brn|[from] brn
|turn|42
|join|Dread Arceus
|leave|PoweredByRevenge
|
|switch|p1a: Sylveon|Sylveon, M|265\/393
|-damage|p1a: Sylveon|216\/393|[from] Stealth Rock
|switch|p2a: Gliscor|Gliscor, M|293\/352 tox
|
|-heal|p2a: Gliscor|337\/352 tox|[from] ability: Poison Heal
|turn|43
|
|switch|p1a: Rotom-Wash|Rotom-Wash|193\/303
|-damage|p1a: Rotom-Wash|156\/303|[from] Stealth Rock
|move|p2a: Gliscor|Taunt|p1a: Rotom-Wash
|-start|p1a: Rotom-Wash|move: Taunt
|
|-heal|p2a: Gliscor|352\/352 tox|[from] ability: Poison Heal
|turn|44
|
|move|p2a: Gliscor|Knock Off|p1a: Rotom-Wash
|-damage|p1a: Rotom-Wash|120\/303
|move|p1a: Rotom-Wash|Hydro Pump|p2a: Gliscor
|-supereffective|p2a: Gliscor
|-damage|p2a: Gliscor|74\/352 tox
|
|-heal|p2a: Gliscor|118\/352 tox|[from] ability: Poison Heal
|turn|45
|leave|IAmGingy
|
|switch|p2a: Bronzong|Bronzong|62\/337 brn
|move|p1a: Rotom-Wash|Hydro Pump|p2a: Bronzong
|-damage|p2a: Bronzong|0 fnt
|faint|p2a: Bronzong
|
|
|switch|p2a: Altaria|Altaria-Mega, F|309\/353 brn
|-damage|p2a: Altaria|251\/353 brn|[from] Spikes
|turn|46
|join|Cienight
|
|switch|p1a: Mew|Mew|404\/404
|-damage|p1a: Mew|354\/404|[from] Stealth Rock
|move|p2a: Altaria|Heal Bell|p2a: Altaria
|-cureteam|p2a: Altaria|[from] move: HealBell
|
|-heal|p1a: Mew|379\/404|[from] item: Leftovers
|turn|47
|
|switch|p2a: Tentacruel|Tentacruel, F|118\/357
|-damage|p2a: Tentacruel|59\/357|[from] Spikes
|move|p1a: Mew|Whirlpool|p2a: Tentacruel
|-resisted|p2a: Tentacruel
|-damage|p2a: Tentacruel|51\/357
|-activate|p2a: Tentacruel|move: Whirlpool|[of] p1a: Mew
|
|-heal|p2a: Tentacruel|73\/357|[from] item: Leftovers
|-heal|p1a: Mew|404\/404|[from] item: Leftovers
|-damage|p2a: Tentacruel|29\/357|[from] move: Whirlpool|[partiallytrapped]
|turn|48
|
|move|p2a: Tentacruel|Rapid Spin|p1a: Mew
|-crit|p1a: Mew
|-damage|p1a: Mew|391\/404
|-sideend|p2: jpw234|Spikes|[from] move: Rapid Spin|[of] p2a: Tentacruel
|-remove|p2a: Tentacruel|Whirlpool|[from] move: Rapid Spin|[of] p2a: Tentacruel|[partiallytrapped]
|move|p1a: Mew|Will-O-Wisp|p2a: Tentacruel
|-status|p2a: Tentacruel|brn
|
|-heal|p2a: Tentacruel|51\/357 brn|[from] item: Leftovers
|-heal|p1a: Mew|404\/404|[from] item: Leftovers
|-damage|p2a: Tentacruel|7\/357 brn|[from] brn
|turn|49
|
|move|p2a: Tentacruel|Scald|p1a: Mew
|-damage|p1a: Mew|335\/404
|-status|p1a: Mew|brn
|move|p1a: Mew|Roost|p1a: Mew
|-heal|p1a: Mew|404\/404 brn
|
|-heal|p2a: Tentacruel|29\/357 brn|[from] item: Leftovers
|-damage|p2a: Tentacruel|0 fnt|[from] brn
|-damage|p1a: Mew|354\/404 brn|[from] brn
|faint|p2a: Tentacruel
|
|switch|p2a: Gliscor|Gliscor, M|118\/352
|turn|50
|leave|Dread Arceus
|
|move|p2a: Gliscor|Taunt|p1a: Mew
|-start|p1a: Mew|move: Taunt
|cant|p1a: Mew|move: Taunt|Will-O-Wisp
|
|-heal|p1a: Mew|379\/404 brn|[from] item: Leftovers
|-damage|p1a: Mew|329\/404 brn|[from] brn
|-status|p2a: Gliscor|tox|[from] item: Toxic Orb
|turn|51
|
|switch|p1a: Rotom-Wash|Rotom-Wash|120\/303
|-damage|p1a: Rotom-Wash|83\/303|[from] Stealth Rock
|move|p2a: Gliscor|Knock Off|p1a: Rotom-Wash
|-damage|p1a: Rotom-Wash|51\/303
|
|-heal|p2a: Gliscor|162\/352 tox|[from] ability: Poison Heal
|turn|52
|join|Squirrelll
|
|switch|p2a: Clefable|Clefable, F|294\/394
|move|p1a: Rotom-Wash|Pain Split|p2a: Clefable
|-sethp|p2a: Clefable|172\/394|p1a: Rotom-Wash|172\/303|[from] move: Pain Split
|
|-heal|p2a: Clefable|196\/394|[from] item: Leftovers
|turn|53
|join|CleanerThanRotom-W
|
|move|p1a: Rotom-Wash|Volt Switch|p2a: Clefable
|-damage|p2a: Clefable|115\/394
|
|switch|p1a: Sylveon|Sylveon, M|216\/393
|-damage|p1a: Sylveon|167\/393|[from] Stealth Rock
|move|p2a: Clefable|Wish|p2a: Clefable
|
|-heal|p2a: Clefable|139\/394|[from] item: Leftovers
|turn|54
|
|move|p1a: Sylveon|Wish|p1a: Sylveon
|move|p2a: Clefable|Calm Mind|p2a: Clefable
|-boost|p2a: Clefable|spa|1
|-boost|p2a: Clefable|spd|1
|
|-heal|p2a: Clefable|336\/394|[from] move: Wish|[wisher] Clefable
|-heal|p2a: Clefable|360\/394|[from] item: Leftovers
|turn|55
|leave|CleanerThanRotom-W
|
|move|p2a: Clefable|Moonblast|p1a: Sylveon
|-damage|p1a: Sylveon|41\/393
|move|p1a: Sylveon|Heal Bell|p1a: Sylveon
|-cureteam|p1a: Sylveon|[from] move: HealBell
|
|-heal|p1a: Sylveon|237\/393|[from] move: Wish|[wisher] Sylveon
|-heal|p2a: Clefable|384\/394|[from] item: Leftovers
|turn|56
|
|switch|p1a: Mew|Mew|329\/404
|-damage|p1a: Mew|279\/404|[from] Stealth Rock
|move|p2a: Clefable|Calm Mind|p2a: Clefable
|-boost|p2a: Clefable|spa|1
|-boost|p2a: Clefable|spd|1
|
|-heal|p1a: Mew|304\/404|[from] item: Leftovers
|-heal|p2a: Clefable|394\/394|[from] item: Leftovers
|turn|57
|
|switch|p2a: Gliscor|Gliscor, M|162\/352 tox
|move|p1a: Mew|Taunt|p2a: Gliscor
|-start|p2a: Gliscor|move: Taunt
|
|-heal|p1a: Mew|329\/404|[from] item: Leftovers
|-heal|p2a: Gliscor|206\/352 tox|[from] ability: Poison Heal
|turn|58
|
|switch|p1a: Rotom-Wash|Rotom-Wash|172\/303
|-damage|p1a: Rotom-Wash|135\/303|[from] Stealth Rock
|move|p2a: Gliscor|Knock Off|p1a: Rotom-Wash
|-damage|p1a: Rotom-Wash|102\/303
|
|-heal|p2a: Gliscor|250\/352 tox|[from] ability: Poison Heal
|turn|59
|join|CleanerThanRotom-W
|
|switch|p2a: Altaria|Altaria-Mega, F|251\/353
|move|p1a: Rotom-Wash|Pain Split|p2a: Altaria
|-sethp|p2a: Altaria|176\/353|p1a: Rotom-Wash|176\/303|[from] move: Pain Split
|
|turn|60
|leave|CleanerThanRotom-W
|
|switch|p1a: Mew|Mew|329\/404
|-damage|p1a: Mew|279\/404|[from] Stealth Rock
|move|p2a: Altaria|Hyper Voice|p1a: Mew
|-damage|p1a: Mew|167\/404
|
|-heal|p1a: Mew|192\/404|[from] item: Leftovers
|turn|61
|leave|Gizmo
|c|âjpw234|brb
|
|switch|p2a: Gliscor|Gliscor, M|250\/352 tox
|move|p1a: Mew|Roost|p1a: Mew
|-heal|p1a: Mew|394\/404
|
|-heal|p1a: Mew|404\/404|[from] item: Leftovers
|-heal|p2a: Gliscor|294\/352 tox|[from] ability: Poison Heal
|turn|62
|c|âjpw234|sry bout that
|
|switch|p1a: Rotom-Wash|Rotom-Wash|176\/303
|-damage|p1a: Rotom-Wash|139\/303|[from] Stealth Rock
|move|p2a: Gliscor|Knock Off|p1a: Rotom-Wash
|-damage|p1a: Rotom-Wash|107\/303
|
|-heal|p2a: Gliscor|338\/352 tox|[from] ability: Poison Heal
|turn|63
|
|move|p2a: Gliscor|Taunt|p1a: Rotom-Wash
|-start|p1a: Rotom-Wash|move: Taunt
|cant|p1a: Rotom-Wash|move: Taunt|Pain Split
|
|-heal|p2a: Gliscor|352\/352 tox|[from] ability: Poison Heal
|turn|64
|
|move|p2a: Gliscor|Knock Off|p1a: Rotom-Wash
|-damage|p1a: Rotom-Wash|71\/303
|move|p1a: Rotom-Wash|Volt Switch|p2a: Gliscor
|-immune|p2a: Gliscor|[msg]
|
|turn|65
|
|move|p2a: Gliscor|Knock Off|p1a: Rotom-Wash
|-damage|p1a: Rotom-Wash|36\/303
|move|p1a: Rotom-Wash|Hydro Pump|p2a: Gliscor
|-supereffective|p2a: Gliscor
|-damage|p2a: Gliscor|70\/352 tox
|
|-heal|p2a: Gliscor|114\/352 tox|[from] ability: Poison Heal
|-end|p1a: Rotom-Wash|move: Taunt
|turn|66
|c|âjpw234|if this roll fucks me
|c|âjpw234|i will be very sad
|
|move|p2a: Gliscor|Knock Off|p1a: Rotom-Wash
|-damage|p1a: Rotom-Wash|4\/303
|move|p1a: Rotom-Wash|Hydro Pump|p2a: Gliscor
|-supereffective|p2a: Gliscor
|-damage|p2a: Gliscor|0 fnt
|faint|p2a: Gliscor
|
|c|âjpw234|fuck
|
|switch|p2a: Altaria|Altaria-Mega, F|176\/353
|turn|67
|
|move|p1a: Rotom-Wash|Will-O-Wisp|p2a: Altaria
|-status|p2a: Altaria|brn
|move|p2a: Altaria|Hyper Voice|p1a: Rotom-Wash
|-damage|p1a: Rotom-Wash|0 fnt
|faint|p1a: Rotom-Wash
|
|-damage|p2a: Altaria|132\/353 brn|[from] brn
|
|switch|p1a: Sylveon|Sylveon, M|237\/393
|-damage|p1a: Sylveon|188\/393|[from] Stealth Rock
|turn|68
|
|switch|p2a: Clefable|Clefable, F|394\/394
|move|p1a: Sylveon|Wish|p1a: Sylveon
|
|turn|69
|leave|Squirrelll
|c|âjpw234|btw why do you use whirlpool on mew instead of infestation?
|join|Squirrelll
|
|move|p2a: Clefable|Calm Mind|p2a: Clefable
|-boost|p2a: Clefable|spa|1
|-boost|p2a: Clefable|spd|1
|move|p1a: Sylveon|Hyper Voice|p2a: Clefable
|-damage|p2a: Clefable|307\/394
|
|-heal|p1a: Sylveon|384\/393|[from] move: Wish|[wisher] Sylveon
|-heal|p2a: Clefable|331\/394|[from] item: Leftovers
|turn|70
|c|âHiye|o it gets that
|c|âjpw234|mhm
|c|âHiye|whirlpool can get tran a little harder..
|join|CleanerThanRotom-W
|c|âjpw234|that's tru
|leave|CleanerThanRotom-W
|c|âHiye|i struggle with tran
|
|switch|p1a: Mew|Mew|404\/404
|-damage|p1a: Mew|354\/404|[from] Stealth Rock
|move|p2a: Clefable|Calm Mind|p2a: Clefable
|-boost|p2a: Clefable|spa|1
|-boost|p2a: Clefable|spd|1
|
|-heal|p1a: Mew|379\/404|[from] item: Leftovers
|-heal|p2a: Clefable|355\/394|[from] item: Leftovers
|turn|71
|c|âjpw234|ye
|c|âjpw234|fair
|
|move|p1a: Mew|Taunt|p2a: Clefable
|-start|p2a: Clefable|move: Taunt
|cant|p2a: Clefable|move: Taunt|Calm Mind
|
|-heal|p1a: Mew|404\/404|[from] item: Leftovers
|-heal|p2a: Clefable|379\/394|[from] item: Leftovers
|turn|72
|
|move|p1a: Mew|Whirlpool|p2a: Clefable
|-damage|p2a: Clefable|368\/394
|-activate|p2a: Clefable|move: Whirlpool|[of] p1a: Mew
|move|p2a: Clefable|Moonblast|p1a: Mew
|-damage|p1a: Mew|214\/404
|-unboost|p1a: Mew|spa|1
|
|-heal|p1a: Mew|239\/404|[from] item: Leftovers
|-heal|p2a: Clefable|392\/394|[from] item: Leftovers
|-damage|p2a: Clefable|343\/394|[from] move: Whirlpool|[partiallytrapped]
|turn|73
|
|move|p1a: Mew|Will-O-Wisp|p2a: Clefable|[miss]
|-miss|p1a: Mew|p2a: Clefable
|move|p2a: Clefable|Moonblast|p1a: Mew
|-damage|p1a: Mew|52\/404
|
|-heal|p1a: Mew|77\/404|[from] item: Leftovers
|-heal|p2a: Clefable|367\/394|[from] item: Leftovers
|-damage|p2a: Clefable|318\/394|[from] move: Whirlpool|[partiallytrapped]
|-end|p2a: Clefable|move: Taunt
|turn|74
|
|move|p1a: Mew|Roost|p1a: Mew
|-heal|p1a: Mew|279\/404
|move|p2a: Clefable|Calm Mind|p2a: Clefable
|-boost|p2a: Clefable|spa|1
|-boost|p2a: Clefable|spd|1
|
|-heal|p1a: Mew|304\/404|[from] item: Leftovers
|-heal|p2a: Clefable|342\/394|[from] item: Leftovers
|-damage|p2a: Clefable|293\/394|[from] move: Whirlpool|[partiallytrapped]
|turn|75
|leave|PuddlesA1
|
|move|p1a: Mew|Will-O-Wisp|p2a: Clefable|[miss]
|-miss|p1a: Mew|p2a: Clefable
|move|p2a: Clefable|Moonblast|p1a: Mew
|-damage|p1a: Mew|103\/404
|
|-heal|p1a: Mew|128\/404|[from] item: Leftovers
|-heal|p2a: Clefable|317\/394|[from] item: Leftovers
|-damage|p2a: Clefable|268\/394|[from] move: Whirlpool|[partiallytrapped]
|turn|76
|c|âHiye|cmon mew..
|
|move|p1a: Mew|Taunt|p2a: Clefable
|-start|p2a: Clefable|move: Taunt
|move|p2a: Clefable|Moonblast|p1a: Mew
|-damage|p1a: Mew|0 fnt
|faint|p1a: Mew
|
|-heal|p2a: Clefable|292\/394|[from] item: Leftovers
|-end|p2a: Clefable|Whirlpool|[partiallytrapped]
|c|âHiye|wait wat
|c|âHiye|i clicked roost
|
|switch|p1a: Charizard|Charizard-Mega-X, F|226\/359
|-damage|p1a: Charizard|137\/359|[from] Stealth Rock
|turn|77
|
|move|p1a: Charizard|Will-O-Wisp|p2a: Clefable
|-status|p2a: Clefable|brn
|move|p2a: Clefable|Moonblast|p1a: Charizard
|-damage|p1a: Charizard|0 fnt
|faint|p1a: Charizard
|
|-heal|p2a: Clefable|316\/394 brn|[from] item: Leftovers
|-damage|p2a: Clefable|267\/394 brn|[from] brn
|
|switch|p1a: Ferrothorn|Ferrothorn, F|352\/352
|-damage|p1a: Ferrothorn|330\/352|[from] Stealth Rock
|turn|78
|
|move|p2a: Clefable|Moonblast|p1a: Ferrothorn
|-resisted|p1a: Ferrothorn
|-damage|p1a: Ferrothorn|228\/352
|move|p1a: Ferrothorn|Gyro Ball|p2a: Clefable
|-supereffective|p2a: Clefable
|-damage|p2a: Clefable|79\/394 brn
|
|-heal|p2a: Clefable|103\/394 brn|[from] item: Leftovers
|-heal|p1a: Ferrothorn|250\/352|[from] item: Leftovers
|-damage|p2a: Clefable|54\/394 brn|[from] brn
|-end|p2a: Clefable|move: Taunt
|turn|79
|
|switch|p2a: Gourgeist-Super|Gourgeist-Super, F|328\/374
|-item|p1a: Ferrothorn|Leftovers|[from] ability: Frisk|[of] p2a: Gourgeist-Super|[identify]
|move|p1a: Ferrothorn|Gyro Ball|p2a: Gourgeist-Super
|-crit|p2a: Gourgeist-Super
|-damage|p2a: Gourgeist-Super|241\/374
|
|-heal|p2a: Gourgeist-Super|264\/374|[from] item: Leftovers
|-heal|p1a: Ferrothorn|272\/352|[from] item: Leftovers
|turn|80
|c|âHiye|wait
|c|âHiye|it doenst have flamethower
|
|switch|p1a: Sylveon|Sylveon, M|384\/393
|-damage|p1a: Sylveon|335\/393|[from] Stealth Rock
|move|p2a: Gourgeist-Super|Will-O-Wisp|p1a: Sylveon
|-status|p1a: Sylveon|brn
|
|-heal|p2a: Gourgeist-Super|287\/374|[from] item: Leftovers
|-damage|p1a: Sylveon|286\/393 brn|[from] brn
|turn|81
|
|move|p1a: Sylveon|Heal Bell|p1a: Sylveon
|-cureteam|p1a: Sylveon|[from] move: HealBell
|move|p2a: Gourgeist-Super|Leech Seed|p1a: Sylveon
|-start|p1a: Sylveon|move: Leech Seed
|
|-heal|p2a: Gourgeist-Super|310\/374|[from] item: Leftovers
|-damage|p1a: Sylveon|237\/393|[from] Leech Seed|[of] p2a: Gourgeist-Super
|-heal|p2a: Gourgeist-Super|359\/374|[silent]
|turn|82
|join|AjTheEpic
|
|move|p1a: Sylveon|Wish|p1a: Sylveon
|move|p2a: Gourgeist-Super|Will-O-Wisp|p1a: Sylveon
|-status|p1a: Sylveon|brn
|
|-heal|p2a: Gourgeist-Super|374\/374|[from] item: Leftovers
|-damage|p1a: Sylveon|188\/393 brn|[from] Leech Seed|[of] p2a: Gourgeist-Super
|-damage|p1a: Sylveon|139\/393 brn|[from] brn
|turn|83
|c|âjpw234|gourgeist should do it
|
|move|p1a: Sylveon|Heal Bell|p1a: Sylveon
|-cureteam|p1a: Sylveon|[from] move: HealBell
|move|p2a: Gourgeist-Super|Rock Slide|p1a: Sylveon
|-crit|p1a: Sylveon
|-damage|p1a: Sylveon|57\/393
|
|-heal|p1a: Sylveon|253\/393|[from] move: Wish|[wisher] Sylveon
|-damage|p1a: Sylveon|204\/393|[from] Leech Seed|[of] p2a: Gourgeist-Super
|turn|84
|leave|Cienight
|join|Cienight
|
|move|p1a: Sylveon|Wish|p1a: Sylveon
|move|p2a: Gourgeist-Super|Will-O-Wisp|p1a: Sylveon
|-status|p1a: Sylveon|brn
|
|-damage|p1a: Sylveon|155\/393 brn|[from] Leech Seed|[of] p2a: Gourgeist-Super
|-damage|p1a: Sylveon|106\/393 brn|[from] brn
|turn|85
|join|DoughBoy
|join|CleanerThanRotom-W
|leave|CleanerThanRotom-W
|
|move|p1a: Sylveon|Heal Bell|p1a: Sylveon
|-cureteam|p1a: Sylveon|[from] move: HealBell
|move|p2a: Gourgeist-Super|Rock Slide|p1a: Sylveon
|-damage|p1a: Sylveon|48\/393
|
|-heal|p1a: Sylveon|244\/393|[from] move: Wish|[wisher] Sylveon
|-damage|p1a: Sylveon|195\/393|[from] Leech Seed|[of] p2a: Gourgeist-Super
|turn|86
|
|switch|p1a: Ferrothorn|Ferrothorn, F|272\/352
|-damage|p1a: Ferrothorn|250\/352|[from] Stealth Rock
|move|p2a: Gourgeist-Super|Will-O-Wisp|p1a: Ferrothorn
|-status|p1a: Ferrothorn|brn
|
|-heal|p1a: Ferrothorn|272\/352 brn|[from] item: Leftovers
|-damage|p1a: Ferrothorn|228\/352 brn|[from] brn
|turn|87
|
|switch|p2a: Altaria|Altaria-Mega, F|132\/353 brn
|move|p1a: Ferrothorn|Spikes|p2a: Altaria
|-sidestart|p2: jpw234|Spikes
|
|-heal|p1a: Ferrothorn|250\/352 brn|[from] item: Leftovers
|-damage|p2a: Altaria|88\/353 brn|[from] brn
|-damage|p1a: Ferrothorn|206\/352 brn|[from] brn
|turn|88
|
|switch|p1a: Sylveon|Sylveon, M|195\/393
|-damage|p1a: Sylveon|146\/393|[from] Stealth Rock
|move|p2a: Altaria|Roost|p2a: Altaria
|-heal|p2a: Altaria|265\/353 brn
|
|-damage|p2a: Altaria|221\/353 brn|[from] brn
|turn|89
|c|âjpw234|i have to go soon :\
|c| AjTheEpic|just push through
|c| AjTheEpic|with alt
|
|switch|p2a: Gourgeist-Super|Gourgeist-Super, F|374\/374
|-damage|p2a: Gourgeist-Super|328\/374|[from] Spikes
|move|p1a: Sylveon|Wish|p1a: Sylveon
|
|-heal|p2a: Gourgeist-Super|351\/374|[from] item: Leftovers
|turn|90
|c|âjpw234|please go quicker
|
|move|p1a: Sylveon|Hyper Voice|p2a: Gourgeist-Super
|-damage|p2a: Gourgeist-Super|161\/374
|move|p2a: Gourgeist-Super|Leech Seed|p1a: Sylveon
|-start|p1a: Sylveon|move: Leech Seed
|
|-heal|p1a: Sylveon|342\/393|[from] move: Wish|[wisher] Sylveon
|-heal|p2a: Gourgeist-Super|184\/374|[from] item: Leftovers
|-damage|p1a: Sylveon|293\/393|[from] Leech Seed|[of] p2a: Gourgeist-Super
|-heal|p2a: Gourgeist-Super|233\/374|[silent]
|turn|91
|
|move|p1a: Sylveon|Hyper Voice|p2a: Gourgeist-Super
|-damage|p2a: Gourgeist-Super|37\/374
|move|p2a: Gourgeist-Super|Synthesis|p2a: Gourgeist-Super
|-heal|p2a: Gourgeist-Super|224\/374
|
|-heal|p2a: Gourgeist-Super|247\/374|[from] item: Leftovers
|-damage|p1a: Sylveon|244\/393|[from] Leech Seed|[of] p2a: Gourgeist-Super
|-heal|p2a: Gourgeist-Super|296\/374|[silent]
|turn|92
|
|move|p1a: Sylveon|Hyper Voice|p2a: Gourgeist-Super
|-damage|p2a: Gourgeist-Super|113\/374
|move|p2a: Gourgeist-Super|Synthesis|p2a: Gourgeist-Super
|-heal|p2a: Gourgeist-Super|300\/374
|
|-heal|p2a: Gourgeist-Super|323\/374|[from] item: Leftovers
|-damage|p1a: Sylveon|195\/393|[from] Leech Seed|[of] p2a: Gourgeist-Super
|-heal|p2a: Gourgeist-Super|372\/374|[silent]
|turn|93
|join|RNGzus
|
|move|p1a: Sylveon|Wish|p1a: Sylveon
|move|p2a: Gourgeist-Super|Will-O-Wisp|p1a: Sylveon
|-status|p1a: Sylveon|brn
|
|-heal|p2a: Gourgeist-Super|374\/374|[from] item: Leftovers
|-damage|p1a: Sylveon|146\/393 brn|[from] Leech Seed|[of] p2a: Gourgeist-Super
|-damage|p1a: Sylveon|97\/393 brn|[from] brn
|turn|94
|
|move|p1a: Sylveon|Heal Bell|p1a: Sylveon
|-cureteam|p1a: Sylveon|[from] move: HealBell
|move|p2a: Gourgeist-Super|Rock Slide|p1a: Sylveon
|-damage|p1a: Sylveon|40\/393
|
|-heal|p1a: Sylveon|236\/393|[from] move: Wish|[wisher] Sylveon
|-damage|p1a: Sylveon|187\/393|[from] Leech Seed|[of] p2a: Gourgeist-Super
|turn|95
|
|switch|p1a: Ferrothorn|Ferrothorn, F|206\/352
|-damage|p1a: Ferrothorn|184\/352|[from] Stealth Rock
|move|p2a: Gourgeist-Super|Will-O-Wisp|p1a: Ferrothorn
|-status|p1a: Ferrothorn|brn
|
|-heal|p1a: Ferrothorn|206\/352 brn|[from] item: Leftovers
|-damage|p1a: Ferrothorn|162\/352 brn|[from] brn
|turn|96
|
|move|p2a: Gourgeist-Super|Rock Slide|p1a: Ferrothorn
|-resisted|p1a: Ferrothorn
|-damage|p1a: Ferrothorn|141\/352 brn
|move|p1a: Ferrothorn|Spikes|p2a: Gourgeist-Super
|-sidestart|p2: jpw234|Spikes
|
|-heal|p1a: Ferrothorn|163\/352 brn|[from] item: Leftovers
|-damage|p1a: Ferrothorn|119\/352 brn|[from] brn
|turn|97
|
|move|p2a: Gourgeist-Super|Rock Slide|p1a: Ferrothorn
|-resisted|p1a: Ferrothorn
|-damage|p1a: Ferrothorn|101\/352 brn
|cant|p1a: Ferrothorn|flinch
|
|-heal|p1a: Ferrothorn|123\/352 brn|[from] item: Leftovers
|-damage|p1a: Ferrothorn|79\/352 brn|[from] brn
|turn|98
|join|LzrGunPewPew
|
|move|p2a: Gourgeist-Super|Rock Slide|p1a: Ferrothorn
|-resisted|p1a: Ferrothorn
|-damage|p1a: Ferrothorn|59\/352 brn
|move|p1a: Ferrothorn|Spikes|p2a: Gourgeist-Super
|-sidestart|p2: jpw234|Spikes
|
|-heal|p1a: Ferrothorn|81\/352 brn|[from] item: Leftovers
|-damage|p1a: Ferrothorn|37\/352 brn|[from] brn
|turn|99
|
|move|p2a: Gourgeist-Super|Rock Slide|p1a: Ferrothorn
|-resisted|p1a: Ferrothorn
|-damage|p1a: Ferrothorn|19\/352 brn
|move|p1a: Ferrothorn|Gyro Ball|p2a: Gourgeist-Super
|-damage|p2a: Gourgeist-Super|344\/374
|
|-heal|p2a: Gourgeist-Super|367\/374|[from] item: Leftovers
|-heal|p1a: Ferrothorn|41\/352 brn|[from] item: Leftovers
|-damage|p1a: Ferrothorn|0 fnt|[from] brn
|faint|p1a: Ferrothorn
|join|iFenrear
|
|switch|p1a: Sylveon|Sylveon, M|187\/393
|-damage|p1a: Sylveon|138\/393|[from] Stealth Rock
|turn|100
|c| iFenrear|http:\/\/play.pokemonshowdown.com\/battle-oususpecttest-198383789
|c| iFenrear|wiz vs shofu
|leave|iFenrear
|c|âjpw234|lol
|
|move|p1a: Sylveon|Wish|p1a: Sylveon
|move|p2a: Gourgeist-Super|Leech Seed|p1a: Sylveon
|-start|p1a: Sylveon|move: Leech Seed
|
|-heal|p2a: Gourgeist-Super|374\/374|[from] item: Leftovers
|-damage|p1a: Sylveon|89\/393|[from] Leech Seed|[of] p2a: Gourgeist-Super
|turn|101
|c|âjpw234|just advertisin
|
|move|p1a: Sylveon|Hyper Voice|p2a: Gourgeist-Super
|-damage|p2a: Gourgeist-Super|193\/374
|move|p2a: Gourgeist-Super|Will-O-Wisp|p1a: Sylveon
|-status|p1a: Sylveon|brn
|
|-heal|p1a: Sylveon|285\/393 brn|[from] move: Wish|[wisher] Sylveon
|-heal|p2a: Gourgeist-Super|216\/374|[from] item: Leftovers
|-damage|p1a: Sylveon|236\/393 brn|[from] Leech Seed|[of] p2a: Gourgeist-Super
|-heal|p2a: Gourgeist-Super|265\/374|[silent]
|-damage|p1a: Sylveon|187\/393 brn|[from] brn
|turn|102
|
|move|p1a: Sylveon|Hyper Voice|p2a: Gourgeist-Super
|-damage|p2a: Gourgeist-Super|64\/374
|move|p2a: Gourgeist-Super|Synthesis|p2a: Gourgeist-Super
|-heal|p2a: Gourgeist-Super|251\/374
|
|-heal|p2a: Gourgeist-Super|274\/374|[from] item: Leftovers
|-damage|p1a: Sylveon|138\/393 brn|[from] Leech Seed|[of] p2a: Gourgeist-Super
|-heal|p2a: Gourgeist-Super|323\/374|[silent]
|-damage|p1a: Sylveon|89\/393 brn|[from] brn
|turn|103
|c|âjpw234|gg
|c|âHiye|gg
|
|move|p1a: Sylveon|Hyper Voice|p2a: Gourgeist-Super
|-damage|p2a: Gourgeist-Super|139\/374
|move|p2a: Gourgeist-Super|Rock Slide|p1a: Sylveon
|-damage|p1a: Sylveon|36\/393 brn
|
|-heal|p2a: Gourgeist-Super|162\/374|[from] item: Leftovers
|-damage|p1a: Sylveon|0 fnt|[from] Leech Seed|[of] p2a: Gourgeist-Super
|-heal|p2a: Gourgeist-Super|198\/374|[silent]
|faint|p1a: Sylveon
|
|win|jpw234
|raw|Ladder updating...
|raw|Hiye's rating: 1643 &rarr; <strong>1612<\/strong><br \/>(-31 for losing)
|raw|jpw234's rating: 1432 &rarr; <strong>1463<\/strong><br \/>(+31 for winning)
|leave|jpw234
|leave|Cienight
|player|p2
|leave|craing
|leave|panty nancy
|leave|Squirrelll
|leave|jake5
|leave|RNGzus
|leave|AjTheEpic
|join|Cienight
|leave|The DragonKnight
|join|CleanerThanRotom-W
|leave|CleanerThanRotom-W
|join|PuddlesA1
|leave|PuddlesA1
|join|Omegasization
|leave|Omegasization
|leave|Cienight
|leave|Hiye
|player|p1
|leave|DoughBoy
|leave|LzrGunPewPew