|join|Hiye
|join|hj regicide
|join|Rooo
|join|Fretty Placko
|player|p1|Hiye|168
|player|p2|hj regicide|266
|gametype|singles
|gen|6
|tier|OU (suspect test)
|clearpoke
|poke|p1|Ferrothorn, M
|poke|p1|Rotom-Wash
|poke|p1|Charizard, M
|poke|p1|Sylveon, M
|poke|p1|Excadrill, M
|poke|p1|Mew
|poke|p2|Celebi
|poke|p2|Heatran, M
|poke|p2|Clefable, M
|poke|p2|Gliscor, F
|poke|p2|Lopunny, M
|poke|p2|Starmie
|rule|Swagger Clause: Swagger is banned
|rule|Baton Pass Clause: Limit one PokÃ©mon knowing Baton Pass
|rule|Sleep Clause Mod: Limit one foe put to sleep
|rule|Species Clause: Limit one of each PokÃ©mon
|rule|OHKO Clause: OHKO moves are banned
|rule|Moody Clause: Moody is banned
|rule|Evasion Moves Clause: Evasion moves are banned
|rule|Endless Battle Clause: Forcing endless battles is banned
|rule|HP Percentage Mod: HP is shown in percentages
|teampreview
|join|Dittonite
|c|âhj regicide|gl hf
|join|Orei
|c|âHiye|u3
|
|start
|switch|p1a: Mew|Mew|404\/404
|switch|p2a: Gliscor|Gliscor, F|352\/352
|turn|1
|
|switch|p2a: Clefable|Clefable, M|393\/393
|move|p1a: Mew|Will-O-Wisp|p2a: Clefable|[miss]
|-miss|p1a: Mew|p2a: Clefable
|
|turn|2
|
|move|p1a: Mew|Taunt|p2a: Clefable
|-start|p2a: Clefable|move: Taunt
|cant|p2a: Clefable|move: Taunt|Calm Mind
|
|turn|3
|join|SoldierbugScizor
|
|move|p1a: Mew|Whirlpool|p2a: Clefable
|-damage|p2a: Clefable|371\/393
|-activate|p2a: Clefable|move: Whirlpool|[of] p1a: Mew
|move|p2a: Clefable|Moonblast|p1a: Mew
|-damage|p1a: Mew|314\/404
|
|-heal|p1a: Mew|339\/404|[from] item: Leftovers
|-heal|p2a: Clefable|393\/393|[from] item: Leftovers
|turn|4
|
|switch|p1a: Excadrill|Excadrill, M|417\/417
|-ability|p1a: Excadrill|Mold Breaker
|move|p2a: Clefable|Moonblast|p1a: Excadrill
|-resisted|p1a: Excadrill
|-damage|p1a: Excadrill|366\/417
|
|-heal|p1a: Excadrill|392\/417|[from] item: Leftovers
|-end|p2a: Clefable|Whirlpool|[partiallytrapped]
|-end|p2a: Clefable|move: Taunt
|turn|5
|
|switch|p2a: Gliscor|Gliscor, F|352\/352
|move|p1a: Excadrill|Stealth Rock|p2a: Gliscor
|-sidestart|p2: hj regicide|move: Stealth Rock
|
|-heal|p1a: Excadrill|417\/417|[from] item: Leftovers
|-status|p2a: Gliscor|tox|[from] item: Toxic Orb
|turn|6
|
|switch|p1a: Ferrothorn|Ferrothorn, M|352\/352
|move|p2a: Gliscor|Stealth Rock|p1a: Ferrothorn
|-sidestart|p1: Hiye|move: Stealth Rock
|
|turn|7
|
|switch|p2a: Starmie|Starmie|324\/324
|-damage|p2a: Starmie|284\/324|[from] Stealth Rock
|move|p1a: Ferrothorn|Leech Seed|p2a: Starmie
|-start|p2a: Starmie|move: Leech Seed
|
|-heal|p2a: Starmie|304\/324|[from] item: Leftovers
|-damage|p2a: Starmie|264\/324|[from] Leech Seed|[of] p1a: Ferrothorn
|turn|8
|join|no NO NOOOOOOOO
|
|switch|p2a: Celebi|Celebi|404\/404
|-damage|p2a: Celebi|354\/404|[from] Stealth Rock
|move|p1a: Ferrothorn|Gyro Ball|p2a: Celebi
|-damage|p2a: Celebi|230\/404
|
|-heal|p2a: Celebi|255\/404|[from] item: Leftovers
|turn|9
|join|qwazz
|c|âHiye|gg
|-message|Hiye forfeited.
|
|win|hj regicide
|c|âhj regicide|k then
|c|âhj regicide|gg