|join|Saph
|join|hiye
|player|p1|Saph|159
|player|p2|hiye|101
|gametype|singles
|gen|6
|tier|OU (suspect test)
|rated
|clearpoke
|poke|p1|Starmie
|poke|p1|Charizard, M
|poke|p1|Crawdaunt, M
|poke|p1|Bisharp, M
|poke|p1|Landorus-Therian, M
|poke|p1|Talonflame, M
|poke|p2|Charizard, F
|poke|p2|Excadrill, F
|poke|p2|Sylveon, F
|poke|p2|Ferrothorn, F
|poke|p2|Rotom-Wash
|poke|p2|Mew
|rule|Swagger Clause: Swagger is banned
|rule|Baton Pass Clause: Limit one PokÃ©mon knowing Baton Pass
|rule|Sleep Clause Mod: Limit one foe put to sleep
|rule|Species Clause: Limit one of each PokÃ©mon
|rule|OHKO Clause: OHKO moves are banned
|rule|Moody Clause: Moody is banned
|rule|Evasion Moves Clause: Evasion moves are banned
|rule|Endless Battle Clause: Forcing endless battles is banned
|rule|HP Percentage Mod: HP is shown in percentages
|teampreview
|join|Qwazz
|c|âhiye|is dat a mono red team
|c|âSaph|Starmie is red.
|c|âSaph|?_?
|c|âhiye|the jewel
|c|âSaph|lol
|c|âSaph|uh
|c|âSaph|no
|c|âSaph|not mono red
|c|âSaph|as far as I know
|c|âhiye|iguess char and lando t are orange
|c|âhiye|its
|c|âSaph|reqs to get so
|
|start
|switch|p1a: Landorus-Therian|Landorus-Therian, M|319\/319
|switch|p2a: Charizard|Charizard, F|359\/359
|-ability|p1a: Landorus-Therian|Intimidate|[of] p2a: Charizard
|-unboost|p2a: Charizard|atk|1
|turn|1
|c|âhiye|lagging
|c|âSaph|1 game off
|c|âSaph|had 2699.9
|c|âSaph|earlier
|c|âSaph|and that didn't count lol
|c|âSaph|proceeded to lose 4 games
|
|detailschange|p2a: Charizard|Charizard-Mega-X, F
|-mega|p2a: Charizard|Charizard|Charizardite X
|move|p2a: Charizard|Will-O-Wisp|p1a: Landorus-Therian
|-status|p1a: Landorus-Therian|brn
|move|p1a: Landorus-Therian|Stealth Rock|p2a: Charizard
|-sidestart|p2: hiye|move: Stealth Rock
|
|-damage|p1a: Landorus-Therian|280\/319 brn|[from] brn
|turn|2
|
|move|p2a: Charizard|Dragon Dance|p2a: Charizard
|-boost|p2a: Charizard|atk|1
|-boost|p2a: Charizard|spe|1
|move|p1a: Landorus-Therian|Explosion|p2a: Charizard
|-damage|p2a: Charizard|71\/359
|faint|p1a: Landorus-Therian
|
|c|âhiye|um wtf
|
|switch|p1a: Talonflame|Talonflame, M|319\/319
|turn|3
|c|âhiye|is dat lead sash lando
|c|âSaph|idk is it
|c|âSaph|?_?
|
|switch|p2a: Rotom-Wash|Rotom-Wash|303\/303
|-damage|p2a: Rotom-Wash|266\/303|[from] Stealth Rock
|move|p1a: Talonflame|Brave Bird|p2a: Rotom-Wash
|-resisted|p2a: Rotom-Wash
|-damage|p2a: Rotom-Wash|199\/303
|-damage|p1a: Talonflame|297\/319|[from] recoil|[of] p2a: Rotom-Wash
|
|-heal|p2a: Rotom-Wash|217\/303|[from] item: Leftovers
|turn|4
|
|move|p1a: Talonflame|Swords Dance|p1a: Talonflame
|-boost|p1a: Talonflame|atk|2
|move|p2a: Rotom-Wash|Volt Switch|p1a: Talonflame
|-supereffective|p1a: Talonflame
|-damage|p1a: Talonflame|67\/319
|
|switch|p2a: Excadrill|Excadrill, F|417\/417
|-damage|p2a: Excadrill|404\/417|[from] Stealth Rock
|-ability|p2a: Excadrill|Mold Breaker
|
|-heal|p2a: Excadrill|417\/417|[from] item: Leftovers
|turn|5
|
|switch|p2a: Charizard|Charizard-Mega-X, F|71\/359
|-damage|p2a: Charizard|0 fnt|[from] Stealth Rock
|faint|p2a: Charizard
|move|p1a: Talonflame|Flare Blitz|p2: Charizard|[notarget]
|-notarget
|
|
|switch|p2a: Rotom-Wash|Rotom-Wash|217\/303
|-damage|p2a: Rotom-Wash|180\/303|[from] Stealth Rock
|turn|6
|
|move|p1a: Talonflame|Roost|p1a: Talonflame
|-heal|p1a: Talonflame|227\/319
|move|p2a: Rotom-Wash|Hydro Pump|p1a: Talonflame
|-supereffective|p1a: Talonflame
|-damage|p1a: Talonflame|0 fnt
|faint|p1a: Talonflame
|
|-heal|p2a: Rotom-Wash|198\/303|[from] item: Leftovers
|join|Numera
|c| Numera|Hiye
|c| Numera|are you pro ban
|
|switch|p1a: Starmie|Starmie|261\/261
|turn|7
|raw|<div class="broadcast-red"><b>Moderated chat was set to +!<\/b><br \/>Only users of rank + and higher can talk.<\/div>
|c|âSaph|Nobody wants whatever you're selling, Mine.
|c|âSaph|: [
|
|move|p1a: Starmie|Psyshock|p2a: Rotom-Wash
|-damage|p2a: Rotom-Wash|91\/303
|-damage|p1a: Starmie|235\/261|[from] item: Life Orb
|move|p2a: Rotom-Wash|Volt Switch|p1a: Starmie
|-crit|p1a: Starmie
|-supereffective|p1a: Starmie
|-damage|p1a: Starmie|0 fnt
|faint|p1a: Starmie
|c|âSaph|Ow.
|
|switch|p2a: Excadrill|Excadrill, F|417\/417
|-damage|p2a: Excadrill|404\/417|[from] Stealth Rock
|-ability|p2a: Excadrill|Mold Breaker
|
|-heal|p2a: Excadrill|417\/417|[from] item: Leftovers
|
|switch|p1a: Crawdaunt|Crawdaunt, M|275\/275
|turn|8
|
|move|p1a: Crawdaunt|Crabhammer|p2a: Excadrill
|-supereffective|p2a: Excadrill
|-damage|p2a: Excadrill|0 fnt
|faint|p2a: Excadrill
|
|
|switch|p2a: Ferrothorn|Ferrothorn, F|352\/352
|-damage|p2a: Ferrothorn|330\/352|[from] Stealth Rock
|turn|9
|
|move|p1a: Crawdaunt|Swords Dance|p1a: Crawdaunt
|-boost|p1a: Crawdaunt|atk|2
|move|p2a: Ferrothorn|Leech Seed|p1a: Crawdaunt
|-start|p1a: Crawdaunt|move: Leech Seed
|
|-heal|p2a: Ferrothorn|352\/352|[from] item: Leftovers
|-damage|p1a: Crawdaunt|241\/275|[from] Leech Seed|[of] p2a: Ferrothorn
|turn|10
|
|move|p1a: Crawdaunt|Knock Off|p2a: Ferrothorn
|-damage|p2a: Ferrothorn|36\/352
|-damage|p1a: Crawdaunt|207\/275|[from] ability: Iron Barbs|[of] p2a: Ferrothorn
|-enditem|p2a: Ferrothorn|Leftovers|[from] move: Knock Off|[of] p1a: Crawdaunt
|move|p2a: Ferrothorn|Gyro Ball|p1a: Crawdaunt
|-resisted|p1a: Crawdaunt
|-damage|p1a: Crawdaunt|124\/275
|
|-damage|p1a: Crawdaunt|90\/275|[from] Leech Seed|[of] p2a: Ferrothorn
|-heal|p2a: Ferrothorn|70\/352|[silent]
|turn|11
|
|move|p2a: Ferrothorn|Protect|p2a: Ferrothorn
|-singleturn|p2a: Ferrothorn|Protect
|move|p1a: Crawdaunt|Knock Off|p2a: Ferrothorn
|-activate|p2a: Ferrothorn|Protect
|
|-damage|p1a: Crawdaunt|56\/275|[from] Leech Seed|[of] p2a: Ferrothorn
|-heal|p2a: Ferrothorn|104\/352|[silent]
|turn|12
|
|switch|p2a: Sylveon|Sylveon, F|393\/393
|-damage|p2a: Sylveon|344\/393|[from] Stealth Rock
|move|p1a: Crawdaunt|Knock Off|p2a: Sylveon
|-resisted|p2a: Sylveon
|-damage|p2a: Sylveon|151\/393
|-enditem|p2a: Sylveon|Leftovers|[from] move: Knock Off|[of] p1a: Crawdaunt
|
|-damage|p1a: Crawdaunt|22\/275|[from] Leech Seed|[of] p2a: Sylveon
|-heal|p2a: Sylveon|185\/393|[silent]
|turn|13
|
|move|p2a: Sylveon|Protect|p2a: Sylveon
|-singleturn|p2a: Sylveon|Protect
|move|p1a: Crawdaunt|Crabhammer|p2a: Sylveon
|-activate|p2a: Sylveon|Protect
|
|-damage|p1a: Crawdaunt|0 fnt|[from] Leech Seed|[of] p2a: Sylveon
|-heal|p2a: Sylveon|207\/393|[silent]
|faint|p1a: Crawdaunt
|
|switch|p1a: Bisharp|Bisharp, M|271\/271
|turn|14
|
|move|p1a: Bisharp|Swords Dance|p1a: Bisharp
|-boost|p1a: Bisharp|atk|2
|move|p2a: Sylveon|Hyper Voice|p1a: Bisharp
|-damage|p1a: Bisharp|88\/271
|
|turn|15
|
|move|p1a: Bisharp|Iron Head|p2a: Sylveon
|-supereffective|p2a: Sylveon
|-damage|p2a: Sylveon|0 fnt
|faint|p2a: Sylveon
|
|
|switch|p2a: Mew|Mew|404\/404
|-damage|p2a: Mew|354\/404|[from] Stealth Rock
|turn|16
|
|move|p2a: Mew|Will-O-Wisp|p1a: Bisharp
|-status|p1a: Bisharp|brn
|move|p1a: Bisharp|Knock Off|p2a: Mew
|-supereffective|p2a: Mew
|-damage|p2a: Mew|28\/404
|-enditem|p2a: Mew|Leftovers|[from] move: Knock Off|[of] p1a: Bisharp
|
|-damage|p1a: Bisharp|55\/271 brn|[from] brn
|turn|17
|
|move|p2a: Mew|Roost|p2a: Mew
|-heal|p2a: Mew|230\/404
|move|p1a: Bisharp|Knock Off|p2a: Mew
|-supereffective|p2a: Mew
|-damage|p2a: Mew|24\/404
|
|-damage|p1a: Bisharp|22\/271 brn|[from] brn
|turn|18
|c|âSaph|Does this mean...
|c|âSaph|My ladder struggle
|c|âSaph|is over
|c|âhiye|ya]
|c|âSaph|from 72 games to 81 to get reqs
|
|move|p2a: Mew|Roost|p2a: Mew
|-heal|p2a: Mew|226\/404
|move|p1a: Bisharp|Knock Off|p2a: Mew
|-supereffective|p2a: Mew
|-damage|p2a: Mew|2\/404
|
|-damage|p1a: Bisharp|0 fnt|[from] brn
|faint|p1a: Bisharp
|c|âSaph|<_<_<__<
|c|âSaph|2699.9 coil last time lmao
|
|switch|p1a: Charizard|Charizard, M|315\/315
|turn|19
|
|detailschange|p1a: Charizard|Charizard-Mega-X, M
|-mega|p1a: Charizard|Charizard|Charizardite X
|move|p1a: Charizard|Dragon Claw|p2a: Mew
|-damage|p2a: Mew|0 fnt
|faint|p2a: Mew
|
|c|âSaph|holy shit thank god this is over
|c|âSaph|hopes got crushed last time
|c|âhiye|lol
|
|switch|p2a: Rotom-Wash|Rotom-Wash|91\/303
|-damage|p2a: Rotom-Wash|54\/303|[from] Stealth Rock
|turn|20
|
|move|p1a: Charizard|Dragon Claw|p2a: Rotom-Wash
|-damage|p2a: Rotom-Wash|0 fnt
|faint|p2a: Rotom-Wash
|
|-message|hiye forfeited.
|
|switch|p2a: Ferrothorn|Ferrothorn, F|104\/352
|-damage|p2a: Ferrothorn|82\/352|[from] Stealth Rock
|turn|21
|
|win|Saph
|raw|Ladder updating...
|raw|Saph's rating: 1454 &rarr; <strong>1470<\/strong><br \/>(+16 for winning)
|raw|hiye's rating: 1380 &rarr; <strong>1364<\/strong><br \/>(-16 for losing)
|leave|Numera
|leave|Saph
|leave|hiye
|player|p1
|player|p2
|leave|Qwazz
|join|Saph