|join|Teeny Victory
|join|Hiye
|player|p1|Teeny Victory|29
|player|p2|Hiye|168
|gametype|singles
|gen|6
|tier|OU (suspect test)
|clearpoke
|poke|p1|Metagross, shiny
|poke|p1|Keldeo-Resolute, shiny
|poke|p1|Landorus-Therian, M
|poke|p1|Raikou
|poke|p1|Latios, M, shiny
|poke|p1|Bisharp, F
|poke|p2|Ferrothorn, M
|poke|p2|Rotom-Wash
|poke|p2|Charizard, F
|poke|p2|Sylveon, M
|poke|p2|Excadrill, M
|poke|p2|Mew
|rule|Swagger Clause: Swagger is banned
|rule|Baton Pass Clause: Limit one PokÃ©mon knowing Baton Pass
|rule|Sleep Clause Mod: Limit one foe put to sleep
|rule|Species Clause: Limit one of each PokÃ©mon
|rule|OHKO Clause: OHKO moves are banned
|rule|Moody Clause: Moody is banned
|rule|Evasion Moves Clause: Evasion moves are banned
|rule|Endless Battle Clause: Forcing endless battles is banned
|rule|HP Percentage Mod: HP is shown in percentages
|teampreview
|c|âTeeny Victory|glhf
|join|XxGoomyTheGodxX
|
|start
|switch|p1a: Rai Kou you|Raikou|321\/321
|switch|p2a: Charizard|Charizard, F|359\/359
|-ability|p1a: Rai Kou you|Pressure
|turn|1
|
|detailschange|p2a: Charizard|Charizard-Mega-X, F
|-mega|p2a: Charizard|Charizard|Charizardite X
|move|p1a: Rai Kou you|Volt Switch|p2a: Charizard
|-resisted|p2a: Charizard
|-damage|p2a: Charizard|288\/359
|
|switch|p1a: Dogerus-Dogeian|Landorus-Therian, M|381\/381
|-ability|p1a: Dogerus-Dogeian|Intimidate|[of] p2a: Charizard
|-unboost|p2a: Charizard|atk|1
|move|p2a: Charizard|Will-O-Wisp|p1a: Dogerus-Dogeian
|-status|p1a: Dogerus-Dogeian|brn
|
|-damage|p1a: Dogerus-Dogeian|334\/381 brn|[from] brn
|turn|2
|c|âTeeny Victory|oh
|
|move|p2a: Charizard|Dragon Dance|p2a: Charizard
|-boost|p2a: Charizard|atk|1
|-boost|p2a: Charizard|spe|1
|move|p1a: Dogerus-Dogeian|Stealth Rock|p2a: Charizard
|-sidestart|p2: Hiye|move: Stealth Rock
|
|-heal|p1a: Dogerus-Dogeian|357\/381 brn|[from] item: Leftovers
|-damage|p1a: Dogerus-Dogeian|310\/381 brn|[from] brn
|turn|3
|
|move|p2a: Charizard|Dragon Dance|p2a: Charizard
|-boost|p2a: Charizard|atk|1
|-boost|p2a: Charizard|spe|1
|move|p1a: Dogerus-Dogeian|Earthquake|p2a: Charizard
|-supereffective|p2a: Charizard
|-damage|p2a: Charizard|162\/359
|
|-heal|p1a: Dogerus-Dogeian|333\/381 brn|[from] item: Leftovers
|-damage|p1a: Dogerus-Dogeian|286\/381 brn|[from] brn
|turn|4
|join|qwazz
|
|move|p2a: Charizard|Roost|p2a: Charizard
|-heal|p2a: Charizard|342\/359
|move|p1a: Dogerus-Dogeian|U-turn|p2a: Charizard
|-resisted|p2a: Charizard
|-damage|p2a: Charizard|327\/359
|
|switch|p1a: Big Beldum|Metagross, shiny|301\/301
|
|turn|5
|join|hj regicide
|
|switch|p1a: Dogerus-Dogeian|Landorus-Therian, M|286\/381 brn
|-ability|p1a: Dogerus-Dogeian|Intimidate|[of] p2a: Charizard
|-unboost|p2a: Charizard|atk|1
|move|p2a: Charizard|Will-O-Wisp|p1a: Dogerus-Dogeian|[miss]
|-miss|p2a: Charizard|p1a: Dogerus-Dogeian
|
|-heal|p1a: Dogerus-Dogeian|309\/381 brn|[from] item: Leftovers
|-damage|p1a: Dogerus-Dogeian|262\/381 brn|[from] brn
|turn|6
|leave|hj regicide
|join|MockHD
|
|move|p2a: Charizard|Dragon Claw|p1a: Dogerus-Dogeian
|-damage|p1a: Dogerus-Dogeian|150\/381 brn
|move|p1a: Dogerus-Dogeian|U-turn|p2a: Charizard
|-resisted|p2a: Charizard
|-damage|p2a: Charizard|313\/359
|
|switch|p1a: Names Keld yo|Keldeo-Resolute, shiny|323\/323
|
|turn|7
|leave|MockHD
|
|switch|p2a: Ferrothorn|Ferrothorn, M|352\/352
|-damage|p2a: Ferrothorn|330\/352|[from] Stealth Rock
|move|p1a: Names Keld yo|Hydro Pump|p2a: Ferrothorn
|-resisted|p2a: Ferrothorn
|-damage|p2a: Ferrothorn|261\/352
|
|-heal|p2a: Ferrothorn|283\/352|[from] item: Leftovers
|turn|8
|
|switch|p1a: Big Beldum|Metagross, shiny|301\/301
|move|p2a: Ferrothorn|Leech Seed|p1a: Big Beldum
|-start|p1a: Big Beldum|move: Leech Seed
|
|-heal|p2a: Ferrothorn|305\/352|[from] item: Leftovers
|-damage|p1a: Big Beldum|264\/301|[from] Leech Seed|[of] p2a: Ferrothorn
|-heal|p2a: Ferrothorn|342\/352|[silent]
|turn|9
|leave|XxGoomyTheGodxX
|
|detailschange|p1a: Big Beldum|Metagross-Mega, shiny
|-mega|p1a: Big Beldum|Metagross|Metagrossite
|move|p2a: Ferrothorn|Protect|p2a: Ferrothorn
|-singleturn|p2a: Ferrothorn|Protect
|move|p1a: Big Beldum|Hammer Arm|p2a: Ferrothorn
|-activate|p2a: Ferrothorn|Protect
|
|-heal|p2a: Ferrothorn|352\/352|[from] item: Leftovers
|-damage|p1a: Big Beldum|227\/301|[from] Leech Seed|[of] p2a: Ferrothorn
|turn|10
|join|hj regicide
|
|switch|p2a: Mew|Mew|404\/404
|-damage|p2a: Mew|354\/404|[from] Stealth Rock
|move|p1a: Big Beldum|Hammer Arm|p2a: Mew|[miss]
|-miss|p1a: Big Beldum|p2a: Mew
|
|-heal|p2a: Mew|379\/404|[from] item: Leftovers
|-damage|p1a: Big Beldum|190\/301|[from] Leech Seed|[of] p2a: Mew
|-heal|p2a: Mew|404\/404|[silent]
|turn|11
|
|switch|p1a: Dogerus-Dogeian|Landorus-Therian, M|150\/381 brn
|-ability|p1a: Dogerus-Dogeian|Intimidate|[of] p2a: Mew
|-unboost|p2a: Mew|atk|1
|move|p2a: Mew|Will-O-Wisp|p1a: Dogerus-Dogeian
|-fail|p1a: Dogerus-Dogeian|brn
|
|-heal|p1a: Dogerus-Dogeian|173\/381 brn|[from] item: Leftovers
|-damage|p1a: Dogerus-Dogeian|126\/381 brn|[from] brn
|turn|12
|
|move|p2a: Mew|Whirlpool|p1a: Dogerus-Dogeian
|-crit|p1a: Dogerus-Dogeian
|-supereffective|p1a: Dogerus-Dogeian
|-damage|p1a: Dogerus-Dogeian|34\/381 brn
|-activate|p1a: Dogerus-Dogeian|move: Whirlpool|[of] p2a: Mew
|move|p1a: Dogerus-Dogeian|U-turn|p2a: Mew
|-supereffective|p2a: Mew
|-damage|p2a: Mew|332\/404
|
|switch|p1a: Bish Please|Bisharp, F|271\/271
|
|-heal|p2a: Mew|357\/404|[from] item: Leftovers
|turn|13
|
|move|p1a: Bish Please|Knock Off|p2a: Mew
|-supereffective|p2a: Mew
|-damage|p2a: Mew|7\/404
|-enditem|p2a: Mew|Leftovers|[from] move: Knock Off|[of] p1a: Bish Please
|move|p2a: Mew|Will-O-Wisp|p1a: Bish Please
|-status|p1a: Bish Please|brn
|
|-damage|p1a: Bish Please|238\/271 brn|[from] brn
|turn|14
|c|âTeeny Victory|:(
|c|âTeeny Victory|sa clase
|
|move|p1a: Bish Please|Knock Off|p2a: Mew
|-crit|p2a: Mew
|-supereffective|p2a: Mew
|-damage|p2a: Mew|0 fnt
|faint|p2a: Mew
|
|-damage|p1a: Bish Please|205\/271 brn|[from] brn
|
|switch|p2a: Excadrill|Excadrill, M|417\/417
|-damage|p2a: Excadrill|404\/417|[from] Stealth Rock
|-ability|p2a: Excadrill|Mold Breaker
|turn|15
|
|switch|p1a: Dogerus-Dogeian|Landorus-Therian, M|34\/381 brn
|-ability|p1a: Dogerus-Dogeian|Intimidate|[of] p2a: Excadrill
|-unboost|p2a: Excadrill|atk|1
|move|p2a: Excadrill|Rapid Spin|p1a: Dogerus-Dogeian
|-damage|p1a: Dogerus-Dogeian|23\/381 brn
|-sideend|p2: Hiye|Stealth Rock|[from] move: Rapid Spin|[of] p2a: Excadrill
|
|-heal|p2a: Excadrill|417\/417|[from] item: Leftovers
|-heal|p1a: Dogerus-Dogeian|46\/381 brn|[from] item: Leftovers
|-damage|p1a: Dogerus-Dogeian|0 fnt|[from] brn
|faint|p1a: Dogerus-Dogeian
|
|switch|p1a: Names Keld yo|Keldeo-Resolute, shiny|323\/323
|turn|16
|
|switch|p2a: Sylveon|Sylveon, M|393\/393
|move|p1a: Names Keld yo|Secret Sword|p2a: Sylveon
|-resisted|p2a: Sylveon
|-damage|p2a: Sylveon|318\/393
|
|-heal|p2a: Sylveon|342\/393|[from] item: Leftovers
|turn|17
|join|Orei
|
|switch|p1a: Big Beldum|Metagross-Mega, shiny|190\/301
|switch|p2a: Charizard|Charizard-Mega-X, F|313\/359
|
|turn|18
|
|switch|p1a: Lati Hoes|Latios, M, shiny|301\/301
|move|p2a: Charizard|Will-O-Wisp|p1a: Lati Hoes
|-status|p1a: Lati Hoes|brn
|
|-damage|p1a: Lati Hoes|264\/301 brn|[from] brn
|turn|19
|
|switch|p2a: Excadrill|Excadrill, M|417\/417
|-ability|p2a: Excadrill|Mold Breaker
|move|p1a: Lati Hoes|Draco Meteor|p2a: Excadrill
|-crit|p2a: Excadrill
|-resisted|p2a: Excadrill
|-damage|p2a: Excadrill|210\/417
|-unboost|p1a: Lati Hoes|spa|2
|-damage|p1a: Lati Hoes|234\/301 brn|[from] item: Life Orb
|
|-heal|p2a: Excadrill|236\/417|[from] item: Leftovers
|-damage|p1a: Lati Hoes|197\/301 brn|[from] brn
|turn|20
|c|âHiye|thats not nice
|
|switch|p1a: Names Keld yo|Keldeo-Resolute, shiny|323\/323
|move|p2a: Excadrill|Stealth Rock|p1a: Names Keld yo
|-sidestart|p1: Teeny Victory|move: Stealth Rock
|
|-heal|p2a: Excadrill|262\/417|[from] item: Leftovers
|turn|21
|
|switch|p2a: Ferrothorn|Ferrothorn, M|352\/352
|move|p1a: Names Keld yo|Secret Sword|p2a: Ferrothorn
|-supereffective|p2a: Ferrothorn
|-damage|p2a: Ferrothorn|140\/352
|
|-heal|p2a: Ferrothorn|162\/352|[from] item: Leftovers
|turn|22
|
|switch|p2a: Sylveon|Sylveon, M|342\/393
|move|p1a: Names Keld yo|Secret Sword|p2a: Sylveon
|-resisted|p2a: Sylveon
|-damage|p2a: Sylveon|265\/393
|
|-heal|p2a: Sylveon|289\/393|[from] item: Leftovers
|turn|23
|join|XxGoomyTheGodxX
|
|switch|p1a: Big Beldum|Metagross-Mega, shiny|190\/301
|-damage|p1a: Big Beldum|172\/301|[from] Stealth Rock
|move|p2a: Sylveon|Wish|p2a: Sylveon
|
|-heal|p2a: Sylveon|313\/393|[from] item: Leftovers
|turn|24
|
|switch|p2a: Charizard|Charizard-Mega-X, F|313\/359
|move|p1a: Big Beldum|Hammer Arm|p2a: Charizard
|-damage|p2a: Charizard|167\/359
|-unboost|p1a: Big Beldum|spe|1
|
|-heal|p2a: Charizard|359\/359|[from] move: Wish|[wisher] Sylveon
|turn|25
|
|switch|p1a: Lati Hoes|Latios, M, shiny|197\/301 brn
|-damage|p1a: Lati Hoes|160\/301 brn|[from] Stealth Rock
|move|p2a: Charizard|Dragon Dance|p2a: Charizard
|-boost|p2a: Charizard|atk|1
|-boost|p2a: Charizard|spe|1
|
|-damage|p1a: Lati Hoes|123\/301 brn|[from] brn
|turn|26
|
|move|p2a: Charizard|Dragon Claw|p1a: Lati Hoes
|-supereffective|p1a: Lati Hoes
|-damage|p1a: Lati Hoes|0 fnt
|faint|p1a: Lati Hoes
|
|
|switch|p1a: Names Keld yo|Keldeo-Resolute, shiny|323\/323
|-damage|p1a: Names Keld yo|303\/323|[from] Stealth Rock
|turn|27
|
|switch|p2a: Rotom-Wash|Rotom-Wash|304\/304
|move|p1a: Names Keld yo|Secret Sword|p2a: Rotom-Wash
|-damage|p2a: Rotom-Wash|201\/304
|
|-heal|p2a: Rotom-Wash|220\/304|[from] item: Leftovers
|turn|28
|
|switch|p1a: Rai Kou you|Raikou|321\/321
|-damage|p1a: Rai Kou you|281\/321|[from] Stealth Rock
|-ability|p1a: Rai Kou you|Pressure
|move|p2a: Rotom-Wash|Volt Switch|p1a: Rai Kou you
|-resisted|p1a: Rai Kou you
|-damage|p1a: Rai Kou you|252\/321
|
|switch|p2a: Excadrill|Excadrill, M|262\/417
|-ability|p2a: Excadrill|Mold Breaker
|
|-heal|p2a: Excadrill|288\/417|[from] item: Leftovers
|turn|29
|
|switch|p1a: Names Keld yo|Keldeo-Resolute, shiny|303\/323
|-damage|p1a: Names Keld yo|283\/323|[from] Stealth Rock
|move|p2a: Excadrill|Earthquake|p1a: Names Keld yo
|-damage|p1a: Names Keld yo|106\/323
|
|-heal|p2a: Excadrill|314\/417|[from] item: Leftovers
|turn|30
|
|switch|p2a: Sylveon|Sylveon, M|313\/393
|move|p1a: Names Keld yo|Secret Sword|p2a: Sylveon
|-resisted|p2a: Sylveon
|-damage|p2a: Sylveon|238\/393
|
|-heal|p2a: Sylveon|262\/393|[from] item: Leftovers
|turn|31
|
|switch|p1a: Bish Please|Bisharp, F|205\/271 brn
|-damage|p1a: Bish Please|189\/271 brn|[from] Stealth Rock
|move|p2a: Sylveon|Wish|p2a: Sylveon
|
|-heal|p2a: Sylveon|286\/393|[from] item: Leftovers
|-damage|p1a: Bish Please|156\/271 brn|[from] brn
|turn|32
|
|switch|p2a: Charizard|Charizard-Mega-X, F|359\/359
|move|p1a: Bish Please|Swords Dance|p1a: Bish Please
|-boost|p1a: Bish Please|atk|2
|
|-damage|p1a: Bish Please|123\/271 brn|[from] brn
|turn|33
|
|move|p2a: Charizard|Dragon Dance|p2a: Charizard
|-boost|p2a: Charizard|atk|1
|-boost|p2a: Charizard|spe|1
|move|p1a: Bish Please|Swords Dance|p1a: Bish Please
|-boost|p1a: Bish Please|atk|2
|
|-damage|p1a: Bish Please|90\/271 brn|[from] brn
|turn|34
|
|move|p2a: Charizard|Dragon Claw|p1a: Bish Please
|-resisted|p1a: Bish Please
|-damage|p1a: Bish Please|0 fnt
|faint|p1a: Bish Please
|
|
|switch|p1a: Names Keld yo|Keldeo-Resolute, shiny|106\/323
|-damage|p1a: Names Keld yo|86\/323|[from] Stealth Rock
|turn|35
|
|move|p1a: Names Keld yo|Hydro Pump|p2a: Charizard
|-damage|p2a: Charizard|121\/359
|move|p2a: Charizard|Dragon Dance|p2a: Charizard
|-boost|p2a: Charizard|atk|1
|-boost|p2a: Charizard|spe|1
|
|turn|36
|c|âTeeny Victory|so you are offensive dd wisp zard
|c|âTeeny Victory|ok
|c|âHiye|N
|c|âHiye|bulk
|
|move|p2a: Charizard|Dragon Claw|p1a: Names Keld yo
|-damage|p1a: Names Keld yo|0 fnt
|faint|p1a: Names Keld yo
|
|c|âTeeny Victory|y u take that much then?
|c|âHiye|Sweeps pretty much the metagame
|c| hj regicide|specs
|c|âHiye|its not spdef
|
|switch|p1a: Big Beldum|Metagross-Mega, shiny|172\/301
|-damage|p1a: Big Beldum|154\/301|[from] Stealth Rock
|turn|37
|c|âHiye|its scarf
|c|âTeeny Victory|no im scarf
|c| hj regicide|that's a specs keldeo
|c|âHiye|specs does like 90
|c| hj regicide|oh
|c|âTeeny Victory|but fairys bro
|
|move|p2a: Charizard|Roost|p2a: Charizard
|-heal|p2a: Charizard|301\/359
|move|p1a: Big Beldum|Zen Headbutt|p2a: Charizard
|-damage|p2a: Charizard|133\/359
|
|turn|38
|c|âHiye|excadrill
|c|âTeeny Victory|yeah
|c| hj regicide|just wisp and sweep already
|c|âTeeny Victory|what about m-alt
|
|move|p2a: Charizard|Roost|p2a: Charizard
|-heal|p2a: Charizard|313\/359
|move|p1a: Big Beldum|Zen Headbutt|p2a: Charizard|[miss]
|-miss|p1a: Big Beldum|p2a: Charizard
|
|turn|39
|c|âHiye|ferro
|c|âTeeny Victory|or fire blast clef
|c|âHiye|and if its flame
|c|âHiye|mew \/ sylv
|c|âTeeny Victory|or fire blast + eq m-alt
|c| hj regicide|don't use the same team btw im the opponent of the winner
|c|âTeeny Victory|?_?
|
|move|p2a: Charizard|Will-O-Wisp|p1a: Big Beldum
|-status|p1a: Big Beldum|brn
|move|p1a: Big Beldum|Zen Headbutt|p2a: Charizard
|-damage|p2a: Charizard|237\/359
|
|-damage|p1a: Big Beldum|117\/301 brn|[from] brn
|turn|40
|c| hj regicide|or you can use the same team idc
|c| hj regicide|im hust trying to be fair
|
|move|p2a: Charizard|Dragon Claw|p1a: Big Beldum
|-resisted|p1a: Big Beldum
|-damage|p1a: Big Beldum|15\/301 brn
|move|p1a: Big Beldum|Zen Headbutt|p2a: Charizard
|-damage|p2a: Charizard|152\/359
|
|-damage|p1a: Big Beldum|0 fnt|[from] brn
|faint|p1a: Big Beldum
|c| XxGoomyTheGodxX|regicide actually its me you have the winner of me and the winner of this
|c|âTeeny Victory|u must consider all th options m8
|c|âHiye|sylv
|c| hj regicide|oh nvm
|
|switch|p1a: Rai Kou you|Raikou|252\/321
|-damage|p1a: Rai Kou you|212\/321|[from] Stealth Rock
|-ability|p1a: Rai Kou you|Pressure
|turn|41
|c|âTeeny Victory|return
|c|âHiye|wut
|c|âTeeny Victory|kills sylv
|c| hj regicide|welp im going to do shit then
|c|âHiye|n
|c| hj regicide|bye
|c|âHiye|return wouldnt 2ohko
|leave|hj regicide
|c|âTeeny Victory|ys
|c|âHiye|unless dd
|
|move|p2a: Charizard|Dragon Claw|p1a: Rai Kou you
|-damage|p1a: Rai Kou you|0 fnt
|faint|p1a: Rai Kou you
|
|win|Hiye
|c|âTeeny Victory|kills on switch in