|join|Hiye
|join|Brettlin
|player|p1|Hiye|170
|player|p2|Brettlin|153
|gametype|singles
|gen|6
|tier|OU (suspect test)
|rated
|clearpoke
|poke|p1|Ferrothorn, F
|poke|p1|Charizard, M
|poke|p1|Sylveon, F
|poke|p1|Excadrill, M
|poke|p1|Rotom-Wash
|poke|p1|Mew
|poke|p2|Latias, F
|poke|p2|Blissey, F
|poke|p2|Ferrothorn, F
|poke|p2|Gliscor, M
|poke|p2|Heatran, F
|poke|p2|Gyarados, M
|rule|Swagger Clause: Swagger is banned
|rule|Baton Pass Clause: Limit one PokÃ©mon knowing Baton Pass
|rule|Sleep Clause Mod: Limit one foe put to sleep
|rule|Species Clause: Limit one of each PokÃ©mon
|rule|OHKO Clause: OHKO moves are banned
|rule|Moody Clause: Moody is banned
|rule|Evasion Moves Clause: Evasion moves are banned
|rule|Endless Battle Clause: Forcing endless battles is banned
|rule|HP Percentage Mod: HP is shown in percentages
|teampreview
|c|âHiye|YESS fat things
|c|âHiye|Go 3 blissey
|
|start
|switch|p1a: Mew|Mew|404\/404
|switch|p2a: Heatran|Heatran, F|386\/386
|turn|1
|c|âHiye|Wow ok
|
|move|p1a: Mew|Taunt|p2a: Heatran
|-start|p2a: Heatran|move: Taunt
|cant|p2a: Heatran|move: Taunt|Stealth Rock
|
|turn|2
|
|switch|p1a: Charizard|Charizard, M|359\/359
|move|p2a: Heatran|Lava Plume|p1a: Charizard
|-resisted|p1a: Charizard
|-damage|p1a: Charizard|294\/359
|
|turn|3
|
|switch|p2a: Gyarados|Gyarados, M|394\/394
|-ability|p2a: Gyarados|Intimidate|[of] p1a: Charizard
|-unboost|p1a: Charizard|atk|1
|detailschange|p1a: Charizard|Charizard-Mega-X, M
|-mega|p1a: Charizard|Charizard|Charizardite X
|move|p1a: Charizard|Will-O-Wisp|p2a: Gyarados
|-status|p2a: Gyarados|brn
|
|-damage|p2a: Gyarados|345\/394 brn|[from] brn
|turn|4
|c|âHiye|Noice
|
|move|p1a: Charizard|Dragon Dance|p1a: Charizard
|-boost|p1a: Charizard|atk|1
|-boost|p1a: Charizard|spe|1
|move|p2a: Gyarados|Roar|p1a: Charizard
|drag|p1a: Mew|Mew|404\/404
|
|-heal|p2a: Gyarados|369\/394 brn|[from] item: Leftovers
|-damage|p2a: Gyarados|320\/394 brn|[from] brn
|turn|5
|c|âHiye|Ah defensive
|
|switch|p2a: Gliscor|Gliscor, M|353\/353
|move|p1a: Mew|Taunt|p2a: Gliscor
|-start|p2a: Gliscor|move: Taunt
|
|-status|p2a: Gliscor|tox|[from] item: Toxic Orb
|turn|6
|c|âHiye|Crap...
|c|âHiye|I almost clicked dat willo
|c|âHiye|wait, why would u switch glis
|c|âHiye|knock offvv
|
|switch|p1a: Rotom-Wash|Rotom-Wash|303\/303
|move|p2a: Gliscor|Knock Off|p1a: Rotom-Wash
|-damage|p1a: Rotom-Wash|248\/303
|-enditem|p1a: Rotom-Wash|Leftovers|[from] move: Knock Off|[of] p2a: Gliscor
|
|turn|7
|
|switch|p2a: Ferrothorn|Ferrothorn, F|351\/351
|move|p1a: Rotom-Wash|Volt Switch|p2a: Ferrothorn
|-resisted|p2a: Ferrothorn
|-damage|p2a: Ferrothorn|312\/351
|
|switch|p1a: Mew|Mew|404\/404
|
|turn|8
|
|move|p1a: Mew|Whirlpool|p2a: Ferrothorn
|-resisted|p2a: Ferrothorn
|-damage|p2a: Ferrothorn|300\/351
|-activate|p2a: Ferrothorn|move: Whirlpool|[of] p1a: Mew
|move|p2a: Ferrothorn|Gyro Ball|p1a: Mew
|-damage|p1a: Mew|242\/404
|
|-heal|p1a: Mew|267\/404|[from] item: Leftovers
|-damage|p2a: Ferrothorn|257\/351|[from] move: Whirlpool|[partiallytrapped]
|turn|9
|c|âHiye|YAS
|
|move|p1a: Mew|Will-O-Wisp|p2a: Ferrothorn
|-status|p2a: Ferrothorn|brn
|move|p2a: Ferrothorn|Gyro Ball|p1a: Mew
|-damage|p1a: Mew|179\/404
|
|-heal|p1a: Mew|204\/404|[from] item: Leftovers
|-damage|p2a: Ferrothorn|214\/351 brn|[from] brn
|-damage|p2a: Ferrothorn|171\/351 brn|[from] move: Whirlpool|[partiallytrapped]
|turn|10
|
|move|p1a: Mew|Taunt|p2a: Ferrothorn
|-start|p2a: Ferrothorn|move: Taunt
|cant|p2a: Ferrothorn|move: Taunt|Leech Seed
|
|-heal|p1a: Mew|229\/404|[from] item: Leftovers
|-damage|p2a: Ferrothorn|128\/351 brn|[from] brn
|-damage|p2a: Ferrothorn|85\/351 brn|[from] move: Whirlpool|[partiallytrapped]
|turn|11
|c|âHiye|Bb ferro
|
|move|p1a: Mew|Roost|p1a: Mew
|-heal|p1a: Mew|404\/404
|move|p2a: Ferrothorn|Gyro Ball|p1a: Mew
|-damage|p1a: Mew|323\/404
|
|-heal|p1a: Mew|348\/404|[from] item: Leftovers
|-damage|p2a: Ferrothorn|42\/351 brn|[from] brn
|-damage|p2a: Ferrothorn|0 fnt|[from] move: Whirlpool|[partiallytrapped]
|faint|p2a: Ferrothorn
|
|switch|p2a: Gliscor|Gliscor, M|353\/353 tox
|turn|12
|
|switch|p1a: Ferrothorn|Ferrothorn, F|351\/351
|move|p2a: Gliscor|Knock Off|p1a: Ferrothorn
|-damage|p1a: Ferrothorn|300\/351
|-damage|p2a: Gliscor|309\/353 tox|[from] ability: Iron Barbs|[of] p1a: Ferrothorn
|-enditem|p1a: Ferrothorn|Leftovers|[from] move: Knock Off|[of] p2a: Gliscor
|
|-heal|p2a: Gliscor|353\/353 tox|[from] ability: Poison Heal
|turn|13
|
|switch|p2a: Heatran|Heatran, F|386\/386
|move|p1a: Ferrothorn|Spikes|p2a: Heatran
|-sidestart|p2: Brettlin|Spikes
|
|turn|14
|
|switch|p1a: Excadrill|Excadrill, M|417\/417
|-ability|p1a: Excadrill|Mold Breaker
|move|p2a: Heatran|Stealth Rock|p1a: Excadrill
|-sidestart|p1: Hiye|move: Stealth Rock
|
|turn|15
|
|switch|p2a: Latias|Latias, F|361\/361
|move|p1a: Excadrill|Rapid Spin|p2a: Latias
|-damage|p2a: Latias|339\/361
|-sideend|p1: Hiye|Stealth Rock|[from] move: Rapid Spin|[of] p1a: Excadrill
|
|turn|16
|c|âHiye|Mold breaker...?
|
|detailschange|p2a: Latias|Latias-Mega, F
|-mega|p2a: Latias|Latias|Latiasite
|move|p2a: Latias|Defog|p1a: Excadrill
|-unboost|p1a: Excadrill|evasion|1
|-sideend|p2: Brettlin|Spikes|[from] move: Defog|[of] p2a: Latias
|move|p1a: Excadrill|Earthquake|p2a: Latias
|-crit|p2a: Latias
|-damage|p2a: Latias|155\/361
|
|turn|17
|c|âHiye|LOL that legit scared to out of me
|c|âHiye|if it was cm stored
|
|switch|p2a: Gliscor|Gliscor, M|353\/353 tox
|move|p1a: Excadrill|Stealth Rock|p2a: Gliscor
|-sidestart|p2: Brettlin|move: Stealth Rock
|
|turn|18
|
|switch|p1a: Ferrothorn|Ferrothorn, F|300\/351
|move|p2a: Gliscor|Toxic|p1a: Ferrothorn
|-fail|p1a: Ferrothorn
|
|turn|19
|
|switch|p2a: Gyarados|Gyarados, M|320\/394 brn
|-damage|p2a: Gyarados|222\/394 brn|[from] Stealth Rock
|-ability|p2a: Gyarados|Intimidate|[of] p1a: Ferrothorn
|-unboost|p1a: Ferrothorn|atk|1
|move|p1a: Ferrothorn|Leech Seed|p2a: Gyarados|[miss]
|-miss|p1a: Ferrothorn|p2a: Gyarados
|
|-heal|p2a: Gyarados|246\/394 brn|[from] item: Leftovers
|-damage|p2a: Gyarados|197\/394 brn|[from] brn
|turn|20
|c|âHiye|Not nice imo
|c|âHiye|Rest up
|
|move|p2a: Gyarados|Rest|p2a: Gyarados
|-status|p2a: Gyarados|slp
|-heal|p2a: Gyarados|394\/394 slp|[silent]
|-status|p2a: Gyarados|slp|[from] move: Rest
|move|p1a: Ferrothorn|Spikes|p2a: Gyarados
|-sidestart|p2: Brettlin|Spikes
|
|turn|21
|
|switch|p2a: Latias|Latias-Mega, F|155\/361
|-damage|p2a: Latias|110\/361|[from] Stealth Rock
|switch|p1a: Charizard|Charizard-Mega-X, M|294\/359
|
|turn|22
|c|âHiye|Predicted since day 1 imo
|
|move|p1a: Charizard|Dragon Claw|p2a: Latias
|-supereffective|p2a: Latias
|-damage|p2a: Latias|0 fnt
|faint|p2a: Latias
|
|-message|Brettlin forfeited.
|leave|Brettlin
|
|win|Hiye
|raw|Ladder updating...
|player|p2
|raw|Hiye's rating: 1109 &rarr; <strong>1130<\/strong><br \/>(+21 for winning)
|raw|Brettlin's rating: 1058 &rarr; <strong>1042<\/strong><br \/>(-16 for losing)