|join|Misery Business
|join|Calloflochie
|player|p1|Misery Business|4
|player|p2|Calloflochie|275
|gametype|singles
|gen|6
|tier|UU
|rule|Sleep Clause Mod: Limit one foe put to sleep
|rule|Species Clause: Limit one of each PokÃ©mon
|rule|OHKO Clause: OHKO moves are banned
|rule|Moody Clause: Moody is banned
|rule|Evasion Moves Clause: Evasion moves are banned
|rule|Endless Battle Clause: Forcing endless battles is banned
|rule|HP Percentage Mod: HP is shown in percentages
|clearpoke
|poke|p1|Doublade, M
|poke|p1|Chesnaught, M
|poke|p1|Alomomola, M
|poke|p1|Blissey, F
|poke|p1|Granbull, M
|poke|p1|Donphan, F
|poke|p2|Beedrill, F
|poke|p2|Hydreigon, F
|poke|p2|Crobat, F
|poke|p2|Swampert, M
|poke|p2|Entei, shiny
|poke|p2|Jirachi
|rule|Swagger Clause: Swagger is banned
|rule|Baton Pass Clause: Limit one PokÃ©mon knowing Baton Pass
|teampreview
|c|âCalloflochie|oh damn
|c|âCalloflochie|u actually brought it
|join|Puralux
|c|âCalloflochie|i h8 u
|c|âMisery Business|lol
|
|start
|switch|p1a: Alomomola|Alomomola, M|515\/515
|switch|p2a: Entei|Entei, shiny|371\/371
|-ability|p2a: Entei|Pressure
|turn|1
|join|PURRL
|
|switch|p2a: Jirachi|Jirachi|341\/341
|move|p1a: Alomomola|Toxic|p2a: Jirachi
|-fail|p2a: Jirachi
|
|turn|2
|
|move|p1a: Alomomola|Protect|p1a: Alomomola
|-singleturn|p1a: Alomomola|Protect
|move|p2a: Jirachi|Trick|p1a: Alomomola
|-activate|p1a: Alomomola|Protect
|
|turn|3
|
|switch|p1a: Donphan|Donphan, F|384\/384
|move|p2a: Jirachi|Trick|p1a: Donphan
|-activate|p2a: Jirachi|move: Trick|[of] p1a: Donphan
|-item|p1a: Donphan|Choice Scarf|[from] move: Trick
|-item|p2a: Jirachi|Leftovers|[from] move: Trick
|
|turn|4
|c|âCalloflochie|dumpin this turn 2
|
|move|p2a: Jirachi|U-turn|p1a: Donphan
|-damage|p1a: Donphan|319\/384
|
|switch|p2a: Crobat|Crobat, F|311\/311
|move|p1a: Donphan|Knock Off|p2a: Crobat
|-damage|p2a: Crobat|173\/311
|-enditem|p2a: Crobat|Sky Plate|[from] move: Knock Off|[of] p1a: Donphan
|
|turn|5
|
|switch|p1a: Alomomola|Alomomola, M|515\/515
|move|p2a: Crobat|U-turn|p1a: Alomomola
|-damage|p1a: Alomomola|447\/515
|
|switch|p2a: Swampert|Swampert, M|404\/404
|
|-heal|p1a: Alomomola|479\/515|[from] item: Leftovers
|turn|6
|c|âMisery Business|why is your whole team
|c|âMisery Business|cockblocked by Mola
|
|move|p1a: Alomomola|Toxic|p2a: Swampert
|-status|p2a: Swampert|tox
|move|p2a: Swampert|Stealth Rock|p1a: Alomomola
|-sidestart|p1: Misery Business|move: Stealth Rock
|
|-heal|p1a: Alomomola|511\/515|[from] item: Leftovers
|-damage|p2a: Swampert|379\/404 tox|[from] psn
|turn|7
|c|âCalloflochie|cause mola is broken
|
|move|p1a: Alomomola|Wish|p1a: Alomomola
|move|p2a: Swampert|Roar|p1a: Alomomola
|drag|p1a: Doublade|Doublade, M|322\/322
|-damage|p1a: Doublade|302\/322|[from] Stealth Rock
|
|-heal|p2a: Swampert|404\/404 tox|[from] item: Leftovers
|-damage|p2a: Swampert|354\/404 tox|[from] psn
|turn|8
|c|âCalloflochie|not much i cand o
|c|âCalloflochie|bout a broken threat
|
|move|p2a: Swampert|Scald|p1a: Doublade
|-damage|p1a: Doublade|211\/322
|move|p1a: Doublade|Iron Head|p2a: Swampert
|-resisted|p2a: Swampert
|-damage|p2a: Swampert|303\/404 tox
|
|-heal|p1a: Doublade|322\/322|[from] move: Wish|[wisher] Alomomola
|-heal|p2a: Swampert|328\/404 tox|[from] item: Leftovers
|-damage|p2a: Swampert|253\/404 tox|[from] psn
|turn|9
|
|switch|p2a: Entei|Entei, shiny|371\/371
|-ability|p2a: Entei|Pressure
|switch|p1a: Granbull|Granbull, M|384\/384
|-damage|p1a: Granbull|336\/384|[from] Stealth Rock
|-ability|p1a: Granbull|Intimidate|[of] p2a: Entei
|-unboost|p2a: Entei|atk|1
|
|-heal|p1a: Granbull|360\/384|[from] item: Leftovers
|turn|10
|
|move|p2a: Entei|Sacred Fire|p1a: Granbull
|-damage|p1a: Granbull|206\/384
|move|p1a: Granbull|Thunder Wave|p2a: Entei
|-status|p2a: Entei|par
|
|-heal|p1a: Granbull|230\/384|[from] item: Leftovers
|turn|11
|c|âCalloflochie|sigh
|
|move|p1a: Granbull|Earthquake|p2a: Entei
|-supereffective|p2a: Entei
|-damage|p2a: Entei|157\/371 par
|move|p2a: Entei|Sacred Fire|p1a: Granbull
|-damage|p1a: Granbull|76\/384
|
|-heal|p1a: Granbull|100\/384|[from] item: Leftovers
|turn|12
|c|âCalloflochie|i swear ive never burnt
|c|âCalloflochie|with sacred fire
|c|âCalloflochie|ever
|
|switch|p1a: Donphan|Donphan, F|319\/384
|-damage|p1a: Donphan|295\/384|[from] Stealth Rock
|move|p2a: Entei|Sacred Fire|p1a: Donphan
|-damage|p1a: Donphan|151\/384
|
|turn|13
|c|âCalloflochie|literally ever
|
|move|p1a: Donphan|Stealth Rock|p2a: Entei
|-sidestart|p2: Calloflochie|move: Stealth Rock
|move|p2a: Entei|Sacred Fire|p1a: Donphan
|-damage|p1a: Donphan|7\/384
|-status|p1a: Donphan|brn
|
|-damage|p1a: Donphan|0 fnt|[from] brn
|faint|p1a: Donphan
|
|switch|p1a: Granbull|Granbull, M|100\/384
|-damage|p1a: Granbull|52\/384|[from] Stealth Rock
|-ability|p1a: Granbull|Intimidate|[of] p2a: Entei
|-unboost|p2a: Entei|atk|1
|turn|14
|
|switch|p2a: Jirachi|Jirachi|341\/341
|-damage|p2a: Jirachi|320\/341|[from] Stealth Rock
|move|p1a: Granbull|Earthquake|p2a: Jirachi
|-supereffective|p2a: Jirachi
|-damage|p2a: Jirachi|150\/341
|
|-heal|p2a: Jirachi|171\/341|[from] item: Leftovers
|-heal|p1a: Granbull|76\/384|[from] item: Leftovers
|turn|15
|join|stella i love you
|
|switch|p1a: Doublade|Doublade, M|322\/322
|-damage|p1a: Doublade|302\/322|[from] Stealth Rock
|move|p2a: Jirachi|Iron Head|p1a: Doublade
|-resisted|p1a: Doublade
|-damage|p1a: Doublade|273\/322
|
|-heal|p2a: Jirachi|192\/341|[from] item: Leftovers
|turn|16
|c|âCalloflochie|lemme get dis
|
|move|p1a: Doublade|Shadow Sneak|p2a: Jirachi
|-supereffective|p2a: Jirachi
|-damage|p2a: Jirachi|40\/341
|move|p2a: Jirachi|Fire Punch|p1a: Doublade
|-supereffective|p1a: Doublade
|-damage|p1a: Doublade|201\/322
|
|-heal|p2a: Jirachi|61\/341|[from] item: Leftovers
|turn|17
|
|move|p1a: Doublade|Shadow Sneak|p2a: Jirachi
|-supereffective|p2a: Jirachi
|-damage|p2a: Jirachi|0 fnt
|faint|p2a: Jirachi
|
|c|âCalloflochie|that was not a burn
|join|Nachos
|
|switch|p2a: Hydreigon|Hydreigon, F|325\/325
|-damage|p2a: Hydreigon|285\/325|[from] Stealth Rock
|turn|18
|
|switch|p1a: Alomomola|Alomomola, M|515\/515
|-damage|p1a: Alomomola|451\/515|[from] Stealth Rock
|move|p2a: Hydreigon|Superpower|p1a: Alomomola
|-damage|p1a: Alomomola|300\/515
|-unboost|p2a: Hydreigon|atk|1
|-unboost|p2a: Hydreigon|def|1
|-damage|p2a: Hydreigon|253\/325|[from] item: Life Orb
|
|-heal|p1a: Alomomola|332\/515|[from] item: Leftovers
|turn|19
|c|âMisery Business|I hope that's specs
|c|âMisery Business|damn
|c|âMisery Business|I can't show off
|c|âMisery Business|mola
|c|âCalloflochie|u got me
|c|âMisery Business|Mola would have
|c|âMisery Business|surived Specs D Meteor
|
|switch|p2a: Beedrill|Beedrill, F|271\/271
|-damage|p2a: Beedrill|204\/271|[from] Stealth Rock
|move|p1a: Alomomola|Protect|p1a: Alomomola
|-fail|p1a: Alomomola
|
|-heal|p1a: Alomomola|364\/515|[from] item: Leftovers
|turn|20
|
|detailschange|p2a: Beedrill|Beedrill-Mega, F
|message|Beedrill has Mega Evolved into Mega Beedrill!
|move|p2a: Beedrill|Poison Jab|p1a: Alomomola
|-damage|p1a: Alomomola|130\/515
|move|p1a: Alomomola|Wish|p1a: Alomomola
|
|-heal|p1a: Alomomola|162\/515|[from] item: Leftovers
|turn|21
|
|move|p1a: Alomomola|Protect|p1a: Alomomola
|-singleturn|p1a: Alomomola|Protect
|move|p2a: Beedrill|Knock Off|p1a: Alomomola
|-activate|p1a: Alomomola|Protect
|
|-heal|p1a: Alomomola|419\/515|[from] move: Wish|[wisher] Alomomola
|-heal|p1a: Alomomola|451\/515|[from] item: Leftovers
|turn|22
|
|switch|p1a: Doublade|Doublade, M|201\/322
|-damage|p1a: Doublade|181\/322|[from] Stealth Rock
|move|p2a: Beedrill|Poison Jab|p1a: Doublade
|-immune|p1a: Doublade|[msg]
|
|turn|23
|
|move|p2a: Beedrill|U-turn|p1a: Doublade
|-resisted|p1a: Doublade
|-damage|p1a: Doublade|159\/322
|
|switch|p2a: Swampert|Swampert, M|253\/404 tox
|-damage|p2a: Swampert|228\/404 tox|[from] Stealth Rock
|move|p1a: Doublade|Iron Head|p2a: Swampert
|-resisted|p2a: Swampert
|-damage|p2a: Swampert|176\/404 tox
|
|-heal|p2a: Swampert|201\/404 tox|[from] item: Leftovers
|-damage|p2a: Swampert|176\/404 tox|[from] psn
|turn|24
|
|switch|p1a: Alomomola|Alomomola, M|515\/515
|-damage|p1a: Alomomola|451\/515|[from] Stealth Rock
|move|p2a: Swampert|Scald|p1a: Alomomola
|-resisted|p1a: Alomomola
|-damage|p1a: Alomomola|407\/515
|
|-heal|p1a: Alomomola|439\/515|[from] item: Leftovers
|-heal|p2a: Swampert|201\/404 tox|[from] item: Leftovers
|-damage|p2a: Swampert|151\/404 tox|[from] psn
|turn|25
|c|âCalloflochie|give me a burn
|c|âCalloflochie|u fucking nigger of a move
|
|switch|p1a: Chesnaught|Chesnaught, M|380\/380
|-damage|p1a: Chesnaught|357\/380|[from] Stealth Rock
|move|p2a: Swampert|Scald|p1a: Chesnaught
|-resisted|p1a: Chesnaught
|-damage|p1a: Chesnaught|307\/380
|
|-heal|p1a: Chesnaught|330\/380|[from] item: Leftovers
|-heal|p2a: Swampert|176\/404 tox|[from] item: Leftovers
|-damage|p2a: Swampert|101\/404 tox|[from] psn
|turn|26
|c|âCalloflochie|man i hate this game
|
|move|p1a: Chesnaught|Leech Seed|p2a: Swampert
|-start|p2a: Swampert|move: Leech Seed
|move|p2a: Swampert|Scald|p1a: Chesnaught
|-crit|p1a: Chesnaught
|-resisted|p1a: Chesnaught
|-damage|p1a: Chesnaught|218\/380
|-status|p1a: Chesnaught|brn
|
|-heal|p1a: Chesnaught|241\/380 brn|[from] item: Leftovers
|-heal|p2a: Swampert|126\/404 tox|[from] item: Leftovers
|-damage|p2a: Swampert|76\/404 tox|[from] Leech Seed|[of] p1a: Chesnaught
|-heal|p1a: Chesnaught|291\/380 brn|[silent]
|-damage|p1a: Chesnaught|244\/380 brn|[from] brn
|-damage|p2a: Swampert|0 fnt|[from] psn
|faint|p2a: Swampert
|c|âCalloflochie|150% of time
|
|switch|p2a: Beedrill|Beedrill-Mega, F|204\/271
|-damage|p2a: Beedrill|137\/271|[from] Stealth Rock
|turn|27
|
|move|p1a: Chesnaught|Spiky Shield|p1a: Chesnaught
|-singleturn|p1a: Chesnaught|move: Protect
|move|p2a: Beedrill|Poison Jab|p1a: Chesnaught
|-activate|p1a: Chesnaught|move: Protect
|-damage|p2a: Beedrill|104\/271|[from] Spiky Shield|[of] p1a: Chesnaught
|
|-heal|p1a: Chesnaught|267\/380 brn|[from] item: Leftovers
|-damage|p1a: Chesnaught|220\/380 brn|[from] brn
|turn|28
|
|switch|p1a: Granbull|Granbull, M|76\/384
|-damage|p1a: Granbull|28\/384|[from] Stealth Rock
|-ability|p1a: Granbull|Intimidate|[of] p2a: Beedrill
|-unboost|p2a: Beedrill|atk|1
|move|p2a: Beedrill|Poison Jab|p1a: Granbull
|-supereffective|p1a: Granbull
|-damage|p1a: Granbull|0 fnt
|faint|p1a: Granbull
|
|
|switch|p1a: Doublade|Doublade, M|159\/322
|-damage|p1a: Doublade|139\/322|[from] Stealth Rock
|turn|29
|
|switch|p2a: Hydreigon|Hydreigon, F|253\/325
|-damage|p2a: Hydreigon|213\/325|[from] Stealth Rock
|move|p1a: Doublade|Shadow Sneak|p2a: Hydreigon
|-crit|p2a: Hydreigon
|-resisted|p2a: Hydreigon
|-damage|p2a: Hydreigon|150\/325
|
|turn|30
|
|switch|p1a: Alomomola|Alomomola, M|515\/515
|-damage|p1a: Alomomola|451\/515|[from] Stealth Rock
|move|p2a: Hydreigon|Draco Meteor|p1a: Alomomola
|-damage|p1a: Alomomola|123\/515
|-unboost|p2a: Hydreigon|spa|2
|-damage|p2a: Hydreigon|118\/325|[from] item: Life Orb
|
|-heal|p1a: Alomomola|155\/515|[from] item: Leftovers
|turn|31
|
|switch|p2a: Crobat|Crobat, F|173\/311
|-damage|p2a: Crobat|96\/311|[from] Stealth Rock
|switch|p1a: Chesnaught|Chesnaught, M|220\/380 brn
|-damage|p1a: Chesnaught|197\/380 brn|[from] Stealth Rock
|
|-heal|p1a: Chesnaught|220\/380 brn|[from] item: Leftovers
|-damage|p1a: Chesnaught|173\/380 brn|[from] brn
|turn|32
|
|move|p2a: Crobat|Defog|p1a: Chesnaught
|-unboost|p1a: Chesnaught|evasion|1
|-sideend|p1: Misery Business|Stealth Rock|[from] move: Defog|[of] p1a: Chesnaught
|-sideend|p2: Calloflochie|Stealth Rock|[from] move: Defog|[of] p2a: Crobat
|move|p1a: Chesnaught|Leech Seed|p2a: Crobat
|-start|p2a: Crobat|move: Leech Seed
|
|-heal|p1a: Chesnaught|196\/380 brn|[from] item: Leftovers
|-damage|p2a: Crobat|58\/311|[from] Leech Seed|[of] p1a: Chesnaught
|-heal|p1a: Chesnaught|234\/380 brn|[silent]
|-damage|p1a: Chesnaught|187\/380 brn|[from] brn
|turn|33
|
|switch|p1a: Doublade|Doublade, M|139\/322
|move|p2a: Crobat|Brave Bird|p1a: Doublade
|-resisted|p1a: Doublade
|-damage|p1a: Doublade|98\/322
|-damage|p2a: Crobat|44\/311|[from] recoil|[of] p1a: Doublade
|
|-damage|p2a: Crobat|6\/311|[from] Leech Seed|[of] p1a: Doublade
|-heal|p1a: Doublade|136\/322|[silent]
|turn|34
|
|switch|p1a: Chesnaught|Chesnaught, M|187\/380 brn
|move|p2a: Crobat|U-turn|p1a: Chesnaught
|-damage|p1a: Chesnaught|150\/380 brn
|
|switch|p2a: Hydreigon|Hydreigon, F|118\/325
|
|-heal|p1a: Chesnaught|173\/380 brn|[from] item: Leftovers
|-damage|p1a: Chesnaught|126\/380 brn|[from] brn
|turn|35
|
|switch|p1a: Alomomola|Alomomola, M|326\/515
|move|p2a: Hydreigon|Draco Meteor|p1a: Alomomola
|-damage|p1a: Alomomola|28\/515
|-unboost|p2a: Hydreigon|spa|2
|-damage|p2a: Hydreigon|86\/325|[from] item: Life Orb
|
|-heal|p1a: Alomomola|60\/515|[from] item: Leftovers
|turn|36
|c|âCalloflochie|not min
|c|âCalloflochie|;_;
|
|move|p1a: Alomomola|Protect|p1a: Alomomola
|-singleturn|p1a: Alomomola|Protect
|move|p2a: Hydreigon|Superpower|p1a: Alomomola
|-activate|p1a: Alomomola|Protect
|
|-heal|p1a: Alomomola|92\/515|[from] item: Leftovers
|turn|37
|
|switch|p1a: Chesnaught|Chesnaught, M|126\/380 brn
|move|p2a: Hydreigon|Roost|p2a: Hydreigon
|-heal|p2a: Hydreigon|249\/325
|
|-heal|p1a: Chesnaught|149\/380 brn|[from] item: Leftovers
|-damage|p1a: Chesnaught|102\/380 brn|[from] brn
|turn|38
|
|switch|p2a: Crobat|Crobat, F|6\/311
|switch|p1a: Blissey|Blissey, F|714\/714
|
|turn|39
|
|move|p2a: Crobat|U-turn|p1a: Blissey
|-damage|p1a: Blissey|597\/714
|
|switch|p2a: Entei|Entei, shiny|157\/371 par
|-ability|p2a: Entei|Pressure
|move|p1a: Blissey|Soft-Boiled|p1a: Blissey
|-heal|p1a: Blissey|714\/714
|
|turn|40
|
|move|p1a: Blissey|Thunderbolt|p2a: Entei
|-damage|p2a: Entei|84\/371 par
|move|p2a: Entei|Sacred Fire|p1a: Blissey
|-damage|p1a: Blissey|221\/714
|-status|p1a: Blissey|brn
|
|-heal|p1a: Blissey|265\/714 brn|[from] item: Leftovers
|-damage|p1a: Blissey|176\/714 brn|[from] brn
|turn|41
|c|âCalloflochie|dont u do it
|c|âCalloflochie|wait
|c|âCalloflochie|what
|
|switch|p1a: Chesnaught|Chesnaught, M|102\/380 brn
|move|p2a: Entei|Sacred Fire|p1a: Chesnaught
|-supereffective|p1a: Chesnaught
|-damage|p1a: Chesnaught|0 fnt
|faint|p1a: Chesnaught
|
|c|âMisery Business|CM
|c|âMisery Business|Blissey
|
|switch|p1a: Alomomola|Alomomola, M|263\/515
|turn|42
|c|âCalloflochie|did anyone ever tell u
|c|âCalloflochie|u got balls
|
|move|p1a: Alomomola|Scald|p2a: Entei
|-supereffective|p2a: Entei
|-damage|p2a: Entei|0 fnt
|faint|p2a: Entei
|
|-heal|p1a: Alomomola|295\/515|[from] item: Leftovers
|c|âMisery Business|yes
|
|switch|p2a: Beedrill|Beedrill-Mega, F|104\/271
|turn|43
|
|move|p1a: Alomomola|Protect|p1a: Alomomola
|-singleturn|p1a: Alomomola|Protect
|move|p2a: Beedrill|Knock Off|p1a: Alomomola
|-activate|p1a: Alomomola|Protect
|
|-heal|p1a: Alomomola|327\/515|[from] item: Leftovers
|turn|44
|
|switch|p1a: Blissey|Blissey, F|176\/714
|move|p2a: Beedrill|Poison Jab|p1a: Blissey
|-damage|p1a: Blissey|0 fnt
|faint|p1a: Blissey
|
|
|switch|p1a: Doublade|Doublade, M|136\/322
|turn|45
|
|switch|p2a: Crobat|Crobat, F|6\/311
|move|p1a: Doublade|Toxic|p2a: Crobat
|-fail|p2a: Crobat
|
|turn|46
|
|move|p2a: Crobat|Brave Bird|p1a: Doublade
|-resisted|p1a: Doublade
|-damage|p1a: Doublade|100\/322
|-damage|p2a: Crobat|0 fnt|[from] recoil|[of] p1a: Doublade
|faint|p2a: Crobat
|move|p1a: Doublade|Iron Head|p2: Crobat|[notarget]
|-notarget
|
|
|switch|p2a: Hydreigon|Hydreigon, F|249\/325
|turn|47
|
|switch|p1a: Alomomola|Alomomola, M|498\/515
|move|p2a: Hydreigon|Dark Pulse|p1a: Alomomola
|-damage|p1a: Alomomola|311\/515
|-damage|p2a: Hydreigon|217\/325|[from] item: Life Orb
|
|-heal|p1a: Alomomola|343\/515|[from] item: Leftovers
|turn|48
|c|âMisery Business|man that
|c|âMisery Business|s
|c|âMisery Business|0 damage
|c|âCalloflochie|weak
|c|âCalloflochie|af
|c|âCalloflochie|i dont understand
|
|move|p1a: Alomomola|Protect|p1a: Alomomola
|-singleturn|p1a: Alomomola|Protect
|move|p2a: Hydreigon|Dark Pulse|p1a: Alomomola
|-activate|p1a: Alomomola|Protect
|
|-heal|p1a: Alomomola|375\/515|[from] item: Leftovers
|turn|49
|c|âCalloflochie|how it does so little
|
|move|p2a: Hydreigon|Dark Pulse|p1a: Alomomola
|-damage|p1a: Alomomola|183\/515
|-damage|p2a: Hydreigon|185\/325|[from] item: Life Orb
|move|p1a: Alomomola|Wish|p1a: Alomomola
|
|-heal|p1a: Alomomola|215\/515|[from] item: Leftovers
|turn|50
|
|switch|p2a: Beedrill|Beedrill-Mega, F|104\/271
|move|p1a: Alomomola|Protect|p1a: Alomomola
|-fail|p1a: Alomomola
|
|-heal|p1a: Alomomola|472\/515|[from] move: Wish|[wisher] Alomomola
|-heal|p1a: Alomomola|504\/515|[from] item: Leftovers
|turn|51
|c|âMisery Business|this close to risking
|c|âMisery Business|the doublade
|
|move|p2a: Beedrill|Knock Off|p1a: Alomomola
|-damage|p1a: Alomomola|371\/515
|-enditem|p1a: Alomomola|Leftovers|[from] move: Knock Off|[of] p2a: Beedrill
|move|p1a: Alomomola|Scald|p2a: Beedrill
|-damage|p2a: Beedrill|47\/271
|
|turn|52
|c|âCalloflochie|ah nice
|
|switch|p1a: Doublade|Doublade, M|100\/322
|move|p2a: Beedrill|Poison Jab|p1a: Doublade
|-immune|p1a: Doublade|[msg]
|
|turn|53
|
|move|p1a: Doublade|Shadow Sneak|p2a: Beedrill
|-damage|p2a: Beedrill|0 fnt
|faint|p2a: Beedrill
|
|
|switch|p2a: Hydreigon|Hydreigon, F|185\/325
|turn|54
|
|move|p2a: Hydreigon|Dark Pulse|p1a: Doublade
|-supereffective|p1a: Doublade
|-damage|p1a: Doublade|0 fnt
|-damage|p2a: Hydreigon|153\/325|[from] item: Life Orb
|faint|p1a: Doublade
|
|c|âCalloflochie|now i just gotta flinch
|c|âCalloflochie|ez :]
|
|switch|p1a: Alomomola|Alomomola, M|515\/515
|turn|55
|
|move|p2a: Hydreigon|Dark Pulse|p1a: Alomomola
|-damage|p1a: Alomomola|323\/515
|-damage|p2a: Hydreigon|121\/325|[from] item: Life Orb
|move|p1a: Alomomola|Toxic|p2a: Hydreigon
|-status|p2a: Hydreigon|tox
|
|-damage|p2a: Hydreigon|101\/325 tox|[from] psn
|turn|56
|c|âMisery Business|ok ok
|c|âCalloflochie|or roll max
|c|âCalloflochie|LOL
|
|move|p1a: Alomomola|Protect|p1a: Alomomola
|-singleturn|p1a: Alomomola|Protect
|move|p2a: Hydreigon|Draco Meteor|p1a: Alomomola
|-activate|p1a: Alomomola|Protect
|
|-damage|p2a: Hydreigon|61\/325 tox|[from] psn
|turn|57
|c|âCalloflochie|lez go
|
|move|p1a: Alomomola|Protect|p1a: Alomomola
|-singleturn|p1a: Alomomola|Protect
|move|p2a: Hydreigon|Draco Meteor|p1a: Alomomola
|-activate|p1a: Alomomola|Protect
|
|-damage|p2a: Hydreigon|1\/325 tox|[from] psn
|turn|58
|c|âCalloflochie|ok
|c|âCalloflochie|lez go
|
|move|p2a: Hydreigon|Draco Meteor|p1a: Alomomola
|-damage|p1a: Alomomola|7\/515
|-unboost|p2a: Hydreigon|spa|2
|-damage|p2a: Hydreigon|0 fnt|[from] item: Life Orb
|faint|p2a: Hydreigon
|
|win|Misery Business
|c|âMisery Business|bulk
|c|âCalloflochie|oml
|c|âCalloflochie|now that's a game
|c|âMisery Business|g g
|c|âCalloflochie|g_g
|leave|Misery Business
|player|p1
|leave|Calloflochie
|player|p2
|leave|Nachos
|leave|stella i love you
|leave|PURRL
|join|acid armor vappy