|join|Calloflochie
|join|thewindow
|player|p1|Calloflochie|275
|player|p2|thewindow|70
|gametype|singles
|gen|6
|tier|UU
|rated
|rule|Sleep Clause Mod: Limit one foe put to sleep
|rule|Species Clause: Limit one of each PokÃ©mon
|rule|OHKO Clause: OHKO moves are banned
|rule|Moody Clause: Moody is banned
|rule|Evasion Moves Clause: Evasion moves are banned
|rule|Endless Battle Clause: Forcing endless battles is banned
|rule|HP Percentage Mod: HP is shown in percentages
|clearpoke
|poke|p1|Alakazam, M
|poke|p1|Zygarde
|poke|p1|Mienshao, M
|poke|p1|Tentacruel, M
|poke|p1|Gligar, M
|poke|p1|Jirachi
|poke|p2|Blastoise, M
|poke|p2|Chandelure, M
|poke|p2|Mienshao, M
|poke|p2|Donphan, F
|poke|p2|Yanmega, M
|poke|p2|Florges, F
|rule|Swagger Clause: Swagger is banned
|rule|Baton Pass Clause: Limit one PokÃ©mon knowing Baton Pass
|teampreview
|
|start
|switch|p1a: Gligar|Gligar, M|333\/333
|switch|p2a: Blastoise|Blastoise, M|355\/355
|turn|1
|
|detailschange|p2a: Blastoise|Blastoise-Mega, M
|message|Blastoise has Mega Evolved into Mega Blastoise!
|move|p1a: Gligar|U-turn|p2a: Blastoise
|-damage|p2a: Blastoise|317\/355
|
|switch|p1a: Tentacruel|Tentacruel, M|337\/337
|move|p2a: Blastoise|Dark Pulse|p1a: Tentacruel
|-damage|p1a: Tentacruel|202\/337
|
|-heal|p1a: Tentacruel|223\/337|[from] item: Leftovers
|turn|2
|
|move|p1a: Tentacruel|Scald|p2a: Blastoise
|-resisted|p2a: Blastoise
|-damage|p2a: Blastoise|277\/355
|move|p2a: Blastoise|Dark Pulse|p1a: Tentacruel
|-damage|p1a: Tentacruel|74\/337
|
|-heal|p1a: Tentacruel|95\/337|[from] item: Leftovers
|turn|3
|
|move|p1a: Tentacruel|Toxic Spikes|p2a: Blastoise
|-sidestart|p2: thewindow|move: Toxic Spikes
|move|p2a: Blastoise|Dark Pulse|p1a: Tentacruel
|-damage|p1a: Tentacruel|0 fnt
|faint|p1a: Tentacruel
|
|
|switch|p1a: Alakazam|Alakazam, M|251\/251
|turn|4
|
|switch|p2a: Yanmega|Yanmega, M|314\/314
|detailschange|p1a: Alakazam|Alakazam-Mega, M
|message|Alakazam has Mega Evolved into Mega Alakazam!
|-ability|p1a: Alakazam|Speed Boost|[from] ability: Trace|[of] p2a: Yanmega
|move|p1a: Alakazam|Energy Ball|p2a: Yanmega
|-resisted|p2a: Yanmega
|-damage|p2a: Yanmega|261\/314
|
|-boost|p1a: Alakazam|spe|1|[from] ability: Speed Boost
|turn|5
|c|âCalloflochie|thanks 4 boost
|
|move|p1a: Alakazam|Psyshock|p2a: Yanmega
|-damage|p2a: Yanmega|39\/314
|move|p2a: Yanmega|Bug Buzz|p1a: Alakazam
|-supereffective|p1a: Alakazam
|-damage|p1a: Alakazam|0 fnt
|-damage|p2a: Yanmega|8\/314|[from] item: Life Orb
|faint|p1a: Alakazam
|
|-boost|p2a: Yanmega|spe|1|[from] ability: Speed Boost
|c|âCalloflochie|rip
|
|switch|p1a: Zygarde|Zygarde|405\/405
|-ability|p1a: Zygarde|Aura Break
|turn|6
|join|LT8Y JustB1az3
|
|move|p2a: Yanmega|Air Slash|p1a: Zygarde
|-crit|p1a: Zygarde
|-damage|p1a: Zygarde|179\/405
|-damage|p2a: Yanmega|0 fnt|[from] item: Life Orb
|faint|p2a: Yanmega
|move|p1a: Zygarde|Coil|p1a: Zygarde
|-boost|p1a: Zygarde|atk|1
|-boost|p1a: Zygarde|def|1
|-boost|p1a: Zygarde|accuracy|1
|
|-heal|p1a: Zygarde|204\/405|[from] item: Leftovers
|c|âCalloflochie|ah nice crit
|
|switch|p2a: Blastoise|Blastoise-Mega, M|277\/355
|-status|p2a: Blastoise|psn
|turn|7
|
|move|p1a: Zygarde|Substitute|p1a: Zygarde
|-start|p1a: Zygarde|Substitute
|-damage|p1a: Zygarde|103\/405
|move|p2a: Blastoise|Ice Beam|p1a: Zygarde
|-supereffective|p1a: Zygarde
|-end|p1a: Zygarde|Substitute
|
|-heal|p1a: Zygarde|128\/405|[from] item: Leftovers
|-damage|p2a: Blastoise|233\/355 psn|[from] psn
|turn|8
|join|BIG SCHLONG MCDONG
|
|move|p1a: Zygarde|Substitute|p1a: Zygarde
|-start|p1a: Zygarde|Substitute
|-damage|p1a: Zygarde|27\/405
|move|p2a: Blastoise|Ice Beam|p1a: Zygarde
|-supereffective|p1a: Zygarde
|-end|p1a: Zygarde|Substitute
|
|-heal|p1a: Zygarde|52\/405|[from] item: Leftovers
|-damage|p2a: Blastoise|189\/355 psn|[from] psn
|turn|9
|
|switch|p1a: Jirachi|Jirachi|403\/403
|move|p2a: Blastoise|Water Pulse|p1a: Jirachi
|-damage|p1a: Jirachi|277\/403
|
|-heal|p1a: Jirachi|302\/403|[from] item: Leftovers
|-damage|p2a: Blastoise|145\/355 psn|[from] psn
|turn|10
|
|switch|p2a: Donphan|Donphan, F|370\/370
|-status|p2a: Donphan|psn
|move|p1a: Jirachi|Iron Head|p2a: Donphan
|-damage|p2a: Donphan|313\/370 psn
|
|-heal|p1a: Jirachi|327\/403|[from] item: Leftovers
|-heal|p2a: Donphan|336\/370 psn|[from] item: Leftovers
|-damage|p2a: Donphan|290\/370 psn|[from] psn
|turn|11
|join|Lt8a Ioj
|c|âCalloflochie|time 4 flinch
|
|move|p1a: Jirachi|Iron Head|p2a: Donphan
|-damage|p2a: Donphan|227\/370 psn
|cant|p2a: Donphan|flinch
|
|-heal|p1a: Jirachi|352\/403|[from] item: Leftovers
|-heal|p2a: Donphan|250\/370 psn|[from] item: Leftovers
|-damage|p2a: Donphan|204\/370 psn|[from] psn
|turn|12
|c| Lt8a Ioj|and 
|c| Lt8a Ioj|there it is
|
|move|p1a: Jirachi|Iron Head|p2a: Donphan
|-damage|p2a: Donphan|138\/370 psn
|cant|p2a: Donphan|flinch
|
|-heal|p1a: Jirachi|377\/403|[from] item: Leftovers
|-heal|p2a: Donphan|161\/370 psn|[from] item: Leftovers
|-damage|p2a: Donphan|115\/370 psn|[from] psn
|turn|13
|
|move|p1a: Jirachi|Iron Head|p2a: Donphan
|-damage|p2a: Donphan|54\/370 psn
|cant|p2a: Donphan|flinch
|
|-heal|p1a: Jirachi|402\/403|[from] item: Leftovers
|-heal|p2a: Donphan|77\/370 psn|[from] item: Leftovers
|-damage|p2a: Donphan|31\/370 psn|[from] psn
|turn|14
|c|âCalloflochie|nice :]
|
|move|p1a: Jirachi|Iron Head|p2a: Donphan
|-damage|p2a: Donphan|0 fnt
|faint|p2a: Donphan
|
|-heal|p1a: Jirachi|403\/403|[from] item: Leftovers
|join|Swagilyph
|
|switch|p2a: Chandelure|Chandelure, M|262\/262
|-status|p2a: Chandelure|psn
|turn|15
|
|move|p2a: Chandelure|Flamethrower|p1a: Jirachi
|-supereffective|p1a: Jirachi
|-damage|p1a: Jirachi|149\/403
|move|p1a: Jirachi|Stealth Rock|p2a: Chandelure
|-sidestart|p2: thewindow|move: Stealth Rock
|
|-heal|p1a: Jirachi|174\/403|[from] item: Leftovers
|-damage|p2a: Chandelure|230\/262 psn|[from] psn
|turn|16
|join|food for thot
|
|switch|p1a: Gligar|Gligar, M|333\/333
|move|p2a: Chandelure|Shadow Ball|p1a: Gligar
|-crit|p1a: Gligar
|-damage|p1a: Gligar|188\/333
|
|-heal|p2a: Chandelure|246\/262 psn|[from] item: Leftovers
|-damage|p2a: Chandelure|214\/262 psn|[from] psn
|turn|17
|join|bobthenegro
|c| Lt8a Ioj|is that a crit
|
|move|p2a: Chandelure|Flamethrower|p1a: Gligar
|-damage|p1a: Gligar|76\/333
|move|p1a: Gligar|U-turn|p2a: Chandelure
|-resisted|p2a: Chandelure
|-damage|p2a: Chandelure|202\/262 psn
|c|âCalloflochie|yum
|
|switch|p1a: Zygarde|Zygarde|52\/405
|-ability|p1a: Zygarde|Aura Break
|
|-heal|p1a: Zygarde|77\/405|[from] item: Leftovers
|-heal|p2a: Chandelure|218\/262 psn|[from] item: Leftovers
|-damage|p2a: Chandelure|186\/262 psn|[from] psn
|turn|18
|c| Lt8a Ioj| wait
|c| Lt8a Ioj|why not roost
|
|move|p1a: Zygarde|Earthquake|p2a: Chandelure
|-supereffective|p2a: Chandelure
|-damage|p2a: Chandelure|0 fnt
|faint|p2a: Chandelure
|
|-heal|p1a: Zygarde|102\/405|[from] item: Leftovers
|c|âCalloflochie|didnt wanna kill it
|c|âCalloflochie|cant let him
|c|âCalloflochie|get rid of t spike
|c| Lt8a Ioj|o
|
|switch|p2a: Mienshao|Mienshao, M|271\/271
|-damage|p2a: Mienshao|255\/271|[from] Stealth Rock
|-status|p2a: Mienshao|psn
|turn|19
|
|switch|p1a: Jirachi|Jirachi|174\/403
|move|p2a: Mienshao|High Jump Kick|p1a: Jirachi
|-damage|p1a: Jirachi|0 fnt
|faint|p1a: Jirachi
|
|-damage|p2a: Mienshao|222\/271 psn|[from] psn
|
|switch|p1a: Gligar|Gligar, M|76\/333
|turn|20
|c|âCalloflochie|i think
|c|âCalloflochie|i die
|c|âCalloflochie|woops
|
|move|p2a: Mienshao|High Jump Kick|p1a: Gligar|[miss]
|-miss|p2a: Mienshao|p1a: Gligar
|-damage|p2a: Mienshao|87\/271 psn|[from] highjumpkick
|move|p1a: Gligar|Roost|p1a: Gligar
|-heal|p1a: Gligar|243\/333
|
|-damage|p2a: Mienshao|54\/271 psn|[from] psn
|turn|21
|c|âCalloflochie|jk
|c| Lt8a Ioj|and
|c|âCalloflochie|:]]]]
|c| Lt8a Ioj|there it is
|c| Swagilyph|calloflucky
|join|lt8y starmaster
|c| Lt8a Ioj|calloflukE
|
|move|p2a: Mienshao|High Jump Kick|p1a: Gligar
|-resisted|p1a: Gligar
|-damage|p1a: Gligar|163\/333
|move|p1a: Gligar|U-turn|p2a: Mienshao
|-resisted|p2a: Mienshao
|-damage|p2a: Mienshao|20\/271 psn
|
|switch|p1a: Zygarde|Zygarde|102\/405
|-ability|p1a: Zygarde|Aura Break
|
|-heal|p1a: Zygarde|127\/405|[from] item: Leftovers
|-damage|p2a: Mienshao|0 fnt|[from] psn
|faint|p2a: Mienshao
|c| bobthenegro|callo I saw anti claimed your soul....
|
|switch|p2a: Blastoise|Blastoise-Mega, M|145\/355 psn
|-damage|p2a: Blastoise|101\/355 psn|[from] Stealth Rock
|turn|22
|c|âCalloflochie|got haxed..
|c| lt8y starmaster|wait wut
|c| lt8y starmaster|anti won
|c| lt8y starmaster|loooooooooooooool
|
|move|p1a: Zygarde|Earthquake|p2a: Blastoise
|-damage|p2a: Blastoise|2\/355 psn
|move|p2a: Blastoise|Ice Beam|p1a: Zygarde
|-supereffective|p1a: Zygarde
|-damage|p1a: Zygarde|0 fnt
|faint|p1a: Zygarde
|
|-damage|p2a: Blastoise|0 fnt|[from] psn
|faint|p2a: Blastoise
|c| lt8y starmaster|antiiiiiiiiiiiiiiiiiiiii
|
|switch|p1a: Mienshao|Mienshao, M|271\/271
|switch|p2a: Florges|Florges, F|360\/360
|-status|p2a: Florges|psn
|-damage|p2a: Florges|315\/360 psn|[from] Stealth Rock
|turn|23
|c| lt8y starmaster|what was the series
|c|âCalloflochie|3-1
|c| lt8y starmaster|did u win uu and lc
|c| bobthenegro|I think 3-1 believe not too sure
|c| lt8y starmaster|at least
|c|âCalloflochie|i completely choke in RU
|c|âCalloflochie|like honestly shoulda been my series
|
|move|p1a: Mienshao|High Jump Kick|p2a: Florges
|-resisted|p2a: Florges
|-damage|p2a: Florges|146\/360 psn
|move|p2a: Florges|Moonblast|p1a: Mienshao
|-supereffective|p1a: Mienshao
|-damage|p1a: Mienshao|0 fnt
|faint|p1a: Mienshao
|
|-heal|p2a: Florges|168\/360 psn|[from] item: Leftovers
|-damage|p2a: Florges|123\/360 psn|[from] psn
|
|switch|p1a: Gligar|Gligar, M|163\/333
|turn|24
|
|move|p1a: Gligar|Earthquake|p2a: Florges
|-damage|p2a: Florges|3\/360 psn
|move|p2a: Florges|Wish|p2a: Florges
|
|-heal|p2a: Florges|25\/360 psn|[from] item: Leftovers
|-damage|p2a: Florges|0 fnt|[from] psn
|faint|p2a: Florges
|
|win|Calloflochie
|raw|Ladder updating...
|raw|Calloflochie's rating: 1469 &rarr; <strong>1489<\/strong><br \/>(+20 for winning)
|raw|thewindow's rating: 1457 &rarr; <strong>1438<\/strong><br \/>(-19 for losing)