|join|Psychotic
|join|Calloflochie
|player|p1|Psychotic|253
|player|p2|Calloflochie|275
|gametype|singles
|gen|6
|tier|UU
|rule|Sleep Clause Mod: Limit one foe put to sleep
|rule|Species Clause: Limit one of each PokÃ©mon
|rule|OHKO Clause: OHKO moves are banned
|rule|Moody Clause: Moody is banned
|rule|Evasion Moves Clause: Evasion moves are banned
|rule|Endless Battle Clause: Forcing endless battles is banned
|rule|HP Percentage Mod: HP is shown in percentages
|clearpoke
|poke|p1|Abomasnow, F
|poke|p1|Empoleon, F
|poke|p1|Volcarona, F
|poke|p1|Zygarde
|poke|p1|Gligar, F
|poke|p1|Jirachi
|poke|p2|Klefki, F
|poke|p2|Togekiss, F
|poke|p2|Lopunny, M
|poke|p2|Nidoking, M
|poke|p2|Lucario, M
|poke|p2|Chandelure, M
|rule|Swagger Clause: Swagger is banned
|rule|Baton Pass Clause: Limit one PokÃ©mon knowing Baton Pass
|teampreview
|
|start
|switch|p1a: Volcarona|Volcarona, F|312\/312
|switch|p2a: Nidoking|Nidoking, M|303\/303
|turn|1
|
|move|p1a: Volcarona|Fiery Dance|p2a: Nidoking
|-damage|p2a: Nidoking|123\/303
|-boost|p1a: Volcarona|spa|1
|move|p2a: Nidoking|Sludge Wave|p1a: Volcarona
|-damage|p1a: Volcarona|101\/312
|
|-heal|p1a: Volcarona|120\/312|[from] item: Leftovers
|turn|2
|c|âCalloflochie|rof
|join|Nas
|c|âCalloflochie|w\/e it's fine
|c|âPsychotic|we can restart all day
|c|âPsychotic|ok
|
|move|p1a: Volcarona|Bug Buzz|p2a: Nidoking
|-resisted|p2a: Nidoking
|-damage|p2a: Nidoking|0 fnt
|faint|p2a: Nidoking
|
|-heal|p1a: Volcarona|139\/312|[from] item: Leftovers
|c|âCalloflochie|just kill me
|
|switch|p2a: Lopunny|Lopunny, M|271\/271
|turn|3
|c| Nas|is fiery dance boost hax
|
|detailschange|p2a: Lopunny|Lopunny-Mega, M
|message|Lopunny has Mega Evolved into Mega Lopunny!
|move|p2a: Lopunny|Return|p1a: Volcarona
|-damage|p1a: Volcarona|0 fnt
|faint|p1a: Volcarona
|
|c|âCalloflochie|i didnt get burned
|c|âCalloflochie|thats nice
|c|âCalloflochie|n_n
|c|âPsychotic|hax
|c|âPsychotic|do you agree nas
|c| Nas|y
|
|switch|p1a: Gligar|Gligar, F|334\/334
|turn|4
|
|move|p2a: Lopunny|Power-Up Punch|p1a: Gligar
|-crit|p1a: Gligar
|-resisted|p1a: Gligar
|-damage|p1a: Gligar|300\/334
|-boost|p2a: Lopunny|atk|1
|move|p1a: Gligar|Substitute|p1a: Gligar
|-start|p1a: Gligar|Substitute
|-damage|p1a: Gligar|217\/334
|
|turn|5
|c|âPsychotic|ic
|c|âCalloflochie|u hacker
|
|move|p2a: Lopunny|Return|p1a: Gligar
|-end|p1a: Gligar|Substitute
|move|p1a: Gligar|Earthquake|p2a: Lopunny
|-damage|p2a: Lopunny|172\/271
|
|turn|6
|join|pokeaim
|join|The Elevator
|join|New Breed
|join|Soulgazer
|
|switch|p1a: Jirachi|Jirachi|341\/341
|move|p2a: Lopunny|Return|p1a: Jirachi
|-resisted|p1a: Jirachi
|-damage|p1a: Jirachi|209\/341
|
|turn|7
|
|move|p1a: Jirachi|Iron Head|p2a: Lopunny
|-crit|p2a: Lopunny
|-damage|p2a: Lopunny|0 fnt
|faint|p2a: Lopunny
|
|c|âPsychotic|ah
|c|âCalloflochie|sigh
|
|switch|p2a: Lucario|Lucario, M|281\/281
|turn|8
|
|switch|p1a: Gligar|Gligar, F|217\/334
|move|p2a: Lucario|Swords Dance|p2a: Lucario
|-boost|p2a: Lucario|atk|2
|
|turn|9
|
|switch|p1a: Empoleon|Empoleon, F|372\/372
|move|p2a: Lucario|Ice Punch|p1a: Empoleon
|-resisted|p1a: Empoleon
|-damage|p1a: Empoleon|306\/372
|-damage|p2a: Lucario|253\/281|[from] item: Life Orb
|
|-heal|p1a: Empoleon|329\/372|[from] item: Leftovers
|turn|10
|c|âCalloflochie|ok?
|c|âCalloflochie|lemme kill emp
|c|âCalloflochie|das nice
|join|blarghlfarghl
|c|âPsychotic|kk
|
|switch|p1a: Gligar|Gligar, F|217\/334
|move|p2a: Lucario|Close Combat|p1a: Gligar
|-resisted|p1a: Gligar
|-damage|p1a: Gligar|57\/334
|-unboost|p2a: Lucario|def|1
|-unboost|p2a: Lucario|spd|1
|-damage|p2a: Lucario|225\/281|[from] item: Life Orb
|
|turn|11
|
|move|p2a: Lucario|Close Combat|p1a: Gligar
|-resisted|p1a: Gligar
|-damage|p1a: Gligar|0 fnt
|-unboost|p2a: Lucario|def|1
|-unboost|p2a: Lucario|spd|1
|-damage|p2a: Lucario|197\/281|[from] item: Life Orb
|faint|p1a: Gligar
|
|
|switch|p1a: Zygarde|Zygarde|416\/416
|-ability|p1a: Zygarde|Aura Break
|turn|12
|
|switch|p2a: Togekiss|Togekiss, F|327\/327
|move|p1a: Zygarde|Extreme Speed|p2a: Togekiss
|-crit|p2a: Togekiss
|-damage|p2a: Togekiss|185\/327
|
|-heal|p2a: Togekiss|205\/327|[from] item: Leftovers
|turn|13
|c|âPsychotic|swagur
|c| Nas|not even giving him a chance
|
|switch|p1a: Empoleon|Empoleon, F|329\/372
|move|p2a: Togekiss|Roost|p2a: Togekiss
|-heal|p2a: Togekiss|327\/327
|
|-heal|p1a: Empoleon|352\/372|[from] item: Leftovers
|turn|14
|join|hahaboy113
|c| Nas|with all this hax
|c|âPsychotic|never do
|leave|hahaboy113
|
|switch|p2a: Lucario|Lucario, M|197\/281
|move|p1a: Empoleon|Stealth Rock|p2a: Lucario
|-sidestart|p2: Calloflochie|move: Stealth Rock
|
|-heal|p1a: Empoleon|372\/372|[from] item: Leftovers
|turn|15
|c|âCalloflochie|sash emp
|c|âCalloflochie|yn
|c|âPsychotic|gota b
|c|âPsychotic|what else could it b
|c|âCalloflochie|gosh darn it
|
|move|p2a: Lucario|Close Combat|p1a: Empoleon
|-supereffective|p1a: Empoleon
|-damage|p1a: Empoleon|0 fnt
|-unboost|p2a: Lucario|def|1
|-unboost|p2a: Lucario|spd|1
|-damage|p2a: Lucario|169\/281|[from] item: Life Orb
|faint|p1a: Empoleon
|
|
|switch|p1a: Zygarde|Zygarde|416\/416
|-ability|p1a: Zygarde|Aura Break
|turn|16
|
|switch|p1a: Jirachi|Jirachi|209\/341
|move|p2a: Lucario|Ice Punch|p1a: Jirachi
|-resisted|p1a: Jirachi
|-damage|p1a: Jirachi|156\/341
|-damage|p2a: Lucario|141\/281|[from] item: Life Orb
|
|turn|17
|c|âCalloflochie|where muh freeze
|c|âPsychotic|not in dis bitch
|
|switch|p2a: Klefki|Klefki, F|318\/318
|-damage|p2a: Klefki|299\/318|[from] Stealth Rock
|move|p1a: Jirachi|U-turn|p2a: Klefki
|-resisted|p2a: Klefki
|-damage|p2a: Klefki|285\/318
|
|switch|p1a: Abomasnow|Abomasnow, F|340\/340
|-weather|Hail
|
|-weather|Hail|[upkeep]
|-damage|p2a: Klefki|266\/318|[from] hail
|-heal|p2a: Klefki|285\/318|[from] item: Leftovers
|turn|18
|
|move|p2a: Klefki|Spikes|p1a: Abomasnow
|-sidestart|p1: Psychotic|Spikes
|move|p1a: Abomasnow|Substitute|p1a: Abomasnow
|-start|p1a: Abomasnow|Substitute
|-damage|p1a: Abomasnow|255\/340
|
|-weather|Hail|[upkeep]
|-damage|p2a: Klefki|266\/318|[from] hail
|-heal|p2a: Klefki|285\/318|[from] item: Leftovers
|turn|19
|
|detailschange|p1a: Abomasnow|Abomasnow-Mega, F
|message|Abomasnow has Mega Evolved into Mega Abomasnow!
|move|p1a: Abomasnow|Blizzard|p2a: Klefki
|-resisted|p2a: Klefki
|-damage|p2a: Klefki|165\/318
|-status|p2a: Klefki|frz
|cant|p2a: Klefki|frz
|
|-weather|Hail|[upkeep]
|-damage|p2a: Klefki|146\/318 frz|[from] hail
|-heal|p2a: Klefki|165\/318 frz|[from] item: Leftovers
|turn|20
|c|âPsychotic|lol
|c|âPsychotic|ok
|c|âCalloflochie|lol
|c|âPsychotic|this does suck
|
|cant|p2a: Klefki|frz
|move|p1a: Abomasnow|Substitute|p1a: Abomasnow
|-fail|p1a: Abomasnow|move: Substitute
|
|-weather|Hail|[upkeep]
|-damage|p2a: Klefki|146\/318 frz|[from] hail
|-heal|p2a: Klefki|165\/318 frz|[from] item: Leftovers
|turn|21
|
|cant|p2a: Klefki|frz
|move|p1a: Abomasnow|Substitute|p1a: Abomasnow
|-fail|p1a: Abomasnow|move: Substitute
|
|-weather|none
|-heal|p2a: Klefki|184\/318 frz|[from] item: Leftovers
|turn|22
|c|âCalloflochie|youll run out of subs
|c|âCalloflochie|before i thaw
|
|-curestatus|p2a: Klefki|frz
|move|p2a: Klefki|Play Rough|p1a: Abomasnow|[miss]
|-miss|p2a: Klefki|p1a: Abomasnow
|move|p1a: Abomasnow|Substitute|p1a: Abomasnow
|-fail|p1a: Abomasnow|move: Substitute
|
|-heal|p2a: Klefki|203\/318|[from] item: Leftovers
|turn|23
|c|âCalloflochie|rofl
|c|âPsychotic|will i?
|
|move|p2a: Klefki|Play Rough|p1a: Abomasnow
|-activate|p1a: Abomasnow|Substitute|[damage]
|move|p1a: Abomasnow|Substitute|p1a: Abomasnow
|-fail|p1a: Abomasnow|move: Substitute
|
|-heal|p2a: Klefki|222\/318|[from] item: Leftovers
|turn|24
|
|move|p2a: Klefki|Spikes|p1a: Abomasnow
|-sidestart|p1: Psychotic|Spikes
|move|p1a: Abomasnow|Giga Drain|p2a: Klefki
|-resisted|p2a: Klefki
|-damage|p2a: Klefki|135\/318
|-heal|p1a: Abomasnow|299\/340|[from] drain|[of] p2a: Klefki
|
|-heal|p2a: Klefki|154\/318|[from] item: Leftovers
|turn|25
|
|move|p2a: Klefki|Spikes|p1a: Abomasnow
|-sidestart|p1: Psychotic|Spikes
|move|p1a: Abomasnow|Giga Drain|p2a: Klefki
|-resisted|p2a: Klefki
|-damage|p2a: Klefki|67\/318
|-heal|p1a: Abomasnow|340\/340|[from] drain|[of] p2a: Klefki
|
|-heal|p2a: Klefki|86\/318|[from] item: Leftovers
|turn|26
|
|move|p2a: Klefki|Spikes|p1a: Abomasnow
|-fail|p1a: Abomasnow
|move|p1a: Abomasnow|Giga Drain|p2a: Klefki
|-resisted|p2a: Klefki
|-damage|p2a: Klefki|4\/318
|
|-heal|p2a: Klefki|23\/318|[from] item: Leftovers
|turn|27
|
|move|p1a: Abomasnow|Ice Shard|p2a: Klefki
|-resisted|p2a: Klefki
|-damage|p2a: Klefki|1\/318
|move|p2a: Klefki|Play Rough|p1a: Abomasnow|[miss]
|-miss|p2a: Klefki|p1a: Abomasnow
|
|-heal|p2a: Klefki|20\/318|[from] item: Leftovers
|turn|28
|c|âCalloflochie|sigh
|c|âCalloflochie|this is why i play pokemon
|
|move|p2a: Klefki|Play Rough|p1a: Abomasnow
|-end|p1a: Abomasnow|Substitute
|move|p1a: Abomasnow|Substitute|p1a: Abomasnow
|-start|p1a: Abomasnow|Substitute
|-damage|p1a: Abomasnow|255\/340
|
|-heal|p2a: Klefki|39\/318|[from] item: Leftovers
|turn|29
|c|âPsychotic|is it?
|
|move|p2a: Klefki|Play Rough|p1a: Abomasnow
|-activate|p1a: Abomasnow|Substitute|[damage]
|move|p1a: Abomasnow|Giga Drain|p2a: Klefki
|-resisted|p2a: Klefki
|-damage|p2a: Klefki|0 fnt
|-heal|p1a: Abomasnow|275\/340|[from] drain|[of] p2a: Klefki
|faint|p2a: Klefki
|
|
|switch|p2a: Togekiss|Togekiss, F|327\/327
|-damage|p2a: Togekiss|246\/327|[from] Stealth Rock
|turn|30
|c|âPsychotic|i do not
|c|âPsychotic|believe you
|c|âPsychotic|for some reason
|
|move|p2a: Togekiss|Air Slash|p1a: Abomasnow
|-supereffective|p1a: Abomasnow
|-end|p1a: Abomasnow|Substitute
|move|p1a: Abomasnow|Blizzard|p2a: Togekiss
|-supereffective|p2a: Togekiss
|-damage|p2a: Togekiss|0 fnt
|faint|p2a: Togekiss
|
|
|switch|p2a: Lucario|Lucario, M|141\/281
|-damage|p2a: Lucario|133\/281|[from] Stealth Rock
|turn|31
|
|move|p1a: Abomasnow|Ice Shard|p2a: Lucario
|-resisted|p2a: Lucario
|-damage|p2a: Lucario|94\/281
|move|p2a: Lucario|Close Combat|p1a: Abomasnow
|-supereffective|p1a: Abomasnow
|-damage|p1a: Abomasnow|0 fnt
|-unboost|p2a: Lucario|def|1
|-unboost|p2a: Lucario|spd|1
|-damage|p2a: Lucario|66\/281|[from] item: Life Orb
|faint|p1a: Abomasnow
|
|
|switch|p1a: Zygarde|Zygarde|416\/416
|-damage|p1a: Zygarde|312\/416|[from] Spikes
|-ability|p1a: Zygarde|Aura Break
|turn|32
|
|move|p2a: Lucario|Extreme Speed|p1a: Zygarde
|-damage|p1a: Zygarde|209\/416
|-damage|p2a: Lucario|38\/281|[from] item: Life Orb
|move|p1a: Zygarde|Coil|p1a: Zygarde
|-boost|p1a: Zygarde|atk|1
|-boost|p1a: Zygarde|def|1
|-boost|p1a: Zygarde|accuracy|1
|
|-heal|p1a: Zygarde|235\/416|[from] item: Leftovers
|turn|33
|c|âPsychotic|oops
|c|âPsychotic|lol
|c|âPsychotic|w\/e
|join|gr8astard
|
|move|p2a: Lucario|Extreme Speed|p1a: Zygarde
|-damage|p1a: Zygarde|169\/416
|-damage|p2a: Lucario|10\/281|[from] item: Life Orb
|move|p1a: Zygarde|Extreme Speed|p2a: Lucario
|-resisted|p2a: Lucario
|-damage|p2a: Lucario|0 fnt
|faint|p2a: Lucario
|
|-heal|p1a: Zygarde|195\/416|[from] item: Leftovers
|
|switch|p2a: Chandelure|Chandelure, M|261\/261
|-damage|p2a: Chandelure|196\/261|[from] Stealth Rock
|turn|34
|
|move|p2a: Chandelure|Shadow Ball|p1a: Zygarde
|-damage|p1a: Zygarde|44\/416
|-unboost|p1a: Zygarde|spd|1
|move|p1a: Zygarde|Earthquake|p2a: Chandelure
|-supereffective|p2a: Chandelure
|-damage|p2a: Chandelure|0 fnt
|faint|p2a: Chandelure
|
|win|Psychotic
|c|âPsychotic|gotta run
|c|âCalloflochie|lol
|c|âPsychotic|hp ice
|c|âCalloflochie|gg
|c|âPsychotic|dawg
|c|âPsychotic|GG
|leave|Calloflochie
|player|p2
|leave|Psychotic
|player|p1
|join|AceLeader_(Sky)