|join|Calloflochie
|join|forevertofindgames
|player|p1|Calloflochie|275
|player|p2|forevertofindgames|2
|gametype|singles
|gen|6
|tier|UU
|rated
|rule|Sleep Clause Mod: Limit one foe put to sleep
|rule|Species Clause: Limit one of each PokÃ©mon
|rule|OHKO Clause: OHKO moves are banned
|rule|Moody Clause: Moody is banned
|rule|Evasion Moves Clause: Evasion moves are banned
|rule|Endless Battle Clause: Forcing endless battles is banned
|rule|HP Percentage Mod: HP is shown in percentages
|clearpoke
|poke|p1|Vaporeon, F
|poke|p1|Alakazam, F
|poke|p1|Machamp, M
|poke|p1|Gligar, F
|poke|p1|Jirachi, shiny
|poke|p1|Hydreigon, F
|poke|p2|Suicune
|poke|p2|Hippowdon, F
|poke|p2|Mienshao, M
|poke|p2|Noivern, F
|poke|p2|Zygarde
|poke|p2|Forretress, M
|rule|Swagger Clause: Swagger is banned
|rule|Baton Pass Clause: Limit one PokÃ©mon knowing Baton Pass
|teampreview
|
|start
|switch|p1a: Machamp|Machamp, M|322\/322
|switch|p2a: Noivern|Noivern, F|311\/311
|turn|1
|
|move|p2a: Noivern|Air Slash|p1a: Machamp
|-supereffective|p1a: Machamp
|-damage|p1a: Machamp|0 fnt
|faint|p1a: Machamp
|
|c|âCalloflochie|oh right
|c|âCalloflochie|im not av
|
|switch|p1a: Jirachi|Jirachi, shiny|404\/404
|turn|2
|
|switch|p2a: Hippowdon|Hippowdon, F|419\/419
|-weather|Sandstorm
|switch|p1a: Alakazam|Alakazam, F|251\/251
|
|-weather|Sandstorm|[upkeep]
|turn|3
|
|detailschange|p1a: Alakazam|Alakazam-Mega, F
|message|Alakazam has Mega Evolved into Mega Alakazam!
|-ability|p1a: Alakazam|Sand Stream|[from] ability: Trace|[of] p2a: Hippowdon
|move|p1a: Alakazam|Energy Ball|p2a: Hippowdon
|-supereffective|p2a: Hippowdon
|-damage|p2a: Hippowdon|129\/419
|move|p2a: Hippowdon|Earthquake|p1a: Alakazam
|-damage|p1a: Alakazam|58\/251
|
|-weather|Sandstorm|[upkeep]
|-damage|p1a: Alakazam|43\/251|[from] sandstorm
|-heal|p2a: Hippowdon|155\/419|[from] item: Leftovers
|turn|4
|c|âforevertofindgames|oh yo lochie
|c|âforevertofindgames|it's jason
|c|âforevertofindgames|lol
|c|âforevertofindgames|i didnt even notice
|c|âCalloflochie|ohhhh
|c|âforevertofindgames|im watching your ru match vs kratos
|
|switch|p2a: Forretress|Forretress, M|353\/353
|move|p1a: Alakazam|Shadow Ball|p2a: Forretress
|-damage|p2a: Forretress|234\/353
|
|-weather|Sandstorm|[upkeep]
|-damage|p1a: Alakazam|28\/251|[from] sandstorm
|-heal|p2a: Forretress|256\/353|[from] item: Leftovers
|turn|5
|c|âCalloflochie|dude
|c|âCalloflochie|chokes
|c|âCalloflochie|are real
|c|âforevertofindgames|doint spoil
|
|move|p1a: Alakazam|Shadow Ball|p2a: Forretress
|-damage|p2a: Forretress|136\/353
|move|p2a: Forretress|Volt Switch|p1a: Alakazam
|-damage|p1a: Alakazam|0 fnt
|faint|p1a: Alakazam
|c|âforevertofindgames|ive yet to watch you scum
|c|âCalloflochie|oh ok
|c|âforevertofindgames|zygarde is getting banned yes or no:?
|
|switch|p2a: Mienshao|Mienshao, M|271\/271
|
|-weather|Sandstorm|[upkeep]
|-damage|p2a: Mienshao|255\/271|[from] sandstorm
|
|switch|p1a: Vaporeon|Vaporeon, F|463\/463
|turn|6
|
|move|p2a: Mienshao|U-turn|p1a: Vaporeon
|-damage|p1a: Vaporeon|371\/463
|
|switch|p2a: Noivern|Noivern, F|311\/311
|move|p1a: Vaporeon|Scald|p2a: Noivern
|-resisted|p2a: Noivern
|-damage|p2a: Noivern|245\/311
|
|-weather|none
|-heal|p1a: Vaporeon|399\/463|[from] item: Leftovers
|turn|7
|
|move|p1a: Vaporeon|Protect|p1a: Vaporeon
|-singleturn|p1a: Vaporeon|Protect
|move|p2a: Noivern|U-turn|p1a: Vaporeon
|-activate|p1a: Vaporeon|Protect
|
|-heal|p1a: Vaporeon|427\/463|[from] item: Leftovers
|turn|8
|
|move|p2a: Noivern|U-turn|p1a: Vaporeon
|-damage|p1a: Vaporeon|378\/463
|
|switch|p2a: Suicune|Suicune|403\/403
|-ability|p2a: Suicune|Pressure
|move|p1a: Vaporeon|Scald|p2a: Suicune
|-resisted|p2a: Suicune
|-damage|p2a: Suicune|358\/403
|-status|p2a: Suicune|brn
|
|-heal|p2a: Suicune|383\/403 brn|[from] item: Leftovers
|-heal|p1a: Vaporeon|406\/463|[from] item: Leftovers
|-damage|p2a: Suicune|333\/403 brn|[from] brn
|turn|9
|c|âforevertofindgames|i have to do this to you
|
|switch|p1a: Jirachi|Jirachi, shiny|404\/404
|move|p2a: Suicune|Calm Mind|p2a: Suicune
|-boost|p2a: Suicune|spa|1
|-boost|p2a: Suicune|spd|1
|
|-heal|p2a: Suicune|358\/403 brn|[from] item: Leftovers
|-damage|p2a: Suicune|308\/403 brn|[from] brn
|turn|10
|
|switch|p2a: Forretress|Forretress, M|136\/353
|move|p1a: Jirachi|Calm Mind|p1a: Jirachi
|-boost|p1a: Jirachi|spa|1
|-boost|p1a: Jirachi|spd|1
|
|-heal|p2a: Forretress|158\/353|[from] item: Leftovers
|turn|11
|
|move|p1a: Jirachi|Calm Mind|p1a: Jirachi
|-boost|p1a: Jirachi|spa|1
|-boost|p1a: Jirachi|spd|1
|move|p2a: Forretress|Volt Switch|p1a: Jirachi
|-crit|p1a: Jirachi
|-damage|p1a: Jirachi|352\/404
|
|switch|p2a: Mienshao|Mienshao, M|255\/271
|
|-heal|p1a: Jirachi|377\/404|[from] item: Leftovers
|turn|12
|
|move|p2a: Mienshao|Knock Off|p1a: Jirachi
|-supereffective|p1a: Jirachi
|-damage|p1a: Jirachi|149\/404
|-enditem|p1a: Jirachi|Leftovers|[from] move: Knock Off|[of] p2a: Mienshao
|move|p1a: Jirachi|Psyshock|p2a: Mienshao
|-supereffective|p2a: Mienshao
|-damage|p2a: Mienshao|0 fnt
|faint|p2a: Mienshao
|
|
|switch|p2a: Zygarde|Zygarde|417\/417
|-ability|p2a: Zygarde|Aura Break
|turn|13
|
|move|p1a: Jirachi|Moonblast|p2a: Zygarde
|-supereffective|p2a: Zygarde
|-damage|p2a: Zygarde|195\/417
|-unboost|p2a: Zygarde|spa|1
|move|p2a: Zygarde|Earthquake|p1a: Jirachi
|-supereffective|p1a: Jirachi
|-damage|p1a: Jirachi|0 fnt
|faint|p1a: Jirachi
|
|-heal|p2a: Zygarde|221\/417|[from] item: Leftovers
|
|switch|p1a: Vaporeon|Vaporeon, F|406\/463
|turn|14
|
|switch|p2a: Suicune|Suicune|308\/403 brn
|-ability|p2a: Suicune|Pressure
|move|p1a: Vaporeon|Ice Beam|p2a: Suicune
|-resisted|p2a: Suicune
|-damage|p2a: Suicune|272\/403 brn
|
|-heal|p2a: Suicune|297\/403 brn|[from] item: Leftovers
|-heal|p1a: Vaporeon|434\/463|[from] item: Leftovers
|-damage|p2a: Suicune|247\/403 brn|[from] brn
|turn|15
|c|âCalloflochie|sigh
|c|âCalloflochie|im gonna have to
|join|Bob the Bro
|c|âCalloflochie|switch stall you
|c|âforevertofindgames|i can forfeit if you want because it's just gonna b ppl stall i think
|c|âforevertofindgames|yeah i know
|c|âCalloflochie|yeah
|
|switch|p1a: Hydreigon|Hydreigon, F|325\/325
|move|p2a: Suicune|Calm Mind|p2a: Suicune
|-boost|p2a: Suicune|spa|1
|-boost|p2a: Suicune|spd|1
|
|-heal|p2a: Suicune|272\/403 brn|[from] item: Leftovers
|-damage|p2a: Suicune|222\/403 brn|[from] brn
|turn|16
|c|âCalloflochie|i dont mind
|c|âCalloflochie|but id rather not do this LOL
|c|âforevertofindgames|you arent getting my points
|
|move|p1a: Hydreigon|Dark Pulse|p2a: Suicune
|-damage|p2a: Suicune|134\/403 brn
|cant|p2a: Suicune|flinch
|
|-heal|p2a: Suicune|159\/403 brn|[from] item: Leftovers
|-damage|p2a: Suicune|109\/403 brn|[from] brn
|turn|17
|c|âCalloflochie|one more
|
|move|p1a: Hydreigon|Dark Pulse|p2a: Suicune
|-damage|p2a: Suicune|33\/403 brn
|move|p2a: Suicune|Rest|p2a: Suicune
|-status|p2a: Suicune|slp
|-heal|p2a: Suicune|403\/403 slp|[silent]
|-status|p2a: Suicune|slp|[from] move: Rest
|
|turn|18
|c|âforevertofindgames|n
|c|âCalloflochie|sigh
|
|switch|p1a: Gligar|Gligar, F|334\/334
|cant|p2a: Suicune|slp
|
|turn|19
|
|move|p1a: Gligar|Stealth Rock|p2a: Suicune
|-sidestart|p2: forevertofindgames|move: Stealth Rock
|cant|p2a: Suicune|slp
|
|turn|20
|
|move|p1a: Gligar|Earthquake|p2a: Suicune
|-damage|p2a: Suicune|337\/403 slp
|-curestatus|p2a: Suicune|slp
|move|p2a: Suicune|Calm Mind|p2a: Suicune
|-boost|p2a: Suicune|spa|1
|-boost|p2a: Suicune|spd|1
|
|-heal|p2a: Suicune|362\/403|[from] item: Leftovers
|turn|21
|
|switch|p1a: Vaporeon|Vaporeon, F|434\/463
|move|p2a: Suicune|Calm Mind|p2a: Suicune
|-boost|p2a: Suicune|spa|1
|-boost|p2a: Suicune|spd|1
|
|-heal|p2a: Suicune|387\/403|[from] item: Leftovers
|-heal|p1a: Vaporeon|462\/463|[from] item: Leftovers
|turn|22
|
|switch|p1a: Hydreigon|Hydreigon, F|325\/325
|move|p2a: Suicune|Calm Mind|p2a: Suicune
|-boost|p2a: Suicune|spa|1
|-boost|p2a: Suicune|spd|1
|
|-heal|p2a: Suicune|403\/403|[from] item: Leftovers
|turn|23
|
|switch|p1a: Vaporeon|Vaporeon, F|462\/463
|move|p2a: Suicune|Calm Mind|p2a: Suicune
|-boost|p2a: Suicune|spa|1
|-boost|p2a: Suicune|spd|1
|
|-heal|p1a: Vaporeon|463\/463|[from] item: Leftovers
|turn|24
|
|move|p2a: Suicune|Calm Mind|p2a: Suicune
|-boost|p2a: Suicune|spa|1
|-boost|p2a: Suicune|spd|1
|move|p1a: Vaporeon|Scald|p2a: Suicune
|-resisted|p2a: Suicune
|-damage|p2a: Suicune|391\/403
|
|-heal|p2a: Suicune|403\/403|[from] item: Leftovers
|turn|25
|
|move|p2a: Suicune|Calm Mind|p2a: Suicune
|-fail|p2a: Suicune
|move|p1a: Vaporeon|Scald|p2a: Suicune
|-crit|p2a: Suicune
|-resisted|p2a: Suicune
|-damage|p2a: Suicune|337\/403
|-status|p2a: Suicune|brn
|
|-heal|p2a: Suicune|362\/403 brn|[from] item: Leftovers
|-damage|p2a: Suicune|312\/403 brn|[from] brn
|turn|26
|
|switch|p1a: Hydreigon|Hydreigon, F|325\/325
|move|p2a: Suicune|Scald|p1a: Hydreigon
|-resisted|p1a: Hydreigon
|-damage|p1a: Hydreigon|130\/325
|-status|p1a: Hydreigon|brn
|
|-heal|p2a: Suicune|337\/403 brn|[from] item: Leftovers
|-damage|p1a: Hydreigon|90\/325 brn|[from] brn
|-damage|p2a: Suicune|287\/403 brn|[from] brn
|turn|27
|
|switch|p1a: Vaporeon|Vaporeon, F|463\/463
|move|p2a: Suicune|Scald|p1a: Vaporeon
|-immune|p1a: Vaporeon|[msg]
|
|-heal|p2a: Suicune|312\/403 brn|[from] item: Leftovers
|-damage|p2a: Suicune|262\/403 brn|[from] brn
|turn|28
|
|move|p2a: Suicune|Calm Mind|p2a: Suicune
|-fail|p2a: Suicune
|move|p1a: Vaporeon|Wish|p1a: Vaporeon
|
|-heal|p2a: Suicune|287\/403 brn|[from] item: Leftovers
|-damage|p2a: Suicune|237\/403 brn|[from] brn
|turn|29
|
|move|p2a: Suicune|Rest|p2a: Suicune
|-status|p2a: Suicune|slp
|-heal|p2a: Suicune|403\/403 slp|[silent]
|-status|p2a: Suicune|slp|[from] move: Rest
|move|p1a: Vaporeon|Scald|p2a: Suicune
|-resisted|p2a: Suicune
|-damage|p2a: Suicune|392\/403 slp
|
|-heal|p2a: Suicune|403\/403 slp|[from] item: Leftovers
|turn|30
|
|cant|p2a: Suicune|slp
|move|p1a: Vaporeon|Wish|p1a: Vaporeon
|
|turn|31
|
|switch|p1a: Hydreigon|Hydreigon, F|90\/325 brn
|cant|p2a: Suicune|slp
|
|-heal|p1a: Hydreigon|321\/325 brn|[from] move: Wish|[wisher] Vaporeon
|-damage|p1a: Hydreigon|281\/325 brn|[from] brn
|turn|32
|
|switch|p1a: Vaporeon|Vaporeon, F|463\/463
|-curestatus|p2a: Suicune|slp
|move|p2a: Suicune|Calm Mind|p2a: Suicune
|-fail|p2a: Suicune
|
|turn|33
|
|move|p2a: Suicune|Calm Mind|p2a: Suicune
|-fail|p2a: Suicune
|move|p1a: Vaporeon|Ice Beam|p2a: Suicune
|-resisted|p2a: Suicune
|-damage|p2a: Suicune|394\/403
|
|-heal|p2a: Suicune|403\/403|[from] item: Leftovers
|turn|34
|
|switch|p1a: Hydreigon|Hydreigon, F|281\/325 brn
|move|p2a: Suicune|Calm Mind|p2a: Suicune
|-fail|p2a: Suicune
|
|-damage|p1a: Hydreigon|241\/325 brn|[from] brn
|turn|35
|
|move|p1a: Hydreigon|U-turn|p2a: Suicune
|-damage|p2a: Suicune|387\/403
|
|switch|p1a: Vaporeon|Vaporeon, F|463\/463
|move|p2a: Suicune|Calm Mind|p2a: Suicune
|-fail|p2a: Suicune
|
|-heal|p2a: Suicune|403\/403|[from] item: Leftovers
|turn|36
|
|move|p1a: Vaporeon|Protect|p1a: Vaporeon
|-singleturn|p1a: Vaporeon|Protect
|move|p2a: Suicune|Sleep Talk|p2a: Suicune
|-fail|p2a: Suicune
|
|turn|37
|
|switch|p1a: Hydreigon|Hydreigon, F|241\/325 brn
|move|p2a: Suicune|Sleep Talk|p2a: Suicune
|-fail|p2a: Suicune
|
|-damage|p1a: Hydreigon|201\/325 brn|[from] brn
|turn|38
|
|move|p1a: Hydreigon|U-turn|p2a: Suicune
|-damage|p2a: Suicune|387\/403
|
|switch|p1a: Vaporeon|Vaporeon, F|463\/463
|move|p2a: Suicune|Sleep Talk|p2a: Suicune
|-fail|p2a: Suicune
|
|-heal|p2a: Suicune|403\/403|[from] item: Leftovers
|turn|39
|c|âforevertofindgames|why me
|
|move|p2a: Suicune|Scald|p1a: Vaporeon
|-immune|p1a: Vaporeon|[msg]
|move|p1a: Vaporeon|Wish|p1a: Vaporeon
|
|turn|40
|
|switch|p1a: Hydreigon|Hydreigon, F|201\/325 brn
|move|p2a: Suicune|Scald|p1a: Hydreigon
|-resisted|p1a: Hydreigon
|-damage|p1a: Hydreigon|22\/325 brn
|
|-heal|p1a: Hydreigon|253\/325 brn|[from] move: Wish|[wisher] Vaporeon
|-damage|p1a: Hydreigon|213\/325 brn|[from] brn
|turn|41
|
|move|p1a: Hydreigon|U-turn|p2a: Suicune
|-damage|p2a: Suicune|386\/403
|
|switch|p1a: Vaporeon|Vaporeon, F|463\/463
|move|p2a: Suicune|Rest|p2a: Suicune
|-status|p2a: Suicune|slp
|-heal|p2a: Suicune|403\/403 slp|[silent]
|-status|p2a: Suicune|slp|[from] move: Rest
|
|turn|42
|
|switch|p1a: Gligar|Gligar, F|334\/334
|cant|p2a: Suicune|slp
|
|turn|43
|join|Metalmane
|
|switch|p1a: Vaporeon|Vaporeon, F|463\/463
|cant|p2a: Suicune|slp
|
|turn|44
|
|switch|p1a: Gligar|Gligar, F|334\/334
|-curestatus|p2a: Suicune|slp
|move|p2a: Suicune|Rest|p2a: Suicune
|-fail|p2a: Suicune
|
|turn|45
|
|switch|p1a: Vaporeon|Vaporeon, F|463\/463
|move|p2a: Suicune|Calm Mind|p2a: Suicune
|-fail|p2a: Suicune
|
|turn|46
|
|move|p2a: Suicune|Sleep Talk|p2a: Suicune
|-fail|p2a: Suicune
|move|p1a: Vaporeon|Wish|p1a: Vaporeon
|
|turn|47
|
|switch|p1a: Hydreigon|Hydreigon, F|213\/325 brn
|move|p2a: Suicune|Rest|p2a: Suicune
|-fail|p2a: Suicune
|
|-heal|p1a: Hydreigon|325\/325 brn|[from] move: Wish|[wisher] Vaporeon
|-damage|p1a: Hydreigon|285\/325 brn|[from] brn
|turn|48
|
|switch|p1a: Gligar|Gligar, F|334\/334
|move|p2a: Suicune|Rest|p2a: Suicune
|-fail|p2a: Suicune
|
|turn|49
|
|switch|p1a: Vaporeon|Vaporeon, F|463\/463
|move|p2a: Suicune|Rest|p2a: Suicune
|-fail|p2a: Suicune
|
|turn|50
|
|move|p1a: Vaporeon|Protect|p1a: Vaporeon
|-singleturn|p1a: Vaporeon|Protect
|move|p2a: Suicune|Calm Mind|p2a: Suicune
|-fail|p2a: Suicune
|
|turn|51
|
|move|p1a: Vaporeon|Protect|p1a: Vaporeon
|-fail|p1a: Vaporeon
|move|p2a: Suicune|Calm Mind|p2a: Suicune
|-fail|p2a: Suicune
|
|turn|52
|
|switch|p1a: Gligar|Gligar, F|334\/334
|move|p2a: Suicune|Scald|p1a: Gligar
|-supereffective|p1a: Gligar
|-damage|p1a: Gligar|0 fnt
|faint|p1a: Gligar
|
|
|switch|p1a: Vaporeon|Vaporeon, F|463\/463
|turn|53
|join|LT8Y JustB1az3
|c|âCalloflochie|sigh
|join|waiv
|
|move|p2a: Suicune|Calm Mind|p2a: Suicune
|-fail|p2a: Suicune
|move|p1a: Vaporeon|Wish|p1a: Vaporeon
|
|turn|54
|c|âCalloflochie|252 SpA Choice Specs Noivern Air Slash vs. 252 HP \/ 0 SpD Machamp: 344-408 (89.5 - 106.2%) -- 37.5% chance to OHKO
|c|âCalloflochie|nice,,,,,
|
|switch|p1a: Hydreigon|Hydreigon, F|285\/325 brn
|move|p2a: Suicune|Scald|p1a: Hydreigon
|-resisted|p1a: Hydreigon
|-damage|p1a: Hydreigon|86\/325 brn
|
|-heal|p1a: Hydreigon|317\/325 brn|[from] move: Wish|[wisher] Vaporeon
|-damage|p1a: Hydreigon|277\/325 brn|[from] brn
|turn|55
|c|âforevertofindgames|that isnt vest tho right??
|c|âforevertofindgames|are you supposed to be vest?
|c|âCalloflochie|its max hp
|c|âCalloflochie|you got some BS roll
|c|âforevertofindgames|oh wow so i got a high roll
|c|âCalloflochie|,,,,
|
|move|p1a: Hydreigon|U-turn|p2a: Suicune
|-damage|p2a: Suicune|385\/403
|
|switch|p1a: Vaporeon|Vaporeon, F|463\/463
|move|p2a: Suicune|Rest|p2a: Suicune
|-status|p2a: Suicune|slp
|-heal|p2a: Suicune|403\/403 slp|[silent]
|-status|p2a: Suicune|slp|[from] move: Rest
|
|turn|56
|
|switch|p1a: Hydreigon|Hydreigon, F|277\/325 brn
|cant|p2a: Suicune|slp
|
|-damage|p1a: Hydreigon|237\/325 brn|[from] brn
|turn|57
|
|move|p1a: Hydreigon|U-turn|p2a: Suicune
|-damage|p2a: Suicune|386\/403 slp
|
|switch|p1a: Vaporeon|Vaporeon, F|463\/463
|cant|p2a: Suicune|slp
|
|-heal|p2a: Suicune|403\/403 slp|[from] item: Leftovers
|turn|58
|
|-curestatus|p2a: Suicune|slp
|move|p2a: Suicune|Sleep Talk|p2a: Suicune
|-fail|p2a: Suicune
|move|p1a: Vaporeon|Wish|p1a: Vaporeon
|
|turn|59
|
|switch|p1a: Hydreigon|Hydreigon, F|237\/325 brn
|move|p2a: Suicune|Scald|p1a: Hydreigon
|-resisted|p1a: Hydreigon
|-damage|p1a: Hydreigon|60\/325 brn
|
|-heal|p1a: Hydreigon|291\/325 brn|[from] move: Wish|[wisher] Vaporeon
|-damage|p1a: Hydreigon|251\/325 brn|[from] brn
|turn|60
|leave|waiv
|join|waiv
|
|switch|p1a: Vaporeon|Vaporeon, F|463\/463
|move|p2a: Suicune|Sleep Talk|p2a: Suicune
|-fail|p2a: Suicune
|
|turn|61
|leave|waiv
|join|waiv
|leave|waiv
|
|move|p1a: Vaporeon|Protect|p1a: Vaporeon
|-singleturn|p1a: Vaporeon|Protect
|move|p2a: Suicune|Sleep Talk|p2a: Suicune
|-fail|p2a: Suicune
|
|turn|62
|
|move|p2a: Suicune|Calm Mind|p2a: Suicune
|-fail|p2a: Suicune
|move|p1a: Vaporeon|Ice Beam|p2a: Suicune
|-resisted|p2a: Suicune
|-damage|p2a: Suicune|394\/403
|
|-heal|p2a: Suicune|403\/403|[from] item: Leftovers
|turn|63
|
|move|p1a: Vaporeon|Protect|p1a: Vaporeon
|-singleturn|p1a: Vaporeon|Protect
|move|p2a: Suicune|Calm Mind|p2a: Suicune
|-fail|p2a: Suicune
|
|turn|64
|
|switch|p1a: Hydreigon|Hydreigon, F|251\/325 brn
|move|p2a: Suicune|Scald|p1a: Hydreigon
|-resisted|p1a: Hydreigon
|-damage|p1a: Hydreigon|50\/325 brn
|
|-damage|p1a: Hydreigon|10\/325 brn|[from] brn
|turn|65
|c|âCalloflochie|idk why
|c|âCalloflochie|you did that
|c|âforevertofindgames|????
|c|âCalloflochie|wait how many scalds do you have
|c|âforevertofindgames|16 left
|c|âforevertofindgames|you can count, i wouldnt lie lol
|c|âforevertofindgames|8 rest
|c|âforevertofindgames|9 slee talks
|c|âforevertofindgames|13 cms
|c|âCalloflochie|i can stall that ez
|c|âforevertofindgames|dont do it
|c|âforevertofindgames|have a heart
|c|âCalloflochie|nope
|c|âCalloflochie|fuck u
|c|âforevertofindgames|:(
|c|âCalloflochie|i swept you with rachi but i choked
|c|âCalloflochie|zzzz
|c|âforevertofindgames|what was the sprea
|c|âforevertofindgames|i thought you were scarf trick
|c|âCalloflochie|max hp max spa
|c|âCalloflochie|no
|c|âCalloflochie|max speed
|
|move|p1a: Hydreigon|U-turn|p2a: Suicune
|-damage|p2a: Suicune|385\/403
|c|âforevertofindgames|does it have energy ball?
|c|âforevertofindgames|or hp fire?
|
|switch|p1a: Vaporeon|Vaporeon, F|463\/463
|move|p2a: Suicune|Calm Mind|p2a: Suicune
|-fail|p2a: Suicune
|
|-heal|p2a: Suicune|403\/403|[from] item: Leftovers
|turn|66
|c|âCalloflochie|what
|c|âCalloflochie|moonblast
|c|âforevertofindgames|rachi
|c|âCalloflochie|psyshock
|c|âforevertofindgames|CM and what's the last
|
|move|p1a: Vaporeon|Protect|p1a: Vaporeon
|-singleturn|p1a: Vaporeon|Protect
|move|p2a: Suicune|Sleep Talk|p2a: Suicune
|-fail|p2a: Suicune
|
|turn|67
|c|âCalloflochie|sub????????????????
|c|âforevertofindgames|Oh sorry 
|c|âCalloflochie|it's fine
|c|âforevertofindgames|thought you were just cm 3 atk
|
|move|p2a: Suicune|Sleep Talk|p2a: Suicune
|-fail|p2a: Suicune
|move|p1a: Vaporeon|Wish|p1a: Vaporeon
|
|turn|68
|
|move|p2a: Suicune|Scald|p1a: Vaporeon
|-immune|p1a: Vaporeon|[msg]
|move|p1a: Vaporeon|Ice Beam|p2a: Suicune
|-resisted|p2a: Suicune
|-damage|p2a: Suicune|394\/403
|
|-heal|p2a: Suicune|403\/403|[from] item: Leftovers
|turn|69
|
|move|p2a: Suicune|Scald|p1a: Vaporeon
|-immune|p1a: Vaporeon|[msg]
|move|p1a: Vaporeon|Wish|p1a: Vaporeon
|
|turn|70
|
|move|p1a: Vaporeon|Protect|p1a: Vaporeon
|-singleturn|p1a: Vaporeon|Protect
|move|p2a: Suicune|Scald|p1a: Vaporeon
|-activate|p1a: Vaporeon|Protect
|
|turn|71
|
|move|p2a: Suicune|Calm Mind|p2a: Suicune
|-fail|p2a: Suicune
|move|p1a: Vaporeon|Scald|p2a: Suicune
|-resisted|p2a: Suicune
|-damage|p2a: Suicune|391\/403
|
|-heal|p2a: Suicune|403\/403|[from] item: Leftovers
|turn|72
|
|move|p2a: Suicune|Calm Mind|p2a: Suicune
|-fail|p2a: Suicune
|move|p1a: Vaporeon|Scald|p2a: Suicune
|-resisted|p2a: Suicune
|-damage|p2a: Suicune|391\/403
|
|-heal|p2a: Suicune|403\/403|[from] item: Leftovers
|turn|73
|
|switch|p2a: Hippowdon|Hippowdon, F|155\/419
|-damage|p2a: Hippowdon|129\/419|[from] Stealth Rock
|-weather|Sandstorm
|move|p1a: Vaporeon|Scald|p2a: Hippowdon
|-supereffective|p2a: Hippowdon
|-damage|p2a: Hippowdon|0 fnt
|faint|p2a: Hippowdon
|
|-weather|Sandstorm|[upkeep]
|-damage|p1a: Vaporeon|435\/463|[from] sandstorm
|-heal|p1a: Vaporeon|463\/463|[from] item: Leftovers
|c|âCalloflochie|where's my burn
|c|âforevertofindgames|man so protect
|c|âforevertofindgames|scald
|c|âforevertofindgames|wish
|c|âforevertofindgames|ice beam
|c|âCalloflochie|yeah
|c|âforevertofindgames|how many do you have of each
|c|âCalloflochie|a bunch
|c|âCalloflochie|like 10 of each
|c|âforevertofindgames|so im guessing zygarde is getting banned
|c|âforevertofindgames|oh so its like that now
|c|âCalloflochie|well u gotta click a fucking mon
|c|âCalloflochie|so i can check
|c|âCalloflochie|retard
|c|âforevertofindgames|LOL
|
|switch|p2a: Suicune|Suicune|403\/403
|-damage|p2a: Suicune|353\/403|[from] Stealth Rock
|-ability|p2a: Suicune|Pressure
|turn|74
|c|âCalloflochie|jason wang is so ass
|c|âforevertofindgames|how dare you
|
|move|p2a: Suicune|Calm Mind|p2a: Suicune
|-boost|p2a: Suicune|spa|1
|-boost|p2a: Suicune|spd|1
|move|p1a: Vaporeon|Wish|p1a: Vaporeon
|
|-weather|Sandstorm|[upkeep]
|-damage|p2a: Suicune|328\/403|[from] sandstorm
|-damage|p1a: Vaporeon|435\/463|[from] sandstorm
|-heal|p2a: Suicune|353\/403|[from] item: Leftovers
|-heal|p1a: Vaporeon|463\/463|[from] item: Leftovers
|turn|75
|
|switch|p1a: Hydreigon|Hydreigon, F|10\/325 brn
|move|p2a: Suicune|Calm Mind|p2a: Suicune
|-boost|p2a: Suicune|spa|1
|-boost|p2a: Suicune|spd|1
|
|-weather|Sandstorm|[upkeep]
|-damage|p1a: Hydreigon|0 fnt|[from] sandstorm
|-damage|p2a: Suicune|328\/403|[from] sandstorm
|-heal|p2a: Suicune|353\/403|[from] item: Leftovers
|faint|p1a: Hydreigon
|c|âCalloflochie|hello
|c|âforevertofindgames|sand storm....
|c|âCalloflochie|since fucking when
|c|âCalloflochie|gen 6 mechanic
|c|âCalloflochie|how fucking gay
|c|âCalloflochie|zzzzz
|c|âCalloflochie|yeah i fucked up with jirachi
|c|âCalloflochie|o well
|c|âforevertofindgames|gg wp
|c|âCalloflochie|not gg ur a poopyhead
|c|âforevertofindgames|i hate stall
|-message|Calloflochie forfeited.
|
|win|forevertofindgames
|raw|Ladder updating...
|leave|Calloflochie
|player|p1
|raw|Calloflochie's rating: 1588 &rarr; <strong>1561<\/strong><br \/>(-27 for losing)
|raw|forevertofindgames's rating: 1467 &rarr; <strong>1494<\/strong><br \/>(+27 for winning)
|leave|Metalmane