|join|Calloflochie
|join|Omfuga
|player|p1|Calloflochie|275
|player|p2|Omfuga|105
|gametype|singles
|gen|6
|tier|UU
|rule|Sleep Clause Mod: Limit one foe put to sleep
|rule|Species Clause: Limit one of each PokÃ©mon
|rule|OHKO Clause: OHKO moves are banned
|rule|Moody Clause: Moody is banned
|rule|Evasion Moves Clause: Evasion moves are banned
|rule|Endless Battle Clause: Forcing endless battles is banned
|rule|HP Percentage Mod: HP is shown in percentages
|clearpoke
|poke|p1|Zygarde
|poke|p1|Abomasnow, F
|poke|p1|Granbull, M
|poke|p1|Swampert, M
|poke|p1|Roserade, F
|poke|p1|Lucario, F
|poke|p2|Hydreigon, M
|poke|p2|Machamp, M
|poke|p2|Aggron, M
|poke|p2|Roserade, M
|poke|p2|Gligar, F
|poke|p2|Mienshao, F
|rule|Swagger Clause: Swagger is banned
|rule|Baton Pass Clause: Limit one PokÃ©mon knowing Baton Pass
|teampreview
|join|Royalty
|join|Nas
|
|start
|switch|p1a: Swampert|Swampert, M|403\/403
|switch|p2a: Roserade|Roserade, M|323\/323
|turn|1
|leave|Royalty
|join|bouff
|
|switch|p1a: Roserade|Roserade, F|323\/323
|move|p2a: Roserade|Spikes|p1a: Roserade
|-sidestart|p1: Calloflochie|Spikes
|
|turn|2
|c| bouff|oh my god
|
|move|p2a: Roserade|Spikes|p1a: Roserade
|-sidestart|p1: Calloflochie|Spikes
|move|p1a: Roserade|Sludge Bomb|p2a: Roserade
|-damage|p2a: Roserade|226\/323
|
|-heal|p2a: Roserade|246\/323|[from] item: Black Sludge
|turn|3
|c| bouff|not this gay squad
|join|Dudeman130498
|c|âOmfuga|bouff lost to this squad
|c|âOmfuga|like 100 times
|
|switch|p2a: Hydreigon|Hydreigon, M|325\/325
|move|p1a: Roserade|Toxic Spikes|p2a: Hydreigon
|-sidestart|p2: Omfuga|move: Toxic Spikes
|
|turn|4
|c|âOmfuga|oml.
|join|Mystery
|
|move|p2a: Hydreigon|Dark Pulse|p1a: Roserade
|-damage|p1a: Roserade|175\/323
|move|p1a: Roserade|Sludge Bomb|p2a: Hydreigon
|-damage|p2a: Hydreigon|196\/325
|-status|p2a: Hydreigon|psn
|
|-heal|p1a: Roserade|195\/323|[from] item: Leftovers
|-damage|p2a: Hydreigon|156\/325 psn|[from] psn
|turn|5
|
|move|p2a: Hydreigon|Dark Pulse|p1a: Roserade
|-damage|p1a: Roserade|35\/323
|move|p1a: Roserade|Sludge Bomb|p2a: Hydreigon
|-damage|p2a: Hydreigon|8\/325 psn
|
|-heal|p1a: Roserade|55\/323|[from] item: Leftovers
|-damage|p2a: Hydreigon|0 fnt|[from] psn
|faint|p2a: Hydreigon
|
|switch|p2a: Roserade|Roserade, M|246\/323
|-sideend|p2: Omfuga|move: Toxic Spikes|[of] p2a: Roserade
|turn|6
|
|move|p2a: Roserade|Sludge Bomb|p1a: Roserade
|-damage|p1a: Roserade|0 fnt
|faint|p1a: Roserade
|
|-heal|p2a: Roserade|266\/323|[from] item: Black Sludge
|
|switch|p1a: Abomasnow|Abomasnow, F|384\/384
|-damage|p1a: Abomasnow|320\/384|[from] Spikes
|turn|7
|c| bouff|because i didnt think
|c| bouff|ud run tht fucking hydrei set LOL
|
|detailschange|p1a: Abomasnow|Abomasnow-Mega, F
|message|Abomasnow has Mega Evolved into Mega Abomasnow!
|-weather|Hail
|move|p1a: Abomasnow|Ice Shard|p2a: Roserade
|-supereffective|p2a: Roserade
|-damage|p2a: Roserade|60\/323
|move|p2a: Roserade|Sludge Bomb|p1a: Abomasnow
|-supereffective|p1a: Abomasnow
|-damage|p1a: Abomasnow|60\/384
|
|-weather|Hail|[upkeep]
|-damage|p2a: Roserade|40\/323|[from] hail
|-heal|p2a: Roserade|60\/323|[from] item: Black Sludge
|turn|8
|join|zongthedong
|
|move|p1a: Abomasnow|Ice Shard|p2a: Roserade
|-supereffective|p2a: Roserade
|-damage|p2a: Roserade|0 fnt
|faint|p2a: Roserade
|
|-weather|Hail|[upkeep]
|
|switch|p2a: Aggron|Aggron, M|344\/344
|turn|9
|
|detailschange|p2a: Aggron|Aggron-Mega, M
|message|Aggron has Mega Evolved into Mega Aggron!
|move|p2a: Aggron|Stealth Rock|p1a: Abomasnow
|-sidestart|p1: Calloflochie|move: Stealth Rock
|move|p1a: Abomasnow|Earthquake|p2a: Aggron
|-supereffective|p2a: Aggron
|-damage|p2a: Aggron|254\/344
|
|-weather|Hail|[upkeep]
|-damage|p2a: Aggron|233\/344|[from] hail
|turn|10
|
|move|p1a: Abomasnow|Ice Shard|p2a: Aggron
|-resisted|p2a: Aggron
|-damage|p2a: Aggron|217\/344
|move|p2a: Aggron|Heavy Slam|p1a: Abomasnow
|-supereffective|p1a: Abomasnow
|-damage|p1a: Abomasnow|0 fnt
|faint|p1a: Abomasnow
|
|-weather|Hail|[upkeep]
|-damage|p2a: Aggron|196\/344|[from] hail
|
|switch|p1a: Swampert|Swampert, M|403\/403
|-damage|p1a: Swampert|378\/403|[from] Stealth Rock
|-damage|p1a: Swampert|311\/403|[from] Spikes
|turn|11
|join|BIG SCHLONG MCDONG
|
|switch|p2a: Gligar|Gligar, F|333\/333
|move|p1a: Swampert|Stealth Rock|p2a: Gligar
|-sidestart|p2: Omfuga|move: Stealth Rock
|
|-weather|none
|-heal|p1a: Swampert|336\/403|[from] item: Leftovers
|turn|12
|
|move|p2a: Gligar|Earthquake|p1a: Swampert
|-damage|p1a: Swampert|269\/403
|move|p1a: Swampert|Ice Beam|p2a: Gligar
|-supereffective|p2a: Gligar
|-damage|p2a: Gligar|117\/333
|
|-heal|p1a: Swampert|294\/403|[from] item: Leftovers
|turn|13
|
|move|p2a: Gligar|Earthquake|p1a: Swampert
|-damage|p1a: Swampert|219\/403
|move|p1a: Swampert|Scald|p2a: Gligar
|-supereffective|p2a: Gligar
|-damage|p2a: Gligar|0 fnt
|faint|p2a: Gligar
|
|-heal|p1a: Swampert|244\/403|[from] item: Leftovers
|
|switch|p2a: Machamp|Machamp, M|381\/381
|-damage|p2a: Machamp|358\/381|[from] Stealth Rock
|turn|14
|
|move|p1a: Swampert|Scald|p2a: Machamp
|-damage|p2a: Machamp|304\/381
|-status|p2a: Machamp|brn
|move|p2a: Machamp|Close Combat|p1a: Swampert
|-damage|p1a: Swampert|0 fnt
|-unboost|p2a: Machamp|def|1
|-unboost|p2a: Machamp|spd|1
|faint|p1a: Swampert
|
|-damage|p2a: Machamp|257\/381 brn|[from] brn
|
|switch|p1a: Lucario|Lucario, F|281\/281
|-damage|p1a: Lucario|235\/281|[from] Spikes
|-damage|p1a: Lucario|227\/281|[from] Stealth Rock
|turn|15
|
|move|p1a: Lucario|Close Combat|p2a: Machamp
|-crit|p2a: Machamp
|-damage|p2a: Machamp|0 fnt
|-unboost|p1a: Lucario|def|1
|-unboost|p1a: Lucario|spd|1
|-damage|p1a: Lucario|199\/281|[from] item: Life Orb
|faint|p2a: Machamp
|
|
|switch|p2a: Mienshao|Mienshao, F|271\/271
|-damage|p2a: Mienshao|255\/271|[from] Stealth Rock
|turn|16
|
|switch|p1a: Granbull|Granbull, M|383\/383
|-damage|p1a: Granbull|336\/383|[from] Stealth Rock
|-damage|p1a: Granbull|273\/383|[from] Spikes
|-ability|p1a: Granbull|Intimidate|[of] p2a: Mienshao
|-unboost|p2a: Mienshao|atk|1
|move|p2a: Mienshao|U-turn|p1a: Granbull
|-resisted|p1a: Granbull
|-damage|p1a: Granbull|247\/383
|
|switch|p2a: Aggron|Aggron-Mega, M|196\/344
|-damage|p2a: Aggron|175\/344|[from] Stealth Rock
|
|-heal|p1a: Granbull|270\/383|[from] item: Leftovers
|turn|17
|
|move|p2a: Aggron|Heavy Slam|p1a: Granbull
|-supereffective|p1a: Granbull
|-damage|p1a: Granbull|0 fnt
|faint|p1a: Granbull
|
|
|switch|p1a: Lucario|Lucario, F|199\/281
|-damage|p1a: Lucario|191\/281|[from] Stealth Rock
|-damage|p1a: Lucario|145\/281|[from] Spikes
|turn|18
|
|move|p1a: Lucario|Close Combat|p2a: Aggron
|-supereffective|p2a: Aggron
|-damage|p2a: Aggron|5\/344
|-unboost|p1a: Lucario|def|1
|-unboost|p1a: Lucario|spd|1
|-damage|p1a: Lucario|117\/281|[from] item: Life Orb
|move|p2a: Aggron|Earthquake|p1a: Lucario
|-crit|p1a: Lucario
|-supereffective|p1a: Lucario
|-damage|p1a: Lucario|0 fnt
|faint|p1a: Lucario
|
|
|switch|p1a: Zygarde|Zygarde|405\/405
|-damage|p1a: Zygarde|380\/405|[from] Stealth Rock
|-damage|p1a: Zygarde|313\/405|[from] Spikes
|-ability|p1a: Zygarde|Aura Break
|turn|19
|
|move|p1a: Zygarde|Earthquake|p2a: Aggron
|-crit|p2a: Aggron
|-supereffective|p2a: Aggron
|-damage|p2a: Aggron|0 fnt
|faint|p2a: Aggron
|
|-heal|p1a: Zygarde|338\/405|[from] item: Leftovers
|
|switch|p2a: Mienshao|Mienshao, F|255\/271
|-damage|p2a: Mienshao|239\/271|[from] Stealth Rock
|turn|20
|
|move|p2a: Mienshao|High Jump Kick|p1a: Zygarde
|-damage|p1a: Zygarde|89\/405
|move|p1a: Zygarde|Earthquake|p2a: Mienshao
|-damage|p2a: Mienshao|76\/271
|
|-heal|p1a: Zygarde|114\/405|[from] item: Leftovers
|turn|21
|
|move|p2a: Mienshao|High Jump Kick|p1a: Zygarde
|-damage|p1a: Zygarde|0 fnt
|faint|p1a: Zygarde
|
|win|Omfuga
|c|âOmfuga|im jesus.
|c|âCalloflochie|gg
|leave|Mystery
|c|âOmfuga| \/savereplay
|c|âOmfuga|whoops.
|leave|zongthedong
|leave|Dudeman130498
|leave|Calloflochie
|player|p1
|leave|bouff