|join|Curious Shaymin
|join|taposek
|player|p1|Curious Shaymin|4
|player|p2|taposek|170
|gametype|singles
|gen|6
|tier|OU
|rated
|clearpoke
|poke|p1|Empoleon, M
|poke|p1|Landorus-Therian, M
|poke|p1|Conkeldurr, M
|poke|p1|Rotom-Wash
|poke|p1|Talonflame, F
|poke|p1|Manectric, M, shiny
|poke|p2|Gengar, M
|poke|p2|Arcanine, M
|poke|p2|Togekiss, F
|poke|p2|Raikou
|poke|p2|Greninja, F
|poke|p2|Lucario, M
|rule|Sleep Clause Mod: Limit one foe put to sleep
|rule|Species Clause: Limit one of each Pokemon
|rule|OHKO Clause: OHKO moves are banned
|rule|Moody Clause: Moody is banned
|rule|Evasion Moves Clause: Evasion moves are banned
|rule|Endless Battle Clause: Forcing endless battles is banned.
|rule|HP Percentage Mod: HP is reported as percentages
|teampreview
|
|start
|switch|p1a: Zero|Manectric, M, shiny|281\/281
|switch|p2a: Gengar|Gengar, M|262\/262
|turn|1
|
|switch|p1a: SeÃ±or Waddles|Empoleon, M|372\/372
|move|p2a: Gengar|Hypnosis|p1a: SeÃ±or Waddles
|-status|p1a: SeÃ±or Waddles|slp
|
|turn|2
|
|switch|p1a: Papa Rocks|Conkeldurr, M|351\/351
|move|p2a: Gengar|Focus Blast|p1a: Papa Rocks
|-damage|p1a: Papa Rocks|243\/351
|
|turn|3
|
|move|p2a: Gengar|Shadow Ball|p1a: Papa Rocks
|-damage|p1a: Papa Rocks|143\/351
|move|p1a: Papa Rocks|Knock Off|p2a: Gengar
|-supereffective|p2a: Gengar
|-enditem|p2a: Gengar|Focus Sash
|-damage|p2a: Gengar|1\/262
|
|turn|4
|
|move|p2a: Gengar|Destiny Bond|p2a: Gengar
|-singlemove|p2a: Gengar|Destiny Bond
|move|p1a: Papa Rocks|Knock Off|p2a: Gengar
|-supereffective|p2a: Gengar
|-damage|p2a: Gengar|0 fnt
|faint|p2a: Gengar
|-activate|p2a: Gengar|Destiny Bond
|faint|p1a: Papa Rocks
|
|
|switch|p2a: Raikou|Raikou|322\/322
|switch|p1a: Wash a scrub|Rotom-Wash|304\/304
|-ability|p2a: Raikou|Pressure
|turn|5
|
|move|p2a: Raikou|Substitute|p2a: Raikou
|-start|p2a: Raikou|Substitute
|-damage|p2a: Raikou|242\/322
|move|p1a: Wash a scrub|Hydro Pump|p2a: Raikou
|-end|p2a: Raikou|Substitute
|
|-heal|p2a: Raikou|262\/322|[from] item: Leftovers
|turn|6
|
|move|p2a: Raikou|Substitute|p2a: Raikou
|-start|p2a: Raikou|Substitute
|-damage|p2a: Raikou|182\/322
|move|p1a: Wash a scrub|Volt Switch|p2a: Raikou
|-resisted|p2a: Raikou
|-activate|p2a: Raikou|Substitute|[damage]
|
|switch|p1a: Zero|Manectric, M, shiny|281\/281
|
|-heal|p2a: Raikou|202\/322|[from] item: Leftovers
|turn|7
|
|move|p2a: Raikou|Calm Mind|p2a: Raikou
|-boost|p2a: Raikou|spa|1
|-boost|p2a: Raikou|spd|1
|move|p1a: Zero|Flamethrower|p2a: Raikou
|-end|p2a: Raikou|Substitute
|
|-heal|p2a: Raikou|222\/322|[from] item: Leftovers
|turn|8
|
|switch|p1a: Charlie Sheen|Landorus-Therian, M|369\/369
|-ability|p1a: Charlie Sheen|Intimidate|[of] p2a: Raikou
|-unboost|p2a: Raikou|atk|1
|move|p2a: Raikou|Calm Mind|p2a: Raikou
|-boost|p2a: Raikou|spa|1
|-boost|p2a: Raikou|spd|1
|
|-heal|p2a: Raikou|242\/322|[from] item: Leftovers
|turn|9
|
|move|p2a: Raikou|Hidden Power|p1a: Charlie Sheen
|-supereffective|p1a: Charlie Sheen
|-damage|p1a: Charlie Sheen|0 fnt
|faint|p1a: Charlie Sheen
|
|-heal|p2a: Raikou|262\/322|[from] item: Leftovers
|
|switch|p1a: Wash a scrub|Rotom-Wash|304\/304
|turn|10
|
|move|p2a: Raikou|Substitute|p2a: Raikou
|-start|p2a: Raikou|Substitute
|-damage|p2a: Raikou|182\/322
|move|p1a: Wash a scrub|Hydro Pump|p2a: Raikou
|-activate|p2a: Raikou|Substitute|[damage]
|
|-heal|p2a: Raikou|202\/322|[from] item: Leftovers
|turn|11
|
|move|p2a: Raikou|Thunderbolt|p1a: Wash a scrub
|-damage|p1a: Wash a scrub|31\/304
|move|p1a: Wash a scrub|Hydro Pump|p2a: Raikou
|-crit|p2a: Raikou
|-end|p2a: Raikou|Substitute
|
|-heal|p2a: Raikou|222\/322|[from] item: Leftovers
|turn|12
|
|switch|p1a: Zero|Manectric, M, shiny|281\/281
|move|p2a: Raikou|Substitute|p2a: Raikou
|-start|p2a: Raikou|Substitute
|-damage|p2a: Raikou|142\/322
|
|-heal|p2a: Raikou|162\/322|[from] item: Leftovers
|turn|13
|
|-activate|p2a: Raikou|Substitute|ability: Intimidate|[of] p1a: Zero
|detailschange|p1a: Zero|Manectric-Mega, M, shiny
|message|Manectric has Mega Evolved into Mega Manectric!
|move|p2a: Raikou|Calm Mind|p2a: Raikou
|-boost|p2a: Raikou|spa|1
|-boost|p2a: Raikou|spd|1
|move|p1a: Zero|Thunderbolt|p2a: Raikou
|-resisted|p2a: Raikou
|-activate|p2a: Raikou|Substitute|[damage]
|
|-heal|p2a: Raikou|182\/322|[from] item: Leftovers
|turn|14
|
|move|p1a: Zero|Volt Switch|p2a: Raikou
|-resisted|p2a: Raikou
|-activate|p2a: Raikou|Substitute|[damage]
|
|switch|p1a: Wash a scrub|Rotom-Wash|31\/304
|move|p2a: Raikou|Thunderbolt|p1a: Wash a scrub
|-damage|p1a: Wash a scrub|0 fnt
|faint|p1a: Wash a scrub
|
|-heal|p2a: Raikou|202\/322|[from] item: Leftovers
|
|switch|p1a: Zero|Manectric-Mega, M, shiny|281\/281
|-activate|p2a: Raikou|Substitute|ability: Intimidate|[of] p1a: Zero
|turn|15
|
|move|p1a: Zero|Volt Switch|p2a: Raikou
|-resisted|p2a: Raikou
|-end|p2a: Raikou|Substitute
|
|switch|p1a: SeÃ±or Waddles|Empoleon, M|372\/372 slp
|move|p2a: Raikou|Substitute|p2a: Raikou
|-start|p2a: Raikou|Substitute
|-damage|p2a: Raikou|122\/322
|
|-heal|p2a: Raikou|142\/322|[from] item: Leftovers
|turn|16
|chat|taposek|gg mate
|
|move|p2a: Raikou|Thunderbolt|p1a: SeÃ±or Waddles
|-supereffective|p1a: SeÃ±or Waddles
|-damage|p1a: SeÃ±or Waddles|0 fnt
|faint|p1a: SeÃ±or Waddles
|
|-heal|p2a: Raikou|162\/322|[from] item: Leftovers
|chat|Curious Shaymin|gg
|-message|Curious Shaymin forfeited.
|
|win|taposek
|raw|Ladder updating...
|leave|Curious Shaymin
|player|p1
|raw|Curious Shaymin's rating: 1667 &rarr; <strong>1644<\/strong><br \/>(-23 for losing)
|raw|taposek's rating: 1610 &rarr; <strong>1633<\/strong><br \/>(+23 for winning)