|join|taposek
|join|nataco
|player|p1|taposek|101
|player|p2|nataco|293
|gametype|singles
|gen|6
|tier|OU
|rated
|clearpoke
|poke|p1|Arcanine, M
|poke|p1|Gengar, M
|poke|p1|Togekiss, F
|poke|p1|Raikou
|poke|p1|Lucario, M
|poke|p1|Greninja, F
|poke|p2|Manectric, M, shiny
|poke|p2|Landorus-Therian, M, shiny
|poke|p2|Charizard, F
|poke|p2|Greninja, M, shiny
|poke|p2|Ferrothorn, F
|poke|p2|Excadrill, M
|rule|Swagger Clause: Swagger is banned
|rule|Baton Pass Clause: Limit one PokÃ©mon knowing Baton Pass
|rule|Sleep Clause Mod: Limit one foe put to sleep
|rule|Species Clause: Limit one of each PokÃ©mon
|rule|OHKO Clause: OHKO moves are banned
|rule|Moody Clause: Moody is banned
|rule|Evasion Moves Clause: Evasion moves are banned
|rule|Endless Battle Clause: Forcing endless battles is banned
|rule|HP Percentage Mod: HP is shown in percentages
|teampreview
|
|start
|switch|p1a: Gengar|Gengar, M|262\/262
|switch|p2a: Landorus-Therian|Landorus-Therian, M, shiny|319\/319
|-ability|p2a: Landorus-Therian|Intimidate|[of] p1a: Gengar
|-unboost|p1a: Gengar|atk|1
|turn|1
|
|move|p2a: Landorus-Therian|U-turn|p1a: Gengar
|-resisted|p1a: Gengar
|-damage|p1a: Gengar|228\/262
|
|switch|p2a: Ferrothorn|Ferrothorn, F|352\/352
|move|p1a: Gengar|Hypnosis|p2a: Ferrothorn|[miss]
|-miss|p1a: Gengar|p2a: Ferrothorn
|
|turn|2
|
|move|p2a: Ferrothorn|Protect|p2a: Ferrothorn
|-singleturn|p2a: Ferrothorn|Protect
|move|p1a: Gengar|Hypnosis|p2a: Ferrothorn
|-activate|p2a: Ferrothorn|Protect
|
|turn|3
|
|move|p1a: Gengar|Hypnosis|p2a: Ferrothorn
|-status|p2a: Ferrothorn|slp
|cant|p2a: Ferrothorn|slp
|
|turn|4
|
|move|p1a: Gengar|Focus Blast|p2a: Ferrothorn
|-supereffective|p2a: Ferrothorn
|-damage|p2a: Ferrothorn|96\/352 slp
|cant|p2a: Ferrothorn|slp
|
|turn|5
|
|switch|p2a: Charizard|Charizard, F|333\/333
|move|p1a: Gengar|Shadow Ball|p2a: Charizard
|-damage|p2a: Charizard|170\/333
|
|turn|6
|
|detailschange|p2a: Charizard|Charizard-Mega-X, F
|message|Charizard has Mega Evolved into Mega Charizard!
|move|p1a: Gengar|Shadow Ball|p2a: Charizard
|-damage|p2a: Charizard|0 fnt
|faint|p2a: Charizard
|
|
|switch|p2a: Greninja|Greninja, M, shiny|285\/285
|turn|7
|
|switch|p1a: Greninja|Greninja, F|286\/286
|move|p2a: Greninja|Extrasensory|p1a: Greninja
|-start|p2a: Greninja|typechange|Psychic|[from] Protean
|-immune|p1a: Greninja|[msg]
|
|turn|8
|
|switch|p2a: Landorus-Therian|Landorus-Therian, M, shiny|319\/319
|-ability|p2a: Landorus-Therian|Intimidate|[of] p1a: Greninja
|-unboost|p1a: Greninja|atk|1
|move|p1a: Greninja|Dark Pulse|p2a: Landorus-Therian
|-start|p1a: Greninja|typechange|Dark|[from] Protean
|-damage|p2a: Landorus-Therian|116\/319
|-damage|p1a: Greninja|258\/286|[from] item: Life Orb
|
|turn|9
|
|switch|p1a: Arcanine|Arcanine, M|322\/322
|-ability|p1a: Arcanine|Intimidate|[of] p2a: Landorus-Therian
|-unboost|p2a: Landorus-Therian|atk|1
|move|p2a: Landorus-Therian|U-turn|p1a: Arcanine
|-resisted|p1a: Arcanine
|-damage|p1a: Arcanine|286\/322
|
|switch|p2a: Excadrill|Excadrill, M|361\/361
|-ability|p2a: Excadrill|Mold Breaker
|
|turn|10
|
|move|p2a: Excadrill|Rock Slide|p1a: Arcanine
|-supereffective|p1a: Arcanine
|-damage|p1a: Arcanine|80\/322
|cant|p1a: Arcanine|flinch
|
|turn|11
|
|move|p2a: Excadrill|Rock Slide|p1a: Arcanine
|-supereffective|p1a: Arcanine
|-damage|p1a: Arcanine|0 fnt
|faint|p1a: Arcanine
|
|
|switch|p1a: Lucario|Lucario, M|281\/281
|turn|12
|
|switch|p2a: Ferrothorn|Ferrothorn, F|96\/352 slp
|move|p1a: Lucario|Swords Dance|p1a: Lucario
|-boost|p1a: Lucario|atk|2
|
|turn|13
|
|move|p1a: Lucario|Swords Dance|p1a: Lucario
|-boost|p1a: Lucario|atk|2
|cant|p2a: Ferrothorn|slp
|
|turn|14
|
|move|p1a: Lucario|Close Combat|p2a: Ferrothorn
|-crit|p2a: Ferrothorn
|-supereffective|p2a: Ferrothorn
|-damage|p2a: Ferrothorn|0 fnt
|-damage|p1a: Lucario|246\/281|[from] ability: Iron Barbs|[of] p2a: Ferrothorn
|-damage|p1a: Lucario|200\/281|[from] item: Rocky Helmet|[of] p2a: Ferrothorn
|-unboost|p1a: Lucario|def|1
|-unboost|p1a: Lucario|spd|1
|faint|p2a: Ferrothorn
|
|
|switch|p2a: Landorus-Therian|Landorus-Therian, M, shiny|116\/319
|-ability|p2a: Landorus-Therian|Intimidate|[of] p1a: Lucario
|-unboost|p1a: Lucario|atk|1
|turn|15
|
|move|p1a: Lucario|Extreme Speed|p2a: Landorus-Therian
|-damage|p2a: Landorus-Therian|0 fnt
|faint|p2a: Landorus-Therian
|
|
|switch|p2a: Excadrill|Excadrill, M|361\/361
|-ability|p2a: Excadrill|Mold Breaker
|turn|16
|
|switch|p1a: Togekiss|Togekiss, F|324\/324
|move|p2a: Excadrill|Earthquake|p1a: Togekiss
|-immune|p1a: Togekiss|[msg]
|
|turn|17
|
|switch|p2a: Manectric|Manectric, M, shiny|281\/281
|switch|p1a: Raikou|Raikou|322\/322
|-ability|p1a: Raikou|Pressure
|
|turn|18
|
|move|p1a: Raikou|Calm Mind|p1a: Raikou
|-boost|p1a: Raikou|spa|1
|-boost|p1a: Raikou|spd|1
|move|p2a: Manectric|Overheat|p1a: Raikou
|-damage|p1a: Raikou|236\/322
|-unboost|p2a: Manectric|spa|2
|
|-heal|p1a: Raikou|256\/322|[from] item: Leftovers
|turn|19
|
|switch|p2a: Excadrill|Excadrill, M|361\/361
|-ability|p2a: Excadrill|Mold Breaker
|move|p1a: Raikou|Substitute|p1a: Raikou
|-start|p1a: Raikou|Substitute
|-damage|p1a: Raikou|176\/322
|
|-heal|p1a: Raikou|196\/322|[from] item: Leftovers
|turn|20
|
|move|p2a: Excadrill|Earthquake|p1a: Raikou
|-supereffective|p1a: Raikou
|-end|p1a: Raikou|Substitute
|move|p1a: Raikou|Hidden Power|p2a: Excadrill
|-damage|p2a: Excadrill|210\/361
|
|-heal|p1a: Raikou|216\/322|[from] item: Leftovers
|turn|21
|
|switch|p2a: Greninja|Greninja, M, shiny|285\/285
|switch|p1a: Togekiss|Togekiss, F|324\/324
|
|turn|22
|
|move|p2a: Greninja|Ice Beam|p1a: Togekiss
|-start|p2a: Greninja|typechange|Ice|[from] Protean
|-supereffective|p1a: Togekiss
|-damage|p1a: Togekiss|20\/324
|-damage|p2a: Greninja|257\/285|[from] item: Life Orb
|move|p1a: Togekiss|Thunder Wave|p2a: Greninja
|-status|p2a: Greninja|par
|
|-heal|p1a: Togekiss|40\/324|[from] item: Leftovers
|turn|23
|
|switch|p2a: Excadrill|Excadrill, M|210\/361
|-ability|p2a: Excadrill|Mold Breaker
|move|p1a: Togekiss|Roost|p1a: Togekiss
|-heal|p1a: Togekiss|202\/324
|
|-heal|p1a: Togekiss|222\/324|[from] item: Leftovers
|turn|24
|
|move|p2a: Excadrill|Rock Slide|p1a: Togekiss
|-miss|p2a: Excadrill|p1a: Togekiss
|move|p1a: Togekiss|Aura Sphere|p2a: Excadrill
|-supereffective|p2a: Excadrill
|-damage|p2a: Excadrill|0 fnt
|faint|p2a: Excadrill
|
|-heal|p1a: Togekiss|242\/324|[from] item: Leftovers
|
|switch|p2a: Manectric|Manectric, M, shiny|281\/281
|turn|25
|
|move|p2a: Manectric|Thunderbolt|p1a: Togekiss
|-supereffective|p1a: Togekiss
|-damage|p1a: Togekiss|6\/324
|move|p1a: Togekiss|Aura Sphere|p2a: Manectric
|-damage|p2a: Manectric|120\/281
|
|-heal|p1a: Togekiss|26\/324|[from] item: Leftovers
|turn|26
|
|move|p2a: Manectric|Hidden Power|p1a: Togekiss
|-supereffective|p1a: Togekiss
|-damage|p1a: Togekiss|0 fnt
|faint|p1a: Togekiss
|
|
|switch|p1a: Raikou|Raikou|216\/322
|-ability|p1a: Raikou|Pressure
|turn|27
|
|move|p1a: Raikou|Calm Mind|p1a: Raikou
|-boost|p1a: Raikou|spa|1
|-boost|p1a: Raikou|spd|1
|move|p2a: Manectric|Hidden Power|p1a: Raikou
|-damage|p1a: Raikou|177\/322
|
|-heal|p1a: Raikou|197\/322|[from] item: Leftovers
|turn|28
|c|âtaposek|gg
|
|move|p1a: Raikou|Substitute|p1a: Raikou
|-start|p1a: Raikou|Substitute
|-damage|p1a: Raikou|117\/322
|move|p2a: Manectric|Overheat|p1a: Raikou
|-end|p1a: Raikou|Substitute
|-unboost|p2a: Manectric|spa|2
|
|-heal|p1a: Raikou|137\/322|[from] item: Leftovers
|turn|29
|
|switch|p2a: Greninja|Greninja, M, shiny|257\/285 par
|move|p1a: Raikou|Substitute|p1a: Raikou
|-start|p1a: Raikou|Substitute
|-damage|p1a: Raikou|57\/322
|
|-heal|p1a: Raikou|77\/322|[from] item: Leftovers
|turn|30
|
|switch|p2a: Manectric|Manectric, M, shiny|120\/281
|move|p1a: Raikou|Thunderbolt|p2a: Manectric
|-boost|p2a: Manectric|spa|1|[from] ability: Lightning Rod
|
|-heal|p1a: Raikou|97\/322|[from] item: Leftovers
|turn|31
|
|move|p1a: Raikou|Hidden Power|p2a: Manectric
|-damage|p2a: Manectric|0 fnt
|faint|p2a: Manectric
|
|-heal|p1a: Raikou|117\/322|[from] item: Leftovers
|
|switch|p2a: Greninja|Greninja, M, shiny|257\/285 par
|turn|32
|-message|nataco forfeited.
|
|win|taposek
|raw|Ladder updating...
|leave|nataco
|player|p2