|join|yutmuffin
|join|TNTyler
|player|p1|yutmuffin|101
|player|p2|TNTyler|168
|gametype|singles
|gen|6
|tier|ORAS OU
|rated
|rule|Sleep Clause Mod: Limit one foe put to sleep
|rule|Species Clause: Limit one of each PokÃ©mon
|rule|OHKO Clause: OHKO moves are banned
|rule|Moody Clause: Moody is banned
|rule|Evasion Moves Clause: Evasion moves are banned
|rule|Endless Battle Clause: Forcing endless battles is banned
|rule|HP Percentage Mod: HP is shown in percentages
|clearpoke
|poke|p1|Gallade, M
|poke|p1|Clefable, M
|poke|p1|Bisharp, F
|poke|p1|Skarmory, F
|poke|p1|Heatran, M
|poke|p1|Celebi
|poke|p2|Glalie, F
|poke|p2|Rotom-Wash
|poke|p2|Celebi
|poke|p2|Excadrill, F
|poke|p2|Mamoswine, M
|poke|p2|Clefable, F
|rule|Swagger Clause: Swagger is banned
|rule|Baton Pass Clause: Limit one PokÃ©mon knowing Baton Pass
|teampreview
|
|start
|switch|p1a: Celebi|Celebi|404\/404
|switch|p2a: Rotom-Wash|Rotom-Wash|303\/303
|turn|1
|
|move|p1a: Celebi|Baton Pass|p1a: Celebi
|
|switch|p1a: Heatran|Heatran, M|386\/386
|move|p2a: Rotom-Wash|Volt Switch|p1a: Heatran
|-damage|p1a: Heatran|296\/386
|
|switch|p2a: Mamoswine|Mamoswine, M|362\/362
|
|-heal|p1a: Heatran|320\/386|[from] item: Leftovers
|turn|2
|
|switch|p1a: Skarmory|Skarmory, F|334\/334
|move|p2a: Mamoswine|Stealth Rock|p1a: Skarmory
|-sidestart|p1: yutmuffin|move: Stealth Rock
|
|turn|3
|
|switch|p2a: Rotom-Wash|Rotom-Wash|303\/303
|move|p1a: Skarmory|Defog|p2a: Rotom-Wash
|-unboost|p2a: Rotom-Wash|evasion|1
|-sideend|p1: yutmuffin|Stealth Rock|[from] move: Defog|[of] p1a: Skarmory
|
|turn|4
|
|move|p2a: Rotom-Wash|Volt Switch|p1a: Skarmory
|-supereffective|p1a: Skarmory
|-damage|p1a: Skarmory|104\/334
|
|switch|p2a: Clefable|Clefable, F|394\/394
|move|p1a: Skarmory|Spikes|p2a: Clefable
|-sidestart|p2: TNTyler|Spikes
|
|turn|5
|
|switch|p1a: Heatran|Heatran, M|320\/386
|move|p2a: Clefable|Flamethrower|p1a: Heatran
|-start|p1a: Heatran|ability: Flash Fire
|
|-heal|p1a: Heatran|344\/386|[from] item: Leftovers
|turn|6
|
|switch|p2a: Rotom-Wash|Rotom-Wash|303\/303
|move|p1a: Heatran|Lava Plume|p2a: Rotom-Wash
|-resisted|p2a: Rotom-Wash
|-damage|p2a: Rotom-Wash|199\/303
|
|-heal|p2a: Rotom-Wash|217\/303|[from] item: Leftovers
|-heal|p1a: Heatran|368\/386|[from] item: Leftovers
|turn|7
|
|move|p2a: Rotom-Wash|Hydro Pump|p1a: Heatran
|-supereffective|p1a: Heatran
|-damage|p1a: Heatran|114\/386
|move|p1a: Heatran|Stealth Rock|p2a: Rotom-Wash
|-sidestart|p2: TNTyler|move: Stealth Rock
|
|-heal|p2a: Rotom-Wash|235\/303|[from] item: Leftovers
|-heal|p1a: Heatran|138\/386|[from] item: Leftovers
|turn|8
|
|switch|p1a: Gallade|Gallade, M|277\/277
|move|p2a: Rotom-Wash|Hydro Pump|p1a: Gallade|[miss]
|-miss|p2a: Rotom-Wash|p1a: Gallade
|
|-heal|p2a: Rotom-Wash|253\/303|[from] item: Leftovers
|turn|9
|
|switch|p1a: Celebi|Celebi|404\/404
|move|p2a: Rotom-Wash|Volt Switch|p1a: Celebi
|-resisted|p1a: Celebi
|-damage|p1a: Celebi|372\/404
|
|switch|p2a: Excadrill|Excadrill, F|361\/361
|-damage|p2a: Excadrill|350\/361|[from] Stealth Rock
|-damage|p2a: Excadrill|305\/361|[from] Spikes
|-ability|p2a: Excadrill|Mold Breaker
|
|-heal|p1a: Celebi|397\/404|[from] item: Leftovers
|turn|10
|
|move|p2a: Excadrill|Rapid Spin|p1a: Celebi
|-damage|p1a: Celebi|373\/404
|-sideend|p2: TNTyler|Spikes|[from] move: Rapid Spin|[of] p2a: Excadrill
|-sideend|p2: TNTyler|Stealth Rock|[from] move: Rapid Spin|[of] p2a: Excadrill
|move|p1a: Celebi|Earth Power|p2a: Excadrill
|-crit|p2a: Excadrill
|-supereffective|p2a: Excadrill
|-damage|p2a: Excadrill|13\/361
|
|-heal|p1a: Celebi|398\/404|[from] item: Leftovers
|turn|11
|
|switch|p2a: Rotom-Wash|Rotom-Wash|253\/303
|move|p1a: Celebi|Baton Pass|p1a: Celebi
|
|switch|p1a: Gallade|Gallade, M|277\/277
|
|-heal|p2a: Rotom-Wash|271\/303|[from] item: Leftovers
|turn|12
|
|detailschange|p1a: Gallade|Gallade-Mega, M
|message|Gallade has Mega Evolved into Mega Gallade!
|move|p1a: Gallade|Swords Dance|p1a: Gallade
|-boost|p1a: Gallade|atk|2
|move|p2a: Rotom-Wash|Hydro Pump|p1a: Gallade
|-damage|p1a: Gallade|157\/277
|
|-heal|p2a: Rotom-Wash|289\/303|[from] item: Leftovers
|turn|13
|
|move|p1a: Gallade|Drain Punch|p2a: Rotom-Wash
|-damage|p2a: Rotom-Wash|78\/303
|-heal|p1a: Gallade|263\/277|[from] drain|[of] p2a: Rotom-Wash
|move|p2a: Rotom-Wash|Hydro Pump|p1a: Gallade|[miss]
|-miss|p2a: Rotom-Wash|p1a: Gallade
|
|-heal|p2a: Rotom-Wash|96\/303|[from] item: Leftovers
|turn|14
|
|move|p1a: Gallade|Poison Jab|p2a: Rotom-Wash
|-damage|p2a: Rotom-Wash|0 fnt
|faint|p2a: Rotom-Wash
|
|
|switch|p2a: Mamoswine|Mamoswine, M|362\/362
|turn|15
|
|move|p1a: Gallade|Drain Punch|p2a: Mamoswine
|-supereffective|p2a: Mamoswine
|-enditem|p2a: Mamoswine|Focus Sash
|-damage|p2a: Mamoswine|1\/362
|-heal|p1a: Gallade|277\/277|[from] drain|[of] p2a: Mamoswine
|move|p2a: Mamoswine|Endeavor|p1a: Gallade
|-damage|p1a: Gallade|1\/277
|
|turn|16
|
|switch|p1a: Skarmory|Skarmory, F|104\/334
|move|p2a: Mamoswine|Ice Shard|p1a: Skarmory
|-damage|p1a: Skarmory|65\/334
|
|turn|17
|
|move|p2a: Mamoswine|Stealth Rock|p1a: Skarmory
|-sidestart|p1: yutmuffin|move: Stealth Rock
|move|p1a: Skarmory|Roost|p1a: Skarmory
|-heal|p1a: Skarmory|232\/334
|
|turn|18
|
|switch|p2a: Glalie|Glalie, F|301\/301
|move|p1a: Skarmory|Defog|p2a: Glalie
|-unboost|p2a: Glalie|evasion|1
|-sideend|p1: yutmuffin|Stealth Rock|[from] move: Defog|[of] p1a: Skarmory
|
|turn|19
|
|detailschange|p2a: Glalie|Glalie-Mega, F
|message|Glalie has Mega Evolved into Mega Glalie!
|move|p2a: Glalie|Return|p1a: Skarmory
|-damage|p1a: Skarmory|105\/334
|move|p1a: Skarmory|Whirlwind|p2a: Glalie
|drag|p2a: Celebi|Celebi|403\/403
|
|turn|20
|
|move|p2a: Celebi|Psychic|p1a: Skarmory
|-resisted|p1a: Skarmory
|-damage|p1a: Skarmory|33\/334
|move|p1a: Skarmory|Roost|p1a: Skarmory
|-heal|p1a: Skarmory|200\/334
|
|turn|21
|
|move|p2a: Celebi|Perish Song|p2a: Celebi
|-fieldactivate|move: Perish Song
|move|p1a: Skarmory|Spikes|p2a: Celebi
|-sidestart|p2: TNTyler|Spikes
|
|-start|p2a: Celebi|perish3
|-start|p1a: Skarmory|perish3
|turn|22
|
|switch|p1a: Heatran|Heatran, M|138\/386
|move|p2a: Celebi|U-turn|p1a: Heatran
|-resisted|p1a: Heatran
|-damage|p1a: Heatran|127\/386
|
|switch|p2a: Glalie|Glalie-Mega, F|301\/301
|-damage|p2a: Glalie|264\/301|[from] Spikes
|
|-heal|p1a: Heatran|151\/386|[from] item: Leftovers
|turn|23
|
|switch|p1a: Skarmory|Skarmory, F|200\/334
|move|p2a: Glalie|Earthquake|p1a: Skarmory
|-immune|p1a: Skarmory|[msg]
|
|turn|24
|
|move|p2a: Glalie|Return|p1a: Skarmory
|-damage|p1a: Skarmory|65\/334
|move|p1a: Skarmory|Spikes|p2a: Glalie
|-sidestart|p2: TNTyler|Spikes
|
|turn|25
|
|move|p2a: Glalie|Return|p1a: Skarmory
|-damage|p1a: Skarmory|0 fnt
|faint|p1a: Skarmory
|
|
|switch|p1a: Bisharp|Bisharp, F|271\/271
|turn|26
|
|move|p2a: Glalie|Earthquake|p1a: Bisharp
|-crit|p1a: Bisharp
|-supereffective|p1a: Bisharp
|-damage|p1a: Bisharp|0 fnt
|faint|p1a: Bisharp
|
|
|switch|p1a: Clefable|Clefable, M|394\/394
|turn|27
|
|move|p2a: Glalie|Return|p1a: Clefable
|-damage|p1a: Clefable|196\/394
|move|p1a: Clefable|Moonblast|p2a: Glalie
|-damage|p2a: Glalie|141\/301
|
|-heal|p1a: Clefable|220\/394|[from] item: Leftovers
|turn|28
|
|move|p2a: Glalie|Return|p1a: Clefable
|-damage|p1a: Clefable|30\/394
|move|p1a: Clefable|Moonblast|p2a: Glalie
|-damage|p2a: Glalie|20\/301
|-unboost|p2a: Glalie|spa|1
|
|-heal|p1a: Clefable|54\/394|[from] item: Leftovers
|turn|29
|
|move|p2a: Glalie|Return|p1a: Clefable
|-crit|p1a: Clefable
|-damage|p1a: Clefable|0 fnt
|faint|p1a: Clefable
|
|
|switch|p1a: Heatran|Heatran, M|151\/386
|turn|30
|
|move|p2a: Glalie|Earthquake|p1a: Heatran
|-supereffective|p1a: Heatran
|-damage|p1a: Heatran|0 fnt
|faint|p1a: Heatran
|
|
|switch|p1a: Celebi|Celebi|398\/404
|turn|31
|
|move|p2a: Glalie|Return|p1a: Celebi
|-supereffective|p1a: Celebi
|-damage|p1a: Celebi|0 fnt
|faint|p1a: Celebi
|
|
|switch|p1a: Gallade|Gallade-Mega, M|1\/277
|turn|32
|
|move|p2a: Glalie|Ice Shard|p1a: Gallade
|-damage|p1a: Gallade|0 fnt
|faint|p1a: Gallade
|
|win|TNTyler
|raw|Ladder updating...
|raw|yutmuffin's rating: 1193 &rarr; <strong>1166<\/strong><br \/>(-27 for losing)
|raw|TNTyler's rating: 1161 &rarr; <strong>1188<\/strong><br \/>(+27 for winning)
|leave|yutmuffin
|player|p1