|join|Dillon Hedonist
|join|Sunshine 92
|player|p1|Dillon Hedonist|150
|player|p2|Sunshine 92|264
|gametype|singles
|gen|6
|tier|OU
|rated
|clearpoke
|poke|p1|Mew
|poke|p1|Chesnaught, F, shiny
|poke|p1|Garchomp, F
|poke|p1|Sylveon, F
|poke|p1|Rhyperior, M
|poke|p1|Gyarados, M
|poke|p2|Charizard, F
|poke|p2|Forretress, F
|poke|p2|Scizor, M
|poke|p2|Florges, F
|poke|p2|Porygon2
|poke|p2|Tyranitar, F
|rule|Swagger Clause: Swagger is banned
|rule|Baton Pass Clause: Limit three PokÃ©mon knowing Baton Pass
|rule|Sleep Clause Mod: Limit one foe put to sleep
|rule|Species Clause: Limit one of each PokÃ©mon
|rule|OHKO Clause: OHKO moves are banned
|rule|Moody Clause: Moody is banned
|rule|Evasion Moves Clause: Evasion moves are banned
|rule|Endless Battle Clause: Forcing endless battles is banned
|rule|HP Percentage Mod: HP is reported as percentages
|teampreview
|
|start
|switch|p1a: Mew|Mew|404\/404
|switch|p2a: Forretress|Forretress, F|354\/354
|turn|1
|
|move|p1a: Mew|Taunt|p2a: Forretress
|-start|p2a: Forretress|move: Taunt
|cant|p2a: Forretress|move: Taunt|Stealth Rock
|
|turn|2
|
|switch|p2a: Porygon2|Porygon2|374\/374
|move|p1a: Mew|Will-O-Wisp|p2a: Porygon2|[miss]
|-miss|p1a: Mew|p2a: Porygon2
|
|turn|3
|
|move|p1a: Mew|Taunt|p2a: Porygon2
|-start|p2a: Porygon2|move: Taunt
|cant|p2a: Porygon2|move: Taunt|Toxic
|
|turn|4
|
|switch|p2a: Scizor|Scizor, M|341\/341
|move|p1a: Mew|Will-O-Wisp|p2a: Scizor
|-status|p2a: Scizor|brn
|
|-damage|p2a: Scizor|299\/341 brn|[from] brn
|turn|5
|
|switch|p1a: Chesnaught|Chesnaught, F, shiny|380\/380
|move|p2a: Scizor|U-turn|p1a: Chesnaught
|-damage|p1a: Chesnaught|319\/380
|
|switch|p2a: Florges|Florges, F|360\/360
|
|-heal|p1a: Chesnaught|342\/380|[from] item: Leftovers
|turn|6
|
|switch|p1a: Mew|Mew|404\/404
|move|p2a: Florges|Aromatherapy|p2a: Florges
|-cureteam|p2a: Florges|[from] move: Aromatherapy
|
|turn|7
|
|move|p1a: Mew|Taunt|p2a: Florges
|-start|p2a: Florges|move: Taunt
|move|p2a: Florges|Moonblast|p1a: Mew
|-damage|p1a: Mew|278\/404
|
|-heal|p1a: Mew|303\/404|[from] item: Leftovers
|turn|8
|
|move|p1a: Mew|Will-O-Wisp|p2a: Florges
|-status|p2a: Florges|brn
|move|p2a: Florges|Moonblast|p1a: Mew
|-damage|p1a: Mew|183\/404
|-unboost|p1a: Mew|spa|1
|
|-heal|p1a: Mew|208\/404|[from] item: Leftovers
|-damage|p2a: Florges|315\/360 brn|[from] brn
|turn|9
|
|move|p1a: Mew|Roost|p1a: Mew
|-heal|p1a: Mew|404\/404
|move|p2a: Florges|Moonblast|p1a: Mew
|-damage|p1a: Mew|290\/404
|-unboost|p1a: Mew|spa|1
|
|-heal|p1a: Mew|315\/404|[from] item: Leftovers
|-heal|p2a: Florges|337\/360 brn|[from] item: Leftovers
|-damage|p2a: Florges|292\/360 brn|[from] brn
|-end|p2a: Florges|move: Taunt
|turn|10
|
|switch|p2a: Scizor|Scizor, M|299\/341
|move|p1a: Mew|Taunt|p2a: Scizor
|-start|p2a: Scizor|move: Taunt
|
|-heal|p1a: Mew|340\/404|[from] item: Leftovers
|turn|11
|
|move|p1a: Mew|Will-O-Wisp|p2a: Scizor
|-status|p2a: Scizor|brn
|move|p2a: Scizor|U-turn|p1a: Mew
|-supereffective|p1a: Mew
|-damage|p1a: Mew|178\/404
|
|switch|p2a: Tyranitar|Tyranitar, F|342\/342
|-weather|Sandstorm
|
|-weather|Sandstorm|[upkeep]
|-damage|p1a: Mew|153\/404|[from] sandstorm
|-heal|p1a: Mew|178\/404|[from] item: Leftovers
|turn|12
|
|move|p2a: Tyranitar|Crunch|p1a: Mew
|-supereffective|p1a: Mew
|-damage|p1a: Mew|0 fnt
|faint|p1a: Mew
|
|-weather|Sandstorm|[upkeep]
|
|switch|p1a: Garchomp|Garchomp, F|420\/420
|turn|13
|
|switch|p2a: Forretress|Forretress, F|354\/354
|detailschange|p1a: Garchomp|Garchomp-Mega, F
|message|Garchomp has Mega Evolved into Mega Garchomp!
|move|p1a: Garchomp|Earthquake|p2a: Forretress
|-crit|p2a: Forretress
|-damage|p2a: Forretress|137\/354
|
|-weather|Sandstorm|[upkeep]
|turn|14
|
|move|p1a: Garchomp|Earthquake|p2a: Forretress
|-damage|p2a: Forretress|1\/354
|move|p2a: Forretress|Stealth Rock|p1a: Garchomp
|-sidestart|p1: Dillon Hedonist|move: Stealth Rock
|
|-weather|Sandstorm|[upkeep]
|turn|15
|
|move|p1a: Garchomp|Earthquake|p2a: Forretress
|-damage|p2a: Forretress|0 fnt
|faint|p2a: Forretress
|
|-weather|none
|
|switch|p2a: Porygon2|Porygon2|374\/374
|turn|16
|
|switch|p1a: Sylveon|Sylveon, F|394\/394
|-damage|p1a: Sylveon|345\/394|[from] Stealth Rock
|move|p2a: Porygon2|Ice Beam|p1a: Sylveon
|-damage|p1a: Sylveon|284\/394
|
|-heal|p1a: Sylveon|308\/394|[from] item: Leftovers
|turn|17
|
|switch|p1a: Rhyperior|Rhyperior, M|434\/434
|-damage|p1a: Rhyperior|407\/434|[from] Stealth Rock
|switch|p2a: Florges|Florges, F|292\/360 brn
|
|-heal|p2a: Florges|314\/360 brn|[from] item: Leftovers
|-heal|p1a: Rhyperior|434\/434|[from] item: Leftovers
|-damage|p2a: Florges|269\/360 brn|[from] brn
|turn|18
|
|move|p2a: Florges|Aromatherapy|p2a: Florges
|-cureteam|p2a: Florges|[from] move: Aromatherapy
|move|p1a: Rhyperior|Stealth Rock|p2a: Florges
|-sidestart|p2: Sunshine 92|move: Stealth Rock
|
|-heal|p2a: Florges|291\/360|[from] item: Leftovers
|turn|19
|
|move|p2a: Florges|Moonblast|p1a: Rhyperior
|-damage|p1a: Rhyperior|223\/434
|move|p1a: Rhyperior|Earthquake|p2a: Florges
|-damage|p2a: Florges|68\/360
|
|-heal|p2a: Florges|90\/360|[from] item: Leftovers
|-heal|p1a: Rhyperior|250\/434|[from] item: Leftovers
|turn|20
|
|move|p2a: Florges|Moonblast|p1a: Rhyperior
|-crit|p1a: Rhyperior
|-damage|p1a: Rhyperior|0 fnt
|faint|p1a: Rhyperior
|
|-heal|p2a: Florges|112\/360|[from] item: Leftovers
|
|switch|p1a: Garchomp|Garchomp-Mega, F|420\/420
|-damage|p1a: Garchomp|394\/420|[from] Stealth Rock
|turn|21
|
|move|p1a: Garchomp|Earthquake|p2a: Florges
|-damage|p2a: Florges|0 fnt
|faint|p2a: Florges
|
|
|switch|p2a: Porygon2|Porygon2|374\/374
|-damage|p2a: Porygon2|328\/374|[from] Stealth Rock
|turn|22
|
|switch|p1a: Sylveon|Sylveon, F|308\/394
|-damage|p1a: Sylveon|259\/394|[from] Stealth Rock
|move|p2a: Porygon2|Recover|p2a: Porygon2
|-heal|p2a: Porygon2|374\/374
|
|-heal|p1a: Sylveon|283\/394|[from] item: Leftovers
|turn|23
|
|move|p2a: Porygon2|Toxic|p1a: Sylveon|[miss]
|-miss|p2a: Porygon2|p1a: Sylveon
|move|p1a: Sylveon|Hyper Voice|p2a: Porygon2
|-damage|p2a: Porygon2|289\/374
|
|-heal|p1a: Sylveon|307\/394|[from] item: Leftovers
|turn|24
|
|move|p1a: Sylveon|Hyper Voice|p2a: Porygon2
|-damage|p2a: Porygon2|199\/374
|move|p2a: Porygon2|Toxic|p1a: Sylveon
|-status|p1a: Sylveon|tox
|
|-heal|p1a: Sylveon|331\/394 tox|[from] item: Leftovers
|-damage|p1a: Sylveon|307\/394 tox|[from] psn
|turn|25
|
|move|p1a: Sylveon|Rest|p1a: Sylveon
|-status|p1a: Sylveon|slp
|-heal|p1a: Sylveon|394\/394 slp|[silent]
|-status|p1a: Sylveon|slp|[from] move: Rest
|move|p2a: Porygon2|Recover|p2a: Porygon2
|-heal|p2a: Porygon2|374\/374
|
|turn|26
|
|switch|p2a: Scizor|Scizor, M|299\/341
|-damage|p2a: Scizor|257\/341|[from] Stealth Rock
|cant|p1a: Sylveon|slp
|move|p1a: Sylveon|Sleep Talk|p1a: Sylveon
|move|p1a: Sylveon|Hyper Voice|p2a: Scizor|[from]Sleep Talk
|-crit|p2a: Scizor
|-resisted|p2a: Scizor
|-damage|p2a: Scizor|126\/341
|
|turn|27
|
|switch|p1a: Gyarados|Gyarados, M|394\/394
|-damage|p1a: Gyarados|296\/394|[from] Stealth Rock
|-ability|p1a: Gyarados|Intimidate|[of] p2a: Scizor
|-unboost|p2a: Scizor|atk|1
|move|p2a: Scizor|U-turn|p1a: Gyarados
|-resisted|p1a: Gyarados
|-damage|p1a: Gyarados|211\/394
|
|switch|p2a: Tyranitar|Tyranitar, F|342\/342
|-damage|p2a: Tyranitar|300\/342|[from] Stealth Rock
|-weather|Sandstorm
|
|-weather|Sandstorm|[upkeep]
|-damage|p1a: Gyarados|187\/394|[from] sandstorm
|-heal|p1a: Gyarados|211\/394|[from] item: Leftovers
|turn|28
|
|switch|p1a: Chesnaught|Chesnaught, F, shiny|342\/380
|-damage|p1a: Chesnaught|319\/380|[from] Stealth Rock
|move|p2a: Tyranitar|Stone Edge|p1a: Chesnaught|[miss]
|-miss|p2a: Tyranitar|p1a: Chesnaught
|
|-weather|Sandstorm|[upkeep]
|-damage|p1a: Chesnaught|296\/380|[from] sandstorm
|-heal|p1a: Chesnaught|319\/380|[from] item: Leftovers
|turn|29
|
|switch|p2a: Charizard|Charizard, F|298\/298
|-damage|p2a: Charizard|149\/298|[from] Stealth Rock
|move|p1a: Chesnaught|Spikes|p2a: Charizard
|-sidestart|p2: Sunshine 92|Spikes
|
|-weather|Sandstorm|[upkeep]
|-damage|p2a: Charizard|131\/298|[from] sandstorm
|-damage|p1a: Chesnaught|296\/380|[from] sandstorm
|-heal|p1a: Chesnaught|319\/380|[from] item: Leftovers
|turn|30
|
|detailschange|p2a: Charizard|Charizard-Mega-Y, F
|message|Charizard has Mega Evolved into Mega Charizard!
|-weather|SunnyDay
|move|p2a: Charizard|Flamethrower|p1a: Chesnaught
|-supereffective|p1a: Chesnaught
|-damage|p1a: Chesnaught|0 fnt
|faint|p1a: Chesnaught
|
|-weather|SunnyDay|[upkeep]
|
|switch|p1a: Gyarados|Gyarados, M|211\/394
|-damage|p1a: Gyarados|113\/394|[from] Stealth Rock
|-ability|p1a: Gyarados|Intimidate|[of] p2a: Charizard
|-unboost|p2a: Charizard|atk|1
|turn|31
|
|move|p2a: Charizard|Solar Beam|p1a: Gyarados|[still]
|-prepare|p2a: Charizard|Solar Beam|p1a: Gyarados
|-anim|p2a: Charizard|Solar Beam|p1a: Gyarados
|-damage|p1a: Gyarados|0 fnt
|faint|p1a: Gyarados
|
|-weather|SunnyDay|[upkeep]
|
|switch|p1a: Garchomp|Garchomp-Mega, F|394\/420
|-damage|p1a: Garchomp|368\/420|[from] Stealth Rock
|turn|32
|
|move|p2a: Charizard|Air Slash|p1a: Garchomp
|-damage|p1a: Garchomp|197\/420
|move|p1a: Garchomp|Dragon Tail|p2a: Charizard
|-damage|p2a: Charizard|0 fnt
|faint|p2a: Charizard
|
|-weather|SunnyDay|[upkeep]
|
|switch|p2a: Porygon2|Porygon2|374\/374
|-damage|p2a: Porygon2|328\/374|[from] Stealth Rock
|-damage|p2a: Porygon2|282\/374|[from] Spikes
|turn|33
|
|switch|p1a: Sylveon|Sylveon, F|394\/394 slp
|-damage|p1a: Sylveon|345\/394 slp|[from] Stealth Rock
|move|p2a: Porygon2|Ice Beam|p1a: Sylveon
|-damage|p1a: Sylveon|289\/394 slp
|
|-weather|SunnyDay|[upkeep]
|-heal|p1a: Sylveon|313\/394 slp|[from] item: Leftovers
|turn|34
|
|switch|p2a: Scizor|Scizor, M|126\/341
|-damage|p2a: Scizor|84\/341|[from] Spikes
|-damage|p2a: Scizor|42\/341|[from] Stealth Rock
|cant|p1a: Sylveon|slp
|move|p1a: Sylveon|Sleep Talk|p1a: Sylveon
|move|p1a: Sylveon|Hyper Voice|p2a: Scizor|[from]Sleep Talk
|-resisted|p2a: Scizor
|-damage|p2a: Scizor|0 fnt
|faint|p2a: Scizor
|
|-weather|none
|-heal|p1a: Sylveon|337\/394 slp|[from] item: Leftovers
|
|switch|p2a: Porygon2|Porygon2|282\/374
|-damage|p2a: Porygon2|236\/374|[from] Stealth Rock
|-damage|p2a: Porygon2|190\/374|[from] Spikes
|turn|35
|
|move|p2a: Porygon2|Recover|p2a: Porygon2
|-heal|p2a: Porygon2|374\/374
|-curestatus|p1a: Sylveon|slp
|move|p1a: Sylveon|Hyper Voice|p2a: Porygon2
|-damage|p2a: Porygon2|289\/374
|
|-heal|p1a: Sylveon|361\/394|[from] item: Leftovers
|turn|36
|
|move|p2a: Porygon2|Tri Attack|p1a: Sylveon
|-damage|p1a: Sylveon|301\/394
|move|p1a: Sylveon|Hyper Voice|p2a: Porygon2
|-damage|p2a: Porygon2|205\/374
|
|-heal|p1a: Sylveon|325\/394|[from] item: Leftovers
|turn|37
|
|move|p2a: Porygon2|Tri Attack|p1a: Sylveon
|-damage|p1a: Sylveon|264\/394
|move|p1a: Sylveon|Hyper Voice|p2a: Porygon2
|-damage|p2a: Porygon2|124\/374
|
|-heal|p1a: Sylveon|288\/394|[from] item: Leftovers
|turn|38
|
|move|p2a: Porygon2|Recover|p2a: Porygon2
|-heal|p2a: Porygon2|311\/374
|move|p1a: Sylveon|Hyper Voice|p2a: Porygon2
|-damage|p2a: Porygon2|224\/374
|
|-heal|p1a: Sylveon|312\/394|[from] item: Leftovers
|turn|39
|
|move|p1a: Sylveon|Rest|p1a: Sylveon
|-status|p1a: Sylveon|slp
|-heal|p1a: Sylveon|394\/394 slp|[silent]
|-status|p1a: Sylveon|slp|[from] move: Rest
|move|p2a: Porygon2|Toxic|p1a: Sylveon
|-fail|p1a: Sylveon
|
|turn|40
|
|cant|p1a: Sylveon|slp
|move|p1a: Sylveon|Sleep Talk|p1a: Sylveon
|move|p1a: Sylveon|Heal Bell|p1a: Sylveon|[from]Sleep Talk
|-cureteam|p1a: Sylveon|[from] move: HealBell
|move|p2a: Porygon2|Tri Attack|p1a: Sylveon
|-damage|p1a: Sylveon|322\/394
|
|-heal|p1a: Sylveon|346\/394|[from] item: Leftovers
|turn|41
|
|move|p2a: Porygon2|Toxic|p1a: Sylveon
|-status|p1a: Sylveon|tox
|move|p1a: Sylveon|Rest|p1a: Sylveon
|-status|p1a: Sylveon|slp
|-heal|p1a: Sylveon|394\/394 slp|[silent]
|-status|p1a: Sylveon|slp|[from] move: Rest
|
|turn|42
|
|cant|p1a: Sylveon|slp
|move|p2a: Porygon2|Tri Attack|p1a: Sylveon
|-damage|p1a: Sylveon|313\/394 slp
|
|-heal|p1a: Sylveon|337\/394 slp|[from] item: Leftovers
|turn|43
|
|switch|p2a: Tyranitar|Tyranitar, F|300\/342
|-damage|p2a: Tyranitar|258\/342|[from] Spikes
|-damage|p2a: Tyranitar|216\/342|[from] Stealth Rock
|-weather|Sandstorm
|cant|p1a: Sylveon|slp
|
|-weather|Sandstorm|[upkeep]
|-damage|p1a: Sylveon|313\/394 slp|[from] sandstorm
|-heal|p1a: Sylveon|337\/394 slp|[from] item: Leftovers
|turn|44
|
|move|p2a: Tyranitar|Stone Edge|p1a: Sylveon
|-damage|p1a: Sylveon|72\/394 slp
|-curestatus|p1a: Sylveon|slp
|move|p1a: Sylveon|Rest|p1a: Sylveon
|-status|p1a: Sylveon|slp
|-heal|p1a: Sylveon|394\/394 slp|[silent]
|-status|p1a: Sylveon|slp|[from] move: Rest
|
|-weather|Sandstorm|[upkeep]
|-damage|p1a: Sylveon|370\/394 slp|[from] sandstorm
|-heal|p1a: Sylveon|394\/394 slp|[from] item: Leftovers
|turn|45
|
|switch|p1a: Garchomp|Garchomp-Mega, F|197\/420
|-damage|p1a: Garchomp|171\/420|[from] Stealth Rock
|move|p2a: Tyranitar|Stone Edge|p1a: Garchomp
|-resisted|p1a: Garchomp
|-damage|p1a: Garchomp|111\/420
|
|-weather|Sandstorm|[upkeep]
|turn|46
|
|switch|p2a: Porygon2|Porygon2|224\/374
|-damage|p2a: Porygon2|178\/374|[from] Spikes
|-damage|p2a: Porygon2|132\/374|[from] Stealth Rock
|move|p1a: Garchomp|Rest|p1a: Garchomp
|-status|p1a: Garchomp|slp
|-heal|p1a: Garchomp|420\/420 slp|[silent]
|-status|p1a: Garchomp|slp|[from] move: Rest
|
|-weather|Sandstorm|[upkeep]
|-damage|p2a: Porygon2|109\/374|[from] sandstorm
|turn|47
|
|cant|p1a: Garchomp|slp
|move|p1a: Garchomp|Sleep Talk|p1a: Garchomp
|move|p1a: Garchomp|Earthquake|p2a: Porygon2|[from]Sleep Talk
|-damage|p2a: Porygon2|0 fnt
|faint|p2a: Porygon2
|
|-weather|none
|
|switch|p2a: Tyranitar|Tyranitar, F|216\/342
|-damage|p2a: Tyranitar|174\/342|[from] Spikes
|-damage|p2a: Tyranitar|132\/342|[from] Stealth Rock
|-weather|Sandstorm
|turn|48
|
|move|p2a: Tyranitar|Earthquake|p1a: Garchomp
|-damage|p1a: Garchomp|339\/420 slp
|cant|p1a: Garchomp|slp
|move|p1a: Garchomp|Sleep Talk|p1a: Garchomp
|move|p1a: Garchomp|Rest|p1a: Garchomp|[from]Sleep Talk
|-fail|p1a: Garchomp
|
|-weather|Sandstorm|[upkeep]
|turn|49
|
|move|p2a: Tyranitar|Earthquake|p1a: Garchomp
|-crit|p1a: Garchomp
|-damage|p1a: Garchomp|205\/420 slp
|-curestatus|p1a: Garchomp|slp
|move|p1a: Garchomp|Earthquake|p2a: Tyranitar
|-supereffective|p2a: Tyranitar
|-damage|p2a: Tyranitar|0 fnt
|faint|p2a: Tyranitar
|
|win|Dillon Hedonist
|raw|Ladder updating...
|raw|Dillon Hedonist's rating: 1618 &rarr; <strong>1635<\/strong><br \/>(+17 for winning)
|raw|Sunshine 92's rating: 1561 &rarr; <strong>1545<\/strong><br \/>(-16 for losing)