|join|Sunshine 92
|join|Ybel
|player|p1|Sunshine 92|170
|player|p2|Ybel|92
|gametype|singles
|gen|6
|tier|OU
|clearpoke
|poke|p1|Gardevoir, F
|poke|p1|Latios, M
|poke|p1|Rotom-Wash
|poke|p1|Ferrothorn, M
|poke|p1|Talonflame, M
|poke|p1|Bisharp, M
|poke|p2|Medicham, M, shiny
|poke|p2|Keldeo, shiny
|poke|p2|Latios, M, shiny
|poke|p2|Landorus-Therian, M
|poke|p2|Heatran, F
|poke|p2|Ferrothorn, F
|rule|Swagger Clause: Swagger is banned
|rule|Baton Pass Clause: Limit one PokÃ©mon knowing Baton Pass
|rule|Sleep Clause Mod: Limit one foe put to sleep
|rule|Species Clause: Limit one of each PokÃ©mon
|rule|OHKO Clause: OHKO moves are banned
|rule|Moody Clause: Moody is banned
|rule|Evasion Moves Clause: Evasion moves are banned
|rule|Endless Battle Clause: Forcing endless battles is banned
|rule|HP Percentage Mod: HP is shown in percentages
|teampreview
|c|âSunshine 92|ah ... bon 
|c|âYbel|tu reconnais cette team ?
|c|âYbel|de tÃªte 
|c|âSunshine 92|oui ta SMT n2 sur miversse
|c|âYbel|:]
|
|start
|switch|p1a: Ferrothorn|Ferrothorn, M|352\/352
|switch|p2a: Landorus-Therian|Landorus-Therian, M|354\/354
|-ability|p2a: Landorus-Therian|Intimidate|[of] p1a: Ferrothorn
|-unboost|p1a: Ferrothorn|atk|1
|turn|1
|
|move|p2a: Landorus-Therian|Stone Edge|p1a: Ferrothorn
|-resisted|p1a: Ferrothorn
|-damage|p1a: Ferrothorn|307\/352
|move|p1a: Ferrothorn|Stealth Rock|p2a: Landorus-Therian
|-sidestart|p2: Ybel|move: Stealth Rock
|
|-heal|p1a: Ferrothorn|329\/352|[from] item: Leftovers
|turn|2
|c|âYbel|sad
|c|âYbel|no tios\/talon
|c|âSunshine 92|t a anticipÃ© le talon
|c|âSunshine 92|?
|
|switch|p2a: Keldeo|Keldeo, shiny|323\/323
|-damage|p2a: Keldeo|303\/323|[from] Stealth Rock
|move|p1a: Ferrothorn|Leech Seed|p2a: Keldeo
|-start|p2a: Keldeo|move: Leech Seed
|
|-heal|p1a: Ferrothorn|351\/352|[from] item: Leftovers
|-damage|p2a: Keldeo|263\/323|[from] Leech Seed|[of] p1a: Ferrothorn
|-heal|p1a: Ferrothorn|352\/352|[silent]
|turn|3
|c|âYbel|oui
|c|âSunshine 92|ok
|
|move|p1a: Ferrothorn|Protect|p1a: Ferrothorn
|-singleturn|p1a: Ferrothorn|Protect
|move|p2a: Keldeo|Secret Sword|p1a: Ferrothorn
|-activate|p1a: Ferrothorn|Protect
|
|-damage|p2a: Keldeo|223\/323|[from] Leech Seed|[of] p1a: Ferrothorn
|turn|4
|c|âYbel|t'aurais pu anticiper un switch :(
|
|switch|p1a: Gardevoir|Gardevoir, F|278\/278
|move|p2a: Keldeo|Secret Sword|p1a: Gardevoir
|-resisted|p1a: Gardevoir
|-damage|p1a: Gardevoir|219\/278
|
|-damage|p2a: Keldeo|183\/323|[from] Leech Seed|[of] p1a: Gardevoir
|-heal|p1a: Gardevoir|259\/278|[silent]
|turn|5
|c|âYbel|Ã§a pue le fait que tu connaisses ma team xD
|c|âSunshine 92|ouais XD 
|
|switch|p2a: Heatran|Heatran, F|385\/385
|-damage|p2a: Heatran|337\/385|[from] Stealth Rock
|detailschange|p1a: Gardevoir|Gardevoir-Mega, F
|message|Gardevoir has Mega Evolved into Mega Gardevoir!
|move|p1a: Gardevoir|Hyper Voice|p2a: Heatran
|-resisted|p2a: Heatran
|-damage|p2a: Heatran|294\/385
|
|-heal|p2a: Heatran|318\/385|[from] item: Leftovers
|turn|6
|
|move|p1a: Gardevoir|Taunt|p2a: Heatran
|-start|p2a: Heatran|move: Taunt
|cant|p2a: Heatran|move: Taunt|Roar
|
|-heal|p2a: Heatran|342\/385|[from] item: Leftovers
|turn|7
|c|âYbel|au cas ou tu ai fait Focus blast
|c|âYbel|je voulais Ãªtre sur
|c|âSunshine 92|ok
|
|switch|p2a: Landorus-Therian|Landorus-Therian, M|354\/354
|-damage|p2a: Landorus-Therian|310\/354|[from] Stealth Rock
|-ability|p2a: Landorus-Therian|Intimidate|[of] p1a: Gardevoir
|-unboost|p1a: Gardevoir|atk|1
|move|p1a: Gardevoir|Focus Blast|p2a: Landorus-Therian|[miss]
|-miss|p1a: Gardevoir|p2a: Landorus-Therian
|
|turn|8
|
|switch|p1a: Rotom-Wash|Rotom-Wash|304\/304
|move|p2a: Landorus-Therian|Knock Off|p1a: Rotom-Wash
|-damage|p1a: Rotom-Wash|213\/304
|-enditem|p1a: Rotom-Wash|Chesto Berry|[from] move: Knock Off|[of] p2a: Landorus-Therian
|
|turn|9
|
|switch|p2a: Latios|Latios, M, shiny|302\/302
|-damage|p2a: Latios|265\/302|[from] Stealth Rock
|move|p1a: Rotom-Wash|Volt Switch|p2a: Latios
|-resisted|p2a: Latios
|-damage|p2a: Latios|225\/302
|c|âYbel|:D
|c|âYbel|surprise incomming
|c|âSunshine 92|g b1 anticipÃ©
|
|switch|p1a: Bisharp|Bisharp, M|291\/291
|
|turn|10
|c|âYbel|ouais
|c|âYbel|HUHUHU incomming
|c|âSunshine 92|ouais XD
|c|âYbel|**LE** TIOS SUB POUR COUNTER LES BISHARPS :DD
|
|move|p1a: Bisharp|Sucker Punch|p2a: Latios
|-supereffective|p2a: Latios
|-damage|p2a: Latios|0 fnt
|faint|p2a: Latios
|
|c|âYbel|et ba nan
|c|âSunshine 92|lol XD
|
|switch|p2a: Medicham|Medicham, M, shiny|261\/261
|-damage|p2a: Medicham|245\/261|[from] Stealth Rock
|turn|11
|c|âYbel|j'ai trop cru que Ã§a allait marcher :(
|
|switch|p1a: Talonflame|Talonflame, M|301\/301
|detailschange|p2a: Medicham|Medicham-Mega, M, shiny
|message|Medicham has Mega Evolved into Mega Medicham!
|move|p2a: Medicham|Zen Headbutt|p1a: Talonflame
|-damage|p1a: Talonflame|0 fnt
|faint|p1a: Talonflame
|
|c|âSunshine 92|faux espoir dommage
|c|âYbel|Revenge kill
|c|âSunshine 92|NOOOOOOOOON XD
|
|switch|p1a: Latios|Latios, M|302\/302
|turn|12
|c|âYbel|ce kick
|c|âYbel|il Ã©tait violent
|c|âSunshine 92|ce headbutt pas ce kick XD
|
|switch|p2a: Ferrothorn|Ferrothorn, F|351\/351
|-damage|p2a: Ferrothorn|330\/351|[from] Stealth Rock
|move|p1a: Latios|Draco Meteor|p2a: Ferrothorn
|-resisted|p2a: Ferrothorn
|-damage|p2a: Ferrothorn|209\/351
|-unboost|p1a: Latios|spa|2
|-damage|p1a: Latios|272\/302|[from] item: Life Orb
|
|-heal|p2a: Ferrothorn|230\/351|[from] item: Leftovers
|turn|13
|c|âYbel|ah uÃ©
|c|âSunshine 92|bah uÃ©
|c|âYbel|SR\/leech seeds
|
|switch|p1a: Gardevoir|Gardevoir-Mega, F|259\/278
|move|p2a: Ferrothorn|Leech Seed|p1a: Gardevoir
|-start|p1a: Gardevoir|move: Leech Seed
|
|-heal|p2a: Ferrothorn|251\/351|[from] item: Leftovers
|-damage|p1a: Gardevoir|225\/278|[from] Leech Seed|[of] p2a: Ferrothorn
|-heal|p2a: Ferrothorn|285\/351|[silent]
|turn|14
|c|âYbel|coule
|
|move|p2a: Ferrothorn|Protect|p2a: Ferrothorn
|-singleturn|p2a: Ferrothorn|Protect
|move|p1a: Gardevoir|Focus Blast|p2a: Ferrothorn
|-activate|p2a: Ferrothorn|Protect
|
|-heal|p2a: Ferrothorn|306\/351|[from] item: Leftovers
|-damage|p1a: Gardevoir|191\/278|[from] Leech Seed|[of] p2a: Ferrothorn
|-heal|p2a: Ferrothorn|340\/351|[silent]
|turn|15
|
|move|p1a: Gardevoir|Focus Blast|p2a: Ferrothorn
|-supereffective|p2a: Ferrothorn
|-damage|p2a: Ferrothorn|86\/351
|-unboost|p2a: Ferrothorn|spd|1
|move|p2a: Ferrothorn|Power Whip|p1a: Gardevoir
|-damage|p1a: Gardevoir|16\/278
|
|-heal|p2a: Ferrothorn|107\/351|[from] item: Leftovers
|-damage|p1a: Gardevoir|0 fnt|[from] Leech Seed|[of] p2a: Ferrothorn
|-heal|p2a: Ferrothorn|123\/351|[silent]
|faint|p1a: Gardevoir
|c|âYbel|trÃ¨s la baisse de SpD
|
|switch|p1a: Latios|Latios, M|272\/302
|turn|16
|
|move|p2a: Ferrothorn|Protect|p2a: Ferrothorn
|-singleturn|p2a: Ferrothorn|Protect
|move|p1a: Latios|Hidden Power|p2a: Ferrothorn
|-activate|p2a: Ferrothorn|Protect
|
|-heal|p2a: Ferrothorn|144\/351|[from] item: Leftovers
|turn|17
|
|switch|p2a: Heatran|Heatran, F|342\/385
|-damage|p2a: Heatran|294\/385|[from] Stealth Rock
|move|p1a: Latios|Hidden Power|p2a: Heatran
|-supereffective|p2a: Heatran
|-damage|p2a: Heatran|169\/385
|-damage|p1a: Latios|242\/302|[from] item: Life Orb
|
|-heal|p2a: Heatran|193\/385|[from] item: Leftovers
|turn|18
|
|switch|p1a: Rotom-Wash|Rotom-Wash|213\/304
|move|p2a: Heatran|Lava Plume|p1a: Rotom-Wash
|-resisted|p1a: Rotom-Wash
|-damage|p1a: Rotom-Wash|159\/304
|
|-heal|p2a: Heatran|217\/385|[from] item: Leftovers
|turn|19
|c|âYbel|no burn
|c|âYbel|:((
|
|move|p1a: Rotom-Wash|Hydro Pump|p2a: Heatran
|-supereffective|p2a: Heatran
|-damage|p2a: Heatran|11\/385
|move|p2a: Heatran|Lava Plume|p1a: Rotom-Wash
|-resisted|p1a: Rotom-Wash
|-damage|p1a: Rotom-Wash|102\/304
|-status|p1a: Rotom-Wash|brn
|
|-heal|p2a: Heatran|35\/385|[from] item: Leftovers
|-damage|p1a: Rotom-Wash|64\/304 brn|[from] brn
|turn|20
|c|âYbel|euh
|c|âYbel|ferro
|c|âYbel|..
|c|âYbel|\/\/\/\/
|c|âSunshine 92|doummage
|c|âYbel|tu m'expliqueras le HP ?
|c|âYbel|lÃ  c'Ã©tait pas logique
|c|âYbel|encore tes autres overpreds
|c|âYbel|ok
|c|âYbel|mais Ã§a
|c|âYbel|nope
|
|move|p1a: Rotom-Wash|Hydro Pump|p2a: Heatran
|-supereffective|p2a: Heatran
|-damage|p2a: Heatran|0 fnt
|faint|p2a: Heatran
|
|-damage|p1a: Rotom-Wash|26\/304 brn|[from] brn
|c|âSunshine 92|le hp fighting pr bisharp si il vient sur defog
|c|âYbel|nan pas Ã§a
|c|âSunshine 92|de koi alors ?
|c|âYbel|le **H**ydro **P**ump
|c|âYbel|fail
|c|âYbel|comment Ã§a marche cette merde ? xD
|c|âYbel|bref
|c|âYbel|le Hydro Pump
|
|switch|p2a: Keldeo|Keldeo, shiny|183\/323
|-damage|p2a: Keldeo|163\/323|[from] Stealth Rock
|turn|21
|c|âSunshine 92|qu est ce qu il a le hydro pump XD ?
|c|âYbel|il Ã©tait pas logique
|c|âYbel|normalement j'aurais fait feror
|c|âYbel|ferro
|c|âYbel|donc wow de rotom
|c|âYbel|izi
|c|âYbel|voila pk j'ai laissÃ© tran
|c|âYbel|et tu as hydro pump :((
|c|âSunshine 92|bah non je voulais just infiliger un peu de damage a tran et ok 
|c|âYbel|(moi aussi j'ai hp fighting sur tios pour sharp)
|c|âSunshine 92|ok
|c|âYbel|ba y mais VS\/wow Ã©tait mieux imo
|
|move|p2a: Keldeo|Scald|p1a: Rotom-Wash
|-resisted|p1a: Rotom-Wash
|-damage|p1a: Rotom-Wash|0 fnt
|faint|p1a: Rotom-Wash
|
|
|switch|p1a: Latios|Latios, M|242\/302
|turn|22
|
|switch|p2a: Ferrothorn|Ferrothorn, F|144\/351
|-damage|p2a: Ferrothorn|123\/351|[from] Stealth Rock
|move|p1a: Latios|Psyshock|p2a: Ferrothorn
|-resisted|p2a: Ferrothorn
|-damage|p2a: Ferrothorn|65\/351
|-damage|p1a: Latios|212\/302|[from] item: Life Orb
|
|-heal|p2a: Ferrothorn|86\/351|[from] item: Leftovers
|turn|23
|
|move|p2a: Ferrothorn|Protect|p2a: Ferrothorn
|-singleturn|p2a: Ferrothorn|Protect
|move|p1a: Latios|Hidden Power|p2a: Ferrothorn
|-activate|p2a: Ferrothorn|Protect
|
|-heal|p2a: Ferrothorn|107\/351|[from] item: Leftovers
|turn|24
|
|move|p1a: Latios|Hidden Power|p2a: Ferrothorn
|-supereffective|p2a: Ferrothorn
|-damage|p2a: Ferrothorn|0 fnt
|-damage|p1a: Latios|182\/302|[from] item: Life Orb
|faint|p2a: Ferrothorn
|
|
|switch|p2a: Landorus-Therian|Landorus-Therian, M|310\/354
|-damage|p2a: Landorus-Therian|266\/354|[from] Stealth Rock
|-ability|p2a: Landorus-Therian|Intimidate|[of] p1a: Latios
|-unboost|p1a: Latios|atk|1
|turn|25
|
|switch|p1a: Ferrothorn|Ferrothorn, M|352\/352
|move|p2a: Landorus-Therian|Earthquake|p1a: Ferrothorn
|-damage|p1a: Ferrothorn|223\/352
|
|-heal|p1a: Ferrothorn|245\/352|[from] item: Leftovers
|turn|26
|
|switch|p2a: Medicham|Medicham-Mega, M, shiny|245\/261
|-damage|p2a: Medicham|229\/261|[from] Stealth Rock
|move|p1a: Ferrothorn|Leech Seed|p2a: Medicham
|-start|p2a: Medicham|move: Leech Seed
|
|-heal|p1a: Ferrothorn|267\/352|[from] item: Leftovers
|-damage|p2a: Medicham|197\/261|[from] Leech Seed|[of] p1a: Ferrothorn
|-heal|p1a: Ferrothorn|299\/352|[silent]
|turn|27
|
|move|p1a: Ferrothorn|Protect|p1a: Ferrothorn
|-singleturn|p1a: Ferrothorn|Protect
|move|p2a: Medicham|Ice Punch|p1a: Ferrothorn
|-activate|p1a: Ferrothorn|Protect
|
|-heal|p1a: Ferrothorn|321\/352|[from] item: Leftovers
|-damage|p2a: Medicham|165\/261|[from] Leech Seed|[of] p1a: Ferrothorn
|-heal|p1a: Ferrothorn|352\/352|[silent]
|turn|28
|
|switch|p1a: Latios|Latios, M|182\/302
|move|p2a: Medicham|High Jump Kick|p1a: Latios
|-resisted|p1a: Latios
|-damage|p1a: Latios|0 fnt
|faint|p1a: Latios
|
|c|âYbel|Ã©wÃ©
|c|âYbel|geygey medi
|c|âSunshine 92|LOOOOOL
|
|switch|p1a: Bisharp|Bisharp, M|291\/291
|turn|29
|
|move|p1a: Bisharp|Sucker Punch|p2a: Medicham
|-damage|p2a: Medicham|0 fnt
|faint|p2a: Medicham
|
|
|switch|p2a: Keldeo|Keldeo, shiny|163\/323
|-damage|p2a: Keldeo|143\/323|[from] Stealth Rock
|turn|30
|
|switch|p1a: Ferrothorn|Ferrothorn, M|352\/352
|move|p2a: Keldeo|Secret Sword|p1a: Ferrothorn
|-supereffective|p1a: Ferrothorn
|-damage|p1a: Ferrothorn|118\/352
|
|-heal|p1a: Ferrothorn|140\/352|[from] item: Leftovers
|turn|31
|
|move|p1a: Ferrothorn|Protect|p1a: Ferrothorn
|-singleturn|p1a: Ferrothorn|Protect
|move|p2a: Keldeo|Secret Sword|p1a: Ferrothorn
|-activate|p1a: Ferrothorn|Protect
|
|-heal|p1a: Ferrothorn|162\/352|[from] item: Leftovers
|turn|32
|c|âSunshine 92|niiiiiiiion fu** medicham
|
|move|p2a: Keldeo|Secret Sword|p1a: Ferrothorn
|-supereffective|p1a: Ferrothorn
|-damage|p1a: Ferrothorn|0 fnt
|faint|p1a: Ferrothorn
|
|
|switch|p1a: Bisharp|Bisharp, M|291\/291
|turn|33
|c|âSunshine 92|CRITICHAL HIT PLS
|c|âYbel|si tu crit
|
|move|p1a: Bisharp|Sucker Punch|p2a: Keldeo
|-resisted|p2a: Keldeo
|-damage|p2a: Keldeo|39\/323
|-boost|p2a: Keldeo|atk|1|[from] ability: Justified
|move|p2a: Keldeo|Secret Sword|p1a: Bisharp
|-supereffective|p1a: Bisharp
|-damage|p1a: Bisharp|0 fnt
|faint|p1a: Bisharp
|
|win|Ybel
|c|âYbel|je viens chez toi je te tue
|c|âYbel|Oooooo
|c|âYbel|lel
|c|âYbel|gg
|c|âSunshine 92|GG ... bon 
|c|âYbel|enfait
|c|âYbel|nos matchs, ils se jouent tous aux preds qu'on fait xD
|c|âSunshine 92|j avoues XD
|c|âYbel|on build ensemble ?
|c|âSunshine 92|on build une koi ? une ou uu , ou offense ?
|c|âYbel|Ou imo
|c|âYbel|je build bcp mieux en OU
|c|âYbel|Balanced ou offense ?
|c|âYbel|ou Hyper Offense ?
|c|âSunshine 92|go faire une offense
|c|âYbel|ok
|c|âYbel|indigo.psim.us
|join|Roi Pika
|c| Roi Pika|ender vs sunshine
|c|âYbel|ouep
|leave|Roi Pika