|join|Sunshine 92
|join|thomasam
|player|p1|Sunshine 92|102
|player|p2|thomasam|247
|gametype|singles
|gen|6
|tier|OU
|rated
|clearpoke
|poke|p1|Scizor, M, shiny
|poke|p1|Florges, F, shiny
|poke|p1|Tyranitar, M, shiny
|poke|p1|Porygon2, shiny
|poke|p1|Charizard, M, shiny
|poke|p1|Forretress, M, shiny
|poke|p2|Milotic, M
|poke|p2|Houndoom, M
|poke|p2|Whimsicott, F
|poke|p2|Mienshao, F
|poke|p2|Hippowdon, M
|poke|p2|Crobat, M
|rule|Sleep Clause Mod: Limit one foe put to sleep
|rule|Species Clause: Limit one of each Pokemon
|rule|OHKO Clause: OHKO moves are banned
|rule|Moody Clause: Moody is banned
|rule|Evasion Moves Clause: Evasion moves are banned
|rule|Endless Battle Clause: Forcing endless battles is banned.
|rule|HP Percentage Mod: HP is reported as percentages
|teampreview
|
|start
|switch|p1a: Forretress|Forretress, M, shiny|354\/354
|switch|p2a: Hippowdon|Hippowdon, M|407\/407
|-weather|Sandstorm
|turn|1
|
|move|p2a: Hippowdon|Stealth Rock|p1a: Forretress
|-sidestart|p1: Sunshine 92|move: Stealth Rock
|move|p1a: Forretress|Stealth Rock|p2a: Hippowdon
|-sidestart|p2: thomasam|move: Stealth Rock
|
|-weather|Sandstorm|[upkeep]
|turn|2
|
|move|p2a: Hippowdon|Earthquake|p1a: Forretress
|-damage|p1a: Forretress|273\/354
|move|p1a: Forretress|Rapid Spin|p2a: Hippowdon
|-crit|p2a: Hippowdon
|-damage|p2a: Hippowdon|391\/407
|-sideend|p1: Sunshine 92|Stealth Rock|[from] move: Rapid Spin|[of] p1a: Forretress
|
|-weather|Sandstorm|[upkeep]
|-heal|p2a: Hippowdon|407\/407|[from] item: Leftovers
|turn|3
|
|switch|p1a: Charizard|Charizard, M, shiny|298\/298
|move|p2a: Hippowdon|Roar|p1a: Charizard
|drag|p1a: Forretress|Forretress, M, shiny|273\/354
|
|-weather|Sandstorm|[upkeep]
|turn|4
|
|move|p2a: Hippowdon|Ice Fang|p1a: Forretress
|-resisted|p1a: Forretress
|-damage|p1a: Forretress|255\/354
|-damage|p2a: Hippowdon|340\/407|[from] item: Rocky Helmet|[of] p1a: Forretress
|move|p1a: Forretress|Spikes|p2a: Hippowdon
|-sidestart|p2: thomasam|Spikes
|
|-weather|Sandstorm|[upkeep]
|-heal|p2a: Hippowdon|365\/407|[from] item: Leftovers
|turn|5
|
|move|p1a: Forretress|Spikes|p2a: Hippowdon
|-sidestart|p2: thomasam|Spikes
|move|p2a: Hippowdon|Roar|p1a: Forretress
|drag|p1a: Scizor|Scizor, M, shiny|344\/344
|
|-weather|none
|-heal|p2a: Hippowdon|390\/407|[from] item: Leftovers
|turn|6
|
|switch|p1a: Charizard|Charizard, M, shiny|298\/298
|move|p2a: Hippowdon|Stealth Rock|p1a: Charizard
|-sidestart|p1: Sunshine 92|move: Stealth Rock
|
|-heal|p2a: Hippowdon|407\/407|[from] item: Leftovers
|turn|7
|
|detailschange|p1a: Charizard|Charizard-Mega-Y, M, shiny
|message|Charizard has Mega Evolved into Mega Charizard!
|-weather|SunnyDay
|move|p1a: Charizard|Solar Beam|p2a: Hippowdon|[still]
|-prepare|p1a: Charizard|Solar Beam|p2a: Hippowdon
|-anim|p1a: Charizard|Solar Beam|p2a: Hippowdon
|-supereffective|p2a: Hippowdon
|-damage|p2a: Hippowdon|0 fnt
|faint|p2a: Hippowdon
|
|-weather|SunnyDay|[upkeep]
|
|switch|p2a: Milotic|Milotic, M|394\/394
|-damage|p2a: Milotic|329\/394|[from] Spikes
|-damage|p2a: Milotic|280\/394|[from] Stealth Rock
|turn|8
|
|move|p1a: Charizard|Solar Beam|p2a: Milotic|[still]
|-prepare|p1a: Charizard|Solar Beam|p2a: Milotic
|-anim|p1a: Charizard|Solar Beam|p2a: Milotic
|-supereffective|p2a: Milotic
|-damage|p2a: Milotic|50\/394
|move|p2a: Milotic|Scald|p1a: Charizard
|-supereffective|p1a: Charizard
|-damage|p1a: Charizard|200\/298
|
|-weather|SunnyDay|[upkeep]
|-heal|p2a: Milotic|74\/394|[from] item: Leftovers
|turn|9
|-message|thomasam forfeited.
|
|win|Sunshine 92
|raw|Ladder updating...
|raw|Sunshine 92's rating: 1000 &rarr; <strong>1045<\/strong><br \/>(+45 for winning)
|raw|thomasam's rating: 1044 &rarr; <strong>1025<\/strong><br \/>(-19 for losing)