|join|Muscleman0103
|join|kianann
|player|p1|Muscleman0103|170
|player|p2|kianann|2
|gametype|singles
|gen|6
|tier|OU
|rated
|clearpoke
|poke|p1|Serperior, F, shiny
|poke|p1|Landorus-Therian, M
|poke|p1|Honchkrow, F
|poke|p1|Starmie
|poke|p1|Heracross, F
|poke|p1|Rotom-Heat
|poke|p2|Chansey, F
|poke|p2|Landorus-Therian, M
|poke|p2|Sableye, M
|poke|p2|Skarmory, M
|poke|p2|Heatran, F
|poke|p2|Sylveon, F
|rule|Swagger Clause: Swagger is banned
|rule|Baton Pass Clause: Limit one PokÃ©mon knowing Baton Pass
|rule|Sleep Clause Mod: Limit one foe put to sleep
|rule|Species Clause: Limit one of each PokÃ©mon
|rule|OHKO Clause: OHKO moves are banned
|rule|Moody Clause: Moody is banned
|rule|Evasion Moves Clause: Evasion moves are banned
|rule|Endless Battle Clause: Forcing endless battles is banned
|rule|HP Percentage Mod: HP is shown in percentages
|teampreview
|
|start
|switch|p1a: Landorus-Therian|Landorus-Therian, M|319\/319
|switch|p2a: Sableye|Sableye, M|303\/303
|-ability|p1a: Landorus-Therian|Intimidate|[of] p2a: Sableye
|-unboost|p2a: Sableye|atk|1
|turn|1
|
|switch|p1a: Rotom-Heat|Rotom-Heat|277\/277
|detailschange|p2a: Sableye|Sableye-Mega, M
|-mega|p2a: Sableye|Sableye|Sablenite
|move|p2a: Sableye|Will-O-Wisp|p1a: Rotom-Heat
|-fail|p1a: Rotom-Heat
|
|turn|2
|
|move|p1a: Rotom-Heat|Volt Switch|p2a: Sableye
|-damage|p2a: Sableye|243\/303
|
|switch|p1a: Heracross|Heracross, F|363\/363
|move|p2a: Sableye|Recover|p2a: Sableye
|-heal|p2a: Sableye|303\/303
|
|turn|3
|
|switch|p2a: Heatran|Heatran, F|323\/323
|detailschange|p1a: Heracross|Heracross-Mega, F
|-mega|p1a: Heracross|Heracross|Heracronite
|move|p1a: Heracross|Rock Blast|p2a: Heatran|[miss]
|-miss|p1a: Heracross|p2a: Heatran
|
|turn|4
|
|switch|p1a: Rotom-Heat|Rotom-Heat|277\/277
|move|p2a: Heatran|Overheat|p1a: Rotom-Heat
|-resisted|p1a: Rotom-Heat
|-damage|p1a: Rotom-Heat|188\/277
|-unboost|p2a: Heatran|spa|2
|
|turn|5
|
|switch|p2a: Sableye|Sableye-Mega, M|303\/303
|move|p1a: Rotom-Heat|Will-O-Wisp|p2a: Sableye
|move|p2a: Sableye|Will-O-Wisp|p1a: Rotom-Heat|[from]Magic Bounce
|-fail|p1a: Rotom-Heat
|
|turn|6
|
|move|p1a: Rotom-Heat|Volt Switch|p2a: Sableye
|-damage|p2a: Sableye|242\/303
|
|switch|p1a: Serperior|Serperior, F, shiny|291\/291
|move|p2a: Sableye|Will-O-Wisp|p1a: Serperior
|-status|p1a: Serperior|brn
|
|-damage|p1a: Serperior|255\/291 brn|[from] brn
|turn|7
|
|switch|p1a: Starmie|Starmie|261\/261
|switch|p2a: Heatran|Heatran, F|323\/323
|
|turn|8
|
|switch|p2a: Chansey|Chansey, F|703\/703
|move|p1a: Starmie|Scald|p2a: Chansey
|-damage|p2a: Chansey|633\/703
|
|turn|9
|
|move|p1a: Starmie|Psyshock|p2a: Chansey
|-damage|p2a: Chansey|495\/703
|move|p2a: Chansey|Thunder Wave|p1a: Starmie
|-status|p1a: Starmie|par
|
|turn|10
|
|switch|p1a: Landorus-Therian|Landorus-Therian, M|319\/319
|-ability|p1a: Landorus-Therian|Intimidate|[of] p2a: Chansey
|-unboost|p2a: Chansey|atk|1
|move|p2a: Chansey|Seismic Toss|p1a: Landorus-Therian
|-damage|p1a: Landorus-Therian|219\/319
|
|turn|11
|
|switch|p2a: Skarmory|Skarmory, M|333\/333
|move|p1a: Landorus-Therian|Knock Off|p2a: Skarmory
|-damage|p2a: Skarmory|273\/333
|-damage|p1a: Landorus-Therian|166\/319|[from] item: Rocky Helmet|[of] p2a: Skarmory
|-enditem|p2a: Skarmory|Rocky Helmet|[from] move: Knock Off|[of] p1a: Landorus-Therian
|
|turn|12
|
|switch|p1a: Rotom-Heat|Rotom-Heat|188\/277
|move|p2a: Skarmory|Stealth Rock|p1a: Rotom-Heat
|-sidestart|p1: Muscleman0103|move: Stealth Rock
|
|turn|13
|
|switch|p2a: Heatran|Heatran, F|323\/323
|move|p1a: Rotom-Heat|Volt Switch|p2a: Heatran
|-damage|p2a: Heatran|241\/323
|
|switch|p1a: Starmie|Starmie|261\/261
|-damage|p1a: Starmie|229\/261|[from] Stealth Rock
|
|turn|14
|
|switch|p2a: Chansey|Chansey, F|495\/703
|move|p1a: Starmie|Scald|p2a: Chansey
|-damage|p2a: Chansey|419\/703
|
|turn|15
|
|move|p1a: Starmie|Rapid Spin|p2a: Chansey
|-damage|p2a: Chansey|403\/703
|-sideend|p1: Muscleman0103|Stealth Rock|[from] move: Rapid Spin|[of] p1a: Starmie
|move|p2a: Chansey|Soft-Boiled|p2a: Chansey
|-heal|p2a: Chansey|703\/703
|
|turn|16
|
|switch|p1a: Landorus-Therian|Landorus-Therian, M|166\/319
|-ability|p1a: Landorus-Therian|Intimidate|[of] p2a: Chansey
|-unboost|p2a: Chansey|atk|1
|move|p2a: Chansey|Seismic Toss|p1a: Landorus-Therian
|-damage|p1a: Landorus-Therian|66\/319
|
|turn|17
|
|switch|p2a: Skarmory|Skarmory, M|273\/333
|move|p1a: Landorus-Therian|Stealth Rock|p2a: Skarmory
|-sidestart|p2: kianann|move: Stealth Rock
|
|turn|18
|
|switch|p1a: Starmie|Starmie|229\/261
|move|p2a: Skarmory|Defog|p1a: Starmie
|-unboost|p1a: Starmie|evasion|1
|-sideend|p2: kianann|Stealth Rock|[from] move: Defog|[of] p2a: Skarmory
|
|turn|19
|
|switch|p2a: Chansey|Chansey, F|703\/703
|move|p1a: Starmie|Scald|p2a: Chansey
|-damage|p2a: Chansey|630\/703
|
|turn|20
|
|switch|p1a: Heracross|Heracross-Mega, F|363\/363
|move|p2a: Chansey|Seismic Toss|p1a: Heracross
|-damage|p1a: Heracross|263\/363
|
|turn|21
|
|switch|p2a: Skarmory|Skarmory, M|273\/333
|move|p1a: Heracross|Rock Blast|p2a: Skarmory
|-damage|p2a: Skarmory|246\/333
|-damage|p2a: Skarmory|220\/333
|-damage|p2a: Skarmory|196\/333
|-damage|p2a: Skarmory|170\/333
|-damage|p2a: Skarmory|145\/333
|-hitcount|p2a: Skarmory|5
|
|turn|22
|
|switch|p1a: Rotom-Heat|Rotom-Heat|188\/277
|switch|p2a: Sableye|Sableye-Mega, M|242\/303
|
|turn|23
|
|move|p1a: Rotom-Heat|Overheat|p2a: Sableye
|-damage|p2a: Sableye|133\/303
|-unboost|p1a: Rotom-Heat|spa|2
|move|p2a: Sableye|Will-O-Wisp|p1a: Rotom-Heat
|-fail|p1a: Rotom-Heat
|
|turn|24
|
|move|p1a: Rotom-Heat|Volt Switch|p2a: Sableye
|-damage|p2a: Sableye|102\/303
|
|switch|p1a: Honchkrow|Honchkrow, F|403\/403
|move|p2a: Sableye|Recover|p2a: Sableye
|-heal|p2a: Sableye|254\/303
|
|turn|25
|
|switch|p2a: Heatran|Heatran, F|241\/323
|move|p1a: Honchkrow|Brave Bird|p2a: Heatran
|-resisted|p2a: Heatran
|-damage|p2a: Heatran|110\/323
|-damage|p1a: Honchkrow|360\/403|[from] recoil|[of] p2a: Heatran
|-damage|p1a: Honchkrow|320\/403|[from] item: Life Orb
|
|turn|26
|
|move|p1a: Honchkrow|Sucker Punch|p2a: Heatran
|-damage|p2a: Heatran|0 fnt
|-damage|p1a: Honchkrow|280\/403|[from] item: Life Orb
|faint|p2a: Heatran
|-boost|p1a: Honchkrow|atk|1|[from] ability: Moxie
|
|
|switch|p2a: Landorus-Therian|Landorus-Therian, M|319\/319
|-ability|p2a: Landorus-Therian|Intimidate|[of] p1a: Honchkrow
|-unboost|p1a: Honchkrow|atk|1
|turn|27
|
|switch|p1a: Heracross|Heracross-Mega, F|263\/363
|move|p2a: Landorus-Therian|Explosion|p1a: Heracross
|-damage|p1a: Heracross|0 fnt
|faint|p2a: Landorus-Therian
|faint|p1a: Heracross
|
|
|switch|p1a: Landorus-Therian|Landorus-Therian, M|66\/319
|switch|p2a: Chansey|Chansey, F|630\/703
|-ability|p1a: Landorus-Therian|Intimidate|[of] p2a: Chansey
|-unboost|p2a: Chansey|atk|1
|turn|28
|
|move|p1a: Landorus-Therian|U-turn|p2a: Chansey
|-damage|p2a: Chansey|520\/703
|
|switch|p1a: Rotom-Heat|Rotom-Heat|188\/277
|move|p2a: Chansey|Seismic Toss|p1a: Rotom-Heat
|-damage|p1a: Rotom-Heat|88\/277
|
|turn|29
|
|move|p1a: Rotom-Heat|Rest|p1a: Rotom-Heat
|-status|p1a: Rotom-Heat|slp
|-heal|p1a: Rotom-Heat|277\/277 slp|[silent]
|-status|p1a: Rotom-Heat|slp|[from] move: Rest
|-enditem|p1a: Rotom-Heat|Chesto Berry|[eat]
|-curestatus|p1a: Rotom-Heat|slp
|move|p2a: Chansey|Soft-Boiled|p2a: Chansey
|-heal|p2a: Chansey|703\/703
|
|turn|30
|
|move|p1a: Rotom-Heat|Will-O-Wisp|p2a: Chansey
|-status|p2a: Chansey|brn
|move|p2a: Chansey|Seismic Toss|p1a: Rotom-Heat
|-damage|p1a: Rotom-Heat|177\/277
|
|-damage|p2a: Chansey|616\/703 brn|[from] brn
|turn|31
|
|switch|p2a: Sylveon|Sylveon, F|394\/394
|move|p1a: Rotom-Heat|Volt Switch|p2a: Sylveon
|-damage|p2a: Sylveon|325\/394
|
|switch|p1a: Serperior|Serperior, F, shiny|255\/291 brn
|
|-heal|p2a: Sylveon|349\/394|[from] item: Leftovers
|-damage|p1a: Serperior|219\/291 brn|[from] brn
|turn|32
|
|move|p2a: Sylveon|Protect|p2a: Sylveon
|-singleturn|p2a: Sylveon|Protect
|move|p1a: Serperior|Leaf Storm|p2a: Sylveon
|-activate|p2a: Sylveon|Protect
|
|-heal|p2a: Sylveon|373\/394|[from] item: Leftovers
|-damage|p1a: Serperior|183\/291 brn|[from] brn
|turn|33
|
|switch|p2a: Skarmory|Skarmory, M|145\/333
|move|p1a: Serperior|Leaf Storm|p2a: Skarmory
|-crit|p2a: Skarmory
|-resisted|p2a: Skarmory
|-damage|p2a: Skarmory|29\/333
|-boost|p1a: Serperior|spa|2
|-damage|p1a: Serperior|154\/291 brn|[from] item: Life Orb
|
|-damage|p1a: Serperior|118\/291 brn|[from] brn
|turn|34
|
|move|p1a: Serperior|Giga Drain|p2a: Skarmory
|-resisted|p2a: Skarmory
|-damage|p2a: Skarmory|0 fnt
|-heal|p1a: Serperior|133\/291 brn|[from] drain|[of] p2a: Skarmory
|-damage|p1a: Serperior|104\/291 brn|[from] item: Life Orb
|faint|p2a: Skarmory
|
|-damage|p1a: Serperior|68\/291 brn|[from] brn
|
|switch|p2a: Chansey|Chansey, F|616\/703
|turn|35
|
|move|p1a: Serperior|Giga Drain|p2a: Chansey
|-damage|p2a: Chansey|443\/703
|-heal|p1a: Serperior|155\/291 brn|[from] drain|[of] p2a: Chansey
|-damage|p1a: Serperior|126\/291 brn|[from] item: Life Orb
|move|p2a: Chansey|Seismic Toss|p1a: Serperior
|-damage|p1a: Serperior|26\/291 brn
|
|-damage|p1a: Serperior|0 fnt|[from] brn
|faint|p1a: Serperior
|
|switch|p1a: Honchkrow|Honchkrow, F|280\/403
|turn|36
|
|move|p1a: Honchkrow|Brave Bird|p2a: Chansey
|-damage|p2a: Chansey|83\/703
|-damage|p1a: Honchkrow|161\/403|[from] recoil|[of] p2a: Chansey
|-damage|p1a: Honchkrow|121\/403|[from] item: Life Orb
|move|p2a: Chansey|Soft-Boiled|p2a: Chansey
|-heal|p2a: Chansey|435\/703
|
|turn|37
|
|move|p1a: Honchkrow|Superpower|p2a: Chansey
|-supereffective|p2a: Chansey
|-damage|p2a: Chansey|0 fnt
|-unboost|p1a: Honchkrow|atk|1
|-unboost|p1a: Honchkrow|def|1
|-damage|p1a: Honchkrow|81\/403|[from] item: Life Orb
|faint|p2a: Chansey
|-boost|p1a: Honchkrow|atk|1|[from] ability: Moxie
|
|
|switch|p2a: Sylveon|Sylveon, F|373\/394
|turn|38
|
|switch|p1a: Starmie|Starmie|229\/261
|move|p2a: Sylveon|Hyper Voice|p1a: Starmie
|-damage|p1a: Starmie|115\/261
|
|-heal|p2a: Sylveon|394\/394|[from] item: Leftovers
|turn|39
|
|move|p1a: Starmie|Scald|p2a: Sylveon
|-damage|p2a: Sylveon|310\/394
|move|p2a: Sylveon|Hyper Voice|p1a: Starmie
|-damage|p1a: Starmie|10\/261
|
|-heal|p2a: Sylveon|334\/394|[from] item: Leftovers
|turn|40
|
|move|p2a: Sylveon|Protect|p2a: Sylveon
|-singleturn|p2a: Sylveon|Protect
|move|p1a: Starmie|Psyshock|p2a: Sylveon
|-activate|p2a: Sylveon|Protect
|
|-heal|p2a: Sylveon|358\/394|[from] item: Leftovers
|turn|41
|
|move|p1a: Starmie|Psyshock|p2a: Sylveon
|-damage|p2a: Sylveon|190\/394
|move|p2a: Sylveon|Hyper Voice|p1a: Starmie
|-damage|p1a: Starmie|0 fnt
|faint|p1a: Starmie
|
|-heal|p2a: Sylveon|214\/394|[from] item: Leftovers
|
|switch|p1a: Rotom-Heat|Rotom-Heat|177\/277
|turn|42
|
|move|p2a: Sylveon|Protect|p2a: Sylveon
|-singleturn|p2a: Sylveon|Protect
|move|p1a: Rotom-Heat|Will-O-Wisp|p2a: Sylveon
|-activate|p2a: Sylveon|Protect
|
|-heal|p2a: Sylveon|238\/394|[from] item: Leftovers
|turn|43
|
|move|p1a: Rotom-Heat|Overheat|p2a: Sylveon
|-crit|p2a: Sylveon
|-damage|p2a: Sylveon|55\/394
|-unboost|p1a: Rotom-Heat|spa|2
|move|p2a: Sylveon|Hyper Voice|p1a: Rotom-Heat
|-resisted|p1a: Rotom-Heat
|-damage|p1a: Rotom-Heat|111\/277
|
|-heal|p2a: Sylveon|79\/394|[from] item: Leftovers
|turn|44
|
|switch|p2a: Sableye|Sableye-Mega, M|254\/303
|move|p1a: Rotom-Heat|Will-O-Wisp|p2a: Sableye
|move|p2a: Sableye|Will-O-Wisp|p1a: Rotom-Heat|[from]Magic Bounce
|-fail|p1a: Rotom-Heat
|
|turn|45
|
|move|p1a: Rotom-Heat|Overheat|p2a: Sableye
|-damage|p2a: Sableye|197\/303
|-unboost|p1a: Rotom-Heat|spa|2
|move|p2a: Sableye|Will-O-Wisp|p1a: Rotom-Heat
|-fail|p1a: Rotom-Heat
|
|turn|46
|
|move|p1a: Rotom-Heat|Overheat|p2a: Sableye
|-damage|p2a: Sableye|160\/303
|-unboost|p1a: Rotom-Heat|spa|2
|move|p2a: Sableye|Recover|p2a: Sableye
|-heal|p2a: Sableye|303\/303
|
|turn|47
|
|move|p1a: Rotom-Heat|Overheat|p2a: Sableye
|-damage|p2a: Sableye|270\/303
|move|p2a: Sableye|Will-O-Wisp|p1a: Rotom-Heat|[miss]
|-miss|p2a: Sableye|p1a: Rotom-Heat
|
|turn|48
|
|move|p1a: Rotom-Heat|Overheat|p2a: Sableye
|-damage|p2a: Sableye|239\/303
|move|p2a: Sableye|Calm Mind|p2a: Sableye
|-boost|p2a: Sableye|spa|1
|-boost|p2a: Sableye|spd|1
|
|turn|49
|
|move|p1a: Rotom-Heat|Volt Switch|p2a: Sableye
|-damage|p2a: Sableye|227\/303
|
|switch|p1a: Landorus-Therian|Landorus-Therian, M|66\/319
|-ability|p1a: Landorus-Therian|Intimidate|[of] p2a: Sableye
|-unboost|p2a: Sableye|atk|1
|move|p2a: Sableye|Will-O-Wisp|p1a: Landorus-Therian
|-status|p1a: Landorus-Therian|brn
|
|-damage|p1a: Landorus-Therian|27\/319 brn|[from] brn
|turn|50
|
|move|p1a: Landorus-Therian|Earthquake|p2a: Sableye
|-damage|p2a: Sableye|149\/303
|move|p2a: Sableye|Recover|p2a: Sableye
|-heal|p2a: Sableye|301\/303
|
|-damage|p1a: Landorus-Therian|0 fnt|[from] brn
|faint|p1a: Landorus-Therian
|
|switch|p1a: Honchkrow|Honchkrow, F|81\/403
|turn|51
|
|move|p1a: Honchkrow|Brave Bird|p2a: Sableye
|-damage|p2a: Sableye|63\/303
|-damage|p1a: Honchkrow|2\/403|[from] recoil|[of] p2a: Sableye
|-damage|p1a: Honchkrow|0 fnt|[from] item: Life Orb
|faint|p1a: Honchkrow
|move|p2a: Sableye|Recover|p2a: Sableye
|-heal|p2a: Sableye|215\/303
|
|-message|Muscleman0103 forfeited.
|
|win|kianann
|raw|Ladder updating...
|leave|Muscleman0103
|player|p1
|raw|Muscleman0103's rating: 1377 &rarr; <strong>1356<\/strong><br \/>(-21 for losing)
|raw|kianann's rating: 1358 &rarr; <strong>1379<\/strong><br \/>(+21 for winning)
|join|Muscleman0103
|leave|Muscleman0103