|join|kianann
|join|gauchoninja (alt)
|player|p1|kianann|2
|player|p2|gauchoninja (alt)|99
|gametype|singles
|gen|6
|tier|OU
|rated
|clearpoke
|poke|p1|Politoed, M
|poke|p1|Swampert, F
|poke|p1|Kingdra, M
|poke|p1|Klefki, F
|poke|p1|Manaphy
|poke|p1|Ferrothorn, M
|poke|p2|Swampert, M
|poke|p2|Politoed, F
|poke|p2|Kingdra, F
|poke|p2|Scizor, M, shiny
|poke|p2|Celebi
|poke|p2|Thundurus, M
|rule|Swagger Clause: Swagger is banned
|rule|Baton Pass Clause: Limit one PokÃ©mon knowing Baton Pass
|rule|Sleep Clause Mod: Limit one foe put to sleep
|rule|Species Clause: Limit one of each PokÃ©mon
|rule|OHKO Clause: OHKO moves are banned
|rule|Moody Clause: Moody is banned
|rule|Evasion Moves Clause: Evasion moves are banned
|rule|Endless Battle Clause: Forcing endless battles is banned
|rule|HP Percentage Mod: HP is shown in percentages
|teampreview
|
|start
|switch|p1a: Ferrothorn|Ferrothorn, M|352\/352
|switch|p2a: Hulkbuster|Swampert, M|341\/341
|turn|1
|
|switch|p2a: Meruem|Scizor, M, shiny|343\/343
|move|p1a: Ferrothorn|Stealth Rock|p2a: Meruem
|-sidestart|p2: gauchoninja (alt)|move: Stealth Rock
|
|turn|2
|
|switch|p1a: Klefki|Klefki, F|317\/317
|move|p2a: Meruem|Swords Dance|p2a: Meruem
|-boost|p2a: Meruem|atk|2
|
|turn|3
|
|move|p1a: Klefki|Thunder Wave|p2a: Meruem
|-status|p2a: Meruem|par
|move|p2a: Meruem|Swords Dance|p2a: Meruem
|-boost|p2a: Meruem|atk|2
|
|turn|4
|
|move|p1a: Klefki|Foul Play|p2a: Meruem
|-damage|p2a: Meruem|111\/343 par
|move|p2a: Meruem|Baton Pass|p2a: Meruem
|
|switch|p2a: Hulkbuster|Swampert, M|341\/341
|-damage|p2a: Hulkbuster|320\/341|[from] Stealth Rock
|
|turn|5
|
|switch|p1a: Ferrothorn|Ferrothorn, M|352\/352
|detailschange|p2a: Hulkbuster|Swampert-Mega, M
|-mega|p2a: Hulkbuster|Swampert|Swampertite
|move|p2a: Hulkbuster|Earthquake|p1a: Ferrothorn
|-damage|p1a: Ferrothorn|0 fnt
|faint|p1a: Ferrothorn
|
|
|switch|p1a: Klefki|Klefki, F|317\/317
|turn|6
|
|move|p1a: Klefki|Rain Dance|p1a: Klefki
|-weather|RainDance
|move|p2a: Hulkbuster|Earthquake|p1a: Klefki
|-supereffective|p1a: Klefki
|-damage|p1a: Klefki|0 fnt
|faint|p1a: Klefki
|
|-weather|RainDance|[upkeep]
|
|switch|p1a: Manaphy|Manaphy|404\/404
|turn|7
|
|move|p2a: Hulkbuster|Earthquake|p1a: Manaphy
|-damage|p1a: Manaphy|0 fnt
|faint|p1a: Manaphy
|
|-weather|RainDance|[upkeep]
|
|switch|p1a: Kingdra|Kingdra, M|291\/291
|turn|8
|
|move|p1a: Kingdra|Hydro Pump|p2a: Hulkbuster
|-damage|p2a: Hulkbuster|35\/341
|-damage|p1a: Kingdra|262\/291|[from] item: Life Orb
|move|p2a: Hulkbuster|Earthquake|p1a: Kingdra
|-damage|p1a: Kingdra|0 fnt
|faint|p1a: Kingdra
|
|-weather|RainDance|[upkeep]
|-message|kianann forfeited.
|
|win|gauchoninja (alt)
|raw|Ladder updating...
|leave|kianann
|player|p1
|raw|kianann's rating: 1449 &rarr; <strong>1426<\/strong><br \/>(-23 for losing)
|raw|gauchoninja (alt)'s rating: 1403 &rarr; <strong>1426<\/strong><br \/>(+23 for winning)
|c|âgauchoninja (alt)|This was the Scizor version of the SD pass. In the next replay, I try it with Celebi as the passer (since Celebi has more speed and doesn't attract Wisps\/statuses as easily).