|join|kianann
|join|gs35
|player|p1|kianann|169
|player|p2|gs35|2
|gametype|singles
|gen|6
|tier|OU
|rated
|clearpoke
|poke|p1|Sableye, F
|poke|p1|Talonflame, M
|poke|p1|Forretress, F
|poke|p1|Landorus-Therian, M
|poke|p1|Rotom-Wash
|poke|p1|Magnezone
|poke|p2|Togekiss, M
|poke|p2|Metagross
|poke|p2|Latios, M
|poke|p2|Serperior, F
|poke|p2|Keldeo
|poke|p2|Heatran, F
|rule|Swagger Clause: Swagger is banned
|rule|Baton Pass Clause: Limit one PokÃ©mon knowing Baton Pass
|rule|Sleep Clause Mod: Limit one foe put to sleep
|rule|Species Clause: Limit one of each PokÃ©mon
|rule|OHKO Clause: OHKO moves are banned
|rule|Moody Clause: Moody is banned
|rule|Evasion Moves Clause: Evasion moves are banned
|rule|Endless Battle Clause: Forcing endless battles is banned
|rule|HP Percentage Mod: HP is shown in percentages
|teampreview
|
|start
|switch|p1a: Sableye|Sableye, F|303\/303
|switch|p2a: Latios|Latios, M|301\/301
|turn|1
|
|detailschange|p1a: Sableye|Sableye-Mega, F
|-mega|p1a: Sableye|Sableye|Sablenite
|move|p1a: Sableye|Calm Mind|p1a: Sableye
|-boost|p1a: Sableye|spa|1
|-boost|p1a: Sableye|spd|1
|move|p2a: Latios|Draco Meteor|p1a: Sableye
|-damage|p1a: Sableye|198\/303
|-unboost|p2a: Latios|spa|2
|
|turn|2
|
|switch|p2a: Metagross|Metagross|302\/302
|move|p1a: Sableye|Recover|p1a: Sableye
|-heal|p1a: Sableye|303\/303
|
|turn|3
|
|detailschange|p2a: Metagross|Metagross-Mega
|-mega|p2a: Metagross|Metagross|Metagrossite
|move|p2a: Metagross|Meteor Mash|p1a: Sableye
|-damage|p1a: Sableye|101\/303
|-boost|p2a: Metagross|atk|1
|move|p1a: Sableye|Will-O-Wisp|p2a: Metagross|[miss]
|-miss|p1a: Sableye|p2a: Metagross
|
|turn|4
|
|switch|p1a: Rotom-Wash|Rotom-Wash|304\/304
|move|p2a: Metagross|Bullet Punch|p1a: Rotom-Wash
|-resisted|p1a: Rotom-Wash
|-damage|p1a: Rotom-Wash|267\/304
|
|-heal|p1a: Rotom-Wash|286\/304|[from] item: Leftovers
|turn|5
|
|switch|p2a: Latios|Latios, M|301\/301
|move|p1a: Rotom-Wash|Hydro Pump|p2a: Latios
|-resisted|p2a: Latios
|-damage|p2a: Latios|241\/301
|
|-heal|p1a: Rotom-Wash|304\/304|[from] item: Leftovers
|turn|6
|
|switch|p1a: Forretress|Forretress, F|354\/354
|move|p2a: Latios|Draco Meteor|p1a: Forretress|[miss]
|-miss|p2a: Latios|p1a: Forretress
|
|turn|7
|
|switch|p2a: Heatran|Heatran, F|324\/324
|move|p1a: Forretress|Stealth Rock|p2a: Heatran
|-sidestart|p2: gs35|move: Stealth Rock
|
|turn|8
|
|switch|p1a: Rotom-Wash|Rotom-Wash|304\/304
|move|p2a: Heatran|Flamethrower|p1a: Rotom-Wash
|-resisted|p1a: Rotom-Wash
|-damage|p1a: Rotom-Wash|244\/304
|-status|p1a: Rotom-Wash|brn
|
|-heal|p1a: Rotom-Wash|263\/304 brn|[from] item: Leftovers
|-damage|p1a: Rotom-Wash|225\/304 brn|[from] brn
|turn|9
|
|switch|p2a: Keldeo|Keldeo|323\/323
|-damage|p2a: Keldeo|303\/323|[from] Stealth Rock
|move|p1a: Rotom-Wash|Thunderbolt|p2a: Keldeo
|-supereffective|p2a: Keldeo
|-damage|p2a: Keldeo|45\/323
|
|-heal|p2a: Keldeo|65\/323|[from] item: Leftovers
|-heal|p1a: Rotom-Wash|244\/304 brn|[from] item: Leftovers
|-damage|p1a: Rotom-Wash|206\/304 brn|[from] brn
|turn|10
|
|move|p2a: Keldeo|Endeavor|p1a: Rotom-Wash
|-damage|p1a: Rotom-Wash|65\/304 brn
|move|p1a: Rotom-Wash|Thunderbolt|p2a: Keldeo
|-supereffective|p2a: Keldeo
|-damage|p2a: Keldeo|0 fnt
|faint|p2a: Keldeo
|
|-heal|p1a: Rotom-Wash|84\/304 brn|[from] item: Leftovers
|-damage|p1a: Rotom-Wash|46\/304 brn|[from] brn
|
|switch|p2a: Latios|Latios, M|241\/301
|-damage|p2a: Latios|204\/301|[from] Stealth Rock
|turn|11
|
|move|p2a: Latios|Thunderbolt|p1a: Rotom-Wash
|-damage|p1a: Rotom-Wash|0 fnt
|faint|p1a: Rotom-Wash
|
|
|switch|p1a: Landorus-Therian|Landorus-Therian, M|319\/319
|-ability|p1a: Landorus-Therian|Intimidate|[of] p2a: Latios
|-unboost|p2a: Latios|atk|1
|turn|12
|
|switch|p2a: Togekiss|Togekiss, M|312\/312
|-damage|p2a: Togekiss|234\/312|[from] Stealth Rock
|move|p1a: Landorus-Therian|Knock Off|p2a: Togekiss
|-resisted|p2a: Togekiss
|-damage|p2a: Togekiss|163\/312
|-enditem|p2a: Togekiss|Leftovers|[from] move: Knock Off|[of] p1a: Landorus-Therian
|
|turn|13
|
|switch|p1a: Forretress|Forretress, F|354\/354
|move|p2a: Togekiss|Air Slash|p1a: Forretress
|-damage|p1a: Forretress|168\/354
|
|-heal|p1a: Forretress|190\/354|[from] item: Leftovers
|turn|14
|
|move|p2a: Togekiss|Air Slash|p1a: Forretress
|-crit|p1a: Forretress
|-damage|p1a: Forretress|0 fnt
|faint|p1a: Forretress
|
|
|switch|p1a: Magnezone|Magnezone|281\/281
|turn|15
|
|move|p1a: Magnezone|Thunderbolt|p2a: Togekiss
|-supereffective|p2a: Togekiss
|-damage|p2a: Togekiss|0 fnt
|faint|p2a: Togekiss
|
|
|switch|p2a: Latios|Latios, M|204\/301
|-damage|p2a: Latios|167\/301|[from] Stealth Rock
|turn|16
|
|move|p2a: Latios|Draco Meteor|p1a: Magnezone
|-resisted|p1a: Magnezone
|-damage|p1a: Magnezone|161\/281
|-unboost|p2a: Latios|spa|2
|move|p1a: Magnezone|Thunderbolt|p2a: Latios
|-resisted|p2a: Latios
|-damage|p2a: Latios|92\/301
|
|turn|17
|
|move|p2a: Latios|Draco Meteor|p1a: Magnezone
|-resisted|p1a: Magnezone
|-damage|p1a: Magnezone|94\/281
|-unboost|p2a: Latios|spa|2
|move|p1a: Magnezone|Thunderbolt|p2a: Latios
|-resisted|p2a: Latios
|-damage|p2a: Latios|17\/301
|
|turn|18
|
|move|p2a: Latios|Draco Meteor|p1a: Magnezone
|-resisted|p1a: Magnezone
|-damage|p1a: Magnezone|49\/281
|-unboost|p2a: Latios|spa|2
|move|p1a: Magnezone|Thunderbolt|p2a: Latios
|-resisted|p2a: Latios
|-damage|p2a: Latios|0 fnt
|faint|p2a: Latios
|
|
|switch|p2a: Heatran|Heatran, F|324\/324
|-damage|p2a: Heatran|284\/324|[from] Stealth Rock
|turn|19
|
|move|p1a: Magnezone|Thunderbolt|p2a: Heatran
|-damage|p2a: Heatran|173\/324
|move|p2a: Heatran|Flamethrower|p1a: Magnezone
|-crit|p1a: Magnezone
|-supereffective|p1a: Magnezone
|-damage|p1a: Magnezone|0 fnt
|faint|p1a: Magnezone
|
|
|switch|p1a: Landorus-Therian|Landorus-Therian, M|319\/319
|-ability|p1a: Landorus-Therian|Intimidate|[of] p2a: Heatran
|-unboost|p2a: Heatran|atk|1
|turn|20
|
|switch|p2a: Metagross|Metagross-Mega|302\/302
|-damage|p2a: Metagross|284\/302|[from] Stealth Rock
|move|p1a: Landorus-Therian|Earthquake|p2a: Metagross
|-supereffective|p2a: Metagross
|-damage|p2a: Metagross|32\/302
|
|turn|21
|
|move|p1a: Landorus-Therian|Earthquake|p2a: Metagross
|-supereffective|p2a: Metagross
|-damage|p2a: Metagross|0 fnt
|faint|p2a: Metagross
|
|
|switch|p2a: Serperior|Serperior, F|291\/291
|-damage|p2a: Serperior|255\/291|[from] Stealth Rock
|turn|22
|
|switch|p1a: Talonflame|Talonflame, M|297\/297
|move|p2a: Serperior|Leaf Storm|p1a: Talonflame
|-resisted|p1a: Talonflame
|-damage|p1a: Talonflame|228\/297
|-boost|p2a: Serperior|spa|2
|
|turn|23
|
|switch|p2a: Heatran|Heatran, F|173\/324
|-damage|p2a: Heatran|133\/324|[from] Stealth Rock
|move|p1a: Talonflame|Brave Bird|p2a: Heatran
|-resisted|p2a: Heatran
|-damage|p2a: Heatran|20\/324
|-damage|p1a: Talonflame|191\/297|[from] recoil|[of] p2a: Heatran
|-damage|p1a: Talonflame|162\/297|[from] item: Life Orb
|
|turn|24
|
|move|p1a: Talonflame|Brave Bird|p2a: Heatran
|-crit|p2a: Heatran
|-resisted|p2a: Heatran
|-damage|p2a: Heatran|0 fnt
|-damage|p1a: Talonflame|155\/297|[from] recoil|[of] p2a: Heatran
|-damage|p1a: Talonflame|126\/297|[from] item: Life Orb
|faint|p2a: Heatran
|
|
|switch|p2a: Serperior|Serperior, F|255\/291
|-damage|p2a: Serperior|219\/291|[from] Stealth Rock
|turn|25
|
|move|p1a: Talonflame|Brave Bird|p2a: Serperior
|-supereffective|p2a: Serperior
|-damage|p2a: Serperior|0 fnt
|-damage|p1a: Talonflame|54\/297|[from] recoil|[of] p2a: Serperior
|-damage|p1a: Talonflame|25\/297|[from] item: Life Orb
|faint|p2a: Serperior
|
|win|kianann
|raw|Ladder updating...
|raw|kianann's rating: 1398 &rarr; <strong>1419<\/strong><br \/>(+21 for winning)
|raw|gs35's rating: 1425 &rarr; <strong>1404<\/strong><br \/>(-21 for losing)
|leave|gs35
|player|p2