|join|greentax
|join|kianann
|player|p1|greentax|1
|player|p2|kianann|101
|gametype|singles
|gen|6
|tier|OU
|rated
|clearpoke
|poke|p1|Gengar, M
|poke|p1|Azumarill, F
|poke|p1|Scizor, M, shiny
|poke|p1|Mew, shiny
|poke|p1|Zapdos
|poke|p1|Gothitelle, F
|poke|p2|Politoed, F
|poke|p2|Swampert, F
|poke|p2|Kingdra, M
|poke|p2|Klefki, M
|poke|p2|Thundurus, M
|poke|p2|Breloom, F
|rule|Swagger Clause: Swagger is banned
|rule|Baton Pass Clause: Limit one PokÃ©mon knowing Baton Pass
|rule|Sleep Clause Mod: Limit one foe put to sleep
|rule|Species Clause: Limit one of each PokÃ©mon
|rule|OHKO Clause: OHKO moves are banned
|rule|Moody Clause: Moody is banned
|rule|Evasion Moves Clause: Evasion moves are banned
|rule|Endless Battle Clause: Forcing endless battles is banned
|rule|HP Percentage Mod: HP is shown in percentages
|teampreview
|
|start
|switch|p1a: Gengar|Gengar, M|262\/262
|switch|p2a: Thundurus|Thundurus, M|299\/299
|turn|1
|join|Syrus_Vikeruce
|
|move|p2a: Thundurus|Knock Off|p1a: Gengar
|-supereffective|p1a: Gengar
|-damage|p1a: Gengar|0 fnt
|-enditem|p1a: Gengar|Choice Specs|[from] move: Knock Off|[of] p2a: Thundurus
|-damage|p2a: Thundurus|270\/299|[from] item: Life Orb
|faint|p1a: Gengar
|
|
|switch|p1a: Scizor|Scizor, M, shiny|344\/344
|turn|2
|c| Syrus_Vikeruce|Knock Off Thundurus...?
|
|switch|p2a: Klefki|Klefki, M|317\/317
|detailschange|p1a: Scizor|Scizor-Mega, M, shiny
|-mega|p1a: Scizor|Scizor|Scizorite
|move|p1a: Scizor|Roost|p1a: Scizor
|-fail|p1a: Scizor
|
|turn|3
|c| Syrus_Vikeruce|I've never heard of that before,
|
|switch|p1a: Gothitelle|Gothitelle, F|344\/344
|move|p2a: Klefki|Thunder Wave|p1a: Gothitelle
|-status|p1a: Gothitelle|par
|
|turn|4
|
|move|p2a: Klefki|Foul Play|p1a: Gothitelle
|-supereffective|p1a: Gothitelle
|-damage|p1a: Gothitelle|270\/344 par
|move|p1a: Gothitelle|Taunt|p2a: Klefki
|-start|p2a: Klefki|move: Taunt
|
|-heal|p1a: Gothitelle|291\/344 par|[from] item: Leftovers
|turn|5
|
|move|p2a: Klefki|Foul Play|p1a: Gothitelle
|-supereffective|p1a: Gothitelle
|-damage|p1a: Gothitelle|221\/344 par
|move|p1a: Gothitelle|Calm Mind|p1a: Gothitelle
|-boost|p1a: Gothitelle|spa|1
|-boost|p1a: Gothitelle|spd|1
|
|-heal|p1a: Gothitelle|242\/344 par|[from] item: Leftovers
|turn|6
|c|âkianann|rest ?
|
|move|p2a: Klefki|Foul Play|p1a: Gothitelle
|-supereffective|p1a: Gothitelle
|-damage|p1a: Gothitelle|168\/344 par
|cant|p1a: Gothitelle|par
|
|-heal|p1a: Gothitelle|189\/344 par|[from] item: Leftovers
|turn|7
|c| Syrus_Vikeruce|Foul Play is a physical based move,
|c| Syrus_Vikeruce|I'm not sure how this is...
|c|âgreentax|yeah
|
|move|p2a: Klefki|Foul Play|p1a: Gothitelle
|-supereffective|p1a: Gothitelle
|-damage|p1a: Gothitelle|121\/344 par
|move|p1a: Gothitelle|Calm Mind|p1a: Gothitelle
|-boost|p1a: Gothitelle|spa|1
|-boost|p1a: Gothitelle|spd|1
|
|-heal|p1a: Gothitelle|142\/344 par|[from] item: Leftovers
|-end|p2a: Klefki|move: Taunt
|turn|8
|c|âkianann|i only have foul play...
|
|move|p2a: Klefki|Foul Play|p1a: Gothitelle
|-supereffective|p1a: Gothitelle
|-damage|p1a: Gothitelle|72\/344 par
|move|p1a: Gothitelle|Rest|p1a: Gothitelle
|-status|p1a: Gothitelle|slp
|-heal|p1a: Gothitelle|344\/344 slp|[silent]
|-status|p1a: Gothitelle|slp|[from] move: Rest
|
|turn|9
|c| Syrus_Vikeruce|Oh no I mean-
|c| Syrus_Vikeruce|Nvm XD
|c| Syrus_Vikeruce|Ohh here we go,
|
|move|p2a: Klefki|Rain Dance|p2a: Klefki
|-weather|RainDance
|cant|p1a: Gothitelle|slp
|
|-weather|RainDance|[upkeep]
|turn|10
|
|move|p2a: Klefki|Foul Play|p1a: Gothitelle
|-supereffective|p1a: Gothitelle
|-damage|p1a: Gothitelle|276\/344 slp
|cant|p1a: Gothitelle|slp
|
|-weather|RainDance|[upkeep]
|-heal|p1a: Gothitelle|297\/344 slp|[from] item: Leftovers
|turn|11
|c|âkianann|interesting
|c| Syrus_Vikeruce|Thought you were gonna pull out the Sleep Talk for a second there,
|
|move|p2a: Klefki|Foul Play|p1a: Gothitelle
|-supereffective|p1a: Gothitelle
|-damage|p1a: Gothitelle|221\/344 slp
|-curestatus|p1a: Gothitelle|slp
|move|p1a: Gothitelle|Calm Mind|p1a: Gothitelle
|-boost|p1a: Gothitelle|spa|1
|-boost|p1a: Gothitelle|spd|1
|
|-weather|RainDance|[upkeep]
|-heal|p1a: Gothitelle|242\/344|[from] item: Leftovers
|turn|12
|c| Syrus_Vikeruce|Oh he's confident,
|c| Syrus_Vikeruce|XD
|
|move|p2a: Klefki|Foul Play|p1a: Gothitelle
|-supereffective|p1a: Gothitelle
|-damage|p1a: Gothitelle|178\/344
|move|p1a: Gothitelle|Calm Mind|p1a: Gothitelle
|-boost|p1a: Gothitelle|spa|1
|-boost|p1a: Gothitelle|spd|1
|
|-weather|RainDance|[upkeep]
|-heal|p1a: Gothitelle|199\/344|[from] item: Leftovers
|turn|13
|c| Syrus_Vikeruce|You better do something quick Brah
|c|âkianann|wait i critical hit him...
|
|move|p2a: Klefki|Foul Play|p1a: Gothitelle
|-supereffective|p1a: Gothitelle
|-damage|p1a: Gothitelle|129\/344
|move|p1a: Gothitelle|Taunt|p2a: Klefki
|-start|p2a: Klefki|move: Taunt
|
|-weather|RainDance|[upkeep]
|-heal|p1a: Gothitelle|150\/344|[from] item: Leftovers
|turn|14
|c| Syrus_Vikeruce|Here's where we see it turn around I think,
|
|move|p2a: Klefki|Foul Play|p1a: Gothitelle
|-supereffective|p1a: Gothitelle
|-damage|p1a: Gothitelle|76\/344
|move|p1a: Gothitelle|Rest|p1a: Gothitelle
|-status|p1a: Gothitelle|slp
|-heal|p1a: Gothitelle|344\/344 slp|[silent]
|-status|p1a: Gothitelle|slp|[from] move: Rest
|
|-weather|RainDance|[upkeep]
|turn|15
|c| Syrus_Vikeruce|...
|c| Syrus_Vikeruce|Or not,
|c| Syrus_Vikeruce|XD
|c|âgreentax|ill kill u after this one
|
|move|p2a: Klefki|Foul Play|p1a: Gothitelle
|-supereffective|p1a: Gothitelle
|-damage|p1a: Gothitelle|276\/344 slp
|cant|p1a: Gothitelle|slp
|
|-weather|RainDance|[upkeep]
|-heal|p1a: Gothitelle|297\/344 slp|[from] item: Leftovers
|turn|16
|c|âkianann|till max better
|
|move|p2a: Klefki|Foul Play|p1a: Gothitelle
|-supereffective|p1a: Gothitelle
|-damage|p1a: Gothitelle|225\/344 slp
|cant|p1a: Gothitelle|slp
|
|-weather|none
|-heal|p1a: Gothitelle|246\/344 slp|[from] item: Leftovers
|-end|p2a: Klefki|move: Taunt
|turn|17
|c| Syrus_Vikeruce|3x Sp. Atk and Sp. Def, you really wanna keep it I see,
|
|move|p2a: Klefki|Rain Dance|p2a: Klefki
|-weather|RainDance
|-curestatus|p1a: Gothitelle|slp
|move|p1a: Gothitelle|Psyshock|p2a: Klefki
|-resisted|p2a: Klefki
|-damage|p2a: Klefki|209\/317
|
|-weather|RainDance|[upkeep]
|-heal|p1a: Gothitelle|267\/344|[from] item: Leftovers
|turn|18
|
|move|p2a: Klefki|Thunder Wave|p1a: Gothitelle
|-status|p1a: Gothitelle|par
|move|p1a: Gothitelle|Calm Mind|p1a: Gothitelle
|-boost|p1a: Gothitelle|spa|1
|-boost|p1a: Gothitelle|spd|1
|
|-weather|RainDance|[upkeep]
|-heal|p1a: Gothitelle|288\/344 par|[from] item: Leftovers
|turn|19
|c| Syrus_Vikeruce|Fucking hell,
|c| Syrus_Vikeruce|XD
|
|move|p2a: Klefki|Foul Play|p1a: Gothitelle
|-supereffective|p1a: Gothitelle
|-damage|p1a: Gothitelle|214\/344 par
|move|p1a: Gothitelle|Calm Mind|p1a: Gothitelle
|-boost|p1a: Gothitelle|spa|1
|-boost|p1a: Gothitelle|spd|1
|
|-weather|RainDance|[upkeep]
|-heal|p1a: Gothitelle|235\/344 par|[from] item: Leftovers
|turn|20
|c|âkianann|if opponent is a drak type then how ?
|c|âgreentax|its only to kill one
|c|âkianann|follow by pursuit
|c|âgreentax|i use it for heatran
|
|move|p2a: Klefki|Foul Play|p1a: Gothitelle
|-supereffective|p1a: Gothitelle
|-damage|p1a: Gothitelle|165\/344 par
|cant|p1a: Gothitelle|par
|
|-weather|RainDance|[upkeep]
|-heal|p1a: Gothitelle|186\/344 par|[from] item: Leftovers
|turn|21
|c|âgreentax|so sczior can set up
|c| Syrus_Vikeruce|That PRZ might be your undoin' man,
|c|âkianann|u better pray u are lucky
|
|move|p2a: Klefki|Foul Play|p1a: Gothitelle
|-supereffective|p1a: Gothitelle
|-damage|p1a: Gothitelle|110\/344 par
|cant|p1a: Gothitelle|par
|
|-weather|RainDance|[upkeep]
|-heal|p1a: Gothitelle|131\/344 par|[from] item: Leftovers
|turn|22
|c| Syrus_Vikeruce|Two more turns,
|
|move|p2a: Klefki|Foul Play|p1a: Gothitelle
|-supereffective|p1a: Gothitelle
|-damage|p1a: Gothitelle|61\/344 par
|move|p1a: Gothitelle|Rest|p1a: Gothitelle
|-status|p1a: Gothitelle|slp
|-heal|p1a: Gothitelle|344\/344 slp|[silent]
|-status|p1a: Gothitelle|slp|[from] move: Rest
|
|-weather|RainDance|[upkeep]
|turn|23
|c| Syrus_Vikeruce|The end is in sigh-
|c|âkianann|><
|c| Syrus_Vikeruce|Wait no it isn't,
|c| Syrus_Vikeruce|XD
|
|move|p2a: Klefki|Foul Play|p1a: Gothitelle
|-supereffective|p1a: Gothitelle
|-damage|p1a: Gothitelle|270\/344 slp
|cant|p1a: Gothitelle|slp
|
|-weather|RainDance|[upkeep]
|-heal|p1a: Gothitelle|291\/344 slp|[from] item: Leftovers
|turn|24
|
|move|p2a: Klefki|Foul Play|p1a: Gothitelle
|-supereffective|p1a: Gothitelle
|-damage|p1a: Gothitelle|219\/344 slp
|cant|p1a: Gothitelle|slp
|
|-weather|none
|-heal|p1a: Gothitelle|240\/344 slp|[from] item: Leftovers
|turn|25
|c|âkianann|running out of foul play
|c| Syrus_Vikeruce|8 PP isn't it?
|
|move|p2a: Klefki|Foul Play|p1a: Gothitelle
|-supereffective|p1a: Gothitelle
|-damage|p1a: Gothitelle|174\/344 slp
|-curestatus|p1a: Gothitelle|slp
|move|p1a: Gothitelle|Taunt|p2a: Klefki
|-start|p2a: Klefki|move: Taunt
|
|-heal|p1a: Gothitelle|195\/344|[from] item: Leftovers
|turn|26
|
|move|p2a: Klefki|Foul Play|p1a: Gothitelle
|-supereffective|p1a: Gothitelle
|-damage|p1a: Gothitelle|123\/344
|move|p1a: Gothitelle|Psyshock|p2a: Klefki
|-resisted|p2a: Klefki
|-damage|p2a: Klefki|50\/317
|
|-heal|p1a: Gothitelle|144\/344|[from] item: Leftovers
|turn|27
|c| Syrus_Vikeruce|Aww shit,
|c| Syrus_Vikeruce|Here we go,
|
|move|p2a: Klefki|Foul Play|p1a: Gothitelle
|-supereffective|p1a: Gothitelle
|-damage|p1a: Gothitelle|72\/344
|move|p1a: Gothitelle|Rest|p1a: Gothitelle
|-status|p1a: Gothitelle|slp
|-heal|p1a: Gothitelle|344\/344 slp|[silent]
|-status|p1a: Gothitelle|slp|[from] move: Rest
|
|turn|28
|c|âgreentax|i need it for later sorry
|c| Syrus_Vikeruce|Oh jeez,
|c| Syrus_Vikeruce|XD
|
|move|p2a: Klefki|Foul Play|p1a: Gothitelle
|-supereffective|p1a: Gothitelle
|-damage|p1a: Gothitelle|274\/344 slp
|cant|p1a: Gothitelle|slp
|
|-heal|p1a: Gothitelle|295\/344 slp|[from] item: Leftovers
|-end|p2a: Klefki|move: Taunt
|turn|29
|
|move|p2a: Klefki|Spikes|p1a: Gothitelle
|-sidestart|p1: greentax|Spikes
|cant|p1a: Gothitelle|slp
|
|-heal|p1a: Gothitelle|316\/344 slp|[from] item: Leftovers
|turn|30
|c| Syrus_Vikeruce|Ya know as an impartial judge I shouldn't be helpin' here,
|
|move|p2a: Klefki|Spikes|p1a: Gothitelle
|-sidestart|p1: greentax|Spikes
|-curestatus|p1a: Gothitelle|slp
|move|p1a: Gothitelle|Psyshock|p2a: Klefki
|-resisted|p2a: Klefki
|-damage|p2a: Klefki|0 fnt
|faint|p2a: Klefki
|
|-heal|p1a: Gothitelle|337\/344|[from] item: Leftovers
|c| Syrus_Vikeruce|But you COULD switch out Kia,
|c| Syrus_Vikeruce|XD
|
|switch|p2a: Thundurus|Thundurus, M|270\/299
|turn|31
|c|âkianann|kia ?
|
|switch|p1a: Scizor|Scizor-Mega, M, shiny|344\/344
|-damage|p1a: Scizor|287\/344|[from] Spikes
|move|p2a: Thundurus|Knock Off|p1a: Scizor
|-damage|p1a: Scizor|239\/344
|-damage|p2a: Thundurus|241\/299|[from] item: Life Orb
|
|turn|32
|c|âkianann|u switch after all this
|c| Syrus_Vikeruce|Nvm XD
|c| Syrus_Vikeruce|And aww man,
|c|âgreentax|i had to
|c| Syrus_Vikeruce|He must need that Gothitelle,
|
|move|p2a: Thundurus|Thunderbolt|p1a: Scizor
|-damage|p1a: Scizor|48\/344
|-damage|p2a: Thundurus|212\/299|[from] item: Life Orb
|move|p1a: Scizor|Roost|p1a: Scizor
|-heal|p1a: Scizor|220\/344
|
|turn|33
|
|move|p2a: Thundurus|Thunderbolt|p1a: Scizor
|-damage|p1a: Scizor|35\/344
|-damage|p2a: Thundurus|183\/299|[from] item: Life Orb
|move|p1a: Scizor|Roost|p1a: Scizor
|-heal|p1a: Scizor|207\/344
|
|turn|34
|c|âkianann|if we go like this , u will get lower and lower health and even paralyze
|c| Syrus_Vikeruce|I think I see his plan,
|
|move|p2a: Thundurus|Thunderbolt|p1a: Scizor
|-damage|p1a: Scizor|30\/344
|-damage|p2a: Thundurus|154\/299|[from] item: Life Orb
|move|p1a: Scizor|U-turn|p2a: Thundurus
|-resisted|p2a: Thundurus
|-damage|p2a: Thundurus|79\/299
|
|switch|p1a: Mew|Mew, shiny|404\/404
|-damage|p1a: Mew|337\/404|[from] Spikes
|
|-heal|p1a: Mew|362\/404|[from] item: Leftovers
|turn|35
|c| Syrus_Vikeruce|Scratch that I don't,
|c| Syrus_Vikeruce|XD
|
|move|p2a: Thundurus|Knock Off|p1a: Mew
|-supereffective|p1a: Mew
|-damage|p1a: Mew|138\/404
|-enditem|p1a: Mew|Leftovers|[from] move: Knock Off|[of] p2a: Thundurus
|-damage|p2a: Thundurus|50\/299|[from] item: Life Orb
|move|p1a: Mew|Soft-Boiled|p1a: Mew
|-heal|p1a: Mew|340\/404
|
|turn|36
|c|âgreentax|it is
|
|move|p2a: Thundurus|Knock Off|p1a: Mew
|-crit|p1a: Mew
|-supereffective|p1a: Mew
|-damage|p1a: Mew|98\/404
|-damage|p2a: Thundurus|21\/299|[from] item: Life Orb
|move|p1a: Mew|Soft-Boiled|p1a: Mew
|-heal|p1a: Mew|300\/404
|
|turn|37
|
|move|p2a: Thundurus|Thunderbolt|p1a: Mew
|-damage|p1a: Mew|147\/404
|-damage|p2a: Thundurus|0 fnt|[from] item: Life Orb
|faint|p2a: Thundurus
|move|p1a: Mew|Soft-Boiled|p1a: Mew
|-heal|p1a: Mew|349\/404
|
|c| Syrus_Vikeruce|Seems like you have a LOT of recovery on this team Greentax
|c|âgreentax|yep
|
|switch|p2a: Politoed|Politoed, F|383\/383
|-weather|RainDance
|turn|38
|
|move|p1a: Mew|Will-O-Wisp|p2a: Politoed
|-status|p2a: Politoed|brn
|move|p2a: Politoed|Encore|p1a: Mew
|-start|p1a: Mew|Encore
|
|-weather|RainDance|[upkeep]
|-damage|p2a: Politoed|336\/383 brn|[from] brn
|turn|39
|
|switch|p2a: Kingdra|Kingdra, M|291\/291
|move|p1a: Mew|Will-O-Wisp|p2a: Kingdra
|-status|p2a: Kingdra|brn
|
|-weather|RainDance|[upkeep]
|-damage|p2a: Kingdra|255\/291 brn|[from] brn
|turn|40
|
|switch|p1a: Scizor|Scizor-Mega, M, shiny|30\/344
|-damage|p1a: Scizor|0 fnt|[from] Spikes
|faint|p1a: Scizor
|move|p2a: Kingdra|Hydro Pump|p1: Scizor|[notarget]
|-notarget
|
|-weather|RainDance|[upkeep]
|-damage|p2a: Kingdra|219\/291 brn|[from] brn
|
|switch|p1a: Azumarill|Azumarill, F|342\/342
|-damage|p1a: Azumarill|285\/342|[from] Spikes
|turn|41
|
|switch|p2a: Politoed|Politoed, F|336\/383 brn
|move|p1a: Azumarill|Play Rough|p2a: Politoed
|-damage|p2a: Politoed|176\/383 brn
|
|-weather|RainDance|[upkeep]
|-damage|p2a: Politoed|129\/383 brn|[from] brn
|turn|42
|
|switch|p2a: Breloom|Breloom, F|264\/264
|switch|p1a: Gothitelle|Gothitelle, F|337\/344
|-damage|p1a: Gothitelle|280\/344|[from] Spikes
|
|-weather|RainDance|[upkeep]
|-heal|p1a: Gothitelle|301\/344|[from] item: Leftovers
|-status|p2a: Breloom|tox|[from] item: Toxic Orb
|turn|43
|
|move|p2a: Breloom|Facade|p1a: Gothitelle
|-damage|p1a: Gothitelle|116\/344
|move|p1a: Gothitelle|Taunt|p2a: Breloom
|-start|p2a: Breloom|move: Taunt
|
|-weather|RainDance|[upkeep]
|-heal|p1a: Gothitelle|137\/344|[from] item: Leftovers
|turn|44
|c|âkianann|why did u not kill me with psyshock
|
|move|p2a: Breloom|Facade|p1a: Gothitelle
|-damage|p1a: Gothitelle|0 fnt
|faint|p1a: Gothitelle
|
|-weather|RainDance|[upkeep]
|c| Syrus_Vikeruce|Worried you'd Taunt I guess,
|c|âgreentax|i thought you were going spore
|c| Syrus_Vikeruce|I'm surprised myself tbh,
|
|switch|p1a: Zapdos|Zapdos|375\/375
|-ability|p1a: Zapdos|Pressure
|turn|45
|c|âkianann|i think i can survive heat wavein rain
|c| Syrus_Vikeruce|Could be somethin' else,
|c| Syrus_Vikeruce|I know what,
|
|switch|p2a: Swampert|Swampert, F|341\/341
|move|p1a: Zapdos|Heat Wave|p2a: Swampert
|-resisted|p2a: Swampert
|-damage|p2a: Swampert|315\/341
|
|-weather|none
|turn|46
|c| Syrus_Vikeruce|Or think I know anyway,
|c| Syrus_Vikeruce|Yeah it's a Heat Wave XD
|
|switch|p2a: Politoed|Politoed, F|129\/383 brn
|-weather|RainDance
|move|p1a: Zapdos|Heat Wave|p2a: Politoed
|-resisted|p2a: Politoed
|-damage|p2a: Politoed|108\/383 brn
|
|-weather|RainDance|[upkeep]
|-damage|p2a: Politoed|61\/383 brn|[from] brn
|turn|47
|
|switch|p2a: Breloom|Breloom, F|264\/264 tox
|move|p1a: Zapdos|U-turn|p2a: Breloom
|-damage|p2a: Breloom|206\/264 tox
|
|switch|p1a: Mew|Mew, shiny|349\/404
|-damage|p1a: Mew|282\/404|[from] Spikes
|
|-weather|RainDance|[upkeep]
|-heal|p2a: Breloom|239\/264 tox|[from] ability: Poison Heal
|turn|48
|c|âkianann|i thought u want to use heat wave to burn me
|
|move|p2a: Breloom|Facade|p1a: Mew
|-damage|p1a: Mew|111\/404
|move|p1a: Mew|Stealth Rock|p2a: Breloom
|-sidestart|p2: kianann|move: Stealth Rock
|
|-weather|RainDance|[upkeep]
|-heal|p2a: Breloom|264\/264 tox|[from] ability: Poison Heal
|turn|49
|
|move|p2a: Breloom|Facade|p1a: Mew
|-damage|p1a: Mew|0 fnt
|faint|p1a: Mew
|
|-weather|RainDance|[upkeep]
|c|âkianann|i am faster
|
|switch|p1a: Zapdos|Zapdos|375\/375
|-ability|p1a: Zapdos|Pressure
|turn|50
|
|move|p2a: Breloom|Facade|p1a: Zapdos
|-crit|p1a: Zapdos
|-damage|p1a: Zapdos|162\/375
|move|p1a: Zapdos|Heat Wave|p2a: Breloom
|-supereffective|p2a: Breloom
|-damage|p2a: Breloom|112\/264 tox
|
|-weather|RainDance|[upkeep]
|-heal|p1a: Zapdos|185\/375|[from] item: Leftovers
|-heal|p2a: Breloom|145\/264 tox|[from] ability: Poison Heal
|turn|51
|
|move|p2a: Breloom|Facade|p1a: Zapdos
|-damage|p1a: Zapdos|49\/375
|move|p1a: Zapdos|Roost|p1a: Zapdos
|-heal|p1a: Zapdos|237\/375
|
|-weather|RainDance|[upkeep]
|-heal|p1a: Zapdos|260\/375|[from] item: Leftovers
|-heal|p2a: Breloom|178\/264 tox|[from] ability: Poison Heal
|turn|52
|
|move|p2a: Breloom|Swords Dance|p2a: Breloom
|-boost|p2a: Breloom|atk|2
|move|p1a: Zapdos|Roost|p1a: Zapdos
|-heal|p1a: Zapdos|375\/375
|
|-weather|RainDance|[upkeep]
|-heal|p2a: Breloom|211\/264 tox|[from] ability: Poison Heal
|turn|53
|c| Syrus_Vikeruce|Awww shit,
|c| Syrus_Vikeruce|He's turnin' up the heat,
|
|move|p2a: Breloom|Facade|p1a: Zapdos
|-damage|p1a: Zapdos|103\/375
|move|p1a: Zapdos|Heat Wave|p2a: Breloom
|-supereffective|p2a: Breloom
|-damage|p2a: Breloom|79\/264 tox
|
|-weather|none
|-heal|p1a: Zapdos|126\/375|[from] item: Leftovers
|-heal|p2a: Breloom|112\/264 tox|[from] ability: Poison Heal
|turn|54
|
|move|p2a: Breloom|Facade|p1a: Zapdos
|-damage|p1a: Zapdos|0 fnt
|faint|p1a: Zapdos
|
|-heal|p2a: Breloom|145\/264 tox|[from] ability: Poison Heal
|c|âgreentax|gg
|-message|greentax forfeited.
|leave|greentax
|
|win|kianann
|raw|Ladder updating...
|player|p1
|raw|greentax's rating: 1489 &rarr; <strong>1464<\/strong><br \/>(-25 for losing)
|raw|kianann's rating: 1399 &rarr; <strong>1424<\/strong><br \/>(+25 for winning)
|c| Syrus_Vikeruce|Well
|c| Syrus_Vikeruce|That was somethin',
|c| Syrus_Vikeruce|XD
|c| Syrus_Vikeruce|Before you go Kia,
|c| Syrus_Vikeruce|I wanna ask,
|c| Syrus_Vikeruce|Do you play competitively using a 3DS?
|leave|Syrus_Vikeruce