|join|Yummygrapes
|join|kianann
|player|p1|Yummygrapes|293
|player|p2|kianann|170
|gametype|singles
|gen|6
|tier|OU
|rated
|clearpoke
|poke|p1|Charizard, M
|poke|p1|Landorus-Therian, M
|poke|p1|Azumarill, F
|poke|p1|Ferrothorn, F
|poke|p1|Mew
|poke|p1|Latias, F
|poke|p2|Politoed, F
|poke|p2|Swampert, M
|poke|p2|Kingdra, F
|poke|p2|Klefki, M
|poke|p2|Manaphy
|poke|p2|Landorus-Therian, M
|rule|Swagger Clause: Swagger is banned
|rule|Baton Pass Clause: Limit one PokÃ©mon knowing Baton Pass
|rule|Sleep Clause Mod: Limit one foe put to sleep
|rule|Species Clause: Limit one of each PokÃ©mon
|rule|OHKO Clause: OHKO moves are banned
|rule|Moody Clause: Moody is banned
|rule|Evasion Moves Clause: Evasion moves are banned
|rule|Endless Battle Clause: Forcing endless battles is banned
|rule|HP Percentage Mod: HP is shown in percentages
|teampreview
|
|start
|switch|p1a: Mew|Mew|404\/404
|switch|p2a: Landorus-Therian|Landorus-Therian, M|319\/319
|-ability|p2a: Landorus-Therian|Intimidate|[of] p1a: Mew
|-unboost|p1a: Mew|atk|1
|turn|1
|
|move|p2a: Landorus-Therian|U-turn|p1a: Mew
|-supereffective|p1a: Mew
|-damage|p1a: Mew|250\/404
|
|switch|p2a: Manaphy|Manaphy|404\/404
|move|p1a: Mew|Will-O-Wisp|p2a: Manaphy|[miss]
|-miss|p1a: Mew|p2a: Manaphy
|
|-heal|p1a: Mew|275\/404|[from] item: Leftovers
|turn|2
|
|move|p2a: Manaphy|Tail Glow|p2a: Manaphy
|-boost|p2a: Manaphy|spa|3
|move|p1a: Mew|Taunt|p2a: Manaphy
|-start|p2a: Manaphy|move: Taunt
|
|-heal|p1a: Mew|300\/404|[from] item: Leftovers
|turn|3
|
|move|p2a: Manaphy|Surf|p1a: Mew
|-damage|p1a: Mew|38\/404
|move|p1a: Mew|Knock Off|p2a: Manaphy
|-damage|p2a: Manaphy|356\/404
|-enditem|p2a: Manaphy|Leftovers|[from] move: Knock Off|[of] p1a: Mew
|
|-heal|p1a: Mew|63\/404|[from] item: Leftovers
|turn|4
|
|move|p2a: Manaphy|Surf|p1a: Mew
|-damage|p1a: Mew|0 fnt
|faint|p1a: Mew
|
|
|switch|p1a: Azumarill|Azumarill, F|404\/404
|turn|5
|
|move|p2a: Manaphy|Psychic|p1a: Azumarill
|-damage|p1a: Azumarill|175\/404
|move|p1a: Azumarill|Play Rough|p2a: Manaphy
|-damage|p2a: Manaphy|65\/404
|
|-end|p2a: Manaphy|move: Taunt
|turn|6
|
|switch|p2a: Klefki|Klefki, M|317\/317
|move|p1a: Azumarill|Play Rough|p2a: Klefki|[miss]
|-miss|p1a: Azumarill|p2a: Klefki
|
|turn|7
|
|switch|p1a: Ferrothorn|Ferrothorn, F|352\/352
|move|p2a: Klefki|Thunder Wave|p1a: Ferrothorn
|-status|p1a: Ferrothorn|par
|
|turn|8
|
|switch|p2a: Politoed|Politoed, F|342\/342
|-weather|RainDance
|cant|p1a: Ferrothorn|par
|
|-weather|RainDance|[upkeep]
|turn|9
|
|switch|p2a: Manaphy|Manaphy|65\/404
|move|p1a: Ferrothorn|Power Whip|p2a: Manaphy|[miss]
|-miss|p1a: Ferrothorn|p2a: Manaphy
|
|-weather|RainDance|[upkeep]
|turn|10
|
|switch|p2a: Klefki|Klefki, M|317\/317
|move|p1a: Ferrothorn|Power Whip|p2a: Klefki|[miss]
|-miss|p1a: Ferrothorn|p2a: Klefki
|
|-weather|RainDance|[upkeep]
|turn|11
|
|move|p2a: Klefki|Spikes|p1a: Ferrothorn
|-sidestart|p1: Yummygrapes|Spikes
|move|p1a: Ferrothorn|Stealth Rock|p2a: Klefki
|-sidestart|p2: kianann|move: Stealth Rock
|
|-weather|RainDance|[upkeep]
|turn|12
|
|move|p2a: Klefki|Spikes|p1a: Ferrothorn
|-sidestart|p1: Yummygrapes|Spikes
|move|p1a: Ferrothorn|Leech Seed|p2a: Klefki
|-start|p2a: Klefki|move: Leech Seed
|
|-weather|RainDance|[upkeep]
|-damage|p2a: Klefki|278\/317|[from] Leech Seed|[of] p1a: Ferrothorn
|turn|13
|
|switch|p1a: Landorus-Therian|Landorus-Therian, M|319\/319
|-ability|p1a: Landorus-Therian|Intimidate|[of] p2a: Klefki
|-unboost|p2a: Klefki|atk|1
|move|p2a: Klefki|Spikes|p1a: Landorus-Therian
|-sidestart|p1: Yummygrapes|Spikes
|
|-weather|RainDance|[upkeep]
|-damage|p2a: Klefki|239\/317|[from] Leech Seed|[of] p1a: Landorus-Therian
|turn|14
|
|switch|p2a: Landorus-Therian|Landorus-Therian, M|319\/319
|-damage|p2a: Landorus-Therian|280\/319|[from] Stealth Rock
|-ability|p2a: Landorus-Therian|Intimidate|[of] p1a: Landorus-Therian
|-unboost|p1a: Landorus-Therian|atk|1
|move|p1a: Landorus-Therian|Knock Off|p2a: Landorus-Therian
|-damage|p2a: Landorus-Therian|188\/319
|-enditem|p2a: Landorus-Therian|Choice Scarf|[from] move: Knock Off|[of] p1a: Landorus-Therian
|
|-weather|RainDance|[upkeep]
|turn|15
|
|switch|p1a: Ferrothorn|Ferrothorn, F|352\/352 par
|-damage|p1a: Ferrothorn|264\/352 par|[from] Spikes
|move|p2a: Landorus-Therian|U-turn|p1a: Ferrothorn
|-damage|p1a: Ferrothorn|213\/352 par
|-damage|p2a: Landorus-Therian|149\/319|[from] ability: Iron Barbs|[of] p1a: Ferrothorn
|
|switch|p2a: Kingdra|Kingdra, F|291\/291
|-damage|p2a: Kingdra|255\/291|[from] Stealth Rock
|
|-weather|none
|-heal|p1a: Ferrothorn|235\/352 par|[from] item: Leftovers
|turn|16
|
|move|p2a: Kingdra|Hydro Pump|p1a: Ferrothorn
|-resisted|p1a: Ferrothorn
|-damage|p1a: Ferrothorn|147\/352 par
|-damage|p2a: Kingdra|226\/291|[from] item: Life Orb
|cant|p1a: Ferrothorn|par
|
|-heal|p1a: Ferrothorn|169\/352 par|[from] item: Leftovers
|turn|17
|
|switch|p2a: Klefki|Klefki, M|239\/317
|-damage|p2a: Klefki|220\/317|[from] Stealth Rock
|move|p1a: Ferrothorn|Power Whip|p2a: Klefki
|-resisted|p2a: Klefki
|-damage|p2a: Klefki|166\/317
|
|-heal|p1a: Ferrothorn|191\/352 par|[from] item: Leftovers
|turn|18
|
|move|p2a: Klefki|Rain Dance|p2a: Klefki
|-weather|RainDance
|move|p1a: Ferrothorn|Leech Seed|p2a: Klefki
|-start|p2a: Klefki|move: Leech Seed
|
|-weather|RainDance|[upkeep]
|-heal|p1a: Ferrothorn|213\/352 par|[from] item: Leftovers
|-damage|p2a: Klefki|127\/317|[from] Leech Seed|[of] p1a: Ferrothorn
|-heal|p1a: Ferrothorn|252\/352 par|[silent]
|turn|19
|
|switch|p2a: Landorus-Therian|Landorus-Therian, M|149\/319
|-damage|p2a: Landorus-Therian|110\/319|[from] Stealth Rock
|-ability|p2a: Landorus-Therian|Intimidate|[of] p1a: Ferrothorn
|-unboost|p1a: Ferrothorn|atk|1
|cant|p1a: Ferrothorn|par
|
|-weather|RainDance|[upkeep]
|-heal|p1a: Ferrothorn|274\/352 par|[from] item: Leftovers
|turn|20
|
|switch|p1a: Latias|Latias, F|301\/301
|move|p2a: Landorus-Therian|Earthquake|p1a: Latias
|-immune|p1a: Latias|[msg]
|
|-weather|RainDance|[upkeep]
|turn|21
|
|move|p1a: Latias|Defog|p2a: Landorus-Therian
|-unboost|p2a: Landorus-Therian|evasion|1
|-sideend|p2: kianann|Stealth Rock|[from] move: Defog|[of] p2a: Landorus-Therian
|-sideend|p1: Yummygrapes|Spikes|[from] move: Defog|[of] p1a: Latias
|move|p2a: Landorus-Therian|Explosion|p1a: Latias
|-damage|p1a: Latias|0 fnt
|faint|p2a: Landorus-Therian
|faint|p1a: Latias
|
|-weather|RainDance|[upkeep]
|
|switch|p2a: Kingdra|Kingdra, F|226\/291
|switch|p1a: Ferrothorn|Ferrothorn, F|274\/352 par
|turn|22
|
|move|p2a: Kingdra|Hydro Pump|p1a: Ferrothorn
|-resisted|p1a: Ferrothorn
|-damage|p1a: Ferrothorn|130\/352 par
|-damage|p2a: Kingdra|197\/291|[from] item: Life Orb
|move|p1a: Ferrothorn|Power Whip|p2a: Kingdra
|-damage|p2a: Kingdra|53\/291
|
|-weather|RainDance|[upkeep]
|-heal|p1a: Ferrothorn|152\/352 par|[from] item: Leftovers
|turn|23
|
|move|p2a: Kingdra|Hydro Pump|p1a: Ferrothorn
|-resisted|p1a: Ferrothorn
|-damage|p1a: Ferrothorn|16\/352 par
|-damage|p2a: Kingdra|24\/291|[from] item: Life Orb
|move|p1a: Ferrothorn|Leech Seed|p2a: Kingdra
|-start|p2a: Kingdra|move: Leech Seed
|
|-weather|RainDance|[upkeep]
|-heal|p1a: Ferrothorn|38\/352 par|[from] item: Leftovers
|-damage|p2a: Kingdra|0 fnt|[from] Leech Seed|[of] p1a: Ferrothorn
|-heal|p1a: Ferrothorn|62\/352 par|[silent]
|faint|p2a: Kingdra
|
|switch|p2a: Swampert|Swampert, M|341\/341
|turn|24
|
|detailschange|p2a: Swampert|Swampert-Mega, M
|-mega|p2a: Swampert|Swampert|Swampertite
|move|p2a: Swampert|Waterfall|p1a: Ferrothorn
|-resisted|p1a: Ferrothorn
|-damage|p1a: Ferrothorn|0 fnt
|-damage|p2a: Swampert|299\/341|[from] ability: Iron Barbs|[of] p1a: Ferrothorn
|faint|p1a: Ferrothorn
|
|-weather|RainDance|[upkeep]
|
|switch|p1a: Landorus-Therian|Landorus-Therian, M|319\/319
|-ability|p1a: Landorus-Therian|Intimidate|[of] p2a: Swampert
|-unboost|p2a: Swampert|atk|1
|turn|25
|
|move|p2a: Swampert|Waterfall|p1a: Landorus-Therian
|-supereffective|p1a: Landorus-Therian
|-damage|p1a: Landorus-Therian|0 fnt
|faint|p1a: Landorus-Therian
|
|-weather|none
|
|switch|p1a: Charizard|Charizard, M|297\/297
|turn|26
|
|switch|p2a: Manaphy|Manaphy|65\/404
|detailschange|p1a: Charizard|Charizard-Mega-X, M
|-mega|p1a: Charizard|Charizard|Charizardite X
|move|p1a: Charizard|Dragon Dance|p1a: Charizard
|-boost|p1a: Charizard|atk|1
|-boost|p1a: Charizard|spe|1
|
|turn|27
|
|move|p1a: Charizard|Dragon Claw|p2a: Manaphy
|-damage|p2a: Manaphy|0 fnt
|faint|p2a: Manaphy
|
|
|switch|p2a: Klefki|Klefki, M|127\/317
|turn|28
|
|move|p2a: Klefki|Thunder Wave|p1a: Charizard
|-status|p1a: Charizard|par
|move|p1a: Charizard|Flare Blitz|p2a: Klefki
|-crit|p2a: Klefki
|-supereffective|p2a: Klefki
|-damage|p2a: Klefki|0 fnt
|-damage|p1a: Charizard|255\/297 par|[from] recoil|[of] p2a: Klefki
|faint|p2a: Klefki
|
|
|switch|p2a: Politoed|Politoed, F|342\/342
|-weather|RainDance
|turn|29
|
|move|p2a: Politoed|Encore|p1a: Charizard
|-start|p1a: Charizard|Encore
|cant|p1a: Charizard|par
|
|-weather|RainDance|[upkeep]
|turn|30
|
|switch|p1a: Azumarill|Azumarill, F|175\/404
|move|p2a: Politoed|Scald|p1a: Azumarill
|-resisted|p1a: Azumarill
|-damage|p1a: Azumarill|93\/404
|
|-weather|RainDance|[upkeep]
|turn|31
|
|move|p2a: Politoed|Scald|p1a: Azumarill
|-resisted|p1a: Azumarill
|-damage|p1a: Azumarill|11\/404
|-status|p1a: Azumarill|brn
|move|p1a: Azumarill|Play Rough|p2a: Politoed|[miss]
|-miss|p1a: Azumarill|p2a: Politoed
|
|-weather|RainDance|[upkeep]
|-damage|p1a: Azumarill|0 fnt|[from] brn
|faint|p1a: Azumarill
|-message|Yummygrapes forfeited.
|leave|Yummygrapes
|
|win|kianann
|raw|Ladder updating...
|player|p1
|raw|Yummygrapes's rating: 1389 &rarr; <strong>1370<\/strong><br \/>(-19 for losing)
|raw|kianann's rating: 1413 &rarr; <strong>1432<\/strong><br \/>(+19 for winning)