|join|gfjfygj
|join|kianann
|player|p1|gfjfygj|169
|player|p2|kianann|2
|gametype|singles
|gen|6
|tier|OU
|rated
|clearpoke
|poke|p1|Heatran, F
|poke|p1|Kyurem-Black
|poke|p1|Sylveon, M
|poke|p1|Thundurus, M
|poke|p1|Landorus-Therian, M
|poke|p1|Tyranitar, F
|poke|p2|Chansey, F
|poke|p2|Landorus-Therian, M
|poke|p2|Sableye, M
|poke|p2|Skarmory, F
|poke|p2|Heatran, F
|poke|p2|Sylveon, M
|rule|Swagger Clause: Swagger is banned
|rule|Baton Pass Clause: Limit one PokÃ©mon knowing Baton Pass
|rule|Sleep Clause Mod: Limit one foe put to sleep
|rule|Species Clause: Limit one of each PokÃ©mon
|rule|OHKO Clause: OHKO moves are banned
|rule|Moody Clause: Moody is banned
|rule|Evasion Moves Clause: Evasion moves are banned
|rule|Endless Battle Clause: Forcing endless battles is banned
|rule|HP Percentage Mod: HP is shown in percentages
|teampreview
|
|start
|switch|p1a: Landorus-Therian|Landorus-Therian, M|319\/319
|switch|p2a: Sableye|Sableye, M|303\/303
|-ability|p1a: Landorus-Therian|Intimidate|[of] p2a: Sableye
|-unboost|p2a: Sableye|atk|1
|turn|1
|
|switch|p1a: Sylveon|Sylveon, M|380\/380
|detailschange|p2a: Sableye|Sableye-Mega, M
|-mega|p2a: Sableye|Sableye|Sablenite
|move|p2a: Sableye|Calm Mind|p2a: Sableye
|-boost|p2a: Sableye|spa|1
|-boost|p2a: Sableye|spd|1
|
|turn|2
|join|yeeeet5
|c|âgfjfygj|you keep watching my matches lol
|
|switch|p2a: Skarmory|Skarmory, F|333\/333
|move|p1a: Sylveon|Hyper Voice|p2a: Skarmory
|-resisted|p2a: Skarmory
|-damage|p2a: Skarmory|122\/333
|
|turn|3
|
|switch|p2a: Heatran|Heatran, F|323\/323
|switch|p1a: Heatran|Heatran, F|386\/386
|
|turn|4
|
|switch|p1a: Thundurus|Thundurus, M|299\/299
|move|p2a: Heatran|Earth Power|p1a: Thundurus
|-immune|p1a: Thundurus|[msg]
|
|turn|5
|
|switch|p2a: Sableye|Sableye-Mega, M|303\/303
|move|p1a: Thundurus|Thunder Wave|p2a: Sableye
|move|p2a: Sableye|Thunder Wave|p1a: Thundurus|[from]Magic Bounce
|-fail|p1a: Thundurus
|
|turn|6
|
|switch|p1a: Sylveon|Sylveon, M|380\/380
|move|p2a: Sableye|Will-O-Wisp|p1a: Sylveon
|-status|p1a: Sylveon|brn
|
|-damage|p1a: Sylveon|333\/380 brn|[from] brn
|turn|7
|
|switch|p2a: Heatran|Heatran, F|323\/323
|move|p1a: Sylveon|Psyshock|p2a: Heatran
|-resisted|p2a: Heatran
|-damage|p2a: Heatran|256\/323
|
|-damage|p1a: Sylveon|286\/380 brn|[from] brn
|turn|8
|
|switch|p1a: Thundurus|Thundurus, M|299\/299
|move|p2a: Heatran|Overheat|p1a: Thundurus
|-damage|p1a: Thundurus|35\/299
|-unboost|p2a: Heatran|spa|2
|
|turn|9
|
|move|p2a: Heatran|Overheat|p1a: Thundurus
|-damage|p1a: Thundurus|0 fnt
|-unboost|p2a: Heatran|spa|2
|faint|p1a: Thundurus
|
|
|switch|p1a: Kyurem-Black|Kyurem-Black|391\/391
|-ability|p1a: Kyurem-Black|Teravolt
|turn|10
|
|switch|p2a: Skarmory|Skarmory, F|122\/333
|move|p1a: Kyurem-Black|Ice Beam|p2a: Skarmory
|-damage|p2a: Skarmory|0 fnt
|faint|p2a: Skarmory
|
|
|switch|p2a: Sylveon|Sylveon, M|394\/394
|turn|11
|
|switch|p1a: Heatran|Heatran, F|386\/386
|move|p2a: Sylveon|Hyper Voice|p1a: Heatran
|-resisted|p1a: Heatran
|-damage|p1a: Heatran|340\/386
|
|-heal|p1a: Heatran|364\/386|[from] item: Leftovers
|turn|12
|
|switch|p2a: Sableye|Sableye-Mega, M|303\/303
|move|p1a: Heatran|Stealth Rock|p2a: Sableye
|move|p2a: Sableye|Stealth Rock|p1a: Heatran|[from]Magic Bounce
|-sidestart|p1: gfjfygj|move: Stealth Rock
|
|-heal|p1a: Heatran|386\/386|[from] item: Leftovers
|turn|13
|c|âgfjfygj|how did i not see that coming..
|
|switch|p1a: Sylveon|Sylveon, M|286\/380 brn
|-damage|p1a: Sylveon|239\/380 brn|[from] Stealth Rock
|move|p2a: Sableye|Dark Pulse|p1a: Sylveon
|-resisted|p1a: Sylveon
|-damage|p1a: Sylveon|206\/380 brn
|
|-damage|p1a: Sylveon|159\/380 brn|[from] brn
|turn|14
|
|switch|p2a: Heatran|Heatran, F|256\/323
|move|p1a: Sylveon|Wish|p1a: Sylveon
|
|-damage|p1a: Sylveon|112\/380 brn|[from] brn
|turn|15
|
|move|p2a: Heatran|Flash Cannon|p1a: Sylveon
|-supereffective|p1a: Sylveon
|-damage|p1a: Sylveon|0 fnt
|faint|p1a: Sylveon
|
|
|switch|p1a: Landorus-Therian|Landorus-Therian, M|319\/319
|-damage|p1a: Landorus-Therian|280\/319|[from] Stealth Rock
|-ability|p1a: Landorus-Therian|Intimidate|[of] p2a: Heatran
|-unboost|p2a: Heatran|atk|1
|turn|16
|
|switch|p2a: Landorus-Therian|Landorus-Therian, M|319\/319
|-ability|p2a: Landorus-Therian|Intimidate|[of] p1a: Landorus-Therian
|-unboost|p1a: Landorus-Therian|atk|1
|move|p1a: Landorus-Therian|U-turn|p2a: Landorus-Therian
|-resisted|p2a: Landorus-Therian
|-damage|p2a: Landorus-Therian|289\/319
|
|switch|p1a: Tyranitar|Tyranitar, F|341\/341
|-damage|p1a: Tyranitar|299\/341|[from] Stealth Rock
|-weather|Sandstorm
|
|-weather|Sandstorm|[upkeep]
|turn|17
|
|detailschange|p1a: Tyranitar|Tyranitar-Mega, F
|-mega|p1a: Tyranitar|Tyranitar|Tyranitarite
|move|p2a: Landorus-Therian|U-turn|p1a: Tyranitar
|-supereffective|p1a: Tyranitar
|-damage|p1a: Tyranitar|169\/341
|
|switch|p2a: Chansey|Chansey, F|703\/703
|move|p1a: Tyranitar|Dragon Dance|p1a: Tyranitar
|-boost|p1a: Tyranitar|atk|1
|-boost|p1a: Tyranitar|spe|1
|
|-weather|Sandstorm|[upkeep]
|-damage|p2a: Chansey|660\/703|[from] sandstorm
|turn|18
|
|move|p1a: Tyranitar|Stone Edge|p2a: Chansey|[miss]
|-miss|p1a: Tyranitar|p2a: Chansey
|move|p2a: Chansey|Thunder Wave|p1a: Tyranitar
|-status|p1a: Tyranitar|par
|
|-weather|Sandstorm|[upkeep]
|-damage|p2a: Chansey|617\/703|[from] sandstorm
|turn|19
|c|âgfjfygj|that is fucking hilarious
|
|move|p2a: Chansey|Seismic Toss|p1a: Tyranitar
|-damage|p1a: Tyranitar|69\/341 par
|move|p1a: Tyranitar|Ice Punch|p2a: Chansey
|-damage|p2a: Chansey|382\/703
|
|-weather|Sandstorm|[upkeep]
|-damage|p2a: Chansey|339\/703|[from] sandstorm
|turn|20
|
|move|p2a: Chansey|Soft-Boiled|p2a: Chansey
|-heal|p2a: Chansey|691\/703
|move|p1a: Tyranitar|Stone Edge|p2a: Chansey
|-damage|p2a: Chansey|243\/703
|
|-weather|none
|turn|21
|
|move|p2a: Chansey|Seismic Toss|p1a: Tyranitar
|-damage|p1a: Tyranitar|0 fnt
|faint|p1a: Tyranitar
|
|
|switch|p1a: Landorus-Therian|Landorus-Therian, M|280\/319
|-damage|p1a: Landorus-Therian|241\/319|[from] Stealth Rock
|-ability|p1a: Landorus-Therian|Intimidate|[of] p2a: Chansey
|-unboost|p2a: Chansey|atk|1
|turn|22
|
|switch|p2a: Landorus-Therian|Landorus-Therian, M|289\/319
|-ability|p2a: Landorus-Therian|Intimidate|[of] p1a: Landorus-Therian
|-unboost|p1a: Landorus-Therian|atk|1
|move|p1a: Landorus-Therian|Stone Edge|p2a: Landorus-Therian
|-damage|p2a: Landorus-Therian|197\/319
|
|turn|23
|
|move|p1a: Landorus-Therian|Stone Edge|p2a: Landorus-Therian
|-damage|p2a: Landorus-Therian|105\/319
|move|p2a: Landorus-Therian|Knock Off|p1a: Landorus-Therian
|-damage|p1a: Landorus-Therian|96\/319
|-enditem|p1a: Landorus-Therian|Choice Scarf|[from] move: Knock Off|[of] p2a: Landorus-Therian
|
|turn|24
|
|switch|p1a: Heatran|Heatran, F|386\/386
|-damage|p1a: Heatran|338\/386|[from] Stealth Rock
|move|p2a: Landorus-Therian|Knock Off|p1a: Heatran
|-damage|p1a: Heatran|219\/386
|-enditem|p1a: Heatran|Leftovers|[from] move: Knock Off|[of] p2a: Landorus-Therian
|
|turn|25
|
|switch|p2a: Sableye|Sableye-Mega, M|303\/303
|move|p1a: Heatran|Stealth Rock|p2a: Sableye
|move|p2a: Sableye|Stealth Rock|p1a: Heatran|[from]Magic Bounce
|-fail|p1a: Heatran
|
|turn|26
|leave|gfjfygj
|player|p1
|-message|gfjfygj lost due to inactivity.
|
|win|kianann
|raw|Ladder updating...
|raw|gfjfygj's rating: 1460 &rarr; <strong>1436<\/strong><br \/>(-24 for losing)
|raw|kianann's rating: 1391 &rarr; <strong>1415<\/strong><br \/>(+24 for winning)