|join|just2shmoove
|join|kianann
|player|p1|just2shmoove|170
|player|p2|kianann|169
|gametype|singles
|gen|6
|tier|OU
|rated
|clearpoke
|poke|p1|Sylveon, M
|poke|p1|Heatran, M
|poke|p1|Thundurus-Therian, M
|poke|p1|Azumarill, M
|poke|p1|Pinsir, M, shiny
|poke|p1|Porygon2
|poke|p2|Sableye, M
|poke|p2|Talonflame, M
|poke|p2|Forretress, M
|poke|p2|Landorus-Therian, M
|poke|p2|Rotom-Wash
|poke|p2|Magnezone
|rule|Swagger Clause: Swagger is banned
|rule|Baton Pass Clause: Limit one PokÃ©mon knowing Baton Pass
|rule|Sleep Clause Mod: Limit one foe put to sleep
|rule|Species Clause: Limit one of each PokÃ©mon
|rule|OHKO Clause: OHKO moves are banned
|rule|Moody Clause: Moody is banned
|rule|Evasion Moves Clause: Evasion moves are banned
|rule|Endless Battle Clause: Forcing endless battles is banned
|rule|HP Percentage Mod: HP is shown in percentages
|teampreview
|
|start
|switch|p1a: Porygon2|Porygon2|374\/374
|switch|p2a: Sableye|Sableye, M|303\/303
|-boost|p1a: Porygon2|atk|1|[from] ability: Download
|turn|1
|
|switch|p1a: Sylveon|Sylveon, M|393\/393
|detailschange|p2a: Sableye|Sableye-Mega, M
|-mega|p2a: Sableye|Sableye|Sablenite
|move|p2a: Sableye|Will-O-Wisp|p1a: Sylveon
|-status|p1a: Sylveon|brn
|
|-damage|p1a: Sylveon|344\/393 brn|[from] brn
|turn|2
|
|switch|p2a: Magnezone|Magnezone|281\/281
|move|p1a: Sylveon|Hidden Power|p2a: Magnezone
|-supereffective|p2a: Magnezone
|-damage|p2a: Magnezone|0 fnt
|faint|p2a: Magnezone
|
|-damage|p1a: Sylveon|295\/393 brn|[from] brn
|
|switch|p2a: Landorus-Therian|Landorus-Therian, M|319\/319
|-ability|p2a: Landorus-Therian|Intimidate|[of] p1a: Sylveon
|-unboost|p1a: Sylveon|atk|1
|turn|3
|
|switch|p1a: Porygon2|Porygon2|374\/374
|-boost|p1a: Porygon2|spa|1|[from] ability: Download
|move|p2a: Landorus-Therian|Explosion|p1a: Porygon2
|-crit|p1a: Porygon2
|-damage|p1a: Porygon2|121\/374
|faint|p2a: Landorus-Therian
|
|
|switch|p2a: Sableye|Sableye-Mega, M|303\/303
|turn|4
|
|switch|p1a: Heatran|Heatran, M|386\/386
|move|p2a: Sableye|Calm Mind|p2a: Sableye
|-boost|p2a: Sableye|spa|1
|-boost|p2a: Sableye|spd|1
|
|turn|5
|
|switch|p1a: Sylveon|Sylveon, M|295\/393 brn
|move|p2a: Sableye|Calm Mind|p2a: Sableye
|-boost|p2a: Sableye|spa|1
|-boost|p2a: Sableye|spd|1
|
|-damage|p1a: Sylveon|246\/393 brn|[from] brn
|turn|6
|
|move|p1a: Sylveon|Hyper Voice|p2a: Sableye
|-supereffective|p2a: Sableye
|-damage|p2a: Sableye|115\/303
|move|p2a: Sableye|Recover|p2a: Sableye
|-heal|p2a: Sableye|267\/303
|
|-damage|p1a: Sylveon|197\/393 brn|[from] brn
|turn|7
|
|move|p1a: Sylveon|Hyper Voice|p2a: Sableye
|-supereffective|p2a: Sableye
|-damage|p2a: Sableye|81\/303
|move|p2a: Sableye|Recover|p2a: Sableye
|-heal|p2a: Sableye|233\/303
|
|-damage|p1a: Sylveon|148\/393 brn|[from] brn
|turn|8
|
|move|p1a: Sylveon|Hyper Voice|p2a: Sableye
|-supereffective|p2a: Sableye
|-damage|p2a: Sableye|35\/303
|move|p2a: Sableye|Recover|p2a: Sableye
|-heal|p2a: Sableye|187\/303
|
|-damage|p1a: Sylveon|99\/393 brn|[from] brn
|turn|9
|
|switch|p2a: Forretress|Forretress, M|354\/354
|move|p1a: Sylveon|Hyper Voice|p2a: Forretress
|-resisted|p2a: Forretress
|-damage|p2a: Forretress|132\/354
|
|-heal|p2a: Forretress|154\/354|[from] item: Leftovers
|-damage|p1a: Sylveon|50\/393 brn|[from] brn
|turn|10
|
|switch|p1a: Heatran|Heatran, M|386\/386
|move|p2a: Forretress|Stealth Rock|p1a: Heatran
|-sidestart|p1: just2shmoove|move: Stealth Rock
|
|-heal|p2a: Forretress|176\/354|[from] item: Leftovers
|turn|11
|
|switch|p2a: Sableye|Sableye-Mega, M|187\/303
|move|p1a: Heatran|Stealth Rock|p2a: Sableye
|move|p2a: Sableye|Stealth Rock|p1a: Heatran|[from]Magic Bounce
|-fail|p1a: Heatran
|
|turn|12
|
|move|p1a: Heatran|Lava Plume|p2a: Sableye
|-crit|p2a: Sableye
|-damage|p2a: Sableye|76\/303
|move|p2a: Sableye|Calm Mind|p2a: Sableye
|-boost|p2a: Sableye|spa|1
|-boost|p2a: Sableye|spd|1
|
|turn|13
|
|move|p1a: Heatran|Lava Plume|p2a: Sableye
|-damage|p2a: Sableye|28\/303
|-status|p2a: Sableye|brn
|move|p2a: Sableye|Recover|p2a: Sableye
|-heal|p2a: Sableye|180\/303 brn
|
|-damage|p2a: Sableye|143\/303 brn|[from] brn
|turn|14
|
|move|p1a: Heatran|Lava Plume|p2a: Sableye
|-damage|p2a: Sableye|94\/303 brn
|move|p2a: Sableye|Recover|p2a: Sableye
|-heal|p2a: Sableye|246\/303 brn
|
|-damage|p2a: Sableye|209\/303 brn|[from] brn
|turn|15
|
|switch|p1a: Sylveon|Sylveon, M|50\/393 brn
|-damage|p1a: Sylveon|1\/393 brn|[from] Stealth Rock
|move|p2a: Sableye|Calm Mind|p2a: Sableye
|-boost|p2a: Sableye|spa|1
|-boost|p2a: Sableye|spd|1
|
|-damage|p1a: Sylveon|0 fnt|[from] brn
|-damage|p2a: Sableye|172\/303 brn|[from] brn
|faint|p1a: Sylveon
|
|switch|p1a: Azumarill|Azumarill, M|390\/390
|-damage|p1a: Azumarill|342\/390|[from] Stealth Rock
|turn|16
|
|switch|p2a: Rotom-Wash|Rotom-Wash|304\/304
|move|p1a: Azumarill|Play Rough|p2a: Rotom-Wash
|-damage|p2a: Rotom-Wash|147\/304
|
|-heal|p2a: Rotom-Wash|166\/304|[from] item: Leftovers
|turn|17
|
|switch|p1a: Thundurus-Therian|Thundurus-Therian, M|299\/299
|-damage|p1a: Thundurus-Therian|225\/299|[from] Stealth Rock
|move|p2a: Rotom-Wash|Pain Split|p1a: Thundurus-Therian
|-sethp|p1a: Thundurus-Therian|195\/299|p2a: Rotom-Wash|195\/304|[from] move: Pain Split
|
|-heal|p2a: Rotom-Wash|214\/304|[from] item: Leftovers
|turn|18
|
|move|p1a: Thundurus-Therian|Volt Switch|p2a: Rotom-Wash
|-damage|p2a: Rotom-Wash|120\/304
|
|switch|p1a: Porygon2|Porygon2|121\/374
|-damage|p1a: Porygon2|75\/374|[from] Stealth Rock
|-boost|p1a: Porygon2|atk|1|[from] ability: Download
|move|p2a: Rotom-Wash|Hydro Pump|p1a: Porygon2
|-damage|p1a: Porygon2|0 fnt
|faint|p1a: Porygon2
|
|-heal|p2a: Rotom-Wash|139\/304|[from] item: Leftovers
|
|switch|p1a: Pinsir|Pinsir, M, shiny|271\/271
|-damage|p1a: Pinsir|204\/271|[from] Stealth Rock
|turn|19
|
|detailschange|p1a: Pinsir|Pinsir-Mega, M, shiny
|-mega|p1a: Pinsir|Pinsir|Pinsirite
|move|p1a: Pinsir|Close Combat|p2a: Rotom-Wash
|-damage|p2a: Rotom-Wash|7\/304
|-unboost|p1a: Pinsir|def|1
|-unboost|p1a: Pinsir|spd|1
|move|p2a: Rotom-Wash|Will-O-Wisp|p1a: Pinsir
|-status|p1a: Pinsir|brn
|
|-heal|p2a: Rotom-Wash|26\/304|[from] item: Leftovers
|-damage|p1a: Pinsir|171\/271 brn|[from] brn
|turn|20
|
|move|p1a: Pinsir|Close Combat|p2a: Rotom-Wash
|-damage|p2a: Rotom-Wash|0 fnt
|-unboost|p1a: Pinsir|def|1
|-unboost|p1a: Pinsir|spd|1
|faint|p2a: Rotom-Wash
|
|-damage|p1a: Pinsir|138\/271 brn|[from] brn
|
|switch|p2a: Forretress|Forretress, M|176\/354
|turn|21
|
|move|p1a: Pinsir|Swords Dance|p1a: Pinsir
|-boost|p1a: Pinsir|atk|2
|move|p2a: Forretress|Volt Switch|p1a: Pinsir
|-supereffective|p1a: Pinsir
|-damage|p1a: Pinsir|0 fnt
|faint|p1a: Pinsir
|
|switch|p2a: Talonflame|Talonflame, M|297\/297
|
|
|switch|p1a: Azumarill|Azumarill, M|342\/390
|-damage|p1a: Azumarill|294\/390|[from] Stealth Rock
|turn|22
|
|move|p2a: Talonflame|Brave Bird|p1a: Azumarill
|-damage|p1a: Azumarill|20\/390
|-damage|p2a: Talonflame|207\/297|[from] recoil|[of] p1a: Azumarill
|-damage|p2a: Talonflame|178\/297|[from] item: Life Orb
|move|p1a: Azumarill|Waterfall|p2a: Talonflame
|-crit|p2a: Talonflame
|-supereffective|p2a: Talonflame
|-damage|p2a: Talonflame|0 fnt
|faint|p2a: Talonflame
|
|
|switch|p2a: Forretress|Forretress, M|176\/354
|turn|23
|
|move|p1a: Azumarill|Knock Off|p2a: Forretress
|-damage|p2a: Forretress|99\/354
|-enditem|p2a: Forretress|Leftovers|[from] move: Knock Off|[of] p1a: Azumarill
|move|p2a: Forretress|Gyro Ball|p1a: Azumarill
|-crit|p1a: Azumarill
|-damage|p1a: Azumarill|0 fnt
|faint|p1a: Azumarill
|
|
|switch|p1a: Heatran|Heatran, M|386\/386
|-damage|p1a: Heatran|338\/386|[from] Stealth Rock
|turn|24
|
|move|p1a: Heatran|Lava Plume|p2a: Forretress
|-supereffective|p2a: Forretress
|-damage|p2a: Forretress|0 fnt
|faint|p2a: Forretress
|
|-heal|p1a: Heatran|362\/386|[from] item: Leftovers
|
|switch|p2a: Sableye|Sableye-Mega, M|172\/303 brn
|turn|25
|
|move|p1a: Heatran|Lava Plume|p2a: Sableye
|-damage|p2a: Sableye|87\/303 brn
|move|p2a: Sableye|Recover|p2a: Sableye
|-heal|p2a: Sableye|239\/303 brn
|
|-heal|p1a: Heatran|386\/386|[from] item: Leftovers
|-damage|p2a: Sableye|202\/303 brn|[from] brn
|turn|26
|
|move|p1a: Heatran|Lava Plume|p2a: Sableye
|-damage|p2a: Sableye|123\/303 brn
|move|p2a: Sableye|Recover|p2a: Sableye
|-heal|p2a: Sableye|275\/303 brn
|
|-damage|p2a: Sableye|238\/303 brn|[from] brn
|turn|27
|
|move|p1a: Heatran|Lava Plume|p2a: Sableye
|-damage|p2a: Sableye|159\/303 brn
|move|p2a: Sableye|Calm Mind|p2a: Sableye
|-boost|p2a: Sableye|spa|1
|-boost|p2a: Sableye|spd|1
|
|-damage|p2a: Sableye|122\/303 brn|[from] brn
|turn|28
|
|move|p1a: Heatran|Lava Plume|p2a: Sableye
|-damage|p2a: Sableye|65\/303 brn
|move|p2a: Sableye|Recover|p2a: Sableye
|-heal|p2a: Sableye|217\/303 brn
|
|-damage|p2a: Sableye|180\/303 brn|[from] brn
|turn|29
|
|move|p1a: Heatran|Lava Plume|p2a: Sableye
|-damage|p2a: Sableye|132\/303 brn
|move|p2a: Sableye|Calm Mind|p2a: Sableye
|-boost|p2a: Sableye|spa|1
|-boost|p2a: Sableye|spd|1
|
|-damage|p2a: Sableye|95\/303 brn|[from] brn
|turn|30
|
|move|p1a: Heatran|Lava Plume|p2a: Sableye
|-damage|p2a: Sableye|59\/303 brn
|move|p2a: Sableye|Recover|p2a: Sableye
|-heal|p2a: Sableye|211\/303 brn
|
|-damage|p2a: Sableye|174\/303 brn|[from] brn
|turn|31
|
|move|p1a: Heatran|Lava Plume|p2a: Sableye
|-damage|p2a: Sableye|135\/303 brn
|move|p2a: Sableye|Calm Mind|p2a: Sableye
|-boost|p2a: Sableye|spa|1
|-boost|p2a: Sableye|spd|1
|
|-damage|p2a: Sableye|98\/303 brn|[from] brn
|turn|32
|
|switch|p1a: Thundurus-Therian|Thundurus-Therian, M|195\/299
|-damage|p1a: Thundurus-Therian|121\/299|[from] Stealth Rock
|move|p2a: Sableye|Recover|p2a: Sableye
|-heal|p2a: Sableye|250\/303 brn
|
|-damage|p2a: Sableye|213\/303 brn|[from] brn
|turn|33
|
|move|p1a: Thundurus-Therian|Volt Switch|p2a: Sableye
|-damage|p2a: Sableye|179\/303 brn
|
|switch|p1a: Heatran|Heatran, M|386\/386
|-damage|p1a: Heatran|338\/386|[from] Stealth Rock
|move|p2a: Sableye|Dark Pulse|p1a: Heatran
|-damage|p1a: Heatran|193\/386
|
|-heal|p1a: Heatran|217\/386|[from] item: Leftovers
|-damage|p2a: Sableye|142\/303 brn|[from] brn
|turn|34
|
|move|p1a: Heatran|Lava Plume|p2a: Sableye
|-damage|p2a: Sableye|112\/303 brn
|move|p2a: Sableye|Recover|p2a: Sableye
|-heal|p2a: Sableye|264\/303 brn
|
|-heal|p1a: Heatran|241\/386|[from] item: Leftovers
|-damage|p2a: Sableye|227\/303 brn|[from] brn
|turn|35
|-message|just2shmoove lost due to inactivity.
|
|win|kianann
|raw|Ladder updating...
|raw|just2shmoove's rating: 1352 &rarr; <strong>1333<\/strong><br \/>(-19 for losing)
|raw|kianann's rating: 1379 &rarr; <strong>1398<\/strong><br \/>(+19 for winning)