|join|kianann
|join|letost
|player|p1|kianann|2
|player|p2|letost|101
|gametype|singles
|gen|6
|tier|OU
|rated
|clearpoke
|poke|p1|Politoed, F
|poke|p1|Swampert, M
|poke|p1|Klefki, F
|poke|p1|Ferrothorn, F
|poke|p1|Landorus, M
|poke|p1|Manaphy
|poke|p2|Landorus, M
|poke|p2|Scizor, M
|poke|p2|Azumarill, F
|poke|p2|Latios, M
|poke|p2|Keldeo-Resolute
|poke|p2|Talonflame, M
|rule|Swagger Clause: Swagger is banned
|rule|Baton Pass Clause: Limit one PokÃ©mon knowing Baton Pass
|rule|Sleep Clause Mod: Limit one foe put to sleep
|rule|Species Clause: Limit one of each PokÃ©mon
|rule|OHKO Clause: OHKO moves are banned
|rule|Moody Clause: Moody is banned
|rule|Evasion Moves Clause: Evasion moves are banned
|rule|Endless Battle Clause: Forcing endless battles is banned
|rule|HP Percentage Mod: HP is shown in percentages
|teampreview
|
|start
|switch|p1a: Ferrothorn|Ferrothorn, F|352\/352
|switch|p2a: Talonflame|Talonflame, M|297\/297
|turn|1
|
|move|p2a: Talonflame|U-turn|p1a: Ferrothorn
|-damage|p1a: Ferrothorn|297\/352
|-damage|p2a: Talonflame|260\/297|[from] ability: Iron Barbs|[of] p1a: Ferrothorn
|-damage|p2a: Talonflame|211\/297|[from] item: Rocky Helmet|[of] p1a: Ferrothorn
|
|switch|p2a: Landorus|Landorus, M|319\/319
|move|p1a: Ferrothorn|Leech Seed|p2a: Landorus
|-start|p2a: Landorus|move: Leech Seed
|
|-damage|p2a: Landorus|280\/319|[from] Leech Seed|[of] p1a: Ferrothorn
|-heal|p1a: Ferrothorn|336\/352|[silent]
|turn|2
|
|move|p1a: Ferrothorn|Protect|p1a: Ferrothorn
|-singleturn|p1a: Ferrothorn|Protect
|move|p2a: Landorus|Stealth Rock|p1a: Ferrothorn
|-sidestart|p1: kianann|move: Stealth Rock
|
|-damage|p2a: Landorus|241\/319|[from] Leech Seed|[of] p1a: Ferrothorn
|-heal|p1a: Ferrothorn|352\/352|[silent]
|turn|3
|
|switch|p2a: Talonflame|Talonflame, M|211\/297
|switch|p1a: Politoed|Politoed, F|342\/342
|-damage|p1a: Politoed|300\/342|[from] Stealth Rock
|-weather|RainDance
|
|-weather|RainDance|[upkeep]
|turn|4
|
|switch|p1a: Ferrothorn|Ferrothorn, F|352\/352
|-damage|p1a: Ferrothorn|330\/352|[from] Stealth Rock
|move|p2a: Talonflame|U-turn|p1a: Ferrothorn
|-crit|p1a: Ferrothorn
|-damage|p1a: Ferrothorn|242\/352
|-damage|p2a: Talonflame|174\/297|[from] ability: Iron Barbs|[of] p1a: Ferrothorn
|-damage|p2a: Talonflame|125\/297|[from] item: Rocky Helmet|[of] p1a: Ferrothorn
|c|âkianann|your talonflame is choice band
|
|switch|p2a: Keldeo-Resolute|Keldeo-Resolute|323\/323
|
|-weather|RainDance|[upkeep]
|turn|5
|
|move|p1a: Ferrothorn|Protect|p1a: Ferrothorn
|-singleturn|p1a: Ferrothorn|Protect
|move|p2a: Keldeo-Resolute|Scald|p1a: Ferrothorn
|-activate|p1a: Ferrothorn|Protect
|
|-weather|RainDance|[upkeep]
|turn|6
|
|switch|p2a: Latios|Latios, M|299\/299
|switch|p1a: Manaphy|Manaphy|404\/404
|-damage|p1a: Manaphy|354\/404|[from] Stealth Rock
|
|-weather|RainDance|[upkeep]
|-heal|p1a: Manaphy|379\/404|[from] item: Leftovers
|turn|7
|
|move|p2a: Latios|Draco Meteor|p1a: Manaphy|[miss]
|-miss|p2a: Latios|p1a: Manaphy
|move|p1a: Manaphy|Rest|p1a: Manaphy
|-status|p1a: Manaphy|slp
|-heal|p1a: Manaphy|404\/404 slp|[silent]
|-status|p1a: Manaphy|slp|[from] move: Rest
|
|-weather|RainDance|[upkeep]
|-curestatus|p1a: Manaphy|slp
|turn|8
|
|switch|p2a: Azumarill|Azumarill, F|403\/403
|move|p1a: Manaphy|Rest|p1a: Manaphy
|-fail|p1a: Manaphy
|
|-weather|RainDance|[upkeep]
|turn|9
|
|move|p1a: Manaphy|Tail Glow|p1a: Manaphy
|-boost|p1a: Manaphy|spa|3
|move|p2a: Azumarill|Play Rough|p1a: Manaphy
|-damage|p1a: Manaphy|92\/404
|
|-weather|RainDance|[upkeep]
|-heal|p1a: Manaphy|117\/404|[from] item: Leftovers
|turn|10
|
|switch|p1a: Ferrothorn|Ferrothorn, F|242\/352
|-damage|p1a: Ferrothorn|220\/352|[from] Stealth Rock
|move|p2a: Azumarill|Play Rough|p1a: Ferrothorn
|-resisted|p1a: Ferrothorn
|-damage|p1a: Ferrothorn|128\/352
|-damage|p2a: Azumarill|353\/403|[from] ability: Iron Barbs|[of] p1a: Ferrothorn
|-damage|p2a: Azumarill|286\/403|[from] item: Rocky Helmet|[of] p1a: Ferrothorn
|
|-weather|none
|turn|11
|
|switch|p2a: Landorus|Landorus, M|241\/319
|move|p1a: Ferrothorn|Stealth Rock|p2a: Landorus
|-sidestart|p2: letost|move: Stealth Rock
|
|turn|12
|
|move|p1a: Ferrothorn|Protect|p1a: Ferrothorn
|-singleturn|p1a: Ferrothorn|Protect
|move|p2a: Landorus|Earth Power|p1a: Ferrothorn
|-activate|p1a: Ferrothorn|Protect
|
|turn|13
|
|switch|p1a: Politoed|Politoed, F|300\/342
|-damage|p1a: Politoed|258\/342|[from] Stealth Rock
|-weather|RainDance
|move|p2a: Landorus|Earth Power|p1a: Politoed
|-damage|p1a: Politoed|34\/342
|
|-weather|RainDance|[upkeep]
|turn|14
|
|move|p2a: Landorus|Earth Power|p1a: Politoed
|-damage|p1a: Politoed|0 fnt
|faint|p1a: Politoed
|
|-weather|RainDance|[upkeep]
|
|switch|p1a: Swampert|Swampert, M|341\/341
|-damage|p1a: Swampert|320\/341|[from] Stealth Rock
|turn|15
|
|switch|p2a: Azumarill|Azumarill, F|286\/403
|-damage|p2a: Azumarill|236\/403|[from] Stealth Rock
|detailschange|p1a: Swampert|Swampert-Mega, M
|-mega|p1a: Swampert|Swampert|Swampertite
|move|p1a: Swampert|Waterfall|p2a: Azumarill
|-resisted|p2a: Azumarill
|-damage|p2a: Azumarill|87\/403
|
|-weather|RainDance|[upkeep]
|turn|16
|
|move|p2a: Azumarill|Aqua Jet|p1a: Swampert
|-damage|p1a: Swampert|151\/341
|move|p1a: Swampert|Waterfall|p2a: Azumarill
|-resisted|p2a: Azumarill
|-damage|p2a: Azumarill|0 fnt
|faint|p2a: Azumarill
|
|-weather|RainDance|[upkeep]
|
|switch|p2a: Keldeo-Resolute|Keldeo-Resolute|323\/323
|-damage|p2a: Keldeo-Resolute|303\/323|[from] Stealth Rock
|turn|17
|
|switch|p1a: Klefki|Klefki, F|317\/317
|-damage|p1a: Klefki|298\/317|[from] Stealth Rock
|move|p2a: Keldeo-Resolute|Scald|p1a: Klefki
|-damage|p1a: Klefki|102\/317
|-status|p1a: Klefki|brn
|
|-weather|RainDance|[upkeep]
|-damage|p1a: Klefki|63\/317 brn|[from] brn
|turn|18
|
|switch|p2a: Landorus|Landorus, M|241\/319
|-damage|p2a: Landorus|202\/319|[from] Stealth Rock
|move|p1a: Klefki|Foul Play|p2a: Landorus
|-damage|p2a: Landorus|156\/319
|
|-weather|RainDance|[upkeep]
|-damage|p1a: Klefki|24\/317 brn|[from] brn
|turn|19
|
|move|p2a: Landorus|Earth Power|p1a: Klefki
|-supereffective|p1a: Klefki
|-damage|p1a: Klefki|0 fnt
|faint|p1a: Klefki
|
|-weather|RainDance|[upkeep]
|
|switch|p1a: Swampert|Swampert-Mega, M|151\/341
|-damage|p1a: Swampert|130\/341|[from] Stealth Rock
|turn|20
|
|switch|p2a: Keldeo-Resolute|Keldeo-Resolute|303\/323
|-damage|p2a: Keldeo-Resolute|283\/323|[from] Stealth Rock
|move|p1a: Swampert|Earthquake|p2a: Keldeo-Resolute
|-damage|p2a: Keldeo-Resolute|34\/323
|
|-weather|none
|turn|21
|
|move|p2a: Keldeo-Resolute|Scald|p1a: Swampert
|-damage|p1a: Swampert|0 fnt
|faint|p1a: Swampert
|
|
|switch|p1a: Manaphy|Manaphy|117\/404
|-damage|p1a: Manaphy|67\/404|[from] Stealth Rock
|turn|22
|
|move|p2a: Keldeo-Resolute|Scald|p1a: Manaphy
|-resisted|p1a: Manaphy
|-damage|p1a: Manaphy|0 fnt
|faint|p1a: Manaphy
|
|
|switch|p1a: Landorus|Landorus, M|319\/319
|-damage|p1a: Landorus|280\/319|[from] Stealth Rock
|turn|23
|-message|kianann forfeited.
|leave|kianann
|
|move|p2a: Keldeo-Resolute|Scald|p1a: Landorus
|-supereffective|p1a: Landorus
|-damage|p1a: Landorus|0 fnt
|faint|p1a: Landorus
|
|
|win|letost
|raw|Ladder updating...
|player|p1
|raw|kianann's rating: 1451 &rarr; <strong>1427<\/strong><br \/>(-24 for losing)
|raw|letost's rating: 1389 &rarr; <strong>1412<\/strong><br \/>(+23 for winning)