|join|olcharles
|join|kianann
|player|p1|olcharles|169
|player|p2|kianann|101
|gametype|singles
|gen|6
|tier|OU
|rated
|clearpoke
|poke|p1|Rotom-Wash
|poke|p1|Landorus, M
|poke|p1|Scizor, F
|poke|p1|Gallade, M
|poke|p1|Bisharp, M
|poke|p1|Clefable, M
|poke|p2|Politoed, M
|poke|p2|Swampert, F
|poke|p2|Kingdra, M
|poke|p2|Klefki, M
|poke|p2|Thundurus, M
|poke|p2|Breloom, M
|rule|Swagger Clause: Swagger is banned
|rule|Baton Pass Clause: Limit one PokÃ©mon knowing Baton Pass
|rule|Sleep Clause Mod: Limit one foe put to sleep
|rule|Species Clause: Limit one of each PokÃ©mon
|rule|OHKO Clause: OHKO moves are banned
|rule|Moody Clause: Moody is banned
|rule|Evasion Moves Clause: Evasion moves are banned
|rule|Endless Battle Clause: Forcing endless battles is banned
|rule|HP Percentage Mod: HP is shown in percentages
|teampreview
|
|start
|switch|p1a: Rotom-Wash|Rotom-Wash|303\/303
|switch|p2a: Breloom|Breloom, M|264\/264
|turn|1
|
|move|p2a: Breloom|Seed Bomb|p1a: Rotom-Wash
|-supereffective|p1a: Rotom-Wash
|-damage|p1a: Rotom-Wash|31\/303
|move|p1a: Rotom-Wash|Will-O-Wisp|p2a: Breloom
|-status|p2a: Breloom|brn
|
|-damage|p2a: Breloom|231\/264 brn|[from] brn
|turn|2
|
|move|p2a: Breloom|Facade|p1a: Rotom-Wash
|-damage|p1a: Rotom-Wash|0 fnt
|faint|p1a: Rotom-Wash
|
|-damage|p2a: Breloom|198\/264 brn|[from] brn
|
|switch|p1a: Gallade|Gallade, M|277\/277
|turn|3
|c|âkianann|i saty in
|
|detailschange|p1a: Gallade|Gallade-Mega, M
|-mega|p1a: Gallade|Gallade|Galladite
|move|p1a: Gallade|Swords Dance|p1a: Gallade
|-boost|p1a: Gallade|atk|2
|move|p2a: Breloom|Facade|p1a: Gallade
|-damage|p1a: Gallade|115\/277
|
|-damage|p2a: Breloom|165\/264 brn|[from] brn
|turn|4
|
|move|p1a: Gallade|Close Combat|p2a: Breloom
|-crit|p2a: Breloom
|-damage|p2a: Breloom|0 fnt
|-unboost|p1a: Gallade|def|1
|-unboost|p1a: Gallade|spd|1
|faint|p2a: Breloom
|
|
|switch|p2a: Klefki|Klefki, M|317\/317
|turn|5
|
|move|p2a: Klefki|Thunder Wave|p1a: Gallade
|-status|p1a: Gallade|par
|move|p1a: Gallade|Close Combat|p2a: Klefki
|-damage|p2a: Klefki|0 fnt
|-unboost|p1a: Gallade|def|1
|-unboost|p1a: Gallade|spd|1
|faint|p2a: Klefki
|
|
|switch|p2a: Swampert|Swampert, F|341\/341
|turn|6
|
|detailschange|p2a: Swampert|Swampert-Mega, F
|-mega|p2a: Swampert|Swampert|Swampertite
|move|p2a: Swampert|Waterfall|p1a: Gallade
|-crit|p1a: Gallade
|-damage|p1a: Gallade|0 fnt
|faint|p1a: Gallade
|
|
|switch|p1a: Landorus|Landorus, M|319\/319
|turn|7
|
|switch|p2a: Politoed|Politoed, M|383\/383
|-weather|RainDance
|move|p1a: Landorus|Earth Power|p2a: Politoed
|-damage|p2a: Politoed|117\/383
|
|-weather|RainDance|[upkeep]
|turn|8
|
|switch|p2a: Thundurus|Thundurus, M|299\/299
|move|p1a: Landorus|Sludge Wave|p2a: Thundurus
|-damage|p2a: Thundurus|70\/299
|
|-weather|RainDance|[upkeep]
|turn|9
|
|switch|p1a: Scizor|Scizor, F|344\/344
|move|p2a: Thundurus|Hidden Power|p1a: Scizor
|-resisted|p1a: Scizor
|-damage|p1a: Scizor|291\/344
|-damage|p2a: Thundurus|41\/299|[from] item: Life Orb
|
|-weather|RainDance|[upkeep]
|turn|10
|
|move|p2a: Thundurus|Thunderbolt|p1a: Scizor
|-damage|p1a: Scizor|45\/344
|-damage|p2a: Thundurus|12\/299|[from] item: Life Orb
|move|p1a: Scizor|Roost|p1a: Scizor
|-heal|p1a: Scizor|217\/344
|
|-weather|RainDance|[upkeep]
|turn|11
|
|move|p1a: Scizor|Bullet Punch|p2a: Thundurus
|-resisted|p2a: Thundurus
|-damage|p2a: Thundurus|0 fnt
|faint|p2a: Thundurus
|
|-weather|RainDance|[upkeep]
|
|switch|p2a: Swampert|Swampert-Mega, F|341\/341
|turn|12
|
|move|p1a: Scizor|Bullet Punch|p2a: Swampert
|-resisted|p2a: Swampert
|-damage|p2a: Swampert|279\/341
|move|p2a: Swampert|Waterfall|p1a: Scizor
|-damage|p1a: Scizor|0 fnt
|faint|p1a: Scizor
|
|-weather|RainDance|[upkeep]
|c|âkianann|swift swim
|c|âkianann|i can tank sucker
|
|switch|p1a: Landorus|Landorus, M|319\/319
|turn|13
|
|switch|p1a: Bisharp|Bisharp, M|333\/333
|move|p2a: Swampert|Waterfall|p1a: Bisharp
|-damage|p1a: Bisharp|62\/333
|
|-weather|RainDance|[upkeep]
|turn|14
|
|move|p1a: Bisharp|Sucker Punch|p2a: Swampert
|-damage|p2a: Swampert|144\/341
|move|p2a: Swampert|Waterfall|p1a: Bisharp
|-crit|p1a: Bisharp
|-damage|p1a: Bisharp|0 fnt
|faint|p1a: Bisharp
|
|-weather|none
|
|switch|p1a: Landorus|Landorus, M|319\/319
|turn|15
|
|switch|p2a: Politoed|Politoed, M|117\/383
|-weather|RainDance
|move|p1a: Landorus|Earth Power|p2a: Politoed
|-damage|p2a: Politoed|0 fnt
|faint|p2a: Politoed
|
|-weather|RainDance|[upkeep]
|
|switch|p2a: Swampert|Swampert-Mega, F|144\/341
|turn|16
|
|move|p2a: Swampert|Waterfall|p1a: Landorus
|-supereffective|p1a: Landorus
|-damage|p1a: Landorus|0 fnt
|faint|p1a: Landorus
|
|-weather|RainDance|[upkeep]
|-message|olcharles forfeited.
|leave|olcharles
|
|switch|p1a: Clefable|Clefable, M|394\/394
|turn|17
|
|win|kianann
|raw|Ladder updating...
|player|p1
|raw|olcharles's rating: 1441 &rarr; <strong>1417<\/strong><br \/>(-24 for losing)
|raw|kianann's rating: 1375 &rarr; <strong>1399<\/strong><br \/>(+24 for winning)