|join|MADKIPZ
|join|kianann
|player|p1|MADKIPZ|127
|player|p2|kianann|266
|gametype|singles
|gen|6
|tier|OU
|rated
|clearpoke
|poke|p1|Keldeo-Resolute
|poke|p1|Skarmory, M
|poke|p1|Noivern, F
|poke|p1|Heracross, M
|poke|p1|Azumarill, M
|poke|p1|Tyranitar, F
|poke|p2|Politoed, M
|poke|p2|Swampert, M
|poke|p2|Kingdra, F
|poke|p2|Klefki, F
|poke|p2|Thundurus, M
|poke|p2|Breloom, M
|rule|Swagger Clause: Swagger is banned
|rule|Baton Pass Clause: Limit one PokÃ©mon knowing Baton Pass
|rule|Sleep Clause Mod: Limit one foe put to sleep
|rule|Species Clause: Limit one of each PokÃ©mon
|rule|OHKO Clause: OHKO moves are banned
|rule|Moody Clause: Moody is banned
|rule|Evasion Moves Clause: Evasion moves are banned
|rule|Endless Battle Clause: Forcing endless battles is banned
|rule|HP Percentage Mod: HP is shown in percentages
|teampreview
|
|start
|switch|p1a: Tyranitar|Tyranitar, F|341\/341
|switch|p2a: Klefki|Klefki, F|317\/317
|-weather|Sandstorm
|turn|1
|
|detailschange|p1a: Tyranitar|Tyranitar-Mega, F
|-mega|p1a: Tyranitar|Tyranitar|Tyranitarite
|move|p2a: Klefki|Thunder Wave|p1a: Tyranitar
|-status|p1a: Tyranitar|par
|move|p1a: Tyranitar|Earthquake|p2a: Klefki
|-supereffective|p2a: Klefki
|-damage|p2a: Klefki|77\/317
|
|-weather|Sandstorm|[upkeep]
|turn|2
|
|move|p2a: Klefki|Rain Dance|p2a: Klefki
|-weather|RainDance
|cant|p1a: Tyranitar|par
|
|-weather|RainDance|[upkeep]
|turn|3
|
|switch|p2a: Breloom|Breloom, M|264\/264
|cant|p1a: Tyranitar|par
|
|-weather|RainDance|[upkeep]
|-status|p2a: Breloom|tox|[from] item: Toxic Orb
|turn|4
|
|switch|p2a: Thundurus|Thundurus, M|299\/299
|cant|p1a: Tyranitar|par
|
|-weather|RainDance|[upkeep]
|turn|5
|
|switch|p2a: Breloom|Breloom, M|264\/264 tox
|move|p1a: Tyranitar|Stone Edge|p2a: Breloom|[miss]
|-miss|p1a: Tyranitar|p2a: Breloom
|
|-weather|RainDance|[upkeep]
|turn|6
|
|move|p2a: Breloom|Swords Dance|p2a: Breloom
|-boost|p2a: Breloom|atk|2
|move|p1a: Tyranitar|Ice Punch|p2a: Breloom
|-supereffective|p2a: Breloom
|-damage|p2a: Breloom|0 fnt
|faint|p2a: Breloom
|
|-weather|RainDance|[upkeep]
|
|switch|p2a: Swampert|Swampert, M|341\/341
|turn|7
|
|switch|p1a: Azumarill|Azumarill, M|403\/403
|detailschange|p2a: Swampert|Swampert-Mega, M
|-mega|p2a: Swampert|Swampert|Swampertite
|move|p2a: Swampert|Waterfall|p1a: Azumarill
|-resisted|p1a: Azumarill
|-damage|p1a: Azumarill|250\/403
|
|-weather|RainDance|[upkeep]
|turn|8
|
|move|p2a: Swampert|Earthquake|p1a: Azumarill
|-damage|p1a: Azumarill|0 fnt
|faint|p1a: Azumarill
|
|-weather|RainDance|[upkeep]
|
|switch|p1a: Skarmory|Skarmory, M|334\/334
|turn|9
|
|switch|p2a: Klefki|Klefki, F|77\/317
|move|p1a: Skarmory|Stealth Rock|p2a: Klefki
|-sidestart|p2: kianann|move: Stealth Rock
|
|-weather|none
|turn|10
|
|switch|p1a: Tyranitar|Tyranitar-Mega, F|341\/341 par
|-weather|Sandstorm
|move|p2a: Klefki|Rain Dance|p2a: Klefki
|-weather|RainDance
|
|-weather|RainDance|[upkeep]
|turn|11
|
|switch|p2a: Swampert|Swampert-Mega, M|341\/341
|-damage|p2a: Swampert|320\/341|[from] Stealth Rock
|cant|p1a: Tyranitar|par
|
|-weather|RainDance|[upkeep]
|turn|12
|
|move|p2a: Swampert|Waterfall|p1a: Tyranitar
|-supereffective|p1a: Tyranitar
|-damage|p1a: Tyranitar|0 fnt
|faint|p1a: Tyranitar
|
|-weather|RainDance|[upkeep]
|
|switch|p1a: Skarmory|Skarmory, M|334\/334
|turn|13
|
|switch|p2a: Klefki|Klefki, F|77\/317
|-damage|p2a: Klefki|58\/317|[from] Stealth Rock
|move|p1a: Skarmory|Brave Bird|p2a: Klefki
|-resisted|p2a: Klefki
|-damage|p2a: Klefki|9\/317
|-damage|p1a: Skarmory|318\/334|[from] recoil|[of] p2a: Klefki
|
|-weather|RainDance|[upkeep]
|-heal|p1a: Skarmory|334\/334|[from] item: Leftovers
|turn|14
|
|move|p2a: Klefki|Thunder Wave|p1a: Skarmory
|-status|p1a: Skarmory|par
|move|p1a: Skarmory|Brave Bird|p2a: Klefki
|-resisted|p2a: Klefki
|-damage|p2a: Klefki|0 fnt
|-damage|p1a: Skarmory|331\/334 par|[from] recoil|[of] p2a: Klefki
|faint|p2a: Klefki
|
|-weather|RainDance|[upkeep]
|-heal|p1a: Skarmory|334\/334 par|[from] item: Leftovers
|
|switch|p2a: Thundurus|Thundurus, M|299\/299
|-damage|p2a: Thundurus|225\/299|[from] Stealth Rock
|turn|15
|
|switch|p1a: Heracross|Heracross, M|301\/301
|move|p2a: Thundurus|Thunderbolt|p1a: Heracross
|-damage|p1a: Heracross|97\/301
|-damage|p2a: Thundurus|196\/299|[from] item: Life Orb
|
|-weather|RainDance|[upkeep]
|turn|16
|
|move|p1a: Heracross|Stone Edge|p2a: Thundurus
|-supereffective|p2a: Thundurus
|-damage|p2a: Thundurus|0 fnt
|faint|p2a: Thundurus
|-boost|p1a: Heracross|atk|1|[from] ability: Moxie
|
|-weather|RainDance|[upkeep]
|
|switch|p2a: Swampert|Swampert-Mega, M|320\/341
|-damage|p2a: Swampert|299\/341|[from] Stealth Rock
|turn|17
|
|switch|p1a: Skarmory|Skarmory, M|334\/334 par
|move|p2a: Swampert|Waterfall|p1a: Skarmory
|-damage|p1a: Skarmory|184\/334 par
|
|-weather|none
|-heal|p1a: Skarmory|204\/334 par|[from] item: Leftovers
|turn|18
|
|switch|p2a: Politoed|Politoed, M|383\/383
|-damage|p2a: Politoed|336\/383|[from] Stealth Rock
|-weather|RainDance
|move|p1a: Skarmory|Brave Bird|p2a: Politoed
|-damage|p2a: Politoed|227\/383
|-damage|p1a: Skarmory|168\/334 par|[from] recoil|[of] p2a: Politoed
|
|-weather|RainDance|[upkeep]
|-heal|p1a: Skarmory|188\/334 par|[from] item: Leftovers
|turn|19
|
|switch|p2a: Swampert|Swampert-Mega, M|299\/341
|-damage|p2a: Swampert|278\/341|[from] Stealth Rock
|move|p1a: Skarmory|Roost|p1a: Skarmory
|-heal|p1a: Skarmory|334\/334 par
|
|-weather|RainDance|[upkeep]
|turn|20
|
|move|p2a: Swampert|Waterfall|p1a: Skarmory
|-damage|p1a: Skarmory|171\/334 par
|move|p1a: Skarmory|Brave Bird|p2a: Swampert
|-damage|p2a: Swampert|161\/341
|-damage|p1a: Skarmory|132\/334 par|[from] recoil|[of] p2a: Swampert
|
|-weather|RainDance|[upkeep]
|-heal|p1a: Skarmory|152\/334 par|[from] item: Leftovers
|turn|21
|
|move|p2a: Swampert|Waterfall|p1a: Skarmory
|-damage|p1a: Skarmory|10\/334 par
|cant|p1a: Skarmory|flinch
|
|-weather|RainDance|[upkeep]
|-heal|p1a: Skarmory|30\/334 par|[from] item: Leftovers
|turn|22
|
|move|p2a: Swampert|Waterfall|p1a: Skarmory
|-damage|p1a: Skarmory|0 fnt
|faint|p1a: Skarmory
|
|-weather|RainDance|[upkeep]
|
|switch|p1a: Heracross|Heracross, M|97\/301
|turn|23
|
|move|p2a: Swampert|Waterfall|p1a: Heracross
|-damage|p1a: Heracross|0 fnt
|faint|p1a: Heracross
|
|-weather|RainDance|[upkeep]
|
|switch|p1a: Keldeo-Resolute|Keldeo-Resolute|323\/323
|turn|24
|
|move|p2a: Swampert|Waterfall|p1a: Keldeo-Resolute
|-crit|p1a: Keldeo-Resolute
|-resisted|p1a: Keldeo-Resolute
|-damage|p1a: Keldeo-Resolute|95\/323
|move|p1a: Keldeo-Resolute|Surf|p2a: Swampert
|-damage|p2a: Swampert|0 fnt
|faint|p2a: Swampert
|
|-weather|RainDance|[upkeep]
|-heal|p1a: Keldeo-Resolute|115\/323|[from] item: Leftovers
|
|switch|p2a: Kingdra|Kingdra, F|291\/291
|-damage|p2a: Kingdra|255\/291|[from] Stealth Rock
|turn|25
|
|move|p2a: Kingdra|Hydro Pump|p1a: Keldeo-Resolute
|-resisted|p1a: Keldeo-Resolute
|-damage|p1a: Keldeo-Resolute|0 fnt
|-damage|p2a: Kingdra|226\/291|[from] item: Life Orb
|faint|p1a: Keldeo-Resolute
|
|-weather|none
|
|switch|p1a: Noivern|Noivern, F|311\/311
|turn|26
|
|switch|p2a: Politoed|Politoed, M|227\/383
|-damage|p2a: Politoed|180\/383|[from] Stealth Rock
|-weather|RainDance
|move|p1a: Noivern|Draco Meteor|p2a: Politoed
|-damage|p2a: Politoed|0 fnt
|-unboost|p1a: Noivern|spa|2
|-damage|p1a: Noivern|280\/311|[from] item: Life Orb
|faint|p2a: Politoed
|
|-weather|RainDance|[upkeep]
|
|switch|p2a: Kingdra|Kingdra, F|226\/291
|-damage|p2a: Kingdra|190\/291|[from] Stealth Rock
|turn|27
|
|move|p2a: Kingdra|Draco Meteor|p1a: Noivern
|-supereffective|p1a: Noivern
|-damage|p1a: Noivern|0 fnt
|-unboost|p2a: Kingdra|spa|2
|-damage|p2a: Kingdra|161\/291|[from] item: Life Orb
|faint|p1a: Noivern
|
|win|kianann
|raw|Ladder updating...
|raw|MADKIPZ's rating: 1413 &rarr; <strong>1391<\/strong><br \/>(-22 for losing)
|raw|kianann's rating: 1381 &rarr; <strong>1403<\/strong><br \/>(+22 for winning)