|join|kianann
|join|Ja-Twyman
|player|p1|kianann|2
|player|p2|Ja-Twyman|170
|gametype|singles
|gen|6
|tier|OU
|rated
|clearpoke
|poke|p1|Politoed, F
|poke|p1|Swampert, M
|poke|p1|Kingdra, F
|poke|p1|Klefki, M
|poke|p1|Ferrothorn, F
|poke|p1|Volcarona, F
|poke|p2|Salamence, M
|poke|p2|Charizard, F
|poke|p2|Tyranitar, M
|poke|p2|Terrakion
|poke|p2|Trevenant, M
|poke|p2|Excadrill, M
|rule|Swagger Clause: Swagger is banned
|rule|Baton Pass Clause: Limit one PokÃ©mon knowing Baton Pass
|rule|Sleep Clause Mod: Limit one foe put to sleep
|rule|Species Clause: Limit one of each PokÃ©mon
|rule|OHKO Clause: OHKO moves are banned
|rule|Moody Clause: Moody is banned
|rule|Evasion Moves Clause: Evasion moves are banned
|rule|Endless Battle Clause: Forcing endless battles is banned
|rule|HP Percentage Mod: HP is shown in percentages
|teampreview
|
|start
|switch|p1a: Klefki|Klefki, M|317\/317
|switch|p2a: Charizard|Charizard, F|297\/297
|turn|1
|
|switch|p2a: Excadrill|Excadrill, M|361\/361
|-item|p2a: Excadrill|Air Balloon
|move|p1a: Klefki|Thunder Wave|p2a: Excadrill
|-immune|p2a: Excadrill|[msg]
|
|turn|2
|
|switch|p1a: Politoed|Politoed, F|342\/342
|-weather|RainDance
|move|p2a: Excadrill|Earthquake|p1a: Politoed
|-damage|p1a: Politoed|162\/342
|
|-weather|RainDance|[upkeep]
|turn|3
|
|switch|p1a: Ferrothorn|Ferrothorn, F|352\/352
|move|p2a: Excadrill|Earthquake|p1a: Ferrothorn
|-damage|p1a: Ferrothorn|241\/352
|
|-weather|RainDance|[upkeep]
|-heal|p1a: Ferrothorn|263\/352|[from] item: Leftovers
|turn|4
|
|switch|p2a: Charizard|Charizard, F|297\/297
|move|p1a: Ferrothorn|Leech Seed|p2a: Charizard
|-start|p2a: Charizard|move: Leech Seed
|
|-weather|RainDance|[upkeep]
|-heal|p1a: Ferrothorn|285\/352|[from] item: Leftovers
|-damage|p2a: Charizard|260\/297|[from] Leech Seed|[of] p1a: Ferrothorn
|-heal|p1a: Ferrothorn|322\/352|[silent]
|turn|5
|
|detailschange|p2a: Charizard|Charizard-Mega-Y, F
|-mega|p2a: Charizard|Charizard|Charizardite Y
|-weather|SunnyDay
|move|p1a: Ferrothorn|Protect|p1a: Ferrothorn
|-singleturn|p1a: Ferrothorn|Protect
|move|p2a: Charizard|Fire Blast|p1a: Ferrothorn
|-activate|p1a: Ferrothorn|Protect
|
|-weather|SunnyDay|[upkeep]
|-heal|p1a: Ferrothorn|344\/352|[from] item: Leftovers
|-damage|p2a: Charizard|223\/297|[from] Leech Seed|[of] p1a: Ferrothorn
|-heal|p1a: Ferrothorn|352\/352|[silent]
|turn|6
|
|switch|p1a: Politoed|Politoed, F|162\/342
|-weather|RainDance
|move|p2a: Charizard|Fire Blast|p1a: Politoed
|-resisted|p1a: Politoed
|-damage|p1a: Politoed|113\/342
|
|-weather|RainDance|[upkeep]
|-damage|p2a: Charizard|186\/297|[from] Leech Seed|[of] p1a: Politoed
|-heal|p1a: Politoed|150\/342|[silent]
|turn|7
|
|switch|p2a: Trevenant|Trevenant, M|374\/374
|move|p1a: Politoed|Scald|p2a: Trevenant
|-resisted|p2a: Trevenant
|-damage|p2a: Trevenant|296\/374
|-status|p2a: Trevenant|brn
|-enditem|p2a: Trevenant|Lum Berry|[eat]
|-curestatus|p2a: Trevenant|brn
|
|-weather|RainDance|[upkeep]
|-item|p2a: Trevenant|Lum Berry|[from] ability: Harvest
|turn|8
|
|switch|p1a: Volcarona|Volcarona, F|311\/311
|move|p2a: Trevenant|Will-O-Wisp|p1a: Volcarona
|-fail|p1a: Volcarona
|
|-weather|RainDance|[upkeep]
|turn|9
|
|switch|p2a: Tyranitar|Tyranitar, M|404\/404
|-weather|Sandstorm
|move|p1a: Volcarona|Quiver Dance|p1a: Volcarona
|-boost|p1a: Volcarona|spa|1
|-boost|p1a: Volcarona|spd|1
|-boost|p1a: Volcarona|spe|1
|
|-weather|Sandstorm|[upkeep]
|-damage|p1a: Volcarona|292\/311|[from] sandstorm
|turn|10
|
|move|p1a: Volcarona|Bug Buzz|p2a: Tyranitar
|-supereffective|p2a: Tyranitar
|-damage|p2a: Tyranitar|69\/404
|-damage|p1a: Volcarona|261\/311|[from] item: Life Orb
|move|p2a: Tyranitar|Stone Edge|p1a: Volcarona
|-supereffective|p1a: Volcarona
|-damage|p1a: Volcarona|0 fnt
|faint|p1a: Volcarona
|
|-weather|Sandstorm|[upkeep]
|
|switch|p1a: Politoed|Politoed, F|150\/342
|-weather|RainDance
|turn|11
|
|switch|p1a: Ferrothorn|Ferrothorn, F|352\/352
|move|p2a: Tyranitar|Stone Edge|p1a: Ferrothorn|[miss]
|-miss|p2a: Tyranitar|p1a: Ferrothorn
|
|-weather|RainDance|[upkeep]
|turn|12
|
|switch|p2a: Charizard|Charizard-Mega-Y, F|186\/297
|-weather|SunnyDay
|move|p1a: Ferrothorn|Leech Seed|p2a: Charizard|[miss]
|-miss|p1a: Ferrothorn|p2a: Charizard
|
|-weather|SunnyDay|[upkeep]
|turn|13
|
|switch|p1a: Politoed|Politoed, F|150\/342
|-weather|RainDance
|move|p2a: Charizard|Roost|p2a: Charizard
|-heal|p2a: Charizard|297\/297
|
|-weather|RainDance|[upkeep]
|turn|14
|
|switch|p2a: Trevenant|Trevenant, M|296\/374
|move|p1a: Politoed|Ice Beam|p2a: Trevenant
|-supereffective|p2a: Trevenant
|-damage|p2a: Trevenant|114\/374
|
|-weather|RainDance|[upkeep]
|turn|15
|
|switch|p2a: Excadrill|Excadrill, M|361\/361
|-item|p2a: Excadrill|Air Balloon
|move|p1a: Politoed|Ice Beam|p2a: Excadrill
|-damage|p2a: Excadrill|269\/361
|-enditem|p2a: Excadrill|Air Balloon
|
|-weather|RainDance|[upkeep]
|turn|16
|
|switch|p1a: Ferrothorn|Ferrothorn, F|352\/352
|move|p2a: Excadrill|Earthquake|p1a: Ferrothorn
|-damage|p1a: Ferrothorn|244\/352
|
|-weather|RainDance|[upkeep]
|-heal|p1a: Ferrothorn|266\/352|[from] item: Leftovers
|turn|17
|
|switch|p2a: Charizard|Charizard-Mega-Y, F|297\/297
|-weather|SunnyDay
|move|p1a: Ferrothorn|Leech Seed|p2a: Charizard
|-start|p2a: Charizard|move: Leech Seed
|
|-weather|SunnyDay|[upkeep]
|-heal|p1a: Ferrothorn|288\/352|[from] item: Leftovers
|-damage|p2a: Charizard|260\/297|[from] Leech Seed|[of] p1a: Ferrothorn
|-heal|p1a: Ferrothorn|325\/352|[silent]
|turn|18
|
|switch|p2a: Salamence|Salamence, M|331\/331
|-ability|p2a: Salamence|Intimidate|[of] p1a: Ferrothorn
|-unboost|p1a: Ferrothorn|atk|1
|move|p1a: Ferrothorn|Protect|p1a: Ferrothorn
|-fail|p1a: Ferrothorn
|
|-weather|SunnyDay|[upkeep]
|-heal|p1a: Ferrothorn|347\/352|[from] item: Leftovers
|turn|19
|
|move|p2a: Salamence|Fire Blast|p1a: Ferrothorn|[miss]
|-miss|p2a: Salamence|p1a: Ferrothorn
|move|p1a: Ferrothorn|Leech Seed|p2a: Salamence
|-start|p2a: Salamence|move: Leech Seed
|
|-weather|SunnyDay|[upkeep]
|-heal|p1a: Ferrothorn|352\/352|[from] item: Leftovers
|-damage|p2a: Salamence|290\/331|[from] Leech Seed|[of] p1a: Ferrothorn
|turn|20
|
|move|p1a: Ferrothorn|Protect|p1a: Ferrothorn
|-singleturn|p1a: Ferrothorn|Protect
|move|p2a: Salamence|Fire Blast|p1a: Ferrothorn
|-activate|p1a: Ferrothorn|Protect
|
|-weather|SunnyDay|[upkeep]
|-damage|p2a: Salamence|249\/331|[from] Leech Seed|[of] p1a: Ferrothorn
|turn|21
|
|switch|p2a: Trevenant|Trevenant, M|114\/374
|switch|p1a: Politoed|Politoed, F|150\/342
|-weather|RainDance
|
|-weather|RainDance|[upkeep]
|turn|22
|
|switch|p2a: Tyranitar|Tyranitar, M|69\/404
|-weather|Sandstorm
|move|p1a: Politoed|Ice Beam|p2a: Tyranitar
|-damage|p2a: Tyranitar|32\/404
|
|-weather|Sandstorm|[upkeep]
|-damage|p1a: Politoed|129\/342|[from] sandstorm
|turn|23
|
|move|p1a: Politoed|Scald|p2a: Tyranitar
|-supereffective|p2a: Tyranitar
|-damage|p2a: Tyranitar|0 fnt
|faint|p2a: Tyranitar
|
|-weather|Sandstorm|[upkeep]
|-damage|p1a: Politoed|108\/342|[from] sandstorm
|
|switch|p2a: Salamence|Salamence, M|249\/331
|-ability|p2a: Salamence|Intimidate|[of] p1a: Politoed
|-unboost|p1a: Politoed|atk|1
|turn|24
|
|switch|p1a: Klefki|Klefki, M|317\/317
|move|p2a: Salamence|Dragon Claw|p1a: Klefki
|-immune|p1a: Klefki|[msg]
|
|-weather|Sandstorm|[upkeep]
|-damage|p2a: Salamence|229\/331|[from] sandstorm
|turn|25
|
|switch|p2a: Excadrill|Excadrill, M|269\/361
|switch|p1a: Politoed|Politoed, F|108\/342
|-weather|RainDance
|
|-weather|RainDance|[upkeep]
|turn|26
|
|switch|p1a: Ferrothorn|Ferrothorn, F|352\/352
|move|p2a: Excadrill|Earthquake|p1a: Ferrothorn
|-damage|p1a: Ferrothorn|250\/352
|
|-weather|RainDance|[upkeep]
|-heal|p1a: Ferrothorn|272\/352|[from] item: Leftovers
|turn|27
|
|move|p2a: Excadrill|Substitute|p2a: Excadrill
|-start|p2a: Excadrill|Substitute
|-damage|p2a: Excadrill|179\/361
|move|p1a: Ferrothorn|Stealth Rock|p2a: Excadrill
|-sidestart|p2: Ja-Twyman|move: Stealth Rock
|
|-weather|RainDance|[upkeep]
|-heal|p1a: Ferrothorn|294\/352|[from] item: Leftovers
|turn|28
|
|move|p2a: Excadrill|Rapid Spin|p1a: Ferrothorn
|-resisted|p1a: Ferrothorn
|-damage|p1a: Ferrothorn|287\/352
|-damage|p2a: Excadrill|134\/361|[from] ability: Iron Barbs|[of] p1a: Ferrothorn
|-sideend|p2: Ja-Twyman|Stealth Rock|[from] move: Rapid Spin|[of] p2a: Excadrill
|move|p1a: Ferrothorn|Gyro Ball|p2a: Excadrill
|-resisted|p2a: Excadrill
|-end|p2a: Excadrill|Substitute
|
|-weather|RainDance|[upkeep]
|-heal|p1a: Ferrothorn|309\/352|[from] item: Leftovers
|turn|29
|
|switch|p2a: Trevenant|Trevenant, M|114\/374
|move|p1a: Ferrothorn|Stealth Rock|p2a: Trevenant
|-sidestart|p2: Ja-Twyman|move: Stealth Rock
|
|-weather|RainDance|[upkeep]
|-heal|p1a: Ferrothorn|331\/352|[from] item: Leftovers
|turn|30
|
|move|p2a: Trevenant|Will-O-Wisp|p1a: Ferrothorn
|-status|p1a: Ferrothorn|brn
|move|p1a: Ferrothorn|Gyro Ball|p2a: Trevenant
|-damage|p2a: Trevenant|68\/374
|
|-weather|RainDance|[upkeep]
|-heal|p1a: Ferrothorn|352\/352 brn|[from] item: Leftovers
|-damage|p1a: Ferrothorn|308\/352 brn|[from] brn
|turn|31
|
|move|p2a: Trevenant|Rest|p2a: Trevenant
|-status|p2a: Trevenant|slp
|-heal|p2a: Trevenant|374\/374 slp|[silent]
|-status|p2a: Trevenant|slp|[from] move: Rest
|-enditem|p2a: Trevenant|Lum Berry|[eat]
|-curestatus|p2a: Trevenant|slp
|move|p1a: Ferrothorn|Leech Seed|p2a: Trevenant
|-immune|p2a: Trevenant|[msg]
|
|-weather|RainDance|[upkeep]
|-heal|p1a: Ferrothorn|330\/352 brn|[from] item: Leftovers
|-damage|p1a: Ferrothorn|286\/352 brn|[from] brn
|turn|32
|
|move|p2a: Trevenant|Leech Seed|p1a: Ferrothorn
|-immune|p1a: Ferrothorn|[msg]
|move|p1a: Ferrothorn|Stealth Rock|p2a: Trevenant
|-fail|p2a: Trevenant
|
|-weather|none
|-heal|p1a: Ferrothorn|308\/352 brn|[from] item: Leftovers
|-damage|p1a: Ferrothorn|264\/352 brn|[from] brn
|-item|p2a: Trevenant|Lum Berry|[from] ability: Harvest
|turn|33
|
|switch|p1a: Politoed|Politoed, F|108\/342
|-weather|RainDance
|move|p2a: Trevenant|Shadow Claw|p1a: Politoed
|-damage|p1a: Politoed|6\/342
|
|-weather|RainDance|[upkeep]
|turn|34
|
|switch|p1a: Swampert|Swampert, M|341\/341
|move|p2a: Trevenant|Shadow Claw|p1a: Swampert
|-damage|p1a: Swampert|242\/341
|
|-weather|RainDance|[upkeep]
|turn|35
|
|detailschange|p1a: Swampert|Swampert-Mega, M
|-mega|p1a: Swampert|Swampert|Swampertite
|move|p1a: Swampert|Ice Punch|p2a: Trevenant
|-supereffective|p2a: Trevenant
|-damage|p2a: Trevenant|200\/374
|move|p2a: Trevenant|Will-O-Wisp|p1a: Swampert
|-status|p1a: Swampert|brn
|
|-weather|RainDance|[upkeep]
|-damage|p1a: Swampert|200\/341 brn|[from] brn
|turn|36
|
|switch|p1a: Kingdra|Kingdra, F|291\/291
|move|p2a: Trevenant|Leech Seed|p1a: Kingdra
|-start|p1a: Kingdra|move: Leech Seed
|
|-weather|RainDance|[upkeep]
|-damage|p1a: Kingdra|255\/291|[from] Leech Seed|[of] p2a: Trevenant
|-heal|p2a: Trevenant|236\/374|[silent]
|turn|37
|
|move|p1a: Kingdra|Draco Meteor|p2a: Trevenant
|-damage|p2a: Trevenant|0 fnt
|-unboost|p1a: Kingdra|spa|2
|-damage|p1a: Kingdra|226\/291|[from] item: Life Orb
|faint|p2a: Trevenant
|
|-weather|RainDance|[upkeep]
|
|switch|p2a: Charizard|Charizard-Mega-Y, F|260\/297
|-damage|p2a: Charizard|112\/297|[from] Stealth Rock
|-weather|SunnyDay
|turn|38
|
|switch|p1a: Politoed|Politoed, F|6\/342
|-weather|RainDance
|move|p2a: Charizard|Roost|p2a: Charizard
|-heal|p2a: Charizard|261\/297
|
|-weather|RainDance|[upkeep]
|turn|39
|
|move|p2a: Charizard|Earthquake|p1a: Politoed
|-damage|p1a: Politoed|0 fnt
|faint|p1a: Politoed
|
|-weather|RainDance|[upkeep]
|
|switch|p1a: Kingdra|Kingdra, F|226\/291
|turn|40
|
|switch|p2a: Salamence|Salamence, M|229\/331
|-damage|p2a: Salamence|147\/331|[from] Stealth Rock
|-ability|p2a: Salamence|Intimidate|[of] p1a: Kingdra
|-unboost|p1a: Kingdra|atk|1
|move|p1a: Kingdra|Waterfall|p2a: Salamence
|-resisted|p2a: Salamence
|-damage|p2a: Salamence|56\/331
|-damage|p1a: Kingdra|197\/291|[from] item: Life Orb
|
|-weather|RainDance|[upkeep]
|turn|41
|
|move|p1a: Kingdra|Waterfall|p2a: Salamence
|-resisted|p2a: Salamence
|-damage|p2a: Salamence|0 fnt
|-damage|p1a: Kingdra|168\/291|[from] item: Life Orb
|faint|p2a: Salamence
|
|-weather|RainDance|[upkeep]
|
|switch|p2a: Charizard|Charizard-Mega-Y, F|261\/297
|-damage|p2a: Charizard|113\/297|[from] Stealth Rock
|-weather|SunnyDay
|turn|42
|
|switch|p1a: Ferrothorn|Ferrothorn, F|264\/352 brn
|move|p2a: Charizard|Roost|p2a: Charizard
|-heal|p2a: Charizard|262\/297
|
|-weather|SunnyDay|[upkeep]
|-heal|p1a: Ferrothorn|286\/352 brn|[from] item: Leftovers
|-damage|p1a: Ferrothorn|242\/352 brn|[from] brn
|turn|43
|
|move|p2a: Charizard|Fire Blast|p1a: Ferrothorn
|-supereffective|p1a: Ferrothorn
|-damage|p1a: Ferrothorn|0 fnt
|faint|p1a: Ferrothorn
|
|-weather|SunnyDay|[upkeep]
|
|switch|p1a: Klefki|Klefki, M|317\/317
|turn|44
|
|switch|p2a: Excadrill|Excadrill, M|134\/361
|-damage|p2a: Excadrill|123\/361|[from] Stealth Rock
|move|p1a: Klefki|Rain Dance|p1a: Klefki
|-weather|RainDance
|
|-weather|RainDance|[upkeep]
|turn|45
|
|switch|p1a: Swampert|Swampert-Mega, M|200\/341 brn
|move|p2a: Excadrill|Substitute|p2a: Excadrill
|-start|p2a: Excadrill|Substitute
|-damage|p2a: Excadrill|33\/361
|
|-weather|RainDance|[upkeep]
|-damage|p1a: Swampert|158\/341 brn|[from] brn
|turn|46
|
|move|p1a: Swampert|Waterfall|p2a: Excadrill
|-supereffective|p2a: Excadrill
|-end|p2a: Excadrill|Substitute
|move|p2a: Excadrill|Rapid Spin|p1a: Swampert
|-damage|p1a: Swampert|134\/341 brn
|-sideend|p2: Ja-Twyman|Stealth Rock|[from] move: Rapid Spin|[of] p2a: Excadrill
|
|-weather|RainDance|[upkeep]
|-damage|p1a: Swampert|92\/341 brn|[from] brn
|turn|47
|
|move|p1a: Swampert|Stealth Rock|p2a: Excadrill
|-sidestart|p2: Ja-Twyman|move: Stealth Rock
|move|p2a: Excadrill|Earthquake|p1a: Swampert
|-damage|p1a: Swampert|0 fnt
|faint|p1a: Swampert
|
|-weather|RainDance|[upkeep]
|
|switch|p1a: Kingdra|Kingdra, F|168\/291
|turn|48
|
|switch|p2a: Terrakion|Terrakion|323\/323
|-damage|p2a: Terrakion|303\/323|[from] Stealth Rock
|move|p1a: Kingdra|Waterfall|p2a: Terrakion
|-supereffective|p2a: Terrakion
|-damage|p2a: Terrakion|0 fnt
|-damage|p1a: Kingdra|139\/291|[from] item: Life Orb
|faint|p2a: Terrakion
|
|-weather|RainDance|[upkeep]
|
|switch|p2a: Charizard|Charizard-Mega-Y, F|262\/297
|-damage|p2a: Charizard|114\/297|[from] Stealth Rock
|-weather|SunnyDay
|turn|49
|
|move|p2a: Charizard|Roost|p2a: Charizard
|-heal|p2a: Charizard|263\/297
|move|p1a: Kingdra|Draco Meteor|p2a: Charizard
|-damage|p2a: Charizard|36\/297
|-unboost|p1a: Kingdra|spa|2
|-damage|p1a: Kingdra|110\/291|[from] item: Life Orb
|
|-weather|SunnyDay|[upkeep]
|turn|50
|
|move|p2a: Charizard|Roost|p2a: Charizard
|-heal|p2a: Charizard|185\/297
|move|p1a: Kingdra|Waterfall|p2a: Charizard
|-supereffective|p2a: Charizard
|-damage|p2a: Charizard|19\/297
|-damage|p1a: Kingdra|81\/291|[from] item: Life Orb
|
|-weather|SunnyDay|[upkeep]
|turn|51
|
|switch|p1a: Klefki|Klefki, M|317\/317
|move|p2a: Charizard|Earthquake|p1a: Klefki
|-supereffective|p1a: Klefki
|-damage|p1a: Klefki|169\/317
|
|-weather|SunnyDay|[upkeep]
|turn|52
|
|move|p1a: Klefki|Rain Dance|p1a: Klefki
|-weather|RainDance
|move|p2a: Charizard|Roost|p2a: Charizard
|-heal|p2a: Charizard|168\/297
|
|-weather|RainDance|[upkeep]
|turn|53
|
|move|p1a: Klefki|Thunder Wave|p2a: Charizard
|-status|p2a: Charizard|par
|move|p2a: Charizard|Roost|p2a: Charizard
|-heal|p2a: Charizard|297\/297 par
|
|-weather|RainDance|[upkeep]
|turn|54
|
|switch|p2a: Excadrill|Excadrill, M|33\/361
|-damage|p2a: Excadrill|22\/361|[from] Stealth Rock
|move|p1a: Klefki|Spikes|p2a: Excadrill
|-sidestart|p2: Ja-Twyman|Spikes
|
|-weather|RainDance|[upkeep]
|turn|55
|
|move|p2a: Excadrill|Earthquake|p1a: Klefki
|-supereffective|p1a: Klefki
|-damage|p1a: Klefki|0 fnt
|faint|p1a: Klefki
|
|-weather|RainDance|[upkeep]
|
|switch|p1a: Kingdra|Kingdra, F|81\/291
|turn|56
|
|move|p1a: Kingdra|Waterfall|p2a: Excadrill
|-supereffective|p2a: Excadrill
|-damage|p2a: Excadrill|0 fnt
|-damage|p1a: Kingdra|52\/291|[from] item: Life Orb
|faint|p2a: Excadrill
|
|-weather|RainDance|[upkeep]
|
|switch|p2a: Charizard|Charizard-Mega-Y, F|297\/297 par
|-damage|p2a: Charizard|149\/297 par|[from] Stealth Rock
|-weather|SunnyDay
|turn|57
|
|move|p1a: Kingdra|Draco Meteor|p2a: Charizard
|-damage|p2a: Charizard|0 fnt
|-unboost|p1a: Kingdra|spa|2
|-damage|p1a: Kingdra|23\/291|[from] item: Life Orb
|faint|p2a: Charizard
|
|win|kianann
|raw|Ladder updating...
|raw|kianann's rating: 1311 &rarr; <strong>1336<\/strong><br \/>(+25 for winning)
|raw|Ja-Twyman's rating: 1402 &rarr; <strong>1377<\/strong><br \/>(-25 for losing)
|c|âJa-Twyman|gg
|leave|Ja-Twyman
|player|p2