|join|kianann
|join|albodavide1997
|player|p1|kianann|2
|player|p2|albodavide1997|92
|gametype|singles
|gen|6
|tier|OU
|rated
|clearpoke
|poke|p1|Politoed, M
|poke|p1|Swampert, M
|poke|p1|Klefki, M
|poke|p1|Ferrothorn, F
|poke|p1|Landorus, M
|poke|p1|Manaphy
|poke|p2|Absol, M
|poke|p2|Talonflame, F
|poke|p2|Breloom, M
|poke|p2|Heatran, F
|poke|p2|Latios, M
|poke|p2|Weavile, F
|rule|Swagger Clause: Swagger is banned
|rule|Baton Pass Clause: Limit one PokÃ©mon knowing Baton Pass
|rule|Sleep Clause Mod: Limit one foe put to sleep
|rule|Species Clause: Limit one of each PokÃ©mon
|rule|OHKO Clause: OHKO moves are banned
|rule|Moody Clause: Moody is banned
|rule|Evasion Moves Clause: Evasion moves are banned
|rule|Endless Battle Clause: Forcing endless battles is banned
|rule|HP Percentage Mod: HP is shown in percentages
|teampreview
|
|start
|switch|p1a: Politoed|Politoed, M|342\/342
|switch|p2a: Breloom|Breloom, M|261\/261
|-weather|RainDance
|turn|1
|
|switch|p1a: Ferrothorn|Ferrothorn, F|352\/352
|move|p2a: Breloom|Spore|p1a: Ferrothorn
|-fail|p1a: Ferrothorn
|
|-weather|RainDance|[upkeep]
|turn|2
|
|move|p2a: Breloom|Mach Punch|p1a: Ferrothorn
|-supereffective|p1a: Ferrothorn
|-damage|p1a: Ferrothorn|173\/352
|-damage|p2a: Breloom|229\/261|[from] ability: Iron Barbs|[of] p1a: Ferrothorn
|-damage|p2a: Breloom|186\/261|[from] item: Rocky Helmet|[of] p1a: Ferrothorn
|-damage|p2a: Breloom|160\/261|[from] item: Life Orb
|move|p1a: Ferrothorn|Gyro Ball|p2a: Breloom
|-damage|p2a: Breloom|0 fnt
|faint|p2a: Breloom
|
|-weather|RainDance|[upkeep]
|
|switch|p2a: Heatran|Heatran, F|323\/323
|turn|3
|
|switch|p2a: Absol|Absol, M|271\/271
|-ability|p2a: Absol|Pressure
|move|p1a: Ferrothorn|Stealth Rock|p2a: Absol
|-sidestart|p2: albodavide1997|move: Stealth Rock
|
|-weather|RainDance|[upkeep]
|turn|4
|
|detailschange|p2a: Absol|Absol-Mega, M
|-mega|p2a: Absol|Absol|Absolite
|move|p2a: Absol|Swords Dance|p2a: Absol
|-boost|p2a: Absol|atk|2
|move|p1a: Ferrothorn|Gyro Ball|p2a: Absol
|-damage|p2a: Absol|6\/271
|
|-weather|RainDance|[upkeep]
|turn|5
|
|move|p2a: Absol|Knock Off|p1a: Ferrothorn
|-damage|p1a: Ferrothorn|0 fnt
|-damage|p2a: Absol|0 fnt|[from] ability: Iron Barbs|[of] p1a: Ferrothorn
|faint|p2a: Absol
|faint|p1a: Ferrothorn
|
|-weather|RainDance|[upkeep]
|
|switch|p2a: Weavile|Weavile, F|281\/281
|switch|p1a: Klefki|Klefki, M|317\/317
|-damage|p2a: Weavile|211\/281|[from] Stealth Rock
|turn|6
|-message|albodavide1997 forfeited.
|
|win|kianann
|raw|Ladder updating...
|leave|albodavide1997
|player|p2
|raw|kianann's rating: 1526 &rarr; <strong>1544<\/strong><br \/>(+18 for winning)
|raw|albodavide1997's rating: 1499 &rarr; <strong>1481<\/strong><br \/>(-18 for losing)