|join|R0k3tman
|join|kianann
|player|p1|R0k3tman|266
|player|p2|kianann|266
|gametype|singles
|gen|6
|tier|OU
|rated
|clearpoke
|poke|p1|Landorus-Therian, M
|poke|p1|Rotom-Wash
|poke|p1|Manectric, F
|poke|p1|Scizor, M
|poke|p1|Infernape, F
|poke|p1|Greninja, F
|poke|p2|Politoed, F
|poke|p2|Swampert, M
|poke|p2|Kingdra, F
|poke|p2|Klefki, F
|poke|p2|Thundurus, M
|poke|p2|Breloom, M
|rule|Swagger Clause: Swagger is banned
|rule|Baton Pass Clause: Limit one PokÃ©mon knowing Baton Pass
|rule|Sleep Clause Mod: Limit one foe put to sleep
|rule|Species Clause: Limit one of each PokÃ©mon
|rule|OHKO Clause: OHKO moves are banned
|rule|Moody Clause: Moody is banned
|rule|Evasion Moves Clause: Evasion moves are banned
|rule|Endless Battle Clause: Forcing endless battles is banned
|rule|HP Percentage Mod: HP is shown in percentages
|teampreview
|
|start
|switch|p1a: Rotom-Wash|Rotom-Wash|304\/304
|switch|p2a: Thundurus|Thundurus, M|299\/299
|turn|1
|
|move|p2a: Thundurus|Knock Off|p1a: Rotom-Wash
|-damage|p1a: Rotom-Wash|194\/304
|-enditem|p1a: Rotom-Wash|Leftovers|[from] move: Knock Off|[of] p2a: Thundurus
|-damage|p2a: Thundurus|270\/299|[from] item: Life Orb
|move|p1a: Rotom-Wash|Volt Switch|p2a: Thundurus
|-damage|p2a: Thundurus|150\/299
|
|switch|p1a: Greninja|Greninja, F|285\/285
|
|turn|2
|
|switch|p2a: Klefki|Klefki, F|317\/317
|move|p1a: Greninja|Hydro Pump|p2a: Klefki
|-start|p1a: Greninja|typechange|Water|[from] Protean
|-damage|p2a: Klefki|86\/317
|-damage|p1a: Greninja|257\/285|[from] item: Life Orb
|
|turn|3
|
|switch|p1a: Manectric|Manectric, F|281\/281
|move|p2a: Klefki|Thunder Wave|p1a: Manectric
|-boost|p1a: Manectric|spa|1|[from] ability: Lightning Rod
|
|turn|4
|
|detailschange|p1a: Manectric|Manectric-Mega, F
|-mega|p1a: Manectric|Manectric|Manectite
|-ability|p1a: Manectric|Intimidate|[of] p2a: Klefki
|-unboost|p2a: Klefki|atk|1
|move|p2a: Klefki|Rain Dance|p2a: Klefki
|-weather|RainDance
|move|p1a: Manectric|Thunderbolt|p2a: Klefki
|-crit|p2a: Klefki
|-damage|p2a: Klefki|0 fnt
|faint|p2a: Klefki
|
|-weather|RainDance|[upkeep]
|
|switch|p2a: Swampert|Swampert, M|341\/341
|turn|5
|
|switch|p1a: Rotom-Wash|Rotom-Wash|194\/304
|detailschange|p2a: Swampert|Swampert-Mega, M
|-mega|p2a: Swampert|Swampert|Swampertite
|move|p2a: Swampert|Waterfall|p1a: Rotom-Wash
|-resisted|p1a: Rotom-Wash
|-damage|p1a: Rotom-Wash|79\/304
|
|-weather|RainDance|[upkeep]
|turn|6
|
|move|p2a: Swampert|Waterfall|p1a: Rotom-Wash
|-resisted|p1a: Rotom-Wash
|-damage|p1a: Rotom-Wash|0 fnt
|faint|p1a: Rotom-Wash
|
|-weather|RainDance|[upkeep]
|
|switch|p1a: Infernape|Infernape, F|293\/293
|turn|7
|
|move|p2a: Swampert|Waterfall|p1a: Infernape
|-supereffective|p1a: Infernape
|-damage|p1a: Infernape|0 fnt
|faint|p1a: Infernape
|
|-weather|RainDance|[upkeep]
|
|switch|p1a: Manectric|Manectric-Mega, F|281\/281
|-ability|p1a: Manectric|Intimidate|[of] p2a: Swampert
|-unboost|p2a: Swampert|atk|1
|turn|8
|
|switch|p1a: Landorus-Therian|Landorus-Therian, M|382\/382
|-ability|p1a: Landorus-Therian|Intimidate|[of] p2a: Swampert
|-unboost|p2a: Swampert|atk|1
|move|p2a: Swampert|Waterfall|p1a: Landorus-Therian
|-crit|p1a: Landorus-Therian
|-supereffective|p1a: Landorus-Therian
|-damage|p1a: Landorus-Therian|0 fnt
|faint|p1a: Landorus-Therian
|
|-weather|RainDance|[upkeep]
|c|âkianann|i am not stupid
|
|switch|p1a: Greninja|Greninja, F|257\/285
|turn|9
|
|switch|p2a: Breloom|Breloom, M|264\/264
|move|p1a: Greninja|Hydro Pump|p2a: Breloom
|-start|p1a: Greninja|typechange|Water|[from] Protean
|-resisted|p2a: Breloom
|-damage|p2a: Breloom|3\/264
|-damage|p1a: Greninja|229\/285|[from] item: Life Orb
|
|-weather|RainDance|[upkeep]
|-status|p2a: Breloom|tox|[from] item: Toxic Orb
|turn|10
|
|move|p1a: Greninja|Ice Beam|p2a: Breloom
|-start|p1a: Greninja|typechange|Ice|[from] Protean
|-supereffective|p2a: Breloom
|-damage|p2a: Breloom|0 fnt
|-damage|p1a: Greninja|201\/285|[from] item: Life Orb
|faint|p2a: Breloom
|
|-weather|RainDance|[upkeep]
|
|switch|p2a: Swampert|Swampert-Mega, M|341\/341
|turn|11
|c|âkianann|i am faster
|
|switch|p1a: Scizor|Scizor, M|343\/343
|move|p2a: Swampert|Earthquake|p1a: Scizor
|-damage|p1a: Scizor|144\/343
|
|-weather|none
|turn|12
|
|switch|p2a: Politoed|Politoed, F|383\/383
|-weather|RainDance
|move|p1a: Scizor|Knock Off|p2a: Politoed
|-damage|p2a: Politoed|229\/383
|-enditem|p2a: Politoed|Damp Rock|[from] move: Knock Off|[of] p1a: Scizor
|
|-weather|RainDance|[upkeep]
|turn|13
|
|switch|p2a: Thundurus|Thundurus, M|150\/299
|switch|p1a: Manectric|Manectric-Mega, F|281\/281
|-ability|p1a: Manectric|Intimidate|[of] p2a: Thundurus
|-unboost|p2a: Thundurus|atk|1
|-boost|p2a: Thundurus|atk|2|[from] ability: Defiant
|
|-weather|RainDance|[upkeep]
|turn|14
|
|move|p1a: Manectric|Thunderbolt|p2a: Thundurus
|-crit|p2a: Thundurus
|-damage|p2a: Thundurus|0 fnt
|faint|p2a: Thundurus
|
|-weather|RainDance|[upkeep]
|c|âkianann|i let it die
|
|switch|p2a: Swampert|Swampert-Mega, M|341\/341
|turn|15
|c|âkianann|now u face it
|
|switch|p1a: Scizor|Scizor, M|144\/343
|move|p2a: Swampert|Earthquake|p1a: Scizor
|-damage|p1a: Scizor|0 fnt
|faint|p1a: Scizor
|
|-weather|RainDance|[upkeep]
|
|switch|p1a: Manectric|Manectric-Mega, F|281\/281
|-ability|p1a: Manectric|Intimidate|[of] p2a: Swampert
|-unboost|p2a: Swampert|atk|1
|turn|16
|
|move|p2a: Swampert|Earthquake|p1a: Manectric
|-supereffective|p1a: Manectric
|-damage|p1a: Manectric|0 fnt
|faint|p1a: Manectric
|
|-weather|RainDance|[upkeep]
|c|âkianann|u lose
|
|switch|p1a: Greninja|Greninja, F|201\/285
|turn|17
|
|move|p2a: Swampert|Earthquake|p1a: Greninja
|-damage|p1a: Greninja|0 fnt
|faint|p1a: Greninja
|
|win|kianann
|raw|Ladder updating...
|raw|R0k3tman's rating: 1384 &rarr; <strong>1362<\/strong><br \/>(-22 for losing)
|raw|kianann's rating: 1346 &rarr; <strong>1368<\/strong><br \/>(+22 for winning)
|leave|R0k3tman
|player|p1