|join|Katrinaprime
|join|kianann
|player|p1|Katrinaprime|260
|player|p2|kianann|101
|gametype|singles
|gen|6
|tier|OU
|rated
|clearpoke
|poke|p1|Galvantula, F, shiny
|poke|p1|Excadrill, M
|poke|p1|Gothitelle, F
|poke|p1|Garchomp, M, shiny
|poke|p1|Tyranitar, M
|poke|p1|Charizard, F, shiny
|poke|p2|Politoed, M
|poke|p2|Swampert, M
|poke|p2|Kingdra, F
|poke|p2|Klefki, M
|poke|p2|Thundurus, M
|poke|p2|Breloom, M
|rule|Swagger Clause: Swagger is banned
|rule|Baton Pass Clause: Limit one PokÃ©mon knowing Baton Pass
|rule|Sleep Clause Mod: Limit one foe put to sleep
|rule|Species Clause: Limit one of each PokÃ©mon
|rule|OHKO Clause: OHKO moves are banned
|rule|Moody Clause: Moody is banned
|rule|Evasion Moves Clause: Evasion moves are banned
|rule|Endless Battle Clause: Forcing endless battles is banned
|rule|HP Percentage Mod: HP is shown in percentages
|teampreview
|
|start
|switch|p1a: Kumonga|Galvantula, F, shiny|281\/281
|switch|p2a: Klefki|Klefki, M|317\/317
|turn|1
|
|move|p1a: Kumonga|Sticky Web|p2a: Klefki
|-sidestart|p2: kianann|move: Sticky Web
|move|p2a: Klefki|Foul Play|p1a: Kumonga
|-damage|p1a: Kumonga|198\/281
|
|turn|2
|
|move|p1a: Kumonga|Thunder Wave|p2a: Klefki
|-status|p2a: Klefki|par
|move|p2a: Klefki|Foul Play|p1a: Kumonga
|-damage|p1a: Kumonga|118\/281
|
|turn|3
|
|move|p1a: Kumonga|Thunder|p2a: Klefki
|-damage|p2a: Klefki|149\/317 par
|move|p2a: Klefki|Foul Play|p1a: Kumonga
|-damage|p1a: Kumonga|35\/281
|
|turn|4
|
|move|p2a: Klefki|Rain Dance|p2a: Klefki
|-weather|RainDance
|move|p1a: Kumonga|Thunder|p2a: Klefki
|-damage|p2a: Klefki|0 fnt
|faint|p2a: Klefki
|
|-weather|RainDance|[upkeep]
|
|switch|p2a: Thundurus|Thundurus, M|299\/299
|turn|5
|
|move|p2a: Thundurus|Knock Off|p1a: Kumonga
|-crit|p1a: Kumonga
|-damage|p1a: Kumonga|0 fnt
|-enditem|p1a: Kumonga|Focus Sash|[from] move: Knock Off|[of] p2a: Thundurus
|-damage|p2a: Thundurus|270\/299|[from] item: Life Orb
|faint|p1a: Kumonga
|
|-weather|RainDance|[upkeep]
|
|switch|p1a: Godzilla|Tyranitar, M|403\/403
|-weather|Sandstorm
|turn|6
|
|move|p1a: Godzilla|Pursuit|p2a: Thundurus|[from]Pursuit
|-damage|p2a: Thundurus|102\/299
|switch|p2a: Breloom|Breloom, M|264\/264
|-activate|p2a: Breloom|move: Sticky Web
|-unboost|p2a: Breloom|spe|1
|
|-weather|Sandstorm|[upkeep]
|-damage|p2a: Breloom|248\/264|[from] sandstorm
|-status|p2a: Breloom|tox|[from] item: Toxic Orb
|turn|7
|
|switch|p1a: Gothitelle|Gothitelle, F|281\/281
|move|p2a: Breloom|Facade|p1a: Gothitelle
|-damage|p1a: Gothitelle|115\/281
|
|-weather|Sandstorm|[upkeep]
|-damage|p1a: Gothitelle|98\/281|[from] sandstorm
|-damage|p2a: Breloom|232\/264 tox|[from] sandstorm
|-heal|p2a: Breloom|264\/264 tox|[from] ability: Poison Heal
|turn|8
|
|move|p1a: Gothitelle|Psyshock|p2a: Breloom
|-supereffective|p2a: Breloom
|-damage|p2a: Breloom|0 fnt
|faint|p2a: Breloom
|
|-weather|Sandstorm|[upkeep]
|-damage|p1a: Gothitelle|81\/281|[from] sandstorm
|
|switch|p2a: Thundurus|Thundurus, M|102\/299
|turn|9
|
|move|p2a: Thundurus|Knock Off|p1a: Gothitelle
|-supereffective|p1a: Gothitelle
|-damage|p1a: Gothitelle|0 fnt
|-enditem|p1a: Gothitelle|Choice Specs|[from] move: Knock Off|[of] p2a: Thundurus
|-damage|p2a: Thundurus|73\/299|[from] item: Life Orb
|faint|p1a: Gothitelle
|
|-weather|Sandstorm|[upkeep]
|-damage|p2a: Thundurus|55\/299|[from] sandstorm
|
|switch|p1a: Godzilla|Tyranitar, M|403\/403
|turn|10
|
|move|p2a: Thundurus|Superpower|p1a: Godzilla
|-supereffective|p1a: Godzilla
|-damage|p1a: Godzilla|0 fnt
|-unboost|p2a: Thundurus|atk|1
|-unboost|p2a: Thundurus|def|1
|-damage|p2a: Thundurus|26\/299|[from] item: Life Orb
|faint|p1a: Godzilla
|
|-weather|none
|
|switch|p1a: Ripster|Garchomp, M, shiny|358\/358
|turn|11
|
|switch|p1a: Excadrill|Excadrill, M|405\/405
|-ability|p1a: Excadrill|Mold Breaker
|-item|p1a: Excadrill|Air Balloon
|move|p2a: Thundurus|Hidden Power|p1a: Excadrill
|-damage|p1a: Excadrill|315\/405
|-enditem|p1a: Excadrill|Air Balloon
|-damage|p2a: Thundurus|0 fnt|[from] item: Life Orb
|faint|p2a: Thundurus
|
|
|switch|p2a: Politoed|Politoed, M|383\/383
|-activate|p2a: Politoed|move: Sticky Web
|-unboost|p2a: Politoed|spe|1
|-weather|RainDance
|turn|12
|
|move|p1a: Excadrill|Earthquake|p2a: Politoed
|-crit|p2a: Politoed
|-damage|p2a: Politoed|139\/383
|move|p2a: Politoed|Scald|p1a: Excadrill
|-supereffective|p1a: Excadrill
|-damage|p1a: Excadrill|9\/405
|-status|p1a: Excadrill|brn
|
|-weather|RainDance|[upkeep]
|-damage|p1a: Excadrill|0 fnt|[from] brn
|faint|p1a: Excadrill
|
|switch|p1a: Miki|Charizard, F, shiny|297\/297
|turn|13
|
|switch|p2a: Swampert|Swampert, M|341\/341
|-activate|p2a: Swampert|move: Sticky Web
|-unboost|p2a: Swampert|spe|1
|detailschange|p1a: Miki|Charizard-Mega-Y, F, shiny
|-mega|p1a: Miki|Charizard|Charizardite Y
|-weather|SunnyDay
|move|p1a: Miki|Solar Beam|p2a: Swampert|[still]
|-prepare|p1a: Miki|Solar Beam|p2a: Swampert
|-anim|p1a: Miki|Solar Beam|p2a: Swampert
|-supereffective|p2a: Swampert
|-damage|p2a: Swampert|0 fnt
|faint|p2a: Swampert
|
|-weather|SunnyDay|[upkeep]
|
|switch|p2a: Politoed|Politoed, M|139\/383
|-activate|p2a: Politoed|move: Sticky Web
|-unboost|p2a: Politoed|spe|1
|-weather|RainDance
|turn|14
|
|switch|p1a: Ripster|Garchomp, M, shiny|358\/358
|switch|p2a: Kingdra|Kingdra, F|291\/291
|-activate|p2a: Kingdra|move: Sticky Web
|-unboost|p2a: Kingdra|spe|1
|
|-weather|RainDance|[upkeep]
|turn|15
|
|move|p2a: Kingdra|Hydro Pump|p1a: Ripster
|-damage|p1a: Ripster|0 fnt
|-damage|p2a: Kingdra|262\/291|[from] item: Life Orb
|faint|p1a: Ripster
|
|-weather|RainDance|[upkeep]
|
|switch|p1a: Miki|Charizard-Mega-Y, F, shiny|297\/297
|-weather|SunnyDay
|turn|16
|-message|Katrinaprime forfeited.
|leave|Katrinaprime
|
|win|kianann
|raw|Ladder updating...
|player|p1
|raw|Katrinaprime's rating: 1451 &rarr; <strong>1428<\/strong><br \/>(-23 for losing)
|raw|kianann's rating: 1388 &rarr; <strong>1412<\/strong><br \/>(+24 for winning)