|join|kianann
|join|Raymomo5
|player|p1|kianann|169
|player|p2|Raymomo5|266
|gametype|singles
|gen|6
|tier|OU
|rated
|clearpoke
|poke|p1|Politoed, F
|poke|p1|Swampert, F
|poke|p1|Kingdra, M
|poke|p1|Klefki, F
|poke|p1|Manaphy
|poke|p1|Landorus-Therian, M
|poke|p2|Azumarill, M
|poke|p2|Terrakion
|poke|p2|Bisharp, M
|poke|p2|Heatran, M
|poke|p2|Latios, M
|poke|p2|Mienshao, M
|rule|Swagger Clause: Swagger is banned
|rule|Baton Pass Clause: Limit one PokÃ©mon knowing Baton Pass
|rule|Sleep Clause Mod: Limit one foe put to sleep
|rule|Species Clause: Limit one of each PokÃ©mon
|rule|OHKO Clause: OHKO moves are banned
|rule|Moody Clause: Moody is banned
|rule|Evasion Moves Clause: Evasion moves are banned
|rule|Endless Battle Clause: Forcing endless battles is banned
|rule|HP Percentage Mod: HP is shown in percentages
|teampreview
|
|start
|switch|p1a: Landorus-Therian|Landorus-Therian, M|319\/319
|switch|p2a: Mienshao|Mienshao, M|271\/271
|-ability|p1a: Landorus-Therian|Intimidate|[of] p2a: Mienshao
|-unboost|p2a: Mienshao|atk|1
|turn|1
|
|switch|p1a: Klefki|Klefki, F|317\/317
|move|p2a: Mienshao|U-turn|p1a: Klefki
|-resisted|p1a: Klefki
|-damage|p1a: Klefki|300\/317
|
|switch|p2a: Heatran|Heatran, M|386\/386
|
|turn|2
|
|move|p1a: Klefki|Rain Dance|p1a: Klefki
|-weather|RainDance
|move|p2a: Heatran|Fire Blast|p1a: Klefki
|-supereffective|p1a: Klefki
|-damage|p1a: Klefki|94\/317
|
|-weather|RainDance|[upkeep]
|turn|3
|
|switch|p1a: Manaphy|Manaphy|404\/404
|move|p2a: Heatran|Earth Power|p1a: Manaphy
|-damage|p1a: Manaphy|284\/404
|
|-weather|RainDance|[upkeep]
|-heal|p1a: Manaphy|309\/404|[from] item: Leftovers
|turn|4
|
|switch|p2a: Latios|Latios, M|301\/301
|move|p1a: Manaphy|Tail Glow|p1a: Manaphy
|-boost|p1a: Manaphy|spa|3
|
|-weather|RainDance|[upkeep]
|-heal|p1a: Manaphy|334\/404|[from] item: Leftovers
|turn|5
|
|move|p2a: Latios|Thunderbolt|p1a: Manaphy
|-supereffective|p1a: Manaphy
|-damage|p1a: Manaphy|112\/404
|move|p1a: Manaphy|Surf|p2a: Latios
|-resisted|p2a: Latios
|-damage|p2a: Latios|124\/301
|
|-weather|RainDance|[upkeep]
|-heal|p1a: Manaphy|137\/404|[from] item: Leftovers
|turn|6
|
|switch|p1a: Swampert|Swampert, F|341\/341
|move|p2a: Latios|Thunderbolt|p1a: Swampert
|-immune|p1a: Swampert|[msg]
|
|-weather|RainDance|[upkeep]
|turn|7
|
|switch|p2a: Azumarill|Azumarill, M|341\/341
|detailschange|p1a: Swampert|Swampert-Mega, F
|-mega|p1a: Swampert|Swampert|Swampertite
|move|p1a: Swampert|Earthquake|p2a: Azumarill
|-damage|p2a: Azumarill|148\/341
|
|-weather|RainDance|[upkeep]
|turn|8
|
|switch|p2a: Latios|Latios, M|124\/301
|move|p1a: Swampert|Earthquake|p2a: Latios
|-immune|p2a: Latios|[msg]
|
|-weather|RainDance|[upkeep]
|turn|9
|
|switch|p1a: Klefki|Klefki, F|94\/317
|move|p2a: Latios|Draco Meteor|p1a: Klefki
|-immune|p1a: Klefki|[msg]
|
|-weather|none
|turn|10
|
|switch|p2a: Bisharp|Bisharp, M|271\/271
|move|p1a: Klefki|Thunder Wave|p2a: Bisharp
|-status|p2a: Bisharp|par
|
|turn|11
|
|move|p1a: Klefki|Rain Dance|p1a: Klefki
|-weather|RainDance
|cant|p2a: Bisharp|par
|
|-weather|RainDance|[upkeep]
|turn|12
|
|move|p1a: Klefki|Foul Play|p2a: Bisharp
|-resisted|p2a: Bisharp
|-damage|p2a: Bisharp|207\/271 par
|cant|p2a: Bisharp|par
|
|-weather|RainDance|[upkeep]
|turn|13
|
|switch|p2a: Azumarill|Azumarill, M|148\/341
|move|p1a: Klefki|Foul Play|p2a: Azumarill
|-resisted|p2a: Azumarill
|-damage|p2a: Azumarill|118\/341
|
|-weather|RainDance|[upkeep]
|turn|14
|
|move|p1a: Klefki|Thunder Wave|p2a: Azumarill
|-status|p2a: Azumarill|par
|move|p2a: Azumarill|Aqua Jet|p1a: Klefki
|-damage|p1a: Klefki|0 fnt
|faint|p1a: Klefki
|
|-weather|RainDance|[upkeep]
|
|switch|p1a: Swampert|Swampert-Mega, F|341\/341
|turn|15
|
|move|p2a: Azumarill|Aqua Jet|p1a: Swampert
|-damage|p1a: Swampert|161\/341
|move|p1a: Swampert|Waterfall|p2a: Azumarill
|-resisted|p2a: Azumarill
|-damage|p2a: Azumarill|0 fnt
|faint|p2a: Azumarill
|
|-weather|RainDance|[upkeep]
|
|switch|p2a: Latios|Latios, M|124\/301
|turn|16
|
|move|p2a: Latios|Draco Meteor|p1a: Swampert
|-damage|p1a: Swampert|0 fnt
|-unboost|p2a: Latios|spa|2
|faint|p1a: Swampert
|
|-weather|RainDance|[upkeep]
|
|switch|p1a: Manaphy|Manaphy|137\/404
|turn|17
|
|move|p2a: Latios|Draco Meteor|p1a: Manaphy
|-damage|p1a: Manaphy|11\/404
|-unboost|p2a: Latios|spa|2
|move|p1a: Manaphy|Rest|p1a: Manaphy
|-status|p1a: Manaphy|slp
|-heal|p1a: Manaphy|404\/404 slp|[silent]
|-status|p1a: Manaphy|slp|[from] move: Rest
|
|-weather|RainDance|[upkeep]
|-curestatus|p1a: Manaphy|slp
|turn|18
|
|switch|p2a: Heatran|Heatran, M|386\/386
|move|p1a: Manaphy|Tail Glow|p1a: Manaphy
|-boost|p1a: Manaphy|spa|3
|
|-weather|none
|turn|19
|
|move|p1a: Manaphy|Surf|p2a: Heatran
|-supereffective|p2a: Heatran
|-damage|p2a: Heatran|0 fnt
|faint|p2a: Heatran
|
|
|switch|p2a: Bisharp|Bisharp, M|207\/271 par
|turn|20
|
|move|p2a: Bisharp|Sucker Punch|p1a: Manaphy
|-damage|p1a: Manaphy|217\/404
|-damage|p2a: Bisharp|180\/271 par|[from] item: Life Orb
|move|p1a: Manaphy|Surf|p2a: Bisharp
|-damage|p2a: Bisharp|0 fnt
|faint|p2a: Bisharp
|
|-heal|p1a: Manaphy|242\/404|[from] item: Leftovers
|
|switch|p2a: Mienshao|Mienshao, M|271\/271
|turn|21
|
|move|p2a: Mienshao|High Jump Kick|p1a: Manaphy
|-damage|p1a: Manaphy|0 fnt
|faint|p1a: Manaphy
|
|
|switch|p1a: Politoed|Politoed, F|342\/342
|-weather|RainDance
|turn|22
|
|move|p2a: Mienshao|High Jump Kick|p1a: Politoed
|-damage|p1a: Politoed|0 fnt
|faint|p1a: Politoed
|
|-weather|RainDance|[upkeep]
|
|switch|p1a: Kingdra|Kingdra, M|291\/291
|turn|23
|
|move|p1a: Kingdra|Hydro Pump|p2a: Mienshao
|-damage|p2a: Mienshao|0 fnt
|-damage|p1a: Kingdra|262\/291|[from] item: Life Orb
|faint|p2a: Mienshao
|
|-weather|RainDance|[upkeep]
|
|switch|p2a: Latios|Latios, M|124\/301
|turn|24
|c|âkianann|how come your high jump kick so powerful ?
|
|move|p1a: Kingdra|Draco Meteor|p2a: Latios
|-supereffective|p2a: Latios
|-damage|p2a: Latios|0 fnt
|-unboost|p1a: Kingdra|spa|2
|-damage|p1a: Kingdra|233\/291|[from] item: Life Orb
|faint|p2a: Latios
|
|-weather|RainDance|[upkeep]
|
|switch|p2a: Terrakion|Terrakion|323\/323
|turn|25
|c|âRaymomo5|skill
|
|move|p1a: Kingdra|Waterfall|p2a: Terrakion
|-supereffective|p2a: Terrakion
|-damage|p2a: Terrakion|0 fnt
|-damage|p1a: Kingdra|204\/291|[from] item: Life Orb
|faint|p2a: Terrakion
|
|win|kianann
|raw|Ladder updating...
|raw|kianann's rating: 1373 &rarr; <strong>1394<\/strong><br \/>(+21 for winning)
|raw|Raymomo5's rating: 1389 &rarr; <strong>1368<\/strong><br \/>(-21 for losing)
|leave|Raymomo5
|player|p2