|join|TitaniumEmpoleon
|join|kianann
|player|p1|TitaniumEmpoleon|102
|player|p2|kianann|2
|gametype|singles
|gen|6
|tier|OU
|rated
|clearpoke
|poke|p1|Diggersby, M, shiny
|poke|p1|Diancie
|poke|p1|Jumpluff, F
|poke|p1|Ferrothorn, F
|poke|p1|Excadrill, F
|poke|p1|Hippowdon, F
|poke|p2|Politoed, M
|poke|p2|Swampert, M
|poke|p2|Kingdra, M
|poke|p2|Klefki, M
|poke|p2|Ferrothorn, M
|poke|p2|Keldeo-Resolute
|rule|Swagger Clause: Swagger is banned
|rule|Baton Pass Clause: Limit one PokÃ©mon knowing Baton Pass
|rule|Sleep Clause Mod: Limit one foe put to sleep
|rule|Species Clause: Limit one of each PokÃ©mon
|rule|OHKO Clause: OHKO moves are banned
|rule|Moody Clause: Moody is banned
|rule|Evasion Moves Clause: Evasion moves are banned
|rule|Endless Battle Clause: Forcing endless battles is banned
|rule|HP Percentage Mod: HP is shown in percentages
|teampreview
|c|âTitaniumEmpoleon|oh shit
|c|âTitaniumEmpoleon|rain vs sand = bad for me
|
|start
|switch|p1a: HippowdonTho|Hippowdon, F|420\/420
|switch|p2a: Politoed|Politoed, M|342\/342
|-weather|RainDance
|-weather|Sandstorm
|turn|1
|
|switch|p2a: Ferrothorn|Ferrothorn, M|352\/352
|move|p1a: HippowdonTho|Stealth Rock|p2a: Ferrothorn
|-sidestart|p2: kianann|move: Stealth Rock
|
|-weather|Sandstorm|[upkeep]
|turn|2
|
|switch|p1a: FerrothornTho|Ferrothorn, F|352\/352
|switch|p2a: Politoed|Politoed, M|342\/342
|-damage|p2a: Politoed|300\/342|[from] Stealth Rock
|-weather|RainDance
|
|-weather|RainDance|[upkeep]
|turn|3
|
|switch|p2a: Keldeo-Resolute|Keldeo-Resolute|323\/323
|-damage|p2a: Keldeo-Resolute|303\/323|[from] Stealth Rock
|move|p1a: FerrothornTho|Power Whip|p2a: Keldeo-Resolute
|-supereffective|p2a: Keldeo-Resolute
|-damage|p2a: Keldeo-Resolute|21\/323
|
|-weather|RainDance|[upkeep]
|turn|4
|
|switch|p1a: HippowdonTho|Hippowdon, F|420\/420
|-weather|Sandstorm
|move|p2a: Keldeo-Resolute|Hydro Pump|p1a: HippowdonTho
|-supereffective|p1a: HippowdonTho
|-damage|p1a: HippowdonTho|0 fnt
|faint|p1a: HippowdonTho
|
|-weather|Sandstorm|[upkeep]
|-damage|p2a: Keldeo-Resolute|1\/323|[from] sandstorm
|
|switch|p1a: FerrothornTho|Ferrothorn, F|352\/352
|turn|5
|
|move|p2a: Keldeo-Resolute|Hydro Pump|p1a: FerrothornTho
|-resisted|p1a: FerrothornTho
|-damage|p1a: FerrothornTho|233\/352
|move|p1a: FerrothornTho|Spikes|p2a: Keldeo-Resolute
|-sidestart|p2: kianann|Spikes
|
|-weather|Sandstorm|[upkeep]
|-damage|p2a: Keldeo-Resolute|0 fnt|[from] sandstorm
|-heal|p1a: FerrothornTho|255\/352|[from] item: Leftovers
|faint|p2a: Keldeo-Resolute
|
|switch|p2a: Klefki|Klefki, M|317\/317
|-damage|p2a: Klefki|298\/317|[from] Stealth Rock
|-damage|p2a: Klefki|259\/317|[from] Spikes
|turn|6
|
|move|p2a: Klefki|Rain Dance|p2a: Klefki
|-weather|RainDance
|move|p1a: FerrothornTho|Leech Seed|p2a: Klefki|[miss]
|-miss|p1a: FerrothornTho|p2a: Klefki
|
|-weather|RainDance|[upkeep]
|-heal|p1a: FerrothornTho|277\/352|[from] item: Leftovers
|turn|7
|c|âTitaniumEmpoleon|holy crap youve played a ton of matches
|
|move|p2a: Klefki|Thunder Wave|p1a: FerrothornTho
|-status|p1a: FerrothornTho|par
|move|p1a: FerrothornTho|Leech Seed|p2a: Klefki
|-start|p2a: Klefki|move: Leech Seed
|
|-weather|RainDance|[upkeep]
|-heal|p1a: FerrothornTho|299\/352 par|[from] item: Leftovers
|-damage|p2a: Klefki|220\/317|[from] Leech Seed|[of] p1a: FerrothornTho
|-heal|p1a: FerrothornTho|338\/352 par|[silent]
|turn|8
|
|switch|p2a: Kingdra|Kingdra, M|291\/291
|-damage|p2a: Kingdra|255\/291|[from] Spikes
|-damage|p2a: Kingdra|219\/291|[from] Stealth Rock
|cant|p1a: FerrothornTho|par
|
|-weather|RainDance|[upkeep]
|-heal|p1a: FerrothornTho|352\/352 par|[from] item: Leftovers
|turn|9
|
|move|p2a: Kingdra|Hydro Pump|p1a: FerrothornTho
|-resisted|p1a: FerrothornTho
|-damage|p1a: FerrothornTho|219\/352 par
|-damage|p2a: Kingdra|190\/291|[from] item: Life Orb
|move|p1a: FerrothornTho|Power Whip|p2a: Kingdra
|-damage|p2a: Kingdra|54\/291
|
|-weather|RainDance|[upkeep]
|-heal|p1a: FerrothornTho|241\/352 par|[from] item: Leftovers
|turn|10
|
|move|p2a: Kingdra|Hydro Pump|p1a: FerrothornTho
|-resisted|p1a: FerrothornTho
|-damage|p1a: FerrothornTho|124\/352 par
|-damage|p2a: Kingdra|25\/291|[from] item: Life Orb
|move|p1a: FerrothornTho|Gyro Ball|p2a: Kingdra
|-resisted|p2a: Kingdra
|-damage|p2a: Kingdra|0 fnt
|faint|p2a: Kingdra
|
|-weather|RainDance|[upkeep]
|-heal|p1a: FerrothornTho|146\/352 par|[from] item: Leftovers
|
|switch|p2a: Swampert|Swampert, M|341\/341
|-damage|p2a: Swampert|320\/341|[from] Stealth Rock
|-damage|p2a: Swampert|278\/341|[from] Spikes
|turn|11
|
|detailschange|p2a: Swampert|Swampert-Mega, M
|-mega|p2a: Swampert|Swampert|Swampertite
|move|p2a: Swampert|Earthquake|p1a: FerrothornTho
|-damage|p1a: FerrothornTho|11\/352 par
|move|p1a: FerrothornTho|Power Whip|p2a: Swampert
|-supereffective|p2a: Swampert
|-damage|p2a: Swampert|0 fnt
|faint|p2a: Swampert
|
|-weather|RainDance|[upkeep]
|-heal|p1a: FerrothornTho|33\/352 par|[from] item: Leftovers
|-message|kianann forfeited.
|
|win|TitaniumEmpoleon
|raw|Ladder updating...
|leave|kianann
|player|p2
|raw|TitaniumEmpoleon's rating: 1388 &rarr; <strong>1403<\/strong><br \/>(+15 for winning)
|raw|kianann's rating: 1303 &rarr; <strong>1288<\/strong><br \/>(-15 for losing)