|join|kianann
|join|PhillyDieHard11
|player|p1|kianann|2
|player|p2|PhillyDieHard11|200
|gametype|singles
|gen|6
|tier|OU
|rated
|clearpoke
|poke|p1|Politoed, F
|poke|p1|Swampert, M
|poke|p1|Klefki, F
|poke|p1|Ferrothorn, F
|poke|p1|Landorus, M
|poke|p1|Manaphy
|poke|p2|Diancie
|poke|p2|Magnezone
|poke|p2|Landorus-Therian, M
|poke|p2|Latias, F
|poke|p2|Conkeldurr, M
|poke|p2|Azumarill, M, shiny
|rule|Swagger Clause: Swagger is banned
|rule|Baton Pass Clause: Limit one PokÃ©mon knowing Baton Pass
|rule|Sleep Clause Mod: Limit one foe put to sleep
|rule|Species Clause: Limit one of each PokÃ©mon
|rule|OHKO Clause: OHKO moves are banned
|rule|Moody Clause: Moody is banned
|rule|Evasion Moves Clause: Evasion moves are banned
|rule|Endless Battle Clause: Forcing endless battles is banned
|rule|HP Percentage Mod: HP is shown in percentages
|teampreview
|
|start
|switch|p1a: Politoed|Politoed, F|342\/342
|switch|p2a: Latias|Latias, F|301\/301
|-weather|RainDance
|turn|1
|
|switch|p2a: Magnezone|Magnezone|281\/281
|switch|p1a: Ferrothorn|Ferrothorn, F|352\/352
|
|-weather|RainDance|[upkeep]
|turn|2
|
|move|p2a: Magnezone|Hidden Power|p1a: Ferrothorn
|-crit|p1a: Ferrothorn
|-supereffective|p1a: Ferrothorn
|-damage|p1a: Ferrothorn|144\/352
|move|p1a: Ferrothorn|Leech Seed|p2a: Magnezone
|-start|p2a: Magnezone|move: Leech Seed
|
|-weather|RainDance|[upkeep]
|-damage|p2a: Magnezone|246\/281|[from] Leech Seed|[of] p1a: Ferrothorn
|-heal|p1a: Ferrothorn|179\/352|[silent]
|turn|3
|
|move|p1a: Ferrothorn|Protect|p1a: Ferrothorn
|-singleturn|p1a: Ferrothorn|Protect
|move|p2a: Magnezone|Hidden Power|p1a: Ferrothorn
|-activate|p1a: Ferrothorn|Protect
|
|-weather|RainDance|[upkeep]
|-damage|p2a: Magnezone|211\/281|[from] Leech Seed|[of] p1a: Ferrothorn
|-heal|p1a: Ferrothorn|214\/352|[silent]
|turn|4
|
|move|p2a: Magnezone|Hidden Power|p1a: Ferrothorn
|-supereffective|p1a: Ferrothorn
|-damage|p1a: Ferrothorn|82\/352
|move|p1a: Ferrothorn|Gyro Ball|p2a: Magnezone
|-resisted|p2a: Magnezone
|-damage|p2a: Magnezone|177\/281
|
|-weather|RainDance|[upkeep]
|-damage|p2a: Magnezone|142\/281|[from] Leech Seed|[of] p1a: Ferrothorn
|-heal|p1a: Ferrothorn|117\/352|[silent]
|turn|5
|
|move|p1a: Ferrothorn|Protect|p1a: Ferrothorn
|-singleturn|p1a: Ferrothorn|Protect
|move|p2a: Magnezone|Hidden Power|p1a: Ferrothorn
|-activate|p1a: Ferrothorn|Protect
|
|-weather|RainDance|[upkeep]
|-damage|p2a: Magnezone|107\/281|[from] Leech Seed|[of] p1a: Ferrothorn
|-heal|p1a: Ferrothorn|152\/352|[silent]
|turn|6
|
|move|p2a: Magnezone|Hidden Power|p1a: Ferrothorn
|-supereffective|p1a: Ferrothorn
|-damage|p1a: Ferrothorn|16\/352
|move|p1a: Ferrothorn|Gyro Ball|p2a: Magnezone
|-resisted|p2a: Magnezone
|-damage|p2a: Magnezone|68\/281
|
|-weather|RainDance|[upkeep]
|-damage|p2a: Magnezone|33\/281|[from] Leech Seed|[of] p1a: Ferrothorn
|-heal|p1a: Ferrothorn|51\/352|[silent]
|turn|7
|
|switch|p2a: Conkeldurr|Conkeldurr, M|351\/351
|move|p1a: Ferrothorn|Protect|p1a: Ferrothorn
|-fail|p1a: Ferrothorn
|
|-weather|RainDance|[upkeep]
|turn|8
|
|move|p1a: Ferrothorn|Protect|p1a: Ferrothorn
|-singleturn|p1a: Ferrothorn|Protect
|move|p2a: Conkeldurr|Drain Punch|p1a: Ferrothorn
|-activate|p1a: Ferrothorn|Protect
|
|-weather|none
|turn|9
|
|move|p2a: Conkeldurr|Drain Punch|p1a: Ferrothorn
|-supereffective|p1a: Ferrothorn
|-damage|p1a: Ferrothorn|0 fnt
|-damage|p2a: Conkeldurr|308\/351|[from] ability: Iron Barbs|[of] p1a: Ferrothorn
|-damage|p2a: Conkeldurr|250\/351|[from] item: Rocky Helmet|[of] p1a: Ferrothorn
|faint|p1a: Ferrothorn
|
|
|switch|p1a: Manaphy|Manaphy|404\/404
|turn|10
|
|move|p1a: Manaphy|Tail Glow|p1a: Manaphy
|-boost|p1a: Manaphy|spa|3
|move|p2a: Conkeldurr|Knock Off|p1a: Manaphy
|-damage|p1a: Manaphy|259\/404
|-enditem|p1a: Manaphy|Leftovers|[from] move: Knock Off|[of] p2a: Conkeldurr
|
|turn|11
|
|move|p1a: Manaphy|Psychic|p2a: Conkeldurr
|-supereffective|p2a: Conkeldurr
|-damage|p2a: Conkeldurr|0 fnt
|faint|p2a: Conkeldurr
|
|
|switch|p2a: Magnezone|Magnezone|33\/281
|turn|12
|
|switch|p1a: Swampert|Swampert, M|341\/341
|move|p2a: Magnezone|Volt Switch|p1a: Swampert
|-immune|p1a: Swampert|[msg]
|
|turn|13
|
|switch|p2a: Landorus-Therian|Landorus-Therian, M|382\/382
|-ability|p2a: Landorus-Therian|Intimidate|[of] p1a: Swampert
|-unboost|p1a: Swampert|atk|1
|detailschange|p1a: Swampert|Swampert-Mega, M
|-mega|p1a: Swampert|Swampert|Swampertite
|move|p1a: Swampert|Waterfall|p2a: Landorus-Therian
|-crit|p2a: Landorus-Therian
|-supereffective|p2a: Landorus-Therian
|-damage|p2a: Landorus-Therian|0 fnt
|faint|p2a: Landorus-Therian
|
|
|switch|p2a: Azumarill|Azumarill, M, shiny|364\/364
|turn|14
|
|switch|p1a: Politoed|Politoed, F|342\/342
|-weather|RainDance
|move|p2a: Azumarill|Belly Drum|p2a: Azumarill
|-damage|p2a: Azumarill|182\/364
|-setboost|p2a: Azumarill|atk|6|[from] move: Belly Drum
|-enditem|p2a: Azumarill|Sitrus Berry|[eat]
|-heal|p2a: Azumarill|273\/364|[from] item: Sitrus Berry
|
|-weather|RainDance|[upkeep]
|turn|15
|
|move|p1a: Politoed|Encore|p2a: Azumarill
|-start|p2a: Azumarill|Encore
|move|p2a: Azumarill|Belly Drum|p2a: Azumarill
|-fail|p2a: Azumarill
|
|-weather|RainDance|[upkeep]
|turn|16
|
|move|p1a: Politoed|Perish Song|p1a: Politoed
|-fieldactivate|move: Perish Song
|move|p2a: Azumarill|Belly Drum|p2a: Azumarill
|-fail|p2a: Azumarill
|
|-start|p1a: Politoed|perish3
|-start|p2a: Azumarill|perish3
|-weather|RainDance|[upkeep]
|turn|17
|
|move|p1a: Politoed|Scald|p2a: Azumarill
|-resisted|p2a: Azumarill
|-damage|p2a: Azumarill|183\/364
|-status|p2a: Azumarill|brn
|move|p2a: Azumarill|Belly Drum|p2a: Azumarill
|-fail|p2a: Azumarill
|
|-start|p1a: Politoed|perish2
|-start|p2a: Azumarill|perish2
|-weather|RainDance|[upkeep]
|-damage|p2a: Azumarill|138\/364 brn|[from] brn
|-end|p2a: Azumarill|Encore
|turn|18
|-message|PhillyDieHard11 forfeited.
|leave|PhillyDieHard11
|
|win|kianann
|raw|Ladder updating...
|player|p2
|raw|kianann's rating: 1445 &rarr; <strong>1464<\/strong><br \/>(+19 for winning)
|raw|PhillyDieHard11's rating: 1430 &rarr; <strong>1410<\/strong><br \/>(-20 for losing)