|join|greoh
|join|kianann
|player|p1|greoh|52
|player|p2|kianann|2
|gametype|singles
|gen|6
|tier|OU
|rated
|clearpoke
|poke|p1|Politoed, F
|poke|p1|Kabutops, F
|poke|p1|Sceptile, M
|poke|p1|Jirachi
|poke|p1|Tornadus-Therian, M
|poke|p1|Gothitelle, F
|poke|p2|Politoed, M
|poke|p2|Swampert, F
|poke|p2|Kingdra, F
|poke|p2|Klefki, M
|poke|p2|Manaphy
|poke|p2|Ferrothorn, M
|rule|Swagger Clause: Swagger is banned
|rule|Baton Pass Clause: Limit one PokÃ©mon knowing Baton Pass
|rule|Sleep Clause Mod: Limit one foe put to sleep
|rule|Species Clause: Limit one of each PokÃ©mon
|rule|OHKO Clause: OHKO moves are banned
|rule|Moody Clause: Moody is banned
|rule|Evasion Moves Clause: Evasion moves are banned
|rule|Endless Battle Clause: Forcing endless battles is banned
|rule|HP Percentage Mod: HP is shown in percentages
|teampreview
|c|âgreoh|always thzt rain team
|c|âkianann|rain team
|c|âgreoh|yes ^^
|
|start
|switch|p1a: Mangrove|Sceptile, M|282\/282
|switch|p2a: Klefki|Klefki, M|317\/317
|turn|1
|
|switch|p1a: Politoed|Politoed, F|383\/383
|-weather|RainDance
|move|p2a: Klefki|Rain Dance|p2a: Klefki
|-fail|p2a: Klefki
|
|-weather|RainDance|[upkeep]
|turn|2
|c|âgreoh|lol
|
|switch|p2a: Manaphy|Manaphy|404\/404
|move|p1a: Politoed|Encore|p2a: Manaphy
|-fail|p2a: Manaphy
|
|-weather|RainDance|[upkeep]
|turn|3
|c|âkianann|lucky
|c|âgreoh|why ?
|c|âkianann|i saw your encore
|c|âgreoh|you ?
|
|move|p2a: Manaphy|Psychic|p1a: Politoed
|-damage|p1a: Politoed|317\/383
|-unboost|p1a: Politoed|spd|1
|move|p1a: Politoed|Encore|p2a: Manaphy
|-start|p2a: Manaphy|Encore
|
|-weather|RainDance|[upkeep]
|turn|4
|
|switch|p1a: Gothitelle|Gothitelle, F|343\/343
|move|p2a: Manaphy|Psychic|p1a: Gothitelle
|-resisted|p1a: Gothitelle
|-damage|p1a: Gothitelle|313\/343
|
|-weather|RainDance|[upkeep]
|turn|5
|c|âgreoh|ahah it's the Politoed
|c|âkianann|energy ball rite
|
|move|p2a: Manaphy|Psychic|p1a: Gothitelle
|-resisted|p1a: Gothitelle
|-damage|p1a: Gothitelle|278\/343
|move|p1a: Gothitelle|Thunderbolt|p2a: Manaphy
|-supereffective|p2a: Manaphy
|-damage|p2a: Manaphy|118\/404
|
|-weather|RainDance|[upkeep]
|-heal|p2a: Manaphy|143\/404|[from] item: Leftovers
|turn|6
|c|âgreoh|T-bolt
|c|âkianann|also can
|
|move|p2a: Manaphy|Psychic|p1a: Gothitelle
|-resisted|p1a: Gothitelle
|-damage|p1a: Gothitelle|245\/343
|-unboost|p1a: Gothitelle|spd|1
|move|p1a: Gothitelle|Thunderbolt|p2a: Manaphy
|-supereffective|p2a: Manaphy
|-damage|p2a: Manaphy|0 fnt
|faint|p2a: Manaphy
|
|-weather|RainDance|[upkeep]
|c|âgreoh|^^
|
|switch|p2a: Swampert|Swampert, F|341\/341
|turn|7
|
|switch|p1a: Politoed|Politoed, F|317\/383
|detailschange|p2a: Swampert|Swampert-Mega, F
|-mega|p2a: Swampert|Swampert|Swampertite
|move|p2a: Swampert|Waterfall|p1a: Politoed
|-resisted|p1a: Politoed
|-damage|p1a: Politoed|202\/383
|
|-weather|RainDance|[upkeep]
|turn|8
|
|switch|p1a: Tornadus-Therian|Tornadus-Therian, M|332\/332
|move|p2a: Swampert|Earthquake|p1a: Tornadus-Therian
|-immune|p1a: Tornadus-Therian|[msg]
|
|-weather|none
|turn|9
|
|switch|p2a: Klefki|Klefki, M|317\/317
|move|p1a: Tornadus-Therian|U-turn|p2a: Klefki
|-resisted|p2a: Klefki
|-damage|p2a: Klefki|308\/317
|
|switch|p1a: Mangrove|Sceptile, M|282\/282
|
|turn|10
|
|detailschange|p1a: Mangrove|Sceptile-Mega, M
|-mega|p1a: Mangrove|Sceptile|Sceptilite
|move|p2a: Klefki|Rain Dance|p2a: Klefki
|-weather|RainDance
|move|p1a: Mangrove|Focus Blast|p2a: Klefki|[miss]
|-miss|p1a: Mangrove|p2a: Klefki
|
|-weather|RainDance|[upkeep]
|turn|11
|
|switch|p1a: Jirachi|Jirachi|403\/403
|switch|p2a: Swampert|Swampert-Mega, F|341\/341
|
|-weather|RainDance|[upkeep]
|turn|12
|
|switch|p1a: Tornadus-Therian|Tornadus-Therian, M|332\/332
|move|p2a: Swampert|Waterfall|p1a: Tornadus-Therian
|-crit|p1a: Tornadus-Therian
|-damage|p1a: Tornadus-Therian|0 fnt
|faint|p1a: Tornadus-Therian
|
|-weather|RainDance|[upkeep]
|
|switch|p1a: Mangrove|Sceptile-Mega, M|282\/282
|turn|13
|c|âkianann|did u see people use same team as me ?
|
|switch|p1a: Jirachi|Jirachi|403\/403
|move|p2a: Swampert|Ice Punch|p1a: Jirachi
|-resisted|p1a: Jirachi
|-damage|p1a: Jirachi|348\/403
|
|-weather|RainDance|[upkeep]
|turn|14
|c|âgreoh|yes
|c|âgreoh|much people
|
|move|p2a: Swampert|Earthquake|p1a: Jirachi
|-crit|p1a: Jirachi
|-supereffective|p1a: Jirachi
|-damage|p1a: Jirachi|0 fnt
|faint|p1a: Jirachi
|
|-weather|RainDance|[upkeep]
|
|switch|p1a: Kabutops|Kabutops, F|281\/281
|turn|15
|
|switch|p2a: Ferrothorn|Ferrothorn, M|352\/352
|move|p1a: Kabutops|Waterfall|p2a: Ferrothorn
|-resisted|p2a: Ferrothorn
|-damage|p2a: Ferrothorn|257\/352
|-damage|p1a: Kabutops|246\/281|[from] ability: Iron Barbs|[of] p2a: Ferrothorn
|
|-weather|RainDance|[upkeep]
|-heal|p2a: Ferrothorn|279\/352|[from] item: Leftovers
|turn|16
|c|âgreoh|here, you win
|
|switch|p1a: Mangrove|Sceptile-Mega, M|282\/282
|move|p2a: Ferrothorn|Leech Seed|p1a: Mangrove
|-immune|p1a: Mangrove|[msg]
|
|-weather|RainDance|[upkeep]
|-heal|p2a: Ferrothorn|301\/352|[from] item: Leftovers
|turn|17
|
|move|p2a: Ferrothorn|Protect|p2a: Ferrothorn
|-singleturn|p2a: Ferrothorn|Protect
|move|p1a: Mangrove|Focus Blast|p2a: Ferrothorn
|-activate|p2a: Ferrothorn|Protect
|
|-weather|none
|-heal|p2a: Ferrothorn|323\/352|[from] item: Leftovers
|turn|18
|c|âkianann|hope u attack miss
|
|switch|p2a: Klefki|Klefki, M|308\/317
|move|p1a: Mangrove|Focus Blast|p2a: Klefki|[miss]
|-miss|p1a: Mangrove|p2a: Klefki
|
|turn|19
|c|âgreoh|always miss
|
|move|p2a: Klefki|Rain Dance|p2a: Klefki
|-weather|RainDance
|move|p1a: Mangrove|Substitute|p1a: Mangrove
|-start|p1a: Mangrove|Substitute
|-damage|p1a: Mangrove|212\/282
|
|-weather|RainDance|[upkeep]
|turn|20
|c|âgreoh|boring
|
|move|p1a: Mangrove|Focus Blast|p2a: Klefki
|-damage|p2a: Klefki|160\/317
|move|p2a: Klefki|Foul Play|p1a: Mangrove
|-end|p1a: Mangrove|Substitute
|
|-weather|RainDance|[upkeep]
|turn|21
|c|âkianann|i let i die so u kill me
|
|switch|p1a: Gothitelle|Gothitelle, F|245\/343
|move|p2a: Klefki|Spikes|p1a: Gothitelle
|-sidestart|p1: greoh|Spikes
|
|-weather|RainDance|[upkeep]
|turn|22
|c|âgreoh|specially defensive klefki ?
|
|move|p2a: Klefki|Foul Play|p1a: Gothitelle
|-supereffective|p1a: Gothitelle
|-damage|p1a: Gothitelle|163\/343
|move|p1a: Gothitelle|Thunderbolt|p2a: Klefki
|-damage|p2a: Klefki|11\/317
|
|-weather|RainDance|[upkeep]
|turn|23
|c|âkianann|bold
|c|âgreoh|how does he take hypervoice from M-Gardevoir ?
|
|move|p2a: Klefki|Spikes|p1a: Gothitelle
|-sidestart|p1: greoh|Spikes
|move|p1a: Gothitelle|Thunderbolt|p2a: Klefki
|-crit|p2a: Klefki
|-damage|p2a: Klefki|0 fnt
|faint|p2a: Klefki
|
|-weather|RainDance|[upkeep]
|c|âkianann|what hypervoice ?
|
|switch|p2a: Swampert|Swampert-Mega, F|341\/341
|turn|24
|c|âgreoh|pixilate hyper voice
|c|âgreoh|an attack
|
|switch|p1a: Politoed|Politoed, F|202\/383
|-damage|p1a: Politoed|139\/383|[from] Spikes
|move|p2a: Swampert|Stealth Rock|p1a: Politoed
|-sidestart|p1: greoh|move: Stealth Rock
|
|-weather|RainDance|[upkeep]
|turn|25
|
|move|p2a: Swampert|Earthquake|p1a: Politoed
|-damage|p1a: Politoed|0 fnt
|faint|p1a: Politoed
|
|-weather|RainDance|[upkeep]
|
|switch|p1a: Kabutops|Kabutops, F|246\/281
|-damage|p1a: Kabutops|200\/281|[from] Spikes
|-damage|p1a: Kabutops|165\/281|[from] Stealth Rock
|turn|26
|
|switch|p2a: Ferrothorn|Ferrothorn, M|323\/352
|move|p1a: Kabutops|Superpower|p2a: Ferrothorn
|-supereffective|p2a: Ferrothorn
|-damage|p2a: Ferrothorn|81\/352
|-damage|p1a: Kabutops|130\/281|[from] ability: Iron Barbs|[of] p2a: Ferrothorn
|-unboost|p1a: Kabutops|atk|1
|-unboost|p1a: Kabutops|def|1
|
|-weather|none
|-heal|p2a: Ferrothorn|103\/352|[from] item: Leftovers
|turn|27
|
|switch|p1a: Gothitelle|Gothitelle, F|163\/343
|-damage|p1a: Gothitelle|121\/343|[from] Stealth Rock
|-damage|p1a: Gothitelle|64\/343|[from] Spikes
|move|p2a: Ferrothorn|Protect|p2a: Ferrothorn
|-fail|p2a: Ferrothorn
|
|-heal|p2a: Ferrothorn|125\/352|[from] item: Leftovers
|turn|28
|
|move|p2a: Ferrothorn|Protect|p2a: Ferrothorn
|-singleturn|p2a: Ferrothorn|Protect
|move|p1a: Gothitelle|Trick|p2a: Ferrothorn
|-activate|p2a: Ferrothorn|Protect
|
|-heal|p2a: Ferrothorn|147\/352|[from] item: Leftovers
|turn|29
|c|âkianann|u want trick ? ok
|
|move|p2a: Ferrothorn|Protect|p2a: Ferrothorn
|-fail|p2a: Ferrothorn
|move|p1a: Gothitelle|Trick|p2a: Ferrothorn
|-activate|p1a: Gothitelle|move: Trick|[of] p2a: Ferrothorn
|-item|p2a: Ferrothorn|Choice Specs|[from] move: Trick
|-item|p1a: Gothitelle|Leftovers|[from] move: Trick
|
|-heal|p1a: Gothitelle|85\/343|[from] item: Leftovers
|turn|30
|
|move|p1a: Gothitelle|Thunderbolt|p2a: Ferrothorn
|-resisted|p2a: Ferrothorn
|-damage|p2a: Ferrothorn|103\/352
|move|p2a: Ferrothorn|Gyro Ball|p1a: Gothitelle
|-damage|p1a: Gothitelle|0 fnt
|faint|p1a: Gothitelle
|
|
|switch|p1a: Mangrove|Sceptile-Mega, M|212\/282
|-damage|p1a: Mangrove|165\/282|[from] Spikes
|-damage|p1a: Mangrove|130\/282|[from] Stealth Rock
|turn|31
|
|move|p1a: Mangrove|Focus Blast|p2a: Ferrothorn
|-supereffective|p2a: Ferrothorn
|-damage|p2a: Ferrothorn|0 fnt
|faint|p2a: Ferrothorn
|
|
|switch|p2a: Politoed|Politoed, M|342\/342
|-weather|RainDance
|turn|32
|c|âkianann|kill me and then your sceptile die
|
|move|p1a: Mangrove|Substitute|p1a: Mangrove
|-start|p1a: Mangrove|Substitute
|-damage|p1a: Mangrove|60\/282
|move|p2a: Politoed|Ice Beam|p1a: Mangrove
|-supereffective|p1a: Mangrove
|-end|p1a: Mangrove|Substitute
|
|-weather|RainDance|[upkeep]
|turn|33
|
|move|p1a: Mangrove|Leaf Storm|p2a: Politoed
|-supereffective|p2a: Politoed
|-damage|p2a: Politoed|0 fnt
|-unboost|p1a: Mangrove|spa|2
|faint|p2a: Politoed
|
|-weather|RainDance|[upkeep]
|
|switch|p2a: Swampert|Swampert-Mega, F|341\/341
|turn|34
|
|move|p2a: Swampert|Ice Punch|p1a: Mangrove
|-crit|p1a: Mangrove
|-supereffective|p1a: Mangrove
|-damage|p1a: Mangrove|0 fnt
|faint|p1a: Mangrove
|
|-weather|RainDance|[upkeep]
|
|switch|p1a: Kabutops|Kabutops, F|130\/281
|-damage|p1a: Kabutops|84\/281|[from] Spikes
|-damage|p1a: Kabutops|49\/281|[from] Stealth Rock
|turn|35
|
|move|p1a: Kabutops|Waterfall|p2a: Swampert
|-damage|p2a: Swampert|67\/341
|move|p2a: Swampert|Earthquake|p1a: Kabutops
|-supereffective|p1a: Kabutops
|-damage|p1a: Kabutops|0 fnt
|faint|p1a: Kabutops
|
|win|kianann
|raw|Ladder updating...
|raw|greoh's rating: 1505 &rarr; <strong>1483<\/strong><br \/>(-22 for losing)
|raw|kianann's rating: 1475 &rarr; <strong>1497<\/strong><br \/>(+22 for winning)