|join|Rhayader
|join|kianann
|player|p1|Rhayader|40
|player|p2|kianann|2
|gametype|singles
|gen|6
|tier|OU
|rated
|clearpoke
|poke|p1|Absol, F
|poke|p1|Latias, F
|poke|p1|Heatran, F
|poke|p1|Hippowdon, M
|poke|p1|Keldeo
|poke|p1|Klefki, F
|poke|p2|Politoed, M
|poke|p2|Swampert, M
|poke|p2|Klefki, F
|poke|p2|Ferrothorn, M
|poke|p2|Landorus, M
|poke|p2|Manaphy
|rule|Swagger Clause: Swagger is banned
|rule|Baton Pass Clause: Limit one PokÃ©mon knowing Baton Pass
|rule|Sleep Clause Mod: Limit one foe put to sleep
|rule|Species Clause: Limit one of each PokÃ©mon
|rule|OHKO Clause: OHKO moves are banned
|rule|Moody Clause: Moody is banned
|rule|Evasion Moves Clause: Evasion moves are banned
|rule|Endless Battle Clause: Forcing endless battles is banned
|rule|HP Percentage Mod: HP is shown in percentages
|teampreview
|c|âkianann|glhf
|
|start
|switch|p1a: Absol|Absol, F|271\/271
|switch|p2a: Politoed|Politoed, M|342\/342
|-weather|RainDance
|turn|1
|
|switch|p2a: Ferrothorn|Ferrothorn, M|352\/352
|detailschange|p1a: Absol|Absol-Mega, F
|-mega|p1a: Absol|Absol|Absolite
|move|p1a: Absol|Swords Dance|p1a: Absol
|-boost|p1a: Absol|atk|2
|
|-weather|RainDance|[upkeep]
|turn|2
|
|move|p1a: Absol|Knock Off|p2a: Ferrothorn
|-damage|p2a: Ferrothorn|115\/352
|-damage|p1a: Absol|238\/271|[from] ability: Iron Barbs|[of] p2a: Ferrothorn
|-damage|p1a: Absol|193\/271|[from] item: Rocky Helmet|[of] p2a: Ferrothorn
|-enditem|p2a: Ferrothorn|Rocky Helmet|[from] move: Knock Off|[of] p1a: Absol
|move|p2a: Ferrothorn|Gyro Ball|p1a: Absol
|-crit|p1a: Absol
|-damage|p1a: Absol|0 fnt
|faint|p1a: Absol
|
|-weather|RainDance|[upkeep]
|
|switch|p1a: Hippowdon|Hippowdon, M|420\/420
|-weather|Sandstorm
|turn|3
|
|move|p1a: Hippowdon|Earthquake|p2a: Ferrothorn
|-damage|p2a: Ferrothorn|40\/352
|move|p2a: Ferrothorn|Leech Seed|p1a: Hippowdon|[miss]
|-miss|p2a: Ferrothorn|p1a: Hippowdon
|
|-weather|Sandstorm|[upkeep]
|turn|4
|
|move|p1a: Hippowdon|Earthquake|p2a: Ferrothorn
|-damage|p2a: Ferrothorn|0 fnt
|faint|p2a: Ferrothorn
|
|-weather|Sandstorm|[upkeep]
|
|switch|p2a: Politoed|Politoed, M|342\/342
|-weather|RainDance
|turn|5
|join|Denis Alves
|leave|Denis Alves
|
|switch|p2a: Manaphy|Manaphy|404\/404
|switch|p1a: Keldeo|Keldeo|323\/323
|
|-weather|RainDance|[upkeep]
|turn|6
|
|switch|p1a: Hippowdon|Hippowdon, M|420\/420
|-weather|Sandstorm
|move|p2a: Manaphy|Psychic|p1a: Hippowdon
|-damage|p1a: Hippowdon|339\/420
|
|-weather|Sandstorm|[upkeep]
|-damage|p2a: Manaphy|379\/404|[from] sandstorm
|-heal|p2a: Manaphy|404\/404|[from] item: Leftovers
|-heal|p1a: Hippowdon|365\/420|[from] item: Leftovers
|turn|7
|
|move|p2a: Manaphy|Tail Glow|p2a: Manaphy
|-boost|p2a: Manaphy|spa|3
|move|p1a: Hippowdon|Earthquake|p2a: Manaphy
|-damage|p2a: Manaphy|286\/404
|
|-weather|Sandstorm|[upkeep]
|-damage|p2a: Manaphy|261\/404|[from] sandstorm
|-heal|p2a: Manaphy|286\/404|[from] item: Leftovers
|-heal|p1a: Hippowdon|391\/420|[from] item: Leftovers
|turn|8
|
|move|p2a: Manaphy|Surf|p1a: Hippowdon
|-supereffective|p1a: Hippowdon
|-damage|p1a: Hippowdon|0 fnt
|faint|p1a: Hippowdon
|
|-weather|Sandstorm|[upkeep]
|-damage|p2a: Manaphy|261\/404|[from] sandstorm
|-heal|p2a: Manaphy|286\/404|[from] item: Leftovers
|
|switch|p1a: Latias|Latias, F|301\/301
|turn|9
|
|switch|p2a: Klefki|Klefki, F|317\/317
|move|p1a: Latias|Trick|p2a: Klefki
|-activate|p1a: Latias|move: Trick|[of] p2a: Klefki
|-item|p2a: Klefki|Choice Scarf|[from] move: Trick
|-item|p1a: Latias|Damp Rock|[from] move: Trick
|
|-weather|Sandstorm|[upkeep]
|-damage|p1a: Latias|283\/301|[from] sandstorm
|turn|10
|
|switch|p1a: Keldeo|Keldeo|323\/323
|move|p2a: Klefki|Rain Dance|p2a: Klefki
|-weather|RainDance
|
|-weather|RainDance|[upkeep]
|turn|11
|join|Outrageous Fortune
|
|switch|p2a: Manaphy|Manaphy|286\/404
|move|p1a: Keldeo|Substitute|p1a: Keldeo
|-start|p1a: Keldeo|Substitute
|-damage|p1a: Keldeo|243\/323
|
|-weather|RainDance|[upkeep]
|-heal|p1a: Keldeo|263\/323|[from] item: Leftovers
|-heal|p2a: Manaphy|311\/404|[from] item: Leftovers
|turn|12
|
|move|p1a: Keldeo|Calm Mind|p1a: Keldeo
|-boost|p1a: Keldeo|spa|1
|-boost|p1a: Keldeo|spd|1
|move|p2a: Manaphy|Psychic|p1a: Keldeo
|-supereffective|p1a: Keldeo
|-end|p1a: Keldeo|Substitute
|
|-weather|RainDance|[upkeep]
|-heal|p1a: Keldeo|283\/323|[from] item: Leftovers
|-heal|p2a: Manaphy|336\/404|[from] item: Leftovers
|turn|13
|
|move|p1a: Keldeo|Calm Mind|p1a: Keldeo
|-boost|p1a: Keldeo|spa|1
|-boost|p1a: Keldeo|spd|1
|move|p2a: Manaphy|Tail Glow|p2a: Manaphy
|-boost|p2a: Manaphy|spa|3
|
|-weather|RainDance|[upkeep]
|-heal|p1a: Keldeo|303\/323|[from] item: Leftovers
|-heal|p2a: Manaphy|361\/404|[from] item: Leftovers
|turn|14
|
|move|p1a: Keldeo|Secret Sword|p2a: Manaphy
|-damage|p2a: Manaphy|81\/404
|move|p2a: Manaphy|Psychic|p1a: Keldeo
|-supereffective|p1a: Keldeo
|-damage|p1a: Keldeo|77\/323
|
|-weather|none
|-heal|p1a: Keldeo|97\/323|[from] item: Leftovers
|-heal|p2a: Manaphy|106\/404|[from] item: Leftovers
|turn|15
|
|move|p1a: Keldeo|Secret Sword|p2a: Manaphy
|-damage|p2a: Manaphy|0 fnt
|faint|p2a: Manaphy
|
|-heal|p1a: Keldeo|117\/323|[from] item: Leftovers
|
|switch|p2a: Klefki|Klefki, F|317\/317
|turn|16
|
|move|p2a: Klefki|Thunder Wave|p1a: Keldeo
|-status|p1a: Keldeo|par
|move|p1a: Keldeo|Substitute|p1a: Keldeo
|-start|p1a: Keldeo|Substitute
|-damage|p1a: Keldeo|37\/323 par
|
|-heal|p1a: Keldeo|57\/323 par|[from] item: Leftovers
|turn|17
|
|switch|p2a: Politoed|Politoed, M|342\/342
|-weather|RainDance
|move|p1a: Keldeo|Calm Mind|p1a: Keldeo
|-boost|p1a: Keldeo|spa|1
|-boost|p1a: Keldeo|spd|1
|
|-weather|RainDance|[upkeep]
|-heal|p1a: Keldeo|77\/323 par|[from] item: Leftovers
|turn|18
|
|move|p2a: Politoed|Encore|p1a: Keldeo
|-start|p1a: Keldeo|Encore
|cant|p1a: Keldeo|par
|
|-weather|RainDance|[upkeep]
|-heal|p1a: Keldeo|97\/323 par|[from] item: Leftovers
|turn|19
|
|move|p2a: Politoed|Perish Song|p2a: Politoed
|-fieldactivate|move: Perish Song
|move|p1a: Keldeo|Calm Mind|p1a: Keldeo
|-boost|p1a: Keldeo|spa|1
|-boost|p1a: Keldeo|spd|1
|
|-start|p2a: Politoed|perish3
|-start|p1a: Keldeo|perish3
|-weather|RainDance|[upkeep]
|-heal|p1a: Keldeo|117\/323 par|[from] item: Leftovers
|turn|20
|c| Outrageous Fortune|perish song politoed is good!
|c|âkianann|it was a nice battle
|
|switch|p1a: Latias|Latias, F|283\/301
|move|p2a: Politoed|Scald|p1a: Latias
|-resisted|p1a: Latias
|-damage|p1a: Latias|230\/301
|
|-start|p2a: Politoed|perish2
|-weather|RainDance|[upkeep]
|turn|21
|
|switch|p1a: Klefki|Klefki, F|318\/318
|switch|p2a: Klefki|Klefki, F|317\/317
|
|-weather|RainDance|[upkeep]
|turn|22
|
|move|p2a: Klefki|Light Screen|p2a: Klefki
|-sidestart|p2: kianann|move: Light Screen
|move|p1a: Klefki|Spikes|p2a: Klefki
|-sidestart|p2: kianann|Spikes
|
|-weather|RainDance|[upkeep]
|turn|23
|join|Druides
|join|DOGE EBINEST
|
|switch|p2a: Swampert|Swampert, M|341\/341
|-damage|p2a: Swampert|299\/341|[from] Spikes
|move|p1a: Klefki|Foul Play|p2a: Swampert
|-damage|p2a: Swampert|179\/341
|
|-weather|RainDance|[upkeep]
|turn|24
|join|bellicose
|
|detailschange|p2a: Swampert|Swampert-Mega, M
|-mega|p2a: Swampert|Swampert|Swampertite
|move|p1a: Klefki|Magnet Rise|p1a: Klefki
|-start|p1a: Klefki|Magnet Rise
|move|p2a: Swampert|Ice Punch|p1a: Klefki
|-crit|p1a: Klefki
|-resisted|p1a: Klefki
|-damage|p1a: Klefki|230\/318
|
|-weather|none
|-heal|p1a: Klefki|249\/318|[from] item: Leftovers
|turn|25
|join|mouse de frank
|c| bellicose|Owned
|
|switch|p2a: Politoed|Politoed, M|342\/342
|-damage|p2a: Politoed|300\/342|[from] Spikes
|-weather|RainDance
|move|p1a: Klefki|Spikes|p2a: Politoed
|-sidestart|p2: kianann|Spikes
|
|-weather|RainDance|[upkeep]
|-heal|p1a: Klefki|268\/318|[from] item: Leftovers
|turn|26
|
|switch|p1a: Latias|Latias, F|230\/301
|move|p2a: Politoed|Scald|p1a: Latias
|-resisted|p1a: Latias
|-damage|p1a: Latias|169\/301
|
|-weather|RainDance|[upkeep]
|-sideend|p2: kianann|move: Light Screen
|turn|27
|
|switch|p2a: Klefki|Klefki, F|317\/317
|-damage|p2a: Klefki|265\/317|[from] Spikes
|move|p1a: Latias|Draco Meteor|p2a: Klefki
|-immune|p2a: Klefki|[msg]
|
|-weather|RainDance|[upkeep]
|turn|28
|
|switch|p1a: Keldeo|Keldeo|117\/323 par
|move|p2a: Klefki|Light Screen|p2a: Klefki
|-sidestart|p2: kianann|move: Light Screen
|
|-weather|RainDance|[upkeep]
|-heal|p1a: Keldeo|137\/323 par|[from] item: Leftovers
|turn|29
|
|switch|p2a: Landorus|Landorus, M|319\/319
|move|p1a: Keldeo|Secret Sword|p2a: Landorus
|-resisted|p2a: Landorus
|-damage|p2a: Landorus|276\/319
|
|-weather|RainDance|[upkeep]
|-heal|p1a: Keldeo|157\/323 par|[from] item: Leftovers
|turn|30
|
|switch|p1a: Latias|Latias, F|169\/301
|move|p2a: Landorus|Psychic|p1a: Latias
|-resisted|p1a: Latias
|-damage|p1a: Latias|108\/301
|
|-weather|RainDance|[upkeep]
|turn|31
|join|y4
|
|move|p1a: Latias|Psychic|p2a: Landorus
|-damage|p2a: Landorus|191\/319
|move|p2a: Landorus|Sludge Wave|p1a: Latias
|-damage|p1a: Latias|0 fnt
|faint|p1a: Latias
|
|-weather|RainDance|[upkeep]
|
|switch|p1a: Klefki|Klefki, F|268\/318
|turn|32
|
|move|p1a: Klefki|Magnet Rise|p1a: Klefki
|-start|p1a: Klefki|Magnet Rise
|move|p2a: Landorus|Earth Power|p1a: Klefki
|-immune|p1a: Klefki|[msg]
|
|-weather|none
|-heal|p1a: Klefki|287\/318|[from] item: Leftovers
|-sideend|p2: kianann|move: Light Screen
|turn|33
|c|âkianann|a clever move
|
|switch|p2a: Klefki|Klefki, F|265\/317
|-damage|p2a: Klefki|213\/317|[from] Spikes
|move|p1a: Klefki|Foul Play|p2a: Klefki
|-resisted|p2a: Klefki
|-damage|p2a: Klefki|190\/317
|
|-heal|p1a: Klefki|306\/318|[from] item: Leftovers
|turn|34
|
|move|p2a: Klefki|Light Screen|p2a: Klefki
|-sidestart|p2: kianann|move: Light Screen
|move|p1a: Klefki|Spikes|p2a: Klefki
|-sidestart|p2: kianann|Spikes
|
|-heal|p1a: Klefki|318\/318|[from] item: Leftovers
|turn|35
|
|switch|p2a: Politoed|Politoed, M|300\/342
|-damage|p2a: Politoed|215\/342|[from] Spikes
|-weather|RainDance
|move|p1a: Klefki|Foul Play|p2a: Politoed
|-damage|p2a: Politoed|151\/342
|
|-weather|RainDance|[upkeep]
|turn|36
|
|move|p1a: Klefki|Thunder Wave|p2a: Politoed
|-status|p2a: Politoed|par
|move|p2a: Politoed|Scald|p1a: Klefki
|-damage|p1a: Klefki|192\/318
|
|-weather|RainDance|[upkeep]
|-heal|p1a: Klefki|211\/318|[from] item: Leftovers
|-end|p1a: Klefki|Magnet Rise
|turn|37
|
|switch|p1a: Keldeo|Keldeo|157\/323 par
|move|p2a: Politoed|Perish Song|p2a: Politoed
|-fieldactivate|move: Perish Song
|
|-start|p1a: Keldeo|perish3
|-start|p2a: Politoed|perish3
|-weather|RainDance|[upkeep]
|-heal|p1a: Keldeo|177\/323 par|[from] item: Leftovers
|turn|38
|
|switch|p2a: Klefki|Klefki, F|190\/317
|-damage|p2a: Klefki|111\/317|[from] Spikes
|move|p1a: Keldeo|Scald|p2a: Klefki
|-damage|p2a: Klefki|7\/317
|
|-start|p1a: Keldeo|perish2
|-weather|RainDance|[upkeep]
|-heal|p1a: Keldeo|197\/323 par|[from] item: Leftovers
|-sideend|p2: kianann|move: Light Screen
|turn|39
|
|switch|p1a: Klefki|Klefki, F|211\/318
|move|p2a: Klefki|Spikes|p1a: Klefki
|-sidestart|p1: Rhayader|Spikes
|
|-weather|RainDance|[upkeep]
|-heal|p1a: Klefki|230\/318|[from] item: Leftovers
|turn|40
|
|move|p2a: Klefki|Spikes|p1a: Klefki
|-sidestart|p1: Rhayader|Spikes
|move|p1a: Klefki|Foul Play|p2a: Klefki
|-resisted|p2a: Klefki
|-damage|p2a: Klefki|0 fnt
|faint|p2a: Klefki
|
|-weather|RainDance|[upkeep]
|-heal|p1a: Klefki|249\/318|[from] item: Leftovers
|
|switch|p2a: Swampert|Swampert-Mega, M|179\/341
|-damage|p2a: Swampert|94\/341|[from] Spikes
|turn|41
|
|move|p2a: Swampert|Waterfall|p1a: Klefki
|-damage|p1a: Klefki|0 fnt
|faint|p1a: Klefki
|
|-weather|RainDance|[upkeep]
|
|switch|p1a: Keldeo|Keldeo|197\/323 par
|-damage|p1a: Keldeo|144\/323 par|[from] Spikes
|turn|42
|c|âkianann|gg
|c| y4|THATS A GG GG WAS CLOSE
|leave|y4
|c| DOGE EBINEST|a clever move.
|
|move|p2a: Swampert|Earthquake|p1a: Keldeo
|-damage|p1a: Keldeo|0 fnt
|faint|p1a: Keldeo
|
|-weather|none
|
|switch|p1a: Heatran|Heatran, F|386\/386
|-damage|p1a: Heatran|322\/386|[from] Spikes
|turn|43
|
|move|p1a: Heatran|Lava Plume|p2a: Swampert
|-resisted|p2a: Swampert
|-damage|p2a: Swampert|42\/341
|move|p2a: Swampert|Waterfall|p1a: Heatran
|-supereffective|p1a: Heatran
|-damage|p1a: Heatran|0 fnt
|faint|p1a: Heatran
|
|win|kianann
|raw|Ladder updating...
|raw|Rhayader's rating: 1572 &rarr; <strong>1553<\/strong><br \/>(-19 for losing)
|raw|kianann's rating: 1594 &rarr; <strong>1613<\/strong><br \/>(+19 for winning)
|leave|Rhayader
|player|p1
|leave|bellicose