|join|kianann
|join|yoBeto
|player|p1|kianann|101
|player|p2|yoBeto|1
|gametype|singles
|gen|6
|tier|OU
|rated
|clearpoke
|poke|p1|Politoed, M
|poke|p1|Swampert, M
|poke|p1|Kingdra, F
|poke|p1|Klefki, M
|poke|p1|Thundurus, M
|poke|p1|Breloom, M
|poke|p2|Sableye, F
|poke|p2|Landorus-Therian, M
|poke|p2|Conkeldurr, F
|poke|p2|Talonflame, F
|poke|p2|Latios, M
|poke|p2|Heatran, M
|rule|Swagger Clause: Swagger is banned
|rule|Baton Pass Clause: Limit one PokÃ©mon knowing Baton Pass
|rule|Sleep Clause Mod: Limit one foe put to sleep
|rule|Species Clause: Limit one of each PokÃ©mon
|rule|OHKO Clause: OHKO moves are banned
|rule|Moody Clause: Moody is banned
|rule|Evasion Moves Clause: Evasion moves are banned
|rule|Endless Battle Clause: Forcing endless battles is banned
|rule|HP Percentage Mod: HP is shown in percentages
|teampreview
|
|start
|switch|p1a: Politoed|Politoed, M|383\/383
|switch|p2a: Sableye|Sableye, F|304\/304
|-weather|RainDance
|turn|1
|
|switch|p1a: Kingdra|Kingdra, F|291\/291
|detailschange|p2a: Sableye|Sableye-Mega, F
|-mega|p2a: Sableye|Sableye|Sablenite
|move|p2a: Sableye|Nasty Plot|p2a: Sableye
|-boost|p2a: Sableye|spa|2
|
|-weather|RainDance|[upkeep]
|turn|2
|
|move|p1a: Kingdra|Hydro Pump|p2a: Sableye
|-damage|p2a: Sableye|2\/304
|-damage|p1a: Kingdra|262\/291|[from] item: Life Orb
|move|p2a: Sableye|Dark Pulse|p1a: Kingdra
|-damage|p1a: Kingdra|76\/291
|
|-weather|RainDance|[upkeep]
|turn|3
|
|move|p1a: Kingdra|Waterfall|p2a: Sableye
|-crit|p2a: Sableye
|-damage|p2a: Sableye|0 fnt
|-damage|p1a: Kingdra|47\/291|[from] item: Life Orb
|faint|p2a: Sableye
|
|-weather|RainDance|[upkeep]
|
|switch|p2a: Talonflame|Talonflame, F|297\/297
|turn|4
|leave|yoBeto
|join|yoBeto
|player|p2
|player|p2|yoBeto|1
|
|move|p2a: Talonflame|Brave Bird|p1a: Kingdra
|-damage|p1a: Kingdra|0 fnt
|-damage|p2a: Talonflame|281\/297|[from] recoil|[of] p1a: Kingdra
|faint|p1a: Kingdra
|
|-weather|RainDance|[upkeep]
|
|switch|p1a: Klefki|Klefki, M|317\/317
|turn|5
|
|move|p1a: Klefki|Thunder Wave|p2a: Talonflame
|-status|p2a: Talonflame|par
|move|p2a: Talonflame|Taunt|p1a: Klefki
|-start|p1a: Klefki|move: Taunt
|
|-weather|RainDance|[upkeep]
|turn|6
|
|move|p1a: Klefki|Foul Play|p2a: Talonflame
|-damage|p2a: Talonflame|162\/297 par
|move|p2a: Talonflame|U-turn|p1a: Klefki
|-resisted|p1a: Klefki
|-damage|p1a: Klefki|306\/317
|
|switch|p2a: Landorus-Therian|Landorus-Therian, M|382\/382
|-ability|p2a: Landorus-Therian|Intimidate|[of] p1a: Klefki
|-unboost|p1a: Klefki|atk|1
|
|-weather|RainDance|[upkeep]
|turn|7
|
|switch|p1a: Thundurus|Thundurus, M|299\/299
|move|p2a: Landorus-Therian|Stealth Rock|p1a: Thundurus
|-sidestart|p1: kianann|move: Stealth Rock
|
|-weather|RainDance|[upkeep]
|turn|8
|
|move|p1a: Thundurus|Hidden Power|p2a: Landorus-Therian
|-supereffective|p2a: Landorus-Therian
|-damage|p2a: Landorus-Therian|2\/382
|-damage|p1a: Thundurus|270\/299|[from] item: Life Orb
|move|p2a: Landorus-Therian|Stone Edge|p1a: Thundurus|[miss]
|-miss|p2a: Landorus-Therian|p1a: Thundurus
|
|-weather|none
|-heal|p2a: Landorus-Therian|25\/382|[from] item: Leftovers
|turn|9
|c|âyoBeto|lol
|
|move|p1a: Thundurus|Hidden Power|p2a: Landorus-Therian
|-supereffective|p2a: Landorus-Therian
|-damage|p2a: Landorus-Therian|0 fnt
|-damage|p1a: Thundurus|241\/299|[from] item: Life Orb
|faint|p2a: Landorus-Therian
|
|
|switch|p2a: Conkeldurr|Conkeldurr, F|404\/404
|turn|10
|
|switch|p1a: Klefki|Klefki, M|306\/317
|-damage|p1a: Klefki|287\/317|[from] Stealth Rock
|move|p2a: Conkeldurr|Knock Off|p1a: Klefki
|-resisted|p1a: Klefki
|-damage|p1a: Klefki|231\/317
|-enditem|p1a: Klefki|Damp Rock|[from] move: Knock Off|[of] p2a: Conkeldurr
|
|turn|11
|
|switch|p2a: Heatran|Heatran, M|324\/324
|move|p1a: Klefki|Thunder Wave|p2a: Heatran
|-status|p2a: Heatran|par
|
|turn|12
|
|move|p1a: Klefki|Rain Dance|p1a: Klefki
|-weather|RainDance
|move|p2a: Heatran|Substitute|p2a: Heatran
|-start|p2a: Heatran|Substitute
|-damage|p2a: Heatran|243\/324 par
|
|-weather|RainDance|[upkeep]
|-heal|p2a: Heatran|263\/324 par|[from] item: Leftovers
|turn|13
|
|switch|p1a: Swampert|Swampert, M|341\/341
|-damage|p1a: Swampert|320\/341|[from] Stealth Rock
|move|p2a: Heatran|Earth Power|p1a: Swampert
|-damage|p1a: Swampert|193\/341
|
|-weather|RainDance|[upkeep]
|-heal|p2a: Heatran|283\/324 par|[from] item: Leftovers
|turn|14
|
|detailschange|p1a: Swampert|Swampert-Mega, M
|-mega|p1a: Swampert|Swampert|Swampertite
|move|p1a: Swampert|Waterfall|p2a: Heatran
|-supereffective|p2a: Heatran
|-end|p2a: Heatran|Substitute
|cant|p2a: Heatran|par
|
|-weather|RainDance|[upkeep]
|-heal|p2a: Heatran|303\/324 par|[from] item: Leftovers
|turn|15
|
|switch|p2a: Latios|Latios, M|301\/301
|move|p1a: Swampert|Waterfall|p2a: Latios
|-resisted|p2a: Latios
|-damage|p2a: Latios|154\/301
|
|-weather|RainDance|[upkeep]
|turn|16
|
|switch|p2a: Conkeldurr|Conkeldurr, F|404\/404
|move|p1a: Swampert|Ice Punch|p2a: Conkeldurr
|-damage|p2a: Conkeldurr|283\/404
|
|-weather|none
|turn|17
|
|switch|p1a: Klefki|Klefki, M|231\/317
|-damage|p1a: Klefki|212\/317|[from] Stealth Rock
|move|p2a: Conkeldurr|Drain Punch|p1a: Klefki
|-damage|p1a: Klefki|73\/317
|-heal|p2a: Conkeldurr|353\/404|[from] drain|[of] p1a: Klefki
|
|turn|18
|
|move|p1a: Klefki|Thunder Wave|p2a: Conkeldurr
|-status|p2a: Conkeldurr|par
|move|p2a: Conkeldurr|Mach Punch|p1a: Klefki
|-damage|p1a: Klefki|0 fnt
|faint|p1a: Klefki
|
|
|switch|p1a: Politoed|Politoed, M|383\/383
|-damage|p1a: Politoed|336\/383|[from] Stealth Rock
|-weather|RainDance
|turn|19
|
|move|p1a: Politoed|Encore|p2a: Conkeldurr
|-start|p2a: Conkeldurr|Encore
|cant|p2a: Conkeldurr|par
|
|-weather|RainDance|[upkeep]
|turn|20
|
|move|p2a: Conkeldurr|Mach Punch|p1a: Politoed
|-damage|p1a: Politoed|227\/383
|move|p1a: Politoed|Scald|p2a: Conkeldurr
|-damage|p2a: Conkeldurr|233\/404 par
|
|-weather|RainDance|[upkeep]
|turn|21
|
|switch|p1a: Thundurus|Thundurus, M|241\/299
|-damage|p1a: Thundurus|167\/299|[from] Stealth Rock
|switch|p2a: Latios|Latios, M|154\/301
|
|-weather|RainDance|[upkeep]
|turn|22
|
|switch|p2a: Talonflame|Talonflame, F|162\/297 par
|move|p1a: Thundurus|Knock Off|p2a: Talonflame
|-crit|p2a: Talonflame
|-damage|p2a: Talonflame|0 fnt
|-enditem|p2a: Talonflame|Sharp Beak|[from] move: Knock Off|[of] p1a: Thundurus
|-damage|p1a: Thundurus|138\/299|[from] item: Life Orb
|faint|p2a: Talonflame
|
|-weather|RainDance|[upkeep]
|
|switch|p2a: Heatran|Heatran, M|303\/324 par
|turn|23
|leave|yoBeto
|join|yoBeto
|player|p2
|player|p2|yoBeto|1
|
|move|p1a: Thundurus|Superpower|p2a: Heatran
|-supereffective|p2a: Heatran
|-damage|p2a: Heatran|27\/324 par
|-unboost|p1a: Thundurus|atk|1
|-unboost|p1a: Thundurus|def|1
|-damage|p1a: Thundurus|109\/299|[from] item: Life Orb
|move|p2a: Heatran|Flash Cannon|p1a: Thundurus
|-resisted|p1a: Thundurus
|-damage|p1a: Thundurus|0 fnt
|faint|p1a: Thundurus
|
|-weather|RainDance|[upkeep]
|-heal|p2a: Heatran|47\/324 par|[from] item: Leftovers
|
|switch|p1a: Swampert|Swampert-Mega, M|193\/341
|-damage|p1a: Swampert|172\/341|[from] Stealth Rock
|turn|24
|
|move|p1a: Swampert|Waterfall|p2a: Heatran
|-supereffective|p2a: Heatran
|-damage|p2a: Heatran|0 fnt
|faint|p2a: Heatran
|
|-weather|RainDance|[upkeep]
|-message|yoBeto lost due to inactivity.
|-message|yoBeto forfeited.
|
|switch|p2a: Conkeldurr|Conkeldurr, F|233\/404 par
|turn|25
|leave|yoBeto
|
|win|kianann
|raw|Ladder updating...
|raw|kianann's rating: 1353 &rarr; <strong>1377<\/strong><br \/>(+24 for winning)
|raw|yoBeto's rating: 1407 &rarr; <strong>1384<\/strong><br \/>(-23 for losing)
|player|p2