|join|Mawile Fan
|join|kianann
|player|p1|Mawile Fan|167
|player|p2|kianann|2
|gametype|singles
|gen|6
|tier|OU
|rated
|clearpoke
|poke|p1|Starmie
|poke|p1|Talonflame, M
|poke|p1|Heracross, M
|poke|p1|Keldeo-Resolute
|poke|p1|Ferrothorn, M
|poke|p1|Tornadus-Therian, M
|poke|p2|Politoed, M
|poke|p2|Swampert, M
|poke|p2|Klefki, F
|poke|p2|Ferrothorn, F
|poke|p2|Landorus, M
|poke|p2|Manaphy
|rule|Swagger Clause: Swagger is banned
|rule|Baton Pass Clause: Limit one PokÃ©mon knowing Baton Pass
|rule|Sleep Clause Mod: Limit one foe put to sleep
|rule|Species Clause: Limit one of each PokÃ©mon
|rule|OHKO Clause: OHKO moves are banned
|rule|Moody Clause: Moody is banned
|rule|Evasion Moves Clause: Evasion moves are banned
|rule|Endless Battle Clause: Forcing endless battles is banned
|rule|HP Percentage Mod: HP is shown in percentages
|teampreview
|
|start
|switch|p1a: Heracross|Heracross, M|301\/301
|switch|p2a: Ferrothorn|Ferrothorn, F|352\/352
|turn|1
|
|detailschange|p1a: Heracross|Heracross-Mega, M
|-mega|p1a: Heracross|Heracross|Heracronite
|move|p1a: Heracross|Close Combat|p2a: Ferrothorn
|-supereffective|p2a: Ferrothorn
|-damage|p2a: Ferrothorn|4\/352
|-damage|p1a: Heracross|264\/301|[from] ability: Iron Barbs|[of] p2a: Ferrothorn
|-damage|p1a: Heracross|214\/301|[from] item: Rocky Helmet|[of] p2a: Ferrothorn
|-unboost|p1a: Heracross|def|1
|-unboost|p1a: Heracross|spd|1
|move|p2a: Ferrothorn|Stealth Rock|p1a: Heracross
|-sidestart|p1: Mawile Fan|move: Stealth Rock
|
|turn|2
|
|move|p1a: Heracross|Pin Missile|p2a: Ferrothorn
|-damage|p2a: Ferrothorn|0 fnt
|-hitcount|p2a: Ferrothorn|1
|faint|p2a: Ferrothorn
|
|
|switch|p2a: Landorus|Landorus, M|319\/319
|turn|3
|
|switch|p1a: Tornadus-Therian|Tornadus-Therian, M|332\/332
|-damage|p1a: Tornadus-Therian|249\/332|[from] Stealth Rock
|move|p2a: Landorus|Psychic|p1a: Tornadus-Therian
|-damage|p1a: Tornadus-Therian|155\/332
|
|turn|4
|
|move|p1a: Tornadus-Therian|Knock Off|p2a: Landorus
|-damage|p2a: Landorus|241\/319
|-enditem|p2a: Landorus|Leftovers|[from] move: Knock Off|[of] p1a: Tornadus-Therian
|move|p2a: Landorus|Hidden Power|p1a: Tornadus-Therian
|-supereffective|p1a: Tornadus-Therian
|-damage|p1a: Tornadus-Therian|59\/332
|
|turn|5
|
|move|p1a: Tornadus-Therian|U-turn|p2a: Landorus
|-resisted|p2a: Landorus
|-damage|p2a: Landorus|215\/319
|
|switch|p1a: Starmie|Starmie|324\/324
|-damage|p1a: Starmie|284\/324|[from] Stealth Rock
|move|p2a: Landorus|Focus Blast|p1a: Starmie
|-resisted|p1a: Starmie
|-damage|p1a: Starmie|192\/324
|
|-heal|p1a: Starmie|212\/324|[from] item: Leftovers
|turn|6
|
|switch|p2a: Politoed|Politoed, M|342\/342
|-weather|RainDance
|move|p1a: Starmie|Rapid Spin|p2a: Politoed
|-damage|p2a: Politoed|331\/342
|-sideend|p1: Mawile Fan|Stealth Rock|[from] move: Rapid Spin|[of] p1a: Starmie
|
|-weather|RainDance|[upkeep]
|-heal|p1a: Starmie|232\/324|[from] item: Leftovers
|turn|7
|
|switch|p1a: Ferrothorn|Ferrothorn, M|351\/351
|switch|p2a: Manaphy|Manaphy|404\/404
|
|-weather|RainDance|[upkeep]
|turn|8
|
|move|p2a: Manaphy|Tail Glow|p2a: Manaphy
|-boost|p2a: Manaphy|spa|3
|move|p1a: Ferrothorn|Leech Seed|p2a: Manaphy
|-start|p2a: Manaphy|move: Leech Seed
|
|-weather|RainDance|[upkeep]
|-damage|p2a: Manaphy|354\/404|[from] Leech Seed|[of] p1a: Ferrothorn
|turn|9
|
|move|p2a: Manaphy|Tail Glow|p2a: Manaphy
|-boost|p2a: Manaphy|spa|3
|move|p1a: Ferrothorn|Stealth Rock|p2a: Manaphy
|-sidestart|p2: kianann|move: Stealth Rock
|
|-weather|RainDance|[upkeep]
|-heal|p2a: Manaphy|379\/404|[from] item: Leftovers
|-damage|p2a: Manaphy|329\/404|[from] Leech Seed|[of] p1a: Ferrothorn
|turn|10
|
|move|p1a: Ferrothorn|Protect|p1a: Ferrothorn
|-singleturn|p1a: Ferrothorn|Protect
|move|p2a: Manaphy|Rest|p2a: Manaphy
|-status|p2a: Manaphy|slp
|-heal|p2a: Manaphy|404\/404 slp|[silent]
|-status|p2a: Manaphy|slp|[from] move: Rest
|
|-weather|RainDance|[upkeep]
|-curestatus|p2a: Manaphy|slp
|-damage|p2a: Manaphy|354\/404|[from] Leech Seed|[of] p1a: Ferrothorn
|turn|11
|
|move|p2a: Manaphy|Surf|p1a: Ferrothorn
|-resisted|p1a: Ferrothorn
|-damage|p1a: Ferrothorn|75\/351
|move|p1a: Ferrothorn|Gyro Ball|p2a: Manaphy
|-resisted|p2a: Manaphy
|-damage|p2a: Manaphy|265\/404
|
|-weather|RainDance|[upkeep]
|-heal|p2a: Manaphy|290\/404|[from] item: Leftovers
|-heal|p1a: Ferrothorn|96\/351|[from] item: Leftovers
|-damage|p2a: Manaphy|240\/404|[from] Leech Seed|[of] p1a: Ferrothorn
|-heal|p1a: Ferrothorn|146\/351|[silent]
|turn|12
|
|move|p2a: Manaphy|Surf|p1a: Ferrothorn
|-crit|p1a: Ferrothorn
|-resisted|p1a: Ferrothorn
|-damage|p1a: Ferrothorn|0 fnt
|faint|p1a: Ferrothorn
|
|-weather|RainDance|[upkeep]
|-heal|p2a: Manaphy|265\/404|[from] item: Leftovers
|
|switch|p1a: Keldeo-Resolute|Keldeo-Resolute|323\/323
|turn|13
|
|move|p1a: Keldeo-Resolute|Secret Sword|p2a: Manaphy
|-damage|p2a: Manaphy|27\/404
|move|p2a: Manaphy|Psychic|p1a: Keldeo-Resolute
|-supereffective|p1a: Keldeo-Resolute
|-damage|p1a: Keldeo-Resolute|0 fnt
|faint|p1a: Keldeo-Resolute
|
|-weather|none
|-heal|p2a: Manaphy|52\/404|[from] item: Leftovers
|
|switch|p1a: Tornadus-Therian|Tornadus-Therian, M|169\/332
|turn|14
|
|move|p1a: Tornadus-Therian|Knock Off|p2a: Manaphy
|-damage|p2a: Manaphy|0 fnt
|-enditem|p2a: Manaphy|Leftovers|[from] move: Knock Off|[of] p1a: Tornadus-Therian
|faint|p2a: Manaphy
|
|
|switch|p2a: Klefki|Klefki, F|317\/317
|-damage|p2a: Klefki|298\/317|[from] Stealth Rock
|turn|15
|
|switch|p1a: Starmie|Starmie|232\/324
|move|p2a: Klefki|Thunder Wave|p1a: Starmie
|-status|p1a: Starmie|par
|
|-heal|p1a: Starmie|252\/324 par|[from] item: Leftovers
|turn|16
|
|move|p2a: Klefki|Foul Play|p1a: Starmie
|-supereffective|p1a: Starmie
|-damage|p1a: Starmie|152\/324 par
|move|p1a: Starmie|Scald|p2a: Klefki
|-damage|p2a: Klefki|196\/317
|
|-heal|p1a: Starmie|172\/324 par|[from] item: Leftovers
|turn|17
|
|move|p2a: Klefki|Foul Play|p1a: Starmie
|-supereffective|p1a: Starmie
|-damage|p1a: Starmie|76\/324 par
|move|p1a: Starmie|Recover|p1a: Starmie
|-heal|p1a: Starmie|238\/324 par
|
|-heal|p1a: Starmie|258\/324 par|[from] item: Leftovers
|turn|18
|
|move|p2a: Klefki|Foul Play|p1a: Starmie
|-supereffective|p1a: Starmie
|-damage|p1a: Starmie|158\/324 par
|move|p1a: Starmie|Scald|p2a: Klefki
|-damage|p2a: Klefki|97\/317
|
|-heal|p1a: Starmie|178\/324 par|[from] item: Leftovers
|turn|19
|
|move|p2a: Klefki|Rain Dance|p2a: Klefki
|-weather|RainDance
|move|p1a: Starmie|Recover|p1a: Starmie
|-heal|p1a: Starmie|324\/324 par
|
|-weather|RainDance|[upkeep]
|turn|20
|
|switch|p1a: Heracross|Heracross-Mega, M|214\/301
|move|p2a: Klefki|Foul Play|p1a: Heracross
|-resisted|p1a: Heracross
|-damage|p1a: Heracross|142\/301
|
|-weather|RainDance|[upkeep]
|turn|21
|
|move|p2a: Klefki|Thunder Wave|p1a: Heracross
|-status|p1a: Heracross|par
|move|p1a: Heracross|Close Combat|p2a: Klefki
|-damage|p2a: Klefki|0 fnt
|-unboost|p1a: Heracross|def|1
|-unboost|p1a: Heracross|spd|1
|faint|p2a: Klefki
|
|-weather|RainDance|[upkeep]
|
|switch|p2a: Swampert|Swampert, M|341\/341
|-damage|p2a: Swampert|320\/341|[from] Stealth Rock
|turn|22
|
|detailschange|p2a: Swampert|Swampert-Mega, M
|-mega|p2a: Swampert|Swampert|Swampertite
|move|p2a: Swampert|Waterfall|p1a: Heracross
|-damage|p1a: Heracross|0 fnt
|faint|p1a: Heracross
|
|-weather|RainDance|[upkeep]
|
|switch|p1a: Starmie|Starmie|324\/324
|turn|23
|
|move|p2a: Swampert|Earthquake|p1a: Starmie
|-crit|p1a: Starmie
|-damage|p1a: Starmie|0 fnt
|faint|p1a: Starmie
|
|-weather|RainDance|[upkeep]
|
|switch|p1a: Tornadus-Therian|Tornadus-Therian, M|279\/332
|turn|24
|
|move|p2a: Swampert|Ice Punch|p1a: Tornadus-Therian
|-supereffective|p1a: Tornadus-Therian
|-damage|p1a: Tornadus-Therian|19\/332
|-status|p1a: Tornadus-Therian|frz
|cant|p1a: Tornadus-Therian|frz
|
|-weather|RainDance|[upkeep]
|turn|25
|c|âMawile Fan|...
|c|âMawile Fan|critic + freeze
|-message|Mawile Fan lost due to inactivity.
|
|win|kianann
|raw|Ladder updating...
|raw|Mawile Fan's rating: 1586 &rarr; <strong>1562<\/strong><br \/>(-24 for losing)
|raw|kianann's rating: 1511 &rarr; <strong>1535<\/strong><br \/>(+24 for winning)