|join|AlbertDaEinstein
|join|kianann
|player|p1|AlbertDaEinstein|226
|player|p2|kianann|2
|gametype|singles
|gen|6
|tier|OU
|rated
|clearpoke
|poke|p1|Venusaur, F
|poke|p1|Slowbro, M
|poke|p1|Victini
|poke|p1|Ferrothorn, F
|poke|p1|Donphan, F
|poke|p1|Hydreigon, M
|poke|p2|Politoed, F
|poke|p2|Swampert, F
|poke|p2|Klefki, F
|poke|p2|Ferrothorn, M
|poke|p2|Landorus, M
|poke|p2|Manaphy
|rule|Swagger Clause: Swagger is banned
|rule|Baton Pass Clause: Limit one PokÃ©mon knowing Baton Pass
|rule|Sleep Clause Mod: Limit one foe put to sleep
|rule|Species Clause: Limit one of each PokÃ©mon
|rule|OHKO Clause: OHKO moves are banned
|rule|Moody Clause: Moody is banned
|rule|Evasion Moves Clause: Evasion moves are banned
|rule|Endless Battle Clause: Forcing endless battles is banned
|rule|HP Percentage Mod: HP is shown in percentages
|teampreview
|
|start
|switch|p1a: Victini|Victini|341\/341
|switch|p2a: Politoed|Politoed, F|342\/342
|-weather|RainDance
|turn|1
|
|switch|p2a: Swampert|Swampert, F|341\/341
|move|p1a: Victini|U-turn|p2a: Swampert
|-damage|p2a: Swampert|212\/341
|
|switch|p1a: Venusaur|Venusaur, F|364\/364
|
|-weather|RainDance|[upkeep]
|turn|2
|
|switch|p2a: Klefki|Klefki, F|317\/317
|detailschange|p1a: Venusaur|Venusaur-Mega, F
|-mega|p1a: Venusaur|Venusaur|Venusaurite
|move|p1a: Venusaur|Giga Drain|p2a: Klefki
|-resisted|p2a: Klefki
|-damage|p2a: Klefki|268\/317
|
|-weather|RainDance|[upkeep]
|turn|3
|
|switch|p1a: Donphan|Donphan, F|384\/384
|move|p2a: Klefki|Thunder Wave|p1a: Donphan
|-immune|p1a: Donphan|[msg]
|
|-weather|RainDance|[upkeep]
|turn|4
|
|switch|p2a: Manaphy|Manaphy|404\/404
|move|p1a: Donphan|Stealth Rock|p2a: Manaphy
|-sidestart|p2: kianann|move: Stealth Rock
|
|-weather|RainDance|[upkeep]
|turn|5
|
|move|p2a: Manaphy|Tail Glow|p2a: Manaphy
|-boost|p2a: Manaphy|spa|3
|move|p1a: Donphan|Earthquake|p2a: Manaphy
|-damage|p2a: Manaphy|260\/404
|
|-weather|RainDance|[upkeep]
|-heal|p2a: Manaphy|285\/404|[from] item: Leftovers
|turn|6
|
|switch|p1a: Ferrothorn|Ferrothorn, F|351\/351
|move|p2a: Manaphy|Tail Glow|p2a: Manaphy
|-boost|p2a: Manaphy|spa|3
|
|-weather|RainDance|[upkeep]
|-heal|p2a: Manaphy|310\/404|[from] item: Leftovers
|turn|7
|
|move|p2a: Manaphy|Surf|p1a: Ferrothorn
|-resisted|p1a: Ferrothorn
|-damage|p1a: Ferrothorn|102\/351
|move|p1a: Ferrothorn|Leech Seed|p2a: Manaphy
|-start|p2a: Manaphy|move: Leech Seed
|
|-weather|RainDance|[upkeep]
|-heal|p2a: Manaphy|335\/404|[from] item: Leftovers
|-damage|p2a: Manaphy|285\/404|[from] Leech Seed|[of] p1a: Ferrothorn
|-heal|p1a: Ferrothorn|152\/351|[silent]
|turn|8
|
|move|p1a: Ferrothorn|Protect|p1a: Ferrothorn
|-singleturn|p1a: Ferrothorn|Protect
|move|p2a: Manaphy|Surf|p1a: Ferrothorn
|-activate|p1a: Ferrothorn|Protect
|
|-weather|none
|-heal|p2a: Manaphy|310\/404|[from] item: Leftovers
|-damage|p2a: Manaphy|260\/404|[from] Leech Seed|[of] p1a: Ferrothorn
|-heal|p1a: Ferrothorn|202\/351|[silent]
|turn|9
|
|switch|p2a: Politoed|Politoed, F|342\/342
|-damage|p2a: Politoed|300\/342|[from] Stealth Rock
|-weather|RainDance
|move|p1a: Ferrothorn|Gyro Ball|p2a: Politoed
|-resisted|p2a: Politoed
|-damage|p2a: Politoed|234\/342
|
|-weather|RainDance|[upkeep]
|turn|10
|
|switch|p2a: Manaphy|Manaphy|260\/404
|-damage|p2a: Manaphy|210\/404|[from] Stealth Rock
|move|p1a: Ferrothorn|Leech Seed|p2a: Manaphy
|-start|p2a: Manaphy|move: Leech Seed
|
|-weather|RainDance|[upkeep]
|-heal|p2a: Manaphy|235\/404|[from] item: Leftovers
|-damage|p2a: Manaphy|185\/404|[from] Leech Seed|[of] p1a: Ferrothorn
|-heal|p1a: Ferrothorn|252\/351|[silent]
|turn|11
|
|move|p2a: Manaphy|Tail Glow|p2a: Manaphy
|-boost|p2a: Manaphy|spa|3
|move|p1a: Ferrothorn|Spikes|p2a: Manaphy
|-sidestart|p2: kianann|Spikes
|
|-weather|RainDance|[upkeep]
|-heal|p2a: Manaphy|210\/404|[from] item: Leftovers
|-damage|p2a: Manaphy|160\/404|[from] Leech Seed|[of] p1a: Ferrothorn
|-heal|p1a: Ferrothorn|302\/351|[silent]
|turn|12
|
|move|p2a: Manaphy|Rest|p2a: Manaphy
|-status|p2a: Manaphy|slp
|-heal|p2a: Manaphy|404\/404 slp|[silent]
|-status|p2a: Manaphy|slp|[from] move: Rest
|move|p1a: Ferrothorn|Gyro Ball|p2a: Manaphy
|-resisted|p2a: Manaphy
|-damage|p2a: Manaphy|320\/404 slp
|
|-weather|RainDance|[upkeep]
|-curestatus|p2a: Manaphy|slp
|-heal|p2a: Manaphy|345\/404|[from] item: Leftovers
|-damage|p2a: Manaphy|295\/404|[from] Leech Seed|[of] p1a: Ferrothorn
|-heal|p1a: Ferrothorn|351\/351|[silent]
|turn|13
|
|move|p2a: Manaphy|Tail Glow|p2a: Manaphy
|-boost|p2a: Manaphy|spa|3
|move|p1a: Ferrothorn|Spikes|p2a: Manaphy
|-sidestart|p2: kianann|Spikes
|
|-weather|RainDance|[upkeep]
|-heal|p2a: Manaphy|320\/404|[from] item: Leftovers
|-damage|p2a: Manaphy|270\/404|[from] Leech Seed|[of] p1a: Ferrothorn
|turn|14
|
|move|p2a: Manaphy|Surf|p1a: Ferrothorn
|-resisted|p1a: Ferrothorn
|-damage|p1a: Ferrothorn|96\/351
|move|p1a: Ferrothorn|Gyro Ball|p2a: Manaphy
|-resisted|p2a: Manaphy
|-damage|p2a: Manaphy|187\/404
|
|-weather|RainDance|[upkeep]
|-heal|p2a: Manaphy|212\/404|[from] item: Leftovers
|-damage|p2a: Manaphy|162\/404|[from] Leech Seed|[of] p1a: Ferrothorn
|-heal|p1a: Ferrothorn|146\/351|[silent]
|turn|15
|
|move|p1a: Ferrothorn|Protect|p1a: Ferrothorn
|-singleturn|p1a: Ferrothorn|Protect
|move|p2a: Manaphy|Surf|p1a: Ferrothorn
|-activate|p1a: Ferrothorn|Protect
|
|-weather|RainDance|[upkeep]
|-heal|p2a: Manaphy|187\/404|[from] item: Leftovers
|-damage|p2a: Manaphy|137\/404|[from] Leech Seed|[of] p1a: Ferrothorn
|-heal|p1a: Ferrothorn|196\/351|[silent]
|turn|16
|
|move|p1a: Ferrothorn|Protect|p1a: Ferrothorn
|-fail|p1a: Ferrothorn
|move|p2a: Manaphy|Surf|p1a: Ferrothorn
|-resisted|p1a: Ferrothorn
|-damage|p1a: Ferrothorn|0 fnt
|faint|p1a: Ferrothorn
|
|-weather|none
|-heal|p2a: Manaphy|162\/404|[from] item: Leftovers
|
|switch|p1a: Venusaur|Venusaur-Mega, F|364\/364
|turn|17
|
|move|p2a: Manaphy|Psychic|p1a: Venusaur
|-supereffective|p1a: Venusaur
|-damage|p1a: Venusaur|0 fnt
|faint|p1a: Venusaur
|
|-heal|p2a: Manaphy|187\/404|[from] item: Leftovers
|
|switch|p1a: Hydreigon|Hydreigon, M|325\/325
|turn|18
|
|switch|p2a: Ferrothorn|Ferrothorn, M|352\/352
|-damage|p2a: Ferrothorn|330\/352|[from] Stealth Rock
|-damage|p2a: Ferrothorn|272\/352|[from] Spikes
|move|p1a: Hydreigon|Draco Meteor|p2a: Ferrothorn
|-resisted|p2a: Ferrothorn
|-damage|p2a: Ferrothorn|154\/352
|-unboost|p1a: Hydreigon|spa|2
|-damage|p1a: Hydreigon|293\/325|[from] item: Life Orb
|
|turn|19
|
|move|p1a: Hydreigon|Superpower|p2a: Ferrothorn
|-supereffective|p2a: Ferrothorn
|-damage|p2a: Ferrothorn|0 fnt
|-damage|p1a: Hydreigon|253\/325|[from] ability: Iron Barbs|[of] p2a: Ferrothorn
|-damage|p1a: Hydreigon|199\/325|[from] item: Rocky Helmet|[of] p2a: Ferrothorn
|-unboost|p1a: Hydreigon|atk|1
|-unboost|p1a: Hydreigon|def|1
|-damage|p1a: Hydreigon|167\/325|[from] item: Life Orb
|faint|p2a: Ferrothorn
|
|
|switch|p2a: Politoed|Politoed, F|234\/342
|-damage|p2a: Politoed|177\/342|[from] Spikes
|-damage|p2a: Politoed|135\/342|[from] Stealth Rock
|-weather|RainDance
|turn|20
|
|switch|p1a: Victini|Victini|341\/341
|switch|p2a: Landorus|Landorus, M|319\/319
|-damage|p2a: Landorus|280\/319|[from] Stealth Rock
|
|-weather|RainDance|[upkeep]
|turn|21
|
|switch|p1a: Hydreigon|Hydreigon, M|167\/325
|move|p2a: Landorus|Earth Power|p1a: Hydreigon
|-immune|p1a: Hydreigon|[msg]
|
|-weather|RainDance|[upkeep]
|turn|22
|
|move|p2a: Landorus|Focus Blast|p1a: Hydreigon
|-supereffective|p1a: Hydreigon
|-damage|p1a: Hydreigon|0 fnt
|faint|p1a: Hydreigon
|
|-weather|RainDance|[upkeep]
|
|switch|p1a: Donphan|Donphan, F|384\/384
|turn|23
|
|switch|p2a: Manaphy|Manaphy|187\/404
|-damage|p2a: Manaphy|120\/404|[from] Spikes
|-damage|p2a: Manaphy|70\/404|[from] Stealth Rock
|move|p1a: Donphan|Ice Shard|p2a: Manaphy
|-resisted|p2a: Manaphy
|-damage|p2a: Manaphy|52\/404
|
|-weather|RainDance|[upkeep]
|-heal|p2a: Manaphy|77\/404|[from] item: Leftovers
|turn|24
|
|move|p2a: Manaphy|Rest|p2a: Manaphy
|-status|p2a: Manaphy|slp
|-heal|p2a: Manaphy|404\/404 slp|[silent]
|-status|p2a: Manaphy|slp|[from] move: Rest
|move|p1a: Donphan|Earthquake|p2a: Manaphy
|-damage|p2a: Manaphy|271\/404 slp
|
|-weather|RainDance|[upkeep]
|-curestatus|p2a: Manaphy|slp
|-heal|p2a: Manaphy|296\/404|[from] item: Leftovers
|turn|25
|
|move|p2a: Manaphy|Surf|p1a: Donphan
|-supereffective|p1a: Donphan
|-activate|p1a: Donphan|Sturdy
|-damage|p1a: Donphan|1\/384
|move|p1a: Donphan|Earthquake|p2a: Manaphy
|-damage|p2a: Manaphy|167\/404
|
|-weather|RainDance|[upkeep]
|-heal|p2a: Manaphy|192\/404|[from] item: Leftovers
|-heal|p1a: Donphan|25\/384|[from] item: Leftovers
|turn|26
|
|move|p2a: Manaphy|Surf|p1a: Donphan
|-supereffective|p1a: Donphan
|-damage|p1a: Donphan|0 fnt
|faint|p1a: Donphan
|
|-weather|RainDance|[upkeep]
|-heal|p2a: Manaphy|217\/404|[from] item: Leftovers
|
|switch|p1a: Victini|Victini|341\/341
|turn|27
|
|switch|p2a: Klefki|Klefki, F|268\/317
|-damage|p2a: Klefki|216\/317|[from] Spikes
|-damage|p2a: Klefki|197\/317|[from] Stealth Rock
|move|p1a: Victini|U-turn|p2a: Klefki
|-resisted|p2a: Klefki
|-damage|p2a: Klefki|172\/317
|
|switch|p1a: Slowbro|Slowbro, M|394\/394
|
|-weather|none
|turn|28
|
|move|p2a: Klefki|Thunder Wave|p1a: Slowbro
|-status|p1a: Slowbro|par
|cant|p1a: Slowbro|par
|
|turn|29
|
|move|p2a: Klefki|Rain Dance|p2a: Klefki
|-weather|RainDance
|move|p1a: Slowbro|Scald|p2a: Klefki
|-damage|p2a: Klefki|19\/317
|
|-weather|RainDance|[upkeep]
|turn|30
|
|move|p2a: Klefki|Spikes|p1a: Slowbro
|-sidestart|p1: AlbertDaEinstein|Spikes
|cant|p1a: Slowbro|par
|
|-weather|RainDance|[upkeep]
|turn|31
|
|move|p2a: Klefki|Spikes|p1a: Slowbro
|-sidestart|p1: AlbertDaEinstein|Spikes
|move|p1a: Slowbro|Scald|p2a: Klefki
|-damage|p2a: Klefki|0 fnt
|faint|p2a: Klefki
|
|-weather|RainDance|[upkeep]
|
|switch|p2a: Manaphy|Manaphy|217\/404
|-damage|p2a: Manaphy|150\/404|[from] Spikes
|-damage|p2a: Manaphy|100\/404|[from] Stealth Rock
|turn|32
|
|move|p2a: Manaphy|Rest|p2a: Manaphy
|-status|p2a: Manaphy|slp
|-heal|p2a: Manaphy|404\/404 slp|[silent]
|-status|p2a: Manaphy|slp|[from] move: Rest
|cant|p1a: Slowbro|par
|
|-weather|RainDance|[upkeep]
|-curestatus|p2a: Manaphy|slp
|turn|33
|c|âAlbertDaEinstein|damn this hax is annoying
|
|move|p2a: Manaphy|Tail Glow|p2a: Manaphy
|-boost|p2a: Manaphy|spa|3
|move|p1a: Slowbro|Psyshock|p2a: Manaphy
|-damage|p2a: Manaphy|310\/404
|
|-weather|RainDance|[upkeep]
|-heal|p2a: Manaphy|335\/404|[from] item: Leftovers
|turn|34
|-message|AlbertDaEinstein forfeited.
|
|win|kianann
|raw|Ladder updating...
|leave|AlbertDaEinstein
|player|p1
|raw|AlbertDaEinstein's rating: 1429 &rarr; <strong>1408<\/strong><br \/>(-21 for losing)
|raw|kianann's rating: 1402 &rarr; <strong>1424<\/strong><br \/>(+22 for winning)