|join|kianann
|join|fruit smoothies
|player|p1|kianann|266
|player|p2|fruit smoothies|1
|gametype|singles
|gen|6
|tier|OU
|rated
|clearpoke
|poke|p1|Sableye, M
|poke|p1|Talonflame, F
|poke|p1|Forretress, F
|poke|p1|Landorus-Therian, M
|poke|p1|Rotom-Wash
|poke|p1|Magnezone
|poke|p2|Keldeo
|poke|p2|Metagross
|poke|p2|Clefable, M
|poke|p2|Latias, F
|poke|p2|Magnezone
|poke|p2|Gliscor, F
|rule|Swagger Clause: Swagger is banned
|rule|Baton Pass Clause: Limit one PokÃ©mon knowing Baton Pass
|rule|Sleep Clause Mod: Limit one foe put to sleep
|rule|Species Clause: Limit one of each PokÃ©mon
|rule|OHKO Clause: OHKO moves are banned
|rule|Moody Clause: Moody is banned
|rule|Evasion Moves Clause: Evasion moves are banned
|rule|Endless Battle Clause: Forcing endless battles is banned
|rule|HP Percentage Mod: HP is shown in percentages
|teampreview
|
|start
|switch|p1a: Sableye|Sableye, M|303\/303
|switch|p2a: Clefable|Clefable, M|394\/394
|turn|1
|
|switch|p1a: Forretress|Forretress, F|354\/354
|move|p2a: Clefable|Calm Mind|p2a: Clefable
|-boost|p2a: Clefable|spa|1
|-boost|p2a: Clefable|spd|1
|
|turn|2
|
|move|p2a: Clefable|Fire Blast|p1a: Forretress
|-crit|p1a: Forretress
|-supereffective|p1a: Forretress
|-activate|p1a: Forretress|Sturdy
|-damage|p1a: Forretress|1\/354
|move|p1a: Forretress|Volt Switch|p2a: Clefable
|-damage|p2a: Clefable|370\/394
|
|switch|p1a: Magnezone|Magnezone|281\/281
|
|-heal|p2a: Clefable|394\/394|[from] item: Leftovers
|turn|3
|
|switch|p2a: Magnezone|Magnezone|281\/281
|move|p1a: Magnezone|Flash Cannon|p2a: Magnezone
|-resisted|p2a: Magnezone
|-damage|p2a: Magnezone|240\/281
|-unboost|p2a: Magnezone|spd|1
|
|turn|4
|
|move|p2a: Magnezone|Volt Switch|p1a: Magnezone
|-resisted|p1a: Magnezone
|-damage|p1a: Magnezone|208\/281
|
|switch|p2a: Gliscor|Gliscor, F|352\/352
|move|p1a: Magnezone|Flash Cannon|p2a: Gliscor
|-damage|p2a: Gliscor|162\/352
|
|-status|p2a: Gliscor|tox|[from] item: Toxic Orb
|turn|5
|
|switch|p2a: Keldeo|Keldeo|323\/323
|move|p1a: Magnezone|Flash Cannon|p2a: Keldeo
|-resisted|p2a: Keldeo
|-damage|p2a: Keldeo|235\/323
|
|turn|6
|
|switch|p1a: Rotom-Wash|Rotom-Wash|304\/304
|move|p2a: Keldeo|Scald|p1a: Rotom-Wash
|-resisted|p1a: Rotom-Wash
|-damage|p1a: Rotom-Wash|254\/304
|
|-heal|p1a: Rotom-Wash|273\/304|[from] item: Leftovers
|turn|7
|
|switch|p2a: Latias|Latias, F|322\/322
|move|p1a: Rotom-Wash|Will-O-Wisp|p2a: Latias|[miss]
|-miss|p1a: Rotom-Wash|p2a: Latias
|
|-heal|p1a: Rotom-Wash|292\/304|[from] item: Leftovers
|turn|8
|
|move|p2a: Latias|Draco Meteor|p1a: Rotom-Wash
|-damage|p1a: Rotom-Wash|115\/304
|-unboost|p2a: Latias|spa|2
|-damage|p2a: Latias|290\/322|[from] item: Life Orb
|move|p1a: Rotom-Wash|Pain Split|p2a: Latias
|-sethp|p2a: Latias|202\/322|p1a: Rotom-Wash|202\/304|[from] move: Pain Split
|
|-heal|p1a: Rotom-Wash|221\/304|[from] item: Leftovers
|turn|9
|
|move|p2a: Latias|Psyshock|p1a: Rotom-Wash
|-damage|p1a: Rotom-Wash|155\/304
|-damage|p2a: Latias|170\/322|[from] item: Life Orb
|move|p1a: Rotom-Wash|Will-O-Wisp|p2a: Latias
|-status|p2a: Latias|brn
|
|-heal|p1a: Rotom-Wash|174\/304|[from] item: Leftovers
|-damage|p2a: Latias|130\/322 brn|[from] brn
|turn|10
|
|switch|p2a: Magnezone|Magnezone|240\/281
|move|p1a: Rotom-Wash|Thunderbolt|p2a: Magnezone
|-resisted|p2a: Magnezone
|-damage|p2a: Magnezone|180\/281
|
|-heal|p1a: Rotom-Wash|193\/304|[from] item: Leftovers
|turn|11
|
|move|p2a: Magnezone|Thunderbolt|p1a: Rotom-Wash
|-damage|p1a: Rotom-Wash|73\/304
|move|p1a: Rotom-Wash|Pain Split|p2a: Magnezone
|-sethp|p2a: Magnezone|126\/281|p1a: Rotom-Wash|126\/304|[from] move: Pain Split
|
|-heal|p1a: Rotom-Wash|145\/304|[from] item: Leftovers
|turn|12
|
|switch|p1a: Landorus-Therian|Landorus-Therian, M|319\/319
|-ability|p1a: Landorus-Therian|Intimidate|[of] p2a: Magnezone
|-unboost|p2a: Magnezone|atk|1
|move|p2a: Magnezone|Thunderbolt|p1a: Landorus-Therian
|-immune|p1a: Landorus-Therian|[msg]
|
|turn|13
|
|switch|p2a: Gliscor|Gliscor, F|162\/352 tox
|move|p1a: Landorus-Therian|U-turn|p2a: Gliscor
|-resisted|p2a: Gliscor
|-damage|p2a: Gliscor|134\/352 tox
|
|switch|p1a: Magnezone|Magnezone|208\/281
|
|-heal|p2a: Gliscor|178\/352 tox|[from] ability: Poison Heal
|turn|14
|
|switch|p2a: Magnezone|Magnezone|126\/281
|move|p1a: Magnezone|Hidden Power|p2a: Magnezone
|-supereffective|p2a: Magnezone
|-damage|p2a: Magnezone|0 fnt
|faint|p2a: Magnezone
|
|
|switch|p2a: Gliscor|Gliscor, F|178\/352 tox
|turn|15
|
|switch|p1a: Forretress|Forretress, F|1\/354
|move|p2a: Gliscor|Stealth Rock|p1a: Forretress
|-sidestart|p1: kianann|move: Stealth Rock
|
|-heal|p1a: Forretress|23\/354|[from] item: Leftovers
|-heal|p2a: Gliscor|222\/352 tox|[from] ability: Poison Heal
|turn|16
|
|move|p2a: Gliscor|Knock Off|p1a: Forretress
|-damage|p1a: Forretress|0 fnt
|-enditem|p1a: Forretress|Leftovers|[from] move: Knock Off|[of] p2a: Gliscor
|faint|p1a: Forretress
|
|-heal|p2a: Gliscor|266\/352 tox|[from] ability: Poison Heal
|
|switch|p1a: Rotom-Wash|Rotom-Wash|145\/304
|-damage|p1a: Rotom-Wash|107\/304|[from] Stealth Rock
|turn|17
|
|switch|p2a: Latias|Latias, F|130\/322 brn
|move|p1a: Rotom-Wash|Hydro Pump|p2a: Latias
|-resisted|p2a: Latias
|-damage|p2a: Latias|76\/322 brn
|
|-heal|p1a: Rotom-Wash|126\/304|[from] item: Leftovers
|-damage|p2a: Latias|36\/322 brn|[from] brn
|turn|18
|
|switch|p1a: Magnezone|Magnezone|208\/281
|-damage|p1a: Magnezone|191\/281|[from] Stealth Rock
|move|p2a: Latias|Draco Meteor|p1a: Magnezone
|-resisted|p1a: Magnezone
|-damage|p1a: Magnezone|57\/281
|-unboost|p2a: Latias|spa|2
|-damage|p2a: Latias|4\/322 brn|[from] item: Life Orb
|
|-damage|p2a: Latias|0 fnt|[from] brn
|faint|p2a: Latias
|
|switch|p2a: Gliscor|Gliscor, F|266\/352 tox
|turn|19
|
|switch|p1a: Rotom-Wash|Rotom-Wash|126\/304
|-damage|p1a: Rotom-Wash|88\/304|[from] Stealth Rock
|move|p2a: Gliscor|Roost|p2a: Gliscor
|-heal|p2a: Gliscor|352\/352 tox
|
|-heal|p1a: Rotom-Wash|107\/304|[from] item: Leftovers
|turn|20
|
|move|p2a: Gliscor|Knock Off|p1a: Rotom-Wash
|-crit|p1a: Rotom-Wash
|-damage|p1a: Rotom-Wash|17\/304
|-enditem|p1a: Rotom-Wash|Leftovers|[from] move: Knock Off|[of] p2a: Gliscor
|move|p1a: Rotom-Wash|Pain Split|p2a: Gliscor
|-sethp|p2a: Gliscor|184\/352 tox|p1a: Rotom-Wash|184\/304|[from] move: Pain Split
|
|-heal|p2a: Gliscor|228\/352 tox|[from] ability: Poison Heal
|turn|21
|
|switch|p2a: Clefable|Clefable, M|394\/394
|move|p1a: Rotom-Wash|Hydro Pump|p2a: Clefable
|-damage|p2a: Clefable|256\/394
|
|-heal|p2a: Clefable|280\/394|[from] item: Leftovers
|turn|22
|
|switch|p1a: Magnezone|Magnezone|57\/281
|-damage|p1a: Magnezone|40\/281|[from] Stealth Rock
|move|p2a: Clefable|Calm Mind|p2a: Clefable
|-boost|p2a: Clefable|spa|1
|-boost|p2a: Clefable|spd|1
|
|-heal|p2a: Clefable|304\/394|[from] item: Leftovers
|turn|23
|
|switch|p2a: Keldeo|Keldeo|235\/323
|move|p1a: Magnezone|Flash Cannon|p2a: Keldeo
|-resisted|p2a: Keldeo
|-damage|p2a: Keldeo|145\/323
|
|turn|24
|
|switch|p1a: Rotom-Wash|Rotom-Wash|184\/304
|-damage|p1a: Rotom-Wash|146\/304|[from] Stealth Rock
|move|p2a: Keldeo|Secret Sword|p1a: Rotom-Wash
|-damage|p1a: Rotom-Wash|11\/304
|
|turn|25
|
|move|p2a: Keldeo|Secret Sword|p1a: Rotom-Wash
|-damage|p1a: Rotom-Wash|0 fnt
|faint|p1a: Rotom-Wash
|
|
|switch|p1a: Talonflame|Talonflame, F|297\/297
|-damage|p1a: Talonflame|149\/297|[from] Stealth Rock
|turn|26
|
|move|p2a: Keldeo|Secret Sword|p1a: Talonflame
|-resisted|p1a: Talonflame
|-damage|p1a: Talonflame|56\/297
|move|p1a: Talonflame|Swords Dance|p1a: Talonflame
|-boost|p1a: Talonflame|atk|2
|
|turn|27
|c|âfruit smoothies|if you have flareblitz then its gg
|
|move|p1a: Talonflame|Brave Bird|p2a: Keldeo
|-supereffective|p2a: Keldeo
|-damage|p2a: Keldeo|0 fnt
|-damage|p1a: Talonflame|8\/297|[from] recoil|[of] p2a: Keldeo
|-damage|p1a: Talonflame|0 fnt|[from] item: Life Orb
|faint|p2a: Keldeo
|faint|p1a: Talonflame
|
|
|switch|p1a: Landorus-Therian|Landorus-Therian, M|319\/319
|switch|p2a: Gliscor|Gliscor, F|228\/352 tox
|-damage|p1a: Landorus-Therian|280\/319|[from] Stealth Rock
|-ability|p1a: Landorus-Therian|Intimidate|[of] p2a: Gliscor
|-unboost|p2a: Gliscor|atk|1
|turn|28
|
|move|p1a: Landorus-Therian|U-turn|p2a: Gliscor
|-resisted|p2a: Gliscor
|-damage|p2a: Gliscor|199\/352 tox
|
|switch|p1a: Sableye|Sableye, M|303\/303
|-damage|p1a: Sableye|266\/303|[from] Stealth Rock
|move|p2a: Gliscor|Roost|p2a: Gliscor
|-heal|p2a: Gliscor|352\/352 tox
|
|turn|29
|
|switch|p2a: Clefable|Clefable, M|304\/394
|detailschange|p1a: Sableye|Sableye-Mega, M
|-mega|p1a: Sableye|Sableye|Sablenite
|move|p1a: Sableye|Calm Mind|p1a: Sableye
|-boost|p1a: Sableye|spa|1
|-boost|p1a: Sableye|spd|1
|
|-heal|p2a: Clefable|328\/394|[from] item: Leftovers
|turn|30
|
|move|p2a: Clefable|Calm Mind|p2a: Clefable
|-boost|p2a: Clefable|spa|1
|-boost|p2a: Clefable|spd|1
|move|p1a: Sableye|Calm Mind|p1a: Sableye
|-boost|p1a: Sableye|spa|1
|-boost|p1a: Sableye|spd|1
|
|-heal|p2a: Clefable|352\/394|[from] item: Leftovers
|turn|31
|
|move|p2a: Clefable|Calm Mind|p2a: Clefable
|-boost|p2a: Clefable|spa|1
|-boost|p2a: Clefable|spd|1
|move|p1a: Sableye|Calm Mind|p1a: Sableye
|-boost|p1a: Sableye|spa|1
|-boost|p1a: Sableye|spd|1
|
|-heal|p2a: Clefable|376\/394|[from] item: Leftovers
|turn|32
|
|move|p2a: Clefable|Calm Mind|p2a: Clefable
|-boost|p2a: Clefable|spa|1
|-boost|p2a: Clefable|spd|1
|move|p1a: Sableye|Dark Pulse|p2a: Clefable
|-resisted|p2a: Clefable
|-damage|p2a: Clefable|359\/394
|
|-heal|p2a: Clefable|383\/394|[from] item: Leftovers
|turn|33
|
|switch|p1a: Landorus-Therian|Landorus-Therian, M|280\/319
|-damage|p1a: Landorus-Therian|241\/319|[from] Stealth Rock
|-ability|p1a: Landorus-Therian|Intimidate|[of] p2a: Clefable
|-unboost|p2a: Clefable|atk|1
|move|p2a: Clefable|Moonblast|p1a: Landorus-Therian
|-damage|p1a: Landorus-Therian|0 fnt
|faint|p1a: Landorus-Therian
|
|-heal|p2a: Clefable|394\/394|[from] item: Leftovers
|-message|kianann forfeited.
|leave|kianann
|
|win|fruit smoothies
|raw|Ladder updating...
|player|p1
|raw|kianann's rating: 1429 &rarr; <strong>1410<\/strong><br \/>(-19 for losing)
|raw|fruit smoothies's rating: 1453 &rarr; <strong>1472<\/strong><br \/>(+19 for winning)