|join|kianann
|join|Megabackingengar
|player|p1|kianann|169
|player|p2|Megabackingengar|249
|gametype|singles
|gen|6
|tier|OU
|rated
|clearpoke
|poke|p1|Politoed, M
|poke|p1|Swampert, F
|poke|p1|Kingdra, F
|poke|p1|Klefki, F
|poke|p1|Manaphy
|poke|p1|Landorus-Therian, M
|poke|p2|Talonflame, M
|poke|p2|Landorus-Therian, M
|poke|p2|Tyranitar, F
|poke|p2|Latios, M
|poke|p2|Azumarill, M
|poke|p2|Venusaur, M
|rule|Swagger Clause: Swagger is banned
|rule|Baton Pass Clause: Limit one PokÃ©mon knowing Baton Pass
|rule|Sleep Clause Mod: Limit one foe put to sleep
|rule|Species Clause: Limit one of each PokÃ©mon
|rule|OHKO Clause: OHKO moves are banned
|rule|Moody Clause: Moody is banned
|rule|Evasion Moves Clause: Evasion moves are banned
|rule|Endless Battle Clause: Forcing endless battles is banned
|rule|HP Percentage Mod: HP is shown in percentages
|teampreview
|
|start
|switch|p1a: Landorus-Therian|Landorus-Therian, M|319\/319
|switch|p2a: Venusaur|Venusaur, M|363\/363
|-ability|p1a: Landorus-Therian|Intimidate|[of] p2a: Venusaur
|-unboost|p2a: Venusaur|atk|1
|turn|1
|
|detailschange|p2a: Venusaur|Venusaur-Mega, M
|-mega|p2a: Venusaur|Venusaur|Venusaurite
|move|p1a: Landorus-Therian|U-turn|p2a: Venusaur
|-damage|p2a: Venusaur|281\/363
|
|switch|p1a: Klefki|Klefki, F|317\/317
|move|p2a: Venusaur|Giga Drain|p1a: Klefki
|-resisted|p1a: Klefki
|-damage|p1a: Klefki|251\/317
|-heal|p2a: Venusaur|314\/363|[from] drain|[of] p1a: Klefki
|
|turn|2
|
|move|p1a: Klefki|Thunder Wave|p2a: Venusaur
|-status|p2a: Venusaur|par
|cant|p2a: Venusaur|par
|
|turn|3
|
|switch|p2a: Landorus-Therian|Landorus-Therian, M|382\/382
|-ability|p2a: Landorus-Therian|Intimidate|[of] p1a: Klefki
|-unboost|p1a: Klefki|atk|1
|move|p1a: Klefki|Rain Dance|p1a: Klefki
|-weather|RainDance
|
|-weather|RainDance|[upkeep]
|turn|4
|
|switch|p1a: Landorus-Therian|Landorus-Therian, M|319\/319
|-ability|p1a: Landorus-Therian|Intimidate|[of] p2a: Landorus-Therian
|-unboost|p2a: Landorus-Therian|atk|1
|move|p2a: Landorus-Therian|U-turn|p1a: Landorus-Therian
|-resisted|p1a: Landorus-Therian
|-damage|p1a: Landorus-Therian|289\/319
|
|switch|p2a: Azumarill|Azumarill, M|403\/403
|
|-weather|RainDance|[upkeep]
|turn|5
|
|switch|p1a: Manaphy|Manaphy|404\/404
|move|p2a: Azumarill|Waterfall|p1a: Manaphy
|-resisted|p1a: Manaphy
|-damage|p1a: Manaphy|215\/404
|
|-weather|RainDance|[upkeep]
|-heal|p1a: Manaphy|240\/404|[from] item: Leftovers
|turn|6
|
|switch|p2a: Venusaur|Venusaur-Mega, M|314\/363 par
|move|p1a: Manaphy|Rest|p1a: Manaphy
|-status|p1a: Manaphy|slp
|-heal|p1a: Manaphy|404\/404 slp|[silent]
|-status|p1a: Manaphy|slp|[from] move: Rest
|
|-weather|RainDance|[upkeep]
|-curestatus|p1a: Manaphy|slp
|turn|7
|
|move|p1a: Manaphy|Tail Glow|p1a: Manaphy
|-boost|p1a: Manaphy|spa|3
|move|p2a: Venusaur|Giga Drain|p1a: Manaphy
|-supereffective|p1a: Manaphy
|-damage|p1a: Manaphy|122\/404
|-heal|p2a: Venusaur|363\/363 par|[from] drain|[of] p1a: Manaphy
|
|-weather|RainDance|[upkeep]
|-heal|p1a: Manaphy|147\/404|[from] item: Leftovers
|turn|8
|
|move|p1a: Manaphy|Rest|p1a: Manaphy
|-status|p1a: Manaphy|slp
|-heal|p1a: Manaphy|404\/404 slp|[silent]
|-status|p1a: Manaphy|slp|[from] move: Rest
|move|p2a: Venusaur|Giga Drain|p1a: Manaphy
|-supereffective|p1a: Manaphy
|-damage|p1a: Manaphy|146\/404 slp
|
|-weather|RainDance|[upkeep]
|-curestatus|p1a: Manaphy|slp
|-heal|p1a: Manaphy|171\/404|[from] item: Leftovers
|turn|9
|
|move|p1a: Manaphy|Rest|p1a: Manaphy
|-status|p1a: Manaphy|slp
|-heal|p1a: Manaphy|404\/404 slp|[silent]
|-status|p1a: Manaphy|slp|[from] move: Rest
|move|p2a: Venusaur|Giga Drain|p1a: Manaphy
|-supereffective|p1a: Manaphy
|-damage|p1a: Manaphy|114\/404 slp
|
|-weather|RainDance|[upkeep]
|-curestatus|p1a: Manaphy|slp
|-heal|p1a: Manaphy|139\/404|[from] item: Leftovers
|turn|10
|
|move|p1a: Manaphy|Rest|p1a: Manaphy
|-status|p1a: Manaphy|slp
|-heal|p1a: Manaphy|404\/404 slp|[silent]
|-status|p1a: Manaphy|slp|[from] move: Rest
|move|p2a: Venusaur|Giga Drain|p1a: Manaphy
|-supereffective|p1a: Manaphy
|-damage|p1a: Manaphy|108\/404 slp
|
|-weather|none
|-heal|p1a: Manaphy|133\/404 slp|[from] item: Leftovers
|turn|11
|
|switch|p1a: Klefki|Klefki, F|251\/317
|move|p2a: Venusaur|Giga Drain|p1a: Klefki
|-resisted|p1a: Klefki
|-damage|p1a: Klefki|182\/317
|
|turn|12
|
|switch|p2a: Azumarill|Azumarill, M|403\/403
|move|p1a: Klefki|Rain Dance|p1a: Klefki
|-weather|RainDance
|
|-weather|RainDance|[upkeep]
|turn|13
|
|move|p1a: Klefki|Thunder Wave|p2a: Azumarill
|-status|p2a: Azumarill|par
|cant|p2a: Azumarill|par
|
|-weather|RainDance|[upkeep]
|turn|14
|
|switch|p1a: Manaphy|Manaphy|133\/404 slp
|cant|p2a: Azumarill|par
|
|-weather|RainDance|[upkeep]
|-curestatus|p1a: Manaphy|slp
|-heal|p1a: Manaphy|158\/404|[from] item: Leftovers
|turn|15
|
|move|p1a: Manaphy|Rest|p1a: Manaphy
|-status|p1a: Manaphy|slp
|-heal|p1a: Manaphy|404\/404 slp|[silent]
|-status|p1a: Manaphy|slp|[from] move: Rest
|move|p2a: Azumarill|Play Rough|p1a: Manaphy
|-damage|p1a: Manaphy|104\/404 slp
|
|-weather|RainDance|[upkeep]
|-curestatus|p1a: Manaphy|slp
|-heal|p1a: Manaphy|129\/404|[from] item: Leftovers
|turn|16
|
|move|p1a: Manaphy|Rest|p1a: Manaphy
|-status|p1a: Manaphy|slp
|-heal|p1a: Manaphy|404\/404 slp|[silent]
|-status|p1a: Manaphy|slp|[from] move: Rest
|cant|p2a: Azumarill|par
|
|-weather|RainDance|[upkeep]
|-curestatus|p1a: Manaphy|slp
|turn|17
|
|switch|p2a: Venusaur|Venusaur-Mega, M|363\/363 par
|move|p1a: Manaphy|Tail Glow|p1a: Manaphy
|-boost|p1a: Manaphy|spa|3
|
|-weather|RainDance|[upkeep]
|turn|18
|
|move|p1a: Manaphy|Psychic|p2a: Venusaur
|-crit|p2a: Venusaur
|-supereffective|p2a: Venusaur
|-damage|p2a: Venusaur|0 fnt
|faint|p2a: Venusaur
|
|-weather|RainDance|[upkeep]
|
|switch|p2a: Latios|Latios, M|301\/301
|turn|19
|
|move|p2a: Latios|Psyshock|p1a: Manaphy
|-crit|p1a: Manaphy
|-damage|p1a: Manaphy|114\/404
|-damage|p2a: Latios|271\/301|[from] item: Life Orb
|move|p1a: Manaphy|Psychic|p2a: Latios
|-resisted|p2a: Latios
|-damage|p2a: Latios|186\/301
|
|-weather|none
|-heal|p1a: Manaphy|139\/404|[from] item: Leftovers
|turn|20
|-message|Megabackingengar forfeited.
|
|win|kianann
|raw|Ladder updating...
|leave|Megabackingengar
|player|p2
|raw|kianann's rating: 1371 &rarr; <strong>1392<\/strong><br \/>(+21 for winning)
|raw|Megabackingengar's rating: 1387 &rarr; <strong>1366<\/strong><br \/>(-21 for losing)