|join|Seathomg
|join|kianann
|player|p1|Seathomg|283
|player|p2|kianann|1
|gametype|singles
|gen|6
|tier|OU
|rated
|clearpoke
|poke|p1|Slowbro, F
|poke|p1|Keldeo-Resolute
|poke|p1|Amoonguss, M
|poke|p1|Heatran, M
|poke|p1|Latios, M
|poke|p1|Landorus-Therian, M
|poke|p2|Politoed, M
|poke|p2|Swampert, M
|poke|p2|Kingdra, F
|poke|p2|Klefki, F
|poke|p2|Manaphy
|poke|p2|Landorus-Therian, M
|rule|Swagger Clause: Swagger is banned
|rule|Baton Pass Clause: Limit one PokÃ©mon knowing Baton Pass
|rule|Sleep Clause Mod: Limit one foe put to sleep
|rule|Species Clause: Limit one of each PokÃ©mon
|rule|OHKO Clause: OHKO moves are banned
|rule|Moody Clause: Moody is banned
|rule|Evasion Moves Clause: Evasion moves are banned
|rule|Endless Battle Clause: Forcing endless battles is banned
|rule|HP Percentage Mod: HP is shown in percentages
|teampreview
|
|start
|switch|p1a: Bane|Heatran, M|385\/385
|switch|p2a: Landorus-Therian|Landorus-Therian, M|319\/319
|-ability|p2a: Landorus-Therian|Intimidate|[of] p1a: Bane
|-unboost|p1a: Bane|atk|1
|turn|1
|
|switch|p1a: Machete|Landorus-Therian, M|319\/319
|-ability|p1a: Machete|Intimidate|[of] p2a: Landorus-Therian
|-unboost|p2a: Landorus-Therian|atk|1
|move|p2a: Landorus-Therian|U-turn|p1a: Machete
|-resisted|p1a: Machete
|-damage|p1a: Machete|284\/319
|
|switch|p2a: Klefki|Klefki, F|317\/317
|
|turn|2
|
|switch|p2a: Landorus-Therian|Landorus-Therian, M|319\/319
|-ability|p2a: Landorus-Therian|Intimidate|[of] p1a: Machete
|-unboost|p1a: Machete|atk|1
|move|p1a: Machete|Earthquake|p2a: Landorus-Therian
|-immune|p2a: Landorus-Therian|[msg]
|
|turn|3
|
|switch|p1a: I deserve to die|Slowbro, F|393\/393
|move|p2a: Landorus-Therian|Stone Edge|p1a: I deserve to die
|-damage|p1a: I deserve to die|302\/393
|
|turn|4
|
|switch|p2a: Politoed|Politoed, M|342\/342
|-weather|RainDance
|detailschange|p1a: I deserve to die|Slowbro-Mega, F
|-mega|p1a: I deserve to die|Slowbro|Slowbronite
|move|p1a: I deserve to die|Calm Mind|p1a: I deserve to die
|-boost|p1a: I deserve to die|spa|1
|-boost|p1a: I deserve to die|spd|1
|
|-weather|RainDance|[upkeep]
|turn|5
|
|move|p2a: Politoed|Encore|p1a: I deserve to die
|-start|p1a: I deserve to die|Encore
|move|p1a: I deserve to die|Calm Mind|p1a: I deserve to die
|-boost|p1a: I deserve to die|spa|1
|-boost|p1a: I deserve to die|spd|1
|
|-weather|RainDance|[upkeep]
|turn|6
|
|switch|p1a: Doping|Keldeo-Resolute|323\/323
|move|p2a: Politoed|Toxic|p1a: Doping
|-status|p1a: Doping|tox
|
|-weather|RainDance|[upkeep]
|-damage|p1a: Doping|303\/323 tox|[from] psn
|turn|7
|
|switch|p2a: Kingdra|Kingdra, F|291\/291
|move|p1a: Doping|Hydro Pump|p2a: Kingdra|[miss]
|-miss|p1a: Doping|p2a: Kingdra
|
|-weather|RainDance|[upkeep]
|-damage|p1a: Doping|263\/323 tox|[from] psn
|turn|8
|
|move|p2a: Kingdra|Draco Meteor|p1a: Doping
|-damage|p1a: Doping|6\/323 tox
|-unboost|p2a: Kingdra|spa|2
|-damage|p2a: Kingdra|262\/291|[from] item: Life Orb
|move|p1a: Doping|Icy Wind|p2a: Kingdra
|-damage|p2a: Kingdra|179\/291
|-unboost|p2a: Kingdra|spe|1
|
|-weather|RainDance|[upkeep]
|-damage|p1a: Doping|0 fnt|[from] psn
|faint|p1a: Doping
|
|switch|p1a: LeTwins|Latios, M|299\/299
|turn|9
|
|switch|p2a: Klefki|Klefki, F|317\/317
|move|p1a: LeTwins|Draco Meteor|p2a: Klefki
|-immune|p2a: Klefki|[msg]
|
|-weather|RainDance|[upkeep]
|turn|10
|
|switch|p1a: Machete|Landorus-Therian, M|284\/319
|-ability|p1a: Machete|Intimidate|[of] p2a: Klefki
|-unboost|p2a: Klefki|atk|1
|move|p2a: Klefki|Thunder Wave|p1a: Machete
|-immune|p1a: Machete|[msg]
|
|-weather|RainDance|[upkeep]
|turn|11
|
|switch|p2a: Landorus-Therian|Landorus-Therian, M|319\/319
|-ability|p2a: Landorus-Therian|Intimidate|[of] p1a: Machete
|-unboost|p1a: Machete|atk|1
|move|p1a: Machete|Knock Off|p2a: Landorus-Therian
|-damage|p2a: Landorus-Therian|223\/319
|-enditem|p2a: Landorus-Therian|Choice Scarf|[from] move: Knock Off|[of] p1a: Machete
|
|-weather|none
|turn|12
|
|switch|p1a: Hug Me|Amoonguss, M|431\/431
|move|p2a: Landorus-Therian|Explosion|p1a: Hug Me
|-damage|p1a: Hug Me|131\/431
|faint|p2a: Landorus-Therian
|
|-heal|p1a: Hug Me|157\/431|[from] item: Black Sludge
|
|switch|p2a: Manaphy|Manaphy|404\/404
|turn|13
|
|move|p2a: Manaphy|Psychic|p1a: Hug Me
|-supereffective|p1a: Hug Me
|-damage|p1a: Hug Me|0 fnt
|faint|p1a: Hug Me
|
|
|switch|p1a: LeTwins|Latios, M|299\/299
|turn|14
|
|switch|p2a: Klefki|Klefki, F|317\/317
|move|p1a: LeTwins|Draco Meteor|p2a: Klefki
|-immune|p2a: Klefki|[msg]
|
|turn|15
|
|switch|p1a: Bane|Heatran, M|385\/385
|move|p2a: Klefki|Rain Dance|p2a: Klefki
|-weather|RainDance
|
|-weather|RainDance|[upkeep]
|turn|16
|
|move|p2a: Klefki|Thunder Wave|p1a: Bane
|-status|p1a: Bane|par
|move|p1a: Bane|Stealth Rock|p2a: Klefki
|-sidestart|p2: kianann|move: Stealth Rock
|
|-weather|RainDance|[upkeep]
|turn|17
|
|switch|p2a: Manaphy|Manaphy|404\/404
|-damage|p2a: Manaphy|354\/404|[from] Stealth Rock
|cant|p1a: Bane|par
|
|-weather|RainDance|[upkeep]
|-heal|p2a: Manaphy|379\/404|[from] item: Leftovers
|turn|18
|
|switch|p1a: I deserve to die|Slowbro-Mega, F|302\/393
|move|p2a: Manaphy|Tail Glow|p2a: Manaphy
|-boost|p2a: Manaphy|spa|3
|
|-weather|RainDance|[upkeep]
|-heal|p2a: Manaphy|404\/404|[from] item: Leftovers
|turn|19
|
|move|p2a: Manaphy|Tail Glow|p2a: Manaphy
|-boost|p2a: Manaphy|spa|3
|move|p1a: I deserve to die|Calm Mind|p1a: I deserve to die
|-boost|p1a: I deserve to die|spa|1
|-boost|p1a: I deserve to die|spd|1
|
|-weather|RainDance|[upkeep]
|turn|20
|
|move|p2a: Manaphy|Surf|p1a: I deserve to die
|-resisted|p1a: I deserve to die
|-damage|p1a: I deserve to die|41\/393
|move|p1a: I deserve to die|Calm Mind|p1a: I deserve to die
|-boost|p1a: I deserve to die|spa|1
|-boost|p1a: I deserve to die|spd|1
|
|-weather|RainDance|[upkeep]
|turn|21
|
|move|p2a: Manaphy|Surf|p1a: I deserve to die
|-resisted|p1a: I deserve to die
|-damage|p1a: I deserve to die|0 fnt
|faint|p1a: I deserve to die
|
|-weather|RainDance|[upkeep]
|
|switch|p1a: LeTwins|Latios, M|299\/299
|turn|22
|
|move|p1a: LeTwins|Psyshock|p2a: Manaphy
|-damage|p2a: Manaphy|221\/404
|-damage|p1a: LeTwins|270\/299|[from] item: Life Orb
|move|p2a: Manaphy|Surf|p1a: LeTwins
|-resisted|p1a: LeTwins
|-damage|p1a: LeTwins|0 fnt
|faint|p1a: LeTwins
|
|-weather|none
|-heal|p2a: Manaphy|246\/404|[from] item: Leftovers
|-message|Seathomg forfeited.
|leave|Seathomg
|
|win|kianann
|raw|Ladder updating...
|player|p1
|raw|Seathomg's rating: 1432 &rarr; <strong>1409<\/strong><br \/>(-23 for losing)
|raw|kianann's rating: 1376 &rarr; <strong>1399<\/strong><br \/>(+23 for winning)