|join|mdd
|join|kianann
|player|p1|mdd|190
|player|p2|kianann|169
|gametype|singles
|gen|6
|tier|OU
|rated
|clearpoke
|poke|p1|Quagsire, F
|poke|p1|Manectric, M
|poke|p1|Espeon, M
|poke|p1|Goodra, F
|poke|p1|Hitmonlee, M, shiny
|poke|p1|Sableye, M
|poke|p2|Politoed, F
|poke|p2|Swampert, F
|poke|p2|Kingdra, M
|poke|p2|Klefki, F
|poke|p2|Thundurus, M
|poke|p2|Breloom, F
|rule|Swagger Clause: Swagger is banned
|rule|Baton Pass Clause: Limit one PokÃ©mon knowing Baton Pass
|rule|Sleep Clause Mod: Limit one foe put to sleep
|rule|Species Clause: Limit one of each PokÃ©mon
|rule|OHKO Clause: OHKO moves are banned
|rule|Moody Clause: Moody is banned
|rule|Evasion Moves Clause: Evasion moves are banned
|rule|Endless Battle Clause: Forcing endless battles is banned
|rule|HP Percentage Mod: HP is shown in percentages
|teampreview
|
|start
|switch|p1a: Blur|Manectric, M|282\/282
|switch|p2a: Thundurus|Thundurus, M|299\/299
|turn|1
|
|switch|p2a: Swampert|Swampert, F|341\/341
|detailschange|p1a: Blur|Manectric-Mega, M
|-mega|p1a: Blur|Manectric|Manectite
|-ability|p1a: Blur|Intimidate|[of] p2a: Swampert
|-unboost|p2a: Swampert|atk|1
|move|p1a: Blur|Hidden Power|p2a: Swampert
|-damage|p2a: Swampert|246\/341
|
|turn|2
|
|switch|p1a: Fuck Clefable|Sableye, M|304\/304
|detailschange|p2a: Swampert|Swampert-Mega, F
|-mega|p2a: Swampert|Swampert|Swampertite
|move|p2a: Swampert|Waterfall|p1a: Fuck Clefable
|-damage|p1a: Fuck Clefable|163\/304
|
|turn|3
|
|switch|p2a: Klefki|Klefki, F|317\/317
|move|p1a: Fuck Clefable|Will-O-Wisp|p2a: Klefki|[miss]
|-miss|p1a: Fuck Clefable|p2a: Klefki
|
|turn|4
|
|move|p2a: Klefki|Thunder Wave|p1a: Fuck Clefable
|-status|p1a: Fuck Clefable|par
|move|p1a: Fuck Clefable|Taunt|p2a: Klefki
|-start|p2a: Klefki|move: Taunt
|
|turn|5
|
|switch|p1a: Prrau|Espeon, M|271\/271
|move|p2a: Klefki|Foul Play|p1a: Prrau
|-supereffective|p1a: Prrau
|-damage|p1a: Prrau|153\/271
|
|turn|6
|
|switch|p1a: Blur|Manectric-Mega, M|282\/282
|-ability|p1a: Blur|Intimidate|[of] p2a: Klefki
|-unboost|p2a: Klefki|atk|1
|move|p2a: Klefki|Foul Play|p1a: Blur
|-damage|p1a: Blur|220\/282
|
|turn|7
|
|switch|p2a: Swampert|Swampert-Mega, F|246\/341
|move|p1a: Blur|Flamethrower|p2a: Swampert
|-resisted|p2a: Swampert
|-damage|p2a: Swampert|190\/341
|
|turn|8
|
|switch|p1a: JusDon'tCare|Quagsire, F|394\/394
|move|p2a: Swampert|Waterfall|p1a: JusDon'tCare
|-damage|p1a: JusDon'tCare|222\/394
|
|-heal|p1a: JusDon'tCare|246\/394|[from] item: Leftovers
|turn|9
|
|switch|p2a: Breloom|Breloom, F|264\/264
|move|p1a: JusDon'tCare|Recover|p1a: JusDon'tCare
|-heal|p1a: JusDon'tCare|394\/394
|
|-status|p2a: Breloom|tox|[from] item: Toxic Orb
|turn|10
|
|switch|p1a: GaGaGooGoo|Goodra, F|321\/321
|move|p2a: Breloom|Seed Bomb|p1a: GaGaGooGoo
|-boost|p1a: GaGaGooGoo|atk|1|[from] ability: Sap Sipper
|
|turn|11
|
|move|p2a: Breloom|Facade|p1a: GaGaGooGoo
|-damage|p1a: GaGaGooGoo|126\/321
|move|p1a: GaGaGooGoo|Outrage|p2a: Breloom
|-crit|p2a: Breloom
|-damage|p2a: Breloom|0 fnt
|faint|p2a: Breloom
|
|
|switch|p2a: Klefki|Klefki, F|317\/317
|turn|12
|
|move|p2a: Klefki|Rain Dance|p2a: Klefki
|-weather|RainDance
|move|p1a: GaGaGooGoo|Outrage|p2a: Klefki
|-immune|p2a: Klefki|[msg]
|
|-end|p1a: GaGaGooGoo|rampage
|-start|p1a: GaGaGooGoo|confusion
|-weather|RainDance|[upkeep]
|turn|13
|
|-activate|p1a: GaGaGooGoo|confusion
|-damage|p1a: GaGaGooGoo|53\/321|[from] confusion
|move|p2a: Klefki|Foul Play|p1a: GaGaGooGoo
|-crit|p1a: GaGaGooGoo
|-damage|p1a: GaGaGooGoo|0 fnt
|faint|p1a: GaGaGooGoo
|
|-weather|RainDance|[upkeep]
|
|switch|p1a: Blur|Manectric-Mega, M|220\/282
|-ability|p1a: Blur|Intimidate|[of] p2a: Klefki
|-unboost|p2a: Klefki|atk|1
|turn|14
|
|move|p2a: Klefki|Spikes|p1a: Blur
|-sidestart|p1: mdd|Spikes
|move|p1a: Blur|Flamethrower|p2a: Klefki
|-supereffective|p2a: Klefki
|-damage|p2a: Klefki|191\/317
|
|-weather|RainDance|[upkeep]
|turn|15
|
|move|p1a: Blur|Flamethrower|p2a: Klefki
|-supereffective|p2a: Klefki
|-damage|p2a: Klefki|77\/317
|move|p2a: Klefki|Foul Play|p1a: Blur
|-damage|p1a: Blur|153\/282
|
|-weather|RainDance|[upkeep]
|turn|16
|
|move|p2a: Klefki|Spikes|p1a: Blur
|-sidestart|p1: mdd|Spikes
|move|p1a: Blur|Flamethrower|p2a: Klefki
|-supereffective|p2a: Klefki
|-damage|p2a: Klefki|0 fnt
|faint|p2a: Klefki
|
|-weather|RainDance|[upkeep]
|
|switch|p2a: Swampert|Swampert-Mega, F|190\/341
|turn|17
|
|move|p2a: Swampert|Waterfall|p1a: Blur
|-damage|p1a: Blur|0 fnt
|faint|p1a: Blur
|
|-weather|RainDance|[upkeep]
|
|switch|p1a: JusDon'tCare|Quagsire, F|394\/394
|-damage|p1a: JusDon'tCare|329\/394|[from] Spikes
|turn|18
|
|move|p2a: Swampert|Waterfall|p1a: JusDon'tCare
|-damage|p1a: JusDon'tCare|73\/394
|move|p1a: JusDon'tCare|Recover|p1a: JusDon'tCare
|-heal|p1a: JusDon'tCare|270\/394
|
|-weather|RainDance|[upkeep]
|-heal|p1a: JusDon'tCare|294\/394|[from] item: Leftovers
|turn|19
|
|switch|p2a: Politoed|Politoed, F|383\/383
|move|p1a: JusDon'tCare|Recover|p1a: JusDon'tCare
|-heal|p1a: JusDon'tCare|394\/394
|
|-weather|none
|turn|20
|
|switch|p1a: Prrau|Espeon, M|153\/271
|-damage|p1a: Prrau|108\/271|[from] Spikes
|move|p2a: Politoed|Encore|p1a: Prrau
|move|p1a: Prrau|Encore|p2a: Politoed|[from]Magic Bounce
|-fail|p2a: Politoed
|
|turn|21
|
|switch|p2a: Thundurus|Thundurus, M|299\/299
|move|p1a: Prrau|Psyshock|p2a: Thundurus
|-damage|p2a: Thundurus|38\/299
|-damage|p1a: Prrau|81\/271|[from] item: Life Orb
|
|turn|22
|
|move|p2a: Thundurus|Knock Off|p1a: Prrau
|-supereffective|p1a: Prrau
|-damage|p1a: Prrau|0 fnt
|-enditem|p1a: Prrau|Life Orb|[from] move: Knock Off|[of] p2a: Thundurus
|-damage|p2a: Thundurus|9\/299|[from] item: Life Orb
|faint|p1a: Prrau
|
|
|switch|p1a: JusDon'tCare|Quagsire, F|394\/394
|-damage|p1a: JusDon'tCare|329\/394|[from] Spikes
|turn|23
|
|move|p2a: Thundurus|Knock Off|p1a: JusDon'tCare
|-damage|p1a: JusDon'tCare|209\/394
|-enditem|p1a: JusDon'tCare|Leftovers|[from] move: Knock Off|[of] p2a: Thundurus
|-damage|p2a: Thundurus|0 fnt|[from] item: Life Orb
|faint|p2a: Thundurus
|move|p1a: JusDon'tCare|Stockpile|p1a: JusDon'tCare
|-start|p1a: JusDon'tCare|stockpile1
|-boost|p1a: JusDon'tCare|def|1
|-boost|p1a: JusDon'tCare|spd|1
|
|
|switch|p2a: Politoed|Politoed, F|383\/383
|-weather|RainDance
|turn|24
|
|move|p2a: Politoed|Encore|p1a: JusDon'tCare
|-start|p1a: JusDon'tCare|Encore
|move|p1a: JusDon'tCare|Stockpile|p1a: JusDon'tCare
|-start|p1a: JusDon'tCare|stockpile2
|-boost|p1a: JusDon'tCare|def|1
|-boost|p1a: JusDon'tCare|spd|1
|
|-weather|RainDance|[upkeep]
|turn|25
|
|move|p2a: Politoed|Toxic|p1a: JusDon'tCare
|-status|p1a: JusDon'tCare|tox
|move|p1a: JusDon'tCare|Stockpile|p1a: JusDon'tCare
|-start|p1a: JusDon'tCare|stockpile3
|-boost|p1a: JusDon'tCare|def|1
|-boost|p1a: JusDon'tCare|spd|1
|
|-weather|RainDance|[upkeep]
|-damage|p1a: JusDon'tCare|185\/394 tox|[from] psn
|turn|26
|-message|mdd forfeited.
|
|win|kianann
|raw|Ladder updating...
|raw|mdd's rating: 1344 &rarr; <strong>1323<\/strong><br \/>(-21 for losing)
|raw|kianann's rating: 1325 &rarr; <strong>1346<\/strong><br \/>(+21 for winning)
|leave|mdd
|player|p1