|join|kianann
|join|thathippie
|player|p1|kianann|266
|player|p2|thathippie|293
|gametype|singles
|gen|6
|tier|OU
|rated
|clearpoke
|poke|p1|Politoed, F
|poke|p1|Swampert, M
|poke|p1|Kingdra, M
|poke|p1|Klefki, F
|poke|p1|Thundurus, M
|poke|p1|Breloom, M
|poke|p2|Volcarona, M
|poke|p2|Latias, F
|poke|p2|Greninja, M
|poke|p2|Landorus-Therian, M
|poke|p2|Ferrothorn, M
|poke|p2|Sylveon, F
|rule|Swagger Clause: Swagger is banned
|rule|Baton Pass Clause: Limit one PokÃ©mon knowing Baton Pass
|rule|Sleep Clause Mod: Limit one foe put to sleep
|rule|Species Clause: Limit one of each PokÃ©mon
|rule|OHKO Clause: OHKO moves are banned
|rule|Moody Clause: Moody is banned
|rule|Evasion Moves Clause: Evasion moves are banned
|rule|Endless Battle Clause: Forcing endless battles is banned
|rule|HP Percentage Mod: HP is shown in percentages
|teampreview
|
|start
|switch|p1a: Politoed|Politoed, F|383\/383
|switch|p2a: bruh|Landorus-Therian, M|319\/319
|-ability|p2a: bruh|Intimidate|[of] p1a: Politoed
|-unboost|p1a: Politoed|atk|1
|-weather|RainDance
|turn|1
|c|âkianann|almost every team greninja....
|
|switch|p1a: Breloom|Breloom, M|264\/264
|move|p2a: bruh|U-turn|p1a: Breloom
|-damage|p1a: Breloom|161\/264
|
|switch|p2a: no touching|Ferrothorn, M|289\/289
|
|-weather|RainDance|[upkeep]
|-status|p1a: Breloom|tox|[from] item: Toxic Orb
|turn|2
|
|move|p1a: Breloom|Swords Dance|p1a: Breloom
|-boost|p1a: Breloom|atk|2
|move|p2a: no touching|Stealth Rock|p1a: Breloom
|-sidestart|p1: kianann|move: Stealth Rock
|
|-weather|RainDance|[upkeep]
|-heal|p1a: Breloom|194\/264 tox|[from] ability: Poison Heal
|turn|3
|
|move|p1a: Breloom|Superpower|p2a: no touching
|-crit|p2a: no touching
|-supereffective|p2a: no touching
|-damage|p2a: no touching|0 fnt
|-damage|p1a: Breloom|161\/264 tox|[from] ability: Iron Barbs|[of] p2a: no touching
|-unboost|p1a: Breloom|atk|1
|-unboost|p1a: Breloom|def|1
|faint|p2a: no touching
|
|-weather|RainDance|[upkeep]
|-heal|p1a: Breloom|194\/264 tox|[from] ability: Poison Heal
|
|switch|p2a: bruh|Landorus-Therian, M|319\/319
|-ability|p2a: bruh|Intimidate|[of] p1a: Breloom
|-unboost|p1a: Breloom|atk|1
|turn|4
|
|move|p2a: bruh|Fly|p1a: Breloom|[still]
|-prepare|p2a: bruh|Fly|p1a: Breloom
|move|p1a: Breloom|Facade|p2a: bruh|[miss]
|-miss|p1a: Breloom|p2a: bruh
|
|-weather|RainDance|[upkeep]
|-heal|p1a: Breloom|227\/264 tox|[from] ability: Poison Heal
|turn|5
|
|switch|p1a: Thundurus|Thundurus, M|299\/299
|-damage|p1a: Thundurus|225\/299|[from] Stealth Rock
|move|p2a: bruh|Fly|p1a: Thundurus
|-resisted|p1a: Thundurus
|-damage|p1a: Thundurus|102\/299
|
|-weather|RainDance|[upkeep]
|turn|6
|
|move|p2a: bruh|Fly|p1a: Thundurus|[still]
|-prepare|p2a: bruh|Fly|p1a: Thundurus
|move|p1a: Thundurus|Hidden Power|p2a: bruh|[miss]
|-miss|p1a: Thundurus|p2a: bruh
|
|-weather|RainDance|[upkeep]
|turn|7
|
|switch|p1a: Klefki|Klefki, F|317\/317
|-damage|p1a: Klefki|298\/317|[from] Stealth Rock
|move|p2a: bruh|Fly|p1a: Klefki
|-resisted|p1a: Klefki
|-damage|p1a: Klefki|229\/317
|
|-weather|RainDance|[upkeep]
|turn|8
|c|âkianann|mistake , should not send that out
|
|switch|p2a: portgas|Volcarona, M|311\/311
|move|p1a: Klefki|Foul Play|p2a: portgas
|-damage|p2a: portgas|246\/311
|-status|p1a: Klefki|brn
|
|-weather|none
|-heal|p2a: portgas|265\/311|[from] item: Leftovers
|-damage|p1a: Klefki|190\/317 brn|[from] brn
|turn|9
|
|move|p1a: Klefki|Thunder Wave|p2a: portgas
|-status|p2a: portgas|par
|move|p2a: portgas|Quiver Dance|p2a: portgas
|-boost|p2a: portgas|spa|1
|-boost|p2a: portgas|spd|1
|-boost|p2a: portgas|spe|1
|
|-heal|p2a: portgas|284\/311 par|[from] item: Leftovers
|-damage|p1a: Klefki|151\/317 brn|[from] brn
|turn|10
|
|move|p1a: Klefki|Rain Dance|p1a: Klefki
|-weather|RainDance
|move|p2a: portgas|Fiery Dance|p1a: Klefki
|-supereffective|p1a: Klefki
|-damage|p1a: Klefki|0 fnt
|-boost|p2a: portgas|spa|1
|faint|p1a: Klefki
|
|-weather|RainDance|[upkeep]
|-heal|p2a: portgas|303\/311 par|[from] item: Leftovers
|
|switch|p1a: Kingdra|Kingdra, M|291\/291
|-damage|p1a: Kingdra|255\/291|[from] Stealth Rock
|turn|11
|
|move|p1a: Kingdra|Hydro Pump|p2a: portgas
|-supereffective|p2a: portgas
|-damage|p2a: portgas|0 fnt
|-damage|p1a: Kingdra|226\/291|[from] item: Life Orb
|faint|p2a: portgas
|
|-weather|RainDance|[upkeep]
|
|switch|p2a: riruka|Sylveon, F|393\/393
|turn|12
|
|switch|p1a: Breloom|Breloom, M|227\/264 tox
|-damage|p1a: Breloom|211\/264 tox|[from] Stealth Rock
|move|p2a: riruka|Hyper Voice|p1a: Breloom
|-supereffective|p1a: Breloom
|-damage|p1a: Breloom|0 fnt
|faint|p1a: Breloom
|
|-weather|RainDance|[upkeep]
|
|switch|p1a: Thundurus|Thundurus, M|102\/299
|-damage|p1a: Thundurus|28\/299|[from] Stealth Rock
|turn|13
|
|move|p1a: Thundurus|Thunderbolt|p2a: riruka
|-damage|p2a: riruka|236\/393
|-damage|p1a: Thundurus|0 fnt|[from] item: Life Orb
|faint|p1a: Thundurus
|move|p2a: riruka|Hyper Voice|p1: Thundurus|[notarget]
|-notarget
|
|-weather|RainDance|[upkeep]
|
|switch|p1a: Swampert|Swampert, M|341\/341
|-damage|p1a: Swampert|320\/341|[from] Stealth Rock
|turn|14
|
|detailschange|p1a: Swampert|Swampert-Mega, M
|-mega|p1a: Swampert|Swampert|Swampertite
|move|p1a: Swampert|Waterfall|p2a: riruka
|-damage|p2a: riruka|0 fnt
|faint|p2a: riruka
|
|-weather|RainDance|[upkeep]
|
|switch|p2a: orihime|Latias, F|301\/301
|turn|15
|
|move|p1a: Swampert|Ice Punch|p2a: orihime
|-supereffective|p2a: orihime
|-damage|p2a: orihime|47\/301
|move|p2a: orihime|Psyshock|p1a: Swampert
|-damage|p1a: Swampert|155\/341
|-damage|p2a: orihime|17\/301|[from] item: Life Orb
|
|-weather|RainDance|[upkeep]
|turn|16
|
|move|p1a: Swampert|Waterfall|p2a: orihime
|-resisted|p2a: orihime
|-damage|p2a: orihime|0 fnt
|faint|p2a: orihime
|
|-weather|RainDance|[upkeep]
|
|switch|p2a: blackstar|Greninja, M|285\/285
|turn|17
|
|switch|p2a: bruh|Landorus-Therian, M|319\/319
|-ability|p2a: bruh|Intimidate|[of] p1a: Swampert
|-unboost|p1a: Swampert|atk|1
|move|p1a: Swampert|Earthquake|p2a: bruh
|-immune|p2a: bruh|[msg]
|
|-weather|none
|turn|18
|
|switch|p1a: Politoed|Politoed, F|383\/383
|-damage|p1a: Politoed|336\/383|[from] Stealth Rock
|-weather|RainDance
|move|p2a: bruh|Earthquake|p1a: Politoed
|-damage|p1a: Politoed|174\/383
|
|-weather|RainDance|[upkeep]
|turn|19
|
|move|p2a: bruh|Earthquake|p1a: Politoed
|-damage|p1a: Politoed|15\/383
|move|p1a: Politoed|Scald|p2a: bruh
|-supereffective|p2a: bruh
|-damage|p2a: bruh|0 fnt
|faint|p2a: bruh
|
|-weather|RainDance|[upkeep]
|
|switch|p2a: blackstar|Greninja, M|285\/285
|turn|20
|c|âkianann|now u no way to escape rite ?
|
|move|p2a: blackstar|Scald|p1a: Politoed
|-start|p2a: blackstar|typechange|Water|[from] Protean
|-crit|p1a: Politoed
|-resisted|p1a: Politoed
|-damage|p1a: Politoed|0 fnt
|-damage|p2a: blackstar|257\/285|[from] item: Life Orb
|faint|p1a: Politoed
|
|-weather|RainDance|[upkeep]
|
|switch|p1a: Swampert|Swampert-Mega, M|155\/341
|-damage|p1a: Swampert|134\/341|[from] Stealth Rock
|turn|21
|c|âthathippie|gg..
|c|âkianann|u lose
|
|move|p1a: Swampert|Earthquake|p2a: blackstar
|-damage|p2a: blackstar|0 fnt
|faint|p2a: blackstar
|
|win|kianann
|raw|Ladder updating...
|raw|kianann's rating: 1368 &rarr; <strong>1390<\/strong><br \/>(+22 for winning)
|raw|thathippie's rating: 1395 &rarr; <strong>1374<\/strong><br \/>(-21 for losing)
|c|âthathippie|cocky