|join|Batata7
|join|kianann
|player|p1|Batata7|123
|player|p2|kianann|101
|gametype|singles
|gen|6
|tier|OU
|rated
|clearpoke
|poke|p1|Durant, F
|poke|p1|Riolu, F, shiny
|poke|p2|Politoed, F
|poke|p2|Swampert, F
|poke|p2|Kingdra, M
|poke|p2|Klefki, F
|poke|p2|Magnezone
|poke|p2|Tornadus-Therian, M
|rule|Swagger Clause: Swagger is banned
|rule|Baton Pass Clause: Limit one PokÃ©mon knowing Baton Pass
|rule|Sleep Clause Mod: Limit one foe put to sleep
|rule|Species Clause: Limit one of each PokÃ©mon
|rule|OHKO Clause: OHKO moves are banned
|rule|Moody Clause: Moody is banned
|rule|Evasion Moves Clause: Evasion moves are banned
|rule|Endless Battle Clause: Forcing endless battles is banned
|rule|HP Percentage Mod: HP is shown in percentages
|teampreview
|
|start
|switch|p1a: Trollmaster|Durant, F|258\/258
|switch|p2a: Magnezone|Magnezone|343\/343
|turn|1
|
|move|p1a: Trollmaster|Entrainment|p2a: Magnezone
|-ability|p2a: Magnezone|truant|[from] move: Entrainment
|move|p2a: Magnezone|Hidden Power|p1a: Trollmaster
|-supereffective|p1a: Trollmaster
|-damage|p1a: Trollmaster|0 fnt
|faint|p1a: Trollmaster
|
|
|switch|p1a: SUQ MY DIQ 3|Riolu, F, shiny|221\/221
|turn|2
|
|move|p1a: SUQ MY DIQ 3|Swords Dance|p1a: SUQ MY DIQ 3
|-boost|p1a: SUQ MY DIQ 3|atk|2
|cant|p2a: Magnezone|ability: Truant|Hidden Power
|
|turn|3
|join|micpizazEtest
|
|move|p1a: SUQ MY DIQ 3|Protect|p1a: SUQ MY DIQ 3
|-singleturn|p1a: SUQ MY DIQ 3|Protect
|move|p2a: Magnezone|Hidden Power|p1a: SUQ MY DIQ 3
|-activate|p1a: SUQ MY DIQ 3|Protect
|
|turn|4
|
|switch|p2a: Klefki|Klefki, F|317\/317
|move|p1a: SUQ MY DIQ 3|Swords Dance|p1a: SUQ MY DIQ 3
|-boost|p1a: SUQ MY DIQ 3|atk|2
|
|turn|5
|
|move|p2a: Klefki|Thunder Wave|p1a: SUQ MY DIQ 3
|-status|p1a: SUQ MY DIQ 3|par
|move|p1a: SUQ MY DIQ 3|Reversal|p2a: Klefki
|-damage|p2a: Klefki|245\/317
|
|turn|6
|
|move|p2a: Klefki|Rain Dance|p2a: Klefki
|-weather|RainDance
|move|p1a: SUQ MY DIQ 3|Reversal|p2a: Klefki
|-damage|p2a: Klefki|182\/317
|
|-weather|RainDance|[upkeep]
|turn|7
|
|move|p2a: Klefki|Foul Play|p1a: SUQ MY DIQ 3
|-resisted|p1a: SUQ MY DIQ 3
|-enditem|p1a: SUQ MY DIQ 3|Focus Sash
|-damage|p1a: SUQ MY DIQ 3|1\/221 par
|move|p1a: SUQ MY DIQ 3|Reversal|p2a: Klefki
|-damage|p2a: Klefki|0 fnt
|faint|p2a: Klefki
|
|-weather|RainDance|[upkeep]
|
|switch|p2a: Swampert|Swampert, F|341\/341
|turn|8
|c| micpizazEtest|lol
|
|detailschange|p2a: Swampert|Swampert-Mega, F
|-mega|p2a: Swampert|Swampert|Swampertite
|move|p1a: SUQ MY DIQ 3|Copycat|p1a: SUQ MY DIQ 3
|move|p1a: SUQ MY DIQ 3|Reversal|p2a: Swampert|[from]Copycat
|-crit|p2a: Swampert
|-damage|p2a: Swampert|0 fnt
|faint|p2a: Swampert
|
|-weather|RainDance|[upkeep]
|c| micpizazEtest|knew it
|c|âBatata7|the new meta
|
|switch|p2a: Kingdra|Kingdra, M|291\/291
|turn|9
|c|âBatata7|okn
|
|cant|p1a: SUQ MY DIQ 3|par
|move|p2a: Kingdra|Waterfall|p1a: SUQ MY DIQ 3
|-damage|p1a: SUQ MY DIQ 3|0 fnt
|-damage|p2a: Kingdra|262\/291|[from] item: Life Orb
|faint|p1a: SUQ MY DIQ 3
|
|win|kianann
|raw|Ladder updating...
|c| micpizazEtest|i heard someone talking about it on youtube
|raw|Batata7's rating: 1305 &rarr; <strong>1285<\/strong><br \/>(-20 for losing)
|raw|kianann's rating: 1302 &rarr; <strong>1322<\/strong><br \/>(+20 for winning)
|c| micpizazEtest|pretty funny lol
|leave|Batata7
|player|p1