|join|will-i-am2
|join|Wond3rbread
|player|p1|will-i-am2|169
|player|p2|Wond3rbread|165
|gametype|singles
|gen|6
|tier|OU
|rated
|clearpoke
|poke|p1|Registeel
|poke|p1|Mamoswine, F
|poke|p1|Hydreigon, F
|poke|p1|Slowbro, M
|poke|p1|Talonflame, M
|poke|p1|Xatu, M
|poke|p2|Azelf
|poke|p2|Metagross
|poke|p2|Landorus, M
|poke|p2|Thundurus, M
|poke|p2|Azumarill, M
|poke|p2|Tyranitar, F
|rule|Swagger Clause: Swagger is banned
|rule|Baton Pass Clause: Limit one PokÃ©mon knowing Baton Pass
|rule|Sleep Clause Mod: Limit one foe put to sleep
|rule|Species Clause: Limit one of each PokÃ©mon
|rule|OHKO Clause: OHKO moves are banned
|rule|Moody Clause: Moody is banned
|rule|Evasion Moves Clause: Evasion moves are banned
|rule|Endless Battle Clause: Forcing endless battles is banned
|rule|HP Percentage Mod: HP is shown in percentages
|teampreview
|c|âWond3rbread|damn will-i-am
|c|âWond3rbread|its an honor sir
|c|âwill-i-am2|hey
|c|âwill-i-am2|that means a lot, thanks!
|c|âWond3rbread|:]
|join|LordWienerButt
|c|âwill-i-am2|:)
|
|start
|switch|p1a: Xatu|Xatu, M|333\/333
|switch|p2a: BobbyShmurda|Azelf|291\/291
|turn|1
|c|âwill-i-am2|gl hf!
|
|switch|p2a: M n M|Metagross|301\/301
|move|p1a: Xatu|U-turn|p2a: M n M
|-damage|p2a: M n M|266\/301
|c|âWond3rbread|u2
|c|âWond3rbread|:]
|c|âWond3rbread|damn the plays
|
|switch|p1a: Slowbro|Slowbro, M|394\/394
|
|turn|2
|c|âwill-i-am2|lol
|
|switch|p2a: BobbyShmurda|Azelf|291\/291
|move|p1a: Slowbro|Scald|p2a: BobbyShmurda
|-damage|p2a: BobbyShmurda|98\/291
|-status|p2a: BobbyShmurda|brn
|
|-damage|p2a: BobbyShmurda|62\/291 brn|[from] brn
|turn|3
|c|âwill-i-am2|thats unfortunate
|c|âWond3rbread|lol it happens
|
|switch|p2a: Kanye West|Thundurus, M|299\/299
|switch|p1a: Xatu|Xatu, M|333\/333
|
|turn|4
|
|move|p2a: Kanye West|Knock Off|p1a: Xatu
|-supereffective|p1a: Xatu
|-damage|p1a: Xatu|117\/333
|-damage|p2a: Kanye West|250\/299|[from] item: Rocky Helmet|[of] p1a: Xatu
|-enditem|p1a: Xatu|Rocky Helmet|[from] move: Knock Off|[of] p2a: Kanye West
|-damage|p2a: Kanye West|221\/299|[from] item: Life Orb
|move|p1a: Xatu|U-turn|p2a: Kanye West
|-resisted|p2a: Kanye West
|-damage|p2a: Kanye West|192\/299
|
|switch|p1a: Mamoswine|Mamoswine, F|361\/361
|
|turn|5
|join|HigherThanRotom-F
|
|switch|p2a: BiggieSmalls|Azumarill, M|383\/383
|move|p1a: Mamoswine|Ice Shard|p2a: BiggieSmalls
|-resisted|p2a: BiggieSmalls
|-damage|p2a: BiggieSmalls|321\/383
|-damage|p1a: Mamoswine|325\/361|[from] item: Life Orb
|
|turn|6
|leave|LordWienerButt
|c| HigherThanRotom-F|bigggggggie smallz
|
|switch|p1a: Xatu|Xatu, M|117\/333
|move|p2a: BiggieSmalls|Play Rough|p1a: Xatu
|-damage|p1a: Xatu|0 fnt
|faint|p1a: Xatu
|
|
|switch|p1a: Registeel|Registeel|364\/364
|turn|7
|c| HigherThanRotom-F|wth are you doing, running xatu in ou
|c|âWond3rbread|lol..
|
|switch|p2a: Jay Z|Landorus, M|319\/319
|move|p1a: Registeel|Seismic Toss|p2a: Jay Z
|-damage|p2a: Jay Z|219\/319
|
|turn|8
|c| HigherThanRotom-F|I see the trend
|
|switch|p1a: Talonflame|Talonflame, M|360\/360
|move|p2a: Jay Z|Earth Power|p1a: Talonflame
|-immune|p1a: Talonflame|[msg]
|
|turn|9
|c|âwill-i-am2|because its cool
|c| HigherThanRotom-F|is t-tar little wayne
|
|switch|p2a: Tyranitar|Tyranitar, F|341\/341
|-weather|Sandstorm
|move|p1a: Talonflame|Swords Dance|p1a: Talonflame
|-boost|p1a: Talonflame|atk|2
|
|-weather|Sandstorm|[upkeep]
|-damage|p1a: Talonflame|338\/360|[from] sandstorm
|-heal|p1a: Talonflame|360\/360|[from] item: Leftovers
|turn|10
|c|âWond3rbread|It was orginally
|c|âWond3rbread|forgot to change the name back
|c|âWond3rbread|from when I changed it to tar over chomper
|c| HigherThanRotom-F|ah ok
|
|switch|p1a: Registeel|Registeel|364\/364
|move|p2a: Tyranitar|Stone Edge|p1a: Registeel
|-crit|p1a: Registeel
|-resisted|p1a: Registeel
|-damage|p1a: Registeel|273\/364
|
|-weather|Sandstorm|[upkeep]
|-heal|p1a: Registeel|295\/364|[from] item: Leftovers
|turn|11
|c|âWond3rbread|I'll change it now
|c|âWond3rbread|:]
|
|switch|p2a: Jay Z|Landorus, M|219\/319
|move|p1a: Registeel|Stealth Rock|p2a: Jay Z
|-sidestart|p2: Wond3rbread|move: Stealth Rock
|
|-weather|Sandstorm|[upkeep]
|-heal|p1a: Registeel|317\/364|[from] item: Leftovers
|turn|12
|c| HigherThanRotom-F|predict the t-flane switch
|c| HigherThanRotom-F|*t-flame
|c| HigherThanRotom-F|I'm making you guys think now
|c|âWond3rbread|lol.
|c| HigherThanRotom-F|you're going to overpredict
|
|switch|p1a: Talonflame|Talonflame, M|360\/360
|move|p2a: Jay Z|Sludge Wave|p1a: Talonflame
|-damage|p1a: Talonflame|208\/360
|
|-weather|Sandstorm|[upkeep]
|-damage|p1a: Talonflame|186\/360|[from] sandstorm
|-heal|p1a: Talonflame|208\/360|[from] item: Leftovers
|turn|13
|c| HigherThanRotom-F|cuz he's switching into the slowbro for the rock slide
|join|bad players
|join|FardinFromPB
|
|move|p2a: Jay Z|Sludge Wave|p1a: Talonflame
|-damage|p1a: Talonflame|59\/360
|move|p1a: Talonflame|Will-O-Wisp|p2a: Jay Z
|-status|p2a: Jay Z|brn
|
|-weather|none
|-heal|p1a: Talonflame|81\/360|[from] item: Leftovers
|-damage|p2a: Jay Z|180\/319 brn|[from] brn
|turn|14
|c|âWond3rbread|why did that do nothin
|c|âWond3rbread|and why am I faster
|c|âWond3rbread|is this sd spdef..
|c| FardinFromPB|lol
|c| HigherThanRotom-F|it is
|c| FardinFromPB|it onlt has 301 speed
|c|âWond3rbread|well then.
|
|move|p1a: Talonflame|Brave Bird|p2a: Jay Z
|-damage|p2a: Jay Z|57\/319 brn
|-damage|p1a: Talonflame|40\/360|[from] recoil|[of] p2a: Jay Z
|move|p2a: Jay Z|Earth Power|p1a: Talonflame
|-immune|p1a: Talonflame|[msg]
|
|-heal|p1a: Talonflame|62\/360|[from] item: Leftovers
|-damage|p2a: Jay Z|18\/319 brn|[from] brn
|turn|15
|c|âWond3rbread|wait why would'nt u roost
|c|âWond3rbread|lol
|c| bad players|sick plays
|c| HigherThanRotom-F|dat leet predicts
|c| HigherThanRotom-F|no earth power
|c|âWond3rbread|I'm so bad.
|c|âWond3rbread|:[
|c| HigherThanRotom-F|*know
|
|move|p1a: Talonflame|Brave Bird|p2a: Jay Z
|-damage|p2a: Jay Z|0 fnt
|-damage|p1a: Talonflame|56\/360|[from] recoil|[of] p2a: Jay Z
|faint|p2a: Jay Z
|
|-heal|p1a: Talonflame|78\/360|[from] item: Leftovers
|c| HigherThanRotom-F|I CAN'T SPELL NOW
|
|switch|p2a: Tyranitar|Tyranitar, F|341\/341
|-damage|p2a: Tyranitar|299\/341|[from] Stealth Rock
|-weather|Sandstorm
|turn|16
|c|âWond3rbread|anyone mind helping me git gud
|c| FardinFromPB|dude
|
|move|p1a: Talonflame|Roost|p1a: Talonflame
|-heal|p1a: Talonflame|258\/360
|move|p2a: Tyranitar|Pursuit|p1a: Talonflame
|-damage|p1a: Talonflame|167\/360
|
|-weather|Sandstorm|[upkeep]
|-damage|p1a: Talonflame|145\/360|[from] sandstorm
|-heal|p1a: Talonflame|167\/360|[from] item: Leftovers
|turn|17
|c| FardinFromPB|why did u earth power
|c| FardinFromPB|it was pointless
|c| HigherThanRotom-F|predicts
|c|âWond3rbread|roost.
|c|âWond3rbread|oml..these plays
|c| HigherThanRotom-F|roostpredicts
|c|âWond3rbread|someone save me
|c| HigherThanRotom-F|JUST SCREW IT AND DO STONE MISS
|c| FardinFromPB|pointless predections
|c|âWond3rbread|Fardin I'd asume he'd roost.
|
|switch|p2a: Kanye West|Thundurus, M|192\/299
|-damage|p2a: Kanye West|118\/299|[from] Stealth Rock
|move|p1a: Talonflame|Roost|p1a: Talonflame
|-heal|p1a: Talonflame|347\/360
|
|-weather|Sandstorm|[upkeep]
|-damage|p2a: Kanye West|100\/299|[from] sandstorm
|-damage|p1a: Talonflame|325\/360|[from] sandstorm
|-heal|p1a: Talonflame|347\/360|[from] item: Leftovers
|turn|18
|c| HigherThanRotom-F|GET RID OF THAT DANG THING
|c|âWond3rbread|I suck at this game.
|
|switch|p1a: Registeel|Registeel|317\/364
|move|p2a: Kanye West|Thunderbolt|p1a: Registeel
|-damage|p1a: Registeel|200\/364
|-damage|p2a: Kanye West|71\/299|[from] item: Life Orb
|
|-weather|Sandstorm|[upkeep]
|-damage|p2a: Kanye West|53\/299|[from] sandstorm
|-heal|p1a: Registeel|222\/364|[from] item: Leftovers
|turn|19
|c| FardinFromPB|wond3r, do me a favour and stop predecting pls
|c|âWond3rbread|fine
|
|move|p2a: Kanye West|Superpower|p1a: Registeel
|-supereffective|p1a: Registeel
|-damage|p1a: Registeel|35\/364
|-unboost|p2a: Kanye West|atk|1
|-unboost|p2a: Kanye West|def|1
|-damage|p2a: Kanye West|24\/299|[from] item: Life Orb
|move|p1a: Registeel|Seismic Toss|p2a: Kanye West
|-damage|p2a: Kanye West|0 fnt
|faint|p2a: Kanye West
|
|-weather|Sandstorm|[upkeep]
|-heal|p1a: Registeel|57\/364|[from] item: Leftovers
|c|âWond3rbread|besides I am fine w\/ this
|
|switch|p2a: BobbyShmurda|Azelf|62\/291 brn
|-damage|p2a: BobbyShmurda|26\/291 brn|[from] Stealth Rock
|turn|20
|c| FardinFromPB|gl beating bro now
|c| HigherThanRotom-F|oh yeh,
|
|switch|p1a: Talonflame|Talonflame, M|347\/360
|move|p2a: BobbyShmurda|Stealth Rock|p1a: Talonflame
|-sidestart|p1: will-i-am2|move: Stealth Rock
|
|-weather|none
|-heal|p1a: Talonflame|360\/360|[from] item: Leftovers
|-damage|p2a: BobbyShmurda|0 fnt|[from] brn
|faint|p2a: BobbyShmurda
|c| HigherThanRotom-F|gl with that
|c| FardinFromPB|lets just hope u have BD knock off
|c| FardinFromPB|or
|c| FardinFromPB|even just a BD set
|
|switch|p2a: BiggieSmalls|Azumarill, M|321\/383
|-damage|p2a: BiggieSmalls|274\/383|[from] Stealth Rock
|turn|21
|c| HigherThanRotom-F|look out 4 de willo
|
|move|p1a: Talonflame|Will-O-Wisp|p2a: BiggieSmalls
|-status|p2a: BiggieSmalls|brn
|move|p2a: BiggieSmalls|Waterfall|p1a: Talonflame
|-supereffective|p1a: Talonflame
|-damage|p1a: Talonflame|10\/360
|
|-heal|p1a: Talonflame|32\/360|[from] item: Leftovers
|-damage|p2a: BiggieSmalls|227\/383 brn|[from] brn
|turn|22
|c|âWond3rbread|nah I'm banded
|c|âWond3rbread|rip
|c|âWond3rbread|are u srs..it lived
|c| FardinFromPB|why u do this
|c| FardinFromPB|just die talon
|c| bad players|Talonflame the hero
|
|move|p1a: Talonflame|Brave Bird|p2a: BiggieSmalls
|-damage|p2a: BiggieSmalls|77\/383 brn
|-damage|p1a: Talonflame|0 fnt|[from] recoil|[of] p2a: BiggieSmalls
|faint|p1a: Talonflame
|move|p2a: BiggieSmalls|Waterfall|p1: Talonflame|[notarget]
|-notarget
|
|-damage|p2a: BiggieSmalls|30\/383 brn|[from] brn
|c|âWond3rbread|cuz I can
|c|âWond3rbread|:]
|c| HigherThanRotom-F|this is where you rage quit
|c| FardinFromPB|not to u wond3r
|
|switch|p1a: Slowbro|Slowbro, M|394\/394
|-damage|p1a: Slowbro|345\/394|[from] Stealth Rock
|turn|23
|c|âWond3rbread|nah I'm not about that lyfe
|c| bad players|Wonderbread isn't a part of me.
|
|move|p2a: BiggieSmalls|Waterfall|p1a: Slowbro
|-resisted|p1a: Slowbro
|-damage|p1a: Slowbro|285\/394
|move|p1a: Slowbro|Trick Room|p1a: Slowbro
|-fieldstart|move: Trick Room|[of] p1a: Slowbro
|
|-heal|p1a: Slowbro|309\/394|[from] item: Leftovers
|-damage|p2a: BiggieSmalls|0 fnt|[from] brn
|faint|p2a: BiggieSmalls
|c| bad players|He'll make a comeback.
|c| HigherThanRotom-F|trick room slowbro
|c|âWond3rbread|oml..the innovation
|c|âWond3rbread|*takes notes
|
|switch|p2a: M n M|Metagross|266\/301
|-damage|p2a: M n M|248\/301|[from] Stealth Rock
|turn|24
|c| HigherThanRotom-F|grass knot plz
|
|detailschange|p2a: M n M|Metagross-Mega
|-mega|p2a: M n M|Metagross|Metagrossite
|move|p1a: Slowbro|Scald|p2a: M n M
|-damage|p2a: M n M|113\/301
|move|p2a: M n M|Grass Knot|p1a: Slowbro
|-supereffective|p1a: Slowbro
|-damage|p1a: Slowbro|99\/394
|
|-heal|p1a: Slowbro|123\/394|[from] item: Leftovers
|turn|25
|c| HigherThanRotom-F|yayy
|c| FardinFromPB|wait
|c| HigherThanRotom-F|doing slowbro dirty
|c| HigherThanRotom-F|and, you lose
|c| HigherThanRotom-F|unless scarf tar
|c|âWond3rbread|when u face trick room slowbro
|c|âWond3rbread|:
|c|âWond3rbread|*:[
|-message|will-i-am2 lost due to inactivity.
|c| HigherThanRotom-F|CLUTCH WIN
|
|win|Wond3rbread
|raw|Ladder updating...
|c|âWond3rbread|rip.
|c|âWond3rbread|:[
|c| FardinFromPB|hax
|c| FardinFromPB|glitch
|raw|will-i-am2's rating: 1709 &rarr; <strong>1683<\/strong><br \/>(-26 for losing)
|raw|Wond3rbread's rating: 1597 &rarr; <strong>1624<\/strong><br \/>(+27 for winning)
|c|âWond3rbread|sry about that.