|join|lil manaphy
|join|Will-I-am2
|player|p1|lil manaphy|9
|player|p2|Will-I-am2|170
|gametype|singles
|gen|6
|tier|OU
|rated
|clearpoke
|poke|p1|Gardevoir, M
|poke|p1|Keldeo-Resolute
|poke|p1|Chansey, F
|poke|p1|Mandibuzz, F
|poke|p1|Amoonguss, F
|poke|p1|Landorus-Therian, M
|poke|p2|Registeel
|poke|p2|Mamoswine, M
|poke|p2|Hydreigon, M
|poke|p2|Slowbro, M
|poke|p2|Talonflame, M
|poke|p2|Mandibuzz, F
|rule|Swagger Clause: Swagger is banned
|rule|Baton Pass Clause: Limit one PokÃ©mon knowing Baton Pass
|rule|Sleep Clause Mod: Limit one foe put to sleep
|rule|Species Clause: Limit one of each PokÃ©mon
|rule|OHKO Clause: OHKO moves are banned
|rule|Moody Clause: Moody is banned
|rule|Evasion Moves Clause: Evasion moves are banned
|rule|Endless Battle Clause: Forcing endless battles is banned
|rule|HP Percentage Mod: HP is shown in percentages
|teampreview
|
|start
|switch|p1a: Keldeo-Resolute|Keldeo-Resolute|323\/323
|switch|p2a: Slowbro|Slowbro, M|394\/394
|turn|1
|join|king of spycrabs
|
|switch|p1a: Chansey|Chansey, F|703\/703
|move|p2a: Slowbro|Scald|p1a: Chansey
|-damage|p1a: Chansey|618\/703
|
|turn|2
|leave|king of spycrabs
|
|switch|p2a: Registeel|Registeel|364\/364
|move|p1a: Chansey|Seismic Toss|p2a: Registeel
|-damage|p2a: Registeel|264\/364
|
|-heal|p2a: Registeel|286\/364|[from] item: Leftovers
|turn|3
|
|switch|p1a: Landorus-Therian|Landorus-Therian, M|382\/382
|-ability|p1a: Landorus-Therian|Intimidate|[of] p2a: Registeel
|-fail|p2a: Registeel|unboost|[from] ability: Clear Body|[of] p2a: Registeel
|move|p2a: Registeel|Stealth Rock|p1a: Landorus-Therian
|-sidestart|p1: lil manaphy|move: Stealth Rock
|
|-heal|p2a: Registeel|308\/364|[from] item: Leftovers
|turn|4
|
|switch|p2a: Mandibuzz|Mandibuzz, F|423\/423
|move|p1a: Landorus-Therian|Stealth Rock|p2a: Mandibuzz
|-sidestart|p2: Will-I-am2|move: Stealth Rock
|
|turn|5
|join|Sugar K Leonard
|
|switch|p1a: Keldeo-Resolute|Keldeo-Resolute|323\/323
|-damage|p1a: Keldeo-Resolute|303\/323|[from] Stealth Rock
|move|p2a: Mandibuzz|Toxic|p1a: Keldeo-Resolute
|-status|p1a: Keldeo-Resolute|tox
|
|-heal|p1a: Keldeo-Resolute|323\/323 tox|[from] item: Leftovers
|-damage|p1a: Keldeo-Resolute|303\/323 tox|[from] psn
|turn|6
|
|switch|p2a: Slowbro|Slowbro, M|394\/394
|-damage|p2a: Slowbro|345\/394|[from] Stealth Rock
|move|p1a: Keldeo-Resolute|Scald|p2a: Slowbro
|-resisted|p2a: Slowbro
|-damage|p2a: Slowbro|256\/394
|
|-heal|p1a: Keldeo-Resolute|323\/323 tox|[from] item: Leftovers
|-heal|p2a: Slowbro|280\/394|[from] item: Leftovers
|-damage|p1a: Keldeo-Resolute|283\/323 tox|[from] psn
|turn|7
|
|switch|p1a: Amoonguss|Amoonguss, F|432\/432
|-damage|p1a: Amoonguss|378\/432|[from] Stealth Rock
|move|p2a: Slowbro|Psychic|p1a: Amoonguss
|-supereffective|p1a: Amoonguss
|-damage|p1a: Amoonguss|22\/432
|
|-heal|p1a: Amoonguss|49\/432|[from] item: Black Sludge
|-heal|p2a: Slowbro|304\/394|[from] item: Leftovers
|turn|8
|
|switch|p1a: Chansey|Chansey, F|618\/703
|-damage|p1a: Chansey|531\/703|[from] Stealth Rock
|switch|p2a: Mandibuzz|Mandibuzz, F|423\/423
|-damage|p2a: Mandibuzz|318\/423|[from] Stealth Rock
|
|turn|9
|
|move|p2a: Mandibuzz|Defog|p1a: Chansey
|-unboost|p1a: Chansey|evasion|1
|-sideend|p1: lil manaphy|Stealth Rock|[from] move: Defog|[of] p1a: Chansey
|-sideend|p2: Will-I-am2|Stealth Rock|[from] move: Defog|[of] p2a: Mandibuzz
|move|p1a: Chansey|Soft-Boiled|p1a: Chansey
|-heal|p1a: Chansey|703\/703
|
|turn|10
|
|move|p2a: Mandibuzz|Defog|p1a: Chansey
|-unboost|p1a: Chansey|evasion|1
|move|p1a: Chansey|Thunder Wave|p2a: Mandibuzz
|-status|p2a: Mandibuzz|par
|
|turn|11
|
|switch|p1a: Landorus-Therian|Landorus-Therian, M|382\/382
|-ability|p1a: Landorus-Therian|Intimidate|[of] p2a: Mandibuzz
|-unboost|p2a: Mandibuzz|atk|1
|move|p2a: Mandibuzz|Toxic|p1a: Landorus-Therian
|-status|p1a: Landorus-Therian|tox
|
|-damage|p1a: Landorus-Therian|359\/382 tox|[from] psn
|turn|12
|
|move|p1a: Landorus-Therian|Stealth Rock|p2a: Mandibuzz
|-sidestart|p2: Will-I-am2|move: Stealth Rock
|cant|p2a: Mandibuzz|par
|
|-heal|p1a: Landorus-Therian|382\/382 tox|[from] item: Leftovers
|-damage|p1a: Landorus-Therian|336\/382 tox|[from] psn
|turn|13
|
|switch|p1a: Gardevoir|Gardevoir, M|277\/277
|-ability|p1a: Gardevoir|Overcoat|[from] ability: Trace|[of] p2a: Mandibuzz
|cant|p2a: Mandibuzz|par
|
|turn|14
|
|switch|p2a: Registeel|Registeel|308\/364
|-damage|p2a: Registeel|286\/364|[from] Stealth Rock
|detailschange|p1a: Gardevoir|Gardevoir-Mega, M
|-mega|p1a: Gardevoir|Gardevoir|Gardevoirite
|move|p1a: Gardevoir|Focus Blast|p2a: Registeel
|-supereffective|p2a: Registeel
|-damage|p2a: Registeel|98\/364
|
|-heal|p2a: Registeel|120\/364|[from] item: Leftovers
|turn|15
|join|WECAMEASROMANS
|
|switch|p1a: Mandibuzz|Mandibuzz, F|423\/423
|move|p2a: Registeel|Iron Head|p1a: Mandibuzz
|-damage|p1a: Mandibuzz|363\/423
|-damage|p2a: Registeel|60\/364|[from] item: Rocky Helmet|[of] p1a: Mandibuzz
|
|-heal|p2a: Registeel|82\/364|[from] item: Leftovers
|turn|16
|leave|WECAMEASROMANS
|
|switch|p2a: Slowbro|Slowbro, M|394\/394
|-damage|p2a: Slowbro|345\/394|[from] Stealth Rock
|move|p1a: Mandibuzz|Taunt|p2a: Slowbro
|-start|p2a: Slowbro|move: Taunt
|
|-heal|p2a: Slowbro|369\/394|[from] item: Leftovers
|turn|17
|
|switch|p1a: Chansey|Chansey, F|703\/703
|move|p2a: Slowbro|Scald|p1a: Chansey
|-damage|p1a: Chansey|618\/703
|
|-heal|p2a: Slowbro|393\/394|[from] item: Leftovers
|turn|18
|
|switch|p2a: Mamoswine|Mamoswine, M|361\/361
|-damage|p2a: Mamoswine|316\/361|[from] Stealth Rock
|move|p1a: Chansey|Seismic Toss|p2a: Mamoswine
|-damage|p2a: Mamoswine|216\/361
|
|turn|19
|
|switch|p1a: Keldeo-Resolute|Keldeo-Resolute|283\/323 tox
|move|p2a: Mamoswine|Knock Off|p1a: Keldeo-Resolute
|-resisted|p1a: Keldeo-Resolute
|-damage|p1a: Keldeo-Resolute|191\/323 tox
|-boost|p1a: Keldeo-Resolute|atk|1|[from] ability: Justified
|-enditem|p1a: Keldeo-Resolute|Leftovers|[from] move: Knock Off|[of] p2a: Mamoswine
|-damage|p2a: Mamoswine|180\/361|[from] item: Life Orb
|
|-damage|p1a: Keldeo-Resolute|171\/323 tox|[from] psn
|turn|20
|
|switch|p2a: Slowbro|Slowbro, M|394\/394
|-damage|p2a: Slowbro|345\/394|[from] Stealth Rock
|move|p1a: Keldeo-Resolute|Scald|p2a: Slowbro
|-resisted|p2a: Slowbro
|-damage|p2a: Slowbro|259\/394
|-status|p2a: Slowbro|brn
|
|-heal|p2a: Slowbro|283\/394 brn|[from] item: Leftovers
|-damage|p1a: Keldeo-Resolute|131\/323 tox|[from] psn
|-damage|p2a: Slowbro|234\/394 brn|[from] brn
|turn|21
|
|switch|p1a: Chansey|Chansey, F|618\/703
|move|p2a: Slowbro|Scald|p1a: Chansey
|-damage|p1a: Chansey|539\/703
|
|-heal|p2a: Slowbro|258\/394 brn|[from] item: Leftovers
|-damage|p2a: Slowbro|209\/394 brn|[from] brn
|turn|22
|
|switch|p2a: Mandibuzz|Mandibuzz, F|318\/423 par
|-damage|p2a: Mandibuzz|213\/423 par|[from] Stealth Rock
|move|p1a: Chansey|Seismic Toss|p2a: Mandibuzz
|-damage|p2a: Mandibuzz|113\/423 par
|-damage|p1a: Chansey|422\/703|[from] item: Rocky Helmet|[of] p2a: Mandibuzz
|
|turn|23
|
|switch|p1a: Gardevoir|Gardevoir-Mega, M|277\/277
|cant|p2a: Mandibuzz|par
|
|turn|24
|
|switch|p2a: Talonflame|Talonflame, M|360\/360
|-damage|p2a: Talonflame|180\/360|[from] Stealth Rock
|move|p1a: Gardevoir|Hyper Voice|p2a: Talonflame
|-resisted|p2a: Talonflame
|-damage|p2a: Talonflame|57\/360
|
|-heal|p2a: Talonflame|79\/360|[from] item: Leftovers
|turn|25
|
|move|p2a: Talonflame|Roost|p2a: Talonflame
|-heal|p2a: Talonflame|259\/360
|move|p1a: Gardevoir|Psyshock|p2a: Talonflame
|-damage|p2a: Talonflame|36\/360
|
|-heal|p2a: Talonflame|58\/360|[from] item: Leftovers
|turn|26
|
|switch|p1a: Mandibuzz|Mandibuzz, F|363\/423
|move|p2a: Talonflame|Brave Bird|p1a: Mandibuzz
|-damage|p1a: Mandibuzz|272\/423
|-damage|p2a: Talonflame|0 fnt|[from] item: Rocky Helmet|[of] p1a: Mandibuzz
|faint|p2a: Talonflame
|
|
|switch|p2a: Hydreigon|Hydreigon, M|333\/333
|-damage|p2a: Hydreigon|292\/333|[from] Stealth Rock
|turn|27
|
|switch|p1a: Chansey|Chansey, F|422\/703
|move|p2a: Hydreigon|Draco Meteor|p1a: Chansey|[miss]
|-miss|p2a: Hydreigon|p1a: Chansey
|
|turn|28
|
|switch|p2a: Registeel|Registeel|82\/364
|-damage|p2a: Registeel|60\/364|[from] Stealth Rock
|move|p1a: Chansey|Soft-Boiled|p1a: Chansey
|-heal|p1a: Chansey|703\/703
|
|-heal|p2a: Registeel|82\/364|[from] item: Leftovers
|turn|29
|
|move|p2a: Registeel|Stealth Rock|p1a: Chansey
|-sidestart|p1: lil manaphy|move: Stealth Rock
|move|p1a: Chansey|Seismic Toss|p2a: Registeel
|-damage|p2a: Registeel|0 fnt
|faint|p2a: Registeel
|
|
|switch|p2a: Mamoswine|Mamoswine, M|180\/361
|-damage|p2a: Mamoswine|135\/361|[from] Stealth Rock
|turn|30
|
|switch|p1a: Keldeo-Resolute|Keldeo-Resolute|131\/323 tox
|-damage|p1a: Keldeo-Resolute|111\/323 tox|[from] Stealth Rock
|move|p2a: Mamoswine|Earthquake|p1a: Keldeo-Resolute
|-damage|p1a: Keldeo-Resolute|0 fnt
|-damage|p2a: Mamoswine|99\/361|[from] item: Life Orb
|faint|p1a: Keldeo-Resolute
|
|
|switch|p1a: Gardevoir|Gardevoir-Mega, M|277\/277
|-damage|p1a: Gardevoir|243\/277|[from] Stealth Rock
|turn|31
|
|move|p2a: Mamoswine|Ice Shard|p1a: Gardevoir
|-damage|p1a: Gardevoir|87\/277
|-damage|p2a: Mamoswine|63\/361|[from] item: Life Orb
|move|p1a: Gardevoir|Hyper Voice|p2a: Mamoswine
|-damage|p2a: Mamoswine|0 fnt
|faint|p2a: Mamoswine
|
|
|switch|p2a: Slowbro|Slowbro, M|340\/394 brn
|-damage|p2a: Slowbro|291\/394 brn|[from] Stealth Rock
|turn|32
|
|switch|p2a: Mandibuzz|Mandibuzz, F|113\/423 par
|-damage|p2a: Mandibuzz|8\/423 par|[from] Stealth Rock
|move|p1a: Gardevoir|Hyper Voice|p2a: Mandibuzz
|-supereffective|p2a: Mandibuzz
|-damage|p2a: Mandibuzz|0 fnt
|faint|p2a: Mandibuzz
|
|
|switch|p2a: Slowbro|Slowbro, M|394\/394 brn
|-damage|p2a: Slowbro|345\/394 brn|[from] Stealth Rock
|turn|33
|
|move|p1a: Gardevoir|Hyper Voice|p2a: Slowbro
|-damage|p2a: Slowbro|45\/394 brn
|move|p2a: Slowbro|Scald|p1a: Gardevoir
|-damage|p1a: Gardevoir|0 fnt
|faint|p1a: Gardevoir
|
|-heal|p2a: Slowbro|69\/394 brn|[from] item: Leftovers
|-damage|p2a: Slowbro|20\/394 brn|[from] brn
|
|switch|p1a: Chansey|Chansey, F|703\/703
|-damage|p1a: Chansey|616\/703|[from] Stealth Rock
|turn|34
|
|switch|p2a: Hydreigon|Hydreigon, M|292\/333
|-damage|p2a: Hydreigon|251\/333|[from] Stealth Rock
|move|p1a: Chansey|Seismic Toss|p2a: Hydreigon
|-damage|p2a: Hydreigon|151\/333
|
|turn|35
|
|move|p2a: Hydreigon|Focus Blast|p1a: Chansey
|-supereffective|p1a: Chansey
|-damage|p1a: Chansey|350\/703
|move|p1a: Chansey|Seismic Toss|p2a: Hydreigon
|-damage|p2a: Hydreigon|51\/333
|
|turn|36
|
|move|p2a: Hydreigon|Focus Blast|p1a: Chansey
|-supereffective|p1a: Chansey
|-damage|p1a: Chansey|44\/703
|move|p1a: Chansey|Seismic Toss|p2a: Hydreigon
|-damage|p2a: Hydreigon|0 fnt
|faint|p2a: Hydreigon
|
|leave|Will-I-am2
|player|p2
|-message|william2 lost due to inactivity.
|
|win|lil manaphy
|raw|Ladder updating...
|raw|lil manaphy's rating: 1796 &rarr; <strong>1819<\/strong><br \/>(+23 for winning)
|raw|Will-I-am2's rating: 1864 &rarr; <strong>1840<\/strong><br \/>(-24 for losing)
|leave|Sugar K Leonard
|leave|lil manaphy
|player|p1