|join|Will-I-am2
|join|CleanerThanRotom-W
|player|p1|Will-I-am2|169
|player|p2|CleanerThanRotom-W|226
|gametype|singles
|gen|6
|tier|OU
|rated
|clearpoke
|poke|p1|Registeel
|poke|p1|Mamoswine, M
|poke|p1|Hydreigon, M
|poke|p1|Slowbro, M
|poke|p1|Talonflame, M
|poke|p1|Mandibuzz, F
|poke|p2|Sableye, F
|poke|p2|Chansey, F
|poke|p2|Cresselia, F
|poke|p2|Gothitelle, M
|poke|p2|Skarmory, M
|poke|p2|Quagsire, M
|rule|Swagger Clause: Swagger is banned
|rule|Baton Pass Clause: Limit one PokÃ©mon knowing Baton Pass
|rule|Sleep Clause Mod: Limit one foe put to sleep
|rule|Species Clause: Limit one of each PokÃ©mon
|rule|OHKO Clause: OHKO moves are banned
|rule|Moody Clause: Moody is banned
|rule|Evasion Moves Clause: Evasion moves are banned
|rule|Endless Battle Clause: Forcing endless battles is banned
|rule|HP Percentage Mod: HP is shown in percentages
|teampreview
|
|start
|switch|p1a: Hydreigon|Hydreigon, M|333\/333
|switch|p2a: Cosine180|Sableye, F|303\/303
|turn|1
|
|detailschange|p2a: Cosine180|Sableye-Mega, F
|-mega|p2a: Cosine180|Sableye|Sablenite
|move|p2a: Cosine180|Will-O-Wisp|p1a: Hydreigon
|-status|p1a: Hydreigon|brn
|move|p1a: Hydreigon|Dark Pulse|p2a: Cosine180
|-damage|p2a: Cosine180|155\/303
|
|-damage|p1a: Hydreigon|292\/333 brn|[from] brn
|turn|2
|
|switch|p2a: wish killer|Chansey, F|703\/703
|move|p1a: Hydreigon|Dark Pulse|p2a: wish killer
|-damage|p2a: wish killer|556\/703
|
|-damage|p1a: Hydreigon|251\/333 brn|[from] brn
|turn|3
|
|switch|p1a: Mamoswine|Mamoswine, M|361\/361
|switch|p2a: Cosine180|Sableye-Mega, F|155\/303
|
|turn|4
|
|switch|p2a: Aka Trice|Skarmory, M|334\/334
|move|p1a: Mamoswine|Earthquake|p2a: Aka Trice
|-immune|p2a: Aka Trice|[msg]
|
|turn|5
|
|move|p1a: Mamoswine|Knock Off|p2a: Aka Trice
|-damage|p2a: Aka Trice|247\/334
|-damage|p1a: Mamoswine|301\/361|[from] item: Rocky Helmet|[of] p2a: Aka Trice
|-enditem|p2a: Aka Trice|Rocky Helmet|[from] move: Knock Off|[of] p1a: Mamoswine
|-damage|p1a: Mamoswine|265\/361|[from] item: Life Orb
|move|p2a: Aka Trice|Brave Bird|p1a: Mamoswine
|-damage|p1a: Mamoswine|151\/361
|-damage|p2a: Aka Trice|209\/334|[from] recoil|[of] p1a: Mamoswine
|
|turn|6
|
|move|p1a: Mamoswine|Icicle Crash|p2a: Aka Trice
|-damage|p2a: Aka Trice|80\/334
|-damage|p1a: Mamoswine|115\/361|[from] item: Life Orb
|move|p2a: Aka Trice|Roost|p2a: Aka Trice
|-heal|p2a: Aka Trice|247\/334
|
|turn|7
|
|switch|p1a: Talonflame|Talonflame, M|360\/360
|move|p2a: Aka Trice|Roost|p2a: Aka Trice
|-heal|p2a: Aka Trice|334\/334
|
|turn|8
|
|switch|p2a: Aka Lusty|Gothitelle, M|301\/301
|move|p1a: Talonflame|Will-O-Wisp|p2a: Aka Lusty
|-status|p2a: Aka Lusty|brn
|
|-damage|p2a: Aka Lusty|264\/301 brn|[from] brn
|turn|9
|
|move|p1a: Talonflame|Brave Bird|p2a: Aka Lusty
|-damage|p2a: Aka Lusty|147\/301 brn
|-damage|p1a: Talonflame|321\/360|[from] recoil|[of] p2a: Aka Lusty
|move|p2a: Aka Lusty|Trick|p1a: Talonflame
|-activate|p2a: Aka Lusty|move: Trick|[of] p1a: Talonflame
|-item|p1a: Talonflame|Choice Scarf|[from] move: Trick
|-item|p2a: Aka Lusty|Leftovers|[from] move: Trick
|
|-heal|p2a: Aka Lusty|165\/301 brn|[from] item: Leftovers
|-damage|p2a: Aka Lusty|128\/301 brn|[from] brn
|turn|10
|
|move|p1a: Talonflame|Brave Bird|p2a: Aka Lusty
|-damage|p2a: Aka Lusty|11\/301 brn
|-damage|p1a: Talonflame|282\/360|[from] recoil|[of] p2a: Aka Lusty
|move|p2a: Aka Lusty|Rest|p2a: Aka Lusty
|-status|p2a: Aka Lusty|slp
|-heal|p2a: Aka Lusty|301\/301 slp|[silent]
|-status|p2a: Aka Lusty|slp|[from] move: Rest
|
|turn|11
|
|switch|p2a: Aka Zenzo|Quagsire, M|393\/393
|move|p1a: Talonflame|Brave Bird|p2a: Aka Zenzo
|-damage|p2a: Aka Zenzo|290\/393
|-damage|p1a: Talonflame|248\/360|[from] recoil|[of] p2a: Aka Zenzo
|
|-heal|p2a: Aka Zenzo|314\/393|[from] item: Leftovers
|turn|12
|join|LUSTY LEDDIT
|c| LUSTY LEDDIT|GO WILL-I-
|c| LUSTY LEDDIT|o
|
|switch|p1a: Slowbro|Slowbro, M|394\/394
|move|p2a: Aka Zenzo|Toxic|p1a: Slowbro|[miss]
|-miss|p2a: Aka Zenzo|p1a: Slowbro
|
|-heal|p2a: Aka Zenzo|338\/393|[from] item: Leftovers
|turn|13
|c|âWill-I-am2|thanks
|c|âWill-I-am2|:)
|c| LUSTY LEDDIT|fren battle :)
|
|move|p2a: Aka Zenzo|Toxic|p1a: Slowbro
|-status|p1a: Slowbro|tox
|move|p1a: Slowbro|Scald|p2a: Aka Zenzo
|-damage|p2a: Aka Zenzo|161\/393
|
|-heal|p2a: Aka Zenzo|185\/393|[from] item: Leftovers
|-damage|p1a: Slowbro|370\/394 tox|[from] psn
|turn|14
|
|switch|p2a: wish killer|Chansey, F|556\/703
|move|p1a: Slowbro|Scald|p2a: wish killer
|-damage|p2a: wish killer|475\/703
|
|-heal|p1a: Slowbro|394\/394 tox|[from] item: Leftovers
|-damage|p1a: Slowbro|346\/394 tox|[from] psn
|turn|15
|join|Omegasization
|c| Omegasization|ah cleaner my hero
|c| Omegasization|here to ladder when im bored
|
|switch|p1a: Registeel|Registeel|364\/364
|move|p2a: wish killer|Soft-Boiled|p2a: wish killer
|-heal|p2a: wish killer|703\/703
|
|turn|16
|
|switch|p2a: Aka Trice|Skarmory, M|334\/334
|switch|p1a: Mamoswine|Mamoswine, M|115\/361
|
|turn|17
|
|switch|p1a: Mandibuzz|Mandibuzz, F|423\/423
|move|p2a: Aka Trice|Spikes|p1a: Mandibuzz
|-sidestart|p1: Will-I-am2|Spikes
|
|turn|18
|
|switch|p2a: Cosine180|Sableye-Mega, F|155\/303
|move|p1a: Mandibuzz|Defog|p2a: Cosine180
|move|p2a: Cosine180|Defog|p1a: Mandibuzz|[from]Magic Bounce
|-unboost|p1a: Mandibuzz|evasion|1
|-sideend|p1: Will-I-am2|Spikes|[from] move: Defog|[of] p1a: Mandibuzz
|
|turn|19
|
|switch|p1a: Slowbro|Slowbro, M|394\/394 tox
|move|p2a: Cosine180|Recover|p2a: Cosine180
|-heal|p2a: Cosine180|303\/303
|
|-damage|p1a: Slowbro|370\/394 tox|[from] psn
|turn|20
|c|âCleanerThanRotom-W|u wanna be named lusty leddit or aka leddit?
|
|switch|p2a: wish killer|Chansey, F|703\/703
|move|p1a: Slowbro|Scald|p2a: wish killer
|-damage|p2a: wish killer|622\/703
|
|-heal|p1a: Slowbro|394\/394 tox|[from] item: Leftovers
|-damage|p1a: Slowbro|346\/394 tox|[from] psn
|turn|21
|
|move|p2a: wish killer|Stealth Rock|p1a: Slowbro
|-sidestart|p1: Will-I-am2|move: Stealth Rock
|move|p1a: Slowbro|Scald|p2a: wish killer
|-damage|p2a: wish killer|532\/703
|
|-heal|p1a: Slowbro|370\/394 tox|[from] item: Leftovers
|-damage|p1a: Slowbro|298\/394 tox|[from] psn
|turn|22
|
|switch|p2a: Moon Duck|Cresselia, F|444\/444
|move|p1a: Slowbro|Scald|p2a: Moon Duck
|-damage|p2a: Moon Duck|354\/444
|-status|p2a: Moon Duck|brn
|
|-heal|p2a: Moon Duck|381\/444 brn|[from] item: Leftovers
|-heal|p1a: Slowbro|322\/394 tox|[from] item: Leftovers
|-damage|p2a: Moon Duck|326\/444 brn|[from] brn
|-damage|p1a: Slowbro|226\/394 tox|[from] psn
|turn|23
|join|JohnxYiu
|
|switch|p2a: wish killer|Chansey, F|532\/703
|switch|p1a: Registeel|Registeel|364\/364
|-damage|p1a: Registeel|342\/364|[from] Stealth Rock
|
|-heal|p1a: Registeel|364\/364|[from] item: Leftovers
|turn|24
|
|switch|p2a: Cosine180|Sableye-Mega, F|303\/303
|move|p1a: Registeel|Stealth Rock|p2a: Cosine180
|move|p2a: Cosine180|Stealth Rock|p1a: Registeel|[from]Magic Bounce
|-fail|p1a: Registeel
|
|turn|25
|
|switch|p1a: Mandibuzz|Mandibuzz, F|423\/423
|-damage|p1a: Mandibuzz|318\/423|[from] Stealth Rock
|move|p2a: Cosine180|Will-O-Wisp|p1a: Mandibuzz
|-status|p1a: Mandibuzz|brn
|
|-damage|p1a: Mandibuzz|266\/423 brn|[from] brn
|turn|26
|c| JohnxYiu|the name
|c| JohnxYiu|lol
|c|âCleanerThanRotom-W|quality users
|
|switch|p2a: wish killer|Chansey, F|532\/703
|move|p1a: Mandibuzz|Defog|p2a: wish killer
|-unboost|p2a: wish killer|evasion|1
|-sideend|p1: Will-I-am2|Stealth Rock|[from] move: Defog|[of] p1a: Mandibuzz
|
|-damage|p1a: Mandibuzz|214\/423 brn|[from] brn
|turn|27
|
|move|p1a: Mandibuzz|Roost|p1a: Mandibuzz
|-heal|p1a: Mandibuzz|423\/423 brn
|move|p2a: wish killer|Heal Bell|p2a: wish killer
|-cureteam|p2a: wish killer|[from] move: HealBell
|
|-damage|p1a: Mandibuzz|371\/423 brn|[from] brn
|turn|28
|
|move|p1a: Mandibuzz|Toxic|p2a: wish killer
|-status|p2a: wish killer|tox
|move|p2a: wish killer|Stealth Rock|p1a: Mandibuzz
|-sidestart|p1: Will-I-am2|move: Stealth Rock
|
|-damage|p1a: Mandibuzz|319\/423 brn|[from] brn
|-damage|p2a: wish killer|489\/703 tox|[from] psn
|turn|29
|
|switch|p2a: Aka Lusty|Gothitelle, M|301\/301
|move|p1a: Mandibuzz|Defog|p2a: Aka Lusty
|-unboost|p2a: Aka Lusty|evasion|1
|-sideend|p1: Will-I-am2|Stealth Rock|[from] move: Defog|[of] p1a: Mandibuzz
|
|-damage|p1a: Mandibuzz|267\/423 brn|[from] brn
|turn|30
|
|move|p2a: Aka Lusty|Calm Mind|p2a: Aka Lusty
|-boost|p2a: Aka Lusty|spa|1
|-boost|p2a: Aka Lusty|spd|1
|move|p1a: Mandibuzz|Toxic|p2a: Aka Lusty
|-status|p2a: Aka Lusty|tox
|
|-damage|p2a: Aka Lusty|283\/301 tox|[from] psn
|-damage|p1a: Mandibuzz|215\/423 brn|[from] brn
|turn|31
|
|move|p2a: Aka Lusty|Rest|p2a: Aka Lusty
|-status|p2a: Aka Lusty|slp
|-heal|p2a: Aka Lusty|301\/301 slp|[silent]
|-status|p2a: Aka Lusty|slp|[from] move: Rest
|move|p1a: Mandibuzz|Roost|p1a: Mandibuzz
|-heal|p1a: Mandibuzz|423\/423 brn
|
|-damage|p1a: Mandibuzz|371\/423 brn|[from] brn
|turn|32
|
|cant|p2a: Aka Lusty|slp
|move|p1a: Mandibuzz|Foul Play|p2a: Aka Lusty
|-supereffective|p2a: Aka Lusty
|-damage|p2a: Aka Lusty|247\/301 slp
|
|-heal|p2a: Aka Lusty|265\/301 slp|[from] item: Leftovers
|-damage|p1a: Mandibuzz|319\/423 brn|[from] brn
|turn|33
|
|cant|p2a: Aka Lusty|slp
|move|p1a: Mandibuzz|Foul Play|p2a: Aka Lusty
|-supereffective|p2a: Aka Lusty
|-damage|p2a: Aka Lusty|215\/301 slp
|
|-heal|p2a: Aka Lusty|233\/301 slp|[from] item: Leftovers
|-damage|p1a: Mandibuzz|267\/423 brn|[from] brn
|turn|34
|join|Cienight
|
|-curestatus|p2a: Aka Lusty|slp
|move|p2a: Aka Lusty|Calm Mind|p2a: Aka Lusty
|-boost|p2a: Aka Lusty|spa|1
|-boost|p2a: Aka Lusty|spd|1
|move|p1a: Mandibuzz|Roost|p1a: Mandibuzz
|-heal|p1a: Mandibuzz|423\/423 brn
|
|-heal|p2a: Aka Lusty|251\/301|[from] item: Leftovers
|-damage|p1a: Mandibuzz|371\/423 brn|[from] brn
|turn|35
|
|move|p2a: Aka Lusty|Rest|p2a: Aka Lusty
|-status|p2a: Aka Lusty|slp
|-heal|p2a: Aka Lusty|301\/301 slp|[silent]
|-status|p2a: Aka Lusty|slp|[from] move: Rest
|move|p1a: Mandibuzz|Foul Play|p2a: Aka Lusty
|-supereffective|p2a: Aka Lusty
|-damage|p2a: Aka Lusty|247\/301 slp
|
|-heal|p2a: Aka Lusty|265\/301 slp|[from] item: Leftovers
|-damage|p1a: Mandibuzz|319\/423 brn|[from] brn
|turn|36
|
|cant|p2a: Aka Lusty|slp
|move|p1a: Mandibuzz|Foul Play|p2a: Aka Lusty
|-crit|p2a: Aka Lusty
|-supereffective|p2a: Aka Lusty
|-damage|p2a: Aka Lusty|193\/301 slp
|
|-heal|p2a: Aka Lusty|211\/301 slp|[from] item: Leftovers
|-damage|p1a: Mandibuzz|267\/423 brn|[from] brn
|turn|37
|join|Panda Problems
|
|cant|p2a: Aka Lusty|slp
|move|p1a: Mandibuzz|Roost|p1a: Mandibuzz
|-heal|p1a: Mandibuzz|423\/423 brn
|
|-heal|p2a: Aka Lusty|229\/301 slp|[from] item: Leftovers
|-damage|p1a: Mandibuzz|371\/423 brn|[from] brn
|turn|38
|
|-curestatus|p2a: Aka Lusty|slp
|move|p2a: Aka Lusty|Rest|p2a: Aka Lusty
|-status|p2a: Aka Lusty|slp
|-heal|p2a: Aka Lusty|301\/301 slp|[silent]
|-status|p2a: Aka Lusty|slp|[from] move: Rest
|move|p1a: Mandibuzz|Foul Play|p2a: Aka Lusty
|-supereffective|p2a: Aka Lusty
|-damage|p2a: Aka Lusty|251\/301 slp
|
|-heal|p2a: Aka Lusty|269\/301 slp|[from] item: Leftovers
|-damage|p1a: Mandibuzz|319\/423 brn|[from] brn
|turn|39
|leave|Panda Problems
|join|DennisEG
|
|cant|p2a: Aka Lusty|slp
|move|p1a: Mandibuzz|Foul Play|p2a: Aka Lusty
|-supereffective|p2a: Aka Lusty
|-damage|p2a: Aka Lusty|219\/301 slp
|
|-heal|p2a: Aka Lusty|237\/301 slp|[from] item: Leftovers
|-damage|p1a: Mandibuzz|267\/423 brn|[from] brn
|turn|40
|
|cant|p2a: Aka Lusty|slp
|move|p1a: Mandibuzz|Roost|p1a: Mandibuzz
|-heal|p1a: Mandibuzz|423\/423 brn
|
|-heal|p2a: Aka Lusty|255\/301 slp|[from] item: Leftovers
|-damage|p1a: Mandibuzz|371\/423 brn|[from] brn
|turn|41
|
|-curestatus|p2a: Aka Lusty|slp
|move|p2a: Aka Lusty|Calm Mind|p2a: Aka Lusty
|-boost|p2a: Aka Lusty|spa|1
|-boost|p2a: Aka Lusty|spd|1
|move|p1a: Mandibuzz|Foul Play|p2a: Aka Lusty
|-supereffective|p2a: Aka Lusty
|-damage|p2a: Aka Lusty|201\/301
|
|-heal|p2a: Aka Lusty|219\/301|[from] item: Leftovers
|-damage|p1a: Mandibuzz|319\/423 brn|[from] brn
|turn|42
|
|move|p2a: Aka Lusty|Rest|p2a: Aka Lusty
|-status|p2a: Aka Lusty|slp
|-heal|p2a: Aka Lusty|301\/301 slp|[silent]
|-status|p2a: Aka Lusty|slp|[from] move: Rest
|move|p1a: Mandibuzz|Foul Play|p2a: Aka Lusty
|-supereffective|p2a: Aka Lusty
|-damage|p2a: Aka Lusty|247\/301 slp
|
|-heal|p2a: Aka Lusty|265\/301 slp|[from] item: Leftovers
|-damage|p1a: Mandibuzz|267\/423 brn|[from] brn
|turn|43
|
|cant|p2a: Aka Lusty|slp
|move|p1a: Mandibuzz|Roost|p1a: Mandibuzz
|-heal|p1a: Mandibuzz|423\/423 brn
|
|-heal|p2a: Aka Lusty|283\/301 slp|[from] item: Leftovers
|-damage|p1a: Mandibuzz|371\/423 brn|[from] brn
|turn|44
|
|cant|p2a: Aka Lusty|slp
|move|p1a: Mandibuzz|Foul Play|p2a: Aka Lusty
|-supereffective|p2a: Aka Lusty
|-damage|p2a: Aka Lusty|235\/301 slp
|
|-heal|p2a: Aka Lusty|253\/301 slp|[from] item: Leftovers
|-damage|p1a: Mandibuzz|319\/423 brn|[from] brn
|turn|45
|
|-curestatus|p2a: Aka Lusty|slp
|move|p2a: Aka Lusty|Rest|p2a: Aka Lusty
|-status|p2a: Aka Lusty|slp
|-heal|p2a: Aka Lusty|301\/301 slp|[silent]
|-status|p2a: Aka Lusty|slp|[from] move: Rest
|move|p1a: Mandibuzz|Foul Play|p2a: Aka Lusty
|-supereffective|p2a: Aka Lusty
|-damage|p2a: Aka Lusty|253\/301 slp
|
|-heal|p2a: Aka Lusty|271\/301 slp|[from] item: Leftovers
|-damage|p1a: Mandibuzz|267\/423 brn|[from] brn
|turn|46
|
|cant|p2a: Aka Lusty|slp
|move|p1a: Mandibuzz|Roost|p1a: Mandibuzz
|-heal|p1a: Mandibuzz|423\/423 brn
|
|-heal|p2a: Aka Lusty|289\/301 slp|[from] item: Leftovers
|-damage|p1a: Mandibuzz|371\/423 brn|[from] brn
|turn|47
|
|cant|p2a: Aka Lusty|slp
|move|p1a: Mandibuzz|Foul Play|p2a: Aka Lusty
|-supereffective|p2a: Aka Lusty
|-damage|p2a: Aka Lusty|235\/301 slp
|
|-heal|p2a: Aka Lusty|253\/301 slp|[from] item: Leftovers
|-damage|p1a: Mandibuzz|319\/423 brn|[from] brn
|turn|48
|
|-curestatus|p2a: Aka Lusty|slp
|move|p2a: Aka Lusty|Calm Mind|p2a: Aka Lusty
|-boost|p2a: Aka Lusty|spa|1
|-boost|p2a: Aka Lusty|spd|1
|move|p1a: Mandibuzz|Foul Play|p2a: Aka Lusty
|-supereffective|p2a: Aka Lusty
|-damage|p2a: Aka Lusty|199\/301
|
|-heal|p2a: Aka Lusty|217\/301|[from] item: Leftovers
|-damage|p1a: Mandibuzz|267\/423 brn|[from] brn
|turn|49
|join|I'm Bi...sharp
|
|move|p2a: Aka Lusty|Calm Mind|p2a: Aka Lusty
|-boost|p2a: Aka Lusty|spa|1
|-boost|p2a: Aka Lusty|spd|1
|move|p1a: Mandibuzz|Roost|p1a: Mandibuzz
|-heal|p1a: Mandibuzz|423\/423 brn
|
|-heal|p2a: Aka Lusty|235\/301|[from] item: Leftovers
|-damage|p1a: Mandibuzz|371\/423 brn|[from] brn
|turn|50
|
|move|p2a: Aka Lusty|Calm Mind|p2a: Aka Lusty
|-boost|p2a: Aka Lusty|spa|1
|-boost|p2a: Aka Lusty|spd|1
|move|p1a: Mandibuzz|Foul Play|p2a: Aka Lusty
|-supereffective|p2a: Aka Lusty
|-damage|p2a: Aka Lusty|181\/301
|
|-heal|p2a: Aka Lusty|199\/301|[from] item: Leftovers
|-damage|p1a: Mandibuzz|319\/423 brn|[from] brn
|turn|51
|c| LUSTY LEDDIT|,
|join|killar45
|
|move|p2a: Aka Lusty|Calm Mind|p2a: Aka Lusty
|-fail|p2a: Aka Lusty
|move|p1a: Mandibuzz|Foul Play|p2a: Aka Lusty
|-supereffective|p2a: Aka Lusty
|-damage|p2a: Aka Lusty|151\/301
|
|-heal|p2a: Aka Lusty|169\/301|[from] item: Leftovers
|-damage|p1a: Mandibuzz|267\/423 brn|[from] brn
|turn|52
|
|move|p2a: Aka Lusty|Calm Mind|p2a: Aka Lusty
|-fail|p2a: Aka Lusty
|move|p1a: Mandibuzz|Roost|p1a: Mandibuzz
|-heal|p1a: Mandibuzz|423\/423 brn
|
|-heal|p2a: Aka Lusty|187\/301|[from] item: Leftovers
|-damage|p1a: Mandibuzz|371\/423 brn|[from] brn
|turn|53
|
|move|p2a: Aka Lusty|Calm Mind|p2a: Aka Lusty
|-fail|p2a: Aka Lusty
|move|p1a: Mandibuzz|Foul Play|p2a: Aka Lusty
|-supereffective|p2a: Aka Lusty
|-damage|p2a: Aka Lusty|137\/301
|
|-heal|p2a: Aka Lusty|155\/301|[from] item: Leftovers
|-damage|p1a: Mandibuzz|319\/423 brn|[from] brn
|turn|54
|
|move|p2a: Aka Lusty|Calm Mind|p2a: Aka Lusty
|-fail|p2a: Aka Lusty
|move|p1a: Mandibuzz|Foul Play|p2a: Aka Lusty
|-supereffective|p2a: Aka Lusty
|-damage|p2a: Aka Lusty|101\/301
|
|-heal|p2a: Aka Lusty|119\/301|[from] item: Leftovers
|-damage|p1a: Mandibuzz|267\/423 brn|[from] brn
|turn|55
|
|move|p2a: Aka Lusty|Calm Mind|p2a: Aka Lusty
|-fail|p2a: Aka Lusty
|move|p1a: Mandibuzz|Foul Play|p2a: Aka Lusty
|-supereffective|p2a: Aka Lusty
|-damage|p2a: Aka Lusty|71\/301
|
|-heal|p2a: Aka Lusty|89\/301|[from] item: Leftovers
|-damage|p1a: Mandibuzz|215\/423 brn|[from] brn
|turn|56
|
|move|p2a: Aka Lusty|Rest|p2a: Aka Lusty
|-status|p2a: Aka Lusty|slp
|-heal|p2a: Aka Lusty|301\/301 slp|[silent]
|-status|p2a: Aka Lusty|slp|[from] move: Rest
|move|p1a: Mandibuzz|Roost|p1a: Mandibuzz
|-heal|p1a: Mandibuzz|423\/423 brn
|
|-damage|p1a: Mandibuzz|371\/423 brn|[from] brn
|turn|57
|
|cant|p2a: Aka Lusty|slp
|move|p1a: Mandibuzz|Foul Play|p2a: Aka Lusty
|-supereffective|p2a: Aka Lusty
|-damage|p2a: Aka Lusty|247\/301 slp
|
|-heal|p2a: Aka Lusty|265\/301 slp|[from] item: Leftovers
|-damage|p1a: Mandibuzz|319\/423 brn|[from] brn
|turn|58
|
|cant|p2a: Aka Lusty|slp
|move|p1a: Mandibuzz|Foul Play|p2a: Aka Lusty
|-supereffective|p2a: Aka Lusty
|-damage|p2a: Aka Lusty|215\/301 slp
|
|-heal|p2a: Aka Lusty|233\/301 slp|[from] item: Leftovers
|-damage|p1a: Mandibuzz|267\/423 brn|[from] brn
|turn|59
|
|-curestatus|p2a: Aka Lusty|slp
|move|p2a: Aka Lusty|Calm Mind|p2a: Aka Lusty
|-fail|p2a: Aka Lusty
|move|p1a: Mandibuzz|Defog|p2a: Aka Lusty
|-unboost|p2a: Aka Lusty|evasion|1
|
|-heal|p2a: Aka Lusty|251\/301|[from] item: Leftovers
|-damage|p1a: Mandibuzz|215\/423 brn|[from] brn
|turn|60
|
|move|p2a: Aka Lusty|Calm Mind|p2a: Aka Lusty
|-fail|p2a: Aka Lusty
|move|p1a: Mandibuzz|Roost|p1a: Mandibuzz
|-heal|p1a: Mandibuzz|423\/423 brn
|
|-heal|p2a: Aka Lusty|269\/301|[from] item: Leftovers
|-damage|p1a: Mandibuzz|371\/423 brn|[from] brn
|turn|61
|
|move|p2a: Aka Lusty|Rest|p2a: Aka Lusty
|-status|p2a: Aka Lusty|slp
|-heal|p2a: Aka Lusty|301\/301 slp|[silent]
|-status|p2a: Aka Lusty|slp|[from] move: Rest
|move|p1a: Mandibuzz|Defog|p2a: Aka Lusty
|-unboost|p2a: Aka Lusty|evasion|1
|
|-damage|p1a: Mandibuzz|319\/423 brn|[from] brn
|turn|62
|
|cant|p2a: Aka Lusty|slp
|move|p1a: Mandibuzz|Defog|p2a: Aka Lusty
|-unboost|p2a: Aka Lusty|evasion|1
|
|-damage|p1a: Mandibuzz|267\/423 brn|[from] brn
|turn|63
|
|cant|p2a: Aka Lusty|slp
|move|p1a: Mandibuzz|Defog|p2a: Aka Lusty
|-unboost|p2a: Aka Lusty|evasion|1
|
|-damage|p1a: Mandibuzz|215\/423 brn|[from] brn
|turn|64
|
|-curestatus|p2a: Aka Lusty|slp
|move|p2a: Aka Lusty|Calm Mind|p2a: Aka Lusty
|-fail|p2a: Aka Lusty
|move|p1a: Mandibuzz|Roost|p1a: Mandibuzz
|-heal|p1a: Mandibuzz|423\/423 brn
|
|-damage|p1a: Mandibuzz|371\/423 brn|[from] brn
|turn|65
|
|move|p2a: Aka Lusty|Calm Mind|p2a: Aka Lusty
|-fail|p2a: Aka Lusty
|move|p1a: Mandibuzz|Defog|p2a: Aka Lusty
|-unboost|p2a: Aka Lusty|evasion|1
|
|-damage|p1a: Mandibuzz|319\/423 brn|[from] brn
|turn|66
|
|move|p2a: Aka Lusty|Calm Mind|p2a: Aka Lusty
|-fail|p2a: Aka Lusty
|move|p1a: Mandibuzz|Defog|p2a: Aka Lusty
|
|-damage|p1a: Mandibuzz|267\/423 brn|[from] brn
|turn|67
|
|move|p2a: Aka Lusty|Calm Mind|p2a: Aka Lusty
|-fail|p2a: Aka Lusty
|move|p1a: Mandibuzz|Defog|p2a: Aka Lusty
|
|-damage|p1a: Mandibuzz|215\/423 brn|[from] brn
|turn|68
|
|move|p2a: Aka Lusty|Calm Mind|p2a: Aka Lusty
|-fail|p2a: Aka Lusty
|move|p1a: Mandibuzz|Roost|p1a: Mandibuzz
|-heal|p1a: Mandibuzz|423\/423 brn
|
|-damage|p1a: Mandibuzz|371\/423 brn|[from] brn
|turn|69
|c| LUSTY LEDDIT|fucking shit internet
|c| LUSTY LEDDIT|..
|
|move|p2a: Aka Lusty|Psychic|p1a: Mandibuzz
|-immune|p1a: Mandibuzz|[msg]
|move|p1a: Mandibuzz|Defog|p2a: Aka Lusty
|
|-damage|p1a: Mandibuzz|319\/423 brn|[from] brn
|turn|70
|
|move|p2a: Aka Lusty|Trick|p1a: Mandibuzz
|-activate|p2a: Aka Lusty|move: Trick|[of] p1a: Mandibuzz
|-item|p1a: Mandibuzz|Leftovers|[from] move: Trick
|-item|p2a: Aka Lusty|Rocky Helmet|[from] move: Trick
|move|p1a: Mandibuzz|Defog|p2a: Aka Lusty
|
|-heal|p1a: Mandibuzz|345\/423 brn|[from] item: Leftovers
|-damage|p1a: Mandibuzz|293\/423 brn|[from] brn
|turn|71
|
|move|p2a: Aka Lusty|Trick|p1a: Mandibuzz
|-activate|p2a: Aka Lusty|move: Trick|[of] p1a: Mandibuzz
|-item|p1a: Mandibuzz|Rocky Helmet|[from] move: Trick
|-item|p2a: Aka Lusty|Leftovers|[from] move: Trick
|move|p1a: Mandibuzz|Toxic|p2a: Aka Lusty
|-status|p2a: Aka Lusty|tox
|
|-damage|p2a: Aka Lusty|283\/301 tox|[from] psn
|-damage|p1a: Mandibuzz|241\/423 brn|[from] brn
|turn|72
|leave|Omegasization
|
|move|p2a: Aka Lusty|Rest|p2a: Aka Lusty
|-status|p2a: Aka Lusty|slp
|-heal|p2a: Aka Lusty|301\/301 slp|[silent]
|-status|p2a: Aka Lusty|slp|[from] move: Rest
|move|p1a: Mandibuzz|Defog|p2a: Aka Lusty
|
|-damage|p1a: Mandibuzz|189\/423 brn|[from] brn
|turn|73
|c| killar45|lol this game
|
|cant|p2a: Aka Lusty|slp
|move|p1a: Mandibuzz|Roost|p1a: Mandibuzz
|-heal|p1a: Mandibuzz|401\/423 brn
|
|-damage|p1a: Mandibuzz|349\/423 brn|[from] brn
|turn|74
|
|cant|p2a: Aka Lusty|slp
|move|p1a: Mandibuzz|Defog|p2a: Aka Lusty
|
|-damage|p1a: Mandibuzz|297\/423 brn|[from] brn
|turn|75
|
|-curestatus|p2a: Aka Lusty|slp
|move|p2a: Aka Lusty|Calm Mind|p2a: Aka Lusty
|-fail|p2a: Aka Lusty
|move|p1a: Mandibuzz|Defog|p2a: Aka Lusty
|
|-damage|p1a: Mandibuzz|245\/423 brn|[from] brn
|turn|76
|
|move|p2a: Aka Lusty|Psychic|p1a: Mandibuzz
|-immune|p1a: Mandibuzz|[msg]
|move|p1a: Mandibuzz|Toxic|p2a: Aka Lusty
|-status|p2a: Aka Lusty|tox
|
|-damage|p2a: Aka Lusty|283\/301 tox|[from] psn
|-damage|p1a: Mandibuzz|193\/423 brn|[from] brn
|turn|77
|
|move|p2a: Aka Lusty|Rest|p2a: Aka Lusty
|-status|p2a: Aka Lusty|slp
|-heal|p2a: Aka Lusty|301\/301 slp|[silent]
|-status|p2a: Aka Lusty|slp|[from] move: Rest
|move|p1a: Mandibuzz|Roost|p1a: Mandibuzz
|-heal|p1a: Mandibuzz|405\/423 brn
|
|-damage|p1a: Mandibuzz|353\/423 brn|[from] brn
|turn|78
|
|cant|p2a: Aka Lusty|slp
|move|p1a: Mandibuzz|Defog|p2a: Aka Lusty
|
|-damage|p1a: Mandibuzz|301\/423 brn|[from] brn
|turn|79
|
|cant|p2a: Aka Lusty|slp
|move|p1a: Mandibuzz|Defog|p2a: Aka Lusty
|
|-damage|p1a: Mandibuzz|249\/423 brn|[from] brn
|turn|80
|
|-curestatus|p2a: Aka Lusty|slp
|move|p2a: Aka Lusty|Calm Mind|p2a: Aka Lusty
|-fail|p2a: Aka Lusty
|move|p1a: Mandibuzz|Toxic|p2a: Aka Lusty
|-status|p2a: Aka Lusty|tox
|
|-damage|p2a: Aka Lusty|283\/301 tox|[from] psn
|-damage|p1a: Mandibuzz|197\/423 brn|[from] brn
|turn|81
|leave|killar45
|
|move|p2a: Aka Lusty|Rest|p2a: Aka Lusty
|-status|p2a: Aka Lusty|slp
|-heal|p2a: Aka Lusty|301\/301 slp|[silent]
|-status|p2a: Aka Lusty|slp|[from] move: Rest
|move|p1a: Mandibuzz|Roost|p1a: Mandibuzz
|-heal|p1a: Mandibuzz|409\/423 brn
|
|-damage|p1a: Mandibuzz|357\/423 brn|[from] brn
|turn|82
|
|cant|p2a: Aka Lusty|slp
|move|p1a: Mandibuzz|Foul Play|p2a: Aka Lusty
|-supereffective|p2a: Aka Lusty
|-damage|p2a: Aka Lusty|253\/301 slp
|
|-heal|p2a: Aka Lusty|271\/301 slp|[from] item: Leftovers
|-damage|p1a: Mandibuzz|305\/423 brn|[from] brn
|turn|83
|
|cant|p2a: Aka Lusty|slp
|move|p1a: Mandibuzz|Foul Play|p2a: Aka Lusty
|-supereffective|p2a: Aka Lusty
|-damage|p2a: Aka Lusty|223\/301 slp
|
|-heal|p2a: Aka Lusty|241\/301 slp|[from] item: Leftovers
|-damage|p1a: Mandibuzz|253\/423 brn|[from] brn
|turn|84
|
|-curestatus|p2a: Aka Lusty|slp
|move|p2a: Aka Lusty|Calm Mind|p2a: Aka Lusty
|-fail|p2a: Aka Lusty
|move|p1a: Mandibuzz|Toxic|p2a: Aka Lusty
|-status|p2a: Aka Lusty|tox
|
|-heal|p2a: Aka Lusty|259\/301 tox|[from] item: Leftovers
|-damage|p2a: Aka Lusty|241\/301 tox|[from] psn
|-damage|p1a: Mandibuzz|201\/423 brn|[from] brn
|turn|85
|
|move|p2a: Aka Lusty|Rest|p2a: Aka Lusty
|-status|p2a: Aka Lusty|slp
|-heal|p2a: Aka Lusty|301\/301 slp|[silent]
|-status|p2a: Aka Lusty|slp|[from] move: Rest
|move|p1a: Mandibuzz|Foul Play|p2a: Aka Lusty
|-supereffective|p2a: Aka Lusty
|-damage|p2a: Aka Lusty|247\/301 slp
|
|-heal|p2a: Aka Lusty|265\/301 slp|[from] item: Leftovers
|-damage|p1a: Mandibuzz|149\/423 brn|[from] brn
|turn|86
|c| LUSTY LEDDIT|âCleanerThanRotom-W: u wanna be named lusty leddit or aka leddit?
|
|cant|p2a: Aka Lusty|slp
|move|p1a: Mandibuzz|Foul Play|p2a: Aka Lusty
|-supereffective|p2a: Aka Lusty
|-damage|p2a: Aka Lusty|211\/301 slp
|
|-heal|p2a: Aka Lusty|229\/301 slp|[from] item: Leftovers
|-damage|p1a: Mandibuzz|97\/423 brn|[from] brn
|turn|87
|c| LUSTY LEDDIT|my internet was a shit so i just saw this,,,
|c| LUSTY LEDDIT|lusty imo
|c|âCleanerThanRotom-W|ok
|
|cant|p2a: Aka Lusty|slp
|move|p1a: Mandibuzz|Toxic|p2a: Aka Lusty
|-fail|p2a: Aka Lusty
|
|-heal|p2a: Aka Lusty|247\/301 slp|[from] item: Leftovers
|-damage|p1a: Mandibuzz|45\/423 brn|[from] brn
|turn|88
|
|switch|p2a: Aka Trice|Skarmory, M|334\/334
|move|p1a: Mandibuzz|Toxic|p2a: Aka Trice
|-fail|p2a: Aka Trice
|
|-damage|p1a: Mandibuzz|0 fnt|[from] brn
|faint|p1a: Mandibuzz
|join|Praj.pran
|
|switch|p1a: Slowbro|Slowbro, M|357\/394 tox
|turn|89
|c| LUSTY LEDDIT|n_n
|
|switch|p2a: wish killer|Chansey, F|489\/703
|move|p1a: Slowbro|Scald|p2a: wish killer
|-damage|p2a: wish killer|408\/703
|
|-heal|p1a: Slowbro|381\/394 tox|[from] item: Leftovers
|-damage|p1a: Slowbro|357\/394 tox|[from] psn
|turn|90
|
|switch|p1a: Mamoswine|Mamoswine, M|115\/361
|move|p2a: wish killer|Soft-Boiled|p2a: wish killer
|-heal|p2a: wish killer|703\/703
|
|turn|91
|
|switch|p2a: Aka Trice|Skarmory, M|334\/334
|move|p1a: Mamoswine|Icicle Crash|p2a: Aka Trice
|-damage|p2a: Aka Trice|200\/334
|-damage|p1a: Mamoswine|79\/361|[from] item: Life Orb
|
|turn|92
|
|move|p1a: Mamoswine|Icicle Crash|p2a: Aka Trice
|-damage|p2a: Aka Trice|86\/334
|-damage|p1a: Mamoswine|43\/361|[from] item: Life Orb
|move|p2a: Aka Trice|Roost|p2a: Aka Trice
|-heal|p2a: Aka Trice|253\/334
|
|turn|93
|
|move|p1a: Mamoswine|Icicle Crash|p2a: Aka Trice
|-damage|p2a: Aka Trice|132\/334
|-damage|p1a: Mamoswine|7\/361|[from] item: Life Orb
|cant|p2a: Aka Trice|flinch
|
|turn|94
|
|move|p1a: Mamoswine|Icicle Crash|p2a: Aka Trice
|-damage|p2a: Aka Trice|10\/334
|-damage|p1a: Mamoswine|0 fnt|[from] item: Life Orb
|faint|p1a: Mamoswine
|move|p2a: Aka Trice|Roost|p2a: Aka Trice
|-heal|p2a: Aka Trice|177\/334
|
|
|switch|p1a: Hydreigon|Hydreigon, M|251\/333 brn
|turn|95
|
|switch|p2a: wish killer|Chansey, F|703\/703
|move|p1a: Hydreigon|Focus Blast|p2a: wish killer
|-supereffective|p2a: wish killer
|-damage|p2a: wish killer|395\/703
|-unboost|p2a: wish killer|spd|1
|
|-damage|p1a: Hydreigon|210\/333 brn|[from] brn
|turn|96
|
|switch|p2a: Cosine180|Sableye-Mega, F|303\/303
|move|p1a: Hydreigon|Focus Blast|p2a: Cosine180
|-immune|p2a: Cosine180|[msg]
|
|-damage|p1a: Hydreigon|169\/333 brn|[from] brn
|turn|97
|leave|Will-I-am2
|player|p1
|c| Praj.pran|lol
|join|bloons4dayz
|c| LUSTY LEDDIT|noooo
|c| LUSTY LEDDIT|;-;
|c| LUSTY LEDDIT|rip ladder hero
|leave|bloons4dayz
|join|bloons4dayz
|leave|bloons4dayz
|-message|william2 lost due to inactivity.
|
|win|CleanerThanRotom-W
|raw|Ladder updating...
|join|Ez Thunder$Ladd
|raw|Will-I-am2's rating: 1902 &rarr; <strong>1876<\/strong><br \/>(-26 for losing)
|raw|CleanerThanRotom-W's rating: 1789 &rarr; <strong>1815<\/strong><br \/>(+26 for winning)
|leave|JohnxYiu