|join|Will-I-am2
|join|QTâBugi
|player|p1|Will-I-am2|266
|player|p2|QTâBugi|279
|gametype|singles
|gen|6
|tier|OU
|rated
|clearpoke
|poke|p1|Registeel
|poke|p1|Mamoswine, F
|poke|p1|Hydreigon, F
|poke|p1|Slowbro, F
|poke|p1|Talonflame, M
|poke|p1|Mandibuzz, F
|poke|p2|Diggersby, M, shiny
|poke|p2|Crobat, M, shiny
|poke|p2|Blastoise, M
|poke|p2|Bisharp, M
|poke|p2|Medicham, M, shiny
|poke|p2|Sylveon, F
|rule|Swagger Clause: Swagger is banned
|rule|Baton Pass Clause: Limit one PokÃ©mon knowing Baton Pass
|rule|Sleep Clause Mod: Limit one foe put to sleep
|rule|Species Clause: Limit one of each PokÃ©mon
|rule|OHKO Clause: OHKO moves are banned
|rule|Moody Clause: Moody is banned
|rule|Evasion Moves Clause: Evasion moves are banned
|rule|Endless Battle Clause: Forcing endless battles is banned
|rule|HP Percentage Mod: HP is shown in percentages
|teampreview
|
|start
|switch|p1a: Mamoswine|Mamoswine, F|361\/361
|switch|p2a: Blastoise|Blastoise, M|362\/362
|turn|1
|
|switch|p1a: Hydreigon|Hydreigon, F|333\/333
|move|p2a: Blastoise|Scald|p1a: Hydreigon
|-resisted|p1a: Hydreigon
|-damage|p1a: Hydreigon|291\/333
|
|turn|2
|
|switch|p2a: Sylveon|Sylveon, F|394\/394
|move|p1a: Hydreigon|Dark Pulse|p2a: Sylveon
|-resisted|p2a: Sylveon
|-damage|p2a: Sylveon|304\/394
|
|-heal|p2a: Sylveon|328\/394|[from] item: Leftovers
|turn|3
|
|switch|p1a: Registeel|Registeel|364\/364
|switch|p2a: Crobat|Crobat, M, shiny|374\/374
|
|turn|4
|
|move|p2a: Crobat|Taunt|p1a: Registeel
|-start|p1a: Registeel|move: Taunt
|move|p1a: Registeel|Seismic Toss|p2a: Crobat
|-damage|p2a: Crobat|274\/374
|
|-heal|p2a: Crobat|297\/374|[from] item: Black Sludge
|turn|5
|
|move|p2a: Crobat|Super Fang|p1a: Registeel
|-damage|p1a: Registeel|182\/364
|move|p1a: Registeel|Seismic Toss|p2a: Crobat
|-damage|p2a: Crobat|197\/374
|
|-heal|p2a: Crobat|220\/374|[from] item: Black Sludge
|-heal|p1a: Registeel|204\/364|[from] item: Leftovers
|turn|6
|
|switch|p1a: Mandibuzz|Mandibuzz, F|423\/423
|move|p2a: Crobat|Hypnosis|p1a: Mandibuzz
|-status|p1a: Mandibuzz|slp
|
|-heal|p2a: Crobat|243\/374|[from] item: Black Sludge
|turn|7
|
|move|p2a: Crobat|Super Fang|p1a: Mandibuzz
|-damage|p1a: Mandibuzz|212\/423 slp
|-damage|p2a: Crobat|181\/374|[from] item: Rocky Helmet|[of] p1a: Mandibuzz
|cant|p1a: Mandibuzz|slp
|
|-heal|p2a: Crobat|204\/374|[from] item: Black Sludge
|turn|8
|
|switch|p2a: Medicham|Medicham, M, shiny|261\/261
|cant|p1a: Mandibuzz|slp
|
|turn|9
|
|detailschange|p2a: Medicham|Medicham-Mega, M, shiny
|-mega|p2a: Medicham|Medicham|Medichamite
|move|p2a: Medicham|High Jump Kick|p1a: Mandibuzz
|-damage|p1a: Mandibuzz|0 fnt
|-damage|p2a: Medicham|218\/261|[from] item: Rocky Helmet|[of] p1a: Mandibuzz
|faint|p1a: Mandibuzz
|
|
|switch|p1a: Slowbro|Slowbro, F|394\/394
|turn|10
|
|switch|p2a: Blastoise|Blastoise, M|362\/362
|move|p1a: Slowbro|Scald|p2a: Blastoise
|-resisted|p2a: Blastoise
|-damage|p2a: Blastoise|301\/362
|-status|p2a: Blastoise|brn
|
|-damage|p2a: Blastoise|256\/362 brn|[from] brn
|turn|11
|
|move|p2a: Blastoise|Scald|p1a: Slowbro
|-resisted|p1a: Slowbro
|-damage|p1a: Slowbro|341\/394
|-status|p1a: Slowbro|brn
|move|p1a: Slowbro|Psychic|p2a: Blastoise
|-damage|p2a: Blastoise|120\/362 brn
|-enditem|p2a: Blastoise|Sitrus Berry|[eat]
|-heal|p2a: Blastoise|210\/362 brn|[from] item: Sitrus Berry
|
|-heal|p1a: Slowbro|365\/394 brn|[from] item: Leftovers
|-damage|p2a: Blastoise|165\/362 brn|[from] brn
|-damage|p1a: Slowbro|316\/394 brn|[from] brn
|turn|12
|
|move|p1a: Slowbro|Scald|p2a: Blastoise
|-resisted|p2a: Blastoise
|-damage|p2a: Blastoise|105\/362 brn
|move|p2a: Blastoise|Mirror Coat|p1a: Slowbro
|-damage|p1a: Slowbro|196\/394 brn
|
|-heal|p1a: Slowbro|220\/394 brn|[from] item: Leftovers
|-damage|p2a: Blastoise|60\/362 brn|[from] brn
|-damage|p1a: Slowbro|171\/394 brn|[from] brn
|turn|13
|
|switch|p2a: Bisharp|Bisharp, M|272\/272
|move|p1a: Slowbro|Psychic|p2a: Bisharp
|-immune|p2a: Bisharp|[msg]
|
|-heal|p1a: Slowbro|195\/394 brn|[from] item: Leftovers
|-damage|p1a: Slowbro|146\/394 brn|[from] brn
|turn|14
|
|switch|p1a: Talonflame|Talonflame, M|360\/360
|move|p2a: Bisharp|Knock Off|p1a: Talonflame
|-damage|p1a: Talonflame|19\/360
|-enditem|p1a: Talonflame|Leftovers|[from] move: Knock Off|[of] p2a: Bisharp
|-damage|p2a: Bisharp|245\/272|[from] item: Life Orb
|
|turn|15
|
|move|p1a: Talonflame|Will-O-Wisp|p2a: Bisharp
|-status|p2a: Bisharp|brn
|move|p2a: Bisharp|Knock Off|p1a: Talonflame
|-damage|p1a: Talonflame|0 fnt
|-damage|p2a: Bisharp|218\/272 brn|[from] item: Life Orb
|faint|p1a: Talonflame
|
|-damage|p2a: Bisharp|184\/272 brn|[from] brn
|
|switch|p1a: Hydreigon|Hydreigon, F|291\/333
|turn|16
|
|switch|p2a: Blastoise|Blastoise, M|60\/362 brn
|move|p1a: Hydreigon|Flash Cannon|p2a: Blastoise
|-resisted|p2a: Blastoise
|-damage|p2a: Blastoise|0 fnt
|faint|p2a: Blastoise
|
|
|switch|p2a: Medicham|Medicham-Mega, M, shiny|218\/261
|turn|17
|
|move|p2a: Medicham|High Jump Kick|p1a: Hydreigon|[miss]
|-miss|p2a: Medicham|p1a: Hydreigon
|-damage|p2a: Medicham|88\/261|[from] highjumpkick
|move|p1a: Hydreigon|Flash Cannon|p2a: Medicham
|-damage|p2a: Medicham|0 fnt
|faint|p2a: Medicham
|
|c|âQTâBugi|damm;;
|
|switch|p2a: Diggersby|Diggersby, M, shiny|312\/312
|turn|18
|
|move|p1a: Hydreigon|Flash Cannon|p2a: Diggersby
|-damage|p2a: Diggersby|124\/312
|move|p2a: Diggersby|Return|p1a: Hydreigon
|-damage|p1a: Hydreigon|53\/333
|
|turn|19
|
|move|p2a: Diggersby|Quick Attack|p1a: Hydreigon
|-damage|p1a: Hydreigon|0 fnt
|faint|p1a: Hydreigon
|
|
|switch|p1a: Mamoswine|Mamoswine, F|361\/361
|turn|20
|
|switch|p2a: Crobat|Crobat, M, shiny|204\/374
|move|p1a: Mamoswine|Ice Shard|p2a: Crobat
|-supereffective|p2a: Crobat
|-damage|p2a: Crobat|0 fnt
|-damage|p1a: Mamoswine|325\/361|[from] item: Life Orb
|faint|p2a: Crobat
|
|
|switch|p2a: Sylveon|Sylveon, F|328\/394
|turn|21
|
|switch|p1a: Registeel|Registeel|204\/364
|move|p2a: Sylveon|Protect|p2a: Sylveon
|-fail|p2a: Sylveon
|
|-heal|p2a: Sylveon|352\/394|[from] item: Leftovers
|-heal|p1a: Registeel|226\/364|[from] item: Leftovers
|turn|22
|
|move|p2a: Sylveon|Heal Bell|p2a: Sylveon
|-cureteam|p2a: Sylveon|[from] move: HealBell
|move|p1a: Registeel|Stealth Rock|p2a: Sylveon
|-sidestart|p2: QTâBugi|move: Stealth Rock
|
|-heal|p2a: Sylveon|376\/394|[from] item: Leftovers
|-heal|p1a: Registeel|248\/364|[from] item: Leftovers
|turn|23
|
|switch|p1a: Mamoswine|Mamoswine, F|325\/361
|move|p2a: Sylveon|Wish|p2a: Sylveon
|
|-heal|p2a: Sylveon|394\/394|[from] item: Leftovers
|turn|24
|
|move|p1a: Mamoswine|Earthquake|p2a: Sylveon
|-damage|p2a: Sylveon|151\/394
|-damage|p1a: Mamoswine|289\/361|[from] item: Life Orb
|move|p2a: Sylveon|Hyper Voice|p1a: Mamoswine
|-damage|p1a: Mamoswine|51\/361
|
|-heal|p2a: Sylveon|348\/394|[from] move: Wish|[wisher] Sylveon
|-heal|p2a: Sylveon|372\/394|[from] item: Leftovers
|turn|25
|
|move|p1a: Mamoswine|Icicle Crash|p2a: Sylveon
|-damage|p2a: Sylveon|165\/394
|-damage|p1a: Mamoswine|15\/361|[from] item: Life Orb
|move|p2a: Sylveon|Hyper Voice|p1a: Mamoswine
|-damage|p1a: Mamoswine|0 fnt
|faint|p1a: Mamoswine
|
|-heal|p2a: Sylveon|189\/394|[from] item: Leftovers
|
|switch|p1a: Registeel|Registeel|248\/364
|turn|26
|
|move|p2a: Sylveon|Wish|p2a: Sylveon
|move|p1a: Registeel|Iron Head|p2a: Sylveon
|-supereffective|p2a: Sylveon
|-damage|p2a: Sylveon|33\/394
|
|-heal|p2a: Sylveon|57\/394|[from] item: Leftovers
|-heal|p1a: Registeel|270\/364|[from] item: Leftovers
|turn|27
|
|switch|p2a: Bisharp|Bisharp, M|184\/272
|-damage|p2a: Bisharp|167\/272|[from] Stealth Rock
|move|p1a: Registeel|Seismic Toss|p2a: Bisharp
|-damage|p2a: Bisharp|67\/272
|
|-heal|p2a: Bisharp|264\/272|[from] move: Wish|[wisher] Sylveon
|-heal|p1a: Registeel|292\/364|[from] item: Leftovers
|turn|28
|
|move|p2a: Bisharp|Swords Dance|p2a: Bisharp
|-boost|p2a: Bisharp|atk|2
|move|p1a: Registeel|Thunder Wave|p2a: Bisharp
|-status|p2a: Bisharp|par
|
|-heal|p1a: Registeel|314\/364|[from] item: Leftovers
|turn|29
|
|move|p1a: Registeel|Seismic Toss|p2a: Bisharp
|-damage|p2a: Bisharp|164\/272 par
|cant|p2a: Bisharp|par
|
|-heal|p1a: Registeel|336\/364|[from] item: Leftovers
|turn|30
|
|move|p1a: Registeel|Seismic Toss|p2a: Bisharp
|-damage|p2a: Bisharp|64\/272 par
|move|p2a: Bisharp|Knock Off|p1a: Registeel
|-damage|p1a: Registeel|42\/364
|-enditem|p1a: Registeel|Leftovers|[from] move: Knock Off|[of] p2a: Bisharp
|-damage|p2a: Bisharp|37\/272 par|[from] item: Life Orb
|
|turn|31
|
|move|p2a: Bisharp|Sucker Punch|p1a: Registeel
|-damage|p1a: Registeel|0 fnt
|-damage|p2a: Bisharp|10\/272 par|[from] item: Life Orb
|faint|p1a: Registeel
|
|
|switch|p1a: Slowbro|Slowbro, F|277\/394 brn
|turn|32
|
|move|p2a: Bisharp|Knock Off|p1a: Slowbro
|-supereffective|p1a: Slowbro
|-damage|p1a: Slowbro|0 fnt
|-enditem|p1a: Slowbro|Leftovers|[from] move: Knock Off|[of] p2a: Bisharp
|-damage|p2a: Bisharp|0 fnt|[from] item: Life Orb
|faint|p1a: Slowbro
|faint|p2a: Bisharp
|
|win|QTâBugi
|raw|Ladder updating...
|raw|Will-I-am2's rating: 1838 &rarr; <strong>1804<\/strong><br \/>(-34 for losing)
|raw|QTâBugi's rating: 1548 &rarr; <strong>1582<\/strong><br \/>(+34 for winning)
|leave|Will-I-am2
|player|p1