|join|Mauro Icardi
|join|Pagoose
|player|p1|Mauro Icardi|157
|player|p2|Pagoose|141
|gametype|singles
|gen|6
|tier|ORAS OU
|rated
|rule|Sleep Clause Mod: Limit one foe put to sleep
|rule|Species Clause: Limit one of each PokÃ©mon
|rule|OHKO Clause: OHKO moves are banned
|rule|Moody Clause: Moody is banned
|rule|Evasion Moves Clause: Evasion moves are banned
|rule|Endless Battle Clause: Forcing endless battles is banned
|rule|HP Percentage Mod: HP is shown in percentages
|clearpoke
|poke|p1|Terrakion
|poke|p1|Azumarill, F
|poke|p1|Greninja, F
|poke|p1|Latios, M
|poke|p1|Metagross
|poke|p1|Weavile, M
|poke|p2|Salamence, F
|poke|p2|Latios, M
|poke|p2|Keldeo-Resolute
|poke|p2|Landorus-Therian, M
|poke|p2|Mew
|poke|p2|Ferrothorn, F
|rule|Swagger Clause: Swagger is banned
|rule|Baton Pass Clause: Limit one PokÃ©mon knowing Baton Pass
|teampreview
|join|Omegasization
|
|start
|switch|p1a: Metagross|Metagross|357\/357
|switch|p2a: Landorus-Therian|Landorus-Therian, M|319\/319
|-ability|p2a: Landorus-Therian|Intimidate|[of] p1a: Metagross
|-fail|p1a: Metagross|unboost|[from] ability: Clear Body|[of] p1a: Metagross
|turn|1
|
|detailschange|p1a: Metagross|Metagross-Mega
|message|Metagross has Mega Evolved into Mega Metagross!
|move|p2a: Landorus-Therian|U-turn|p1a: Metagross
|-crit|p1a: Metagross
|-damage|p1a: Metagross|261\/357
|
|switch|p2a: Ferrothorn|Ferrothorn, F|352\/352
|move|p1a: Metagross|Meteor Mash|p2a: Ferrothorn|[miss]
|-miss|p1a: Metagross|p2a: Ferrothorn
|
|turn|2
|
|move|p1a: Metagross|Substitute|p1a: Metagross
|-start|p1a: Metagross|Substitute
|-damage|p1a: Metagross|172\/357
|move|p2a: Ferrothorn|Leech Seed|p1a: Metagross
|
|turn|3
|
|move|p1a: Metagross|Earthquake|p2a: Ferrothorn
|-damage|p2a: Ferrothorn|255\/352
|move|p2a: Ferrothorn|Gyro Ball|p1a: Metagross
|-resisted|p1a: Metagross
|-activate|p1a: Metagross|Substitute|[damage]
|
|-heal|p2a: Ferrothorn|277\/352|[from] item: Leftovers
|turn|4
|leave|Omegasization
|
|move|p1a: Metagross|Earthquake|p2a: Ferrothorn
|-damage|p2a: Ferrothorn|190\/352
|move|p2a: Ferrothorn|Gyro Ball|p1a: Metagross
|-resisted|p1a: Metagross
|-end|p1a: Metagross|Substitute
|
|-heal|p2a: Ferrothorn|212\/352|[from] item: Leftovers
|turn|5
|join|Omegasization
|join|Ibl!s
|
|switch|p2a: Landorus-Therian|Landorus-Therian, M|319\/319
|-ability|p2a: Landorus-Therian|Intimidate|[of] p1a: Metagross
|-unboost|p1a: Metagross|atk|1
|move|p1a: Metagross|Substitute|p1a: Metagross
|-start|p1a: Metagross|Substitute
|-damage|p1a: Metagross|83\/357
|
|turn|6
|
|move|p2a: Landorus-Therian|Earthquake|p1a: Metagross
|-supereffective|p1a: Metagross
|-end|p1a: Metagross|Substitute
|move|p1a: Metagross|Meteor Mash|p2a: Landorus-Therian
|-damage|p2a: Landorus-Therian|129\/319
|
|turn|7
|
|switch|p2a: Ferrothorn|Ferrothorn, F|212\/352
|switch|p1a: Latios|Latios, M|301\/301
|
|-heal|p2a: Ferrothorn|234\/352|[from] item: Leftovers
|turn|8
|
|switch|p2a: Mew|Mew|404\/404
|move|p1a: Latios|Hidden Power|p2a: Mew
|-damage|p2a: Mew|322\/404
|-damage|p1a: Latios|271\/301|[from] item: Life Orb
|
|-heal|p2a: Mew|347\/404|[from] item: Leftovers
|turn|9
|
|switch|p1a: Metagross|Metagross-Mega|83\/357
|move|p2a: Mew|Will-O-Wisp|p1a: Metagross
|-status|p1a: Metagross|brn
|
|-heal|p2a: Mew|372\/404|[from] item: Leftovers
|-damage|p1a: Metagross|39\/357 brn|[from] brn
|turn|10
|
|move|p2a: Mew|Roost|p2a: Mew
|-heal|p2a: Mew|404\/404
|move|p1a: Metagross|Meteor Mash|p2a: Mew
|-damage|p2a: Mew|275\/404
|-boost|p1a: Metagross|atk|1
|
|-heal|p2a: Mew|300\/404|[from] item: Leftovers
|-damage|p1a: Metagross|0 fnt|[from] brn
|faint|p1a: Metagross
|
|switch|p1a: Weavile|Weavile, M|281\/281
|-ability|p1a: Weavile|Pressure
|turn|11
|
|switch|p2a: Keldeo-Resolute|Keldeo-Resolute|323\/323
|move|p1a: Weavile|Knock Off|p2a: Keldeo-Resolute
|-resisted|p2a: Keldeo-Resolute
|-damage|p2a: Keldeo-Resolute|210\/323
|-boost|p2a: Keldeo-Resolute|atk|1|[from] ability: Justified
|-enditem|p2a: Keldeo-Resolute|Choice Specs|[from] move: Knock Off|[of] p1a: Weavile
|-damage|p1a: Weavile|253\/281|[from] item: Life Orb
|
|turn|12
|
|switch|p1a: Latios|Latios, M|271\/301
|move|p2a: Keldeo-Resolute|Icy Wind|p1a: Latios
|-supereffective|p1a: Latios
|-damage|p1a: Latios|159\/301
|-unboost|p1a: Latios|spe|1
|
|turn|13
|
|switch|p2a: Mew|Mew|300\/404
|switch|p1a: Terrakion|Terrakion|323\/323
|
|-heal|p2a: Mew|325\/404|[from] item: Leftovers
|turn|14
|
|switch|p2a: Latios|Latios, M|301\/301
|move|p1a: Terrakion|Taunt|p2a: Latios
|-start|p2a: Latios|move: Taunt
|
|turn|15
|
|switch|p1a: Azumarill|Azumarill, F|398\/398
|move|p2a: Latios|Draco Meteor|p1a: Azumarill
|-immune|p1a: Azumarill|[msg]
|
|turn|16
|
|switch|p2a: Ferrothorn|Ferrothorn, F|234\/352
|move|p1a: Azumarill|Superpower|p2a: Ferrothorn
|-supereffective|p2a: Ferrothorn
|-damage|p2a: Ferrothorn|0 fnt
|-damage|p1a: Azumarill|349\/398|[from] ability: Iron Barbs|[of] p2a: Ferrothorn
|-unboost|p1a: Azumarill|atk|1
|-unboost|p1a: Azumarill|def|1
|faint|p2a: Ferrothorn
|
|
|switch|p2a: Salamence|Salamence, F|331\/331
|-ability|p2a: Salamence|Intimidate|[of] p1a: Azumarill
|-unboost|p1a: Azumarill|atk|1
|turn|17
|
|switch|p1a: Latios|Latios, M|159\/301
|detailschange|p2a: Salamence|Salamence-Mega, F
|message|Salamence has Mega Evolved into Mega Salamence!
|move|p2a: Salamence|Frustration|p1a: Latios
|-damage|p1a: Latios|0 fnt
|faint|p1a: Latios
|
|
|switch|p1a: Weavile|Weavile, M|253\/281
|-ability|p1a: Weavile|Pressure
|turn|18
|
|switch|p2a: Latios|Latios, M|301\/301
|move|p1a: Weavile|Icicle Crash|p2a: Latios
|-supereffective|p2a: Latios
|-damage|p2a: Latios|0 fnt
|-damage|p1a: Weavile|225\/281|[from] item: Life Orb
|faint|p2a: Latios
|
|
|switch|p2a: Keldeo-Resolute|Keldeo-Resolute|210\/323
|turn|19
|
|switch|p1a: Azumarill|Azumarill, F|349\/398
|move|p2a: Keldeo-Resolute|Scald|p1a: Azumarill
|-resisted|p1a: Azumarill
|-damage|p1a: Azumarill|262\/398
|
|turn|20
|
|switch|p2a: Mew|Mew|325\/404
|move|p1a: Azumarill|Play Rough|p2a: Mew
|-damage|p2a: Mew|13\/404
|
|-heal|p2a: Mew|38\/404|[from] item: Leftovers
|turn|21
|
|switch|p2a: Salamence|Salamence-Mega, F|331\/331
|move|p1a: Azumarill|Play Rough|p2a: Salamence
|-supereffective|p2a: Salamence
|-damage|p2a: Salamence|0 fnt
|faint|p2a: Salamence
|
|
|switch|p2a: Mew|Mew|38\/404
|turn|22
|
|move|p2a: Mew|Will-O-Wisp|p1a: Azumarill
|-status|p1a: Azumarill|brn
|move|p1a: Azumarill|Play Rough|p2a: Mew
|-damage|p2a: Mew|0 fnt
|faint|p2a: Mew
|
|-damage|p1a: Azumarill|213\/398 brn|[from] brn
|
|switch|p2a: Landorus-Therian|Landorus-Therian, M|129\/319
|-ability|p2a: Landorus-Therian|Intimidate|[of] p1a: Azumarill
|-unboost|p1a: Azumarill|atk|1
|turn|23
|
|move|p2a: Landorus-Therian|Earthquake|p1a: Azumarill
|-damage|p1a: Azumarill|0 fnt
|faint|p1a: Azumarill
|
|
|switch|p1a: Weavile|Weavile, M|225\/281
|-ability|p1a: Weavile|Pressure
|turn|24
|
|switch|p2a: Keldeo-Resolute|Keldeo-Resolute|210\/323
|move|p1a: Weavile|Ice Shard|p2a: Keldeo-Resolute
|-resisted|p2a: Keldeo-Resolute
|-damage|p2a: Keldeo-Resolute|159\/323
|-damage|p1a: Weavile|197\/281|[from] item: Life Orb
|
|turn|25
|
|move|p1a: Weavile|Low Kick|p2a: Keldeo-Resolute
|-damage|p2a: Keldeo-Resolute|71\/323
|-damage|p1a: Weavile|169\/281|[from] item: Life Orb
|move|p2a: Keldeo-Resolute|Secret Sword|p1a: Weavile
|-supereffective|p1a: Weavile
|-damage|p1a: Weavile|0 fnt
|faint|p1a: Weavile
|
|join|hellfiend
|
|switch|p1a: Greninja|Greninja, F|285\/285
|turn|26
|
|move|p1a: Greninja|Grass Knot|p2a: Keldeo-Resolute
|-start|p1a: Greninja|typechange|Grass|[from] Protean
|-supereffective|p2a: Keldeo-Resolute
|-damage|p2a: Keldeo-Resolute|0 fnt
|-damage|p1a: Greninja|257\/285|[from] item: Life Orb
|faint|p2a: Keldeo-Resolute
|
|
|switch|p2a: Landorus-Therian|Landorus-Therian, M|129\/319
|-ability|p2a: Landorus-Therian|Intimidate|[of] p1a: Greninja
|-unboost|p1a: Greninja|atk|1
|turn|27
|
|move|p2a: Landorus-Therian|Earthquake|p1a: Greninja
|-resisted|p1a: Greninja
|-damage|p1a: Greninja|118\/285
|move|p1a: Greninja|Ice Beam|p2a: Landorus-Therian
|-start|p1a: Greninja|typechange|Ice|[from] Protean
|-supereffective|p2a: Landorus-Therian
|-damage|p2a: Landorus-Therian|0 fnt
|-damage|p1a: Greninja|90\/285|[from] item: Life Orb
|faint|p2a: Landorus-Therian
|
|win|Mauro Icardi
|raw|Ladder updating...
|c|âPagoose|gg
|leave|Pagoose
|player|p2
|leave|hellfiend
|raw|Ladder (probably) updated, but score could not be retrieved (timeout).
|raw|Ladder (probably) updated, but score could not be retrieved (Error: socket hang up).
|leave|Ibl!s