|join|uuuuuuuber
|join|Pagoose
|player|p1|uuuuuuuber|169
|player|p2|Pagoose|141
|gametype|singles
|gen|6
|tier|ORAS OU
|rated
|rule|Sleep Clause Mod: Limit one foe put to sleep
|rule|Species Clause: Limit one of each PokÃ©mon
|rule|OHKO Clause: OHKO moves are banned
|rule|Moody Clause: Moody is banned
|rule|Evasion Moves Clause: Evasion moves are banned
|rule|Endless Battle Clause: Forcing endless battles is banned
|rule|HP Percentage Mod: HP is shown in percentages
|clearpoke
|poke|p1|Sableye, F
|poke|p1|Chansey, F
|poke|p1|Clefable, F
|poke|p1|Latios, M
|poke|p1|Bisharp, M
|poke|p1|Skarmory, F
|poke|p2|Salamence, M
|poke|p2|Landorus-Therian, M
|poke|p2|Ferrothorn, F
|poke|p2|Mew
|poke|p2|Latios, M
|poke|p2|Keldeo
|rule|Swagger Clause: Swagger is banned
|rule|Baton Pass Clause: Limit one PokÃ©mon knowing Baton Pass
|teampreview
|
|start
|switch|p1a: Sableye|Sableye, F|304\/304
|switch|p2a: Keldeo|Keldeo|323\/323
|turn|1
|
|switch|p1a: Chansey|Chansey, F|704\/704
|move|p2a: Keldeo|Scald|p1a: Chansey
|-damage|p1a: Chansey|562\/704
|-status|p1a: Chansey|brn
|
|-damage|p1a: Chansey|474\/704 brn|[from] brn
|turn|2
|
|switch|p2a: Ferrothorn|Ferrothorn, F|352\/352
|switch|p1a: Sableye|Sableye, F|304\/304
|
|turn|3
|
|switch|p2a: Keldeo|Keldeo|323\/323
|move|p1a: Sableye|Will-O-Wisp|p2a: Keldeo
|-status|p2a: Keldeo|brn
|
|-damage|p2a: Keldeo|283\/323 brn|[from] brn
|turn|4
|
|move|p2a: Keldeo|Scald|p1a: Sableye
|-damage|p1a: Sableye|88\/304
|move|p1a: Sableye|Power-Up Punch|p2a: Keldeo
|-damage|p2a: Keldeo|256\/323 brn
|-boost|p1a: Sableye|atk|1
|
|-damage|p2a: Keldeo|216\/323 brn|[from] brn
|turn|5
|c|âPagoose|lolwut?
|
|detailschange|p1a: Sableye|Sableye-Mega, F
|message|Sableye has Mega Evolved into Mega Sableye!
|move|p1a: Sableye|Recover|p1a: Sableye
|-heal|p1a: Sableye|240\/304
|move|p2a: Keldeo|Scald|p1a: Sableye
|-damage|p1a: Sableye|99\/304
|
|-damage|p2a: Keldeo|176\/323 brn|[from] brn
|turn|6
|
|switch|p1a: Latios|Latios, M|302\/302
|move|p2a: Keldeo|Scald|p1a: Latios
|-resisted|p1a: Latios
|-damage|p1a: Latios|205\/302
|
|-damage|p2a: Keldeo|136\/323 brn|[from] brn
|turn|7
|
|switch|p1a: Sableye|Sableye-Mega, F|99\/304
|switch|p2a: Ferrothorn|Ferrothorn, F|352\/352
|
|turn|8
|
|switch|p2a: Mew|Mew|404\/404
|move|p1a: Sableye|Recover|p1a: Sableye
|-heal|p1a: Sableye|251\/304
|
|turn|9
|
|move|p2a: Mew|Knock Off|p1a: Sableye
|-damage|p1a: Sableye|209\/304
|move|p1a: Sableye|Power-Up Punch|p2a: Mew
|-resisted|p2a: Mew
|-damage|p2a: Mew|391\/404
|-boost|p1a: Sableye|atk|1
|
|-heal|p2a: Mew|404\/404|[from] item: Leftovers
|turn|10
|
|switch|p2a: Latios|Latios, M|301\/301
|move|p1a: Sableye|Recover|p1a: Sableye
|-heal|p1a: Sableye|304\/304
|
|turn|11
|
|move|p2a: Latios|Draco Meteor|p1a: Sableye
|-damage|p1a: Sableye|121\/304
|-unboost|p2a: Latios|spa|2
|-damage|p2a: Latios|271\/301|[from] item: Life Orb
|move|p1a: Sableye|Recover|p1a: Sableye
|-heal|p1a: Sableye|273\/304
|
|turn|12
|
|switch|p2a: Mew|Mew|404\/404
|move|p1a: Sableye|Knock Off|p2a: Mew
|-supereffective|p2a: Mew
|-damage|p2a: Mew|120\/404
|-enditem|p2a: Mew|Leftovers|[from] move: Knock Off|[of] p1a: Sableye
|
|turn|13
|
|move|p2a: Mew|Roost|p2a: Mew
|-heal|p2a: Mew|322\/404
|move|p1a: Sableye|Knock Off|p2a: Mew
|-supereffective|p2a: Mew
|-damage|p2a: Mew|130\/404
|
|turn|14
|
|switch|p2a: Salamence|Salamence, M|331\/331
|-ability|p2a: Salamence|Intimidate|[of] p1a: Sableye
|-unboost|p1a: Sableye|atk|1
|move|p1a: Sableye|Power-Up Punch|p2a: Salamence
|-resisted|p2a: Salamence
|-damage|p2a: Salamence|314\/331
|-boost|p1a: Sableye|atk|1
|
|turn|15
|
|switch|p2a: Mew|Mew|130\/404
|move|p1a: Sableye|Will-O-Wisp|p2a: Mew
|-status|p2a: Mew|brn
|-status|p1a: Sableye|brn
|
|-damage|p2a: Mew|80\/404 brn|[from] brn
|-damage|p1a: Sableye|235\/304 brn|[from] brn
|turn|16
|
|switch|p2a: Salamence|Salamence, M|314\/331
|-ability|p2a: Salamence|Intimidate|[of] p1a: Sableye
|-unboost|p1a: Sableye|atk|1
|move|p1a: Sableye|Will-O-Wisp|p2a: Salamence
|-status|p2a: Salamence|brn
|
|-damage|p2a: Salamence|273\/331 brn|[from] brn
|-damage|p1a: Sableye|197\/304 brn|[from] brn
|turn|17
|
|detailschange|p2a: Salamence|Salamence-Mega, M
|message|Salamence has Mega Evolved into Mega Salamence!
|move|p2a: Salamence|Dragon Dance|p2a: Salamence
|-boost|p2a: Salamence|atk|1
|-boost|p2a: Salamence|spe|1
|move|p1a: Sableye|Recover|p1a: Sableye
|-heal|p1a: Sableye|304\/304 brn
|
|-damage|p2a: Salamence|232\/331 brn|[from] brn
|-damage|p1a: Sableye|266\/304 brn|[from] brn
|turn|18
|
|switch|p1a: Clefable|Clefable, F|394\/394
|move|p2a: Salamence|Frustration|p1a: Clefable
|-damage|p1a: Clefable|273\/394
|
|-heal|p1a: Clefable|297\/394|[from] item: Leftovers
|-damage|p2a: Salamence|191\/331 brn|[from] brn
|turn|19
|
|switch|p2a: Ferrothorn|Ferrothorn, F|352\/352
|move|p1a: Clefable|Heal Bell|p1a: Clefable
|-cureteam|p1a: Clefable|[from] move: HealBell
|
|-heal|p1a: Clefable|321\/394|[from] item: Leftovers
|turn|20
|
|switch|p1a: Sableye|Sableye-Mega, F|266\/304
|switch|p2a: Keldeo|Keldeo|136\/323 brn
|
|-damage|p2a: Keldeo|96\/323 brn|[from] brn
|turn|21
|
|switch|p2a: Mew|Mew|80\/404 brn
|move|p1a: Sableye|Recover|p1a: Sableye
|-heal|p1a: Sableye|304\/304
|
|-damage|p2a: Mew|30\/404 brn|[from] brn
|turn|22
|c|âPagoose|ugh fuck this
|-message|Pagoose forfeited.
|
|win|uuuuuuuber
|raw|Ladder updating...
|leave|Pagoose
|player|p2
|raw|uuuuuuuber's rating: 1474 &rarr; <strong>1493<\/strong><br \/>(+19 for winning)
|raw|Pagoose's rating: 1453 &rarr; <strong>1434<\/strong><br \/>(-19 for losing)