|join|Pagoose
|join|SxSnipes
|player|p1|Pagoose|141
|player|p2|SxSnipes|137
|gametype|singles
|gen|6
|tier|ORAS OU
|rated
|rule|Sleep Clause Mod: Limit one foe put to sleep
|rule|Species Clause: Limit one of each PokÃ©mon
|rule|OHKO Clause: OHKO moves are banned
|rule|Moody Clause: Moody is banned
|rule|Evasion Moves Clause: Evasion moves are banned
|rule|Endless Battle Clause: Forcing endless battles is banned
|rule|HP Percentage Mod: HP is shown in percentages
|clearpoke
|poke|p1|Salamence, F
|poke|p1|Latios, M
|poke|p1|Keldeo-Resolute
|poke|p1|Landorus-Therian, M
|poke|p1|Mew
|poke|p1|Ferrothorn, M
|poke|p2|Sceptile, M
|poke|p2|Landorus-Therian, M
|poke|p2|Victini
|poke|p2|Mamoswine, F
|poke|p2|Kyurem-Black
|poke|p2|Latias, F
|rule|Swagger Clause: Swagger is banned
|rule|Baton Pass Clause: Limit one PokÃ©mon knowing Baton Pass
|teampreview
|
|start
|switch|p1a: Keldeo-Resolute|Keldeo-Resolute|323\/323
|switch|p2a: Landorus-Therian|Landorus-Therian, M|382\/382
|-ability|p2a: Landorus-Therian|Intimidate|[of] p1a: Keldeo-Resolute
|-unboost|p1a: Keldeo-Resolute|atk|1
|turn|1
|
|switch|p2a: Latias|Latias, F|302\/302
|move|p1a: Keldeo-Resolute|Scald|p2a: Latias
|-resisted|p2a: Latias
|-damage|p2a: Latias|210\/302
|
|-heal|p2a: Latias|228\/302|[from] item: Leftovers
|turn|2
|
|switch|p2a: Victini|Victini|341\/341
|switch|p1a: Mew|Mew|404\/404
|
|turn|3
|
|switch|p1a: Latios|Latios, M|301\/301
|move|p2a: Victini|U-turn|p1a: Latios
|-crit|p1a: Latios
|-supereffective|p1a: Latios
|-damage|p1a: Latios|49\/301
|
|switch|p2a: Sceptile|Sceptile, M|282\/282
|
|turn|4
|
|switch|p1a: Mew|Mew|404\/404
|detailschange|p2a: Sceptile|Sceptile-Mega, M
|message|Sceptile has Mega Evolved into Mega Sceptile!
|move|p2a: Sceptile|Dragon Pulse|p1a: Mew
|-damage|p1a: Mew|281\/404
|
|-heal|p1a: Mew|306\/404|[from] item: Leftovers
|turn|5
|
|switch|p2a: Victini|Victini|341\/341
|move|p1a: Mew|Knock Off|p2a: Victini
|-supereffective|p2a: Victini
|-damage|p2a: Victini|181\/341
|-enditem|p2a: Victini|Expert Belt|[from] move: Knock Off|[of] p1a: Mew
|
|-heal|p1a: Mew|331\/404|[from] item: Leftovers
|turn|6
|
|move|p2a: Victini|U-turn|p1a: Mew
|-supereffective|p1a: Mew
|-damage|p1a: Mew|215\/404
|
|switch|p2a: Kyurem-Black|Kyurem-Black|454\/454
|-ability|p2a: Kyurem-Black|Teravolt
|move|p1a: Mew|Roost|p1a: Mew
|-heal|p1a: Mew|404\/404
|
|turn|7
|
|switch|p1a: Ferrothorn|Ferrothorn, M|352\/352
|move|p2a: Kyurem-Black|Dragon Claw|p1a: Ferrothorn
|-resisted|p1a: Ferrothorn
|-damage|p1a: Ferrothorn|292\/352
|-damage|p2a: Kyurem-Black|398\/454|[from] ability: Iron Barbs|[of] p1a: Ferrothorn
|
|-heal|p1a: Ferrothorn|314\/352|[from] item: Leftovers
|turn|8
|
|switch|p2a: Victini|Victini|181\/341
|move|p1a: Ferrothorn|Stealth Rock|p2a: Victini
|-sidestart|p2: SxSnipes|move: Stealth Rock
|
|-heal|p1a: Ferrothorn|336\/352|[from] item: Leftovers
|turn|9
|
|switch|p1a: Salamence|Salamence, F|331\/331
|-ability|p1a: Salamence|Intimidate|[of] p2a: Victini
|-unboost|p2a: Victini|atk|1
|move|p2a: Victini|V-create|p1a: Salamence
|-resisted|p1a: Salamence
|-damage|p1a: Salamence|251\/331
|-unboost|p2a: Victini|def|1
|-unboost|p2a: Victini|spd|1
|-unboost|p2a: Victini|spe|1
|
|turn|10
|
|detailschange|p1a: Salamence|Salamence-Mega, F
|message|Salamence has Mega Evolved into Mega Salamence!
|move|p1a: Salamence|Frustration|p2a: Victini
|-damage|p2a: Victini|0 fnt
|faint|p2a: Victini
|
|
|switch|p2a: Sceptile|Sceptile-Mega, M|282\/282
|-damage|p2a: Sceptile|247\/282|[from] Stealth Rock
|turn|11
|
|switch|p1a: Mew|Mew|404\/404
|move|p2a: Sceptile|Dragon Pulse|p1a: Mew
|-damage|p1a: Mew|263\/404
|
|-heal|p1a: Mew|288\/404|[from] item: Leftovers
|turn|12
|
|move|p2a: Sceptile|Dragon Pulse|p1a: Mew
|-damage|p1a: Mew|167\/404
|move|p1a: Mew|Will-O-Wisp|p2a: Sceptile
|-status|p2a: Sceptile|brn
|
|-heal|p1a: Mew|192\/404|[from] item: Leftovers
|-damage|p2a: Sceptile|212\/282 brn|[from] brn
|turn|13
|
|move|p2a: Sceptile|Giga Drain|p1a: Mew
|-damage|p1a: Mew|65\/404
|-heal|p2a: Sceptile|276\/282 brn|[from] drain|[of] p1a: Mew
|move|p1a: Mew|Roost|p1a: Mew
|-heal|p1a: Mew|267\/404
|
|-heal|p1a: Mew|292\/404|[from] item: Leftovers
|-damage|p2a: Sceptile|241\/282 brn|[from] brn
|turn|14
|
|switch|p2a: Landorus-Therian|Landorus-Therian, M|382\/382
|-damage|p2a: Landorus-Therian|335\/382|[from] Stealth Rock
|-ability|p2a: Landorus-Therian|Intimidate|[of] p1a: Mew
|-unboost|p1a: Mew|atk|1
|move|p1a: Mew|Knock Off|p2a: Landorus-Therian
|-damage|p2a: Landorus-Therian|295\/382
|-enditem|p2a: Landorus-Therian|Leftovers|[from] move: Knock Off|[of] p1a: Mew
|
|-heal|p1a: Mew|317\/404|[from] item: Leftovers
|turn|15
|
|switch|p1a: Keldeo-Resolute|Keldeo-Resolute|323\/323
|move|p2a: Landorus-Therian|U-turn|p1a: Keldeo-Resolute
|-crit|p1a: Keldeo-Resolute
|-resisted|p1a: Keldeo-Resolute
|-damage|p1a: Keldeo-Resolute|257\/323
|
|switch|p2a: Latias|Latias, F|228\/302
|-damage|p2a: Latias|191\/302|[from] Stealth Rock
|
|-heal|p2a: Latias|209\/302|[from] item: Leftovers
|turn|16
|
|switch|p1a: Ferrothorn|Ferrothorn, M|336\/352
|move|p2a: Latias|Defog|p1a: Ferrothorn
|-unboost|p1a: Ferrothorn|evasion|1
|-sideend|p2: SxSnipes|Stealth Rock|[from] move: Defog|[of] p2a: Latias
|
|-heal|p2a: Latias|227\/302|[from] item: Leftovers
|-heal|p1a: Ferrothorn|352\/352|[from] item: Leftovers
|turn|17
|
|switch|p2a: Sceptile|Sceptile-Mega, M|241\/282 brn
|move|p1a: Ferrothorn|Leech Seed|p2a: Sceptile
|-immune|p2a: Sceptile|[msg]
|
|-damage|p2a: Sceptile|206\/282 brn|[from] brn
|turn|18
|
|switch|p2a: Landorus-Therian|Landorus-Therian, M|295\/382
|-ability|p2a: Landorus-Therian|Intimidate|[of] p1a: Ferrothorn
|-unboost|p1a: Ferrothorn|atk|1
|switch|p1a: Mew|Mew|317\/404
|
|-heal|p1a: Mew|342\/404|[from] item: Leftovers
|turn|19
|
|move|p1a: Mew|Will-O-Wisp|p2a: Landorus-Therian
|-status|p2a: Landorus-Therian|brn
|move|p2a: Landorus-Therian|U-turn|p1a: Mew
|-supereffective|p1a: Mew
|-damage|p1a: Mew|264\/404
|
|switch|p2a: Mamoswine|Mamoswine, F|380\/380
|
|-heal|p1a: Mew|289\/404|[from] item: Leftovers
|turn|20
|
|switch|p1a: Latios|Latios, M|49\/301
|move|p2a: Mamoswine|Icicle Crash|p1a: Latios
|-supereffective|p1a: Latios
|-damage|p1a: Latios|0 fnt
|-damage|p2a: Mamoswine|342\/380|[from] item: Life Orb
|faint|p1a: Latios
|
|
|switch|p1a: Ferrothorn|Ferrothorn, M|352\/352
|turn|21
|
|switch|p2a: Sceptile|Sceptile-Mega, M|206\/282 brn
|move|p1a: Ferrothorn|Leech Seed|p2a: Sceptile
|-immune|p2a: Sceptile|[msg]
|
|-damage|p2a: Sceptile|171\/282 brn|[from] brn
|turn|22
|
|switch|p1a: Landorus-Therian|Landorus-Therian, M|319\/319
|-ability|p1a: Landorus-Therian|Intimidate|[of] p2a: Sceptile
|-unboost|p2a: Sceptile|atk|1
|move|p2a: Sceptile|Giga Drain|p1a: Landorus-Therian
|-damage|p1a: Landorus-Therian|142\/319
|-heal|p2a: Sceptile|260\/282 brn|[from] drain|[of] p1a: Landorus-Therian
|
|-damage|p2a: Sceptile|225\/282 brn|[from] brn
|turn|23
|
|switch|p2a: Landorus-Therian|Landorus-Therian, M|295\/382 brn
|-ability|p2a: Landorus-Therian|Intimidate|[of] p1a: Landorus-Therian
|-unboost|p1a: Landorus-Therian|atk|1
|move|p1a: Landorus-Therian|U-turn|p2a: Landorus-Therian
|-resisted|p2a: Landorus-Therian
|-damage|p2a: Landorus-Therian|273\/382 brn
|
|switch|p1a: Ferrothorn|Ferrothorn, M|352\/352
|
|-damage|p2a: Landorus-Therian|226\/382 brn|[from] brn
|turn|24
|
|move|p2a: Landorus-Therian|Stealth Rock|p1a: Ferrothorn
|-sidestart|p1: Pagoose|move: Stealth Rock
|move|p1a: Ferrothorn|Gyro Ball|p2a: Landorus-Therian
|-damage|p2a: Landorus-Therian|100\/382 brn
|
|-damage|p2a: Landorus-Therian|53\/382 brn|[from] brn
|turn|25
|
|move|p2a: Landorus-Therian|Earthquake|p1a: Ferrothorn
|-damage|p1a: Ferrothorn|295\/352
|move|p1a: Ferrothorn|Stealth Rock|p2a: Landorus-Therian
|-sidestart|p2: SxSnipes|move: Stealth Rock
|
|-heal|p1a: Ferrothorn|317\/352|[from] item: Leftovers
|-damage|p2a: Landorus-Therian|6\/382 brn|[from] brn
|turn|26
|
|switch|p1a: Landorus-Therian|Landorus-Therian, M|142\/319
|-damage|p1a: Landorus-Therian|103\/319|[from] Stealth Rock
|-ability|p1a: Landorus-Therian|Intimidate|[of] p2a: Landorus-Therian
|-unboost|p2a: Landorus-Therian|atk|1
|move|p2a: Landorus-Therian|Earthquake|p1a: Landorus-Therian
|-immune|p1a: Landorus-Therian|[msg]
|
|-damage|p2a: Landorus-Therian|0 fnt|[from] brn
|faint|p2a: Landorus-Therian
|
|switch|p2a: Mamoswine|Mamoswine, F|342\/380
|-damage|p2a: Mamoswine|295\/380|[from] Stealth Rock
|turn|27
|
|switch|p1a: Keldeo-Resolute|Keldeo-Resolute|257\/323
|-damage|p1a: Keldeo-Resolute|237\/323|[from] Stealth Rock
|move|p2a: Mamoswine|Icicle Crash|p1a: Keldeo-Resolute
|-crit|p1a: Keldeo-Resolute
|-resisted|p1a: Keldeo-Resolute
|-damage|p1a: Keldeo-Resolute|88\/323
|-damage|p2a: Mamoswine|257\/380|[from] item: Life Orb
|
|turn|28
|
|switch|p2a: Latias|Latias, F|227\/302
|-damage|p2a: Latias|190\/302|[from] Stealth Rock
|move|p1a: Keldeo-Resolute|Secret Sword|p2a: Latias
|-crit|p2a: Latias
|-resisted|p2a: Latias
|-damage|p2a: Latias|10\/302
|
|-heal|p2a: Latias|28\/302|[from] item: Leftovers
|turn|29
|
|switch|p1a: Ferrothorn|Ferrothorn, M|317\/352
|-damage|p1a: Ferrothorn|295\/352|[from] Stealth Rock
|move|p2a: Latias|Defog|p1a: Ferrothorn
|-unboost|p1a: Ferrothorn|evasion|1
|-sideend|p1: Pagoose|Stealth Rock|[from] move: Defog|[of] p1a: Ferrothorn
|-sideend|p2: SxSnipes|Stealth Rock|[from] move: Defog|[of] p2a: Latias
|
|-heal|p2a: Latias|46\/302|[from] item: Leftovers
|-heal|p1a: Ferrothorn|317\/352|[from] item: Leftovers
|turn|30
|
|move|p2a: Latias|Healing Wish|p2a: Latias
|faint|p2a: Latias
|move|p1a: Ferrothorn|Gyro Ball|p2: Latias|[notarget]
|-notarget
|
|-heal|p1a: Ferrothorn|339\/352|[from] item: Leftovers
|
|switch|p2a: Sceptile|Sceptile-Mega, M|225\/282 brn
|-heal|p2a: Sceptile|282\/282|[from] move: Healing Wish
|turn|31
|
|switch|p1a: Salamence|Salamence-Mega, F|251\/331
|move|p2a: Sceptile|Focus Blast|p1a: Salamence|[miss]
|-miss|p2a: Sceptile|p1a: Salamence
|
|turn|32
|
|move|p2a: Sceptile|Dragon Pulse|p1a: Salamence
|-supereffective|p1a: Salamence
|-damage|p1a: Salamence|0 fnt
|faint|p1a: Salamence
|
|
|switch|p1a: Mew|Mew|289\/404
|turn|33
|
|move|p2a: Sceptile|Substitute|p2a: Sceptile
|-start|p2a: Sceptile|Substitute
|-damage|p2a: Sceptile|212\/282
|move|p1a: Mew|Will-O-Wisp|p2a: Sceptile
|
|-heal|p1a: Mew|314\/404|[from] item: Leftovers
|turn|34
|
|move|p2a: Sceptile|Giga Drain|p1a: Mew
|-damage|p1a: Mew|191\/404
|-heal|p2a: Sceptile|274\/282|[from] drain|[of] p1a: Mew
|move|p1a: Mew|Roost|p1a: Mew
|-heal|p1a: Mew|393\/404
|
|-heal|p1a: Mew|404\/404|[from] item: Leftovers
|turn|35
|c|âSxSnipes|there is like no way for me to break this mew LMAO
|
|move|p2a: Sceptile|Dragon Pulse|p1a: Mew
|-damage|p1a: Mew|271\/404
|move|p1a: Mew|Knock Off|p2a: Sceptile
|-crit|p2a: Sceptile
|-end|p2a: Sceptile|Substitute
|
|-heal|p1a: Mew|296\/404|[from] item: Leftovers
|turn|36
|c|âPagoose|nope
|c|âPagoose|lol
|
|move|p2a: Sceptile|Dragon Pulse|p1a: Mew
|-damage|p1a: Mew|154\/404
|move|p1a: Mew|Knock Off|p2a: Sceptile
|-damage|p2a: Sceptile|206\/282
|
|-heal|p1a: Mew|179\/404|[from] item: Leftovers
|turn|37
|
|move|p2a: Sceptile|Giga Drain|p1a: Mew
|-damage|p1a: Mew|53\/404
|-heal|p2a: Sceptile|269\/282|[from] drain|[of] p1a: Mew
|move|p1a: Mew|Roost|p1a: Mew
|-heal|p1a: Mew|255\/404
|
|-heal|p1a: Mew|280\/404|[from] item: Leftovers
|turn|38
|
|move|p2a: Sceptile|Substitute|p2a: Sceptile
|-start|p2a: Sceptile|Substitute
|-damage|p2a: Sceptile|199\/282
|move|p1a: Mew|Will-O-Wisp|p2a: Sceptile
|
|-heal|p1a: Mew|305\/404|[from] item: Leftovers
|turn|39
|
|move|p2a: Sceptile|Dragon Pulse|p1a: Mew
|-damage|p1a: Mew|178\/404
|move|p1a: Mew|Roost|p1a: Mew
|-heal|p1a: Mew|380\/404
|
|-heal|p1a: Mew|404\/404|[from] item: Leftovers
|turn|40
|
|move|p2a: Sceptile|Dragon Pulse|p1a: Mew
|-damage|p1a: Mew|278\/404
|move|p1a: Mew|Knock Off|p2a: Sceptile
|-activate|p2a: Sceptile|Substitute|[damage]
|
|-heal|p1a: Mew|303\/404|[from] item: Leftovers
|turn|41
|
|move|p2a: Sceptile|Giga Drain|p1a: Mew
|-crit|p1a: Mew
|-damage|p1a: Mew|129\/404
|-heal|p2a: Sceptile|282\/282|[from] drain|[of] p1a: Mew
|move|p1a: Mew|Knock Off|p2a: Sceptile
|-end|p2a: Sceptile|Substitute
|
|-heal|p1a: Mew|154\/404|[from] item: Leftovers
|turn|42
|
|move|p2a: Sceptile|Dragon Pulse|p1a: Mew
|-damage|p1a: Mew|31\/404
|move|p1a: Mew|Roost|p1a: Mew
|-heal|p1a: Mew|233\/404
|
|-heal|p1a: Mew|258\/404|[from] item: Leftovers
|turn|43
|
|move|p2a: Sceptile|Substitute|p2a: Sceptile
|-start|p2a: Sceptile|Substitute
|-damage|p2a: Sceptile|212\/282
|move|p1a: Mew|Knock Off|p2a: Sceptile
|-activate|p2a: Sceptile|Substitute|[damage]
|
|-heal|p1a: Mew|283\/404|[from] item: Leftovers
|turn|44
|
|move|p2a: Sceptile|Dragon Pulse|p1a: Mew
|-damage|p1a: Mew|142\/404
|move|p1a: Mew|Roost|p1a: Mew
|-heal|p1a: Mew|344\/404
|
|-heal|p1a: Mew|369\/404|[from] item: Leftovers
|turn|45
|
|move|p2a: Sceptile|Dragon Pulse|p1a: Mew
|-damage|p1a: Mew|227\/404
|move|p1a: Mew|Knock Off|p2a: Sceptile
|-end|p2a: Sceptile|Substitute
|
|-heal|p1a: Mew|252\/404|[from] item: Leftovers
|turn|46
|
|move|p2a: Sceptile|Giga Drain|p1a: Mew
|-damage|p1a: Mew|131\/404
|-heal|p2a: Sceptile|273\/282|[from] drain|[of] p1a: Mew
|move|p1a: Mew|Roost|p1a: Mew
|-heal|p1a: Mew|333\/404
|
|-heal|p1a: Mew|358\/404|[from] item: Leftovers
|turn|47
|
|move|p2a: Sceptile|Substitute|p2a: Sceptile
|-start|p2a: Sceptile|Substitute
|-damage|p2a: Sceptile|203\/282
|move|p1a: Mew|Knock Off|p2a: Sceptile
|-activate|p2a: Sceptile|Substitute|[damage]
|
|-heal|p1a: Mew|383\/404|[from] item: Leftovers
|turn|48
|
|move|p2a: Sceptile|Giga Drain|p1a: Mew
|-crit|p1a: Mew
|-damage|p1a: Mew|217\/404
|-heal|p2a: Sceptile|282\/282|[from] drain|[of] p1a: Mew
|move|p1a: Mew|Knock Off|p2a: Sceptile
|-end|p2a: Sceptile|Substitute
|
|-heal|p1a: Mew|242\/404|[from] item: Leftovers
|turn|49
|
|move|p2a: Sceptile|Giga Drain|p1a: Mew
|-damage|p1a: Mew|124\/404
|move|p1a: Mew|Roost|p1a: Mew
|-heal|p1a: Mew|326\/404
|
|-heal|p1a: Mew|351\/404|[from] item: Leftovers
|turn|50
|
|move|p2a: Sceptile|Giga Drain|p1a: Mew
|-damage|p1a: Mew|240\/404
|move|p1a: Mew|Knock Off|p2a: Sceptile
|-damage|p2a: Sceptile|219\/282
|
|-heal|p1a: Mew|265\/404|[from] item: Leftovers
|turn|51
|
|switch|p1a: Ferrothorn|Ferrothorn, M|339\/352
|move|p2a: Sceptile|Substitute|p2a: Sceptile
|-start|p2a: Sceptile|Substitute
|-damage|p2a: Sceptile|149\/282
|
|-heal|p1a: Ferrothorn|352\/352|[from] item: Leftovers
|turn|52
|
|move|p2a: Sceptile|Focus Blast|p1a: Ferrothorn
|-supereffective|p1a: Ferrothorn
|-damage|p1a: Ferrothorn|136\/352
|move|p1a: Ferrothorn|Gyro Ball|p2a: Sceptile
|-end|p2a: Sceptile|Substitute
|
|-heal|p1a: Ferrothorn|158\/352|[from] item: Leftovers
|turn|53
|
|switch|p1a: Mew|Mew|265\/404
|move|p2a: Sceptile|Focus Blast|p1a: Mew
|-resisted|p1a: Mew
|-damage|p1a: Mew|199\/404
|-unboost|p1a: Mew|spd|1
|
|-heal|p1a: Mew|224\/404|[from] item: Leftovers
|turn|54
|c|âSxSnipes|xD
|
|switch|p1a: Ferrothorn|Ferrothorn, M|158\/352
|move|p2a: Sceptile|Giga Drain|p1a: Ferrothorn
|-resisted|p1a: Ferrothorn
|-damage|p1a: Ferrothorn|133\/352
|-heal|p2a: Sceptile|162\/282|[from] drain|[of] p1a: Ferrothorn
|
|-heal|p1a: Ferrothorn|155\/352|[from] item: Leftovers
|turn|55
|
|switch|p1a: Mew|Mew|224\/404
|move|p2a: Sceptile|Focus Blast|p1a: Mew
|-resisted|p1a: Mew
|-damage|p1a: Mew|164\/404
|
|-heal|p1a: Mew|189\/404|[from] item: Leftovers
|turn|56
|
|move|p2a: Sceptile|Substitute|p2a: Sceptile
|-start|p2a: Sceptile|Substitute
|-damage|p2a: Sceptile|92\/282
|move|p1a: Mew|Will-O-Wisp|p2a: Sceptile
|
|-heal|p1a: Mew|214\/404|[from] item: Leftovers
|turn|57
|
|move|p2a: Sceptile|Focus Blast|p1a: Mew
|-resisted|p1a: Mew
|-damage|p1a: Mew|150\/404
|move|p1a: Mew|Roost|p1a: Mew
|-heal|p1a: Mew|352\/404
|
|-heal|p1a: Mew|377\/404|[from] item: Leftovers
|turn|58
|
|move|p2a: Sceptile|Giga Drain|p1a: Mew
|-damage|p1a: Mew|250\/404
|-heal|p2a: Sceptile|156\/282|[from] drain|[of] p1a: Mew
|move|p1a: Mew|Knock Off|p2a: Sceptile
|-activate|p2a: Sceptile|Substitute|[damage]
|
|-heal|p1a: Mew|275\/404|[from] item: Leftovers
|turn|59
|
|move|p2a: Sceptile|Focus Blast|p1a: Mew
|-resisted|p1a: Mew
|-damage|p1a: Mew|210\/404
|move|p1a: Mew|Knock Off|p2a: Sceptile
|-end|p2a: Sceptile|Substitute
|
|-heal|p1a: Mew|235\/404|[from] item: Leftovers
|turn|60
|
|move|p2a: Sceptile|Giga Drain|p1a: Mew
|-damage|p1a: Mew|109\/404
|-heal|p2a: Sceptile|219\/282|[from] drain|[of] p1a: Mew
|move|p1a: Mew|Will-O-Wisp|p2a: Sceptile|[miss]
|-miss|p1a: Mew|p2a: Sceptile
|
|-heal|p1a: Mew|134\/404|[from] item: Leftovers
|turn|61
|c|âPagoose|NOOO
|
|move|p2a: Sceptile|Giga Drain|p1a: Mew
|-damage|p1a: Mew|25\/404
|-heal|p2a: Sceptile|274\/282|[from] drain|[of] p1a: Mew
|move|p1a: Mew|Roost|p1a: Mew
|-heal|p1a: Mew|227\/404
|
|-heal|p1a: Mew|252\/404|[from] item: Leftovers
|turn|62
|c|âPagoose|come on
|
|move|p2a: Sceptile|Dragon Pulse|p1a: Mew
|-damage|p1a: Mew|110\/404
|move|p1a: Mew|Knock Off|p2a: Sceptile
|-damage|p2a: Sceptile|213\/282
|
|-heal|p1a: Mew|135\/404|[from] item: Leftovers
|turn|63
|
|switch|p1a: Ferrothorn|Ferrothorn, M|155\/352
|move|p2a: Sceptile|Dragon Pulse|p1a: Ferrothorn
|-resisted|p1a: Ferrothorn
|-damage|p1a: Ferrothorn|88\/352
|
|-heal|p1a: Ferrothorn|110\/352|[from] item: Leftovers
|turn|64
|
|switch|p1a: Landorus-Therian|Landorus-Therian, M|103\/319
|-ability|p1a: Landorus-Therian|Intimidate|[of] p2a: Sceptile
|-unboost|p2a: Sceptile|atk|1
|move|p2a: Sceptile|Dragon Pulse|p1a: Landorus-Therian
|-damage|p1a: Landorus-Therian|0 fnt
|faint|p1a: Landorus-Therian
|
|c|âPagoose|ump
|c|âPagoose|that was dumb of me
|c|âPagoose|I just chocked
|c|âSxSnipes|maybe, depends if i choke or not
|c|âPagoose|choked
|
|switch|p1a: Mew|Mew|135\/404
|turn|65
|c|âPagoose|actually
|c|âPagoose|I think im fine as long as you dont get a high roll
|c|âPagoose|plz mew
|c|âSxSnipes|yea
|
|move|p2a: Sceptile|Dragon Pulse|p1a: Mew
|-damage|p1a: Mew|0 fnt
|faint|p1a: Mew
|
|c|âSxSnipes|depends
|c|âSxSnipes|and there it is
|c|âPagoose|lol
|c|âSxSnipes|xD
|
|switch|p1a: Ferrothorn|Ferrothorn, M|110\/352
|turn|66
|
|move|p2a: Sceptile|Focus Blast|p1a: Ferrothorn
|-supereffective|p1a: Ferrothorn
|-damage|p1a: Ferrothorn|0 fnt
|faint|p1a: Ferrothorn
|
|c|âPagoose|:(
|
|switch|p1a: Keldeo-Resolute|Keldeo-Resolute|88\/323
|turn|67
|
|move|p2a: Sceptile|Giga Drain|p1a: Keldeo-Resolute
|-supereffective|p1a: Keldeo-Resolute
|-damage|p1a: Keldeo-Resolute|0 fnt
|-heal|p2a: Sceptile|257\/282|[from] drain|[of] p1a: Keldeo-Resolute
|faint|p1a: Keldeo-Resolute
|
|win|SxSnipes
|raw|Ladder updating...
|raw|Pagoose's rating: 1239 &rarr; <strong>1208<\/strong><br \/>(-31 for losing)
|raw|SxSnipes's rating: 1158 &rarr; <strong>1189<\/strong><br \/>(+31 for winning)
|c|âPagoose|gg
|c|âSxSnipes|either way
|c|âSxSnipes|gg
|leave|Pagoose
|player|p1