|join|Pagoose
|join|3things
|player|p1|Pagoose|141
|player|p2|3things|281
|gametype|singles
|gen|6
|tier|ORAS OU
|rated
|rule|Sleep Clause Mod: Limit one foe put to sleep
|rule|Species Clause: Limit one of each PokÃ©mon
|rule|OHKO Clause: OHKO moves are banned
|rule|Moody Clause: Moody is banned
|rule|Evasion Moves Clause: Evasion moves are banned
|rule|Endless Battle Clause: Forcing endless battles is banned
|rule|HP Percentage Mod: HP is shown in percentages
|clearpoke
|poke|p1|Salamence, M
|poke|p1|Landorus-Therian, M
|poke|p1|Ferrothorn, M
|poke|p1|Mew
|poke|p1|Latios, M
|poke|p1|Keldeo
|poke|p2|Sharpedo, F
|poke|p2|Volcarona, M
|poke|p2|Latias, F
|poke|p2|Klefki, F
|poke|p2|Landorus-Therian, M
|poke|p2|Dragonite, F
|rule|Swagger Clause: Swagger is banned
|rule|Baton Pass Clause: Limit one PokÃ©mon knowing Baton Pass
|teampreview
|
|start
|switch|p1a: Keldeo|Keldeo|323\/323
|switch|p2a: Volcarona|Volcarona, M|312\/312
|turn|1
|
|switch|p2a: Latias|Latias, F|302\/302
|move|p1a: Keldeo|Scald|p2a: Latias
|-resisted|p2a: Latias
|-damage|p2a: Latias|220\/302
|
|turn|2
|
|switch|p2a: Volcarona|Volcarona, M|312\/312
|move|p1a: Keldeo|Scald|p2a: Volcarona
|-supereffective|p2a: Volcarona
|-damage|p2a: Volcarona|0 fnt
|faint|p2a: Volcarona
|
|c|âPagoose|aww yeah
|
|switch|p2a: Dragonite|Dragonite, F|323\/323
|turn|3
|c|â3things|:[[
|
|switch|p1a: Ferrothorn|Ferrothorn, M|352\/352
|move|p2a: Dragonite|Fire Punch|p1a: Ferrothorn
|-supereffective|p1a: Ferrothorn
|-damage|p1a: Ferrothorn|0 fnt
|-damage|p2a: Dragonite|283\/323|[from] ability: Iron Barbs|[of] p1a: Ferrothorn
|faint|p1a: Ferrothorn
|
|c|â3things|:]]
|c|âPagoose|nice
|
|switch|p1a: Salamence|Salamence, M|331\/331
|-ability|p1a: Salamence|Intimidate|[of] p2a: Dragonite
|-unboost|p2a: Dragonite|atk|1
|turn|4
|
|switch|p1a: Landorus-Therian|Landorus-Therian, M|319\/319
|-ability|p1a: Landorus-Therian|Intimidate|[of] p2a: Dragonite
|-unboost|p2a: Dragonite|atk|1
|switch|p2a: Klefki|Klefki, F|318\/318
|
|turn|5
|
|switch|p2a: Dragonite|Dragonite, F|283\/323
|move|p1a: Landorus-Therian|Earthquake|p2a: Dragonite
|-immune|p2a: Dragonite|[msg]
|
|turn|6
|
|switch|p1a: Latios|Latios, M|301\/301
|move|p2a: Dragonite|Outrage|p1a: Latios
|-supereffective|p1a: Latios
|-damage|p1a: Latios|0 fnt
|faint|p1a: Latios
|
|
|switch|p1a: Keldeo|Keldeo|323\/323
|turn|7
|
|move|p1a: Keldeo|Icy Wind|p2a: Dragonite
|-supereffective|p2a: Dragonite
|-damage|p2a: Dragonite|0 fnt
|faint|p2a: Dragonite
|
|
|switch|p2a: Latias|Latias, F|220\/302
|turn|8
|
|switch|p1a: Mew|Mew|404\/404
|move|p2a: Latias|Draco Meteor|p1a: Mew
|-damage|p1a: Mew|180\/404
|-unboost|p2a: Latias|spa|2
|-damage|p2a: Latias|190\/302|[from] item: Life Orb
|
|-heal|p1a: Mew|205\/404|[from] item: Leftovers
|turn|9
|
|switch|p2a: Klefki|Klefki, F|318\/318
|move|p1a: Mew|Roost|p1a: Mew
|-heal|p1a: Mew|404\/404
|
|turn|10
|
|switch|p1a: Landorus-Therian|Landorus-Therian, M|319\/319
|-ability|p1a: Landorus-Therian|Intimidate|[of] p2a: Klefki
|-unboost|p2a: Klefki|atk|1
|move|p2a: Klefki|Spikes|p1a: Landorus-Therian
|-sidestart|p1: Pagoose|Spikes
|
|turn|11
|
|switch|p2a: Landorus-Therian|Landorus-Therian, M|320\/320
|-ability|p2a: Landorus-Therian|Intimidate|[of] p1a: Landorus-Therian
|-unboost|p1a: Landorus-Therian|atk|1
|move|p1a: Landorus-Therian|Earthquake|p2a: Landorus-Therian
|-immune|p2a: Landorus-Therian|[msg]
|
|turn|12
|
|switch|p1a: Salamence|Salamence, M|331\/331
|-ability|p1a: Salamence|Intimidate|[of] p2a: Landorus-Therian
|-unboost|p2a: Landorus-Therian|atk|1
|move|p2a: Landorus-Therian|U-turn|p1a: Salamence
|-resisted|p1a: Salamence
|-damage|p1a: Salamence|297\/331
|
|switch|p2a: Latias|Latias, F|190\/302
|
|turn|13
|
|switch|p1a: Mew|Mew|404\/404
|-damage|p1a: Mew|354\/404|[from] Spikes
|move|p2a: Latias|Draco Meteor|p1a: Mew
|-damage|p1a: Mew|136\/404
|-unboost|p2a: Latias|spa|2
|-damage|p2a: Latias|160\/302|[from] item: Life Orb
|
|-heal|p1a: Mew|161\/404|[from] item: Leftovers
|turn|14
|c|â3things|good luck
|
|move|p2a: Latias|Draco Meteor|p1a: Mew
|-damage|p1a: Mew|60\/404
|-unboost|p2a: Latias|spa|2
|-damage|p2a: Latias|130\/302|[from] item: Life Orb
|move|p1a: Mew|Taunt|p2a: Latias
|-start|p2a: Latias|move: Taunt
|
|-heal|p1a: Mew|85\/404|[from] item: Leftovers
|turn|15
|c|âPagoose|u2
|
|move|p2a: Latias|Draco Meteor|p1a: Mew
|-damage|p1a: Mew|15\/404
|-unboost|p2a: Latias|spa|2
|-damage|p2a: Latias|100\/302|[from] item: Life Orb
|move|p1a: Mew|Roost|p1a: Mew
|-heal|p1a: Mew|217\/404
|
|-heal|p1a: Mew|242\/404|[from] item: Leftovers
|turn|16
|
|switch|p2a: Klefki|Klefki, F|318\/318
|move|p1a: Mew|Taunt|p2a: Klefki
|-start|p2a: Klefki|move: Taunt
|
|-heal|p1a: Mew|267\/404|[from] item: Leftovers
|turn|17
|
|switch|p2a: Latias|Latias, F|100\/302
|move|p1a: Mew|Will-O-Wisp|p2a: Latias
|-status|p2a: Latias|brn
|
|-heal|p1a: Mew|292\/404|[from] item: Leftovers
|-damage|p2a: Latias|63\/302 brn|[from] brn
|turn|18
|
|switch|p2a: Sharpedo|Sharpedo, F|282\/282
|move|p1a: Mew|Roost|p1a: Mew
|-heal|p1a: Mew|404\/404
|
|turn|19
|
|detailschange|p2a: Sharpedo|Sharpedo-Mega, F
|message|Sharpedo has Mega Evolved into Mega Sharpedo!
|move|p2a: Sharpedo|Crunch|p1a: Mew
|-supereffective|p1a: Mew
|-damage|p1a: Mew|0 fnt
|faint|p1a: Mew
|
|c|âPagoose|oh
|c|âPagoose|you jolly?
|
|switch|p1a: Keldeo|Keldeo|323\/323
|-damage|p1a: Keldeo|283\/323|[from] Spikes
|turn|20
|c|â3things|nope lol
|c|âPagoose|im sure I run enough speed to outspeed base 80s
|c|âPagoose|oh
|c|â3things|regular shark is base 95
|c|âPagoose|it has 95 speed
|c|âPagoose|xD
|c|â3things|lol
|c|âPagoose|I thought it had 80
|
|switch|p2a: Klefki|Klefki, F|318\/318
|move|p1a: Keldeo|Scald|p2a: Klefki
|-damage|p2a: Klefki|87\/318
|
|-heal|p2a: Klefki|106\/318|[from] item: Leftovers
|turn|21
|
|switch|p1a: Landorus-Therian|Landorus-Therian, M|319\/319
|-ability|p1a: Landorus-Therian|Intimidate|[of] p2a: Klefki
|-unboost|p2a: Klefki|atk|1
|move|p2a: Klefki|Foul Play|p1a: Landorus-Therian
|-damage|p1a: Landorus-Therian|196\/319
|
|-heal|p2a: Klefki|125\/318|[from] item: Leftovers
|turn|22
|
|move|p1a: Landorus-Therian|Earthquake|p2a: Klefki
|-supereffective|p2a: Klefki
|-damage|p2a: Klefki|0 fnt
|faint|p2a: Klefki
|
|
|switch|p2a: Landorus-Therian|Landorus-Therian, M|320\/320
|-ability|p2a: Landorus-Therian|Intimidate|[of] p1a: Landorus-Therian
|-unboost|p1a: Landorus-Therian|atk|1
|turn|23
|
|switch|p1a: Keldeo|Keldeo|283\/323
|-damage|p1a: Keldeo|243\/323|[from] Spikes
|move|p2a: Landorus-Therian|U-turn|p1a: Keldeo
|-resisted|p1a: Keldeo
|-damage|p1a: Keldeo|197\/323
|
|switch|p2a: Latias|Latias, F|63\/302 brn
|
|-damage|p2a: Latias|26\/302 brn|[from] brn
|turn|24
|
|switch|p1a: Landorus-Therian|Landorus-Therian, M|196\/319
|-ability|p1a: Landorus-Therian|Intimidate|[of] p2a: Latias
|-unboost|p2a: Latias|atk|1
|move|p2a: Latias|Draco Meteor|p1a: Landorus-Therian
|-damage|p1a: Landorus-Therian|0 fnt
|-unboost|p2a: Latias|spa|2
|-damage|p2a: Latias|0 fnt|[from] item: Life Orb
|faint|p1a: Landorus-Therian
|faint|p2a: Latias
|
|c|â3things|50\/50
|c|âPagoose|yeah
|c|â3things|intense af lol
|c|â3things|u there?
|c|âPagoose|yeah just thinking
|
|switch|p2a: Landorus-Therian|Landorus-Therian, M|320\/320
|switch|p1a: Salamence|Salamence, M|297\/331
|-ability|p2a: Landorus-Therian|Intimidate|[of] p1a: Salamence
|-unboost|p1a: Salamence|atk|1
|-ability|p1a: Salamence|Intimidate|[of] p2a: Landorus-Therian
|-unboost|p2a: Landorus-Therian|atk|1
|turn|25
|
|detailschange|p1a: Salamence|Salamence-Mega, M
|message|Salamence has Mega Evolved into Mega Salamence!
|move|p2a: Landorus-Therian|Stone Edge|p1a: Salamence
|-supereffective|p1a: Salamence
|-damage|p1a: Salamence|155\/331
|move|p1a: Salamence|Dragon Dance|p1a: Salamence
|-boost|p1a: Salamence|atk|1
|-boost|p1a: Salamence|spe|1
|
|turn|26
|
|move|p1a: Salamence|Frustration|p2a: Landorus-Therian
|-damage|p2a: Landorus-Therian|44\/320
|move|p2a: Landorus-Therian|Stone Edge|p1a: Salamence
|-supereffective|p1a: Salamence
|-damage|p1a: Salamence|7\/331
|
|turn|27
|
|move|p1a: Salamence|Frustration|p2a: Landorus-Therian
|-damage|p2a: Landorus-Therian|0 fnt
|faint|p2a: Landorus-Therian
|
|
|switch|p2a: Sharpedo|Sharpedo-Mega, F|282\/282
|turn|28
|c|â3things|gg
|c|âPagoose|gg
|
|move|p1a: Salamence|Frustration|p2a: Sharpedo
|-damage|p2a: Sharpedo|0 fnt
|faint|p2a: Sharpedo
|
|win|Pagoose
|raw|Ladder updating...
|raw|Pagoose's rating: 1441 &rarr; <strong>1450<\/strong><br \/>(+9 for winning)
|raw|3things's rating: 1230 &rarr; <strong>1219<\/strong><br \/>(-11 for losing)
|c|â3things|hold up
|leave|Pagoose
|player|p1