|join|Pagoose
|join|riderofthestorm
|player|p1|Pagoose|141
|player|p2|riderofthestorm|1
|gametype|singles
|gen|6
|tier|ORAS OU
|rated
|rule|Sleep Clause Mod: Limit one foe put to sleep
|rule|Species Clause: Limit one of each PokÃ©mon
|rule|OHKO Clause: OHKO moves are banned
|rule|Moody Clause: Moody is banned
|rule|Evasion Moves Clause: Evasion moves are banned
|rule|Endless Battle Clause: Forcing endless battles is banned
|rule|HP Percentage Mod: HP is shown in percentages
|clearpoke
|poke|p1|Salamence, F
|poke|p1|Azumarill, M
|poke|p1|Thundurus, M
|poke|p1|Bisharp, F
|poke|p1|Mamoswine, M
|poke|p1|Latias, F
|poke|p2|Sceptile, M
|poke|p2|Excadrill, M
|poke|p2|Greninja, M
|poke|p2|Bisharp, F
|poke|p2|Azumarill, F
|poke|p2|Landorus-Therian, M
|rule|Swagger Clause: Swagger is banned
|rule|Baton Pass Clause: Limit one PokÃ©mon knowing Baton Pass
|teampreview
|
|start
|switch|p1a: Thundurus|Thundurus, M|300\/300
|switch|p2a: Landorus-Therian|Landorus-Therian, M|319\/319
|-ability|p2a: Landorus-Therian|Intimidate|[of] p1a: Thundurus
|-unboost|p1a: Thundurus|atk|1
|turn|1
|
|move|p2a: Landorus-Therian|U-turn|p1a: Thundurus
|-resisted|p1a: Thundurus
|-damage|p1a: Thundurus|243\/300
|
|switch|p2a: Bisharp|Bisharp, F|272\/272
|move|p1a: Thundurus|Hidden Power|p2a: Bisharp
|-resisted|p2a: Bisharp
|-damage|p2a: Bisharp|216\/272
|-damage|p1a: Thundurus|213\/300|[from] item: Life Orb
|
|turn|2
|
|move|p1a: Thundurus|Thunder Wave|p2a: Bisharp
|-status|p2a: Bisharp|par
|move|p2a: Bisharp|Substitute|p2a: Bisharp
|-start|p2a: Bisharp|Substitute
|-damage|p2a: Bisharp|148\/272 par
|
|turn|3
|
|move|p1a: Thundurus|Thunderbolt|p2a: Bisharp
|-end|p2a: Bisharp|Substitute
|-damage|p1a: Thundurus|183\/300|[from] item: Life Orb
|move|p2a: Bisharp|Knock Off|p1a: Thundurus
|-crit|p1a: Thundurus
|-damage|p1a: Thundurus|0 fnt
|-enditem|p1a: Thundurus|Life Orb|[from] move: Knock Off|[of] p2a: Bisharp
|-damage|p2a: Bisharp|121\/272 par|[from] item: Life Orb
|faint|p1a: Thundurus
|
|
|switch|p1a: Azumarill|Azumarill, M|400\/400
|turn|4
|
|move|p2a: Bisharp|Sucker Punch|p1a: Azumarill
|-resisted|p1a: Azumarill
|-damage|p1a: Azumarill|284\/400
|-damage|p2a: Bisharp|94\/272 par|[from] item: Life Orb
|move|p1a: Azumarill|Play Rough|p2a: Bisharp
|-damage|p2a: Bisharp|0 fnt
|faint|p2a: Bisharp
|
|
|switch|p2a: Sceptile|Sceptile, M|282\/282
|turn|5
|
|switch|p1a: Salamence|Salamence, F|331\/331
|-ability|p1a: Salamence|Intimidate|[of] p2a: Sceptile
|-unboost|p2a: Sceptile|atk|1
|detailschange|p2a: Sceptile|Sceptile-Mega, M
|message|Sceptile has Mega Evolved into Mega Sceptile!
|move|p2a: Sceptile|Giga Drain|p1a: Salamence
|-resisted|p1a: Salamence
|-damage|p1a: Salamence|282\/331
|
|turn|6
|
|detailschange|p1a: Salamence|Salamence-Mega, F
|message|Salamence has Mega Evolved into Mega Salamence!
|move|p2a: Sceptile|Dragon Pulse|p1a: Salamence
|-supereffective|p1a: Salamence
|-damage|p1a: Salamence|0 fnt
|faint|p1a: Salamence
|
|
|switch|p1a: Mamoswine|Mamoswine, M|361\/361
|turn|7
|
|switch|p2a: Azumarill|Azumarill, F|404\/404
|move|p1a: Mamoswine|Earthquake|p2a: Azumarill
|-damage|p2a: Azumarill|184\/404
|
|turn|8
|
|move|p2a: Azumarill|Aqua Jet|p1a: Mamoswine
|-supereffective|p1a: Mamoswine
|-damage|p1a: Mamoswine|43\/361
|move|p1a: Mamoswine|Earthquake|p2a: Azumarill
|-damage|p2a: Azumarill|0 fnt
|faint|p2a: Azumarill
|
|
|switch|p2a: Landorus-Therian|Landorus-Therian, M|319\/319
|-ability|p2a: Landorus-Therian|Intimidate|[of] p1a: Mamoswine
|-unboost|p1a: Mamoswine|atk|1
|turn|9
|
|switch|p1a: Bisharp|Bisharp, F|271\/271
|move|p2a: Landorus-Therian|U-turn|p1a: Bisharp
|-damage|p1a: Bisharp|188\/271
|
|switch|p2a: Greninja|Greninja, M|285\/285
|
|turn|10
|
|switch|p1a: Azumarill|Azumarill, M|284\/400
|move|p2a: Greninja|Hydro Pump|p1a: Azumarill
|-start|p2a: Greninja|typechange|Water|[from] Protean
|-resisted|p1a: Azumarill
|-damage|p1a: Azumarill|198\/400
|-damage|p2a: Greninja|257\/285|[from] item: Life Orb
|
|turn|11
|
|move|p2a: Greninja|Gunk Shot|p1a: Azumarill|[miss]
|-start|p2a: Greninja|typechange|Poison|[from] Protean
|-miss|p2a: Greninja|p1a: Azumarill
|move|p1a: Azumarill|Play Rough|p2a: Greninja
|-resisted|p2a: Greninja
|-damage|p2a: Greninja|126\/285
|-unboost|p2a: Greninja|atk|1
|
|turn|12
|
|move|p1a: Azumarill|Aqua Jet|p2a: Greninja
|-damage|p2a: Greninja|9\/285
|move|p2a: Greninja|Gunk Shot|p1a: Azumarill
|-supereffective|p1a: Azumarill
|-damage|p1a: Azumarill|0 fnt
|-damage|p2a: Greninja|0 fnt|[from] item: Life Orb
|faint|p1a: Azumarill
|faint|p2a: Greninja
|
|c|âPagoose|forgot it gets that 
|c|âriderofthestorm|god damn
|c|âriderofthestorm|:\/
|c|âPagoose|:\/
|
|switch|p2a: Excadrill|Excadrill, M|361\/361
|switch|p1a: Bisharp|Bisharp, F|188\/271
|-ability|p2a: Excadrill|Mold Breaker
|-item|p2a: Excadrill|Air Balloon
|turn|13
|
|move|p1a: Bisharp|Sucker Punch|p2a: Excadrill
|-damage|p2a: Excadrill|102\/361
|-enditem|p2a: Excadrill|Air Balloon
|-damage|p1a: Bisharp|161\/271|[from] item: Life Orb
|move|p2a: Excadrill|Earthquake|p1a: Bisharp
|-supereffective|p1a: Bisharp
|-damage|p1a: Bisharp|0 fnt
|faint|p1a: Bisharp
|
|
|switch|p1a: Mamoswine|Mamoswine, M|43\/361
|turn|14
|
|move|p1a: Mamoswine|Ice Shard|p2a: Excadrill
|-damage|p2a: Excadrill|0 fnt
|faint|p2a: Excadrill
|
|
|switch|p2a: Landorus-Therian|Landorus-Therian, M|319\/319
|-ability|p2a: Landorus-Therian|Intimidate|[of] p1a: Mamoswine
|-unboost|p1a: Mamoswine|atk|1
|turn|15
|
|switch|p1a: Latias|Latias, F|302\/302
|move|p2a: Landorus-Therian|U-turn|p1a: Latias
|-crit|p1a: Latias
|-supereffective|p1a: Latias
|-damage|p1a: Latias|0 fnt
|faint|p1a: Latias
|
|switch|p2a: Sceptile|Sceptile-Mega, M|282\/282
|
|
|switch|p1a: Mamoswine|Mamoswine, M|43\/361
|turn|16
|
|switch|p2a: Landorus-Therian|Landorus-Therian, M|319\/319
|-ability|p2a: Landorus-Therian|Intimidate|[of] p1a: Mamoswine
|-unboost|p1a: Mamoswine|atk|1
|move|p1a: Mamoswine|Ice Shard|p2a: Landorus-Therian
|-supereffective|p2a: Landorus-Therian
|-damage|p2a: Landorus-Therian|99\/319
|
|turn|17
|
|move|p1a: Mamoswine|Ice Shard|p2a: Landorus-Therian
|-supereffective|p2a: Landorus-Therian
|-damage|p2a: Landorus-Therian|0 fnt
|faint|p2a: Landorus-Therian
|
|
|switch|p2a: Sceptile|Sceptile-Mega, M|282\/282
|turn|18
|
|move|p1a: Mamoswine|Ice Shard|p2a: Sceptile
|-supereffective|p2a: Sceptile
|-damage|p2a: Sceptile|38\/282
|move|p2a: Sceptile|Giga Drain|p1a: Mamoswine
|-supereffective|p1a: Mamoswine
|-damage|p1a: Mamoswine|0 fnt
|-heal|p2a: Sceptile|60\/282|[from] drain|[of] p1a: Mamoswine
|faint|p1a: Mamoswine
|
|win|riderofthestorm
|raw|Ladder updating...
|raw|Pagoose's rating: 1199 &rarr; <strong>1169<\/strong><br \/>(-30 for losing)
|raw|riderofthestorm's rating: 1131 &rarr; <strong>1161<\/strong><br \/>(+30 for winning)
|c|âPagoose|gg
|leave|Pagoose
|player|p1
|c|âriderofthestorm|gg