|join|lil manaphy
|join|Pagoose
|player|p1|lil manaphy|8
|player|p2|Pagoose|141
|gametype|singles
|gen|6
|tier|OU
|rated
|clearpoke
|poke|p1|Gardevoir, F, shiny
|poke|p1|Mandibuzz, F
|poke|p1|Amoonguss, F
|poke|p1|Chansey, F
|poke|p1|Keldeo
|poke|p1|Landorus-Therian, M
|poke|p2|Bisharp, F
|poke|p2|Gardevoir, F
|poke|p2|Greninja, F
|poke|p2|Thundurus, M
|poke|p2|Latias, F
|poke|p2|Heatran, F
|rule|Swagger Clause: Swagger is banned
|rule|Baton Pass Clause: Limit one PokÃ©mon knowing Baton Pass
|rule|Sleep Clause Mod: Limit one foe put to sleep
|rule|Species Clause: Limit one of each PokÃ©mon
|rule|OHKO Clause: OHKO moves are banned
|rule|Moody Clause: Moody is banned
|rule|Evasion Moves Clause: Evasion moves are banned
|rule|Endless Battle Clause: Forcing endless battles is banned
|rule|HP Percentage Mod: HP is shown in percentages
|teampreview
|
|start
|switch|p1a: Landorus-Therian|Landorus-Therian, M|382\/382
|switch|p2a: Thundurus|Thundurus, M|299\/299
|-ability|p1a: Landorus-Therian|Intimidate|[of] p2a: Thundurus
|-unboost|p2a: Thundurus|atk|1
|turn|1
|join|PikachuCandyã
|
|switch|p1a: Zoe|Amoonguss, F|432\/432
|move|p2a: Thundurus|Hidden Power|p1a: Zoe
|-supereffective|p1a: Zoe
|-damage|p1a: Zoe|221\/432
|-damage|p2a: Thundurus|270\/299|[from] item: Life Orb
|
|-heal|p1a: Zoe|248\/432|[from] item: Black Sludge
|turn|2
|
|move|p2a: Thundurus|Hidden Power|p1a: Zoe
|-supereffective|p1a: Zoe
|-damage|p1a: Zoe|48\/432
|-damage|p2a: Thundurus|241\/299|[from] item: Life Orb
|move|p1a: Zoe|Spore|p2a: Thundurus
|-status|p2a: Thundurus|slp
|
|-heal|p1a: Zoe|75\/432|[from] item: Black Sludge
|turn|3
|
|switch|p2a: Heatran|Heatran, F|323\/323
|-item|p2a: Heatran|Air Balloon
|switch|p1a: Landorus-Therian|Landorus-Therian, M|382\/382
|-ability|p1a: Landorus-Therian|Intimidate|[of] p2a: Heatran
|-unboost|p2a: Heatran|atk|1
|
|turn|4
|
|move|p2a: Heatran|Stealth Rock|p1a: Landorus-Therian
|-sidestart|p1: lil manaphy|move: Stealth Rock
|move|p1a: Landorus-Therian|Stealth Rock|p2a: Heatran
|-sidestart|p2: Pagoose|move: Stealth Rock
|
|turn|5
|
|move|p2a: Heatran|Fire Blast|p1a: Landorus-Therian
|-damage|p1a: Landorus-Therian|132\/382
|move|p1a: Landorus-Therian|U-turn|p2a: Heatran
|-resisted|p2a: Heatran
|-damage|p2a: Heatran|305\/323
|-enditem|p2a: Heatran|Air Balloon
|
|switch|p1a: Keldeo|Keldeo|323\/323
|-damage|p1a: Keldeo|303\/323|[from] Stealth Rock
|
|-heal|p1a: Keldeo|323\/323|[from] item: Leftovers
|turn|6
|
|switch|p2a: Latias|Latias, F|302\/302
|-damage|p2a: Latias|265\/302|[from] Stealth Rock
|move|p1a: Keldeo|Scald|p2a: Latias
|-resisted|p2a: Latias
|-damage|p2a: Latias|212\/302
|
|turn|7
|
|switch|p2a: Bisharp|Bisharp, F|271\/271
|-damage|p2a: Bisharp|255\/271|[from] Stealth Rock
|switch|p1a: Chansey|Chansey, F|704\/704
|-damage|p1a: Chansey|616\/704|[from] Stealth Rock
|
|turn|8
|
|move|p2a: Bisharp|Pursuit|p1a: Chansey|[from]Pursuit
|-damage|p1a: Chansey|366\/704
|-damage|p2a: Bisharp|228\/271|[from] item: Life Orb
|switch|p1a: Laveau|Mandibuzz, F|424\/424
|-damage|p1a: Laveau|318\/424|[from] Stealth Rock
|
|-heal|p1a: Laveau|344\/424|[from] item: Leftovers
|turn|9
|
|switch|p2a: Gardevoir|Gardevoir, F|277\/277
|-damage|p2a: Gardevoir|243\/277|[from] Stealth Rock
|-ability|p2a: Gardevoir|Overcoat|[from] ability: Trace|[of] p1a: Laveau
|move|p1a: Laveau|Foul Play|p2a: Gardevoir
|-damage|p2a: Gardevoir|146\/277
|
|-heal|p1a: Laveau|370\/424|[from] item: Leftovers
|turn|10
|
|switch|p1a: Landorus-Therian|Landorus-Therian, M|132\/382
|-damage|p1a: Landorus-Therian|85\/382|[from] Stealth Rock
|-ability|p1a: Landorus-Therian|Intimidate|[of] p2a: Gardevoir
|-unboost|p2a: Gardevoir|atk|1
|detailschange|p2a: Gardevoir|Gardevoir-Mega, F
|message|Gardevoir has Mega Evolved into Mega Gardevoir!
|move|p2a: Gardevoir|Hyper Voice|p1a: Landorus-Therian
|-damage|p1a: Landorus-Therian|0 fnt
|faint|p1a: Landorus-Therian
|
|
|switch|p1a: Misty day|Gardevoir, F, shiny|277\/277
|-damage|p1a: Misty day|243\/277|[from] Stealth Rock
|-ability|p1a: Misty day|Pixilate|[from] ability: Trace|[of] p2a: Gardevoir
|turn|11
|
|detailschange|p1a: Misty day|Gardevoir-Mega, F, shiny
|message|Gardevoir has Mega Evolved into Mega Gardevoir!
|move|p2a: Gardevoir|Hyper Voice|p1a: Misty day
|-damage|p1a: Misty day|48\/277
|move|p1a: Misty day|Hyper Voice|p2a: Gardevoir
|-damage|p2a: Gardevoir|0 fnt
|faint|p2a: Gardevoir
|
|
|switch|p2a: Latias|Latias, F|212\/302
|-damage|p2a: Latias|175\/302|[from] Stealth Rock
|turn|12
|
|move|p2a: Latias|Psyshock|p1a: Misty day
|-resisted|p1a: Misty day
|-damage|p1a: Misty day|0 fnt
|-damage|p2a: Latias|145\/302|[from] item: Life Orb
|faint|p1a: Misty day
|
|
|switch|p1a: Chansey|Chansey, F|366\/704
|-damage|p1a: Chansey|278\/704|[from] Stealth Rock
|turn|13
|
|switch|p2a: Bisharp|Bisharp, F|228\/271
|-damage|p2a: Bisharp|212\/271|[from] Stealth Rock
|move|p1a: Chansey|Soft-Boiled|p1a: Chansey
|-heal|p1a: Chansey|630\/704
|
|turn|14
|
|switch|p1a: Keldeo|Keldeo|323\/323
|-damage|p1a: Keldeo|303\/323|[from] Stealth Rock
|move|p2a: Bisharp|Knock Off|p1a: Keldeo
|-resisted|p1a: Keldeo
|-damage|p1a: Keldeo|167\/323
|-boost|p1a: Keldeo|atk|1|[from] ability: Justified
|-enditem|p1a: Keldeo|Leftovers|[from] move: Knock Off|[of] p2a: Bisharp
|-damage|p2a: Bisharp|185\/271|[from] item: Life Orb
|
|turn|15
|
|switch|p2a: Heatran|Heatran, F|305\/323
|-damage|p2a: Heatran|265\/323|[from] Stealth Rock
|move|p1a: Keldeo|Secret Sword|p2a: Heatran
|-supereffective|p2a: Heatran
|-damage|p2a: Heatran|0 fnt
|faint|p2a: Heatran
|
|
|switch|p2a: Greninja|Greninja, F|286\/286
|-damage|p2a: Greninja|251\/286|[from] Stealth Rock
|turn|16
|
|switch|p2a: Bisharp|Bisharp, F|185\/271
|-damage|p2a: Bisharp|169\/271|[from] Stealth Rock
|move|p1a: Keldeo|Secret Sword|p2a: Bisharp
|-supereffective|p2a: Bisharp
|-damage|p2a: Bisharp|0 fnt
|faint|p2a: Bisharp
|
|
|switch|p2a: Greninja|Greninja, F|251\/286
|-damage|p2a: Greninja|216\/286|[from] Stealth Rock
|turn|17
|
|switch|p1a: Chansey|Chansey, F|630\/704
|-damage|p1a: Chansey|542\/704|[from] Stealth Rock
|move|p2a: Greninja|Extrasensory|p1a: Chansey
|-start|p2a: Greninja|typechange|Psychic|[from] Protean
|-damage|p1a: Chansey|435\/704
|-damage|p2a: Greninja|188\/286|[from] item: Life Orb
|
|turn|18
|
|move|p2a: Greninja|Ice Beam|p1a: Chansey
|-start|p2a: Greninja|typechange|Ice|[from] Protean
|-damage|p1a: Chansey|326\/704
|-damage|p2a: Greninja|160\/286|[from] item: Life Orb
|move|p1a: Chansey|Soft-Boiled|p1a: Chansey
|-heal|p1a: Chansey|678\/704
|
|turn|19
|
|switch|p2a: Latias|Latias, F|145\/302
|-damage|p2a: Latias|108\/302|[from] Stealth Rock
|move|p1a: Chansey|Wish|p1a: Chansey
|
|turn|20
|
|move|p2a: Latias|Healing Wish|p2a: Latias
|faint|p2a: Latias
|move|p1a: Chansey|Seismic Toss|p2: Latias|[notarget]
|-notarget
|
|-heal|p1a: Chansey|704\/704|[from] move: Wish|[wisher] Chansey
|
|switch|p2a: Thundurus|Thundurus, M|241\/299 slp
|-heal|p2a: Thundurus|299\/299|[from] move: Healing Wish
|-damage|p2a: Thundurus|225\/299|[from] Stealth Rock
|turn|21
|
|move|p2a: Thundurus|Thunder Wave|p1a: Chansey
|-status|p1a: Chansey|par
|move|p1a: Chansey|Seismic Toss|p2a: Thundurus
|-damage|p2a: Thundurus|125\/299
|
|turn|22
|
|move|p2a: Thundurus|Focus Blast|p1a: Chansey
|-supereffective|p1a: Chansey
|-damage|p1a: Chansey|486\/704 par
|-damage|p2a: Thundurus|96\/299|[from] item: Life Orb
|move|p1a: Chansey|Seismic Toss|p2a: Thundurus
|-damage|p2a: Thundurus|0 fnt
|faint|p2a: Thundurus
|
|
|switch|p2a: Greninja|Greninja, F|160\/286
|-damage|p2a: Greninja|125\/286|[from] Stealth Rock
|turn|23
|
|switch|p1a: Zoe|Amoonguss, F|219\/432
|-damage|p1a: Zoe|165\/432|[from] Stealth Rock
|move|p2a: Greninja|Extrasensory|p1a: Zoe
|-start|p2a: Greninja|typechange|Psychic|[from] Protean
|-supereffective|p1a: Zoe
|-damage|p1a: Zoe|0 fnt
|-damage|p2a: Greninja|97\/286|[from] item: Life Orb
|faint|p1a: Zoe
|
|
|switch|p1a: Chansey|Chansey, F|486\/704
|-damage|p1a: Chansey|398\/704|[from] Stealth Rock
|turn|24
|
|move|p2a: Greninja|Ice Beam|p1a: Chansey
|-start|p2a: Greninja|typechange|Ice|[from] Protean
|-damage|p1a: Chansey|291\/704
|-damage|p2a: Greninja|69\/286|[from] item: Life Orb
|move|p1a: Chansey|Seismic Toss|p2a: Greninja
|-damage|p2a: Greninja|0 fnt
|faint|p2a: Greninja
|
|win|lil manaphy
|raw|Ladder updating...
|raw|lil manaphy's rating: 1820 &rarr; <strong>1835<\/strong><br \/>(+15 for winning)
|raw|Pagoose's rating: 1732 &rarr; <strong>1717<\/strong><br \/>(-15 for losing)