|join|The Last Hero
|join|Pagoose
|player|p1|The Last Hero|54
|player|p2|Pagoose|141
|gametype|singles
|gen|6
|tier|OU
|rated
|clearpoke
|poke|p1|Zapdos
|poke|p1|Garchomp, M
|poke|p1|Gastrodon, M
|poke|p1|Victini
|poke|p1|Tyranitar, M
|poke|p1|Breloom, M
|poke|p2|Venusaur, M
|poke|p2|Heatran, F
|poke|p2|Tyranitar, F
|poke|p2|Keldeo
|poke|p2|Landorus, M
|poke|p2|Excadrill, F
|rule|Swagger Clause: Swagger is banned
|rule|Baton Pass Clause: Limit one PokÃ©mon knowing Baton Pass
|rule|Sleep Clause Mod: Limit one foe put to sleep
|rule|Species Clause: Limit one of each PokÃ©mon
|rule|OHKO Clause: OHKO moves are banned
|rule|Moody Clause: Moody is banned
|rule|Evasion Moves Clause: Evasion moves are banned
|rule|Endless Battle Clause: Forcing endless battles is banned
|rule|HP Percentage Mod: HP is shown in percentages
|teampreview
|
|start
|switch|p1a: Vintini|Victini|341\/341
|switch|p2a: Keldeo|Keldeo|322\/322
|turn|1
|
|switch|p2a: Venusaur|Venusaur, M|359\/359
|move|p1a: Vintini|U-turn|p2a: Venusaur
|-damage|p2a: Venusaur|271\/359
|
|switch|p1a: T-Rex|Tyranitar, M|404\/404
|-weather|Sandstorm
|
|-weather|Sandstorm|[upkeep]
|-damage|p2a: Venusaur|249\/359|[from] sandstorm
|turn|2
|
|switch|p2a: Keldeo|Keldeo|322\/322
|switch|p1a: Mr Hongo|Breloom, M|320\/320
|
|-weather|Sandstorm|[upkeep]
|-damage|p2a: Keldeo|302\/322|[from] sandstorm
|-damage|p1a: Mr Hongo|300\/320|[from] sandstorm
|-status|p1a: Mr Hongo|tox|[from] item: Toxic Orb
|turn|3
|
|switch|p1a: Baboso|Gastrodon, M|426\/426
|move|p2a: Keldeo|Hidden Power|p1a: Baboso
|-damage|p1a: Baboso|312\/426
|
|-weather|Sandstorm|[upkeep]
|-damage|p2a: Keldeo|282\/322|[from] sandstorm
|-heal|p1a: Baboso|338\/426|[from] item: Leftovers
|turn|4
|
|switch|p2a: Venusaur|Venusaur, M|249\/359
|switch|p1a: Chompy|Garchomp, M|357\/357
|
|-weather|Sandstorm|[upkeep]
|-damage|p2a: Venusaur|227\/359|[from] sandstorm
|turn|5
|
|detailschange|p1a: Chompy|Garchomp-Mega, M
|message|Garchomp has Mega Evolved into Mega Garchomp!
|detailschange|p2a: Venusaur|Venusaur-Mega, M
|message|Venusaur has Mega Evolved into Mega Venusaur!
|move|p1a: Chompy|Earthquake|p2a: Venusaur
|-damage|p2a: Venusaur|14\/359
|move|p2a: Venusaur|Giga Drain|p1a: Chompy
|-damage|p1a: Chompy|215\/357
|-heal|p2a: Venusaur|85\/359|[from] drain|[of] p1a: Chompy
|
|-weather|none
|turn|6
|
|switch|p2a: Keldeo|Keldeo|282\/322
|move|p1a: Chompy|Draco Meteor|p2a: Keldeo
|-damage|p2a: Keldeo|23\/322
|-unboost|p1a: Chompy|spa|2
|
|turn|7
|
|switch|p2a: Venusaur|Venusaur-Mega, M|85\/359
|switch|p1a: Baboso|Gastrodon, M|338\/426
|
|-heal|p1a: Baboso|364\/426|[from] item: Leftovers
|turn|8
|
|switch|p1a: T-Rex|Tyranitar, M|404\/404
|-weather|Sandstorm
|move|p2a: Venusaur|Synthesis|p2a: Venusaur
|-heal|p2a: Venusaur|175\/359
|
|-weather|Sandstorm|[upkeep]
|-damage|p2a: Venusaur|153\/359|[from] sandstorm
|turn|9
|
|switch|p1a: Vintini|Victini|341\/341
|move|p2a: Venusaur|Giga Drain|p1a: Vintini
|-resisted|p1a: Vintini
|-damage|p1a: Vintini|277\/341
|-heal|p2a: Venusaur|185\/359|[from] drain|[of] p1a: Vintini
|
|-weather|Sandstorm|[upkeep]
|-damage|p1a: Vintini|256\/341|[from] sandstorm
|-damage|p2a: Venusaur|163\/359|[from] sandstorm
|turn|10
|
|switch|p2a: Heatran|Heatran, F|386\/386
|move|p1a: Vintini|U-turn|p2a: Heatran
|-resisted|p2a: Heatran
|-damage|p2a: Heatran|367\/386
|
|switch|p1a: Chompy|Garchomp-Mega, M|215\/357
|
|-weather|Sandstorm|[upkeep]
|-heal|p2a: Heatran|386\/386|[from] item: Leftovers
|turn|11
|
|move|p1a: Chompy|Stone Edge|p2a: Heatran
|-damage|p2a: Heatran|230\/386
|move|p2a: Heatran|Stealth Rock|p1a: Chompy
|-sidestart|p1: The Last Hero|move: Stealth Rock
|
|-weather|Sandstorm|[upkeep]
|-heal|p2a: Heatran|254\/386|[from] item: Leftovers
|turn|12
|
|switch|p2a: Landorus|Landorus, M|320\/320
|move|p1a: Chompy|Stone Edge|p2a: Landorus
|-damage|p2a: Landorus|113\/320
|
|-weather|none
|turn|13
|
|move|p2a: Landorus|Hidden Power|p1a: Chompy
|-supereffective|p1a: Chompy
|-damage|p1a: Chompy|0 fnt
|-damage|p2a: Landorus|81\/320|[from] item: Life Orb
|faint|p1a: Chompy
|
|
|switch|p1a: Zapdos|Zapdos|383\/383
|-damage|p1a: Zapdos|288\/383|[from] Stealth Rock
|-ability|p1a: Zapdos|Pressure
|turn|14
|
|switch|p2a: Tyranitar|Tyranitar, F|341\/341
|-weather|Sandstorm
|move|p1a: Zapdos|Defog|p2a: Tyranitar
|-unboost|p2a: Tyranitar|evasion|1
|-sideend|p1: The Last Hero|Stealth Rock|[from] move: Defog|[of] p1a: Zapdos
|
|-weather|Sandstorm|[upkeep]
|-damage|p1a: Zapdos|265\/383|[from] sandstorm
|-heal|p1a: Zapdos|288\/383|[from] item: Leftovers
|turn|15
|
|move|p2a: Tyranitar|Pursuit|p1a: Zapdos
|-damage|p1a: Zapdos|200\/383
|move|p1a: Zapdos|Roost|p1a: Zapdos
|-heal|p1a: Zapdos|383\/383
|
|-weather|Sandstorm|[upkeep]
|-damage|p1a: Zapdos|360\/383|[from] sandstorm
|-heal|p1a: Zapdos|383\/383|[from] item: Leftovers
|turn|16
|
|switch|p2a: Heatran|Heatran, F|254\/386
|switch|p1a: T-Rex|Tyranitar, M|404\/404
|
|-weather|Sandstorm|[upkeep]
|-heal|p2a: Heatran|278\/386|[from] item: Leftovers
|turn|17
|
|switch|p2a: Landorus|Landorus, M|81\/320
|move|p1a: T-Rex|Substitute|p1a: T-Rex
|-start|p1a: T-Rex|Substitute
|-damage|p1a: T-Rex|303\/404
|
|-weather|Sandstorm|[upkeep]
|-heal|p1a: T-Rex|328\/404|[from] item: Leftovers
|turn|18
|
|move|p2a: Landorus|Earth Power|p1a: T-Rex
|-supereffective|p1a: T-Rex
|-end|p1a: T-Rex|Substitute
|move|p1a: T-Rex|Crunch|p2a: Landorus
|-damage|p2a: Landorus|0 fnt
|faint|p2a: Landorus
|
|-weather|none
|-heal|p1a: T-Rex|353\/404|[from] item: Leftovers
|
|switch|p2a: Keldeo|Keldeo|23\/322
|turn|19
|
|switch|p1a: Zapdos|Zapdos|383\/383
|-ability|p1a: Zapdos|Pressure
|move|p2a: Keldeo|Secret Sword|p1a: Zapdos
|-resisted|p1a: Zapdos
|-damage|p1a: Zapdos|298\/383
|
|-heal|p1a: Zapdos|321\/383|[from] item: Leftovers
|turn|20
|
|switch|p2a: Tyranitar|Tyranitar, F|341\/341
|-weather|Sandstorm
|switch|p1a: Vintini|Victini|256\/341
|
|-weather|Sandstorm|[upkeep]
|-damage|p1a: Vintini|235\/341|[from] sandstorm
|turn|21
|
|move|p1a: Vintini|U-turn|p2a: Tyranitar
|-crit|p2a: Tyranitar
|-supereffective|p2a: Tyranitar
|-damage|p2a: Tyranitar|111\/341
|
|move|p2a: Tyranitar|Pursuit|p1a: Vintini|[from]Pursuit
|-supereffective|p1a: Vintini
|-damage|p1a: Vintini|0 fnt
|faint|p1a: Vintini
|
|-weather|Sandstorm|[upkeep]
|
|switch|p1a: T-Rex|Tyranitar, M|353\/404
|turn|22
|
|switch|p2a: Keldeo|Keldeo|23\/322
|move|p1a: T-Rex|Substitute|p1a: T-Rex
|-start|p1a: T-Rex|Substitute
|-damage|p1a: T-Rex|252\/404
|
|-weather|Sandstorm|[upkeep]
|-damage|p2a: Keldeo|3\/322|[from] sandstorm
|-heal|p1a: T-Rex|277\/404|[from] item: Leftovers
|turn|23
|
|move|p2a: Keldeo|Secret Sword|p1a: T-Rex
|-supereffective|p1a: T-Rex
|-end|p1a: T-Rex|Substitute
|move|p1a: T-Rex|Substitute|p1a: T-Rex
|-start|p1a: T-Rex|Substitute
|-damage|p1a: T-Rex|176\/404
|
|-weather|Sandstorm|[upkeep]
|-damage|p2a: Keldeo|0 fnt|[from] sandstorm
|-heal|p1a: T-Rex|201\/404|[from] item: Leftovers
|faint|p2a: Keldeo
|
|switch|p2a: Tyranitar|Tyranitar, F|111\/341
|turn|24
|
|-singleturn|p1a: T-Rex|move: Focus Punch
|move|p2a: Tyranitar|Superpower|p1a: T-Rex
|-crit|p1a: T-Rex
|-supereffective|p1a: T-Rex
|-end|p1a: T-Rex|Substitute
|-unboost|p2a: Tyranitar|atk|1
|-unboost|p2a: Tyranitar|def|1
|move|p1a: T-Rex|Focus Punch|p2a: Tyranitar
|-supereffective|p2a: Tyranitar
|-damage|p2a: Tyranitar|0 fnt
|faint|p2a: Tyranitar
|
|-weather|none
|-heal|p1a: T-Rex|226\/404|[from] item: Leftovers
|
|switch|p2a: Excadrill|Excadrill, F|362\/362
|turn|25
|
|switch|p1a: Zapdos|Zapdos|321\/383
|-ability|p1a: Zapdos|Pressure
|move|p2a: Excadrill|Iron Head|p1a: Zapdos
|-resisted|p1a: Zapdos
|-damage|p1a: Zapdos|237\/383
|-damage|p2a: Excadrill|326\/362|[from] item: Life Orb
|
|-heal|p1a: Zapdos|260\/383|[from] item: Leftovers
|turn|26
|
|switch|p2a: Heatran|Heatran, F|278\/386
|switch|p1a: Mr Hongo|Breloom, M|300\/320 tox
|
|-heal|p2a: Heatran|302\/386|[from] item: Leftovers
|-heal|p1a: Mr Hongo|320\/320 tox|[from] ability: Poison Heal
|turn|27
|
|switch|p2a: Venusaur|Venusaur-Mega, M|163\/359
|move|p1a: Mr Hongo|Spore|p2a: Venusaur
|-fail|p2a: Venusaur
|
|turn|28
|
|switch|p1a: T-Rex|Tyranitar, M|226\/404
|-weather|Sandstorm
|move|p2a: Venusaur|Giga Drain|p1a: T-Rex
|-supereffective|p1a: T-Rex
|-damage|p1a: T-Rex|32\/404
|-heal|p2a: Venusaur|260\/359|[from] drain|[of] p1a: T-Rex
|
|-weather|Sandstorm|[upkeep]
|-damage|p2a: Venusaur|238\/359|[from] sandstorm
|-heal|p1a: T-Rex|57\/404|[from] item: Leftovers
|turn|29
|
|switch|p2a: Excadrill|Excadrill, F|326\/362
|switch|p1a: Zapdos|Zapdos|260\/383
|-ability|p1a: Zapdos|Pressure
|
|-weather|Sandstorm|[upkeep]
|-damage|p1a: Zapdos|237\/383|[from] sandstorm
|-heal|p1a: Zapdos|260\/383|[from] item: Leftovers
|turn|30
|
|switch|p2a: Heatran|Heatran, F|302\/386
|switch|p1a: Baboso|Gastrodon, M|364\/426
|
|-weather|Sandstorm|[upkeep]
|-heal|p2a: Heatran|326\/386|[from] item: Leftovers
|-heal|p1a: Baboso|390\/426|[from] item: Leftovers
|turn|31
|
|switch|p2a: Venusaur|Venusaur-Mega, M|238\/359
|move|p1a: Baboso|Scald|p2a: Venusaur
|-resisted|p2a: Venusaur
|-damage|p2a: Venusaur|199\/359
|-status|p2a: Venusaur|brn
|
|-weather|Sandstorm|[upkeep]
|-damage|p2a: Venusaur|177\/359 brn|[from] sandstorm
|-heal|p1a: Baboso|416\/426|[from] item: Leftovers
|-damage|p2a: Venusaur|133\/359 brn|[from] brn
|turn|32
|
|switch|p1a: Zapdos|Zapdos|260\/383
|-ability|p1a: Zapdos|Pressure
|move|p2a: Venusaur|Giga Drain|p1a: Zapdos
|-resisted|p1a: Zapdos
|-damage|p1a: Zapdos|188\/383
|-heal|p2a: Venusaur|169\/359 brn|[from] drain|[of] p1a: Zapdos
|
|-weather|none
|-heal|p1a: Zapdos|211\/383|[from] item: Leftovers
|-damage|p2a: Venusaur|125\/359 brn|[from] brn
|turn|33
|
|switch|p1a: T-Rex|Tyranitar, M|57\/404
|-weather|Sandstorm
|move|p2a: Venusaur|Synthesis|p2a: Venusaur
|-heal|p2a: Venusaur|215\/359 brn
|
|-weather|Sandstorm|[upkeep]
|-damage|p2a: Venusaur|193\/359 brn|[from] sandstorm
|-heal|p1a: T-Rex|82\/404|[from] item: Leftovers
|-damage|p2a: Venusaur|149\/359 brn|[from] brn
|turn|34
|
|switch|p2a: Excadrill|Excadrill, F|326\/362
|switch|p1a: Zapdos|Zapdos|211\/383
|-ability|p1a: Zapdos|Pressure
|
|-weather|Sandstorm|[upkeep]
|-damage|p1a: Zapdos|188\/383|[from] sandstorm
|-heal|p1a: Zapdos|211\/383|[from] item: Leftovers
|turn|35
|
|move|p2a: Excadrill|Rock Slide|p1a: Zapdos
|-supereffective|p1a: Zapdos
|-damage|p1a: Zapdos|0 fnt
|-damage|p2a: Excadrill|290\/362|[from] item: Life Orb
|faint|p1a: Zapdos
|
|-weather|Sandstorm|[upkeep]
|
|switch|p1a: Baboso|Gastrodon, M|416\/426
|turn|36
|
|switch|p2a: Heatran|Heatran, F|326\/386
|move|p1a: Baboso|Earthquake|p2a: Heatran
|-supereffective|p2a: Heatran
|-damage|p2a: Heatran|0 fnt
|faint|p2a: Heatran
|
|-weather|Sandstorm|[upkeep]
|-heal|p1a: Baboso|426\/426|[from] item: Leftovers
|
|switch|p2a: Venusaur|Venusaur-Mega, M|149\/359 brn
|turn|37
|
|switch|p1a: Mr Hongo|Breloom, M|320\/320 tox
|move|p2a: Venusaur|Giga Drain|p1a: Mr Hongo
|-resisted|p1a: Mr Hongo
|-damage|p1a: Mr Hongo|207\/320 tox
|-heal|p2a: Venusaur|206\/359 brn|[from] drain|[of] p1a: Mr Hongo
|
|-weather|none
|-damage|p2a: Venusaur|162\/359 brn|[from] brn
|-heal|p1a: Mr Hongo|247\/320 tox|[from] ability: Poison Heal
|turn|38
|
|switch|p1a: T-Rex|Tyranitar, M|82\/404
|-weather|Sandstorm
|move|p2a: Venusaur|Synthesis|p2a: Venusaur
|-heal|p2a: Venusaur|252\/359 brn
|
|-weather|Sandstorm|[upkeep]
|-damage|p2a: Venusaur|230\/359 brn|[from] sandstorm
|-heal|p1a: T-Rex|107\/404|[from] item: Leftovers
|-damage|p2a: Venusaur|186\/359 brn|[from] brn
|turn|39
|
|switch|p1a: Mr Hongo|Breloom, M|247\/320 tox
|move|p2a: Venusaur|Giga Drain|p1a: Mr Hongo
|-resisted|p1a: Mr Hongo
|-damage|p1a: Mr Hongo|149\/320 tox
|-heal|p2a: Venusaur|235\/359 brn|[from] drain|[of] p1a: Mr Hongo
|
|-weather|Sandstorm|[upkeep]
|-damage|p2a: Venusaur|213\/359 brn|[from] sandstorm
|-damage|p1a: Mr Hongo|129\/320 tox|[from] sandstorm
|-damage|p2a: Venusaur|169\/359 brn|[from] brn
|-heal|p1a: Mr Hongo|169\/320 tox|[from] ability: Poison Heal
|turn|40
|
|switch|p1a: T-Rex|Tyranitar, M|107\/404
|move|p2a: Venusaur|Synthesis|p2a: Venusaur
|-heal|p2a: Venusaur|259\/359 brn
|
|-weather|Sandstorm|[upkeep]
|-damage|p2a: Venusaur|237\/359 brn|[from] sandstorm
|-heal|p1a: T-Rex|132\/404|[from] item: Leftovers
|-damage|p2a: Venusaur|193\/359 brn|[from] brn
|turn|41
|
|switch|p1a: Mr Hongo|Breloom, M|169\/320 tox
|move|p2a: Venusaur|Giga Drain|p1a: Mr Hongo
|-resisted|p1a: Mr Hongo
|-damage|p1a: Mr Hongo|71\/320 tox
|-heal|p2a: Venusaur|242\/359 brn|[from] drain|[of] p1a: Mr Hongo
|
|-weather|Sandstorm|[upkeep]
|-damage|p2a: Venusaur|220\/359 brn|[from] sandstorm
|-damage|p1a: Mr Hongo|51\/320 tox|[from] sandstorm
|-damage|p2a: Venusaur|176\/359 brn|[from] brn
|-heal|p1a: Mr Hongo|91\/320 tox|[from] ability: Poison Heal
|turn|42
|
|move|p2a: Venusaur|Giga Drain|p1a: Mr Hongo
|-resisted|p1a: Mr Hongo
|-damage|p1a: Mr Hongo|0 fnt
|-heal|p2a: Venusaur|222\/359 brn|[from] drain|[of] p1a: Mr Hongo
|faint|p1a: Mr Hongo
|
|-weather|none
|-damage|p2a: Venusaur|178\/359 brn|[from] brn
|c|âThe Last Hero|gg, i am too mega-venu weak
|
|switch|p1a: Baboso|Gastrodon, M|426\/426
|turn|43
|
|switch|p1a: T-Rex|Tyranitar, M|132\/404
|-weather|Sandstorm
|move|p2a: Venusaur|Giga Drain|p1a: T-Rex
|-supereffective|p1a: T-Rex
|-damage|p1a: T-Rex|0 fnt
|-heal|p2a: Venusaur|244\/359 brn|[from] drain|[of] p1a: T-Rex
|faint|p1a: T-Rex
|
|-weather|Sandstorm|[upkeep]
|-damage|p2a: Venusaur|222\/359 brn|[from] sandstorm
|-damage|p2a: Venusaur|178\/359 brn|[from] brn
|
|switch|p1a: Baboso|Gastrodon, M|426\/426
|turn|44
|
|move|p2a: Venusaur|Giga Drain|p1a: Baboso
|-supereffective|p1a: Baboso
|-damage|p1a: Baboso|0 fnt
|-heal|p2a: Venusaur|359\/359 brn|[from] drain|[of] p1a: Baboso
|faint|p1a: Baboso
|
|win|Pagoose
|raw|Ladder updating...
|c|âPagoose|gg
|raw|The Last Hero's rating: 1691 &rarr; <strong>1667<\/strong><br \/>(-24 for losing)
|raw|Pagoose's rating: 1636 &rarr; <strong>1659<\/strong><br \/>(+23 for winning)
|leave|Pagoose
|player|p2