|join|Pagoose
|join|darkerones72
|player|p1|Pagoose|141
|player|p2|darkerones72|291
|gametype|singles
|gen|6
|tier|OU
|rated
|clearpoke
|poke|p1|Politoed, F
|poke|p1|Ferrothorn, M
|poke|p1|Kabutops, F
|poke|p1|Kingdra, M
|poke|p1|Heracross, M
|poke|p1|Mew
|poke|p2|Skarmory, M
|poke|p2|Chansey, F
|poke|p2|Charizard, F
|poke|p2|Amoonguss, F
|poke|p2|Gliscor, M
|poke|p2|Quagsire, F
|rule|Swagger Clause: Swagger is banned
|rule|Baton Pass Clause: Limit one PokÃ©mon knowing Baton Pass
|rule|Sleep Clause Mod: Limit one foe put to sleep
|rule|Species Clause: Limit one of each PokÃ©mon
|rule|OHKO Clause: OHKO moves are banned
|rule|Moody Clause: Moody is banned
|rule|Evasion Moves Clause: Evasion moves are banned
|rule|Endless Battle Clause: Forcing endless battles is banned
|rule|HP Percentage Mod: HP is shown in percentages
|teampreview
|
|start
|switch|p1a: Politoed|Politoed, F|383\/383
|switch|p2a: Amoonguss|Amoonguss, F|432\/432
|-weather|RainDance
|turn|1
|
|switch|p1a: Ferrothorn|Ferrothorn, M|352\/352
|switch|p2a: Skarmory|Skarmory, M|334\/334
|
|-weather|RainDance|[upkeep]
|turn|2
|
|switch|p2a: Charizard|Charizard, F|359\/359
|switch|p1a: Kingdra|Kingdra, M|301\/301
|
|-weather|RainDance|[upkeep]
|turn|3
|
|switch|p2a: Chansey|Chansey, F|704\/704
|move|p1a: Kingdra|Hydro Pump|p2a: Chansey|[miss]
|-miss|p1a: Kingdra|p2a: Chansey
|
|-weather|RainDance|[upkeep]
|turn|4
|
|switch|p1a: Heracross|Heracross, M|301\/301
|move|p2a: Chansey|Toxic|p1a: Heracross
|-status|p1a: Heracross|tox
|
|-weather|RainDance|[upkeep]
|-damage|p1a: Heracross|283\/301 tox|[from] psn
|turn|5
|
|switch|p2a: Gliscor|Gliscor, M|352\/352
|move|p1a: Heracross|Swords Dance|p1a: Heracross
|-boost|p1a: Heracross|atk|2
|
|-weather|RainDance|[upkeep]
|-damage|p1a: Heracross|247\/301 tox|[from] psn
|-status|p2a: Gliscor|tox|[from] item: Toxic Orb
|turn|6
|
|move|p1a: Heracross|Rock Blast|p2a: Gliscor
|-damage|p2a: Gliscor|278\/352 tox
|-damage|p2a: Gliscor|203\/352 tox
|-damage|p2a: Gliscor|128\/352 tox
|-hitcount|p2a: Gliscor|3
|move|p2a: Gliscor|Roost|p2a: Gliscor
|-heal|p2a: Gliscor|304\/352 tox
|
|-weather|RainDance|[upkeep]
|-damage|p1a: Heracross|193\/301 tox|[from] psn
|-heal|p2a: Gliscor|348\/352 tox|[from] ability: Poison Heal
|turn|7
|
|switch|p2a: Skarmory|Skarmory, M|334\/334
|move|p1a: Heracross|Swords Dance|p1a: Heracross
|-boost|p1a: Heracross|atk|2
|
|-weather|RainDance|[upkeep]
|-damage|p1a: Heracross|121\/301 tox|[from] psn
|turn|8
|
|detailschange|p1a: Heracross|Heracross-Mega, M
|message|Heracross has Mega Evolved into Mega Heracross!
|move|p1a: Heracross|Rock Blast|p2a: Skarmory
|-damage|p2a: Skarmory|271\/334
|-damage|p2a: Skarmory|207\/334
|-damage|p2a: Skarmory|134\/334
|-damage|p2a: Skarmory|66\/334
|-damage|p2a: Skarmory|2\/334
|-hitcount|p2a: Skarmory|5
|move|p2a: Skarmory|Brave Bird|p1a: Heracross
|-supereffective|p1a: Heracross
|-damage|p1a: Heracross|0 fnt
|-damage|p2a: Skarmory|0 fnt|[from] recoil|[of] p1a: Heracross
|faint|p1a: Heracross
|faint|p2a: Skarmory
|
|-weather|none
|c|âPagoose|fuck
|
|switch|p2a: Charizard|Charizard, F|359\/359
|switch|p1a: Ferrothorn|Ferrothorn, M|352\/352
|turn|9
|
|switch|p1a: Politoed|Politoed, F|383\/383
|-weather|RainDance
|detailschange|p2a: Charizard|Charizard-Mega-X, F
|message|Charizard has Mega Evolved into Mega Charizard!
|move|p2a: Charizard|Will-O-Wisp|p1a: Politoed
|-status|p1a: Politoed|brn
|
|-weather|RainDance|[upkeep]
|-damage|p1a: Politoed|336\/383 brn|[from] brn
|turn|10
|
|move|p2a: Charizard|Dragon Claw|p1a: Politoed
|-damage|p1a: Politoed|192\/383 brn
|move|p1a: Politoed|Encore|p2a: Charizard
|-start|p2a: Charizard|Encore
|
|-weather|RainDance|[upkeep]
|-damage|p1a: Politoed|145\/383 brn|[from] brn
|turn|11
|
|switch|p1a: Kabutops|Kabutops, F|261\/261
|move|p2a: Charizard|Dragon Claw|p1a: Kabutops
|-damage|p1a: Kabutops|104\/261
|
|-weather|RainDance|[upkeep]
|turn|12
|
|switch|p2a: Quagsire|Quagsire, F|394\/394
|move|p1a: Kabutops|Stone Edge|p2a: Quagsire
|-resisted|p2a: Quagsire
|-damage|p2a: Quagsire|308\/394
|-damage|p1a: Kabutops|78\/261|[from] item: Life Orb
|
|-weather|RainDance|[upkeep]
|-heal|p2a: Quagsire|332\/394|[from] item: Leftovers
|turn|13
|
|move|p1a: Kabutops|Waterfall|p2a: Quagsire
|-damage|p2a: Quagsire|106\/394
|-damage|p1a: Kabutops|52\/261|[from] item: Life Orb
|move|p2a: Quagsire|Scald|p1a: Kabutops
|-damage|p1a: Kabutops|0 fnt
|faint|p1a: Kabutops
|
|-weather|RainDance|[upkeep]
|-heal|p2a: Quagsire|130\/394|[from] item: Leftovers
|
|switch|p1a: Kingdra|Kingdra, M|301\/301
|turn|14
|
|switch|p2a: Chansey|Chansey, F|704\/704
|move|p1a: Kingdra|Hydro Pump|p2a: Chansey|[miss]
|-miss|p1a: Kingdra|p2a: Chansey
|
|-weather|RainDance|[upkeep]
|turn|15
|-message|Pagoose forfeited.
|
|win|darkerones72
|raw|Ladder updating...
|leave|Pagoose
|player|p1
|raw|Pagoose's rating: 1659 &rarr; <strong>1634<\/strong><br \/>(-25 for losing)
|raw|darkerones72's rating: 1580 &rarr; <strong>1604<\/strong><br \/>(+24 for winning)