|join|Roman Canoli
|join|Pagoose
|player|p1|Roman Canoli|109
|player|p2|Pagoose|141
|gametype|singles
|gen|6
|tier|OU
|rated
|clearpoke
|poke|p1|Azelf
|poke|p1|Bisharp, M
|poke|p1|Azumarill, M
|poke|p1|Talonflame, M
|poke|p1|Gardevoir, F
|poke|p1|Zygarde
|poke|p2|Landorus-Therian, M
|poke|p2|Magnezone
|poke|p2|Latios, M
|poke|p2|Gardevoir, F
|poke|p2|Azumarill, F
|poke|p2|Ferrothorn, F
|rule|Swagger Clause: Swagger is banned
|rule|Baton Pass Clause: Limit one PokÃ©mon knowing Baton Pass
|rule|Sleep Clause Mod: Limit one foe put to sleep
|rule|Species Clause: Limit one of each PokÃ©mon
|rule|OHKO Clause: OHKO moves are banned
|rule|Moody Clause: Moody is banned
|rule|Evasion Moves Clause: Evasion moves are banned
|rule|Endless Battle Clause: Forcing endless battles is banned
|rule|HP Percentage Mod: HP is shown in percentages
|teampreview
|
|start
|switch|p1a: Scrublord|Azelf|291\/291
|switch|p2a: Magnezone|Magnezone|282\/282
|turn|1
|
|move|p1a: Scrublord|Stealth Rock|p2a: Magnezone
|-sidestart|p2: Pagoose|move: Stealth Rock
|move|p2a: Magnezone|Volt Switch|p1a: Scrublord
|-damage|p1a: Scrublord|125\/291
|
|switch|p2a: Landorus-Therian|Landorus-Therian, M|321\/321
|-damage|p2a: Landorus-Therian|281\/321|[from] Stealth Rock
|-ability|p2a: Landorus-Therian|Intimidate|[of] p1a: Scrublord
|-unboost|p1a: Scrublord|atk|1
|
|turn|2
|
|move|p2a: Landorus-Therian|U-turn|p1a: Scrublord
|-supereffective|p1a: Scrublord
|-damage|p1a: Scrublord|0 fnt
|faint|p1a: Scrublord
|
|switch|p2a: Ferrothorn|Ferrothorn, F|352\/352
|-damage|p2a: Ferrothorn|330\/352|[from] Stealth Rock
|
|-heal|p2a: Ferrothorn|352\/352|[from] item: Leftovers
|
|switch|p1a: 360 no-scope|Talonflame, M|319\/319
|turn|3
|
|switch|p2a: Azumarill|Azumarill, F|401\/401
|-damage|p2a: Azumarill|351\/401|[from] Stealth Rock
|move|p1a: 360 no-scope|Swords Dance|p1a: 360 no-scope
|-boost|p1a: 360 no-scope|atk|2
|
|turn|4
|
|switch|p2a: Magnezone|Magnezone|282\/282
|-damage|p2a: Magnezone|265\/282|[from] Stealth Rock
|move|p1a: 360 no-scope|Brave Bird|p2a: Magnezone
|-resisted|p2a: Magnezone
|-damage|p2a: Magnezone|180\/282
|-damage|p1a: 360 no-scope|291\/319|[from] recoil|[of] p2a: Magnezone
|
|turn|5
|
|move|p1a: 360 no-scope|Flare Blitz|p2a: Magnezone
|-supereffective|p2a: Magnezone
|-damage|p2a: Magnezone|0 fnt
|-damage|p1a: 360 no-scope|232\/319|[from] recoil|[of] p2a: Magnezone
|faint|p2a: Magnezone
|
|
|switch|p2a: Landorus-Therian|Landorus-Therian, M|281\/321
|-damage|p2a: Landorus-Therian|241\/321|[from] Stealth Rock
|-ability|p2a: Landorus-Therian|Intimidate|[of] p1a: 360 no-scope
|-unboost|p1a: 360 no-scope|atk|1
|turn|6
|
|move|p1a: 360 no-scope|Brave Bird|p2a: Landorus-Therian
|-damage|p2a: Landorus-Therian|0 fnt
|-damage|p1a: 360 no-scope|152\/319|[from] recoil|[of] p2a: Landorus-Therian
|faint|p2a: Landorus-Therian
|
|
|switch|p2a: Azumarill|Azumarill, F|351\/401
|-damage|p2a: Azumarill|301\/401|[from] Stealth Rock
|turn|7
|
|move|p1a: 360 no-scope|Brave Bird|p2a: Azumarill
|-damage|p2a: Azumarill|0 fnt
|-damage|p1a: 360 no-scope|53\/319|[from] recoil|[of] p2a: Azumarill
|faint|p2a: Azumarill
|
|-message|Pagoose forfeited.
|
|win|Roman Canoli
|raw|Ladder updating...
|leave|Pagoose
|player|p2
|raw|Roman Canoli's rating: 1557 &rarr; <strong>1579<\/strong><br \/>(+22 for winning)
|raw|Pagoose's rating: 1599 &rarr; <strong>1577<\/strong><br \/>(-22 for losing)