|join|iplaytennislol
|join|Pagoose
|player|p1|iplaytennislol|175
|player|p2|Pagoose|141
|gametype|singles
|gen|6
|tier|OU
|rated
|clearpoke
|poke|p1|Diancie
|poke|p1|Keldeo
|poke|p1|Latias, F
|poke|p1|Gyarados, F
|poke|p1|Garchomp, M
|poke|p1|Magnezone
|poke|p2|Manectric, F
|poke|p2|Landorus-Therian, M
|poke|p2|Ferrothorn, F
|poke|p2|Victini
|poke|p2|Latios, M
|poke|p2|Keldeo
|rule|Swagger Clause: Swagger is banned
|rule|Baton Pass Clause: Limit one PokÃ©mon knowing Baton Pass
|rule|Sleep Clause Mod: Limit one foe put to sleep
|rule|Species Clause: Limit one of each PokÃ©mon
|rule|OHKO Clause: OHKO moves are banned
|rule|Moody Clause: Moody is banned
|rule|Evasion Moves Clause: Evasion moves are banned
|rule|Endless Battle Clause: Forcing endless battles is banned
|rule|HP Percentage Mod: HP is shown in percentages
|teampreview
|join|sigh 2.0
|join|innovamania
|
|start
|switch|p1a: Garchomp|Garchomp, M|357\/357
|switch|p2a: Keldeo|Keldeo|323\/323
|turn|1
|c|âPagoose|I've played you before and tons of people joined then
|c|âPagoose|are you streaming somewhere?
|
|move|p2a: Keldeo|Scald|p1a: Garchomp
|-damage|p1a: Garchomp|80\/357
|move|p1a: Garchomp|Stealth Rock|p2a: Keldeo
|-sidestart|p2: Pagoose|move: Stealth Rock
|
|turn|2
|leave|iplaytennislol
|player|p1
|join|iplaytennislol
|join|fingerscrossed
|player|p1|iplaytennislol|175
|
|switch|p1a: Latias|Latias, F|319\/319
|move|p2a: Keldeo|Scald|p1a: Latias
|-resisted|p1a: Latias
|-damage|p1a: Latias|229\/319
|
|turn|3
|
|switch|p1a: Magnezone|Magnezone|281\/281
|switch|p2a: Ferrothorn|Ferrothorn, F|352\/352
|-damage|p2a: Ferrothorn|330\/352|[from] Stealth Rock
|
|-heal|p2a: Ferrothorn|352\/352|[from] item: Leftovers
|turn|4
|join|Kushalos
|join|tcw
|
|move|p1a: Magnezone|Hidden Power|p2a: Ferrothorn
|-supereffective|p2a: Ferrothorn
|-damage|p2a: Ferrothorn|128\/352
|move|p2a: Ferrothorn|Stealth Rock|p1a: Magnezone
|-sidestart|p1: iplaytennislol|move: Stealth Rock
|
|-heal|p2a: Ferrothorn|150\/352|[from] item: Leftovers
|turn|5
|c|+Kushalos|why do you suddenly leave lol
|join|Winter's Howl
|c|âiplaytennislol|im playing this game~
|c|+Kushalos|zzz
|c|âiplaytennislol|<3
|c|+fingerscrossed|stef
|c|+Kushalos|fag\/10
|c|+Kushalos|ya
|c|+Kushalos|hi
|
|move|p1a: Magnezone|Hidden Power|p2a: Ferrothorn
|-supereffective|p2a: Ferrothorn
|-damage|p2a: Ferrothorn|0 fnt
|faint|p2a: Ferrothorn
|
|c|+Kushalos|at
|c|+Kushalos|wat
|c|+Kushalos|fingurs
|
|switch|p2a: Manectric|Manectric, F|281\/281
|-damage|p2a: Manectric|246\/281|[from] Stealth Rock
|turn|6
|
|switch|p1a: Garchomp|Garchomp, M|80\/357
|-damage|p1a: Garchomp|58\/357|[from] Stealth Rock
|detailschange|p2a: Manectric|Manectric-Mega, F
|-mega|p2a: Manectric|Manectric|Manectite
|-ability|p2a: Manectric|Intimidate|[of] p1a: Garchomp
|-unboost|p1a: Garchomp|atk|1
|move|p2a: Manectric|Overheat|p1a: Garchomp
|-resisted|p1a: Garchomp
|-damage|p1a: Garchomp|0 fnt
|-unboost|p2a: Manectric|spa|2
|faint|p1a: Garchomp
|
|
|switch|p1a: Latias|Latias, F|229\/319
|-damage|p1a: Latias|190\/319|[from] Stealth Rock
|turn|7
|leave|Kushalos
|
|move|p2a: Manectric|Volt Switch|p1a: Latias
|-resisted|p1a: Latias
|-damage|p1a: Latias|163\/319
|join|Kushalos
|c|+Kushalos|why is showdown
|c|+Kushalos|so aids
|c|âiplaytennislol|because Zarel touches himself at night
|
|switch|p2a: Victini|Victini|341\/341
|-damage|p2a: Victini|256\/341|[from] Stealth Rock
|move|p1a: Latias|Defog|p2a: Victini
|-unboost|p2a: Victini|evasion|1
|-sideend|p2: Pagoose|Stealth Rock|[from] move: Defog|[of] p2a: Victini
|-sideend|p1: iplaytennislol|Stealth Rock|[from] move: Defog|[of] p1a: Latias
|
|turn|8
|
|move|p1a: Latias|Draco Meteor|p2a: Victini
|-damage|p2a: Victini|5\/341
|-unboost|p1a: Latias|spa|2
|-damage|p1a: Latias|132\/319|[from] item: Life Orb
|move|p2a: Victini|U-turn|p1a: Latias
|-supereffective|p1a: Latias
|-damage|p1a: Latias|0 fnt
|faint|p1a: Latias
|c|âiplaytennislol|zzzz
|
|switch|p2a: Manectric|Manectric-Mega, F|246\/281
|
|
|switch|p1a: Diancie|Diancie|241\/241
|turn|9
|c|âPagoose|why do so many join your battles?
|c|+Kushalos|this is wat u get for being an aidshoe and leaving me
|c|+Kushalos|;;
|c|âiplaytennislol|you can follow me and youtube.com\/notblametruth
|c|âiplaytennislol|at*
|
|detailschange|p1a: Diancie|Diancie-Mega
|-mega|p1a: Diancie|Diancie|Diancite
|move|p2a: Manectric|Volt Switch|p1a: Diancie
|-damage|p1a: Diancie|111\/241
|c|âPagoose|lol k
|c|+fingerscrossed|ahhh kush has separation anxiety
|
|switch|p2a: Victini|Victini|5\/341
|move|p1a: Diancie|Rock Polish|p1a: Diancie
|-boost|p1a: Diancie|spe|2
|
|turn|10
|c|+Kushalos|fingers
|
|move|p1a: Diancie|Moonblast|p2a: Victini
|-resisted|p2a: Victini
|-damage|p2a: Victini|0 fnt
|faint|p2a: Victini
|
|c|+Kushalos|what did you want to say to me
|c|+Kushalos|earlier
|c|+fingerscrossed|oh
|c|+fingerscrossed|i was just sayin hi
|c|âiplaytennislol|UR GAY
|c|âiplaytennislol|-FINGERS
|c|+Kushalos|k
|
|switch|p2a: Landorus-Therian|Landorus-Therian, M|319\/319
|-ability|p2a: Landorus-Therian|Intimidate|[of] p1a: Diancie
|-unboost|p1a: Diancie|atk|1
|turn|11
|c|âiplaytennislol|IM IN CALL WITH HIM
|c|âiplaytennislol|CAN VERIFY
|c|+Kushalos|no one wants to call with u nerd
|
|move|p1a: Diancie|Moonblast|p2a: Landorus-Therian
|-damage|p2a: Landorus-Therian|60\/319
|move|p2a: Landorus-Therian|Earthquake|p1a: Diancie
|-crit|p1a: Diancie
|-supereffective|p1a: Diancie
|-damage|p1a: Diancie|0 fnt
|faint|p1a: Diancie
|
|
|switch|p1a: Gyarados|Gyarados, F|353\/353
|-ability|p1a: Gyarados|Intimidate|[of] p2a: Landorus-Therian
|-unboost|p2a: Landorus-Therian|atk|1
|turn|12
|
|switch|p2a: Manectric|Manectric-Mega, F|246\/281
|-ability|p2a: Manectric|Intimidate|[of] p1a: Gyarados
|-unboost|p1a: Gyarados|atk|1
|move|p1a: Gyarados|Dragon Dance|p1a: Gyarados
|-boost|p1a: Gyarados|atk|1
|-boost|p1a: Gyarados|spe|1
|
|turn|13
|
|switch|p1a: Magnezone|Magnezone|281\/281
|move|p2a: Manectric|Thunderbolt|p1a: Magnezone
|-resisted|p1a: Magnezone
|-damage|p1a: Magnezone|197\/281
|
|turn|14
|c|+Kushalos|tfw
|
|move|p2a: Manectric|Volt Switch|p1a: Magnezone
|-resisted|p1a: Magnezone
|-damage|p1a: Magnezone|133\/281
|c|+Kushalos|manectric destroys u
|
|switch|p2a: Keldeo|Keldeo|323\/323
|move|p1a: Magnezone|Thunderbolt|p2a: Keldeo
|-supereffective|p2a: Keldeo
|-damage|p2a: Keldeo|0 fnt
|faint|p2a: Keldeo
|
|
|switch|p2a: Manectric|Manectric-Mega, F|246\/281
|-ability|p2a: Manectric|Intimidate|[of] p1a: Magnezone
|-unboost|p1a: Magnezone|atk|1
|turn|15
|c| tcw|wtf
|c| tcw|tennis
|
|switch|p1a: Keldeo|Keldeo|323\/323
|move|p2a: Manectric|Thunderbolt|p1a: Keldeo
|-supereffective|p1a: Keldeo
|-damage|p1a: Keldeo|0 fnt
|faint|p1a: Keldeo
|
|c| tcw|how do people make you look so good
|c| tcw|THENYOU CHOKE
|c| tcw|SOBAD
|c| tcw|LOL
|c|âiplaytennislol|i cant play bad players
|c|âiplaytennislol|zzzzzz
|-message|iplaytennislol forfeited.
|
|win|Pagoose
|raw|Ladder updating...
|leave|iplaytennislol
|player|p1
|raw|iplaytennislol's rating: 1566 &rarr; <strong>1552<\/strong><br \/>(-14 for losing)
|raw|Pagoose's rating: 1678 &rarr; <strong>1692<\/strong><br \/>(+14 for winning)
|c|+Kushalos|kek
|c|âPagoose|what did I do
|c| tcw|bad plays
|c|âPagoose|:(
|leave|fingerscrossed
|c| tcw|maybe youre one of them
|c| tcw|tennis
|leave|Kushalos
|c| tcw|pagoose, you did nothing wrong :P
|c|âPagoose|lol
|c| tcw|just tennis getting angry :]
|leave|innovamania
|leave|tcw
|leave|Pagoose
|player|p2