|join|FlamingVictini PB
|join|FNH
|player|p1|FlamingVictini PB|265
|player|p2|FNH|154
|gametype|singles
|gen|5
|tier|[Gen 5] OU
|rule|Evasion Abilities Clause: Evasion abilities are banned
|clearpoke
|poke|p1|Politoed, M
|poke|p1|Keldeo
|poke|p1|Weavile, F
|poke|p1|Starmie
|poke|p1|Jirachi
|poke|p1|Garchomp, F
|poke|p2|Celebi
|poke|p2|Heatran, F
|poke|p2|Rotom-Wash
|poke|p2|Landorus-Therian, M
|poke|p2|Tyranitar, F
|poke|p2|Lucario, F
|rule|Sleep Clause Mod: Limit one foe put to sleep
|rule|Species Clause: Limit one of each PokÃ©mon
|rule|OHKO Clause: OHKO moves are banned
|rule|Moody Clause: Moody is banned
|rule|Evasion Moves Clause: Evasion moves are banned
|rule|Endless Battle Clause: Forcing endless battles is banned
|rule|HP Percentage Mod: HP is shown in percentages
|teampreview
|c|âFNH|so i have been working on the other team, actually i sent it to reymedy
|
|start
|switch|p1a: Garchomp|Garchomp, F|357\/357
|switch|p2a: Rotom-Wash|Rotom-Wash|299\/299
|turn|1
|c|âFNH|adn he gave me his op on it
|c|âFlamingVictini PB|nice
|c|âFNH|which was pretty sweet
|
|move|p1a: Garchomp|Stealth Rock|p2a: Rotom-Wash
|-sidestart|p2: FNH|move: Stealth Rock
|move|p2a: Rotom-Wash|Hydro Pump|p1a: Garchomp
|-damage|p1a: Garchomp|117\/357
|
|turn|2
|c|âFNH|not much ended changing
|
|move|p1a: Garchomp|Dragon Claw|p2a: Rotom-Wash
|-damage|p2a: Rotom-Wash|158\/299
|move|p2a: Rotom-Wash|Hydro Pump|p1a: Garchomp
|-damage|p1a: Garchomp|0 fnt
|faint|p1a: Garchomp
|
|-heal|p2a: Rotom-Wash|176\/299|[from] item: Leftovers
|c|âFlamingVictini PB|ok, send me the new version?
|c|âFNH|i will
|c|âFNH|i made into 2 team with reymedy
|
|switch|p1a: Jirachi|Jirachi|404\/404
|turn|3
|c|âFlamingVictini PB|ok cool
|
|move|p1a: Jirachi|Psyshock|p2a: Rotom-Wash
|-damage|p2a: Rotom-Wash|85\/299
|move|p2a: Rotom-Wash|Volt Switch|p1a: Jirachi
|-damage|p1a: Jirachi|280\/404
|
|switch|p2a: Landorus-Therian|Landorus-Therian, M|381\/381
|-damage|p2a: Landorus-Therian|334\/381|[from] Stealth Rock
|-ability|p2a: Landorus-Therian|Intimidate|[of] p1a: Jirachi
|-unboost|p1a: Jirachi|atk|1
|
|-heal|p1a: Jirachi|305\/404|[from] item: Leftovers
|turn|4
|
|switch|p1a: Starmie|Starmie|261\/261
|move|p2a: Landorus-Therian|Earthquake|p1a: Starmie
|-damage|p1a: Starmie|0 fnt
|faint|p1a: Starmie
|
|c|âFlamingVictini PB|ouch
|
|switch|p1a: Keldeo|Keldeo|323\/323
|turn|5
|c|âFNH|yeah
|join|leremyju
|
|switch|p1a: Weavile|Weavile, F|281\/281
|-ability|p1a: Weavile|Pressure
|switch|p2a: Rotom-Wash|Rotom-Wash|85\/299
|-damage|p2a: Rotom-Wash|48\/299|[from] Stealth Rock
|
|-heal|p2a: Rotom-Wash|66\/299|[from] item: Leftovers
|turn|6
|c|âFlamingVictini PB|switch to lucario y\/y?
|
|move|p1a: Weavile|Night Slash|p2a: Rotom-Wash
|-damage|p2a: Rotom-Wash|0 fnt
|-damage|p1a: Weavile|253\/281|[from] item: Life Orb
|faint|p2a: Rotom-Wash
|
|
|switch|p2a: Lucario|Lucario, F|281\/281
|-damage|p2a: Lucario|273\/281|[from] Stealth Rock
|turn|7
|c|âFNH|weavile is pretty threatening
|c|âFNH|not enough though
|c|âFNH|i pmed the changes
|c|âFNH|brb i want a cuup o coffe
|
|switch|p1a: Politoed|Politoed, M|381\/381
|-weather|RainDance|[from] ability: Drizzle|[of] p1a: Politoed
|move|p2a: Lucario|Swords Dance|p2a: Lucario
|-boost|p2a: Lucario|atk|2
|
|-weather|RainDance|[upkeep]
|turn|8
|c| leremyju|Making plays
|c| leremyju|flaming what u got for this
|
|move|p2a: Lucario|Extreme Speed|p1a: Politoed
|-damage|p1a: Politoed|83\/381
|-damage|p2a: Lucario|245\/281|[from] item: Life Orb
|move|p1a: Politoed|Scald|p2a: Lucario
|-damage|p2a: Lucario|0 fnt
|faint|p2a: Lucario
|
|-weather|RainDance|[upkeep]
|c|âFlamingVictini PB|no cc?
|c|âFNH|shoot i e-speeded
|c|âFNH|lel
|c|âFNH|my bad
|leave|leremyju
|
|switch|p2a: Celebi|Celebi|341\/341
|-damage|p2a: Celebi|299\/341|[from] Stealth Rock
|turn|9
|
|switch|p1a: Jirachi|Jirachi|305\/404
|move|p2a: Celebi|Hidden Power|p1a: Jirachi
|-supereffective|p1a: Jirachi
|-damage|p1a: Jirachi|229\/404
|
|-weather|RainDance|[upkeep]
|-heal|p2a: Celebi|320\/341|[from] item: Leftovers
|-heal|p1a: Jirachi|254\/404|[from] item: Leftovers
|turn|10
|c|âFNH|celebi is the reason i built this
|c|âFlamingVictini PB|ic
|c|âFNH|he is sooooo cool!
|c|âFlamingVictini PB|:]
|
|move|p2a: Celebi|Nasty Plot|p2a: Celebi
|-boost|p2a: Celebi|spa|2
|move|p1a: Jirachi|Calm Mind|p1a: Jirachi
|-boost|p1a: Jirachi|spa|1
|-boost|p1a: Jirachi|spd|1
|
|-weather|RainDance|[upkeep]
|-heal|p2a: Celebi|341\/341|[from] item: Leftovers
|-heal|p1a: Jirachi|279\/404|[from] item: Leftovers
|turn|11
|
|move|p2a: Celebi|Earth Power|p1a: Jirachi
|-supereffective|p1a: Jirachi
|-damage|p1a: Jirachi|61\/404
|move|p1a: Jirachi|Thunder|p2a: Celebi
|-resisted|p2a: Celebi
|-damage|p2a: Celebi|266\/341
|
|-weather|RainDance|[upkeep]
|-heal|p2a: Celebi|287\/341|[from] item: Leftovers
|-heal|p1a: Jirachi|86\/404|[from] item: Leftovers
|turn|12
|
|move|p2a: Celebi|Earth Power|p1a: Jirachi
|-supereffective|p1a: Jirachi
|-damage|p1a: Jirachi|0 fnt
|faint|p1a: Jirachi
|
|-weather|RainDance|[upkeep]
|-heal|p2a: Celebi|308\/341|[from] item: Leftovers
|c|âFlamingVictini PB|plz kill
|
|switch|p1a: Weavile|Weavile, F|253\/281
|-ability|p1a: Weavile|Pressure
|turn|13
|c|âFlamingVictini PB|stupid cleebi
|c|âFNH|nooooooo dont!
|
|switch|p2a: Landorus-Therian|Landorus-Therian, M|334\/381
|-damage|p2a: Landorus-Therian|287\/381|[from] Stealth Rock
|-ability|p2a: Landorus-Therian|Intimidate|[of] p1a: Weavile
|-unboost|p1a: Weavile|atk|1
|move|p1a: Weavile|Night Slash|p2a: Landorus-Therian
|-damage|p2a: Landorus-Therian|169\/381
|-damage|p1a: Weavile|225\/281|[from] item: Life Orb
|
|-weather|RainDance|[upkeep]
|turn|14
|c|âFNH|he he he
|
|switch|p2a: Heatran|Heatran, F|324\/324
|-damage|p2a: Heatran|284\/324|[from] Stealth Rock
|move|p1a: Weavile|Ice Shard|p2a: Heatran
|-resisted|p2a: Heatran
|-damage|p2a: Heatran|270\/324
|-damage|p1a: Weavile|197\/281|[from] item: Life Orb
|
|-weather|RainDance|[upkeep]
|turn|15
|c|âFlamingVictini PB|wanted to low kick
|c|âFlamingVictini PB|p badly
|c|âFlamingVictini PB|:[
|c|âFlamingVictini PB|:[
|c|âFNH|p bad not p badly lol
|
|switch|p1a: Keldeo|Keldeo|323\/323
|move|p2a: Heatran|Flamethrower|p1a: Keldeo
|-resisted|p1a: Keldeo
|-damage|p1a: Keldeo|275\/323
|
|-weather|RainDance|[upkeep]
|turn|16
|c|âFlamingVictini PB|nice n rain boosted
|
|switch|p1a: Weavile|Weavile, F|197\/281
|-ability|p1a: Weavile|Pressure
|switch|p2a: Celebi|Celebi|308\/341
|-damage|p2a: Celebi|266\/341|[from] Stealth Rock
|
|-weather|RainDance|[upkeep]
|-heal|p2a: Celebi|287\/341|[from] item: Leftovers
|turn|17
|c|âFNH|shoot good play
|
|move|p1a: Weavile|Night Slash|p2a: Celebi
|-supereffective|p2a: Celebi
|-damage|p2a: Celebi|0 fnt
|-damage|p1a: Weavile|169\/281|[from] item: Life Orb
|faint|p2a: Celebi
|
|-weather|RainDance|[upkeep]
|c|âFNH|i thought pursuit....
|c|âFlamingVictini PB|yea ik
|c|âFNH|that was the cave
|c|âFlamingVictini PB|keldeo wins now
|c|âFNH|and i almost clicked tran
|c|âFNH|oh wel
|c|âFNH|gg
|c|âFlamingVictini PB|scarftran rite?
|
|switch|p2a: Tyranitar|Tyranitar, F|403\/403
|-damage|p2a: Tyranitar|353\/403|[from] Stealth Rock
|-weather|Sandstorm|[from] ability: Sand Stream|[of] p2a: Tyranitar
|turn|18
|c|âFlamingVictini PB|gg
|leave|FNH
|
|move|p1a: Weavile|Low Kick|p2a: Tyranitar
|-supereffective|p2a: Tyranitar
|-enditem|p2a: Tyranitar|Chople Berry|[eat]
|-damage|p2a: Tyranitar|51\/403
|-damage|p1a: Weavile|141\/281|[from] item: Life Orb
|move|p2a: Tyranitar|Superpower|p1a: Weavile
|-supereffective|p1a: Weavile
|-damage|p1a: Weavile|0 fnt
|-unboost|p2a: Tyranitar|atk|1
|-unboost|p2a: Tyranitar|def|1
|faint|p1a: Weavile
|
|-weather|Sandstorm|[upkeep]
|player|p2
|-message|Player 2 lost due to inactivity.
|
|win|FlamingVictini PB