|join|FlamingVictini PB
|join|FardinFromPB
|player|p1|FlamingVictini PB|99
|player|p2|FardinFromPB|101
|gametype|singles
|gen|6
|tier|OU
|rated
|clearpoke
|poke|p1|Diancie
|poke|p1|Gengar, M
|poke|p1|Bisharp, M
|poke|p1|Latios, M
|poke|p1|Landorus-Therian, M
|poke|p1|Talonflame, M
|poke|p2|Charizard, F
|poke|p2|Ferrothorn, F
|poke|p2|Latias, F
|poke|p2|Azumarill, M
|poke|p2|Kyurem-Black
|poke|p2|Zapdos
|rule|Swagger Clause: Swagger is banned
|rule|Baton Pass Clause: Limit one PokÃ©mon knowing Baton Pass
|rule|Sleep Clause Mod: Limit one foe put to sleep
|rule|Species Clause: Limit one of each PokÃ©mon
|rule|OHKO Clause: OHKO moves are banned
|rule|Moody Clause: Moody is banned
|rule|Evasion Moves Clause: Evasion moves are banned
|rule|Endless Battle Clause: Forcing endless battles is banned
|rule|HP Percentage Mod: HP is shown in percentages
|teampreview
|c|âFardinFromPB|aight
|c|âFlamingVictini PB|LOL
|c|âFardinFromPB|i came here to snipe u
|join|bouffalant12345
|c|âFlamingVictini PB|:[
|c|âFardinFromPB|first try
|c|âFardinFromPB|srry
|c|âFlamingVictini PB|its fine
|c|âFardinFromPB|at least u know my team
|
|start
|switch|p1a: Landorus-Therian|Landorus-Therian, M|319\/319
|switch|p2a: Charizard|Charizard, F|297\/297
|-ability|p1a: Landorus-Therian|Intimidate|[of] p2a: Charizard
|-unboost|p2a: Charizard|atk|1
|turn|1
|
|detailschange|p2a: Charizard|Charizard-Mega-Y, F
|message|Charizard has Mega Evolved into Mega Charizard!
|-weather|SunnyDay
|move|p2a: Charizard|Flamethrower|p1a: Landorus-Therian
|-enditem|p1a: Landorus-Therian|Focus Sash
|-damage|p1a: Landorus-Therian|1\/319
|move|p1a: Landorus-Therian|Stealth Rock|p2a: Charizard
|-sidestart|p2: FardinFromPB|move: Stealth Rock
|
|-weather|SunnyDay|[upkeep]
|turn|2
|c|âFardinFromPB|srry
|c|âFardinFromPB|for the timer
|
|move|p2a: Charizard|Flamethrower|p1a: Landorus-Therian
|-damage|p1a: Landorus-Therian|0 fnt
|faint|p1a: Landorus-Therian
|
|-weather|SunnyDay|[upkeep]
|c|âFlamingVictini PB|u in a ush buddy?
|
|switch|p1a: Talonflame|Talonflame, M|305\/305
|turn|3
|
|move|p1a: Talonflame|Swords Dance|p1a: Talonflame
|-boost|p1a: Talonflame|atk|2
|move|p2a: Charizard|Flamethrower|p1a: Talonflame
|-resisted|p1a: Talonflame
|-damage|p1a: Talonflame|131\/305
|
|-weather|SunnyDay|[upkeep]
|turn|4
|c|âFlamingVictini PB|rush*
|c|âFlamingVictini PB|that did
|c|âFardinFromPB|no
|c|âFlamingVictini PB|too much
|c|âFardinFromPB|i'm just used to clicking it
|c|âFlamingVictini PB|just sack ferro
|
|switch|p2a: Ferrothorn|Ferrothorn, F|352\/352
|-damage|p2a: Ferrothorn|330\/352|[from] Stealth Rock
|move|p1a: Talonflame|Brave Bird|p2a: Ferrothorn
|-damage|p2a: Ferrothorn|83\/352
|-damage|p1a: Talonflame|93\/305|[from] ability: Iron Barbs|[of] p2a: Ferrothorn
|-damage|p1a: Talonflame|43\/305|[from] item: Rocky Helmet|[of] p2a: Ferrothorn
|-damage|p1a: Talonflame|0 fnt|[from] recoil|[of] p2a: Ferrothorn
|faint|p1a: Talonflame
|
|-weather|SunnyDay|[upkeep]
|c|âFlamingVictini PB|it lived
|c|âFlamingVictini PB|goddam
|
|switch|p1a: Gengar|Gengar, M|259\/259
|turn|5
|
|move|p1a: Gengar|Shadow Ball|p2a: Ferrothorn
|-damage|p2a: Ferrothorn|0 fnt
|-damage|p1a: Gengar|234\/259|[from] item: Life Orb
|faint|p2a: Ferrothorn
|
|-weather|none
|
|switch|p2a: Kyurem-Black|Kyurem-Black|391\/391
|-damage|p2a: Kyurem-Black|294\/391|[from] Stealth Rock
|-ability|p2a: Kyurem-Black|Teravolt
|turn|6
|c|âFlamingVictini PB|hmm
|c|âFlamingVictini PB|what attack will u click
|c|âFardinFromPB|Outrage
|c|âFardinFromPB|obv
|c|âFlamingVictini PB|clearly
|
|switch|p1a: Latios|Latios, M|302\/302
|move|p2a: Kyurem-Black|Earth Power|p1a: Latios
|-damage|p1a: Latios|222\/302
|
|turn|7
|c|âFardinFromPB|you know
|c|âFardinFromPB|BD azu sweeps
|c|âFlamingVictini PB|yh
|c|âFardinFromPB|if i get a save switch in
|c|âFardinFromPB|safe
|c|âFardinFromPB|*
|c|âFlamingVictini PB|yeah ik
|
|switch|p2a: Zapdos|Zapdos|384\/384
|-damage|p2a: Zapdos|288\/384|[from] Stealth Rock
|-ability|p2a: Zapdos|Pressure
|move|p1a: Latios|Psyshock|p2a: Zapdos
|-damage|p2a: Zapdos|137\/384
|
|-heal|p2a: Zapdos|161\/384|[from] item: Leftovers
|turn|8
|c|âFlamingVictini PB|how much speed do u usually run on zap?
|c|âFardinFromPB|16
|c|âFlamingVictini PB|lol really?
|c|âFardinFromPB|yh, i hate speed ties
|c|âFardinFromPB|kill it
|c|âFardinFromPB|than i win
|
|switch|p1a: Bisharp|Bisharp, M|269\/269
|move|p2a: Zapdos|Defog|p1a: Bisharp
|-unboost|p1a: Bisharp|evasion|1
|-boost|p1a: Bisharp|atk|2|[from] ability: Defiant
|-sideend|p2: FardinFromPB|Stealth Rock|[from] move: Defog|[of] p2a: Zapdos
|
|-heal|p2a: Zapdos|185\/384|[from] item: Leftovers
|turn|9
|
|move|p1a: Bisharp|Knock Off|p2a: Zapdos
|-damage|p2a: Zapdos|0 fnt
|-enditem|p2a: Zapdos|Leftovers|[from] move: Knock Off|[of] p1a: Bisharp
|-damage|p1a: Bisharp|243\/269|[from] item: Life Orb
|faint|p2a: Zapdos
|
|
|switch|p2a: Azumarill|Azumarill, M|404\/404
|turn|10
|c|âFardinFromPB|why did i do that
|c|âFlamingVictini PB|becuz playz 4 dayz
|
|move|p1a: Bisharp|Iron Head|p2a: Azumarill
|-damage|p2a: Azumarill|0 fnt
|-damage|p1a: Bisharp|217\/269|[from] item: Life Orb
|faint|p2a: Azumarill
|
|c|âFardinFromPB|damn u
|c|âFlamingVictini PB|btw i would run
|
|switch|p2a: Charizard|Charizard-Mega-Y, F|297\/297
|-weather|SunnyDay
|turn|11
|c|âFlamingVictini PB|enogh speed to outspeed jolly sharp
|
|switch|p2a: Kyurem-Black|Kyurem-Black|294\/391
|-ability|p2a: Kyurem-Black|Teravolt
|move|p1a: Bisharp|Sucker Punch|p2a: Kyurem-Black
|-fail|p2a: Kyurem-Black
|
|-weather|SunnyDay|[upkeep]
|turn|12
|
|switch|p2a: Charizard|Charizard-Mega-Y, F|297\/297
|move|p1a: Bisharp|Sucker Punch|p2a: Charizard
|-fail|p2a: Charizard
|
|-weather|SunnyDay|[upkeep]
|turn|13
|
|switch|p2a: Kyurem-Black|Kyurem-Black|294\/391
|-ability|p2a: Kyurem-Black|Teravolt
|move|p1a: Bisharp|Sucker Punch|p2a: Kyurem-Black
|-fail|p2a: Kyurem-Black
|
|-weather|SunnyDay|[upkeep]
|turn|14
|
|move|p1a: Bisharp|Sucker Punch|p2a: Kyurem-Black
|-crit|p2a: Kyurem-Black
|-damage|p2a: Kyurem-Black|0 fnt
|-damage|p1a: Bisharp|191\/269|[from] item: Life Orb
|faint|p2a: Kyurem-Black
|
|-weather|SunnyDay|[upkeep]
|
|switch|p2a: Charizard|Charizard-Mega-Y, F|297\/297
|turn|15
|
|move|p1a: Bisharp|Sucker Punch|p2a: Charizard
|-fail|p2a: Charizard
|move|p2a: Charizard|Roost|p2a: Charizard
|-fail|p2a: Charizard
|
|-weather|none
|turn|16
|
|move|p1a: Bisharp|Sucker Punch|p2a: Charizard
|-fail|p2a: Charizard
|move|p2a: Charizard|Roost|p2a: Charizard
|-fail|p2a: Charizard
|
|turn|17
|
|move|p1a: Bisharp|Sucker Punch|p2a: Charizard
|-damage|p2a: Charizard|0 fnt
|-damage|p1a: Bisharp|165\/269|[from] item: Life Orb
|faint|p2a: Charizard
|
|
|switch|p2a: Latias|Latias, F|302\/302
|turn|18
|
|move|p2a: Latias|Draco Meteor|p1a: Bisharp
|-resisted|p1a: Bisharp
|-damage|p1a: Bisharp|0 fnt
|-unboost|p2a: Latias|spa|2
|-damage|p2a: Latias|272\/302|[from] item: Life Orb
|faint|p1a: Bisharp
|
|
|switch|p1a: Diancie|Diancie|253\/253
|turn|19
|c|âFardinFromPB|it actually kills
|c|âFlamingVictini PB|ofc
|
|detailschange|p1a: Diancie|Diancie-Mega
|message|Diancie has Mega Evolved into Mega Diancie!
|move|p2a: Latias|Surf|p1a: Diancie
|-supereffective|p1a: Diancie
|-damage|p1a: Diancie|136\/253
|-damage|p2a: Latias|242\/302|[from] item: Life Orb
|move|p1a: Diancie|Moonblast|p2a: Latias
|-supereffective|p2a: Latias
|-damage|p2a: Latias|0 fnt
|faint|p2a: Latias
|
|win|FlamingVictini PB
|raw|Ladder updating...