|join|FlamingVictini PB
|join|gaegaerg
|player|p1|FlamingVictini PB|99
|player|p2|gaegaerg|2
|gametype|singles
|gen|6
|tier|OU
|rated
|clearpoke
|poke|p1|Infernape, M
|poke|p1|Azumarill, F
|poke|p1|Lucario, M
|poke|p1|Landorus, M
|poke|p1|Thundurus, M
|poke|p1|Metagross
|poke|p2|Metagross
|poke|p2|Gyarados, F
|poke|p2|Landorus-Therian, M
|poke|p2|Mew
|poke|p2|Thundurus, M
|poke|p2|Kyurem
|rule|Swagger Clause: Swagger is banned
|rule|Baton Pass Clause: Limit one PokÃ©mon knowing Baton Pass
|rule|Sleep Clause Mod: Limit one foe put to sleep
|rule|Species Clause: Limit one of each PokÃ©mon
|rule|OHKO Clause: OHKO moves are banned
|rule|Moody Clause: Moody is banned
|rule|Evasion Moves Clause: Evasion moves are banned
|rule|Endless Battle Clause: Forcing endless battles is banned
|rule|HP Percentage Mod: HP is shown in percentages
|teampreview
|c|âgaegaerg|glhf
|
|start
|switch|p1a: Infernape|Infernape, M|262\/262
|switch|p2a: Metagross|Metagross|301\/301
|turn|1
|
|switch|p2a: Landorus-Therian|Landorus-Therian, M|319\/319
|-ability|p2a: Landorus-Therian|Intimidate|[of] p1a: Infernape
|-unboost|p1a: Infernape|atk|1
|move|p1a: Infernape|Stealth Rock|p2a: Landorus-Therian
|-sidestart|p2: gaegaerg|move: Stealth Rock
|
|turn|2
|
|switch|p1a: Thundurus|Thundurus, M|299\/299
|move|p2a: Landorus-Therian|Stealth Rock|p1a: Thundurus
|-sidestart|p1: FlamingVictini PB|move: Stealth Rock
|
|turn|3
|
|switch|p2a: Mew|Mew|404\/404
|-damage|p2a: Mew|354\/404|[from] Stealth Rock
|move|p1a: Thundurus|Hidden Power|p2a: Mew
|-damage|p2a: Mew|285\/404
|-damage|p1a: Thundurus|270\/299|[from] item: Life Orb
|
|-heal|p2a: Mew|310\/404|[from] item: Leftovers
|turn|4
|
|move|p1a: Thundurus|Thunderbolt|p2a: Mew
|-damage|p2a: Mew|150\/404
|-damage|p1a: Thundurus|241\/299|[from] item: Life Orb
|move|p2a: Mew|Will-O-Wisp|p1a: Thundurus
|-status|p1a: Thundurus|brn
|
|-heal|p2a: Mew|175\/404|[from] item: Leftovers
|-damage|p1a: Thundurus|204\/299 brn|[from] brn
|turn|5
|
|switch|p1a: Infernape|Infernape, M|262\/262
|-damage|p1a: Infernape|230\/262|[from] Stealth Rock
|move|p2a: Mew|Soft-Boiled|p2a: Mew
|-heal|p2a: Mew|377\/404
|
|-heal|p2a: Mew|402\/404|[from] item: Leftovers
|turn|6
|
|move|p1a: Infernape|Fire Blast|p2a: Mew
|-damage|p2a: Mew|281\/404
|move|p2a: Mew|Knock Off|p1a: Infernape
|-resisted|p1a: Infernape
|-damage|p1a: Infernape|183\/262
|-enditem|p1a: Infernape|Focus Sash|[from] move: Knock Off|[of] p2a: Mew
|
|-heal|p2a: Mew|306\/404|[from] item: Leftovers
|turn|7
|
|move|p1a: Infernape|Fire Blast|p2a: Mew
|-damage|p2a: Mew|174\/404
|move|p2a: Mew|Taunt|p1a: Infernape
|-start|p1a: Infernape|move: Taunt
|
|-heal|p2a: Mew|199\/404|[from] item: Leftovers
|turn|8
|
|move|p1a: Infernape|Fire Blast|p2a: Mew
|-damage|p2a: Mew|70\/404
|move|p2a: Mew|Soft-Boiled|p2a: Mew
|-heal|p2a: Mew|272\/404
|
|-heal|p2a: Mew|297\/404|[from] item: Leftovers
|turn|9
|
|move|p1a: Infernape|Vacuum Wave|p2a: Mew
|-resisted|p2a: Mew
|-damage|p2a: Mew|275\/404
|move|p2a: Mew|Soft-Boiled|p2a: Mew
|-heal|p2a: Mew|404\/404
|
|turn|10
|
|switch|p2a: Gyarados|Gyarados, F|339\/339
|-damage|p2a: Gyarados|255\/339|[from] Stealth Rock
|-ability|p2a: Gyarados|Intimidate|[of] p1a: Infernape
|-unboost|p1a: Infernape|atk|1
|move|p1a: Infernape|Endeavor|p2a: Gyarados
|-damage|p2a: Gyarados|183\/339
|
|-end|p1a: Infernape|move: Taunt
|turn|11
|
|switch|p1a: Thundurus|Thundurus, M|204\/299 brn
|-damage|p1a: Thundurus|130\/299 brn|[from] Stealth Rock
|move|p2a: Gyarados|Substitute|p2a: Gyarados
|-start|p2a: Gyarados|Substitute
|-damage|p2a: Gyarados|99\/339
|
|-damage|p1a: Thundurus|93\/299 brn|[from] brn
|turn|12
|
|move|p1a: Thundurus|Thunderbolt|p2a: Gyarados
|-supereffective|p2a: Gyarados
|-end|p2a: Gyarados|Substitute
|-damage|p1a: Thundurus|64\/299 brn|[from] item: Life Orb
|move|p2a: Gyarados|Waterfall|p1a: Thundurus
|-damage|p1a: Thundurus|0 fnt
|faint|p1a: Thundurus
|
|
|switch|p1a: Lucario|Lucario, M|281\/281
|-damage|p1a: Lucario|273\/281|[from] Stealth Rock
|turn|13
|
|detailschange|p2a: Gyarados|Gyarados-Mega, F
|-mega|p2a: Gyarados|Gyarados|Gyaradosite
|-ability|p2a: Gyarados|Mold Breaker
|move|p1a: Lucario|Extreme Speed|p2a: Gyarados
|-crit|p2a: Gyarados
|-damage|p2a: Gyarados|0 fnt
|-damage|p1a: Lucario|245\/281|[from] item: Life Orb
|faint|p2a: Gyarados
|
|
|switch|p2a: Landorus-Therian|Landorus-Therian, M|319\/319
|-damage|p2a: Landorus-Therian|280\/319|[from] Stealth Rock
|-ability|p2a: Landorus-Therian|Intimidate|[of] p1a: Lucario
|-unboost|p1a: Lucario|atk|1
|turn|14
|
|switch|p1a: Landorus|Landorus, M|319\/319
|-damage|p1a: Landorus|280\/319|[from] Stealth Rock
|move|p2a: Landorus-Therian|U-turn|p1a: Landorus
|-resisted|p1a: Landorus
|-damage|p1a: Landorus|230\/319
|
|switch|p2a: Mew|Mew|404\/404
|-damage|p2a: Mew|354\/404|[from] Stealth Rock
|
|-heal|p2a: Mew|379\/404|[from] item: Leftovers
|turn|15
|
|move|p1a: Landorus|Knock Off|p2a: Mew
|-supereffective|p2a: Mew
|-damage|p2a: Mew|124\/404
|-enditem|p2a: Mew|Leftovers|[from] move: Knock Off|[of] p1a: Landorus
|-damage|p1a: Landorus|199\/319|[from] item: Life Orb
|move|p2a: Mew|Will-O-Wisp|p1a: Landorus
|-status|p1a: Landorus|brn
|
|-damage|p1a: Landorus|160\/319 brn|[from] brn
|turn|16
|
|move|p1a: Landorus|Earth Power|p2a: Mew
|-damage|p2a: Mew|0 fnt
|faint|p2a: Mew
|
|-damage|p1a: Landorus|121\/319 brn|[from] brn
|
|switch|p2a: Thundurus|Thundurus, M|299\/299
|-damage|p2a: Thundurus|225\/299|[from] Stealth Rock
|turn|17
|
|switch|p1a: Metagross|Metagross|301\/301
|-damage|p1a: Metagross|283\/301|[from] Stealth Rock
|move|p2a: Thundurus|Grass Knot|p1a: Metagross
|-resisted|p1a: Metagross
|-damage|p1a: Metagross|207\/301
|
|-heal|p2a: Thundurus|243\/299|[from] item: Leftovers
|turn|18
|
|detailschange|p1a: Metagross|Metagross-Mega
|-mega|p1a: Metagross|Metagross|Metagrossite
|move|p2a: Thundurus|Thunder Wave|p1a: Metagross
|-status|p1a: Metagross|par
|move|p1a: Metagross|Thunder Punch|p2a: Thundurus
|-damage|p2a: Thundurus|77\/299
|
|-heal|p2a: Thundurus|95\/299|[from] item: Leftovers
|turn|19
|
|move|p2a: Thundurus|Hidden Power|p1a: Metagross
|-supereffective|p1a: Metagross
|-damage|p1a: Metagross|77\/301 par
|cant|p1a: Metagross|par
|
|-heal|p2a: Thundurus|113\/299|[from] item: Leftovers
|turn|20
|
|move|p1a: Metagross|Bullet Punch|p2a: Thundurus
|-resisted|p2a: Thundurus
|-damage|p2a: Thundurus|42\/299
|move|p2a: Thundurus|Hidden Power|p1a: Metagross
|-supereffective|p1a: Metagross
|-damage|p1a: Metagross|0 fnt
|faint|p1a: Metagross
|
|-heal|p2a: Thundurus|60\/299|[from] item: Leftovers
|
|switch|p1a: Lucario|Lucario, M|245\/281
|-damage|p1a: Lucario|237\/281|[from] Stealth Rock
|turn|21
|
|switch|p2a: Landorus-Therian|Landorus-Therian, M|280\/319
|-damage|p2a: Landorus-Therian|241\/319|[from] Stealth Rock
|-ability|p2a: Landorus-Therian|Intimidate|[of] p1a: Lucario
|-unboost|p1a: Lucario|atk|1
|move|p1a: Lucario|Extreme Speed|p2a: Landorus-Therian
|-damage|p2a: Landorus-Therian|153\/319
|-damage|p1a: Lucario|209\/281|[from] item: Life Orb
|
|-heal|p2a: Landorus-Therian|172\/319|[from] item: Leftovers
|turn|22
|
|switch|p1a: Landorus|Landorus, M|121\/319 brn
|-damage|p1a: Landorus|82\/319 brn|[from] Stealth Rock
|move|p2a: Landorus-Therian|Explosion|p1a: Landorus
|-damage|p1a: Landorus|0 fnt
|faint|p2a: Landorus-Therian
|faint|p1a: Landorus
|
|
|switch|p2a: Thundurus|Thundurus, M|60\/299
|switch|p1a: Infernape|Infernape, M|183\/262
|-damage|p2a: Thundurus|0 fnt|[from] Stealth Rock
|faint|p2a: Thundurus
|-damage|p1a: Infernape|151\/262|[from] Stealth Rock
|
|switch|p2a: Kyurem|Kyurem|392\/392
|-damage|p2a: Kyurem|294\/392|[from] Stealth Rock
|-ability|p2a: Kyurem|Pressure
|turn|23
|
|switch|p1a: Azumarill|Azumarill, F|348\/348
|-damage|p1a: Azumarill|305\/348|[from] Stealth Rock
|move|p2a: Kyurem|Roost|p2a: Kyurem
|-heal|p2a: Kyurem|392\/392
|
|turn|24
|
|move|p2a: Kyurem|Substitute|p2a: Kyurem
|-start|p2a: Kyurem|Substitute
|-damage|p2a: Kyurem|294\/392
|move|p1a: Azumarill|Knock Off|p2a: Kyurem
|-end|p2a: Kyurem|Substitute
|
|-heal|p2a: Kyurem|318\/392|[from] item: Leftovers
|turn|25
|
|move|p2a: Kyurem|Earth Power|p1a: Azumarill
|-damage|p1a: Azumarill|184\/348
|move|p1a: Azumarill|Knock Off|p2a: Kyurem
|-damage|p2a: Kyurem|159\/392
|-enditem|p2a: Kyurem|Leftovers|[from] move: Knock Off|[of] p1a: Azumarill
|
|turn|26
|join|daftmau5
|join|WE can
|leave|WE can
|
|move|p2a: Kyurem|Roost|p2a: Kyurem
|-heal|p2a: Kyurem|355\/392
|move|p1a: Azumarill|Belly Drum|p1a: Azumarill
|-damage|p1a: Azumarill|10\/348
|-setboost|p1a: Azumarill|atk|6|[from] move: Belly Drum
|-enditem|p1a: Azumarill|Sitrus Berry|[eat]
|-heal|p1a: Azumarill|97\/348|[from] item: Sitrus Berry
|
|turn|27
|
|move|p1a: Azumarill|Aqua Jet|p2a: Kyurem
|-resisted|p2a: Kyurem
|-damage|p2a: Kyurem|174\/392
|move|p2a: Kyurem|Earth Power|p1a: Azumarill
|-damage|p1a: Azumarill|0 fnt
|faint|p1a: Azumarill
|
|
|switch|p1a: Lucario|Lucario, M|209\/281
|-damage|p1a: Lucario|201\/281|[from] Stealth Rock
|turn|28
|
|move|p1a: Lucario|Extreme Speed|p2a: Kyurem
|-damage|p2a: Kyurem|43\/392
|-damage|p1a: Lucario|173\/281|[from] item: Life Orb
|move|p2a: Kyurem|Earth Power|p1a: Lucario
|-supereffective|p1a: Lucario
|-damage|p1a: Lucario|0 fnt
|faint|p1a: Lucario
|
|
|switch|p1a: Infernape|Infernape, M|151\/262
|-damage|p1a: Infernape|119\/262|[from] Stealth Rock
|turn|29
|
|move|p1a: Infernape|Vacuum Wave|p2a: Kyurem
|-supereffective|p2a: Kyurem
|-damage|p2a: Kyurem|0 fnt
|faint|p2a: Kyurem
|
|
|switch|p2a: Metagross|Metagross|301\/301
|-damage|p2a: Metagross|283\/301|[from] Stealth Rock
|turn|30
|
|move|p2a: Metagross|Earthquake|p1a: Infernape
|-crit|p1a: Infernape
|-supereffective|p1a: Infernape
|-damage|p1a: Infernape|0 fnt
|faint|p1a: Infernape
|
|win|gaegaerg
|raw|Ladder updating...
|raw|FlamingVictini PB's rating: 1766 &rarr; <strong>1737<\/strong><br \/>(-29 for losing)
|raw|gaegaerg's rating: 1617 &rarr; <strong>1645<\/strong><br \/>(+28 for winning)
|c|âgaegaerg|gg