|join|FlamingVictini PB
|join|Based Bastian
|player|p1|FlamingVictini PB|99
|player|p2|Based Bastian|105
|gametype|singles
|gen|6
|tier|OU
|clearpoke
|poke|p1|Keldeo
|poke|p1|Ferrothorn, M
|poke|p1|Cofagrigus, F
|poke|p1|Talonflame, M
|poke|p1|Tyranitar, F
|poke|p1|Latias, F
|poke|p2|Charizard, M
|poke|p2|Keldeo
|poke|p2|Thundurus, M, shiny
|poke|p2|Ferrothorn, M
|poke|p2|Latias, F
|poke|p2|Landorus-Therian, M
|rule|Swagger Clause: Swagger is banned
|rule|Baton Pass Clause: Limit one PokÃ©mon knowing Baton Pass
|rule|Sleep Clause Mod: Limit one foe put to sleep
|rule|Species Clause: Limit one of each PokÃ©mon
|rule|OHKO Clause: OHKO moves are banned
|rule|Moody Clause: Moody is banned
|rule|Evasion Moves Clause: Evasion moves are banned
|rule|Endless Battle Clause: Forcing endless battles is banned
|rule|HP Percentage Mod: HP is shown in percentages
|teampreview
|join|fingerscrossed
|join|gizmo
|join|A2tehBR
|c|âFlamingVictini PB|dang i'm lagging a lot
|c|âBased Bastian|lagtest D:
|join|Fedayi
|c| gizmo|wtf is this shit
|join|xtraDOLLARshine
|c| A2tehBR|u should play on smogtours next time
|c| gizmo|why would you want to play where the cancel button doesn't work
|c|âFlamingVictini PB|o really cancel work on smogtours?
|join|Notorious544d
|c| A2tehBR|just
|c| A2tehBR|think a full minute
|c| A2tehBR|before each move
|
|start
|switch|p1a: Keldeo|Keldeo|323\/323
|switch|p2a: Dirty Tiger|Landorus-Therian, M|381\/381
|-ability|p2a: Dirty Tiger|Intimidate|[of] p1a: Keldeo
|-unboost|p1a: Keldeo|atk|1
|turn|1
|
|switch|p2a: Spikes|Ferrothorn, M|352\/352
|move|p1a: Keldeo|Scald|p2a: Spikes
|-resisted|p2a: Spikes
|-damage|p2a: Spikes|305\/352
|-status|p2a: Spikes|brn
|
|-heal|p2a: Spikes|327\/352 brn|[from] item: Leftovers
|-damage|p2a: Spikes|283\/352 brn|[from] brn
|turn|2
|join|Gyarados-Mega
|join|cosine180
|
|move|p1a: Keldeo|Substitute|p1a: Keldeo
|-start|p1a: Keldeo|Substitute
|-damage|p1a: Keldeo|243\/323
|move|p2a: Spikes|Spikes|p1a: Keldeo
|-sidestart|p1: FlamingVictini PB|Spikes
|
|-heal|p1a: Keldeo|263\/323|[from] item: Leftovers
|-heal|p2a: Spikes|305\/352 brn|[from] item: Leftovers
|-damage|p2a: Spikes|261\/352 brn|[from] brn
|turn|3
|
|switch|p2a: Latias|Latias, F|319\/319
|move|p1a: Keldeo|Secret Sword|p2a: Latias
|-resisted|p2a: Latias
|-damage|p2a: Latias|243\/319
|
|-heal|p1a: Keldeo|283\/323|[from] item: Leftovers
|turn|4
|
|switch|p1a: Tyranitar|Tyranitar, F|341\/341
|-damage|p1a: Tyranitar|299\/341|[from] Spikes
|-weather|Sandstorm
|move|p2a: Latias|Psyshock|p1a: Tyranitar
|-immune|p1a: Tyranitar|[msg]
|
|-weather|Sandstorm|[upkeep]
|-damage|p2a: Latias|224\/319|[from] sandstorm
|turn|5
|join|CleanerThanRotom-W
|c|âFlamingVictini PB|lots of lag
|leave|xtraDOLLARshine
|c|âBased Bastian|lol
|
|move|p1a: Tyranitar|Pursuit|p2a: Latias
|-supereffective|p2a: Latias
|-damage|p2a: Latias|50\/319
|move|p2a: Latias|Draco Meteor|p1a: Tyranitar
|-damage|p1a: Tyranitar|138\/341
|-unboost|p2a: Latias|spa|2
|-damage|p2a: Latias|19\/319|[from] item: Life Orb
|
|-weather|Sandstorm|[upkeep]
|-damage|p2a: Latias|0 fnt|[from] sandstorm
|faint|p2a: Latias
|
|switch|p2a: Dirty Tiger|Landorus-Therian, M|381\/381
|-ability|p2a: Dirty Tiger|Intimidate|[of] p1a: Tyranitar
|-unboost|p1a: Tyranitar|atk|1
|turn|6
|join|Dread Arceus
|c|+fingerscrossed|wtf
|c|+fingerscrossed|why lando
|c| cosine180|^
|raw|<div class="broadcast-red"><b>Moderated chat was set to +!<\/b><br \/>Only users of rank + and higher can talk.<\/div>
|c|+fingerscrossed|zards just chillen
|c|+fingerscrossed|lol
|
|switch|p1a: Keldeo|Keldeo|283\/323
|-damage|p1a: Keldeo|243\/323|[from] Spikes
|move|p2a: Dirty Tiger|U-turn|p1a: Keldeo
|-resisted|p1a: Keldeo
|-damage|p1a: Keldeo|202\/323
|
|switch|p2a: Thundurus|Thundurus, M, shiny|298\/298
|
|-weather|Sandstorm|[upkeep]
|-damage|p2a: Thundurus|280\/298|[from] sandstorm
|-damage|p1a: Keldeo|182\/323|[from] sandstorm
|-heal|p1a: Keldeo|202\/323|[from] item: Leftovers
|turn|7
|join|RayDalio
|join|Der Twist
|join|yrs
|
|switch|p1a: Latias|Latias, F|319\/319
|move|p2a: Thundurus|Knock Off|p1a: Latias
|-supereffective|p1a: Latias
|-damage|p1a: Latias|54\/319
|-enditem|p1a: Latias|Life Orb|[from] move: Knock Off|[of] p2a: Thundurus
|-damage|p2a: Thundurus|251\/298|[from] item: Life Orb
|
|-weather|Sandstorm|[upkeep]
|-damage|p2a: Thundurus|233\/298|[from] sandstorm
|-damage|p1a: Latias|35\/319|[from] sandstorm
|turn|8
|leave|CleanerThanRotom-W
|join|jpw234
|join|Jukain
|
|switch|p1a: Ferrothorn|Ferrothorn, M|352\/352
|-damage|p1a: Ferrothorn|308\/352|[from] Spikes
|move|p2a: Thundurus|Knock Off|p1a: Ferrothorn
|-damage|p1a: Ferrothorn|216\/352
|-damage|p2a: Thundurus|196\/298|[from] ability: Iron Barbs|[of] p1a: Ferrothorn
|-enditem|p1a: Ferrothorn|Leftovers|[from] move: Knock Off|[of] p2a: Thundurus
|-damage|p2a: Thundurus|167\/298|[from] item: Life Orb
|
|-weather|none
|turn|9
|join|Reverend
|join|sorait
|
|switch|p1a: Talonflame|Talonflame, M|305\/305
|move|p2a: Thundurus|Superpower|p1a: Talonflame
|-resisted|p1a: Talonflame
|-damage|p1a: Talonflame|205\/305
|-unboost|p2a: Thundurus|atk|1
|-unboost|p2a: Thundurus|def|1
|-damage|p2a: Thundurus|138\/298|[from] item: Life Orb
|
|turn|10
|leave|Reverend
|join|Reverend
|
|switch|p2a: Dirty Tiger|Landorus-Therian, M|381\/381
|-ability|p2a: Dirty Tiger|Intimidate|[of] p1a: Talonflame
|-unboost|p1a: Talonflame|atk|1
|move|p1a: Talonflame|Brave Bird|p2a: Dirty Tiger
|-damage|p2a: Dirty Tiger|267\/381
|-damage|p1a: Talonflame|155\/305|[from] item: Rocky Helmet|[of] p2a: Dirty Tiger
|-damage|p1a: Talonflame|117\/305|[from] recoil|[of] p2a: Dirty Tiger
|
|turn|11
|
|switch|p1a: Latias|Latias, F|35\/319
|move|p2a: Dirty Tiger|U-turn|p1a: Latias
|-supereffective|p1a: Latias
|-damage|p1a: Latias|0 fnt
|faint|p1a: Latias
|
|switch|p2a: Keldeo|Keldeo|323\/323
|
|join|NagariHO
|join|xTraSmallDick
|join|terry41
|leave|NagariHO
|join|4d0pt3d
|join|Wiz BITG
|join|Bad Players
|
|switch|p1a: Talonflame|Talonflame, M|117\/305
|turn|12
|
|switch|p2a: Dirty Tiger|Landorus-Therian, M|267\/381
|-ability|p2a: Dirty Tiger|Intimidate|[of] p1a: Talonflame
|-unboost|p1a: Talonflame|atk|1
|switch|p1a: Ferrothorn|Ferrothorn, M|216\/352
|-damage|p1a: Ferrothorn|172\/352|[from] Spikes
|
|turn|13
|leave|4d0pt3d
|
|switch|p2a: Charizard|Charizard, M|333\/333
|move|p1a: Ferrothorn|Stealth Rock|p2a: Charizard
|-sidestart|p2: Based Bastian|move: Stealth Rock
|
|turn|14
|join|Professional 01
|
|detailschange|p2a: Charizard|Charizard-Mega-X, M
|-mega|p2a: Charizard|Charizard|Charizardite X
|move|p2a: Charizard|Flare Blitz|p1a: Ferrothorn
|-supereffective|p1a: Ferrothorn
|-damage|p1a: Ferrothorn|0 fnt
|-damage|p2a: Charizard|292\/333|[from] ability: Iron Barbs|[of] p1a: Ferrothorn
|-damage|p2a: Charizard|235\/333|[from] recoil|[of] p1a: Ferrothorn
|faint|p1a: Ferrothorn
|
|
|switch|p1a: Tyranitar|Tyranitar, F|138\/341
|-damage|p1a: Tyranitar|96\/341|[from] Spikes
|-weather|Sandstorm
|turn|15
|join|CleanerThanRotom-W
|join|dedic
|
|switch|p1a: Keldeo|Keldeo|202\/323
|-damage|p1a: Keldeo|162\/323|[from] Spikes
|switch|p2a: Spikes|Ferrothorn, M|261\/352 brn
|-damage|p2a: Spikes|239\/352 brn|[from] Stealth Rock
|
|-weather|Sandstorm|[upkeep]
|-damage|p1a: Keldeo|142\/323|[from] sandstorm
|-heal|p1a: Keldeo|162\/323|[from] item: Leftovers
|-heal|p2a: Spikes|261\/352 brn|[from] item: Leftovers
|-damage|p2a: Spikes|217\/352 brn|[from] brn
|turn|16
|join|I'm Bi...sharp
|join|leremyju
|leave|terry41
|join|Panda Problems
|
|switch|p2a: Keldeo|Keldeo|323\/323
|-damage|p2a: Keldeo|303\/323|[from] Stealth Rock
|move|p1a: Keldeo|Substitute|p1a: Keldeo
|-start|p1a: Keldeo|Substitute
|-damage|p1a: Keldeo|82\/323
|
|-weather|Sandstorm|[upkeep]
|-damage|p2a: Keldeo|283\/323|[from] sandstorm
|-damage|p1a: Keldeo|62\/323|[from] sandstorm
|-heal|p1a: Keldeo|82\/323|[from] item: Leftovers
|turn|17
|leave|Reverend
|
|move|p2a: Keldeo|Secret Sword|p1a: Keldeo
|-end|p1a: Keldeo|Substitute
|move|p1a: Keldeo|Secret Sword|p2a: Keldeo
|-damage|p2a: Keldeo|111\/323
|
|-weather|Sandstorm|[upkeep]
|-damage|p2a: Keldeo|91\/323|[from] sandstorm
|-damage|p1a: Keldeo|62\/323|[from] sandstorm
|-heal|p1a: Keldeo|82\/323|[from] item: Leftovers
|turn|18
|leave|Panda Problems
|
|switch|p2a: Charizard|Charizard-Mega-X, M|235\/333
|-damage|p2a: Charizard|152\/333|[from] Stealth Rock
|switch|p1a: Cofagrigus|Cofagrigus, F|319\/319
|-damage|p1a: Cofagrigus|280\/319|[from] Spikes
|
|-weather|Sandstorm|[upkeep]
|-damage|p2a: Charizard|132\/333|[from] sandstorm
|-damage|p1a: Cofagrigus|261\/319|[from] sandstorm
|-heal|p1a: Cofagrigus|280\/319|[from] item: Leftovers
|turn|19
|join|haunter
|
|switch|p1a: Tyranitar|Tyranitar, F|96\/341
|-damage|p1a: Tyranitar|54\/341|[from] Spikes
|move|p2a: Charizard|Roost|p2a: Charizard
|-heal|p2a: Charizard|299\/333
|
|-weather|none
|turn|20
|
|move|p1a: Tyranitar|Stone Edge|p2a: Charizard
|-crit|p2a: Charizard
|-supereffective|p2a: Charizard
|-damage|p2a: Charizard|0 fnt
|faint|p2a: Charizard
|
|join|Avarice87
|join|Reverb
|
|switch|p2a: Keldeo|Keldeo|91\/323
|-damage|p2a: Keldeo|71\/323|[from] Stealth Rock
|turn|21
|join|Squirrelll
|join|schtroumpf grognon
|
|move|p2a: Keldeo|Scald|p1a: Tyranitar
|-supereffective|p1a: Tyranitar
|-damage|p1a: Tyranitar|0 fnt
|faint|p1a: Tyranitar
|
|leave|Reverb
|
|switch|p1a: Talonflame|Talonflame, M|117\/305
|turn|22
|join|jolird
|
|move|p1a: Talonflame|Brave Bird|p2a: Keldeo
|-supereffective|p2a: Keldeo
|-damage|p2a: Keldeo|0 fnt
|-damage|p1a: Talonflame|94\/305|[from] recoil|[of] p2a: Keldeo
|faint|p2a: Keldeo
|
|
|switch|p2a: Dirty Tiger|Landorus-Therian, M|267\/381
|-damage|p2a: Dirty Tiger|220\/381|[from] Stealth Rock
|-ability|p2a: Dirty Tiger|Intimidate|[of] p1a: Talonflame
|-unboost|p1a: Talonflame|atk|1
|turn|23
|leave|Jukain
|join|c1one
|join|Jukain
|leave|CleanerThanRotom-W
|join|beppityboopbop
|
|move|p1a: Talonflame|Brave Bird|p2a: Dirty Tiger
|-damage|p2a: Dirty Tiger|117\/381
|-damage|p1a: Talonflame|44\/305|[from] item: Rocky Helmet|[of] p2a: Dirty Tiger
|-damage|p1a: Talonflame|10\/305|[from] recoil|[of] p2a: Dirty Tiger
|move|p2a: Dirty Tiger|U-turn|p1a: Talonflame
|-resisted|p1a: Talonflame
|-damage|p1a: Talonflame|0 fnt
|faint|p1a: Talonflame
|join|Praj.pran
|
|switch|p2a: Spikes|Ferrothorn, M|217\/352 brn
|-damage|p2a: Spikes|195\/352 brn|[from] Stealth Rock
|
|-heal|p2a: Spikes|217\/352 brn|[from] item: Leftovers
|-damage|p2a: Spikes|173\/352 brn|[from] brn
|leave|dedic
|
|switch|p1a: Keldeo|Keldeo|82\/323
|-damage|p1a: Keldeo|42\/323|[from] Spikes
|turn|24
|leave|beppityboopbop
|join|Davfernape
|
|switch|p2a: Dirty Tiger|Landorus-Therian, M|117\/381
|-damage|p2a: Dirty Tiger|70\/381|[from] Stealth Rock
|-ability|p2a: Dirty Tiger|Intimidate|[of] p1a: Keldeo
|-unboost|p1a: Keldeo|atk|1
|move|p1a: Keldeo|Secret Sword|p2a: Dirty Tiger
|-resisted|p2a: Dirty Tiger
|-damage|p2a: Dirty Tiger|3\/381
|
|-heal|p1a: Keldeo|62\/323|[from] item: Leftovers
|turn|25
|leave|schtroumpf grognon
|
|move|p1a: Keldeo|Scald|p2a: Dirty Tiger
|-supereffective|p2a: Dirty Tiger
|-damage|p2a: Dirty Tiger|0 fnt
|faint|p2a: Dirty Tiger
|
|-heal|p1a: Keldeo|82\/323|[from] item: Leftovers
|
|switch|p2a: Thundurus|Thundurus, M, shiny|138\/298
|-damage|p2a: Thundurus|64\/298|[from] Stealth Rock
|turn|26
|
|move|p2a: Thundurus|Thunderbolt|p1a: Keldeo
|-supereffective|p1a: Keldeo
|-damage|p1a: Keldeo|0 fnt
|-damage|p2a: Thundurus|35\/298|[from] item: Life Orb
|faint|p1a: Keldeo
|
|
|switch|p1a: Cofagrigus|Cofagrigus, F|280\/319
|-damage|p1a: Cofagrigus|241\/319|[from] Spikes
|turn|27
|
|move|p2a: Thundurus|Thunderbolt|p1a: Cofagrigus
|-damage|p1a: Cofagrigus|64\/319
|-damage|p2a: Thundurus|6\/298|[from] item: Life Orb
|move|p1a: Cofagrigus|Shadow Ball|p2a: Thundurus
|-damage|p2a: Thundurus|0 fnt
|faint|p2a: Thundurus
|
|-heal|p1a: Cofagrigus|83\/319|[from] item: Leftovers
|leave|Dread Arceus
|leave|Jukain
|
|switch|p2a: Spikes|Ferrothorn, M|173\/352 brn
|-damage|p2a: Spikes|151\/352 brn|[from] Stealth Rock
|turn|28
|leave|Davfernape
|leave|Avarice87
|join|Jukain
|
|move|p1a: Cofagrigus|Shadow Ball|p2a: Spikes
|-damage|p2a: Spikes|88\/352 brn
|move|p2a: Spikes|Leech Seed|p1a: Cofagrigus
|-start|p1a: Cofagrigus|move: Leech Seed
|
|-heal|p1a: Cofagrigus|102\/319|[from] item: Leftovers
|-heal|p2a: Spikes|110\/352 brn|[from] item: Leftovers
|-damage|p1a: Cofagrigus|63\/319|[from] Leech Seed|[of] p2a: Spikes
|-heal|p2a: Spikes|149\/352 brn|[silent]
|-damage|p2a: Spikes|105\/352 brn|[from] brn
|turn|29
|join|Snickered
|leave|Bad Players
|
|move|p1a: Cofagrigus|Shadow Ball|p2a: Spikes
|-damage|p2a: Spikes|45\/352 brn
|-unboost|p2a: Spikes|spd|1
|move|p2a: Spikes|Gyro Ball|p1a: Cofagrigus
|-damage|p1a: Cofagrigus|44\/319
|-endability|p2a: Spikes|ironbarbs|[from] Mummy
|-ability|p2a: Spikes|Mummy|[from] Mummy
|
|-heal|p1a: Cofagrigus|63\/319|[from] item: Leftovers
|-heal|p2a: Spikes|67\/352 brn|[from] item: Leftovers
|-damage|p1a: Cofagrigus|24\/319|[from] Leech Seed|[of] p2a: Spikes
|-heal|p2a: Spikes|106\/352 brn|[silent]
|-damage|p2a: Spikes|62\/352 brn|[from] brn
|turn|30
|
|move|p2a: Spikes|Protect|p2a: Spikes
|-singleturn|p2a: Spikes|Protect
|move|p1a: Cofagrigus|Shadow Ball|p2a: Spikes
|-activate|p2a: Spikes|Protect
|
|-heal|p1a: Cofagrigus|43\/319|[from] item: Leftovers
|-heal|p2a: Spikes|84\/352 brn|[from] item: Leftovers
|-damage|p1a: Cofagrigus|4\/319|[from] Leech Seed|[of] p2a: Spikes
|-heal|p2a: Spikes|123\/352 brn|[silent]
|-damage|p2a: Spikes|79\/352 brn|[from] brn
|turn|31
|join|blarghlfarghl
|c|âFlamingVictini PB|0 SpA Cofagrigus Shadow Ball vs. 252 HP \/ 168 SpD Ferrothorn: 63-75 (17.8 - 21.3%) -- 7.1% chance to 4HKO after Leftovers recovery and burn damage
|c|âFlamingVictini PB|was a roll but srry
|c|âBased Bastian|drop
|join|Yuttt.mackerel
|join|DennisEG
|
|move|p2a: Spikes|Protect|p2a: Spikes
|-fail|p2a: Spikes
|move|p1a: Cofagrigus|Shadow Ball|p2a: Spikes
|-damage|p2a: Spikes|0 fnt
|faint|p2a: Spikes
|
|win|FlamingVictini PB
|c|âBased Bastian|damnd hax
|c|+fingerscrossed|damn
|leave|Based Bastian
|leave|Jukain
|c|âFlamingVictini PB|sorry gg
|c|+fingerscrossed|what a good game
|leave|Snickered
|leave|Squirrelll
|leave|Fedayi
|leave|gizmo
|join|Shadow Poochyena
|leave|fingerscrossed
|player|p2
|leave|Yuttt.mackerel
|join|PokeAlert845
|leave|Der Twist
|join|gay af
|leave|leremyju
|leave|Praj.pran
|leave|PokeAlert845
|leave|Shadow Poochyena
|leave|Gyarados-Mega
|leave|DennisEG
|leave|sorait
|leave|A2tehBR
|join|Yuttt.mackerel
|join|DennisEG
|join|A2tehBR
|join|NagariHO
|leave|A2tehBR
|leave|blarghlfarghl
|leave|haunter
|leave|NagariHO
|leave|Yuttt.mackerel
|join|Yuttt.mackerel
|leave|Yuttt.mackerel
|leave|cosine180
|leave|yrs
|leave|DennisEG
|leave|FlamingVictini PB
|player|p1
|leave|gay af
|leave|RayDalio
|leave|c1one
|join|l123
|leave|l123
|leave|I'm Bi...sharp
|join|000 alger
|leave|000 alger
|leave|jpw234
|leave|Professional 01
|join|gay af
|leave|gay af
|join|Based Bastian