|join|FlamingVictini PB
|join|Yat
|player|p1|FlamingVictini PB|99
|player|p2|Yat|2
|gametype|singles
|gen|6
|tier|OU
|rated
|clearpoke
|poke|p1|Latios, M
|poke|p1|Gallade, M
|poke|p1|Bisharp, F
|poke|p1|Diggersby, F
|poke|p1|Azumarill, F
|poke|p1|Garchomp, F
|poke|p2|Sableye, F
|poke|p2|Heatran, F
|poke|p2|Keldeo-Resolute
|poke|p2|Ferrothorn, F
|poke|p2|Slowbro, F
|poke|p2|Gliscor, F
|rule|Swagger Clause: Swagger is banned
|rule|Baton Pass Clause: Limit one PokÃ©mon knowing Baton Pass
|rule|Sleep Clause Mod: Limit one foe put to sleep
|rule|Species Clause: Limit one of each PokÃ©mon
|rule|OHKO Clause: OHKO moves are banned
|rule|Moody Clause: Moody is banned
|rule|Evasion Moves Clause: Evasion moves are banned
|rule|Endless Battle Clause: Forcing endless battles is banned
|rule|HP Percentage Mod: HP is shown in percentages
|teampreview
|
|start
|switch|p1a: Latios|Latios, M|301\/301
|switch|p2a: Sableye|Sableye, F|303\/303
|turn|1
|join|TheUberTherian
|
|detailschange|p2a: Sableye|Sableye-Mega, F
|-mega|p2a: Sableye|Sableye|Sablenite
|move|p2a: Sableye|Calm Mind|p2a: Sableye
|-boost|p2a: Sableye|spa|1
|-boost|p2a: Sableye|spd|1
|move|p1a: Latios|Draco Meteor|p2a: Sableye
|-damage|p2a: Sableye|161\/303
|-unboost|p1a: Latios|spa|2
|-damage|p1a: Latios|271\/301|[from] item: Life Orb
|
|turn|2
|c| TheUberTherian|ugh oh
|
|switch|p1a: Azumarill|Azumarill, F|352\/352
|move|p2a: Sableye|Recover|p2a: Sableye
|-heal|p2a: Sableye|303\/303
|
|turn|3
|
|switch|p2a: Slowbro|Slowbro, F|389\/389
|move|p1a: Azumarill|Play Rough|p2a: Slowbro|[miss]
|-miss|p1a: Azumarill|p2a: Slowbro
|
|turn|4
|c| TheUberTherian|wanted to see the troll
|c| TheUberTherian|but w\/e
|c| TheUberTherian|Lol
|c|âFlamingVictini PB|we save that for later
|
|switch|p1a: Garchomp|Garchomp, F|419\/419
|move|p2a: Slowbro|Scald|p1a: Garchomp
|-damage|p1a: Garchomp|316\/419
|-status|p1a: Garchomp|brn
|
|-damage|p1a: Garchomp|264\/419 brn|[from] brn
|turn|5
|c| TheUberTherian|ya ik
|
|switch|p1a: Gallade|Gallade, M|277\/277
|switch|p2a: Sableye|Sableye-Mega, F|303\/303
|
|turn|6
|
|detailschange|p1a: Gallade|Gallade-Mega, M
|-mega|p1a: Gallade|Gallade|Galladite
|move|p1a: Gallade|Skill Swap|p2a: Sableye
|-activate|p1a: Gallade|move: Skill Swap|Magic Bounce|Inner Focus|[of] p2a: Sableye
|move|p2a: Sableye|Will-O-Wisp|p1a: Gallade
|move|p1a: Gallade|Will-O-Wisp|p2a: Sableye|[from]Magic Bounce|[miss]
|-miss|p1a: Gallade|p2a: Sableye
|
|turn|7
|c|âFlamingVictini PB|WOW
|c|âYat|wow
|c|âFlamingVictini PB|WHAT THE FFFFFF
|c|âFlamingVictini PB|I need the burn
|c|âFlamingVictini PB|jesus
|
|switch|p2a: Slowbro|Slowbro, F|389\/389
|move|p1a: Gallade|Swords Dance|p1a: Gallade
|-boost|p1a: Gallade|atk|2
|
|turn|8
|
|move|p1a: Gallade|Knock Off|p2a: Slowbro
|-supereffective|p2a: Slowbro
|-damage|p2a: Slowbro|0 fnt
|-enditem|p2a: Slowbro|Leftovers|[from] move: Knock Off|[of] p1a: Gallade
|faint|p2a: Slowbro
|
|
|switch|p2a: Sableye|Sableye-Mega, F|303\/303
|turn|9
|
|move|p1a: Gallade|Knock Off|p2a: Sableye
|-damage|p2a: Sableye|166\/303
|move|p2a: Sableye|Snarl|p1a: Gallade
|-damage|p1a: Gallade|229\/277
|-unboost|p1a: Gallade|spa|1
|
|turn|10
|c| TheUberTherian|sucks tho
|
|switch|p2a: Ferrothorn|Ferrothorn, F|352\/352
|move|p1a: Gallade|Swords Dance|p1a: Gallade
|-boost|p1a: Gallade|atk|2
|
|turn|11
|c|âYat|gg
|-message|Yat forfeited.
|leave|Yat
|
|win|FlamingVictini PB
|raw|Ladder updating...
|player|p2
|c| TheUberTherian|Lol
|c|âFlamingVictini PB|does magic bounce double bounce?
|c| TheUberTherian|the forfeit
|c|âFlamingVictini PB|like if he used wisp
|raw|FlamingVictini PB's rating: 1763 &rarr; <strong>1777<\/strong><br \/>(+14 for winning)
|raw|Yat's rating: 1641 &rarr; <strong>1628<\/strong><br \/>(-13 for losing)
|c|âFlamingVictini PB|and we both have magic bounce
|c|âFlamingVictini PB|will he burn me>
|c| TheUberTherian|Idk
|c|âFlamingVictini PB|?
|c| TheUberTherian|lol
|c| TheUberTherian|that is a mystery
|c| TheUberTherian|xD