|join|FlamingVictini PB
|join|BasedLord Soldier
FlamingVictini PB turned on modjoin.
|raw|<div class="broadcast-red"><b>Moderated chat was set to +!<\/b><br \/>Only users of rank + and higher can talk.<\/div>
FlamingVictini PB made this room hidden.
|player|p1|FlamingVictini PB|266
|player|p2|BasedLord Soldier|144
|gametype|singles
|gen|6
|tier|OU
|clearpoke
|poke|p1|Diancie
|poke|p1|Gengar, F
|poke|p1|Bisharp, M
|poke|p1|Latios, M
|poke|p1|Landorus-Therian, M
|poke|p1|Talonflame, M
|poke|p2|Tyranitar, F
|poke|p2|Gengar, F
|poke|p2|Venusaur, F
|poke|p2|Tornadus-Therian, M
|poke|p2|Keldeo-Resolute
|poke|p2|Clefable, M
|rule|Swagger Clause: Swagger is banned
|rule|Baton Pass Clause: Limit one PokÃ©mon knowing Baton Pass
|rule|Sleep Clause Mod: Limit one foe put to sleep
|rule|Species Clause: Limit one of each PokÃ©mon
|rule|OHKO Clause: OHKO moves are banned
|rule|Moody Clause: Moody is banned
|rule|Evasion Moves Clause: Evasion moves are banned
|rule|Endless Battle Clause: Forcing endless battles is banned
|rule|HP Percentage Mod: HP is shown in percentages
|teampreview
|c|âBasedLord Soldier|h_f
|c|âFlamingVictini PB|u2
|
|start
|switch|p1a: Landorus-Therian|Landorus-Therian, M|319\/319
|switch|p2a: Pk je vole|Tornadus-Therian, M|299\/299
|-ability|p1a: Landorus-Therian|Intimidate|[of] p2a: Pk je vole
|-unboost|p2a: Pk je vole|atk|1
|turn|1
|
|move|p2a: Pk je vole|Icy Wind|p1a: Landorus-Therian
|-supereffective|p1a: Landorus-Therian
|-enditem|p1a: Landorus-Therian|Focus Sash
|-damage|p1a: Landorus-Therian|1\/319
|-unboost|p1a: Landorus-Therian|spe|1
|move|p1a: Landorus-Therian|Stealth Rock|p2a: Pk je vole
|-sidestart|p2: BasedLord Soldier|move: Stealth Rock
|
|turn|2
|
|switch|p1a: Diancie|Diancie|241\/241
|move|p2a: Pk je vole|Icy Wind|p1a: Diancie
|-crit|p1a: Diancie
|-damage|p1a: Diancie|164\/241
|
|turn|3
|c|âBasedLord Soldier|so much lag
|c|âFlamingVictini PB|yea my computer connection is kinda bad
|c|âFlamingVictini PB|do u mind turning off timer?
|c|âFlamingVictini PB|or are you in a rush?
|c|âBasedLord Soldier|http:\/\/smogtours.psim.us\/battle-ou-33591
|c|âBasedLord Soldier|oups :x
|c|âBasedLord Soldier|rush y
|c|âBasedLord Soldier|but i don't want take the won on timer
|
|switch|p2a: Pk je suis vert|Venusaur, F|364\/364
|-damage|p2a: Pk je suis vert|319\/364|[from] Stealth Rock
|detailschange|p1a: Diancie|Diancie-Mega
|-mega|p1a: Diancie|Diancie|Diancite
|move|p1a: Diancie|Moonblast|p2a: Pk je suis vert
|-resisted|p2a: Pk je suis vert
|-damage|p2a: Pk je suis vert|207\/364
|-unboost|p2a: Pk je suis vert|spa|1
|
|turn|4
|
|switch|p1a: Gengar|Gengar, F|259\/259
|detailschange|p2a: Pk je suis vert|Venusaur-Mega, F
|-mega|p2a: Pk je suis vert|Venusaur|Venusaurite
|move|p2a: Pk je suis vert|Synthesis|p2a: Pk je suis vert
|-heal|p2a: Pk je suis vert|364\/364
|
|turn|5
|
|move|p1a: Gengar|Focus Blast|p2a: Pk je suis vert
|-resisted|p2a: Pk je suis vert
|-damage|p2a: Pk je suis vert|285\/364
|-damage|p1a: Gengar|234\/259|[from] item: Life Orb
|move|p2a: Pk je suis vert|Hidden Power|p1a: Gengar
|-damage|p1a: Gengar|167\/259
|
|turn|6
|
|move|p1a: Gengar|Sludge Wave|p2a: Pk je suis vert
|-damage|p2a: Pk je suis vert|112\/364
|-damage|p1a: Gengar|142\/259|[from] item: Life Orb
|move|p2a: Pk je suis vert|Synthesis|p2a: Pk je suis vert
|-heal|p2a: Pk je suis vert|294\/364
|
|turn|7
BasedLord Soldier turned off modjoin.
|c|âFlamingVictini PB|i don't want people to join
FlamingVictini PB turned on modjoin.
|c|âBasedLord Soldier|only my friend
|c|âFlamingVictini PB|sorry i would rather not
|c|âBasedLord Soldier|please dude '-'
|c|âBasedLord Soldier|but why ?
|
|move|p1a: Gengar|Sludge Wave|p2a: Pk je suis vert
|-damage|p2a: Pk je suis vert|99\/364
|-damage|p1a: Gengar|117\/259|[from] item: Life Orb
|move|p2a: Pk je suis vert|Synthesis|p2a: Pk je suis vert
|-heal|p2a: Pk je suis vert|281\/364
|
|turn|8
|
|move|p1a: Gengar|Taunt|p2a: Pk je suis vert
|-start|p2a: Pk je suis vert|move: Taunt
|cant|p2a: Pk je suis vert|move: Taunt|Synthesis
|
|turn|9
|
|switch|p2a: Pk pk  Oh fuck|Gengar, F|261\/261
|-damage|p2a: Pk pk  Oh fuck|229\/261|[from] Stealth Rock
|move|p1a: Gengar|Focus Blast|p2a: Pk pk  Oh fuck
|-immune|p2a: Pk pk  Oh fuck|[msg]
|
|turn|10
|c|âBasedLord Soldier|please cancel
|c|âBasedLord Soldier|x)
|c|âFlamingVictini PB|thanks this lag is ridic
|
|move|p2a: Pk pk  Oh fuck|Sucker Punch|p1a: Gengar
|-supereffective|p1a: Gengar
|-damage|p1a: Gengar|0 fnt
|-damage|p2a: Pk pk  Oh fuck|203\/261|[from] item: Life Orb
|faint|p1a: Gengar
|
|
|switch|p1a: Talonflame|Talonflame, M|315\/315
|turn|11
|
|switch|p1a: Landorus-Therian|Landorus-Therian, M|1\/319
|-ability|p1a: Landorus-Therian|Intimidate|[of] p2a: Pk pk  Oh fuck
|-unboost|p2a: Pk pk  Oh fuck|atk|1
|switch|p2a: Pk je l'aide|Tyranitar, F|403\/403
|-damage|p2a: Pk je l'aide|353\/403|[from] Stealth Rock
|-weather|Sandstorm
|
|-weather|Sandstorm|[upkeep]
|turn|12
|
|switch|p2a: Pk je suis chiant|Clefable, M|394\/394
|move|p1a: Landorus-Therian|Knock Off|p2a: Pk je suis chiant
|-resisted|p2a: Pk je suis chiant
|-damage|p2a: Pk je suis chiant|337\/394
|-enditem|p2a: Pk je suis chiant|Leftovers|[from] move: Knock Off|[of] p1a: Landorus-Therian
|
|-weather|Sandstorm|[upkeep]
|turn|13
|
|move|p1a: Landorus-Therian|Explosion|p2a: Pk je suis chiant
|-damage|p2a: Pk je suis chiant|75\/394
|faint|p1a: Landorus-Therian
|move|p2a: Pk je suis chiant|Moonblast|p1: Landorus-Therian|[notarget]
|-notarget
|
|-weather|Sandstorm|[upkeep]
|c|âFlamingVictini PB|can u please turn off
|c|âFlamingVictini PB|i already selected my move
|
|switch|p1a: Bisharp|Bisharp, M|269\/269
|turn|14
|c|âBasedLord Soldier|modjoin off ?
|c|âFlamingVictini PB|its lagging wayyyy too much
|c|âFlamingVictini PB|no timer
|c|âFlamingVictini PB|i selectmy move
|c|âFlamingVictini PB|and it lags
|
|move|p1a: Bisharp|Knock Off|p2a: Pk je suis chiant
|-resisted|p2a: Pk je suis chiant
|-damage|p2a: Pk je suis chiant|10\/394
|-damage|p1a: Bisharp|243\/269|[from] item: Life Orb
|move|p2a: Pk je suis chiant|Stealth Rock|p1a: Bisharp
|-sidestart|p1: FlamingVictini PB|move: Stealth Rock
|
|-weather|Sandstorm|[upkeep]
|turn|15
|c|âBasedLord Soldier|I want modjoin off
|c|âFlamingVictini PB|alrite fine
|
|move|p1a: Bisharp|Knock Off|p2a: Pk je suis chiant
|-resisted|p2a: Pk je suis chiant
|-damage|p2a: Pk je suis chiant|0 fnt
|-damage|p1a: Bisharp|217\/269|[from] item: Life Orb
|faint|p2a: Pk je suis chiant
|
|-weather|none
BasedLord Soldier turned off modjoin.
|join|davidTHEMASTER
|join|majaspic22
|join|Unamed
|join|Dinosaur power
|join|Korby
|join|liptonic
|join|Azuko
|join|Deckline
|
|switch|p2a: Pk je vous ken|Keldeo-Resolute|323\/323
|-damage|p2a: Pk je vous ken|303\/323|[from] Stealth Rock
|turn|16
|c|âFlamingVictini PB|how did that do so little damage after i calced
|leave|Korby
|c|âBasedLord Soldier|i don't know
|
|switch|p1a: Latios|Latios, M|302\/302
|-damage|p1a: Latios|265\/302|[from] Stealth Rock
|move|p2a: Pk je vous ken|Substitute|p2a: Pk je vous ken
|-start|p2a: Pk je vous ken|Substitute
|-damage|p2a: Pk je vous ken|223\/323
|
|-heal|p2a: Pk je vous ken|243\/323|[from] item: Leftovers
|turn|17
|join|skysoki
|raw|<div class="broadcast-blue"><b>Moderated chat was disabled!<\/b><br \/>Anyone may talk now.<\/div>
|join|xioxoziij
|
|switch|p2a: Pk je l'aide|Tyranitar, F|353\/403
|-damage|p2a: Pk je l'aide|303\/403|[from] Stealth Rock
|-weather|Sandstorm
|move|p1a: Latios|Psyshock|p2a: Pk je l'aide
|-immune|p2a: Pk je l'aide|[msg]
|
|-weather|Sandstorm|[upkeep]
|-damage|p1a: Latios|247\/302|[from] sandstorm
|turn|18
|
|move|p2a: Pk je l'aide|Pursuit|p1a: Latios|[from]Pursuit
|-supereffective|p1a: Latios
|-damage|p1a: Latios|0 fnt
|faint|p1a: Latios
|
|-weather|Sandstorm|[upkeep]
|join|Leftiez+
|
|switch|p1a: Diancie|Diancie-Mega|164\/241
|-damage|p1a: Diancie|134\/241|[from] Stealth Rock
|turn|19
|c|âFlamingVictini PB|i asked for timer off
|c|âFlamingVictini PB|because i'm lagging
|c|âBasedLord Soldier|yeah
|c|âBasedLord Soldier|just play $_
|c|âBasedLord Soldier|$_$
|
|move|p1a: Diancie|Rock Polish|p1a: Diancie
|-boost|p1a: Diancie|spe|2
|move|p2a: Pk je l'aide|Iron Head|p1a: Diancie
|-supereffective|p1a: Diancie
|-damage|p1a: Diancie|0 fnt
|faint|p1a: Diancie
|
|-weather|Sandstorm|[upkeep]
|c| davidTHEMASTER|ROFL
|c|âBasedLord Soldier|sry for humiliation
|c| davidTHEMASTER|j'vais te le steal
|
|switch|p1a: Bisharp|Bisharp, M|217\/269
|-damage|p1a: Bisharp|201\/269|[from] Stealth Rock
|turn|20
|c|âBasedLord Soldier|dtm tg
|c| davidTHEMASTER|,
|
|switch|p2a: Pk pk  Oh fuck|Gengar, F|203\/261
|-damage|p2a: Pk pk  Oh fuck|171\/261|[from] Stealth Rock
|move|p1a: Bisharp|Iron Head|p2a: Pk pk  Oh fuck
|-damage|p2a: Pk pk  Oh fuck|0 fnt
|-damage|p1a: Bisharp|175\/269|[from] item: Life Orb
|faint|p2a: Pk pk  Oh fuck
|
|-weather|Sandstorm|[upkeep]
|
|switch|p2a: Pk je vous ken|Keldeo-Resolute|243\/323
|-damage|p2a: Pk je vous ken|223\/323|[from] Stealth Rock
|turn|21
|join|Julofe
|join|Itsyos
|
|move|p2a: Pk je vous ken|Secret Sword|p1a: Bisharp
|-supereffective|p1a: Bisharp
|-damage|p1a: Bisharp|0 fnt
|faint|p1a: Bisharp
|
|-weather|none
|-heal|p2a: Pk je vous ken|243\/323|[from] item: Leftovers
|
|switch|p1a: Talonflame|Talonflame, M|315\/315
|-damage|p1a: Talonflame|158\/315|[from] Stealth Rock
|turn|22
|c|âBasedLord Soldier|g_g
|
|move|p1a: Talonflame|Brave Bird|p2a: Pk je vous ken
|-supereffective|p2a: Pk je vous ken
|-damage|p2a: Pk je vous ken|0 fnt
|-damage|p1a: Talonflame|78\/315|[from] recoil|[of] p2a: Pk je vous ken
|faint|p2a: Pk je vous ken
|
|
|switch|p2a: Pk je l'aide|Tyranitar, F|303\/403
|-damage|p2a: Pk je l'aide|253\/403|[from] Stealth Rock
|-weather|Sandstorm
|turn|23
|join|Kezak
|c| Julofe|Grosse win
|
|move|p1a: Talonflame|Roost|p1a: Talonflame
|-heal|p1a: Talonflame|236\/315
|move|p2a: Pk je l'aide|Stone Edge|p1a: Talonflame
|-supereffective|p1a: Talonflame
|-damage|p1a: Talonflame|0 fnt
|faint|p1a: Talonflame
|
|win|BasedLord Soldier
|c|âBasedLord Soldier|gengar et diancie sont chaud tbh
|leave|BasedLord Soldier
|leave|Azuko
|leave|davidTHEMASTER
|leave|Dinosaur power
|leave|Itsyos