|join|FlamingVictini PB
|join|I'm a Garchomp
|player|p1|FlamingVictini PB|99
|player|p2|I'm a Garchomp|260
|gametype|singles
|gen|6
|tier|OU (suspect test)
|rated
|clearpoke
|poke|p1|Victini
|poke|p1|Starmie
|poke|p1|Lucario, M
|poke|p1|Altaria, F
|poke|p1|Landorus-Therian, M
|poke|p1|Raikou
|poke|p2|Politoed, M
|poke|p2|Seismitoad, M
|poke|p2|Ludicolo, F
|poke|p2|Kabutops, F
|poke|p2|Scizor, M
|poke|p2|Thundurus, M
|rule|Swagger Clause: Swagger is banned
|rule|Baton Pass Clause: Limit one PokÃ©mon knowing Baton Pass
|rule|Sleep Clause Mod: Limit one foe put to sleep
|rule|Species Clause: Limit one of each PokÃ©mon
|rule|OHKO Clause: OHKO moves are banned
|rule|Moody Clause: Moody is banned
|rule|Evasion Moves Clause: Evasion moves are banned
|rule|Endless Battle Clause: Forcing endless battles is banned
|rule|HP Percentage Mod: HP is shown in percentages
|teampreview
|
|start
|switch|p1a: Altaria|Altaria, F|307\/307
|switch|p2a: Politoed|Politoed, M|383\/383
|-weather|RainDance
|turn|1
|
|detailschange|p1a: Altaria|Altaria-Mega, F
|-mega|p1a: Altaria|Altaria|Altarianite
|move|p1a: Altaria|Return|p2a: Politoed
|-damage|p2a: Politoed|182\/383
|move|p2a: Politoed|Scald|p1a: Altaria
|-resisted|p1a: Altaria
|-damage|p1a: Altaria|250\/307
|-status|p1a: Altaria|brn
|
|-weather|RainDance|[upkeep]
|-damage|p1a: Altaria|212\/307 brn|[from] brn
|turn|2
|
|switch|p2a: Scizor|Scizor, M|343\/343
|move|p1a: Altaria|Heal Bell|p1a: Altaria
|-cureteam|p1a: Altaria|[from] move: HealBell
|
|-weather|RainDance|[upkeep]
|turn|3
|
|switch|p1a: Starmie|Starmie|261\/261
|detailschange|p2a: Scizor|Scizor-Mega, M
|-mega|p2a: Scizor|Scizor|Scizorite
|move|p2a: Scizor|Bullet Punch|p1a: Starmie
|-resisted|p1a: Starmie
|-damage|p1a: Starmie|197\/261
|
|-weather|RainDance|[upkeep]
|turn|4
|
|switch|p2a: Ludicolo|Ludicolo, F|309\/309
|move|p1a: Starmie|Hydro Pump|p2a: Ludicolo|[miss]
|-miss|p1a: Starmie|p2a: Ludicolo
|
|-weather|RainDance|[upkeep]
|turn|5
|
|switch|p1a: Victini|Victini|341\/341
|move|p2a: Ludicolo|Giga Drain|p1a: Victini
|-resisted|p1a: Victini
|-damage|p1a: Victini|272\/341
|-damage|p2a: Ludicolo|279\/309|[from] item: Life Orb
|
|-weather|RainDance|[upkeep]
|turn|6
|
|switch|p1a: Starmie|Starmie|197\/261
|move|p2a: Ludicolo|Hydro Pump|p1a: Starmie
|-resisted|p1a: Starmie
|-damage|p1a: Starmie|0 fnt
|-damage|p2a: Ludicolo|249\/309|[from] item: Life Orb
|faint|p1a: Starmie
|
|-weather|RainDance|[upkeep]
|c|âI'm a Garchomp|lol
|
|switch|p1a: Victini|Victini|272\/341
|turn|7
|c|âFlamingVictini PB|nice n solid
|
|move|p1a: Victini|V-create|p2a: Ludicolo
|-damage|p2a: Ludicolo|66\/309
|-unboost|p1a: Victini|def|1
|-unboost|p1a: Victini|spd|1
|-unboost|p1a: Victini|spe|1
|move|p2a: Ludicolo|Hydro Pump|p1a: Victini
|-supereffective|p1a: Victini
|-damage|p1a: Victini|0 fnt
|-damage|p2a: Ludicolo|36\/309|[from] item: Life Orb
|faint|p1a: Victini
|
|-weather|RainDance|[upkeep]
|c|âFlamingVictini PB|o dam
|c|âI'm a Garchomp|lol x2
|c|âFlamingVictini PB|i didn't think i would be faster
|c|âI'm a Garchomp|scarf max speed vic
|
|switch|p1a: Lucario|Lucario, M|281\/281
|turn|8
|c|âFlamingVictini PB|yh
|c|âI'm a Garchomp|jolly
|
|move|p1a: Lucario|Extreme Speed|p2a: Ludicolo
|-damage|p2a: Ludicolo|0 fnt
|-damage|p1a: Lucario|253\/281|[from] item: Life Orb
|faint|p2a: Ludicolo
|
|-weather|none
|c|âFlamingVictini PB|also this rain stuff is lying to me
|
|switch|p2a: Politoed|Politoed, M|182\/383
|-weather|RainDance
|turn|9
|c|âFlamingVictini PB|too many rain sweepers on ur team :[
|
|switch|p2a: Seismitoad|Seismitoad, M|367\/367
|move|p1a: Lucario|Close Combat|p2a: Seismitoad
|-damage|p2a: Seismitoad|23\/367
|-unboost|p1a: Lucario|def|1
|-unboost|p1a: Lucario|spd|1
|-damage|p1a: Lucario|225\/281|[from] item: Life Orb
|
|-weather|RainDance|[upkeep]
|turn|10
|
|switch|p2a: Scizor|Scizor-Mega, M|343\/343
|move|p1a: Lucario|Extreme Speed|p2a: Scizor
|-resisted|p2a: Scizor
|-damage|p2a: Scizor|300\/343
|-damage|p1a: Lucario|197\/281|[from] item: Life Orb
|
|-weather|RainDance|[upkeep]
|turn|11
|
|switch|p1a: Landorus-Therian|Landorus-Therian, M|381\/381
|-ability|p1a: Landorus-Therian|Intimidate|[of] p2a: Scizor
|-unboost|p2a: Scizor|atk|1
|move|p2a: Scizor|Swords Dance|p2a: Scizor
|-boost|p2a: Scizor|atk|2
|
|-weather|RainDance|[upkeep]
|turn|12
|
|move|p1a: Landorus-Therian|Earthquake|p2a: Scizor
|-damage|p2a: Scizor|150\/343
|move|p2a: Scizor|Knock Off|p1a: Landorus-Therian
|-damage|p1a: Landorus-Therian|187\/381
|-enditem|p1a: Landorus-Therian|Leftovers|[from] move: Knock Off|[of] p2a: Scizor
|
|-weather|RainDance|[upkeep]
|turn|13
|
|switch|p1a: Raikou|Raikou|321\/321
|-ability|p1a: Raikou|Pressure
|move|p2a: Scizor|Roost|p2a: Scizor
|-heal|p2a: Scizor|322\/343
|
|-weather|RainDance|[upkeep]
|turn|14
|
|move|p1a: Raikou|Volt Switch|p2a: Scizor
|-damage|p2a: Scizor|222\/343
|
|switch|p1a: Landorus-Therian|Landorus-Therian, M|187\/381
|-ability|p1a: Landorus-Therian|Intimidate|[of] p2a: Scizor
|-unboost|p2a: Scizor|atk|1
|move|p2a: Scizor|Swords Dance|p2a: Scizor
|-boost|p2a: Scizor|atk|2
|
|-weather|RainDance|[upkeep]
|turn|15
|
|switch|p1a: Raikou|Raikou|321\/321
|-ability|p1a: Raikou|Pressure
|move|p2a: Scizor|Bullet Punch|p1a: Raikou
|-resisted|p1a: Raikou
|-damage|p1a: Raikou|180\/321
|
|-weather|RainDance|[upkeep]
|turn|16
|
|move|p1a: Raikou|Thunderbolt|p2a: Scizor
|-damage|p2a: Scizor|90\/343
|-status|p2a: Scizor|par
|move|p2a: Scizor|Roost|p2a: Scizor
|-heal|p2a: Scizor|262\/343 par
|
|-weather|none
|turn|17
|
|move|p1a: Raikou|Hidden Power|p2a: Scizor
|-supereffective|p2a: Scizor
|-damage|p2a: Scizor|14\/343 par
|cant|p2a: Scizor|par
|
|turn|18
|c|âFlamingVictini PB|:[
|
|switch|p1a: Landorus-Therian|Landorus-Therian, M|187\/381
|-ability|p1a: Landorus-Therian|Intimidate|[of] p2a: Scizor
|-unboost|p2a: Scizor|atk|1
|switch|p2a: Politoed|Politoed, M|182\/383
|-weather|RainDance
|
|-weather|RainDance|[upkeep]
|turn|19
|
|move|p1a: Landorus-Therian|Stealth Rock|p2a: Politoed
|-sidestart|p2: I'm a Garchomp|move: Stealth Rock
|move|p2a: Politoed|Scald|p1a: Landorus-Therian
|-supereffective|p1a: Landorus-Therian
|-damage|p1a: Landorus-Therian|0 fnt
|faint|p1a: Landorus-Therian
|
|-weather|RainDance|[upkeep]
|
|switch|p1a: Altaria|Altaria-Mega, F|212\/307
|turn|20
|
|switch|p2a: Scizor|Scizor-Mega, M|14\/343 par
|-damage|p2a: Scizor|0 fnt|[from] Stealth Rock
|faint|p2a: Scizor
|move|p1a: Altaria|Roost|p1a: Altaria
|-heal|p1a: Altaria|307\/307
|
|-weather|RainDance|[upkeep]
|
|switch|p2a: Seismitoad|Seismitoad, M|23\/367
|-damage|p2a: Seismitoad|1\/367|[from] Stealth Rock
|turn|21
|
|switch|p1a: Raikou|Raikou|180\/321
|-ability|p1a: Raikou|Pressure
|move|p2a: Seismitoad|Sludge Wave|p1a: Raikou
|-damage|p1a: Raikou|116\/321
|-status|p1a: Raikou|psn
|
|-weather|RainDance|[upkeep]
|-damage|p1a: Raikou|76\/321 psn|[from] psn
|turn|22
|
|move|p2a: Seismitoad|Sludge Wave|p1a: Raikou
|-crit|p1a: Raikou
|-damage|p1a: Raikou|0 fnt
|faint|p1a: Raikou
|
|-weather|RainDance|[upkeep]
|c|âFlamingVictini PB|wait if i predicted that
|c|âFlamingVictini PB|why didn't i go to luke
|c|âFlamingVictini PB|sigh
|
|switch|p1a: Lucario|Lucario, M|197\/281
|turn|23
|
|move|p1a: Lucario|Extreme Speed|p2a: Seismitoad
|-damage|p2a: Seismitoad|0 fnt
|-damage|p1a: Lucario|169\/281|[from] item: Life Orb
|faint|p2a: Seismitoad
|
|-weather|RainDance|[upkeep]
|
|switch|p2a: Kabutops|Kabutops, F|289\/289
|-damage|p2a: Kabutops|253\/289|[from] Stealth Rock
|turn|24
|
|move|p1a: Lucario|Bullet Punch|p2a: Kabutops
|-damage|p2a: Kabutops|171\/289
|-damage|p1a: Lucario|141\/281|[from] item: Life Orb
|move|p2a: Kabutops|Waterfall|p1a: Lucario
|-damage|p1a: Lucario|0 fnt
|-damage|p2a: Kabutops|143\/289|[from] item: Life Orb
|faint|p1a: Lucario
|
|-weather|RainDance|[upkeep]
|
|switch|p1a: Altaria|Altaria-Mega, F|307\/307
|turn|25
|
|move|p2a: Kabutops|Stone Edge|p1a: Altaria
|-damage|p1a: Altaria|89\/307
|-damage|p2a: Kabutops|115\/289|[from] item: Life Orb
|move|p1a: Altaria|Roost|p1a: Altaria
|-heal|p1a: Altaria|243\/307
|
|-weather|none
|turn|26
|
|move|p1a: Altaria|Dragon Dance|p1a: Altaria
|-boost|p1a: Altaria|atk|1
|-boost|p1a: Altaria|spe|1
|move|p2a: Kabutops|Stone Edge|p1a: Altaria
|-crit|p1a: Altaria
|-damage|p1a: Altaria|0 fnt
|-damage|p2a: Kabutops|87\/289|[from] item: Life Orb
|faint|p1a: Altaria
|
|win|I'm a Garchomp
|raw|Ladder updating...
|raw|FlamingVictini PB's rating: 1486 &rarr; <strong>1459<\/strong><br \/>(-27 for losing)
|raw|I&apos;m a Garchomp's rating: 1358 &rarr; <strong>1385<\/strong><br \/>(+27 for winning)
|c|âI'm a Garchomp|gg
|c|âI'm a Garchomp|mate
|c|âI'm a Garchomp|mate
|leave|FlamingVictini PB
|player|p1
|c|âI'm a Garchomp|get da KO