|join|FlamingVictini PB
|join|Level 56
|player|p1|FlamingVictini PB|99
|player|p2|Level 56|275
|gametype|singles
|gen|6
|tier|OU (suspect test)
|rated
|clearpoke
|poke|p1|Latios, M
|poke|p1|Gallade, M
|poke|p1|Bisharp, M
|poke|p1|Diggersby, M
|poke|p1|Azumarill, M
|poke|p1|Garchomp, M
|poke|p2|Metagross
|poke|p2|Keldeo-Resolute
|poke|p2|Dragonite, M
|poke|p2|Infernape, M
|poke|p2|Thundurus, M
|poke|p2|Bisharp, F
|rule|Swagger Clause: Swagger is banned
|rule|Baton Pass Clause: Limit one PokÃ©mon knowing Baton Pass
|rule|Sleep Clause Mod: Limit one foe put to sleep
|rule|Species Clause: Limit one of each PokÃ©mon
|rule|OHKO Clause: OHKO moves are banned
|rule|Moody Clause: Moody is banned
|rule|Evasion Moves Clause: Evasion moves are banned
|rule|Endless Battle Clause: Forcing endless battles is banned
|rule|HP Percentage Mod: HP is shown in percentages
|teampreview
|c|âFlamingVictini PB|loool
|c|âFlamingVictini PB|LMFAO
|
|start
|switch|p1a: Garchomp|Garchomp, M|357\/357
|switch|p2a: Infernape|Infernape, M|293\/293
|turn|1
|join|Omegasization
|join|CleanerThanRotom-W
|join|yrs
|
|move|p2a: Infernape|Stealth Rock|p1a: Garchomp
|-sidestart|p1: FlamingVictini PB|move: Stealth Rock
|move|p1a: Garchomp|Stealth Rock|p2a: Infernape
|-sidestart|p2: Level 56|move: Stealth Rock
|
|turn|2
|leave|Omegasization
|
|move|p2a: Infernape|Fire Blast|p1a: Garchomp
|-resisted|p1a: Garchomp
|-damage|p1a: Garchomp|258\/357
|move|p1a: Garchomp|Dragon Claw|p2a: Infernape
|-damage|p2a: Infernape|104\/293
|
|turn|3
|
|move|p2a: Infernape|Endeavor|p1a: Garchomp
|-damage|p1a: Garchomp|104\/357
|-damage|p2a: Infernape|68\/293|[from] ability: Rough Skin|[of] p1a: Garchomp
|move|p1a: Garchomp|Dragon Claw|p2a: Infernape
|-damage|p2a: Infernape|0 fnt
|faint|p2a: Infernape
|
|join|iplaytennislol
|join|Can-Eh-Dian
|
|switch|p2a: Keldeo-Resolute|Keldeo-Resolute|323\/323
|-damage|p2a: Keldeo-Resolute|303\/323|[from] Stealth Rock
|turn|4
|c|âFlamingVictini PB|iplaytennislol wat did i tell u
|
|move|p2a: Keldeo-Resolute|Scald|p1a: Garchomp
|-damage|p1a: Garchomp|0 fnt
|faint|p1a: Garchomp
|
|c| iplaytennislol|fingerscrossed made this team
|c| iplaytennislol|idk what to say
|c|âFlamingVictini PB|odd
|
|switch|p1a: Gallade|Gallade, M|277\/277
|-damage|p1a: Gallade|260\/277|[from] Stealth Rock
|turn|5
|leave|iplaytennislol
|
|switch|p2a: Dragonite|Dragonite, M|323\/323
|-damage|p2a: Dragonite|243\/323|[from] Stealth Rock
|detailschange|p1a: Gallade|Gallade-Mega, M
|-mega|p1a: Gallade|Gallade|Galladite
|move|p1a: Gallade|Close Combat|p2a: Dragonite
|-resisted|p2a: Dragonite
|-damage|p2a: Dragonite|120\/323
|-unboost|p1a: Gallade|def|1
|-unboost|p1a: Gallade|spd|1
|
|turn|6
|leave|CleanerThanRotom-W
|
|move|p2a: Dragonite|Extreme Speed|p1a: Gallade
|-damage|p1a: Gallade|50\/277
|move|p1a: Gallade|Ice Punch|p2a: Dragonite
|-supereffective|p2a: Dragonite
|-damage|p2a: Dragonite|0 fnt
|faint|p2a: Dragonite
|
|c|âFlamingVictini PB|ah nice n min
|
|switch|p2a: Metagross|Metagross|302\/302
|-damage|p2a: Metagross|284\/302|[from] Stealth Rock
|turn|7
|
|switch|p1a: Bisharp|Bisharp, M|269\/269
|-damage|p1a: Bisharp|253\/269|[from] Stealth Rock
|detailschange|p2a: Metagross|Metagross-Mega
|-mega|p2a: Metagross|Metagross|Metagrossite
|move|p2a: Metagross|Bullet Punch|p1a: Bisharp
|-resisted|p1a: Bisharp
|-damage|p1a: Bisharp|202\/269
|
|turn|8
|c| yrs|be real make a play
|
|switch|p2a: Keldeo-Resolute|Keldeo-Resolute|303\/323
|-damage|p2a: Keldeo-Resolute|283\/323|[from] Stealth Rock
|move|p1a: Bisharp|Sucker Punch|p2a: Keldeo-Resolute
|-fail|p2a: Keldeo-Resolute
|
|turn|9
|
|switch|p1a: Latios|Latios, M|301\/301
|-damage|p1a: Latios|264\/301|[from] Stealth Rock
|move|p2a: Keldeo-Resolute|Scald|p1a: Latios
|-resisted|p1a: Latios
|-damage|p1a: Latios|163\/301
|
|turn|10
|
|switch|p2a: Metagross|Metagross-Mega|284\/302
|-damage|p2a: Metagross|266\/302|[from] Stealth Rock
|move|p1a: Latios|Hidden Power|p2a: Metagross
|-crit|p2a: Metagross
|-supereffective|p2a: Metagross
|-damage|p2a: Metagross|0 fnt
|-damage|p1a: Latios|133\/301|[from] item: Life Orb
|faint|p2a: Metagross
|
|c|âFlamingVictini PB|dam
|c|âFlamingVictini PB|i'm critting
|c|âFlamingVictini PB|all the steel types today
|
|switch|p2a: Thundurus|Thundurus, M|299\/299
|-damage|p2a: Thundurus|225\/299|[from] Stealth Rock
|turn|11
|
|move|p2a: Thundurus|Hidden Power|p1a: Latios
|-supereffective|p1a: Latios
|-damage|p1a: Latios|0 fnt
|-damage|p2a: Thundurus|196\/299|[from] item: Life Orb
|faint|p1a: Latios
|
|join|Ghosts in the dark
|c| Ghosts in the dark|hi lvl
|leave|Can-Eh-Dian
|
|switch|p1a: Diggersby|Diggersby, M|311\/311
|-damage|p1a: Diggersby|292\/311|[from] Stealth Rock
|turn|12
|
|move|p1a: Diggersby|Quick Attack|p2a: Thundurus
|-damage|p2a: Thundurus|39\/299
|-damage|p1a: Diggersby|261\/311|[from] item: Life Orb
|move|p2a: Thundurus|Superpower|p1a: Diggersby
|-supereffective|p1a: Diggersby
|-damage|p1a: Diggersby|0 fnt
|-unboost|p2a: Thundurus|atk|1
|-unboost|p2a: Thundurus|def|1
|-damage|p2a: Thundurus|10\/299|[from] item: Life Orb
|faint|p1a: Diggersby
|
|leave|yrs
|
|switch|p1a: Bisharp|Bisharp, M|202\/269
|-damage|p1a: Bisharp|186\/269|[from] Stealth Rock
|turn|13
|
|switch|p2a: Keldeo-Resolute|Keldeo-Resolute|283\/323
|-damage|p2a: Keldeo-Resolute|263\/323|[from] Stealth Rock
|move|p1a: Bisharp|Knock Off|p2a: Keldeo-Resolute
|-resisted|p2a: Keldeo-Resolute
|-damage|p2a: Keldeo-Resolute|142\/323
|-boost|p2a: Keldeo-Resolute|atk|1|[from] ability: Justified
|-enditem|p2a: Keldeo-Resolute|Choice Specs|[from] move: Knock Off|[of] p1a: Bisharp
|-damage|p1a: Bisharp|160\/269|[from] item: Life Orb
|
|turn|14
|
|move|p1a: Bisharp|Sucker Punch|p2a: Keldeo-Resolute
|-resisted|p2a: Keldeo-Resolute
|-damage|p2a: Keldeo-Resolute|42\/323
|-boost|p2a: Keldeo-Resolute|atk|1|[from] ability: Justified
|-damage|p1a: Bisharp|134\/269|[from] item: Life Orb
|move|p2a: Keldeo-Resolute|Scald|p1a: Bisharp
|-damage|p1a: Bisharp|0 fnt
|faint|p1a: Bisharp
|
|
|switch|p1a: Gallade|Gallade-Mega, M|50\/277
|-damage|p1a: Gallade|33\/277|[from] Stealth Rock
|turn|15
|
|switch|p2a: Thundurus|Thundurus, M|10\/299
|-damage|p2a: Thundurus|0 fnt|[from] Stealth Rock
|faint|p2a: Thundurus
|move|p1a: Gallade|Close Combat|p2: Thundurus|[notarget]
|-notarget
|
|
|switch|p2a: Bisharp|Bisharp, F|272\/272
|-damage|p2a: Bisharp|255\/272|[from] Stealth Rock
|turn|16
|
|move|p2a: Bisharp|Sucker Punch|p1a: Gallade
|-damage|p1a: Gallade|0 fnt
|-damage|p2a: Bisharp|228\/272|[from] item: Life Orb
|faint|p1a: Gallade
|
|
|switch|p1a: Azumarill|Azumarill, M|352\/352
|-damage|p1a: Azumarill|308\/352|[from] Stealth Rock
|turn|17
|
|move|p2a: Bisharp|Iron Head|p1a: Azumarill
|-damage|p1a: Azumarill|92\/352
|-damage|p2a: Bisharp|201\/272|[from] item: Life Orb
|-enditem|p1a: Azumarill|Sitrus Berry|[eat]
|-heal|p1a: Azumarill|180\/352|[from] item: Sitrus Berry
|cant|p1a: Azumarill|flinch
|
|turn|18
|
|move|p2a: Bisharp|Iron Head|p1a: Azumarill
|-damage|p1a: Azumarill|0 fnt
|-damage|p2a: Bisharp|174\/272|[from] item: Life Orb
|faint|p1a: Azumarill
|
|win|Level 56
|raw|Ladder updating...
|raw|FlamingVictini PB's rating: 1511 &rarr; <strong>1489<\/strong><br \/>(-22 for losing)
|raw|Level 56's rating: 1471 &rarr; <strong>1493<\/strong><br \/>(+22 for winning)