|join|HUUURAAAAAx2
|join|FlamingVictini PB
|player|p1|HUUURAAAAAx2|170
|player|p2|FlamingVictini PB|99
|gametype|singles
|gen|6
|tier|OU (suspect test)
|rated
|clearpoke
|poke|p1|Gliscor, M
|poke|p1|Diancie
|poke|p1|Raikou
|poke|p1|Latios, M
|poke|p1|Ferrothorn, M
|poke|p1|Infernape, F
|poke|p2|Victini
|poke|p2|Manaphy
|poke|p2|Lucario, F
|poke|p2|Altaria, M
|poke|p2|Landorus-Therian, M
|poke|p2|Raikou
|rule|Swagger Clause: Swagger is banned
|rule|Baton Pass Clause: Limit one PokÃ©mon knowing Baton Pass
|rule|Sleep Clause Mod: Limit one foe put to sleep
|rule|Species Clause: Limit one of each PokÃ©mon
|rule|OHKO Clause: OHKO moves are banned
|rule|Moody Clause: Moody is banned
|rule|Evasion Moves Clause: Evasion moves are banned
|rule|Endless Battle Clause: Forcing endless battles is banned
|rule|HP Percentage Mod: HP is shown in percentages
|teampreview
|
|start
|switch|p1a: Gliscor|Gliscor, M|352\/352
|switch|p2a: Victini|Victini|341\/341
|turn|1
|
|switch|p2a: Manaphy|Manaphy|361\/361
|move|p1a: Gliscor|Knock Off|p2a: Manaphy
|-damage|p2a: Manaphy|291\/361
|-enditem|p2a: Manaphy|Leftovers|[from] move: Knock Off|[of] p1a: Gliscor
|
|-status|p1a: Gliscor|tox|[from] item: Toxic Orb
|turn|2
|
|switch|p1a: Latios|Latios, M|301\/301
|move|p2a: Manaphy|Scald|p1a: Latios
|-resisted|p1a: Latios
|-damage|p1a: Latios|250\/301
|
|turn|3
|
|switch|p2a: Raikou|Raikou|321\/321
|-ability|p2a: Raikou|Pressure
|move|p1a: Latios|Draco Meteor|p2a: Raikou|[miss]
|-miss|p1a: Latios|p2a: Raikou
|
|turn|4
|
|move|p2a: Raikou|Shadow Ball|p1a: Latios
|-supereffective|p1a: Latios
|-damage|p1a: Latios|104\/301
|-unboost|p1a: Latios|spd|1
|move|p1a: Latios|Draco Meteor|p2a: Raikou
|-damage|p2a: Raikou|129\/321
|-unboost|p1a: Latios|spa|2
|-damage|p1a: Latios|74\/301|[from] item: Life Orb
|
|turn|5
|join|A2tehBR
|
|switch|p1a: Gliscor|Gliscor, M|352\/352 tox
|move|p2a: Raikou|Volt Switch|p1a: Gliscor
|-immune|p1a: Gliscor|[msg]
|
|turn|6
|leave|A2tehBR
|
|switch|p2a: Manaphy|Manaphy|291\/361
|switch|p1a: Ferrothorn|Ferrothorn, M|352\/352
|
|turn|7
|
|move|p2a: Manaphy|Scald|p1a: Ferrothorn
|-resisted|p1a: Ferrothorn
|-damage|p1a: Ferrothorn|305\/352
|move|p1a: Ferrothorn|Stealth Rock|p2a: Manaphy
|-sidestart|p2: FlamingVictini PB|move: Stealth Rock
|
|-heal|p1a: Ferrothorn|327\/352|[from] item: Leftovers
|turn|8
|
|move|p2a: Manaphy|Scald|p1a: Ferrothorn
|-resisted|p1a: Ferrothorn
|-damage|p1a: Ferrothorn|285\/352
|move|p1a: Ferrothorn|Leech Seed|p2a: Manaphy|[miss]
|-miss|p1a: Ferrothorn|p2a: Manaphy
|
|-heal|p1a: Ferrothorn|307\/352|[from] item: Leftovers
|turn|9
|
|move|p2a: Manaphy|Scald|p1a: Ferrothorn
|-resisted|p1a: Ferrothorn
|-damage|p1a: Ferrothorn|262\/352
|move|p1a: Ferrothorn|Leech Seed|p2a: Manaphy
|-start|p2a: Manaphy|move: Leech Seed
|
|-heal|p1a: Ferrothorn|284\/352|[from] item: Leftovers
|-damage|p2a: Manaphy|246\/361|[from] Leech Seed|[of] p1a: Ferrothorn
|-heal|p1a: Ferrothorn|329\/352|[silent]
|turn|10
|
|move|p2a: Manaphy|Scald|p1a: Ferrothorn
|-resisted|p1a: Ferrothorn
|-damage|p1a: Ferrothorn|284\/352
|move|p1a: Ferrothorn|Leech Seed|p2a: Manaphy
|-fail|p2a: Manaphy
|
|-heal|p1a: Ferrothorn|306\/352|[from] item: Leftovers
|-damage|p2a: Manaphy|201\/361|[from] Leech Seed|[of] p1a: Ferrothorn
|-heal|p1a: Ferrothorn|351\/352|[silent]
|turn|11
|
|switch|p2a: Lucario|Lucario, F|281\/281
|-damage|p2a: Lucario|273\/281|[from] Stealth Rock
|switch|p1a: Latios|Latios, M|74\/301
|
|turn|12
|
|switch|p1a: Ferrothorn|Ferrothorn, M|351\/352
|move|p2a: Lucario|Extreme Speed|p1a: Ferrothorn
|-resisted|p1a: Ferrothorn
|-damage|p1a: Ferrothorn|312\/352
|-damage|p2a: Lucario|238\/281|[from] ability: Iron Barbs|[of] p1a: Ferrothorn
|-damage|p2a: Lucario|210\/281|[from] item: Life Orb
|
|-heal|p1a: Ferrothorn|334\/352|[from] item: Leftovers
|turn|13
|
|switch|p2a: Landorus-Therian|Landorus-Therian, M|381\/381
|-damage|p2a: Landorus-Therian|334\/381|[from] Stealth Rock
|-ability|p2a: Landorus-Therian|Intimidate|[of] p1a: Ferrothorn
|-unboost|p1a: Ferrothorn|atk|1
|switch|p1a: Gliscor|Gliscor, M|352\/352 tox
|
|-heal|p2a: Landorus-Therian|357\/381|[from] item: Leftovers
|turn|14
|
|move|p1a: Gliscor|Taunt|p2a: Landorus-Therian
|-start|p2a: Landorus-Therian|move: Taunt
|cant|p2a: Landorus-Therian|move: Taunt|Stealth Rock
|
|-heal|p2a: Landorus-Therian|380\/381|[from] item: Leftovers
|turn|15
|
|move|p1a: Gliscor|Knock Off|p2a: Landorus-Therian
|-damage|p2a: Landorus-Therian|300\/381
|-enditem|p2a: Landorus-Therian|Leftovers|[from] move: Knock Off|[of] p1a: Gliscor
|move|p2a: Landorus-Therian|U-turn|p1a: Gliscor
|-resisted|p1a: Gliscor
|-damage|p1a: Gliscor|314\/352 tox
|
|switch|p2a: Manaphy|Manaphy|201\/361
|-damage|p2a: Manaphy|156\/361|[from] Stealth Rock
|
|-heal|p1a: Gliscor|352\/352 tox|[from] ability: Poison Heal
|turn|16
|
|switch|p1a: Ferrothorn|Ferrothorn, M|334\/352
|move|p2a: Manaphy|Scald|p1a: Ferrothorn
|-resisted|p1a: Ferrothorn
|-damage|p1a: Ferrothorn|291\/352
|
|-heal|p1a: Ferrothorn|313\/352|[from] item: Leftovers
|turn|17
|c|âFlamingVictini PB|does this thing have an immunity to burns
|
|switch|p2a: Landorus-Therian|Landorus-Therian, M|300\/381
|-damage|p2a: Landorus-Therian|253\/381|[from] Stealth Rock
|-ability|p2a: Landorus-Therian|Intimidate|[of] p1a: Ferrothorn
|-unboost|p1a: Ferrothorn|atk|1
|move|p1a: Ferrothorn|Leech Seed|p2a: Landorus-Therian
|-start|p2a: Landorus-Therian|move: Leech Seed
|
|-heal|p1a: Ferrothorn|335\/352|[from] item: Leftovers
|-damage|p2a: Landorus-Therian|206\/381|[from] Leech Seed|[of] p1a: Ferrothorn
|-heal|p1a: Ferrothorn|352\/352|[silent]
|turn|18
|
|switch|p1a: Latios|Latios, M|74\/301
|move|p2a: Landorus-Therian|Stealth Rock|p1a: Latios
|-sidestart|p1: HUUURAAAAAx2|move: Stealth Rock
|
|-damage|p2a: Landorus-Therian|159\/381|[from] Leech Seed|[of] p1a: Latios
|-heal|p1a: Latios|121\/301|[silent]
|turn|19
|
|move|p1a: Latios|Draco Meteor|p2a: Landorus-Therian
|-damage|p2a: Landorus-Therian|0 fnt
|-unboost|p1a: Latios|spa|2
|-damage|p1a: Latios|91\/301|[from] item: Life Orb
|faint|p2a: Landorus-Therian
|
|
|switch|p2a: Victini|Victini|341\/341
|-damage|p2a: Victini|256\/341|[from] Stealth Rock
|turn|20
|
|move|p2a: Victini|Glaciate|p1a: Latios
|-supereffective|p1a: Latios
|-damage|p1a: Latios|0 fnt
|faint|p1a: Latios
|
|
|switch|p1a: Ferrothorn|Ferrothorn, M|352\/352
|-damage|p1a: Ferrothorn|330\/352|[from] Stealth Rock
|turn|21
|
|switch|p2a: Raikou|Raikou|129\/321
|-damage|p2a: Raikou|89\/321|[from] Stealth Rock
|-ability|p2a: Raikou|Pressure
|move|p1a: Ferrothorn|Leech Seed|p2a: Raikou|[miss]
|-miss|p1a: Ferrothorn|p2a: Raikou
|
|-heal|p1a: Ferrothorn|352\/352|[from] item: Leftovers
|turn|22
|
|move|p2a: Raikou|Hidden Power|p1a: Ferrothorn
|-supereffective|p1a: Ferrothorn
|-damage|p1a: Ferrothorn|140\/352
|move|p1a: Ferrothorn|Leech Seed|p2a: Raikou
|-start|p2a: Raikou|move: Leech Seed
|
|-heal|p1a: Ferrothorn|162\/352|[from] item: Leftovers
|-damage|p2a: Raikou|49\/321|[from] Leech Seed|[of] p1a: Ferrothorn
|-heal|p1a: Ferrothorn|202\/352|[silent]
|turn|23
|
|switch|p1a: Gliscor|Gliscor, M|352\/352 tox
|-damage|p1a: Gliscor|308\/352 tox|[from] Stealth Rock
|move|p2a: Raikou|Hidden Power|p1a: Gliscor
|-damage|p1a: Gliscor|242\/352 tox
|
|-damage|p2a: Raikou|9\/321|[from] Leech Seed|[of] p1a: Gliscor
|-heal|p1a: Gliscor|282\/352 tox|[silent]
|-heal|p1a: Gliscor|326\/352 tox|[from] ability: Poison Heal
|turn|24
|
|move|p2a: Raikou|Shadow Ball|p1a: Gliscor
|-damage|p1a: Gliscor|243\/352 tox
|move|p1a: Gliscor|U-turn|p2a: Raikou
|-damage|p2a: Raikou|0 fnt
|faint|p2a: Raikou
|
|switch|p1a: Diancie|Diancie|241\/241
|-damage|p1a: Diancie|211\/241|[from] Stealth Rock
|
|
|switch|p2a: Lucario|Lucario, F|210\/281
|-damage|p2a: Lucario|202\/281|[from] Stealth Rock
|turn|25
|
|detailschange|p1a: Diancie|Diancie-Mega
|-mega|p1a: Diancie|Diancie|Diancite
|move|p1a: Diancie|Protect|p1a: Diancie
|-singleturn|p1a: Diancie|Protect
|move|p2a: Lucario|Close Combat|p1a: Diancie
|-activate|p1a: Diancie|Protect
|
|turn|26
|
|move|p2a: Lucario|Extreme Speed|p1a: Diancie
|-resisted|p1a: Diancie
|-damage|p1a: Diancie|160\/241
|-damage|p2a: Lucario|174\/281|[from] item: Life Orb
|move|p1a: Diancie|Earth Power|p2a: Lucario
|-crit|p2a: Lucario
|-supereffective|p2a: Lucario
|-damage|p2a: Lucario|0 fnt
|faint|p2a: Lucario
|
|
|switch|p2a: Victini|Victini|256\/341
|-damage|p2a: Victini|171\/341|[from] Stealth Rock
|turn|27
|
|switch|p1a: Gliscor|Gliscor, M|243\/352 tox
|-damage|p1a: Gliscor|199\/352 tox|[from] Stealth Rock
|move|p2a: Victini|Glaciate|p1a: Gliscor
|-supereffective|p1a: Gliscor
|-damage|p1a: Gliscor|0 fnt
|faint|p1a: Gliscor
|
|
|switch|p1a: Infernape|Infernape, F|293\/293
|-damage|p1a: Infernape|257\/293|[from] Stealth Rock
|turn|28
|
|switch|p2a: Manaphy|Manaphy|156\/361
|-damage|p2a: Manaphy|111\/361|[from] Stealth Rock
|move|p1a: Infernape|U-turn|p2a: Manaphy
|-damage|p2a: Manaphy|15\/361
|-damage|p1a: Infernape|228\/293|[from] item: Life Orb
|
|switch|p1a: Raikou|Raikou|321\/321
|-damage|p1a: Raikou|281\/321|[from] Stealth Rock
|-ability|p1a: Raikou|Pressure
|
|turn|29
|
|move|p1a: Raikou|Volt Switch|p2a: Manaphy
|-crit|p2a: Manaphy
|-supereffective|p2a: Manaphy
|-damage|p2a: Manaphy|0 fnt
|faint|p2a: Manaphy
|
|switch|p1a: Ferrothorn|Ferrothorn, M|202\/352
|-damage|p1a: Ferrothorn|180\/352|[from] Stealth Rock
|
|-heal|p1a: Ferrothorn|202\/352|[from] item: Leftovers
|
|switch|p2a: Victini|Victini|171\/341
|-damage|p2a: Victini|86\/341|[from] Stealth Rock
|turn|30
|
|move|p2a: Victini|Glaciate|p1a: Ferrothorn
|-damage|p1a: Ferrothorn|165\/352
|-unboost|p1a: Ferrothorn|spe|1
|move|p1a: Ferrothorn|Leech Seed|p2a: Victini
|-start|p2a: Victini|move: Leech Seed
|
|-heal|p1a: Ferrothorn|187\/352|[from] item: Leftovers
|-damage|p2a: Victini|44\/341|[from] Leech Seed|[of] p1a: Ferrothorn
|-heal|p1a: Ferrothorn|229\/352|[silent]
|turn|31
|
|move|p2a: Victini|Glaciate|p1a: Ferrothorn
|-damage|p1a: Ferrothorn|189\/352
|-unboost|p1a: Ferrothorn|spe|1
|move|p1a: Ferrothorn|Gyro Ball|p2a: Victini
|-resisted|p2a: Victini
|-damage|p2a: Victini|0 fnt
|faint|p2a: Victini
|
|-heal|p1a: Ferrothorn|211\/352|[from] item: Leftovers
|
|switch|p2a: Altaria|Altaria, M|307\/307
|-damage|p2a: Altaria|231\/307|[from] Stealth Rock
|turn|32
|
|move|p2a: Altaria|Dragon Dance|p2a: Altaria
|-boost|p2a: Altaria|atk|1
|-boost|p2a: Altaria|spe|1
|move|p1a: Ferrothorn|Gyro Ball|p2a: Altaria
|-damage|p2a: Altaria|63\/307
|
|-heal|p1a: Ferrothorn|233\/352|[from] item: Leftovers
|turn|33
|
|move|p2a: Altaria|Roost|p2a: Altaria
|-heal|p2a: Altaria|217\/307
|move|p1a: Ferrothorn|Gyro Ball|p2a: Altaria
|-damage|p2a: Altaria|48\/307
|
|-heal|p1a: Ferrothorn|255\/352|[from] item: Leftovers
|turn|34
|join|hairyago
|
|move|p2a: Altaria|Roost|p2a: Altaria
|-heal|p2a: Altaria|202\/307
|move|p1a: Ferrothorn|Gyro Ball|p2a: Altaria
|-damage|p2a: Altaria|7\/307
|
|-heal|p1a: Ferrothorn|277\/352|[from] item: Leftovers
|turn|35
|
|detailschange|p2a: Altaria|Altaria-Mega, M
|-mega|p2a: Altaria|Altaria|Altarianite
|move|p2a: Altaria|Return|p1a: Ferrothorn
|-resisted|p1a: Ferrothorn
|-damage|p1a: Ferrothorn|174\/352
|-damage|p2a: Altaria|0 fnt|[from] ability: Iron Barbs|[of] p1a: Ferrothorn
|faint|p2a: Altaria
|
|win|HUUURAAAAAx2
|raw|Ladder updating...
|raw|HUUURAAAAAx2's rating: 1435 &rarr; <strong>1455<\/strong><br \/>(+20 for winning)
|raw|FlamingVictini PB's rating: 1426 &rarr; <strong>1406<\/strong><br \/>(-20 for losing)