|join|Neo AE
|join|FlamingVictini PB
|player|p1|Neo AE|153
|player|p2|FlamingVictini PB|99
|gametype|singles
|gen|6
|tier|OU (suspect test)
|rated
|clearpoke
|poke|p1|Tornadus-Therian, M
|poke|p1|Metagross
|poke|p1|Keldeo
|poke|p1|Landorus-Therian, M
|poke|p1|Rotom-Wash
|poke|p1|Clefable, F
|poke|p2|Infernape, M
|poke|p2|Azumarill, M
|poke|p2|Lucario, M
|poke|p2|Landorus, M
|poke|p2|Thundurus, M
|poke|p2|Metagross
|rule|Swagger Clause: Swagger is banned
|rule|Baton Pass Clause: Limit one PokÃ©mon knowing Baton Pass
|rule|Sleep Clause Mod: Limit one foe put to sleep
|rule|Species Clause: Limit one of each PokÃ©mon
|rule|OHKO Clause: OHKO moves are banned
|rule|Moody Clause: Moody is banned
|rule|Evasion Moves Clause: Evasion moves are banned
|rule|Endless Battle Clause: Forcing endless battles is banned
|rule|HP Percentage Mod: HP is shown in percentages
|teampreview
|
|start
|switch|p1a: Landorus-Therian|Landorus-Therian, M|381\/381
|switch|p2a: Infernape|Infernape, M|262\/262
|-ability|p1a: Landorus-Therian|Intimidate|[of] p2a: Infernape
|-unboost|p2a: Infernape|atk|1
|turn|1
|
|move|p2a: Infernape|Stealth Rock|p1a: Landorus-Therian
|-sidestart|p1: Neo AE|move: Stealth Rock
|move|p1a: Landorus-Therian|Stealth Rock|p2a: Infernape
|-sidestart|p2: FlamingVictini PB|move: Stealth Rock
|
|turn|2
|join|daftmau5
|
|move|p2a: Infernape|Fire Blast|p1a: Landorus-Therian
|-damage|p1a: Landorus-Therian|173\/381
|move|p1a: Landorus-Therian|Earthquake|p2a: Infernape
|-supereffective|p2a: Infernape
|-enditem|p2a: Infernape|Focus Sash
|-damage|p2a: Infernape|1\/262
|
|-heal|p1a: Landorus-Therian|196\/381|[from] item: Leftovers
|turn|3
|
|switch|p1a: Rotom-Hax|Rotom-Wash|304\/304
|-damage|p1a: Rotom-Hax|266\/304|[from] Stealth Rock
|move|p2a: Infernape|Endeavor|p1a: Rotom-Hax
|-damage|p1a: Rotom-Hax|1\/304
|
|-heal|p1a: Rotom-Hax|20\/304|[from] item: Leftovers
|turn|4
|c| daftmau5|lool
|
|move|p2a: Infernape|Vacuum Wave|p1a: Rotom-Hax
|-damage|p1a: Rotom-Hax|0 fnt
|faint|p1a: Rotom-Hax
|
|c|âFlamingVictini PB|ahh yum
|
|switch|p1a: Tornadus-Therian|Tornadus-Therian, M|299\/299
|-damage|p1a: Tornadus-Therian|225\/299|[from] Stealth Rock
|turn|5
|
|move|p2a: Infernape|Vacuum Wave|p1a: Tornadus-Therian
|-resisted|p1a: Tornadus-Therian
|-damage|p1a: Tornadus-Therian|189\/299
|move|p1a: Tornadus-Therian|Knock Off|p2a: Infernape
|-resisted|p2a: Infernape
|-damage|p2a: Infernape|0 fnt
|-damage|p1a: Tornadus-Therian|160\/299|[from] item: Life Orb
|faint|p2a: Infernape
|
|
|switch|p2a: Thundurus|Thundurus, M|299\/299
|-damage|p2a: Thundurus|225\/299|[from] Stealth Rock
|turn|6
|
|switch|p1a: Clefable|Clefable, F|394\/394
|move|p2a: Thundurus|Thunder Wave|p1a: Clefable
|-status|p1a: Clefable|par
|
|turn|7
|
|move|p2a: Thundurus|Thunderbolt|p1a: Clefable
|-damage|p1a: Clefable|219\/394 par
|-damage|p2a: Thundurus|196\/299|[from] item: Life Orb
|move|p1a: Clefable|Thunder Wave|p2a: Thundurus
|-fail|p2a: Thundurus
|
|-heal|p1a: Clefable|243\/394 par|[from] item: Leftovers
|turn|8
|c| daftmau5|!
|
|switch|p2a: Landorus|Landorus, M|319\/319
|-damage|p2a: Landorus|280\/319|[from] Stealth Rock
|move|p1a: Clefable|Soft-Boiled|p1a: Clefable
|-heal|p1a: Clefable|394\/394 par
|
|turn|9
|
|switch|p1a: Landorus-Therian|Landorus-Therian, M|196\/381
|-damage|p1a: Landorus-Therian|149\/381|[from] Stealth Rock
|-ability|p1a: Landorus-Therian|Intimidate|[of] p2a: Landorus
|-unboost|p2a: Landorus|atk|1
|move|p2a: Landorus|Earth Power|p1a: Landorus-Therian
|-immune|p1a: Landorus-Therian|[msg]
|
|-heal|p1a: Landorus-Therian|172\/381|[from] item: Leftovers
|turn|10
|
|move|p2a: Landorus|Psychic|p1a: Landorus-Therian
|-crit|p1a: Landorus-Therian
|-damage|p1a: Landorus-Therian|0 fnt
|faint|p1a: Landorus-Therian
|
|
|switch|p1a: Tornadus-Therian|Tornadus-Therian, M|259\/299
|-damage|p1a: Tornadus-Therian|185\/299|[from] Stealth Rock
|turn|11
|
|switch|p2a: Lucario|Lucario, M|281\/281
|-damage|p2a: Lucario|273\/281|[from] Stealth Rock
|move|p1a: Tornadus-Therian|Hurricane|p2a: Lucario
|-damage|p2a: Lucario|0 fnt
|-damage|p1a: Tornadus-Therian|156\/299|[from] item: Life Orb
|faint|p2a: Lucario
|
|
|switch|p2a: Thundurus|Thundurus, M|196\/299
|-damage|p2a: Thundurus|122\/299|[from] Stealth Rock
|turn|12
|
|switch|p1a: Clefable|Clefable, F|394\/394 par
|move|p2a: Thundurus|Thunder Wave|p1a: Clefable
|-fail|p1a: Clefable|par
|
|turn|13
|
|move|p2a: Thundurus|Thunderbolt|p1a: Clefable
|-damage|p1a: Clefable|219\/394 par
|-damage|p2a: Thundurus|93\/299|[from] item: Life Orb
|move|p1a: Clefable|Moonblast|p2a: Thundurus
|-damage|p2a: Thundurus|0 fnt
|faint|p2a: Thundurus
|
|-heal|p1a: Clefable|243\/394 par|[from] item: Leftovers
|
|switch|p2a: Landorus|Landorus, M|280\/319
|-damage|p2a: Landorus|241\/319|[from] Stealth Rock
|turn|14
|
|move|p2a: Landorus|Rock Polish|p2a: Landorus
|-boost|p2a: Landorus|spe|2
|move|p1a: Clefable|Moonblast|p2a: Landorus
|-crit|p2a: Landorus
|-damage|p2a: Landorus|15\/319
|
|-heal|p1a: Clefable|267\/394 par|[from] item: Leftovers
|turn|15
|c|âFlamingVictini PB|o
|
|move|p2a: Landorus|Earth Power|p1a: Clefable
|-damage|p1a: Clefable|32\/394 par
|move|p1a: Clefable|Moonblast|p2a: Landorus
|-damage|p2a: Landorus|0 fnt
|faint|p2a: Landorus
|
|-heal|p1a: Clefable|56\/394 par|[from] item: Leftovers
|c|âFlamingVictini PB|hmm i guess that was useless regardless lol
|c| daftmau5|2hko anyway y
|
|switch|p2a: Metagross|Metagross|301\/301
|-damage|p2a: Metagross|283\/301|[from] Stealth Rock
|turn|16
|
|detailschange|p2a: Metagross|Metagross-Mega
|-mega|p2a: Metagross|Metagross|Metagrossite
|move|p2a: Metagross|Bullet Punch|p1a: Clefable
|-supereffective|p1a: Clefable
|-damage|p1a: Clefable|0 fnt
|faint|p1a: Clefable
|
|join|Yuhi Sachiko
|
|switch|p1a: Tornadus-Therian|Tornadus-Therian, M|255\/299
|-damage|p1a: Tornadus-Therian|181\/299|[from] Stealth Rock
|turn|17
|
|switch|p2a: Azumarill|Azumarill, M|352\/352
|-damage|p2a: Azumarill|308\/352|[from] Stealth Rock
|move|p1a: Tornadus-Therian|Heat Wave|p2a: Azumarill
|-miss|p1a: Tornadus-Therian|p2a: Azumarill
|
|turn|18
|c| daftmau5|that mattered
|c| daftmau5|a lot actually
|c| daftmau5|LOL
|c|âNeo AE|yh -_-
|c|âFlamingVictini PB|how?
|c| daftmau5|hurricane range
|c|âNeo AE|yh
|c|âFlamingVictini PB|u sure hurricane dosen't kill anyway?
|c| daftmau5|y
|c| daftmau5|fairly
|c|âFlamingVictini PB|this isn't av azu
|c|âNeo AE|confuse hax bro
|
|switch|p1a: Keldeo|Keldeo|323\/323
|-damage|p1a: Keldeo|303\/323|[from] Stealth Rock
|move|p2a: Azumarill|Knock Off|p1a: Keldeo
|-resisted|p1a: Keldeo
|-damage|p1a: Keldeo|233\/323
|-boost|p1a: Keldeo|atk|1|[from] ability: Justified
|-enditem|p1a: Keldeo|Leftovers|[from] move: Knock Off|[of] p2a: Azumarill
|
|turn|19
|c| daftmau5|hurricane does around 70%
|
|move|p1a: Keldeo|Scald|p2a: Azumarill
|-resisted|p2a: Azumarill
|-damage|p2a: Azumarill|224\/352
|move|p2a: Azumarill|Play Rough|p1a: Keldeo
|-supereffective|p1a: Keldeo
|-damage|p1a: Keldeo|0 fnt
|faint|p1a: Keldeo
|
|c| daftmau5|min ish
|
|switch|p1a: Metagross|Metagross|301\/301
|-damage|p1a: Metagross|283\/301|[from] Stealth Rock
|turn|20
|
|detailschange|p1a: Metagross|Metagross-Mega
|-mega|p1a: Metagross|Metagross|Metagrossite
|move|p2a: Azumarill|Aqua Jet|p1a: Metagross
|-damage|p1a: Metagross|217\/301
|move|p1a: Metagross|Meteor Mash|p2a: Azumarill
|-damage|p2a: Azumarill|0 fnt
|faint|p2a: Azumarill
|
|
|switch|p2a: Metagross|Metagross-Mega|283\/301
|-damage|p2a: Metagross|265\/301|[from] Stealth Rock
|turn|21
|join|jake5
|
|move|p1a: Metagross|Hammer Arm|p2a: Metagross
|-damage|p2a: Metagross|149\/301
|-unboost|p1a: Metagross|spe|1
|move|p2a: Metagross|Earthquake|p1a: Metagross
|-supereffective|p1a: Metagross
|-damage|p1a: Metagross|43\/301
|
|turn|22
|
|move|p1a: Metagross|Bullet Punch|p2a: Metagross
|-resisted|p2a: Metagross
|-damage|p2a: Metagross|112\/301
|move|p2a: Metagross|Meteor Mash|p1a: Metagross
|-resisted|p1a: Metagross
|-damage|p1a: Metagross|0 fnt
|-boost|p2a: Metagross|atk|1
|faint|p1a: Metagross
|
|c|âFlamingVictini PB|ah got it
|c|âNeo AE|that attack hax -_-
|
|switch|p1a: Tornadus-Therian|Tornadus-Therian, M|280\/299
|-damage|p1a: Tornadus-Therian|206\/299|[from] Stealth Rock
|turn|23
|c| daftmau5|lmfao
|c|âNeo AE|bp probs killing me now
|c|âFlamingVictini PB|maybe u still live
|c|âNeo AE|anyway gg
|c|âFlamingVictini PB|gg
|
|move|p2a: Metagross|Bullet Punch|p1a: Tornadus-Therian
|-damage|p1a: Tornadus-Therian|16\/299
|move|p1a: Tornadus-Therian|Heat Wave|p2a: Metagross
|-supereffective|p2a: Metagross
|-damage|p2a: Metagross|0 fnt
|-damage|p1a: Tornadus-Therian|0 fnt|[from] item: Life Orb
|faint|p2a: Metagross
|faint|p1a: Tornadus-Therian
|
|win|Neo AE
|raw|Ladder updating...
|raw|Neo AE's rating: 1473 &rarr; <strong>1498<\/strong><br \/>(+25 for winning)
|raw|FlamingVictini PB's rating: 1576 &rarr; <strong>1550<\/strong><br \/>(-26 for losing)
|c| daftmau5|yeeeees
|c| daftmau5|go my team
|c|âNeo AE|phew lol
|leave|FlamingVictini PB
|c|âNeo AE|lol yh its you
|player|p2
|leave|jake5
|leave|Yuhi Sachiko
|c| daftmau5|\/me disappears
|c|âNeo AE|i just copied it n like it much
|leave|daftmau5
|join|daftmau5
|leave|daftmau5