|join|WECAMEASROMANS
|join|FlamingVictini PB
|player|p1|WECAMEASROMANS|266
|player|p2|FlamingVictini PB|99
|gametype|singles
|gen|6
|tier|OU (suspect test)
|rated
|clearpoke
|poke|p1|Heatran, F
|poke|p1|Ferrothorn, M
|poke|p1|Slowbro, F
|poke|p1|Landorus-Therian, M
|poke|p1|Kyurem-Black
|poke|p1|Clefable, F
|poke|p2|Infernape, F
|poke|p2|Azumarill, M
|poke|p2|Lucario, F
|poke|p2|Landorus, M
|poke|p2|Thundurus, M
|poke|p2|Metagross
|rule|Swagger Clause: Swagger is banned
|rule|Baton Pass Clause: Limit one PokÃ©mon knowing Baton Pass
|rule|Sleep Clause Mod: Limit one foe put to sleep
|rule|Species Clause: Limit one of each PokÃ©mon
|rule|OHKO Clause: OHKO moves are banned
|rule|Moody Clause: Moody is banned
|rule|Evasion Moves Clause: Evasion moves are banned
|rule|Endless Battle Clause: Forcing endless battles is banned
|rule|HP Percentage Mod: HP is shown in percentages
|teampreview
|join|Jukain
|join|Reverend
|c|âFlamingVictini PB|:]
|c|âWECAMEASROMANS|you
|join|only team testing
|join|TyranitarTerror
|c|âWECAMEASROMANS|fucking
|join|Alkov
|c|âWECAMEASROMANS|meanie
|c|+Jukain|LOSE
|c|+Jukain|LOSE
|c| Alkov|looooool
|join|req'd by crobro
|c|+Jukain|LOSE
|c|+Jukain|LOSE
|c| Alkov|the snipe is reawl
|c|+Jukain|LOSE
|c|+Jukain|LOSE
|c|+Jukain|LOSE
|
|start
|switch|p1a: Landorus-Therian|Landorus-Therian, M|325\/325
|switch|p2a: Infernape|Infernape, F|262\/262
|-ability|p1a: Landorus-Therian|Intimidate|[of] p2a: Infernape
|-unboost|p2a: Infernape|atk|1
|turn|1
|join|Chillingtilnoon
|c|+Jukain|LOSE
|
|move|p1a: Landorus-Therian|Earthquake|p2a: Infernape
|-supereffective|p2a: Infernape
|-enditem|p2a: Infernape|Focus Sash
|-damage|p2a: Infernape|1\/262
|move|p2a: Infernape|Stealth Rock|p1a: Landorus-Therian
|-sidestart|p1: WECAMEASROMANS|move: Stealth Rock
|
|turn|2
|join|daftmau5
|
|switch|p2a: Landorus|Landorus, M|319\/319
|move|p1a: Landorus-Therian|Earthquake|p2a: Landorus
|-immune|p2a: Landorus|[msg]
|
|turn|3
|join|jake5
|c| daftmau5|nice and sniped
|join|king of spycrabs
|
|switch|p1a: Clefable|Clefable, F|394\/394
|move|p2a: Landorus|Earth Power|p1a: Clefable
|-damage|p1a: Clefable|120\/394
|
|-heal|p1a: Clefable|144\/394|[from] item: Leftovers
|turn|4
|c| jake5|snipe too stronk
|
|move|p2a: Landorus|Earth Power|p1a: Clefable
|-damage|p1a: Clefable|0 fnt
|faint|p1a: Clefable
|
|
|switch|p1a: Slowbro|Slowbro, F|393\/393
|-damage|p1a: Slowbro|344\/393|[from] Stealth Rock
|turn|5
|c| jake5|go fv
|c| jake5|and he has a lando lol
|c|+Jukain|WCAR
|join|32two
|c|+Jukain|WHY DID YOU SAC
|c| jake5|meanie looool@
|
|switch|p2a: Infernape|Infernape, F|1\/262
|move|p1a: Slowbro|Scald|p2a: Infernape
|-supereffective|p2a: Infernape
|-damage|p2a: Infernape|0 fnt
|faint|p2a: Infernape
|
|c|+Jukain|BOTH OF YOUR LUC ANSWERS
|
|switch|p2a: Thundurus|Thundurus, M|299\/299
|turn|6
|c|âWECAMEASROMANS|??????
|c| daftmau5|doesn't thund sweep
|c|âWECAMEASROMANS|how is clef a luke answer
|c|+Jukain|o this is
|c|+Jukain|still alive
|
|switch|p1a: Landorus-Therian|Landorus-Therian, M|325\/325
|-damage|p1a: Landorus-Therian|285\/325|[from] Stealth Rock
|-ability|p1a: Landorus-Therian|Intimidate|[of] p2a: Thundurus
|-unboost|p2a: Thundurus|atk|1
|move|p2a: Thundurus|Thunderbolt|p1a: Landorus-Therian
|-immune|p1a: Landorus-Therian|[msg]
|
|turn|7
|c|+Jukain|well if they dont have
|c|+Jukain|iron tail
|leave|32two
|c| king of spycrabs|WCAR is a ladder lord dont question him
|join|shartruce2
|c|+Jukain|i guess it depends on his set
|
|switch|p2a: Metagross|Metagross|301\/301
|move|p1a: Landorus-Therian|U-turn|p2a: Metagross
|-damage|p2a: Metagross|230\/301
|join|LT3A Dragonuser
|
|switch|p1a: Ferrothorn|Ferrothorn, M|352\/352
|-damage|p1a: Ferrothorn|330\/352|[from] Stealth Rock
|
|-heal|p1a: Ferrothorn|352\/352|[from] item: Leftovers
|turn|8
|
|switch|p2a: Lucario|Lucario, F|281\/281
|move|p1a: Ferrothorn|Spikes|p2a: Lucario
|-sidestart|p2: FlamingVictini PB|Spikes
|
|turn|9
|
|switch|p1a: Slowbro|Slowbro, F|393\/393
|-damage|p1a: Slowbro|344\/393|[from] Stealth Rock
|move|p2a: Lucario|Swords Dance|p2a: Lucario
|-boost|p2a: Lucario|atk|2
|
|turn|10
|
|move|p2a: Lucario|Crunch|p1a: Slowbro
|-supereffective|p1a: Slowbro
|-damage|p1a: Slowbro|0 fnt
|-damage|p2a: Lucario|253\/281|[from] item: Life Orb
|faint|p1a: Slowbro
|
|c| jake5|reveal crunch
|c|âWECAMEASROMANS|ew
|c| jake5|hahahhahaha
|c| daftmau5|ahhh
|c|+Jukain|lol rip
|c| daftmau5|LOOL
|c|âWECAMEASROMANS|why dat
|c|+Jukain|see i told you
|c| daftmau5|CT
|
|switch|p1a: Landorus-Therian|Landorus-Therian, M|285\/325
|-damage|p1a: Landorus-Therian|245\/325|[from] Stealth Rock
|-ability|p1a: Landorus-Therian|Intimidate|[of] p2a: Lucario
|-unboost|p2a: Lucario|atk|1
|turn|11
|c| daftmau5|IMO
|c|+Jukain|that clef
|c|+Jukain|was an answer
|c|+Jukain|hehe
|
|switch|p2a: Landorus|Landorus, M|319\/319
|move|p1a: Landorus-Therian|Earthquake|p2a: Landorus
|-immune|p2a: Landorus|[msg]
|
|turn|12
|c| king of spycrabs|RIP in spaghetti
|join|32two
|c| jake5|free kill
|
|switch|p1a: Ferrothorn|Ferrothorn, M|352\/352
|-damage|p1a: Ferrothorn|330\/352|[from] Stealth Rock
|move|p2a: Landorus|Earth Power|p1a: Ferrothorn
|-damage|p1a: Ferrothorn|118\/352
|
|-heal|p1a: Ferrothorn|140\/352|[from] item: Leftovers
|turn|13
|c| jake5|for this bad boy
|
|switch|p1a: Landorus-Therian|Landorus-Therian, M|245\/325
|-damage|p1a: Landorus-Therian|205\/325|[from] Stealth Rock
|-ability|p1a: Landorus-Therian|Intimidate|[of] p2a: Landorus
|-unboost|p2a: Landorus|atk|1
|move|p2a: Landorus|Earth Power|p1a: Landorus-Therian
|-immune|p1a: Landorus-Therian|[msg]
|
|turn|14
|c| daftmau5|just sacking mons to this lando
|c| daftmau5|very nice
|
|switch|p2a: Metagross|Metagross|230\/301
|-damage|p2a: Metagross|193\/301|[from] Spikes
|move|p1a: Landorus-Therian|Stone Edge|p2a: Metagross
|-resisted|p2a: Metagross
|-damage|p2a: Metagross|138\/301
|
|turn|15
|c| jake5|lol
|c| jake5|like it matters to fvb
|c| jake5|lool
|
|switch|p1a: Heatran|Heatran, F|328\/328
|-damage|p1a: Heatran|287\/328|[from] Stealth Rock
|switch|p2a: Lucario|Lucario, F|253\/281
|-damage|p2a: Lucario|218\/281|[from] Spikes
|
|-heal|p1a: Heatran|307\/328|[from] item: Leftovers
|turn|16
|
|switch|p1a: Landorus-Therian|Landorus-Therian, M|205\/325
|-damage|p1a: Landorus-Therian|165\/325|[from] Stealth Rock
|-ability|p1a: Landorus-Therian|Intimidate|[of] p2a: Lucario
|-unboost|p2a: Lucario|atk|1
|move|p2a: Lucario|Close Combat|p1a: Landorus-Therian
|-crit|p1a: Landorus-Therian
|-resisted|p1a: Landorus-Therian
|-damage|p1a: Landorus-Therian|0 fnt
|-unboost|p2a: Lucario|def|1
|-unboost|p2a: Lucario|spd|1
|-damage|p2a: Lucario|190\/281|[from] item: Life Orb
|faint|p1a: Landorus-Therian
|
|c|âFlamingVictini PB|ikr
|c| jake5|ah niche
|
|switch|p1a: Kyurem-Black|Kyurem-Black|391\/391
|-damage|p1a: Kyurem-Black|294\/391|[from] Stealth Rock
|-ability|p1a: Kyurem-Black|Teravolt
|turn|17
|c| jake5|LOOOOOOOL
|c| req'd by crobro|u got smashed
|
|switch|p2a: Metagross|Metagross|138\/301
|-damage|p2a: Metagross|101\/301|[from] Spikes
|move|p1a: Kyurem-Black|Earth Power|p2a: Metagross
|-supereffective|p2a: Metagross
|-damage|p2a: Metagross|0 fnt
|-damage|p1a: Kyurem-Black|255\/391|[from] item: Life Orb
|faint|p2a: Metagross
|
|
|switch|p2a: Landorus|Landorus, M|319\/319
|turn|18
|
|move|p2a: Landorus|Earth Power|p1a: Kyurem-Black
|-damage|p1a: Kyurem-Black|0 fnt
|faint|p1a: Kyurem-Black
|
|c|âFlamingVictini PB|hm
|
|switch|p1a: Ferrothorn|Ferrothorn, M|140\/352
|-damage|p1a: Ferrothorn|118\/352|[from] Stealth Rock
|turn|19
|c|âFlamingVictini PB|i think the crit was unfair
|c| jake5|game over
|c| daftmau5|lool
|c|âFlamingVictini PB|changed the whole game imo
|c| daftmau5|starting misclicking again
|c|âWECAMEASROMANS|Y
|
|move|p2a: Landorus|Earth Power|p1a: Ferrothorn
|-damage|p1a: Ferrothorn|0 fnt
|faint|p1a: Ferrothorn
|
|c| daftmau5|imo
|c|âWECAMEASROMANS|I AGREE
|join|SuspectDefeat
|
|switch|p1a: Heatran|Heatran, F|307\/328
|-damage|p1a: Heatran|266\/328|[from] Stealth Rock
|turn|20
|c|âFlamingVictini PB|idk man
|c| daftmau5|rp
|c| daftmau5|rp
|c| daftmau5|rp
|c| daftmau5|rp
|c| daftmau5|rp
|c|+Jukain|man you're mean
|c| daftmau5|rp
|c| daftmau5|rp
|c| daftmau5|rp
|c| daftmau5|rp
|c|+Jukain|if you dont forfeit
|c| SuspectDefeat|inb4
|c| daftmau5|rp
|c|+Jukain|tbh
|c| SuspectDefeat|forfeit
|
|move|p2a: Landorus|Rock Polish|p2a: Landorus
|-boost|p2a: Landorus|spe|2
|move|p1a: Heatran|Fire Blast|p2a: Landorus
|-damage|p2a: Landorus|12\/319
|
|-heal|p1a: Heatran|286\/328|[from] item: Leftovers
|turn|21
|c| daftmau5|rp
|c| daftmau5|yeees
|c|âFlamingVictini PB|hmmm
|c|+Jukain|you already have reqs
|c| jake5|lel
|c| daftmau5|rp again
|c| SuspectDefeat|rip
|c| shartruce2|lol
|c| daftmau5|just in case
|
|move|p2a: Landorus|Knock Off|p1a: Heatran
|-damage|p1a: Heatran|172\/328
|-enditem|p1a: Heatran|Leftovers|[from] move: Knock Off|[of] p2a: Landorus
|-damage|p2a: Landorus|0 fnt|[from] item: Life Orb
|faint|p2a: Landorus
|move|p1a: Heatran|Fire Blast|p2: Landorus|[notarget]
|-notarget
|
|
|switch|p2a: Thundurus|Thundurus, M|299\/299
|turn|22
|c|âFlamingVictini PB|should i make it focus blast
|c| jake5|hp ice
|c| daftmau5|twave
|c|âFlamingVictini PB|that decides it?
|
|move|p2a: Thundurus|Thunder Wave|p1a: Heatran
|-status|p1a: Heatran|par
|move|p1a: Heatran|Fire Blast|p2a: Thundurus
|-damage|p2a: Thundurus|40\/299
|
|turn|23
|c|+Jukain|nah
|c| jake5|hp ice
|c|+Jukain|dont
|c| jake5|hp ice
|c| daftmau5|hp ice
|c| jake5|hp ice
|c|+Jukain|attack
|c| jake5|hp ice
|c|+Jukain|hp ice
|c| jake5|hp ice
|c| daftmau5|and then bd azu
|
|switch|p2a: Azumarill|Azumarill, M|352\/352
|-damage|p2a: Azumarill|308\/352|[from] Spikes
|move|p1a: Heatran|Fire Blast|p2a: Azumarill
|-resisted|p2a: Azumarill
|-damage|p2a: Azumarill|185\/352
|
|turn|24
|c| jake5|hp ice
|c| SuspectDefeat|lol
|c|+Jukain|or twave
|c| jake5|hp ice
|c| jake5|hp ice
|c| jake5|hp ice
|
|move|p2a: Azumarill|Belly Drum|p2a: Azumarill
|-damage|p2a: Azumarill|9\/352
|-setboost|p2a: Azumarill|atk|6|[from] move: Belly Drum
|-enditem|p2a: Azumarill|Sitrus Berry|[eat]
|-heal|p2a: Azumarill|97\/352|[from] item: Sitrus Berry
|move|p1a: Heatran|Earth Power|p2a: Azumarill
|-damage|p2a: Azumarill|0 fnt
|faint|p2a: Azumarill
|
|c| jake5|hp ice
|c| jake5|hp ice
|
|switch|p2a: Lucario|Lucario, F|190\/281
|-damage|p2a: Lucario|155\/281|[from] Spikes
|turn|25
|c|âWECAMEASROMANS|<3 U
|c|âWECAMEASROMANS|<3 U
|
|move|p2a: Lucario|Extreme Speed|p1a: Heatran
|-resisted|p1a: Heatran
|-damage|p1a: Heatran|120\/328 par
|-damage|p2a: Lucario|127\/281|[from] item: Life Orb
|move|p1a: Heatran|Earth Power|p2a: Lucario
|-supereffective|p2a: Lucario
|-damage|p2a: Lucario|0 fnt
|faint|p2a: Lucario
|
|c| jake5|lel
|c|+Jukain|lol
|c| daftmau5|sd
|
|switch|p2a: Thundurus|Thundurus, M|40\/299
|turn|26
|c| daftmau5|sd
|c| daftmau5|sd
|c| jake5|ice pnuch
|c|âFlamingVictini PB|hmmmm
|c| daftmau5|sd
|c| jake5|ice pnuch
|c| jake5|ice punch
|c| jake5|ice punch
|c|+Jukain|watch him tbolt
|c| daftmau5|focus blast
|c| jake5|hp ice
|c| daftmau5|lgi
|c| jake5|hp ice
|c| jake5|hp ice
|c|âFlamingVictini PB|now if i use
|c|âFlamingVictini PB|focus blast
|c| daftmau5|focus blast
|c| jake5|ok focus blast
|c| daftmau5|is fair
|c|+Jukain|and be a true meanie
|c| jake5|focus blast
|c| jake5|focus blast
|c|âFlamingVictini PB|i have a 70% chance to win
|c| jake5|focus blast
|c| jake5|focus blast
|c| daftmau5|focus blast
|c| daftmau5|focus blast
|c| jake5|focus blast
|c| daftmau5|focus blast
|c| req'd by crobro|actually
|c| SuspectDefeat|lol
|c| daftmau5|focus blast
|c| jake5|focus blast
|c| daftmau5|focus blast
|c| daftmau5|focus blast
|c|+Jukain|lol
|c| jake5|focus blast
|c| daftmau5|focus blast
|c| daftmau5|focus blast
|c| jake5|focus blast
|c| req'd by crobro|like 55%
|c| daftmau5|focus blast
|c| jake5|focus blast
|c| daftmau5|focus blast
|c| jake5|focus blast
|c| daftmau5|focus blast
|c| SuspectDefeat|holy shit
|c| daftmau5|focus blast
|c| jake5|focus blst
|c| daftmau5|focus blast
|
|move|p2a: Thundurus|Focus Blast|p1a: Heatran|[miss]
|-miss|p2a: Thundurus|p1a: Heatran
|move|p1a: Heatran|Fire Blast|p2a: Thundurus
|-crit|p2a: Thundurus
|-damage|p2a: Thundurus|0 fnt
|faint|p2a: Thundurus
|
|win|WECAMEASROMANS
|raw|Ladder updating...
|c| jake5|focus blast
|c| daftmau5|ahahahahahha
|c| SuspectDefeat|Lmao
|raw|WECAMEASROMANS's rating: 1607 &rarr; <strong>1622<\/strong><br \/>(+15 for winning)
|raw|FlamingVictini PB's rating: 1520 &rarr; <strong>1505<\/strong><br \/>(-15 for losing)
|c|+Jukain|LOL
|c| jake5|LOL
|c| king of spycrabs|LOL
|c| shartruce2|LOL
|c|âFlamingVictini PB|gg
|c|âWECAMEASROMANS|YES
|c| daftmau5|deserved
|c|+Jukain|-
|c|âWECAMEASROMANS|FUCK YEAH
|c| SuspectDefeat|dead
|c| Chillingtilnoon|LMAO
|c|+Jukain|-
|c| Chillingtilnoon|ROF
|c|âFlamingVictini PB|LOL
|leave|WECAMEASROMANS
|player|p1
|leave|req'd by crobro