|join|FlamingVictini PB
|join|Spacklemore
|player|p1|FlamingVictini PB|99
|player|p2|Spacklemore|219
|gametype|singles
|gen|6
|tier|OU (suspect test)
|rated
|clearpoke
|poke|p1|Diancie
|poke|p1|Gengar, M
|poke|p1|Bisharp, F
|poke|p1|Latios, M
|poke|p1|Landorus-Therian, M
|poke|p1|Talonflame, F
|poke|p2|Glalie, M
|poke|p2|Landorus-Therian, M
|poke|p2|Skarmory, M
|poke|p2|Rotom-Wash
|poke|p2|Roserade, M
|poke|p2|Keldeo
|rule|Swagger Clause: Swagger is banned
|rule|Baton Pass Clause: Limit one PokÃ©mon knowing Baton Pass
|rule|Sleep Clause Mod: Limit one foe put to sleep
|rule|Species Clause: Limit one of each PokÃ©mon
|rule|OHKO Clause: OHKO moves are banned
|rule|Moody Clause: Moody is banned
|rule|Evasion Moves Clause: Evasion moves are banned
|rule|Endless Battle Clause: Forcing endless battles is banned
|rule|HP Percentage Mod: HP is shown in percentages
|teampreview
|
|start
|switch|p1a: Landorus-Therian|Landorus-Therian, M|319\/319
|switch|p2a: Landorus-Baerian|Landorus-Therian, M|319\/319
|-ability|p2a: Landorus-Baerian|Intimidate|[of] p1a: Landorus-Therian
|-unboost|p1a: Landorus-Therian|atk|1
|-ability|p1a: Landorus-Therian|Intimidate|[of] p2a: Landorus-Baerian
|-unboost|p2a: Landorus-Baerian|atk|1
|turn|1
|join|lilmanaphysnips
|
|move|p2a: Landorus-Baerian|U-turn|p1a: Landorus-Therian
|-resisted|p1a: Landorus-Therian
|-damage|p1a: Landorus-Therian|287\/319
|
|switch|p2a: Baermory|Skarmory, M|333\/333
|move|p1a: Landorus-Therian|Stealth Rock|p2a: Baermory
|-sidestart|p2: Spacklemore|move: Stealth Rock
|
|turn|2
|
|move|p1a: Landorus-Therian|Explosion|p2a: Baermory
|-resisted|p2a: Baermory
|-damage|p2a: Baermory|276\/333
|faint|p1a: Landorus-Therian
|move|p2a: Baermory|Defog|p1: Landorus-Therian|[notarget]
|-notarget
|
|
|switch|p1a: Gengar|Gengar, M|259\/259
|turn|3
|
|move|p1a: Gengar|Taunt|p2a: Baermory
|-start|p2a: Baermory|move: Taunt
|move|p2a: Baermory|Brave Bird|p1a: Gengar
|-damage|p1a: Gengar|94\/259
|-damage|p2a: Baermory|222\/333|[from] recoil|[of] p1a: Gengar
|
|turn|4
|
|move|p1a: Gengar|Shadow Ball|p2a: Baermory
|-damage|p2a: Baermory|0 fnt
|-damage|p1a: Gengar|69\/259|[from] item: Life Orb
|faint|p2a: Baermory
|
|
|switch|p2a: Landorus-Baerian|Landorus-Therian, M|319\/319
|-damage|p2a: Landorus-Baerian|280\/319|[from] Stealth Rock
|-ability|p2a: Landorus-Baerian|Intimidate|[of] p1a: Gengar
|-unboost|p1a: Gengar|atk|1
|turn|5
|
|switch|p1a: Diancie|Diancie|241\/241
|move|p2a: Landorus-Baerian|Knock Off|p1a: Diancie
|-resisted|p1a: Diancie
|-damage|p1a: Diancie|211\/241
|
|turn|6
|
|switch|p2a: Roserbaede|Roserade, M|261\/261
|-damage|p2a: Roserbaede|229\/261|[from] Stealth Rock
|detailschange|p1a: Diancie|Diancie-Mega
|-mega|p1a: Diancie|Diancie|Diancite
|move|p1a: Diancie|Moonblast|p2a: Roserbaede
|-resisted|p2a: Roserbaede
|-damage|p2a: Roserbaede|118\/261
|-unboost|p2a: Roserbaede|spa|1
|
|turn|7
|
|move|p2a: Roserbaede|Sludge Bomb|p1a: Diancie
|-damage|p1a: Diancie|81\/241
|-status|p1a: Diancie|psn
|-damage|p2a: Roserbaede|92\/261|[from] item: Life Orb
|move|p1a: Diancie|Diamond Storm|p2a: Roserbaede
|-damage|p2a: Roserbaede|0 fnt
|-boost|p1a: Diancie|def|1
|faint|p2a: Roserbaede
|
|-damage|p1a: Diancie|51\/241 psn|[from] psn
|join|Gizmo
|
|switch|p2a: Landorus-Baerian|Landorus-Therian, M|280\/319
|-damage|p2a: Landorus-Baerian|241\/319|[from] Stealth Rock
|-ability|p2a: Landorus-Baerian|Intimidate|[of] p1a: Diancie
|-unboost|p1a: Diancie|atk|1
|turn|8
|c|âFlamingVictini PB|damm base 90
|
|switch|p1a: Talonflame|Talonflame, F|305\/305
|move|p2a: Landorus-Baerian|Knock Off|p1a: Talonflame
|-damage|p1a: Talonflame|151\/305
|-enditem|p1a: Talonflame|Sky Plate|[from] move: Knock Off|[of] p2a: Landorus-Baerian
|
|turn|9
|
|switch|p2a: Rotom-Baesh|Rotom-Wash|304\/304
|-damage|p2a: Rotom-Baesh|266\/304|[from] Stealth Rock
|move|p1a: Talonflame|Roost|p1a: Talonflame
|-heal|p1a: Talonflame|304\/305
|
|-heal|p2a: Rotom-Baesh|285\/304|[from] item: Leftovers
|turn|10
|
|switch|p1a: Latios|Latios, M|302\/302
|move|p2a: Rotom-Baesh|Volt Switch|p1a: Latios
|-resisted|p1a: Latios
|-damage|p1a: Latios|259\/302
|
|switch|p2a: Baeldeo|Keldeo|323\/323
|-damage|p2a: Baeldeo|303\/323|[from] Stealth Rock
|
|turn|11
|
|move|p1a: Latios|Psyshock|p2a: Baeldeo
|-supereffective|p2a: Baeldeo
|-damage|p2a: Baeldeo|1\/323
|move|p2a: Baeldeo|Icy Wind|p1a: Latios
|-supereffective|p1a: Latios
|-damage|p1a: Latios|87\/302
|-unboost|p1a: Latios|spe|1
|
|turn|12
|
|move|p1a: Latios|Psyshock|p2a: Baeldeo
|-supereffective|p2a: Baeldeo
|-damage|p2a: Baeldeo|0 fnt
|faint|p2a: Baeldeo
|
|
|switch|p2a: Baelie|Glalie, M|301\/301
|-damage|p2a: Baelie|226\/301|[from] Stealth Rock
|turn|13
|
|switch|p1a: Gengar|Gengar, M|69\/259
|detailschange|p2a: Baelie|Glalie-Mega, M
|-mega|p2a: Baelie|Glalie|Glalitite
|move|p2a: Baelie|Ice Shard|p1a: Gengar
|-damage|p1a: Gengar|0 fnt
|faint|p1a: Gengar
|
|
|switch|p1a: Diancie|Diancie-Mega|51\/241 psn
|turn|14
|
|switch|p2a: Rotom-Baesh|Rotom-Wash|285\/304
|-damage|p2a: Rotom-Baesh|247\/304|[from] Stealth Rock
|move|p1a: Diancie|Moonblast|p2a: Rotom-Baesh
|-crit|p2a: Rotom-Baesh
|-damage|p2a: Rotom-Baesh|0 fnt
|faint|p2a: Rotom-Baesh
|
|-damage|p1a: Diancie|21\/241 psn|[from] psn
|
|switch|p2a: Baelie|Glalie-Mega, M|226\/301
|-damage|p2a: Baelie|151\/301|[from] Stealth Rock
|turn|15
|
|move|p2a: Baelie|Ice Shard|p1a: Diancie
|-damage|p1a: Diancie|0 fnt
|faint|p1a: Diancie
|
|
|switch|p1a: Talonflame|Talonflame, F|304\/305
|turn|16
|
|move|p1a: Talonflame|Brave Bird|p2a: Baelie
|-damage|p2a: Baelie|0 fnt
|-damage|p1a: Talonflame|254\/305|[from] recoil|[of] p2a: Baelie
|faint|p2a: Baelie
|
|join|King Time Stall
|
|switch|p2a: Landorus-Baerian|Landorus-Therian, M|241\/319
|-damage|p2a: Landorus-Baerian|202\/319|[from] Stealth Rock
|-ability|p2a: Landorus-Baerian|Intimidate|[of] p1a: Talonflame
|-unboost|p1a: Talonflame|atk|1
|turn|17
|
|move|p1a: Talonflame|Brave Bird|p2a: Landorus-Baerian
|-damage|p2a: Landorus-Baerian|85\/319
|-damage|p1a: Talonflame|215\/305|[from] recoil|[of] p2a: Landorus-Baerian
|move|p2a: Landorus-Baerian|Rock Slide|p1a: Talonflame
|-supereffective|p1a: Talonflame
|-damage|p1a: Talonflame|0 fnt
|faint|p1a: Talonflame
|
|
|switch|p1a: Bisharp|Bisharp, F|269\/269
|turn|18
|
|move|p2a: Landorus-Baerian|Rock Slide|p1a: Bisharp
|-resisted|p1a: Bisharp
|-damage|p1a: Bisharp|217\/269
|move|p1a: Bisharp|Knock Off|p2a: Landorus-Baerian
|-damage|p2a: Landorus-Baerian|0 fnt
|-enditem|p2a: Landorus-Baerian|Choice Scarf|[from] move: Knock Off|[of] p1a: Bisharp
|-damage|p1a: Bisharp|191\/269|[from] item: Life Orb
|faint|p2a: Landorus-Baerian
|
|win|FlamingVictini PB
|raw|Ladder updating...
|raw|FlamingVictini PB's rating: 1430 &rarr; <strong>1443<\/strong><br \/>(+13 for winning)
|raw|Spacklemore's rating: 1293 &rarr; <strong>1278<\/strong><br \/>(-15 for losing)
|c|âFlamingVictini PB|gg
|leave|FlamingVictini PB
|player|p1
|leave|Spacklemore
|player|p2
|leave|lilmanaphysnips
|leave|King Time Stall
|join|AV Lugia
|leave|AV Lugia
|join|i came from leddit
|leave|i came from leddit
|join|Demandred
|join|King Time Stall
|join|Stall Lmao
|leave|Gizmo
|leave|Demandred