|join|el hax
|join|FlamingVictini PB
|player|p1|el hax|2
|player|p2|FlamingVictini PB|99
|gametype|singles
|gen|6
|tier|OU (suspect test)
|rated
|clearpoke
|poke|p1|Weavile, M
|poke|p1|Terrakion
|poke|p1|Gardevoir, M
|poke|p1|Latias, F
|poke|p1|Rotom-Wash
|poke|p1|Scizor, F
|poke|p2|Diancie
|poke|p2|Gengar, F
|poke|p2|Bisharp, M
|poke|p2|Latios, M
|poke|p2|Landorus-Therian, M
|poke|p2|Talonflame, M
|rule|Swagger Clause: Swagger is banned
|rule|Baton Pass Clause: Limit one PokÃ©mon knowing Baton Pass
|rule|Sleep Clause Mod: Limit one foe put to sleep
|rule|Species Clause: Limit one of each PokÃ©mon
|rule|OHKO Clause: OHKO moves are banned
|rule|Moody Clause: Moody is banned
|rule|Evasion Moves Clause: Evasion moves are banned
|rule|Endless Battle Clause: Forcing endless battles is banned
|rule|HP Percentage Mod: HP is shown in percentages
|teampreview
|join|Ary
|join|Squirrelll
|
|start
|switch|p1a: Scizor|Scizor, F|343\/343
|switch|p2a: Landorus-Therian|Landorus-Therian, M|319\/319
|-ability|p2a: Landorus-Therian|Intimidate|[of] p1a: Scizor
|-unboost|p1a: Scizor|atk|1
|turn|1
|join|Breeloom
|join|mouse de frank
|
|switch|p1a: Terrakion|Terrakion|323\/323
|move|p2a: Landorus-Therian|Stealth Rock|p1a: Terrakion
|-sidestart|p1: el hax|move: Stealth Rock
|
|turn|2
|
|move|p1a: Terrakion|Stealth Rock|p2a: Landorus-Therian
|-sidestart|p2: FlamingVictini PB|move: Stealth Rock
|move|p2a: Landorus-Therian|Earthquake|p1a: Terrakion
|-crit|p1a: Terrakion
|-supereffective|p1a: Terrakion
|-enditem|p1a: Terrakion|Focus Sash
|-damage|p1a: Terrakion|1\/323
|
|turn|3
|
|move|p1a: Terrakion|Stone Edge|p2a: Landorus-Therian
|-damage|p2a: Landorus-Therian|126\/319
|move|p2a: Landorus-Therian|Earthquake|p1a: Terrakion
|-supereffective|p1a: Terrakion
|-damage|p1a: Terrakion|0 fnt
|faint|p1a: Terrakion
|
|join|Anon Pie
|join|bellicose
|
|switch|p1a: Weavile|Weavile, M|281\/281
|-damage|p1a: Weavile|211\/281|[from] Stealth Rock
|turn|4
|
|move|p1a: Weavile|Knock Off|p2a: Landorus-Therian
|-damage|p2a: Landorus-Therian|0 fnt
|-enditem|p2a: Landorus-Therian|Focus Sash|[from] move: Knock Off|[of] p1a: Weavile
|-damage|p1a: Weavile|183\/281|[from] item: Life Orb
|faint|p2a: Landorus-Therian
|
|c| bellicose|Damn hes from bof
|c| bellicose|he must be pretty good..
|
|switch|p2a: Diancie|Diancie|241\/241
|-damage|p2a: Diancie|211\/241|[from] Stealth Rock
|turn|5
|
|detailschange|p2a: Diancie|Diancie-Mega
|-mega|p2a: Diancie|Diancie|Diancite
|move|p1a: Weavile|Icicle Crash|p2a: Diancie
|-damage|p2a: Diancie|51\/241
|-damage|p1a: Weavile|155\/281|[from] item: Life Orb
|move|p2a: Diancie|Earth Power|p1a: Weavile
|-damage|p1a: Weavile|9\/281
|
|turn|6
|c| Breeloom|>
|c| Breeloom|<
|c| Squirrelll|hm
|
|move|p1a: Weavile|Low Kick|p2a: Diancie
|-damage|p2a: Diancie|0 fnt
|-damage|p1a: Weavile|0 fnt|[from] item: Life Orb
|faint|p2a: Diancie
|faint|p1a: Weavile
|
|join|Jefo
|
|switch|p2a: Bisharp|Bisharp, M|269\/269
|switch|p1a: Rotom-Wash|Rotom-Wash|303\/303
|-damage|p2a: Bisharp|253\/269|[from] Stealth Rock
|-damage|p1a: Rotom-Wash|266\/303|[from] Stealth Rock
|turn|7
|
|move|p2a: Bisharp|Knock Off|p1a: Rotom-Wash
|-damage|p1a: Rotom-Wash|124\/303
|-enditem|p1a: Rotom-Wash|Leftovers|[from] move: Knock Off|[of] p2a: Bisharp
|-damage|p2a: Bisharp|227\/269|[from] item: Life Orb
|move|p1a: Rotom-Wash|Will-O-Wisp|p2a: Bisharp
|-status|p2a: Bisharp|brn
|
|-damage|p2a: Bisharp|194\/269 brn|[from] brn
|turn|8
|
|move|p2a: Bisharp|Swords Dance|p2a: Bisharp
|-boost|p2a: Bisharp|atk|2
|move|p1a: Rotom-Wash|Pain Split|p2a: Bisharp
|-sethp|p2a: Bisharp|159\/269 brn|p1a: Rotom-Wash|159\/303|[from] move: Pain Split
|
|-damage|p2a: Bisharp|126\/269 brn|[from] brn
|turn|9
|join|Benis the Menace
|
|switch|p1a: Scizor|Scizor, F|343\/343
|-damage|p1a: Scizor|301\/343|[from] Stealth Rock
|move|p2a: Bisharp|Knock Off|p1a: Scizor
|-damage|p1a: Scizor|132\/343
|-enditem|p1a: Scizor|Leftovers|[from] move: Knock Off|[of] p2a: Bisharp
|-damage|p2a: Bisharp|100\/269 brn|[from] item: Life Orb
|
|-damage|p2a: Bisharp|67\/269 brn|[from] brn
|turn|10
|
|move|p2a: Bisharp|Knock Off|p1a: Scizor
|-damage|p1a: Scizor|19\/343
|-damage|p2a: Bisharp|41\/269 brn|[from] item: Life Orb
|move|p1a: Scizor|Roost|p1a: Scizor
|-heal|p1a: Scizor|191\/343
|
|-damage|p2a: Bisharp|8\/269 brn|[from] brn
|turn|11
|c| Breeloom|hp fire scizor
|
|move|p2a: Bisharp|Knock Off|p1a: Scizor
|-damage|p1a: Scizor|88\/343
|-damage|p2a: Bisharp|0 fnt|[from] item: Life Orb
|faint|p2a: Bisharp
|move|p1a: Scizor|Roost|p1a: Scizor
|-heal|p1a: Scizor|260\/343
|
|
|switch|p2a: Talonflame|Talonflame, M|305\/305
|-damage|p2a: Talonflame|153\/305|[from] Stealth Rock
|turn|12
|
|move|p2a: Talonflame|Flare Blitz|p1a: Scizor
|-supereffective|p1a: Scizor
|-damage|p1a: Scizor|0 fnt
|-damage|p2a: Talonflame|67\/305|[from] recoil|[of] p1a: Scizor
|faint|p1a: Scizor
|
|
|switch|p1a: Latias|Latias, F|301\/301
|-damage|p1a: Latias|264\/301|[from] Stealth Rock
|turn|13
|c| Squirrelll|why sac sciz
|
|move|p2a: Talonflame|Brave Bird|p1a: Latias
|-damage|p1a: Latias|56\/301
|-damage|p2a: Talonflame|0 fnt|[from] recoil|[of] p1a: Latias
|faint|p2a: Talonflame
|move|p1a: Latias|Psyshock|p2: Talonflame|[notarget]
|-notarget
|
|c|âFlamingVictini PB|he overpredicted
|
|switch|p2a: Latios|Latios, M|302\/302
|-damage|p2a: Latios|265\/302|[from] Stealth Rock
|turn|14
|c| bellicose|Win the ties!
|c| Breeloom|speed ties ebinest
|
|move|p2a: Latios|Psyshock|p1a: Latias
|-resisted|p1a: Latias
|-damage|p1a: Latias|0 fnt
|faint|p1a: Latias
|
|
|switch|p1a: Gardevoir|Gardevoir, M|277\/277
|-damage|p1a: Gardevoir|243\/277|[from] Stealth Rock
|-ability|p1a: Gardevoir|Levitate|[from] ability: Trace|[of] p2a: Latios
|turn|15
|c| Breeloom|ayy lmao.
|
|detailschange|p1a: Gardevoir|Gardevoir-Mega, M
|-mega|p1a: Gardevoir|Gardevoir|Gardevoirite
|move|p2a: Latios|Psyshock|p1a: Gardevoir
|-resisted|p1a: Gardevoir
|-damage|p1a: Gardevoir|135\/277
|move|p1a: Gardevoir|Hyper Voice|p2a: Latios
|-supereffective|p2a: Latios
|-damage|p2a: Latios|0 fnt
|faint|p2a: Latios
|
|
|switch|p2a: Gengar|Gengar, F|259\/259
|-damage|p2a: Gengar|227\/259|[from] Stealth Rock
|turn|16
|
|move|p2a: Gengar|Sludge Wave|p1a: Gardevoir
|-supereffective|p1a: Gardevoir
|-damage|p1a: Gardevoir|0 fnt
|-damage|p2a: Gengar|202\/259|[from] item: Life Orb
|faint|p1a: Gardevoir
|
|
|switch|p1a: Rotom-Wash|Rotom-Wash|159\/303
|-damage|p1a: Rotom-Wash|122\/303|[from] Stealth Rock
|turn|17
|join|chumped
|
|move|p2a: Gengar|Sludge Wave|p1a: Rotom-Wash
|-damage|p1a: Rotom-Wash|0 fnt
|-damage|p2a: Gengar|177\/259|[from] item: Life Orb
|faint|p1a: Rotom-Wash
|
|win|FlamingVictini PB
|raw|Ladder updating...
|join|Biz
|raw|el hax's rating: 1487 &rarr; <strong>1461<\/strong><br \/>(-26 for losing)
|raw|FlamingVictini PB's rating: 1385 &rarr; <strong>1411<\/strong><br \/>(+26 for winning)
|c|âFlamingVictini PB|gg
|leave|FlamingVictini PB
|player|p2
|leave|Breeloom
|leave|Benis the Menace
|leave|el hax
|player|p1
|leave|mouse de frank
|leave|Squirrelll
|leave|bellicose
|leave|Ary
|leave|chumped