|J|davidTheMaster
|J|FlamingVictini PB
|player|p1|davidTheMaster|27
|player|p2|FlamingVictini PB|99
|gametype|singles
|gen|6
|tier|OU
|clearpoke
|poke|p1|Lopunny, F
|poke|p1|Rotom-Wash
|poke|p1|Greninja, F
|poke|p1|Heatran, M
|poke|p1|Latios, M
|poke|p1|Gliscor, M
|poke|p2|Azelf
|poke|p2|Scizor, M
|poke|p2|Diggersby, M
|poke|p2|Thundurus, M
|poke|p2|Greninja, F
|poke|p2|Latios, M
|rule|Swagger Clause: Swagger is banned
|rule|Baton Pass Clause: Limit one PokÃ©mon knowing Baton Pass
|rule|Sleep Clause Mod: Limit one foe put to sleep
|rule|Species Clause: Limit one of each PokÃ©mon
|rule|OHKO Clause: OHKO moves are banned
|rule|Moody Clause: Moody is banned
|rule|Evasion Moves Clause: Evasion moves are banned
|rule|Endless Battle Clause: Forcing endless battles is banned
|rule|HP Percentage Mod: HP is shown in percentages
|teampreview
|c|âdavidTheMaster|GL hf
|c|âFlamingVictini PB|u2
|J|innovamania
|J|asedVictory
|
|start
|switch|p1a: Heatran|Heatran, M|385\/385
|switch|p2a: Latios|Latios, M|301\/301
|turn|1
FlamingVictini PB made this room private.
|L|asedVictory
|c|âdavidTheMaster|why
|c|âFlamingVictini PB|just easier 4 me
|c|âdavidTheMaster|the link is on the chat
|c|âdavidTheMaster|o.o
|c|âFlamingVictini PB|ik
|c|âFlamingVictini PB|that's why i hid it?
|c|âFlamingVictini PB|or does it not work like that
|
|switch|p2a: Azelf|Azelf|291\/291
|move|p1a: Heatran|Stealth Rock|p2a: Azelf
|-sidestart|p2: FlamingVictini PB|move: Stealth Rock
|
|turn|2
|
|move|p2a: Azelf|Stealth Rock|p1a: Heatran
|-sidestart|p1: davidTheMaster|move: Stealth Rock
|move|p1a: Heatran|Lava Plume|p2a: Azelf
|-damage|p2a: Azelf|144\/291
|-status|p2a: Azelf|brn
|
|-damage|p2a: Azelf|108\/291 brn|[from] brn
|turn|3
|J|GobiGobi
|
|move|p2a: Azelf|Explosion|p1a: Heatran
|-resisted|p1a: Heatran
|-damage|p1a: Heatran|258\/385
|faint|p2a: Azelf
|move|p1a: Heatran|Earth Power|p2: Azelf|[notarget]
|-notarget
|
|-heal|p1a: Heatran|282\/385|[from] item: Leftovers
|
|switch|p2a: Diggersby|Diggersby, M|311\/311
|-damage|p2a: Diggersby|292\/311|[from] Stealth Rock
|turn|4
|
|switch|p1a: Gliscor|Gliscor, M|352\/352
|-damage|p1a: Gliscor|308\/352|[from] Stealth Rock
|move|p2a: Diggersby|Return|p1a: Gliscor
|-damage|p1a: Gliscor|73\/352
|-damage|p2a: Diggersby|261\/311|[from] item: Life Orb
|
|-status|p1a: Gliscor|tox|[from] item: Toxic Orb
|turn|5
|J|Prankster
|L|Prankster
|J|Steeljackal
|
|move|p1a: Gliscor|Protect|p1a: Gliscor
|-singleturn|p1a: Gliscor|Protect
|move|p2a: Diggersby|Quick Attack|p1a: Gliscor
|-activate|p1a: Gliscor|Protect
|
|-heal|p1a: Gliscor|117\/352 tox|[from] ability: Poison Heal
|turn|6
|
|move|p1a: Gliscor|Earthquake|p2a: Diggersby
|-damage|p2a: Diggersby|132\/311
|move|p2a: Diggersby|Return|p1a: Gliscor
|-damage|p1a: Gliscor|0 fnt
|-damage|p2a: Diggersby|101\/311|[from] item: Life Orb
|faint|p1a: Gliscor
|
|
|switch|p1a: Latios|Latios, M|302\/302
|-damage|p1a: Latios|265\/302|[from] Stealth Rock
|turn|7
|
|move|p2a: Diggersby|Quick Attack|p1a: Latios
|-damage|p1a: Latios|129\/302
|-damage|p2a: Diggersby|70\/311|[from] item: Life Orb
|move|p1a: Latios|Psyshock|p2a: Diggersby
|-damage|p2a: Diggersby|0 fnt
|-damage|p1a: Latios|99\/302|[from] item: Life Orb
|faint|p2a: Diggersby
|
|
|switch|p2a: Greninja|Greninja, F|285\/285
|-damage|p2a: Greninja|250\/285|[from] Stealth Rock
|turn|8
|
|move|p2a: Greninja|Dark Pulse|p1a: Latios
|-start|p2a: Greninja|typechange|Dark|[from] Protean
|-supereffective|p1a: Latios
|-damage|p1a: Latios|0 fnt
|-damage|p2a: Greninja|222\/285|[from] item: Life Orb
|faint|p1a: Latios
|
|
|switch|p1a: Rotom-Wash|Rotom-Wash|303\/303
|-damage|p1a: Rotom-Wash|266\/303|[from] Stealth Rock
|turn|9
|
|move|p2a: Greninja|Dark Pulse|p1a: Rotom-Wash
|-crit|p1a: Rotom-Wash
|-damage|p1a: Rotom-Wash|31\/303
|-damage|p2a: Greninja|194\/285|[from] item: Life Orb
|cant|p1a: Rotom-Wash|flinch
|
|-heal|p1a: Rotom-Wash|49\/303|[from] item: Leftovers
|turn|10
|c|âdavidTheMaster|oh
|c|âdavidTheMaster|no
|c|âFlamingVictini PB|unfortunate
|
|move|p2a: Greninja|Dark Pulse|p1a: Rotom-Wash
|-damage|p1a: Rotom-Wash|0 fnt
|-damage|p2a: Greninja|166\/285|[from] item: Life Orb
|faint|p1a: Rotom-Wash
|
|
|switch|p1a: Greninja|Greninja, F|285\/285
|-damage|p1a: Greninja|250\/285|[from] Stealth Rock
|turn|11
|
|move|p1a: Greninja|Ice Beam|p2a: Greninja
|-start|p1a: Greninja|typechange|Ice|[from] Protean
|-damage|p2a: Greninja|0 fnt
|-damage|p1a: Greninja|222\/285|[from] item: Life Orb
|faint|p2a: Greninja
|
|
|switch|p2a: Scizor|Scizor, M|307\/307
|-damage|p2a: Scizor|269\/307|[from] Stealth Rock
|turn|12
|c|âdavidTheMaster|you're hp fire:grass ?
|c|âFlamingVictini PB|nah speed tie
|c|âdavidTheMaster|oh
|c|âFlamingVictini PB|ugh froze
|c|âFlamingVictini PB|ok its back
|c|âdavidTheMaster|:v
|c|âFlamingVictini PB|lagging a bit tho
|c|âdavidTheMaster|nah bp
|
|switch|p1a: Heatran|Heatran, M|282\/385
|-damage|p1a: Heatran|234\/385|[from] Stealth Rock
|detailschange|p2a: Scizor|Scizor-Mega, M
|-mega|p2a: Scizor|Scizor|Scizorite
|move|p2a: Scizor|Superpower|p1a: Heatran
|-supereffective|p1a: Heatran
|-damage|p1a: Heatran|0 fnt
|-unboost|p2a: Scizor|atk|1
|-unboost|p2a: Scizor|def|1
|faint|p1a: Heatran
|
|c|âdavidTheMaster|it's really
|c|âFlamingVictini PB|i mean my comp
|c|âFlamingVictini PB|froze
|
|switch|p1a: Greninja|Greninja, F|222\/285
|-damage|p1a: Greninja|187\/285|[from] Stealth Rock
|turn|13
|c|âdavidTheMaster|don't miss 
|
|switch|p2a: Thundurus|Thundurus, M|299\/299
|-damage|p2a: Thundurus|225\/299|[from] Stealth Rock
|move|p1a: Greninja|Hydro Pump|p2a: Thundurus
|-start|p1a: Greninja|typechange|Water|[from] Protean
|-damage|p2a: Thundurus|0 fnt
|-damage|p1a: Greninja|159\/285|[from] item: Life Orb
|faint|p2a: Thundurus
|
|c|âdavidTheMaster|;_.
|c|âdavidTheMaster|oh
|
|switch|p2a: Latios|Latios, M|301\/301
|-damage|p2a: Latios|264\/301|[from] Stealth Rock
|turn|14
|c|âdavidTheMaster|scarf tios ,
|c|âdavidTheMaster|ah ok
|
|move|p2a: Latios|Psyshock|p1a: Greninja
|-damage|p1a: Greninja|0 fnt
|faint|p1a: Greninja
|
|
|switch|p1a: Lopunny|Lopunny, F|271\/271
|-damage|p1a: Lopunny|238\/271|[from] Stealth Rock
|turn|15
|
|move|p2a: Latios|Psyshock|p1a: Lopunny
|-damage|p1a: Lopunny|84\/271
|move|p1a: Lopunny|Ice Punch|p2a: Latios
|-supereffective|p2a: Latios
|-damage|p2a: Latios|118\/301
|
|turn|16
|
|move|p2a: Latios|Psyshock|p1a: Lopunny
|-damage|p1a: Lopunny|0 fnt
|faint|p1a: Lopunny
|
|win|FlamingVictini PB
|c|âFlamingVictini PB|gg
|c|âdavidTheMaster|gg
|L|davidTheMaster
|player|p1
|L|innovamania
|L|GobiGobi
|c|âFlamingVictini PB|srry bout that flinch
|L|Steeljackal