|join|FlamingVictini PB
|join|WECAMEASROMANS
|player|p1|FlamingVictini PB|99
|player|p2|WECAMEASROMANS|2
|gametype|singles
|gen|6
|tier|OU
|clearpoke
|poke|p1|Landorus, M
|poke|p1|Excadrill, M
|poke|p1|Tyranitar, M
|poke|p1|Talonflame, M
|poke|p1|Keldeo
|poke|p1|Latios, M
|poke|p2|Bisharp, F
|poke|p2|Medicham, F
|poke|p2|Ferrothorn, M
|poke|p2|Hippowdon, F
|poke|p2|Rotom-Wash
|poke|p2|Scizor, F
|rule|Swagger Clause: Swagger is banned
|rule|Baton Pass Clause: Limit one PokÃ©mon knowing Baton Pass
|rule|Sleep Clause Mod: Limit one foe put to sleep
|rule|Species Clause: Limit one of each PokÃ©mon
|rule|OHKO Clause: OHKO moves are banned
|rule|Moody Clause: Moody is banned
|rule|Evasion Moves Clause: Evasion moves are banned
|rule|Endless Battle Clause: Forcing endless battles is banned
|rule|HP Percentage Mod: HP is shown in percentages
|teampreview
|join|The Goomy
|join|mack bus
|join|Tom Bus
|c|âWECAMEASROMANS|gl
|join|Escavalier
|c|âFlamingVictini PB|u2
|join|Squirrelll
|join|Robert Edward Lee
|join|Trickzio
|join|Christo 666
|join|rollindice
|join|stars' whereabouts
|join|ox the fox
|join|dedic
|join|Henry
|join|TheCritMagnet
|join|Oglemi
|
|start
|switch|p1a: Latios|Latios, M|301\/301
|switch|p2a: Rotom-Wash|Rotom-Wash|304\/304
|turn|1
|join|Louisxd
|join|iplaytennislol
|
|switch|p2a: Scizor|Scizor, F|344\/344
|move|p1a: Latios|Draco Meteor|p2a: Scizor
|-resisted|p2a: Scizor
|-damage|p2a: Scizor|189\/344
|-unboost|p1a: Latios|spa|2
|-damage|p1a: Latios|271\/301|[from] item: Life Orb
|
|-heal|p2a: Scizor|210\/344|[from] item: Leftovers
|turn|2
|
|switch|p1a: Talonflame|Talonflame, M|319\/319
|move|p2a: Scizor|U-turn|p1a: Talonflame
|-resisted|p1a: Talonflame
|-damage|p1a: Talonflame|286\/319
|
|switch|p2a: Hippowdon|Hippowdon, F|416\/416
|-weather|Sandstorm
|
|-weather|Sandstorm|[upkeep]
|-damage|p1a: Talonflame|267\/319|[from] sandstorm
|turn|3
|
|switch|p1a: Keldeo|Keldeo|323\/323
|move|p2a: Hippowdon|Stealth Rock|p1a: Keldeo
|-sidestart|p1: FlamingVictini PB|move: Stealth Rock
|
|-weather|Sandstorm|[upkeep]
|-damage|p1a: Keldeo|303\/323|[from] sandstorm
|turn|4
|
|switch|p2a: Rotom-Wash|Rotom-Wash|304\/304
|move|p1a: Keldeo|Scald|p2a: Rotom-Wash
|-resisted|p2a: Rotom-Wash
|-damage|p2a: Rotom-Wash|196\/304
|-status|p2a: Rotom-Wash|brn
|
|-weather|Sandstorm|[upkeep]
|-damage|p1a: Keldeo|283\/323|[from] sandstorm
|-damage|p2a: Rotom-Wash|177\/304 brn|[from] sandstorm
|-heal|p2a: Rotom-Wash|196\/304 brn|[from] item: Leftovers
|-damage|p2a: Rotom-Wash|158\/304 brn|[from] brn
|turn|5
|
|switch|p1a: Landorus|Landorus, M|319\/319
|-damage|p1a: Landorus|280\/319|[from] Stealth Rock
|move|p2a: Rotom-Wash|Hydro Pump|p1a: Landorus
|-supereffective|p1a: Landorus
|-damage|p1a: Landorus|0 fnt
|faint|p1a: Landorus
|
|-weather|Sandstorm|[upkeep]
|-damage|p2a: Rotom-Wash|139\/304 brn|[from] sandstorm
|-heal|p2a: Rotom-Wash|158\/304 brn|[from] item: Leftovers
|-damage|p2a: Rotom-Wash|120\/304 brn|[from] brn
|
|switch|p1a: Latios|Latios, M|271\/301
|-damage|p1a: Latios|234\/301|[from] Stealth Rock
|turn|6
|join|haunter
|
|switch|p2a: Ferrothorn|Ferrothorn, M|352\/352
|move|p1a: Latios|Thunderbolt|p2a: Ferrothorn
|-resisted|p2a: Ferrothorn
|-damage|p2a: Ferrothorn|296\/352
|-damage|p1a: Latios|204\/301|[from] item: Life Orb
|
|-weather|none
|-heal|p2a: Ferrothorn|318\/352|[from] item: Leftovers
|turn|7
|join|Swagilyph
|join|Ninety Nine
|join|g00gle 1t
|leave|Swagilyph
|
|switch|p2a: Hippowdon|Hippowdon, F|416\/416
|-weather|Sandstorm
|move|p1a: Latios|Roost|p1a: Latios
|-heal|p1a: Latios|301\/301
|
|-weather|Sandstorm|[upkeep]
|-damage|p1a: Latios|283\/301|[from] sandstorm
|turn|8
|
|switch|p1a: Keldeo|Keldeo|283\/323
|-damage|p1a: Keldeo|263\/323|[from] Stealth Rock
|switch|p2a: Ferrothorn|Ferrothorn, M|318\/352
|
|-weather|Sandstorm|[upkeep]
|-damage|p1a: Keldeo|243\/323|[from] sandstorm
|-heal|p2a: Ferrothorn|340\/352|[from] item: Leftovers
|turn|9
|
|move|p1a: Keldeo|Secret Sword|p2a: Ferrothorn
|-supereffective|p2a: Ferrothorn
|-damage|p2a: Ferrothorn|44\/352
|move|p2a: Ferrothorn|Power Whip|p1a: Keldeo
|-supereffective|p1a: Keldeo
|-damage|p1a: Keldeo|0 fnt
|faint|p1a: Keldeo
|
|-weather|Sandstorm|[upkeep]
|-heal|p2a: Ferrothorn|66\/352|[from] item: Leftovers
|leave|g00gle 1t
|
|switch|p1a: Excadrill|Excadrill, M|359\/359
|-damage|p1a: Excadrill|348\/359|[from] Stealth Rock
|turn|10
|
|switch|p2a: Hippowdon|Hippowdon, F|416\/416
|move|p1a: Excadrill|Earthquake|p2a: Hippowdon
|-damage|p2a: Hippowdon|268\/416
|-damage|p1a: Excadrill|313\/359|[from] item: Life Orb
|
|-weather|Sandstorm|[upkeep]
|-heal|p2a: Hippowdon|294\/416|[from] item: Leftovers
|turn|11
|
|move|p1a: Excadrill|Rapid Spin|p2a: Hippowdon
|-damage|p2a: Hippowdon|273\/416
|-sideend|p1: FlamingVictini PB|Stealth Rock|[from] move: Rapid Spin|[of] p1a: Excadrill
|-damage|p1a: Excadrill|278\/359|[from] item: Life Orb
|move|p2a: Hippowdon|Slack Off|p2a: Hippowdon
|-heal|p2a: Hippowdon|416\/416
|
|-weather|none
|turn|12
|join|Dice
|
|move|p1a: Excadrill|Iron Head|p2a: Hippowdon
|-damage|p2a: Hippowdon|295\/416
|-damage|p1a: Excadrill|243\/359|[from] item: Life Orb
|move|p2a: Hippowdon|Stealth Rock|p1a: Excadrill
|-sidestart|p1: FlamingVictini PB|move: Stealth Rock
|
|-heal|p2a: Hippowdon|321\/416|[from] item: Leftovers
|turn|13
|
|move|p1a: Excadrill|Rapid Spin|p2a: Hippowdon
|-crit|p2a: Hippowdon
|-damage|p2a: Hippowdon|289\/416
|-sideend|p1: FlamingVictini PB|Stealth Rock|[from] move: Rapid Spin|[of] p1a: Excadrill
|-damage|p1a: Excadrill|208\/359|[from] item: Life Orb
|move|p2a: Hippowdon|Earthquake|p1a: Excadrill
|-supereffective|p1a: Excadrill
|-damage|p1a: Excadrill|0 fnt
|faint|p1a: Excadrill
|
|-heal|p2a: Hippowdon|315\/416|[from] item: Leftovers
|
|switch|p1a: Latios|Latios, M|283\/301
|turn|14
|
|switch|p2a: Ferrothorn|Ferrothorn, M|66\/352
|move|p1a: Latios|Psyshock|p2a: Ferrothorn
|-resisted|p2a: Ferrothorn
|-damage|p2a: Ferrothorn|8\/352
|-damage|p1a: Latios|253\/301|[from] item: Life Orb
|
|-heal|p2a: Ferrothorn|30\/352|[from] item: Leftovers
|turn|15
|
|move|p1a: Latios|Psyshock|p2a: Ferrothorn
|-resisted|p2a: Ferrothorn
|-damage|p2a: Ferrothorn|0 fnt
|-damage|p1a: Latios|223\/301|[from] item: Life Orb
|faint|p2a: Ferrothorn
|
|
|switch|p2a: Bisharp|Bisharp, F|271\/271
|turn|16
|join|jacob
|
|move|p1a: Latios|Thunderbolt|p2a: Bisharp
|-damage|p2a: Bisharp|77\/271
|-damage|p1a: Latios|193\/301|[from] item: Life Orb
|move|p2a: Bisharp|Pursuit|p1a: Latios
|-supereffective|p1a: Latios
|-damage|p1a: Latios|0 fnt
|-damage|p2a: Bisharp|50\/271|[from] item: Life Orb
|faint|p1a: Latios
|
|
|switch|p1a: Talonflame|Talonflame, M|267\/319
|turn|17
|
|move|p1a: Talonflame|Swords Dance|p1a: Talonflame
|-boost|p1a: Talonflame|atk|2
|move|p2a: Bisharp|Knock Off|p1a: Talonflame
|-damage|p1a: Talonflame|0 fnt
|-enditem|p1a: Talonflame|Sharp Beak|[from] move: Knock Off|[of] p2a: Bisharp
|-damage|p2a: Bisharp|23\/271|[from] item: Life Orb
|faint|p1a: Talonflame
|
|
|switch|p1a: Tyranitar|Tyranitar, M|342\/342
|-weather|Sandstorm
|turn|18
|
|detailschange|p1a: Tyranitar|Tyranitar-Mega, M
|message|Tyranitar has Mega Evolved into Mega Tyranitar!
|move|p1a: Tyranitar|Dragon Dance|p1a: Tyranitar
|-boost|p1a: Tyranitar|atk|1
|-boost|p1a: Tyranitar|spe|1
|move|p2a: Bisharp|Iron Head|p1a: Tyranitar
|-supereffective|p1a: Tyranitar
|-damage|p1a: Tyranitar|59\/342
|-damage|p2a: Bisharp|0 fnt|[from] item: Life Orb
|faint|p2a: Bisharp
|
|-weather|Sandstorm|[upkeep]
|c|âFlamingVictini PB|gg
|c|âWECAMEASROMANS|gg
|
|switch|p2a: Scizor|Scizor, F|210\/344
|turn|19
|
|move|p2a: Scizor|Bullet Punch|p1a: Tyranitar
|-supereffective|p1a: Tyranitar
|-damage|p1a: Tyranitar|0 fnt
|faint|p1a: Tyranitar
|
|win|WECAMEASROMANS
|leave|WECAMEASROMANS
|player|p2
|leave|mack bus