|inactive|Battle timer is ON: inactive players will automatically lose when time's up.
|J|FlamingVictini PB
|J|nisher.
|player|p1|FlamingVictini PB|101
|player|p2|nisher.|3
|gametype|singles
|gen|6
|tier|Random Battle
|rule|Sleep Clause Mod: Limit one foe put to sleep
|rule|HP Percentage Mod: HP is shown in percentages
|
|start
|switch|p1a: Umbreon|Umbreon, L78, M|276\/276
|switch|p2a: Yveltal|Yveltal, L70|292\/292
|-ability|p2a: Yveltal|Dark Aura
|turn|1
|
|move|p2a: Yveltal|Taunt|p1a: Umbreon
|-start|p1a: Umbreon|move: Taunt
|cant|p1a: Umbreon|move: Taunt|Toxic
|
|turn|2
|
|switch|p1a: Lanturn|Lanturn, L86, F|355\/355
|move|p2a: Yveltal|Focus Blast|p1a: Lanturn|[miss]
|-miss|p2a: Yveltal|p1a: Lanturn
|
|turn|3
|J|DAVIDpwns
|L|DAVIDpwns
|J|DracoMaster Dab
|L|DracoMaster Dab
|
|switch|p2a: Beheeyem|Beheeyem, L88, M|294\/294
|move|p1a: Lanturn|Volt Switch|p2a: Beheeyem
|-damage|p2a: Beheeyem|236\/294
|
|switch|p1a: Umbreon|Umbreon, L78, M|276\/276
|
|-heal|p2a: Beheeyem|254\/294|[from] item: Leftovers
|turn|4
|
|move|p1a: Umbreon|Toxic|p2a: Beheeyem
|-status|p2a: Beheeyem|tox
|-status|p1a: Umbreon|tox
|move|p2a: Beheeyem|Nasty Plot|p2a: Beheeyem
|-boost|p2a: Beheeyem|spa|2
|
|-heal|p2a: Beheeyem|272\/294 tox|[from] item: Leftovers
|-damage|p1a: Umbreon|259\/276 tox|[from] psn
|-damage|p2a: Beheeyem|254\/294 tox|[from] psn
|turn|5
|
|move|p1a: Umbreon|Protect|p1a: Umbreon
|-singleturn|p1a: Umbreon|Protect
|move|p2a: Beheeyem|Thunderbolt|p1a: Umbreon
|-activate|p1a: Umbreon|Protect
|
|-heal|p1a: Umbreon|276\/276 tox|[from] item: Leftovers
|-heal|p2a: Beheeyem|272\/294 tox|[from] item: Leftovers
|-damage|p1a: Umbreon|242\/276 tox|[from] psn
|-damage|p2a: Beheeyem|236\/294 tox|[from] psn
|turn|6
|
|switch|p1a: Lanturn|Lanturn, L86, F|355\/355
|move|p2a: Beheeyem|Psyshock|p1a: Lanturn
|-damage|p1a: Lanturn|81\/355
|
|-heal|p1a: Lanturn|103\/355|[from] item: Leftovers
|-heal|p2a: Beheeyem|254\/294 tox|[from] item: Leftovers
|-damage|p2a: Beheeyem|200\/294 tox|[from] psn
|turn|7
|
|move|p1a: Lanturn|Heal Bell|p1a: Lanturn
|-cureteam|p1a: Lanturn|[from] move: HealBell
|move|p2a: Beheeyem|Trick Room|p2a: Beheeyem
|-fieldstart|move: Trick Room|[of] p2a: Beheeyem
|
|-heal|p2a: Beheeyem|218\/294 tox|[from] item: Leftovers
|-heal|p1a: Lanturn|125\/355|[from] item: Leftovers
|-damage|p2a: Beheeyem|146\/294 tox|[from] psn
|turn|8
|
|switch|p1a: Umbreon|Umbreon, L78, M|242\/276
|move|p2a: Beheeyem|Psyshock|p1a: Umbreon
|-immune|p1a: Umbreon|[msg]
|
|-heal|p2a: Beheeyem|164\/294 tox|[from] item: Leftovers
|-heal|p1a: Umbreon|259\/276|[from] item: Leftovers
|-damage|p2a: Beheeyem|74\/294 tox|[from] psn
|turn|9
|
|switch|p1a: Lanturn|Lanturn, L86, F|125\/355
|move|p2a: Beheeyem|Thunderbolt|p1a: Lanturn
|-heal|p1a: Lanturn|213\/355|[from] ability: Volt Absorb|[of] p2a: Beheeyem
|
|-heal|p2a: Beheeyem|92\/294 tox|[from] item: Leftovers
|-heal|p1a: Lanturn|235\/355|[from] item: Leftovers
|-damage|p2a: Beheeyem|0 fnt|[from] psn
|faint|p2a: Beheeyem
|
|switch|p2a: Thundurus|Thundurus, L74, M|239\/239
|turn|10
|
|move|p1a: Lanturn|Ice Beam|p2a: Thundurus
|-supereffective|p2a: Thundurus
|-damage|p2a: Thundurus|99\/239
|move|p2a: Thundurus|Grass Knot|p1a: Lanturn
|-supereffective|p1a: Lanturn
|-damage|p1a: Lanturn|151\/355
|
|-heal|p1a: Lanturn|173\/355|[from] item: Leftovers
|turn|11
|
|switch|p2a: Jynx|Jynx, L86, F|251\/251
|move|p1a: Lanturn|Volt Switch|p2a: Jynx
|-damage|p2a: Jynx|188\/251
|
|switch|p1a: Umbreon|Umbreon, L78, M|259\/276
|
|-heal|p1a: Umbreon|276\/276|[from] item: Leftovers
|-heal|p2a: Jynx|203\/251|[from] item: Leftovers
|-fieldend|move: Trick Room
|turn|12
|
|move|p2a: Jynx|Substitute|p2a: Jynx
|-start|p2a: Jynx|Substitute
|-damage|p2a: Jynx|141\/251
|move|p1a: Umbreon|Toxic|p2a: Jynx
|
|-heal|p2a: Jynx|156\/251|[from] item: Leftovers
|turn|13
|
|move|p2a: Jynx|Nasty Plot|p2a: Jynx
|-boost|p2a: Jynx|spa|2
|move|p1a: Umbreon|Foul Play|p2a: Jynx
|-supereffective|p2a: Jynx
|-end|p2a: Jynx|Substitute
|
|-heal|p2a: Jynx|171\/251|[from] item: Leftovers
|turn|14
|
|move|p2a: Jynx|Ice Beam|p1a: Umbreon
|-damage|p1a: Umbreon|96\/276
|move|p1a: Umbreon|Foul Play|p2a: Jynx
|-supereffective|p2a: Jynx
|-damage|p2a: Jynx|0 fnt
|faint|p2a: Jynx
|
|-heal|p1a: Umbreon|113\/276|[from] item: Leftovers
|
|switch|p2a: Barbaracle|Barbaracle, L88, F|270\/270
|turn|15
|
|move|p2a: Barbaracle|X-Scissor|p1a: Umbreon
|-supereffective|p1a: Umbreon
|-damage|p1a: Umbreon|0 fnt
|faint|p1a: Umbreon
|
|
|switch|p1a: Serperior|Serperior, L88, M|275\/275
|turn|16
|
|move|p1a: Serperior|Leaf Storm|p2a: Barbaracle
|-supereffective|p2a: Barbaracle
|-damage|p2a: Barbaracle|0 fnt
|-boost|p1a: Serperior|spa|2
|faint|p2a: Barbaracle
|
|
|switch|p2a: Volcarona|Volcarona, L76, M|253\/253
|turn|17
|
|move|p1a: Serperior|Dragon Pulse|p2a: Volcarona
|-damage|p2a: Volcarona|151\/253
|move|p2a: Volcarona|Quiver Dance|p2a: Volcarona
|-boost|p2a: Volcarona|spa|1
|-boost|p2a: Volcarona|spd|1
|-boost|p2a: Volcarona|spe|1
|
|-heal|p2a: Volcarona|166\/253|[from] item: Leftovers
|turn|18
|c|âFlamingVictini PB|fkkkk
|
|move|p2a: Volcarona|Fire Blast|p1a: Serperior
|-supereffective|p1a: Serperior
|-damage|p1a: Serperior|0 fnt
|faint|p1a: Serperior
|
|-heal|p2a: Volcarona|181\/253|[from] item: Leftovers
|
|switch|p1a: Infernape|Infernape, L78, F|247\/247
|turn|19
|
|move|p2a: Volcarona|Roost|p2a: Volcarona
|-heal|p2a: Volcarona|253\/253
|move|p1a: Infernape|Flare Blitz|p2a: Volcarona
|-damage|p2a: Volcarona|61\/253
|-damage|p1a: Infernape|184\/247|[from] recoil|[of] p2a: Volcarona
|-damage|p1a: Infernape|160\/247|[from] item: Life Orb
|
|-heal|p2a: Volcarona|76\/253|[from] item: Leftovers
|turn|20
|
|move|p2a: Volcarona|Fire Blast|p1a: Infernape
|-resisted|p1a: Infernape
|-damage|p1a: Infernape|37\/247
|move|p1a: Infernape|Flare Blitz|p2a: Volcarona
|-damage|p2a: Volcarona|0 fnt
|-damage|p1a: Infernape|12\/247|[from] recoil|[of] p2a: Volcarona
|-damage|p1a: Infernape|0 fnt|[from] item: Life Orb
|faint|p2a: Volcarona
|faint|p1a: Infernape
|
|
|switch|p1a: Electrode|Electrode, L88|249\/249
|switch|p2a: Thundurus|Thundurus, L74, M|99\/239
|-item|p1a: Electrode|Air Balloon
|turn|21
|
|move|p1a: Electrode|Thunderbolt|p2a: Thundurus
|-damage|p2a: Thundurus|0 fnt
|faint|p2a: Thundurus
|
|c|ânisher.|gg
|
|switch|p2a: Yveltal|Yveltal, L70|292\/292
|-ability|p2a: Yveltal|Dark Aura
|turn|22
|c|âFlamingVictini PB|gg
|
|move|p1a: Electrode|Volt Switch|p2a: Yveltal
|-supereffective|p2a: Yveltal
|-damage|p2a: Yveltal|122\/292
|
|switch|p1a: Persian|Persian, L88, M|258\/258
|move|p2a: Yveltal|Focus Blast|p1a: Persian|[miss]
|-miss|p2a: Yveltal|p1a: Persian
|
|-heal|p2a: Yveltal|140\/292|[from] item: Leftovers
|turn|23
|
|move|p1a: Persian|Fake Out|p2a: Yveltal
|-damage|p2a: Yveltal|53\/292
|-damage|p1a: Persian|233\/258|[from] item: Life Orb
|cant|p2a: Yveltal|flinch
|
|-heal|p2a: Yveltal|71\/292|[from] item: Leftovers
|turn|24
|
|move|p1a: Persian|U-turn|p2a: Yveltal
|-damage|p2a: Yveltal|5\/292
|-damage|p1a: Persian|208\/258|[from] item: Life Orb
|
|switch|p1a: Lanturn|Lanturn, L86, F|173\/355
|move|p2a: Yveltal|Roost|p2a: Yveltal
|-heal|p2a: Yveltal|151\/292
|
|-heal|p2a: Yveltal|169\/292|[from] item: Leftovers
|-heal|p1a: Lanturn|195\/355|[from] item: Leftovers
|turn|25
|
|move|p2a: Yveltal|Roost|p2a: Yveltal
|-heal|p2a: Yveltal|292\/292
|move|p1a: Lanturn|Volt Switch|p2a: Yveltal
|-damage|p2a: Yveltal|217\/292
|
|switch|p1a: Electrode|Electrode, L88|249\/249
|-item|p1a: Electrode|Air Balloon
|
|-heal|p2a: Yveltal|235\/292|[from] item: Leftovers
|turn|26
|
|move|p1a: Electrode|Volt Switch|p2a: Yveltal
|-supereffective|p2a: Yveltal
|-damage|p2a: Yveltal|65\/292
|
|switch|p1a: Persian|Persian, L88, M|208\/258
|move|p2a: Yveltal|Dark Pulse|p1a: Persian
|-damage|p1a: Persian|87\/258
|
|-heal|p2a: Yveltal|83\/292|[from] item: Leftovers
|turn|27
|
|move|p1a: Persian|Fake Out|p2a: Yveltal
|-damage|p2a: Yveltal|5\/292
|-damage|p1a: Persian|62\/258|[from] item: Life Orb
|cant|p2a: Yveltal|flinch
|
|-heal|p2a: Yveltal|23\/292|[from] item: Leftovers
|turn|28
|
|move|p1a: Persian|U-turn|p2a: Yveltal
|-damage|p2a: Yveltal|0 fnt
|-damage|p1a: Persian|37\/258|[from] item: Life Orb
|faint|p2a: Yveltal
|
|win|FlamingVictini PB
|L|nisher.
|player|p2