|join|aicrum
|join|Jon Bovi
|player|p1|aicrum|2
|player|p2|Jon Bovi|240
|gametype|singles
|gen|6
|tier|OU
|rated
|clearpoke
|poke|p1|Charizard, M
|poke|p1|Raikou
|poke|p1|Landorus-Therian, M
|poke|p1|Scizor, F
|poke|p1|Latias, F
|poke|p1|Keldeo
|poke|p2|Donphan, M
|poke|p2|Venusaur, M
|poke|p2|Gengar, M
|poke|p2|Keldeo-Resolute
|poke|p2|Heatran, F
|poke|p2|Tornadus-Therian, M
|rule|Swagger Clause: Swagger is banned
|rule|Baton Pass Clause: Limit one PokÃ©mon knowing Baton Pass
|rule|Sleep Clause Mod: Limit one foe put to sleep
|rule|Species Clause: Limit one of each PokÃ©mon
|rule|OHKO Clause: OHKO moves are banned
|rule|Moody Clause: Moody is banned
|rule|Evasion Moves Clause: Evasion moves are banned
|rule|Endless Battle Clause: Forcing endless battles is banned
|rule|HP Percentage Mod: HP is shown in percentages
|teampreview
|
|start
|switch|p1a: Landorus-Therian|Landorus-Therian, M|381\/381
|switch|p2a: Tornadus-Therian|Tornadus-Therian, M|332\/332
|-ability|p1a: Landorus-Therian|Intimidate|[of] p2a: Tornadus-Therian
|-unboost|p2a: Tornadus-Therian|atk|1
|turn|1
|
|switch|p2a: Donphan|Donphan, M|384\/384
|move|p1a: Landorus-Therian|Stealth Rock|p2a: Donphan
|-sidestart|p2: Jon Bovi|move: Stealth Rock
|
|turn|2
|
|move|p1a: Landorus-Therian|U-turn|p2a: Donphan
|-damage|p2a: Donphan|323\/384
|
|switch|p1a: Keldeo|Keldeo|323\/323
|move|p2a: Donphan|Rapid Spin|p1a: Keldeo
|-damage|p1a: Keldeo|297\/323
|-sideend|p2: Jon Bovi|Stealth Rock|[from] move: Rapid Spin|[of] p2a: Donphan
|
|-heal|p2a: Donphan|347\/384|[from] item: Leftovers
|turn|3
|
|switch|p2a: Tornadus-Therian|Tornadus-Therian, M|332\/332
|move|p1a: Keldeo|Scald|p2a: Tornadus-Therian
|-damage|p2a: Tornadus-Therian|187\/332
|
|turn|4
|
|switch|p1a: Raikou|Raikou|321\/321
|-ability|p1a: Raikou|Pressure
|move|p2a: Tornadus-Therian|Knock Off|p1a: Raikou
|-damage|p1a: Raikou|232\/321
|-enditem|p1a: Raikou|Assault Vest|[from] move: Knock Off|[of] p2a: Tornadus-Therian
|
|turn|5
|
|switch|p2a: Heatran|Heatran, F|385\/385
|move|p1a: Raikou|Volt Switch|p2a: Heatran
|-damage|p2a: Heatran|297\/385
|
|switch|p1a: Charizard|Charizard, M|297\/297
|
|-heal|p2a: Heatran|321\/385|[from] item: Leftovers
|turn|6
|
|switch|p2a: Donphan|Donphan, M|347\/384
|detailschange|p1a: Charizard|Charizard-Mega-X, M
|message|Charizard has Mega Evolved into Mega Charizard!
|move|p1a: Charizard|Dragon Dance|p1a: Charizard
|-boost|p1a: Charizard|atk|1
|-boost|p1a: Charizard|spe|1
|
|-heal|p2a: Donphan|371\/384|[from] item: Leftovers
|turn|7
|
|switch|p1a: Latias|Latias, F|301\/301
|move|p2a: Donphan|Earthquake|p1a: Latias
|-immune|p1a: Latias|[msg]
|
|-heal|p2a: Donphan|384\/384|[from] item: Leftovers
|turn|8
|
|switch|p1a: Keldeo|Keldeo|297\/323
|switch|p2a: Heatran|Heatran, F|321\/385
|
|-heal|p2a: Heatran|345\/385|[from] item: Leftovers
|turn|9
|
|switch|p2a: Tornadus-Therian|Tornadus-Therian, M|297\/332
|move|p1a: Keldeo|Scald|p2a: Tornadus-Therian
|-crit|p2a: Tornadus-Therian
|-damage|p2a: Tornadus-Therian|54\/332
|
|turn|10
|
|switch|p1a: Raikou|Raikou|232\/321
|-ability|p1a: Raikou|Pressure
|move|p2a: Tornadus-Therian|Hurricane|p1a: Raikou
|-resisted|p1a: Raikou
|-damage|p1a: Raikou|156\/321
|
|turn|11
|
|switch|p2a: Donphan|Donphan, M|384\/384
|move|p1a: Raikou|Hidden Power|p2a: Donphan
|-crit|p2a: Donphan
|-supereffective|p2a: Donphan
|-damage|p2a: Donphan|74\/384
|
|-heal|p2a: Donphan|98\/384|[from] item: Leftovers
|turn|12
|chat|Jon Bovi|Omg
|
|switch|p2a: Venusaur|Venusaur, M|363\/363
|move|p1a: Raikou|Hidden Power|p2a: Venusaur
|-supereffective|p2a: Venusaur
|-damage|p2a: Venusaur|237\/363
|
|turn|13
|
|detailschange|p2a: Venusaur|Venusaur-Mega, M
|message|Venusaur has Mega Evolved into Mega Venusaur!
|move|p1a: Raikou|Extrasensory|p2a: Venusaur
|-supereffective|p2a: Venusaur
|-damage|p2a: Venusaur|79\/363
|move|p2a: Venusaur|Synthesis|p2a: Venusaur
|-heal|p2a: Venusaur|260\/363
|
|turn|14
|
|move|p1a: Raikou|Volt Switch|p2a: Venusaur
|-resisted|p2a: Venusaur
|-damage|p2a: Venusaur|209\/363
|
|switch|p1a: Scizor|Scizor, F|343\/343
|move|p2a: Venusaur|Synthesis|p2a: Venusaur
|-heal|p2a: Venusaur|363\/363
|
|turn|15
|
|move|p2a: Venusaur|Sleep Powder|p1a: Scizor
|-status|p1a: Scizor|slp
|cant|p1a: Scizor|slp
|
|turn|16
|
|switch|p2a: Tornadus-Therian|Tornadus-Therian, M|164\/332
|switch|p1a: Keldeo|Keldeo|297\/323
|
|turn|17
|
|switch|p1a: Landorus-Therian|Landorus-Therian, M|381\/381
|-ability|p1a: Landorus-Therian|Intimidate|[of] p2a: Tornadus-Therian
|-unboost|p2a: Tornadus-Therian|atk|1
|move|p2a: Tornadus-Therian|U-turn|p1a: Landorus-Therian
|-resisted|p1a: Landorus-Therian
|-damage|p1a: Landorus-Therian|367\/381
|
|switch|p2a: Keldeo-Resolute|Keldeo-Resolute|322\/322
|
|-heal|p1a: Landorus-Therian|381\/381|[from] item: Leftovers
|turn|18
|
|switch|p2a: Tornadus-Therian|Tornadus-Therian, M|274\/332
|switch|p1a: Latias|Latias, F|301\/301
|
|turn|19
|
|switch|p1a: Landorus-Therian|Landorus-Therian, M|381\/381
|-ability|p1a: Landorus-Therian|Intimidate|[of] p2a: Tornadus-Therian
|-unboost|p2a: Tornadus-Therian|atk|1
|move|p2a: Tornadus-Therian|Knock Off|p1a: Landorus-Therian
|-damage|p1a: Landorus-Therian|345\/381
|-enditem|p1a: Landorus-Therian|Leftovers|[from] move: Knock Off|[of] p2a: Tornadus-Therian
|
|turn|20
|
|move|p2a: Tornadus-Therian|Hurricane|p1a: Landorus-Therian
|-damage|p1a: Landorus-Therian|164\/381
|-start|p1a: Landorus-Therian|confusion
|-activate|p1a: Landorus-Therian|confusion
|move|p1a: Landorus-Therian|Stealth Rock|p2a: Tornadus-Therian
|-sidestart|p2: Jon Bovi|move: Stealth Rock
|
|turn|21
|
|switch|p1a: Raikou|Raikou|156\/321
|-ability|p1a: Raikou|Pressure
|move|p2a: Tornadus-Therian|U-turn|p1a: Raikou
|-damage|p1a: Raikou|112\/321
|
|switch|p2a: Heatran|Heatran, F|345\/385
|-damage|p2a: Heatran|297\/385|[from] Stealth Rock
|
|-heal|p2a: Heatran|321\/385|[from] item: Leftovers
|turn|22
|
|move|p1a: Raikou|Volt Switch|p2a: Heatran
|-crit|p2a: Heatran
|-damage|p2a: Heatran|204\/385
|
|switch|p1a: Charizard|Charizard-Mega-X, M|297\/297
|move|p2a: Heatran|Stealth Rock|p1a: Charizard
|-sidestart|p1: aicrum|move: Stealth Rock
|
|-heal|p2a: Heatran|228\/385|[from] item: Leftovers
|turn|23
|
|switch|p2a: Venusaur|Venusaur-Mega, M|363\/363
|-damage|p2a: Venusaur|318\/363|[from] Stealth Rock
|move|p1a: Charizard|Dragon Dance|p1a: Charizard
|-boost|p1a: Charizard|atk|1
|-boost|p1a: Charizard|spe|1
|
|turn|24
|
|move|p1a: Charizard|Dragon Claw|p2a: Venusaur
|-damage|p2a: Venusaur|122\/363
|move|p2a: Venusaur|Sludge Bomb|p1a: Charizard
|-damage|p1a: Charizard|153\/297
|
|turn|25
|
|move|p1a: Charizard|Dragon Claw|p2a: Venusaur
|-damage|p2a: Venusaur|0 fnt
|faint|p2a: Venusaur
|
|
|switch|p2a: Keldeo-Resolute|Keldeo-Resolute|322\/322
|-damage|p2a: Keldeo-Resolute|302\/322|[from] Stealth Rock
|turn|26
|
|move|p1a: Charizard|Dragon Claw|p2a: Keldeo-Resolute
|-damage|p2a: Keldeo-Resolute|0 fnt
|faint|p2a: Keldeo-Resolute
|
|-message|Jon Bovi forfeited.
|
|win|aicrum
|raw|Ladder updating...
|leave|Jon Bovi
|player|p2
|raw|aicrum's rating: 1728 &rarr; <strong>1754<\/strong><br \/>(+26 for winning)
|raw|Jon Bovi's rating: 1833 &rarr; <strong>1807<\/strong><br \/>(-26 for losing)