|join|sadmar
|join|Jon Bovi
|player|p1|sadmar|170
|player|p2|Jon Bovi|240
|gametype|singles
|gen|6
|tier|OU
|rated
|clearpoke
|poke|p1|Landorus-Therian, M
|poke|p1|Cobalion
|poke|p1|Gengar, F
|poke|p1|Talonflame, M
|poke|p1|Manectric, F
|poke|p1|Greninja, M
|poke|p2|Donphan, M
|poke|p2|Venusaur, M
|poke|p2|Talonflame, M
|poke|p2|Vaporeon, M
|poke|p2|Heatran, F
|poke|p2|Kyurem-Black
|rule|Swagger Clause: Swagger is banned
|rule|Baton Pass Clause: Limit one PokÃ©mon knowing Baton Pass
|rule|Sleep Clause Mod: Limit one foe put to sleep
|rule|Species Clause: Limit one of each PokÃ©mon
|rule|OHKO Clause: OHKO moves are banned
|rule|Moody Clause: Moody is banned
|rule|Evasion Moves Clause: Evasion moves are banned
|rule|Endless Battle Clause: Forcing endless battles is banned
|rule|HP Percentage Mod: HP is shown in percentages
|teampreview
|c|âJon Bovi|Gl hf
|
|start
|switch|p1a: Cobalion|Cobalion|360\/360
|switch|p2a: Pivin on a Lrayer|Donphan, M|384\/384
|turn|1
|
|move|p1a: Cobalion|Taunt|p2a: Pivin on a Lrayer
|-start|p2a: Pivin on a Lrayer|move: Taunt
|move|p2a: Pivin on a Lrayer|Earthquake|p1a: Cobalion
|-supereffective|p1a: Cobalion
|-damage|p1a: Cobalion|58\/360
|
|turn|2
|
|move|p1a: Cobalion|Stealth Rock|p2a: Pivin on a Lrayer
|-sidestart|p2: Jon Bovi|move: Stealth Rock
|move|p2a: Pivin on a Lrayer|Rapid Spin|p1a: Cobalion
|-resisted|p1a: Cobalion
|-damage|p1a: Cobalion|47\/360
|-sideend|p2: Jon Bovi|Stealth Rock|[from] move: Rapid Spin|[of] p2a: Pivin on a Lrayer
|
|turn|3
|
|switch|p1a: Gengar|Gengar, F|261\/261
|move|p2a: Pivin on a Lrayer|Rapid Spin|p1a: Gengar
|-immune|p1a: Gengar|[msg]
|
|-end|p2a: Pivin on a Lrayer|move: Taunt
|turn|4
|
|switch|p1a: Greninja|Greninja, M|285\/285
|move|p2a: Pivin on a Lrayer|Stone Edge|p1a: Greninja
|-damage|p1a: Greninja|116\/285
|
|turn|5
|
|switch|p2a: It's Ly Mife|Vaporeon, M|464\/464
|move|p1a: Greninja|Ice Beam|p2a: It's Ly Mife
|-start|p1a: Greninja|typechange|Ice|[from] Protean
|-resisted|p2a: It's Ly Mife
|-damage|p2a: It's Ly Mife|367\/464
|-damage|p1a: Greninja|88\/285|[from] item: Life Orb
|
|-heal|p2a: It's Ly Mife|396\/464|[from] item: Leftovers
|turn|6
|
|move|p1a: Greninja|Spikes|p2a: It's Ly Mife
|-start|p1a: Greninja|typechange|Ground|[from] Protean
|-sidestart|p2: Jon Bovi|Spikes
|move|p2a: It's Ly Mife|Scald|p1a: Greninja
|-supereffective|p1a: Greninja
|-damage|p1a: Greninja|0 fnt
|faint|p1a: Greninja
|
|-heal|p2a: It's Ly Mife|425\/464|[from] item: Leftovers
|
|switch|p1a: Cobalion|Cobalion|47\/360
|turn|7
|
|switch|p2a: Pivin on a Lrayer|Donphan, M|384\/384
|-damage|p2a: Pivin on a Lrayer|336\/384|[from] Spikes
|move|p1a: Cobalion|Stealth Rock|p2a: Pivin on a Lrayer
|-sidestart|p2: Jon Bovi|move: Stealth Rock
|
|-heal|p2a: Pivin on a Lrayer|360\/384|[from] item: Leftovers
|turn|8
|
|switch|p1a: Gengar|Gengar, F|261\/261
|move|p2a: Pivin on a Lrayer|Stone Edge|p1a: Gengar
|-damage|p1a: Gengar|83\/261
|
|-heal|p1a: Gengar|99\/261|[from] item: Black Sludge
|-heal|p2a: Pivin on a Lrayer|384\/384|[from] item: Leftovers
|turn|9
|
|move|p1a: Gengar|Will-O-Wisp|p2a: Pivin on a Lrayer
|-status|p2a: Pivin on a Lrayer|brn
|move|p2a: Pivin on a Lrayer|Stone Edge|p1a: Gengar
|-crit|p1a: Gengar
|-damage|p1a: Gengar|0 fnt
|faint|p1a: Gengar
|
|-damage|p2a: Pivin on a Lrayer|336\/384 brn|[from] brn
|
|switch|p1a: Talonflame|Talonflame, M|319\/319
|turn|10
|
|move|p1a: Talonflame|Swords Dance|p1a: Talonflame
|-boost|p1a: Talonflame|atk|2
|move|p2a: Pivin on a Lrayer|Rapid Spin|p1a: Talonflame
|-damage|p1a: Talonflame|302\/319
|-sideend|p2: Jon Bovi|Spikes|[from] move: Rapid Spin|[of] p2a: Pivin on a Lrayer
|-sideend|p2: Jon Bovi|Stealth Rock|[from] move: Rapid Spin|[of] p2a: Pivin on a Lrayer
|
|-heal|p2a: Pivin on a Lrayer|360\/384 brn|[from] item: Leftovers
|-damage|p2a: Pivin on a Lrayer|312\/384 brn|[from] brn
|turn|11
|
|move|p1a: Talonflame|Brave Bird|p2a: Pivin on a Lrayer
|-damage|p2a: Pivin on a Lrayer|0 fnt
|-damage|p1a: Talonflame|199\/319|[from] recoil|[of] p2a: Pivin on a Lrayer
|faint|p2a: Pivin on a Lrayer
|
|
|switch|p2a: Mad Bedecine|Heatran, F|386\/386
|turn|12
|
|move|p1a: Talonflame|Brave Bird|p2a: Mad Bedecine
|-resisted|p2a: Mad Bedecine
|-damage|p2a: Mad Bedecine|216\/386
|-damage|p1a: Talonflame|143\/319|[from] recoil|[of] p2a: Mad Bedecine
|move|p2a: Mad Bedecine|Toxic|p1a: Talonflame
|-status|p1a: Talonflame|tox
|
|-heal|p2a: Mad Bedecine|240\/386|[from] item: Leftovers
|-damage|p1a: Talonflame|124\/319 tox|[from] psn
|turn|13
|
|move|p1a: Talonflame|Swords Dance|p1a: Talonflame
|-boost|p1a: Talonflame|atk|2
|move|p2a: Mad Bedecine|Stealth Rock|p1a: Talonflame
|-sidestart|p1: sadmar|move: Stealth Rock
|
|-heal|p2a: Mad Bedecine|264\/386|[from] item: Leftovers
|-damage|p1a: Talonflame|86\/319 tox|[from] psn
|turn|14
|
|move|p1a: Talonflame|Roost|p1a: Talonflame
|-heal|p1a: Talonflame|246\/319 tox
|move|p2a: Mad Bedecine|Lava Plume|p1a: Talonflame
|-resisted|p1a: Talonflame
|-damage|p1a: Talonflame|168\/319 tox
|
|-heal|p2a: Mad Bedecine|288\/386|[from] item: Leftovers
|-damage|p1a: Talonflame|111\/319 tox|[from] psn
|turn|15
|
|move|p1a: Talonflame|Brave Bird|p2a: Mad Bedecine
|-resisted|p2a: Mad Bedecine
|-damage|p2a: Mad Bedecine|4\/386
|-damage|p1a: Talonflame|17\/319 tox|[from] recoil|[of] p2a: Mad Bedecine
|move|p2a: Mad Bedecine|Lava Plume|p1a: Talonflame
|-resisted|p1a: Talonflame
|-damage|p1a: Talonflame|0 fnt
|faint|p1a: Talonflame
|
|-heal|p2a: Mad Bedecine|28\/386|[from] item: Leftovers
|
|switch|p1a: Manectric|Manectric, F|281\/281
|-damage|p1a: Manectric|246\/281|[from] Stealth Rock
|turn|16
|
|detailschange|p1a: Manectric|Manectric-Mega, F
|message|Manectric has Mega Evolved into Mega Manectric!
|-ability|p1a: Manectric|Intimidate|[of] p2a: Mad Bedecine
|-unboost|p2a: Mad Bedecine|atk|1
|move|p1a: Manectric|Volt Switch|p2a: Mad Bedecine
|-damage|p2a: Mad Bedecine|0 fnt
|faint|p2a: Mad Bedecine
|
|switch|p1a: Cobalion|Cobalion|47\/360
|-damage|p1a: Cobalion|36\/360|[from] Stealth Rock
|
|
|switch|p2a: Glaze of Blory|Talonflame, M|359\/359
|turn|17
|
|move|p2a: Glaze of Blory|Brave Bird|p1a: Cobalion
|-damage|p1a: Cobalion|0 fnt
|-damage|p2a: Glaze of Blory|347\/359|[from] recoil|[of] p1a: Cobalion
|faint|p1a: Cobalion
|
|-heal|p2a: Glaze of Blory|359\/359|[from] item: Leftovers
|
|switch|p1a: Manectric|Manectric-Mega, F|246\/281
|-damage|p1a: Manectric|211\/281|[from] Stealth Rock
|-ability|p1a: Manectric|Intimidate|[of] p2a: Glaze of Blory
|-unboost|p2a: Glaze of Blory|atk|1
|turn|18
|
|switch|p2a: Red of Boses|Venusaur, M|363\/363
|move|p1a: Manectric|Volt Switch|p2a: Red of Boses
|-resisted|p2a: Red of Boses
|-damage|p2a: Red of Boses|304\/363
|
|switch|p1a: Landorus-Therian|Landorus-Therian, M|325\/325
|-damage|p1a: Landorus-Therian|285\/325|[from] Stealth Rock
|-ability|p1a: Landorus-Therian|Intimidate|[of] p2a: Red of Boses
|-unboost|p2a: Red of Boses|atk|1
|
|turn|19
|
|detailschange|p2a: Red of Boses|Venusaur-Mega, M
|message|Venusaur has Mega Evolved into Mega Venusaur!
|move|p1a: Landorus-Therian|Earthquake|p2a: Red of Boses
|-damage|p2a: Red of Boses|162\/363
|move|p2a: Red of Boses|Synthesis|p2a: Red of Boses
|-heal|p2a: Red of Boses|343\/363
|
|turn|20
|-message|sadmar forfeited.
|
|win|Jon Bovi
|raw|Ladder updating...
|leave|sadmar
|player|p1
|raw|sadmar's rating: 1923 &rarr; <strong>1901<\/strong><br \/>(-22 for losing)
|raw|Jon Bovi's rating: 1891 &rarr; <strong>1913<\/strong><br \/>(+22 for winning)
|c|âJon Bovi|Donphan for ou