|join|Pancake Tabarnak
|join|Jon Bovi
|player|p1|Pancake Tabarnak|#grosorteil
|player|p2|Jon Bovi|240
|gametype|singles
|gen|6
|tier|OU
|clearpoke
|poke|p1|Amoonguss, F, shiny
|poke|p1|Milotic, M, shiny
|poke|p1|Terrakion
|poke|p1|Magnezone, shiny
|poke|p1|Landorus-Therian, M
|poke|p1|Mawile, M
|poke|p2|Donphan, M
|poke|p2|Venusaur, M
|poke|p2|Talonflame, M
|poke|p2|Vaporeon, M
|poke|p2|Heatran, F
|poke|p2|Hydreigon, M
|rule|Swagger Clause: Swagger is banned
|rule|Baton Pass Clause: Limit one PokÃ©mon knowing Baton Pass
|rule|Sleep Clause Mod: Limit one foe put to sleep
|rule|Species Clause: Limit one of each PokÃ©mon
|rule|OHKO Clause: OHKO moves are banned
|rule|Moody Clause: Moody is banned
|rule|Evasion Moves Clause: Evasion moves are banned
|rule|Endless Battle Clause: Forcing endless battles is banned
|rule|HP Percentage Mod: HP is reported as percentages
|teampreview
|chat|Pancake Tabarnak|ah voilÃ  ^^
Pancake Tabarnak made this room private.
|chat|Pancake Tabarnak|je pensais que tu reconnaÃ®trais mon pseudo hahaha
|chat|Jon Bovi|Bonne chance 
|chat|Pancake Tabarnak|gl
|
|start
|switch|p1a: Landorus-Therian|Landorus-Therian, M|320\/320
|switch|p2a: Pivin on a Lrayer|Donphan, M|384\/384
|-ability|p1a: Landorus-Therian|Intimidate|[of] p2a: Pivin on a Lrayer
|-unboost|p2a: Pivin on a Lrayer|atk|1
|turn|1
|
|move|p2a: Pivin on a Lrayer|Ice Shard|p1a: Landorus-Therian
|-supereffective|p1a: Landorus-Therian
|-damage|p1a: Landorus-Therian|172\/320
|move|p1a: Landorus-Therian|U-turn|p2a: Pivin on a Lrayer
|-damage|p2a: Pivin on a Lrayer|304\/384
|
|switch|p1a: Sourcils = cheveux|Milotic, M, shiny|393\/393
|
|-heal|p2a: Pivin on a Lrayer|328\/384|[from] item: Leftovers
|turn|2
|
|switch|p2a: Red of Boses|Venusaur, M|363\/363
|move|p1a: Sourcils = cheveux|Scald|p2a: Red of Boses
|-resisted|p2a: Red of Boses
|-damage|p2a: Red of Boses|313\/363
|-status|p2a: Red of Boses|brn
|
|-damage|p2a: Red of Boses|268\/363 brn|[from] brn
|turn|3
|chat|Pancake Tabarnak|L'annÃ©e prochaine
|chat|Pancake Tabarnak|je vais au QuÃ©bec :D
|
|detailschange|p2a: Red of Boses|Venusaur-Mega, M
|message|Venusaur has Mega Evolved into Mega Venusaur!
|move|p2a: Red of Boses|Synthesis|p2a: Red of Boses
|-heal|p2a: Red of Boses|363\/363 brn
|move|p1a: Sourcils = cheveux|Recover|p1a: Sourcils = cheveux
|-fail|p1a: Sourcils = cheveux
|
|-damage|p2a: Red of Boses|318\/363 brn|[from] brn
|turn|4
|chat|Jon Bovi|Yesss
|chat|Pancake Tabarnak|xD
|
|switch|p2a: Mad Bedecine|Heatran, F|386\/386
|switch|p1a: Amoonguss|Amoonguss, F, shiny|431\/431
|
|turn|5
|chat|Pancake Tabarnak|et au Canada
|chat|Pancake Tabarnak|!
|chat|Jon Bovi|Un voyage... Pourquoi?
|chat|Pancake Tabarnak|Pour visiter
|
|switch|p1a: Sourcils = cheveux|Milotic, M, shiny|393\/393
|move|p2a: Mad Bedecine|Taunt|p1a: Sourcils = cheveux
|-start|p1a: Sourcils = cheveux|move: Taunt
|
|turn|6
|chat|Pancake Tabarnak|les beaux paysages 
|chat|Jon Bovi|:)
|
|move|p2a: Mad Bedecine|Toxic|p1a: Sourcils = cheveux
|-status|p1a: Sourcils = cheveux|tox
|move|p1a: Sourcils = cheveux|Scald|p2a: Mad Bedecine
|-supereffective|p2a: Mad Bedecine
|-damage|p2a: Mad Bedecine|258\/386
|
|-heal|p2a: Mad Bedecine|282\/386|[from] item: Leftovers
|-damage|p1a: Sourcils = cheveux|369\/393 tox|[from] psn
|turn|7
|c|âPancake Tabarnak|!data marvel scale
|c|~|\/data-ability Marvel Scale

|chat|Pancake Tabarnak|Apprends ;)
|chat|Jon Bovi|Je le savais
|chat|Jon Bovi|mais
|chat|Pancake Tabarnak|ok ^^
|chat|Jon Bovi|toxic n'est pas bon pour toi
|chat|Jon Bovi|tic tac tic tac
|chat|Pancake Tabarnak|oui lol
|chat|Pancake Tabarnak|XDDD
|
|move|p2a: Mad Bedecine|Stealth Rock|p1a: Sourcils = cheveux
|-sidestart|p1: Pancake Tabarnak|move: Stealth Rock
|move|p1a: Sourcils = cheveux|Scald|p2a: Mad Bedecine
|-supereffective|p2a: Mad Bedecine
|-damage|p2a: Mad Bedecine|156\/386
|
|-heal|p2a: Mad Bedecine|180\/386|[from] item: Leftovers
|-heal|p1a: Sourcils = cheveux|393\/393 tox|[from] item: Leftovers
|-damage|p1a: Sourcils = cheveux|345\/393 tox|[from] psn
|turn|8
|
|switch|p2a: It's Ly Mife|Vaporeon, M|464\/464
|move|p1a: Sourcils = cheveux|Scald|p2a: It's Ly Mife
|-immune|p2a: It's Ly Mife|[msg]
|
|-heal|p1a: Sourcils = cheveux|369\/393 tox|[from] item: Leftovers
|-damage|p1a: Sourcils = cheveux|297\/393 tox|[from] psn
|-end|p1a: Sourcils = cheveux|move: Taunt
|turn|9
|
|move|p1a: Sourcils = cheveux|Toxic|p2a: It's Ly Mife
|-status|p2a: It's Ly Mife|tox
|move|p2a: It's Ly Mife|Heal Bell|p2a: It's Ly Mife
|-cureteam|p2a: It's Ly Mife|[from] move: HealBell
|
|-heal|p1a: Sourcils = cheveux|321\/393 tox|[from] item: Leftovers
|-damage|p1a: Sourcils = cheveux|225\/393 tox|[from] psn
|turn|10
|chat|Pancake Tabarnak|lol
|
|switch|p1a: Amoonguss|Amoonguss, F, shiny|431\/431
|-damage|p1a: Amoonguss|378\/431|[from] Stealth Rock
|switch|p2a: Red of Boses|Venusaur-Mega, M|318\/363
|
|-heal|p1a: Amoonguss|404\/431|[from] item: Black Sludge
|turn|11
|
|move|p2a: Red of Boses|Sludge Bomb|p1a: Amoonguss
|-damage|p1a: Amoonguss|263\/431
|move|p1a: Amoonguss|Sludge Bomb|p2a: Red of Boses
|-damage|p2a: Red of Boses|240\/363
|
|-heal|p1a: Amoonguss|289\/431|[from] item: Black Sludge
|turn|12
|chat|Pancake Tabarnak|tu es fort
|
|switch|p1a: Mawile|Mawile, M|281\/281
|-damage|p1a: Mawile|264\/281|[from] Stealth Rock
|-ability|p1a: Mawile|Intimidate|[of] p2a: Red of Boses
|-unboost|p2a: Red of Boses|atk|1
|move|p2a: Red of Boses|Sludge Bomb|p1a: Mawile
|-immune|p1a: Mawile|[msg]
|
|turn|13
|chat|Pancake Tabarnak|:\/
|chat|Jon Bovi|Merci
|chat|Jon Bovi|Toi aussi
|
|detailschange|p1a: Mawile|Mawile-Mega, M
|message|Mawile has Mega Evolved into Mega Mawile!
|move|p2a: Red of Boses|Sleep Powder|p1a: Mawile
|-status|p1a: Mawile|slp
|cant|p1a: Mawile|slp
|
|turn|14
|chat|Pancake Tabarnak|ahah merci
|chat|Pancake Tabarnak|Pourquoi
|chat|Pancake Tabarnak|tu ne viens pas dans des rooms ?
|chat|Jon Bovi|Je fait autre chose haha
|chat|Jon Bovi|je vais venir une fois de temps en temps
|
|switch|p2a: Mad Bedecine|Heatran, F|180\/386
|cant|p1a: Mawile|slp
|
|-heal|p2a: Mad Bedecine|204\/386|[from] item: Leftovers
|turn|15
|chat|Pancake Tabarnak|ok ^^
|
|switch|p1a: Sourcils = cheveux|Milotic, M, shiny|225\/393 tox
|-damage|p1a: Sourcils = cheveux|176\/393 tox|[from] Stealth Rock
|move|p2a: Mad Bedecine|Lava Plume|p1a: Sourcils = cheveux
|-resisted|p1a: Sourcils = cheveux
|-damage|p1a: Sourcils = cheveux|134\/393 tox
|
|-heal|p2a: Mad Bedecine|228\/386|[from] item: Leftovers
|-heal|p1a: Sourcils = cheveux|158\/393 tox|[from] item: Leftovers
|-damage|p1a: Sourcils = cheveux|134\/393 tox|[from] psn
|turn|16
|
|move|p2a: Mad Bedecine|Taunt|p1a: Sourcils = cheveux
|-start|p1a: Sourcils = cheveux|move: Taunt
|cant|p1a: Sourcils = cheveux|move: Taunt|Recover
|
|-heal|p2a: Mad Bedecine|252\/386|[from] item: Leftovers
|-heal|p1a: Sourcils = cheveux|158\/393 tox|[from] item: Leftovers
|-damage|p1a: Sourcils = cheveux|110\/393 tox|[from] psn
|turn|17
|chat|Pancake Tabarnak|ok
|chat|Pancake Tabarnak|tu es
|chat|Pancake Tabarnak|trÃ¨s fort
|chat|Pancake Tabarnak|:\/
|
|switch|p2a: It's Ly Mife|Vaporeon, M|464\/464
|move|p1a: Sourcils = cheveux|Scald|p2a: It's Ly Mife
|-immune|p2a: It's Ly Mife|[msg]
|
|-heal|p1a: Sourcils = cheveux|134\/393 tox|[from] item: Leftovers
|-damage|p1a: Sourcils = cheveux|62\/393 tox|[from] psn
|turn|18
|chat|Jon Bovi|J'ai dÃ©jÃ  rÃ©ussi a Ãªtre top 5
|
|switch|p1a: Amoonguss|Amoonguss, F, shiny|431\/431
|-damage|p1a: Amoonguss|378\/431|[from] Stealth Rock
|switch|p2a: Mad Bedecine|Heatran, F|252\/386
|
|-heal|p2a: Mad Bedecine|276\/386|[from] item: Leftovers
|-heal|p1a: Amoonguss|404\/431|[from] item: Black Sludge
|turn|19
|chat|Pancake Tabarnak|gg
|chat|Jon Bovi|DÃ©jÃ ?
|chat|Pancake Tabarnak|non mais^^
|chat|Pancake Tabarnak|gg pour le top 5
|chat|Pancake Tabarnak|^^
|
|move|p2a: Mad Bedecine|Taunt|p1a: Amoonguss
|-start|p1a: Amoonguss|move: Taunt
|cant|p1a: Amoonguss|move: Taunt|Spore
|
|-heal|p2a: Mad Bedecine|300\/386|[from] item: Leftovers
|-heal|p1a: Amoonguss|430\/431|[from] item: Black Sludge
|turn|20
|chat|Jon Bovi|Lol
|chat|Pancake Tabarnak|omg
|chat|Pancake Tabarnak|tu anticipes tous mes coups lol
|
|switch|p1a: Terrakion|Terrakion|323\/323
|-damage|p1a: Terrakion|303\/323|[from] Stealth Rock
|-item|p1a: Terrakion|Air Balloon
|move|p2a: Mad Bedecine|Lava Plume|p1a: Terrakion
|-resisted|p1a: Terrakion
|-damage|p1a: Terrakion|244\/323
|-enditem|p1a: Terrakion|Air Balloon
|-status|p1a: Terrakion|brn
|
|-heal|p2a: Mad Bedecine|324\/386|[from] item: Leftovers
|-damage|p1a: Terrakion|204\/323 brn|[from] brn
|turn|21
|chat|Pancake Tabarnak|ah
|chat|Jon Bovi|Ballon?
|chat|Pancake Tabarnak|Oui
|chat|Jon Bovi|Damn
|chat|Jon Bovi|pq ballon?
|chat|Pancake Tabarnak|c'est utile de temps en temps ^^
|chat|Pancake Tabarnak|pour venir sur garchomp
|
|switch|p2a: Pivin on a Lrayer|Donphan, M|328\/384
|move|p1a: Terrakion|Earthquake|p2a: Pivin on a Lrayer
|-crit|p2a: Pivin on a Lrayer
|-damage|p2a: Pivin on a Lrayer|255\/384
|
|-heal|p2a: Pivin on a Lrayer|279\/384|[from] item: Leftovers
|-damage|p1a: Terrakion|164\/323 brn|[from] brn
|turn|22
|chat|Pancake Tabarnak|ou landorus
|chat|Jon Bovi|Tes smat
|chat|Pancake Tabarnak|smat ?
|chat|Jon Bovi|Smart
|chat|Jon Bovi|lol
|chat|Pancake Tabarnak|ahah ok ^^
|chat|Pancake Tabarnak|merci
|
|move|p1a: Terrakion|Stealth Rock|p2a: Pivin on a Lrayer
|-sidestart|p2: Jon Bovi|move: Stealth Rock
|move|p2a: Pivin on a Lrayer|Earthquake|p1a: Terrakion
|-supereffective|p1a: Terrakion
|-damage|p1a: Terrakion|0 fnt
|faint|p1a: Terrakion
|
|-heal|p2a: Pivin on a Lrayer|303\/384|[from] item: Leftovers
|chat|Pancake Tabarnak|mais lÃ 
|chat|Pancake Tabarnak|je peux rien faire contre toi xD
|
|switch|p1a: Amoonguss|Amoonguss, F, shiny|431\/431
|-damage|p1a: Amoonguss|378\/431|[from] Stealth Rock
|turn|23
|chat|Pancake Tabarnak|je crois que
|chat|Pancake Tabarnak|ta team contre un peu la mienne
|
|move|p2a: Pivin on a Lrayer|Rapid Spin|p1a: Amoonguss
|-damage|p1a: Amoonguss|354\/431
|-sideend|p2: Jon Bovi|Stealth Rock|[from] move: Rapid Spin|[of] p2a: Pivin on a Lrayer
|move|p1a: Amoonguss|Sludge Bomb|p2a: Pivin on a Lrayer
|-resisted|p2a: Pivin on a Lrayer
|-damage|p2a: Pivin on a Lrayer|236\/384
|-status|p2a: Pivin on a Lrayer|psn
|
|-heal|p2a: Pivin on a Lrayer|260\/384 psn|[from] item: Leftovers
|-heal|p1a: Amoonguss|380\/431|[from] item: Black Sludge
|-damage|p2a: Pivin on a Lrayer|212\/384 psn|[from] psn
|turn|24
|chat|Jon Bovi|C un hazard
|chat|Jon Bovi|haha
|
|switch|p2a: Red of Boses|Venusaur-Mega, M|240\/363
|move|p1a: Amoonguss|Giga Drain|p2a: Red of Boses
|-resisted|p2a: Red of Boses
|-damage|p2a: Red of Boses|224\/363
|-heal|p1a: Amoonguss|388\/431|[from] drain|[of] p2a: Red of Boses
|
|-heal|p1a: Amoonguss|414\/431|[from] item: Black Sludge
|turn|25
|chat|Pancake Tabarnak|oui ^^
|chat|Pancake Tabarnak|j'espÃ¨re oO
|
|switch|p2a: Mad Bedecine|Heatran, F|324\/386
|switch|p1a: Geomag oO|Magnezone, shiny|281\/281
|-damage|p1a: Geomag oO|264\/281|[from] Stealth Rock
|
|-heal|p2a: Mad Bedecine|348\/386|[from] item: Leftovers
|turn|26
|chat|Jon Bovi|Stalker lol
|chat|Pancake Tabarnak|xD
|
|move|p1a: Geomag oO|Volt Switch|p2a: Mad Bedecine
|-damage|p2a: Mad Bedecine|263\/386
|
|switch|p1a: Sourcils = cheveux|Milotic, M, shiny|62\/393 tox
|-damage|p1a: Sourcils = cheveux|13\/393 tox|[from] Stealth Rock
|move|p2a: Mad Bedecine|Lava Plume|p1a: Sourcils = cheveux
|-resisted|p1a: Sourcils = cheveux
|-damage|p1a: Sourcils = cheveux|0 fnt
|faint|p1a: Sourcils = cheveux
|
|-heal|p2a: Mad Bedecine|287\/386|[from] item: Leftovers
|chat|Pancake Tabarnak|Je ne peux rien faire lÃ 
|
|switch|p1a: Landorus-Therian|Landorus-Therian, M|172\/320
|-damage|p1a: Landorus-Therian|132\/320|[from] Stealth Rock
|-ability|p1a: Landorus-Therian|Intimidate|[of] p2a: Mad Bedecine
|-unboost|p2a: Mad Bedecine|atk|1
|turn|27
|chat|Jon Bovi|Ta fait un don de combien a showdown? Si je peux demander la question
|chat|Pancake Tabarnak|15â¬
|
|switch|p2a: It's Ly Mife|Vaporeon, M|464\/464
|move|p1a: Landorus-Therian|Earthquake|p2a: It's Ly Mife
|-damage|p2a: It's Ly Mife|250\/464
|
|-heal|p2a: It's Ly Mife|279\/464|[from] item: Leftovers
|turn|28
|chat|Pancake Tabarnak|Mais lÃ 
|
|switch|p1a: Amoonguss|Amoonguss, F, shiny|431\/431
|-damage|p1a: Amoonguss|378\/431|[from] Stealth Rock
|switch|p2a: Host Lighway|Hydreigon, M|325\/325
|
|-heal|p1a: Amoonguss|404\/431|[from] item: Black Sludge
|turn|29
|chat|Pancake Tabarnak|c'est plus possible
|chat|Pancake Tabarnak|Il m'a dit qu'il le ferait plus
|chat|Jon Bovi|Comment Ã§a?
|chat|Pancake Tabarnak|dsl ^^
|
|move|p2a: Host Lighway|U-turn|p1a: Amoonguss
|-damage|p1a: Amoonguss|352\/431
|chat|Pancake Tabarnak|D'ailleurs
|
|switch|p2a: Red of Boses|Venusaur-Mega, M|224\/363
|move|p1a: Amoonguss|Spore|p2a: Red of Boses
|-fail|p2a: Red of Boses
|
|-heal|p1a: Amoonguss|378\/431|[from] item: Black Sludge
|turn|30
|chat|Pancake Tabarnak|j'ai pas le droit de le dire comment je l'ai eu
|chat|Jon Bovi|Ok ok
|chat|Pancake Tabarnak|mais bon
|
|switch|p1a: Mawile|Mawile-Mega, M|264\/281 slp
|-damage|p1a: Mawile|247\/281 slp|[from] Stealth Rock
|move|p2a: Red of Boses|Synthesis|p2a: Red of Boses
|-heal|p2a: Red of Boses|363\/363
|
|turn|31
|chat|Pancake Tabarnak|je te le dis Ã  toi xD
|chat|Jon Bovi|:)
|
|move|p2a: Red of Boses|Giga Drain|p1a: Mawile
|-resisted|p1a: Mawile
|-damage|p1a: Mawile|193\/281 slp
|cant|p1a: Mawile|slp
|
|turn|32
|
|move|p2a: Red of Boses|Giga Drain|p1a: Mawile
|-resisted|p1a: Mawile
|-damage|p1a: Mawile|137\/281 slp
|-curestatus|p1a: Mawile|slp
|move|p1a: Mawile|Swords Dance|p1a: Mawile
|-boost|p1a: Mawile|atk|2
|
|turn|33
|
|move|p2a: Red of Boses|Sleep Powder|p1a: Mawile
|-status|p1a: Mawile|slp
|cant|p1a: Mawile|slp
|
|turn|34
|chat|Pancake Tabarnak|lol
|chat|Jon Bovi|Dodo
|
|switch|p2a: Mad Bedecine|Heatran, F|287\/386
|cant|p1a: Mawile|slp
|
|-heal|p2a: Mad Bedecine|311\/386|[from] item: Leftovers
|turn|35
|c|âPancake Tabarnak|!data sleeppowder :\/
|c|~|\/data-move Sleep Powder

|chat|Jon Bovi|Ãa rate souvent, mon cher haha
|chat|Jon Bovi|ds les moments les plus crucials
|chat|Pancake Tabarnak|oui je m'en doute ;)
|
|move|p2a: Mad Bedecine|Lava Plume|p1a: Mawile
|-supereffective|p1a: Mawile
|-damage|p1a: Mawile|0 fnt
|faint|p1a: Mawile
|
|-heal|p2a: Mad Bedecine|335\/386|[from] item: Leftovers
|
|switch|p1a: Landorus-Therian|Landorus-Therian, M|132\/320
|-damage|p1a: Landorus-Therian|92\/320|[from] Stealth Rock
|-ability|p1a: Landorus-Therian|Intimidate|[of] p2a: Mad Bedecine
|-unboost|p2a: Mad Bedecine|atk|1
|turn|36
|chat|Jon Bovi|Tes fini lol
|chat|Pancake Tabarnak|d'ailleurs
|chat|Pancake Tabarnak|on dit
|chat|Pancake Tabarnak|cruciaux ;)
|chat|Pancake Tabarnak|les moments cruciaux :D
|
|switch|p2a: Red of Boses|Venusaur-Mega, M|363\/363
|move|p1a: Landorus-Therian|Earthquake|p2a: Red of Boses
|-damage|p2a: Red of Boses|234\/363
|
|turn|37
|chat|Jon Bovi|Lol ok ok
|chat|Pancake Tabarnak|xD
|chat|Pancake Tabarnak|Ton venu est full dÃ©f
|
|move|p1a: Landorus-Therian|Earthquake|p2a: Red of Boses
|-damage|p2a: Red of Boses|105\/363
|move|p2a: Red of Boses|Giga Drain|p1a: Landorus-Therian
|-crit|p1a: Landorus-Therian
|-damage|p1a: Landorus-Therian|0 fnt
|-heal|p2a: Red of Boses|151\/363|[from] drain|[of] p1a: Landorus-Therian
|faint|p1a: Landorus-Therian
|
|chat|Jon Bovi|Att
|
|switch|p1a: Geomag oO|Magnezone, shiny|264\/281
|-damage|p1a: Geomag oO|247\/281|[from] Stealth Rock
|turn|38
|chat|Pancake Tabarnak|?
|player|p1|Gros Orteil|#grosorteil
|chat|Jon Bovi|Attend
|chat|Jon Bovi|lol
|chat|Jon Bovi|max ho
|player|p1|attends quoi ?|#grosorteil
|chat|Jon Bovi|hp
|chat|Jon Bovi|192 def
|chat|attends quoi ?|?
|player|p1|Ah d'accord|#grosorteil
|chat|Ah d'accord|^^
|chat|Ah d'accord|j'ai pas tuÃ©
|chat|Jon Bovi|48 spÃ©cial attack to break gengar and bisharp substitute with giga drain
|chat|Ah d'accord|un seul pokÃ©
|
|move|p1a: Geomag oO|Flash Cannon|p2a: Red of Boses
|-crit|p2a: Red of Boses
|-damage|p2a: Red of Boses|0 fnt
|faint|p2a: Red of Boses
|
|chat|Ah d'accord|so much calcs
|chat|Jon Bovi|TrÃ¨s utile
|chat|Jon Bovi|ah d'accord, c gros orteil aussi? Lol
|chat|Ah d'accord|bawi XD
|
|switch|p2a: Mad Bedecine|Heatran, F|335\/386
|turn|39
|chat|Ah d'accord|on peut mettre n'importe quoi ^^
|chat|Jon Bovi|Gg
|player|p1|N'importe quoi|#grosorteil
|chat|N'importe quoi|lol
|
|move|p1a: Geomag oO|Flash Cannon|p2a: Mad Bedecine
|-resisted|p2a: Mad Bedecine
|-damage|p2a: Mad Bedecine|310\/386
|-unboost|p2a: Mad Bedecine|spd|1
|move|p2a: Mad Bedecine|Lava Plume|p1a: Geomag oO
|-supereffective|p1a: Geomag oO
|-damage|p1a: Geomag oO|0 fnt
|faint|p1a: Geomag oO
|
|-heal|p2a: Mad Bedecine|334\/386|[from] item: Leftovers
|chat|N'importe quoi|j'espÃ¨re
|chat|N'importe quoi|que tu passeras souvent dans la room ;)
|
|switch|p1a: Amoonguss|Amoonguss, F, shiny|431\/431
|-damage|p1a: Amoonguss|378\/431|[from] Stealth Rock
|turn|40
|chat|Jon Bovi|Bien sur
|
|move|p2a: Mad Bedecine|Taunt|p1a: Amoonguss
|-start|p1a: Amoonguss|move: Taunt
|move|p1a: Amoonguss|Foul Play|p2a: Mad Bedecine
|-damage|p2a: Mad Bedecine|272\/386
|
|-heal|p2a: Mad Bedecine|296\/386|[from] item: Leftovers
|-heal|p1a: Amoonguss|404\/431|[from] item: Black Sludge
|turn|41
|chat|N'importe quoi|On est en manque
|chat|Jon Bovi|On se battera encore une autre fois bro
|chat|N'importe quoi|de bons joueurs 
|
|move|p2a: Mad Bedecine|Lava Plume|p1a: Amoonguss
|-supereffective|p1a: Amoonguss
|-damage|p1a: Amoonguss|122\/431
|move|p1a: Amoonguss|Foul Play|p2a: Mad Bedecine
|-damage|p2a: Mad Bedecine|240\/386
|
|-heal|p2a: Mad Bedecine|264\/386|[from] item: Leftovers
|-heal|p1a: Amoonguss|148\/431|[from] item: Black Sludge
|turn|42
|chat|N'importe quoi|ahah oui sur
|chat|N'importe quoi|j'ai des revanches Ã  prendre !!
|chat|Jon Bovi|A la prochaine l'ami!
|
|move|p2a: Mad Bedecine|Lava Plume|p1a: Amoonguss
|-supereffective|p1a: Amoonguss
|-damage|p1a: Amoonguss|0 fnt
|faint|p1a: Amoonguss
|
|win|Jon Bovi
|chat|N'importe quoi|oui :)