|join|LT1B tele
|join|Jon Bovi
|player|p1|LT1B tele|167
|player|p2|Jon Bovi|240
|gametype|singles
|gen|6
|tier|OU
|rated
|clearpoke
|poke|p1|Slowbro, F, shiny
|poke|p1|Latios, M
|poke|p1|Heatran, F
|poke|p1|Scizor, M
|poke|p1|Clefable, F
|poke|p1|Terrakion
|poke|p2|Mandibuzz, F
|poke|p2|Latias, F
|poke|p2|Donphan, M
|poke|p2|Venusaur, M
|poke|p2|Magnezone
|poke|p2|Heatran, F
|rule|Swagger Clause: Swagger is banned
|rule|Baton Pass Clause: Limit one PokÃ©mon knowing Baton Pass
|rule|Sleep Clause Mod: Limit one foe put to sleep
|rule|Species Clause: Limit one of each PokÃ©mon
|rule|OHKO Clause: OHKO moves are banned
|rule|Moody Clause: Moody is banned
|rule|Evasion Moves Clause: Evasion moves are banned
|rule|Endless Battle Clause: Forcing endless battles is banned
|rule|HP Percentage Mod: HP is shown in percentages
|teampreview
|
|start
|switch|p1a: NOT IN MA HOUSE|Scizor, M|342\/342
|switch|p2a: Magnezone|Magnezone|281\/281
|turn|1
|
|detailschange|p1a: NOT IN MA HOUSE|Scizor-Mega, M
|message|Scizor has Mega Evolved into Mega Scizor!
|move|p2a: Magnezone|Volt Switch|p1a: NOT IN MA HOUSE
|-damage|p1a: NOT IN MA HOUSE|225\/342
|
|switch|p2a: Red of Boses|Venusaur, M|363\/363
|move|p1a: NOT IN MA HOUSE|Knock Off|p2a: Red of Boses
|-damage|p2a: Red of Boses|304\/363
|
|turn|2
|
|switch|p1a: wall|Heatran, F|385\/385
|detailschange|p2a: Red of Boses|Venusaur-Mega, M
|message|Venusaur has Mega Evolved into Mega Venusaur!
|move|p2a: Red of Boses|Sleep Powder|p1a: wall
|-status|p1a: wall|slp
|
|turn|3
|
|switch|p2a: Mad Bedecine|Heatran, F|386\/386
|cant|p1a: wall|slp
|
|turn|4
|join|Brewmaster
|
|switch|p1a: Slowbroed what els|Slowbro, F, shiny|394\/394
|move|p2a: Mad Bedecine|Stealth Rock|p1a: Slowbroed what els
|-sidestart|p1: LT1B tele|move: Stealth Rock
|
|turn|5
|
|move|p2a: Mad Bedecine|Taunt|p1a: Slowbroed what els
|-start|p1a: Slowbroed what els|move: Taunt
|move|p1a: Slowbroed what els|Scald|p2a: Mad Bedecine
|-supereffective|p2a: Mad Bedecine
|-damage|p2a: Mad Bedecine|254\/386
|
|-heal|p2a: Mad Bedecine|278\/386|[from] item: Leftovers
|turn|6
|join|jefo
|
|move|p2a: Mad Bedecine|Toxic|p1a: Slowbroed what els
|-status|p1a: Slowbroed what els|tox
|move|p1a: Slowbroed what els|Scald|p2a: Mad Bedecine
|-supereffective|p2a: Mad Bedecine
|-damage|p2a: Mad Bedecine|152\/386
|
|-heal|p2a: Mad Bedecine|176\/386|[from] item: Leftovers
|-damage|p1a: Slowbroed what els|370\/394 tox|[from] psn
|turn|7
|
|switch|p2a: Latias|Latias, F|319\/319
|move|p1a: Slowbroed what els|Scald|p2a: Latias
|-crit|p2a: Latias
|-resisted|p2a: Latias
|-damage|p2a: Latias|259\/319
|-status|p2a: Latias|brn
|
|-heal|p1a: Slowbroed what els|394\/394 tox|[from] item: Leftovers
|-damage|p2a: Latias|220\/319 brn|[from] brn
|-damage|p1a: Slowbroed what els|346\/394 tox|[from] psn
|-end|p1a: Slowbroed what els|move: Taunt
|turn|8
|
|switch|p1a: wall|Heatran, F|385\/385 slp
|-damage|p1a: wall|337\/385 slp|[from] Stealth Rock
|move|p2a: Latias|Surf|p1a: wall
|-supereffective|p1a: wall
|-damage|p1a: wall|165\/385 slp
|-damage|p2a: Latias|189\/319 brn|[from] item: Life Orb
|
|-heal|p1a: wall|189\/385 slp|[from] item: Leftovers
|-damage|p2a: Latias|150\/319 brn|[from] brn
|turn|9
|
|switch|p2a: Pivin on a Lrayer|Donphan, M|384\/384
|switch|p1a: Slowbroed what els|Slowbro, F, shiny|394\/394 tox
|-damage|p1a: Slowbroed what els|345\/394 tox|[from] Stealth Rock
|
|-heal|p1a: Slowbroed what els|369\/394 tox|[from] item: Leftovers
|-damage|p1a: Slowbroed what els|345\/394 tox|[from] psn
|turn|10
|join|jake5alt3
|join|Always On Tilt
|
|switch|p2a: Red of Boses|Venusaur-Mega, M|304\/363
|move|p1a: Slowbroed what els|Scald|p2a: Red of Boses
|-resisted|p2a: Red of Boses
|-damage|p2a: Red of Boses|267\/363
|
|-heal|p1a: Slowbroed what els|369\/394 tox|[from] item: Leftovers
|-damage|p1a: Slowbroed what els|321\/394 tox|[from] psn
|turn|11
LT1B tele made this room private.
|c|âLT1B tele|hurry up m8
|
|switch|p2a: Magnezone|Magnezone|281\/281
|switch|p1a: wall|Heatran, F|189\/385 slp
|-damage|p1a: wall|141\/385 slp|[from] Stealth Rock
|
|-heal|p1a: wall|165\/385 slp|[from] item: Leftovers
|turn|12
|
|cant|p1a: wall|slp
|move|p2a: Magnezone|Volt Switch|p1a: wall
|-damage|p1a: wall|80\/385 slp
|
|switch|p2a: Pivin on a Lrayer|Donphan, M|384\/384
|
|-heal|p1a: wall|104\/385 slp|[from] item: Leftovers
|turn|13
|
|switch|p1a: NOT IN MA HOUSE|Scizor-Mega, M|225\/342
|-damage|p1a: NOT IN MA HOUSE|183\/342|[from] Stealth Rock
|move|p2a: Pivin on a Lrayer|Earthquake|p1a: NOT IN MA HOUSE
|-damage|p1a: NOT IN MA HOUSE|77\/342
|
|turn|14
|
|switch|p2a: Magnezone|Magnezone|281\/281
|move|p1a: NOT IN MA HOUSE|Roost|p1a: NOT IN MA HOUSE
|-heal|p1a: NOT IN MA HOUSE|248\/342
|
|turn|15
|
|move|p2a: Magnezone|Hidden Power|p1a: NOT IN MA HOUSE
|-supereffective|p1a: NOT IN MA HOUSE
|-damage|p1a: NOT IN MA HOUSE|0 fnt
|faint|p1a: NOT IN MA HOUSE
|
|
|switch|p1a: wall|Heatran, F|104\/385 slp
|-damage|p1a: wall|56\/385 slp|[from] Stealth Rock
|turn|16
|
|switch|p2a: Pivin on a Lrayer|Donphan, M|384\/384
|cant|p1a: wall|slp
|
|-heal|p1a: wall|80\/385 slp|[from] item: Leftovers
|turn|17
|
|switch|p1a: Slowbroed what els|Slowbro, F, shiny|394\/394 tox
|-damage|p1a: Slowbroed what els|345\/394 tox|[from] Stealth Rock
|move|p2a: Pivin on a Lrayer|Earthquake|p1a: Slowbroed what els
|-damage|p1a: Slowbroed what els|228\/394 tox
|
|-heal|p1a: Slowbroed what els|252\/394 tox|[from] item: Leftovers
|-damage|p1a: Slowbroed what els|228\/394 tox|[from] psn
|turn|18
|
|switch|p2a: Magnezone|Magnezone|281\/281
|move|p1a: Slowbroed what els|Scald|p2a: Magnezone
|-damage|p2a: Magnezone|187\/281
|
|-heal|p1a: Slowbroed what els|252\/394 tox|[from] item: Leftovers
|-damage|p1a: Slowbroed what els|204\/394 tox|[from] psn
|turn|19
|
|switch|p1a: run n gun|Latios, M|302\/302
|-damage|p1a: run n gun|265\/302|[from] Stealth Rock
|move|p2a: Magnezone|Volt Switch|p1a: run n gun
|-resisted|p1a: run n gun
|-damage|p1a: run n gun|211\/302
|
|switch|p2a: Mandibuzz|Mandibuzz, F|423\/423
|
|turn|20
|
|switch|p1a: come at me|Terrakion|324\/324
|-damage|p1a: come at me|304\/324|[from] Stealth Rock
|move|p2a: Mandibuzz|Knock Off|p1a: come at me
|-resisted|p1a: come at me
|-damage|p1a: come at me|263\/324
|-boost|p1a: come at me|atk|1|[from] ability: Justified
|-enditem|p1a: come at me|Choice Scarf|[from] move: Knock Off|[of] p2a: Mandibuzz
|
|turn|21
|
|switch|p2a: Latias|Latias, F|150\/319 brn
|move|p1a: come at me|Close Combat|p2a: Latias
|-resisted|p2a: Latias
|-damage|p2a: Latias|0 fnt
|-unboost|p1a: come at me|def|1
|-unboost|p1a: come at me|spd|1
|faint|p2a: Latias
|
|
|switch|p2a: Pivin on a Lrayer|Donphan, M|384\/384
|turn|22
|
|switch|p1a: run n gun|Latios, M|211\/302
|-damage|p1a: run n gun|174\/302|[from] Stealth Rock
|move|p2a: Pivin on a Lrayer|Earthquake|p1a: run n gun
|-immune|p1a: run n gun|[msg]
|
|turn|23
|
|switch|p1a: Slowbroed what els|Slowbro, F, shiny|335\/394 tox
|-damage|p1a: Slowbroed what els|286\/394 tox|[from] Stealth Rock
|switch|p2a: Mandibuzz|Mandibuzz, F|423\/423
|
|-heal|p1a: Slowbroed what els|310\/394 tox|[from] item: Leftovers
|-damage|p1a: Slowbroed what els|286\/394 tox|[from] psn
|turn|24
|
|switch|p2a: Magnezone|Magnezone|187\/281
|move|p1a: Slowbroed what els|Scald|p2a: Magnezone
|-damage|p2a: Magnezone|88\/281
|-status|p2a: Magnezone|brn
|
|-heal|p1a: Slowbroed what els|310\/394 tox|[from] item: Leftovers
|-damage|p2a: Magnezone|53\/281 brn|[from] brn
|-damage|p1a: Slowbroed what els|262\/394 tox|[from] psn
|turn|25
|
|switch|p1a: wall 2.0|Clefable, F|394\/394
|move|p2a: Magnezone|Volt Switch|p1a: wall 2.0
|-damage|p1a: wall 2.0|280\/394
|
|switch|p2a: Mad Bedecine|Heatran, F|176\/386
|
|-heal|p2a: Mad Bedecine|200\/386|[from] item: Leftovers
|-heal|p1a: wall 2.0|304\/394|[from] item: Leftovers
|turn|26
|
|switch|p1a: Slowbroed what els|Slowbro, F, shiny|393\/394 tox
|-damage|p1a: Slowbroed what els|344\/394 tox|[from] Stealth Rock
|move|p2a: Mad Bedecine|Taunt|p1a: Slowbroed what els
|-start|p1a: Slowbroed what els|move: Taunt
|
|-heal|p2a: Mad Bedecine|224\/386|[from] item: Leftovers
|-heal|p1a: Slowbroed what els|368\/394 tox|[from] item: Leftovers
|-damage|p1a: Slowbroed what els|344\/394 tox|[from] psn
|turn|27
|
|switch|p2a: Red of Boses|Venusaur-Mega, M|267\/363
|move|p1a: Slowbroed what els|Scald|p2a: Red of Boses
|-resisted|p2a: Red of Boses
|-damage|p2a: Red of Boses|225\/363
|-status|p2a: Red of Boses|brn
|
|-heal|p1a: Slowbroed what els|368\/394 tox|[from] item: Leftovers
|-damage|p2a: Red of Boses|180\/363 brn|[from] brn
|-damage|p1a: Slowbroed what els|320\/394 tox|[from] psn
|turn|28
|c|âJon Bovi|COME ON
|
|switch|p1a: run n gun|Latios, M|174\/302
|-damage|p1a: run n gun|137\/302|[from] Stealth Rock
|move|p2a: Red of Boses|Synthesis|p2a: Red of Boses
|-heal|p2a: Red of Boses|361\/363 brn
|
|-damage|p2a: Red of Boses|316\/363 brn|[from] brn
|turn|29
|
|switch|p1a: wall 2.0|Clefable, F|304\/394
|switch|p2a: Mandibuzz|Mandibuzz, F|423\/423
|
|-heal|p1a: wall 2.0|328\/394|[from] item: Leftovers
|turn|30
|
|switch|p1a: Slowbroed what els|Slowbro, F, shiny|394\/394 tox
|-damage|p1a: Slowbroed what els|345\/394 tox|[from] Stealth Rock
|move|p2a: Mandibuzz|Taunt|p1a: Slowbroed what els
|-start|p1a: Slowbroed what els|move: Taunt
|
|-heal|p1a: Slowbroed what els|369\/394 tox|[from] item: Leftovers
|-damage|p1a: Slowbroed what els|345\/394 tox|[from] psn
|turn|31
|
|move|p2a: Mandibuzz|Knock Off|p1a: Slowbroed what els
|-supereffective|p1a: Slowbroed what els
|-damage|p1a: Slowbroed what els|243\/394 tox
|-enditem|p1a: Slowbroed what els|Leftovers|[from] move: Knock Off|[of] p2a: Mandibuzz
|move|p1a: Slowbroed what els|Psyshock|p2a: Mandibuzz
|-immune|p2a: Mandibuzz|[msg]
|
|-damage|p1a: Slowbroed what els|195\/394 tox|[from] psn
|turn|32
|
|switch|p1a: come at me|Terrakion|263\/324
|-damage|p1a: come at me|243\/324|[from] Stealth Rock
|move|p2a: Mandibuzz|Foul Play|p1a: come at me
|-resisted|p1a: come at me
|-damage|p1a: come at me|136\/324
|-boost|p1a: come at me|atk|1|[from] ability: Justified
|
|turn|33
|
|switch|p2a: Mad Bedecine|Heatran, F|224\/386
|move|p1a: come at me|Stone Edge|p2a: Mad Bedecine
|-damage|p2a: Mad Bedecine|0 fnt
|faint|p2a: Mad Bedecine
|
|c|âLT1B tele|fucking die
|
|switch|p2a: Magnezone|Magnezone|53\/281 brn
|turn|34
|
|switch|p1a: Slowbroed what els|Slowbro, F, shiny|326\/394 tox
|-damage|p1a: Slowbroed what els|277\/394 tox|[from] Stealth Rock
|move|p2a: Magnezone|Volt Switch|p1a: Slowbroed what els
|-supereffective|p1a: Slowbroed what els
|-damage|p1a: Slowbroed what els|5\/394 tox
|
|switch|p2a: Mandibuzz|Mandibuzz, F|423\/423
|
|-damage|p1a: Slowbroed what els|0 fnt|[from] psn
|faint|p1a: Slowbroed what els
|
|switch|p1a: come at me|Terrakion|136\/324
|-damage|p1a: come at me|116\/324|[from] Stealth Rock
|turn|35
|
|move|p1a: come at me|Stone Edge|p2a: Mandibuzz|[miss]
|-miss|p1a: come at me|p2a: Mandibuzz
|move|p2a: Mandibuzz|Foul Play|p1a: come at me
|-resisted|p1a: come at me
|-damage|p1a: come at me|18\/324
|-boost|p1a: come at me|atk|1|[from] ability: Justified
|
|turn|36
|
|switch|p2a: Pivin on a Lrayer|Donphan, M|384\/384
|move|p1a: come at me|Close Combat|p2a: Pivin on a Lrayer
|-damage|p2a: Pivin on a Lrayer|77\/384
|-unboost|p1a: come at me|def|1
|-unboost|p1a: come at me|spd|1
|
|-heal|p2a: Pivin on a Lrayer|101\/384|[from] item: Leftovers
|turn|37
|
|switch|p1a: wall 2.0|Clefable, F|328\/394
|move|p2a: Pivin on a Lrayer|Ice Shard|p1a: wall 2.0
|-damage|p1a: wall 2.0|272\/394
|
|-heal|p1a: wall 2.0|296\/394|[from] item: Leftovers
|-heal|p2a: Pivin on a Lrayer|125\/384|[from] item: Leftovers
|turn|38
|
|switch|p2a: Mandibuzz|Mandibuzz, F|423\/423
|move|p1a: wall 2.0|Moonblast|p2a: Mandibuzz
|-supereffective|p2a: Mandibuzz
|-damage|p2a: Mandibuzz|235\/423
|
|-heal|p2a: Mandibuzz|261\/423|[from] item: Leftovers
|-heal|p1a: wall 2.0|320\/394|[from] item: Leftovers
|turn|39
|
|move|p2a: Mandibuzz|Taunt|p1a: wall 2.0
|-start|p1a: wall 2.0|move: Taunt
|cant|p1a: wall 2.0|move: Taunt|Calm Mind
|
|-heal|p2a: Mandibuzz|287\/423|[from] item: Leftovers
|-heal|p1a: wall 2.0|344\/394|[from] item: Leftovers
|turn|40
|
|move|p2a: Mandibuzz|Knock Off|p1a: wall 2.0
|-resisted|p1a: wall 2.0
|-damage|p1a: wall 2.0|302\/394
|-enditem|p1a: wall 2.0|Leftovers|[from] move: Knock Off|[of] p2a: Mandibuzz
|move|p1a: wall 2.0|Moonblast|p2a: Mandibuzz
|-supereffective|p2a: Mandibuzz
|-damage|p2a: Mandibuzz|101\/423
|
|-heal|p2a: Mandibuzz|127\/423|[from] item: Leftovers
|turn|41
|
|move|p2a: Mandibuzz|Roost|p2a: Mandibuzz
|-heal|p2a: Mandibuzz|339\/423
|move|p1a: wall 2.0|Moonblast|p2a: Mandibuzz
|-supereffective|p2a: Mandibuzz
|-damage|p2a: Mandibuzz|139\/423
|
|-heal|p2a: Mandibuzz|165\/423|[from] item: Leftovers
|-end|p1a: wall 2.0|move: Taunt
|turn|42
|
|switch|p2a: Red of Boses|Venusaur-Mega, M|316\/363 brn
|move|p1a: wall 2.0|Calm Mind|p1a: wall 2.0
|-boost|p1a: wall 2.0|spa|1
|-boost|p1a: wall 2.0|spd|1
|
|-damage|p2a: Red of Boses|271\/363 brn|[from] brn
|turn|43
|
|move|p2a: Red of Boses|Sludge Bomb|p1a: wall 2.0
|-supereffective|p1a: wall 2.0
|-damage|p1a: wall 2.0|132\/394
|move|p1a: wall 2.0|Soft-Boiled|p1a: wall 2.0
|-heal|p1a: wall 2.0|329\/394
|
|-damage|p2a: Red of Boses|226\/363 brn|[from] brn
|turn|44
|
|move|p2a: Red of Boses|Sludge Bomb|p1a: wall 2.0
|-supereffective|p1a: wall 2.0
|-damage|p1a: wall 2.0|161\/394
|move|p1a: wall 2.0|Soft-Boiled|p1a: wall 2.0
|-heal|p1a: wall 2.0|358\/394
|
|-damage|p2a: Red of Boses|181\/363 brn|[from] brn
|turn|45
|
|move|p2a: Red of Boses|Sludge Bomb|p1a: wall 2.0
|-supereffective|p1a: wall 2.0
|-damage|p1a: wall 2.0|196\/394
|move|p1a: wall 2.0|Flamethrower|p2a: Red of Boses
|-supereffective|p2a: Red of Boses
|-damage|p2a: Red of Boses|93\/363 brn
|
|-damage|p2a: Red of Boses|48\/363 brn|[from] brn
|turn|46
|
|move|p2a: Red of Boses|Sludge Bomb|p1a: wall 2.0
|-supereffective|p1a: wall 2.0
|-damage|p1a: wall 2.0|26\/394
|move|p1a: wall 2.0|Soft-Boiled|p1a: wall 2.0
|-heal|p1a: wall 2.0|223\/394
|
|-damage|p2a: Red of Boses|3\/363 brn|[from] brn
|turn|47
|
|move|p2a: Red of Boses|Sludge Bomb|p1a: wall 2.0
|-supereffective|p1a: wall 2.0
|-damage|p1a: wall 2.0|79\/394
|-status|p1a: wall 2.0|psn
|move|p1a: wall 2.0|Soft-Boiled|p1a: wall 2.0
|-heal|p1a: wall 2.0|276\/394 psn
|
|-damage|p2a: Red of Boses|0 fnt|[from] brn
|faint|p2a: Red of Boses
|c|âLT1B tele|die
|c|âJon Bovi|Lucky
|
|switch|p2a: Magnezone|Magnezone|53\/281 brn
|turn|48
|c|âLT1B tele|fuc koff
|
|switch|p1a: come at me|Terrakion|18\/324
|-damage|p1a: come at me|0 fnt|[from] Stealth Rock
|faint|p1a: come at me
|move|p2a: Magnezone|Flash Cannon|p1: come at me|[notarget]
|-notarget
|
|-damage|p2a: Magnezone|18\/281 brn|[from] brn
|
|switch|p1a: run n gun|Latios, M|137\/302
|-damage|p1a: run n gun|100\/302|[from] Stealth Rock
|turn|49
|
|switch|p2a: Pivin on a Lrayer|Donphan, M|125\/384
|move|p1a: run n gun|Draco Meteor|p2a: Pivin on a Lrayer|[miss]
|-miss|p1a: run n gun|p2a: Pivin on a Lrayer
|
|-heal|p2a: Pivin on a Lrayer|149\/384|[from] item: Leftovers
|turn|50
|
|switch|p1a: wall 2.0|Clefable, F|276\/394 psn
|move|p2a: Pivin on a Lrayer|Ice Shard|p1a: wall 2.0
|-damage|p1a: wall 2.0|226\/394 psn
|
|-heal|p2a: Pivin on a Lrayer|173\/384|[from] item: Leftovers
|turn|51
|
|move|p1a: wall 2.0|Soft-Boiled|p1a: wall 2.0
|-heal|p1a: wall 2.0|394\/394 psn
|move|p2a: Pivin on a Lrayer|Earthquake|p1a: wall 2.0
|-damage|p1a: wall 2.0|193\/394 psn
|
|-heal|p2a: Pivin on a Lrayer|197\/384|[from] item: Leftovers
|turn|52
|
|switch|p1a: run n gun|Latios, M|100\/302
|-damage|p1a: run n gun|63\/302|[from] Stealth Rock
|move|p2a: Pivin on a Lrayer|Earthquake|p1a: run n gun
|-immune|p1a: run n gun|[msg]
|
|-heal|p2a: Pivin on a Lrayer|221\/384|[from] item: Leftovers
|turn|53
|
|switch|p1a: wall 2.0|Clefable, F|193\/394 psn
|move|p2a: Pivin on a Lrayer|Ice Shard|p1a: wall 2.0
|-damage|p1a: wall 2.0|140\/394 psn
|
|-heal|p2a: Pivin on a Lrayer|245\/384|[from] item: Leftovers
|turn|54
|
|move|p1a: wall 2.0|Soft-Boiled|p1a: wall 2.0
|-heal|p1a: wall 2.0|337\/394 psn
|move|p2a: Pivin on a Lrayer|Earthquake|p1a: wall 2.0
|-damage|p1a: wall 2.0|132\/394 psn
|
|-heal|p2a: Pivin on a Lrayer|269\/384|[from] item: Leftovers
|turn|55
|c|âLT1B tele|lmao fucking lucky asshole
|
|move|p1a: wall 2.0|Soft-Boiled|p1a: wall 2.0
|-heal|p1a: wall 2.0|329\/394 psn
|move|p2a: Pivin on a Lrayer|Earthquake|p1a: wall 2.0
|-damage|p1a: wall 2.0|149\/394 psn
|
|-heal|p2a: Pivin on a Lrayer|293\/384|[from] item: Leftovers
|turn|56
|-message|LT1B tele forfeited.
|leave|LT1B tele
|
|win|Jon Bovi
|raw|Ladder updating...
|player|p1
|raw|LT1B tele's rating: 1903 &rarr; <strong>1880<\/strong><br \/>(-23 for losing)
|raw|Jon Bovi's rating: 1855 &rarr; <strong>1878<\/strong><br \/>(+23 for winning)
|c|âJon Bovi|In ur face bitch
|c|âJon Bovi|Haha!