|join|u got terrakion'ed
|join|Jon Bovi
|player|p1|u got terrakion'ed|167
|player|p2|Jon Bovi|240
|gametype|singles
|gen|6
|tier|OU
|rated
|clearpoke
|poke|p1|Slowbro, F, shiny
|poke|p1|Latios, M
|poke|p1|Heatran, F
|poke|p1|Scizor, M
|poke|p1|Clefable, F
|poke|p1|Terrakion
|poke|p2|Donphan, M
|poke|p2|Charizard, M
|poke|p2|Bisharp, M
|poke|p2|Keldeo
|poke|p2|Venusaur, M
|poke|p2|Clefable, F
|rule|Swagger Clause: Swagger is banned
|rule|Baton Pass Clause: Limit one PokÃ©mon knowing Baton Pass
|rule|Sleep Clause Mod: Limit one foe put to sleep
|rule|Species Clause: Limit one of each PokÃ©mon
|rule|OHKO Clause: OHKO moves are banned
|rule|Moody Clause: Moody is banned
|rule|Evasion Moves Clause: Evasion moves are banned
|rule|Endless Battle Clause: Forcing endless battles is banned
|rule|HP Percentage Mod: HP is shown in percentages
|teampreview
|join|omegaW
|
|start
|switch|p1a: indestructible|Scizor, M|342\/342
|switch|p2a: Charizard|Charizard, M|297\/297
|turn|1
|
|switch|p1a: wall|Heatran, F|385\/385
|detailschange|p2a: Charizard|Charizard-Mega-Y, M
|message|Charizard has Mega Evolved into Mega Charizard!
|-weather|SunnyDay
|move|p2a: Charizard|Focus Blast|p1a: wall
|-supereffective|p1a: wall
|-damage|p1a: wall|167\/385
|-unboost|p1a: wall|spd|1
|
|-weather|SunnyDay|[upkeep]
|-heal|p1a: wall|191\/385|[from] item: Leftovers
|turn|2
|
|move|p1a: wall|Protect|p1a: wall
|-singleturn|p1a: wall|Protect
|move|p2a: Charizard|Focus Blast|p1a: wall
|-activate|p1a: wall|Protect
|
|-weather|SunnyDay|[upkeep]
|-heal|p1a: wall|215\/385|[from] item: Leftovers
|turn|3
|
|switch|p1a: forrest gump|Latios, M|302\/302
|move|p2a: Charizard|Focus Blast|p1a: forrest gump|[miss]
|-miss|p2a: Charizard|p1a: forrest gump
|
|-weather|SunnyDay|[upkeep]
|turn|4
|
|switch|p1a: come at me|Terrakion|324\/324
|switch|p2a: Bisharp|Bisharp, M|287\/287
|
|-weather|SunnyDay|[upkeep]
|turn|5
|join|word
|
|switch|p2a: Clefable|Clefable, F|391\/391
|move|p1a: come at me|Close Combat|p2a: Clefable
|-resisted|p2a: Clefable
|-damage|p2a: Clefable|269\/391
|-unboost|p1a: come at me|def|1
|-unboost|p1a: come at me|spd|1
|
|-weather|none
|-heal|p2a: Clefable|293\/391|[from] item: Leftovers
|turn|6
|leave|word
|
|switch|p1a: wall|Heatran, F|215\/385
|move|p2a: Clefable|Stealth Rock|p1a: wall
|-sidestart|p1: u got terrakion'ed|move: Stealth Rock
|
|-heal|p1a: wall|239\/385|[from] item: Leftovers
|-heal|p2a: Clefable|317\/391|[from] item: Leftovers
|turn|7
|
|switch|p2a: Keldeo|Keldeo|323\/323
|move|p1a: wall|Toxic|p2a: Keldeo|[miss]
|-miss|p1a: wall|p2a: Keldeo
|
|-heal|p1a: wall|263\/385|[from] item: Leftovers
|turn|8
|
|move|p1a: wall|Protect|p1a: wall
|-singleturn|p1a: wall|Protect
|move|p2a: Keldeo|Calm Mind|p2a: Keldeo
|-boost|p2a: Keldeo|spa|1
|-boost|p2a: Keldeo|spd|1
|
|-heal|p1a: wall|287\/385|[from] item: Leftovers
|turn|9
|
|switch|p1a: Slowbroed what els|Slowbro, F, shiny|394\/394
|-damage|p1a: Slowbroed what els|345\/394|[from] Stealth Rock
|move|p2a: Keldeo|Scald|p1a: Slowbroed what els
|-crit|p1a: Slowbroed what els
|-resisted|p1a: Slowbroed what els
|-damage|p1a: Slowbroed what els|93\/394
|-damage|p2a: Keldeo|291\/323|[from] item: Life Orb
|
|-heal|p1a: Slowbroed what els|117\/394|[from] item: Leftovers
|turn|10
|
|switch|p1a: forrest gump|Latios, M|302\/302
|-damage|p1a: forrest gump|265\/302|[from] Stealth Rock
|move|p2a: Keldeo|Scald|p1a: forrest gump
|-resisted|p1a: forrest gump
|-damage|p1a: forrest gump|127\/302
|-damage|p2a: Keldeo|259\/323|[from] item: Life Orb
|
|turn|11
|
|switch|p2a: Bisharp|Bisharp, M|287\/287
|move|p1a: forrest gump|Trick|p2a: Bisharp
|-activate|p1a: forrest gump|move: Trick|[of] p2a: Bisharp
|-item|p2a: Bisharp|Choice Scarf|[from] move: Trick
|-item|p1a: forrest gump|Assault Vest|[from] move: Trick
|
|turn|12
|
|move|p1a: forrest gump|Draco Meteor|p2a: Bisharp
|-resisted|p2a: Bisharp
|-damage|p2a: Bisharp|167\/287
|-unboost|p1a: forrest gump|spa|2
|move|p2a: Bisharp|Pursuit|p1a: forrest gump
|-supereffective|p1a: forrest gump
|-damage|p1a: forrest gump|0 fnt
|faint|p1a: forrest gump
|
|
|switch|p1a: wall|Heatran, F|287\/385
|-damage|p1a: wall|239\/385|[from] Stealth Rock
|turn|13
|
|switch|p2a: Charizard|Charizard-Mega-Y, M|297\/297
|-weather|SunnyDay
|move|p1a: wall|Stealth Rock|p2a: Charizard
|-sidestart|p2: Jon Bovi|move: Stealth Rock
|
|-weather|SunnyDay|[upkeep]
|-heal|p1a: wall|263\/385|[from] item: Leftovers
|turn|14
|join|PlzSuspecttestHax
|
|switch|p2a: Pivin on a Lrayer|Donphan, M|384\/384
|-damage|p2a: Pivin on a Lrayer|360\/384|[from] Stealth Rock
|move|p1a: wall|Protect|p1a: wall
|-fail|p1a: wall
|
|-weather|SunnyDay|[upkeep]
|-heal|p1a: wall|287\/385|[from] item: Leftovers
|-heal|p2a: Pivin on a Lrayer|384\/384|[from] item: Leftovers
|turn|15
|
|switch|p1a: indestructible|Scizor, M|342\/342
|-damage|p1a: indestructible|300\/342|[from] Stealth Rock
|move|p2a: Pivin on a Lrayer|Rapid Spin|p1a: indestructible
|-resisted|p1a: indestructible
|-damage|p1a: indestructible|291\/342
|-sideend|p2: Jon Bovi|Stealth Rock|[from] move: Rapid Spin|[of] p2a: Pivin on a Lrayer
|
|-weather|SunnyDay|[upkeep]
|turn|16
|
|switch|p1a: wall|Heatran, F|287\/385
|-damage|p1a: wall|239\/385|[from] Stealth Rock
|switch|p2a: Charizard|Charizard-Mega-Y, M|297\/297
|
|-weather|SunnyDay|[upkeep]
|-heal|p1a: wall|263\/385|[from] item: Leftovers
|turn|17
|
|move|p2a: Charizard|Focus Blast|p1a: wall|[miss]
|-miss|p2a: Charizard|p1a: wall
|move|p1a: wall|Toxic|p2a: Charizard
|-status|p2a: Charizard|tox
|
|-weather|none
|-heal|p1a: wall|287\/385|[from] item: Leftovers
|-damage|p2a: Charizard|279\/297 tox|[from] psn
|turn|18
|
|switch|p2a: Pivin on a Lrayer|Donphan, M|384\/384
|move|p1a: wall|Stealth Rock|p2a: Pivin on a Lrayer
|-sidestart|p2: Jon Bovi|move: Stealth Rock
|
|-heal|p1a: wall|311\/385|[from] item: Leftovers
|turn|19
|
|switch|p1a: indestructible|Scizor, M|291\/342
|-damage|p1a: indestructible|249\/342|[from] Stealth Rock
|move|p2a: Pivin on a Lrayer|Earthquake|p1a: indestructible
|-damage|p1a: indestructible|113\/342
|
|turn|20
|
|detailschange|p1a: indestructible|Scizor-Mega, M
|message|Scizor has Mega Evolved into Mega Scizor!
|move|p1a: indestructible|Roost|p1a: indestructible
|-heal|p1a: indestructible|284\/342
|move|p2a: Pivin on a Lrayer|Rapid Spin|p1a: indestructible
|-resisted|p1a: indestructible
|-damage|p1a: indestructible|277\/342
|-sideend|p2: Jon Bovi|Stealth Rock|[from] move: Rapid Spin|[of] p2a: Pivin on a Lrayer
|
|turn|21
|leave|PlzSuspecttestHax
|
|switch|p2a: Charizard|Charizard-Mega-Y, M|279\/297 tox
|-weather|SunnyDay
|move|p1a: indestructible|Knock Off|p2a: Charizard
|-damage|p2a: Charizard|189\/297 tox
|
|-weather|SunnyDay|[upkeep]
|-damage|p2a: Charizard|171\/297 tox|[from] psn
|turn|22
|
|switch|p1a: Slowbroed what els|Slowbro, F, shiny|248\/394
|-damage|p1a: Slowbroed what els|199\/394|[from] Stealth Rock
|move|p2a: Charizard|Focus Blast|p1a: Slowbroed what els|[miss]
|-miss|p2a: Charizard|p1a: Slowbroed what els
|
|-weather|SunnyDay|[upkeep]
|-heal|p1a: Slowbroed what els|223\/394|[from] item: Leftovers
|-damage|p2a: Charizard|135\/297 tox|[from] psn
|turn|23
|
|switch|p1a: wall|Heatran, F|311\/385
|-damage|p1a: wall|263\/385|[from] Stealth Rock
|move|p2a: Charizard|Roost|p2a: Charizard
|-heal|p2a: Charizard|284\/297 tox
|
|-weather|SunnyDay|[upkeep]
|-heal|p1a: wall|287\/385|[from] item: Leftovers
|-damage|p2a: Charizard|230\/297 tox|[from] psn
|turn|24
|
|switch|p2a: Bisharp|Bisharp, M|167\/287
|move|p1a: wall|Lava Plume|p2a: Bisharp
|-supereffective|p2a: Bisharp
|-damage|p2a: Bisharp|0 fnt
|faint|p2a: Bisharp
|
|-weather|SunnyDay|[upkeep]
|-heal|p1a: wall|311\/385|[from] item: Leftovers
|
|switch|p2a: Keldeo|Keldeo|259\/323
|turn|25
|
|switch|p2a: Venusaur|Venusaur, M|319\/319
|switch|p1a: wall 2.0|Clefable, F|394\/394
|
|-weather|none
|turn|26
|join|CH1LD PLEASE
|leave|CH1LD PLEASE
|
|switch|p2a: Pivin on a Lrayer|Donphan, M|384\/384
|switch|p1a: wall|Heatran, F|311\/385
|-damage|p1a: wall|263\/385|[from] Stealth Rock
|
|-heal|p1a: wall|287\/385|[from] item: Leftovers
|turn|27
|
|move|p1a: wall|Protect|p1a: wall
|-singleturn|p1a: wall|Protect
|move|p2a: Pivin on a Lrayer|Earthquake|p1a: wall
|-activate|p1a: wall|Protect
|
|-heal|p1a: wall|311\/385|[from] item: Leftovers
|turn|28
|
|switch|p1a: indestructible|Scizor-Mega, M|277\/342
|-damage|p1a: indestructible|235\/342|[from] Stealth Rock
|switch|p2a: Charizard|Charizard-Mega-Y, M|230\/297 tox
|-weather|SunnyDay
|
|-weather|SunnyDay|[upkeep]
|-damage|p2a: Charizard|212\/297 tox|[from] psn
|turn|29
|
|switch|p1a: Slowbroed what els|Slowbro, F, shiny|354\/394
|-damage|p1a: Slowbroed what els|305\/394|[from] Stealth Rock
|move|p2a: Charizard|Fire Blast|p1a: Slowbroed what els
|-resisted|p1a: Slowbroed what els
|-damage|p1a: Slowbroed what els|113\/394
|-status|p1a: Slowbroed what els|brn
|
|-weather|SunnyDay|[upkeep]
|-heal|p1a: Slowbroed what els|137\/394 brn|[from] item: Leftovers
|-damage|p2a: Charizard|176\/297 tox|[from] psn
|-damage|p1a: Slowbroed what els|88\/394 brn|[from] brn
|turn|30
|
|switch|p2a: Pivin on a Lrayer|Donphan, M|384\/384
|move|p1a: Slowbroed what els|Psyshock|p2a: Pivin on a Lrayer
|-damage|p2a: Pivin on a Lrayer|299\/384
|
|-weather|SunnyDay|[upkeep]
|-heal|p2a: Pivin on a Lrayer|323\/384|[from] item: Leftovers
|-heal|p1a: Slowbroed what els|112\/394 brn|[from] item: Leftovers
|-damage|p1a: Slowbroed what els|63\/394 brn|[from] brn
|turn|31
|
|move|p2a: Pivin on a Lrayer|Earthquake|p1a: Slowbroed what els
|-damage|p1a: Slowbroed what els|0 fnt
|faint|p1a: Slowbroed what els
|
|-weather|SunnyDay|[upkeep]
|-heal|p2a: Pivin on a Lrayer|347\/384|[from] item: Leftovers
|
|switch|p1a: indestructible|Scizor-Mega, M|235\/342
|-damage|p1a: indestructible|193\/342|[from] Stealth Rock
|turn|32
|
|move|p1a: indestructible|Roost|p1a: indestructible
|-heal|p1a: indestructible|342\/342
|move|p2a: Pivin on a Lrayer|Earthquake|p1a: indestructible
|-damage|p1a: indestructible|228\/342
|
|-weather|none
|-heal|p2a: Pivin on a Lrayer|371\/384|[from] item: Leftovers
|turn|33
|
|switch|p2a: Charizard|Charizard-Mega-Y, M|176\/297 tox
|-weather|SunnyDay
|move|p1a: indestructible|Swords Dance|p1a: indestructible
|-boost|p1a: indestructible|atk|2
|
|-weather|SunnyDay|[upkeep]
|-damage|p2a: Charizard|158\/297 tox|[from] psn
|turn|34
|
|move|p1a: indestructible|Bullet Punch|p2a: Charizard
|-resisted|p2a: Charizard
|-damage|p2a: Charizard|27\/297 tox
|move|p2a: Charizard|Roost|p2a: Charizard
|-heal|p2a: Charizard|176\/297 tox
|
|-weather|SunnyDay|[upkeep]
|-damage|p2a: Charizard|140\/297 tox|[from] psn
|turn|35
|
|move|p1a: indestructible|Bullet Punch|p2a: Charizard
|-resisted|p2a: Charizard
|-damage|p2a: Charizard|13\/297 tox
|move|p2a: Charizard|Focus Blast|p1a: indestructible
|-damage|p1a: indestructible|52\/342
|
|-weather|SunnyDay|[upkeep]
|-damage|p2a: Charizard|0 fnt|[from] psn
|faint|p2a: Charizard
|
|switch|p2a: Venusaur|Venusaur, M|319\/319
|turn|36
|
|move|p1a: indestructible|Bullet Punch|p2a: Venusaur
|-damage|p2a: Venusaur|91\/319
|move|p2a: Venusaur|Hidden Power|p1a: indestructible
|-supereffective|p1a: indestructible
|-damage|p1a: indestructible|0 fnt
|faint|p1a: indestructible
|
|-weather|SunnyDay|[upkeep]
|-heal|p2a: Venusaur|110\/319|[from] item: Black Sludge
|
|switch|p1a: wall|Heatran, F|311\/385
|-damage|p1a: wall|263\/385|[from] Stealth Rock
|turn|37
|
|move|p2a: Venusaur|Synthesis|p2a: Venusaur
|-heal|p2a: Venusaur|319\/319
|move|p1a: wall|Lava Plume|p2a: Venusaur
|-supereffective|p2a: Venusaur
|-damage|p2a: Venusaur|0 fnt
|faint|p2a: Venusaur
|
|-weather|none
|-heal|p1a: wall|287\/385|[from] item: Leftovers
|
|switch|p2a: Pivin on a Lrayer|Donphan, M|371\/384
|turn|38
|
|switch|p1a: wall 2.0|Clefable, F|394\/394
|move|p2a: Pivin on a Lrayer|Earthquake|p1a: wall 2.0
|-damage|p1a: wall 2.0|190\/394
|
|-heal|p1a: wall 2.0|214\/394|[from] item: Leftovers
|-heal|p2a: Pivin on a Lrayer|384\/384|[from] item: Leftovers
|turn|39
|
|move|p1a: wall 2.0|Soft-Boiled|p1a: wall 2.0
|-heal|p1a: wall 2.0|394\/394
|move|p2a: Pivin on a Lrayer|Earthquake|p1a: wall 2.0
|-damage|p1a: wall 2.0|181\/394
|
|-heal|p1a: wall 2.0|205\/394|[from] item: Leftovers
|turn|40
|
|move|p1a: wall 2.0|Soft-Boiled|p1a: wall 2.0
|-heal|p1a: wall 2.0|394\/394
|move|p2a: Pivin on a Lrayer|Earthquake|p1a: wall 2.0
|-damage|p1a: wall 2.0|214\/394
|
|-heal|p1a: wall 2.0|238\/394|[from] item: Leftovers
|turn|41
|
|move|p1a: wall 2.0|Soft-Boiled|p1a: wall 2.0
|-heal|p1a: wall 2.0|394\/394
|move|p2a: Pivin on a Lrayer|Earthquake|p1a: wall 2.0
|-damage|p1a: wall 2.0|181\/394
|
|-heal|p1a: wall 2.0|205\/394|[from] item: Leftovers
|turn|42
|
|move|p1a: wall 2.0|Soft-Boiled|p1a: wall 2.0
|-heal|p1a: wall 2.0|394\/394
|move|p2a: Pivin on a Lrayer|Earthquake|p1a: wall 2.0
|-crit|p1a: wall 2.0
|-damage|p1a: wall 2.0|105\/394
|
|-heal|p1a: wall 2.0|129\/394|[from] item: Leftovers
|turn|43
|
|move|p1a: wall 2.0|Soft-Boiled|p1a: wall 2.0
|-heal|p1a: wall 2.0|326\/394
|move|p2a: Pivin on a Lrayer|Earthquake|p1a: wall 2.0
|-damage|p1a: wall 2.0|113\/394
|
|-heal|p1a: wall 2.0|137\/394|[from] item: Leftovers
|turn|44
|
|move|p1a: wall 2.0|Soft-Boiled|p1a: wall 2.0
|-heal|p1a: wall 2.0|334\/394
|move|p2a: Pivin on a Lrayer|Earthquake|p1a: wall 2.0
|-damage|p1a: wall 2.0|133\/394
|
|-heal|p1a: wall 2.0|157\/394|[from] item: Leftovers
|turn|45
|
|switch|p2a: Keldeo|Keldeo|259\/323
|move|p1a: wall 2.0|Soft-Boiled|p1a: wall 2.0
|-heal|p1a: wall 2.0|354\/394
|
|-heal|p1a: wall 2.0|378\/394|[from] item: Leftovers
|turn|46
|
|move|p2a: Keldeo|Calm Mind|p2a: Keldeo
|-boost|p2a: Keldeo|spa|1
|-boost|p2a: Keldeo|spd|1
|move|p1a: wall 2.0|Moonblast|p2a: Keldeo
|-supereffective|p2a: Keldeo
|-damage|p2a: Keldeo|97\/323
|
|-heal|p1a: wall 2.0|394\/394|[from] item: Leftovers
|turn|47
|
|move|p2a: Keldeo|Hydro Pump|p1a: wall 2.0
|-crit|p1a: wall 2.0
|-damage|p1a: wall 2.0|0 fnt
|-damage|p2a: Keldeo|65\/323|[from] item: Life Orb
|faint|p1a: wall 2.0
|
|
|switch|p1a: come at me|Terrakion|324\/324
|-damage|p1a: come at me|304\/324|[from] Stealth Rock
|turn|48
|join|Zombie Blaziken
|c|âJon Bovi|U think the crit matte red?
|c|âJon Bovi|MAttered
|join|juanjustin78
|
|switch|p2a: Clefable|Clefable, F|317\/391
|move|p1a: come at me|Close Combat|p2a: Clefable
|-resisted|p2a: Clefable
|-damage|p2a: Clefable|185\/391
|-unboost|p1a: come at me|def|1
|-unboost|p1a: come at me|spd|1
|
|-heal|p2a: Clefable|209\/391|[from] item: Leftovers
|turn|49
|
|switch|p1a: wall|Heatran, F|287\/385
|-damage|p1a: wall|239\/385|[from] Stealth Rock
|move|p2a: Clefable|Soft-Boiled|p2a: Clefable
|-heal|p2a: Clefable|391\/391
|
|-heal|p1a: wall|263\/385|[from] item: Leftovers
|turn|50
|
|move|p1a: wall|Lava Plume|p2a: Clefable
|-damage|p2a: Clefable|294\/391
|-status|p2a: Clefable|brn
|move|p2a: Clefable|Moonblast|p1a: wall
|-resisted|p1a: wall
|-damage|p1a: wall|245\/385
|
|-heal|p1a: wall|269\/385|[from] item: Leftovers
|-heal|p2a: Clefable|318\/391 brn|[from] item: Leftovers
|turn|51
|
|move|p1a: wall|Lava Plume|p2a: Clefable
|-damage|p2a: Clefable|215\/391 brn
|move|p2a: Clefable|Moonblast|p1a: wall
|-resisted|p1a: wall
|-damage|p1a: wall|251\/385
|-unboost|p1a: wall|spa|1
|
|-heal|p1a: wall|275\/385|[from] item: Leftovers
|-heal|p2a: Clefable|239\/391 brn|[from] item: Leftovers
|turn|52
|leave|juanjustin78
|
|move|p1a: wall|Stealth Rock|p2a: Clefable
|-sidestart|p2: Jon Bovi|move: Stealth Rock
|move|p2a: Clefable|Soft-Boiled|p2a: Clefable
|-heal|p2a: Clefable|391\/391 brn
|
|-heal|p1a: wall|299\/385|[from] item: Leftovers
|turn|53
|
|move|p1a: wall|Lava Plume|p2a: Clefable
|-damage|p2a: Clefable|315\/391 brn
|move|p2a: Clefable|Moonblast|p1a: wall
|-resisted|p1a: wall
|-damage|p1a: wall|281\/385
|
|-heal|p1a: wall|305\/385|[from] item: Leftovers
|-heal|p2a: Clefable|339\/391 brn|[from] item: Leftovers
|turn|54
|
|move|p1a: wall|Lava Plume|p2a: Clefable
|-damage|p2a: Clefable|275\/391 brn
|move|p2a: Clefable|Moonblast|p1a: wall
|-crit|p1a: wall
|-resisted|p1a: wall
|-damage|p1a: wall|280\/385
|
|-heal|p1a: wall|304\/385|[from] item: Leftovers
|-heal|p2a: Clefable|299\/391 brn|[from] item: Leftovers
|turn|55
|
|move|p1a: wall|Lava Plume|p2a: Clefable
|-damage|p2a: Clefable|235\/391 brn
|move|p2a: Clefable|Moonblast|p1a: wall
|-resisted|p1a: wall
|-damage|p1a: wall|286\/385
|
|-heal|p1a: wall|310\/385|[from] item: Leftovers
|-heal|p2a: Clefable|259\/391 brn|[from] item: Leftovers
|turn|56
|join|xPanda187
|
|move|p1a: wall|Lava Plume|p2a: Clefable
|-damage|p2a: Clefable|190\/391 brn
|move|p2a: Clefable|Soft-Boiled|p2a: Clefable
|-heal|p2a: Clefable|386\/391 brn
|
|-heal|p1a: wall|334\/385|[from] item: Leftovers
|-heal|p2a: Clefable|391\/391 brn|[from] item: Leftovers
|turn|57
|
|switch|p1a: come at me|Terrakion|304\/324
|-damage|p1a: come at me|284\/324|[from] Stealth Rock
|move|p2a: Clefable|Moonblast|p1a: come at me
|-supereffective|p1a: come at me
|-damage|p1a: come at me|30\/324
|
|turn|58
|
|switch|p1a: wall|Heatran, F|334\/385
|-damage|p1a: wall|286\/385|[from] Stealth Rock
|move|p2a: Clefable|Moonblast|p1a: wall
|-resisted|p1a: wall
|-damage|p1a: wall|268\/385
|
|-heal|p1a: wall|292\/385|[from] item: Leftovers
|turn|59
|join|Where's Tricking?
|
|move|p1a: wall|Toxic|p2a: Clefable
|-fail|p2a: Clefable
|move|p2a: Clefable|Moonblast|p1a: wall
|-crit|p1a: wall
|-resisted|p1a: wall
|-damage|p1a: wall|264\/385
|
|-heal|p1a: wall|288\/385|[from] item: Leftovers
|turn|60
|
|move|p1a: wall|Toxic|p2a: Clefable
|-fail|p2a: Clefable
|move|p2a: Clefable|Moonblast|p1a: wall
|-resisted|p1a: wall
|-damage|p1a: wall|269\/385
|
|-heal|p1a: wall|293\/385|[from] item: Leftovers
|turn|61
|join|1900 LOL
|
|move|p1a: wall|Toxic|p2a: Clefable
|-fail|p2a: Clefable
|move|p2a: Clefable|Moonblast|p1a: wall
|-resisted|p1a: wall
|-damage|p1a: wall|275\/385
|-unboost|p1a: wall|spa|1
|
|-heal|p1a: wall|299\/385|[from] item: Leftovers
|turn|62
|
|move|p1a: wall|Toxic|p2a: Clefable
|-fail|p2a: Clefable
|move|p2a: Clefable|Moonblast|p1a: wall
|-resisted|p1a: wall
|-damage|p1a: wall|280\/385
|
|-heal|p1a: wall|304\/385|[from] item: Leftovers
|turn|63
|
|move|p1a: wall|Protect|p1a: wall
|-singleturn|p1a: wall|Protect
|move|p2a: Clefable|Stealth Rock|p1a: wall
|-fail|p1a: wall
|
|-heal|p1a: wall|328\/385|[from] item: Leftovers
|turn|64
|c| Where's Tricking?|Jon,  u got dis
|c|âJon Bovi|I do 
|c|âu got terrakion'ed|bcos he critted
|c|âJon Bovi|might take a while
|c|âu got terrakion'ed|no it wont
|c|âJon Bovi|did it mattered?
|c|âu got terrakion'ed|obv
|c| Tricking|lol
|join|Azolo64
|c|âJon Bovi|x1.8 hydro pump
|join|dagenflagen
|leave|dagenflagen
|c|âu got terrakion'ed|it mattered
|c|âJon Bovi|u have any special defence evs on clefable?
|c|âu got terrakion'ed|but what matters more
|c|âu got terrakion'ed|is that u run lo keldeo
|c|âu got terrakion'ed|which is 
|c|âu got terrakion'ed|garbage
|-message|u got terrakion'ed forfeited.
|
|win|Jon Bovi
|raw|Ladder updating...
|leave|u got terrakion'ed
|player|p1
|raw|u got terrakion&apos;ed's rating: 1931 &rarr; <strong>1905<\/strong><br \/>(-26 for losing)
|raw|Jon Bovi's rating: 1826 &rarr; <strong>1852<\/strong><br \/>(+26 for winning)
|c| Tricking|LOL
|c|âJon Bovi|Lmfao
|c|âJon Bovi|poor baby
|c| Tricking|welp
|c| Tricking|ladder is all for him
|leave|1900 LOL
|c| Tricking|now he's gonna cry
|c|âJon Bovi|when he loses, he finds excuses
|leave|Azolo64
|c| Tricking|ik it
|c|âJon Bovi|get a life terrakioned
|c|âJon Bovi|cya later guys
|leave|xPanda187