|join|LT1A cosine180
|join|Jon Bovi
|player|p1|LT1A cosine180|33
|player|p2|Jon Bovi|240
|gametype|singles
|gen|6
|tier|OU
|rated
|clearpoke
|poke|p1|Tyranitar, F
|poke|p1|Excadrill, M
|poke|p1|Clefable, M
|poke|p1|Keldeo
|poke|p1|Latios, M
|poke|p1|Charizard, F
|poke|p2|Gardevoir, F
|poke|p2|Amoonguss, M
|poke|p2|Slowbro, M
|poke|p2|Zapdos
|poke|p2|Donphan, M
|poke|p2|Heatran, F
|rule|Swagger Clause: Swagger is banned
|rule|Baton Pass Clause: Limit one PokÃ©mon knowing Baton Pass
|rule|Sleep Clause Mod: Limit one foe put to sleep
|rule|Species Clause: Limit one of each PokÃ©mon
|rule|OHKO Clause: OHKO moves are banned
|rule|Moody Clause: Moody is banned
|rule|Evasion Moves Clause: Evasion moves are banned
|rule|Endless Battle Clause: Forcing endless battles is banned
|rule|HP Percentage Mod: HP is shown in percentages
|teampreview
|
|start
|switch|p1a: Gamma|Clefable, M|393\/393
|switch|p2a: Pivin on a Lrayer|Donphan, M|384\/384
|turn|1
|
|switch|p2a: Mad Bedecine|Heatran, F|386\/386
|move|p1a: Gamma|Stealth Rock|p2a: Mad Bedecine
|-sidestart|p2: Jon Bovi|move: Stealth Rock
|
|turn|2
|
|switch|p1a: Delta|Keldeo|323\/323
|move|p2a: Mad Bedecine|Stealth Rock|p1a: Delta
|-sidestart|p1: LT1A cosine180|move: Stealth Rock
|
|turn|3
|
|switch|p2a: Amoonguss|Amoonguss, M|432\/432
|-damage|p2a: Amoonguss|378\/432|[from] Stealth Rock
|move|p1a: Delta|Scald|p2a: Amoonguss
|-resisted|p2a: Amoonguss
|-damage|p2a: Amoonguss|288\/432
|
|-heal|p2a: Amoonguss|315\/432|[from] item: Black Sludge
|turn|4
|
|switch|p1a: Alpha|Tyranitar, F|341\/341
|-damage|p1a: Alpha|299\/341|[from] Stealth Rock
|-weather|Sandstorm
|move|p2a: Amoonguss|Stun Spore|p1a: Alpha|[miss]
|-miss|p2a: Amoonguss|p1a: Alpha
|
|-weather|Sandstorm|[upkeep]
|-damage|p2a: Amoonguss|288\/432|[from] sandstorm
|-heal|p2a: Amoonguss|315\/432|[from] item: Black Sludge
|turn|5
|
|move|p1a: Alpha|Stone Edge|p2a: Amoonguss
|-damage|p2a: Amoonguss|155\/432
|move|p2a: Amoonguss|Stun Spore|p1a: Alpha
|-status|p1a: Alpha|par
|
|-weather|Sandstorm|[upkeep]
|-damage|p2a: Amoonguss|128\/432|[from] sandstorm
|-heal|p2a: Amoonguss|155\/432|[from] item: Black Sludge
|turn|6
|
|switch|p2a: Pivin on a Lrayer|Donphan, M|384\/384
|-damage|p2a: Pivin on a Lrayer|360\/384|[from] Stealth Rock
|cant|p1a: Alpha|par
|
|-weather|Sandstorm|[upkeep]
|-heal|p2a: Pivin on a Lrayer|384\/384|[from] item: Leftovers
|turn|7
|
|switch|p1a: Gamma|Clefable, M|393\/393
|move|p2a: Pivin on a Lrayer|Rapid Spin|p1a: Gamma
|-damage|p1a: Gamma|367\/393
|-sideend|p2: Jon Bovi|Stealth Rock|[from] move: Rapid Spin|[of] p2a: Pivin on a Lrayer
|
|-weather|Sandstorm|[upkeep]
|-heal|p1a: Gamma|391\/393|[from] item: Leftovers
|turn|8
|join|LT1A G123
|
|switch|p2a: Mad Bedecine|Heatran, F|386\/386
|move|p1a: Gamma|Stealth Rock|p2a: Mad Bedecine
|-sidestart|p2: Jon Bovi|move: Stealth Rock
|
|-weather|none
|-heal|p1a: Gamma|393\/393|[from] item: Leftovers
|turn|9
|
|move|p2a: Mad Bedecine|Taunt|p1a: Gamma
|-start|p1a: Gamma|move: Taunt
|cant|p1a: Gamma|move: Taunt|Thunder Wave
|
|turn|10
|
|switch|p1a: Delta|Keldeo|323\/323
|-damage|p1a: Delta|303\/323|[from] Stealth Rock
|move|p2a: Mad Bedecine|Lava Plume|p1a: Delta
|-resisted|p1a: Delta
|-damage|p1a: Delta|238\/323
|-status|p1a: Delta|brn
|
|-heal|p1a: Delta|258\/323 brn|[from] item: Leftovers
|-damage|p1a: Delta|218\/323 brn|[from] brn
|turn|11
|c|âLT1A cosine180|gr8
|
|switch|p1a: Epsilon|Latios, M|301\/301
|-damage|p1a: Epsilon|264\/301|[from] Stealth Rock
|switch|p2a: Amoonguss|Amoonguss, M|299\/432
|-damage|p2a: Amoonguss|245\/432|[from] Stealth Rock
|
|-heal|p2a: Amoonguss|272\/432|[from] item: Black Sludge
|turn|12
|join|lil manaphy
|
|switch|p2a: Mad Bedecine|Heatran, F|386\/386
|-damage|p2a: Mad Bedecine|338\/386|[from] Stealth Rock
|move|p1a: Epsilon|Psyshock|p2a: Mad Bedecine
|-resisted|p2a: Mad Bedecine
|-damage|p2a: Mad Bedecine|242\/386
|-damage|p1a: Epsilon|234\/301|[from] item: Life Orb
|
|-heal|p2a: Mad Bedecine|266\/386|[from] item: Leftovers
|turn|13
|
|switch|p2a: Amoonguss|Amoonguss, M|416\/432
|-damage|p2a: Amoonguss|362\/432|[from] Stealth Rock
|move|p1a: Epsilon|Earthquake|p2a: Amoonguss
|-damage|p2a: Amoonguss|284\/432
|-damage|p1a: Epsilon|204\/301|[from] item: Life Orb
|
|-heal|p2a: Amoonguss|311\/432|[from] item: Black Sludge
|turn|14
|
|move|p1a: Epsilon|Psyshock|p2a: Amoonguss
|-supereffective|p2a: Amoonguss
|-damage|p2a: Amoonguss|0 fnt
|-damage|p1a: Epsilon|174\/301|[from] item: Life Orb
|faint|p2a: Amoonguss
|
|
|switch|p2a: Gardevoir|Gardevoir, F|277\/277
|-damage|p2a: Gardevoir|243\/277|[from] Stealth Rock
|-ability|p2a: Gardevoir|Levitate|[from] ability: Trace|[of] p1a: Epsilon
|turn|15
|
|switch|p1a: Alpha|Tyranitar, F|299\/341 par
|-damage|p1a: Alpha|257\/341 par|[from] Stealth Rock
|-weather|Sandstorm
|detailschange|p2a: Gardevoir|Gardevoir-Mega, F
|message|Gardevoir has Mega Evolved into Mega Gardevoir!
|move|p2a: Gardevoir|Hyper Voice|p1a: Alpha
|-supereffective|p1a: Alpha
|-damage|p1a: Alpha|0 fnt
|faint|p1a: Alpha
|
|-weather|Sandstorm|[upkeep]
|-damage|p2a: Gardevoir|226\/277|[from] sandstorm
|
|switch|p1a: Beta|Excadrill, M|361\/361
|-damage|p1a: Beta|350\/361|[from] Stealth Rock
|-item|p1a: Beta|Air Balloon
|turn|16
|
|switch|p2a: Pivin on a Lrayer|Donphan, M|384\/384
|-damage|p2a: Pivin on a Lrayer|360\/384|[from] Stealth Rock
|move|p1a: Beta|Iron Head|p2a: Pivin on a Lrayer
|-damage|p2a: Pivin on a Lrayer|224\/384
|
|-weather|Sandstorm|[upkeep]
|-heal|p2a: Pivin on a Lrayer|248\/384|[from] item: Leftovers
|turn|17
|
|move|p1a: Beta|Earthquake|p2a: Pivin on a Lrayer
|-damage|p2a: Pivin on a Lrayer|76\/384
|move|p2a: Pivin on a Lrayer|Rapid Spin|p1a: Beta
|-resisted|p1a: Beta
|-damage|p1a: Beta|331\/361
|-enditem|p1a: Beta|Air Balloon
|-sideend|p2: Jon Bovi|Stealth Rock|[from] move: Rapid Spin|[of] p2a: Pivin on a Lrayer
|
|-weather|Sandstorm|[upkeep]
|-heal|p2a: Pivin on a Lrayer|100\/384|[from] item: Leftovers
|turn|18
|
|switch|p2a: Slowbro|Slowbro, M|394\/394
|move|p1a: Beta|Rapid Spin|p2a: Slowbro
|-damage|p2a: Slowbro|373\/394
|-damage|p1a: Beta|271\/361|[from] item: Rocky Helmet|[of] p2a: Slowbro
|-sideend|p1: LT1A cosine180|Stealth Rock|[from] move: Rapid Spin|[of] p1a: Beta
|
|-weather|Sandstorm|[upkeep]
|-damage|p2a: Slowbro|349\/394|[from] sandstorm
|turn|19
|join|Omegasization
|
|switch|p1a: Gamma|Clefable, M|393\/393
|move|p2a: Slowbro|Scald|p1a: Gamma
|-damage|p1a: Gamma|306\/393
|
|-weather|none
|-heal|p1a: Gamma|330\/393|[from] item: Leftovers
|turn|20
|join|Dallaren
|leave|Dallaren
|join|Demandred
|
|switch|p2a: Gardevoir|Gardevoir-Mega, F|226\/277
|move|p1a: Gamma|Stealth Rock|p2a: Gardevoir
|-sidestart|p2: Jon Bovi|move: Stealth Rock
|
|-heal|p1a: Gamma|354\/393|[from] item: Leftovers
|turn|21
|
|move|p2a: Gardevoir|Psyshock|p1a: Gamma
|-damage|p1a: Gamma|161\/393
|move|p1a: Gamma|Thunder Wave|p2a: Gardevoir
|-status|p2a: Gardevoir|par
|
|-heal|p1a: Gamma|185\/393|[from] item: Leftovers
|turn|22
|
|move|p1a: Gamma|Soft-Boiled|p1a: Gamma
|-heal|p1a: Gamma|382\/393
|move|p2a: Gardevoir|Calm Mind|p2a: Gardevoir
|-boost|p2a: Gardevoir|spa|1
|-boost|p2a: Gardevoir|spd|1
|
|-heal|p1a: Gamma|393\/393|[from] item: Leftovers
|turn|23
|
|switch|p1a: Delta|Keldeo|218\/323 brn
|move|p2a: Gardevoir|Psyshock|p1a: Delta
|-supereffective|p1a: Delta
|-damage|p1a: Delta|0 fnt
|faint|p1a: Delta
|
|
|switch|p1a: Beta|Excadrill, M|271\/361
|turn|24
|
|switch|p2a: Slowbro|Slowbro, M|394\/394
|-damage|p2a: Slowbro|345\/394|[from] Stealth Rock
|move|p1a: Beta|Earthquake|p2a: Slowbro
|-damage|p2a: Slowbro|212\/394
|
|turn|25
|join|LT1Anothax
|
|switch|p1a: Gamma|Clefable, M|393\/393
|move|p2a: Slowbro|Slack Off|p2a: Slowbro
|-heal|p2a: Slowbro|394\/394
|
|turn|26
|
|switch|p2a: Mad Bedecine|Heatran, F|266\/386
|-damage|p2a: Mad Bedecine|218\/386|[from] Stealth Rock
|move|p1a: Gamma|Thunder Wave|p2a: Mad Bedecine
|-status|p2a: Mad Bedecine|par
|
|-heal|p2a: Mad Bedecine|242\/386 par|[from] item: Leftovers
|turn|27
|
|switch|p1a: Beta|Excadrill, M|271\/361
|move|p2a: Mad Bedecine|Stealth Rock|p1a: Beta
|-sidestart|p1: LT1A cosine180|move: Stealth Rock
|
|-heal|p2a: Mad Bedecine|266\/386 par|[from] item: Leftovers
|turn|28
|
|switch|p2a: Zapdos|Zapdos|342\/342
|-damage|p2a: Zapdos|257\/342|[from] Stealth Rock
|-ability|p2a: Zapdos|Pressure
|move|p1a: Beta|Earthquake|p2a: Zapdos
|-immune|p2a: Zapdos|[msg]
|
|-heal|p2a: Zapdos|278\/342|[from] item: Leftovers
|turn|29
|join|McMeghan
|
|switch|p1a: Epsilon|Latios, M|174\/301
|-damage|p1a: Epsilon|137\/301|[from] Stealth Rock
|move|p2a: Zapdos|Heat Wave|p1a: Epsilon
|-resisted|p1a: Epsilon
|-damage|p1a: Epsilon|95\/301
|
|-heal|p2a: Zapdos|299\/342|[from] item: Leftovers
|turn|30
|join|LT1A OverlordMatt
|join|PlzSuspecttestHax
|join|Ferb
|join|TestingLMAO
|
|move|p1a: Epsilon|Roost|p1a: Epsilon
|-heal|p1a: Epsilon|246\/301
|move|p2a: Zapdos|Roost|p2a: Zapdos
|-heal|p2a: Zapdos|342\/342
|
|turn|31
|join|jinwhite
|join|torchicmeta
|
|move|p1a: Epsilon|Psyshock|p2a: Zapdos
|-damage|p2a: Zapdos|135\/342
|-damage|p1a: Epsilon|216\/301|[from] item: Life Orb
|move|p2a: Zapdos|Roost|p2a: Zapdos
|-heal|p2a: Zapdos|306\/342
|
|-heal|p2a: Zapdos|327\/342|[from] item: Leftovers
|turn|32
|join|qc2chd
|c| Ferb|mob? :o
|c|âJon Bovi|Nope
|
|switch|p2a: Mad Bedecine|Heatran, F|266\/386 par
|-damage|p2a: Mad Bedecine|218\/386 par|[from] Stealth Rock
|move|p1a: Epsilon|Psyshock|p2a: Mad Bedecine
|-resisted|p2a: Mad Bedecine
|-damage|p2a: Mad Bedecine|132\/386 par
|-damage|p1a: Epsilon|186\/301|[from] item: Life Orb
|
|-heal|p2a: Mad Bedecine|156\/386 par|[from] item: Leftovers
|turn|33
|c| Ferb|k confirmed
|
|move|p1a: Epsilon|Earthquake|p2a: Mad Bedecine
|-supereffective|p2a: Mad Bedecine
|-damage|p2a: Mad Bedecine|0 fnt
|-damage|p1a: Epsilon|156\/301|[from] item: Life Orb
|faint|p2a: Mad Bedecine
|
|leave|qc2chd
|join|LT1B Syracuse
|
|switch|p2a: Gardevoir|Gardevoir-Mega, F|226\/277 par
|-damage|p2a: Gardevoir|192\/277 par|[from] Stealth Rock
|turn|34
|c| Omegasization|lololol
|leave|Omegasization
|join|LT1A Jorge214
|
|switch|p1a: Beta|Excadrill, M|271\/361
|-damage|p1a: Beta|260\/361|[from] Stealth Rock
|move|p2a: Gardevoir|Hyper Voice|p1a: Beta
|-resisted|p1a: Beta
|-damage|p1a: Beta|98\/361
|
|turn|35
|leave|LT1B Syracuse
|
|switch|p2a: Slowbro|Slowbro, M|394\/394
|-damage|p2a: Slowbro|345\/394|[from] Stealth Rock
|move|p1a: Beta|Rapid Spin|p2a: Slowbro
|-damage|p2a: Slowbro|326\/394
|-damage|p1a: Beta|38\/361|[from] item: Rocky Helmet|[of] p2a: Slowbro
|-sideend|p1: LT1A cosine180|Stealth Rock|[from] move: Rapid Spin|[of] p1a: Beta
|
|turn|36
|
|switch|p1a: Gamma|Clefable, M|393\/393
|switch|p2a: Gardevoir|Gardevoir-Mega, F|192\/277 par
|-damage|p2a: Gardevoir|158\/277 par|[from] Stealth Rock
|
|turn|37
|c| LT1A Jorge214|me gusta
|
|move|p1a: Gamma|Moonblast|p2a: Gardevoir
|-damage|p2a: Gardevoir|77\/277 par
|move|p2a: Gardevoir|Hyper Voice|p1a: Gamma
|-damage|p1a: Gamma|170\/393
|
|-heal|p1a: Gamma|194\/393|[from] item: Leftovers
|turn|38
|
|move|p1a: Gamma|Soft-Boiled|p1a: Gamma
|-heal|p1a: Gamma|391\/393
|move|p2a: Gardevoir|Psyshock|p1a: Gamma
|-damage|p1a: Gamma|223\/393
|
|-heal|p1a: Gamma|247\/393|[from] item: Leftovers
|turn|39
|
|move|p1a: Gamma|Moonblast|p2a: Gardevoir
|-damage|p2a: Gardevoir|5\/277 par
|move|p2a: Gardevoir|Hyper Voice|p1a: Gamma
|-damage|p1a: Gamma|36\/393
|
|-heal|p1a: Gamma|60\/393|[from] item: Leftovers
|turn|40
|
|move|p1a: Gamma|Moonblast|p2a: Gardevoir
|-damage|p2a: Gardevoir|0 fnt
|faint|p2a: Gardevoir
|
|-heal|p1a: Gamma|84\/393|[from] item: Leftovers
|
|switch|p2a: Zapdos|Zapdos|327\/342
|-damage|p2a: Zapdos|242\/342|[from] Stealth Rock
|-ability|p2a: Zapdos|Pressure
|turn|41
|
|switch|p1a: Beta|Excadrill, M|38\/361
|move|p2a: Zapdos|Thunderbolt|p1a: Beta
|-immune|p1a: Beta|[msg]
|
|-heal|p2a: Zapdos|263\/342|[from] item: Leftovers
|turn|42
|
|switch|p2a: Slowbro|Slowbro, M|394\/394
|-damage|p2a: Slowbro|345\/394|[from] Stealth Rock
|move|p1a: Beta|Rock Slide|p2a: Slowbro
|-damage|p2a: Slowbro|272\/394
|
|turn|43
|
|move|p1a: Beta|Earthquake|p2a: Slowbro
|-damage|p2a: Slowbro|128\/394
|move|p2a: Slowbro|Scald|p1a: Beta
|-supereffective|p1a: Beta
|-damage|p1a: Beta|0 fnt
|faint|p1a: Beta
|
|
|switch|p1a: Gamma|Clefable, M|84\/393
|turn|44
|
|switch|p2a: Zapdos|Zapdos|263\/342
|-damage|p2a: Zapdos|178\/342|[from] Stealth Rock
|-ability|p2a: Zapdos|Pressure
|move|p1a: Gamma|Soft-Boiled|p1a: Gamma
|-heal|p1a: Gamma|281\/393
|
|-heal|p2a: Zapdos|199\/342|[from] item: Leftovers
|-heal|p1a: Gamma|305\/393|[from] item: Leftovers
|turn|45
|join|Ho-oh
|
|switch|p1a: Epsilon|Latios, M|156\/301
|move|p2a: Zapdos|Roost|p2a: Zapdos
|-heal|p2a: Zapdos|342\/342
|
|turn|46
|
|move|p1a: Epsilon|Roost|p1a: Epsilon
|-heal|p1a: Epsilon|301\/301
|move|p2a: Zapdos|Hidden Power|p1a: Epsilon
|-supereffective|p1a: Epsilon
|-damage|p1a: Epsilon|177\/301
|
|turn|47
|
|move|p1a: Epsilon|Psyshock|p2a: Zapdos
|-damage|p2a: Zapdos|138\/342
|-damage|p1a: Epsilon|147\/301|[from] item: Life Orb
|move|p2a: Zapdos|Hidden Power|p1a: Epsilon
|-supereffective|p1a: Epsilon
|-damage|p1a: Epsilon|33\/301
|
|-heal|p2a: Zapdos|159\/342|[from] item: Leftovers
|turn|48
|
|switch|p2a: Slowbro|Slowbro, M|259\/394
|-damage|p2a: Slowbro|210\/394|[from] Stealth Rock
|move|p1a: Epsilon|Psyshock|p2a: Slowbro
|-resisted|p2a: Slowbro
|-damage|p2a: Slowbro|140\/394
|-damage|p1a: Epsilon|3\/301|[from] item: Life Orb
|
|turn|49
|
|move|p1a: Epsilon|Roost|p1a: Epsilon
|-heal|p1a: Epsilon|154\/301
|move|p2a: Slowbro|Toxic|p1a: Epsilon
|-status|p1a: Epsilon|tox
|
|-damage|p1a: Epsilon|136\/301 tox|[from] psn
|turn|50
|
|switch|p2a: Pivin on a Lrayer|Donphan, M|100\/384
|-damage|p2a: Pivin on a Lrayer|76\/384|[from] Stealth Rock
|move|p1a: Epsilon|Draco Meteor|p2a: Pivin on a Lrayer
|-damage|p2a: Pivin on a Lrayer|0 fnt
|-unboost|p1a: Epsilon|spa|2
|-damage|p1a: Epsilon|106\/301 tox|[from] item: Life Orb
|faint|p2a: Pivin on a Lrayer
|
|-damage|p1a: Epsilon|70\/301 tox|[from] psn
|leave|LT1A G123
|
|switch|p2a: Slowbro|Slowbro, M|271\/394
|-damage|p2a: Slowbro|222\/394|[from] Stealth Rock
|turn|51
|
|switch|p1a: Gamma|Clefable, M|305\/393
|switch|p2a: Zapdos|Zapdos|159\/342
|-damage|p2a: Zapdos|74\/342|[from] Stealth Rock
|-ability|p2a: Zapdos|Pressure
|
|-heal|p2a: Zapdos|95\/342|[from] item: Leftovers
|-heal|p1a: Gamma|329\/393|[from] item: Leftovers
|turn|52
|
|move|p2a: Zapdos|Roost|p2a: Zapdos
|-heal|p2a: Zapdos|266\/342
|move|p1a: Gamma|Moonblast|p2a: Zapdos
|-damage|p2a: Zapdos|166\/342
|
|-heal|p2a: Zapdos|187\/342|[from] item: Leftovers
|-heal|p1a: Gamma|353\/393|[from] item: Leftovers
|turn|53
|
|move|p2a: Zapdos|Roost|p2a: Zapdos
|-heal|p2a: Zapdos|342\/342
|move|p1a: Gamma|Moonblast|p2a: Zapdos
|-damage|p2a: Zapdos|252\/342
|
|-heal|p2a: Zapdos|273\/342|[from] item: Leftovers
|-heal|p1a: Gamma|377\/393|[from] item: Leftovers
|turn|54
|
|move|p2a: Zapdos|Thunderbolt|p1a: Gamma
|-damage|p1a: Gamma|254\/393
|move|p1a: Gamma|Moonblast|p2a: Zapdos
|-damage|p2a: Zapdos|183\/342
|
|-heal|p2a: Zapdos|204\/342|[from] item: Leftovers
|-heal|p1a: Gamma|278\/393|[from] item: Leftovers
|turn|55
|join|Mistable
|
|move|p2a: Zapdos|Thunderbolt|p1a: Gamma
|-damage|p1a: Gamma|166\/393
|-status|p1a: Gamma|par
|move|p1a: Gamma|Soft-Boiled|p1a: Gamma
|-heal|p1a: Gamma|363\/393 par
|
|-heal|p2a: Zapdos|225\/342|[from] item: Leftovers
|-heal|p1a: Gamma|387\/393 par|[from] item: Leftovers
|turn|56
|c| Ho-oh|?_?
|
|move|p2a: Zapdos|Roost|p2a: Zapdos
|-heal|p2a: Zapdos|342\/342
|move|p1a: Gamma|Moonblast|p2a: Zapdos
|-damage|p2a: Zapdos|242\/342
|
|-heal|p2a: Zapdos|263\/342|[from] item: Leftovers
|-heal|p1a: Gamma|393\/393 par|[from] item: Leftovers
|turn|57
|join|Brewmaster
|
|move|p2a: Zapdos|Thunderbolt|p1a: Gamma
|-damage|p1a: Gamma|264\/393 par
|move|p1a: Gamma|Moonblast|p2a: Zapdos
|-damage|p2a: Zapdos|175\/342
|
|-heal|p2a: Zapdos|196\/342|[from] item: Leftovers
|-heal|p1a: Gamma|288\/393 par|[from] item: Leftovers
|turn|58
|
|move|p2a: Zapdos|Thunderbolt|p1a: Gamma
|-damage|p1a: Gamma|158\/393 par
|cant|p1a: Gamma|par
|
|-heal|p2a: Zapdos|217\/342|[from] item: Leftovers
|-heal|p1a: Gamma|182\/393 par|[from] item: Leftovers
|turn|59
|
|move|p2a: Zapdos|Thunderbolt|p1a: Gamma
|-damage|p1a: Gamma|68\/393 par
|move|p1a: Gamma|Soft-Boiled|p1a: Gamma
|-heal|p1a: Gamma|265\/393 par
|
|-heal|p2a: Zapdos|238\/342|[from] item: Leftovers
|-heal|p1a: Gamma|289\/393 par|[from] item: Leftovers
|turn|60
|
|move|p2a: Zapdos|Thunderbolt|p1a: Gamma
|-damage|p1a: Gamma|159\/393 par
|cant|p1a: Gamma|par
|
|-heal|p2a: Zapdos|259\/342|[from] item: Leftovers
|-heal|p1a: Gamma|183\/393 par|[from] item: Leftovers
|turn|61
|
|move|p2a: Zapdos|Thunderbolt|p1a: Gamma
|-damage|p1a: Gamma|53\/393 par
|move|p1a: Gamma|Soft-Boiled|p1a: Gamma
|-heal|p1a: Gamma|250\/393 par
|
|-heal|p2a: Zapdos|280\/342|[from] item: Leftovers
|-heal|p1a: Gamma|274\/393 par|[from] item: Leftovers
|turn|62
|
|move|p2a: Zapdos|Thunderbolt|p1a: Gamma
|-damage|p1a: Gamma|157\/393 par
|move|p1a: Gamma|Soft-Boiled|p1a: Gamma
|-heal|p1a: Gamma|354\/393 par
|
|-heal|p2a: Zapdos|301\/342|[from] item: Leftovers
|-heal|p1a: Gamma|378\/393 par|[from] item: Leftovers
|turn|63
|
|move|p2a: Zapdos|Thunderbolt|p1a: Gamma
|-damage|p1a: Gamma|248\/393 par
|cant|p1a: Gamma|par
|
|-heal|p2a: Zapdos|322\/342|[from] item: Leftovers
|-heal|p1a: Gamma|272\/393 par|[from] item: Leftovers
|turn|64
|
|move|p2a: Zapdos|Thunderbolt|p1a: Gamma
|-damage|p1a: Gamma|145\/393 par
|move|p1a: Gamma|Soft-Boiled|p1a: Gamma
|-heal|p1a: Gamma|342\/393 par
|
|-heal|p2a: Zapdos|342\/342|[from] item: Leftovers
|-heal|p1a: Gamma|366\/393 par|[from] item: Leftovers
|turn|65
|
|move|p2a: Zapdos|Thunderbolt|p1a: Gamma
|-damage|p1a: Gamma|236\/393 par
|cant|p1a: Gamma|par
|
|-heal|p1a: Gamma|260\/393 par|[from] item: Leftovers
|turn|66
|
|move|p2a: Zapdos|Thunderbolt|p1a: Gamma
|-damage|p1a: Gamma|143\/393 par
|cant|p1a: Gamma|par
|
|-heal|p1a: Gamma|167\/393 par|[from] item: Leftovers
|turn|67
|
|move|p2a: Zapdos|Thunderbolt|p1a: Gamma
|-damage|p1a: Gamma|38\/393 par
|move|p1a: Gamma|Moonblast|p2a: Zapdos
|-damage|p2a: Zapdos|254\/342
|
|-heal|p2a: Zapdos|275\/342|[from] item: Leftovers
|-heal|p1a: Gamma|62\/393 par|[from] item: Leftovers
|turn|68
|
|move|p2a: Zapdos|Thunderbolt|p1a: Gamma
|-damage|p1a: Gamma|0 fnt
|faint|p1a: Gamma
|
|-heal|p2a: Zapdos|296\/342|[from] item: Leftovers
|
|switch|p1a: Zeta|Charizard, F|297\/297
|turn|69
|leave|irl cat
|
|detailschange|p1a: Zeta|Charizard-Mega-Y, F
|message|Charizard has Mega Evolved into Mega Charizard!
|-weather|SunnyDay
|move|p1a: Zeta|Fire Blast|p2a: Zapdos
|-damage|p2a: Zapdos|0 fnt
|faint|p2a: Zapdos
|
|-weather|SunnyDay|[upkeep]
|c| LT1A OverlordMatt|gone
|c| jinwhite|roasted
|c|âLT1A cosine180|gg
|c|âJon Bovi|Gg
|
|switch|p2a: Slowbro|Slowbro, M|353\/394
|-damage|p2a: Slowbro|304\/394|[from] Stealth Rock
|turn|70
|
|move|p1a: Zeta|Solar Beam|p2a: Slowbro|[still]
|-prepare|p1a: Zeta|Solar Beam|p2a: Slowbro
|-anim|p1a: Zeta|Solar Beam|p2a: Slowbro
|-supereffective|p2a: Slowbro
|-damage|p2a: Slowbro|0 fnt
|faint|p2a: Slowbro
|
|win|LT1A cosine180
|raw|Ladder updating...
|raw|LT1A cosine180's rating: 1887 &rarr; <strong>1904<\/strong><br \/>(+17 for winning)
|raw|Jon Bovi's rating: 1838 &rarr; <strong>1821<\/strong><br \/>(-17 for losing)
|leave|LT1A cosine180
|player|p1
|leave|PlzSuspecttestHax
|leave|LT1A OverlordMatt
|leave|Brewmaster
|leave|Mistable
|leave|jinwhite
|leave|Ferb
|leave|Jon Bovi
|player|p2
|leave|Demandred
|leave|lil manaphy