|join|nothin but a god
|join|Jon Bovi
|player|p1|nothin but a god|273
|player|p2|Jon Bovi|240
|gametype|singles
|gen|6
|tier|OU
|rated
|clearpoke
|poke|p1|Gliscor, F
|poke|p1|Chansey, F
|poke|p1|Scizor, F
|poke|p1|Ditto
|poke|p1|Rotom-Wash
|poke|p1|Gothitelle, F
|poke|p2|Donphan, M
|poke|p2|Venusaur, M
|poke|p2|Talonflame, M
|poke|p2|Vaporeon, M
|poke|p2|Heatran, F
|poke|p2|Kyurem-Black
|rule|Swagger Clause: Swagger is banned
|rule|Baton Pass Clause: Limit one PokÃ©mon knowing Baton Pass
|rule|Sleep Clause Mod: Limit one foe put to sleep
|rule|Species Clause: Limit one of each PokÃ©mon
|rule|OHKO Clause: OHKO moves are banned
|rule|Moody Clause: Moody is banned
|rule|Evasion Moves Clause: Evasion moves are banned
|rule|Endless Battle Clause: Forcing endless battles is banned
|rule|HP Percentage Mod: HP is reported as percentages
|teampreview
|join|3gtrvgd
|join|That guy is bad
|leave|That guy is bad
|join|Bloodyalfa
|
|start
|switch|p1a: Gothitelle|Gothitelle, F|301\/301
|switch|p2a: Kyurem-Black|Kyurem-Black|391\/391
|-ability|p2a: Kyurem-Black|Teravolt
|turn|1
|chat|Jon Bovi|Gl hf
|join|IamChow
|chat|nothin but a god|u2
|
|switch|p1a: Scizor|Scizor, F|343\/343
|move|p2a: Kyurem-Black|Ice Beam|p1a: Scizor
|-resisted|p1a: Scizor
|-damage|p1a: Scizor|244\/343
|
|turn|2
|join|Howling_Soul
|
|switch|p2a: Mad Bedecine|Heatran, F|386\/386
|switch|p1a: Chansey|Chansey, F|643\/643
|
|turn|3
|join|Wheezer
|
|move|p2a: Mad Bedecine|Stealth Rock|p1a: Chansey
|-sidestart|p1: nothin but a god|move: Stealth Rock
|move|p1a: Chansey|Stealth Rock|p2a: Mad Bedecine
|-sidestart|p2: Jon Bovi|move: Stealth Rock
|
|turn|4
|join|Andamarokk
|join|Sporeles
|
|move|p2a: Mad Bedecine|Lava Plume|p1a: Chansey
|-damage|p1a: Chansey|579\/643
|-status|p1a: Chansey|brn
|move|p1a: Chansey|Seismic Toss|p2a: Mad Bedecine
|-damage|p2a: Mad Bedecine|286\/386
|
|-heal|p2a: Mad Bedecine|310\/386|[from] item: Leftovers
|-damage|p1a: Chansey|499\/643 brn|[from] brn
|turn|5
|
|switch|p2a: Pivin on a Lrayer|Donphan, M|384\/384
|-damage|p2a: Pivin on a Lrayer|360\/384|[from] Stealth Rock
|switch|p1a: Rotom-Wash|Rotom-Wash|303\/303
|-damage|p1a: Rotom-Wash|266\/303|[from] Stealth Rock
|
|-heal|p1a: Rotom-Wash|284\/303|[from] item: Leftovers
|-heal|p2a: Pivin on a Lrayer|384\/384|[from] item: Leftovers
|turn|6
|join|jake5alt2
|
|switch|p2a: Kyurem-Black|Kyurem-Black|391\/391
|-damage|p2a: Kyurem-Black|294\/391|[from] Stealth Rock
|-ability|p2a: Kyurem-Black|Teravolt
|move|p1a: Rotom-Wash|Will-O-Wisp|p2a: Kyurem-Black|[miss]
|-miss|p1a: Rotom-Wash|p2a: Kyurem-Black
|
|-heal|p2a: Kyurem-Black|318\/391|[from] item: Leftovers
|-heal|p1a: Rotom-Wash|302\/303|[from] item: Leftovers
|turn|7
|join|SubjectHalalX
|join|Ferb
|chat|nothin but a god|.
|join|YAS BITCH
|
|switch|p1a: Scizor|Scizor, F|244\/343
|-damage|p1a: Scizor|202\/343|[from] Stealth Rock
|move|p2a: Kyurem-Black|Substitute|p2a: Kyurem-Black
|-start|p2a: Kyurem-Black|Substitute
|-damage|p2a: Kyurem-Black|221\/391
|
|-heal|p2a: Kyurem-Black|245\/391|[from] item: Leftovers
|turn|8
|chat|Wheezer|woooaa, living on a prayer
|chat|jake5alt2|nbag have u been using this team to ladder?
|chat|Jon Bovi|Holly smokes
|chat|Ferb|mob?
|chat|jake5alt2|i mean get to #1?
|chat|nothin but a god|n
|
|detailschange|p1a: Scizor|Scizor-Mega, F
|message|Scizor has Mega Evolved into Mega Scizor!
|move|p2a: Kyurem-Black|Earth Power|p1a: Scizor
|-damage|p1a: Scizor|90\/343
|move|p1a: Scizor|Roost|p1a: Scizor
|-heal|p1a: Scizor|262\/343
|
|-heal|p2a: Kyurem-Black|269\/391|[from] item: Leftovers
|turn|9
|join|i came from leddit
|chat|Ferb|dat u?
|chat|nothin but a god|i used differnet team
|chat|jake5alt2|hmm interesting since i saw this same exact team
|
|switch|p2a: Mad Bedecine|Heatran, F|310\/386
|-damage|p2a: Mad Bedecine|262\/386|[from] Stealth Rock
|move|p1a: Scizor|Knock Off|p2a: Mad Bedecine
|-damage|p2a: Mad Bedecine|155\/386
|-enditem|p2a: Mad Bedecine|Leftovers|[from] move: Knock Off|[of] p1a: Scizor
|
|turn|10
|
|switch|p1a: Chansey|Chansey, F|499\/643
|-damage|p1a: Chansey|419\/643|[from] Stealth Rock
|move|p2a: Mad Bedecine|Toxic|p1a: Chansey
|-status|p1a: Chansey|tox
|
|-damage|p1a: Chansey|379\/643 tox|[from] psn
|turn|11
|chat|nothin but a god|i actually dont like this team tbh]
|chat|nothin but a god|js
|chat|Andamarokk|why are you using it then
|
|move|p2a: Mad Bedecine|Taunt|p1a: Chansey
|-start|p1a: Chansey|move: Taunt
|cant|p1a: Chansey|move: Taunt|Soft-Boiled
|
|-damage|p1a: Chansey|299\/643 tox|[from] psn
|turn|12
|chat|Ferb|no deffoger.
|
|switch|p2a: Pivin on a Lrayer|Donphan, M|384\/384
|-damage|p2a: Pivin on a Lrayer|360\/384|[from] Stealth Rock
|switch|p1a: Rotom-Wash|Rotom-Wash|302\/303
|-damage|p1a: Rotom-Wash|265\/303|[from] Stealth Rock
|
|-heal|p1a: Rotom-Wash|283\/303|[from] item: Leftovers
|-heal|p2a: Pivin on a Lrayer|384\/384|[from] item: Leftovers
|turn|13
|chat|Wheezer|tahts what ditto is for
|chat|nothin but a god|i only use it because it counters most of the ladder
|chat|Wheezer|or part of what it is for
|
|switch|p2a: It's Ly Mife|Vaporeon, M|464\/464
|-damage|p2a: It's Ly Mife|406\/464|[from] Stealth Rock
|move|p1a: Rotom-Wash|Will-O-Wisp|p2a: It's Ly Mife
|-status|p2a: It's Ly Mife|brn
|
|-heal|p1a: Rotom-Wash|301\/303|[from] item: Leftovers
|-heal|p2a: It's Ly Mife|435\/464 brn|[from] item: Leftovers
|-damage|p2a: It's Ly Mife|377\/464 brn|[from] brn
|turn|14
|chat|Wheezer|because the whole ladder is basically stall or sand offense
|
|move|p1a: Rotom-Wash|Volt Switch|p2a: It's Ly Mife
|-supereffective|p2a: It's Ly Mife
|-damage|p2a: It's Ly Mife|203\/464 brn
|
|switch|p1a: Chansey|Chansey, F|299\/643
|-damage|p1a: Chansey|219\/643|[from] Stealth Rock
|move|p2a: It's Ly Mife|Heal Bell|p2a: It's Ly Mife
|-cureteam|p2a: It's Ly Mife|[from] move: HealBell
|
|-heal|p2a: It's Ly Mife|232\/464|[from] item: Leftovers
|turn|15
|
|move|p2a: It's Ly Mife|Wish|p2a: It's Ly Mife
|move|p1a: Chansey|Soft-Boiled|p1a: Chansey
|-heal|p1a: Chansey|541\/643
|
|-heal|p2a: It's Ly Mife|261\/464|[from] item: Leftovers
|turn|16
|chat|Bloodyalfa|interessant.........
|
|switch|p1a: Rotom-Wash|Rotom-Wash|301\/303
|-damage|p1a: Rotom-Wash|264\/303|[from] Stealth Rock
|move|p2a: It's Ly Mife|Scald|p1a: Rotom-Wash
|-resisted|p1a: Rotom-Wash
|-damage|p1a: Rotom-Wash|219\/303
|-status|p1a: Rotom-Wash|brn
|
|-heal|p2a: It's Ly Mife|464\/464|[from] move: Wish|[wisher] It's Ly Mife
|-heal|p1a: Rotom-Wash|237\/303 brn|[from] item: Leftovers
|-damage|p1a: Rotom-Wash|200\/303 brn|[from] brn
|turn|17
|chat|nothin but a god|this match is going to be disgusting
|chat|nothin but a god|k
|chat|Andamarokk|balance vs stall is .__.
|
|move|p1a: Rotom-Wash|Will-O-Wisp|p2a: It's Ly Mife|[miss]
|-miss|p1a: Rotom-Wash|p2a: It's Ly Mife
|move|p2a: It's Ly Mife|Wish|p2a: It's Ly Mife
|
|-heal|p1a: Rotom-Wash|218\/303 brn|[from] item: Leftovers
|-damage|p1a: Rotom-Wash|181\/303 brn|[from] brn
|turn|18
|chat|Jon Bovi|Loooong fight
|chat|jake5alt2|stall vs stall is the worst
|chat|Andamarokk|stall vs stall is just pp stall
|
|switch|p2a: Kyurem-Black|Kyurem-Black|269\/391
|-damage|p2a: Kyurem-Black|172\/391|[from] Stealth Rock
|-ability|p2a: Kyurem-Black|Teravolt
|move|p1a: Rotom-Wash|Will-O-Wisp|p2a: Kyurem-Black
|-status|p2a: Kyurem-Black|brn
|
|-heal|p2a: Kyurem-Black|391\/391 brn|[from] move: Wish|[wisher] It's Ly Mife
|-heal|p1a: Rotom-Wash|199\/303 brn|[from] item: Leftovers
|-damage|p2a: Kyurem-Black|343\/391 brn|[from] brn
|-damage|p1a: Rotom-Wash|162\/303 brn|[from] brn
|turn|19
|chat|nothin but a god|probably should stop getting lucky
|
|switch|p2a: Pivin on a Lrayer|Donphan, M|384\/384
|-damage|p2a: Pivin on a Lrayer|360\/384|[from] Stealth Rock
|switch|p1a: Scizor|Scizor-Mega, F|262\/343
|-damage|p1a: Scizor|220\/343|[from] Stealth Rock
|
|-heal|p2a: Pivin on a Lrayer|384\/384|[from] item: Leftovers
|turn|20
|
|move|p1a: Scizor|Knock Off|p2a: Pivin on a Lrayer
|-damage|p2a: Pivin on a Lrayer|289\/384
|-enditem|p2a: Pivin on a Lrayer|Leftovers|[from] move: Knock Off|[of] p1a: Scizor
|move|p2a: Pivin on a Lrayer|Rapid Spin|p1a: Scizor
|-resisted|p1a: Scizor
|-damage|p1a: Scizor|212\/343
|-sideend|p2: Jon Bovi|Stealth Rock|[from] move: Rapid Spin|[of] p2a: Pivin on a Lrayer
|
|turn|21
|
|switch|p2a: Red of Boses|Venusaur, M|363\/363
|move|p1a: Scizor|Roost|p1a: Scizor
|-heal|p1a: Scizor|343\/343
|
|turn|22
|chat|Wheezer|do u utube at all?
|chat|nothin but a god|n
|
|switch|p1a: Gothitelle|Gothitelle, F|301\/301
|-damage|p1a: Gothitelle|264\/301|[from] Stealth Rock
|detailschange|p2a: Red of Boses|Venusaur-Mega, M
|message|Venusaur has Mega Evolved into Mega Venusaur!
|move|p2a: Red of Boses|Sleep Powder|p1a: Gothitelle
|-status|p1a: Gothitelle|slp
|
|turn|23
|
|cant|p1a: Gothitelle|slp
|move|p2a: Red of Boses|Sludge Bomb|p1a: Gothitelle
|-crit|p1a: Gothitelle
|-damage|p1a: Gothitelle|74\/301 slp
|
|turn|24
|chat|nothin but a god|can you stop haxing me
|chat|nothin but a god|ofc another hax win
|chat|Jon Bovi|Can't control that shit bro
|chat|nothin but a god|whats new
|
|cant|p1a: Gothitelle|slp
|move|p2a: Red of Boses|Sludge Bomb|p1a: Gothitelle
|-damage|p1a: Gothitelle|0 fnt
|faint|p1a: Gothitelle
|
|chat|nothin but a god|k
|
|switch|p1a: Chansey|Chansey, F|541\/643
|-damage|p1a: Chansey|461\/643|[from] Stealth Rock
|turn|25
|
|move|p2a: Red of Boses|Sleep Powder|p1a: Chansey|[miss]
|-miss|p2a: Red of Boses|p1a: Chansey
|move|p1a: Chansey|Stealth Rock|p2a: Red of Boses
|-sidestart|p2: Jon Bovi|move: Stealth Rock
|
|turn|26
|
|switch|p2a: Pivin on a Lrayer|Donphan, M|289\/384
|-damage|p2a: Pivin on a Lrayer|265\/384|[from] Stealth Rock
|move|p1a: Chansey|Thunder Wave|p2a: Pivin on a Lrayer
|-immune|p2a: Pivin on a Lrayer|[msg]
|
|turn|27
|
|move|p2a: Pivin on a Lrayer|Rapid Spin|p1a: Chansey
|-damage|p1a: Chansey|425\/643
|-sideend|p2: Jon Bovi|Stealth Rock|[from] move: Rapid Spin|[of] p2a: Pivin on a Lrayer
|move|p1a: Chansey|Seismic Toss|p2a: Pivin on a Lrayer
|-damage|p2a: Pivin on a Lrayer|165\/384
|
|turn|28
|
|switch|p2a: Glaze of Blory|Talonflame, M|359\/359
|move|p1a: Chansey|Soft-Boiled|p1a: Chansey
|-heal|p1a: Chansey|643\/643
|
|turn|29
|
|move|p2a: Glaze of Blory|Taunt|p1a: Chansey
|-start|p1a: Chansey|move: Taunt
|cant|p1a: Chansey|move: Taunt|Stealth Rock
|
|turn|30
|chat|nothin but a god|nice counter team
|
|switch|p1a: Rotom-Wash|Rotom-Wash|162\/303 brn
|-damage|p1a: Rotom-Wash|125\/303 brn|[from] Stealth Rock
|move|p2a: Glaze of Blory|Brave Bird|p1a: Rotom-Wash
|-resisted|p1a: Rotom-Wash
|-damage|p1a: Rotom-Wash|83\/303 brn
|-damage|p2a: Glaze of Blory|345\/359|[from] recoil|[of] p1a: Rotom-Wash
|
|-heal|p2a: Glaze of Blory|359\/359|[from] item: Leftovers
|-heal|p1a: Rotom-Wash|101\/303 brn|[from] item: Leftovers
|-damage|p1a: Rotom-Wash|64\/303 brn|[from] brn
|turn|31
|
|move|p2a: Glaze of Blory|Taunt|p1a: Rotom-Wash
|-start|p1a: Rotom-Wash|move: Taunt
|cant|p1a: Rotom-Wash|move: Taunt|Pain Split
|
|-heal|p1a: Rotom-Wash|82\/303 brn|[from] item: Leftovers
|-damage|p1a: Rotom-Wash|45\/303 brn|[from] brn
|turn|32
|
|move|p2a: Glaze of Blory|Bulk Up|p2a: Glaze of Blory
|-boost|p2a: Glaze of Blory|atk|1
|-boost|p2a: Glaze of Blory|def|1
|move|p1a: Rotom-Wash|Volt Switch|p2a: Glaze of Blory
|-supereffective|p2a: Glaze of Blory
|-damage|p2a: Glaze of Blory|215\/359
|chat|Bloodyalfa|annoyer talonflame........
|
|switch|p1a: Ditto|Ditto|299\/299
|-damage|p1a: Ditto|262\/299|[from] Stealth Rock
|-transform|p1a: Ditto|p2a: Glaze of Blory
|
|-heal|p2a: Glaze of Blory|237\/359|[from] item: Leftovers
|turn|33
|chat|Wheezer|noice
|chat|jake5alt2|its standard most talonflame's are bulky carry that set
|leave|Sporeles
|
|switch|p2a: It's Ly Mife|Vaporeon, M|464\/464
|move|p1a: Ditto|Brave Bird|p2a: It's Ly Mife
|-damage|p2a: It's Ly Mife|295\/464
|-damage|p1a: Ditto|206\/299|[from] recoil|[of] p2a: It's Ly Mife
|
|-heal|p2a: It's Ly Mife|324\/464|[from] item: Leftovers
|turn|34
|chat|Andamarokk|heatran still hard counters "ditto"
|chat|jake5alt2|lel you can't counter ditto
|
|switch|p1a: Chansey|Chansey, F|643\/643
|-damage|p1a: Chansey|563\/643|[from] Stealth Rock
|move|p2a: It's Ly Mife|Wish|p2a: It's Ly Mife
|
|-heal|p2a: It's Ly Mife|353\/464|[from] item: Leftovers
|turn|35
|chat|Ferb|not at 41 %
|chat|Andamarokk|the transform its in right now
|chat|Wheezer|ban ditto, it has no counters
|
|switch|p2a: Pivin on a Lrayer|Donphan, M|165\/384
|move|p1a: Chansey|Stealth Rock|p2a: Pivin on a Lrayer
|-sidestart|p2: Jon Bovi|move: Stealth Rock
|
|-heal|p2a: Pivin on a Lrayer|384\/384|[from] move: Wish|[wisher] It's Ly Mife
|turn|36
|chat|jake5alt2|lol its obvious that jon set up knowing he'd have a counter
|
|move|p2a: Pivin on a Lrayer|Rapid Spin|p1a: Chansey
|-damage|p1a: Chansey|527\/643
|-sideend|p2: Jon Bovi|Stealth Rock|[from] move: Rapid Spin|[of] p2a: Pivin on a Lrayer
|move|p1a: Chansey|Seismic Toss|p2a: Pivin on a Lrayer
|-damage|p2a: Pivin on a Lrayer|284\/384
|
|turn|37
|chat|jake5alt2|and probably to rack up rocks damage
|chat|nothin but a god|it doesnt matter
|chat|nothin but a god|he already haxed the shit out of me
|
|switch|p2a: Glaze of Blory|Talonflame, M|237\/359
|move|p1a: Chansey|Stealth Rock|p2a: Glaze of Blory
|-sidestart|p2: Jon Bovi|move: Stealth Rock
|
|-heal|p2a: Glaze of Blory|259\/359|[from] item: Leftovers
|turn|38
|chat|nothin but a god|i cant win
|
|switch|p1a: Ditto|Ditto|206\/299
|-damage|p1a: Ditto|169\/299|[from] Stealth Rock
|-transform|p1a: Ditto|p2a: Glaze of Blory
|move|p2a: Glaze of Blory|Taunt|p1a: Ditto
|-start|p1a: Ditto|move: Taunt
|
|-heal|p2a: Glaze of Blory|281\/359|[from] item: Leftovers
|turn|39
|chat|SubjectHalalX|gg
|chat|SubjectHalalX|god is not top!
|chat|Andamarokk|u need to pp stall off his healbell
|leave|Wheezer
|
|switch|p2a: It's Ly Mife|Vaporeon, M|353\/464
|-damage|p2a: It's Ly Mife|295\/464|[from] Stealth Rock
|move|p1a: Ditto|Brave Bird|p2a: It's Ly Mife
|-damage|p2a: It's Ly Mife|177\/464
|-damage|p1a: Ditto|130\/299|[from] recoil|[of] p2a: It's Ly Mife
|
|-heal|p2a: It's Ly Mife|206\/464|[from] item: Leftovers
|turn|40
|leave|i came from leddit
|chat|jake5alt2|and nbag i doubt he's counter teaming since i think i battled him before and he used this exact same team
|
|switch|p1a: Chansey|Chansey, F|527\/643
|-damage|p1a: Chansey|447\/643|[from] Stealth Rock
|move|p2a: It's Ly Mife|Wish|p2a: It's Ly Mife
|
|-heal|p2a: It's Ly Mife|235\/464|[from] item: Leftovers
|turn|41
|chat|Bloodyalfa|great team^^
|
|switch|p2a: Pivin on a Lrayer|Donphan, M|284\/384
|-damage|p2a: Pivin on a Lrayer|260\/384|[from] Stealth Rock
|move|p1a: Chansey|Seismic Toss|p2a: Pivin on a Lrayer
|-damage|p2a: Pivin on a Lrayer|160\/384
|
|-heal|p2a: Pivin on a Lrayer|384\/384|[from] move: Wish|[wisher] It's Ly Mife
|turn|42
|chat|Jon Bovi|Ty
|
|move|p2a: Pivin on a Lrayer|Rapid Spin|p1a: Chansey
|-damage|p1a: Chansey|412\/643
|-sideend|p2: Jon Bovi|Stealth Rock|[from] move: Rapid Spin|[of] p2a: Pivin on a Lrayer
|move|p1a: Chansey|Seismic Toss|p2a: Pivin on a Lrayer
|-damage|p2a: Pivin on a Lrayer|284\/384
|
|turn|43
|leave|Ferb
|
|move|p2a: Pivin on a Lrayer|Earthquake|p1a: Chansey
|-damage|p1a: Chansey|159\/643
|move|p1a: Chansey|Stealth Rock|p2a: Pivin on a Lrayer
|-sidestart|p2: Jon Bovi|move: Stealth Rock
|
|turn|44
|chat|Bloodyalfa|nothing but a god
|
|switch|p1a: Gliscor|Gliscor, F|353\/353
|-damage|p1a: Gliscor|309\/353|[from] Stealth Rock
|move|p2a: Pivin on a Lrayer|Rapid Spin|p1a: Gliscor
|-damage|p1a: Gliscor|290\/353
|-sideend|p2: Jon Bovi|Stealth Rock|[from] move: Rapid Spin|[of] p2a: Pivin on a Lrayer
|
|-status|p1a: Gliscor|tox|[from] item: Toxic Orb
|turn|45
|leave|SubjectHalalX
|chat|Bloodyalfa|chansex can learn wish if you want ;)
|chat|nothin but a god|i cant deal with these lucky and bad players
|
|switch|p2a: Kyurem-Black|Kyurem-Black|343\/391 brn
|-ability|p2a: Kyurem-Black|Teravolt
|move|p1a: Gliscor|Toxic|p2a: Kyurem-Black
|-fail|p2a: Kyurem-Black
|
|-heal|p2a: Kyurem-Black|367\/391 brn|[from] item: Leftovers
|-heal|p1a: Gliscor|334\/353 tox|[from] ability: Poison Heal
|-damage|p2a: Kyurem-Black|319\/391 brn|[from] brn
|turn|46
|chat|Bloodyalfa|chansey*
|chat|Jon Bovi|Dude come on
|chat|Jon Bovi|im good
|chat|Jon Bovi|ur just sad because u lost a game
|chat|Andamarokk|decent atleast :d
|
|switch|p1a: Scizor|Scizor-Mega, F|343\/343
|-damage|p1a: Scizor|301\/343|[from] Stealth Rock
|switch|p2a: Glaze of Blory|Talonflame, M|281\/359
|
|-heal|p2a: Glaze of Blory|303\/359|[from] item: Leftovers
|turn|47
|
|move|p2a: Glaze of Blory|Taunt|p1a: Scizor
|-start|p1a: Scizor|move: Taunt
|move|p1a: Scizor|Knock Off|p2a: Glaze of Blory
|-damage|p2a: Glaze of Blory|136\/359
|-enditem|p2a: Glaze of Blory|Leftovers|[from] move: Knock Off|[of] p1a: Scizor
|
|turn|48
|
|switch|p1a: Ditto|Ditto|130\/299
|-damage|p1a: Ditto|93\/299|[from] Stealth Rock
|-transform|p1a: Ditto|p2a: Glaze of Blory
|move|p2a: Glaze of Blory|Roost|p2a: Glaze of Blory
|-heal|p2a: Glaze of Blory|316\/359
|
|turn|49
|
|switch|p1a: Chansey|Chansey, F|159\/643
|-damage|p1a: Chansey|79\/643|[from] Stealth Rock
|move|p2a: Glaze of Blory|Roost|p2a: Glaze of Blory
|-heal|p2a: Glaze of Blory|359\/359
|
|turn|50
|
|move|p2a: Glaze of Blory|Taunt|p1a: Chansey
|-start|p1a: Chansey|move: Taunt
|cant|p1a: Chansey|move: Taunt|Stealth Rock
|
|turn|51
|
|move|p2a: Glaze of Blory|Bulk Up|p2a: Glaze of Blory
|-boost|p2a: Glaze of Blory|atk|1
|-boost|p2a: Glaze of Blory|def|1
|move|p1a: Chansey|Seismic Toss|p2a: Glaze of Blory
|-damage|p2a: Glaze of Blory|259\/359
|
|turn|52
|chat|jake5alt2|bulky talonflame sorta shuts down this team
|
|move|p2a: Glaze of Blory|Bulk Up|p2a: Glaze of Blory
|-boost|p2a: Glaze of Blory|atk|1
|-boost|p2a: Glaze of Blory|def|1
|move|p1a: Chansey|Seismic Toss|p2a: Glaze of Blory
|-damage|p2a: Glaze of Blory|159\/359
|
|-end|p1a: Chansey|move: Taunt
|turn|53
|chat|Bloodyalfa|yep
|
|move|p2a: Glaze of Blory|Taunt|p1a: Chansey
|-start|p1a: Chansey|move: Taunt
|move|p1a: Chansey|Seismic Toss|p2a: Glaze of Blory
|-damage|p2a: Glaze of Blory|59\/359
|
|turn|54
|chat|Jon Bovi|The funny part is
|chat|Jon Bovi|i just changed his moveset lol
|
|switch|p1a: Ditto|Ditto|93\/299
|-damage|p1a: Ditto|56\/299|[from] Stealth Rock
|-transform|p1a: Ditto|p2a: Glaze of Blory
|move|p2a: Glaze of Blory|Roost|p2a: Glaze of Blory
|-heal|p2a: Glaze of Blory|239\/359
|
|turn|55
|chat|jake5alt2|hmm i think you carried willow tbh
|chat|Jon Bovi|I was band
|chat|jake5alt2|interesting
|chat|Bloodyalfa|bulk up, roost, taun and ?
|chat|Jon Bovi|i changed completely lol
|chat|Jon Bovi|brave bird
|chat|jake5alt2|bulky talonflame is pretty good
|join|i came from leddit
|chat|jake5alt2|except if you've got rid of its counters
|chat|nothin but a god|where is my crit
|chat|Bloodyalfa|mmm with leftovers right?
|
|switch|p2a: Red of Boses|Venusaur-Mega, M|363\/363
|move|p1a: Ditto|Brave Bird|p2a: Red of Boses
|-supereffective|p2a: Red of Boses
|-damage|p2a: Red of Boses|31\/363
|-damage|p1a: Ditto|0 fnt|[from] recoil|[of] p2a: Red of Boses
|faint|p1a: Ditto
|
|chat|Jon Bovi|Yep
|chat|jake5alt2|ditto reallly can't do anythnig against bulk up variants
|chat|jake5alt2|lel the live
|chat|nothin but a god|what
|
|switch|p1a: Scizor|Scizor-Mega, F|301\/343
|-damage|p1a: Scizor|259\/343|[from] Stealth Rock
|turn|56
|chat|Bloodyalfa|oki
|chat|Jon Bovi|No more ditto
|
|move|p1a: Scizor|Bullet Punch|p2a: Red of Boses
|-damage|p2a: Red of Boses|0 fnt
|faint|p2a: Red of Boses
|
|
|switch|p2a: Mad Bedecine|Heatran, F|155\/386
|turn|57
|chat|jake5alt2|lel could'vegot a 6-0 tbh
|chat|Jon Bovi|Oh well haha
|
|switch|p1a: Chansey|Chansey, F|79\/643
|-damage|p1a: Chansey|0 fnt|[from] Stealth Rock
|faint|p1a: Chansey
|move|p2a: Mad Bedecine|Lava Plume|p1: Chansey|[notarget]
|-notarget
|
|
|switch|p1a: Gliscor|Gliscor, F|334\/353 tox
|-damage|p1a: Gliscor|290\/353 tox|[from] Stealth Rock
|turn|58
|chat|jake5alt2|but then again you need talonflame its your win condition
|
|switch|p2a: Kyurem-Black|Kyurem-Black|319\/391 brn
|-ability|p2a: Kyurem-Black|Teravolt
|move|p1a: Gliscor|Toxic|p2a: Kyurem-Black
|-fail|p2a: Kyurem-Black
|
|-heal|p2a: Kyurem-Black|343\/391 brn|[from] item: Leftovers
|-heal|p1a: Gliscor|334\/353 tox|[from] ability: Poison Heal
|-damage|p2a: Kyurem-Black|295\/391 brn|[from] brn
|turn|59
|chat|jake5alt2|no point riksing crits
|chat|Jon Bovi|Exaclty
|chat|nothin but a god|how fast is that tran
|chat|jake5alt2|i wouldn't risk a win for a 6-0
|
|switch|p1a: Rotom-Wash|Rotom-Wash|45\/303 brn
|-damage|p1a: Rotom-Wash|8\/303 brn|[from] Stealth Rock
|move|p2a: Kyurem-Black|Ice Beam|p1a: Rotom-Wash
|-resisted|p1a: Rotom-Wash
|-damage|p1a: Rotom-Wash|0 fnt
|faint|p1a: Rotom-Wash
|
|-heal|p2a: Kyurem-Black|319\/391 brn|[from] item: Leftovers
|-damage|p2a: Kyurem-Black|271\/391 brn|[from] brn
|
|switch|p1a: Scizor|Scizor-Mega, F|259\/343
|-damage|p1a: Scizor|217\/343|[from] Stealth Rock
|turn|60
|join|kittykat605
|
|switch|p2a: Mad Bedecine|Heatran, F|155\/386
|move|p1a: Scizor|Swords Dance|p1a: Scizor
|-boost|p1a: Scizor|atk|2
|
|turn|61
|chat|nothin but a god|how fast is this
|chat|Bloodyalfa|i prefer the physical kyurem , but this 1 its also amazing
|
|switch|p1a: Gliscor|Gliscor, F|334\/353 tox
|-damage|p1a: Gliscor|290\/353 tox|[from] Stealth Rock
|move|p2a: Mad Bedecine|Lava Plume|p1a: Gliscor
|-damage|p1a: Gliscor|142\/353 tox
|
|-heal|p1a: Gliscor|186\/353 tox|[from] ability: Poison Heal
|turn|62
|chat|jake5alt2|mixed is the best
|chat|kittykat605|GO HEATRAN :D
|
|switch|p2a: Kyurem-Black|Kyurem-Black|271\/391 brn
|-ability|p2a: Kyurem-Black|Teravolt
|move|p1a: Gliscor|Substitute|p1a: Gliscor
|-start|p1a: Gliscor|Substitute
|-damage|p1a: Gliscor|98\/353 tox
|
|-heal|p2a: Kyurem-Black|295\/391 brn|[from] item: Leftovers
|-heal|p1a: Gliscor|142\/353 tox|[from] ability: Poison Heal
|-damage|p2a: Kyurem-Black|247\/391 brn|[from] brn
|turn|63
|chat|jake5alt2|if you wanna run physical you mostly run band or scarfed and scarfed is the more common
|chat|Bloodyalfa|yeah i see
|leave|kittykat605
|chat|jake5alt2|band only if you wanna 2hko slowbro or something lol
|
|move|p1a: Gliscor|Protect|p1a: Gliscor
|-singleturn|p1a: Gliscor|Protect
|move|p2a: Kyurem-Black|Ice Beam|p1a: Gliscor
|-activate|p1a: Gliscor|Protect
|
|-heal|p2a: Kyurem-Black|271\/391 brn|[from] item: Leftovers
|-heal|p1a: Gliscor|186\/353 tox|[from] ability: Poison Heal
|-damage|p2a: Kyurem-Black|223\/391 brn|[from] brn
|turn|64
|chat|jake5alt2|hmm this set is eq toxic sub and protect
|
|move|p1a: Gliscor|Substitute|p1a: Gliscor
|-fail|p1a: Gliscor|move: Substitute
|move|p2a: Kyurem-Black|Ice Beam|p1a: Gliscor
|-crit|p1a: Gliscor
|-supereffective|p1a: Gliscor
|-end|p1a: Gliscor|Substitute
|
|-heal|p2a: Kyurem-Black|247\/391 brn|[from] item: Leftovers
|-heal|p1a: Gliscor|230\/353 tox|[from] ability: Poison Heal
|-damage|p2a: Kyurem-Black|199\/391 brn|[from] brn
|turn|65
|chat|Bloodyalfa|then the special kyurem 
|chat|nothin but a god|idk how fast that tran is
|chat|Jon Bovi|Classic
|chat|jake5alt2|lolwut gliscor is faster
|chat|nothin but a god|why am i faster
|chat|YAS BITCH|wow 
|chat|YAS BITCH|lol
|chat|Bloodyalfa|with life orb.........
|chat|Jon Bovi|I'm 279 speed
|leave|YAS BITCH
|chat|Jon Bovi|276
|
|switch|p2a: Glaze of Blory|Talonflame, M|239\/359
|move|p1a: Gliscor|Toxic|p2a: Glaze of Blory
|-status|p2a: Glaze of Blory|tox
|
|-damage|p2a: Glaze of Blory|217\/359 tox|[from] psn
|-heal|p1a: Gliscor|274\/353 tox|[from] ability: Poison Heal
|turn|66
|chat|jake5alt2|lel maybe gliscorr is max
|chat|jake5alt2|ooh predicted
|chat|jake5alt2|but whateva incoming taunt
|
|switch|p2a: It's Ly Mife|Vaporeon, M|235\/464
|move|p1a: Gliscor|Protect|p1a: Gliscor
|-fail|p1a: Gliscor
|
|-heal|p2a: It's Ly Mife|264\/464|[from] item: Leftovers
|-heal|p1a: Gliscor|318\/353 tox|[from] ability: Poison Heal
|turn|67
|join|YAS BITCH
|
|move|p1a: Gliscor|Earthquake|p2a: It's Ly Mife
|-damage|p2a: It's Ly Mife|152\/464
|move|p2a: It's Ly Mife|Heal Bell|p2a: It's Ly Mife
|-cureteam|p2a: It's Ly Mife|[from] move: HealBell
|
|-heal|p2a: It's Ly Mife|181\/464|[from] item: Leftovers
|-heal|p1a: Gliscor|353\/353 tox|[from] ability: Poison Heal
|turn|68
|
|move|p1a: Gliscor|Toxic|p2a: It's Ly Mife
|-status|p2a: It's Ly Mife|tox
|move|p2a: It's Ly Mife|Wish|p2a: It's Ly Mife
|
|-heal|p2a: It's Ly Mife|210\/464 tox|[from] item: Leftovers
|-damage|p2a: It's Ly Mife|181\/464 tox|[from] psn
|turn|69
|
|move|p2a: It's Ly Mife|Protect|p2a: It's Ly Mife
|-singleturn|p2a: It's Ly Mife|Protect
|move|p1a: Gliscor|Substitute|p1a: Gliscor
|-start|p1a: Gliscor|Substitute
|-damage|p1a: Gliscor|265\/353 tox
|
|-heal|p2a: It's Ly Mife|413\/464 tox|[from] move: Wish|[wisher] It's Ly Mife
|-heal|p2a: It's Ly Mife|442\/464 tox|[from] item: Leftovers
|-heal|p1a: Gliscor|309\/353 tox|[from] ability: Poison Heal
|-damage|p2a: It's Ly Mife|384\/464 tox|[from] psn
|turn|70
|chat|jake5alt2|lol taunt talonflame can turn gliscor into complete set up fodder
|chat|Jon Bovi|Totally
|chat|jake5alt2|but then again taunt most anything can turn stall into set up fodder
|
|switch|p2a: Glaze of Blory|Talonflame, M|217\/359
|move|p1a: Gliscor|Earthquake|p2a: Glaze of Blory
|-immune|p2a: Glaze of Blory|[msg]
|
|-heal|p1a: Gliscor|353\/353 tox|[from] ability: Poison Heal
|turn|71
|chat|jake5alt2|as long as its immune or resistant to the 4th move
|chat|Bloodyalfa|but first , he cant taunt  this gliscor
|chat|jake5alt2|yeah
|chat|Bloodyalfa|because this sub...........
|
|switch|p1a: Scizor|Scizor-Mega, F|217\/343
|-damage|p1a: Scizor|175\/343|[from] Stealth Rock
|move|p2a: Glaze of Blory|Taunt|p1a: Scizor
|-start|p1a: Scizor|move: Taunt
|
|turn|72
|chat|jake5alt2|nah i think taunt goes through sub 
|join|SubjectHalalX
|chat|YAS BITCH|it does
|chat|Bloodyalfa|seriously?
|chat|jake5alt2|yep
|chat|YAS BITCH|yea man
|chat|Bloodyalfa|ouuff 
|
|move|p2a: Glaze of Blory|Roost|p2a: Glaze of Blory
|-heal|p2a: Glaze of Blory|359\/359
|move|p1a: Scizor|Knock Off|p2a: Glaze of Blory
|-damage|p2a: Glaze of Blory|260\/359
|
|turn|73
|chat|jake5alt2|lel now scizor is set up fodder
|chat|jake5alt2|its over nbag
|
|move|p2a: Glaze of Blory|Bulk Up|p2a: Glaze of Blory
|-boost|p2a: Glaze of Blory|atk|1
|-boost|p2a: Glaze of Blory|def|1
|move|p1a: Scizor|Knock Off|p2a: Glaze of Blory
|-damage|p2a: Glaze of Blory|189\/359
|
|turn|74
|chat|jake5alt2|he can set up bulk ups easily lol
|
|move|p2a: Glaze of Blory|Roost|p2a: Glaze of Blory
|-heal|p2a: Glaze of Blory|359\/359
|move|p1a: Scizor|Knock Off|p2a: Glaze of Blory
|-crit|p2a: Glaze of Blory
|-damage|p2a: Glaze of Blory|185\/359
|
|-end|p1a: Scizor|move: Taunt
|turn|75
|chat|jake5alt2|lel a crit
|
|move|p2a: Glaze of Blory|Taunt|p1a: Scizor
|-start|p1a: Scizor|move: Taunt
|cant|p1a: Scizor|move: Taunt|Roost
|
|turn|76
|chat|jake5alt2|roost stall and pray for a crit
|
|move|p2a: Glaze of Blory|Roost|p2a: Glaze of Blory
|-heal|p2a: Glaze of Blory|359\/359
|move|p1a: Scizor|Knock Off|p2a: Glaze of Blory
|-damage|p2a: Glaze of Blory|286\/359
|
|turn|77
|chat|nothin but a god|WHY WOULD YOU RISK IT THERE
|chat|SubjectHalalX|wat a win bovi, well done!
|chat|nothin but a god|THATS WHAT I MEASN LUCKY AND BAD
|
|move|p2a: Glaze of Blory|Bulk Up|p2a: Glaze of Blory
|-boost|p2a: Glaze of Blory|atk|1
|-boost|p2a: Glaze of Blory|def|1
|move|p1a: Scizor|Knock Off|p2a: Glaze of Blory
|-damage|p2a: Glaze of Blory|229\/359
|
|-end|p1a: Scizor|move: Taunt
|turn|78
|
|move|p2a: Glaze of Blory|Taunt|p1a: Scizor
|-start|p1a: Scizor|move: Taunt
|move|p1a: Scizor|Knock Off|p2a: Glaze of Blory
|-damage|p2a: Glaze of Blory|172\/359
|
|turn|79
|
|move|p2a: Glaze of Blory|Roost|p2a: Glaze of Blory
|-heal|p2a: Glaze of Blory|352\/359
|move|p1a: Scizor|Knock Off|p2a: Glaze of Blory
|-damage|p2a: Glaze of Blory|296\/359
|
|turn|80
|
|move|p2a: Glaze of Blory|Bulk Up|p2a: Glaze of Blory
|-boost|p2a: Glaze of Blory|atk|1
|-boost|p2a: Glaze of Blory|def|1
|move|p1a: Scizor|Knock Off|p2a: Glaze of Blory
|-damage|p2a: Glaze of Blory|254\/359
|
|-end|p1a: Scizor|move: Taunt
|turn|81
|chat|Andamarokk|just get to +6 ez
|join|Awesomeqfries202
|
|move|p2a: Glaze of Blory|Taunt|p1a: Scizor
|-start|p1a: Scizor|move: Taunt
|move|p1a: Scizor|Knock Off|p2a: Glaze of Blory
|-damage|p2a: Glaze of Blory|212\/359
|
|turn|82
|chat|jake5alt2|lel poor scizor can't do antyhnig
|
|move|p2a: Glaze of Blory|Roost|p2a: Glaze of Blory
|-heal|p2a: Glaze of Blory|359\/359
|move|p1a: Scizor|Knock Off|p2a: Glaze of Blory
|-damage|p2a: Glaze of Blory|318\/359
|
|turn|83
|
|move|p2a: Glaze of Blory|Bulk Up|p2a: Glaze of Blory
|-boost|p2a: Glaze of Blory|atk|1
|-boost|p2a: Glaze of Blory|def|1
|move|p1a: Scizor|Knock Off|p2a: Glaze of Blory
|-damage|p2a: Glaze of Blory|284\/359
|
|-end|p1a: Scizor|move: Taunt
|turn|84
|
|move|p2a: Glaze of Blory|Brave Bird|p1a: Scizor
|-damage|p1a: Scizor|0 fnt
|-damage|p2a: Glaze of Blory|226\/359|[from] recoil|[of] p1a: Scizor
|faint|p1a: Scizor
|
|
|switch|p1a: Gliscor|Gliscor, F|353\/353 tox
|-damage|p1a: Gliscor|309\/353 tox|[from] Stealth Rock
|turn|85
|join|RiskingTesting
|chat|jake5alt2|its game lol
|chat|Jon Bovi|Gg
|chat|nothin but a god|bg nice hax
|chat|jake5alt2|it should ohko
|
|move|p1a: Gliscor|Protect|p1a: Gliscor
|-singleturn|p1a: Gliscor|Protect
|move|p2a: Glaze of Blory|Taunt|p1a: Gliscor
|-activate|p1a: Gliscor|Protect
|
|-heal|p1a: Gliscor|353\/353 tox|[from] ability: Poison Heal
|turn|86
|chat|YAS BITCH|....
|chat|Jon Bovi|Wow
|chat|jake5alt2|although maybe not lol
|chat|Andamarokk|it wont OHKO 
|chat|Jon Bovi|when u win, ur happy
|chat|Jon Bovi|when u lose, ur just a big cry baby
|chat|Jon Bovi|this is fucken pokemon
|chat|YAS BITCH|lol
|
|move|p2a: Glaze of Blory|Bulk Up|p2a: Glaze of Blory
|-boost|p2a: Glaze of Blory|atk|1
|-boost|p2a: Glaze of Blory|def|1
|move|p1a: Gliscor|Toxic|p2a: Glaze of Blory
|-status|p2a: Glaze of Blory|tox
|
|-damage|p2a: Glaze of Blory|204\/359 tox|[from] psn
|turn|87
|chat|jake5alt2|uh what why didn't you taunt
|chat|jake5alt2|or did you forget to
|chat|jake5alt2|doubt it matters
|
|move|p1a: Gliscor|Protect|p1a: Gliscor
|-singleturn|p1a: Gliscor|Protect
|move|p2a: Glaze of Blory|Bulk Up|p2a: Glaze of Blory
|-boost|p2a: Glaze of Blory|atk|1
|-boost|p2a: Glaze of Blory|def|1
|
|-damage|p2a: Glaze of Blory|160\/359 tox|[from] psn
|turn|88
|chat|jake5alt2|k-b ohko's regardless
|chat|SubjectHalalX|lol
|
|move|p1a: Gliscor|Protect|p1a: Gliscor
|-singleturn|p1a: Gliscor|Protect
|move|p2a: Glaze of Blory|Brave Bird|p1a: Gliscor
|-activate|p1a: Gliscor|Protect
|
|-damage|p2a: Glaze of Blory|94\/359 tox|[from] psn
|turn|89
|chat|jake5alt2|loooooooool
|chat|jake5alt2|double protect
|join|P2P
|chat|YAS BITCH|triple plz
|
|move|p1a: Gliscor|Protect|p1a: Gliscor
|-fail|p1a: Gliscor
|move|p2a: Glaze of Blory|Brave Bird|p1a: Gliscor
|-damage|p1a: Gliscor|25\/353 tox
|-damage|p2a: Glaze of Blory|0 fnt|[from] recoil|[of] p1a: Gliscor
|faint|p2a: Glaze of Blory
|
|-heal|p1a: Gliscor|69\/353 tox|[from] ability: Poison Heal
|chat|jake5alt2|lolwut
|chat|jake5alt2|not even an ohko
|chat|Bloodyalfa|pfffffiiuuuu
|chat|Howling_Soul|wut
|chat|SubjectHalalX|lol
|chat|nothin but a god|fucking garbage
|
|switch|p2a: Kyurem-Black|Kyurem-Black|199\/391
|-ability|p2a: Kyurem-Black|Teravolt
|turn|90
|chat|jake5alt2|go k-b finsih it up
|chat|YAS BITCH|power 
|chat|jake5alt2|ice beam op
|
|move|p1a: Gliscor|Protect|p1a: Gliscor
|-singleturn|p1a: Gliscor|Protect
|move|p2a: Kyurem-Black|Ice Beam|p1a: Gliscor
|-activate|p1a: Gliscor|Protect
|
|-heal|p2a: Kyurem-Black|223\/391|[from] item: Leftovers
|-heal|p1a: Gliscor|113\/353 tox|[from] ability: Poison Heal
|turn|91
|chat|Andamarokk|k-b is love
|
|move|p1a: Gliscor|Substitute|p1a: Gliscor
|-start|p1a: Gliscor|Substitute
|-damage|p1a: Gliscor|25\/353 tox
|move|p2a: Kyurem-Black|Ice Beam|p1a: Gliscor
|-supereffective|p1a: Gliscor
|-end|p1a: Gliscor|Substitute
|
|-heal|p2a: Kyurem-Black|247\/391|[from] item: Leftovers
|-heal|p1a: Gliscor|69\/353 tox|[from] ability: Poison Heal
|turn|92
|chat|nothin but a god|i can still win tbh
|chat|P2P|ice beam miss
|chat|P2P|yn
|chat|jake5alt2|loooooooool
|chat|jake5alt2|pp stall to death
|
|move|p1a: Gliscor|Protect|p1a: Gliscor
|-singleturn|p1a: Gliscor|Protect
|move|p2a: Kyurem-Black|Substitute|p2a: Kyurem-Black
|-start|p2a: Kyurem-Black|Substitute
|-damage|p2a: Kyurem-Black|150\/391
|
|-heal|p2a: Kyurem-Black|174\/391|[from] item: Leftovers
|-heal|p1a: Gliscor|113\/353 tox|[from] ability: Poison Heal
|turn|93
|chat|Bloodyalfa|this gliscor.......
|chat|jake5alt2|shame ice beam only has 16 pp
|chat|P2P|ugh gg
|chat|nothin but a god|let me just stall out all his fucking ice beams
|
|move|p1a: Gliscor|Substitute|p1a: Gliscor
|-start|p1a: Gliscor|Substitute
|-damage|p1a: Gliscor|25\/353 tox
|move|p2a: Kyurem-Black|Ice Beam|p1a: Gliscor
|-supereffective|p1a: Gliscor
|-end|p1a: Gliscor|Substitute
|
|-heal|p2a: Kyurem-Black|198\/391|[from] item: Leftovers
|-heal|p1a: Gliscor|69\/353 tox|[from] ability: Poison Heal
|turn|94
|
|move|p1a: Gliscor|Protect|p1a: Gliscor
|-singleturn|p1a: Gliscor|Protect
|move|p2a: Kyurem-Black|Earth Power|p1a: Gliscor
|-immune|p1a: Gliscor|[msg]
|
|-heal|p2a: Kyurem-Black|222\/391|[from] item: Leftovers
|-heal|p1a: Gliscor|113\/353 tox|[from] ability: Poison Heal
|turn|95
|chat|jake5alt2|boooooooring
|chat|Andamarokk|#PPSTAL HYPE
|chat|jake5alt2|lol bovi
|
|move|p1a: Gliscor|Substitute|p1a: Gliscor
|-start|p1a: Gliscor|Substitute
|-damage|p1a: Gliscor|25\/353 tox
|move|p2a: Kyurem-Black|Ice Beam|p1a: Gliscor
|-supereffective|p1a: Gliscor
|-end|p1a: Gliscor|Substitute
|
|-heal|p2a: Kyurem-Black|246\/391|[from] item: Leftovers
|-heal|p1a: Gliscor|69\/353 tox|[from] ability: Poison Heal
|turn|96
|chat|jake5alt2|you shoulda taunted it when you had the chance
|chat|jake5alt2|now its boring stall
|chat|Bloodyalfa|we can stay here 24h
|chat|nothin but a god|its 50-50s
|chat|Jon Bovi|Thought it was gonna kill it
|chat|jake5alt2|could've taunted and then set up on it then
|chat|jake5alt2|guess you thought it'd ohko
|
|move|p1a: Gliscor|Protect|p1a: Gliscor
|-singleturn|p1a: Gliscor|Protect
|move|p2a: Kyurem-Black|Ice Beam|p1a: Gliscor
|-activate|p1a: Gliscor|Protect
|
|-heal|p2a: Kyurem-Black|270\/391|[from] item: Leftovers
|-heal|p1a: Gliscor|113\/353 tox|[from] ability: Poison Heal
|turn|97
|chat|P2P|just ice shard
|chat|jake5alt2|welli doubt you run atk
|chat|jake5alt2|except maybe 4
|chat|Andamarokk|if kyub would get ice shard man
|
|move|p1a: Gliscor|Substitute|p1a: Gliscor
|-start|p1a: Gliscor|Substitute
|-damage|p1a: Gliscor|25\/353 tox
|move|p2a: Kyurem-Black|Ice Beam|p1a: Gliscor
|-supereffective|p1a: Gliscor
|-end|p1a: Gliscor|Substitute
|
|-heal|p2a: Kyurem-Black|294\/391|[from] item: Leftovers
|-heal|p1a: Gliscor|69\/353 tox|[from] ability: Poison Heal
|turn|98
|chat|jake5alt2|it'd go to ubers
|chat|P2P|meh
|chat|P2P|Icicle Crash Pikachu > k-b
|chat|Andamarokk|if it got icicle crash and ice shard maybe
|chat|jake5alt2|+6 4 Atk Talonflame Brave Bird vs. 252 HP \/ 252+ Def Gliscor: 268-316 (75.7 - 89.2%) -- guaranteed 2HKO after Poison Heal
|chat|P2P|Icicle Crash n dd
|chat|jake5alt2|shame
|chat|nothin but a god|6 more ice beams
|
|move|p1a: Gliscor|Protect|p1a: Gliscor
|-singleturn|p1a: Gliscor|Protect
|move|p2a: Kyurem-Black|Ice Beam|p1a: Gliscor
|-activate|p1a: Gliscor|Protect
|
|-heal|p2a: Kyurem-Black|318\/391|[from] item: Leftovers
|-heal|p1a: Gliscor|113\/353 tox|[from] ability: Poison Heal
|turn|99
|chat|Jon Bovi|But it has speed evs
|chat|jake5alt2|and he didn't even run max bulk
|chat|Jon Bovi|glsicor
|chat|jake5alt2|ik
|
|move|p1a: Gliscor|Substitute|p1a: Gliscor
|-start|p1a: Gliscor|Substitute
|-damage|p1a: Gliscor|25\/353 tox
|move|p2a: Kyurem-Black|Ice Beam|p1a: Gliscor
|-supereffective|p1a: Gliscor
|-end|p1a: Gliscor|Substitute
|
|-heal|p2a: Kyurem-Black|342\/391|[from] item: Leftovers
|-heal|p1a: Gliscor|69\/353 tox|[from] ability: Poison Heal
|turn|100
|chat|jake5alt2|thats why i said he didn't run max bulk
|chat|jake5alt2|guess he ran enough 
|chat|jake5alt2|what did you say your speed was again
|
|move|p1a: Gliscor|Protect|p1a: Gliscor
|-singleturn|p1a: Gliscor|Protect
|move|p2a: Kyurem-Black|Ice Beam|p1a: Gliscor
|-activate|p1a: Gliscor|Protect
|
|-heal|p2a: Kyurem-Black|366\/391|[from] item: Leftovers
|-heal|p1a: Gliscor|113\/353 tox|[from] ability: Poison Heal
|turn|101
|chat|jake5alt2|236?
|leave|3gtrvgd
|chat|IamChow|i think 276 
|chat|Jon Bovi|Yep
|chat|Jon Bovi|276
|chat|jake5alt2|hmm ok
|leave|i came from leddit
|chat|jake5alt2|so lets say he runs 277 lol
|
|move|p1a: Gliscor|Substitute|p1a: Gliscor
|-start|p1a: Gliscor|Substitute
|-damage|p1a: Gliscor|25\/353 tox
|move|p2a: Kyurem-Black|Ice Beam|p1a: Gliscor
|-supereffective|p1a: Gliscor
|-end|p1a: Gliscor|Substitute
|
|-heal|p2a: Kyurem-Black|390\/391|[from] item: Leftovers
|-heal|p1a: Gliscor|69\/353 tox|[from] ability: Poison Heal
|turn|102
|chat|SubjectHalalX|i see substitute has very less pp aswell :)
|chat|jake5alt2|no wait
|chat|Jon Bovi|OMG haha
|chat|jake5alt2|i meant what was your evs on it
|
|switch|p2a: Pivin on a Lrayer|Donphan, M|284\/384
|move|p1a: Gliscor|Protect|p1a: Gliscor
|-fail|p1a: Gliscor
|
|-heal|p1a: Gliscor|113\/353 tox|[from] ability: Poison Heal
|turn|103
|chat|P2P|gg
|chat|jake5alt2|ice shard spam
|chat|SubjectHalalX|gg :)
|
|move|p1a: Gliscor|Protect|p1a: Gliscor
|-singleturn|p1a: Gliscor|Protect
|move|p2a: Pivin on a Lrayer|Ice Shard|p1a: Gliscor
|-activate|p1a: Gliscor|Protect
|
|-heal|p1a: Gliscor|157\/353 tox|[from] ability: Poison Heal
|turn|104
|chat|Andamarokk|he gets ppstalled out anyways
|chat|Jon Bovi|Gg man
|chat|YAS BITCH|lel
|chat|Bloodyalfa|hohoo
|chat|P2P|Ugh
|
|move|p2a: Pivin on a Lrayer|Ice Shard|p1a: Gliscor
|-supereffective|p1a: Gliscor
|-damage|p1a: Gliscor|21\/353 tox
|move|p1a: Gliscor|Toxic|p2a: Pivin on a Lrayer
|-status|p2a: Pivin on a Lrayer|tox
|
|-heal|p1a: Gliscor|65\/353 tox|[from] ability: Poison Heal
|-damage|p2a: Pivin on a Lrayer|260\/384 tox|[from] psn
|turn|105
|chat|SubjectHalalX|SAY GG CALL ME
|chat|jake5alt2|i doubt that ohko's LOL
|chat|jake5alt2|toldjer
|chat|P2P|Ice Beam Gliscor ftw
|
|move|p1a: Gliscor|Protect|p1a: Gliscor
|-singleturn|p1a: Gliscor|Protect
|move|p2a: Pivin on a Lrayer|Ice Shard|p1a: Gliscor
|-activate|p1a: Gliscor|Protect
|
|-heal|p1a: Gliscor|109\/353 tox|[from] ability: Poison Heal
|-damage|p2a: Pivin on a Lrayer|212\/384 tox|[from] psn
|turn|106
|chat|jake5alt2|booooooooooring
|leave|P2P
|chat|IamChow|double protect? ;-;
|
|move|p1a: Gliscor|Protect|p1a: Gliscor
|-singleturn|p1a: Gliscor|Protect
|move|p2a: Pivin on a Lrayer|Ice Shard|p1a: Gliscor
|-activate|p1a: Gliscor|Protect
|
|-heal|p1a: Gliscor|153\/353 tox|[from] ability: Poison Heal
|-damage|p2a: Pivin on a Lrayer|140\/384 tox|[from] psn
|turn|107
|chat|jake5alt2|imagine if gliscor wins LOLOLOL
|chat|Jon Bovi|Omg
|chat|Bloodyalfa|^^
|chat|Andamarokk|he cant win
|
|move|p2a: Pivin on a Lrayer|Ice Shard|p1a: Gliscor
|-supereffective|p1a: Gliscor
|-damage|p1a: Gliscor|5\/353 tox
|move|p1a: Gliscor|Earthquake|p2a: Pivin on a Lrayer
|-damage|p2a: Pivin on a Lrayer|41\/384 tox
|
|-heal|p1a: Gliscor|49\/353 tox|[from] ability: Poison Heal
|-damage|p2a: Pivin on a Lrayer|0 fnt|[from] psn
|faint|p2a: Pivin on a Lrayer
|chat|Howling_Soul|lel double protect hype
|chat|jake5alt2|its over though
|chat|Andamarokk|cuz no
|chat|jake5alt2|hmmmmmmm
|
|switch|p2a: Kyurem-Black|Kyurem-Black|390\/391
|-ability|p2a: Kyurem-Black|Teravolt
|turn|108
|chat|jake5alt2|doesn't your vapo carry scald
|
|move|p1a: Gliscor|Toxic|p2a: Kyurem-Black
|-status|p2a: Kyurem-Black|tox
|move|p2a: Kyurem-Black|Substitute|p2a: Kyurem-Black
|-start|p2a: Kyurem-Black|Substitute
|-damage|p2a: Kyurem-Black|293\/391 tox
|
|-heal|p2a: Kyurem-Black|317\/391 tox|[from] item: Leftovers
|-heal|p1a: Gliscor|93\/353 tox|[from] ability: Poison Heal
|-damage|p2a: Kyurem-Black|293\/391 tox|[from] psn
|turn|109
|chat|jake5alt2|lolwut
|chat|Jon Bovi|Omg
|chat|Andamarokk|that play
|chat|jake5alt2|outpredcited
|chat|Andamarokk|PLS
|chat|IamChow|gdi
|chat|jake5alt2|u'd won it lel
|chat|nothin but a god|10\/10
|
|move|p1a: Gliscor|Substitute|p1a: Gliscor
|-start|p1a: Gliscor|Substitute
|-damage|p1a: Gliscor|5\/353 tox
|move|p2a: Kyurem-Black|Ice Beam|p1a: Gliscor
|-supereffective|p1a: Gliscor
|-end|p1a: Gliscor|Substitute
|
|-heal|p2a: Kyurem-Black|317\/391 tox|[from] item: Leftovers
|-heal|p1a: Gliscor|49\/353 tox|[from] ability: Poison Heal
|-damage|p2a: Kyurem-Black|269\/391 tox|[from] psn
|turn|110
|chat|Andamarokk|gliscor might do this now
|chat|Andamarokk|if he has more pp left than i thin
|
|switch|p2a: It's Ly Mife|Vaporeon, M|384\/464 tox
|move|p1a: Gliscor|Earthquake|p2a: It's Ly Mife
|-damage|p2a: It's Ly Mife|281\/464 tox
|
|-heal|p2a: It's Ly Mife|310\/464 tox|[from] item: Leftovers
|-heal|p1a: Gliscor|93\/353 tox|[from] ability: Poison Heal
|-damage|p2a: It's Ly Mife|281\/464 tox|[from] psn
|turn|111
|chat|Andamarokk|because heal bell
|chat|nothin but a god|plays
|chat|nothin but a god|oml
|chat|SubjectHalalX|how much pp on sub?
|chat|nothin but a god|10\/10
|chat|jake5alt2|not really his sub+protect must be running out
|
|move|p1a: Gliscor|Substitute|p1a: Gliscor
|-start|p1a: Gliscor|Substitute
|-damage|p1a: Gliscor|5\/353 tox
|move|p2a: It's Ly Mife|Heal Bell|p2a: It's Ly Mife
|-cureteam|p2a: It's Ly Mife|[from] move: HealBell
|
|-heal|p2a: It's Ly Mife|310\/464|[from] item: Leftovers
|-heal|p1a: Gliscor|49\/353 tox|[from] ability: Poison Heal
|turn|112
|chat|SubjectHalalX|haha!
|
|move|p1a: Gliscor|Toxic|p2a: It's Ly Mife
|-status|p2a: It's Ly Mife|tox
|move|p2a: It's Ly Mife|Scald|p1a: Gliscor
|-crit|p1a: Gliscor
|-supereffective|p1a: Gliscor
|-end|p1a: Gliscor|Substitute
|
|-heal|p2a: It's Ly Mife|339\/464 tox|[from] item: Leftovers
|-heal|p1a: Gliscor|93\/353 tox|[from] ability: Poison Heal
|-damage|p2a: It's Ly Mife|310\/464 tox|[from] psn
|turn|113
|chat|Bloodyalfa|aaiaiaiai
|chat|jake5alt2|it doesn't matter
|chat|jake5alt2|since toxic has wayp more pp
|
|move|p1a: Gliscor|Substitute|p1a: Gliscor
|-start|p1a: Gliscor|Substitute
|-damage|p1a: Gliscor|5\/353 tox
|move|p2a: It's Ly Mife|Scald|p1a: Gliscor
|-supereffective|p1a: Gliscor
|-end|p1a: Gliscor|Substitute
|
|-heal|p2a: It's Ly Mife|339\/464 tox|[from] item: Leftovers
|-heal|p1a: Gliscor|49\/353 tox|[from] ability: Poison Heal
|-damage|p2a: It's Ly Mife|281\/464 tox|[from] psn
|turn|114
|chat|Andamarokk|but subprotect doesnt
|chat|Andamarokk|:P
|chat|jake5alt2|he just has to stall out sub +protect
|chat|YAS BITCH|^
|
|move|p1a: Gliscor|Earthquake|p2a: It's Ly Mife
|-damage|p2a: It's Ly Mife|176\/464 tox
|move|p2a: It's Ly Mife|Heal Bell|p2a: It's Ly Mife
|-cureteam|p2a: It's Ly Mife|[from] move: HealBell
|
|-heal|p2a: It's Ly Mife|205\/464|[from] item: Leftovers
|-heal|p1a: Gliscor|93\/353 tox|[from] ability: Poison Heal
|turn|115
|chat|Jon Bovi|Wow
|chat|SubjectHalalX|it must be gone
|chat|jake5alt2|anyone counting lol
|join|pac51
|chat|Andamarokk|nbag outplaying like a champ
|
|move|p1a: Gliscor|Substitute|p1a: Gliscor
|-start|p1a: Gliscor|Substitute
|-damage|p1a: Gliscor|5\/353 tox
|move|p2a: It's Ly Mife|Scald|p1a: Gliscor
|-supereffective|p1a: Gliscor
|-end|p1a: Gliscor|Substitute
|
|-heal|p2a: It's Ly Mife|234\/464|[from] item: Leftovers
|-heal|p1a: Gliscor|49\/353 tox|[from] ability: Poison Heal
|turn|116
|chat|SubjectHalalX|omg god jus forfeit
|
|move|p1a: Gliscor|Toxic|p2a: It's Ly Mife
|-status|p2a: It's Ly Mife|tox
|move|p2a: It's Ly Mife|Scald|p1a: Gliscor
|-supereffective|p1a: Gliscor
|-damage|p1a: Gliscor|0 fnt
|faint|p1a: Gliscor
|
|win|Jon Bovi
|raw|Ladder updating...
|chat|jake5alt2|i think its over now
|raw|nothin but a god's rating: 2030 &rarr; <strong>1998<\/strong><br \/>(-32 for losing)
|raw|Jon Bovi's rating: 1774 &rarr; <strong>1806<\/strong><br \/>(+32 for winning)
|chat|jake5alt2|yep
|chat|Jon Bovi|Lol gg
|chat|jake5alt2|finally
|chat|Bloodyalfa|oufff
|leave|nothin but a god
|player|p1
|chat|YAS BITCH|yummy points
|chat|IamChow|^
|leave|RiskingTesting
|leave|IamChow
|leave|Bloodyalfa
|leave|Andamarokk
|leave|Howling_Soul