|join|no1globe
|join|Jon Bovi
|player|p1|no1globe|266
|player|p2|Jon Bovi|240
|gametype|singles
|gen|6
|tier|OU
|rated
|clearpoke
|poke|p1|Sableye, M
|poke|p1|Magneton
|poke|p1|Landorus-Therian, M
|poke|p1|Weavile, M
|poke|p1|Rotom-Wash
|poke|p1|Clefable, F
|poke|p2|Landorus-Therian, M
|poke|p2|Rotom-Wash
|poke|p2|Clefable, F
|poke|p2|Latios, M
|poke|p2|Thundurus, M
|poke|p2|Scizor, M
|rule|Swagger Clause: Swagger is banned
|rule|Baton Pass Clause: Limit one PokÃ©mon knowing Baton Pass
|rule|Sleep Clause Mod: Limit one foe put to sleep
|rule|Species Clause: Limit one of each PokÃ©mon
|rule|OHKO Clause: OHKO moves are banned
|rule|Moody Clause: Moody is banned
|rule|Evasion Moves Clause: Evasion moves are banned
|rule|Endless Battle Clause: Forcing endless battles is banned
|rule|HP Percentage Mod: HP is shown in percentages
|teampreview
|
|start
|switch|p1a: Sableye|Sableye, M|303\/303
|switch|p2a: Clefable|Clefable, F|394\/394
|turn|1
|
|switch|p1a: Magneton|Magneton|247\/247
|move|p2a: Clefable|Calm Mind|p2a: Clefable
|-boost|p2a: Clefable|spa|1
|-boost|p2a: Clefable|spd|1
|
|turn|2
|
|move|p1a: Magneton|Flash Cannon|p2a: Clefable
|-supereffective|p2a: Clefable
|-damage|p2a: Clefable|226\/394
|move|p2a: Clefable|Soft-Boiled|p2a: Clefable
|-heal|p2a: Clefable|394\/394
|
|turn|3
|
|switch|p2a: Rotom-Wash|Rotom-Wash|304\/304
|move|p1a: Magneton|Flash Cannon|p2a: Rotom-Wash
|-resisted|p2a: Rotom-Wash
|-damage|p2a: Rotom-Wash|280\/304
|
|-heal|p2a: Rotom-Wash|299\/304|[from] item: Leftovers
|turn|4
|
|switch|p1a: Rotom-Wash|Rotom-Wash|303\/303
|move|p2a: Rotom-Wash|Will-O-Wisp|p1a: Rotom-Wash
|-status|p1a: Rotom-Wash|brn
|
|-heal|p2a: Rotom-Wash|304\/304|[from] item: Leftovers
|-damage|p1a: Rotom-Wash|266\/303 brn|[from] brn
|turn|5
|
|switch|p2a: Clefable|Clefable, F|394\/394
|move|p1a: Rotom-Wash|Will-O-Wisp|p2a: Clefable
|-status|p2a: Clefable|brn
|
|-heal|p1a: Rotom-Wash|284\/303 brn|[from] item: Leftovers
|-damage|p1a: Rotom-Wash|247\/303 brn|[from] brn
|turn|6
|
|move|p1a: Rotom-Wash|Volt Switch|p2a: Clefable
|-damage|p2a: Clefable|312\/394 brn
|
|switch|p1a: Clefable|Clefable, F|394\/394
|move|p2a: Clefable|Moonblast|p1a: Clefable
|-damage|p1a: Clefable|273\/394
|
|-heal|p2a: Clefable|336\/394 brn|[from] item: Leftovers
|-heal|p1a: Clefable|297\/394|[from] item: Leftovers
|turn|7
|
|move|p2a: Clefable|Calm Mind|p2a: Clefable
|-boost|p2a: Clefable|spa|1
|-boost|p2a: Clefable|spd|1
|move|p1a: Clefable|Calm Mind|p1a: Clefable
|-boost|p1a: Clefable|spa|1
|-boost|p1a: Clefable|spd|1
|
|-heal|p2a: Clefable|360\/394 brn|[from] item: Leftovers
|-heal|p1a: Clefable|321\/394|[from] item: Leftovers
|turn|8
|
|move|p2a: Clefable|Calm Mind|p2a: Clefable
|-boost|p2a: Clefable|spa|1
|-boost|p2a: Clefable|spd|1
|move|p1a: Clefable|Calm Mind|p1a: Clefable
|-boost|p1a: Clefable|spa|1
|-boost|p1a: Clefable|spd|1
|
|-heal|p2a: Clefable|384\/394 brn|[from] item: Leftovers
|-heal|p1a: Clefable|345\/394|[from] item: Leftovers
|turn|9
|
|move|p2a: Clefable|Calm Mind|p2a: Clefable
|-boost|p2a: Clefable|spa|1
|-boost|p2a: Clefable|spd|1
|move|p1a: Clefable|Calm Mind|p1a: Clefable
|-boost|p1a: Clefable|spa|1
|-boost|p1a: Clefable|spd|1
|
|-heal|p1a: Clefable|369\/394|[from] item: Leftovers
|-heal|p2a: Clefable|394\/394 brn|[from] item: Leftovers
|turn|10
|
|move|p1a: Clefable|Calm Mind|p1a: Clefable
|-boost|p1a: Clefable|spa|1
|-boost|p1a: Clefable|spd|1
|move|p2a: Clefable|Calm Mind|p2a: Clefable
|-boost|p2a: Clefable|spa|1
|-boost|p2a: Clefable|spd|1
|
|-heal|p1a: Clefable|393\/394|[from] item: Leftovers
|turn|11
|
|move|p2a: Clefable|Calm Mind|p2a: Clefable
|-boost|p2a: Clefable|spa|1
|-boost|p2a: Clefable|spd|1
|move|p1a: Clefable|Calm Mind|p1a: Clefable
|-boost|p1a: Clefable|spa|1
|-boost|p1a: Clefable|spd|1
|
|-heal|p1a: Clefable|394\/394|[from] item: Leftovers
|turn|12
|
|move|p1a: Clefable|Calm Mind|p1a: Clefable
|-boost|p1a: Clefable|spa|1
|-boost|p1a: Clefable|spd|1
|move|p2a: Clefable|Calm Mind|p2a: Clefable
|-boost|p2a: Clefable|spa|1
|-boost|p2a: Clefable|spd|1
|
|turn|13
|
|move|p1a: Clefable|Moonblast|p2a: Clefable
|-damage|p2a: Clefable|0 fnt
|faint|p2a: Clefable
|
|
|switch|p2a: Latios|Latios, M|301\/301
|turn|14
|
|move|p2a: Latios|Psyshock|p1a: Clefable
|-damage|p1a: Clefable|221\/394
|-damage|p2a: Latios|271\/301|[from] item: Life Orb
|move|p1a: Clefable|Moonblast|p2a: Latios
|-supereffective|p2a: Latios
|-damage|p2a: Latios|0 fnt
|faint|p2a: Latios
|
|-heal|p1a: Clefable|245\/394|[from] item: Leftovers
|
|switch|p2a: Scizor|Scizor, M|344\/344
|turn|15
|
|switch|p1a: Magneton|Magneton|247\/247
|detailschange|p2a: Scizor|Scizor-Mega, M
|message|Scizor has Mega Evolved into Mega Scizor!
|move|p2a: Scizor|Bullet Punch|p1a: Magneton
|-resisted|p1a: Magneton
|-damage|p1a: Magneton|222\/247
|
|turn|16
|
|move|p1a: Magneton|Hidden Power|p2a: Scizor
|-supereffective|p2a: Scizor
|-damage|p2a: Scizor|68\/344
|move|p2a: Scizor|Knock Off|p1a: Magneton
|-damage|p1a: Magneton|109\/247
|-enditem|p1a: Magneton|Choice Scarf|[from] move: Knock Off|[of] p2a: Scizor
|
|turn|17
|
|move|p1a: Magneton|Hidden Power|p2a: Scizor
|-supereffective|p2a: Scizor
|-damage|p2a: Scizor|0 fnt
|faint|p2a: Scizor
|
|
|switch|p2a: Rotom-Wash|Rotom-Wash|304\/304
|turn|18
|
|move|p1a: Magneton|Volt Switch|p2a: Rotom-Wash
|-damage|p2a: Rotom-Wash|216\/304
|
|switch|p1a: Rotom-Wash|Rotom-Wash|247\/303 brn
|move|p2a: Rotom-Wash|Will-O-Wisp|p1a: Rotom-Wash
|-fail|p1a: Rotom-Wash|brn
|
|-heal|p2a: Rotom-Wash|235\/304|[from] item: Leftovers
|-heal|p1a: Rotom-Wash|265\/303 brn|[from] item: Leftovers
|-damage|p1a: Rotom-Wash|228\/303 brn|[from] brn
|turn|19
|
|move|p2a: Rotom-Wash|Volt Switch|p1a: Rotom-Wash
|-damage|p1a: Rotom-Wash|150\/303 brn
|
|switch|p2a: Landorus-Therian|Landorus-Therian, M|382\/382
|-ability|p2a: Landorus-Therian|Intimidate|[of] p1a: Rotom-Wash
|-unboost|p1a: Rotom-Wash|atk|1
|move|p1a: Rotom-Wash|Will-O-Wisp|p2a: Landorus-Therian
|-status|p2a: Landorus-Therian|brn
|
|-heal|p1a: Rotom-Wash|168\/303 brn|[from] item: Leftovers
|-damage|p2a: Landorus-Therian|335\/382 brn|[from] brn
|-damage|p1a: Rotom-Wash|131\/303 brn|[from] brn
|turn|20
|
|move|p2a: Landorus-Therian|Stealth Rock|p1a: Rotom-Wash
|-sidestart|p1: no1globe|move: Stealth Rock
|move|p1a: Rotom-Wash|Pain Split|p2a: Landorus-Therian
|-sethp|p2a: Landorus-Therian|233\/382 brn|p1a: Rotom-Wash|233\/303 brn|[from] move: Pain Split
|
|-heal|p2a: Landorus-Therian|256\/382 brn|[from] item: Leftovers
|-heal|p1a: Rotom-Wash|251\/303 brn|[from] item: Leftovers
|-damage|p2a: Landorus-Therian|209\/382 brn|[from] brn
|-damage|p1a: Rotom-Wash|214\/303 brn|[from] brn
|turn|21
|
|move|p2a: Landorus-Therian|Stone Edge|p1a: Rotom-Wash
|-damage|p1a: Rotom-Wash|175\/303 brn
|move|p1a: Rotom-Wash|Hydro Pump|p2a: Landorus-Therian|[miss]
|-miss|p1a: Rotom-Wash|p2a: Landorus-Therian
|
|-heal|p2a: Landorus-Therian|232\/382 brn|[from] item: Leftovers
|-heal|p1a: Rotom-Wash|193\/303 brn|[from] item: Leftovers
|-damage|p2a: Landorus-Therian|185\/382 brn|[from] brn
|-damage|p1a: Rotom-Wash|156\/303 brn|[from] brn
|turn|22
|
|switch|p1a: Magneton|Magneton|109\/247
|-damage|p1a: Magneton|94\/247|[from] Stealth Rock
|move|p2a: Landorus-Therian|Stone Edge|p1a: Magneton
|-resisted|p1a: Magneton
|-damage|p1a: Magneton|67\/247
|
|-heal|p2a: Landorus-Therian|208\/382 brn|[from] item: Leftovers
|-damage|p2a: Landorus-Therian|161\/382 brn|[from] brn
|turn|23
|
|move|p1a: Magneton|Flash Cannon|p2a: Landorus-Therian
|-damage|p2a: Landorus-Therian|0 fnt
|faint|p2a: Landorus-Therian
|
|
|switch|p2a: Thundurus|Thundurus, M|299\/299
|turn|24
|
|move|p2a: Thundurus|Thunderbolt|p1a: Magneton
|-resisted|p1a: Magneton
|-damage|p1a: Magneton|0 fnt
|-damage|p2a: Thundurus|270\/299|[from] item: Life Orb
|faint|p1a: Magneton
|
|
|switch|p1a: Rotom-Wash|Rotom-Wash|156\/303 brn
|-damage|p1a: Rotom-Wash|119\/303 brn|[from] Stealth Rock
|turn|25
|
|move|p2a: Thundurus|Thunderbolt|p1a: Rotom-Wash
|-damage|p1a: Rotom-Wash|0 fnt
|-damage|p2a: Thundurus|241\/299|[from] item: Life Orb
|faint|p1a: Rotom-Wash
|
|
|switch|p1a: Sableye|Sableye, M|303\/303
|-damage|p1a: Sableye|266\/303|[from] Stealth Rock
|turn|26
|
|detailschange|p1a: Sableye|Sableye-Mega, M
|message|Sableye has Mega Evolved into Mega Sableye!
|move|p2a: Thundurus|Thunderbolt|p1a: Sableye
|-damage|p1a: Sableye|97\/303
|-damage|p2a: Thundurus|212\/299|[from] item: Life Orb
|move|p1a: Sableye|Will-O-Wisp|p2a: Thundurus
|-status|p2a: Thundurus|brn
|
|-damage|p2a: Thundurus|175\/299 brn|[from] brn
|turn|27
|
|switch|p1a: Landorus-Therian|Landorus-Therian, M|381\/381
|-damage|p1a: Landorus-Therian|334\/381|[from] Stealth Rock
|-ability|p1a: Landorus-Therian|Intimidate|[of] p2a: Thundurus
|-unboost|p2a: Thundurus|atk|1
|-boost|p2a: Thundurus|atk|2|[from] ability: Defiant
|move|p2a: Thundurus|Thunderbolt|p1a: Landorus-Therian
|-immune|p1a: Landorus-Therian|[msg]
|
|-heal|p1a: Landorus-Therian|357\/381|[from] item: Leftovers
|-damage|p2a: Thundurus|138\/299 brn|[from] brn
|turn|28
|
|move|p2a: Thundurus|Hidden Power|p1a: Landorus-Therian
|-supereffective|p1a: Landorus-Therian
|-damage|p1a: Landorus-Therian|0 fnt
|-damage|p2a: Thundurus|109\/299 brn|[from] item: Life Orb
|faint|p1a: Landorus-Therian
|
|-damage|p2a: Thundurus|72\/299 brn|[from] brn
|
|switch|p1a: Weavile|Weavile, M|281\/281
|-damage|p1a: Weavile|211\/281|[from] Stealth Rock
|-ability|p1a: Weavile|Pressure
|turn|29
|
|move|p1a: Weavile|Knock Off|p2a: Thundurus
|-damage|p2a: Thundurus|0 fnt
|-enditem|p2a: Thundurus|Life Orb|[from] move: Knock Off|[of] p1a: Weavile
|-damage|p1a: Weavile|183\/281|[from] item: Life Orb
|faint|p2a: Thundurus
|
|
|switch|p2a: Rotom-Wash|Rotom-Wash|235\/304
|turn|30
|
|move|p1a: Weavile|Knock Off|p2a: Rotom-Wash
|-damage|p2a: Rotom-Wash|23\/304
|-enditem|p2a: Rotom-Wash|Leftovers|[from] move: Knock Off|[of] p1a: Weavile
|-damage|p1a: Weavile|155\/281|[from] item: Life Orb
|move|p2a: Rotom-Wash|Hydro Pump|p1a: Weavile|[miss]
|-miss|p2a: Rotom-Wash|p1a: Weavile
|
|turn|31
|-message|Jon Bovi forfeited.
|
|win|no1globe
|raw|Ladder updating...
|c|âno1globe|sorry
|leave|Jon Bovi
|player|p2
|raw|no1globe's rating: 1330 &rarr; <strong>1349<\/strong><br \/>(+19 for winning)
|raw|Jon Bovi's rating: 1316 &rarr; <strong>1297<\/strong><br \/>(-19 for losing)