|join|Jon Bovi
|join|save the treeckos
|player|p1|Jon Bovi|240
|player|p2|save the treeckos|189
|gametype|singles
|gen|6
|tier|OU
|rated
|clearpoke
|poke|p1|Donphan, M
|poke|p1|Venusaur, M
|poke|p1|Heatran, F
|poke|p1|Talonflame, M
|poke|p1|Vaporeon, M
|poke|p1|Kyurem-Black
|poke|p2|Azumarill, F
|poke|p2|Dragonite, M
|poke|p2|Venusaur, M
|poke|p2|Talonflame, M
|poke|p2|Empoleon, F
|poke|p2|Excadrill, M
|rule|Swagger Clause: Swagger is banned
|rule|Baton Pass Clause: Limit one PokÃ©mon knowing Baton Pass
|rule|Sleep Clause Mod: Limit one foe put to sleep
|rule|Species Clause: Limit one of each PokÃ©mon
|rule|OHKO Clause: OHKO moves are banned
|rule|Moody Clause: Moody is banned
|rule|Evasion Moves Clause: Evasion moves are banned
|rule|Endless Battle Clause: Forcing endless battles is banned
|rule|HP Percentage Mod: HP is shown in percentages
|teampreview
|leave|Jon Bovi
|player|p1
|join|Jon Bovi
|player|p1|Jon Bovi|240
|teampreview
|
|start
|switch|p1a: Mad Bedecine|Heatran, F|386\/386
|switch|p2a: Empoleon|Empoleon, F|372\/372
|turn|1
|
|move|p1a: Mad Bedecine|Stealth Rock|p2a: Empoleon
|-sidestart|p2: save the treeckos|move: Stealth Rock
|move|p2a: Empoleon|Stealth Rock|p1a: Mad Bedecine
|-sidestart|p1: Jon Bovi|move: Stealth Rock
|
|turn|2
|
|move|p1a: Mad Bedecine|Lava Plume|p2a: Empoleon
|-damage|p2a: Empoleon|258\/372
|-status|p2a: Empoleon|brn
|move|p2a: Empoleon|Roar|p1a: Mad Bedecine
|drag|p1a: Glaze of Blory|Talonflame, M|359\/359
|-damage|p1a: Glaze of Blory|180\/359|[from] Stealth Rock
|
|-heal|p1a: Glaze of Blory|202\/359|[from] item: Leftovers
|-heal|p2a: Empoleon|281\/372 brn|[from] item: Leftovers
|-damage|p2a: Empoleon|235\/372 brn|[from] brn
|turn|3
|
|move|p1a: Glaze of Blory|Roost|p1a: Glaze of Blory
|-heal|p1a: Glaze of Blory|359\/359
|move|p2a: Empoleon|Roar|p1a: Glaze of Blory
|drag|p1a: Pivin on a Lrayer|Donphan, M|384\/384
|-damage|p1a: Pivin on a Lrayer|360\/384|[from] Stealth Rock
|
|-heal|p2a: Empoleon|258\/372 brn|[from] item: Leftovers
|-heal|p1a: Pivin on a Lrayer|384\/384|[from] item: Leftovers
|-damage|p2a: Empoleon|212\/372 brn|[from] brn
|turn|4
|
|move|p2a: Empoleon|Scald|p1a: Pivin on a Lrayer
|-supereffective|p1a: Pivin on a Lrayer
|-damage|p1a: Pivin on a Lrayer|82\/384
|move|p1a: Pivin on a Lrayer|Rapid Spin|p2a: Empoleon
|-resisted|p2a: Empoleon
|-damage|p2a: Empoleon|203\/372 brn
|-sideend|p1: Jon Bovi|Stealth Rock|[from] move: Rapid Spin|[of] p1a: Pivin on a Lrayer
|
|-heal|p2a: Empoleon|226\/372 brn|[from] item: Leftovers
|-heal|p1a: Pivin on a Lrayer|106\/384|[from] item: Leftovers
|-damage|p2a: Empoleon|180\/372 brn|[from] brn
|turn|5
|
|switch|p1a: It's Ly Mife|Vaporeon, M|464\/464
|move|p2a: Empoleon|Stealth Rock|p1a: It's Ly Mife
|-sidestart|p1: Jon Bovi|move: Stealth Rock
|
|-heal|p2a: Empoleon|203\/372 brn|[from] item: Leftovers
|-damage|p2a: Empoleon|157\/372 brn|[from] brn
|turn|6
|
|move|p1a: It's Ly Mife|Wish|p1a: It's Ly Mife
|move|p2a: Empoleon|Roar|p1a: It's Ly Mife
|drag|p1a: Host Lighway|Kyurem-Black|391\/391
|-damage|p1a: Host Lighway|294\/391|[from] Stealth Rock
|-ability|p1a: Host Lighway|Teravolt
|
|-heal|p1a: Host Lighway|318\/391|[from] item: Leftovers
|-heal|p2a: Empoleon|180\/372 brn|[from] item: Leftovers
|-damage|p2a: Empoleon|134\/372 brn|[from] brn
|turn|7
|
|move|p1a: Host Lighway|Fusion Bolt|p2a: Empoleon
|-supereffective|p2a: Empoleon
|-damage|p2a: Empoleon|0 fnt
|faint|p2a: Empoleon
|
|-heal|p1a: Host Lighway|391\/391|[from] move: Wish|[wisher] It's Ly Mife
|
|switch|p2a: Azumarill|Azumarill, F|401\/401
|-damage|p2a: Azumarill|351\/401|[from] Stealth Rock
|turn|8
|
|switch|p1a: Red of Boses|Venusaur, M|363\/363
|-damage|p1a: Red of Boses|318\/363|[from] Stealth Rock
|move|p2a: Azumarill|Play Rough|p1a: Red of Boses
|-resisted|p1a: Red of Boses
|-damage|p1a: Red of Boses|231\/363
|
|turn|9
|
|switch|p2a: Venusaur|Venusaur, M|364\/364
|-damage|p2a: Venusaur|319\/364|[from] Stealth Rock
|detailschange|p1a: Red of Boses|Venusaur-Mega, M
|message|Venusaur has Mega Evolved into Mega Venusaur!
|move|p1a: Red of Boses|Synthesis|p1a: Red of Boses
|-heal|p1a: Red of Boses|363\/363
|
|turn|10
|
|switch|p1a: Mad Bedecine|Heatran, F|386\/386
|-damage|p1a: Mad Bedecine|338\/386|[from] Stealth Rock
|detailschange|p2a: Venusaur|Venusaur-Mega, M
|message|Venusaur has Mega Evolved into Mega Venusaur!
|move|p2a: Venusaur|Sludge Bomb|p1a: Mad Bedecine
|-immune|p1a: Mad Bedecine|[msg]
|
|-heal|p1a: Mad Bedecine|362\/386|[from] item: Leftovers
|turn|11
|
|move|p1a: Mad Bedecine|Taunt|p2a: Venusaur
|-start|p2a: Venusaur|move: Taunt
|cant|p2a: Venusaur|move: Taunt|Leech Seed
|
|-heal|p1a: Mad Bedecine|386\/386|[from] item: Leftovers
|turn|12
|
|switch|p2a: Azumarill|Azumarill, F|351\/401
|-damage|p2a: Azumarill|301\/401|[from] Stealth Rock
|move|p1a: Mad Bedecine|Lava Plume|p2a: Azumarill
|-resisted|p2a: Azumarill
|-damage|p2a: Azumarill|257\/401
|
|turn|13
|
|switch|p1a: Red of Boses|Venusaur-Mega, M|363\/363
|-damage|p1a: Red of Boses|318\/363|[from] Stealth Rock
|move|p2a: Azumarill|Knock Off|p1a: Red of Boses
|-damage|p1a: Red of Boses|256\/363
|
|turn|14
|
|switch|p2a: Excadrill|Excadrill, M|362\/362
|-damage|p2a: Excadrill|351\/362|[from] Stealth Rock
|-ability|p2a: Excadrill|Mold Breaker
|move|p1a: Red of Boses|Synthesis|p1a: Red of Boses
|-heal|p1a: Red of Boses|363\/363
|
|turn|15
|
|switch|p1a: It's Ly Mife|Vaporeon, M|464\/464
|-damage|p1a: It's Ly Mife|406\/464|[from] Stealth Rock
|move|p2a: Excadrill|Rapid Spin|p1a: It's Ly Mife
|-damage|p1a: It's Ly Mife|381\/464
|-sideend|p2: save the treeckos|Stealth Rock|[from] move: Rapid Spin|[of] p2a: Excadrill
|
|-heal|p1a: It's Ly Mife|410\/464|[from] item: Leftovers
|turn|16
|
|switch|p2a: Venusaur|Venusaur-Mega, M|319\/364
|move|p1a: It's Ly Mife|Wish|p1a: It's Ly Mife
|
|-heal|p1a: It's Ly Mife|439\/464|[from] item: Leftovers
|turn|17
|
|switch|p1a: Mad Bedecine|Heatran, F|386\/386
|-damage|p1a: Mad Bedecine|338\/386|[from] Stealth Rock
|move|p2a: Venusaur|Leech Seed|p1a: Mad Bedecine
|-start|p1a: Mad Bedecine|move: Leech Seed
|
|-heal|p1a: Mad Bedecine|386\/386|[from] move: Wish|[wisher] It's Ly Mife
|-damage|p1a: Mad Bedecine|338\/386|[from] Leech Seed|[of] p2a: Venusaur
|-heal|p2a: Venusaur|364\/364|[silent]
|turn|18
|
|move|p1a: Mad Bedecine|Stealth Rock|p2a: Venusaur
|-sidestart|p2: save the treeckos|move: Stealth Rock
|move|p2a: Venusaur|Giga Drain|p1a: Mad Bedecine
|-resisted|p1a: Mad Bedecine
|-damage|p1a: Mad Bedecine|319\/386
|
|-heal|p1a: Mad Bedecine|343\/386|[from] item: Leftovers
|-damage|p1a: Mad Bedecine|295\/386|[from] Leech Seed|[of] p2a: Venusaur
|turn|19
|
|switch|p1a: Red of Boses|Venusaur-Mega, M|363\/363
|-damage|p1a: Red of Boses|318\/363|[from] Stealth Rock
|move|p2a: Venusaur|Giga Drain|p1a: Red of Boses
|-resisted|p1a: Red of Boses
|-damage|p1a: Red of Boses|296\/363
|
|turn|20
|
|move|p1a: Red of Boses|Sludge Bomb|p2a: Venusaur
|-damage|p2a: Venusaur|256\/364
|move|p2a: Venusaur|Sludge Bomb|p1a: Red of Boses
|-damage|p1a: Red of Boses|191\/363
|
|turn|21
|
|switch|p2a: Excadrill|Excadrill, M|351\/362
|-damage|p2a: Excadrill|340\/362|[from] Stealth Rock
|-ability|p2a: Excadrill|Mold Breaker
|move|p1a: Red of Boses|Synthesis|p1a: Red of Boses
|-heal|p1a: Red of Boses|363\/363
|
|turn|22
|
|move|p2a: Excadrill|Earthquake|p1a: Red of Boses
|-damage|p1a: Red of Boses|227\/363
|move|p1a: Red of Boses|Giga Drain|p2a: Excadrill
|-damage|p2a: Excadrill|241\/362
|-heal|p1a: Red of Boses|277\/363|[from] drain|[of] p2a: Excadrill
|
|turn|23
|
|move|p2a: Excadrill|Rapid Spin|p1a: Red of Boses
|-damage|p1a: Red of Boses|260\/363
|-sideend|p2: save the treeckos|Stealth Rock|[from] move: Rapid Spin|[of] p2a: Excadrill
|move|p1a: Red of Boses|Giga Drain|p2a: Excadrill
|-damage|p2a: Excadrill|142\/362
|-heal|p1a: Red of Boses|310\/363|[from] drain|[of] p2a: Excadrill
|
|turn|24
|
|switch|p2a: Talonflame|Talonflame, M|328\/328
|move|p1a: Red of Boses|Sleep Powder|p2a: Talonflame
|-status|p2a: Talonflame|slp
|
|turn|25
|
|switch|p2a: Azumarill|Azumarill, F|257\/401
|move|p1a: Red of Boses|Sludge Bomb|p2a: Azumarill
|-supereffective|p2a: Azumarill
|-damage|p2a: Azumarill|69\/401
|
|turn|26
|
|move|p1a: Red of Boses|Giga Drain|p2a: Azumarill
|-supereffective|p2a: Azumarill
|-damage|p2a: Azumarill|0 fnt
|-heal|p1a: Red of Boses|345\/363|[from] drain|[of] p2a: Azumarill
|faint|p2a: Azumarill
|
|
|switch|p2a: Talonflame|Talonflame, M|328\/328 slp
|turn|27
|
|cant|p2a: Talonflame|slp
|move|p1a: Red of Boses|Sludge Bomb|p2a: Talonflame
|-damage|p2a: Talonflame|174\/328 slp
|
|turn|28
|
|switch|p1a: Mad Bedecine|Heatran, F|295\/386
|-damage|p1a: Mad Bedecine|247\/386|[from] Stealth Rock
|-curestatus|p2a: Talonflame|slp
|move|p2a: Talonflame|Brave Bird|p1a: Mad Bedecine
|-resisted|p1a: Mad Bedecine
|-damage|p1a: Mad Bedecine|170\/386
|-damage|p2a: Talonflame|149\/328|[from] recoil|[of] p1a: Mad Bedecine
|-enditem|p2a: Talonflame|Sitrus Berry|[eat]
|-heal|p2a: Talonflame|231\/328|[from] item: Sitrus Berry
|
|-heal|p1a: Mad Bedecine|194\/386|[from] item: Leftovers
|turn|29
|
|switch|p2a: Excadrill|Excadrill, M|142\/362
|-ability|p2a: Excadrill|Mold Breaker
|move|p1a: Mad Bedecine|Stealth Rock|p2a: Excadrill
|-sidestart|p2: save the treeckos|move: Stealth Rock
|
|-heal|p1a: Mad Bedecine|218\/386|[from] item: Leftovers
|turn|30
|
|switch|p1a: It's Ly Mife|Vaporeon, M|439\/464
|-damage|p1a: It's Ly Mife|381\/464|[from] Stealth Rock
|move|p2a: Excadrill|Rapid Spin|p1a: It's Ly Mife
|-crit|p1a: It's Ly Mife
|-damage|p1a: It's Ly Mife|339\/464
|-sideend|p2: save the treeckos|Stealth Rock|[from] move: Rapid Spin|[of] p2a: Excadrill
|
|-heal|p1a: It's Ly Mife|368\/464|[from] item: Leftovers
|turn|31
|
|move|p2a: Excadrill|Earthquake|p1a: It's Ly Mife
|-damage|p1a: It's Ly Mife|176\/464
|move|p1a: It's Ly Mife|Wish|p1a: It's Ly Mife
|
|-heal|p1a: It's Ly Mife|205\/464|[from] item: Leftovers
|turn|32
|
|move|p2a: Excadrill|Earthquake|p1a: It's Ly Mife
|-damage|p1a: It's Ly Mife|19\/464
|move|p1a: It's Ly Mife|Scald|p2a: Excadrill
|-supereffective|p2a: Excadrill
|-damage|p2a: Excadrill|0 fnt
|faint|p2a: Excadrill
|
|-heal|p1a: It's Ly Mife|251\/464|[from] move: Wish|[wisher] It's Ly Mife
|-heal|p1a: It's Ly Mife|280\/464|[from] item: Leftovers
|
|switch|p2a: Dragonite|Dragonite, M|324\/324
|turn|33
|
|move|p2a: Dragonite|Dragon Dance|p2a: Dragonite
|-boost|p2a: Dragonite|atk|1
|-boost|p2a: Dragonite|spe|1
|move|p1a: It's Ly Mife|Wish|p1a: It's Ly Mife
|
|-heal|p1a: It's Ly Mife|309\/464|[from] item: Leftovers
|turn|34
|
|switch|p1a: Red of Boses|Venusaur-Mega, M|345\/363
|-damage|p1a: Red of Boses|300\/363|[from] Stealth Rock
|move|p2a: Dragonite|Dragon Dance|p2a: Dragonite
|-boost|p2a: Dragonite|atk|1
|-boost|p2a: Dragonite|spe|1
|
|-heal|p1a: Red of Boses|363\/363|[from] move: Wish|[wisher] It's Ly Mife
|turn|35
|
|move|p2a: Dragonite|Dragon Claw|p1a: Red of Boses
|-damage|p1a: Red of Boses|177\/363
|move|p1a: Red of Boses|Sludge Bomb|p2a: Dragonite
|-damage|p2a: Dragonite|261\/324
|
|turn|36
|
|move|p2a: Dragonite|Dragon Claw|p1a: Red of Boses
|-crit|p1a: Red of Boses
|-damage|p1a: Red of Boses|0 fnt
|faint|p1a: Red of Boses
|
|
|switch|p1a: Pivin on a Lrayer|Donphan, M|106\/384
|-damage|p1a: Pivin on a Lrayer|82\/384|[from] Stealth Rock
|turn|37
|
|move|p2a: Dragonite|Extreme Speed|p1a: Pivin on a Lrayer
|-damage|p1a: Pivin on a Lrayer|0 fnt
|faint|p1a: Pivin on a Lrayer
|
|c|âJon Bovi|Go fuck urself
|leave|Jon Bovi
|player|p1
|-message|jonbovi lost due to inactivity.
|
|win|save the treeckos
|raw|Ladder updating...
|raw|Jon Bovi's rating: 1812 &rarr; <strong>1786<\/strong><br \/>(-26 for losing)
|raw|save the treeckos's rating: 1706 &rarr; <strong>1732<\/strong><br \/>(+26 for winning)