|join|Jon Bovi
|join|cannibalsuarez
|player|p1|Jon Bovi|240
|player|p2|cannibalsuarez|221
|gametype|singles
|gen|6
|tier|OU
|rated
|clearpoke
|poke|p1|Donphan, M
|poke|p1|Venusaur, M
|poke|p1|Aegislash, M
|poke|p1|Conkeldurr, M
|poke|p1|Heatran, F
|poke|p1|Gyarados, F
|poke|p2|Thundurus, M
|poke|p2|Keldeo
|poke|p2|Talonflame, M
|poke|p2|Mamoswine, M
|poke|p2|Tyranitar, F
|poke|p2|Latias, F
|rule|Swagger Clause: Swagger is banned
|rule|Baton Pass Clause: Limit one PokÃ©mon knowing Baton Pass
|rule|Sleep Clause Mod: Limit one foe put to sleep
|rule|Species Clause: Limit one of each PokÃ©mon
|rule|OHKO Clause: OHKO moves are banned
|rule|Moody Clause: Moody is banned
|rule|Evasion Moves Clause: Evasion moves are banned
|rule|Endless Battle Clause: Forcing endless battles is banned
|rule|HP Percentage Mod: HP is reported as percentages
|teampreview
|chat|Jon Bovi|LOL
|chat|Jon Bovi|Cannibal suarez
|chat|Jon Bovi|love it bro
|chat|Jon Bovi|gl hf
|chat|cannibalsuarez|u2
|
|start
|switch|p1a: Conkeldurr|Conkeldurr, M|351\/351
|switch|p2a: Keldeo|Keldeo|323\/323
|turn|1
|
|move|p2a: Keldeo|Secret Sword|p1a: Conkeldurr
|-damage|p1a: Conkeldurr|108\/351
|move|p1a: Conkeldurr|Drain Punch|p2a: Keldeo
|-crit|p2a: Keldeo
|-damage|p2a: Keldeo|95\/323
|-heal|p1a: Conkeldurr|222\/351|[from] drain|[of] p2a: Keldeo
|
|turn|2
|
|switch|p1a: Aegislash|Aegislash, M|282\/282
|move|p2a: Keldeo|Secret Sword|p1a: Aegislash
|-immune|p1a: Aegislash|[msg]
|
|turn|3
|
|switch|p2a: Mamoswine|Mamoswine, M|362\/362
|switch|p1a: Conkeldurr|Conkeldurr, M|222\/351
|
|turn|4
|
|switch|p1a: Gyarados|Gyarados, F|339\/339
|-ability|p1a: Gyarados|Intimidate|[of] p2a: Mamoswine
|-unboost|p2a: Mamoswine|atk|1
|move|p2a: Mamoswine|Icicle Spear|p1a: Gyarados
|-damage|p1a: Gyarados|306\/339
|-damage|p1a: Gyarados|266\/339
|-damage|p1a: Gyarados|230\/339
|-hitcount|p1a: Gyarados|3
|
|-heal|p1a: Gyarados|251\/339|[from] item: Leftovers
|turn|5
|
|move|p2a: Mamoswine|Stealth Rock|p1a: Gyarados
|-sidestart|p1: Jon Bovi|move: Stealth Rock
|move|p1a: Gyarados|Dragon Dance|p1a: Gyarados
|-boost|p1a: Gyarados|atk|1
|-boost|p1a: Gyarados|spe|1
|
|-heal|p1a: Gyarados|272\/339|[from] item: Leftovers
|turn|6
|
|move|p1a: Gyarados|Waterfall|p2a: Mamoswine
|-supereffective|p2a: Mamoswine
|-enditem|p2a: Mamoswine|Focus Sash
|-damage|p2a: Mamoswine|1\/362
|move|p2a: Mamoswine|Icicle Spear|p1a: Gyarados
|-damage|p1a: Gyarados|239\/339
|-damage|p1a: Gyarados|203\/339
|-damage|p1a: Gyarados|166\/339
|-hitcount|p1a: Gyarados|3
|
|-heal|p1a: Gyarados|187\/339|[from] item: Leftovers
|turn|7
|
|move|p2a: Mamoswine|Ice Shard|p1a: Gyarados
|-damage|p1a: Gyarados|132\/339
|move|p1a: Gyarados|Waterfall|p2a: Mamoswine
|-supereffective|p2a: Mamoswine
|-damage|p2a: Mamoswine|0 fnt
|faint|p2a: Mamoswine
|
|-heal|p1a: Gyarados|153\/339|[from] item: Leftovers
|
|switch|p2a: Talonflame|Talonflame, M|327\/327
|turn|8
|
|switch|p1a: Heatran|Heatran, F|385\/385
|-damage|p1a: Heatran|337\/385|[from] Stealth Rock
|move|p2a: Talonflame|Brave Bird|p1a: Heatran
|-resisted|p1a: Heatran
|-damage|p1a: Heatran|256\/385
|-damage|p2a: Talonflame|300\/327|[from] recoil|[of] p1a: Heatran
|
|-heal|p1a: Heatran|280\/385|[from] item: Leftovers
|turn|9
|
|switch|p2a: Keldeo|Keldeo|95\/323
|move|p1a: Heatran|Stealth Rock|p2a: Keldeo
|-sidestart|p2: cannibalsuarez|move: Stealth Rock
|
|-heal|p1a: Heatran|304\/385|[from] item: Leftovers
|turn|10
|
|switch|p1a: Venusaur|Venusaur, M|363\/363
|-damage|p1a: Venusaur|318\/363|[from] Stealth Rock
|move|p2a: Keldeo|Hydro Pump|p1a: Venusaur
|-resisted|p1a: Venusaur
|-damage|p1a: Venusaur|184\/363
|
|turn|11
|
|switch|p2a: Latias|Latias, F|302\/302
|-damage|p2a: Latias|265\/302|[from] Stealth Rock
|detailschange|p1a: Venusaur|Venusaur-Mega, M
|message|Venusaur has Mega Evolved into Mega Venusaur!
|move|p1a: Venusaur|Synthesis|p1a: Venusaur
|-heal|p1a: Venusaur|363\/363
|
|turn|12
|
|switch|p1a: Heatran|Heatran, F|304\/385
|-damage|p1a: Heatran|256\/385|[from] Stealth Rock
|move|p2a: Latias|Psyshock|p1a: Heatran
|-resisted|p1a: Heatran
|-damage|p1a: Heatran|182\/385
|-damage|p2a: Latias|235\/302|[from] item: Life Orb
|
|-heal|p1a: Heatran|206\/385|[from] item: Leftovers
|turn|13
|
|move|p2a: Latias|Defog|p1a: Heatran
|-unboost|p1a: Heatran|evasion|1
|-sideend|p1: Jon Bovi|Stealth Rock|[from] move: Defog|[of] p1a: Heatran
|-sideend|p2: cannibalsuarez|Stealth Rock|[from] move: Defog|[of] p2a: Latias
|move|p1a: Heatran|Toxic|p2a: Latias|[miss]
|-miss|p1a: Heatran|p2a: Latias
|
|-heal|p1a: Heatran|230\/385|[from] item: Leftovers
|turn|14
|
|switch|p2a: Keldeo|Keldeo|95\/323
|move|p1a: Heatran|Stealth Rock|p2a: Keldeo
|-sidestart|p2: cannibalsuarez|move: Stealth Rock
|
|-heal|p1a: Heatran|254\/385|[from] item: Leftovers
|turn|15
|
|switch|p1a: Venusaur|Venusaur-Mega, M|363\/363
|move|p2a: Keldeo|Scald|p1a: Venusaur
|-resisted|p1a: Venusaur
|-damage|p1a: Venusaur|266\/363
|
|turn|16
|
|move|p2a: Keldeo|Scald|p1a: Venusaur
|-resisted|p1a: Venusaur
|-damage|p1a: Venusaur|175\/363
|-status|p1a: Venusaur|brn
|move|p1a: Venusaur|Sludge Bomb|p2a: Keldeo
|-damage|p2a: Keldeo|0 fnt
|faint|p2a: Keldeo
|
|-damage|p1a: Venusaur|130\/363 brn|[from] brn
|
|switch|p2a: Thundurus|Thundurus, M|299\/299
|-damage|p2a: Thundurus|225\/299|[from] Stealth Rock
|turn|17
|
|move|p2a: Thundurus|Psychic|p1a: Venusaur
|-supereffective|p1a: Venusaur
|-damage|p1a: Venusaur|0 fnt
|-damage|p2a: Thundurus|196\/299|[from] item: Life Orb
|faint|p1a: Venusaur
|
|
|switch|p1a: Aegislash|Aegislash, M|282\/282
|turn|18
|
|move|p2a: Thundurus|Thunder Wave|p1a: Aegislash
|-status|p1a: Aegislash|par
|-formechange|p1a: Aegislash|Aegislash-Blade
|move|p1a: Aegislash|Shadow Ball|p2a: Thundurus
|-damage|p2a: Thundurus|30\/299
|
|turn|19
|
|switch|p1a: Conkeldurr|Conkeldurr, M|222\/351
|move|p2a: Thundurus|Thunderbolt|p1a: Conkeldurr
|-damage|p1a: Conkeldurr|93\/351
|-damage|p2a: Thundurus|1\/299|[from] item: Life Orb
|
|turn|20
|
|switch|p2a: Latias|Latias, F|235\/302
|-damage|p2a: Latias|198\/302|[from] Stealth Rock
|move|p1a: Conkeldurr|Mach Punch|p2a: Latias
|-resisted|p2a: Latias
|-damage|p2a: Latias|154\/302
|
|turn|21
|
|switch|p1a: Heatran|Heatran, F|254\/385
|move|p2a: Latias|Psyshock|p1a: Heatran
|-resisted|p1a: Heatran
|-damage|p1a: Heatran|171\/385
|-damage|p2a: Latias|124\/302|[from] item: Life Orb
|
|-heal|p1a: Heatran|195\/385|[from] item: Leftovers
|turn|22
|
|move|p2a: Latias|Psyshock|p1a: Heatran
|-resisted|p1a: Heatran
|-damage|p1a: Heatran|117\/385
|-damage|p2a: Latias|94\/302|[from] item: Life Orb
|move|p1a: Heatran|Toxic|p2a: Latias|[miss]
|-miss|p1a: Heatran|p2a: Latias
|
|-heal|p1a: Heatran|141\/385|[from] item: Leftovers
|turn|23
|chat|Jon Bovi|Shit
|
|switch|p1a: Aegislash|Aegislash, M|282\/282 par
|move|p2a: Latias|Defog|p1a: Aegislash
|-unboost|p1a: Aegislash|evasion|1
|-sideend|p2: cannibalsuarez|Stealth Rock|[from] move: Defog|[of] p2a: Latias
|
|turn|24
|
|move|p2a: Latias|Healing Wish|p2a: Latias
|faint|p2a: Latias
|-formechange|p1a: Aegislash|Aegislash-Blade
|move|p1a: Aegislash|Shadow Ball|p2: Latias|[notarget]
|-notarget
|
|
|switch|p2a: Thundurus|Thundurus, M|1\/299
|-heal|p2a: Thundurus|299\/299|[from] move: Healing Wish
|turn|25
|
|-formechange|p1a: Aegislash|Aegislash
|cant|p1a: Aegislash|par
|move|p2a: Thundurus|Hidden Power|p1a: Aegislash
|-resisted|p1a: Aegislash
|-damage|p1a: Aegislash|255\/282 par
|-damage|p2a: Thundurus|270\/299|[from] item: Life Orb
|
|-heal|p1a: Aegislash|272\/282 par|[from] item: Leftovers
|turn|26
|
|move|p2a: Thundurus|Thunderbolt|p1a: Aegislash
|-damage|p1a: Aegislash|147\/282 par
|-damage|p2a: Thundurus|241\/299|[from] item: Life Orb
|-formechange|p1a: Aegislash|Aegislash-Blade
|move|p1a: Aegislash|Shadow Ball|p2a: Thundurus
|-damage|p2a: Thundurus|75\/299
|-unboost|p2a: Thundurus|spd|1
|
|-heal|p1a: Aegislash|164\/282 par|[from] item: Leftovers
|turn|27
|
|move|p1a: Aegislash|Shadow Sneak|p2a: Thundurus
|-damage|p2a: Thundurus|0 fnt
|faint|p2a: Thundurus
|
|-heal|p1a: Aegislash|181\/282 par|[from] item: Leftovers
|
|switch|p2a: Tyranitar|Tyranitar, F|370\/370
|-weather|Sandstorm
|turn|28
|
|detailschange|p2a: Tyranitar|Tyranitar-Mega, F
|message|Tyranitar has Mega Evolved into Mega Tyranitar!
|move|p2a: Tyranitar|Dragon Dance|p2a: Tyranitar
|-boost|p2a: Tyranitar|atk|1
|-boost|p2a: Tyranitar|spe|1
|move|p1a: Aegislash|Iron Head|p2a: Tyranitar
|-crit|p2a: Tyranitar
|-supereffective|p2a: Tyranitar
|-damage|p2a: Tyranitar|62\/370
|
|-weather|Sandstorm|[upkeep]
|-heal|p1a: Aegislash|198\/282 par|[from] item: Leftovers
|turn|29
|
|cant|p1a: Aegislash|par
|move|p2a: Tyranitar|Earthquake|p1a: Aegislash
|-supereffective|p1a: Aegislash
|-damage|p1a: Aegislash|0 fnt
|faint|p1a: Aegislash
|
|-weather|Sandstorm|[upkeep]
|
|switch|p1a: Conkeldurr|Conkeldurr, M|93\/351
|turn|30
|
|switch|p2a: Talonflame|Talonflame, M|300\/327
|move|p1a: Conkeldurr|Mach Punch|p2a: Talonflame
|-resisted|p2a: Talonflame
|-damage|p2a: Talonflame|246\/327
|
|-weather|Sandstorm|[upkeep]
|-damage|p2a: Talonflame|226\/327|[from] sandstorm
|-damage|p1a: Conkeldurr|72\/351|[from] sandstorm
|turn|31
|
|switch|p1a: Gyarados|Gyarados, F|153\/339
|-ability|p1a: Gyarados|Intimidate|[of] p2a: Talonflame
|-unboost|p2a: Talonflame|atk|1
|move|p2a: Talonflame|Brave Bird|p1a: Gyarados
|-damage|p1a: Gyarados|5\/339
|-damage|p2a: Talonflame|177\/327|[from] recoil|[of] p1a: Gyarados
|
|-weather|Sandstorm|[upkeep]
|-damage|p2a: Talonflame|157\/327|[from] sandstorm
|-damage|p1a: Gyarados|0 fnt|[from] sandstorm
|faint|p1a: Gyarados
|
|switch|p1a: Heatran|Heatran, F|141\/385
|turn|32
|
|move|p2a: Talonflame|Swords Dance|p2a: Talonflame
|-boost|p2a: Talonflame|atk|2
|move|p1a: Heatran|Stealth Rock|p2a: Talonflame
|-sidestart|p2: cannibalsuarez|move: Stealth Rock
|
|-weather|none
|-heal|p1a: Heatran|165\/385|[from] item: Leftovers
|turn|33
|
|move|p2a: Talonflame|Roost|p2a: Talonflame
|-heal|p2a: Talonflame|321\/327
|move|p1a: Heatran|Toxic|p2a: Talonflame
|-status|p2a: Talonflame|tox
|
|-heal|p1a: Heatran|189\/385|[from] item: Leftovers
|-damage|p2a: Talonflame|301\/327 tox|[from] psn
|turn|34
|
|move|p2a: Talonflame|Brave Bird|p1a: Heatran
|-resisted|p1a: Heatran
|-damage|p1a: Heatran|63\/385
|-damage|p2a: Talonflame|259\/327 tox|[from] recoil|[of] p1a: Heatran
|move|p1a: Heatran|Taunt|p2a: Talonflame
|-start|p2a: Talonflame|move: Taunt
|
|-heal|p1a: Heatran|87\/385|[from] item: Leftovers
|-damage|p2a: Talonflame|219\/327 tox|[from] psn
|turn|35
|
|move|p2a: Talonflame|Brave Bird|p1a: Heatran
|-resisted|p1a: Heatran
|-damage|p1a: Heatran|0 fnt
|-damage|p2a: Talonflame|190\/327 tox|[from] recoil|[of] p1a: Heatran
|faint|p1a: Heatran
|
|-damage|p2a: Talonflame|130\/327 tox|[from] psn
|
|switch|p1a: Donphan|Donphan, M|384\/384
|turn|36
|chat|Jon Bovi|Gg
|
|move|p2a: Talonflame|Brave Bird|p1a: Donphan
|-damage|p1a: Donphan|162\/384
|-damage|p2a: Talonflame|57\/327 tox|[from] recoil|[of] p1a: Donphan
|move|p1a: Donphan|Ice Shard|p2a: Talonflame
|-damage|p2a: Talonflame|0 fnt
|faint|p2a: Talonflame
|
|-heal|p1a: Donphan|186\/384|[from] item: Leftovers
|chat|cannibalsuarez|gg
|
|switch|p2a: Tyranitar|Tyranitar-Mega, F|62\/370
|-damage|p2a: Tyranitar|16\/370|[from] Stealth Rock
|-weather|Sandstorm
|turn|37
|
|move|p1a: Donphan|Ice Shard|p2a: Tyranitar
|-damage|p2a: Tyranitar|0 fnt
|faint|p2a: Tyranitar
|
|win|Jon Bovi
|raw|Ladder updating...
|leave|cannibalsuarez
|raw|Jon Bovi's rating: 1722 &rarr; <strong>1737<\/strong><br \/>(+15 for winning)
|raw|cannibalsuarez's rating: 1628 &rarr; <strong>1613<\/strong><br \/>(-15 for losing)
|player|p2