|join|Jon Bovi
|join|MrSeasons
|player|p1|Jon Bovi|240
|player|p2|MrSeasons|286
|gametype|singles
|gen|6
|tier|OU
|rated
|clearpoke
|poke|p1|Donphan, M
|poke|p1|Venusaur, M
|poke|p1|Talonflame, M
|poke|p1|Vaporeon, M
|poke|p1|Heatran, F
|poke|p1|Kyurem-Black
|poke|p2|Rotom-Wash
|poke|p2|Heracross, F
|poke|p2|Ferrothorn, F
|poke|p2|Latios, M
|poke|p2|Landorus-Therian, M
|poke|p2|Clefable, F
|rule|Swagger Clause: Swagger is banned
|rule|Baton Pass Clause: Limit one PokÃ©mon knowing Baton Pass
|rule|Sleep Clause Mod: Limit one foe put to sleep
|rule|Species Clause: Limit one of each PokÃ©mon
|rule|OHKO Clause: OHKO moves are banned
|rule|Moody Clause: Moody is banned
|rule|Evasion Moves Clause: Evasion moves are banned
|rule|Endless Battle Clause: Forcing endless battles is banned
|rule|HP Percentage Mod: HP is shown in percentages
|teampreview
|
|start
|switch|p1a: Host Lighway|Kyurem-Black|391\/391
|switch|p2a: qSeasons|Rotom-Wash|303\/303
|-ability|p1a: Host Lighway|Teravolt
|turn|1
|
|switch|p2a: Seasons Verlis|Clefable, F|394\/394
|move|p1a: Host Lighway|Substitute|p1a: Host Lighway
|-start|p1a: Host Lighway|Substitute
|-damage|p1a: Host Lighway|294\/391
|
|-heal|p1a: Host Lighway|318\/391|[from] item: Leftovers
|turn|2
|
|move|p1a: Host Lighway|Ice Beam|p2a: Seasons Verlis
|-damage|p2a: Seasons Verlis|198\/394
|move|p2a: Seasons Verlis|Moonblast|p1a: Host Lighway
|-supereffective|p1a: Host Lighway
|-end|p1a: Host Lighway|Substitute
|
|-heal|p1a: Host Lighway|342\/391|[from] item: Leftovers
|-heal|p2a: Seasons Verlis|222\/394|[from] item: Leftovers
|turn|3
|
|switch|p1a: Mad Bedecine|Heatran, F|386\/386
|move|p2a: Seasons Verlis|Soft-Boiled|p2a: Seasons Verlis
|-heal|p2a: Seasons Verlis|394\/394
|
|turn|4
|
|switch|p2a: qSeasons|Rotom-Wash|303\/303
|move|p1a: Mad Bedecine|Stealth Rock|p2a: qSeasons
|-sidestart|p2: MrSeasons|move: Stealth Rock
|
|turn|5
|
|move|p2a: qSeasons|Will-O-Wisp|p1a: Mad Bedecine
|-start|p1a: Mad Bedecine|ability: Flash Fire
|move|p1a: Mad Bedecine|Toxic|p2a: qSeasons|[miss]
|-miss|p1a: Mad Bedecine|p2a: qSeasons
|
|turn|6
|
|move|p2a: qSeasons|Hydro Pump|p1a: Mad Bedecine
|-supereffective|p1a: Mad Bedecine
|-damage|p1a: Mad Bedecine|206\/386
|move|p1a: Mad Bedecine|Toxic|p2a: qSeasons
|-status|p2a: qSeasons|tox
|
|-heal|p1a: Mad Bedecine|230\/386|[from] item: Leftovers
|-damage|p2a: qSeasons|285\/303 tox|[from] psn
|turn|7
|
|switch|p1a: Host Lighway|Kyurem-Black|342\/391
|-ability|p1a: Host Lighway|Teravolt
|move|p2a: qSeasons|Volt Switch|p1a: Host Lighway
|-resisted|p1a: Host Lighway
|-damage|p1a: Host Lighway|294\/391
|
|switch|p2a: WolfPack|Latios, M|301\/301
|-damage|p2a: WolfPack|264\/301|[from] Stealth Rock
|
|-heal|p1a: Host Lighway|318\/391|[from] item: Leftovers
|turn|8
|
|switch|p1a: Mad Bedecine|Heatran, F|230\/386
|move|p2a: WolfPack|Draco Meteor|p1a: Mad Bedecine
|-resisted|p1a: Mad Bedecine
|-damage|p1a: Mad Bedecine|117\/386
|-unboost|p2a: WolfPack|spa|2
|-damage|p2a: WolfPack|234\/301|[from] item: Life Orb
|
|-heal|p1a: Mad Bedecine|141\/386|[from] item: Leftovers
|turn|9
|
|switch|p2a: qSeasons|Rotom-Wash|285\/303 tox
|-damage|p2a: qSeasons|248\/303 tox|[from] Stealth Rock
|switch|p1a: Glaze of Blory|Talonflame, M|359\/359
|
|-heal|p2a: qSeasons|266\/303 tox|[from] item: Leftovers
|-damage|p2a: qSeasons|248\/303 tox|[from] psn
|turn|10
|
|switch|p1a: Host Lighway|Kyurem-Black|318\/391
|-ability|p1a: Host Lighway|Teravolt
|move|p2a: qSeasons|Will-O-Wisp|p1a: Host Lighway
|-status|p1a: Host Lighway|brn
|
|-heal|p1a: Host Lighway|342\/391 brn|[from] item: Leftovers
|-heal|p2a: qSeasons|266\/303 tox|[from] item: Leftovers
|-damage|p1a: Host Lighway|294\/391 brn|[from] brn
|-damage|p2a: qSeasons|230\/303 tox|[from] psn
|turn|11
|
|switch|p2a: Seasons Verlis|Clefable, F|394\/394
|move|p1a: Host Lighway|Earth Power|p2a: Seasons Verlis
|-damage|p2a: Seasons Verlis|271\/394
|-unboost|p2a: Seasons Verlis|spd|1
|
|-heal|p1a: Host Lighway|318\/391 brn|[from] item: Leftovers
|-heal|p2a: Seasons Verlis|295\/394|[from] item: Leftovers
|-damage|p1a: Host Lighway|270\/391 brn|[from] brn
|turn|12
|
|switch|p1a: Mad Bedecine|Heatran, F|141\/386
|move|p2a: Seasons Verlis|Soft-Boiled|p2a: Seasons Verlis
|-heal|p2a: Seasons Verlis|394\/394
|
|-heal|p1a: Mad Bedecine|165\/386|[from] item: Leftovers
|turn|13
|
|switch|p2a: qSeasons|Rotom-Wash|230\/303 tox
|-damage|p2a: qSeasons|193\/303 tox|[from] Stealth Rock
|move|p1a: Mad Bedecine|Lava Plume|p2a: qSeasons
|-resisted|p2a: qSeasons
|-damage|p2a: qSeasons|139\/303 tox
|
|-heal|p2a: qSeasons|157\/303 tox|[from] item: Leftovers
|-heal|p1a: Mad Bedecine|189\/386|[from] item: Leftovers
|-damage|p2a: qSeasons|139\/303 tox|[from] psn
|turn|14
|
|switch|p1a: Red of Boses|Venusaur, M|363\/363
|move|p2a: qSeasons|Volt Switch|p1a: Red of Boses
|-resisted|p1a: Red of Boses
|-damage|p1a: Red of Boses|318\/363
|
|switch|p2a: SugarHigh|Ferrothorn, F|352\/352
|-damage|p2a: SugarHigh|330\/352|[from] Stealth Rock
|
|-heal|p2a: SugarHigh|352\/352|[from] item: Leftovers
|turn|15
|
|switch|p1a: Mad Bedecine|Heatran, F|189\/386
|move|p2a: SugarHigh|Stealth Rock|p1a: Mad Bedecine
|-sidestart|p1: Jon Bovi|move: Stealth Rock
|
|-heal|p1a: Mad Bedecine|213\/386|[from] item: Leftovers
|turn|16
|
|switch|p2a: WolfPack|Latios, M|234\/301
|-damage|p2a: WolfPack|197\/301|[from] Stealth Rock
|move|p1a: Mad Bedecine|Lava Plume|p2a: WolfPack
|-resisted|p2a: WolfPack
|-damage|p2a: WolfPack|147\/301
|
|-heal|p1a: Mad Bedecine|237\/386|[from] item: Leftovers
|turn|17
|
|move|p2a: WolfPack|Recover|p2a: WolfPack
|-heal|p2a: WolfPack|298\/301
|move|p1a: Mad Bedecine|Toxic|p2a: WolfPack
|-status|p2a: WolfPack|tox
|
|-heal|p1a: Mad Bedecine|261\/386|[from] item: Leftovers
|-damage|p2a: WolfPack|280\/301 tox|[from] psn
|turn|18
|
|move|p2a: WolfPack|Surf|p1a: Mad Bedecine
|-supereffective|p1a: Mad Bedecine
|-damage|p1a: Mad Bedecine|58\/386
|-damage|p2a: WolfPack|250\/301 tox|[from] item: Life Orb
|move|p1a: Mad Bedecine|Lava Plume|p2a: WolfPack
|-resisted|p2a: WolfPack
|-damage|p2a: WolfPack|199\/301 tox
|
|-heal|p1a: Mad Bedecine|82\/386|[from] item: Leftovers
|-damage|p2a: WolfPack|163\/301 tox|[from] psn
|turn|19
|
|switch|p1a: It's Ly Mife|Vaporeon, M|464\/464
|-damage|p1a: It's Ly Mife|406\/464|[from] Stealth Rock
|move|p2a: WolfPack|Recover|p2a: WolfPack
|-heal|p2a: WolfPack|301\/301 tox
|
|-heal|p1a: It's Ly Mife|435\/464|[from] item: Leftovers
|-damage|p2a: WolfPack|247\/301 tox|[from] psn
|turn|20
|
|switch|p2a: qSeasons|Rotom-Wash|139\/303 tox
|-damage|p2a: qSeasons|102\/303 tox|[from] Stealth Rock
|move|p1a: It's Ly Mife|Wish|p1a: It's Ly Mife
|
|-heal|p2a: qSeasons|120\/303 tox|[from] item: Leftovers
|-heal|p1a: It's Ly Mife|464\/464|[from] item: Leftovers
|-damage|p2a: qSeasons|102\/303 tox|[from] psn
|turn|21
|
|move|p2a: qSeasons|Volt Switch|p1a: It's Ly Mife
|-supereffective|p1a: It's Ly Mife
|-damage|p1a: It's Ly Mife|290\/464
|
|switch|p2a: SugarHigh|Ferrothorn, F|352\/352
|-damage|p2a: SugarHigh|330\/352|[from] Stealth Rock
|move|p1a: It's Ly Mife|Heal Bell|p1a: It's Ly Mife
|-cureteam|p1a: It's Ly Mife|[from] move: HealBell
|
|-heal|p1a: It's Ly Mife|464\/464|[from] move: Wish|[wisher] It's Ly Mife
|-heal|p2a: SugarHigh|352\/352|[from] item: Leftovers
|turn|22
|
|switch|p1a: Red of Boses|Venusaur, M|318\/363
|-damage|p1a: Red of Boses|273\/363|[from] Stealth Rock
|move|p2a: SugarHigh|Leech Seed|p1a: Red of Boses
|-immune|p1a: Red of Boses|[msg]
|
|turn|23
|
|detailschange|p1a: Red of Boses|Venusaur-Mega, M
|message|Venusaur has Mega Evolved into Mega Venusaur!
|move|p1a: Red of Boses|Synthesis|p1a: Red of Boses
|-heal|p1a: Red of Boses|363\/363
|move|p2a: SugarHigh|Gyro Ball|p1a: Red of Boses
|-damage|p1a: Red of Boses|275\/363
|
|turn|24
|
|switch|p1a: Mad Bedecine|Heatran, F|82\/386
|-damage|p1a: Mad Bedecine|34\/386|[from] Stealth Rock
|move|p2a: SugarHigh|Leech Seed|p1a: Mad Bedecine
|-start|p1a: Mad Bedecine|move: Leech Seed
|
|-heal|p1a: Mad Bedecine|58\/386|[from] item: Leftovers
|-damage|p1a: Mad Bedecine|10\/386|[from] Leech Seed|[of] p2a: SugarHigh
|turn|25
|
|switch|p1a: Glaze of Blory|Talonflame, M|359\/359
|-damage|p1a: Glaze of Blory|180\/359|[from] Stealth Rock
|move|p2a: SugarHigh|Protect|p2a: SugarHigh
|-fail|p2a: SugarHigh
|
|-heal|p1a: Glaze of Blory|202\/359|[from] item: Leftovers
|turn|26
|
|switch|p2a: Seasons Verlis|Clefable, F|394\/394
|move|p1a: Glaze of Blory|Roost|p1a: Glaze of Blory
|-heal|p1a: Glaze of Blory|359\/359
|
|turn|27
|
|switch|p2a: Lord Verlis|Landorus-Therian, M|320\/320
|-damage|p2a: Lord Verlis|280\/320|[from] Stealth Rock
|-ability|p2a: Lord Verlis|Intimidate|[of] p1a: Glaze of Blory
|-unboost|p1a: Glaze of Blory|atk|1
|move|p1a: Glaze of Blory|Taunt|p2a: Lord Verlis
|-start|p2a: Lord Verlis|move: Taunt
|
|turn|28
|
|switch|p1a: Pivin on a Lrayer|Donphan, M|384\/384
|-damage|p1a: Pivin on a Lrayer|360\/384|[from] Stealth Rock
|move|p2a: Lord Verlis|U-turn|p1a: Pivin on a Lrayer
|-damage|p1a: Pivin on a Lrayer|282\/384
|
|switch|p2a: WolfPack|Latios, M|247\/301 tox
|-damage|p2a: WolfPack|210\/301 tox|[from] Stealth Rock
|
|-heal|p1a: Pivin on a Lrayer|306\/384|[from] item: Leftovers
|-damage|p2a: WolfPack|192\/301 tox|[from] psn
|turn|29
|
|switch|p1a: Mad Bedecine|Heatran, F|10\/386
|-damage|p1a: Mad Bedecine|0 fnt|[from] Stealth Rock
|faint|p1a: Mad Bedecine
|move|p2a: WolfPack|Draco Meteor|p1: Mad Bedecine|[notarget]
|-notarget
|
|-damage|p2a: WolfPack|156\/301 tox|[from] psn
|
|switch|p1a: It's Ly Mife|Vaporeon, M|464\/464
|-damage|p1a: It's Ly Mife|406\/464|[from] Stealth Rock
|turn|30
|
|move|p2a: WolfPack|Recover|p2a: WolfPack
|-heal|p2a: WolfPack|301\/301 tox
|move|p1a: It's Ly Mife|Wish|p1a: It's Ly Mife
|
|-heal|p1a: It's Ly Mife|435\/464|[from] item: Leftovers
|-damage|p2a: WolfPack|247\/301 tox|[from] psn
|turn|31
|
|switch|p2a: qSeasons|Rotom-Wash|102\/303 tox
|-damage|p2a: qSeasons|65\/303 tox|[from] Stealth Rock
|move|p1a: It's Ly Mife|Scald|p2a: qSeasons
|-resisted|p2a: qSeasons
|-damage|p2a: qSeasons|20\/303 tox
|
|-heal|p1a: It's Ly Mife|464\/464|[from] move: Wish|[wisher] It's Ly Mife
|-heal|p2a: qSeasons|38\/303 tox|[from] item: Leftovers
|-damage|p2a: qSeasons|20\/303 tox|[from] psn
|turn|32
|
|move|p1a: It's Ly Mife|Protect|p1a: It's Ly Mife
|-singleturn|p1a: It's Ly Mife|Protect
|move|p2a: qSeasons|Pain Split|p1a: It's Ly Mife
|-activate|p1a: It's Ly Mife|Protect
|
|-heal|p2a: qSeasons|38\/303 tox|[from] item: Leftovers
|-damage|p2a: qSeasons|2\/303 tox|[from] psn
|turn|33
|
|switch|p1a: Host Lighway|Kyurem-Black|270\/391
|-damage|p1a: Host Lighway|173\/391|[from] Stealth Rock
|-ability|p1a: Host Lighway|Teravolt
|move|p2a: qSeasons|Pain Split|p1a: Host Lighway
|-sethp|p1a: Host Lighway|87\/391|p2a: qSeasons|87\/303 tox|[from] move: Pain Split
|
|-heal|p1a: Host Lighway|111\/391|[from] item: Leftovers
|-heal|p2a: qSeasons|105\/303 tox|[from] item: Leftovers
|-damage|p2a: qSeasons|51\/303 tox|[from] psn
|turn|34
|
|switch|p2a: Seasons Verlis|Clefable, F|394\/394
|move|p1a: Host Lighway|Ice Beam|p2a: Seasons Verlis
|-damage|p2a: Seasons Verlis|207\/394
|
|-heal|p1a: Host Lighway|135\/391|[from] item: Leftovers
|-heal|p2a: Seasons Verlis|231\/394|[from] item: Leftovers
|turn|35
|
|switch|p1a: Glaze of Blory|Talonflame, M|359\/359
|-damage|p1a: Glaze of Blory|180\/359|[from] Stealth Rock
|move|p2a: Seasons Verlis|Moonblast|p1a: Glaze of Blory
|-resisted|p1a: Glaze of Blory
|-damage|p1a: Glaze of Blory|127\/359
|
|-heal|p1a: Glaze of Blory|149\/359|[from] item: Leftovers
|-heal|p2a: Seasons Verlis|255\/394|[from] item: Leftovers
|turn|36
|
|switch|p2a: qSeasons|Rotom-Wash|51\/303 tox
|-damage|p2a: qSeasons|14\/303 tox|[from] Stealth Rock
|move|p1a: Glaze of Blory|Roost|p1a: Glaze of Blory
|-heal|p1a: Glaze of Blory|329\/359
|
|-heal|p1a: Glaze of Blory|351\/359|[from] item: Leftovers
|-heal|p2a: qSeasons|32\/303 tox|[from] item: Leftovers
|-damage|p2a: qSeasons|14\/303 tox|[from] psn
|turn|37
|
|move|p1a: Glaze of Blory|Brave Bird|p2a: qSeasons
|-resisted|p2a: qSeasons
|-damage|p2a: qSeasons|0 fnt
|-damage|p1a: Glaze of Blory|346\/359|[from] recoil|[of] p2a: qSeasons
|faint|p2a: qSeasons
|
|-heal|p1a: Glaze of Blory|359\/359|[from] item: Leftovers
|
|switch|p2a: Lord Verlis|Landorus-Therian, M|280\/320
|-damage|p2a: Lord Verlis|240\/320|[from] Stealth Rock
|-ability|p2a: Lord Verlis|Intimidate|[of] p1a: Glaze of Blory
|-unboost|p1a: Glaze of Blory|atk|1
|turn|38
|
|switch|p1a: Pivin on a Lrayer|Donphan, M|306\/384
|-damage|p1a: Pivin on a Lrayer|282\/384|[from] Stealth Rock
|move|p2a: Lord Verlis|U-turn|p1a: Pivin on a Lrayer
|-crit|p1a: Pivin on a Lrayer
|-damage|p1a: Pivin on a Lrayer|160\/384
|
|switch|p2a: qSeasons|Heracross, F|302\/302
|-damage|p2a: qSeasons|265\/302|[from] Stealth Rock
|
|-heal|p1a: Pivin on a Lrayer|184\/384|[from] item: Leftovers
|turn|39
|
|switch|p1a: Glaze of Blory|Talonflame, M|359\/359
|-damage|p1a: Glaze of Blory|180\/359|[from] Stealth Rock
|detailschange|p2a: qSeasons|Heracross-Mega, F
|message|Heracross has Mega Evolved into Mega Heracross!
|move|p2a: qSeasons|Close Combat|p1a: Glaze of Blory
|-resisted|p1a: Glaze of Blory
|-damage|p1a: Glaze of Blory|0 fnt
|-unboost|p2a: qSeasons|def|1
|-unboost|p2a: qSeasons|spd|1
|faint|p1a: Glaze of Blory
|
|
|switch|p1a: Host Lighway|Kyurem-Black|135\/391
|-damage|p1a: Host Lighway|38\/391|[from] Stealth Rock
|-ability|p1a: Host Lighway|Teravolt
|turn|40
|
|switch|p2a: SugarHigh|Ferrothorn, F|352\/352
|-damage|p2a: SugarHigh|330\/352|[from] Stealth Rock
|move|p1a: Host Lighway|Ice Beam|p2a: SugarHigh
|-damage|p2a: SugarHigh|212\/352
|
|-heal|p1a: Host Lighway|62\/391|[from] item: Leftovers
|-heal|p2a: SugarHigh|234\/352|[from] item: Leftovers
|turn|41
|
|move|p1a: Host Lighway|Ice Beam|p2a: SugarHigh
|-damage|p2a: SugarHigh|114\/352
|-status|p2a: SugarHigh|frz
|-curestatus|p2a: SugarHigh|frz
|move|p2a: SugarHigh|Gyro Ball|p1a: Host Lighway
|-supereffective|p1a: Host Lighway
|-damage|p1a: Host Lighway|0 fnt
|faint|p1a: Host Lighway
|
|-heal|p2a: SugarHigh|136\/352|[from] item: Leftovers
|
|switch|p1a: Pivin on a Lrayer|Donphan, M|184\/384
|-damage|p1a: Pivin on a Lrayer|160\/384|[from] Stealth Rock
|turn|42
|
|move|p1a: Pivin on a Lrayer|Earthquake|p2a: SugarHigh
|-damage|p2a: SugarHigh|4\/352
|move|p2a: SugarHigh|Leech Seed|p1a: Pivin on a Lrayer
|-start|p1a: Pivin on a Lrayer|move: Leech Seed
|
|-heal|p1a: Pivin on a Lrayer|184\/384|[from] item: Leftovers
|-heal|p2a: SugarHigh|26\/352|[from] item: Leftovers
|-damage|p1a: Pivin on a Lrayer|136\/384|[from] Leech Seed|[of] p2a: SugarHigh
|-heal|p2a: SugarHigh|74\/352|[silent]
|turn|43
|-message|Jon Bovi forfeited.
|
|win|MrSeasons
|raw|Ladder updating...
|raw|Jon Bovi's rating: 1840 &rarr; <strong>1817<\/strong><br \/>(-23 for losing)
|raw|MrSeasons's rating: 1792 &rarr; <strong>1815<\/strong><br \/>(+23 for winning)
|leave|Jon Bovi
|player|p1