|join|Jon Bovi
|join|LT1A reyscarface
|player|p1|Jon Bovi|240
|player|p2|LT1A reyscarface|265
|gametype|singles
|gen|6
|tier|OU
|rated
|clearpoke
|poke|p1|Mandibuzz, F
|poke|p1|Empoleon, M
|poke|p1|Latias, F
|poke|p1|Donphan, M
|poke|p1|Venusaur, M
|poke|p1|Tyranitar, F
|poke|p2|Tyranitar, M
|poke|p2|Latios, M
|poke|p2|Scizor, F
|poke|p2|Rotom-Wash
|poke|p2|Excadrill, F
|poke|p2|Landorus, M
|rule|Swagger Clause: Swagger is banned
|rule|Baton Pass Clause: Limit one PokÃ©mon knowing Baton Pass
|rule|Sleep Clause Mod: Limit one foe put to sleep
|rule|Species Clause: Limit one of each PokÃ©mon
|rule|OHKO Clause: OHKO moves are banned
|rule|Moody Clause: Moody is banned
|rule|Evasion Moves Clause: Evasion moves are banned
|rule|Endless Battle Clause: Forcing endless battles is banned
|rule|HP Percentage Mod: HP is shown in percentages
|teampreview
|c|âJon Bovi|Wtf
|c|âJon Bovi|another lt1a
|c|âJon Bovi|How come?
|
|start
|switch|p1a: Empoleon|Empoleon, M|352\/352
|switch|p2a: Landorus|Landorus, M|331\/331
|turn|1
|
|switch|p1a: Latias|Latias, F|319\/319
|move|p2a: Landorus|Earth Power|p1a: Latias
|-immune|p1a: Latias|[msg]
|
|turn|2
|
|switch|p1a: Tyranitar|Tyranitar, F|341\/341
|-weather|Sandstorm
|switch|p2a: Tyranitar|Tyranitar, M|404\/404
|
|-weather|Sandstorm|[upkeep]
|turn|3
|
|move|p1a: Tyranitar|Superpower|p2a: Tyranitar
|-supereffective|p2a: Tyranitar
|-damage|p2a: Tyranitar|0 fnt
|-unboost|p1a: Tyranitar|atk|1
|-unboost|p1a: Tyranitar|def|1
|faint|p2a: Tyranitar
|
|-weather|Sandstorm|[upkeep]
|join|LT1B daftmau5
|
|switch|p2a: Landorus|Landorus, M|331\/331
|turn|4
|
|switch|p1a: Latias|Latias, F|319\/319
|move|p2a: Landorus|Substitute|p2a: Landorus
|-start|p2a: Landorus|Substitute
|-damage|p2a: Landorus|249\/331
|
|-weather|Sandstorm|[upkeep]
|-damage|p1a: Latias|300\/319|[from] sandstorm
|turn|5
|
|move|p1a: Latias|Surf|p2a: Landorus
|-supereffective|p2a: Landorus
|-end|p2a: Landorus|Substitute
|-damage|p1a: Latias|269\/319|[from] item: Life Orb
|move|p2a: Landorus|Sludge Wave|p1a: Latias
|-damage|p1a: Latias|123\/319
|
|-weather|Sandstorm|[upkeep]
|-damage|p1a: Latias|104\/319|[from] sandstorm
|turn|6
|
|switch|p2a: Scizor|Scizor, F|343\/343
|move|p1a: Latias|Roost|p1a: Latias
|-heal|p1a: Latias|264\/319
|
|-weather|none
|turn|7
|
|switch|p1a: Empoleon|Empoleon, M|352\/352
|detailschange|p2a: Scizor|Scizor-Mega, F
|message|Scizor has Mega Evolved into Mega Scizor!
|move|p2a: Scizor|Knock Off|p1a: Empoleon
|-damage|p1a: Empoleon|195\/352
|-enditem|p1a: Empoleon|Leftovers|[from] move: Knock Off|[of] p2a: Scizor
|
|turn|8
|join|LT1A Hyper Drive
|
|switch|p2a: Rotom-Wash|Rotom-Wash|304\/304
|move|p1a: Empoleon|Stealth Rock|p2a: Rotom-Wash
|-sidestart|p2: LT1A reyscarface|move: Stealth Rock
|
|turn|9
|
|switch|p1a: Latias|Latias, F|264\/319
|move|p2a: Rotom-Wash|Volt Switch|p1a: Latias
|-resisted|p1a: Latias
|-damage|p1a: Latias|228\/319
|
|switch|p2a: Scizor|Scizor-Mega, F|343\/343
|-damage|p2a: Scizor|301\/343|[from] Stealth Rock
|
|turn|10
|
|switch|p1a: Red of Boses|Venusaur, M|363\/363
|move|p2a: Scizor|Knock Off|p1a: Red of Boses
|-damage|p1a: Red of Boses|277\/363
|
|turn|11
|
|switch|p2a: Latios|Latios, M|304\/304
|-damage|p2a: Latios|266\/304|[from] Stealth Rock
|detailschange|p1a: Red of Boses|Venusaur-Mega, M
|message|Venusaur has Mega Evolved into Mega Venusaur!
|move|p1a: Red of Boses|Sleep Powder|p2a: Latios
|-status|p2a: Latios|slp
|
|turn|12
|
|switch|p2a: Scizor|Scizor-Mega, F|301\/343
|-damage|p2a: Scizor|259\/343|[from] Stealth Rock
|switch|p1a: Mandibuzz|Mandibuzz, F|423\/423
|
|turn|13
|join|ch2ld please
|join|lunarr
|
|move|p1a: Mandibuzz|Foul Play|p2a: Scizor
|-damage|p2a: Scizor|121\/343
|move|p2a: Scizor|Roost|p2a: Scizor
|-heal|p2a: Scizor|293\/343
|
|turn|14
|join|Ba$ed Goomy
|
|move|p1a: Mandibuzz|Foul Play|p2a: Scizor
|-damage|p2a: Scizor|155\/343
|move|p2a: Scizor|Knock Off|p1a: Mandibuzz
|-resisted|p1a: Mandibuzz
|-damage|p1a: Mandibuzz|373\/423
|-enditem|p1a: Mandibuzz|Leftovers|[from] move: Knock Off|[of] p2a: Scizor
|
|turn|15
|
|move|p1a: Mandibuzz|Taunt|p2a: Scizor
|-start|p2a: Scizor|move: Taunt
|cant|p2a: Scizor|move: Taunt|Roost
|
|turn|16
|
|switch|p2a: Rotom-Wash|Rotom-Wash|304\/304
|-damage|p2a: Rotom-Wash|266\/304|[from] Stealth Rock
|move|p1a: Mandibuzz|Knock Off|p2a: Rotom-Wash
|-damage|p2a: Rotom-Wash|208\/304
|-enditem|p2a: Rotom-Wash|Leftovers|[from] move: Knock Off|[of] p1a: Mandibuzz
|
|turn|17
|
|switch|p1a: Latias|Latias, F|228\/319
|move|p2a: Rotom-Wash|Will-O-Wisp|p1a: Latias
|-status|p1a: Latias|brn
|
|-damage|p1a: Latias|189\/319 brn|[from] brn
|turn|18
|
|move|p1a: Latias|Draco Meteor|p2a: Rotom-Wash
|-damage|p2a: Rotom-Wash|0 fnt
|-unboost|p1a: Latias|spa|2
|-damage|p1a: Latias|158\/319 brn|[from] item: Life Orb
|faint|p2a: Rotom-Wash
|
|-damage|p1a: Latias|119\/319 brn|[from] brn
|
|switch|p2a: Scizor|Scizor-Mega, F|155\/343
|-damage|p2a: Scizor|113\/343|[from] Stealth Rock
|turn|19
|join|Masati 5
|
|switch|p1a: Mandibuzz|Mandibuzz, F|373\/423
|move|p2a: Scizor|Roost|p2a: Scizor
|-heal|p2a: Scizor|285\/343
|
|turn|20
|
|move|p1a: Mandibuzz|Foul Play|p2a: Scizor
|-damage|p2a: Scizor|132\/343
|move|p2a: Scizor|Roost|p2a: Scizor
|-heal|p2a: Scizor|304\/343
|
|turn|21
|
|move|p1a: Mandibuzz|Foul Play|p2a: Scizor
|-damage|p2a: Scizor|144\/343
|move|p2a: Scizor|Roost|p2a: Scizor
|-heal|p2a: Scizor|316\/343
|
|turn|22
|
|move|p1a: Mandibuzz|Foul Play|p2a: Scizor
|-damage|p2a: Scizor|175\/343
|move|p2a: Scizor|U-turn|p1a: Mandibuzz
|-damage|p1a: Mandibuzz|255\/423
|
|switch|p2a: Excadrill|Excadrill, F|362\/362
|-damage|p2a: Excadrill|351\/362|[from] Stealth Rock
|
|turn|23
|
|switch|p1a: Pivin on a Lrayer|Donphan, M|384\/384
|move|p2a: Excadrill|Rock Slide|p1a: Pivin on a Lrayer
|-resisted|p1a: Pivin on a Lrayer
|-damage|p1a: Pivin on a Lrayer|326\/384
|-damage|p2a: Excadrill|315\/362|[from] item: Life Orb
|
|-heal|p1a: Pivin on a Lrayer|350\/384|[from] item: Leftovers
|turn|24
|
|switch|p2a: Scizor|Scizor-Mega, F|175\/343
|-damage|p2a: Scizor|133\/343|[from] Stealth Rock
|move|p1a: Pivin on a Lrayer|Stone Edge|p2a: Scizor
|-crit|p2a: Scizor
|-damage|p2a: Scizor|0 fnt
|faint|p2a: Scizor
|
|-heal|p1a: Pivin on a Lrayer|374\/384|[from] item: Leftovers
|
|switch|p2a: Landorus|Landorus, M|249\/331
|-damage|p2a: Landorus|208\/331|[from] Stealth Rock
|turn|25
|c| LT1A Hyper Drive|lol
|c| LT1A Hyper Drive|woah
|c| LT1A Hyper Drive|psst
|c| LT1A Hyper Drive|he has ice shard
|c| LT1A Hyper Drive|maybe
|
|move|p1a: Pivin on a Lrayer|Ice Shard|p2a: Landorus
|-supereffective|p2a: Landorus
|-damage|p2a: Landorus|0 fnt
|faint|p2a: Landorus
|
|-heal|p1a: Pivin on a Lrayer|384\/384|[from] item: Leftovers
|-message|LT1A reyscarface forfeited.
|
|win|Jon Bovi
|raw|Ladder updating...
|leave|LT1A reyscarface
|player|p2
|raw|Jon Bovi's rating: 1821 &rarr; <strong>1845<\/strong><br \/>(+24 for winning)
|raw|LT1A reyscarface's rating: 1899 &rarr; <strong>1874<\/strong><br \/>(-25 for losing)
|c| LT1A Hyper Drive|lol
|c|âJon Bovi|Haha
|c| LT1A Hyper Drive|solid team jon
|c| LT1A Hyper Drive|nb at all
|c| LT1A Hyper Drive|well solid in this battle
|c|âJon Bovi|ty man
|c|âJon Bovi|can u tell me something?
|c| LT1A Hyper Drive|sure
|leave|LT1B daftmau5
|c| LT1A Hyper Drive|tell u what 0.0?
|c|âJon Bovi|why is everyone calling themselves lt1a?
|c| LT1A Hyper Drive|oh
|c| LT1A Hyper Drive|its the smogon tournament
|c|âJon Bovi|Oh cool
|c| LT1A Hyper Drive|u have to call ur self LT1A
|c| LT1A Hyper Drive|or B
|c| LT1A Hyper Drive|or C
|c| LT1A Hyper Drive|depending on ur alts
|c| Ba$ed Goomy|He was 50-6 btw b4 that battle
|c| LT1A Hyper Drive|to join
|c| LT1A Hyper Drive|ik
|c|âJon Bovi|why?
|c| LT1A Hyper Drive|im 20-0
|c| LT1A Hyper Drive|so far :\/
|c|âJon Bovi|awesome
|c| LT1A Hyper Drive|its cuz
|c| LT1A Hyper Drive|u have to start fresh
|c| LT1A Hyper Drive|and this is a good way to keep track
|c|âJon Bovi|i see
|c| LT1A Hyper Drive|u actually knocked him out of the top 8
|c|âJon Bovi|How do I sign up?
|c| LT1A Hyper Drive|lol
|c| LT1A Hyper Drive|go to olt room
|c| LT1A Hyper Drive|then read the
|c| LT1A Hyper Drive|intro
|c|âJon Bovi|ok thx man
|leave|Ba$ed Goomy
|c| LT1A Hyper Drive|np
|c|âJon Bovi|cya around!
|c| LT1A Hyper Drive|u2
|leave|LT1A Hyper Drive