|join|Jon Bovi
|join|Aka DH
|player|p1|Jon Bovi|240
|player|p2|Aka DH|68
|gametype|singles
|gen|6
|tier|OU
|rated
|clearpoke
|poke|p1|Donphan, M
|poke|p1|Venusaur, M
|poke|p1|Talonflame, M
|poke|p1|Vaporeon, M
|poke|p1|Heatran, F
|poke|p1|Kyurem-Black
|poke|p2|Bisharp, M
|poke|p2|Venusaur, M
|poke|p2|Heatran, M
|poke|p2|Keldeo
|poke|p2|Chansey, F
|poke|p2|Skarmory, M
|rule|Swagger Clause: Swagger is banned
|rule|Baton Pass Clause: Limit one PokÃ©mon knowing Baton Pass
|rule|Sleep Clause Mod: Limit one foe put to sleep
|rule|Species Clause: Limit one of each PokÃ©mon
|rule|OHKO Clause: OHKO moves are banned
|rule|Moody Clause: Moody is banned
|rule|Evasion Moves Clause: Evasion moves are banned
|rule|Endless Battle Clause: Forcing endless battles is banned
|rule|HP Percentage Mod: HP is shown in percentages
|teampreview
|
|start
|switch|p1a: Mad Bedecine|Heatran, F|386\/386
|switch|p2a: Heatran|Heatran, M|340\/340
|-item|p2a: Heatran|Air Balloon
|turn|1
|
|move|p2a: Heatran|Stealth Rock|p1a: Mad Bedecine
|-sidestart|p1: Jon Bovi|move: Stealth Rock
|move|p1a: Mad Bedecine|Taunt|p2a: Heatran
|-start|p2a: Heatran|move: Taunt
|
|turn|2
|
|switch|p2a: Keldeo|Keldeo|323\/323
|move|p1a: Mad Bedecine|Stealth Rock|p2a: Keldeo
|-sidestart|p2: Aka DH|move: Stealth Rock
|
|turn|3
|
|switch|p1a: Red of Boses|Venusaur, M|363\/363
|-damage|p1a: Red of Boses|318\/363|[from] Stealth Rock
|move|p2a: Keldeo|Scald|p1a: Red of Boses
|-resisted|p1a: Red of Boses
|-damage|p1a: Red of Boses|250\/363
|
|turn|4
|
|switch|p2a: Heatran|Heatran, M|340\/340
|-damage|p2a: Heatran|298\/340|[from] Stealth Rock
|-item|p2a: Heatran|Air Balloon
|detailschange|p1a: Red of Boses|Venusaur-Mega, M
|message|Venusaur has Mega Evolved into Mega Venusaur!
|move|p1a: Red of Boses|Giga Drain|p2a: Heatran
|-resisted|p2a: Heatran
|-damage|p2a: Heatran|271\/340
|-heal|p1a: Red of Boses|264\/363|[from] drain|[of] p2a: Heatran
|-enditem|p2a: Heatran|Air Balloon
|
|turn|5
|
|move|p2a: Heatran|Fire Blast|p1a: Red of Boses
|-supereffective|p1a: Red of Boses
|-damage|p1a: Red of Boses|118\/363
|move|p1a: Red of Boses|Sleep Powder|p2a: Heatran
|-status|p2a: Heatran|slp
|
|turn|6
|
|switch|p2a: Bisharp|Bisharp, M|334\/334
|-damage|p2a: Bisharp|314\/334|[from] Stealth Rock
|move|p1a: Red of Boses|Synthesis|p1a: Red of Boses
|-heal|p1a: Red of Boses|299\/363
|
|-heal|p2a: Bisharp|334\/334|[from] item: Leftovers
|turn|7
|
|switch|p1a: Mad Bedecine|Heatran, F|386\/386
|-damage|p1a: Mad Bedecine|338\/386|[from] Stealth Rock
|move|p2a: Bisharp|Knock Off|p1a: Mad Bedecine
|-crit|p1a: Mad Bedecine
|-damage|p1a: Mad Bedecine|68\/386
|-enditem|p1a: Mad Bedecine|Leftovers|[from] move: Knock Off|[of] p2a: Bisharp
|
|turn|8
|
|switch|p1a: Pivin on a Lrayer|Donphan, M|384\/384
|-damage|p1a: Pivin on a Lrayer|360\/384|[from] Stealth Rock
|move|p2a: Bisharp|Sucker Punch|p1a: Pivin on a Lrayer
|-fail|p1a: Pivin on a Lrayer
|
|-heal|p1a: Pivin on a Lrayer|384\/384|[from] item: Leftovers
|turn|9
|
|move|p2a: Bisharp|Iron Head|p1a: Pivin on a Lrayer
|-damage|p1a: Pivin on a Lrayer|249\/384
|move|p1a: Pivin on a Lrayer|Rapid Spin|p2a: Bisharp
|-resisted|p2a: Bisharp
|-damage|p2a: Bisharp|321\/334
|-sideend|p1: Jon Bovi|Stealth Rock|[from] move: Rapid Spin|[of] p1a: Pivin on a Lrayer
|
|-heal|p2a: Bisharp|334\/334|[from] item: Leftovers
|-heal|p1a: Pivin on a Lrayer|273\/384|[from] item: Leftovers
|turn|10
|
|move|p2a: Bisharp|Knock Off|p1a: Pivin on a Lrayer
|-damage|p1a: Pivin on a Lrayer|104\/384
|-enditem|p1a: Pivin on a Lrayer|Leftovers|[from] move: Knock Off|[of] p2a: Bisharp
|move|p1a: Pivin on a Lrayer|Earthquake|p2a: Bisharp
|-supereffective|p2a: Bisharp
|-damage|p2a: Bisharp|0 fnt
|faint|p2a: Bisharp
|
|
|switch|p2a: Skarmory|Skarmory, M|334\/334
|-damage|p2a: Skarmory|293\/334|[from] Stealth Rock
|turn|11
|
|switch|p1a: Glaze of Blory|Talonflame, M|359\/359
|move|p2a: Skarmory|Spikes|p1a: Glaze of Blory
|-sidestart|p1: Jon Bovi|Spikes
|
|turn|12
|
|switch|p2a: Chansey|Chansey, F|684\/684
|-damage|p2a: Chansey|599\/684|[from] Stealth Rock
|move|p1a: Glaze of Blory|Taunt|p2a: Chansey
|-start|p2a: Chansey|move: Taunt
|
|turn|13
|
|move|p1a: Glaze of Blory|Will-O-Wisp|p2a: Chansey
|-status|p2a: Chansey|brn
|move|p2a: Chansey|Seismic Toss|p1a: Glaze of Blory
|-damage|p1a: Glaze of Blory|259\/359
|
|-heal|p1a: Glaze of Blory|281\/359|[from] item: Leftovers
|-damage|p2a: Chansey|514\/684 brn|[from] brn
|turn|14
|
|switch|p2a: Heatran|Heatran, M|271\/340 slp
|-damage|p2a: Heatran|229\/340 slp|[from] Stealth Rock
|move|p1a: Glaze of Blory|Will-O-Wisp|p2a: Heatran
|-start|p2a: Heatran|ability: Flash Fire
|
|-heal|p1a: Glaze of Blory|303\/359|[from] item: Leftovers
|turn|15
|
|move|p1a: Glaze of Blory|Brave Bird|p2a: Heatran
|-resisted|p2a: Heatran
|-damage|p2a: Heatran|185\/340 slp
|-damage|p1a: Glaze of Blory|288\/359|[from] recoil|[of] p2a: Heatran
|cant|p2a: Heatran|slp
|
|-heal|p1a: Glaze of Blory|310\/359|[from] item: Leftovers
|turn|16
|
|move|p1a: Glaze of Blory|Taunt|p2a: Heatran
|-start|p2a: Heatran|move: Taunt
|-curestatus|p2a: Heatran|slp
|move|p2a: Heatran|Fire Blast|p1a: Glaze of Blory
|-resisted|p1a: Glaze of Blory
|-damage|p1a: Glaze of Blory|190\/359
|
|-heal|p1a: Glaze of Blory|212\/359|[from] item: Leftovers
|turn|17
|
|move|p1a: Glaze of Blory|Brave Bird|p2a: Heatran
|-resisted|p2a: Heatran
|-damage|p2a: Heatran|134\/340
|-damage|p1a: Glaze of Blory|195\/359|[from] recoil|[of] p2a: Heatran
|move|p2a: Heatran|Fire Blast|p1a: Glaze of Blory
|-resisted|p1a: Glaze of Blory
|-damage|p1a: Glaze of Blory|92\/359
|
|-heal|p1a: Glaze of Blory|114\/359|[from] item: Leftovers
|turn|18
|
|move|p1a: Glaze of Blory|Roost|p1a: Glaze of Blory
|-heal|p1a: Glaze of Blory|294\/359
|move|p2a: Heatran|Fire Blast|p1a: Glaze of Blory
|-resisted|p1a: Glaze of Blory
|-damage|p1a: Glaze of Blory|177\/359
|
|-heal|p1a: Glaze of Blory|199\/359|[from] item: Leftovers
|-end|p2a: Heatran|move: Taunt
|turn|19
|
|move|p1a: Glaze of Blory|Taunt|p2a: Heatran
|-start|p2a: Heatran|move: Taunt
|move|p2a: Heatran|Fire Blast|p1a: Glaze of Blory|[miss]
|-miss|p2a: Heatran|p1a: Glaze of Blory
|
|-heal|p1a: Glaze of Blory|221\/359|[from] item: Leftovers
|turn|20
|
|move|p1a: Glaze of Blory|Roost|p1a: Glaze of Blory
|-heal|p1a: Glaze of Blory|359\/359
|move|p2a: Heatran|Fire Blast|p1a: Glaze of Blory|[miss]
|-miss|p2a: Heatran|p1a: Glaze of Blory
|
|turn|21
|
|switch|p2a: Skarmory|Skarmory, M|293\/334
|-damage|p2a: Skarmory|252\/334|[from] Stealth Rock
|move|p1a: Glaze of Blory|Brave Bird|p2a: Skarmory
|-resisted|p2a: Skarmory
|-damage|p2a: Skarmory|217\/334
|-damage|p1a: Glaze of Blory|300\/359|[from] item: Rocky Helmet|[of] p2a: Skarmory
|-damage|p1a: Glaze of Blory|288\/359|[from] recoil|[of] p2a: Skarmory
|
|-heal|p1a: Glaze of Blory|310\/359|[from] item: Leftovers
|turn|22
|
|move|p1a: Glaze of Blory|Will-O-Wisp|p2a: Skarmory|[miss]
|-miss|p1a: Glaze of Blory|p2a: Skarmory
|move|p2a: Skarmory|Brave Bird|p1a: Glaze of Blory
|-damage|p1a: Glaze of Blory|154\/359
|-damage|p2a: Skarmory|166\/334|[from] recoil|[of] p1a: Glaze of Blory
|
|-heal|p1a: Glaze of Blory|176\/359|[from] item: Leftovers
|turn|23
|
|move|p1a: Glaze of Blory|Will-O-Wisp|p2a: Skarmory
|-status|p2a: Skarmory|brn
|move|p2a: Skarmory|Whirlwind|p1a: Glaze of Blory
|drag|p1a: It's Ly Mife|Vaporeon, M|464\/464
|-damage|p1a: It's Ly Mife|406\/464|[from] Spikes
|
|-heal|p1a: It's Ly Mife|435\/464|[from] item: Leftovers
|-damage|p2a: Skarmory|125\/334 brn|[from] brn
|turn|24
|
|switch|p2a: Heatran|Heatran, M|134\/340
|-damage|p2a: Heatran|92\/340|[from] Stealth Rock
|move|p1a: It's Ly Mife|Wish|p1a: It's Ly Mife
|
|-heal|p1a: It's Ly Mife|464\/464|[from] item: Leftovers
|turn|25
|
|switch|p1a: Glaze of Blory|Talonflame, M|176\/359
|move|p2a: Heatran|Stealth Rock|p1a: Glaze of Blory
|-sidestart|p1: Jon Bovi|move: Stealth Rock
|
|-heal|p1a: Glaze of Blory|359\/359|[from] move: Wish|[wisher] It's Ly Mife
|turn|26
|
|move|p1a: Glaze of Blory|Taunt|p2a: Heatran
|-start|p2a: Heatran|move: Taunt
|move|p2a: Heatran|Fire Blast|p1a: Glaze of Blory
|-resisted|p1a: Glaze of Blory
|-damage|p1a: Glaze of Blory|287\/359
|
|-heal|p1a: Glaze of Blory|309\/359|[from] item: Leftovers
|turn|27
|
|move|p1a: Glaze of Blory|Brave Bird|p2a: Heatran
|-resisted|p2a: Heatran
|-damage|p2a: Heatran|40\/340
|-damage|p1a: Glaze of Blory|292\/359|[from] recoil|[of] p2a: Heatran
|move|p2a: Heatran|Fire Blast|p1a: Glaze of Blory
|-resisted|p1a: Glaze of Blory
|-damage|p1a: Glaze of Blory|211\/359
|
|-heal|p1a: Glaze of Blory|233\/359|[from] item: Leftovers
|turn|28
|
|switch|p2a: Chansey|Chansey, F|514\/684
|-damage|p2a: Chansey|429\/684|[from] Stealth Rock
|move|p1a: Glaze of Blory|Roost|p1a: Glaze of Blory
|-heal|p1a: Glaze of Blory|359\/359
|
|turn|29
|
|move|p1a: Glaze of Blory|Taunt|p2a: Chansey
|-start|p2a: Chansey|move: Taunt
|move|p2a: Chansey|Seismic Toss|p1a: Glaze of Blory
|-damage|p1a: Glaze of Blory|259\/359
|
|-heal|p1a: Glaze of Blory|281\/359|[from] item: Leftovers
|turn|30
|
|move|p1a: Glaze of Blory|Will-O-Wisp|p2a: Chansey|[miss]
|-miss|p1a: Glaze of Blory|p2a: Chansey
|move|p2a: Chansey|Seismic Toss|p1a: Glaze of Blory
|-damage|p1a: Glaze of Blory|181\/359
|
|-heal|p1a: Glaze of Blory|203\/359|[from] item: Leftovers
|turn|31
|
|move|p1a: Glaze of Blory|Roost|p1a: Glaze of Blory
|-heal|p1a: Glaze of Blory|359\/359
|move|p2a: Chansey|Seismic Toss|p1a: Glaze of Blory
|-damage|p1a: Glaze of Blory|259\/359
|
|-heal|p1a: Glaze of Blory|281\/359|[from] item: Leftovers
|-end|p2a: Chansey|move: Taunt
|turn|32
|
|move|p1a: Glaze of Blory|Taunt|p2a: Chansey
|-start|p2a: Chansey|move: Taunt
|cant|p2a: Chansey|move: Taunt|Thunder Wave
|
|-heal|p1a: Glaze of Blory|303\/359|[from] item: Leftovers
|turn|33
|
|move|p1a: Glaze of Blory|Will-O-Wisp|p2a: Chansey|[miss]
|-miss|p1a: Glaze of Blory|p2a: Chansey
|move|p2a: Chansey|Seismic Toss|p1a: Glaze of Blory
|-damage|p1a: Glaze of Blory|203\/359
|
|-heal|p1a: Glaze of Blory|225\/359|[from] item: Leftovers
|turn|34
|
|move|p1a: Glaze of Blory|Roost|p1a: Glaze of Blory
|-heal|p1a: Glaze of Blory|359\/359
|move|p2a: Chansey|Seismic Toss|p1a: Glaze of Blory
|-damage|p1a: Glaze of Blory|259\/359
|
|-heal|p1a: Glaze of Blory|281\/359|[from] item: Leftovers
|-end|p2a: Chansey|move: Taunt
|turn|35
|
|move|p1a: Glaze of Blory|Taunt|p2a: Chansey
|-start|p2a: Chansey|move: Taunt
|move|p2a: Chansey|Seismic Toss|p1a: Glaze of Blory
|-damage|p1a: Glaze of Blory|181\/359
|
|-heal|p1a: Glaze of Blory|203\/359|[from] item: Leftovers
|turn|36
|
|switch|p2a: Heatran|Heatran, M|40\/340
|-damage|p2a: Heatran|0 fnt|[from] Stealth Rock
|faint|p2a: Heatran
|move|p1a: Glaze of Blory|Roost|p1a: Glaze of Blory
|-heal|p1a: Glaze of Blory|359\/359
|
|
|switch|p2a: Keldeo|Keldeo|323\/323
|-damage|p2a: Keldeo|303\/323|[from] Stealth Rock
|turn|37
|
|switch|p1a: It's Ly Mife|Vaporeon, M|464\/464
|-damage|p1a: It's Ly Mife|406\/464|[from] Stealth Rock
|-damage|p1a: It's Ly Mife|348\/464|[from] Spikes
|move|p2a: Keldeo|Scald|p1a: It's Ly Mife
|-heal|p1a: It's Ly Mife|464\/464|[from] ability: Water Absorb|[of] p2a: Keldeo
|
|-heal|p2a: Keldeo|323\/323|[from] item: Leftovers
|turn|38
|
|move|p2a: Keldeo|Calm Mind|p2a: Keldeo
|-boost|p2a: Keldeo|spa|1
|-boost|p2a: Keldeo|spd|1
|move|p1a: It's Ly Mife|Wish|p1a: It's Ly Mife
|
|turn|39
|
|switch|p1a: Red of Boses|Venusaur-Mega, M|299\/363
|-damage|p1a: Red of Boses|254\/363|[from] Stealth Rock
|-damage|p1a: Red of Boses|209\/363|[from] Spikes
|move|p2a: Keldeo|Secret Sword|p1a: Red of Boses
|-resisted|p1a: Red of Boses
|-damage|p1a: Red of Boses|131\/363
|
|-heal|p1a: Red of Boses|363\/363|[from] move: Wish|[wisher] It's Ly Mife
|turn|40
|
|move|p2a: Keldeo|Calm Mind|p2a: Keldeo
|-boost|p2a: Keldeo|spa|1
|-boost|p2a: Keldeo|spd|1
|move|p1a: Red of Boses|Giga Drain|p2a: Keldeo
|-supereffective|p2a: Keldeo
|-damage|p2a: Keldeo|203\/323
|
|-heal|p2a: Keldeo|223\/323|[from] item: Leftovers
|turn|41
|
|move|p2a: Keldeo|Hidden Power|p1a: Red of Boses
|-supereffective|p1a: Red of Boses
|-damage|p1a: Red of Boses|105\/363
|move|p1a: Red of Boses|Sleep Powder|p2a: Keldeo|[miss]
|-miss|p1a: Red of Boses|p2a: Keldeo
|
|-heal|p2a: Keldeo|243\/323|[from] item: Leftovers
|turn|42
|chat|Jon Bovi|Omg
|
|move|p2a: Keldeo|Hidden Power|p1a: Red of Boses
|-supereffective|p1a: Red of Boses
|-damage|p1a: Red of Boses|0 fnt
|faint|p1a: Red of Boses
|
|-heal|p2a: Keldeo|263\/323|[from] item: Leftovers
|
|switch|p1a: It's Ly Mife|Vaporeon, M|464\/464
|-damage|p1a: It's Ly Mife|406\/464|[from] Spikes
|-damage|p1a: It's Ly Mife|348\/464|[from] Stealth Rock
|turn|43
|
|move|p1a: It's Ly Mife|Protect|p1a: It's Ly Mife
|-singleturn|p1a: It's Ly Mife|Protect
|move|p2a: Keldeo|Secret Sword|p1a: It's Ly Mife
|-activate|p1a: It's Ly Mife|Protect
|
|-heal|p2a: Keldeo|283\/323|[from] item: Leftovers
|-heal|p1a: It's Ly Mife|377\/464|[from] item: Leftovers
|turn|44
|
|move|p2a: Keldeo|Secret Sword|p1a: It's Ly Mife
|-damage|p1a: It's Ly Mife|103\/464
|move|p1a: It's Ly Mife|Scald|p2a: Keldeo
|-resisted|p2a: Keldeo
|-damage|p2a: Keldeo|256\/323
|
|-heal|p2a: Keldeo|276\/323|[from] item: Leftovers
|-heal|p1a: It's Ly Mife|132\/464|[from] item: Leftovers
|turn|45
|
|move|p2a: Keldeo|Secret Sword|p1a: It's Ly Mife
|-damage|p1a: It's Ly Mife|0 fnt
|faint|p1a: It's Ly Mife
|
|-heal|p2a: Keldeo|296\/323|[from] item: Leftovers
|
|switch|p1a: Glaze of Blory|Talonflame, M|359\/359
|-damage|p1a: Glaze of Blory|180\/359|[from] Stealth Rock
|turn|46
|
|move|p1a: Glaze of Blory|Brave Bird|p2a: Keldeo
|-supereffective|p2a: Keldeo
|-damage|p2a: Keldeo|18\/323
|-damage|p1a: Glaze of Blory|88\/359|[from] recoil|[of] p2a: Keldeo
|move|p2a: Keldeo|Scald|p1a: Glaze of Blory
|-supereffective|p1a: Glaze of Blory
|-damage|p1a: Glaze of Blory|0 fnt
|faint|p1a: Glaze of Blory
|
|-heal|p2a: Keldeo|38\/323|[from] item: Leftovers
|
|switch|p1a: Pivin on a Lrayer|Donphan, M|104\/384
|-damage|p1a: Pivin on a Lrayer|56\/384|[from] Spikes
|-damage|p1a: Pivin on a Lrayer|32\/384|[from] Stealth Rock
|turn|47
|
|move|p1a: Pivin on a Lrayer|Ice Shard|p2a: Keldeo
|-resisted|p2a: Keldeo
|-damage|p2a: Keldeo|10\/323
|move|p2a: Keldeo|Secret Sword|p1a: Pivin on a Lrayer
|-damage|p1a: Pivin on a Lrayer|0 fnt
|faint|p1a: Pivin on a Lrayer
|
|-heal|p2a: Keldeo|30\/323|[from] item: Leftovers
|chat|Jon Bovi|Fuck u haxor
|-message|Jon Bovi forfeited.
|
|win|Aka DH
|raw|Ladder updating...
|leave|Jon Bovi
|player|p1
|raw|Jon Bovi's rating: 1818 &rarr; <strong>1801<\/strong><br \/>(-17 for losing)
|raw|Aka DH's rating: 1869 &rarr; <strong>1886<\/strong><br \/>(+17 for winning)