|join|Jon Bovi
|join|toiletpkay
|player|p1|Jon Bovi|240
|player|p2|toiletpkay|293
|gametype|singles
|gen|6
|tier|OU
|rated
|clearpoke
|poke|p1|Donphan, M
|poke|p1|Venusaur, M
|poke|p1|Talonflame, M
|poke|p1|Vaporeon, M
|poke|p1|Heatran, F
|poke|p1|Hydreigon, M
|poke|p2|Azumarill, F
|poke|p2|Greninja, F
|poke|p2|Manectric, M
|poke|p2|Landorus-Therian, M
|poke|p2|Victini
|poke|p2|Scizor, M
|rule|Swagger Clause: Swagger is banned
|rule|Baton Pass Clause: Limit one PokÃ©mon knowing Baton Pass
|rule|Sleep Clause Mod: Limit one foe put to sleep
|rule|Species Clause: Limit one of each PokÃ©mon
|rule|OHKO Clause: OHKO moves are banned
|rule|Moody Clause: Moody is banned
|rule|Evasion Moves Clause: Evasion moves are banned
|rule|Endless Battle Clause: Forcing endless battles is banned
|rule|HP Percentage Mod: HP is reported as percentages
|teampreview
|chat|Jon Bovi|Gl hf
|
|start
|switch|p1a: Pivin on a Lrayer|Donphan, M|384\/384
|switch|p2a: Landorus-Therian|Landorus-Therian, M|382\/382
|-ability|p2a: Landorus-Therian|Intimidate|[of] p1a: Pivin on a Lrayer
|-unboost|p1a: Pivin on a Lrayer|atk|1
|turn|1
|
|move|p1a: Pivin on a Lrayer|Ice Shard|p2a: Landorus-Therian
|-supereffective|p2a: Landorus-Therian
|-damage|p2a: Landorus-Therian|234\/382
|move|p2a: Landorus-Therian|Knock Off|p1a: Pivin on a Lrayer
|-crit|p1a: Pivin on a Lrayer
|-damage|p1a: Pivin on a Lrayer|214\/384
|-enditem|p1a: Pivin on a Lrayer|Leftovers|[from] move: Knock Off|[of] p2a: Landorus-Therian
|
|-heal|p2a: Landorus-Therian|257\/382|[from] item: Leftovers
|turn|2
|
|move|p1a: Pivin on a Lrayer|Ice Shard|p2a: Landorus-Therian
|-supereffective|p2a: Landorus-Therian
|-damage|p2a: Landorus-Therian|113\/382
|move|p2a: Landorus-Therian|Earthquake|p1a: Pivin on a Lrayer
|-damage|p1a: Pivin on a Lrayer|48\/384
|
|-heal|p2a: Landorus-Therian|136\/382|[from] item: Leftovers
|turn|3
|
|move|p2a: Landorus-Therian|U-turn|p1a: Pivin on a Lrayer
|-damage|p1a: Pivin on a Lrayer|0 fnt
|faint|p1a: Pivin on a Lrayer
|
|switch|p2a: Greninja|Greninja, F|286\/286
|
|
|switch|p1a: Glaze of Blory|Talonflame, M|309\/309
|turn|4
|
|switch|p2a: Landorus-Therian|Landorus-Therian, M|136\/382
|-ability|p2a: Landorus-Therian|Intimidate|[of] p1a: Glaze of Blory
|-unboost|p1a: Glaze of Blory|atk|1
|move|p1a: Glaze of Blory|Brave Bird|p2a: Landorus-Therian
|-damage|p2a: Landorus-Therian|0 fnt
|-damage|p1a: Glaze of Blory|264\/309|[from] recoil|[of] p2a: Landorus-Therian
|faint|p2a: Landorus-Therian
|
|
|switch|p2a: Manectric|Manectric, M|281\/281
|turn|5
|
|switch|p1a: Mad Bedecine|Heatran, F|386\/386
|detailschange|p2a: Manectric|Manectric-Mega, M
|message|Manectric has Mega Evolved into Mega Manectric!
|-ability|p2a: Manectric|Intimidate|[of] p1a: Mad Bedecine
|-unboost|p1a: Mad Bedecine|atk|1
|move|p2a: Manectric|Volt Switch|p1a: Mad Bedecine
|-damage|p1a: Mad Bedecine|293\/386
|
|switch|p2a: Greninja|Greninja, F|286\/286
|
|-heal|p1a: Mad Bedecine|317\/386|[from] item: Leftovers
|turn|6
|
|switch|p1a: It's Ly Mife|Vaporeon, M|464\/464
|move|p2a: Greninja|Hydro Pump|p1a: It's Ly Mife
|-start|p2a: Greninja|typechange|Water|[from] Protean
|-immune|p1a: It's Ly Mife|[msg]
|
|turn|7
|
|switch|p2a: Manectric|Manectric-Mega, M|281\/281
|-ability|p2a: Manectric|Intimidate|[of] p1a: It's Ly Mife
|-unboost|p1a: It's Ly Mife|atk|1
|move|p1a: It's Ly Mife|Wish|p1a: It's Ly Mife
|
|turn|8
|
|switch|p1a: Red of Boses|Venusaur, M|363\/363
|move|p2a: Manectric|Volt Switch|p1a: Red of Boses
|-resisted|p1a: Red of Boses
|-damage|p1a: Red of Boses|295\/363
|
|switch|p2a: Victini|Victini|341\/341
|
|-heal|p1a: Red of Boses|363\/363|[from] move: Wish|[wisher] It's Ly Mife
|turn|9
|
|switch|p1a: Mad Bedecine|Heatran, F|317\/386
|move|p2a: Victini|Bolt Strike|p1a: Mad Bedecine
|-damage|p1a: Mad Bedecine|189\/386
|
|-heal|p1a: Mad Bedecine|213\/386|[from] item: Leftovers
|turn|10
|
|move|p2a: Victini|Bolt Strike|p1a: Mad Bedecine
|-crit|p1a: Mad Bedecine
|-damage|p1a: Mad Bedecine|1\/386
|move|p1a: Mad Bedecine|Stealth Rock|p2a: Victini
|-sidestart|p2: toiletpkay|move: Stealth Rock
|
|-heal|p1a: Mad Bedecine|25\/386|[from] item: Leftovers
|turn|11
|
|switch|p1a: Host Lighway|Hydreigon, M|325\/325
|move|p2a: Victini|Bolt Strike|p1a: Host Lighway
|-resisted|p1a: Host Lighway
|-damage|p1a: Host Lighway|248\/325
|
|turn|12
|
|move|p1a: Host Lighway|U-turn|p2a: Victini
|-damage|p2a: Victini|285\/341
|
|switch|p1a: It's Ly Mife|Vaporeon, M|464\/464
|move|p2a: Victini|Bolt Strike|p1a: It's Ly Mife
|-supereffective|p1a: It's Ly Mife
|-damage|p1a: It's Ly Mife|202\/464
|-status|p1a: It's Ly Mife|par
|
|-heal|p1a: It's Ly Mife|231\/464 par|[from] item: Leftovers
|turn|13
|
|switch|p1a: Host Lighway|Hydreigon, M|248\/325
|move|p2a: Victini|Bolt Strike|p1a: Host Lighway
|-resisted|p1a: Host Lighway
|-damage|p1a: Host Lighway|177\/325
|
|turn|14
|
|switch|p2a: Azumarill|Azumarill, F|342\/342
|-damage|p2a: Azumarill|300\/342|[from] Stealth Rock
|move|p1a: Host Lighway|Dark Pulse|p2a: Azumarill
|-resisted|p2a: Azumarill
|-damage|p2a: Azumarill|210\/342
|
|turn|15
|
|switch|p1a: Red of Boses|Venusaur, M|363\/363
|switch|p2a: Scizor|Scizor, M|344\/344
|-damage|p2a: Scizor|301\/344|[from] Stealth Rock
|
|turn|16
|
|detailschange|p1a: Red of Boses|Venusaur-Mega, M
|message|Venusaur has Mega Evolved into Mega Venusaur!
|move|p1a: Red of Boses|Sleep Powder|p2a: Scizor|[miss]
|-miss|p1a: Red of Boses|p2a: Scizor
|move|p2a: Scizor|Defog|p1a: Red of Boses
|-unboost|p1a: Red of Boses|evasion|1
|-sideend|p2: toiletpkay|Stealth Rock|[from] move: Defog|[of] p2a: Scizor
|
|turn|17
|chat|toiletpkay|this is why i hate venusaur scrubs
|
|move|p2a: Scizor|Bullet Punch|p1a: Red of Boses
|-damage|p1a: Red of Boses|270\/363
|move|p1a: Red of Boses|Sleep Powder|p2a: Scizor
|-status|p2a: Scizor|slp
|
|turn|18
|chat|Jon Bovi|Shut up and play
|chat|toiletpkay|0 skills man
|
|switch|p1a: Mad Bedecine|Heatran, F|25\/386
|switch|p2a: Victini|Victini|285\/341
|
|-heal|p1a: Mad Bedecine|49\/386|[from] item: Leftovers
|turn|19
|chat|Jon Bovi|Dude
|chat|Jon Bovi|i remeubler u
|chat|toiletpkay|u have 0 skills
|chat|Jon Bovi|Remember 
|chat|Jon Bovi|I beat u 2 times
|chat|toiletpkay|ofc u do coz it hurt ut
|chat|toiletpkay|u
|chat|Jon Bovi|with two different teams
|chat|toiletpkay|you're nothing without venusaur
|chat|toiletpkay|your a bad player
|chat|toiletpkay|copying otherp oeples teams
|
|switch|p1a: Host Lighway|Hydreigon, M|177\/325
|move|p2a: Victini|Bolt Strike|p1a: Host Lighway
|-resisted|p1a: Host Lighway
|-damage|p1a: Host Lighway|96\/325
|
|turn|20
|chat|Jon Bovi|Lmfao
|chat|toiletpkay|u never beat me with 2 different teams u dumb ass
|chat|Jon Bovi|U wanna bet u ass hole
|
|switch|p2a: Azumarill|Azumarill, F|210\/342
|move|p1a: Host Lighway|Dark Pulse|p2a: Azumarill
|-resisted|p2a: Azumarill
|-damage|p2a: Azumarill|117\/342
|-enditem|p2a: Azumarill|Sitrus Berry|[eat]
|-heal|p2a: Azumarill|202\/342|[from] item: Sitrus Berry
|
|turn|21
|chat|toiletpkay|go copy paste more teams u shit ass player lmfao
|
|switch|p1a: Red of Boses|Venusaur-Mega, M|270\/363
|move|p2a: Azumarill|Belly Drum|p2a: Azumarill
|-damage|p2a: Azumarill|31\/342
|-setboost|p2a: Azumarill|atk|6|[from] move: Belly Drum
|
|turn|22
|chat|toiletpkay|sooo freaking crap
|
|move|p2a: Azumarill|Aqua Jet|p1a: Red of Boses
|-resisted|p1a: Red of Boses
|-damage|p1a: Red of Boses|165\/363
|move|p1a: Red of Boses|Synthesis|p1a: Red of Boses
|-heal|p1a: Red of Boses|346\/363
|
|turn|23
|
|move|p2a: Azumarill|Aqua Jet|p1a: Red of Boses
|-resisted|p1a: Red of Boses
|-damage|p1a: Red of Boses|241\/363
|move|p1a: Red of Boses|Giga Drain|p2a: Azumarill
|-supereffective|p2a: Azumarill
|-damage|p2a: Azumarill|0 fnt
|-heal|p1a: Red of Boses|257\/363|[from] drain|[of] p2a: Azumarill
|faint|p2a: Azumarill
|
|chat|toiletpkay|aint shit without that venusaur
|
|switch|p2a: Victini|Victini|285\/341
|turn|24
|chat|Jon Bovi|HAHAHAHAHAHAHAHAHAHA
|
|switch|p1a: Mad Bedecine|Heatran, F|49\/386
|move|p2a: Victini|V-create|p1a: Mad Bedecine
|-start|p1a: Mad Bedecine|ability: Flash Fire
|
|-heal|p1a: Mad Bedecine|73\/386|[from] item: Leftovers
|turn|25
|chat|toiletpkay|what?
|chat|toiletpkay|u crying again
|
|switch|p1a: Red of Boses|Venusaur-Mega, M|257\/363
|move|p2a: Victini|Bolt Strike|p1a: Red of Boses
|-resisted|p1a: Red of Boses
|-damage|p1a: Red of Boses|213\/363
|
|turn|26
|
|switch|p1a: Host Lighway|Hydreigon, M|96\/325
|move|p2a: Victini|V-create|p1a: Host Lighway
|-resisted|p1a: Host Lighway
|-damage|p1a: Host Lighway|0 fnt
|-unboost|p2a: Victini|def|1
|-unboost|p2a: Victini|spd|1
|-unboost|p2a: Victini|spe|1
|faint|p1a: Host Lighway
|
|chat|toiletpkay|sooo shit
|
|switch|p1a: Glaze of Blory|Talonflame, M|264\/309
|turn|27
|
|switch|p2a: Scizor|Scizor, M|301\/344 slp
|move|p1a: Glaze of Blory|U-turn|p2a: Scizor
|-resisted|p2a: Scizor
|-damage|p2a: Scizor|247\/344 slp
|
|switch|p1a: Mad Bedecine|Heatran, F|73\/386
|
|-heal|p1a: Mad Bedecine|97\/386|[from] item: Leftovers
|turn|28
|
|switch|p2a: Greninja|Greninja, F|286\/286
|move|p1a: Mad Bedecine|Stealth Rock|p2a: Greninja
|-sidestart|p2: toiletpkay|move: Stealth Rock
|
|-heal|p1a: Mad Bedecine|121\/386|[from] item: Leftovers
|turn|29
|
|switch|p1a: It's Ly Mife|Vaporeon, M|231\/464 par
|move|p2a: Greninja|Dark Pulse|p1a: It's Ly Mife
|-start|p2a: Greninja|typechange|Dark|[from] Protean
|-damage|p1a: It's Ly Mife|71\/464 par
|-damage|p2a: Greninja|258\/286|[from] item: Life Orb
|
|-heal|p1a: It's Ly Mife|100\/464 par|[from] item: Leftovers
|turn|30
|chat|toiletpkay|so crap
|
|move|p1a: It's Ly Mife|Protect|p1a: It's Ly Mife
|-singleturn|p1a: It's Ly Mife|Protect
|move|p2a: Greninja|Dark Pulse|p1a: It's Ly Mife
|-activate|p1a: It's Ly Mife|Protect
|
|-heal|p1a: It's Ly Mife|129\/464 par|[from] item: Leftovers
|turn|31
|
|move|p2a: Greninja|Dark Pulse|p1a: It's Ly Mife
|-damage|p1a: It's Ly Mife|0 fnt
|-damage|p2a: Greninja|230\/286|[from] item: Life Orb
|faint|p1a: It's Ly Mife
|
|
|switch|p1a: Glaze of Blory|Talonflame, M|264\/309
|turn|32
|
|move|p1a: Glaze of Blory|Brave Bird|p2a: Greninja
|-damage|p2a: Greninja|0 fnt
|-damage|p1a: Glaze of Blory|188\/309|[from] recoil|[of] p2a: Greninja
|faint|p2a: Greninja
|
|
|switch|p2a: Manectric|Manectric-Mega, M|281\/281
|-damage|p2a: Manectric|246\/281|[from] Stealth Rock
|-ability|p2a: Manectric|Intimidate|[of] p1a: Glaze of Blory
|-unboost|p1a: Glaze of Blory|atk|1
|turn|33
|
|switch|p1a: Red of Boses|Venusaur-Mega, M|213\/363
|move|p2a: Manectric|Volt Switch|p1a: Red of Boses
|-resisted|p1a: Red of Boses
|-damage|p1a: Red of Boses|162\/363
|
|switch|p2a: Victini|Victini|285\/341
|-damage|p2a: Victini|200\/341|[from] Stealth Rock
|
|turn|34
|
|switch|p1a: Mad Bedecine|Heatran, F|121\/386
|move|p2a: Victini|V-create|p1a: Mad Bedecine
|-start|p1a: Mad Bedecine|ability: Flash Fire
|
|-heal|p1a: Mad Bedecine|145\/386|[from] item: Leftovers
|turn|35
|chat|Jon Bovi|So crap
|
|move|p2a: Victini|Bolt Strike|p1a: Mad Bedecine
|-crit|p1a: Mad Bedecine
|-damage|p1a: Mad Bedecine|0 fnt
|faint|p1a: Mad Bedecine
|
|chat|toiletpkay|u use a venusaur
|chat|toiletpkay|thats just being crap
|chat|Jon Bovi|2 crits
|chat|toiletpkay|u shit ass scrub
|chat|toiletpkay|so fucking bad
|chat|Jon Bovi|u suck shit
|chat|toiletpkay|so shit
|chat|toiletpkay|u suck
|
|switch|p1a: Glaze of Blory|Talonflame, M|188\/309
|turn|36
|chat|toiletpkay|fucking crap ass player
|
|switch|p2a: Scizor|Scizor, M|247\/344 slp
|-damage|p2a: Scizor|204\/344 slp|[from] Stealth Rock
|move|p1a: Glaze of Blory|Brave Bird|p2a: Scizor
|-damage|p2a: Scizor|0 fnt
|-damage|p1a: Glaze of Blory|121\/309|[from] recoil|[of] p2a: Scizor
|faint|p2a: Scizor
|
|chat|toiletpkay|uses someone elses team too
|chat|toiletpkay|how fucking crap can u get
|
|switch|p2a: Manectric|Manectric-Mega, M|246\/281
|-damage|p2a: Manectric|211\/281|[from] Stealth Rock
|-ability|p2a: Manectric|Intimidate|[of] p1a: Glaze of Blory
|-unboost|p1a: Glaze of Blory|atk|1
|turn|37
|chat|Jon Bovi|Wtf r u talking about
|chat|Jon Bovi|thats my team
|
|switch|p1a: Red of Boses|Venusaur-Mega, M|162\/363
|move|p2a: Manectric|Volt Switch|p1a: Red of Boses
|-resisted|p1a: Red of Boses
|-damage|p1a: Red of Boses|111\/363
|chat|toiletpkay|no it aint fagget
|
|switch|p2a: Victini|Victini|200\/341
|-damage|p2a: Victini|115\/341|[from] Stealth Rock
|
|turn|38
|chat|Jon Bovi|Fuck u
|
|move|p2a: Victini|V-create|p1a: Red of Boses
|-supereffective|p1a: Red of Boses
|-damage|p1a: Red of Boses|0 fnt
|-unboost|p2a: Victini|def|1
|-unboost|p2a: Victini|spd|1
|-unboost|p2a: Victini|spe|1
|faint|p1a: Red of Boses
|
|chat|toiletpkay|sooo shit
|chat|Jon Bovi|I don't care 
|chat|Jon Bovi|I know I'm better than u
|
|switch|p1a: Glaze of Blory|Talonflame, M|121\/309
|turn|39
|chat|toiletpkay|first match back in 2 weeks
|chat|toiletpkay|and i faceu out of all people
|chat|toiletpkay|unorginal cheap ass shit
|chat|toiletpkay|using broken mega heatran
|chat|toiletpkay|and talonflame
|chat|toiletpkay|what a shit player
|
|move|p1a: Glaze of Blory|Brave Bird|p2a: Victini
|-damage|p2a: Victini|0 fnt
|-damage|p1a: Glaze of Blory|83\/309|[from] recoil|[of] p2a: Victini
|faint|p2a: Victini
|
|
|switch|p2a: Manectric|Manectric-Mega, M|211\/281
|-damage|p2a: Manectric|176\/281|[from] Stealth Rock
|-ability|p2a: Manectric|Intimidate|[of] p1a: Glaze of Blory
|-unboost|p1a: Glaze of Blory|atk|1
|turn|40
|chat|Jon Bovi|U saw another person use donphan, hydreigon and vaporeon in a same team?
|
|move|p1a: Glaze of Blory|Brave Bird|p2a: Manectric
|-resisted|p2a: Manectric
|-damage|p2a: Manectric|80\/281
|-damage|p1a: Glaze of Blory|51\/309|[from] recoil|[of] p2a: Manectric
|move|p2a: Manectric|Thunderbolt|p1a: Glaze of Blory
|-supereffective|p1a: Glaze of Blory
|-damage|p1a: Glaze of Blory|0 fnt
|faint|p1a: Glaze of Blory
|
|win|toiletpkay
|raw|Ladder updating...
|chat|toiletpkay|yep
|raw|Jon Bovi's rating: 1820 &rarr; <strong>1799<\/strong><br \/>(-21 for losing)
|raw|toiletpkay's rating: 1817 &rarr; <strong>1837<\/strong><br \/>(+20 for winning)
|chat|toiletpkay|now get outa here u unorginal shit player