|join|Gizmozian$_$
|join|Jon Bovi
|player|p1|Gizmozian$_$|116
|player|p2|Jon Bovi|240
|gametype|singles
|gen|6
|tier|OU
|rated
|clearpoke
|poke|p1|Garchomp, M, shiny
|poke|p1|Mawile, M, shiny
|poke|p1|Greninja, M, shiny
|poke|p1|Dragonite, M, shiny
|poke|p1|Latias, F, shiny
|poke|p1|Aegislash, M, shiny
|poke|p2|Donphan, M
|poke|p2|Venusaur, M
|poke|p2|Aegislash, M
|poke|p2|Conkeldurr, M
|poke|p2|Heatran, F
|poke|p2|Gyarados, F
|rule|Swagger Clause: Swagger is banned
|rule|Baton Pass Clause: Limit one PokÃ©mon knowing Baton Pass
|rule|Sleep Clause Mod: Limit one foe put to sleep
|rule|Species Clause: Limit one of each PokÃ©mon
|rule|OHKO Clause: OHKO moves are banned
|rule|Moody Clause: Moody is banned
|rule|Evasion Moves Clause: Evasion moves are banned
|rule|Endless Battle Clause: Forcing endless battles is banned
|rule|HP Percentage Mod: HP is reported as percentages
|teampreview
|
|start
|switch|p1a: FOR THE TEAM|Garchomp, M, shiny|357\/357
|switch|p2a: Donphan|Donphan, M|384\/384
|turn|1
|chat|Jon Bovi|Gl hf
|
|move|p1a: FOR THE TEAM|Stealth Rock|p2a: Donphan
|-sidestart|p2: Jon Bovi|move: Stealth Rock
|move|p2a: Donphan|Earthquake|p1a: FOR THE TEAM
|-damage|p1a: FOR THE TEAM|173\/357
|
|turn|2
|chat|Gizmozian$_$|u2
|
|move|p1a: FOR THE TEAM|Earthquake|p2a: Donphan
|-damage|p2a: Donphan|228\/384
|move|p2a: Donphan|Rapid Spin|p1a: FOR THE TEAM
|-damage|p1a: FOR THE TEAM|146\/357
|-damage|p2a: Donphan|180\/384|[from] ability: Rough Skin|[of] p1a: FOR THE TEAM
|-sideend|p2: Jon Bovi|Stealth Rock|[from] move: Rapid Spin|[of] p2a: Donphan
|
|-heal|p2a: Donphan|204\/384|[from] item: Leftovers
|turn|3
|join|o gizzy bear
|
|switch|p1a: Aegislash|Aegislash, M, shiny|261\/261
|-item|p1a: Aegislash|Air Balloon
|move|p2a: Donphan|Ice Shard|p1a: Aegislash
|-resisted|p1a: Aegislash
|-damage|p1a: Aegislash|242\/261
|-enditem|p1a: Aegislash|Air Balloon
|
|-heal|p2a: Donphan|228\/384|[from] item: Leftovers
|turn|4
|
|switch|p2a: Heatran|Heatran, F|385\/385
|-formechange|p1a: Aegislash|Aegislash-Blade
|move|p1a: Aegislash|Shadow Ball|p2a: Heatran
|-damage|p2a: Heatran|274\/385
|
|-heal|p2a: Heatran|298\/385|[from] item: Leftovers
|turn|5
|
|switch|p1a: FOR THE TEAM|Garchomp, M, shiny|146\/357
|move|p2a: Heatran|Stealth Rock|p1a: FOR THE TEAM
|-sidestart|p1: Gizmozian$_$|move: Stealth Rock
|
|-heal|p2a: Heatran|322\/385|[from] item: Leftovers
|turn|6
|
|switch|p2a: Donphan|Donphan, M|228\/384
|move|p1a: FOR THE TEAM|Earthquake|p2a: Donphan
|-damage|p2a: Donphan|75\/384
|
|-heal|p2a: Donphan|99\/384|[from] item: Leftovers
|turn|7
|
|move|p2a: Donphan|Ice Shard|p1a: FOR THE TEAM
|-supereffective|p1a: FOR THE TEAM
|-damage|p1a: FOR THE TEAM|0 fnt
|faint|p1a: FOR THE TEAM
|
|-heal|p2a: Donphan|123\/384|[from] item: Leftovers
|
|switch|p1a: Aegislash|Aegislash, M, shiny|242\/261
|-damage|p1a: Aegislash|226\/261|[from] Stealth Rock
|turn|8
|
|switch|p2a: Conkeldurr|Conkeldurr, M|351\/351
|-formechange|p1a: Aegislash|Aegislash-Blade
|move|p1a: Aegislash|Shadow Ball|p2a: Conkeldurr
|-damage|p2a: Conkeldurr|252\/351
|
|turn|9
|
|switch|p1a: Patronizing|Mawile, M, shiny|264\/264
|-damage|p1a: Patronizing|248\/264|[from] Stealth Rock
|-ability|p1a: Patronizing|Intimidate|[of] p2a: Conkeldurr
|-unboost|p2a: Conkeldurr|atk|1
|move|p2a: Conkeldurr|Drain Punch|p1a: Patronizing
|-damage|p1a: Patronizing|142\/264
|-heal|p2a: Conkeldurr|305\/351|[from] drain|[of] p1a: Patronizing
|
|turn|10
|
|switch|p2a: Aegislash|Aegislash, M|282\/282
|detailschange|p1a: Patronizing|Mawile-Mega, M, shiny
|message|Mawile has Mega Evolved into Mega Mawile!
|move|p1a: Patronizing|Swords Dance|p1a: Patronizing
|-boost|p1a: Patronizing|atk|2
|
|turn|11
|
|switch|p2a: Heatran|Heatran, F|322\/385
|move|p1a: Patronizing|Fire Fang|p2a: Heatran
|-start|p2a: Heatran|ability: Flash Fire
|
|-heal|p2a: Heatran|346\/385|[from] item: Leftovers
|turn|12
|
|move|p1a: Patronizing|Sucker Punch|p2a: Heatran
|-damage|p2a: Heatran|0 fnt
|faint|p2a: Heatran
|
|chat|Jon Bovi|Wtf
|chat|Jon Bovi|it killed me
|chat|Gizmozian$_$|yeah
|
|switch|p2a: Gyarados|Gyarados, F|339\/339
|-ability|p2a: Gyarados|Intimidate|[of] p1a: Patronizing
|-unboost|p1a: Patronizing|atk|1
|turn|13
|chat|Gizmozian$_$|it's crazy strong
|chat|Jon Bovi|The power
|
|move|p2a: Gyarados|Waterfall|p1a: Patronizing
|-damage|p1a: Patronizing|9\/264
|cant|p1a: Patronizing|flinch
|
|turn|14
|chat|Gizmozian$_$|why ne
|
|switch|p2a: Conkeldurr|Conkeldurr, M|305\/351
|move|p1a: Patronizing|Play Rough|p2a: Conkeldurr
|-supereffective|p2a: Conkeldurr
|-damage|p2a: Conkeldurr|0 fnt
|faint|p2a: Conkeldurr
|
|chat|o gizzy bear|nice
|chat|Gizmozian$_$|ah nb
|chat|Jon Bovi|Shit
|
|switch|p2a: Donphan|Donphan, M|123\/384
|turn|15
|
|move|p1a: Patronizing|Sucker Punch|p2a: Donphan
|-damage|p2a: Donphan|0 fnt
|faint|p2a: Donphan
|
|chat|o gizzy bear|oml
|chat|Jon Bovi|Omg
|
|switch|p2a: Gyarados|Gyarados, F|339\/339
|-ability|p2a: Gyarados|Intimidate|[of] p1a: Patronizing
|-unboost|p1a: Patronizing|atk|1
|turn|16
|
|switch|p1a: Aegislash|Aegislash, M, shiny|226\/261
|-damage|p1a: Aegislash|210\/261|[from] Stealth Rock
|move|p2a: Gyarados|Waterfall|p1a: Aegislash
|-damage|p1a: Aegislash|98\/261
|
|turn|17
|chat|Jon Bovi|Fucken mawile
|
|move|p2a: Gyarados|Dragon Dance|p2a: Gyarados
|-boost|p2a: Gyarados|atk|1
|-boost|p2a: Gyarados|spe|1
|-formechange|p1a: Aegislash|Aegislash-Blade
|move|p1a: Aegislash|Shadow Ball|p2a: Gyarados
|-damage|p2a: Gyarados|168\/339
|
|-heal|p2a: Gyarados|189\/339|[from] item: Leftovers
|turn|18
|
|move|p1a: Aegislash|Shadow Sneak|p2a: Gyarados
|-damage|p2a: Gyarados|107\/339
|move|p2a: Gyarados|Waterfall|p1a: Aegislash
|-damage|p1a: Aegislash|0 fnt
|faint|p1a: Aegislash
|
|-heal|p2a: Gyarados|128\/339|[from] item: Leftovers
|
|switch|p1a: Worst shiny:D|Dragonite, M, shiny|323\/323
|-damage|p1a: Worst shiny:D|243\/323|[from] Stealth Rock
|turn|19
|
|move|p1a: Worst shiny:D|Extreme Speed|p2a: Gyarados
|-damage|p2a: Gyarados|0 fnt
|faint|p2a: Gyarados
|
|
|switch|p2a: Aegislash|Aegislash, M|282\/282
|turn|20
|
|switch|p1a: Greninja|Greninja, M, shiny|285\/285
|-damage|p1a: Greninja|250\/285|[from] Stealth Rock
|-formechange|p2a: Aegislash|Aegislash-Blade
|move|p2a: Aegislash|Shadow Ball|p1a: Greninja
|-resisted|p1a: Greninja
|-damage|p1a: Greninja|150\/285
|
|turn|21
|
|-formechange|p2a: Aegislash|Aegislash
|move|p2a: Aegislash|King's Shield|p2a: Aegislash
|-singleturn|p2a: Aegislash|Protect
|move|p1a: Greninja|Hidden Power|p2a: Aegislash
|-start|p1a: Greninja|typechange|Fire|[from] Protean
|-activate|p2a: Aegislash|Protect
|
|turn|22
|
|move|p1a: Greninja|Hidden Power|p2a: Aegislash
|-supereffective|p2a: Aegislash
|-damage|p2a: Aegislash|123\/282
|-damage|p1a: Greninja|122\/285|[from] item: Life Orb
|-formechange|p2a: Aegislash|Aegislash-Blade
|move|p2a: Aegislash|Shadow Ball|p1a: Greninja
|-damage|p1a: Greninja|0 fnt
|faint|p1a: Greninja
|
|-heal|p2a: Aegislash|140\/282|[from] item: Leftovers
|
|switch|p1a: Worst shiny:D|Dragonite, M, shiny|243\/323
|-damage|p1a: Worst shiny:D|163\/323|[from] Stealth Rock
|turn|23
|
|-formechange|p2a: Aegislash|Aegislash
|move|p2a: Aegislash|King's Shield|p2a: Aegislash
|-singleturn|p2a: Aegislash|Protect
|move|p1a: Worst shiny:D|Earthquake|p2a: Aegislash
|-activate|p2a: Aegislash|Protect
|
|-heal|p2a: Aegislash|157\/282|[from] item: Leftovers
|turn|24
|chat|Gizmozian$_$|godwile
|chat|Gizmozian$_$|is
|chat|Gizmozian$_$|op
|
|switch|p2a: Venusaur|Venusaur, M|363\/363
|move|p1a: Worst shiny:D|Earthquake|p2a: Venusaur
|-damage|p2a: Venusaur|192\/363
|
|turn|25
|
|detailschange|p2a: Venusaur|Venusaur-Mega, M
|message|Venusaur has Mega Evolved into Mega Venusaur!
|move|p1a: Worst shiny:D|Earthquake|p2a: Venusaur
|-damage|p2a: Venusaur|53\/363
|move|p2a: Venusaur|Synthesis|p2a: Venusaur
|-heal|p2a: Venusaur|234\/363
|
|turn|26
|
|switch|p1a: Psychological|Latias, F, shiny|301\/301
|-damage|p1a: Psychological|264\/301|[from] Stealth Rock
|move|p2a: Venusaur|Synthesis|p2a: Venusaur
|-heal|p2a: Venusaur|363\/363
|
|turn|27
|
|switch|p2a: Aegislash|Aegislash, M|157\/282
|move|p1a: Psychological|Healing Wish|p1a: Psychological
|faint|p1a: Psychological
|
|-heal|p2a: Aegislash|174\/282|[from] item: Leftovers
|
|switch|p1a: Patronizing|Mawile-Mega, M, shiny|9\/264
|-heal|p1a: Patronizing|264\/264|[from] move: Healing Wish
|-damage|p1a: Patronizing|248\/264|[from] Stealth Rock
|turn|28
|chat|Jon Bovi|Shit
|
|move|p1a: Patronizing|Swords Dance|p1a: Patronizing
|-boost|p1a: Patronizing|atk|2
|-formechange|p2a: Aegislash|Aegislash-Blade
|move|p2a: Aegislash|Shadow Ball|p1a: Patronizing
|-crit|p1a: Patronizing
|-damage|p1a: Patronizing|20\/264
|
|-heal|p2a: Aegislash|191\/282|[from] item: Leftovers
|turn|29
|
|move|p1a: Patronizing|Sucker Punch|p2a: Aegislash
|-supereffective|p2a: Aegislash
|-damage|p2a: Aegislash|0 fnt
|faint|p2a: Aegislash
|
|
|switch|p2a: Venusaur|Venusaur-Mega, M|363\/363
|turn|30
|
|move|p1a: Patronizing|Sucker Punch|p2a: Venusaur
|-fail|p2a: Venusaur
|move|p2a: Venusaur|Sleep Powder|p1a: Patronizing
|-status|p1a: Patronizing|slp
|
|turn|31
|chat|Gizmozian$_$|oh
|chat|Gizmozian$_$|gg
|
|cant|p1a: Patronizing|slp
|move|p2a: Venusaur|Giga Drain|p1a: Patronizing
|-resisted|p1a: Patronizing
|-damage|p1a: Patronizing|0 fnt
|faint|p1a: Patronizing
|
|chat|Jon Bovi|Gg
|
|switch|p1a: Worst shiny:D|Dragonite, M, shiny|163\/323
|-damage|p1a: Worst shiny:D|83\/323|[from] Stealth Rock
|turn|32
|
|move|p1a: Worst shiny:D|Outrage|p2a: Venusaur
|-damage|p2a: Venusaur|119\/363
|move|p2a: Venusaur|Sludge Bomb|p1a: Worst shiny:D
|-damage|p1a: Worst shiny:D|0 fnt
|faint|p1a: Worst shiny:D
|
|win|Jon Bovi
|raw|Ladder updating...
|raw|Gizmozian$_$'s rating: 1862 &rarr; <strong>1836<\/strong><br \/>(-26 for losing)
|raw|Jon Bovi's rating: 1747 &rarr; <strong>1774<\/strong><br \/>(+27 for winning)
|leave|Gizmozian$_$
|player|p1