|join|LoD Vizars
|join|Jon Bovi
|player|p1|LoD Vizars|80
|player|p2|Jon Bovi|240
|gametype|singles
|gen|6
|tier|OU
|rated
|clearpoke
|poke|p1|Keldeo-Resolute
|poke|p1|Bisharp, F
|poke|p1|Latios, M
|poke|p1|Mawile, F
|poke|p1|Landorus-Therian, M
|poke|p1|Terrakion
|poke|p2|Donphan, M
|poke|p2|Venusaur, M
|poke|p2|Talonflame, M
|poke|p2|Vaporeon, M
|poke|p2|Heatran, F
|poke|p2|Hydreigon, M
|rule|Swagger Clause: Swagger is banned
|rule|Baton Pass Clause: Limit one PokÃ©mon knowing Baton Pass
|rule|Sleep Clause Mod: Limit one foe put to sleep
|rule|Species Clause: Limit one of each PokÃ©mon
|rule|OHKO Clause: OHKO moves are banned
|rule|Moody Clause: Moody is banned
|rule|Evasion Moves Clause: Evasion moves are banned
|rule|Endless Battle Clause: Forcing endless battles is banned
|rule|HP Percentage Mod: HP is reported as percentages
|teampreview
|chat|LoD Vizars|JON BOVI
|chat|LoD Vizars|:OOOOOOOOOOOOOOO
|
|start
|switch|p1a: Terrakion|Terrakion|324\/324
|switch|p2a: Red of Boses|Venusaur, M|363\/363
|turn|1
|chat|Jon Bovi|It's me haha
|chat|LoD Vizars|lol
|
|switch|p2a: Pivin on a Lrayer|Donphan, M|384\/384
|move|p1a: Terrakion|Stealth Rock|p2a: Pivin on a Lrayer
|-sidestart|p2: Jon Bovi|move: Stealth Rock
|
|turn|2
|chat|LoD Vizars|red of boses
|chat|LoD Vizars|xD
|
|move|p1a: Terrakion|Close Combat|p2a: Pivin on a Lrayer
|-damage|p2a: Pivin on a Lrayer|207\/384
|-unboost|p1a: Terrakion|def|1
|-unboost|p1a: Terrakion|spd|1
|move|p2a: Pivin on a Lrayer|Earthquake|p1a: Terrakion
|-supereffective|p1a: Terrakion
|-enditem|p1a: Terrakion|Focus Sash
|-damage|p1a: Terrakion|1\/324
|
|-heal|p2a: Pivin on a Lrayer|231\/384|[from] item: Leftovers
|turn|3
|
|switch|p1a: Keldeo-Resolute|Keldeo-Resolute|324\/324
|move|p2a: Pivin on a Lrayer|Rapid Spin|p1a: Keldeo-Resolute
|-damage|p1a: Keldeo-Resolute|295\/324
|-sideend|p2: Jon Bovi|Stealth Rock|[from] move: Rapid Spin|[of] p2a: Pivin on a Lrayer
|
|-heal|p2a: Pivin on a Lrayer|255\/384|[from] item: Leftovers
|turn|4
|
|switch|p1a: Latios|Latios, M|302\/302
|switch|p2a: It's Ly Mife|Vaporeon, M|464\/464
|
|turn|5
|chat|LoD Vizars|LOL
|
|move|p2a: It's Ly Mife|Protect|p2a: It's Ly Mife
|-singleturn|p2a: It's Ly Mife|Protect
|move|p1a: Latios|Draco Meteor|p2a: It's Ly Mife
|-activate|p2a: It's Ly Mife|Protect
|
|turn|6
|chat|LoD Vizars|xDDD
|
|move|p1a: Latios|Draco Meteor|p2a: It's Ly Mife
|-damage|p2a: It's Ly Mife|151\/464
|-unboost|p1a: Latios|spa|2
|-damage|p1a: Latios|272\/302|[from] item: Life Orb
|move|p2a: It's Ly Mife|Wish|p2a: It's Ly Mife
|
|-heal|p2a: It's Ly Mife|180\/464|[from] item: Leftovers
|turn|7
|
|move|p1a: Latios|Draco Meteor|p2a: It's Ly Mife
|-damage|p2a: It's Ly Mife|24\/464
|-unboost|p1a: Latios|spa|2
|-damage|p1a: Latios|242\/302|[from] item: Life Orb
|move|p2a: It's Ly Mife|Scald|p1a: Latios
|-resisted|p1a: Latios
|-damage|p1a: Latios|194\/302
|-status|p1a: Latios|brn
|
|-heal|p2a: It's Ly Mife|256\/464|[from] move: Wish|[wisher] It's Ly Mife
|-heal|p2a: It's Ly Mife|285\/464|[from] item: Leftovers
|-damage|p1a: Latios|157\/302 brn|[from] brn
|turn|8
|
|switch|p1a: Keldeo-Resolute|Keldeo-Resolute|295\/324
|move|p2a: It's Ly Mife|Scald|p1a: Keldeo-Resolute
|-resisted|p1a: Keldeo-Resolute
|-damage|p1a: Keldeo-Resolute|237\/324
|-status|p1a: Keldeo-Resolute|brn
|
|-heal|p2a: It's Ly Mife|314\/464|[from] item: Leftovers
|-damage|p1a: Keldeo-Resolute|197\/324 brn|[from] brn
|turn|9
|chat|Jon Bovi|Sorry
|
|move|p2a: It's Ly Mife|Protect|p2a: It's Ly Mife
|-singleturn|p2a: It's Ly Mife|Protect
|move|p1a: Keldeo-Resolute|Secret Sword|p2a: It's Ly Mife
|-activate|p2a: It's Ly Mife|Protect
|
|-heal|p2a: It's Ly Mife|343\/464|[from] item: Leftovers
|-damage|p1a: Keldeo-Resolute|157\/324 brn|[from] brn
|turn|10
|chat|LoD Vizars|:\/
|
|switch|p2a: Red of Boses|Venusaur, M|363\/363
|move|p1a: Keldeo-Resolute|Secret Sword|p2a: Red of Boses
|-resisted|p2a: Red of Boses
|-damage|p2a: Red of Boses|271\/363
|
|-damage|p1a: Keldeo-Resolute|117\/324 brn|[from] brn
|turn|11
|
|switch|p1a: Bisharp|Bisharp, F|272\/272
|detailschange|p2a: Red of Boses|Venusaur-Mega, M
|message|Venusaur has Mega Evolved into Mega Venusaur!
|move|p2a: Red of Boses|Giga Drain|p1a: Bisharp
|-resisted|p1a: Bisharp
|-damage|p1a: Bisharp|202\/272
|-heal|p2a: Red of Boses|306\/363|[from] drain|[of] p1a: Bisharp
|
|turn|12
|
|move|p1a: Bisharp|Iron Head|p2a: Red of Boses
|-damage|p2a: Red of Boses|177\/363
|-damage|p1a: Bisharp|175\/272|[from] item: Life Orb
|move|p2a: Red of Boses|Sleep Powder|p1a: Bisharp
|-status|p1a: Bisharp|slp
|
|turn|13
|
|cant|p1a: Bisharp|slp
|move|p2a: Red of Boses|Synthesis|p2a: Red of Boses
|-heal|p2a: Red of Boses|358\/363
|
|turn|14
|
|switch|p2a: Host Lighway|Hydreigon, M|325\/325
|-curestatus|p1a: Bisharp|slp
|move|p1a: Bisharp|Iron Head|p2a: Host Lighway
|-damage|p2a: Host Lighway|122\/325
|-damage|p1a: Bisharp|148\/272|[from] item: Life Orb
|
|turn|15
|
|switch|p1a: Terrakion|Terrakion|1\/324
|move|p2a: Host Lighway|Flamethrower|p1a: Terrakion
|-resisted|p1a: Terrakion
|-damage|p1a: Terrakion|0 fnt
|faint|p1a: Terrakion
|
|
|switch|p1a: Landorus-Therian|Landorus-Therian, M|320\/320
|-ability|p1a: Landorus-Therian|Intimidate|[of] p2a: Host Lighway
|-unboost|p2a: Host Lighway|atk|1
|turn|16
|
|switch|p2a: Mad Bedecine|Heatran, F|386\/386
|move|p1a: Landorus-Therian|U-turn|p2a: Mad Bedecine
|-resisted|p2a: Mad Bedecine
|-damage|p2a: Mad Bedecine|362\/386
|
|switch|p1a: Mawile|Mawile, F|242\/242
|-ability|p1a: Mawile|Intimidate|[of] p2a: Mad Bedecine
|-unboost|p2a: Mad Bedecine|atk|1
|
|-heal|p2a: Mad Bedecine|386\/386|[from] item: Leftovers
|turn|17
|
|detailschange|p1a: Mawile|Mawile-Mega, F
|message|Mawile has Mega Evolved into Mega Mawile!
|move|p2a: Mad Bedecine|Lava Plume|p1a: Mawile
|-supereffective|p1a: Mawile
|-damage|p1a: Mawile|8\/242
|move|p1a: Mawile|Substitute|p1a: Mawile
|-fail|p1a: Mawile|move: Substitute|[weak]
|
|turn|18
|chat|LoD Vizars|nooo
|chat|LoD Vizars|u.u
|chat|Jon Bovi|...
|chat|Jon Bovi|weird move bro lol
|chat|LoD Vizars|max speed?
|
|-singleturn|p1a: Mawile|move: Focus Punch
|move|p2a: Mad Bedecine|Lava Plume|p1a: Mawile
|-supereffective|p1a: Mawile
|-damage|p1a: Mawile|0 fnt
|faint|p1a: Mawile
|
|
|switch|p1a: Landorus-Therian|Landorus-Therian, M|320\/320
|-ability|p1a: Landorus-Therian|Intimidate|[of] p2a: Mad Bedecine
|-unboost|p2a: Mad Bedecine|atk|1
|turn|19
|chat|Jon Bovi|Enough to outspeed max speed Mawile lol
|
|switch|p2a: Red of Boses|Venusaur-Mega, M|358\/363
|move|p1a: Landorus-Therian|Earthquake|p2a: Red of Boses
|-damage|p2a: Red of Boses|217\/363
|
|turn|20
|
|switch|p1a: Latios|Latios, M|157\/302 brn
|switch|p2a: Glaze of Blory|Talonflame, M|309\/309
|
|-damage|p1a: Latios|120\/302 brn|[from] brn
|turn|21
|
|switch|p2a: Mad Bedecine|Heatran, F|386\/386
|move|p1a: Latios|Draco Meteor|p2a: Mad Bedecine
|-resisted|p2a: Mad Bedecine
|-damage|p2a: Mad Bedecine|281\/386
|-unboost|p1a: Latios|spa|2
|-damage|p1a: Latios|90\/302 brn|[from] item: Life Orb
|
|-heal|p2a: Mad Bedecine|305\/386|[from] item: Leftovers
|-damage|p1a: Latios|53\/302 brn|[from] brn
|turn|22
|
|move|p1a: Latios|Earthquake|p2a: Mad Bedecine
|-supereffective|p2a: Mad Bedecine
|-damage|p2a: Mad Bedecine|144\/386
|-damage|p1a: Latios|23\/302 brn|[from] item: Life Orb
|move|p2a: Mad Bedecine|Stealth Rock|p1a: Latios
|-sidestart|p1: LoD Vizars|move: Stealth Rock
|
|-heal|p2a: Mad Bedecine|168\/386|[from] item: Leftovers
|-damage|p1a: Latios|0 fnt|[from] brn
|faint|p1a: Latios
|chat|Jon Bovi|Knew it lol
|chat|LoD Vizars|stupid burn u.u
|
|switch|p1a: Bisharp|Bisharp, F|148\/272
|-damage|p1a: Bisharp|131\/272|[from] Stealth Rock
|turn|23
|
|move|p1a: Bisharp|Knock Off|p2a: Mad Bedecine
|-damage|p2a: Mad Bedecine|0 fnt
|-enditem|p2a: Mad Bedecine|Leftovers|[from] move: Knock Off|[of] p1a: Bisharp
|-damage|p1a: Bisharp|104\/272|[from] item: Life Orb
|faint|p2a: Mad Bedecine
|
|
|switch|p2a: Host Lighway|Hydreigon, M|122\/325
|turn|24
|
|switch|p1a: Landorus-Therian|Landorus-Therian, M|320\/320
|-damage|p1a: Landorus-Therian|280\/320|[from] Stealth Rock
|-ability|p1a: Landorus-Therian|Intimidate|[of] p2a: Host Lighway
|-unboost|p2a: Host Lighway|atk|1
|move|p2a: Host Lighway|Flamethrower|p1a: Landorus-Therian
|-damage|p1a: Landorus-Therian|142\/320
|
|turn|25
|
|switch|p2a: It's Ly Mife|Vaporeon, M|343\/464
|move|p1a: Landorus-Therian|U-turn|p2a: It's Ly Mife
|-damage|p2a: It's Ly Mife|249\/464
|
|switch|p1a: Bisharp|Bisharp, F|104\/272
|-damage|p1a: Bisharp|87\/272|[from] Stealth Rock
|
|-heal|p2a: It's Ly Mife|278\/464|[from] item: Leftovers
|turn|26
|
|move|p1a: Bisharp|Knock Off|p2a: It's Ly Mife
|-damage|p2a: It's Ly Mife|56\/464
|-enditem|p2a: It's Ly Mife|Leftovers|[from] move: Knock Off|[of] p1a: Bisharp
|-damage|p1a: Bisharp|60\/272|[from] item: Life Orb
|move|p2a: It's Ly Mife|Scald|p1a: Bisharp
|-damage|p1a: Bisharp|0 fnt
|faint|p1a: Bisharp
|
|
|switch|p1a: Landorus-Therian|Landorus-Therian, M|142\/320
|-damage|p1a: Landorus-Therian|102\/320|[from] Stealth Rock
|-ability|p1a: Landorus-Therian|Intimidate|[of] p2a: It's Ly Mife
|-unboost|p2a: It's Ly Mife|atk|1
|turn|27
|
|move|p2a: It's Ly Mife|Protect|p2a: It's Ly Mife
|-singleturn|p2a: It's Ly Mife|Protect
|move|p1a: Landorus-Therian|U-turn|p2a: It's Ly Mife
|-activate|p2a: It's Ly Mife|Protect
|
|turn|28
|
|move|p1a: Landorus-Therian|U-turn|p2a: It's Ly Mife
|-damage|p2a: It's Ly Mife|0 fnt
|faint|p2a: It's Ly Mife
|
|switch|p1a: Keldeo-Resolute|Keldeo-Resolute|117\/324 brn
|-damage|p1a: Keldeo-Resolute|97\/324 brn|[from] Stealth Rock
|
|-damage|p1a: Keldeo-Resolute|57\/324 brn|[from] brn
|chat|Jon Bovi|Gg
|chat|LoD Vizars|gg :\/
|
|switch|p2a: Glaze of Blory|Talonflame, M|309\/309
|turn|29
|
|move|p2a: Glaze of Blory|Brave Bird|p1a: Keldeo-Resolute
|-supereffective|p1a: Keldeo-Resolute
|-damage|p1a: Keldeo-Resolute|0 fnt
|-damage|p2a: Glaze of Blory|290\/309|[from] recoil|[of] p1a: Keldeo-Resolute
|faint|p1a: Keldeo-Resolute
|
|
|switch|p1a: Landorus-Therian|Landorus-Therian, M|102\/320
|-damage|p1a: Landorus-Therian|62\/320|[from] Stealth Rock
|-ability|p1a: Landorus-Therian|Intimidate|[of] p2a: Glaze of Blory
|-unboost|p2a: Glaze of Blory|atk|1
|turn|30
|
|move|p2a: Glaze of Blory|Brave Bird|p1a: Landorus-Therian
|-damage|p1a: Landorus-Therian|0 fnt
|-damage|p2a: Glaze of Blory|270\/309|[from] recoil|[of] p1a: Landorus-Therian
|faint|p1a: Landorus-Therian
|
|win|Jon Bovi
|raw|Ladder updating...
|raw|LoD Vizars's rating: 1917 &rarr; <strong>1890<\/strong><br \/>(-27 for losing)
|raw|Jon Bovi's rating: 1796 &rarr; <strong>1823<\/strong><br \/>(+27 for winning)
|leave|LoD Vizars
|player|p1