|join|Jon Bovi
|join|MrSeasons
|player|p1|Jon Bovi|240
|player|p2|MrSeasons|286
|gametype|singles
|gen|6
|tier|OU
|rated
|clearpoke
|poke|p1|Donphan, M
|poke|p1|Venusaur, M
|poke|p1|Talonflame, M
|poke|p1|Vaporeon, M
|poke|p1|Heatran, F
|poke|p1|Kyurem-Black
|poke|p2|Pinsir, M, shiny
|poke|p2|Latias, F
|poke|p2|Clefable, M
|poke|p2|Keldeo-Resolute, shiny
|poke|p2|Magnezone, shiny
|poke|p2|Landorus-Therian, M
|rule|Swagger Clause: Swagger is banned
|rule|Baton Pass Clause: Limit one PokÃ©mon knowing Baton Pass
|rule|Sleep Clause Mod: Limit one foe put to sleep
|rule|Species Clause: Limit one of each PokÃ©mon
|rule|OHKO Clause: OHKO moves are banned
|rule|Moody Clause: Moody is banned
|rule|Evasion Moves Clause: Evasion moves are banned
|rule|Endless Battle Clause: Forcing endless battles is banned
|rule|HP Percentage Mod: HP is shown in percentages
|teampreview
|chat|Jon Bovi|Gl hf
|chat|MrSeasons|ty
|
|start
|switch|p1a: Host Lighway|Kyurem-Black|391\/391
|switch|p2a: Cat|Landorus-Therian, M|319\/319
|-ability|p2a: Cat|Intimidate|[of] p1a: Host Lighway
|-unboost|p1a: Host Lighway|atk|1
|-ability|p1a: Host Lighway|Teravolt
|turn|1
|
|switch|p2a: Clef.|Clefable, M|390\/390
|switch|p1a: Pivin on a Lrayer|Donphan, M|384\/384
|
|turn|2
|
|switch|p1a: Mad Bedecine|Heatran, F|386\/386
|move|p2a: Clef.|Stealth Rock|p1a: Mad Bedecine
|-sidestart|p1: Jon Bovi|move: Stealth Rock
|
|turn|3
|
|switch|p2a: Horse|Keldeo-Resolute, shiny|323\/323
|move|p1a: Mad Bedecine|Stealth Rock|p2a: Horse
|-sidestart|p2: MrSeasons|move: Stealth Rock
|
|turn|4
|
|switch|p1a: It's Ly Mife|Vaporeon, M|464\/464
|-damage|p1a: It's Ly Mife|406\/464|[from] Stealth Rock
|move|p2a: Horse|Secret Sword|p1a: It's Ly Mife
|-damage|p1a: It's Ly Mife|201\/464
|
|-heal|p1a: It's Ly Mife|230\/464|[from] item: Leftovers
|turn|5
|
|switch|p2a: Zone'd|Magnezone, shiny|281\/281
|-damage|p2a: Zone'd|264\/281|[from] Stealth Rock
|switch|p1a: Red of Boses|Venusaur, M|363\/363
|-damage|p1a: Red of Boses|318\/363|[from] Stealth Rock
|
|turn|6
|
|detailschange|p1a: Red of Boses|Venusaur-Mega, M
|message|Venusaur has Mega Evolved into Mega Venusaur!
|move|p2a: Zone'd|Volt Switch|p1a: Red of Boses
|-resisted|p1a: Red of Boses
|-damage|p1a: Red of Boses|268\/363
|
|switch|p2a: Clef.|Clefable, M|390\/390
|move|p1a: Red of Boses|Sleep Powder|p2a: Clef.
|-status|p2a: Clef.|slp
|
|turn|7
|
|switch|p2a: Zone'd|Magnezone, shiny|264\/281
|-damage|p2a: Zone'd|247\/281|[from] Stealth Rock
|move|p1a: Red of Boses|Sludge Bomb|p2a: Zone'd
|-immune|p2a: Zone'd|[msg]
|
|turn|8
|
|switch|p2a: Horse|Keldeo-Resolute, shiny|323\/323
|-damage|p2a: Horse|303\/323|[from] Stealth Rock
|move|p1a: Red of Boses|Synthesis|p1a: Red of Boses
|-heal|p1a: Red of Boses|363\/363
|
|turn|9
|
|switch|p2a: Zone'd|Magnezone, shiny|247\/281
|-damage|p2a: Zone'd|230\/281|[from] Stealth Rock
|move|p1a: Red of Boses|Giga Drain|p2a: Zone'd
|-resisted|p2a: Zone'd
|-damage|p2a: Zone'd|170\/281
|
|turn|10
|
|move|p2a: Zone'd|Volt Switch|p1a: Red of Boses
|-resisted|p1a: Red of Boses
|-damage|p1a: Red of Boses|313\/363
|
|switch|p2a: Latias|Latias, F|302\/302
|-damage|p2a: Latias|265\/302|[from] Stealth Rock
|move|p1a: Red of Boses|Synthesis|p1a: Red of Boses
|-heal|p1a: Red of Boses|363\/363
|
|turn|11
|
|switch|p2a: Horse|Keldeo-Resolute, shiny|303\/323
|-damage|p2a: Horse|283\/323|[from] Stealth Rock
|switch|p1a: Mad Bedecine|Heatran, F|386\/386
|-damage|p1a: Mad Bedecine|338\/386|[from] Stealth Rock
|
|-heal|p1a: Mad Bedecine|362\/386|[from] item: Leftovers
|turn|12
|
|switch|p1a: Red of Boses|Venusaur-Mega, M|363\/363
|-damage|p1a: Red of Boses|318\/363|[from] Stealth Rock
|move|p2a: Horse|Scald|p1a: Red of Boses
|-resisted|p1a: Red of Boses
|-damage|p1a: Red of Boses|233\/363
|-status|p1a: Red of Boses|brn
|
|-damage|p1a: Red of Boses|188\/363 brn|[from] brn
|turn|13
|
|switch|p2a: OG Mega Mence|Pinsir, M, shiny|271\/271
|-damage|p2a: OG Mega Mence|204\/271|[from] Stealth Rock
|-ability|p2a: OG Mega Mence|Mold Breaker
|switch|p1a: Mad Bedecine|Heatran, F|362\/386
|-damage|p1a: Mad Bedecine|314\/386|[from] Stealth Rock
|
|-heal|p1a: Mad Bedecine|338\/386|[from] item: Leftovers
|turn|14
|
|switch|p1a: Glaze of Blory|Talonflame, M|359\/359
|-damage|p1a: Glaze of Blory|180\/359|[from] Stealth Rock
|detailschange|p2a: OG Mega Mence|Pinsir-Mega, M, shiny
|message|Pinsir has Mega Evolved into Mega Pinsir!
|move|p2a: OG Mega Mence|Earthquake|p1a: Glaze of Blory
|-immune|p1a: Glaze of Blory|[msg]
|
|-heal|p1a: Glaze of Blory|202\/359|[from] item: Leftovers
|turn|15
|
|switch|p2a: Clef.|Clefable, M|390\/390 slp
|move|p1a: Glaze of Blory|Will-O-Wisp|p2a: Clef.
|-fail|p2a: Clef.
|
|-heal|p1a: Glaze of Blory|224\/359|[from] item: Leftovers
|turn|16
|
|switch|p2a: Cat|Landorus-Therian, M|319\/319
|-damage|p2a: Cat|280\/319|[from] Stealth Rock
|-ability|p2a: Cat|Intimidate|[of] p1a: Glaze of Blory
|-unboost|p1a: Glaze of Blory|atk|1
|move|p1a: Glaze of Blory|Roost|p1a: Glaze of Blory
|-heal|p1a: Glaze of Blory|359\/359
|
|turn|17
|
|switch|p1a: Pivin on a Lrayer|Donphan, M|384\/384
|-damage|p1a: Pivin on a Lrayer|360\/384|[from] Stealth Rock
|move|p2a: Cat|U-turn|p1a: Pivin on a Lrayer
|-damage|p1a: Pivin on a Lrayer|280\/384
|
|switch|p2a: Horse|Keldeo-Resolute, shiny|283\/323
|-damage|p2a: Horse|263\/323|[from] Stealth Rock
|
|-heal|p1a: Pivin on a Lrayer|304\/384|[from] item: Leftovers
|turn|18
|
|switch|p1a: Red of Boses|Venusaur-Mega, M|188\/363 brn
|-damage|p1a: Red of Boses|143\/363 brn|[from] Stealth Rock
|move|p2a: Horse|Secret Sword|p1a: Red of Boses
|-resisted|p1a: Red of Boses
|-damage|p1a: Red of Boses|63\/363 brn
|
|-damage|p1a: Red of Boses|18\/363 brn|[from] brn
|turn|19
|
|move|p2a: Horse|Secret Sword|p1a: Red of Boses
|-resisted|p1a: Red of Boses
|-damage|p1a: Red of Boses|0 fnt
|faint|p1a: Red of Boses
|
|
|switch|p1a: Glaze of Blory|Talonflame, M|359\/359
|-damage|p1a: Glaze of Blory|180\/359|[from] Stealth Rock
|turn|20
|
|switch|p2a: Cat|Landorus-Therian, M|280\/319
|-damage|p2a: Cat|241\/319|[from] Stealth Rock
|-ability|p2a: Cat|Intimidate|[of] p1a: Glaze of Blory
|-unboost|p1a: Glaze of Blory|atk|1
|move|p1a: Glaze of Blory|Will-O-Wisp|p2a: Cat
|-status|p2a: Cat|brn
|
|-heal|p1a: Glaze of Blory|202\/359|[from] item: Leftovers
|-damage|p2a: Cat|202\/319 brn|[from] brn
|turn|21
|
|move|p1a: Glaze of Blory|Roost|p1a: Glaze of Blory
|-heal|p1a: Glaze of Blory|359\/359
|move|p2a: Cat|Rock Slide|p1a: Glaze of Blory
|-supereffective|p1a: Glaze of Blory
|-damage|p1a: Glaze of Blory|243\/359
|
|-heal|p1a: Glaze of Blory|265\/359|[from] item: Leftovers
|-damage|p2a: Cat|163\/319 brn|[from] brn
|turn|22
|
|switch|p2a: Clef.|Clefable, M|390\/390 slp
|move|p1a: Glaze of Blory|Roost|p1a: Glaze of Blory
|-heal|p1a: Glaze of Blory|359\/359
|
|turn|23
|
|move|p1a: Glaze of Blory|Taunt|p2a: Clef.
|-start|p2a: Clef.|move: Taunt
|cant|p2a: Clef.|slp
|
|turn|24
|
|switch|p1a: It's Ly Mife|Vaporeon, M|230\/464
|-damage|p1a: It's Ly Mife|172\/464|[from] Stealth Rock
|-curestatus|p2a: Clef.|slp
|move|p2a: Clef.|Moonblast|p1a: It's Ly Mife
|-crit|p1a: It's Ly Mife
|-damage|p1a: It's Ly Mife|4\/464
|
|-heal|p1a: It's Ly Mife|33\/464|[from] item: Leftovers
|turn|25
|
|move|p1a: It's Ly Mife|Protect|p1a: It's Ly Mife
|-singleturn|p1a: It's Ly Mife|Protect
|move|p2a: Clef.|Moonblast|p1a: It's Ly Mife
|-activate|p1a: It's Ly Mife|Protect
|
|-heal|p1a: It's Ly Mife|62\/464|[from] item: Leftovers
|-end|p2a: Clef.|move: Taunt
|turn|26
|
|switch|p1a: Mad Bedecine|Heatran, F|338\/386
|-damage|p1a: Mad Bedecine|290\/386|[from] Stealth Rock
|move|p2a: Clef.|Moonblast|p1a: Mad Bedecine
|-resisted|p1a: Mad Bedecine
|-damage|p1a: Mad Bedecine|271\/386
|
|-heal|p1a: Mad Bedecine|295\/386|[from] item: Leftovers
|turn|27
|
|move|p1a: Mad Bedecine|Lava Plume|p2a: Clef.
|-damage|p2a: Clef.|291\/390
|move|p2a: Clef.|Moonblast|p1a: Mad Bedecine
|-resisted|p1a: Mad Bedecine
|-damage|p1a: Mad Bedecine|277\/386
|-unboost|p1a: Mad Bedecine|spa|1
|
|-heal|p1a: Mad Bedecine|301\/386|[from] item: Leftovers
|-heal|p2a: Clef.|315\/390|[from] item: Leftovers
|turn|28
|
|move|p1a: Mad Bedecine|Taunt|p2a: Clef.
|-start|p2a: Clef.|move: Taunt
|move|p2a: Clef.|Moonblast|p1a: Mad Bedecine
|-resisted|p1a: Mad Bedecine
|-damage|p1a: Mad Bedecine|283\/386
|
|-heal|p1a: Mad Bedecine|307\/386|[from] item: Leftovers
|-heal|p2a: Clef.|339\/390|[from] item: Leftovers
|turn|29
|
|switch|p2a: Latias|Latias, F|265\/302
|-damage|p2a: Latias|228\/302|[from] Stealth Rock
|move|p1a: Mad Bedecine|Lava Plume|p2a: Latias
|-crit|p2a: Latias
|-resisted|p2a: Latias
|-damage|p2a: Latias|153\/302
|
|-heal|p1a: Mad Bedecine|331\/386|[from] item: Leftovers
|turn|30
|
|move|p2a: Latias|Psyshock|p1a: Mad Bedecine
|-resisted|p1a: Mad Bedecine
|-damage|p1a: Mad Bedecine|252\/386
|-damage|p2a: Latias|123\/302|[from] item: Life Orb
|move|p1a: Mad Bedecine|Toxic|p2a: Latias
|-status|p2a: Latias|tox
|
|-heal|p1a: Mad Bedecine|276\/386|[from] item: Leftovers
|-damage|p2a: Latias|105\/302 tox|[from] psn
|turn|31
|
|move|p2a: Latias|Healing Wish|p2a: Latias
|faint|p2a: Latias
|move|p1a: Mad Bedecine|Taunt|p2: Latias|[notarget]
|-notarget
|
|-heal|p1a: Mad Bedecine|300\/386|[from] item: Leftovers
|
|switch|p2a: Cat|Landorus-Therian, M|163\/319 brn
|-heal|p2a: Cat|319\/319|[from] move: Healing Wish
|-damage|p2a: Cat|280\/319|[from] Stealth Rock
|-ability|p2a: Cat|Intimidate|[of] p1a: Mad Bedecine
|-unboost|p1a: Mad Bedecine|atk|1
|turn|32
|
|switch|p1a: Glaze of Blory|Talonflame, M|359\/359
|-damage|p1a: Glaze of Blory|180\/359|[from] Stealth Rock
|move|p2a: Cat|U-turn|p1a: Glaze of Blory
|-resisted|p1a: Glaze of Blory
|-damage|p1a: Glaze of Blory|150\/359
|
|switch|p2a: Zone'd|Magnezone, shiny|170\/281
|-damage|p2a: Zone'd|153\/281|[from] Stealth Rock
|
|-heal|p1a: Glaze of Blory|172\/359|[from] item: Leftovers
|turn|33
|
|move|p1a: Glaze of Blory|Roost|p1a: Glaze of Blory
|-heal|p1a: Glaze of Blory|352\/359
|move|p2a: Zone'd|Thunderbolt|p1a: Glaze of Blory
|-damage|p1a: Glaze of Blory|196\/359
|
|-heal|p1a: Glaze of Blory|218\/359|[from] item: Leftovers
|turn|34
|
|move|p1a: Glaze of Blory|Roost|p1a: Glaze of Blory
|-heal|p1a: Glaze of Blory|359\/359
|move|p2a: Zone'd|Thunderbolt|p1a: Glaze of Blory
|-damage|p1a: Glaze of Blory|223\/359
|
|-heal|p1a: Glaze of Blory|245\/359|[from] item: Leftovers
|turn|35
|
|switch|p2a: Clef.|Clefable, M|339\/390
|switch|p1a: Pivin on a Lrayer|Donphan, M|304\/384
|-damage|p1a: Pivin on a Lrayer|280\/384|[from] Stealth Rock
|
|-heal|p2a: Clef.|363\/390|[from] item: Leftovers
|-heal|p1a: Pivin on a Lrayer|304\/384|[from] item: Leftovers
|turn|36
|
|move|p2a: Clef.|Moonblast|p1a: Pivin on a Lrayer
|-damage|p1a: Pivin on a Lrayer|144\/384
|move|p1a: Pivin on a Lrayer|Rapid Spin|p2a: Clef.
|-damage|p2a: Clef.|338\/390
|-sideend|p1: Jon Bovi|Stealth Rock|[from] move: Rapid Spin|[of] p1a: Pivin on a Lrayer
|
|-heal|p2a: Clef.|362\/390|[from] item: Leftovers
|-heal|p1a: Pivin on a Lrayer|168\/384|[from] item: Leftovers
|turn|37
|
|switch|p1a: Glaze of Blory|Talonflame, M|245\/359
|move|p2a: Clef.|Stealth Rock|p1a: Glaze of Blory
|-sidestart|p1: Jon Bovi|move: Stealth Rock
|
|-heal|p1a: Glaze of Blory|267\/359|[from] item: Leftovers
|-heal|p2a: Clef.|386\/390|[from] item: Leftovers
|turn|38
|
|move|p1a: Glaze of Blory|Will-O-Wisp|p2a: Clef.
|-status|p2a: Clef.|brn
|move|p2a: Clef.|Moonblast|p1a: Glaze of Blory
|-resisted|p1a: Glaze of Blory
|-damage|p1a: Glaze of Blory|222\/359
|
|-heal|p1a: Glaze of Blory|244\/359|[from] item: Leftovers
|-heal|p2a: Clef.|390\/390 brn|[from] item: Leftovers
|turn|39
|
|move|p1a: Glaze of Blory|Taunt|p2a: Clef.
|-start|p2a: Clef.|move: Taunt
|move|p2a: Clef.|Moonblast|p1a: Glaze of Blory
|-resisted|p1a: Glaze of Blory
|-damage|p1a: Glaze of Blory|199\/359
|
|-heal|p1a: Glaze of Blory|221\/359|[from] item: Leftovers
|turn|40
|
|switch|p2a: Zone'd|Magnezone, shiny|153\/281
|-damage|p2a: Zone'd|136\/281|[from] Stealth Rock
|move|p1a: Glaze of Blory|Will-O-Wisp|p2a: Zone'd
|-status|p2a: Zone'd|brn
|
|-heal|p1a: Glaze of Blory|243\/359|[from] item: Leftovers
|-damage|p2a: Zone'd|101\/281 brn|[from] brn
|turn|41
|
|move|p1a: Glaze of Blory|Roost|p1a: Glaze of Blory
|-heal|p1a: Glaze of Blory|359\/359
|move|p2a: Zone'd|Thunderbolt|p1a: Glaze of Blory
|-damage|p1a: Glaze of Blory|208\/359
|
|-heal|p1a: Glaze of Blory|230\/359|[from] item: Leftovers
|-damage|p2a: Zone'd|66\/281 brn|[from] brn
|turn|42
|
|switch|p1a: Pivin on a Lrayer|Donphan, M|168\/384
|-damage|p1a: Pivin on a Lrayer|144\/384|[from] Stealth Rock
|move|p2a: Zone'd|Thunderbolt|p1a: Pivin on a Lrayer
|-immune|p1a: Pivin on a Lrayer|[msg]
|
|-heal|p1a: Pivin on a Lrayer|168\/384|[from] item: Leftovers
|-damage|p2a: Zone'd|31\/281 brn|[from] brn
|turn|43
|
|switch|p2a: Clef.|Clefable, M|390\/390 brn
|move|p1a: Pivin on a Lrayer|Rapid Spin|p2a: Clef.
|-damage|p2a: Clef.|364\/390 brn
|-sideend|p1: Jon Bovi|Stealth Rock|[from] move: Rapid Spin|[of] p1a: Pivin on a Lrayer
|
|-heal|p2a: Clef.|388\/390 brn|[from] item: Leftovers
|-heal|p1a: Pivin on a Lrayer|192\/384|[from] item: Leftovers
|turn|44
|
|switch|p1a: Glaze of Blory|Talonflame, M|230\/359
|move|p2a: Clef.|Stealth Rock|p1a: Glaze of Blory
|-sidestart|p1: Jon Bovi|move: Stealth Rock
|
|-heal|p1a: Glaze of Blory|252\/359|[from] item: Leftovers
|-heal|p2a: Clef.|390\/390 brn|[from] item: Leftovers
|turn|45
|
|switch|p2a: Zone'd|Magnezone, shiny|31\/281 brn
|-damage|p2a: Zone'd|14\/281 brn|[from] Stealth Rock
|move|p1a: Glaze of Blory|Taunt|p2a: Zone'd
|-start|p2a: Zone'd|move: Taunt
|
|-heal|p1a: Glaze of Blory|274\/359|[from] item: Leftovers
|-damage|p2a: Zone'd|0 fnt|[from] brn
|faint|p2a: Zone'd
|
|switch|p2a: Cat|Landorus-Therian, M|280\/319
|-damage|p2a: Cat|241\/319|[from] Stealth Rock
|-ability|p2a: Cat|Intimidate|[of] p1a: Glaze of Blory
|-unboost|p1a: Glaze of Blory|atk|1
|turn|46
|
|move|p1a: Glaze of Blory|Roost|p1a: Glaze of Blory
|-heal|p1a: Glaze of Blory|359\/359
|move|p2a: Cat|Rock Slide|p1a: Glaze of Blory
|-miss|p2a: Cat|p1a: Glaze of Blory
|
|turn|47
|
|switch|p2a: Clef.|Clefable, M|390\/390 brn
|switch|p1a: Pivin on a Lrayer|Donphan, M|192\/384
|-damage|p1a: Pivin on a Lrayer|168\/384|[from] Stealth Rock
|
|-heal|p1a: Pivin on a Lrayer|192\/384|[from] item: Leftovers
|turn|48
|
|move|p2a: Clef.|Moonblast|p1a: Pivin on a Lrayer
|-damage|p1a: Pivin on a Lrayer|20\/384
|-unboost|p1a: Pivin on a Lrayer|spa|1
|move|p1a: Pivin on a Lrayer|Rapid Spin|p2a: Clef.
|-damage|p2a: Clef.|362\/390 brn
|-sideend|p1: Jon Bovi|Stealth Rock|[from] move: Rapid Spin|[of] p1a: Pivin on a Lrayer
|
|-heal|p2a: Clef.|386\/390 brn|[from] item: Leftovers
|-heal|p1a: Pivin on a Lrayer|44\/384|[from] item: Leftovers
|turn|49
|
|move|p2a: Clef.|Stealth Rock|p1a: Pivin on a Lrayer
|-sidestart|p1: Jon Bovi|move: Stealth Rock
|move|p1a: Pivin on a Lrayer|Earthquake|p2a: Clef.
|-damage|p2a: Clef.|199\/390 brn
|
|-heal|p2a: Clef.|223\/390 brn|[from] item: Leftovers
|-heal|p1a: Pivin on a Lrayer|68\/384|[from] item: Leftovers
|turn|50
|
|switch|p1a: Mad Bedecine|Heatran, F|300\/386
|-damage|p1a: Mad Bedecine|252\/386|[from] Stealth Rock
|move|p2a: Clef.|Moonblast|p1a: Mad Bedecine
|-resisted|p1a: Mad Bedecine
|-damage|p1a: Mad Bedecine|232\/386
|
|-heal|p1a: Mad Bedecine|256\/386|[from] item: Leftovers
|-heal|p2a: Clef.|247\/390 brn|[from] item: Leftovers
|turn|51
|
|switch|p2a: Horse|Keldeo-Resolute, shiny|263\/323
|-damage|p2a: Horse|243\/323|[from] Stealth Rock
|move|p1a: Mad Bedecine|Taunt|p2a: Horse
|-start|p2a: Horse|move: Taunt
|
|-heal|p1a: Mad Bedecine|280\/386|[from] item: Leftovers
|turn|52
|
|move|p2a: Horse|Secret Sword|p1a: Mad Bedecine
|-supereffective|p1a: Mad Bedecine
|-damage|p1a: Mad Bedecine|0 fnt
|faint|p1a: Mad Bedecine
|
|
|switch|p1a: Glaze of Blory|Talonflame, M|359\/359
|-damage|p1a: Glaze of Blory|180\/359|[from] Stealth Rock
|turn|53
|
|switch|p2a: Clef.|Clefable, M|247\/390 brn
|move|p1a: Glaze of Blory|Brave Bird|p2a: Clef.
|-damage|p2a: Clef.|135\/390 brn
|-damage|p1a: Glaze of Blory|143\/359|[from] recoil|[of] p2a: Clef.
|
|-heal|p1a: Glaze of Blory|165\/359|[from] item: Leftovers
|-heal|p2a: Clef.|159\/390 brn|[from] item: Leftovers
|turn|54
|
|switch|p2a: OG Mega Mence|Pinsir-Mega, M, shiny|204\/271
|-damage|p2a: OG Mega Mence|69\/271|[from] Stealth Rock
|move|p1a: Glaze of Blory|Taunt|p2a: OG Mega Mence
|-start|p2a: OG Mega Mence|move: Taunt
|
|-heal|p1a: Glaze of Blory|187\/359|[from] item: Leftovers
|turn|55
|
|move|p2a: OG Mega Mence|Quick Attack|p1a: Glaze of Blory
|-damage|p1a: Glaze of Blory|42\/359
|move|p1a: Glaze of Blory|Brave Bird|p2a: OG Mega Mence
|-supereffective|p2a: OG Mega Mence
|-damage|p2a: OG Mega Mence|0 fnt
|-damage|p1a: Glaze of Blory|19\/359|[from] recoil|[of] p2a: OG Mega Mence
|faint|p2a: OG Mega Mence
|
|-heal|p1a: Glaze of Blory|41\/359|[from] item: Leftovers
|
|switch|p2a: Cat|Landorus-Therian, M|241\/319
|-damage|p2a: Cat|202\/319|[from] Stealth Rock
|-ability|p2a: Cat|Intimidate|[of] p1a: Glaze of Blory
|-unboost|p1a: Glaze of Blory|atk|1
|turn|56
|
|move|p1a: Glaze of Blory|Roost|p1a: Glaze of Blory
|-heal|p1a: Glaze of Blory|221\/359
|move|p2a: Cat|Rock Slide|p1a: Glaze of Blory
|-supereffective|p1a: Glaze of Blory
|-damage|p1a: Glaze of Blory|0 fnt
|faint|p1a: Glaze of Blory
|
|
|switch|p1a: Pivin on a Lrayer|Donphan, M|68\/384
|-damage|p1a: Pivin on a Lrayer|44\/384|[from] Stealth Rock
|turn|57
|
|move|p2a: Cat|Rock Slide|p1a: Pivin on a Lrayer
|-resisted|p1a: Pivin on a Lrayer
|-damage|p1a: Pivin on a Lrayer|4\/384
|cant|p1a: Pivin on a Lrayer|flinch
|
|-heal|p1a: Pivin on a Lrayer|28\/384|[from] item: Leftovers
|turn|58
|chat|Jon Bovi|Really?
|chat|MrSeasons|lmao
|
|switch|p2a: Clef.|Clefable, M|159\/390 brn
|move|p1a: Pivin on a Lrayer|Ice Shard|p2a: Clef.
|-damage|p2a: Clef.|105\/390 brn
|
|-heal|p2a: Clef.|129\/390 brn|[from] item: Leftovers
|-heal|p1a: Pivin on a Lrayer|52\/384|[from] item: Leftovers
|turn|59
|chat|Jon Bovi|Fuck u
|chat|Jon Bovi|haxor
|-message|Jon Bovi forfeited.
|
|win|MrSeasons
|raw|Ladder updating...
|raw|Jon Bovi's rating: 1847 &rarr; <strong>1821<\/strong><br \/>(-26 for losing)
|raw|MrSeasons's rating: 1751 &rarr; <strong>1776<\/strong><br \/>(+25 for winning)
|leave|Jon Bovi
|player|p1