|join|Jon Bovi
|join|kingofcrimea1
|player|p1|Jon Bovi|240
|player|p2|kingofcrimea1|162
|gametype|singles
|gen|6
|tier|OU
|rated
|clearpoke
|poke|p1|Donphan, M
|poke|p1|Venusaur, M
|poke|p1|Talonflame, M
|poke|p1|Vaporeon, M
|poke|p1|Heatran, F
|poke|p1|Kyurem-Black
|poke|p2|Rotom-Wash
|poke|p2|Mawile, F
|poke|p2|Azumarill, F
|poke|p2|Latios, M
|poke|p2|Heatran, M
|poke|p2|Landorus-Therian, M
|rule|Swagger Clause: Swagger is banned
|rule|Baton Pass Clause: Limit one PokÃ©mon knowing Baton Pass
|rule|Sleep Clause Mod: Limit one foe put to sleep
|rule|Species Clause: Limit one of each PokÃ©mon
|rule|OHKO Clause: OHKO moves are banned
|rule|Moody Clause: Moody is banned
|rule|Evasion Moves Clause: Evasion moves are banned
|rule|Endless Battle Clause: Forcing endless battles is banned
|rule|HP Percentage Mod: HP is shown in percentages
|teampreview
|chat|Jon Bovi|Gl hf
|
|start
|switch|p1a: Host Lighway|Kyurem-Black|391\/391
|switch|p2a: Latios|Latios, M|301\/301
|-ability|p1a: Host Lighway|Teravolt
|turn|1
|
|switch|p1a: Mad Bedecine|Heatran, F|386\/386
|move|p2a: Latios|Draco Meteor|p1a: Mad Bedecine
|-resisted|p1a: Mad Bedecine
|-damage|p1a: Mad Bedecine|265\/386
|-unboost|p2a: Latios|spa|2
|
|-heal|p1a: Mad Bedecine|289\/386|[from] item: Leftovers
|turn|2
|
|switch|p2a: Heatran|Heatran, M|324\/324
|-item|p2a: Heatran|Air Balloon
|move|p1a: Mad Bedecine|Stealth Rock|p2a: Heatran
|-sidestart|p2: kingofcrimea1|move: Stealth Rock
|
|-heal|p1a: Mad Bedecine|313\/386|[from] item: Leftovers
|turn|3
|
|switch|p1a: It's Ly Mife|Vaporeon, M|464\/464
|move|p2a: Heatran|Fire Blast|p1a: It's Ly Mife
|-resisted|p1a: It's Ly Mife
|-damage|p1a: It's Ly Mife|357\/464
|
|-heal|p1a: It's Ly Mife|386\/464|[from] item: Leftovers
|turn|4
|
|switch|p2a: Rotom-Wash|Rotom-Wash|299\/299
|-damage|p2a: Rotom-Wash|262\/299|[from] Stealth Rock
|move|p1a: It's Ly Mife|Wish|p1a: It's Ly Mife
|
|-heal|p2a: Rotom-Wash|280\/299|[from] item: Leftovers
|-heal|p1a: It's Ly Mife|415\/464|[from] item: Leftovers
|turn|5
|
|switch|p1a: Mad Bedecine|Heatran, F|313\/386
|move|p2a: Rotom-Wash|Volt Switch|p1a: Mad Bedecine
|-damage|p1a: Mad Bedecine|241\/386
|
|switch|p2a: Landorus-Therian|Landorus-Therian, M|319\/319
|-damage|p2a: Landorus-Therian|280\/319|[from] Stealth Rock
|-ability|p2a: Landorus-Therian|Intimidate|[of] p1a: Mad Bedecine
|-unboost|p1a: Mad Bedecine|atk|1
|
|-heal|p1a: Mad Bedecine|386\/386|[from] move: Wish|[wisher] It's Ly Mife
|turn|6
|
|switch|p1a: Red of Boses|Venusaur, M|363\/363
|move|p2a: Landorus-Therian|U-turn|p1a: Red of Boses
|-damage|p1a: Red of Boses|272\/363
|
|switch|p2a: Latios|Latios, M|301\/301
|-damage|p2a: Latios|264\/301|[from] Stealth Rock
|
|turn|7
|
|switch|p1a: Mad Bedecine|Heatran, F|386\/386
|move|p2a: Latios|Surf|p1a: Mad Bedecine
|-supereffective|p1a: Mad Bedecine
|-damage|p1a: Mad Bedecine|142\/386
|
|-heal|p1a: Mad Bedecine|166\/386|[from] item: Leftovers
|turn|8
|
|switch|p2a: Rotom-Wash|Rotom-Wash|280\/299
|-damage|p2a: Rotom-Wash|243\/299|[from] Stealth Rock
|switch|p1a: Red of Boses|Venusaur, M|272\/363
|
|-heal|p2a: Rotom-Wash|261\/299|[from] item: Leftovers
|turn|9
|
|detailschange|p1a: Red of Boses|Venusaur-Mega, M
|message|Venusaur has Mega Evolved into Mega Venusaur!
|move|p2a: Rotom-Wash|Will-O-Wisp|p1a: Red of Boses
|-status|p1a: Red of Boses|brn
|move|p1a: Red of Boses|Synthesis|p1a: Red of Boses
|-heal|p1a: Red of Boses|363\/363 brn
|
|-heal|p2a: Rotom-Wash|279\/299|[from] item: Leftovers
|-damage|p1a: Red of Boses|318\/363 brn|[from] brn
|turn|10
|
|move|p2a: Rotom-Wash|Volt Switch|p1a: Red of Boses
|-resisted|p1a: Red of Boses
|-damage|p1a: Red of Boses|273\/363 brn
|
|switch|p2a: Latios|Latios, M|264\/301
|-damage|p2a: Latios|227\/301|[from] Stealth Rock
|move|p1a: Red of Boses|Giga Drain|p2a: Latios
|-resisted|p2a: Latios
|-damage|p2a: Latios|176\/301
|-heal|p1a: Red of Boses|299\/363 brn|[from] drain|[of] p2a: Latios
|
|-damage|p1a: Red of Boses|254\/363 brn|[from] brn
|turn|11
|
|switch|p1a: It's Ly Mife|Vaporeon, M|415\/464
|move|p2a: Latios|Psyshock|p1a: It's Ly Mife
|-damage|p1a: It's Ly Mife|217\/464
|
|-heal|p1a: It's Ly Mife|246\/464|[from] item: Leftovers
|turn|12
|
|switch|p2a: Rotom-Wash|Rotom-Wash|279\/299
|-damage|p2a: Rotom-Wash|242\/299|[from] Stealth Rock
|move|p1a: It's Ly Mife|Wish|p1a: It's Ly Mife
|
|-heal|p2a: Rotom-Wash|260\/299|[from] item: Leftovers
|-heal|p1a: It's Ly Mife|275\/464|[from] item: Leftovers
|turn|13
|
|move|p2a: Rotom-Wash|Volt Switch|p1a: It's Ly Mife
|-supereffective|p1a: It's Ly Mife
|-damage|p1a: It's Ly Mife|59\/464
|
|switch|p2a: Latios|Latios, M|176\/301
|-damage|p2a: Latios|139\/301|[from] Stealth Rock
|move|p1a: It's Ly Mife|Heal Bell|p1a: It's Ly Mife
|-cureteam|p1a: It's Ly Mife|[from] move: HealBell
|
|-heal|p1a: It's Ly Mife|291\/464|[from] move: Wish|[wisher] It's Ly Mife
|-heal|p1a: It's Ly Mife|320\/464|[from] item: Leftovers
|turn|14
|
|move|p1a: It's Ly Mife|Protect|p1a: It's Ly Mife
|-singleturn|p1a: It's Ly Mife|Protect
|move|p2a: Latios|Trick|p1a: It's Ly Mife
|-activate|p1a: It's Ly Mife|Protect
|
|-heal|p1a: It's Ly Mife|349\/464|[from] item: Leftovers
|turn|15
|
|switch|p2a: Heatran|Heatran, M|324\/324
|-damage|p2a: Heatran|284\/324|[from] Stealth Rock
|-item|p2a: Heatran|Air Balloon
|switch|p1a: Red of Boses|Venusaur-Mega, M|254\/363
|
|turn|16
|
|switch|p1a: It's Ly Mife|Vaporeon, M|349\/464
|move|p2a: Heatran|Stealth Rock|p1a: It's Ly Mife
|-sidestart|p1: Jon Bovi|move: Stealth Rock
|
|-heal|p1a: It's Ly Mife|378\/464|[from] item: Leftovers
|turn|17
|
|switch|p2a: Rotom-Wash|Rotom-Wash|260\/299
|-damage|p2a: Rotom-Wash|223\/299|[from] Stealth Rock
|move|p1a: It's Ly Mife|Scald|p2a: Rotom-Wash
|-resisted|p2a: Rotom-Wash
|-damage|p2a: Rotom-Wash|175\/299
|-status|p2a: Rotom-Wash|brn
|
|-heal|p2a: Rotom-Wash|193\/299 brn|[from] item: Leftovers
|-heal|p1a: It's Ly Mife|407\/464|[from] item: Leftovers
|-damage|p2a: Rotom-Wash|156\/299 brn|[from] brn
|turn|18
|
|move|p2a: Rotom-Wash|Pain Split|p1a: It's Ly Mife
|-sethp|p1a: It's Ly Mife|281\/464|p2a: Rotom-Wash|281\/299 brn|[from] move: Pain Split
|move|p1a: It's Ly Mife|Wish|p1a: It's Ly Mife
|
|-heal|p2a: Rotom-Wash|299\/299 brn|[from] item: Leftovers
|-heal|p1a: It's Ly Mife|310\/464|[from] item: Leftovers
|-damage|p2a: Rotom-Wash|262\/299 brn|[from] brn
|turn|19
|
|move|p2a: Rotom-Wash|Hydro Pump|p1a: It's Ly Mife
|-heal|p1a: It's Ly Mife|426\/464|[from] ability: Water Absorb|[of] p2a: Rotom-Wash
|move|p1a: It's Ly Mife|Scald|p2a: Rotom-Wash
|-resisted|p2a: Rotom-Wash
|-damage|p2a: Rotom-Wash|214\/299 brn
|
|-heal|p1a: It's Ly Mife|464\/464|[from] move: Wish|[wisher] It's Ly Mife
|-heal|p2a: Rotom-Wash|232\/299 brn|[from] item: Leftovers
|-damage|p2a: Rotom-Wash|195\/299 brn|[from] brn
|turn|20
|
|move|p2a: Rotom-Wash|Volt Switch|p1a: It's Ly Mife
|-supereffective|p1a: It's Ly Mife
|-damage|p1a: It's Ly Mife|264\/464
|
|switch|p2a: Mawile|Mawile, F|274\/274
|-damage|p2a: Mawile|257\/274|[from] Stealth Rock
|-ability|p2a: Mawile|Intimidate|[of] p1a: It's Ly Mife
|-unboost|p1a: It's Ly Mife|atk|1
|move|p1a: It's Ly Mife|Wish|p1a: It's Ly Mife
|
|-heal|p1a: It's Ly Mife|293\/464|[from] item: Leftovers
|turn|21
|
|switch|p1a: Pivin on a Lrayer|Donphan, M|384\/384
|-damage|p1a: Pivin on a Lrayer|360\/384|[from] Stealth Rock
|detailschange|p2a: Mawile|Mawile-Mega, F
|message|Mawile has Mega Evolved into Mega Mawile!
|move|p2a: Mawile|Substitute|p2a: Mawile
|-start|p2a: Mawile|Substitute
|-damage|p2a: Mawile|189\/274
|
|-heal|p1a: Pivin on a Lrayer|384\/384|[from] move: Wish|[wisher] It's Ly Mife
|turn|22
|
|-singleturn|p2a: Mawile|move: Focus Punch
|move|p1a: Pivin on a Lrayer|Rapid Spin|p2a: Mawile
|-resisted|p2a: Mawile
|-activate|p2a: Mawile|Substitute|[damage]
|-sideend|p1: Jon Bovi|Stealth Rock|[from] move: Rapid Spin|[of] p1a: Pivin on a Lrayer
|move|p2a: Mawile|Focus Punch|p1a: Pivin on a Lrayer
|-damage|p1a: Pivin on a Lrayer|108\/384
|
|-heal|p1a: Pivin on a Lrayer|132\/384|[from] item: Leftovers
|turn|23
|
|switch|p1a: Red of Boses|Venusaur-Mega, M|254\/363
|move|p2a: Mawile|Play Rough|p1a: Red of Boses
|-resisted|p1a: Red of Boses
|-damage|p1a: Red of Boses|155\/363
|
|turn|24
|
|-singleturn|p2a: Mawile|move: Focus Punch
|move|p1a: Red of Boses|Synthesis|p1a: Red of Boses
|-heal|p1a: Red of Boses|336\/363
|move|p2a: Mawile|Focus Punch|p1a: Red of Boses
|-resisted|p1a: Red of Boses
|-damage|p1a: Red of Boses|229\/363
|
|turn|25
|
|-singleturn|p2a: Mawile|move: Focus Punch
|move|p1a: Red of Boses|Giga Drain|p2a: Mawile
|-resisted|p2a: Mawile
|-activate|p2a: Mawile|Substitute|[damage]
|-heal|p1a: Red of Boses|257\/363|[from] drain|[of] p2a: Mawile
|move|p2a: Mawile|Focus Punch|p1a: Red of Boses
|-resisted|p1a: Red of Boses
|-damage|p1a: Red of Boses|146\/363
|
|turn|26
|
|switch|p2a: Latios|Latios, M|139\/301
|-damage|p2a: Latios|102\/301|[from] Stealth Rock
|move|p1a: Red of Boses|Synthesis|p1a: Red of Boses
|-heal|p1a: Red of Boses|327\/363
|
|turn|27
|
|switch|p1a: Mad Bedecine|Heatran, F|166\/386
|move|p2a: Latios|Psyshock|p1a: Mad Bedecine
|-resisted|p1a: Mad Bedecine
|-damage|p1a: Mad Bedecine|73\/386
|
|-heal|p1a: Mad Bedecine|97\/386|[from] item: Leftovers
|turn|28
|
|move|p2a: Latios|Psyshock|p1a: Mad Bedecine
|-resisted|p1a: Mad Bedecine
|-damage|p1a: Mad Bedecine|2\/386
|move|p1a: Mad Bedecine|Lava Plume|p2a: Latios
|-resisted|p2a: Latios
|-damage|p2a: Latios|45\/301
|
|-heal|p1a: Mad Bedecine|26\/386|[from] item: Leftovers
|turn|29
|
|move|p2a: Latios|Psyshock|p1a: Mad Bedecine
|-resisted|p1a: Mad Bedecine
|-damage|p1a: Mad Bedecine|0 fnt
|faint|p1a: Mad Bedecine
|
|
|switch|p1a: Glaze of Blory|Talonflame, M|359\/359
|turn|30
|
|switch|p2a: Landorus-Therian|Landorus-Therian, M|280\/319
|-damage|p2a: Landorus-Therian|241\/319|[from] Stealth Rock
|-ability|p2a: Landorus-Therian|Intimidate|[of] p1a: Glaze of Blory
|-unboost|p1a: Glaze of Blory|atk|1
|move|p1a: Glaze of Blory|Brave Bird|p2a: Landorus-Therian
|-damage|p2a: Landorus-Therian|150\/319
|-damage|p1a: Glaze of Blory|329\/359|[from] recoil|[of] p2a: Landorus-Therian
|
|-heal|p1a: Glaze of Blory|351\/359|[from] item: Leftovers
|turn|31
|
|switch|p1a: Pivin on a Lrayer|Donphan, M|132\/384
|move|p2a: Landorus-Therian|U-turn|p1a: Pivin on a Lrayer
|-damage|p1a: Pivin on a Lrayer|48\/384
|
|switch|p2a: Mawile|Mawile-Mega, F|189\/274
|-damage|p2a: Mawile|172\/274|[from] Stealth Rock
|
|-heal|p1a: Pivin on a Lrayer|72\/384|[from] item: Leftovers
|turn|32
|
|move|p2a: Mawile|Play Rough|p1a: Pivin on a Lrayer
|-damage|p1a: Pivin on a Lrayer|0 fnt
|faint|p1a: Pivin on a Lrayer
|
|
|switch|p1a: Host Lighway|Kyurem-Black|391\/391
|-ability|p1a: Host Lighway|Teravolt
|turn|33
|
|move|p1a: Host Lighway|Substitute|p1a: Host Lighway
|-start|p1a: Host Lighway|Substitute
|-damage|p1a: Host Lighway|294\/391
|move|p2a: Mawile|Play Rough|p1a: Host Lighway
|-supereffective|p1a: Host Lighway
|-end|p1a: Host Lighway|Substitute
|
|-heal|p1a: Host Lighway|318\/391|[from] item: Leftovers
|turn|34
|
|move|p1a: Host Lighway|Fusion Bolt|p2a: Mawile
|-damage|p2a: Mawile|60\/274
|move|p2a: Mawile|Play Rough|p1a: Host Lighway
|-supereffective|p1a: Host Lighway
|-damage|p1a: Host Lighway|0 fnt
|faint|p1a: Host Lighway
|
|
|switch|p1a: Glaze of Blory|Talonflame, M|351\/359
|turn|35
|
|-singleturn|p2a: Mawile|move: Focus Punch
|move|p1a: Glaze of Blory|Bulk Up|p1a: Glaze of Blory
|-boost|p1a: Glaze of Blory|atk|1
|-boost|p1a: Glaze of Blory|def|1
|move|p2a: Mawile|Focus Punch|p1a: Glaze of Blory
|-resisted|p1a: Glaze of Blory
|-damage|p1a: Glaze of Blory|213\/359
|
|-heal|p1a: Glaze of Blory|235\/359|[from] item: Leftovers
|turn|36
|
|move|p1a: Glaze of Blory|Bulk Up|p1a: Glaze of Blory
|-boost|p1a: Glaze of Blory|atk|1
|-boost|p1a: Glaze of Blory|def|1
|move|p2a: Mawile|Play Rough|p1a: Glaze of Blory|[miss]
|-miss|p2a: Mawile|p1a: Glaze of Blory
|
|-heal|p1a: Glaze of Blory|257\/359|[from] item: Leftovers
|turn|37
|
|switch|p2a: Heatran|Heatran, M|284\/324
|-damage|p2a: Heatran|244\/324|[from] Stealth Rock
|-item|p2a: Heatran|Air Balloon
|move|p1a: Glaze of Blory|Bulk Up|p1a: Glaze of Blory
|-boost|p1a: Glaze of Blory|atk|1
|-boost|p1a: Glaze of Blory|def|1
|
|-heal|p1a: Glaze of Blory|279\/359|[from] item: Leftovers
|turn|38
|
|move|p1a: Glaze of Blory|Taunt|p2a: Heatran
|-start|p2a: Heatran|move: Taunt
|move|p2a: Heatran|Fire Blast|p1a: Glaze of Blory
|-resisted|p1a: Glaze of Blory
|-damage|p1a: Glaze of Blory|198\/359
|
|-heal|p1a: Glaze of Blory|220\/359|[from] item: Leftovers
|turn|39
|
|move|p1a: Glaze of Blory|Bulk Up|p1a: Glaze of Blory
|-boost|p1a: Glaze of Blory|atk|1
|-boost|p1a: Glaze of Blory|def|1
|move|p2a: Heatran|Fire Blast|p1a: Glaze of Blory
|-resisted|p1a: Glaze of Blory
|-damage|p1a: Glaze of Blory|135\/359
|
|-heal|p1a: Glaze of Blory|157\/359|[from] item: Leftovers
|turn|40
|
|move|p1a: Glaze of Blory|Roost|p1a: Glaze of Blory
|-heal|p1a: Glaze of Blory|337\/359
|move|p2a: Heatran|Earth Power|p1a: Glaze of Blory
|-supereffective|p1a: Glaze of Blory
|-damage|p1a: Glaze of Blory|125\/359
|
|-heal|p1a: Glaze of Blory|147\/359|[from] item: Leftovers
|-end|p2a: Heatran|move: Taunt
|turn|41
|
|move|p1a: Glaze of Blory|Taunt|p2a: Heatran
|-start|p2a: Heatran|move: Taunt
|move|p2a: Heatran|Fire Blast|p1a: Glaze of Blory|[miss]
|-miss|p2a: Heatran|p1a: Glaze of Blory
|
|-heal|p1a: Glaze of Blory|169\/359|[from] item: Leftovers
|turn|42
|
|move|p1a: Glaze of Blory|Roost|p1a: Glaze of Blory
|-heal|p1a: Glaze of Blory|349\/359
|move|p2a: Heatran|Earth Power|p1a: Glaze of Blory
|-supereffective|p1a: Glaze of Blory
|-damage|p1a: Glaze of Blory|167\/359
|-unboost|p1a: Glaze of Blory|spd|1
|
|-heal|p1a: Glaze of Blory|189\/359|[from] item: Leftovers
|turn|43
|
|move|p1a: Glaze of Blory|Brave Bird|p2a: Heatran
|-resisted|p2a: Heatran
|-damage|p2a: Heatran|90\/324
|-enditem|p2a: Heatran|Air Balloon
|-damage|p1a: Glaze of Blory|138\/359|[from] recoil|[of] p2a: Heatran
|move|p2a: Heatran|Earth Power|p1a: Glaze of Blory
|-immune|p1a: Glaze of Blory|[msg]
|
|-heal|p1a: Glaze of Blory|160\/359|[from] item: Leftovers
|-end|p2a: Heatran|move: Taunt
|turn|44
|
|move|p1a: Glaze of Blory|Brave Bird|p2a: Heatran
|-resisted|p2a: Heatran
|-damage|p2a: Heatran|0 fnt
|-damage|p1a: Glaze of Blory|130\/359|[from] recoil|[of] p2a: Heatran
|faint|p2a: Heatran
|
|-heal|p1a: Glaze of Blory|152\/359|[from] item: Leftovers
|
|switch|p2a: Azumarill|Azumarill, F|404\/404
|-damage|p2a: Azumarill|354\/404|[from] Stealth Rock
|turn|45
|
|move|p1a: Glaze of Blory|Brave Bird|p2a: Azumarill
|-damage|p2a: Azumarill|0 fnt
|-damage|p1a: Glaze of Blory|35\/359|[from] recoil|[of] p2a: Azumarill
|faint|p2a: Azumarill
|
|-heal|p1a: Glaze of Blory|57\/359|[from] item: Leftovers
|
|switch|p2a: Rotom-Wash|Rotom-Wash|195\/299 brn
|-damage|p2a: Rotom-Wash|158\/299 brn|[from] Stealth Rock
|turn|46
|
|move|p1a: Glaze of Blory|Brave Bird|p2a: Rotom-Wash
|-resisted|p2a: Rotom-Wash
|-damage|p2a: Rotom-Wash|0 fnt
|-damage|p1a: Glaze of Blory|5\/359|[from] recoil|[of] p2a: Rotom-Wash
|faint|p2a: Rotom-Wash
|
|-heal|p1a: Glaze of Blory|27\/359|[from] item: Leftovers
|
|switch|p2a: Landorus-Therian|Landorus-Therian, M|150\/319
|-damage|p2a: Landorus-Therian|111\/319|[from] Stealth Rock
|-ability|p2a: Landorus-Therian|Intimidate|[of] p1a: Glaze of Blory
|-unboost|p1a: Glaze of Blory|atk|1
|turn|47
|
|move|p1a: Glaze of Blory|Brave Bird|p2a: Landorus-Therian
|-damage|p2a: Landorus-Therian|0 fnt
|-damage|p1a: Glaze of Blory|0 fnt|[from] recoil|[of] p2a: Landorus-Therian
|faint|p2a: Landorus-Therian
|faint|p1a: Glaze of Blory
|
|
|switch|p1a: It's Ly Mife|Vaporeon, M|293\/464
|switch|p2a: Mawile|Mawile-Mega, F|60\/274
|-damage|p2a: Mawile|43\/274|[from] Stealth Rock
|turn|48
|
|switch|p1a: Red of Boses|Venusaur-Mega, M|327\/363
|move|p2a: Mawile|Play Rough|p1a: Red of Boses
|-resisted|p1a: Red of Boses
|-damage|p1a: Red of Boses|234\/363
|
|turn|49
|
|move|p1a: Red of Boses|Sleep Powder|p2a: Mawile|[miss]
|-miss|p1a: Red of Boses|p2a: Mawile
|move|p2a: Mawile|Play Rough|p1a: Red of Boses
|-resisted|p1a: Red of Boses
|-damage|p1a: Red of Boses|129\/363
|
|turn|50
|
|switch|p2a: Latios|Latios, M|45\/301
|-damage|p2a: Latios|8\/301|[from] Stealth Rock
|move|p1a: Red of Boses|Synthesis|p1a: Red of Boses
|-heal|p1a: Red of Boses|310\/363
|
|turn|51
|
|move|p2a: Latios|Psyshock|p1a: Red of Boses
|-supereffective|p1a: Red of Boses
|-damage|p1a: Red of Boses|40\/363
|move|p1a: Red of Boses|Giga Drain|p2a: Latios
|-resisted|p2a: Latios
|-damage|p2a: Latios|0 fnt
|-heal|p1a: Red of Boses|44\/363|[from] drain|[of] p2a: Latios
|faint|p2a: Latios
|
|
|switch|p2a: Mawile|Mawile-Mega, F|43\/274
|-damage|p2a: Mawile|26\/274|[from] Stealth Rock
|turn|52
|chat|Jon Bovi|Very gg
|
|move|p1a: Red of Boses|Synthesis|p1a: Red of Boses
|-heal|p1a: Red of Boses|225\/363
|move|p2a: Mawile|Play Rough|p1a: Red of Boses
|-crit|p1a: Red of Boses
|-resisted|p1a: Red of Boses
|-damage|p1a: Red of Boses|73\/363
|
|turn|53
|-message|kingofcrimea1 forfeited.
|
|win|Jon Bovi
|raw|Ladder updating...
|leave|kingofcrimea1
|player|p2
|raw|Jon Bovi's rating: 1901 &rarr; <strong>1919<\/strong><br \/>(+18 for winning)
|raw|kingofcrimea1's rating: 1869 &rarr; <strong>1851<\/strong><br \/>(-18 for losing)