|join|Here to Stay
|join|Jon Bovi
|player|p1|Here to Stay|2
|player|p2|Jon Bovi|240
|gametype|singles
|gen|6
|tier|OU
|rated
|clearpoke
|poke|p1|Metagross
|poke|p1|Landorus, M
|poke|p1|Bisharp, M
|poke|p1|Talonflame, F
|poke|p1|Latios, M
|poke|p1|Crawdaunt, F
|poke|p2|Donphan, M
|poke|p2|Zapdos
|poke|p2|Keldeo-Resolute
|poke|p2|Pinsir, M
|poke|p2|Metagross
|poke|p2|Celebi
|rule|Swagger Clause: Swagger is banned
|rule|Baton Pass Clause: Limit one PokÃ©mon knowing Baton Pass
|rule|Sleep Clause Mod: Limit one foe put to sleep
|rule|Species Clause: Limit one of each PokÃ©mon
|rule|OHKO Clause: OHKO moves are banned
|rule|Moody Clause: Moody is banned
|rule|Evasion Moves Clause: Evasion moves are banned
|rule|Endless Battle Clause: Forcing endless battles is banned
|rule|HP Percentage Mod: HP is shown in percentages
|teampreview
|
|start
|switch|p1a: Latios|Latios, M|301\/301
|switch|p2a: Pour sugar on me|Donphan, M|384\/384
|turn|1
|
|switch|p2a: Undefeated|Metagross|364\/364
|move|p1a: Latios|Draco Meteor|p2a: Undefeated
|-resisted|p2a: Undefeated
|-damage|p2a: Undefeated|200\/364
|-unboost|p1a: Latios|spa|2
|-damage|p1a: Latios|271\/301|[from] item: Life Orb
|
|-heal|p2a: Undefeated|222\/364|[from] item: Leftovers
|turn|2
|
|switch|p1a: Bisharp|Bisharp, M|271\/271
|move|p2a: Undefeated|Stealth Rock|p1a: Bisharp
|-sidestart|p1: Here to Stay|move: Stealth Rock
|
|-heal|p2a: Undefeated|244\/364|[from] item: Leftovers
|turn|3
|join|Rokaro
|c|âHere to Stay|havent seen a non mega meta in ages
|c|âJon Bovi|Well, surprise! Haha
|join|Zenzoh
|
|move|p1a: Bisharp|Pursuit|p2a: Undefeated|[from]Pursuit
|-supereffective|p2a: Undefeated
|-damage|p2a: Undefeated|22\/364
|switch|p2a: Animal|Keldeo-Resolute|322\/322
|
|turn|4
|
|switch|p1a: Latios|Latios, M|271\/301
|-damage|p1a: Latios|234\/301|[from] Stealth Rock
|move|p2a: Animal|Icy Wind|p1a: Latios
|-supereffective|p1a: Latios
|-damage|p1a: Latios|42\/301
|-unboost|p1a: Latios|spe|1
|
|turn|5
|
|switch|p2a: Armageddon it|Pinsir, M|271\/271
|switch|p1a: Crawdaunt|Crawdaunt, F|267\/267
|-damage|p1a: Crawdaunt|234\/267|[from] Stealth Rock
|
|turn|6
|
|switch|p1a: Metagross|Metagross|301\/301
|-damage|p1a: Metagross|283\/301|[from] Stealth Rock
|detailschange|p2a: Armageddon it|Pinsir-Mega, M
|-mega|p2a: Armageddon it|Pinsir|Pinsirite
|move|p2a: Armageddon it|Return|p1a: Metagross
|-resisted|p1a: Metagross
|-damage|p1a: Metagross|183\/301
|
|turn|7
|
|switch|p2a: Undefeated|Metagross|22\/364
|detailschange|p1a: Metagross|Metagross-Mega
|-mega|p1a: Metagross|Metagross|Metagrossite
|move|p1a: Metagross|Meteor Mash|p2a: Undefeated
|-resisted|p2a: Undefeated
|-damage|p2a: Undefeated|0 fnt
|faint|p2a: Undefeated
|
|
|switch|p2a: Pour sugar on me|Donphan, M|384\/384
|turn|8
|
|switch|p1a: Crawdaunt|Crawdaunt, F|234\/267
|-damage|p1a: Crawdaunt|201\/267|[from] Stealth Rock
|move|p2a: Pour sugar on me|Earthquake|p1a: Crawdaunt
|-damage|p1a: Crawdaunt|0 fnt
|faint|p1a: Crawdaunt
|
|
|switch|p1a: Landorus|Landorus, M|319\/319
|-damage|p1a: Landorus|280\/319|[from] Stealth Rock
|turn|9
|c| Rokaro|here to stay
|c| Rokaro|this man is good
|c|âHere to Stay|yeah i know
|c|âHere to Stay|oh
|c|âHere to Stay|i thought you were gonna say i fucked up haha
|
|switch|p2a: Photograph|Zapdos|384\/384
|-ability|p2a: Photograph|Pressure
|move|p1a: Landorus|Earth Power|p2a: Photograph
|-immune|p2a: Photograph|[msg]
|
|turn|10
|c|âJon Bovi|Ty!
|c| Rokaro|hes good bc ive vsed him times b4
|
|move|p1a: Landorus|Sludge Wave|p2a: Photograph
|-crit|p2a: Photograph
|-damage|p2a: Photograph|160\/384
|move|p2a: Photograph|Hidden Power|p1a: Landorus
|-supereffective|p1a: Landorus
|-damage|p1a: Landorus|8\/319
|
|-heal|p2a: Photograph|184\/384|[from] item: Leftovers
|turn|11
|c| Rokaro|lol
|
|switch|p1a: Latios|Latios, M|42\/301
|-damage|p1a: Latios|5\/301|[from] Stealth Rock
|move|p2a: Photograph|Roost|p2a: Photograph
|-heal|p2a: Photograph|376\/384
|
|-heal|p2a: Photograph|384\/384|[from] item: Leftovers
|turn|12
|c| Zenzoh|nice team, jon bovi
|
|switch|p2a: Pour sugar on me|Donphan, M|384\/384
|move|p1a: Latios|Roost|p1a: Latios
|-heal|p1a: Latios|156\/301
|
|turn|13
|c| Zenzoh|one of the more creative ones
|c|âJon Bovi|Ty bro
|
|move|p1a: Latios|Defog|p2a: Pour sugar on me
|-unboost|p2a: Pour sugar on me|evasion|1
|-sideend|p1: Here to Stay|Stealth Rock|[from] move: Defog|[of] p1a: Latios
|move|p2a: Pour sugar on me|Knock Off|p1a: Latios
|-supereffective|p1a: Latios
|-damage|p1a: Latios|0 fnt
|-enditem|p1a: Latios|Life Orb|[from] move: Knock Off|[of] p2a: Pour sugar on me
|faint|p1a: Latios
|
|
|switch|p1a: Bisharp|Bisharp, M|271\/271
|turn|14
|c|âHere to Stay|i have lost though
|
|switch|p2a: Animal|Keldeo-Resolute|322\/322
|move|p1a: Bisharp|Stealth Rock|p2a: Animal
|-sidestart|p2: Jon Bovi|move: Stealth Rock
|
|turn|15
|c|âJon Bovi|Oh
|
|move|p2a: Animal|Scald|p1a: Bisharp
|-damage|p1a: Bisharp|7\/271
|move|p1a: Bisharp|Brick Break|p2a: Animal
|-damage|p2a: Animal|224\/322
|
|turn|16
|
|switch|p2a: Pour sugar on me|Donphan, M|384\/384
|-damage|p2a: Pour sugar on me|360\/384|[from] Stealth Rock
|move|p1a: Bisharp|Sucker Punch|p2a: Pour sugar on me
|-fail|p2a: Pour sugar on me
|
|-heal|p2a: Pour sugar on me|384\/384|[from] item: Leftovers
|turn|17
|
|move|p1a: Bisharp|Sucker Punch|p2a: Pour sugar on me
|-damage|p2a: Pour sugar on me|255\/384
|move|p2a: Pour sugar on me|Rapid Spin|p1a: Bisharp
|-resisted|p1a: Bisharp
|-damage|p1a: Bisharp|0 fnt
|-sideend|p2: Jon Bovi|Stealth Rock|[from] move: Rapid Spin|[of] p2a: Pour sugar on me
|faint|p1a: Bisharp
|
|-heal|p2a: Pour sugar on me|279\/384|[from] item: Leftovers
|
|switch|p1a: Landorus|Landorus, M|8\/319
|turn|18
|
|move|p2a: Pour sugar on me|Ice Shard|p1a: Landorus
|-supereffective|p1a: Landorus
|-damage|p1a: Landorus|0 fnt
|faint|p1a: Landorus
|
|-heal|p2a: Pour sugar on me|303\/384|[from] item: Leftovers
|c|âHere to Stay|gg
|-message|Here to Stay forfeited.
|c|âJon Bovi|Gg
|leave|Here to Stay
|
|win|Jon Bovi
|raw|Ladder updating...
|player|p1
|raw|Here to Stay's rating: 1682 &rarr; <strong>1665<\/strong><br \/>(-17 for losing)
|raw|Jon Bovi's rating: 1720 &rarr; <strong>1738<\/strong><br \/>(+18 for winning)
|leave|Zenzoh