|join|Jon Bovi
|join|MoB Barley
|player|p1|Jon Bovi|240
|player|p2|MoB Barley|161
|gametype|singles
|gen|6
|tier|OU
|rated
|clearpoke
|poke|p1|Donphan, M
|poke|p1|Charizard, M
|poke|p1|Azumarill, M
|poke|p1|Mandibuzz, F
|poke|p1|Ferrothorn, F
|poke|p1|Clefable, M
|poke|p2|Victini
|poke|p2|Keldeo-Resolute
|poke|p2|Bisharp, M, shiny
|poke|p2|Lopunny, F, shiny
|poke|p2|Azumarill, M
|poke|p2|Latios, M
|rule|Swagger Clause: Swagger is banned
|rule|Baton Pass Clause: Limit one PokÃ©mon knowing Baton Pass
|rule|Sleep Clause Mod: Limit one foe put to sleep
|rule|Species Clause: Limit one of each PokÃ©mon
|rule|OHKO Clause: OHKO moves are banned
|rule|Moody Clause: Moody is banned
|rule|Evasion Moves Clause: Evasion moves are banned
|rule|Endless Battle Clause: Forcing endless battles is banned
|rule|HP Percentage Mod: HP is shown in percentages
|teampreview
|
|start
|switch|p1a: Blaze of Glory|Charizard, M|359\/359
|switch|p2a: Pwny|Keldeo-Resolute|323\/323
|turn|1
|join|Khaliem
|
|switch|p2a: AC130|Latios, M|301\/301
|detailschange|p1a: Blaze of Glory|Charizard-Mega-X, M
|-mega|p1a: Blaze of Glory|Charizard|Charizardite X
|move|p1a: Blaze of Glory|Roost|p1a: Blaze of Glory
|-fail|p1a: Blaze of Glory
|
|turn|2
|
|switch|p2a: Prioritize|Bisharp, M, shiny|271\/271
|switch|p1a: Clefable|Clefable, M|394\/394
|
|turn|3
|
|switch|p1a: Blaze of Glory|Charizard-Mega-X, M|359\/359
|move|p2a: Prioritize|Stealth Rock|p1a: Blaze of Glory
|-sidestart|p1: Jon Bovi|move: Stealth Rock
|
|turn|4
|join|Like me 2
|
|switch|p2a: Destructo Disk|Victini|341\/341
|move|p1a: Blaze of Glory|Will-O-Wisp|p2a: Destructo Disk|[miss]
|-miss|p1a: Blaze of Glory|p2a: Destructo Disk
|
|turn|5
|join|SeventyFive
|
|move|p2a: Destructo Disk|U-turn|p1a: Blaze of Glory
|-resisted|p1a: Blaze of Glory
|-damage|p1a: Blaze of Glory|306\/359
|join|Hiye
|
|switch|p2a: AC130|Latios, M|301\/301
|move|p1a: Blaze of Glory|Dragon Claw|p2a: AC130
|-supereffective|p2a: AC130
|-damage|p2a: AC130|0 fnt
|faint|p2a: AC130
|
|
|switch|p2a: Pwny|Keldeo-Resolute|323\/323
|turn|6
|
|move|p2a: Pwny|Scald|p1a: Blaze of Glory
|-damage|p1a: Blaze of Glory|161\/359
|move|p1a: Blaze of Glory|Roost|p1a: Blaze of Glory
|-heal|p1a: Blaze of Glory|341\/359
|
|turn|7
|join|Mega Magic Bounce
|
|move|p2a: Pwny|Scald|p1a: Blaze of Glory
|-damage|p1a: Blaze of Glory|206\/359
|move|p1a: Blaze of Glory|Dragon Claw|p2a: Pwny
|-damage|p2a: Pwny|149\/323
|
|turn|8
|join|haunter
|leave|SeventyFive
|join|SeventyFive
|leave|SeventyFive
|
|move|p2a: Pwny|Scald|p1a: Blaze of Glory
|-damage|p1a: Blaze of Glory|58\/359
|move|p1a: Blaze of Glory|Roost|p1a: Blaze of Glory
|-heal|p1a: Blaze of Glory|238\/359
|
|turn|9
|
|move|p2a: Pwny|Scald|p1a: Blaze of Glory
|-damage|p1a: Blaze of Glory|103\/359
|move|p1a: Blaze of Glory|Roost|p1a: Blaze of Glory
|-heal|p1a: Blaze of Glory|283\/359
|
|turn|10
|
|move|p2a: Pwny|Scald|p1a: Blaze of Glory
|-damage|p1a: Blaze of Glory|148\/359
|move|p1a: Blaze of Glory|Roost|p1a: Blaze of Glory
|-heal|p1a: Blaze of Glory|328\/359
|
|turn|11
|
|move|p2a: Pwny|Scald|p1a: Blaze of Glory
|-damage|p1a: Blaze of Glory|180\/359
|move|p1a: Blaze of Glory|Will-O-Wisp|p2a: Pwny
|-status|p2a: Pwny|brn
|
|-damage|p2a: Pwny|109\/323 brn|[from] brn
|turn|12
|join|4d0pt3d
|
|switch|p2a: Water Bomb|Azumarill, M|360\/360
|move|p1a: Blaze of Glory|Roost|p1a: Blaze of Glory
|-heal|p1a: Blaze of Glory|359\/359
|
|turn|13
|leave|4d0pt3d
|
|move|p1a: Blaze of Glory|Will-O-Wisp|p2a: Water Bomb
|-status|p2a: Water Bomb|brn
|move|p2a: Water Bomb|Belly Drum|p2a: Water Bomb
|-damage|p2a: Water Bomb|180\/360 brn
|-setboost|p2a: Water Bomb|atk|6|[from] move: Belly Drum
|-enditem|p2a: Water Bomb|Sitrus Berry|[eat]
|-heal|p2a: Water Bomb|270\/360 brn|[from] item: Sitrus Berry
|
|-damage|p2a: Water Bomb|225\/360 brn|[from] brn
|turn|14
|
|switch|p1a: Ferrothorn|Ferrothorn, F|352\/352
|-damage|p1a: Ferrothorn|330\/352|[from] Stealth Rock
|move|p2a: Water Bomb|Knock Off|p1a: Ferrothorn
|-damage|p1a: Ferrothorn|154\/352
|-damage|p2a: Water Bomb|180\/360 brn|[from] ability: Iron Barbs|[of] p1a: Ferrothorn
|-enditem|p1a: Ferrothorn|Leftovers|[from] move: Knock Off|[of] p2a: Water Bomb
|
|-damage|p2a: Water Bomb|135\/360 brn|[from] brn
|turn|15
|join|Voltage
|leave|Voltage
|
|move|p2a: Water Bomb|Play Rough|p1a: Ferrothorn
|-resisted|p1a: Ferrothorn
|-damage|p1a: Ferrothorn|31\/352
|-damage|p2a: Water Bomb|90\/360 brn|[from] ability: Iron Barbs|[of] p1a: Ferrothorn
|move|p1a: Ferrothorn|Stealth Rock|p2a: Water Bomb
|-sidestart|p2: MoB Barley|move: Stealth Rock
|
|-damage|p2a: Water Bomb|45\/360 brn|[from] brn
|turn|16
|join|king of spycrabs
|
|move|p2a: Water Bomb|Knock Off|p1a: Ferrothorn
|-crit|p1a: Ferrothorn
|-damage|p1a: Ferrothorn|0 fnt
|-damage|p2a: Water Bomb|0 fnt|[from] ability: Iron Barbs|[of] p1a: Ferrothorn
|faint|p2a: Water Bomb
|faint|p1a: Ferrothorn
|
|
|switch|p2a: Playboy|Lopunny, F, shiny|271\/271
|switch|p1a: U Giv Luv aBad Nam|Azumarill, M|401\/401
|-damage|p2a: Playboy|238\/271|[from] Stealth Rock
|-damage|p1a: U Giv Luv aBad Nam|351\/401|[from] Stealth Rock
|turn|17
|
|switch|p1a: Clefable|Clefable, M|394\/394
|detailschange|p2a: Playboy|Lopunny-Mega, F, shiny
|-mega|p2a: Playboy|Lopunny|Lopunnite
|move|p2a: Playboy|Return|p1a: Clefable
|-damage|p1a: Clefable|223\/394
|
|-heal|p1a: Clefable|247\/394|[from] item: Leftovers
|turn|18
|join|Africans
|
|switch|p2a: Destructo Disk|Victini|341\/341
|-damage|p2a: Destructo Disk|256\/341|[from] Stealth Rock
|move|p1a: Clefable|Thunder Wave|p2a: Destructo Disk
|-status|p2a: Destructo Disk|par
|
|-heal|p1a: Clefable|271\/394|[from] item: Leftovers
|turn|19
|
|switch|p1a: Blaze of Glory|Charizard-Mega-X, M|359\/359
|-damage|p1a: Blaze of Glory|270\/359|[from] Stealth Rock
|cant|p2a: Destructo Disk|par
|
|turn|20
|
|move|p1a: Blaze of Glory|Roost|p1a: Blaze of Glory
|-heal|p1a: Blaze of Glory|359\/359
|move|p2a: Destructo Disk|U-turn|p1a: Blaze of Glory
|-resisted|p1a: Blaze of Glory
|-damage|p1a: Blaze of Glory|304\/359
|
|switch|p2a: Playboy|Lopunny-Mega, F, shiny|238\/271
|-damage|p2a: Playboy|222\/271|[from] Stealth Rock
|
|turn|21
|
|move|p2a: Playboy|Fake Out|p1a: Blaze of Glory
|-damage|p1a: Blaze of Glory|237\/359
|cant|p1a: Blaze of Glory|flinch
|
|turn|22
|join|Invok3r
|
|move|p2a: Playboy|High Jump Kick|p1a: Blaze of Glory
|-damage|p1a: Blaze of Glory|11\/359
|move|p1a: Blaze of Glory|Roost|p1a: Blaze of Glory
|-heal|p1a: Blaze of Glory|191\/359
|
|turn|23
|c| king of spycrabs|spoiler: protect zard
|leave|Invok3r
|
|switch|p1a: Wanted DeadAlive|Mandibuzz, F|423\/423
|-damage|p1a: Wanted DeadAlive|318\/423|[from] Stealth Rock
|move|p2a: Playboy|High Jump Kick|p1a: Wanted DeadAlive
|-damage|p1a: Wanted DeadAlive|137\/423
|
|-heal|p1a: Wanted DeadAlive|163\/423|[from] item: Leftovers
|turn|24
|join|0 Void Star 0
|
|move|p2a: Playboy|High Jump Kick|p1a: Wanted DeadAlive
|-damage|p1a: Wanted DeadAlive|0 fnt
|faint|p1a: Wanted DeadAlive
|
|
|switch|p1a: Livin on a Prayer|Donphan, M|384\/384
|-damage|p1a: Livin on a Prayer|360\/384|[from] Stealth Rock
|turn|25
|
|move|p2a: Playboy|High Jump Kick|p1a: Livin on a Prayer|[miss]
|-miss|p2a: Playboy|p1a: Livin on a Prayer
|-damage|p2a: Playboy|87\/271|[from] highjumpkick
|move|p1a: Livin on a Prayer|Rapid Spin|p2a: Playboy
|-crit|p2a: Playboy
|-damage|p2a: Playboy|49\/271
|-sideend|p1: Jon Bovi|Stealth Rock|[from] move: Rapid Spin|[of] p1a: Livin on a Prayer
|
|-heal|p1a: Livin on a Prayer|384\/384|[from] item: Leftovers
|turn|26
|c|âMoB Barley|and there it fuckin is
|-message|MoB Barley forfeited.
|leave|MoB Barley
|
|win|Jon Bovi
|raw|Ladder updating...
|player|p2
|raw|Jon Bovi's rating: 1655 &rarr; <strong>1677<\/strong><br \/>(+22 for winning)
|raw|MoB Barley's rating: 1686 &rarr; <strong>1665<\/strong><br \/>(-21 for losing)
|leave|0 Void Star 0
|join|0 Void Star 0
|leave|0 Void Star 0