|join|nintendistagamer
|join|Jon Bovi
|player|p1|nintendistagamer|137
|player|p2|Jon Bovi|240
|gametype|singles
|gen|6
|tier|OU
|rated
|clearpoke
|poke|p1|Sableye, M
|poke|p1|Ferrothorn, M
|poke|p1|Seismitoad, M
|poke|p1|Gothitelle, F
|poke|p1|Bisharp, M
|poke|p1|Slowbro, M
|poke|p2|Donphan, M
|poke|p2|Zapdos
|poke|p2|Keldeo-Resolute
|poke|p2|Pinsir, M
|poke|p2|Metagross
|poke|p2|Celebi
|rule|Swagger Clause: Swagger is banned
|rule|Baton Pass Clause: Limit one PokÃ©mon knowing Baton Pass
|rule|Sleep Clause Mod: Limit one foe put to sleep
|rule|Species Clause: Limit one of each PokÃ©mon
|rule|OHKO Clause: OHKO moves are banned
|rule|Moody Clause: Moody is banned
|rule|Evasion Moves Clause: Evasion moves are banned
|rule|Endless Battle Clause: Forcing endless battles is banned
|rule|HP Percentage Mod: HP is shown in percentages
|teampreview
|join|Babig
|c| Babig|aff
|c| Babig|nÃ£o sou mais o Ãºnico Ã¡ usar seismetoad :(
|
|start
|switch|p1a: Gothitelle|Gothitelle, F|301\/301
|switch|p2a: Armageddon it|Pinsir, M|271\/271
|turn|1
|c| Babig|em OU
|
|detailschange|p2a: Armageddon it|Pinsir-Mega, M
|-mega|p2a: Armageddon it|Pinsir|Pinsirite
|move|p1a: Gothitelle|Thunderbolt|p2a: Armageddon it
|-supereffective|p2a: Armageddon it
|-damage|p2a: Armageddon it|91\/271
|move|p2a: Armageddon it|Return|p1a: Gothitelle
|-damage|p1a: Gothitelle|39\/301
|
|turn|2
|
|switch|p1a: Ferrothorn|Ferrothorn, M|352\/352
|move|p2a: Armageddon it|Quick Attack|p1a: Ferrothorn
|-damage|p1a: Ferrothorn|292\/352
|-damage|p2a: Armageddon it|58\/271|[from] ability: Iron Barbs|[of] p1a: Ferrothorn
|
|-heal|p1a: Ferrothorn|314\/352|[from] item: Leftovers
|turn|3
|
|switch|p2a: Photograph|Zapdos|384\/384
|-ability|p2a: Photograph|Pressure
|switch|p1a: Slowbro|Slowbro, M|394\/394
|
|turn|4
|
|switch|p2a: Love bites|Celebi|404\/404
|switch|p1a: Seismitoad|Seismitoad, M|414\/414
|
|turn|5
|c|ânintendistagamer|q
|
|switch|p2a: Animal|Keldeo-Resolute|322\/322
|switch|p1a: Sableye|Sableye, M|303\/303
|
|turn|6
|c| Babig|esse manja das predict
|c|ânintendistagamer|mas me pergunto se ele acha que ta vencendo? .-.
|
|switch|p2a: Love bites|Celebi|404\/404
|switch|p1a: Slowbro|Slowbro, M|394\/394
|
|turn|7
|
|switch|p1a: Sableye|Sableye, M|303\/303
|move|p2a: Love bites|Thunder Wave|p1a: Sableye
|-status|p1a: Sableye|par
|
|turn|8
|
|detailschange|p1a: Sableye|Sableye-Mega, M
|-mega|p1a: Sableye|Sableye|Sablenite
|move|p2a: Love bites|Giga Drain|p1a: Sableye
|-damage|p1a: Sableye|243\/303 par
|cant|p1a: Sableye|par
|
|turn|9
|
|move|p2a: Love bites|Giga Drain|p1a: Sableye
|-damage|p1a: Sableye|186\/303 par
|move|p1a: Sableye|Knock Off|p2a: Love bites
|-supereffective|p2a: Love bites
|-damage|p2a: Love bites|198\/404
|-enditem|p2a: Love bites|Leftovers|[from] move: Knock Off|[of] p1a: Sableye
|
|turn|10
|
|move|p2a: Love bites|Recover|p2a: Love bites
|-heal|p2a: Love bites|400\/404
|move|p1a: Sableye|Foul Play|p2a: Love bites
|-supereffective|p2a: Love bites
|-damage|p2a: Love bites|232\/404
|
|turn|11
|c| Babig|nÃ£o Ã© o calm ?
|c|ânintendistagamer|nÃ£o
|c| Babig|:o
|
|switch|p2a: Animal|Keldeo-Resolute|322\/322
|switch|p1a: Bisharp|Bisharp, M|271\/271
|
|turn|12
|c|ânintendistagamer|chega de predict
|c|ânintendistagamer|;-;
|c| Babig|ja sabe oq fazer nÃ©h nintendi ?
|
|switch|p1a: Seismitoad|Seismitoad, M|414\/414
|move|p2a: Animal|Scald|p1a: Seismitoad
|-immune|p1a: Seismitoad|[msg]
|
|turn|13
|c| Babig|aff burro
|c| Babig|mandava a gothi
|c| Babig|e matava logo keldeo
|
|switch|p2a: Love bites|Celebi|232\/404
|move|p1a: Seismitoad|Stealth Rock|p2a: Love bites
|-sidestart|p2: Jon Bovi|move: Stealth Rock
|
|turn|14
|
|switch|p2a: Pour sugar on me|Donphan, M|384\/384
|-damage|p2a: Pour sugar on me|360\/384|[from] Stealth Rock
|switch|p1a: Sableye|Sableye-Mega, M|186\/303 par
|
|-heal|p2a: Pour sugar on me|384\/384|[from] item: Leftovers
|turn|15
|c| Babig|vou sair aqui
|c| Babig|flw
|leave|Babig
|
|move|p2a: Pour sugar on me|Earthquake|p1a: Sableye
|-damage|p1a: Sableye|45\/303 par
|move|p1a: Sableye|Recover|p1a: Sableye
|-heal|p1a: Sableye|197\/303 par
|
|turn|16
|
|switch|p1a: Slowbro|Slowbro, M|394\/394
|move|p2a: Pour sugar on me|Earthquake|p1a: Slowbro
|-damage|p1a: Slowbro|267\/394
|
|-heal|p1a: Slowbro|291\/394|[from] item: Leftovers
|turn|17
|
|move|p2a: Pour sugar on me|Knock Off|p1a: Slowbro
|-supereffective|p1a: Slowbro
|-damage|p1a: Slowbro|123\/394
|-enditem|p1a: Slowbro|Leftovers|[from] move: Knock Off|[of] p2a: Pour sugar on me
|move|p1a: Slowbro|Scald|p2a: Pour sugar on me
|-supereffective|p2a: Pour sugar on me
|-damage|p2a: Pour sugar on me|102\/384
|
|-heal|p2a: Pour sugar on me|126\/384|[from] item: Leftovers
|turn|18
|
|switch|p1a: Ferrothorn|Ferrothorn, M|314\/352
|move|p2a: Pour sugar on me|Rapid Spin|p1a: Ferrothorn
|-resisted|p1a: Ferrothorn
|-damage|p1a: Ferrothorn|307\/352
|-damage|p2a: Pour sugar on me|78\/384|[from] ability: Iron Barbs|[of] p1a: Ferrothorn
|-sideend|p2: Jon Bovi|Stealth Rock|[from] move: Rapid Spin|[of] p2a: Pour sugar on me
|
|-heal|p2a: Pour sugar on me|102\/384|[from] item: Leftovers
|-heal|p1a: Ferrothorn|329\/352|[from] item: Leftovers
|turn|19
|
|switch|p2a: Photograph|Zapdos|384\/384
|-ability|p2a: Photograph|Pressure
|move|p1a: Ferrothorn|Spikes|p2a: Photograph
|-sidestart|p2: Jon Bovi|Spikes
|
|-heal|p1a: Ferrothorn|351\/352|[from] item: Leftovers
|turn|20
|
|switch|p2a: Armageddon it|Pinsir-Mega, M|58\/271
|switch|p1a: Seismitoad|Seismitoad, M|414\/414
|
|turn|21
|
|move|p2a: Armageddon it|Return|p1a: Seismitoad
|-damage|p1a: Seismitoad|189\/414
|move|p1a: Seismitoad|Scald|p2a: Armageddon it
|-crit|p2a: Armageddon it
|-damage|p2a: Armageddon it|0 fnt
|faint|p2a: Armageddon it
|
|-heal|p1a: Seismitoad|214\/414|[from] item: Leftovers
|
|switch|p2a: Animal|Keldeo-Resolute|322\/322
|-damage|p2a: Animal|282\/322|[from] Spikes
|turn|22
|
|switch|p1a: Slowbro|Slowbro, M|254\/394
|move|p2a: Animal|Hydro Pump|p1a: Slowbro
|-resisted|p1a: Slowbro
|-damage|p1a: Slowbro|78\/394
|
|turn|23
|
|switch|p2a: Undefeated|Metagross|364\/364
|-damage|p2a: Undefeated|319\/364|[from] Spikes
|switch|p1a: Seismitoad|Seismitoad, M|214\/414
|
|-heal|p1a: Seismitoad|239\/414|[from] item: Leftovers
|-heal|p2a: Undefeated|341\/364|[from] item: Leftovers
|turn|24
|
|switch|p1a: Slowbro|Slowbro, M|209\/394
|move|p2a: Undefeated|Stealth Rock|p1a: Slowbro
|-sidestart|p1: nintendistagamer|move: Stealth Rock
|
|-heal|p2a: Undefeated|363\/364|[from] item: Leftovers
|turn|25
|
|switch|p1a: Ferrothorn|Ferrothorn, M|351\/352
|-damage|p1a: Ferrothorn|329\/352|[from] Stealth Rock
|move|p2a: Undefeated|Earthquake|p1a: Ferrothorn
|-damage|p1a: Ferrothorn|245\/352
|
|-heal|p2a: Undefeated|364\/364|[from] item: Leftovers
|-heal|p1a: Ferrothorn|267\/352|[from] item: Leftovers
|turn|26
|
|switch|p2a: Photograph|Zapdos|384\/384
|-ability|p2a: Photograph|Pressure
|move|p1a: Ferrothorn|Spikes|p2a: Photograph
|-sidestart|p2: Jon Bovi|Spikes
|
|-heal|p1a: Ferrothorn|289\/352|[from] item: Leftovers
|turn|27
|
|switch|p1a: Seismitoad|Seismitoad, M|239\/414
|-damage|p1a: Seismitoad|214\/414|[from] Stealth Rock
|move|p2a: Photograph|Heat Wave|p1a: Seismitoad
|-resisted|p1a: Seismitoad
|-damage|p1a: Seismitoad|159\/414
|
|-heal|p1a: Seismitoad|184\/414|[from] item: Leftovers
|turn|28
|
|switch|p2a: Love bites|Celebi|232\/404
|-damage|p2a: Love bites|165\/404|[from] Spikes
|move|p1a: Seismitoad|Stealth Rock|p2a: Love bites
|-sidestart|p2: Jon Bovi|move: Stealth Rock
|
|-heal|p1a: Seismitoad|209\/414|[from] item: Leftovers
|turn|29
|
|switch|p1a: Bisharp|Bisharp, M|271\/271
|-damage|p1a: Bisharp|255\/271|[from] Stealth Rock
|move|p2a: Love bites|Recover|p2a: Love bites
|-heal|p2a: Love bites|367\/404
|
|turn|30
|
|switch|p2a: Animal|Keldeo-Resolute|282\/322
|-damage|p2a: Animal|229\/322|[from] Spikes
|-damage|p2a: Animal|209\/322|[from] Stealth Rock
|move|p1a: Bisharp|Knock Off|p2a: Animal
|-resisted|p2a: Animal
|-damage|p2a: Animal|93\/322
|-boost|p2a: Animal|atk|1|[from] ability: Justified
|-enditem|p2a: Animal|Choice Specs|[from] move: Knock Off|[of] p1a: Bisharp
|-damage|p1a: Bisharp|228\/271|[from] item: Life Orb
|
|turn|31
|
|switch|p1a: Slowbro|Slowbro, M|340\/394
|-damage|p1a: Slowbro|291\/394|[from] Stealth Rock
|move|p2a: Animal|Secret Sword|p1a: Slowbro
|-resisted|p1a: Slowbro
|-damage|p1a: Slowbro|244\/394
|
|turn|32
|
|move|p2a: Animal|Scald|p1a: Slowbro
|-resisted|p1a: Slowbro
|-damage|p1a: Slowbro|153\/394
|move|p1a: Slowbro|Scald|p2a: Animal
|-resisted|p2a: Animal
|-damage|p2a: Animal|45\/322
|-status|p2a: Animal|brn
|
|-damage|p2a: Animal|5\/322 brn|[from] brn
|turn|33
|-message|Jon Bovi forfeited.
|leave|Jon Bovi
|
|win|nintendistagamer
|raw|Ladder updating...
|player|p2
|raw|nintendistagamer's rating: 1755 &rarr; <strong>1771<\/strong><br \/>(+16 for winning)
|raw|Jon Bovi's rating: 1695 &rarr; <strong>1678<\/strong><br \/>(-17 for losing)