|join|Jon Bovi
|join|InvinciblePietro
|player|p1|Jon Bovi|240
|player|p2|InvinciblePietro|248
|gametype|singles
|gen|6
|tier|OU (suspect test)
|rated
|clearpoke
|poke|p1|Donphan, M
|poke|p1|Venusaur, M
|poke|p1|Talonflame, M
|poke|p1|Vaporeon, M
|poke|p1|Heatran, F
|poke|p1|Hydreigon, M
|poke|p2|Medicham, M
|poke|p2|Excadrill, M
|poke|p2|Zapdos
|poke|p2|Tyranitar, M
|poke|p2|Keldeo-Resolute
|poke|p2|Celebi
|rule|Swagger Clause: Swagger is banned
|rule|Baton Pass Clause: Limit one PokÃ©mon knowing Baton Pass
|rule|Sleep Clause Mod: Limit one foe put to sleep
|rule|Species Clause: Limit one of each PokÃ©mon
|rule|OHKO Clause: OHKO moves are banned
|rule|Moody Clause: Moody is banned
|rule|Evasion Moves Clause: Evasion moves are banned
|rule|Endless Battle Clause: Forcing endless battles is banned
|rule|HP Percentage Mod: HP is reported as percentages
|teampreview
|
|start
|switch|p1a: Glaze of Blory|Talonflame, M|309\/309
|switch|p2a: Eclair|Medicham, M|261\/261
|turn|1
|chat|Jon Bovi|Gl hf
|chat|InvinciblePietro|u2
|
|detailschange|p2a: Eclair|Medicham-Mega, M
|message|Medicham has Mega Evolved into Mega Medicham!
|move|p1a: Glaze of Blory|U-turn|p2a: Eclair
|-damage|p2a: Eclair|137\/261
|chat|Jon Bovi|U speak French?
|chat|InvinciblePietro|nah Italian
|
|switch|p1a: Host Lighway|Hydreigon, M|325\/325
|move|p2a: Eclair|Ice Punch|p1a: Host Lighway
|-supereffective|p1a: Host Lighway
|-damage|p1a: Host Lighway|5\/325
|
|turn|2
|chat|Jon Bovi|Anche io!
|
|switch|p2a: Juvia|Keldeo-Resolute|323\/323
|move|p1a: Host Lighway|Dark Pulse|p2a: Juvia
|-resisted|p2a: Juvia
|-damage|p2a: Juvia|242\/323
|-boost|p2a: Juvia|atk|1|[from] ability: Justified
|
|turn|3
|
|switch|p1a: Red of Boses|Venusaur, M|363\/363
|move|p2a: Juvia|Icy Wind|p1a: Red of Boses
|-supereffective|p1a: Red of Boses
|-damage|p1a: Red of Boses|161\/363
|-unboost|p1a: Red of Boses|spe|1
|
|turn|4
|
|switch|p2a: Jura|Tyranitar, M|399\/399
|-weather|Sandstorm
|detailschange|p1a: Red of Boses|Venusaur-Mega, M
|message|Venusaur has Mega Evolved into Mega Venusaur!
|move|p1a: Red of Boses|Synthesis|p1a: Red of Boses
|-heal|p1a: Red of Boses|252\/363
|
|-weather|Sandstorm|[upkeep]
|-damage|p1a: Red of Boses|230\/363|[from] sandstorm
|turn|5
|
|switch|p1a: Pivin on a Lrayer|Donphan, M|384\/384
|move|p2a: Jura|Stealth Rock|p1a: Pivin on a Lrayer
|-sidestart|p1: Jon Bovi|move: Stealth Rock
|
|-weather|Sandstorm|[upkeep]
|turn|6
|
|switch|p2a: Celebi|Celebi|404\/404
|move|p1a: Pivin on a Lrayer|Rapid Spin|p2a: Celebi
|-damage|p2a: Celebi|385\/404
|-sideend|p1: Jon Bovi|Stealth Rock|[from] move: Rapid Spin|[of] p1a: Pivin on a Lrayer
|
|-weather|Sandstorm|[upkeep]
|-damage|p2a: Celebi|360\/404|[from] sandstorm
|-heal|p2a: Celebi|385\/404|[from] item: Leftovers
|turn|7
|
|switch|p1a: Mad Bedecine|Heatran, F|386\/386
|move|p2a: Celebi|Baton Pass|p2a: Celebi
|
|switch|p2a: Eclair|Medicham-Mega, M|137\/261
|
|-weather|Sandstorm|[upkeep]
|-damage|p2a: Eclair|121\/261|[from] sandstorm
|turn|8
|
|switch|p1a: Host Lighway|Hydreigon, M|5\/325
|move|p2a: Eclair|Drain Punch|p1a: Host Lighway
|-supereffective|p1a: Host Lighway
|-damage|p1a: Host Lighway|0 fnt
|-heal|p2a: Eclair|124\/261|[from] drain|[of] p1a: Host Lighway
|faint|p1a: Host Lighway
|
|-weather|Sandstorm|[upkeep]
|-damage|p2a: Eclair|108\/261|[from] sandstorm
|
|switch|p1a: Glaze of Blory|Talonflame, M|309\/309
|turn|9
|
|switch|p2a: Zapdos|Zapdos|381\/381
|-ability|p2a: Zapdos|Pressure
|move|p1a: Glaze of Blory|U-turn|p2a: Zapdos
|-resisted|p2a: Zapdos
|-damage|p2a: Zapdos|330\/381
|
|switch|p1a: Mad Bedecine|Heatran, F|386\/386
|
|-weather|Sandstorm|[upkeep]
|-damage|p2a: Zapdos|307\/381|[from] sandstorm
|-heal|p2a: Zapdos|330\/381|[from] item: Leftovers
|turn|10
|
|move|p2a: Zapdos|Volt Switch|p1a: Mad Bedecine
|-damage|p1a: Mad Bedecine|299\/386
|
|switch|p2a: Juvia|Keldeo-Resolute|242\/323
|move|p1a: Mad Bedecine|Stealth Rock|p2a: Juvia
|-sidestart|p2: InvinciblePietro|move: Stealth Rock
|
|-weather|Sandstorm|[upkeep]
|-damage|p2a: Juvia|222\/323|[from] sandstorm
|-heal|p1a: Mad Bedecine|323\/386|[from] item: Leftovers
|turn|11
|
|switch|p1a: It's Ly Mife|Vaporeon, M|464\/464
|move|p2a: Juvia|Secret Sword|p1a: It's Ly Mife
|-damage|p1a: It's Ly Mife|233\/464
|
|-weather|none
|-heal|p1a: It's Ly Mife|262\/464|[from] item: Leftovers
|turn|12
|
|move|p1a: It's Ly Mife|Protect|p1a: It's Ly Mife
|-singleturn|p1a: It's Ly Mife|Protect
|move|p2a: Juvia|Secret Sword|p1a: It's Ly Mife
|-activate|p1a: It's Ly Mife|Protect
|
|-heal|p1a: It's Ly Mife|291\/464|[from] item: Leftovers
|turn|13
|
|switch|p1a: Red of Boses|Venusaur-Mega, M|230\/363
|move|p2a: Juvia|Secret Sword|p1a: Red of Boses
|-resisted|p1a: Red of Boses
|-damage|p1a: Red of Boses|156\/363
|
|turn|14
|
|switch|p2a: Jura|Tyranitar, M|399\/399
|-damage|p2a: Jura|350\/399|[from] Stealth Rock
|-weather|Sandstorm
|move|p1a: Red of Boses|Giga Drain|p2a: Jura
|-supereffective|p2a: Jura
|-damage|p2a: Jura|216\/399
|-heal|p1a: Red of Boses|223\/363|[from] drain|[of] p2a: Jura
|
|-weather|Sandstorm|[upkeep]
|-damage|p1a: Red of Boses|201\/363|[from] sandstorm
|turn|15
|
|switch|p2a: Celebi|Celebi|385\/404
|-damage|p2a: Celebi|335\/404|[from] Stealth Rock
|move|p1a: Red of Boses|Sleep Powder|p2a: Celebi
|-fail|p2a: Celebi
|
|-weather|Sandstorm|[upkeep]
|-damage|p2a: Celebi|310\/404|[from] sandstorm
|-damage|p1a: Red of Boses|179\/363|[from] sandstorm
|-heal|p2a: Celebi|335\/404|[from] item: Leftovers
|turn|16
|
|switch|p1a: Mad Bedecine|Heatran, F|323\/386
|move|p2a: Celebi|Baton Pass|p2a: Celebi
|
|switch|p2a: Eclair|Medicham-Mega, M|108\/261
|-damage|p2a: Eclair|92\/261|[from] Stealth Rock
|
|-weather|Sandstorm|[upkeep]
|-damage|p2a: Eclair|76\/261|[from] sandstorm
|-heal|p1a: Mad Bedecine|347\/386|[from] item: Leftovers
|turn|17
|
|switch|p1a: Glaze of Blory|Talonflame, M|309\/309
|move|p2a: Eclair|Drain Punch|p1a: Glaze of Blory
|-resisted|p1a: Glaze of Blory
|-damage|p1a: Glaze of Blory|166\/309
|-heal|p2a: Eclair|148\/261|[from] drain|[of] p1a: Glaze of Blory
|
|-weather|Sandstorm|[upkeep]
|-damage|p1a: Glaze of Blory|147\/309|[from] sandstorm
|-damage|p2a: Eclair|132\/261|[from] sandstorm
|turn|18
|
|switch|p2a: Zapdos|Zapdos|330\/381
|-damage|p2a: Zapdos|235\/381|[from] Stealth Rock
|-ability|p2a: Zapdos|Pressure
|move|p1a: Glaze of Blory|U-turn|p2a: Zapdos
|-resisted|p2a: Zapdos
|-damage|p2a: Zapdos|180\/381
|
|switch|p1a: Mad Bedecine|Heatran, F|347\/386
|
|-weather|Sandstorm|[upkeep]
|-damage|p2a: Zapdos|157\/381|[from] sandstorm
|-heal|p2a: Zapdos|180\/381|[from] item: Leftovers
|-heal|p1a: Mad Bedecine|371\/386|[from] item: Leftovers
|turn|19
|
|move|p2a: Zapdos|Roost|p2a: Zapdos
|-heal|p2a: Zapdos|371\/381
|move|p1a: Mad Bedecine|Toxic|p2a: Zapdos
|-status|p2a: Zapdos|tox
|
|-weather|Sandstorm|[upkeep]
|-damage|p2a: Zapdos|348\/381 tox|[from] sandstorm
|-heal|p2a: Zapdos|371\/381 tox|[from] item: Leftovers
|-heal|p1a: Mad Bedecine|386\/386|[from] item: Leftovers
|-damage|p2a: Zapdos|348\/381 tox|[from] psn
|turn|20
|
|move|p2a: Zapdos|Volt Switch|p1a: Mad Bedecine
|-damage|p1a: Mad Bedecine|295\/386
|
|switch|p2a: Juvia|Keldeo-Resolute|222\/323
|-damage|p2a: Juvia|202\/323|[from] Stealth Rock
|move|p1a: Mad Bedecine|Lava Plume|p2a: Juvia
|-resisted|p2a: Juvia
|-damage|p2a: Juvia|143\/323
|
|-weather|Sandstorm|[upkeep]
|-damage|p2a: Juvia|123\/323|[from] sandstorm
|-heal|p1a: Mad Bedecine|319\/386|[from] item: Leftovers
|turn|21
|
|switch|p1a: Red of Boses|Venusaur-Mega, M|179\/363
|move|p2a: Juvia|Hydro Pump|p1a: Red of Boses
|-resisted|p1a: Red of Boses
|-damage|p1a: Red of Boses|56\/363
|
|-weather|none
|turn|22
|
|switch|p1a: It's Ly Mife|Vaporeon, M|291\/464
|move|p2a: Juvia|Hydro Pump|p1a: It's Ly Mife
|-heal|p1a: It's Ly Mife|407\/464|[from] ability: Water Absorb|[of] p2a: Juvia
|
|-heal|p1a: It's Ly Mife|436\/464|[from] item: Leftovers
|turn|23
|
|switch|p2a: Celebi|Celebi|335\/404
|-damage|p2a: Celebi|285\/404|[from] Stealth Rock
|switch|p1a: Glaze of Blory|Talonflame, M|147\/309
|
|-heal|p2a: Celebi|310\/404|[from] item: Leftovers
|turn|24
|
|switch|p2a: Zapdos|Zapdos|348\/381 tox
|-damage|p2a: Zapdos|253\/381 tox|[from] Stealth Rock
|-ability|p2a: Zapdos|Pressure
|move|p1a: Glaze of Blory|U-turn|p2a: Zapdos
|-resisted|p2a: Zapdos
|-damage|p2a: Zapdos|200\/381 tox
|
|switch|p1a: Mad Bedecine|Heatran, F|319\/386
|
|-heal|p2a: Zapdos|223\/381 tox|[from] item: Leftovers
|-heal|p1a: Mad Bedecine|343\/386|[from] item: Leftovers
|-damage|p2a: Zapdos|200\/381 tox|[from] psn
|turn|25
|
|move|p2a: Zapdos|Roost|p2a: Zapdos
|-heal|p2a: Zapdos|381\/381 tox
|move|p1a: Mad Bedecine|Lava Plume|p2a: Zapdos
|-damage|p2a: Zapdos|261\/381 tox
|
|-heal|p2a: Zapdos|284\/381 tox|[from] item: Leftovers
|-heal|p1a: Mad Bedecine|367\/386|[from] item: Leftovers
|-damage|p2a: Zapdos|238\/381 tox|[from] psn
|turn|26
|
|move|p2a: Zapdos|Volt Switch|p1a: Mad Bedecine
|-damage|p1a: Mad Bedecine|286\/386
|
|switch|p2a: Jura|Tyranitar, M|216\/399
|-damage|p2a: Jura|167\/399|[from] Stealth Rock
|-weather|Sandstorm
|move|p1a: Mad Bedecine|Lava Plume|p2a: Jura
|-resisted|p2a: Jura
|-damage|p2a: Jura|128\/399
|
|-weather|Sandstorm|[upkeep]
|-heal|p1a: Mad Bedecine|310\/386|[from] item: Leftovers
|turn|27
|
|switch|p1a: Pivin on a Lrayer|Donphan, M|384\/384
|move|p2a: Jura|Earthquake|p1a: Pivin on a Lrayer
|-damage|p1a: Pivin on a Lrayer|276\/384
|
|-weather|Sandstorm|[upkeep]
|-heal|p1a: Pivin on a Lrayer|300\/384|[from] item: Leftovers
|turn|28
|
|switch|p2a: Celebi|Celebi|310\/404
|-damage|p2a: Celebi|260\/404|[from] Stealth Rock
|move|p1a: Pivin on a Lrayer|Earthquake|p2a: Celebi
|-resisted|p2a: Celebi
|-damage|p2a: Celebi|193\/404
|
|-weather|Sandstorm|[upkeep]
|-damage|p2a: Celebi|168\/404|[from] sandstorm
|-heal|p2a: Celebi|193\/404|[from] item: Leftovers
|-heal|p1a: Pivin on a Lrayer|324\/384|[from] item: Leftovers
|turn|29
|
|switch|p1a: Glaze of Blory|Talonflame, M|147\/309
|move|p2a: Celebi|Psychic|p1a: Glaze of Blory
|-damage|p1a: Glaze of Blory|5\/309
|
|-weather|Sandstorm|[upkeep]
|-damage|p1a: Glaze of Blory|0 fnt|[from] sandstorm
|-damage|p2a: Celebi|168\/404|[from] sandstorm
|-heal|p2a: Celebi|193\/404|[from] item: Leftovers
|faint|p1a: Glaze of Blory
|
|switch|p1a: Mad Bedecine|Heatran, F|310\/386
|turn|30
|
|move|p2a: Celebi|Baton Pass|p2a: Celebi
|
|switch|p2a: Juvia|Keldeo-Resolute|123\/323
|-damage|p2a: Juvia|103\/323|[from] Stealth Rock
|move|p1a: Mad Bedecine|Lava Plume|p2a: Juvia
|-resisted|p2a: Juvia
|-damage|p2a: Juvia|35\/323
|
|-weather|Sandstorm|[upkeep]
|-damage|p2a: Juvia|15\/323|[from] sandstorm
|-heal|p1a: Mad Bedecine|334\/386|[from] item: Leftovers
|turn|31
|
|switch|p1a: It's Ly Mife|Vaporeon, M|436\/464
|move|p2a: Juvia|Secret Sword|p1a: It's Ly Mife
|-damage|p1a: It's Ly Mife|225\/464
|
|-weather|Sandstorm|[upkeep]
|-damage|p2a: Juvia|0 fnt|[from] sandstorm
|-damage|p1a: It's Ly Mife|196\/464|[from] sandstorm
|-heal|p1a: It's Ly Mife|225\/464|[from] item: Leftovers
|faint|p2a: Juvia
|
|switch|p2a: Eclair|Medicham-Mega, M|132\/261
|-damage|p2a: Eclair|116\/261|[from] Stealth Rock
|turn|32
|
|move|p1a: It's Ly Mife|Protect|p1a: It's Ly Mife
|-singleturn|p1a: It's Ly Mife|Protect
|move|p2a: Eclair|Zen Headbutt|p1a: It's Ly Mife
|-activate|p1a: It's Ly Mife|Protect
|
|-weather|Sandstorm|[upkeep]
|-damage|p2a: Eclair|100\/261|[from] sandstorm
|-damage|p1a: It's Ly Mife|196\/464|[from] sandstorm
|-heal|p1a: It's Ly Mife|225\/464|[from] item: Leftovers
|turn|33
|
|switch|p1a: Red of Boses|Venusaur-Mega, M|56\/363
|move|p2a: Eclair|Zen Headbutt|p1a: Red of Boses
|-supereffective|p1a: Red of Boses
|-damage|p1a: Red of Boses|0 fnt
|faint|p1a: Red of Boses
|
|-weather|none
|
|switch|p1a: Pivin on a Lrayer|Donphan, M|324\/384
|turn|34
|
|switch|p2a: Excadrill|Excadrill, M|362\/362
|-damage|p2a: Excadrill|351\/362|[from] Stealth Rock
|-item|p2a: Excadrill|Air Balloon
|move|p1a: Pivin on a Lrayer|Earthquake|p2a: Excadrill
|-immune|p2a: Excadrill|[msg]
|
|-heal|p1a: Pivin on a Lrayer|348\/384|[from] item: Leftovers
|turn|35
|
|move|p1a: Pivin on a Lrayer|Ice Shard|p2a: Excadrill
|-damage|p2a: Excadrill|271\/362
|-enditem|p2a: Excadrill|Air Balloon
|move|p2a: Excadrill|Rapid Spin|p1a: Pivin on a Lrayer
|-damage|p1a: Pivin on a Lrayer|326\/384
|-sideend|p2: InvinciblePietro|Stealth Rock|[from] move: Rapid Spin|[of] p2a: Excadrill
|
|-heal|p1a: Pivin on a Lrayer|350\/384|[from] item: Leftovers
|turn|36
|
|switch|p2a: Celebi|Celebi|193\/404
|move|p1a: Pivin on a Lrayer|Stone Edge|p2a: Celebi
|-damage|p2a: Celebi|99\/404
|
|-heal|p2a: Celebi|124\/404|[from] item: Leftovers
|-heal|p1a: Pivin on a Lrayer|374\/384|[from] item: Leftovers
|turn|37
|
|switch|p1a: Mad Bedecine|Heatran, F|334\/386
|move|p2a: Celebi|Recover|p2a: Celebi
|-heal|p2a: Celebi|326\/404
|
|-heal|p2a: Celebi|351\/404|[from] item: Leftovers
|-heal|p1a: Mad Bedecine|358\/386|[from] item: Leftovers
|turn|38
|
|switch|p2a: Excadrill|Excadrill, M|271\/362
|move|p1a: Mad Bedecine|Lava Plume|p2a: Excadrill
|-supereffective|p2a: Excadrill
|-damage|p2a: Excadrill|0 fnt
|faint|p2a: Excadrill
|
|-heal|p1a: Mad Bedecine|382\/386|[from] item: Leftovers
|
|switch|p2a: Eclair|Medicham-Mega, M|100\/261
|turn|39
|
|switch|p1a: It's Ly Mife|Vaporeon, M|225\/464
|move|p2a: Eclair|Drain Punch|p1a: It's Ly Mife
|-damage|p1a: It's Ly Mife|6\/464
|-heal|p2a: Eclair|210\/261|[from] drain|[of] p1a: It's Ly Mife
|
|-heal|p1a: It's Ly Mife|35\/464|[from] item: Leftovers
|turn|40
|
|move|p2a: Eclair|Drain Punch|p1a: It's Ly Mife
|-damage|p1a: It's Ly Mife|0 fnt
|-heal|p2a: Eclair|228\/261|[from] drain|[of] p1a: It's Ly Mife
|faint|p1a: It's Ly Mife
|
|
|switch|p1a: Pivin on a Lrayer|Donphan, M|374\/384
|turn|41
|
|move|p2a: Eclair|Drain Punch|p1a: Pivin on a Lrayer
|-damage|p1a: Pivin on a Lrayer|182\/384
|-heal|p2a: Eclair|261\/261|[from] drain|[of] p1a: Pivin on a Lrayer
|move|p1a: Pivin on a Lrayer|Earthquake|p2a: Eclair
|-damage|p2a: Eclair|39\/261
|
|-heal|p1a: Pivin on a Lrayer|206\/384|[from] item: Leftovers
|turn|42
|
|switch|p2a: Celebi|Celebi|351\/404
|move|p1a: Pivin on a Lrayer|Ice Shard|p2a: Celebi
|-supereffective|p2a: Celebi
|-damage|p2a: Celebi|283\/404
|
|-heal|p2a: Celebi|308\/404|[from] item: Leftovers
|-heal|p1a: Pivin on a Lrayer|230\/384|[from] item: Leftovers
|turn|43
|
|move|p2a: Celebi|Baton Pass|p2a: Celebi
|
|switch|p2a: Zapdos|Zapdos|238\/381 tox
|-ability|p2a: Zapdos|Pressure
|move|p1a: Pivin on a Lrayer|Stone Edge|p2a: Zapdos|[miss]
|-miss|p1a: Pivin on a Lrayer|p2a: Zapdos
|
|-heal|p2a: Zapdos|261\/381 tox|[from] item: Leftovers
|-heal|p1a: Pivin on a Lrayer|254\/384|[from] item: Leftovers
|-damage|p2a: Zapdos|238\/381 tox|[from] psn
|turn|44
|chat|Jon Bovi|Gg
|-message|Jon Bovi forfeited.
|
|win|InvinciblePietro
|raw|Ladder updating...
|leave|Jon Bovi
|player|p1
|chat|InvinciblePietro|gg
|raw|Jon Bovi's rating: 1227 &rarr; <strong>1211<\/strong><br \/>(-16 for losing)
|raw|InvinciblePietro's rating: 1352 &rarr; <strong>1365<\/strong><br \/>(+13 for winning)
|leave|InvinciblePietro
|player|p2
|join|InvinciblePietro