|join|z0mOG
|join|OG_Wanka
|player|p1|z0mOG|224
|player|p2|OG_Wanka|52
|gametype|singles
|gen|6
|tier|UU
|rule|Sleep Clause Mod: Limit one foe put to sleep
|rule|Species Clause: Limit one of each PokÃ©mon
|rule|OHKO Clause: OHKO moves are banned
|rule|Moody Clause: Moody is banned
|rule|Evasion Moves Clause: Evasion moves are banned
|rule|Endless Battle Clause: Forcing endless battles is banned
|rule|HP Percentage Mod: HP is shown in percentages
|clearpoke
|poke|p1|Krookodile, F
|poke|p1|Nidoqueen, F
|poke|p1|Chesnaught, F
|poke|p1|Blastoise, F
|poke|p1|Jirachi
|poke|p1|Alakazam, F
|poke|p2|Umbreon, M
|poke|p2|Abomasnow, M
|poke|p2|Chandelure, M
|poke|p2|Forretress, M
|poke|p2|Dugtrio, M
|poke|p2|Victini, shiny
|rule|Swagger Clause: Swagger is banned
|rule|Baton Pass Clause: Limit one PokÃ©mon knowing Baton Pass
|teampreview
|join|Seth Krogan
|join|Silverstealth3
|join|dashermacp
|join|test acc 42o
|join|poonHunter (D>D)
|join|xMarth
|join|Frickett
|join|TNBM
|join|kyla-kylls
|join|Noriya
|join|I hate meanies
|join|Heated Rocks
|c| poonHunter (D>D)|HYPE
|c| I hate meanies|IS POKEMON FUN NOW? CUNTS
|c| test acc 42o|dugtrio does nothing this game
|join|klefkivan
|c| test acc 42o|lel
|c|âz0mOG|uh
|c| Silverstealth3|xD
|c|âz0mOG|do you not see nidoqueen\/rachi?
|c| poonHunter (D>D)|nido and rachi?
|join|sniperaim
|join|LiberalLucario
|c| Seth Krogan|dugtrio either kills everything or doesn't do shit
|c|âOG_Wanka|lel
|
|start
|switch|p1a: Chesnaught|Chesnaught, F|377\/377
|switch|p2a: Victini|Victini, shiny|341\/341
|turn|1
|c| klefkivan|hes blind to threats
|c| Seth Krogan|there is no in between
|join|Living Proof
|
|move|p1a: Chesnaught|Spiky Shield|p1a: Chesnaught
|-singleturn|p1a: Chesnaught|move: Protect
|move|p2a: Victini|V-create|p1a: Chesnaught
|-activate|p1a: Chesnaught|move: Protect
|-damage|p2a: Victini|299\/341|[from] Spiky Shield|[of] p1a: Chesnaught
|
|turn|2
|leave|Heated Rocks
|join|LessThanThreeMan
|c| I hate meanies|i be sucking sniper all day erryday
|
|move|p2a: Victini|V-create|p1a: Chesnaught
|-supereffective|p1a: Chesnaught
|-damage|p1a: Chesnaught|0 fnt
|-unboost|p2a: Victini|def|1
|-unboost|p2a: Victini|spd|1
|-unboost|p2a: Victini|spe|1
|faint|p1a: Chesnaught
|
|join|hoenn remake
|c| Silverstealth3|NOOOOOOOOOOOOOOOOOO
|
|switch|p1a: Krookodile|Krookodile, F|331\/331
|-ability|p1a: Krookodile|Intimidate|[of] p2a: Victini
|-unboost|p2a: Victini|atk|1
|turn|3
|
|move|p1a: Krookodile|Pursuit|p2a: Victini
|-supereffective|p2a: Victini
|-damage|p2a: Victini|0 fnt
|faint|p2a: Victini
|
|c| Noriya|the pursuit
|c| Noriya|is here
|c| poonHunter (D>D)|rip
|c| Silverstealth3|YAS
|c| LessThanThreeMan|good ole krook
|c|âOG_Wanka|i stayed in
|c|âOG_Wanka|-_-
|c|âOG_Wanka|high roll
|join|Meowiekins
|c| poonHunter (D>D)|low def
|c| Silverstealth3|showdown never lets u change anything
|c| LessThanThreeMan|doesn't band always kill?
|c|âOG_Wanka|nop
|c| LessThanThreeMan|band krook I mean
|c| LessThanThreeMan|o
|c|âOG_Wanka|ive taken one b4
|
|switch|p2a: Umbreon|Umbreon, M|394\/394
|turn|4
|c| LessThanThreeMan|I forget the calc
|join|Ayy Glameow
|c|âz0mOG|252+ Atk Choice Band Krookodile Pursuit vs. -1 0 HP \/ 0 Def Victini: 302-356 (88.5 - 104.3%) -- 31.3% chance to OHKO
|c|âz0mOG|"roll"
|c|âOG_Wanka|lel
|c|âOG_Wanka|my b
|
|switch|p1a: Nidoqueen|Nidoqueen, F|344\/344
|move|p2a: Umbreon|Baton Pass|p2a: Umbreon
|
|switch|p2a: Dugtrio|Dugtrio, M|211\/211
|
|turn|5
|join|Breeloom
|c|âz0mOG|oh you are edgy
|
|move|p2a: Dugtrio|Earthquake|p1a: Nidoqueen
|-supereffective|p1a: Nidoqueen
|-damage|p1a: Nidoqueen|0 fnt
|faint|p1a: Nidoqueen
|
|c| Silverstealth3|victini was at minus 1
|c| test acc 42o|im an idiot
|
|switch|p1a: Krookodile|Krookodile, F|331\/331
|-ability|p1a: Krookodile|Intimidate|[of] p2a: Dugtrio
|-unboost|p2a: Dugtrio|atk|1
|turn|6
|leave|Seth Krogan
|c| poonHunter (D>D)|its in the calcs
|
|move|p2a: Dugtrio|Earthquake|p1a: Krookodile
|-damage|p1a: Krookodile|175\/331
|move|p1a: Krookodile|Knock Off|p2a: Dugtrio
|-damage|p2a: Dugtrio|0 fnt
|-enditem|p2a: Dugtrio|Choice Band|[from] move: Knock Off|[of] p1a: Krookodile
|faint|p2a: Dugtrio
|
|c| test acc 42o|dugtrio wrecks ofc
|join|C-Clays
|
|switch|p2a: Abomasnow|Abomasnow, M|384\/384
|-weather|Hail
|turn|7
|leave|C-Clays
|join|ban windmill
|c| xMarth|trap vs trap
|
|switch|p1a: Jirachi|Jirachi|341\/341
|detailschange|p2a: Abomasnow|Abomasnow-Mega, M
|message|Abomasnow has Mega Evolved into Mega Abomasnow!
|move|p2a: Abomasnow|Earthquake|p1a: Jirachi
|-supereffective|p1a: Jirachi
|-damage|p1a: Jirachi|77\/341
|
|-weather|Hail|[upkeep]
|-damage|p1a: Jirachi|56\/341|[from] hail
|turn|8
|join|QK!IC
|c| ban windmill|i sip the sap like i sip the booty 
|c| TNBM|battle is over turn 16
|c| Silverstealth3|ggggg
|
|switch|p2a: Forretress|Forretress, M|354\/354
|move|p1a: Jirachi|U-turn|p2a: Forretress
|-resisted|p2a: Forretress
|-damage|p2a: Forretress|333\/354
|
|switch|p1a: Blastoise|Blastoise, F|353\/353
|
|-weather|Hail|[upkeep]
|-damage|p1a: Blastoise|331\/353|[from] hail
|-heal|p2a: Forretress|354\/354|[from] item: Leftovers
|turn|9
|
|detailschange|p1a: Blastoise|Blastoise-Mega, F
|message|Blastoise has Mega Evolved into Mega Blastoise!
|move|p1a: Blastoise|Scald|p2a: Forretress
|-damage|p2a: Forretress|102\/354
|move|p2a: Forretress|Volt Switch|p1a: Blastoise
|-supereffective|p1a: Blastoise
|-damage|p1a: Blastoise|269\/353
|
|switch|p2a: Chandelure|Chandelure, M|262\/262
|
|-weather|Hail|[upkeep]
|-damage|p2a: Chandelure|246\/262|[from] hail
|-damage|p1a: Blastoise|247\/353|[from] hail
|turn|10
|c|âz0mOG|specs called
|c| LessThanThreeMan|obama is threat
|c|âz0mOG|they want their memes back
|c| Breeloom|eball inc
|
|move|p2a: Chandelure|Energy Ball|p1a: Blastoise
|-supereffective|p1a: Blastoise
|-damage|p1a: Blastoise|0 fnt
|faint|p1a: Blastoise
|
|-weather|Hail|[upkeep]
|-damage|p2a: Chandelure|230\/262|[from] hail
|
|switch|p1a: Krookodile|Krookodile, F|175\/331
|-ability|p1a: Krookodile|Intimidate|[of] p2a: Chandelure
|-unboost|p2a: Chandelure|atk|1
|turn|11
|
|switch|p2a: Umbreon|Umbreon, M|394\/394
|move|p1a: Krookodile|Knock Off|p2a: Umbreon
|-resisted|p2a: Umbreon
|-damage|p2a: Umbreon|277\/394
|-enditem|p2a: Umbreon|Leftovers|[from] move: Knock Off|[of] p1a: Krookodile
|
|-weather|none
|turn|12
|
|switch|p1a: Alakazam|Alakazam, F|252\/252
|move|p2a: Umbreon|Baton Pass|p2a: Umbreon
|join|try me 101
|
|switch|p2a: Abomasnow|Abomasnow-Mega, M|384\/384
|-weather|Hail
|
|-weather|Hail|[upkeep]
|turn|13
|c| Silverstealth3|y u no pursuit
|join|MADMAN2980
|c| Breeloom|shoulda super powered
|join|gobosox
|c|âOG_Wanka|cause then obama sets up
|c|âz0mOG|idk
|c|âz0mOG|i lost already
|c|âOG_Wanka|(:
|
|move|p2a: Abomasnow|Ice Shard|p1a: Alakazam
|-damage|p1a: Alakazam|113\/252
|move|p1a: Alakazam|Focus Blast|p2a: Abomasnow
|-supereffective|p2a: Abomasnow
|-damage|p2a: Abomasnow|110\/384
|
|-weather|Hail|[upkeep]
|turn|14
|
|move|p2a: Abomasnow|Ice Shard|p1a: Alakazam
|-damage|p1a: Alakazam|0 fnt
|faint|p1a: Alakazam
|
|-weather|Hail|[upkeep]
|
|switch|p1a: Jirachi|Jirachi|56\/341
|turn|15
|c| klefkivan|da bluk is rel
|c| Silverstealth3|bluk
|
|switch|p2a: Forretress|Forretress, M|102\/354
|move|p1a: Jirachi|U-turn|p2a: Forretress
|-resisted|p2a: Forretress
|-damage|p2a: Forretress|80\/354
|c| Breeloom|og wanka stay in
|
|switch|p1a: Krookodile|Krookodile, F|175\/331
|-ability|p1a: Krookodile|Intimidate|[of] p2a: Forretress
|-unboost|p2a: Forretress|atk|1
|
|-weather|Hail|[upkeep]
|-damage|p1a: Krookodile|155\/331|[from] hail
|-heal|p2a: Forretress|102\/354|[from] item: Leftovers
|turn|16
|c|âOG_Wanka|u  turn kills me
|
|move|p1a: Krookodile|Knock Off|p2a: Forretress
|-damage|p2a: Forretress|0 fnt
|-enditem|p2a: Forretress|Leftovers|[from] move: Knock Off|[of] p1a: Krookodile
|faint|p2a: Forretress
|
|-weather|none
|
|switch|p2a: Abomasnow|Abomasnow-Mega, M|110\/384
|-weather|Hail
|turn|17
|
|move|p2a: Abomasnow|Ice Shard|p1a: Krookodile
|-supereffective|p1a: Krookodile
|-damage|p1a: Krookodile|0 fnt
|faint|p1a: Krookodile
|
|-weather|Hail|[upkeep]
|c| poonHunter (D>D)|gg
|
|switch|p1a: Jirachi|Jirachi|56\/341
|turn|18
|c|âz0mOG|gg
|c| ban windmill|sap sipped like booty 
|
|switch|p2a: Chandelure|Chandelure, M|230\/262
|move|p1a: Jirachi|Iron Head|p2a: Chandelure
|-resisted|p2a: Chandelure
|-damage|p2a: Chandelure|165\/262
|
|-weather|Hail|[upkeep]
|-damage|p1a: Jirachi|35\/341|[from] hail
|-damage|p2a: Chandelure|149\/262|[from] hail
|turn|19
|c|âOG_Wanka|gg
|leave|gobosox
|c| ban windmill|tfw no flame body procs
|c| xMarth|needs safety goggles imo
|c| klefkivan|flinch to death
|c|âOG_Wanka|lel ive gotten like 3 runner ups in the past  month
|c|âOG_Wanka|finally i won one
|
|move|p1a: Jirachi|Iron Head|p2a: Chandelure
|-resisted|p2a: Chandelure
|-damage|p2a: Chandelure|83\/262
|move|p2a: Chandelure|Shadow Ball|p1a: Jirachi
|-supereffective|p1a: Jirachi
|-damage|p1a: Jirachi|0 fnt
|faint|p1a: Jirachi
|
|win|OG_Wanka
|c|âOG_Wanka|gg man
|c| klefkivan|aww
|leave|Meowiekins
|leave|xMarth
|leave|LessThanThreeMan
|leave|poonHunter (D>D)
|leave|TNBM
|leave|I hate meanies
|leave|z0mOG
|player|p1