|join|Teddeh
|join|OG_Wanka
|player|p1|Teddeh|143
|player|p2|OG_Wanka|52
|gametype|singles
|gen|6
|tier|UU
|rule|Sleep Clause Mod: Limit one foe put to sleep
|rule|Species Clause: Limit one of each PokÃ©mon
|rule|OHKO Clause: OHKO moves are banned
|rule|Moody Clause: Moody is banned
|rule|Evasion Moves Clause: Evasion moves are banned
|rule|Endless Battle Clause: Forcing endless battles is banned
|rule|HP Percentage Mod: HP is shown in percentages
|clearpoke
|poke|p1|Togekiss, M
|poke|p1|Victini
|poke|p1|Gligar, M
|poke|p1|Lucario, M
|poke|p1|Vaporeon, F
|poke|p1|Ampharos, M
|poke|p2|Umbreon, F
|poke|p2|Abomasnow, M
|poke|p2|Chandelure, F
|poke|p2|Forretress, M
|poke|p2|Victini
|poke|p2|Dugtrio, M
|rule|Swagger Clause: Swagger is banned
|rule|Baton Pass Clause: Limit one PokÃ©mon knowing Baton Pass
|teampreview
|join|Noangels
|join|MagcargoFTW
|join|Seth Krogan
|join|jlce
|join|Bud Hertz
|join|Munkin
|join|Thisbemyalt
|join|iplaytennislol
|join|swagyolo9000
|
|start
|switch|p1a: Gligar|Gligar, M|333\/333
|switch|p2a: Victini|Victini|341\/341
|turn|1
|
|move|p2a: Victini|U-turn|p1a: Gligar
|-resisted|p1a: Gligar
|-damage|p1a: Gligar|308\/333
|c| swagyolo9000|teddef!!!
|
|switch|p2a: Forretress|Forretress, M|354\/354
|move|p1a: Gligar|U-turn|p2a: Forretress
|-resisted|p2a: Forretress
|-damage|p2a: Forretress|342\/354
|join|Aquajetbreloom
|join|Sir Kay 9
|
|switch|p1a: Switch ins?|Victini|341\/341
|
|-heal|p2a: Forretress|354\/354|[from] item: Leftovers
|turn|2
|leave|Sir Kay 9
|join|Sir Kay 9
|c| Sir Kay 9|gl to both teams =]
|c| Thisbemyalt|No not gl
|
|move|p1a: Switch ins?|Bolt Strike|p2a: Forretress
|-damage|p2a: Forretress|255\/354
|-damage|p1a: Switch ins?|307\/341|[from] item: Life Orb
|move|p2a: Forretress|Spikes|p1a: Switch ins?
|-sidestart|p1: Teddeh|Spikes
|
|-heal|p2a: Forretress|277\/354|[from] item: Leftovers
|turn|3
|
|switch|p2a: Chandelure|Chandelure, F|262\/262
|move|p1a: Switch ins?|Bolt Strike|p2a: Chandelure
|-damage|p2a: Chandelure|68\/262
|-damage|p1a: Switch ins?|273\/341|[from] item: Life Orb
|
|turn|4
|join|Duskt70
|
|switch|p2a: Victini|Victini|341\/341
|move|p1a: Switch ins?|Bolt Strike|p2a: Victini
|-crit|p2a: Victini
|-damage|p2a: Victini|72\/341
|-status|p2a: Victini|par
|-damage|p1a: Switch ins?|239\/341|[from] item: Life Orb
|
|turn|5
|c|âTeddeh|oo
|c| iplaytennislol|LUCKY N BAD
|c|âTeddeh|sorry fren :(
|c| Duskt70|nice
|c| MagcargoFTW|wow
|c| Bud Hertz|ooo
|c| Thisbemyalt|Hahahahaha
|c| Bud Hertz|kill me
|
|switch|p1a: Vaporeon|Vaporeon, F|463\/463
|-damage|p1a: Vaporeon|406\/463|[from] Spikes
|move|p2a: Victini|U-turn|p1a: Vaporeon
|-damage|p1a: Vaporeon|261\/463
|c| Bud Hertz|em*
|c| Duskt70|based aboma though
|c| Duskt70|save the match aboma
|join|Blakwolf64
|join|shady kid 2
|
|switch|p2a: Forretress|Forretress, M|277\/354
|
|-heal|p1a: Vaporeon|289\/463|[from] item: Leftovers
|-heal|p2a: Forretress|299\/354|[from] item: Leftovers
|turn|6
|join|Proto12
|
|move|p1a: Vaporeon|Scald|p2a: Forretress
|-damage|p2a: Forretress|145\/354
|move|p2a: Forretress|Toxic|p1a: Vaporeon
|-status|p1a: Vaporeon|tox
|
|-heal|p1a: Vaporeon|317\/463 tox|[from] item: Leftovers
|-heal|p2a: Forretress|167\/354|[from] item: Leftovers
|-damage|p1a: Vaporeon|289\/463 tox|[from] psn
|turn|7
|
|move|p1a: Vaporeon|Wish|p1a: Vaporeon
|move|p2a: Forretress|Spikes|p1a: Vaporeon
|-sidestart|p1: Teddeh|Spikes
|
|-heal|p1a: Vaporeon|317\/463 tox|[from] item: Leftovers
|-heal|p2a: Forretress|189\/354|[from] item: Leftovers
|-damage|p1a: Vaporeon|261\/463 tox|[from] psn
|turn|8
|
|move|p1a: Vaporeon|Scald|p2a: Forretress
|-damage|p2a: Forretress|23\/354
|move|p2a: Forretress|Volt Switch|p1a: Vaporeon
|-supereffective|p1a: Vaporeon
|-damage|p1a: Vaporeon|213\/463 tox
|
|switch|p2a: Abomasnow|Abomasnow, M|384\/384
|-weather|Hail
|
|-weather|Hail|[upkeep]
|-damage|p1a: Vaporeon|185\/463 tox|[from] hail
|-heal|p1a: Vaporeon|416\/463 tox|[from] move: Wish|[wisher] Vaporeon
|-heal|p1a: Vaporeon|444\/463 tox|[from] item: Leftovers
|-damage|p1a: Vaporeon|360\/463 tox|[from] psn
|turn|9
|c| Duskt70|ABOMA
|c|âTeddeh|100% no switch ins
|c|âTeddeh|pls be specs
|c| Sir Kay 9|it's prob mixed
|c| Sir Kay 9|:x
|c|âTeddeh|lol
|c| Duskt70|some teams are unintentionally aboma weak :^)
|join|Thrillz
|
|detailschange|p2a: Abomasnow|Abomasnow-Mega, M
|message|Abomasnow has Mega Evolved into Mega Abomasnow!
|move|p1a: Vaporeon|Toxic|p2a: Abomasnow
|-status|p2a: Abomasnow|tox
|move|p2a: Abomasnow|Seed Bomb|p1a: Vaporeon
|-supereffective|p1a: Vaporeon
|-damage|p1a: Vaporeon|0 fnt
|faint|p1a: Vaporeon
|
|-weather|Hail|[upkeep]
|-damage|p2a: Abomasnow|360\/384 tox|[from] psn
|join|SuperSawgy
|c|âTeddeh|"what a woman, he doesn't run wood hammer" - AquajetBreloom
|c| Sir Kay 9|^LOL:
|c| Thisbemyalt|Kek
|c|âTeddeh|go beat him up imo
|c| MagcargoFTW|^
|c| Aquajetbreloom|i dare u
|
|switch|p1a: Togekiss|Togekiss, M|355\/355
|turn|10
|c| Aquajetbreloom|i'm a 12 yr old
|c|âTeddeh|he's 17
|join|tomibello
|c| Aquajetbreloom|who hits the gym twice a week
|c| Sir Kay 9|sounds like he's a 12 year old tho
|c|âTeddeh|just voice cracks like a 12 year old
|c| Sir Kay 9|=]
|leave|Proto12
|join|ness28
|
|switch|p2a: Forretress|Forretress, M|23\/354
|move|p1a: Togekiss|Air Slash|p2a: Forretress
|-damage|p2a: Forretress|0 fnt
|faint|p2a: Forretress
|
|-weather|Hail|[upkeep]
|-damage|p1a: Togekiss|333\/355|[from] hail
|-heal|p1a: Togekiss|355\/355|[from] item: Leftovers
|
|switch|p2a: Chandelure|Chandelure, F|68\/262
|turn|11
|leave|Bud Hertz
|
|switch|p1a: Switch ins?|Victini|239\/341
|-damage|p1a: Switch ins?|183\/341|[from] Spikes
|move|p2a: Chandelure|Fire Blast|p1a: Switch ins?
|-resisted|p1a: Switch ins?
|-damage|p1a: Switch ins?|0 fnt
|faint|p1a: Switch ins?
|
|-weather|Hail|[upkeep]
|-damage|p2a: Chandelure|52\/262|[from] hail
|c| Aquajetbreloom|must be flame plate
|
|switch|p1a: Lucario|Lucario, M|281\/281
|-damage|p1a: Lucario|235\/281|[from] Spikes
|turn|12
|join|Wonto
|c| tomibello|is this tourny?
|c|âOG_Wanka|tht para on tini is making my life harder
|leave|ness28
|c| MagcargoFTW|yes
|c| Duskt70|nice resist
|join|Bud Hertz
|c| Sir Kay 9|hey teddeh
|c| Sir Kay 9|I have something to show you
|c| Sir Kay 9|after your match
|
|move|p1a: Lucario|Earthquake|p2a: Chandelure
|-supereffective|p2a: Chandelure
|-damage|p2a: Chandelure|0 fnt
|-damage|p1a: Lucario|207\/281|[from] item: Life Orb
|faint|p2a: Chandelure
|
|-weather|none
|join|swimmerstar
|join|xMarth
|
|switch|p2a: Dugtrio|Dugtrio, M|211\/211
|turn|13
|c| Duskt70|based dugtrio
|
|move|p1a: Lucario|Extreme Speed|p2a: Dugtrio
|-damage|p2a: Dugtrio|25\/211
|-damage|p1a: Lucario|179\/281|[from] item: Life Orb
|move|p2a: Dugtrio|Earthquake|p1a: Lucario
|-supereffective|p1a: Lucario
|-damage|p1a: Lucario|0 fnt
|faint|p1a: Lucario
|
|c| Munkin|bulk
|join|ANGER MANAGEMENT
|
|switch|p1a: Gligar|Gligar, M|308\/333
|turn|14
|join|Opsora
|c|âTeddeh|do i get rocks up
|c|âTeddeh|or defog?
|c|âTeddeh|hm
|c| Opsora|def
|c| Opsora|<3
|c| shady kid 2|def
|c| Opsora|send me air baby
|
|switch|p2a: Abomasnow|Abomasnow-Mega, M|360\/384 tox
|-weather|Hail
|move|p1a: Gligar|Defog|p2a: Abomasnow
|-unboost|p2a: Abomasnow|evasion|1
|-sideend|p1: Teddeh|Spikes|[from] move: Defog|[of] p1a: Gligar
|
|-weather|Hail|[upkeep]
|-damage|p1a: Gligar|288\/333|[from] hail
|-damage|p2a: Abomasnow|336\/384 tox|[from] psn
|turn|15
|c| Munkin|Reveal the Sub Swords Dance Gligar
|c| Duskt70|based aboma
|c| Duskt70|preach the wonders of abomasnow
|
|move|p1a: Gligar|Earthquake|p2a: Abomasnow
|-resisted|p2a: Abomasnow
|-damage|p2a: Abomasnow|289\/384 tox
|move|p2a: Abomasnow|Swords Dance|p2a: Abomasnow
|-boost|p2a: Abomasnow|atk|2
|
|-weather|Hail|[upkeep]
|-damage|p1a: Gligar|268\/333|[from] hail
|-damage|p2a: Abomasnow|241\/384 tox|[from] psn
|turn|16
|c| Opsora|get snowned
|c| shady kid 2|rocks
|c| Opsora|rooosssssssssssst
|
|move|p2a: Abomasnow|Ice Shard|p1a: Gligar
|-supereffective|p1a: Gligar
|-damage|p1a: Gligar|0 fnt
|faint|p1a: Gligar
|
|-weather|Hail|[upkeep]
|-damage|p2a: Abomasnow|169\/384 tox|[from] psn
|
|switch|p1a: Ampharos|Ampharos, M|365\/365
|turn|17
|c| Opsora|if u are real go mega
|join|James Jimmy
|c| shady kid 2|you shouldv got rocks insteaad of eq'ing
|
|switch|p2a: Victini|Victini|72\/341 par
|move|p1a: Ampharos|Dragon Pulse|p2a: Victini
|-damage|p2a: Victini|0 fnt
|faint|p2a: Victini
|
|-weather|Hail|[upkeep]
|-damage|p1a: Ampharos|343\/365|[from] hail
|
|switch|p2a: Dugtrio|Dugtrio, M|25\/211
|turn|18
|
|move|p2a: Dugtrio|Earthquake|p1a: Ampharos
|-supereffective|p1a: Ampharos
|-damage|p1a: Ampharos|0 fnt
|faint|p1a: Ampharos
|
|-weather|none
|
|switch|p1a: Togekiss|Togekiss, M|355\/355
|turn|19
|c| Munkin|Sub Nasty now
|c| swagyolo9000|toge could win tbh
|leave|Bud Hertz
|leave|James Jimmy
|join|Bud Hertz
|
|switch|p2a: Umbreon|Umbreon, F|394\/394
|move|p1a: Togekiss|Nasty Plot|p1a: Togekiss
|-boost|p1a: Togekiss|spa|2
|
|turn|20
|c| Duskt70|oooooooo
|
|move|p1a: Togekiss|Air Slash|p2a: Umbreon
|-damage|p2a: Umbreon|223\/394
|cant|p2a: Umbreon|flinch
|
|-heal|p2a: Umbreon|247\/394|[from] item: Leftovers
|turn|21
|c| Opsora|the hax is comiiing
|
|move|p1a: Togekiss|Air Slash|p2a: Umbreon
|-damage|p2a: Umbreon|84\/394
|cant|p2a: Umbreon|flinch
|
|-heal|p2a: Umbreon|108\/394|[from] item: Leftovers
|turn|22
|join|bleve
|c| Duskt70|bleve wanka, bleve
|
|move|p1a: Togekiss|Air Slash|p2a: Umbreon
|-damage|p2a: Umbreon|0 fnt
|faint|p2a: Umbreon
|
|c| Duskt70|bleveeeeeeeeeeeee
|
|switch|p2a: Abomasnow|Abomasnow-Mega, M|169\/384 tox
|-weather|Hail
|turn|23
|c|âTeddeh|stone miss?
|c| Bud Hertz|BLEVE
|c| Bud Hertz|BLEVE
|c|âTeddeh|or not? o.o
|c| Bud Hertz|BLEVE
|c| Opsora|we believe
|c| Bud Hertz|BLEVE
|c| Bud Hertz|BLEVE
|
|move|p2a: Abomasnow|Ice Shard|p1a: Togekiss
|-supereffective|p1a: Togekiss
|-damage|p1a: Togekiss|187\/355
|move|p1a: Togekiss|Flamethrower|p2a: Abomasnow
|-supereffective|p2a: Abomasnow
|-damage|p2a: Abomasnow|0 fnt
|faint|p2a: Abomasnow
|
|-weather|Hail|[upkeep]
|-damage|p1a: Togekiss|165\/355|[from] hail
|-heal|p1a: Togekiss|187\/355|[from] item: Leftovers
|c| Bud Hertz|BLEVE
|c|âTeddeh|stone miss?
|c|âOG_Wanka|dugg
|c| swagyolo9000|yeah!!!!
|c|âOG_Wanka|i bleve in you
|c|âOG_Wanka|please
|c|âOG_Wanka|dugg
|c|âOG_Wanka|plz
|c| tomibello|banded SE
|
|switch|p2a: Dugtrio|Dugtrio, M|25\/211
|turn|24
|c| Bud Hertz|u can do it
|c| Duskt70|dugsters
|c| tomibello|wins
|c|âTeddeh|are you banded?
|c| Duskt70|do it
|c| xMarth|espeed np kiss
|c| Munkin|lol
|c| Thisbemyalt|pre kek
|c| Duskt70|^
|c| swagyolo9000|^
|c|âTeddeh|>.>
|
|move|p2a: Dugtrio|Stone Edge|p1a: Togekiss
|-supereffective|p1a: Togekiss
|-damage|p1a: Togekiss|0 fnt
|faint|p1a: Togekiss
|
|win|OG_Wanka
|c| Bud Hertz|rip
|leave|Aquajetbreloom
|c| Opsora|nooo
|leave|Thrillz
|c|âTeddeh|gg fren
|c|âTeddeh|:]
|c|âOG_Wanka|gg
|leave|iplaytennislol
|c| swagyolo9000|damn
|c| Duskt70|dugsters
|leave|xMarth
|leave|Bud Hertz
|leave|Thisbemyalt
|leave|OG_Wanka
|leave|Duskt70
|leave|Wonto
|leave|Noangels