|join|trevor ellis
|join|OG_Wanka
|player|p1|trevor ellis|112
|player|p2|OG_Wanka|52
|gametype|singles
|gen|6
|tier|UU
|rule|Sleep Clause Mod: Limit one foe put to sleep
|rule|Species Clause: Limit one of each PokÃ©mon
|rule|OHKO Clause: OHKO moves are banned
|rule|Moody Clause: Moody is banned
|rule|Evasion Moves Clause: Evasion moves are banned
|rule|Endless Battle Clause: Forcing endless battles is banned
|rule|HP Percentage Mod: HP is shown in percentages
|clearpoke
|poke|p1|Shuckle, F
|poke|p1|Blastoise, M
|poke|p1|Machamp, M
|poke|p1|Jirachi
|poke|p1|Kingdra, F
|poke|p1|Doublade, F
|poke|p2|Froslass, F
|poke|p2|Sableye, F, shiny
|poke|p2|Swampert, M, shiny
|poke|p2|Lucario, F
|poke|p2|Darmanitan, M
|poke|p2|Alakazam, F
|rule|Swagger Clause: Swagger is banned
|rule|Baton Pass Clause: Limit one PokÃ©mon knowing Baton Pass
|teampreview
|join|viaw
|join|IWANTHAPPY
|join|Munkin
|join|Voltage
|
|start
|switch|p1a: Shuckle|Shuckle, F|244\/244
|switch|p2a: Froslass|Froslass, F|344\/344
|turn|1
|c|âOG_Wanka|sigh
|join|Specs Cranidos
|c|âOG_Wanka|webs fuck my team
|join|BIG SCHLONG MCDONG
|
|move|p2a: Froslass|Taunt|p1a: Shuckle
|-start|p1a: Shuckle|move: Taunt
|-enditem|p1a: Shuckle|Mental Herb
|-end|p1a: Shuckle|move: Taunt
|move|p1a: Shuckle|Sticky Web|p2a: Froslass
|-sidestart|p2: OG_Wanka|move: Sticky Web
|
|turn|2
|c| IWANTHAPPY|penis vs Elsa
|c| viaw|no spinna
|c| viaw|-_-
|
|move|p2a: Froslass|Taunt|p1a: Shuckle
|-start|p1a: Shuckle|move: Taunt
|move|p1a: Shuckle|Knock Off|p2a: Froslass
|-supereffective|p2a: Froslass
|-damage|p2a: Froslass|292\/344
|-start|p1a: Shuckle|Disable|Knock Off
|-enditem|p2a: Froslass|Focus Sash|[from] move: Knock Off|[of] p1a: Shuckle
|
|turn|3
|c|âOG_Wanka|its hyper offense
|
|switch|p1a: Jirachi|Jirachi|341\/341
|move|p2a: Froslass|Spikes|p1a: Jirachi
|-sidestart|p1: trevor ellis|Spikes
|
|turn|4
|
|switch|p2a: Swampert|Swampert, M, shiny|404\/404
|-activate|p2a: Swampert|move: Sticky Web
|-unboost|p2a: Swampert|spe|1
|move|p1a: Jirachi|Iron Head|p2a: Swampert
|-resisted|p2a: Swampert
|-damage|p2a: Swampert|359\/404
|
|-heal|p2a: Swampert|384\/404|[from] item: Leftovers
|turn|5
|
|switch|p1a: Shuckle|Shuckle, F|244\/244
|-damage|p1a: Shuckle|214\/244|[from] Spikes
|move|p2a: Swampert|Roar|p1a: Shuckle
|drag|p1a: Machamp|Machamp, M|321\/321
|-damage|p1a: Machamp|281\/321|[from] Spikes
|
|-heal|p2a: Swampert|404\/404|[from] item: Leftovers
|turn|6
|c| viaw|den u will b fuk'd :3
|c| IWANTHAPPY|superstar vs Shrek
|c| Voltage|ho is hard for me to play for this exact reason lol
|join|Pootytoots
|
|move|p1a: Machamp|Close Combat|p2a: Swampert
|-damage|p2a: Swampert|146\/404
|-unboost|p1a: Machamp|def|1
|-unboost|p1a: Machamp|spd|1
|move|p2a: Swampert|Stealth Rock|p1a: Machamp
|-sidestart|p1: trevor ellis|move: Stealth Rock
|
|-heal|p2a: Swampert|171\/404|[from] item: Leftovers
|turn|7
|c| IWANTHAPPY|Mike Tyson vs Shrek
|c| Voltage|unless you run blast no real room to run hazard controll
|c|âOG_Wanka|getting matched up against a shuckle kinda suked
|
|switch|p1a: Blastoise|Blastoise, M|313\/313
|-damage|p1a: Blastoise|274\/313|[from] Spikes
|-damage|p1a: Blastoise|235\/313|[from] Stealth Rock
|switch|p2a: Froslass|Froslass, F|292\/344
|-activate|p2a: Froslass|move: Sticky Web
|-unboost|p2a: Froslass|spe|1
|
|turn|8
|
|detailschange|p1a: Blastoise|Blastoise-Mega, M
|message|Blastoise has Mega Evolved into Mega Blastoise!
|move|p1a: Blastoise|Dark Pulse|p2a: Froslass
|-supereffective|p2a: Froslass
|-damage|p2a: Froslass|0 fnt
|-start|p1a: Blastoise|Disable|Dark Pulse
|faint|p2a: Froslass
|
|
|switch|p2a: Alakazam|Alakazam, F|252\/252
|-activate|p2a: Alakazam|move: Sticky Web
|-unboost|p2a: Alakazam|spe|1
|turn|9
|
|detailschange|p2a: Alakazam|Alakazam-Mega, F
|message|Alakazam has Mega Evolved into Mega Alakazam!
|-ability|p2a: Alakazam|Mega Launcher|[from] ability: Trace|[of] p1a: Blastoise
|move|p2a: Alakazam|Protect|p2a: Alakazam
|-singleturn|p2a: Alakazam|Protect
|move|p1a: Blastoise|Rapid Spin|p2a: Alakazam
|-activate|p2a: Alakazam|Protect
|
|turn|10
|
|switch|p1a: Doublade|Doublade, F|322\/322
|-damage|p1a: Doublade|302\/322|[from] Stealth Rock
|-damage|p1a: Doublade|262\/322|[from] Spikes
|move|p2a: Alakazam|Energy Ball|p1a: Doublade
|-resisted|p1a: Doublade
|-damage|p1a: Doublade|179\/322
|
|turn|11
|c| IWANTHAPPY|TMNT vs Ghandi
|
|switch|p2a: Swampert|Swampert, M, shiny|171\/404
|-activate|p2a: Swampert|move: Sticky Web
|-unboost|p2a: Swampert|spe|1
|move|p1a: Doublade|Swords Dance|p1a: Doublade
|-boost|p1a: Doublade|atk|2
|
|-heal|p2a: Swampert|196\/404|[from] item: Leftovers
|turn|12
|
|move|p1a: Doublade|Sacred Sword|p2a: Swampert
|-damage|p2a: Swampert|38\/404
|move|p2a: Swampert|Earthquake|p1a: Doublade
|-supereffective|p1a: Doublade
|-damage|p1a: Doublade|63\/322
|
|-heal|p2a: Swampert|63\/404|[from] item: Leftovers
|turn|13
|join|Uniterflash
|
|move|p1a: Doublade|Shadow Sneak|p2a: Swampert
|-damage|p2a: Swampert|0 fnt
|faint|p2a: Swampert
|
|join|my name is stan
|
|switch|p2a: Sableye|Sableye, F, shiny|304\/304
|-activate|p2a: Sableye|move: Sticky Web
|-unboost|p2a: Sableye|spe|1
|turn|14
|c| IWANTHAPPY|swords vs uh....
|
|move|p1a: Doublade|Shadow Sneak|p2a: Sableye
|-damage|p2a: Sableye|115\/304
|move|p2a: Sableye|Will-O-Wisp|p1a: Doublade
|-status|p1a: Doublade|brn
|
|-heal|p2a: Sableye|134\/304|[from] item: Leftovers
|-damage|p1a: Doublade|23\/322 brn|[from] brn
|turn|15
|c| Uniterflash|hi trevor
|
|switch|p1a: Machamp|Machamp, M|281\/321
|-damage|p1a: Machamp|241\/321|[from] Spikes
|-damage|p1a: Machamp|221\/321|[from] Stealth Rock
|move|p2a: Sableye|Recover|p2a: Sableye
|-heal|p2a: Sableye|286\/304
|
|-heal|p2a: Sableye|304\/304|[from] item: Leftovers
|turn|16
|c| Uniterflash|I played against this team on the ladder
|
|switch|p2a: Lucario|Lucario, F|281\/281
|-activate|p2a: Lucario|move: Sticky Web
|-unboost|p2a: Lucario|spe|1
|move|p1a: Machamp|Heavy Slam|p2a: Lucario
|-resisted|p2a: Lucario
|-damage|p2a: Lucario|205\/281
|
|turn|17
|
|switch|p1a: Doublade|Doublade, F|23\/322 brn
|-damage|p1a: Doublade|0 fnt|[from] Spikes
|faint|p1a: Doublade
|move|p2a: Lucario|Close Combat|p1: Doublade|[notarget]
|-notarget
|
|
|switch|p1a: Blastoise|Blastoise-Mega, M|235\/313
|-damage|p1a: Blastoise|196\/313|[from] Spikes
|-damage|p1a: Blastoise|157\/313|[from] Stealth Rock
|turn|18
|
|switch|p2a: Sableye|Sableye, F, shiny|304\/304
|-activate|p2a: Sableye|move: Sticky Web
|-unboost|p2a: Sableye|spe|1
|move|p1a: Blastoise|Water Pulse|p2a: Sableye
|-damage|p2a: Sableye|142\/304
|-start|p2a: Sableye|confusion
|
|-heal|p2a: Sableye|161\/304|[from] item: Leftovers
|turn|19
|
|-activate|p2a: Sableye|confusion
|move|p2a: Sableye|Recover|p2a: Sableye
|-heal|p2a: Sableye|304\/304
|move|p1a: Blastoise|Water Pulse|p2a: Sableye
|-damage|p2a: Sableye|130\/304
|
|-heal|p2a: Sableye|149\/304|[from] item: Leftovers
|turn|20
|
|-activate|p2a: Sableye|confusion
|move|p2a: Sableye|Recover|p2a: Sableye
|-heal|p2a: Sableye|301\/304
|move|p1a: Blastoise|Water Pulse|p2a: Sableye
|-crit|p2a: Sableye
|-damage|p2a: Sableye|43\/304
|
|-heal|p2a: Sableye|62\/304|[from] item: Leftovers
|turn|21
|c|âOG_Wanka|gimme a break
|
|-end|p2a: Sableye|confusion
|move|p2a: Sableye|Recover|p2a: Sableye
|-heal|p2a: Sableye|214\/304
|move|p1a: Blastoise|Water Pulse|p2a: Sableye
|-damage|p2a: Sableye|48\/304
|
|-heal|p2a: Sableye|67\/304|[from] item: Leftovers
|turn|22
|
|move|p2a: Sableye|Recover|p2a: Sableye
|-heal|p2a: Sableye|219\/304
|move|p1a: Blastoise|Water Pulse|p2a: Sableye
|-damage|p2a: Sableye|63\/304
|
|-heal|p2a: Sableye|82\/304|[from] item: Leftovers
|turn|23
|
|move|p2a: Sableye|Recover|p2a: Sableye
|-heal|p2a: Sableye|234\/304
|move|p1a: Blastoise|Water Pulse|p2a: Sableye
|-damage|p2a: Sableye|62\/304
|
|-heal|p2a: Sableye|81\/304|[from] item: Leftovers
|turn|24
|join|meeowiekins
|c| Uniterflash|lel
|
|move|p2a: Sableye|Recover|p2a: Sableye
|-heal|p2a: Sableye|233\/304
|move|p1a: Blastoise|Water Pulse|p2a: Sableye
|-crit|p2a: Sableye
|-damage|p2a: Sableye|0 fnt
|faint|p2a: Sableye
|
|c| meeowiekins|rip
|
|switch|p2a: Alakazam|Alakazam-Mega, F|252\/252
|-activate|p2a: Alakazam|move: Sticky Web
|-unboost|p2a: Alakazam|spe|1
|-ability|p2a: Alakazam|Mega Launcher|[from] ability: Trace|[of] p1a: Blastoise
|turn|25
|c|âOG_Wanka|bound to happen sometime
|
|switch|p1a: Shuckle|Shuckle, F|214\/244
|-damage|p1a: Shuckle|153\/244|[from] Stealth Rock
|-damage|p1a: Shuckle|123\/244|[from] Spikes
|move|p2a: Alakazam|Energy Ball|p1a: Shuckle
|-damage|p1a: Shuckle|49\/244
|
|turn|26
|
|move|p2a: Alakazam|Focus Blast|p1a: Shuckle|[miss]
|-miss|p2a: Alakazam|p1a: Shuckle
|move|p1a: Shuckle|Stealth Rock|p2a: Alakazam
|-sidestart|p2: OG_Wanka|move: Stealth Rock
|
|turn|27
|
|move|p2a: Alakazam|Psyshock|p1a: Shuckle
|-damage|p1a: Shuckle|0 fnt
|faint|p1a: Shuckle
|
|
|switch|p1a: Jirachi|Jirachi|341\/341
|-damage|p1a: Jirachi|299\/341|[from] Spikes
|-damage|p1a: Jirachi|278\/341|[from] Stealth Rock
|turn|28
|
|move|p2a: Alakazam|Protect|p2a: Alakazam
|-singleturn|p2a: Alakazam|Protect
|move|p1a: Jirachi|U-turn|p2a: Alakazam
|-activate|p2a: Alakazam|Protect
|
|turn|29
|leave|Voltage
|leave|Munkin
|
|move|p1a: Jirachi|U-turn|p2a: Alakazam
|-supereffective|p2a: Alakazam
|-damage|p2a: Alakazam|52\/252
|
|switch|p1a: Machamp|Machamp, M|221\/321
|-damage|p1a: Machamp|181\/321|[from] Spikes
|-damage|p1a: Machamp|161\/321|[from] Stealth Rock
|move|p2a: Alakazam|Psyshock|p1a: Machamp
|-crit|p1a: Machamp
|-supereffective|p1a: Machamp
|-damage|p1a: Machamp|0 fnt
|faint|p1a: Machamp
|
|
|switch|p1a: Jirachi|Jirachi|278\/341
|-damage|p1a: Jirachi|257\/341|[from] Stealth Rock
|-damage|p1a: Jirachi|215\/341|[from] Spikes
|turn|30
|
|move|p2a: Alakazam|Protect|p2a: Alakazam
|-singleturn|p2a: Alakazam|Protect
|move|p1a: Jirachi|U-turn|p2a: Alakazam
|-activate|p2a: Alakazam|Protect
|
|turn|31
|
|move|p1a: Jirachi|U-turn|p2a: Alakazam
|-supereffective|p2a: Alakazam
|-damage|p2a: Alakazam|0 fnt
|faint|p2a: Alakazam
|
|switch|p1a: Kingdra|Kingdra, F|291\/291
|-damage|p1a: Kingdra|255\/291|[from] Stealth Rock
|-damage|p1a: Kingdra|219\/291|[from] Spikes
|
|
|switch|p2a: Lucario|Lucario, F|205\/281
|-activate|p2a: Lucario|move: Sticky Web
|-unboost|p2a: Lucario|spe|1
|-damage|p2a: Lucario|197\/281|[from] Stealth Rock
|turn|32
|
|move|p1a: Kingdra|Surf|p2a: Lucario
|-damage|p2a: Lucario|5\/281
|move|p2a: Lucario|Swords Dance|p2a: Lucario
|-boost|p2a: Lucario|atk|2
|
|turn|33
|join|Treo's alt
|
|move|p2a: Lucario|Extreme Speed|p1a: Kingdra
|-damage|p1a: Kingdra|0 fnt
|-damage|p2a: Lucario|0 fnt|[from] item: Life Orb
|faint|p1a: Kingdra
|faint|p2a: Lucario
|
|c| meeowiekins|holE
|
|switch|p1a: Jirachi|Jirachi|215\/341
|-damage|p1a: Jirachi|194\/341|[from] Stealth Rock
|-damage|p1a: Jirachi|152\/341|[from] Spikes
|switch|p2a: Darmanitan|Darmanitan, M|351\/351
|-damage|p2a: Darmanitan|264\/351|[from] Stealth Rock
|-activate|p2a: Darmanitan|move: Sticky Web
|-unboost|p2a: Darmanitan|spe|1
|turn|34
|c|âOG_Wanka|hmmm
|
|move|p1a: Jirachi|Healing Wish|p1a: Jirachi
|faint|p1a: Jirachi
|move|p2a: Darmanitan|Flare Blitz|p1: Jirachi|[notarget]
|-notarget
|
|
|switch|p1a: Blastoise|Blastoise-Mega, M|157\/313
|-heal|p1a: Blastoise|313\/313|[from] move: Healing Wish
|-damage|p1a: Blastoise|274\/313|[from] Spikes
|-damage|p1a: Blastoise|235\/313|[from] Stealth Rock
|turn|35
|c|âOG_Wanka|o
|c|âOG_Wanka|nvm
|c| Uniterflash|lel
|c|âtrevor ellis|gg
|c|âOG_Wanka|gg trev
|
|move|p2a: Darmanitan|Flare Blitz|p1a: Blastoise
|-resisted|p1a: Blastoise
|-damage|p1a: Blastoise|121\/313
|-damage|p2a: Darmanitan|226\/351|[from] recoil|[of] p1a: Blastoise
|move|p1a: Blastoise|Water Pulse|p2a: Darmanitan
|-supereffective|p2a: Darmanitan
|-damage|p2a: Darmanitan|0 fnt
|faint|p2a: Darmanitan
|
|win|trevor ellis