|join|GB heraklinos
|join|OG_Wanka
|player|p1|GB heraklinos|283
|player|p2|OG_Wanka|150
|gametype|singles
|gen|6
|tier|UU
|rated
|rule|Sleep Clause Mod: Limit one foe put to sleep
|rule|Species Clause: Limit one of each PokÃ©mon
|rule|OHKO Clause: OHKO moves are banned
|rule|Moody Clause: Moody is banned
|rule|Evasion Moves Clause: Evasion moves are banned
|rule|Endless Battle Clause: Forcing endless battles is banned
|rule|HP Percentage Mod: HP is reported as percentages
|clearpoke
|poke|p1|Scrafty, M
|poke|p1|Blastoise, M
|poke|p1|Galvantula, M
|poke|p1|Mienshao, F, shiny
|poke|p1|Donphan, M
|poke|p1|Florges, F
|poke|p2|Crobat, F, shiny
|poke|p2|Haxorus, F, shiny
|poke|p2|Blastoise, F, shiny
|poke|p2|Chesnaught, F, shiny
|poke|p2|Hydreigon, F, shiny
|poke|p2|Blissey, F, shiny
|rule|Swagger Clause: Swagger is banned
|rule|Baton Pass Clause: Limit one PokÃ©mon knowing Baton Pass
|teampreview
|
|start
|switch|p1a: Florges|Florges, F|360\/360
|switch|p2a: wanka|Chesnaught, F, shiny|380\/380
|turn|1
|
|move|p2a: wanka|Spiky Shield|p2a: wanka
|-singleturn|p2a: wanka|move: Protect
|move|p1a: Florges|Toxic|p2a: wanka
|-activate|p2a: wanka|move: Protect
|
|turn|2
|
|switch|p2a: arsehole|Crobat, F, shiny|324\/324
|move|p1a: Florges|Toxic|p2a: arsehole|[miss]
|-miss|p1a: Florges|p2a: arsehole
|
|turn|3
|
|move|p1a: Florges|Protect|p1a: Florges
|-singleturn|p1a: Florges|Protect
|move|p2a: arsehole|Taunt|p1a: Florges
|-activate|p1a: Florges|Protect
|
|turn|4
|
|switch|p1a: Donphan|Donphan, M|384\/384
|move|p2a: arsehole|Taunt|p1a: Donphan
|-start|p1a: Donphan|move: Taunt
|
|turn|5
|
|switch|p2a: chubbs|Blastoise, F, shiny|362\/362
|move|p1a: Donphan|Ice Shard|p2a: chubbs
|-resisted|p2a: chubbs
|-damage|p2a: chubbs|345\/362
|
|turn|6
|
|switch|p1a: Florges|Florges, F|360\/360
|detailschange|p2a: chubbs|Blastoise-Mega, F, shiny
|message|Blastoise has Mega Evolved into Mega Blastoise!
|move|p2a: chubbs|Dragon Pulse|p1a: Florges
|-immune|p1a: Florges|[msg]
|
|turn|7
|
|switch|p2a: arsehole|Crobat, F, shiny|324\/324
|switch|p1a: Donphan|Donphan, M|384\/384
|
|turn|8
|
|move|p1a: Donphan|Ice Shard|p2a: arsehole
|-supereffective|p2a: arsehole
|-damage|p2a: arsehole|228\/324
|move|p2a: arsehole|Taunt|p1a: Donphan
|-start|p1a: Donphan|move: Taunt
|
|-heal|p2a: arsehole|248\/324|[from] item: Black Sludge
|turn|9
|
|switch|p2a: chubbs|Blastoise-Mega, F, shiny|345\/362
|move|p1a: Donphan|Ice Shard|p2a: chubbs
|-resisted|p2a: chubbs
|-damage|p2a: chubbs|330\/362
|
|turn|10
|
|switch|p1a: Florges|Florges, F|360\/360
|move|p2a: chubbs|Water Pulse|p1a: Florges
|-damage|p1a: Florges|257\/360
|
|-heal|p1a: Florges|279\/360|[from] item: Leftovers
|turn|11
|
|switch|p2a: arsehole|Crobat, F, shiny|248\/324
|move|p1a: Florges|Toxic|p2a: arsehole
|-fail|p2a: arsehole
|
|-heal|p2a: arsehole|268\/324|[from] item: Black Sludge
|-heal|p1a: Florges|301\/360|[from] item: Leftovers
|turn|12
|
|move|p1a: Florges|Protect|p1a: Florges
|-singleturn|p1a: Florges|Protect
|move|p2a: arsehole|Taunt|p1a: Florges
|-activate|p1a: Florges|Protect
|
|-heal|p2a: arsehole|288\/324|[from] item: Black Sludge
|-heal|p1a: Florges|323\/360|[from] item: Leftovers
|turn|13
|
|switch|p1a: Donphan|Donphan, M|384\/384
|move|p2a: arsehole|Taunt|p1a: Donphan
|-start|p1a: Donphan|move: Taunt
|
|-heal|p2a: arsehole|308\/324|[from] item: Black Sludge
|turn|14
|
|switch|p2a: wanka|Chesnaught, F, shiny|380\/380
|switch|p1a: Galvantula|Galvantula, M|281\/281
|
|turn|15
|
|move|p1a: Galvantula|Bug Buzz|p2a: wanka
|-damage|p2a: wanka|215\/380
|move|p2a: wanka|Leech Seed|p1a: Galvantula
|-start|p1a: Galvantula|move: Leech Seed
|
|-heal|p2a: wanka|238\/380|[from] item: Leftovers
|-damage|p1a: Galvantula|246\/281|[from] Leech Seed|[of] p2a: wanka
|-heal|p2a: wanka|273\/380|[silent]
|turn|16
|
|move|p2a: wanka|Spiky Shield|p2a: wanka
|-singleturn|p2a: wanka|move: Protect
|move|p1a: Galvantula|Thunder|p2a: wanka
|-activate|p2a: wanka|move: Protect
|
|-heal|p2a: wanka|296\/380|[from] item: Leftovers
|-damage|p1a: Galvantula|211\/281|[from] Leech Seed|[of] p2a: wanka
|-heal|p2a: wanka|331\/380|[silent]
|turn|17
|
|switch|p2a: knob head|Blissey, F, shiny|704\/704
|move|p1a: Galvantula|Sticky Web|p2a: knob head
|-sidestart|p2: OG_Wanka|move: Sticky Web
|
|-damage|p1a: Galvantula|176\/281|[from] Leech Seed|[of] p2a: knob head
|turn|18
|
|switch|p1a: Scrafty|Scrafty, M|271\/271
|move|p2a: knob head|Toxic|p1a: Scrafty
|-status|p1a: Scrafty|tox
|-enditem|p1a: Scrafty|Lum Berry|[eat]
|-curestatus|p1a: Scrafty|tox
|
|turn|19
|
|switch|p2a: arsehole|Crobat, F, shiny|308\/324
|move|p1a: Scrafty|Dragon Dance|p1a: Scrafty
|-boost|p1a: Scrafty|atk|1
|-boost|p1a: Scrafty|spe|1
|
|-heal|p2a: arsehole|324\/324|[from] item: Black Sludge
|turn|20
|
|move|p2a: arsehole|Taunt|p1a: Scrafty
|-start|p1a: Scrafty|move: Taunt
|move|p1a: Scrafty|Crunch|p2a: arsehole
|-crit|p2a: arsehole
|-damage|p2a: arsehole|35\/324
|
|-heal|p2a: arsehole|55\/324|[from] item: Black Sludge
|turn|21
|
|move|p2a: arsehole|Brave Bird|p1a: Scrafty
|-supereffective|p1a: Scrafty
|-damage|p1a: Scrafty|0 fnt
|-damage|p2a: arsehole|0 fnt|[from] recoil|[of] p1a: Scrafty
|faint|p1a: Scrafty
|faint|p2a: arsehole
|
|
|switch|p2a: chubbs|Blastoise-Mega, F, shiny|330\/362
|-activate|p2a: chubbs|move: Sticky Web
|-unboost|p2a: chubbs|spe|1
|switch|p1a: Donphan|Donphan, M|384\/384
|turn|22
|
|switch|p1a: Florges|Florges, F|323\/360
|move|p2a: chubbs|Water Pulse|p1a: Florges
|-damage|p1a: Florges|229\/360
|
|-heal|p1a: Florges|251\/360|[from] item: Leftovers
|turn|23
|
|switch|p2a: wanka|Chesnaught, F, shiny|331\/380
|-activate|p2a: wanka|move: Sticky Web
|-unboost|p2a: wanka|spe|1
|move|p1a: Florges|Wish|p1a: Florges
|
|-heal|p1a: Florges|273\/360|[from] item: Leftovers
|-heal|p2a: wanka|354\/380|[from] item: Leftovers
|turn|24
|
|switch|p1a: Galvantula|Galvantula, M|176\/281
|move|p2a: wanka|Leech Seed|p1a: Galvantula
|-start|p1a: Galvantula|move: Leech Seed
|
|-heal|p1a: Galvantula|281\/281|[from] move: Wish|[wisher] Florges
|-heal|p2a: wanka|377\/380|[from] item: Leftovers
|-damage|p1a: Galvantula|246\/281|[from] Leech Seed|[of] p2a: wanka
|-heal|p2a: wanka|380\/380|[silent]
|turn|25
|
|switch|p1a: Florges|Florges, F|273\/360
|move|p2a: wanka|Spiky Shield|p2a: wanka
|-fail|p2a: wanka
|
|-heal|p1a: Florges|295\/360|[from] item: Leftovers
|turn|26
|
|move|p1a: Florges|Toxic|p2a: wanka
|-status|p2a: wanka|tox
|move|p2a: wanka|Leech Seed|p1a: Florges
|-start|p1a: Florges|move: Leech Seed
|
|-heal|p1a: Florges|317\/360|[from] item: Leftovers
|-damage|p1a: Florges|272\/360|[from] Leech Seed|[of] p2a: wanka
|-damage|p2a: wanka|357\/380 tox|[from] psn
|turn|27
|
|move|p1a: Florges|Wish|p1a: Florges
|move|p2a: wanka|Wood Hammer|p1a: Florges
|-damage|p1a: Florges|73\/360
|-damage|p2a: wanka|291\/380 tox|[from] recoil|[of] p1a: Florges
|
|-heal|p1a: Florges|95\/360|[from] item: Leftovers
|-heal|p2a: wanka|314\/380 tox|[from] item: Leftovers
|-damage|p1a: Florges|50\/360|[from] Leech Seed|[of] p2a: wanka
|-heal|p2a: wanka|359\/380 tox|[silent]
|-damage|p2a: wanka|313\/380 tox|[from] psn
|turn|28
|
|switch|p2a: filthy slag|Haxorus, F, shiny|294\/294
|-activate|p2a: filthy slag|move: Sticky Web
|-unboost|p2a: filthy slag|spe|1
|-ability|p2a: filthy slag|Mold Breaker
|move|p1a: Florges|Protect|p1a: Florges
|-fail|p1a: Florges
|
|-heal|p1a: Florges|230\/360|[from] move: Wish|[wisher] Florges
|-heal|p1a: Florges|252\/360|[from] item: Leftovers
|-damage|p1a: Florges|207\/360|[from] Leech Seed|[of] p2a: filthy slag
|turn|29
|
|switch|p1a: Donphan|Donphan, M|384\/384
|move|p2a: filthy slag|Poison Jab|p1a: Donphan
|-resisted|p1a: Donphan
|-damage|p1a: Donphan|352\/384
|
|-heal|p1a: Donphan|376\/384|[from] item: Leftovers
|turn|30
|
|switch|p2a: chubbs|Blastoise-Mega, F, shiny|330\/362
|-activate|p2a: chubbs|move: Sticky Web
|-unboost|p2a: chubbs|spe|1
|move|p1a: Donphan|Earthquake|p2a: chubbs
|-damage|p2a: chubbs|213\/362
|
|-heal|p1a: Donphan|384\/384|[from] item: Leftovers
|turn|31
|
|switch|p1a: Florges|Florges, F|207\/360
|move|p2a: chubbs|Water Pulse|p1a: Florges
|-damage|p1a: Florges|105\/360
|
|-heal|p1a: Florges|127\/360|[from] item: Leftovers
|turn|32
|
|switch|p2a: filthy slag|Haxorus, F, shiny|294\/294
|-activate|p2a: filthy slag|move: Sticky Web
|-unboost|p2a: filthy slag|spe|1
|-ability|p2a: filthy slag|Mold Breaker
|move|p1a: Florges|Wish|p1a: Florges
|
|-heal|p1a: Florges|149\/360|[from] item: Leftovers
|turn|33
|
|move|p1a: Florges|Protect|p1a: Florges
|-singleturn|p1a: Florges|Protect
|move|p2a: filthy slag|Dragon Dance|p2a: filthy slag
|-boost|p2a: filthy slag|atk|1
|-boost|p2a: filthy slag|spe|1
|
|-heal|p1a: Florges|329\/360|[from] move: Wish|[wisher] Florges
|-heal|p1a: Florges|351\/360|[from] item: Leftovers
|turn|34
|
|switch|p1a: Donphan|Donphan, M|384\/384
|move|p2a: filthy slag|Dragon Dance|p2a: filthy slag
|-boost|p2a: filthy slag|atk|1
|-boost|p2a: filthy slag|spe|1
|
|turn|35
|
|move|p2a: filthy slag|Outrage|p1a: Donphan
|-damage|p1a: Donphan|108\/384
|move|p1a: Donphan|Earthquake|p2a: filthy slag
|-damage|p2a: filthy slag|135\/294
|
|-heal|p1a: Donphan|132\/384|[from] item: Leftovers
|turn|36
|
|move|p1a: Donphan|Ice Shard|p2a: filthy slag
|-supereffective|p2a: filthy slag
|-damage|p2a: filthy slag|57\/294
|move|p2a: filthy slag|Outrage|p1a: Donphan
|-damage|p1a: Donphan|0 fnt
|faint|p1a: Donphan
|
|
|switch|p1a: Florges|Florges, F|351\/360
|turn|37
|
|move|p2a: filthy slag|Outrage|p1a: Florges
|-immune|p1a: Florges|[msg]
|move|p1a: Florges|Moonblast|p2a: filthy slag
|-supereffective|p2a: filthy slag
|-damage|p2a: filthy slag|0 fnt
|faint|p2a: filthy slag
|
|-heal|p1a: Florges|360\/360|[from] item: Leftovers
|
|switch|p2a: wanka|Chesnaught, F, shiny|313\/380 tox
|-activate|p2a: wanka|move: Sticky Web
|-unboost|p2a: wanka|spe|1
|turn|38
|
|move|p1a: Florges|Moonblast|p2a: wanka
|-supereffective|p2a: wanka
|-damage|p2a: wanka|17\/380 tox
|move|p2a: wanka|Leech Seed|p1a: Florges|[miss]
|-miss|p2a: wanka|p1a: Florges
|
|-heal|p2a: wanka|40\/380 tox|[from] item: Leftovers
|-damage|p2a: wanka|17\/380 tox|[from] psn
|turn|39
|
|switch|p2a: knob head|Blissey, F, shiny|704\/704
|-activate|p2a: knob head|move: Sticky Web
|-unboost|p2a: knob head|spe|1
|move|p1a: Florges|Wish|p1a: Florges
|
|turn|40
|
|switch|p1a: Galvantula|Galvantula, M|246\/281
|move|p2a: knob head|Toxic|p1a: Galvantula
|-status|p1a: Galvantula|tox
|
|-heal|p1a: Galvantula|281\/281 tox|[from] move: Wish|[wisher] Florges
|-damage|p1a: Galvantula|264\/281 tox|[from] psn
|turn|41
|
|move|p1a: Galvantula|Thunder|p2a: knob head
|-damage|p2a: knob head|601\/704
|-status|p2a: knob head|par
|move|p2a: knob head|Heal Bell|p2a: knob head
|-cureteam|p2a: knob head|[from] move: HealBell
|
|-heal|p2a: knob head|645\/704|[from] item: Leftovers
|-damage|p1a: Galvantula|230\/281 tox|[from] psn
|turn|42
|
|move|p1a: Galvantula|Thunder|p2a: knob head
|-damage|p2a: knob head|533\/704
|move|p2a: knob head|Wish|p2a: knob head
|
|-heal|p2a: knob head|577\/704|[from] item: Leftovers
|-damage|p1a: Galvantula|179\/281 tox|[from] psn
|turn|43
|
|switch|p1a: Mienshao|Mienshao, F, shiny|271\/271
|move|p2a: knob head|Protect|p2a: knob head
|-fail|p2a: knob head
|
|-heal|p2a: knob head|704\/704|[from] move: Wish|[wisher] knob head
|turn|44
|
|switch|p2a: wanka|Chesnaught, F, shiny|17\/380
|-activate|p2a: wanka|move: Sticky Web
|-unboost|p2a: wanka|spe|1
|move|p1a: Mienshao|Knock Off|p2a: wanka
|-crit|p2a: wanka
|-resisted|p2a: wanka
|-damage|p2a: wanka|0 fnt
|-enditem|p2a: wanka|Leftovers|[from] move: Knock Off|[of] p1a: Mienshao
|-damage|p1a: Mienshao|244\/271|[from] item: Life Orb
|faint|p2a: wanka
|
|
|switch|p2a: chubbs|Blastoise-Mega, F, shiny|213\/362
|-activate|p2a: chubbs|move: Sticky Web
|-unboost|p2a: chubbs|spe|1
|turn|45
|
|move|p1a: Mienshao|U-turn|p2a: chubbs
|-damage|p2a: chubbs|123\/362
|-damage|p1a: Mienshao|217\/271|[from] item: Life Orb
|
|switch|p1a: Galvantula|Galvantula, M|179\/281 tox
|move|p2a: chubbs|Dragon Pulse|p1a: Galvantula
|-damage|p1a: Galvantula|0 fnt
|faint|p1a: Galvantula
|
|
|switch|p1a: Mienshao|Mienshao, F, shiny|271\/271
|turn|46
|
|move|p1a: Mienshao|Fake Out|p2a: chubbs
|-damage|p2a: chubbs|70\/362
|-damage|p1a: Mienshao|244\/271|[from] item: Life Orb
|cant|p2a: chubbs|flinch
|
|turn|47
|
|move|p1a: Mienshao|U-turn|p2a: chubbs
|-damage|p2a: chubbs|0 fnt
|-damage|p1a: Mienshao|217\/271|[from] item: Life Orb
|faint|p2a: chubbs
|
|switch|p1a: Blastoise|Blastoise, M|362\/362
|
|
|switch|p2a: knob head|Blissey, F, shiny|704\/704
|-activate|p2a: knob head|move: Sticky Web
|-unboost|p2a: knob head|spe|1
|turn|48
|
|detailschange|p1a: Blastoise|Blastoise-Mega, M
|message|Blastoise has Mega Evolved into Mega Blastoise!
|move|p1a: Blastoise|Aura Sphere|p2a: knob head
|-supereffective|p2a: knob head
|-damage|p2a: knob head|484\/704
|move|p2a: knob head|Toxic|p1a: Blastoise
|-status|p1a: Blastoise|tox
|
|-heal|p2a: knob head|528\/704|[from] item: Leftovers
|-damage|p1a: Blastoise|340\/362 tox|[from] psn
|turn|49
|
|switch|p1a: Mienshao|Mienshao, F, shiny|271\/271
|move|p2a: knob head|Wish|p2a: knob head
|
|-heal|p2a: knob head|572\/704|[from] item: Leftovers
|turn|50
|
|move|p2a: knob head|Protect|p2a: knob head
|-singleturn|p2a: knob head|Protect
|move|p1a: Mienshao|Fake Out|p2a: knob head
|-activate|p2a: knob head|Protect
|
|-heal|p2a: knob head|704\/704|[from] move: Wish|[wisher] knob head
|turn|51
|
|move|p1a: Mienshao|Knock Off|p2a: knob head
|-damage|p2a: knob head|50\/704
|-enditem|p2a: knob head|Leftovers|[from] move: Knock Off|[of] p1a: Mienshao
|-damage|p1a: Mienshao|244\/271|[from] item: Life Orb
|move|p2a: knob head|Toxic|p1a: Mienshao|[miss]
|-miss|p2a: knob head|p1a: Mienshao
|
|turn|52
|chat|OG_Wanka|-_-
|chat|OG_Wanka|leech seed andtoxic
|
|move|p2a: knob head|Protect|p2a: knob head
|-singleturn|p2a: knob head|Protect
|move|p1a: Mienshao|Knock Off|p2a: knob head
|-activate|p2a: knob head|Protect
|
|turn|53
|chat|GB heraklinos|them hax
|
|move|p2a: knob head|Protect|p2a: knob head
|-fail|p2a: knob head
|move|p1a: Mienshao|Knock Off|p2a: knob head
|-damage|p2a: knob head|0 fnt
|-damage|p1a: Mienshao|217\/271|[from] item: Life Orb
|faint|p2a: knob head
|
|
|switch|p2a: twit|Hydreigon, F, shiny|326\/326
|turn|54
|
|switch|p1a: Florges|Florges, F|360\/360
|move|p2a: twit|Fire Blast|p1a: Florges
|-damage|p1a: Florges|268\/360
|-status|p1a: Florges|brn
|-damage|p2a: twit|294\/326|[from] item: Life Orb
|
|-heal|p1a: Florges|290\/360 brn|[from] item: Leftovers
|-damage|p1a: Florges|245\/360 brn|[from] brn
|turn|55
|
|move|p2a: twit|Superpower|p1a: Florges
|-resisted|p1a: Florges
|-damage|p1a: Florges|158\/360 brn
|-unboost|p2a: twit|atk|1
|-unboost|p2a: twit|def|1
|-damage|p2a: twit|262\/326|[from] item: Life Orb
|move|p1a: Florges|Moonblast|p2a: twit
|-supereffective|p2a: twit
|-damage|p2a: twit|0 fnt
|faint|p2a: twit
|
|win|GB heraklinos
|raw|Ladder updating...