|join|swoledad
|join|OG_Wanka
|player|p1|swoledad|156
|player|p2|OG_Wanka|222
|gametype|singles
|gen|6
|tier|UU
|rated
|rule|Sleep Clause Mod: Limit one foe put to sleep
|rule|Species Clause: Limit one of each PokÃ©mon
|rule|OHKO Clause: OHKO moves are banned
|rule|Moody Clause: Moody is banned
|rule|Evasion Moves Clause: Evasion moves are banned
|rule|Endless Battle Clause: Forcing endless battles is banned
|rule|HP Percentage Mod: HP is reported as percentages
|clearpoke
|poke|p1|Haxorus, M, shiny
|poke|p1|Hydreigon, F
|poke|p1|Aggron, M
|poke|p1|Nidoking, M, shiny
|poke|p1|Sableye, M
|poke|p1|Galvantula, F
|poke|p2|Tornadus, M
|poke|p2|Darmanitan, F
|poke|p2|Magneton
|poke|p2|Hydreigon, F
|poke|p2|Swampert, F
|poke|p2|Honchkrow, M
|rule|Swagger Clause: Swagger is banned
|rule|Baton Pass Clause: Limit one PokÃ©mon knowing Baton Pass
|teampreview
|
|start
|switch|p1a: Galvantula|Galvantula, F|281\/281
|switch|p2a: Swampert|Swampert, F|393\/393
|turn|1
|
|move|p1a: Galvantula|Sticky Web|p2a: Swampert
|-sidestart|p2: OG_Wanka|move: Sticky Web
|move|p2a: Swampert|Stealth Rock|p1a: Galvantula
|-sidestart|p1: swoledad|move: Stealth Rock
|
|turn|2
|
|move|p1a: Galvantula|Bug Buzz|p2a: Swampert
|-damage|p2a: Swampert|258\/393
|move|p2a: Swampert|Roar|p1a: Galvantula
|drag|p1a: Nidoking|Nidoking, M, shiny|304\/304
|-damage|p1a: Nidoking|285\/304|[from] Stealth Rock
|
|-heal|p2a: Swampert|282\/393|[from] item: Leftovers
|turn|3
|
|switch|p1a: Sableye|Sableye, M|304\/304
|-damage|p1a: Sableye|266\/304|[from] Stealth Rock
|move|p2a: Swampert|Waterfall|p1a: Sableye
|-damage|p1a: Sableye|178\/304
|
|-heal|p2a: Swampert|306\/393|[from] item: Leftovers
|-heal|p1a: Sableye|197\/304|[from] item: Leftovers
|turn|4
|
|switch|p2a: Darmanitan|Darmanitan, F|352\/352
|-activate|p2a: Darmanitan|move: Sticky Web
|-unboost|p2a: Darmanitan|spe|1
|move|p1a: Sableye|Will-O-Wisp|p2a: Darmanitan
|-fail|p2a: Darmanitan
|
|-heal|p1a: Sableye|216\/304|[from] item: Leftovers
|turn|5
|
|move|p2a: Darmanitan|Flare Blitz|p1a: Sableye
|-damage|p1a: Sableye|0 fnt
|-damage|p2a: Darmanitan|281\/352|[from] recoil|[of] p1a: Sableye
|faint|p1a: Sableye
|
|
|switch|p1a: Haxorus|Haxorus, M, shiny|333\/333
|-damage|p1a: Haxorus|292\/333|[from] Stealth Rock
|-ability|p1a: Haxorus|Mold Breaker
|turn|6
|
|move|p1a: Haxorus|Earthquake|p2a: Darmanitan
|-supereffective|p2a: Darmanitan
|-damage|p2a: Darmanitan|0 fnt
|faint|p2a: Darmanitan
|
|
|switch|p2a: Hydreigon|Hydreigon, F|326\/326
|turn|7
|
|switch|p1a: Nidoking|Nidoking, M, shiny|285\/304
|-damage|p1a: Nidoking|266\/304|[from] Stealth Rock
|move|p2a: Hydreigon|Draco Meteor|p1a: Nidoking
|-damage|p1a: Nidoking|0 fnt
|-unboost|p2a: Hydreigon|spa|2
|faint|p1a: Nidoking
|
|
|switch|p1a: Hydreigon|Hydreigon, F|326\/326
|-damage|p1a: Hydreigon|286\/326|[from] Stealth Rock
|turn|8
|
|switch|p2a: Swampert|Swampert, F|306\/393
|-activate|p2a: Swampert|move: Sticky Web
|-unboost|p2a: Swampert|spe|1
|move|p1a: Hydreigon|Draco Meteor|p2a: Swampert
|-damage|p2a: Swampert|0 fnt
|-unboost|p1a: Hydreigon|spa|2
|-damage|p1a: Hydreigon|254\/326|[from] item: Life Orb
|faint|p2a: Swampert
|
|
|switch|p2a: Tornadus|Tornadus, M|299\/299
|turn|9
|
|switch|p1a: Aggron|Aggron, M|282\/282
|-damage|p1a: Aggron|265\/282|[from] Stealth Rock
|move|p2a: Tornadus|Superpower|p1a: Aggron
|-supereffective|p1a: Aggron
|-damage|p1a: Aggron|0 fnt
|-unboost|p2a: Tornadus|atk|1
|-unboost|p2a: Tornadus|def|1
|faint|p1a: Aggron
|
|
|switch|p1a: Galvantula|Galvantula, F|281\/281
|-damage|p1a: Galvantula|211\/281|[from] Stealth Rock
|turn|10
|
|move|p2a: Tornadus|Aerial Ace|p1a: Galvantula
|-damage|p1a: Galvantula|103\/281
|move|p1a: Galvantula|Thunder|p2a: Tornadus
|-supereffective|p2a: Tornadus
|-damage|p2a: Tornadus|47\/299
|
|turn|11
|
|move|p2a: Tornadus|U-turn|p1a: Galvantula
|-damage|p1a: Galvantula|27\/281
|
|switch|p2a: Magneton|Magneton|304\/304
|-activate|p2a: Magneton|move: Sticky Web
|-unboost|p2a: Magneton|spe|1
|move|p1a: Galvantula|Volt Switch|p2a: Magneton
|-resisted|p2a: Magneton
|-damage|p2a: Magneton|238\/304
|
|switch|p1a: Hydreigon|Hydreigon, F|254\/326
|-damage|p1a: Hydreigon|214\/326|[from] Stealth Rock
|
|turn|12
|
|move|p1a: Hydreigon|Fire Blast|p2a: Magneton
|-supereffective|p2a: Magneton
|-damage|p2a: Magneton|0 fnt
|-damage|p1a: Hydreigon|182\/326|[from] item: Life Orb
|faint|p2a: Magneton
|
|
|switch|p2a: Tornadus|Tornadus, M|47\/299
|turn|13
|
|move|p2a: Tornadus|U-turn|p1a: Hydreigon
|-supereffective|p1a: Hydreigon
|-damage|p1a: Hydreigon|16\/326
|
|switch|p2a: Honchkrow|Honchkrow, M|342\/342
|move|p1a: Hydreigon|Dark Pulse|p2a: Honchkrow
|-resisted|p2a: Honchkrow
|-damage|p2a: Honchkrow|199\/342
|-damage|p1a: Hydreigon|0 fnt|[from] item: Life Orb
|faint|p1a: Hydreigon
|
|
|switch|p1a: Haxorus|Haxorus, M, shiny|292\/333
|-damage|p1a: Haxorus|251\/333|[from] Stealth Rock
|-ability|p1a: Haxorus|Mold Breaker
|turn|14
|
|move|p1a: Haxorus|Dragon Dance|p1a: Haxorus
|-boost|p1a: Haxorus|atk|1
|-boost|p1a: Haxorus|spe|1
|move|p2a: Honchkrow|Brave Bird|p1a: Haxorus
|-damage|p1a: Haxorus|0 fnt
|-damage|p2a: Honchkrow|116\/342|[from] recoil|[of] p1a: Haxorus
|-damage|p2a: Honchkrow|82\/342|[from] item: Life Orb
|faint|p1a: Haxorus
|-boost|p2a: Honchkrow|atk|1|[from] ability: Moxie
|
|
|switch|p1a: Galvantula|Galvantula, F|27\/281
|-damage|p1a: Galvantula|0 fnt|[from] Stealth Rock
|faint|p1a: Galvantula
|
|win|OG_Wanka
|raw|Ladder updating...
|chat|OG_Wanka|gg
|leave|swoledad
|player|p1
|raw|swoledad's rating: 1256 &rarr; <strong>1234<\/strong><br \/>(-22 for losing)
|raw|OG_Wanka's rating: 1300 &rarr; <strong>1318<\/strong><br \/>(+18 for winning)