|join|Umbreeown
|join|OG_Wanka
|player|p1|Umbreeown|25
|player|p2|OG_Wanka|52
|gametype|singles
|gen|6
|tier|UU
|rated
|rule|Sleep Clause Mod: Limit one foe put to sleep
|rule|Species Clause: Limit one of each PokÃ©mon
|rule|OHKO Clause: OHKO moves are banned
|rule|Moody Clause: Moody is banned
|rule|Evasion Moves Clause: Evasion moves are banned
|rule|Endless Battle Clause: Forcing endless battles is banned
|rule|HP Percentage Mod: HP is shown in percentages
|clearpoke
|poke|p1|Dragalge, F
|poke|p1|Florges, F
|poke|p1|Umbreon, M
|poke|p1|Starmie, shiny
|poke|p1|Rotom-Heat, shiny
|poke|p1|Aggron, M
|poke|p2|Altaria, M, shiny
|poke|p2|Blissey, F
|poke|p2|Jellicent, M
|poke|p2|Tentacruel, F
|poke|p2|Hydreigon, F
|poke|p2|Forretress, F
|rule|Swagger Clause: Swagger is banned
|rule|Baton Pass Clause: Limit one PokÃ©mon knowing Baton Pass
|teampreview
|
|start
|switch|p1a: Rotom-Heat|Rotom-Heat, shiny|303\/303
|switch|p2a: Forretress|Forretress, F|354\/354
|turn|1
|
|move|p1a: Rotom-Heat|Will-O-Wisp|p2a: Forretress
|-status|p2a: Forretress|brn
|move|p2a: Forretress|Stealth Rock|p1a: Rotom-Heat
|-sidestart|p1: Umbreeown|move: Stealth Rock
|
|-damage|p2a: Forretress|310\/354 brn|[from] brn
|turn|2
|
|switch|p2a: Blissey|Blissey, F|714\/714
|move|p1a: Rotom-Heat|Volt Switch|p2a: Blissey
|-damage|p2a: Blissey|659\/714
|
|switch|p1a: Starmie|Starmie, shiny|261\/261
|-damage|p1a: Starmie|229\/261|[from] Stealth Rock
|
|-heal|p2a: Blissey|703\/714|[from] item: Leftovers
|turn|3
|
|move|p1a: Starmie|Psyshock|p2a: Blissey
|-damage|p2a: Blissey|422\/714
|-damage|p1a: Starmie|203\/261|[from] item: Life Orb
|move|p2a: Blissey|Wish|p2a: Blissey
|
|-heal|p2a: Blissey|466\/714|[from] item: Leftovers
|turn|4
|
|move|p1a: Starmie|Rapid Spin|p2a: Blissey
|-damage|p2a: Blissey|441\/714
|-sideend|p1: Umbreeown|Stealth Rock|[from] move: Rapid Spin|[of] p1a: Starmie
|-damage|p1a: Starmie|177\/261|[from] item: Life Orb
|move|p2a: Blissey|Seismic Toss|p1a: Starmie
|-damage|p1a: Starmie|77\/261
|
|-heal|p2a: Blissey|714\/714|[from] move: Wish|[wisher] Blissey
|turn|5
|
|move|p1a: Starmie|Recover|p1a: Starmie
|-heal|p1a: Starmie|208\/261
|move|p2a: Blissey|Wish|p2a: Blissey
|
|turn|6
|
|switch|p2a: Hydreigon|Hydreigon, F|325\/325
|move|p1a: Starmie|Recover|p1a: Starmie
|-heal|p1a: Starmie|261\/261
|
|turn|7
|
|switch|p1a: Florges|Florges, F|335\/335
|switch|p2a: Tentacruel|Tentacruel, F|359\/359
|
|turn|8
|
|move|p2a: Tentacruel|Toxic Spikes|p1a: Florges
|-sidestart|p1: Umbreeown|move: Toxic Spikes
|move|p1a: Florges|Psychic|p2a: Tentacruel
|-supereffective|p2a: Tentacruel
|-damage|p2a: Tentacruel|103\/359
|
|-heal|p2a: Tentacruel|125\/359|[from] item: Black Sludge
|turn|9
|
|switch|p2a: Blissey|Blissey, F|714\/714
|switch|p1a: Dragalge|Dragalge, F|334\/334
|-sideend|p1: Umbreeown|move: Toxic Spikes|[of] p1a: Dragalge
|
|turn|10
|join|Volbeatdown
|
|switch|p1a: Starmie|Starmie, shiny|261\/261
|move|p2a: Blissey|Wish|p2a: Blissey
|
|turn|11
|
|switch|p2a: Jellicent|Jellicent, M|395\/395
|move|p1a: Starmie|Psyshock|p2a: Jellicent
|-damage|p2a: Jellicent|106\/395
|-damage|p1a: Starmie|235\/261|[from] item: Life Orb
|
|-heal|p2a: Jellicent|395\/395|[from] move: Wish|[wisher] Blissey
|turn|12
|
|switch|p1a: Rotom-Heat|Rotom-Heat, shiny|303\/303
|switch|p2a: Blissey|Blissey, F|714\/714
|
|turn|13
|
|move|p1a: Rotom-Heat|Volt Switch|p2a: Blissey
|-damage|p2a: Blissey|657\/714
|
|switch|p1a: Aggron|Aggron, M|344\/344
|move|p2a: Blissey|Seismic Toss|p1a: Aggron
|-damage|p1a: Aggron|244\/344
|
|-heal|p2a: Blissey|701\/714|[from] item: Leftovers
|turn|14
|
|detailschange|p1a: Aggron|Aggron-Mega, M
|message|Aggron has Mega Evolved into Mega Aggron!
|move|p2a: Blissey|Wish|p2a: Blissey
|move|p1a: Aggron|Stealth Rock|p2a: Blissey
|-sidestart|p2: OG_Wanka|move: Stealth Rock
|
|-heal|p2a: Blissey|714\/714|[from] item: Leftovers
|turn|15
|
|move|p2a: Blissey|Seismic Toss|p1a: Aggron
|-damage|p1a: Aggron|144\/344
|move|p1a: Aggron|Earthquake|p2a: Blissey
|-damage|p2a: Blissey|514\/714
|
|-heal|p2a: Blissey|714\/714|[from] move: Wish|[wisher] Blissey
|turn|16
|
|switch|p1a: Florges|Florges, F|335\/335
|move|p2a: Blissey|Seismic Toss|p1a: Florges
|-damage|p1a: Florges|235\/335
|
|turn|17
|
|switch|p1a: Umbreon|Umbreon, M|394\/394
|move|p2a: Blissey|Wish|p2a: Blissey
|
|turn|18
|
|switch|p2a: Tentacruel|Tentacruel, F|125\/359
|-damage|p2a: Tentacruel|81\/359|[from] Stealth Rock
|move|p1a: Umbreon|Wish|p1a: Umbreon
|
|-heal|p2a: Tentacruel|359\/359|[from] move: Wish|[wisher] Blissey
|turn|19
|
|switch|p1a: Florges|Florges, F|235\/335
|move|p2a: Tentacruel|Rapid Spin|p1a: Florges
|-damage|p1a: Florges|220\/335
|-sideend|p2: OG_Wanka|Stealth Rock|[from] move: Rapid Spin|[of] p2a: Tentacruel
|
|-heal|p1a: Florges|335\/335|[from] move: Wish|[wisher] Umbreon
|turn|20
|
|switch|p2a: Blissey|Blissey, F|714\/714
|move|p1a: Florges|Moonblast|p2a: Blissey
|-damage|p2a: Blissey|534\/714
|-unboost|p2a: Blissey|spa|1
|
|-heal|p2a: Blissey|578\/714|[from] item: Leftovers
|turn|21
|
|switch|p1a: Umbreon|Umbreon, M|394\/394
|move|p2a: Blissey|Wish|p2a: Blissey
|
|-heal|p2a: Blissey|622\/714|[from] item: Leftovers
|turn|22
|
|switch|p2a: Altaria|Altaria, M, shiny|309\/309
|move|p1a: Umbreon|Wish|p1a: Umbreon
|
|turn|23
|
|switch|p2a: Jellicent|Jellicent, M|395\/395
|switch|p1a: Aggron|Aggron-Mega, M|144\/344
|
|-heal|p1a: Aggron|341\/344|[from] move: Wish|[wisher] Umbreon
|turn|24
|
|switch|p1a: Rotom-Heat|Rotom-Heat, shiny|303\/303
|move|p2a: Jellicent|Will-O-Wisp|p1a: Rotom-Heat
|-fail|p1a: Rotom-Heat
|
|turn|25
|
|switch|p2a: Tentacruel|Tentacruel, F|359\/359
|move|p1a: Rotom-Heat|Volt Switch|p2a: Tentacruel
|-supereffective|p2a: Tentacruel
|-damage|p2a: Tentacruel|231\/359
|
|switch|p1a: Starmie|Starmie, shiny|235\/261
|
|-heal|p2a: Tentacruel|253\/359|[from] item: Black Sludge
|turn|26
|
|switch|p2a: Blissey|Blissey, F|622\/714
|move|p1a: Starmie|Hydro Pump|p2a: Blissey|[miss]
|-miss|p1a: Starmie|p2a: Blissey
|
|-heal|p2a: Blissey|666\/714|[from] item: Leftovers
|turn|27
|
|move|p1a: Starmie|Psyshock|p2a: Blissey
|-damage|p2a: Blissey|362\/714
|-damage|p1a: Starmie|209\/261|[from] item: Life Orb
|move|p2a: Blissey|Wish|p2a: Blissey
|
|-heal|p2a: Blissey|406\/714|[from] item: Leftovers
|turn|28
|
|move|p2a: Blissey|Protect|p2a: Blissey
|-singleturn|p2a: Blissey|Protect
|move|p1a: Starmie|Psyshock|p2a: Blissey
|-activate|p2a: Blissey|Protect
|
|-heal|p2a: Blissey|714\/714|[from] move: Wish|[wisher] Blissey
|turn|29
|
|move|p1a: Starmie|Psyshock|p2a: Blissey
|-damage|p2a: Blissey|401\/714
|-damage|p1a: Starmie|183\/261|[from] item: Life Orb
|move|p2a: Blissey|Wish|p2a: Blissey
|
|-heal|p2a: Blissey|445\/714|[from] item: Leftovers
|turn|30
|
|move|p1a: Starmie|Psyshock|p2a: Blissey
|-crit|p2a: Blissey
|-damage|p2a: Blissey|0 fnt
|-damage|p1a: Starmie|157\/261|[from] item: Life Orb
|faint|p2a: Blissey
|
|join|I3Magikarp
|c| I3Magikarp|go wanka
|c|âOG_Wanka|lol
|c|âOG_Wanka|srry but blisseys down
|c|âUmbreeown|well oops
|c|âOG_Wanka|he critted meh
|
|switch|p2a: Altaria|Altaria, M, shiny|309\/309
|turn|31
|c|âUmbreeown|sue me, not the game clearly
|
|switch|p1a: Rotom-Heat|Rotom-Heat, shiny|303\/303
|detailschange|p2a: Altaria|Altaria-Mega, M, shiny
|message|Altaria has Mega Evolved into Mega Altaria!
|move|p2a: Altaria|Dragon Dance|p2a: Altaria
|-boost|p2a: Altaria|atk|1
|-boost|p2a: Altaria|spe|1
|
|turn|32
|c|âOG_Wanka|i didnt say it was your fault
|c|âOG_Wanka|-.-
|c| I3Magikarp|You should win with Altaria.
|c|âOG_Wanka|stfu and play
|c|âUmbreeown|âOG_Wanka: he critted meh
|c| I3Magikarp|That's the RNG he's blaming.
|c|âOG_Wanka|it wasnt directed toward you
|c|âOG_Wanka|-.-
|c| I3Magikarp|Not you.
|c|âUmbreeown|who then
|
|switch|p2a: Hydreigon|Hydreigon, F|325\/325
|move|p1a: Rotom-Heat|Will-O-Wisp|p2a: Hydreigon
|-status|p2a: Hydreigon|brn
|
|-damage|p2a: Hydreigon|285\/325 brn|[from] brn
|turn|33
|c| I3Magikarp|The RNG
|c|âUmbreeown|K
|c| I3Magikarp|(Random Number Generator)
|c| I3Magikarp|if you didn't know
|c|âUmbreeown|i did know
|c| Volbeatdown|its what determines hax
|c| Volbeatdown|can you say hax
|c| Volbeatdown|h-aaaa-x
|-message|OG_Wanka forfeited.
|
|win|Umbreeown
|raw|Ladder updating...
|leave|OG_Wanka
|player|p2
|leave|I3Magikarp