|join|OG_Wanka
|join|LiberalLucario
|player|p1|OG_Wanka|169
|player|p2|LiberalLucario|219
|gametype|singles
|gen|6
|tier|UU
|rule|Sleep Clause Mod: Limit one foe put to sleep
|rule|Species Clause: Limit one of each PokÃ©mon
|rule|OHKO Clause: OHKO moves are banned
|rule|Moody Clause: Moody is banned
|rule|Evasion Moves Clause: Evasion moves are banned
|rule|Endless Battle Clause: Forcing endless battles is banned
|rule|HP Percentage Mod: HP is shown in percentages
|clearpoke
|poke|p1|Piloswine, M
|poke|p1|Jirachi
|poke|p1|Mienshao, F
|poke|p1|Rotom-Heat
|poke|p1|Roserade, M
|poke|p1|Blastoise, F
|poke|p2|Flygon, M
|poke|p2|Jirachi
|poke|p2|Aromatisse, F
|poke|p2|Houndoom, F
|poke|p2|Whimsicott, F
|poke|p2|Starmie
|rule|Swagger Clause: Swagger is banned
|rule|Baton Pass Clause: Limit one PokÃ©mon knowing Baton Pass
|teampreview
|c|âLiberalLucario|k
|c|âOG_Wanka|jeez
|c|âOG_Wanka|you scare me when you make teams like these
|c|âLiberalLucario|:]
|c|âOG_Wanka|they look bad but are rrly good
|c|âLiberalLucario|this team is so fucking solid
|
|start
|switch|p1a: Rotom-Heat|Rotom-Heat|241\/241
|switch|p2a: Jirachi|Jirachi|341\/341
|turn|1
|
|switch|p2a: Starmie|Starmie|324\/324
|move|p1a: Rotom-Heat|Volt Switch|p2a: Starmie
|-supereffective|p2a: Starmie
|-damage|p2a: Starmie|0 fnt
|faint|p2a: Starmie
|c|âLiberalLucario|oh
|c|âOG_Wanka|oof
|c|âLiberalLucario|you made it offensive
|c|âOG_Wanka|specs
|c|âLiberalLucario|fku
|c|âLiberalLucario|i thought it was still helmet
|c|âOG_Wanka|XD
|c|âOG_Wanka|i tricked his forry
|c|âOG_Wanka|thts how i got helmet
|c|âLiberalLucario|oh
|
|switch|p1a: Blastoise|Blastoise, F|332\/332
|
|c|âLiberalLucario|call hax
|
|switch|p2a: Whimsicott|Whimsicott, F|261\/261
|turn|2
|c|âOG_Wanka|haha
|join|secret kekleon
|join|waiv
|
|switch|p1a: Roserade|Roserade, M|261\/261
|move|p2a: Whimsicott|U-turn|p1a: Roserade
|-damage|p1a: Roserade|202\/261
|
|switch|p2a: Houndoom|Houndoom, F|292\/292
|
|-heal|p1a: Roserade|218\/261|[from] item: Black Sludge
|turn|3
|
|detailschange|p2a: Houndoom|Houndoom-Mega, F
|message|Houndoom has Mega Evolved into Mega Houndoom!
|move|p2a: Houndoom|Dark Pulse|p1a: Roserade
|-damage|p1a: Roserade|94\/261
|move|p1a: Roserade|Sleep Powder|p2a: Houndoom
|-status|p2a: Houndoom|slp
|
|-heal|p1a: Roserade|110\/261|[from] item: Black Sludge
|turn|4
|c|âLiberalLucario|plays tbh
|c|âOG_Wanka|teehee
|
|switch|p2a: Jirachi|Jirachi|341\/341
|move|p1a: Roserade|Toxic Spikes|p2a: Jirachi
|-sidestart|p2: LiberalLucario|move: Toxic Spikes
|
|-heal|p1a: Roserade|126\/261|[from] item: Black Sludge
|turn|5
|
|switch|p1a: Rotom-Heat|Rotom-Heat|241\/241
|move|p2a: Jirachi|Stealth Rock|p1a: Rotom-Heat
|-sidestart|p1: OG_Wanka|move: Stealth Rock
|
|turn|6
|
|move|p2a: Jirachi|U-turn|p1a: Rotom-Heat
|-resisted|p1a: Rotom-Heat
|-damage|p1a: Rotom-Heat|211\/241
|
|switch|p2a: Flygon|Flygon, M|301\/301
|move|p1a: Rotom-Heat|Trick|p2a: Flygon
|-activate|p1a: Rotom-Heat|move: Trick|[of] p2a: Flygon
|-item|p2a: Flygon|Choice Specs|[from] move: Trick
|-item|p1a: Rotom-Heat|Choice Scarf|[from] move: Trick
|
|turn|7
|join|DrReuniclus3
|c|âOG_Wanka|max speed rocks
|c|âOG_Wanka|nb
|c|âLiberalLucario|ah based specs
|
|move|p1a: Rotom-Heat|Will-O-Wisp|p2a: Flygon
|-status|p2a: Flygon|brn
|move|p2a: Flygon|Earthquake|p1a: Rotom-Heat
|-immune|p1a: Rotom-Heat|[msg]
|
|-damage|p2a: Flygon|264\/301 brn|[from] brn
|turn|8
|c|âLiberalLucario|you
|c|âOG_Wanka|bruh
|c|âLiberalLucario|locked
|c|âLiberalLucario|urself
|c|âLiberalLucario|into
|c|âLiberalLucario|willo
|c|âOG_Wanka|haha
|c|âLiberalLucario|wat
|c|âOG_Wanka|i did
|
|switch|p2a: Aromatisse|Aromatisse, F|406\/406
|-status|p2a: Aromatisse|psn
|move|p1a: Rotom-Heat|Will-O-Wisp|p2a: Aromatisse|[miss]
|-miss|p1a: Rotom-Heat|p2a: Aromatisse
|
|-damage|p2a: Aromatisse|356\/406 psn|[from] psn
|turn|9
|c|âOG_Wanka|predonked
|c|âOG_Wanka|haha
|
|switch|p1a: Jirachi|Jirachi|342\/342
|-damage|p1a: Jirachi|321\/342|[from] Stealth Rock
|move|p2a: Aromatisse|Aromatherapy|p2a: Aromatisse
|-cureteam|p2a: Aromatisse|[from] move: Aromatherapy
|
|-heal|p1a: Jirachi|342\/342|[from] item: Leftovers
|-heal|p2a: Aromatisse|381\/406|[from] item: Leftovers
|turn|10
|
|move|p2a: Aromatisse|Protect|p2a: Aromatisse
|-singleturn|p2a: Aromatisse|Protect
|move|p1a: Jirachi|Substitute|p1a: Jirachi
|-start|p1a: Jirachi|Substitute
|-damage|p1a: Jirachi|257\/342
|
|-heal|p1a: Jirachi|278\/342|[from] item: Leftovers
|-heal|p2a: Aromatisse|406\/406|[from] item: Leftovers
|turn|11
|c|âOG_Wanka|SUPER RACHI
|
|switch|p2a: Jirachi|Jirachi|341\/341
|move|p1a: Jirachi|Body Slam|p2a: Jirachi
|-resisted|p2a: Jirachi
|-damage|p2a: Jirachi|296\/341
|-status|p2a: Jirachi|par
|
|-heal|p1a: Jirachi|299\/342|[from] item: Leftovers
|-heal|p2a: Jirachi|317\/341 par|[from] item: Leftovers
|turn|12
|c|âLiberalLucario|that is not superrachi
|c|âLiberalLucario|not at all
|c|âOG_Wanka|ik
|c| secret kekleon|rekt
|c|âOG_Wanka|hes my super rachi
|c|âOG_Wanka|dun make fun of him
|
|move|p1a: Jirachi|Iron Head|p2a: Jirachi
|-resisted|p2a: Jirachi
|-damage|p2a: Jirachi|252\/341 par
|move|p2a: Jirachi|Fire Punch|p1a: Jirachi
|-supereffective|p1a: Jirachi
|-end|p1a: Jirachi|Substitute
|
|-heal|p1a: Jirachi|320\/342|[from] item: Leftovers
|-heal|p2a: Jirachi|273\/341 par|[from] item: Leftovers
|turn|13
|c| waiv|luke
|c|âOG_Wanka|nice n break thru
|c|âOG_Wanka|first try
|c| waiv|i havn't seen u in ages
|c| waiv|how r u
|c|âLiberalLucario|k
|c|âLiberalLucario|im good
|c|âLiberalLucario|u?
|
|move|p1a: Jirachi|Iron Head|p2a: Jirachi
|-resisted|p2a: Jirachi
|-damage|p2a: Jirachi|213\/341 par
|move|p2a: Jirachi|Fire Punch|p1a: Jirachi
|-crit|p1a: Jirachi
|-supereffective|p1a: Jirachi
|-damage|p1a: Jirachi|108\/342
|
|-heal|p1a: Jirachi|129\/342|[from] item: Leftovers
|-heal|p2a: Jirachi|234\/341 par|[from] item: Leftovers
|turn|14
|c| waiv|nbnb
|c|âLiberalLucario|burn?
|c|âLiberalLucario|aww
|c|âOG_Wanka|fuk you
|c|âOG_Wanka|stop breaking thru
|
|move|p1a: Jirachi|Iron Head|p2a: Jirachi
|-resisted|p2a: Jirachi
|-damage|p2a: Jirachi|174\/341 par
|move|p2a: Jirachi|Fire Punch|p1a: Jirachi
|-supereffective|p1a: Jirachi
|-damage|p1a: Jirachi|0 fnt
|faint|p1a: Jirachi
|
|-heal|p2a: Jirachi|195\/341 par|[from] item: Leftovers
|c|âLiberalLucario|LOLOLOLL
|c|âOG_Wanka|fuk
|c| DrReuniclus3|k
|c|âLiberalLucario|REKT
|c|âOG_Wanka|hax
|c|âLiberalLucario|"hax"
|
|switch|p1a: Piloswine|Piloswine, M|404\/404
|-damage|p1a: Piloswine|354\/404|[from] Stealth Rock
|turn|15
|c|âLiberalLucario|"using body slam jirachi"
|c|âOG_Wanka|XD
|c|âOG_Wanka|haha
|c|âOG_Wanka|nice spinner
|
|switch|p2a: Whimsicott|Whimsicott, F|261\/261
|-status|p2a: Whimsicott|psn
|move|p1a: Piloswine|Stealth Rock|p2a: Whimsicott
|-sidestart|p2: LiberalLucario|move: Stealth Rock
|
|-damage|p2a: Whimsicott|229\/261 psn|[from] psn
|turn|16
|c|âOG_Wanka|btw
|c| waiv|disgusting
|c|âLiberalLucario|i have one
|c|âLiberalLucario|it just died
|c|âOG_Wanka|ik
|
|switch|p1a: Rotom-Heat|Rotom-Heat|211\/241
|-damage|p1a: Rotom-Heat|151\/241|[from] Stealth Rock
|move|p2a: Whimsicott|Giga Drain|p1a: Rotom-Heat
|-crit|p1a: Rotom-Heat
|-resisted|p1a: Rotom-Heat
|-damage|p1a: Rotom-Heat|79\/241
|-heal|p2a: Whimsicott|261\/261 psn|[from] drain|[of] p1a: Rotom-Heat
|
|-damage|p2a: Whimsicott|229\/261 psn|[from] psn
|turn|17
|c|âOG_Wanka|nice encor
|c|âOG_Wanka|or nah
|c|âLiberalLucario|nop
|
|switch|p2a: Flygon|Flygon, M|264\/301
|-damage|p2a: Flygon|246\/301|[from] Stealth Rock
|move|p1a: Rotom-Heat|Volt Switch|p2a: Flygon
|-immune|p2a: Flygon|[msg]
|
|turn|18
|c|âLiberalLucario|r-rekt
|c|âOG_Wanka|fak
|c| waiv|rekt
|c| waiv|nb 
|
|move|p1a: Rotom-Heat|Volt Switch|p2a: Flygon
|-immune|p2a: Flygon|[msg]
|move|p2a: Flygon|Earthquake|p1a: Rotom-Heat
|-immune|p1a: Rotom-Heat|[msg]
|
|turn|19
|c|âOG_Wanka|XD
|c| DrReuniclus3|kek
|c| DrReuniclus3|nb
|c|âOG_Wanka|i have more volt switches
|c| waiv|pp war tbh
|c|âOG_Wanka|try me
|
|move|p1a: Rotom-Heat|Volt Switch|p2a: Flygon
|-immune|p2a: Flygon|[msg]
|move|p2a: Flygon|Earthquake|p1a: Rotom-Heat
|-immune|p1a: Rotom-Heat|[msg]
|
|turn|20
|c|âOG_Wanka|32>16
|c|âLiberalLucario|really
|c|âLiberalLucario|fucking scrub
|
|switch|p2a: Jirachi|Jirachi|195\/341 par
|-damage|p2a: Jirachi|174\/341 par|[from] Stealth Rock
|move|p1a: Rotom-Heat|Volt Switch|p2a: Jirachi
|-damage|p2a: Jirachi|60\/341 par
|
|switch|p1a: Piloswine|Piloswine, M|354\/404
|-damage|p1a: Piloswine|304\/404|[from] Stealth Rock
|
|-heal|p2a: Jirachi|81\/341 par|[from] item: Leftovers
|turn|21
|c|âOG_Wanka|fkn
|
|move|p1a: Piloswine|Earthquake|p2a: Jirachi
|-supereffective|p2a: Jirachi
|-damage|p2a: Jirachi|0 fnt
|faint|p2a: Jirachi
|
|
|switch|p2a: Whimsicott|Whimsicott, F|229\/261 psn
|-damage|p2a: Whimsicott|197\/261 psn|[from] Stealth Rock
|turn|22
|
|move|p2a: Whimsicott|Encore|p1a: Piloswine
|-start|p1a: Piloswine|Encore
|move|p1a: Piloswine|Earthquake|p2a: Whimsicott
|-crit|p2a: Whimsicott
|-resisted|p2a: Whimsicott
|-damage|p2a: Whimsicott|104\/261 psn
|
|-heal|p2a: Whimsicott|120\/261 psn|[from] item: Leftovers
|-damage|p2a: Whimsicott|88\/261 psn|[from] psn
|turn|23
|c|âOG_Wanka|fuk
|c| waiv|nbnbnbnnbnb
|
|move|p2a: Whimsicott|U-turn|p1a: Piloswine
|-damage|p1a: Piloswine|279\/404
|c|âLiberalLucario|o
|c|âOG_Wanka|nb pilo
|
|switch|p2a: Flygon|Flygon, M|246\/301
|-damage|p2a: Flygon|228\/301|[from] Stealth Rock
|move|p1a: Piloswine|Earthquake|p2a: Flygon
|-immune|p2a: Flygon|[msg]
|
|turn|24
|c|âOG_Wanka|nb
|c|âOG_Wanka|pilo says yum
|
|move|p2a: Flygon|Fire Punch|p1a: Piloswine
|-supereffective|p1a: Piloswine
|-damage|p1a: Piloswine|233\/404
|move|p1a: Piloswine|Earthquake|p2a: Flygon
|-immune|p2a: Flygon|[msg]
|
|-end|p1a: Piloswine|Encore
|turn|25
|c|âOG_Wanka|domoge
|c|âLiberalLucario|that did
|c|âLiberalLucario|nothing..
|
|switch|p2a: Aromatisse|Aromatisse, F|406\/406
|-damage|p2a: Aromatisse|356\/406|[from] Stealth Rock
|-status|p2a: Aromatisse|psn
|move|p1a: Piloswine|Ice Shard|p2a: Aromatisse
|-damage|p2a: Aromatisse|316\/406 psn
|
|-heal|p2a: Aromatisse|341\/406 psn|[from] item: Leftovers
|-damage|p2a: Aromatisse|291\/406 psn|[from] psn
|turn|26
|
|move|p2a: Aromatisse|Wish|p2a: Aromatisse
|move|p1a: Piloswine|Avalanche|p2a: Aromatisse
|-damage|p2a: Aromatisse|227\/406 psn
|
|-heal|p2a: Aromatisse|252\/406 psn|[from] item: Leftovers
|-damage|p2a: Aromatisse|202\/406 psn|[from] psn
|turn|27
|
|move|p1a: Piloswine|Earthquake|p2a: Aromatisse
|-damage|p2a: Aromatisse|99\/406 psn
|move|p2a: Aromatisse|Aromatherapy|p2a: Aromatisse
|-cureteam|p2a: Aromatisse|[from] move: Aromatherapy
|
|-heal|p2a: Aromatisse|302\/406|[from] move: Wish|[wisher] Aromatisse
|-heal|p2a: Aromatisse|327\/406|[from] item: Leftovers
|turn|28
|
|switch|p1a: Roserade|Roserade, M|126\/261
|-damage|p1a: Roserade|94\/261|[from] Stealth Rock
|move|p2a: Aromatisse|Wish|p2a: Aromatisse
|
|-heal|p1a: Roserade|110\/261|[from] item: Black Sludge
|-heal|p2a: Aromatisse|352\/406|[from] item: Leftovers
|turn|29
|
|switch|p2a: Houndoom|Houndoom-Mega, F|292\/292
|-damage|p2a: Houndoom|219\/292|[from] Stealth Rock
|-status|p2a: Houndoom|psn
|move|p1a: Roserade|Sleep Powder|p2a: Houndoom|[miss]
|-miss|p1a: Roserade|p2a: Houndoom
|
|-heal|p2a: Houndoom|292\/292 psn|[from] move: Wish|[wisher] Aromatisse
|-heal|p1a: Roserade|126\/261|[from] item: Black Sludge
|-damage|p2a: Houndoom|256\/292 psn|[from] psn
|turn|30
|c|âLiberalLucario|nice miss!!
|c|âOG_Wanka|o
|c| DrReuniclus3|Poisoned tho
|c| waiv|GG
|
|switch|p1a: Rotom-Heat|Rotom-Heat|79\/241
|-damage|p1a: Rotom-Heat|19\/241|[from] Stealth Rock
|move|p2a: Houndoom|Dark Pulse|p1a: Rotom-Heat
|-damage|p1a: Rotom-Heat|0 fnt
|faint|p1a: Rotom-Heat
|
|-damage|p2a: Houndoom|220\/292 psn|[from] psn
|c|âLiberalLucario|not gg
|c|âLiberalLucario|lol
|
|switch|p1a: Blastoise|Blastoise, F|332\/332
|-damage|p1a: Blastoise|291\/332|[from] Stealth Rock
|turn|31
|c| waiv|y u not nasty
|c| waiv|:|
|c|âLiberalLucario|i am
|c|âLiberalLucario|but there was no reason to nasty
|c|âOG_Wanka|cause ive benn making dumb plays all game
|c| waiv|lol
|c| waiv|k
|c|âOG_Wanka|nolan this is wht happens when you verse me
|
|detailschange|p1a: Blastoise|Blastoise-Mega, F
|message|Blastoise has Mega Evolved into Mega Blastoise!
|move|p2a: Houndoom|Destiny Bond|p2a: Houndoom
|-singlemove|p2a: Houndoom|Destiny Bond
|move|p1a: Blastoise|Rapid Spin|p2a: Houndoom
|-damage|p2a: Houndoom|204\/292 psn
|-sideend|p1: OG_Wanka|Stealth Rock|[from] move: Rapid Spin|[of] p1a: Blastoise
|
|-damage|p2a: Houndoom|168\/292 psn|[from] psn
|turn|32
|c|âOG_Wanka|i predict weird shit
|c| waiv|nb
|c|âLiberalLucario|k
|
|switch|p1a: Piloswine|Piloswine, M|233\/404
|move|p2a: Houndoom|Destiny Bond|p2a: Houndoom
|-singlemove|p2a: Houndoom|Destiny Bond
|
|-damage|p2a: Houndoom|132\/292 psn|[from] psn
|turn|33
|c|âOG_Wanka|eat this fire blast
|c|âOG_Wanka|real quick
|
|move|p1a: Piloswine|Ice Shard|p2a: Houndoom
|-crit|p2a: Houndoom
|-resisted|p2a: Houndoom
|-damage|p2a: Houndoom|91\/292 psn
|move|p2a: Houndoom|Fire Blast|p1a: Piloswine
|-supereffective|p1a: Piloswine
|-damage|p1a: Piloswine|27\/404
|
|-damage|p2a: Houndoom|55\/292 psn|[from] psn
|turn|34
|c|âLiberalLucario|uwot!!!!
|
|switch|p2a: Aromatisse|Aromatisse, F|352\/406
|-status|p2a: Aromatisse|psn
|-damage|p2a: Aromatisse|302\/406 psn|[from] Stealth Rock
|move|p1a: Piloswine|Ice Shard|p2a: Aromatisse
|-damage|p2a: Aromatisse|263\/406 psn
|
|-heal|p2a: Aromatisse|288\/406 psn|[from] item: Leftovers
|-damage|p2a: Aromatisse|238\/406 psn|[from] psn
|turn|35
|c|âOG_Wanka|fukin
|c|âOG_Wanka|pilo
|c|âOG_Wanka|the legend
|
|switch|p1a: Roserade|Roserade, M|126\/261
|move|p2a: Aromatisse|Wish|p2a: Aromatisse
|
|-heal|p1a: Roserade|142\/261|[from] item: Black Sludge
|-heal|p2a: Aromatisse|263\/406 psn|[from] item: Leftovers
|-damage|p2a: Aromatisse|213\/406 psn|[from] psn
|turn|36
|
|switch|p2a: Flygon|Flygon, M|228\/301
|-damage|p2a: Flygon|210\/301|[from] Stealth Rock
|move|p1a: Roserade|Giga Drain|p2a: Flygon
|-damage|p2a: Flygon|77\/301
|-heal|p1a: Roserade|209\/261|[from] drain|[of] p2a: Flygon
|
|-heal|p2a: Flygon|280\/301|[from] move: Wish|[wisher] Aromatisse
|-heal|p1a: Roserade|225\/261|[from] item: Black Sludge
|turn|37
|
|switch|p1a: Blastoise|Blastoise-Mega, F|291\/332
|move|p2a: Flygon|Earthquake|p1a: Blastoise
|-crit|p1a: Blastoise
|-damage|p1a: Blastoise|107\/332
|
|turn|38
|c|âOG_Wanka|nice crit
|c| waiv|Ooft
|c|âLiberalLucario|high roll pls
|
|move|p2a: Flygon|Earthquake|p1a: Blastoise
|-damage|p1a: Blastoise|0 fnt
|faint|p1a: Blastoise
|
|c|âLiberalLucario|yay
|
|switch|p1a: Piloswine|Piloswine, M|27\/404
|turn|39
|c|âOG_Wanka|fkn hax
|
|switch|p2a: Houndoom|Houndoom-Mega, F|55\/292 psn
|-damage|p2a: Houndoom|0 fnt|[from] Stealth Rock
|faint|p2a: Houndoom
|move|p1a: Piloswine|Ice Shard|p2: Houndoom|[notarget]
|-notarget
|
|
|switch|p2a: Aromatisse|Aromatisse, F|213\/406 psn
|-damage|p2a: Aromatisse|163\/406 psn|[from] Stealth Rock
|turn|40
|
|move|p1a: Piloswine|Earthquake|p2a: Aromatisse
|-damage|p2a: Aromatisse|54\/406 psn
|move|p2a: Aromatisse|Wish|p2a: Aromatisse
|
|-heal|p2a: Aromatisse|79\/406 psn|[from] item: Leftovers
|-damage|p2a: Aromatisse|29\/406 psn|[from] psn
|turn|41
|
|switch|p1a: Roserade|Roserade, M|225\/261
|move|p2a: Aromatisse|Protect|p2a: Aromatisse
|-fail|p2a: Aromatisse
|
|-heal|p2a: Aromatisse|232\/406 psn|[from] move: Wish|[wisher] Aromatisse
|-heal|p1a: Roserade|241\/261|[from] item: Black Sludge
|-heal|p2a: Aromatisse|257\/406 psn|[from] item: Leftovers
|-damage|p2a: Aromatisse|207\/406 psn|[from] psn
|turn|42
|
|switch|p2a: Whimsicott|Whimsicott, F|88\/261
|-damage|p2a: Whimsicott|56\/261|[from] Stealth Rock
|-status|p2a: Whimsicott|psn
|move|p1a: Roserade|Sleep Powder|p2a: Whimsicott|[miss]
|-miss|p1a: Roserade|p2a: Whimsicott
|
|-heal|p2a: Whimsicott|72\/261 psn|[from] item: Leftovers
|-heal|p1a: Roserade|257\/261|[from] item: Black Sludge
|-damage|p2a: Whimsicott|40\/261 psn|[from] psn
|turn|43
|
|move|p2a: Whimsicott|Moonblast|p1a: Roserade
|-crit|p1a: Roserade
|-resisted|p1a: Roserade
|-damage|p1a: Roserade|180\/261
|-unboost|p1a: Roserade|spa|1
|move|p1a: Roserade|Giga Drain|p2a: Whimsicott
|-resisted|p2a: Whimsicott
|-damage|p2a: Whimsicott|0 fnt
|-heal|p1a: Roserade|200\/261|[from] drain|[of] p2a: Whimsicott
|faint|p2a: Whimsicott
|
|-heal|p1a: Roserade|216\/261|[from] item: Black Sludge
|
|switch|p2a: Flygon|Flygon, M|280\/301
|-damage|p2a: Flygon|262\/301|[from] Stealth Rock
|turn|44
|c|âOG_Wanka|wtf mate
|
|move|p2a: Flygon|U-turn|p1a: Roserade
|-damage|p1a: Roserade|113\/261
|c|âLiberalLucario|oh
|c|âOG_Wanka|nb
|c|âLiberalLucario|i expected you
|c|âLiberalLucario|to make the right play
|c|âLiberalLucario|but you didnt
|c|âLiberalLucario|so whatever
|
|switch|p2a: Aromatisse|Aromatisse, F|207\/406 psn
|-damage|p2a: Aromatisse|157\/406 psn|[from] Stealth Rock
|move|p1a: Roserade|Giga Drain|p2a: Aromatisse
|-damage|p2a: Aromatisse|66\/406 psn
|-heal|p1a: Roserade|159\/261|[from] drain|[of] p2a: Aromatisse
|
|-heal|p1a: Roserade|175\/261|[from] item: Black Sludge
|-heal|p2a: Aromatisse|91\/406 psn|[from] item: Leftovers
|-damage|p2a: Aromatisse|41\/406 psn|[from] psn
|turn|45
|
|move|p1a: Roserade|Giga Drain|p2a: Aromatisse
|-damage|p2a: Aromatisse|0 fnt
|-heal|p1a: Roserade|196\/261|[from] drain|[of] p2a: Aromatisse
|faint|p2a: Aromatisse
|
|-heal|p1a: Roserade|212\/261|[from] item: Black Sludge
|
|switch|p2a: Flygon|Flygon, M|262\/301
|-damage|p2a: Flygon|244\/301|[from] Stealth Rock
|turn|46
|c|âOG_Wanka|one does not simply sack pilo
|
|move|p2a: Flygon|Outrage|p1a: Roserade
|-damage|p1a: Roserade|0 fnt
|faint|p1a: Roserade
|
|
|switch|p1a: Piloswine|Piloswine, M|27\/404
|turn|47
|c|âLiberalLucario|sacking pilo was the right play
|c|âLiberalLucario|by far
|c|âLiberalLucario|but eh
|c|âOG_Wanka|this is why
|
|move|p1a: Piloswine|Ice Shard|p2a: Flygon
|-supereffective|p2a: Flygon
|-damage|p2a: Flygon|12\/301
|move|p2a: Flygon|Outrage|p1a: Piloswine
|-damage|p1a: Piloswine|0 fnt
|faint|p1a: Piloswine
|
|-end|p2a: Flygon|rampage
|-start|p2a: Flygon|confusion
|c|âLiberalLucario|lolololol
|c| DrReuniclus3|oof
|c|âLiberalLucario|weakassmofo
|c| DrReuniclus3|oof
|c| DrReuniclus3|oof
|c| DrReuniclus3|oof
|c| DrReuniclus3|oof
|c| DrReuniclus3|oof
|c| DrReuniclus3|qq
|c|âOG_Wanka|gg tho
|
|switch|p1a: Mienshao|Mienshao, F|271\/271
|turn|48
|c| DrReuniclus3|Poor Pilo
|c|âLiberalLucario|i played like shit
|c|âLiberalLucario|but uh
|c|âLiberalLucario|gg i guess
|c|âOG_Wanka|your team does synergize well doe
|c|âOG_Wanka|gotta admit
|c|âLiberalLucario|i literally sacked starmie t1
|c|âOG_Wanka|=ye tht sucked
|c|âLiberalLucario|thats how you know i played badly
|c|âOG_Wanka|well it wasnt rlly you fault
|c|âOG_Wanka|mislead by the helmet shit
|
|move|p1a: Mienshao|Knock Off|p2a: Flygon
|-damage|p2a: Flygon|0 fnt
|-enditem|p2a: Flygon|Choice Specs|[from] move: Knock Off|[of] p1a: Mienshao
|faint|p2a: Flygon
|
|win|OG_Wanka
|c|âLiberalLucario|lol
|leave|LiberalLucario
|player|p2