|join|Masterpenguin
|join|OG_Wanka
|player|p1|Masterpenguin|2
|player|p2|OG_Wanka|222
|gametype|singles
|gen|6
|tier|UU
|rule|Sleep Clause Mod: Limit one foe put to sleep
|rule|Species Clause: Limit one of each PokÃ©mon
|rule|OHKO Clause: OHKO moves are banned
|rule|Moody Clause: Moody is banned
|rule|Evasion Moves Clause: Evasion moves are banned
|rule|Endless Battle Clause: Forcing endless battles is banned
|rule|HP Percentage Mod: HP is reported as percentages
|clearpoke
|poke|p1|Ditto
|poke|p1|Forretress, F
|poke|p1|Ampharos, F
|poke|p1|Florges, F
|poke|p1|Victini
|poke|p1|Flygon, F
|poke|p2|Tornadus, M, shiny
|poke|p2|Magneton, shiny
|poke|p2|Honchkrow, F
|poke|p2|Hydreigon, M
|poke|p2|Swampert, F
|poke|p2|Darmanitan, M
|rule|Swagger Clause: Swagger is banned
|rule|Baton Pass Clause: Limit one PokÃ©mon knowing Baton Pass
|teampreview
|join|mrtryhardbear
|leave|mrtryhardbear
|chat|OG_Wanka|oh boy ditto
|chat|Masterpenguin|im looking at that magneton of yours
|chat|Masterpenguin|im scurred
|
|start
|switch|p1a: Flygon|Flygon, F|301\/301
|switch|p2a: Swampert|Swampert, F|404\/404
|turn|1
|
|move|p1a: Flygon|U-turn|p2a: Swampert
|-damage|p2a: Swampert|323\/404
|
|switch|p1a: Forretress|Forretress, F|354\/354
|move|p2a: Swampert|Stealth Rock|p1a: Forretress
|-sidestart|p1: Masterpenguin|move: Stealth Rock
|
|-heal|p2a: Swampert|348\/404|[from] item: Leftovers
|turn|2
|
|move|p1a: Forretress|Stealth Rock|p2a: Swampert
|-sidestart|p2: OG_Wanka|move: Stealth Rock
|move|p2a: Swampert|Roar|p1a: Forretress
|drag|p1a: Ampharos|Ampharos, F|354\/354
|-damage|p1a: Ampharos|310\/354|[from] Stealth Rock
|
|-heal|p2a: Swampert|373\/404|[from] item: Leftovers
|turn|3
|
|detailschange|p1a: Ampharos|Ampharos-Mega, F
|message|Ampharos has Mega Evolved into Mega Ampharos!
|-ability|p1a: Ampharos|Mold Breaker
|move|p1a: Ampharos|Hidden Power|p2a: Swampert
|-supereffective|p2a: Swampert
|-damage|p2a: Swampert|0 fnt
|faint|p2a: Swampert
|
|chat|Masterpenguin|:]
|join|occupant
|chat|OG_Wanka|im gunna go on a limb and say tht was hp grass
|
|switch|p2a: Hydreigon|Hydreigon, M|326\/326
|-damage|p2a: Hydreigon|286\/326|[from] Stealth Rock
|turn|4
|chat|Masterpenguin|might just be
|chat|Masterpenguin|lol
|chat|Masterpenguin|your dragon thing scares me
|
|switch|p1a: Florges|Florges, F|360\/360
|-damage|p1a: Florges|315\/360|[from] Stealth Rock
|move|p2a: Hydreigon|Draco Meteor|p1a: Florges
|-immune|p1a: Florges|[msg]
|
|-heal|p1a: Florges|337\/360|[from] item: Leftovers
|turn|5
|
|switch|p2a: Tornadus|Tornadus, M, shiny|300\/300
|-damage|p2a: Tornadus|225\/300|[from] Stealth Rock
|switch|p1a: Flygon|Flygon, F|301\/301
|-damage|p1a: Flygon|283\/301|[from] Stealth Rock
|
|-heal|p2a: Tornadus|243\/300|[from] item: Leftovers
|turn|6
|
|switch|p2a: Magneton|Magneton, shiny|304\/304
|-damage|p2a: Magneton|285\/304|[from] Stealth Rock
|move|p1a: Flygon|Dragon Claw|p2a: Magneton
|-resisted|p2a: Magneton
|-damage|p2a: Magneton|186\/304
|
|turn|7
|
|switch|p1a: Ampharos|Ampharos-Mega, F|310\/354
|-damage|p1a: Ampharos|266\/354|[from] Stealth Rock
|-ability|p1a: Ampharos|Mold Breaker
|move|p2a: Magneton|Flash Cannon|p1a: Ampharos
|-resisted|p1a: Ampharos
|-damage|p1a: Ampharos|137\/354
|
|turn|8
|
|move|p2a: Magneton|Flash Cannon|p1a: Ampharos
|-resisted|p1a: Ampharos
|-damage|p1a: Ampharos|38\/354
|move|p1a: Ampharos|Volt Switch|p2a: Magneton
|-resisted|p2a: Magneton
|-damage|p2a: Magneton|71\/304
|
|switch|p1a: Forretress|Forretress, F|354\/354
|-damage|p1a: Forretress|310\/354|[from] Stealth Rock
|
|turn|9
|chat|OG_Wanka|wait wht
|chat|OG_Wanka|37% and then 28%
|
|switch|p2a: Darmanitan|Darmanitan, M|352\/352
|-damage|p2a: Darmanitan|264\/352|[from] Stealth Rock
|move|p1a: Forretress|Rapid Spin|p2a: Darmanitan
|-damage|p2a: Darmanitan|246\/352
|-sideend|p1: Masterpenguin|Stealth Rock|[from] move: Rapid Spin|[of] p1a: Forretress
|
|turn|10
|
|switch|p1a: Ampharos|Ampharos-Mega, F|38\/354
|-ability|p1a: Ampharos|Mold Breaker
|move|p2a: Darmanitan|Flare Blitz|p1a: Ampharos
|-resisted|p1a: Ampharos
|-damage|p1a: Ampharos|0 fnt
|-damage|p2a: Darmanitan|233\/352|[from] recoil|[of] p1a: Ampharos
|faint|p1a: Ampharos
|
|
|switch|p1a: Flygon|Flygon, F|283\/301
|turn|11
|leave|occupant
|
|switch|p2a: Tornadus|Tornadus, M, shiny|243\/300
|-damage|p2a: Tornadus|168\/300|[from] Stealth Rock
|move|p1a: Flygon|Dragon Claw|p2a: Tornadus
|-damage|p2a: Tornadus|0 fnt
|faint|p2a: Tornadus
|
|
|switch|p2a: Hydreigon|Hydreigon, M|286\/326
|-damage|p2a: Hydreigon|246\/326|[from] Stealth Rock
|turn|12
|
|switch|p1a: Florges|Florges, F|337\/360
|move|p2a: Hydreigon|Draco Meteor|p1a: Florges
|-immune|p1a: Florges|[msg]
|
|-heal|p1a: Florges|359\/360|[from] item: Leftovers
|turn|13
|join|blitzfiend
|
|switch|p2a: Magneton|Magneton, shiny|71\/304
|-damage|p2a: Magneton|52\/304|[from] Stealth Rock
|move|p1a: Florges|Moonblast|p2a: Magneton
|-resisted|p2a: Magneton
|-damage|p2a: Magneton|0 fnt
|faint|p2a: Magneton
|
|-heal|p1a: Florges|360\/360|[from] item: Leftovers
|
|switch|p2a: Darmanitan|Darmanitan, M|233\/352
|-damage|p2a: Darmanitan|145\/352|[from] Stealth Rock
|turn|14
|
|switch|p1a: Forretress|Forretress, F|310\/354
|move|p2a: Darmanitan|Flare Blitz|p1a: Forretress
|-supereffective|p1a: Forretress
|-damage|p1a: Forretress|0 fnt
|-damage|p2a: Darmanitan|87\/352|[from] item: Rocky Helmet|[of] p1a: Forretress
|-damage|p2a: Darmanitan|0 fnt|[from] recoil|[of] p1a: Forretress
|faint|p1a: Forretress
|faint|p2a: Darmanitan
|
|
|switch|p1a: Flygon|Flygon, F|283\/301
|switch|p2a: Hydreigon|Hydreigon, M|246\/326
|-damage|p2a: Hydreigon|206\/326|[from] Stealth Rock
|turn|15
|
|switch|p2a: Honchkrow|Honchkrow, F|342\/342
|-damage|p2a: Honchkrow|257\/342|[from] Stealth Rock
|move|p1a: Flygon|Outrage|p2a: Honchkrow
|-damage|p2a: Honchkrow|0 fnt
|faint|p2a: Honchkrow
|
|chat|OG_Wanka|dammit
|
|switch|p2a: Hydreigon|Hydreigon, M|206\/326
|-damage|p2a: Hydreigon|166\/326|[from] Stealth Rock
|turn|16
|
|move|p1a: Flygon|Outrage|p2a: Hydreigon
|-supereffective|p2a: Hydreigon
|-damage|p2a: Hydreigon|0 fnt
|faint|p2a: Hydreigon
|
|win|Masterpenguin
|chat|OG_Wanka|gg
|chat|Masterpenguin|gg
|leave|OG_Wanka
|player|p2
|leave|blitzfiend