|join|OG_Wanka
|join|iplaytennislol
|player|p1|OG_Wanka|52
|player|p2|iplaytennislol|175
|gametype|singles
|gen|6
|tier|UU
|rule|Sleep Clause Mod: Limit one foe put to sleep
|rule|Species Clause: Limit one of each PokÃ©mon
|rule|OHKO Clause: OHKO moves are banned
|rule|Moody Clause: Moody is banned
|rule|Evasion Moves Clause: Evasion moves are banned
|rule|Endless Battle Clause: Forcing endless battles is banned
|rule|HP Percentage Mod: HP is shown in percentages
|clearpoke
|poke|p1|Umbreon, F
|poke|p1|Abomasnow, M
|poke|p1|Chandelure, F
|poke|p1|Forretress, F
|poke|p1|Victini
|poke|p1|Dugtrio, M
|poke|p2|Trevenant, F, shiny
|poke|p2|Mienshao, M
|poke|p2|Victini
|poke|p2|Shuckle, F, shiny
|poke|p2|Lucario, F
|poke|p2|Nidoking, M
|rule|Swagger Clause: Swagger is banned
|rule|Baton Pass Clause: Limit one PokÃ©mon knowing Baton Pass
|teampreview
|join|tomibello
|join|Wonto
|join|Duskt70
|join|xMarth
|join|Munkin
|join|thymetime
|join|Seth Krogan
|join|27 mg
|c| Duskt70|cathy: IN
|join|Noangels
|
|start
|switch|p1a: Abomasnow|Abomasnow, M|384\/384
|switch|p2a: ShuckieMyDick|Shuckle, F, shiny|230\/230
|-weather|Hail
|turn|1
|join|swagyolo9000
|c| thymetime|cathy bb
|join|Flesh Fire
|c| swagyolo9000|og u got this
|join|ANGER MANAGEMENT
|join|Caiahar
|join|Donphantastic
|c|âOG_Wanka|trev and shuckle make a good core idk
|
|detailschange|p1a: Abomasnow|Abomasnow-Mega, M
|message|Abomasnow has Mega Evolved into Mega Abomasnow!
|move|p1a: Abomasnow|Swords Dance|p1a: Abomasnow
|-boost|p1a: Abomasnow|atk|2
|move|p2a: ShuckieMyDick|Stealth Rock|p1a: Abomasnow
|-sidestart|p1: OG_Wanka|move: Stealth Rock
|
|-weather|Hail|[upkeep]
|-damage|p2a: ShuckieMyDick|216\/230|[from] hail
|turn|2
|join|Teddeh
|join|Aquajetbreloom
|
|move|p1a: Abomasnow|Earthquake|p2a: ShuckieMyDick
|-damage|p2a: ShuckieMyDick|82\/230
|move|p2a: ShuckieMyDick|Encore|p1a: Abomasnow
|-start|p1a: Abomasnow|Encore
|
|-weather|Hail|[upkeep]
|-damage|p2a: ShuckieMyDick|68\/230|[from] hail
|turn|3
|join|shady kid 2
|join|MagcargoFTW
|join|Naruto(sage)
|
|move|p1a: Abomasnow|Earthquake|p2a: ShuckieMyDick
|-damage|p2a: ShuckieMyDick|0 fnt
|faint|p2a: ShuckieMyDick
|
|-weather|Hail|[upkeep]
|
|switch|p2a: wil maek u dance|Victini|341\/341
|turn|4
|join|Colbrushie
|
|move|p2a: wil maek u dance|U-turn|p1a: Abomasnow
|-supereffective|p1a: Abomasnow
|-damage|p1a: Abomasnow|176\/384
|join|Iron Galaxy
|
|switch|p2a: Cathy|Trevenant, F, shiny|312\/312
|move|p1a: Abomasnow|Earthquake|p2a: Cathy
|-resisted|p2a: Cathy
|-damage|p2a: Cathy|135\/312
|
|-weather|Hail|[upkeep]
|-damage|p2a: Cathy|116\/312|[from] hail
|turn|5
|c| Colbrushie|in
|c| Donphantastic|predictions
|c| Donphantastic|imo
|
|move|p2a: Cathy|Phantom Force|p1a: Abomasnow|[still]
|-prepare|p2a: Cathy|Phantom Force|p1a: Abomasnow
|move|p1a: Abomasnow|Earthquake|p2a: Cathy
|-miss|p1a: Abomasnow|p2a: Cathy
|
|-weather|none
|-end|p1a: Abomasnow|Encore
|turn|6
|c|âiplaytennislol|pls kill lmao
|
|move|p2a: Cathy|Phantom Force|p1a: Abomasnow
|-damage|p1a: Abomasnow|44\/384
|move|p1a: Abomasnow|Earthquake|p2a: Cathy
|-resisted|p2a: Cathy
|-damage|p2a: Cathy|0 fnt
|faint|p2a: Cathy
|
|c| Munkin|the threat is here
|c| Colbrushie|cathy noo
|c| thymetime|:[[[[
|c|âiplaytennislol|rip
|c| Duskt70|CATHY
|c| Caiahar|aboma sweep incomin
|c|+ANGER MANAGEMENT|aboma doin work
|
|switch|p2a: Dance Dance Dance|Lucario, F|281\/281
|turn|7
|c| thymetime|rip the best mon
|c|âiplaytennislol|im bad at this game
|c|âiplaytennislol|gg errybody
|
|move|p2a: Dance Dance Dance|Vacuum Wave|p1a: Abomasnow
|-supereffective|p1a: Abomasnow
|-damage|p1a: Abomasnow|0 fnt
|-damage|p2a: Dance Dance Dance|253\/281|[from] item: Life Orb
|faint|p1a: Abomasnow
|
|c| Caiahar|r.i.p aboma 
|
|switch|p1a: Dugtrio|Dugtrio, M|211\/211
|-damage|p1a: Dugtrio|198\/211|[from] Stealth Rock
|turn|8
|c| swagyolo9000|=(
|
|move|p2a: Dance Dance Dance|Vacuum Wave|p1a: Dugtrio
|-damage|p1a: Dugtrio|88\/211
|-damage|p2a: Dance Dance Dance|225\/281|[from] item: Life Orb
|move|p1a: Dugtrio|Earthquake|p2a: Dance Dance Dance
|-supereffective|p2a: Dance Dance Dance
|-damage|p2a: Dance Dance Dance|0 fnt
|faint|p2a: Dance Dance Dance
|
|
|switch|p2a: jump up jump up|Mienshao, M|271\/271
|turn|9
|
|switch|p1a: Forretress|Forretress, F|354\/354
|-damage|p1a: Forretress|310\/354|[from] Stealth Rock
|move|p2a: jump up jump up|U-turn|p1a: Forretress
|-resisted|p1a: Forretress
|-damage|p1a: Forretress|285\/354
|join|TheManOfMany23
|
|switch|p2a: wil maek u dance|Victini|341\/341
|
|-heal|p1a: Forretress|307\/354|[from] item: Leftovers
|turn|10
|
|move|p2a: wil maek u dance|V-create|p1a: Forretress
|-supereffective|p1a: Forretress
|-damage|p1a: Forretress|0 fnt
|-unboost|p2a: wil maek u dance|def|1
|-unboost|p2a: wil maek u dance|spd|1
|-unboost|p2a: wil maek u dance|spe|1
|faint|p1a: Forretress
|
|c|âiplaytennislol|bye victini
|
|switch|p1a: Dugtrio|Dugtrio, M|88\/211
|-damage|p1a: Dugtrio|75\/211|[from] Stealth Rock
|turn|11
|c|âiplaytennislol|i love you
|c| TheManOfMany23|noooo
|
|move|p1a: Dugtrio|Earthquake|p2a: wil maek u dance
|-supereffective|p2a: wil maek u dance
|-damage|p2a: wil maek u dance|0 fnt
|faint|p2a: wil maek u dance
|
|c| Colbrushie|tfw
|
|switch|p2a: jump up jump up|Mienshao, M|271\/271
|turn|12
|c| Colbrushie|duggy shits on tem
|c| Duskt70|baased dugtrio
|
|switch|p1a: Umbreon|Umbreon, F|394\/394
|-damage|p1a: Umbreon|345\/394|[from] Stealth Rock
|move|p2a: jump up jump up|High Jump Kick|p1a: Umbreon
|-supereffective|p1a: Umbreon
|-damage|p1a: Umbreon|0 fnt
|faint|p1a: Umbreon
|
|c| Munkin|Duggy and Aboma
|c| Munkin|too poweer
|
|switch|p1a: Victini|Victini|341\/341
|-damage|p1a: Victini|256\/341|[from] Stealth Rock
|turn|13
|
|switch|p2a: King UU|Nidoking, M|303\/303
|move|p1a: Victini|V-create|p2a: King UU
|-damage|p2a: King UU|0 fnt
|-unboost|p1a: Victini|def|1
|-unboost|p1a: Victini|spd|1
|-unboost|p1a: Victini|spe|1
|faint|p2a: King UU
|
|c| TheManOfMany23|dugtrio outspeeds meinshao, right?
|
|switch|p2a: jump up jump up|Mienshao, M|271\/271
|turn|14
|c| swagyolo9000|scarf tho
|c| Duskt70|yes
|c|+ANGER MANAGEMENT|knock off
|c| TheManOfMany23|oh
|c| Colbrushie|reveal eq
|c|+ANGER MANAGEMENT|sweeps here
|c| Colbrushie|scarf dug
|c| Colbrushie|eq
|c| TheManOfMany23|knock off
|c| thymetime|go into the potato
|
|move|p2a: jump up jump up|Knock Off|p1a: Victini
|-crit|p1a: Victini
|-supereffective|p1a: Victini
|-damage|p1a: Victini|0 fnt
|-enditem|p1a: Victini|Choice Band|[from] move: Knock Off|[of] p2a: jump up jump up
|faint|p1a: Victini
|
|c|âiplaytennislol|mienshao pull thru
|c| TheManOfMany23|oh wow
|c| Caiahar|miensha OG_Wanka
|c| shady kid 2|gg
|c| Teddeh|gg
|c| Colbrushie|crit didn't matter
|c| Colbrushie|at -1
|c| swagyolo9000|chandy lives rite
|c|âOG_Wanka|shao wins
|c|+ANGER MANAGEMENT|no
|c| TheManOfMany23|scarf dugtrio?
|c|+ANGER MANAGEMENT|i already called it
|
|switch|p1a: Dugtrio|Dugtrio, M|75\/211
|-damage|p1a: Dugtrio|62\/211|[from] Stealth Rock
|turn|15
|c|+ANGER MANAGEMENT|noobs
|c| Teddeh|if it's not cathy it's not a win
|c|âOG_Wanka|unless dugg ohkos
|c| Teddeh|imo
|c| thymetime|it lives eq
|
|move|p2a: jump up jump up|Knock Off|p1a: Dugtrio
|-damage|p1a: Dugtrio|0 fnt
|-enditem|p1a: Dugtrio|Choice Band|[from] move: Knock Off|[of] p2a: jump up jump up
|faint|p1a: Dugtrio
|
|c| Duskt70|oooo
|c|âOG_Wanka|nope gg man
|c| thymetime|nb
|join|Going. Gobo. Gone
|c|âiplaytennislol|gg
|c| TheManOfMany23|252\/252 def Chandy
|
|switch|p1a: Chandelure|Chandelure, F|262\/262
|-damage|p1a: Chandelure|197\/262|[from] Stealth Rock
|turn|16
|c| xMarth|brightpwder
|c|âOG_Wanka|i choked ofc
|
|move|p2a: jump up jump up|Knock Off|p1a: Chandelure
|-supereffective|p1a: Chandelure
|-damage|p1a: Chandelure|0 fnt
|-enditem|p1a: Chandelure|Choice Specs|[from] move: Knock Off|[of] p2a: jump up jump up
|faint|p1a: Chandelure
|
|win|iplaytennislol
|c| swagyolo9000|:O
|c| Caiahar|gg
|leave|shady kid 2
|leave|iplaytennislol
|player|p2
|c| Teddeh|ggggggggg
|leave|ANGER MANAGEMENT
|c| Wonto|scarf'd shaio?
|leave|xMarth
|leave|Teddeh
|c| swagyolo9000|gg both
|leave|Duskt70
|leave|OG_Wanka
|player|p1
|leave|Iron Galaxy