|join|pokeaim
|join|OG_Wanka
|player|p1|pokeaim|143
|player|p2|OG_Wanka|92
|gametype|singles
|gen|6
|tier|UU
|rated
|rule|Sleep Clause Mod: Limit one foe put to sleep
|rule|Species Clause: Limit one of each PokÃ©mon
|rule|OHKO Clause: OHKO moves are banned
|rule|Moody Clause: Moody is banned
|rule|Evasion Moves Clause: Evasion moves are banned
|rule|Endless Battle Clause: Forcing endless battles is banned
|rule|HP Percentage Mod: HP is shown in percentages
|clearpoke
|poke|p1|Jirachi
|poke|p1|Slowking, M
|poke|p1|Hydreigon, M
|poke|p1|Froslass, F
|poke|p1|Sableye, F
|poke|p1|Aerodactyl, M
|poke|p2|Honchkrow, M, shiny
|poke|p2|Mienshao, M, shiny
|poke|p2|Empoleon, M, shiny
|poke|p2|Snorlax, M, shiny
|poke|p2|Heracross, M, shiny
|poke|p2|Gligar, F, shiny
|rule|Swagger Clause: Swagger is banned
|rule|Baton Pass Clause: Limit one PokÃ©mon knowing Baton Pass
|teampreview
|chat|OG_Wanka|no fucking way
|join|uCan'tSeeMe
|join|Book W-U-R-M-P-L-E
|chat|OG_Wanka|are you actually pokeaimd
|chat|Book W-U-R-M-P-L-E|omg
|chat|uCan'tSeeMe|yes he is
|
|start
|switch|p1a: Froslass|Froslass, F|281\/281
|switch|p2a: Happy Feet|Empoleon, M, shiny|310\/310
|turn|1
|chat|OG_Wanka|HOLY FUCK
|chat|Book W-U-R-M-P-L-E|the froslass
|chat|Book W-U-R-M-P-L-E|HE IS
|join|Kekturne
|chat|Kekturne|oh my god
|chat|Kekturne|it's you
|chat|OG_Wanka|wurmple alert everyone
|raw|<div class="broadcast-red"><b>Moderated chat was set to +!<\/b><br \/>Only users of rank + and higher can talk.<\/div>
|chat|OG_Wanka|holy damn
|leave|Kekturne
|
|move|p1a: Froslass|Spikes|p2a: Happy Feet
|-sidestart|p2: OG_Wanka|Spikes
|move|p2a: Happy Feet|Flash Cannon|p1a: Froslass
|-crit|p1a: Froslass
|-supereffective|p1a: Froslass
|-enditem|p1a: Froslass|Focus Sash
|-damage|p1a: Froslass|1\/281
|
|turn|2
|join|ULT F4
|join|Romie Homie-G
|join|LatiasDaBeast
|
|switch|p2a: CC incoming|Heracross, M, shiny|302\/302
|-damage|p2a: CC incoming|265\/302|[from] Spikes
|move|p1a: Froslass|Icy Wind|p2a: CC incoming
|-damage|p2a: CC incoming|196\/302
|-unboost|p2a: CC incoming|spe|1
|
|turn|3
|join|Ali90000
|join|barretthoff
|join|Based Aaron
|join|LakeValorHaxorus
|join|Special Jirachi
|
|switch|p2a: leaf me alone|Snorlax, M, shiny|500\/500
|-damage|p2a: leaf me alone|438\/500|[from] Spikes
|move|p1a: Froslass|Icy Wind|p2a: leaf me alone
|-crit|p2a: leaf me alone
|-damage|p2a: leaf me alone|404\/500
|-unboost|p2a: leaf me alone|spe|1
|
|-heal|p2a: leaf me alone|435\/500|[from] item: Leftovers
|turn|4
|join|Kekturne
|join|pinkftw
|join|SmashBrosBrawl
|join|Munkin
|leave|LatiasDaBeast
|leave|barretthoff
|join|DraconianWing24
|join|PLEASURE KITTEN
|join|Devi1Hawk
|
|move|p1a: Froslass|Destiny Bond|p1a: Froslass
|-singlemove|p1a: Froslass|Destiny Bond
|move|p2a: leaf me alone|Whirlwind|p1a: Froslass
|drag|p1a: Hydreigon|Hydreigon, M|325\/325
|
|-heal|p2a: leaf me alone|466\/500|[from] item: Leftovers
|turn|5
|join|AceLeader_(Sky)
|join|Dead1255
|join|infinityslayer831
|join|Magic Bananas
|
|move|p1a: Hydreigon|U-turn|p2a: leaf me alone
|-damage|p2a: leaf me alone|390\/500
|
|switch|p1a: Sableye|Sableye, F|304\/304
|move|p2a: leaf me alone|Body Slam|p1a: Sableye
|-immune|p1a: Sableye|[msg]
|
|-heal|p2a: leaf me alone|421\/500|[from] item: Leftovers
|turn|6
|join|Sir Billy Goat
|join|Ossdgowgog
|leave|Ossdgowgog
|join|Etika Fan
|leave|Magic Bananas
|join|CJxSkIlLz
|join|Reliable
|join|Supaaa!
|join|The First Zekrom
|join|KricketiTunes
|leave|Supaaa!
Based Aaron was promoted to Room Voice by OG_Wanka.
|leave|Dead1255
|join|mauerfan
|join|DarmaniusTan
|join|Goulde
|join|keontew
|
|move|p1a: Sableye|Knock Off|p2a: leaf me alone
|-damage|p2a: leaf me alone|285\/500
|-enditem|p2a: leaf me alone|Leftovers|[from] move: Knock Off|[of] p1a: Sableye
|move|p2a: leaf me alone|Whirlwind|p1a: Sableye
|drag|p1a: Aerodactyl|Aerodactyl, M|363\/363
|-ability|p1a: Aerodactyl|Pressure
|
|turn|7
|join|dovahkiing
|join|FunkyMable
|join|DAVIDER98
|
|switch|p2a: plz no knock off|Gligar, F, shiny|334\/334
|detailschange|p1a: Aerodactyl|Aerodactyl-Mega, M
|message|Aerodactyl has Mega Evolved into Mega Aerodactyl!
|move|p1a: Aerodactyl|Stealth Rock|p2a: plz no knock off
|-sidestart|p2: OG_Wanka|move: Stealth Rock
|
|turn|8
|join|BooWho
|chat|Based Aaron|interesting matchup
|
|move|p1a: Aerodactyl|Taunt|p2a: plz no knock off
|-start|p2a: plz no knock off|move: Taunt
|cant|p2a: plz no knock off|move: Taunt|Defog
|
|turn|9
|join|xxpokemaniaxx
|join|LipeSan
|leave|dovahkiing
|chat|OG_Wanka|im so scared
|join|Nebuchadnezzar
|chat|OG_Wanka|gettin rekt
|leave|aqbf
|join|Flyingburgerz
|join|ArmoredBean
|leave|Goulde
|join|Goulde
|chat|SmashBrosBrawl|quick to the aerodactyl counter
|chat|pokeaim|Did you link this somewhere...?
|
|switch|p2a: leaf me alone|Snorlax, M, shiny|285\/500
|-damage|p2a: leaf me alone|223\/500|[from] Spikes
|-damage|p2a: leaf me alone|161\/500|[from] Stealth Rock
|move|p1a: Aerodactyl|Aerial Ace|p2a: leaf me alone
|-damage|p2a: leaf me alone|0 fnt
|faint|p2a: leaf me alone
|
|join|Oh Lanta
|join|MegaShuckle2015
|chat|OG_Wanka|no
|chat|PLEASURE KITTEN|lol
|leave|LipeSan
|chat|PLEASURE KITTEN|he linked it in the uu room
|chat|OG_Wanka|ppl found it
|chat|OG_Wanka|im gunna watch this tonight lol
|leave|Sir Billy Goat
|chat|PLEASURE KITTEN|you can disable specs if you want
|chat|PLEASURE KITTEN|but eh
|join|Kid Grayham
|chat|pokeaim|im
|
|switch|p2a: Happy Feet|Empoleon, M, shiny|310\/310
|-damage|p2a: Happy Feet|272\/310|[from] Spikes
|-damage|p2a: Happy Feet|253\/310|[from] Stealth Rock
|turn|10
|chat|pokeaim|not doing road to top ten
|chat|Based Aaron|he only voiced auth
|chat|pokeaim|just tryna get
|join|TRC
|chat|pokeaim|points back
|join|gsliddddddder
|chat|Nebuchadnezzar|pokeaim do \/modchat +
|chat|TRC|omg it's pokeaimmd
|chat|OG_Wanka|i just watched tht series a week ago lol
|chat|pokeaim|i did
|chat|TRC|big fan!
|chat|pokeaim|already.
|
|switch|p1a: Slowking|Slowking, M|393\/393
|move|p2a: Happy Feet|Flash Cannon|p1a: Slowking
|-resisted|p1a: Slowking
|-damage|p1a: Slowking|330\/393
|
|turn|11
|chat|PLEASURE KITTEN|it's already at modchat + lol
|chat|PLEASURE KITTEN|there are just a lot of mods
|chat|PLEASURE KITTEN|>_<
|chat|Nebuchadnezzar|Oh
|
|switch|p2a: plz no knock off|Gligar, F, shiny|334\/334
|-damage|p2a: plz no knock off|293\/334|[from] Stealth Rock
|move|p1a: Slowking|Ice Beam|p2a: plz no knock off
|-supereffective|p2a: plz no knock off
|-damage|p2a: plz no knock off|0 fnt
|faint|p2a: plz no knock off
|
|chat|SmashBrosBrawl|ok
|leave|mauerfan
|join|Li x.x
|join|Squidward Tits
|join|christie sims
|
|switch|p2a: Dora|Honchkrow, M, shiny|341\/341
|-damage|p2a: Dora|256\/341|[from] Stealth Rock
|turn|12
|leave|infinityslayer831
|
|move|p2a: Dora|Pursuit|p1a: Slowking|[from]Pursuit
|-supereffective|p1a: Slowking
|-damage|p1a: Slowking|0 fnt
|-damage|p2a: Dora|222\/341|[from] item: Life Orb
|faint|p1a: Slowking
|-boost|p2a: Dora|atk|1|[from] ability: Moxie
|
|leave|The First Zekrom
|
|switch|p1a: Froslass|Froslass, F|1\/281
|turn|13
|leave|gsliddddddder
|leave|TRC
|chat|OG_Wanka|my one highlight
|join|bouff
|chat|OG_Wanka|a pursuit trap
|join|aqbf
|join|bt is a virgin
|chat|Based Aaron|dont falter
|
|switch|p2a: CC incoming|Heracross, M, shiny|196\/302
|-damage|p2a: CC incoming|159\/302|[from] Spikes
|-damage|p2a: CC incoming|122\/302|[from] Stealth Rock
|move|p1a: Froslass|Destiny Bond|p1a: Froslass
|-singlemove|p1a: Froslass|Destiny Bond
|
|turn|14
|
|move|p2a: CC incoming|Megahorn|p1a: Froslass
|-resisted|p1a: Froslass
|-damage|p1a: Froslass|0 fnt
|faint|p1a: Froslass
|-boost|p2a: CC incoming|atk|1|[from] ability: Moxie
|-activate|p1a: Froslass|Destiny Bond
|faint|p2a: CC incoming
|
|join|Ult thisbemyalt
|chat|OG_Wanka|aww
|chat|OG_Wanka|man
|leave|pokeaim molest me
|chat|OG_Wanka|well at least i didnt get 6-0d
|join|pokeaim molest me
|
|switch|p1a: Hydreigon|Hydreigon, M|325\/325
|switch|p2a: GL HF|Mienshao, M, shiny|272\/272
|-damage|p2a: GL HF|238\/272|[from] Spikes
|-damage|p2a: GL HF|221\/272|[from] Stealth Rock
|turn|15
|chat|Based Aaron|you kinda needed hera for sableye but thats none of my business 
|join|ult blitzfiend
|leave|Li x.x
|chat|OG_Wanka|Aaron you dont know how nervous i am
|chat|OG_Wanka|rn
|join|Li x.x
|leave|DAVIDER98
|chat|SmashBrosBrawl|,
|
|switch|p1a: Sableye|Sableye, F|304\/304
|move|p2a: GL HF|U-turn|p1a: Sableye
|-damage|p1a: Sableye|154\/304
|chat|Nebuchadnezzar|Just a battle OG
|chat|Based Aaron|lol hes just another player when it comes down to it
|chat|OG_Wanka|like im shaking
|chat|pokeaim|you are aware this is a ladder match, that has no value to either of our lives or affects us in any way lol
|chat|PLEASURE KITTEN|^
|chat|PLEASURE KITTEN|^
|chat|PLEASURE KITTEN|^
|chat|pokeaim|or affect*
|chat|PLEASURE KITTEN|^
|chat|PLEASURE KITTEN|^
|chat|PLEASURE KITTEN|^
|chat|OG_Wanka|ik ik
|chat|Based Aaron|should rematch imo
|chat|Nebuchadnezzar|Wow PK arrow spam much
|chat|pokeaim|n.
|leave|ArmoredBean
|chat|Based Aaron|kk
|leave|spam arrow needed
|join|spam arrow needed
|chat|SmashBrosBrawl|lol heracross and the fiv mons walled by sableye
|chat|OG_Wanka|but you are like my top youtuber i watch for PS
|chat|SmashBrosBrawl|nb
|leave|ult blitzfiend
|
|switch|p2a: Happy Feet|Empoleon, M, shiny|253\/310
|-damage|p2a: Happy Feet|215\/310|[from] Spikes
|-damage|p2a: Happy Feet|196\/310|[from] Stealth Rock
|
|-heal|p1a: Sableye|173\/304|[from] item: Leftovers
|turn|16
|
|move|p1a: Sableye|Recover|p1a: Sableye
|-heal|p1a: Sableye|304\/304
|move|p2a: Happy Feet|Hydro Pump|p1a: Sableye
|-damage|p1a: Sableye|43\/304
|
|-heal|p1a: Sableye|62\/304|[from] item: Leftovers
|turn|17
|chat|Based Aaron|reveal toxic
|chat|Based Aaron|oh wait
|join|Book Wurmple
|join|Sage of the keks
|chat|SmashBrosBrawl|ah the specs
|join|Bud Hertz
|
|switch|p2a: GL HF|Mienshao, M, shiny|221\/272
|-damage|p2a: GL HF|187\/272|[from] Spikes
|-damage|p2a: GL HF|170\/272|[from] Stealth Rock
|move|p1a: Sableye|Will-O-Wisp|p2a: GL HF
|-status|p2a: GL HF|brn
|
|-heal|p1a: Sableye|81\/304|[from] item: Leftovers
|-damage|p2a: GL HF|136\/272 brn|[from] brn
|turn|18
|chat|OG_Wanka|^
|join|ult blitzfiend
|leave|Oh Lanta
|
|move|p1a: Sableye|Recover|p1a: Sableye
|-heal|p1a: Sableye|233\/304
|move|p2a: GL HF|U-turn|p1a: Sableye
|-damage|p1a: Sableye|153\/304
|
|switch|p2a: Dora|Honchkrow, M, shiny|222\/341
|-damage|p2a: Dora|137\/341|[from] Stealth Rock
|
|-heal|p1a: Sableye|172\/304|[from] item: Leftovers
|turn|19
|
|switch|p1a: Aerodactyl|Aerodactyl-Mega, M|363\/363
|move|p2a: Dora|Brave Bird|p1a: Aerodactyl
|-resisted|p1a: Aerodactyl
|-damage|p1a: Aerodactyl|217\/363
|-damage|p2a: Dora|89\/341|[from] recoil|[of] p1a: Aerodactyl
|-damage|p2a: Dora|55\/341|[from] item: Life Orb
|
|turn|20
|
|move|p2a: Dora|Sucker Punch|p1a: Aerodactyl
|-damage|p1a: Aerodactyl|32\/363
|-damage|p2a: Dora|21\/341|[from] item: Life Orb
|move|p1a: Aerodactyl|Aerial Ace|p2a: Dora
|-damage|p2a: Dora|0 fnt
|faint|p2a: Dora
|
|
|switch|p2a: Happy Feet|Empoleon, M, shiny|196\/310
|-damage|p2a: Happy Feet|158\/310|[from] Spikes
|-damage|p2a: Happy Feet|139\/310|[from] Stealth Rock
|turn|21
|leave|BT can AV ur cack
|join|BT can AV ur cack
|
|move|p1a: Aerodactyl|Aerial Ace|p2a: Happy Feet
|-resisted|p2a: Happy Feet
|-damage|p2a: Happy Feet|76\/310
|move|p2a: Happy Feet|Flash Cannon|p1a: Aerodactyl
|-supereffective|p1a: Aerodactyl
|-damage|p1a: Aerodactyl|0 fnt
|faint|p1a: Aerodactyl
|
|
|switch|p1a: Hydreigon|Hydreigon, M|325\/325
|turn|22
|
|move|p1a: Hydreigon|Dark Pulse|p2a: Happy Feet
|-damage|p2a: Happy Feet|0 fnt
|faint|p2a: Happy Feet
|
|
|switch|p2a: GL HF|Mienshao, M, shiny|136\/272 brn
|-damage|p2a: GL HF|119\/272 brn|[from] Stealth Rock
|-damage|p2a: GL HF|85\/272 brn|[from] Spikes
|turn|23
|chat|pokeaim|to the people pming me
|chat|pokeaim|i'm not purposely ignoring you
|chat|pokeaim|i'm battling atm tho lol
|chat|OG_Wanka|gg pokeaim
|chat|OG_Wanka|twas a pleasure
|
|switch|p1a: Sableye|Sableye, F|172\/304
|move|p2a: GL HF|High Jump Kick|p1a: Sableye
|-immune|p1a: Sableye|[msg]
|-damage|p2a: GL HF|0 fnt|[from] highjumpkick
|faint|p2a: GL HF
|
|win|pokeaim
|raw|Ladder updating...
|raw|pokeaim's rating: 1482 &rarr; <strong>1495<\/strong><br \/>(+13 for winning)
|raw|OG_Wanka's rating: 1365 &rarr; <strong>1351<\/strong><br \/>(-14 for losing)
|leave|SmashBrosBrawl
|chat|pokeaim|gg 
|leave|Munkin
|leave|pokeaim
|player|p1
|chat|Based Aaron|gg
|leave|OG_Wanka
|player|p2
|leave|Etika Fan
|leave|Colbrushie
|leave|FunkyMable
|leave|DarmaniusTan
|leave|CJxSkIlLz
|leave|christie sims
|leave|Ult thisbemyalt
|leave|Sage of the keks
|leave|BooWho
|leave|DraconianWing24
|leave|xxpokemaniaxx
|leave|Special Jirachi
|leave|Ali90000
|leave|bouff
|leave|Goulde
|leave|uCan'tSeeMe
|leave|Reliable
|leave|Li x.x
|leave|LakeValorHaxorus
|leave|Flyingburgerz
|leave|Squidward Tits
|leave|ult blitzfiend
|leave|AceLeader_(Sky)
|leave|PLEASURE KITTEN
|leave|Romie Homie-G
|leave|Bud Hertz
|leave|Devi1Hawk