|join|ThreeCardBrag
|join|OG_Wanka
|player|p1|ThreeCardBrag|102
|player|p2|OG_Wanka|222
|gametype|singles
|gen|6
|tier|UU
|rated
|rule|Sleep Clause Mod: Limit one foe put to sleep
|rule|Species Clause: Limit one of each PokÃ©mon
|rule|OHKO Clause: OHKO moves are banned
|rule|Moody Clause: Moody is banned
|rule|Evasion Moves Clause: Evasion moves are banned
|rule|Endless Battle Clause: Forcing endless battles is banned
|rule|HP Percentage Mod: HP is reported as percentages
|clearpoke
|poke|p1|Machamp, F
|poke|p1|Galvantula, F
|poke|p1|Chandelure, F
|poke|p1|Aggron, M
|poke|p1|Porygon2
|poke|p1|Crobat, M
|poke|p2|Tornadus, M, shiny
|poke|p2|Magneton, shiny
|poke|p2|Honchkrow, F
|poke|p2|Hydreigon, F
|poke|p2|Froslass, F, shiny
|poke|p2|Lucario, M
|rule|Swagger Clause: Swagger is banned
|rule|Baton Pass Clause: Limit one PokÃ©mon knowing Baton Pass
|teampreview
|chat|ThreeCardBrag|glhf :)
|chat|OG_Wanka|u2
|
|start
|switch|p1a: Galvantula|Galvantula, F|281\/281
|switch|p2a: Froslass|Froslass, F, shiny|344\/344
|turn|1
|
|move|p2a: Froslass|Taunt|p1a: Galvantula
|-start|p1a: Galvantula|move: Taunt
|cant|p1a: Galvantula|move: Taunt|Sticky Web
|
|turn|2
|
|move|p2a: Froslass|Spikes|p1a: Galvantula
|-sidestart|p1: ThreeCardBrag|Spikes
|move|p1a: Galvantula|Bug Buzz|p2a: Froslass
|-resisted|p2a: Froslass
|-damage|p2a: Froslass|254\/344
|
|turn|3
|
|move|p2a: Froslass|Spikes|p1a: Galvantula
|-sidestart|p1: ThreeCardBrag|Spikes
|move|p1a: Galvantula|Thunder|p2a: Froslass|[miss]
|-miss|p1a: Galvantula|p2a: Froslass
|
|-end|p1a: Galvantula|move: Taunt
|turn|4
|
|move|p2a: Froslass|Taunt|p1a: Galvantula
|-start|p1a: Galvantula|move: Taunt
|move|p1a: Galvantula|Volt Switch|p2a: Froslass
|-damage|p2a: Froslass|116\/344
|
|switch|p1a: Crobat|Crobat, M|311\/311
|
|turn|5
|
|move|p1a: Crobat|U-turn|p2a: Froslass
|-resisted|p2a: Froslass
|-damage|p2a: Froslass|56\/344
|
|switch|p1a: Galvantula|Galvantula, F|281\/281
|-damage|p1a: Galvantula|235\/281|[from] Spikes
|move|p2a: Froslass|Spikes|p1a: Galvantula
|-sidestart|p1: ThreeCardBrag|Spikes
|
|turn|6
|
|move|p2a: Froslass|Taunt|p1a: Galvantula
|-start|p1a: Galvantula|move: Taunt
|move|p1a: Galvantula|Volt Switch|p2a: Froslass
|-damage|p2a: Froslass|0 fnt
|-start|p1a: Galvantula|Disable|Volt Switch
|faint|p2a: Froslass
|
|switch|p1a: Crobat|Crobat, M|311\/311
|
|
|switch|p2a: Magneton|Magneton, shiny|304\/304
|turn|7
|
|move|p1a: Crobat|Defog|p2a: Magneton
|-unboost|p2a: Magneton|evasion|1
|-sideend|p1: ThreeCardBrag|Spikes|[from] move: Defog|[of] p1a: Crobat
|move|p2a: Magneton|Thunderbolt|p1a: Crobat
|-supereffective|p1a: Crobat
|-damage|p1a: Crobat|0 fnt
|faint|p1a: Crobat
|
|
|switch|p1a: Chandelure|Chandelure, F|261\/261
|turn|8
|
|move|p1a: Chandelure|Fire Blast|p2a: Magneton
|-supereffective|p2a: Magneton
|-damage|p2a: Magneton|0 fnt
|faint|p2a: Magneton
|
|
|switch|p2a: Hydreigon|Hydreigon, F|326\/326
|turn|9
|
|switch|p1a: Porygon2|Porygon2|374\/374
|-ability|p1a: Porygon2|Levitate|[from] ability: Trace|[of] p2a: Hydreigon
|move|p2a: Hydreigon|Dark Pulse|p1a: Porygon2
|-damage|p1a: Porygon2|274\/374
|
|turn|10
|
|switch|p2a: Tornadus|Tornadus, M, shiny|300\/300
|move|p1a: Porygon2|Toxic|p2a: Tornadus
|-status|p2a: Tornadus|tox
|
|-damage|p2a: Tornadus|282\/300 tox|[from] psn
|turn|11
|
|move|p2a: Tornadus|Knock Off|p1a: Porygon2
|-damage|p1a: Porygon2|226\/374
|-enditem|p1a: Porygon2|Eviolite|[from] move: Knock Off|[of] p2a: Tornadus
|move|p1a: Porygon2|Ice Beam|p2a: Tornadus
|-supereffective|p2a: Tornadus
|-damage|p2a: Tornadus|94\/300 tox
|
|-heal|p2a: Tornadus|112\/300 tox|[from] item: Leftovers
|-damage|p2a: Tornadus|76\/300 tox|[from] psn
|turn|12
|
|move|p2a: Tornadus|Superpower|p1a: Porygon2
|-supereffective|p1a: Porygon2
|-damage|p1a: Porygon2|32\/374
|-unboost|p2a: Tornadus|atk|1
|-unboost|p2a: Tornadus|def|1
|move|p1a: Porygon2|Ice Beam|p2a: Tornadus
|-supereffective|p2a: Tornadus
|-damage|p2a: Tornadus|0 fnt
|faint|p2a: Tornadus
|
|
|switch|p2a: Honchkrow|Honchkrow, F|342\/342
|turn|13
|
|move|p2a: Honchkrow|Superpower|p1a: Porygon2
|-supereffective|p1a: Porygon2
|-damage|p1a: Porygon2|0 fnt
|-unboost|p2a: Honchkrow|atk|1
|-unboost|p2a: Honchkrow|def|1
|-damage|p2a: Honchkrow|308\/342|[from] item: Life Orb
|faint|p1a: Porygon2
|-boost|p2a: Honchkrow|atk|1|[from] ability: Moxie
|
|
|switch|p1a: Aggron|Aggron, M|344\/344
|turn|14
|
|switch|p2a: Hydreigon|Hydreigon, F|326\/326
|detailschange|p1a: Aggron|Aggron-Mega, M
|message|Aggron has Mega Evolved into Mega Aggron!
|move|p1a: Aggron|Stealth Rock|p2a: Hydreigon
|-sidestart|p2: OG_Wanka|move: Stealth Rock
|
|turn|15
|
|move|p2a: Hydreigon|Focus Blast|p1a: Aggron|[miss]
|-miss|p2a: Hydreigon|p1a: Aggron
|move|p1a: Aggron|Thunder Wave|p2a: Hydreigon
|-status|p2a: Hydreigon|par
|
|turn|16
|
|move|p1a: Aggron|Heavy Slam|p2a: Hydreigon
|-damage|p2a: Hydreigon|193\/326 par
|move|p2a: Hydreigon|Focus Blast|p1a: Aggron|[miss]
|-miss|p2a: Hydreigon|p1a: Aggron
|
|turn|17
|
|move|p1a: Aggron|Heavy Slam|p2a: Hydreigon
|-damage|p2a: Hydreigon|46\/326 par
|move|p2a: Hydreigon|Focus Blast|p1a: Aggron
|-supereffective|p1a: Aggron
|-damage|p1a: Aggron|76\/344
|
|turn|18
|
|move|p1a: Aggron|Heavy Slam|p2a: Hydreigon
|-damage|p2a: Hydreigon|0 fnt
|faint|p2a: Hydreigon
|
|
|switch|p2a: Lucario|Lucario, M|282\/282
|-damage|p2a: Lucario|274\/282|[from] Stealth Rock
|turn|19
|
|move|p2a: Lucario|Swords Dance|p2a: Lucario
|-boost|p2a: Lucario|atk|2
|move|p1a: Aggron|Thunder Wave|p2a: Lucario
|-status|p2a: Lucario|par
|
|turn|20
|
|move|p1a: Aggron|Superpower|p2a: Lucario
|-supereffective|p2a: Lucario
|-damage|p2a: Lucario|0 fnt
|-unboost|p1a: Aggron|atk|1
|-unboost|p1a: Aggron|def|1
|faint|p2a: Lucario
|
|
|switch|p2a: Honchkrow|Honchkrow, F|308\/342
|-damage|p2a: Honchkrow|223\/342|[from] Stealth Rock
|turn|21
|
|move|p2a: Honchkrow|Brave Bird|p1a: Aggron
|-resisted|p1a: Aggron
|-damage|p1a: Aggron|0 fnt
|-damage|p2a: Honchkrow|198\/342|[from] recoil|[of] p1a: Aggron
|-damage|p2a: Honchkrow|164\/342|[from] item: Life Orb
|faint|p1a: Aggron
|-boost|p2a: Honchkrow|atk|1|[from] ability: Moxie
|
|
|switch|p1a: Galvantula|Galvantula, F|235\/281
|turn|22
|
|move|p2a: Honchkrow|Sucker Punch|p1a: Galvantula
|-damage|p1a: Galvantula|0 fnt
|-damage|p2a: Honchkrow|130\/342|[from] item: Life Orb
|faint|p1a: Galvantula
|-boost|p2a: Honchkrow|atk|1|[from] ability: Moxie
|
|
|switch|p1a: Machamp|Machamp, F|364\/364
|turn|23
|
|move|p2a: Honchkrow|Superpower|p1a: Machamp
|-damage|p1a: Machamp|0 fnt
|-unboost|p2a: Honchkrow|atk|1
|-unboost|p2a: Honchkrow|def|1
|-damage|p2a: Honchkrow|96\/342|[from] item: Life Orb
|faint|p1a: Machamp
|-boost|p2a: Honchkrow|atk|1|[from] ability: Moxie
|
|
|switch|p1a: Chandelure|Chandelure, F|261\/261
|turn|24
|
|move|p2a: Honchkrow|Sucker Punch|p1a: Chandelure
|-supereffective|p1a: Chandelure
|-damage|p1a: Chandelure|0 fnt
|-damage|p2a: Honchkrow|62\/342|[from] item: Life Orb
|faint|p1a: Chandelure
|-boost|p2a: Honchkrow|atk|1|[from] ability: Moxie
|
|win|OG_Wanka
|raw|Ladder updating...
|chat|OG_Wanka|gg
|raw|ThreeCardBrag's rating: 1290 &rarr; <strong>1264<\/strong><br \/>(-26 for losing)
|raw|OG_Wanka's rating: 1283 &rarr; <strong>1308<\/strong><br \/>(+25 for winning)
|chat|ThreeCardBrag|gg :)
|leave|ThreeCardBrag
|player|p1