|join|Etika Fan
|join|OG_Wanka
|player|p1|Etika Fan|169
|player|p2|OG_Wanka|222
|gametype|singles
|gen|6
|tier|UU
|rule|Sleep Clause Mod: Limit one foe put to sleep
|rule|Species Clause: Limit one of each PokÃ©mon
|rule|OHKO Clause: OHKO moves are banned
|rule|Moody Clause: Moody is banned
|rule|Evasion Moves Clause: Evasion moves are banned
|rule|Endless Battle Clause: Forcing endless battles is banned
|rule|HP Percentage Mod: HP is reported as percentages
|clearpoke
|poke|p1|Galvantula, F
|poke|p1|Swampert, M
|poke|p1|Victini
|poke|p1|Toxicroak, M
|poke|p1|Absol, F
|poke|p1|Trevenant, M
|poke|p2|Volcarona, F, shiny
|poke|p2|Froslass, F, shiny
|poke|p2|Lucario, M
|poke|p2|Sableye, F
|poke|p2|Swampert, F
|poke|p2|Tentacruel, M
|rule|Swagger Clause: Swagger is banned
|rule|Baton Pass Clause: Limit one PokÃ©mon knowing Baton Pass
|teampreview
|join|TheSacredUtopian
|join|So Dynamic
|
|start
|switch|p1a: Galvantula|Galvantula, F|282\/282
|switch|p2a: Froslass|Froslass, F, shiny|344\/344
|turn|1
|chat|OG_Wanka|shit
|chat|OG_Wanka|i mightve missclicked
|chat|Etika Fan|Keep going?
|chat|OG_Wanka|ya
|chat|OG_Wanka|its fine
|
|move|p2a: Froslass|Taunt|p1a: Galvantula
|-start|p1a: Galvantula|move: Taunt
|move|p1a: Galvantula|Thunder|p2a: Froslass
|-damage|p2a: Froslass|148\/344
|
|turn|2
|
|move|p2a: Froslass|Spikes|p1a: Galvantula
|-sidestart|p1: Etika Fan|Spikes
|move|p1a: Galvantula|Giga Drain|p2a: Froslass
|-damage|p2a: Froslass|42\/344
|
|turn|3
|
|move|p2a: Froslass|Destiny Bond|p2a: Froslass
|-singlemove|p2a: Froslass|Destiny Bond
|move|p1a: Galvantula|Giga Drain|p2a: Froslass
|-damage|p2a: Froslass|0 fnt
|faint|p2a: Froslass
|-activate|p2a: Froslass|Destiny Bond
|faint|p1a: Galvantula
|
|
|switch|p1a: Absol|Absol, F|271\/271
|-damage|p1a: Absol|238\/271|[from] Spikes
|switch|p2a: Swampert|Swampert, F|404\/404
|turn|4
|chat|TheSacredUtopian|good timing
|
|switch|p1a: Trevenant|Trevenant, M|374\/374
|-damage|p1a: Trevenant|328\/374|[from] Spikes
|move|p2a: Swampert|Stealth Rock|p1a: Trevenant
|-sidestart|p1: Etika Fan|move: Stealth Rock
|
|turn|5
|chat|Etika Fan|I need to still add a spinner 
|
|switch|p2a: Volcarona|Volcarona, F, shiny|312\/312
|move|p1a: Trevenant|Leech Seed|p2a: Volcarona
|-start|p2a: Volcarona|move: Leech Seed
|
|-damage|p2a: Volcarona|273\/312|[from] Leech Seed|[of] p1a: Trevenant
|-heal|p1a: Trevenant|367\/374|[silent]
|turn|6
|chat|OG_Wanka|i have sabelye
|chat|OG_Wanka|if you spin on a ghost
|chat|OG_Wanka|it doest work
|chat|OG_Wanka|just watch out for tht if you get one
|chat|Etika Fan|it can negate the hazards thoe and is a good counter to it
|
|switch|p2a: Sableye|Sableye, F|304\/304
|switch|p1a: Victini|Victini|341\/341
|-damage|p1a: Victini|256\/341|[from] Stealth Rock
|-damage|p1a: Victini|214\/341|[from] Spikes
|
|turn|7
|chat|OG_Wanka|true
|join|Sage of the 6
|
|move|p1a: Victini|V-create|p2a: Sableye
|-damage|p2a: Sableye|26\/304
|-unboost|p1a: Victini|def|1
|-unboost|p1a: Victini|spd|1
|-unboost|p1a: Victini|spe|1
|-damage|p1a: Victini|180\/341|[from] item: Life Orb
|move|p2a: Sableye|Knock Off|p1a: Victini
|-supereffective|p1a: Victini
|-damage|p1a: Victini|0 fnt
|-enditem|p1a: Victini|Life Orb|[from] move: Knock Off|[of] p2a: Sableye
|faint|p1a: Victini
|
|-heal|p2a: Sableye|45\/304|[from] item: Leftovers
|
|switch|p1a: Toxicroak|Toxicroak, M|370\/370
|-damage|p1a: Toxicroak|324\/370|[from] Spikes
|-damage|p1a: Toxicroak|301\/370|[from] Stealth Rock
|turn|8
|
|move|p1a: Toxicroak|Bullet Punch|p2a: Sableye
|-damage|p2a: Sableye|0 fnt
|-damage|p1a: Toxicroak|264\/370|[from] item: Life Orb
|faint|p2a: Sableye
|
|
|switch|p2a: Volcarona|Volcarona, F, shiny|273\/312
|turn|9
|chat|TheSacredUtopian|did a sableye just kill a victini
|
|move|p2a: Volcarona|Fiery Dance|p1a: Toxicroak
|-damage|p1a: Toxicroak|0 fnt
|-boost|p2a: Volcarona|spa|1
|-damage|p2a: Volcarona|242\/312|[from] item: Life Orb
|faint|p1a: Toxicroak
|
|chat|OG_Wanka|thos defene evs pay off
|chat|OG_Wanka|defense
|chat|TheSacredUtopian|fair enough
|
|switch|p1a: Absol|Absol, F|238\/271
|-damage|p1a: Absol|205\/271|[from] Spikes
|-damage|p1a: Absol|172\/271|[from] Stealth Rock
|turn|10
|
|switch|p2a: Swampert|Swampert, F|404\/404
|detailschange|p1a: Absol|Absol-Mega, F
|message|Absol has Mega Evolved into Mega Absol!
|move|p1a: Absol|Knock Off|p2a: Swampert
|-damage|p2a: Swampert|262\/404
|-enditem|p2a: Swampert|Leftovers|[from] move: Knock Off|[of] p1a: Absol
|
|turn|11
|
|switch|p1a: Trevenant|Trevenant, M|367\/374
|-damage|p1a: Trevenant|321\/374|[from] Stealth Rock
|-damage|p1a: Trevenant|275\/374|[from] Spikes
|move|p2a: Swampert|Earthquake|p1a: Trevenant
|-resisted|p1a: Trevenant
|-damage|p1a: Trevenant|200\/374
|
|turn|12
|
|switch|p2a: Lucario|Lucario, M|281\/281
|move|p1a: Trevenant|Leech Seed|p2a: Lucario
|-start|p2a: Lucario|move: Leech Seed
|
|-damage|p2a: Lucario|246\/281|[from] Leech Seed|[of] p1a: Trevenant
|-heal|p1a: Trevenant|235\/374|[silent]
|turn|13
|
|move|p2a: Lucario|Swords Dance|p2a: Lucario
|-boost|p2a: Lucario|atk|2
|move|p1a: Trevenant|Will-O-Wisp|p2a: Lucario
|-status|p2a: Lucario|brn
|
|-damage|p2a: Lucario|211\/281 brn|[from] Leech Seed|[of] p1a: Trevenant
|-heal|p1a: Trevenant|270\/374|[silent]
|-damage|p2a: Lucario|176\/281 brn|[from] brn
|turn|14
|chat|OG_Wanka|fuck
|
|move|p1a: Trevenant|Protect|p1a: Trevenant
|-singleturn|p1a: Trevenant|Protect
|move|p2a: Lucario|Crunch|p1a: Trevenant
|-activate|p1a: Trevenant|Protect
|
|-damage|p2a: Lucario|141\/281 brn|[from] Leech Seed|[of] p1a: Trevenant
|-heal|p1a: Trevenant|305\/374|[silent]
|-damage|p2a: Lucario|106\/281 brn|[from] brn
|turn|15
|
|switch|p1a: Absol|Absol-Mega, F|172\/271
|-damage|p1a: Absol|139\/271|[from] Stealth Rock
|-damage|p1a: Absol|106\/271|[from] Spikes
|move|p2a: Lucario|Crunch|p1a: Absol
|-resisted|p1a: Absol
|-damage|p1a: Absol|22\/271
|-unboost|p1a: Absol|def|1
|-damage|p2a: Lucario|78\/281 brn|[from] item: Life Orb
|
|-damage|p2a: Lucario|43\/281 brn|[from] Leech Seed|[of] p1a: Absol
|-heal|p1a: Absol|57\/271|[silent]
|-damage|p2a: Lucario|8\/281 brn|[from] brn
|turn|16
|
|move|p2a: Lucario|Extreme Speed|p1a: Absol
|-damage|p1a: Absol|0 fnt
|-damage|p2a: Lucario|0 fnt|[from] item: Life Orb
|faint|p1a: Absol
|faint|p2a: Lucario
|
|
|switch|p2a: Tentacruel|Tentacruel, M|364\/364
|switch|p1a: Swampert|Swampert, M|404\/404
|-damage|p1a: Swampert|379\/404|[from] Stealth Rock
|-damage|p1a: Swampert|329\/404|[from] Spikes
|turn|17
|chat|OG_Wanka|cmon burn
|
|move|p2a: Tentacruel|Scald|p1a: Swampert
|-damage|p1a: Swampert|245\/404
|move|p1a: Swampert|Earthquake|p2a: Tentacruel
|-supereffective|p2a: Tentacruel
|-damage|p2a: Tentacruel|0 fnt
|faint|p2a: Tentacruel
|
|chat|Etika Fan|I had already accepted the hax....
|join|Plesius
|chat|Sage of the 6|swamp vs swamp wanka
|
|switch|p2a: Swampert|Swampert, F|262\/404
|turn|18
|chat|Sage of the 6|unless volc has giga
|chat|OG_Wanka|damn
|chat|OG_Wanka|thts wht i forgot
|chat|OG_Wanka|giga
|chat|Sage of the 6|its illegal with swarm
|chat|Sage of the 6|so run bulkarona its the best
|chat|Etika Fan|The swampert battle is real
|
|move|p1a: Swampert|Earthquake|p2a: Swampert
|-damage|p2a: Swampert|121\/404
|move|p2a: Swampert|Roar|p1a: Swampert
|drag|p1a: Trevenant|Trevenant, M|305\/374
|-damage|p1a: Trevenant|259\/374|[from] Stealth Rock
|-damage|p1a: Trevenant|213\/374|[from] Spikes
|
|turn|19
|
|move|p2a: Swampert|Earthquake|p1a: Trevenant
|-resisted|p1a: Trevenant
|-damage|p1a: Trevenant|138\/374
|-enditem|p1a: Trevenant|Sitrus Berry|[eat]
|-heal|p1a: Trevenant|231\/374|[from] item: Sitrus Berry
|move|p1a: Trevenant|Leech Seed|p2a: Swampert
|-start|p2a: Swampert|move: Leech Seed
|
|-damage|p2a: Swampert|71\/404|[from] Leech Seed|[of] p1a: Trevenant
|-heal|p1a: Trevenant|281\/374|[silent]
|-item|p1a: Trevenant|Sitrus Berry|[from] ability: Harvest
|turn|20
|
|move|p2a: Swampert|Earthquake|p1a: Trevenant
|-crit|p1a: Trevenant
|-resisted|p1a: Trevenant
|-damage|p1a: Trevenant|168\/374
|-enditem|p1a: Trevenant|Sitrus Berry|[eat]
|-heal|p1a: Trevenant|261\/374|[from] item: Sitrus Berry
|move|p1a: Trevenant|Horn Leech|p2a: Swampert
|-supereffective|p2a: Swampert
|-damage|p2a: Swampert|0 fnt
|-heal|p1a: Trevenant|297\/374|[from] drain|[of] p2a: Swampert
|faint|p2a: Swampert
|
|-item|p1a: Trevenant|Sitrus Berry|[from] ability: Harvest
|chat|Sage of the 6|gg
|
|switch|p2a: Volcarona|Volcarona, F, shiny|242\/312
|turn|21
|leave|Sage of the 6
|chat|TheSacredUtopian|i see what you did them wanka
|join|Sage of the 6
|chat|TheSacredUtopian|smart
|leave|Sage of the 6
|chat|OG_Wanka|haha
|chat|OG_Wanka|i need a decen damage roll
|chat|OG_Wanka|actaully
|chat|Etika Fan|Your team's good Wanka
|
|move|p2a: Volcarona|Quiver Dance|p2a: Volcarona
|-boost|p2a: Volcarona|spa|1
|-boost|p2a: Volcarona|spd|1
|-boost|p2a: Volcarona|spe|1
|move|p1a: Trevenant|Leech Seed|p2a: Volcarona
|-start|p2a: Volcarona|move: Leech Seed
|
|-damage|p2a: Volcarona|203\/312|[from] Leech Seed|[of] p1a: Trevenant
|-heal|p1a: Trevenant|336\/374|[silent]
|turn|22
|
|move|p1a: Trevenant|Protect|p1a: Trevenant
|-singleturn|p1a: Trevenant|Protect
|move|p2a: Volcarona|Fiery Dance|p1a: Trevenant
|-activate|p1a: Trevenant|Protect
|
|-damage|p2a: Volcarona|164\/312|[from] Leech Seed|[of] p1a: Trevenant
|-heal|p1a: Trevenant|374\/374|[silent]
|turn|23
|chat|TheSacredUtopian|if he switched he takes damage and you can kill that thing anytime
|
|switch|p1a: Swampert|Swampert, M|245\/404
|-damage|p1a: Swampert|220\/404|[from] Stealth Rock
|-damage|p1a: Swampert|170\/404|[from] Spikes
|move|p2a: Volcarona|Fire Blast|p1a: Swampert
|-resisted|p1a: Swampert
|-damage|p1a: Swampert|0 fnt
|-damage|p2a: Volcarona|133\/312|[from] item: Life Orb
|faint|p1a: Swampert
|
|chat|OG_Wanka|as long as fire blast doesnt miss
|
|switch|p1a: Trevenant|Trevenant, M|374\/374
|-damage|p1a: Trevenant|328\/374|[from] Stealth Rock
|-damage|p1a: Trevenant|282\/374|[from] Spikes
|turn|24
|chat|TheSacredUtopian|nice
|chat|OG_Wanka|i think im good
|
|move|p1a: Trevenant|Protect|p1a: Trevenant
|-singleturn|p1a: Trevenant|Protect
|move|p2a: Volcarona|Fiery Dance|p1a: Trevenant
|-activate|p1a: Trevenant|Protect
|
|-damage|p2a: Volcarona|94\/312|[from] Leech Seed|[of] p1a: Trevenant
|-heal|p1a: Trevenant|321\/374|[silent]
|turn|25
|
|move|p2a: Volcarona|Fiery Dance|p1a: Trevenant
|-supereffective|p1a: Trevenant
|-damage|p1a: Trevenant|0 fnt
|-damage|p2a: Volcarona|63\/312|[from] item: Life Orb
|faint|p1a: Trevenant
|
|win|OG_Wanka
|chat|OG_Wanka|gg eticka ty
|chat|Etika Fan|Yeah u already got this, gg man :)
|chat|TheSacredUtopian|close
|leave|OG_Wanka
|player|p2
|leave|Etika Fan
|player|p1
|leave|TheSacredUtopian
|join|blitzfiend
|leave|blitzfiend
|leave|So Dynamic