|join|OG_Wanka
|join|GunnerRohan
|player|p1|OG_Wanka|222
|player|p2|GunnerRohan|253
|gametype|singles
|gen|6
|tier|UU
|rated
|rule|Sleep Clause Mod: Limit one foe put to sleep
|rule|Species Clause: Limit one of each PokÃ©mon
|rule|OHKO Clause: OHKO moves are banned
|rule|Moody Clause: Moody is banned
|rule|Evasion Moves Clause: Evasion moves are banned
|rule|Endless Battle Clause: Forcing endless battles is banned
|rule|HP Percentage Mod: HP is reported as percentages
|clearpoke
|poke|p1|Blissey, F
|poke|p1|Granbull, M
|poke|p1|Slowbro, M
|poke|p1|Mew
|poke|p1|Shaymin
|poke|p1|Victini
|poke|p2|Hydreigon, M
|poke|p2|Slowbro, F
|poke|p2|Victini
|poke|p2|Mienshao, M
|poke|p2|Krookodile, F
|poke|p2|Blastoise, M
|rule|Swagger Clause: Swagger is banned
|rule|Baton Pass Clause: Limit one PokÃ©mon knowing Baton Pass
|teampreview
|
|start
|switch|p1a: Victini|Victini|342\/342
|switch|p2a: Krookodile|Krookodile, F|331\/331
|turn|1
|
|move|p1a: Victini|V-create|p2a: Krookodile
|-damage|p2a: Krookodile|0 fnt
|-unboost|p1a: Victini|def|1
|-unboost|p1a: Victini|spd|1
|-unboost|p1a: Victini|spe|1
|faint|p2a: Krookodile
|
|
|switch|p2a: Blastoise|Blastoise, M|362\/362
|turn|2
|
|switch|p1a: Blissey|Blissey, F|652\/652
|detailschange|p2a: Blastoise|Blastoise-Mega, M
|message|Blastoise has Mega Evolved into Mega Blastoise!
|move|p2a: Blastoise|Water Pulse|p1a: Blissey
|-damage|p1a: Blissey|526\/652
|
|-heal|p1a: Blissey|566\/652|[from] item: Leftovers
|turn|3
|
|move|p2a: Blastoise|Aura Sphere|p1a: Blissey
|-supereffective|p1a: Blissey
|-damage|p1a: Blissey|360\/652
|move|p1a: Blissey|Thunder Wave|p2a: Blastoise
|-status|p2a: Blastoise|par
|
|-heal|p1a: Blissey|400\/652|[from] item: Leftovers
|turn|4
|
|move|p1a: Blissey|Soft-Boiled|p1a: Blissey
|-heal|p1a: Blissey|652\/652
|move|p2a: Blastoise|Aura Sphere|p1a: Blissey
|-supereffective|p1a: Blissey
|-damage|p1a: Blissey|446\/652
|
|-heal|p1a: Blissey|486\/652|[from] item: Leftovers
|turn|5
|
|move|p1a: Blissey|Stealth Rock|p2a: Blastoise
|-sidestart|p2: GunnerRohan|move: Stealth Rock
|move|p2a: Blastoise|Aura Sphere|p1a: Blissey
|-supereffective|p1a: Blissey
|-damage|p1a: Blissey|280\/652
|
|-heal|p1a: Blissey|320\/652|[from] item: Leftovers
|turn|6
|
|move|p1a: Blissey|Soft-Boiled|p1a: Blissey
|-heal|p1a: Blissey|646\/652
|move|p2a: Blastoise|Rapid Spin|p1a: Blissey
|-damage|p1a: Blissey|618\/652
|-sideend|p2: GunnerRohan|Stealth Rock|[from] move: Rapid Spin|[of] p2a: Blastoise
|
|-heal|p1a: Blissey|652\/652|[from] item: Leftovers
|turn|7
|
|switch|p2a: Mienshao|Mienshao, M|271\/271
|move|p1a: Blissey|Wish|p1a: Blissey
|
|turn|8
|
|switch|p1a: Slowbro|Slowbro, M|394\/394
|move|p2a: Mienshao|Knock Off|p1a: Slowbro
|-supereffective|p1a: Slowbro
|-damage|p1a: Slowbro|204\/394
|-damage|p2a: Mienshao|226\/271|[from] item: Rocky Helmet|[of] p1a: Slowbro
|-enditem|p1a: Slowbro|Rocky Helmet|[from] move: Knock Off|[of] p2a: Mienshao
|-damage|p2a: Mienshao|199\/271|[from] item: Life Orb
|
|-heal|p1a: Slowbro|394\/394|[from] move: Wish|[wisher] Blissey
|turn|9
|chat|GunnerRohan|BOP
|
|switch|p2a: Blastoise|Blastoise-Mega, M|362\/362 par
|move|p1a: Slowbro|Scald|p2a: Blastoise
|-crit|p2a: Blastoise
|-resisted|p2a: Blastoise
|-damage|p2a: Blastoise|303\/362 par
|
|turn|10
|
|switch|p1a: Blissey|Blissey, F|652\/652
|cant|p2a: Blastoise|par
|
|turn|11
|chat|OG_Wanka|the pink is real
|
|switch|p2a: Mienshao|Mienshao, M|271\/271
|move|p1a: Blissey|Wish|p1a: Blissey
|
|turn|12
|chat|GunnerRohan|the asshole plays are real
|
|switch|p2a: Hydreigon|Hydreigon, M|325\/325
|switch|p1a: Mew|Mew|404\/404
|
|turn|13
|chat|OG_Wanka|then forfeit
|
|switch|p1a: Granbull|Granbull, M|384\/384
|-ability|p1a: Granbull|Intimidate|[of] p2a: Hydreigon
|-unboost|p2a: Hydreigon|atk|1
|move|p2a: Hydreigon|Dark Pulse|p1a: Granbull
|-resisted|p1a: Granbull
|-damage|p1a: Granbull|249\/384
|-damage|p2a: Hydreigon|293\/325|[from] item: Life Orb
|
|-heal|p1a: Granbull|273\/384|[from] item: Leftovers
|turn|14
|chat|GunnerRohan|If I forfeit
|chat|GunnerRohan|then more losers like you 
|chat|GunnerRohan|will breed
|
|switch|p2a: Blastoise|Blastoise-Mega, M|303\/362 par
|move|p1a: Granbull|Play Rough|p2a: Blastoise
|-damage|p2a: Blastoise|188\/362 par
|
|-heal|p1a: Granbull|297\/384|[from] item: Leftovers
|turn|15
|chat|OG_Wanka|why you trippin 
|
|switch|p1a: Blissey|Blissey, F|652\/652
|move|p2a: Blastoise|Water Pulse|p1a: Blissey
|-damage|p1a: Blissey|537\/652
|
|-heal|p1a: Blissey|577\/652|[from] item: Leftovers
|turn|16
|
|move|p1a: Blissey|Stealth Rock|p2a: Blastoise
|-sidestart|p2: GunnerRohan|move: Stealth Rock
|move|p2a: Blastoise|Aura Sphere|p1a: Blissey
|-supereffective|p1a: Blissey
|-damage|p1a: Blissey|377\/652
|
|-heal|p1a: Blissey|417\/652|[from] item: Leftovers
|turn|17
|
|move|p1a: Blissey|Wish|p1a: Blissey
|move|p2a: Blastoise|Rapid Spin|p1a: Blissey
|-damage|p1a: Blissey|389\/652
|-sideend|p2: GunnerRohan|Stealth Rock|[from] move: Rapid Spin|[of] p2a: Blastoise
|
|-heal|p1a: Blissey|429\/652|[from] item: Leftovers
|turn|18
|
|switch|p1a: Shaymin|Shaymin|342\/342
|switch|p2a: Mienshao|Mienshao, M|271\/271
|
|turn|19
|
|move|p2a: Mienshao|Aerial Ace|p1a: Shaymin
|-supereffective|p1a: Shaymin
|-damage|p1a: Shaymin|176\/342
|-damage|p2a: Mienshao|244\/271|[from] item: Life Orb
|move|p1a: Shaymin|Seed Flare|p2a: Mienshao
|-damage|p2a: Mienshao|0 fnt
|-damage|p1a: Shaymin|142\/342|[from] item: Life Orb
|faint|p2a: Mienshao
|
|
|switch|p2a: Hydreigon|Hydreigon, M|293\/325
|turn|20
|
|switch|p1a: Blissey|Blissey, F|429\/652
|move|p2a: Hydreigon|Draco Meteor|p1a: Blissey
|-damage|p1a: Blissey|246\/652
|-unboost|p2a: Hydreigon|spa|2
|-damage|p2a: Hydreigon|261\/325|[from] item: Life Orb
|
|-heal|p1a: Blissey|286\/652|[from] item: Leftovers
|turn|21
|-message|GunnerRohan forfeited.
|
|win|OG_Wanka
|raw|Ladder updating...
|leave|GunnerRohan
|raw|OG_Wanka's rating: 1303 &rarr; <strong>1322<\/strong><br \/>(+19 for winning)
|raw|GunnerRohan's rating: 1299 &rarr; <strong>1274<\/strong><br \/>(-25 for losing)
|player|p2
|chat|OG_Wanka|slowly but surely