|join|SpaSweeper Gatomon
|join|OG_Wanka
|player|p1|SpaSweeper Gatomon|33
|player|p2|OG_Wanka|92
|gametype|singles
|gen|6
|tier|UU
|rule|Sleep Clause Mod: Limit one foe put to sleep
|rule|Species Clause: Limit one of each PokÃ©mon
|rule|OHKO Clause: OHKO moves are banned
|rule|Moody Clause: Moody is banned
|rule|Evasion Moves Clause: Evasion moves are banned
|rule|Endless Battle Clause: Forcing endless battles is banned
|rule|HP Percentage Mod: HP is shown in percentages
|clearpoke
|poke|p1|Aerodactyl, F
|poke|p1|Hippowdon, M
|poke|p1|Florges, F
|poke|p1|Stoutland, M, shiny
|poke|p1|Cacturne, F
|poke|p1|Noivern, M
|poke|p2|Azelf, shiny
|poke|p2|Mienshao, F, shiny
|poke|p2|Absol, M, shiny
|poke|p2|Nidoking, M
|poke|p2|Shaymin
|poke|p2|Victini
|rule|Swagger Clause: Swagger is banned
|rule|Baton Pass Clause: Limit one PokÃ©mon knowing Baton Pass
|teampreview
|join|Duskt70
|join|AquaCat
|join|Scrubs "R" Us
|c| Duskt70|i face whoever comes out of this
|c| AquaCat|Hyper offense nice
|c|âSpaSweeper Gatomon|Don't think it's going to be me.
|join|kidd timelapse
|
|start
|switch|p1a: Hippowdon|Hippowdon, M|420\/420
|switch|p2a: Azelf|Azelf, shiny|291\/291
|-weather|Sandstorm
|turn|1
|join|Dad's Dad
|c|âOG_Wanka|don say that
|
|switch|p1a: Stoutland|Stoutland, M, shiny|311\/311
|move|p2a: Azelf|Taunt|p1a: Stoutland
|-start|p1a: Stoutland|move: Taunt
|
|-weather|Sandstorm|[upkeep]
|-damage|p2a: Azelf|273\/291|[from] sandstorm
|turn|2
|c|âOG_Wanka|i choke a lot(:
|
|move|p1a: Stoutland|Frustration|p2a: Azelf
|-damage|p2a: Azelf|0 fnt
|faint|p2a: Azelf
|
|-weather|Sandstorm|[upkeep]
|c|âSpaSweeper Gatomon|I was expecting to lose first round haha
|c|âSpaSweeper Gatomon|I'm kinda impressed with this team.
|c| Duskt70|based sand doge
|join|Thisbemyalt
|
|switch|p2a: Mienshao|Mienshao, F, shiny|271\/271
|turn|3
|
|move|p1a: Stoutland|Frustration|p2a: Mienshao
|-damage|p2a: Mienshao|0 fnt
|faint|p2a: Mienshao
|
|-weather|Sandstorm|[upkeep]
|
|switch|p2a: Victini|Victini|341\/341
|turn|4
|c|âOG_Wanka|aww poo
|
|move|p1a: Stoutland|Frustration|p2a: Victini
|-damage|p2a: Victini|85\/341
|move|p2a: Victini|V-create|p1a: Stoutland
|-damage|p1a: Stoutland|0 fnt
|-unboost|p2a: Victini|def|1
|-unboost|p2a: Victini|spd|1
|-unboost|p2a: Victini|spe|1
|faint|p1a: Stoutland
|
|-weather|Sandstorm|[upkeep]
|-damage|p2a: Victini|64\/341|[from] sandstorm
|c|âSpaSweeper Gatomon|I couldn't remember if that killed or not.
|c|âSpaSweeper Gatomon|outsped*
|c|âOG_Wanka|i was scarf shao
|c|âOG_Wanka|thought i outsped
|
|switch|p1a: Noivern|Noivern, M|311\/311
|turn|5
|c|âSpaSweeper Gatomon|Ye
|c|âSpaSweeper Gatomon|I use jolly, that's why
|
|switch|p2a: Shaymin|Shaymin|342\/342
|move|p1a: Noivern|U-turn|p2a: Shaymin
|-supereffective|p2a: Shaymin
|-damage|p2a: Shaymin|261\/342
|-damage|p1a: Noivern|280\/311|[from] item: Life Orb
|c|âSpaSweeper Gatomon|Otherwise Cloyster runs the team down
|
|switch|p1a: Aerodactyl|Aerodactyl, F|364\/364
|-ability|p1a: Aerodactyl|Pressure
|
|-weather|none
|turn|6
|join|Dudeman130498
|
|switch|p2a: Absol|Absol, M, shiny|271\/271
|detailschange|p1a: Aerodactyl|Aerodactyl-Mega, F
|message|Aerodactyl has Mega Evolved into Mega Aerodactyl!
|move|p1a: Aerodactyl|Aerial Ace|p2a: Absol
|-damage|p2a: Absol|85\/271
|
|turn|7
|
|detailschange|p2a: Absol|Absol-Mega, M, shiny
|message|Absol has Mega Evolved into Mega Absol!
|move|p2a: Absol|Sucker Punch|p1a: Aerodactyl
|-damage|p1a: Aerodactyl|178\/364
|move|p1a: Aerodactyl|Aerial Ace|p2a: Absol
|-damage|p2a: Absol|0 fnt
|faint|p2a: Absol
|
|c| Dudeman130498|isn't this like a really really old rmt
|
|switch|p2a: Nidoking|Nidoking, M|304\/304
|turn|8
|c|âOG_Wanka|yea
|c|âOG_Wanka|i fucked up tho
|c|âOG_Wanka|sacked shao on accident
|
|switch|p1a: Florges|Florges, F|360\/360
|move|p2a: Nidoking|Ice Beam|p1a: Florges
|-damage|p1a: Florges|285\/360
|
|-heal|p1a: Florges|307\/360|[from] item: Leftovers
|turn|9
|leave|Scrubs "R" Us
|
|move|p2a: Nidoking|Sludge Wave|p1a: Florges
|-supereffective|p1a: Florges
|-damage|p1a: Florges|39\/360
|move|p1a: Florges|Wish|p1a: Florges
|
|-heal|p1a: Florges|61\/360|[from] item: Leftovers
|turn|10
|join|Lixx
|
|switch|p1a: Hippowdon|Hippowdon, M|420\/420
|-weather|Sandstorm
|move|p2a: Nidoking|Ice Beam|p1a: Hippowdon
|-supereffective|p1a: Hippowdon
|-damage|p1a: Hippowdon|48\/420
|
|-weather|Sandstorm|[upkeep]
|-heal|p1a: Hippowdon|228\/420|[from] move: Wish|[wisher] Florges
|-heal|p1a: Hippowdon|254\/420|[from] item: Leftovers
|turn|11
|c| Dudeman130498|azelf is kind of bad
|c| Dudeman130498|nowadays
|join|YoungLegend
|c| Lixx|sad but i'm seeing the truth of it
|c| Lixx|:[
|join|Volbeatdown
|
|move|p2a: Nidoking|Ice Beam|p1a: Hippowdon
|-supereffective|p1a: Hippowdon
|-damage|p1a: Hippowdon|0 fnt
|faint|p1a: Hippowdon
|
|-weather|Sandstorm|[upkeep]
|
|switch|p1a: Noivern|Noivern, M|280\/311
|turn|12
|
|switch|p2a: Shaymin|Shaymin|261\/342
|move|p1a: Noivern|Draco Meteor|p2a: Shaymin
|-damage|p2a: Shaymin|30\/342
|-unboost|p1a: Noivern|spa|2
|-damage|p1a: Noivern|249\/311|[from] item: Life Orb
|
|-weather|Sandstorm|[upkeep]
|-damage|p1a: Noivern|230\/311|[from] sandstorm
|-damage|p2a: Shaymin|9\/342|[from] sandstorm
|turn|13
|c|âSpaSweeper Gatomon|I love Azelf though
|c|âSpaSweeper Gatomon|:(
|
|move|p1a: Noivern|U-turn|p2a: Shaymin
|-supereffective|p2a: Shaymin
|-damage|p2a: Shaymin|0 fnt
|-damage|p1a: Noivern|199\/311|[from] item: Life Orb
|faint|p2a: Shaymin
|
|switch|p1a: Cacturne|Cacturne, F|344\/344
|
|-weather|Sandstorm|[upkeep]
|-damage|p1a: Cacturne|323\/344|[from] sandstorm
|join|Turrbobomber
|join|Colbrushie
|
|switch|p2a: Victini|Victini|64\/341
|turn|14
|
|move|p1a: Cacturne|Sucker Punch|p2a: Victini
|-supereffective|p2a: Victini
|-damage|p2a: Victini|0 fnt
|-damage|p1a: Cacturne|289\/344|[from] item: Life Orb
|faint|p2a: Victini
|
|-weather|none
|
|switch|p2a: Nidoking|Nidoking, M|304\/304
|turn|15
|
|move|p1a: Cacturne|Sucker Punch|p2a: Nidoking
|-damage|p2a: Nidoking|78\/304
|-damage|p1a: Cacturne|255\/344|[from] item: Life Orb
|move|p2a: Nidoking|Sludge Wave|p1a: Cacturne
|-supereffective|p1a: Cacturne
|-damage|p1a: Cacturne|0 fnt
|faint|p1a: Cacturne
|
|c| Dad's Dad|all the coverage
|c| Dad's Dad|but not enough speed
|c| Volbeatdown|scarf nido can win
|c| Volbeatdown|js
|c| Volbeatdown|js
|c| Duskt70|scarfed nido
|
|switch|p1a: Noivern|Noivern, M|199\/311
|turn|16
|c| Dad's Dad|he isn't
|c| Duskt70|lel
|c| Volbeatdown|js
|c|âOG_Wanka|im not
|c| Dad's Dad|scarfed noivern imo
|
|move|p1a: Noivern|Air Slash|p2a: Nidoking|[miss]
|-miss|p1a: Noivern|p2a: Nidoking
|move|p2a: Nidoking|Ice Beam|p1a: Noivern
|-supereffective|p1a: Noivern
|-damage|p1a: Noivern|0 fnt
|faint|p1a: Noivern
|
|c| Volbeatdown|OOOO
|c| Duskt70|!
|c| Dad's Dad|or nah
|c| YoungLegend|darn
|c| Dudeman130498|air slash is bad
|c| Dad's Dad|just eq
|leave|kidd timelapse
|c| Dad's Dad|or ace
|c|âSpaSweeper Gatomon|I knew that was going to happen = =
|c|âOG_Wanka|acekills
|
|switch|p1a: Aerodactyl|Aerodactyl-Mega, F|178\/364
|turn|17
|c| Dudeman130498|use boomburst or hurricane
|c|âOG_Wanka|chill
|c|âOG_Wanka|ace
|c| Duskt70|inb4 miss
|
|move|p1a: Aerodactyl|Aerial Ace|p2a: Nidoking
|-damage|p2a: Nidoking|0 fnt
|faint|p2a: Nidoking
|
|win|SpaSweeper Gatomon
|c| Duskt70|somehow
|c|âOG_Wanka|gg
|c|âSpaSweeper Gatomon|Whew..
|leave|Dad's Dad
|c|âSpaSweeper Gatomon|Gg
|leave|Dudeman130498
|leave|OG_Wanka
|player|p2
|leave|Duskt70
|leave|YoungLegend
|leave|Colbrushie
|leave|Volbeatdown
|leave|AquaCat
|leave|Turrbobomber