|join|OG_Wanka
|join|Xiba
|player|p1|OG_Wanka|52
|player|p2|Xiba|2
|gametype|singles
|gen|6
|tier|UU
|rated
|rule|Sleep Clause Mod: Limit one foe put to sleep
|rule|Species Clause: Limit one of each PokÃ©mon
|rule|OHKO Clause: OHKO moves are banned
|rule|Moody Clause: Moody is banned
|rule|Evasion Moves Clause: Evasion moves are banned
|rule|Endless Battle Clause: Forcing endless battles is banned
|rule|HP Percentage Mod: HP is shown in percentages
|clearpoke
|poke|p1|Empoleon, F
|poke|p1|Cresselia, F
|poke|p1|Ampharos, M
|poke|p1|Whimsicott, M
|poke|p1|Entei, shiny
|poke|p1|Hydreigon, M
|poke|p2|Hydreigon, F
|poke|p2|Mienshao, F
|poke|p2|Gligar, F
|poke|p2|Whimsicott, F
|poke|p2|Darmanitan, M
|poke|p2|Forretress, M
|rule|Swagger Clause: Swagger is banned
|rule|Baton Pass Clause: Limit one PokÃ©mon knowing Baton Pass
|teampreview
|
|start
|switch|p1a: Cresselia|Cresselia, F|443\/443
|switch|p2a: Mienshao|Mienshao, F|271\/271
|turn|1
|
|move|p2a: Mienshao|U-turn|p1a: Cresselia
|-supereffective|p1a: Cresselia
|-damage|p1a: Cresselia|347\/443
|
|switch|p2a: Forretress|Forretress, M|354\/354
|move|p1a: Cresselia|Calm Mind|p1a: Cresselia
|-boost|p1a: Cresselia|spa|1
|-boost|p1a: Cresselia|spd|1
|
|-heal|p1a: Cresselia|374\/443|[from] item: Leftovers
|turn|2
|
|switch|p1a: Empoleon|Empoleon, F|372\/372
|move|p2a: Forretress|Toxic|p1a: Empoleon
|-fail|p1a: Empoleon
|
|turn|3
|
|move|p1a: Empoleon|Scald|p2a: Forretress
|-damage|p2a: Forretress|261\/354
|move|p2a: Forretress|Volt Switch|p1a: Empoleon
|-supereffective|p1a: Empoleon
|-damage|p1a: Empoleon|314\/372
|
|switch|p2a: Darmanitan|Darmanitan, M|351\/351
|
|-heal|p1a: Empoleon|337\/372|[from] item: Leftovers
|turn|4
|
|switch|p1a: Cresselia|Cresselia, F|374\/443
|move|p2a: Darmanitan|Flare Blitz|p1a: Cresselia
|-damage|p1a: Cresselia|88\/443
|-damage|p2a: Darmanitan|257\/351|[from] recoil|[of] p1a: Cresselia
|
|-heal|p1a: Cresselia|115\/443|[from] item: Leftovers
|turn|5
|c|âOG_Wanka|why must you be cb
|c|âOG_Wanka|ugh
|
|move|p2a: Darmanitan|Flare Blitz|p1a: Cresselia
|-damage|p1a: Cresselia|0 fnt
|-damage|p2a: Darmanitan|219\/351|[from] recoil|[of] p1a: Cresselia
|faint|p1a: Cresselia
|
|c|âXiba|;)
|
|switch|p1a: Ampharos|Ampharos, M|384\/384
|turn|6
|
|switch|p2a: Whimsicott|Whimsicott, F|323\/323
|detailschange|p1a: Ampharos|Ampharos-Mega, M
|message|Ampharos has Mega Evolved into Mega Ampharos!
|-ability|p1a: Ampharos|Mold Breaker
|move|p1a: Ampharos|Dragon Pulse|p2a: Whimsicott
|-immune|p2a: Whimsicott|[msg]
|
|turn|7
|join|LiberalLucario
|
|switch|p1a: Entei|Entei, shiny|372\/372
|-ability|p1a: Entei|Pressure
|move|p2a: Whimsicott|Leech Seed|p1a: Entei
|-start|p1a: Entei|move: Leech Seed
|
|-damage|p1a: Entei|326\/372|[from] Leech Seed|[of] p2a: Whimsicott
|turn|8
|
|move|p2a: Whimsicott|Protect|p2a: Whimsicott
|-singleturn|p2a: Whimsicott|Protect
|move|p1a: Entei|Sacred Fire|p2a: Whimsicott
|-activate|p2a: Whimsicott|Protect
|
|-damage|p1a: Entei|280\/372|[from] Leech Seed|[of] p2a: Whimsicott
|turn|9
|c| LiberalLucario|for future reference
|c| LiberalLucario|go to amph on darm
|c| LiberalLucario|or entei
|c| LiberalLucario|not cress
|c| LiberalLucario|lmao
|c|âXiba|entei still gets 2HKO
|c|âOG_Wanka|scarf only does like 40 to cress and i thought id just heal it off
|c|âOG_Wanka|but hes cb
|
|switch|p2a: Gligar|Gligar, F|334\/334
|move|p1a: Entei|Sacred Fire|p2a: Gligar
|-damage|p2a: Gligar|211\/334
|
|-damage|p1a: Entei|234\/372|[from] Leech Seed|[of] p2a: Gligar
|-heal|p2a: Gligar|257\/334|[silent]
|turn|10
|
|switch|p1a: Hydreigon|Hydreigon, M|325\/325
|move|p2a: Gligar|Earthquake|p1a: Hydreigon
|-immune|p1a: Hydreigon|[msg]
|
|turn|11
|c|âOG_Wanka|i cant get a burn to save my life
|c|âOG_Wanka|i swear
|
|switch|p2a: Whimsicott|Whimsicott, F|323\/323
|move|p1a: Hydreigon|Dark Pulse|p2a: Whimsicott
|-resisted|p2a: Whimsicott
|-damage|p2a: Whimsicott|263\/323
|
|-heal|p2a: Whimsicott|283\/323|[from] item: Leftovers
|turn|12
|c|âOG_Wanka|why didnt i u turn
|c|âOG_Wanka|idfk
|c|âOG_Wanka|-.-
|
|switch|p1a: Entei|Entei, shiny|234\/372
|-ability|p1a: Entei|Pressure
|move|p2a: Whimsicott|U-turn|p1a: Entei
|-resisted|p1a: Entei
|-damage|p1a: Entei|213\/372
|
|switch|p2a: Mienshao|Mienshao, F|271\/271
|
|turn|13
|
|switch|p1a: Whimsicott|Whimsicott, M|261\/261
|move|p2a: Mienshao|High Jump Kick|p1a: Whimsicott|[miss]
|-miss|p2a: Mienshao|p1a: Whimsicott
|-damage|p2a: Mienshao|136\/271|[from] highjumpkick
|
|turn|14
|c| LiberalLucario|lomo
|
|switch|p2a: Forretress|Forretress, M|261\/354
|move|p1a: Whimsicott|U-turn|p2a: Forretress
|-resisted|p2a: Forretress
|-damage|p2a: Forretress|247\/354
|
|switch|p1a: Entei|Entei, shiny|213\/372
|-ability|p1a: Entei|Pressure
|
|-heal|p2a: Forretress|269\/354|[from] item: Leftovers
|turn|15
|c| LiberalLucario|e n t e i
|c| LiberalLucario|here coems
|c| LiberalLucario|a death
|
|switch|p2a: Hydreigon|Hydreigon, F|325\/325
|move|p1a: Entei|Sacred Fire|p2a: Hydreigon
|-resisted|p2a: Hydreigon
|-damage|p2a: Hydreigon|181\/325
|
|turn|16
|c| LiberalLucario|everything is 2hkod
|c| LiberalLucario|from this range
|c|âOG_Wanka|yet no burn
|c| LiberalLucario|except for that
|c|âOG_Wanka|why
|c| LiberalLucario|apparently
|c| LiberalLucario|lmao
|c| LiberalLucario|hes gonna
|c| LiberalLucario|uturn
|c| LiberalLucario|here
|
|switch|p1a: Whimsicott|Whimsicott, M|261\/261
|move|p2a: Hydreigon|Draco Meteor|p1a: Whimsicott
|-immune|p1a: Whimsicott|[msg]
|
|turn|17
|c| LiberalLucario|lol
|c|âXiba|Obvious, but Entei is too valuable
|
|switch|p2a: Whimsicott|Whimsicott, F|283\/323
|move|p1a: Whimsicott|U-turn|p2a: Whimsicott
|-damage|p2a: Whimsicott|238\/323
|
|switch|p1a: Entei|Entei, shiny|213\/372
|-ability|p1a: Entei|Pressure
|
|-heal|p2a: Whimsicott|258\/323|[from] item: Leftovers
|turn|18
|
|move|p2a: Whimsicott|Protect|p2a: Whimsicott
|-singleturn|p2a: Whimsicott|Protect
|move|p1a: Entei|Sacred Fire|p2a: Whimsicott
|-activate|p2a: Whimsicott|Protect
|
|-heal|p2a: Whimsicott|278\/323|[from] item: Leftovers
|turn|19
|
|switch|p2a: Gligar|Gligar, F|257\/334
|move|p1a: Entei|Sacred Fire|p2a: Gligar
|-damage|p2a: Gligar|139\/334
|
|turn|20
|c|âOG_Wanka|are fking kidding me
|c|âOG_Wanka|this is redicuous
|c|âOG_Wanka|lous*
|c|âOG_Wanka|i have not gotten a single damn burn
|
|switch|p1a: Hydreigon|Hydreigon, M|325\/325
|move|p2a: Gligar|Roost|p2a: Gligar
|-heal|p2a: Gligar|306\/334
|
|turn|21
|c|âOG_Wanka|gligar wouldve been dead
|c|âOG_Wanka|-.-
|c|âXiba|I missed Hi Jump Kick.
|c|âXiba|That would have sealed the game.
|c|âOG_Wanka|one hjk to 4 no burns
|c|âOG_Wanka|and no
|c|âOG_Wanka|i have a whimsi
|c|âOG_Wanka|and a defensive amph
|
|move|p1a: Hydreigon|U-turn|p2a: Gligar
|-resisted|p2a: Gligar
|-damage|p2a: Gligar|293\/334
|c|âXiba|So do I ;)
|c|âOG_Wanka|it wouldve not have sealed it
|c|âOG_Wanka|while tht gligar wouldve been dead
|c|âOG_Wanka|ez
|c|âXiba|;)
|c|âOG_Wanka|you dont know wht you are talking bout
|c|âOG_Wanka|so dont talk at all
|c|âXiba|;)
|
|switch|p1a: Whimsicott|Whimsicott, M|261\/261
|move|p2a: Gligar|U-turn|p1a: Whimsicott
|-damage|p1a: Whimsicott|213\/261
|
|switch|p2a: Darmanitan|Darmanitan, M|219\/351
|
|turn|22
|join|DerpaniteX
|
|move|p1a: Whimsicott|U-turn|p2a: Darmanitan
|-resisted|p2a: Darmanitan
|-damage|p2a: Darmanitan|184\/351
|
|switch|p1a: Ampharos|Ampharos-Mega, M|384\/384
|-ability|p1a: Ampharos|Mold Breaker
|move|p2a: Darmanitan|Flare Blitz|p1a: Ampharos
|-resisted|p1a: Ampharos
|-damage|p1a: Ampharos|242\/384
|-damage|p2a: Darmanitan|137\/351|[from] recoil|[of] p1a: Ampharos
|
|turn|23
|
|switch|p2a: Whimsicott|Whimsicott, F|278\/323
|move|p1a: Ampharos|Volt Switch|p2a: Whimsicott
|-resisted|p2a: Whimsicott
|-damage|p2a: Whimsicott|226\/323
|
|switch|p1a: Hydreigon|Hydreigon, M|325\/325
|
|-heal|p2a: Whimsicott|246\/323|[from] item: Leftovers
|turn|24
|
|move|p2a: Whimsicott|Protect|p2a: Whimsicott
|-singleturn|p2a: Whimsicott|Protect
|move|p1a: Hydreigon|Fire Blast|p2a: Whimsicott
|-activate|p2a: Whimsicott|Protect
|
|-heal|p2a: Whimsicott|266\/323|[from] item: Leftovers
|turn|25
|
|switch|p1a: Empoleon|Empoleon, F|337\/372
|switch|p2a: Hydreigon|Hydreigon, F|181\/325
|
|-heal|p1a: Empoleon|360\/372|[from] item: Leftovers
|turn|26
|
|move|p2a: Hydreigon|U-turn|p1a: Empoleon
|-resisted|p1a: Empoleon
|-damage|p1a: Empoleon|334\/372
|
|switch|p2a: Whimsicott|Whimsicott, F|266\/323
|move|p1a: Empoleon|Stealth Rock|p2a: Whimsicott
|-sidestart|p2: Xiba|move: Stealth Rock
|
|-heal|p2a: Whimsicott|286\/323|[from] item: Leftovers
|-heal|p1a: Empoleon|357\/372|[from] item: Leftovers
|turn|27
|
|move|p2a: Whimsicott|Leech Seed|p1a: Empoleon
|-start|p1a: Empoleon|move: Leech Seed
|move|p1a: Empoleon|Scald|p2a: Whimsicott
|-resisted|p2a: Whimsicott
|-damage|p2a: Whimsicott|244\/323
|
|-heal|p2a: Whimsicott|264\/323|[from] item: Leftovers
|-heal|p1a: Empoleon|372\/372|[from] item: Leftovers
|-damage|p1a: Empoleon|326\/372|[from] Leech Seed|[of] p2a: Whimsicott
|-heal|p2a: Whimsicott|310\/323|[silent]
|turn|28
|
|switch|p1a: Whimsicott|Whimsicott, M|213\/261
|move|p2a: Whimsicott|U-turn|p1a: Whimsicott
|-damage|p1a: Whimsicott|163\/261
|
|switch|p2a: Gligar|Gligar, F|293\/334
|-damage|p2a: Gligar|252\/334|[from] Stealth Rock
|
|turn|29
|
|move|p1a: Whimsicott|Giga Drain|p2a: Gligar
|-damage|p2a: Gligar|161\/334
|-heal|p1a: Whimsicott|209\/261|[from] drain|[of] p2a: Gligar
|move|p2a: Gligar|Defog|p1a: Whimsicott
|-unboost|p1a: Whimsicott|evasion|1
|-sideend|p2: Xiba|Stealth Rock|[from] move: Defog|[of] p2a: Gligar
|
|turn|30
|
|move|p1a: Whimsicott|Encore|p2a: Gligar
|-start|p2a: Gligar|Encore
|move|p2a: Gligar|Defog|p1a: Whimsicott
|-unboost|p1a: Whimsicott|evasion|1
|
|turn|31
|c|âXiba|You sure you wanna sacrifice your evasion?
|
|switch|p2a: Forretress|Forretress, M|269\/354
|move|p1a: Whimsicott|U-turn|p2a: Forretress
|-resisted|p2a: Forretress
|-damage|p2a: Forretress|255\/354
|
|switch|p1a: Entei|Entei, shiny|213\/372
|-ability|p1a: Entei|Pressure
|
|-heal|p2a: Forretress|277\/354|[from] item: Leftovers
|turn|32
|
|switch|p2a: Gligar|Gligar, F|161\/334
|move|p1a: Entei|Sacred Fire|p2a: Gligar
|-damage|p2a: Gligar|25\/334
|
|turn|33
|
|move|p1a: Entei|Sacred Fire|p2a: Gligar|[miss]
|-miss|p1a: Entei|p2a: Gligar
|move|p2a: Gligar|Roost|p2a: Gligar
|-heal|p2a: Gligar|192\/334
|
|turn|34
|c|âOG_Wanka|lol
|c|âXiba|Ayy lmao
|
|move|p1a: Entei|Sacred Fire|p2a: Gligar|[miss]
|-miss|p1a: Entei|p2a: Gligar
|move|p2a: Gligar|Earthquake|p1a: Entei
|-supereffective|p1a: Entei
|-damage|p1a: Entei|0 fnt
|faint|p1a: Entei
|
|
|switch|p1a: Whimsicott|Whimsicott, M|209\/261
|turn|35
|c|âXiba|Okay, that was bullshit
|c|âOG_Wanka|shut up
|c|âOG_Wanka|ur not good
|
|switch|p2a: Forretress|Forretress, M|277\/354
|move|p1a: Whimsicott|Encore|p2a: Forretress
|-fail|p2a: Forretress
|
|-heal|p2a: Forretress|299\/354|[from] item: Leftovers
|turn|36
|c|âXiba|HAHAHAHAHAHAHAHAHA
|leave|DerpaniteX
|
|move|p1a: Whimsicott|U-turn|p2a: Forretress
|-resisted|p2a: Forretress
|-damage|p2a: Forretress|284\/354
|
|switch|p1a: Hydreigon|Hydreigon, M|325\/325
|move|p2a: Forretress|Volt Switch|p1a: Hydreigon
|-resisted|p1a: Hydreigon
|-damage|p1a: Hydreigon|307\/325
|
|switch|p2a: Mienshao|Mienshao, F|136\/271
|
|turn|37
|
|switch|p1a: Whimsicott|Whimsicott, M|209\/261
|move|p2a: Mienshao|High Jump Kick|p1a: Whimsicott
|-resisted|p1a: Whimsicott
|-damage|p1a: Whimsicott|55\/261
|
|turn|38
|
|move|p2a: Mienshao|High Jump Kick|p1a: Whimsicott
|-resisted|p1a: Whimsicott
|-damage|p1a: Whimsicott|0 fnt
|faint|p1a: Whimsicott
|
|
|switch|p1a: Ampharos|Ampharos-Mega, M|242\/384
|-ability|p1a: Ampharos|Mold Breaker
|turn|39
|
|switch|p2a: Whimsicott|Whimsicott, F|310\/323
|move|p1a: Ampharos|Volt Switch|p2a: Whimsicott
|-crit|p2a: Whimsicott
|-resisted|p2a: Whimsicott
|-damage|p2a: Whimsicott|230\/323
|
|switch|p1a: Empoleon|Empoleon, F|326\/372
|
|-heal|p2a: Whimsicott|250\/323|[from] item: Leftovers
|-heal|p1a: Empoleon|349\/372|[from] item: Leftovers
|turn|40
|
|move|p2a: Whimsicott|Leech Seed|p1a: Empoleon
|-start|p1a: Empoleon|move: Leech Seed
|move|p1a: Empoleon|Scald|p2a: Whimsicott
|-resisted|p2a: Whimsicott
|-damage|p2a: Whimsicott|206\/323
|
|-heal|p2a: Whimsicott|226\/323|[from] item: Leftovers
|-heal|p1a: Empoleon|372\/372|[from] item: Leftovers
|-damage|p1a: Empoleon|326\/372|[from] Leech Seed|[of] p2a: Whimsicott
|-heal|p2a: Whimsicott|272\/323|[silent]
|turn|41
|-message|OG_Wanka forfeited.
|
|win|Xiba
|raw|Ladder updating...
|leave|OG_Wanka
|player|p1
|raw|OG_Wanka's rating: 1412 &rarr; <strong>1390<\/strong><br \/>(-22 for losing)
|raw|Xiba's rating: 1379 &rarr; <strong>1401<\/strong><br \/>(+22 for winning)