|join|xSovereign
|join|OG_Wanka
|player|p1|xSovereign|2
|player|p2|OG_Wanka|150
|gametype|singles
|gen|6
|tier|UU
|rated
|rule|Sleep Clause Mod: Limit one foe put to sleep
|rule|Species Clause: Limit one of each PokÃ©mon
|rule|OHKO Clause: OHKO moves are banned
|rule|Moody Clause: Moody is banned
|rule|Evasion Moves Clause: Evasion moves are banned
|rule|Endless Battle Clause: Forcing endless battles is banned
|rule|HP Percentage Mod: HP is reported as percentages
|clearpoke
|poke|p1|Fletchinder, F
|poke|p1|Blissey, F
|poke|p1|Donphan, F
|poke|p1|Alakazam, F
|poke|p1|Lucario, M
|poke|p1|Nidoking, M
|poke|p2|Darmanitan, F
|poke|p2|Ampharos, F, shiny
|poke|p2|Lucario, F, shiny
|poke|p2|Galvantula, F, shiny
|poke|p2|Starmie, shiny
|poke|p2|Crobat, F, shiny
|rule|Swagger Clause: Swagger is banned
|rule|Baton Pass Clause: Limit one PokÃ©mon knowing Baton Pass
|teampreview
|
|start
|switch|p1a: Nidoking|Nidoking, M|304\/304
|switch|p2a: Galvantula|Galvantula, F, shiny|281\/281
|turn|1
|
|move|p2a: Galvantula|Sticky Web|p1a: Nidoking
|-sidestart|p1: xSovereign|move: Sticky Web
|move|p1a: Nidoking|Flamethrower|p2a: Galvantula
|-crit|p2a: Galvantula
|-supereffective|p2a: Galvantula
|-enditem|p2a: Galvantula|Focus Sash
|-damage|p2a: Galvantula|1\/281
|
|turn|2
|
|switch|p2a: Starmie|Starmie, shiny|261\/261
|move|p1a: Nidoking|Thunderbolt|p2a: Starmie
|-supereffective|p2a: Starmie
|-damage|p2a: Starmie|0 fnt
|faint|p2a: Starmie
|
|
|switch|p2a: Galvantula|Galvantula, F, shiny|1\/281
|turn|3
|
|move|p2a: Galvantula|Bug Buzz|p1a: Nidoking
|-resisted|p1a: Nidoking
|-damage|p1a: Nidoking|228\/304
|move|p1a: Nidoking|Flamethrower|p2a: Galvantula
|-supereffective|p2a: Galvantula
|-damage|p2a: Galvantula|0 fnt
|faint|p2a: Galvantula
|
|
|switch|p2a: Darmanitan|Darmanitan, F|351\/351
|turn|4
|
|switch|p1a: Donphan|Donphan, F|384\/384
|-activate|p1a: Donphan|move: Sticky Web
|-unboost|p1a: Donphan|spe|1
|move|p2a: Darmanitan|Flare Blitz|p1a: Donphan
|-damage|p1a: Donphan|237\/384
|-damage|p2a: Darmanitan|302\/351|[from] recoil|[of] p1a: Donphan
|
|-heal|p1a: Donphan|261\/384|[from] item: Leftovers
|turn|5
|
|switch|p2a: Crobat|Crobat, F, shiny|373\/373
|move|p1a: Donphan|Stealth Rock|p2a: Crobat
|-sidestart|p2: OG_Wanka|move: Stealth Rock
|
|-heal|p1a: Donphan|285\/384|[from] item: Leftovers
|turn|6
|
|move|p2a: Crobat|Taunt|p1a: Donphan
|-start|p1a: Donphan|move: Taunt
|cant|p1a: Donphan|move: Taunt|Roar
|
|-heal|p1a: Donphan|309\/384|[from] item: Leftovers
|turn|7
|
|move|p2a: Crobat|Brave Bird|p1a: Donphan
|-damage|p1a: Donphan|222\/384
|-damage|p2a: Crobat|344\/373|[from] recoil|[of] p1a: Donphan
|move|p1a: Donphan|Earthquake|p2a: Crobat
|-immune|p2a: Crobat|[msg]
|
|-heal|p2a: Crobat|367\/373|[from] item: Leftovers
|-heal|p1a: Donphan|246\/384|[from] item: Leftovers
|turn|8
|
|switch|p1a: Nidoking|Nidoking, M|228\/304
|-activate|p1a: Nidoking|move: Sticky Web
|-unboost|p1a: Nidoking|spe|1
|move|p2a: Crobat|Brave Bird|p1a: Nidoking
|-damage|p1a: Nidoking|54\/304
|-damage|p2a: Crobat|310\/373|[from] recoil|[of] p1a: Nidoking
|
|-heal|p2a: Crobat|333\/373|[from] item: Leftovers
|turn|9
|
|move|p2a: Crobat|Brave Bird|p1a: Nidoking
|-damage|p1a: Nidoking|0 fnt
|-damage|p2a: Crobat|315\/373|[from] recoil|[of] p1a: Nidoking
|faint|p1a: Nidoking
|
|-heal|p2a: Crobat|338\/373|[from] item: Leftovers
|
|switch|p1a: Alakazam|Alakazam, F|252\/252
|-activate|p1a: Alakazam|move: Sticky Web
|-unboost|p1a: Alakazam|spe|1
|turn|10
|
|move|p2a: Crobat|Brave Bird|p1a: Alakazam
|-damage|p1a: Alakazam|2\/252
|-damage|p2a: Crobat|255\/373|[from] recoil|[of] p1a: Alakazam
|move|p1a: Alakazam|Psyshock|p2a: Crobat
|-supereffective|p2a: Crobat
|-damage|p2a: Crobat|0 fnt
|faint|p2a: Crobat
|
|
|switch|p2a: Lucario|Lucario, F, shiny|281\/281
|-damage|p2a: Lucario|273\/281|[from] Stealth Rock
|turn|11
|
|switch|p1a: Donphan|Donphan, F|246\/384
|-activate|p1a: Donphan|move: Sticky Web
|-unboost|p1a: Donphan|spe|1
|move|p2a: Lucario|Extreme Speed|p1a: Donphan
|-damage|p1a: Donphan|168\/384
|-damage|p2a: Lucario|245\/281|[from] item: Life Orb
|
|-heal|p1a: Donphan|192\/384|[from] item: Leftovers
|turn|12
|
|move|p2a: Lucario|Close Combat|p1a: Donphan
|-damage|p1a: Donphan|23\/384
|-unboost|p2a: Lucario|def|1
|-unboost|p2a: Lucario|spd|1
|-damage|p2a: Lucario|217\/281|[from] item: Life Orb
|move|p1a: Donphan|Earthquake|p2a: Lucario
|-supereffective|p2a: Lucario
|-damage|p2a: Lucario|0 fnt
|faint|p2a: Lucario
|
|-heal|p1a: Donphan|47\/384|[from] item: Leftovers
|
|switch|p2a: Ampharos|Ampharos, F, shiny|321\/321
|-damage|p2a: Ampharos|281\/321|[from] Stealth Rock
|turn|13
|
|switch|p1a: Blissey|Blissey, F|652\/652
|-activate|p1a: Blissey|move: Sticky Web
|-unboost|p1a: Blissey|spe|1
|detailschange|p2a: Ampharos|Ampharos-Mega, F, shiny
|message|Ampharos has Mega Evolved into Mega Ampharos!
|-ability|p2a: Ampharos|Mold Breaker
|move|p2a: Ampharos|Thunderbolt|p1a: Blissey
|-crit|p1a: Blissey
|-damage|p1a: Blissey|453\/652
|
|-heal|p1a: Blissey|493\/652|[from] item: Leftovers
|turn|14
|
|switch|p2a: Darmanitan|Darmanitan, F|302\/351
|-damage|p2a: Darmanitan|215\/351|[from] Stealth Rock
|move|p1a: Blissey|Wish|p1a: Blissey
|
|-heal|p1a: Blissey|533\/652|[from] item: Leftovers
|turn|15
|
|move|p2a: Darmanitan|Flare Blitz|p1a: Blissey
|-damage|p1a: Blissey|73\/652
|-damage|p2a: Darmanitan|63\/351|[from] recoil|[of] p1a: Blissey
|move|p1a: Blissey|Thunder Wave|p2a: Darmanitan
|-status|p2a: Darmanitan|par
|
|-heal|p1a: Blissey|399\/652|[from] move: Wish|[wisher] Blissey
|-heal|p1a: Blissey|439\/652|[from] item: Leftovers
|turn|16
|
|move|p2a: Darmanitan|Flare Blitz|p1a: Blissey
|-crit|p1a: Blissey
|-damage|p1a: Blissey|0 fnt
|-damage|p2a: Darmanitan|0 fnt|[from] recoil|[of] p1a: Blissey
|faint|p1a: Blissey
|faint|p2a: Darmanitan
|
|-message|OG_Wanka lost due to inactivity.
|
|win|xSovereign
|raw|Ladder updating...
|raw|xSovereign's rating: 1276 &rarr; <strong>1300<\/strong><br \/>(+24 for winning)
|raw|OG_Wanka's rating: 1267 &rarr; <strong>1243<\/strong><br \/>(-24 for losing)