|join|OG_Wanka
|join|adam21822
|player|p1|OG_Wanka|92
|player|p2|adam21822|247
|gametype|singles
|gen|6
|tier|UU
|rated
|rule|Sleep Clause Mod: Limit one foe put to sleep
|rule|Species Clause: Limit one of each PokÃ©mon
|rule|OHKO Clause: OHKO moves are banned
|rule|Moody Clause: Moody is banned
|rule|Evasion Moves Clause: Evasion moves are banned
|rule|Endless Battle Clause: Forcing endless battles is banned
|rule|HP Percentage Mod: HP is reported as percentages
|clearpoke
|poke|p1|Honchkrow, M, shiny
|poke|p1|Mienshao, F, shiny
|poke|p1|Empoleon, M
|poke|p1|Snorlax, M
|poke|p1|Heracross, M
|poke|p1|Gligar, F
|poke|p2|Houndoom, M
|poke|p2|Azelf
|poke|p2|Metagross
|poke|p2|Mienshao, M
|poke|p2|Hydreigon, M
|poke|p2|Haxorus, F
|rule|Swagger Clause: Swagger is banned
|rule|Baton Pass Clause: Limit one PokÃ©mon knowing Baton Pass
|teampreview
|chat|adam21822|gl
|
|start
|switch|p1a: Mienshao|Mienshao, F, shiny|272\/272
|switch|p2a: Haxorus|Haxorus, F|294\/294
|-ability|p2a: Haxorus|Mold Breaker
|turn|1
|
|move|p2a: Haxorus|Dragon Claw|p1a: Mienshao
|-damage|p1a: Mienshao|0 fnt
|faint|p1a: Mienshao
|
|chat|OG_Wanka|scarf hax....sigh
|chat|adam21822|:D
|
|switch|p1a: Empoleon|Empoleon, M|310\/310
|turn|2
|chat|adam21822|hes actually quite impressive in this tier
|chat|OG_Wanka|im just really pissed off cause i got haxed a shit ton m last battle
|
|switch|p2a: Metagross|Metagross|364\/364
|move|p1a: Empoleon|Ice Beam|p2a: Metagross
|-resisted|p2a: Metagross
|-damage|p2a: Metagross|274\/364
|
|turn|3
|
|switch|p1a: Gligar|Gligar, F|334\/334
|move|p2a: Metagross|Earthquake|p1a: Gligar
|-immune|p1a: Gligar|[msg]
|
|turn|4
|
|switch|p2a: Azelf|Azelf|291\/291
|move|p1a: Gligar|Earthquake|p2a: Azelf
|-immune|p2a: Azelf|[msg]
|
|turn|5
|
|move|p2a: Azelf|Stealth Rock|p1a: Gligar
|-sidestart|p1: OG_Wanka|move: Stealth Rock
|move|p1a: Gligar|Toxic|p2a: Azelf
|-status|p2a: Azelf|tox
|
|-damage|p2a: Azelf|273\/291 tox|[from] psn
|turn|6
|
|move|p2a: Azelf|Sunny Day|p2a: Azelf
|-weather|SunnyDay
|move|p1a: Gligar|Defog|p2a: Azelf
|-unboost|p2a: Azelf|evasion|1
|-sideend|p1: OG_Wanka|Stealth Rock|[from] move: Defog|[of] p1a: Gligar
|
|-weather|SunnyDay|[upkeep]
|-damage|p2a: Azelf|237\/291 tox|[from] psn
|turn|7
|
|move|p2a: Azelf|Stealth Rock|p1a: Gligar
|-sidestart|p1: OG_Wanka|move: Stealth Rock
|move|p1a: Gligar|Earthquake|p2a: Azelf
|-immune|p2a: Azelf|[msg]
|
|-weather|SunnyDay|[upkeep]
|-damage|p2a: Azelf|183\/291 tox|[from] psn
|turn|8
|
|move|p2a: Azelf|Explosion|p1a: Gligar
|-enditem|p2a: Azelf|Normal Gem|[from] gem|[move] Explosion
|-damage|p1a: Gligar|155\/334
|faint|p2a: Azelf
|move|p1a: Gligar|Earthquake|p2: Azelf|[notarget]
|-notarget
|
|-weather|SunnyDay|[upkeep]
|
|switch|p2a: Houndoom|Houndoom, M|291\/291
|turn|9
|
|switch|p1a: Snorlax|Snorlax, M|500\/500
|-damage|p1a: Snorlax|438\/500|[from] Stealth Rock
|detailschange|p2a: Houndoom|Houndoom-Mega, M
|message|Houndoom has Mega Evolved into Mega Houndoom!
|move|p2a: Houndoom|Solar Beam|p1a: Snorlax|[still]
|-prepare|p2a: Houndoom|Solar Beam|p1a: Snorlax
|-anim|p2a: Houndoom|Solar Beam|p1a: Snorlax
|-damage|p1a: Snorlax|282\/500
|
|-weather|SunnyDay|[upkeep]
|-damage|p2a: Houndoom|255\/291|[from] ability: Solar Power
|-heal|p1a: Snorlax|313\/500|[from] item: Leftovers
|turn|10
|
|move|p2a: Houndoom|Flamethrower|p1a: Snorlax
|-damage|p1a: Snorlax|60\/500
|move|p1a: Snorlax|Rest|p1a: Snorlax
|-status|p1a: Snorlax|slp
|-heal|p1a: Snorlax|500\/500 slp|[silent]
|-status|p1a: Snorlax|slp|[from] move: Rest
|
|-weather|none
|turn|11
|
|switch|p2a: Mienshao|Mienshao, M|272\/272
|cant|p1a: Snorlax|slp
|move|p1a: Snorlax|Sleep Talk|p1a: Snorlax
|move|p1a: Snorlax|Body Slam|p2a: Mienshao|[from]Sleep Talk
|-damage|p2a: Mienshao|97\/272
|
|turn|12
|
|switch|p1a: Gligar|Gligar, F|155\/334
|-damage|p1a: Gligar|114\/334|[from] Stealth Rock
|move|p2a: Mienshao|High Jump Kick|p1a: Gligar
|-crit|p1a: Gligar
|-resisted|p1a: Gligar
|-damage|p1a: Gligar|5\/334
|-damage|p2a: Mienshao|70\/272|[from] item: Life Orb
|
|turn|13
|chat|OG_Wanka|FUCKING WHY
|chat|adam21822|lol seriousy
|
|move|p2a: Mienshao|U-turn|p1a: Gligar
|-resisted|p1a: Gligar
|-damage|p1a: Gligar|0 fnt
|-damage|p2a: Mienshao|43\/272|[from] item: Life Orb
|faint|p1a: Gligar
|chat|OG_Wanka|crits of course
|
|switch|p2a: Haxorus|Haxorus, F|294\/294
|-ability|p2a: Haxorus|Mold Breaker
|
|chat|adam21822|sorry
|
|switch|p1a: Empoleon|Empoleon, M|310\/310
|-damage|p1a: Empoleon|291\/310|[from] Stealth Rock
|turn|14
|
|move|p2a: Haxorus|Superpower|p1a: Empoleon
|-supereffective|p1a: Empoleon
|-damage|p1a: Empoleon|0 fnt
|-unboost|p2a: Haxorus|atk|1
|-unboost|p2a: Haxorus|def|1
|faint|p1a: Empoleon
|
|
|switch|p1a: Heracross|Heracross, M|302\/302
|-damage|p1a: Heracross|265\/302|[from] Stealth Rock
|turn|15
|chat|adam21822|litterally too good.
|
|switch|p2a: Metagross|Metagross|274\/364
|move|p1a: Heracross|Close Combat|p2a: Metagross
|-damage|p2a: Metagross|106\/364
|-unboost|p1a: Heracross|def|1
|-unboost|p1a: Heracross|spd|1
|
|turn|16
|
|move|p1a: Heracross|Close Combat|p2a: Metagross
|-damage|p2a: Metagross|0 fnt
|-unboost|p1a: Heracross|def|1
|-unboost|p1a: Heracross|spd|1
|faint|p2a: Metagross
|-boost|p1a: Heracross|atk|1|[from] ability: Moxie
|
|
|switch|p2a: Haxorus|Haxorus, F|294\/294
|-ability|p2a: Haxorus|Mold Breaker
|turn|17
|
|switch|p1a: Snorlax|Snorlax, M|500\/500 slp
|-damage|p1a: Snorlax|438\/500 slp|[from] Stealth Rock
|move|p2a: Haxorus|Dragon Claw|p1a: Snorlax
|-damage|p1a: Snorlax|194\/500 slp
|
|-heal|p1a: Snorlax|225\/500 slp|[from] item: Leftovers
|turn|18
|
|move|p2a: Haxorus|Dragon Claw|p1a: Snorlax
|-damage|p1a: Snorlax|0 fnt
|faint|p1a: Snorlax
|
|
|switch|p1a: Honchkrow|Honchkrow, M, shiny|341\/341
|-damage|p1a: Honchkrow|256\/341|[from] Stealth Rock
|turn|19
|chat|adam21822|fuck snorlax!
|chat|adam21822|lol
|
|move|p1a: Honchkrow|Sucker Punch|p2a: Haxorus
|-damage|p2a: Haxorus|86\/294
|-damage|p1a: Honchkrow|222\/341|[from] item: Life Orb
|move|p2a: Haxorus|Dragon Claw|p1a: Honchkrow
|-damage|p1a: Honchkrow|0 fnt
|faint|p1a: Honchkrow
|
|
|switch|p1a: Heracross|Heracross, M|265\/302
|-damage|p1a: Heracross|228\/302|[from] Stealth Rock
|turn|20
|
|move|p1a: Heracross|Close Combat|p2a: Haxorus
|-damage|p2a: Haxorus|0 fnt
|-unboost|p1a: Heracross|def|1
|-unboost|p1a: Heracross|spd|1
|faint|p2a: Haxorus
|-boost|p1a: Heracross|atk|1|[from] ability: Moxie
|
|
|switch|p2a: Houndoom|Houndoom-Mega, M|255\/291
|turn|21
|
|move|p1a: Heracross|Close Combat|p2a: Houndoom
|-supereffective|p2a: Houndoom
|-damage|p2a: Houndoom|0 fnt
|-unboost|p1a: Heracross|def|1
|-unboost|p1a: Heracross|spd|1
|faint|p2a: Houndoom
|-boost|p1a: Heracross|atk|1|[from] ability: Moxie
|
|chat|adam21822|gotta get that def drop....
|
|switch|p2a: Hydreigon|Hydreigon, M|325\/325
|turn|22
|
|move|p1a: Heracross|Close Combat|p2a: Hydreigon
|-supereffective|p2a: Hydreigon
|-damage|p2a: Hydreigon|0 fnt
|-unboost|p1a: Heracross|def|1
|-unboost|p1a: Heracross|spd|1
|faint|p2a: Hydreigon
|-boost|p1a: Heracross|atk|1|[from] ability: Moxie
|
|
|switch|p2a: Mienshao|Mienshao, M|133\/272
|turn|23
|chat|OG_Wanka|stupid fake out
|chat|OG_Wanka|i woudlve won if i mega horned
|chat|OG_Wanka|but knowing my luck
|chat|OG_Wanka|i woudlve missed one
|
|move|p2a: Mienshao|Fake Out|p1a: Heracross
|-damage|p1a: Heracross|20\/302
|-damage|p2a: Mienshao|106\/272|[from] item: Life Orb
|cant|p1a: Heracross|flinch
|
|turn|24
|chat|OG_Wanka|well nvm
|chat|adam21822|damn :(
|chat|OG_Wanka|gg
|chat|OG_Wanka|scarf cross too gud
|
|move|p1a: Heracross|Close Combat|p2a: Mienshao
|-damage|p2a: Mienshao|0 fnt
|-unboost|p1a: Heracross|def|1
|-unboost|p1a: Heracross|spd|1
|faint|p2a: Mienshao
|-boost|p1a: Heracross|atk|1|[from] ability: Moxie
|
|win|OG_Wanka
|raw|Ladder updating...
|raw|OG_Wanka's rating: 1337 &rarr; <strong>1357<\/strong><br \/>(+20 for winning)
|raw|adam21822's rating: 1337 &rarr; <strong>1317<\/strong><br \/>(-20 for losing)
|chat|adam21822|gg
|leave|adam21822
|player|p2