|join|OG_Wanka
|join|2ndG_Wanka
|player|p1|OG_Wanka|52
|player|p2|2ndG_Wanka|80
|gametype|singles
|gen|6
|tier|UU
|rule|Sleep Clause Mod: Limit one foe put to sleep
|rule|Species Clause: Limit one of each PokÃ©mon
|rule|OHKO Clause: OHKO moves are banned
|rule|Moody Clause: Moody is banned
|rule|Evasion Moves Clause: Evasion moves are banned
|rule|Endless Battle Clause: Forcing endless battles is banned
|rule|HP Percentage Mod: HP is shown in percentages
|clearpoke
|poke|p1|Hippowdon, M, shiny
|poke|p1|Stoutland, F, shiny
|poke|p1|Infernape, F
|poke|p1|Houndoom, F, shiny
|poke|p1|Celebi
|poke|p1|Tentacruel, M, shiny
|poke|p2|Haxorus, F
|poke|p2|Slurpuff, F
|poke|p2|Blastoise, F
|poke|p2|Sableye, F
|poke|p2|Donphan, M
|poke|p2|Chandelure, F
|rule|Swagger Clause: Swagger is banned
|rule|Baton Pass Clause: Limit one PokÃ©mon knowing Baton Pass
|teampreview
|c|âOG_Wanka|balls you have 2 ghosts
|c|âOG_Wanka|stoutland does jack shit
|
|start
|switch|p1a: Hippowdon|Hippowdon, M, shiny|420\/420
|switch|p2a: Donphan|Donphan, M|322\/322
|-weather|Sandstorm
|turn|1
|c|â2ndG_Wanka|stoutland never does jack shit.
|
|move|p2a: Donphan|Earthquake|p1a: Hippowdon
|-crit|p1a: Hippowdon
|-damage|p1a: Hippowdon|231\/420
|move|p1a: Hippowdon|Stealth Rock|p2a: Donphan
|-sidestart|p2: 2ndG_Wanka|move: Stealth Rock
|
|-weather|Sandstorm|[upkeep]
|turn|2
|
|switch|p1a: Celebi|Celebi|341\/341
|move|p2a: Donphan|Rapid Spin|p1a: Celebi
|-crit|p1a: Celebi
|-damage|p1a: Celebi|302\/341
|-sideend|p2: 2ndG_Wanka|Stealth Rock|[from] move: Rapid Spin|[of] p2a: Donphan
|
|-weather|Sandstorm|[upkeep]
|-damage|p1a: Celebi|281\/341|[from] sandstorm
|-heal|p1a: Celebi|302\/341|[from] item: Leftovers
|turn|3
|
|move|p2a: Donphan|Ice Shard|p1a: Celebi
|-supereffective|p1a: Celebi
|-damage|p1a: Celebi|200\/341
|move|p1a: Celebi|Psychic|p2a: Donphan
|-damage|p2a: Donphan|120\/322
|
|-weather|Sandstorm|[upkeep]
|-damage|p1a: Celebi|179\/341|[from] sandstorm
|-heal|p1a: Celebi|200\/341|[from] item: Leftovers
|-heal|p2a: Donphan|140\/322|[from] item: Leftovers
|turn|4
|
|move|p2a: Donphan|Ice Shard|p1a: Celebi
|-supereffective|p1a: Celebi
|-damage|p1a: Celebi|96\/341
|move|p1a: Celebi|Recover|p1a: Celebi
|-heal|p1a: Celebi|267\/341
|
|-weather|Sandstorm|[upkeep]
|-damage|p1a: Celebi|246\/341|[from] sandstorm
|-heal|p1a: Celebi|267\/341|[from] item: Leftovers
|-heal|p2a: Donphan|160\/322|[from] item: Leftovers
|turn|5
|
|move|p2a: Donphan|Ice Shard|p1a: Celebi
|-supereffective|p1a: Celebi
|-damage|p1a: Celebi|163\/341
|move|p1a: Celebi|Psychic|p2a: Donphan
|-damage|p2a: Donphan|0 fnt
|faint|p2a: Donphan
|
|-weather|Sandstorm|[upkeep]
|-damage|p1a: Celebi|142\/341|[from] sandstorm
|-heal|p1a: Celebi|163\/341|[from] item: Leftovers
|
|switch|p2a: Chandelure|Chandelure, F|262\/262
|turn|6
|c|âOG_Wanka|offesive phan nb
|
|move|p2a: Chandelure|Fire Blast|p1a: Celebi
|-supereffective|p1a: Celebi
|-damage|p1a: Celebi|0 fnt
|faint|p1a: Celebi
|
|-weather|Sandstorm|[upkeep]
|-damage|p2a: Chandelure|246\/262|[from] sandstorm
|c|â2ndG_Wanka|it's not offensive lol
|c|âOG_Wanka|O.O
|c|âOG_Wanka|nvm then
|c|â2ndG_Wanka|I just didn't really see a point to the roks xD
|
|switch|p1a: Houndoom|Houndoom, F, shiny|291\/291
|turn|7
|
|switch|p2a: Haxorus|Haxorus, F|294\/294
|-ability|p2a: Haxorus|Mold Breaker
|move|p1a: Houndoom|Dark Pulse|p2a: Haxorus
|-damage|p2a: Haxorus|122\/294
|
|-weather|Sandstorm|[upkeep]
|-damage|p2a: Haxorus|104\/294|[from] sandstorm
|-damage|p1a: Houndoom|273\/291|[from] sandstorm
|turn|8
|c|â2ndG_Wanka|no mega?
|
|detailschange|p1a: Houndoom|Houndoom-Mega, F, shiny
|message|Houndoom has Mega Evolved into Mega Houndoom!
|move|p2a: Haxorus|Outrage|p1a: Houndoom
|-damage|p1a: Houndoom|0 fnt
|-damage|p2a: Haxorus|75\/294|[from] item: Life Orb
|faint|p1a: Houndoom
|
|-weather|none
|c|â2ndG_Wanka|oh
|c|â2ndG_Wanka|...
|
|switch|p1a: Hippowdon|Hippowdon, M, shiny|231\/420
|-weather|Sandstorm
|turn|9
|c|âOG_Wanka|haha
|
|move|p2a: Haxorus|Outrage|p1a: Hippowdon
|-damage|p1a: Hippowdon|20\/420
|-damage|p2a: Haxorus|46\/294|[from] item: Life Orb
|move|p1a: Hippowdon|Earthquake|p2a: Haxorus
|-crit|p2a: Haxorus
|-damage|p2a: Haxorus|0 fnt
|faint|p2a: Haxorus
|
|-weather|Sandstorm|[upkeep]
|c|â2ndG_Wanka|if you'd mega'd right off the bat, I would've gotten outsped
|c|âOG_Wanka|ya ik
|
|switch|p2a: Blastoise|Blastoise, F|362\/362
|turn|10
|c|âOG_Wanka|(:
|
|switch|p1a: Tentacruel|Tentacruel, M, shiny|364\/364
|detailschange|p2a: Blastoise|Blastoise-Mega, F
|message|Blastoise has Mega Evolved into Mega Blastoise!
|move|p2a: Blastoise|Fake Out|p1a: Tentacruel
|-damage|p1a: Tentacruel|330\/364
|
|-weather|Sandstorm|[upkeep]
|-damage|p1a: Tentacruel|308\/364|[from] sandstorm
|-damage|p2a: Blastoise|340\/362|[from] sandstorm
|-heal|p1a: Tentacruel|330\/364|[from] item: Leftovers
|turn|11
|c|â2ndG_Wanka|Power incoming
|c|âOG_Wanka|why not just run aqua jet
|c|â2ndG_Wanka|lel
|c|â2ndG_Wanka|flinch
|
|switch|p2a: Sableye|Sableye, F|304\/304
|move|p1a: Tentacruel|Acid Spray|p2a: Sableye
|-resisted|p2a: Sableye
|-damage|p2a: Sableye|285\/304
|-unboost|p2a: Sableye|spd|2
|
|-weather|Sandstorm|[upkeep]
|-damage|p1a: Tentacruel|308\/364|[from] sandstorm
|-damage|p2a: Sableye|266\/304|[from] sandstorm
|-heal|p1a: Tentacruel|330\/364|[from] item: Leftovers
|-heal|p2a: Sableye|285\/304|[from] item: Leftovers
|turn|12
|
|move|p2a: Sableye|Confuse Ray|p1a: Tentacruel
|-start|p1a: Tentacruel|confusion
|-activate|p1a: Tentacruel|confusion
|move|p1a: Tentacruel|Acid Spray|p2a: Sableye
|-resisted|p2a: Sableye
|-damage|p2a: Sableye|251\/304
|-unboost|p2a: Sableye|spd|2
|
|-weather|Sandstorm|[upkeep]
|-damage|p1a: Tentacruel|308\/364|[from] sandstorm
|-damage|p2a: Sableye|232\/304|[from] sandstorm
|-heal|p1a: Tentacruel|330\/364|[from] item: Leftovers
|-heal|p2a: Sableye|251\/304|[from] item: Leftovers
|turn|13
|
|switch|p2a: Blastoise|Blastoise-Mega, F|340\/362
|-end|p1a: Tentacruel|confusion
|move|p1a: Tentacruel|Scald|p2a: Blastoise
|-resisted|p2a: Blastoise
|-damage|p2a: Blastoise|305\/362
|
|-weather|Sandstorm|[upkeep]
|-damage|p1a: Tentacruel|308\/364|[from] sandstorm
|-damage|p2a: Blastoise|283\/362|[from] sandstorm
|-heal|p1a: Tentacruel|330\/364|[from] item: Leftovers
|turn|14
|
|move|p1a: Tentacruel|Acid Spray|p2a: Blastoise
|-damage|p2a: Blastoise|247\/362
|-unboost|p2a: Blastoise|spd|2
|move|p2a: Blastoise|Dragon Pulse|p1a: Tentacruel
|-crit|p1a: Tentacruel
|-damage|p1a: Tentacruel|143\/364
|
|-weather|Sandstorm|[upkeep]
|-damage|p1a: Tentacruel|121\/364|[from] sandstorm
|-damage|p2a: Blastoise|225\/362|[from] sandstorm
|-heal|p1a: Tentacruel|143\/364|[from] item: Leftovers
|turn|15
|c|â2ndG_Wanka|why do you even have sand in the first place?
|c|â2ndG_Wanka|sand veil stoutland?
|c|âOG_Wanka|stoutland gets sand rush
|c|âOG_Wanka|doubles its speed
|c|â2ndG_Wanka|I knew it got sand something xD
|
|move|p1a: Tentacruel|Sludge Wave|p2a: Blastoise
|-damage|p2a: Blastoise|53\/362
|move|p2a: Blastoise|Dragon Pulse|p1a: Tentacruel
|-damage|p1a: Tentacruel|2\/364
|
|-weather|Sandstorm|[upkeep]
|-damage|p1a: Tentacruel|0 fnt|[from] sandstorm
|-damage|p2a: Blastoise|31\/362|[from] sandstorm
|faint|p1a: Tentacruel
|c|âOG_Wanka|and you put choice band on it cause it gets really high attack
|
|switch|p1a: Stoutland|Stoutland, F, shiny|311\/311
|turn|16
|
|move|p1a: Stoutland|Crunch|p2a: Blastoise
|-damage|p2a: Blastoise|0 fnt
|faint|p2a: Blastoise
|
|-weather|none
|c|â2ndG_Wanka|here comes the rape train
|
|switch|p2a: Sableye|Sableye, F|251\/304
|turn|17
|c|â2ndG_Wanka|srry
|
|switch|p1a: Hippowdon|Hippowdon, M, shiny|20\/420
|-weather|Sandstorm
|move|p2a: Sableye|Will-O-Wisp|p1a: Hippowdon
|-status|p1a: Hippowdon|brn
|
|-weather|Sandstorm|[upkeep]
|-damage|p2a: Sableye|232\/304|[from] sandstorm
|-heal|p2a: Sableye|251\/304|[from] item: Leftovers
|-damage|p1a: Hippowdon|0 fnt|[from] brn
|faint|p1a: Hippowdon
|
|switch|p1a: Infernape|Infernape, F|293\/293
|turn|18
|
|switch|p1a: Stoutland|Stoutland, F, shiny|311\/311
|switch|p2a: Slurpuff|Slurpuff, F|368\/368
|
|-weather|Sandstorm|[upkeep]
|-damage|p2a: Slurpuff|345\/368|[from] sandstorm
|turn|19
|
|move|p1a: Stoutland|Wild Charge|p2a: Slurpuff
|-damage|p2a: Slurpuff|163\/368
|-damage|p1a: Stoutland|265\/311|[from] recoil|[of] p2a: Slurpuff
|-enditem|p2a: Slurpuff|Sitrus Berry|[eat]
|-heal|p2a: Slurpuff|255\/368|[from] item: Sitrus Berry
|move|p2a: Slurpuff|Play Rough|p1a: Stoutland|[miss]
|-miss|p2a: Slurpuff|p1a: Stoutland
|
|-weather|Sandstorm|[upkeep]
|-damage|p2a: Slurpuff|232\/368|[from] sandstorm
|turn|20
|c|â2ndG_Wanka|sgoijgzd;lngfS
|
|move|p1a: Stoutland|Wild Charge|p2a: Slurpuff
|-damage|p2a: Slurpuff|65\/368
|-damage|p1a: Stoutland|223\/311|[from] recoil|[of] p2a: Slurpuff
|move|p2a: Slurpuff|Play Rough|p1a: Stoutland
|-damage|p1a: Stoutland|90\/311
|
|-weather|Sandstorm|[upkeep]
|-damage|p2a: Slurpuff|42\/368|[from] sandstorm
|turn|21
|
|move|p1a: Stoutland|Wild Charge|p2a: Slurpuff
|-damage|p2a: Slurpuff|0 fnt
|-damage|p1a: Stoutland|79\/311|[from] recoil|[of] p2a: Slurpuff
|faint|p2a: Slurpuff
|
|-weather|Sandstorm|[upkeep]
|
|switch|p2a: Sableye|Sableye, F|251\/304
|turn|22
|
|move|p2a: Sableye|Will-O-Wisp|p1a: Stoutland
|-status|p1a: Stoutland|brn
|move|p1a: Stoutland|Wild Charge|p2a: Sableye
|-damage|p2a: Sableye|143\/304
|-damage|p1a: Stoutland|52\/311 brn|[from] recoil|[of] p2a: Sableye
|
|-weather|Sandstorm|[upkeep]
|-damage|p2a: Sableye|124\/304|[from] sandstorm
|-heal|p2a: Sableye|143\/304|[from] item: Leftovers
|-damage|p1a: Stoutland|14\/311 brn|[from] brn
|turn|23
|
|move|p2a: Sableye|Recover|p2a: Sableye
|-heal|p2a: Sableye|295\/304
|move|p1a: Stoutland|Wild Charge|p2a: Sableye
|-damage|p2a: Sableye|194\/304
|-damage|p1a: Stoutland|0 fnt|[from] recoil|[of] p2a: Sableye
|faint|p1a: Stoutland
|
|-weather|Sandstorm|[upkeep]
|-damage|p2a: Sableye|175\/304|[from] sandstorm
|-heal|p2a: Sableye|194\/304|[from] item: Leftovers
|
|switch|p1a: Infernape|Infernape, F|293\/293
|turn|24
|
|move|p2a: Sableye|Confuse Ray|p1a: Infernape
|-start|p1a: Infernape|confusion
|-activate|p1a: Infernape|confusion
|-damage|p1a: Infernape|231\/293|[from] confusion
|
|-weather|none
|-heal|p2a: Sableye|213\/304|[from] item: Leftovers
|turn|25
|
|-activate|p1a: Infernape|confusion
|-damage|p1a: Infernape|166\/293|[from] confusion
|move|p2a: Sableye|Foul Play|p1a: Infernape
|-resisted|p1a: Infernape
|-damage|p1a: Infernape|87\/293
|
|-heal|p2a: Sableye|232\/304|[from] item: Leftovers
|turn|26
|c|â2ndG_Wanka|xD
|
|-end|p1a: Infernape|confusion
|move|p1a: Infernape|Fire Blast|p2a: Sableye|[miss]
|-miss|p1a: Infernape|p2a: Sableye
|move|p2a: Sableye|Foul Play|p1a: Infernape
|-resisted|p1a: Infernape
|-damage|p1a: Infernape|3\/293
|
|-heal|p2a: Sableye|251\/304|[from] item: Leftovers
|turn|27
|c|âOG_Wanka|lel gg
|c|â2ndG_Wanka|you have no luck
|
|move|p1a: Infernape|Fire Blast|p2a: Sableye
|-damage|p2a: Sableye|55\/304
|-damage|p1a: Infernape|0 fnt|[from] item: Life Orb
|faint|p1a: Infernape
|
|win|2ndG_Wanka
|c|â2ndG_Wanka|gg
|leave|OG_Wanka
|player|p1