|join|OG_Wanka
|join|xMarth
|player|p1|OG_Wanka|52
|player|p2|xMarth|153
|gametype|singles
|gen|6
|tier|UU
|rule|Sleep Clause Mod: Limit one foe put to sleep
|rule|Species Clause: Limit one of each PokÃ©mon
|rule|OHKO Clause: OHKO moves are banned
|rule|Moody Clause: Moody is banned
|rule|Evasion Moves Clause: Evasion moves are banned
|rule|Endless Battle Clause: Forcing endless battles is banned
|rule|HP Percentage Mod: HP is shown in percentages
|clearpoke
|poke|p1|Umbreon, F
|poke|p1|Abomasnow, M
|poke|p1|Chandelure, F
|poke|p1|Forretress, M
|poke|p1|Dugtrio, M
|poke|p1|Infernape, M
|poke|p2|Alakazam, F
|poke|p2|Mienshao, F
|poke|p2|Magneton
|poke|p2|Hydreigon, M
|poke|p2|Nidoqueen, F
|poke|p2|Umbreon, F
|rule|Swagger Clause: Swagger is banned
|rule|Baton Pass Clause: Limit one PokÃ©mon knowing Baton Pass
|teampreview
|join|Mighty Dagon
|join|watfor
|join|SuperSawgy
|join|Creepy Tomoko
|join|Outer World
|join|kyla-kylls
|join|Ducem
|join|ljlsijflisjef
|join|Living Proof
|c| Mighty Dagon|the one with the umbreon will win
|join|dingbat
|join|so dynamic
|c| Outer World|my ass
|join|Duskt70
|c| Duskt70|obama
|join|KennethReldo
|c| Duskt70|hype
|c| Outer World|they both have umbreon
|c| Living Proof|Wanka changed teams :<
|c| Outer World|ist gonna be a tie
|c|âOG_Wanka|just in case he countered
|c| Living Proof|Understandable
|join|Tichraha
|
|start
|switch|p1a: Dugtrio|Dugtrio, M|211\/211
|switch|p2a: Mienshao|Mienshao, F|271\/271
|turn|1
|c|âxMarth|i dont team build that quick to counter
|c| Outer World|hone ur claws dugtrio
|join|Primal Wurmple
|join|Feenblurglablurg
|
|switch|p1a: Forretress|Forretress, M|354\/354
|move|p2a: Mienshao|U-turn|p1a: Forretress
|-resisted|p1a: Forretress
|-damage|p1a: Forretress|331\/354
|c| Outer World|did you know
|c| Outer World|i counter teamed dmt
|
|switch|p2a: Hydreigon|Hydreigon, M|325\/325
|
|-heal|p1a: Forretress|353\/354|[from] item: Leftovers
|turn|2
|c| Outer World|and lost 0-7
|join|DrReuniclus2
|
|switch|p1a: Umbreon|Umbreon, F|394\/394
|move|p2a: Hydreigon|Dark Pulse|p1a: Umbreon
|-resisted|p1a: Umbreon
|-damage|p1a: Umbreon|342\/394
|-damage|p2a: Hydreigon|293\/325|[from] item: Life Orb
|
|-heal|p1a: Umbreon|366\/394|[from] item: Leftovers
|turn|3
|c| Outer World|he had missingno on his team
|c| Outer World|aka shedninja
|
|switch|p2a: Nidoqueen|Nidoqueen, F|384\/384
|move|p1a: Umbreon|Baton Pass|p1a: Umbreon
|c| watfor|it is easy to counter dmt
|
|switch|p1a: Dugtrio|Dugtrio, M|211\/211
|
|turn|4
|c| watfor|just bring sand stream hippo
|
|move|p1a: Dugtrio|Earthquake|p2a: Nidoqueen
|-supereffective|p2a: Nidoqueen
|-damage|p2a: Nidoqueen|60\/384
|move|p2a: Nidoqueen|Ice Beam|p1a: Dugtrio
|-supereffective|p1a: Dugtrio
|-damage|p1a: Dugtrio|19\/211
|
|-heal|p2a: Nidoqueen|84\/384|[from] item: Black Sludge
|turn|5
|c| Duskt70|ooh
|c| watfor|and a amphy
|leave|Feenblurglablurg
|c| dingbat|weak
|c| dingbat|af
|c|âOG_Wanka|bulk
|c| Outer World|weakkkkkkkkk
|c| Living Proof|Bulky
|c| SuperSawgy|band?
|leave|kyla-kylls
|c| Duskt70|scarf dugtrio imo 
|c| dingbat|base 70 spD
|c| Living Proof|As all hell
|c| Outer World|marth
|join|Bud Hertz
|
|move|p1a: Dugtrio|Earthquake|p2a: Nidoqueen
|-supereffective|p2a: Nidoqueen
|-damage|p2a: Nidoqueen|0 fnt
|faint|p2a: Nidoqueen
|
|c| Duskt70|:^]
|c|âOG_Wanka|inb4 ice shard
|join|kyla-kylls
|c| Outer World|i wanna see u vs bud
|leave|kyla-kylls
|c| dingbat|is not to be messed with
|join|kyla-kylls
|c| dingbat|:]]]]]
|c| kyla-kylls|marth 
|
|switch|p2a: Hydreigon|Hydreigon, M|293\/325
|turn|6
|c| Outer World|hey ding
|c| kyla-kylls|u better win
|c| Outer World|did you get 2000 on ou yet
|c| dingbat|hai
|
|switch|p1a: Umbreon|Umbreon, F|366\/394
|move|p2a: Hydreigon|Draco Meteor|p1a: Umbreon
|-damage|p1a: Umbreon|183\/394
|-unboost|p2a: Hydreigon|spa|2
|-damage|p2a: Hydreigon|261\/325|[from] item: Life Orb
|
|-heal|p1a: Umbreon|207\/394|[from] item: Leftovers
|turn|7
|c| Duskt70|nice hydra switch in
|c| dingbat|lol fuck no
|c| Outer World|what the fuck
|c| Outer World|you dropped 300
|c| Outer World|Q_Q
|
|switch|p1a: Forretress|Forretress, M|353\/354
|move|p2a: Hydreigon|Superpower|p1a: Forretress
|-damage|p1a: Forretress|283\/354
|-unboost|p2a: Hydreigon|atk|1
|-unboost|p2a: Hydreigon|def|1
|-damage|p2a: Hydreigon|229\/325|[from] item: Life Orb
|
|-heal|p1a: Forretress|305\/354|[from] item: Leftovers
|turn|8
|c| dingbat|i haven't been battling much lately
|join|bananagram
|
|move|p2a: Hydreigon|Dark Pulse|p1a: Forretress
|-damage|p1a: Forretress|171\/354
|-damage|p2a: Hydreigon|197\/325|[from] item: Life Orb
|move|p1a: Forretress|Volt Switch|p2a: Hydreigon
|-crit|p2a: Hydreigon
|-resisted|p2a: Hydreigon
|-damage|p2a: Hydreigon|169\/325
|c| Tichraha|...
|c| Tichraha|bud
|c| Tichraha|never
|leave|bananagram
|leave|KennethReldo
|
|switch|p1a: Abomasnow|Abomasnow, M|384\/384
|-weather|Hail
|
|-weather|Hail|[upkeep]
|-damage|p2a: Hydreigon|149\/325|[from] hail
|turn|9
|join|Dudeman130498
|c| Outer World|super power
|c| watfor|EQ his magneton switch in here 
|c| watfor|imo
|c| Outer World|now
|c| watfor|EQ
|c| watfor|aboma
|c| Duskt70|SD here
|
|detailschange|p1a: Abomasnow|Abomasnow-Mega, M
|message|Abomasnow has Mega Evolved into Mega Abomasnow!
|move|p1a: Abomasnow|Ice Shard|p2a: Hydreigon
|-supereffective|p2a: Hydreigon
|-damage|p2a: Hydreigon|0 fnt
|faint|p2a: Hydreigon
|
|-weather|Hail|[upkeep]
|
|switch|p2a: Magneton|Magneton|259\/259
|turn|10
|c| Tichraha|inb4 focus blast
|join|sniperaim
|
|move|p2a: Magneton|Flash Cannon|p1a: Abomasnow
|-supereffective|p1a: Abomasnow
|-damage|p1a: Abomasnow|0 fnt
|faint|p1a: Abomasnow
|
|-weather|Hail|[upkeep]
|-damage|p2a: Magneton|243\/259|[from] hail
|c|âOG_Wanka|inb4 specs
|c| Duskt70|oof
|c| Duskt70|bop
|c|âOG_Wanka|fuck
|c| dingbat|free trio kill
|
|switch|p1a: Dugtrio|Dugtrio, M|19\/211
|turn|11
|c| watfor|shed shell
|c|âOG_Wanka|din ding ding
|c| watfor|magneton
|c| watfor|imo
|
|move|p1a: Dugtrio|Earthquake|p2a: Magneton
|-supereffective|p2a: Magneton
|-damage|p2a: Magneton|0 fnt
|faint|p2a: Magneton
|
|-weather|Hail|[upkeep]
|-damage|p1a: Dugtrio|6\/211|[from] hail
|c| Duskt70|^
|
|switch|p2a: Mienshao|Mienshao, F|271\/271
|turn|12
|join|flcl
|c| Tichraha|knock off
|
|switch|p1a: Forretress|Forretress, M|171\/354
|move|p2a: Mienshao|U-turn|p1a: Forretress
|-resisted|p1a: Forretress
|-damage|p1a: Forretress|147\/354
|
|switch|p2a: Umbreon|Umbreon, F|394\/394
|
|-weather|none
|-heal|p1a: Forretress|169\/354|[from] item: Leftovers
|turn|13
|c| Tichraha|...
|
|move|p2a: Umbreon|Foul Play|p1a: Forretress
|-damage|p1a: Forretress|112\/354
|move|p1a: Forretress|Toxic|p2a: Umbreon
|-status|p2a: Umbreon|tox
|
|-heal|p1a: Forretress|134\/354|[from] item: Leftovers
|-damage|p2a: Umbreon|370\/394 tox|[from] psn
|turn|14
|c| Tichraha|it was obv
|
|move|p2a: Umbreon|Heal Bell|p2a: Umbreon
|-cureteam|p2a: Umbreon|[from] move: HealBell
|move|p1a: Forretress|Volt Switch|p2a: Umbreon
|-damage|p2a: Umbreon|351\/394
|c| Outer World|i havent seen
|c| Outer World|a hail team in forever
|
|switch|p1a: Infernape|Infernape, M|293\/293
|
|-heal|p2a: Umbreon|375\/394|[from] item: Leftovers
|turn|15
|leave|flcl
|
|move|p1a: Infernape|Close Combat|p2a: Umbreon
|-supereffective|p2a: Umbreon
|-damage|p2a: Umbreon|0 fnt
|-unboost|p1a: Infernape|def|1
|-unboost|p1a: Infernape|spd|1
|-damage|p1a: Infernape|264\/293|[from] item: Life Orb
|faint|p2a: Umbreon
|
|c| Primal Wurmple|wat
|c| dingbat|str0nk
|c|âOG_Wanka|if dugg could speed tie zam tht would be nice
|
|switch|p2a: Alakazam|Alakazam, F|252\/252
|turn|16
|c|âOG_Wanka|but i think im sackin him this turn anyways
|join|Ferocca
|c| Mighty Dagon|mien sweep imo
|
|switch|p1a: Dugtrio|Dugtrio, M|6\/211
|move|p2a: Alakazam|Psyshock|p1a: Dugtrio
|-damage|p1a: Dugtrio|0 fnt
|faint|p1a: Dugtrio
|
|
|switch|p1a: Umbreon|Umbreon, F|207\/394
|turn|17
|c| Outer World|dazzling gleam
|c| Outer World|alakazam set
|
|move|p2a: Alakazam|Calm Mind|p2a: Alakazam
|-boost|p2a: Alakazam|spa|1
|-boost|p2a: Alakazam|spd|1
|move|p1a: Umbreon|Foul Play|p2a: Alakazam
|-supereffective|p2a: Alakazam
|-damage|p2a: Alakazam|84\/252
|
|-heal|p1a: Umbreon|231\/394|[from] item: Leftovers
|turn|18
|c| Mighty Dagon|will not kill
|c| Primal Wurmple|ooooo
|c| Ducem|OG for the win
|c|âOG_Wanka|tht might be gg
|c|âOG_Wanka|fuck
|c|âOG_Wanka|shit
|c| Mighty Dagon|umbreon might live
|
|move|p2a: Alakazam|Dazzling Gleam|p1a: Umbreon
|-supereffective|p1a: Umbreon
|-damage|p1a: Umbreon|13\/394
|move|p1a: Umbreon|Foul Play|p2a: Alakazam
|-supereffective|p2a: Alakazam
|-damage|p2a: Alakazam|0 fnt
|faint|p2a: Alakazam
|
|-heal|p1a: Umbreon|37\/394|[from] item: Leftovers
|c| Duskt70|BULK
|c| Primal Wurmple|BALK
|c|âOG_Wanka|holy shit
|
|switch|p2a: Mienshao|Mienshao, F|271\/271
|turn|19
|c| Outer World|BOOLK
|c|âOG_Wanka|umby i love you
|c| DrReuniclus2|bilk
|c| Outer World|milk
|c| Primal Wurmple|molk
|c| Ducem|yeah, he's way more reliable than Hydra
|c| Primal Wurmple|gimme the molk josh
|c| Outer World|yolk
|c|âxMarth|min dmg
|c| Mighty Dagon|max spd um takes about 33% from non boosted ala
|c| Outer World|i love word chains
|c|âOG_Wanka|ya
|c|âOG_Wanka|thought so
|leave|SuperSawgy
|c|âOG_Wanka|i calced too
|c|âxMarth|+1 252 SpA Life Orb Alakazam Dazzling Gleam vs. 252 HP \/ 252+ SpD Umbreon: 211-250 (53.5 - 63.4%) -- guaranteed 2HKO after Leftovers recovery
|
|move|p1a: Umbreon|Protect|p1a: Umbreon
|-singleturn|p1a: Umbreon|Protect
|move|p2a: Mienshao|Knock Off|p1a: Umbreon
|-activate|p1a: Umbreon|Protect
|
|-heal|p1a: Umbreon|61\/394|[from] item: Leftovers
|turn|20
|
|move|p2a: Mienshao|Knock Off|p1a: Umbreon
|-resisted|p1a: Umbreon
|-damage|p1a: Umbreon|8\/394
|-enditem|p1a: Umbreon|Leftovers|[from] move: Knock Off|[of] p2a: Mienshao
|move|p1a: Umbreon|Foul Play|p2a: Mienshao
|-resisted|p2a: Mienshao
|-damage|p2a: Mienshao|150\/271
|
|turn|21
|
|move|p2a: Mienshao|Knock Off|p1a: Umbreon
|-resisted|p1a: Umbreon
|-damage|p1a: Umbreon|0 fnt
|faint|p1a: Umbreon
|
|
|switch|p1a: Infernape|Infernape, M|264\/293
|turn|22
|c|âxMarth|not scarf chandy then?
|c|âOG_Wanka|no specs
|
|move|p2a: Mienshao|Knock Off|p1a: Infernape
|-resisted|p1a: Infernape
|-damage|p1a: Infernape|187\/293
|-enditem|p1a: Infernape|Life Orb|[from] move: Knock Off|[of] p2a: Mienshao
|move|p1a: Infernape|Close Combat|p2a: Mienshao
|-damage|p2a: Mienshao|0 fnt
|-unboost|p1a: Infernape|def|1
|-unboost|p1a: Infernape|spd|1
|faint|p2a: Mienshao
|
|win|OG_Wanka
|c|âxMarth|ah right
|c|âOG_Wanka|gg man
|c|âxMarth|gg
|leave|Mighty Dagon
|leave|so dynamic
|leave|Duskt70