|join|Sclee
|join|OG_Wanka
|player|p1|Sclee|169
|player|p2|OG_Wanka|92
|gametype|singles
|gen|6
|tier|UU
|rated
|rule|Sleep Clause Mod: Limit one foe put to sleep
|rule|Species Clause: Limit one of each PokÃ©mon
|rule|OHKO Clause: OHKO moves are banned
|rule|Moody Clause: Moody is banned
|rule|Evasion Moves Clause: Evasion moves are banned
|rule|Endless Battle Clause: Forcing endless battles is banned
|rule|HP Percentage Mod: HP is shown in percentages
|clearpoke
|poke|p1|Krookodile, F
|poke|p1|Roserade, M
|poke|p1|Arcanine, M
|poke|p1|Gligar, F
|poke|p1|Nidoking, M
|poke|p1|Raikou, shiny
|poke|p2|Azelf, shiny
|poke|p2|Mienshao, M, shiny
|poke|p2|Absol, M, shiny
|poke|p2|Nidoking, M
|poke|p2|Shaymin
|poke|p2|Victini
|rule|Swagger Clause: Swagger is banned
|rule|Baton Pass Clause: Limit one PokÃ©mon knowing Baton Pass
|teampreview
|
|start
|switch|p1a: Krookodile|Krookodile, F|331\/331
|switch|p2a: Azelf|Azelf, shiny|291\/291
|turn|1
|join|Thisbemyalt
|
|move|p1a: Krookodile|Knock Off|p2a: Azelf
|-supereffective|p2a: Azelf
|-enditem|p2a: Azelf|Focus Sash
|-damage|p2a: Azelf|1\/291
|move|p2a: Azelf|Knock Off|p1a: Krookodile
|-resisted|p1a: Krookodile
|-damage|p1a: Krookodile|262\/331
|-enditem|p1a: Krookodile|Choice Scarf|[from] move: Knock Off|[of] p2a: Azelf
|
|turn|2
|join|Colbrushie
|join|Lixx
|join|Volbeatdown
|
|move|p2a: Azelf|Explosion|p1a: Krookodile
|-damage|p1a: Krookodile|0 fnt
|faint|p2a: Azelf
|faint|p1a: Krookodile
|
|
|switch|p2a: Mienshao|Mienshao, M, shiny|271\/271
|switch|p1a: Raikou|Raikou, shiny|321\/321
|-ability|p1a: Raikou|Pressure
|turn|3
|
|switch|p1a: Arcanine|Arcanine, M|384\/384
|-ability|p1a: Arcanine|Intimidate|[of] p2a: Mienshao
|-unboost|p2a: Mienshao|atk|1
|move|p2a: Mienshao|U-turn|p1a: Arcanine
|-resisted|p1a: Arcanine
|-damage|p1a: Arcanine|362\/384
|-damage|p2a: Mienshao|226\/271|[from] item: Rocky Helmet|[of] p1a: Arcanine
|
|switch|p2a: Nidoking|Nidoking, M|304\/304
|
|turn|4
|chat|Colbrushie|i peaked like 1626
|
|switch|p1a: Roserade|Roserade, M|324\/324
|move|p2a: Nidoking|Earth Power|p1a: Roserade
|-crit|p1a: Roserade
|-damage|p1a: Roserade|86\/324
|
|-heal|p1a: Roserade|106\/324|[from] item: Black Sludge
|turn|5
|
|switch|p2a: Victini|Victini|341\/341
|move|p1a: Roserade|Giga Drain|p2a: Victini
|-resisted|p2a: Victini
|-damage|p2a: Victini|290\/341
|-heal|p1a: Roserade|132\/324|[from] drain|[of] p2a: Victini
|
|-heal|p1a: Roserade|152\/324|[from] item: Black Sludge
|turn|6
|
|switch|p1a: Arcanine|Arcanine, M|362\/384
|-ability|p1a: Arcanine|Intimidate|[of] p2a: Victini
|-unboost|p2a: Victini|atk|1
|move|p2a: Victini|U-turn|p1a: Arcanine
|-resisted|p1a: Arcanine
|-damage|p1a: Arcanine|330\/384
|-damage|p2a: Victini|234\/341|[from] item: Rocky Helmet|[of] p1a: Arcanine
|
|switch|p2a: Nidoking|Nidoking, M|304\/304
|
|turn|7
|
|switch|p1a: Gligar|Gligar, F|300\/300
|move|p2a: Nidoking|Earth Power|p1a: Gligar
|-immune|p1a: Gligar|[msg]
|
|turn|8
|
|move|p2a: Nidoking|Ice Beam|p1a: Gligar
|-supereffective|p1a: Gligar
|-damage|p1a: Gligar|0 fnt
|faint|p1a: Gligar
|
|
|switch|p1a: Raikou|Raikou, shiny|321\/321
|-ability|p1a: Raikou|Pressure
|turn|9
|chat|Colbrushie|ex
|join|Dracp
|chat|Thisbemyalt|Hi drac
|chat|OG_Wanka|hi dracp
|chat|Colbrushie|hi
|chat|Lixx|hi drac
|chat|Volbeatdown|hi dracp
|
|switch|p2a: Absol|Absol, M, shiny|271\/271
|move|p1a: Raikou|Extrasensory|p2a: Absol
|-immune|p2a: Absol|[msg]
|
|turn|10
|
|switch|p1a: Arcanine|Arcanine, M|330\/384
|-ability|p1a: Arcanine|Intimidate|[of] p2a: Absol
|-unboost|p2a: Absol|atk|1
|detailschange|p2a: Absol|Absol-Mega, M, shiny
|message|Absol has Mega Evolved into Mega Absol!
|move|p2a: Absol|Knock Off|p1a: Arcanine
|-damage|p1a: Arcanine|230\/384
|-damage|p2a: Absol|226\/271|[from] item: Rocky Helmet|[of] p1a: Arcanine
|-enditem|p1a: Arcanine|Rocky Helmet|[from] move: Knock Off|[of] p2a: Absol
|
|turn|11
|
|switch|p2a: Victini|Victini|234\/341
|move|p1a: Arcanine|Morning Sun|p1a: Arcanine
|-heal|p1a: Arcanine|384\/384
|
|turn|12
|
|switch|p1a: Nidoking|Nidoking, M|303\/303
|move|p2a: Victini|Zen Headbutt|p1a: Nidoking
|-supereffective|p1a: Nidoking
|-damage|p1a: Nidoking|0 fnt
|faint|p1a: Nidoking
|
|chat|Colbrushie|oof
|chat|Colbrushie|oof
|
|switch|p1a: Arcanine|Arcanine, M|384\/384
|-ability|p1a: Arcanine|Intimidate|[of] p2a: Victini
|-unboost|p2a: Victini|atk|1
|turn|13
|chat|Colbrushie|the one person in the tier
|chat|Colbrushie|running zen
|
|switch|p2a: Mienshao|Mienshao, M, shiny|226\/271
|move|p1a: Arcanine|Extreme Speed|p2a: Mienshao
|-damage|p2a: Mienshao|117\/271
|
|turn|14
|
|move|p2a: Mienshao|High Jump Kick|p1a: Arcanine
|-damage|p1a: Arcanine|150\/384
|move|p1a: Arcanine|Flare Blitz|p2a: Mienshao
|-damage|p2a: Mienshao|0 fnt
|-damage|p1a: Arcanine|111\/384|[from] recoil|[of] p2a: Mienshao
|faint|p2a: Mienshao
|
|join|ULT LiberalLucario
|chat|Colbrushie|he also runs overcoat
|
|switch|p2a: Nidoking|Nidoking, M|304\/304
|turn|15
|
|switch|p1a: Roserade|Roserade, M|152\/324
|move|p2a: Nidoking|Earth Power|p1a: Roserade
|-damage|p1a: Roserade|0 fnt
|faint|p1a: Roserade
|
|chat|Colbrushie|and he crept base 50s with his mamphy too
|
|switch|p1a: Raikou|Raikou, shiny|321\/321
|-ability|p1a: Raikou|Pressure
|turn|16
|
|switch|p2a: Absol|Absol-Mega, M, shiny|226\/271
|move|p1a: Raikou|Aura Sphere|p2a: Absol
|-supereffective|p2a: Absol
|-damage|p2a: Absol|0 fnt
|faint|p2a: Absol
|
|
|switch|p2a: Nidoking|Nidoking, M|304\/304
|turn|17
|chat|Colbrushie|oh yeah i played that team
|
|switch|p1a: Arcanine|Arcanine, M|111\/384
|-ability|p1a: Arcanine|Intimidate|[of] p2a: Nidoking
|-unboost|p2a: Nidoking|atk|1
|move|p2a: Nidoking|Earth Power|p1a: Arcanine
|-supereffective|p1a: Arcanine
|-damage|p1a: Arcanine|0 fnt
|faint|p1a: Arcanine
|
|
|switch|p1a: Raikou|Raikou, shiny|321\/321
|-ability|p1a: Raikou|Pressure
|turn|18
|
|switch|p2a: Shaymin|Shaymin|342\/342
|move|p1a: Raikou|Extrasensory|p2a: Shaymin
|-damage|p2a: Shaymin|196\/342
|
|turn|19
|join|Excuse
|chat|Colbrushie|happee's team that is
|
|move|p1a: Raikou|Extrasensory|p2a: Shaymin
|-damage|p2a: Shaymin|61\/342
|move|p2a: Shaymin|Earth Power|p1a: Raikou
|-supereffective|p1a: Raikou
|-damage|p1a: Raikou|64\/321
|-damage|p2a: Shaymin|27\/342|[from] item: Life Orb
|
|turn|20
|chat|Colbrushie|on the ladder
|
|move|p1a: Raikou|Extrasensory|p2a: Shaymin
|-damage|p2a: Shaymin|0 fnt
|faint|p2a: Shaymin
|
|
|switch|p2a: Victini|Victini|234\/341
|turn|21
|
|move|p1a: Raikou|Extrasensory|p2a: Victini
|-resisted|p2a: Victini
|-damage|p2a: Victini|160\/341
|move|p2a: Victini|V-create|p1a: Raikou
|-damage|p1a: Raikou|0 fnt
|-unboost|p2a: Victini|def|1
|-unboost|p2a: Victini|spd|1
|-unboost|p2a: Victini|spe|1
|faint|p1a: Raikou
|
|win|OG_Wanka
|raw|Ladder updating...
|raw|Sclee's rating: 1461 &rarr; <strong>1436<\/strong><br \/>(-25 for losing)
|raw|OG_Wanka's rating: 1367 &rarr; <strong>1392<\/strong><br \/>(+25 for winning)