|join|Serbosse
|join|bizarman
|player|p1|Serbosse|68
|player|p2|bizarman|42
|gametype|singles
|gen|6
|tier|ORAS OU
|rated
|rule|Sleep Clause Mod: Limit one foe put to sleep
|rule|Species Clause: Limit one of each PokÃ©mon
|rule|OHKO Clause: OHKO moves are banned
|rule|Moody Clause: Moody is banned
|rule|Evasion Moves Clause: Evasion moves are banned
|rule|Endless Battle Clause: Forcing endless battles is banned
|rule|HP Percentage Mod: HP is shown in percentages
|clearpoke
|poke|p1|Diancie
|poke|p1|Keldeo-Resolute
|poke|p1|Rotom-Wash
|poke|p1|Heatran, M
|poke|p1|Alakazam, M
|poke|p1|Landorus-Therian, M
|poke|p2|Metagross
|poke|p2|Latios, M
|poke|p2|Keldeo
|poke|p2|Dragonite, F
|poke|p2|Clefable, M
|poke|p2|Heatran, M
|rule|Swagger Clause: Swagger is banned
|rule|Baton Pass Clause: Limit one PokÃ©mon knowing Baton Pass
|teampreview
|
|start
|switch|p1a: Diancie|Diancie|304\/304
|switch|p2a: Clefable|Clefable, M|394\/394
|turn|1
|
|detailschange|p1a: Diancie|Diancie-Mega
|message|Diancie has Mega Evolved into Mega Diancie!
|move|p2a: Clefable|Wish|p2a: Clefable
|move|p1a: Diancie|Moonblast|p2a: Clefable
|-damage|p2a: Clefable|183\/394
|
|-heal|p2a: Clefable|207\/394|[from] item: Leftovers
|turn|2
|
|switch|p2a: Heatran|Heatran, M|323\/323
|move|p1a: Diancie|Diamond Storm|p2a: Heatran
|-damage|p2a: Heatran|133\/323
|-boost|p1a: Diancie|def|1
|
|-heal|p2a: Heatran|323\/323|[from] move: Wish|[wisher] Clefable
|turn|3
|
|move|p2a: Heatran|Flash Cannon|p1a: Diancie
|-supereffective|p1a: Diancie
|-damage|p1a: Diancie|0 fnt
|faint|p1a: Diancie
|
|
|switch|p1a: Keldeo-Resolute|Keldeo-Resolute|323\/323
|turn|4
|
|switch|p2a: Latios|Latios, M|302\/302
|move|p1a: Keldeo-Resolute|Icy Wind|p2a: Latios
|-supereffective|p2a: Latios
|-damage|p2a: Latios|108\/302
|-unboost|p2a: Latios|spe|1
|
|turn|5
|
|switch|p2a: Clefable|Clefable, M|207\/394
|move|p1a: Keldeo-Resolute|Icy Wind|p2a: Clefable
|-crit|p2a: Clefable
|-damage|p2a: Clefable|54\/394
|-unboost|p2a: Clefable|spe|1
|
|-heal|p2a: Clefable|78\/394|[from] item: Leftovers
|turn|6
|
|switch|p1a: Alakazam|Alakazam, M|251\/251
|move|p2a: Clefable|Protect|p2a: Clefable
|-fail|p2a: Clefable
|
|-heal|p2a: Clefable|102\/394|[from] item: Leftovers
|turn|7
|
|move|p2a: Clefable|Protect|p2a: Clefable
|-singleturn|p2a: Clefable|Protect
|move|p1a: Alakazam|Psyshock|p2a: Clefable
|-activate|p2a: Clefable|Protect
|
|-heal|p2a: Clefable|126\/394|[from] item: Leftovers
|turn|8
|
|move|p1a: Alakazam|Focus Blast|p2a: Clefable
|-resisted|p2a: Clefable
|-damage|p2a: Clefable|45\/394
|move|p2a: Clefable|Wish|p2a: Clefable
|
|-heal|p2a: Clefable|69\/394|[from] item: Leftovers
|turn|9
|
|move|p2a: Clefable|Protect|p2a: Clefable
|-singleturn|p2a: Clefable|Protect
|move|p1a: Alakazam|Psyshock|p2a: Clefable
|-activate|p2a: Clefable|Protect
|
|-heal|p2a: Clefable|266\/394|[from] move: Wish|[wisher] Clefable
|-heal|p2a: Clefable|290\/394|[from] item: Leftovers
|turn|10
|
|switch|p1a: Heatran|Heatran, M|386\/386
|move|p2a: Clefable|Wish|p2a: Clefable
|
|-heal|p2a: Clefable|314\/394|[from] item: Leftovers
|turn|11
|
|switch|p2a: Latios|Latios, M|108\/302
|move|p1a: Heatran|Stealth Rock|p2a: Latios
|-sidestart|p2: bizarman|move: Stealth Rock
|
|-heal|p2a: Latios|302\/302|[from] move: Wish|[wisher] Clefable
|turn|12
|
|move|p2a: Latios|Defog|p1a: Heatran
|-unboost|p1a: Heatran|evasion|1
|-sideend|p2: bizarman|Stealth Rock|[from] move: Defog|[of] p2a: Latios
|move|p1a: Heatran|Toxic|p2a: Latios
|-status|p2a: Latios|tox
|
|-damage|p2a: Latios|284\/302 tox|[from] psn
|turn|13
|
|switch|p2a: Keldeo|Keldeo|323\/323
|move|p1a: Heatran|Stealth Rock|p2a: Keldeo
|-sidestart|p2: bizarman|move: Stealth Rock
|
|turn|14
|
|switch|p1a: Keldeo-Resolute|Keldeo-Resolute|323\/323
|move|p2a: Keldeo|Hydro Pump|p1a: Keldeo-Resolute
|-resisted|p1a: Keldeo-Resolute
|-damage|p1a: Keldeo-Resolute|155\/323
|
|turn|15
|
|move|p2a: Keldeo|Hydro Pump|p1a: Keldeo-Resolute
|-resisted|p1a: Keldeo-Resolute
|-damage|p1a: Keldeo-Resolute|0 fnt
|faint|p1a: Keldeo-Resolute
|
|
|switch|p1a: Rotom-Wash|Rotom-Wash|304\/304
|turn|16
|
|switch|p2a: Latios|Latios, M|284\/302 tox
|-damage|p2a: Latios|247\/302 tox|[from] Stealth Rock
|move|p1a: Rotom-Wash|Volt Switch|p2a: Latios
|-resisted|p2a: Latios
|-damage|p2a: Latios|209\/302 tox
|
|switch|p1a: Alakazam|Alakazam, M|251\/251
|
|-damage|p2a: Latios|191\/302 tox|[from] psn
|turn|17
|
|switch|p2a: Heatran|Heatran, M|323\/323
|-damage|p2a: Heatran|283\/323|[from] Stealth Rock
|move|p1a: Alakazam|Psyshock|p2a: Heatran
|-resisted|p2a: Heatran
|-damage|p2a: Heatran|204\/323
|
|turn|18
|
|switch|p1a: Heatran|Heatran, M|386\/386
|move|p2a: Heatran|Overheat|p1a: Heatran
|-start|p1a: Heatran|ability: Flash Fire
|
|turn|19
|
|switch|p2a: Keldeo|Keldeo|323\/323
|-damage|p2a: Keldeo|303\/323|[from] Stealth Rock
|move|p1a: Heatran|Lava Plume|p2a: Keldeo
|-resisted|p2a: Keldeo
|-damage|p2a: Keldeo|204\/323
|
|turn|20
|
|move|p2a: Keldeo|Hydro Pump|p1a: Heatran|[miss]
|-miss|p2a: Keldeo|p1a: Heatran
|move|p1a: Heatran|Toxic|p2a: Keldeo
|-status|p2a: Keldeo|tox
|
|-damage|p2a: Keldeo|184\/323 tox|[from] psn
|turn|21
|
|switch|p2a: Latios|Latios, M|191\/302 tox
|-damage|p2a: Latios|154\/302 tox|[from] Stealth Rock
|move|p1a: Heatran|Lava Plume|p2a: Latios
|-resisted|p2a: Latios
|-damage|p2a: Latios|79\/302 tox
|
|-damage|p2a: Latios|61\/302 tox|[from] psn
|turn|22
|
|move|p2a: Latios|Defog|p1a: Heatran
|-unboost|p1a: Heatran|evasion|1
|-sideend|p2: bizarman|Stealth Rock|[from] move: Defog|[of] p2a: Latios
|move|p1a: Heatran|Lava Plume|p2a: Latios
|-resisted|p2a: Latios
|-damage|p2a: Latios|0 fnt
|faint|p2a: Latios
|
|
|switch|p2a: Dragonite|Dragonite, F|324\/324
|turn|23
|
|move|p2a: Dragonite|Dragon Dance|p2a: Dragonite
|-boost|p2a: Dragonite|atk|1
|-boost|p2a: Dragonite|spe|1
|move|p1a: Heatran|Roar|p2a: Dragonite
|drag|p2a: Metagross|Metagross|321\/321
|
|turn|24
|
|switch|p2a: Heatran|Heatran, M|204\/323
|switch|p1a: Rotom-Wash|Rotom-Wash|304\/304
|
|turn|25
|
|switch|p2a: Clefable|Clefable, M|314\/394
|move|p1a: Rotom-Wash|Volt Switch|p2a: Clefable
|-damage|p2a: Clefable|229\/394
|
|switch|p1a: Landorus-Therian|Landorus-Therian, M|351\/351
|-ability|p1a: Landorus-Therian|Intimidate|[of] p2a: Clefable
|-unboost|p2a: Clefable|atk|1
|
|-heal|p2a: Clefable|253\/394|[from] item: Leftovers
|turn|26
|
|move|p1a: Landorus-Therian|Swords Dance|p1a: Landorus-Therian
|-boost|p1a: Landorus-Therian|atk|2
|move|p2a: Clefable|Wish|p2a: Clefable
|
|-heal|p2a: Clefable|277\/394|[from] item: Leftovers
|turn|27
|
|move|p1a: Landorus-Therian|Earthquake|p2a: Clefable
|-damage|p2a: Clefable|78\/394
|move|p2a: Clefable|Moonblast|p1a: Landorus-Therian
|-damage|p1a: Landorus-Therian|231\/351
|-unboost|p1a: Landorus-Therian|spa|1
|
|-heal|p2a: Clefable|275\/394|[from] move: Wish|[wisher] Clefable
|-heal|p1a: Landorus-Therian|252\/351|[from] item: Leftovers
|-heal|p2a: Clefable|299\/394|[from] item: Leftovers
|turn|28
|
|switch|p1a: Heatran|Heatran, M|386\/386
|move|p2a: Clefable|Wish|p2a: Clefable
|
|-heal|p2a: Clefable|323\/394|[from] item: Leftovers
|turn|29
|
|switch|p2a: Keldeo|Keldeo|184\/323 tox
|move|p1a: Heatran|Stealth Rock|p2a: Keldeo
|-sidestart|p2: bizarman|move: Stealth Rock
|
|-heal|p2a: Keldeo|323\/323 tox|[from] move: Wish|[wisher] Clefable
|-damage|p2a: Keldeo|303\/323 tox|[from] psn
|turn|30
|
|switch|p1a: Rotom-Wash|Rotom-Wash|304\/304
|move|p2a: Keldeo|Secret Sword|p1a: Rotom-Wash
|-damage|p1a: Rotom-Wash|97\/304
|
|-heal|p1a: Rotom-Wash|116\/304|[from] item: Leftovers
|-damage|p2a: Keldeo|263\/323 tox|[from] psn
|turn|31
|
|switch|p2a: Clefable|Clefable, M|323\/394
|-damage|p2a: Clefable|274\/394|[from] Stealth Rock
|move|p1a: Rotom-Wash|Volt Switch|p2a: Clefable
|-damage|p2a: Clefable|172\/394
|
|switch|p1a: Alakazam|Alakazam, M|251\/251
|
|-heal|p2a: Clefable|196\/394|[from] item: Leftovers
|turn|32
|
|move|p2a: Clefable|Protect|p2a: Clefable
|-singleturn|p2a: Clefable|Protect
|move|p1a: Alakazam|Psyshock|p2a: Clefable
|-activate|p2a: Clefable|Protect
|
|-heal|p2a: Clefable|220\/394|[from] item: Leftovers
|turn|33
|
|move|p1a: Alakazam|Psyshock|p2a: Clefable
|-damage|p2a: Clefable|102\/394
|move|p2a: Clefable|Wish|p2a: Clefable
|
|-heal|p2a: Clefable|126\/394|[from] item: Leftovers
|turn|34
|
|switch|p1a: Heatran|Heatran, M|386\/386
|move|p2a: Clefable|Moonblast|p1a: Heatran
|-resisted|p1a: Heatran
|-damage|p1a: Heatran|367\/386
|
|-heal|p2a: Clefable|323\/394|[from] move: Wish|[wisher] Clefable
|-heal|p1a: Heatran|386\/386|[from] item: Leftovers
|-heal|p2a: Clefable|347\/394|[from] item: Leftovers
|turn|35
|
|switch|p2a: Keldeo|Keldeo|263\/323 tox
|-damage|p2a: Keldeo|243\/323 tox|[from] Stealth Rock
|move|p1a: Heatran|Toxic|p2a: Keldeo
|-fail|p2a: Keldeo|tox
|
|-damage|p2a: Keldeo|223\/323 tox|[from] psn
|turn|36
|
|switch|p1a: Rotom-Wash|Rotom-Wash|116\/304
|move|p2a: Keldeo|Hydro Pump|p1a: Rotom-Wash|[miss]
|-miss|p2a: Keldeo|p1a: Rotom-Wash
|
|-heal|p1a: Rotom-Wash|135\/304|[from] item: Leftovers
|-damage|p2a: Keldeo|183\/323 tox|[from] psn
|turn|37
|
|switch|p2a: Clefable|Clefable, M|347\/394
|-damage|p2a: Clefable|298\/394|[from] Stealth Rock
|move|p1a: Rotom-Wash|Volt Switch|p2a: Clefable
|-damage|p2a: Clefable|198\/394
|
|switch|p1a: Heatran|Heatran, M|386\/386
|
|-heal|p2a: Clefable|222\/394|[from] item: Leftovers
|turn|38
|
|switch|p2a: Heatran|Heatran, M|204\/323
|-damage|p2a: Heatran|164\/323|[from] Stealth Rock
|move|p1a: Heatran|Toxic|p2a: Heatran
|-fail|p2a: Heatran
|
|turn|39
|
|switch|p1a: Rotom-Wash|Rotom-Wash|135\/304
|move|p2a: Heatran|Earth Power|p1a: Rotom-Wash
|-immune|p1a: Rotom-Wash|[msg]
|
|-heal|p1a: Rotom-Wash|154\/304|[from] item: Leftovers
|turn|40
|
|move|p2a: Heatran|Earth Power|p1a: Rotom-Wash
|-immune|p1a: Rotom-Wash|[msg]
|move|p1a: Rotom-Wash|Hydro Pump|p2a: Heatran
|-supereffective|p2a: Heatran
|-damage|p2a: Heatran|0 fnt
|faint|p2a: Heatran
|
|-heal|p1a: Rotom-Wash|173\/304|[from] item: Leftovers
|
|switch|p2a: Clefable|Clefable, M|222\/394
|-damage|p2a: Clefable|173\/394|[from] Stealth Rock
|turn|41
|
|move|p1a: Rotom-Wash|Hydro Pump|p2a: Clefable|[miss]
|-miss|p1a: Rotom-Wash|p2a: Clefable
|move|p2a: Clefable|Wish|p2a: Clefable
|
|-heal|p1a: Rotom-Wash|192\/304|[from] item: Leftovers
|-heal|p2a: Clefable|197\/394|[from] item: Leftovers
|turn|42
|
|switch|p2a: Dragonite|Dragonite, F|324\/324
|-damage|p2a: Dragonite|243\/324|[from] Stealth Rock
|move|p1a: Rotom-Wash|Volt Switch|p2a: Dragonite
|-damage|p2a: Dragonite|161\/324
|
|switch|p1a: Landorus-Therian|Landorus-Therian, M|252\/351
|-ability|p1a: Landorus-Therian|Intimidate|[of] p2a: Dragonite
|-unboost|p2a: Dragonite|atk|1
|
|-heal|p2a: Dragonite|324\/324|[from] move: Wish|[wisher] Clefable
|-heal|p1a: Landorus-Therian|273\/351|[from] item: Leftovers
|turn|43
|
|switch|p1a: Heatran|Heatran, M|386\/386
|move|p2a: Dragonite|Dragon Dance|p2a: Dragonite
|-boost|p2a: Dragonite|atk|1
|-boost|p2a: Dragonite|spe|1
|
|turn|44
|
|move|p2a: Dragonite|Earthquake|p1a: Heatran
|-supereffective|p1a: Heatran
|-damage|p1a: Heatran|0 fnt
|faint|p1a: Heatran
|
|
|switch|p1a: Landorus-Therian|Landorus-Therian, M|273\/351
|-ability|p1a: Landorus-Therian|Intimidate|[of] p2a: Dragonite
|-unboost|p2a: Dragonite|atk|1
|turn|45
|
|move|p2a: Dragonite|Dragon Dance|p2a: Dragonite
|-boost|p2a: Dragonite|atk|1
|-boost|p2a: Dragonite|spe|1
|move|p1a: Landorus-Therian|Stone Edge|p2a: Dragonite
|-supereffective|p2a: Dragonite
|-damage|p2a: Dragonite|171\/324
|
|-heal|p1a: Landorus-Therian|294\/351|[from] item: Leftovers
|turn|46
|
|move|p2a: Dragonite|Outrage|p1a: Landorus-Therian
|-damage|p1a: Landorus-Therian|33\/351
|move|p1a: Landorus-Therian|Stone Edge|p2a: Dragonite|[miss]
|-miss|p1a: Landorus-Therian|p2a: Dragonite
|
|-heal|p1a: Landorus-Therian|54\/351|[from] item: Leftovers
|turn|47
|
|move|p2a: Dragonite|Outrage|p1a: Landorus-Therian
|-damage|p1a: Landorus-Therian|0 fnt
|faint|p1a: Landorus-Therian
|
|-end|p2a: Dragonite|rampage
|-start|p2a: Dragonite|confusion
|
|switch|p1a: Alakazam|Alakazam, M|251\/251
|-enditem|p2a: Dragonite|Lum Berry|[eat]
|-end|p2a: Dragonite|confusion
|turn|48
|
|move|p2a: Dragonite|Outrage|p1a: Alakazam
|-enditem|p1a: Alakazam|Focus Sash
|-damage|p1a: Alakazam|1\/251
|move|p1a: Alakazam|Hidden Power|p2a: Dragonite
|-supereffective|p2a: Dragonite
|-damage|p2a: Dragonite|0 fnt
|faint|p2a: Dragonite
|
|
|switch|p2a: Clefable|Clefable, M|197\/394
|-damage|p2a: Clefable|148\/394|[from] Stealth Rock
|turn|49
|
|move|p2a: Clefable|Protect|p2a: Clefable
|-singleturn|p2a: Clefable|Protect
|move|p1a: Alakazam|Hidden Power|p2a: Clefable
|-activate|p2a: Clefable|Protect
|
|-heal|p2a: Clefable|172\/394|[from] item: Leftovers
|turn|50
|
|move|p1a: Alakazam|Shadow Ball|p2a: Clefable
|-damage|p2a: Clefable|63\/394
|move|p2a: Clefable|Wish|p2a: Clefable
|
|-heal|p2a: Clefable|87\/394|[from] item: Leftovers
|turn|51
|
|move|p2a: Clefable|Protect|p2a: Clefable
|-singleturn|p2a: Clefable|Protect
|move|p1a: Alakazam|Shadow Ball|p2a: Clefable
|-activate|p2a: Clefable|Protect
|
|-heal|p2a: Clefable|284\/394|[from] move: Wish|[wisher] Clefable
|-heal|p2a: Clefable|308\/394|[from] item: Leftovers
|turn|52
|
|switch|p1a: Rotom-Wash|Rotom-Wash|192\/304
|move|p2a: Clefable|Moonblast|p1a: Rotom-Wash
|-damage|p1a: Rotom-Wash|116\/304
|
|-heal|p1a: Rotom-Wash|135\/304|[from] item: Leftovers
|-heal|p2a: Clefable|332\/394|[from] item: Leftovers
|turn|53
|
|switch|p2a: Keldeo|Keldeo|183\/323 tox
|-damage|p2a: Keldeo|163\/323 tox|[from] Stealth Rock
|move|p1a: Rotom-Wash|Will-O-Wisp|p2a: Keldeo
|-fail|p2a: Keldeo
|
|-heal|p1a: Rotom-Wash|154\/304|[from] item: Leftovers
|-damage|p2a: Keldeo|143\/323 tox|[from] psn
|turn|54
|
|move|p2a: Keldeo|Secret Sword|p1a: Rotom-Wash
|-damage|p1a: Rotom-Wash|0 fnt
|faint|p1a: Rotom-Wash
|
|-damage|p2a: Keldeo|103\/323 tox|[from] psn
|
|switch|p1a: Alakazam|Alakazam, M|1\/251
|turn|55
|c|âbizarman|gg
|
|move|p1a: Alakazam|Psyshock|p2a: Keldeo
|-supereffective|p2a: Keldeo
|-damage|p2a: Keldeo|0 fnt
|faint|p2a: Keldeo
|
|
|switch|p2a: Clefable|Clefable, M|332\/394
|-damage|p2a: Clefable|283\/394|[from] Stealth Rock
|turn|56
|
|move|p1a: Alakazam|Psyshock|p2a: Clefable
|-damage|p2a: Clefable|159\/394
|move|p2a: Clefable|Moonblast|p1a: Alakazam
|-damage|p1a: Alakazam|0 fnt
|faint|p1a: Alakazam
|
|win|bizarman
|raw|Ladder updating...