|join|bizarman
|join|Carl Murray
|player|p1|bizarman|42
|player|p2|Carl Murray|2
|gametype|singles
|gen|6
|tier|ORAS OU
|rated
|rule|Sleep Clause Mod: Limit one foe put to sleep
|rule|Species Clause: Limit one of each PokÃ©mon
|rule|OHKO Clause: OHKO moves are banned
|rule|Moody Clause: Moody is banned
|rule|Evasion Moves Clause: Evasion moves are banned
|rule|Endless Battle Clause: Forcing endless battles is banned
|rule|HP Percentage Mod: HP is shown in percentages
|clearpoke
|poke|p1|Politoed, F
|poke|p1|Thundurus, M
|poke|p1|Ludicolo, F
|poke|p1|Swampert, M
|poke|p1|Landorus-Therian, M
|poke|p1|Magnezone
|poke|p2|Metagross
|poke|p2|Breloom, M
|poke|p2|Rotom-Heat
|poke|p2|Azumarill, F
|poke|p2|Gliscor, M
|poke|p2|Latios, M
|rule|Swagger Clause: Swagger is banned
|rule|Baton Pass Clause: Limit one PokÃ©mon knowing Baton Pass
|teampreview
|
|start
|switch|p1a: Thundurus|Thundurus, M|299\/299
|switch|p2a: Breloom|Breloom, M|262\/262
|turn|1
|
|move|p1a: Thundurus|Volt Switch|p2a: Breloom
|-resisted|p2a: Breloom
|-damage|p2a: Breloom|174\/262
|
|switch|p1a: Politoed|Politoed, F|384\/384
|-weather|RainDance
|move|p2a: Breloom|Rock Tomb|p1a: Politoed
|-damage|p1a: Politoed|260\/384
|-unboost|p1a: Politoed|spe|1
|
|-weather|RainDance|[upkeep]
|turn|2
|
|switch|p1a: Ludicolo|Ludicolo, F|302\/302
|move|p2a: Breloom|Bullet Seed|p1a: Ludicolo
|-damage|p1a: Ludicolo|211\/302
|-damage|p1a: Ludicolo|114\/302
|-damage|p1a: Ludicolo|32\/302
|-hitcount|p1a: Ludicolo|3
|
|-weather|RainDance|[upkeep]
|turn|3
|
|switch|p1a: Landorus-Therian|Landorus-Therian, M|382\/382
|-ability|p1a: Landorus-Therian|Intimidate|[of] p2a: Breloom
|-unboost|p2a: Breloom|atk|1
|move|p2a: Breloom|Mach Punch|p1a: Landorus-Therian
|-resisted|p1a: Landorus-Therian
|-damage|p1a: Landorus-Therian|354\/382
|
|-weather|RainDance|[upkeep]
|-heal|p1a: Landorus-Therian|377\/382|[from] item: Leftovers
|turn|4
|
|move|p2a: Breloom|Spore|p1a: Landorus-Therian
|-status|p1a: Landorus-Therian|slp
|cant|p1a: Landorus-Therian|slp
|
|-weather|RainDance|[upkeep]
|-heal|p1a: Landorus-Therian|382\/382 slp|[from] item: Leftovers
|turn|5
|
|switch|p2a: Azumarill|Azumarill, F|404\/404
|switch|p1a: Thundurus|Thundurus, M|299\/299
|
|-weather|RainDance|[upkeep]
|turn|6
|
|move|p1a: Thundurus|Volt Switch|p2a: Azumarill
|-supereffective|p2a: Azumarill
|-damage|p2a: Azumarill|204\/404
|
|switch|p1a: Ludicolo|Ludicolo, F|32\/302
|move|p2a: Azumarill|Waterfall|p1a: Ludicolo
|-resisted|p1a: Ludicolo
|-damage|p1a: Ludicolo|0 fnt
|faint|p1a: Ludicolo
|
|-weather|RainDance|[upkeep]
|
|switch|p1a: Magnezone|Magnezone|282\/282
|turn|7
|
|switch|p1a: Swampert|Swampert, M|341\/341
|switch|p2a: Latios|Latios, M|301\/301
|
|-weather|RainDance|[upkeep]
|turn|8
|
|switch|p1a: Magnezone|Magnezone|282\/282
|move|p2a: Latios|Draco Meteor|p1a: Magnezone
|-resisted|p1a: Magnezone
|-damage|p1a: Magnezone|117\/282
|-unboost|p2a: Latios|spa|2
|-damage|p2a: Latios|271\/301|[from] item: Life Orb
|
|-weather|none
|turn|9
|
|switch|p1a: Politoed|Politoed, F|260\/384
|-weather|RainDance
|move|p2a: Latios|Earthquake|p1a: Politoed
|-damage|p1a: Politoed|140\/384
|-damage|p2a: Latios|241\/301|[from] item: Life Orb
|
|-weather|RainDance|[upkeep]
|turn|10
|
|switch|p1a: Swampert|Swampert, M|341\/341
|move|p2a: Latios|Psyshock|p1a: Swampert
|-damage|p1a: Swampert|242\/341
|-damage|p2a: Latios|211\/301|[from] item: Life Orb
|
|-weather|RainDance|[upkeep]
|turn|11
|
|detailschange|p1a: Swampert|Swampert-Mega, M
|message|Swampert has Mega Evolved into Mega Swampert!
|move|p2a: Latios|Draco Meteor|p1a: Swampert
|-damage|p1a: Swampert|100\/341
|-unboost|p2a: Latios|spa|2
|-damage|p2a: Latios|181\/301|[from] item: Life Orb
|move|p1a: Swampert|Ice Punch|p2a: Latios
|-supereffective|p2a: Latios
|-damage|p2a: Latios|0 fnt
|faint|p2a: Latios
|
|-weather|RainDance|[upkeep]
|
|switch|p2a: Gliscor|Gliscor, M|354\/354
|turn|12
|
|move|p2a: Gliscor|Protect|p2a: Gliscor
|-singleturn|p2a: Gliscor|Protect
|move|p1a: Swampert|Waterfall|p2a: Gliscor
|-activate|p2a: Gliscor|Protect
|
|-weather|RainDance|[upkeep]
|-status|p2a: Gliscor|tox|[from] item: Toxic Orb
|turn|13
|
|switch|p2a: Breloom|Breloom, M|174\/262
|move|p1a: Swampert|Waterfall|p2a: Breloom
|-resisted|p2a: Breloom
|-damage|p2a: Breloom|23\/262
|
|-weather|RainDance|[upkeep]
|turn|14
|
|switch|p1a: Landorus-Therian|Landorus-Therian, M|382\/382 slp
|-ability|p1a: Landorus-Therian|Intimidate|[of] p2a: Breloom
|-unboost|p2a: Breloom|atk|1
|move|p2a: Breloom|Mach Punch|p1a: Landorus-Therian
|-resisted|p1a: Landorus-Therian
|-damage|p1a: Landorus-Therian|354\/382 slp
|
|-weather|RainDance|[upkeep]
|-heal|p1a: Landorus-Therian|377\/382 slp|[from] item: Leftovers
|turn|15
|
|switch|p2a: Azumarill|Azumarill, F|204\/404
|cant|p1a: Landorus-Therian|slp
|
|-weather|RainDance|[upkeep]
|-heal|p1a: Landorus-Therian|382\/382 slp|[from] item: Leftovers
|turn|16
|
|-curestatus|p1a: Landorus-Therian|slp
|move|p1a: Landorus-Therian|U-turn|p2a: Azumarill
|-resisted|p2a: Azumarill
|-damage|p2a: Azumarill|160\/404
|
|switch|p1a: Politoed|Politoed, F|140\/384
|move|p2a: Azumarill|Waterfall|p1a: Politoed
|-resisted|p1a: Politoed
|-damage|p1a: Politoed|0 fnt
|faint|p1a: Politoed
|
|-weather|none
|
|switch|p1a: Thundurus|Thundurus, M|299\/299
|turn|17
|
|switch|p2a: Rotom-Heat|Rotom-Heat|304\/304
|move|p1a: Thundurus|Rain Dance|p1a: Thundurus
|-weather|RainDance
|
|-weather|RainDance|[upkeep]
|turn|18
|
|move|p1a: Thundurus|Volt Switch|p2a: Rotom-Heat
|-resisted|p2a: Rotom-Heat
|-damage|p2a: Rotom-Heat|259\/304
|
|switch|p1a: Magnezone|Magnezone|117\/282
|move|p2a: Rotom-Heat|Will-O-Wisp|p1a: Magnezone
|-status|p1a: Magnezone|brn
|
|-weather|RainDance|[upkeep]
|-heal|p2a: Rotom-Heat|278\/304|[from] item: Leftovers
|-damage|p1a: Magnezone|82\/282 brn|[from] brn
|turn|19
|
|move|p1a: Magnezone|Volt Switch|p2a: Rotom-Heat
|-resisted|p2a: Rotom-Heat
|-damage|p2a: Rotom-Heat|238\/304
|
|switch|p1a: Landorus-Therian|Landorus-Therian, M|382\/382
|-ability|p1a: Landorus-Therian|Intimidate|[of] p2a: Rotom-Heat
|-unboost|p2a: Rotom-Heat|atk|1
|move|p2a: Rotom-Heat|Will-O-Wisp|p1a: Landorus-Therian
|-status|p1a: Landorus-Therian|brn
|
|-weather|RainDance|[upkeep]
|-heal|p2a: Rotom-Heat|257\/304|[from] item: Leftovers
|-damage|p1a: Landorus-Therian|335\/382 brn|[from] brn
|turn|20
|
|switch|p2a: Breloom|Breloom, M|23\/262
|move|p1a: Landorus-Therian|Stealth Rock|p2a: Breloom
|-sidestart|p2: Carl Murray|move: Stealth Rock
|
|-weather|RainDance|[upkeep]
|-heal|p1a: Landorus-Therian|358\/382 brn|[from] item: Leftovers
|-damage|p1a: Landorus-Therian|311\/382 brn|[from] brn
|turn|21
|
|move|p2a: Breloom|Bullet Seed|p1a: Landorus-Therian
|-damage|p1a: Landorus-Therian|257\/382 brn
|-crit|p1a: Landorus-Therian
|-damage|p1a: Landorus-Therian|179\/382 brn
|-hitcount|p1a: Landorus-Therian|2
|move|p1a: Landorus-Therian|U-turn|p2a: Breloom
|-damage|p2a: Breloom|0 fnt
|faint|p2a: Breloom
|
|switch|p1a: Swampert|Swampert-Mega, M|100\/341
|
|-weather|RainDance|[upkeep]
|
|switch|p2a: Azumarill|Azumarill, F|160\/404
|-damage|p2a: Azumarill|110\/404|[from] Stealth Rock
|turn|22
|
|switch|p1a: Landorus-Therian|Landorus-Therian, M|179\/382 brn
|-ability|p1a: Landorus-Therian|Intimidate|[of] p2a: Azumarill
|-unboost|p2a: Azumarill|atk|1
|move|p2a: Azumarill|Aqua Jet|p1a: Landorus-Therian
|-supereffective|p1a: Landorus-Therian
|-damage|p1a: Landorus-Therian|39\/382 brn
|
|-weather|RainDance|[upkeep]
|-heal|p1a: Landorus-Therian|62\/382 brn|[from] item: Leftovers
|-damage|p1a: Landorus-Therian|15\/382 brn|[from] brn
|turn|23
|
|move|p2a: Azumarill|Aqua Jet|p1a: Landorus-Therian
|-supereffective|p1a: Landorus-Therian
|-damage|p1a: Landorus-Therian|0 fnt
|faint|p1a: Landorus-Therian
|
|-weather|RainDance|[upkeep]
|
|switch|p1a: Thundurus|Thundurus, M|299\/299
|turn|24
|
|switch|p2a: Gliscor|Gliscor, M|354\/354 tox
|-damage|p2a: Gliscor|310\/354 tox|[from] Stealth Rock
|move|p1a: Thundurus|Volt Switch|p2a: Gliscor
|-immune|p2a: Gliscor|[msg]
|
|-weather|none
|-heal|p2a: Gliscor|354\/354 tox|[from] ability: Poison Heal
|turn|25
|
|move|p1a: Thundurus|Hidden Power|p2a: Gliscor
|-supereffective|p2a: Gliscor
|-damage|p2a: Gliscor|0 fnt
|faint|p2a: Gliscor
|
|
|switch|p2a: Metagross|Metagross|302\/302
|-damage|p2a: Metagross|284\/302|[from] Stealth Rock
|turn|26
|
|detailschange|p2a: Metagross|Metagross-Mega
|message|Metagross has Mega Evolved into Mega Metagross!
|move|p1a: Thundurus|Thunder Wave|p2a: Metagross
|-status|p2a: Metagross|par
|move|p2a: Metagross|Ice Punch|p1a: Thundurus
|-supereffective|p1a: Thundurus
|-damage|p1a: Thundurus|0 fnt
|faint|p1a: Thundurus
|
|
|switch|p1a: Magnezone|Magnezone|82\/282 brn
|turn|27
|
|cant|p2a: Metagross|par
|move|p1a: Magnezone|Thunder|p2a: Metagross
|-crit|p2a: Metagross
|-damage|p2a: Metagross|11\/302 par
|
|-damage|p1a: Magnezone|47\/282 brn|[from] brn
|turn|28
|c|âbizarman|gg$
|c|âCarl Murray|gg
|
|cant|p2a: Metagross|par
|move|p1a: Magnezone|Thunder|p2a: Metagross
|-damage|p2a: Metagross|0 fnt
|faint|p2a: Metagross
|
|-damage|p1a: Magnezone|12\/282 brn|[from] brn
|
|switch|p2a: Rotom-Heat|Rotom-Heat|257\/304
|-damage|p2a: Rotom-Heat|181\/304|[from] Stealth Rock
|turn|29
|
|move|p1a: Magnezone|Thunder|p2a: Rotom-Heat
|-resisted|p2a: Rotom-Heat
|-damage|p2a: Rotom-Heat|112\/304
|move|p2a: Rotom-Heat|Will-O-Wisp|p1a: Magnezone
|-fail|p1a: Magnezone|brn
|
|-heal|p2a: Rotom-Heat|131\/304|[from] item: Leftovers
|-damage|p1a: Magnezone|0 fnt|[from] brn
|faint|p1a: Magnezone
|
|switch|p1a: Swampert|Swampert-Mega, M|100\/341
|turn|30
|
|move|p1a: Swampert|Waterfall|p2a: Rotom-Heat
|-supereffective|p2a: Rotom-Heat
|-damage|p2a: Rotom-Heat|0 fnt
|faint|p2a: Rotom-Heat
|
|
|switch|p2a: Azumarill|Azumarill, F|110\/404
|-damage|p2a: Azumarill|60\/404|[from] Stealth Rock
|turn|31
|
|move|p2a: Azumarill|Aqua Jet|p1a: Swampert
|-damage|p1a: Swampert|22\/341
|move|p1a: Swampert|Earthquake|p2a: Azumarill
|-damage|p2a: Azumarill|0 fnt
|faint|p2a: Azumarill
|
|win|bizarman
|raw|Ladder updating...
|raw|bizarman's rating: 1265 &rarr; <strong>1282<\/strong><br \/>(+17 for winning)
|raw|Carl Murray's rating: 1154 &rarr; <strong>1136<\/strong><br \/>(-18 for losing)
|leave|Carl Murray
|player|p2