|join|Wyvern123
|join|bizarman
|player|p1|Wyvern123|250
|player|p2|bizarman|42
|gametype|singles
|gen|6
|tier|ORAS OU
|rated
|rule|Sleep Clause Mod: Limit one foe put to sleep
|rule|Species Clause: Limit one of each PokÃ©mon
|rule|OHKO Clause: OHKO moves are banned
|rule|Moody Clause: Moody is banned
|rule|Evasion Moves Clause: Evasion moves are banned
|rule|Endless Battle Clause: Forcing endless battles is banned
|rule|HP Percentage Mod: HP is shown in percentages
|clearpoke
|poke|p1|Altaria, F, shiny
|poke|p1|Diggersby, M, shiny
|poke|p1|Greninja, M, shiny
|poke|p1|Heatran, M, shiny
|poke|p1|Slowbro, M, shiny
|poke|p1|Amoonguss, M, shiny
|poke|p2|Altaria, M
|poke|p2|Scizor, M
|poke|p2|Heatran, M
|poke|p2|Terrakion
|poke|p2|Zapdos
|poke|p2|Keldeo
|rule|Swagger Clause: Swagger is banned
|rule|Baton Pass Clause: Limit one PokÃ©mon knowing Baton Pass
|teampreview
|
|start
|switch|p1a: Bro-nie|Slowbro, M, shiny|394\/394
|switch|p2a: Nanami|Terrakion|323\/323
|turn|1
|
|move|p2a: Nanami|Taunt|p1a: Bro-nie
|-start|p1a: Bro-nie|move: Taunt
|cant|p1a: Bro-nie|move: Taunt|Toxic
|
|turn|2
|
|move|p2a: Nanami|Stealth Rock|p1a: Bro-nie
|-sidestart|p1: Wyvern123|move: Stealth Rock
|move|p1a: Bro-nie|Scald|p2a: Nanami
|-supereffective|p2a: Nanami
|-damage|p2a: Nanami|101\/323
|-status|p2a: Nanami|brn
|
|-damage|p2a: Nanami|61\/323 brn|[from] brn
|turn|3
|
|switch|p2a: Utena Tenjou|Keldeo|323\/323
|move|p1a: Bro-nie|Ice Beam|p2a: Utena Tenjou
|-resisted|p2a: Utena Tenjou
|-damage|p2a: Utena Tenjou|288\/323
|
|-end|p1a: Bro-nie|move: Taunt
|turn|4
|
|switch|p2a: Heatran|Heatran, M|386\/386
|move|p1a: Bro-nie|Toxic|p2a: Heatran|[miss]
|-miss|p1a: Bro-nie|p2a: Heatran
|
|turn|5
|
|switch|p1a: Diablo|Heatran, M, shiny|385\/385
|-damage|p1a: Diablo|337\/385|[from] Stealth Rock
|move|p2a: Heatran|Toxic|p1a: Diablo
|-fail|p1a: Diablo
|
|-heal|p1a: Diablo|361\/385|[from] item: Leftovers
|turn|6
|
|switch|p2a: Utena Tenjou|Keldeo|288\/323
|move|p1a: Diablo|Stealth Rock|p2a: Utena Tenjou
|-sidestart|p2: bizarman|move: Stealth Rock
|
|-heal|p1a: Diablo|385\/385|[from] item: Leftovers
|turn|7
|
|switch|p1a: Pokeball??|Amoonguss, M, shiny|432\/432
|-damage|p1a: Pokeball??|378\/432|[from] Stealth Rock
|move|p2a: Utena Tenjou|Hidden Power|p1a: Pokeball??
|-resisted|p1a: Pokeball??
|-damage|p1a: Pokeball??|350\/432
|
|-heal|p1a: Pokeball??|377\/432|[from] item: Black Sludge
|turn|8
|
|switch|p2a: Nanami|Terrakion|61\/323 brn
|-damage|p2a: Nanami|41\/323 brn|[from] Stealth Rock
|move|p1a: Pokeball??|Spore|p2a: Nanami
|-fail|p2a: Nanami
|
|-heal|p1a: Pokeball??|404\/432|[from] item: Black Sludge
|-damage|p2a: Nanami|1\/323 brn|[from] brn
|turn|9
|
|switch|p1a: Bro-nie|Slowbro, M, shiny|394\/394
|-damage|p1a: Bro-nie|345\/394|[from] Stealth Rock
|move|p2a: Nanami|Taunt|p1a: Bro-nie
|-start|p1a: Bro-nie|move: Taunt
|
|-damage|p2a: Nanami|0 fnt|[from] brn
|faint|p2a: Nanami
|
|switch|p2a: Miki Kaoru|Zapdos|384\/384
|-damage|p2a: Miki Kaoru|288\/384|[from] Stealth Rock
|-ability|p2a: Miki Kaoru|Pressure
|turn|10
|
|switch|p2a: Utena Tenjou|Keldeo|288\/323
|-damage|p2a: Utena Tenjou|268\/323|[from] Stealth Rock
|switch|p1a: Diablo|Heatran, M, shiny|385\/385
|-damage|p1a: Diablo|337\/385|[from] Stealth Rock
|
|-heal|p1a: Diablo|361\/385|[from] item: Leftovers
|turn|11
|
|move|p2a: Utena Tenjou|Scald|p1a: Diablo
|-supereffective|p1a: Diablo
|-damage|p1a: Diablo|157\/385
|move|p1a: Diablo|Roar|p2a: Utena Tenjou
|drag|p2a: Heatran|Heatran, M|386\/386
|-damage|p2a: Heatran|338\/386|[from] Stealth Rock
|
|-heal|p1a: Diablo|181\/385|[from] item: Leftovers
|-heal|p2a: Heatran|362\/386|[from] item: Leftovers
|turn|12
|
|move|p1a: Diablo|Roar|p2a: Heatran
|drag|p2a: Utena Tenjou|Keldeo|268\/323
|-damage|p2a: Utena Tenjou|248\/323|[from] Stealth Rock
|
|-heal|p1a: Diablo|205\/385|[from] item: Leftovers
|turn|13
|
|switch|p1a: Pokeball??|Amoonguss, M, shiny|432\/432
|-damage|p1a: Pokeball??|378\/432|[from] Stealth Rock
|move|p2a: Utena Tenjou|Hydro Pump|p1a: Pokeball??
|-resisted|p1a: Pokeball??
|-damage|p1a: Pokeball??|300\/432
|
|-heal|p1a: Pokeball??|327\/432|[from] item: Black Sludge
|turn|14
|
|switch|p2a: Touga|Scizor, M|281\/281
|-damage|p2a: Touga|246\/281|[from] Stealth Rock
|move|p1a: Pokeball??|Spore|p2a: Touga
|-status|p2a: Touga|slp
|
|-heal|p1a: Pokeball??|354\/432|[from] item: Black Sludge
|turn|15
|
|switch|p2a: Miki Kaoru|Zapdos|288\/384
|-damage|p2a: Miki Kaoru|192\/384|[from] Stealth Rock
|-ability|p2a: Miki Kaoru|Pressure
|switch|p1a: Diablo|Heatran, M, shiny|205\/385
|-damage|p1a: Diablo|157\/385|[from] Stealth Rock
|
|-heal|p2a: Miki Kaoru|216\/384|[from] item: Leftovers
|-heal|p1a: Diablo|181\/385|[from] item: Leftovers
|turn|16
|
|move|p2a: Miki Kaoru|Defog|p1a: Diablo
|-unboost|p1a: Diablo|evasion|1
|-sideend|p1: Wyvern123|Stealth Rock|[from] move: Defog|[of] p1a: Diablo
|-sideend|p2: bizarman|Stealth Rock|[from] move: Defog|[of] p2a: Miki Kaoru
|move|p1a: Diablo|Toxic|p2a: Miki Kaoru
|-status|p2a: Miki Kaoru|tox
|
|-heal|p2a: Miki Kaoru|240\/384 tox|[from] item: Leftovers
|-heal|p1a: Diablo|205\/385|[from] item: Leftovers
|-damage|p2a: Miki Kaoru|216\/384 tox|[from] psn
|turn|17
|
|move|p2a: Miki Kaoru|Roost|p2a: Miki Kaoru
|-heal|p2a: Miki Kaoru|384\/384 tox
|move|p1a: Diablo|Stealth Rock|p2a: Miki Kaoru
|-sidestart|p2: bizarman|move: Stealth Rock
|
|-heal|p1a: Diablo|229\/385|[from] item: Leftovers
|-damage|p2a: Miki Kaoru|336\/384 tox|[from] psn
|turn|18
|
|switch|p2a: Utena Tenjou|Keldeo|248\/323
|-damage|p2a: Utena Tenjou|228\/323|[from] Stealth Rock
|move|p1a: Diablo|Lava Plume|p2a: Utena Tenjou
|-resisted|p2a: Utena Tenjou
|-damage|p2a: Utena Tenjou|159\/323
|
|-heal|p1a: Diablo|253\/385|[from] item: Leftovers
|turn|19
|
|switch|p2a: Heatran|Heatran, M|362\/386
|-damage|p2a: Heatran|314\/386|[from] Stealth Rock
|switch|p1a: Pokeball??|Amoonguss, M, shiny|432\/432
|
|-heal|p2a: Heatran|338\/386|[from] item: Leftovers
|turn|20
|
|switch|p1a: Diablo|Heatran, M, shiny|253\/385
|move|p2a: Heatran|Roar|p1a: Diablo
|drag|p1a: Cotton Birdy|Altaria, F, shiny|353\/353
|
|-heal|p2a: Heatran|362\/386|[from] item: Leftovers
|turn|21
|
|switch|p1a: Diablo|Heatran, M, shiny|253\/385
|move|p2a: Heatran|Toxic|p1a: Diablo
|-fail|p1a: Diablo
|
|-heal|p1a: Diablo|277\/385|[from] item: Leftovers
|-heal|p2a: Heatran|386\/386|[from] item: Leftovers
|turn|22
|
|move|p1a: Diablo|Roar|p2a: Heatran
|drag|p2a: Utena Tenjou|Keldeo|159\/323
|-damage|p2a: Utena Tenjou|139\/323|[from] Stealth Rock
|
|-heal|p1a: Diablo|301\/385|[from] item: Leftovers
|turn|23
|
|switch|p2a: Miki Kaoru|Zapdos|336\/384 tox
|-damage|p2a: Miki Kaoru|240\/384 tox|[from] Stealth Rock
|-ability|p2a: Miki Kaoru|Pressure
|switch|p1a: Pokeball??|Amoonguss, M, shiny|432\/432
|
|-heal|p2a: Miki Kaoru|264\/384 tox|[from] item: Leftovers
|-damage|p2a: Miki Kaoru|240\/384 tox|[from] psn
|turn|24
|
|move|p2a: Miki Kaoru|Defog|p1a: Pokeball??
|-unboost|p1a: Pokeball??|evasion|1
|-sideend|p2: bizarman|Stealth Rock|[from] move: Defog|[of] p2a: Miki Kaoru
|move|p1a: Pokeball??|Foul Play|p2a: Miki Kaoru
|-damage|p2a: Miki Kaoru|194\/384 tox
|
|-heal|p2a: Miki Kaoru|218\/384 tox|[from] item: Leftovers
|-damage|p2a: Miki Kaoru|170\/384 tox|[from] psn
|turn|25
|
|move|p2a: Miki Kaoru|Thunderbolt|p1a: Pokeball??
|-resisted|p1a: Pokeball??
|-damage|p1a: Pokeball??|375\/432
|move|p1a: Pokeball??|Foul Play|p2a: Miki Kaoru
|-damage|p2a: Miki Kaoru|125\/384 tox
|
|-heal|p2a: Miki Kaoru|149\/384 tox|[from] item: Leftovers
|-heal|p1a: Pokeball??|402\/432|[from] item: Black Sludge
|-damage|p2a: Miki Kaoru|77\/384 tox|[from] psn
|turn|26
|
|move|p2a: Miki Kaoru|Roost|p2a: Miki Kaoru
|-heal|p2a: Miki Kaoru|269\/384 tox
|move|p1a: Pokeball??|Foul Play|p2a: Miki Kaoru
|-damage|p2a: Miki Kaoru|223\/384 tox
|
|-heal|p2a: Miki Kaoru|247\/384 tox|[from] item: Leftovers
|-heal|p1a: Pokeball??|429\/432|[from] item: Black Sludge
|-damage|p2a: Miki Kaoru|151\/384 tox|[from] psn
|turn|27
|
|switch|p2a: Heatran|Heatran, M|386\/386
|move|p1a: Pokeball??|Foul Play|p2a: Heatran
|-damage|p2a: Heatran|323\/386
|
|-heal|p2a: Heatran|347\/386|[from] item: Leftovers
|-heal|p1a: Pokeball??|432\/432|[from] item: Black Sludge
|turn|28
|
|switch|p2a: Rose Bride|Altaria, M|354\/354
|switch|p1a: Diablo|Heatran, M, shiny|301\/385
|
|-heal|p1a: Diablo|325\/385|[from] item: Leftovers
|turn|29
|
|detailschange|p2a: Rose Bride|Altaria-Mega, M
|message|Altaria has Mega Evolved into Mega Altaria!
|move|p2a: Rose Bride|Earthquake|p1a: Diablo
|-supereffective|p1a: Diablo
|-damage|p1a: Diablo|0 fnt
|faint|p1a: Diablo
|
|
|switch|p1a: Diggersbytho!|Diggersby, M, shiny|311\/311
|turn|30
|
|switch|p2a: Miki Kaoru|Zapdos|151\/384 tox
|-ability|p2a: Miki Kaoru|Pressure
|move|p1a: Diggersbytho!|Frustration|p2a: Miki Kaoru
|-damage|p2a: Miki Kaoru|0 fnt
|-damage|p1a: Diggersbytho!|280\/311|[from] item: Life Orb
|faint|p2a: Miki Kaoru
|
|
|switch|p2a: Utena Tenjou|Keldeo|139\/323
|turn|31
|
|switch|p1a: Pokeball??|Amoonguss, M, shiny|432\/432
|move|p2a: Utena Tenjou|Hydro Pump|p1a: Pokeball??
|-resisted|p1a: Pokeball??
|-damage|p1a: Pokeball??|345\/432
|
|-heal|p1a: Pokeball??|372\/432|[from] item: Black Sludge
|turn|32
|
|switch|p2a: Heatran|Heatran, M|347\/386
|switch|p1a: Bro-nie|Slowbro, M, shiny|394\/394
|
|-heal|p2a: Heatran|371\/386|[from] item: Leftovers
|turn|33
|
|move|p2a: Heatran|Toxic|p1a: Bro-nie
|-status|p1a: Bro-nie|tox
|move|p1a: Bro-nie|Scald|p2a: Heatran
|-supereffective|p2a: Heatran
|-damage|p2a: Heatran|231\/386
|
|-heal|p2a: Heatran|255\/386|[from] item: Leftovers
|-damage|p1a: Bro-nie|370\/394 tox|[from] psn
|turn|34
|
|move|p2a: Heatran|Protect|p2a: Heatran
|-singleturn|p2a: Heatran|Protect
|move|p1a: Bro-nie|Scald|p2a: Heatran
|-activate|p2a: Heatran|Protect
|
|-heal|p2a: Heatran|279\/386|[from] item: Leftovers
|-damage|p1a: Bro-nie|322\/394 tox|[from] psn
|turn|35
|
|switch|p1a: Cotton Birdy|Altaria, F, shiny|353\/353
|move|p2a: Heatran|Lava Plume|p1a: Cotton Birdy
|-resisted|p1a: Cotton Birdy
|-damage|p1a: Cotton Birdy|300\/353
|
|-heal|p2a: Heatran|303\/386|[from] item: Leftovers
|turn|36
|
|move|p1a: Cotton Birdy|Heal Bell|p1a: Cotton Birdy
|-cureteam|p1a: Cotton Birdy|[from] move: HealBell
|move|p2a: Heatran|Toxic|p1a: Cotton Birdy|[miss]
|-miss|p2a: Heatran|p1a: Cotton Birdy
|
|-heal|p2a: Heatran|327\/386|[from] item: Leftovers
|turn|37
|
|switch|p1a: Diggersbytho!|Diggersby, M, shiny|280\/311
|move|p2a: Heatran|Toxic|p1a: Diggersbytho!
|-status|p1a: Diggersbytho!|tox
|
|-heal|p2a: Heatran|351\/386|[from] item: Leftovers
|-damage|p1a: Diggersbytho!|261\/311 tox|[from] psn
|turn|38
|
|move|p2a: Heatran|Protect|p2a: Heatran
|-singleturn|p2a: Heatran|Protect
|move|p1a: Diggersbytho!|Earthquake|p2a: Heatran
|-activate|p2a: Heatran|Protect
|
|-heal|p2a: Heatran|375\/386|[from] item: Leftovers
|-damage|p1a: Diggersbytho!|223\/311 tox|[from] psn
|turn|39
|
|switch|p2a: Touga|Scizor, M|246\/281 slp
|move|p1a: Diggersbytho!|Earthquake|p2a: Touga
|-damage|p2a: Touga|0 fnt
|-damage|p1a: Diggersbytho!|192\/311 tox|[from] item: Life Orb
|faint|p2a: Touga
|
|-damage|p1a: Diggersbytho!|135\/311 tox|[from] psn
|
|switch|p2a: Utena Tenjou|Keldeo|139\/323
|turn|40
|
|switch|p2a: Heatran|Heatran, M|375\/386
|switch|p1a: Bro-nie|Slowbro, M, shiny|394\/394
|
|-heal|p2a: Heatran|386\/386|[from] item: Leftovers
|turn|41
|
|switch|p1a: Diggersbytho!|Diggersby, M, shiny|135\/311 tox
|move|p2a: Heatran|Toxic|p1a: Diggersbytho!
|-fail|p1a: Diggersbytho!|tox
|
|-damage|p1a: Diggersbytho!|116\/311 tox|[from] psn
|turn|42
|
|move|p2a: Heatran|Protect|p2a: Heatran
|-singleturn|p2a: Heatran|Protect
|move|p1a: Diggersbytho!|Earthquake|p2a: Heatran
|-activate|p2a: Heatran|Protect
|
|-damage|p1a: Diggersbytho!|78\/311 tox|[from] psn
|turn|43
|
|switch|p2a: Utena Tenjou|Keldeo|139\/323
|move|p1a: Diggersbytho!|Earthquake|p2a: Utena Tenjou
|-damage|p2a: Utena Tenjou|0 fnt
|-damage|p1a: Diggersbytho!|47\/311 tox|[from] item: Life Orb
|faint|p2a: Utena Tenjou
|
|-damage|p1a: Diggersbytho!|0 fnt|[from] psn
|faint|p1a: Diggersbytho!
|
|switch|p1a: Chupi|Greninja, M, shiny|285\/285
|switch|p2a: Rose Bride|Altaria-Mega, M|354\/354
|turn|44
|
|switch|p2a: Heatran|Heatran, M|386\/386
|move|p1a: Chupi|Ice Beam|p2a: Heatran
|-start|p1a: Chupi|typechange|Ice|[from] Protean
|-resisted|p2a: Heatran
|-damage|p2a: Heatran|364\/386
|
|-heal|p2a: Heatran|386\/386|[from] item: Leftovers
|turn|45
|
|switch|p1a: Cotton Birdy|Altaria, F, shiny|300\/353
|move|p2a: Heatran|Toxic|p1a: Cotton Birdy
|-status|p1a: Cotton Birdy|tox
|
|-damage|p1a: Cotton Birdy|278\/353 tox|[from] psn
|turn|46
|
|move|p1a: Cotton Birdy|Heal Bell|p1a: Cotton Birdy
|-cureteam|p1a: Cotton Birdy|[from] move: HealBell
|move|p2a: Heatran|Roar|p1a: Cotton Birdy
|drag|p1a: Pokeball??|Amoonguss, M, shiny|432\/432
|
|turn|47
|
|move|p2a: Heatran|Lava Plume|p1a: Pokeball??
|-supereffective|p1a: Pokeball??
|-damage|p1a: Pokeball??|222\/432
|-status|p1a: Pokeball??|brn
|move|p1a: Pokeball??|Spore|p2a: Heatran
|-status|p2a: Heatran|slp
|
|-heal|p1a: Pokeball??|249\/432 brn|[from] item: Black Sludge
|-damage|p1a: Pokeball??|195\/432 brn|[from] brn
|turn|48
|
|switch|p2a: Rose Bride|Altaria-Mega, M|354\/354
|switch|p1a: Bro-nie|Slowbro, M, shiny|394\/394
|
|turn|49
|
|move|p2a: Rose Bride|Dragon Dance|p2a: Rose Bride
|-boost|p2a: Rose Bride|atk|1
|-boost|p2a: Rose Bride|spe|1
|move|p1a: Bro-nie|Toxic|p2a: Rose Bride|[miss]
|-miss|p1a: Bro-nie|p2a: Rose Bride
|
|turn|50
|
|move|p2a: Rose Bride|Dragon Dance|p2a: Rose Bride
|-boost|p2a: Rose Bride|atk|1
|-boost|p2a: Rose Bride|spe|1
|move|p1a: Bro-nie|Toxic|p2a: Rose Bride
|-status|p2a: Rose Bride|tox
|
|-damage|p2a: Rose Bride|332\/354 tox|[from] psn
|turn|51
|
|move|p2a: Rose Bride|Return|p1a: Bro-nie
|-damage|p1a: Bro-nie|151\/394
|-damage|p2a: Rose Bride|273\/354 tox|[from] item: Rocky Helmet|[of] p1a: Bro-nie
|move|p1a: Bro-nie|Ice Beam|p2a: Rose Bride
|-supereffective|p2a: Rose Bride
|-damage|p2a: Rose Bride|131\/354 tox
|
|-damage|p2a: Rose Bride|87\/354 tox|[from] psn
|turn|52
|
|switch|p1a: Pokeball??|Amoonguss, M, shiny|339\/432 brn
|move|p2a: Rose Bride|Return|p1a: Pokeball??
|-crit|p1a: Pokeball??
|-resisted|p1a: Pokeball??
|-damage|p1a: Pokeball??|0 fnt
|faint|p1a: Pokeball??
|
|-damage|p2a: Rose Bride|21\/354 tox|[from] psn
|c|âbizarman|gg
|
|switch|p1a: Bro-nie|Slowbro, M, shiny|282\/394
|turn|53
|
|move|p2a: Rose Bride|Roost|p2a: Rose Bride
|-heal|p2a: Rose Bride|198\/354 tox
|move|p1a: Bro-nie|Slack Off|p1a: Bro-nie
|-heal|p1a: Bro-nie|394\/394
|
|-damage|p2a: Rose Bride|110\/354 tox|[from] psn
|turn|54
|c|âWyvern123|GG
|
|move|p2a: Rose Bride|Return|p1a: Bro-nie
|-damage|p1a: Bro-nie|129\/394
|-damage|p2a: Rose Bride|51\/354 tox|[from] item: Rocky Helmet|[of] p1a: Bro-nie
|move|p1a: Bro-nie|Slack Off|p1a: Bro-nie
|-heal|p1a: Bro-nie|326\/394
|
|-damage|p2a: Rose Bride|0 fnt|[from] psn
|faint|p2a: Rose Bride
|
|switch|p2a: Heatran|Heatran, M|386\/386 slp
|turn|55
|
|cant|p2a: Heatran|slp
|move|p1a: Bro-nie|Scald|p2a: Heatran
|-supereffective|p2a: Heatran
|-damage|p2a: Heatran|264\/386 slp
|
|-heal|p2a: Heatran|288\/386 slp|[from] item: Leftovers
|turn|56
|
|cant|p2a: Heatran|slp
|move|p1a: Bro-nie|Scald|p2a: Heatran
|-supereffective|p2a: Heatran
|-damage|p2a: Heatran|160\/386 slp
|
|-heal|p2a: Heatran|184\/386 slp|[from] item: Leftovers
|turn|57
|
|-curestatus|p2a: Heatran|slp
|move|p2a: Heatran|Toxic|p1a: Bro-nie
|-status|p1a: Bro-nie|tox
|move|p1a: Bro-nie|Scald|p2a: Heatran
|-supereffective|p2a: Heatran
|-damage|p2a: Heatran|46\/386
|
|-heal|p2a: Heatran|70\/386|[from] item: Leftovers
|-damage|p1a: Bro-nie|302\/394 tox|[from] psn
|turn|58
|
|move|p2a: Heatran|Protect|p2a: Heatran
|-singleturn|p2a: Heatran|Protect
|move|p1a: Bro-nie|Scald|p2a: Heatran
|-activate|p2a: Heatran|Protect
|
|-heal|p2a: Heatran|94\/386|[from] item: Leftovers
|-damage|p1a: Bro-nie|254\/394 tox|[from] psn
|turn|59
|
|move|p2a: Heatran|Protect|p2a: Heatran
|-fail|p2a: Heatran
|move|p1a: Bro-nie|Scald|p2a: Heatran
|-supereffective|p2a: Heatran
|-damage|p2a: Heatran|0 fnt
|faint|p2a: Heatran
|
|win|Wyvern123
|raw|Ladder updating...
|raw|Wyvern123's rating: 1365 &rarr; <strong>1387<\/strong><br \/>(+22 for winning)
|raw|bizarman's rating: 1393 &rarr; <strong>1372<\/strong><br \/>(-21 for losing)
|leave|bizarman
|player|p2