|join|bizarman
|join|motherWord
|player|p1|bizarman|42
|player|p2|motherWord|252
|gametype|singles
|gen|6
|tier|ORAS OU
|rated
|rule|Sleep Clause Mod: Limit one foe put to sleep
|rule|Species Clause: Limit one of each PokÃ©mon
|rule|OHKO Clause: OHKO moves are banned
|rule|Moody Clause: Moody is banned
|rule|Evasion Moves Clause: Evasion moves are banned
|rule|Endless Battle Clause: Forcing endless battles is banned
|rule|HP Percentage Mod: HP is shown in percentages
|clearpoke
|poke|p1|Talonflame, F
|poke|p1|Beedrill, F
|poke|p1|Garchomp, F
|poke|p1|Excadrill, M
|poke|p1|Latias, F
|poke|p1|Rotom-Wash
|poke|p2|Lopunny, F
|poke|p2|Clefable, M
|poke|p2|Skarmory, F, shiny
|poke|p2|Bisharp, M
|poke|p2|Latias, F
|poke|p2|Raikou
|rule|Swagger Clause: Swagger is banned
|rule|Baton Pass Clause: Limit one PokÃ©mon knowing Baton Pass
|teampreview
|join|Devil's king
|
|start
|switch|p1a: Rotom-Wash|Rotom-Wash|304\/304
|switch|p2a: Lopunny|Lopunny, F|272\/272
|turn|1
|
|detailschange|p2a: Lopunny|Lopunny-Mega, F
|message|Lopunny has Mega Evolved into Mega Lopunny!
|move|p2a: Lopunny|Fake Out|p1a: Rotom-Wash
|-damage|p1a: Rotom-Wash|247\/304
|cant|p1a: Rotom-Wash|flinch
|
|-heal|p1a: Rotom-Wash|266\/304|[from] item: Leftovers
|turn|2
|
|switch|p2a: Pinky|Clefable, M|394\/394
|move|p1a: Rotom-Wash|Will-O-Wisp|p2a: Pinky
|-status|p2a: Pinky|brn
|
|-heal|p1a: Rotom-Wash|285\/304|[from] item: Leftovers
|turn|3
|
|move|p1a: Rotom-Wash|Volt Switch|p2a: Pinky
|-damage|p2a: Pinky|304\/394 brn
|
|switch|p1a: Excadrill|Excadrill, M|362\/362
|-ability|p1a: Excadrill|Mold Breaker
|move|p2a: Pinky|Flamethrower|p1a: Excadrill
|-supereffective|p1a: Excadrill
|-damage|p1a: Excadrill|110\/362
|
|turn|4
|
|switch|p1a: Rotom-Wash|Rotom-Wash|285\/304
|switch|p2a: Jolteon 2.0|Raikou|322\/322
|-ability|p2a: Jolteon 2.0|Pressure
|
|-heal|p1a: Rotom-Wash|304\/304|[from] item: Leftovers
|turn|5
|
|switch|p1a: Garchomp|Garchomp, F|357\/357
|move|p2a: Jolteon 2.0|Thunderbolt|p1a: Garchomp
|-immune|p1a: Garchomp|[msg]
|
|turn|6
|
|switch|p2a: Shutz|Skarmory, F, shiny|334\/334
|move|p1a: Garchomp|Stealth Rock|p2a: Shutz
|-sidestart|p2: motherWord|move: Stealth Rock
|
|turn|7
|
|switch|p1a: Rotom-Wash|Rotom-Wash|304\/304
|move|p2a: Shutz|Brave Bird|p1a: Rotom-Wash
|-resisted|p1a: Rotom-Wash
|-damage|p1a: Rotom-Wash|266\/304
|-damage|p2a: Shutz|321\/334|[from] recoil|[of] p1a: Rotom-Wash
|
|-heal|p1a: Rotom-Wash|285\/304|[from] item: Leftovers
|turn|8
|
|switch|p2a: Supersonic|Latias, F|302\/302
|-damage|p2a: Supersonic|265\/302|[from] Stealth Rock
|move|p1a: Rotom-Wash|Volt Switch|p2a: Supersonic
|-resisted|p2a: Supersonic
|-damage|p2a: Supersonic|229\/302
|
|switch|p1a: PierceTheHeavens|Beedrill, F|272\/272
|
|turn|9
|
|detailschange|p1a: PierceTheHeavens|Beedrill-Mega, F
|message|Beedrill has Mega Evolved into Mega Beedrill!
|move|p1a: PierceTheHeavens|Protect|p1a: PierceTheHeavens
|-singleturn|p1a: PierceTheHeavens|Protect
|move|p2a: Supersonic|Psyshock|p1a: PierceTheHeavens
|-activate|p1a: PierceTheHeavens|Protect
|
|turn|10
|
|switch|p2a: Shutz|Skarmory, F, shiny|321\/334
|-damage|p2a: Shutz|280\/334|[from] Stealth Rock
|move|p1a: PierceTheHeavens|U-turn|p2a: Shutz
|-resisted|p2a: Shutz
|-damage|p2a: Shutz|253\/334
|-damage|p1a: PierceTheHeavens|227\/272|[from] item: Rocky Helmet|[of] p2a: Shutz
|
|switch|p1a: Rotom-Wash|Rotom-Wash|285\/304
|
|-heal|p1a: Rotom-Wash|304\/304|[from] item: Leftovers
|turn|11
|
|switch|p2a: Supersonic|Latias, F|229\/302
|-damage|p2a: Supersonic|192\/302|[from] Stealth Rock
|move|p1a: Rotom-Wash|Volt Switch|p2a: Supersonic
|-resisted|p2a: Supersonic
|-damage|p2a: Supersonic|159\/302
|c|âbizarman|with something to trap skarmory, that team will be true evil
|
|switch|p1a: Excadrill|Excadrill, M|110\/362
|-ability|p1a: Excadrill|Mold Breaker
|
|turn|12
|
|move|p1a: Excadrill|Earthquake|p2a: Supersonic
|-damage|p2a: Supersonic|0 fnt
|faint|p2a: Supersonic
|
|
|switch|p2a: Power Ranger|Bisharp, M|272\/272
|-damage|p2a: Power Ranger|255\/272|[from] Stealth Rock
|turn|13
|
|switch|p1a: Garchomp|Garchomp, F|357\/357
|move|p2a: Power Ranger|Knock Off|p1a: Garchomp
|-damage|p1a: Garchomp|96\/357
|-damage|p2a: Power Ranger|221\/272|[from] ability: Rough Skin|[of] p1a: Garchomp
|-enditem|p1a: Garchomp|Lum Berry|[from] move: Knock Off|[of] p2a: Power Ranger
|-damage|p2a: Power Ranger|194\/272|[from] item: Life Orb
|
|turn|14
|
|move|p2a: Power Ranger|Sucker Punch|p1a: Garchomp
|-damage|p1a: Garchomp|0 fnt
|-damage|p2a: Power Ranger|160\/272|[from] ability: Rough Skin|[of] p1a: Garchomp
|-damage|p2a: Power Ranger|133\/272|[from] item: Life Orb
|faint|p1a: Garchomp
|
|
|switch|p1a: Talonflame|Talonflame, F|319\/319
|turn|15
|
|switch|p2a: Shutz|Skarmory, F, shiny|253\/334
|-damage|p2a: Shutz|212\/334|[from] Stealth Rock
|move|p1a: Talonflame|Brave Bird|p2a: Shutz
|-resisted|p2a: Shutz
|-damage|p2a: Shutz|146\/334
|-damage|p1a: Talonflame|266\/319|[from] item: Rocky Helmet|[of] p2a: Shutz
|-damage|p1a: Talonflame|244\/319|[from] recoil|[of] p2a: Shutz
|
|turn|16
|
|switch|p1a: Rotom-Wash|Rotom-Wash|304\/304
|move|p2a: Shutz|Roost|p2a: Shutz
|-heal|p2a: Shutz|313\/334
|
|turn|17
|
|switch|p2a: Jolteon 2.0|Raikou|322\/322
|-damage|p2a: Jolteon 2.0|282\/322|[from] Stealth Rock
|-ability|p2a: Jolteon 2.0|Pressure
|move|p1a: Rotom-Wash|Volt Switch|p2a: Jolteon 2.0
|-resisted|p2a: Jolteon 2.0
|-damage|p2a: Jolteon 2.0|237\/322
|
|switch|p1a: PierceTheHeavens|Beedrill-Mega, F|227\/272
|
|-heal|p2a: Jolteon 2.0|257\/322|[from] item: Leftovers
|turn|18
|
|switch|p2a: Shutz|Skarmory, F, shiny|313\/334
|-damage|p2a: Shutz|272\/334|[from] Stealth Rock
|move|p1a: PierceTheHeavens|Drill Run|p2a: Shutz
|-immune|p2a: Shutz|[msg]
|
|turn|19
|
|switch|p1a: Rotom-Wash|Rotom-Wash|304\/304
|move|p2a: Shutz|Defog|p1a: Rotom-Wash
|-unboost|p1a: Rotom-Wash|evasion|1
|-sideend|p2: motherWord|Stealth Rock|[from] move: Defog|[of] p2a: Shutz
|
|turn|20
|
|switch|p2a: Jolteon 2.0|Raikou|257\/322
|-ability|p2a: Jolteon 2.0|Pressure
|move|p1a: Rotom-Wash|Will-O-Wisp|p2a: Jolteon 2.0
|-status|p2a: Jolteon 2.0|brn
|
|-heal|p2a: Jolteon 2.0|277\/322 brn|[from] item: Leftovers
|-damage|p2a: Jolteon 2.0|237\/322 brn|[from] brn
|turn|21
|
|switch|p1a: Latias|Latias, F|302\/302
|move|p2a: Jolteon 2.0|Thunderbolt|p1a: Latias
|-resisted|p1a: Latias
|-damage|p1a: Latias|239\/302
|-status|p1a: Latias|par
|
|-heal|p2a: Jolteon 2.0|257\/322 brn|[from] item: Leftovers
|-damage|p2a: Jolteon 2.0|217\/322 brn|[from] brn
|turn|22
|
|move|p2a: Jolteon 2.0|Volt Switch|p1a: Latias
|-resisted|p1a: Latias
|-damage|p1a: Latias|189\/302 par
|
|switch|p2a: Pinky|Clefable, M|304\/394 brn
|move|p1a: Latias|Psyshock|p2a: Pinky
|-damage|p2a: Pinky|147\/394 brn
|-damage|p1a: Latias|159\/302 par|[from] item: Life Orb
|
|turn|23
|
|switch|p1a: Talonflame|Talonflame, F|244\/319
|move|p2a: Pinky|Soft-Boiled|p2a: Pinky
|-heal|p2a: Pinky|344\/394 brn
|
|turn|24
|
|move|p1a: Talonflame|Flare Blitz|p2a: Pinky
|-damage|p2a: Pinky|148\/394 brn
|-damage|p1a: Talonflame|179\/319|[from] recoil|[of] p2a: Pinky
|move|p2a: Pinky|Moonblast|p1a: Talonflame
|-resisted|p1a: Talonflame
|-damage|p1a: Talonflame|80\/319
|-unboost|p1a: Talonflame|spa|1
|
|turn|25
|
|move|p1a: Talonflame|Flare Blitz|p2a: Pinky
|-damage|p2a: Pinky|0 fnt
|-damage|p1a: Talonflame|31\/319|[from] recoil|[of] p2a: Pinky
|faint|p2a: Pinky
|
|
|switch|p2a: Lopunny|Lopunny-Mega, F|272\/272
|turn|26
|
|switch|p1a: Excadrill|Excadrill, M|110\/362
|-ability|p1a: Excadrill|Mold Breaker
|move|p2a: Lopunny|Fake Out|p1a: Excadrill
|-resisted|p1a: Excadrill
|-damage|p1a: Excadrill|52\/362
|
|turn|27
|
|switch|p2a: Shutz|Skarmory, F, shiny|272\/334
|move|p1a: Excadrill|Earthquake|p2a: Shutz
|-immune|p2a: Shutz|[msg]
|
|turn|28
|
|switch|p1a: Latias|Latias, F|159\/302 par
|switch|p2a: Lopunny|Lopunny-Mega, F|272\/272
|
|turn|29
|
|switch|p1a: Excadrill|Excadrill, M|52\/362
|-ability|p1a: Excadrill|Mold Breaker
|move|p2a: Lopunny|Return|p1a: Excadrill
|-resisted|p1a: Excadrill
|-damage|p1a: Excadrill|0 fnt
|faint|p1a: Excadrill
|
|
|switch|p1a: Talonflame|Talonflame, F|31\/319
|turn|30
|
|switch|p2a: Shutz|Skarmory, F, shiny|272\/334
|switch|p1a: Latias|Latias, F|159\/302 par
|
|turn|31
|
|switch|p2a: Jolteon 2.0|Raikou|217\/322 brn
|-ability|p2a: Jolteon 2.0|Pressure
|move|p1a: Latias|Healing Wish|p1a: Latias
|faint|p1a: Latias
|
|-heal|p2a: Jolteon 2.0|237\/322 brn|[from] item: Leftovers
|-damage|p2a: Jolteon 2.0|197\/322 brn|[from] brn
|
|switch|p1a: Talonflame|Talonflame, F|31\/319
|-heal|p1a: Talonflame|319\/319|[from] move: Healing Wish
|turn|32
|
|move|p1a: Talonflame|Flare Blitz|p2a: Jolteon 2.0
|-damage|p2a: Jolteon 2.0|0 fnt
|-damage|p1a: Talonflame|254\/319|[from] recoil|[of] p2a: Jolteon 2.0
|faint|p2a: Jolteon 2.0
|
|
|switch|p2a: Lopunny|Lopunny-Mega, F|272\/272
|turn|33
|
|switch|p1a: Rotom-Wash|Rotom-Wash|304\/304
|move|p2a: Lopunny|Return|p1a: Rotom-Wash
|-damage|p1a: Rotom-Wash|183\/304
|
|-heal|p1a: Rotom-Wash|202\/304|[from] item: Leftovers
|turn|34
|
|move|p2a: Lopunny|Return|p1a: Rotom-Wash
|-damage|p1a: Rotom-Wash|79\/304
|move|p1a: Rotom-Wash|Will-O-Wisp|p2a: Lopunny
|-status|p2a: Lopunny|brn
|
|-heal|p1a: Rotom-Wash|98\/304|[from] item: Leftovers
|-damage|p2a: Lopunny|238\/272 brn|[from] brn
|turn|35
|
|move|p2a: Lopunny|Return|p1a: Rotom-Wash
|-damage|p1a: Rotom-Wash|28\/304
|move|p1a: Rotom-Wash|Pain Split|p2a: Lopunny
|-sethp|p2a: Lopunny|133\/272 brn|p1a: Rotom-Wash|133\/304|[from] move: Pain Split
|
|-heal|p1a: Rotom-Wash|152\/304|[from] item: Leftovers
|-damage|p2a: Lopunny|99\/272 brn|[from] brn
|turn|36
|
|move|p2a: Lopunny|Return|p1a: Rotom-Wash
|-crit|p1a: Rotom-Wash
|-damage|p1a: Rotom-Wash|53\/304
|move|p1a: Rotom-Wash|Hydro Pump|p2a: Lopunny
|-damage|p2a: Lopunny|0 fnt
|faint|p2a: Lopunny
|
|-heal|p1a: Rotom-Wash|72\/304|[from] item: Leftovers
|
|switch|p2a: Power Ranger|Bisharp, M|133\/272
|turn|37
|
|switch|p1a: PierceTheHeavens|Beedrill-Mega, F|227\/272
|move|p2a: Power Ranger|Knock Off|p1a: PierceTheHeavens
|-damage|p1a: PierceTheHeavens|0 fnt
|-damage|p2a: Power Ranger|106\/272|[from] item: Life Orb
|faint|p1a: PierceTheHeavens
|
|
|switch|p1a: Talonflame|Talonflame, F|254\/319
|turn|38
|
|move|p2a: Power Ranger|Sucker Punch|p1a: Talonflame
|-damage|p1a: Talonflame|4\/319
|-damage|p2a: Power Ranger|79\/272|[from] item: Life Orb
|move|p1a: Talonflame|Flare Blitz|p2a: Power Ranger
|-supereffective|p2a: Power Ranger
|-damage|p2a: Power Ranger|0 fnt
|-damage|p1a: Talonflame|0 fnt|[from] recoil|[of] p2a: Power Ranger
|faint|p2a: Power Ranger
|faint|p1a: Talonflame
|
|c|âmotherWord|gg
|
|switch|p1a: Rotom-Wash|Rotom-Wash|72\/304
|switch|p2a: Shutz|Skarmory, F, shiny|272\/334
|turn|39
|c|âbizarman|gg
|
|move|p1a: Rotom-Wash|Pain Split|p2a: Shutz
|-sethp|p2a: Shutz|172\/334|p1a: Rotom-Wash|172\/304|[from] move: Pain Split
|move|p2a: Shutz|Brave Bird|p1a: Rotom-Wash
|-resisted|p1a: Rotom-Wash
|-damage|p1a: Rotom-Wash|128\/304
|-damage|p2a: Shutz|157\/334|[from] recoil|[of] p1a: Rotom-Wash
|
|-heal|p1a: Rotom-Wash|147\/304|[from] item: Leftovers
|turn|40
|
|move|p1a: Rotom-Wash|Volt Switch|p2a: Shutz
|-supereffective|p2a: Shutz
|-damage|p2a: Shutz|0 fnt
|faint|p2a: Shutz
|
|win|bizarman
|raw|Ladder updating...
|raw|bizarman's rating: 1182 &rarr; <strong>1210<\/strong><br \/>(+28 for winning)
|raw|motherWord's rating: 1232 &rarr; <strong>1203<\/strong><br \/>(-29 for losing)
|leave|Devil's king