|join|bizarman
|join|ogw_alt2
|player|p1|bizarman|42
|player|p2|ogw_alt2|4
|gametype|singles
|gen|6
|tier|ORAS OU
|rated
|rule|Sleep Clause Mod: Limit one foe put to sleep
|rule|Species Clause: Limit one of each PokÃ©mon
|rule|OHKO Clause: OHKO moves are banned
|rule|Moody Clause: Moody is banned
|rule|Evasion Moves Clause: Evasion moves are banned
|rule|Endless Battle Clause: Forcing endless battles is banned
|rule|HP Percentage Mod: HP is shown in percentages
|clearpoke
|poke|p1|Talonflame, M
|poke|p1|Beedrill, M
|poke|p1|Landorus-Therian, M
|poke|p1|Excadrill, M
|poke|p1|Gothitelle, M
|poke|p1|Rotom-Wash
|poke|p2|Heatran, M
|poke|p2|Suicune
|poke|p2|Skarmory, F
|poke|p2|Altaria, F
|poke|p2|Cresselia, F
|poke|p2|Blissey, F
|rule|Swagger Clause: Swagger is banned
|rule|Baton Pass Clause: Limit one PokÃ©mon knowing Baton Pass
|teampreview
|
|start
|switch|p1a: PierceTheHeavens|Beedrill, M|271\/271
|switch|p2a: Cresselia|Cresselia, F|444\/444
|turn|1
|
|switch|p2a: Skarmory|Skarmory, F|334\/334
|detailschange|p1a: PierceTheHeavens|Beedrill-Mega, M
|message|Beedrill has Mega Evolved into Mega Beedrill!
|move|p1a: PierceTheHeavens|Knock Off|p2a: Skarmory
|-damage|p2a: Skarmory|261\/334
|-enditem|p2a: Skarmory|Shed Shell|[from] move: Knock Off|[of] p1a: PierceTheHeavens
|
|turn|2
|
|move|p1a: PierceTheHeavens|U-turn|p2a: Skarmory
|-resisted|p2a: Skarmory
|-damage|p2a: Skarmory|233\/334
|
|switch|p1a: True Evil|Gothitelle, M|281\/281
|move|p2a: Skarmory|Stealth Rock|p1a: True Evil
|-sidestart|p1: bizarman|move: Stealth Rock
|
|turn|3
|
|move|p1a: True Evil|Thunderbolt|p2a: Skarmory
|-supereffective|p2a: Skarmory
|-damage|p2a: Skarmory|0 fnt
|faint|p2a: Skarmory
|
|
|switch|p2a: Altaria|Altaria, F|291\/291
|turn|4
|
|switch|p1a: Excadrill|Excadrill, M|362\/362
|-damage|p1a: Excadrill|351\/362|[from] Stealth Rock
|-ability|p1a: Excadrill|Mold Breaker
|detailschange|p2a: Altaria|Altaria-Mega, F
|message|Altaria has Mega Evolved into Mega Altaria!
|move|p2a: Altaria|Dragon Dance|p2a: Altaria
|-boost|p2a: Altaria|atk|1
|-boost|p2a: Altaria|spe|1
|
|turn|5
|
|switch|p2a: Heatran|Heatran, M|385\/385
|move|p1a: Excadrill|Rapid Spin|p2a: Heatran
|-resisted|p2a: Heatran
|-damage|p2a: Heatran|374\/385
|-sideend|p1: bizarman|Stealth Rock|[from] move: Rapid Spin|[of] p1a: Excadrill
|
|-heal|p2a: Heatran|385\/385|[from] item: Leftovers
|turn|6
|
|switch|p1a: Rotom-Wash|Rotom-Wash|304\/304
|move|p2a: Heatran|Stealth Rock|p1a: Rotom-Wash
|-sidestart|p1: bizarman|move: Stealth Rock
|
|turn|7
|
|switch|p2a: Blissey|Blissey, F|651\/651
|move|p1a: Rotom-Wash|Volt Switch|p2a: Blissey
|-damage|p2a: Blissey|599\/651
|
|switch|p1a: True Evil|Gothitelle, M|281\/281
|-damage|p1a: True Evil|246\/281|[from] Stealth Rock
|
|-heal|p2a: Blissey|639\/651|[from] item: Leftovers
|turn|8
|
|move|p1a: True Evil|Psyshock|p2a: Blissey
|-damage|p2a: Blissey|326\/651
|move|p2a: Blissey|Ice Beam|p1a: True Evil
|-damage|p1a: True Evil|196\/281
|
|-heal|p2a: Blissey|366\/651|[from] item: Leftovers
|turn|9
|
|move|p1a: True Evil|Psyshock|p2a: Blissey
|-damage|p2a: Blissey|15\/651
|move|p2a: Blissey|Wish|p2a: Blissey
|
|-heal|p2a: Blissey|55\/651|[from] item: Leftovers
|turn|10
|
|move|p2a: Blissey|Protect|p2a: Blissey
|-singleturn|p2a: Blissey|Protect
|move|p1a: True Evil|Psyshock|p2a: Blissey
|-activate|p2a: Blissey|Protect
|
|-heal|p2a: Blissey|380\/651|[from] move: Wish|[wisher] Blissey
|-heal|p2a: Blissey|420\/651|[from] item: Leftovers
|turn|11
|
|move|p1a: True Evil|Psyshock|p2a: Blissey
|-damage|p2a: Blissey|57\/651
|move|p2a: Blissey|Wish|p2a: Blissey
|
|-heal|p2a: Blissey|97\/651|[from] item: Leftovers
|turn|12
|
|move|p2a: Blissey|Protect|p2a: Blissey
|-singleturn|p2a: Blissey|Protect
|move|p1a: True Evil|Psyshock|p2a: Blissey
|-activate|p2a: Blissey|Protect
|
|-heal|p2a: Blissey|422\/651|[from] move: Wish|[wisher] Blissey
|-heal|p2a: Blissey|462\/651|[from] item: Leftovers
|turn|13
|
|move|p1a: True Evil|Psyshock|p2a: Blissey
|-damage|p2a: Blissey|126\/651
|move|p2a: Blissey|Wish|p2a: Blissey
|
|-heal|p2a: Blissey|166\/651|[from] item: Leftovers
|turn|14
|
|switch|p1a: Excadrill|Excadrill, M|351\/362
|-damage|p1a: Excadrill|340\/362|[from] Stealth Rock
|-ability|p1a: Excadrill|Mold Breaker
|move|p2a: Blissey|Protect|p2a: Blissey
|-fail|p2a: Blissey
|
|-heal|p2a: Blissey|491\/651|[from] move: Wish|[wisher] Blissey
|-heal|p2a: Blissey|531\/651|[from] item: Leftovers
|turn|15
|
|switch|p2a: Altaria|Altaria-Mega, F|291\/291
|move|p1a: Excadrill|Rapid Spin|p2a: Altaria
|-damage|p2a: Altaria|266\/291
|-sideend|p1: bizarman|Stealth Rock|[from] move: Rapid Spin|[of] p1a: Excadrill
|
|turn|16
|
|switch|p1a: Landorus-Therian|Landorus-Therian, M|382\/382
|-ability|p1a: Landorus-Therian|Intimidate|[of] p2a: Altaria
|-unboost|p2a: Altaria|atk|1
|move|p2a: Altaria|Dragon Dance|p2a: Altaria
|-boost|p2a: Altaria|atk|1
|-boost|p2a: Altaria|spe|1
|
|turn|17
|
|move|p2a: Altaria|Dragon Dance|p2a: Altaria
|-boost|p2a: Altaria|atk|1
|-boost|p2a: Altaria|spe|1
|move|p1a: Landorus-Therian|Stealth Rock|p2a: Altaria
|-sidestart|p2: ogw_alt2|move: Stealth Rock
|
|turn|18
|
|move|p2a: Altaria|Frustration|p1a: Landorus-Therian
|-damage|p1a: Landorus-Therian|148\/382
|move|p1a: Landorus-Therian|Earthquake|p2a: Altaria
|-damage|p2a: Altaria|116\/291
|
|-heal|p1a: Landorus-Therian|171\/382|[from] item: Leftovers
|turn|19
|
|move|p2a: Altaria|Frustration|p1a: Landorus-Therian
|-damage|p1a: Landorus-Therian|0 fnt
|faint|p1a: Landorus-Therian
|
|
|switch|p1a: Talonflame|Talonflame, M|319\/319
|turn|20
|
|switch|p2a: Heatran|Heatran, M|385\/385
|-damage|p2a: Heatran|337\/385|[from] Stealth Rock
|move|p1a: Talonflame|Brave Bird|p2a: Heatran
|-resisted|p2a: Heatran
|-damage|p2a: Heatran|233\/385
|-damage|p1a: Talonflame|285\/319|[from] recoil|[of] p2a: Heatran
|
|-heal|p2a: Heatran|257\/385|[from] item: Leftovers
|turn|21
|
|switch|p1a: Excadrill|Excadrill, M|340\/362
|-ability|p1a: Excadrill|Mold Breaker
|move|p2a: Heatran|Stealth Rock|p1a: Excadrill
|-sidestart|p1: bizarman|move: Stealth Rock
|
|-heal|p2a: Heatran|281\/385|[from] item: Leftovers
|turn|22
|
|switch|p2a: Cresselia|Cresselia, F|444\/444
|-damage|p2a: Cresselia|389\/444|[from] Stealth Rock
|move|p1a: Excadrill|Earthquake|p2a: Cresselia
|-damage|p2a: Cresselia|263\/444
|
|turn|23
|
|switch|p1a: Rotom-Wash|Rotom-Wash|304\/304
|-damage|p1a: Rotom-Wash|266\/304|[from] Stealth Rock
|move|p2a: Cresselia|Toxic|p1a: Rotom-Wash
|-status|p1a: Rotom-Wash|tox
|
|-heal|p1a: Rotom-Wash|285\/304 tox|[from] item: Leftovers
|-damage|p1a: Rotom-Wash|266\/304 tox|[from] psn
|turn|24
|
|move|p1a: Rotom-Wash|Will-O-Wisp|p2a: Cresselia
|-status|p2a: Cresselia|brn
|move|p2a: Cresselia|Moonlight|p2a: Cresselia
|-heal|p2a: Cresselia|444\/444 brn
|
|-heal|p1a: Rotom-Wash|285\/304 tox|[from] item: Leftovers
|-damage|p1a: Rotom-Wash|247\/304 tox|[from] psn
|-damage|p2a: Cresselia|389\/444 brn|[from] brn
|turn|25
|
|move|p2a: Cresselia|Ice Beam|p1a: Rotom-Wash
|-resisted|p1a: Rotom-Wash
|-damage|p1a: Rotom-Wash|221\/304 tox
|move|p1a: Rotom-Wash|Volt Switch|p2a: Cresselia
|-damage|p2a: Cresselia|325\/444 brn
|
|switch|p1a: Excadrill|Excadrill, M|340\/362
|-damage|p1a: Excadrill|329\/362|[from] Stealth Rock
|-ability|p1a: Excadrill|Mold Breaker
|
|-damage|p2a: Cresselia|270\/444 brn|[from] brn
|turn|26
|
|switch|p2a: Heatran|Heatran, M|281\/385
|-damage|p2a: Heatran|233\/385|[from] Stealth Rock
|move|p1a: Excadrill|Rapid Spin|p2a: Heatran
|-resisted|p2a: Heatran
|-damage|p2a: Heatran|221\/385
|-sideend|p1: bizarman|Stealth Rock|[from] move: Rapid Spin|[of] p1a: Excadrill
|
|-heal|p2a: Heatran|245\/385|[from] item: Leftovers
|turn|27
|
|switch|p1a: Rotom-Wash|Rotom-Wash|221\/304 tox
|move|p2a: Heatran|Stealth Rock|p1a: Rotom-Wash
|-sidestart|p1: bizarman|move: Stealth Rock
|
|-heal|p1a: Rotom-Wash|240\/304 tox|[from] item: Leftovers
|-heal|p2a: Heatran|269\/385|[from] item: Leftovers
|-damage|p1a: Rotom-Wash|221\/304 tox|[from] psn
|turn|28
|
|switch|p2a: Altaria|Altaria-Mega, F|116\/291
|-damage|p2a: Altaria|80\/291|[from] Stealth Rock
|move|p1a: Rotom-Wash|Volt Switch|p2a: Altaria
|-resisted|p2a: Altaria
|-damage|p2a: Altaria|35\/291
|
|switch|p1a: Excadrill|Excadrill, M|329\/362
|-damage|p1a: Excadrill|318\/362|[from] Stealth Rock
|-ability|p1a: Excadrill|Mold Breaker
|
|turn|29
|
|move|p1a: Excadrill|Earthquake|p2a: Altaria
|-damage|p2a: Altaria|0 fnt
|faint|p2a: Altaria
|
|
|switch|p2a: Suicune|Suicune|404\/404
|-damage|p2a: Suicune|354\/404|[from] Stealth Rock
|-ability|p2a: Suicune|Pressure
|turn|30
|
|switch|p1a: True Evil|Gothitelle, M|196\/281
|-damage|p1a: True Evil|161\/281|[from] Stealth Rock
|move|p2a: Suicune|Calm Mind|p2a: Suicune
|-boost|p2a: Suicune|spa|1
|-boost|p2a: Suicune|spd|1
|
|-heal|p2a: Suicune|379\/404|[from] item: Leftovers
|turn|31
|
|move|p1a: True Evil|Trick|p2a: Suicune
|-activate|p1a: True Evil|move: Trick|[of] p2a: Suicune
|-item|p2a: Suicune|Choice Specs|[from] move: Trick
|-item|p1a: True Evil|Leftovers|[from] move: Trick
|move|p2a: Suicune|Scald|p1a: True Evil
|-damage|p1a: True Evil|0 fnt
|faint|p1a: True Evil
|
|
|switch|p1a: Rotom-Wash|Rotom-Wash|221\/304 tox
|-damage|p1a: Rotom-Wash|183\/304 tox|[from] Stealth Rock
|turn|32
|
|move|p1a: Rotom-Wash|Will-O-Wisp|p2a: Suicune
|-status|p2a: Suicune|brn
|move|p2a: Suicune|Scald|p1a: Rotom-Wash
|-resisted|p1a: Rotom-Wash
|-damage|p1a: Rotom-Wash|93\/304 tox
|
|-heal|p1a: Rotom-Wash|112\/304 tox|[from] item: Leftovers
|-damage|p2a: Suicune|329\/404 brn|[from] brn
|-damage|p1a: Rotom-Wash|93\/304 tox|[from] psn
|turn|33
|
|move|p2a: Suicune|Scald|p1a: Rotom-Wash
|-resisted|p1a: Rotom-Wash
|-damage|p1a: Rotom-Wash|0 fnt
|faint|p1a: Rotom-Wash
|
|-damage|p2a: Suicune|279\/404 brn|[from] brn
|
|switch|p1a: Excadrill|Excadrill, M|318\/362
|-damage|p1a: Excadrill|307\/362|[from] Stealth Rock
|-ability|p1a: Excadrill|Mold Breaker
|turn|34
|
|move|p1a: Excadrill|Rapid Spin|p2a: Suicune
|-damage|p2a: Suicune|262\/404 brn
|-sideend|p1: bizarman|Stealth Rock|[from] move: Rapid Spin|[of] p1a: Excadrill
|move|p2a: Suicune|Scald|p1a: Excadrill
|-supereffective|p1a: Excadrill
|-damage|p1a: Excadrill|0 fnt
|faint|p1a: Excadrill
|
|-damage|p2a: Suicune|212\/404 brn|[from] brn
|
|switch|p1a: PierceTheHeavens|Beedrill-Mega, M|271\/271
|turn|35
|
|move|p1a: PierceTheHeavens|Poison Jab|p2a: Suicune
|-crit|p2a: Suicune
|-damage|p2a: Suicune|0 fnt
|faint|p2a: Suicune
|
|
|switch|p2a: Blissey|Blissey, F|531\/651
|-damage|p2a: Blissey|450\/651|[from] Stealth Rock
|turn|36
|
|move|p2a: Blissey|Protect|p2a: Blissey
|-singleturn|p2a: Blissey|Protect
|move|p1a: PierceTheHeavens|Knock Off|p2a: Blissey
|-activate|p2a: Blissey|Protect
|
|-heal|p2a: Blissey|490\/651|[from] item: Leftovers
|turn|37
|
|move|p1a: PierceTheHeavens|U-turn|p2a: Blissey
|-damage|p2a: Blissey|146\/651
|
|switch|p1a: Talonflame|Talonflame, M|285\/319
|move|p2a: Blissey|Ice Beam|p1a: Talonflame
|-damage|p1a: Talonflame|214\/319
|-status|p1a: Talonflame|frz
|
|-heal|p2a: Blissey|186\/651|[from] item: Leftovers
|turn|38
|
|switch|p2a: Heatran|Heatran, M|269\/385
|-damage|p2a: Heatran|221\/385|[from] Stealth Rock
|-curestatus|p1a: Talonflame|frz
|move|p1a: Talonflame|Flare Blitz|p2a: Heatran
|-start|p2a: Heatran|ability: Flash Fire
|
|-heal|p2a: Heatran|245\/385|[from] item: Leftovers
|turn|39
|c|âbizarman|gg
|
|switch|p1a: PierceTheHeavens|Beedrill-Mega, M|271\/271
|move|p2a: Heatran|Lava Plume|p1a: PierceTheHeavens
|-supereffective|p1a: PierceTheHeavens
|-damage|p1a: PierceTheHeavens|0 fnt
|faint|p1a: PierceTheHeavens
|
|-heal|p2a: Heatran|269\/385|[from] item: Leftovers
|c|âogw_alt2|no drill run?
|
|switch|p1a: Talonflame|Talonflame, M|214\/319
|turn|40
|c|âbizarman|need the slot for protect
|c|âogw_alt2|i see
|c|âogw_alt2|fuck your team btw
|c|âogw_alt2|no offense
|
|move|p1a: Talonflame|Brave Bird|p2a: Heatran
|-resisted|p2a: Heatran
|-damage|p2a: Heatran|155\/385
|-damage|p1a: Talonflame|176\/319|[from] recoil|[of] p2a: Heatran
|move|p2a: Heatran|Toxic|p1a: Talonflame
|-status|p1a: Talonflame|tox
|
|-heal|p2a: Heatran|179\/385|[from] item: Leftovers
|-damage|p1a: Talonflame|157\/319 tox|[from] psn
|turn|41
|c|âogw_alt2|goth is very annoying for me
|c|âbizarman|guess so
|
|move|p1a: Talonflame|Brave Bird|p2a: Heatran
|-resisted|p2a: Heatran
|-damage|p2a: Heatran|65\/385
|-damage|p1a: Talonflame|119\/319 tox|[from] recoil|[of] p2a: Heatran
|move|p2a: Heatran|Lava Plume|p1a: Talonflame
|-resisted|p1a: Talonflame
|-damage|p1a: Talonflame|0 fnt
|faint|p1a: Talonflame
|
|win|ogw_alt2
|raw|Ladder updating...
|raw|bizarman's rating: 1504 &rarr; <strong>1479<\/strong><br \/>(-25 for losing)
|raw|ogw_alt2's rating: 1418 &rarr; <strong>1443<\/strong><br \/>(+25 for winning)
|c|âbizarman|its annoying to all stalmons
|c|âogw_alt2|yeh
|c|âogw_alt2|;_;
|leave|ogw_alt2
|player|p2
|c|âbizarman|however, I only got one goth
|leave|bizarman
|player|p1
|join|ogw_alt2