|join|lobe360
|join|bizarman
|player|p1|lobe360|54
|player|p2|bizarman|42
|gametype|singles
|gen|6
|tier|ORAS OU
|rated
|rule|Sleep Clause Mod: Limit one foe put to sleep
|rule|Species Clause: Limit one of each PokÃ©mon
|rule|OHKO Clause: OHKO moves are banned
|rule|Moody Clause: Moody is banned
|rule|Evasion Moves Clause: Evasion moves are banned
|rule|Endless Battle Clause: Forcing endless battles is banned
|rule|HP Percentage Mod: HP is shown in percentages
|clearpoke
|poke|p1|Gallade, M, shiny
|poke|p1|Ferrothorn, M
|poke|p1|Gothitelle, F
|poke|p1|Latios, M
|poke|p1|Rotom-Wash
|poke|p1|Heatran, M
|poke|p2|Latias, F
|poke|p2|Talonflame, M
|poke|p2|Keldeo
|poke|p2|Medicham, F
|poke|p2|Heatran, M
|poke|p2|Clefable, F
|rule|Swagger Clause: Swagger is banned
|rule|Baton Pass Clause: Limit one PokÃ©mon knowing Baton Pass
|teampreview
|
|start
|switch|p1a: Rotom-Wash|Rotom-Wash|304\/304
|switch|p2a: Medicham|Medicham, F|261\/261
|turn|1
|
|detailschange|p2a: Medicham|Medicham-Mega, F
|message|Medicham has Mega Evolved into Mega Medicham!
|move|p2a: Medicham|Fake Out|p1a: Rotom-Wash
|-damage|p1a: Rotom-Wash|242\/304
|cant|p1a: Rotom-Wash|flinch
|
|-heal|p1a: Rotom-Wash|261\/304|[from] item: Leftovers
|turn|2
|
|move|p2a: Medicham|High Jump Kick|p1a: Rotom-Wash
|-damage|p1a: Rotom-Wash|0 fnt
|faint|p1a: Rotom-Wash
|
|
|switch|p1a: Gothitelle|Gothitelle, F|282\/282
|turn|3
|
|move|p1a: Gothitelle|Psyshock|p2a: Medicham
|-damage|p2a: Medicham|125\/261
|move|p2a: Medicham|High Jump Kick|p1a: Gothitelle
|-resisted|p1a: Gothitelle
|-damage|p1a: Gothitelle|80\/282
|
|turn|4
|
|move|p1a: Gothitelle|Psyshock|p2a: Medicham
|-crit|p2a: Medicham
|-damage|p2a: Medicham|0 fnt
|faint|p2a: Medicham
|
|c|âlobe360|the power of this thing is crazy
|
|switch|p2a: Keldeo|Keldeo|323\/323
|turn|5
|
|switch|p1a: Latios|Latios, M|302\/302
|move|p2a: Keldeo|Secret Sword|p1a: Latios
|-resisted|p1a: Latios
|-damage|p1a: Latios|169\/302
|
|turn|6
|
|switch|p1a: Ferrothorn|Ferrothorn, M|352\/352
|switch|p2a: Heatran|Heatran, M|323\/323
|
|turn|7
|
|switch|p1a: Latios|Latios, M|169\/302
|move|p2a: Heatran|Overheat|p1a: Latios
|-resisted|p1a: Latios
|-damage|p1a: Latios|67\/302
|-unboost|p2a: Heatran|spa|2
|
|turn|8
|
|switch|p2a: Clefable|Clefable, F|394\/394
|move|p1a: Latios|Roost|p1a: Latios
|-heal|p1a: Latios|218\/302
|
|turn|9
|
|switch|p1a: Ferrothorn|Ferrothorn, M|352\/352
|switch|p2a: Heatran|Heatran, M|323\/323
|
|turn|10
|
|move|p2a: Heatran|Flash Cannon|p1a: Ferrothorn
|-crit|p1a: Ferrothorn
|-resisted|p1a: Ferrothorn
|-damage|p1a: Ferrothorn|249\/352
|move|p1a: Ferrothorn|Stealth Rock|p2a: Heatran
|-sidestart|p2: bizarman|move: Stealth Rock
|
|-heal|p1a: Ferrothorn|271\/352|[from] item: Leftovers
|turn|11
|
|switch|p2a: Keldeo|Keldeo|323\/323
|-damage|p2a: Keldeo|303\/323|[from] Stealth Rock
|move|p1a: Ferrothorn|Gyro Ball|p2a: Keldeo
|-resisted|p2a: Keldeo
|-damage|p2a: Keldeo|219\/323
|
|-heal|p1a: Ferrothorn|293\/352|[from] item: Leftovers
|turn|12
|
|switch|p1a: Latios|Latios, M|218\/302
|move|p2a: Keldeo|Secret Sword|p1a: Latios
|-resisted|p1a: Latios
|-damage|p1a: Latios|82\/302
|
|turn|13
|
|switch|p2a: Heatran|Heatran, M|323\/323
|-damage|p2a: Heatran|283\/323|[from] Stealth Rock
|move|p1a: Latios|Roost|p1a: Latios
|-heal|p1a: Latios|233\/302
|
|turn|14
|
|switch|p2a: Latias|Latias, F|302\/302
|-damage|p2a: Latias|265\/302|[from] Stealth Rock
|move|p1a: Latios|Roost|p1a: Latios
|-heal|p1a: Latios|302\/302
|
|turn|15
|
|switch|p2a: Heatran|Heatran, M|283\/323
|-damage|p2a: Heatran|243\/323|[from] Stealth Rock
|move|p1a: Latios|Draco Meteor|p2a: Heatran
|-resisted|p2a: Heatran
|-damage|p2a: Heatran|91\/323
|-unboost|p1a: Latios|spa|2
|-damage|p1a: Latios|272\/302|[from] item: Life Orb
|
|turn|16
|
|switch|p2a: Latias|Latias, F|265\/302
|-damage|p2a: Latias|228\/302|[from] Stealth Rock
|move|p1a: Latios|Draco Meteor|p2a: Latias
|-supereffective|p2a: Latias
|-damage|p2a: Latias|0 fnt
|-unboost|p1a: Latios|spa|2
|-damage|p1a: Latios|242\/302|[from] item: Life Orb
|faint|p2a: Latias
|
|c|âlobe360|why?
|
|switch|p2a: Clefable|Clefable, F|394\/394
|turn|17
|
|switch|p1a: Heatran|Heatran, M|386\/386
|switch|p2a: Keldeo|Keldeo|219\/323
|-damage|p2a: Keldeo|199\/323|[from] Stealth Rock
|
|turn|18
|
|switch|p1a: Latios|Latios, M|242\/302
|move|p2a: Keldeo|Hydro Pump|p1a: Latios
|-resisted|p1a: Latios
|-damage|p1a: Latios|101\/302
|
|turn|19
|
|switch|p2a: Clefable|Clefable, F|394\/394
|move|p1a: Latios|Psyshock|p2a: Clefable
|-damage|p2a: Clefable|225\/394
|-damage|p1a: Latios|71\/302|[from] item: Life Orb
|
|-heal|p2a: Clefable|249\/394|[from] item: Leftovers
|turn|20
|
|switch|p1a: Ferrothorn|Ferrothorn, M|293\/352
|move|p2a: Clefable|Soft-Boiled|p2a: Clefable
|-heal|p2a: Clefable|394\/394
|
|-heal|p1a: Ferrothorn|315\/352|[from] item: Leftovers
|turn|21
|
|move|p2a: Clefable|Flamethrower|p1a: Ferrothorn
|-supereffective|p1a: Ferrothorn
|-damage|p1a: Ferrothorn|59\/352
|move|p1a: Ferrothorn|Spikes|p2a: Clefable
|-sidestart|p2: bizarman|Spikes
|
|-heal|p1a: Ferrothorn|81\/352|[from] item: Leftovers
|turn|22
|
|switch|p2a: Keldeo|Keldeo|199\/323
|-damage|p2a: Keldeo|159\/323|[from] Spikes
|-damage|p2a: Keldeo|139\/323|[from] Stealth Rock
|move|p1a: Ferrothorn|Gyro Ball|p2a: Keldeo
|-resisted|p2a: Keldeo
|-damage|p2a: Keldeo|46\/323
|
|-heal|p1a: Ferrothorn|103\/352|[from] item: Leftovers
|turn|23
|
|move|p2a: Keldeo|Secret Sword|p1a: Ferrothorn
|-supereffective|p1a: Ferrothorn
|-damage|p1a: Ferrothorn|0 fnt
|faint|p1a: Ferrothorn
|
|
|switch|p1a: Latios|Latios, M|71\/302
|turn|24
|
|move|p1a: Latios|Roost|p1a: Latios
|-heal|p1a: Latios|222\/302
|move|p2a: Keldeo|Secret Sword|p1a: Latios
|-resisted|p1a: Latios
|-damage|p1a: Latios|92\/302
|
|turn|25
|
|switch|p2a: Clefable|Clefable, F|394\/394
|move|p1a: Latios|Roost|p1a: Latios
|-heal|p1a: Latios|243\/302
|
|turn|26
|
|switch|p1a: Heatran|Heatran, M|386\/386
|move|p2a: Clefable|Moonblast|p1a: Heatran
|-resisted|p1a: Heatran
|-damage|p1a: Heatran|368\/386
|
|-heal|p1a: Heatran|386\/386|[from] item: Leftovers
|turn|27
|
|switch|p2a: Keldeo|Keldeo|46\/323
|-damage|p2a: Keldeo|6\/323|[from] Spikes
|-damage|p2a: Keldeo|0 fnt|[from] Stealth Rock
|faint|p2a: Keldeo
|move|p1a: Heatran|Lava Plume|p2: Keldeo|[notarget]
|-notarget
|
|
|switch|p2a: Talonflame|Talonflame, M|327\/327
|-damage|p2a: Talonflame|164\/327|[from] Stealth Rock
|turn|28
|
|move|p2a: Talonflame|Roost|p2a: Talonflame
|-heal|p2a: Talonflame|327\/327
|move|p1a: Heatran|Roar|p2a: Talonflame
|drag|p2a: Heatran|Heatran, M|91\/323
|-damage|p2a: Heatran|51\/323|[from] Stealth Rock
|-damage|p2a: Heatran|11\/323|[from] Spikes
|
|turn|29
|
|move|p2a: Heatran|Earth Power|p1a: Heatran
|-supereffective|p1a: Heatran
|-damage|p1a: Heatran|106\/386
|move|p1a: Heatran|Roar|p2a: Heatran
|drag|p2a: Talonflame|Talonflame, M|327\/327
|-damage|p2a: Talonflame|164\/327|[from] Stealth Rock
|
|-heal|p1a: Heatran|130\/386|[from] item: Leftovers
|turn|30
|
|move|p2a: Talonflame|Roost|p2a: Talonflame
|-heal|p2a: Talonflame|327\/327
|move|p1a: Heatran|Toxic|p2a: Talonflame
|-status|p2a: Talonflame|tox
|
|-heal|p1a: Heatran|154\/386|[from] item: Leftovers
|-damage|p2a: Talonflame|307\/327 tox|[from] psn
|turn|31
|
|move|p1a: Heatran|Protect|p1a: Heatran
|-singleturn|p1a: Heatran|Protect
|move|p2a: Talonflame|Brave Bird|p1a: Heatran
|-activate|p1a: Heatran|Protect
|
|-heal|p1a: Heatran|178\/386|[from] item: Leftovers
|-damage|p2a: Talonflame|267\/327 tox|[from] psn
|turn|32
|c|âbizarman|gg
|
|move|p2a: Talonflame|Roost|p2a: Talonflame
|-heal|p2a: Talonflame|327\/327 tox
|move|p1a: Heatran|Lava Plume|p2a: Talonflame
|-crit|p2a: Talonflame
|-resisted|p2a: Talonflame
|-damage|p2a: Talonflame|209\/327 tox
|
|-heal|p1a: Heatran|202\/386|[from] item: Leftovers
|-damage|p2a: Talonflame|149\/327 tox|[from] psn
|turn|33
|
|move|p2a: Talonflame|Swords Dance|p2a: Talonflame
|-boost|p2a: Talonflame|atk|2
|move|p1a: Heatran|Lava Plume|p2a: Talonflame
|-resisted|p2a: Talonflame
|-damage|p2a: Talonflame|71\/327 tox
|
|-heal|p1a: Heatran|226\/386|[from] item: Leftovers
|-damage|p2a: Talonflame|0 fnt|[from] psn
|faint|p2a: Talonflame
|
|switch|p2a: Heatran|Heatran, M|11\/323
|-damage|p2a: Heatran|0 fnt|[from] Spikes
|faint|p2a: Heatran
|
|switch|p2a: Clefable|Clefable, F|394\/394
|turn|34
|-message|bizarman forfeited.
|
|win|lobe360
|raw|Ladder updating...
|leave|bizarman
|player|p2
|raw|lobe360's rating: 1368 &rarr; <strong>1388<\/strong><br \/>(+20 for winning)
|raw|bizarman's rating: 1356 &rarr; <strong>1337<\/strong><br \/>(-19 for losing)
|c|âlobe360|gg