|join|Leeeeo
|join|bizarman
|player|p1|Leeeeo|2
|player|p2|bizarman|42
|gametype|singles
|gen|6
|tier|ORAS OU
|rated
|rule|Sleep Clause Mod: Limit one foe put to sleep
|rule|Species Clause: Limit one of each PokÃ©mon
|rule|OHKO Clause: OHKO moves are banned
|rule|Moody Clause: Moody is banned
|rule|Evasion Moves Clause: Evasion moves are banned
|rule|Endless Battle Clause: Forcing endless battles is banned
|rule|HP Percentage Mod: HP is shown in percentages
|clearpoke
|poke|p1|Talonflame, F, shiny
|poke|p1|Heatran, F
|poke|p1|Mew, shiny
|poke|p1|Bisharp, M, shiny
|poke|p1|Thundurus, M
|poke|p1|Medicham, F, shiny
|poke|p2|Metagross
|poke|p2|Latias, F
|poke|p2|Greninja, M
|poke|p2|Mew
|poke|p2|Heatran, F
|poke|p2|Dragonite, F
|rule|Swagger Clause: Swagger is banned
|rule|Baton Pass Clause: Limit one PokÃ©mon knowing Baton Pass
|teampreview
|
|start
|switch|p1a: Charmina|Medicham, F, shiny|262\/262
|switch|p2a: Greninja|Greninja, M|285\/285
|turn|1
|
|switch|p2a: Mew|Mew|404\/404
|detailschange|p1a: Charmina|Medicham-Mega, F, shiny
|message|Medicham has Mega Evolved into Mega Medicham!
|move|p1a: Charmina|Fake Out|p2a: Mew
|-crit|p2a: Mew
|-damage|p2a: Mew|299\/404
|
|-heal|p2a: Mew|324\/404|[from] item: Leftovers
|turn|2
|
|switch|p1a: Heatran|Heatran, F|386\/386
|move|p2a: Mew|Knock Off|p1a: Heatran
|-damage|p1a: Heatran|316\/386
|-enditem|p1a: Heatran|Leftovers|[from] move: Knock Off|[of] p2a: Mew
|
|-heal|p2a: Mew|349\/404|[from] item: Leftovers
|turn|3
|
|move|p2a: Mew|Taunt|p1a: Heatran
|-start|p1a: Heatran|move: Taunt
|cant|p1a: Heatran|move: Taunt|Stealth Rock
|
|-heal|p2a: Mew|374\/404|[from] item: Leftovers
|turn|4
|
|switch|p2a: Heatran|Heatran, F|323\/323
|move|p1a: Heatran|Lava Plume|p2a: Heatran
|-start|p2a: Heatran|ability: Flash Fire
|
|turn|5
|
|switch|p1a: Charmina|Medicham-Mega, F, shiny|262\/262
|move|p2a: Heatran|Overheat|p1a: Charmina
|-crit|p1a: Charmina
|-damage|p1a: Charmina|0 fnt
|-unboost|p2a: Heatran|spa|2
|faint|p1a: Charmina
|
|
|switch|p1a: Fulguris|Thundurus, M|319\/319
|turn|6
|
|switch|p2a: Latias|Latias, F|302\/302
|move|p1a: Fulguris|Nasty Plot|p1a: Fulguris
|-boost|p1a: Fulguris|spa|2
|
|turn|7
|
|move|p2a: Latias|Draco Meteor|p1a: Fulguris
|-damage|p1a: Fulguris|41\/319
|-unboost|p2a: Latias|spa|2
|-damage|p2a: Latias|272\/302|[from] item: Life Orb
|move|p1a: Fulguris|Hidden Power|p2a: Latias
|-damage|p2a: Latias|130\/302
|
|turn|8
|
|move|p1a: Fulguris|Thunder Wave|p2a: Latias
|-status|p2a: Latias|par
|move|p2a: Latias|Psyshock|p1a: Fulguris
|-damage|p1a: Fulguris|0 fnt
|-damage|p2a: Latias|100\/302 par|[from] item: Life Orb
|faint|p1a: Fulguris
|
|
|switch|p1a: Flambusard|Talonflame, F, shiny|298\/298
|turn|9
|
|switch|p2a: Heatran|Heatran, F|323\/323
|move|p1a: Flambusard|U-turn|p2a: Heatran
|-resisted|p2a: Heatran
|-damage|p2a: Heatran|300\/323
|
|switch|p1a: Mew|Mew, shiny|404\/404
|
|turn|10
|
|move|p2a: Heatran|Overheat|p1a: Mew
|-damage|p1a: Mew|158\/404
|-unboost|p2a: Heatran|spa|2
|move|p1a: Mew|Knock Off|p2a: Heatran
|-damage|p2a: Heatran|230\/323
|-enditem|p2a: Heatran|Choice Scarf|[from] move: Knock Off|[of] p1a: Mew
|
|-heal|p1a: Mew|183\/404|[from] item: Leftovers
|turn|11
|
|switch|p2a: Greninja|Greninja, M|285\/285
|move|p1a: Mew|Soft-Boiled|p1a: Mew
|-heal|p1a: Mew|385\/404
|
|-heal|p1a: Mew|404\/404|[from] item: Leftovers
|turn|12
|
|move|p2a: Greninja|Dark Pulse|p1a: Mew
|-start|p2a: Greninja|typechange|Dark|[from] Protean
|-supereffective|p1a: Mew
|-damage|p1a: Mew|113\/404
|-damage|p2a: Greninja|257\/285|[from] item: Life Orb
|move|p1a: Mew|Knock Off|p2a: Greninja
|-resisted|p2a: Greninja
|-damage|p2a: Greninja|202\/285
|-enditem|p2a: Greninja|Life Orb|[from] move: Knock Off|[of] p1a: Mew
|
|-heal|p1a: Mew|138\/404|[from] item: Leftovers
|turn|13
|
|switch|p1a: Heatran|Heatran, F|316\/386
|move|p2a: Greninja|Dark Pulse|p1a: Heatran
|-damage|p1a: Heatran|225\/386
|
|turn|14
|
|move|p2a: Greninja|Hydro Pump|p1a: Heatran
|-start|p2a: Greninja|typechange|Water|[from] Protean
|-supereffective|p1a: Heatran
|-damage|p1a: Heatran|7\/386
|move|p1a: Heatran|Stealth Rock|p2a: Greninja
|-sidestart|p2: bizarman|move: Stealth Rock
|
|turn|15
|
|move|p2a: Greninja|Dark Pulse|p1a: Heatran
|-start|p2a: Greninja|typechange|Dark|[from] Protean
|-damage|p1a: Heatran|0 fnt
|faint|p1a: Heatran
|
|
|switch|p1a: Scalproie|Bisharp, M, shiny|272\/272
|turn|16
|
|move|p2a: Greninja|Hydro Pump|p1a: Scalproie
|-start|p2a: Greninja|typechange|Water|[from] Protean
|-damage|p1a: Scalproie|46\/272
|move|p1a: Scalproie|Knock Off|p2a: Greninja
|-damage|p2a: Greninja|0 fnt
|-damage|p1a: Scalproie|19\/272|[from] item: Life Orb
|faint|p2a: Greninja
|
|
|switch|p2a: Mew|Mew|374\/404
|-damage|p2a: Mew|324\/404|[from] Stealth Rock
|turn|17
|
|move|p2a: Mew|Will-O-Wisp|p1a: Scalproie
|-status|p1a: Scalproie|brn
|move|p1a: Scalproie|Knock Off|p2a: Mew
|-supereffective|p2a: Mew
|-damage|p2a: Mew|152\/404
|-enditem|p2a: Mew|Leftovers|[from] move: Knock Off|[of] p1a: Scalproie
|-damage|p1a: Scalproie|0 fnt|[from] item: Life Orb
|faint|p1a: Scalproie
|
|
|switch|p1a: Flambusard|Talonflame, F, shiny|298\/298
|turn|18
|
|move|p1a: Flambusard|U-turn|p2a: Mew
|-crit|p2a: Mew
|-supereffective|p2a: Mew
|-damage|p2a: Mew|0 fnt
|faint|p2a: Mew
|
|switch|p1a: Mew|Mew, shiny|138\/404
|
|-heal|p1a: Mew|163\/404|[from] item: Leftovers
|
|switch|p2a: Latias|Latias, F|100\/302 par
|-damage|p2a: Latias|63\/302 par|[from] Stealth Rock
|turn|19
|
|move|p1a: Mew|Knock Off|p2a: Latias
|-supereffective|p2a: Latias
|-damage|p2a: Latias|0 fnt
|-enditem|p2a: Latias|Life Orb|[from] move: Knock Off|[of] p1a: Mew
|faint|p2a: Latias
|
|-heal|p1a: Mew|188\/404|[from] item: Leftovers
|
|switch|p2a: Heatran|Heatran, F|230\/323
|-damage|p2a: Heatran|190\/323|[from] Stealth Rock
|turn|20
|
|move|p2a: Heatran|Overheat|p1a: Mew|[miss]
|-miss|p2a: Heatran|p1a: Mew
|move|p1a: Mew|Soft-Boiled|p1a: Mew
|-heal|p1a: Mew|390\/404
|
|-heal|p1a: Mew|404\/404|[from] item: Leftovers
|turn|21
|
|move|p2a: Heatran|Flash Cannon|p1a: Mew
|-damage|p1a: Mew|256\/404
|move|p1a: Mew|Knock Off|p2a: Heatran
|-damage|p2a: Heatran|137\/323
|
|-heal|p1a: Mew|281\/404|[from] item: Leftovers
|turn|22
|
|move|p2a: Heatran|Flash Cannon|p1a: Mew
|-damage|p1a: Mew|125\/404
|move|p1a: Mew|Soft-Boiled|p1a: Mew
|-heal|p1a: Mew|327\/404
|
|-heal|p1a: Mew|352\/404|[from] item: Leftovers
|turn|23
|
|move|p2a: Heatran|Flash Cannon|p1a: Mew
|-damage|p1a: Mew|216\/404
|move|p1a: Mew|Soft-Boiled|p1a: Mew
|-heal|p1a: Mew|404\/404
|
|turn|24
|
|move|p2a: Heatran|Flash Cannon|p1a: Mew
|-damage|p1a: Mew|272\/404
|move|p1a: Mew|Knock Off|p2a: Heatran
|-damage|p2a: Heatran|87\/323
|
|-heal|p1a: Mew|297\/404|[from] item: Leftovers
|turn|25
|
|move|p2a: Heatran|Flash Cannon|p1a: Mew
|-damage|p1a: Mew|155\/404
|-unboost|p1a: Mew|spd|1
|move|p1a: Mew|Soft-Boiled|p1a: Mew
|-heal|p1a: Mew|357\/404
|
|-heal|p1a: Mew|382\/404|[from] item: Leftovers
|turn|26
|
|move|p2a: Heatran|Overheat|p1a: Mew
|-crit|p1a: Mew
|-damage|p1a: Mew|0 fnt
|-unboost|p2a: Heatran|spa|2
|faint|p1a: Mew
|
|
|switch|p1a: Flambusard|Talonflame, F, shiny|298\/298
|turn|27
|
|move|p1a: Flambusard|Brave Bird|p2a: Heatran
|-resisted|p2a: Heatran
|-damage|p2a: Heatran|0 fnt
|-damage|p1a: Flambusard|269\/298|[from] recoil|[of] p2a: Heatran
|faint|p2a: Heatran
|
|
|switch|p2a: Metagross|Metagross|321\/321
|-damage|p2a: Metagross|301\/321|[from] Stealth Rock
|turn|28
|
|detailschange|p2a: Metagross|Metagross-Mega
|message|Metagross has Mega Evolved into Mega Metagross!
|move|p1a: Flambusard|Brave Bird|p2a: Metagross
|-resisted|p2a: Metagross
|-damage|p2a: Metagross|218\/321
|-damage|p1a: Flambusard|242\/298|[from] recoil|[of] p2a: Metagross
|move|p2a: Metagross|Zen Headbutt|p1a: Flambusard
|-damage|p1a: Flambusard|0 fnt
|faint|p1a: Flambusard
|
|win|bizarman
|raw|Ladder updating...
|raw|Leeeeo's rating: 1327 &rarr; <strong>1314<\/strong><br \/>(-13 for losing)
|raw|bizarman's rating: 1445 &rarr; <strong>1458<\/strong><br \/>(+13 for winning)
|c|âbizarman|gg
|leave|Leeeeo
|player|p1