|join|bizarman
|join|wuloquin
|player|p1|bizarman|42
|player|p2|wuloquin|101
|gametype|singles
|gen|6
|tier|ORAS OU
|rated
|rule|Sleep Clause Mod: Limit one foe put to sleep
|rule|Species Clause: Limit one of each PokÃ©mon
|rule|OHKO Clause: OHKO moves are banned
|rule|Moody Clause: Moody is banned
|rule|Evasion Moves Clause: Evasion moves are banned
|rule|Endless Battle Clause: Forcing endless battles is banned
|rule|HP Percentage Mod: HP is shown in percentages
|clearpoke
|poke|p1|Metagross
|poke|p1|Latias, F
|poke|p1|Greninja, F
|poke|p1|Clefable, M
|poke|p1|Heatran, F
|poke|p1|Dragonite, F
|poke|p2|Camerupt, F
|poke|p2|Gothitelle, M
|poke|p2|Hydreigon, M
|poke|p2|Ferrothorn, F
|poke|p2|Azumarill, F
|poke|p2|Gengar, M
|rule|Swagger Clause: Swagger is banned
|rule|Baton Pass Clause: Limit one PokÃ©mon knowing Baton Pass
|teampreview
|join|ClaudioFerreira
|
|start
|switch|p1a: Greninja|Greninja, F|285\/285
|switch|p2a: Ferrothorn|Ferrothorn, F|352\/352
|turn|1
|
|switch|p2a: Azumarill|Azumarill, F|404\/404
|move|p1a: Greninja|Hidden Power|p2a: Azumarill
|-start|p1a: Greninja|typechange|Fire|[from] Protean
|-resisted|p2a: Azumarill
|-damage|p2a: Azumarill|330\/404
|-damage|p1a: Greninja|257\/285|[from] item: Life Orb
|
|turn|2
|
|switch|p1a: Metagross|Metagross|321\/321
|move|p2a: Azumarill|Waterfall|p1a: Metagross
|-damage|p1a: Metagross|113\/321
|
|turn|3
|
|switch|p2a: Ferrothorn|Ferrothorn, F|352\/352
|detailschange|p1a: Metagross|Metagross-Mega
|message|Metagross has Mega Evolved into Mega Metagross!
|move|p1a: Metagross|Zen Headbutt|p2a: Ferrothorn
|-resisted|p2a: Ferrothorn
|-damage|p2a: Ferrothorn|280\/352
|-damage|p1a: Metagross|73\/321|[from] ability: Iron Barbs|[of] p2a: Ferrothorn
|
|-heal|p2a: Ferrothorn|302\/352|[from] item: Leftovers
|turn|4
|
|switch|p1a: Clefable|Clefable, M|394\/394
|move|p2a: Ferrothorn|Stealth Rock|p1a: Clefable
|-sidestart|p1: bizarman|move: Stealth Rock
|
|-heal|p2a: Ferrothorn|324\/352|[from] item: Leftovers
|turn|5
|
|switch|p1a: Greninja|Greninja, F|257\/285
|-damage|p1a: Greninja|222\/285|[from] Stealth Rock
|switch|p2a: Gothitelle|Gothitelle, M|282\/282
|
|turn|6
|c| ClaudioFerreira|wulokin with the predictions
|
|switch|p2a: Azumarill|Azumarill, F|330\/404
|move|p1a: Greninja|Dark Pulse|p2a: Azumarill
|-start|p1a: Greninja|typechange|Dark|[from] Protean
|-resisted|p2a: Azumarill
|-damage|p2a: Azumarill|243\/404
|-damage|p1a: Greninja|194\/285|[from] item: Life Orb
|
|turn|7
|
|switch|p1a: Latias|Latias, F|302\/302
|-damage|p1a: Latias|265\/302|[from] Stealth Rock
|move|p2a: Azumarill|Waterfall|p1a: Latias
|-resisted|p1a: Latias
|-damage|p1a: Latias|130\/302
|
|turn|8
|
|switch|p2a: Ferrothorn|Ferrothorn, F|324\/352
|move|p1a: Latias|Defog|p2a: Ferrothorn
|-unboost|p2a: Ferrothorn|evasion|1
|-sideend|p1: bizarman|Stealth Rock|[from] move: Defog|[of] p1a: Latias
|
|-heal|p2a: Ferrothorn|346\/352|[from] item: Leftovers
|turn|9
|
|switch|p1a: Heatran|Heatran, F|323\/323
|move|p2a: Ferrothorn|Knock Off|p1a: Heatran
|-damage|p1a: Heatran|249\/323
|-enditem|p1a: Heatran|Choice Scarf|[from] move: Knock Off|[of] p2a: Ferrothorn
|
|-heal|p2a: Ferrothorn|352\/352|[from] item: Leftovers
|turn|10
|
|switch|p2a: Hydreigon|Hydreigon, M|326\/326
|move|p1a: Heatran|Flash Cannon|p2a: Hydreigon
|-damage|p2a: Hydreigon|182\/326
|
|turn|11
|
|switch|p1a: Clefable|Clefable, M|394\/394
|move|p2a: Hydreigon|U-turn|p1a: Clefable
|-resisted|p1a: Clefable
|-damage|p1a: Clefable|370\/394
|
|switch|p2a: Gothitelle|Gothitelle, M|282\/282
|
|-heal|p1a: Clefable|394\/394|[from] item: Leftovers
|turn|12
|
|move|p2a: Gothitelle|Trick|p1a: Clefable
|-activate|p2a: Gothitelle|move: Trick|[of] p1a: Clefable
|-item|p1a: Clefable|Choice Scarf|[from] move: Trick
|-item|p2a: Gothitelle|Leftovers|[from] move: Trick
|move|p1a: Clefable|Moonblast|p2a: Gothitelle
|-damage|p2a: Gothitelle|179\/282
|
|-heal|p2a: Gothitelle|196\/282|[from] item: Leftovers
|turn|13
|
|switch|p2a: Ferrothorn|Ferrothorn, F|352\/352
|move|p1a: Clefable|Moonblast|p2a: Ferrothorn
|-resisted|p2a: Ferrothorn
|-damage|p2a: Ferrothorn|306\/352
|
|-heal|p2a: Ferrothorn|328\/352|[from] item: Leftovers
|turn|14
|
|switch|p1a: Greninja|Greninja, F|194\/285
|move|p2a: Ferrothorn|Stealth Rock|p1a: Greninja
|-sidestart|p1: bizarman|move: Stealth Rock
|
|-heal|p2a: Ferrothorn|350\/352|[from] item: Leftovers
|turn|15
|
|move|p1a: Greninja|Hydro Pump|p2a: Ferrothorn
|-start|p1a: Greninja|typechange|Water|[from] Protean
|-resisted|p2a: Ferrothorn
|-damage|p2a: Ferrothorn|260\/352
|-damage|p1a: Greninja|166\/285|[from] item: Life Orb
|move|p2a: Ferrothorn|Leech Seed|p1a: Greninja
|-start|p1a: Greninja|move: Leech Seed
|
|-heal|p2a: Ferrothorn|282\/352|[from] item: Leftovers
|-damage|p1a: Greninja|131\/285|[from] Leech Seed|[of] p2a: Ferrothorn
|-heal|p2a: Ferrothorn|317\/352|[silent]
|turn|16
|
|switch|p2a: Azumarill|Azumarill, F|243\/404
|move|p1a: Greninja|Ice Beam|p2a: Azumarill
|-start|p1a: Greninja|typechange|Ice|[from] Protean
|-resisted|p2a: Azumarill
|-damage|p2a: Azumarill|130\/404
|-damage|p1a: Greninja|103\/285|[from] item: Life Orb
|
|-damage|p1a: Greninja|68\/285|[from] Leech Seed|[of] p2a: Azumarill
|-heal|p2a: Azumarill|165\/404|[silent]
|turn|17
|
|move|p2a: Azumarill|Aqua Jet|p1a: Greninja
|-damage|p1a: Greninja|0 fnt
|faint|p1a: Greninja
|
|
|switch|p1a: Latias|Latias, F|130\/302
|-damage|p1a: Latias|93\/302|[from] Stealth Rock
|turn|18
|
|switch|p2a: Ferrothorn|Ferrothorn, F|317\/352
|move|p1a: Latias|Defog|p2a: Ferrothorn
|-unboost|p2a: Ferrothorn|evasion|1
|-sideend|p1: bizarman|Stealth Rock|[from] move: Defog|[of] p1a: Latias
|
|-heal|p2a: Ferrothorn|339\/352|[from] item: Leftovers
|turn|19
|leave|ClaudioFerreira
|
|switch|p1a: Heatran|Heatran, F|249\/323
|move|p2a: Ferrothorn|Stealth Rock|p1a: Heatran
|-sidestart|p1: bizarman|move: Stealth Rock
|
|-heal|p2a: Ferrothorn|352\/352|[from] item: Leftovers
|turn|20
|
|switch|p2a: Gothitelle|Gothitelle, M|196\/282
|move|p1a: Heatran|Overheat|p2a: Gothitelle
|-damage|p2a: Gothitelle|0 fnt
|-unboost|p1a: Heatran|spa|2
|faint|p2a: Gothitelle
|
|
|switch|p2a: Azumarill|Azumarill, F|165\/404
|turn|21
|
|switch|p1a: Clefable|Clefable, M|394\/394
|move|p2a: Azumarill|Waterfall|p1a: Clefable
|-damage|p1a: Clefable|150\/394
|
|turn|22
|
|switch|p2a: Camerupt|Camerupt, F|343\/343
|move|p1a: Clefable|Flamethrower|p2a: Camerupt
|-resisted|p2a: Camerupt
|-damage|p2a: Camerupt|298\/343
|
|turn|23
|
|switch|p1a: Heatran|Heatran, F|249\/323
|-damage|p1a: Heatran|209\/323|[from] Stealth Rock
|detailschange|p2a: Camerupt|Camerupt-Mega, F
|message|Camerupt has Mega Evolved into Mega Camerupt!
|move|p2a: Camerupt|Hidden Power|p1a: Heatran
|-resisted|p1a: Heatran
|-damage|p1a: Heatran|190\/323
|
|turn|24
|
|switch|p2a: Hydreigon|Hydreigon, M|182\/326
|move|p1a: Heatran|Earth Power|p2a: Hydreigon
|-immune|p2a: Hydreigon|[msg]
|
|turn|25
|
|switch|p1a: Clefable|Clefable, M|150\/394
|move|p2a: Hydreigon|Dark Pulse|p1a: Clefable
|-resisted|p1a: Clefable
|-damage|p1a: Clefable|25\/394
|
|turn|26
|
|move|p2a: Hydreigon|Dark Pulse|p1a: Clefable
|-resisted|p1a: Clefable
|-damage|p1a: Clefable|0 fnt
|faint|p1a: Clefable
|
|
|switch|p1a: Heatran|Heatran, F|190\/323
|-damage|p1a: Heatran|150\/323|[from] Stealth Rock
|turn|27
|
|move|p2a: Hydreigon|Dark Pulse|p1a: Heatran
|-damage|p1a: Heatran|0 fnt
|faint|p1a: Heatran
|
|
|switch|p1a: Latias|Latias, F|93\/302
|-damage|p1a: Latias|56\/302|[from] Stealth Rock
|turn|28
|
|move|p1a: Latias|Healing Wish|p1a: Latias
|faint|p1a: Latias
|move|p2a: Hydreigon|Dark Pulse|p1: Latias|[notarget]
|-notarget
|
|c|âbizarman|gg
|
|switch|p1a: Metagross|Metagross-Mega|73\/321
|-heal|p1a: Metagross|321\/321|[from] move: Healing Wish
|-damage|p1a: Metagross|301\/321|[from] Stealth Rock
|turn|29
|
|switch|p2a: Ferrothorn|Ferrothorn, F|352\/352
|move|p1a: Metagross|Meteor Mash|p2a: Ferrothorn
|-resisted|p2a: Ferrothorn
|-damage|p2a: Ferrothorn|266\/352
|-damage|p1a: Metagross|261\/321|[from] ability: Iron Barbs|[of] p2a: Ferrothorn
|
|-heal|p2a: Ferrothorn|288\/352|[from] item: Leftovers
|turn|30
|
|move|p1a: Metagross|Ice Punch|p2a: Ferrothorn
|-damage|p2a: Ferrothorn|203\/352
|-damage|p1a: Metagross|221\/321|[from] ability: Iron Barbs|[of] p2a: Ferrothorn
|move|p2a: Ferrothorn|Leech Seed|p1a: Metagross
|-start|p1a: Metagross|move: Leech Seed
|
|-heal|p2a: Ferrothorn|225\/352|[from] item: Leftovers
|-damage|p1a: Metagross|181\/321|[from] Leech Seed|[of] p2a: Ferrothorn
|-heal|p2a: Ferrothorn|265\/352|[silent]
|turn|31
|-message|bizarman forfeited.
|
|win|wuloquin
|raw|Ladder updating...
|leave|bizarman
|player|p1
|raw|bizarman's rating: 1232 &rarr; <strong>1200<\/strong><br \/>(-32 for losing)
|raw|wuloquin's rating: 1141 &rarr; <strong>1173<\/strong><br \/>(+32 for winning)