|join|bizarman
|join|WindDemon
|player|p1|bizarman|42
|player|p2|WindDemon|161
|gametype|singles
|gen|6
|tier|OU
|rated
|clearpoke
|poke|p1|Gyarados, F
|poke|p1|Latios, M
|poke|p1|Talonflame, M
|poke|p1|Landorus-Therian, M
|poke|p1|Clefable, M
|poke|p1|Ferrothorn, M
|poke|p2|Charizard, F
|poke|p2|Tyranitar, M
|poke|p2|Skarmory, F
|poke|p2|Greninja, M
|poke|p2|Chansey, F
|poke|p2|Excadrill, F
|rule|Swagger Clause: Swagger is banned
|rule|Baton Pass Clause: Limit one PokÃ©mon knowing Baton Pass
|rule|Sleep Clause Mod: Limit one foe put to sleep
|rule|Species Clause: Limit one of each PokÃ©mon
|rule|OHKO Clause: OHKO moves are banned
|rule|Moody Clause: Moody is banned
|rule|Evasion Moves Clause: Evasion moves are banned
|rule|Endless Battle Clause: Forcing endless battles is banned
|rule|HP Percentage Mod: HP is shown in percentages
|teampreview
|
|start
|switch|p1a: Landorus-Therian|Landorus-Therian, M|320\/320
|switch|p2a: Greninja|Greninja, M|285\/285
|-ability|p1a: Landorus-Therian|Intimidate|[of] p2a: Greninja
|-unboost|p2a: Greninja|atk|1
|turn|1
|
|move|p1a: Landorus-Therian|U-turn|p2a: Greninja
|-supereffective|p2a: Greninja
|-damage|p2a: Greninja|21\/285
|
|switch|p1a: Ferrothorn|Ferrothorn, M|352\/352
|move|p2a: Greninja|Ice Beam|p1a: Ferrothorn
|-start|p2a: Greninja|typechange|Ice|[from] Protean
|-damage|p1a: Ferrothorn|234\/352
|-damage|p2a: Greninja|0 fnt|[from] item: Life Orb
|faint|p2a: Greninja
|
|-heal|p1a: Ferrothorn|256\/352|[from] item: Leftovers
|
|switch|p2a: Charizard|Charizard, F|297\/297
|turn|2
|
|switch|p1a: Latios|Latios, M|302\/302
|detailschange|p2a: Charizard|Charizard-Mega-Y, F
|message|Charizard has Mega Evolved into Mega Charizard!
|-weather|SunnyDay
|move|p2a: Charizard|Fire Blast|p1a: Latios
|-resisted|p1a: Latios
|-damage|p1a: Latios|146\/302
|
|-weather|SunnyDay|[upkeep]
|turn|3
|
|switch|p2a: Tyranitar|Tyranitar, M|404\/404
|-weather|Sandstorm
|move|p1a: Latios|Draco Meteor|p2a: Tyranitar
|-damage|p2a: Tyranitar|278\/404
|-unboost|p1a: Latios|spa|2
|-damage|p1a: Latios|116\/302|[from] item: Life Orb
|
|-weather|Sandstorm|[upkeep]
|-damage|p1a: Latios|98\/302|[from] sandstorm
|turn|4
|
|move|p1a: Latios|Earthquake|p2a: Tyranitar
|-supereffective|p2a: Tyranitar
|-damage|p2a: Tyranitar|130\/404
|-damage|p1a: Latios|68\/302|[from] item: Life Orb
|move|p2a: Tyranitar|Pursuit|p1a: Latios
|-supereffective|p1a: Latios
|-damage|p1a: Latios|0 fnt
|faint|p1a: Latios
|
|-weather|Sandstorm|[upkeep]
|
|switch|p1a: Ferrothorn|Ferrothorn, M|256\/352
|turn|5
|
|move|p2a: Tyranitar|Fire Blast|p1a: Ferrothorn
|-supereffective|p1a: Ferrothorn
|-damage|p1a: Ferrothorn|36\/352
|move|p1a: Ferrothorn|Stealth Rock|p2a: Tyranitar
|-sidestart|p2: WindDemon|move: Stealth Rock
|
|-weather|Sandstorm|[upkeep]
|-heal|p1a: Ferrothorn|58\/352|[from] item: Leftovers
|turn|6
|
|move|p1a: Ferrothorn|Protect|p1a: Ferrothorn
|-singleturn|p1a: Ferrothorn|Protect
|move|p2a: Tyranitar|Fire Blast|p1a: Ferrothorn
|-activate|p1a: Ferrothorn|Protect
|
|-weather|Sandstorm|[upkeep]
|-heal|p1a: Ferrothorn|80\/352|[from] item: Leftovers
|turn|7
|
|switch|p1a: Landorus-Therian|Landorus-Therian, M|320\/320
|-ability|p1a: Landorus-Therian|Intimidate|[of] p2a: Tyranitar
|-unboost|p2a: Tyranitar|atk|1
|move|p2a: Tyranitar|Fire Blast|p1a: Landorus-Therian
|-crit|p1a: Landorus-Therian
|-damage|p1a: Landorus-Therian|181\/320
|
|-weather|none
|turn|8
|
|move|p1a: Landorus-Therian|U-turn|p2a: Tyranitar
|-supereffective|p2a: Tyranitar
|-damage|p2a: Tyranitar|0 fnt
|faint|p2a: Tyranitar
|
|switch|p1a: Talonflame|Talonflame, M|317\/317
|
|
|switch|p2a: Skarmory|Skarmory, F|334\/334
|-damage|p2a: Skarmory|293\/334|[from] Stealth Rock
|turn|9
|
|move|p1a: Talonflame|Swords Dance|p1a: Talonflame
|-boost|p1a: Talonflame|atk|2
|move|p2a: Skarmory|Tailwind|p2a: Skarmory
|-sidestart|p2: WindDemon|move: Tailwind
|
|turn|10
|
|move|p1a: Talonflame|Flare Blitz|p2a: Skarmory
|-supereffective|p2a: Skarmory
|-damage|p2a: Skarmory|0 fnt
|-damage|p1a: Talonflame|265\/317|[from] item: Rocky Helmet|[of] p2a: Skarmory
|-damage|p1a: Talonflame|168\/317|[from] recoil|[of] p2a: Skarmory
|faint|p2a: Skarmory
|
|
|switch|p2a: Excadrill|Excadrill, F|362\/362
|-damage|p2a: Excadrill|351\/362|[from] Stealth Rock
|turn|11
|
|switch|p1a: Landorus-Therian|Landorus-Therian, M|181\/320
|-ability|p1a: Landorus-Therian|Intimidate|[of] p2a: Excadrill
|-unboost|p2a: Excadrill|atk|1
|move|p2a: Excadrill|Rock Slide|p1a: Landorus-Therian
|-damage|p1a: Landorus-Therian|78\/320
|-damage|p2a: Excadrill|315\/362|[from] item: Life Orb
|
|turn|12
|
|move|p2a: Excadrill|Rock Slide|p1a: Landorus-Therian
|-damage|p1a: Landorus-Therian|0 fnt
|-damage|p2a: Excadrill|279\/362|[from] item: Life Orb
|faint|p1a: Landorus-Therian
|
|-sideend|p2: WindDemon|move: Tailwind
|
|switch|p1a: Talonflame|Talonflame, M|168\/317
|turn|13
|
|move|p1a: Talonflame|Flare Blitz|p2a: Excadrill
|-supereffective|p2a: Excadrill
|-damage|p2a: Excadrill|0 fnt
|-damage|p1a: Talonflame|76\/317|[from] recoil|[of] p2a: Excadrill
|faint|p2a: Excadrill
|
|
|switch|p2a: Chansey|Chansey, F|642\/642
|-damage|p2a: Chansey|562\/642|[from] Stealth Rock
|turn|14
|
|move|p1a: Talonflame|Roost|p1a: Talonflame
|-heal|p1a: Talonflame|235\/317
|move|p2a: Chansey|Seismic Toss|p1a: Talonflame
|-damage|p1a: Talonflame|135\/317
|
|turn|15
|
|move|p1a: Talonflame|Roost|p1a: Talonflame
|-heal|p1a: Talonflame|294\/317
|move|p2a: Chansey|Seismic Toss|p1a: Talonflame
|-damage|p1a: Talonflame|194\/317
|
|turn|16
|
|move|p1a: Talonflame|Swords Dance|p1a: Talonflame
|-boost|p1a: Talonflame|atk|2
|move|p2a: Chansey|Stealth Rock|p1a: Talonflame
|-sidestart|p1: bizarman|move: Stealth Rock
|
|turn|17
|
|move|p1a: Talonflame|Roost|p1a: Talonflame
|-heal|p1a: Talonflame|317\/317
|move|p2a: Chansey|Seismic Toss|p1a: Talonflame
|-damage|p1a: Talonflame|217\/317
|
|turn|18
|
|move|p1a: Talonflame|Swords Dance|p1a: Talonflame
|-boost|p1a: Talonflame|atk|2
|move|p2a: Chansey|Seismic Toss|p1a: Talonflame
|-damage|p1a: Talonflame|117\/317
|
|turn|19
|
|move|p1a: Talonflame|Roost|p1a: Talonflame
|-heal|p1a: Talonflame|276\/317
|move|p2a: Chansey|Seismic Toss|p1a: Talonflame
|-damage|p1a: Talonflame|176\/317
|
|turn|20
|
|move|p1a: Talonflame|Roost|p1a: Talonflame
|-heal|p1a: Talonflame|317\/317
|move|p2a: Chansey|Seismic Toss|p1a: Talonflame
|-damage|p1a: Talonflame|217\/317
|
|turn|21
|
|move|p1a: Talonflame|Swords Dance|p1a: Talonflame
|-boost|p1a: Talonflame|atk|2
|move|p2a: Chansey|Seismic Toss|p1a: Talonflame
|-damage|p1a: Talonflame|117\/317
|
|turn|22
|
|move|p1a: Talonflame|Roost|p1a: Talonflame
|-heal|p1a: Talonflame|276\/317
|move|p2a: Chansey|Seismic Toss|p1a: Talonflame
|-damage|p1a: Talonflame|176\/317
|
|turn|23
|
|move|p1a: Talonflame|Roost|p1a: Talonflame
|-heal|p1a: Talonflame|317\/317
|move|p2a: Chansey|Seismic Toss|p1a: Talonflame
|-damage|p1a: Talonflame|217\/317
|
|turn|24
|
|move|p1a: Talonflame|Brave Bird|p2a: Chansey
|-damage|p2a: Chansey|0 fnt
|-damage|p1a: Talonflame|32\/317|[from] recoil|[of] p2a: Chansey
|faint|p2a: Chansey
|
|join|DeviousPredator
|
|switch|p2a: Charizard|Charizard-Mega-Y, F|297\/297
|-damage|p2a: Charizard|149\/297|[from] Stealth Rock
|-weather|SunnyDay
|turn|25
|
|move|p1a: Talonflame|Brave Bird|p2a: Charizard
|-damage|p2a: Charizard|0 fnt
|-damage|p1a: Talonflame|0 fnt|[from] recoil|[of] p2a: Charizard
|faint|p2a: Charizard
|faint|p1a: Talonflame
|
|win|bizarman
|raw|Ladder updating...
|c|âbizarman|gg
|c| DeviousPredator|git rekt
|raw|bizarman's rating: 1413 &rarr; <strong>1432<\/strong><br \/>(+19 for winning)
|raw|WindDemon's rating: 1396 &rarr; <strong>1377<\/strong><br \/>(-19 for losing)
|leave|bizarman
|player|p1
|leave|DeviousPredator
|join|DeviousPredator
|leave|DeviousPredator