|join|bizarman
|join|gamerno1
|player|p1|bizarman|42
|player|p2|gamerno1|101
|gametype|singles
|gen|6
|tier|OU
|rated
|clearpoke
|poke|p1|Gardevoir, F
|poke|p1|Dragonite, M
|poke|p1|Keldeo
|poke|p1|Latias, F
|poke|p1|Heatran, M
|poke|p1|Rotom-Wash
|poke|p2|Bisharp, M
|poke|p2|Pinsir, M
|poke|p2|Gyarados, F
|poke|p2|Mamoswine, F
|poke|p2|Mew
|poke|p2|Uxie
|rule|Swagger Clause: Swagger is banned
|rule|Baton Pass Clause: Limit one PokÃ©mon knowing Baton Pass
|rule|Sleep Clause Mod: Limit one foe put to sleep
|rule|Species Clause: Limit one of each PokÃ©mon
|rule|OHKO Clause: OHKO moves are banned
|rule|Moody Clause: Moody is banned
|rule|Evasion Moves Clause: Evasion moves are banned
|rule|Endless Battle Clause: Forcing endless battles is banned
|rule|HP Percentage Mod: HP is shown in percentages
|teampreview
|
|start
|switch|p1a: Gardevoir|Gardevoir, F|277\/277
|switch|p2a: Mew|Mew|404\/404
|-ability|p1a: Gardevoir|Synchronize|[from] ability: Trace|[of] p2a: Mew
|turn|1
|
|detailschange|p1a: Gardevoir|Gardevoir-Mega, F
|message|Gardevoir has Mega Evolved into Mega Gardevoir!
|move|p2a: Mew|Light Screen|p2a: Mew
|-sidestart|p2: gamerno1|move: Light Screen
|move|p1a: Gardevoir|Taunt|p2a: Mew
|-start|p2a: Mew|move: Taunt
|
|turn|2
|
|switch|p1a: Keldeo|Keldeo|322\/322
|switch|p2a: Bisharp|Bisharp, M|272\/272
|
|turn|3
|
|switch|p2a: Gyarados|Gyarados, F|353\/353
|move|p1a: Keldeo|Secret Sword|p2a: Gyarados
|-resisted|p2a: Gyarados
|-damage|p2a: Gyarados|284\/353
|
|-heal|p2a: Gyarados|306\/353|[from] item: Leftovers
|turn|4
|
|switch|p1a: Rotom-Wash|Rotom-Wash|304\/304
|move|p2a: Gyarados|Dragon Dance|p2a: Gyarados
|-boost|p2a: Gyarados|atk|1
|-boost|p2a: Gyarados|spe|1
|
|-heal|p2a: Gyarados|328\/353|[from] item: Leftovers
|turn|5
|
|move|p2a: Gyarados|Substitute|p2a: Gyarados
|-start|p2a: Gyarados|Substitute
|-damage|p2a: Gyarados|240\/353
|move|p1a: Rotom-Wash|Will-O-Wisp|p2a: Gyarados
|
|-heal|p2a: Gyarados|262\/353|[from] item: Leftovers
|turn|6
|
|move|p2a: Gyarados|Dragon Dance|p2a: Gyarados
|-boost|p2a: Gyarados|atk|1
|-boost|p2a: Gyarados|spe|1
|move|p1a: Rotom-Wash|Volt Switch|p2a: Gyarados
|-supereffective|p2a: Gyarados
|-end|p2a: Gyarados|Substitute
|
|switch|p1a: Keldeo|Keldeo|322\/322
|
|-heal|p2a: Gyarados|284\/353|[from] item: Leftovers
|turn|7
|
|move|p2a: Gyarados|Bounce|p1a: Keldeo|[still]
|-prepare|p2a: Gyarados|Bounce|p1a: Keldeo
|move|p1a: Keldeo|Scald|p2a: Gyarados|[miss]
|-miss|p1a: Keldeo|p2a: Gyarados
|
|-heal|p2a: Gyarados|306\/353|[from] item: Leftovers
|turn|8
|
|switch|p1a: Heatran|Heatran, M|323\/323
|move|p2a: Gyarados|Bounce|p1a: Heatran
|-resisted|p1a: Heatran
|-damage|p1a: Heatran|176\/323
|-status|p1a: Heatran|par
|
|-heal|p2a: Gyarados|328\/353|[from] item: Leftovers
|-sideend|p2: gamerno1|move: Light Screen
|turn|9
|
|switch|p1a: Rotom-Wash|Rotom-Wash|304\/304
|move|p2a: Gyarados|Waterfall|p1a: Rotom-Wash
|-crit|p1a: Rotom-Wash
|-resisted|p1a: Rotom-Wash
|-damage|p1a: Rotom-Wash|122\/304
|
|-heal|p2a: Gyarados|350\/353|[from] item: Leftovers
|-heal|p1a: Rotom-Wash|141\/304|[from] item: Leftovers
|turn|10
|
|move|p2a: Gyarados|Substitute|p2a: Gyarados
|-start|p2a: Gyarados|Substitute
|-damage|p2a: Gyarados|262\/353
|move|p1a: Rotom-Wash|Volt Switch|p2a: Gyarados
|-supereffective|p2a: Gyarados
|-end|p2a: Gyarados|Substitute
|
|switch|p1a: Dragonite|Dragonite, M|324\/324
|
|-heal|p2a: Gyarados|284\/353|[from] item: Leftovers
|turn|11
|
|move|p2a: Gyarados|Waterfall|p1a: Dragonite
|-resisted|p1a: Dragonite
|-damage|p1a: Dragonite|251\/324
|move|p1a: Dragonite|Outrage|p2a: Gyarados
|-damage|p2a: Gyarados|0 fnt
|faint|p2a: Gyarados
|
|
|switch|p2a: Bisharp|Bisharp, M|272\/272
|turn|12
|
|move|p1a: Dragonite|Outrage|p2a: Bisharp
|-resisted|p2a: Bisharp
|-damage|p2a: Bisharp|146\/272
|move|p2a: Bisharp|Swords Dance|p2a: Bisharp
|-boost|p2a: Bisharp|atk|2
|
|turn|13
|
|move|p1a: Dragonite|Outrage|p2a: Bisharp
|-resisted|p2a: Bisharp
|-damage|p2a: Bisharp|29\/272
|move|p2a: Bisharp|Swords Dance|p2a: Bisharp
|-boost|p2a: Bisharp|atk|2
|
|-end|p1a: Dragonite|rampage
|-start|p1a: Dragonite|confusion
|-enditem|p1a: Dragonite|Lum Berry|[eat]
|-end|p1a: Dragonite|confusion
|turn|14
|
|move|p1a: Dragonite|Extreme Speed|p2a: Bisharp
|-resisted|p2a: Bisharp
|-damage|p2a: Bisharp|0 fnt
|faint|p2a: Bisharp
|
|
|switch|p2a: Uxie|Uxie|354\/354
|turn|15
|
|switch|p1a: Rotom-Wash|Rotom-Wash|141\/304
|move|p2a: Uxie|Reflect|p2a: Uxie
|-sidestart|p2: gamerno1|Reflect
|
|-heal|p1a: Rotom-Wash|160\/304|[from] item: Leftovers
|turn|16
|
|move|p2a: Uxie|Light Screen|p2a: Uxie
|-sidestart|p2: gamerno1|move: Light Screen
|move|p1a: Rotom-Wash|Pain Split|p2a: Uxie
|-sethp|p2a: Uxie|257\/354|p1a: Rotom-Wash|257\/304|[from] move: Pain Split
|
|-heal|p1a: Rotom-Wash|276\/304|[from] item: Leftovers
|turn|17
|
|move|p2a: Uxie|Psychic|p1a: Rotom-Wash
|-damage|p1a: Rotom-Wash|218\/304
|move|p1a: Rotom-Wash|Volt Switch|p2a: Uxie
|-damage|p2a: Uxie|223\/354
|
|switch|p1a: Latias|Latias, F|302\/302
|
|turn|18
|
|move|p1a: Latias|Defog|p2a: Uxie
|-unboost|p2a: Uxie|evasion|1
|-sideend|p2: gamerno1|Reflect
|-sideend|p2: gamerno1|Reflect|[from] move: Defog|[of] p2a: Uxie
|-sideend|p2: gamerno1|move: Light Screen
|-sideend|p2: gamerno1|Light Screen|[from] move: Defog|[of] p2a: Uxie
|move|p2a: Uxie|Memento|p1a: Latias
|-unboost|p1a: Latias|atk|2
|-unboost|p1a: Latias|spa|2
|faint|p2a: Uxie
|
|
|switch|p2a: Pinsir|Pinsir, M|271\/271
|turn|19
|
|detailschange|p2a: Pinsir|Pinsir-Mega, M
|message|Pinsir has Mega Evolved into Mega Pinsir!
|move|p1a: Latias|Healing Wish|p1a: Latias
|faint|p1a: Latias
|move|p2a: Pinsir|Swords Dance|p2a: Pinsir
|-boost|p2a: Pinsir|atk|2
|
|
|switch|p1a: Heatran|Heatran, M|176\/323 par
|-heal|p1a: Heatran|323\/323|[from] move: Healing Wish
|turn|20
|
|move|p1a: Heatran|Overheat|p2a: Pinsir
|-supereffective|p2a: Pinsir
|-damage|p2a: Pinsir|0 fnt
|-unboost|p1a: Heatran|spa|2
|faint|p2a: Pinsir
|
|
|switch|p2a: Mamoswine|Mamoswine, F|361\/361
|turn|21
|
|switch|p1a: Rotom-Wash|Rotom-Wash|218\/304
|move|p2a: Mamoswine|Freeze-Dry|p1a: Rotom-Wash
|-supereffective|p1a: Rotom-Wash
|-damage|p1a: Rotom-Wash|109\/304
|-damage|p2a: Mamoswine|325\/361|[from] item: Life Orb
|
|-heal|p1a: Rotom-Wash|128\/304|[from] item: Leftovers
|turn|22
|
|move|p2a: Mamoswine|Freeze-Dry|p1a: Rotom-Wash
|-supereffective|p1a: Rotom-Wash
|-damage|p1a: Rotom-Wash|16\/304
|-damage|p2a: Mamoswine|289\/361|[from] item: Life Orb
|move|p1a: Rotom-Wash|Hydro Pump|p2a: Mamoswine
|-supereffective|p2a: Mamoswine
|-damage|p2a: Mamoswine|0 fnt
|faint|p2a: Mamoswine
|
|-heal|p1a: Rotom-Wash|35\/304|[from] item: Leftovers
|-message|gamerno1 forfeited.
|
|win|bizarman
|raw|Ladder updating...
|leave|gamerno1
|player|p2
|raw|bizarman's rating: 1603 &rarr; <strong>1621<\/strong><br \/>(+18 for winning)
|raw|gamerno1's rating: 1565 &rarr; <strong>1547<\/strong><br \/>(-18 for losing)