|join|siva and seev
|join|bizarman
|player|p1|siva and seev|163
|player|p2|bizarman|42
|gametype|singles
|gen|6
|tier|OU
|rated
|clearpoke
|poke|p1|Venusaur, F
|poke|p1|Kyurem-Black
|poke|p1|Conkeldurr, M
|poke|p1|Chansey, F
|poke|p1|Rotom-Wash
|poke|p1|Gengar, M
|poke|p2|Latias, F
|poke|p2|Landorus-Therian, M
|poke|p2|Keldeo
|poke|p2|Medicham, F
|poke|p2|Heatran, F
|poke|p2|Clefable, M
|rule|Swagger Clause: Swagger is banned
|rule|Baton Pass Clause: Limit one PokÃ©mon knowing Baton Pass
|rule|Sleep Clause Mod: Limit one foe put to sleep
|rule|Species Clause: Limit one of each PokÃ©mon
|rule|OHKO Clause: OHKO moves are banned
|rule|Moody Clause: Moody is banned
|rule|Evasion Moves Clause: Evasion moves are banned
|rule|Endless Battle Clause: Forcing endless battles is banned
|rule|HP Percentage Mod: HP is shown in percentages
|teampreview
|
|start
|switch|p1a: Kyurem-Black|Kyurem-Black|391\/391
|switch|p2a: Clefable|Clefable, M|394\/394
|-ability|p1a: Kyurem-Black|Teravolt
|turn|1
|
|switch|p1a: Chansey|Chansey, F|641\/641
|switch|p2a: Heatran|Heatran, F|323\/323
|
|turn|2
|
|switch|p2a: Medicham|Medicham, F|261\/261
|move|p1a: Chansey|Seismic Toss|p2a: Medicham
|-damage|p2a: Medicham|161\/261
|
|turn|3
|
|switch|p1a: Rotom-Wash|Rotom-Wash|304\/304
|detailschange|p2a: Medicham|Medicham-Mega, F
|message|Medicham has Mega Evolved into Mega Medicham!
|move|p2a: Medicham|Substitute|p2a: Medicham
|-start|p2a: Medicham|Substitute
|-damage|p2a: Medicham|96\/261
|
|turn|4
|
|move|p2a: Medicham|Drain Punch|p1a: Rotom-Wash
|-damage|p1a: Rotom-Wash|144\/304
|-heal|p2a: Medicham|176\/261|[from] drain|[of] p1a: Rotom-Wash
|move|p1a: Rotom-Wash|Volt Switch|p2a: Medicham
|-end|p2a: Medicham|Substitute
|
|switch|p1a: Gengar|Gengar, M|262\/262
|
|turn|5
|
|switch|p2a: Heatran|Heatran, F|323\/323
|move|p1a: Gengar|Shadow Ball|p2a: Heatran
|-damage|p2a: Heatran|178\/323
|
|turn|6
|
|move|p2a: Heatran|Overheat|p1a: Gengar
|-damage|p1a: Gengar|0 fnt
|-unboost|p2a: Heatran|spa|2
|faint|p1a: Gengar
|
|c|âsiva and seev|ur kidding
|
|switch|p1a: Conkeldurr|Conkeldurr, M|413\/413
|turn|7
|
|switch|p2a: Clefable|Clefable, M|394\/394
|move|p1a: Conkeldurr|Knock Off|p2a: Clefable
|-resisted|p2a: Clefable
|-damage|p2a: Clefable|334\/394
|-enditem|p2a: Clefable|Leftovers|[from] move: Knock Off|[of] p1a: Conkeldurr
|
|turn|8
|
|switch|p2a: Medicham|Medicham-Mega, F|176\/261
|switch|p1a: Venusaur|Venusaur, F|364\/364
|
|turn|9
|
|detailschange|p1a: Venusaur|Venusaur-Mega, F
|message|Venusaur has Mega Evolved into Mega Venusaur!
|move|p2a: Medicham|Zen Headbutt|p1a: Venusaur|[miss]
|-miss|p2a: Medicham|p1a: Venusaur
|move|p1a: Venusaur|Sludge Bomb|p2a: Medicham
|-damage|p2a: Medicham|8\/261
|-status|p2a: Medicham|psn
|
|-damage|p2a: Medicham|0 fnt|[from] psn
|faint|p2a: Medicham
|
|switch|p2a: Latias|Latias, F|302\/302
|turn|10
|
|switch|p1a: Chansey|Chansey, F|641\/641
|move|p2a: Latias|Psyshock|p1a: Chansey
|-damage|p1a: Chansey|441\/641
|-damage|p2a: Latias|272\/302|[from] item: Life Orb
|
|turn|11
|
|switch|p2a: Landorus-Therian|Landorus-Therian, M|333\/333
|-ability|p2a: Landorus-Therian|Intimidate|[of] p1a: Chansey
|-unboost|p1a: Chansey|atk|1
|move|p1a: Chansey|Soft-Boiled|p1a: Chansey
|-heal|p1a: Chansey|641\/641
|
|turn|12
|
|switch|p1a: Rotom-Wash|Rotom-Wash|144\/304
|move|p2a: Landorus-Therian|Swords Dance|p2a: Landorus-Therian
|-boost|p2a: Landorus-Therian|atk|2
|
|-heal|p1a: Rotom-Wash|163\/304|[from] item: Leftovers
|turn|13
|
|move|p2a: Landorus-Therian|Stone Edge|p1a: Rotom-Wash
|-damage|p1a: Rotom-Wash|0 fnt
|faint|p1a: Rotom-Wash
|
|
|switch|p1a: Kyurem-Black|Kyurem-Black|391\/391
|-ability|p1a: Kyurem-Black|Teravolt
|turn|14
|
|switch|p2a: Heatran|Heatran, F|178\/323
|move|p1a: Kyurem-Black|Ice Beam|p2a: Heatran
|-resisted|p2a: Heatran
|-damage|p2a: Heatran|147\/323
|
|turn|15
|
|switch|p1a: Chansey|Chansey, F|641\/641
|move|p2a: Heatran|Flash Cannon|p1a: Chansey
|-damage|p1a: Chansey|569\/641
|-unboost|p1a: Chansey|spd|1
|
|turn|16
|
|switch|p2a: Landorus-Therian|Landorus-Therian, M|333\/333
|-ability|p2a: Landorus-Therian|Intimidate|[of] p1a: Chansey
|-unboost|p1a: Chansey|atk|1
|move|p1a: Chansey|Seismic Toss|p2a: Landorus-Therian
|-damage|p2a: Landorus-Therian|233\/333
|
|-heal|p2a: Landorus-Therian|253\/333|[from] item: Leftovers
|turn|17
|
|move|p2a: Landorus-Therian|Rock Polish|p2a: Landorus-Therian
|-boost|p2a: Landorus-Therian|spe|2
|move|p1a: Chansey|Toxic|p2a: Landorus-Therian
|-status|p2a: Landorus-Therian|tox
|
|-heal|p2a: Landorus-Therian|273\/333 tox|[from] item: Leftovers
|-damage|p2a: Landorus-Therian|253\/333 tox|[from] psn
|turn|18
|
|switch|p1a: Conkeldurr|Conkeldurr, M|413\/413
|move|p2a: Landorus-Therian|Swords Dance|p2a: Landorus-Therian
|-boost|p2a: Landorus-Therian|atk|2
|
|-heal|p2a: Landorus-Therian|273\/333 tox|[from] item: Leftovers
|-damage|p2a: Landorus-Therian|233\/333 tox|[from] psn
|turn|19
|
|move|p2a: Landorus-Therian|Earthquake|p1a: Conkeldurr
|-damage|p1a: Conkeldurr|0 fnt
|faint|p1a: Conkeldurr
|
|-heal|p2a: Landorus-Therian|253\/333 tox|[from] item: Leftovers
|-damage|p2a: Landorus-Therian|193\/333 tox|[from] psn
|
|switch|p1a: Kyurem-Black|Kyurem-Black|391\/391
|-ability|p1a: Kyurem-Black|Teravolt
|turn|20
|
|move|p2a: Landorus-Therian|Earthquake|p1a: Kyurem-Black
|-damage|p1a: Kyurem-Black|0 fnt
|faint|p1a: Kyurem-Black
|
|-heal|p2a: Landorus-Therian|213\/333 tox|[from] item: Leftovers
|-damage|p2a: Landorus-Therian|133\/333 tox|[from] psn
|-message|siva and seev forfeited.
|
|win|bizarman
|raw|Ladder updating...
|leave|siva and seev
|player|p1
|raw|siva and seev's rating: 1435 &rarr; <strong>1416<\/strong><br \/>(-19 for losing)
|raw|bizarman's rating: 1441 &rarr; <strong>1460<\/strong><br \/>(+19 for winning)