|join|g00gle 1t
|join|bizarman
|player|p1|g00gle 1t|209
|player|p2|bizarman|42
|gametype|singles
|gen|6
|tier|OU
|clearpoke
|poke|p1|Glalie, M
|poke|p1|Golem, M
|poke|p1|Snorlax, F
|poke|p1|Azelf
|poke|p1|Gourgeist-*, M
|poke|p1|Forretress, F
|poke|p2|Metagross
|poke|p2|Latios, M
|poke|p2|Keldeo
|poke|p2|Clefable, F
|poke|p2|Heatran, F
|poke|p2|Talonflame, F
|rule|Swagger Clause: Swagger is banned
|rule|Baton Pass Clause: Limit one PokÃ©mon knowing Baton Pass
|rule|Sleep Clause Mod: Limit one foe put to sleep
|rule|Species Clause: Limit one of each PokÃ©mon
|rule|OHKO Clause: OHKO moves are banned
|rule|Moody Clause: Moody is banned
|rule|Evasion Moves Clause: Evasion moves are banned
|rule|Endless Battle Clause: Forcing endless battles is banned
|rule|HP Percentage Mod: HP is shown in percentages
|teampreview
|c|âg00gle 1t|gl
|
|start
|switch|p1a: Azelf|Azelf|291\/291
|switch|p2a: Heatran|Heatran, F|323\/323
|-item|p2a: Heatran|Air Balloon
|turn|1
|c|âbizarman|glhf
|
|move|p1a: Azelf|Stealth Rock|p2a: Heatran
|-sidestart|p2: bizarman|move: Stealth Rock
|move|p2a: Heatran|Fire Blast|p1a: Azelf
|-damage|p1a: Azelf|32\/291
|
|turn|2
|
|move|p1a: Azelf|Explosion|p2a: Heatran
|-resisted|p2a: Heatran
|-damage|p2a: Heatran|190\/323
|-enditem|p2a: Heatran|Air Balloon
|faint|p1a: Azelf
|move|p2a: Heatran|Stealth Rock|p1: Azelf
|-sidestart|p1: g00gle 1t|move: Stealth Rock
|
|
|switch|p1a: Glalie|Glalie, M|301\/301
|-damage|p1a: Glalie|226\/301|[from] Stealth Rock
|turn|3
|
|detailschange|p1a: Glalie|Glalie-Mega, M
|message|Glalie has Mega Evolved into Mega Glalie!
|move|p1a: Glalie|Earthquake|p2a: Heatran
|-supereffective|p2a: Heatran
|-damage|p2a: Heatran|0 fnt
|faint|p2a: Heatran
|
|
|switch|p2a: Keldeo|Keldeo|323\/323
|-damage|p2a: Keldeo|303\/323|[from] Stealth Rock
|turn|4
|
|switch|p1a: Forretress|Forretress, F|354\/354
|-damage|p1a: Forretress|310\/354|[from] Stealth Rock
|move|p2a: Keldeo|Secret Sword|p1a: Forretress
|-damage|p1a: Forretress|205\/354
|
|-heal|p1a: Forretress|227\/354|[from] item: Leftovers
|turn|5
|
|switch|p2a: Latios|Latios, M|301\/301
|-damage|p2a: Latios|264\/301|[from] Stealth Rock
|move|p1a: Forretress|Rapid Spin|p2a: Latios
|-damage|p2a: Latios|236\/301
|-sideend|p1: g00gle 1t|Stealth Rock|[from] move: Rapid Spin|[of] p1a: Forretress
|
|-heal|p1a: Forretress|249\/354|[from] item: Leftovers
|turn|6
|
|move|p2a: Latios|Defog|p1a: Forretress
|-unboost|p1a: Forretress|evasion|1
|-sideend|p2: bizarman|Stealth Rock|[from] move: Defog|[of] p2a: Latios
|move|p1a: Forretress|Gyro Ball|p2a: Latios
|-damage|p2a: Latios|4\/301
|
|-heal|p1a: Forretress|271\/354|[from] item: Leftovers
|turn|7
|
|switch|p2a: Keldeo|Keldeo|303\/323
|move|p1a: Forretress|Volt Switch|p2a: Keldeo
|-supereffective|p2a: Keldeo
|-damage|p2a: Keldeo|225\/323
|
|switch|p1a: Gourgeist-Super|Gourgeist-Super, M|374\/374
|-item|p2a: Keldeo|Choice Scarf|[from] ability: Frisk|[of] p1a: Gourgeist-Super|[identify]
|
|turn|8
|
|switch|p2a: Talonflame|Talonflame, F|317\/317
|move|p1a: Gourgeist-Super|Will-O-Wisp|p2a: Talonflame
|-fail|p2a: Talonflame
|
|turn|9
|
|switch|p2a: Clefable|Clefable, F|394\/394
|move|p1a: Gourgeist-Super|Protect|p1a: Gourgeist-Super
|-fail|p1a: Gourgeist-Super
|
|turn|10
|
|move|p1a: Gourgeist-Super|Shadow Sneak|p2a: Clefable
|-damage|p2a: Clefable|334\/394
|move|p2a: Clefable|Wish|p2a: Clefable
|
|-heal|p2a: Clefable|358\/394|[from] item: Leftovers
|turn|11
|
|move|p1a: Gourgeist-Super|Shadow Sneak|p2a: Clefable
|-crit|p2a: Clefable
|-damage|p2a: Clefable|273\/394
|move|p2a: Clefable|Moonblast|p1a: Gourgeist-Super
|-damage|p1a: Gourgeist-Super|233\/374
|
|-heal|p2a: Clefable|394\/394|[from] move: Wish|[wisher] Clefable
|-heal|p1a: Gourgeist-Super|256\/374|[from] item: Leftovers
|turn|12
|
|move|p1a: Gourgeist-Super|Protect|p1a: Gourgeist-Super
|-singleturn|p1a: Gourgeist-Super|Protect
|move|p2a: Clefable|Wish|p2a: Clefable
|
|-heal|p1a: Gourgeist-Super|279\/374|[from] item: Leftovers
|turn|13
|
|move|p1a: Gourgeist-Super|Shadow Sneak|p2a: Clefable
|-damage|p2a: Clefable|339\/394
|move|p2a: Clefable|Moonblast|p1a: Gourgeist-Super
|-damage|p1a: Gourgeist-Super|146\/374
|
|-heal|p2a: Clefable|394\/394|[from] move: Wish|[wisher] Clefable
|-heal|p1a: Gourgeist-Super|169\/374|[from] item: Leftovers
|turn|14
|
|move|p1a: Gourgeist-Super|Shadow Sneak|p2a: Clefable
|-damage|p2a: Clefable|331\/394
|move|p2a: Clefable|Wish|p2a: Clefable
|
|-heal|p2a: Clefable|355\/394|[from] item: Leftovers
|-heal|p1a: Gourgeist-Super|192\/374|[from] item: Leftovers
|turn|15
|
|switch|p2a: Talonflame|Talonflame, F|317\/317
|move|p1a: Gourgeist-Super|Explosion|p2a: Talonflame
|-damage|p2a: Talonflame|0 fnt
|faint|p1a: Gourgeist-Super
|faint|p2a: Talonflame
|
|
|switch|p2a: Keldeo|Keldeo|225\/323
|switch|p1a: Golem|Golem, M|302\/302
|turn|16
|
|move|p2a: Keldeo|Scald|p1a: Golem
|-supereffective|p1a: Golem
|-activate|p1a: Golem|Sturdy
|-damage|p1a: Golem|1\/302
|-enditem|p1a: Golem|Weakness Policy
|-boost|p1a: Golem|atk|2|[from] item: Weakness Policy
|-boost|p1a: Golem|spa|2|[from] item: Weakness Policy
|move|p1a: Golem|Rock Polish|p1a: Golem
|-boost|p1a: Golem|spe|2
|
|turn|17
|c|âg00gle 1t|yay
|
|move|p2a: Keldeo|Scald|p1a: Golem
|-supereffective|p1a: Golem
|-damage|p1a: Golem|0 fnt
|faint|p1a: Golem
|
|c|âg00gle 1t|oh wait lol
|
|switch|p1a: Snorlax|Snorlax, F|524\/524
|turn|18
|c|âbizarman|scarf 108 is not outsped :p
|c|âg00gle 1t|I lol'd
|
|switch|p2a: Metagross|Metagross|301\/301
|move|p1a: Snorlax|Curse|p1a: Snorlax
|-boost|p1a: Snorlax|atk|1
|-boost|p1a: Snorlax|def|1
|-unboost|p1a: Snorlax|spe|1
|
|turn|19
|c|âg00gle 1t|didn't remember u were scarf until just then
|
|detailschange|p2a: Metagross|Metagross-Mega
|message|Metagross has Mega Evolved into Mega Metagross!
|move|p2a: Metagross|Meteor Mash|p1a: Snorlax
|-crit|p1a: Snorlax
|-damage|p1a: Snorlax|4\/524
|move|p1a: Snorlax|Crunch|p2a: Metagross
|-supereffective|p2a: Metagross
|-damage|p2a: Metagross|93\/301
|-unboost|p2a: Metagross|def|1
|
|-heal|p1a: Snorlax|36\/524|[from] item: Leftovers
|turn|20
|
|move|p2a: Metagross|Ice Punch|p1a: Snorlax
|-damage|p1a: Snorlax|0 fnt
|faint|p1a: Snorlax
|
|c|âg00gle 1t|oh yay
|
|switch|p1a: Forretress|Forretress, F|271\/354
|turn|21
|
|switch|p2a: Clefable|Clefable, F|355\/394
|move|p1a: Forretress|Gyro Ball|p2a: Clefable
|-crit|p2a: Clefable
|-supereffective|p2a: Clefable
|-damage|p2a: Clefable|163\/394
|
|-heal|p2a: Clefable|187\/394|[from] item: Leftovers
|-heal|p1a: Forretress|293\/354|[from] item: Leftovers
|turn|22
|
|move|p2a: Clefable|Protect|p2a: Clefable
|-singleturn|p2a: Clefable|Protect
|move|p1a: Forretress|Gyro Ball|p2a: Clefable
|-activate|p2a: Clefable|Protect
|
|-heal|p2a: Clefable|211\/394|[from] item: Leftovers
|-heal|p1a: Forretress|315\/354|[from] item: Leftovers
|turn|23
|c|âg00gle 1t|dead fortress guaranteed
|
|switch|p2a: Keldeo|Keldeo|225\/323
|move|p1a: Forretress|Explosion|p2a: Keldeo
|-damage|p2a: Keldeo|0 fnt
|faint|p1a: Forretress
|faint|p2a: Keldeo
|
|
|switch|p1a: Glalie|Glalie-Mega, M|226\/301
|switch|p2a: Metagross|Metagross-Mega|93\/301
|turn|24
|c|âg00gle 1t|I can do this
|
|move|p1a: Glalie|Earthquake|p2a: Metagross
|-supereffective|p2a: Metagross
|-damage|p2a: Metagross|0 fnt
|faint|p2a: Metagross
|
|c|âg00gle 1t|lets go
|
|switch|p2a: Latios|Latios, M|4\/301
|turn|25
|join|kijo
|
|move|p1a: Glalie|Ice Shard|p2a: Latios
|-supereffective|p2a: Latios
|-damage|p2a: Latios|0 fnt
|faint|p2a: Latios
|
|
|switch|p2a: Clefable|Clefable, F|211\/394
|turn|26
|c|âg00gle 1t|LETS GO
|
|move|p2a: Clefable|Protect|p2a: Clefable
|-singleturn|p2a: Clefable|Protect
|move|p1a: Glalie|Return|p2a: Clefable
|-activate|p2a: Clefable|Protect
|
|-heal|p2a: Clefable|235\/394|[from] item: Leftovers
|turn|27
|
|move|p1a: Glalie|Return|p2a: Clefable
|-damage|p2a: Clefable|34\/394
|move|p2a: Clefable|Moonblast|p1a: Glalie
|-damage|p1a: Glalie|87\/301
|
|-heal|p2a: Clefable|58\/394|[from] item: Leftovers
|turn|28
|c|âg00gle 1t|gg
|
|move|p2a: Clefable|Protect|p2a: Clefable
|-singleturn|p2a: Clefable|Protect
|move|p1a: Glalie|Return|p2a: Clefable
|-activate|p2a: Clefable|Protect
|
|-heal|p2a: Clefable|82\/394|[from] item: Leftovers
|turn|29
|c|âbizarman|gg
|
|move|p1a: Glalie|Return|p2a: Clefable
|-damage|p2a: Clefable|0 fnt
|faint|p2a: Clefable
|
|win|g00gle 1t
|leave|kijo
|leave|bizarman
|player|p2