|join|bizarman
|join|DisastrousFutility
|player|p1|bizarman|42
|player|p2|DisastrousFutility|149
|gametype|singles
|gen|6
|tier|OU
|rated
|clearpoke
|poke|p1|Altaria, M
|poke|p1|Scizor, M
|poke|p1|Heatran, M
|poke|p1|Terrakion
|poke|p1|Zapdos
|poke|p1|Keldeo
|poke|p2|Amoonguss, F
|poke|p2|Chansey, F
|poke|p2|Latios, M
|poke|p2|Heatran, M
|poke|p2|Keldeo
|poke|p2|Skarmory, M
|rule|Swagger Clause: Swagger is banned
|rule|Baton Pass Clause: Limit one PokÃ©mon knowing Baton Pass
|rule|Sleep Clause Mod: Limit one foe put to sleep
|rule|Species Clause: Limit one of each PokÃ©mon
|rule|OHKO Clause: OHKO moves are banned
|rule|Moody Clause: Moody is banned
|rule|Evasion Moves Clause: Evasion moves are banned
|rule|Endless Battle Clause: Forcing endless battles is banned
|rule|HP Percentage Mod: HP is shown in percentages
|teampreview
|
|start
|switch|p1a: Nanami|Terrakion|323\/323
|switch|p2a: Grasloch|Amoonguss, F|432\/432
|turn|1
|
|switch|p1a: Akio Ohtori|Heatran, M|386\/386
|move|p2a: Grasloch|Spore|p1a: Akio Ohtori
|-status|p1a: Akio Ohtori|slp
|
|turn|2
|
|switch|p1a: Touga|Scizor, M|344\/344
|switch|p2a: MLP|Keldeo|323\/323
|
|turn|3
|join|Shavon
|c| Shavon|DisastrousFutility i love your team.
|c|âDisastrousFutility|oh
|c|âDisastrousFutility|thanks
|
|switch|p1a: Utena Tenjou|Keldeo|323\/323
|move|p2a: MLP|Scald|p1a: Utena Tenjou
|-resisted|p1a: Utena Tenjou
|-damage|p1a: Utena Tenjou|251\/323
|-status|p1a: Utena Tenjou|brn
|
|-damage|p1a: Utena Tenjou|211\/323 brn|[from] brn
|turn|4
|
|switch|p1a: Miki Kaoru|Zapdos|384\/384
|-ability|p1a: Miki Kaoru|Pressure
|switch|p2a: Grasloch|Amoonguss, F|432\/432
|
|turn|5
|
|switch|p2a: Bundeskanzlerin|Chansey, F|642\/642
|move|p1a: Miki Kaoru|Heat Wave|p2a: Bundeskanzlerin
|-damage|p2a: Bundeskanzlerin|596\/642
|
|turn|6
|
|switch|p1a: Nanami|Terrakion|323\/323
|move|p2a: Bundeskanzlerin|Thunder Wave|p1a: Nanami
|-status|p1a: Nanami|par
|
|turn|7
|
|switch|p2a: Vanguard|Skarmory, M|334\/334
|cant|p1a: Nanami|par
|
|turn|8
|
|move|p2a: Vanguard|Spikes|p1a: Nanami
|-sidestart|p1: bizarman|Spikes
|move|p1a: Nanami|Taunt|p2a: Vanguard
|-start|p2a: Vanguard|move: Taunt
|
|turn|9
|
|move|p2a: Vanguard|Brave Bird|p1a: Nanami
|-damage|p1a: Nanami|191\/323 par
|-damage|p2a: Vanguard|290\/334|[from] recoil|[of] p1a: Nanami
|move|p1a: Nanami|Stealth Rock|p2a: Vanguard
|-sidestart|p2: DisastrousFutility|move: Stealth Rock
|
|turn|10
|
|switch|p2a: Zenith|Latios, M|301\/301
|-damage|p2a: Zenith|264\/301|[from] Stealth Rock
|switch|p1a: Miki Kaoru|Zapdos|384\/384
|-ability|p1a: Miki Kaoru|Pressure
|
|turn|11
|
|switch|p1a: Touga|Scizor, M|344\/344
|-damage|p1a: Touga|301\/344|[from] Spikes
|detailschange|p2a: Zenith|Latios-Mega, M
|message|Latios has Mega Evolved into Mega Latios!
|move|p2a: Zenith|Draco Meteor|p1a: Touga
|-resisted|p1a: Touga
|-damage|p1a: Touga|155\/344
|-unboost|p2a: Zenith|spa|2
|
|turn|12
|
|move|p1a: Touga|Pursuit|p2a: Zenith|[from]Pursuit
|-supereffective|p2a: Zenith
|-damage|p2a: Zenith|0 fnt
|faint|p2a: Zenith
|
|
|switch|p2a: Krakatoa|Heatran, M|385\/385
|-damage|p2a: Krakatoa|337\/385|[from] Stealth Rock
|-item|p2a: Krakatoa|Air Balloon
|turn|13
|
|switch|p1a: Utena Tenjou|Keldeo|211\/323 brn
|-damage|p1a: Utena Tenjou|171\/323 brn|[from] Spikes
|move|p2a: Krakatoa|Stealth Rock|p1a: Utena Tenjou
|-sidestart|p1: bizarman|move: Stealth Rock
|
|-damage|p1a: Utena Tenjou|131\/323 brn|[from] brn
|turn|14
|
|switch|p2a: Grasloch|Amoonguss, F|432\/432
|-damage|p2a: Grasloch|378\/432|[from] Stealth Rock
|move|p1a: Utena Tenjou|Secret Sword|p2a: Grasloch
|-resisted|p2a: Grasloch
|-damage|p2a: Grasloch|304\/432
|
|-heal|p2a: Grasloch|331\/432|[from] item: Black Sludge
|-damage|p1a: Utena Tenjou|91\/323 brn|[from] brn
|turn|15
|
|switch|p1a: Miki Kaoru|Zapdos|384\/384
|-damage|p1a: Miki Kaoru|288\/384|[from] Stealth Rock
|-ability|p1a: Miki Kaoru|Pressure
|move|p2a: Grasloch|Giga Drain|p1a: Miki Kaoru
|-resisted|p1a: Miki Kaoru
|-damage|p1a: Miki Kaoru|246\/384
|-heal|p2a: Grasloch|352\/432|[from] drain|[of] p1a: Miki Kaoru
|
|-heal|p1a: Miki Kaoru|270\/384|[from] item: Leftovers
|-heal|p2a: Grasloch|379\/432|[from] item: Black Sludge
|turn|16
|
|switch|p2a: Krakatoa|Heatran, M|337\/385
|-damage|p2a: Krakatoa|289\/385|[from] Stealth Rock
|-item|p2a: Krakatoa|Air Balloon
|move|p1a: Miki Kaoru|Defog|p2a: Krakatoa
|-unboost|p2a: Krakatoa|evasion|1
|-sideend|p2: DisastrousFutility|Stealth Rock|[from] move: Defog|[of] p2a: Krakatoa
|-sideend|p1: bizarman|Spikes|[from] move: Defog|[of] p1a: Miki Kaoru
|-sideend|p1: bizarman|Stealth Rock|[from] move: Defog|[of] p1a: Miki Kaoru
|
|-heal|p1a: Miki Kaoru|294\/384|[from] item: Leftovers
|turn|17
|
|switch|p1a: Utena Tenjou|Keldeo|91\/323 brn
|move|p2a: Krakatoa|Stealth Rock|p1a: Utena Tenjou
|-sidestart|p1: bizarman|move: Stealth Rock
|
|-damage|p1a: Utena Tenjou|51\/323 brn|[from] brn
|turn|18
|
|switch|p2a: Grasloch|Amoonguss, F|432\/432
|move|p1a: Utena Tenjou|Icy Wind|p2a: Grasloch
|-supereffective|p2a: Grasloch
|-damage|p2a: Grasloch|304\/432
|-unboost|p2a: Grasloch|spe|1
|
|-heal|p2a: Grasloch|331\/432|[from] item: Black Sludge
|-damage|p1a: Utena Tenjou|11\/323 brn|[from] brn
|turn|19
|
|switch|p1a: Miki Kaoru|Zapdos|294\/384
|-damage|p1a: Miki Kaoru|198\/384|[from] Stealth Rock
|-ability|p1a: Miki Kaoru|Pressure
|move|p2a: Grasloch|Giga Drain|p1a: Miki Kaoru
|-resisted|p1a: Miki Kaoru
|-damage|p1a: Miki Kaoru|156\/384
|-heal|p2a: Grasloch|352\/432|[from] drain|[of] p1a: Miki Kaoru
|
|-heal|p1a: Miki Kaoru|180\/384|[from] item: Leftovers
|-heal|p2a: Grasloch|379\/432|[from] item: Black Sludge
|turn|20
|
|switch|p2a: Krakatoa|Heatran, M|289\/385
|-item|p2a: Krakatoa|Air Balloon
|move|p1a: Miki Kaoru|Roost|p1a: Miki Kaoru
|-heal|p1a: Miki Kaoru|372\/384
|
|-heal|p1a: Miki Kaoru|384\/384|[from] item: Leftovers
|turn|21
|c| Shavon|is tht a semi stall?
|c|âDisastrousFutility|ye
|
|move|p1a: Miki Kaoru|Thunderbolt|p2a: Krakatoa
|-damage|p2a: Krakatoa|198\/385
|-enditem|p2a: Krakatoa|Air Balloon
|move|p2a: Krakatoa|Toxic|p1a: Miki Kaoru
|-status|p1a: Miki Kaoru|tox
|
|-damage|p1a: Miki Kaoru|360\/384 tox|[from] psn
|turn|22
|
|move|p1a: Miki Kaoru|Defog|p2a: Krakatoa
|-unboost|p2a: Krakatoa|evasion|1
|-sideend|p1: bizarman|Stealth Rock|[from] move: Defog|[of] p1a: Miki Kaoru
|move|p2a: Krakatoa|Fire Blast|p1a: Miki Kaoru|[miss]
|-miss|p2a: Krakatoa|p1a: Miki Kaoru
|
|-heal|p1a: Miki Kaoru|384\/384 tox|[from] item: Leftovers
|-damage|p1a: Miki Kaoru|336\/384 tox|[from] psn
|turn|23
|
|switch|p1a: Rose Bride|Altaria, M|354\/354
|move|p2a: Krakatoa|Stealth Rock|p1a: Rose Bride
|-sidestart|p1: bizarman|move: Stealth Rock
|
|turn|24
|
|switch|p2a: Grasloch|Amoonguss, F|432\/432
|detailschange|p1a: Rose Bride|Altaria-Mega, M
|message|Altaria has Mega Evolved into Mega Altaria!
|move|p1a: Rose Bride|Earthquake|p2a: Grasloch
|-damage|p2a: Grasloch|339\/432
|
|-heal|p2a: Grasloch|366\/432|[from] item: Black Sludge
|turn|25
|
|switch|p1a: Akio Ohtori|Heatran, M|386\/386 slp
|-damage|p1a: Akio Ohtori|338\/386 slp|[from] Stealth Rock
|move|p2a: Grasloch|Clear Smog|p1a: Akio Ohtori
|-immune|p1a: Akio Ohtori|[msg]
|
|-heal|p1a: Akio Ohtori|362\/386 slp|[from] item: Leftovers
|-heal|p2a: Grasloch|393\/432|[from] item: Black Sludge
|turn|26
|
|switch|p2a: MLP|Keldeo|323\/323
|cant|p1a: Akio Ohtori|slp
|
|-heal|p1a: Akio Ohtori|386\/386 slp|[from] item: Leftovers
|turn|27
|
|switch|p1a: Utena Tenjou|Keldeo|11\/323 brn
|-damage|p1a: Utena Tenjou|0 fnt|[from] Stealth Rock
|faint|p1a: Utena Tenjou
|move|p2a: MLP|Substitute|p2a: MLP
|-start|p2a: MLP|Substitute
|-damage|p2a: MLP|243\/323
|
|-heal|p2a: MLP|263\/323|[from] item: Leftovers
|
|switch|p1a: Rose Bride|Altaria-Mega, M|354\/354
|-damage|p1a: Rose Bride|310\/354|[from] Stealth Rock
|turn|28
|
|move|p2a: MLP|Scald|p1a: Rose Bride
|-resisted|p1a: Rose Bride
|-damage|p1a: Rose Bride|238\/354
|-status|p1a: Rose Bride|brn
|move|p1a: Rose Bride|Return|p2a: MLP
|-supereffective|p2a: MLP
|-end|p2a: MLP|Substitute
|
|-heal|p2a: MLP|283\/323|[from] item: Leftovers
|-damage|p1a: Rose Bride|194\/354 brn|[from] brn
|turn|29
|c|âDisastrousFutility|perfect
|
|switch|p2a: Vanguard|Skarmory, M|290\/334
|move|p1a: Rose Bride|Roost|p1a: Rose Bride
|-heal|p1a: Rose Bride|354\/354 brn
|
|-damage|p1a: Rose Bride|310\/354 brn|[from] brn
|turn|30
|
|switch|p1a: Miki Kaoru|Zapdos|336\/384 tox
|-damage|p1a: Miki Kaoru|240\/384 tox|[from] Stealth Rock
|-ability|p1a: Miki Kaoru|Pressure
|move|p2a: Vanguard|Whirlwind|p1a: Miki Kaoru
|drag|p1a: Touga|Scizor, M|155\/344
|-damage|p1a: Touga|112\/344|[from] Stealth Rock
|
|turn|31
|
|move|p2a: Vanguard|Roost|p2a: Vanguard
|-heal|p2a: Vanguard|334\/334
|move|p1a: Touga|U-turn|p2a: Vanguard
|-resisted|p2a: Vanguard
|-damage|p2a: Vanguard|276\/334
|-damage|p1a: Touga|55\/344|[from] item: Rocky Helmet|[of] p2a: Vanguard
|
|switch|p1a: Miki Kaoru|Zapdos|240\/384 tox
|-damage|p1a: Miki Kaoru|144\/384 tox|[from] Stealth Rock
|-ability|p1a: Miki Kaoru|Pressure
|
|-heal|p1a: Miki Kaoru|168\/384 tox|[from] item: Leftovers
|-damage|p1a: Miki Kaoru|144\/384 tox|[from] psn
|turn|32
|
|switch|p2a: Krakatoa|Heatran, M|198\/385
|move|p1a: Miki Kaoru|Thunderbolt|p2a: Krakatoa
|-damage|p2a: Krakatoa|110\/385
|
|-heal|p1a: Miki Kaoru|168\/384 tox|[from] item: Leftovers
|-damage|p1a: Miki Kaoru|120\/384 tox|[from] psn
|turn|33
|
|move|p1a: Miki Kaoru|Defog|p2a: Krakatoa
|-unboost|p2a: Krakatoa|evasion|1
|-sideend|p1: bizarman|Stealth Rock|[from] move: Defog|[of] p1a: Miki Kaoru
|move|p2a: Krakatoa|Taunt|p1a: Miki Kaoru
|-start|p1a: Miki Kaoru|move: Taunt
|
|-heal|p1a: Miki Kaoru|144\/384 tox|[from] item: Leftovers
|-damage|p1a: Miki Kaoru|72\/384 tox|[from] psn
|turn|34
|
|move|p1a: Miki Kaoru|Thunderbolt|p2a: Krakatoa
|-damage|p2a: Krakatoa|19\/385
|move|p2a: Krakatoa|Stealth Rock|p1a: Miki Kaoru
|-sidestart|p1: bizarman|move: Stealth Rock
|
|-heal|p1a: Miki Kaoru|96\/384 tox|[from] item: Leftovers
|-damage|p1a: Miki Kaoru|0 fnt|[from] psn
|faint|p1a: Miki Kaoru
|
|switch|p1a: Akio Ohtori|Heatran, M|386\/386 slp
|-damage|p1a: Akio Ohtori|338\/386 slp|[from] Stealth Rock
|turn|35
|
|switch|p2a: MLP|Keldeo|283\/323
|switch|p1a: Rose Bride|Altaria-Mega, M|310\/354 brn
|-damage|p1a: Rose Bride|266\/354 brn|[from] Stealth Rock
|
|-heal|p2a: MLP|303\/323|[from] item: Leftovers
|-damage|p1a: Rose Bride|222\/354 brn|[from] brn
|turn|36
|
|move|p2a: MLP|Substitute|p2a: MLP
|-start|p2a: MLP|Substitute
|-damage|p2a: MLP|223\/323
|move|p1a: Rose Bride|Return|p2a: MLP
|-supereffective|p2a: MLP
|-end|p2a: MLP|Substitute
|
|-heal|p2a: MLP|243\/323|[from] item: Leftovers
|-damage|p1a: Rose Bride|178\/354 brn|[from] brn
|turn|37
|
|switch|p2a: Vanguard|Skarmory, M|276\/334
|move|p1a: Rose Bride|Return|p2a: Vanguard
|-crit|p2a: Vanguard
|-resisted|p2a: Vanguard
|-damage|p2a: Vanguard|234\/334
|-damage|p1a: Rose Bride|119\/354 brn|[from] item: Rocky Helmet|[of] p2a: Vanguard
|
|-damage|p1a: Rose Bride|75\/354 brn|[from] brn
|turn|38
|
|move|p1a: Rose Bride|Roost|p1a: Rose Bride
|-heal|p1a: Rose Bride|252\/354 brn
|move|p2a: Vanguard|Spikes|p1a: Rose Bride
|-sidestart|p1: bizarman|Spikes
|
|-damage|p1a: Rose Bride|208\/354 brn|[from] brn
|turn|39
|
|move|p1a: Rose Bride|Roost|p1a: Rose Bride
|-heal|p1a: Rose Bride|354\/354 brn
|move|p2a: Vanguard|Spikes|p1a: Rose Bride
|-sidestart|p1: bizarman|Spikes
|
|-damage|p1a: Rose Bride|310\/354 brn|[from] brn
|turn|40
|
|switch|p1a: Akio Ohtori|Heatran, M|338\/386 slp
|-damage|p1a: Akio Ohtori|274\/386 slp|[from] Spikes
|-damage|p1a: Akio Ohtori|226\/386 slp|[from] Stealth Rock
|move|p2a: Vanguard|Spikes|p1a: Akio Ohtori
|-sidestart|p1: bizarman|Spikes
|
|-heal|p1a: Akio Ohtori|250\/386 slp|[from] item: Leftovers
|turn|41
|
|switch|p2a: Krakatoa|Heatran, M|19\/385
|cant|p1a: Akio Ohtori|slp
|
|-heal|p1a: Akio Ohtori|274\/386 slp|[from] item: Leftovers
|turn|42
|
|switch|p1a: Rose Bride|Altaria-Mega, M|310\/354 brn
|-damage|p1a: Rose Bride|266\/354 brn|[from] Stealth Rock
|-damage|p1a: Rose Bride|178\/354 brn|[from] Spikes
|move|p2a: Krakatoa|Taunt|p1a: Rose Bride
|-start|p1a: Rose Bride|move: Taunt
|
|-damage|p1a: Rose Bride|134\/354 brn|[from] brn
|turn|43
|c|âbizarman|gg
|c|âDisastrousFutility|gg
|
|switch|p2a: Vanguard|Skarmory, M|234\/334
|move|p1a: Rose Bride|Earthquake|p2a: Vanguard
|-immune|p2a: Vanguard|[msg]
|
|-damage|p1a: Rose Bride|90\/354 brn|[from] brn
|turn|44
|
|move|p1a: Rose Bride|Return|p2a: Vanguard
|-crit|p2a: Vanguard
|-resisted|p2a: Vanguard
|-damage|p2a: Vanguard|189\/334
|-damage|p1a: Rose Bride|31\/354 brn|[from] item: Rocky Helmet|[of] p2a: Vanguard
|move|p2a: Vanguard|Whirlwind|p1a: Rose Bride
|drag|p1a: Akio Ohtori|Heatran, M|274\/386 slp
|-damage|p1a: Akio Ohtori|178\/386 slp|[from] Spikes
|-damage|p1a: Akio Ohtori|130\/386 slp|[from] Stealth Rock
|
|-heal|p1a: Akio Ohtori|154\/386 slp|[from] item: Leftovers
|turn|45
|
|switch|p2a: Krakatoa|Heatran, M|19\/385
|-curestatus|p1a: Akio Ohtori|slp
|move|p1a: Akio Ohtori|Lava Plume|p2a: Krakatoa
|-start|p2a: Krakatoa|ability: Flash Fire
|
|-heal|p1a: Akio Ohtori|178\/386|[from] item: Leftovers
|turn|46
|
|switch|p2a: MLP|Keldeo|243\/323
|move|p1a: Akio Ohtori|Lava Plume|p2a: MLP
|-resisted|p2a: MLP
|-damage|p2a: MLP|180\/323
|
|-heal|p2a: MLP|200\/323|[from] item: Leftovers
|-heal|p1a: Akio Ohtori|202\/386|[from] item: Leftovers
|turn|47
|
|move|p2a: MLP|Secret Sword|p1a: Akio Ohtori
|-supereffective|p1a: Akio Ohtori
|-damage|p1a: Akio Ohtori|0 fnt
|faint|p1a: Akio Ohtori
|
|-heal|p2a: MLP|220\/323|[from] item: Leftovers
|
|switch|p1a: Nanami|Terrakion|191\/323 par
|-damage|p1a: Nanami|171\/323 par|[from] Stealth Rock
|-damage|p1a: Nanami|91\/323 par|[from] Spikes
|turn|48
|
|move|p2a: MLP|Scald|p1a: Nanami
|-supereffective|p1a: Nanami
|-damage|p1a: Nanami|0 fnt
|faint|p1a: Nanami
|
|-heal|p2a: MLP|240\/323|[from] item: Leftovers
|
|switch|p1a: Touga|Scizor, M|55\/344
|-damage|p1a: Touga|12\/344|[from] Stealth Rock
|-damage|p1a: Touga|0 fnt|[from] Spikes
|faint|p1a: Touga
|
|switch|p1a: Rose Bride|Altaria-Mega, M|31\/354 brn
|-damage|p1a: Rose Bride|0 fnt|[from] Spikes
|faint|p1a: Rose Bride
|
|win|DisastrousFutility
|raw|Ladder updating...