|join|bizarman
|join|Wruce Bayne
|player|p1|bizarman|42
|player|p2|Wruce Bayne|161
|gametype|singles
|gen|6
|tier|OU
|rated
|clearpoke
|poke|p1|Diancie
|poke|p1|Magnezone
|poke|p1|Landorus-Therian, M
|poke|p1|Greninja, M
|poke|p1|Dragonite, M
|poke|p1|Scizor, M
|poke|p2|Diggersby, M, shiny
|poke|p2|Magnezone
|poke|p2|Pinsir, M, shiny
|poke|p2|Clefable, F, shiny
|poke|p2|Greninja, M, shiny
|poke|p2|Latios, M
|rule|Swagger Clause: Swagger is banned
|rule|Baton Pass Clause: Limit one PokÃ©mon knowing Baton Pass
|rule|Sleep Clause Mod: Limit one foe put to sleep
|rule|Species Clause: Limit one of each PokÃ©mon
|rule|OHKO Clause: OHKO moves are banned
|rule|Moody Clause: Moody is banned
|rule|Evasion Moves Clause: Evasion moves are banned
|rule|Endless Battle Clause: Forcing endless battles is banned
|rule|HP Percentage Mod: HP is shown in percentages
|teampreview
|
|start
|switch|p1a: Landorus-Therian|Landorus-Therian, M|320\/320
|switch|p2a: Bugs|Diggersby, M, shiny|311\/311
|-ability|p1a: Landorus-Therian|Intimidate|[of] p2a: Bugs
|-unboost|p2a: Bugs|atk|1
|turn|1
|
|move|p1a: Landorus-Therian|U-turn|p2a: Bugs
|-damage|p2a: Bugs|207\/311
|
|switch|p1a: Scizor|Scizor, M|344\/344
|move|p2a: Bugs|Knock Off|p1a: Scizor
|-damage|p1a: Scizor|268\/344
|-enditem|p1a: Scizor|Leftovers|[from] move: Knock Off|[of] p2a: Bugs
|
|turn|2
|
|switch|p2a: Clefable|Clefable, F, shiny|394\/394
|switch|p1a: Landorus-Therian|Landorus-Therian, M|320\/320
|-ability|p1a: Landorus-Therian|Intimidate|[of] p2a: Clefable
|-unboost|p2a: Clefable|atk|1
|
|turn|3
|
|move|p1a: Landorus-Therian|U-turn|p2a: Clefable
|-resisted|p2a: Clefable
|-damage|p2a: Clefable|353\/394
|
|switch|p1a: Magnezone|Magnezone|281\/281
|move|p2a: Clefable|Stealth Rock|p1a: Magnezone
|-sidestart|p1: bizarman|move: Stealth Rock
|
|-heal|p2a: Clefable|377\/394|[from] item: Leftovers
|turn|4
|
|switch|p2a: Magnezone|Magnezone|281\/281
|move|p1a: Magnezone|Flash Cannon|p2a: Magnezone
|-resisted|p2a: Magnezone
|-damage|p2a: Magnezone|212\/281
|
|turn|5
|
|move|p2a: Magnezone|Hidden Power|p1a: Magnezone
|-supereffective|p1a: Magnezone
|-damage|p1a: Magnezone|133\/281
|move|p1a: Magnezone|Flash Cannon|p2a: Magnezone
|-resisted|p2a: Magnezone
|-damage|p2a: Magnezone|151\/281
|
|turn|6
|
|move|p2a: Magnezone|Hidden Power|p1a: Magnezone
|-crit|p1a: Magnezone
|-supereffective|p1a: Magnezone
|-damage|p1a: Magnezone|0 fnt
|faint|p1a: Magnezone
|
|
|switch|p1a: Diancie|Diancie|241\/241
|-damage|p1a: Diancie|211\/241|[from] Stealth Rock
|turn|7
|
|switch|p2a: Clefable|Clefable, F, shiny|377\/394
|detailschange|p1a: Diancie|Diancie-Mega
|message|Diancie has Mega Evolved into Mega Diancie!
|move|p1a: Diancie|Moonblast|p2a: Clefable
|-damage|p2a: Clefable|155\/394
|
|-heal|p2a: Clefable|179\/394|[from] item: Leftovers
|turn|8
|
|move|p1a: Diancie|Moonblast|p2a: Clefable
|-damage|p2a: Clefable|0 fnt
|faint|p2a: Clefable
|
|
|switch|p2a: Greninja|Greninja, M, shiny|285\/285
|turn|9
|
|switch|p1a: Greninja|Greninja, M|285\/285
|-damage|p1a: Greninja|250\/285|[from] Stealth Rock
|move|p2a: Greninja|Hydro Pump|p1a: Greninja
|-start|p2a: Greninja|typechange|Water|[from] Protean
|-resisted|p1a: Greninja
|-damage|p1a: Greninja|117\/285
|-damage|p2a: Greninja|257\/285|[from] item: Life Orb
|
|turn|10
|
|move|p1a: Greninja|Gunk Shot|p2a: Greninja
|-start|p1a: Greninja|typechange|Poison|[from] Protean
|-damage|p2a: Greninja|0 fnt
|-damage|p1a: Greninja|89\/285|[from] item: Life Orb
|faint|p2a: Greninja
|
|
|switch|p2a: Bugs|Diggersby, M, shiny|207\/311
|turn|11
|
|move|p2a: Bugs|Return|p1a: Greninja
|-damage|p1a: Greninja|0 fnt
|faint|p1a: Greninja
|
|
|switch|p1a: Landorus-Therian|Landorus-Therian, M|320\/320
|-damage|p1a: Landorus-Therian|280\/320|[from] Stealth Rock
|-ability|p1a: Landorus-Therian|Intimidate|[of] p2a: Bugs
|-unboost|p2a: Bugs|atk|1
|turn|12
|
|move|p1a: Landorus-Therian|U-turn|p2a: Bugs
|-damage|p2a: Bugs|92\/311
|
|switch|p1a: Scizor|Scizor, M|268\/344
|-damage|p1a: Scizor|225\/344|[from] Stealth Rock
|move|p2a: Bugs|Return|p1a: Scizor
|-resisted|p1a: Scizor
|-damage|p1a: Scizor|172\/344
|
|turn|13
|
|switch|p2a: Magnezone|Magnezone|151\/281
|move|p1a: Scizor|Defog|p2a: Magnezone
|-unboost|p2a: Magnezone|evasion|1
|-sideend|p1: bizarman|Stealth Rock|[from] move: Defog|[of] p1a: Scizor
|
|turn|14
|
|move|p2a: Magnezone|Hidden Power|p1a: Scizor
|-supereffective|p1a: Scizor
|-damage|p1a: Scizor|0 fnt
|faint|p1a: Scizor
|
|
|switch|p1a: Dragonite|Dragonite, M|324\/324
|turn|15
|
|switch|p2a: Bugs|Diggersby, M, shiny|92\/311
|move|p1a: Dragonite|Dragon Dance|p1a: Dragonite
|-boost|p1a: Dragonite|atk|1
|-boost|p1a: Dragonite|spe|1
|
|turn|16
|
|move|p1a: Dragonite|Extreme Speed|p2a: Bugs
|-damage|p2a: Bugs|0 fnt
|faint|p2a: Bugs
|
|
|switch|p2a: Magnezone|Magnezone|151\/281
|turn|17
|
|move|p1a: Dragonite|Dragon Dance|p1a: Dragonite
|-boost|p1a: Dragonite|atk|1
|-boost|p1a: Dragonite|spe|1
|move|p2a: Magnezone|Volt Switch|p1a: Dragonite
|-damage|p1a: Dragonite|258\/324
|
|switch|p2a: Latios|Latios, M|301\/301
|
|turn|18
|
|move|p1a: Dragonite|Outrage|p2a: Latios
|-supereffective|p2a: Latios
|-damage|p2a: Latios|0 fnt
|faint|p2a: Latios
|
|
|switch|p2a: Magnezone|Magnezone|151\/281
|turn|19
|c|âWruce Bayne|gg
|
|move|p1a: Dragonite|Outrage|p2a: Magnezone
|-crit|p2a: Magnezone
|-resisted|p2a: Magnezone
|-damage|p2a: Magnezone|0 fnt
|faint|p2a: Magnezone
|
|-end|p1a: Dragonite|rampage
|-start|p1a: Dragonite|confusion
|c|âbizarman|gg
|
|switch|p2a: Pinsir|Pinsir, M, shiny|271\/271
|-enditem|p1a: Dragonite|Lum Berry|[eat]
|-end|p1a: Dragonite|confusion
|turn|20
|
|detailschange|p2a: Pinsir|Pinsir-Mega, M, shiny
|message|Pinsir has Mega Evolved into Mega Pinsir!
|move|p1a: Dragonite|Outrage|p2a: Pinsir
|-damage|p2a: Pinsir|0 fnt
|faint|p2a: Pinsir
|
|win|bizarman
|raw|Ladder updating...
|leave|Wruce Bayne
|player|p2
|raw|bizarman's rating: 1469 &rarr; <strong>1491<\/strong><br \/>(+22 for winning)
|raw|Wruce Bayne's rating: 1508 &rarr; <strong>1486<\/strong><br \/>(-22 for losing)