|join|igotboredsoscrewit
|join|bizarman
|player|p1|igotboredsoscrewit|170
|player|p2|bizarman|169
|gametype|singles
|gen|6
|tier|OU
|rated
|clearpoke
|poke|p1|Magnezone
|poke|p1|Diggersby, M
|poke|p1|Azumarill, F
|poke|p1|Charizard, F
|poke|p1|Latias, F
|poke|p1|Rotom-Wash
|poke|p2|Latias, F
|poke|p2|Talonflame, F
|poke|p2|Keldeo
|poke|p2|Medicham, M
|poke|p2|Heatran, M
|poke|p2|Clefable, F
|rule|Swagger Clause: Swagger is banned
|rule|Baton Pass Clause: Limit one PokÃ©mon knowing Baton Pass
|rule|Sleep Clause Mod: Limit one foe put to sleep
|rule|Species Clause: Limit one of each PokÃ©mon
|rule|OHKO Clause: OHKO moves are banned
|rule|Moody Clause: Moody is banned
|rule|Evasion Moves Clause: Evasion moves are banned
|rule|Endless Battle Clause: Forcing endless battles is banned
|rule|HP Percentage Mod: HP is shown in percentages
|teampreview
|
|start
|switch|p1a: Charizard|Charizard, F|359\/359
|switch|p2a: Medicham|Medicham, M|261\/261
|turn|1
|
|switch|p1a: Magnezone|Magnezone|281\/281
|detailschange|p2a: Medicham|Medicham-Mega, M
|message|Medicham has Mega Evolved into Mega Medicham!
|move|p2a: Medicham|Fake Out|p1a: Magnezone
|-resisted|p1a: Magnezone
|-damage|p1a: Magnezone|240\/281
|
|turn|2
|
|switch|p2a: Latias|Latias, F|302\/302
|move|p1a: Magnezone|Volt Switch|p2a: Latias
|-resisted|p2a: Latias
|-damage|p2a: Latias|256\/302
|
|switch|p1a: Azumarill|Azumarill, F|396\/396
|
|turn|3
|
|switch|p2a: Clefable|Clefable, F|394\/394
|move|p1a: Azumarill|Waterfall|p2a: Clefable
|-damage|p2a: Clefable|154\/394
|
|-heal|p2a: Clefable|178\/394|[from] item: Leftovers
|turn|4
|
|switch|p2a: Latias|Latias, F|256\/302
|switch|p1a: Magnezone|Magnezone|240\/281
|
|turn|5
|
|move|p1a: Magnezone|Flash Cannon|p2a: Latias
|-crit|p2a: Latias
|-damage|p2a: Latias|75\/302
|move|p2a: Latias|Draco Meteor|p1a: Magnezone
|-resisted|p1a: Magnezone
|-damage|p1a: Magnezone|102\/281
|-unboost|p2a: Latias|spa|2
|-damage|p2a: Latias|45\/302|[from] item: Life Orb
|
|turn|6
|
|switch|p1a: Charizard|Charizard, F|359\/359
|switch|p2a: Keldeo|Keldeo|323\/323
|
|turn|7
|
|switch|p1a: Latias|Latias, F|319\/319
|move|p2a: Keldeo|Hydro Pump|p1a: Latias
|-resisted|p1a: Latias
|-damage|p1a: Latias|206\/319
|
|turn|8
|
|switch|p1a: Charizard|Charizard, F|359\/359
|switch|p2a: Heatran|Heatran, M|323\/323
|
|turn|9
|
|detailschange|p1a: Charizard|Charizard-Mega-X, F
|message|Charizard has Mega Evolved into Mega Charizard!
|move|p2a: Heatran|Stone Edge|p1a: Charizard
|-supereffective|p1a: Charizard
|-damage|p1a: Charizard|249\/359
|move|p1a: Charizard|Will-O-Wisp|p2a: Heatran
|-start|p2a: Heatran|ability: Flash Fire
|
|turn|10
|
|switch|p2a: Latias|Latias, F|45\/302
|move|p1a: Charizard|Earthquake|p2a: Latias
|-immune|p2a: Latias|[msg]
|
|turn|11
|
|switch|p1a: Azumarill|Azumarill, F|396\/396
|move|p2a: Latias|Draco Meteor|p1a: Azumarill
|-immune|p1a: Azumarill|[msg]
|
|turn|12
|
|move|p1a: Azumarill|Aqua Jet|p2a: Latias
|-resisted|p2a: Latias
|-damage|p2a: Latias|0 fnt
|faint|p2a: Latias
|
|
|switch|p2a: Medicham|Medicham-Mega, M|261\/261
|turn|13
|
|switch|p1a: Magnezone|Magnezone|102\/281
|move|p2a: Medicham|High Jump Kick|p1a: Magnezone
|-supereffective|p1a: Magnezone
|-damage|p1a: Magnezone|0 fnt
|faint|p1a: Magnezone
|
|
|switch|p1a: Latias|Latias, F|206\/319
|turn|14
|
|switch|p2a: Heatran|Heatran, M|323\/323
|move|p1a: Latias|Psyshock|p2a: Heatran
|-resisted|p2a: Heatran
|-damage|p2a: Heatran|250\/323
|-damage|p1a: Latias|175\/319|[from] item: Life Orb
|
|turn|15
|
|switch|p2a: Clefable|Clefable, F|178\/394
|switch|p1a: Rotom-Wash|Rotom-Wash|303\/303
|
|-heal|p2a: Clefable|202\/394|[from] item: Leftovers
|turn|16
|
|move|p1a: Rotom-Wash|Volt Switch|p2a: Clefable
|-damage|p2a: Clefable|117\/394
|
|switch|p1a: Diggersby|Diggersby, M|311\/311
|move|p2a: Clefable|Soft-Boiled|p2a: Clefable
|-heal|p2a: Clefable|314\/394
|
|-heal|p2a: Clefable|338\/394|[from] item: Leftovers
|turn|17
|
|move|p1a: Diggersby|Return|p2a: Clefable
|-damage|p2a: Clefable|26\/394
|-damage|p1a: Diggersby|280\/311|[from] item: Life Orb
|move|p2a: Clefable|Moonblast|p1a: Diggersby
|-damage|p1a: Diggersby|154\/311
|
|-heal|p2a: Clefable|50\/394|[from] item: Leftovers
|turn|18
|
|switch|p2a: Heatran|Heatran, M|250\/323
|move|p1a: Diggersby|Return|p2a: Heatran
|-resisted|p2a: Heatran
|-damage|p2a: Heatran|115\/323
|-damage|p1a: Diggersby|123\/311|[from] item: Life Orb
|
|turn|19
|
|switch|p1a: Rotom-Wash|Rotom-Wash|303\/303
|move|p2a: Heatran|Overheat|p1a: Rotom-Wash|[miss]
|-miss|p2a: Heatran|p1a: Rotom-Wash
|
|turn|20
|
|switch|p2a: Clefable|Clefable, F|50\/394
|move|p1a: Rotom-Wash|Volt Switch|p2a: Clefable
|-damage|p2a: Clefable|0 fnt
|faint|p2a: Clefable
|
|switch|p1a: Azumarill|Azumarill, F|396\/396
|
|
|switch|p2a: Medicham|Medicham-Mega, M|261\/261
|turn|21
|
|move|p2a: Medicham|Fake Out|p1a: Azumarill
|-damage|p1a: Azumarill|297\/396
|cant|p1a: Azumarill|flinch
|
|turn|22
|
|move|p1a: Azumarill|Aqua Jet|p2a: Medicham
|-damage|p2a: Medicham|125\/261
|move|p2a: Medicham|Zen Headbutt|p1a: Azumarill
|-damage|p1a: Azumarill|0 fnt
|faint|p1a: Azumarill
|
|
|switch|p1a: Latias|Latias, F|175\/319
|turn|23
|
|switch|p2a: Heatran|Heatran, M|115\/323
|move|p1a: Latias|Psyshock|p2a: Heatran
|-crit|p2a: Heatran
|-resisted|p2a: Heatran
|-damage|p2a: Heatran|3\/323
|-damage|p1a: Latias|144\/319|[from] item: Life Orb
|
|turn|24
|
|switch|p1a: Rotom-Wash|Rotom-Wash|303\/303
|move|p2a: Heatran|Flash Cannon|p1a: Rotom-Wash
|-resisted|p1a: Rotom-Wash
|-damage|p1a: Rotom-Wash|267\/303
|
|-heal|p1a: Rotom-Wash|285\/303|[from] item: Leftovers
|turn|25
|
|move|p2a: Heatran|Flash Cannon|p1a: Rotom-Wash
|-resisted|p1a: Rotom-Wash
|-damage|p1a: Rotom-Wash|249\/303
|move|p1a: Rotom-Wash|Volt Switch|p2a: Heatran
|-damage|p2a: Heatran|0 fnt
|faint|p2a: Heatran
|
|switch|p1a: Charizard|Charizard-Mega-X, F|249\/359
|
|
|switch|p2a: Medicham|Medicham-Mega, M|125\/261
|turn|26
|
|move|p2a: Medicham|High Jump Kick|p1a: Charizard
|-damage|p1a: Charizard|0 fnt
|faint|p1a: Charizard
|
|
|switch|p1a: Diggersby|Diggersby, M|123\/311
|turn|27
|
|switch|p2a: Talonflame|Talonflame, F|327\/327
|move|p1a: Diggersby|Quick Attack|p2a: Talonflame
|-damage|p2a: Talonflame|166\/327
|-damage|p1a: Diggersby|92\/311|[from] item: Life Orb
|
|turn|28
|
|switch|p2a: Keldeo|Keldeo|323\/323
|switch|p1a: Rotom-Wash|Rotom-Wash|249\/303
|
|-heal|p1a: Rotom-Wash|267\/303|[from] item: Leftovers
|turn|29
|
|move|p2a: Keldeo|Secret Sword|p1a: Rotom-Wash
|-crit|p1a: Rotom-Wash
|-damage|p1a: Rotom-Wash|23\/303
|move|p1a: Rotom-Wash|Volt Switch|p2a: Keldeo
|-supereffective|p2a: Keldeo
|-damage|p2a: Keldeo|141\/323
|
|switch|p1a: Latias|Latias, F|144\/319
|
|turn|30
|
|move|p1a: Latias|Psyshock|p2a: Keldeo
|-supereffective|p2a: Keldeo
|-damage|p2a: Keldeo|0 fnt
|-damage|p1a: Latias|113\/319|[from] item: Life Orb
|faint|p2a: Keldeo
|
|
|switch|p2a: Talonflame|Talonflame, F|166\/327
|turn|31
|
|move|p2a: Talonflame|Brave Bird|p1a: Latias
|-damage|p1a: Latias|0 fnt
|-damage|p2a: Talonflame|129\/327|[from] recoil|[of] p1a: Latias
|faint|p1a: Latias
|
|
|switch|p1a: Diggersby|Diggersby, M|92\/311
|turn|32
|
|move|p2a: Talonflame|Brave Bird|p1a: Diggersby
|-damage|p1a: Diggersby|0 fnt
|-damage|p2a: Talonflame|99\/327|[from] recoil|[of] p1a: Diggersby
|faint|p1a: Diggersby
|
|c|âigotboredsoscrewit|gg
|c|âbizarman|gg
|
|switch|p1a: Rotom-Wash|Rotom-Wash|23\/303
|turn|33
|
|move|p2a: Talonflame|Brave Bird|p1a: Rotom-Wash
|-resisted|p1a: Rotom-Wash
|-damage|p1a: Rotom-Wash|0 fnt
|-damage|p2a: Talonflame|91\/327|[from] recoil|[of] p1a: Rotom-Wash
|faint|p1a: Rotom-Wash
|
|win|bizarman
|raw|Ladder updating...
|raw|igotboredsoscrewit's rating: 1691 &rarr; <strong>1670<\/strong><br \/>(-21 for losing)
|raw|bizarman's rating: 1664 &rarr; <strong>1686<\/strong><br \/>(+22 for winning)
|leave|igotboredsoscrewit
|player|p1