|join|CleanerThanRotom-W
|join|bizarman
|player|p1|CleanerThanRotom-W|226
|player|p2|bizarman|42
|gametype|singles
|gen|6
|tier|OU
|rated
|clearpoke
|poke|p1|Sableye, F
|poke|p1|Chansey, F
|poke|p1|Cresselia, F
|poke|p1|Gothitelle, F
|poke|p1|Skarmory, M
|poke|p1|Quagsire, F
|poke|p2|Talonflame, F
|poke|p2|Serperior, F
|poke|p2|Scizor, M
|poke|p2|Heatran, M
|poke|p2|Starmie
|poke|p2|Sylveon, M
|rule|Swagger Clause: Swagger is banned
|rule|Baton Pass Clause: Limit one PokÃ©mon knowing Baton Pass
|rule|Sleep Clause Mod: Limit one foe put to sleep
|rule|Species Clause: Limit one of each PokÃ©mon
|rule|OHKO Clause: OHKO moves are banned
|rule|Moody Clause: Moody is banned
|rule|Evasion Moves Clause: Evasion moves are banned
|rule|Endless Battle Clause: Forcing endless battles is banned
|rule|HP Percentage Mod: HP is shown in percentages
|teampreview
|
|start
|switch|p1a: Gothitelle|Gothitelle, F|301\/301
|switch|p2a: Sylveon|Sylveon, M|393\/393
|turn|1
|
|switch|p1a: Chansey|Chansey, F|703\/703
|move|p2a: Sylveon|Hyper Voice|p1a: Chansey
|-damage|p1a: Chansey|510\/703
|
|turn|2
|
|switch|p2a: Heatran|Heatran, M|386\/386
|switch|p1a: Sableye|Sableye, F|303\/303
|
|turn|3
|
|detailschange|p1a: Sableye|Sableye-Mega, F
|-mega|p1a: Sableye|Sableye|Sablenite
|move|p2a: Heatran|Lava Plume|p1a: Sableye
|-damage|p1a: Sableye|225\/303
|move|p1a: Sableye|Snarl|p2a: Heatran
|-damage|p2a: Heatran|344\/386
|-unboost|p2a: Heatran|spa|1
|
|-heal|p2a: Heatran|368\/386|[from] item: Leftovers
|turn|4
|join|lil manaphy
|
|switch|p2a: Sylveon|Sylveon, M|393\/393
|switch|p1a: Gothitelle|Gothitelle, F|301\/301
|
|turn|5
|
|switch|p1a: Chansey|Chansey, F|510\/703
|move|p2a: Sylveon|Baton Pass|p2a: Sylveon
|
|switch|p2a: Talonflame|Talonflame, F|360\/360
|
|turn|6
|c|âCleanerThanRotom-W|hi manfren
|c|âCleanerThanRotom-W|*manafren
|
|switch|p1a: Quagsire|Quagsire, F|393\/393
|move|p2a: Talonflame|Taunt|p1a: Quagsire
|-start|p1a: Quagsire|move: Taunt
|
|turn|7
|
|switch|p2a: Serperior|Serperior, F|291\/291
|switch|p1a: Gothitelle|Gothitelle, F|301\/301
|
|turn|8
|
|move|p1a: Gothitelle|Psychic|p2a: Serperior
|-damage|p2a: Serperior|158\/291
|move|p2a: Serperior|Leaf Storm|p1a: Gothitelle
|-damage|p1a: Gothitelle|145\/301
|-boost|p2a: Serperior|spa|2
|
|-heal|p2a: Serperior|176\/291|[from] item: Leftovers
|turn|9
|
|move|p1a: Gothitelle|Psychic|p2a: Serperior
|-damage|p2a: Serperior|50\/291
|move|p2a: Serperior|Leaf Storm|p1a: Gothitelle
|-damage|p1a: Gothitelle|0 fnt
|-boost|p2a: Serperior|spa|2
|faint|p1a: Gothitelle
|
|-heal|p2a: Serperior|68\/291|[from] item: Leftovers
|
|switch|p1a: Chansey|Chansey, F|510\/703
|turn|10
|
|switch|p2a: Scizor|Scizor, M|343\/343
|move|p1a: Chansey|Seismic Toss|p2a: Scizor
|-damage|p2a: Scizor|243\/343
|
|turn|11
|join|sieke
|
|switch|p2a: Heatran|Heatran, M|368\/386
|switch|p1a: Skarmory|Skarmory, M|334\/334
|
|-heal|p2a: Heatran|386\/386|[from] item: Leftovers
|turn|12
|
|switch|p1a: Sableye|Sableye-Mega, F|225\/303
|move|p2a: Heatran|Toxic|p1a: Sableye
|move|p1a: Sableye|Toxic|p2a: Heatran|[from]Magic Bounce
|-fail|p2a: Heatran
|
|turn|13
|
|switch|p2a: Sylveon|Sylveon, M|393\/393
|move|p1a: Sableye|Recover|p1a: Sableye
|-heal|p1a: Sableye|303\/303
|
|turn|14
|
|switch|p1a: Chansey|Chansey, F|510\/703
|move|p2a: Sylveon|Hyper Voice|p1a: Chansey
|-damage|p1a: Chansey|299\/703
|
|turn|15
|
|switch|p2a: Heatran|Heatran, M|386\/386
|move|p1a: Chansey|Stealth Rock|p2a: Heatran
|-sidestart|p2: bizarman|move: Stealth Rock
|
|turn|16
|
|switch|p1a: Sableye|Sableye-Mega, F|303\/303
|move|p2a: Heatran|Lava Plume|p1a: Sableye
|-damage|p1a: Sableye|218\/303
|
|turn|17
|
|move|p2a: Heatran|Lava Plume|p1a: Sableye
|-damage|p1a: Sableye|145\/303
|move|p1a: Sableye|Recover|p1a: Sableye
|-heal|p1a: Sableye|297\/303
|
|turn|18
|
|switch|p2a: Sylveon|Sylveon, M|393\/393
|-damage|p2a: Sylveon|344\/393|[from] Stealth Rock
|move|p1a: Sableye|Calm Mind|p1a: Sableye
|-boost|p1a: Sableye|spa|1
|-boost|p1a: Sableye|spd|1
|
|turn|19
|
|switch|p1a: Skarmory|Skarmory, M|334\/334
|move|p2a: Sylveon|Hyper Voice|p1a: Skarmory
|-resisted|p1a: Skarmory
|-damage|p1a: Skarmory|127\/334
|
|turn|20
|
|switch|p1a: Cresselia|Cresselia, F|444\/444
|move|p2a: Sylveon|Hyper Voice|p1a: Cresselia
|-damage|p1a: Cresselia|254\/444
|
|-heal|p1a: Cresselia|281\/444|[from] item: Leftovers
|turn|21
|
|switch|p2a: Heatran|Heatran, M|386\/386
|-damage|p2a: Heatran|338\/386|[from] Stealth Rock
|move|p1a: Cresselia|Moonlight|p1a: Cresselia
|-heal|p1a: Cresselia|444\/444
|
|-heal|p2a: Heatran|362\/386|[from] item: Leftovers
|turn|22
|
|switch|p1a: Sableye|Sableye-Mega, F|297\/303
|switch|p2a: Sylveon|Sylveon, M|344\/393
|-damage|p2a: Sylveon|295\/393|[from] Stealth Rock
|
|turn|23
|
|switch|p1a: Cresselia|Cresselia, F|444\/444
|move|p2a: Sylveon|Hyper Voice|p1a: Cresselia
|-damage|p1a: Cresselia|263\/444
|
|-heal|p1a: Cresselia|290\/444|[from] item: Leftovers
|turn|24
|
|switch|p1a: Quagsire|Quagsire, F|393\/393
|switch|p2a: Scizor|Scizor, M|243\/343
|-damage|p2a: Scizor|201\/343|[from] Stealth Rock
|
|turn|25
|
|detailschange|p2a: Scizor|Scizor-Mega, M
|-mega|p2a: Scizor|Scizor|Scizorite
|move|p2a: Scizor|Bug Bite|p1a: Quagsire
|-damage|p1a: Quagsire|222\/393
|move|p1a: Quagsire|Scald|p2a: Scizor
|-damage|p2a: Scizor|132\/343
|
|-heal|p1a: Quagsire|246\/393|[from] item: Leftovers
|turn|26
|
|switch|p2a: Starmie|Starmie|323\/323
|-damage|p2a: Starmie|283\/323|[from] Stealth Rock
|move|p1a: Quagsire|Recover|p1a: Quagsire
|-heal|p1a: Quagsire|393\/393
|
|-heal|p2a: Starmie|303\/323|[from] item: Leftovers
|turn|27
|
|switch|p1a: Sableye|Sableye-Mega, F|297\/303
|move|p2a: Starmie|Scald|p1a: Sableye
|-damage|p1a: Sableye|231\/303
|
|-heal|p2a: Starmie|323\/323|[from] item: Leftovers
|turn|28
|
|switch|p2a: Sylveon|Sylveon, M|295\/393
|-damage|p2a: Sylveon|246\/393|[from] Stealth Rock
|move|p1a: Sableye|Recover|p1a: Sableye
|-heal|p1a: Sableye|303\/303
|
|turn|29
|
|switch|p1a: Cresselia|Cresselia, F|290\/444
|move|p2a: Sylveon|Shadow Ball|p1a: Cresselia
|-supereffective|p1a: Cresselia
|-damage|p1a: Cresselia|102\/444
|
|-heal|p1a: Cresselia|129\/444|[from] item: Leftovers
|turn|30
|
|move|p1a: Cresselia|Moonlight|p1a: Cresselia
|-heal|p1a: Cresselia|351\/444
|move|p2a: Sylveon|Shadow Ball|p1a: Cresselia
|-supereffective|p1a: Cresselia
|-damage|p1a: Cresselia|175\/444
|
|-heal|p1a: Cresselia|202\/444|[from] item: Leftovers
|turn|31
|
|switch|p2a: Scizor|Scizor-Mega, M|132\/343
|-damage|p2a: Scizor|90\/343|[from] Stealth Rock
|move|p1a: Cresselia|Moonlight|p1a: Cresselia
|-heal|p1a: Cresselia|424\/444
|
|-heal|p1a: Cresselia|444\/444|[from] item: Leftovers
|turn|32
|
|switch|p1a: Skarmory|Skarmory, M|127\/334
|move|p2a: Scizor|Roost|p2a: Scizor
|-heal|p2a: Scizor|262\/343
|
|turn|33
|
|switch|p2a: Heatran|Heatran, M|362\/386
|-damage|p2a: Heatran|314\/386|[from] Stealth Rock
|move|p1a: Skarmory|Spikes|p2a: Heatran
|-sidestart|p2: bizarman|Spikes
|
|-heal|p2a: Heatran|338\/386|[from] item: Leftovers
|turn|34
|
|switch|p1a: Quagsire|Quagsire, F|393\/393
|move|p2a: Heatran|Lava Plume|p1a: Quagsire
|-resisted|p1a: Quagsire
|-damage|p1a: Quagsire|309\/393
|-status|p1a: Quagsire|brn
|
|-heal|p2a: Heatran|362\/386|[from] item: Leftovers
|-heal|p1a: Quagsire|333\/393 brn|[from] item: Leftovers
|-damage|p1a: Quagsire|284\/393 brn|[from] brn
|turn|35
|
|move|p2a: Heatran|Stealth Rock|p1a: Quagsire
|-sidestart|p1: CleanerThanRotom-W|move: Stealth Rock
|move|p1a: Quagsire|Earthquake|p2a: Heatran
|-supereffective|p2a: Heatran
|-damage|p2a: Heatran|154\/386
|
|-heal|p2a: Heatran|178\/386|[from] item: Leftovers
|-heal|p1a: Quagsire|308\/393 brn|[from] item: Leftovers
|-damage|p1a: Quagsire|259\/393 brn|[from] brn
|turn|36
|
|switch|p2a: Starmie|Starmie|323\/323
|-damage|p2a: Starmie|283\/323|[from] Stealth Rock
|-damage|p2a: Starmie|243\/323|[from] Spikes
|move|p1a: Quagsire|Recover|p1a: Quagsire
|-heal|p1a: Quagsire|393\/393 brn
|
|-heal|p2a: Starmie|263\/323|[from] item: Leftovers
|-damage|p1a: Quagsire|344\/393 brn|[from] brn
|turn|37
|
|switch|p1a: Sableye|Sableye-Mega, F|303\/303
|-damage|p1a: Sableye|266\/303|[from] Stealth Rock
|move|p2a: Starmie|Scald|p1a: Sableye
|-damage|p1a: Sableye|206\/303
|-status|p1a: Sableye|brn
|
|-heal|p2a: Starmie|283\/323|[from] item: Leftovers
|-damage|p1a: Sableye|169\/303 brn|[from] brn
|turn|38
|
|move|p2a: Starmie|Scald|p1a: Sableye
|-damage|p1a: Sableye|106\/303 brn
|move|p1a: Sableye|Recover|p1a: Sableye
|-heal|p1a: Sableye|258\/303 brn
|
|-heal|p2a: Starmie|303\/323|[from] item: Leftovers
|-damage|p1a: Sableye|221\/303 brn|[from] brn
|turn|39
|
|switch|p2a: Sylveon|Sylveon, M|246\/393
|-damage|p2a: Sylveon|197\/393|[from] Stealth Rock
|-damage|p2a: Sylveon|148\/393|[from] Spikes
|move|p1a: Sableye|Recover|p1a: Sableye
|-heal|p1a: Sableye|303\/303 brn
|
|-damage|p1a: Sableye|266\/303 brn|[from] brn
|turn|40
|
|switch|p1a: Cresselia|Cresselia, F|444\/444
|-damage|p1a: Cresselia|389\/444|[from] Stealth Rock
|move|p2a: Sylveon|Hyper Voice|p1a: Cresselia
|-crit|p1a: Cresselia
|-damage|p1a: Cresselia|97\/444
|
|-heal|p1a: Cresselia|124\/444|[from] item: Leftovers
|turn|41
|
|move|p1a: Cresselia|Moonlight|p1a: Cresselia
|-heal|p1a: Cresselia|346\/444
|move|p2a: Sylveon|Hyper Voice|p1a: Cresselia
|-damage|p1a: Cresselia|157\/444
|
|-heal|p1a: Cresselia|184\/444|[from] item: Leftovers
|turn|42
|
|switch|p2a: Scizor|Scizor-Mega, M|262\/343
|-damage|p2a: Scizor|220\/343|[from] Stealth Rock
|-damage|p2a: Scizor|178\/343|[from] Spikes
|move|p1a: Cresselia|Moonlight|p1a: Cresselia
|-heal|p1a: Cresselia|406\/444
|
|-heal|p1a: Cresselia|433\/444|[from] item: Leftovers
|turn|43
|
|switch|p1a: Quagsire|Quagsire, F|344\/393 brn
|-damage|p1a: Quagsire|320\/393 brn|[from] Stealth Rock
|move|p2a: Scizor|Swords Dance|p2a: Scizor
|-boost|p2a: Scizor|atk|2
|
|-heal|p1a: Quagsire|344\/393 brn|[from] item: Leftovers
|-damage|p1a: Quagsire|295\/393 brn|[from] brn
|turn|44
|join|BHARATHTHEBEST
|
|switch|p2a: Starmie|Starmie|303\/323
|-damage|p2a: Starmie|263\/323|[from] Stealth Rock
|-damage|p2a: Starmie|223\/323|[from] Spikes
|move|p1a: Quagsire|Scald|p2a: Starmie
|-resisted|p2a: Starmie
|-damage|p2a: Starmie|186\/323
|
|-heal|p2a: Starmie|206\/323|[from] item: Leftovers
|-heal|p1a: Quagsire|319\/393 brn|[from] item: Leftovers
|-damage|p1a: Quagsire|270\/393 brn|[from] brn
|turn|45
|
|switch|p1a: Sableye|Sableye-Mega, F|266\/303 brn
|-damage|p1a: Sableye|229\/303 brn|[from] Stealth Rock
|move|p2a: Starmie|Rapid Spin|p1a: Sableye
|-immune|p1a: Sableye|[msg]
|
|-heal|p2a: Starmie|226\/323|[from] item: Leftovers
|-damage|p1a: Sableye|192\/303 brn|[from] brn
|turn|46
|
|move|p2a: Starmie|Scald|p1a: Sableye
|-damage|p1a: Sableye|131\/303 brn
|move|p1a: Sableye|Recover|p1a: Sableye
|-heal|p1a: Sableye|283\/303 brn
|
|-heal|p2a: Starmie|246\/323|[from] item: Leftovers
|-damage|p1a: Sableye|246\/303 brn|[from] brn
|turn|47
|
|move|p2a: Starmie|Scald|p1a: Sableye
|-damage|p1a: Sableye|183\/303 brn
|move|p1a: Sableye|Snarl|p2a: Starmie
|-supereffective|p2a: Starmie
|-damage|p2a: Starmie|106\/323
|-unboost|p2a: Starmie|spa|1
|
|-heal|p2a: Starmie|126\/323|[from] item: Leftovers
|-damage|p1a: Sableye|146\/303 brn|[from] brn
|turn|48
|join|Alexander
|
|move|p2a: Starmie|Rapid Spin|p1a: Sableye
|-immune|p1a: Sableye|[msg]
|move|p1a: Sableye|Recover|p1a: Sableye
|-heal|p1a: Sableye|298\/303 brn
|
|-heal|p2a: Starmie|146\/323|[from] item: Leftovers
|-damage|p1a: Sableye|261\/303 brn|[from] brn
|turn|49
|
|move|p2a: Starmie|Recover|p2a: Starmie
|-heal|p2a: Starmie|308\/323
|move|p1a: Sableye|Snarl|p2a: Starmie
|-supereffective|p2a: Starmie
|-damage|p2a: Starmie|182\/323
|-unboost|p2a: Starmie|spa|1
|
|-heal|p2a: Starmie|202\/323|[from] item: Leftovers
|-damage|p1a: Sableye|224\/303 brn|[from] brn
|turn|50
|
|move|p2a: Starmie|Recover|p2a: Starmie
|-heal|p2a: Starmie|323\/323
|move|p1a: Sableye|Recover|p1a: Sableye
|-heal|p1a: Sableye|303\/303 brn
|
|-damage|p1a: Sableye|266\/303 brn|[from] brn
|turn|51
|
|switch|p2a: Talonflame|Talonflame, F|360\/360
|-damage|p2a: Talonflame|180\/360|[from] Stealth Rock
|move|p1a: Sableye|Calm Mind|p1a: Sableye
|-boost|p1a: Sableye|spa|1
|-boost|p1a: Sableye|spd|1
|
|-heal|p2a: Talonflame|202\/360|[from] item: Leftovers
|-damage|p1a: Sableye|229\/303 brn|[from] brn
|turn|52
|
|move|p2a: Talonflame|Bulk Up|p2a: Talonflame
|-boost|p2a: Talonflame|atk|1
|-boost|p2a: Talonflame|def|1
|move|p1a: Sableye|Snarl|p2a: Talonflame
|-damage|p2a: Talonflame|121\/360
|-unboost|p2a: Talonflame|spa|1
|
|-heal|p2a: Talonflame|143\/360|[from] item: Leftovers
|-damage|p1a: Sableye|192\/303 brn|[from] brn
|turn|53
|
|switch|p1a: Quagsire|Quagsire, F|270\/393 brn
|-damage|p1a: Quagsire|246\/393 brn|[from] Stealth Rock
|move|p2a: Talonflame|Roost|p2a: Talonflame
|-heal|p2a: Talonflame|323\/360
|
|-heal|p2a: Talonflame|345\/360|[from] item: Leftovers
|-heal|p1a: Quagsire|270\/393 brn|[from] item: Leftovers
|-damage|p1a: Quagsire|221\/393 brn|[from] brn
|turn|54
|
|move|p2a: Talonflame|Taunt|p1a: Quagsire
|-start|p1a: Quagsire|move: Taunt
|move|p1a: Quagsire|Scald|p2a: Talonflame
|-supereffective|p2a: Talonflame
|-damage|p2a: Talonflame|223\/360
|
|-heal|p2a: Talonflame|245\/360|[from] item: Leftovers
|-heal|p1a: Quagsire|245\/393 brn|[from] item: Leftovers
|-damage|p1a: Quagsire|196\/393 brn|[from] brn
|turn|55
|
|move|p2a: Talonflame|Bulk Up|p2a: Talonflame
|-boost|p2a: Talonflame|atk|1
|-boost|p2a: Talonflame|def|1
|move|p1a: Quagsire|Scald|p2a: Talonflame
|-supereffective|p2a: Talonflame
|-damage|p2a: Talonflame|125\/360
|
|-heal|p2a: Talonflame|147\/360|[from] item: Leftovers
|-heal|p1a: Quagsire|220\/393 brn|[from] item: Leftovers
|-damage|p1a: Quagsire|171\/393 brn|[from] brn
|turn|56
|
|move|p2a: Talonflame|Roost|p2a: Talonflame
|-heal|p2a: Talonflame|327\/360
|move|p1a: Quagsire|Scald|p2a: Talonflame
|-supereffective|p2a: Talonflame
|-damage|p2a: Talonflame|195\/360
|
|-heal|p2a: Talonflame|217\/360|[from] item: Leftovers
|-heal|p1a: Quagsire|195\/393 brn|[from] item: Leftovers
|-damage|p1a: Quagsire|146\/393 brn|[from] brn
|-end|p1a: Quagsire|move: Taunt
|turn|57
|
|switch|p1a: Sableye|Sableye-Mega, F|192\/303 brn
|-damage|p1a: Sableye|155\/303 brn|[from] Stealth Rock
|move|p2a: Talonflame|Roost|p2a: Talonflame
|-heal|p2a: Talonflame|360\/360
|
|-damage|p1a: Sableye|118\/303 brn|[from] brn
|turn|58
|
|switch|p1a: Skarmory|Skarmory, M|127\/334
|-damage|p1a: Skarmory|86\/334|[from] Stealth Rock
|move|p2a: Talonflame|Brave Bird|p1a: Skarmory
|-crit|p1a: Skarmory
|-resisted|p1a: Skarmory
|-damage|p1a: Skarmory|0 fnt
|-damage|p2a: Talonflame|300\/360|[from] item: Rocky Helmet|[of] p1a: Skarmory
|-damage|p2a: Talonflame|272\/360|[from] recoil|[of] p1a: Skarmory
|faint|p1a: Skarmory
|
|-heal|p2a: Talonflame|294\/360|[from] item: Leftovers
|join|ryksk
|
|switch|p1a: Cresselia|Cresselia, F|433\/444
|-damage|p1a: Cresselia|378\/444|[from] Stealth Rock
|turn|59
|
|switch|p1a: Sableye|Sableye-Mega, F|118\/303 brn
|-damage|p1a: Sableye|81\/303 brn|[from] Stealth Rock
|move|p2a: Talonflame|Taunt|p1a: Sableye
|move|p1a: Sableye|Taunt|p2a: Talonflame|[from]Magic Bounce
|-start|p2a: Talonflame|move: Taunt
|
|-heal|p2a: Talonflame|316\/360|[from] item: Leftovers
|-damage|p1a: Sableye|44\/303 brn|[from] brn
|turn|60
|join|Toxzn
|
|move|p2a: Talonflame|Brave Bird|p1a: Sableye
|-damage|p1a: Sableye|0 fnt
|-damage|p2a: Talonflame|301\/360|[from] recoil|[of] p1a: Sableye
|faint|p1a: Sableye
|
|-heal|p2a: Talonflame|323\/360|[from] item: Leftovers
|
|switch|p1a: Cresselia|Cresselia, F|378\/444
|-damage|p1a: Cresselia|323\/444|[from] Stealth Rock
|turn|61
|
|move|p2a: Talonflame|Brave Bird|p1a: Cresselia
|-damage|p1a: Cresselia|127\/444
|-damage|p2a: Talonflame|258\/360|[from] recoil|[of] p1a: Cresselia
|move|p1a: Cresselia|Toxic|p2a: Talonflame|[miss]
|-miss|p1a: Cresselia|p2a: Talonflame
|
|-heal|p2a: Talonflame|280\/360|[from] item: Leftovers
|-heal|p1a: Cresselia|154\/444|[from] item: Leftovers
|turn|62
|-message|CleanerThanRotom-W forfeited.
|
|win|bizarman
|raw|Ladder updating...
|leave|CleanerThanRotom-W
|player|p1
|raw|CleanerThanRotom-W's rating: 1806 &rarr; <strong>1776<\/strong><br \/>(-30 for losing)
|raw|bizarman's rating: 1619 &rarr; <strong>1649<\/strong><br \/>(+30 for winning)
|c|âbizarman|gg
|join|Herro Ladder.