|join|the newb shitto
|join|bizarman
|player|p1|the newb shitto|209
|player|p2|bizarman|42
|gametype|singles
|gen|6
|tier|OU (suspect test)
|rated
|clearpoke
|poke|p1|Gallade, M, shiny
|poke|p1|Klefki, F, shiny
|poke|p1|Kyurem-Black, shiny
|poke|p1|Gyarados, M, shiny
|poke|p1|Latios, M, shiny
|poke|p1|Keldeo
|poke|p2|Metagross
|poke|p2|Kyurem-Black
|poke|p2|Thundurus, M
|poke|p2|Clefable, M
|poke|p2|Tentacruel, M
|poke|p2|Heatran, M
|rule|Swagger Clause: Swagger is banned
|rule|Baton Pass Clause: Limit one PokÃ©mon knowing Baton Pass
|rule|Sleep Clause Mod: Limit one foe put to sleep
|rule|Species Clause: Limit one of each PokÃ©mon
|rule|OHKO Clause: OHKO moves are banned
|rule|Moody Clause: Moody is banned
|rule|Evasion Moves Clause: Evasion moves are banned
|rule|Endless Battle Clause: Forcing endless battles is banned
|rule|HP Percentage Mod: HP is shown in percentages
|teampreview
|
|start
|switch|p1a: Inb4 Mega|Gyarados, M, shiny|331\/331
|switch|p2a: Heatran|Heatran, M|323\/323
|-item|p2a: Heatran|Air Balloon
|-ability|p1a: Inb4 Mega|Intimidate|[of] p2a: Heatran
|-unboost|p2a: Heatran|atk|1
|turn|1
|
|switch|p2a: Thundurus|Thundurus, M|299\/299
|move|p1a: Inb4 Mega|Substitute|p1a: Inb4 Mega
|-start|p1a: Inb4 Mega|Substitute
|-damage|p1a: Inb4 Mega|249\/331
|
|-heal|p1a: Inb4 Mega|269\/331|[from] item: Leftovers
|turn|2
|
|move|p2a: Thundurus|Thunderbolt|p1a: Inb4 Mega
|-supereffective|p1a: Inb4 Mega
|-end|p1a: Inb4 Mega|Substitute
|-damage|p2a: Thundurus|270\/299|[from] item: Life Orb
|move|p1a: Inb4 Mega|Dragon Dance|p1a: Inb4 Mega
|-boost|p1a: Inb4 Mega|atk|1
|-boost|p1a: Inb4 Mega|spe|1
|
|-heal|p1a: Inb4 Mega|289\/331|[from] item: Leftovers
|turn|3
|
|switch|p2a: Clefable|Clefable, M|394\/394
|move|p1a: Inb4 Mega|Waterfall|p2a: Clefable
|-damage|p2a: Clefable|256\/394
|
|-heal|p1a: Inb4 Mega|309\/331|[from] item: Leftovers
|-heal|p2a: Clefable|280\/394|[from] item: Leftovers
|turn|4
|
|move|p1a: Inb4 Mega|Substitute|p1a: Inb4 Mega
|-start|p1a: Inb4 Mega|Substitute
|-damage|p1a: Inb4 Mega|227\/331
|move|p2a: Clefable|Wish|p2a: Clefable
|
|-heal|p1a: Inb4 Mega|247\/331|[from] item: Leftovers
|-heal|p2a: Clefable|304\/394|[from] item: Leftovers
|turn|5
|
|move|p1a: Inb4 Mega|Dragon Dance|p1a: Inb4 Mega
|-boost|p1a: Inb4 Mega|atk|1
|-boost|p1a: Inb4 Mega|spe|1
|move|p2a: Clefable|Moonblast|p1a: Inb4 Mega
|-end|p1a: Inb4 Mega|Substitute
|
|-heal|p2a: Clefable|394\/394|[from] move: Wish|[wisher] Clefable
|-heal|p1a: Inb4 Mega|267\/331|[from] item: Leftovers
|turn|6
|
|move|p1a: Inb4 Mega|Waterfall|p2a: Clefable
|-damage|p2a: Clefable|255\/394
|move|p2a: Clefable|Moonblast|p1a: Inb4 Mega
|-damage|p1a: Inb4 Mega|152\/331
|
|-heal|p1a: Inb4 Mega|172\/331|[from] item: Leftovers
|-heal|p2a: Clefable|279\/394|[from] item: Leftovers
|turn|7
|
|move|p1a: Inb4 Mega|Bounce|p2a: Clefable|[still]
|-prepare|p1a: Inb4 Mega|Bounce|p2a: Clefable
|move|p2a: Clefable|Wish|p2a: Clefable
|
|-heal|p1a: Inb4 Mega|192\/331|[from] item: Leftovers
|-heal|p2a: Clefable|303\/394|[from] item: Leftovers
|turn|8
|
|move|p1a: Inb4 Mega|Bounce|p2a: Clefable
|-damage|p2a: Clefable|149\/394
|-status|p2a: Clefable|par
|move|p2a: Clefable|Moonblast|p1a: Inb4 Mega
|-damage|p1a: Inb4 Mega|77\/331
|-unboost|p1a: Inb4 Mega|spa|1
|
|-heal|p2a: Clefable|346\/394 par|[from] move: Wish|[wisher] Clefable
|-heal|p1a: Inb4 Mega|97\/331|[from] item: Leftovers
|-heal|p2a: Clefable|370\/394 par|[from] item: Leftovers
|turn|9
|
|move|p1a: Inb4 Mega|Waterfall|p2a: Clefable
|-damage|p2a: Clefable|244\/394 par
|move|p2a: Clefable|Moonblast|p1a: Inb4 Mega
|-damage|p1a: Inb4 Mega|0 fnt
|faint|p1a: Inb4 Mega
|
|-heal|p2a: Clefable|268\/394 par|[from] item: Leftovers
|
|switch|p1a: Klefki|Klefki, F, shiny|317\/317
|turn|10
|
|switch|p2a: Thundurus|Thundurus, M|270\/299
|move|p1a: Klefki|Reflect|p1a: Klefki
|-sidestart|p1: the newb shitto|Reflect
|
|turn|11
|
|switch|p1a: Kyurem-Black|Kyurem-Black, shiny|391\/391
|-ability|p1a: Kyurem-Black|Teravolt
|move|p2a: Thundurus|Thunderbolt|p1a: Kyurem-Black
|-resisted|p1a: Kyurem-Black
|-damage|p1a: Kyurem-Black|270\/391
|-damage|p2a: Thundurus|241\/299|[from] item: Life Orb
|
|turn|12
|
|switch|p2a: Metagross|Metagross|301\/301
|move|p1a: Kyurem-Black|Fusion Bolt|p2a: Metagross
|-damage|p2a: Metagross|179\/301
|
|turn|13
|
|detailschange|p2a: Metagross|Metagross-Mega
|-mega|p2a: Metagross|Metagross|Metagrossite
|move|p1a: Kyurem-Black|Fusion Bolt|p2a: Metagross
|-damage|p2a: Metagross|76\/301
|move|p2a: Metagross|Meteor Mash|p1a: Kyurem-Black
|-supereffective|p1a: Kyurem-Black
|-damage|p1a: Kyurem-Black|51\/391
|
|turn|14
|
|switch|p1a: Keldeo|Keldeo|323\/323
|move|p2a: Metagross|Meteor Mash|p1a: Keldeo
|-resisted|p1a: Keldeo
|-damage|p1a: Keldeo|264\/323
|
|turn|15
|
|move|p2a: Metagross|Zen Headbutt|p1a: Keldeo
|-supereffective|p1a: Keldeo
|-damage|p1a: Keldeo|20\/323
|move|p1a: Keldeo|Hidden Power|p2a: Metagross
|-supereffective|p2a: Metagross
|-damage|p2a: Metagross|0 fnt
|faint|p2a: Metagross
|
|
|switch|p2a: Tentacruel|Tentacruel, M|364\/364
|turn|16
|
|move|p1a: Keldeo|Scald|p2a: Tentacruel
|-resisted|p2a: Tentacruel
|-damage|p2a: Tentacruel|304\/364
|move|p2a: Tentacruel|Scald|p1a: Keldeo
|-resisted|p1a: Keldeo
|-damage|p1a: Keldeo|0 fnt
|faint|p1a: Keldeo
|
|-heal|p2a: Tentacruel|326\/364|[from] item: Black Sludge
|
|switch|p1a: Klefki|Klefki, F, shiny|317\/317
|turn|17
|
|move|p1a: Klefki|Thunder Wave|p2a: Tentacruel
|-status|p2a: Tentacruel|par
|move|p2a: Tentacruel|Knock Off|p1a: Klefki
|-crit|p1a: Klefki
|-resisted|p1a: Klefki
|-damage|p1a: Klefki|287\/317
|-enditem|p1a: Klefki|Light Clay|[from] move: Knock Off|[of] p2a: Tentacruel
|
|-heal|p2a: Tentacruel|348\/364 par|[from] item: Black Sludge
|-sideend|p1: the newb shitto|Reflect
|turn|18
|
|move|p1a: Klefki|Light Screen|p1a: Klefki
|-sidestart|p1: the newb shitto|move: Light Screen
|move|p2a: Tentacruel|Scald|p1a: Klefki
|-damage|p1a: Klefki|242\/317
|
|-heal|p2a: Tentacruel|364\/364 par|[from] item: Black Sludge
|turn|19
|
|switch|p2a: Heatran|Heatran, M|323\/323
|-item|p2a: Heatran|Air Balloon
|move|p1a: Klefki|Reflect|p1a: Klefki
|-sidestart|p1: the newb shitto|Reflect
|
|turn|20
|
|move|p1a: Klefki|Thunder Wave|p2a: Heatran
|-status|p2a: Heatran|par
|move|p2a: Heatran|Stealth Rock|p1a: Klefki
|-sidestart|p1: the newb shitto|move: Stealth Rock
|
|turn|21
|
|move|p1a: Klefki|Spikes|p2a: Heatran
|-sidestart|p2: bizarman|Spikes
|cant|p2a: Heatran|par
|
|turn|22
|
|switch|p1a: Inb4 Mega|Gallade, M, shiny|277\/277
|-damage|p1a: Inb4 Mega|260\/277|[from] Stealth Rock
|switch|p2a: Tentacruel|Tentacruel, M|364\/364 par
|-damage|p2a: Tentacruel|319\/364 par|[from] Spikes
|
|-heal|p2a: Tentacruel|341\/364 par|[from] item: Black Sludge
|-sideend|p1: the newb shitto|move: Light Screen
|turn|23
|
|switch|p2a: Heatran|Heatran, M|323\/323 par
|-item|p2a: Heatran|Air Balloon
|detailschange|p1a: Inb4 Mega|Gallade-Mega, M, shiny
|-mega|p1a: Inb4 Mega|Gallade|Galladite
|move|p1a: Inb4 Mega|Swords Dance|p1a: Inb4 Mega
|-boost|p1a: Inb4 Mega|atk|2
|
|-sideend|p1: the newb shitto|Reflect
|turn|24
|
|switch|p2a: Clefable|Clefable, M|268\/394 par
|-damage|p2a: Clefable|219\/394 par|[from] Spikes
|move|p1a: Inb4 Mega|Drain Punch|p2a: Clefable
|-resisted|p2a: Clefable
|-damage|p2a: Clefable|150\/394 par
|-heal|p1a: Inb4 Mega|277\/277|[from] drain|[of] p2a: Clefable
|
|-heal|p2a: Clefable|174\/394 par|[from] item: Leftovers
|turn|25
|
|cant|p2a: Clefable|par
|move|p1a: Inb4 Mega|Psycho Cut|p2a: Clefable
|-crit|p2a: Clefable
|-damage|p2a: Clefable|0 fnt
|faint|p2a: Clefable
|
|
|switch|p2a: Thundurus|Thundurus, M|241\/299
|turn|26
|
|move|p2a: Thundurus|Thunder Wave|p1a: Inb4 Mega
|-status|p1a: Inb4 Mega|par
|move|p1a: Inb4 Mega|Psycho Cut|p2a: Thundurus
|-damage|p2a: Thundurus|0 fnt
|faint|p2a: Thundurus
|
|
|switch|p2a: Kyurem-Black|Kyurem-Black|391\/391
|-damage|p2a: Kyurem-Black|343\/391|[from] Spikes
|-ability|p2a: Kyurem-Black|Teravolt
|turn|27
|c|âbizarman|gg
|
|move|p2a: Kyurem-Black|Ice Beam|p1a: Inb4 Mega
|-damage|p1a: Inb4 Mega|102\/277 par
|-damage|p2a: Kyurem-Black|304\/391|[from] item: Life Orb
|move|p1a: Inb4 Mega|Drain Punch|p2a: Kyurem-Black
|-supereffective|p2a: Kyurem-Black
|-damage|p2a: Kyurem-Black|0 fnt
|-heal|p1a: Inb4 Mega|254\/277 par|[from] drain|[of] p2a: Kyurem-Black
|faint|p2a: Kyurem-Black
|
|c|âthe newb shitto|gg
|
|switch|p2a: Heatran|Heatran, M|323\/323 par
|-item|p2a: Heatran|Air Balloon
|turn|28
|
|move|p1a: Inb4 Mega|Drain Punch|p2a: Heatran
|-supereffective|p2a: Heatran
|-damage|p2a: Heatran|0 fnt
|-heal|p1a: Inb4 Mega|277\/277 par|[from] drain|[of] p2a: Heatran
|-enditem|p2a: Heatran|Air Balloon
|faint|p2a: Heatran
|
|
|switch|p2a: Tentacruel|Tentacruel, M|341\/364 par
|-damage|p2a: Tentacruel|296\/364 par|[from] Spikes
|turn|29
|
|cant|p1a: Inb4 Mega|par
|move|p2a: Tentacruel|Scald|p1a: Inb4 Mega
|-damage|p1a: Inb4 Mega|211\/277 par
|
|-heal|p2a: Tentacruel|318\/364 par|[from] item: Black Sludge
|turn|30
|c|âthe newb shitto|gg
|
|move|p1a: Inb4 Mega|Psycho Cut|p2a: Tentacruel
|-supereffective|p2a: Tentacruel
|-damage|p2a: Tentacruel|0 fnt
|faint|p2a: Tentacruel
|
|win|the newb shitto
|raw|Ladder updating...
|raw|the newb shitto's rating: 1173 &rarr; <strong>1204<\/strong><br \/>(+31 for winning)
|raw|bizarman's rating: 1263 &rarr; <strong>1232<\/strong><br \/>(-31 for losing)
|leave|bizarman
|player|p2