|join|julillogm
|join|tmmh
|player|p1|julillogm|169
|player|p2|tmmh|290
|gametype|singles
|gen|6
|tier|OU
|rated
|clearpoke
|poke|p1|Rotom-Wash
|poke|p1|Landorus-Therian, M
|poke|p1|Clefable, M
|poke|p1|Manectric, F
|poke|p1|Skarmory, F
|poke|p1|Conkeldurr, F
|poke|p2|Alakazam, F, shiny
|poke|p2|Excadrill, M
|poke|p2|Tyranitar, M
|poke|p2|Clefable, F, shiny
|poke|p2|Charizard, M
|poke|p2|Ferrothorn, F
|rule|Swagger Clause: Swagger is banned
|rule|Baton Pass Clause: Limit one PokÃ©mon knowing Baton Pass
|rule|Sleep Clause Mod: Limit one foe put to sleep
|rule|Species Clause: Limit one of each PokÃ©mon
|rule|OHKO Clause: OHKO moves are banned
|rule|Moody Clause: Moody is banned
|rule|Evasion Moves Clause: Evasion moves are banned
|rule|Endless Battle Clause: Forcing endless battles is banned
|rule|HP Percentage Mod: HP is shown in percentages
|teampreview
|
|start
|switch|p1a: Landorus-Therian|Landorus-Therian, M|319\/319
|switch|p2a: ZaryCha|Charizard, M|297\/297
|-ability|p1a: Landorus-Therian|Intimidate|[of] p2a: ZaryCha
|-unboost|p2a: ZaryCha|atk|1
|turn|1
|
|detailschange|p2a: ZaryCha|Charizard-Mega-Y, M
|-mega|p2a: ZaryCha|Charizard|Charizardite Y
|-weather|SunnyDay
|move|p1a: Landorus-Therian|Stone Edge|p2a: ZaryCha
|-supereffective|p2a: ZaryCha
|-damage|p2a: ZaryCha|0 fnt
|faint|p2a: ZaryCha
|
|-weather|SunnyDay|[upkeep]
|
|switch|p2a: Cactusssssssss|Ferrothorn, F|351\/351
|turn|2
|
|switch|p1a: Rotom-Wash|Rotom-Wash|303\/303
|move|p2a: Cactusssssssss|Knock Off|p1a: Rotom-Wash
|-damage|p1a: Rotom-Wash|247\/303
|-enditem|p1a: Rotom-Wash|Leftovers|[from] move: Knock Off|[of] p2a: Cactusssssssss
|
|-weather|SunnyDay|[upkeep]
|turn|3
|
|move|p1a: Rotom-Wash|Will-O-Wisp|p2a: Cactusssssssss|[miss]
|-miss|p1a: Rotom-Wash|p2a: Cactusssssssss
|move|p2a: Cactusssssssss|Leech Seed|p1a: Rotom-Wash
|-start|p1a: Rotom-Wash|move: Leech Seed
|
|-weather|SunnyDay|[upkeep]
|-damage|p1a: Rotom-Wash|210\/303|[from] Leech Seed|[of] p2a: Cactusssssssss
|turn|4
|
|switch|p1a: Clefable|Clefable, M|394\/394
|switch|p2a: David Copperfield|Alakazam, F, shiny|251\/251
|
|-weather|SunnyDay|[upkeep]
|turn|5
|
|move|p2a: David Copperfield|Psyshock|p1a: Clefable
|-damage|p1a: Clefable|207\/394
|move|p1a: Clefable|Moonblast|p2a: David Copperfield
|-damage|p2a: David Copperfield|139\/251
|
|-weather|none
|-heal|p1a: Clefable|231\/394|[from] item: Leftovers
|turn|6
|
|switch|p1a: Skarmory|Skarmory, F|333\/333
|move|p2a: David Copperfield|Psyshock|p1a: Skarmory
|-crit|p1a: Skarmory
|-resisted|p1a: Skarmory
|-damage|p1a: Skarmory|246\/333
|
|turn|7
|
|move|p2a: David Copperfield|Focus Blast|p1a: Skarmory
|-damage|p1a: Skarmory|0 fnt
|faint|p1a: Skarmory
|
|
|switch|p1a: Landorus-Therian|Landorus-Therian, M|319\/319
|-ability|p1a: Landorus-Therian|Intimidate|[of] p2a: David Copperfield
|-unboost|p2a: David Copperfield|atk|1
|turn|8
|
|switch|p2a: Cactusssssssss|Ferrothorn, F|351\/351
|move|p1a: Landorus-Therian|U-turn|p2a: Cactusssssssss
|-damage|p2a: Cactusssssssss|282\/351
|-damage|p1a: Landorus-Therian|280\/319|[from] ability: Iron Barbs|[of] p2a: Cactusssssssss
|-damage|p1a: Landorus-Therian|227\/319|[from] item: Rocky Helmet|[of] p2a: Cactusssssssss
|
|switch|p1a: Manectric|Manectric, F|281\/281
|
|turn|9
|
|switch|p2a: Tyrannosaurus|Tyranitar, M|401\/401
|-weather|Sandstorm
|detailschange|p1a: Manectric|Manectric-Mega, F
|-mega|p1a: Manectric|Manectric|Manectite
|-ability|p1a: Manectric|Intimidate|[of] p2a: Tyrannosaurus
|-unboost|p2a: Tyrannosaurus|atk|1
|move|p1a: Manectric|Flamethrower|p2a: Tyrannosaurus
|-resisted|p2a: Tyrannosaurus
|-damage|p2a: Tyrannosaurus|366\/401
|
|-weather|Sandstorm|[upkeep]
|-damage|p1a: Manectric|264\/281|[from] sandstorm
|turn|10
|
|move|p1a: Manectric|Volt Switch|p2a: Tyrannosaurus
|-damage|p2a: Tyrannosaurus|287\/401
|
|switch|p1a: Conkeldurr|Conkeldurr, F|351\/351
|move|p2a: Tyrannosaurus|Stealth Rock|p1a: Conkeldurr
|-sidestart|p1: julillogm|move: Stealth Rock
|
|-weather|Sandstorm|[upkeep]
|-damage|p1a: Conkeldurr|330\/351|[from] sandstorm
|turn|11
|
|switch|p2a: CleFabulous|Clefable, F, shiny|393\/393
|move|p1a: Conkeldurr|Poison Jab|p2a: CleFabulous
|-supereffective|p2a: CleFabulous
|-damage|p2a: CleFabulous|189\/393
|
|-weather|Sandstorm|[upkeep]
|-damage|p2a: CleFabulous|165\/393|[from] sandstorm
|-damage|p1a: Conkeldurr|309\/351|[from] sandstorm
|-heal|p2a: CleFabulous|189\/393|[from] item: Leftovers
|turn|12
|
|move|p2a: CleFabulous|Protect|p2a: CleFabulous
|-singleturn|p2a: CleFabulous|Protect
|move|p1a: Conkeldurr|Drain Punch|p2a: CleFabulous
|-activate|p2a: CleFabulous|Protect
|
|-weather|Sandstorm|[upkeep]
|-damage|p2a: CleFabulous|165\/393|[from] sandstorm
|-damage|p1a: Conkeldurr|288\/351|[from] sandstorm
|-heal|p2a: CleFabulous|189\/393|[from] item: Leftovers
|turn|13
|
|move|p2a: CleFabulous|Wish|p2a: CleFabulous
|move|p1a: Conkeldurr|Poison Jab|p2a: CleFabulous
|-supereffective|p2a: CleFabulous
|-damage|p2a: CleFabulous|0 fnt
|faint|p2a: CleFabulous
|
|-weather|Sandstorm|[upkeep]
|-damage|p1a: Conkeldurr|267\/351|[from] sandstorm
|
|switch|p2a: David Copperfield|Alakazam, F, shiny|139\/251
|turn|14
|
|switch|p1a: Rotom-Wash|Rotom-Wash|210\/303
|-damage|p1a: Rotom-Wash|173\/303|[from] Stealth Rock
|move|p2a: David Copperfield|Psyshock|p1a: Rotom-Wash
|-damage|p1a: Rotom-Wash|39\/303
|
|-weather|Sandstorm|[upkeep]
|-damage|p1a: Rotom-Wash|21\/303|[from] sandstorm
|-heal|p2a: David Copperfield|251\/251|[from] move: Wish|[wisher] CleFabulous
|turn|15
|
|move|p2a: David Copperfield|Psyshock|p1a: Rotom-Wash
|-damage|p1a: Rotom-Wash|0 fnt
|faint|p1a: Rotom-Wash
|
|-weather|Sandstorm|[upkeep]
|
|switch|p1a: Landorus-Therian|Landorus-Therian, M|227\/319
|-damage|p1a: Landorus-Therian|188\/319|[from] Stealth Rock
|-ability|p1a: Landorus-Therian|Intimidate|[of] p2a: David Copperfield
|-unboost|p2a: David Copperfield|atk|1
|turn|16
|
|switch|p2a: Ex-Boyfriend|Excadrill, M|373\/373
|-item|p2a: Ex-Boyfriend|Air Balloon
|move|p1a: Landorus-Therian|Knock Off|p2a: Ex-Boyfriend
|-damage|p2a: Ex-Boyfriend|181\/373
|-enditem|p2a: Ex-Boyfriend|Air Balloon
|
|-weather|none
|turn|17
|
|move|p1a: Landorus-Therian|Knock Off|p2a: Ex-Boyfriend
|-damage|p2a: Ex-Boyfriend|61\/373
|move|p2a: Ex-Boyfriend|Iron Head|p1a: Landorus-Therian
|-damage|p1a: Landorus-Therian|26\/319
|
|turn|18
|
|switch|p2a: Cactusssssssss|Ferrothorn, F|282\/351
|move|p1a: Landorus-Therian|Knock Off|p2a: Cactusssssssss
|-damage|p2a: Cactusssssssss|186\/351
|-damage|p1a: Landorus-Therian|0 fnt|[from] ability: Iron Barbs|[of] p2a: Cactusssssssss
|faint|p1a: Landorus-Therian
|
|
|switch|p1a: Manectric|Manectric-Mega, F|264\/281
|-damage|p1a: Manectric|229\/281|[from] Stealth Rock
|-ability|p1a: Manectric|Intimidate|[of] p2a: Cactusssssssss
|-unboost|p2a: Cactusssssssss|atk|1
|turn|19
|
|switch|p2a: Tyrannosaurus|Tyranitar, M|287\/401
|-weather|Sandstorm
|move|p1a: Manectric|Volt Switch|p2a: Tyrannosaurus
|-damage|p2a: Tyrannosaurus|203\/401
|
|switch|p1a: Conkeldurr|Conkeldurr, F|267\/351
|-damage|p1a: Conkeldurr|246\/351|[from] Stealth Rock
|
|-weather|Sandstorm|[upkeep]
|-damage|p1a: Conkeldurr|225\/351|[from] sandstorm
|turn|20
|
|switch|p2a: Cactusssssssss|Ferrothorn, F|186\/351
|move|p1a: Conkeldurr|Drain Punch|p2a: Cactusssssssss
|-supereffective|p2a: Cactusssssssss
|-damage|p2a: Cactusssssssss|0 fnt
|-heal|p1a: Conkeldurr|318\/351|[from] drain|[of] p2a: Cactusssssssss
|-damage|p1a: Conkeldurr|275\/351|[from] ability: Iron Barbs|[of] p2a: Cactusssssssss
|-damage|p1a: Conkeldurr|217\/351|[from] item: Rocky Helmet|[of] p2a: Cactusssssssss
|faint|p2a: Cactusssssssss
|
|-weather|Sandstorm|[upkeep]
|-damage|p1a: Conkeldurr|196\/351|[from] sandstorm
|
|switch|p2a: David Copperfield|Alakazam, F, shiny|251\/251
|turn|21
|
|switch|p1a: Clefable|Clefable, M|231\/394
|move|p2a: David Copperfield|Psyshock|p1a: Clefable
|-damage|p1a: Clefable|43\/394
|
|-weather|Sandstorm|[upkeep]
|-heal|p1a: Clefable|67\/394|[from] item: Leftovers
|turn|22
|
|move|p2a: David Copperfield|Psyshock|p1a: Clefable
|-damage|p1a: Clefable|0 fnt
|faint|p1a: Clefable
|
|-weather|Sandstorm|[upkeep]
|
|switch|p1a: Manectric|Manectric-Mega, F|229\/281
|-damage|p1a: Manectric|194\/281|[from] Stealth Rock
|-ability|p1a: Manectric|Intimidate|[of] p2a: David Copperfield
|-unboost|p2a: David Copperfield|atk|1
|turn|23
|
|switch|p2a: Ex-Boyfriend|Excadrill, M|61\/373
|move|p1a: Manectric|Thunderbolt|p2a: Ex-Boyfriend
|-immune|p2a: Ex-Boyfriend|[msg]
|
|-weather|Sandstorm|[upkeep]
|-damage|p1a: Manectric|177\/281|[from] sandstorm
|turn|24
|
|move|p2a: Ex-Boyfriend|Earthquake|p1a: Manectric
|-supereffective|p1a: Manectric
|-damage|p1a: Manectric|0 fnt
|faint|p1a: Manectric
|
|-weather|Sandstorm|[upkeep]
|
|switch|p1a: Conkeldurr|Conkeldurr, F|196\/351
|-damage|p1a: Conkeldurr|175\/351|[from] Stealth Rock
|turn|25
|-message|julillogm forfeited.
|leave|julillogm
|
|win|tmmh
|raw|Ladder updating...
|player|p1
|raw|julillogm's rating: 1557 &rarr; <strong>1532<\/strong><br \/>(-25 for losing)
|raw|tmmh's rating: 1471 &rarr; <strong>1496<\/strong><br \/>(+25 for winning)