|join|Kirbles
|join|tmmh
|player|p1|Kirbles|89
|player|p2|tmmh|290
|gametype|singles
|gen|6
|tier|OU
|rated
|clearpoke
|poke|p1|Beedrill, M
|poke|p1|Rotom-Wash
|poke|p1|Magnezone
|poke|p1|Landorus-Therian, M
|poke|p1|Scizor, M
|poke|p1|Sylveon, F
|poke|p2|Lopunny, F, shiny
|poke|p2|Umbreon, M, shiny
|poke|p2|Scizor, M
|poke|p2|Landorus-Therian, M
|poke|p2|Heatran, M
|poke|p2|Latias, F
|rule|Swagger Clause: Swagger is banned
|rule|Baton Pass Clause: Limit one PokÃ©mon knowing Baton Pass
|rule|Sleep Clause Mod: Limit one foe put to sleep
|rule|Species Clause: Limit one of each PokÃ©mon
|rule|OHKO Clause: OHKO moves are banned
|rule|Moody Clause: Moody is banned
|rule|Evasion Moves Clause: Evasion moves are banned
|rule|Endless Battle Clause: Forcing endless battles is banned
|rule|HP Percentage Mod: HP is shown in percentages
|teampreview
|
|start
|switch|p1a: Landorus-Therian|Landorus-Therian, M|382\/382
|switch|p2a: Landorus-Therian|Landorus-Therian, M|319\/319
|-ability|p2a: Landorus-Therian|Intimidate|[of] p1a: Landorus-Therian
|-unboost|p1a: Landorus-Therian|atk|1
|-ability|p1a: Landorus-Therian|Intimidate|[of] p2a: Landorus-Therian
|-unboost|p2a: Landorus-Therian|atk|1
|turn|1
|
|move|p2a: Landorus-Therian|U-turn|p1a: Landorus-Therian
|-resisted|p1a: Landorus-Therian
|-damage|p1a: Landorus-Therian|349\/382
|
|switch|p2a: Lopunny|Lopunny, F, shiny|272\/272
|move|p1a: Landorus-Therian|Stealth Rock|p2a: Lopunny
|-sidestart|p2: tmmh|move: Stealth Rock
|
|-heal|p1a: Landorus-Therian|372\/382|[from] item: Leftovers
|turn|2
|
|switch|p1a: Scizor|Scizor, M|344\/344
|detailschange|p2a: Lopunny|Lopunny-Mega, F, shiny
|-mega|p2a: Lopunny|Lopunny|Lopunnite
|move|p2a: Lopunny|Ice Punch|p1a: Scizor
|-resisted|p1a: Scizor
|-damage|p1a: Scizor|299\/344
|
|-heal|p1a: Scizor|320\/344|[from] item: Leftovers
|turn|3
|
|switch|p2a: Heatran|Heatran, M|385\/385
|-damage|p2a: Heatran|337\/385|[from] Stealth Rock
|move|p1a: Scizor|U-turn|p2a: Heatran
|-resisted|p2a: Heatran
|-damage|p2a: Heatran|302\/385
|
|switch|p1a: Landorus-Therian|Landorus-Therian, M|372\/382
|-ability|p1a: Landorus-Therian|Intimidate|[of] p2a: Heatran
|-unboost|p2a: Heatran|atk|1
|
|-heal|p1a: Landorus-Therian|382\/382|[from] item: Leftovers
|-heal|p2a: Heatran|326\/385|[from] item: Leftovers
|turn|4
|leave|tmmh
|player|p2
|join|tmmh
|player|p2|tmmh|290
|-message|tmmh lost due to inactivity.
|
|move|p1a: Landorus-Therian|Knock Off|p2a: Heatran
|-damage|p2a: Heatran|187\/385
|-enditem|p2a: Heatran|Leftovers|[from] move: Knock Off|[of] p1a: Landorus-Therian
|move|p2a: Heatran|Stealth Rock|p1a: Landorus-Therian
|-sidestart|p1: Kirbles|move: Stealth Rock
|
|turn|5
|
|win|Kirbles
|raw|Ladder updating...
|raw|Kirbles's rating: 1408 &rarr; <strong>1429<\/strong><br \/>(+21 for winning)
|raw|tmmh's rating: 1427 &rarr; <strong>1406<\/strong><br \/>(-21 for losing)