|join|superduperderp
|join|Bruhbs
|player|p1|superduperderp|114
|player|p2|Bruhbs|69
|gametype|singles
|gen|6
|tier|UU
|rated
|rule|Sleep Clause Mod: Limit one foe put to sleep
|rule|Species Clause: Limit one of each PokÃ©mon
|rule|OHKO Clause: OHKO moves are banned
|rule|Moody Clause: Moody is banned
|rule|Evasion Moves Clause: Evasion moves are banned
|rule|Endless Battle Clause: Forcing endless battles is banned
|rule|HP Percentage Mod: HP is shown in percentages
|clearpoke
|poke|p1|Diancie
|poke|p1|Tentacruel, M
|poke|p1|Blissey, F
|poke|p1|Entei, shiny
|poke|p1|Celebi
|poke|p1|Lucario, M
|poke|p2|Swampert, M
|poke|p2|Darmanitan, F
|poke|p2|Honchkrow, M
|poke|p2|Alakazam, F
|poke|p2|Mienshao, M, shiny
|poke|p2|Galvantula, M, shiny
|rule|Swagger Clause: Swagger is banned
|rule|Baton Pass Clause: Limit one PokÃ©mon knowing Baton Pass
|teampreview
|
|start
|switch|p1a: Entei|Entei, shiny|371\/371
|switch|p2a: Mienshao|Mienshao, M, shiny|334\/334
|-ability|p1a: Entei|Pressure
|turn|1
|
|move|p2a: Mienshao|Fake Out|p1a: Entei
|-damage|p1a: Entei|313\/371
|-damage|p2a: Mienshao|301\/334|[from] item: Life Orb
|cant|p1a: Entei|flinch
|
|turn|2
|
|move|p2a: Mienshao|High Jump Kick|p1a: Entei
|-damage|p1a: Entei|56\/371
|-damage|p2a: Mienshao|268\/334|[from] item: Life Orb
|move|p1a: Entei|Sacred Fire|p2a: Mienshao|[miss]
|-miss|p1a: Entei|p2a: Mienshao
|
|turn|3
|
|switch|p1a: Tentacruel|Tentacruel, M|364\/364
|move|p2a: Mienshao|Knock Off|p1a: Tentacruel
|-crit|p1a: Tentacruel
|-damage|p1a: Tentacruel|205\/364
|-enditem|p1a: Tentacruel|Black Sludge|[from] move: Knock Off|[of] p2a: Mienshao
|-damage|p2a: Mienshao|235\/334|[from] item: Life Orb
|
|turn|4
|
|move|p2a: Mienshao|High Jump Kick|p1a: Tentacruel
|-resisted|p1a: Tentacruel
|-damage|p1a: Tentacruel|85\/364
|-damage|p2a: Mienshao|202\/334|[from] item: Life Orb
|move|p1a: Tentacruel|Toxic|p2a: Mienshao
|-status|p2a: Mienshao|tox
|
|-damage|p2a: Mienshao|182\/334 tox|[from] psn
|turn|5
|
|move|p2a: Mienshao|U-turn|p1a: Tentacruel
|-resisted|p1a: Tentacruel
|-damage|p1a: Tentacruel|43\/364
|-damage|p2a: Mienshao|149\/334 tox|[from] item: Life Orb
|
|switch|p2a: Honchkrow|Honchkrow, M|404\/404
|move|p1a: Tentacruel|Scald|p2a: Honchkrow
|-crit|p2a: Honchkrow
|-damage|p2a: Honchkrow|196\/404
|
|turn|6
|
|move|p2a: Honchkrow|Sucker Punch|p1a: Tentacruel
|-fail|p1a: Tentacruel
|move|p1a: Tentacruel|Toxic|p2a: Honchkrow
|-status|p2a: Honchkrow|tox
|
|-damage|p2a: Honchkrow|171\/404 tox|[from] psn
|turn|7
|
|switch|p1a: Diancie|Diancie|241\/241
|move|p2a: Honchkrow|Sucker Punch|p1a: Diancie
|-fail|p1a: Diancie
|
|-damage|p2a: Honchkrow|121\/404 tox|[from] psn
|turn|8
|
|detailschange|p1a: Diancie|Diancie-Mega
|-mega|p1a: Diancie|Diancie|Diancite
|move|p2a: Honchkrow|Superpower|p1a: Diancie
|-damage|p1a: Diancie|102\/241
|-unboost|p2a: Honchkrow|atk|1
|-unboost|p2a: Honchkrow|def|1
|-damage|p2a: Honchkrow|81\/404 tox|[from] item: Life Orb
|move|p1a: Diancie|Moonblast|p2a: Honchkrow
|-supereffective|p2a: Honchkrow
|-damage|p2a: Honchkrow|0 fnt
|faint|p2a: Honchkrow
|
|
|switch|p2a: Swampert|Swampert, M|367\/367
|turn|9
|
|switch|p1a: Tentacruel|Tentacruel, M|43\/364
|detailschange|p2a: Swampert|Swampert-Mega, M
|-mega|p2a: Swampert|Swampert|Swampertite
|move|p2a: Swampert|Rain Dance|p2a: Swampert
|-weather|RainDance
|
|-weather|RainDance|[upkeep]
|turn|10
|
|move|p2a: Swampert|Earthquake|p1a: Tentacruel
|-supereffective|p1a: Tentacruel
|-damage|p1a: Tentacruel|0 fnt
|faint|p1a: Tentacruel
|
|-weather|RainDance|[upkeep]
|
|switch|p1a: Celebi|Celebi|404\/404
|turn|11
|
|switch|p2a: Darmanitan|Darmanitan, F|414\/414
|move|p1a: Celebi|Energy Ball|p2a: Darmanitan
|-resisted|p2a: Darmanitan
|-damage|p2a: Darmanitan|331\/414
|
|-weather|RainDance|[upkeep]
|turn|12
|
|switch|p1a: Blissey|Blissey, F|714\/714
|move|p2a: Darmanitan|U-turn|p1a: Blissey
|-damage|p1a: Blissey|581\/714
|
|switch|p2a: Swampert|Swampert-Mega, M|367\/367
|
|-weather|RainDance|[upkeep]
|-heal|p1a: Blissey|625\/714|[from] item: Leftovers
|turn|13
|
|move|p2a: Swampert|Waterfall|p1a: Blissey
|-damage|p1a: Blissey|186\/714
|move|p1a: Blissey|Stealth Rock|p2a: Swampert
|-sidestart|p2: Bruhbs|move: Stealth Rock
|
|-weather|none
|-heal|p1a: Blissey|230\/714|[from] item: Leftovers
|turn|14
|
|switch|p1a: Celebi|Celebi|404\/404
|move|p2a: Swampert|Rain Dance|p2a: Swampert
|-weather|RainDance
|
|-weather|RainDance|[upkeep]
|turn|15
|
|move|p2a: Swampert|Ice Punch|p1a: Celebi
|-supereffective|p1a: Celebi
|-damage|p1a: Celebi|236\/404
|move|p1a: Celebi|Thunder Wave|p2a: Swampert
|-immune|p2a: Swampert|[msg]
|
|-weather|RainDance|[upkeep]
|-heal|p1a: Celebi|261\/404|[from] item: Leftovers
|turn|16
|
|switch|p2a: Darmanitan|Darmanitan, F|331\/414
|-damage|p2a: Darmanitan|228\/414|[from] Stealth Rock
|move|p1a: Celebi|Recover|p1a: Celebi
|-heal|p1a: Celebi|404\/404
|
|-weather|RainDance|[upkeep]
|turn|17
|
|switch|p1a: Diancie|Diancie-Mega|102\/241
|move|p2a: Darmanitan|U-turn|p1a: Diancie
|-resisted|p1a: Diancie
|-damage|p1a: Diancie|66\/241
|
|switch|p2a: Swampert|Swampert-Mega, M|367\/367
|-damage|p2a: Swampert|345\/367|[from] Stealth Rock
|
|-weather|RainDance|[upkeep]
|turn|18
|
|switch|p1a: Celebi|Celebi|404\/404
|move|p2a: Swampert|Waterfall|p1a: Celebi
|-resisted|p1a: Celebi
|-damage|p1a: Celebi|305\/404
|
|-weather|none
|-heal|p1a: Celebi|330\/404|[from] item: Leftovers
|turn|19
|
|switch|p2a: Alakazam|Alakazam, F|251\/251
|move|p1a: Celebi|Energy Ball|p2a: Alakazam
|-damage|p2a: Alakazam|149\/251
|
|-heal|p1a: Celebi|355\/404|[from] item: Leftovers
|turn|20
|
|switch|p1a: Diancie|Diancie-Mega|66\/241
|move|p2a: Alakazam|Thunder Wave|p1a: Diancie
|move|p1a: Diancie|Thunder Wave|p2a: Alakazam|[from]Magic Bounce
|-status|p2a: Alakazam|par
|
|turn|21
|
|move|p1a: Diancie|Moonblast|p2a: Alakazam
|-damage|p2a: Alakazam|0 fnt
|faint|p2a: Alakazam
|
|
|switch|p2a: Darmanitan|Darmanitan, F|228\/414
|-damage|p2a: Darmanitan|125\/414|[from] Stealth Rock
|turn|22
|
|switch|p1a: Entei|Entei, shiny|56\/371
|-ability|p1a: Entei|Pressure
|move|p2a: Darmanitan|Superpower|p1a: Entei
|-damage|p1a: Entei|0 fnt
|-unboost|p2a: Darmanitan|atk|1
|-unboost|p2a: Darmanitan|def|1
|faint|p1a: Entei
|
|
|switch|p1a: Lucario|Lucario, M|281\/281
|turn|23
|
|move|p1a: Lucario|Extreme Speed|p2a: Darmanitan
|-damage|p2a: Darmanitan|0 fnt
|-damage|p1a: Lucario|253\/281|[from] item: Life Orb
|faint|p2a: Darmanitan
|
|
|switch|p2a: Mienshao|Mienshao, M, shiny|260\/334 tox
|-damage|p2a: Mienshao|240\/334 tox|[from] Stealth Rock
|turn|24
|
|switch|p1a: Blissey|Blissey, F|230\/714
|move|p2a: Mienshao|High Jump Kick|p1a: Blissey|[miss]
|-miss|p2a: Mienshao|p1a: Blissey
|-damage|p2a: Mienshao|73\/334 tox|[from] highjumpkick
|
|-heal|p1a: Blissey|274\/714|[from] item: Leftovers
|-damage|p2a: Mienshao|53\/334 tox|[from] psn
|turn|25
|
|move|p1a: Blissey|Protect|p1a: Blissey
|-singleturn|p1a: Blissey|Protect
|move|p2a: Mienshao|High Jump Kick|p1a: Blissey
|-activate|p1a: Blissey|Protect
|-damage|p2a: Mienshao|0 fnt|[from] highjumpkick
|faint|p2a: Mienshao
|
|-heal|p1a: Blissey|318\/714|[from] item: Leftovers
|-message|Bruhbs forfeited.
|leave|Bruhbs
|
|win|superduperderp
|raw|Ladder updating...
|player|p2
|raw|superduperderp's rating: 1402 &rarr; <strong>1413<\/strong><br \/>(+11 for winning)
|raw|Bruhbs's rating: 1231 &rarr; <strong>1218<\/strong><br \/>(-13 for losing)