|join|PWCuBone
|join|superduperderp
|player|p1|PWCuBone|2
|player|p2|superduperderp|114
|gametype|singles
|gen|6
|tier|UU
|rated
|rule|Sleep Clause Mod: Limit one foe put to sleep
|rule|Species Clause: Limit one of each PokÃ©mon
|rule|OHKO Clause: OHKO moves are banned
|rule|Moody Clause: Moody is banned
|rule|Evasion Moves Clause: Evasion moves are banned
|rule|Endless Battle Clause: Forcing endless battles is banned
|rule|HP Percentage Mod: HP is shown in percentages
|clearpoke
|poke|p1|Beedrill, F
|poke|p1|Hydreigon, F
|poke|p1|Florges, F
|poke|p1|Toxicroak, M
|poke|p1|Empoleon, M
|poke|p1|Gligar, M
|poke|p2|Diancie
|poke|p2|Tentacruel, F
|poke|p2|Blissey, F
|poke|p2|Entei, shiny
|poke|p2|Celebi
|poke|p2|Lucario, M
|rule|Swagger Clause: Swagger is banned
|rule|Baton Pass Clause: Limit one PokÃ©mon knowing Baton Pass
|teampreview
|
|start
|switch|p1a: Beedrill|Beedrill, F|271\/271
|switch|p2a: Entei|Entei, shiny|371\/371
|-ability|p2a: Entei|Pressure
|turn|1
|
|switch|p1a: Gligar|Gligar, M|333\/333
|move|p2a: Entei|Extreme Speed|p1a: Gligar
|-damage|p1a: Gligar|291\/333
|
|turn|2
|
|move|p2a: Entei|Sacred Fire|p1a: Gligar
|-damage|p1a: Gligar|192\/333
|-status|p1a: Gligar|brn
|move|p1a: Gligar|Stealth Rock|p2a: Entei
|-sidestart|p2: superduperderp|move: Stealth Rock
|
|-damage|p1a: Gligar|151\/333 brn|[from] brn
|turn|3
|
|move|p2a: Entei|Sacred Fire|p1a: Gligar
|-crit|p1a: Gligar
|-damage|p1a: Gligar|12\/333 brn
|move|p1a: Gligar|Roost|p1a: Gligar
|-heal|p1a: Gligar|179\/333 brn
|
|-damage|p1a: Gligar|138\/333 brn|[from] brn
|turn|4
|
|switch|p2a: Tentacruel|Tentacruel, F|364\/364
|-damage|p2a: Tentacruel|319\/364|[from] Stealth Rock
|move|p1a: Gligar|Roost|p1a: Gligar
|-heal|p1a: Gligar|305\/333 brn
|
|-heal|p2a: Tentacruel|341\/364|[from] item: Black Sludge
|-damage|p1a: Gligar|264\/333 brn|[from] brn
|turn|5
|
|switch|p1a: Toxicroak|Toxicroak, M|369\/369
|move|p2a: Tentacruel|Scald|p1a: Toxicroak
|-immune|p1a: Toxicroak|[msg]
|
|-heal|p2a: Tentacruel|363\/364|[from] item: Black Sludge
|turn|6
|
|move|p2a: Tentacruel|Rapid Spin|p1a: Toxicroak
|-damage|p1a: Toxicroak|353\/369
|-sideend|p2: superduperderp|Stealth Rock|[from] move: Rapid Spin|[of] p2a: Tentacruel
|move|p1a: Toxicroak|Knock Off|p2a: Tentacruel
|-damage|p2a: Tentacruel|252\/364
|-enditem|p2a: Tentacruel|Black Sludge|[from] move: Knock Off|[of] p1a: Toxicroak
|
|turn|7
|
|move|p2a: Tentacruel|Toxic Spikes|p1a: Toxicroak
|-sidestart|p1: PWCuBone|move: Toxic Spikes
|move|p1a: Toxicroak|Gunk Shot|p2a: Tentacruel
|-resisted|p2a: Tentacruel
|-damage|p2a: Tentacruel|153\/364
|
|turn|8
|
|switch|p2a: Diancie|Diancie|241\/241
|move|p1a: Toxicroak|Gunk Shot|p2a: Diancie|[miss]
|-miss|p1a: Toxicroak|p2a: Diancie
|
|turn|9
|
|detailschange|p2a: Diancie|Diancie-Mega
|-mega|p2a: Diancie|Diancie|Diancite
|move|p2a: Diancie|Moonblast|p1a: Toxicroak
|-damage|p1a: Toxicroak|167\/369
|move|p1a: Toxicroak|Drain Punch|p2a: Diancie
|-damage|p2a: Diancie|130\/241
|-heal|p1a: Toxicroak|223\/369|[from] drain|[of] p2a: Diancie
|
|turn|10
|
|switch|p1a: Hydreigon|Hydreigon, F|325\/325
|move|p2a: Diancie|Earth Power|p1a: Hydreigon
|-immune|p1a: Hydreigon|[msg]
|
|turn|11
|
|move|p1a: Hydreigon|U-turn|p2a: Diancie
|-resisted|p2a: Diancie
|-damage|p2a: Diancie|104\/241
|
|switch|p1a: Toxicroak|Toxicroak, M|223\/369
|-sideend|p1: PWCuBone|move: Toxic Spikes|[of] p1a: Toxicroak
|move|p2a: Diancie|Moonblast|p1a: Toxicroak
|-damage|p1a: Toxicroak|49\/369
|
|turn|12
|
|switch|p1a: Empoleon|Empoleon, M|372\/372
|move|p2a: Diancie|Moonblast|p1a: Empoleon
|-resisted|p1a: Empoleon
|-damage|p1a: Empoleon|273\/372
|
|-heal|p1a: Empoleon|296\/372|[from] item: Leftovers
|turn|13
|
|switch|p2a: Celebi|Celebi|404\/404
|move|p1a: Empoleon|Scald|p2a: Celebi
|-resisted|p2a: Celebi
|-damage|p2a: Celebi|352\/404
|
|-heal|p2a: Celebi|377\/404|[from] item: Leftovers
|-heal|p1a: Empoleon|319\/372|[from] item: Leftovers
|turn|14
|
|switch|p1a: Florges|Florges, F|359\/359
|move|p2a: Celebi|Leech Seed|p1a: Florges
|-start|p1a: Florges|move: Leech Seed
|
|-heal|p2a: Celebi|402\/404|[from] item: Leftovers
|-damage|p1a: Florges|315\/359|[from] Leech Seed|[of] p2a: Celebi
|-heal|p2a: Celebi|404\/404|[silent]
|turn|15
|
|switch|p2a: Lucario|Lucario, M|281\/281
|move|p1a: Florges|Aromatherapy|p1a: Florges
|-cureteam|p1a: Florges|[from] move: Aromatherapy
|
|-heal|p1a: Florges|337\/359|[from] item: Leftovers
|-damage|p1a: Florges|293\/359|[from] Leech Seed|[of] p2a: Lucario
|turn|16
|
|switch|p1a: Gligar|Gligar, M|264\/333
|move|p2a: Lucario|Swords Dance|p2a: Lucario
|-boost|p2a: Lucario|atk|2
|
|turn|17
|
|switch|p2a: Celebi|Celebi|404\/404
|move|p1a: Gligar|Earthquake|p2a: Celebi
|-resisted|p2a: Celebi
|-damage|p2a: Celebi|368\/404
|
|-heal|p2a: Celebi|393\/404|[from] item: Leftovers
|turn|18
|
|move|p2a: Celebi|Leech Seed|p1a: Gligar
|-start|p1a: Gligar|move: Leech Seed
|move|p1a: Gligar|Stealth Rock|p2a: Celebi
|-sidestart|p2: superduperderp|move: Stealth Rock
|
|-heal|p2a: Celebi|404\/404|[from] item: Leftovers
|-damage|p1a: Gligar|223\/333|[from] Leech Seed|[of] p2a: Celebi
|turn|19
|
|switch|p1a: Hydreigon|Hydreigon, F|325\/325
|move|p2a: Celebi|Thunder Wave|p1a: Hydreigon
|-status|p1a: Hydreigon|par
|
|turn|20
|
|move|p2a: Celebi|Leech Seed|p1a: Hydreigon
|-start|p1a: Hydreigon|move: Leech Seed
|move|p1a: Hydreigon|U-turn|p2a: Celebi
|-supereffective|p2a: Celebi
|-damage|p2a: Celebi|220\/404
|
|switch|p1a: Beedrill|Beedrill, F|271\/271
|
|-heal|p2a: Celebi|245\/404|[from] item: Leftovers
|turn|21
|
|switch|p2a: Lucario|Lucario, M|281\/281
|-damage|p2a: Lucario|273\/281|[from] Stealth Rock
|detailschange|p1a: Beedrill|Beedrill-Mega, F
|-mega|p1a: Beedrill|Beedrill|Beedrillite
|move|p1a: Beedrill|U-turn|p2a: Lucario
|-resisted|p2a: Lucario
|-damage|p2a: Lucario|206\/281
|
|switch|p1a: Gligar|Gligar, M|223\/333
|
|turn|22
|
|switch|p2a: Blissey|Blissey, F|714\/714
|-damage|p2a: Blissey|625\/714|[from] Stealth Rock
|move|p1a: Gligar|Earthquake|p2a: Blissey
|-damage|p2a: Blissey|447\/714
|
|-heal|p2a: Blissey|491\/714|[from] item: Leftovers
|turn|23
|
|switch|p1a: Toxicroak|Toxicroak, M|49\/369
|move|p2a: Blissey|Wish|p2a: Blissey
|
|-heal|p2a: Blissey|535\/714|[from] item: Leftovers
|turn|24
|
|switch|p2a: Tentacruel|Tentacruel, F|153\/364
|-damage|p2a: Tentacruel|108\/364|[from] Stealth Rock
|move|p1a: Toxicroak|Drain Punch|p2a: Tentacruel
|-resisted|p2a: Tentacruel
|-damage|p2a: Tentacruel|51\/364
|-damage|p1a: Toxicroak|20\/369|[from] ability: Liquid Ooze|[of] p2a: Tentacruel
|
|-heal|p2a: Tentacruel|364\/364|[from] move: Wish|[wisher] Blissey
|turn|25
|
|switch|p1a: Beedrill|Beedrill-Mega, F|271\/271
|move|p2a: Tentacruel|Rapid Spin|p1a: Beedrill
|-damage|p1a: Beedrill|249\/271
|-sideend|p2: superduperderp|Stealth Rock|[from] move: Rapid Spin|[of] p2a: Tentacruel
|
|turn|26
|
|move|p1a: Beedrill|Drill Run|p2a: Tentacruel
|-supereffective|p2a: Tentacruel
|-damage|p2a: Tentacruel|150\/364
|move|p2a: Tentacruel|Acid Spray|p1a: Beedrill
|-resisted|p1a: Beedrill
|-damage|p1a: Beedrill|225\/271
|-unboost|p1a: Beedrill|spd|2
|
|turn|27
|
|switch|p2a: Celebi|Celebi|245\/404
|move|p1a: Beedrill|Drill Run|p2a: Celebi
|-resisted|p2a: Celebi
|-damage|p2a: Celebi|198\/404
|
|-heal|p2a: Celebi|223\/404|[from] item: Leftovers
|turn|28
|
|switch|p2a: Tentacruel|Tentacruel, F|150\/364
|move|p1a: Beedrill|Drill Run|p2a: Tentacruel
|-supereffective|p2a: Tentacruel
|-damage|p2a: Tentacruel|0 fnt
|faint|p2a: Tentacruel
|
|
|switch|p2a: Entei|Entei, shiny|371\/371
|-ability|p2a: Entei|Pressure
|turn|29
|
|switch|p1a: Florges|Florges, F|293\/359
|move|p2a: Entei|Sacred Fire|p1a: Florges
|-damage|p1a: Florges|79\/359
|-status|p1a: Florges|brn
|
|-heal|p1a: Florges|101\/359 brn|[from] item: Leftovers
|-damage|p1a: Florges|57\/359 brn|[from] brn
|turn|30
|
|move|p2a: Entei|Sacred Fire|p1a: Florges
|-damage|p1a: Florges|0 fnt
|faint|p1a: Florges
|
|
|switch|p1a: Empoleon|Empoleon, M|319\/372
|turn|31
|
|move|p2a: Entei|Sacred Fire|p1a: Empoleon
|-damage|p1a: Empoleon|136\/372
|move|p1a: Empoleon|Scald|p2a: Entei
|-supereffective|p2a: Entei
|-damage|p2a: Entei|131\/371
|
|-heal|p1a: Empoleon|159\/372|[from] item: Leftovers
|turn|32
|
|switch|p1a: Hydreigon|Hydreigon, F|325\/325 par
|move|p2a: Entei|Sacred Fire|p1a: Hydreigon
|-resisted|p1a: Hydreigon
|-damage|p1a: Hydreigon|205\/325 par
|
|turn|33
|
|switch|p2a: Diancie|Diancie-Mega|104\/241
|cant|p1a: Hydreigon|par
|
|turn|34
|
|switch|p1a: Gligar|Gligar, M|223\/333
|move|p2a: Diancie|Moonblast|p1a: Gligar
|-damage|p1a: Gligar|27\/333
|
|turn|35
|c|âPWCuBone|That was a bad missplay :\
|c|âPWCuBone|gg
|c|âsuperduperderp|gg
|-message|PWCuBone forfeited.
|
|win|superduperderp
|raw|Ladder updating...
|leave|PWCuBone
|player|p1
|raw|PWCuBone's rating: 1163 &rarr; <strong>1136<\/strong><br \/>(-27 for losing)
|raw|superduperderp's rating: 1135 &rarr; <strong>1162<\/strong><br \/>(+27 for winning)