|join|superduperderp
|join|Law Uciha
|player|p1|superduperderp|114
|player|p2|Law Uciha|23
|gametype|singles
|gen|6
|tier|UU
|rated
|rule|Sleep Clause Mod: Limit one foe put to sleep
|rule|Species Clause: Limit one of each PokÃ©mon
|rule|OHKO Clause: OHKO moves are banned
|rule|Moody Clause: Moody is banned
|rule|Evasion Moves Clause: Evasion moves are banned
|rule|Endless Battle Clause: Forcing endless battles is banned
|rule|HP Percentage Mod: HP is shown in percentages
|clearpoke
|poke|p1|Diancie
|poke|p1|Tentacruel, F
|poke|p1|Blissey, F
|poke|p1|Entei, shiny
|poke|p1|Celebi
|poke|p1|Lucario, M
|poke|p2|Noivern, M
|poke|p2|Snorlax, F
|poke|p2|Nidoking, M
|poke|p2|Cloyster, M
|poke|p2|Arcanine, M
|poke|p2|Toxicroak, F
|rule|Swagger Clause: Swagger is banned
|rule|Baton Pass Clause: Limit one PokÃ©mon knowing Baton Pass
|teampreview
|
|start
|switch|p1a: Entei|Entei, shiny|371\/371
|switch|p2a: Cloyster|Cloyster, M|241\/241
|-ability|p1a: Entei|Pressure
|turn|1
|
|move|p1a: Entei|Sacred Fire|p2a: Cloyster
|-damage|p2a: Cloyster|105\/241
|move|p2a: Cloyster|Shell Smash|p2a: Cloyster
|-boost|p2a: Cloyster|atk|2
|-boost|p2a: Cloyster|spa|2
|-boost|p2a: Cloyster|spe|2
|-unboost|p2a: Cloyster|def|1
|-unboost|p2a: Cloyster|spd|1
|
|turn|2
|
|move|p1a: Entei|Extreme Speed|p2a: Cloyster
|-damage|p2a: Cloyster|15\/241
|move|p2a: Cloyster|Rock Blast|p1a: Entei
|-supereffective|p1a: Entei
|-damage|p1a: Entei|253\/371
|-supereffective|p1a: Entei
|-damage|p1a: Entei|129\/371
|-supereffective|p1a: Entei
|-damage|p1a: Entei|17\/371
|-supereffective|p1a: Entei
|-damage|p1a: Entei|0 fnt
|-hitcount|p1a: Entei|4
|faint|p1a: Entei
|
|
|switch|p1a: Lucario|Lucario, M|281\/281
|turn|3
|
|move|p1a: Lucario|Extreme Speed|p2a: Cloyster
|-crit|p2a: Cloyster
|-damage|p2a: Cloyster|0 fnt
|-damage|p1a: Lucario|253\/281|[from] item: Life Orb
|faint|p2a: Cloyster
|
|
|switch|p2a: Noivern|Noivern, M|311\/311
|turn|4
|
|switch|p1a: Tentacruel|Tentacruel, F|364\/364
|move|p2a: Noivern|Focus Blast|p1a: Tentacruel
|-resisted|p1a: Tentacruel
|-damage|p1a: Tentacruel|295\/364
|-unboost|p1a: Tentacruel|spd|1
|
|-heal|p1a: Tentacruel|317\/364|[from] item: Black Sludge
|turn|5
|
|switch|p2a: Nidoking|Nidoking, M|303\/303
|switch|p1a: Diancie|Diancie|241\/241
|
|turn|6
|
|switch|p1a: Blissey|Blissey, F|714\/714
|move|p2a: Nidoking|Sludge Wave|p1a: Blissey
|-crit|p1a: Blissey
|-damage|p1a: Blissey|476\/714
|
|-heal|p1a: Blissey|520\/714|[from] item: Leftovers
|turn|7
|
|switch|p2a: Toxicroak|Toxicroak, F|370\/370
|switch|p1a: Diancie|Diancie|241\/241
|
|turn|8
|
|detailschange|p1a: Diancie|Diancie-Mega
|-mega|p1a: Diancie|Diancie|Diancite
|move|p1a: Diancie|Earth Power|p2a: Toxicroak
|-supereffective|p2a: Toxicroak
|-damage|p2a: Toxicroak|42\/370
|move|p2a: Toxicroak|Knock Off|p1a: Diancie
|-crit|p1a: Diancie
|-resisted|p1a: Diancie
|-damage|p1a: Diancie|190\/241
|
|-heal|p2a: Toxicroak|65\/370|[from] item: Black Sludge
|turn|9
|
|switch|p2a: Noivern|Noivern, M|311\/311
|move|p1a: Diancie|Moonblast|p2a: Noivern
|-supereffective|p2a: Noivern
|-damage|p2a: Noivern|0 fnt
|faint|p2a: Noivern
|
|
|switch|p2a: Toxicroak|Toxicroak, F|65\/370
|turn|10
|
|move|p1a: Diancie|Moonblast|p2a: Toxicroak
|-damage|p2a: Toxicroak|0 fnt
|faint|p2a: Toxicroak
|
|
|switch|p2a: Arcanine|Arcanine, M|321\/321
|-ability|p2a: Arcanine|Intimidate|[of] p1a: Diancie
|-unboost|p1a: Diancie|atk|1
|turn|11
|
|move|p1a: Diancie|Earth Power|p2a: Arcanine
|-supereffective|p2a: Arcanine
|-damage|p2a: Arcanine|7\/321
|move|p2a: Arcanine|Wild Charge|p1a: Diancie
|-damage|p1a: Diancie|69\/241
|-damage|p2a: Arcanine|0 fnt|[from] recoil|[of] p1a: Diancie
|faint|p2a: Arcanine
|
|
|switch|p2a: Nidoking|Nidoking, M|303\/303
|turn|12
|
|move|p1a: Diancie|Earth Power|p2a: Nidoking
|-supereffective|p2a: Nidoking
|-damage|p2a: Nidoking|0 fnt
|faint|p2a: Nidoking
|
|
|switch|p2a: Snorlax|Snorlax, F|524\/524
|turn|13
|
|switch|p1a: Lucario|Lucario, M|253\/281
|move|p2a: Snorlax|Body Slam|p1a: Lucario
|-resisted|p1a: Lucario
|-damage|p1a: Lucario|180\/281
|
|turn|14
|
|move|p1a: Lucario|Close Combat|p2a: Snorlax
|-supereffective|p2a: Snorlax
|-damage|p2a: Snorlax|0 fnt
|-unboost|p1a: Lucario|def|1
|-unboost|p1a: Lucario|spd|1
|-damage|p1a: Lucario|152\/281|[from] item: Life Orb
|faint|p2a: Snorlax
|
|win|superduperderp
|raw|Ladder updating...
|raw|superduperderp's rating: 1110 &rarr; <strong>1135<\/strong><br \/>(+25 for winning)
|raw|Law Uciha's rating: 1109 &rarr; <strong>1084<\/strong><br \/>(-25 for losing)
|leave|Law Uciha
|player|p2