|join|Pokemon Sins
|join|SuperDuperDerp
|player|p1|Pokemon Sins|136
|player|p2|SuperDuperDerp|114
|gametype|singles
|gen|6
|tier|UU
|rated
|rule|Sleep Clause Mod: Limit one foe put to sleep
|rule|Species Clause: Limit one of each PokÃ©mon
|rule|OHKO Clause: OHKO moves are banned
|rule|Moody Clause: Moody is banned
|rule|Evasion Moves Clause: Evasion moves are banned
|rule|Endless Battle Clause: Forcing endless battles is banned
|rule|HP Percentage Mod: HP is shown in percentages
|clearpoke
|poke|p1|Donphan, M
|poke|p1|Vaporeon, F
|poke|p1|Aggron, F
|poke|p1|Crobat, M
|poke|p1|Lucario, F
|poke|p1|Hydreigon, F
|poke|p2|Diancie
|poke|p2|Tentacruel, M
|poke|p2|Blissey, F
|poke|p2|Entei, shiny
|poke|p2|Chesnaught, F
|poke|p2|Lucario, M
|rule|Swagger Clause: Swagger is banned
|rule|Baton Pass Clause: Limit one PokÃ©mon knowing Baton Pass
|teampreview
|
|start
|switch|p1a: Donphan|Donphan, M|334\/334
|switch|p2a: Entei|Entei, shiny|372\/372
|-ability|p2a: Entei|Pressure
|turn|1
|
|move|p2a: Entei|Sacred Fire|p1a: Donphan
|-damage|p1a: Donphan|157\/334
|move|p1a: Donphan|Gunk Shot|p2a: Entei
|-crit|p2a: Entei
|-damage|p2a: Entei|0 fnt
|faint|p2a: Entei
|
|
|switch|p2a: Lucario|Lucario, M|281\/281
|turn|2
|
|switch|p1a: Crobat|Crobat, M|323\/323
|move|p2a: Lucario|Swords Dance|p2a: Lucario
|-boost|p2a: Lucario|atk|2
|
|turn|3
|
|move|p1a: Crobat|Brave Bird|p2a: Lucario
|-damage|p2a: Lucario|20\/281
|-damage|p1a: Crobat|237\/323|[from] recoil|[of] p2a: Lucario
|move|p2a: Lucario|Swords Dance|p2a: Lucario
|-boost|p2a: Lucario|atk|2
|
|turn|4
|
|switch|p1a: Aggron|Aggron, F|344\/344
|move|p2a: Lucario|Extreme Speed|p1a: Aggron
|-resisted|p1a: Aggron
|-damage|p1a: Aggron|299\/344
|-damage|p2a: Lucario|0 fnt|[from] item: Life Orb
|faint|p2a: Lucario
|
|
|switch|p2a: Chesnaught|Chesnaught, F|368\/368
|turn|5
|
|detailschange|p1a: Aggron|Aggron-Mega, F
|-mega|p1a: Aggron|Aggron|Aggronite
|move|p2a: Chesnaught|Leech Seed|p1a: Aggron
|-start|p1a: Aggron|move: Leech Seed
|move|p1a: Aggron|Toxic|p2a: Chesnaught|[miss]
|-miss|p1a: Aggron|p2a: Chesnaught
|
|-damage|p1a: Aggron|256\/344|[from] Leech Seed|[of] p2a: Chesnaught
|turn|6
|
|switch|p1a: Donphan|Donphan, M|157\/334
|move|p2a: Chesnaught|Spikes|p1a: Donphan
|-sidestart|p1: Pokemon Sins|Spikes
|
|turn|7
|
|move|p2a: Chesnaught|Spiky Shield|p2a: Chesnaught
|-singleturn|p2a: Chesnaught|move: Protect
|move|p1a: Donphan|Gunk Shot|p2a: Chesnaught
|-activate|p2a: Chesnaught|move: Protect
|
|turn|8
|
|switch|p1a: Vaporeon|Vaporeon, F|452\/452
|-damage|p1a: Vaporeon|396\/452|[from] Spikes
|switch|p2a: Tentacruel|Tentacruel, M|364\/364
|
|-heal|p1a: Vaporeon|424\/452|[from] item: Leftovers
|turn|9
|
|move|p2a: Tentacruel|Toxic|p1a: Vaporeon
|-status|p1a: Vaporeon|tox
|move|p1a: Vaporeon|Wish|p1a: Vaporeon
|
|-heal|p1a: Vaporeon|452\/452 tox|[from] item: Leftovers
|-damage|p1a: Vaporeon|424\/452 tox|[from] psn
|turn|10
|
|switch|p2a: Chesnaught|Chesnaught, F|368\/368
|move|p1a: Vaporeon|Baton Pass|p1a: Vaporeon
|
|switch|p1a: Donphan|Donphan, M|157\/334
|-damage|p1a: Donphan|116\/334|[from] Spikes
|
|-heal|p1a: Donphan|334\/334|[from] move: Wish|[wisher] Vaporeon
|turn|11
|
|move|p2a: Chesnaught|Spiky Shield|p2a: Chesnaught
|-singleturn|p2a: Chesnaught|move: Protect
|move|p1a: Donphan|Gunk Shot|p2a: Chesnaught
|-activate|p2a: Chesnaught|move: Protect
|
|turn|12
|
|switch|p2a: Tentacruel|Tentacruel, M|364\/364
|move|p1a: Donphan|Gunk Shot|p2a: Tentacruel|[miss]
|-miss|p1a: Donphan|p2a: Tentacruel
|
|turn|13
|
|switch|p1a: Hydreigon|Hydreigon, F|325\/325
|move|p2a: Tentacruel|Toxic|p1a: Hydreigon
|-status|p1a: Hydreigon|tox
|
|-damage|p1a: Hydreigon|305\/325 tox|[from] psn
|turn|14
|
|switch|p2a: Blissey|Blissey, F|714\/714
|move|p1a: Hydreigon|Taunt|p2a: Blissey
|-start|p2a: Blissey|move: Taunt
|
|-damage|p1a: Hydreigon|265\/325 tox|[from] psn
|turn|15
|
|switch|p1a: Vaporeon|Vaporeon, F|424\/452 tox
|-damage|p1a: Vaporeon|368\/452 tox|[from] Spikes
|move|p2a: Blissey|Seismic Toss|p1a: Vaporeon
|-damage|p1a: Vaporeon|268\/452 tox
|
|-heal|p1a: Vaporeon|296\/452 tox|[from] item: Leftovers
|-damage|p1a: Vaporeon|268\/452 tox|[from] psn
|turn|16
|
|switch|p2a: Chesnaught|Chesnaught, F|368\/368
|move|p1a: Vaporeon|Baton Pass|p1a: Vaporeon
|
|switch|p1a: Crobat|Crobat, M|237\/323
|
|turn|17
|
|move|p2a: Chesnaught|Spiky Shield|p2a: Chesnaught
|-singleturn|p2a: Chesnaught|move: Protect
|move|p1a: Crobat|Defog|p2a: Chesnaught
|-activate|p2a: Chesnaught|move: Protect
|
|turn|18
|
|move|p1a: Crobat|Defog|p2a: Chesnaught
|-unboost|p2a: Chesnaught|evasion|1
|-sideend|p1: Pokemon Sins|Spikes|[from] move: Defog|[of] p1a: Crobat
|move|p2a: Chesnaught|Leech Seed|p1a: Crobat
|-start|p1a: Crobat|move: Leech Seed
|
|-damage|p1a: Crobat|197\/323|[from] Leech Seed|[of] p2a: Chesnaught
|turn|19
|
|switch|p1a: Donphan|Donphan, M|334\/334
|move|p2a: Chesnaught|Spikes|p1a: Donphan
|-sidestart|p1: Pokemon Sins|Spikes
|
|turn|20
|
|move|p2a: Chesnaught|Spiky Shield|p2a: Chesnaught
|-singleturn|p2a: Chesnaught|move: Protect
|move|p1a: Donphan|Gunk Shot|p2a: Chesnaught
|-activate|p2a: Chesnaught|move: Protect
|
|turn|21
|
|switch|p2a: Tentacruel|Tentacruel, M|364\/364
|move|p1a: Donphan|Gunk Shot|p2a: Tentacruel
|-resisted|p2a: Tentacruel
|-damage|p2a: Tentacruel|256\/364
|
|-heal|p2a: Tentacruel|278\/364|[from] item: Black Sludge
|turn|22
|
|switch|p1a: Hydreigon|Hydreigon, F|265\/325 tox
|move|p2a: Tentacruel|Acid Spray|p1a: Hydreigon
|-damage|p1a: Hydreigon|217\/325 tox
|-unboost|p1a: Hydreigon|spd|2
|
|-heal|p2a: Tentacruel|300\/364|[from] item: Black Sludge
|-damage|p1a: Hydreigon|197\/325 tox|[from] psn
|turn|23
|
|switch|p2a: Blissey|Blissey, F|714\/714
|move|p1a: Hydreigon|Taunt|p2a: Blissey
|-start|p2a: Blissey|move: Taunt
|
|-damage|p1a: Hydreigon|157\/325 tox|[from] psn
|turn|24
|
|switch|p1a: Donphan|Donphan, M|334\/334
|-damage|p1a: Donphan|293\/334|[from] Spikes
|move|p2a: Blissey|Seismic Toss|p1a: Donphan
|-damage|p1a: Donphan|193\/334
|
|turn|25
|
|switch|p2a: Chesnaught|Chesnaught, F|368\/368
|move|p1a: Donphan|Earthquake|p2a: Chesnaught
|-resisted|p2a: Chesnaught
|-damage|p2a: Chesnaught|284\/368
|
|-heal|p2a: Chesnaught|307\/368|[from] item: Leftovers
|turn|26
|
|switch|p1a: Crobat|Crobat, M|197\/323
|move|p2a: Chesnaught|Spikes|p1a: Crobat
|-sidestart|p1: Pokemon Sins|Spikes
|
|-heal|p2a: Chesnaught|330\/368|[from] item: Leftovers
|turn|27
|
|move|p2a: Chesnaught|Spiky Shield|p2a: Chesnaught
|-singleturn|p2a: Chesnaught|move: Protect
|move|p1a: Crobat|Brave Bird|p2a: Chesnaught
|-activate|p2a: Chesnaught|move: Protect
|-damage|p1a: Crobat|157\/323|[from] Spiky Shield|[of] p2a: Chesnaught
|
|-heal|p2a: Chesnaught|353\/368|[from] item: Leftovers
|turn|28
|
|switch|p1a: Lucario|Lucario, F|281\/281
|-damage|p1a: Lucario|235\/281|[from] Spikes
|switch|p2a: Diancie|Diancie|241\/241
|
|turn|29
|
|switch|p2a: Chesnaught|Chesnaught, F|353\/368
|move|p1a: Lucario|Swords Dance|p1a: Lucario
|-boost|p1a: Lucario|atk|2
|
|-heal|p2a: Chesnaught|368\/368|[from] item: Leftovers
|turn|30
|
|move|p1a: Lucario|Close Combat|p2a: Chesnaught
|-damage|p2a: Chesnaught|74\/368
|-unboost|p1a: Lucario|def|1
|-unboost|p1a: Lucario|spd|1
|-damage|p1a: Lucario|207\/281|[from] item: Life Orb
|move|p2a: Chesnaught|Drain Punch|p1a: Lucario
|-supereffective|p1a: Lucario
|-damage|p1a: Lucario|0 fnt
|-heal|p2a: Chesnaught|178\/368|[from] drain|[of] p1a: Lucario
|faint|p1a: Lucario
|
|-heal|p2a: Chesnaught|201\/368|[from] item: Leftovers
|
|switch|p1a: Crobat|Crobat, M|157\/323
|turn|31
|
|move|p2a: Chesnaught|Spiky Shield|p2a: Chesnaught
|-singleturn|p2a: Chesnaught|move: Protect
|move|p1a: Crobat|Brave Bird|p2a: Chesnaught
|-activate|p2a: Chesnaught|move: Protect
|-damage|p1a: Crobat|117\/323|[from] Spiky Shield|[of] p2a: Chesnaught
|
|-heal|p2a: Chesnaught|224\/368|[from] item: Leftovers
|turn|32
|
|switch|p2a: Diancie|Diancie|241\/241
|move|p1a: Crobat|Brave Bird|p2a: Diancie
|-resisted|p2a: Diancie
|-damage|p2a: Diancie|172\/241
|-damage|p1a: Crobat|94\/323|[from] recoil|[of] p2a: Diancie
|
|turn|33
|
|switch|p1a: Aggron|Aggron-Mega, F|256\/344
|-damage|p1a: Aggron|199\/344|[from] Spikes
|move|p2a: Diancie|Moonblast|p1a: Aggron
|-resisted|p1a: Aggron
|-damage|p1a: Aggron|130\/344
|
|turn|34
|
|detailschange|p2a: Diancie|Diancie-Mega
|-mega|p2a: Diancie|Diancie|Diancite
|move|p2a: Diancie|Earth Power|p1a: Aggron
|-supereffective|p1a: Aggron
|-damage|p1a: Aggron|0 fnt
|faint|p1a: Aggron
|
|-message|Pokemon Sins forfeited.
|
|win|SuperDuperDerp
|raw|Ladder updating...
|leave|Pokemon Sins
|player|p1
|raw|Pokemon Sins's rating: 1436 &rarr; <strong>1417<\/strong><br \/>(-19 for losing)
|raw|SuperDuperDerp's rating: 1439 &rarr; <strong>1459<\/strong><br \/>(+20 for winning)