|join|Frizzle my nizzle
|join|superduperderp
|player|p1|Frizzle my nizzle|286
|player|p2|superduperderp|114
|gametype|singles
|gen|6
|tier|UU
|rated
|rule|Sleep Clause Mod: Limit one foe put to sleep
|rule|Species Clause: Limit one of each PokÃ©mon
|rule|OHKO Clause: OHKO moves are banned
|rule|Moody Clause: Moody is banned
|rule|Evasion Moves Clause: Evasion moves are banned
|rule|Endless Battle Clause: Forcing endless battles is banned
|rule|HP Percentage Mod: HP is shown in percentages
|clearpoke
|poke|p1|Jellicent, M
|poke|p1|Hippowdon, M
|poke|p1|Blissey, F
|poke|p1|Medicham, F
|poke|p1|Crobat, M
|poke|p1|Shaymin
|poke|p2|Diancie
|poke|p2|Tentacruel, M
|poke|p2|Blissey, F
|poke|p2|Entei, shiny
|poke|p2|Shaymin
|poke|p2|Medicham, M
|rule|Swagger Clause: Swagger is banned
|rule|Baton Pass Clause: Limit one PokÃ©mon knowing Baton Pass
|teampreview
|
|start
|switch|p1a: Shaymin|Shaymin|342\/342
|switch|p2a: Entei|Entei, shiny|371\/371
|-ability|p2a: Entei|Pressure
|turn|1
|
|switch|p1a: Hippowdon|Hippowdon, M|420\/420
|-weather|Sandstorm
|move|p2a: Entei|Sacred Fire|p1a: Hippowdon
|-damage|p1a: Hippowdon|272\/420
|
|-weather|Sandstorm|[upkeep]
|-damage|p2a: Entei|348\/371|[from] sandstorm
|-heal|p1a: Hippowdon|298\/420|[from] item: Leftovers
|turn|2
|
|move|p2a: Entei|Sacred Fire|p1a: Hippowdon
|-damage|p1a: Hippowdon|171\/420
|move|p1a: Hippowdon|Earthquake|p2a: Entei
|-supereffective|p2a: Entei
|-damage|p2a: Entei|54\/371
|
|-weather|Sandstorm|[upkeep]
|-damage|p2a: Entei|31\/371|[from] sandstorm
|-heal|p1a: Hippowdon|197\/420|[from] item: Leftovers
|turn|3
|
|move|p2a: Entei|Sacred Fire|p1a: Hippowdon
|-damage|p1a: Hippowdon|70\/420
|move|p1a: Hippowdon|Slack Off|p1a: Hippowdon
|-heal|p1a: Hippowdon|280\/420
|
|-weather|Sandstorm|[upkeep]
|-damage|p2a: Entei|8\/371|[from] sandstorm
|-heal|p1a: Hippowdon|306\/420|[from] item: Leftovers
|turn|4
|
|move|p2a: Entei|Sacred Fire|p1a: Hippowdon
|-damage|p1a: Hippowdon|174\/420
|-status|p1a: Hippowdon|brn
|move|p1a: Hippowdon|Slack Off|p1a: Hippowdon
|-heal|p1a: Hippowdon|384\/420 brn
|
|-weather|Sandstorm|[upkeep]
|-damage|p2a: Entei|0 fnt|[from] sandstorm
|-heal|p1a: Hippowdon|410\/420 brn|[from] item: Leftovers
|-damage|p1a: Hippowdon|358\/420 brn|[from] brn
|faint|p2a: Entei
|
|switch|p2a: Shaymin|Shaymin|341\/341
|turn|5
|
|switch|p2a: Medicham|Medicham, M|261\/261
|switch|p1a: Blissey|Blissey, F|714\/714
|
|-weather|none
|turn|6
|
|switch|p1a: Hippowdon|Hippowdon, M|358\/420 brn
|-weather|Sandstorm
|move|p2a: Medicham|Zen Headbutt|p1a: Hippowdon
|-damage|p1a: Hippowdon|190\/420 brn
|-damage|p2a: Medicham|235\/261|[from] item: Life Orb
|
|-weather|Sandstorm|[upkeep]
|-damage|p2a: Medicham|219\/261|[from] sandstorm
|-heal|p1a: Hippowdon|216\/420 brn|[from] item: Leftovers
|-damage|p1a: Hippowdon|164\/420 brn|[from] brn
|turn|7
|
|switch|p1a: Jellicent|Jellicent, M|404\/404
|move|p2a: Medicham|Ice Punch|p1a: Jellicent
|-resisted|p1a: Jellicent
|-damage|p1a: Jellicent|330\/404
|-status|p1a: Jellicent|frz
|-damage|p2a: Medicham|193\/261|[from] item: Life Orb
|
|-weather|Sandstorm|[upkeep]
|-damage|p2a: Medicham|177\/261|[from] sandstorm
|-damage|p1a: Jellicent|305\/404 frz|[from] sandstorm
|-heal|p1a: Jellicent|330\/404 frz|[from] item: Leftovers
|turn|8
|
|move|p2a: Medicham|Zen Headbutt|p1a: Jellicent
|-damage|p1a: Jellicent|95\/404 frz
|-damage|p2a: Medicham|151\/261|[from] item: Life Orb
|-curestatus|p1a: Jellicent|frz
|move|p1a: Jellicent|Scald|p2a: Medicham
|-damage|p2a: Medicham|39\/261
|
|-weather|Sandstorm|[upkeep]
|-damage|p2a: Medicham|23\/261|[from] sandstorm
|-damage|p1a: Jellicent|70\/404|[from] sandstorm
|-heal|p1a: Jellicent|95\/404|[from] item: Leftovers
|turn|9
|
|switch|p1a: Hippowdon|Hippowdon, M|164\/420 brn
|move|p2a: Medicham|Zen Headbutt|p1a: Hippowdon
|-damage|p1a: Hippowdon|8\/420 brn
|-damage|p2a: Medicham|0 fnt|[from] item: Life Orb
|faint|p2a: Medicham
|
|-weather|Sandstorm|[upkeep]
|-heal|p1a: Hippowdon|34\/420 brn|[from] item: Leftovers
|-damage|p1a: Hippowdon|0 fnt|[from] brn
|faint|p1a: Hippowdon
|
|switch|p1a: Crobat|Crobat, M|373\/373
|switch|p2a: Diancie|Diancie|241\/241
|turn|10
|
|detailschange|p2a: Diancie|Diancie-Mega
|-mega|p2a: Diancie|Diancie|Diancite
|move|p1a: Crobat|U-turn|p2a: Diancie
|-resisted|p2a: Diancie
|-damage|p2a: Diancie|217\/241
|
|switch|p1a: Blissey|Blissey, F|714\/714
|move|p2a: Diancie|Diamond Storm|p1a: Blissey
|-damage|p1a: Blissey|395\/714
|-boost|p2a: Diancie|def|1
|
|-weather|none
|-heal|p1a: Blissey|439\/714|[from] item: Leftovers
|turn|11
|
|move|p2a: Diancie|Diamond Storm|p1a: Blissey
|-damage|p1a: Blissey|109\/714
|-boost|p2a: Diancie|def|1
|move|p1a: Blissey|Copycat|p1a: Blissey
|move|p1a: Blissey|Diamond Storm|p2a: Diancie|[from]Copycat
|-damage|p2a: Diancie|209\/241
|-boost|p1a: Blissey|def|1
|
|-heal|p1a: Blissey|153\/714|[from] item: Leftovers
|turn|12
|
|move|p2a: Diancie|Diamond Storm|p1a: Blissey
|-damage|p1a: Blissey|0 fnt
|faint|p1a: Blissey
|
|
|switch|p1a: Shaymin|Shaymin|342\/342
|turn|13
|
|switch|p2a: Blissey|Blissey, F|714\/714
|move|p1a: Shaymin|Seed Flare|p2a: Blissey
|-damage|p2a: Blissey|498\/714
|-unboost|p2a: Blissey|spd|2
|
|-heal|p2a: Blissey|542\/714|[from] item: Leftovers
|turn|14
|
|move|p1a: Shaymin|Seed Flare|p2a: Blissey
|-damage|p2a: Blissey|146\/714
|move|p2a: Blissey|Stealth Rock|p1a: Shaymin
|-sidestart|p1: Frizzle my nizzle|move: Stealth Rock
|
|-heal|p2a: Blissey|190\/714|[from] item: Leftovers
|turn|15
|
|move|p2a: Blissey|Protect|p2a: Blissey
|-singleturn|p2a: Blissey|Protect
|move|p1a: Shaymin|Seed Flare|p2a: Blissey
|-activate|p2a: Blissey|Protect
|
|-heal|p2a: Blissey|234\/714|[from] item: Leftovers
|turn|16
|
|switch|p2a: Shaymin|Shaymin|341\/341
|move|p1a: Shaymin|Seed Flare|p2a: Shaymin
|-resisted|p2a: Shaymin
|-damage|p2a: Shaymin|208\/341
|
|turn|17
|
|move|p2a: Shaymin|Seed Flare|p1a: Shaymin
|-resisted|p1a: Shaymin
|-damage|p1a: Shaymin|235\/342
|-damage|p2a: Shaymin|174\/341|[from] item: Life Orb
|move|p1a: Shaymin|Seed Flare|p2a: Shaymin
|-resisted|p2a: Shaymin
|-damage|p2a: Shaymin|42\/341
|
|turn|18
|
|move|p1a: Shaymin|Seed Flare|p2a: Shaymin
|-resisted|p2a: Shaymin
|-damage|p2a: Shaymin|0 fnt
|faint|p2a: Shaymin
|
|
|switch|p2a: Blissey|Blissey, F|234\/714
|turn|19
|
|switch|p1a: Crobat|Crobat, M|373\/373
|-damage|p1a: Crobat|280\/373|[from] Stealth Rock
|switch|p2a: Tentacruel|Tentacruel, M|364\/364
|
|-heal|p1a: Crobat|303\/373|[from] item: Black Sludge
|turn|20
|
|switch|p2a: Diancie|Diancie-Mega|209\/241
|move|p1a: Crobat|Defog|p2a: Diancie
|move|p2a: Diancie|Defog|p1a: Crobat|[from]Magic Bounce
|-unboost|p1a: Crobat|evasion|1
|-sideend|p1: Frizzle my nizzle|Stealth Rock|[from] move: Defog|[of] p1a: Crobat
|
|-heal|p1a: Crobat|326\/373|[from] item: Black Sludge
|turn|21
|
|switch|p1a: Jellicent|Jellicent, M|95\/404
|move|p2a: Diancie|Diamond Storm|p1a: Jellicent
|-damage|p1a: Jellicent|0 fnt
|faint|p1a: Jellicent
|
|
|switch|p1a: Medicham|Medicham, F|262\/262
|turn|22
|
|switch|p2a: Tentacruel|Tentacruel, M|364\/364
|move|p1a: Medicham|High Jump Kick|p2a: Tentacruel
|-resisted|p2a: Tentacruel
|-damage|p2a: Tentacruel|226\/364
|
|-heal|p2a: Tentacruel|248\/364|[from] item: Black Sludge
|turn|23
|
|switch|p1a: Crobat|Crobat, M|326\/373
|move|p2a: Tentacruel|Scald|p1a: Crobat
|-damage|p1a: Crobat|227\/373
|
|-heal|p1a: Crobat|250\/373|[from] item: Black Sludge
|-heal|p2a: Tentacruel|270\/364|[from] item: Black Sludge
|turn|24
|
|move|p1a: Crobat|Brave Bird|p2a: Tentacruel
|-damage|p2a: Tentacruel|143\/364
|-damage|p1a: Crobat|208\/373|[from] recoil|[of] p2a: Tentacruel
|move|p2a: Tentacruel|Scald|p1a: Crobat
|-damage|p1a: Crobat|114\/373
|-status|p1a: Crobat|brn
|
|-heal|p1a: Crobat|137\/373 brn|[from] item: Black Sludge
|-heal|p2a: Tentacruel|165\/364|[from] item: Black Sludge
|-damage|p1a: Crobat|91\/373 brn|[from] brn
|turn|25
|
|switch|p2a: Diancie|Diancie-Mega|209\/241
|move|p1a: Crobat|Brave Bird|p2a: Diancie
|-resisted|p2a: Diancie
|-damage|p2a: Diancie|174\/241
|-damage|p1a: Crobat|79\/373 brn|[from] recoil|[of] p2a: Diancie
|
|-heal|p1a: Crobat|102\/373 brn|[from] item: Black Sludge
|-damage|p1a: Crobat|56\/373 brn|[from] brn
|turn|26
|
|move|p1a: Crobat|Brave Bird|p2a: Diancie
|-resisted|p2a: Diancie
|-damage|p2a: Diancie|141\/241
|-damage|p1a: Crobat|45\/373 brn|[from] recoil|[of] p2a: Diancie
|move|p2a: Diancie|Rock Polish|p2a: Diancie
|-boost|p2a: Diancie|spe|2
|
|-heal|p1a: Crobat|68\/373 brn|[from] item: Black Sludge
|-damage|p1a: Crobat|22\/373 brn|[from] brn
|turn|27
|
|move|p2a: Diancie|Moonblast|p1a: Crobat
|-resisted|p1a: Crobat
|-damage|p1a: Crobat|0 fnt
|faint|p1a: Crobat
|
|
|switch|p1a: Shaymin|Shaymin|235\/342
|turn|28
|
|move|p2a: Diancie|Moonblast|p1a: Shaymin
|-damage|p1a: Shaymin|24\/342
|move|p1a: Shaymin|Seed Flare|p2a: Diancie
|-supereffective|p2a: Diancie
|-damage|p2a: Diancie|0 fnt
|faint|p2a: Diancie
|
|
|switch|p2a: Blissey|Blissey, F|234\/714
|turn|29
|
|move|p1a: Shaymin|Seed Flare|p2a: Blissey
|-damage|p2a: Blissey|42\/714
|-unboost|p2a: Blissey|spd|2
|move|p2a: Blissey|Wish|p2a: Blissey
|
|-heal|p2a: Blissey|86\/714|[from] item: Leftovers
|turn|30
|
|switch|p2a: Tentacruel|Tentacruel, M|165\/364
|move|p1a: Shaymin|Struggle|p2a: Tentacruel
|-damage|p2a: Tentacruel|133\/364
|-damage|p1a: Shaymin|0 fnt
|faint|p1a: Shaymin
|
|-heal|p2a: Tentacruel|364\/364|[from] move: Wish|[wisher] Blissey
|
|switch|p1a: Medicham|Medicham, F|262\/262
|turn|31
|
|move|p1a: Medicham|Psycho Cut|p2a: Tentacruel
|-supereffective|p2a: Tentacruel
|-damage|p2a: Tentacruel|92\/364
|move|p2a: Tentacruel|Toxic|p1a: Medicham
|-status|p1a: Medicham|tox
|
|-heal|p2a: Tentacruel|114\/364|[from] item: Black Sludge
|-damage|p1a: Medicham|246\/262 tox|[from] psn
|turn|32
|
|move|p1a: Medicham|Psycho Cut|p2a: Tentacruel
|-supereffective|p2a: Tentacruel
|-damage|p2a: Tentacruel|0 fnt
|faint|p2a: Tentacruel
|
|-damage|p1a: Medicham|214\/262 tox|[from] psn
|
|switch|p2a: Blissey|Blissey, F|86\/714
|turn|33
|
|move|p1a: Medicham|Psycho Cut|p2a: Blissey
|-damage|p2a: Blissey|0 fnt
|faint|p2a: Blissey
|
|win|Frizzle my nizzle
|raw|Ladder updating...