|join|burnsOFF
|join|BlueDragon 2200
|player|p1|burnsOFF|164
|player|p2|BlueDragon 2200|150
|gametype|singles
|gen|6
|tier|UU
|rated
|rule|Sleep Clause Mod: Limit one foe put to sleep
|rule|Species Clause: Limit one of each PokÃ©mon
|rule|OHKO Clause: OHKO moves are banned
|rule|Moody Clause: Moody is banned
|rule|Evasion Moves Clause: Evasion moves are banned
|rule|Endless Battle Clause: Forcing endless battles is banned
|rule|HP Percentage Mod: HP is shown in percentages
|clearpoke
|poke|p1|Nidoqueen, F
|poke|p1|Starmie
|poke|p1|Infernape, F
|poke|p1|Jirachi
|poke|p1|Hydreigon, F
|poke|p1|Ampharos, F
|poke|p2|Crobat, F
|poke|p2|Jirachi
|poke|p2|Umbreon, M, shiny
|poke|p2|Machamp, M
|poke|p2|Donphan, M
|poke|p2|Porygon-Z, shiny
|rule|Swagger Clause: Swagger is banned
|rule|Baton Pass Clause: Limit one PokÃ©mon knowing Baton Pass
|teampreview
|
|start
|switch|p1a: Starmie|Starmie|261\/261
|switch|p2a: LOVE ME|Crobat, F|311\/311
|turn|1
|
|switch|p1a: Jirachi|Jirachi|341\/341
|move|p2a: LOVE ME|U-turn|p1a: Jirachi
|-damage|p1a: Jirachi|234\/341
|
|switch|p2a: Zanzibar|Donphan, M|384\/384
|
|turn|2
|
|move|p1a: Jirachi|U-turn|p2a: Zanzibar
|-damage|p2a: Zanzibar|322\/384
|
|switch|p1a: Starmie|Starmie|261\/261
|move|p2a: Zanzibar|Earthquake|p1a: Starmie
|-damage|p1a: Starmie|60\/261
|
|turn|3
|c|âburnsOFF|wait
|c|âburnsOFF|fuck me i did that wrong
|
|switch|p2a: Salty NAPPY|Umbreon, M, shiny|394\/394
|move|p1a: Starmie|Hydro Pump|p2a: Salty NAPPY
|-crit|p2a: Salty NAPPY
|-damage|p2a: Salty NAPPY|152\/394
|-damage|p1a: Starmie|34\/261|[from] item: Life Orb
|
|-heal|p2a: Salty NAPPY|176\/394|[from] item: Leftovers
|turn|4
|c|âburnsOFF|gdi jak
|c|âburnsOFF|i went to hydrei
|c|âburnsOFF|and what the fuck LOL
|c|âburnsOFF|i did too
|c|âburnsOFF|but cancel
|c|âburnsOFF|that did so much
|c|âburnsOFF|Crit
|
|switch|p1a: Infernape|Infernape, F|293\/293
|move|p2a: Salty NAPPY|Wish|p2a: Salty NAPPY
|
|-heal|p2a: Salty NAPPY|200\/394|[from] item: Leftovers
|turn|5
|
|move|p2a: Salty NAPPY|Protect|p2a: Salty NAPPY
|-singleturn|p2a: Salty NAPPY|Protect
|move|p1a: Infernape|Flare Blitz|p2a: Salty NAPPY
|-activate|p2a: Salty NAPPY|Protect
|
|-heal|p2a: Salty NAPPY|394\/394|[from] move: Wish|[wisher] Salty NAPPY
|turn|6
|
|move|p1a: Infernape|Flare Blitz|p2a: Salty NAPPY
|-damage|p2a: Salty NAPPY|172\/394
|-damage|p1a: Infernape|220\/293|[from] recoil|[of] p2a: Salty NAPPY
|move|p2a: Salty NAPPY|Toxic|p1a: Infernape
|-status|p1a: Infernape|tox
|
|-heal|p2a: Salty NAPPY|196\/394|[from] item: Leftovers
|-damage|p1a: Infernape|202\/293 tox|[from] psn
|turn|7
|c|âburnsOFF|tfw
|
|switch|p2a: Zanzibar|Donphan, M|322\/384
|move|p1a: Infernape|Flare Blitz|p2a: Zanzibar
|-damage|p2a: Zanzibar|91\/384
|-damage|p1a: Infernape|126\/293 tox|[from] recoil|[of] p2a: Zanzibar
|
|-damage|p1a: Infernape|90\/293 tox|[from] psn
|turn|8
|
|move|p2a: Zanzibar|Ice Shard|p1a: Infernape
|-resisted|p1a: Infernape
|-damage|p1a: Infernape|61\/293 tox
|move|p1a: Infernape|Flare Blitz|p2a: Zanzibar
|-damage|p2a: Zanzibar|0 fnt
|-damage|p1a: Infernape|31\/293 tox|[from] recoil|[of] p2a: Zanzibar
|faint|p2a: Zanzibar
|
|-damage|p1a: Infernape|0 fnt|[from] psn
|faint|p1a: Infernape
|
|switch|p1a: Jirachi|Jirachi|234\/341
|switch|p2a: Salty NAPPY|Umbreon, M, shiny|196\/394
|turn|9
|
|move|p1a: Jirachi|Iron Head|p2a: Salty NAPPY
|-damage|p2a: Salty NAPPY|90\/394
|move|p2a: Salty NAPPY|Wish|p2a: Salty NAPPY
|
|-heal|p2a: Salty NAPPY|114\/394|[from] item: Leftovers
|turn|10
|
|move|p2a: Salty NAPPY|Protect|p2a: Salty NAPPY
|-singleturn|p2a: Salty NAPPY|Protect
|move|p1a: Jirachi|Iron Head|p2a: Salty NAPPY
|-activate|p2a: Salty NAPPY|Protect
|
|-heal|p2a: Salty NAPPY|311\/394|[from] move: Wish|[wisher] Salty NAPPY
|-heal|p2a: Salty NAPPY|335\/394|[from] item: Leftovers
|turn|11
|
|move|p1a: Jirachi|Iron Head|p2a: Salty NAPPY
|-damage|p2a: Salty NAPPY|244\/394
|cant|p2a: Salty NAPPY|flinch
|
|-heal|p2a: Salty NAPPY|268\/394|[from] item: Leftovers
|turn|12
|
|move|p1a: Jirachi|Iron Head|p2a: Salty NAPPY
|-damage|p2a: Salty NAPPY|174\/394
|cant|p2a: Salty NAPPY|flinch
|
|-heal|p2a: Salty NAPPY|198\/394|[from] item: Leftovers
|turn|13
|
|switch|p2a: LOVE ME|Crobat, F|311\/311
|move|p1a: Jirachi|Iron Head|p2a: LOVE ME
|-damage|p2a: LOVE ME|175\/311
|
|turn|14
|
|move|p1a: Jirachi|Iron Head|p2a: LOVE ME
|-damage|p2a: LOVE ME|42\/311
|cant|p2a: LOVE ME|flinch
|
|turn|15
|c|âBlueDragon 2200|scafed
|
|switch|p2a: WWE|Machamp, M|384\/384
|move|p1a: Jirachi|Iron Head|p2a: WWE
|-damage|p2a: WWE|252\/384
|
|turn|16
|
|switch|p1a: Starmie|Starmie|34\/261
|move|p2a: WWE|Knock Off|p1a: Starmie
|-supereffective|p1a: Starmie
|-damage|p1a: Starmie|0 fnt
|-enditem|p1a: Starmie|Life Orb|[from] move: Knock Off|[of] p2a: WWE
|faint|p1a: Starmie
|
|
|switch|p1a: Nidoqueen|Nidoqueen, F|353\/353
|turn|17
|
|switch|p2a: Salty NAPPY|Umbreon, M, shiny|198\/394
|move|p1a: Nidoqueen|Stealth Rock|p2a: Salty NAPPY
|-sidestart|p2: BlueDragon 2200|move: Stealth Rock
|
|-heal|p2a: Salty NAPPY|222\/394|[from] item: Leftovers
|turn|18
|
|switch|p1a: Hydreigon|Hydreigon, F|325\/325
|move|p2a: Salty NAPPY|Wish|p2a: Salty NAPPY
|
|-heal|p2a: Salty NAPPY|246\/394|[from] item: Leftovers
|turn|19
|
|move|p2a: Salty NAPPY|Protect|p2a: Salty NAPPY
|-singleturn|p2a: Salty NAPPY|Protect
|move|p1a: Hydreigon|U-turn|p2a: Salty NAPPY
|-activate|p2a: Salty NAPPY|Protect
|
|-heal|p2a: Salty NAPPY|394\/394|[from] move: Wish|[wisher] Salty NAPPY
|turn|20
|
|switch|p2a: LOVE ME|Crobat, F|42\/311
|-damage|p2a: LOVE ME|0 fnt|[from] Stealth Rock
|faint|p2a: LOVE ME
|move|p1a: Hydreigon|U-turn|p2: LOVE ME|[notarget]
|-notarget
|
|
|switch|p2a: WWE|Machamp, M|252\/384
|-damage|p2a: WWE|228\/384|[from] Stealth Rock
|turn|21
|
|move|p1a: Hydreigon|U-turn|p2a: WWE
|-resisted|p2a: WWE
|-damage|p2a: WWE|196\/384
|
|switch|p1a: Nidoqueen|Nidoqueen, F|353\/353
|move|p2a: WWE|Knock Off|p1a: Nidoqueen
|-damage|p1a: Nidoqueen|204\/353
|-enditem|p1a: Nidoqueen|Life Orb|[from] move: Knock Off|[of] p2a: WWE
|
|turn|22
|join|FreeRoamer
|
|move|p2a: WWE|Bullet Punch|p1a: Nidoqueen
|-damage|p1a: Nidoqueen|143\/353
|move|p1a: Nidoqueen|Sludge Wave|p2a: WWE
|-damage|p2a: WWE|60\/384
|
|turn|23
|leave|FreeRoamer
|
|switch|p2a: Salty NAPPY|Umbreon, M, shiny|394\/394
|-damage|p2a: Salty NAPPY|345\/394|[from] Stealth Rock
|move|p1a: Nidoqueen|Earth Power|p2a: Salty NAPPY
|-damage|p2a: Salty NAPPY|219\/394
|
|-heal|p2a: Salty NAPPY|243\/394|[from] item: Leftovers
|turn|24
|
|move|p1a: Nidoqueen|Sludge Wave|p2a: Salty NAPPY
|-damage|p2a: Salty NAPPY|122\/394
|move|p2a: Salty NAPPY|Wish|p2a: Salty NAPPY
|
|-heal|p2a: Salty NAPPY|146\/394|[from] item: Leftovers
|turn|25
|
|switch|p1a: Jirachi|Jirachi|234\/341
|move|p2a: Salty NAPPY|Protect|p2a: Salty NAPPY
|-fail|p2a: Salty NAPPY
|
|-heal|p2a: Salty NAPPY|343\/394|[from] move: Wish|[wisher] Salty NAPPY
|-heal|p2a: Salty NAPPY|367\/394|[from] item: Leftovers
|turn|26
|
|switch|p2a: WWE|Machamp, M|60\/384
|-damage|p2a: WWE|36\/384|[from] Stealth Rock
|move|p1a: Jirachi|Iron Head|p2a: WWE
|-damage|p2a: WWE|0 fnt
|faint|p2a: WWE
|
|
|switch|p2a: Acid|Porygon-Z, shiny|311\/311
|-damage|p2a: Acid|273\/311|[from] Stealth Rock
|-boost|p2a: Acid|atk|1|[from] ability: Download
|turn|27
|c|âburnsOFF|it has D pulse
|
|switch|p1a: Nidoqueen|Nidoqueen, F|143\/353
|move|p2a: Acid|Psyshock|p1a: Nidoqueen
|-supereffective|p1a: Nidoqueen
|-damage|p1a: Nidoqueen|0 fnt
|faint|p1a: Nidoqueen
|
|c|âburnsOFF|tfw
|
|switch|p1a: Ampharos|Ampharos, F|384\/384
|turn|28
|c|âburnsOFF|nah we gucci
|
|detailschange|p1a: Ampharos|Ampharos-Mega, F
|-mega|p1a: Ampharos|Ampharos|Ampharosite
|-ability|p1a: Ampharos|Mold Breaker
|move|p2a: Acid|Psyshock|p1a: Ampharos
|-damage|p1a: Ampharos|247\/384
|move|p1a: Ampharos|Thunderbolt|p2a: Acid
|-damage|p2a: Acid|17\/311
|
|turn|29
|
|switch|p2a: Salty NAPPY|Umbreon, M, shiny|367\/394
|-damage|p2a: Salty NAPPY|318\/394|[from] Stealth Rock
|move|p1a: Ampharos|Volt Switch|p2a: Salty NAPPY
|-crit|p2a: Salty NAPPY
|-damage|p2a: Salty NAPPY|126\/394
|
|switch|p1a: Jirachi|Jirachi|234\/341
|
|-heal|p2a: Salty NAPPY|150\/394|[from] item: Leftovers
|turn|30
|
|move|p1a: Jirachi|Iron Head|p2a: Salty NAPPY
|-damage|p2a: Salty NAPPY|59\/394
|move|p2a: Salty NAPPY|Wish|p2a: Salty NAPPY
|
|-heal|p2a: Salty NAPPY|83\/394|[from] item: Leftovers
|turn|31
|
|move|p2a: Salty NAPPY|Protect|p2a: Salty NAPPY
|-singleturn|p2a: Salty NAPPY|Protect
|move|p1a: Jirachi|Iron Head|p2a: Salty NAPPY
|-activate|p2a: Salty NAPPY|Protect
|
|-heal|p2a: Salty NAPPY|280\/394|[from] move: Wish|[wisher] Salty NAPPY
|-heal|p2a: Salty NAPPY|304\/394|[from] item: Leftovers
|turn|32
|
|switch|p2a: Acid|Porygon-Z, shiny|17\/311
|-damage|p2a: Acid|0 fnt|[from] Stealth Rock
|faint|p2a: Acid
|move|p1a: Jirachi|Iron Head|p2: Acid|[notarget]
|-notarget
|
|
|switch|p2a: Lucy|Jirachi|341\/341
|-damage|p2a: Lucy|320\/341|[from] Stealth Rock
|turn|33
|
|switch|p1a: Ampharos|Ampharos-Mega, F|247\/384
|-ability|p1a: Ampharos|Mold Breaker
|move|p2a: Lucy|Meteor Mash|p1a: Ampharos
|-resisted|p1a: Ampharos
|-damage|p1a: Ampharos|185\/384
|-boost|p2a: Lucy|atk|1
|
|-heal|p2a: Lucy|341\/341|[from] item: Leftovers
|turn|34
|
|move|p2a: Lucy|Zen Headbutt|p1a: Ampharos
|-damage|p1a: Ampharos|10\/384
|cant|p1a: Ampharos|flinch
|
|turn|35
|c|âburnsOFF|oml
|
|move|p2a: Lucy|Meteor Mash|p1a: Ampharos
|-resisted|p1a: Ampharos
|-damage|p1a: Ampharos|0 fnt
|-boost|p2a: Lucy|atk|1
|faint|p1a: Ampharos
|
|c|âburnsOFF|Shit
|
|switch|p1a: Hydreigon|Hydreigon, F|325\/325
|turn|36
|
|move|p1a: Hydreigon|Dark Pulse|p2a: Lucy
|-supereffective|p2a: Lucy
|-damage|p2a: Lucy|57\/341
|move|p2a: Lucy|Iron Head|p1a: Hydreigon
|-damage|p1a: Hydreigon|40\/325
|
|-heal|p2a: Lucy|78\/341|[from] item: Leftovers
|turn|37
|c|âburnsOFF|alright nb
|
|switch|p2a: Salty NAPPY|Umbreon, M, shiny|304\/394
|-damage|p2a: Salty NAPPY|255\/394|[from] Stealth Rock
|move|p1a: Hydreigon|Dark Pulse|p2a: Salty NAPPY
|-crit|p2a: Salty NAPPY
|-resisted|p2a: Salty NAPPY
|-damage|p2a: Salty NAPPY|176\/394
|
|-heal|p2a: Salty NAPPY|200\/394|[from] item: Leftovers
|turn|38
|
|switch|p1a: Jirachi|Jirachi|234\/341
|move|p2a: Salty NAPPY|Wish|p2a: Salty NAPPY
|
|-heal|p2a: Salty NAPPY|224\/394|[from] item: Leftovers
|turn|39
|
|move|p2a: Salty NAPPY|Protect|p2a: Salty NAPPY
|-singleturn|p2a: Salty NAPPY|Protect
|move|p1a: Jirachi|Iron Head|p2a: Salty NAPPY
|-activate|p2a: Salty NAPPY|Protect
|
|-heal|p2a: Salty NAPPY|394\/394|[from] move: Wish|[wisher] Salty NAPPY
|turn|40
|
|move|p1a: Jirachi|Iron Head|p2a: Salty NAPPY
|-damage|p2a: Salty NAPPY|298\/394
|cant|p2a: Salty NAPPY|flinch
|
|-heal|p2a: Salty NAPPY|322\/394|[from] item: Leftovers
|turn|41
|
|move|p1a: Jirachi|Iron Head|p2a: Salty NAPPY
|-damage|p2a: Salty NAPPY|225\/394
|cant|p2a: Salty NAPPY|flinch
|
|-heal|p2a: Salty NAPPY|249\/394|[from] item: Leftovers
|turn|42
|
|move|p1a: Jirachi|Iron Head|p2a: Salty NAPPY
|-damage|p2a: Salty NAPPY|149\/394
|cant|p2a: Salty NAPPY|flinch
|
|-heal|p2a: Salty NAPPY|173\/394|[from] item: Leftovers
|turn|43
|c|âburnsOFF|2 more
|c|âburnsOFF|alright
|c|âburnsOFF|1 more silly
|
|move|p1a: Jirachi|Iron Head|p2a: Salty NAPPY
|-damage|p2a: Salty NAPPY|79\/394
|move|p2a: Salty NAPPY|Wish|p2a: Salty NAPPY
|
|-heal|p2a: Salty NAPPY|103\/394|[from] item: Leftovers
|turn|44
|c|âburnsOFF|cmon plz daddy
|c|âburnsOFF|fuck
|c|âburnsOFF|FUCK
|c|âBlueDragon 2200|yes
|
|move|p2a: Salty NAPPY|Protect|p2a: Salty NAPPY
|-singleturn|p2a: Salty NAPPY|Protect
|move|p1a: Jirachi|Iron Head|p2a: Salty NAPPY
|-activate|p2a: Salty NAPPY|Protect
|
|-heal|p2a: Salty NAPPY|300\/394|[from] move: Wish|[wisher] Salty NAPPY
|-heal|p2a: Salty NAPPY|324\/394|[from] item: Leftovers
|turn|45
|c|âburnsOFF|why is this legal
|c|âburnsOFF|shut the fuck up bluedragon you probably wear overalls dumb fucking farmer brown ass
|c|âburnsOFF|LOL
|
|move|p1a: Jirachi|Iron Head|p2a: Salty NAPPY
|-damage|p2a: Salty NAPPY|222\/394
|cant|p2a: Salty NAPPY|flinch
|
|-heal|p2a: Salty NAPPY|246\/394|[from] item: Leftovers
|turn|46
|
|move|p1a: Jirachi|Iron Head|p2a: Salty NAPPY
|-damage|p2a: Salty NAPPY|147\/394
|move|p2a: Salty NAPPY|Wish|p2a: Salty NAPPY
|
|-heal|p2a: Salty NAPPY|171\/394|[from] item: Leftovers
|turn|47
|
|move|p2a: Salty NAPPY|Protect|p2a: Salty NAPPY
|-singleturn|p2a: Salty NAPPY|Protect
|move|p1a: Jirachi|Iron Head|p2a: Salty NAPPY
|-activate|p2a: Salty NAPPY|Protect
|
|-heal|p2a: Salty NAPPY|368\/394|[from] move: Wish|[wisher] Salty NAPPY
|-heal|p2a: Salty NAPPY|392\/394|[from] item: Leftovers
|turn|48
|c|âburnsOFF|fucking poppycock
|c|âBlueDragon 2200|you out of iron heads yet
|c|âburnsOFF|yeah
|c|âburnsOFF|bluedragon back to yugioh you lost ass nigga
|
|move|p1a: Jirachi|Iron Head|p2a: Salty NAPPY
|-damage|p2a: Salty NAPPY|293\/394
|cant|p2a: Salty NAPPY|flinch
|
|-heal|p2a: Salty NAPPY|317\/394|[from] item: Leftovers
|turn|49
|
|move|p1a: Jirachi|Iron Head|p2a: Salty NAPPY
|-damage|p2a: Salty NAPPY|220\/394
|cant|p2a: Salty NAPPY|flinch
|
|-heal|p2a: Salty NAPPY|244\/394|[from] item: Leftovers
|turn|50
|
|move|p1a: Jirachi|Iron Head|p2a: Salty NAPPY
|-damage|p2a: Salty NAPPY|150\/394
|cant|p2a: Salty NAPPY|flinch
|
|-heal|p2a: Salty NAPPY|174\/394|[from] item: Leftovers
|turn|51
|
|move|p1a: Jirachi|Iron Head|p2a: Salty NAPPY
|-damage|p2a: Salty NAPPY|81\/394
|cant|p2a: Salty NAPPY|flinch
|
|-heal|p2a: Salty NAPPY|105\/394|[from] item: Leftovers
|turn|52
|
|switch|p1a: Hydreigon|Hydreigon, F|40\/325
|move|p2a: Salty NAPPY|Wish|p2a: Salty NAPPY
|
|-heal|p2a: Salty NAPPY|129\/394|[from] item: Leftovers
|turn|53
|
|switch|p1a: Jirachi|Jirachi|234\/341
|move|p2a: Salty NAPPY|Protect|p2a: Salty NAPPY
|-fail|p2a: Salty NAPPY
|
|-heal|p2a: Salty NAPPY|326\/394|[from] move: Wish|[wisher] Salty NAPPY
|-heal|p2a: Salty NAPPY|350\/394|[from] item: Leftovers
|turn|54
|
|move|p1a: Jirachi|Trick|p2a: Salty NAPPY
|-activate|p1a: Jirachi|move: Trick|[of] p2a: Salty NAPPY
|-item|p2a: Salty NAPPY|Choice Scarf|[from] move: Trick
|-item|p1a: Jirachi|Leftovers|[from] move: Trick
|move|p2a: Salty NAPPY|Wish|p2a: Salty NAPPY
|
|-heal|p1a: Jirachi|255\/341|[from] item: Leftovers
|turn|55
|
|switch|p2a: Lucy|Jirachi|78\/341
|-damage|p2a: Lucy|57\/341|[from] Stealth Rock
|move|p1a: Jirachi|U-turn|p2a: Lucy
|-damage|p2a: Lucy|0 fnt
|faint|p2a: Lucy
|
|switch|p1a: Hydreigon|Hydreigon, F|40\/325
|
|c|âBlueDragon 2200|shit
|c|âburnsOFF|gg
|c|âburnsOFF|Call him Burns
|
|switch|p2a: Salty NAPPY|Umbreon, M, shiny|350\/394
|-damage|p2a: Salty NAPPY|301\/394|[from] Stealth Rock
|turn|56
|
|move|p1a: Hydreigon|Draco Meteor|p2a: Salty NAPPY
|-damage|p2a: Salty NAPPY|130\/394
|-unboost|p1a: Hydreigon|spa|2
|move|p2a: Salty NAPPY|Toxic|p1a: Hydreigon
|-status|p1a: Hydreigon|tox
|
|-damage|p1a: Hydreigon|20\/325 tox|[from] psn
|turn|57
|c|âburnsOFF|LOL
|c|âburnsOFF|ok gg
|c|âburnsOFF|im do fonr
|c|âburnsOFF|done
|
|move|p1a: Hydreigon|Draco Meteor|p2a: Salty NAPPY
|-damage|p2a: Salty NAPPY|49\/394
|-unboost|p1a: Hydreigon|spa|2
|move|p2a: Salty NAPPY|Toxic|p1a: Hydreigon
|-fail|p1a: Hydreigon|tox
|
|-damage|p1a: Hydreigon|0 fnt|[from] psn
|faint|p1a: Hydreigon
|c|âburnsOFF|im gonna healing wish
|
|switch|p1a: Jirachi|Jirachi|255\/341
|turn|58
|
|move|p1a: Jirachi|U-turn|p2a: Salty NAPPY
|-supereffective|p2a: Salty NAPPY
|-damage|p2a: Salty NAPPY|0 fnt
|faint|p2a: Salty NAPPY
|
|win|burnsOFF
|raw|Ladder updating...
|raw|burnsOFF's rating: 1392 &rarr; <strong>1406<\/strong><br \/>(+14 for winning)
|raw|BlueDragon 2200's rating: 1282 &rarr; <strong>1265<\/strong><br \/>(-17 for losing)