|join|burnsOFF
|join|frank1337
|player|p1|burnsOFF|164
|player|p2|frank1337|70
|gametype|singles
|gen|6
|tier|UU
|rated
|rule|Sleep Clause Mod: Limit one foe put to sleep
|rule|Species Clause: Limit one of each PokÃ©mon
|rule|OHKO Clause: OHKO moves are banned
|rule|Moody Clause: Moody is banned
|rule|Evasion Moves Clause: Evasion moves are banned
|rule|Endless Battle Clause: Forcing endless battles is banned
|rule|HP Percentage Mod: HP is shown in percentages
|clearpoke
|poke|p1|Nidoqueen, F
|poke|p1|Starmie
|poke|p1|Infernape, M
|poke|p1|Jirachi
|poke|p1|Hydreigon, M
|poke|p1|Ampharos, F
|poke|p2|Nidoqueen, F
|poke|p2|Ampharos, M
|poke|p2|Krookodile, F
|poke|p2|Shaymin
|poke|p2|Jirachi
|poke|p2|Cloyster, M
|rule|Swagger Clause: Swagger is banned
|rule|Baton Pass Clause: Limit one PokÃ©mon knowing Baton Pass
|teampreview
|c|âburnsOFF|gl
|
|start
|switch|p1a: Starmie|Starmie|261\/261
|switch|p2a: Nidoqueen|Nidoqueen, F|322\/322
|turn|1
|
|move|p1a: Starmie|Hydro Pump|p2a: Nidoqueen
|-supereffective|p2a: Nidoqueen
|-damage|p2a: Nidoqueen|0 fnt
|-damage|p1a: Starmie|235\/261|[from] item: Life Orb
|faint|p2a: Nidoqueen
|
|c|âburnsOFF|nb
|
|switch|p2a: Shaymin|Shaymin|341\/341
|turn|2
|c|âburnsOFF|ok our gxe is 80 and we are almost 1500
|
|switch|p1a: Jirachi|Jirachi|341\/341
|move|p2a: Shaymin|Seed Flare|p1a: Jirachi
|-resisted|p1a: Jirachi
|-damage|p1a: Jirachi|224\/341
|-damage|p2a: Shaymin|307\/341|[from] item: Life Orb
|
|turn|3
|c|âburnsOFF|yeah we just need 17 more games
|c|âburnsOFF|we playing godlike right now dude
|c|âburnsOFF|yea
|
|move|p1a: Jirachi|U-turn|p2a: Shaymin
|-crit|p2a: Shaymin
|-supereffective|p2a: Shaymin
|-damage|p2a: Shaymin|95\/341
|
|switch|p1a: Hydreigon|Hydreigon, M|325\/325
|move|p2a: Shaymin|Earth Power|p1a: Hydreigon
|-immune|p1a: Hydreigon|[msg]
|
|turn|4
|
|switch|p2a: Krookodile|Krookodile, F|332\/332
|-ability|p2a: Krookodile|Intimidate|[of] p1a: Hydreigon
|-unboost|p1a: Hydreigon|atk|1
|move|p1a: Hydreigon|U-turn|p2a: Krookodile
|-supereffective|p2a: Krookodile
|-damage|p2a: Krookodile|238\/332
|
|switch|p1a: Infernape|Infernape, M|293\/293
|
|turn|5
|
|move|p1a: Infernape|Mach Punch|p2a: Krookodile
|-supereffective|p2a: Krookodile
|-damage|p2a: Krookodile|0 fnt
|faint|p2a: Krookodile
|
|
|switch|p2a: Cloyster|Cloyster, M|242\/242
|turn|6
|
|move|p1a: Infernape|Mach Punch|p2a: Cloyster
|-supereffective|p2a: Cloyster
|-damage|p2a: Cloyster|120\/242
|move|p2a: Cloyster|Shell Smash|p2a: Cloyster
|-boost|p2a: Cloyster|atk|2
|-boost|p2a: Cloyster|spa|2
|-boost|p2a: Cloyster|spe|2
|-unboost|p2a: Cloyster|def|1
|-unboost|p2a: Cloyster|spd|1
|-enditem|p2a: Cloyster|White Herb
|-restoreboost|p2a: Cloyster|[silent]
|
|turn|7
|
|move|p1a: Infernape|Mach Punch|p2a: Cloyster
|-supereffective|p2a: Cloyster
|-damage|p2a: Cloyster|0 fnt
|faint|p2a: Cloyster
|
|-message|frank1337 forfeited.
|leave|frank1337
|
|win|burnsOFF
|raw|Ladder updating...
|player|p2
|raw|burnsOFF's rating: 1492 &rarr; <strong>1503<\/strong><br \/>(+11 for winning)
|raw|frank1337's rating: 1305 &rarr; <strong>1295<\/strong><br \/>(-10 for losing)