|join|LiberalLucario
|join|burnsOFF
|player|p1|LiberalLucario|130
|player|p2|burnsOFF|33
|gametype|singles
|gen|6
|tier|UU
|rated
|rule|Sleep Clause Mod: Limit one foe put to sleep
|rule|Species Clause: Limit one of each PokÃ©mon
|rule|OHKO Clause: OHKO moves are banned
|rule|Moody Clause: Moody is banned
|rule|Evasion Moves Clause: Evasion moves are banned
|rule|Endless Battle Clause: Forcing endless battles is banned
|rule|HP Percentage Mod: HP is shown in percentages
|clearpoke
|poke|p1|Qwilfish, M
|poke|p1|Cobalion
|poke|p1|Sharpedo, F
|poke|p1|Hydreigon, F
|poke|p1|Celebi
|poke|p1|Rotom-Heat
|poke|p2|Nidoqueen, F
|poke|p2|Starmie
|poke|p2|Infernape, M
|poke|p2|Jirachi
|poke|p2|Hydreigon, M
|poke|p2|Ampharos, F
|rule|Swagger Clause: Swagger is banned
|rule|Baton Pass Clause: Limit one PokÃ©mon knowing Baton Pass
|teampreview
|
|start
|switch|p1a: Celebi|Celebi|341\/341
|switch|p2a: Nidoqueen|Nidoqueen, F|353\/353
|turn|1
|
|move|p1a: Celebi|Psychic|p2a: Nidoqueen
|-supereffective|p2a: Nidoqueen
|-damage|p2a: Nidoqueen|0 fnt
|-damage|p1a: Celebi|307\/341|[from] item: Life Orb
|faint|p2a: Nidoqueen
|
|c|âburnsOFF|NOOOOOOOOOOOOOOOOOOOOOOOOOOOOOOOOOOOOOOOOOOOOOOOOOOOOO
|
|switch|p2a: Hydreigon|Hydreigon, M|325\/325
|turn|2
|c|âburnsOFF|it's fine
|c|âLiberalLucario|lmao
|c|âLiberalLucario|people always do that ;_;
|
|switch|p1a: Cobalion|Cobalion|386\/386
|move|p2a: Hydreigon|U-turn|p1a: Cobalion
|-resisted|p1a: Cobalion
|-damage|p1a: Cobalion|374\/386
|
|switch|p2a: Infernape|Infernape, M|293\/293
|
|-heal|p1a: Cobalion|386\/386|[from] item: Leftovers
|turn|3
|
|switch|p1a: Qwilfish|Qwilfish, M|334\/334
|-ability|p1a: Qwilfish|Intimidate|[of] p2a: Infernape
|-unboost|p2a: Infernape|atk|1
|move|p2a: Infernape|Close Combat|p1a: Qwilfish
|-resisted|p1a: Qwilfish
|-damage|p1a: Qwilfish|253\/334
|-unboost|p2a: Infernape|def|1
|-unboost|p2a: Infernape|spd|1
|
|-heal|p1a: Qwilfish|273\/334|[from] item: Black Sludge
|turn|4
|
|switch|p2a: Ampharos|Ampharos, F|384\/384
|move|p1a: Qwilfish|Spikes|p2a: Ampharos
|-sidestart|p2: burnsOFF|Spikes
|
|-heal|p1a: Qwilfish|293\/334|[from] item: Black Sludge
|turn|5
|
|switch|p1a: Rotom-Heat|Rotom-Heat|241\/241
|detailschange|p2a: Ampharos|Ampharos-Mega, F
|-mega|p2a: Ampharos|Ampharos|Ampharosite
|-ability|p2a: Ampharos|Mold Breaker
|move|p2a: Ampharos|Volt Switch|p1a: Rotom-Heat
|-resisted|p1a: Rotom-Heat
|-damage|p1a: Rotom-Heat|160\/241
|
|switch|p2a: Hydreigon|Hydreigon, M|325\/325
|
|turn|6
|
|switch|p1a: Cobalion|Cobalion|386\/386
|move|p2a: Hydreigon|Draco Meteor|p1a: Cobalion
|-resisted|p1a: Cobalion
|-damage|p1a: Cobalion|248\/386
|-unboost|p2a: Hydreigon|spa|2
|
|-heal|p1a: Cobalion|272\/386|[from] item: Leftovers
|turn|7
|
|switch|p2a: Infernape|Infernape, M|293\/293
|-damage|p2a: Infernape|257\/293|[from] Spikes
|move|p1a: Cobalion|Stealth Rock|p2a: Infernape
|-sidestart|p2: burnsOFF|move: Stealth Rock
|
|-heal|p1a: Cobalion|296\/386|[from] item: Leftovers
|turn|8
|
|switch|p1a: Qwilfish|Qwilfish, M|293\/334
|-ability|p1a: Qwilfish|Intimidate|[of] p2a: Infernape
|-unboost|p2a: Infernape|atk|1
|move|p2a: Infernape|Thunder Punch|p1a: Qwilfish
|-supereffective|p1a: Qwilfish
|-damage|p1a: Qwilfish|141\/334
|-status|p1a: Qwilfish|par
|
|-heal|p1a: Qwilfish|161\/334 par|[from] item: Black Sludge
|turn|9
|
|switch|p2a: Starmie|Starmie|261\/261
|-damage|p2a: Starmie|229\/261|[from] Spikes
|-damage|p2a: Starmie|197\/261|[from] Stealth Rock
|cant|p1a: Qwilfish|par
|
|-heal|p1a: Qwilfish|181\/334 par|[from] item: Black Sludge
|turn|10
|
|switch|p1a: Celebi|Celebi|307\/341
|move|p2a: Starmie|Rapid Spin|p1a: Celebi
|-damage|p1a: Celebi|291\/341
|-sideend|p2: burnsOFF|Spikes|[from] move: Rapid Spin|[of] p2a: Starmie
|-sideend|p2: burnsOFF|Stealth Rock|[from] move: Rapid Spin|[of] p2a: Starmie
|-damage|p2a: Starmie|171\/261|[from] item: Life Orb
|
|turn|11
|
|switch|p2a: Ampharos|Ampharos-Mega, F|384\/384
|-ability|p2a: Ampharos|Mold Breaker
|move|p1a: Celebi|Giga Drain|p2a: Ampharos
|-resisted|p2a: Ampharos
|-damage|p2a: Ampharos|320\/384
|-heal|p1a: Celebi|323\/341|[from] drain|[of] p2a: Ampharos
|-damage|p1a: Celebi|289\/341|[from] item: Life Orb
|
|turn|12
|
|move|p1a: Celebi|Earth Power|p2a: Ampharos
|-supereffective|p2a: Ampharos
|-damage|p2a: Ampharos|89\/384
|-damage|p1a: Celebi|255\/341|[from] item: Life Orb
|move|p2a: Ampharos|Dragon Pulse|p1a: Celebi
|-damage|p1a: Celebi|50\/341
|
|turn|13
|
|switch|p2a: Hydreigon|Hydreigon, M|325\/325
|move|p1a: Celebi|Earth Power|p2a: Hydreigon
|-immune|p2a: Hydreigon|[msg]
|
|turn|14
|
|move|p2a: Hydreigon|U-turn|p1a: Celebi
|-crit|p1a: Celebi
|-supereffective|p1a: Celebi
|-damage|p1a: Celebi|0 fnt
|faint|p1a: Celebi
|
|switch|p2a: Jirachi|Jirachi|341\/341
|
|
|switch|p1a: Cobalion|Cobalion|296\/386
|turn|15
|
|move|p2a: Jirachi|U-turn|p1a: Cobalion
|-resisted|p1a: Cobalion
|-damage|p1a: Cobalion|282\/386
|
|switch|p2a: Infernape|Infernape, M|257\/293
|move|p1a: Cobalion|Stealth Rock|p2a: Infernape
|-sidestart|p2: burnsOFF|move: Stealth Rock
|
|-heal|p1a: Cobalion|306\/386|[from] item: Leftovers
|turn|16
|
|switch|p1a: Qwilfish|Qwilfish, M|181\/334 par
|-ability|p1a: Qwilfish|Intimidate|[of] p2a: Infernape
|-unboost|p2a: Infernape|atk|1
|move|p2a: Infernape|Close Combat|p1a: Qwilfish
|-resisted|p1a: Qwilfish
|-damage|p1a: Qwilfish|97\/334 par
|-unboost|p2a: Infernape|def|1
|-unboost|p2a: Infernape|spd|1
|
|-heal|p1a: Qwilfish|117\/334 par|[from] item: Black Sludge
|turn|17
|
|switch|p2a: Ampharos|Ampharos-Mega, F|89\/384
|-damage|p2a: Ampharos|41\/384|[from] Stealth Rock
|-ability|p2a: Ampharos|Mold Breaker
|switch|p1a: Hydreigon|Hydreigon, F|325\/325
|
|turn|18
|
|move|p1a: Hydreigon|Dark Pulse|p2a: Ampharos
|-damage|p2a: Ampharos|0 fnt
|faint|p2a: Ampharos
|
|
|switch|p2a: Infernape|Infernape, M|257\/293
|-damage|p2a: Infernape|221\/293|[from] Stealth Rock
|turn|19
|
|switch|p1a: Qwilfish|Qwilfish, M|117\/334 par
|-ability|p1a: Qwilfish|Intimidate|[of] p2a: Infernape
|-unboost|p2a: Infernape|atk|1
|move|p2a: Infernape|Close Combat|p1a: Qwilfish
|-resisted|p1a: Qwilfish
|-damage|p1a: Qwilfish|43\/334 par
|-unboost|p2a: Infernape|def|1
|-unboost|p2a: Infernape|spd|1
|
|-heal|p1a: Qwilfish|63\/334 par|[from] item: Black Sludge
|turn|20
|
|move|p2a: Infernape|Close Combat|p1a: Qwilfish
|-resisted|p1a: Qwilfish
|-damage|p1a: Qwilfish|0 fnt
|-unboost|p2a: Infernape|def|1
|-unboost|p2a: Infernape|spd|1
|faint|p1a: Qwilfish
|
|
|switch|p1a: Sharpedo|Sharpedo, F|281\/281
|turn|21
|
|switch|p2a: Hydreigon|Hydreigon, M|325\/325
|-damage|p2a: Hydreigon|285\/325|[from] Stealth Rock
|move|p1a: Sharpedo|Protect|p1a: Sharpedo
|-fail|p1a: Sharpedo
|
|-boost|p1a: Sharpedo|spe|1|[from] ability: Speed Boost
|turn|22
|
|switch|p1a: Cobalion|Cobalion|306\/386
|move|p2a: Hydreigon|U-turn|p1a: Cobalion
|-resisted|p1a: Cobalion
|-damage|p1a: Cobalion|295\/386
|
|switch|p2a: Infernape|Infernape, M|221\/293
|-damage|p2a: Infernape|185\/293|[from] Stealth Rock
|
|-heal|p1a: Cobalion|319\/386|[from] item: Leftovers
|turn|23
|
|move|p2a: Infernape|Close Combat|p1a: Cobalion
|-supereffective|p1a: Cobalion
|-damage|p1a: Cobalion|0 fnt
|-unboost|p2a: Infernape|def|1
|-unboost|p2a: Infernape|spd|1
|faint|p1a: Cobalion
|
|
|switch|p1a: Sharpedo|Sharpedo, F|281\/281
|turn|24
|
|switch|p2a: Starmie|Starmie|171\/261
|-damage|p2a: Starmie|139\/261|[from] Stealth Rock
|move|p1a: Sharpedo|Protect|p1a: Sharpedo
|-fail|p1a: Sharpedo
|
|-boost|p1a: Sharpedo|spe|1|[from] ability: Speed Boost
|turn|25
|
|move|p1a: Sharpedo|Protect|p1a: Sharpedo
|-singleturn|p1a: Sharpedo|Protect
|move|p2a: Starmie|Thunderbolt|p1a: Sharpedo
|-activate|p1a: Sharpedo|Protect
|
|-boost|p1a: Sharpedo|spe|1|[from] ability: Speed Boost
|turn|26
|
|detailschange|p1a: Sharpedo|Sharpedo-Mega, F
|-mega|p1a: Sharpedo|Sharpedo|Sharpedonite
|move|p1a: Sharpedo|Crunch|p2a: Starmie
|-supereffective|p2a: Starmie
|-damage|p2a: Starmie|0 fnt
|faint|p2a: Starmie
|
|c|âburnsOFF|tfw
|
|switch|p2a: Hydreigon|Hydreigon, M|285\/325
|-damage|p2a: Hydreigon|245\/325|[from] Stealth Rock
|turn|27
|c|âburnsOFF|don't have ice fang
|c|âLiberalLucario|:]
|c|âLiberalLucario|this better not
|
|move|p1a: Sharpedo|Ice Fang|p2a: Hydreigon
|-supereffective|p2a: Hydreigon
|-damage|p2a: Hydreigon|0 fnt
|faint|p2a: Hydreigon
|
|c|âLiberalLucario|miss
|c|âLiberalLucario|ok good
|c|âLiberalLucario|i didnt use it before because I needed you to switch in twice on rocks
|c|âLiberalLucario|252+ Atk Strong Jaw Mega Sharpedo Ice Fang vs. 0 HP \/ 0 Def Hydreigon: 268-316 (82.4 - 97.2%) -- guaranteed 2HKO
|c|âburnsOFF|Fuck
|c|âburnsOFF|help
|c|âburnsOFF|LOL
|
|switch|p2a: Infernape|Infernape, M|185\/293
|-damage|p2a: Infernape|149\/293|[from] Stealth Rock
|turn|28
|c|âLiberalLucario|gg :]
|c|âburnsOFF|gg :(
|
|move|p2a: Infernape|Mach Punch|p1a: Sharpedo
|-supereffective|p1a: Sharpedo
|-damage|p1a: Sharpedo|0 fnt
|faint|p1a: Sharpedo
|
|c|âLiberalLucario|omg
|c|âburnsOFF|**sike nigga**
|c|âburnsOFF|AHAHAHHAA
|c|âLiberalLucario|that actually
|c|âLiberalLucario|killed me
|c|âLiberalLucario|LOL
|c|âburnsOFF|LOL
|
|switch|p1a: Rotom-Heat|Rotom-Heat|160\/241
|turn|29
|
|switch|p2a: Jirachi|Jirachi|341\/341
|-damage|p2a: Jirachi|320\/341|[from] Stealth Rock
|move|p1a: Rotom-Heat|Volt Switch|p2a: Jirachi
|-damage|p2a: Jirachi|164\/341
|
|switch|p1a: Hydreigon|Hydreigon, F|325\/325
|
|turn|30
|
|move|p2a: Jirachi|Iron Head|p1a: Hydreigon
|-crit|p1a: Hydreigon
|-damage|p1a: Hydreigon|96\/325
|move|p1a: Hydreigon|Dark Pulse|p2a: Jirachi
|-supereffective|p2a: Jirachi
|-damage|p2a: Jirachi|0 fnt
|faint|p2a: Jirachi
|
|c|âLiberalLucario|phew.
|c|âburnsOFF|is that scarf
|c|âburnsOFF|literally never get a flinch lol
|
|switch|p2a: Infernape|Infernape, M|149\/293
|-damage|p2a: Infernape|113\/293|[from] Stealth Rock
|turn|31
|c|âburnsOFF|its so dumb
|c|âburnsOFF|also
|c|âLiberalLucario|this is a 50\/50
|c|âLiberalLucario|isn't it
|c|âburnsOFF|why the fuck do u run
|c|âLiberalLucario|;_;
|c|âburnsOFF|double scarf
|c|âLiberalLucario|i don't
|c|âburnsOFF|and a speed booster
|c|âburnsOFF|bro don't h8 double scarf is cool
|c|âLiberalLucario|my rotom isn't scarf
|c|âburnsOFF|bro double scarf got me rank 2 on mono,,,
|c|âLiberalLucario|lo
|c|âLiberalLucario|l
|c|âburnsOFF|with a priority mon
|
|move|p1a: Hydreigon|Dark Pulse|p2a: Infernape
|-resisted|p2a: Infernape
|-damage|p2a: Infernape|18\/293
|move|p2a: Infernape|Close Combat|p1a: Hydreigon
|-supereffective|p1a: Hydreigon
|-damage|p1a: Hydreigon|0 fnt
|-unboost|p2a: Infernape|def|1
|-unboost|p2a: Infernape|spd|1
|faint|p1a: Hydreigon
|
|c|âburnsOFF|LOL
|c|âburnsOFF|hes bs'ing jak
|c|âLiberalLucario|ah fk that
|c|âburnsOFF|dont trust it
|c|âLiberalLucario|losing 50\/50s to shit players
|c|âburnsOFF|his rotom is scarfed lol
|c|âLiberalLucario|amn.
|c|âburnsOFF|Shit
|
|switch|p1a: Rotom-Heat|Rotom-Heat|160\/241
|turn|32
|c|âburnsOFF|cant bluff me
|
|move|p2a: Infernape|Close Combat|p1a: Rotom-Heat
|-damage|p1a: Rotom-Heat|0 fnt
|-unboost|p2a: Infernape|def|1
|-unboost|p2a: Infernape|spd|1
|faint|p1a: Rotom-Heat
|
|win|burnsOFF
|raw|Ladder updating...
|c|âLiberalLucario|rip my elo
|c|âburnsOFF|IM DONE
|c|âLiberalLucario|inb4 i lose 70 points
|raw|LiberalLucario's rating: 1642 &rarr; <strong>1610<\/strong><br \/>(-32 for losing)
|raw|burnsOFF's rating: 1378 &rarr; <strong>1411<\/strong><br \/>(+33 for winning)
|c|âburnsOFF|SUCK MY ASS
|c|âburnsOFF|LLOL
|c|âburnsOFF|UR HORRIBLE
|c|âLiberalLucario|32
|c|âLiberalLucario|nb
|c|âburnsOFF|HOLY SHIT
|leave|LiberalLucario
|c|âburnsOFF|nice rank
|c|âburnsOFF|GET OUTPLAYED 1600S FUCKBOY
|player|p1
|c|âburnsOFF|AYYY
|c|âburnsOFF|\/me high fives jak
|c|âburnsOFF|\/me high 5