|join|burnsOFF
|join|rektttt
|player|p1|burnsOFF|164
|player|p2|rektttt|169
|gametype|singles
|gen|6
|tier|UU
|rated
|rule|Sleep Clause Mod: Limit one foe put to sleep
|rule|Species Clause: Limit one of each PokÃ©mon
|rule|OHKO Clause: OHKO moves are banned
|rule|Moody Clause: Moody is banned
|rule|Evasion Moves Clause: Evasion moves are banned
|rule|Endless Battle Clause: Forcing endless battles is banned
|rule|HP Percentage Mod: HP is shown in percentages
|clearpoke
|poke|p1|Nidoqueen, F
|poke|p1|Starmie
|poke|p1|Infernape, F
|poke|p1|Jirachi
|poke|p1|Hydreigon, M
|poke|p1|Ampharos, F
|poke|p2|Honchkrow, M
|poke|p2|Beedrill, F, shiny
|poke|p2|Forretress, M
|poke|p2|Florges, F
|poke|p2|Jirachi
|poke|p2|Dugtrio, F
|rule|Swagger Clause: Swagger is banned
|rule|Baton Pass Clause: Limit one PokÃ©mon knowing Baton Pass
|teampreview
|
|start
|switch|p1a: Hydreigon|Hydreigon, M|325\/325
|switch|p2a: Dugtrio|Dugtrio, F|211\/211
|turn|1
|
|switch|p2a: durp|Florges, F|349\/349
|move|p1a: Hydreigon|Dark Pulse|p2a: durp
|-resisted|p2a: durp
|-damage|p2a: durp|319\/349
|
|turn|2
|
|switch|p1a: Jirachi|Jirachi|341\/341
|move|p2a: durp|Moonblast|p1a: Jirachi
|-resisted|p1a: Jirachi
|-damage|p1a: Jirachi|254\/341
|
|turn|3
|
|switch|p2a: Forretress|Forretress, M|353\/353
|move|p1a: Jirachi|U-turn|p2a: Forretress
|-resisted|p2a: Forretress
|-damage|p2a: Forretress|333\/353
|-damage|p1a: Jirachi|198\/341|[from] item: Rocky Helmet|[of] p2a: Forretress
|c|âburnsOFF|ohhh shit boy
|c|ârektttt|lol
|
|switch|p1a: Nidoqueen|Nidoqueen, F|353\/353
|
|turn|4
|
|move|p1a: Nidoqueen|Earth Power|p2a: Forretress
|-damage|p2a: Forretress|0 fnt
|faint|p2a: Forretress
|
|
|switch|p2a: Dugtrio|Dugtrio, F|211\/211
|turn|5
|
|move|p2a: Dugtrio|Earthquake|p1a: Nidoqueen
|-supereffective|p1a: Nidoqueen
|-damage|p1a: Nidoqueen|0 fnt
|faint|p1a: Nidoqueen
|
|c|âburnsOFF|damn i got bopped the fuck out
|c|ârektttt|i was checking that damage my self
|c|âburnsOFF|said fuck hazards
|
|switch|p1a: Jirachi|Jirachi|198\/341
|turn|6
|c|âburnsOFF|lol
|c|âburnsOFF|and went straight for the EQ
|c|âburnsOFF|i wanted my rocks tho
|c|âburnsOFF|fuck
|
|move|p1a: Jirachi|U-turn|p2a: Dugtrio
|-damage|p2a: Dugtrio|86\/211
|
|switch|p1a: Hydreigon|Hydreigon, M|325\/325
|move|p2a: Dugtrio|Earthquake|p1a: Hydreigon
|-immune|p1a: Hydreigon|[msg]
|
|turn|7
|
|switch|p2a: durp|Florges, F|319\/349
|move|p1a: Hydreigon|U-turn|p2a: durp
|-resisted|p2a: durp
|-damage|p2a: durp|276\/349
|
|switch|p1a: Jirachi|Jirachi|198\/341
|
|turn|8
|
|switch|p2a: Jirachi|Jirachi|341\/341
|move|p1a: Jirachi|U-turn|p2a: Jirachi
|-damage|p2a: Jirachi|272\/341
|
|switch|p1a: Ampharos|Ampharos, F|384\/384
|
|turn|9
|
|detailschange|p1a: Ampharos|Ampharos-Mega, F
|-mega|p1a: Ampharos|Ampharos|Ampharosite
|-ability|p1a: Ampharos|Mold Breaker
|move|p2a: Jirachi|Ice Punch|p1a: Ampharos
|-supereffective|p1a: Ampharos
|-damage|p1a: Ampharos|230\/384
|-status|p1a: Ampharos|frz
|cant|p1a: Ampharos|frz
|
|turn|10
|c|ârektttt|hmmm
|c|âburnsOFF|wtf
|c|âburnsOFF|mfw that's a set
|
|switch|p2a: Dugtrio|Dugtrio, F|86\/211
|switch|p1a: Starmie|Starmie|261\/261
|
|turn|11
|c|ârektttt|is not bad
|
|move|p2a: Dugtrio|Sucker Punch|p1a: Starmie
|-supereffective|p1a: Starmie
|-damage|p1a: Starmie|23\/261
|move|p1a: Starmie|Hydro Pump|p2a: Dugtrio
|-supereffective|p2a: Dugtrio
|-damage|p2a: Dugtrio|0 fnt
|-damage|p1a: Starmie|0 fnt|[from] item: Life Orb
|faint|p2a: Dugtrio
|faint|p1a: Starmie
|
|c|âburnsOFF|ok good
|
|switch|p1a: Infernape|Infernape, F|293\/293
|switch|p2a: 1 2 punch|Beedrill, F, shiny|271\/271
|turn|12
|c|ârektttt|damn thas banded, thas like 380 att
|c|âburnsOFF|it is :)
|
|switch|p1a: Jirachi|Jirachi|198\/341
|detailschange|p2a: 1 2 punch|Beedrill-Mega, F, shiny
|-mega|p2a: 1 2 punch|Beedrill|Beedrillite
|move|p2a: 1 2 punch|Protect|p2a: 1 2 punch
|-fail|p2a: 1 2 punch
|
|turn|13
|
|move|p2a: 1 2 punch|Protect|p2a: 1 2 punch
|-singleturn|p2a: 1 2 punch|Protect
|move|p1a: Jirachi|Iron Head|p2a: 1 2 punch
|-activate|p2a: 1 2 punch|Protect
|
|turn|14
|
|switch|p2a: Jirachi|Jirachi|272\/341
|move|p1a: Jirachi|Iron Head|p2a: Jirachi
|-resisted|p2a: Jirachi
|-damage|p2a: Jirachi|210\/341
|
|turn|15
|
|move|p2a: Jirachi|U-turn|p1a: Jirachi
|-damage|p1a: Jirachi|131\/341
|c|âburnsOFF|ayy ayy lmao
|
|switch|p2a: uGotWut|Honchkrow, M|394\/394
|move|p1a: Jirachi|Iron Head|p2a: uGotWut
|-crit|p2a: uGotWut
|-damage|p2a: uGotWut|99\/394
|
|turn|16
|c|ârektttt|dat speed t
|
|switch|p1a: Hydreigon|Hydreigon, M|325\/325
|move|p2a: uGotWut|Sucker Punch|p1a: Hydreigon
|-fail|p2a: uGotWut
|
|turn|17
|
|switch|p2a: durp|Florges, F|276\/349
|move|p1a: Hydreigon|U-turn|p2a: durp
|-resisted|p2a: durp
|-damage|p2a: durp|237\/349
|
|switch|p1a: Infernape|Infernape, F|293\/293
|
|turn|18
|
|move|p1a: Infernape|Flare Blitz|p2a: durp
|-damage|p2a: durp|0 fnt
|-damage|p1a: Infernape|215\/293|[from] recoil|[of] p2a: durp
|faint|p2a: durp
|
|
|switch|p2a: 1 2 punch|Beedrill-Mega, F, shiny|271\/271
|turn|19
|
|switch|p1a: Ampharos|Ampharos-Mega, F|230\/384 frz
|-ability|p1a: Ampharos|Mold Breaker
|move|p2a: 1 2 punch|U-turn|p1a: Ampharos
|-damage|p1a: Ampharos|62\/384 frz
|
|switch|p2a: Jirachi|Jirachi|210\/341
|
|turn|20
|
|move|p2a: Jirachi|U-turn|p1a: Ampharos
|-damage|p1a: Ampharos|0 fnt
|faint|p1a: Ampharos
|
|switch|p2a: 1 2 punch|Beedrill-Mega, F, shiny|271\/271
|
|
|switch|p1a: Hydreigon|Hydreigon, M|325\/325
|turn|21
|c|ârektttt|just wonder if u have to skarfs... could be...
|
|move|p1a: Hydreigon|Fire Blast|p2a: 1 2 punch
|-supereffective|p2a: 1 2 punch
|-damage|p2a: 1 2 punch|0 fnt
|faint|p2a: 1 2 punch
|
|c|âburnsOFF|:\/\/\/\/\/\/\/\/\/\/\/\/\/\/\/\/\/\/\/\/\/\/\/\/\/\/\/\/\/\/\/\/\/\/\/\/\/\/\/\/\/\/\/\/
|c|ârektttt|jeah cheats
|c|ârektttt|lamr
|c|âburnsOFF|lol
|c|ârektttt|lame
|c|ârektttt|lucky this aaint my lader account or idd be very pissed
|c|ârektttt|but i need to ask
|c|ârektttt|do you wane forfeit the game??
|c|âburnsOFF|Are you fucking kidding me
|c|âburnsOFF|LOL
|
|switch|p2a: Jirachi|Jirachi|210\/341
|turn|22
|
|switch|p1a: Infernape|Infernape, F|215\/293
|move|p2a: Jirachi|U-turn|p1a: Infernape
|-resisted|p1a: Infernape
|-damage|p1a: Infernape|193\/293
|
|switch|p2a: uGotWut|Honchkrow, M|99\/394
|
|turn|23
|c|ârektttt|why do u use 2 scarfs in a competitive format???
|c|âburnsOFF|cause it's fun
|
|move|p1a: Infernape|Mach Punch|p2a: uGotWut
|-damage|p2a: uGotWut|0 fnt
|faint|p2a: uGotWut
|
|c|ârektttt|hmm i dis agree, u don't deserve this... i'm so bumd out
|c|âburnsOFF|wtf
|c|âburnsOFF|ur gonna lose
|-message|rektttt lost due to inactivity.
|c|âburnsOFF|,,,
|
|switch|p2a: Jirachi|Jirachi|210\/341
|turn|24
|
|win|burnsOFF
|raw|Ladder updating...
|c|ârektttt|no shit
|raw|burnsOFF's rating: 1426 &rarr; <strong>1439<\/strong><br \/>(+13 for winning)
|raw|rektttt's rating: 1310 &rarr; <strong>1296<\/strong><br \/>(-14 for losing)
|c|ârektttt|u cheated