|join|Ryuk97
|join|Kageshiro
|player|p1|Ryuk97|99
|player|p2|Kageshiro|164
|gametype|singles
|gen|6
|tier|ORAS OU
|rated
|rule|Sleep Clause Mod: Limit one foe put to sleep
|rule|Species Clause: Limit one of each PokÃ©mon
|rule|OHKO Clause: OHKO moves are banned
|rule|Moody Clause: Moody is banned
|rule|Evasion Moves Clause: Evasion moves are banned
|rule|Endless Battle Clause: Forcing endless battles is banned
|rule|HP Percentage Mod: HP is shown in percentages
|clearpoke
|poke|p1|Beedrill, F
|poke|p1|Magnezone
|poke|p1|Rotom-Wash
|poke|p1|Greninja, F
|poke|p1|Landorus-Therian, M
|poke|p1|Mew
|poke|p2|Magnezone
|poke|p2|Altaria, M
|poke|p2|Landorus-Therian, M
|poke|p2|Ferrothorn, F
|poke|p2|Greninja, F
|poke|p2|Breloom, F
|rule|Swagger Clause: Swagger is banned
|rule|Baton Pass Clause: Limit one PokÃ©mon knowing Baton Pass
|teampreview
|
|start
|switch|p1a: Beedrill|Beedrill, F|271\/271
|switch|p2a: Landorus-Therian|Landorus-Therian, M|325\/325
|-ability|p2a: Landorus-Therian|Intimidate|[of] p1a: Beedrill
|-unboost|p1a: Beedrill|atk|1
|turn|1
|
|switch|p1a: Landorus-Therian|Landorus-Therian, M|381\/381
|-ability|p1a: Landorus-Therian|Intimidate|[of] p2a: Landorus-Therian
|-unboost|p2a: Landorus-Therian|atk|1
|move|p2a: Landorus-Therian|Stone Edge|p1a: Landorus-Therian
|-crit|p1a: Landorus-Therian
|-damage|p1a: Landorus-Therian|189\/381
|
|-heal|p1a: Landorus-Therian|212\/381|[from] item: Leftovers
|turn|2
|
|switch|p2a: Breloom|Breloom, F|262\/262
|move|p1a: Landorus-Therian|Stealth Rock|p2a: Breloom
|-sidestart|p2: Kageshiro|move: Stealth Rock
|
|-heal|p1a: Landorus-Therian|235\/381|[from] item: Leftovers
|turn|3
|
|move|p1a: Landorus-Therian|U-turn|p2a: Breloom
|-damage|p2a: Breloom|168\/262
|
|switch|p1a: Rotom-Wash|Rotom-Wash|304\/304
|move|p2a: Breloom|Spore|p1a: Rotom-Wash
|-status|p1a: Rotom-Wash|slp
|
|turn|4
|
|switch|p1a: Landorus-Therian|Landorus-Therian, M|235\/381
|-ability|p1a: Landorus-Therian|Intimidate|[of] p2a: Breloom
|-unboost|p2a: Breloom|atk|1
|move|p2a: Breloom|Bullet Seed|p1a: Landorus-Therian
|-damage|p1a: Landorus-Therian|193\/381
|-damage|p1a: Landorus-Therian|148\/381
|-damage|p1a: Landorus-Therian|108\/381
|-damage|p1a: Landorus-Therian|66\/381
|-hitcount|p1a: Landorus-Therian|4
|
|-heal|p1a: Landorus-Therian|89\/381|[from] item: Leftovers
|turn|5
|
|move|p1a: Landorus-Therian|U-turn|p2a: Breloom
|-damage|p2a: Breloom|81\/262
|
|switch|p1a: Greninja|Greninja, F|285\/285
|move|p2a: Breloom|Bullet Seed|p1a: Greninja
|-supereffective|p1a: Greninja
|-damage|p1a: Greninja|153\/285
|-supereffective|p1a: Greninja
|-damage|p1a: Greninja|19\/285
|-supereffective|p1a: Greninja
|-damage|p1a: Greninja|0 fnt
|-hitcount|p1a: Greninja|3
|faint|p1a: Greninja
|
|
|switch|p1a: Beedrill|Beedrill, F|271\/271
|turn|6
|
|detailschange|p1a: Beedrill|Beedrill-Mega, F
|message|Beedrill has Mega Evolved into Mega Beedrill!
|move|p1a: Beedrill|U-turn|p2a: Breloom
|-damage|p2a: Breloom|0 fnt
|faint|p2a: Breloom
|
|switch|p1a: Landorus-Therian|Landorus-Therian, M|89\/381
|
|-heal|p1a: Landorus-Therian|112\/381|[from] item: Leftovers
|
|switch|p2a: Greninja|Greninja, F|285\/285
|-damage|p2a: Greninja|250\/285|[from] Stealth Rock
|turn|7
|
|switch|p1a: Rotom-Wash|Rotom-Wash|304\/304 slp
|move|p2a: Greninja|Ice Beam|p1a: Rotom-Wash
|-start|p2a: Greninja|typechange|Ice|[from] Protean
|-resisted|p1a: Rotom-Wash
|-damage|p1a: Rotom-Wash|216\/304 slp
|-damage|p2a: Greninja|222\/285|[from] item: Life Orb
|
|-heal|p1a: Rotom-Wash|235\/304 slp|[from] item: Leftovers
|turn|8
|
|move|p2a: Greninja|Dark Pulse|p1a: Rotom-Wash
|-start|p2a: Greninja|typechange|Dark|[from] Protean
|-damage|p1a: Rotom-Wash|75\/304 slp
|-damage|p2a: Greninja|194\/285|[from] item: Life Orb
|cant|p1a: Rotom-Wash|slp
|
|-heal|p1a: Rotom-Wash|94\/304 slp|[from] item: Leftovers
|turn|9
|
|move|p2a: Greninja|Hydro Pump|p1a: Rotom-Wash|[miss]
|-start|p2a: Greninja|typechange|Water|[from] Protean
|-miss|p2a: Greninja|p1a: Rotom-Wash
|cant|p1a: Rotom-Wash|slp
|
|-heal|p1a: Rotom-Wash|113\/304 slp|[from] item: Leftovers
|turn|10
|
|move|p2a: Greninja|Dark Pulse|p1a: Rotom-Wash
|-start|p2a: Greninja|typechange|Dark|[from] Protean
|-damage|p1a: Rotom-Wash|0 fnt
|-damage|p2a: Greninja|166\/285|[from] item: Life Orb
|faint|p1a: Rotom-Wash
|
|
|switch|p1a: Beedrill|Beedrill-Mega, F|271\/271
|turn|11
|
|switch|p2a: Ferrothorn|Ferrothorn, F|352\/352
|-damage|p2a: Ferrothorn|330\/352|[from] Stealth Rock
|move|p1a: Beedrill|Knock Off|p2a: Ferrothorn
|-damage|p2a: Ferrothorn|240\/352
|-damage|p1a: Beedrill|238\/271|[from] ability: Iron Barbs|[of] p2a: Ferrothorn
|-enditem|p2a: Ferrothorn|Leftovers|[from] move: Knock Off|[of] p1a: Beedrill
|
|turn|12
|
|move|p1a: Beedrill|U-turn|p2a: Ferrothorn
|-damage|p2a: Ferrothorn|112\/352
|-damage|p1a: Beedrill|205\/271|[from] ability: Iron Barbs|[of] p2a: Ferrothorn
|
|switch|p1a: Magnezone|Magnezone|299\/299
|move|p2a: Ferrothorn|Stealth Rock|p1a: Magnezone
|-sidestart|p1: Ryuk97|move: Stealth Rock
|
|turn|13
|
|move|p1a: Magnezone|Hidden Power|p2a: Ferrothorn
|-supereffective|p2a: Ferrothorn
|-damage|p2a: Ferrothorn|0 fnt
|faint|p2a: Ferrothorn
|
|
|switch|p2a: Landorus-Therian|Landorus-Therian, M|325\/325
|-damage|p2a: Landorus-Therian|285\/325|[from] Stealth Rock
|-ability|p2a: Landorus-Therian|Intimidate|[of] p1a: Magnezone
|-unboost|p1a: Magnezone|atk|1
|turn|14
|
|switch|p1a: Landorus-Therian|Landorus-Therian, M|112\/381
|-damage|p1a: Landorus-Therian|65\/381|[from] Stealth Rock
|-ability|p1a: Landorus-Therian|Intimidate|[of] p2a: Landorus-Therian
|-unboost|p2a: Landorus-Therian|atk|1
|move|p2a: Landorus-Therian|U-turn|p1a: Landorus-Therian
|-resisted|p1a: Landorus-Therian
|-damage|p1a: Landorus-Therian|38\/381
|
|switch|p2a: Greninja|Greninja, F|166\/285
|-damage|p2a: Greninja|131\/285|[from] Stealth Rock
|
|-heal|p1a: Landorus-Therian|61\/381|[from] item: Leftovers
|turn|15
|
|move|p2a: Greninja|Ice Beam|p1a: Landorus-Therian
|-start|p2a: Greninja|typechange|Ice|[from] Protean
|-supereffective|p1a: Landorus-Therian
|-damage|p1a: Landorus-Therian|0 fnt
|-damage|p2a: Greninja|103\/285|[from] item: Life Orb
|faint|p1a: Landorus-Therian
|
|
|switch|p1a: Mew|Mew|404\/404
|-damage|p1a: Mew|354\/404|[from] Stealth Rock
|turn|16
|
|move|p2a: Greninja|Dark Pulse|p1a: Mew
|-start|p2a: Greninja|typechange|Dark|[from] Protean
|-supereffective|p1a: Mew
|-damage|p1a: Mew|81\/404
|-damage|p2a: Greninja|75\/285|[from] item: Life Orb
|move|p1a: Mew|Defog|p2a: Greninja
|-unboost|p2a: Greninja|evasion|1
|-sideend|p2: Kageshiro|Stealth Rock|[from] move: Defog|[of] p2a: Greninja
|-sideend|p1: Ryuk97|Stealth Rock|[from] move: Defog|[of] p1a: Mew
|
|-heal|p1a: Mew|106\/404|[from] item: Leftovers
|turn|17
|
|switch|p1a: Magnezone|Magnezone|299\/299
|move|p2a: Greninja|Dark Pulse|p1a: Magnezone
|-damage|p1a: Magnezone|118\/299
|-damage|p2a: Greninja|47\/285|[from] item: Life Orb
|
|turn|18
|
|move|p2a: Greninja|Dark Pulse|p1a: Magnezone
|-damage|p1a: Magnezone|0 fnt
|-damage|p2a: Greninja|19\/285|[from] item: Life Orb
|faint|p1a: Magnezone
|
|
|switch|p1a: Beedrill|Beedrill-Mega, F|205\/271
|turn|19
|
|switch|p2a: Landorus-Therian|Landorus-Therian, M|285\/325
|-ability|p2a: Landorus-Therian|Intimidate|[of] p1a: Beedrill
|-unboost|p1a: Beedrill|atk|1
|move|p1a: Beedrill|Knock Off|p2a: Landorus-Therian
|-damage|p2a: Landorus-Therian|195\/325
|-enditem|p2a: Landorus-Therian|Choice Scarf|[from] move: Knock Off|[of] p1a: Beedrill
|
|turn|20
|
|move|p1a: Beedrill|U-turn|p2a: Landorus-Therian
|-resisted|p2a: Landorus-Therian
|-damage|p2a: Landorus-Therian|133\/325
|
|switch|p1a: Mew|Mew|106\/404
|move|p2a: Landorus-Therian|Earthquake|p1a: Mew
|-crit|p1a: Mew
|-damage|p1a: Mew|0 fnt
|faint|p1a: Mew
|
|
|switch|p1a: Beedrill|Beedrill-Mega, F|205\/271
|turn|21
|
|move|p1a: Beedrill|Poison Jab|p2a: Landorus-Therian
|-resisted|p2a: Landorus-Therian
|-damage|p2a: Landorus-Therian|24\/325
|-status|p2a: Landorus-Therian|psn
|move|p2a: Landorus-Therian|Stone Edge|p1a: Beedrill|[miss]
|-miss|p2a: Landorus-Therian|p1a: Beedrill
|
|-damage|p2a: Landorus-Therian|0 fnt|[from] psn
|faint|p2a: Landorus-Therian
|
|switch|p2a: Magnezone|Magnezone|323\/323
|turn|22
|
|move|p1a: Beedrill|Drill Run|p2a: Magnezone
|-supereffective|p2a: Magnezone
|-damage|p2a: Magnezone|0 fnt
|faint|p2a: Magnezone
|
|
|switch|p2a: Altaria|Altaria, M|307\/307
|turn|23
|
|move|p1a: Beedrill|Poison Jab|p2a: Altaria
|-damage|p2a: Altaria|83\/307
|move|p2a: Altaria|Earthquake|p1a: Beedrill
|-damage|p1a: Beedrill|41\/271
|
|turn|24
|
|move|p1a: Beedrill|Poison Jab|p2a: Altaria
|-damage|p2a: Altaria|0 fnt
|faint|p2a: Altaria
|
|-message|Kageshiro forfeited.
|
|win|Ryuk97
|raw|Ladder updating...
|leave|Kageshiro
|player|p2
|raw|Ryuk97's rating: 1315 &rarr; <strong>1328<\/strong><br \/>(+13 for winning)
|raw|Kageshiro's rating: 1187 &rarr; <strong>1171<\/strong><br \/>(-16 for losing)