|join|Ryuk97
|join|XxDarkDevil3xX
|player|p1|Ryuk97|99
|player|p2|XxDarkDevil3xX|274
|gametype|singles
|gen|6
|tier|ORAS OU
|rated
|rule|Sleep Clause Mod: Limit one foe put to sleep
|rule|Species Clause: Limit one of each PokÃ©mon
|rule|OHKO Clause: OHKO moves are banned
|rule|Moody Clause: Moody is banned
|rule|Evasion Moves Clause: Evasion moves are banned
|rule|Endless Battle Clause: Forcing endless battles is banned
|rule|HP Percentage Mod: HP is shown in percentages
|clearpoke
|poke|p1|Beedrill, M
|poke|p1|Magnezone
|poke|p1|Rotom-Wash
|poke|p1|Landorus-Therian, M
|poke|p1|Mew
|poke|p1|Talonflame, M
|poke|p2|Camerupt, M, shiny
|poke|p2|Cofagrigus, M
|poke|p2|Magnezone
|poke|p2|Conkeldurr, M, shiny
|poke|p2|Cresselia, F
|poke|p2|Azumarill, M
|rule|Swagger Clause: Swagger is banned
|rule|Baton Pass Clause: Limit one PokÃ©mon knowing Baton Pass
|teampreview
|
|start
|switch|p1a: Mew|Mew|404\/404
|switch|p2a: Cofagrigus|Cofagrigus, M|320\/320
|turn|1
|
|move|p1a: Mew|Taunt|p2a: Cofagrigus
|-start|p2a: Cofagrigus|move: Taunt
|cant|p2a: Cofagrigus|move: Taunt|Trick Room
|
|turn|2
|
|move|p1a: Mew|Will-O-Wisp|p2a: Cofagrigus
|-status|p2a: Cofagrigus|brn
|move|p2a: Cofagrigus|Hex|p1a: Mew
|-supereffective|p1a: Mew
|-damage|p1a: Mew|282\/404
|
|-heal|p1a: Mew|307\/404|[from] item: Leftovers
|-damage|p2a: Cofagrigus|280\/320 brn|[from] brn
|turn|3
|
|switch|p1a: Magnezone|Magnezone|299\/299
|switch|p2a: Camerupt|Camerupt, M, shiny|344\/344
|
|turn|4
|
|switch|p1a: Rotom-Wash|Rotom-Wash|304\/304
|detailschange|p2a: Camerupt|Camerupt-Mega, M, shiny
|message|Camerupt has Mega Evolved into Mega Camerupt!
|move|p2a: Camerupt|Stealth Rock|p1a: Rotom-Wash
|-sidestart|p1: Ryuk97|move: Stealth Rock
|
|turn|5
|
|move|p1a: Rotom-Wash|Hydro Pump|p2a: Camerupt
|-supereffective|p2a: Camerupt
|-damage|p2a: Camerupt|0 fnt
|faint|p2a: Camerupt
|
|
|switch|p2a: Cresselia|Cresselia, F|444\/444
|turn|6
|
|move|p1a: Rotom-Wash|Volt Switch|p2a: Cresselia
|-damage|p2a: Cresselia|392\/444
|
|switch|p1a: Mew|Mew|307\/404
|-damage|p1a: Mew|257\/404|[from] Stealth Rock
|move|p2a: Cresselia|Trick Room|p2a: Cresselia
|-fieldstart|move: Trick Room|[of] p2a: Cresselia
|
|-heal|p2a: Cresselia|419\/444|[from] item: Leftovers
|-heal|p1a: Mew|282\/404|[from] item: Leftovers
|turn|7
|
|switch|p2a: Conkeldurr|Conkeldurr, M, shiny|414\/414
|move|p1a: Mew|Defog|p2a: Conkeldurr
|-unboost|p2a: Conkeldurr|evasion|1
|-sideend|p1: Ryuk97|Stealth Rock|[from] move: Defog|[of] p1a: Mew
|
|-heal|p1a: Mew|307\/404|[from] item: Leftovers
|turn|8
|
|switch|p1a: Landorus-Therian|Landorus-Therian, M|381\/381
|-ability|p1a: Landorus-Therian|Intimidate|[of] p2a: Conkeldurr
|-unboost|p2a: Conkeldurr|atk|1
|move|p2a: Conkeldurr|Knock Off|p1a: Landorus-Therian
|-damage|p1a: Landorus-Therian|300\/381
|-enditem|p1a: Landorus-Therian|Leftovers|[from] move: Knock Off|[of] p2a: Conkeldurr
|
|turn|9
|
|switch|p2a: Azumarill|Azumarill, M|404\/404
|move|p1a: Landorus-Therian|Stealth Rock|p2a: Azumarill
|-sidestart|p2: XxDarkDevil3xX|move: Stealth Rock
|
|turn|10
|
|move|p2a: Azumarill|Play Rough|p1a: Landorus-Therian
|-damage|p1a: Landorus-Therian|21\/381
|move|p1a: Landorus-Therian|Earthquake|p2a: Azumarill
|-damage|p2a: Azumarill|202\/404
|
|-fieldend|move: Trick Room
|turn|11
|
|switch|p2a: Cofagrigus|Cofagrigus, M|280\/320 brn
|-damage|p2a: Cofagrigus|240\/320 brn|[from] Stealth Rock
|move|p1a: Landorus-Therian|U-turn|p2a: Cofagrigus
|-resisted|p2a: Cofagrigus
|-damage|p2a: Cofagrigus|217\/320 brn
|-endability|p1a: Landorus-Therian|intimidate|[from] Mummy
|-ability|p1a: Landorus-Therian|Mummy|[from] Mummy
|
|switch|p1a: Beedrill|Beedrill, M|271\/271
|
|-heal|p2a: Cofagrigus|237\/320 brn|[from] item: Leftovers
|-damage|p2a: Cofagrigus|197\/320 brn|[from] brn
|turn|12
|
|detailschange|p1a: Beedrill|Beedrill-Mega, M
|message|Beedrill has Mega Evolved into Mega Beedrill!
|move|p1a: Beedrill|Knock Off|p2a: Cofagrigus
|-supereffective|p2a: Cofagrigus
|-damage|p2a: Cofagrigus|43\/320 brn
|-endability|p1a: Beedrill|adaptability|[from] Mummy
|-ability|p1a: Beedrill|Mummy|[from] Mummy
|-enditem|p2a: Cofagrigus|Leftovers|[from] move: Knock Off|[of] p1a: Beedrill
|move|p2a: Cofagrigus|Trick Room|p2a: Cofagrigus
|-fieldstart|move: Trick Room|[of] p2a: Cofagrigus
|
|-damage|p2a: Cofagrigus|3\/320 brn|[from] brn
|turn|13
|
|switch|p1a: Landorus-Therian|Landorus-Therian, M|21\/381
|-ability|p1a: Landorus-Therian|Intimidate|[of] p2a: Cofagrigus
|-unboost|p2a: Cofagrigus|atk|1
|move|p2a: Cofagrigus|Pain Split|p1a: Landorus-Therian
|-sethp|p1a: Landorus-Therian|12\/381|p2a: Cofagrigus|12\/320 brn|[from] move: Pain Split
|
|-damage|p2a: Cofagrigus|0 fnt|[from] brn
|faint|p2a: Cofagrigus
|
|switch|p2a: Conkeldurr|Conkeldurr, M, shiny|414\/414
|-damage|p2a: Conkeldurr|389\/414|[from] Stealth Rock
|turn|14
|
|move|p2a: Conkeldurr|Knock Off|p1a: Landorus-Therian
|-damage|p1a: Landorus-Therian|0 fnt
|faint|p1a: Landorus-Therian
|
|
|switch|p1a: Talonflame|Talonflame, M|297\/297
|turn|15
|
|move|p1a: Talonflame|Brave Bird|p2a: Conkeldurr
|-supereffective|p2a: Conkeldurr
|-damage|p2a: Conkeldurr|0 fnt
|-damage|p1a: Talonflame|169\/297|[from] recoil|[of] p2a: Conkeldurr
|faint|p2a: Conkeldurr
|
|
|switch|p2a: Azumarill|Azumarill, M|202\/404
|-damage|p2a: Azumarill|152\/404|[from] Stealth Rock
|turn|16
|
|switch|p1a: Rotom-Wash|Rotom-Wash|304\/304
|move|p2a: Azumarill|Aqua Jet|p1a: Rotom-Wash
|-resisted|p1a: Rotom-Wash
|-damage|p1a: Rotom-Wash|259\/304
|
|-heal|p1a: Rotom-Wash|278\/304|[from] item: Leftovers
|-fieldend|move: Trick Room
|turn|17
|
|switch|p2a: Cresselia|Cresselia, F|419\/444
|-damage|p2a: Cresselia|364\/444|[from] Stealth Rock
|move|p1a: Rotom-Wash|Volt Switch|p2a: Cresselia
|-damage|p2a: Cresselia|315\/444
|
|switch|p1a: Beedrill|Beedrill-Mega, M|271\/271
|
|-heal|p2a: Cresselia|342\/444|[from] item: Leftovers
|turn|18
|leave|Ryuk97
|player|p1
|join|Ryuk97
|player|p1|Ryuk97|99
|
|move|p1a: Beedrill|U-turn|p2a: Cresselia
|-supereffective|p2a: Cresselia
|-damage|p2a: Cresselia|6\/444
|
|switch|p1a: Talonflame|Talonflame, M|169\/297
|move|p2a: Cresselia|Trick Room|p2a: Cresselia
|-fieldstart|move: Trick Room|[of] p2a: Cresselia
|
|-heal|p2a: Cresselia|33\/444|[from] item: Leftovers
|turn|19
|
|move|p1a: Talonflame|Brave Bird|p2a: Cresselia
|-damage|p2a: Cresselia|0 fnt
|-damage|p1a: Talonflame|158\/297|[from] recoil|[of] p2a: Cresselia
|faint|p2a: Cresselia
|
|
|switch|p2a: Magnezone|Magnezone|344\/344
|-damage|p2a: Magnezone|323\/344|[from] Stealth Rock
|-item|p2a: Magnezone|Air Balloon
|turn|20
|
|move|p1a: Talonflame|Brave Bird|p2a: Magnezone
|-resisted|p2a: Magnezone
|-damage|p2a: Magnezone|264\/344
|-enditem|p2a: Magnezone|Air Balloon
|-damage|p1a: Talonflame|139\/297|[from] recoil|[of] p2a: Magnezone
|move|p2a: Magnezone|Thunderbolt|p1a: Talonflame
|-supereffective|p1a: Talonflame
|-damage|p1a: Talonflame|0 fnt
|faint|p1a: Talonflame
|
|
|switch|p1a: Magnezone|Magnezone|299\/299
|turn|21
|
|move|p2a: Magnezone|Hidden Power|p1a: Magnezone
|-supereffective|p1a: Magnezone
|-damage|p1a: Magnezone|139\/299
|move|p1a: Magnezone|Hidden Power|p2a: Magnezone
|-supereffective|p2a: Magnezone
|-damage|p2a: Magnezone|2\/344
|
|turn|22
|
|move|p2a: Magnezone|Thunderbolt|p1a: Magnezone
|-resisted|p1a: Magnezone
|-damage|p1a: Magnezone|49\/299
|move|p1a: Magnezone|Hidden Power|p2a: Magnezone
|-supereffective|p2a: Magnezone
|-damage|p2a: Magnezone|0 fnt
|faint|p2a: Magnezone
|
|-fieldend|move: Trick Room
|
|switch|p2a: Azumarill|Azumarill, M|152\/404
|-damage|p2a: Azumarill|102\/404|[from] Stealth Rock
|turn|23
|
|move|p1a: Magnezone|Hidden Power|p2a: Azumarill
|-resisted|p2a: Azumarill
|-damage|p2a: Azumarill|27\/404
|move|p2a: Azumarill|Play Rough|p1a: Magnezone
|-resisted|p1a: Magnezone
|-damage|p1a: Magnezone|0 fnt
|faint|p1a: Magnezone
|
|
|switch|p1a: Beedrill|Beedrill-Mega, M|271\/271
|turn|24
|
|move|p1a: Beedrill|Knock Off|p2a: Azumarill
|-resisted|p2a: Azumarill
|-damage|p2a: Azumarill|0 fnt
|-enditem|p2a: Azumarill|Choice Band|[from] move: Knock Off|[of] p1a: Beedrill
|faint|p2a: Azumarill
|
|win|Ryuk97
|raw|Ladder updating...
|c|âXxDarkDevil3xX|gg
|leave|XxDarkDevil3xX
|c|âRyuk97|gg
|raw|Ryuk97's rating: 1358 &rarr; <strong>1377<\/strong><br \/>(+19 for winning)
|raw|XxDarkDevil3xX's rating: 1334 &rarr; <strong>1315<\/strong><br \/>(-19 for losing)
|player|p2