|join|landbro
|join|Ryuk97
|player|p1|landbro|264
|player|p2|Ryuk97|99
|gametype|singles
|gen|6
|tier|OU
|rated
|clearpoke
|poke|p1|Medicham, F, shiny
|poke|p1|Landorus-Therian, M
|poke|p1|Keldeo-Resolute
|poke|p1|Bisharp, F
|poke|p1|Latios, M
|poke|p1|Talonflame, M
|poke|p2|Metagross
|poke|p2|Garchomp, F
|poke|p2|Rotom-Wash
|poke|p2|Ferrothorn, M
|poke|p2|Weavile, F
|poke|p2|Latias, F
|rule|Swagger Clause: Swagger is banned
|rule|Baton Pass Clause: Limit one PokÃ©mon knowing Baton Pass
|rule|Sleep Clause Mod: Limit one foe put to sleep
|rule|Species Clause: Limit one of each PokÃ©mon
|rule|OHKO Clause: OHKO moves are banned
|rule|Moody Clause: Moody is banned
|rule|Evasion Moves Clause: Evasion moves are banned
|rule|Endless Battle Clause: Forcing endless battles is banned
|rule|HP Percentage Mod: HP is shown in percentages
|teampreview
|
|start
|switch|p1a: Medicham|Medicham, F, shiny|261\/261
|switch|p2a: Rotom-Wash|Rotom-Wash|303\/303
|turn|1
|
|detailschange|p1a: Medicham|Medicham-Mega, F, shiny
|message|Medicham has Mega Evolved into Mega Medicham!
|move|p1a: Medicham|Fake Out|p2a: Rotom-Wash
|-crit|p2a: Rotom-Wash
|-damage|p2a: Rotom-Wash|218\/303
|cant|p2a: Rotom-Wash|flinch
|
|-heal|p2a: Rotom-Wash|236\/303|[from] item: Leftovers
|turn|2
|
|switch|p2a: Latias|Latias, F|319\/319
|move|p1a: Medicham|High Jump Kick|p2a: Latias
|-resisted|p2a: Latias
|-damage|p2a: Latias|70\/319
|
|turn|3
|
|switch|p1a: Bisharp|Bisharp, F|287\/287
|move|p2a: Latias|Roost|p2a: Latias
|-heal|p2a: Latias|230\/319
|
|turn|4
|
|move|p2a: Latias|Roost|p2a: Latias
|-heal|p2a: Latias|319\/319
|move|p1a: Bisharp|Pursuit|p2a: Latias
|-supereffective|p2a: Latias
|-damage|p2a: Latias|163\/319
|
|turn|5
|
|move|p2a: Latias|Roost|p2a: Latias
|-heal|p2a: Latias|319\/319
|move|p1a: Bisharp|Pursuit|p2a: Latias
|-supereffective|p2a: Latias
|-damage|p2a: Latias|143\/319
|
|turn|6
|
|move|p2a: Latias|Roost|p2a: Latias
|-heal|p2a: Latias|303\/319
|move|p1a: Bisharp|Pursuit|p2a: Latias
|-supereffective|p2a: Latias
|-damage|p2a: Latias|129\/319
|
|turn|7
|
|move|p2a: Latias|Roost|p2a: Latias
|-heal|p2a: Latias|289\/319
|move|p1a: Bisharp|Pursuit|p2a: Latias
|-supereffective|p2a: Latias
|-damage|p2a: Latias|133\/319
|
|turn|8
|
|move|p2a: Latias|Roost|p2a: Latias
|-heal|p2a: Latias|293\/319
|move|p1a: Bisharp|Pursuit|p2a: Latias
|-supereffective|p2a: Latias
|-damage|p2a: Latias|135\/319
|
|turn|9
|c|âlandbro|!data recover
|c|~|\/data-move Recover

|
|move|p2a: Latias|Roost|p2a: Latias
|-heal|p2a: Latias|295\/319
|move|p1a: Bisharp|Pursuit|p2a: Latias
|-supereffective|p2a: Latias
|-damage|p2a: Latias|125\/319
|
|turn|10
|
|move|p2a: Latias|Roost|p2a: Latias
|-heal|p2a: Latias|285\/319
|move|p1a: Bisharp|Pursuit|p2a: Latias
|-supereffective|p2a: Latias
|-damage|p2a: Latias|123\/319
|
|turn|11
|c|âlandbro|!data roost
|c|~|\/data-move Roost

|
|move|p2a: Latias|Roost|p2a: Latias
|-heal|p2a: Latias|283\/319
|move|p1a: Bisharp|Pursuit|p2a: Latias
|-supereffective|p2a: Latias
|-damage|p2a: Latias|113\/319
|
|turn|12
|
|move|p2a: Latias|Thunderbolt|p1a: Bisharp
|-damage|p1a: Bisharp|197\/287
|-damage|p2a: Latias|82\/319|[from] item: Life Orb
|move|p1a: Bisharp|Pursuit|p2a: Latias
|-supereffective|p2a: Latias
|-damage|p2a: Latias|0 fnt
|faint|p2a: Latias
|
|
|switch|p2a: Weavile|Weavile, F|282\/282
|-ability|p2a: Weavile|Pressure
|turn|13
|
|move|p2a: Weavile|Knock Off|p1a: Bisharp
|-resisted|p1a: Bisharp
|-damage|p1a: Bisharp|88\/287
|-enditem|p1a: Bisharp|Assault Vest|[from] move: Knock Off|[of] p2a: Weavile
|-damage|p2a: Weavile|254\/282|[from] item: Life Orb
|move|p1a: Bisharp|Iron Head|p2a: Weavile
|-supereffective|p2a: Weavile
|-damage|p2a: Weavile|0 fnt
|faint|p2a: Weavile
|
|
|switch|p2a: Rotom-Wash|Rotom-Wash|236\/303
|turn|14
|
|move|p2a: Rotom-Wash|Volt Switch|p1a: Bisharp
|-damage|p1a: Bisharp|0 fnt
|faint|p1a: Bisharp
|
|switch|p2a: Ferrothorn|Ferrothorn, M|352\/352
|
|
|switch|p1a: Medicham|Medicham-Mega, F, shiny|261\/261
|turn|15
|
|move|p1a: Medicham|High Jump Kick|p2a: Ferrothorn
|-supereffective|p2a: Ferrothorn
|-damage|p2a: Ferrothorn|0 fnt
|-damage|p1a: Medicham|229\/261|[from] ability: Iron Barbs|[of] p2a: Ferrothorn
|faint|p2a: Ferrothorn
|
|
|switch|p2a: Metagross|Metagross|301\/301
|turn|16
|
|switch|p1a: Landorus-Therian|Landorus-Therian, M|382\/382
|-ability|p1a: Landorus-Therian|Intimidate|[of] p2a: Metagross
|-fail|p2a: Metagross|unboost|[from] ability: Clear Body|[of] p2a: Metagross
|detailschange|p2a: Metagross|Metagross-Mega
|message|Metagross has Mega Evolved into Mega Metagross!
|move|p2a: Metagross|Meteor Mash|p1a: Landorus-Therian
|-damage|p1a: Landorus-Therian|217\/382
|
|-heal|p1a: Landorus-Therian|240\/382|[from] item: Leftovers
|turn|17
|
|move|p2a: Metagross|Meteor Mash|p1a: Landorus-Therian
|-damage|p1a: Landorus-Therian|48\/382
|move|p1a: Landorus-Therian|Earthquake|p2a: Metagross
|-supereffective|p2a: Metagross
|-damage|p2a: Metagross|79\/301
|
|-heal|p1a: Landorus-Therian|71\/382|[from] item: Leftovers
|turn|18
|
|move|p2a: Metagross|Meteor Mash|p1a: Landorus-Therian
|-damage|p1a: Landorus-Therian|0 fnt
|faint|p1a: Landorus-Therian
|
|
|switch|p1a: Talonflame|Talonflame, M|297\/297
|turn|19
|
|move|p1a: Talonflame|U-turn|p2a: Metagross
|-damage|p2a: Metagross|35\/301
|
|switch|p1a: Keldeo-Resolute|Keldeo-Resolute|323\/323
|move|p2a: Metagross|Zen Headbutt|p1a: Keldeo-Resolute
|-supereffective|p1a: Keldeo-Resolute
|-damage|p1a: Keldeo-Resolute|0 fnt
|faint|p1a: Keldeo-Resolute
|
|
|switch|p1a: Talonflame|Talonflame, M|297\/297
|turn|20
|
|move|p1a: Talonflame|Flare Blitz|p2a: Metagross
|-supereffective|p2a: Metagross
|-damage|p2a: Metagross|0 fnt
|-damage|p1a: Talonflame|285\/297|[from] recoil|[of] p2a: Metagross
|faint|p2a: Metagross
|
|
|switch|p2a: Garchomp|Garchomp, F|358\/358
|turn|21
|
|move|p1a: Talonflame|Tailwind|p1a: Talonflame
|-sidestart|p1: landbro|move: Tailwind
|move|p2a: Garchomp|Outrage|p1a: Talonflame
|-damage|p1a: Talonflame|0 fnt
|faint|p1a: Talonflame
|
|
|switch|p1a: Medicham|Medicham-Mega, F, shiny|229\/261
|turn|22
|
|move|p1a: Medicham|Ice Punch|p2a: Garchomp
|-supereffective|p2a: Garchomp
|-damage|p2a: Garchomp|0 fnt
|-damage|p1a: Medicham|197\/261|[from] ability: Rough Skin|[of] p2a: Garchomp
|faint|p2a: Garchomp
|
|-message|Ryuk97 forfeited.
|
|win|landbro
|raw|Ladder updating...
|leave|Ryuk97
|player|p2
|raw|landbro's rating: 1692 &rarr; <strong>1711<\/strong><br \/>(+19 for winning)
|raw|Ryuk97's rating: 1664 &rarr; <strong>1645<\/strong><br \/>(-19 for losing)