|join|Ryuk97
|join|TheBlueSun
|player|p1|Ryuk97|99
|player|p2|TheBlueSun|15
|gametype|singles
|gen|6
|tier|OU
|rated
|clearpoke
|poke|p1|Gallade, M
|poke|p1|Rotom-Wash
|poke|p1|Ferrothorn, M
|poke|p1|Latias, F
|poke|p1|Talonflame, F
|poke|p1|Greninja, F
|poke|p2|Whimsicott, F
|poke|p2|Kyurem-Black
|poke|p2|Zapdos
|poke|p2|Heracross, M
|poke|p2|Skarmory, F
|poke|p2|Talonflame, F
|rule|Swagger Clause: Swagger is banned
|rule|Baton Pass Clause: Limit one PokÃ©mon knowing Baton Pass
|rule|Sleep Clause Mod: Limit one foe put to sleep
|rule|Species Clause: Limit one of each PokÃ©mon
|rule|OHKO Clause: OHKO moves are banned
|rule|Moody Clause: Moody is banned
|rule|Evasion Moves Clause: Evasion moves are banned
|rule|Endless Battle Clause: Forcing endless battles is banned
|rule|HP Percentage Mod: HP is shown in percentages
|teampreview
|c|âTheBlueSun|gl hf
|c|âRyuk97|u2
|
|start
|switch|p1a: Latias|Latias, F|319\/319
|switch|p2a: Skarmory|Skarmory, F|334\/334
|turn|1
|
|move|p1a: Latias|Thunderbolt|p2a: Skarmory
|-crit|p2a: Skarmory
|-supereffective|p2a: Skarmory
|-activate|p2a: Skarmory|Sturdy
|-damage|p2a: Skarmory|1\/334
|-damage|p1a: Latias|288\/319|[from] item: Life Orb
|move|p2a: Skarmory|Tailwind|p2a: Skarmory
|-sidestart|p2: TheBlueSun|move: Tailwind
|
|turn|2
|
|move|p2a: Skarmory|Stealth Rock|p1a: Latias
|-sidestart|p1: Ryuk97|move: Stealth Rock
|move|p1a: Latias|Thunderbolt|p2a: Skarmory
|-supereffective|p2a: Skarmory
|-damage|p2a: Skarmory|0 fnt
|-damage|p1a: Latias|257\/319|[from] item: Life Orb
|faint|p2a: Skarmory
|
|
|switch|p2a: Kyurem-Black|Kyurem-Black|391\/391
|-ability|p2a: Kyurem-Black|Teravolt
|turn|3
|
|switch|p1a: Ferrothorn|Ferrothorn, M|351\/351
|-damage|p1a: Ferrothorn|330\/351|[from] Stealth Rock
|move|p2a: Kyurem-Black|Ice Beam|p1a: Ferrothorn
|-damage|p1a: Ferrothorn|204\/351
|-damage|p2a: Kyurem-Black|352\/391|[from] item: Life Orb
|
|-heal|p1a: Ferrothorn|225\/351|[from] item: Leftovers
|turn|4
|
|move|p2a: Kyurem-Black|Ice Beam|p1a: Ferrothorn
|-damage|p1a: Ferrothorn|99\/351
|-damage|p2a: Kyurem-Black|313\/391|[from] item: Life Orb
|move|p1a: Ferrothorn|Stealth Rock|p2a: Kyurem-Black
|-sidestart|p2: TheBlueSun|move: Stealth Rock
|
|-heal|p1a: Ferrothorn|120\/351|[from] item: Leftovers
|-sideend|p2: TheBlueSun|move: Tailwind
|turn|5
|
|move|p2a: Kyurem-Black|Ice Beam|p1a: Ferrothorn
|-damage|p1a: Ferrothorn|0 fnt
|-damage|p2a: Kyurem-Black|274\/391|[from] item: Life Orb
|faint|p1a: Ferrothorn
|
|
|switch|p1a: Latias|Latias, F|257\/319
|-damage|p1a: Latias|218\/319|[from] Stealth Rock
|turn|6
|
|switch|p2a: Whimsicott|Whimsicott, F|324\/324
|-damage|p2a: Whimsicott|284\/324|[from] Stealth Rock
|move|p1a: Latias|Draco Meteor|p2a: Whimsicott
|-immune|p2a: Whimsicott|[msg]
|
|turn|7
|
|move|p2a: Whimsicott|Encore|p1a: Latias
|-start|p1a: Latias|Encore
|move|p1a: Latias|Draco Meteor|p2a: Whimsicott
|-immune|p2a: Whimsicott|[msg]
|
|turn|8
|
|move|p2a: Whimsicott|Stun Spore|p1a: Latias
|-status|p1a: Latias|par
|move|p1a: Latias|Draco Meteor|p2a: Whimsicott
|-immune|p2a: Whimsicott|[msg]
|
|turn|9
|
|switch|p1a: Talonflame|Talonflame, F|359\/359
|-damage|p1a: Talonflame|180\/359|[from] Stealth Rock
|move|p2a: Whimsicott|Stun Spore|p1a: Talonflame
|-status|p1a: Talonflame|par
|
|-heal|p1a: Talonflame|202\/359 par|[from] item: Leftovers
|turn|10
|
|move|p2a: Whimsicott|Tailwind|p2a: Whimsicott
|-sidestart|p2: TheBlueSun|move: Tailwind
|move|p1a: Talonflame|Brave Bird|p2a: Whimsicott
|-supereffective|p2a: Whimsicott
|-damage|p2a: Whimsicott|8\/324
|-damage|p1a: Talonflame|111\/359 par|[from] recoil|[of] p2a: Whimsicott
|
|-heal|p1a: Talonflame|133\/359 par|[from] item: Leftovers
|turn|11
|
|move|p2a: Whimsicott|Encore|p1a: Talonflame
|-start|p1a: Talonflame|Encore
|move|p1a: Talonflame|Brave Bird|p2a: Whimsicott
|-supereffective|p2a: Whimsicott
|-damage|p2a: Whimsicott|0 fnt
|-damage|p1a: Talonflame|130\/359 par|[from] recoil|[of] p2a: Whimsicott
|faint|p2a: Whimsicott
|
|-heal|p1a: Talonflame|152\/359 par|[from] item: Leftovers
|
|switch|p2a: Zapdos|Zapdos|345\/345
|-damage|p2a: Zapdos|259\/345|[from] Stealth Rock
|-ability|p2a: Zapdos|Pressure
|turn|12
|
|switch|p1a: Latias|Latias, F|218\/319 par
|-damage|p1a: Latias|179\/319 par|[from] Stealth Rock
|move|p2a: Zapdos|Thunderbolt|p1a: Latias
|-resisted|p1a: Latias
|-damage|p1a: Latias|89\/319 par
|-damage|p2a: Zapdos|225\/345|[from] item: Life Orb
|
|turn|13
|
|move|p2a: Zapdos|Hidden Power|p1a: Latias
|-supereffective|p1a: Latias
|-damage|p1a: Latias|0 fnt
|-damage|p2a: Zapdos|191\/345|[from] item: Life Orb
|faint|p1a: Latias
|
|-sideend|p2: TheBlueSun|move: Tailwind
|
|switch|p1a: Gallade|Gallade, M|277\/277
|-damage|p1a: Gallade|260\/277|[from] Stealth Rock
|turn|14
|
|detailschange|p1a: Gallade|Gallade-Mega, M
|message|Gallade has Mega Evolved into Mega Gallade!
|move|p1a: Gallade|Zen Headbutt|p2a: Zapdos
|-damage|p2a: Zapdos|11\/345
|move|p2a: Zapdos|Tailwind|p2a: Zapdos
|-sidestart|p2: TheBlueSun|move: Tailwind
|
|turn|15
|
|switch|p1a: Talonflame|Talonflame, F|152\/359 par
|-damage|p1a: Talonflame|0 fnt|[from] Stealth Rock
|faint|p1a: Talonflame
|move|p2a: Zapdos|Thunderbolt|p1: Talonflame|[notarget]
|-notarget
|
|
|switch|p1a: Gallade|Gallade-Mega, M|260\/277
|-damage|p1a: Gallade|243\/277|[from] Stealth Rock
|turn|16
|
|move|p2a: Zapdos|Thunderbolt|p1a: Gallade
|-damage|p1a: Gallade|47\/277
|-damage|p2a: Zapdos|0 fnt|[from] item: Life Orb
|faint|p2a: Zapdos
|move|p1a: Gallade|Zen Headbutt|p2: Zapdos|[notarget]
|-notarget
|
|
|switch|p2a: Heracross|Heracross, M|331\/331
|-damage|p2a: Heracross|290\/331|[from] Stealth Rock
|turn|17
|
|switch|p1a: Greninja|Greninja, F|285\/285
|-damage|p1a: Greninja|250\/285|[from] Stealth Rock
|detailschange|p2a: Heracross|Heracross-Mega, M
|message|Heracross has Mega Evolved into Mega Heracross!
|move|p2a: Heracross|Pin Missile|p1a: Greninja
|-supereffective|p1a: Greninja
|-damage|p1a: Greninja|68\/285
|-supereffective|p1a: Greninja
|-damage|p1a: Greninja|0 fnt
|-hitcount|p1a: Greninja|2
|faint|p1a: Greninja
|
|-sideend|p2: TheBlueSun|move: Tailwind
|
|switch|p1a: Gallade|Gallade-Mega, M|47\/277
|-damage|p1a: Gallade|30\/277|[from] Stealth Rock
|turn|18
|
|switch|p2a: Kyurem-Black|Kyurem-Black|274\/391
|-damage|p2a: Kyurem-Black|177\/391|[from] Stealth Rock
|-ability|p2a: Kyurem-Black|Teravolt
|move|p1a: Gallade|Zen Headbutt|p2a: Kyurem-Black
|-damage|p2a: Kyurem-Black|0 fnt
|faint|p2a: Kyurem-Black
|
|
|switch|p2a: Talonflame|Talonflame, F|297\/297
|-damage|p2a: Talonflame|149\/297|[from] Stealth Rock
|turn|19
|
|move|p2a: Talonflame|U-turn|p1a: Gallade
|-damage|p1a: Gallade|0 fnt
|faint|p1a: Gallade
|
|switch|p2a: Heracross|Heracross-Mega, M|290\/331
|-damage|p2a: Heracross|249\/331|[from] Stealth Rock
|
|
|switch|p1a: Rotom-Wash|Rotom-Wash|303\/303
|-damage|p1a: Rotom-Wash|266\/303|[from] Stealth Rock
|turn|20
|
|move|p2a: Heracross|Close Combat|p1a: Rotom-Wash
|-damage|p1a: Rotom-Wash|67\/303
|-unboost|p2a: Heracross|def|1
|-unboost|p2a: Heracross|spd|1
|move|p1a: Rotom-Wash|Hydro Pump|p2a: Heracross
|-damage|p2a: Heracross|54\/331
|
|-heal|p1a: Rotom-Wash|85\/303|[from] item: Leftovers
|turn|21
|
|move|p2a: Heracross|Close Combat|p1a: Rotom-Wash
|-damage|p1a: Rotom-Wash|0 fnt
|-unboost|p2a: Heracross|def|1
|-unboost|p2a: Heracross|spd|1
|faint|p1a: Rotom-Wash
|
|win|TheBlueSun
|raw|Ladder updating...
|c|âTheBlueSun|gg
|raw|Ryuk97's rating: 1263 &rarr; <strong>1238<\/strong><br \/>(-25 for losing)
|raw|TheBlueSun's rating: 1269 &rarr; <strong>1294<\/strong><br \/>(+25 for winning)
|leave|Ryuk97
|player|p1