|join|LiveLoveLaugh
|join|Ryuk97
|player|p1|LiveLoveLaugh|96
|player|p2|Ryuk97|99
|gametype|singles
|gen|6
|tier|OU
|rated
|clearpoke
|poke|p1|Landorus-Therian, M
|poke|p1|Gardevoir, M
|poke|p1|Keldeo
|poke|p1|Ferrothorn, M
|poke|p1|Talonflame, F
|poke|p1|Latios, M
|poke|p2|Gallade, M
|poke|p2|Rotom-Wash
|poke|p2|Ferrothorn, F
|poke|p2|Latias, F
|poke|p2|Talonflame, F
|poke|p2|Greninja, M
|rule|Swagger Clause: Swagger is banned
|rule|Baton Pass Clause: Limit one PokÃ©mon knowing Baton Pass
|rule|Sleep Clause Mod: Limit one foe put to sleep
|rule|Species Clause: Limit one of each PokÃ©mon
|rule|OHKO Clause: OHKO moves are banned
|rule|Moody Clause: Moody is banned
|rule|Evasion Moves Clause: Evasion moves are banned
|rule|Endless Battle Clause: Forcing endless battles is banned
|rule|HP Percentage Mod: HP is shown in percentages
|teampreview
|
|start
|switch|p1a: Gardevoir|Gardevoir, M|277\/277
|switch|p2a: Rotom-Wash|Rotom-Wash|303\/303
|-ability|p1a: Gardevoir|Levitate|[from] ability: Trace|[of] p2a: Rotom-Wash
|turn|1
|
|switch|p2a: Talonflame|Talonflame, F|359\/359
|detailschange|p1a: Gardevoir|Gardevoir-Mega, M
|message|Gardevoir has Mega Evolved into Mega Gardevoir!
|move|p1a: Gardevoir|Hyper Voice|p2a: Talonflame
|-resisted|p2a: Talonflame
|-damage|p2a: Talonflame|248\/359
|
|-heal|p2a: Talonflame|270\/359|[from] item: Leftovers
|turn|2
|
|move|p1a: Gardevoir|Psyshock|p2a: Talonflame
|-damage|p2a: Talonflame|50\/359
|move|p2a: Talonflame|Will-O-Wisp|p1a: Gardevoir
|-status|p1a: Gardevoir|brn
|
|-heal|p2a: Talonflame|72\/359|[from] item: Leftovers
|-damage|p1a: Gardevoir|243\/277 brn|[from] brn
|turn|3
|
|move|p2a: Talonflame|Roost|p2a: Talonflame
|-heal|p2a: Talonflame|252\/359
|move|p1a: Gardevoir|Psyshock|p2a: Talonflame
|-damage|p2a: Talonflame|42\/359
|
|-heal|p2a: Talonflame|64\/359|[from] item: Leftovers
|-damage|p1a: Gardevoir|209\/277 brn|[from] brn
|turn|4
|
|switch|p1a: Talonflame|Talonflame, F|319\/319
|move|p2a: Talonflame|Roost|p2a: Talonflame
|-heal|p2a: Talonflame|244\/359
|
|-heal|p2a: Talonflame|266\/359|[from] item: Leftovers
|turn|5
|
|switch|p1a: Gardevoir|Gardevoir-Mega, M|209\/277 brn
|switch|p2a: Rotom-Wash|Rotom-Wash|303\/303
|
|-damage|p1a: Gardevoir|175\/277 brn|[from] brn
|turn|6
|
|switch|p2a: Talonflame|Talonflame, F|266\/359
|move|p1a: Gardevoir|Focus Blast|p2a: Talonflame
|-resisted|p2a: Talonflame
|-damage|p2a: Talonflame|188\/359
|
|-heal|p2a: Talonflame|210\/359|[from] item: Leftovers
|-damage|p1a: Gardevoir|141\/277 brn|[from] brn
|turn|7
|
|switch|p1a: Landorus-Therian|Landorus-Therian, M|320\/320
|-ability|p1a: Landorus-Therian|Intimidate|[of] p2a: Talonflame
|-unboost|p2a: Talonflame|atk|1
|move|p2a: Talonflame|Roost|p2a: Talonflame
|-heal|p2a: Talonflame|359\/359
|
|turn|8
|
|switch|p2a: Ferrothorn|Ferrothorn, F|351\/351
|move|p1a: Landorus-Therian|U-turn|p2a: Ferrothorn
|-damage|p2a: Ferrothorn|287\/351
|-damage|p1a: Landorus-Therian|280\/320|[from] ability: Iron Barbs|[of] p2a: Ferrothorn
|
|switch|p1a: Keldeo|Keldeo|323\/323
|
|-heal|p2a: Ferrothorn|308\/351|[from] item: Leftovers
|turn|9
|
|move|p2a: Ferrothorn|Protect|p2a: Ferrothorn
|-singleturn|p2a: Ferrothorn|Protect
|move|p1a: Keldeo|Secret Sword|p2a: Ferrothorn
|-activate|p2a: Ferrothorn|Protect
|
|-heal|p2a: Ferrothorn|329\/351|[from] item: Leftovers
|turn|10
|
|switch|p1a: Ferrothorn|Ferrothorn, M|352\/352
|switch|p2a: Latias|Latias, F|319\/319
|
|turn|11
|
|switch|p2a: Ferrothorn|Ferrothorn, F|329\/351
|move|p1a: Ferrothorn|Stealth Rock|p2a: Ferrothorn
|-sidestart|p2: Ryuk97|move: Stealth Rock
|
|-heal|p2a: Ferrothorn|350\/351|[from] item: Leftovers
|turn|12
|
|switch|p1a: Talonflame|Talonflame, F|319\/319
|move|p2a: Ferrothorn|Stealth Rock|p1a: Talonflame
|-sidestart|p1: LiveLoveLaugh|move: Stealth Rock
|
|-heal|p2a: Ferrothorn|351\/351|[from] item: Leftovers
|turn|13
|
|move|p2a: Ferrothorn|Protect|p2a: Ferrothorn
|-singleturn|p2a: Ferrothorn|Protect
|move|p1a: Talonflame|Flare Blitz|p2a: Ferrothorn
|-activate|p2a: Ferrothorn|Protect
|
|turn|14
|
|switch|p2a: Rotom-Wash|Rotom-Wash|303\/303
|-damage|p2a: Rotom-Wash|266\/303|[from] Stealth Rock
|move|p1a: Talonflame|Flare Blitz|p2a: Rotom-Wash
|-resisted|p2a: Rotom-Wash
|-damage|p2a: Rotom-Wash|209\/303
|-damage|p1a: Talonflame|300\/319|[from] recoil|[of] p2a: Rotom-Wash
|
|-heal|p2a: Rotom-Wash|227\/303|[from] item: Leftovers
|turn|15
|
|switch|p1a: Latios|Latios, M|301\/301
|-damage|p1a: Latios|264\/301|[from] Stealth Rock
|move|p2a: Rotom-Wash|Hydro Pump|p1a: Latios
|-resisted|p1a: Latios
|-damage|p1a: Latios|190\/301
|
|-heal|p2a: Rotom-Wash|245\/303|[from] item: Leftovers
|turn|16
|
|switch|p1a: Keldeo|Keldeo|323\/323
|-damage|p1a: Keldeo|303\/323|[from] Stealth Rock
|switch|p2a: Ferrothorn|Ferrothorn, F|351\/351
|-damage|p2a: Ferrothorn|330\/351|[from] Stealth Rock
|
|-heal|p2a: Ferrothorn|351\/351|[from] item: Leftovers
|turn|17
|
|move|p2a: Ferrothorn|Protect|p2a: Ferrothorn
|-singleturn|p2a: Ferrothorn|Protect
|move|p1a: Keldeo|Secret Sword|p2a: Ferrothorn
|-activate|p2a: Ferrothorn|Protect
|
|turn|18
|
|switch|p2a: Latias|Latias, F|319\/319
|-damage|p2a: Latias|280\/319|[from] Stealth Rock
|move|p1a: Keldeo|Secret Sword|p2a: Latias
|-resisted|p2a: Latias
|-damage|p2a: Latias|158\/319
|
|turn|19
|
|switch|p1a: Landorus-Therian|Landorus-Therian, M|280\/320
|-damage|p1a: Landorus-Therian|240\/320|[from] Stealth Rock
|-ability|p1a: Landorus-Therian|Intimidate|[of] p2a: Latias
|-unboost|p2a: Latias|atk|1
|move|p2a: Latias|Roost|p2a: Latias
|-heal|p2a: Latias|318\/319
|
|turn|20
|
|switch|p2a: Ferrothorn|Ferrothorn, F|351\/351
|-damage|p2a: Ferrothorn|330\/351|[from] Stealth Rock
|move|p1a: Landorus-Therian|Superpower|p2a: Ferrothorn
|-supereffective|p2a: Ferrothorn
|-damage|p2a: Ferrothorn|104\/351
|-damage|p1a: Landorus-Therian|200\/320|[from] ability: Iron Barbs|[of] p2a: Ferrothorn
|-unboost|p1a: Landorus-Therian|atk|1
|-unboost|p1a: Landorus-Therian|def|1
|
|-heal|p2a: Ferrothorn|125\/351|[from] item: Leftovers
|turn|21
|
|move|p2a: Ferrothorn|Protect|p2a: Ferrothorn
|-singleturn|p2a: Ferrothorn|Protect
|move|p1a: Landorus-Therian|Superpower|p2a: Ferrothorn
|-activate|p2a: Ferrothorn|Protect
|
|-heal|p2a: Ferrothorn|146\/351|[from] item: Leftovers
|turn|22
|
|switch|p2a: Rotom-Wash|Rotom-Wash|245\/303
|-damage|p2a: Rotom-Wash|208\/303|[from] Stealth Rock
|move|p1a: Landorus-Therian|Superpower|p2a: Rotom-Wash
|-damage|p2a: Rotom-Wash|128\/303
|-unboost|p1a: Landorus-Therian|atk|1
|-unboost|p1a: Landorus-Therian|def|1
|
|-heal|p2a: Rotom-Wash|146\/303|[from] item: Leftovers
|turn|23
|
|switch|p1a: Gardevoir|Gardevoir-Mega, M|141\/277 brn
|-damage|p1a: Gardevoir|107\/277 brn|[from] Stealth Rock
|move|p2a: Rotom-Wash|Pain Split|p1a: Gardevoir
|-sethp|p1a: Gardevoir|126\/277 brn|p2a: Rotom-Wash|126\/303|[from] move: Pain Split
|
|-heal|p2a: Rotom-Wash|144\/303|[from] item: Leftovers
|-damage|p1a: Gardevoir|92\/277 brn|[from] brn
|turn|24
|
|switch|p2a: Ferrothorn|Ferrothorn, F|146\/351
|-damage|p2a: Ferrothorn|125\/351|[from] Stealth Rock
|move|p1a: Gardevoir|Hyper Voice|p2a: Ferrothorn
|-resisted|p2a: Ferrothorn
|-damage|p2a: Ferrothorn|29\/351
|
|-heal|p2a: Ferrothorn|50\/351|[from] item: Leftovers
|-damage|p1a: Gardevoir|58\/277 brn|[from] brn
|turn|25
|
|switch|p1a: Keldeo|Keldeo|303\/323
|-damage|p1a: Keldeo|283\/323|[from] Stealth Rock
|move|p2a: Ferrothorn|Protect|p2a: Ferrothorn
|-fail|p2a: Ferrothorn
|
|-heal|p2a: Ferrothorn|71\/351|[from] item: Leftovers
|turn|26
|
|move|p2a: Ferrothorn|Protect|p2a: Ferrothorn
|-singleturn|p2a: Ferrothorn|Protect
|move|p1a: Keldeo|Secret Sword|p2a: Ferrothorn
|-activate|p2a: Ferrothorn|Protect
|
|-heal|p2a: Ferrothorn|92\/351|[from] item: Leftovers
|turn|27
|
|switch|p2a: Latias|Latias, F|318\/319
|-damage|p2a: Latias|279\/319|[from] Stealth Rock
|move|p1a: Keldeo|Secret Sword|p2a: Latias
|-resisted|p2a: Latias
|-damage|p2a: Latias|161\/319
|
|turn|28
|
|switch|p1a: Ferrothorn|Ferrothorn, M|352\/352
|-damage|p1a: Ferrothorn|330\/352|[from] Stealth Rock
|move|p2a: Latias|Draco Meteor|p1a: Ferrothorn
|-resisted|p1a: Ferrothorn
|-damage|p1a: Ferrothorn|240\/352
|-unboost|p2a: Latias|spa|2
|-damage|p2a: Latias|130\/319|[from] item: Life Orb
|
|-heal|p1a: Ferrothorn|262\/352|[from] item: Leftovers
|turn|29
|
|move|p2a: Latias|Roost|p2a: Latias
|-heal|p2a: Latias|290\/319
|move|p1a: Ferrothorn|Gyro Ball|p2a: Latias
|-damage|p2a: Latias|116\/319
|
|-heal|p1a: Ferrothorn|284\/352|[from] item: Leftovers
|turn|30
|
|switch|p2a: Ferrothorn|Ferrothorn, F|92\/351
|-damage|p2a: Ferrothorn|71\/351|[from] Stealth Rock
|move|p1a: Ferrothorn|Gyro Ball|p2a: Ferrothorn
|-resisted|p2a: Ferrothorn
|-damage|p2a: Ferrothorn|61\/351
|-damage|p1a: Ferrothorn|240\/352|[from] ability: Iron Barbs|[of] p2a: Ferrothorn
|
|-heal|p2a: Ferrothorn|82\/351|[from] item: Leftovers
|-heal|p1a: Ferrothorn|262\/352|[from] item: Leftovers
|turn|31
|
|switch|p1a: Gardevoir|Gardevoir-Mega, M|58\/277 brn
|-damage|p1a: Gardevoir|24\/277 brn|[from] Stealth Rock
|move|p2a: Ferrothorn|Leech Seed|p1a: Gardevoir
|-start|p1a: Gardevoir|move: Leech Seed
|
|-heal|p2a: Ferrothorn|103\/351|[from] item: Leftovers
|-damage|p1a: Gardevoir|0 fnt|[from] Leech Seed|[of] p2a: Ferrothorn
|-heal|p2a: Ferrothorn|127\/351|[silent]
|faint|p1a: Gardevoir
|
|switch|p1a: Keldeo|Keldeo|283\/323
|-damage|p1a: Keldeo|263\/323|[from] Stealth Rock
|turn|32
|
|move|p2a: Ferrothorn|Protect|p2a: Ferrothorn
|-singleturn|p2a: Ferrothorn|Protect
|move|p1a: Keldeo|Secret Sword|p2a: Ferrothorn
|-activate|p2a: Ferrothorn|Protect
|
|-heal|p2a: Ferrothorn|148\/351|[from] item: Leftovers
|turn|33
|
|switch|p2a: Latias|Latias, F|116\/319
|-damage|p2a: Latias|77\/319|[from] Stealth Rock
|move|p1a: Keldeo|Secret Sword|p2a: Latias
|-resisted|p2a: Latias
|-damage|p2a: Latias|0 fnt
|faint|p2a: Latias
|
|
|switch|p2a: Greninja|Greninja, M|285\/285
|-damage|p2a: Greninja|250\/285|[from] Stealth Rock
|turn|34
|
|switch|p1a: Ferrothorn|Ferrothorn, M|262\/352
|-damage|p1a: Ferrothorn|240\/352|[from] Stealth Rock
|move|p2a: Greninja|Extrasensory|p1a: Ferrothorn
|-start|p2a: Greninja|typechange|Psychic|[from] Protean
|-resisted|p1a: Ferrothorn
|-damage|p1a: Ferrothorn|183\/352
|-damage|p2a: Greninja|222\/285|[from] item: Life Orb
|
|-heal|p1a: Ferrothorn|205\/352|[from] item: Leftovers
|turn|35
|
|switch|p2a: Ferrothorn|Ferrothorn, F|148\/351
|-damage|p2a: Ferrothorn|127\/351|[from] Stealth Rock
|switch|p1a: Keldeo|Keldeo|263\/323
|-damage|p1a: Keldeo|243\/323|[from] Stealth Rock
|
|-heal|p2a: Ferrothorn|148\/351|[from] item: Leftovers
|turn|36
|
|move|p2a: Ferrothorn|Protect|p2a: Ferrothorn
|-singleturn|p2a: Ferrothorn|Protect
|move|p1a: Keldeo|Secret Sword|p2a: Ferrothorn
|-activate|p2a: Ferrothorn|Protect
|
|-heal|p2a: Ferrothorn|169\/351|[from] item: Leftovers
|turn|37
|
|switch|p2a: Talonflame|Talonflame, F|359\/359
|-damage|p2a: Talonflame|180\/359|[from] Stealth Rock
|move|p1a: Keldeo|Secret Sword|p2a: Talonflame
|-resisted|p2a: Talonflame
|-damage|p2a: Talonflame|22\/359
|
|-heal|p2a: Talonflame|44\/359|[from] item: Leftovers
|turn|38
|
|move|p2a: Talonflame|Brave Bird|p1a: Keldeo
|-supereffective|p1a: Keldeo
|-damage|p1a: Keldeo|0 fnt
|-damage|p2a: Talonflame|0 fnt|[from] recoil|[of] p1a: Keldeo
|faint|p1a: Keldeo
|faint|p2a: Talonflame
|
|
|switch|p1a: Landorus-Therian|Landorus-Therian, M|200\/320
|switch|p2a: Ferrothorn|Ferrothorn, F|169\/351
|-damage|p1a: Landorus-Therian|160\/320|[from] Stealth Rock
|-ability|p1a: Landorus-Therian|Intimidate|[of] p2a: Ferrothorn
|-unboost|p2a: Ferrothorn|atk|1
|-damage|p2a: Ferrothorn|148\/351|[from] Stealth Rock
|turn|39
|
|move|p2a: Ferrothorn|Protect|p2a: Ferrothorn
|-singleturn|p2a: Ferrothorn|Protect
|move|p1a: Landorus-Therian|Superpower|p2a: Ferrothorn
|-activate|p2a: Ferrothorn|Protect
|
|-heal|p2a: Ferrothorn|169\/351|[from] item: Leftovers
|turn|40
|
|switch|p1a: Latios|Latios, M|190\/301
|-damage|p1a: Latios|153\/301|[from] Stealth Rock
|switch|p2a: Greninja|Greninja, M|222\/285
|-damage|p2a: Greninja|187\/285|[from] Stealth Rock
|
|turn|41
|
|switch|p1a: Ferrothorn|Ferrothorn, M|205\/352
|-damage|p1a: Ferrothorn|183\/352|[from] Stealth Rock
|move|p2a: Greninja|Ice Beam|p1a: Ferrothorn
|-start|p2a: Greninja|typechange|Ice|[from] Protean
|-damage|p1a: Ferrothorn|65\/352
|-damage|p2a: Greninja|159\/285|[from] item: Life Orb
|
|-heal|p1a: Ferrothorn|87\/352|[from] item: Leftovers
|turn|42
|
|move|p1a: Ferrothorn|Protect|p1a: Ferrothorn
|-singleturn|p1a: Ferrothorn|Protect
|move|p2a: Greninja|Ice Beam|p1a: Ferrothorn
|-activate|p1a: Ferrothorn|Protect
|
|-heal|p1a: Ferrothorn|109\/352|[from] item: Leftovers
|turn|43
|
|move|p1a: Ferrothorn|Protect|p1a: Ferrothorn
|-fail|p1a: Ferrothorn
|move|p2a: Greninja|Ice Beam|p1a: Ferrothorn
|-damage|p1a: Ferrothorn|0 fnt
|-damage|p2a: Greninja|131\/285|[from] item: Life Orb
|faint|p1a: Ferrothorn
|
|
|switch|p1a: Talonflame|Talonflame, F|300\/319
|-damage|p1a: Talonflame|141\/319|[from] Stealth Rock
|turn|44
|
|move|p1a: Talonflame|Brave Bird|p2a: Greninja
|-damage|p2a: Greninja|0 fnt
|-damage|p1a: Talonflame|98\/319|[from] recoil|[of] p2a: Greninja
|faint|p2a: Greninja
|
|
|switch|p2a: Rotom-Wash|Rotom-Wash|144\/303
|-damage|p2a: Rotom-Wash|107\/303|[from] Stealth Rock
|turn|45
|
|move|p1a: Talonflame|Roost|p1a: Talonflame
|-heal|p1a: Talonflame|258\/319
|move|p2a: Rotom-Wash|Volt Switch|p1a: Talonflame
|-damage|p1a: Talonflame|137\/319
|
|switch|p2a: Ferrothorn|Ferrothorn, F|169\/351
|-damage|p2a: Ferrothorn|148\/351|[from] Stealth Rock
|
|-heal|p2a: Ferrothorn|169\/351|[from] item: Leftovers
|turn|46
|
|switch|p2a: Rotom-Wash|Rotom-Wash|107\/303
|-damage|p2a: Rotom-Wash|70\/303|[from] Stealth Rock
|move|p1a: Talonflame|Flare Blitz|p2a: Rotom-Wash
|-resisted|p2a: Rotom-Wash
|-damage|p2a: Rotom-Wash|10\/303
|-damage|p1a: Talonflame|117\/319|[from] recoil|[of] p2a: Rotom-Wash
|
|-heal|p2a: Rotom-Wash|28\/303|[from] item: Leftovers
|turn|47
|
|switch|p2a: Ferrothorn|Ferrothorn, F|169\/351
|-damage|p2a: Ferrothorn|148\/351|[from] Stealth Rock
|move|p1a: Talonflame|Flare Blitz|p2a: Ferrothorn
|-supereffective|p2a: Ferrothorn
|-damage|p2a: Ferrothorn|0 fnt
|-damage|p1a: Talonflame|78\/319|[from] ability: Iron Barbs|[of] p2a: Ferrothorn
|-damage|p1a: Talonflame|29\/319|[from] recoil|[of] p2a: Ferrothorn
|faint|p2a: Ferrothorn
|
|
|switch|p2a: Rotom-Wash|Rotom-Wash|28\/303
|-damage|p2a: Rotom-Wash|0 fnt|[from] Stealth Rock
|faint|p2a: Rotom-Wash
|
|switch|p2a: Gallade|Gallade, M|277\/277
|-damage|p2a: Gallade|260\/277|[from] Stealth Rock
|turn|48
|c|âLiveLoveLaugh|very good game
|
|detailschange|p2a: Gallade|Gallade-Mega, M
|message|Gallade has Mega Evolved into Mega Gallade!
|move|p1a: Talonflame|Brave Bird|p2a: Gallade
|-supereffective|p2a: Gallade
|-damage|p2a: Gallade|0 fnt
|-damage|p1a: Talonflame|0 fnt|[from] recoil|[of] p2a: Gallade
|faint|p2a: Gallade
|faint|p1a: Talonflame
|
|win|LiveLoveLaugh
|raw|Ladder updating...
|c|âLiveLoveLaugh|gg
|raw|LiveLoveLaugh's rating: 1596 &rarr; <strong>1613<\/strong><br \/>(+17 for winning)
|raw|Ryuk97's rating: 1527 &rarr; <strong>1511<\/strong><br \/>(-16 for losing)
|c|âRyuk97|gg