|join|Ryuk97
|join|Chofu
|player|p1|Ryuk97|99
|player|p2|Chofu|169
|gametype|singles
|gen|6
|tier|OU
|rated
|clearpoke
|poke|p1|Kyurem-Black
|poke|p1|Gothitelle, M
|poke|p1|Keldeo
|poke|p1|Mew
|poke|p1|Ferrothorn, M
|poke|p1|Gardevoir, F
|poke|p2|Pinsir, M
|poke|p2|Magnezone
|poke|p2|Kyurem-Black
|poke|p2|Garchomp, M
|poke|p2|Bisharp, M
|poke|p2|Keldeo
|rule|Swagger Clause: Swagger is banned
|rule|Baton Pass Clause: Limit one PokÃ©mon knowing Baton Pass
|rule|Sleep Clause Mod: Limit one foe put to sleep
|rule|Species Clause: Limit one of each PokÃ©mon
|rule|OHKO Clause: OHKO moves are banned
|rule|Moody Clause: Moody is banned
|rule|Evasion Moves Clause: Evasion moves are banned
|rule|Endless Battle Clause: Forcing endless battles is banned
|rule|HP Percentage Mod: HP is shown in percentages
|teampreview
|
|start
|switch|p1a: Gardevoir|Gardevoir, F|277\/277
|switch|p2a: Magnezone|Magnezone|281\/281
|-ability|p1a: Gardevoir|Magnet Pull|[from] ability: Trace|[of] p2a: Magnezone
|turn|1
|
|detailschange|p1a: Gardevoir|Gardevoir-Mega, F
|message|Gardevoir has Mega Evolved into Mega Gardevoir!
|move|p2a: Magnezone|Flash Cannon|p1a: Gardevoir
|-supereffective|p1a: Gardevoir
|-damage|p1a: Gardevoir|55\/277
|move|p1a: Gardevoir|Focus Blast|p2a: Magnezone
|-supereffective|p2a: Magnezone
|-damage|p2a: Magnezone|0 fnt
|faint|p2a: Magnezone
|
|
|switch|p2a: Garchomp|Garchomp, M|358\/358
|turn|2
|
|switch|p1a: Ferrothorn|Ferrothorn, M|352\/352
|move|p2a: Garchomp|Earthquake|p1a: Ferrothorn
|-damage|p1a: Ferrothorn|247\/352
|
|-heal|p1a: Ferrothorn|269\/352|[from] item: Leftovers
|turn|3
|
|move|p2a: Garchomp|Stealth Rock|p1a: Ferrothorn
|-sidestart|p1: Ryuk97|move: Stealth Rock
|move|p1a: Ferrothorn|Stealth Rock|p2a: Garchomp
|-sidestart|p2: Chofu|move: Stealth Rock
|
|-heal|p1a: Ferrothorn|291\/352|[from] item: Leftovers
|turn|4
|
|move|p2a: Garchomp|Swords Dance|p2a: Garchomp
|-boost|p2a: Garchomp|atk|2
|move|p1a: Ferrothorn|Leech Seed|p2a: Garchomp|[miss]
|-miss|p1a: Ferrothorn|p2a: Garchomp
|
|-heal|p1a: Ferrothorn|313\/352|[from] item: Leftovers
|turn|5
|
|move|p2a: Garchomp|Earthquake|p1a: Ferrothorn
|-damage|p1a: Ferrothorn|96\/352
|move|p1a: Ferrothorn|Leech Seed|p2a: Garchomp
|-start|p2a: Garchomp|move: Leech Seed
|
|-heal|p1a: Ferrothorn|118\/352|[from] item: Leftovers
|-damage|p2a: Garchomp|314\/358|[from] Leech Seed|[of] p1a: Ferrothorn
|-heal|p1a: Ferrothorn|162\/352|[silent]
|turn|6
|
|move|p2a: Garchomp|Earthquake|p1a: Ferrothorn
|-damage|p1a: Ferrothorn|0 fnt
|faint|p1a: Ferrothorn
|
|
|switch|p1a: Keldeo|Keldeo|323\/323
|-damage|p1a: Keldeo|303\/323|[from] Stealth Rock
|turn|7
|
|move|p1a: Keldeo|Secret Sword|p2a: Garchomp
|-damage|p2a: Garchomp|86\/358
|move|p2a: Garchomp|Earthquake|p1a: Keldeo
|-damage|p1a: Keldeo|0 fnt
|faint|p1a: Keldeo
|
|
|switch|p1a: Mew|Mew|404\/404
|-damage|p1a: Mew|354\/404|[from] Stealth Rock
|turn|8
|
|move|p2a: Garchomp|Earthquake|p1a: Mew
|-damage|p1a: Mew|15\/404
|move|p1a: Mew|Roost|p1a: Mew
|-heal|p1a: Mew|217\/404
|
|-heal|p1a: Mew|242\/404|[from] item: Leftovers
|-damage|p2a: Garchomp|42\/358|[from] Leech Seed|[of] p1a: Mew
|-heal|p1a: Mew|286\/404|[silent]
|turn|9
|
|switch|p1a: Gardevoir|Gardevoir-Mega, F|55\/277
|-damage|p1a: Gardevoir|21\/277|[from] Stealth Rock
|move|p2a: Garchomp|Earthquake|p1a: Gardevoir
|-damage|p1a: Gardevoir|0 fnt
|faint|p1a: Gardevoir
|
|
|switch|p1a: Gothitelle|Gothitelle, M|282\/282
|-damage|p1a: Gothitelle|247\/282|[from] Stealth Rock
|turn|10
|
|move|p1a: Gothitelle|Energy Ball|p2a: Garchomp
|-damage|p2a: Garchomp|0 fnt
|faint|p2a: Garchomp
|
|
|switch|p2a: Pinsir|Pinsir, M|271\/271
|-damage|p2a: Pinsir|204\/271|[from] Stealth Rock
|turn|11
|
|switch|p1a: Mew|Mew|286\/404
|-damage|p1a: Mew|236\/404|[from] Stealth Rock
|detailschange|p2a: Pinsir|Pinsir-Mega, M
|message|Pinsir has Mega Evolved into Mega Pinsir!
|move|p2a: Pinsir|Swords Dance|p2a: Pinsir
|-boost|p2a: Pinsir|atk|2
|
|-heal|p1a: Mew|261\/404|[from] item: Leftovers
|turn|12
|
|move|p2a: Pinsir|Return|p1a: Mew
|-damage|p1a: Mew|0 fnt
|faint|p1a: Mew
|
|
|switch|p1a: Gothitelle|Gothitelle, M|247\/282
|-damage|p1a: Gothitelle|212\/282|[from] Stealth Rock
|turn|13
|
|move|p2a: Pinsir|Quick Attack|p1a: Gothitelle
|-damage|p1a: Gothitelle|8\/282
|move|p1a: Gothitelle|Hidden Power|p2a: Pinsir
|-supereffective|p2a: Pinsir
|-damage|p2a: Pinsir|68\/271
|
|turn|14
|
|move|p2a: Pinsir|Quick Attack|p1a: Gothitelle
|-damage|p1a: Gothitelle|0 fnt
|faint|p1a: Gothitelle
|
|-message|Ryuk97 forfeited.
|
|win|Chofu
|raw|Ladder updating...
|leave|Ryuk97
|player|p1