|join|Not Sharpteeth
|join|Ryuk97
|player|p1|Not Sharpteeth|226
|player|p2|Ryuk97|99
|gametype|singles
|gen|6
|tier|OU
|rated
|clearpoke
|poke|p1|Weavile, M
|poke|p1|Diancie
|poke|p1|Skarmory, M
|poke|p1|Greninja, M
|poke|p1|Raikou
|poke|p1|Garchomp, M
|poke|p2|Metagross
|poke|p2|Garchomp, M
|poke|p2|Rotom-Wash
|poke|p2|Ferrothorn, F
|poke|p2|Weavile, F
|poke|p2|Latias, F
|rule|Swagger Clause: Swagger is banned
|rule|Baton Pass Clause: Limit one PokÃ©mon knowing Baton Pass
|rule|Sleep Clause Mod: Limit one foe put to sleep
|rule|Species Clause: Limit one of each PokÃ©mon
|rule|OHKO Clause: OHKO moves are banned
|rule|Moody Clause: Moody is banned
|rule|Evasion Moves Clause: Evasion moves are banned
|rule|Endless Battle Clause: Forcing endless battles is banned
|rule|HP Percentage Mod: HP is shown in percentages
|teampreview
|
|start
|switch|p1a: Diancie|Diancie|241\/241
|switch|p2a: Ferrothorn|Ferrothorn, F|352\/352
|turn|1
|
|detailschange|p1a: Diancie|Diancie-Mega
|message|Diancie has Mega Evolved into Mega Diancie!
|move|p1a: Diancie|Protect|p1a: Diancie
|-singleturn|p1a: Diancie|Protect
|move|p2a: Ferrothorn|Stealth Rock|p1a: Diancie
|move|p1a: Diancie|Stealth Rock|p2a: Ferrothorn|[from]Magic Bounce
|-sidestart|p2: Ryuk97|move: Stealth Rock
|
|turn|2
|
|switch|p1a: Panic Button|Skarmory, M|334\/334
|move|p2a: Ferrothorn|Power Whip|p1a: Panic Button
|-resisted|p1a: Panic Button
|-damage|p1a: Panic Button|311\/334
|-enditem|p1a: Panic Button|Red Card|[of] p2a: Ferrothorn
|drag|p2a: Weavile|Weavile, F|282\/282
|-damage|p2a: Weavile|212\/282|[from] Stealth Rock
|-ability|p2a: Weavile|Pressure
|
|turn|3
|
|switch|p2a: Ferrothorn|Ferrothorn, F|352\/352
|-damage|p2a: Ferrothorn|330\/352|[from] Stealth Rock
|move|p1a: Panic Button|Spikes|p2a: Ferrothorn
|-sidestart|p2: Ryuk97|Spikes
|
|-heal|p2a: Ferrothorn|352\/352|[from] item: Leftovers
|turn|4
|
|move|p1a: Panic Button|Taunt|p2a: Ferrothorn
|-start|p2a: Ferrothorn|move: Taunt
|cant|p2a: Ferrothorn|move: Taunt|Stealth Rock
|
|turn|5
|
|switch|p2a: Rotom-Wash|Rotom-Wash|303\/303
|-damage|p2a: Rotom-Wash|266\/303|[from] Stealth Rock
|move|p1a: Panic Button|Taunt|p2a: Rotom-Wash
|-start|p2a: Rotom-Wash|move: Taunt
|
|-heal|p2a: Rotom-Wash|284\/303|[from] item: Leftovers
|turn|6
|
|move|p1a: Panic Button|Spikes|p2a: Rotom-Wash
|-sidestart|p2: Ryuk97|Spikes
|move|p2a: Rotom-Wash|Hydro Pump|p1a: Panic Button|[miss]
|-miss|p2a: Rotom-Wash|p1a: Panic Button
|
|-heal|p2a: Rotom-Wash|302\/303|[from] item: Leftovers
|turn|7
|
|move|p1a: Panic Button|Taunt|p2a: Rotom-Wash
|-fail|p2a: Rotom-Wash
|move|p2a: Rotom-Wash|Volt Switch|p1a: Panic Button
|-supereffective|p1a: Panic Button
|-damage|p1a: Panic Button|77\/334
|
|switch|p2a: Latias|Latias, F|319\/319
|-damage|p2a: Latias|280\/319|[from] Stealth Rock
|
|turn|8
|
|move|p2a: Latias|Defog|p1a: Panic Button
|-unboost|p1a: Panic Button|evasion|1
|-sideend|p2: Ryuk97|Spikes|[from] move: Defog|[of] p2a: Latias
|-sideend|p2: Ryuk97|Stealth Rock|[from] move: Defog|[of] p2a: Latias
|move|p1a: Panic Button|Stealth Rock|p2a: Latias
|-sidestart|p2: Ryuk97|move: Stealth Rock
|
|turn|9
|
|move|p2a: Latias|Thunderbolt|p1a: Panic Button
|-supereffective|p1a: Panic Button
|-damage|p1a: Panic Button|0 fnt
|-damage|p2a: Latias|249\/319|[from] item: Life Orb
|faint|p1a: Panic Button
|
|
|switch|p1a: Broom Head|Weavile, M|282\/282
|-ability|p1a: Broom Head|Pressure
|turn|10
|
|switch|p2a: Ferrothorn|Ferrothorn, F|352\/352
|-damage|p2a: Ferrothorn|330\/352|[from] Stealth Rock
|move|p1a: Broom Head|Knock Off|p2a: Ferrothorn
|-damage|p2a: Ferrothorn|196\/352
|-damage|p1a: Broom Head|247\/282|[from] ability: Iron Barbs|[of] p2a: Ferrothorn
|-enditem|p2a: Ferrothorn|Leftovers|[from] move: Knock Off|[of] p1a: Broom Head
|-damage|p1a: Broom Head|219\/282|[from] item: Life Orb
|
|turn|11
|
|move|p1a: Broom Head|Low Kick|p2a: Ferrothorn
|-supereffective|p2a: Ferrothorn
|-damage|p2a: Ferrothorn|0 fnt
|-damage|p1a: Broom Head|184\/282|[from] ability: Iron Barbs|[of] p2a: Ferrothorn
|-damage|p1a: Broom Head|156\/282|[from] item: Life Orb
|faint|p2a: Ferrothorn
|
|
|switch|p2a: Metagross|Metagross|301\/301
|-damage|p2a: Metagross|283\/301|[from] Stealth Rock
|turn|12
|
|switch|p1a: Hot Stove|Garchomp, M|420\/420
|detailschange|p2a: Metagross|Metagross-Mega
|message|Metagross has Mega Evolved into Mega Metagross!
|move|p2a: Metagross|Meteor Mash|p1a: Hot Stove
|-damage|p1a: Hot Stove|258\/420
|-damage|p2a: Metagross|246\/301|[from] ability: Rough Skin|[of] p1a: Hot Stove
|-damage|p2a: Metagross|196\/301|[from] item: Rocky Helmet|[of] p1a: Hot Stove
|
|turn|13
|
|switch|p2a: Rotom-Wash|Rotom-Wash|302\/303
|-damage|p2a: Rotom-Wash|265\/303|[from] Stealth Rock
|move|p1a: Hot Stove|Dragon Tail|p2a: Rotom-Wash
|-damage|p2a: Rotom-Wash|198\/303
|drag|p2a: Weavile|Weavile, F|212\/282
|-damage|p2a: Weavile|142\/282|[from] Stealth Rock
|-ability|p2a: Weavile|Pressure
|
|turn|14
|join|toneloni97
|
|switch|p1a: Broom Head|Weavile, M|156\/282
|-ability|p1a: Broom Head|Pressure
|move|p2a: Weavile|Icicle Crash|p1a: Broom Head
|-resisted|p1a: Broom Head
|-damage|p1a: Broom Head|20\/282
|-damage|p2a: Weavile|114\/282|[from] item: Life Orb
|
|turn|15
|leave|toneloni97
|
|move|p1a: Broom Head|Ice Shard|p2a: Weavile
|-resisted|p2a: Weavile
|-damage|p2a: Weavile|56\/282
|-damage|p1a: Broom Head|0 fnt|[from] item: Life Orb
|faint|p1a: Broom Head
|move|p2a: Weavile|Ice Shard|p1: Broom Head|[notarget]
|-notarget
|
|
|switch|p1a: Diancie|Diancie-Mega|241\/241
|turn|16
|
|switch|p2a: Rotom-Wash|Rotom-Wash|198\/303
|-damage|p2a: Rotom-Wash|161\/303|[from] Stealth Rock
|move|p1a: Diancie|Diamond Storm|p2a: Rotom-Wash
|-damage|p2a: Rotom-Wash|28\/303
|-boost|p1a: Diancie|def|1
|
|-heal|p2a: Rotom-Wash|46\/303|[from] item: Leftovers
|turn|17
|
|move|p1a: Diancie|Diamond Storm|p2a: Rotom-Wash
|-damage|p2a: Rotom-Wash|0 fnt
|faint|p2a: Rotom-Wash
|
|
|switch|p2a: Metagross|Metagross-Mega|196\/301
|-damage|p2a: Metagross|178\/301|[from] Stealth Rock
|turn|18
|
|switch|p1a: Hot Stove|Garchomp, M|258\/420
|move|p2a: Metagross|Meteor Mash|p1a: Hot Stove
|-damage|p1a: Hot Stove|78\/420
|-damage|p2a: Metagross|141\/301|[from] ability: Rough Skin|[of] p1a: Hot Stove
|-damage|p2a: Metagross|91\/301|[from] item: Rocky Helmet|[of] p1a: Hot Stove
|
|turn|19
|
|move|p2a: Metagross|Meteor Mash|p1a: Hot Stove
|-damage|p1a: Hot Stove|0 fnt
|-damage|p2a: Metagross|54\/301|[from] ability: Rough Skin|[of] p1a: Hot Stove
|-damage|p2a: Metagross|4\/301|[from] item: Rocky Helmet|[of] p1a: Hot Stove
|faint|p1a: Hot Stove
|
|
|switch|p1a: Greninja|Greninja, M|285\/285
|turn|20
|
|move|p2a: Metagross|Bullet Punch|p1a: Greninja
|-resisted|p1a: Greninja
|-damage|p1a: Greninja|210\/285
|move|p1a: Greninja|Dark Pulse|p2a: Metagross
|-start|p1a: Greninja|typechange|Dark|[from] Protean
|-supereffective|p2a: Metagross
|-damage|p2a: Metagross|0 fnt
|-damage|p1a: Greninja|182\/285|[from] item: Life Orb
|faint|p2a: Metagross
|
|
|switch|p2a: Garchomp|Garchomp, M|358\/358
|-damage|p2a: Garchomp|336\/358|[from] Stealth Rock
|turn|21
|
|move|p2a: Garchomp|Earthquake|p1a: Greninja
|-damage|p1a: Greninja|0 fnt
|faint|p1a: Greninja
|
|
|switch|p1a: Diancie|Diancie-Mega|241\/241
|turn|22
|
|move|p2a: Garchomp|Earthquake|p1a: Diancie
|-supereffective|p1a: Diancie
|-damage|p1a: Diancie|0 fnt
|faint|p1a: Diancie
|
|
|switch|p1a: Phone Charger|Raikou|322\/322
|-ability|p1a: Phone Charger|Pressure
|turn|23
|c|âNot Sharpteeth|gg
|
|move|p2a: Garchomp|Earthquake|p1a: Phone Charger
|-supereffective|p1a: Phone Charger
|-damage|p1a: Phone Charger|0 fnt
|faint|p1a: Phone Charger
|
|win|Ryuk97
|raw|Ladder updating...
|c|âRyuk97|gg
|leave|Not Sharpteeth
|player|p1
|raw|Not Sharpteeth's rating: 1625 &rarr; <strong>1603<\/strong><br \/>(-22 for losing)
|raw|Ryuk97's rating: 1576 &rarr; <strong>1599<\/strong><br \/>(+23 for winning)