|join|drkassasin
|join|Ryuk97
|player|p1|drkassasin|30
|player|p2|Ryuk97|99
|gametype|singles
|gen|6
|tier|OU
|rated
|clearpoke
|poke|p1|Charizard, F
|poke|p1|Espeon, F
|poke|p1|Victini
|poke|p1|Smeargle, M
|poke|p1|Latios, M
|poke|p1|Whimsicott, M
|poke|p2|Azelf
|poke|p2|Landorus-Therian, M
|poke|p2|Thundurus, M
|poke|p2|Keldeo
|poke|p2|Manectric, F
|poke|p2|Bisharp, M
|rule|Swagger Clause: Swagger is banned
|rule|Baton Pass Clause: Limit one PokÃ©mon knowing Baton Pass
|rule|Sleep Clause Mod: Limit one foe put to sleep
|rule|Species Clause: Limit one of each PokÃ©mon
|rule|OHKO Clause: OHKO moves are banned
|rule|Moody Clause: Moody is banned
|rule|Evasion Moves Clause: Evasion moves are banned
|rule|Endless Battle Clause: Forcing endless battles is banned
|rule|HP Percentage Mod: HP is shown in percentages
|teampreview
|
|start
|switch|p1a: Victini|Victini|404\/404
|switch|p2a: Azelf|Azelf|291\/291
|turn|1
|
|move|p1a: Victini|U-turn|p2a: Azelf
|-supereffective|p2a: Azelf
|-damage|p2a: Azelf|131\/291
|
|switch|p1a: Charizard|Charizard, F|297\/297
|move|p2a: Azelf|Stealth Rock|p1a: Charizard
|-sidestart|p1: drkassasin|move: Stealth Rock
|
|turn|2
|
|detailschange|p1a: Charizard|Charizard-Mega-X, F
|message|Charizard has Mega Evolved into Mega Charizard!
|move|p2a: Azelf|Explosion|p1a: Charizard
|-damage|p1a: Charizard|79\/297
|faint|p2a: Azelf
|move|p1a: Charizard|Dragon Dance|p1a: Charizard
|-boost|p1a: Charizard|atk|1
|-boost|p1a: Charizard|spe|1
|
|
|switch|p2a: Landorus-Therian|Landorus-Therian, M|319\/319
|-ability|p2a: Landorus-Therian|Intimidate|[of] p1a: Charizard
|-unboost|p1a: Charizard|atk|1
|turn|3
|
|move|p2a: Landorus-Therian|Stone Edge|p1a: Charizard
|-supereffective|p1a: Charizard
|-damage|p1a: Charizard|0 fnt
|faint|p1a: Charizard
|
|
|switch|p1a: Latios|Latios, M|301\/301
|-damage|p1a: Latios|264\/301|[from] Stealth Rock
|turn|4
|
|switch|p2a: Bisharp|Bisharp, M|271\/271
|move|p1a: Latios|Reflect|p1a: Latios
|-sidestart|p1: drkassasin|Reflect
|
|turn|5
|
|move|p1a: Latios|Light Screen|p1a: Latios
|-sidestart|p1: drkassasin|move: Light Screen
|move|p2a: Bisharp|Swords Dance|p2a: Bisharp
|-boost|p2a: Bisharp|atk|2
|
|turn|6
|
|switch|p1a: Whimsicott|Whimsicott, M|284\/284
|-damage|p1a: Whimsicott|249\/284|[from] Stealth Rock
|move|p2a: Bisharp|Swords Dance|p2a: Bisharp
|-boost|p2a: Bisharp|atk|2
|
|turn|7
|
|switch|p2a: Manectric|Manectric, F|281\/281
|move|p1a: Whimsicott|Encore|p2a: Manectric
|-fail|p2a: Manectric
|
|turn|8
|
|detailschange|p2a: Manectric|Manectric-Mega, F
|message|Manectric has Mega Evolved into Mega Manectric!
|-ability|p2a: Manectric|Intimidate|[of] p1a: Whimsicott
|-unboost|p1a: Whimsicott|atk|1
|move|p1a: Whimsicott|Memento|p2a: Manectric
|-unboost|p2a: Manectric|atk|2
|-unboost|p2a: Manectric|spa|2
|faint|p1a: Whimsicott
|move|p2a: Manectric|Volt Switch|p1: Whimsicott|[notarget]
|-notarget
|
|
|switch|p1a: Smeargle|Smeargle, M|282\/282
|-damage|p1a: Smeargle|247\/282|[from] Stealth Rock
|turn|9
|
|move|p2a: Manectric|Thunderbolt|p1a: Smeargle
|-damage|p1a: Smeargle|187\/282
|move|p1a: Smeargle|Spore|p2a: Manectric
|-status|p2a: Manectric|slp
|
|turn|10
|
|switch|p2a: Bisharp|Bisharp, M|271\/271
|move|p1a: Smeargle|Geomancy|p1a: Smeargle|[still]
|-prepare|p1a: Smeargle|Geomancy|p1a: Smeargle
|-enditem|p1a: Smeargle|Power Herb
|-anim|p1a: Smeargle|Geomancy|p1a: Smeargle
|-boost|p1a: Smeargle|spa|2
|-boost|p1a: Smeargle|spd|2
|-boost|p1a: Smeargle|spe|2
|
|turn|11
|
|move|p1a: Smeargle|Cotton Guard|p1a: Smeargle
|-boost|p1a: Smeargle|def|3
|move|p2a: Bisharp|Swords Dance|p2a: Bisharp
|-boost|p2a: Bisharp|atk|2
|
|-sideend|p1: drkassasin|Reflect
|turn|12
|
|move|p1a: Smeargle|Cotton Guard|p1a: Smeargle
|-boost|p1a: Smeargle|def|3
|move|p2a: Bisharp|Swords Dance|p2a: Bisharp
|-boost|p2a: Bisharp|atk|2
|
|-sideend|p1: drkassasin|move: Light Screen
|turn|13
|
|move|p1a: Smeargle|Baton Pass|p1a: Smeargle
|
|switch|p1a: Espeon|Espeon, F|306\/306
|-damage|p1a: Espeon|268\/306|[from] Stealth Rock
|move|p2a: Bisharp|Swords Dance|p2a: Bisharp
|-boost|p2a: Bisharp|atk|2
|
|-heal|p1a: Espeon|287\/306|[from] item: Leftovers
|turn|14
|
|move|p1a: Espeon|Dazzling Gleam|p2a: Bisharp
|-damage|p2a: Bisharp|66\/271
|move|p2a: Bisharp|Knock Off|p1a: Espeon
|-supereffective|p1a: Espeon
|-damage|p1a: Espeon|0 fnt
|-enditem|p1a: Espeon|Leftovers|[from] move: Knock Off|[of] p2a: Bisharp
|faint|p1a: Espeon
|
|-message|drkassasin forfeited.
|
|win|Ryuk97
|raw|Ladder updating...
|leave|drkassasin
|player|p1
|raw|drkassasin's rating: 1789 &rarr; <strong>1771<\/strong><br \/>(-18 for losing)
|raw|Ryuk97's rating: 1814 &rarr; <strong>1833<\/strong><br \/>(+19 for winning)