|join|Ryuk97
|join|lntimidating
|player|p1|Ryuk97|266
|player|p2|lntimidating|161
|gametype|singles
|gen|6
|tier|OU
|rated
|clearpoke
|poke|p1|Metagross
|poke|p1|Rotom-Wash
|poke|p1|Latias, F
|poke|p1|Garchomp, F
|poke|p1|Ferrothorn, F
|poke|p1|Weavile, F
|poke|p2|Gardevoir, F, shiny
|poke|p2|Klefki, M
|poke|p2|Rotom-Wash
|poke|p2|Landorus-Therian, M
|poke|p2|Starmie
|poke|p2|Chansey, F
|rule|Swagger Clause: Swagger is banned
|rule|Baton Pass Clause: Limit one PokÃ©mon knowing Baton Pass
|rule|Sleep Clause Mod: Limit one foe put to sleep
|rule|Species Clause: Limit one of each PokÃ©mon
|rule|OHKO Clause: OHKO moves are banned
|rule|Moody Clause: Moody is banned
|rule|Evasion Moves Clause: Evasion moves are banned
|rule|Endless Battle Clause: Forcing endless battles is banned
|rule|HP Percentage Mod: HP is shown in percentages
|teampreview
|
|start
|switch|p1a: Rotom-Wash|Rotom-Wash|303\/303
|switch|p2a: Starmie|Starmie|261\/261
|turn|1
|
|switch|p2a: Landorus-Therian|Landorus-Therian, M|319\/319
|-ability|p2a: Landorus-Therian|Intimidate|[of] p1a: Rotom-Wash
|-unboost|p1a: Rotom-Wash|atk|1
|move|p1a: Rotom-Wash|Volt Switch|p2a: Landorus-Therian
|-immune|p2a: Landorus-Therian|[msg]
|
|turn|2
|
|move|p2a: Landorus-Therian|U-turn|p1a: Rotom-Wash
|-damage|p1a: Rotom-Wash|237\/303
|
|switch|p2a: Chansey|Chansey, F|704\/704
|move|p1a: Rotom-Wash|Hydro Pump|p2a: Chansey
|-damage|p2a: Chansey|610\/704
|
|-heal|p1a: Rotom-Wash|255\/303|[from] item: Leftovers
|turn|3
|
|move|p1a: Rotom-Wash|Volt Switch|p2a: Chansey
|-damage|p2a: Chansey|552\/704
|
|switch|p1a: Ferrothorn|Ferrothorn, F|352\/352
|move|p2a: Chansey|Stealth Rock|p1a: Ferrothorn
|-sidestart|p1: Ryuk97|move: Stealth Rock
|
|turn|4
|
|switch|p2a: Klefki|Klefki, M|318\/318
|move|p1a: Ferrothorn|Stealth Rock|p2a: Klefki
|-sidestart|p2: lntimidating|move: Stealth Rock
|
|turn|5
|
|switch|p1a: Rotom-Wash|Rotom-Wash|255\/303
|-damage|p1a: Rotom-Wash|218\/303|[from] Stealth Rock
|move|p2a: Klefki|Spikes|p1a: Rotom-Wash
|-sidestart|p1: Ryuk97|Spikes
|
|-heal|p1a: Rotom-Wash|236\/303|[from] item: Leftovers
|turn|6
|
|move|p2a: Klefki|Spikes|p1a: Rotom-Wash
|-sidestart|p1: Ryuk97|Spikes
|move|p1a: Rotom-Wash|Hydro Pump|p2a: Klefki|[miss]
|-miss|p1a: Rotom-Wash|p2a: Klefki
|
|-heal|p1a: Rotom-Wash|254\/303|[from] item: Leftovers
|turn|7
|
|move|p2a: Klefki|Light Screen|p2a: Klefki
|-sidestart|p2: lntimidating|move: Light Screen
|move|p1a: Rotom-Wash|Will-O-Wisp|p2a: Klefki
|-status|p2a: Klefki|brn
|
|-heal|p1a: Rotom-Wash|272\/303|[from] item: Leftovers
|-damage|p2a: Klefki|279\/318 brn|[from] brn
|turn|8
|
|move|p2a: Klefki|Spikes|p1a: Rotom-Wash
|-sidestart|p1: Ryuk97|Spikes
|move|p1a: Rotom-Wash|Volt Switch|p2a: Klefki
|-damage|p2a: Klefki|234\/318 brn
|
|switch|p1a: Latias|Latias, F|319\/319
|-damage|p1a: Latias|280\/319|[from] Stealth Rock
|
|-damage|p2a: Klefki|195\/318 brn|[from] brn
|turn|9
|
|move|p2a: Klefki|Thunder Wave|p1a: Latias
|-status|p1a: Latias|par
|cant|p1a: Latias|par
|
|-damage|p2a: Klefki|156\/318 brn|[from] brn
|turn|10
|
|switch|p2a: Gardevoir|Gardevoir, F, shiny|277\/277
|-damage|p2a: Gardevoir|243\/277|[from] Stealth Rock
|-ability|p2a: Gardevoir|Levitate|[from] ability: Trace|[of] p1a: Latias
|cant|p1a: Latias|par
|
|turn|11
|
|switch|p1a: Rotom-Wash|Rotom-Wash|272\/303
|-damage|p1a: Rotom-Wash|235\/303|[from] Stealth Rock
|detailschange|p2a: Gardevoir|Gardevoir-Mega, F, shiny
|message|Gardevoir has Mega Evolved into Mega Gardevoir!
|move|p2a: Gardevoir|Hyper Voice|p1a: Rotom-Wash
|-crit|p1a: Rotom-Wash
|-damage|p1a: Rotom-Wash|0 fnt
|faint|p1a: Rotom-Wash
|
|
|switch|p1a: Metagross|Metagross|301\/301
|-damage|p1a: Metagross|226\/301|[from] Spikes
|-damage|p1a: Metagross|208\/301|[from] Stealth Rock
|turn|12
|
|switch|p2a: Rotom-Wash|Rotom-Wash|299\/299
|-damage|p2a: Rotom-Wash|262\/299|[from] Stealth Rock
|detailschange|p1a: Metagross|Metagross-Mega
|message|Metagross has Mega Evolved into Mega Metagross!
|move|p1a: Metagross|Bullet Punch|p2a: Rotom-Wash
|-resisted|p2a: Rotom-Wash
|-damage|p2a: Rotom-Wash|243\/299
|
|-heal|p2a: Rotom-Wash|261\/299|[from] item: Leftovers
|turn|13
|
|switch|p1a: Latias|Latias, F|280\/319 par
|-damage|p1a: Latias|241\/319 par|[from] Stealth Rock
|move|p2a: Rotom-Wash|Volt Switch|p1a: Latias
|-resisted|p1a: Latias
|-damage|p1a: Latias|206\/319 par
|
|switch|p2a: Gardevoir|Gardevoir-Mega, F, shiny|243\/277
|-damage|p2a: Gardevoir|209\/277|[from] Stealth Rock
|
|turn|14
|
|switch|p1a: Metagross|Metagross-Mega|208\/301
|-damage|p1a: Metagross|190\/301|[from] Stealth Rock
|-damage|p1a: Metagross|115\/301|[from] Spikes
|move|p2a: Gardevoir|Hyper Voice|p1a: Metagross
|-resisted|p1a: Metagross
|-damage|p1a: Metagross|0 fnt
|faint|p1a: Metagross
|
|-sideend|p2: lntimidating|move: Light Screen
|
|switch|p1a: Weavile|Weavile, F|282\/282
|-damage|p1a: Weavile|212\/282|[from] Spikes
|-damage|p1a: Weavile|142\/282|[from] Stealth Rock
|-ability|p1a: Weavile|Pressure
|turn|15
|
|switch|p2a: Starmie|Starmie|261\/261
|-damage|p2a: Starmie|229\/261|[from] Stealth Rock
|move|p1a: Weavile|Knock Off|p2a: Starmie
|-supereffective|p2a: Starmie
|-damage|p2a: Starmie|0 fnt
|-enditem|p2a: Starmie|Life Orb|[from] move: Knock Off|[of] p1a: Weavile
|-damage|p1a: Weavile|114\/282|[from] item: Life Orb
|faint|p2a: Starmie
|
|
|switch|p2a: Klefki|Klefki, M|156\/318 brn
|-damage|p2a: Klefki|137\/318 brn|[from] Stealth Rock
|turn|16
|
|move|p2a: Klefki|Reflect|p2a: Klefki
|-sidestart|p2: lntimidating|Reflect
|move|p1a: Weavile|Knock Off|p2a: Klefki
|-resisted|p2a: Klefki
|-damage|p2a: Klefki|98\/318 brn
|-enditem|p2a: Klefki|Light Clay|[from] move: Knock Off|[of] p1a: Weavile
|-damage|p1a: Weavile|86\/282|[from] item: Life Orb
|
|-damage|p2a: Klefki|59\/318 brn|[from] brn
|turn|17
|
|move|p2a: Klefki|Thunder Wave|p1a: Weavile
|-status|p1a: Weavile|par
|move|p1a: Weavile|Icicle Crash|p2a: Klefki
|-resisted|p2a: Klefki
|-damage|p2a: Klefki|24\/318 brn
|-damage|p1a: Weavile|58\/282 par|[from] item: Life Orb
|
|-damage|p2a: Klefki|0 fnt|[from] brn
|faint|p2a: Klefki
|
|switch|p2a: Landorus-Therian|Landorus-Therian, M|319\/319
|-damage|p2a: Landorus-Therian|280\/319|[from] Stealth Rock
|-ability|p2a: Landorus-Therian|Intimidate|[of] p1a: Weavile
|-unboost|p1a: Weavile|atk|1
|turn|18
|
|move|p1a: Weavile|Ice Shard|p2a: Landorus-Therian
|-supereffective|p2a: Landorus-Therian
|-damage|p2a: Landorus-Therian|153\/319
|-damage|p1a: Weavile|30\/282 par|[from] item: Life Orb
|move|p2a: Landorus-Therian|Knock Off|p1a: Weavile
|-resisted|p1a: Weavile
|-damage|p1a: Weavile|0 fnt
|-enditem|p1a: Weavile|Life Orb|[from] move: Knock Off|[of] p2a: Landorus-Therian
|faint|p1a: Weavile
|
|
|switch|p1a: Ferrothorn|Ferrothorn, F|352\/352
|-damage|p1a: Ferrothorn|264\/352|[from] Spikes
|-damage|p1a: Ferrothorn|242\/352|[from] Stealth Rock
|turn|19
|
|move|p2a: Landorus-Therian|Knock Off|p1a: Ferrothorn
|-damage|p1a: Ferrothorn|154\/352
|-damage|p2a: Landorus-Therian|114\/319|[from] ability: Iron Barbs|[of] p1a: Ferrothorn
|-enditem|p1a: Ferrothorn|Leftovers|[from] move: Knock Off|[of] p2a: Landorus-Therian
|move|p1a: Ferrothorn|Leech Seed|p2a: Landorus-Therian
|-start|p2a: Landorus-Therian|move: Leech Seed
|
|-damage|p2a: Landorus-Therian|75\/319|[from] Leech Seed|[of] p1a: Ferrothorn
|-heal|p1a: Ferrothorn|193\/352|[silent]
|turn|20
|
|move|p2a: Landorus-Therian|Knock Off|p1a: Ferrothorn
|-damage|p1a: Ferrothorn|140\/352
|-damage|p2a: Landorus-Therian|36\/319|[from] ability: Iron Barbs|[of] p1a: Ferrothorn
|move|p1a: Ferrothorn|Power Whip|p2a: Landorus-Therian
|-damage|p2a: Landorus-Therian|0 fnt
|faint|p2a: Landorus-Therian
|
|
|switch|p2a: Gardevoir|Gardevoir-Mega, F, shiny|209\/277
|-damage|p2a: Gardevoir|175\/277|[from] Stealth Rock
|turn|21
|
|move|p2a: Gardevoir|Hidden Power|p1a: Ferrothorn
|-crit|p1a: Ferrothorn
|-supereffective|p1a: Ferrothorn
|-damage|p1a: Ferrothorn|0 fnt
|faint|p1a: Ferrothorn
|
|
|switch|p1a: Garchomp|Garchomp, F|358\/358
|-damage|p1a: Garchomp|336\/358|[from] Stealth Rock
|-damage|p1a: Garchomp|247\/358|[from] Spikes
|turn|22
|
|move|p1a: Garchomp|Earthquake|p2a: Gardevoir
|-damage|p2a: Gardevoir|55\/277
|move|p2a: Gardevoir|Hyper Voice|p1a: Garchomp
|-supereffective|p1a: Garchomp
|-damage|p1a: Garchomp|0 fnt
|faint|p1a: Garchomp
|
|-message|Ryuk97 forfeited.
|
|win|lntimidating
|raw|Ladder updating...
|leave|Ryuk97
|player|p1
|raw|Ryuk97's rating: 1458 &rarr; <strong>1441<\/strong><br \/>(-17 for losing)
|raw|lntimidating's rating: 1507 &rarr; <strong>1524<\/strong><br \/>(+17 for winning)