|join|The Last Hero
|join|Ryuk97
|player|p1|The Last Hero|54
|player|p2|Ryuk97|99
|gametype|singles
|gen|6
|tier|OU
|rated
|clearpoke
|poke|p1|Zapdos
|poke|p1|Garchomp, M
|poke|p1|Gastrodon, M
|poke|p1|Victini
|poke|p1|Tyranitar, M
|poke|p1|Breloom, M
|poke|p2|Azelf
|poke|p2|Landorus-Therian, M
|poke|p2|Thundurus, M
|poke|p2|Keldeo
|poke|p2|Manectric, F
|poke|p2|Garchomp, M
|rule|Swagger Clause: Swagger is banned
|rule|Baton Pass Clause: Limit one PokÃ©mon knowing Baton Pass
|rule|Sleep Clause Mod: Limit one foe put to sleep
|rule|Species Clause: Limit one of each PokÃ©mon
|rule|OHKO Clause: OHKO moves are banned
|rule|Moody Clause: Moody is banned
|rule|Evasion Moves Clause: Evasion moves are banned
|rule|Endless Battle Clause: Forcing endless battles is banned
|rule|HP Percentage Mod: HP is shown in percentages
|teampreview
|
|start
|switch|p1a: T-Rex|Tyranitar, M|404\/404
|switch|p2a: Azelf|Azelf|291\/291
|-weather|Sandstorm
|turn|1
|
|move|p2a: Azelf|Stealth Rock|p1a: T-Rex
|-sidestart|p1: The Last Hero|move: Stealth Rock
|move|p1a: T-Rex|Crunch|p2a: Azelf
|-supereffective|p2a: Azelf
|-enditem|p2a: Azelf|Focus Sash
|-damage|p2a: Azelf|1\/291
|
|-weather|Sandstorm|[upkeep]
|-damage|p2a: Azelf|0 fnt|[from] sandstorm
|faint|p2a: Azelf
|
|switch|p2a: Keldeo|Keldeo|322\/322
|turn|2
|
|switch|p1a: Zapdos|Zapdos|383\/383
|-damage|p1a: Zapdos|288\/383|[from] Stealth Rock
|-ability|p1a: Zapdos|Pressure
|move|p2a: Keldeo|Secret Sword|p1a: Zapdos
|-resisted|p1a: Zapdos
|-damage|p1a: Zapdos|204\/383
|
|-weather|Sandstorm|[upkeep]
|-damage|p2a: Keldeo|302\/322|[from] sandstorm
|-damage|p1a: Zapdos|181\/383|[from] sandstorm
|-heal|p1a: Zapdos|204\/383|[from] item: Leftovers
|turn|3
|
|switch|p2a: Manectric|Manectric, F|281\/281
|move|p1a: Zapdos|Defog|p2a: Manectric
|-unboost|p2a: Manectric|evasion|1
|-sideend|p1: The Last Hero|Stealth Rock|[from] move: Defog|[of] p1a: Zapdos
|
|-weather|Sandstorm|[upkeep]
|-damage|p2a: Manectric|264\/281|[from] sandstorm
|-damage|p1a: Zapdos|181\/383|[from] sandstorm
|-heal|p1a: Zapdos|204\/383|[from] item: Leftovers
|turn|4
|
|switch|p2a: Keldeo|Keldeo|302\/322
|switch|p1a: Baboso|Gastrodon, M|426\/426
|
|-weather|Sandstorm|[upkeep]
|-damage|p2a: Keldeo|282\/322|[from] sandstorm
|turn|5
|
|move|p2a: Keldeo|Secret Sword|p1a: Baboso
|-damage|p1a: Baboso|216\/426
|move|p1a: Baboso|Toxic|p2a: Keldeo
|-status|p2a: Keldeo|tox
|
|-weather|none
|-heal|p1a: Baboso|242\/426|[from] item: Leftovers
|-damage|p2a: Keldeo|262\/322 tox|[from] psn
|turn|6
|
|switch|p2a: Thundurus|Thundurus, M|299\/299
|switch|p1a: Zapdos|Zapdos|204\/383
|-ability|p1a: Zapdos|Pressure
|
|-heal|p1a: Zapdos|227\/383|[from] item: Leftovers
|turn|7
|
|switch|p1a: T-Rex|Tyranitar, M|404\/404
|-weather|Sandstorm
|move|p2a: Thundurus|Thunderbolt|p1a: T-Rex
|-damage|p1a: T-Rex|278\/404
|-damage|p2a: Thundurus|270\/299|[from] item: Life Orb
|
|-weather|Sandstorm|[upkeep]
|-damage|p2a: Thundurus|252\/299|[from] sandstorm
|-heal|p1a: T-Rex|303\/404|[from] item: Leftovers
|turn|8
|
|switch|p1a: Vintini|Victini|341\/341
|move|p2a: Thundurus|Superpower|p1a: Vintini
|-resisted|p1a: Vintini
|-damage|p1a: Vintini|267\/341
|-unboost|p2a: Thundurus|atk|1
|-unboost|p2a: Thundurus|def|1
|-damage|p2a: Thundurus|223\/299|[from] item: Life Orb
|
|-weather|Sandstorm|[upkeep]
|-damage|p1a: Vintini|246\/341|[from] sandstorm
|-damage|p2a: Thundurus|205\/299|[from] sandstorm
|turn|9
|
|switch|p2a: Landorus-Therian|Landorus-Therian, M|319\/319
|-ability|p2a: Landorus-Therian|Intimidate|[of] p1a: Vintini
|-unboost|p1a: Vintini|atk|1
|move|p1a: Vintini|V-create|p2a: Landorus-Therian
|-damage|p2a: Landorus-Therian|97\/319
|-unboost|p1a: Vintini|def|1
|-unboost|p1a: Vintini|spd|1
|-unboost|p1a: Vintini|spe|1
|
|-weather|Sandstorm|[upkeep]
|-damage|p1a: Vintini|225\/341|[from] sandstorm
|turn|10
|
|switch|p1a: Chompy|Garchomp, M|357\/357
|move|p2a: Landorus-Therian|Stone Edge|p1a: Chompy
|-resisted|p1a: Chompy
|-damage|p1a: Chompy|272\/357
|
|-weather|Sandstorm|[upkeep]
|turn|11
|
|switch|p2a: Keldeo|Keldeo|262\/322 tox
|detailschange|p1a: Chompy|Garchomp-Mega, M
|message|Garchomp has Mega Evolved into Mega Garchomp!
|move|p1a: Chompy|Draco Meteor|p2a: Keldeo
|-damage|p2a: Keldeo|19\/322 tox
|-unboost|p1a: Chompy|spa|2
|
|-weather|none
|-damage|p2a: Keldeo|0 fnt|[from] psn
|faint|p2a: Keldeo
|
|switch|p2a: Manectric|Manectric, F|264\/281
|turn|12
|
|switch|p1a: Baboso|Gastrodon, M|242\/426
|detailschange|p2a: Manectric|Manectric-Mega, F
|message|Manectric has Mega Evolved into Mega Manectric!
|-ability|p2a: Manectric|Intimidate|[of] p1a: Baboso
|-unboost|p1a: Baboso|atk|1
|move|p2a: Manectric|Hidden Power|p1a: Baboso
|-damage|p1a: Baboso|151\/426
|
|-heal|p1a: Baboso|177\/426|[from] item: Leftovers
|turn|13
|
|switch|p2a: Landorus-Therian|Landorus-Therian, M|97\/319
|-ability|p2a: Landorus-Therian|Intimidate|[of] p1a: Baboso
|-unboost|p1a: Baboso|atk|1
|move|p1a: Baboso|Recover|p1a: Baboso
|-heal|p1a: Baboso|390\/426
|
|-heal|p1a: Baboso|416\/426|[from] item: Leftovers
|turn|14
|
|switch|p1a: Mr Hongo|Breloom, M|320\/320
|move|p2a: Landorus-Therian|Explosion|p1a: Mr Hongo
|-damage|p1a: Mr Hongo|7\/320
|faint|p2a: Landorus-Therian
|
|-status|p1a: Mr Hongo|tox|[from] item: Toxic Orb
|
|switch|p2a: Manectric|Manectric-Mega, F|264\/281
|-ability|p2a: Manectric|Intimidate|[of] p1a: Mr Hongo
|-unboost|p1a: Mr Hongo|atk|1
|turn|15
|
|switch|p1a: Baboso|Gastrodon, M|416\/426
|move|p2a: Manectric|Volt Switch|p1a: Baboso
|-immune|p1a: Baboso|[msg]
|
|-heal|p1a: Baboso|426\/426|[from] item: Leftovers
|turn|16
|
|switch|p2a: Garchomp|Garchomp, M|358\/358
|move|p1a: Baboso|Scald|p2a: Garchomp
|-damage|p2a: Garchomp|258\/358
|
|turn|17
|
|move|p2a: Garchomp|Outrage|p1a: Baboso
|-damage|p1a: Baboso|213\/426
|move|p1a: Baboso|Scald|p2a: Garchomp
|-damage|p2a: Garchomp|155\/358
|
|-heal|p1a: Baboso|239\/426|[from] item: Leftovers
|turn|18
|
|switch|p1a: Mr Hongo|Breloom, M|7\/320 tox
|move|p2a: Garchomp|Outrage|p1a: Mr Hongo
|-damage|p1a: Mr Hongo|0 fnt
|faint|p1a: Mr Hongo
|
|
|switch|p1a: T-Rex|Tyranitar, M|303\/404
|-weather|Sandstorm
|turn|19
|leave|Ryuk97
|player|p2
|join|Ryuk97
|player|p2|Ryuk97|99
|
|move|p2a: Garchomp|Outrage|p1a: T-Rex
|-damage|p1a: T-Rex|93\/404
|move|p1a: T-Rex|Ice Punch|p2a: Garchomp
|-supereffective|p2a: Garchomp
|-damage|p2a: Garchomp|0 fnt
|-damage|p1a: T-Rex|43\/404|[from] ability: Rough Skin|[of] p2a: Garchomp
|faint|p2a: Garchomp
|
|-weather|Sandstorm|[upkeep]
|-heal|p1a: T-Rex|68\/404|[from] item: Leftovers
|
|switch|p2a: Thundurus|Thundurus, M|205\/299
|turn|20
|
|move|p2a: Thundurus|Thunderbolt|p1a: T-Rex
|-damage|p1a: T-Rex|0 fnt
|-damage|p2a: Thundurus|176\/299|[from] item: Life Orb
|faint|p1a: T-Rex
|
|-weather|Sandstorm|[upkeep]
|-damage|p2a: Thundurus|158\/299|[from] sandstorm
|
|switch|p1a: Vintini|Victini|225\/341
|turn|21
|
|move|p1a: Vintini|V-create|p2a: Thundurus
|-damage|p2a: Thundurus|0 fnt
|-unboost|p1a: Vintini|def|1
|-unboost|p1a: Vintini|spd|1
|-unboost|p1a: Vintini|spe|1
|faint|p2a: Thundurus
|
|-weather|Sandstorm|[upkeep]
|-damage|p1a: Vintini|204\/341|[from] sandstorm
|
|switch|p2a: Manectric|Manectric-Mega, F|264\/281
|-ability|p2a: Manectric|Intimidate|[of] p1a: Vintini
|-unboost|p1a: Vintini|atk|1
|turn|22
|
|switch|p1a: Baboso|Gastrodon, M|239\/426
|move|p2a: Manectric|Hidden Power|p1a: Baboso
|-damage|p1a: Baboso|146\/426
|
|-weather|Sandstorm|[upkeep]
|-damage|p2a: Manectric|247\/281|[from] sandstorm
|-heal|p1a: Baboso|172\/426|[from] item: Leftovers
|turn|23
|-message|Ryuk97 forfeited.
|
|win|The Last Hero
|raw|Ladder updating...
|raw|The Last Hero's rating: 1667 &rarr; <strong>1685<\/strong><br \/>(+18 for winning)
|raw|Ryuk97's rating: 1629 &rarr; <strong>1611<\/strong><br \/>(-18 for losing)
|leave|Ryuk97
|player|p2