|join|Ryuk97
|join|GamerGal
|player|p1|Ryuk97|99
|player|p2|GamerGal|4
|gametype|singles
|gen|6
|tier|OU
|rated
|clearpoke
|poke|p1|Pinsir, M
|poke|p1|Tyranitar, F
|poke|p1|Excadrill, F
|poke|p1|Latios, M
|poke|p1|Rotom-Wash
|poke|p1|Landorus-Therian, M
|poke|p2|Gardevoir, F
|poke|p2|Magnezone
|poke|p2|Keldeo-Resolute
|poke|p2|Latios, M
|poke|p2|Tyranitar, F
|poke|p2|Landorus-Therian, M
|rule|Swagger Clause: Swagger is banned
|rule|Baton Pass Clause: Limit one PokÃ©mon knowing Baton Pass
|rule|Sleep Clause Mod: Limit one foe put to sleep
|rule|Species Clause: Limit one of each PokÃ©mon
|rule|OHKO Clause: OHKO moves are banned
|rule|Moody Clause: Moody is banned
|rule|Evasion Moves Clause: Evasion moves are banned
|rule|Endless Battle Clause: Forcing endless battles is banned
|rule|HP Percentage Mod: HP is shown in percentages
|teampreview
|
|start
|switch|p1a: Rotom-Wash|Rotom-Wash|303\/303
|switch|p2a: Gardevoir|Gardevoir, F|277\/277
|-ability|p2a: Gardevoir|Levitate|[from] ability: Trace|[of] p1a: Rotom-Wash
|turn|1
|
|detailschange|p2a: Gardevoir|Gardevoir-Mega, F
|message|Gardevoir has Mega Evolved into Mega Gardevoir!
|move|p2a: Gardevoir|Hyper Voice|p1a: Rotom-Wash
|-damage|p1a: Rotom-Wash|75\/303
|move|p1a: Rotom-Wash|Volt Switch|p2a: Gardevoir
|-damage|p2a: Gardevoir|208\/277
|
|switch|p1a: Tyranitar|Tyranitar, F|404\/404
|-weather|Sandstorm
|
|-weather|Sandstorm|[upkeep]
|-damage|p2a: Gardevoir|191\/277|[from] sandstorm
|turn|2
|
|switch|p2a: Keldeo-Resolute|Keldeo-Resolute|323\/323
|move|p1a: Tyranitar|Stone Edge|p2a: Keldeo-Resolute
|-resisted|p2a: Keldeo-Resolute
|-damage|p2a: Keldeo-Resolute|208\/323
|
|-weather|Sandstorm|[upkeep]
|-damage|p2a: Keldeo-Resolute|188\/323|[from] sandstorm
|turn|3
|
|switch|p2a: Tyranitar|Tyranitar, F|399\/399
|switch|p1a: Rotom-Wash|Rotom-Wash|75\/303
|
|-weather|Sandstorm|[upkeep]
|-damage|p1a: Rotom-Wash|57\/303|[from] sandstorm
|turn|4
|
|move|p1a: Rotom-Wash|Will-O-Wisp|p2a: Tyranitar|[miss]
|-miss|p1a: Rotom-Wash|p2a: Tyranitar
|move|p2a: Tyranitar|Pursuit|p1a: Rotom-Wash
|-damage|p1a: Rotom-Wash|8\/303
|
|-weather|Sandstorm|[upkeep]
|-damage|p1a: Rotom-Wash|0 fnt|[from] sandstorm
|faint|p1a: Rotom-Wash
|
|switch|p1a: Excadrill|Excadrill, F|362\/362
|-item|p1a: Excadrill|Air Balloon
|turn|5
|
|switch|p2a: Magnezone|Magnezone|324\/324
|-item|p2a: Magnezone|Air Balloon
|move|p1a: Excadrill|Iron Head|p2a: Magnezone
|-resisted|p2a: Magnezone
|-damage|p2a: Magnezone|289\/324
|-enditem|p2a: Magnezone|Air Balloon
|
|-weather|none
|turn|6
|
|switch|p2a: Landorus-Therian|Landorus-Therian, M|319\/319
|-ability|p2a: Landorus-Therian|Intimidate|[of] p1a: Excadrill
|-unboost|p1a: Excadrill|atk|1
|move|p1a: Excadrill|Iron Head|p2a: Landorus-Therian
|-damage|p2a: Landorus-Therian|198\/319
|
|turn|7
|
|switch|p1a: Landorus-Therian|Landorus-Therian, M|381\/381
|-ability|p1a: Landorus-Therian|Intimidate|[of] p2a: Landorus-Therian
|-unboost|p2a: Landorus-Therian|atk|1
|move|p2a: Landorus-Therian|U-turn|p1a: Landorus-Therian
|-crit|p1a: Landorus-Therian
|-resisted|p1a: Landorus-Therian
|-damage|p1a: Landorus-Therian|318\/381
|
|switch|p2a: Keldeo-Resolute|Keldeo-Resolute|188\/323
|
|-heal|p1a: Landorus-Therian|341\/381|[from] item: Leftovers
|turn|8
|
|move|p2a: Keldeo-Resolute|Scald|p1a: Landorus-Therian
|-supereffective|p1a: Landorus-Therian
|-damage|p1a: Landorus-Therian|0 fnt
|faint|p1a: Landorus-Therian
|
|
|switch|p1a: Pinsir|Pinsir, M|271\/271
|turn|9
|
|switch|p2a: Tyranitar|Tyranitar, F|399\/399
|-weather|Sandstorm
|detailschange|p1a: Pinsir|Pinsir-Mega, M
|message|Pinsir has Mega Evolved into Mega Pinsir!
|move|p1a: Pinsir|Return|p2a: Tyranitar
|-resisted|p2a: Tyranitar
|-damage|p2a: Tyranitar|266\/399
|
|-weather|Sandstorm|[upkeep]
|-damage|p1a: Pinsir|255\/271|[from] sandstorm
|turn|10
|
|switch|p1a: Excadrill|Excadrill, F|362\/362
|-item|p1a: Excadrill|Air Balloon
|move|p2a: Tyranitar|Stone Edge|p1a: Excadrill
|-crit|p1a: Excadrill
|-resisted|p1a: Excadrill
|-damage|p1a: Excadrill|265\/362
|-enditem|p1a: Excadrill|Air Balloon
|
|-weather|Sandstorm|[upkeep]
|turn|11
|
|switch|p2a: Magnezone|Magnezone|289\/324
|move|p1a: Excadrill|Iron Head|p2a: Magnezone
|-resisted|p2a: Magnezone
|-damage|p2a: Magnezone|253\/324
|
|-weather|Sandstorm|[upkeep]
|turn|12
|
|move|p1a: Excadrill|Earthquake|p2a: Magnezone
|-supereffective|p2a: Magnezone
|-damage|p2a: Magnezone|0 fnt
|faint|p2a: Magnezone
|
|-weather|Sandstorm|[upkeep]
|
|switch|p2a: Landorus-Therian|Landorus-Therian, M|198\/319
|-ability|p2a: Landorus-Therian|Intimidate|[of] p1a: Excadrill
|-unboost|p1a: Excadrill|atk|1
|turn|13
|
|move|p1a: Excadrill|Iron Head|p2a: Landorus-Therian
|-damage|p2a: Landorus-Therian|90\/319
|move|p2a: Landorus-Therian|U-turn|p1a: Excadrill
|-resisted|p1a: Excadrill
|-damage|p1a: Excadrill|194\/362
|
|switch|p2a: Keldeo-Resolute|Keldeo-Resolute|188\/323
|
|-weather|none
|turn|14
|
|switch|p2a: Tyranitar|Tyranitar, F|266\/399
|-weather|Sandstorm
|switch|p1a: Latios|Latios, M|301\/301
|
|-weather|Sandstorm|[upkeep]
|-damage|p1a: Latios|283\/301|[from] sandstorm
|turn|15
|
|move|p1a: Latios|Draco Meteor|p2a: Tyranitar
|-damage|p2a: Tyranitar|52\/399
|-unboost|p1a: Latios|spa|2
|-damage|p1a: Latios|253\/301|[from] item: Life Orb
|move|p2a: Tyranitar|Stealth Rock|p1a: Latios
|-sidestart|p1: Ryuk97|move: Stealth Rock
|
|-weather|Sandstorm|[upkeep]
|-damage|p1a: Latios|235\/301|[from] sandstorm
|turn|16
|leave|Ryuk97
|player|p1
|join|Ryuk97
|player|p1|Ryuk97|99
|
|move|p1a: Latios|Defog|p2a: Tyranitar
|-unboost|p2a: Tyranitar|evasion|1
|-sideend|p1: Ryuk97|Stealth Rock|[from] move: Defog|[of] p1a: Latios
|move|p2a: Tyranitar|Stealth Rock|p1a: Latios
|-sidestart|p1: Ryuk97|move: Stealth Rock
|
|-weather|Sandstorm|[upkeep]
|-damage|p1a: Latios|217\/301|[from] sandstorm
|turn|17
|
|move|p1a: Latios|Defog|p2a: Tyranitar
|-unboost|p2a: Tyranitar|evasion|1
|-sideend|p1: Ryuk97|Stealth Rock|[from] move: Defog|[of] p1a: Latios
|move|p2a: Tyranitar|Stealth Rock|p1a: Latios
|-sidestart|p1: Ryuk97|move: Stealth Rock
|
|-weather|Sandstorm|[upkeep]
|-damage|p1a: Latios|199\/301|[from] sandstorm
|turn|18
|
|switch|p2a: Gardevoir|Gardevoir-Mega, F|191\/277
|move|p1a: Latios|Draco Meteor|p2a: Gardevoir
|-immune|p2a: Gardevoir|[msg]
|
|-weather|none
|turn|19
|
|move|p1a: Latios|Defog|p2a: Gardevoir
|-unboost|p2a: Gardevoir|evasion|1
|-sideend|p1: Ryuk97|Stealth Rock|[from] move: Defog|[of] p1a: Latios
|move|p2a: Gardevoir|Hyper Voice|p1a: Latios
|-supereffective|p1a: Latios
|-damage|p1a: Latios|0 fnt
|faint|p1a: Latios
|
|
|switch|p1a: Tyranitar|Tyranitar, F|404\/404
|-weather|Sandstorm
|turn|20
|
|switch|p2a: Keldeo-Resolute|Keldeo-Resolute|188\/323
|move|p1a: Tyranitar|Stone Edge|p2a: Keldeo-Resolute
|-resisted|p2a: Keldeo-Resolute
|-damage|p2a: Keldeo-Resolute|79\/323
|
|-weather|Sandstorm|[upkeep]
|-damage|p2a: Keldeo-Resolute|59\/323|[from] sandstorm
|turn|21
|
|move|p2a: Keldeo-Resolute|Scald|p1a: Tyranitar
|-supereffective|p1a: Tyranitar
|-damage|p1a: Tyranitar|218\/404
|-status|p1a: Tyranitar|brn
|move|p1a: Tyranitar|Earthquake|p2a: Keldeo-Resolute
|-damage|p2a: Keldeo-Resolute|0 fnt
|faint|p2a: Keldeo-Resolute
|
|-weather|Sandstorm|[upkeep]
|-damage|p1a: Tyranitar|168\/404 brn|[from] brn
|
|switch|p2a: Gardevoir|Gardevoir-Mega, F|191\/277
|turn|22
|
|move|p2a: Gardevoir|Hyper Voice|p1a: Tyranitar
|-supereffective|p1a: Tyranitar
|-damage|p1a: Tyranitar|0 fnt
|faint|p1a: Tyranitar
|
|-weather|Sandstorm|[upkeep]
|-damage|p2a: Gardevoir|174\/277|[from] sandstorm
|
|switch|p1a: Excadrill|Excadrill, F|194\/362
|turn|23
|
|switch|p2a: Tyranitar|Tyranitar, F|52\/399
|move|p1a: Excadrill|Iron Head|p2a: Tyranitar
|-supereffective|p2a: Tyranitar
|-damage|p2a: Tyranitar|0 fnt
|faint|p2a: Tyranitar
|
|-weather|Sandstorm|[upkeep]
|
|switch|p2a: Landorus-Therian|Landorus-Therian, M|90\/319
|-ability|p2a: Landorus-Therian|Intimidate|[of] p1a: Excadrill
|-unboost|p1a: Excadrill|atk|1
|turn|24
|
|switch|p2a: Gardevoir|Gardevoir-Mega, F|174\/277
|move|p1a: Excadrill|Iron Head|p2a: Gardevoir
|-supereffective|p2a: Gardevoir
|-damage|p2a: Gardevoir|0 fnt
|faint|p2a: Gardevoir
|
|-weather|none
|
|switch|p2a: Landorus-Therian|Landorus-Therian, M|90\/319
|-ability|p2a: Landorus-Therian|Intimidate|[of] p1a: Excadrill
|-unboost|p1a: Excadrill|atk|1
|turn|25
|
|move|p2a: Landorus-Therian|Earthquake|p1a: Excadrill
|-supereffective|p1a: Excadrill
|-damage|p1a: Excadrill|0 fnt
|faint|p1a: Excadrill
|
|
|switch|p1a: Pinsir|Pinsir-Mega, M|255\/271
|turn|26
|
|switch|p2a: Latios|Latios, M|301\/301
|move|p1a: Pinsir|Swords Dance|p1a: Pinsir
|-boost|p1a: Pinsir|atk|2
|
|turn|27
|
|move|p1a: Pinsir|Quick Attack|p2a: Latios
|-damage|p2a: Latios|45\/301
|move|p2a: Latios|Draco Meteor|p1a: Pinsir
|-damage|p1a: Pinsir|0 fnt
|-unboost|p2a: Latios|spa|2
|-damage|p2a: Latios|15\/301|[from] item: Life Orb
|faint|p1a: Pinsir
|
|win|GamerGal
|raw|Ladder updating...
|raw|Ryuk97's rating: 1502 &rarr; <strong>1479<\/strong><br \/>(-23 for losing)
|raw|GamerGal's rating: 1456 &rarr; <strong>1479<\/strong><br \/>(+23 for winning)
|c|âGamerGal|gg