|join|lntimidating
|join|Ryuk97
|player|p1|lntimidating|161
|player|p2|Ryuk97|99
|gametype|singles
|gen|6
|tier|OU
|rated
|clearpoke
|poke|p1|Ferrothorn, M
|poke|p1|Dugtrio, M
|poke|p1|Sylveon, F, shiny
|poke|p1|Charizard, M
|poke|p1|Tentacruel, F
|poke|p1|Tyranitar, M
|poke|p2|Scizor, M
|poke|p2|Tyranitar, M
|poke|p2|Latios, M
|poke|p2|Keldeo
|poke|p2|Heatran, M
|poke|p2|Slowbro, M
|rule|Swagger Clause: Swagger is banned
|rule|Baton Pass Clause: Limit one PokÃ©mon knowing Baton Pass
|rule|Sleep Clause Mod: Limit one foe put to sleep
|rule|Species Clause: Limit one of each PokÃ©mon
|rule|OHKO Clause: OHKO moves are banned
|rule|Moody Clause: Moody is banned
|rule|Evasion Moves Clause: Evasion moves are banned
|rule|Endless Battle Clause: Forcing endless battles is banned
|rule|HP Percentage Mod: HP is shown in percentages
|teampreview
|join|RoooBW
|
|start
|switch|p1a: Dugtrio|Dugtrio, M|211\/211
|switch|p2a: Keldeo|Keldeo|323\/323
|turn|1
|
|switch|p1a: Tentacruel|Tentacruel, F|364\/364
|move|p2a: Keldeo|Scald|p1a: Tentacruel
|-resisted|p1a: Tentacruel
|-damage|p1a: Tentacruel|305\/364
|
|-heal|p1a: Tentacruel|327\/364|[from] item: Black Sludge
|turn|2
|
|move|p2a: Keldeo|Substitute|p2a: Keldeo
|-start|p2a: Keldeo|Substitute
|-damage|p2a: Keldeo|243\/323
|move|p1a: Tentacruel|Toxic Spikes|p2a: Keldeo
|-sidestart|p2: Ryuk97|move: Toxic Spikes
|
|-heal|p2a: Keldeo|263\/323|[from] item: Leftovers
|-heal|p1a: Tentacruel|349\/364|[from] item: Black Sludge
|turn|3
|
|switch|p1a: Sylveon|Sylveon, F, shiny|369\/369
|move|p2a: Keldeo|Scald|p1a: Sylveon
|-damage|p1a: Sylveon|245\/369
|-status|p1a: Sylveon|brn
|
|-heal|p2a: Keldeo|283\/323|[from] item: Leftovers
|-damage|p1a: Sylveon|199\/369 brn|[from] brn
|turn|4
|
|move|p2a: Keldeo|Calm Mind|p2a: Keldeo
|-boost|p2a: Keldeo|spa|1
|-boost|p2a: Keldeo|spd|1
|move|p1a: Sylveon|Hyper Voice|p2a: Keldeo
|-supereffective|p2a: Keldeo
|-damage|p2a: Keldeo|0 fnt
|faint|p2a: Keldeo
|
|-damage|p1a: Sylveon|153\/369 brn|[from] brn
|
|switch|p2a: Scizor|Scizor, M|291\/291
|turn|5
|
|switch|p1a: Charizard|Charizard, M|297\/297
|detailschange|p2a: Scizor|Scizor-Mega, M
|-mega|p2a: Scizor|Scizor|Scizorite
|move|p2a: Scizor|Superpower|p1a: Charizard
|-resisted|p1a: Charizard
|-damage|p1a: Charizard|167\/297
|-unboost|p2a: Scizor|atk|1
|-unboost|p2a: Scizor|def|1
|
|turn|6
|
|switch|p2a: Tyranitar|Tyranitar, M|341\/341
|-status|p2a: Tyranitar|psn
|-weather|Sandstorm
|move|p1a: Charizard|Earthquake|p2a: Tyranitar
|-crit|p2a: Tyranitar
|-supereffective|p2a: Tyranitar
|-damage|p2a: Tyranitar|147\/341 psn
|
|-weather|Sandstorm|[upkeep]
|-damage|p1a: Charizard|149\/297|[from] sandstorm
|-damage|p2a: Tyranitar|105\/341 psn|[from] psn
|turn|7
|
|switch|p1a: Sylveon|Sylveon, F, shiny|153\/369 brn
|move|p2a: Tyranitar|Stone Edge|p1a: Sylveon
|-damage|p1a: Sylveon|0 fnt
|faint|p1a: Sylveon
|
|-weather|Sandstorm|[upkeep]
|-damage|p2a: Tyranitar|63\/341 psn|[from] psn
|
|switch|p1a: Dugtrio|Dugtrio, M|211\/211
|turn|8
|
|move|p1a: Dugtrio|Earthquake|p2a: Tyranitar
|-supereffective|p2a: Tyranitar
|-damage|p2a: Tyranitar|0 fnt
|faint|p2a: Tyranitar
|
|-weather|Sandstorm|[upkeep]
|
|switch|p2a: Scizor|Scizor-Mega, M|291\/291
|turn|9
|
|move|p1a: Dugtrio|Stealth Rock|p2a: Scizor
|-sidestart|p2: Ryuk97|move: Stealth Rock
|move|p2a: Scizor|Swords Dance|p2a: Scizor
|-boost|p2a: Scizor|atk|2
|
|-weather|Sandstorm|[upkeep]
|turn|10
|
|move|p1a: Dugtrio|Memento|p2a: Scizor
|-unboost|p2a: Scizor|atk|2
|-unboost|p2a: Scizor|spa|2
|faint|p1a: Dugtrio
|move|p2a: Scizor|Swords Dance|p2a: Scizor
|-boost|p2a: Scizor|atk|2
|
|-weather|none
|
|switch|p1a: Charizard|Charizard, M|149\/297
|turn|11
|
|move|p2a: Scizor|Bullet Punch|p1a: Charizard
|-resisted|p1a: Charizard
|-damage|p1a: Charizard|0 fnt
|faint|p1a: Charizard
|
|
|switch|p1a: Tentacruel|Tentacruel, F|349\/364
|turn|12
|c|âlntimidating|fucking stupid, i cancelled that stealth rock right away
|
|move|p1a: Tentacruel|Scald|p2a: Scizor
|-damage|p2a: Scizor|206\/291
|move|p2a: Scizor|Bug Bite|p1a: Tentacruel
|-resisted|p1a: Tentacruel
|-damage|p1a: Tentacruel|166\/364
|
|-heal|p1a: Tentacruel|188\/364|[from] item: Black Sludge
|turn|13
|
|move|p2a: Scizor|Bullet Punch|p1a: Tentacruel
|-resisted|p1a: Tentacruel
|-damage|p1a: Tentacruel|68\/364
|move|p1a: Tentacruel|Scald|p2a: Scizor
|-damage|p2a: Scizor|122\/291
|
|-heal|p1a: Tentacruel|90\/364|[from] item: Black Sludge
|turn|14
|
|move|p2a: Scizor|Bullet Punch|p1a: Tentacruel
|-resisted|p1a: Tentacruel
|-damage|p1a: Tentacruel|0 fnt
|faint|p1a: Tentacruel
|
|
|switch|p1a: Tyranitar|Tyranitar, M|341\/341
|-weather|Sandstorm
|turn|15
|
|move|p2a: Scizor|Bullet Punch|p1a: Tyranitar
|-supereffective|p1a: Tyranitar
|-damage|p1a: Tyranitar|0 fnt
|faint|p1a: Tyranitar
|
|-weather|Sandstorm|[upkeep]
|-message|lntimidating forfeited.
|leave|lntimidating
|
|win|Ryuk97
|raw|Ladder updating...
|player|p1
|raw|lntimidating's rating: 1572 &rarr; <strong>1556<\/strong><br \/>(-16 for losing)
|raw|Ryuk97's rating: 1651 &rarr; <strong>1666<\/strong><br \/>(+15 for winning)