|join|Ryuk97
|join|sempresolojuve
|player|p1|Ryuk97|99
|player|p2|sempresolojuve|92
|gametype|singles
|gen|6
|tier|OU
|rated
|clearpoke
|poke|p1|Diggersby, M
|poke|p1|Raikou
|poke|p1|Scizor, M
|poke|p1|Alakazam, M
|poke|p1|Slowbro, M
|poke|p1|Terrakion
|poke|p2|Chansey, F
|poke|p2|Lopunny, F
|poke|p2|Magnezone
|poke|p2|Clefable, M
|poke|p2|Mandibuzz, F
|poke|p2|Breloom, M
|rule|Swagger Clause: Swagger is banned
|rule|Baton Pass Clause: Limit one PokÃ©mon knowing Baton Pass
|rule|Sleep Clause Mod: Limit one foe put to sleep
|rule|Species Clause: Limit one of each PokÃ©mon
|rule|OHKO Clause: OHKO moves are banned
|rule|Moody Clause: Moody is banned
|rule|Evasion Moves Clause: Evasion moves are banned
|rule|Endless Battle Clause: Forcing endless battles is banned
|rule|HP Percentage Mod: HP is shown in percentages
|teampreview
|
|start
|switch|p1a: Terrakion|Terrakion|323\/323
|switch|p2a: Breloom|Breloom, M|262\/262
|turn|1
|
|move|p1a: Terrakion|Stealth Rock|p2a: Breloom
|-sidestart|p2: sempresolojuve|move: Stealth Rock
|move|p2a: Breloom|Spore|p1a: Terrakion
|-status|p1a: Terrakion|slp
|
|turn|2
|
|switch|p1a: Scizor|Scizor, M|343\/343
|move|p2a: Breloom|Bullet Seed|p1a: Scizor
|-crit|p1a: Scizor
|-resisted|p1a: Scizor
|-damage|p1a: Scizor|318\/343
|-crit|p1a: Scizor
|-resisted|p1a: Scizor
|-damage|p1a: Scizor|291\/343
|-resisted|p1a: Scizor
|-damage|p1a: Scizor|273\/343
|-crit|p1a: Scizor
|-resisted|p1a: Scizor
|-damage|p1a: Scizor|248\/343
|-hitcount|p1a: Scizor|4
|
|turn|3
|
|switch|p2a: Mandibuzz|Mandibuzz, F|424\/424
|-damage|p2a: Mandibuzz|318\/424|[from] Stealth Rock
|move|p1a: Scizor|U-turn|p2a: Mandibuzz
|-damage|p2a: Mandibuzz|183\/424
|-damage|p1a: Scizor|191\/343|[from] item: Rocky Helmet|[of] p2a: Mandibuzz
|
|switch|p1a: Raikou|Raikou|321\/321
|-ability|p1a: Raikou|Pressure
|
|turn|4
|
|switch|p2a: Chansey|Chansey, F|673\/673
|-damage|p2a: Chansey|589\/673|[from] Stealth Rock
|move|p1a: Raikou|Volt Switch|p2a: Chansey
|-damage|p2a: Chansey|505\/673
|
|switch|p1a: Diggersby|Diggersby, M|311\/311
|
|turn|5
|
|move|p1a: Diggersby|Return|p2a: Chansey
|-damage|p2a: Chansey|0 fnt
|-damage|p1a: Diggersby|280\/311|[from] item: Life Orb
|faint|p2a: Chansey
|
|
|switch|p2a: Mandibuzz|Mandibuzz, F|183\/424
|-damage|p2a: Mandibuzz|77\/424|[from] Stealth Rock
|turn|6
|
|move|p1a: Diggersby|Return|p2a: Mandibuzz
|-damage|p2a: Mandibuzz|0 fnt
|-damage|p1a: Diggersby|229\/311|[from] item: Rocky Helmet|[of] p2a: Mandibuzz
|-damage|p1a: Diggersby|198\/311|[from] item: Life Orb
|faint|p2a: Mandibuzz
|
|
|switch|p2a: Lopunny|Lopunny, F|272\/272
|-damage|p2a: Lopunny|238\/272|[from] Stealth Rock
|turn|7
|
|switch|p1a: Slowbro|Slowbro, M|394\/394
|detailschange|p2a: Lopunny|Lopunny-Mega, F
|-mega|p2a: Lopunny|Lopunny|Lopunnite
|move|p2a: Lopunny|Return|p1a: Slowbro
|-damage|p1a: Slowbro|270\/394
|
|-heal|p1a: Slowbro|294\/394|[from] item: Leftovers
|turn|8
|
|switch|p2a: Magnezone|Magnezone|282\/282
|-damage|p2a: Magnezone|265\/282|[from] Stealth Rock
|move|p1a: Slowbro|Scald|p2a: Magnezone
|-damage|p2a: Magnezone|169\/282
|
|-heal|p2a: Magnezone|186\/282|[from] item: Leftovers
|-heal|p1a: Slowbro|318\/394|[from] item: Leftovers
|turn|9
|
|switch|p1a: Raikou|Raikou|321\/321
|-ability|p1a: Raikou|Pressure
|move|p2a: Magnezone|Substitute|p2a: Magnezone
|-start|p2a: Magnezone|Substitute
|-damage|p2a: Magnezone|116\/282
|
|-heal|p2a: Magnezone|133\/282|[from] item: Leftovers
|turn|10
|
|move|p1a: Raikou|Shadow Ball|p2a: Magnezone
|-end|p2a: Magnezone|Substitute
|move|p2a: Magnezone|Flash Cannon|p1a: Raikou
|-resisted|p1a: Raikou
|-damage|p1a: Raikou|249\/321
|
|-heal|p2a: Magnezone|150\/282|[from] item: Leftovers
|turn|11
|
|move|p1a: Raikou|Shadow Ball|p2a: Magnezone
|-damage|p2a: Magnezone|0 fnt
|faint|p2a: Magnezone
|
|
|switch|p2a: Lopunny|Lopunny-Mega, F|238\/272
|-damage|p2a: Lopunny|221\/272|[from] Stealth Rock
|turn|12
|
|switch|p1a: Slowbro|Slowbro, M|394\/394
|move|p2a: Lopunny|Return|p1a: Slowbro
|-damage|p1a: Slowbro|277\/394
|
|-heal|p1a: Slowbro|301\/394|[from] item: Leftovers
|turn|13
|
|switch|p2a: Clefable|Clefable, M|394\/394
|move|p1a: Slowbro|Psyshock|p2a: Clefable
|-damage|p2a: Clefable|304\/394
|
|-heal|p2a: Clefable|328\/394|[from] item: Leftovers
|-heal|p1a: Slowbro|325\/394|[from] item: Leftovers
|turn|14
|
|move|p2a: Clefable|Fire Blast|p1a: Slowbro
|-crit|p1a: Slowbro
|-resisted|p1a: Slowbro
|-damage|p1a: Slowbro|256\/394
|-status|p1a: Slowbro|brn
|move|p1a: Slowbro|Calm Mind|p1a: Slowbro
|-boost|p1a: Slowbro|spa|1
|-boost|p1a: Slowbro|spd|1
|
|-heal|p2a: Clefable|352\/394|[from] item: Leftovers
|-heal|p1a: Slowbro|280\/394 brn|[from] item: Leftovers
|-damage|p1a: Slowbro|231\/394 brn|[from] brn
|turn|15
|
|move|p2a: Clefable|Calm Mind|p2a: Clefable
|-boost|p2a: Clefable|spa|1
|-boost|p2a: Clefable|spd|1
|move|p1a: Slowbro|Calm Mind|p1a: Slowbro
|-boost|p1a: Slowbro|spa|1
|-boost|p1a: Slowbro|spd|1
|
|-heal|p2a: Clefable|376\/394|[from] item: Leftovers
|-heal|p1a: Slowbro|255\/394 brn|[from] item: Leftovers
|-damage|p1a: Slowbro|206\/394 brn|[from] brn
|turn|16
|
|move|p2a: Clefable|Calm Mind|p2a: Clefable
|-boost|p2a: Clefable|spa|1
|-boost|p2a: Clefable|spd|1
|move|p1a: Slowbro|Psyshock|p2a: Clefable
|-damage|p2a: Clefable|205\/394
|
|-heal|p2a: Clefable|229\/394|[from] item: Leftovers
|-heal|p1a: Slowbro|230\/394 brn|[from] item: Leftovers
|-damage|p1a: Slowbro|181\/394 brn|[from] brn
|turn|17
|
|move|p2a: Clefable|Moonlight|p2a: Clefable
|-heal|p2a: Clefable|394\/394
|move|p1a: Slowbro|Psyshock|p2a: Clefable
|-damage|p2a: Clefable|237\/394
|
|-heal|p2a: Clefable|261\/394|[from] item: Leftovers
|-heal|p1a: Slowbro|205\/394 brn|[from] item: Leftovers
|-damage|p1a: Slowbro|156\/394 brn|[from] brn
|turn|18
|
|move|p2a: Clefable|Moonlight|p2a: Clefable
|-heal|p2a: Clefable|394\/394
|move|p1a: Slowbro|Psyshock|p2a: Clefable
|-damage|p2a: Clefable|219\/394
|
|-heal|p2a: Clefable|243\/394|[from] item: Leftovers
|-heal|p1a: Slowbro|180\/394 brn|[from] item: Leftovers
|-damage|p1a: Slowbro|131\/394 brn|[from] brn
|turn|19
|c|âRyuk97|why u use moonlight over soft boiled?
|
|move|p2a: Clefable|Moonlight|p2a: Clefable
|-heal|p2a: Clefable|394\/394
|move|p1a: Slowbro|Psyshock|p2a: Clefable
|-crit|p2a: Clefable
|-damage|p2a: Clefable|147\/394
|
|-heal|p2a: Clefable|171\/394|[from] item: Leftovers
|-heal|p1a: Slowbro|155\/394 brn|[from] item: Leftovers
|-damage|p1a: Slowbro|106\/394 brn|[from] brn
|turn|20
|
|move|p2a: Clefable|Moonlight|p2a: Clefable
|-heal|p2a: Clefable|368\/394
|move|p1a: Slowbro|Psyshock|p2a: Clefable
|-damage|p2a: Clefable|215\/394
|
|-heal|p2a: Clefable|239\/394|[from] item: Leftovers
|-heal|p1a: Slowbro|130\/394 brn|[from] item: Leftovers
|-damage|p1a: Slowbro|81\/394 brn|[from] brn
|turn|21
|
|move|p2a: Clefable|Moonblast|p1a: Slowbro
|-damage|p1a: Slowbro|0 fnt
|faint|p1a: Slowbro
|
|-heal|p2a: Clefable|263\/394|[from] item: Leftovers
|c|âsempresolojuve|showdown says:incompatible with other moves
|
|switch|p1a: Diggersby|Diggersby, M|198\/311
|turn|22
|c|âRyuk97|what moves it ahs
|c|âRyuk97|has*
|
|move|p1a: Diggersby|Return|p2a: Clefable
|-damage|p2a: Clefable|0 fnt
|-damage|p1a: Diggersby|167\/311|[from] item: Life Orb
|faint|p2a: Clefable
|
|c|âsempresolojuve|moonlight calm mind fire blast moonblast
|c|âRyuk97|what ability?
|c|âsempresolojuve|magic guard
|
|switch|p2a: Breloom|Breloom, M|262\/262
|-damage|p2a: Breloom|246\/262|[from] Stealth Rock
|turn|23
|c|âRyuk97|try to put softboiled
|
|move|p1a: Diggersby|Quick Attack|p2a: Breloom
|-damage|p2a: Breloom|94\/262
|-damage|p1a: Diggersby|136\/311|[from] item: Life Orb
|move|p2a: Breloom|Mach Punch|p1a: Diggersby
|-supereffective|p1a: Diggersby
|-damage|p1a: Diggersby|0 fnt
|faint|p1a: Diggersby
|
|c|âRyuk97|it is compatibile
|
|switch|p1a: Scizor|Scizor, M|191\/343
|turn|24
|
|move|p2a: Breloom|Mach Punch|p1a: Scizor
|-damage|p1a: Scizor|73\/343
|move|p1a: Scizor|Bullet Punch|p2a: Breloom
|-damage|p2a: Breloom|0 fnt
|faint|p2a: Breloom
|
|
|switch|p2a: Lopunny|Lopunny-Mega, F|221\/272
|-damage|p2a: Lopunny|204\/272|[from] Stealth Rock
|turn|25
|
|move|p2a: Lopunny|Fake Out|p1a: Scizor
|-resisted|p1a: Scizor
|-damage|p1a: Scizor|36\/343
|cant|p1a: Scizor|flinch
|
|turn|26
|
|move|p1a: Scizor|Bullet Punch|p2a: Lopunny
|-damage|p2a: Lopunny|29\/272
|move|p2a: Lopunny|Return|p1a: Scizor
|-resisted|p1a: Scizor
|-damage|p1a: Scizor|0 fnt
|faint|p1a: Scizor
|
|
|switch|p1a: Raikou|Raikou|249\/321
|-ability|p1a: Raikou|Pressure
|turn|27
|
|move|p2a: Lopunny|High Jump Kick|p1a: Raikou
|-damage|p1a: Raikou|0 fnt
|faint|p1a: Raikou
|
|
|switch|p1a: Alakazam|Alakazam, M|251\/251
|turn|28
|
|detailschange|p1a: Alakazam|Alakazam-Mega, M
|-mega|p1a: Alakazam|Alakazam|Alakazite
|-ability|p1a: Alakazam|Scrappy|[from] ability: Trace|[of] p2a: Lopunny
|move|p2a: Lopunny|Return|p1a: Alakazam
|-damage|p1a: Alakazam|0 fnt
|faint|p1a: Alakazam
|
|
|switch|p1a: Terrakion|Terrakion|323\/323 slp
|turn|29
|
|move|p2a: Lopunny|High Jump Kick|p1a: Terrakion
|-supereffective|p1a: Terrakion
|-enditem|p1a: Terrakion|Focus Sash
|-damage|p1a: Terrakion|1\/323 slp
|cant|p1a: Terrakion|slp
|
|turn|30
|c|âsempresolojuve|gg
|c|âRyuk97|gg
|
|move|p2a: Lopunny|Return|p1a: Terrakion
|-resisted|p1a: Terrakion
|-damage|p1a: Terrakion|0 fnt
|faint|p1a: Terrakion
|
|win|sempresolojuve
|raw|Ladder updating...
|raw|Ryuk97's rating: 1607 &rarr; <strong>1586<\/strong><br \/>(-21 for losing)
|raw|sempresolojuve's rating: 1590 &rarr; <strong>1611<\/strong><br \/>(+21 for winning)