|join|Ryuk97
|join|Federicoking
|player|p1|Ryuk97|99
|player|p2|Federicoking|265
|gametype|singles
|gen|6
|tier|OU
|rated
|clearpoke
|poke|p1|Diggersby, F
|poke|p1|Raikou
|poke|p1|Scizor, M
|poke|p1|Alakazam, M
|poke|p1|Slowbro, M
|poke|p1|Terrakion
|poke|p2|Shuckle, F, shiny
|poke|p2|Nidoking, M, shiny
|poke|p2|Heracross, F
|poke|p2|Honchkrow, F
|poke|p2|Starmie, shiny
|poke|p2|Empoleon, M
|rule|Swagger Clause: Swagger is banned
|rule|Baton Pass Clause: Limit one PokÃ©mon knowing Baton Pass
|rule|Sleep Clause Mod: Limit one foe put to sleep
|rule|Species Clause: Limit one of each PokÃ©mon
|rule|OHKO Clause: OHKO moves are banned
|rule|Moody Clause: Moody is banned
|rule|Evasion Moves Clause: Evasion moves are banned
|rule|Endless Battle Clause: Forcing endless battles is banned
|rule|HP Percentage Mod: HP is shown in percentages
|teampreview
|
|start
|switch|p1a: Terrakion|Terrakion|323\/323
|switch|p2a: Enredadera|Shuckle, F, shiny|244\/244
|turn|1
|
|move|p1a: Terrakion|Stone Edge|p2a: Enredadera
|-supereffective|p2a: Enredadera
|-damage|p2a: Enredadera|98\/244
|move|p2a: Enredadera|Sticky Web|p1a: Terrakion
|-sidestart|p1: Ryuk97|move: Sticky Web
|
|turn|2
|
|move|p1a: Terrakion|Stone Edge|p2a: Enredadera
|-supereffective|p2a: Enredadera
|-damage|p2a: Enredadera|0 fnt
|faint|p2a: Enredadera
|
|
|switch|p2a: Patricio|Starmie, shiny|324\/324
|turn|3
|
|move|p2a: Patricio|Scald|p1a: Terrakion
|-supereffective|p1a: Terrakion
|-damage|p1a: Terrakion|123\/323
|-status|p1a: Terrakion|brn
|move|p1a: Terrakion|Stealth Rock|p2a: Patricio
|-sidestart|p2: Federicoking|move: Stealth Rock
|
|-damage|p1a: Terrakion|83\/323 brn|[from] brn
|turn|4
|c|âFedericoking|Its the first time I burn something since i run starmie
|
|move|p2a: Patricio|Rapid Spin|p1a: Terrakion
|-resisted|p1a: Terrakion
|-damage|p1a: Terrakion|77\/323 brn
|-sideend|p2: Federicoking|Stealth Rock|[from] move: Rapid Spin|[of] p2a: Patricio
|move|p1a: Terrakion|Stone Edge|p2a: Patricio|[miss]
|-miss|p1a: Terrakion|p2a: Patricio
|
|-damage|p1a: Terrakion|37\/323 brn|[from] brn
|turn|5
|
|move|p2a: Patricio|Scald|p1a: Terrakion
|-supereffective|p1a: Terrakion
|-damage|p1a: Terrakion|0 fnt
|faint|p1a: Terrakion
|
|
|switch|p1a: Scizor|Scizor, M|343\/343
|-activate|p1a: Scizor|move: Sticky Web
|-unboost|p1a: Scizor|spe|1
|turn|6
|
|move|p2a: Patricio|Scald|p1a: Scizor
|-damage|p1a: Scizor|234\/343
|move|p1a: Scizor|U-turn|p2a: Patricio
|-crit|p2a: Patricio
|-supereffective|p2a: Patricio
|-damage|p2a: Patricio|0 fnt
|faint|p2a: Patricio
|
|switch|p1a: Diggersby|Diggersby, F|311\/311
|-activate|p1a: Diggersby|move: Sticky Web
|-unboost|p1a: Diggersby|spe|1
|
|
|switch|p2a: Haxacross|Heracross, F|301\/301
|turn|7
|
|detailschange|p2a: Haxacross|Heracross-Mega, F
|-mega|p2a: Haxacross|Heracross|Heracronite
|move|p2a: Haxacross|Bullet Seed|p1a: Diggersby
|-supereffective|p1a: Diggersby
|-damage|p1a: Diggersby|215\/311
|-supereffective|p1a: Diggersby
|-damage|p1a: Diggersby|125\/311
|-supereffective|p1a: Diggersby
|-damage|p1a: Diggersby|33\/311
|-supereffective|p1a: Diggersby
|-damage|p1a: Diggersby|0 fnt
|-hitcount|p1a: Diggersby|4
|faint|p1a: Diggersby
|
|
|switch|p1a: Scizor|Scizor, M|234\/343
|-activate|p1a: Scizor|move: Sticky Web
|-unboost|p1a: Scizor|spe|1
|turn|8
|
|move|p1a: Scizor|Bullet Punch|p2a: Haxacross
|-damage|p2a: Haxacross|132\/301
|move|p2a: Haxacross|Close Combat|p1a: Scizor
|-damage|p1a: Scizor|0 fnt
|-unboost|p2a: Haxacross|def|1
|-unboost|p2a: Haxacross|spd|1
|faint|p1a: Scizor
|
|
|switch|p1a: Raikou|Raikou|321\/321
|-activate|p1a: Raikou|move: Sticky Web
|-unboost|p1a: Raikou|spe|1
|-ability|p1a: Raikou|Pressure
|turn|9
|
|move|p2a: Haxacross|Pin Missile|p1a: Raikou
|-damage|p1a: Raikou|251\/321
|-damage|p1a: Raikou|181\/321
|-damage|p1a: Raikou|106\/321
|-damage|p1a: Raikou|37\/321
|-damage|p1a: Raikou|0 fnt
|-hitcount|p1a: Raikou|5
|faint|p1a: Raikou
|
|
|switch|p1a: Alakazam|Alakazam, M|251\/251
|-activate|p1a: Alakazam|move: Sticky Web
|-unboost|p1a: Alakazam|spe|1
|turn|10
|
|detailschange|p1a: Alakazam|Alakazam-Mega, M
|-mega|p1a: Alakazam|Alakazam|Alakazite
|-ability|p1a: Alakazam|Skill Link|[from] ability: Trace|[of] p2a: Haxacross
|move|p2a: Haxacross|Bullet Seed|p1a: Alakazam
|-damage|p1a: Alakazam|196\/251
|-damage|p1a: Alakazam|142\/251
|-damage|p1a: Alakazam|89\/251
|-damage|p1a: Alakazam|30\/251
|-damage|p1a: Alakazam|0 fnt
|-hitcount|p1a: Alakazam|5
|faint|p1a: Alakazam
|
|
|switch|p1a: Slowbro|Slowbro, M|394\/394
|-activate|p1a: Slowbro|move: Sticky Web
|-unboost|p1a: Slowbro|spe|1
|turn|11
|
|move|p2a: Haxacross|Pin Missile|p1a: Slowbro
|-crit|p1a: Slowbro
|-supereffective|p1a: Slowbro
|-damage|p1a: Slowbro|274\/394
|-supereffective|p1a: Slowbro
|-damage|p1a: Slowbro|194\/394
|-supereffective|p1a: Slowbro
|-damage|p1a: Slowbro|120\/394
|-supereffective|p1a: Slowbro
|-damage|p1a: Slowbro|34\/394
|-supereffective|p1a: Slowbro
|-damage|p1a: Slowbro|0 fnt
|-hitcount|p1a: Slowbro|5
|faint|p1a: Slowbro
|
|win|Federicoking
|raw|Ladder updating...
|raw|Ryuk97's rating: 1609 &rarr; <strong>1582<\/strong><br \/>(-27 for losing)
|raw|Federicoking's rating: 1477 &rarr; <strong>1505<\/strong><br \/>(+28 for winning)
|leave|Ryuk97
|player|p1