|join|supmayne
|join|Playerpichu
|player|p1|supmayne|169
|player|p2|Playerpichu|266
|gametype|singles
|gen|6
|tier|OU
|rated
|clearpoke
|poke|p1|Talonflame, F
|poke|p1|Skarmory, M
|poke|p1|Chansey, F
|poke|p1|Gengar, M
|poke|p1|Slowbro, F
|poke|p1|Greninja, M
|poke|p2|Vivillon, F
|poke|p2|Goodra, M, shiny
|poke|p2|Greninja, M
|poke|p2|Pichu, F, shiny
|poke|p2|Charizard, M, shiny
|poke|p2|Roserade, M, shiny
|rule|Swagger Clause: Swagger is banned
|rule|Baton Pass Clause: Limit one PokÃ©mon knowing Baton Pass
|rule|Sleep Clause Mod: Limit one foe put to sleep
|rule|Species Clause: Limit one of each PokÃ©mon
|rule|OHKO Clause: OHKO moves are banned
|rule|Moody Clause: Moody is banned
|rule|Evasion Moves Clause: Evasion moves are banned
|rule|Endless Battle Clause: Forcing endless battles is banned
|rule|HP Percentage Mod: HP is shown in percentages
|teampreview
|
|start
|switch|p1a: Gengar|Gengar, M|282\/282
|switch|p2a: I Regret Nothing|Pichu, F, shiny|211\/211
|turn|1
|
|switch|p1a: Chansey|Chansey, F|704\/704
|move|p2a: I Regret Nothing|Sweet Kiss|p1a: Chansey|[miss]
|-miss|p2a: I Regret Nothing|p1a: Chansey
|
|turn|2
|
|move|p2a: I Regret Nothing|Sweet Kiss|p1a: Chansey
|-start|p1a: Chansey|confusion
|-activate|p1a: Chansey|confusion
|-damage|p1a: Chansey|697\/704|[from] confusion
|
|turn|3
|
|switch|p2a: Jasper|Roserade, M, shiny|261\/261
|-activate|p1a: Chansey|confusion
|move|p1a: Chansey|Toxic|p2a: Jasper
|-fail|p2a: Jasper
|
|turn|4
|
|switch|p1a: Skarmory|Skarmory, M|334\/334
|move|p2a: Jasper|Toxic Spikes|p1a: Skarmory
|-sidestart|p1: supmayne|move: Toxic Spikes
|
|turn|5
|
|move|p2a: Jasper|Toxic Spikes|p1a: Skarmory
|-sidestart|p1: supmayne|move: Toxic Spikes
|move|p1a: Skarmory|Defog|p2a: Jasper
|-unboost|p2a: Jasper|evasion|1
|-sideend|p1: supmayne|Toxic Spikes|[from] move: Defog|[of] p1a: Skarmory
|
|turn|6
|
|move|p2a: Jasper|Giga Drain|p1a: Skarmory
|-crit|p1a: Skarmory
|-resisted|p1a: Skarmory
|-damage|p1a: Skarmory|252\/334
|-damage|p2a: Jasper|235\/261|[from] item: Life Orb
|move|p1a: Skarmory|Whirlwind|p2a: Jasper
|drag|p2a: Lucy|Vivillon, F|322\/322
|
|turn|7
|
|move|p2a: Lucy|Sleep Powder|p1a: Skarmory
|-status|p1a: Skarmory|slp
|cant|p1a: Skarmory|slp
|
|turn|8
|
|switch|p1a: Chansey|Chansey, F|697\/704
|move|p2a: Lucy|Quiver Dance|p2a: Lucy
|-boost|p2a: Lucy|spa|1
|-boost|p2a: Lucy|spd|1
|-boost|p2a: Lucy|spe|1
|
|turn|9
|
|move|p2a: Lucy|Quiver Dance|p2a: Lucy
|-boost|p2a: Lucy|spa|1
|-boost|p2a: Lucy|spd|1
|-boost|p2a: Lucy|spe|1
|move|p1a: Chansey|Toxic|p2a: Lucy
|-status|p2a: Lucy|tox
|
|-damage|p2a: Lucy|302\/322 tox|[from] psn
|turn|10
|
|move|p2a: Lucy|Hurricane|p1a: Chansey
|-damage|p1a: Chansey|538\/704
|-start|p1a: Chansey|confusion
|-activate|p1a: Chansey|confusion
|move|p1a: Chansey|Seismic Toss|p2a: Lucy
|-damage|p2a: Lucy|202\/322 tox
|
|-damage|p2a: Lucy|162\/322 tox|[from] psn
|turn|11
|
|move|p2a: Lucy|Bug Buzz|p1a: Chansey
|-damage|p1a: Chansey|411\/704
|-activate|p1a: Chansey|confusion
|move|p1a: Chansey|Soft-Boiled|p1a: Chansey
|-heal|p1a: Chansey|704\/704
|
|-damage|p2a: Lucy|102\/322 tox|[from] psn
|turn|12
|
|move|p2a: Lucy|Quiver Dance|p2a: Lucy
|-boost|p2a: Lucy|spa|1
|-boost|p2a: Lucy|spd|1
|-boost|p2a: Lucy|spe|1
|-end|p1a: Chansey|confusion
|move|p1a: Chansey|Aromatherapy|p1a: Chansey
|-cureteam|p1a: Chansey|[from] move: Aromatherapy
|
|-damage|p2a: Lucy|22\/322 tox|[from] psn
|turn|13
|
|move|p2a: Lucy|Sleep Powder|p1a: Chansey
|-status|p1a: Chansey|slp
|cant|p1a: Chansey|slp
|
|-damage|p2a: Lucy|0 fnt|[from] psn
|faint|p2a: Lucy
|
|switch|p2a: Zuko|Charizard, M, shiny|333\/333
|turn|14
|
|switch|p1a: Slowbro|Slowbro, F|394\/394
|detailschange|p2a: Zuko|Charizard-Mega-X, M, shiny
|message|Charizard has Mega Evolved into Mega Charizard!
|move|p2a: Zuko|Dragon Dance|p2a: Zuko
|-boost|p2a: Zuko|atk|1
|-boost|p2a: Zuko|spe|1
|
|turn|15
|
|detailschange|p1a: Slowbro|Slowbro-Mega, F
|message|Slowbro has Mega Evolved into Mega Slowbro!
|move|p2a: Zuko|Dragon Claw|p1a: Slowbro
|-damage|p1a: Slowbro|240\/394
|move|p1a: Slowbro|Scald|p2a: Zuko
|-damage|p2a: Zuko|192\/333
|
|turn|16
|
|move|p2a: Zuko|Dragon Dance|p2a: Zuko
|-boost|p2a: Zuko|atk|1
|-boost|p2a: Zuko|spe|1
|move|p1a: Slowbro|Rest|p1a: Slowbro
|-status|p1a: Slowbro|slp
|-heal|p1a: Slowbro|394\/394 slp|[silent]
|-status|p1a: Slowbro|slp|[from] move: Rest
|
|turn|17
|
|switch|p1a: Skarmory|Skarmory, M|252\/334
|move|p2a: Zuko|Roost|p2a: Zuko
|-heal|p2a: Zuko|333\/333
|
|turn|18
|
|move|p2a: Zuko|Fire Punch|p1a: Skarmory
|-supereffective|p1a: Skarmory
|-damage|p1a: Skarmory|0 fnt
|-damage|p2a: Zuko|278\/333|[from] item: Rocky Helmet|[of] p1a: Skarmory
|faint|p1a: Skarmory
|
|
|switch|p1a: Talonflame|Talonflame, F|298\/298
|turn|19
|
|move|p2a: Zuko|Dragon Claw|p1a: Talonflame
|-damage|p1a: Talonflame|0 fnt
|faint|p1a: Talonflame
|
|-message|supmayne forfeited.
|
|win|Playerpichu
|raw|Ladder updating...
|leave|supmayne
|player|p1
|raw|supmayne's rating: 1135 &rarr; <strong>1112<\/strong><br \/>(-23 for losing)
|raw|Playerpichu's rating: 1160 &rarr; <strong>1183<\/strong><br \/>(+23 for winning)