|join|supmayne
|join|wat am i do
|player|p1|supmayne|2
|player|p2|wat am i do|279
|gametype|singles
|gen|6
|tier|OU
|rated
|clearpoke
|poke|p1|Skarmory, F
|poke|p1|Heatran, M
|poke|p1|Garchomp, M
|poke|p1|Slowbro, F
|poke|p1|Chansey, F
|poke|p1|Gengar, F
|poke|p2|Slowbro, F, shiny
|poke|p2|Amoonguss, F, shiny
|poke|p2|Excadrill, M
|poke|p2|Talonflame, F
|poke|p2|Rotom-Wash
|poke|p2|Greninja, M
|rule|Swagger Clause: Swagger is banned
|rule|Baton Pass Clause: Limit one PokÃ©mon knowing Baton Pass
|rule|Sleep Clause Mod: Limit one foe put to sleep
|rule|Species Clause: Limit one of each PokÃ©mon
|rule|OHKO Clause: OHKO moves are banned
|rule|Moody Clause: Moody is banned
|rule|Evasion Moves Clause: Evasion moves are banned
|rule|Endless Battle Clause: Forcing endless battles is banned
|rule|HP Percentage Mod: HP is shown in percentages
|teampreview
|
|start
|switch|p1a: Chansey|Chansey, F|704\/704
|switch|p2a: Talonflame|Talonflame, F|298\/298
|turn|1
|
|switch|p1a: Heatran|Heatran, M|386\/386
|move|p2a: Talonflame|U-turn|p1a: Heatran
|-resisted|p1a: Heatran
|-damage|p1a: Heatran|364\/386
|
|switch|p2a: Rotom-Wash|Rotom-Wash|304\/304
|
|-heal|p1a: Heatran|386\/386|[from] item: Leftovers
|turn|2
|
|switch|p1a: Chansey|Chansey, F|704\/704
|move|p2a: Rotom-Wash|Volt Switch|p1a: Chansey
|-damage|p1a: Chansey|649\/704
|
|switch|p2a: Excadrill|Excadrill, M|362\/362
|-ability|p2a: Excadrill|Mold Breaker
|
|turn|3
|
|switch|p1a: Skarmory|Skarmory, F|334\/334
|move|p2a: Excadrill|Rock Slide|p1a: Skarmory
|-damage|p1a: Skarmory|281\/334
|
|turn|4
|
|switch|p2a: Talonflame|Talonflame, F|298\/298
|move|p1a: Skarmory|Spikes|p2a: Talonflame
|-sidestart|p2: wat am i do|Spikes
|
|turn|5
|
|switch|p1a: Heatran|Heatran, M|386\/386
|move|p2a: Talonflame|U-turn|p1a: Heatran
|-resisted|p1a: Heatran
|-damage|p1a: Heatran|362\/386
|
|switch|p2a: Rotom-Wash|Rotom-Wash|304\/304
|
|-heal|p1a: Heatran|386\/386|[from] item: Leftovers
|turn|6
|
|switch|p1a: Chansey|Chansey, F|649\/704
|move|p2a: Rotom-Wash|Hydro Pump|p1a: Chansey
|-damage|p1a: Chansey|556\/704
|
|turn|7
|
|move|p2a: Rotom-Wash|Will-O-Wisp|p1a: Chansey
|-status|p1a: Chansey|brn
|move|p1a: Chansey|Seismic Toss|p2a: Rotom-Wash
|-damage|p2a: Rotom-Wash|204\/304
|
|-heal|p2a: Rotom-Wash|223\/304|[from] item: Leftovers
|-damage|p1a: Chansey|468\/704 brn|[from] brn
|turn|8
|
|move|p2a: Rotom-Wash|Volt Switch|p1a: Chansey
|-damage|p1a: Chansey|413\/704 brn
|
|switch|p2a: Excadrill|Excadrill, M|362\/362
|-damage|p2a: Excadrill|317\/362|[from] Spikes
|-ability|p2a: Excadrill|Mold Breaker
|move|p1a: Chansey|Soft-Boiled|p1a: Chansey
|-heal|p1a: Chansey|704\/704 brn
|
|-damage|p1a: Chansey|616\/704 brn|[from] brn
|turn|9
|
|switch|p1a: Skarmory|Skarmory, F|281\/334
|move|p2a: Excadrill|Rapid Spin|p1a: Skarmory
|-resisted|p1a: Skarmory
|-damage|p1a: Skarmory|273\/334
|-damage|p2a: Excadrill|257\/362|[from] item: Rocky Helmet|[of] p1a: Skarmory
|-sideend|p2: wat am i do|Spikes|[from] move: Rapid Spin|[of] p2a: Excadrill
|
|turn|10
|
|switch|p2a: Amoonguss|Amoonguss, F, shiny|432\/432
|move|p1a: Skarmory|Whirlwind|p2a: Amoonguss
|drag|p2a: Excadrill|Excadrill, M|257\/362
|-ability|p2a: Excadrill|Mold Breaker
|
|turn|11
|
|move|p2a: Excadrill|Rock Slide|p1a: Skarmory
|-damage|p1a: Skarmory|220\/334
|cant|p1a: Skarmory|flinch
|
|turn|12
|
|switch|p2a: Greninja|Greninja, M|285\/285
|move|p1a: Skarmory|Spikes|p2a: Greninja
|-sidestart|p2: wat am i do|Spikes
|
|turn|13
|
|switch|p1a: Chansey|Chansey, F|616\/704
|move|p2a: Greninja|Hydro Pump|p1a: Chansey
|-start|p2a: Greninja|typechange|Water|[from] Protean
|-damage|p1a: Chansey|519\/704
|
|turn|14
|
|move|p2a: Greninja|Gunk Shot|p1a: Chansey|[miss]
|-start|p2a: Greninja|typechange|Poison|[from] Protean
|-miss|p2a: Greninja|p1a: Chansey
|move|p1a: Chansey|Toxic|p2a: Greninja
|-fail|p2a: Greninja
|
|turn|15
|
|switch|p1a: Skarmory|Skarmory, F|220\/334
|move|p2a: Greninja|Gunk Shot|p1a: Skarmory
|-immune|p1a: Skarmory|[msg]
|
|turn|16
|
|switch|p1a: Chansey|Chansey, F|519\/704
|move|p2a: Greninja|Hidden Power|p1a: Chansey
|-start|p2a: Greninja|typechange|Fire|[from] Protean
|-crit|p1a: Chansey
|-damage|p1a: Chansey|423\/704
|
|turn|17
|
|move|p2a: Greninja|Gunk Shot|p1a: Chansey
|-start|p2a: Greninja|typechange|Poison|[from] Protean
|-damage|p1a: Chansey|255\/704
|move|p1a: Chansey|Soft-Boiled|p1a: Chansey
|-heal|p1a: Chansey|607\/704
|
|turn|18
|
|switch|p2a: Talonflame|Talonflame, F|298\/298
|move|p1a: Chansey|Seismic Toss|p2a: Talonflame
|-damage|p2a: Talonflame|198\/298
|
|turn|19
|
|move|p2a: Talonflame|U-turn|p1a: Chansey
|-damage|p1a: Chansey|472\/704
|
|switch|p2a: Excadrill|Excadrill, M|257\/362
|-damage|p2a: Excadrill|212\/362|[from] Spikes
|-ability|p2a: Excadrill|Mold Breaker
|move|p1a: Chansey|Seismic Toss|p2a: Excadrill
|-damage|p2a: Excadrill|112\/362
|
|turn|20
|
|move|p2a: Excadrill|Rapid Spin|p1a: Chansey
|-crit|p1a: Chansey
|-damage|p1a: Chansey|423\/704
|-sideend|p2: wat am i do|Spikes|[from] move: Rapid Spin|[of] p2a: Excadrill
|move|p1a: Chansey|Seismic Toss|p2a: Excadrill
|-damage|p2a: Excadrill|12\/362
|
|turn|21
|
|switch|p2a: Amoonguss|Amoonguss, F, shiny|432\/432
|move|p1a: Chansey|Seismic Toss|p2a: Amoonguss
|-damage|p2a: Amoonguss|332\/432
|
|-heal|p2a: Amoonguss|359\/432|[from] item: Black Sludge
|turn|22
|
|switch|p1a: Slowbro|Slowbro, F|394\/394
|move|p2a: Amoonguss|Spore|p1a: Slowbro
|-status|p1a: Slowbro|slp
|
|-heal|p2a: Amoonguss|386\/432|[from] item: Black Sludge
|turn|23
|
|switch|p1a: Heatran|Heatran, M|386\/386
|move|p2a: Amoonguss|Foul Play|p1a: Heatran
|-damage|p1a: Heatran|324\/386
|
|-heal|p1a: Heatran|348\/386|[from] item: Leftovers
|-heal|p2a: Amoonguss|413\/432|[from] item: Black Sludge
|turn|24
|
|switch|p2a: Rotom-Wash|Rotom-Wash|223\/304
|move|p1a: Heatran|Stealth Rock|p2a: Rotom-Wash
|-sidestart|p2: wat am i do|move: Stealth Rock
|
|-heal|p2a: Rotom-Wash|242\/304|[from] item: Leftovers
|-heal|p1a: Heatran|372\/386|[from] item: Leftovers
|turn|25
|
|switch|p1a: Chansey|Chansey, F|423\/704
|move|p2a: Rotom-Wash|Hydro Pump|p1a: Chansey
|-damage|p1a: Chansey|342\/704
|
|-heal|p2a: Rotom-Wash|261\/304|[from] item: Leftovers
|turn|26
|
|move|p2a: Rotom-Wash|Will-O-Wisp|p1a: Chansey
|-status|p1a: Chansey|brn
|move|p1a: Chansey|Soft-Boiled|p1a: Chansey
|-heal|p1a: Chansey|694\/704 brn
|
|-heal|p2a: Rotom-Wash|280\/304|[from] item: Leftovers
|-damage|p1a: Chansey|606\/704 brn|[from] brn
|turn|27
|
|switch|p1a: Slowbro|Slowbro, F|394\/394 slp
|move|p2a: Rotom-Wash|Hydro Pump|p1a: Slowbro
|-resisted|p1a: Slowbro
|-damage|p1a: Slowbro|307\/394 slp
|
|-heal|p2a: Rotom-Wash|299\/304|[from] item: Leftovers
|turn|28
|
|switch|p1a: Garchomp|Garchomp, M|358\/358
|move|p2a: Rotom-Wash|Volt Switch|p1a: Garchomp
|-immune|p1a: Garchomp|[msg]
|
|-heal|p2a: Rotom-Wash|304\/304|[from] item: Leftovers
|turn|29
|
|switch|p1a: Chansey|Chansey, F|606\/704
|move|p2a: Rotom-Wash|Will-O-Wisp|p1a: Chansey
|-status|p1a: Chansey|brn
|
|-damage|p1a: Chansey|518\/704 brn|[from] brn
|turn|30
|
|switch|p1a: Gengar|Gengar, F|324\/324
|move|p2a: Rotom-Wash|Will-O-Wisp|p1a: Gengar
|-status|p1a: Gengar|brn
|
|-damage|p1a: Gengar|284\/324 brn|[from] brn
|turn|31
|
|move|p1a: Gengar|Substitute|p1a: Gengar
|-start|p1a: Gengar|Substitute
|-damage|p1a: Gengar|203\/324 brn
|move|p2a: Rotom-Wash|Volt Switch|p1a: Gengar
|-end|p1a: Gengar|Substitute
|
|switch|p2a: Greninja|Greninja, M|285\/285
|-damage|p2a: Greninja|250\/285|[from] Stealth Rock
|
|-heal|p1a: Gengar|223\/324 brn|[from] item: Black Sludge
|-damage|p1a: Gengar|183\/324 brn|[from] brn
|turn|32
|
|move|p2a: Greninja|Ice Beam|p1a: Gengar
|-start|p2a: Greninja|typechange|Ice|[from] Protean
|-damage|p1a: Gengar|11\/324 brn
|move|p1a: Gengar|Hex|p2a: Greninja
|-damage|p2a: Greninja|114\/285
|
|-heal|p1a: Gengar|31\/324 brn|[from] item: Black Sludge
|-damage|p1a: Gengar|0 fnt|[from] brn
|faint|p1a: Gengar
|
|switch|p1a: Garchomp|Garchomp, M|358\/358
|turn|33
|
|switch|p2a: Slowbro|Slowbro, F, shiny|394\/394
|-damage|p2a: Slowbro|345\/394|[from] Stealth Rock
|move|p1a: Garchomp|Earthquake|p2a: Slowbro
|-damage|p2a: Slowbro|218\/394
|
|turn|34
|
|switch|p1a: Slowbro|Slowbro, F|307\/394 slp
|detailschange|p2a: Slowbro|Slowbro-Mega, F, shiny
|message|Slowbro has Mega Evolved into Mega Slowbro!
|move|p2a: Slowbro|Rest|p2a: Slowbro
|-status|p2a: Slowbro|slp
|-heal|p2a: Slowbro|394\/394 slp|[silent]
|-status|p2a: Slowbro|slp|[from] move: Rest
|
|turn|35
|
|cant|p2a: Slowbro|slp
|cant|p1a: Slowbro|slp
|move|p1a: Slowbro|Sleep Talk|p1a: Slowbro
|move|p1a: Slowbro|Rest|p1a: Slowbro|[from]Sleep Talk
|-fail|p1a: Slowbro
|
|turn|36
|
|cant|p2a: Slowbro|slp
|move|p2a: Slowbro|Sleep Talk|p2a: Slowbro
|move|p2a: Slowbro|Scald|p1a: Slowbro|[from]Sleep Talk
|-resisted|p1a: Slowbro
|-damage|p1a: Slowbro|232\/394 slp
|-curestatus|p1a: Slowbro|slp
|move|p1a: Slowbro|Sleep Talk|p1a: Slowbro
|-fail|p1a: Slowbro
|
|turn|37
|
|-curestatus|p2a: Slowbro|slp
|move|p2a: Slowbro|Sleep Talk|p2a: Slowbro
|-fail|p2a: Slowbro
|move|p1a: Slowbro|Calm Mind|p1a: Slowbro
|-boost|p1a: Slowbro|spa|1
|-boost|p1a: Slowbro|spd|1
|
|turn|38
|
|switch|p2a: Amoonguss|Amoonguss, F, shiny|432\/432
|-damage|p2a: Amoonguss|378\/432|[from] Stealth Rock
|move|p1a: Slowbro|Calm Mind|p1a: Slowbro
|-boost|p1a: Slowbro|spa|1
|-boost|p1a: Slowbro|spd|1
|
|-heal|p2a: Amoonguss|405\/432|[from] item: Black Sludge
|turn|39
|
|switch|p1a: Chansey|Chansey, F|518\/704
|move|p2a: Amoonguss|Clear Smog|p1a: Chansey
|-damage|p1a: Chansey|484\/704
|-clearboost|p1a: Chansey
|
|-heal|p2a: Amoonguss|432\/432|[from] item: Black Sludge
|turn|40
|
|move|p1a: Chansey|Seismic Toss|p2a: Amoonguss
|-damage|p2a: Amoonguss|332\/432
|move|p2a: Amoonguss|Spore|p1a: Chansey
|-status|p1a: Chansey|slp
|
|-heal|p2a: Amoonguss|359\/432|[from] item: Black Sludge
|turn|41
|
|switch|p1a: Heatran|Heatran, M|372\/386
|move|p2a: Amoonguss|Foul Play|p1a: Heatran
|-damage|p1a: Heatran|316\/386
|
|-heal|p1a: Heatran|340\/386|[from] item: Leftovers
|-heal|p2a: Amoonguss|386\/432|[from] item: Black Sludge
|turn|42
|
|switch|p2a: Rotom-Wash|Rotom-Wash|304\/304
|-damage|p2a: Rotom-Wash|266\/304|[from] Stealth Rock
|move|p1a: Heatran|Roar|p2a: Rotom-Wash
|drag|p2a: Amoonguss|Amoonguss, F, shiny|432\/432
|-damage|p2a: Amoonguss|378\/432|[from] Stealth Rock
|
|-heal|p1a: Heatran|364\/386|[from] item: Leftovers
|-heal|p2a: Amoonguss|405\/432|[from] item: Black Sludge
|turn|43
|
|move|p1a: Heatran|Lava Plume|p2a: Amoonguss
|-supereffective|p2a: Amoonguss
|-damage|p2a: Amoonguss|165\/432
|-status|p2a: Amoonguss|brn
|move|p2a: Amoonguss|Spore|p1a: Heatran
|-status|p1a: Heatran|slp
|
|-heal|p1a: Heatran|386\/386 slp|[from] item: Leftovers
|-heal|p2a: Amoonguss|192\/432 brn|[from] item: Black Sludge
|-damage|p2a: Amoonguss|138\/432 brn|[from] brn
|turn|44
|
|cant|p1a: Heatran|slp
|move|p2a: Amoonguss|Giga Drain|p1a: Heatran
|-resisted|p1a: Heatran
|-damage|p1a: Heatran|373\/386 slp
|-heal|p2a: Amoonguss|145\/432 brn|[from] drain|[of] p1a: Heatran
|
|-heal|p1a: Heatran|386\/386 slp|[from] item: Leftovers
|-heal|p2a: Amoonguss|172\/432 brn|[from] item: Black Sludge
|-damage|p2a: Amoonguss|118\/432 brn|[from] brn
|turn|45
|
|switch|p2a: Slowbro|Slowbro-Mega, F, shiny|394\/394
|-damage|p2a: Slowbro|345\/394|[from] Stealth Rock
|cant|p1a: Heatran|slp
|
|turn|46
|
|switch|p1a: Skarmory|Skarmory, F|220\/334
|move|p2a: Slowbro|Calm Mind|p2a: Slowbro
|-boost|p2a: Slowbro|spa|1
|-boost|p2a: Slowbro|spd|1
|
|turn|47
|
|move|p1a: Skarmory|Spikes|p2a: Slowbro
|-sidestart|p2: wat am i do|Spikes
|move|p2a: Slowbro|Scald|p1a: Skarmory
|-damage|p1a: Skarmory|0 fnt
|faint|p1a: Skarmory
|
|
|switch|p1a: Chansey|Chansey, F|484\/704
|turn|48
|
|move|p1a: Chansey|Aromatherapy|p1a: Chansey
|-cureteam|p1a: Chansey|[from] move: Aromatherapy
|move|p2a: Slowbro|Calm Mind|p2a: Slowbro
|-boost|p2a: Slowbro|spa|1
|-boost|p2a: Slowbro|spd|1
|
|turn|49
|
|move|p1a: Chansey|Toxic|p2a: Slowbro
|-status|p2a: Slowbro|tox
|move|p2a: Slowbro|Calm Mind|p2a: Slowbro
|-boost|p2a: Slowbro|spa|1
|-boost|p2a: Slowbro|spd|1
|
|-damage|p2a: Slowbro|321\/394 tox|[from] psn
|turn|50
|
|move|p1a: Chansey|Seismic Toss|p2a: Slowbro
|-damage|p2a: Slowbro|221\/394 tox
|move|p2a: Slowbro|Calm Mind|p2a: Slowbro
|-boost|p2a: Slowbro|spa|1
|-boost|p2a: Slowbro|spd|1
|
|-damage|p2a: Slowbro|173\/394 tox|[from] psn
|turn|51
|
|move|p1a: Chansey|Seismic Toss|p2a: Slowbro
|-damage|p2a: Slowbro|73\/394 tox
|move|p2a: Slowbro|Rest|p2a: Slowbro
|-status|p2a: Slowbro|slp
|-heal|p2a: Slowbro|394\/394 slp|[silent]
|-status|p2a: Slowbro|slp|[from] move: Rest
|
|turn|52
|
|switch|p1a: Garchomp|Garchomp, M|358\/358
|cant|p2a: Slowbro|slp
|move|p2a: Slowbro|Sleep Talk|p2a: Slowbro
|move|p2a: Slowbro|Scald|p1a: Garchomp|[from]Sleep Talk
|-damage|p1a: Garchomp|0 fnt
|faint|p1a: Garchomp
|
|-message|supmayne forfeited.
|
|win|wat am i do
|raw|Ladder updating...
|leave|supmayne
|player|p1
|raw|supmayne's rating: 1158 &rarr; <strong>1136<\/strong><br \/>(-22 for losing)
|raw|wat am i do's rating: 1194 &rarr; <strong>1216<\/strong><br \/>(+22 for winning)