|join|vvThat
|join|SupMayne
|player|p1|vvThat|186
|player|p2|SupMayne|266
|gametype|singles
|gen|6
|tier|OU
|rated
|clearpoke
|poke|p1|Steelix, F
|poke|p1|Gastrodon, M
|poke|p1|Clefable, M
|poke|p1|Tyranitar, M
|poke|p1|Heracross, M
|poke|p1|Zapdos
|poke|p2|Chansey, F
|poke|p2|Excadrill, M
|poke|p2|Skarmory, F
|poke|p2|Heatran, M
|poke|p2|Clefable, F
|poke|p2|Venusaur, M
|rule|Swagger Clause: Swagger is banned
|rule|Baton Pass Clause: Limit one PokÃ©mon knowing Baton Pass
|rule|Sleep Clause Mod: Limit one foe put to sleep
|rule|Species Clause: Limit one of each PokÃ©mon
|rule|OHKO Clause: OHKO moves are banned
|rule|Moody Clause: Moody is banned
|rule|Evasion Moves Clause: Evasion moves are banned
|rule|Endless Battle Clause: Forcing endless battles is banned
|rule|HP Percentage Mod: HP is shown in percentages
|teampreview
|
|start
|switch|p1a: Heracross|Heracross, M|364\/364
|switch|p2a: Venusaur|Venusaur, M|363\/363
|turn|1
|
|detailschange|p2a: Venusaur|Venusaur-Mega, M
|-mega|p2a: Venusaur|Venusaur|Venusaurite
|move|p1a: Heracross|Megahorn|p2a: Venusaur
|-damage|p2a: Venusaur|152\/363
|move|p2a: Venusaur|Leech Seed|p1a: Heracross
|-start|p1a: Heracross|move: Leech Seed
|
|-damage|p1a: Heracross|319\/364|[from] Leech Seed|[of] p2a: Venusaur
|-heal|p2a: Venusaur|197\/363|[silent]
|turn|2
|
|switch|p1a: Zapdos|Zapdos|384\/384
|-ability|p1a: Zapdos|Pressure
|switch|p2a: Skarmory|Skarmory, F|333\/333
|
|turn|3
|
|switch|p2a: Chansey|Chansey, F|642\/642
|move|p1a: Zapdos|Thunderbolt|p2a: Chansey
|-damage|p2a: Chansey|587\/642
|
|turn|4
|
|switch|p1a: Heracross|Heracross, M|319\/364
|move|p2a: Chansey|Seismic Toss|p1a: Heracross
|-damage|p1a: Heracross|219\/364
|
|turn|5
|
|switch|p2a: Skarmory|Skarmory, F|333\/333
|move|p1a: Heracross|Close Combat|p2a: Skarmory
|-damage|p2a: Skarmory|135\/333
|-damage|p1a: Heracross|159\/364|[from] item: Rocky Helmet|[of] p2a: Skarmory
|-unboost|p1a: Heracross|def|1
|-unboost|p1a: Heracross|spd|1
|
|turn|6
|
|switch|p2a: Clefable|Clefable, F|394\/394
|move|p1a: Heracross|Close Combat|p2a: Clefable
|-resisted|p2a: Clefable
|-damage|p2a: Clefable|248\/394
|-unboost|p1a: Heracross|def|1
|-unboost|p1a: Heracross|spd|1
|
|-heal|p2a: Clefable|272\/394|[from] item: Leftovers
|turn|7
|
|switch|p1a: Steelix|Steelix, F|354\/354
|move|p2a: Clefable|Flamethrower|p1a: Steelix
|-supereffective|p1a: Steelix
|-damage|p1a: Steelix|166\/354
|
|-heal|p2a: Clefable|296\/394|[from] item: Leftovers
|turn|8
|
|switch|p2a: Skarmory|Skarmory, F|135\/333
|switch|p1a: Gastrodon|Gastrodon, M|426\/426
|
|turn|9
|
|switch|p2a: Chansey|Chansey, F|587\/642
|move|p1a: Gastrodon|Earth Power|p2a: Chansey
|-crit|p2a: Chansey
|-damage|p2a: Chansey|521\/642
|
|turn|10
|
|move|p2a: Chansey|Seismic Toss|p1a: Gastrodon
|-damage|p1a: Gastrodon|326\/426
|move|p1a: Gastrodon|Toxic|p2a: Chansey|[miss]
|-miss|p1a: Gastrodon|p2a: Chansey
|
|turn|11
|
|switch|p2a: Skarmory|Skarmory, F|135\/333
|switch|p1a: Clefable|Clefable, M|394\/394
|
|turn|12
|
|switch|p2a: Chansey|Chansey, F|521\/642
|switch|p1a: Zapdos|Zapdos|384\/384
|-ability|p1a: Zapdos|Pressure
|
|turn|13
|
|switch|p1a: Clefable|Clefable, M|394\/394
|move|p2a: Chansey|Seismic Toss|p1a: Clefable
|-damage|p1a: Clefable|294\/394
|
|-heal|p1a: Clefable|318\/394|[from] item: Leftovers
|turn|14
|
|switch|p1a: Tyranitar|Tyranitar, M|404\/404
|-weather|Sandstorm
|move|p2a: Chansey|Thunder Wave|p1a: Tyranitar
|-status|p1a: Tyranitar|par
|
|-weather|Sandstorm|[upkeep]
|-damage|p2a: Chansey|481\/642|[from] sandstorm
|turn|15
|
|switch|p2a: Skarmory|Skarmory, F|135\/333
|cant|p1a: Tyranitar|par
|
|-weather|Sandstorm|[upkeep]
|turn|16
|
|move|p2a: Skarmory|Roost|p2a: Skarmory
|-heal|p2a: Skarmory|302\/333
|move|p1a: Tyranitar|Fire Blast|p2a: Skarmory
|-supereffective|p2a: Skarmory
|-damage|p2a: Skarmory|84\/333
|
|-weather|Sandstorm|[upkeep]
|turn|17
|
|switch|p2a: Clefable|Clefable, F|296\/394
|move|p1a: Tyranitar|Stealth Rock|p2a: Clefable
|-sidestart|p2: SupMayne|move: Stealth Rock
|
|-weather|Sandstorm|[upkeep]
|-heal|p2a: Clefable|320\/394|[from] item: Leftovers
|turn|18
|
|move|p2a: Clefable|Calm Mind|p2a: Clefable
|-boost|p2a: Clefable|spa|1
|-boost|p2a: Clefable|spd|1
|cant|p1a: Tyranitar|par
|
|-weather|none
|-heal|p2a: Clefable|344\/394|[from] item: Leftovers
|turn|19
|
|move|p2a: Clefable|Calm Mind|p2a: Clefable
|-boost|p2a: Clefable|spa|1
|-boost|p2a: Clefable|spd|1
|cant|p1a: Tyranitar|par
|
|-heal|p2a: Clefable|368\/394|[from] item: Leftovers
|turn|20
|
|move|p2a: Clefable|Calm Mind|p2a: Clefable
|-boost|p2a: Clefable|spa|1
|-boost|p2a: Clefable|spd|1
|move|p1a: Tyranitar|Thunder Wave|p2a: Clefable
|-status|p2a: Clefable|par
|
|-heal|p2a: Clefable|392\/394 par|[from] item: Leftovers
|turn|21
|
|switch|p1a: Gastrodon|Gastrodon, M|326\/426
|move|p2a: Clefable|Flamethrower|p1a: Gastrodon
|-resisted|p1a: Gastrodon
|-damage|p1a: Gastrodon|263\/426
|
|-heal|p2a: Clefable|394\/394 par|[from] item: Leftovers
|turn|22
|
|move|p1a: Gastrodon|Recover|p1a: Gastrodon
|-heal|p1a: Gastrodon|426\/426
|move|p2a: Clefable|Calm Mind|p2a: Clefable
|-boost|p2a: Clefable|spa|1
|-boost|p2a: Clefable|spd|1
|
|turn|23
|
|switch|p1a: Tyranitar|Tyranitar, M|404\/404 par
|-weather|Sandstorm
|move|p2a: Clefable|Calm Mind|p2a: Clefable
|-boost|p2a: Clefable|spa|1
|-boost|p2a: Clefable|spd|1
|
|-weather|Sandstorm|[upkeep]
|turn|24
|
|move|p2a: Clefable|Calm Mind|p2a: Clefable
|-boost|p2a: Clefable|spa|1
|-boost|p2a: Clefable|spd|1
|move|p1a: Tyranitar|Stone Edge|p2a: Clefable
|-damage|p2a: Clefable|252\/394 par
|
|-weather|Sandstorm|[upkeep]
|-heal|p2a: Clefable|276\/394 par|[from] item: Leftovers
|turn|25
|
|move|p2a: Clefable|Moonblast|p1a: Tyranitar
|-supereffective|p1a: Tyranitar
|-enditem|p1a: Tyranitar|Focus Sash
|-damage|p1a: Tyranitar|1\/404 par
|cant|p1a: Tyranitar|par
|
|-weather|Sandstorm|[upkeep]
|-heal|p2a: Clefable|300\/394 par|[from] item: Leftovers
|turn|26
|c|âSupMayne|da fuk sash?
|
|move|p2a: Clefable|Moonblast|p1a: Tyranitar
|-supereffective|p1a: Tyranitar
|-damage|p1a: Tyranitar|0 fnt
|faint|p1a: Tyranitar
|
|-weather|Sandstorm|[upkeep]
|-heal|p2a: Clefable|324\/394 par|[from] item: Leftovers
|
|switch|p1a: Steelix|Steelix, F|166\/354
|turn|27
|
|detailschange|p1a: Steelix|Steelix-Mega, F
|-mega|p1a: Steelix|Steelix|Steelixite
|move|p1a: Steelix|Heavy Slam|p2a: Clefable
|-supereffective|p2a: Clefable
|-damage|p2a: Clefable|0 fnt
|faint|p2a: Clefable
|
|-weather|none
|
|switch|p2a: Heatran|Heatran, M|386\/386
|-damage|p2a: Heatran|338\/386|[from] Stealth Rock
|turn|28
|
|move|p2a: Heatran|Lava Plume|p1a: Steelix
|-supereffective|p1a: Steelix
|-damage|p1a: Steelix|0 fnt
|faint|p1a: Steelix
|
|-heal|p2a: Heatran|362\/386|[from] item: Leftovers
|
|switch|p1a: Heracross|Heracross, M|159\/364
|turn|29
|
|switch|p2a: Skarmory|Skarmory, F|84\/333
|-damage|p2a: Skarmory|43\/333|[from] Stealth Rock
|move|p1a: Heracross|Close Combat|p2a: Skarmory
|-damage|p2a: Skarmory|0 fnt
|-damage|p1a: Heracross|99\/364|[from] item: Rocky Helmet|[of] p2a: Skarmory
|-unboost|p1a: Heracross|def|1
|-unboost|p1a: Heracross|spd|1
|faint|p2a: Skarmory
|
|
|switch|p2a: Excadrill|Excadrill, M|361\/361
|-damage|p2a: Excadrill|350\/361|[from] Stealth Rock
|-ability|p2a: Excadrill|Mold Breaker
|turn|30
|
|switch|p1a: Zapdos|Zapdos|384\/384
|-ability|p1a: Zapdos|Pressure
|move|p2a: Excadrill|Iron Head|p1a: Zapdos
|-resisted|p1a: Zapdos
|-damage|p1a: Zapdos|317\/384
|-damage|p2a: Excadrill|290\/361|[from] item: Rocky Helmet|[of] p1a: Zapdos
|
|turn|31
|
|switch|p2a: Chansey|Chansey, F|481\/642
|-damage|p2a: Chansey|401\/642|[from] Stealth Rock
|switch|p1a: Gastrodon|Gastrodon, M|426\/426
|
|turn|32
|
|move|p2a: Chansey|Soft-Boiled|p2a: Chansey
|-heal|p2a: Chansey|642\/642
|move|p1a: Gastrodon|Toxic|p2a: Chansey
|-status|p2a: Chansey|tox
|
|-damage|p2a: Chansey|602\/642 tox|[from] psn
|turn|33
|
|switch|p2a: Venusaur|Venusaur-Mega, M|197\/363
|-damage|p2a: Venusaur|152\/363|[from] Stealth Rock
|switch|p1a: Heracross|Heracross, M|99\/364
|
|turn|34
|
|switch|p2a: Heatran|Heatran, M|362\/386
|-damage|p2a: Heatran|314\/386|[from] Stealth Rock
|move|p1a: Heracross|Close Combat|p2a: Heatran
|-supereffective|p2a: Heatran
|-damage|p2a: Heatran|0 fnt
|-unboost|p1a: Heracross|def|1
|-unboost|p1a: Heracross|spd|1
|faint|p2a: Heatran
|
|
|switch|p2a: Excadrill|Excadrill, M|290\/361
|-damage|p2a: Excadrill|279\/361|[from] Stealth Rock
|-ability|p2a: Excadrill|Mold Breaker
|turn|35
|
|switch|p1a: Clefable|Clefable, M|318\/394
|move|p2a: Excadrill|Rock Slide|p1a: Clefable
|-damage|p1a: Clefable|228\/394
|
|-heal|p1a: Clefable|252\/394|[from] item: Leftovers
|turn|36
|
|switch|p2a: Chansey|Chansey, F|602\/642
|-damage|p2a: Chansey|522\/642|[from] Stealth Rock
|move|p1a: Clefable|Soft-Boiled|p1a: Clefable
|-heal|p1a: Clefable|394\/394
|
|turn|37
|-message|SupMayne forfeited.
|
|win|vvThat
|raw|Ladder updating...
|raw|vvThat's rating: 1500 &rarr; <strong>1521<\/strong><br \/>(+21 for winning)
|raw|SupMayne's rating: 1523 &rarr; <strong>1502<\/strong><br \/>(-21 for losing)
|leave|SupMayne
|player|p2