|join|SupMayne
|join|TheBreloominator
|player|p1|SupMayne|2
|player|p2|TheBreloominator|266
|gametype|singles
|gen|6
|tier|OU
|rated
|clearpoke
|poke|p1|Heatran, M
|poke|p1|Skarmory, F
|poke|p1|Venusaur, F
|poke|p1|Chansey, F
|poke|p1|Clefable, F
|poke|p1|Excadrill, F
|poke|p2|Tornadus-Therian, M
|poke|p2|Blissey, F
|poke|p2|Landorus-Therian, M
|poke|p2|Manectric, F
|poke|p2|Latios, M
|poke|p2|Rotom-Wash
|rule|Swagger Clause: Swagger is banned
|rule|Baton Pass Clause: Limit one PokÃ©mon knowing Baton Pass
|rule|Sleep Clause Mod: Limit one foe put to sleep
|rule|Species Clause: Limit one of each PokÃ©mon
|rule|OHKO Clause: OHKO moves are banned
|rule|Moody Clause: Moody is banned
|rule|Evasion Moves Clause: Evasion moves are banned
|rule|Endless Battle Clause: Forcing endless battles is banned
|rule|HP Percentage Mod: HP is shown in percentages
|teampreview
|
|start
|switch|p1a: Venusaur|Venusaur, F|363\/363
|switch|p2a: Manectric|Manectric, F|282\/282
|turn|1
|
|detailschange|p2a: Manectric|Manectric-Mega, F
|-mega|p2a: Manectric|Manectric|Manectite
|-ability|p2a: Manectric|Intimidate|[of] p1a: Venusaur
|-unboost|p1a: Venusaur|atk|1
|detailschange|p1a: Venusaur|Venusaur-Mega, F
|-mega|p1a: Venusaur|Venusaur|Venusaurite
|move|p2a: Manectric|Volt Switch|p1a: Venusaur
|-resisted|p1a: Venusaur
|-damage|p1a: Venusaur|306\/363
|
|switch|p2a: Tornadus-Therian|Tornadus-Therian, M|300\/300
|move|p1a: Venusaur|Leech Seed|p2a: Tornadus-Therian
|-start|p2a: Tornadus-Therian|move: Leech Seed
|
|-damage|p2a: Tornadus-Therian|263\/300|[from] Leech Seed|[of] p1a: Venusaur
|-heal|p1a: Venusaur|343\/363|[silent]
|turn|2
|
|switch|p1a: Chansey|Chansey, F|642\/642
|move|p2a: Tornadus-Therian|U-turn|p1a: Chansey
|-damage|p1a: Chansey|521\/642
|-damage|p2a: Tornadus-Therian|233\/300|[from] item: Life Orb
|
|switch|p2a: Landorus-Therian|Landorus-Therian, M|382\/382
|-ability|p2a: Landorus-Therian|Intimidate|[of] p1a: Chansey
|-unboost|p1a: Chansey|atk|1
|
|turn|3
|
|switch|p1a: Skarmory|Skarmory, F|333\/333
|move|p2a: Landorus-Therian|Stealth Rock|p1a: Skarmory
|-sidestart|p1: SupMayne|move: Stealth Rock
|
|turn|4
|
|move|p2a: Landorus-Therian|Knock Off|p1a: Skarmory
|-damage|p1a: Skarmory|277\/333
|-damage|p2a: Landorus-Therian|319\/382|[from] item: Rocky Helmet|[of] p1a: Skarmory
|-enditem|p1a: Skarmory|Rocky Helmet|[from] move: Knock Off|[of] p2a: Landorus-Therian
|move|p1a: Skarmory|Spikes|p2a: Landorus-Therian
|-sidestart|p2: TheBreloominator|Spikes
|
|-heal|p2a: Landorus-Therian|342\/382|[from] item: Leftovers
|turn|5
|
|move|p2a: Landorus-Therian|U-turn|p1a: Skarmory
|-resisted|p1a: Skarmory
|-damage|p1a: Skarmory|267\/333
|
|switch|p2a: Rotom-Wash|Rotom-Wash|304\/304
|move|p1a: Skarmory|Spikes|p2a: Rotom-Wash
|-sidestart|p2: TheBreloominator|Spikes
|
|turn|6
|
|switch|p1a: Chansey|Chansey, F|521\/642
|-damage|p1a: Chansey|441\/642|[from] Stealth Rock
|move|p2a: Rotom-Wash|Will-O-Wisp|p1a: Chansey
|-status|p1a: Chansey|brn
|
|-damage|p1a: Chansey|361\/642 brn|[from] brn
|turn|7
|
|move|p2a: Rotom-Wash|Volt Switch|p1a: Chansey
|-damage|p1a: Chansey|321\/642 brn
|
|switch|p2a: Tornadus-Therian|Tornadus-Therian, M|300\/300
|move|p1a: Chansey|Toxic|p2a: Tornadus-Therian
|-status|p2a: Tornadus-Therian|tox
|
|-damage|p2a: Tornadus-Therian|282\/300 tox|[from] psn
|-damage|p1a: Chansey|241\/642 brn|[from] brn
|turn|8
|
|move|p2a: Tornadus-Therian|Taunt|p1a: Chansey
|-start|p1a: Chansey|move: Taunt
|cant|p1a: Chansey|move: Taunt|Soft-Boiled
|
|-damage|p2a: Tornadus-Therian|246\/300 tox|[from] psn
|-damage|p1a: Chansey|161\/642 brn|[from] brn
|turn|9
|
|switch|p1a: Heatran|Heatran, M|386\/386
|-damage|p1a: Heatran|338\/386|[from] Stealth Rock
|move|p2a: Tornadus-Therian|Knock Off|p1a: Heatran
|-damage|p1a: Heatran|213\/386
|-enditem|p1a: Heatran|Leftovers|[from] move: Knock Off|[of] p2a: Tornadus-Therian
|-damage|p2a: Tornadus-Therian|216\/300 tox|[from] item: Life Orb
|
|-damage|p2a: Tornadus-Therian|162\/300 tox|[from] psn
|turn|10
|
|move|p2a: Tornadus-Therian|Superpower|p1a: Heatran
|-supereffective|p1a: Heatran
|-damage|p1a: Heatran|0 fnt
|-unboost|p2a: Tornadus-Therian|atk|1
|-unboost|p2a: Tornadus-Therian|def|1
|-damage|p2a: Tornadus-Therian|132\/300 tox|[from] item: Life Orb
|faint|p1a: Heatran
|
|-damage|p2a: Tornadus-Therian|60\/300 tox|[from] psn
|
|switch|p1a: Clefable|Clefable, F|394\/394
|turn|11
|
|move|p2a: Tornadus-Therian|U-turn|p1a: Clefable
|-crit|p1a: Clefable
|-resisted|p1a: Clefable
|-damage|p1a: Clefable|332\/394
|-damage|p2a: Tornadus-Therian|30\/300 tox|[from] item: Life Orb
|
|switch|p2a: Blissey|Blissey, F|652\/652
|-damage|p2a: Blissey|544\/652|[from] Spikes
|move|p1a: Clefable|Calm Mind|p1a: Clefable
|-boost|p1a: Clefable|spa|1
|-boost|p1a: Clefable|spd|1
|
|-heal|p1a: Clefable|356\/394|[from] item: Leftovers
|-heal|p2a: Blissey|584\/652|[from] item: Leftovers
|turn|12
|
|move|p1a: Clefable|Calm Mind|p1a: Clefable
|-boost|p1a: Clefable|spa|1
|-boost|p1a: Clefable|spd|1
|move|p2a: Blissey|Toxic|p1a: Clefable
|-status|p1a: Clefable|tox
|
|-heal|p1a: Clefable|380\/394 tox|[from] item: Leftovers
|-heal|p2a: Blissey|624\/652|[from] item: Leftovers
|turn|13
|
|move|p1a: Clefable|Calm Mind|p1a: Clefable
|-boost|p1a: Clefable|spa|1
|-boost|p1a: Clefable|spd|1
|move|p2a: Blissey|Wish|p2a: Blissey
|
|-heal|p1a: Clefable|394\/394 tox|[from] item: Leftovers
|-heal|p2a: Blissey|652\/652|[from] item: Leftovers
|turn|14
|
|move|p1a: Clefable|Moonblast|p2a: Blissey
|-crit|p2a: Blissey
|-damage|p2a: Blissey|391\/652
|move|p2a: Blissey|Heal Bell|p2a: Blissey
|-cureteam|p2a: Blissey|[from] move: HealBell
|
|-heal|p2a: Blissey|652\/652|[from] move: Wish|[wisher] Blissey
|turn|15
|
|switch|p2a: Latios|Latios, M|302\/302
|move|p1a: Clefable|Calm Mind|p1a: Clefable
|-boost|p1a: Clefable|spa|1
|-boost|p1a: Clefable|spd|1
|
|turn|16
|
|move|p2a: Latios|Psyshock|p1a: Clefable
|-damage|p1a: Clefable|199\/394 tox
|move|p1a: Clefable|Moonblast|p2a: Latios
|-supereffective|p2a: Latios
|-damage|p2a: Latios|0 fnt
|faint|p2a: Latios
|
|-heal|p1a: Clefable|223\/394 tox|[from] item: Leftovers
|
|switch|p2a: Landorus-Therian|Landorus-Therian, M|342\/382
|-ability|p2a: Landorus-Therian|Intimidate|[of] p1a: Clefable
|-unboost|p1a: Clefable|atk|1
|turn|17
|
|move|p2a: Landorus-Therian|Earthquake|p1a: Clefable
|-damage|p1a: Clefable|88\/394 tox
|move|p1a: Clefable|Soft-Boiled|p1a: Clefable
|-heal|p1a: Clefable|285\/394 tox
|
|-heal|p2a: Landorus-Therian|365\/382|[from] item: Leftovers
|-heal|p1a: Clefable|309\/394 tox|[from] item: Leftovers
|turn|18
|
|switch|p2a: Blissey|Blissey, F|652\/652
|-damage|p2a: Blissey|544\/652|[from] Spikes
|move|p1a: Clefable|Moonblast|p2a: Blissey
|-damage|p2a: Blissey|339\/652
|
|-heal|p1a: Clefable|333\/394 tox|[from] item: Leftovers
|-heal|p2a: Blissey|379\/652|[from] item: Leftovers
|turn|19
|
|move|p1a: Clefable|Calm Mind|p1a: Clefable
|-boost|p1a: Clefable|spa|1
|-boost|p1a: Clefable|spd|1
|move|p2a: Blissey|Wish|p2a: Blissey
|
|-heal|p1a: Clefable|357\/394 tox|[from] item: Leftovers
|-heal|p2a: Blissey|419\/652|[from] item: Leftovers
|turn|20
|
|move|p1a: Clefable|Moonblast|p2a: Blissey
|-damage|p2a: Blissey|199\/652
|move|p2a: Blissey|Toxic|p1a: Clefable
|-fail|p1a: Clefable|tox
|
|-heal|p2a: Blissey|525\/652|[from] move: Wish|[wisher] Blissey
|-heal|p1a: Clefable|381\/394 tox|[from] item: Leftovers
|-heal|p2a: Blissey|565\/652|[from] item: Leftovers
|turn|21
|c|âTheBreloominator|so here's what happens at this point
|c|âTheBreloominator|we enter a PP war
|c|âSupMayne|only if u make it a pp war
|c|âTheBreloominator|It's actually you who's making it a PP war
|c|âSupMayne|lol ok wish blissye.
|c|âTheBreloominator|clefable is the only option you have left on your team
|c|âSupMayne|pls
|c|âTheBreloominator|without clefable you lose right now
|c|âSupMayne|i have 5 pokemon
|c|âSupMayne|not even.
|c|âSupMayne|your bird 10 percent poisoned
|
|move|p1a: Clefable|Calm Mind|p1a: Clefable
|-boost|p1a: Clefable|spa|1
|-boost|p1a: Clefable|spd|1
|move|p2a: Blissey|Wish|p2a: Blissey
|
|-heal|p1a: Clefable|394\/394 tox|[from] item: Leftovers
|-heal|p2a: Blissey|605\/652|[from] item: Leftovers
|turn|22
|c|âTheBreloominator|yeah and Chansey dies almost instantly
|c|âSupMayne|i have skarmory adn veny for everything else.
|c|âTheBreloominator|I healed tornadus and he has regenerator
|c|âTheBreloominator|so he's about 50% with no status problems
|c|âTheBreloominator|anyway my point is
|c|âSupMayne|my exadrill 1 shot your bird.
|c|âTheBreloominator|that this is a PP war that you will eventually lose
|c|âSupMayne|i wont.
|c|âTheBreloominator|you've already spent a lot more PP than me
|c|âSupMayne|il pp stall  your blissey.
|c|âTheBreloominator|okay but it's going to be a boring battle
|
|move|p2a: Blissey|Protect|p2a: Blissey
|-singleturn|p2a: Blissey|Protect
|move|p1a: Clefable|Calm Mind|p1a: Clefable
|-fail|p1a: Clefable
|
|-heal|p2a: Blissey|652\/652|[from] move: Wish|[wisher] Blissey
|turn|23
|c|âTheBreloominator|and you'll lose at the end
|c|âSupMayne|your fault
|
|move|p1a: Clefable|Flamethrower|p2a: Blissey
|-damage|p2a: Blissey|491\/652
|move|p2a: Blissey|Toxic|p1a: Clefable
|-fail|p1a: Clefable|tox
|
|-heal|p2a: Blissey|531\/652|[from] item: Leftovers
|turn|24
|c|âSupMayne|watch me win. im at work for another 7 hours
|
|move|p1a: Clefable|Moonblast|p2a: Blissey
|-damage|p2a: Blissey|264\/652
|move|p2a: Blissey|Wish|p2a: Blissey
|
|-heal|p2a: Blissey|304\/652|[from] item: Leftovers
|turn|25
|c|âTheBreloominator|I don't see any way in which you win
|c|âTheBreloominator|you run out of PP first or switch out
|c|âSupMayne|cause u are ignorant
|
|move|p2a: Blissey|Protect|p2a: Blissey
|-singleturn|p2a: Blissey|Protect
|move|p1a: Clefable|Calm Mind|p1a: Clefable
|-fail|p1a: Clefable
|
|-heal|p2a: Blissey|630\/652|[from] move: Wish|[wisher] Blissey
|-heal|p2a: Blissey|652\/652|[from] item: Leftovers
|turn|26
|c|âTheBreloominator|I don't understand why I'm ignorant
|c|âSupMayne|u think i lsoe no matter what
|c|âTheBreloominator|yeah
|c|âSupMayne|i have answers to literally all of your pokemon
|c|âTheBreloominator|you don't have a way to win at this point
|
|move|p1a: Clefable|Moonblast|p2a: Blissey
|-damage|p2a: Blissey|394\/652
|move|p2a: Blissey|Toxic|p1a: Clefable
|-fail|p1a: Clefable|tox
|
|-heal|p2a: Blissey|434\/652|[from] item: Leftovers
|turn|27
|
|move|p2a: Blissey|Protect|p2a: Blissey
|-singleturn|p2a: Blissey|Protect
|move|p1a: Clefable|Moonblast|p2a: Blissey
|-activate|p2a: Blissey|Protect
|
|-heal|p2a: Blissey|474\/652|[from] item: Leftovers
|turn|28
|
|move|p1a: Clefable|Moonblast|p2a: Blissey
|-damage|p2a: Blissey|207\/652
|move|p2a: Blissey|Wish|p2a: Blissey
|
|-heal|p2a: Blissey|247\/652|[from] item: Leftovers
|turn|29
|c|âTheBreloominator|I just think it's really lame that you're willing to play out a PP war that you're going to run out of first
|c|âSupMayne|u are the lame 1running attackless blissey
|c|âTheBreloominator|it's my one support pokemon
|
|move|p2a: Blissey|Protect|p2a: Blissey
|-singleturn|p2a: Blissey|Protect
|move|p1a: Clefable|Moonblast|p2a: Blissey
|-activate|p2a: Blissey|Protect
|
|-heal|p2a: Blissey|573\/652|[from] move: Wish|[wisher] Blissey
|-heal|p2a: Blissey|613\/652|[from] item: Leftovers
|turn|30
|c|âTheBreloominator|you run chansey
|c|âTheBreloominator|the diference is...?
|c|âSupMayne|i have seismic toss.
|c|âTheBreloominator|lol
|c|âTheBreloominator|and that's better than toxic?
|
|move|p1a: Clefable|Flamethrower|p2a: Blissey
|-damage|p2a: Blissey|452\/652
|move|p2a: Blissey|Wish|p2a: Blissey
|
|-heal|p2a: Blissey|492\/652|[from] item: Leftovers
|turn|31
|c|âSupMayne|i have toxic
|
|move|p1a: Clefable|Flamethrower|p2a: Blissey
|-damage|p2a: Blissey|329\/652
|move|p2a: Blissey|Toxic|p1a: Clefable
|-fail|p1a: Clefable|tox
|
|-heal|p2a: Blissey|652\/652|[from] move: Wish|[wisher] Blissey
|turn|32
|c|âSupMayne|u run protect
|c|âTheBreloominator|I don't see how your argument holds ground
|c|âSupMayne|literally most useless move on blissey
|c|âTheBreloominator|your chansey is less lame because it has a move that does set damage?
|
|move|p1a: Clefable|Flamethrower|p2a: Blissey
|-damage|p2a: Blissey|489\/652
|move|p2a: Blissey|Wish|p2a: Blissey
|
|-heal|p2a: Blissey|529\/652|[from] item: Leftovers
|turn|33
|c|âSupMayne|im saying your blissey does nothing.
|c|âSupMayne|sits there and stalls out. which is why u are butthurt atm
|
|move|p1a: Clefable|Flamethrower|p2a: Blissey
|-damage|p2a: Blissey|368\/652
|move|p2a: Blissey|Toxic|p1a: Clefable
|-fail|p1a: Clefable|tox
|
|-heal|p2a: Blissey|652\/652|[from] move: Wish|[wisher] Blissey
|turn|34
|c|âTheBreloominator|your clefable just spams calm mind I don't see how that's better
|c|âSupMayne|god u are so dumb muting u.
|
|move|p1a: Clefable|Flamethrower|p2a: Blissey
|-damage|p2a: Blissey|474\/652
|move|p2a: Blissey|Toxic|p1a: Clefable
|-fail|p1a: Clefable|tox
|
|-heal|p2a: Blissey|514\/652|[from] item: Leftovers
|turn|35
|c|âTheBreloominator|and uses recovery
|
|move|p1a: Clefable|Moonblast|p2a: Blissey
|-damage|p2a: Blissey|217\/652
|-unboost|p2a: Blissey|spa|1
|move|p2a: Blissey|Wish|p2a: Blissey
|
|-heal|p2a: Blissey|257\/652|[from] item: Leftovers
|turn|36
|
|move|p2a: Blissey|Protect|p2a: Blissey
|-singleturn|p2a: Blissey|Protect
|move|p1a: Clefable|Calm Mind|p1a: Clefable
|-fail|p1a: Clefable
|
|-heal|p2a: Blissey|583\/652|[from] move: Wish|[wisher] Blissey
|-heal|p2a: Blissey|623\/652|[from] item: Leftovers
|turn|37
|c|âTheBreloominator|the fact that you're willing to play out a losing battle because you have nothing better to do says a lot about you
|
|move|p1a: Clefable|Moonblast|p2a: Blissey
|-damage|p2a: Blissey|371\/652
|move|p2a: Blissey|Wish|p2a: Blissey
|
|-heal|p2a: Blissey|411\/652|[from] item: Leftovers
|turn|38
|c|âTheBreloominator|also the fact that you're playing pokemon at work
|
|move|p2a: Blissey|Protect|p2a: Blissey
|-singleturn|p2a: Blissey|Protect
|move|p1a: Clefable|Calm Mind|p1a: Clefable
|-fail|p1a: Clefable
|
|-heal|p2a: Blissey|652\/652|[from] move: Wish|[wisher] Blissey
|turn|39
|
|move|p1a: Clefable|Moonblast|p2a: Blissey
|-damage|p2a: Blissey|394\/652
|move|p2a: Blissey|Toxic|p1a: Clefable
|-fail|p1a: Clefable|tox
|
|-heal|p2a: Blissey|434\/652|[from] item: Leftovers
|turn|40
|
|move|p1a: Clefable|Moonblast|p2a: Blissey
|-damage|p2a: Blissey|158\/652
|move|p2a: Blissey|Wish|p2a: Blissey
|
|-heal|p2a: Blissey|198\/652|[from] item: Leftovers
|turn|41
|
|switch|p1a: Excadrill|Excadrill, F|382\/382
|-damage|p1a: Excadrill|371\/382|[from] Stealth Rock
|-ability|p1a: Excadrill|Mold Breaker
|move|p2a: Blissey|Protect|p2a: Blissey
|-fail|p2a: Blissey
|
|-heal|p2a: Blissey|524\/652|[from] move: Wish|[wisher] Blissey
|-heal|p2a: Blissey|564\/652|[from] item: Leftovers
|turn|42
|c|âTheBreloominator|and it's impossible to mute somebody so pretending you can mute me also speaks a lot to your character
|
|switch|p2a: Landorus-Therian|Landorus-Therian, M|365\/382
|-ability|p2a: Landorus-Therian|Intimidate|[of] p1a: Excadrill
|-unboost|p1a: Excadrill|atk|1
|move|p1a: Excadrill|Rapid Spin|p2a: Landorus-Therian
|-damage|p2a: Landorus-Therian|353\/382
|-sideend|p1: SupMayne|Stealth Rock|[from] move: Rapid Spin|[of] p1a: Excadrill
|
|-heal|p2a: Landorus-Therian|376\/382|[from] item: Leftovers
|turn|43
|
|switch|p1a: Venusaur|Venusaur-Mega, F|343\/363
|move|p2a: Landorus-Therian|Stealth Rock|p1a: Venusaur
|-sidestart|p1: SupMayne|move: Stealth Rock
|
|-heal|p2a: Landorus-Therian|382\/382|[from] item: Leftovers
|turn|44
|
|move|p2a: Landorus-Therian|U-turn|p1a: Venusaur
|-damage|p1a: Venusaur|298\/363
|
|switch|p2a: Tornadus-Therian|Tornadus-Therian, M|130\/300
|move|p1a: Venusaur|Leech Seed|p2a: Tornadus-Therian
|-start|p2a: Tornadus-Therian|move: Leech Seed
|
|-damage|p2a: Tornadus-Therian|93\/300|[from] Leech Seed|[of] p1a: Venusaur
|-heal|p1a: Venusaur|335\/363|[silent]
|turn|45
|
|switch|p1a: Skarmory|Skarmory, F|267\/333
|-damage|p1a: Skarmory|226\/333|[from] Stealth Rock
|move|p2a: Tornadus-Therian|U-turn|p1a: Skarmory
|-resisted|p1a: Skarmory
|-damage|p1a: Skarmory|213\/333
|-damage|p2a: Tornadus-Therian|63\/300|[from] item: Life Orb
|
|switch|p2a: Manectric|Manectric-Mega, F|282\/282
|-damage|p2a: Manectric|235\/282|[from] Spikes
|-ability|p2a: Manectric|Intimidate|[of] p1a: Skarmory
|-unboost|p1a: Skarmory|atk|1
|
|turn|46
|
|switch|p1a: Venusaur|Venusaur-Mega, F|335\/363
|-damage|p1a: Venusaur|290\/363|[from] Stealth Rock
|move|p2a: Manectric|Overheat|p1a: Venusaur
|-supereffective|p1a: Venusaur
|-damage|p1a: Venusaur|146\/363
|-unboost|p2a: Manectric|spa|2
|
|turn|47
|
|move|p2a: Manectric|Volt Switch|p1a: Venusaur
|-resisted|p1a: Venusaur
|-damage|p1a: Venusaur|119\/363
|
|switch|p2a: Tornadus-Therian|Tornadus-Therian, M|163\/300
|move|p1a: Venusaur|Giga Drain|p2a: Tornadus-Therian
|-resisted|p2a: Tornadus-Therian
|-damage|p2a: Tornadus-Therian|106\/300
|-heal|p1a: Venusaur|148\/363|[from] drain|[of] p2a: Tornadus-Therian
|
|turn|48
|
|switch|p1a: Skarmory|Skarmory, F|213\/333
|-damage|p1a: Skarmory|172\/333|[from] Stealth Rock
|move|p2a: Tornadus-Therian|U-turn|p1a: Skarmory
|-resisted|p1a: Skarmory
|-damage|p1a: Skarmory|159\/333
|-damage|p2a: Tornadus-Therian|76\/300|[from] item: Life Orb
|
|switch|p2a: Manectric|Manectric-Mega, F|235\/282
|-damage|p2a: Manectric|188\/282|[from] Spikes
|-ability|p2a: Manectric|Intimidate|[of] p1a: Skarmory
|-unboost|p1a: Skarmory|atk|1
|
|turn|49
|
|switch|p1a: Venusaur|Venusaur-Mega, F|148\/363
|-damage|p1a: Venusaur|103\/363|[from] Stealth Rock
|move|p2a: Manectric|Volt Switch|p1a: Venusaur
|-resisted|p1a: Venusaur
|-damage|p1a: Venusaur|52\/363
|
|switch|p2a: Tornadus-Therian|Tornadus-Therian, M|176\/300
|
|turn|50
|
|move|p2a: Tornadus-Therian|U-turn|p1a: Venusaur
|-damage|p1a: Venusaur|0 fnt
|-damage|p2a: Tornadus-Therian|146\/300|[from] item: Life Orb
|faint|p1a: Venusaur
|
|switch|p2a: Manectric|Manectric-Mega, F|188\/282
|-damage|p2a: Manectric|141\/282|[from] Spikes
|
|
|switch|p1a: Excadrill|Excadrill, F|371\/382
|-damage|p1a: Excadrill|360\/382|[from] Stealth Rock
|-ability|p1a: Excadrill|Mold Breaker
|turn|51
|
|switch|p2a: Landorus-Therian|Landorus-Therian, M|382\/382
|-ability|p2a: Landorus-Therian|Intimidate|[of] p1a: Excadrill
|-unboost|p1a: Excadrill|atk|1
|move|p1a: Excadrill|Rock Slide|p2a: Landorus-Therian
|-crit|p2a: Landorus-Therian
|-damage|p2a: Landorus-Therian|285\/382
|
|-heal|p2a: Landorus-Therian|308\/382|[from] item: Leftovers
|turn|52
|
|switch|p1a: Clefable|Clefable, F|394\/394 tox
|move|p2a: Landorus-Therian|U-turn|p1a: Clefable
|-resisted|p1a: Clefable
|-damage|p1a: Clefable|366\/394 tox
|
|switch|p2a: Manectric|Manectric-Mega, F|141\/282
|-damage|p2a: Manectric|94\/282|[from] Spikes
|-ability|p2a: Manectric|Intimidate|[of] p1a: Clefable
|-unboost|p1a: Clefable|atk|1
|
|-heal|p1a: Clefable|390\/394 tox|[from] item: Leftovers
|turn|53
|
|move|p2a: Manectric|Thunderbolt|p1a: Clefable
|-damage|p1a: Clefable|198\/394 tox
|move|p1a: Clefable|Soft-Boiled|p1a: Clefable
|-heal|p1a: Clefable|394\/394 tox
|
|turn|54
|
|move|p2a: Manectric|Thunderbolt|p1a: Clefable
|-damage|p1a: Clefable|219\/394 tox
|move|p1a: Clefable|Moonblast|p2a: Manectric
|-damage|p2a: Manectric|0 fnt
|faint|p2a: Manectric
|
|-heal|p1a: Clefable|243\/394 tox|[from] item: Leftovers
|
|switch|p2a: Rotom-Wash|Rotom-Wash|304\/304
|turn|55
|
|move|p2a: Rotom-Wash|Volt Switch|p1a: Clefable
|-damage|p1a: Clefable|144\/394 tox
|
|switch|p2a: Tornadus-Therian|Tornadus-Therian, M|246\/300
|move|p1a: Clefable|Soft-Boiled|p1a: Clefable
|-heal|p1a: Clefable|341\/394 tox
|
|-heal|p1a: Clefable|365\/394 tox|[from] item: Leftovers
|turn|56
|
|move|p2a: Tornadus-Therian|Taunt|p1a: Clefable
|-start|p1a: Clefable|move: Taunt
|cant|p1a: Clefable|move: Taunt|Calm Mind
|
|-heal|p1a: Clefable|389\/394 tox|[from] item: Leftovers
|turn|57
|
|move|p2a: Tornadus-Therian|Knock Off|p1a: Clefable
|-resisted|p1a: Clefable
|-damage|p1a: Clefable|332\/394 tox
|-enditem|p1a: Clefable|Leftovers|[from] move: Knock Off|[of] p2a: Tornadus-Therian
|-damage|p2a: Tornadus-Therian|216\/300|[from] item: Life Orb
|move|p1a: Clefable|Moonblast|p2a: Tornadus-Therian
|-damage|p2a: Tornadus-Therian|96\/300
|
|turn|58
|
|move|p2a: Tornadus-Therian|U-turn|p1a: Clefable
|-resisted|p1a: Clefable
|-damage|p1a: Clefable|289\/394 tox
|-damage|p2a: Tornadus-Therian|66\/300|[from] item: Life Orb
|
|switch|p2a: Rotom-Wash|Rotom-Wash|304\/304
|move|p1a: Clefable|Moonblast|p2a: Rotom-Wash
|-damage|p2a: Rotom-Wash|211\/304
|-unboost|p2a: Rotom-Wash|spa|1
|
|-heal|p2a: Rotom-Wash|230\/304|[from] item: Leftovers
|-end|p1a: Clefable|move: Taunt
|turn|59
|
|move|p2a: Rotom-Wash|Volt Switch|p1a: Clefable
|-damage|p1a: Clefable|225\/394 tox
|
|switch|p2a: Blissey|Blissey, F|564\/652
|-damage|p2a: Blissey|456\/652|[from] Spikes
|move|p1a: Clefable|Calm Mind|p1a: Clefable
|-boost|p1a: Clefable|spa|1
|-boost|p1a: Clefable|spd|1
|
|-heal|p2a: Blissey|496\/652|[from] item: Leftovers
|turn|60
|
|move|p1a: Clefable|Soft-Boiled|p1a: Clefable
|-heal|p1a: Clefable|394\/394 tox
|move|p2a: Blissey|Toxic|p1a: Clefable
|-fail|p1a: Clefable|tox
|
|-heal|p2a: Blissey|536\/652|[from] item: Leftovers
|turn|61
|
|switch|p1a: Chansey|Chansey, F|161\/642
|-damage|p1a: Chansey|81\/642|[from] Stealth Rock
|move|p2a: Blissey|Toxic|p1a: Chansey
|-status|p1a: Chansey|tox
|
|-heal|p2a: Blissey|576\/652|[from] item: Leftovers
|-damage|p1a: Chansey|41\/642 tox|[from] psn
|turn|62
|
|switch|p2a: Tornadus-Therian|Tornadus-Therian, M|166\/300
|move|p1a: Chansey|Soft-Boiled|p1a: Chansey
|-heal|p1a: Chansey|362\/642 tox
|
|-damage|p1a: Chansey|282\/642 tox|[from] psn
|turn|63
|
|switch|p1a: Clefable|Clefable, F|394\/394 tox
|move|p2a: Tornadus-Therian|Superpower|p1a: Clefable
|-resisted|p1a: Clefable
|-damage|p1a: Clefable|328\/394 tox
|-unboost|p2a: Tornadus-Therian|atk|1
|-unboost|p2a: Tornadus-Therian|def|1
|-damage|p2a: Tornadus-Therian|136\/300|[from] item: Life Orb
|
|turn|64
|
|switch|p2a: Blissey|Blissey, F|576\/652
|-damage|p2a: Blissey|468\/652|[from] Spikes
|move|p1a: Clefable|Flamethrower|p2a: Blissey
|-damage|p2a: Blissey|427\/652
|
|-heal|p2a: Blissey|467\/652|[from] item: Leftovers
|turn|65
|
|switch|p1a: Skarmory|Skarmory, F|159\/333
|-damage|p1a: Skarmory|118\/333|[from] Stealth Rock
|move|p2a: Blissey|Wish|p2a: Blissey
|
|-heal|p2a: Blissey|507\/652|[from] item: Leftovers
|turn|66
|
|switch|p2a: Rotom-Wash|Rotom-Wash|230\/304
|move|p1a: Skarmory|Roost|p1a: Skarmory
|-heal|p1a: Skarmory|285\/333
|
|-heal|p2a: Rotom-Wash|304\/304|[from] move: Wish|[wisher] Blissey
|turn|67
|
|switch|p1a: Clefable|Clefable, F|328\/394 tox
|move|p2a: Rotom-Wash|Will-O-Wisp|p1a: Clefable
|-fail|p1a: Clefable
|
|turn|68
|
|move|p2a: Rotom-Wash|Volt Switch|p1a: Clefable
|-crit|p1a: Clefable
|-damage|p1a: Clefable|190\/394 tox
|
|switch|p2a: Landorus-Therian|Landorus-Therian, M|308\/382
|-ability|p2a: Landorus-Therian|Intimidate|[of] p1a: Clefable
|-unboost|p1a: Clefable|atk|1
|move|p1a: Clefable|Calm Mind|p1a: Clefable
|-boost|p1a: Clefable|spa|1
|-boost|p1a: Clefable|spd|1
|
|-heal|p2a: Landorus-Therian|331\/382|[from] item: Leftovers
|turn|69
|
|move|p2a: Landorus-Therian|Earthquake|p1a: Clefable
|-damage|p1a: Clefable|67\/394 tox
|move|p1a: Clefable|Soft-Boiled|p1a: Clefable
|-heal|p1a: Clefable|264\/394 tox
|
|-heal|p2a: Landorus-Therian|354\/382|[from] item: Leftovers
|turn|70
|
|move|p2a: Landorus-Therian|U-turn|p1a: Clefable
|-resisted|p1a: Clefable
|-damage|p1a: Clefable|236\/394 tox
|
|switch|p2a: Blissey|Blissey, F|507\/652
|-damage|p2a: Blissey|399\/652|[from] Spikes
|move|p1a: Clefable|Calm Mind|p1a: Clefable
|-boost|p1a: Clefable|spa|1
|-boost|p1a: Clefable|spd|1
|
|-heal|p2a: Blissey|439\/652|[from] item: Leftovers
|turn|71
|
|move|p1a: Clefable|Flamethrower|p2a: Blissey
|-damage|p2a: Blissey|358\/652
|move|p2a: Blissey|Toxic|p1a: Clefable
|-fail|p1a: Clefable|tox
|
|-heal|p2a: Blissey|398\/652|[from] item: Leftovers
|turn|72
|
|move|p2a: Blissey|Protect|p2a: Blissey
|-singleturn|p2a: Blissey|Protect
|move|p1a: Clefable|Calm Mind|p1a: Clefable
|-boost|p1a: Clefable|spa|1
|-boost|p1a: Clefable|spd|1
|
|-heal|p2a: Blissey|438\/652|[from] item: Leftovers
|turn|73
|c|âSupMayne|u have 5 wish left. lets see u ppl stall me out
|
|move|p1a: Clefable|Calm Mind|p1a: Clefable
|-boost|p1a: Clefable|spa|1
|-boost|p1a: Clefable|spd|1
|move|p2a: Blissey|Wish|p2a: Blissey
|
|-heal|p2a: Blissey|478\/652|[from] item: Leftovers
|turn|74
|
|move|p1a: Clefable|Moonblast|p2a: Blissey
|-damage|p2a: Blissey|268\/652
|-unboost|p2a: Blissey|spa|1
|move|p2a: Blissey|Toxic|p1a: Clefable
|-fail|p1a: Clefable|tox
|
|-heal|p2a: Blissey|594\/652|[from] move: Wish|[wisher] Blissey
|-heal|p2a: Blissey|634\/652|[from] item: Leftovers
|turn|75
|
|move|p1a: Clefable|Calm Mind|p1a: Clefable
|-boost|p1a: Clefable|spa|1
|-boost|p1a: Clefable|spd|1
|move|p2a: Blissey|Toxic|p1a: Clefable
|-fail|p1a: Clefable|tox
|
|-heal|p2a: Blissey|652\/652|[from] item: Leftovers
|turn|76
|
|move|p1a: Clefable|Calm Mind|p1a: Clefable
|-boost|p1a: Clefable|spa|1
|-boost|p1a: Clefable|spd|1
|move|p2a: Blissey|Toxic|p1a: Clefable|[miss]
|-miss|p2a: Blissey|p1a: Clefable
|
|turn|77
|
|move|p1a: Clefable|Flamethrower|p2a: Blissey
|-damage|p2a: Blissey|478\/652
|move|p2a: Blissey|Toxic|p1a: Clefable
|-fail|p1a: Clefable|tox
|
|-heal|p2a: Blissey|518\/652|[from] item: Leftovers
|turn|78
|
|move|p2a: Blissey|Protect|p2a: Blissey
|-singleturn|p2a: Blissey|Protect
|move|p1a: Clefable|Flamethrower|p2a: Blissey
|-activate|p2a: Blissey|Protect
|
|-heal|p2a: Blissey|558\/652|[from] item: Leftovers
|turn|79
|
|move|p1a: Clefable|Moonblast|p2a: Blissey
|-damage|p2a: Blissey|306\/652
|move|p2a: Blissey|Heal Bell|p2a: Blissey
|-cureteam|p2a: Blissey|[from] move: HealBell
|
|-heal|p2a: Blissey|346\/652|[from] item: Leftovers
|turn|80
|
|move|p1a: Clefable|Moonblast|p2a: Blissey
|-damage|p2a: Blissey|82\/652
|move|p2a: Blissey|Wish|p2a: Blissey
|
|-heal|p2a: Blissey|122\/652|[from] item: Leftovers
|turn|81
|c|âSupMayne|3
|
|move|p2a: Blissey|Protect|p2a: Blissey
|-singleturn|p2a: Blissey|Protect
|move|p1a: Clefable|Flamethrower|p2a: Blissey
|-activate|p2a: Blissey|Protect
|
|-heal|p2a: Blissey|448\/652|[from] move: Wish|[wisher] Blissey
|-heal|p2a: Blissey|488\/652|[from] item: Leftovers
|turn|82
|
|move|p2a: Blissey|Protect|p2a: Blissey
|-fail|p2a: Blissey
|move|p1a: Clefable|Moonblast|p2a: Blissey
|-damage|p2a: Blissey|194\/652
|
|-heal|p2a: Blissey|234\/652|[from] item: Leftovers
|turn|83
|
|move|p2a: Blissey|Protect|p2a: Blissey
|-singleturn|p2a: Blissey|Protect
|move|p1a: Clefable|Moonblast|p2a: Blissey
|-activate|p2a: Blissey|Protect
|
|-heal|p2a: Blissey|274\/652|[from] item: Leftovers
|turn|84
|
|move|p1a: Clefable|Moonblast|p2a: Blissey
|-damage|p2a: Blissey|0 fnt
|faint|p2a: Blissey
|
|c|âSupMayne|damn
|c|âSupMayne|do i lose?
|-message|TheBreloominator forfeited.
|leave|TheBreloominator
|c|âSupMayne|get fucked
|
|win|SupMayne
|raw|Ladder updating...
|player|p2
|raw|SupMayne's rating: 1520 &rarr; <strong>1533<\/strong><br \/>(+13 for winning)
|raw|TheBreloominator's rating: 1394 &rarr; <strong>1381<\/strong><br \/>(-13 for losing)