|join|Erick mayonesa
|join|SupMayne
|player|p1|Erick mayonesa|80
|player|p2|SupMayne|265
|gametype|singles
|gen|6
|tier|OU
|rated
|clearpoke
|poke|p1|Sceptile, M
|poke|p1|Azumarill, M
|poke|p1|Heatran, M
|poke|p1|Staraptor, M
|poke|p1|Landorus-Therian, M
|poke|p1|Tentacruel, M
|poke|p2|Chansey, F
|poke|p2|Skarmory, F
|poke|p2|Clefable, F
|poke|p2|Gliscor, F
|poke|p2|Sableye, M
|poke|p2|Slowbro, F
|rule|Swagger Clause: Swagger is banned
|rule|Baton Pass Clause: Limit one PokÃ©mon knowing Baton Pass
|rule|Sleep Clause Mod: Limit one foe put to sleep
|rule|Species Clause: Limit one of each PokÃ©mon
|rule|OHKO Clause: OHKO moves are banned
|rule|Moody Clause: Moody is banned
|rule|Evasion Moves Clause: Evasion moves are banned
|rule|Endless Battle Clause: Forcing endless battles is banned
|rule|HP Percentage Mod: HP is shown in percentages
|teampreview
|
|start
|switch|p1a: Azumarill|Azumarill, M|403\/403
|switch|p2a: Gliscor|Gliscor, F|353\/353
|turn|1
|
|switch|p1a: Landorus-Therian|Landorus-Therian, M|382\/382
|-ability|p1a: Landorus-Therian|Intimidate|[of] p2a: Gliscor
|-unboost|p2a: Gliscor|atk|1
|move|p2a: Gliscor|Protect|p2a: Gliscor
|-fail|p2a: Gliscor
|
|-status|p2a: Gliscor|tox|[from] item: Toxic Orb
|turn|2
|
|switch|p2a: Clefable|Clefable, F|394\/394
|switch|p1a: Azumarill|Azumarill, M|403\/403
|
|turn|3
|
|move|p2a: Clefable|Calm Mind|p2a: Clefable
|-boost|p2a: Clefable|spa|1
|-boost|p2a: Clefable|spd|1
|move|p1a: Azumarill|Knock Off|p2a: Clefable
|-resisted|p2a: Clefable
|-damage|p2a: Clefable|328\/394
|-enditem|p2a: Clefable|Leftovers|[from] move: Knock Off|[of] p1a: Azumarill
|
|turn|4
|
|switch|p1a: Staraptor|Staraptor, M|311\/311
|move|p2a: Clefable|Calm Mind|p2a: Clefable
|-boost|p2a: Clefable|spa|1
|-boost|p2a: Clefable|spd|1
|
|turn|5
|
|move|p1a: Staraptor|Double-Edge|p2a: Clefable
|-damage|p2a: Clefable|63\/394
|-damage|p1a: Staraptor|224\/311|[from] recoil|[of] p2a: Clefable
|move|p2a: Clefable|Flamethrower|p1a: Staraptor
|-damage|p1a: Staraptor|7\/311
|
|turn|6
|
|switch|p2a: Skarmory|Skarmory, F|333\/333
|move|p1a: Staraptor|Double-Edge|p2a: Skarmory
|-resisted|p2a: Skarmory
|-damage|p2a: Skarmory|254\/333
|-damage|p1a: Staraptor|0 fnt|[from] item: Rocky Helmet|[of] p2a: Skarmory
|faint|p1a: Staraptor
|
|
|switch|p1a: Heatran|Heatran, M|386\/386
|turn|7
|
|switch|p2a: Gliscor|Gliscor, F|353\/353 tox
|move|p1a: Heatran|Lava Plume|p2a: Gliscor
|-damage|p2a: Gliscor|178\/353 tox
|
|-heal|p2a: Gliscor|222\/353 tox|[from] ability: Poison Heal
|turn|8
|
|switch|p1a: Landorus-Therian|Landorus-Therian, M|382\/382
|-ability|p1a: Landorus-Therian|Intimidate|[of] p2a: Gliscor
|-unboost|p2a: Gliscor|atk|1
|move|p2a: Gliscor|Knock Off|p1a: Landorus-Therian
|-damage|p1a: Landorus-Therian|345\/382
|-enditem|p1a: Landorus-Therian|Sitrus Berry|[from] move: Knock Off|[of] p2a: Gliscor
|
|-heal|p2a: Gliscor|266\/353 tox|[from] ability: Poison Heal
|turn|9
|
|switch|p2a: Slowbro|Slowbro, F|393\/393
|move|p1a: Landorus-Therian|U-turn|p2a: Slowbro
|-supereffective|p2a: Slowbro
|-damage|p2a: Slowbro|297\/393
|
|switch|p1a: Sceptile|Sceptile, M|281\/281
|
|turn|10
|
|switch|p2a: Skarmory|Skarmory, F|254\/333
|detailschange|p1a: Sceptile|Sceptile-Mega, M
|-mega|p1a: Sceptile|Sceptile|Sceptilite
|move|p1a: Sceptile|Leaf Storm|p2a: Skarmory
|-resisted|p2a: Skarmory
|-damage|p2a: Skarmory|176\/333
|-unboost|p1a: Sceptile|spa|2
|
|turn|11
|
|switch|p1a: Landorus-Therian|Landorus-Therian, M|345\/382
|-ability|p1a: Landorus-Therian|Intimidate|[of] p2a: Skarmory
|-unboost|p2a: Skarmory|atk|1
|move|p2a: Skarmory|Stealth Rock|p1a: Landorus-Therian
|-sidestart|p1: Erick mayonesa|move: Stealth Rock
|
|turn|12
|
|switch|p2a: Gliscor|Gliscor, F|266\/353 tox
|move|p1a: Landorus-Therian|U-turn|p2a: Gliscor
|-resisted|p2a: Gliscor
|-damage|p2a: Gliscor|242\/353 tox
|
|switch|p1a: Azumarill|Azumarill, M|403\/403
|-damage|p1a: Azumarill|353\/403|[from] Stealth Rock
|
|-heal|p2a: Gliscor|286\/353 tox|[from] ability: Poison Heal
|turn|13
|
|switch|p2a: Skarmory|Skarmory, F|176\/333
|move|p1a: Azumarill|Knock Off|p2a: Skarmory
|-damage|p2a: Skarmory|101\/333
|-damage|p1a: Azumarill|286\/403|[from] item: Rocky Helmet|[of] p2a: Skarmory
|-enditem|p2a: Skarmory|Rocky Helmet|[from] move: Knock Off|[of] p1a: Azumarill
|
|turn|14
|
|switch|p1a: Landorus-Therian|Landorus-Therian, M|345\/382
|-damage|p1a: Landorus-Therian|298\/382|[from] Stealth Rock
|-ability|p1a: Landorus-Therian|Intimidate|[of] p2a: Skarmory
|-unboost|p2a: Skarmory|atk|1
|move|p2a: Skarmory|Roost|p2a: Skarmory
|-heal|p2a: Skarmory|268\/333
|
|turn|15
|
|move|p1a: Landorus-Therian|U-turn|p2a: Skarmory
|-resisted|p2a: Skarmory
|-damage|p2a: Skarmory|258\/333
|
|switch|p1a: Tentacruel|Tentacruel, M|364\/364
|-damage|p1a: Tentacruel|319\/364|[from] Stealth Rock
|move|p2a: Skarmory|Whirlwind|p1a: Tentacruel
|drag|p1a: Azumarill|Azumarill, M|286\/403
|-damage|p1a: Azumarill|236\/403|[from] Stealth Rock
|
|turn|16
|
|move|p1a: Azumarill|Waterfall|p2a: Skarmory
|-damage|p2a: Skarmory|155\/333
|move|p2a: Skarmory|Whirlwind|p1a: Azumarill
|drag|p1a: Sceptile|Sceptile-Mega, M|281\/281
|-damage|p1a: Sceptile|246\/281|[from] Stealth Rock
|
|turn|17
|
|move|p1a: Sceptile|Hidden Power|p2a: Skarmory
|-supereffective|p2a: Skarmory
|-damage|p2a: Skarmory|0 fnt
|faint|p2a: Skarmory
|
|
|switch|p2a: Chansey|Chansey, F|662\/662
|turn|18
|
|switch|p1a: Azumarill|Azumarill, M|236\/403
|-damage|p1a: Azumarill|186\/403|[from] Stealth Rock
|move|p2a: Chansey|Seismic Toss|p1a: Azumarill
|-damage|p1a: Azumarill|86\/403
|
|turn|19
|c|âSupMayne|man too bad i dont have any electric attacks.
|c|âErick mayonesa|yeah
|
|switch|p2a: Clefable|Clefable, F|63\/394
|move|p1a: Azumarill|Play Rough|p2a: Clefable
|-damage|p2a: Clefable|0 fnt
|faint|p2a: Clefable
|
|
|switch|p2a: Gliscor|Gliscor, F|286\/353 tox
|turn|20
|
|move|p2a: Gliscor|Protect|p2a: Gliscor
|-singleturn|p2a: Gliscor|Protect
|move|p1a: Azumarill|Waterfall|p2a: Gliscor
|-activate|p2a: Gliscor|Protect
|
|-heal|p2a: Gliscor|330\/353 tox|[from] ability: Poison Heal
|turn|21
|
|move|p2a: Gliscor|Earthquake|p1a: Azumarill
|-damage|p1a: Azumarill|0 fnt
|faint|p1a: Azumarill
|
|-heal|p2a: Gliscor|353\/353 tox|[from] ability: Poison Heal
|
|switch|p1a: Landorus-Therian|Landorus-Therian, M|298\/382
|-damage|p1a: Landorus-Therian|251\/382|[from] Stealth Rock
|-ability|p1a: Landorus-Therian|Intimidate|[of] p2a: Gliscor
|-unboost|p2a: Gliscor|atk|1
|turn|22
|
|move|p2a: Gliscor|Protect|p2a: Gliscor
|-singleturn|p2a: Gliscor|Protect
|move|p1a: Landorus-Therian|Knock Off|p2a: Gliscor
|-activate|p2a: Gliscor|Protect
|
|turn|23
|
|move|p2a: Gliscor|Knock Off|p1a: Landorus-Therian
|-damage|p1a: Landorus-Therian|224\/382
|move|p1a: Landorus-Therian|Knock Off|p2a: Gliscor
|-damage|p2a: Gliscor|287\/353 tox
|-enditem|p2a: Gliscor|Toxic Orb|[from] move: Knock Off|[of] p1a: Landorus-Therian
|
|-heal|p2a: Gliscor|331\/353 tox|[from] ability: Poison Heal
|turn|24
|
|move|p2a: Gliscor|Knock Off|p1a: Landorus-Therian
|-damage|p1a: Landorus-Therian|199\/382
|move|p1a: Landorus-Therian|U-turn|p2a: Gliscor
|-resisted|p2a: Gliscor
|-damage|p2a: Gliscor|307\/353 tox
|
|switch|p1a: Tentacruel|Tentacruel, M|319\/364
|-damage|p1a: Tentacruel|274\/364|[from] Stealth Rock
|
|-heal|p1a: Tentacruel|296\/364|[from] item: Leftovers
|-heal|p2a: Gliscor|351\/353 tox|[from] ability: Poison Heal
|turn|25
|
|switch|p2a: Sableye|Sableye, M|303\/303
|move|p1a: Tentacruel|Scald|p2a: Sableye
|-damage|p2a: Sableye|233\/303
|-status|p2a: Sableye|brn
|
|-heal|p1a: Tentacruel|318\/364|[from] item: Leftovers
|-damage|p2a: Sableye|196\/303 brn|[from] brn
|turn|26
|
|detailschange|p2a: Sableye|Sableye-Mega, M
|-mega|p2a: Sableye|Sableye|Sablenite
|move|p1a: Tentacruel|Toxic Spikes|p2a: Sableye
|move|p2a: Sableye|Toxic Spikes|p1a: Tentacruel|[from]Magic Bounce
|-sidestart|p1: Erick mayonesa|move: Toxic Spikes
|move|p2a: Sableye|Night Shade|p1a: Tentacruel
|-damage|p1a: Tentacruel|218\/364
|
|-heal|p1a: Tentacruel|240\/364|[from] item: Leftovers
|-damage|p2a: Sableye|159\/303 brn|[from] brn
|turn|27
|
|switch|p1a: Heatran|Heatran, M|386\/386
|-damage|p1a: Heatran|338\/386|[from] Stealth Rock
|move|p2a: Sableye|Night Shade|p1a: Heatran
|-damage|p1a: Heatran|238\/386
|
|-heal|p1a: Heatran|262\/386|[from] item: Leftovers
|-damage|p2a: Sableye|122\/303 brn|[from] brn
|turn|28
|
|move|p1a: Heatran|Lava Plume|p2a: Sableye
|-damage|p2a: Sableye|43\/303 brn
|move|p2a: Sableye|Recover|p2a: Sableye
|-heal|p2a: Sableye|195\/303 brn
|
|-heal|p1a: Heatran|286\/386|[from] item: Leftovers
|-damage|p2a: Sableye|158\/303 brn|[from] brn
|turn|29
|
|move|p1a: Heatran|Flash Cannon|p2a: Sableye
|-crit|p2a: Sableye
|-damage|p2a: Sableye|32\/303 brn
|move|p2a: Sableye|Night Shade|p1a: Heatran
|-damage|p1a: Heatran|186\/386
|
|-heal|p1a: Heatran|210\/386|[from] item: Leftovers
|-damage|p2a: Sableye|0 fnt|[from] brn
|faint|p2a: Sableye
|
|switch|p2a: Slowbro|Slowbro, F|393\/393
|turn|30
|
|move|p1a: Heatran|Stealth Rock|p2a: Slowbro
|-sidestart|p2: SupMayne|move: Stealth Rock
|move|p2a: Slowbro|Scald|p1a: Heatran
|-supereffective|p1a: Heatran
|-damage|p1a: Heatran|52\/386
|
|-heal|p1a: Heatran|76\/386|[from] item: Leftovers
|turn|31
|
|move|p1a: Heatran|Earth Power|p2a: Slowbro
|-damage|p2a: Slowbro|266\/393
|move|p2a: Slowbro|Scald|p1a: Heatran
|-supereffective|p1a: Heatran
|-damage|p1a: Heatran|0 fnt
|faint|p1a: Heatran
|
|
|switch|p1a: Tentacruel|Tentacruel, M|240\/364
|-damage|p1a: Tentacruel|195\/364|[from] Stealth Rock
|-sideend|p1: Erick mayonesa|move: Toxic Spikes|[of] p1a: Tentacruel
|turn|32
|
|move|p1a: Tentacruel|Rapid Spin|p2a: Slowbro
|-damage|p2a: Slowbro|258\/393
|-sideend|p1: Erick mayonesa|Stealth Rock|[from] move: Rapid Spin|[of] p1a: Tentacruel
|move|p2a: Slowbro|Psyshock|p1a: Tentacruel
|-supereffective|p1a: Tentacruel
|-damage|p1a: Tentacruel|0 fnt
|faint|p1a: Tentacruel
|
|
|switch|p1a: Sceptile|Sceptile-Mega, M|246\/281
|turn|33
|
|switch|p2a: Chansey|Chansey, F|662\/662
|-damage|p2a: Chansey|580\/662|[from] Stealth Rock
|move|p1a: Sceptile|Leaf Storm|p2a: Chansey
|-damage|p2a: Chansey|430\/662
|-unboost|p1a: Sceptile|spa|2
|
|turn|34
|
|switch|p1a: Landorus-Therian|Landorus-Therian, M|199\/382
|-ability|p1a: Landorus-Therian|Intimidate|[of] p2a: Chansey
|-unboost|p2a: Chansey|atk|1
|move|p2a: Chansey|Toxic|p1a: Landorus-Therian
|-status|p1a: Landorus-Therian|tox
|
|-damage|p1a: Landorus-Therian|176\/382 tox|[from] psn
|turn|35
|
|switch|p2a: Gliscor|Gliscor, F|351\/353 tox
|-damage|p2a: Gliscor|307\/353 tox|[from] Stealth Rock
|move|p1a: Landorus-Therian|Knock Off|p2a: Gliscor
|-damage|p2a: Gliscor|260\/353 tox
|
|-heal|p2a: Gliscor|304\/353 tox|[from] ability: Poison Heal
|-damage|p1a: Landorus-Therian|130\/382 tox|[from] psn
|turn|36
|
|move|p2a: Gliscor|Knock Off|p1a: Landorus-Therian
|-damage|p1a: Landorus-Therian|90\/382 tox
|move|p1a: Landorus-Therian|U-turn|p2a: Gliscor
|-resisted|p2a: Gliscor
|-damage|p2a: Gliscor|278\/353 tox
|
|switch|p1a: Sceptile|Sceptile-Mega, M|246\/281
|
|-heal|p2a: Gliscor|322\/353 tox|[from] ability: Poison Heal
|turn|37
|
|move|p1a: Sceptile|Dragon Pulse|p2a: Gliscor
|-damage|p2a: Gliscor|114\/353 tox
|move|p2a: Gliscor|Earthquake|p1a: Sceptile
|-resisted|p1a: Sceptile
|-damage|p1a: Sceptile|165\/281
|
|-heal|p2a: Gliscor|158\/353 tox|[from] ability: Poison Heal
|turn|38
|
|switch|p1a: Landorus-Therian|Landorus-Therian, M|90\/382 tox
|-ability|p1a: Landorus-Therian|Intimidate|[of] p2a: Gliscor
|-unboost|p2a: Gliscor|atk|1
|move|p2a: Gliscor|Protect|p2a: Gliscor
|-fail|p2a: Gliscor
|
|-heal|p2a: Gliscor|202\/353 tox|[from] ability: Poison Heal
|-damage|p1a: Landorus-Therian|67\/382 tox|[from] psn
|turn|39
|
|switch|p1a: Sceptile|Sceptile-Mega, M|165\/281
|move|p2a: Gliscor|Protect|p2a: Gliscor
|-fail|p2a: Gliscor
|
|-heal|p2a: Gliscor|246\/353 tox|[from] ability: Poison Heal
|turn|40
|
|move|p1a: Sceptile|Dragon Pulse|p2a: Gliscor
|-damage|p2a: Gliscor|21\/353 tox
|move|p2a: Gliscor|Earthquake|p1a: Sceptile
|-resisted|p1a: Sceptile
|-damage|p1a: Sceptile|109\/281
|
|-heal|p2a: Gliscor|65\/353 tox|[from] ability: Poison Heal
|turn|41
|
|move|p2a: Gliscor|Protect|p2a: Gliscor
|-singleturn|p2a: Gliscor|Protect
|move|p1a: Sceptile|Dragon Pulse|p2a: Gliscor
|-activate|p2a: Gliscor|Protect
|
|-heal|p2a: Gliscor|109\/353 tox|[from] ability: Poison Heal
|turn|42
|
|switch|p2a: Chansey|Chansey, F|430\/662
|-damage|p2a: Chansey|348\/662|[from] Stealth Rock
|move|p1a: Sceptile|Dragon Pulse|p2a: Chansey
|-damage|p2a: Chansey|258\/662
|
|turn|43
|
|switch|p1a: Landorus-Therian|Landorus-Therian, M|67\/382 tox
|-ability|p1a: Landorus-Therian|Intimidate|[of] p2a: Chansey
|-unboost|p2a: Chansey|atk|1
|move|p2a: Chansey|Soft-Boiled|p2a: Chansey
|-heal|p2a: Chansey|589\/662
|
|-damage|p1a: Landorus-Therian|44\/382 tox|[from] psn
|turn|44
|
|switch|p2a: Slowbro|Slowbro, F|389\/393
|-damage|p2a: Slowbro|340\/393|[from] Stealth Rock
|move|p1a: Landorus-Therian|U-turn|p2a: Slowbro
|-supereffective|p2a: Slowbro
|-damage|p2a: Slowbro|228\/393
|
|switch|p1a: Sceptile|Sceptile-Mega, M|109\/281
|
|turn|45
|
|move|p1a: Sceptile|Leaf Storm|p2a: Slowbro
|-supereffective|p2a: Slowbro
|-damage|p2a: Slowbro|0 fnt
|-unboost|p1a: Sceptile|spa|2
|faint|p2a: Slowbro
|
|
|switch|p2a: Gliscor|Gliscor, F|109\/353 tox
|-damage|p2a: Gliscor|65\/353 tox|[from] Stealth Rock
|turn|46
|
|switch|p1a: Landorus-Therian|Landorus-Therian, M|44\/382 tox
|-ability|p1a: Landorus-Therian|Intimidate|[of] p2a: Gliscor
|-unboost|p2a: Gliscor|atk|1
|move|p2a: Gliscor|Protect|p2a: Gliscor
|-fail|p2a: Gliscor
|
|-heal|p2a: Gliscor|109\/353 tox|[from] ability: Poison Heal
|-damage|p1a: Landorus-Therian|21\/382 tox|[from] psn
|turn|47
|
|move|p2a: Gliscor|Protect|p2a: Gliscor
|-singleturn|p2a: Gliscor|Protect
|move|p1a: Landorus-Therian|U-turn|p2a: Gliscor
|-activate|p2a: Gliscor|Protect
|
|-heal|p2a: Gliscor|153\/353 tox|[from] ability: Poison Heal
|-damage|p1a: Landorus-Therian|0 fnt|[from] psn
|faint|p1a: Landorus-Therian
|
|switch|p1a: Sceptile|Sceptile-Mega, M|109\/281
|turn|48
|
|move|p1a: Sceptile|Dragon Pulse|p2a: Gliscor
|-damage|p2a: Gliscor|0 fnt
|faint|p2a: Gliscor
|
|
|switch|p2a: Chansey|Chansey, F|589\/662
|-damage|p2a: Chansey|507\/662|[from] Stealth Rock
|turn|49
|
|move|p1a: Sceptile|Earthquake|p2a: Chansey
|-damage|p2a: Chansey|297\/662
|move|p2a: Chansey|Toxic|p1a: Sceptile
|-status|p1a: Sceptile|tox
|
|-damage|p1a: Sceptile|92\/281 tox|[from] psn
|turn|50
|
|move|p1a: Sceptile|Earthquake|p2a: Chansey
|-damage|p2a: Chansey|96\/662
|move|p2a: Chansey|Soft-Boiled|p2a: Chansey
|-heal|p2a: Chansey|427\/662
|
|-damage|p1a: Sceptile|58\/281 tox|[from] psn
|turn|51
|c|âErick mayonesa|gg
|c|âSupMayne|gg
|
|move|p1a: Sceptile|Earthquake|p2a: Chansey
|-damage|p2a: Chansey|230\/662
|move|p2a: Chansey|Seismic Toss|p1a: Sceptile
|-damage|p1a: Sceptile|0 fnt
|faint|p1a: Sceptile
|
|win|SupMayne
|raw|Ladder updating...
|raw|Erick mayonesa's rating: 1348 &rarr; <strong>1325<\/strong><br \/>(-23 for losing)
|raw|SupMayne's rating: 1304 &rarr; <strong>1326<\/strong><br \/>(+22 for winning)
|leave|Erick mayonesa
|join|Erick mayonesa
|player|p1
|leave|SupMayne