|join|TheSkyAboveUs
|join|SupMayne
|player|p1|TheSkyAboveUs|266
|player|p2|SupMayne|170
|gametype|singles
|gen|6
|tier|OU
|rated
|clearpoke
|poke|p1|Sableye, F, shiny
|poke|p1|Chansey, F, shiny
|poke|p1|Quagsire, F, shiny
|poke|p1|Skarmory, M, shiny
|poke|p1|Gliscor, F, shiny
|poke|p1|Cresselia, F, shiny
|poke|p2|Keldeo
|poke|p2|Excadrill, M
|poke|p2|Chansey, F
|poke|p2|Heatran, M
|poke|p2|Skarmory, F
|poke|p2|Venusaur, F
|rule|Swagger Clause: Swagger is banned
|rule|Baton Pass Clause: Limit one PokÃ©mon knowing Baton Pass
|rule|Sleep Clause Mod: Limit one foe put to sleep
|rule|Species Clause: Limit one of each PokÃ©mon
|rule|OHKO Clause: OHKO moves are banned
|rule|Moody Clause: Moody is banned
|rule|Evasion Moves Clause: Evasion moves are banned
|rule|Endless Battle Clause: Forcing endless battles is banned
|rule|HP Percentage Mod: HP is shown in percentages
|teampreview
|c|âSupMayne|is there a way i can ff before the game starts? without losing pts?
|c|âSupMayne|this game i bet takes at least 100 turns.
|c|âTheSkyAboveUs|do \/forfeit
|c|âSupMayne|i dont wanna lose pts..
|c|âTheSkyAboveUs|u not
|c|âSupMayne|bs.
|c|âSupMayne|u do it then.
|c|âTheSkyAboveUs|its just a forfeit
|c|âTheSkyAboveUs|trust me
|c|âSupMayne|this game literally gonna take
|c|âSupMayne|100 turns or mor
|c|âSupMayne|u have 0 sweepers
|c|âTheSkyAboveUs|bro just do \/forfeit pressing the X button will take pointsoff
|c|âSupMayne|nah u do it.
|c|âTheSkyAboveUs|why u want me to do it?
|c|âTheSkyAboveUs|Does it make a difference
|c|âSupMayne|i dont believe u
|c|âSupMayne|is the difference
|c|âTheSkyAboveUs|wynaut im telling the truth
|c|âSupMayne|lol ima find another game.
|
|start
|switch|p1a: Sableye|Sableye, F, shiny|301\/301
|switch|p2a: Rupture|Excadrill, M|361\/361
|-ability|p2a: Rupture|Mold Breaker
|turn|1
|
|switch|p2a: Inferno|Heatran, M|386\/386
|detailschange|p1a: Sableye|Sableye-Mega, F, shiny
|-mega|p1a: Sableye|Sableye|Sablenite
|move|p1a: Sableye|Will-O-Wisp|p2a: Inferno
|-start|p2a: Inferno|ability: Flash Fire
|
|turn|2
|
|switch|p1a: Chansey|Chansey, F, shiny|703\/703
|move|p2a: Inferno|Lava Plume|p1a: Chansey
|-damage|p1a: Chansey|588\/703
|
|turn|3
|
|switch|p2a: Venusaur|Venusaur, F|360\/360
|move|p1a: Chansey|Stealth Rock|p2a: Venusaur
|-sidestart|p2: SupMayne|move: Stealth Rock
|
|turn|4
|
|switch|p2a: Rupture|Excadrill, M|361\/361
|-damage|p2a: Rupture|350\/361|[from] Stealth Rock
|-ability|p2a: Rupture|Mold Breaker
|switch|p1a: Gliscor|Gliscor, F, shiny|352\/352
|
|-status|p1a: Gliscor|tox|[from] item: Toxic Orb
|turn|5
|
|switch|p2a: Helix|Skarmory, F|333\/333
|-damage|p2a: Helix|292\/333|[from] Stealth Rock
|move|p1a: Gliscor|Swords Dance|p1a: Gliscor
|-boost|p1a: Gliscor|atk|2
|
|turn|6
|
|move|p1a: Gliscor|Knock Off|p2a: Helix
|-damage|p2a: Helix|203\/333
|-damage|p1a: Gliscor|294\/352 tox|[from] item: Rocky Helmet|[of] p2a: Helix
|-enditem|p2a: Helix|Rocky Helmet|[from] move: Knock Off|[of] p1a: Gliscor
|move|p2a: Helix|Spikes|p1a: Gliscor
|-sidestart|p1: TheSkyAboveUs|Spikes
|
|-heal|p1a: Gliscor|338\/352 tox|[from] ability: Poison Heal
|turn|7
|
|switch|p1a: Sableye|Sableye-Mega, F, shiny|301\/301
|-damage|p1a: Sableye|264\/301|[from] Spikes
|move|p2a: Helix|Whirlwind|p1a: Sableye
|move|p1a: Sableye|Whirlwind|p2a: Helix|[from]Magic Bounce
|drag|p2a: Inferno|Heatran, M|386\/386
|-damage|p2a: Inferno|338\/386|[from] Stealth Rock
|
|-heal|p2a: Inferno|362\/386|[from] item: Leftovers
|turn|8
|
|switch|p1a: Gliscor|Gliscor, F, shiny|338\/352 tox
|move|p2a: Inferno|Lava Plume|p1a: Gliscor
|-damage|p1a: Gliscor|235\/352 tox
|
|-heal|p2a: Inferno|386\/386|[from] item: Leftovers
|-heal|p1a: Gliscor|279\/352 tox|[from] ability: Poison Heal
|turn|9
|
|switch|p2a: Venusaur|Venusaur, F|360\/360
|-damage|p2a: Venusaur|315\/360|[from] Stealth Rock
|move|p1a: Gliscor|Earthquake|p2a: Venusaur
|-damage|p2a: Venusaur|222\/360
|
|-heal|p1a: Gliscor|323\/352 tox|[from] ability: Poison Heal
|turn|10
|
|switch|p1a: Sableye|Sableye-Mega, F, shiny|264\/301
|-damage|p1a: Sableye|227\/301|[from] Spikes
|detailschange|p2a: Venusaur|Venusaur-Mega, F
|-mega|p2a: Venusaur|Venusaur|Venusaurite
|move|p2a: Venusaur|Sludge Bomb|p1a: Sableye
|-resisted|p1a: Sableye
|-damage|p1a: Sableye|173\/301
|
|turn|11
|
|switch|p2a: Rupture|Excadrill, M|350\/361
|-damage|p2a: Rupture|339\/361|[from] Stealth Rock
|-ability|p2a: Rupture|Mold Breaker
|switch|p1a: Skarmory|Skarmory, M, shiny|333\/333
|
|turn|12
|
|switch|p2a: Chansey|Chansey, F|642\/642
|-damage|p2a: Chansey|562\/642|[from] Stealth Rock
|switch|p1a: Sableye|Sableye-Mega, F, shiny|173\/301
|-damage|p1a: Sableye|136\/301|[from] Spikes
|
|turn|13
|
|switch|p2a: Rupture|Excadrill, M|339\/361
|-damage|p2a: Rupture|328\/361|[from] Stealth Rock
|-ability|p2a: Rupture|Mold Breaker
|move|p1a: Sableye|Recover|p1a: Sableye
|-heal|p1a: Sableye|287\/301
|
|turn|14
|
|switch|p1a: Gliscor|Gliscor, F, shiny|323\/352 tox
|move|p2a: Rupture|Earthquake|p1a: Gliscor
|-immune|p1a: Gliscor|[msg]
|
|-heal|p1a: Gliscor|352\/352 tox|[from] ability: Poison Heal
|turn|15
|
|switch|p2a: Venusaur|Venusaur-Mega, F|222\/360
|-damage|p2a: Venusaur|177\/360|[from] Stealth Rock
|move|p1a: Gliscor|Earthquake|p2a: Venusaur
|-damage|p2a: Venusaur|104\/360
|
|turn|16
|
|move|p1a: Gliscor|Swords Dance|p1a: Gliscor
|-boost|p1a: Gliscor|atk|2
|move|p2a: Venusaur|Synthesis|p2a: Venusaur
|-heal|p2a: Venusaur|284\/360
|
|turn|17
|
|move|p1a: Gliscor|Earthquake|p2a: Venusaur
|-damage|p2a: Venusaur|137\/360
|move|p2a: Venusaur|Leech Seed|p1a: Gliscor
|-start|p1a: Gliscor|move: Leech Seed
|
|-damage|p1a: Gliscor|308\/352 tox|[from] Leech Seed|[of] p2a: Venusaur
|-heal|p2a: Venusaur|181\/360|[silent]
|-heal|p1a: Gliscor|352\/352 tox|[from] ability: Poison Heal
|turn|18
|
|switch|p1a: Sableye|Sableye-Mega, F, shiny|287\/301
|-damage|p1a: Sableye|250\/301|[from] Spikes
|move|p2a: Venusaur|Giga Drain|p1a: Sableye
|-damage|p1a: Sableye|150\/301
|-heal|p2a: Venusaur|231\/360|[from] drain|[of] p1a: Sableye
|
|turn|19
|
|switch|p1a: Skarmory|Skarmory, M, shiny|333\/333
|move|p2a: Venusaur|Giga Drain|p1a: Skarmory
|-resisted|p1a: Skarmory
|-damage|p1a: Skarmory|299\/333
|-heal|p2a: Venusaur|248\/360|[from] drain|[of] p1a: Skarmory
|
|turn|20
|
|move|p2a: Venusaur|Leech Seed|p1a: Skarmory
|-start|p1a: Skarmory|move: Leech Seed
|move|p1a: Skarmory|Whirlwind|p2a: Venusaur
|drag|p2a: Helix|Skarmory, F|203\/333
|-damage|p2a: Helix|162\/333|[from] Stealth Rock
|
|-damage|p1a: Skarmory|258\/333|[from] Leech Seed|[of] p2a: Helix
|-heal|p2a: Helix|203\/333|[silent]
|turn|21
|
|switch|p1a: Gliscor|Gliscor, F, shiny|352\/352 tox
|move|p2a: Helix|Spikes|p1a: Gliscor
|-sidestart|p1: TheSkyAboveUs|Spikes
|
|turn|22
|
|switch|p1a: Skarmory|Skarmory, M, shiny|258\/333
|move|p2a: Helix|Spikes|p1a: Skarmory
|-sidestart|p1: TheSkyAboveUs|Spikes
|
|turn|23
|
|move|p2a: Helix|Roost|p2a: Helix
|-heal|p2a: Helix|333\/333
|move|p1a: Skarmory|Defog|p2a: Helix
|-unboost|p2a: Helix|evasion|1
|-sideend|p2: SupMayne|Stealth Rock|[from] move: Defog|[of] p2a: Helix
|-sideend|p1: TheSkyAboveUs|Spikes|[from] move: Defog|[of] p1a: Skarmory
|
|turn|24
|
|switch|p1a: Sableye|Sableye-Mega, F, shiny|150\/301
|move|p2a: Helix|Whirlwind|p1a: Sableye
|move|p1a: Sableye|Whirlwind|p2a: Helix|[from]Magic Bounce
|drag|p2a: Venusaur|Venusaur-Mega, F|248\/360
|
|turn|25
|
|switch|p1a: Chansey|Chansey, F, shiny|588\/703
|move|p2a: Venusaur|Giga Drain|p1a: Chansey
|-damage|p1a: Chansey|518\/703
|-heal|p2a: Venusaur|283\/360|[from] drain|[of] p1a: Chansey
|
|turn|26
|
|move|p2a: Venusaur|Leech Seed|p1a: Chansey
|-start|p1a: Chansey|move: Leech Seed
|move|p1a: Chansey|Thunder Wave|p2a: Venusaur
|-status|p2a: Venusaur|par
|
|-damage|p1a: Chansey|431\/703|[from] Leech Seed|[of] p2a: Venusaur
|-heal|p2a: Venusaur|360\/360 par|[silent]
|turn|27
|
|switch|p1a: Skarmory|Skarmory, M, shiny|258\/333
|switch|p2a: Rupture|Excadrill, M|328\/361
|-ability|p2a: Rupture|Mold Breaker
|
|turn|28
|
|switch|p2a: Keldeo|Keldeo|323\/323
|move|p1a: Skarmory|Roost|p1a: Skarmory
|-heal|p1a: Skarmory|333\/333
|
|turn|29
|
|switch|p1a: Cresselia|Cresselia, F, shiny|443\/443
|move|p2a: Keldeo|Scald|p1a: Cresselia
|-crit|p1a: Cresselia
|-damage|p1a: Cresselia|286\/443
|
|-heal|p1a: Cresselia|313\/443|[from] item: Leftovers
|turn|30
|
|switch|p2a: Chansey|Chansey, F|562\/642
|switch|p1a: Gliscor|Gliscor, F, shiny|352\/352 tox
|
|turn|31
|
|move|p1a: Gliscor|Knock Off|p2a: Chansey
|-damage|p2a: Chansey|452\/642
|-enditem|p2a: Chansey|Eviolite|[from] move: Knock Off|[of] p1a: Gliscor
|move|p2a: Chansey|Aromatherapy|p2a: Chansey
|-cureteam|p2a: Chansey|[from] move: Aromatherapy
|
|turn|32
|c|âSupMayne|eviolite doesnt help me much anyways
|
|switch|p2a: Venusaur|Venusaur-Mega, F|360\/360
|move|p1a: Gliscor|Swords Dance|p1a: Gliscor
|-boost|p1a: Gliscor|atk|2
|
|turn|33
|
|move|p1a: Gliscor|Swords Dance|p1a: Gliscor
|-boost|p1a: Gliscor|atk|2
|move|p2a: Venusaur|Giga Drain|p1a: Gliscor
|-damage|p1a: Gliscor|258\/352 tox
|
|-heal|p1a: Gliscor|302\/352 tox|[from] ability: Poison Heal
|turn|34
|
|move|p1a: Gliscor|Earthquake|p2a: Venusaur
|-damage|p2a: Venusaur|149\/360
|move|p2a: Venusaur|Leech Seed|p1a: Gliscor
|-start|p1a: Gliscor|move: Leech Seed
|
|-damage|p1a: Gliscor|258\/352 tox|[from] Leech Seed|[of] p2a: Venusaur
|-heal|p2a: Venusaur|193\/360|[silent]
|-heal|p1a: Gliscor|302\/352 tox|[from] ability: Poison Heal
|turn|35
|
|switch|p1a: Sableye|Sableye-Mega, F, shiny|150\/301
|switch|p2a: Helix|Skarmory, F|333\/333
|
|turn|36
|
|move|p2a: Helix|Brave Bird|p1a: Sableye
|-damage|p1a: Sableye|75\/301
|-damage|p2a: Helix|308\/333|[from] recoil|[of] p1a: Sableye
|move|p1a: Sableye|Recover|p1a: Sableye
|-heal|p1a: Sableye|226\/301
|
|turn|37
|
|switch|p2a: Rupture|Excadrill, M|328\/361
|-ability|p2a: Rupture|Mold Breaker
|move|p1a: Sableye|Will-O-Wisp|p2a: Rupture
|-status|p2a: Rupture|brn
|
|-damage|p2a: Rupture|283\/361 brn|[from] brn
|turn|38
|c|âTheSkyAboveUs|the guy put the timer on u
|c|âTheSkyAboveUs|tick tock
|
|switch|p2a: Chansey|Chansey, F|452\/642
|move|p1a: Sableye|Calm Mind|p1a: Sableye
|-boost|p1a: Sableye|spa|1
|-boost|p1a: Sableye|spd|1
|
|turn|39
|
|move|p2a: Chansey|Aromatherapy|p2a: Chansey
|-cureteam|p2a: Chansey|[from] move: Aromatherapy
|move|p1a: Sableye|Calm Mind|p1a: Sableye
|-boost|p1a: Sableye|spa|1
|-boost|p1a: Sableye|spd|1
|
|turn|40
|join|Beastlycheeze
|
|switch|p2a: Inferno|Heatran, M|386\/386
|move|p1a: Sableye|Recover|p1a: Sableye
|-heal|p1a: Sableye|301\/301
|
|turn|41
|c| Beastlycheeze|whats going on down this neck of the woods
|leave|Beastlycheeze
|
|move|p2a: Inferno|Lava Plume|p1a: Sableye
|-damage|p1a: Sableye|252\/301
|move|p1a: Sableye|Calm Mind|p1a: Sableye
|-boost|p1a: Sableye|spa|1
|-boost|p1a: Sableye|spd|1
|
|turn|42
|
|move|p2a: Inferno|Lava Plume|p1a: Sableye
|-damage|p1a: Sableye|209\/301
|move|p1a: Sableye|Calm Mind|p1a: Sableye
|-boost|p1a: Sableye|spa|1
|-boost|p1a: Sableye|spd|1
|
|turn|43
|c|âSupMayne|mega sableye needs a namd
|c|âSupMayne|ban
|
|move|p2a: Inferno|Lava Plume|p1a: Sableye
|-damage|p1a: Sableye|172\/301
|move|p1a: Sableye|Calm Mind|p1a: Sableye
|-boost|p1a: Sableye|spa|1
|-boost|p1a: Sableye|spd|1
|
|turn|44
|c|âTheSkyAboveUs|lol
|c|âSupMayne|if u arent running charizard x or azumarril or clefable its gg
|c|âTheSkyAboveUs|yea
|
|move|p2a: Inferno|Lava Plume|p1a: Sableye
|-damage|p1a: Sableye|142\/301
|move|p1a: Sableye|Recover|p1a: Sableye
|-heal|p1a: Sableye|293\/301
|
|turn|45
|c|âSupMayne|thats 4 lava plume and no burn
|
|move|p2a: Inferno|Lava Plume|p1a: Sableye
|-damage|p1a: Sableye|260\/301
|-status|p1a: Sableye|brn
|move|p1a: Sableye|Calm Mind|p1a: Sableye
|-boost|p1a: Sableye|spa|1
|-boost|p1a: Sableye|spd|1
|
|-damage|p1a: Sableye|223\/301 brn|[from] brn
|turn|46
|c|âTheSkyAboveUs|i feel u
|
|move|p2a: Inferno|Lava Plume|p1a: Sableye
|-damage|p1a: Sableye|195\/301 brn
|move|p1a: Sableye|Recover|p1a: Sableye
|-heal|p1a: Sableye|301\/301 brn
|
|-damage|p1a: Sableye|264\/301 brn|[from] brn
|turn|47
|
|move|p2a: Inferno|Lava Plume|p1a: Sableye
|-damage|p1a: Sableye|236\/301 brn
|move|p1a: Sableye|Dark Pulse|p2a: Inferno
|-damage|p2a: Inferno|172\/386
|
|-heal|p2a: Inferno|196\/386|[from] item: Leftovers
|-damage|p1a: Sableye|199\/301 brn|[from] brn
|turn|48
|c|âSupMayne|k maybe i did need eviloite
|
|move|p2a: Inferno|Lava Plume|p1a: Sableye
|-damage|p1a: Sableye|171\/301 brn
|move|p1a: Sableye|Dark Pulse|p2a: Inferno
|-damage|p2a: Inferno|0 fnt
|faint|p2a: Inferno
|
|-damage|p1a: Sableye|134\/301 brn|[from] brn
|c|âTheSkyAboveUs|lol
|
|switch|p2a: Rupture|Excadrill, M|283\/361
|-ability|p2a: Rupture|Mold Breaker
|turn|49
|c|âSupMayne|get off your poke calculator im gonna get a crit anyways
|
|switch|p1a: Skarmory|Skarmory, M, shiny|333\/333
|move|p2a: Rupture|Earthquake|p1a: Skarmory
|-immune|p1a: Skarmory|[msg]
|
|turn|50
|
|switch|p2a: Keldeo|Keldeo|323\/323
|move|p1a: Skarmory|Whirlwind|p2a: Keldeo
|drag|p2a: Helix|Skarmory, F|308\/333
|
|turn|51
|c|âTheSkyAboveUs|Im staying in lol
|
|move|p2a: Helix|Spikes|p1a: Skarmory
|-sidestart|p1: TheSkyAboveUs|Spikes
|move|p1a: Skarmory|Whirlwind|p2a: Helix
|drag|p2a: Chansey|Chansey, F|452\/642
|
|turn|52
|
|move|p1a: Skarmory|Defog|p2a: Chansey
|-unboost|p2a: Chansey|evasion|1
|-sideend|p1: TheSkyAboveUs|Spikes|[from] move: Defog|[of] p1a: Skarmory
|move|p2a: Chansey|Thunder Wave|p1a: Skarmory
|-status|p1a: Skarmory|par
|
|turn|53
|
|switch|p1a: Sableye|Sableye-Mega, F, shiny|134\/301 brn
|move|p2a: Chansey|Seismic Toss|p1a: Sableye
|-immune|p1a: Sableye|[msg]
|
|-damage|p1a: Sableye|97\/301 brn|[from] brn
|turn|54
|
|switch|p2a: Rupture|Excadrill, M|283\/361
|-ability|p2a: Rupture|Mold Breaker
|move|p1a: Sableye|Recover|p1a: Sableye
|-heal|p1a: Sableye|248\/301 brn
|
|-damage|p1a: Sableye|211\/301 brn|[from] brn
|turn|55
|c|âSupMayne|how is mega sableye not banned?
|c|âSupMayne|i have to hope for willo to  miss
|
|switch|p1a: Cresselia|Cresselia, F, shiny|313\/443
|move|p2a: Rupture|Earthquake|p1a: Cresselia
|-damage|p1a: Cresselia|174\/443
|
|-heal|p1a: Cresselia|201\/443|[from] item: Leftovers
|turn|56
|
|switch|p2a: Chansey|Chansey, F|452\/642
|move|p1a: Cresselia|Moonlight|p1a: Cresselia
|-heal|p1a: Cresselia|422\/443
|
|-heal|p1a: Cresselia|443\/443|[from] item: Leftovers
|turn|57
|c|âTheSkyAboveUs|forgot about that
|c|âSupMayne|just won my other game.
|c|âSupMayne|here this game gonna take forever.
|c|âSupMayne|you couldnt get a game in with this team on the video game btw..
|c|âSupMayne|take too long
|c|âTheSkyAboveUs|ppl rage quit
|
|switch|p1a: Gliscor|Gliscor, F, shiny|302\/352 tox
|move|p2a: Chansey|Thunder Wave|p1a: Gliscor
|-immune|p1a: Gliscor|[msg]
|
|-heal|p1a: Gliscor|346\/352 tox|[from] ability: Poison Heal
|turn|58
|c|âSupMayne|its not rage quit.
|c|âSupMayne|its i dotn wanna waste my time quit
|c|âTheSkyAboveUs|well forfeit
|
|switch|p1a: Quagsire|Quagsire, F, shiny|394\/394
|switch|p2a: Helix|Skarmory, F|308\/333
|
|turn|59
|c|âSupMayne|nah.
|
|switch|p1a: Sableye|Sableye-Mega, F, shiny|211\/301 brn
|move|p2a: Helix|Spikes|p1a: Sableye
|move|p1a: Sableye|Spikes|p2a: Helix|[from]Magic Bounce
|-sidestart|p2: SupMayne|Spikes
|
|-damage|p1a: Sableye|174\/301 brn|[from] brn
|turn|60
|
|switch|p2a: Keldeo|Keldeo|323\/323
|-damage|p2a: Keldeo|283\/323|[from] Spikes
|move|p1a: Sableye|Recover|p1a: Sableye
|-heal|p1a: Sableye|301\/301 brn
|
|-damage|p1a: Sableye|264\/301 brn|[from] brn
|turn|61
|c|âSupMayne|turn 60
|c|âSupMayne|lol
|
|switch|p1a: Quagsire|Quagsire, F, shiny|394\/394
|move|p2a: Keldeo|Hydro Pump|p1a: Quagsire
|-damage|p1a: Quagsire|93\/394
|
|-heal|p1a: Quagsire|117\/394|[from] item: Leftovers
|turn|62
|c|âTheSkyAboveUs|wtf
|c|âTheSkyAboveUs|lol i thought u wen tfor scald nvm
|
|switch|p1a: Chansey|Chansey, F, shiny|431\/703
|move|p2a: Keldeo|Hydro Pump|p1a: Chansey
|-crit|p1a: Chansey
|-damage|p1a: Chansey|226\/703
|
|turn|63
|
|switch|p2a: Rupture|Excadrill, M|283\/361
|-damage|p2a: Rupture|238\/361|[from] Spikes
|-ability|p2a: Rupture|Mold Breaker
|move|p1a: Chansey|Soft-Boiled|p1a: Chansey
|-heal|p1a: Chansey|578\/703
|
|turn|64
|
|move|p2a: Rupture|Rapid Spin|p1a: Chansey
|-crit|p1a: Chansey
|-damage|p1a: Chansey|529\/703
|-sideend|p2: SupMayne|Spikes|[from] move: Rapid Spin|[of] p2a: Rupture
|move|p1a: Chansey|Stealth Rock|p2a: Rupture
|-sidestart|p2: SupMayne|move: Stealth Rock
|
|turn|65
|
|switch|p2a: Keldeo|Keldeo|283\/323
|-damage|p2a: Keldeo|263\/323|[from] Stealth Rock
|switch|p1a: Quagsire|Quagsire, F, shiny|117\/394
|
|-heal|p1a: Quagsire|141\/394|[from] item: Leftovers
|turn|66
|
|switch|p1a: Cresselia|Cresselia, F, shiny|443\/443
|move|p2a: Keldeo|Secret Sword|p1a: Cresselia
|-resisted|p1a: Cresselia
|-damage|p1a: Cresselia|386\/443
|
|-heal|p1a: Cresselia|413\/443|[from] item: Leftovers
|turn|67
|
|switch|p2a: Chansey|Chansey, F|452\/642
|-damage|p2a: Chansey|372\/642|[from] Stealth Rock
|move|p1a: Cresselia|Psychic|p2a: Chansey
|-damage|p2a: Chansey|314\/642
|
|-heal|p1a: Cresselia|440\/443|[from] item: Leftovers
|turn|68
|
|switch|p1a: Gliscor|Gliscor, F, shiny|346\/352 tox
|move|p2a: Chansey|Soft-Boiled|p2a: Chansey
|-heal|p2a: Chansey|635\/642
|
|-heal|p1a: Gliscor|352\/352 tox|[from] ability: Poison Heal
|turn|69
|c|âSupMayne|if i had azumarril on my team you would lose.
|c|âTheSkyAboveUs|depends on what set
|
|switch|p1a: Quagsire|Quagsire, F, shiny|141\/394
|switch|p2a: Helix|Skarmory, F|308\/333
|-damage|p2a: Helix|267\/333|[from] Stealth Rock
|
|-heal|p1a: Quagsire|165\/394|[from] item: Leftovers
|turn|70
|
|switch|p1a: Sableye|Sableye-Mega, F, shiny|264\/301 brn
|move|p2a: Helix|Brave Bird|p1a: Sableye
|-damage|p1a: Sableye|191\/301 brn
|-damage|p2a: Helix|243\/333|[from] recoil|[of] p1a: Sableye
|
|-damage|p1a: Sableye|154\/301 brn|[from] brn
|turn|71
|
|switch|p2a: Keldeo|Keldeo|263\/323
|-damage|p2a: Keldeo|243\/323|[from] Stealth Rock
|move|p1a: Sableye|Recover|p1a: Sableye
|-heal|p1a: Sableye|301\/301 brn
|
|-damage|p1a: Sableye|264\/301 brn|[from] brn
|turn|72
|
|switch|p1a: Chansey|Chansey, F, shiny|529\/703
|move|p2a: Keldeo|Hydro Pump|p1a: Chansey
|-damage|p1a: Chansey|402\/703
|
|turn|73
|
|switch|p2a: Rupture|Excadrill, M|238\/361
|-damage|p2a: Rupture|227\/361|[from] Stealth Rock
|-ability|p2a: Rupture|Mold Breaker
|move|p1a: Chansey|Soft-Boiled|p1a: Chansey
|-heal|p1a: Chansey|703\/703
|
|turn|74
|
|move|p2a: Rupture|Rapid Spin|p1a: Chansey
|-damage|p1a: Chansey|670\/703
|-sideend|p2: SupMayne|Stealth Rock|[from] move: Rapid Spin|[of] p2a: Rupture
|move|p1a: Chansey|Seismic Toss|p2a: Rupture
|-damage|p2a: Rupture|127\/361
|
|turn|75
|
|switch|p2a: Keldeo|Keldeo|243\/323
|move|p1a: Chansey|Stealth Rock|p2a: Keldeo
|-sidestart|p2: SupMayne|move: Stealth Rock
|
|turn|76
|
|switch|p1a: Cresselia|Cresselia, F, shiny|440\/443
|move|p2a: Keldeo|Secret Sword|p1a: Cresselia
|-crit|p1a: Cresselia
|-resisted|p1a: Cresselia
|-damage|p1a: Cresselia|353\/443
|
|-heal|p1a: Cresselia|380\/443|[from] item: Leftovers
|turn|77
|
|switch|p2a: Chansey|Chansey, F|635\/642
|-damage|p2a: Chansey|555\/642|[from] Stealth Rock
|switch|p1a: Quagsire|Quagsire, F, shiny|165\/394
|
|-heal|p1a: Quagsire|189\/394|[from] item: Leftovers
|turn|78
|
|switch|p2a: Rupture|Excadrill, M|127\/361
|-damage|p2a: Rupture|116\/361|[from] Stealth Rock
|-ability|p2a: Rupture|Mold Breaker
|move|p1a: Quagsire|Recover|p1a: Quagsire
|-heal|p1a: Quagsire|386\/394
|
|-heal|p1a: Quagsire|394\/394|[from] item: Leftovers
|turn|79
|c|âSupMayne|like how do u enjoy playing with that team?
|c|âTheSkyAboveUs|it got to 1600 b4
|c|âSupMayne|u like 1 hr games?
|c|âTheSkyAboveUs|usually my victims forfeit
|
|switch|p2a: Venusaur|Venusaur-Mega, F|193\/360
|-damage|p2a: Venusaur|148\/360|[from] Stealth Rock
|move|p1a: Quagsire|Scald|p2a: Venusaur
|-resisted|p2a: Venusaur
|-damage|p2a: Venusaur|124\/360
|-status|p2a: Venusaur|brn
|
|-damage|p2a: Venusaur|79\/360 brn|[from] brn
|turn|80
|c|âSupMayne|so the strategy is to stall until they forfeit
|c|âTheSkyAboveUs|or there mons r weaken
|c|âSupMayne|unless they have cahrizard x or clefable or azu.
|c|âSupMayne|those 3 wreck your team
|
|move|p2a: Venusaur|Synthesis|p2a: Venusaur
|-heal|p2a: Venusaur|259\/360 brn
|move|p1a: Quagsire|Earthquake|p2a: Venusaur
|-damage|p2a: Venusaur|193\/360 brn
|
|-damage|p2a: Venusaur|148\/360 brn|[from] brn
|turn|81
|c|âSupMayne|or if they have a taunter
|c|âTheSkyAboveUs|how does clef wrecks?
|c|âSupMayne|kills skarmory. sableye.
|
|switch|p1a: Gliscor|Gliscor, F, shiny|352\/352 tox
|move|p2a: Venusaur|Synthesis|p2a: Venusaur
|-heal|p2a: Venusaur|328\/360 brn
|
|-damage|p2a: Venusaur|283\/360 brn|[from] brn
|turn|82
|c|âTheSkyAboveUs|taunt mega gyara and im done
|
|switch|p1a: Sableye|Sableye-Mega, F, shiny|264\/301 brn
|move|p2a: Venusaur|Giga Drain|p1a: Sableye
|-damage|p1a: Sableye|173\/301 brn
|-heal|p2a: Venusaur|329\/360 brn|[from] drain|[of] p1a: Sableye
|
|-damage|p2a: Venusaur|284\/360 brn|[from] brn
|-damage|p1a: Sableye|136\/301 brn|[from] brn
|turn|83
|
|switch|p2a: Keldeo|Keldeo|243\/323
|-damage|p2a: Keldeo|223\/323|[from] Stealth Rock
|move|p1a: Sableye|Recover|p1a: Sableye
|-heal|p1a: Sableye|287\/301 brn
|
|-damage|p1a: Sableye|250\/301 brn|[from] brn
|turn|84
|
|switch|p1a: Cresselia|Cresselia, F, shiny|380\/443
|move|p2a: Keldeo|Secret Sword|p1a: Cresselia
|-resisted|p1a: Cresselia
|-damage|p1a: Cresselia|322\/443
|
|-heal|p1a: Cresselia|349\/443|[from] item: Leftovers
|turn|85
|
|switch|p2a: Chansey|Chansey, F|555\/642
|-damage|p2a: Chansey|475\/642|[from] Stealth Rock
|move|p1a: Cresselia|Toxic|p2a: Chansey|[miss]
|-miss|p1a: Cresselia|p2a: Chansey
|
|-heal|p1a: Cresselia|376\/443|[from] item: Leftovers
|turn|86
|
|move|p1a: Cresselia|Toxic|p2a: Chansey
|-status|p2a: Chansey|tox
|move|p2a: Chansey|Thunder Wave|p1a: Cresselia
|-status|p1a: Cresselia|par
|
|-heal|p1a: Cresselia|403\/443 par|[from] item: Leftovers
|-damage|p2a: Chansey|435\/642 tox|[from] psn
|turn|87
|
|move|p2a: Chansey|Aromatherapy|p2a: Chansey
|-cureteam|p2a: Chansey|[from] move: Aromatherapy
|move|p1a: Cresselia|Skill Swap|p2a: Chansey
|-activate|p1a: Cresselia|move: Skill Swap|Natural Cure|Levitate|[of] p2a: Chansey
|
|-heal|p1a: Cresselia|430\/443 par|[from] item: Leftovers
|turn|88
|
|switch|p2a: Rupture|Excadrill, M|116\/361
|-damage|p2a: Rupture|105\/361|[from] Stealth Rock
|-ability|p2a: Rupture|Mold Breaker
|switch|p1a: Chansey|Chansey, F, shiny|670\/703
|
|turn|89
|c|âTheSkyAboveUs|that was obv
|
|move|p2a: Rupture|Iron Head|p1a: Chansey
|-damage|p1a: Chansey|487\/703
|move|p1a: Chansey|Seismic Toss|p2a: Rupture
|-damage|p2a: Rupture|5\/361
|
|turn|90
|
|move|p2a: Rupture|Iron Head|p1a: Chansey
|-damage|p1a: Chansey|285\/703
|cant|p1a: Chansey|flinch
|
|turn|91
|
|move|p2a: Rupture|Iron Head|p1a: Chansey
|-damage|p1a: Chansey|96\/703
|move|p1a: Chansey|Soft-Boiled|p1a: Chansey
|-heal|p1a: Chansey|448\/703
|
|turn|92
|
|move|p2a: Rupture|Iron Head|p1a: Chansey
|-crit|p1a: Chansey
|-damage|p1a: Chansey|148\/703
|move|p1a: Chansey|Soft-Boiled|p1a: Chansey
|-heal|p1a: Chansey|500\/703
|
|turn|93
|
|switch|p1a: Quagsire|Quagsire, F, shiny|394\/394
|move|p2a: Rupture|Iron Head|p1a: Quagsire
|-resisted|p1a: Quagsire
|-damage|p1a: Quagsire|337\/394
|
|-heal|p1a: Quagsire|361\/394|[from] item: Leftovers
|turn|94
|
|move|p2a: Rupture|Iron Head|p1a: Quagsire
|-resisted|p1a: Quagsire
|-damage|p1a: Quagsire|297\/394
|move|p1a: Quagsire|Scald|p2a: Rupture
|-supereffective|p2a: Rupture
|-damage|p2a: Rupture|0 fnt
|faint|p2a: Rupture
|
|-heal|p1a: Quagsire|321\/394|[from] item: Leftovers
|
|switch|p2a: Venusaur|Venusaur-Mega, F|284\/360
|-damage|p2a: Venusaur|239\/360|[from] Stealth Rock
|turn|95
|
|switch|p1a: Sableye|Sableye-Mega, F, shiny|250\/301 brn
|move|p2a: Venusaur|Giga Drain|p1a: Sableye
|-damage|p1a: Sableye|154\/301 brn
|-heal|p2a: Venusaur|287\/360|[from] drain|[of] p1a: Sableye
|
|-damage|p1a: Sableye|117\/301 brn|[from] brn
|turn|96
|
|move|p2a: Venusaur|Giga Drain|p1a: Sableye
|-damage|p1a: Sableye|27\/301 brn
|-heal|p2a: Venusaur|332\/360|[from] drain|[of] p1a: Sableye
|move|p1a: Sableye|Recover|p1a: Sableye
|-heal|p1a: Sableye|178\/301 brn
|
|-damage|p1a: Sableye|141\/301 brn|[from] brn
|turn|97
|
|switch|p1a: Cresselia|Cresselia, F, shiny|430\/443
|move|p2a: Venusaur|Giga Drain|p1a: Cresselia
|-damage|p1a: Cresselia|352\/443
|-heal|p2a: Venusaur|360\/360|[from] drain|[of] p1a: Cresselia
|
|-heal|p1a: Cresselia|379\/443|[from] item: Leftovers
|turn|98
|
|switch|p2a: Chansey|Chansey, F|435\/642
|-damage|p2a: Chansey|355\/642|[from] Stealth Rock
|move|p1a: Cresselia|Psychic|p2a: Chansey
|-crit|p2a: Chansey
|-damage|p2a: Chansey|265\/642
|
|-heal|p1a: Cresselia|406\/443|[from] item: Leftovers
|turn|99
|
|switch|p1a: Sableye|Sableye-Mega, F, shiny|141\/301 brn
|move|p2a: Chansey|Soft-Boiled|p2a: Chansey
|-heal|p2a: Chansey|586\/642
|
|-damage|p1a: Sableye|104\/301 brn|[from] brn
|turn|100
|
|switch|p2a: Keldeo|Keldeo|223\/323
|-damage|p2a: Keldeo|203\/323|[from] Stealth Rock
|move|p1a: Sableye|Recover|p1a: Sableye
|-heal|p1a: Sableye|255\/301 brn
|
|-damage|p1a: Sableye|218\/301 brn|[from] brn
|turn|101
|
|switch|p1a: Chansey|Chansey, F, shiny|500\/703
|move|p2a: Keldeo|Hydro Pump|p1a: Chansey
|-damage|p1a: Chansey|356\/703
|
|turn|102
|
|switch|p2a: Venusaur|Venusaur-Mega, F|360\/360
|-damage|p2a: Venusaur|315\/360|[from] Stealth Rock
|move|p1a: Chansey|Soft-Boiled|p1a: Chansey
|-heal|p1a: Chansey|703\/703
|
|turn|103
|
|move|p2a: Venusaur|Leech Seed|p1a: Chansey
|-start|p1a: Chansey|move: Leech Seed
|move|p1a: Chansey|Thunder Wave|p2a: Venusaur
|-status|p2a: Venusaur|par
|
|-damage|p1a: Chansey|616\/703|[from] Leech Seed|[of] p2a: Venusaur
|-heal|p2a: Venusaur|360\/360 par|[silent]
|turn|104
|
|switch|p1a: Skarmory|Skarmory, M, shiny|333\/333 par
|move|p2a: Venusaur|Giga Drain|p1a: Skarmory
|-resisted|p1a: Skarmory
|-damage|p1a: Skarmory|298\/333 par
|
|turn|105
|
|cant|p2a: Venusaur|par
|cant|p1a: Skarmory|par
|
|turn|106
|
|cant|p2a: Venusaur|par
|cant|p1a: Skarmory|par
|
|turn|107
|
|move|p2a: Venusaur|Leech Seed|p1a: Skarmory
|-start|p1a: Skarmory|move: Leech Seed
|move|p1a: Skarmory|Brave Bird|p2a: Venusaur
|-supereffective|p2a: Venusaur
|-damage|p2a: Venusaur|202\/360 par
|-damage|p1a: Skarmory|246\/333 par|[from] recoil|[of] p2a: Venusaur
|
|-damage|p1a: Skarmory|205\/333 par|[from] Leech Seed|[of] p2a: Venusaur
|-heal|p2a: Venusaur|243\/360 par|[silent]
|turn|108
|
|cant|p2a: Venusaur|par
|move|p1a: Skarmory|Roost|p1a: Skarmory
|-heal|p1a: Skarmory|333\/333 par
|
|-damage|p1a: Skarmory|292\/333 par|[from] Leech Seed|[of] p2a: Venusaur
|-heal|p2a: Venusaur|284\/360 par|[silent]
|turn|109
|
|switch|p1a: Cresselia|Cresselia, F, shiny|406\/443
|cant|p2a: Venusaur|par
|
|-heal|p1a: Cresselia|433\/443|[from] item: Leftovers
|turn|110
|
|switch|p2a: Chansey|Chansey, F|586\/642
|-damage|p2a: Chansey|506\/642|[from] Stealth Rock
|move|p1a: Cresselia|Psychic|p2a: Chansey
|-damage|p2a: Chansey|446\/642
|
|-heal|p1a: Cresselia|443\/443|[from] item: Leftovers
|turn|111
|
|switch|p1a: Skarmory|Skarmory, M, shiny|292\/333 par
|move|p2a: Chansey|Thunder Wave|p1a: Skarmory
|-fail|p1a: Skarmory|par
|
|turn|112
|
|move|p2a: Chansey|Aromatherapy|p2a: Chansey
|-cureteam|p2a: Chansey|[from] move: Aromatherapy
|move|p1a: Skarmory|Whirlwind|p2a: Chansey
|drag|p2a: Helix|Skarmory, F|243\/333
|-damage|p2a: Helix|202\/333|[from] Stealth Rock
|
|turn|113
|
|switch|p1a: Sableye|Sableye-Mega, F, shiny|218\/301 brn
|move|p2a: Helix|Spikes|p1a: Sableye
|move|p1a: Sableye|Spikes|p2a: Helix|[from]Magic Bounce
|-sidestart|p2: SupMayne|Spikes
|
|-damage|p1a: Sableye|181\/301 brn|[from] brn
|turn|114
|
|move|p2a: Helix|Spikes|p1a: Sableye
|move|p1a: Sableye|Spikes|p2a: Helix|[from]Magic Bounce
|-sidestart|p2: SupMayne|Spikes
|move|p1a: Sableye|Recover|p1a: Sableye
|-heal|p1a: Sableye|301\/301 brn
|
|-damage|p1a: Sableye|264\/301 brn|[from] brn
|turn|115
|c|âTheSkyAboveUs|thats gonna help
|
|move|p2a: Helix|Spikes|p1a: Sableye
|move|p1a: Sableye|Spikes|p2a: Helix|[from]Magic Bounce
|-sidestart|p2: SupMayne|Spikes
|move|p1a: Sableye|Will-O-Wisp|p2a: Helix
|-status|p2a: Helix|brn
|
|-damage|p2a: Helix|161\/333 brn|[from] brn
|-damage|p1a: Sableye|227\/301 brn|[from] brn
|turn|116
|c|âTheSkyAboveUs|r u giving up
|c|âSupMayne|yes
|c|âSupMayne|i am closing my shiop.
|c|âTheSkyAboveUs|lol
|c|âSupMayne|i play at work lol
|c|âSupMayne|when its slow.
|join|r6utyfgih
|join|You Know Gasai
|-message|SupMayne forfeited.
|leave|SupMayne
|
|win|TheSkyAboveUs
|raw|Ladder updating...
|player|p2
|raw|TheSkyAboveUs's rating: 1524 &rarr; <strong>1538<\/strong><br \/>(+14 for winning)
|raw|SupMayne's rating: 1432 &rarr; <strong>1417<\/strong><br \/>(-15 for losing)