|join|Dr. Beard
|join|SupMayne
|player|p1|Dr. Beard|2
|player|p2|SupMayne|102
|gametype|singles
|gen|6
|tier|OU (suspect test)
|rated
|clearpoke
|poke|p1|Chansey, F
|poke|p1|Slowbro, M
|poke|p1|Heatran, M
|poke|p1|Quagsire, F
|poke|p1|Clefable, M
|poke|p1|Chesnaught, M
|poke|p2|Skarmory, M
|poke|p2|Chansey, F
|poke|p2|Slowbro, F
|poke|p2|Landorus-Therian, M
|poke|p2|Gengar, M
|poke|p2|Talonflame, F
|rule|Swagger Clause: Swagger is banned
|rule|Baton Pass Clause: Limit one PokÃ©mon knowing Baton Pass
|rule|Sleep Clause Mod: Limit one foe put to sleep
|rule|Species Clause: Limit one of each PokÃ©mon
|rule|OHKO Clause: OHKO moves are banned
|rule|Moody Clause: Moody is banned
|rule|Evasion Moves Clause: Evasion moves are banned
|rule|Endless Battle Clause: Forcing endless battles is banned
|rule|HP Percentage Mod: HP is shown in percentages
|teampreview
|
|start
|switch|p1a: Heatran|Heatran, M|385\/385
|switch|p2a: Landorus-Therian|Landorus-Therian, M|320\/320
|-ability|p2a: Landorus-Therian|Intimidate|[of] p1a: Heatran
|-unboost|p1a: Heatran|atk|1
|turn|1
|
|switch|p1a: Chesnaught|Chesnaught, M|377\/377
|move|p2a: Landorus-Therian|Earthquake|p1a: Chesnaught
|-resisted|p1a: Chesnaught
|-damage|p1a: Chesnaught|314\/377
|
|-heal|p1a: Chesnaught|337\/377|[from] item: Leftovers
|turn|2
|
|switch|p2a: Skarmory|Skarmory, M|334\/334
|move|p1a: Chesnaught|Leech Seed|p2a: Skarmory
|-start|p2a: Skarmory|move: Leech Seed
|
|-heal|p1a: Chesnaught|360\/377|[from] item: Leftovers
|-damage|p2a: Skarmory|293\/334|[from] Leech Seed|[of] p1a: Chesnaught
|-heal|p1a: Chesnaught|377\/377|[silent]
|turn|3
|
|switch|p1a: Heatran|Heatran, M|385\/385
|move|p2a: Skarmory|Stealth Rock|p1a: Heatran
|-sidestart|p1: Dr. Beard|move: Stealth Rock
|
|-damage|p2a: Skarmory|252\/334|[from] Leech Seed|[of] p1a: Heatran
|turn|4
|
|switch|p2a: Chansey|Chansey, F|642\/642
|move|p1a: Heatran|Stealth Rock|p2a: Chansey
|-sidestart|p2: SupMayne|move: Stealth Rock
|
|turn|5
|
|switch|p1a: Quagsire|Quagsire, F|393\/393
|-damage|p1a: Quagsire|369\/393|[from] Stealth Rock
|move|p2a: Chansey|Seismic Toss|p1a: Quagsire
|-damage|p1a: Quagsire|269\/393
|
|-heal|p1a: Quagsire|293\/393|[from] item: Leftovers
|turn|6
|
|move|p2a: Chansey|Toxic|p1a: Quagsire
|-status|p1a: Quagsire|tox
|move|p1a: Quagsire|Scald|p2a: Chansey
|-damage|p2a: Chansey|614\/642
|-status|p2a: Chansey|brn
|
|-heal|p1a: Quagsire|317\/393 tox|[from] item: Leftovers
|-damage|p2a: Chansey|534\/642 brn|[from] brn
|-damage|p1a: Quagsire|293\/393 tox|[from] psn
|turn|7
|
|switch|p1a: Chansey|Chansey, F|703\/703
|-damage|p1a: Chansey|616\/703|[from] Stealth Rock
|move|p2a: Chansey|Aromatherapy|p2a: Chansey
|-cureteam|p2a: Chansey|[from] move: Aromatherapy
|
|turn|8
|
|switch|p2a: Gengar|Gengar, M|262\/262
|-damage|p2a: Gengar|230\/262|[from] Stealth Rock
|move|p1a: Chansey|Heal Bell|p1a: Chansey
|-cureteam|p1a: Chansey|[from] move: HealBell
|
|-heal|p2a: Gengar|246\/262|[from] item: Black Sludge
|turn|9
|
|switch|p1a: Heatran|Heatran, M|385\/385
|-damage|p1a: Heatran|337\/385|[from] Stealth Rock
|move|p2a: Gengar|Will-O-Wisp|p1a: Heatran
|-start|p1a: Heatran|ability: Flash Fire
|
|-heal|p2a: Gengar|262\/262|[from] item: Black Sludge
|-heal|p1a: Heatran|361\/385|[from] item: Leftovers
|turn|10
|
|switch|p2a: Chansey|Chansey, F|534\/642
|-damage|p2a: Chansey|454\/642|[from] Stealth Rock
|move|p1a: Heatran|Lava Plume|p2a: Chansey
|-damage|p2a: Chansey|373\/642
|
|-heal|p1a: Heatran|385\/385|[from] item: Leftovers
|turn|11
|
|move|p1a: Heatran|Toxic|p2a: Chansey
|-status|p2a: Chansey|tox
|move|p2a: Chansey|Soft-Boiled|p2a: Chansey
|-heal|p2a: Chansey|642\/642 tox
|
|-damage|p2a: Chansey|602\/642 tox|[from] psn
|turn|12
|
|move|p2a: Chansey|Aromatherapy|p2a: Chansey
|-cureteam|p2a: Chansey|[from] move: Aromatherapy
|move|p1a: Heatran|Roar|p2a: Chansey
|drag|p2a: Skarmory|Skarmory, M|252\/334
|-damage|p2a: Skarmory|211\/334|[from] Stealth Rock
|
|turn|13
|
|move|p1a: Heatran|Lava Plume|p2a: Skarmory
|-supereffective|p2a: Skarmory
|-damage|p2a: Skarmory|0 fnt
|faint|p2a: Skarmory
|
|
|switch|p2a: Landorus-Therian|Landorus-Therian, M|320\/320
|-damage|p2a: Landorus-Therian|280\/320|[from] Stealth Rock
|-ability|p2a: Landorus-Therian|Intimidate|[of] p1a: Heatran
|-unboost|p1a: Heatran|atk|1
|turn|14
|
|switch|p1a: Chesnaught|Chesnaught, M|377\/377
|-damage|p1a: Chesnaught|354\/377|[from] Stealth Rock
|move|p2a: Landorus-Therian|U-turn|p1a: Chesnaught
|-damage|p1a: Chesnaught|297\/377
|
|switch|p2a: Slowbro|Slowbro, F|394\/394
|-damage|p2a: Slowbro|345\/394|[from] Stealth Rock
|
|-heal|p1a: Chesnaught|320\/377|[from] item: Leftovers
|turn|15
|
|detailschange|p2a: Slowbro|Slowbro-Mega, F
|-mega|p2a: Slowbro|Slowbro|Slowbronite
|move|p1a: Chesnaught|Leech Seed|p2a: Slowbro
|-start|p2a: Slowbro|move: Leech Seed
|move|p2a: Slowbro|Calm Mind|p2a: Slowbro
|-boost|p2a: Slowbro|spa|1
|-boost|p2a: Slowbro|spd|1
|
|-heal|p1a: Chesnaught|343\/377|[from] item: Leftovers
|-damage|p2a: Slowbro|296\/394|[from] Leech Seed|[of] p1a: Chesnaught
|-heal|p1a: Chesnaught|377\/377|[silent]
|turn|16
|
|switch|p1a: Quagsire|Quagsire, F|293\/393
|-damage|p1a: Quagsire|269\/393|[from] Stealth Rock
|move|p2a: Slowbro|Scald|p1a: Quagsire
|-damage|p1a: Quagsire|100\/393
|
|-heal|p1a: Quagsire|124\/393|[from] item: Leftovers
|-damage|p2a: Slowbro|247\/394|[from] Leech Seed|[of] p1a: Quagsire
|-heal|p1a: Quagsire|173\/393|[silent]
|turn|17
|
|move|p2a: Slowbro|Scald|p1a: Quagsire
|-damage|p1a: Quagsire|19\/393
|move|p1a: Quagsire|Toxic|p2a: Slowbro
|-status|p2a: Slowbro|tox
|
|-heal|p1a: Quagsire|43\/393|[from] item: Leftovers
|-damage|p2a: Slowbro|198\/394 tox|[from] Leech Seed|[of] p1a: Quagsire
|-heal|p1a: Quagsire|92\/393|[silent]
|-damage|p2a: Slowbro|174\/394 tox|[from] psn
|turn|18
|
|move|p2a: Slowbro|Rest|p2a: Slowbro
|-status|p2a: Slowbro|slp
|-heal|p2a: Slowbro|394\/394 slp|[silent]
|-status|p2a: Slowbro|slp|[from] move: Rest
|move|p1a: Quagsire|Recover|p1a: Quagsire
|-heal|p1a: Quagsire|289\/393
|
|-heal|p1a: Quagsire|313\/393|[from] item: Leftovers
|-damage|p2a: Slowbro|345\/394 slp|[from] Leech Seed|[of] p1a: Quagsire
|-heal|p1a: Quagsire|362\/393|[silent]
|turn|19
|
|switch|p1a: Heatran|Heatran, M|385\/385
|-damage|p1a: Heatran|337\/385|[from] Stealth Rock
|cant|p2a: Slowbro|slp
|move|p2a: Slowbro|Sleep Talk|p2a: Slowbro
|move|p2a: Slowbro|Scald|p1a: Heatran|[from]Sleep Talk
|-supereffective|p1a: Heatran
|-damage|p1a: Heatran|107\/385
|
|-heal|p1a: Heatran|131\/385|[from] item: Leftovers
|-damage|p2a: Slowbro|296\/394 slp|[from] Leech Seed|[of] p1a: Heatran
|-heal|p1a: Heatran|180\/385|[silent]
|turn|20
|
|switch|p2a: Chansey|Chansey, F|602\/642
|-damage|p2a: Chansey|522\/642|[from] Stealth Rock
|move|p1a: Heatran|Roar|p2a: Chansey
|drag|p2a: Gengar|Gengar, M|262\/262
|-damage|p2a: Gengar|230\/262|[from] Stealth Rock
|
|-heal|p2a: Gengar|246\/262|[from] item: Black Sludge
|-heal|p1a: Heatran|204\/385|[from] item: Leftovers
|turn|21
|
|move|p2a: Gengar|Taunt|p1a: Heatran
|-start|p1a: Heatran|move: Taunt
|move|p1a: Heatran|Lava Plume|p2a: Gengar
|-damage|p2a: Gengar|95\/262
|-status|p2a: Gengar|brn
|
|-heal|p2a: Gengar|111\/262 brn|[from] item: Black Sludge
|-heal|p1a: Heatran|228\/385|[from] item: Leftovers
|-damage|p2a: Gengar|79\/262 brn|[from] brn
|turn|22
|
|switch|p1a: Chesnaught|Chesnaught, M|377\/377
|-damage|p1a: Chesnaught|354\/377|[from] Stealth Rock
|move|p2a: Gengar|Hex|p1a: Chesnaught
|-damage|p1a: Chesnaught|219\/377
|
|-heal|p2a: Gengar|95\/262 brn|[from] item: Black Sludge
|-heal|p1a: Chesnaught|242\/377|[from] item: Leftovers
|-damage|p2a: Gengar|63\/262 brn|[from] brn
|turn|23
|
|move|p1a: Chesnaught|Spiky Shield|p1a: Chesnaught
|-singleturn|p1a: Chesnaught|move: Protect
|move|p2a: Gengar|Sludge Wave|p1a: Chesnaught
|-activate|p1a: Chesnaught|move: Protect
|
|-heal|p2a: Gengar|79\/262 brn|[from] item: Black Sludge
|-heal|p1a: Chesnaught|265\/377|[from] item: Leftovers
|-damage|p2a: Gengar|47\/262 brn|[from] brn
|turn|24
|
|switch|p1a: Heatran|Heatran, M|228\/385
|-damage|p1a: Heatran|180\/385|[from] Stealth Rock
|move|p2a: Gengar|Hex|p1a: Heatran
|-damage|p1a: Heatran|95\/385
|
|-heal|p2a: Gengar|63\/262 brn|[from] item: Black Sludge
|-heal|p1a: Heatran|119\/385|[from] item: Leftovers
|-damage|p2a: Gengar|31\/262 brn|[from] brn
|turn|25
|
|switch|p1a: Chansey|Chansey, F|616\/703
|-damage|p1a: Chansey|529\/703|[from] Stealth Rock
|move|p2a: Gengar|Hex|p1a: Chansey
|-immune|p1a: Chansey|[msg]
|
|-heal|p2a: Gengar|47\/262 brn|[from] item: Black Sludge
|-damage|p2a: Gengar|15\/262 brn|[from] brn
|turn|26
|
|move|p2a: Gengar|Taunt|p1a: Chansey
|-start|p1a: Chansey|move: Taunt
|cant|p1a: Chansey|move: Taunt|Wish
|
|-heal|p2a: Gengar|31\/262 brn|[from] item: Black Sludge
|-damage|p2a: Gengar|0 fnt|[from] brn
|faint|p2a: Gengar
|
|switch|p2a: Landorus-Therian|Landorus-Therian, M|280\/320
|-damage|p2a: Landorus-Therian|240\/320|[from] Stealth Rock
|-ability|p2a: Landorus-Therian|Intimidate|[of] p1a: Chansey
|-unboost|p1a: Chansey|atk|1
|turn|27
|
|switch|p1a: Chesnaught|Chesnaught, M|265\/377
|-damage|p1a: Chesnaught|242\/377|[from] Stealth Rock
|move|p2a: Landorus-Therian|Knock Off|p1a: Chesnaught
|-resisted|p1a: Chesnaught
|-damage|p1a: Chesnaught|204\/377
|-enditem|p1a: Chesnaught|Leftovers|[from] move: Knock Off|[of] p2a: Landorus-Therian
|
|turn|28
|
|switch|p2a: Slowbro|Slowbro-Mega, F|296\/394 slp
|-damage|p2a: Slowbro|247\/394 slp|[from] Stealth Rock
|move|p1a: Chesnaught|Leech Seed|p2a: Slowbro
|-start|p2a: Slowbro|move: Leech Seed
|
|-damage|p2a: Slowbro|198\/394 slp|[from] Leech Seed|[of] p1a: Chesnaught
|-heal|p1a: Chesnaught|253\/377|[silent]
|turn|29
|
|move|p1a: Chesnaught|Spikes|p2a: Slowbro
|-sidestart|p2: SupMayne|Spikes
|cant|p2a: Slowbro|slp
|move|p2a: Slowbro|Sleep Talk|p2a: Slowbro
|move|p2a: Slowbro|Calm Mind|p2a: Slowbro|[from]Sleep Talk
|-boost|p2a: Slowbro|spa|1
|-boost|p2a: Slowbro|spd|1
|
|-damage|p2a: Slowbro|149\/394 slp|[from] Leech Seed|[of] p1a: Chesnaught
|-heal|p1a: Chesnaught|302\/377|[silent]
|turn|30
|
|switch|p1a: Heatran|Heatran, M|119\/385
|-damage|p1a: Heatran|71\/385|[from] Stealth Rock
|-curestatus|p2a: Slowbro|slp
|move|p2a: Slowbro|Scald|p1a: Heatran
|-supereffective|p1a: Heatran
|-damage|p1a: Heatran|0 fnt
|faint|p1a: Heatran
|
|
|switch|p1a: Quagsire|Quagsire, F|362\/393
|-damage|p1a: Quagsire|338\/393|[from] Stealth Rock
|turn|31
|
|switch|p1a: Clefable|Clefable, M|394\/394
|move|p2a: Slowbro|Rest|p2a: Slowbro
|-status|p2a: Slowbro|slp
|-heal|p2a: Slowbro|394\/394 slp|[silent]
|-status|p2a: Slowbro|slp|[from] move: Rest
|
|-damage|p2a: Slowbro|345\/394 slp|[from] Leech Seed|[of] p1a: Clefable
|turn|32
|
|move|p1a: Clefable|Calm Mind|p1a: Clefable
|-boost|p1a: Clefable|spa|1
|-boost|p1a: Clefable|spd|1
|cant|p2a: Slowbro|slp
|move|p2a: Slowbro|Sleep Talk|p2a: Slowbro
|move|p2a: Slowbro|Rest|p2a: Slowbro|[from]Sleep Talk
|-fail|p2a: Slowbro
|
|-damage|p2a: Slowbro|296\/394 slp|[from] Leech Seed|[of] p1a: Clefable
|turn|33
|
|move|p1a: Clefable|Calm Mind|p1a: Clefable
|-boost|p1a: Clefable|spa|1
|-boost|p1a: Clefable|spd|1
|cant|p2a: Slowbro|slp
|move|p2a: Slowbro|Sleep Talk|p2a: Slowbro
|move|p2a: Slowbro|Rest|p2a: Slowbro|[from]Sleep Talk
|-fail|p2a: Slowbro
|
|-damage|p2a: Slowbro|247\/394 slp|[from] Leech Seed|[of] p1a: Clefable
|turn|34
|
|move|p1a: Clefable|Calm Mind|p1a: Clefable
|-boost|p1a: Clefable|spa|1
|-boost|p1a: Clefable|spd|1
|-curestatus|p2a: Slowbro|slp
|move|p2a: Slowbro|Calm Mind|p2a: Slowbro
|-boost|p2a: Slowbro|spa|1
|-boost|p2a: Slowbro|spd|1
|
|-damage|p2a: Slowbro|198\/394|[from] Leech Seed|[of] p1a: Clefable
|turn|35
|
|move|p1a: Clefable|Moonblast|p2a: Slowbro
|-damage|p2a: Slowbro|42\/394
|move|p2a: Slowbro|Scald|p1a: Clefable
|-damage|p1a: Clefable|291\/394
|
|-heal|p1a: Clefable|315\/394|[from] item: Leftovers
|-damage|p2a: Slowbro|0 fnt|[from] Leech Seed|[of] p1a: Clefable
|-heal|p1a: Clefable|357\/394|[silent]
|faint|p2a: Slowbro
|-message|SupMayne forfeited.
|leave|SupMayne
|
|win|Dr. Beard
|raw|Ladder updating...
|player|p2
|raw|Dr. Beard's rating: 1212 &rarr; <strong>1235<\/strong><br \/>(+23 for winning)
|raw|SupMayne's rating: 1192 &rarr; <strong>1168<\/strong><br \/>(-24 for losing)