|join|dghdgh
|join|SupMayne
|player|p1|dghdgh|290
|player|p2|SupMayne|102
|gametype|singles
|gen|6
|tier|OU (suspect test)
|rated
|clearpoke
|poke|p1|Tyranitar, M
|poke|p1|Chansey, F
|poke|p1|Latias, F
|poke|p1|Skarmory, F
|poke|p1|Keldeo
|poke|p1|Bisharp, F
|poke|p2|Mandibuzz, F
|poke|p2|Chansey, F
|poke|p2|Slowbro, F
|poke|p2|Landorus-Therian, M
|poke|p2|Heatran, M
|poke|p2|Trevenant, M
|rule|Swagger Clause: Swagger is banned
|rule|Baton Pass Clause: Limit one PokÃ©mon knowing Baton Pass
|rule|Sleep Clause Mod: Limit one foe put to sleep
|rule|Species Clause: Limit one of each PokÃ©mon
|rule|OHKO Clause: OHKO moves are banned
|rule|Moody Clause: Moody is banned
|rule|Evasion Moves Clause: Evasion moves are banned
|rule|Endless Battle Clause: Forcing endless battles is banned
|rule|HP Percentage Mod: HP is shown in percentages
|teampreview
|
|start
|switch|p1a: Chansey|Chansey, F|703\/703
|switch|p2a: Landorus-Therian|Landorus-Therian, M|320\/320
|-ability|p2a: Landorus-Therian|Intimidate|[of] p1a: Chansey
|-unboost|p1a: Chansey|atk|1
|turn|1
|
|move|p2a: Landorus-Therian|Knock Off|p1a: Chansey
|-damage|p1a: Chansey|547\/703
|-enditem|p1a: Chansey|Eviolite|[from] move: Knock Off|[of] p2a: Landorus-Therian
|move|p1a: Chansey|Stealth Rock|p2a: Landorus-Therian
|-sidestart|p2: SupMayne|move: Stealth Rock
|
|turn|2
|
|switch|p2a: Mandibuzz|Mandibuzz, F|424\/424
|-damage|p2a: Mandibuzz|318\/424|[from] Stealth Rock
|move|p1a: Chansey|Thunder Wave|p2a: Mandibuzz
|-status|p2a: Mandibuzz|par
|
|-heal|p2a: Mandibuzz|344\/424 par|[from] item: Leftovers
|turn|3
|
|move|p1a: Chansey|Seismic Toss|p2a: Mandibuzz
|-damage|p2a: Mandibuzz|244\/424 par
|move|p2a: Mandibuzz|Defog|p1a: Chansey
|-unboost|p1a: Chansey|evasion|1
|-sideend|p2: SupMayne|Stealth Rock|[from] move: Defog|[of] p2a: Mandibuzz
|
|-heal|p2a: Mandibuzz|270\/424 par|[from] item: Leftovers
|turn|4
|
|switch|p2a: Landorus-Therian|Landorus-Therian, M|320\/320
|-ability|p2a: Landorus-Therian|Intimidate|[of] p1a: Chansey
|-unboost|p1a: Chansey|atk|1
|move|p1a: Chansey|Stealth Rock|p2a: Landorus-Therian
|-sidestart|p2: SupMayne|move: Stealth Rock
|
|turn|5
|c|âdghdgh|nice scarf lando
|
|switch|p1a: Skarmory|Skarmory, F|333\/333
|move|p2a: Landorus-Therian|Superpower|p1a: Skarmory
|-damage|p1a: Skarmory|248\/333
|-damage|p2a: Landorus-Therian|267\/320|[from] item: Rocky Helmet|[of] p1a: Skarmory
|-unboost|p2a: Landorus-Therian|atk|1
|-unboost|p2a: Landorus-Therian|def|1
|
|turn|6
|
|switch|p2a: Heatran|Heatran, M|386\/386
|-damage|p2a: Heatran|338\/386|[from] Stealth Rock
|switch|p1a: Keldeo|Keldeo|323\/323
|
|-heal|p2a: Heatran|362\/386|[from] item: Leftovers
|turn|7
|
|switch|p2a: Trevenant|Trevenant, M|374\/374
|-damage|p2a: Trevenant|328\/374|[from] Stealth Rock
|move|p1a: Keldeo|Secret Sword|p2a: Trevenant
|-immune|p2a: Trevenant|[msg]
|
|turn|8
|
|switch|p1a: Chansey|Chansey, F|547\/703
|move|p2a: Trevenant|Will-O-Wisp|p1a: Chansey
|-status|p1a: Chansey|brn
|
|-damage|p1a: Chansey|460\/703 brn|[from] brn
|turn|9
|
|switch|p1a: Tyranitar|Tyranitar, M|341\/341
|-weather|Sandstorm
|move|p2a: Trevenant|Leech Seed|p1a: Tyranitar|[miss]
|-miss|p2a: Trevenant|p1a: Tyranitar
|
|-weather|Sandstorm|[upkeep]
|-damage|p2a: Trevenant|305\/374|[from] sandstorm
|turn|10
|
|switch|p2a: Landorus-Therian|Landorus-Therian, M|267\/320
|-damage|p2a: Landorus-Therian|227\/320|[from] Stealth Rock
|-ability|p2a: Landorus-Therian|Intimidate|[of] p1a: Tyranitar
|-unboost|p1a: Tyranitar|atk|1
|detailschange|p1a: Tyranitar|Tyranitar-Mega, M
|-mega|p1a: Tyranitar|Tyranitar|Tyranitarite
|move|p1a: Tyranitar|Crunch|p2a: Landorus-Therian
|-damage|p2a: Landorus-Therian|95\/320
|
|-weather|Sandstorm|[upkeep]
|turn|11
|
|switch|p1a: Skarmory|Skarmory, F|248\/333
|move|p2a: Landorus-Therian|Earthquake|p1a: Skarmory
|-immune|p1a: Skarmory|[msg]
|
|-weather|Sandstorm|[upkeep]
|turn|12
|c|âdghdgh|nice scarf
|c|âdghdgh|;)
|c|âSupMayne|ur gonna lose ;)
|
|switch|p2a: Mandibuzz|Mandibuzz, F|270\/424 par
|-damage|p2a: Mandibuzz|164\/424 par|[from] Stealth Rock
|switch|p1a: Latias|Latias, F|301\/301
|
|-weather|Sandstorm|[upkeep]
|-damage|p1a: Latias|283\/301|[from] sandstorm
|-heal|p2a: Mandibuzz|190\/424 par|[from] item: Leftovers
|turn|13
|c|âdghdgh|nice defog try
|
|move|p1a: Latias|Draco Meteor|p2a: Mandibuzz
|-damage|p2a: Mandibuzz|0 fnt
|-unboost|p1a: Latias|spa|2
|-damage|p1a: Latias|253\/301|[from] item: Life Orb
|faint|p2a: Mandibuzz
|
|-weather|none
|c|âdghdgh|nice try
|
|switch|p2a: Chansey|Chansey, F|642\/642
|-damage|p2a: Chansey|562\/642|[from] Stealth Rock
|turn|14
|
|switch|p1a: Chansey|Chansey, F|460\/703
|move|p2a: Chansey|Seismic Toss|p1a: Chansey
|-damage|p1a: Chansey|360\/703
|
|turn|15
|c|âdghdgh|nice t wave
|
|switch|p2a: Trevenant|Trevenant, M|305\/374
|-damage|p2a: Trevenant|259\/374|[from] Stealth Rock
|move|p1a: Chansey|Thunder Wave|p2a: Trevenant
|-status|p2a: Trevenant|par
|-enditem|p2a: Trevenant|Lum Berry|[eat]
|-curestatus|p2a: Trevenant|par
|
|turn|16
|c|âSupMayne|nice twave
|c|âdghdgh|o
|c|âdghdgh|nice wilo seed
|
|move|p2a: Trevenant|Leech Seed|p1a: Chansey
|-start|p1a: Chansey|move: Leech Seed
|move|p1a: Chansey|Soft-Boiled|p1a: Chansey
|-heal|p1a: Chansey|703\/703
|
|-damage|p1a: Chansey|616\/703|[from] Leech Seed|[of] p2a: Trevenant
|-heal|p2a: Trevenant|346\/374|[silent]
|turn|17
|
|move|p2a: Trevenant|Will-O-Wisp|p1a: Chansey
|-status|p1a: Chansey|brn
|move|p1a: Chansey|Thunder Wave|p2a: Trevenant
|-status|p2a: Trevenant|par
|
|-damage|p1a: Chansey|529\/703 brn|[from] Leech Seed|[of] p2a: Trevenant
|-heal|p2a: Trevenant|374\/374 par|[silent]
|-damage|p1a: Chansey|442\/703 brn|[from] brn
|turn|18
|
|switch|p1a: Bisharp|Bisharp, F|271\/271
|move|p2a: Trevenant|Horn Leech|p1a: Bisharp
|-resisted|p1a: Bisharp
|-damage|p1a: Bisharp|225\/271
|
|-item|p2a: Trevenant|Lum Berry|[from] ability: Harvest
|-enditem|p2a: Trevenant|Lum Berry|[eat]
|-curestatus|p2a: Trevenant|par
|turn|19
|c|âdghdgh|one down
|c|âdghdgh|heatran?
|c|âdghdgh|LMAO
|
|switch|p2a: Landorus-Therian|Landorus-Therian, M|95\/320
|-damage|p2a: Landorus-Therian|55\/320|[from] Stealth Rock
|-ability|p2a: Landorus-Therian|Intimidate|[of] p1a: Bisharp
|-unboost|p1a: Bisharp|atk|1
|-boost|p1a: Bisharp|atk|2|[from] ability: Defiant
|move|p1a: Bisharp|Knock Off|p2a: Landorus-Therian
|-crit|p2a: Landorus-Therian
|-damage|p2a: Landorus-Therian|0 fnt
|-enditem|p2a: Landorus-Therian|Choice Scarf|[from] move: Knock Off|[of] p1a: Bisharp
|-damage|p1a: Bisharp|198\/271|[from] item: Life Orb
|faint|p2a: Landorus-Therian
|
|c|âdghdgh|ouch
|c|âdghdgh|free boost
|c|âdghdgh|thanks
|c|âdghdgh|GG son
|
|switch|p2a: Heatran|Heatran, M|362\/386
|-damage|p2a: Heatran|314\/386|[from] Stealth Rock
|turn|20
|c|âdghdgh|why u give me that boost?
|-message|SupMayne forfeited.
|
|win|dghdgh
|raw|Ladder updating...
|leave|SupMayne
|player|p2
|raw|dghdgh's rating: 1217 &rarr; <strong>1235<\/strong><br \/>(+18 for winning)
|raw|SupMayne's rating: 1116 &rarr; <strong>1098<\/strong><br \/>(-18 for losing)