|join|SupMayne
|join|whatevers
|player|p1|SupMayne|169
|player|p2|whatevers|265
|gametype|singles
|gen|6
|tier|OU (suspect test)
|rated
|clearpoke
|poke|p1|Gengar, F
|poke|p1|Chansey, F
|poke|p1|Kyurem-Black
|poke|p1|Heatran, F
|poke|p1|Ferrothorn, M
|poke|p1|Slowbro, M
|poke|p2|Landorus, M
|poke|p2|Thundurus, M
|poke|p2|Tyranitar, M
|poke|p2|Keldeo
|poke|p2|Excadrill, F
|poke|p2|Skarmory, F
|rule|Swagger Clause: Swagger is banned
|rule|Baton Pass Clause: Limit one PokÃ©mon knowing Baton Pass
|rule|Sleep Clause Mod: Limit one foe put to sleep
|rule|Species Clause: Limit one of each PokÃ©mon
|rule|OHKO Clause: OHKO moves are banned
|rule|Moody Clause: Moody is banned
|rule|Evasion Moves Clause: Evasion moves are banned
|rule|Endless Battle Clause: Forcing endless battles is banned
|rule|HP Percentage Mod: HP is shown in percentages
|teampreview
|
|start
|switch|p1a: Heatran|Heatran, F|323\/323
|switch|p2a: Tyranitar|Tyranitar, M|404\/404
|-weather|Sandstorm
|turn|1
|
|switch|p1a: Slowbro|Slowbro, M|394\/394
|move|p2a: Tyranitar|Earthquake|p1a: Slowbro
|-damage|p1a: Slowbro|302\/394
|
|-weather|Sandstorm|[upkeep]
|-damage|p1a: Slowbro|278\/394|[from] sandstorm
|turn|2
|
|switch|p2a: Thundurus|Thundurus, M|300\/300
|detailschange|p1a: Slowbro|Slowbro-Mega, M
|-mega|p1a: Slowbro|Slowbro|Slowbronite
|move|p1a: Slowbro|Scald|p2a: Thundurus
|-crit|p2a: Thundurus
|-damage|p2a: Thundurus|75\/300
|-status|p2a: Thundurus|brn
|
|-weather|Sandstorm|[upkeep]
|-damage|p2a: Thundurus|57\/300 brn|[from] sandstorm
|-damage|p1a: Slowbro|254\/394|[from] sandstorm
|-heal|p2a: Thundurus|75\/300 brn|[from] item: Leftovers
|-damage|p2a: Thundurus|38\/300 brn|[from] brn
|turn|3
|
|switch|p2a: Keldeo|Keldeo|323\/323
|switch|p1a: Chansey|Chansey, F|642\/642
|
|-weather|Sandstorm|[upkeep]
|-damage|p2a: Keldeo|303\/323|[from] sandstorm
|-damage|p1a: Chansey|602\/642|[from] sandstorm
|turn|4
|
|switch|p2a: Tyranitar|Tyranitar, M|404\/404
|switch|p1a: Gengar|Gengar, F|261\/261
|
|-weather|Sandstorm|[upkeep]
|-damage|p1a: Gengar|245\/261|[from] sandstorm
|-heal|p1a: Gengar|261\/261|[from] item: Black Sludge
|turn|5
|
|move|p2a: Tyranitar|Pursuit|p1a: Gengar|[from]Pursuit
|-supereffective|p1a: Gengar
|-damage|p1a: Gengar|0 fnt
|faint|p1a: Gengar
|
|-weather|Sandstorm|[upkeep]
|
|switch|p1a: Slowbro|Slowbro-Mega, M|254\/394
|turn|6
|
|switch|p2a: Landorus|Landorus, M|320\/320
|move|p1a: Slowbro|Scald|p2a: Landorus
|-supereffective|p2a: Landorus
|-damage|p2a: Landorus|36\/320
|
|-weather|Sandstorm|[upkeep]
|-damage|p1a: Slowbro|230\/394|[from] sandstorm
|turn|7
|
|move|p2a: Landorus|Sludge Wave|p1a: Slowbro
|-damage|p1a: Slowbro|0 fnt
|faint|p1a: Slowbro
|
|-weather|Sandstorm|[upkeep]
|
|switch|p1a: Heatran|Heatran, F|323\/323
|turn|8
|
|move|p1a: Heatran|Lava Plume|p2a: Landorus
|-damage|p2a: Landorus|0 fnt
|faint|p2a: Landorus
|
|-weather|none
|
|switch|p2a: Tyranitar|Tyranitar, M|404\/404
|-weather|Sandstorm
|turn|9
|
|switch|p1a: Ferrothorn|Ferrothorn, M|310\/310
|move|p2a: Tyranitar|Fire Blast|p1a: Ferrothorn
|-supereffective|p1a: Ferrothorn
|-damage|p1a: Ferrothorn|18\/310
|
|-weather|Sandstorm|[upkeep]
|-heal|p1a: Ferrothorn|37\/310|[from] item: Leftovers
|turn|10
|
|move|p2a: Tyranitar|Earthquake|p1a: Ferrothorn
|-crit|p1a: Ferrothorn
|-damage|p1a: Ferrothorn|0 fnt
|faint|p1a: Ferrothorn
|
|-weather|Sandstorm|[upkeep]
|
|switch|p1a: Heatran|Heatran, F|323\/323
|turn|11
|
|switch|p2a: Skarmory|Skarmory, F|334\/334
|move|p1a: Heatran|Flash Cannon|p2a: Skarmory
|-crit|p2a: Skarmory
|-resisted|p2a: Skarmory
|-damage|p2a: Skarmory|194\/334
|
|-weather|Sandstorm|[upkeep]
|turn|12
|
|switch|p1a: Kyurem-Black|Kyurem-Black|391\/391
|-ability|p1a: Kyurem-Black|Teravolt
|move|p2a: Skarmory|Stealth Rock|p1a: Kyurem-Black
|-sidestart|p1: SupMayne|move: Stealth Rock
|
|-weather|Sandstorm|[upkeep]
|-damage|p1a: Kyurem-Black|367\/391|[from] sandstorm
|turn|13
|
|move|p1a: Kyurem-Black|Ice Beam|p2a: Skarmory
|-damage|p2a: Skarmory|32\/334
|move|p2a: Skarmory|Spikes|p1a: Kyurem-Black
|-sidestart|p1: SupMayne|Spikes
|
|-weather|Sandstorm|[upkeep]
|-damage|p1a: Kyurem-Black|343\/391|[from] sandstorm
|turn|14
|
|move|p1a: Kyurem-Black|Ice Beam|p2a: Skarmory
|-damage|p2a: Skarmory|0 fnt
|faint|p2a: Skarmory
|
|-weather|Sandstorm|[upkeep]
|-damage|p1a: Kyurem-Black|319\/391|[from] sandstorm
|
|switch|p2a: Excadrill|Excadrill, F|380\/380
|turn|15
|
|move|p2a: Excadrill|Iron Head|p1a: Kyurem-Black
|-supereffective|p1a: Kyurem-Black
|-damage|p1a: Kyurem-Black|0 fnt
|-damage|p2a: Excadrill|342\/380|[from] item: Life Orb
|faint|p1a: Kyurem-Black
|
|-weather|Sandstorm|[upkeep]
|
|switch|p1a: Heatran|Heatran, F|323\/323
|-damage|p1a: Heatran|283\/323|[from] Stealth Rock
|-damage|p1a: Heatran|243\/323|[from] Spikes
|turn|16
|
|move|p2a: Excadrill|Earthquake|p1a: Heatran
|-supereffective|p1a: Heatran
|-damage|p1a: Heatran|0 fnt
|-damage|p2a: Excadrill|304\/380|[from] item: Life Orb
|faint|p1a: Heatran
|
|-weather|none
|c|âSupMayne|i lsot on turn 1.
|c|âwhatevers|:(
|-message|SupMayne forfeited.
|leave|SupMayne
|
|win|whatevers
|raw|Ladder updating...
|player|p1
|raw|SupMayne's rating: 1119 &rarr; <strong>1096<\/strong><br \/>(-23 for losing)
|raw|whatevers's rating: 1146 &rarr; <strong>1169<\/strong><br \/>(+23 for winning)