|join|I LACK REALITY
|join|SupMayne
|player|p1|I LACK REALITY|156
|player|p2|SupMayne|266
|gametype|singles
|gen|6
|tier|OU (suspect test)
|rated
|clearpoke
|poke|p1|Charizard, M
|poke|p1|Landorus-Therian, M
|poke|p1|Latias, F
|poke|p1|Conkeldurr, F
|poke|p1|Gengar, F
|poke|p1|Sylveon, M
|poke|p2|Latios, M
|poke|p2|Skarmory, F
|poke|p2|Heatran, F
|poke|p2|Chansey, F
|poke|p2|Mamoswine, M
|poke|p2|Azumarill, M
|rule|Swagger Clause: Swagger is banned
|rule|Baton Pass Clause: Limit one PokÃ©mon knowing Baton Pass
|rule|Sleep Clause Mod: Limit one foe put to sleep
|rule|Species Clause: Limit one of each PokÃ©mon
|rule|OHKO Clause: OHKO moves are banned
|rule|Moody Clause: Moody is banned
|rule|Evasion Moves Clause: Evasion moves are banned
|rule|Endless Battle Clause: Forcing endless battles is banned
|rule|HP Percentage Mod: HP is shown in percentages
|teampreview
|
|start
|switch|p1a: Cheshire|Gengar, F|261\/261
|switch|p2a: Latios|Latios, M|301\/301
|turn|1
|
|detailschange|p2a: Latios|Latios-Mega, M
|-mega|p2a: Latios|Latios|Latiosite
|move|p2a: Latios|Psyshock|p1a: Cheshire
|-supereffective|p1a: Cheshire
|-enditem|p1a: Cheshire|Focus Sash
|-damage|p1a: Cheshire|1\/261
|move|p1a: Cheshire|Shadow Ball|p2a: Latios
|-supereffective|p2a: Latios
|-damage|p2a: Latios|47\/301
|
|turn|2
|
|move|p1a: Cheshire|Sludge Wave|p2a: Latios
|-damage|p2a: Latios|0 fnt
|faint|p2a: Latios
|
|
|switch|p2a: Mamoswine|Mamoswine, M|361\/361
|turn|3
|
|move|p2a: Mamoswine|Knock Off|p1a: Cheshire
|-supereffective|p1a: Cheshire
|-damage|p1a: Cheshire|0 fnt
|faint|p1a: Cheshire
|
|
|switch|p1a: Cindurrella|Conkeldurr, F|378\/378
|turn|4
|
|switch|p2a: Skarmory|Skarmory, F|334\/334
|move|p1a: Cindurrella|Knock Off|p2a: Skarmory
|-damage|p2a: Skarmory|261\/334
|-damage|p1a: Cindurrella|315\/378|[from] item: Rocky Helmet|[of] p2a: Skarmory
|-enditem|p2a: Skarmory|Rocky Helmet|[from] move: Knock Off|[of] p1a: Cindurrella
|
|turn|5
|
|switch|p1a: El Tigre|Landorus-Therian, M|382\/382
|-ability|p1a: El Tigre|Intimidate|[of] p2a: Skarmory
|-unboost|p2a: Skarmory|atk|1
|move|p2a: Skarmory|Brave Bird|p1a: El Tigre
|-damage|p1a: El Tigre|315\/382
|-damage|p2a: Skarmory|239\/334|[from] recoil|[of] p1a: El Tigre
|
|-heal|p1a: El Tigre|338\/382|[from] item: Leftovers
|turn|6
|
|move|p1a: El Tigre|Stealth Rock|p2a: Skarmory
|-sidestart|p2: SupMayne|move: Stealth Rock
|move|p2a: Skarmory|Roost|p2a: Skarmory
|-heal|p2a: Skarmory|334\/334
|
|-heal|p1a: El Tigre|361\/382|[from] item: Leftovers
|turn|7
|
|switch|p2a: Azumarill|Azumarill, M|403\/403
|-damage|p2a: Azumarill|353\/403|[from] Stealth Rock
|move|p1a: El Tigre|U-turn|p2a: Azumarill
|-resisted|p2a: Azumarill
|-damage|p2a: Azumarill|307\/403
|
|switch|p1a: Ribbons|Sylveon, M|394\/394
|
|turn|8
|
|move|p1a: Ribbons|Hyper Voice|p2a: Azumarill
|-damage|p2a: Azumarill|193\/403
|move|p2a: Azumarill|Knock Off|p1a: Ribbons
|-resisted|p1a: Ribbons
|-damage|p1a: Ribbons|290\/394
|-enditem|p1a: Ribbons|Leftovers|[from] move: Knock Off|[of] p2a: Azumarill
|
|turn|9
|
|switch|p2a: Chansey|Chansey, F|641\/641
|-damage|p2a: Chansey|561\/641|[from] Stealth Rock
|move|p1a: Ribbons|Hyper Voice|p2a: Chansey
|-damage|p2a: Chansey|492\/641
|
|turn|10
|
|switch|p1a: Cindurrella|Conkeldurr, F|315\/378
|move|p2a: Chansey|Seismic Toss|p1a: Cindurrella
|-damage|p1a: Cindurrella|215\/378
|
|turn|11
|
|switch|p2a: Skarmory|Skarmory, F|334\/334
|-damage|p2a: Skarmory|293\/334|[from] Stealth Rock
|move|p1a: Cindurrella|Knock Off|p2a: Skarmory
|-damage|p2a: Skarmory|240\/334
|
|turn|12
|
|move|p2a: Skarmory|Defog|p1a: Cindurrella
|-unboost|p1a: Cindurrella|evasion|1
|-sideend|p2: SupMayne|Stealth Rock|[from] move: Defog|[of] p2a: Skarmory
|move|p1a: Cindurrella|Drain Punch|p2a: Skarmory
|-damage|p2a: Skarmory|158\/334
|-heal|p1a: Cindurrella|256\/378|[from] drain|[of] p2a: Skarmory
|
|turn|13
|
|switch|p2a: Azumarill|Azumarill, M|193\/403
|switch|p1a: Ribbons|Sylveon, M|290\/394
|
|turn|14
|
|move|p1a: Ribbons|Hyper Voice|p2a: Azumarill
|-damage|p2a: Azumarill|66\/403
|move|p2a: Azumarill|Waterfall|p1a: Ribbons
|-damage|p1a: Ribbons|50\/394
|
|turn|15
|
|move|p2a: Azumarill|Aqua Jet|p1a: Ribbons
|-crit|p1a: Ribbons
|-damage|p1a: Ribbons|0 fnt
|faint|p1a: Ribbons
|
|
|switch|p1a: Jet|Latias, F|319\/319
|turn|16
|
|move|p1a: Jet|Psyshock|p2a: Azumarill
|-damage|p2a: Azumarill|0 fnt
|-damage|p1a: Jet|288\/319|[from] item: Life Orb
|faint|p2a: Azumarill
|
|
|switch|p2a: Chansey|Chansey, F|492\/641
|turn|17
|
|switch|p1a: Cindurrella|Conkeldurr, F|256\/378
|move|p2a: Chansey|Toxic|p1a: Cindurrella
|-status|p1a: Cindurrella|tox
|
|-damage|p1a: Cindurrella|233\/378 tox|[from] psn
|turn|18
|
|switch|p2a: Skarmory|Skarmory, F|158\/334
|move|p1a: Cindurrella|Drain Punch|p2a: Skarmory
|-damage|p2a: Skarmory|28\/334
|-heal|p1a: Cindurrella|298\/378 tox|[from] drain|[of] p2a: Skarmory
|
|-damage|p1a: Cindurrella|252\/378 tox|[from] psn
|turn|19
|
|move|p1a: Cindurrella|Mach Punch|p2a: Skarmory
|-damage|p2a: Skarmory|0 fnt
|faint|p2a: Skarmory
|
|-damage|p1a: Cindurrella|183\/378 tox|[from] psn
|
|switch|p2a: Mamoswine|Mamoswine, M|361\/361
|turn|20
|
|move|p1a: Cindurrella|Mach Punch|p2a: Mamoswine
|-supereffective|p2a: Mamoswine
|-damage|p2a: Mamoswine|85\/361
|move|p2a: Mamoswine|Icicle Crash|p1a: Cindurrella
|-damage|p1a: Cindurrella|35\/378 tox
|
|-damage|p1a: Cindurrella|0 fnt|[from] psn
|faint|p1a: Cindurrella
|
|switch|p1a: Edge|Charizard, M|333\/333
|turn|21
|
|switch|p2a: Heatran|Heatran, F|386\/386
|move|p1a: Edge|Dragon Dance|p1a: Edge
|-boost|p1a: Edge|atk|1
|-boost|p1a: Edge|spe|1
|
|turn|22
|
|switch|p1a: El Tigre|Landorus-Therian, M|361\/382
|-ability|p1a: El Tigre|Intimidate|[of] p2a: Heatran
|-unboost|p2a: Heatran|atk|1
|move|p2a: Heatran|Roar|p1a: El Tigre
|drag|p1a: Edge|Charizard, M|333\/333
|
|turn|23
|
|switch|p1a: El Tigre|Landorus-Therian, M|361\/382
|-ability|p1a: El Tigre|Intimidate|[of] p2a: Heatran
|-unboost|p2a: Heatran|atk|1
|move|p2a: Heatran|Stealth Rock|p1a: El Tigre
|-sidestart|p1: I LACK REALITY|move: Stealth Rock
|
|-heal|p1a: El Tigre|382\/382|[from] item: Leftovers
|turn|24
|
|switch|p2a: Chansey|Chansey, F|492\/641
|move|p1a: El Tigre|Earthquake|p2a: Chansey
|-damage|p2a: Chansey|254\/641
|
|turn|25
|
|move|p1a: El Tigre|Earthquake|p2a: Chansey
|-crit|p2a: Chansey
|-damage|p2a: Chansey|0 fnt
|faint|p2a: Chansey
|
|
|switch|p2a: Mamoswine|Mamoswine, M|85\/361
|turn|26
|
|switch|p1a: Jet|Latias, F|288\/319
|-damage|p1a: Jet|249\/319|[from] Stealth Rock
|move|p2a: Mamoswine|Icicle Crash|p1a: Jet
|-supereffective|p1a: Jet
|-damage|p1a: Jet|0 fnt
|faint|p1a: Jet
|
|
|switch|p1a: Edge|Charizard, M|333\/333
|-damage|p1a: Edge|167\/333|[from] Stealth Rock
|turn|27
|
|move|p2a: Mamoswine|Icicle Crash|p1a: Edge|[miss]
|-miss|p2a: Mamoswine|p1a: Edge
|move|p1a: Edge|Roost|p1a: Edge
|-heal|p1a: Edge|333\/333
|
|turn|28
|
|switch|p2a: Heatran|Heatran, F|386\/386
|move|p1a: Edge|Dragon Dance|p1a: Edge
|-boost|p1a: Edge|atk|1
|-boost|p1a: Edge|spe|1
|
|turn|29
|
|detailschange|p1a: Edge|Charizard-Mega-X, M
|-mega|p1a: Edge|Charizard|Charizardite X
|move|p1a: Edge|Dragon Claw|p2a: Heatran
|-resisted|p2a: Heatran
|-damage|p2a: Heatran|239\/386
|move|p2a: Heatran|Roar|p1a: Edge
|drag|p1a: El Tigre|Landorus-Therian, M|382\/382
|-damage|p1a: El Tigre|335\/382|[from] Stealth Rock
|-ability|p1a: El Tigre|Intimidate|[of] p2a: Heatran
|-unboost|p2a: Heatran|atk|1
|
|-heal|p1a: El Tigre|358\/382|[from] item: Leftovers
|-heal|p2a: Heatran|263\/386|[from] item: Leftovers
|turn|30
|
|move|p1a: El Tigre|Earthquake|p2a: Heatran
|-supereffective|p2a: Heatran
|-damage|p2a: Heatran|0 fnt
|faint|p2a: Heatran
|
|-heal|p1a: El Tigre|381\/382|[from] item: Leftovers
|
|switch|p2a: Mamoswine|Mamoswine, M|85\/361
|turn|31
|
|move|p2a: Mamoswine|Icicle Crash|p1a: El Tigre
|-supereffective|p1a: El Tigre
|-damage|p1a: El Tigre|0 fnt
|faint|p1a: El Tigre
|
|
|switch|p1a: Edge|Charizard-Mega-X, M|333\/333
|-damage|p1a: Edge|250\/333|[from] Stealth Rock
|turn|32
|c|âSupMayne|PLS RNG
|
|move|p2a: Mamoswine|Icicle Crash|p1a: Edge|[miss]
|-miss|p2a: Mamoswine|p1a: Edge
|move|p1a: Edge|Dragon Claw|p2a: Mamoswine
|-damage|p2a: Mamoswine|0 fnt
|faint|p2a: Mamoswine
|
|win|I LACK REALITY
|raw|Ladder updating...
|raw|I LACK REALITY's rating: 1199 &rarr; <strong>1222<\/strong><br \/>(+23 for winning)
|raw|SupMayne's rating: 1170 &rarr; <strong>1147<\/strong><br \/>(-23 for losing)
|c|âSupMayne|ADS"Failsdfjauksidfasdf
|c|âSupMayne|auhsdfaushdfuahdsfuhkadsfukh;asdufh;adsf
|c|âI LACK REALITY|lel
|c|âSupMayne|90 percent
|c|âSupMayne|my fkn ass
|c|âSupMayne|that was 50 percemnt
|c|âI LACK REALITY|yep
|c|âSupMayne|w.e gg
|c|âI LACK REALITY|gg
|leave|SupMayne
|player|p2