|join|3GO
|join|Pheonixmaster
|player|p1|3GO|167
|player|p2|Pheonixmaster|167
|gametype|singles
|gen|6
|tier|OU
|rated
|clearpoke
|poke|p1|Skarmory, M, shiny
|poke|p1|Chansey, F, shiny
|poke|p1|Quagsire, M, shiny
|poke|p1|Cresselia, F, shiny
|poke|p1|Heatran, M
|poke|p1|Sableye, F, shiny
|poke|p2|Metagross, shiny
|poke|p2|Landorus, M
|poke|p2|Heracross, M
|poke|p2|Latias, F
|poke|p2|Rotom-Wash
|poke|p2|Clefable, F
|rule|Swagger Clause: Swagger is banned
|rule|Baton Pass Clause: Limit one PokÃ©mon knowing Baton Pass
|rule|Sleep Clause Mod: Limit one foe put to sleep
|rule|Species Clause: Limit one of each PokÃ©mon
|rule|OHKO Clause: OHKO moves are banned
|rule|Moody Clause: Moody is banned
|rule|Evasion Moves Clause: Evasion moves are banned
|rule|Endless Battle Clause: Forcing endless battles is banned
|rule|HP Percentage Mod: HP is shown in percentages
|teampreview
|
|start
|switch|p1a: Sableye|Sableye, F, shiny|304\/304
|switch|p2a: King Kittan|Heracross, M|301\/301
|turn|1
|
|detailschange|p1a: Sableye|Sableye-Mega, F, shiny
|-mega|p1a: Sableye|Sableye|Sablenite
|move|p1a: Sableye|Will-O-Wisp|p2a: King Kittan
|-status|p2a: King Kittan|brn
|move|p2a: King Kittan|Megahorn|p1a: Sableye
|-damage|p1a: Sableye|15\/304
|
|-damage|p2a: King Kittan|264\/301 brn|[from] brn
|turn|2
|
|switch|p1a: Skarmory|Skarmory, M, shiny|334\/334
|move|p2a: King Kittan|Megahorn|p1a: Skarmory
|-resisted|p1a: Skarmory
|-damage|p1a: Skarmory|264\/334
|
|-damage|p2a: King Kittan|227\/301 brn|[from] brn
|turn|3
|
|switch|p2a: Misa|Rotom-Wash|303\/303
|move|p1a: Skarmory|Spikes|p2a: Misa
|-sidestart|p2: Pheonixmaster|Spikes
|
|turn|4
|
|switch|p1a: Quagsire|Quagsire, M, shiny|394\/394
|move|p2a: Misa|Will-O-Wisp|p1a: Quagsire|[miss]
|-miss|p2a: Misa|p1a: Quagsire
|
|turn|5
|
|switch|p2a: King Kittan|Heracross, M|227\/301 brn
|-damage|p2a: King Kittan|190\/301 brn|[from] Spikes
|move|p1a: Quagsire|Toxic|p2a: King Kittan
|-fail|p2a: King Kittan
|
|-damage|p2a: King Kittan|153\/301 brn|[from] brn
|turn|6
|
|move|p2a: King Kittan|Close Combat|p1a: Quagsire
|-damage|p1a: Quagsire|0 fnt
|-unboost|p2a: King Kittan|def|1
|-unboost|p2a: King Kittan|spd|1
|faint|p1a: Quagsire
|
|-damage|p2a: King Kittan|116\/301 brn|[from] brn
|c|âPheonixmaster|LOL
|
|switch|p1a: Sableye|Sableye-Mega, F, shiny|15\/304
|turn|7
|
|switch|p2a: Nyu|Clefable, F|394\/394
|-damage|p2a: Nyu|345\/394|[from] Spikes
|move|p1a: Sableye|Recover|p1a: Sableye
|-heal|p1a: Sableye|167\/304
|
|-heal|p2a: Nyu|369\/394|[from] item: Leftovers
|turn|8
|
|switch|p1a: Heatran|Heatran, M|386\/386
|move|p2a: Nyu|Moonblast|p1a: Heatran
|-resisted|p1a: Heatran
|-damage|p1a: Heatran|367\/386
|
|-heal|p1a: Heatran|386\/386|[from] item: Leftovers
|-heal|p2a: Nyu|393\/394|[from] item: Leftovers
|turn|9
|
|switch|p2a: Lazegann|Landorus, M|319\/319
|move|p1a: Heatran|Taunt|p2a: Lazegann
|-start|p2a: Lazegann|move: Taunt
|
|turn|10
|
|switch|p1a: Cresselia|Cresselia, F, shiny|444\/444
|move|p2a: Lazegann|Focus Blast|p1a: Cresselia
|-resisted|p1a: Cresselia
|-damage|p1a: Cresselia|360\/444
|
|-heal|p1a: Cresselia|387\/444|[from] item: Leftovers
|turn|11
|
|switch|p2a: Lancelot|Metagross, shiny|301\/301
|-damage|p2a: Lancelot|264\/301|[from] Spikes
|switch|p1a: Skarmory|Skarmory, M, shiny|264\/334
|
|turn|12
|
|detailschange|p2a: Lancelot|Metagross-Mega, shiny
|-mega|p2a: Lancelot|Metagross|Metagrossite
|move|p2a: Lancelot|Hammer Arm|p1a: Skarmory
|-damage|p1a: Skarmory|158\/334
|-unboost|p2a: Lancelot|spe|1
|move|p1a: Skarmory|Spikes|p2a: Lancelot
|-sidestart|p2: Pheonixmaster|Spikes
|
|turn|13
|
|switch|p2a: Misa|Rotom-Wash|303\/303
|move|p1a: Skarmory|Roost|p1a: Skarmory
|-heal|p1a: Skarmory|325\/334
|
|turn|14
|
|switch|p1a: Chansey|Chansey, F, shiny|642\/642
|move|p2a: Misa|Volt Switch|p1a: Chansey
|-damage|p1a: Chansey|594\/642
|
|switch|p2a: Lazegann|Landorus, M|319\/319
|
|turn|15
|
|move|p2a: Lazegann|Calm Mind|p2a: Lazegann
|-boost|p2a: Lazegann|spa|1
|-boost|p2a: Lazegann|spd|1
|move|p1a: Chansey|Seismic Toss|p2a: Lazegann
|-damage|p2a: Lazegann|219\/319
|
|turn|16
|
|switch|p1a: Cresselia|Cresselia, F, shiny|387\/444
|move|p2a: Lazegann|Focus Blast|p1a: Cresselia|[miss]
|-miss|p2a: Lazegann|p1a: Cresselia
|
|-heal|p1a: Cresselia|414\/444|[from] item: Leftovers
|turn|17
|
|move|p2a: Lazegann|Calm Mind|p2a: Lazegann
|-boost|p2a: Lazegann|spa|1
|-boost|p2a: Lazegann|spd|1
|move|p1a: Cresselia|Ice Beam|p2a: Lazegann
|-supereffective|p2a: Lazegann
|-damage|p2a: Lazegann|91\/319
|
|-heal|p1a: Cresselia|441\/444|[from] item: Leftovers
|turn|18
|
|move|p2a: Lazegann|Sludge Wave|p1a: Cresselia
|-damage|p1a: Cresselia|139\/444
|move|p1a: Cresselia|Ice Beam|p2a: Lazegann
|-supereffective|p2a: Lazegann
|-damage|p2a: Lazegann|0 fnt
|faint|p2a: Lazegann
|
|-heal|p1a: Cresselia|166\/444|[from] item: Leftovers
|
|switch|p2a: Lancelot|Metagross-Mega, shiny|264\/301
|-damage|p2a: Lancelot|214\/301|[from] Spikes
|turn|19
|
|switch|p1a: Skarmory|Skarmory, M, shiny|325\/334
|move|p2a: Lancelot|Meteor Mash|p1a: Skarmory
|-resisted|p1a: Skarmory
|-damage|p1a: Skarmory|258\/334
|
|turn|20
|
|move|p2a: Lancelot|Meteor Mash|p1a: Skarmory
|-crit|p1a: Skarmory
|-resisted|p1a: Skarmory
|-damage|p1a: Skarmory|164\/334
|move|p1a: Skarmory|Spikes|p2a: Lancelot
|-sidestart|p2: Pheonixmaster|Spikes
|
|turn|21
|
|move|p2a: Lancelot|Meteor Mash|p1a: Skarmory
|-resisted|p1a: Skarmory
|-damage|p1a: Skarmory|98\/334
|move|p1a: Skarmory|Roost|p1a: Skarmory
|-heal|p1a: Skarmory|265\/334
|
|turn|22
|
|move|p2a: Lancelot|Meteor Mash|p1a: Skarmory
|-resisted|p1a: Skarmory
|-damage|p1a: Skarmory|203\/334
|move|p1a: Skarmory|Roost|p1a: Skarmory
|-heal|p1a: Skarmory|334\/334
|
|turn|23
|
|move|p2a: Lancelot|Meteor Mash|p1a: Skarmory
|-resisted|p1a: Skarmory
|-damage|p1a: Skarmory|271\/334
|move|p1a: Skarmory|Whirlwind|p2a: Lancelot
|drag|p2a: Nyu|Clefable, F|393\/394
|-damage|p2a: Nyu|295\/394|[from] Spikes
|
|-heal|p2a: Nyu|319\/394|[from] item: Leftovers
|turn|24
|
|switch|p1a: Heatran|Heatran, M|386\/386
|move|p2a: Nyu|Thunder Wave|p1a: Heatran
|-status|p1a: Heatran|par
|
|-heal|p2a: Nyu|343\/394|[from] item: Leftovers
|turn|25
|
|switch|p2a: Erza|Latias, F|301\/301
|move|p1a: Heatran|Taunt|p2a: Erza
|-start|p2a: Erza|move: Taunt
|
|turn|26
|
|switch|p2a: Misa|Rotom-Wash|303\/303
|cant|p1a: Heatran|par
|
|turn|27
|
|move|p2a: Misa|Volt Switch|p1a: Heatran
|-damage|p1a: Heatran|328\/386 par
|
|switch|p2a: Erza|Latias, F|301\/301
|move|p1a: Heatran|Stealth Rock|p2a: Erza
|-sidestart|p2: Pheonixmaster|move: Stealth Rock
|
|-heal|p1a: Heatran|352\/386 par|[from] item: Leftovers
|turn|28
|
|move|p2a: Erza|Defog|p1a: Heatran
|-unboost|p1a: Heatran|evasion|1
|-sideend|p2: Pheonixmaster|Spikes|[from] move: Defog|[of] p2a: Erza
|-sideend|p2: Pheonixmaster|Stealth Rock|[from] move: Defog|[of] p2a: Erza
|cant|p1a: Heatran|par
|
|-heal|p1a: Heatran|376\/386 par|[from] item: Leftovers
|turn|29
|
|switch|p2a: King Kittan|Heracross, M|116\/301 brn
|cant|p1a: Heatran|par
|
|-heal|p1a: Heatran|386\/386 par|[from] item: Leftovers
|-damage|p2a: King Kittan|79\/301 brn|[from] brn
|turn|30
|
|move|p2a: King Kittan|Close Combat|p1a: Heatran
|-supereffective|p1a: Heatran
|-damage|p1a: Heatran|0 fnt
|-unboost|p2a: King Kittan|def|1
|-unboost|p2a: King Kittan|spd|1
|faint|p1a: Heatran
|
|-damage|p2a: King Kittan|42\/301 brn|[from] brn
|c|â3GO|i'm random weak
|c|â3GO|gg
|
|switch|p1a: Sableye|Sableye-Mega, F, shiny|167\/304
|turn|31
|c|âPheonixmaster|nope this team is made to shit on stall
|
|switch|p2a: Nyu|Clefable, F|343\/394
|move|p1a: Sableye|Recover|p1a: Sableye
|-heal|p1a: Sableye|304\/304
|
|-heal|p2a: Nyu|367\/394|[from] item: Leftovers
|turn|32
|
|switch|p1a: Chansey|Chansey, F, shiny|594\/642
|move|p2a: Nyu|Moonblast|p1a: Chansey
|-damage|p1a: Chansey|540\/642
|-unboost|p1a: Chansey|spa|1
|
|-heal|p2a: Nyu|391\/394|[from] item: Leftovers
|turn|33
|
|switch|p2a: Lancelot|Metagross-Mega, shiny|214\/301
|move|p1a: Chansey|Seismic Toss|p2a: Lancelot
|-damage|p2a: Lancelot|114\/301
|
|turn|34
|
|switch|p1a: Skarmory|Skarmory, M, shiny|271\/334
|move|p2a: Lancelot|Meteor Mash|p1a: Skarmory
|-resisted|p1a: Skarmory
|-damage|p1a: Skarmory|204\/334
|
|turn|35
|
|switch|p2a: Misa|Rotom-Wash|303\/303
|move|p1a: Skarmory|Roost|p1a: Skarmory
|-heal|p1a: Skarmory|334\/334
|
|turn|36
|
|switch|p1a: Chansey|Chansey, F, shiny|540\/642
|move|p2a: Misa|Will-O-Wisp|p1a: Chansey|[miss]
|-miss|p2a: Misa|p1a: Chansey
|
|turn|37
|
|move|p2a: Misa|Volt Switch|p1a: Chansey
|-damage|p1a: Chansey|492\/642
|
|switch|p2a: Erza|Latias, F|301\/301
|move|p1a: Chansey|Seismic Toss|p2a: Erza
|-damage|p2a: Erza|201\/301
|
|turn|38
|
|move|p2a: Erza|Healing Wish|p2a: Erza
|faint|p2a: Erza
|move|p1a: Chansey|Thunder Wave|p2: Erza|[notarget]
|-notarget
|
|
|switch|p2a: King Kittan|Heracross, M|42\/301 brn
|-heal|p2a: King Kittan|301\/301|[from] move: Healing Wish
|turn|39
|
|switch|p1a: Sableye|Sableye-Mega, F, shiny|304\/304
|move|p2a: King Kittan|Close Combat|p1a: Sableye
|-immune|p1a: Sableye|[msg]
|
|turn|40
|
|switch|p2a: Nyu|Clefable, F|391\/394
|move|p1a: Sableye|Will-O-Wisp|p2a: Nyu|[miss]
|-miss|p1a: Sableye|p2a: Nyu
|
|-heal|p2a: Nyu|394\/394|[from] item: Leftovers
|turn|41
|
|switch|p2a: King Kittan|Heracross, M|301\/301
|switch|p1a: Chansey|Chansey, F, shiny|492\/642
|
|turn|42
|
|switch|p1a: Skarmory|Skarmory, M, shiny|334\/334
|move|p2a: King Kittan|Close Combat|p1a: Skarmory
|-damage|p1a: Skarmory|130\/334
|-unboost|p2a: King Kittan|def|1
|-unboost|p2a: King Kittan|spd|1
|
|turn|43
|
|move|p2a: King Kittan|Close Combat|p1a: Skarmory
|-damage|p1a: Skarmory|0 fnt
|-unboost|p2a: King Kittan|def|1
|-unboost|p2a: King Kittan|spd|1
|faint|p1a: Skarmory
|
|-message|3GO forfeited.
|
|win|Pheonixmaster
|raw|Ladder updating...
|leave|3GO
|player|p1
|raw|3GO's rating: 1507 &rarr; <strong>1485<\/strong><br \/>(-22 for losing)
|raw|Pheonixmaster's rating: 1471 &rarr; <strong>1493<\/strong><br \/>(+22 for winning)