|join|Mike Pass
|join|Pheonixmaster
|player|p1|Mike Pass|150
|player|p2|Pheonixmaster|167
|gametype|singles
|gen|6
|tier|OU
|rated
|clearpoke
|poke|p1|Quagsire, F
|poke|p1|Venusaur, F
|poke|p1|Dragonite, F
|poke|p1|Bisharp, M
|poke|p1|Chansey, F
|poke|p1|Excadrill, M
|poke|p2|Entei, shiny
|poke|p2|Dragonite, M
|poke|p2|Gallade, M
|poke|p2|Azelf
|poke|p2|Latias, F
|poke|p2|Thundurus, M
|rule|Swagger Clause: Swagger is banned
|rule|Baton Pass Clause: Limit one PokÃ©mon knowing Baton Pass
|rule|Sleep Clause Mod: Limit one foe put to sleep
|rule|Species Clause: Limit one of each PokÃ©mon
|rule|OHKO Clause: OHKO moves are banned
|rule|Moody Clause: Moody is banned
|rule|Evasion Moves Clause: Evasion moves are banned
|rule|Endless Battle Clause: Forcing endless battles is banned
|rule|HP Percentage Mod: HP is shown in percentages
|teampreview
|
|start
|switch|p1a: Bisharp|Bisharp, M|272\/272
|switch|p2a: Entei|Entei, shiny|369\/369
|-ability|p2a: Entei|Pressure
|turn|1
|
|move|p1a: Bisharp|Stone Edge|p2a: Entei
|-supereffective|p2a: Entei
|-damage|p2a: Entei|89\/369
|move|p2a: Entei|Sacred Fire|p1a: Bisharp
|-supereffective|p1a: Bisharp
|-damage|p1a: Bisharp|0 fnt
|-damage|p2a: Entei|53\/369|[from] item: Life Orb
|faint|p1a: Bisharp
|
|
|switch|p1a: Dragonite|Dragonite, F|323\/323
|turn|2
|
|switch|p2a: Dragonite|Dragonite, M|323\/323
|move|p1a: Dragonite|Extreme Speed|p2a: Dragonite
|-damage|p2a: Dragonite|267\/323
|
|turn|3
|
|switch|p2a: Azelf|Azelf|291\/291
|move|p1a: Dragonite|Outrage|p2a: Azelf
|-enditem|p2a: Azelf|Focus Sash
|-damage|p2a: Azelf|1\/291
|
|turn|4
|
|move|p2a: Azelf|Explosion|p1a: Dragonite
|-damage|p1a: Dragonite|178\/323
|faint|p2a: Azelf
|move|p1a: Dragonite|Outrage|p2: Azelf|[notarget]
|-notarget
|
|
|switch|p2a: Gallade|Gallade, M|277\/277
|turn|5
|
|detailschange|p2a: Gallade|Gallade-Mega, M
|-mega|p2a: Gallade|Gallade|Galladite
|move|p2a: Gallade|Ice Punch|p1a: Dragonite
|-supereffective|p1a: Dragonite
|-damage|p1a: Dragonite|0 fnt
|faint|p1a: Dragonite
|
|
|switch|p1a: Quagsire|Quagsire, F|394\/394
|turn|6
|
|move|p2a: Gallade|Close Combat|p1a: Quagsire
|-damage|p1a: Quagsire|172\/394
|-unboost|p2a: Gallade|def|1
|-unboost|p2a: Gallade|spd|1
|move|p1a: Quagsire|Toxic|p2a: Gallade
|-status|p2a: Gallade|tox
|
|-heal|p1a: Quagsire|196\/394|[from] item: Leftovers
|-damage|p2a: Gallade|260\/277 tox|[from] psn
|turn|7
|
|move|p2a: Gallade|Close Combat|p1a: Quagsire
|-damage|p1a: Quagsire|0 fnt
|-unboost|p2a: Gallade|def|1
|-unboost|p2a: Gallade|spd|1
|faint|p1a: Quagsire
|
|-damage|p2a: Gallade|226\/277 tox|[from] psn
|
|switch|p1a: Venusaur|Venusaur, F|364\/364
|turn|8
|
|detailschange|p1a: Venusaur|Venusaur-Mega, F
|-mega|p1a: Venusaur|Venusaur|Venusaurite
|move|p2a: Gallade|Zen Headbutt|p1a: Venusaur
|-supereffective|p1a: Venusaur
|-damage|p1a: Venusaur|164\/364
|move|p1a: Venusaur|Synthesis|p1a: Venusaur
|-heal|p1a: Venusaur|346\/364
|
|-damage|p2a: Gallade|175\/277 tox|[from] psn
|turn|9
|
|move|p2a: Gallade|Swords Dance|p2a: Gallade
|-boost|p2a: Gallade|atk|2
|move|p1a: Venusaur|Synthesis|p1a: Venusaur
|-heal|p1a: Venusaur|364\/364
|
|-damage|p2a: Gallade|107\/277 tox|[from] psn
|turn|10
|
|switch|p1a: Excadrill|Excadrill, M|362\/362
|-ability|p1a: Excadrill|Mold Breaker
|-item|p1a: Excadrill|Air Balloon
|move|p2a: Gallade|Zen Headbutt|p1a: Excadrill
|-resisted|p1a: Excadrill
|-damage|p1a: Excadrill|115\/362
|-enditem|p1a: Excadrill|Air Balloon
|
|-damage|p2a: Gallade|22\/277 tox|[from] psn
|turn|11
|
|switch|p2a: Dragonite|Dragonite, M|267\/323
|move|p1a: Excadrill|Iron Head|p2a: Dragonite
|-damage|p2a: Dragonite|114\/323
|
|turn|12
|
|switch|p2a: Latias|Latias, F|301\/301
|move|p1a: Excadrill|Iron Head|p2a: Latias
|-damage|p2a: Latias|145\/301
|
|turn|13
|
|switch|p1a: Chansey|Chansey, F|641\/641
|move|p2a: Latias|Healing Wish|p2a: Latias
|faint|p2a: Latias
|
|
|switch|p2a: Gallade|Gallade-Mega, M|22\/277 tox
|-heal|p2a: Gallade|277\/277|[from] move: Healing Wish
|turn|14
|
|move|p2a: Gallade|Close Combat|p1a: Chansey
|-supereffective|p1a: Chansey
|-damage|p1a: Chansey|15\/641
|-unboost|p2a: Gallade|def|1
|-unboost|p2a: Gallade|spd|1
|move|p1a: Chansey|Stealth Rock|p2a: Gallade
|-sidestart|p2: Pheonixmaster|move: Stealth Rock
|
|turn|15
|
|move|p2a: Gallade|Swords Dance|p2a: Gallade
|-boost|p2a: Gallade|atk|2
|move|p1a: Chansey|Seismic Toss|p2a: Gallade
|-damage|p2a: Gallade|177\/277
|
|turn|16
|
|move|p2a: Gallade|Ice Punch|p1a: Chansey
|-damage|p1a: Chansey|0 fnt
|faint|p1a: Chansey
|
|
|switch|p1a: Venusaur|Venusaur-Mega, F|364\/364
|turn|17
|
|move|p2a: Gallade|Zen Headbutt|p1a: Venusaur
|-crit|p1a: Venusaur
|-supereffective|p1a: Venusaur
|-damage|p1a: Venusaur|0 fnt
|faint|p1a: Venusaur
|
|-message|Mike Pass forfeited.
|leave|Mike Pass
|
|win|Pheonixmaster
|raw|Ladder updating...
|player|p1
|raw|Mike Pass's rating: 1474 &rarr; <strong>1452<\/strong><br \/>(-22 for losing)
|raw|Pheonixmaster's rating: 1437 &rarr; <strong>1460<\/strong><br \/>(+23 for winning)