|join|Anttya
|join|Pheonixmaster
|player|p1|Anttya|138
|player|p2|Pheonixmaster|167
|gametype|singles
|gen|6
|tier|OU
|rated
|clearpoke
|poke|p1|Volcarona, F
|poke|p1|Landorus-Therian, M
|poke|p1|Latias, F
|poke|p1|Bisharp, F
|poke|p1|Tyranitar, F
|poke|p1|Rotom-Wash
|poke|p2|Metagross, shiny
|poke|p2|Landorus, M
|poke|p2|Heracross, M
|poke|p2|Latias, F
|poke|p2|Rotom-Wash
|poke|p2|Clefable, F
|rule|Swagger Clause: Swagger is banned
|rule|Baton Pass Clause: Limit one PokÃ©mon knowing Baton Pass
|rule|Sleep Clause Mod: Limit one foe put to sleep
|rule|Species Clause: Limit one of each PokÃ©mon
|rule|OHKO Clause: OHKO moves are banned
|rule|Moody Clause: Moody is banned
|rule|Evasion Moves Clause: Evasion moves are banned
|rule|Endless Battle Clause: Forcing endless battles is banned
|rule|HP Percentage Mod: HP is shown in percentages
|teampreview
|
|start
|switch|p1a: Landorus-Therian|Landorus-Therian, M|319\/319
|switch|p2a: Nyu|Clefable, F|394\/394
|-ability|p1a: Landorus-Therian|Intimidate|[of] p2a: Nyu
|-unboost|p2a: Nyu|atk|1
|turn|1
|
|move|p1a: Landorus-Therian|Knock Off|p2a: Nyu
|-resisted|p2a: Nyu
|-damage|p2a: Nyu|339\/394
|-enditem|p2a: Nyu|Leftovers|[from] move: Knock Off|[of] p1a: Landorus-Therian
|move|p2a: Nyu|Stealth Rock|p1a: Landorus-Therian
|-sidestart|p1: Anttya|move: Stealth Rock
|
|turn|2
|
|switch|p1a: Volcarona|Volcarona, F|335\/335
|-damage|p1a: Volcarona|168\/335|[from] Stealth Rock
|move|p2a: Nyu|Thunder Wave|p1a: Volcarona
|-status|p1a: Volcarona|par
|-enditem|p1a: Volcarona|Lum Berry|[eat]
|-curestatus|p1a: Volcarona|par
|
|turn|3
|
|move|p1a: Volcarona|Roost|p1a: Volcarona
|-heal|p1a: Volcarona|335\/335
|move|p2a: Nyu|Thunder Wave|p1a: Volcarona
|-status|p1a: Volcarona|par
|
|turn|4
|
|switch|p2a: Misa|Rotom-Wash|303\/303
|cant|p1a: Volcarona|par
|
|turn|5
|join|Dirpz
|c|âAnttya|hi Dirpzy
|
|switch|p1a: Latias|Latias, F|301\/301
|-damage|p1a: Latias|264\/301|[from] Stealth Rock
|move|p2a: Misa|Volt Switch|p1a: Latias
|-resisted|p1a: Latias
|-damage|p1a: Latias|232\/301
|
|switch|p2a: Lancelot|Metagross, shiny|301\/301
|
|turn|6
|
|switch|p1a: Rotom-Wash|Rotom-Wash|303\/303
|-damage|p1a: Rotom-Wash|266\/303|[from] Stealth Rock
|detailschange|p2a: Lancelot|Metagross-Mega, shiny
|-mega|p2a: Lancelot|Metagross|Metagrossite
|move|p2a: Lancelot|Meteor Mash|p1a: Rotom-Wash
|-resisted|p1a: Rotom-Wash
|-damage|p1a: Rotom-Wash|226\/303
|
|-heal|p1a: Rotom-Wash|244\/303|[from] item: Leftovers
|turn|7
|
|switch|p2a: King Kittan|Heracross, M|301\/301
|move|p1a: Rotom-Wash|Volt Switch|p2a: King Kittan
|-damage|p2a: King Kittan|216\/301
|
|switch|p1a: Latias|Latias, F|232\/301
|-damage|p1a: Latias|195\/301|[from] Stealth Rock
|
|turn|8
|
|switch|p1a: Landorus-Therian|Landorus-Therian, M|319\/319
|-damage|p1a: Landorus-Therian|280\/319|[from] Stealth Rock
|-ability|p1a: Landorus-Therian|Intimidate|[of] p2a: King Kittan
|-unboost|p2a: King Kittan|atk|1
|switch|p2a: Lancelot|Metagross-Mega, shiny|301\/301
|
|turn|9
|
|move|p1a: Landorus-Therian|U-turn|p2a: Lancelot
|-damage|p2a: Lancelot|234\/301
|
|switch|p1a: Rotom-Wash|Rotom-Wash|244\/303
|-damage|p1a: Rotom-Wash|207\/303|[from] Stealth Rock
|move|p2a: Lancelot|Zen Headbutt|p1a: Rotom-Wash
|-damage|p1a: Rotom-Wash|60\/303
|
|-heal|p1a: Rotom-Wash|78\/303|[from] item: Leftovers
|turn|10
|
|switch|p1a: Landorus-Therian|Landorus-Therian, M|280\/319
|-damage|p1a: Landorus-Therian|241\/319|[from] Stealth Rock
|-ability|p1a: Landorus-Therian|Intimidate|[of] p2a: Lancelot
|-unboost|p2a: Lancelot|atk|1
|move|p2a: Lancelot|Hammer Arm|p1a: Landorus-Therian
|-resisted|p1a: Landorus-Therian
|-damage|p1a: Landorus-Therian|184\/319
|-unboost|p2a: Lancelot|spe|1
|
|turn|11
|
|switch|p2a: Misa|Rotom-Wash|303\/303
|move|p1a: Landorus-Therian|U-turn|p2a: Misa
|-damage|p2a: Misa|239\/303
|
|switch|p1a: Latias|Latias, F|195\/301
|-damage|p1a: Latias|158\/301|[from] Stealth Rock
|
|-heal|p2a: Misa|257\/303|[from] item: Leftovers
|turn|12
|join|Dream Eater Gengar
|c| Dream Eater Gengar|nubtya
|c| Dream Eater Gengar|playing
|
|switch|p2a: Nyu|Clefable, F|339\/394
|move|p1a: Latias|Defog|p2a: Nyu
|-unboost|p2a: Nyu|evasion|1
|-sideend|p1: Anttya|Stealth Rock|[from] move: Defog|[of] p1a: Latias
|
|turn|13
|c|âAnttya|Good idea to test a new team at 1500 Y\/N
|c|âAnttya|Because I think Y :]
|
|switch|p1a: Bisharp|Bisharp, F|271\/271
|move|p2a: Nyu|Thunder Wave|p1a: Bisharp
|-status|p1a: Bisharp|par
|
|turn|14
|
|switch|p2a: Misa|Rotom-Wash|257\/303
|move|p1a: Bisharp|Swords Dance|p1a: Bisharp
|-boost|p1a: Bisharp|atk|2
|
|-heal|p2a: Misa|275\/303|[from] item: Leftovers
|turn|15
|c| Dream Eater Gengar|yea
|c| Dream Eater Gengar|wynaut
|
|cant|p1a: Bisharp|par
|move|p2a: Misa|Hydro Pump|p1a: Bisharp|[miss]
|-miss|p2a: Misa|p1a: Bisharp
|
|-heal|p2a: Misa|293\/303|[from] item: Leftovers
|turn|16
|c|âAnttya|exactly lol
|c|âAnttya|and rip
|c| Dream Eater Gengar|rof
|
|switch|p2a: King Kittan|Heracross, M|216\/301
|move|p1a: Bisharp|Sucker Punch|p2a: King Kittan
|-fail|p2a: King Kittan
|
|turn|17
|
|move|p1a: Bisharp|Sucker Punch|p2a: King Kittan
|-resisted|p2a: King Kittan
|-damage|p2a: King Kittan|0 fnt
|-damage|p1a: Bisharp|244\/271 par|[from] item: Life Orb
|faint|p2a: King Kittan
|
|
|switch|p2a: Misa|Rotom-Wash|293\/303
|turn|18
|
|move|p2a: Misa|Hydro Pump|p1a: Bisharp
|-damage|p1a: Bisharp|64\/271 par
|move|p1a: Bisharp|Knock Off|p2a: Misa
|-damage|p2a: Misa|0 fnt
|-enditem|p2a: Misa|Leftovers|[from] move: Knock Off|[of] p1a: Bisharp
|-damage|p1a: Bisharp|37\/271 par|[from] item: Life Orb
|faint|p2a: Misa
|
|
|switch|p2a: Nyu|Clefable, F|339\/394
|turn|19
|
|switch|p1a: Volcarona|Volcarona, F|335\/335 par
|move|p2a: Nyu|Moonblast|p1a: Volcarona
|-resisted|p1a: Volcarona
|-damage|p1a: Volcarona|284\/335 par
|
|turn|20
|
|move|p2a: Nyu|Stealth Rock|p1a: Volcarona
|-sidestart|p1: Anttya|move: Stealth Rock
|move|p1a: Volcarona|Fiery Dance|p2a: Nyu
|-damage|p2a: Nyu|179\/394
|
|turn|21
|
|move|p2a: Nyu|Moonlight|p2a: Nyu
|-heal|p2a: Nyu|376\/394
|cant|p1a: Volcarona|par
|
|turn|22
|
|switch|p2a: Lazegann|Landorus, M|319\/319
|move|p1a: Volcarona|Fiery Dance|p2a: Lazegann
|-crit|p2a: Lazegann
|-damage|p2a: Lazegann|21\/319
|
|turn|23
|
|switch|p2a: Lancelot|Metagross-Mega, shiny|234\/301
|switch|p1a: Rotom-Wash|Rotom-Wash|78\/303
|-damage|p1a: Rotom-Wash|41\/303|[from] Stealth Rock
|
|-heal|p1a: Rotom-Wash|59\/303|[from] item: Leftovers
|turn|24
|
|move|p2a: Lancelot|Zen Headbutt|p1a: Rotom-Wash
|-damage|p1a: Rotom-Wash|0 fnt
|faint|p1a: Rotom-Wash
|
|
|switch|p1a: Tyranitar|Tyranitar, F|403\/403
|-damage|p1a: Tyranitar|353\/403|[from] Stealth Rock
|-weather|Sandstorm
|turn|25
|
|switch|p2a: Nyu|Clefable, F|376\/394
|detailschange|p1a: Tyranitar|Tyranitar-Mega, F
|-mega|p1a: Tyranitar|Tyranitar|Tyranitarite
|move|p1a: Tyranitar|Earthquake|p2a: Nyu
|-damage|p2a: Nyu|262\/394
|
|-weather|Sandstorm|[upkeep]
|-damage|p2a: Nyu|238\/394|[from] sandstorm
|turn|26
|join|hi anttya
|join|DM35
|c|âAnttya|That name
|
|switch|p1a: Volcarona|Volcarona, F|284\/335 par
|-damage|p1a: Volcarona|117\/335 par|[from] Stealth Rock
|move|p2a: Nyu|Moonblast|p1a: Volcarona
|-resisted|p1a: Volcarona
|-damage|p1a: Volcarona|63\/335 par
|-unboost|p1a: Volcarona|spa|1
|
|-weather|Sandstorm|[upkeep]
|-damage|p2a: Nyu|214\/394|[from] sandstorm
|-damage|p1a: Volcarona|43\/335 par|[from] sandstorm
|turn|27
|c| hi anttya|tip-never use pokemon who is 4x to rocks in ou
|
|move|p2a: Nyu|Moonblast|p1a: Volcarona
|-resisted|p1a: Volcarona
|-damage|p1a: Volcarona|0 fnt
|faint|p1a: Volcarona
|
|-weather|Sandstorm|[upkeep]
|-damage|p2a: Nyu|190\/394|[from] sandstorm
|c|âAnttya|So no Talonflame????!
|c| DM35|so never use charizard?
|c| DM35|seems legit
|
|switch|p1a: Latias|Latias, F|158\/301
|-damage|p1a: Latias|121\/301|[from] Stealth Rock
|turn|28
|c|âAnttya|Exactly lol
|
|switch|p2a: Lancelot|Metagross-Mega, shiny|234\/301
|move|p1a: Latias|Healing Wish|p1a: Latias
|faint|p1a: Latias
|
|-weather|Sandstorm|[upkeep]
|
|switch|p1a: Bisharp|Bisharp, F|37\/271 par
|-heal|p1a: Bisharp|271\/271|[from] move: Healing Wish
|-damage|p1a: Bisharp|255\/271|[from] Stealth Rock
|turn|29
|c| DM35|mega ttar+volcarona that shits scary
|
|move|p1a: Bisharp|Sucker Punch|p2a: Lancelot
|-supereffective|p2a: Lancelot
|-damage|p2a: Lancelot|0 fnt
|-damage|p1a: Bisharp|228\/271|[from] item: Life Orb
|faint|p2a: Lancelot
|
|-weather|none
|c|âAnttya|Yep
|c|âAnttya|He's my SR user tho
|
|switch|p2a: Erza|Latias, F|301\/301
|turn|30
|c| DM35|ahh not DD
|c| DM35|tbf
|
|move|p1a: Bisharp|Sucker Punch|p2a: Erza
|-fail|p2a: Erza
|move|p2a: Erza|Healing Wish|p2a: Erza
|faint|p2a: Erza
|
|c|âAnttya|like I totally forgot I needed a Mega
|c| DM35|DD is shit atm
|
|switch|p2a: Lazegann|Landorus, M|21\/319
|-heal|p2a: Lazegann|319\/319|[from] move: Healing Wish
|turn|31
|c|âAnttya|Yeah, too many scarf Keldeos
|c| DM35|with scarf dog everywhere
|c|âAnttya|yep
|c| DM35|and keld yeah
|
|switch|p1a: Tyranitar|Tyranitar-Mega, F|353\/403
|-damage|p1a: Tyranitar|303\/403|[from] Stealth Rock
|-weather|Sandstorm
|move|p2a: Lazegann|Earth Power|p1a: Tyranitar
|-supereffective|p1a: Tyranitar
|-damage|p1a: Tyranitar|12\/403
|
|-weather|Sandstorm|[upkeep]
|turn|32
|
|move|p2a: Lazegann|Earth Power|p1a: Tyranitar
|-supereffective|p1a: Tyranitar
|-damage|p1a: Tyranitar|0 fnt
|faint|p1a: Tyranitar
|
|-weather|Sandstorm|[upkeep]
|c|âAnttya|I needed a Mega that had rocks and could take a Latios's DD
|c| hi anttya|use explosion on lando
|c|âAnttya|DM*
|c|âAnttya|> Explosion
|
|switch|p1a: Landorus-Therian|Landorus-Therian, M|184\/319
|-damage|p1a: Landorus-Therian|145\/319|[from] Stealth Rock
|-ability|p1a: Landorus-Therian|Intimidate|[of] p2a: Lazegann
|-unboost|p2a: Lazegann|atk|1
|turn|33
|c| DM35|reveal the HP Ice scarf dog
|c|âAnttya|Ew
|c| DM35|on this team
|c| DM35|i hope you have superpower
|c|âAnttya|Switch or nah
|c|âAnttya|No, I have Knock Off lol
|c| DM35|cos mega gyara looks like it cleans at +1
|c|âAnttya|o you're right
|c|âAnttya|lol the 50\/50
|
|switch|p2a: Nyu|Clefable, F|190\/394
|move|p1a: Landorus-Therian|Knock Off|p2a: Nyu
|-resisted|p2a: Nyu
|-damage|p2a: Nyu|151\/394
|
|-weather|Sandstorm|[upkeep]
|-damage|p2a: Nyu|127\/394|[from] sandstorm
|turn|34
|c|âAnttya|RIP
|
|switch|p1a: Bisharp|Bisharp, F|228\/271
|-damage|p1a: Bisharp|212\/271|[from] Stealth Rock
|move|p2a: Nyu|Moonblast|p1a: Bisharp
|-damage|p1a: Bisharp|82\/271
|
|-weather|Sandstorm|[upkeep]
|-damage|p2a: Nyu|103\/394|[from] sandstorm
|turn|35
|
|move|p1a: Bisharp|Iron Head|p2a: Nyu
|-supereffective|p2a: Nyu
|-damage|p2a: Nyu|0 fnt
|-damage|p1a: Bisharp|55\/271|[from] item: Life Orb
|faint|p2a: Nyu
|
|-weather|none
|c| DM35|ggnore
|
|switch|p2a: Lazegann|Landorus, M|319\/319
|turn|36
|c|âAnttya|Idk if Stone Edge \/ Knock Off kills lol
|c|âAnttya|Also, Adamant Sharp or nah
|
|move|p1a: Bisharp|Sucker Punch|p2a: Lazegann
|-damage|p2a: Lazegann|136\/319
|-damage|p1a: Bisharp|28\/271|[from] item: Life Orb
|move|p2a: Lazegann|Earth Power|p1a: Bisharp
|-supereffective|p1a: Bisharp
|-damage|p1a: Bisharp|0 fnt
|faint|p1a: Bisharp
|
|c|âAnttya|It's jolly atm
|c| hi anttya|stone kills maybe
|c| DM35|hmm
|c| DM35|well
|
|switch|p1a: Landorus-Therian|Landorus-Therian, M|145\/319
|-damage|p1a: Landorus-Therian|106\/319|[from] Stealth Rock
|-ability|p1a: Landorus-Therian|Intimidate|[of] p2a: Lazegann
|-unboost|p2a: Lazegann|atk|1
|turn|37
|c| DM35|knock off does like 2% less
|c| DM35|so
|c| DM35|idk i think itll kill
|c|âAnttya|Inb4 miss
|c|âAnttya|Stone Edge is still a roll
|c|âAnttya|252 Atk Landorus-T Stone Edge vs. 0 HP \/ 4 Def Landorus: 129-152 (40.4 - 47.6%) -- guaranteed 3HKO
|
|move|p1a: Landorus-Therian|Stone Edge|p2a: Lazegann|[miss]
|-miss|p1a: Landorus-Therian|p2a: Lazegann
|move|p2a: Lazegann|Psychic|p1a: Landorus-Therian
|-crit|p1a: Landorus-Therian
|-damage|p1a: Landorus-Therian|0 fnt
|faint|p1a: Landorus-Therian
|
|win|Pheonixmaster
|raw|Ladder updating...
|c|âAnttya|Rip me
|raw|Anttya's rating: 1569 &rarr; <strong>1548<\/strong><br \/>(-21 for losing)
|raw|Pheonixmaster's rating: 1557 &rarr; <strong>1577<\/strong><br \/>(+20 for winning)