|join|foncused
|join|Pheonixmaster
|player|p1|foncused|170
|player|p2|Pheonixmaster|167
|gametype|singles
|gen|6
|tier|OU
|rated
|clearpoke
|poke|p1|Heracross, F
|poke|p1|Lopunny, M
|poke|p1|Infernape, F
|poke|p1|Latios, M
|poke|p1|Raikou
|poke|p1|Landorus-Therian, M
|poke|p2|Gengar, M
|poke|p2|Gyarados, M
|poke|p2|Diggersby, M, shiny
|poke|p2|Latias, F
|poke|p2|Landorus-Therian, M
|poke|p2|Rotom-Wash
|rule|Swagger Clause: Swagger is banned
|rule|Baton Pass Clause: Limit one PokÃ©mon knowing Baton Pass
|rule|Sleep Clause Mod: Limit one foe put to sleep
|rule|Species Clause: Limit one of each PokÃ©mon
|rule|OHKO Clause: OHKO moves are banned
|rule|Moody Clause: Moody is banned
|rule|Evasion Moves Clause: Evasion moves are banned
|rule|Endless Battle Clause: Forcing endless battles is banned
|rule|HP Percentage Mod: HP is shown in percentages
|teampreview
|
|start
|switch|p1a: Landorus-Therian|Landorus-Therian, M|319\/319
|switch|p2a: Misa|Rotom-Wash|303\/303
|-ability|p1a: Landorus-Therian|Intimidate|[of] p2a: Misa
|-unboost|p2a: Misa|atk|1
|turn|1
|
|move|p1a: Landorus-Therian|U-turn|p2a: Misa
|-damage|p2a: Misa|228\/303
|
|switch|p1a: Heracross|Heracross, F|308\/308
|move|p2a: Misa|Will-O-Wisp|p1a: Heracross
|-status|p1a: Heracross|brn
|
|-heal|p2a: Misa|246\/303|[from] item: Leftovers
|-damage|p1a: Heracross|270\/308 brn|[from] brn
|turn|2
|
|switch|p2a: Gengar|Gengar, M|261\/261
|move|p1a: Heracross|Megahorn|p2a: Gengar
|-resisted|p2a: Gengar
|-damage|p2a: Gengar|54\/261
|
|-damage|p1a: Heracross|232\/308 brn|[from] brn
|turn|3
|
|switch|p1a: Raikou|Raikou|321\/321
|-ability|p1a: Raikou|Pressure
|move|p2a: Gengar|Sludge Wave|p1a: Raikou
|-damage|p1a: Raikou|169\/321
|-damage|p2a: Gengar|28\/261|[from] item: Life Orb
|
|turn|4
|
|switch|p2a: Erza|Latias, F|319\/319
|move|p1a: Raikou|Shadow Ball|p2a: Erza
|-crit|p2a: Erza
|-supereffective|p2a: Erza
|-damage|p2a: Erza|113\/319
|
|turn|5
|
|switch|p2a: Yarne|Diggersby, M, shiny|311\/311
|move|p1a: Raikou|Shadow Ball|p2a: Yarne
|-immune|p2a: Yarne|[msg]
|
|turn|6
|
|switch|p1a: Landorus-Therian|Landorus-Therian, M|319\/319
|-ability|p1a: Landorus-Therian|Intimidate|[of] p2a: Yarne
|-unboost|p2a: Yarne|atk|1
|move|p2a: Yarne|Swords Dance|p2a: Yarne
|-boost|p2a: Yarne|atk|2
|
|turn|7
|
|move|p1a: Landorus-Therian|Earthquake|p2a: Yarne
|-damage|p2a: Yarne|55\/311
|move|p2a: Yarne|Return|p1a: Landorus-Therian
|-damage|p1a: Landorus-Therian|0 fnt
|-damage|p2a: Yarne|24\/311|[from] item: Life Orb
|faint|p1a: Landorus-Therian
|
|
|switch|p1a: Lopunny|Lopunny, M|271\/271
|turn|8
|
|switch|p2a: Gengar|Gengar, M|28\/261
|detailschange|p1a: Lopunny|Lopunny-Mega, M
|-mega|p1a: Lopunny|Lopunny|Lopunnite
|move|p1a: Lopunny|Fake Out|p2a: Gengar
|-damage|p2a: Gengar|0 fnt
|faint|p2a: Gengar
|
|
|switch|p2a: Gyarados|Gyarados, M|333\/333
|-ability|p2a: Gyarados|Intimidate|[of] p1a: Lopunny
|-unboost|p1a: Lopunny|atk|1
|turn|9
|
|move|p1a: Lopunny|Return|p2a: Gyarados
|-damage|p2a: Gyarados|170\/333
|move|p2a: Gyarados|Dragon Dance|p2a: Gyarados
|-boost|p2a: Gyarados|atk|1
|-boost|p2a: Gyarados|spe|1
|
|turn|10
|
|detailschange|p2a: Gyarados|Gyarados-Mega, M
|-mega|p2a: Gyarados|Gyarados|Gyaradosite
|-ability|p2a: Gyarados|Mold Breaker
|move|p2a: Gyarados|Waterfall|p1a: Lopunny
|-damage|p1a: Lopunny|16\/271
|move|p1a: Lopunny|High Jump Kick|p2a: Gyarados
|-supereffective|p2a: Gyarados
|-damage|p2a: Gyarados|0 fnt
|faint|p2a: Gyarados
|
|
|switch|p2a: Misa|Rotom-Wash|246\/303
|turn|11
|
|switch|p1a: Latios|Latios, M|301\/301
|move|p2a: Misa|Volt Switch|p1a: Latios
|-resisted|p1a: Latios
|-damage|p1a: Latios|265\/301
|
|switch|p2a: Mello|Landorus-Therian, M|343\/343
|-ability|p2a: Mello|Intimidate|[of] p1a: Latios
|-unboost|p1a: Latios|atk|1
|
|turn|12
|
|move|p1a: Latios|Psyshock|p2a: Mello
|-damage|p2a: Mello|148\/343
|-damage|p1a: Latios|235\/301|[from] item: Life Orb
|move|p2a: Mello|Knock Off|p1a: Latios
|-supereffective|p1a: Latios
|-damage|p1a: Latios|0 fnt
|-enditem|p1a: Latios|Life Orb|[from] move: Knock Off|[of] p2a: Mello
|faint|p1a: Latios
|
|
|switch|p1a: Raikou|Raikou|169\/321
|-ability|p1a: Raikou|Pressure
|turn|13
|
|switch|p2a: Misa|Rotom-Wash|246\/303
|move|p1a: Raikou|Hidden Power|p2a: Misa
|-resisted|p2a: Misa
|-damage|p2a: Misa|216\/303
|
|-heal|p2a: Misa|234\/303|[from] item: Leftovers
|turn|14
|
|switch|p1a: Lopunny|Lopunny-Mega, M|16\/271
|move|p2a: Misa|Hydro Pump|p1a: Lopunny
|-damage|p1a: Lopunny|0 fnt
|faint|p1a: Lopunny
|
|-heal|p2a: Misa|252\/303|[from] item: Leftovers
|
|switch|p1a: Heracross|Heracross, F|232\/308 brn
|turn|15
|
|switch|p2a: Mello|Landorus-Therian, M|148\/343
|-ability|p2a: Mello|Intimidate|[of] p1a: Heracross
|-unboost|p1a: Heracross|atk|1
|move|p1a: Heracross|Close Combat|p2a: Mello
|-resisted|p2a: Mello
|-damage|p2a: Mello|0 fnt
|-unboost|p1a: Heracross|def|1
|-unboost|p1a: Heracross|spd|1
|faint|p2a: Mello
|
|-damage|p1a: Heracross|194\/308 brn|[from] brn
|
|switch|p2a: Erza|Latias, F|113\/319
|turn|16
|
|move|p2a: Erza|Psyshock|p1a: Heracross
|-supereffective|p1a: Heracross
|-damage|p1a: Heracross|0 fnt
|-damage|p2a: Erza|82\/319|[from] item: Life Orb
|faint|p1a: Heracross
|
|
|switch|p1a: Raikou|Raikou|169\/321
|-ability|p1a: Raikou|Pressure
|turn|17
|
|switch|p2a: Misa|Rotom-Wash|252\/303
|move|p1a: Raikou|Shadow Ball|p2a: Misa
|-damage|p2a: Misa|171\/303
|-unboost|p2a: Misa|spd|1
|
|-heal|p2a: Misa|189\/303|[from] item: Leftovers
|turn|18
|c|âPheonixmaster|you must be kidding me
|
|switch|p2a: Yarne|Diggersby, M, shiny|24\/311
|move|p1a: Raikou|Thunderbolt|p2a: Yarne
|-immune|p2a: Yarne|[msg]
|
|turn|19
|
|switch|p2a: Misa|Rotom-Wash|189\/303
|move|p1a: Raikou|Hidden Power|p2a: Misa
|-resisted|p2a: Misa
|-damage|p2a: Misa|158\/303
|
|-heal|p2a: Misa|176\/303|[from] item: Leftovers
|turn|20
|
|switch|p1a: Infernape|Infernape, F|293\/293
|switch|p2a: Yarne|Diggersby, M, shiny|24\/311
|
|turn|21
|
|switch|p2a: Misa|Rotom-Wash|176\/303
|move|p1a: Infernape|Mach Punch|p2a: Misa
|-damage|p2a: Misa|116\/303
|
|-heal|p2a: Misa|134\/303|[from] item: Leftovers
|turn|22
|
|move|p1a: Infernape|Close Combat|p2a: Misa
|-damage|p2a: Misa|0 fnt
|-unboost|p1a: Infernape|def|1
|-unboost|p1a: Infernape|spd|1
|faint|p2a: Misa
|
|
|switch|p2a: Erza|Latias, F|82\/319
|turn|23
|
|move|p2a: Erza|Psyshock|p1a: Infernape
|-crit|p1a: Infernape
|-supereffective|p1a: Infernape
|-enditem|p1a: Infernape|Focus Sash
|-damage|p1a: Infernape|1\/293
|-damage|p2a: Erza|51\/319|[from] item: Life Orb
|move|p1a: Infernape|Close Combat|p2a: Erza
|-resisted|p2a: Erza
|-damage|p2a: Erza|0 fnt
|-unboost|p1a: Infernape|def|1
|-unboost|p1a: Infernape|spd|1
|faint|p2a: Erza
|
|leave|Pheonixmaster
|player|p2
|c|âfoncused|gg
|-message|pheonixmaster lost due to inactivity.
|
|win|foncused
|raw|Ladder updating...
|raw|foncused's rating: 1508 &rarr; <strong>1523<\/strong><br \/>(+15 for winning)
|raw|Pheonixmaster's rating: 1413 &rarr; <strong>1398<\/strong><br \/>(-15 for losing)