|join|sand1234
|join|Pheonixmaster
|player|p1|sand1234|102
|player|p2|Pheonixmaster|167
|gametype|singles
|gen|6
|tier|OU
|rated
|clearpoke
|poke|p1|Tyranitar, M
|poke|p1|Excadrill, F
|poke|p1|Dragonite, F
|poke|p1|Charizard, F
|poke|p1|Clefable, M
|poke|p1|Keldeo
|poke|p2|Metagross, shiny
|poke|p2|Landorus, M
|poke|p2|Heracross, M
|poke|p2|Latias, F
|poke|p2|Rotom-Wash
|poke|p2|Clefable, F
|rule|Swagger Clause: Swagger is banned
|rule|Baton Pass Clause: Limit one PokÃ©mon knowing Baton Pass
|rule|Sleep Clause Mod: Limit one foe put to sleep
|rule|Species Clause: Limit one of each PokÃ©mon
|rule|OHKO Clause: OHKO moves are banned
|rule|Moody Clause: Moody is banned
|rule|Evasion Moves Clause: Evasion moves are banned
|rule|Endless Battle Clause: Forcing endless battles is banned
|rule|HP Percentage Mod: HP is shown in percentages
|teampreview
|
|start
|switch|p1a: Tyranitar|Tyranitar, M|403\/403
|switch|p2a: Nyu|Clefable, F|394\/394
|-weather|Sandstorm
|turn|1
|
|move|p2a: Nyu|Stealth Rock|p1a: Tyranitar
|-sidestart|p1: sand1234|move: Stealth Rock
|move|p1a: Tyranitar|Stealth Rock|p2a: Nyu
|-sidestart|p2: Pheonixmaster|move: Stealth Rock
|
|-weather|Sandstorm|[upkeep]
|-damage|p2a: Nyu|370\/394|[from] sandstorm
|-heal|p2a: Nyu|394\/394|[from] item: Leftovers
|turn|2
|
|switch|p2a: King Kittan|Heracross, M|301\/301
|-damage|p2a: King Kittan|264\/301|[from] Stealth Rock
|switch|p1a: Excadrill|Excadrill, F|361\/361
|-damage|p1a: Excadrill|350\/361|[from] Stealth Rock
|
|-weather|Sandstorm|[upkeep]
|-damage|p2a: King Kittan|246\/301|[from] sandstorm
|turn|3
|
|move|p1a: Excadrill|Iron Head|p2a: King Kittan
|-damage|p2a: King Kittan|0 fnt
|-damage|p1a: Excadrill|314\/361|[from] item: Life Orb
|faint|p2a: King Kittan
|
|-weather|Sandstorm|[upkeep]
|
|switch|p2a: Misa|Rotom-Wash|303\/303
|-damage|p2a: Misa|266\/303|[from] Stealth Rock
|turn|4
|
|switch|p1a: Clefable|Clefable, M|394\/394
|move|p2a: Misa|Hydro Pump|p1a: Clefable
|-damage|p1a: Clefable|256\/394
|
|-weather|Sandstorm|[upkeep]
|-damage|p2a: Misa|248\/303|[from] sandstorm
|-heal|p2a: Misa|266\/303|[from] item: Leftovers
|-heal|p1a: Clefable|280\/394|[from] item: Leftovers
|turn|5
|
|move|p2a: Misa|Volt Switch|p1a: Clefable
|-damage|p1a: Clefable|180\/394
|
|switch|p2a: Lancelot|Metagross, shiny|301\/301
|-damage|p2a: Lancelot|283\/301|[from] Stealth Rock
|move|p1a: Clefable|Calm Mind|p1a: Clefable
|-boost|p1a: Clefable|spa|1
|-boost|p1a: Clefable|spd|1
|
|-weather|Sandstorm|[upkeep]
|-heal|p1a: Clefable|204\/394|[from] item: Leftovers
|turn|6
|
|detailschange|p2a: Lancelot|Metagross-Mega, shiny
|-mega|p2a: Lancelot|Metagross|Metagrossite
|move|p2a: Lancelot|Meteor Mash|p1a: Clefable
|-supereffective|p1a: Clefable
|-damage|p1a: Clefable|0 fnt
|faint|p1a: Clefable
|
|-weather|Sandstorm|[upkeep]
|
|switch|p1a: Excadrill|Excadrill, F|314\/361
|-damage|p1a: Excadrill|303\/361|[from] Stealth Rock
|turn|7
|
|switch|p2a: Misa|Rotom-Wash|266\/303
|-damage|p2a: Misa|229\/303|[from] Stealth Rock
|move|p1a: Excadrill|Earthquake|p2a: Misa
|-immune|p2a: Misa|[msg]
|
|-weather|Sandstorm|[upkeep]
|-damage|p2a: Misa|211\/303|[from] sandstorm
|-heal|p2a: Misa|229\/303|[from] item: Leftovers
|turn|8
|
|move|p1a: Excadrill|Rapid Spin|p2a: Misa
|-damage|p2a: Misa|203\/303
|-sideend|p1: sand1234|Stealth Rock|[from] move: Rapid Spin|[of] p1a: Excadrill
|-damage|p1a: Excadrill|267\/361|[from] item: Life Orb
|move|p2a: Misa|Hydro Pump|p1a: Excadrill
|-supereffective|p1a: Excadrill
|-damage|p1a: Excadrill|0 fnt
|faint|p1a: Excadrill
|
|-weather|none
|-heal|p2a: Misa|221\/303|[from] item: Leftovers
|
|switch|p1a: Charizard|Charizard, F|297\/297
|turn|9
|
|detailschange|p1a: Charizard|Charizard-Mega-X, F
|-mega|p1a: Charizard|Charizard|Charizardite X
|move|p1a: Charizard|Dragon Dance|p1a: Charizard
|-boost|p1a: Charizard|atk|1
|-boost|p1a: Charizard|spe|1
|move|p2a: Misa|Volt Switch|p1a: Charizard
|-resisted|p1a: Charizard
|-damage|p1a: Charizard|244\/297
|
|switch|p2a: Nyu|Clefable, F|394\/394
|-damage|p2a: Nyu|345\/394|[from] Stealth Rock
|
|-heal|p2a: Nyu|369\/394|[from] item: Leftovers
|turn|10
|
|move|p1a: Charizard|Flare Blitz|p2a: Nyu
|-damage|p2a: Nyu|90\/394
|-damage|p1a: Charizard|152\/297|[from] recoil|[of] p2a: Nyu
|move|p2a: Nyu|Thunder Wave|p1a: Charizard
|-status|p1a: Charizard|par
|
|-heal|p2a: Nyu|114\/394|[from] item: Leftovers
|turn|11
|
|move|p2a: Nyu|Moonlight|p2a: Nyu
|-heal|p2a: Nyu|311\/394
|move|p1a: Charizard|Flare Blitz|p2a: Nyu
|-damage|p2a: Nyu|17\/394
|-damage|p1a: Charizard|55\/297 par|[from] recoil|[of] p2a: Nyu
|
|-heal|p2a: Nyu|41\/394|[from] item: Leftovers
|turn|12
|
|move|p2a: Nyu|Stealth Rock|p1a: Charizard
|-sidestart|p1: sand1234|move: Stealth Rock
|cant|p1a: Charizard|par
|
|-heal|p2a: Nyu|65\/394|[from] item: Leftovers
|turn|13
|
|move|p2a: Nyu|Moonblast|p1a: Charizard
|-damage|p1a: Charizard|0 fnt
|faint|p1a: Charizard
|
|-heal|p2a: Nyu|89\/394|[from] item: Leftovers
|
|switch|p1a: Tyranitar|Tyranitar, M|403\/403
|-damage|p1a: Tyranitar|353\/403|[from] Stealth Rock
|-weather|Sandstorm
|turn|14
|
|move|p2a: Nyu|Moonblast|p1a: Tyranitar
|-supereffective|p1a: Tyranitar
|-damage|p1a: Tyranitar|221\/403
|-unboost|p1a: Tyranitar|spa|1
|move|p1a: Tyranitar|Fire Blast|p2a: Nyu
|-damage|p2a: Nyu|0 fnt
|faint|p2a: Nyu
|
|-weather|Sandstorm|[upkeep]
|
|switch|p2a: Lancelot|Metagross-Mega, shiny|283\/301
|-damage|p2a: Lancelot|265\/301|[from] Stealth Rock
|turn|15
|
|move|p2a: Lancelot|Meteor Mash|p1a: Tyranitar
|-supereffective|p1a: Tyranitar
|-damage|p1a: Tyranitar|0 fnt
|-boost|p2a: Lancelot|atk|1
|faint|p1a: Tyranitar
|
|-weather|Sandstorm|[upkeep]
|
|switch|p1a: Keldeo|Keldeo|323\/323
|-damage|p1a: Keldeo|303\/323|[from] Stealth Rock
|turn|16
|
|move|p1a: Keldeo|Hydro Pump|p2a: Lancelot
|-damage|p2a: Lancelot|72\/301
|move|p2a: Lancelot|Zen Headbutt|p1a: Keldeo
|-crit|p1a: Keldeo
|-supereffective|p1a: Keldeo
|-damage|p1a: Keldeo|0 fnt
|faint|p1a: Keldeo
|
|-weather|Sandstorm|[upkeep]
|
|switch|p1a: Dragonite|Dragonite, F|385\/385
|-damage|p1a: Dragonite|289\/385|[from] Stealth Rock
|turn|17
|
|move|p2a: Lancelot|Meteor Mash|p1a: Dragonite
|-damage|p1a: Dragonite|0 fnt
|faint|p1a: Dragonite
|
|win|Pheonixmaster
|raw|Ladder updating...
|raw|sand1234's rating: 1550 &rarr; <strong>1527<\/strong><br \/>(-23 for losing)
|raw|Pheonixmaster's rating: 1493 &rarr; <strong>1517<\/strong><br \/>(+24 for winning)