|join|StarZabRighT
|join|fzappa
|player|p1|StarZabRighT|274
|player|p2|fzappa|39
|gametype|singles
|gen|6
|tier|ORAS OU
|rated
|rule|Sleep Clause Mod: Limit one foe put to sleep
|rule|Species Clause: Limit one of each PokÃ©mon
|rule|OHKO Clause: OHKO moves are banned
|rule|Moody Clause: Moody is banned
|rule|Evasion Moves Clause: Evasion moves are banned
|rule|Endless Battle Clause: Forcing endless battles is banned
|rule|HP Percentage Mod: HP is shown in percentages
|clearpoke
|poke|p1|Salamence, M
|poke|p1|Greninja, M, shiny
|poke|p1|Azumarill, M
|poke|p1|Magnezone
|poke|p1|Latios, M
|poke|p1|Ferrothorn, F
|poke|p2|Lopunny, F
|poke|p2|Toxicroak, M
|poke|p2|Weavile, F
|poke|p2|Latios, M
|poke|p2|Entei, shiny
|poke|p2|Landorus-Therian, M
|rule|Swagger Clause: Swagger is banned
|rule|Baton Pass Clause: Limit one PokÃ©mon knowing Baton Pass
|teampreview
|
|start
|switch|p1a: Azumarill|Azumarill, M|404\/404
|switch|p2a: Landorus-Therian|Landorus-Therian, M|382\/382
|-ability|p2a: Landorus-Therian|Intimidate|[of] p1a: Azumarill
|-unboost|p1a: Azumarill|atk|1
|turn|1
|
|move|p2a: Landorus-Therian|Stealth Rock|p1a: Azumarill
|-sidestart|p1: StarZabRighT|move: Stealth Rock
|move|p1a: Azumarill|Play Rough|p2a: Landorus-Therian
|-damage|p2a: Landorus-Therian|222\/382
|-damage|p1a: Azumarill|337\/404|[from] item: Rocky Helmet|[of] p2a: Landorus-Therian
|
|turn|2
|
|move|p2a: Landorus-Therian|U-turn|p1a: Azumarill
|-resisted|p1a: Azumarill
|-damage|p1a: Azumarill|292\/404
|
|switch|p2a: Toxicroak|Toxicroak, M|308\/308
|move|p1a: Azumarill|Play Rough|p2a: Toxicroak
|-damage|p2a: Toxicroak|23\/308
|
|-heal|p2a: Toxicroak|42\/308|[from] item: Black Sludge
|turn|3
|
|-singleturn|p2a: Toxicroak|move: Focus Punch
|switch|p1a: Ferrothorn|Ferrothorn, F|352\/352
|-damage|p1a: Ferrothorn|330\/352|[from] Stealth Rock
|move|p2a: Toxicroak|Focus Punch|p1a: Ferrothorn
|-supereffective|p1a: Ferrothorn
|-damage|p1a: Ferrothorn|0 fnt
|-damage|p2a: Toxicroak|4\/308|[from] ability: Iron Barbs|[of] p1a: Ferrothorn
|-damage|p2a: Toxicroak|0 fnt|[from] item: Rocky Helmet|[of] p1a: Ferrothorn
|faint|p2a: Toxicroak
|faint|p1a: Ferrothorn
|
|
|switch|p2a: Weavile|Weavile, F|282\/282
|switch|p1a: Latios|Latios, M|302\/302
|-damage|p1a: Latios|265\/302|[from] Stealth Rock
|-ability|p2a: Weavile|Pressure
|turn|4
|
|switch|p1a: Azumarill|Azumarill, M|292\/404
|-damage|p1a: Azumarill|242\/404|[from] Stealth Rock
|move|p2a: Weavile|Knock Off|p1a: Azumarill
|-resisted|p1a: Azumarill
|-damage|p1a: Azumarill|113\/404
|-enditem|p1a: Azumarill|Choice Band|[from] move: Knock Off|[of] p2a: Weavile
|-damage|p2a: Weavile|254\/282|[from] item: Life Orb
|
|turn|5
|
|move|p1a: Azumarill|Aqua Jet|p2a: Weavile
|-damage|p2a: Weavile|122\/282
|move|p2a: Weavile|Poison Jab|p1a: Azumarill
|-supereffective|p1a: Azumarill
|-damage|p1a: Azumarill|0 fnt
|-damage|p2a: Weavile|94\/282|[from] item: Life Orb
|faint|p1a: Azumarill
|
|
|switch|p1a: Magnezone|Magnezone|281\/281
|-damage|p1a: Magnezone|264\/281|[from] Stealth Rock
|turn|6
|
|switch|p2a: Entei|Entei, shiny|411\/411
|-ability|p2a: Entei|Pressure
|move|p1a: Magnezone|Flash Cannon|p2a: Entei
|-resisted|p2a: Entei
|-damage|p2a: Entei|276\/411
|
|turn|7
|
|switch|p1a: Latios|Latios, M|265\/302
|-damage|p1a: Latios|228\/302|[from] Stealth Rock
|move|p2a: Entei|Sacred Fire|p1a: Latios
|-resisted|p1a: Latios
|-damage|p1a: Latios|110\/302
|
|turn|8
|
|move|p1a: Latios|Defog|p2a: Entei
|-unboost|p2a: Entei|evasion|1
|-sideend|p1: StarZabRighT|Stealth Rock|[from] move: Defog|[of] p1a: Latios
|move|p2a: Entei|Sacred Fire|p1a: Latios
|-resisted|p1a: Latios
|-damage|p1a: Latios|0 fnt
|faint|p1a: Latios
|
|
|switch|p1a: Salamence|Salamence, M|331\/331
|-ability|p1a: Salamence|Intimidate|[of] p2a: Entei
|-unboost|p2a: Entei|atk|1
|turn|9
|
|detailschange|p1a: Salamence|Salamence-Mega, M
|message|Salamence has Mega Evolved into Mega Salamence!
|move|p1a: Salamence|Substitute|p1a: Salamence
|-start|p1a: Salamence|Substitute
|-damage|p1a: Salamence|249\/331
|move|p2a: Entei|Sacred Fire|p1a: Salamence
|-crit|p1a: Salamence
|-resisted|p1a: Salamence
|-end|p1a: Salamence|Substitute
|
|turn|10
|
|switch|p2a: Lopunny|Lopunny, F|272\/272
|move|p1a: Salamence|Dragon Dance|p1a: Salamence
|-boost|p1a: Salamence|atk|1
|-boost|p1a: Salamence|spe|1
|
|turn|11
|
|detailschange|p2a: Lopunny|Lopunny-Mega, F
|message|Lopunny has Mega Evolved into Mega Lopunny!
|move|p2a: Lopunny|Fake Out|p1a: Salamence
|-damage|p1a: Salamence|191\/331
|cant|p1a: Salamence|flinch
|
|turn|12
|
|move|p1a: Salamence|Frustration|p2a: Lopunny
|-supereffective|p2a: Lopunny
|-damage|p2a: Lopunny|0 fnt
|faint|p2a: Lopunny
|
|
|switch|p2a: Weavile|Weavile, F|94\/282
|-ability|p2a: Weavile|Pressure
|turn|13
|
|switch|p1a: Magnezone|Magnezone|264\/281
|move|p2a: Weavile|Ice Shard|p1a: Magnezone
|-resisted|p1a: Magnezone
|-damage|p1a: Magnezone|225\/281
|-damage|p2a: Weavile|66\/282|[from] item: Life Orb
|
|turn|14
|
|switch|p2a: Landorus-Therian|Landorus-Therian, M|222\/382
|-ability|p2a: Landorus-Therian|Intimidate|[of] p1a: Magnezone
|-unboost|p1a: Magnezone|atk|1
|move|p1a: Magnezone|Volt Switch|p2a: Landorus-Therian
|-immune|p2a: Landorus-Therian|[msg]
|
|turn|15
|
|move|p1a: Magnezone|Volt Switch|p2a: Landorus-Therian
|-immune|p2a: Landorus-Therian|[msg]
|move|p2a: Landorus-Therian|Stone Edge|p1a: Magnezone
|-resisted|p1a: Magnezone
|-damage|p1a: Magnezone|179\/281
|
|turn|16
|
|switch|p1a: Greninja|Greninja, M, shiny|285\/285
|move|p2a: Landorus-Therian|Stealth Rock|p1a: Greninja
|-sidestart|p1: StarZabRighT|move: Stealth Rock
|
|turn|17
|
|move|p1a: Greninja|Ice Beam|p2a: Landorus-Therian
|-start|p1a: Greninja|typechange|Ice|[from] Protean
|-supereffective|p2a: Landorus-Therian
|-damage|p2a: Landorus-Therian|0 fnt
|-damage|p1a: Greninja|257\/285|[from] item: Life Orb
|faint|p2a: Landorus-Therian
|
|
|switch|p2a: Weavile|Weavile, F|66\/282
|-ability|p2a: Weavile|Pressure
|turn|18
|
|switch|p1a: Magnezone|Magnezone|179\/281
|-damage|p1a: Magnezone|162\/281|[from] Stealth Rock
|move|p2a: Weavile|Low Kick|p1a: Magnezone
|-supereffective|p1a: Magnezone
|-damage|p1a: Magnezone|0 fnt
|-damage|p2a: Weavile|38\/282|[from] item: Life Orb
|faint|p1a: Magnezone
|
|
|switch|p1a: Greninja|Greninja, M, shiny|257\/285
|-damage|p1a: Greninja|222\/285|[from] Stealth Rock
|turn|19
|
|switch|p1a: Salamence|Salamence-Mega, M|191\/331
|-damage|p1a: Salamence|109\/331|[from] Stealth Rock
|move|p2a: Weavile|Low Kick|p1a: Salamence
|-resisted|p1a: Salamence
|-damage|p1a: Salamence|48\/331
|-damage|p2a: Weavile|10\/282|[from] item: Life Orb
|
|turn|20
|
|move|p2a: Weavile|Ice Shard|p1a: Salamence
|-supereffective|p1a: Salamence
|-damage|p1a: Salamence|0 fnt
|-damage|p2a: Weavile|0 fnt|[from] item: Life Orb
|faint|p1a: Salamence
|faint|p2a: Weavile
|
|
|switch|p1a: Greninja|Greninja, M, shiny|222\/285
|-damage|p1a: Greninja|187\/285|[from] Stealth Rock
|switch|p2a: Latios|Latios, M|301\/301
|turn|21
|
|switch|p2a: Entei|Entei, shiny|276\/411
|-ability|p2a: Entei|Pressure
|move|p1a: Greninja|Ice Beam|p2a: Entei
|-start|p1a: Greninja|typechange|Ice|[from] Protean
|-resisted|p2a: Entei
|-damage|p2a: Entei|163\/411
|-damage|p1a: Greninja|159\/285|[from] item: Life Orb
|
|turn|22
|
|switch|p2a: Latios|Latios, M|301\/301
|move|p1a: Greninja|Dark Pulse|p2a: Latios
|-start|p1a: Greninja|typechange|Dark|[from] Protean
|-supereffective|p2a: Latios
|-damage|p2a: Latios|2\/301
|-damage|p1a: Greninja|131\/285|[from] item: Life Orb
|
|turn|23
|
|move|p1a: Greninja|Dark Pulse|p2a: Latios
|-supereffective|p2a: Latios
|-damage|p2a: Latios|0 fnt
|-damage|p1a: Greninja|103\/285|[from] item: Life Orb
|faint|p2a: Latios
|
|
|switch|p2a: Entei|Entei, shiny|163\/411
|-ability|p2a: Entei|Pressure
|turn|24
|
|move|p2a: Entei|Extreme Speed|p1a: Greninja
|-damage|p1a: Greninja|0 fnt
|faint|p1a: Greninja
|
|win|fzappa
|raw|Ladder updating...
|c|âStarZabRighT|gg