|join|fzappa
|join|lil manaphy
|player|p1|fzappa|39
|player|p2|lil manaphy|9
|gametype|singles
|gen|6
|tier|ORAS OU
|rated
|rule|Sleep Clause Mod: Limit one foe put to sleep
|rule|Species Clause: Limit one of each PokÃ©mon
|rule|OHKO Clause: OHKO moves are banned
|rule|Moody Clause: Moody is banned
|rule|Evasion Moves Clause: Evasion moves are banned
|rule|Endless Battle Clause: Forcing endless battles is banned
|rule|HP Percentage Mod: HP is shown in percentages
|clearpoke
|poke|p1|Slowbro, F
|poke|p1|Bisharp, M
|poke|p1|Rhyperior, F
|poke|p1|Sylveon, M
|poke|p1|Latios, M
|poke|p1|Breloom, M
|poke|p2|Sableye, F
|poke|p2|Tentacruel, M
|poke|p2|Chansey, F
|poke|p2|Rotom-Wash
|poke|p2|Landorus-Therian, M
|poke|p2|Greninja, F
|rule|Swagger Clause: Swagger is banned
|rule|Baton Pass Clause: Limit one PokÃ©mon knowing Baton Pass
|teampreview
|
|start
|switch|p1a: Sylveon|Sylveon, M|392\/392
|switch|p2a: Sableye|Sableye, F|304\/304
|turn|1
|
|switch|p2a: Tentacruel|Tentacruel, M|361\/361
|move|p1a: Sylveon|Hyper Voice|p2a: Tentacruel
|-resisted|p2a: Tentacruel
|-damage|p2a: Tentacruel|269\/361
|
|-heal|p2a: Tentacruel|291\/361|[from] item: Black Sludge
|turn|2
|
|switch|p1a: Breloom|Breloom, M|262\/262
|move|p2a: Tentacruel|Scald|p1a: Breloom
|-resisted|p1a: Breloom
|-damage|p1a: Breloom|202\/262
|-status|p1a: Breloom|brn
|
|-heal|p2a: Tentacruel|313\/361|[from] item: Black Sludge
|-damage|p1a: Breloom|170\/262 brn|[from] brn
|turn|3
|
|switch|p2a: Landorus-Therian|Landorus-Therian, M|382\/382
|-ability|p2a: Landorus-Therian|Intimidate|[of] p1a: Breloom
|-unboost|p1a: Breloom|atk|1
|move|p1a: Breloom|Spore|p2a: Landorus-Therian
|-status|p2a: Landorus-Therian|slp
|
|-damage|p1a: Breloom|138\/262 brn|[from] brn
|turn|4
|
|switch|p1a: Sylveon|Sylveon, M|392\/392
|switch|p2a: Sableye|Sableye, F|304\/304
|
|turn|5
|
|switch|p2a: Chansey|Chansey, F|704\/704
|move|p1a: Sylveon|Hidden Power|p2a: Chansey
|-damage|p2a: Chansey|640\/704
|
|turn|6
|
|switch|p1a: Bisharp|Bisharp, M|334\/334
|switch|p2a: Sableye|Sableye, F|304\/304
|
|turn|7
|
|switch|p1a: Breloom|Breloom, M|138\/262 brn
|detailschange|p2a: Sableye|Sableye-Mega, F
|message|Sableye has Mega Evolved into Mega Sableye!
|move|p2a: Sableye|Will-O-Wisp|p1a: Breloom
|-fail|p1a: Breloom|brn
|
|-damage|p1a: Breloom|106\/262 brn|[from] brn
|turn|8
|
|move|p1a: Breloom|Bullet Seed|p2a: Sableye
|-damage|p2a: Sableye|273\/304
|-damage|p2a: Sableye|242\/304
|-damage|p2a: Sableye|213\/304
|-damage|p2a: Sableye|181\/304
|-damage|p2a: Sableye|150\/304
|-hitcount|p2a: Sableye|5
|-damage|p1a: Breloom|80\/262 brn|[from] item: Life Orb
|move|p2a: Sableye|Shadow Ball|p1a: Breloom
|-damage|p1a: Breloom|0 fnt
|faint|p1a: Breloom
|
|
|switch|p1a: Sylveon|Sylveon, M|392\/392
|turn|9
|
|switch|p2a: Chansey|Chansey, F|640\/704
|move|p1a: Sylveon|Baton Pass|p1a: Sylveon
|
|switch|p1a: Bisharp|Bisharp, M|334\/334
|
|turn|10
|
|switch|p2a: Greninja|Greninja, F|285\/285
|move|p1a: Bisharp|Knock Off|p2a: Greninja
|-resisted|p2a: Greninja
|-damage|p2a: Greninja|168\/285
|-enditem|p2a: Greninja|Life Orb|[from] move: Knock Off|[of] p1a: Bisharp
|
|turn|11
|
|move|p2a: Greninja|Hydro Pump|p1a: Bisharp
|-start|p2a: Greninja|typechange|Water|[from] Protean
|-damage|p1a: Bisharp|186\/334
|move|p1a: Bisharp|Iron Head|p2a: Greninja
|-resisted|p2a: Greninja
|-damage|p2a: Greninja|70\/285
|
|turn|12
|
|switch|p2a: Tentacruel|Tentacruel, M|313\/361
|move|p1a: Bisharp|Sucker Punch|p2a: Tentacruel
|-fail|p2a: Tentacruel
|
|-heal|p2a: Tentacruel|335\/361|[from] item: Black Sludge
|turn|13
|
|switch|p1a: Slowbro|Slowbro, F|394\/394
|move|p2a: Tentacruel|Scald|p1a: Slowbro
|-resisted|p1a: Slowbro
|-damage|p1a: Slowbro|349\/394
|-status|p1a: Slowbro|brn
|
|-heal|p2a: Tentacruel|357\/361|[from] item: Black Sludge
|-damage|p1a: Slowbro|300\/394 brn|[from] brn
|turn|14
|
|switch|p2a: Rotom-Wash|Rotom-Wash|303\/303
|move|p1a: Slowbro|Scald|p2a: Rotom-Wash
|-resisted|p2a: Rotom-Wash
|-damage|p2a: Rotom-Wash|256\/303
|
|-heal|p2a: Rotom-Wash|274\/303|[from] item: Leftovers
|-damage|p1a: Slowbro|251\/394 brn|[from] brn
|turn|15
|
|move|p2a: Rotom-Wash|Volt Switch|p1a: Slowbro
|-supereffective|p1a: Slowbro
|-damage|p1a: Slowbro|47\/394 brn
|
|switch|p2a: Chansey|Chansey, F|640\/704
|move|p1a: Slowbro|Rest|p1a: Slowbro
|-status|p1a: Slowbro|slp
|-heal|p1a: Slowbro|394\/394 slp|[silent]
|-status|p1a: Slowbro|slp|[from] move: Rest
|
|turn|16
|
|switch|p1a: Rhyperior|Rhyperior, F|434\/434
|move|p2a: Chansey|Wish|p2a: Chansey
|
|turn|17
|
|switch|p2a: Sableye|Sableye-Mega, F|150\/304
|move|p1a: Rhyperior|Earthquake|p2a: Sableye
|-damage|p2a: Sableye|17\/304
|
|-heal|p2a: Sableye|304\/304|[from] move: Wish|[wisher] Chansey
|turn|18
|
|switch|p1a: Slowbro|Slowbro, F|394\/394 slp
|move|p2a: Sableye|Will-O-Wisp|p1a: Slowbro
|-fail|p1a: Slowbro
|
|turn|19
|join|jake5
|
|switch|p1a: Sylveon|Sylveon, M|392\/392
|switch|p2a: Tentacruel|Tentacruel, M|357\/361
|
|-heal|p2a: Tentacruel|361\/361|[from] item: Black Sludge
|turn|20
|
|switch|p2a: Chansey|Chansey, F|640\/704
|move|p1a: Sylveon|Hidden Power|p2a: Chansey
|-damage|p2a: Chansey|568\/704
|
|turn|21
|
|switch|p1a: Rhyperior|Rhyperior, F|434\/434
|move|p2a: Chansey|Seismic Toss|p1a: Rhyperior
|-damage|p1a: Rhyperior|334\/434
|
|-heal|p1a: Rhyperior|361\/434|[from] item: Leftovers
|turn|22
|
|switch|p2a: Sableye|Sableye-Mega, F|304\/304
|move|p1a: Rhyperior|Swords Dance|p1a: Rhyperior
|-boost|p1a: Rhyperior|atk|2
|
|-heal|p1a: Rhyperior|388\/434|[from] item: Leftovers
|turn|23
|
|switch|p2a: Rotom-Wash|Rotom-Wash|274\/303
|move|p1a: Rhyperior|Rock Blast|p2a: Rotom-Wash
|-damage|p2a: Rotom-Wash|199\/303
|-crit|p2a: Rotom-Wash
|-damage|p2a: Rotom-Wash|96\/303
|-hitcount|p2a: Rotom-Wash|2
|
|-heal|p2a: Rotom-Wash|114\/303|[from] item: Leftovers
|-heal|p1a: Rhyperior|415\/434|[from] item: Leftovers
|turn|24
|
|switch|p1a: Slowbro|Slowbro, F|394\/394 slp
|move|p2a: Rotom-Wash|Pain Split|p1a: Slowbro
|-sethp|p1a: Slowbro|254\/394 slp|p2a: Rotom-Wash|254\/303|[from] move: Pain Split
|
|-heal|p2a: Rotom-Wash|272\/303|[from] item: Leftovers
|turn|25
|
|switch|p1a: Latios|Latios, M|301\/301
|move|p2a: Rotom-Wash|Volt Switch|p1a: Latios
|-resisted|p1a: Latios
|-damage|p1a: Latios|262\/301
|
|switch|p2a: Greninja|Greninja, F|70\/285
|
|turn|26
|
|switch|p1a: Bisharp|Bisharp, M|186\/334
|move|p2a: Greninja|Ice Beam|p1a: Bisharp
|-start|p2a: Greninja|typechange|Ice|[from] Protean
|-resisted|p1a: Bisharp
|-damage|p1a: Bisharp|130\/334
|
|turn|27
|
|move|p2a: Greninja|Hydro Pump|p1a: Bisharp|[miss]
|-start|p2a: Greninja|typechange|Water|[from] Protean
|-miss|p2a: Greninja|p1a: Bisharp
|move|p1a: Bisharp|Pursuit|p2a: Greninja
|-damage|p2a: Greninja|0 fnt
|faint|p2a: Greninja
|
|
|switch|p2a: Rotom-Wash|Rotom-Wash|272\/303
|turn|28
|
|switch|p1a: Slowbro|Slowbro, F|385\/394 slp
|move|p2a: Rotom-Wash|Will-O-Wisp|p1a: Slowbro
|-fail|p1a: Slowbro
|
|-heal|p2a: Rotom-Wash|290\/303|[from] item: Leftovers
|turn|29
|
|move|p2a: Rotom-Wash|Volt Switch|p1a: Slowbro
|-supereffective|p1a: Slowbro
|-damage|p1a: Slowbro|187\/394 slp
|
|switch|p2a: Tentacruel|Tentacruel, M|361\/361
|cant|p1a: Slowbro|slp
|
|turn|30
|
|move|p2a: Tentacruel|Acid Spray|p1a: Slowbro
|-damage|p1a: Slowbro|139\/394 slp
|-unboost|p1a: Slowbro|spd|2
|cant|p1a: Slowbro|slp
|
|turn|31
|
|move|p2a: Tentacruel|Scald|p1a: Slowbro
|-resisted|p1a: Slowbro
|-damage|p1a: Slowbro|37\/394 slp
|-curestatus|p1a: Slowbro|slp
|move|p1a: Slowbro|Rest|p1a: Slowbro
|-status|p1a: Slowbro|slp
|-heal|p1a: Slowbro|394\/394 slp|[silent]
|-status|p1a: Slowbro|slp|[from] move: Rest
|
|turn|32
|
|switch|p1a: Latios|Latios, M|262\/301
|move|p2a: Tentacruel|Scald|p1a: Latios
|-resisted|p1a: Latios
|-damage|p1a: Latios|225\/301
|
|turn|33
|
|switch|p2a: Chansey|Chansey, F|568\/704
|move|p1a: Latios|Psyshock|p2a: Chansey
|-damage|p2a: Chansey|342\/704
|-damage|p1a: Latios|195\/301|[from] item: Life Orb
|
|turn|34
|
|switch|p1a: Rhyperior|Rhyperior, F|415\/434
|move|p2a: Chansey|Soft-Boiled|p2a: Chansey
|-heal|p2a: Chansey|694\/704
|
|-heal|p1a: Rhyperior|434\/434|[from] item: Leftovers
|turn|35
|
|switch|p2a: Sableye|Sableye-Mega, F|304\/304
|move|p1a: Rhyperior|Rock Blast|p2a: Sableye
|-damage|p2a: Sableye|270\/304
|-damage|p2a: Sableye|240\/304
|-damage|p2a: Sableye|210\/304
|-hitcount|p2a: Sableye|3
|
|turn|36
|
|switch|p1a: Sylveon|Sylveon, M|392\/392
|move|p2a: Sableye|Recover|p2a: Sableye
|-heal|p2a: Sableye|304\/304
|
|turn|37
|
|switch|p2a: Chansey|Chansey, F|694\/704
|move|p1a: Sylveon|Hyper Voice|p2a: Chansey
|-damage|p2a: Chansey|486\/704
|
|turn|38
|
|move|p1a: Sylveon|Hyper Voice|p2a: Chansey
|-damage|p2a: Chansey|303\/704
|move|p2a: Chansey|Heal Bell|p2a: Chansey
|-cureteam|p2a: Chansey|[from] move: HealBell
|
|turn|39
|
|move|p1a: Sylveon|Hyper Voice|p2a: Chansey
|-damage|p2a: Chansey|111\/704
|move|p2a: Chansey|Soft-Boiled|p2a: Chansey
|-heal|p2a: Chansey|463\/704
|
|turn|40
|
|move|p1a: Sylveon|Hyper Voice|p2a: Chansey
|-crit|p2a: Chansey
|-damage|p2a: Chansey|189\/704
|move|p2a: Chansey|Soft-Boiled|p2a: Chansey
|-heal|p2a: Chansey|541\/704
|
|turn|41
|
|switch|p1a: Bisharp|Bisharp, M|130\/334
|move|p2a: Chansey|Soft-Boiled|p2a: Chansey
|-heal|p2a: Chansey|704\/704
|
|turn|42
|
|move|p1a: Bisharp|Pursuit|p2a: Chansey|[from]Pursuit
|-damage|p2a: Chansey|512\/704
|switch|p2a: Rotom-Wash|Rotom-Wash|290\/303
|
|-heal|p2a: Rotom-Wash|303\/303|[from] item: Leftovers
|turn|43
|
|switch|p1a: Slowbro|Slowbro, F|394\/394 slp
|move|p2a: Rotom-Wash|Hydro Pump|p1a: Slowbro
|-resisted|p1a: Slowbro
|-damage|p1a: Slowbro|318\/394 slp
|
|turn|44
|
|move|p2a: Rotom-Wash|Volt Switch|p1a: Slowbro
|-supereffective|p1a: Slowbro
|-damage|p1a: Slowbro|114\/394 slp
|
|switch|p2a: Landorus-Therian|Landorus-Therian, M|382\/382
|-ability|p2a: Landorus-Therian|Intimidate|[of] p1a: Slowbro
|-unboost|p1a: Slowbro|atk|1
|cant|p1a: Slowbro|slp
|
|turn|45
|
|switch|p1a: Sylveon|Sylveon, M|392\/392
|move|p2a: Landorus-Therian|Earthquake|p1a: Sylveon
|-damage|p1a: Sylveon|163\/392
|
|turn|46
|
|switch|p1a: Latios|Latios, M|195\/301
|move|p2a: Landorus-Therian|Earthquake|p1a: Latios
|-immune|p1a: Latios|[msg]
|
|turn|47
|
|move|p1a: Latios|Draco Meteor|p2a: Landorus-Therian
|-damage|p2a: Landorus-Therian|30\/382
|-unboost|p1a: Latios|spa|2
|-damage|p1a: Latios|165\/301|[from] item: Life Orb
|move|p2a: Landorus-Therian|U-turn|p1a: Latios
|-supereffective|p1a: Latios
|-damage|p1a: Latios|0 fnt
|faint|p1a: Latios
|
|switch|p2a: Tentacruel|Tentacruel, M|361\/361
|
|-message|fzappa forfeited.
|
|win|lil manaphy
|raw|Ladder updating...
|leave|fzappa
|player|p1
|raw|fzappa's rating: 1534 &rarr; <strong>1520<\/strong><br \/>(-14 for losing)
|raw|lil manaphy's rating: 1645 &rarr; <strong>1659<\/strong><br \/>(+14 for winning)