|join|fzappa
|join|emurlpls
|player|p1|fzappa|169
|player|p2|emurlpls|23
|gametype|singles
|gen|6
|tier|ORAS OU
|rated
|rule|Sleep Clause Mod: Limit one foe put to sleep
|rule|Species Clause: Limit one of each PokÃ©mon
|rule|OHKO Clause: OHKO moves are banned
|rule|Moody Clause: Moody is banned
|rule|Evasion Moves Clause: Evasion moves are banned
|rule|Endless Battle Clause: Forcing endless battles is banned
|rule|HP Percentage Mod: HP is shown in percentages
|clearpoke
|poke|p1|Sableye, M
|poke|p1|Conkeldurr, F
|poke|p1|Shaymin
|poke|p1|Excadrill, F
|poke|p1|Rhyperior, F
|poke|p1|Manaphy
|poke|p2|Sableye, F
|poke|p2|Talonflame, M, shiny
|poke|p2|Cloyster, F
|poke|p2|Ditto
|poke|p2|Porygon-Z, shiny
|poke|p2|Salamence, F
|rule|Swagger Clause: Swagger is banned
|rule|Baton Pass Clause: Limit one PokÃ©mon knowing Baton Pass
|teampreview
|
|start
|switch|p1a: Rhyperior|Rhyperior, F|434\/434
|switch|p2a: Sableye|Sableye, F|304\/304
|turn|1
|
|switch|p1a: Manaphy|Manaphy|404\/404
|detailschange|p2a: Sableye|Sableye-Mega, F
|message|Sableye has Mega Evolved into Mega Sableye!
|move|p2a: Sableye|Will-O-Wisp|p1a: Manaphy
|-status|p1a: Manaphy|brn
|
|-damage|p1a: Manaphy|354\/404 brn|[from] brn
|turn|2
|
|move|p1a: Manaphy|Rain Dance|p1a: Manaphy
|-weather|RainDance
|move|p2a: Sableye|Taunt|p1a: Manaphy
|-start|p1a: Manaphy|move: Taunt
|
|-weather|RainDance|[upkeep]
|-curestatus|p1a: Manaphy|brn
|-heal|p1a: Manaphy|379\/404|[from] item: Leftovers
|turn|3
|
|move|p1a: Manaphy|Scald|p2a: Sableye
|-damage|p2a: Sableye|216\/304
|-status|p2a: Sableye|brn
|move|p2a: Sableye|Knock Off|p1a: Manaphy
|-damage|p1a: Manaphy|343\/404
|-enditem|p1a: Manaphy|Leftovers|[from] move: Knock Off|[of] p2a: Sableye
|
|-weather|RainDance|[upkeep]
|-damage|p2a: Sableye|178\/304 brn|[from] brn
|turn|4
|
|switch|p1a: Sableye|Sableye, M|304\/304
|move|p2a: Sableye|Recover|p2a: Sableye
|-heal|p2a: Sableye|304\/304 brn
|
|-weather|RainDance|[upkeep]
|-damage|p2a: Sableye|266\/304 brn|[from] brn
|turn|5
|
|detailschange|p1a: Sableye|Sableye-Mega, M
|message|Sableye has Mega Evolved into Mega Sableye!
|move|p1a: Sableye|Calm Mind|p1a: Sableye
|-boost|p1a: Sableye|spa|1
|-boost|p1a: Sableye|spd|1
|move|p2a: Sableye|Will-O-Wisp|p1a: Sableye
|move|p1a: Sableye|Will-O-Wisp|p2a: Sableye|[from]Magic Bounce
|-fail|p2a: Sableye|brn
|
|-weather|RainDance|[upkeep]
|-damage|p2a: Sableye|228\/304 brn|[from] brn
|turn|6
|
|move|p2a: Sableye|Knock Off|p1a: Sableye
|-damage|p1a: Sableye|282\/304
|move|p1a: Sableye|Dark Pulse|p2a: Sableye
|-damage|p2a: Sableye|147\/304 brn
|
|-weather|none
|-damage|p2a: Sableye|109\/304 brn|[from] brn
|turn|7
|
|move|p2a: Sableye|Recover|p2a: Sableye
|-heal|p2a: Sableye|261\/304 brn
|move|p1a: Sableye|Calm Mind|p1a: Sableye
|-boost|p1a: Sableye|spa|1
|-boost|p1a: Sableye|spd|1
|
|-damage|p2a: Sableye|223\/304 brn|[from] brn
|turn|8
|
|move|p1a: Sableye|Dark Pulse|p2a: Sableye
|-damage|p2a: Sableye|118\/304 brn
|move|p2a: Sableye|Knock Off|p1a: Sableye
|-damage|p1a: Sableye|258\/304
|
|-damage|p2a: Sableye|80\/304 brn|[from] brn
|turn|9
|
|move|p1a: Sableye|Calm Mind|p1a: Sableye
|-boost|p1a: Sableye|spa|1
|-boost|p1a: Sableye|spd|1
|move|p2a: Sableye|Recover|p2a: Sableye
|-heal|p2a: Sableye|232\/304 brn
|
|-damage|p2a: Sableye|194\/304 brn|[from] brn
|turn|10
|
|move|p1a: Sableye|Calm Mind|p1a: Sableye
|-boost|p1a: Sableye|spa|1
|-boost|p1a: Sableye|spd|1
|move|p2a: Sableye|Recover|p2a: Sableye
|-heal|p2a: Sableye|304\/304 brn
|
|-damage|p2a: Sableye|266\/304 brn|[from] brn
|turn|11
|
|move|p2a: Sableye|Recover|p2a: Sableye
|-heal|p2a: Sableye|304\/304 brn
|move|p1a: Sableye|Dark Pulse|p2a: Sableye
|-damage|p2a: Sableye|129\/304 brn
|
|-damage|p2a: Sableye|91\/304 brn|[from] brn
|turn|12
|
|move|p2a: Sableye|Recover|p2a: Sableye
|-heal|p2a: Sableye|243\/304 brn
|move|p1a: Sableye|Calm Mind|p1a: Sableye
|-boost|p1a: Sableye|spa|1
|-boost|p1a: Sableye|spd|1
|
|-damage|p2a: Sableye|205\/304 brn|[from] brn
|turn|13
|
|move|p1a: Sableye|Calm Mind|p1a: Sableye
|-boost|p1a: Sableye|spa|1
|-boost|p1a: Sableye|spd|1
|move|p2a: Sableye|Recover|p2a: Sableye
|-heal|p2a: Sableye|304\/304 brn
|
|-damage|p2a: Sableye|266\/304 brn|[from] brn
|turn|14
|
|move|p2a: Sableye|Knock Off|p1a: Sableye
|-damage|p1a: Sableye|237\/304
|move|p1a: Sableye|Recover|p1a: Sableye
|-heal|p1a: Sableye|304\/304
|
|-damage|p2a: Sableye|228\/304 brn|[from] brn
|turn|15
|
|move|p1a: Sableye|Dark Pulse|p2a: Sableye
|-damage|p2a: Sableye|0 fnt
|faint|p2a: Sableye
|
|
|switch|p2a: Meatwad|Ditto|300\/300
|-transform|p2a: Meatwad|p1a: Sableye
|turn|16
|
|move|p2a: Meatwad|Dark Pulse|p1a: Sableye
|-damage|p1a: Sableye|232\/304
|move|p1a: Sableye|Dark Pulse|p2a: Meatwad
|-damage|p2a: Meatwad|231\/300
|
|turn|17
|
|move|p2a: Meatwad|Dark Pulse|p1a: Sableye
|-damage|p1a: Sableye|157\/304
|cant|p1a: Sableye|flinch
|
|turn|18
|
|move|p2a: Meatwad|Dark Pulse|p1a: Sableye
|-crit|p1a: Sableye
|-damage|p1a: Sableye|0 fnt
|faint|p1a: Sableye
|
|c|âemurlpls|lol
|c|âemurlpls|gg sucka
|
|switch|p1a: Conkeldurr|Conkeldurr, F|414\/414
|turn|19
|c|âfzappa|ugh
|c|âfzappa|donked
|
|move|p1a: Conkeldurr|Knock Off|p2a: Meatwad
|-damage|p2a: Meatwad|147\/300
|-enditem|p2a: Meatwad|Choice Scarf|[from] move: Knock Off|[of] p1a: Conkeldurr
|move|p2a: Meatwad|Dark Pulse|p1a: Conkeldurr
|-resisted|p1a: Conkeldurr
|-damage|p1a: Conkeldurr|258\/414
|
|turn|20
|
|move|p1a: Conkeldurr|Poison Jab|p2a: Meatwad
|-crit|p2a: Meatwad
|-resisted|p2a: Meatwad
|-damage|p2a: Meatwad|93\/300
|move|p2a: Meatwad|Recover|p2a: Meatwad
|-heal|p2a: Meatwad|243\/300
|
|turn|21
|
|move|p1a: Conkeldurr|Poison Jab|p2a: Meatwad
|-resisted|p2a: Meatwad
|-damage|p2a: Meatwad|212\/300
|move|p2a: Meatwad|Dark Pulse|p1a: Conkeldurr
|-resisted|p1a: Conkeldurr
|-damage|p1a: Conkeldurr|111\/414
|
|turn|22
|c|âfzappa|and ofc he stays in
|c|âemurlpls|:^)
|c|âemurlpls|thanks for knock off
|
|move|p1a: Conkeldurr|Poison Jab|p2a: Meatwad
|-resisted|p2a: Meatwad
|-damage|p2a: Meatwad|176\/300
|move|p2a: Meatwad|Recover|p2a: Meatwad
|-heal|p2a: Meatwad|300\/300
|
|turn|23
|c|âfzappa|damn u low ladder
|-message|fzappa forfeited.
|
|win|emurlpls
|raw|Ladder updating...
|leave|fzappa
|player|p1
|raw|fzappa's rating: 1407 &rarr; <strong>1383<\/strong><br \/>(-24 for losing)
|raw|emurlpls's rating: 1344 &rarr; <strong>1368<\/strong><br \/>(+24 for winning)