|join|mslowtest
|join|fzappa
|player|p1|mslowtest|266
|player|p2|fzappa|102
|gametype|singles
|gen|6
|tier|ORAS OU
|rated
|rule|Sleep Clause Mod: Limit one foe put to sleep
|rule|Species Clause: Limit one of each PokÃ©mon
|rule|OHKO Clause: OHKO moves are banned
|rule|Moody Clause: Moody is banned
|rule|Evasion Moves Clause: Evasion moves are banned
|rule|Endless Battle Clause: Forcing endless battles is banned
|rule|HP Percentage Mod: HP is shown in percentages
|clearpoke
|poke|p1|Slurpuff, F
|poke|p1|Dugtrio, M
|poke|p1|Landorus, M
|poke|p1|Bisharp, F
|poke|p1|Metagross
|poke|p1|Ferrothorn, M
|poke|p2|Sableye, F
|poke|p2|Bisharp, F
|poke|p2|Rhyperior, M
|poke|p2|Breloom, M
|poke|p2|Manaphy
|poke|p2|Scolipede, F
|rule|Swagger Clause: Swagger is banned
|rule|Baton Pass Clause: Limit one PokÃ©mon knowing Baton Pass
|teampreview
|
|start
|switch|p1a: Landorus|Landorus, M|337\/337
|switch|p2a: Manaphy|Manaphy|404\/404
|turn|1
|
|switch|p1a: Ferrothorn|Ferrothorn, M|351\/351
|move|p2a: Manaphy|Scald|p1a: Ferrothorn
|-resisted|p1a: Ferrothorn
|-damage|p1a: Ferrothorn|306\/351
|
|turn|2
|
|switch|p2a: Rhyperior|Rhyperior, M|392\/392
|move|p1a: Ferrothorn|Power Whip|p2a: Rhyperior
|-supereffective|p2a: Rhyperior
|-damage|p2a: Rhyperior|0 fnt
|faint|p2a: Rhyperior
|
|
|switch|p2a: Sableye|Sableye, F|304\/304
|turn|3
|
|switch|p1a: Landorus|Landorus, M|337\/337
|detailschange|p2a: Sableye|Sableye-Mega, F
|message|Sableye has Mega Evolved into Mega Sableye!
|move|p2a: Sableye|Calm Mind|p2a: Sableye
|-boost|p2a: Sableye|spa|1
|-boost|p2a: Sableye|spd|1
|
|turn|4
|
|move|p1a: Landorus|Earth Power|p2a: Sableye
|-damage|p2a: Sableye|151\/304
|move|p2a: Sableye|Calm Mind|p2a: Sableye
|-boost|p2a: Sableye|spa|1
|-boost|p2a: Sableye|spd|1
|
|turn|5
|
|move|p1a: Landorus|Earth Power|p2a: Sableye
|-damage|p2a: Sableye|25\/304
|move|p2a: Sableye|Recover|p2a: Sableye
|-heal|p2a: Sableye|177\/304
|
|turn|6
|
|move|p1a: Landorus|Earth Power|p2a: Sableye
|-damage|p2a: Sableye|56\/304
|move|p2a: Sableye|Recover|p2a: Sableye
|-heal|p2a: Sableye|208\/304
|
|turn|7
|
|move|p1a: Landorus|Earth Power|p2a: Sableye
|-damage|p2a: Sableye|87\/304
|move|p2a: Sableye|Recover|p2a: Sableye
|-heal|p2a: Sableye|239\/304
|
|turn|8
|
|move|p1a: Landorus|Earth Power|p2a: Sableye
|-damage|p2a: Sableye|110\/304
|move|p2a: Sableye|Recover|p2a: Sableye
|-heal|p2a: Sableye|262\/304
|
|turn|9
|
|move|p1a: Landorus|Earth Power|p2a: Sableye
|-crit|p2a: Sableye
|-damage|p2a: Sableye|0 fnt
|faint|p2a: Sableye
|
|
|switch|p2a: Scolipede|Scolipede, F|262\/262
|turn|10
|
|move|p2a: Scolipede|Swords Dance|p2a: Scolipede
|-boost|p2a: Scolipede|atk|2
|move|p1a: Landorus|Rock Polish|p1a: Landorus
|-boost|p1a: Landorus|spe|2
|
|-boost|p2a: Scolipede|spe|1|[from] ability: Speed Boost
|turn|11
|
|move|p1a: Landorus|Earth Power|p2a: Scolipede
|-damage|p2a: Scolipede|0 fnt
|faint|p2a: Scolipede
|
|-message|fzappa forfeited.
|
|win|mslowtest
|raw|Ladder updating...
|leave|fzappa
|player|p2
|raw|mslowtest's rating: 1556 &rarr; <strong>1571<\/strong><br \/>(+15 for winning)
|raw|fzappa's rating: 1462 &rarr; <strong>1447<\/strong><br \/>(-15 for losing)