|join|luffy sama
|join|fzappa
|player|p1|luffy sama|162
|player|p2|fzappa|2
|gametype|singles
|gen|6
|tier|OU
|rated
|clearpoke
|poke|p1|Scolipede, F
|poke|p1|Espeon, M
|poke|p1|Latios, M
|poke|p1|Greninja, F
|poke|p1|Charizard, M
|poke|p1|Landorus, M
|poke|p2|Landorus-Therian, M
|poke|p2|Latios, M
|poke|p2|Gardevoir, F
|poke|p2|Magnezone
|poke|p2|Terrakion
|poke|p2|Venomoth, F
|rule|Swagger Clause: Swagger is banned
|rule|Baton Pass Clause: Limit one PokÃ©mon knowing Baton Pass
|rule|Sleep Clause Mod: Limit one foe put to sleep
|rule|Species Clause: Limit one of each PokÃ©mon
|rule|OHKO Clause: OHKO moves are banned
|rule|Moody Clause: Moody is banned
|rule|Evasion Moves Clause: Evasion moves are banned
|rule|Endless Battle Clause: Forcing endless battles is banned
|rule|HP Percentage Mod: HP is shown in percentages
|teampreview
|
|start
|switch|p1a: W.T.F?|Latios, M|364\/364
|switch|p2a: Gardevoir|Gardevoir, F|277\/277
|-ability|p2a: Gardevoir|Levitate|[from] ability: Trace|[of] p1a: W.T.F?
|turn|1
|
|detailschange|p2a: Gardevoir|Gardevoir-Mega, F
|message|Gardevoir has Mega Evolved into Mega Gardevoir!
|move|p1a: W.T.F?|Light Screen|p1a: W.T.F?
|-sidestart|p1: luffy sama|move: Light Screen
|move|p2a: Gardevoir|Hyper Voice|p1a: W.T.F?
|-supereffective|p1a: W.T.F?
|-damage|p1a: W.T.F?|151\/364
|
|turn|2
|
|move|p1a: W.T.F?|Reflect|p1a: W.T.F?
|-sidestart|p1: luffy sama|Reflect
|move|p2a: Gardevoir|Hyper Voice|p1a: W.T.F?
|-crit|p1a: W.T.F?
|-supereffective|p1a: W.T.F?
|-damage|p1a: W.T.F?|0 fnt
|faint|p1a: W.T.F?
|
|
|switch|p1a: Tom Brady|Scolipede, F|323\/323
|turn|3
|
|move|p1a: Tom Brady|Protect|p1a: Tom Brady
|-singleturn|p1a: Tom Brady|Protect
|move|p2a: Gardevoir|Hyper Voice|p1a: Tom Brady
|-activate|p1a: Tom Brady|Protect
|
|-boost|p1a: Tom Brady|spe|1|[from] ability: Speed Boost
|turn|4
|
|move|p1a: Tom Brady|Iron Defense|p1a: Tom Brady
|-boost|p1a: Tom Brady|def|2
|move|p2a: Gardevoir|Hyper Voice|p1a: Tom Brady
|-resisted|p1a: Tom Brady
|-damage|p1a: Tom Brady|244\/323
|
|-boost|p1a: Tom Brady|spe|1|[from] ability: Speed Boost
|turn|5
|
|move|p1a: Tom Brady|Iron Defense|p1a: Tom Brady
|-boost|p1a: Tom Brady|def|2
|move|p2a: Gardevoir|Taunt|p1a: Tom Brady
|-start|p1a: Tom Brady|move: Taunt
|-enditem|p1a: Tom Brady|Mental Herb
|-end|p1a: Tom Brady|move: Taunt
|
|-boost|p1a: Tom Brady|spe|1|[from] ability: Speed Boost
|turn|6
|
|move|p1a: Tom Brady|Baton Pass|p1a: Tom Brady
|
|switch|p1a: Ban This|Espeon, M|334\/334
|move|p2a: Gardevoir|Hyper Voice|p1a: Ban This
|-damage|p1a: Ban This|193\/334
|
|-heal|p1a: Ban This|213\/334|[from] item: Leftovers
|turn|7
|
|move|p1a: Ban This|Calm Mind|p1a: Ban This
|-boost|p1a: Ban This|spa|1
|-boost|p1a: Ban This|spd|1
|move|p2a: Gardevoir|Hyper Voice|p1a: Ban This
|-damage|p1a: Ban This|125\/334
|
|-heal|p1a: Ban This|145\/334|[from] item: Leftovers
|turn|8
|
|move|p1a: Ban This|Morning Sun|p1a: Ban This
|-heal|p1a: Ban This|312\/334
|move|p2a: Gardevoir|Hyper Voice|p1a: Ban This
|-damage|p1a: Ban This|227\/334
|
|-heal|p1a: Ban This|247\/334|[from] item: Leftovers
|-sideend|p1: luffy sama|move: Light Screen
|turn|9
|
|move|p1a: Ban This|Stored Power|p2a: Gardevoir
|-resisted|p2a: Gardevoir
|-damage|p2a: Gardevoir|109\/277
|move|p2a: Gardevoir|Hyper Voice|p1a: Ban This
|-damage|p1a: Ban This|84\/334
|
|-heal|p1a: Ban This|104\/334|[from] item: Leftovers
|-sideend|p1: luffy sama|Reflect
|turn|10
|
|move|p1a: Ban This|Stored Power|p2a: Gardevoir
|-resisted|p2a: Gardevoir
|-damage|p2a: Gardevoir|0 fnt
|faint|p2a: Gardevoir
|
|-heal|p1a: Ban This|124\/334|[from] item: Leftovers
|
|switch|p2a: Latios|Latios, M|302\/302
|turn|11
|
|move|p1a: Ban This|Stored Power|p2a: Latios
|-resisted|p2a: Latios
|-damage|p2a: Latios|112\/302
|move|p2a: Latios|Trick|p1a: Ban This
|-activate|p2a: Latios|move: Trick|[of] p1a: Ban This
|-item|p1a: Ban This|Choice Scarf|[from] move: Trick
|-item|p2a: Latios|Leftovers|[from] move: Trick
|
|-heal|p2a: Latios|130\/302|[from] item: Leftovers
|turn|12
|
|move|p1a: Ban This|Stored Power|p2a: Latios
|-resisted|p2a: Latios
|-damage|p2a: Latios|0 fnt
|faint|p2a: Latios
|
|
|switch|p2a: Magnezone|Magnezone|344\/344
|turn|13
|
|move|p1a: Ban This|Stored Power|p2a: Magnezone
|-resisted|p2a: Magnezone
|-damage|p2a: Magnezone|179\/344
|move|p2a: Magnezone|Thunderbolt|p1a: Ban This
|-damage|p1a: Ban This|0 fnt
|faint|p1a: Ban This
|
|
|switch|p1a: Charizard|Charizard, M|298\/298
|turn|14
|
|detailschange|p1a: Charizard|Charizard-Mega-X, M
|message|Charizard has Mega Evolved into Mega Charizard!
|move|p1a: Charizard|Dragon Dance|p1a: Charizard
|-boost|p1a: Charizard|atk|1
|-boost|p1a: Charizard|spe|1
|move|p2a: Magnezone|Volt Switch|p1a: Charizard
|-resisted|p1a: Charizard
|-damage|p1a: Charizard|213\/298
|
|switch|p2a: Landorus-Therian|Landorus-Therian, M|333\/333
|-ability|p2a: Landorus-Therian|Intimidate|[of] p1a: Charizard
|-unboost|p1a: Charizard|atk|1
|
|turn|15
|
|move|p1a: Charizard|Flare Blitz|p2a: Landorus-Therian
|-damage|p2a: Landorus-Therian|0 fnt
|-damage|p1a: Charizard|103\/298|[from] recoil|[of] p2a: Landorus-Therian
|faint|p2a: Landorus-Therian
|
|join|Darkskull
|
|switch|p2a: Terrakion|Terrakion|323\/323
|turn|16
|
|move|p1a: Charizard|Flare Blitz|p2a: Terrakion
|-resisted|p2a: Terrakion
|-damage|p2a: Terrakion|152\/323
|-damage|p1a: Charizard|47\/298|[from] recoil|[of] p2a: Terrakion
|move|p2a: Terrakion|Stone Edge|p1a: Charizard
|-supereffective|p1a: Charizard
|-damage|p1a: Charizard|0 fnt
|faint|p1a: Charizard
|
|c|âluffy sama|i lose i think
|
|switch|p1a: Greninja|Greninja, F|286\/286
|turn|17
|c| Darkskull|u have greninja
|c| Darkskull|yea
|c|âluffy sama|but scarf mag
|
|move|p1a: Greninja|Ice Beam|p2a: Terrakion
|-start|p1a: Greninja|typechange|Ice|[from] Protean
|-damage|p2a: Terrakion|0 fnt
|-damage|p1a: Greninja|258\/286|[from] item: Life Orb
|faint|p2a: Terrakion
|
|
|switch|p2a: Magnezone|Magnezone|179\/344
|turn|18
|
|move|p1a: Greninja|Hidden Power|p2a: Magnezone
|-start|p1a: Greninja|typechange|Fire|[from] Protean
|-supereffective|p2a: Magnezone
|-damage|p2a: Magnezone|5\/344
|-damage|p1a: Greninja|230\/286|[from] item: Life Orb
|move|p2a: Magnezone|Flash Cannon|p1a: Greninja
|-resisted|p1a: Greninja
|-damage|p1a: Greninja|131\/286
|
|turn|19
|c| Darkskull|see
|c|âluffy sama|i guess not
|c| Darkskull|no worries
|
|move|p1a: Greninja|Hidden Power|p2a: Magnezone
|-supereffective|p2a: Magnezone
|-damage|p2a: Magnezone|0 fnt
|-damage|p1a: Greninja|103\/286|[from] item: Life Orb
|faint|p2a: Magnezone
|
|
|switch|p2a: Venomoth|Venomoth, F|282\/282
|turn|20
|
|move|p1a: Greninja|Hidden Power|p2a: Venomoth
|-supereffective|p2a: Venomoth
|-damage|p2a: Venomoth|0 fnt
|-damage|p1a: Greninja|75\/286|[from] item: Life Orb
|faint|p2a: Venomoth
|
|win|luffy sama
|raw|Ladder updating...
|raw|luffy sama's rating: 1759 &rarr; <strong>1779<\/strong><br \/>(+20 for winning)
|raw|fzappa's rating: 1759 &rarr; <strong>1739<\/strong><br \/>(-20 for losing)
|c|âluffy sama|yea
|c|âluffy sama|gg
|c| Darkskull|gg
|c| Darkskull|on to the next
|leave|Darkskull
|join|Darkskull
|leave|Darkskull