|join|fzappa
|join|subzeromk
|player|p1|fzappa|265
|player|p2|subzeromk|20
|gametype|singles
|gen|6
|tier|OU
|rated
|clearpoke
|poke|p1|Metagross
|poke|p1|Talonflame, M
|poke|p1|Landorus-Therian, M
|poke|p1|Thundurus, M
|poke|p1|Greninja, F
|poke|p1|Kyurem-Black
|poke|p2|Sylveon, M
|poke|p2|Garchomp, F
|poke|p2|Heracross, F
|poke|p2|Breloom, F
|poke|p2|Bisharp, M
|poke|p2|Slowbro, M
|rule|Swagger Clause: Swagger is banned
|rule|Baton Pass Clause: Limit one PokÃ©mon knowing Baton Pass
|rule|Sleep Clause Mod: Limit one foe put to sleep
|rule|Species Clause: Limit one of each PokÃ©mon
|rule|OHKO Clause: OHKO moves are banned
|rule|Moody Clause: Moody is banned
|rule|Evasion Moves Clause: Evasion moves are banned
|rule|Endless Battle Clause: Forcing endless battles is banned
|rule|HP Percentage Mod: HP is shown in percentages
|teampreview
|
|start
|switch|p1a: Thundurus|Thundurus, M|299\/299
|switch|p2a: Sylveon|Sylveon, M|393\/393
|turn|1
|
|switch|p1a: Talonflame|Talonflame, M|327\/327
|move|p2a: Sylveon|Hyper Voice|p1a: Talonflame
|-resisted|p1a: Talonflame
|-damage|p1a: Talonflame|123\/327
|
|turn|2
|
|switch|p2a: Garchomp|Garchomp, F|419\/419
|move|p1a: Talonflame|Swords Dance|p1a: Talonflame
|-boost|p1a: Talonflame|atk|2
|
|turn|3
|
|move|p1a: Talonflame|Brave Bird|p2a: Garchomp
|-damage|p2a: Garchomp|181\/419
|-damage|p1a: Talonflame|83\/327|[from] ability: Rough Skin|[of] p2a: Garchomp
|-damage|p1a: Talonflame|29\/327|[from] item: Rocky Helmet|[of] p2a: Garchomp
|-damage|p1a: Talonflame|0 fnt|[from] recoil|[of] p2a: Garchomp
|faint|p1a: Talonflame
|move|p2a: Garchomp|Stealth Rock|p1: Talonflame
|-sidestart|p1: fzappa|move: Stealth Rock
|
|
|switch|p1a: Greninja|Greninja, F|285\/285
|-damage|p1a: Greninja|250\/285|[from] Stealth Rock
|turn|4
|
|move|p1a: Greninja|Ice Beam|p2a: Garchomp
|-supereffective|p2a: Garchomp
|-damage|p2a: Garchomp|0 fnt
|-damage|p1a: Greninja|222\/285|[from] item: Life Orb
|faint|p2a: Garchomp
|
|
|switch|p2a: Madara|Bisharp, M|289\/289
|turn|5
|
|move|p2a: Madara|Sucker Punch|p1a: Greninja
|-fail|p1a: Greninja
|move|p1a: Greninja|Toxic Spikes|p2a: Madara
|-sidestart|p2: subzeromk|move: Toxic Spikes
|
|turn|6
|
|move|p2a: Madara|Sucker Punch|p1a: Greninja
|-resisted|p1a: Greninja
|-damage|p1a: Greninja|80\/285
|-damage|p2a: Madara|261\/289|[from] item: Life Orb
|move|p1a: Greninja|Hydro Pump|p2a: Madara
|-damage|p2a: Madara|0 fnt
|-damage|p1a: Greninja|52\/285|[from] item: Life Orb
|faint|p2a: Madara
|
|join|Where Dey At Doe
|
|switch|p2a: Breloom|Breloom, F|262\/262
|-status|p2a: Breloom|psn
|turn|7
|
|switch|p1a: Thundurus|Thundurus, M|299\/299
|-damage|p1a: Thundurus|225\/299|[from] Stealth Rock
|move|p2a: Breloom|Mach Punch|p1a: Thundurus
|-resisted|p1a: Thundurus
|-damage|p1a: Thundurus|138\/299
|-damage|p2a: Breloom|236\/262 psn|[from] item: Life Orb
|
|-damage|p2a: Breloom|204\/262 psn|[from] psn
|turn|8
|c|âsubzeromk|I didnt know poison resisted dark?
|
|switch|p2a: Sylveon|Sylveon, M|393\/393
|-status|p2a: Sylveon|psn
|move|p1a: Thundurus|Hidden Power|p2a: Sylveon
|-damage|p2a: Sylveon|329\/393 psn
|-damage|p1a: Thundurus|109\/299|[from] item: Life Orb
|
|-damage|p2a: Sylveon|280\/393 psn|[from] psn
|turn|9
|
|move|p1a: Thundurus|Thunderbolt|p2a: Sylveon
|-damage|p2a: Sylveon|123\/393 psn
|-damage|p1a: Thundurus|80\/299|[from] item: Life Orb
|move|p2a: Sylveon|Hyper Voice|p1a: Thundurus
|-damage|p1a: Thundurus|0 fnt
|faint|p1a: Thundurus
|
|-damage|p2a: Sylveon|74\/393 psn|[from] psn
|
|switch|p1a: Metagross|Metagross|302\/302
|-damage|p1a: Metagross|284\/302|[from] Stealth Rock
|turn|10
|
|switch|p2a: Slowbro|Slowbro, M|394\/394
|-status|p2a: Slowbro|psn
|detailschange|p1a: Metagross|Metagross-Mega
|message|Metagross has Mega Evolved into Mega Metagross!
|move|p1a: Metagross|Stealth Rock|p2a: Slowbro
|-sidestart|p2: subzeromk|move: Stealth Rock
|
|-damage|p2a: Slowbro|345\/394 psn|[from] psn
|turn|11
|
|switch|p1a: Greninja|Greninja, F|52\/285
|-damage|p1a: Greninja|17\/285|[from] Stealth Rock
|move|p2a: Slowbro|Scald|p1a: Greninja
|-resisted|p1a: Greninja
|-damage|p1a: Greninja|0 fnt
|faint|p1a: Greninja
|
|-damage|p2a: Slowbro|296\/394 psn|[from] psn
|
|switch|p1a: Kyurem-Black|Kyurem-Black|391\/391
|-damage|p1a: Kyurem-Black|294\/391|[from] Stealth Rock
|-ability|p1a: Kyurem-Black|Teravolt
|turn|12
|
|switch|p2a: Sylveon|Sylveon, M|74\/393 psn
|-damage|p2a: Sylveon|25\/393 psn|[from] Stealth Rock
|move|p1a: Kyurem-Black|Dragon Claw|p2a: Sylveon
|-immune|p2a: Sylveon|[msg]
|
|-damage|p2a: Sylveon|0 fnt|[from] psn
|faint|p2a: Sylveon
|
|switch|p2a: Heracross|Heracross, F|310\/310
|-status|p2a: Heracross|psn
|-damage|p2a: Heracross|272\/310 psn|[from] Stealth Rock
|turn|13
|
|move|p1a: Kyurem-Black|Dragon Claw|p2a: Heracross
|-damage|p2a: Heracross|10\/310 psn
|move|p2a: Heracross|Close Combat|p1a: Kyurem-Black
|-supereffective|p1a: Kyurem-Black
|-damage|p1a: Kyurem-Black|0 fnt
|-unboost|p2a: Heracross|def|1
|-unboost|p2a: Heracross|spd|1
|faint|p1a: Kyurem-Black
|
|-damage|p2a: Heracross|0 fnt|[from] psn
|faint|p2a: Heracross
|
|switch|p1a: Metagross|Metagross-Mega|284\/302
|switch|p2a: Slowbro|Slowbro, M|394\/394 psn
|-damage|p1a: Metagross|266\/302|[from] Stealth Rock
|-damage|p2a: Slowbro|345\/394 psn|[from] Stealth Rock
|turn|14
|
|move|p1a: Metagross|Zen Headbutt|p2a: Slowbro
|-resisted|p2a: Slowbro
|-damage|p2a: Slowbro|244\/394 psn
|move|p2a: Slowbro|Fire Blast|p1a: Metagross|[miss]
|-miss|p2a: Slowbro|p1a: Metagross
|
|-damage|p2a: Slowbro|195\/394 psn|[from] psn
|turn|15
|
|move|p1a: Metagross|Zen Headbutt|p2a: Slowbro
|-resisted|p2a: Slowbro
|-damage|p2a: Slowbro|94\/394 psn
|move|p2a: Slowbro|Fire Blast|p1a: Metagross
|-supereffective|p1a: Metagross
|-damage|p1a: Metagross|26\/302
|
|-damage|p2a: Slowbro|45\/394 psn|[from] psn
|turn|16
|
|move|p1a: Metagross|Meteor Mash|p2a: Slowbro
|-resisted|p2a: Slowbro
|-damage|p2a: Slowbro|0 fnt
|faint|p2a: Slowbro
|
|
|switch|p2a: Breloom|Breloom, F|204\/262 psn
|-damage|p2a: Breloom|188\/262 psn|[from] Stealth Rock
|turn|17
|
|move|p2a: Breloom|Mach Punch|p1a: Metagross
|-damage|p1a: Metagross|0 fnt
|-damage|p2a: Breloom|162\/262 psn|[from] item: Life Orb
|faint|p1a: Metagross
|
|-damage|p2a: Breloom|130\/262 psn|[from] psn
|
|switch|p1a: Landorus-Therian|Landorus-Therian, M|320\/320
|-damage|p1a: Landorus-Therian|280\/320|[from] Stealth Rock
|-ability|p1a: Landorus-Therian|Intimidate|[of] p2a: Breloom
|-unboost|p2a: Breloom|atk|1
|turn|18
|
|move|p1a: Landorus-Therian|Earthquake|p2a: Breloom
|-resisted|p2a: Breloom
|-damage|p2a: Breloom|22\/262 psn
|move|p2a: Breloom|Spore|p1a: Landorus-Therian
|-status|p1a: Landorus-Therian|slp
|
|-damage|p2a: Breloom|0 fnt|[from] psn
|faint|p2a: Breloom
|
|win|fzappa
|raw|Ladder updating...
|leave|subzeromk
|player|p2
|raw|fzappa's rating: 1604 &rarr; <strong>1629<\/strong><br \/>(+25 for winning)
|raw|subzeromk's rating: 1686 &rarr; <strong>1661<\/strong><br \/>(-25 for losing)