|join|Fildrong
|join|fzappa
|player|p1|Fildrong|43
|player|p2|fzappa|265
|gametype|singles
|gen|6
|tier|OU
|rated
|clearpoke
|poke|p1|Lopunny, M
|poke|p1|Hippowdon, M
|poke|p1|Milotic, F
|poke|p1|Gengar, M
|poke|p1|Chesnaught, F
|poke|p1|Landorus-Therian, M
|poke|p2|Diancie
|poke|p2|Gothitelle, M
|poke|p2|Gliscor, M
|poke|p2|Klefki, M
|poke|p2|Goodra, M
|poke|p2|Ferrothorn, M
|rule|Swagger Clause: Swagger is banned
|rule|Baton Pass Clause: Limit one PokÃ©mon knowing Baton Pass
|rule|Sleep Clause Mod: Limit one foe put to sleep
|rule|Species Clause: Limit one of each PokÃ©mon
|rule|OHKO Clause: OHKO moves are banned
|rule|Moody Clause: Moody is banned
|rule|Evasion Moves Clause: Evasion moves are banned
|rule|Endless Battle Clause: Forcing endless battles is banned
|rule|HP Percentage Mod: HP is shown in percentages
|teampreview
|
|start
|switch|p1a: LEGIT|Landorus-Therian, M|330\/330
|switch|p2a: Gothitelle|Gothitelle, M|282\/282
|-ability|p1a: LEGIT|Intimidate|[of] p2a: Gothitelle
|-unboost|p2a: Gothitelle|atk|1
|turn|1
|
|switch|p2a: Diancie|Diancie|241\/241
|move|p1a: LEGIT|Knock Off|p2a: Diancie
|-resisted|p2a: Diancie
|-damage|p2a: Diancie|206\/241
|
|turn|2
|
|switch|p1a: Beautiful|Milotic, F|394\/394
|detailschange|p2a: Diancie|Diancie-Mega
|message|Diancie has Mega Evolved into Mega Diancie!
|move|p2a: Diancie|Moonblast|p1a: Beautiful
|-damage|p1a: Beautiful|265\/394
|
|-heal|p1a: Beautiful|289\/394|[from] item: Leftovers
|turn|3
|
|switch|p2a: Gothitelle|Gothitelle, M|282\/282
|move|p1a: Beautiful|Scald|p2a: Gothitelle
|-damage|p2a: Gothitelle|191\/282
|
|-heal|p1a: Beautiful|313\/394|[from] item: Leftovers
|turn|4
|
|move|p2a: Gothitelle|Thunderbolt|p1a: Beautiful
|-crit|p1a: Beautiful
|-supereffective|p1a: Beautiful
|-damage|p1a: Beautiful|11\/394
|move|p1a: Beautiful|Scald|p2a: Gothitelle
|-damage|p2a: Gothitelle|100\/282
|-status|p2a: Gothitelle|brn
|
|-heal|p1a: Beautiful|35\/394|[from] item: Leftovers
|-damage|p2a: Gothitelle|65\/282 brn|[from] brn
|turn|5
|
|move|p2a: Gothitelle|Thunderbolt|p1a: Beautiful
|-supereffective|p1a: Beautiful
|-damage|p1a: Beautiful|0 fnt
|faint|p1a: Beautiful
|
|-damage|p2a: Gothitelle|30\/282 brn|[from] brn
|
|switch|p1a: Full Of Sand|Hippowdon, M|420\/420
|-weather|Sandstorm
|turn|6
|
|switch|p2a: Ferrothorn|Ferrothorn, M|352\/352
|move|p1a: Full Of Sand|Stealth Rock|p2a: Ferrothorn
|-sidestart|p2: fzappa|move: Stealth Rock
|
|-weather|Sandstorm|[upkeep]
|turn|7
|
|switch|p1a: CoupCritique|Chesnaught, F|380\/380
|move|p2a: Ferrothorn|Stealth Rock|p1a: CoupCritique
|-sidestart|p1: Fildrong|move: Stealth Rock
|
|-weather|Sandstorm|[upkeep]
|-damage|p1a: CoupCritique|357\/380|[from] sandstorm
|-heal|p1a: CoupCritique|380\/380|[from] item: Leftovers
|turn|8
|
|switch|p2a: Gliscor|Gliscor, M|352\/352
|-damage|p2a: Gliscor|308\/352|[from] Stealth Rock
|move|p1a: CoupCritique|Substitute|p1a: CoupCritique
|-start|p1a: CoupCritique|Substitute
|-damage|p1a: CoupCritique|285\/380
|
|-weather|Sandstorm|[upkeep]
|-damage|p1a: CoupCritique|262\/380|[from] sandstorm
|-heal|p1a: CoupCritique|285\/380|[from] item: Leftovers
|-status|p2a: Gliscor|tox|[from] item: Toxic Orb
|turn|9
|
|move|p2a: Gliscor|Substitute|p2a: Gliscor
|-start|p2a: Gliscor|Substitute
|-damage|p2a: Gliscor|220\/352 tox
|move|p1a: CoupCritique|Leech Seed|p2a: Gliscor
|
|-weather|Sandstorm|[upkeep]
|-damage|p1a: CoupCritique|262\/380|[from] sandstorm
|-heal|p1a: CoupCritique|285\/380|[from] item: Leftovers
|-heal|p2a: Gliscor|264\/352 tox|[from] ability: Poison Heal
|turn|10
|
|move|p2a: Gliscor|Earthquake|p1a: CoupCritique
|-crit|p1a: CoupCritique
|-resisted|p1a: CoupCritique
|-activate|p1a: CoupCritique|Substitute|[damage]
|move|p1a: CoupCritique|Hammer Arm|p2a: Gliscor
|-resisted|p2a: Gliscor
|-activate|p2a: Gliscor|Substitute|[damage]
|-unboost|p1a: CoupCritique|spe|1
|
|-weather|none
|-heal|p1a: CoupCritique|308\/380|[from] item: Leftovers
|-heal|p2a: Gliscor|308\/352 tox|[from] ability: Poison Heal
|turn|11
|
|move|p1a: CoupCritique|Spiky Shield|p1a: CoupCritique
|-singleturn|p1a: CoupCritique|move: Protect
|move|p2a: Gliscor|Earthquake|p1a: CoupCritique
|-activate|p1a: CoupCritique|move: Protect
|
|-heal|p1a: CoupCritique|331\/380|[from] item: Leftovers
|-heal|p2a: Gliscor|352\/352 tox|[from] ability: Poison Heal
|turn|12
|
|move|p2a: Gliscor|Earthquake|p1a: CoupCritique
|-resisted|p1a: CoupCritique
|-activate|p1a: CoupCritique|Substitute|[damage]
|move|p1a: CoupCritique|Hammer Arm|p2a: Gliscor
|-resisted|p2a: Gliscor
|-activate|p2a: Gliscor|Substitute|[damage]
|-unboost|p1a: CoupCritique|spe|1
|
|-heal|p1a: CoupCritique|354\/380|[from] item: Leftovers
|turn|13
|
|move|p2a: Gliscor|Earthquake|p1a: CoupCritique
|-resisted|p1a: CoupCritique
|-end|p1a: CoupCritique|Substitute
|move|p1a: CoupCritique|Hammer Arm|p2a: Gliscor
|-resisted|p2a: Gliscor
|-end|p2a: Gliscor|Substitute
|-unboost|p1a: CoupCritique|spe|1
|
|-heal|p1a: CoupCritique|377\/380|[from] item: Leftovers
|turn|14
|
|switch|p1a: NoMagirve|Gengar, M|268\/268
|-damage|p1a: NoMagirve|235\/268|[from] Stealth Rock
|move|p2a: Gliscor|Toxic|p1a: NoMagirve
|-fail|p1a: NoMagirve
|
|-heal|p1a: NoMagirve|251\/268|[from] item: Black Sludge
|turn|15
|
|switch|p2a: Gothitelle|Gothitelle, M|30\/282 brn
|-damage|p2a: Gothitelle|0 fnt|[from] Stealth Rock
|faint|p2a: Gothitelle
|move|p1a: NoMagirve|Substitute|p1a: NoMagirve
|-start|p1a: NoMagirve|Substitute
|-damage|p1a: NoMagirve|184\/268
|
|-heal|p1a: NoMagirve|200\/268|[from] item: Black Sludge
|
|switch|p2a: Goodra|Goodra, M|381\/381
|-damage|p2a: Goodra|334\/381|[from] Stealth Rock
|turn|16
|
|move|p1a: NoMagirve|Will-O-Wisp|p2a: Goodra
|-status|p2a: Goodra|brn
|move|p2a: Goodra|Fire Blast|p1a: NoMagirve
|-end|p1a: NoMagirve|Substitute
|
|-heal|p1a: NoMagirve|216\/268|[from] item: Black Sludge
|-damage|p2a: Goodra|287\/381 brn|[from] brn
|turn|17
|
|switch|p1a: Full Of Sand|Hippowdon, M|420\/420
|-damage|p1a: Full Of Sand|394\/420|[from] Stealth Rock
|-weather|Sandstorm
|move|p2a: Goodra|Fire Blast|p1a: Full Of Sand
|-crit|p1a: Full Of Sand
|-damage|p1a: Full Of Sand|214\/420
|
|-weather|Sandstorm|[upkeep]
|-damage|p2a: Goodra|264\/381 brn|[from] sandstorm
|-heal|p1a: Full Of Sand|240\/420|[from] item: Leftovers
|-damage|p2a: Goodra|217\/381 brn|[from] brn
|turn|18
|
|move|p2a: Goodra|Draco Meteor|p1a: Full Of Sand
|-damage|p1a: Full Of Sand|35\/420
|-unboost|p2a: Goodra|spa|2
|move|p1a: Full Of Sand|Slack Off|p1a: Full Of Sand
|-heal|p1a: Full Of Sand|245\/420
|
|-weather|Sandstorm|[upkeep]
|-damage|p2a: Goodra|194\/381 brn|[from] sandstorm
|-heal|p1a: Full Of Sand|271\/420|[from] item: Leftovers
|-damage|p2a: Goodra|147\/381 brn|[from] brn
|turn|19
|
|switch|p2a: Klefki|Klefki, M|318\/318
|-damage|p2a: Klefki|299\/318|[from] Stealth Rock
|move|p1a: Full Of Sand|Slack Off|p1a: Full Of Sand
|-heal|p1a: Full Of Sand|420\/420
|
|-weather|Sandstorm|[upkeep]
|-heal|p2a: Klefki|318\/318|[from] item: Leftovers
|turn|20
|
|move|p2a: Klefki|Magnet Rise|p2a: Klefki
|-start|p2a: Klefki|Magnet Rise
|move|p1a: Full Of Sand|Earthquake|p2a: Klefki
|-immune|p2a: Klefki|[msg]
|
|-weather|Sandstorm|[upkeep]
|turn|21
|
|move|p2a: Klefki|Spikes|p1a: Full Of Sand
|-sidestart|p1: Fildrong|Spikes
|move|p1a: Full Of Sand|Roar|p2a: Klefki
|drag|p2a: Ferrothorn|Ferrothorn, M|352\/352
|-damage|p2a: Ferrothorn|330\/352|[from] Stealth Rock
|
|-weather|none
|turn|22
|
|switch|p1a: CoupCritique|Chesnaught, F|377\/380
|-damage|p1a: CoupCritique|330\/380|[from] Spikes
|-damage|p1a: CoupCritique|307\/380|[from] Stealth Rock
|switch|p2a: Diancie|Diancie-Mega|206\/241
|-damage|p2a: Diancie|176\/241|[from] Stealth Rock
|
|-heal|p1a: CoupCritique|330\/380|[from] item: Leftovers
|turn|23
|
|move|p1a: CoupCritique|Spiky Shield|p1a: CoupCritique
|-singleturn|p1a: CoupCritique|move: Protect
|move|p2a: Diancie|Moonblast|p1a: CoupCritique
|-activate|p1a: CoupCritique|move: Protect
|
|-heal|p1a: CoupCritique|353\/380|[from] item: Leftovers
|turn|24
|
|switch|p1a: Full Of Sand|Hippowdon, M|420\/420
|-damage|p1a: Full Of Sand|394\/420|[from] Stealth Rock
|-damage|p1a: Full Of Sand|342\/420|[from] Spikes
|-weather|Sandstorm
|move|p2a: Diancie|Moonblast|p1a: Full Of Sand
|-damage|p1a: Full Of Sand|159\/420
|
|-weather|Sandstorm|[upkeep]
|-heal|p1a: Full Of Sand|185\/420|[from] item: Leftovers
|turn|25
|
|move|p2a: Diancie|Moonblast|p1a: Full Of Sand
|-crit|p1a: Full Of Sand
|-damage|p1a: Full Of Sand|0 fnt
|faint|p1a: Full Of Sand
|
|-weather|Sandstorm|[upkeep]
|c|âFildrong|sigh
|
|switch|p1a: LEGIT|Landorus-Therian, M|330\/330
|-damage|p1a: LEGIT|289\/330|[from] Stealth Rock
|-ability|p1a: LEGIT|Intimidate|[of] p2a: Diancie
|-unboost|p2a: Diancie|atk|1
|turn|26
|
|switch|p2a: Gliscor|Gliscor, M|352\/352 tox
|-damage|p2a: Gliscor|308\/352 tox|[from] Stealth Rock
|move|p1a: LEGIT|U-turn|p2a: Gliscor
|-crit|p2a: Gliscor
|-resisted|p2a: Gliscor
|-damage|p2a: Gliscor|255\/352 tox
|
|switch|p1a: NoMagirve|Gengar, M|216\/268
|-damage|p1a: NoMagirve|183\/268|[from] Stealth Rock
|
|-weather|Sandstorm|[upkeep]
|-damage|p1a: NoMagirve|167\/268|[from] sandstorm
|-heal|p1a: NoMagirve|183\/268|[from] item: Black Sludge
|-heal|p2a: Gliscor|299\/352 tox|[from] ability: Poison Heal
|turn|27
|
|switch|p2a: Klefki|Klefki, M|318\/318
|-damage|p2a: Klefki|299\/318|[from] Stealth Rock
|move|p1a: NoMagirve|Substitute|p1a: NoMagirve
|-start|p1a: NoMagirve|Substitute
|-damage|p1a: NoMagirve|116\/268
|
|-weather|Sandstorm|[upkeep]
|-damage|p1a: NoMagirve|100\/268|[from] sandstorm
|-heal|p1a: NoMagirve|116\/268|[from] item: Black Sludge
|-heal|p2a: Klefki|318\/318|[from] item: Leftovers
|turn|28
|
|move|p1a: NoMagirve|Shadow Ball|p2a: Klefki
|-damage|p2a: Klefki|185\/318
|move|p2a: Klefki|Foul Play|p1a: NoMagirve
|-supereffective|p1a: NoMagirve
|-end|p1a: NoMagirve|Substitute
|
|-weather|none
|-heal|p1a: NoMagirve|132\/268|[from] item: Black Sludge
|-heal|p2a: Klefki|204\/318|[from] item: Leftovers
|turn|29
|
|switch|p1a: CoupCritique|Chesnaught, F|353\/380
|-damage|p1a: CoupCritique|306\/380|[from] Spikes
|-damage|p1a: CoupCritique|283\/380|[from] Stealth Rock
|move|p2a: Klefki|Foul Play|p1a: CoupCritique
|-resisted|p1a: CoupCritique
|-damage|p1a: CoupCritique|259\/380
|
|-heal|p2a: Klefki|223\/318|[from] item: Leftovers
|-heal|p1a: CoupCritique|282\/380|[from] item: Leftovers
|turn|30
|
|move|p2a: Klefki|Thunder Wave|p1a: CoupCritique
|-status|p1a: CoupCritique|par
|move|p1a: CoupCritique|Leech Seed|p2a: Klefki
|-start|p2a: Klefki|move: Leech Seed
|
|-heal|p2a: Klefki|242\/318|[from] item: Leftovers
|-heal|p1a: CoupCritique|305\/380 par|[from] item: Leftovers
|-damage|p2a: Klefki|203\/318|[from] Leech Seed|[of] p1a: CoupCritique
|-heal|p1a: CoupCritique|344\/380 par|[silent]
|turn|31
|
|move|p2a: Klefki|Spikes|p1a: CoupCritique
|-sidestart|p1: Fildrong|Spikes
|move|p1a: CoupCritique|Leech Seed|p2a: Klefki
|-fail|p2a: Klefki
|
|-heal|p2a: Klefki|222\/318|[from] item: Leftovers
|-heal|p1a: CoupCritique|367\/380 par|[from] item: Leftovers
|-damage|p2a: Klefki|183\/318|[from] Leech Seed|[of] p1a: CoupCritique
|-heal|p1a: CoupCritique|380\/380 par|[silent]
|turn|32
|
|move|p2a: Klefki|Spikes|p1a: CoupCritique
|-sidestart|p1: Fildrong|Spikes
|move|p1a: CoupCritique|Substitute|p1a: CoupCritique
|-start|p1a: CoupCritique|Substitute
|-damage|p1a: CoupCritique|285\/380 par
|
|-heal|p2a: Klefki|202\/318|[from] item: Leftovers
|-heal|p1a: CoupCritique|308\/380 par|[from] item: Leftovers
|-damage|p2a: Klefki|163\/318|[from] Leech Seed|[of] p1a: CoupCritique
|-heal|p1a: CoupCritique|347\/380 par|[silent]
|turn|33
|
|switch|p2a: Gliscor|Gliscor, M|299\/352 tox
|-damage|p2a: Gliscor|255\/352 tox|[from] Stealth Rock
|move|p1a: CoupCritique|Leech Seed|p2a: Gliscor
|-start|p2a: Gliscor|move: Leech Seed
|
|-heal|p1a: CoupCritique|370\/380 par|[from] item: Leftovers
|-damage|p2a: Gliscor|211\/352 tox|[from] Leech Seed|[of] p1a: CoupCritique
|-heal|p1a: CoupCritique|380\/380 par|[silent]
|-heal|p2a: Gliscor|255\/352 tox|[from] ability: Poison Heal
|turn|34
|
|switch|p2a: Goodra|Goodra, M|147\/381 brn
|-damage|p2a: Goodra|100\/381 brn|[from] Stealth Rock
|cant|p1a: CoupCritique|par
|
|-damage|p2a: Goodra|53\/381 brn|[from] brn
|turn|35
|
|move|p2a: Goodra|Sludge Bomb|p1a: CoupCritique
|-immune|p1a: CoupCritique|[msg]|[from] Bulletproof
|move|p1a: CoupCritique|Substitute|p1a: CoupCritique
|-fail|p1a: CoupCritique|move: Substitute
|
|-damage|p2a: Goodra|6\/381 brn|[from] brn
|turn|36
|
|cant|p1a: CoupCritique|par
|move|p2a: Goodra|Fire Blast|p1a: CoupCritique
|-crit|p1a: CoupCritique
|-supereffective|p1a: CoupCritique
|-end|p1a: CoupCritique|Substitute
|
|-damage|p2a: Goodra|0 fnt|[from] brn
|faint|p2a: Goodra
|
|switch|p2a: Diancie|Diancie-Mega|176\/241
|-damage|p2a: Diancie|146\/241|[from] Stealth Rock
|turn|37
|
|move|p2a: Diancie|Moonblast|p1a: CoupCritique
|-supereffective|p1a: CoupCritique
|-damage|p1a: CoupCritique|0 fnt
|faint|p1a: CoupCritique
|
|
|switch|p1a: Beverly|Lopunny, M|272\/272
|-damage|p1a: Beverly|238\/272|[from] Stealth Rock
|-damage|p1a: Beverly|170\/272|[from] Spikes
|turn|38
|
|switch|p2a: Ferrothorn|Ferrothorn, M|330\/352
|-damage|p2a: Ferrothorn|308\/352|[from] Stealth Rock
|detailschange|p1a: Beverly|Lopunny-Mega, M
|message|Lopunny has Mega Evolved into Mega Lopunny!
|move|p1a: Beverly|Fake Out|p2a: Ferrothorn
|-crit|p2a: Ferrothorn
|-resisted|p2a: Ferrothorn
|-damage|p2a: Ferrothorn|274\/352
|-damage|p1a: Beverly|136\/272|[from] ability: Iron Barbs|[of] p2a: Ferrothorn
|
|turn|39
|
|move|p1a: Beverly|High Jump Kick|p2a: Ferrothorn
|-supereffective|p2a: Ferrothorn
|-damage|p2a: Ferrothorn|0 fnt
|-damage|p1a: Beverly|102\/272|[from] ability: Iron Barbs|[of] p2a: Ferrothorn
|faint|p2a: Ferrothorn
|
|
|switch|p2a: Klefki|Klefki, M|163\/318
|-damage|p2a: Klefki|144\/318|[from] Stealth Rock
|turn|40
|
|switch|p1a: LEGIT|Landorus-Therian, M|289\/330
|-damage|p1a: LEGIT|248\/330|[from] Stealth Rock
|-ability|p1a: LEGIT|Intimidate|[of] p2a: Klefki
|-unboost|p2a: Klefki|atk|1
|move|p2a: Klefki|Thunder Wave|p1a: LEGIT
|-immune|p1a: LEGIT|[msg]
|
|-heal|p2a: Klefki|163\/318|[from] item: Leftovers
|turn|41
|
|move|p1a: LEGIT|Knock Off|p2a: Klefki
|-resisted|p2a: Klefki
|-damage|p2a: Klefki|104\/318
|-enditem|p2a: Klefki|Leftovers|[from] move: Knock Off|[of] p1a: LEGIT
|move|p2a: Klefki|Foul Play|p1a: LEGIT
|-damage|p1a: LEGIT|101\/330
|
|turn|42
|
|move|p1a: LEGIT|Knock Off|p2a: Klefki
|-crit|p2a: Klefki
|-resisted|p2a: Klefki
|-damage|p2a: Klefki|45\/318
|move|p2a: Klefki|Foul Play|p1a: LEGIT
|-damage|p1a: LEGIT|0 fnt
|faint|p1a: LEGIT
|
|
|switch|p1a: NoMagirve|Gengar, M|132\/268
|-damage|p1a: NoMagirve|99\/268|[from] Stealth Rock
|turn|43
|
|move|p2a: Klefki|Thunder Wave|p1a: NoMagirve
|-status|p1a: NoMagirve|par
|move|p1a: NoMagirve|Shadow Ball|p2a: Klefki
|-damage|p2a: Klefki|0 fnt
|faint|p2a: Klefki
|
|-heal|p1a: NoMagirve|115\/268 par|[from] item: Black Sludge
|
|switch|p2a: Diancie|Diancie-Mega|146\/241
|-damage|p2a: Diancie|116\/241|[from] Stealth Rock
|turn|44
|
|move|p2a: Diancie|Moonblast|p1a: NoMagirve
|-resisted|p1a: NoMagirve
|-damage|p1a: NoMagirve|12\/268 par
|move|p1a: NoMagirve|Shadow Ball|p2a: Diancie
|-damage|p2a: Diancie|0 fnt
|faint|p2a: Diancie
|
|-heal|p1a: NoMagirve|28\/268 par|[from] item: Black Sludge
|c|âFildrong|gg
|-message|fzappa forfeited.
|
|win|Fildrong
|raw|Ladder updating...
|leave|fzappa
|player|p2
|raw|Fildrong's rating: 1543 &rarr; <strong>1565<\/strong><br \/>(+22 for winning)
|raw|fzappa's rating: 1579 &rarr; <strong>1557<\/strong><br \/>(-22 for losing)