|join|BamzyOn
|join|fzappa
|player|p1|BamzyOn|28
|player|p2|fzappa|2
|gametype|singles
|gen|6
|tier|OU
|rated
|clearpoke
|poke|p1|Scizor, M
|poke|p1|Rotom-Wash
|poke|p1|Landorus-Therian, M
|poke|p1|Manectric, M
|poke|p1|Terrakion
|poke|p1|Azumarill, M
|poke|p2|Azumarill, M
|poke|p2|Charizard, M
|poke|p2|Celebi
|poke|p2|Terrakion
|poke|p2|Latios, M
|poke|p2|Skarmory, F
|rule|Swagger Clause: Swagger is banned
|rule|Baton Pass Clause: Limit one PokÃ©mon knowing Baton Pass
|rule|Sleep Clause Mod: Limit one foe put to sleep
|rule|Species Clause: Limit one of each PokÃ©mon
|rule|OHKO Clause: OHKO moves are banned
|rule|Moody Clause: Moody is banned
|rule|Evasion Moves Clause: Evasion moves are banned
|rule|Endless Battle Clause: Forcing endless battles is banned
|rule|HP Percentage Mod: HP is shown in percentages
|teampreview
|
|start
|switch|p1a: Scizor|Scizor, M|343\/343
|switch|p2a: Latios|Latios, M|302\/302
|turn|1
|
|switch|p2a: Charizard|Charizard, M|333\/333
|move|p1a: Scizor|U-turn|p2a: Charizard
|-resisted|p2a: Charizard
|-damage|p2a: Charizard|270\/333
|
|switch|p1a: Landorus-Therian|Landorus-Therian, M|382\/382
|-ability|p1a: Landorus-Therian|Intimidate|[of] p2a: Charizard
|-unboost|p2a: Charizard|atk|1
|
|turn|2
|
|detailschange|p2a: Charizard|Charizard-Mega-X, M
|message|Charizard has Mega Evolved into Mega Charizard!
|move|p2a: Charizard|Flare Blitz|p1a: Landorus-Therian
|-damage|p1a: Landorus-Therian|232\/382
|-damage|p2a: Charizard|220\/333|[from] recoil|[of] p1a: Landorus-Therian
|move|p1a: Landorus-Therian|Stealth Rock|p2a: Charizard
|-sidestart|p2: fzappa|move: Stealth Rock
|
|-heal|p1a: Landorus-Therian|255\/382|[from] item: Leftovers
|turn|3
|
|move|p2a: Charizard|Dragon Dance|p2a: Charizard
|-boost|p2a: Charizard|atk|1
|-boost|p2a: Charizard|spe|1
|move|p1a: Landorus-Therian|Earthquake|p2a: Charizard
|-supereffective|p2a: Charizard
|-damage|p2a: Charizard|0 fnt
|faint|p2a: Charizard
|
|-heal|p1a: Landorus-Therian|278\/382|[from] item: Leftovers
|
|switch|p2a: Skarmory|Skarmory, F|334\/334
|-damage|p2a: Skarmory|293\/334|[from] Stealth Rock
|turn|4
|
|move|p1a: Landorus-Therian|Knock Off|p2a: Skarmory
|-crit|p2a: Skarmory
|-damage|p2a: Skarmory|204\/334
|-enditem|p2a: Skarmory|Shed Shell|[from] move: Knock Off|[of] p1a: Landorus-Therian
|move|p2a: Skarmory|Stealth Rock|p1a: Landorus-Therian
|-sidestart|p1: BamzyOn|move: Stealth Rock
|
|-heal|p1a: Landorus-Therian|301\/382|[from] item: Leftovers
|turn|5
|
|move|p1a: Landorus-Therian|U-turn|p2a: Skarmory
|-resisted|p2a: Skarmory
|-damage|p2a: Skarmory|192\/334
|
|switch|p1a: Rotom-Wash|Rotom-Wash|304\/304
|-damage|p1a: Rotom-Wash|266\/304|[from] Stealth Rock
|move|p2a: Skarmory|Toxic|p1a: Rotom-Wash
|-status|p1a: Rotom-Wash|tox
|
|-heal|p1a: Rotom-Wash|285\/304 tox|[from] item: Leftovers
|-damage|p1a: Rotom-Wash|266\/304 tox|[from] psn
|turn|6
|
|switch|p2a: Celebi|Celebi|404\/404
|-damage|p2a: Celebi|354\/404|[from] Stealth Rock
|move|p1a: Rotom-Wash|Will-O-Wisp|p2a: Celebi
|-status|p2a: Celebi|brn
|
|-heal|p2a: Celebi|379\/404 brn|[from] item: Leftovers
|-heal|p1a: Rotom-Wash|285\/304 tox|[from] item: Leftovers
|-damage|p2a: Celebi|329\/404 brn|[from] brn
|-damage|p1a: Rotom-Wash|247\/304 tox|[from] psn
|turn|7
|
|move|p2a: Celebi|Baton Pass|p2a: Celebi
|
|switch|p2a: Latios|Latios, M|302\/302
|-damage|p2a: Latios|265\/302|[from] Stealth Rock
|move|p1a: Rotom-Wash|Volt Switch|p2a: Latios
|-resisted|p2a: Latios
|-damage|p2a: Latios|222\/302
|
|switch|p1a: Scizor|Scizor, M|343\/343
|-damage|p1a: Scizor|301\/343|[from] Stealth Rock
|
|turn|8
|
|switch|p2a: Skarmory|Skarmory, F|192\/334
|-damage|p2a: Skarmory|151\/334|[from] Stealth Rock
|move|p1a: Scizor|U-turn|p2a: Skarmory
|-resisted|p2a: Skarmory
|-damage|p2a: Skarmory|121\/334
|
|switch|p1a: Manectric|Manectric, M|281\/281
|-damage|p1a: Manectric|246\/281|[from] Stealth Rock
|
|turn|9
|
|detailschange|p1a: Manectric|Manectric-Mega, M
|message|Manectric has Mega Evolved into Mega Manectric!
|-ability|p1a: Manectric|Intimidate|[of] p2a: Skarmory
|-unboost|p2a: Skarmory|atk|1
|move|p1a: Manectric|Volt Switch|p2a: Skarmory
|-supereffective|p2a: Skarmory
|-damage|p2a: Skarmory|0 fnt
|faint|p2a: Skarmory
|
|switch|p1a: Scizor|Scizor, M|301\/343
|-damage|p1a: Scizor|259\/343|[from] Stealth Rock
|
|
|switch|p2a: Azumarill|Azumarill, M|404\/404
|-damage|p2a: Azumarill|354\/404|[from] Stealth Rock
|turn|10
|
|move|p1a: Scizor|Bullet Punch|p2a: Azumarill
|-damage|p2a: Azumarill|150\/404
|move|p2a: Azumarill|Waterfall|p1a: Scizor
|-damage|p1a: Scizor|0 fnt
|faint|p1a: Scizor
|
|
|switch|p1a: Manectric|Manectric-Mega, M|246\/281
|-damage|p1a: Manectric|211\/281|[from] Stealth Rock
|-ability|p1a: Manectric|Intimidate|[of] p2a: Azumarill
|-unboost|p2a: Azumarill|atk|1
|turn|11
|
|switch|p1a: Landorus-Therian|Landorus-Therian, M|301\/382
|-damage|p1a: Landorus-Therian|254\/382|[from] Stealth Rock
|-ability|p1a: Landorus-Therian|Intimidate|[of] p2a: Azumarill
|-unboost|p2a: Azumarill|atk|1
|switch|p2a: Celebi|Celebi|329\/404
|-damage|p2a: Celebi|279\/404|[from] Stealth Rock
|
|-heal|p2a: Celebi|304\/404|[from] item: Leftovers
|-heal|p1a: Landorus-Therian|277\/382|[from] item: Leftovers
|turn|12
|
|move|p2a: Celebi|Seed Bomb|p1a: Landorus-Therian
|-damage|p1a: Landorus-Therian|208\/382
|move|p1a: Landorus-Therian|Knock Off|p2a: Celebi
|-supereffective|p2a: Celebi
|-damage|p2a: Celebi|110\/404
|-enditem|p2a: Celebi|Leftovers|[from] move: Knock Off|[of] p1a: Landorus-Therian
|
|-heal|p1a: Landorus-Therian|231\/382|[from] item: Leftovers
|turn|13
|
|move|p2a: Celebi|Recover|p2a: Celebi
|-heal|p2a: Celebi|312\/404
|move|p1a: Landorus-Therian|U-turn|p2a: Celebi
|-supereffective|p2a: Celebi
|-damage|p2a: Celebi|56\/404
|
|switch|p1a: Manectric|Manectric-Mega, M|211\/281
|-damage|p1a: Manectric|176\/281|[from] Stealth Rock
|-ability|p1a: Manectric|Intimidate|[of] p2a: Celebi
|-unboost|p2a: Celebi|atk|1
|
|turn|14
|
|move|p1a: Manectric|Volt Switch|p2a: Celebi
|-resisted|p2a: Celebi
|-damage|p2a: Celebi|5\/404
|
|switch|p1a: Landorus-Therian|Landorus-Therian, M|231\/382
|-damage|p1a: Landorus-Therian|184\/382|[from] Stealth Rock
|-ability|p1a: Landorus-Therian|Intimidate|[of] p2a: Celebi
|-unboost|p2a: Celebi|atk|1
|move|p2a: Celebi|Seed Bomb|p1a: Landorus-Therian
|-crit|p1a: Landorus-Therian
|-damage|p1a: Landorus-Therian|78\/382
|
|-heal|p1a: Landorus-Therian|101\/382|[from] item: Leftovers
|turn|15
|
|move|p2a: Celebi|Seed Bomb|p1a: Landorus-Therian
|-crit|p1a: Landorus-Therian
|-damage|p1a: Landorus-Therian|0 fnt
|faint|p1a: Landorus-Therian
|
|
|switch|p1a: Manectric|Manectric-Mega, M|176\/281
|-damage|p1a: Manectric|141\/281|[from] Stealth Rock
|-ability|p1a: Manectric|Intimidate|[of] p2a: Celebi
|-unboost|p2a: Celebi|atk|1
|turn|16
|
|move|p1a: Manectric|Hidden Power|p2a: Celebi
|-supereffective|p2a: Celebi
|-damage|p2a: Celebi|0 fnt
|faint|p2a: Celebi
|
|
|switch|p2a: Terrakion|Terrakion|323\/323
|-damage|p2a: Terrakion|303\/323|[from] Stealth Rock
|turn|17
|
|switch|p1a: Azumarill|Azumarill, M|341\/341
|-damage|p1a: Azumarill|299\/341|[from] Stealth Rock
|move|p2a: Terrakion|Stone Edge|p1a: Azumarill
|-crit|p1a: Azumarill
|-damage|p1a: Azumarill|0 fnt
|faint|p1a: Azumarill
|
|
|switch|p1a: Terrakion|Terrakion|323\/323
|-damage|p1a: Terrakion|303\/323|[from] Stealth Rock
|turn|18
|
|move|p1a: Terrakion|Close Combat|p2a: Terrakion
|-supereffective|p2a: Terrakion
|-damage|p2a: Terrakion|0 fnt
|-unboost|p1a: Terrakion|def|1
|-unboost|p1a: Terrakion|spd|1
|faint|p2a: Terrakion
|
|
|switch|p2a: Latios|Latios, M|222\/302
|-damage|p2a: Latios|185\/302|[from] Stealth Rock
|turn|19
|
|switch|p1a: Rotom-Wash|Rotom-Wash|247\/304 tox
|-damage|p1a: Rotom-Wash|209\/304 tox|[from] Stealth Rock
|move|p2a: Latios|Psyshock|p1a: Rotom-Wash
|-damage|p1a: Rotom-Wash|75\/304 tox
|-damage|p2a: Latios|155\/302|[from] item: Life Orb
|
|-heal|p1a: Rotom-Wash|94\/304 tox|[from] item: Leftovers
|-damage|p1a: Rotom-Wash|75\/304 tox|[from] psn
|turn|20
|
|move|p2a: Latios|Psyshock|p1a: Rotom-Wash
|-damage|p1a: Rotom-Wash|0 fnt
|-damage|p2a: Latios|125\/302|[from] item: Life Orb
|faint|p1a: Rotom-Wash
|
|
|switch|p1a: Manectric|Manectric-Mega, M|141\/281
|-damage|p1a: Manectric|106\/281|[from] Stealth Rock
|-ability|p1a: Manectric|Intimidate|[of] p2a: Latios
|-unboost|p2a: Latios|atk|1
|turn|21
|
|move|p1a: Manectric|Hidden Power|p2a: Latios
|-supereffective|p2a: Latios
|-damage|p2a: Latios|1\/302
|move|p2a: Latios|Psyshock|p1a: Manectric
|-damage|p1a: Manectric|0 fnt
|-damage|p2a: Latios|0 fnt|[from] item: Life Orb
|faint|p1a: Manectric
|faint|p2a: Latios
|
|
|switch|p1a: Terrakion|Terrakion|303\/323
|switch|p2a: Azumarill|Azumarill, M|150\/404
|-damage|p1a: Terrakion|283\/323|[from] Stealth Rock
|-damage|p2a: Azumarill|100\/404|[from] Stealth Rock
|turn|22
|
|move|p2a: Azumarill|Aqua Jet|p1a: Terrakion
|-supereffective|p1a: Terrakion
|-damage|p1a: Terrakion|19\/323
|move|p1a: Terrakion|Close Combat|p2a: Azumarill
|-resisted|p2a: Azumarill
|-damage|p2a: Azumarill|0 fnt
|-unboost|p1a: Terrakion|def|1
|-unboost|p1a: Terrakion|spd|1
|faint|p2a: Azumarill
|
|win|BamzyOn
|raw|Ladder updating...
|raw|BamzyOn's rating: 1373 &rarr; <strong>1390<\/strong><br \/>(+17 for winning)
|raw|fzappa's rating: 1319 &rarr; <strong>1302<\/strong><br \/>(-17 for losing)
|leave|fzappa
|player|p2