|join|Pokeplays777
|join|fzappa
|player|p1|Pokeplays777|290
|player|p2|fzappa|101
|gametype|singles
|gen|6
|tier|OU
|rated
|clearpoke
|poke|p1|Tornadus-Therian, M, shiny
|poke|p1|Slowbro, M
|poke|p1|Amoonguss, M
|poke|p1|Skarmory, M
|poke|p1|Heatran, M, shiny
|poke|p1|Swampert, M
|poke|p2|Victini
|poke|p2|Altaria, M
|poke|p2|Diggersby, F
|poke|p2|Skarmory, F
|poke|p2|Greninja, F
|poke|p2|Rotom-Wash
|rule|Swagger Clause: Swagger is banned
|rule|Baton Pass Clause: Limit one PokÃ©mon knowing Baton Pass
|rule|Sleep Clause Mod: Limit one foe put to sleep
|rule|Species Clause: Limit one of each PokÃ©mon
|rule|OHKO Clause: OHKO moves are banned
|rule|Moody Clause: Moody is banned
|rule|Evasion Moves Clause: Evasion moves are banned
|rule|Endless Battle Clause: Forcing endless battles is banned
|rule|HP Percentage Mod: HP is shown in percentages
|teampreview
|
|start
|switch|p1a: Tornadus-Therian|Tornadus-Therian, M, shiny|332\/332
|switch|p2a: Rotom-Wash|Rotom-Wash|304\/304
|turn|1
|
|move|p1a: Tornadus-Therian|Knock Off|p2a: Rotom-Wash
|-damage|p2a: Rotom-Wash|238\/304
|-enditem|p2a: Rotom-Wash|Leftovers|[from] move: Knock Off|[of] p1a: Tornadus-Therian
|move|p2a: Rotom-Wash|Will-O-Wisp|p1a: Tornadus-Therian|[miss]
|-miss|p2a: Rotom-Wash|p1a: Tornadus-Therian
|
|turn|2
|
|move|p1a: Tornadus-Therian|Hurricane|p2a: Rotom-Wash
|-resisted|p2a: Rotom-Wash
|-damage|p2a: Rotom-Wash|159\/304
|move|p2a: Rotom-Wash|Will-O-Wisp|p1a: Tornadus-Therian
|-status|p1a: Tornadus-Therian|brn
|
|-damage|p1a: Tornadus-Therian|291\/332 brn|[from] brn
|turn|3
|
|move|p1a: Tornadus-Therian|Hurricane|p2a: Rotom-Wash
|-resisted|p2a: Rotom-Wash
|-damage|p2a: Rotom-Wash|84\/304
|move|p2a: Rotom-Wash|Pain Split|p1a: Tornadus-Therian
|-sethp|p1a: Tornadus-Therian|187\/332 brn|p2a: Rotom-Wash|187\/304|[from] move: Pain Split
|
|-damage|p1a: Tornadus-Therian|146\/332 brn|[from] brn
|turn|4
|
|switch|p1a: Swampert|Swampert, M|341\/341
|switch|p2a: Altaria|Altaria, M|352\/352
|
|turn|5
|
|switch|p2a: Skarmory|Skarmory, F|334\/334
|detailschange|p1a: Swampert|Swampert-Mega, M
|message|Swampert has Mega Evolved into Mega Swampert!
|move|p1a: Swampert|Ice Punch|p2a: Skarmory
|-damage|p2a: Skarmory|274\/334
|
|turn|6
|
|switch|p1a: Heatran|Heatran, M, shiny|323\/323
|move|p2a: Skarmory|Stealth Rock|p1a: Heatran
|-sidestart|p1: Pokeplays777|move: Stealth Rock
|
|turn|7
|
|switch|p2a: Greninja|Greninja, F|285\/285
|move|p1a: Heatran|Magma Storm|p2a: Greninja
|-resisted|p2a: Greninja
|-damage|p2a: Greninja|169\/285
|-activate|p2a: Greninja|move: Magma Storm|[of] p1a: Heatran
|
|-damage|p2a: Greninja|134\/285|[from] move: Magma Storm|[partiallytrapped]
|turn|8
|
|switch|p1a: Amoonguss|Amoonguss, M|432\/432
|-damage|p1a: Amoonguss|378\/432|[from] Stealth Rock
|move|p2a: Greninja|Spikes|p1a: Amoonguss
|-start|p2a: Greninja|typechange|Ground|[from] Protean
|-sidestart|p1: Pokeplays777|Spikes
|
|-heal|p1a: Amoonguss|405\/432|[from] item: Black Sludge
|-end|p2a: Greninja|Magma Storm|[partiallytrapped]
|turn|9
|
|switch|p2a: Skarmory|Skarmory, F|274\/334
|move|p1a: Amoonguss|Spore|p2a: Skarmory
|-status|p2a: Skarmory|slp
|
|-heal|p1a: Amoonguss|432\/432|[from] item: Black Sludge
|turn|10
|
|switch|p2a: Victini|Victini|404\/404
|switch|p1a: Skarmory|Skarmory, M|334\/334
|-damage|p1a: Skarmory|293\/334|[from] Stealth Rock
|
|turn|11
|
|move|p2a: Victini|V-create|p1a: Skarmory
|-crit|p1a: Skarmory
|-supereffective|p1a: Skarmory
|-damage|p1a: Skarmory|0 fnt
|-damage|p2a: Victini|337\/404|[from] item: Rocky Helmet|[of] p1a: Skarmory
|-unboost|p2a: Victini|def|1
|-unboost|p2a: Victini|spd|1
|-unboost|p2a: Victini|spe|1
|faint|p1a: Skarmory
|
|-heal|p2a: Victini|362\/404|[from] item: Leftovers
|
|switch|p1a: Heatran|Heatran, M, shiny|323\/323
|-damage|p1a: Heatran|283\/323|[from] Stealth Rock
|-damage|p1a: Heatran|243\/323|[from] Spikes
|turn|12
|
|switch|p2a: Altaria|Altaria, M|352\/352
|move|p1a: Heatran|Magma Storm|p2a: Altaria
|-resisted|p2a: Altaria
|-damage|p2a: Altaria|268\/352
|-activate|p2a: Altaria|move: Magma Storm|[of] p1a: Heatran
|
|-damage|p2a: Altaria|224\/352|[from] move: Magma Storm|[partiallytrapped]
|turn|13
|
|detailschange|p2a: Altaria|Altaria-Mega, M
|message|Altaria has Mega Evolved into Mega Altaria!
|move|p1a: Heatran|Taunt|p2a: Altaria
|-start|p2a: Altaria|move: Taunt
|move|p2a: Altaria|Earthquake|p1a: Heatran
|-supereffective|p1a: Heatran
|-damage|p1a: Heatran|0 fnt
|faint|p1a: Heatran
|
|-end|p2a: Altaria|Magma Storm|[partiallytrapped]
|
|switch|p1a: Swampert|Swampert-Mega, M|341\/341
|-damage|p1a: Swampert|320\/341|[from] Stealth Rock
|-damage|p1a: Swampert|278\/341|[from] Spikes
|turn|14
|-message|Pokeplays777 forfeited.
|leave|Pokeplays777
|
|win|fzappa
|raw|Ladder updating...
|player|p1
|raw|Pokeplays777's rating: 1582 &rarr; <strong>1562<\/strong><br \/>(-20 for losing)
|raw|fzappa's rating: 1578 &rarr; <strong>1598<\/strong><br \/>(+20 for winning)