|join|Colossus Anbu
|join|fzappa
|player|p1|Colossus Anbu|151
|player|p2|fzappa|2
|gametype|singles
|gen|6
|tier|OU
|rated
|clearpoke
|poke|p1|Gengar, M
|poke|p1|Meloetta
|poke|p1|Conkeldurr, M
|poke|p1|Gyarados, M
|poke|p1|Ferrothorn, M
|poke|p1|Landorus, M
|poke|p2|Landorus-Therian, M
|poke|p2|Rotom-Wash
|poke|p2|Gardevoir, M
|poke|p2|Magnezone
|poke|p2|Terrakion
|poke|p2|Roserade, M
|rule|Swagger Clause: Swagger is banned
|rule|Baton Pass Clause: Limit one PokÃ©mon knowing Baton Pass
|rule|Sleep Clause Mod: Limit one foe put to sleep
|rule|Species Clause: Limit one of each PokÃ©mon
|rule|OHKO Clause: OHKO moves are banned
|rule|Moody Clause: Moody is banned
|rule|Evasion Moves Clause: Evasion moves are banned
|rule|Endless Battle Clause: Forcing endless battles is banned
|rule|HP Percentage Mod: HP is shown in percentages
|teampreview
|
|start
|switch|p1a: Enten|Landorus, M|319\/319
|switch|p2a: Terrakion|Terrakion|323\/323
|turn|1
|
|move|p2a: Terrakion|Stone Edge|p1a: Enten
|-damage|p1a: Enten|118\/319
|move|p1a: Enten|Earth Power|p2a: Terrakion
|-supereffective|p2a: Terrakion
|-enditem|p2a: Terrakion|Focus Sash
|-damage|p2a: Terrakion|1\/323
|
|turn|2
|
|move|p2a: Terrakion|Stealth Rock|p1a: Enten
|-sidestart|p1: Colossus Anbu|move: Stealth Rock
|move|p1a: Enten|Earth Power|p2a: Terrakion
|-supereffective|p2a: Terrakion
|-damage|p2a: Terrakion|0 fnt
|faint|p2a: Terrakion
|
|
|switch|p2a: Rotom-Wash|Rotom-Wash|304\/304
|turn|3
|
|move|p1a: Enten|Focus Blast|p2a: Rotom-Wash
|-damage|p2a: Rotom-Wash|103\/304
|move|p2a: Rotom-Wash|Hydro Pump|p1a: Enten
|-supereffective|p1a: Enten
|-damage|p1a: Enten|0 fnt
|faint|p1a: Enten
|
|-heal|p2a: Rotom-Wash|122\/304|[from] item: Leftovers
|
|switch|p1a: Phantom|Gengar, M|262\/262
|-damage|p1a: Phantom|230\/262|[from] Stealth Rock
|turn|4
|
|switch|p2a: Roserade|Roserade, M|324\/324
|move|p1a: Phantom|Shadow Ball|p2a: Roserade
|-crit|p2a: Roserade
|-damage|p2a: Roserade|164\/324
|
|-heal|p1a: Phantom|246\/262|[from] item: Black Sludge
|turn|5
|
|move|p1a: Phantom|Taunt|p2a: Roserade
|-start|p2a: Roserade|move: Taunt
|-enditem|p2a: Roserade|Mental Herb
|-end|p2a: Roserade|move: Taunt
|move|p2a: Roserade|Extrasensory|p1a: Phantom
|-supereffective|p1a: Phantom
|-damage|p1a: Phantom|68\/262
|
|-heal|p1a: Phantom|84\/262|[from] item: Black Sludge
|turn|6
|
|switch|p1a: Zelda|Meloetta|404\/404
|-damage|p1a: Zelda|354\/404|[from] Stealth Rock
|move|p2a: Roserade|Toxic Spikes|p1a: Zelda
|-sidestart|p1: Colossus Anbu|move: Toxic Spikes
|
|-heal|p1a: Zelda|379\/404|[from] item: Leftovers
|turn|7
|
|switch|p2a: Magnezone|Magnezone|344\/344
|move|p1a: Zelda|Psyshock|p2a: Magnezone
|-resisted|p2a: Magnezone
|-damage|p2a: Magnezone|295\/344
|
|-heal|p1a: Zelda|404\/404|[from] item: Leftovers
|turn|8
|
|move|p1a: Zelda|Calm Mind|p1a: Zelda
|-boost|p1a: Zelda|spa|1
|-boost|p1a: Zelda|spd|1
|move|p2a: Magnezone|Thunderbolt|p1a: Zelda
|-damage|p1a: Zelda|301\/404
|
|-heal|p1a: Zelda|326\/404|[from] item: Leftovers
|turn|9
|
|move|p1a: Zelda|Focus Blast|p2a: Magnezone|[miss]
|-miss|p1a: Zelda|p2a: Magnezone
|move|p2a: Magnezone|Volt Switch|p1a: Zelda
|-damage|p1a: Zelda|251\/404
|c|âColossus Anbu|...
|
|switch|p2a: Gardevoir|Gardevoir, M|277\/277
|-ability|p2a: Gardevoir|Serene Grace|[from] ability: Trace|[of] p1a: Zelda
|
|-heal|p1a: Zelda|276\/404|[from] item: Leftovers
|turn|10
|
|detailschange|p2a: Gardevoir|Gardevoir-Mega, M
|message|Gardevoir has Mega Evolved into Mega Gardevoir!
|move|p2a: Gardevoir|Hyper Voice|p1a: Zelda
|-damage|p1a: Zelda|141\/404
|move|p1a: Zelda|Calm Mind|p1a: Zelda
|-boost|p1a: Zelda|spa|1
|-boost|p1a: Zelda|spd|1
|
|-heal|p1a: Zelda|166\/404|[from] item: Leftovers
|turn|11
|
|move|p2a: Gardevoir|Taunt|p1a: Zelda
|-start|p1a: Zelda|move: Taunt
|cant|p1a: Zelda|move: Taunt|Calm Mind
|
|-heal|p1a: Zelda|191\/404|[from] item: Leftovers
|turn|12
|
|move|p2a: Gardevoir|Hyper Voice|p1a: Zelda
|-damage|p1a: Zelda|85\/404
|move|p1a: Zelda|Psyshock|p2a: Gardevoir
|-resisted|p2a: Gardevoir
|-damage|p2a: Gardevoir|120\/277
|
|-heal|p1a: Zelda|110\/404|[from] item: Leftovers
|turn|13
|
|move|p2a: Gardevoir|Hyper Voice|p1a: Zelda
|-damage|p1a: Zelda|16\/404
|move|p1a: Zelda|Psyshock|p2a: Gardevoir
|-resisted|p2a: Gardevoir
|-damage|p2a: Gardevoir|0 fnt
|faint|p2a: Gardevoir
|
|-heal|p1a: Zelda|41\/404|[from] item: Leftovers
|-end|p1a: Zelda|move: Taunt
|
|switch|p2a: Magnezone|Magnezone|295\/344
|turn|14
|
|move|p1a: Zelda|Focus Blast|p2a: Magnezone|[miss]
|-miss|p1a: Zelda|p2a: Magnezone
|move|p2a: Magnezone|Thunderbolt|p1a: Zelda
|-damage|p1a: Zelda|0 fnt
|faint|p1a: Zelda
|
|
|switch|p1a: Predator|Gyarados, M|331\/331
|-damage|p1a: Predator|249\/331|[from] Stealth Rock
|-ability|p1a: Predator|Intimidate|[of] p2a: Magnezone
|-unboost|p2a: Magnezone|atk|1
|turn|15
|
|detailschange|p1a: Predator|Gyarados-Mega, M
|message|Gyarados has Mega Evolved into Mega Gyarados!
|-ability|p1a: Predator|Mold Breaker
|move|p1a: Predator|Earthquake|p2a: Magnezone
|-supereffective|p2a: Magnezone
|-damage|p2a: Magnezone|0 fnt
|faint|p2a: Magnezone
|
|c|âColossus Anbu|...
|c|âColossus Anbu|i had to miss :\/
|
|switch|p2a: Roserade|Roserade, M|164\/324
|turn|16
|
|move|p1a: Predator|Earthquake|p2a: Roserade
|-damage|p2a: Roserade|0 fnt
|faint|p2a: Roserade
|
|
|switch|p2a: Landorus-Therian|Landorus-Therian, M|333\/333
|-ability|p2a: Landorus-Therian|Intimidate|[of] p1a: Predator
|-unboost|p1a: Predator|atk|1
|turn|17
|
|move|p1a: Predator|Waterfall|p2a: Landorus-Therian
|-supereffective|p2a: Landorus-Therian
|-damage|p2a: Landorus-Therian|129\/333
|move|p2a: Landorus-Therian|Earthquake|p1a: Predator
|-damage|p1a: Predator|44\/331
|
|-heal|p2a: Landorus-Therian|149\/333|[from] item: Leftovers
|turn|18
|
|move|p1a: Predator|Waterfall|p2a: Landorus-Therian
|-crit|p2a: Landorus-Therian
|-supereffective|p2a: Landorus-Therian
|-damage|p2a: Landorus-Therian|0 fnt
|faint|p2a: Landorus-Therian
|
|
|switch|p2a: Rotom-Wash|Rotom-Wash|122\/304
|turn|19
|
|move|p1a: Predator|Earthquake|p2a: Rotom-Wash
|-supereffective|p2a: Rotom-Wash
|-damage|p2a: Rotom-Wash|0 fnt
|faint|p2a: Rotom-Wash
|
|win|Colossus Anbu
|raw|Ladder updating...
|raw|Colossus Anbu's rating: 1723 &rarr; <strong>1738<\/strong><br \/>(+15 for winning)
|raw|fzappa's rating: 1634 &rarr; <strong>1619<\/strong><br \/>(-15 for losing)
|c|âColossus Anbu|gg