|join|Xszx
|join|fzappa
|player|p1|Xszx|1
|player|p2|fzappa|266
|gametype|singles
|gen|6
|tier|OU
|rated
|clearpoke
|poke|p1|Pinsir, M
|poke|p1|Landorus-Therian, M
|poke|p1|Heatran, F
|poke|p1|Sylveon, M
|poke|p1|Azumarill, F
|poke|p1|Zapdos
|poke|p2|Charizard, F
|poke|p2|Manaphy
|poke|p2|Weavile, F
|poke|p2|Gliscor, M
|poke|p2|Latios, M
|poke|p2|Excadrill, M
|rule|Swagger Clause: Swagger is banned
|rule|Baton Pass Clause: Limit one PokÃ©mon knowing Baton Pass
|rule|Sleep Clause Mod: Limit one foe put to sleep
|rule|Species Clause: Limit one of each PokÃ©mon
|rule|OHKO Clause: OHKO moves are banned
|rule|Moody Clause: Moody is banned
|rule|Evasion Moves Clause: Evasion moves are banned
|rule|Endless Battle Clause: Forcing endless battles is banned
|rule|HP Percentage Mod: HP is shown in percentages
|teampreview
|
|start
|switch|p1a: Landorus-Therian|Landorus-Therian, M|382\/382
|switch|p2a: Excadrill|Excadrill, M|361\/361
|-ability|p2a: Excadrill|Mold Breaker
|-ability|p1a: Landorus-Therian|Intimidate|[of] p2a: Excadrill
|-unboost|p2a: Excadrill|atk|1
|turn|1
|
|move|p2a: Excadrill|Stealth Rock|p1a: Landorus-Therian
|-sidestart|p1: Xszx|move: Stealth Rock
|move|p1a: Landorus-Therian|Knock Off|p2a: Excadrill
|-damage|p2a: Excadrill|157\/361
|-enditem|p2a: Excadrill|Focus Sash|[from] move: Knock Off|[of] p1a: Landorus-Therian
|
|turn|2
|
|move|p2a: Excadrill|Rock Tomb|p1a: Landorus-Therian
|-damage|p1a: Landorus-Therian|319\/382
|-unboost|p1a: Landorus-Therian|spe|1
|move|p1a: Landorus-Therian|U-turn|p2a: Excadrill
|-resisted|p2a: Excadrill
|-damage|p2a: Excadrill|88\/361
|
|switch|p1a: Zapdos|Zapdos|383\/383
|-damage|p1a: Zapdos|288\/383|[from] Stealth Rock
|-ability|p1a: Zapdos|Pressure
|
|-heal|p1a: Zapdos|311\/383|[from] item: Leftovers
|turn|3
|
|move|p2a: Excadrill|Rock Tomb|p1a: Zapdos
|-supereffective|p1a: Zapdos
|-damage|p1a: Zapdos|223\/383
|-unboost|p1a: Zapdos|spe|1
|move|p1a: Zapdos|Defog|p2a: Excadrill
|-unboost|p2a: Excadrill|evasion|1
|-sideend|p1: Xszx|Stealth Rock|[from] move: Defog|[of] p1a: Zapdos
|
|-heal|p1a: Zapdos|246\/383|[from] item: Leftovers
|turn|4
|
|move|p2a: Excadrill|Stealth Rock|p1a: Zapdos
|-sidestart|p1: Xszx|move: Stealth Rock
|move|p1a: Zapdos|Roost|p1a: Zapdos
|-heal|p1a: Zapdos|383\/383
|
|turn|5
|
|switch|p2a: Weavile|Weavile, F|282\/282
|-ability|p2a: Weavile|Pressure
|move|p1a: Zapdos|Defog|p2a: Weavile
|-unboost|p2a: Weavile|evasion|1
|-sideend|p1: Xszx|Stealth Rock|[from] move: Defog|[of] p1a: Zapdos
|
|turn|6
|
|move|p2a: Weavile|Knock Off|p1a: Zapdos
|-damage|p1a: Zapdos|214\/383
|-enditem|p1a: Zapdos|Leftovers|[from] move: Knock Off|[of] p2a: Weavile
|-damage|p2a: Weavile|254\/282|[from] item: Life Orb
|move|p1a: Zapdos|Heat Wave|p2a: Weavile
|-supereffective|p2a: Weavile
|-damage|p2a: Weavile|44\/282
|
|turn|7
|
|switch|p1a: Azumarill|Azumarill, F|404\/404
|move|p2a: Weavile|Ice Shard|p1a: Azumarill
|-resisted|p1a: Azumarill
|-damage|p1a: Azumarill|352\/404
|-damage|p2a: Weavile|16\/282|[from] item: Life Orb
|
|turn|8
|
|switch|p2a: Manaphy|Manaphy|404\/404
|move|p1a: Azumarill|Belly Drum|p1a: Azumarill
|-damage|p1a: Azumarill|150\/404
|-setboost|p1a: Azumarill|atk|6|[from] move: Belly Drum
|-enditem|p1a: Azumarill|Sitrus Berry|[eat]
|-heal|p1a: Azumarill|251\/404|[from] item: Sitrus Berry
|
|turn|9
|
|move|p2a: Manaphy|Scald|p1a: Azumarill
|-resisted|p1a: Azumarill
|-damage|p1a: Azumarill|194\/404
|move|p1a: Azumarill|Play Rough|p2a: Manaphy
|-damage|p2a: Manaphy|0 fnt
|faint|p2a: Manaphy
|
|
|switch|p2a: Latios|Latios, M|301\/301
|turn|10
|
|move|p1a: Azumarill|Aqua Jet|p2a: Latios
|-resisted|p2a: Latios
|-damage|p2a: Latios|71\/301
|move|p2a: Latios|Psyshock|p1a: Azumarill
|-damage|p1a: Azumarill|0 fnt
|-damage|p2a: Latios|41\/301|[from] item: Life Orb
|faint|p1a: Azumarill
|
|
|switch|p1a: Landorus-Therian|Landorus-Therian, M|319\/382
|-ability|p1a: Landorus-Therian|Intimidate|[of] p2a: Latios
|-unboost|p2a: Latios|atk|1
|turn|11
|
|move|p2a: Latios|Draco Meteor|p1a: Landorus-Therian
|-damage|p1a: Landorus-Therian|0 fnt
|-unboost|p2a: Latios|spa|2
|-damage|p2a: Latios|11\/301|[from] item: Life Orb
|faint|p1a: Landorus-Therian
|
|
|switch|p1a: Pinsir|Pinsir, M|272\/272
|-ability|p1a: Pinsir|Mold Breaker
|turn|12
|
|switch|p2a: Gliscor|Gliscor, M|354\/354
|detailschange|p1a: Pinsir|Pinsir-Mega, M
|message|Pinsir has Mega Evolved into Mega Pinsir!
|move|p1a: Pinsir|Swords Dance|p1a: Pinsir
|-boost|p1a: Pinsir|atk|2
|
|-status|p2a: Gliscor|tox|[from] item: Toxic Orb
|turn|13
|
|move|p1a: Pinsir|Frustration|p2a: Gliscor
|-crit|p2a: Gliscor
|-damage|p2a: Gliscor|0 fnt
|faint|p2a: Gliscor
|
|
|switch|p2a: Weavile|Weavile, F|16\/282
|-ability|p2a: Weavile|Pressure
|turn|14
|
|move|p2a: Weavile|Ice Shard|p1a: Pinsir
|-supereffective|p1a: Pinsir
|-damage|p1a: Pinsir|121\/272
|-damage|p2a: Weavile|0 fnt|[from] item: Life Orb
|faint|p2a: Weavile
|move|p1a: Pinsir|Quick Attack|p2: Weavile|[notarget]
|-notarget
|
|-message|fzappa forfeited.
|
|win|Xszx
|raw|Ladder updating...
|leave|fzappa
|player|p2
|raw|Xszx's rating: 1584 &rarr; <strong>1605<\/strong><br \/>(+21 for winning)
|raw|fzappa's rating: 1603 &rarr; <strong>1582<\/strong><br \/>(-21 for losing)