|join|CleanerThanRotom-W
|join|fzappa
|player|p1|CleanerThanRotom-W|226
|player|p2|fzappa|169
|gametype|singles
|gen|6
|tier|OU
|rated
|clearpoke
|poke|p1|Sableye, M
|poke|p1|Chansey, F
|poke|p1|Cresselia, F
|poke|p1|Gothitelle, F
|poke|p1|Skarmory, M
|poke|p1|Quagsire, M
|poke|p2|Gardevoir, M
|poke|p2|Chesnaught, M
|poke|p2|Talonflame, F
|poke|p2|Bisharp, M
|poke|p2|Starmie
|poke|p2|Seismitoad, F
|rule|Swagger Clause: Swagger is banned
|rule|Baton Pass Clause: Limit one PokÃ©mon knowing Baton Pass
|rule|Sleep Clause Mod: Limit one foe put to sleep
|rule|Species Clause: Limit one of each PokÃ©mon
|rule|OHKO Clause: OHKO moves are banned
|rule|Moody Clause: Moody is banned
|rule|Evasion Moves Clause: Evasion moves are banned
|rule|Endless Battle Clause: Forcing endless battles is banned
|rule|HP Percentage Mod: HP is shown in percentages
|teampreview
|
|start
|switch|p1a: Chansey|Chansey, F|703\/703
|switch|p2a: Gardevoir|Gardevoir, M|277\/277
|-ability|p2a: Gardevoir|Natural Cure|[from] ability: Trace|[of] p1a: Chansey
|turn|1
|
|detailschange|p2a: Gardevoir|Gardevoir-Mega, M
|-mega|p2a: Gardevoir|Gardevoir|Gardevoirite
|move|p2a: Gardevoir|Hyper Voice|p1a: Chansey
|-damage|p1a: Chansey|538\/703
|move|p1a: Chansey|Seismic Toss|p2a: Gardevoir
|-damage|p2a: Gardevoir|177\/277
|
|turn|2
|
|switch|p2a: Seismitoad|Seismitoad, F|414\/414
|move|p1a: Chansey|Seismic Toss|p2a: Seismitoad
|-damage|p2a: Seismitoad|314\/414
|
|-heal|p2a: Seismitoad|339\/414|[from] item: Leftovers
|turn|3
|join|jolird
|
|switch|p1a: Gothitelle|Gothitelle, F|301\/301
|move|p2a: Seismitoad|Stealth Rock|p1a: Gothitelle
|-sidestart|p1: CleanerThanRotom-W|move: Stealth Rock
|
|-heal|p2a: Seismitoad|364\/414|[from] item: Leftovers
|turn|4
|
|move|p1a: Gothitelle|Trick|p2a: Seismitoad
|-activate|p1a: Gothitelle|move: Trick|[of] p2a: Seismitoad
|-item|p2a: Seismitoad|Choice Scarf|[from] move: Trick
|-item|p1a: Gothitelle|Leftovers|[from] move: Trick
|move|p2a: Seismitoad|Earthquake|p1a: Gothitelle
|-damage|p1a: Gothitelle|177\/301
|
|-heal|p1a: Gothitelle|195\/301|[from] item: Leftovers
|turn|5
|
|switch|p1a: Skarmory|Skarmory, M|334\/334
|-damage|p1a: Skarmory|293\/334|[from] Stealth Rock
|move|p2a: Seismitoad|Earthquake|p1a: Skarmory
|-immune|p1a: Skarmory|[msg]
|
|turn|6
|
|switch|p2a: Talonflame|Talonflame, F|359\/359
|move|p1a: Skarmory|Defog|p2a: Talonflame
|-unboost|p2a: Talonflame|evasion|1
|-sideend|p1: CleanerThanRotom-W|Stealth Rock|[from] move: Defog|[of] p1a: Skarmory
|
|turn|7
|
|switch|p1a: Cresselia|Cresselia, F|444\/444
|move|p2a: Talonflame|Will-O-Wisp|p1a: Cresselia|[miss]
|-miss|p2a: Talonflame|p1a: Cresselia
|
|turn|8
|
|move|p2a: Talonflame|Taunt|p1a: Cresselia
|-start|p1a: Cresselia|move: Taunt
|cant|p1a: Cresselia|move: Taunt|Toxic
|
|turn|9
|
|switch|p1a: Gothitelle|Gothitelle, F|195\/301
|move|p2a: Talonflame|Will-O-Wisp|p1a: Gothitelle
|-status|p1a: Gothitelle|brn
|
|-heal|p1a: Gothitelle|213\/301 brn|[from] item: Leftovers
|-damage|p1a: Gothitelle|176\/301 brn|[from] brn
|turn|10
|
|switch|p1a: Sableye|Sableye, M|303\/303
|move|p2a: Talonflame|Brave Bird|p1a: Sableye
|-damage|p1a: Sableye|90\/303
|-damage|p2a: Talonflame|289\/359|[from] recoil|[of] p1a: Sableye
|
|-heal|p2a: Talonflame|311\/359|[from] item: Leftovers
|turn|11
|
|detailschange|p1a: Sableye|Sableye-Mega, M
|-mega|p1a: Sableye|Sableye|Sablenite
|move|p2a: Talonflame|Brave Bird|p1a: Sableye
|-damage|p1a: Sableye|0 fnt
|-damage|p2a: Talonflame|281\/359|[from] recoil|[of] p1a: Sableye
|faint|p1a: Sableye
|
|-heal|p2a: Talonflame|303\/359|[from] item: Leftovers
|
|switch|p1a: Quagsire|Quagsire, M|393\/393
|turn|12
|
|switch|p2a: Seismitoad|Seismitoad, F|364\/414
|move|p1a: Quagsire|Scald|p2a: Seismitoad
|-heal|p2a: Seismitoad|414\/414|[from] ability: Water Absorb|[of] p1a: Quagsire
|
|turn|13
|
|switch|p2a: Bisharp|Bisharp, M|318\/318
|switch|p1a: Chansey|Chansey, F|538\/703
|
|turn|14
|join|RayDalio
|
|switch|p1a: Quagsire|Quagsire, M|393\/393
|move|p2a: Bisharp|Knock Off|p1a: Quagsire
|-damage|p1a: Quagsire|240\/393
|-enditem|p1a: Quagsire|Leftovers|[from] move: Knock Off|[of] p2a: Bisharp
|
|turn|15
|
|switch|p2a: Chesnaught|Chesnaught, M|380\/380
|move|p1a: Quagsire|Recover|p1a: Quagsire
|-heal|p1a: Quagsire|393\/393
|
|turn|16
|
|move|p2a: Chesnaught|Spikes|p1a: Quagsire
|-sidestart|p1: CleanerThanRotom-W|Spikes
|move|p1a: Quagsire|Toxic|p2a: Chesnaught
|-status|p2a: Chesnaught|tox
|
|-damage|p2a: Chesnaught|357\/380 tox|[from] psn
|turn|17
|
|switch|p1a: Skarmory|Skarmory, M|293\/334
|move|p2a: Chesnaught|Leech Seed|p1a: Skarmory
|-start|p1a: Skarmory|move: Leech Seed
|
|-heal|p2a: Chesnaught|380\/380 tox|[from] item: Leftovers
|-damage|p1a: Skarmory|252\/334|[from] Leech Seed|[of] p2a: Chesnaught
|-damage|p2a: Chesnaught|334\/380 tox|[from] psn
|turn|18
|
|switch|p2a: Gardevoir|Gardevoir-Mega, M|177\/277
|move|p1a: Skarmory|Defog|p2a: Gardevoir
|-unboost|p2a: Gardevoir|evasion|1
|-sideend|p1: CleanerThanRotom-W|Spikes|[from] move: Defog|[of] p1a: Skarmory
|
|-damage|p1a: Skarmory|211\/334|[from] Leech Seed|[of] p2a: Gardevoir
|-heal|p2a: Gardevoir|218\/277|[silent]
|turn|19
|
|switch|p1a: Chansey|Chansey, F|538\/703
|move|p2a: Gardevoir|Hyper Voice|p1a: Chansey
|-damage|p1a: Chansey|357\/703
|
|turn|20
|
|move|p2a: Gardevoir|Taunt|p1a: Chansey
|-start|p1a: Chansey|move: Taunt
|cant|p1a: Chansey|move: Taunt|Soft-Boiled
|
|turn|21
|
|move|p2a: Gardevoir|Psyshock|p1a: Chansey
|-damage|p1a: Chansey|114\/703
|move|p1a: Chansey|Seismic Toss|p2a: Gardevoir
|-damage|p2a: Gardevoir|118\/277
|
|turn|22
|c| jolird|taunt gard = best gard
|
|move|p2a: Gardevoir|Hyper Voice|p1a: Chansey
|-damage|p1a: Chansey|0 fnt
|faint|p1a: Chansey
|
|
|switch|p1a: Cresselia|Cresselia, F|444\/444
|turn|23
|
|switch|p2a: Bisharp|Bisharp, M|318\/318
|move|p1a: Cresselia|Psyshock|p2a: Bisharp
|-immune|p2a: Bisharp|[msg]
|
|turn|24
|
|move|p1a: Cresselia|Toxic|p2a: Bisharp
|-fail|p2a: Bisharp
|move|p2a: Bisharp|Pursuit|p1a: Cresselia
|-supereffective|p1a: Cresselia
|-damage|p1a: Cresselia|328\/444
|
|-heal|p1a: Cresselia|355\/444|[from] item: Leftovers
|turn|25
|
|move|p2a: Bisharp|Pursuit|p1a: Cresselia|[from]Pursuit
|-supereffective|p1a: Cresselia
|-damage|p1a: Cresselia|121\/444
|switch|p1a: Quagsire|Quagsire, M|393\/393
|
|turn|26
|c| jolird|since sharp has pursuit, its gg.
|
|switch|p1a: Gothitelle|Gothitelle, F|176\/301 brn
|move|p2a: Bisharp|Knock Off|p1a: Gothitelle
|-crit|p1a: Gothitelle
|-supereffective|p1a: Gothitelle
|-damage|p1a: Gothitelle|0 fnt
|-enditem|p1a: Gothitelle|Leftovers|[from] move: Knock Off|[of] p2a: Bisharp
|faint|p1a: Gothitelle
|
|-message|CleanerThanRotom-W forfeited.
|leave|CleanerThanRotom-W
|c|âfzappa|no doubles
|
|win|fzappa
|raw|Ladder updating...
|player|p1
|c|âfzappa|to obv
|raw|CleanerThanRotom-W's rating: 1867 &rarr; <strong>1840<\/strong><br \/>(-27 for losing)
|raw|fzappa's rating: 1735 &rarr; <strong>1763<\/strong><br \/>(+28 for winning)
|c|âfzappa|too
|c| jolird|lol