|join|Bic Wahn
|join|fzappa
|player|p1|Bic Wahn|145
|player|p2|fzappa|2
|gametype|singles
|gen|6
|tier|OU
|rated
|clearpoke
|poke|p1|Gallade, M
|poke|p1|Bisharp, F
|poke|p1|Garchomp, F
|poke|p1|Landorus-Therian, M
|poke|p1|Gengar, M
|poke|p1|Rotom-Wash
|poke|p2|Manaphy
|poke|p2|Scizor, M
|poke|p2|Thundurus, M
|poke|p2|Landorus-Therian, M
|poke|p2|Magnezone
|poke|p2|Diggersby, F
|rule|Swagger Clause: Swagger is banned
|rule|Baton Pass Clause: Limit one PokÃ©mon knowing Baton Pass
|rule|Sleep Clause Mod: Limit one foe put to sleep
|rule|Species Clause: Limit one of each PokÃ©mon
|rule|OHKO Clause: OHKO moves are banned
|rule|Moody Clause: Moody is banned
|rule|Evasion Moves Clause: Evasion moves are banned
|rule|Endless Battle Clause: Forcing endless battles is banned
|rule|HP Percentage Mod: HP is shown in percentages
|teampreview
|join|Tom Bus
|
|start
|switch|p1a: Garchomp|Garchomp, F|419\/419
|switch|p2a: Thundurus|Thundurus, M|299\/299
|turn|1
|
|switch|p1a: Rotom-Wash|Rotom-Wash|303\/303
|move|p2a: Thundurus|Taunt|p1a: Rotom-Wash
|-start|p1a: Rotom-Wash|move: Taunt
|
|turn|2
|
|move|p2a: Thundurus|Volt Switch|p1a: Rotom-Wash
|-crit|p1a: Rotom-Wash
|-damage|p1a: Rotom-Wash|119\/303
|c| Tom Bus|This is ringing a bell
|
|switch|p2a: Diggersby|Diggersby, F|311\/311
|move|p1a: Rotom-Wash|Volt Switch|p2a: Diggersby
|-immune|p2a: Diggersby|[msg]
|
|-heal|p1a: Rotom-Wash|137\/303|[from] item: Leftovers
|turn|3
|
|switch|p1a: Garchomp|Garchomp, F|419\/419
|move|p2a: Diggersby|U-turn|p1a: Garchomp
|-damage|p1a: Garchomp|325\/419
|-damage|p2a: Diggersby|273\/311|[from] ability: Rough Skin|[of] p1a: Garchomp
|-damage|p2a: Diggersby|222\/311|[from] item: Rocky Helmet|[of] p1a: Garchomp
|
|switch|p2a: Thundurus|Thundurus, M|299\/299
|
|turn|4
|c| Tom Bus|I feel like this is the guy I battled in my third Greninja reqs session
|
|move|p2a: Thundurus|Hidden Power|p1a: Garchomp
|-supereffective|p1a: Garchomp
|-damage|p1a: Garchomp|0 fnt
|faint|p1a: Garchomp
|
|
|switch|p1a: Landorus-Therian|Landorus-Therian, M|325\/325
|-ability|p1a: Landorus-Therian|Intimidate|[of] p2a: Thundurus
|-unboost|p2a: Thundurus|atk|1
|turn|5
|
|switch|p2a: Landorus-Therian|Landorus-Therian, M|381\/381
|-ability|p2a: Landorus-Therian|Intimidate|[of] p1a: Landorus-Therian
|-unboost|p1a: Landorus-Therian|atk|1
|move|p1a: Landorus-Therian|U-turn|p2a: Landorus-Therian
|-resisted|p2a: Landorus-Therian
|-damage|p2a: Landorus-Therian|357\/381
|-damage|p1a: Landorus-Therian|271\/325|[from] item: Rocky Helmet|[of] p2a: Landorus-Therian
|
|switch|p1a: Gengar|Gengar, M|261\/261
|
|turn|6
|c| Tom Bus|I was wrong :]
|c|âBic Wahn|:]
|c| Tom Bus|Just similarly frustrating
|
|switch|p2a: Manaphy|Manaphy|341\/341
|move|p1a: Gengar|Will-O-Wisp|p2a: Manaphy
|-status|p2a: Manaphy|brn
|
|-damage|p2a: Manaphy|299\/341 brn|[from] brn
|turn|7
|c| Tom Bus|with that same thundurus set
|
|move|p1a: Gengar|Taunt|p2a: Manaphy
|-start|p2a: Manaphy|move: Taunt
|move|p2a: Manaphy|Scald|p1a: Gengar
|-damage|p1a: Gengar|119\/261
|-status|p1a: Gengar|brn
|
|-heal|p2a: Manaphy|320\/341 brn|[from] item: Leftovers
|-damage|p1a: Gengar|87\/261 brn|[from] brn
|-damage|p2a: Manaphy|278\/341 brn|[from] brn
|turn|8
|
|move|p1a: Gengar|Sludge Wave|p2a: Manaphy
|-damage|p2a: Manaphy|54\/341 brn
|-damage|p1a: Gengar|61\/261 brn|[from] item: Life Orb
|move|p2a: Manaphy|U-turn|p1a: Gengar
|-resisted|p1a: Gengar
|-damage|p1a: Gengar|51\/261 brn
|
|switch|p2a: Diggersby|Diggersby, F|222\/311
|
|-damage|p1a: Gengar|19\/261 brn|[from] brn
|turn|9
|
|switch|p1a: Landorus-Therian|Landorus-Therian, M|271\/325
|-ability|p1a: Landorus-Therian|Intimidate|[of] p2a: Diggersby
|-unboost|p2a: Diggersby|atk|1
|move|p2a: Diggersby|U-turn|p1a: Landorus-Therian
|-resisted|p1a: Landorus-Therian
|-damage|p1a: Landorus-Therian|235\/325
|
|switch|p2a: Landorus-Therian|Landorus-Therian, M|357\/381
|-ability|p2a: Landorus-Therian|Intimidate|[of] p1a: Landorus-Therian
|-unboost|p1a: Landorus-Therian|atk|1
|
|turn|10
|
|move|p1a: Landorus-Therian|Knock Off|p2a: Landorus-Therian
|-damage|p2a: Landorus-Therian|298\/381
|-damage|p1a: Landorus-Therian|181\/325|[from] item: Rocky Helmet|[of] p2a: Landorus-Therian
|-enditem|p2a: Landorus-Therian|Rocky Helmet|[from] move: Knock Off|[of] p1a: Landorus-Therian
|move|p2a: Landorus-Therian|U-turn|p1a: Landorus-Therian
|-resisted|p1a: Landorus-Therian
|-damage|p1a: Landorus-Therian|141\/325
|
|switch|p2a: Scizor|Scizor, M|343\/343
|
|turn|11
|
|switch|p1a: Gengar|Gengar, M|19\/261 brn
|detailschange|p2a: Scizor|Scizor-Mega, M
|-mega|p2a: Scizor|Scizor|Scizorite
|move|p2a: Scizor|U-turn|p1a: Gengar
|-resisted|p1a: Gengar
|-damage|p1a: Gengar|0 fnt
|faint|p1a: Gengar
|c| Tom Bus|Thank god that wasn't SD scizor
|
|switch|p2a: Diggersby|Diggersby, F|222\/311
|
|
|switch|p1a: Landorus-Therian|Landorus-Therian, M|141\/325
|-ability|p1a: Landorus-Therian|Intimidate|[of] p2a: Diggersby
|-unboost|p2a: Diggersby|atk|1
|turn|12
|
|switch|p2a: Manaphy|Manaphy|54\/341 brn
|move|p1a: Landorus-Therian|U-turn|p2a: Manaphy
|-damage|p2a: Manaphy|0 fnt
|faint|p2a: Manaphy
|
|switch|p1a: Rotom-Wash|Rotom-Wash|137\/303
|
|-heal|p1a: Rotom-Wash|155\/303|[from] item: Leftovers
|
|switch|p2a: Magnezone|Magnezone|316\/316
|turn|13
|
|move|p1a: Rotom-Wash|Pain Split|p2a: Magnezone
|-sethp|p2a: Magnezone|235\/316|p1a: Rotom-Wash|235\/303|[from] move: Pain Split
|move|p2a: Magnezone|Volt Switch|p1a: Rotom-Wash
|-crit|p1a: Rotom-Wash
|-damage|p1a: Rotom-Wash|33\/303
|
|switch|p2a: Diggersby|Diggersby, F|222\/311
|
|-heal|p1a: Rotom-Wash|51\/303|[from] item: Leftovers
|turn|14
|
|switch|p1a: Landorus-Therian|Landorus-Therian, M|141\/325
|-ability|p1a: Landorus-Therian|Intimidate|[of] p2a: Diggersby
|-unboost|p2a: Diggersby|atk|1
|move|p2a: Diggersby|U-turn|p1a: Landorus-Therian
|-resisted|p1a: Landorus-Therian
|-damage|p1a: Landorus-Therian|102\/325
|
|switch|p2a: Landorus-Therian|Landorus-Therian, M|298\/381
|-ability|p2a: Landorus-Therian|Intimidate|[of] p1a: Landorus-Therian
|-unboost|p1a: Landorus-Therian|atk|1
|
|turn|15
|
|move|p1a: Landorus-Therian|U-turn|p2a: Landorus-Therian
|-resisted|p2a: Landorus-Therian
|-damage|p2a: Landorus-Therian|276\/381
|
|switch|p1a: Rotom-Wash|Rotom-Wash|51\/303
|move|p2a: Landorus-Therian|U-turn|p1a: Rotom-Wash
|-damage|p1a: Rotom-Wash|0 fnt
|faint|p1a: Rotom-Wash
|
|switch|p2a: Scizor|Scizor-Mega, M|343\/343
|
|
|switch|p1a: Gallade|Gallade, M|277\/277
|turn|16
|
|detailschange|p1a: Gallade|Gallade-Mega, M
|-mega|p1a: Gallade|Gallade|Galladite
|move|p1a: Gallade|Close Combat|p2a: Scizor
|-crit|p2a: Scizor
|-damage|p2a: Scizor|81\/343
|-unboost|p1a: Gallade|def|1
|-unboost|p1a: Gallade|spd|1
|move|p2a: Scizor|Swords Dance|p2a: Scizor
|-boost|p2a: Scizor|atk|2
|
|turn|17
|leave|Tom Bus
|
|switch|p1a: Landorus-Therian|Landorus-Therian, M|102\/325
|-ability|p1a: Landorus-Therian|Intimidate|[of] p2a: Scizor
|-unboost|p2a: Scizor|atk|1
|move|p2a: Scizor|Bullet Punch|p1a: Landorus-Therian
|-damage|p1a: Landorus-Therian|0 fnt
|faint|p1a: Landorus-Therian
|
|
|switch|p1a: Gallade|Gallade-Mega, M|277\/277
|turn|18
|
|move|p2a: Scizor|Bullet Punch|p1a: Gallade
|-damage|p1a: Gallade|108\/277
|move|p1a: Gallade|Knock Off|p2a: Scizor
|-damage|p2a: Scizor|6\/343
|
|turn|19
|
|move|p2a: Scizor|Bullet Punch|p1a: Gallade
|-damage|p1a: Gallade|0 fnt
|faint|p1a: Gallade
|
|
|switch|p1a: Bisharp|Bisharp, F|271\/271
|turn|20
|
|move|p1a: Bisharp|Swords Dance|p1a: Bisharp
|-boost|p1a: Bisharp|atk|2
|move|p2a: Scizor|U-turn|p1a: Bisharp
|-damage|p1a: Bisharp|79\/271
|
|switch|p2a: Thundurus|Thundurus, M|299\/299
|
|turn|21
|
|move|p2a: Thundurus|Thunder Wave|p1a: Bisharp
|-status|p1a: Bisharp|par
|-enditem|p1a: Bisharp|Lum Berry|[eat]
|-curestatus|p1a: Bisharp|par
|move|p1a: Bisharp|Knock Off|p2a: Thundurus
|-damage|p2a: Thundurus|0 fnt
|-enditem|p2a: Thundurus|Leftovers|[from] move: Knock Off|[of] p1a: Bisharp
|faint|p2a: Thundurus
|
|
|switch|p2a: Scizor|Scizor-Mega, M|6\/343
|turn|22
|
|move|p1a: Bisharp|Knock Off|p2a: Scizor
|-crit|p2a: Scizor
|-damage|p2a: Scizor|0 fnt
|faint|p2a: Scizor
|
|-message|fzappa forfeited.
|
|win|Bic Wahn
|raw|Ladder updating...
|leave|fzappa
|player|p2
|raw|Bic Wahn's rating: 1616 &rarr; <strong>1641<\/strong><br \/>(+25 for winning)
|raw|fzappa's rating: 1714 &rarr; <strong>1688<\/strong><br \/>(-26 for losing)