|join|fzappa
|join|Reverb
|player|p1|fzappa|2
|player|p2|Reverb|#reverb
|gametype|singles
|gen|6
|tier|OU
|rated
|clearpoke
|poke|p1|Manaphy
|poke|p1|Scizor, F
|poke|p1|Thundurus, M
|poke|p1|Landorus-Therian, M
|poke|p1|Hydreigon, F
|poke|p1|Diggersby, F
|poke|p2|Lopunny, F
|poke|p2|Celebi
|poke|p2|Tyranitar, M
|poke|p2|Keldeo
|poke|p2|Landorus-Therian, M
|poke|p2|Empoleon, F
|rule|Swagger Clause: Swagger is banned
|rule|Baton Pass Clause: Limit one PokÃ©mon knowing Baton Pass
|rule|Sleep Clause Mod: Limit one foe put to sleep
|rule|Species Clause: Limit one of each PokÃ©mon
|rule|OHKO Clause: OHKO moves are banned
|rule|Moody Clause: Moody is banned
|rule|Evasion Moves Clause: Evasion moves are banned
|rule|Endless Battle Clause: Forcing endless battles is banned
|rule|HP Percentage Mod: HP is shown in percentages
|teampreview
|join|ryzed
|join|I Iike Squirtles
|join|Bic Wahn
|join|xTraSmallDick
|join|Tom Bus
|
|start
|switch|p1a: Manaphy|Manaphy|365\/365
|switch|p2a: Keldeo|Keldeo|323\/323
|turn|1
|join|Andrew
|
|move|p2a: Keldeo|Secret Sword|p1a: Manaphy
|-damage|p1a: Manaphy|124\/365
|move|p1a: Manaphy|Scald|p2a: Keldeo
|-resisted|p2a: Keldeo
|-damage|p2a: Keldeo|259\/323
|-status|p2a: Keldeo|brn
|
|-heal|p1a: Manaphy|146\/365|[from] item: Leftovers
|-damage|p2a: Keldeo|219\/323 brn|[from] brn
|turn|2
|join|Emma bae
|
|switch|p2a: Empoleon|Empoleon, F|371\/371
|move|p1a: Manaphy|U-turn|p2a: Empoleon
|-resisted|p2a: Empoleon
|-damage|p2a: Empoleon|351\/371
|join|haunter
|join|Acrokid098
|join|Bloodz
|
|switch|p1a: Diggersby|Diggersby, F|311\/311
|
|-heal|p2a: Empoleon|371\/371|[from] item: Leftovers
|turn|3
|
|move|p1a: Diggersby|Return|p2a: Empoleon
|-resisted|p2a: Empoleon
|-damage|p2a: Empoleon|253\/371
|-damage|p1a: Diggersby|280\/311|[from] item: Life Orb
|move|p2a: Empoleon|Stealth Rock|p1a: Diggersby
|-sidestart|p1: fzappa|move: Stealth Rock
|
|-heal|p2a: Empoleon|276\/371|[from] item: Leftovers
|turn|4
|
|switch|p2a: Landorus-Therian|Landorus-Therian, M|327\/327
|-ability|p2a: Landorus-Therian|Intimidate|[of] p1a: Diggersby
|-unboost|p1a: Diggersby|atk|1
|move|p1a: Diggersby|Return|p2a: Landorus-Therian
|-damage|p2a: Landorus-Therian|101\/327
|-damage|p1a: Diggersby|249\/311|[from] item: Life Orb
|
|turn|5
|
|switch|p1a: Landorus-Therian|Landorus-Therian, M|381\/381
|-damage|p1a: Landorus-Therian|334\/381|[from] Stealth Rock
|-ability|p1a: Landorus-Therian|Intimidate|[of] p2a: Landorus-Therian
|-unboost|p2a: Landorus-Therian|atk|1
|move|p2a: Landorus-Therian|Explosion|p1a: Landorus-Therian
|-damage|p1a: Landorus-Therian|172\/381
|faint|p2a: Landorus-Therian
|
|
|switch|p2a: Lopunny|Lopunny, F|271\/271
|turn|6
|
|detailschange|p2a: Lopunny|Lopunny-Mega, F
|-mega|p2a: Lopunny|Lopunny|Lopunnite
|move|p2a: Lopunny|Ice Punch|p1a: Landorus-Therian
|-supereffective|p1a: Landorus-Therian
|-damage|p1a: Landorus-Therian|0 fnt
|-damage|p2a: Lopunny|226\/271|[from] item: Rocky Helmet|[of] p1a: Landorus-Therian
|faint|p1a: Landorus-Therian
|
|
|switch|p1a: Thundurus|Thundurus, M|299\/299
|-damage|p1a: Thundurus|225\/299|[from] Stealth Rock
|turn|7
|join|Mistaken
|
|move|p1a: Thundurus|Thunder Wave|p2a: Lopunny
|-status|p2a: Lopunny|par
|move|p2a: Lopunny|Return|p1a: Thundurus
|-damage|p1a: Thundurus|0 fnt
|faint|p1a: Thundurus
|
|join|Jotav
|
|switch|p1a: Diggersby|Diggersby, F|249\/311
|-damage|p1a: Diggersby|230\/311|[from] Stealth Rock
|turn|8
|
|move|p1a: Diggersby|Earthquake|p2a: Lopunny
|-damage|p2a: Lopunny|0 fnt
|-damage|p1a: Diggersby|199\/311|[from] item: Life Orb
|faint|p2a: Lopunny
|
|
|switch|p2a: Keldeo|Keldeo|219\/323 brn
|turn|9
|
|switch|p1a: Manaphy|Manaphy|146\/365
|-damage|p1a: Manaphy|101\/365|[from] Stealth Rock
|move|p2a: Keldeo|Secret Sword|p1a: Manaphy
|-damage|p1a: Manaphy|0 fnt
|faint|p1a: Manaphy
|
|-damage|p2a: Keldeo|179\/323 brn|[from] brn
|
|switch|p1a: Scizor|Scizor, F|343\/343
|-damage|p1a: Scizor|301\/343|[from] Stealth Rock
|turn|10
|
|switch|p2a: Empoleon|Empoleon, F|276\/371
|detailschange|p1a: Scizor|Scizor-Mega, F
|-mega|p1a: Scizor|Scizor|Scizorite
|move|p1a: Scizor|U-turn|p2a: Empoleon
|-resisted|p2a: Empoleon
|-damage|p2a: Empoleon|222\/371
|
|switch|p1a: Diggersby|Diggersby, F|199\/311
|-damage|p1a: Diggersby|180\/311|[from] Stealth Rock
|
|-heal|p2a: Empoleon|245\/371|[from] item: Leftovers
|turn|11
|
|switch|p2a: Celebi|Celebi|404\/404
|move|p1a: Diggersby|Earthquake|p2a: Celebi
|-resisted|p2a: Celebi
|-damage|p2a: Celebi|244\/404
|-damage|p1a: Diggersby|149\/311|[from] item: Life Orb
|
|-heal|p2a: Celebi|269\/404|[from] item: Leftovers
|turn|12
|join|Silver ~ Raina
|c| Silver ~ Raina|Haunter
|c| Silver ~ Raina|look pms
|c| Silver ~ Raina|i need to change a password
|c| Silver ~ Raina|for my accountg
|
|switch|p2a: Empoleon|Empoleon, F|245\/371
|move|p1a: Diggersby|Earthquake|p2a: Empoleon
|-supereffective|p2a: Empoleon
|-damage|p2a: Empoleon|0 fnt
|-damage|p1a: Diggersby|118\/311|[from] item: Life Orb
|faint|p2a: Empoleon
|
|
|switch|p2a: Celebi|Celebi|269\/404
|turn|13
|
|move|p1a: Diggersby|U-turn|p2a: Celebi
|-supereffective|p2a: Celebi
|-damage|p2a: Celebi|0 fnt
|-damage|p1a: Diggersby|87\/311|[from] item: Life Orb
|faint|p2a: Celebi
|-message|Reverb forfeited.
|
|win|fzappa
|raw|Ladder updating...
|raw|fzappa's rating: 1735 &rarr; <strong>1757<\/strong><br \/>(+22 for winning)
|raw|Reverb's rating: 1762 &rarr; <strong>1740<\/strong><br \/>(-22 for losing)
|leave|Bic Wahn
|join|Nek kiff
|leave|Reverb
|player|p2
|leave|haunter
|leave|Tom Bus
|leave|Emma bae
|leave|Silver ~ Raina
|leave|Acrokid098
|leave|Jotav
|leave|Bloodz
|leave|xTraSmallDick
|leave|ryzed
|raw|<div class="broadcast-red"><b>The server is restarting soon.<\/b><br \/>Please finish your battles quickly. No new battles can be started until the server resets in a few minutes.<\/div>
|leave|Nek kiff
|join|Nek kiff
|leave|Nek kiff
|leave|I Iike Squirtles