|join|fzappa
|join|beancount
|player|p1|fzappa|1
|player|p2|beancount|2
|gametype|singles
|gen|6
|tier|OU (suspect test)
|rated
|clearpoke
|poke|p1|Diancie
|poke|p1|Gothitelle, F
|poke|p1|Gliscor, M
|poke|p1|Klefki, F
|poke|p1|Goodra, F
|poke|p1|Ferrothorn, M
|poke|p2|Gallade, M
|poke|p2|Bisharp, F
|poke|p2|Latias, F
|poke|p2|Landorus-Therian, M
|poke|p2|Rotom-Wash
|poke|p2|Clefable, M
|rule|Swagger Clause: Swagger is banned
|rule|Baton Pass Clause: Limit one PokÃ©mon knowing Baton Pass
|rule|Sleep Clause Mod: Limit one foe put to sleep
|rule|Species Clause: Limit one of each PokÃ©mon
|rule|OHKO Clause: OHKO moves are banned
|rule|Moody Clause: Moody is banned
|rule|Evasion Moves Clause: Evasion moves are banned
|rule|Endless Battle Clause: Forcing endless battles is banned
|rule|HP Percentage Mod: HP is shown in percentages
|teampreview
|
|start
|switch|p1a: Ferrothorn|Ferrothorn, M|352\/352
|switch|p2a: Bisharp|Bisharp, F|271\/271
|turn|1
|
|move|p2a: Bisharp|Swords Dance|p2a: Bisharp
|-boost|p2a: Bisharp|atk|2
|move|p1a: Ferrothorn|Bulldoze|p2a: Bisharp
|-crit|p2a: Bisharp
|-supereffective|p2a: Bisharp
|-damage|p2a: Bisharp|145\/271
|-unboost|p2a: Bisharp|spe|1
|-boost|p2a: Bisharp|atk|2|[from] ability: Defiant
|
|turn|2
|
|switch|p1a: Klefki|Klefki, F|318\/318
|move|p2a: Bisharp|Knock Off|p1a: Klefki
|-resisted|p1a: Klefki
|-damage|p1a: Klefki|60\/318
|-enditem|p1a: Klefki|Leftovers|[from] move: Knock Off|[of] p2a: Bisharp
|
|turn|3
|
|move|p1a: Klefki|Thunder Wave|p2a: Bisharp
|-status|p2a: Bisharp|par
|move|p2a: Bisharp|Knock Off|p1a: Klefki
|-resisted|p1a: Klefki
|-damage|p1a: Klefki|0 fnt
|faint|p1a: Klefki
|
|
|switch|p1a: Gliscor|Gliscor, M|352\/352
|turn|4
|
|switch|p2a: Rotom-Wash|Rotom-Wash|304\/304
|move|p1a: Gliscor|Swords Dance|p1a: Gliscor
|-boost|p1a: Gliscor|atk|2
|
|-status|p1a: Gliscor|tox|[from] item: Toxic Orb
|turn|5
|
|switch|p1a: Ferrothorn|Ferrothorn, M|352\/352
|move|p2a: Rotom-Wash|Hydro Pump|p1a: Ferrothorn
|-resisted|p1a: Ferrothorn
|-damage|p1a: Ferrothorn|312\/352
|
|-heal|p1a: Ferrothorn|334\/352|[from] item: Leftovers
|turn|6
|
|move|p2a: Rotom-Wash|Will-O-Wisp|p1a: Ferrothorn
|-status|p1a: Ferrothorn|brn
|move|p1a: Ferrothorn|Stealth Rock|p2a: Rotom-Wash
|-sidestart|p2: beancount|move: Stealth Rock
|
|-heal|p1a: Ferrothorn|352\/352 brn|[from] item: Leftovers
|-damage|p1a: Ferrothorn|308\/352 brn|[from] brn
|turn|7
|
|move|p2a: Rotom-Wash|Volt Switch|p1a: Ferrothorn
|-resisted|p1a: Ferrothorn
|-damage|p1a: Ferrothorn|282\/352 brn
|
|switch|p2a: Latias|Latias, F|319\/319
|-damage|p2a: Latias|280\/319|[from] Stealth Rock
|move|p1a: Ferrothorn|Leech Seed|p2a: Latias
|-start|p2a: Latias|move: Leech Seed
|
|-heal|p1a: Ferrothorn|304\/352 brn|[from] item: Leftovers
|-damage|p2a: Latias|241\/319|[from] Leech Seed|[of] p1a: Ferrothorn
|-heal|p1a: Ferrothorn|343\/352 brn|[silent]
|-damage|p1a: Ferrothorn|299\/352 brn|[from] brn
|turn|8
|
|move|p2a: Latias|Defog|p1a: Ferrothorn
|-unboost|p1a: Ferrothorn|evasion|1
|-sideend|p2: beancount|Stealth Rock|[from] move: Defog|[of] p2a: Latias
|move|p1a: Ferrothorn|Stealth Rock|p2a: Latias
|-sidestart|p2: beancount|move: Stealth Rock
|
|-heal|p1a: Ferrothorn|321\/352 brn|[from] item: Leftovers
|-damage|p2a: Latias|202\/319|[from] Leech Seed|[of] p1a: Ferrothorn
|-heal|p1a: Ferrothorn|352\/352 brn|[silent]
|-damage|p1a: Ferrothorn|308\/352 brn|[from] brn
|turn|9
|
|move|p2a: Latias|Healing Wish|p2a: Latias
|faint|p2a: Latias
|move|p1a: Ferrothorn|Stealth Rock|p2: Latias
|-fail|p2: Latias
|
|-heal|p1a: Ferrothorn|330\/352 brn|[from] item: Leftovers
|-damage|p1a: Ferrothorn|286\/352 brn|[from] brn
|
|switch|p2a: Bisharp|Bisharp, F|145\/271 par
|-heal|p2a: Bisharp|271\/271|[from] move: Healing Wish
|-damage|p2a: Bisharp|255\/271|[from] Stealth Rock
|turn|10
|
|move|p2a: Bisharp|Swords Dance|p2a: Bisharp
|-boost|p2a: Bisharp|atk|2
|move|p1a: Ferrothorn|Leech Seed|p2a: Bisharp
|-start|p2a: Bisharp|move: Leech Seed
|
|-heal|p1a: Ferrothorn|308\/352 brn|[from] item: Leftovers
|-damage|p2a: Bisharp|222\/271|[from] Leech Seed|[of] p1a: Ferrothorn
|-heal|p1a: Ferrothorn|341\/352 brn|[silent]
|-damage|p1a: Ferrothorn|297\/352 brn|[from] brn
|turn|11
|
|move|p2a: Bisharp|Swords Dance|p2a: Bisharp
|-boost|p2a: Bisharp|atk|2
|move|p1a: Ferrothorn|Gyro Ball|p2a: Bisharp
|-resisted|p2a: Bisharp
|-damage|p2a: Bisharp|186\/271
|
|-heal|p1a: Ferrothorn|319\/352 brn|[from] item: Leftovers
|-damage|p2a: Bisharp|153\/271|[from] Leech Seed|[of] p1a: Ferrothorn
|-heal|p1a: Ferrothorn|352\/352 brn|[silent]
|-damage|p1a: Ferrothorn|308\/352 brn|[from] brn
|turn|12
|
|move|p2a: Bisharp|Knock Off|p1a: Ferrothorn
|-damage|p1a: Ferrothorn|0 fnt
|-damage|p2a: Bisharp|120\/271|[from] ability: Iron Barbs|[of] p1a: Ferrothorn
|-enditem|p1a: Ferrothorn|Leftovers|[from] move: Knock Off|[of] p2a: Bisharp
|faint|p1a: Ferrothorn
|
|
|switch|p1a: Gliscor|Gliscor, M|352\/352 tox
|turn|13
|
|move|p2a: Bisharp|Sucker Punch|p1a: Gliscor
|-damage|p1a: Gliscor|0 fnt
|faint|p1a: Gliscor
|
|-message|fzappa forfeited.
|leave|fzappa
|
|win|beancount
|raw|Ladder updating...
|player|p1
|raw|fzappa's rating: 1409 &rarr; <strong>1385<\/strong><br \/>(-24 for losing)
|raw|beancount's rating: 1336 &rarr; <strong>1360<\/strong><br \/>(+24 for winning)