|join|fzappa
|join|tbr
|player|p1|fzappa|167
|player|p2|tbr|1
|gametype|singles
|gen|6
|tier|OU (suspect test)
|rated
|clearpoke
|poke|p1|Politoed, F
|poke|p1|Swampert, M
|poke|p1|Kingdra, F
|poke|p1|Roserade, M
|poke|p1|Excadrill, F
|poke|p1|Skarmory, M
|poke|p2|Gardevoir, M
|poke|p2|Rotom-Wash
|poke|p2|Latios, M
|poke|p2|Landorus-Therian, M
|poke|p2|Keldeo
|poke|p2|Heatran, M
|rule|Swagger Clause: Swagger is banned
|rule|Baton Pass Clause: Limit one PokÃ©mon knowing Baton Pass
|rule|Sleep Clause Mod: Limit one foe put to sleep
|rule|Species Clause: Limit one of each PokÃ©mon
|rule|OHKO Clause: OHKO moves are banned
|rule|Moody Clause: Moody is banned
|rule|Evasion Moves Clause: Evasion moves are banned
|rule|Endless Battle Clause: Forcing endless battles is banned
|rule|HP Percentage Mod: HP is shown in percentages
|teampreview
|
|start
|switch|p1a: Roserade|Roserade, M|278\/278
|switch|p2a: Latios|Latios, M|302\/302
|turn|1
|
|switch|p1a: Skarmory|Skarmory, M|333\/333
|move|p2a: Latios|Psyshock|p1a: Skarmory
|-resisted|p1a: Skarmory
|-damage|p1a: Skarmory|282\/333
|-damage|p2a: Latios|272\/302|[from] item: Life Orb
|
|turn|2
|
|switch|p1a: Politoed|Politoed, F|383\/383
|-weather|RainDance
|move|p2a: Latios|Thunderbolt|p1a: Politoed
|-supereffective|p1a: Politoed
|-damage|p1a: Politoed|100\/383
|-damage|p2a: Latios|242\/302|[from] item: Life Orb
|
|-weather|RainDance|[upkeep]
|turn|3
|
|switch|p1a: Excadrill|Excadrill, F|424\/424
|-ability|p1a: Excadrill|Mold Breaker
|move|p2a: Latios|Psyshock|p1a: Excadrill
|-resisted|p1a: Excadrill
|-damage|p1a: Excadrill|273\/424
|-damage|p2a: Latios|212\/302|[from] item: Life Orb
|
|-weather|RainDance|[upkeep]
|turn|4
|
|switch|p2a: Landorus-Therian|Landorus-Therian, M|325\/325
|-ability|p2a: Landorus-Therian|Intimidate|[of] p1a: Excadrill
|-unboost|p1a: Excadrill|atk|1
|move|p1a: Excadrill|Stealth Rock|p2a: Landorus-Therian
|-sidestart|p2: tbr|move: Stealth Rock
|
|-weather|RainDance|[upkeep]
|turn|5
|
|switch|p1a: Skarmory|Skarmory, M|282\/333
|move|p2a: Landorus-Therian|U-turn|p1a: Skarmory
|-resisted|p1a: Skarmory
|-damage|p1a: Skarmory|269\/333
|-damage|p2a: Landorus-Therian|271\/325|[from] item: Rocky Helmet|[of] p1a: Skarmory
|
|switch|p2a: Latios|Latios, M|212\/302
|-damage|p2a: Latios|175\/302|[from] Stealth Rock
|
|-weather|RainDance|[upkeep]
|turn|6
|
|move|p2a: Latios|Draco Meteor|p1a: Skarmory
|-resisted|p1a: Skarmory
|-damage|p1a: Skarmory|66\/333
|-unboost|p2a: Latios|spa|2
|-damage|p2a: Latios|145\/302|[from] item: Life Orb
|move|p1a: Skarmory|Iron Head|p2a: Latios
|-damage|p2a: Latios|49\/302
|
|-weather|RainDance|[upkeep]
|turn|7
|
|move|p2a: Latios|Roost|p2a: Latios
|-heal|p2a: Latios|200\/302
|move|p1a: Skarmory|Roost|p1a: Skarmory
|-heal|p1a: Skarmory|233\/333
|
|-weather|RainDance|[upkeep]
|turn|8
|
|switch|p1a: Swampert|Swampert, M|361\/361
|move|p2a: Latios|Thunderbolt|p1a: Swampert
|-immune|p1a: Swampert|[msg]
|
|-weather|RainDance|[upkeep]
|turn|9
|
|switch|p2a: Rotom-Wash|Rotom-Wash|304\/304
|-damage|p2a: Rotom-Wash|266\/304|[from] Stealth Rock
|detailschange|p1a: Swampert|Swampert-Mega, M
|-mega|p1a: Swampert|Swampert|Swampertite
|move|p1a: Swampert|Yawn|p2a: Rotom-Wash
|-start|p2a: Rotom-Wash|move: Yawn|[of] p1a: Swampert
|
|-weather|none
|-heal|p2a: Rotom-Wash|285\/304|[from] item: Leftovers
|turn|10
|
|switch|p2a: Gardevoir|Gardevoir, M|277\/277
|-damage|p2a: Gardevoir|243\/277|[from] Stealth Rock
|-ability|p2a: Gardevoir|Swift Swim|[from] ability: Trace|[of] p1a: Swampert
|switch|p1a: Politoed|Politoed, F|100\/383
|-weather|RainDance
|
|-weather|RainDance|[upkeep]
|turn|11
|
|switch|p1a: Excadrill|Excadrill, F|273\/424
|-ability|p1a: Excadrill|Mold Breaker
|move|p2a: Gardevoir|Psyshock|p1a: Excadrill
|-resisted|p1a: Excadrill
|-damage|p1a: Excadrill|179\/424
|
|-weather|RainDance|[upkeep]
|turn|12
|
|switch|p1a: Skarmory|Skarmory, M|233\/333
|move|p2a: Gardevoir|Focus Blast|p1a: Skarmory
|-damage|p1a: Skarmory|46\/333
|
|-weather|RainDance|[upkeep]
|turn|13
|
|move|p2a: Gardevoir|Hyper Voice|p1a: Skarmory
|-resisted|p1a: Skarmory
|-damage|p1a: Skarmory|0 fnt
|faint|p1a: Skarmory
|
|-weather|RainDance|[upkeep]
|
|switch|p1a: Swampert|Swampert-Mega, M|361\/361
|turn|14
|
|switch|p2a: Rotom-Wash|Rotom-Wash|285\/304
|-damage|p2a: Rotom-Wash|247\/304|[from] Stealth Rock
|move|p1a: Swampert|Waterfall|p2a: Rotom-Wash
|-resisted|p2a: Rotom-Wash
|-damage|p2a: Rotom-Wash|162\/304
|
|-weather|RainDance|[upkeep]
|-heal|p2a: Rotom-Wash|181\/304|[from] item: Leftovers
|turn|15
|
|move|p1a: Swampert|Substitute|p1a: Swampert
|-start|p1a: Swampert|Substitute
|-damage|p1a: Swampert|271\/361
|move|p2a: Rotom-Wash|Will-O-Wisp|p1a: Swampert
|
|-weather|RainDance|[upkeep]
|-heal|p2a: Rotom-Wash|200\/304|[from] item: Leftovers
|turn|16
|
|move|p1a: Swampert|Yawn|p2a: Rotom-Wash
|-start|p2a: Rotom-Wash|move: Yawn|[of] p1a: Swampert
|move|p2a: Rotom-Wash|Hydro Pump|p1a: Swampert
|-end|p1a: Swampert|Substitute
|
|-weather|RainDance|[upkeep]
|-heal|p2a: Rotom-Wash|219\/304|[from] item: Leftovers
|turn|17
|
|move|p1a: Swampert|Waterfall|p2a: Rotom-Wash
|-resisted|p2a: Rotom-Wash
|-damage|p2a: Rotom-Wash|145\/304
|cant|p2a: Rotom-Wash|flinch
|
|-status|p2a: Rotom-Wash|slp
|-weather|none
|-heal|p2a: Rotom-Wash|164\/304 slp|[from] item: Leftovers
|turn|18
|c|âtbr|zz
|
|switch|p1a: Roserade|Roserade, M|278\/278
|cant|p2a: Rotom-Wash|slp
|
|-heal|p2a: Rotom-Wash|183\/304 slp|[from] item: Leftovers
|turn|19
|
|switch|p2a: Heatran|Heatran, M|386\/386
|-damage|p2a: Heatran|338\/386|[from] Stealth Rock
|move|p1a: Roserade|Toxic Spikes|p2a: Heatran
|-sidestart|p2: tbr|move: Toxic Spikes
|
|-heal|p2a: Heatran|362\/386|[from] item: Leftovers
|turn|20
|
|move|p1a: Roserade|Sleep Powder|p2a: Heatran|[miss]
|-miss|p1a: Roserade|p2a: Heatran
|move|p2a: Heatran|Stealth Rock|p1a: Roserade
|-sidestart|p1: fzappa|move: Stealth Rock
|
|-heal|p2a: Heatran|386\/386|[from] item: Leftovers
|turn|21
|
|move|p1a: Roserade|Sleep Powder|p2a: Heatran
|-message|Sleep Clause Mod activated.
|-fail|p2a: Heatran
|move|p2a: Heatran|Lava Plume|p1a: Roserade
|-supereffective|p1a: Roserade
|-damage|p1a: Roserade|54\/278
|-status|p1a: Roserade|brn
|
|-heal|p1a: Roserade|71\/278 brn|[from] item: Black Sludge
|-damage|p1a: Roserade|37\/278 brn|[from] brn
|turn|22
|c|âfzappa|ups
|
|switch|p1a: Politoed|Politoed, F|100\/383
|-damage|p1a: Politoed|53\/383|[from] Stealth Rock
|-weather|RainDance
|move|p2a: Heatran|Lava Plume|p1a: Politoed
|-crit|p1a: Politoed
|-resisted|p1a: Politoed
|-damage|p1a: Politoed|10\/383
|
|-weather|RainDance|[upkeep]
|turn|23
|
|move|p2a: Heatran|Lava Plume|p1a: Politoed
|-resisted|p1a: Politoed
|-damage|p1a: Politoed|0 fnt
|faint|p1a: Politoed
|
|-weather|RainDance|[upkeep]
|
|switch|p1a: Kingdra|Kingdra, F|298\/298
|-damage|p1a: Kingdra|261\/298|[from] Stealth Rock
|turn|24
|
|move|p1a: Kingdra|Hydro Pump|p2a: Heatran
|-supereffective|p2a: Heatran
|-damage|p2a: Heatran|0 fnt
|faint|p2a: Heatran
|
|-weather|RainDance|[upkeep]
|
|switch|p2a: Gardevoir|Gardevoir, M|243\/277
|-damage|p2a: Gardevoir|209\/277|[from] Stealth Rock
|-status|p2a: Gardevoir|psn
|-ability|p2a: Gardevoir|Swift Swim|[from] ability: Trace|[of] p1a: Kingdra
|turn|25
|
|detailschange|p2a: Gardevoir|Gardevoir-Mega, M
|-mega|p2a: Gardevoir|Gardevoir|Gardevoirite
|move|p2a: Gardevoir|Hyper Voice|p1a: Kingdra
|-supereffective|p1a: Kingdra
|-damage|p1a: Kingdra|0 fnt
|faint|p1a: Kingdra
|
|-weather|RainDance|[upkeep]
|-damage|p2a: Gardevoir|175\/277 psn|[from] psn
|
|switch|p1a: Swampert|Swampert-Mega, M|271\/361
|-damage|p1a: Swampert|249\/361|[from] Stealth Rock
|turn|26
|
|move|p1a: Swampert|Waterfall|p2a: Gardevoir
|-damage|p2a: Gardevoir|0 fnt
|faint|p2a: Gardevoir
|
|-weather|RainDance|[upkeep]
|
|switch|p2a: Rotom-Wash|Rotom-Wash|183\/304 slp
|-damage|p2a: Rotom-Wash|145\/304 slp|[from] Stealth Rock
|turn|27
|
|move|p1a: Swampert|Waterfall|p2a: Rotom-Wash
|-resisted|p2a: Rotom-Wash
|-damage|p2a: Rotom-Wash|65\/304 slp
|-curestatus|p2a: Rotom-Wash|slp
|move|p2a: Rotom-Wash|Hydro Pump|p1a: Swampert|[miss]
|-miss|p2a: Rotom-Wash|p1a: Swampert
|
|-weather|RainDance|[upkeep]
|-heal|p2a: Rotom-Wash|84\/304|[from] item: Leftovers
|turn|28
|
|move|p1a: Swampert|Substitute|p1a: Swampert
|-start|p1a: Swampert|Substitute
|-damage|p1a: Swampert|159\/361
|move|p2a: Rotom-Wash|Hydro Pump|p1a: Swampert|[miss]
|-miss|p2a: Rotom-Wash|p1a: Swampert
|
|-weather|RainDance|[upkeep]
|-heal|p2a: Rotom-Wash|103\/304|[from] item: Leftovers
|turn|29
|c|âtbr|lol
|c|âtbr|really
|
|move|p1a: Swampert|Waterfall|p2a: Rotom-Wash
|-resisted|p2a: Rotom-Wash
|-damage|p2a: Rotom-Wash|18\/304
|move|p2a: Rotom-Wash|Hydro Pump|p1a: Swampert|[miss]
|-miss|p2a: Rotom-Wash|p1a: Swampert
|
|-weather|none
|-heal|p2a: Rotom-Wash|37\/304|[from] item: Leftovers
|turn|30
|c|âfzappa|hotta use water gun bro
|
|move|p2a: Rotom-Wash|Hydro Pump|p1a: Swampert
|-end|p1a: Swampert|Substitute
|move|p1a: Swampert|Waterfall|p2a: Rotom-Wash
|-resisted|p2a: Rotom-Wash
|-damage|p2a: Rotom-Wash|0 fnt
|faint|p2a: Rotom-Wash
|
|c|âtbr|wow
|c|âfzappa|gotts
|c|âtbr|so funny
|c|âtbr|p
|c|âtbr|xp
|
|switch|p2a: Keldeo|Keldeo|323\/323
|-damage|p2a: Keldeo|303\/323|[from] Stealth Rock
|-status|p2a: Keldeo|psn
|turn|31
|
|move|p2a: Keldeo|Scald|p1a: Swampert
|-damage|p1a: Swampert|0 fnt
|faint|p1a: Swampert
|
|-damage|p2a: Keldeo|263\/323 psn|[from] psn
|c|âfzappa|gg
|-message|fzappa forfeited.
|leave|fzappa
|
|win|tbr
|raw|Ladder updating...
|player|p1
|raw|fzappa's rating: 1502 &rarr; <strong>1474<\/strong><br \/>(-28 for losing)
|raw|tbr's rating: 1366 &rarr; <strong>1394<\/strong><br \/>(+28 for winning)