|join|fzappa
|join|Rapture's Finest
|player|p1|fzappa|167
|player|p2|Rapture's Finest|88
|gametype|singles
|gen|6
|tier|OU (suspect test)
|rated
|clearpoke
|poke|p1|Lopunny, F
|poke|p1|Gothitelle, M
|poke|p1|Landorus-Therian, M
|poke|p1|Tyranitar, F
|poke|p1|Azumarill, F
|poke|p1|Scizor, F
|poke|p2|Altaria, M, shiny
|poke|p2|Keldeo
|poke|p2|Bisharp, F
|poke|p2|Landorus-Therian, M
|poke|p2|Raikou
|poke|p2|Mew
|rule|Swagger Clause: Swagger is banned
|rule|Baton Pass Clause: Limit one PokÃ©mon knowing Baton Pass
|rule|Sleep Clause Mod: Limit one foe put to sleep
|rule|Species Clause: Limit one of each PokÃ©mon
|rule|OHKO Clause: OHKO moves are banned
|rule|Moody Clause: Moody is banned
|rule|Evasion Moves Clause: Evasion moves are banned
|rule|Endless Battle Clause: Forcing endless battles is banned
|rule|HP Percentage Mod: HP is shown in percentages
|teampreview
|
|start
|switch|p1a: Gothitelle|Gothitelle, M|282\/282
|switch|p2a: Altaria|Altaria, M, shiny|353\/353
|turn|1
|
|detailschange|p2a: Altaria|Altaria-Mega, M, shiny
|-mega|p2a: Altaria|Altaria|Altarianite
|move|p1a: Gothitelle|Psychic|p2a: Altaria
|-damage|p2a: Altaria|154\/353
|-unboost|p2a: Altaria|spd|1
|move|p2a: Altaria|Hyper Voice|p1a: Gothitelle
|-damage|p1a: Gothitelle|134\/282
|
|turn|2
|
|move|p1a: Gothitelle|Psychic|p2a: Altaria
|-damage|p2a: Altaria|0 fnt
|faint|p2a: Altaria
|
|
|switch|p2a: Bisharp|Bisharp, F|271\/271
|turn|3
|
|switch|p1a: Tyranitar|Tyranitar, F|342\/342
|-weather|Sandstorm
|move|p2a: Bisharp|Swords Dance|p2a: Bisharp
|-boost|p2a: Bisharp|atk|2
|
|-weather|Sandstorm|[upkeep]
|turn|4
|
|move|p1a: Tyranitar|Superpower|p2a: Bisharp
|-supereffective|p2a: Bisharp
|-damage|p2a: Bisharp|0 fnt
|-unboost|p1a: Tyranitar|atk|1
|-unboost|p1a: Tyranitar|def|1
|faint|p2a: Bisharp
|
|-weather|Sandstorm|[upkeep]
|
|switch|p2a: Landorus-Therian|Landorus-Therian, M|319\/319
|-ability|p2a: Landorus-Therian|Intimidate|[of] p1a: Tyranitar
|-unboost|p1a: Tyranitar|atk|1
|turn|5
|
|switch|p1a: Landorus-Therian|Landorus-Therian, M|382\/382
|-ability|p1a: Landorus-Therian|Intimidate|[of] p2a: Landorus-Therian
|-unboost|p2a: Landorus-Therian|atk|1
|move|p2a: Landorus-Therian|U-turn|p1a: Landorus-Therian
|-resisted|p1a: Landorus-Therian
|-damage|p1a: Landorus-Therian|357\/382
|-damage|p2a: Landorus-Therian|266\/319|[from] item: Rocky Helmet|[of] p1a: Landorus-Therian
|
|switch|p2a: Keldeo|Keldeo|323\/323
|
|-weather|Sandstorm|[upkeep]
|-damage|p2a: Keldeo|303\/323|[from] sandstorm
|turn|6
|
|switch|p1a: Azumarill|Azumarill, F|359\/359
|move|p2a: Keldeo|Scald|p1a: Azumarill
|-resisted|p1a: Azumarill
|-damage|p1a: Azumarill|266\/359
|-status|p1a: Azumarill|brn
|
|-weather|Sandstorm|[upkeep]
|-damage|p2a: Keldeo|283\/323|[from] sandstorm
|-damage|p1a: Azumarill|244\/359 brn|[from] sandstorm
|-damage|p1a: Azumarill|200\/359 brn|[from] brn
|turn|7
|
|switch|p2a: Mew|Mew|404\/404
|move|p1a: Azumarill|Waterfall|p2a: Mew
|-damage|p2a: Mew|304\/404
|
|-weather|none
|-heal|p2a: Mew|329\/404|[from] item: Leftovers
|-damage|p1a: Azumarill|156\/359 brn|[from] brn
|turn|8
|
|switch|p2a: Raikou|Raikou|321\/321
|-ability|p2a: Raikou|Pressure
|move|p1a: Azumarill|Waterfall|p2a: Raikou
|-damage|p2a: Raikou|167\/321
|
|-damage|p1a: Azumarill|112\/359 brn|[from] brn
|turn|9
|
|move|p2a: Raikou|Volt Switch|p1a: Azumarill
|-supereffective|p1a: Azumarill
|-damage|p1a: Azumarill|0 fnt
|faint|p1a: Azumarill
|
|switch|p2a: Keldeo|Keldeo|283\/323
|
|
|switch|p1a: Gothitelle|Gothitelle, M|134\/282
|turn|10
|
|move|p2a: Keldeo|Hydro Pump|p1a: Gothitelle
|-damage|p1a: Gothitelle|0 fnt
|faint|p1a: Gothitelle
|
|
|switch|p1a: Lopunny|Lopunny, F|271\/271
|turn|11
|
|switch|p2a: Landorus-Therian|Landorus-Therian, M|266\/319
|-ability|p2a: Landorus-Therian|Intimidate|[of] p1a: Lopunny
|-unboost|p1a: Lopunny|atk|1
|detailschange|p1a: Lopunny|Lopunny-Mega, F
|-mega|p1a: Lopunny|Lopunny|Lopunnite
|move|p1a: Lopunny|Fake Out|p2a: Landorus-Therian
|-damage|p2a: Landorus-Therian|215\/319
|
|turn|12
|
|move|p1a: Lopunny|Baton Pass|p1a: Lopunny
|
|switch|p1a: Landorus-Therian|Landorus-Therian, M|357\/382
|-ability|p1a: Landorus-Therian|Intimidate|[of] p2a: Landorus-Therian
|-unboost|p2a: Landorus-Therian|atk|1
|move|p2a: Landorus-Therian|U-turn|p1a: Landorus-Therian
|-resisted|p1a: Landorus-Therian
|-damage|p1a: Landorus-Therian|336\/382
|-damage|p2a: Landorus-Therian|162\/319|[from] item: Rocky Helmet|[of] p1a: Landorus-Therian
|
|switch|p2a: Keldeo|Keldeo|283\/323
|
|turn|13
|
|switch|p1a: Scizor|Scizor, F|343\/343
|move|p2a: Keldeo|Scald|p1a: Scizor
|-damage|p1a: Scizor|178\/343
|
|turn|14
|
|switch|p2a: Landorus-Therian|Landorus-Therian, M|162\/319
|-ability|p2a: Landorus-Therian|Intimidate|[of] p1a: Scizor
|-unboost|p1a: Scizor|atk|1
|move|p1a: Scizor|Superpower|p2a: Landorus-Therian
|-resisted|p2a: Landorus-Therian
|-damage|p2a: Landorus-Therian|70\/319
|-unboost|p1a: Scizor|atk|1
|-unboost|p1a: Scizor|def|1
|
|turn|15
|
|move|p2a: Landorus-Therian|Stealth Rock|p1a: Scizor
|-sidestart|p1: fzappa|move: Stealth Rock
|move|p1a: Scizor|Superpower|p2a: Landorus-Therian
|-resisted|p2a: Landorus-Therian
|-damage|p2a: Landorus-Therian|2\/319
|-unboost|p1a: Scizor|atk|1
|-unboost|p1a: Scizor|def|1
|
|turn|16
|
|switch|p2a: Raikou|Raikou|167\/321
|-ability|p2a: Raikou|Pressure
|switch|p1a: Landorus-Therian|Landorus-Therian, M|336\/382
|-damage|p1a: Landorus-Therian|289\/382|[from] Stealth Rock
|-ability|p1a: Landorus-Therian|Intimidate|[of] p2a: Raikou
|-unboost|p2a: Raikou|atk|1
|
|turn|17
|
|move|p2a: Raikou|Hidden Power|p1a: Landorus-Therian
|-supereffective|p1a: Landorus-Therian
|-damage|p1a: Landorus-Therian|0 fnt
|faint|p1a: Landorus-Therian
|
|
|switch|p1a: Lopunny|Lopunny-Mega, F|271\/271
|-damage|p1a: Lopunny|255\/271|[from] Stealth Rock
|turn|18
|
|move|p1a: Lopunny|Return|p2a: Raikou
|-damage|p2a: Raikou|0 fnt
|faint|p2a: Raikou
|
|
|switch|p2a: Keldeo|Keldeo|283\/323
|turn|19
|
|move|p2a: Keldeo|Secret Sword|p1a: Lopunny
|-supereffective|p1a: Lopunny
|-damage|p1a: Lopunny|0 fnt
|faint|p1a: Lopunny
|
|-message|fzappa forfeited.
|leave|fzappa
|
|win|Rapture's Finest
|raw|Ladder updating...
|player|p1
|raw|fzappa's rating: 1489 &rarr; <strong>1467<\/strong><br \/>(-22 for losing)
|raw|Rapture&apos;s Finest's rating: 1439 &rarr; <strong>1462<\/strong><br \/>(+23 for winning)