|join|Plateau
|join|fzappa
|player|p1|Plateau|101
|player|p2|fzappa|102
|gametype|singles
|gen|6
|tier|OU (suspect test)
|rated
|clearpoke
|poke|p1|Toxicroak, F
|poke|p1|Skarmory, F
|poke|p1|Sharpedo, M
|poke|p1|Seismitoad, F
|poke|p1|Volcarona, M
|poke|p1|Nidoking, M
|poke|p2|Clefable, M
|poke|p2|Magnezone
|poke|p2|Venusaur, M
|poke|p2|Charizard, F
|poke|p2|Empoleon, M
|poke|p2|Thundurus, M
|rule|Swagger Clause: Swagger is banned
|rule|Baton Pass Clause: Limit one PokÃ©mon knowing Baton Pass
|rule|Sleep Clause Mod: Limit one foe put to sleep
|rule|Species Clause: Limit one of each PokÃ©mon
|rule|OHKO Clause: OHKO moves are banned
|rule|Moody Clause: Moody is banned
|rule|Evasion Moves Clause: Evasion moves are banned
|rule|Endless Battle Clause: Forcing endless battles is banned
|rule|HP Percentage Mod: HP is shown in percentages
|teampreview
|
|start
|switch|p1a: Nidoking|Nidoking, M|304\/304
|switch|p2a: Charizard|Charizard, F|315\/315
|turn|1
|join|HeadHunter488
|leave|HeadHunter488
|
|detailschange|p2a: Charizard|Charizard-Mega-Y, F
|-mega|p2a: Charizard|Charizard|Charizardite Y
|-weather|SunnyDay
|move|p2a: Charizard|Flamethrower|p1a: Nidoking
|-damage|p1a: Nidoking|0 fnt
|faint|p1a: Nidoking
|
|-weather|SunnyDay|[upkeep]
|
|switch|p1a: Sharpedo|Sharpedo, M|282\/282
|turn|2
|
|switch|p2a: Clefable|Clefable, M|394\/394
|move|p1a: Sharpedo|Crunch|p2a: Clefable
|-resisted|p2a: Clefable
|-damage|p2a: Clefable|322\/394
|
|-weather|SunnyDay|[upkeep]
|-heal|p2a: Clefable|346\/394|[from] item: Leftovers
|-boost|p1a: Sharpedo|spe|1|[from] ability: Speed Boost
|turn|3
|
|switch|p1a: Toxicroak|Toxicroak, F|307\/307
|switch|p2a: Thundurus|Thundurus, M|299\/299
|
|-weather|SunnyDay|[upkeep]
|-damage|p1a: Toxicroak|269\/307|[from] ability: Dry Skin
|turn|4
|
|switch|p2a: Venusaur|Venusaur, M|301\/301
|switch|p1a: Seismitoad|Seismitoad, F|414\/414
|
|-weather|SunnyDay|[upkeep]
|turn|5
|
|switch|p1a: Volcarona|Volcarona, M|312\/312
|move|p2a: Venusaur|Giga Drain|p1a: Volcarona
|-resisted|p1a: Volcarona
|-damage|p1a: Volcarona|273\/312
|-damage|p2a: Venusaur|271\/301|[from] item: Life Orb
|
|-weather|none
|turn|6
|
|switch|p2a: Empoleon|Empoleon, M|372\/372
|move|p1a: Volcarona|Quiver Dance|p1a: Volcarona
|-boost|p1a: Volcarona|spa|1
|-boost|p1a: Volcarona|spd|1
|-boost|p1a: Volcarona|spe|1
|
|turn|7
|
|move|p1a: Volcarona|Fiery Dance|p2a: Empoleon
|-damage|p2a: Empoleon|176\/372
|-boost|p1a: Volcarona|spa|1
|move|p2a: Empoleon|Roar|p1a: Volcarona
|drag|p1a: Sharpedo|Sharpedo, M|282\/282
|
|-heal|p2a: Empoleon|199\/372|[from] item: Leftovers
|turn|8
|
|move|p1a: Sharpedo|Crunch|p2a: Empoleon
|-damage|p2a: Empoleon|34\/372
|-unboost|p2a: Empoleon|def|1
|move|p2a: Empoleon|Stealth Rock|p1a: Sharpedo
|-sidestart|p1: Plateau|move: Stealth Rock
|
|-heal|p2a: Empoleon|57\/372|[from] item: Leftovers
|-boost|p1a: Sharpedo|spe|1|[from] ability: Speed Boost
|turn|9
|
|detailschange|p1a: Sharpedo|Sharpedo-Mega, M
|-mega|p1a: Sharpedo|Sharpedo|Sharpedonite
|move|p1a: Sharpedo|Crunch|p2a: Empoleon
|-damage|p2a: Empoleon|0 fnt
|faint|p2a: Empoleon
|
|
|switch|p2a: Clefable|Clefable, M|346\/394
|turn|10
|
|move|p1a: Sharpedo|Waterfall|p2a: Clefable
|-damage|p2a: Clefable|186\/394
|cant|p2a: Clefable|flinch
|
|-heal|p2a: Clefable|210\/394|[from] item: Leftovers
|turn|11
|
|switch|p1a: Skarmory|Skarmory, F|334\/334
|-damage|p1a: Skarmory|293\/334|[from] Stealth Rock
|move|p2a: Clefable|Moonblast|p1a: Skarmory
|-resisted|p1a: Skarmory
|-damage|p1a: Skarmory|221\/334
|-unboost|p1a: Skarmory|spa|1
|
|-heal|p2a: Clefable|234\/394|[from] item: Leftovers
|turn|12
|
|switch|p1a: Seismitoad|Seismitoad, F|414\/414
|-damage|p1a: Seismitoad|389\/414|[from] Stealth Rock
|switch|p2a: Charizard|Charizard-Mega-Y, F|315\/315
|-weather|SunnyDay
|
|-weather|SunnyDay|[upkeep]
|-heal|p1a: Seismitoad|414\/414|[from] item: Leftovers
|turn|13
|
|move|p2a: Charizard|Solar Beam|p1a: Seismitoad|[still]
|-prepare|p2a: Charizard|Solar Beam|p1a: Seismitoad
|-anim|p2a: Charizard|Solar Beam|p1a: Seismitoad
|-supereffective|p1a: Seismitoad
|-damage|p1a: Seismitoad|0 fnt
|faint|p1a: Seismitoad
|
|-weather|SunnyDay|[upkeep]
|
|switch|p1a: Toxicroak|Toxicroak, F|269\/307
|-damage|p1a: Toxicroak|250\/307|[from] Stealth Rock
|turn|14
|
|move|p1a: Toxicroak|Sucker Punch|p2a: Charizard
|-damage|p2a: Charizard|172\/315
|-damage|p1a: Toxicroak|220\/307|[from] item: Life Orb
|move|p2a: Charizard|Flamethrower|p1a: Toxicroak
|-damage|p1a: Toxicroak|0 fnt
|faint|p1a: Toxicroak
|
|-weather|SunnyDay|[upkeep]
|
|switch|p1a: Skarmory|Skarmory, F|221\/334
|-damage|p1a: Skarmory|180\/334|[from] Stealth Rock
|turn|15
|
|move|p2a: Charizard|Flamethrower|p1a: Skarmory
|-supereffective|p1a: Skarmory
|-damage|p1a: Skarmory|0 fnt
|faint|p1a: Skarmory
|
|-weather|SunnyDay|[upkeep]
|
|switch|p1a: Volcarona|Volcarona, M|273\/312
|-damage|p1a: Volcarona|117\/312|[from] Stealth Rock
|-enditem|p1a: Volcarona|Sitrus Berry|[eat]
|-heal|p1a: Volcarona|195\/312|[from] item: Sitrus Berry
|turn|16
|
|move|p2a: Charizard|Flamethrower|p1a: Volcarona
|-crit|p1a: Volcarona
|-damage|p1a: Volcarona|0 fnt
|faint|p1a: Volcarona
|
|-weather|none
|
|switch|p1a: Sharpedo|Sharpedo-Mega, M|282\/282
|-damage|p1a: Sharpedo|247\/282|[from] Stealth Rock
|turn|17
|
|switch|p2a: Magnezone|Magnezone|341\/341
|-item|p2a: Magnezone|Air Balloon
|move|p1a: Sharpedo|Crunch|p2a: Magnezone
|-damage|p2a: Magnezone|118\/341
|-enditem|p2a: Magnezone|Air Balloon
|
|turn|18
|
|move|p1a: Sharpedo|Aqua Jet|p2a: Magnezone
|-crit|p2a: Magnezone
|-damage|p2a: Magnezone|0 fnt
|faint|p2a: Magnezone
|
|
|switch|p2a: Thundurus|Thundurus, M|299\/299
|turn|19
|
|move|p2a: Thundurus|Thunderbolt|p1a: Sharpedo
|-supereffective|p1a: Sharpedo
|-damage|p1a: Sharpedo|0 fnt
|faint|p1a: Sharpedo
|
|win|fzappa
|raw|Ladder updating...
|c|âPlateau|gg
|leave|Plateau
|raw|Plateau's rating: 1269 &rarr; <strong>1247<\/strong><br \/>(-22 for losing)
|raw|fzappa's rating: 1310 &rarr; <strong>1328<\/strong><br \/>(+18 for winning)
|player|p1