|join|SwiftSandstorm
|join|Gsebastian bot v
|player|p1|SwiftSandstorm|282
|player|p2|Gsebastian bot v|267
|gametype|singles
|gen|6
|tier|OU (suspect test)
|rated
|clearpoke
|poke|p1|Diancie
|poke|p1|Hydreigon, M
|poke|p1|Magnezone
|poke|p1|Landorus-Therian, M, shiny
|poke|p1|Cryogonal
|poke|p1|Azumarill, F
|poke|p2|Gliscor, M
|poke|p2|Clefable, M
|poke|p2|Chansey, F
|poke|p2|Slowbro, F
|poke|p2|Skarmory, F
|poke|p2|Chesnaught, F
|rule|Swagger Clause: Swagger is banned
|rule|Baton Pass Clause: Limit one PokÃ©mon knowing Baton Pass
|rule|Sleep Clause Mod: Limit one foe put to sleep
|rule|Species Clause: Limit one of each PokÃ©mon
|rule|OHKO Clause: OHKO moves are banned
|rule|Moody Clause: Moody is banned
|rule|Evasion Moves Clause: Evasion moves are banned
|rule|Endless Battle Clause: Forcing endless battles is banned
|rule|HP Percentage Mod: HP is shown in percentages
|teampreview
|c|âSwiftSandstorm|you have no idea
|c|âSwiftSandstorm|how scummy this is
|c|âSwiftSandstorm|xd
|
|start
|switch|p1a: Police|Magnezone|282\/282
|switch|p2a: Gliscor|Gliscor, M|353\/353
|turn|1
|
|switch|p1a: Snowflake|Cryogonal|344\/344
|move|p2a: Gliscor|Knock Off|p1a: Snowflake
|-damage|p1a: Snowflake|163\/344
|-enditem|p1a: Snowflake|Focus Sash|[from] move: Knock Off|[of] p2a: Gliscor
|
|-status|p2a: Gliscor|tox|[from] item: Toxic Orb
|turn|2
|
|switch|p1a: Eggplants|Azumarill, F|404\/404
|switch|p2a: Chansey|Chansey, F|703\/703
|
|turn|3
|
|switch|p2a: Slowbro|Slowbro, F|393\/393
|move|p1a: Eggplants|Knock Off|p2a: Slowbro
|-supereffective|p2a: Slowbro
|-damage|p2a: Slowbro|265\/393
|
|turn|4
|
|switch|p1a: Hyper|Hydreigon, M|325\/325
|detailschange|p2a: Slowbro|Slowbro-Mega, F
|-mega|p2a: Slowbro|Slowbro|Slowbronite
|move|p2a: Slowbro|Calm Mind|p2a: Slowbro
|-boost|p2a: Slowbro|spa|1
|-boost|p2a: Slowbro|spd|1
|
|turn|5
|
|move|p1a: Hyper|Dark Pulse|p2a: Slowbro
|-supereffective|p2a: Slowbro
|-damage|p2a: Slowbro|0 fnt
|faint|p2a: Slowbro
|
|
|switch|p2a: Chesnaught|Chesnaught, F|380\/380
|turn|6
|
|switch|p1a: Landyy|Landorus-Therian, M, shiny|382\/382
|-ability|p1a: Landyy|Intimidate|[of] p2a: Chesnaught
|-unboost|p2a: Chesnaught|atk|1
|move|p2a: Chesnaught|Spikes|p1a: Landyy
|-sidestart|p1: SwiftSandstorm|Spikes
|
|turn|7
|
|move|p1a: Landyy|Stealth Rock|p2a: Chesnaught
|-sidestart|p2: Gsebastian bot v|move: Stealth Rock
|move|p2a: Chesnaught|Spikes|p1a: Landyy
|-sidestart|p1: SwiftSandstorm|Spikes
|
|turn|8
|
|move|p1a: Landyy|Hidden Power|p2a: Chesnaught
|-supereffective|p2a: Chesnaught
|-damage|p2a: Chesnaught|278\/380
|move|p2a: Chesnaught|Leech Seed|p1a: Landyy
|-start|p1a: Landyy|move: Leech Seed
|
|-heal|p2a: Chesnaught|301\/380|[from] item: Leftovers
|-damage|p1a: Landyy|335\/382|[from] Leech Seed|[of] p2a: Chesnaught
|-heal|p2a: Chesnaught|348\/380|[silent]
|turn|9
|
|switch|p1a: Hyper|Hydreigon, M|325\/325
|move|p2a: Chesnaught|Spiky Shield|p2a: Chesnaught
|-fail|p2a: Chesnaught
|
|-heal|p2a: Chesnaught|371\/380|[from] item: Leftovers
|turn|10
|
|move|p2a: Chesnaught|Spiky Shield|p2a: Chesnaught
|-singleturn|p2a: Chesnaught|move: Protect
|move|p1a: Hyper|Fire Blast|p2a: Chesnaught
|-activate|p2a: Chesnaught|move: Protect
|
|-heal|p2a: Chesnaught|380\/380|[from] item: Leftovers
|turn|11
|
|switch|p1a: Snowflake|Cryogonal|163\/344
|switch|p2a: Chansey|Chansey, F|703\/703
|-damage|p2a: Chansey|616\/703|[from] Stealth Rock
|
|turn|12
|
|move|p1a: Snowflake|Rapid Spin|p2a: Chansey
|-damage|p2a: Chansey|604\/703
|-sideend|p1: SwiftSandstorm|Spikes|[from] move: Rapid Spin|[of] p1a: Snowflake
|move|p2a: Chansey|Toxic|p1a: Snowflake
|-status|p1a: Snowflake|tox
|
|-damage|p1a: Snowflake|142\/344 tox|[from] psn
|turn|13
|
|switch|p1a: Eggplants|Azumarill, F|404\/404
|switch|p2a: Skarmory|Skarmory, F|333\/333
|-damage|p2a: Skarmory|292\/333|[from] Stealth Rock
|
|turn|14
|
|move|p2a: Skarmory|Defog|p1a: Eggplants
|-unboost|p1a: Eggplants|evasion|1
|-sideend|p2: Gsebastian bot v|Stealth Rock|[from] move: Defog|[of] p2a: Skarmory
|move|p1a: Eggplants|Knock Off|p2a: Skarmory
|-damage|p2a: Skarmory|206\/333
|-enditem|p2a: Skarmory|Shed Shell|[from] move: Knock Off|[of] p1a: Eggplants
|
|turn|15
|
|switch|p2a: Gliscor|Gliscor, M|353\/353 tox
|move|p1a: Eggplants|Waterfall|p2a: Gliscor
|-supereffective|p2a: Gliscor
|-damage|p2a: Gliscor|77\/353 tox
|
|-heal|p2a: Gliscor|121\/353 tox|[from] ability: Poison Heal
|turn|16
|
|switch|p2a: Chesnaught|Chesnaught, F|380\/380
|switch|p1a: Snowflake|Cryogonal|142\/344 tox
|
|-damage|p1a: Snowflake|121\/344 tox|[from] psn
|turn|17
|
|switch|p2a: Skarmory|Skarmory, F|206\/333
|move|p1a: Snowflake|Recover|p1a: Snowflake
|-heal|p1a: Snowflake|293\/344 tox
|
|-damage|p1a: Snowflake|251\/344 tox|[from] psn
|turn|18
|
|switch|p1a: Police|Magnezone|282\/282
|move|p2a: Skarmory|Stealth Rock|p1a: Police
|-sidestart|p1: SwiftSandstorm|move: Stealth Rock
|
|turn|19
|
|move|p1a: Police|Volt Switch|p2a: Skarmory
|-supereffective|p2a: Skarmory
|-damage|p2a: Skarmory|0 fnt
|faint|p2a: Skarmory
|
|switch|p1a: Snowflake|Cryogonal|251\/344 tox
|-damage|p1a: Snowflake|165\/344 tox|[from] Stealth Rock
|
|-damage|p1a: Snowflake|144\/344 tox|[from] psn
|
|switch|p2a: Chesnaught|Chesnaught, F|380\/380
|turn|20
|
|move|p2a: Chesnaught|Spiky Shield|p2a: Chesnaught
|-singleturn|p2a: Chesnaught|move: Protect
|move|p1a: Snowflake|Recover|p1a: Snowflake
|-heal|p1a: Snowflake|316\/344 tox
|
|-damage|p1a: Snowflake|274\/344 tox|[from] psn
|turn|21
|
|move|p1a: Snowflake|Rapid Spin|p2a: Chesnaught
|-damage|p2a: Chesnaught|373\/380
|-sideend|p1: SwiftSandstorm|Stealth Rock|[from] move: Rapid Spin|[of] p1a: Snowflake
|move|p2a: Chesnaught|Drain Punch|p1a: Snowflake
|-crit|p1a: Snowflake
|-supereffective|p1a: Snowflake
|-damage|p1a: Snowflake|0 fnt
|-heal|p2a: Chesnaught|380\/380|[from] drain|[of] p1a: Snowflake
|faint|p1a: Snowflake
|
|
|switch|p1a: Hyper|Hydreigon, M|325\/325
|turn|22
|
|switch|p1a: Eggplants|Azumarill, F|404\/404
|move|p2a: Chesnaught|Spiky Shield|p2a: Chesnaught
|-fail|p2a: Chesnaught
|
|turn|23
|
|move|p2a: Chesnaught|Leech Seed|p1a: Eggplants
|-start|p1a: Eggplants|move: Leech Seed
|move|p1a: Eggplants|Play Rough|p2a: Chesnaught
|-supereffective|p2a: Chesnaught
|-damage|p2a: Chesnaught|78\/380
|
|-heal|p2a: Chesnaught|101\/380|[from] item: Leftovers
|-damage|p1a: Eggplants|354\/404|[from] Leech Seed|[of] p2a: Chesnaught
|-heal|p2a: Chesnaught|151\/380|[silent]
|turn|24
|
|switch|p1a: Wedding|Diancie|241\/241
|move|p2a: Chesnaught|Spiky Shield|p2a: Chesnaught
|-fail|p2a: Chesnaught
|
|-heal|p2a: Chesnaught|174\/380|[from] item: Leftovers
|turn|25
|
|switch|p2a: Chansey|Chansey, F|604\/703
|detailschange|p1a: Wedding|Diancie-Mega
|-mega|p1a: Wedding|Diancie|Diancite
|move|p1a: Wedding|Diamond Storm|p2a: Chansey
|-damage|p2a: Chansey|366\/703
|-boost|p1a: Wedding|def|1
|
|turn|26
|
|switch|p1a: Police|Magnezone|282\/282
|move|p2a: Chansey|Wish|p2a: Chansey
|
|turn|27
|
|move|p2a: Chansey|Protect|p2a: Chansey
|-singleturn|p2a: Chansey|Protect
|move|p1a: Police|Flash Cannon|p2a: Chansey
|-activate|p2a: Chansey|Protect
|
|-heal|p2a: Chansey|703\/703|[from] move: Wish|[wisher] Chansey
|turn|28
|
|switch|p1a: Eggplants|Azumarill, F|354\/404
|move|p2a: Chansey|Seismic Toss|p1a: Eggplants
|-damage|p1a: Eggplants|254\/404
|
|turn|29
|
|switch|p2a: Gliscor|Gliscor, M|121\/353 tox
|move|p1a: Eggplants|Knock Off|p2a: Gliscor
|-damage|p2a: Gliscor|7\/353 tox
|-enditem|p2a: Gliscor|Toxic Orb|[from] move: Knock Off|[of] p1a: Eggplants
|
|-heal|p2a: Gliscor|51\/353 tox|[from] ability: Poison Heal
|turn|30
|
|move|p1a: Eggplants|Aqua Jet|p2a: Gliscor
|-supereffective|p2a: Gliscor
|-damage|p2a: Gliscor|0 fnt
|faint|p2a: Gliscor
|
|
|switch|p2a: Clefable|Clefable, M|393\/393
|turn|31
|
|switch|p1a: Police|Magnezone|282\/282
|move|p2a: Clefable|Wish|p2a: Clefable
|
|turn|32
|
|move|p2a: Clefable|Protect|p2a: Clefable
|-singleturn|p2a: Clefable|Protect
|move|p1a: Police|Flash Cannon|p2a: Clefable
|-activate|p2a: Clefable|Protect
|
|turn|33
|
|move|p1a: Police|Flash Cannon|p2a: Clefable
|-supereffective|p2a: Clefable
|-damage|p2a: Clefable|57\/393
|-unboost|p2a: Clefable|spd|1
|move|p2a: Clefable|Moonblast|p1a: Police
|-resisted|p1a: Police
|-damage|p1a: Police|227\/282
|-unboost|p1a: Police|spa|1
|
|-heal|p2a: Clefable|81\/393|[from] item: Leftovers
|turn|34
|
|switch|p1a: Eggplants|Azumarill, F|254\/404
|switch|p2a: Chansey|Chansey, F|703\/703
|
|turn|35
|
|move|p1a: Eggplants|Knock Off|p2a: Chansey
|-crit|p2a: Chansey
|-damage|p2a: Chansey|385\/703
|-enditem|p2a: Chansey|Eviolite|[from] move: Knock Off|[of] p1a: Eggplants
|move|p2a: Chansey|Toxic|p1a: Eggplants
|-status|p1a: Eggplants|tox
|
|-damage|p1a: Eggplants|229\/404 tox|[from] psn
|turn|36
|
|switch|p1a: Wedding|Diancie-Mega|241\/241
|move|p2a: Chansey|Protect|p2a: Chansey
|-fail|p2a: Chansey
|
|turn|37
|
|move|p1a: Wedding|Diamond Storm|p2a: Chansey
|-damage|p2a: Chansey|0 fnt
|-boost|p1a: Wedding|def|1
|faint|p2a: Chansey
|
|-message|Gsebastian bot v forfeited.
|
|win|SwiftSandstorm
|raw|Ladder updating...
|leave|Gsebastian bot v
|player|p2
|raw|SwiftSandstorm's rating: 1353 &rarr; <strong>1367<\/strong><br \/>(+14 for winning)
|raw|Gsebastian bot v's rating: 1239 &rarr; <strong>1222<\/strong><br \/>(-17 for losing)