|join|Blackfenix19
|join|Manipulation
|player|p1|Blackfenix19|101
|player|p2|Manipulation|136
|gametype|singles
|gen|6
|tier|OU
|rated
|clearpoke
|poke|p1|Wartortle, M
|poke|p1|Typhlosion, M
|poke|p1|Cacturne, M
|poke|p1|Abomasnow, F
|poke|p1|Crustle, M
|poke|p1|Electivire, F
|poke|p2|Scizor, M
|poke|p2|Talonflame, M
|poke|p2|Gliscor, M
|poke|p2|Landorus-Therian, M
|poke|p2|Goodra, F
|poke|p2|Infernape, M
|rule|Swagger Clause: Swagger is banned
|rule|Baton Pass Clause: Limit one PokÃ©mon knowing Baton Pass
|rule|Sleep Clause Mod: Limit one foe put to sleep
|rule|Species Clause: Limit one of each PokÃ©mon
|rule|OHKO Clause: OHKO moves are banned
|rule|Moody Clause: Moody is banned
|rule|Evasion Moves Clause: Evasion moves are banned
|rule|Endless Battle Clause: Forcing endless battles is banned
|rule|HP Percentage Mod: HP is shown in percentages
|teampreview
|
|start
|switch|p1a: Wartortle|Wartortle, M|317\/317
|switch|p2a: Landorus-Therian|Landorus-Therian, M|320\/320
|-ability|p2a: Landorus-Therian|Intimidate|[of] p1a: Wartortle
|-unboost|p1a: Wartortle|atk|1
|turn|1
|
|move|p2a: Landorus-Therian|U-turn|p1a: Wartortle
|-damage|p1a: Wartortle|260\/317
|
|switch|p2a: Goodra|Goodra, F|322\/322
|move|p1a: Wartortle|Scald|p2a: Goodra
|-resisted|p2a: Goodra
|-damage|p2a: Goodra|309\/322
|
|turn|2
|
|switch|p1a: Abomasnow|Abomasnow, F|384\/384
|move|p2a: Goodra|Thunderbolt|p1a: Abomasnow
|-resisted|p1a: Abomasnow
|-damage|p1a: Abomasnow|323\/384
|
|turn|3
|
|detailschange|p1a: Abomasnow|Abomasnow-Mega, F
|message|Abomasnow has Mega Evolved into Mega Abomasnow!
|-weather|Hail
|move|p2a: Goodra|Fire Blast|p1a: Abomasnow
|-supereffective|p1a: Abomasnow
|-damage|p1a: Abomasnow|0 fnt
|faint|p1a: Abomasnow
|
|-weather|Hail|[upkeep]
|-damage|p2a: Goodra|289\/322|[from] hail
|
|switch|p1a: Crustle|Crustle, M|281\/281
|turn|4
|
|move|p1a: Crustle|Shell Smash|p1a: Crustle
|-boost|p1a: Crustle|atk|2
|-boost|p1a: Crustle|spa|2
|-boost|p1a: Crustle|spe|2
|-unboost|p1a: Crustle|def|1
|-unboost|p1a: Crustle|spd|1
|-enditem|p1a: Crustle|White Herb
|-restoreboost|p1a: Crustle|[silent]
|move|p2a: Goodra|Ice Beam|p1a: Crustle
|-damage|p1a: Crustle|147\/281
|
|-weather|Hail|[upkeep]
|-damage|p1a: Crustle|130\/281|[from] hail
|-damage|p2a: Goodra|269\/322|[from] hail
|turn|5
|
|move|p1a: Crustle|X-Scissor|p2a: Goodra
|-damage|p2a: Goodra|0 fnt
|-unboost|p1a: Crustle|spe|1
|faint|p2a: Goodra
|
|-weather|Hail|[upkeep]
|-damage|p1a: Crustle|113\/281|[from] hail
|-message|Manipulation forfeited.
|
|win|Blackfenix19
|raw|Ladder updating...
|leave|Manipulation
|player|p2
|raw|Blackfenix19's rating: 1293 &rarr; <strong>1317<\/strong><br \/>(+24 for winning)
|raw|Manipulation's rating: 1273 &rarr; <strong>1250<\/strong><br \/>(-23 for losing)