|join|Blackfenix19
|join|Karasuhane
|player|p1|Blackfenix19|1
|player|p2|Karasuhane|124
|gametype|singles
|gen|6
|tier|OU
|rated
|clearpoke
|poke|p1|Darmanitan, M
|poke|p1|Beedrill, M
|poke|p1|Hitmontop, M
|poke|p1|Sylveon, M
|poke|p1|Scizor, F
|poke|p1|Rotom-Wash
|poke|p2|Gengar, F
|poke|p2|Greninja, M
|poke|p2|Metagross
|poke|p2|Skarmory, M
|poke|p2|Heatran, M
|poke|p2|Talonflame, M
|rule|Swagger Clause: Swagger is banned
|rule|Baton Pass Clause: Limit one PokÃ©mon knowing Baton Pass
|rule|Sleep Clause Mod: Limit one foe put to sleep
|rule|Species Clause: Limit one of each PokÃ©mon
|rule|OHKO Clause: OHKO moves are banned
|rule|Moody Clause: Moody is banned
|rule|Evasion Moves Clause: Evasion moves are banned
|rule|Endless Battle Clause: Forcing endless battles is banned
|rule|HP Percentage Mod: HP is shown in percentages
|teampreview
|
|start
|switch|p1a: Beedrill|Beedrill, M|271\/271
|switch|p2a: Greninja|Greninja, M|285\/285
|turn|1
|
|detailschange|p1a: Beedrill|Beedrill-Mega, M
|message|Beedrill has Mega Evolved into Mega Beedrill!
|move|p1a: Beedrill|Protect|p1a: Beedrill
|-singleturn|p1a: Beedrill|Protect
|move|p2a: Greninja|Hydro Pump|p1a: Beedrill
|-start|p2a: Greninja|typechange|Water|[from] Protean
|-activate|p1a: Beedrill|Protect
|
|turn|2
|
|switch|p2a: Skarmory|Skarmory, M|334\/334
|move|p1a: Beedrill|U-turn|p2a: Skarmory
|-resisted|p2a: Skarmory
|-damage|p2a: Skarmory|306\/334
|
|switch|p1a: Darmanitan|Darmanitan, M|352\/352
|
|-heal|p2a: Skarmory|326\/334|[from] item: Leftovers
|turn|3
|
|switch|p2a: Heatran|Heatran, M|326\/326
|-item|p2a: Heatran|Air Balloon
|move|p1a: Darmanitan|Earthquake|p2a: Heatran
|-immune|p2a: Heatran|[msg]
|
|turn|4
|
|switch|p1a: Rotom-Wash|Rotom-Wash|304\/304
|move|p2a: Heatran|Stealth Rock|p1a: Rotom-Wash
|-sidestart|p1: Blackfenix19|move: Stealth Rock
|
|turn|5
|
|switch|p2a: Greninja|Greninja, M|285\/285
|move|p1a: Rotom-Wash|Volt Switch|p2a: Greninja
|-supereffective|p2a: Greninja
|-damage|p2a: Greninja|37\/285
|
|switch|p1a: Beedrill|Beedrill-Mega, M|271\/271
|-damage|p1a: Beedrill|204\/271|[from] Stealth Rock
|
|turn|6
|
|switch|p2a: Skarmory|Skarmory, M|326\/334
|move|p1a: Beedrill|U-turn|p2a: Skarmory
|-resisted|p2a: Skarmory
|-damage|p2a: Skarmory|296\/334
|
|switch|p1a: Hitmontop|Hitmontop, M|304\/304
|-damage|p1a: Hitmontop|285\/304|[from] Stealth Rock
|-ability|p1a: Hitmontop|Intimidate|[of] p2a: Skarmory
|-unboost|p2a: Skarmory|atk|1
|
|-heal|p2a: Skarmory|316\/334|[from] item: Leftovers
|turn|7
|
|move|p2a: Skarmory|Stealth Rock|p1a: Hitmontop
|-fail|p1a: Hitmontop
|move|p1a: Hitmontop|Rapid Spin|p2a: Skarmory
|-resisted|p2a: Skarmory
|-damage|p2a: Skarmory|309\/334
|-sideend|p1: Blackfenix19|Stealth Rock|[from] move: Rapid Spin|[of] p1a: Hitmontop
|
|-heal|p2a: Skarmory|329\/334|[from] item: Leftovers
|turn|8
|
|switch|p1a: Darmanitan|Darmanitan, M|352\/352
|move|p2a: Skarmory|Stealth Rock|p1a: Darmanitan
|-sidestart|p1: Blackfenix19|move: Stealth Rock
|
|-heal|p2a: Skarmory|334\/334|[from] item: Leftovers
|turn|9
|
|move|p1a: Darmanitan|Superpower|p2a: Skarmory
|-damage|p2a: Skarmory|222\/334
|-unboost|p1a: Darmanitan|atk|1
|-unboost|p1a: Darmanitan|def|1
|move|p2a: Skarmory|Brave Bird|p1a: Darmanitan
|-damage|p1a: Darmanitan|151\/352
|-damage|p2a: Skarmory|156\/334|[from] recoil|[of] p1a: Darmanitan
|
|-heal|p2a: Skarmory|176\/334|[from] item: Leftovers
|turn|10
|
|switch|p1a: Rotom-Wash|Rotom-Wash|304\/304
|-damage|p1a: Rotom-Wash|266\/304|[from] Stealth Rock
|move|p2a: Skarmory|Roost|p2a: Skarmory
|-heal|p2a: Skarmory|334\/334
|
|turn|11
|
|move|p1a: Rotom-Wash|Volt Switch|p2a: Skarmory
|-supereffective|p2a: Skarmory
|-damage|p2a: Skarmory|116\/334
|
|switch|p1a: Hitmontop|Hitmontop, M|285\/304
|-damage|p1a: Hitmontop|266\/304|[from] Stealth Rock
|-ability|p1a: Hitmontop|Intimidate|[of] p2a: Skarmory
|-unboost|p2a: Skarmory|atk|1
|move|p2a: Skarmory|Brave Bird|p1a: Hitmontop
|-supereffective|p1a: Hitmontop
|-damage|p1a: Hitmontop|140\/304
|-damage|p2a: Skarmory|74\/334|[from] recoil|[of] p1a: Hitmontop
|
|-heal|p2a: Skarmory|94\/334|[from] item: Leftovers
|turn|12
|
|move|p2a: Skarmory|Roost|p2a: Skarmory
|-heal|p2a: Skarmory|261\/334
|move|p1a: Hitmontop|Close Combat|p2a: Skarmory
|-supereffective|p2a: Skarmory
|-damage|p2a: Skarmory|27\/334
|-unboost|p1a: Hitmontop|def|1
|-unboost|p1a: Hitmontop|spd|1
|
|-heal|p2a: Skarmory|47\/334|[from] item: Leftovers
|turn|13
|
|move|p1a: Hitmontop|Sucker Punch|p2a: Skarmory
|-damage|p2a: Skarmory|0 fnt
|faint|p2a: Skarmory
|
|
|switch|p2a: Talonflame|Talonflame, M|298\/298
|turn|14
|
|move|p2a: Talonflame|Tailwind|p2a: Talonflame
|-sidestart|p2: Karasuhane|move: Tailwind
|move|p1a: Hitmontop|Rapid Spin|p2a: Talonflame
|-damage|p2a: Talonflame|270\/298
|-sideend|p1: Blackfenix19|Stealth Rock|[from] move: Rapid Spin|[of] p1a: Hitmontop
|
|turn|15
|
|switch|p1a: Rotom-Wash|Rotom-Wash|266\/304
|move|p2a: Talonflame|Brave Bird|p1a: Rotom-Wash
|-resisted|p1a: Rotom-Wash
|-damage|p1a: Rotom-Wash|172\/304
|-damage|p2a: Talonflame|239\/298|[from] recoil|[of] p1a: Rotom-Wash
|-damage|p2a: Talonflame|210\/298|[from] item: Life Orb
|
|turn|16
|
|move|p2a: Talonflame|Roost|p2a: Talonflame
|-heal|p2a: Talonflame|298\/298
|move|p1a: Rotom-Wash|Pain Split|p2a: Talonflame
|-sethp|p2a: Talonflame|235\/298|p1a: Rotom-Wash|235\/304|[from] move: Pain Split
|
|turn|17
|
|move|p2a: Talonflame|Brave Bird|p1a: Rotom-Wash
|-resisted|p1a: Rotom-Wash
|-damage|p1a: Rotom-Wash|148\/304
|-damage|p2a: Talonflame|206\/298|[from] recoil|[of] p1a: Rotom-Wash
|-damage|p2a: Talonflame|177\/298|[from] item: Life Orb
|-enditem|p1a: Rotom-Wash|Sitrus Berry|[eat]
|-heal|p1a: Rotom-Wash|224\/304|[from] item: Sitrus Berry
|move|p1a: Rotom-Wash|Volt Switch|p2a: Talonflame
|-supereffective|p2a: Talonflame
|-damage|p2a: Talonflame|0 fnt
|faint|p2a: Talonflame
|
|switch|p1a: Beedrill|Beedrill-Mega, M|204\/271
|
|-sideend|p2: Karasuhane|move: Tailwind
|
|switch|p2a: Heatran|Heatran, M|326\/326
|-item|p2a: Heatran|Air Balloon
|turn|18
|
|move|p1a: Beedrill|U-turn|p2a: Heatran
|-resisted|p2a: Heatran
|-damage|p2a: Heatran|279\/326
|-enditem|p2a: Heatran|Air Balloon
|
|switch|p1a: Hitmontop|Hitmontop, M|140\/304
|-ability|p1a: Hitmontop|Intimidate|[of] p2a: Heatran
|-unboost|p2a: Heatran|atk|1
|move|p2a: Heatran|Stealth Rock|p1a: Hitmontop
|-sidestart|p1: Blackfenix19|move: Stealth Rock
|
|turn|19
|
|move|p2a: Heatran|Overheat|p1a: Hitmontop
|-damage|p1a: Hitmontop|0 fnt
|-unboost|p2a: Heatran|spa|2
|faint|p1a: Hitmontop
|
|
|switch|p1a: Beedrill|Beedrill-Mega, M|204\/271
|-damage|p1a: Beedrill|137\/271|[from] Stealth Rock
|turn|20
|
|switch|p2a: Gengar|Gengar, F|262\/262
|move|p1a: Beedrill|Drill Run|p2a: Gengar
|-immune|p2a: Gengar|[msg]
|
|turn|21
|
|switch|p2a: Heatran|Heatran, M|279\/326
|move|p1a: Beedrill|U-turn|p2a: Heatran
|-resisted|p2a: Heatran
|-damage|p2a: Heatran|237\/326
|
|switch|p1a: Darmanitan|Darmanitan, M|151\/352
|-damage|p1a: Darmanitan|63\/352|[from] Stealth Rock
|
|turn|22
|
|move|p1a: Darmanitan|Flare Blitz|p2a: Heatran
|-start|p2a: Heatran|ability: Flash Fire
|move|p2a: Heatran|Overheat|p1a: Darmanitan|[miss]
|-miss|p2a: Heatran|p1a: Darmanitan
|
|turn|23
|
|move|p1a: Darmanitan|Flare Blitz|p2a: Heatran
|-immune|p2a: Heatran|[msg]
|move|p2a: Heatran|Overheat|p1a: Darmanitan
|-resisted|p1a: Darmanitan
|-damage|p1a: Darmanitan|0 fnt
|-unboost|p2a: Heatran|spa|2
|faint|p1a: Darmanitan
|
|c|âBlackfenix19|you stayed knowingi have eq
|c|âBlackfenix19|lol
|
|switch|p1a: Rotom-Wash|Rotom-Wash|224\/304
|-damage|p1a: Rotom-Wash|186\/304|[from] Stealth Rock
|turn|24
|c|âKarasuhane|expected u expected i swaped to gengar
|c|âKarasuhane|knowing u have 2 moves that gengar is immune to
|c|âKarasuhane|risky move
|c|âBlackfenix19|very
|
|move|p2a: Heatran|Overheat|p1a: Rotom-Wash
|-resisted|p1a: Rotom-Wash
|-damage|p1a: Rotom-Wash|113\/304
|-unboost|p2a: Heatran|spa|2
|move|p1a: Rotom-Wash|Hydro Pump|p2a: Heatran
|-supereffective|p2a: Heatran
|-damage|p2a: Heatran|0 fnt
|faint|p2a: Heatran
|
|c|âBlackfenix19|i like that
|
|switch|p2a: Metagross|Metagross|302\/302
|turn|25
|
|detailschange|p2a: Metagross|Metagross-Mega
|message|Metagross has Mega Evolved into Mega Metagross!
|move|p2a: Metagross|Zen Headbutt|p1a: Rotom-Wash
|-damage|p1a: Rotom-Wash|0 fnt
|faint|p1a: Rotom-Wash
|
|
|switch|p1a: Scizor|Scizor, F|344\/344
|-damage|p1a: Scizor|301\/344|[from] Stealth Rock
|turn|26
|
|move|p2a: Metagross|Earthquake|p1a: Scizor
|-damage|p1a: Scizor|169\/344
|move|p1a: Scizor|Swords Dance|p1a: Scizor
|-boost|p1a: Scizor|atk|2
|
|turn|27
|
|move|p2a: Metagross|Earthquake|p1a: Scizor
|-damage|p1a: Scizor|46\/344
|move|p1a: Scizor|Roost|p1a: Scizor
|-heal|p1a: Scizor|218\/344
|
|turn|28
|
|move|p1a: Scizor|Bullet Punch|p2a: Metagross
|-resisted|p2a: Metagross
|-damage|p2a: Metagross|201\/302
|-damage|p1a: Scizor|184\/344|[from] item: Life Orb
|move|p2a: Metagross|Earthquake|p1a: Scizor
|-damage|p1a: Scizor|54\/344
|
|turn|29
|
|move|p2a: Metagross|Earthquake|p1a: Scizor
|-damage|p1a: Scizor|0 fnt
|faint|p1a: Scizor
|
|c|âBlackfenix19|supid me
|c|âBlackfenix19|should have u turned for the game
|c|âBlackfenix19|-.-
|c|âBlackfenix19|gg
|
|switch|p1a: Beedrill|Beedrill-Mega, M|137\/271
|-damage|p1a: Beedrill|70\/271|[from] Stealth Rock
|turn|30
|c|âKarasuhane|gg man
|c|âKarasuhane|nice game
|
|move|p1a: Beedrill|U-turn|p2a: Metagross
|-damage|p2a: Metagross|81\/302
|
|switch|p1a: Sylveon|Sylveon, M|394\/394
|-damage|p1a: Sylveon|345\/394|[from] Stealth Rock
|move|p2a: Metagross|Earthquake|p1a: Sylveon
|-damage|p1a: Sylveon|158\/394
|
|-heal|p1a: Sylveon|182\/394|[from] item: Leftovers
|turn|31
|c|âBlackfenix19|no bulet punch
|c|âBlackfenix19|?
|
|move|p2a: Metagross|Meteor Mash|p1a: Sylveon|[miss]
|-miss|p2a: Metagross|p1a: Sylveon
|move|p1a: Sylveon|Hidden Power|p2a: Metagross
|-supereffective|p2a: Metagross
|-damage|p2a: Metagross|0 fnt
|faint|p2a: Metagross
|
|-heal|p1a: Sylveon|206\/394|[from] item: Leftovers
|c|âKarasuhane|nope
|c|âKarasuhane|lulz
|c|âKarasuhane|the miss
|
|switch|p2a: Greninja|Greninja, M|37\/285
|turn|32
|c|âBlackfenix19|ight still make it then
|c|âBlackfenix19|lol
|
|move|p2a: Greninja|Gunk Shot|p1a: Sylveon|[miss]
|-start|p2a: Greninja|typechange|Poison|[from] Protean
|-miss|p2a: Greninja|p1a: Sylveon
|move|p1a: Sylveon|Wish|p1a: Sylveon
|
|-heal|p1a: Sylveon|230\/394|[from] item: Leftovers
|turn|33
|c|âKarasuhane|hahahah
|c|âKarasuhane|shitt i think i lost
|c|âKarasuhane|xD
|c|âBlackfenix19|i wish i would have attacked
|
|move|p2a: Greninja|Gunk Shot|p1a: Sylveon
|-supereffective|p1a: Sylveon
|-damage|p1a: Sylveon|0 fnt
|-damage|p2a: Greninja|9\/285|[from] item: Life Orb
|faint|p1a: Sylveon
|
|
|switch|p1a: Beedrill|Beedrill-Mega, M|70\/271
|-damage|p1a: Beedrill|3\/271|[from] Stealth Rock
|turn|34
|c|âKarasuhane|wp man
|c|âBlackfenix19|nah
|
|move|p1a: Beedrill|U-turn|p2a: Greninja
|-resisted|p2a: Greninja
|-damage|p2a: Greninja|0 fnt
|faint|p2a: Greninja
|
|
|switch|p2a: Gengar|Gengar, F|262\/262
|turn|35
|c|âBlackfenix19|im pretty sure gengar can take one hit
|c|âKarasuhane|sash on this
|
|move|p1a: Beedrill|Poison Jab|p2a: Gengar
|-resisted|p2a: Gengar
|-damage|p2a: Gengar|179\/262
|move|p2a: Gengar|Hex|p1a: Beedrill
|-damage|p1a: Beedrill|0 fnt
|faint|p1a: Beedrill
|
|win|Karasuhane
|raw|Ladder updating...
|c|âBlackfenix19|gg
|c|âBlackfenix19|XD
|leave|Blackfenix19
|player|p1
|c|âKarasuhane|gg
|raw|Blackfenix19's rating: 1351 &rarr; <strong>1324<\/strong><br \/>(-27 for losing)
|raw|Karasuhane's rating: 1228 &rarr; <strong>1261<\/strong><br \/>(+33 for winning)