|join|Blackfenix19
|join|YGFamily
|player|p1|Blackfenix19|2
|player|p2|YGFamily|101
|gametype|singles
|gen|6
|tier|OU
|rated
|clearpoke
|poke|p1|Gardevoir, M
|poke|p1|Charizard, M
|poke|p1|Breloom, M
|poke|p1|Volcarona, M, shiny
|poke|p1|Empoleon, F
|poke|p1|Crobat, F
|poke|p2|Conkeldurr, M
|poke|p2|Medicham, F
|poke|p2|Rotom-Wash
|poke|p2|Umbreon, M
|poke|p2|Espeon, F
|poke|p2|Drapion, M
|rule|Swagger Clause: Swagger is banned
|rule|Baton Pass Clause: Limit one PokÃ©mon knowing Baton Pass
|rule|Sleep Clause Mod: Limit one foe put to sleep
|rule|Species Clause: Limit one of each PokÃ©mon
|rule|OHKO Clause: OHKO moves are banned
|rule|Moody Clause: Moody is banned
|rule|Evasion Moves Clause: Evasion moves are banned
|rule|Endless Battle Clause: Forcing endless battles is banned
|rule|HP Percentage Mod: HP is shown in percentages
|teampreview
|
|start
|switch|p1a: Crobat|Crobat, F|374\/374
|switch|p2a: Medicham|Medicham, F|261\/261
|turn|1
|
|detailschange|p2a: Medicham|Medicham-Mega, F
|message|Medicham has Mega Evolved into Mega Medicham!
|move|p2a: Medicham|Fake Out|p1a: Crobat
|-damage|p1a: Crobat|268\/374
|cant|p1a: Crobat|flinch
|
|-heal|p1a: Crobat|291\/374|[from] item: Black Sludge
|turn|2
|
|switch|p2a: Rotom-Wash|Rotom-Wash|304\/304
|move|p1a: Crobat|Super Fang|p2a: Rotom-Wash
|-damage|p2a: Rotom-Wash|152\/304
|
|-heal|p1a: Crobat|314\/374|[from] item: Black Sludge
|-heal|p2a: Rotom-Wash|171\/304|[from] item: Leftovers
|turn|3
|
|move|p1a: Crobat|Super Fang|p2a: Rotom-Wash
|-damage|p2a: Rotom-Wash|86\/304
|move|p2a: Rotom-Wash|Pain Split|p1a: Crobat
|-sethp|p1a: Crobat|200\/374|p2a: Rotom-Wash|200\/304|[from] move: Pain Split
|
|-heal|p1a: Crobat|223\/374|[from] item: Black Sludge
|-heal|p2a: Rotom-Wash|219\/304|[from] item: Leftovers
|turn|4
|
|move|p1a: Crobat|Taunt|p2a: Rotom-Wash
|-start|p2a: Rotom-Wash|move: Taunt
|move|p2a: Rotom-Wash|Volt Switch|p1a: Crobat
|-supereffective|p1a: Crobat
|-damage|p1a: Crobat|1\/374
|
|switch|p2a: Medicham|Medicham-Mega, F|261\/261
|
|-heal|p1a: Crobat|24\/374|[from] item: Black Sludge
|turn|5
|
|move|p2a: Medicham|Bullet Punch|p1a: Crobat
|-damage|p1a: Crobat|0 fnt
|faint|p1a: Crobat
|
|
|switch|p1a: Volcarona|Volcarona, M, shiny|374\/374
|turn|6
|
|switch|p2a: Drapion|Drapion, M|281\/281
|move|p1a: Volcarona|Quiver Dance|p1a: Volcarona
|-boost|p1a: Volcarona|spa|1
|-boost|p1a: Volcarona|spd|1
|-boost|p1a: Volcarona|spe|1
|
|turn|7
|
|move|p1a: Volcarona|Fiery Dance|p2a: Drapion
|-damage|p2a: Drapion|173\/281
|move|p2a: Drapion|Knock Off|p1a: Volcarona
|-damage|p1a: Volcarona|227\/374
|-enditem|p1a: Volcarona|Sitrus Berry|[from] move: Knock Off|[of] p2a: Drapion
|
|turn|8
|
|move|p1a: Volcarona|Quiver Dance|p1a: Volcarona
|-boost|p1a: Volcarona|spa|1
|-boost|p1a: Volcarona|spd|1
|-boost|p1a: Volcarona|spe|1
|move|p2a: Drapion|Poison Jab|p1a: Volcarona
|-damage|p1a: Volcarona|119\/374
|-status|p2a: Drapion|brn
|
|-damage|p2a: Drapion|138\/281 brn|[from] brn
|turn|9
|
|move|p1a: Volcarona|Bug Buzz|p2a: Drapion
|-damage|p2a: Drapion|0 fnt
|faint|p2a: Drapion
|
|
|switch|p2a: Medicham|Medicham-Mega, F|261\/261
|turn|10
|
|move|p2a: Medicham|Fake Out|p1a: Volcarona
|-damage|p1a: Volcarona|38\/374
|-status|p2a: Medicham|brn
|cant|p1a: Volcarona|flinch
|
|-damage|p2a: Medicham|229\/261 brn|[from] brn
|turn|11
|
|move|p2a: Medicham|Bullet Punch|p1a: Volcarona
|-resisted|p1a: Volcarona
|-damage|p1a: Volcarona|16\/374
|move|p1a: Volcarona|Giga Drain|p2a: Medicham
|-damage|p2a: Medicham|58\/261 brn
|-heal|p1a: Volcarona|102\/374|[from] drain|[of] p2a: Medicham
|
|-damage|p2a: Medicham|26\/261 brn|[from] brn
|turn|12
|-message|YGFamily forfeited.
|
|win|Blackfenix19
|raw|Ladder updating...
|leave|YGFamily
|player|p2
|raw|Blackfenix19's rating: 1347 &rarr; <strong>1367<\/strong><br \/>(+20 for winning)
|raw|YGFamily's rating: 1347 &rarr; <strong>1327<\/strong><br \/>(-20 for losing)