|join|Main Ape
|join|Blackfenix19
|player|p1|Main Ape|162
|player|p2|Blackfenix19|102
|gametype|singles
|gen|6
|tier|OU
|rated
|clearpoke
|poke|p1|Dragonite, F
|poke|p1|Blissey, F
|poke|p1|Sableye, M, shiny
|poke|p1|Whimsicott, F
|poke|p1|Gengar, F
|poke|p1|Slowbro, M
|poke|p2|Mightyena, F
|poke|p2|Nidoking, M
|poke|p2|Hitmontop, M
|poke|p2|Metagross
|poke|p2|Slowking, M
|poke|p2|Toxicroak, F
|rule|Swagger Clause: Swagger is banned
|rule|Baton Pass Clause: Limit one PokÃ©mon knowing Baton Pass
|rule|Sleep Clause Mod: Limit one foe put to sleep
|rule|Species Clause: Limit one of each PokÃ©mon
|rule|OHKO Clause: OHKO moves are banned
|rule|Moody Clause: Moody is banned
|rule|Evasion Moves Clause: Evasion moves are banned
|rule|Endless Battle Clause: Forcing endless battles is banned
|rule|HP Percentage Mod: HP is shown in percentages
|teampreview
|
|start
|switch|p1a: Gizmo|Sableye, M, shiny|304\/304
|switch|p2a: Metagross|Metagross|364\/364
|turn|1
|
|move|p1a: Gizmo|Will-O-Wisp|p2a: Metagross
|-status|p2a: Metagross|brn
|move|p2a: Metagross|Rock Polish|p2a: Metagross
|-boost|p2a: Metagross|spe|2
|
|-damage|p2a: Metagross|319\/364 brn|[from] brn
|turn|2
|
|move|p2a: Metagross|Meteor Mash|p1a: Gizmo
|-damage|p1a: Gizmo|223\/304
|move|p1a: Gizmo|Knock Off|p2a: Metagross
|-supereffective|p2a: Metagross
|-damage|p2a: Metagross|173\/364 brn
|-enditem|p2a: Metagross|Weakness Policy
|-boost|p2a: Metagross|atk|2|[from] item: Weakness Policy
|-boost|p2a: Metagross|spa|2|[from] item: Weakness Policy
|
|-damage|p2a: Metagross|128\/364 brn|[from] brn
|turn|3
|
|move|p2a: Metagross|Meteor Mash|p1a: Gizmo
|-damage|p1a: Gizmo|67\/304
|move|p1a: Gizmo|Knock Off|p2a: Metagross
|-supereffective|p2a: Metagross
|-damage|p2a: Metagross|30\/364 brn
|
|-damage|p2a: Metagross|0 fnt|[from] brn
|faint|p2a: Metagross
|
|switch|p2a: Nidoking|Nidoking, M|303\/303
|turn|4
|
|switch|p1a: Blissey|Blissey, F|714\/714
|move|p2a: Nidoking|Flamethrower|p1a: Blissey
|-damage|p1a: Blissey|640\/714
|
|-heal|p1a: Blissey|684\/714|[from] item: Leftovers
|turn|5
|
|switch|p2a: Hitmontop|Hitmontop, M|304\/304
|-ability|p2a: Hitmontop|Intimidate|[of] p1a: Blissey
|-unboost|p1a: Blissey|atk|1
|move|p1a: Blissey|Stealth Rock|p2a: Hitmontop
|-sidestart|p2: Blackfenix19|move: Stealth Rock
|
|-heal|p1a: Blissey|714\/714|[from] item: Leftovers
|turn|6
|
|switch|p1a: Gizmo|Sableye, M, shiny|67\/304
|move|p2a: Hitmontop|Earthquake|p1a: Gizmo
|-damage|p1a: Gizmo|0 fnt
|faint|p1a: Gizmo
|
|
|switch|p1a: Gozer|Gengar, F|262\/262
|turn|7
|
|move|p2a: Hitmontop|Sucker Punch|p1a: Gozer
|-supereffective|p1a: Gozer
|-damage|p1a: Gozer|4\/262
|move|p1a: Gozer|Shadow Ball|p2a: Hitmontop
|-damage|p2a: Hitmontop|219\/304
|
|-heal|p1a: Gozer|20\/262|[from] item: Black Sludge
|turn|8
|
|move|p2a: Hitmontop|Sucker Punch|p1a: Gozer
|-fail|p1a: Gozer
|move|p1a: Gozer|Disable|p2a: Hitmontop
|-start|p2a: Hitmontop|Disable|Sucker Punch
|
|-heal|p1a: Gozer|36\/262|[from] item: Black Sludge
|turn|9
|
|switch|p2a: Slowking|Slowking, M|394\/394
|-damage|p2a: Slowking|345\/394|[from] Stealth Rock
|move|p1a: Gozer|Sludge Wave|p2a: Slowking
|-damage|p2a: Slowking|224\/394
|
|-heal|p1a: Gozer|52\/262|[from] item: Black Sludge
|-heal|p2a: Slowking|248\/394|[from] item: Leftovers
|turn|10
|
|move|p1a: Gozer|Shadow Ball|p2a: Slowking
|-supereffective|p2a: Slowking
|-damage|p2a: Slowking|60\/394
|move|p2a: Slowking|Scald|p1a: Gozer
|-damage|p1a: Gozer|0 fnt
|faint|p1a: Gozer
|
|-heal|p2a: Slowking|84\/394|[from] item: Leftovers
|
|switch|p1a: Dragonite|Dragonite, F|324\/324
|turn|11
|
|move|p1a: Dragonite|Dragon Dance|p1a: Dragonite
|-boost|p1a: Dragonite|atk|1
|-boost|p1a: Dragonite|spe|1
|move|p2a: Slowking|Scald|p1a: Dragonite
|-resisted|p1a: Dragonite
|-damage|p1a: Dragonite|299\/324
|-status|p1a: Dragonite|brn
|
|-heal|p2a: Slowking|108\/394|[from] item: Leftovers
|-damage|p1a: Dragonite|259\/324 brn|[from] brn
|turn|12
|
|switch|p2a: Hitmontop|Hitmontop, M|219\/304
|-damage|p2a: Hitmontop|200\/304|[from] Stealth Rock
|-ability|p2a: Hitmontop|Intimidate|[of] p1a: Dragonite
|-unboost|p1a: Dragonite|atk|1
|move|p1a: Dragonite|Dragon Dance|p1a: Dragonite
|-boost|p1a: Dragonite|atk|1
|-boost|p1a: Dragonite|spe|1
|
|-damage|p1a: Dragonite|219\/324 brn|[from] brn
|turn|13
|
|move|p1a: Dragonite|Dragon Dance|p1a: Dragonite
|-boost|p1a: Dragonite|atk|1
|-boost|p1a: Dragonite|spe|1
|move|p2a: Hitmontop|Rapid Spin|p1a: Dragonite
|-damage|p1a: Dragonite|198\/324 brn
|-sideend|p2: Blackfenix19|Stealth Rock|[from] move: Rapid Spin|[of] p2a: Hitmontop
|
|-damage|p1a: Dragonite|158\/324 brn|[from] brn
|turn|14
|
|switch|p2a: Slowking|Slowking, M|239\/394
|move|p1a: Dragonite|Extreme Speed|p2a: Slowking
|-damage|p2a: Slowking|112\/394
|
|-heal|p2a: Slowking|136\/394|[from] item: Leftovers
|-damage|p1a: Dragonite|118\/324 brn|[from] brn
|turn|15
|
|move|p1a: Dragonite|Dragon Claw|p2a: Slowking
|-damage|p2a: Slowking|0 fnt
|faint|p2a: Slowking
|
|-damage|p1a: Dragonite|78\/324 brn|[from] brn
|
|switch|p2a: Mightyena|Mightyena, F|281\/281
|turn|16
|
|move|p2a: Mightyena|Sucker Punch|p1a: Dragonite
|-damage|p1a: Dragonite|0 fnt
|faint|p1a: Dragonite
|-boost|p2a: Mightyena|atk|1|[from] ability: Moxie
|
|
|switch|p1a: Whimsicott|Whimsicott, F|324\/324
|turn|17
|
|move|p1a: Whimsicott|Leech Seed|p2a: Mightyena
|-start|p2a: Mightyena|move: Leech Seed
|move|p2a: Mightyena|Poison Fang|p1a: Whimsicott
|-supereffective|p1a: Whimsicott
|-damage|p1a: Whimsicott|0 fnt
|faint|p1a: Whimsicott
|-boost|p2a: Mightyena|atk|1|[from] ability: Moxie
|
|
|switch|p1a: Slowbro|Slowbro, M|394\/394
|turn|18
|
|move|p2a: Mightyena|Crunch|p1a: Slowbro
|-supereffective|p1a: Slowbro
|-damage|p1a: Slowbro|0 fnt
|faint|p1a: Slowbro
|-boost|p2a: Mightyena|atk|1|[from] ability: Moxie
|
|-message|Main Ape forfeited.
|
|win|Blackfenix19
|raw|Ladder updating...
|leave|Main Ape
|player|p1
|raw|Main Ape's rating: 1382 &rarr; <strong>1358<\/strong><br \/>(-24 for losing)
|raw|Blackfenix19's rating: 1314 &rarr; <strong>1338<\/strong><br \/>(+24 for winning)