|join|Blackfenix19
|join|Azuretta
|player|p1|Blackfenix19|1
|player|p2|Azuretta|34
|gametype|singles
|gen|6
|tier|OU
|rated
|clearpoke
|poke|p1|Gliscor, M
|poke|p1|Bisharp, F
|poke|p1|Arcanine, M
|poke|p1|Pinsir, F
|poke|p1|Sylveon, F
|poke|p1|Alakazam, M
|poke|p2|Zapdos
|poke|p2|Arcanine, M
|poke|p2|Milotic, F
|poke|p2|Gliscor, M
|poke|p2|Hydreigon, F
|poke|p2|Heracross, M
|rule|Swagger Clause: Swagger is banned
|rule|Baton Pass Clause: Limit one PokÃ©mon knowing Baton Pass
|rule|Sleep Clause Mod: Limit one foe put to sleep
|rule|Species Clause: Limit one of each PokÃ©mon
|rule|OHKO Clause: OHKO moves are banned
|rule|Moody Clause: Moody is banned
|rule|Evasion Moves Clause: Evasion moves are banned
|rule|Endless Battle Clause: Forcing endless battles is banned
|rule|HP Percentage Mod: HP is shown in percentages
|teampreview
|
|start
|switch|p1a: Pinsir|Pinsir, F|271\/271
|switch|p2a: Gliscor|Gliscor, M|354\/354
|turn|1
|
|switch|p1a: Gliscor|Gliscor, M|350\/350
|move|p2a: Gliscor|Toxic|p1a: Gliscor
|-status|p1a: Gliscor|tox
|
|-status|p2a: Gliscor|tox|[from] item: Toxic Orb
|turn|2
|
|move|p1a: Gliscor|Swords Dance|p1a: Gliscor
|-boost|p1a: Gliscor|atk|2
|move|p2a: Gliscor|Stealth Rock|p1a: Gliscor
|-sidestart|p1: Blackfenix19|move: Stealth Rock
|
|turn|3
|
|move|p1a: Gliscor|Swords Dance|p1a: Gliscor
|-boost|p1a: Gliscor|atk|2
|move|p2a: Gliscor|Taunt|p1a: Gliscor
|-start|p1a: Gliscor|move: Taunt
|
|turn|4
|
|switch|p2a: Milotic|Milotic, F|332\/332
|move|p1a: Gliscor|Fling|p2a: Milotic
|-enditem|p1a: Gliscor|Toxic Orb|[from] move: Fling
|-damage|p2a: Milotic|242\/332
|-status|p2a: Milotic|tox
|
|-heal|p2a: Milotic|262\/332 tox|[from] item: Leftovers
|-damage|p2a: Milotic|242\/332 tox|[from] psn
|turn|5
|
|move|p1a: Gliscor|Earthquake|p2a: Milotic
|-crit|p2a: Milotic
|-damage|p2a: Milotic|0 fnt
|faint|p2a: Milotic
|
|
|switch|p2a: Hydreigon|Hydreigon, F|325\/325
|turn|6
|
|move|p2a: Hydreigon|Draco Meteor|p1a: Gliscor
|-damage|p1a: Gliscor|67\/350 tox
|-unboost|p2a: Hydreigon|spa|2
|move|p1a: Gliscor|Acrobatics|p2a: Hydreigon
|-damage|p2a: Hydreigon|0 fnt
|faint|p2a: Hydreigon
|
|-heal|p1a: Gliscor|110\/350 tox|[from] ability: Poison Heal
|-end|p1a: Gliscor|move: Taunt
|
|switch|p2a: Arcanine|Arcanine, M|321\/321
|-ability|p2a: Arcanine|Intimidate|[of] p1a: Gliscor
|-unboost|p1a: Gliscor|atk|1
|turn|7
|
|move|p2a: Arcanine|Extreme Speed|p1a: Gliscor
|-damage|p1a: Gliscor|37\/350 tox
|-damage|p2a: Arcanine|289\/321|[from] item: Life Orb
|move|p1a: Gliscor|Earthquake|p2a: Arcanine
|-supereffective|p2a: Arcanine
|-damage|p2a: Arcanine|0 fnt
|faint|p2a: Arcanine
|
|-heal|p1a: Gliscor|80\/350 tox|[from] ability: Poison Heal
|-message|Azuretta forfeited.
|
|win|Blackfenix19
|raw|Ladder updating...
|leave|Azuretta
|player|p2
|raw|Ladder (probably) updated, but score could not be retrieved (timeout).
|raw|Ladder (probably) updated, but score could not be retrieved (Error: socket hang up).