|join|Blackfenix19
|join|The Ash Raichu
|player|p1|Blackfenix19|102
|player|p2|The Ash Raichu|208
|gametype|singles
|gen|6
|tier|OU
|rated
|clearpoke
|poke|p1|Mightyena, F
|poke|p1|Nidoking, M
|poke|p1|Hitmontop, M
|poke|p1|Metagross
|poke|p1|Slowking, F
|poke|p1|Toxicroak, F
|poke|p2|Gliscor, M, shiny
|poke|p2|Chansey, F, shiny
|poke|p2|Mandibuzz, F, shiny
|poke|p2|Ferrothorn, M, shiny
|poke|p2|Clefable, F, shiny
|poke|p2|Rotom-Wash, shiny
|rule|Swagger Clause: Swagger is banned
|rule|Baton Pass Clause: Limit one PokÃ©mon knowing Baton Pass
|rule|Sleep Clause Mod: Limit one foe put to sleep
|rule|Species Clause: Limit one of each PokÃ©mon
|rule|OHKO Clause: OHKO moves are banned
|rule|Moody Clause: Moody is banned
|rule|Evasion Moves Clause: Evasion moves are banned
|rule|Endless Battle Clause: Forcing endless battles is banned
|rule|HP Percentage Mod: HP is shown in percentages
|teampreview
|
|start
|switch|p1a: Nidoking|Nidoking, M|303\/303
|switch|p2a: Spike|Ferrothorn, M, shiny|352\/352
|turn|1
|
|move|p1a: Nidoking|Flamethrower|p2a: Spike
|-crit|p2a: Spike
|-supereffective|p2a: Spike
|-damage|p2a: Spike|0 fnt
|faint|p2a: Spike
|
|
|switch|p2a: Bonehead|Mandibuzz, F, shiny|424\/424
|turn|2
|
|move|p1a: Nidoking|Ice Beam|p2a: Bonehead
|-supereffective|p2a: Bonehead
|-damage|p2a: Bonehead|248\/424
|move|p2a: Bonehead|Embargo|p1a: Nidoking
|-start|p1a: Nidoking|Embargo
|
|turn|3
|
|move|p1a: Nidoking|Ice Beam|p2a: Bonehead
|-supereffective|p2a: Bonehead
|-damage|p2a: Bonehead|66\/424
|move|p2a: Bonehead|Roost|p2a: Bonehead
|-heal|p2a: Bonehead|278\/424
|
|turn|4
|
|move|p1a: Nidoking|Ice Beam|p2a: Bonehead
|-supereffective|p2a: Bonehead
|-damage|p2a: Bonehead|118\/424
|move|p2a: Bonehead|Foul Play|p1a: Nidoking
|-damage|p1a: Nidoking|93\/303
|
|turn|5
|
|move|p1a: Nidoking|Ice Beam|p2a: Bonehead
|-supereffective|p2a: Bonehead
|-damage|p2a: Bonehead|0 fnt
|faint|p2a: Bonehead
|
|
|switch|p2a: Virus|Rotom-Wash, shiny|304\/304
|turn|6
|
|switch|p1a: Mightyena|Mightyena, F|281\/281
|move|p2a: Virus|Will-O-Wisp|p1a: Mightyena
|-status|p1a: Mightyena|brn
|
|-damage|p1a: Mightyena|246\/281 brn|[from] brn
|turn|7
|
|move|p1a: Mightyena|Crunch|p2a: Virus
|-damage|p2a: Virus|237\/304
|move|p2a: Virus|Volt Switch|p1a: Mightyena
|-crit|p1a: Mightyena
|-damage|p1a: Mightyena|36\/281 brn
|
|switch|p2a: Prettybat|Gliscor, M, shiny|354\/354
|
|-damage|p1a: Mightyena|1\/281 brn|[from] brn
|-status|p2a: Prettybat|tox|[from] item: Toxic Orb
|turn|8
|
|move|p1a: Mightyena|Crunch|p2a: Prettybat
|-damage|p2a: Prettybat|302\/354 tox
|move|p2a: Prettybat|Substitute|p2a: Prettybat
|-start|p2a: Prettybat|Substitute
|-damage|p2a: Prettybat|214\/354 tox
|
|-damage|p1a: Mightyena|0 fnt|[from] brn
|-heal|p2a: Prettybat|258\/354 tox|[from] ability: Poison Heal
|faint|p1a: Mightyena
|
|switch|p1a: Slowking|Slowking, F|394\/394
|turn|9
|
|move|p2a: Prettybat|Protect|p2a: Prettybat
|-singleturn|p2a: Prettybat|Protect
|move|p1a: Slowking|Scald|p2a: Prettybat
|-activate|p2a: Prettybat|Protect
|
|-heal|p2a: Prettybat|302\/354 tox|[from] ability: Poison Heal
|turn|10
|
|move|p2a: Prettybat|Earthquake|p1a: Slowking
|-damage|p1a: Slowking|253\/394
|move|p1a: Slowking|Scald|p2a: Prettybat
|-supereffective|p2a: Prettybat
|-end|p2a: Prettybat|Substitute
|
|-heal|p1a: Slowking|277\/394|[from] item: Leftovers
|-heal|p2a: Prettybat|346\/354 tox|[from] ability: Poison Heal
|turn|11
|
|switch|p2a: Virus|Rotom-Wash, shiny|237\/304
|move|p1a: Slowking|Ice Beam|p2a: Virus
|-resisted|p2a: Virus
|-damage|p2a: Virus|213\/304
|
|-heal|p1a: Slowking|301\/394|[from] item: Leftovers
|turn|12
|
|move|p2a: Virus|Will-O-Wisp|p1a: Slowking
|-status|p1a: Slowking|brn
|move|p1a: Slowking|Slack Off|p1a: Slowking
|-heal|p1a: Slowking|394\/394 brn
|
|-damage|p1a: Slowking|345\/394 brn|[from] brn
|turn|13
|
|move|p2a: Virus|Volt Switch|p1a: Slowking
|-supereffective|p1a: Slowking
|-damage|p1a: Slowking|225\/394 brn
|
|switch|p2a: Egghead|Chansey, F, shiny|704\/704
|move|p1a: Slowking|Psyshock|p2a: Egghead
|-damage|p2a: Egghead|589\/704
|
|-heal|p1a: Slowking|249\/394 brn|[from] item: Leftovers
|-damage|p1a: Slowking|200\/394 brn|[from] brn
|turn|14
|
|switch|p1a: Metagross|Metagross|364\/364
|move|p2a: Egghead|Seismic Toss|p1a: Metagross
|-damage|p1a: Metagross|264\/364
|
|turn|15
|
|switch|p2a: Prettybat|Gliscor, M, shiny|346\/354 tox
|move|p1a: Metagross|Rock Polish|p1a: Metagross
|-boost|p1a: Metagross|spe|2
|
|-heal|p2a: Prettybat|354\/354 tox|[from] ability: Poison Heal
|turn|16
|
|move|p1a: Metagross|Meteor Mash|p2a: Prettybat
|-damage|p2a: Prettybat|236\/354 tox
|move|p2a: Prettybat|Substitute|p2a: Prettybat
|-start|p2a: Prettybat|Substitute
|-damage|p2a: Prettybat|148\/354 tox
|
|-heal|p2a: Prettybat|192\/354 tox|[from] ability: Poison Heal
|turn|17
|
|move|p2a: Prettybat|Protect|p2a: Prettybat
|-singleturn|p2a: Prettybat|Protect
|move|p1a: Metagross|Meteor Mash|p2a: Prettybat
|-activate|p2a: Prettybat|Protect
|
|-heal|p2a: Prettybat|236\/354 tox|[from] ability: Poison Heal
|turn|18
|
|move|p1a: Metagross|Meteor Mash|p2a: Prettybat
|-end|p2a: Prettybat|Substitute
|move|p2a: Prettybat|Earthquake|p1a: Metagross
|-supereffective|p1a: Metagross
|-damage|p1a: Metagross|52\/364
|-enditem|p1a: Metagross|Weakness Policy
|-boost|p1a: Metagross|atk|2|[from] item: Weakness Policy
|-boost|p1a: Metagross|spa|2|[from] item: Weakness Policy
|
|-heal|p2a: Prettybat|280\/354 tox|[from] ability: Poison Heal
|turn|19
|
|move|p1a: Metagross|Meteor Mash|p2a: Prettybat
|-crit|p2a: Prettybat
|-damage|p2a: Prettybat|0 fnt
|faint|p2a: Prettybat
|
|
|switch|p2a: Virus|Rotom-Wash, shiny|213\/304
|turn|20
|
|move|p1a: Metagross|Zen Headbutt|p2a: Virus
|-damage|p2a: Virus|0 fnt
|faint|p2a: Virus
|
|
|switch|p2a: Vayl|Clefable, F, shiny|394\/394
|turn|21
|
|move|p1a: Metagross|Meteor Mash|p2a: Vayl
|-supereffective|p2a: Vayl
|-damage|p2a: Vayl|0 fnt
|faint|p2a: Vayl
|
|
|switch|p2a: Egghead|Chansey, F, shiny|589\/704
|turn|22
|
|move|p1a: Metagross|Meteor Mash|p2a: Egghead
|-damage|p2a: Egghead|91\/704
|-boost|p1a: Metagross|atk|1
|move|p2a: Egghead|Seismic Toss|p1a: Metagross
|-damage|p1a: Metagross|0 fnt
|faint|p1a: Metagross
|
|
|switch|p1a: Nidoking|Nidoking, M|93\/303
|turn|23
|
|move|p1a: Nidoking|Earthquake|p2a: Egghead
|-damage|p2a: Egghead|0 fnt
|faint|p2a: Egghead
|
|win|Blackfenix19
|raw|Ladder updating...
|leave|The Ash Raichu
|player|p2
|raw|Ladder (probably) updated, but score could not be retrieved (timeout).
|raw|Ladder (probably) updated, but score could not be retrieved (Error: socket hang up).