|join|Wilex
|join|Blackfenix19
|player|p1|Wilex|99
|player|p2|Blackfenix19|2
|gametype|singles
|gen|6
|tier|OU
|rated
|clearpoke
|poke|p1|Greninja, M, shiny
|poke|p1|Lopunny, F
|poke|p1|Bisharp, F
|poke|p1|Rotom-Wash
|poke|p1|Jirachi
|poke|p1|Landorus, M, shiny
|poke|p2|Darmanitan, M
|poke|p2|Beedrill, F
|poke|p2|Donphan, M
|poke|p2|Sylveon, M
|poke|p2|Cacturne, F
|poke|p2|Mamoswine, F
|rule|Swagger Clause: Swagger is banned
|rule|Baton Pass Clause: Limit one PokÃ©mon knowing Baton Pass
|rule|Sleep Clause Mod: Limit one foe put to sleep
|rule|Species Clause: Limit one of each PokÃ©mon
|rule|OHKO Clause: OHKO moves are banned
|rule|Moody Clause: Moody is banned
|rule|Evasion Moves Clause: Evasion moves are banned
|rule|Endless Battle Clause: Forcing endless battles is banned
|rule|HP Percentage Mod: HP is shown in percentages
|teampreview
|
|start
|switch|p1a: Greninja|Greninja, M, shiny|285\/285
|switch|p2a: Beedrill|Beedrill, F|271\/271
|turn|1
|
|switch|p2a: Sylveon|Sylveon, M|394\/394
|move|p1a: Greninja|Toxic Spikes|p2a: Sylveon
|-start|p1a: Greninja|typechange|Poison|[from] Protean
|-sidestart|p2: Blackfenix19|move: Toxic Spikes
|
|turn|2
|
|move|p1a: Greninja|U-turn|p2a: Sylveon
|-start|p1a: Greninja|typechange|Bug|[from] Protean
|-resisted|p2a: Sylveon
|-damage|p2a: Sylveon|319\/394
|-damage|p1a: Greninja|257\/285|[from] item: Life Orb
|
|switch|p1a: Jirachi Jirachi|Jirachi|359\/359
|move|p2a: Sylveon|Psyshock|p1a: Jirachi Jirachi
|-resisted|p1a: Jirachi Jirachi
|-damage|p1a: Jirachi Jirachi|337\/359
|
|-heal|p2a: Sylveon|343\/394|[from] item: Leftovers
|turn|3
|
|move|p1a: Jirachi Jirachi|U-turn|p2a: Sylveon
|-resisted|p2a: Sylveon
|-damage|p2a: Sylveon|290\/394
|
|switch|p1a: Red Ranger|Bisharp, F|291\/291
|move|p2a: Sylveon|Hidden Power|p1a: Red Ranger
|-crit|p1a: Red Ranger
|-supereffective|p1a: Red Ranger
|-damage|p1a: Red Ranger|27\/291
|
|-heal|p2a: Sylveon|314\/394|[from] item: Leftovers
|turn|4
|
|move|p1a: Red Ranger|Iron Head|p2a: Sylveon
|-supereffective|p2a: Sylveon
|-damage|p2a: Sylveon|0 fnt
|faint|p2a: Sylveon
|
|
|switch|p2a: Beedrill|Beedrill, F|271\/271
|-sideend|p2: Blackfenix19|move: Toxic Spikes|[of] p2a: Beedrill
|turn|5
|
|detailschange|p2a: Beedrill|Beedrill-Mega, F
|message|Beedrill has Mega Evolved into Mega Beedrill!
|move|p1a: Red Ranger|Sucker Punch|p2a: Beedrill
|-damage|p2a: Beedrill|0 fnt
|faint|p2a: Beedrill
|
|
|switch|p2a: Cacturne|Cacturne, F|281\/281
|turn|6
|
|move|p1a: Red Ranger|Taunt|p2a: Cacturne
|-start|p2a: Cacturne|move: Taunt
|cant|p2a: Cacturne|move: Taunt|Swords Dance
|
|turn|7
|
|move|p2a: Cacturne|Sucker Punch|p1a: Red Ranger
|-resisted|p1a: Red Ranger
|-damage|p1a: Red Ranger|0 fnt
|-damage|p2a: Cacturne|253\/281|[from] item: Life Orb
|faint|p1a: Red Ranger
|
|
|switch|p1a: Greninja|Greninja, M, shiny|257\/285
|turn|8
|
|move|p2a: Cacturne|Sucker Punch|p1a: Greninja
|-fail|p1a: Greninja
|move|p1a: Greninja|Toxic Spikes|p2a: Cacturne
|-start|p1a: Greninja|typechange|Poison|[from] Protean
|-sidestart|p2: Blackfenix19|move: Toxic Spikes
|
|-end|p2a: Cacturne|move: Taunt
|turn|9
|
|move|p1a: Greninja|U-turn|p2a: Cacturne
|-start|p1a: Greninja|typechange|Bug|[from] Protean
|-supereffective|p2a: Cacturne
|-damage|p2a: Cacturne|0 fnt
|-damage|p1a: Greninja|229\/285|[from] item: Life Orb
|faint|p2a: Cacturne
|
|switch|p1a: Lopunny|Lopunny, F|271\/271
|
|-message|Blackfenix19 forfeited.
|
|win|Wilex
|raw|Ladder updating...
|leave|Blackfenix19
|player|p2
|raw|Wilex's rating: 1396 &rarr; <strong>1411<\/strong><br \/>(+15 for winning)
|raw|Blackfenix19's rating: 1304 &rarr; <strong>1290<\/strong><br \/>(-14 for losing)