|join|Blackfenix19
|join|prodigy101
|player|p1|Blackfenix19|102
|player|p2|prodigy101|224
|gametype|singles
|gen|6
|tier|OU
|rated
|clearpoke
|poke|p1|Jolteon, F
|poke|p1|Cacturne, M
|poke|p1|Staraptor, F
|poke|p1|Donphan, F
|poke|p1|Houndoom, F
|poke|p1|Lucario, F
|poke|p2|Medicham, F
|poke|p2|Magnezone
|poke|p2|Gengar, M
|poke|p2|Rotom-Wash
|poke|p2|Galvantula, F
|poke|p2|Blissey, F
|rule|Swagger Clause: Swagger is banned
|rule|Baton Pass Clause: Limit one PokÃ©mon knowing Baton Pass
|rule|Sleep Clause Mod: Limit one foe put to sleep
|rule|Species Clause: Limit one of each PokÃ©mon
|rule|OHKO Clause: OHKO moves are banned
|rule|Moody Clause: Moody is banned
|rule|Evasion Moves Clause: Evasion moves are banned
|rule|Endless Battle Clause: Forcing endless battles is banned
|rule|HP Percentage Mod: HP is shown in percentages
|teampreview
|
|start
|switch|p1a: Donphan|Donphan, F|384\/384
|switch|p2a: Galvantula|Galvantula, F|281\/281
|turn|1
|
|move|p2a: Galvantula|Sticky Web|p1a: Donphan
|-sidestart|p1: Blackfenix19|move: Sticky Web
|move|p1a: Donphan|Rock Slide|p2a: Galvantula
|-supereffective|p2a: Galvantula
|-damage|p2a: Galvantula|21\/281
|
|turn|2
|
|switch|p2a: Gengar|Gengar, M|262\/262
|move|p1a: Donphan|Rapid Spin|p2a: Gengar
|-immune|p2a: Gengar|[msg]
|
|turn|3
|
|move|p2a: Gengar|Substitute|p2a: Gengar
|-start|p2a: Gengar|Substitute
|-damage|p2a: Gengar|197\/262
|move|p1a: Donphan|Rock Slide|p2a: Gengar
|-end|p2a: Gengar|Substitute
|
|turn|4
|
|move|p2a: Gengar|Sludge Bomb|p1a: Donphan
|-resisted|p1a: Donphan
|-damage|p1a: Donphan|223\/384
|-damage|p2a: Gengar|171\/262|[from] item: Life Orb
|move|p1a: Donphan|Rock Slide|p2a: Gengar
|-damage|p2a: Gengar|38\/262
|
|turn|5
|
|move|p1a: Donphan|Ice Shard|p2a: Gengar
|-damage|p2a: Gengar|0 fnt
|faint|p2a: Gengar
|
|
|switch|p2a: Medicham|Medicham, F|261\/261
|turn|6
|
|switch|p1a: Staraptor|Staraptor, F|311\/311
|detailschange|p2a: Medicham|Medicham-Mega, F
|message|Medicham has Mega Evolved into Mega Medicham!
|move|p2a: Medicham|Fake Out|p1a: Staraptor
|-damage|p1a: Staraptor|205\/311
|
|turn|7
|
|move|p2a: Medicham|Ice Punch|p1a: Staraptor
|-supereffective|p1a: Staraptor
|-damage|p1a: Staraptor|0 fnt
|faint|p1a: Staraptor
|
|
|switch|p1a: Cacturne|Cacturne, M|282\/282
|-activate|p1a: Cacturne|move: Sticky Web
|-unboost|p1a: Cacturne|spe|1
|turn|8
|
|move|p1a: Cacturne|Sucker Punch|p2a: Medicham
|-damage|p2a: Medicham|58\/261
|-damage|p1a: Cacturne|254\/282|[from] item: Life Orb
|move|p2a: Medicham|Zen Headbutt|p1a: Cacturne
|-immune|p1a: Cacturne|[msg]
|
|turn|9
|
|switch|p2a: Blissey|Blissey, F|714\/714
|move|p1a: Cacturne|Swords Dance|p1a: Cacturne
|-boost|p1a: Cacturne|atk|2
|
|turn|10
|
|move|p2a: Blissey|Flamethrower|p1a: Cacturne
|-supereffective|p1a: Cacturne
|-damage|p1a: Cacturne|88\/282
|move|p1a: Cacturne|Drain Punch|p2a: Blissey
|-supereffective|p2a: Blissey
|-damage|p2a: Blissey|0 fnt
|-heal|p1a: Cacturne|282\/282|[from] drain|[of] p2a: Blissey
|-damage|p1a: Cacturne|254\/282|[from] item: Life Orb
|faint|p2a: Blissey
|
|
|switch|p2a: Rotom-Wash|Rotom-Wash|304\/304
|turn|11
|
|move|p2a: Rotom-Wash|Will-O-Wisp|p1a: Cacturne
|-status|p1a: Cacturne|brn
|move|p1a: Cacturne|Giga Drain|p2a: Rotom-Wash
|-supereffective|p2a: Rotom-Wash
|-damage|p2a: Rotom-Wash|101\/304
|-heal|p1a: Cacturne|282\/282 brn|[from] drain|[of] p2a: Rotom-Wash
|-damage|p1a: Cacturne|254\/282 brn|[from] item: Life Orb
|
|-heal|p2a: Rotom-Wash|120\/304|[from] item: Leftovers
|-damage|p1a: Cacturne|219\/282 brn|[from] brn
|turn|12
|
|move|p2a: Rotom-Wash|Hydro Pump|p1a: Cacturne
|-heal|p1a: Cacturne|282\/282 brn|[from] ability: Water Absorb|[of] p2a: Rotom-Wash
|move|p1a: Cacturne|Swords Dance|p1a: Cacturne
|-boost|p1a: Cacturne|atk|2
|
|-heal|p2a: Rotom-Wash|139\/304|[from] item: Leftovers
|-damage|p1a: Cacturne|247\/282 brn|[from] brn
|turn|13
|
|move|p2a: Rotom-Wash|Pain Split|p1a: Cacturne
|-sethp|p1a: Cacturne|193\/282 brn|p2a: Rotom-Wash|193\/304|[from] move: Pain Split
|move|p1a: Cacturne|Giga Drain|p2a: Rotom-Wash
|-supereffective|p2a: Rotom-Wash
|-damage|p2a: Rotom-Wash|0 fnt
|-heal|p1a: Cacturne|282\/282 brn|[from] drain|[of] p2a: Rotom-Wash
|-damage|p1a: Cacturne|254\/282 brn|[from] item: Life Orb
|faint|p2a: Rotom-Wash
|
|-damage|p1a: Cacturne|219\/282 brn|[from] brn
|
|switch|p2a: Galvantula|Galvantula, F|21\/281
|turn|14
|
|move|p1a: Cacturne|Sucker Punch|p2a: Galvantula
|-damage|p2a: Galvantula|0 fnt
|-damage|p1a: Cacturne|191\/282 brn|[from] item: Life Orb
|faint|p2a: Galvantula
|
|-damage|p1a: Cacturne|156\/282 brn|[from] brn
|
|switch|p2a: Magnezone|Magnezone|324\/324
|turn|15
|
|move|p1a: Cacturne|Sucker Punch|p2a: Magnezone
|-crit|p2a: Magnezone
|-damage|p2a: Magnezone|0 fnt
|-damage|p1a: Cacturne|128\/282 brn|[from] item: Life Orb
|faint|p2a: Magnezone
|
|-damage|p1a: Cacturne|93\/282 brn|[from] brn
|
|switch|p2a: Medicham|Medicham-Mega, F|58\/261
|turn|16
|
|move|p2a: Medicham|Fake Out|p1a: Cacturne
|-damage|p1a: Cacturne|0 fnt
|faint|p1a: Cacturne
|
|c|âBlackfenix19|gg
|
|switch|p1a: Lucario|Lucario, F|281\/281
|-activate|p1a: Lucario|move: Sticky Web
|-unboost|p1a: Lucario|spe|1
|turn|17
|
|move|p1a: Lucario|Extreme Speed|p2a: Medicham
|-damage|p2a: Medicham|0 fnt
|faint|p2a: Medicham
|
|win|Blackfenix19
|raw|Ladder updating...