|join|Blackfenix19
|join|Ombrax
|player|p1|Blackfenix19|170
|player|p2|Ombrax|274
|gametype|singles
|gen|6
|tier|OU
|rated
|clearpoke
|poke|p1|Houndoom, F
|poke|p1|Klefki, F
|poke|p1|Leavanny, M
|poke|p1|Greninja, M
|poke|p1|Florges, F
|poke|p1|Skarmory, M
|poke|p2|Greninja, M, shiny
|poke|p2|Talonflame, M, shiny
|poke|p2|Porygon2, shiny
|poke|p2|Goodra, F, shiny
|poke|p2|Rotom-Wash, shiny
|poke|p2|Scizor, M
|rule|Swagger Clause: Swagger is banned
|rule|Baton Pass Clause: Limit one PokÃ©mon knowing Baton Pass
|rule|Sleep Clause Mod: Limit one foe put to sleep
|rule|Species Clause: Limit one of each PokÃ©mon
|rule|OHKO Clause: OHKO moves are banned
|rule|Moody Clause: Moody is banned
|rule|Evasion Moves Clause: Evasion moves are banned
|rule|Endless Battle Clause: Forcing endless battles is banned
|rule|HP Percentage Mod: HP is shown in percentages
|teampreview
|
|start
|switch|p1a: Leavanny|Leavanny, M|291\/291
|switch|p2a: Goodra|Goodra, F, shiny|361\/361
|turn|1
|
|move|p1a: Leavanny|Sticky Web|p2a: Goodra
|-sidestart|p2: Ombrax|move: Sticky Web
|move|p2a: Goodra|Flamethrower|p1a: Leavanny
|-supereffective|p1a: Leavanny
|-enditem|p1a: Leavanny|Focus Sash
|-damage|p1a: Leavanny|1\/291
|
|turn|2
|
|move|p1a: Leavanny|X-Scissor|p2a: Goodra
|-damage|p2a: Goodra|103\/361
|move|p2a: Goodra|Earthquake|p1a: Leavanny
|-crit|p1a: Leavanny
|-resisted|p1a: Leavanny
|-damage|p1a: Leavanny|0 fnt
|faint|p1a: Leavanny
|
|
|switch|p1a: Houndoom|Houndoom, F|291\/291
|turn|3
|
|detailschange|p1a: Houndoom|Houndoom-Mega, F
|message|Houndoom has Mega Evolved into Mega Houndoom!
|move|p1a: Houndoom|Nasty Plot|p1a: Houndoom
|-boost|p1a: Houndoom|spa|2
|move|p2a: Goodra|Earthquake|p1a: Houndoom
|-supereffective|p1a: Houndoom
|-damage|p1a: Houndoom|41\/291
|
|turn|4
|
|move|p1a: Houndoom|Dark Pulse|p2a: Goodra
|-damage|p2a: Goodra|0 fnt
|faint|p2a: Goodra
|
|
|switch|p2a: Talonflame|Talonflame, M, shiny|298\/298
|turn|5
|
|switch|p1a: Skarmory|Skarmory, M|334\/334
|move|p2a: Talonflame|Brave Bird|p1a: Skarmory
|-resisted|p1a: Skarmory
|-damage|p1a: Skarmory|281\/334
|-damage|p2a: Talonflame|249\/298|[from] item: Rocky Helmet|[of] p1a: Skarmory
|-damage|p2a: Talonflame|232\/298|[from] recoil|[of] p1a: Skarmory
|-damage|p2a: Talonflame|203\/298|[from] item: Life Orb
|
|turn|6
|
|switch|p2a: Rotom-Wash|Rotom-Wash, shiny|304\/304
|move|p1a: Skarmory|Stealth Rock|p2a: Rotom-Wash
|-sidestart|p2: Ombrax|move: Stealth Rock
|
|turn|7
|
|switch|p1a: Florges|Florges, F|360\/360
|move|p2a: Rotom-Wash|Thunderbolt|p1a: Florges
|-damage|p1a: Florges|297\/360
|
|-heal|p1a: Florges|319\/360|[from] item: Leftovers
|turn|8
|
|move|p2a: Rotom-Wash|Will-O-Wisp|p1a: Florges
|-status|p1a: Florges|brn
|move|p1a: Florges|Energy Ball|p2a: Rotom-Wash
|-supereffective|p2a: Rotom-Wash
|-damage|p2a: Rotom-Wash|194\/304
|-unboost|p2a: Rotom-Wash|spd|1
|
|-heal|p2a: Rotom-Wash|213\/304|[from] item: Leftovers
|-heal|p1a: Florges|341\/360 brn|[from] item: Leftovers
|-damage|p1a: Florges|296\/360 brn|[from] brn
|turn|9
|
|move|p2a: Rotom-Wash|Volt Switch|p1a: Florges
|-damage|p1a: Florges|242\/360 brn
|
|switch|p2a: Scizor|Scizor, M|344\/344
|-activate|p2a: Scizor|move: Sticky Web
|-unboost|p2a: Scizor|spe|1
|-damage|p2a: Scizor|301\/344|[from] Stealth Rock
|move|p1a: Florges|Wish|p1a: Florges
|
|-heal|p1a: Florges|264\/360 brn|[from] item: Leftovers
|-damage|p1a: Florges|219\/360 brn|[from] brn
|turn|10
|
|switch|p1a: Houndoom|Houndoom-Mega, F|41\/291
|detailschange|p2a: Scizor|Scizor-Mega, M
|message|Scizor has Mega Evolved into Mega Scizor!
|move|p2a: Scizor|Knock Off|p1a: Houndoom
|-resisted|p1a: Houndoom
|-damage|p1a: Houndoom|0 fnt
|faint|p1a: Houndoom
|
|
|switch|p1a: Greninja|Greninja, M|285\/285
|turn|11
|
|move|p1a: Greninja|Dark Pulse|p2a: Scizor
|-start|p1a: Greninja|typechange|Dark|[from] Protean
|-damage|p2a: Scizor|129\/344
|-damage|p1a: Greninja|257\/285|[from] item: Life Orb
|move|p2a: Scizor|Defog|p1a: Greninja
|-unboost|p1a: Greninja|evasion|1
|-sideend|p2: Ombrax|Stealth Rock|[from] move: Defog|[of] p2a: Scizor
|-sideend|p2: Ombrax|Sticky Web|[from] move: Defog|[of] p2a: Scizor
|
|turn|12
|
|move|p2a: Scizor|Bullet Punch|p1a: Greninja
|-damage|p1a: Greninja|88\/285
|move|p1a: Greninja|Dark Pulse|p2a: Scizor
|-damage|p2a: Scizor|0 fnt
|-damage|p1a: Greninja|60\/285|[from] item: Life Orb
|faint|p2a: Scizor
|
|
|switch|p2a: Porygon2|Porygon2, shiny|374\/374
|turn|13
|
|switch|p1a: Skarmory|Skarmory, M|281\/334
|move|p2a: Porygon2|Tri Attack|p1a: Skarmory
|-resisted|p1a: Skarmory
|-damage|p1a: Skarmory|154\/334
|
|turn|14
|
|move|p1a: Skarmory|Stealth Rock|p2a: Porygon2
|-sidestart|p2: Ombrax|move: Stealth Rock
|move|p2a: Porygon2|Ice Beam|p1a: Skarmory
|-damage|p1a: Skarmory|0 fnt
|faint|p1a: Skarmory
|
|
|switch|p1a: Florges|Florges, F|219\/360 brn
|turn|15
|
|move|p1a: Florges|Wish|p1a: Florges
|move|p2a: Porygon2|Tri Attack|p1a: Florges
|-damage|p1a: Florges|110\/360 brn
|
|-heal|p1a: Florges|132\/360 brn|[from] item: Leftovers
|-damage|p1a: Florges|87\/360 brn|[from] brn
|turn|16
|
|move|p1a: Florges|Aromatherapy|p1a: Florges
|-cureteam|p1a: Florges|[from] move: Aromatherapy
|move|p2a: Porygon2|Tri Attack|p1a: Florges
|-damage|p1a: Florges|0 fnt
|faint|p1a: Florges
|
|
|switch|p1a: Greninja|Greninja, M|60\/285
|turn|17
|
|move|p1a: Greninja|Dark Pulse|p2a: Porygon2
|-start|p1a: Greninja|typechange|Dark|[from] Protean
|-damage|p2a: Porygon2|264\/374
|-damage|p1a: Greninja|32\/285|[from] item: Life Orb
|cant|p2a: Porygon2|flinch
|
|turn|18
|
|move|p1a: Greninja|Dark Pulse|p2a: Porygon2
|-damage|p2a: Porygon2|154\/374
|-damage|p1a: Greninja|4\/285|[from] item: Life Orb
|move|p2a: Porygon2|Tri Attack|p1a: Greninja
|-damage|p1a: Greninja|0 fnt
|faint|p1a: Greninja
|
|
|switch|p1a: Klefki|Klefki, F|318\/318
|turn|19
|
|move|p1a: Klefki|Light Screen|p1a: Klefki
|-sidestart|p1: Blackfenix19|move: Light Screen
|move|p2a: Porygon2|Recover|p2a: Porygon2
|-heal|p2a: Porygon2|341\/374
|
|turn|20
|-message|Blackfenix19 forfeited.
|
|win|Ombrax
|raw|Ladder updating...
|leave|Blackfenix19
|player|p1
|raw|Blackfenix19's rating: 1358 &rarr; <strong>1342<\/strong><br \/>(-16 for losing)
|raw|Ombrax's rating: 1419 &rarr; <strong>1435<\/strong><br \/>(+16 for winning)