|join|Blackfenix19
|join|Luisma28
|player|p1|Blackfenix19|1
|player|p2|Luisma28|25
|gametype|singles
|gen|6
|tier|OU
|rated
|clearpoke
|poke|p1|Gliscor, F
|poke|p1|Metagross
|poke|p1|Delphox, F
|poke|p1|Pinsir, M
|poke|p1|Sylveon, F
|poke|p1|Alakazam, M
|poke|p2|Charizard, M
|poke|p2|Venusaur, M
|poke|p2|Greninja, M
|poke|p2|Luxray, M, shiny
|poke|p2|Empoleon, M
|poke|p2|Krookodile, M
|rule|Swagger Clause: Swagger is banned
|rule|Baton Pass Clause: Limit one PokÃ©mon knowing Baton Pass
|rule|Sleep Clause Mod: Limit one foe put to sleep
|rule|Species Clause: Limit one of each PokÃ©mon
|rule|OHKO Clause: OHKO moves are banned
|rule|Moody Clause: Moody is banned
|rule|Evasion Moves Clause: Evasion moves are banned
|rule|Endless Battle Clause: Forcing endless battles is banned
|rule|HP Percentage Mod: HP is shown in percentages
|teampreview
|
|start
|switch|p1a: Metagross|Metagross|364\/364
|switch|p2a: Greninja|Greninja, M|286\/286
|turn|1
|
|switch|p1a: Sylveon|Sylveon, F|394\/394
|move|p2a: Greninja|Dark Pulse|p1a: Sylveon
|-start|p2a: Greninja|typechange|Dark|[from] Protean
|-resisted|p1a: Sylveon
|-damage|p1a: Sylveon|329\/394
|-damage|p2a: Greninja|258\/286|[from] item: Life Orb
|
|-heal|p1a: Sylveon|353\/394|[from] item: Leftovers
|turn|2
|
|move|p2a: Greninja|Surf|p1a: Sylveon
|-start|p2a: Greninja|typechange|Water|[from] Protean
|-damage|p1a: Sylveon|192\/394
|-damage|p2a: Greninja|230\/286|[from] item: Life Orb
|move|p1a: Sylveon|Reflect|p1a: Sylveon
|-sidestart|p1: Blackfenix19|Reflect
|
|-heal|p1a: Sylveon|216\/394|[from] item: Leftovers
|turn|3
|
|move|p2a: Greninja|Ice Beam|p1a: Sylveon
|-start|p2a: Greninja|typechange|Ice|[from] Protean
|-damage|p1a: Sylveon|68\/394
|-damage|p2a: Greninja|202\/286|[from] item: Life Orb
|move|p1a: Sylveon|Hyper Voice|p2a: Greninja
|-damage|p2a: Greninja|0 fnt
|faint|p2a: Greninja
|
|-heal|p1a: Sylveon|92\/394|[from] item: Leftovers
|
|switch|p2a: Venusaur|Venusaur, M|364\/364
|turn|4
|
|move|p2a: Venusaur|Sleep Powder|p1a: Sylveon
|-status|p1a: Sylveon|slp
|cant|p1a: Sylveon|slp
|
|-heal|p1a: Sylveon|116\/394 slp|[from] item: Leftovers
|turn|5
|
|switch|p1a: Metagross|Metagross|364\/364
|move|p2a: Venusaur|Sludge Bomb|p1a: Metagross
|-immune|p1a: Metagross|[msg]
|
|turn|6
|
|switch|p2a: Charizard|Charizard, M|297\/297
|move|p1a: Metagross|Agility|p1a: Metagross
|-boost|p1a: Metagross|spe|2
|
|-sideend|p1: Blackfenix19|Reflect
|turn|7
|
|move|p1a: Metagross|Zen Headbutt|p2a: Charizard
|-damage|p2a: Charizard|116\/297
|move|p2a: Charizard|Dragon Dance|p2a: Charizard
|-boost|p2a: Charizard|atk|1
|-boost|p2a: Charizard|spe|1
|
|turn|8
|
|detailschange|p2a: Charizard|Charizard-Mega-Y, M
|message|Charizard has Mega Evolved into Mega Charizard!
|-weather|SunnyDay
|move|p1a: Metagross|Zen Headbutt|p2a: Charizard
|-damage|p2a: Charizard|0 fnt
|faint|p2a: Charizard
|
|-weather|SunnyDay|[upkeep]
|
|switch|p2a: Krookodile|Krookodile, M|332\/332
|-ability|p2a: Krookodile|Intimidate|[of] p1a: Metagross
|-fail|p1a: Metagross|unboost|[from] ability: Clear Body|[of] p1a: Metagross
|turn|9
|
|move|p1a: Metagross|Meteor Mash|p2a: Krookodile
|-damage|p2a: Krookodile|130\/332
|-boost|p1a: Metagross|atk|1
|move|p2a: Krookodile|Crunch|p1a: Metagross
|-supereffective|p1a: Metagross
|-damage|p1a: Metagross|130\/364
|-enditem|p1a: Metagross|Weakness Policy
|-boost|p1a: Metagross|atk|2|[from] item: Weakness Policy
|-boost|p1a: Metagross|spa|2|[from] item: Weakness Policy
|
|-weather|SunnyDay|[upkeep]
|turn|10
|
|move|p1a: Metagross|Earthquake|p2a: Krookodile
|-damage|p2a: Krookodile|0 fnt
|faint|p2a: Krookodile
|
|-weather|SunnyDay|[upkeep]
|
|switch|p2a: Luxray|Luxray, M, shiny|302\/302
|-ability|p2a: Luxray|Intimidate|[of] p1a: Metagross
|-fail|p1a: Metagross|unboost|[from] ability: Clear Body|[of] p1a: Metagross
|turn|11
|
|move|p1a: Metagross|Earthquake|p2a: Luxray
|-supereffective|p2a: Luxray
|-damage|p2a: Luxray|0 fnt
|faint|p2a: Luxray
|
|-weather|SunnyDay|[upkeep]
|
|switch|p2a: Venusaur|Venusaur, M|364\/364
|turn|12
|
|move|p1a: Metagross|Zen Headbutt|p2a: Venusaur
|-supereffective|p2a: Venusaur
|-damage|p2a: Venusaur|0 fnt
|faint|p2a: Venusaur
|
|-weather|none
|
|switch|p2a: Empoleon|Empoleon, M|309\/309
|turn|13
|
|move|p1a: Metagross|Earthquake|p2a: Empoleon
|-supereffective|p2a: Empoleon
|-damage|p2a: Empoleon|0 fnt
|faint|p2a: Empoleon
|
|win|Blackfenix19
|raw|Ladder updating...
|raw|Blackfenix19's rating: 1482 &rarr; <strong>1494<\/strong><br \/>(+12 for winning)
|raw|Luisma28's rating: 1327 &rarr; <strong>1315<\/strong><br \/>(-12 for losing)