|join|Blackfenix19
|join|seanpai
|player|p1|Blackfenix19|265
|player|p2|seanpai|48
|gametype|singles
|gen|6
|tier|OU
|rated
|clearpoke
|poke|p1|Pangoro, F
|poke|p1|Swampert, M
|poke|p1|Sylveon, M
|poke|p1|Hitmontop, M
|poke|p1|Azumarill, F
|poke|p1|Arcanine, F
|poke|p2|Tyranitar, M
|poke|p2|Excadrill, M
|poke|p2|Talonflame, M
|poke|p2|Scizor, M
|poke|p2|Rotom-Wash, shiny
|poke|p2|Latios, M
|rule|Swagger Clause: Swagger is banned
|rule|Baton Pass Clause: Limit one PokÃ©mon knowing Baton Pass
|rule|Sleep Clause Mod: Limit one foe put to sleep
|rule|Species Clause: Limit one of each PokÃ©mon
|rule|OHKO Clause: OHKO moves are banned
|rule|Moody Clause: Moody is banned
|rule|Evasion Moves Clause: Evasion moves are banned
|rule|Endless Battle Clause: Forcing endless battles is banned
|rule|HP Percentage Mod: HP is shown in percentages
|teampreview
|
|start
|switch|p1a: Pangoro|Pangoro, F|331\/331
|switch|p2a: Scizor|Scizor, M|344\/344
|turn|1
|
|move|p1a: Pangoro|Parting Shot|p2a: Scizor
|-unboost|p2a: Scizor|atk|1
|-unboost|p2a: Scizor|spa|1
|
|switch|p1a: Arcanine|Arcanine, F|384\/384
|-ability|p1a: Arcanine|Intimidate|[of] p2a: Scizor
|-unboost|p2a: Scizor|atk|1
|move|p2a: Scizor|Superpower|p1a: Arcanine
|-damage|p1a: Arcanine|298\/384
|-damage|p2a: Scizor|287\/344|[from] item: Rocky Helmet|[of] p1a: Arcanine
|-unboost|p2a: Scizor|atk|1
|-unboost|p2a: Scizor|def|1
|-damage|p2a: Scizor|253\/344|[from] item: Life Orb
|
|turn|2
|
|switch|p2a: Tyranitar|Tyranitar, M|404\/404
|-weather|Sandstorm
|move|p1a: Arcanine|Will-O-Wisp|p2a: Tyranitar
|-status|p2a: Tyranitar|brn
|
|-weather|Sandstorm|[upkeep]
|-damage|p1a: Arcanine|274\/384|[from] sandstorm
|-damage|p2a: Tyranitar|354\/404 brn|[from] brn
|turn|3
|
|move|p1a: Arcanine|Morning Sun|p1a: Arcanine
|-heal|p1a: Arcanine|370\/384
|move|p2a: Tyranitar|Stealth Rock|p1a: Arcanine
|-sidestart|p1: Blackfenix19|move: Stealth Rock
|
|-weather|Sandstorm|[upkeep]
|-damage|p1a: Arcanine|346\/384|[from] sandstorm
|-heal|p2a: Tyranitar|379\/404 brn|[from] item: Leftovers
|-damage|p2a: Tyranitar|329\/404 brn|[from] brn
|turn|4
|
|switch|p1a: Hitmontop|Hitmontop, M|304\/304
|-damage|p1a: Hitmontop|285\/304|[from] Stealth Rock
|-ability|p1a: Hitmontop|Intimidate|[of] p2a: Tyranitar
|-unboost|p2a: Tyranitar|atk|1
|move|p2a: Tyranitar|Earthquake|p1a: Hitmontop
|-damage|p1a: Hitmontop|235\/304
|
|-weather|Sandstorm|[upkeep]
|-damage|p1a: Hitmontop|216\/304|[from] sandstorm
|-heal|p2a: Tyranitar|354\/404 brn|[from] item: Leftovers
|-damage|p2a: Tyranitar|304\/404 brn|[from] brn
|turn|5
|
|switch|p2a: Rotom-Wash|Rotom-Wash, shiny|304\/304
|move|p1a: Hitmontop|Rapid Spin|p2a: Rotom-Wash
|-damage|p2a: Rotom-Wash|284\/304
|-sideend|p1: Blackfenix19|Stealth Rock|[from] move: Rapid Spin|[of] p1a: Hitmontop
|
|-weather|Sandstorm|[upkeep]
|-damage|p2a: Rotom-Wash|265\/304|[from] sandstorm
|-damage|p1a: Hitmontop|197\/304|[from] sandstorm
|-heal|p2a: Rotom-Wash|284\/304|[from] item: Leftovers
|turn|6
|
|move|p2a: Rotom-Wash|Will-O-Wisp|p1a: Hitmontop
|-status|p1a: Hitmontop|brn
|move|p1a: Hitmontop|Close Combat|p2a: Rotom-Wash
|-damage|p2a: Rotom-Wash|196\/304
|-unboost|p1a: Hitmontop|def|1
|-unboost|p1a: Hitmontop|spd|1
|
|-weather|none
|-heal|p2a: Rotom-Wash|215\/304|[from] item: Leftovers
|-damage|p1a: Hitmontop|159\/304 brn|[from] brn
|turn|7
|
|move|p2a: Rotom-Wash|Hydro Pump|p1a: Hitmontop
|-damage|p1a: Hitmontop|30\/304 brn
|move|p1a: Hitmontop|Close Combat|p2a: Rotom-Wash
|-crit|p2a: Rotom-Wash
|-damage|p2a: Rotom-Wash|88\/304
|-unboost|p1a: Hitmontop|def|1
|-unboost|p1a: Hitmontop|spd|1
|
|-heal|p2a: Rotom-Wash|107\/304|[from] item: Leftovers
|-damage|p1a: Hitmontop|0 fnt|[from] brn
|faint|p1a: Hitmontop
|
|switch|p1a: Pangoro|Pangoro, F|331\/331
|turn|8
|
|move|p1a: Pangoro|Drain Punch|p2a: Rotom-Wash
|-damage|p2a: Rotom-Wash|0 fnt
|faint|p2a: Rotom-Wash
|
|
|switch|p2a: Talonflame|Talonflame, M|298\/298
|turn|9
|
|switch|p1a: Arcanine|Arcanine, F|346\/384
|-ability|p1a: Arcanine|Intimidate|[of] p2a: Talonflame
|-unboost|p2a: Talonflame|atk|1
|move|p2a: Talonflame|U-turn|p1a: Arcanine
|-resisted|p1a: Arcanine
|-damage|p1a: Arcanine|321\/384
|-damage|p2a: Talonflame|249\/298|[from] item: Rocky Helmet|[of] p1a: Arcanine
|
|switch|p2a: Tyranitar|Tyranitar, M|304\/404 brn
|-weather|Sandstorm
|
|-weather|Sandstorm|[upkeep]
|-damage|p1a: Arcanine|297\/384|[from] sandstorm
|-heal|p2a: Tyranitar|329\/404 brn|[from] item: Leftovers
|-damage|p2a: Tyranitar|279\/404 brn|[from] brn
|turn|10
|
|switch|p1a: Azumarill|Azumarill, F|404\/404
|switch|p2a: Excadrill|Excadrill, M|362\/362
|-item|p2a: Excadrill|Air Balloon
|
|-weather|Sandstorm|[upkeep]
|-damage|p1a: Azumarill|379\/404|[from] sandstorm
|turn|11
|
|move|p2a: Excadrill|Iron Head|p1a: Azumarill
|-damage|p1a: Azumarill|183\/404
|-enditem|p1a: Azumarill|Sitrus Berry|[eat]
|-heal|p1a: Azumarill|284\/404|[from] item: Sitrus Berry
|move|p1a: Azumarill|Belly Drum|p1a: Azumarill
|-damage|p1a: Azumarill|82\/404
|-setboost|p1a: Azumarill|atk|6|[from] move: Belly Drum
|
|-weather|Sandstorm|[upkeep]
|-damage|p1a: Azumarill|57\/404|[from] sandstorm
|turn|12
|
|move|p1a: Azumarill|Aqua Jet|p2a: Excadrill
|-supereffective|p2a: Excadrill
|-damage|p2a: Excadrill|0 fnt
|-enditem|p2a: Excadrill|Air Balloon
|faint|p2a: Excadrill
|
|-weather|Sandstorm|[upkeep]
|-damage|p1a: Azumarill|32\/404|[from] sandstorm
|
|switch|p2a: Scizor|Scizor, M|253\/344
|turn|13
|
|switch|p1a: Arcanine|Arcanine, F|297\/384
|-ability|p1a: Arcanine|Intimidate|[of] p2a: Scizor
|-unboost|p2a: Scizor|atk|1
|move|p2a: Scizor|Bullet Punch|p1a: Arcanine
|-resisted|p1a: Arcanine
|-damage|p1a: Arcanine|252\/384
|-damage|p2a: Scizor|196\/344|[from] item: Rocky Helmet|[of] p1a: Arcanine
|-damage|p2a: Scizor|162\/344|[from] item: Life Orb
|
|-weather|none
|turn|14
|
|move|p2a: Scizor|Bullet Punch|p1a: Arcanine
|-resisted|p1a: Arcanine
|-damage|p1a: Arcanine|208\/384
|-damage|p2a: Scizor|105\/344|[from] item: Rocky Helmet|[of] p1a: Arcanine
|-damage|p2a: Scizor|71\/344|[from] item: Life Orb
|move|p1a: Arcanine|Morning Sun|p1a: Arcanine
|-heal|p1a: Arcanine|384\/384
|
|turn|15
|
|move|p1a: Arcanine|Fire Blast|p2a: Scizor
|-supereffective|p2a: Scizor
|-damage|p2a: Scizor|0 fnt
|faint|p2a: Scizor
|
|
|switch|p2a: Tyranitar|Tyranitar, M|279\/404 brn
|-weather|Sandstorm
|turn|16
|
|switch|p1a: Azumarill|Azumarill, F|32\/404
|move|p2a: Tyranitar|Stone Edge|p1a: Azumarill
|-damage|p1a: Azumarill|0 fnt
|faint|p1a: Azumarill
|
|-weather|Sandstorm|[upkeep]
|-heal|p2a: Tyranitar|304\/404 brn|[from] item: Leftovers
|-damage|p2a: Tyranitar|254\/404 brn|[from] brn
|
|switch|p1a: Swampert|Swampert, M|404\/404
|turn|17
|
|switch|p2a: Latios|Latios, M|302\/302
|detailschange|p1a: Swampert|Swampert-Mega, M
|message|Swampert has Mega Evolved into Mega Swampert!
|move|p1a: Swampert|Earthquake|p2a: Latios
|-immune|p2a: Latios|[msg]
|
|-weather|Sandstorm|[upkeep]
|-damage|p2a: Latios|284\/302|[from] sandstorm
|-heal|p2a: Latios|302\/302|[from] item: Leftovers
|turn|18
|
|move|p2a: Latios|Psychic|p1a: Swampert
|-damage|p1a: Swampert|251\/404
|move|p1a: Swampert|Avalanche|p2a: Latios
|-supereffective|p2a: Latios
|-damage|p2a: Latios|0 fnt
|faint|p2a: Latios
|
|-weather|Sandstorm|[upkeep]
|
|switch|p2a: Talonflame|Talonflame, M|249\/298
|turn|19
|
|move|p2a: Talonflame|Brave Bird|p1a: Swampert
|-damage|p1a: Swampert|19\/404
|-damage|p2a: Talonflame|172\/298|[from] recoil|[of] p1a: Swampert
|move|p1a: Swampert|Waterfall|p2a: Talonflame
|-crit|p2a: Talonflame
|-supereffective|p2a: Talonflame
|-damage|p2a: Talonflame|0 fnt
|faint|p2a: Talonflame
|
|-weather|Sandstorm|[upkeep]
|
|switch|p2a: Tyranitar|Tyranitar, M|254\/404 brn
|turn|20
|
|move|p1a: Swampert|Earthquake|p2a: Tyranitar
|-supereffective|p2a: Tyranitar
|-damage|p2a: Tyranitar|0 fnt
|faint|p2a: Tyranitar
|
|win|Blackfenix19
|raw|Ladder updating...
|leave|seanpai
|player|p2
|raw|Blackfenix19's rating: 1182 &rarr; <strong>1207<\/strong><br \/>(+25 for winning)
|raw|seanpai's rating: 1184 &rarr; <strong>1158<\/strong><br \/>(-26 for losing)