|join|Blackfenix19
|join|KaiserAlex
|player|p1|Blackfenix19|101
|player|p2|KaiserAlex|170
|gametype|singles
|gen|6
|tier|OU
|rated
|clearpoke
|poke|p1|Wartortle, M
|poke|p1|Typhlosion, F
|poke|p1|Cacturne, F
|poke|p1|Abomasnow, F
|poke|p1|Crustle, F
|poke|p1|Electivire, M
|poke|p2|Crawdaunt, M
|poke|p2|Delphox, F
|poke|p2|Dragonite, F
|poke|p2|Smeargle, F
|poke|p2|Excadrill, M
|poke|p2|Espeon, M
|rule|Swagger Clause: Swagger is banned
|rule|Baton Pass Clause: Limit one PokÃ©mon knowing Baton Pass
|rule|Sleep Clause Mod: Limit one foe put to sleep
|rule|Species Clause: Limit one of each PokÃ©mon
|rule|OHKO Clause: OHKO moves are banned
|rule|Moody Clause: Moody is banned
|rule|Evasion Moves Clause: Evasion moves are banned
|rule|Endless Battle Clause: Forcing endless battles is banned
|rule|HP Percentage Mod: HP is shown in percentages
|teampreview
|
|start
|switch|p1a: Crustle|Crustle, F|281\/281
|switch|p2a: Crawdaunt|Crawdaunt, M|268\/268
|turn|1
|
|move|p2a: Crawdaunt|Knock Off|p1a: Crustle
|-damage|p1a: Crustle|34\/281
|-enditem|p1a: Crustle|White Herb|[from] move: Knock Off|[of] p2a: Crawdaunt
|-damage|p2a: Crawdaunt|242\/268|[from] item: Life Orb
|move|p1a: Crustle|X-Scissor|p2a: Crawdaunt
|-supereffective|p2a: Crawdaunt
|-damage|p2a: Crawdaunt|0 fnt
|faint|p2a: Crawdaunt
|
|
|switch|p2a: Delphox|Delphox, F|292\/292
|turn|2
|
|move|p2a: Delphox|Flamethrower|p1a: Crustle
|-damage|p1a: Crustle|0 fnt
|faint|p1a: Crustle
|
|
|switch|p1a: Wartortle|Wartortle, M|322\/322
|turn|3
|
|move|p2a: Delphox|Psyshock|p1a: Wartortle
|-damage|p1a: Wartortle|246\/322
|-item|p2a: Delphox|Eviolite|[from] ability: Magician|[of] p1a: Wartortle
|move|p1a: Wartortle|Scald|p2a: Delphox
|-supereffective|p2a: Delphox
|-damage|p2a: Delphox|166\/292
|
|turn|4
|
|move|p2a: Delphox|Psyshock|p1a: Wartortle
|-damage|p1a: Wartortle|144\/322
|move|p1a: Wartortle|Scald|p2a: Delphox
|-supereffective|p2a: Delphox
|-damage|p2a: Delphox|56\/292
|
|turn|5
|
|move|p2a: Delphox|Shadow Ball|p1a: Wartortle
|-damage|p1a: Wartortle|38\/322
|-unboost|p1a: Wartortle|spd|1
|move|p1a: Wartortle|Scald|p2a: Delphox
|-supereffective|p2a: Delphox
|-damage|p2a: Delphox|0 fnt
|faint|p2a: Delphox
|
|
|switch|p2a: Dragonite|Dragonite, F|323\/323
|turn|6
|
|move|p2a: Dragonite|Extreme Speed|p1a: Wartortle
|-damage|p1a: Wartortle|0 fnt
|faint|p1a: Wartortle
|
|
|switch|p1a: Abomasnow|Abomasnow, F|384\/384
|turn|7
|
|detailschange|p1a: Abomasnow|Abomasnow-Mega, F
|message|Abomasnow has Mega Evolved into Mega Abomasnow!
|-weather|Hail
|move|p2a: Dragonite|Extreme Speed|p1a: Abomasnow
|-damage|p1a: Abomasnow|232\/384
|move|p1a: Abomasnow|Swords Dance|p1a: Abomasnow
|-boost|p1a: Abomasnow|atk|2
|
|-weather|Hail|[upkeep]
|-damage|p2a: Dragonite|303\/323|[from] hail
|turn|8
|
|move|p2a: Dragonite|Extreme Speed|p1a: Abomasnow
|-damage|p1a: Abomasnow|66\/384
|move|p1a: Abomasnow|Ice Shard|p2a: Dragonite
|-supereffective|p2a: Dragonite
|-damage|p2a: Dragonite|0 fnt
|faint|p2a: Dragonite
|
|-weather|Hail|[upkeep]
|
|switch|p2a: Espeon|Espeon, M|272\/272
|turn|9
|
|move|p1a: Abomasnow|Ice Shard|p2a: Espeon
|-damage|p2a: Espeon|13\/272
|move|p2a: Espeon|Psyshock|p1a: Abomasnow
|-damage|p1a: Abomasnow|0 fnt
|faint|p1a: Abomasnow
|
|-weather|Hail|[upkeep]
|-damage|p2a: Espeon|0 fnt|[from] hail
|faint|p2a: Espeon
|
|switch|p2a: Excadrill|Excadrill, M|362\/362
|switch|p1a: Cacturne|Cacturne, F|344\/344
|-ability|p2a: Excadrill|Mold Breaker
|-item|p2a: Excadrill|Air Balloon
|turn|10
|
|move|p2a: Excadrill|Earthquake|p1a: Cacturne
|-resisted|p1a: Cacturne
|-damage|p1a: Cacturne|183\/344
|move|p1a: Cacturne|Drain Punch|p2a: Excadrill
|-supereffective|p2a: Excadrill
|-damage|p2a: Excadrill|40\/362
|-heal|p1a: Cacturne|344\/344|[from] drain|[of] p2a: Excadrill
|-enditem|p2a: Excadrill|Air Balloon
|-damage|p1a: Cacturne|310\/344|[from] item: Life Orb
|
|-weather|Hail|[upkeep]
|-damage|p2a: Excadrill|18\/362|[from] hail
|-damage|p1a: Cacturne|289\/344|[from] hail
|turn|11
|
|move|p1a: Cacturne|Sucker Punch|p2a: Excadrill
|-damage|p2a: Excadrill|0 fnt
|-damage|p1a: Cacturne|255\/344|[from] item: Life Orb
|faint|p2a: Excadrill
|
|-weather|none
|
|switch|p2a: Smeargle|Smeargle, F|314\/314
|turn|12
|
|move|p2a: Smeargle|Spore|p1a: Cacturne
|-fail|p1a: Cacturne
|move|p1a: Cacturne|Drain Punch|p2a: Smeargle
|-supereffective|p2a: Smeargle
|-enditem|p2a: Smeargle|Focus Sash
|-damage|p2a: Smeargle|1\/314
|-heal|p1a: Cacturne|344\/344|[from] drain|[of] p2a: Smeargle
|-damage|p1a: Cacturne|310\/344|[from] item: Life Orb
|
|turn|13
|
|move|p2a: Smeargle|Stealth Rock|p1a: Cacturne
|-sidestart|p1: Blackfenix19|move: Stealth Rock
|move|p1a: Cacturne|Drain Punch|p2a: Smeargle
|-crit|p2a: Smeargle
|-supereffective|p2a: Smeargle
|-damage|p2a: Smeargle|0 fnt
|-heal|p1a: Cacturne|311\/344|[from] drain|[of] p2a: Smeargle
|-damage|p1a: Cacturne|277\/344|[from] item: Life Orb
|faint|p2a: Smeargle
|
|win|Blackfenix19
|raw|Ladder updating...
|raw|Blackfenix19's rating: 1285 &rarr; <strong>1312<\/strong><br \/>(+27 for winning)
|raw|KaiserAlex's rating: 1308 &rarr; <strong>1287<\/strong><br \/>(-21 for losing)
|leave|KaiserAlex
|player|p2