|join|Blackfenix19
|join|Leader Jetrace
|player|p1|Blackfenix19|2
|player|p2|Leader Jetrace|290
|gametype|singles
|gen|6
|tier|OU
|rated
|clearpoke
|poke|p1|Darmanitan, F
|poke|p1|Beedrill, F
|poke|p1|Donphan, F
|poke|p1|Sylveon, F
|poke|p1|Cacturne, M
|poke|p1|Mamoswine, M
|poke|p2|Sceptile, M, shiny
|poke|p2|Terrakion, shiny
|poke|p2|Bisharp, M, shiny
|poke|p2|Greninja, M, shiny
|poke|p2|Rotom-Heat, shiny
|poke|p2|Gardevoir, F, shiny
|rule|Swagger Clause: Swagger is banned
|rule|Baton Pass Clause: Limit one PokÃ©mon knowing Baton Pass
|rule|Sleep Clause Mod: Limit one foe put to sleep
|rule|Species Clause: Limit one of each PokÃ©mon
|rule|OHKO Clause: OHKO moves are banned
|rule|Moody Clause: Moody is banned
|rule|Evasion Moves Clause: Evasion moves are banned
|rule|Endless Battle Clause: Forcing endless battles is banned
|rule|HP Percentage Mod: HP is shown in percentages
|teampreview
|
|start
|switch|p1a: Beedrill|Beedrill, F|271\/271
|switch|p2a: Red Ranger|Bisharp, M, shiny|272\/272
|turn|1
|
|detailschange|p1a: Beedrill|Beedrill-Mega, F
|message|Beedrill has Mega Evolved into Mega Beedrill!
|move|p1a: Beedrill|U-turn|p2a: Red Ranger
|-damage|p2a: Red Ranger|82\/272
|
|switch|p1a: Donphan|Donphan, F|384\/384
|move|p2a: Red Ranger|Swords Dance|p2a: Red Ranger
|-boost|p2a: Red Ranger|atk|2
|
|turn|2
|
|move|p2a: Red Ranger|Knock Off|p1a: Donphan
|-damage|p1a: Donphan|2\/384
|-damage|p2a: Red Ranger|37\/272|[from] item: Rocky Helmet|[of] p1a: Donphan
|-enditem|p1a: Donphan|Rocky Helmet|[from] move: Knock Off|[of] p2a: Red Ranger
|-damage|p2a: Red Ranger|10\/272|[from] item: Life Orb
|move|p1a: Donphan|Earthquake|p2a: Red Ranger
|-crit|p2a: Red Ranger
|-supereffective|p2a: Red Ranger
|-damage|p2a: Red Ranger|0 fnt
|faint|p2a: Red Ranger
|
|
|switch|p2a: Shinobi|Greninja, M, shiny|286\/286
|turn|3
|
|move|p2a: Shinobi|Scald|p1a: Donphan
|-start|p2a: Shinobi|typechange|Water|[from] Protean
|-supereffective|p1a: Donphan
|-damage|p1a: Donphan|0 fnt
|-damage|p2a: Shinobi|258\/286|[from] item: Life Orb
|faint|p1a: Donphan
|
|
|switch|p1a: Beedrill|Beedrill-Mega, F|271\/271
|turn|4
|
|move|p1a: Beedrill|U-turn|p2a: Shinobi
|-damage|p2a: Shinobi|20\/286
|
|switch|p1a: Mamoswine|Mamoswine, M|361\/361
|move|p2a: Shinobi|Extrasensory|p1a: Mamoswine
|-start|p2a: Shinobi|typechange|Psychic|[from] Protean
|-damage|p1a: Mamoswine|106\/361
|-damage|p2a: Shinobi|0 fnt|[from] item: Life Orb
|faint|p2a: Shinobi
|
|
|switch|p2a: Toasty|Rotom-Heat, shiny|304\/304
|turn|5
|
|switch|p1a: Darmanitan|Darmanitan, F|352\/352
|move|p2a: Toasty|Overheat|p1a: Darmanitan
|-resisted|p1a: Darmanitan
|-damage|p1a: Darmanitan|225\/352
|-unboost|p2a: Toasty|spa|2
|
|turn|6
|
|move|p1a: Darmanitan|U-turn|p2a: Toasty
|-resisted|p2a: Toasty
|-damage|p2a: Toasty|272\/304
|
|switch|p1a: Sylveon|Sylveon, F|394\/394
|move|p2a: Toasty|Volt Switch|p1a: Sylveon
|-crit|p1a: Sylveon
|-damage|p1a: Sylveon|286\/394
|
|switch|p2a: Tony Chopper|Terrakion, shiny|323\/323
|
|-heal|p1a: Sylveon|310\/394|[from] item: Leftovers
|turn|7
|
|move|p2a: Tony Chopper|Stone Edge|p1a: Sylveon
|-damage|p1a: Sylveon|67\/394
|move|p1a: Sylveon|Hyper Voice|p2a: Tony Chopper
|-supereffective|p2a: Tony Chopper
|-damage|p2a: Tony Chopper|0 fnt
|faint|p2a: Tony Chopper
|
|-heal|p1a: Sylveon|91\/394|[from] item: Leftovers
|
|switch|p2a: Seven|Gardevoir, F, shiny|340\/340
|-ability|p2a: Seven|Pixilate|[from] ability: Trace|[of] p1a: Sylveon
|turn|8
|
|move|p2a: Seven|Psyshock|p1a: Sylveon
|-damage|p1a: Sylveon|0 fnt
|faint|p1a: Sylveon
|
|
|switch|p1a: Beedrill|Beedrill-Mega, F|271\/271
|turn|9
|
|switch|p2a: Toasty|Rotom-Heat, shiny|272\/304
|move|p1a: Beedrill|U-turn|p2a: Toasty
|-resisted|p2a: Toasty
|-damage|p2a: Toasty|208\/304
|
|switch|p1a: Mamoswine|Mamoswine, M|106\/361
|
|-heal|p2a: Toasty|227\/304|[from] item: Leftovers
|turn|10
|
|move|p1a: Mamoswine|Superpower|p2a: Toasty
|-damage|p2a: Toasty|116\/304
|-unboost|p1a: Mamoswine|atk|1
|-unboost|p1a: Mamoswine|def|1
|move|p2a: Toasty|Will-O-Wisp|p1a: Mamoswine|[miss]
|-miss|p2a: Toasty|p1a: Mamoswine
|
|-heal|p2a: Toasty|135\/304|[from] item: Leftovers
|turn|11
|
|move|p1a: Mamoswine|Icicle Crash|p2a: Toasty
|-resisted|p2a: Toasty
|-damage|p2a: Toasty|99\/304
|move|p2a: Toasty|Overheat|p1a: Mamoswine
|-crit|p1a: Mamoswine
|-supereffective|p1a: Mamoswine
|-damage|p1a: Mamoswine|0 fnt
|-unboost|p2a: Toasty|spa|2
|faint|p1a: Mamoswine
|
|-heal|p2a: Toasty|118\/304|[from] item: Leftovers
|
|switch|p1a: Beedrill|Beedrill-Mega, F|271\/271
|turn|12
|
|move|p1a: Beedrill|Poison Jab|p2a: Toasty
|-damage|p2a: Toasty|0 fnt
|faint|p2a: Toasty
|
|
|switch|p2a: Christmas|Sceptile, M, shiny|282\/282
|turn|13
|c|âLeader Jetrace|gg
|
|detailschange|p2a: Christmas|Sceptile-Mega, M, shiny
|message|Sceptile has Mega Evolved into Mega Sceptile!
|move|p1a: Beedrill|U-turn|p2a: Christmas
|-supereffective|p2a: Christmas
|-damage|p2a: Christmas|0 fnt
|faint|p2a: Christmas
|
|switch|p1a: Darmanitan|Darmanitan, F|225\/352
|
|
|switch|p2a: Seven|Gardevoir, F, shiny|340\/340
|-ability|p2a: Seven|Sheer Force|[from] ability: Trace|[of] p1a: Darmanitan
|turn|14
|
|move|p1a: Darmanitan|Flare Blitz|p2a: Seven
|-damage|p2a: Seven|0 fnt
|-damage|p1a: Darmanitan|113\/352|[from] recoil|[of] p2a: Seven
|faint|p2a: Seven
|
|win|Blackfenix19
|raw|Ladder updating...
|raw|Blackfenix19's rating: 1290 &rarr; <strong>1312<\/strong><br \/>(+22 for winning)
|raw|Leader Jetrace's rating: 1252 &rarr; <strong>1229<\/strong><br \/>(-23 for losing)
|leave|Leader Jetrace
|player|p2