|join|Blackfenix19
|join|Fey Hakuryuu
|player|p1|Blackfenix19|101
|player|p2|Fey Hakuryuu|265
|gametype|singles
|gen|6
|tier|OU
|rated
|clearpoke
|poke|p1|Darmanitan, F
|poke|p1|Cryogonal
|poke|p1|Steelix, M
|poke|p1|Dragonite, F
|poke|p1|Conkeldurr, F
|poke|p1|Vaporeon, M
|poke|p2|Gliscor, M
|poke|p2|Jirachi
|poke|p2|Milotic, F
|poke|p2|Hydreigon, M
|poke|p2|Alakazam, M
|poke|p2|Lopunny, F
|rule|Swagger Clause: Swagger is banned
|rule|Baton Pass Clause: Limit one PokÃ©mon knowing Baton Pass
|rule|Sleep Clause Mod: Limit one foe put to sleep
|rule|Species Clause: Limit one of each PokÃ©mon
|rule|OHKO Clause: OHKO moves are banned
|rule|Moody Clause: Moody is banned
|rule|Evasion Moves Clause: Evasion moves are banned
|rule|Endless Battle Clause: Forcing endless battles is banned
|rule|HP Percentage Mod: HP is shown in percentages
|teampreview
|
|start
|switch|p1a: Steelix|Steelix, M|354\/354
|switch|p2a: Hydreigon|Hydreigon, M|325\/325
|turn|1
|
|detailschange|p1a: Steelix|Steelix-Mega, M
|-mega|p1a: Steelix|Steelix|Steelixite
|move|p2a: Hydreigon|U-turn|p1a: Steelix
|-resisted|p1a: Steelix
|-damage|p1a: Steelix|341\/354
|
|switch|p2a: Gliscor|Gliscor, M|354\/354
|move|p1a: Steelix|Gyro Ball|p2a: Gliscor
|-damage|p2a: Gliscor|252\/354
|
|-status|p2a: Gliscor|tox|[from] item: Toxic Orb
|turn|2
|
|move|p2a: Gliscor|Swords Dance|p2a: Gliscor
|-boost|p2a: Gliscor|atk|2
|move|p1a: Steelix|Stealth Rock|p2a: Gliscor
|-sidestart|p2: Fey Hakuryuu|move: Stealth Rock
|
|-heal|p2a: Gliscor|296\/354 tox|[from] ability: Poison Heal
|turn|3
|
|move|p2a: Gliscor|Swords Dance|p2a: Gliscor
|-boost|p2a: Gliscor|atk|2
|move|p1a: Steelix|Roar|p2a: Gliscor
|drag|p2a: Lopunny|Lopunny, F|271\/271
|-damage|p2a: Lopunny|238\/271|[from] Stealth Rock
|
|turn|4
|
|detailschange|p2a: Lopunny|Lopunny-Mega, F
|-mega|p2a: Lopunny|Lopunny|Lopunnite
|move|p2a: Lopunny|Fake Out|p1a: Steelix
|-resisted|p1a: Steelix
|-damage|p1a: Steelix|321\/354
|cant|p1a: Steelix|flinch
|
|turn|5
|
|switch|p2a: Gliscor|Gliscor, M|296\/354 tox
|-damage|p2a: Gliscor|252\/354 tox|[from] Stealth Rock
|move|p1a: Steelix|Gyro Ball|p2a: Gliscor
|-damage|p2a: Gliscor|150\/354 tox
|
|-heal|p2a: Gliscor|194\/354 tox|[from] ability: Poison Heal
|turn|6
|
|switch|p1a: Vaporeon|Vaporeon, M|464\/464
|move|p2a: Gliscor|Protect|p2a: Gliscor
|-fail|p2a: Gliscor
|
|-heal|p2a: Gliscor|238\/354 tox|[from] ability: Poison Heal
|turn|7
|
|switch|p2a: Milotic|Milotic, F|394\/394
|-damage|p2a: Milotic|345\/394|[from] Stealth Rock
|move|p1a: Vaporeon|Scald|p2a: Milotic
|-crit|p2a: Milotic
|-resisted|p2a: Milotic
|-damage|p2a: Milotic|284\/394
|
|turn|8
|
|switch|p1a: Cryogonal|Cryogonal|344\/344
|move|p2a: Milotic|Toxic|p1a: Cryogonal|[miss]
|-miss|p2a: Milotic|p1a: Cryogonal
|
|turn|9
|
|switch|p2a: Jirachi|Jirachi|404\/404
|-damage|p2a: Jirachi|379\/404|[from] Stealth Rock
|move|p1a: Cryogonal|Toxic|p2a: Jirachi
|-fail|p2a: Jirachi
|
|-heal|p2a: Jirachi|404\/404|[from] item: Leftovers
|turn|10
|
|switch|p1a: Steelix|Steelix-Mega, M|321\/354
|move|p2a: Jirachi|Stealth Rock|p1a: Steelix
|-sidestart|p1: Blackfenix19|move: Stealth Rock
|
|turn|11
|
|move|p2a: Jirachi|Wish|p2a: Jirachi
|move|p1a: Steelix|Roar|p2a: Jirachi
|drag|p2a: Gliscor|Gliscor, M|238\/354 tox
|-damage|p2a: Gliscor|194\/354 tox|[from] Stealth Rock
|
|-heal|p2a: Gliscor|238\/354 tox|[from] ability: Poison Heal
|turn|12
|
|move|p2a: Gliscor|Earthquake|p1a: Steelix
|-supereffective|p1a: Steelix
|-damage|p1a: Steelix|211\/354
|move|p1a: Steelix|Roar|p2a: Gliscor
|drag|p2a: Milotic|Milotic, F|284\/394
|-damage|p2a: Milotic|235\/394|[from] Stealth Rock
|
|-heal|p2a: Milotic|394\/394|[from] move: Wish|[wisher] Jirachi
|turn|13
|
|move|p2a: Milotic|Scald|p1a: Steelix
|-supereffective|p1a: Steelix
|-damage|p1a: Steelix|47\/354
|-status|p1a: Steelix|brn
|move|p1a: Steelix|Earthquake|p2a: Milotic
|-damage|p2a: Milotic|339\/394
|
|-damage|p1a: Steelix|3\/354 brn|[from] brn
|turn|14
|
|move|p2a: Milotic|Ice Beam|p1a: Steelix
|-damage|p1a: Steelix|0 fnt
|faint|p1a: Steelix
|
|
|switch|p1a: Cryogonal|Cryogonal|344\/344
|-damage|p1a: Cryogonal|258\/344|[from] Stealth Rock
|turn|15
|
|switch|p2a: Jirachi|Jirachi|404\/404
|-damage|p2a: Jirachi|379\/404|[from] Stealth Rock
|move|p1a: Cryogonal|Rapid Spin|p2a: Jirachi
|-resisted|p2a: Jirachi
|-damage|p2a: Jirachi|375\/404
|-sideend|p1: Blackfenix19|Stealth Rock|[from] move: Rapid Spin|[of] p1a: Cryogonal
|
|-heal|p2a: Jirachi|400\/404|[from] item: Leftovers
|turn|16
|
|switch|p1a: Darmanitan|Darmanitan, F|351\/351
|move|p2a: Jirachi|Body Slam|p1a: Darmanitan
|-damage|p1a: Darmanitan|238\/351
|-status|p1a: Darmanitan|par
|
|-heal|p2a: Jirachi|404\/404|[from] item: Leftovers
|turn|17
|
|switch|p2a: Gliscor|Gliscor, M|238\/354 tox
|-damage|p2a: Gliscor|194\/354 tox|[from] Stealth Rock
|cant|p1a: Darmanitan|par
|
|-heal|p2a: Gliscor|238\/354 tox|[from] ability: Poison Heal
|turn|18
|
|move|p2a: Gliscor|Swords Dance|p2a: Gliscor
|-boost|p2a: Gliscor|atk|2
|move|p1a: Darmanitan|Flare Blitz|p2a: Gliscor
|-damage|p2a: Gliscor|58\/354 tox
|-damage|p1a: Darmanitan|179\/351 par|[from] recoil|[of] p2a: Gliscor
|
|-heal|p2a: Gliscor|102\/354 tox|[from] ability: Poison Heal
|turn|19
|c|âBlackfenix19|lol
|c|âBlackfenix19|those hacks
|
|switch|p1a: Dragonite|Dragonite, F|324\/324
|move|p2a: Gliscor|Earthquake|p1a: Dragonite
|-immune|p1a: Dragonite|[msg]
|
|-heal|p2a: Gliscor|146\/354 tox|[from] ability: Poison Heal
|turn|20
|
|move|p1a: Dragonite|Dragon Dance|p1a: Dragonite
|-boost|p1a: Dragonite|atk|1
|-boost|p1a: Dragonite|spe|1
|move|p2a: Gliscor|Ice Fang|p1a: Dragonite
|-supereffective|p1a: Dragonite
|-damage|p1a: Dragonite|120\/324
|-status|p1a: Dragonite|frz
|-enditem|p1a: Dragonite|Lum Berry|[eat]
|-curestatus|p1a: Dragonite|frz
|
|-heal|p2a: Gliscor|190\/354 tox|[from] ability: Poison Heal
|turn|21
|c|âFey Hakuryuu|Hacks...
|
|move|p1a: Dragonite|Dragon Claw|p2a: Gliscor
|-damage|p2a: Gliscor|40\/354 tox
|move|p2a: Gliscor|Ice Fang|p1a: Dragonite
|-supereffective|p1a: Dragonite
|-damage|p1a: Dragonite|0 fnt
|faint|p1a: Dragonite
|
|-heal|p2a: Gliscor|84\/354 tox|[from] ability: Poison Heal
|c|âBlackfenix19|mine was a lum berry
|
|switch|p1a: Vaporeon|Vaporeon, M|464\/464
|turn|22
|
|move|p2a: Gliscor|Protect|p2a: Gliscor
|-singleturn|p2a: Gliscor|Protect
|move|p1a: Vaporeon|Scald|p2a: Gliscor
|-activate|p2a: Gliscor|Protect
|
|-heal|p2a: Gliscor|128\/354 tox|[from] ability: Poison Heal
|turn|23
|
|switch|p2a: Milotic|Milotic, F|339\/394
|-damage|p2a: Milotic|290\/394|[from] Stealth Rock
|move|p1a: Vaporeon|Scald|p2a: Milotic
|-resisted|p2a: Milotic
|-damage|p2a: Milotic|249\/394
|
|turn|24
|
|switch|p1a: Conkeldurr|Conkeldurr, F|410\/410
|move|p2a: Milotic|Toxic|p1a: Conkeldurr
|-status|p1a: Conkeldurr|tox
|
|-damage|p1a: Conkeldurr|385\/410 tox|[from] psn
|turn|25
|
|move|p2a: Milotic|Recover|p2a: Milotic
|-heal|p2a: Milotic|394\/394
|move|p1a: Conkeldurr|Knock Off|p2a: Milotic
|-damage|p2a: Milotic|233\/394
|-damage|p1a: Conkeldurr|317\/410 tox|[from] item: Rocky Helmet|[of] p2a: Milotic
|-enditem|p2a: Milotic|Rocky Helmet|[from] move: Knock Off|[of] p1a: Conkeldurr
|
|-damage|p1a: Conkeldurr|267\/410 tox|[from] psn
|turn|26
|
|switch|p2a: Gliscor|Gliscor, M|128\/354 tox
|-damage|p2a: Gliscor|84\/354 tox|[from] Stealth Rock
|move|p1a: Conkeldurr|Drain Punch|p2a: Gliscor
|-resisted|p2a: Gliscor
|-damage|p2a: Gliscor|4\/354 tox
|-heal|p1a: Conkeldurr|307\/410 tox|[from] drain|[of] p2a: Gliscor
|
|-heal|p2a: Gliscor|48\/354 tox|[from] ability: Poison Heal
|-damage|p1a: Conkeldurr|232\/410 tox|[from] psn
|turn|27
|
|move|p2a: Gliscor|Protect|p2a: Gliscor
|-singleturn|p2a: Gliscor|Protect
|move|p1a: Conkeldurr|Knock Off|p2a: Gliscor
|-activate|p2a: Gliscor|Protect
|
|-heal|p2a: Gliscor|92\/354 tox|[from] ability: Poison Heal
|-damage|p1a: Conkeldurr|132\/410 tox|[from] psn
|turn|28
|
|switch|p2a: Milotic|Milotic, F|233\/394
|-damage|p2a: Milotic|184\/394|[from] Stealth Rock
|move|p1a: Conkeldurr|Knock Off|p2a: Milotic
|-damage|p2a: Milotic|64\/394
|
|-damage|p1a: Conkeldurr|7\/410 tox|[from] psn
|turn|29
|
|switch|p2a: Gliscor|Gliscor, M|92\/354 tox
|-damage|p2a: Gliscor|48\/354 tox|[from] Stealth Rock
|switch|p1a: Cryogonal|Cryogonal|258\/344
|
|-heal|p2a: Gliscor|92\/354 tox|[from] ability: Poison Heal
|turn|30
|
|move|p2a: Gliscor|Protect|p2a: Gliscor
|-singleturn|p2a: Gliscor|Protect
|move|p1a: Cryogonal|Freeze-Dry|p2a: Gliscor
|-activate|p2a: Gliscor|Protect
|
|-heal|p2a: Gliscor|136\/354 tox|[from] ability: Poison Heal
|turn|31
|
|switch|p2a: Jirachi|Jirachi|404\/404
|-damage|p2a: Jirachi|379\/404|[from] Stealth Rock
|move|p1a: Cryogonal|Freeze-Dry|p2a: Jirachi
|-resisted|p2a: Jirachi
|-damage|p2a: Jirachi|351\/404
|-status|p2a: Jirachi|frz
|
|-heal|p2a: Jirachi|376\/404 frz|[from] item: Leftovers
|turn|32
|
|switch|p1a: Darmanitan|Darmanitan, F|179\/351 par
|cant|p2a: Jirachi|frz
|
|-heal|p2a: Jirachi|401\/404 frz|[from] item: Leftovers
|turn|33
|
|switch|p2a: Gliscor|Gliscor, M|136\/354 tox
|-damage|p2a: Gliscor|92\/354 tox|[from] Stealth Rock
|cant|p1a: Darmanitan|par
|
|-heal|p2a: Gliscor|136\/354 tox|[from] ability: Poison Heal
|turn|34
|
|move|p2a: Gliscor|Earthquake|p1a: Darmanitan
|-supereffective|p1a: Darmanitan
|-damage|p1a: Darmanitan|0 fnt
|faint|p1a: Darmanitan
|
|-heal|p2a: Gliscor|180\/354 tox|[from] ability: Poison Heal
|c|âBlackfenix19|-.-
|
|switch|p1a: Vaporeon|Vaporeon, M|464\/464
|turn|35
|
|move|p2a: Gliscor|Protect|p2a: Gliscor
|-singleturn|p2a: Gliscor|Protect
|move|p1a: Vaporeon|Scald|p2a: Gliscor
|-activate|p2a: Gliscor|Protect
|
|-heal|p2a: Gliscor|224\/354 tox|[from] ability: Poison Heal
|turn|36
|c|âBlackfenix19|those stupid hacks
|
|switch|p2a: Hydreigon|Hydreigon, M|325\/325
|-damage|p2a: Hydreigon|285\/325|[from] Stealth Rock
|move|p1a: Vaporeon|Ice Beam|p2a: Hydreigon
|-supereffective|p2a: Hydreigon
|-damage|p2a: Hydreigon|109\/325
|
|turn|37
|
|switch|p1a: Cryogonal|Cryogonal|258\/344
|move|p2a: Hydreigon|U-turn|p1a: Cryogonal
|-damage|p1a: Cryogonal|142\/344
|
|switch|p2a: Jirachi|Jirachi|401\/404 frz
|-enditem|p1a: Cryogonal|Sitrus Berry|[eat]
|-heal|p1a: Cryogonal|228\/344|[from] item: Sitrus Berry
|-damage|p2a: Jirachi|376\/404 frz|[from] Stealth Rock
|
|-heal|p2a: Jirachi|401\/404 frz|[from] item: Leftovers
|turn|38
|
|switch|p1a: Vaporeon|Vaporeon, M|464\/464
|-curestatus|p2a: Jirachi|frz
|move|p2a: Jirachi|Wish|p2a: Jirachi
|
|-heal|p2a: Jirachi|404\/404|[from] item: Leftovers
|turn|39
|
|switch|p2a: Alakazam|Alakazam, M|252\/252
|move|p1a: Vaporeon|Scald|p2a: Alakazam
|-damage|p2a: Alakazam|152\/252
|
|-heal|p2a: Alakazam|252\/252|[from] move: Wish|[wisher] Jirachi
|turn|40
|
|move|p2a: Alakazam|Substitute|p2a: Alakazam
|-start|p2a: Alakazam|Substitute
|-damage|p2a: Alakazam|189\/252
|move|p1a: Vaporeon|Wish|p1a: Vaporeon
|
|-heal|p2a: Alakazam|204\/252|[from] item: Leftovers
|turn|41
|
|move|p2a: Alakazam|Encore|p1a: Vaporeon
|-start|p1a: Vaporeon|Encore
|move|p1a: Vaporeon|Wish|p1a: Vaporeon
|-fail|p1a: Vaporeon
|
|-heal|p2a: Alakazam|219\/252|[from] item: Leftovers
|turn|42
|
|switch|p1a: Cryogonal|Cryogonal|228\/344
|move|p2a: Alakazam|Psychic|p1a: Cryogonal
|-damage|p1a: Cryogonal|134\/344
|-unboost|p1a: Cryogonal|spd|1
|
|-heal|p2a: Alakazam|234\/252|[from] item: Leftovers
|turn|43
|
|move|p2a: Alakazam|Psychic|p1a: Cryogonal
|-damage|p1a: Cryogonal|0 fnt
|faint|p1a: Cryogonal
|
|-heal|p2a: Alakazam|249\/252|[from] item: Leftovers
|
|switch|p1a: Vaporeon|Vaporeon, M|464\/464
|turn|44
|
|move|p2a: Alakazam|Psychic|p1a: Vaporeon
|-damage|p1a: Vaporeon|289\/464
|move|p1a: Vaporeon|Scald|p2a: Alakazam
|-end|p2a: Alakazam|Substitute
|
|-heal|p2a: Alakazam|252\/252|[from] item: Leftovers
|-heal|p1a: Vaporeon|318\/464|[from] item: Leftovers
|turn|45
|
|move|p2a: Alakazam|Psychic|p1a: Vaporeon
|-damage|p1a: Vaporeon|146\/464
|move|p1a: Vaporeon|Scald|p2a: Alakazam
|-damage|p2a: Alakazam|141\/252
|-status|p2a: Alakazam|brn
|
|-heal|p2a: Alakazam|156\/252 brn|[from] item: Leftovers
|-heal|p1a: Vaporeon|175\/464|[from] item: Leftovers
|turn|46
|
|move|p1a: Vaporeon|Protect|p1a: Vaporeon
|-singleturn|p1a: Vaporeon|Protect
|move|p2a: Alakazam|Psychic|p1a: Vaporeon
|-activate|p1a: Vaporeon|Protect
|
|-heal|p2a: Alakazam|171\/252 brn|[from] item: Leftovers
|-heal|p1a: Vaporeon|204\/464|[from] item: Leftovers
|turn|47
|
|move|p2a: Alakazam|Encore|p1a: Vaporeon
|-start|p1a: Vaporeon|Encore
|move|p1a: Vaporeon|Protect|p1a: Vaporeon
|-fail|p1a: Vaporeon
|
|-heal|p2a: Alakazam|186\/252 brn|[from] item: Leftovers
|-heal|p1a: Vaporeon|233\/464|[from] item: Leftovers
|turn|48
|
|switch|p1a: Conkeldurr|Conkeldurr, F|7\/410 tox
|move|p2a: Alakazam|Substitute|p2a: Alakazam
|-start|p2a: Alakazam|Substitute
|-damage|p2a: Alakazam|123\/252 brn
|
|-heal|p2a: Alakazam|138\/252 brn|[from] item: Leftovers
|-damage|p1a: Conkeldurr|0 fnt|[from] psn
|faint|p1a: Conkeldurr
|
|switch|p1a: Vaporeon|Vaporeon, M|233\/464
|turn|49
|
|move|p2a: Alakazam|Psychic|p1a: Vaporeon
|-damage|p1a: Vaporeon|50\/464
|move|p1a: Vaporeon|Wish|p1a: Vaporeon
|
|-heal|p2a: Alakazam|153\/252 brn|[from] item: Leftovers
|-heal|p1a: Vaporeon|79\/464|[from] item: Leftovers
|turn|50
|
|move|p1a: Vaporeon|Protect|p1a: Vaporeon
|-singleturn|p1a: Vaporeon|Protect
|move|p2a: Alakazam|Psychic|p1a: Vaporeon
|-activate|p1a: Vaporeon|Protect
|
|-heal|p1a: Vaporeon|311\/464|[from] move: Wish|[wisher] Vaporeon
|-heal|p2a: Alakazam|168\/252 brn|[from] item: Leftovers
|-heal|p1a: Vaporeon|340\/464|[from] item: Leftovers
|turn|51
|
|move|p2a: Alakazam|Encore|p1a: Vaporeon
|-start|p1a: Vaporeon|Encore
|move|p1a: Vaporeon|Protect|p1a: Vaporeon
|-fail|p1a: Vaporeon
|
|-heal|p2a: Alakazam|183\/252 brn|[from] item: Leftovers
|-heal|p1a: Vaporeon|369\/464|[from] item: Leftovers
|turn|52
|
|move|p1a: Vaporeon|Protect|p1a: Vaporeon
|-singleturn|p1a: Vaporeon|Protect
|move|p2a: Alakazam|Dazzling Gleam|p1a: Vaporeon
|-activate|p1a: Vaporeon|Protect
|
|-heal|p2a: Alakazam|198\/252 brn|[from] item: Leftovers
|-heal|p1a: Vaporeon|398\/464|[from] item: Leftovers
|turn|53
|
|move|p1a: Vaporeon|Protect|p1a: Vaporeon
|-singleturn|p1a: Vaporeon|Protect
|move|p2a: Alakazam|Psychic|p1a: Vaporeon
|-activate|p1a: Vaporeon|Protect
|
|-heal|p2a: Alakazam|213\/252 brn|[from] item: Leftovers
|-heal|p1a: Vaporeon|427\/464|[from] item: Leftovers
|-end|p1a: Vaporeon|Encore
|turn|54
|
|move|p2a: Alakazam|Psychic|p1a: Vaporeon
|-damage|p1a: Vaporeon|261\/464
|move|p1a: Vaporeon|Scald|p2a: Alakazam
|-end|p2a: Alakazam|Substitute
|
|-heal|p2a: Alakazam|228\/252 brn|[from] item: Leftovers
|-heal|p1a: Vaporeon|290\/464|[from] item: Leftovers
|turn|55
|
|move|p2a: Alakazam|Encore|p1a: Vaporeon
|-start|p1a: Vaporeon|Encore
|move|p1a: Vaporeon|Scald|p2a: Alakazam
|-damage|p2a: Alakazam|125\/252 brn
|
|-heal|p2a: Alakazam|140\/252 brn|[from] item: Leftovers
|-heal|p1a: Vaporeon|319\/464|[from] item: Leftovers
|turn|56
|
|move|p2a: Alakazam|Psychic|p1a: Vaporeon
|-damage|p1a: Vaporeon|159\/464
|-unboost|p1a: Vaporeon|spd|1
|move|p1a: Vaporeon|Scald|p2a: Alakazam
|-damage|p2a: Alakazam|28\/252 brn
|
|-heal|p2a: Alakazam|43\/252 brn|[from] item: Leftovers
|-heal|p1a: Vaporeon|188\/464|[from] item: Leftovers
|turn|57
|
|move|p2a: Alakazam|Psychic|p1a: Vaporeon
|-damage|p1a: Vaporeon|0 fnt
|faint|p1a: Vaporeon
|
|win|Fey Hakuryuu
|raw|Ladder updating...
|raw|Blackfenix19's rating: 1454 &rarr; <strong>1432<\/strong><br \/>(-22 for losing)
|raw|Fey Hakuryuu's rating: 1411 &rarr; <strong>1433<\/strong><br \/>(+22 for winning)