|join|GazR7
|join|UrNemesis357
|player|p1|GazR7|169
|player|p2|UrNemesis357|170
|gametype|singles
|gen|6
|tier|UU
|rated
|rule|Sleep Clause Mod: Limit one foe put to sleep
|rule|Species Clause: Limit one of each PokÃ©mon
|rule|OHKO Clause: OHKO moves are banned
|rule|Moody Clause: Moody is banned
|rule|Evasion Moves Clause: Evasion moves are banned
|rule|Endless Battle Clause: Forcing endless battles is banned
|rule|HP Percentage Mod: HP is shown in percentages
|clearpoke
|poke|p1|Pidgeot, M
|poke|p1|Mienshao, F
|poke|p1|Celebi
|poke|p1|Alomomola, F
|poke|p1|Snorlax, M
|poke|p1|Raikou
|poke|p2|Raikou
|poke|p2|Abomasnow, M
|poke|p2|Mienshao, M
|poke|p2|Hippowdon, M
|poke|p2|Suicune
|poke|p2|Forretress, M
|rule|Swagger Clause: Swagger is banned
|rule|Baton Pass Clause: Limit one PokÃ©mon knowing Baton Pass
|teampreview
|
|start
|switch|p1a: Pidgeot|Pidgeot, M|307\/307
|switch|p2a: Mienshao|Mienshao, M|271\/271
|turn|1
|
|detailschange|p1a: Pidgeot|Pidgeot-Mega, M
|-mega|p1a: Pidgeot|Pidgeot|Pidgeotite
|move|p2a: Mienshao|U-turn|p1a: Pidgeot
|-resisted|p1a: Pidgeot
|-damage|p1a: Pidgeot|259\/307
|
|switch|p2a: Hippowdon|Hippowdon, M|420\/420
|-weather|Sandstorm
|move|p1a: Pidgeot|U-turn|p2a: Hippowdon
|-damage|p2a: Hippowdon|383\/420
|
|switch|p1a: Celebi|Celebi|396\/396
|
|-weather|Sandstorm|[upkeep]
|-damage|p1a: Celebi|372\/396|[from] sandstorm
|-heal|p1a: Celebi|396\/396|[from] item: Leftovers
|-heal|p2a: Hippowdon|409\/420|[from] item: Leftovers
|turn|2
|
|move|p1a: Celebi|Stealth Rock|p2a: Hippowdon
|-sidestart|p2: UrNemesis357|move: Stealth Rock
|move|p2a: Hippowdon|Stealth Rock|p1a: Celebi
|-sidestart|p1: GazR7|move: Stealth Rock
|
|-weather|Sandstorm|[upkeep]
|-damage|p1a: Celebi|372\/396|[from] sandstorm
|-heal|p1a: Celebi|396\/396|[from] item: Leftovers
|-heal|p2a: Hippowdon|420\/420|[from] item: Leftovers
|turn|3
|
|move|p1a: Celebi|Giga Drain|p2a: Hippowdon
|-supereffective|p2a: Hippowdon
|-damage|p2a: Hippowdon|208\/420
|move|p2a: Hippowdon|Whirlwind|p1a: Celebi
|drag|p1a: Raikou|Raikou|321\/321
|-damage|p1a: Raikou|281\/321|[from] Stealth Rock
|-ability|p1a: Raikou|Pressure
|
|-weather|Sandstorm|[upkeep]
|-damage|p1a: Raikou|261\/321|[from] sandstorm
|-heal|p1a: Raikou|281\/321|[from] item: Leftovers
|-heal|p2a: Hippowdon|234\/420|[from] item: Leftovers
|turn|4
|
|switch|p1a: Celebi|Celebi|396\/396
|-damage|p1a: Celebi|347\/396|[from] Stealth Rock
|move|p2a: Hippowdon|Slack Off|p2a: Hippowdon
|-heal|p2a: Hippowdon|420\/420
|
|-weather|Sandstorm|[upkeep]
|-damage|p1a: Celebi|323\/396|[from] sandstorm
|-heal|p1a: Celebi|347\/396|[from] item: Leftovers
|turn|5
|
|switch|p1a: Alomomola|Alomomola, F|533\/533
|-damage|p1a: Alomomola|467\/533|[from] Stealth Rock
|switch|p2a: Forretress|Forretress, M|354\/354
|-damage|p2a: Forretress|310\/354|[from] Stealth Rock
|
|-weather|none
|-heal|p2a: Forretress|332\/354|[from] item: Leftovers
|turn|6
|
|move|p1a: Alomomola|Scald|p2a: Forretress
|-damage|p2a: Forretress|286\/354
|move|p2a: Forretress|Spikes|p1a: Alomomola
|-sidestart|p1: GazR7|Spikes
|
|-heal|p2a: Forretress|308\/354|[from] item: Leftovers
|turn|7
|
|switch|p1a: Raikou|Raikou|281\/321
|-damage|p1a: Raikou|241\/321|[from] Stealth Rock
|-damage|p1a: Raikou|201\/321|[from] Spikes
|-ability|p1a: Raikou|Pressure
|move|p2a: Forretress|Volt Switch|p1a: Raikou
|-resisted|p1a: Raikou
|-damage|p1a: Raikou|183\/321
|
|switch|p2a: Hippowdon|Hippowdon, M|420\/420
|-damage|p2a: Hippowdon|394\/420|[from] Stealth Rock
|-weather|Sandstorm
|
|-weather|Sandstorm|[upkeep]
|-damage|p1a: Raikou|163\/321|[from] sandstorm
|-heal|p1a: Raikou|183\/321|[from] item: Leftovers
|-heal|p2a: Hippowdon|420\/420|[from] item: Leftovers
|turn|8
|
|move|p1a: Raikou|Hidden Power|p2a: Hippowdon
|-supereffective|p2a: Hippowdon
|-damage|p2a: Hippowdon|312\/420
|move|p2a: Hippowdon|Whirlwind|p1a: Raikou
|drag|p1a: Alomomola|Alomomola, F|533\/533
|-damage|p1a: Alomomola|467\/533|[from] Spikes
|-damage|p1a: Alomomola|401\/533|[from] Stealth Rock
|
|-weather|Sandstorm|[upkeep]
|-damage|p1a: Alomomola|368\/533|[from] sandstorm
|-heal|p2a: Hippowdon|338\/420|[from] item: Leftovers
|turn|9
|
|switch|p2a: Suicune|Suicune|404\/404
|-damage|p2a: Suicune|354\/404|[from] Stealth Rock
|-ability|p2a: Suicune|Pressure
|move|p1a: Alomomola|Scald|p2a: Suicune
|-resisted|p2a: Suicune
|-damage|p2a: Suicune|332\/404
|
|-weather|Sandstorm|[upkeep]
|-damage|p2a: Suicune|307\/404|[from] sandstorm
|-damage|p1a: Alomomola|335\/533|[from] sandstorm
|turn|10
|
|switch|p1a: Raikou|Raikou|183\/321
|-damage|p1a: Raikou|143\/321|[from] Stealth Rock
|-damage|p1a: Raikou|103\/321|[from] Spikes
|-ability|p1a: Raikou|Pressure
|move|p2a: Suicune|Ice Beam|p1a: Raikou
|-damage|p1a: Raikou|41\/321
|
|-weather|Sandstorm|[upkeep]
|-damage|p1a: Raikou|21\/321|[from] sandstorm
|-damage|p2a: Suicune|282\/404|[from] sandstorm
|-heal|p1a: Raikou|41\/321|[from] item: Leftovers
|turn|11
|
|switch|p2a: Hippowdon|Hippowdon, M|338\/420
|-damage|p2a: Hippowdon|312\/420|[from] Stealth Rock
|move|p1a: Raikou|Calm Mind|p1a: Raikou
|-boost|p1a: Raikou|spa|1
|-boost|p1a: Raikou|spd|1
|
|-weather|none
|-heal|p1a: Raikou|61\/321|[from] item: Leftovers
|-heal|p2a: Hippowdon|338\/420|[from] item: Leftovers
|turn|12
|
|move|p1a: Raikou|Hidden Power|p2a: Hippowdon
|-supereffective|p2a: Hippowdon
|-damage|p2a: Hippowdon|178\/420
|move|p2a: Hippowdon|Earthquake|p1a: Raikou
|-supereffective|p1a: Raikou
|-damage|p1a: Raikou|0 fnt
|faint|p1a: Raikou
|
|-heal|p2a: Hippowdon|204\/420|[from] item: Leftovers
|
|switch|p1a: Celebi|Celebi|347\/396
|-damage|p1a: Celebi|298\/396|[from] Spikes
|-damage|p1a: Celebi|249\/396|[from] Stealth Rock
|turn|13
|
|switch|p1a: Pidgeot|Pidgeot-Mega, M|259\/307
|-damage|p1a: Pidgeot|183\/307|[from] Stealth Rock
|switch|p2a: Forretress|Forretress, M|308\/354
|-damage|p2a: Forretress|264\/354|[from] Stealth Rock
|
|-heal|p2a: Forretress|286\/354|[from] item: Leftovers
|turn|14
|
|switch|p2a: Hippowdon|Hippowdon, M|204\/420
|-damage|p2a: Hippowdon|178\/420|[from] Stealth Rock
|-weather|Sandstorm
|move|p1a: Pidgeot|Hurricane|p2a: Hippowdon
|-damage|p2a: Hippowdon|10\/420
|-start|p2a: Hippowdon|confusion
|
|-weather|Sandstorm|[upkeep]
|-damage|p1a: Pidgeot|164\/307|[from] sandstorm
|-heal|p2a: Hippowdon|36\/420|[from] item: Leftovers
|turn|15
|
|move|p1a: Pidgeot|Hurricane|p2a: Hippowdon
|-damage|p2a: Hippowdon|0 fnt
|faint|p2a: Hippowdon
|
|-weather|Sandstorm|[upkeep]
|-damage|p1a: Pidgeot|145\/307|[from] sandstorm
|
|switch|p2a: Raikou|Raikou|321\/321
|-damage|p2a: Raikou|281\/321|[from] Stealth Rock
|-ability|p2a: Raikou|Pressure
|turn|16
|
|switch|p1a: Snorlax|Snorlax, M|524\/524
|-damage|p1a: Snorlax|459\/524|[from] Spikes
|-damage|p1a: Snorlax|394\/524|[from] Stealth Rock
|move|p2a: Raikou|Volt Switch|p1a: Snorlax
|-damage|p1a: Snorlax|270\/524
|
|switch|p2a: Mienshao|Mienshao, M|271\/271
|-damage|p2a: Mienshao|255\/271|[from] Stealth Rock
|
|-weather|Sandstorm|[upkeep]
|-damage|p2a: Mienshao|239\/271|[from] sandstorm
|-damage|p1a: Snorlax|238\/524|[from] sandstorm
|-heal|p1a: Snorlax|270\/524|[from] item: Leftovers
|turn|17
|
|switch|p1a: Alomomola|Alomomola, F|512\/533
|-damage|p1a: Alomomola|446\/533|[from] Stealth Rock
|-damage|p1a: Alomomola|380\/533|[from] Spikes
|move|p2a: Mienshao|U-turn|p1a: Alomomola
|-damage|p1a: Alomomola|318\/533
|-damage|p2a: Mienshao|194\/271|[from] item: Rocky Helmet|[of] p1a: Alomomola
|
|switch|p2a: Abomasnow|Abomasnow, M|381\/381
|-damage|p2a: Abomasnow|286\/381|[from] Stealth Rock
|
|-weather|Sandstorm|[upkeep]
|-damage|p1a: Alomomola|285\/533|[from] sandstorm
|-damage|p2a: Abomasnow|263\/381|[from] sandstorm
|turn|18
|
|switch|p1a: Celebi|Celebi|249\/396
|-damage|p1a: Celebi|200\/396|[from] Spikes
|-damage|p1a: Celebi|151\/396|[from] Stealth Rock
|move|p2a: Abomasnow|Swords Dance|p2a: Abomasnow
|-boost|p2a: Abomasnow|atk|2
|
|-weather|none
|-heal|p1a: Celebi|175\/396|[from] item: Leftovers
|turn|19
|
|detailschange|p2a: Abomasnow|Abomasnow-Mega, M
|-mega|p2a: Abomasnow|Abomasnow|Abomasite
|-weather|Hail
|move|p2a: Abomasnow|Ice Shard|p1a: Celebi
|-supereffective|p1a: Celebi
|-damage|p1a: Celebi|0 fnt
|faint|p1a: Celebi
|
|-weather|Hail|[upkeep]
|c|âUrNemesis357|gg
|
|switch|p1a: Mienshao|Mienshao, F|271\/271
|-damage|p1a: Mienshao|255\/271|[from] Stealth Rock
|-damage|p1a: Mienshao|222\/271|[from] Spikes
|turn|20
|
|move|p2a: Abomasnow|Ice Shard|p1a: Mienshao
|-damage|p1a: Mienshao|0 fnt
|faint|p1a: Mienshao
|
|-weather|Hail|[upkeep]
|c|âGazR7|holy shit
|
|switch|p1a: Alomomola|Alomomola, F|462\/533
|-damage|p1a: Alomomola|396\/533|[from] Spikes
|-damage|p1a: Alomomola|330\/533|[from] Stealth Rock
|turn|21
|
|move|p1a: Alomomola|Toxic|p2a: Abomasnow
|-status|p2a: Abomasnow|tox
|move|p2a: Abomasnow|Seed Bomb|p1a: Alomomola
|-supereffective|p1a: Alomomola
|-damage|p1a: Alomomola|0 fnt
|faint|p1a: Alomomola
|
|-weather|Hail|[upkeep]
|-damage|p2a: Abomasnow|240\/381 tox|[from] psn
|
|switch|p1a: Pidgeot|Pidgeot-Mega, M|145\/307
|-damage|p1a: Pidgeot|69\/307|[from] Stealth Rock
|turn|22
|
|move|p2a: Abomasnow|Ice Shard|p1a: Pidgeot
|-supereffective|p1a: Pidgeot
|-damage|p1a: Pidgeot|0 fnt
|faint|p1a: Pidgeot
|
|-weather|Hail|[upkeep]
|-damage|p2a: Abomasnow|194\/381 tox|[from] psn
|-message|GazR7 forfeited.
|
|win|UrNemesis357
|raw|Ladder updating...
|leave|GazR7
|player|p1
|raw|GazR7's rating: 1563 &rarr; <strong>1540<\/strong><br \/>(-23 for losing)
|raw|UrNemesis357's rating: 1502 &rarr; <strong>1525<\/strong><br \/>(+23 for winning)