|join|GazR7
|join|Stall bt medicham
|player|p1|GazR7|265
|player|p2|Stall bt medicham|201
|gametype|singles
|gen|6
|tier|UU
|rated
|rule|Sleep Clause Mod: Limit one foe put to sleep
|rule|Species Clause: Limit one of each PokÃ©mon
|rule|OHKO Clause: OHKO moves are banned
|rule|Moody Clause: Moody is banned
|rule|Evasion Moves Clause: Evasion moves are banned
|rule|Endless Battle Clause: Forcing endless battles is banned
|rule|HP Percentage Mod: HP is shown in percentages
|clearpoke
|poke|p1|Crobat, F
|poke|p1|Medicham, F
|poke|p1|Celebi
|poke|p1|Alomomola, M
|poke|p1|Snorlax, M
|poke|p1|Raikou
|poke|p2|Cresselia, F
|poke|p2|Umbreon, M
|poke|p2|Suicune
|poke|p2|Steelix, M
|poke|p2|Tentacruel, F
|poke|p2|Whimsicott, M
|rule|Swagger Clause: Swagger is banned
|rule|Baton Pass Clause: Limit one PokÃ©mon knowing Baton Pass
|teampreview
|c|âGazR7|stall
|c|âGazR7|ok
|c|âStall bt medicham|stall better than mega medicham
|c|âGazR7|how...
|c|âStall bt medicham|this was my goal.Facing it
|c|âStall bt medicham|And IÂ´m ready for it
|c|âGazR7|leggo then
|
|start
|switch|p1a: Celebi|Celebi|396\/396
|switch|p2a: Steelix|Steelix, M|354\/354
|turn|1
|
|detailschange|p2a: Steelix|Steelix-Mega, M
|-mega|p2a: Steelix|Steelix|Steelixite
|move|p1a: Celebi|Stealth Rock|p2a: Steelix
|-sidestart|p2: Stall bt medicham|move: Stealth Rock
|move|p2a: Steelix|Stealth Rock|p1a: Celebi
|-sidestart|p1: GazR7|move: Stealth Rock
|
|turn|2
|
|switch|p1a: Alomomola|Alomomola, M|533\/533
|-damage|p1a: Alomomola|467\/533|[from] Stealth Rock
|move|p2a: Steelix|Heavy Slam|p1a: Alomomola
|-resisted|p1a: Alomomola
|-damage|p1a: Alomomola|392\/533
|-damage|p2a: Steelix|295\/354|[from] item: Rocky Helmet|[of] p1a: Alomomola
|
|turn|3
|
|switch|p1a: Medicham|Medicham, F|261\/261
|-damage|p1a: Medicham|245\/261|[from] Stealth Rock
|move|p2a: Steelix|Toxic|p1a: Medicham
|-status|p1a: Medicham|tox
|
|-damage|p1a: Medicham|229\/261 tox|[from] psn
|turn|4
|
|switch|p1a: Alomomola|Alomomola, M|533\/533
|-damage|p1a: Alomomola|467\/533|[from] Stealth Rock
|switch|p2a: Cresselia|Cresselia, F|443\/443
|-damage|p2a: Cresselia|388\/443|[from] Stealth Rock
|
|-heal|p2a: Cresselia|415\/443|[from] item: Leftovers
|turn|5
|join|swinging dong
|
|move|p2a: Cresselia|Substitute|p2a: Cresselia
|-start|p2a: Cresselia|Substitute
|-damage|p2a: Cresselia|305\/443
|move|p1a: Alomomola|Toxic|p2a: Cresselia
|
|-heal|p2a: Cresselia|332\/443|[from] item: Leftovers
|turn|6
|c|âStall bt medicham|hey
|c| swinging dong|eyo
|
|switch|p1a: Crobat|Crobat, F|311\/311
|-damage|p1a: Crobat|234\/311|[from] Stealth Rock
|move|p2a: Cresselia|Calm Mind|p2a: Cresselia
|-boost|p2a: Cresselia|spa|1
|-boost|p2a: Cresselia|spd|1
|
|-heal|p1a: Crobat|253\/311|[from] item: Black Sludge
|-heal|p2a: Cresselia|359\/443|[from] item: Leftovers
|turn|7
|
|move|p1a: Crobat|U-turn|p2a: Cresselia
|-supereffective|p2a: Cresselia
|-damage|p2a: Cresselia|275\/443
|c|âStall bt medicham|are you anger issues?
|
|switch|p1a: Snorlax|Snorlax, M|524\/524
|-damage|p1a: Snorlax|459\/524|[from] Stealth Rock
|move|p2a: Cresselia|Psychic|p1a: Snorlax
|-damage|p1a: Snorlax|380\/524
|
|-heal|p2a: Cresselia|302\/443|[from] item: Leftovers
|-heal|p1a: Snorlax|412\/524|[from] item: Leftovers
|turn|8
|c| swinging dong|mmhmm
|
|move|p2a: Cresselia|Calm Mind|p2a: Cresselia
|-boost|p2a: Cresselia|spa|1
|-boost|p2a: Cresselia|spd|1
|move|p1a: Snorlax|Curse|p1a: Snorlax
|-boost|p1a: Snorlax|atk|1
|-boost|p1a: Snorlax|def|1
|-unboost|p1a: Snorlax|spe|1
|
|-heal|p2a: Cresselia|329\/443|[from] item: Leftovers
|-heal|p1a: Snorlax|444\/524|[from] item: Leftovers
|turn|9
|c|âStall bt medicham|one of the twitter guys?
|c| swinging dong|yessum
|
|move|p2a: Cresselia|Psychic|p1a: Snorlax
|-damage|p1a: Snorlax|323\/524
|move|p1a: Snorlax|Body Slam|p2a: Cresselia
|-end|p2a: Cresselia|Substitute
|
|-heal|p2a: Cresselia|356\/443|[from] item: Leftovers
|-heal|p1a: Snorlax|355\/524|[from] item: Leftovers
|turn|10
|
|move|p2a: Cresselia|Psychic|p1a: Snorlax
|-damage|p1a: Snorlax|234\/524
|move|p1a: Snorlax|Body Slam|p2a: Cresselia
|-damage|p2a: Cresselia|247\/443
|
|-heal|p2a: Cresselia|274\/443|[from] item: Leftovers
|-heal|p1a: Snorlax|266\/524|[from] item: Leftovers
|turn|11
|
|move|p2a: Cresselia|Psychic|p1a: Snorlax
|-damage|p1a: Snorlax|155\/524
|move|p1a: Snorlax|Body Slam|p2a: Cresselia
|-crit|p2a: Cresselia
|-damage|p2a: Cresselia|112\/443
|
|-heal|p2a: Cresselia|139\/443|[from] item: Leftovers
|-heal|p1a: Snorlax|187\/524|[from] item: Leftovers
|turn|12
|
|move|p2a: Cresselia|Moonlight|p2a: Cresselia
|-heal|p2a: Cresselia|360\/443
|move|p1a: Snorlax|Rest|p1a: Snorlax
|-status|p1a: Snorlax|slp
|-heal|p1a: Snorlax|524\/524 slp|[silent]
|-status|p1a: Snorlax|slp|[from] move: Rest
|
|-heal|p2a: Cresselia|387\/443|[from] item: Leftovers
|turn|13
|c|âStall bt medicham|who are you I donÂ´t find you xD
|c| swinging dong|@AngerIssues01
|
|move|p2a: Cresselia|Substitute|p2a: Cresselia
|-start|p2a: Cresselia|Substitute
|-damage|p2a: Cresselia|277\/443
|cant|p1a: Snorlax|slp
|move|p1a: Snorlax|Sleep Talk|p1a: Snorlax
|move|p1a: Snorlax|Rest|p1a: Snorlax|[from]Sleep Talk
|-fail|p1a: Snorlax
|
|-heal|p2a: Cresselia|304\/443|[from] item: Leftovers
|turn|14
|c|âStall bt medicham|oh k
|
|move|p2a: Cresselia|Calm Mind|p2a: Cresselia
|-boost|p2a: Cresselia|spa|1
|-boost|p2a: Cresselia|spd|1
|cant|p1a: Snorlax|slp
|move|p1a: Snorlax|Sleep Talk|p1a: Snorlax
|move|p1a: Snorlax|Rest|p1a: Snorlax|[from]Sleep Talk
|-fail|p1a: Snorlax
|
|-heal|p2a: Cresselia|331\/443|[from] item: Leftovers
|turn|15
|c|âGazR7|ffs seriously
|
|move|p2a: Cresselia|Calm Mind|p2a: Cresselia
|-boost|p2a: Cresselia|spa|1
|-boost|p2a: Cresselia|spd|1
|-curestatus|p1a: Snorlax|slp
|move|p1a: Snorlax|Body Slam|p2a: Cresselia
|-activate|p2a: Cresselia|Substitute|[damage]
|
|-heal|p2a: Cresselia|358\/443|[from] item: Leftovers
|turn|16
|c|âStall bt medicham|this is going to be long
|
|move|p2a: Cresselia|Psychic|p1a: Snorlax
|-damage|p1a: Snorlax|344\/524
|move|p1a: Snorlax|Curse|p1a: Snorlax
|-boost|p1a: Snorlax|atk|1
|-boost|p1a: Snorlax|def|1
|-unboost|p1a: Snorlax|spe|1
|
|-heal|p2a: Cresselia|385\/443|[from] item: Leftovers
|-heal|p1a: Snorlax|376\/524|[from] item: Leftovers
|turn|17
|c| swinging dong|im sorry gaz but th
|c|âStall bt medicham|but enjoyable
|c| swinging dong|this team is made to be like this
|c| swinging dong|have fun fren
|c|âGazR7|no
|c|âStall bt medicham|yep
|
|move|p2a: Cresselia|Psychic|p1a: Snorlax
|-damage|p1a: Snorlax|201\/524
|move|p1a: Snorlax|Body Slam|p2a: Cresselia
|-end|p2a: Cresselia|Substitute
|
|-heal|p2a: Cresselia|412\/443|[from] item: Leftovers
|-heal|p1a: Snorlax|233\/524|[from] item: Leftovers
|turn|18
|c|âGazR7|if i had gotten at least 1 curse\/slam off during sleep
|c|âGazR7|i could have won
|c|âStall bt medicham|dude
|
|move|p2a: Cresselia|Substitute|p2a: Cresselia
|-start|p2a: Cresselia|Substitute
|-damage|p2a: Cresselia|302\/443
|move|p1a: Snorlax|Rest|p1a: Snorlax
|-status|p1a: Snorlax|slp
|-heal|p1a: Snorlax|524\/524 slp|[silent]
|-status|p1a: Snorlax|slp|[from] move: Rest
|
|-heal|p2a: Cresselia|329\/443|[from] item: Leftovers
|turn|19
|c| swinging dong|yeah i dont know about that
|c|âGazR7|who would beat me then?
|c|âStall bt medicham|you really thing you could win when I have steelix
|c|âGazR7|yes
|c| swinging dong|\/\/facepalm
|
|move|p2a: Cresselia|Calm Mind|p2a: Cresselia
|-boost|p2a: Cresselia|spa|1
|-boost|p2a: Cresselia|spd|1
|cant|p1a: Snorlax|slp
|move|p1a: Snorlax|Sleep Talk|p1a: Snorlax
|move|p1a: Snorlax|Curse|p1a: Snorlax|[from]Sleep Talk
|-boost|p1a: Snorlax|atk|1
|-boost|p1a: Snorlax|def|1
|-unboost|p1a: Snorlax|spe|1
|
|-heal|p2a: Cresselia|356\/443|[from] item: Leftovers
|turn|20
|c|âStall bt medicham|lel
|c|âGazR7|steelix can't do fuck to me when i have this high def
|c| swinging dong|thats not the issue
|c|âStall bt medicham|not even roar
|c| swinging dong|you cant touch steelix
|c| swinging dong|^^^
|
|move|p2a: Cresselia|Psychic|p1a: Snorlax
|-damage|p1a: Snorlax|314\/524 slp
|-unboost|p1a: Snorlax|spd|1
|cant|p1a: Snorlax|slp
|move|p1a: Snorlax|Sleep Talk|p1a: Snorlax
|move|p1a: Snorlax|Rest|p1a: Snorlax|[from]Sleep Talk
|-fail|p1a: Snorlax
|
|-heal|p2a: Cresselia|383\/443|[from] item: Leftovers
|-heal|p1a: Snorlax|346\/524 slp|[from] item: Leftovers
|turn|21
|c|âGazR7|and spdef drop
|c|âGazR7|ok
|c|âGazR7|pfair
|
|move|p2a: Cresselia|Psychic|p1a: Snorlax
|-damage|p1a: Snorlax|37\/524 slp
|-curestatus|p1a: Snorlax|slp
|move|p1a: Snorlax|Body Slam|p2a: Cresselia
|-end|p2a: Cresselia|Substitute
|
|-heal|p2a: Cresselia|410\/443|[from] item: Leftovers
|-heal|p1a: Snorlax|69\/524|[from] item: Leftovers
|turn|22
|c|âStall bt medicham|you are using mega cham
|c|âStall bt medicham|you deserve it
|c|âGazR7|it's allowed...
|c|âGazR7|you fucking moron
|c|âGazR7|am i not allowed to try different mons?
|
|move|p2a: Cresselia|Psychic|p1a: Snorlax
|-damage|p1a: Snorlax|0 fnt
|faint|p1a: Snorlax
|
|-heal|p2a: Cresselia|437\/443|[from] item: Leftovers
|c|âStall bt medicham|you know what was allowed on the 20th century? Being nazi
|
|switch|p1a: Celebi|Celebi|396\/396
|-damage|p1a: Celebi|347\/396|[from] Stealth Rock
|turn|23
|c|âGazR7|you literally
|c|âGazR7|are an idiot
|c| swinging dong|just because its allowed doent make it any less cancerous
|c| swinging dong|eg
|c| swinging dong|cress
|c|âStall bt medicham|ok that was too much xD
|
|move|p1a: Celebi|Recover|p1a: Celebi
|-heal|p1a: Celebi|396\/396
|move|p2a: Cresselia|Psychic|p1a: Celebi
|-resisted|p1a: Celebi
|-damage|p1a: Celebi|263\/396
|
|-heal|p1a: Celebi|287\/396|[from] item: Leftovers
|-heal|p2a: Cresselia|443\/443|[from] item: Leftovers
|turn|24
|c| swinging dong|xD
|
|move|p1a: Celebi|Giga Drain|p2a: Cresselia
|-damage|p2a: Cresselia|416\/443
|-heal|p1a: Celebi|301\/396|[from] drain|[of] p2a: Cresselia
|move|p2a: Cresselia|Substitute|p2a: Cresselia
|-start|p2a: Cresselia|Substitute
|-damage|p2a: Cresselia|306\/443
|
|-heal|p1a: Celebi|325\/396|[from] item: Leftovers
|-heal|p2a: Cresselia|333\/443|[from] item: Leftovers
|turn|25
|c|âStall bt medicham|damage
|c|âGazR7|i'm just stalling the psychics to 0
|
|move|p1a: Celebi|Giga Drain|p2a: Cresselia
|-activate|p2a: Cresselia|Substitute|[damage]
|-heal|p1a: Celebi|338\/396|[from] drain|[of] p2a: Cresselia
|move|p2a: Cresselia|Calm Mind|p2a: Cresselia
|-boost|p2a: Cresselia|spa|1
|-boost|p2a: Cresselia|spd|1
|
|-heal|p1a: Celebi|362\/396|[from] item: Leftovers
|-heal|p2a: Cresselia|360\/443|[from] item: Leftovers
|turn|26
|c|âGazR7|!data psychic
|c|~|\/data-move Psychic

|c|âGazR7|!data recover
|c|~|\/data-move Recover

|c|âGazR7|and i have more pp
|
|move|p1a: Celebi|Giga Drain|p2a: Cresselia
|-activate|p2a: Cresselia|Substitute|[damage]
|-heal|p1a: Celebi|376\/396|[from] drain|[of] p2a: Cresselia
|move|p2a: Cresselia|Psychic|p1a: Celebi
|-resisted|p1a: Celebi
|-damage|p1a: Celebi|211\/396
|
|-heal|p1a: Celebi|235\/396|[from] item: Leftovers
|-heal|p2a: Cresselia|387\/443|[from] item: Leftovers
|turn|27
|c| swinging dong|inb4 crit
|c|âGazR7|won't matter
|c|âStall bt medicham|well. IÂ´ts not really going to do much
|c|âGazR7|i outspeed
|
|switch|p2a: Whimsicott|Whimsicott, M|323\/323
|-damage|p2a: Whimsicott|283\/323|[from] Stealth Rock
|move|p1a: Celebi|Recover|p1a: Celebi
|-heal|p1a: Celebi|396\/396
|
|-heal|p2a: Whimsicott|303\/323|[from] item: Leftovers
|turn|28
|c|âGazR7|there we go
|
|switch|p1a: Crobat|Crobat, F|253\/311
|-damage|p1a: Crobat|176\/311|[from] Stealth Rock
|move|p2a: Whimsicott|Encore|p1a: Crobat
|-fail|p1a: Crobat
|
|-heal|p1a: Crobat|195\/311|[from] item: Black Sludge
|-heal|p2a: Whimsicott|323\/323|[from] item: Leftovers
|turn|29
|
|switch|p2a: Steelix|Steelix-Mega, M|295\/354
|-damage|p2a: Steelix|284\/354|[from] Stealth Rock
|move|p1a: Crobat|Roost|p1a: Crobat
|-heal|p1a: Crobat|311\/311
|
|turn|30
|
|move|p1a: Crobat|U-turn|p2a: Steelix
|-resisted|p2a: Steelix
|-damage|p2a: Steelix|269\/354
|c| swinging dong|god damn look at steelix's 2d sprite
|c| swinging dong|its amazing
|c|âStall bt medicham|i love it
|c|âStall bt medicham|itÂ´s one of my favourite megas
|c|âStall bt medicham|looks so badass
|c| swinging dong|its pretty awesome
|c|âGazR7|this is going to be long and boring
|c|âGazR7|and i really don't care enough about pokemon for this
|c|âGazR7|laters
|-message|GazR7 forfeited.
|leave|GazR7
|c| swinging dong|EYY NB
|
|win|Stall bt medicham
|raw|Ladder updating...
|player|p1
|raw|GazR7's rating: 1493 &rarr; <strong>1464<\/strong><br \/>(-29 for losing)
|raw|Stall bt medicham's rating: 1330 &rarr; <strong>1358<\/strong><br \/>(+28 for winning)
|c|âStall bt medicham|gg
|c|âStall bt medicham|wow
|c|âStall bt medicham|he was very high in the ladder
|c| swinging dong|this team is too good
|c|âStall bt medicham|yeah
|c|âStall bt medicham|is a solid stall
|c|âStall bt medicham|cya later dude!
|leave|Stall bt medicham
|player|p2
|leave|swinging dong
|join|Stall bt medicham
|leave|Stall bt medicham
|join|Stall bt medicham
|leave|Stall bt medicham
|join|Stall bt medicham
|leave|Stall bt medicham