|join|Jibbz
|join|RustyEspur
|player|p1|Jibbz|127
|player|p2|RustyEspur|172
|gametype|singles
|gen|6
|tier|ORAS OU
|rated
|rule|Sleep Clause Mod: Limit one foe put to sleep
|rule|Species Clause: Limit one of each PokÃ©mon
|rule|OHKO Clause: OHKO moves are banned
|rule|Moody Clause: Moody is banned
|rule|Evasion Moves Clause: Evasion moves are banned
|rule|Endless Battle Clause: Forcing endless battles is banned
|rule|HP Percentage Mod: HP is shown in percentages
|clearpoke
|poke|p1|Beedrill, F
|poke|p1|Magnezone
|poke|p1|Ferrothorn, F
|poke|p1|Talonflame, M
|poke|p1|Kyurem-Black
|poke|p1|Mew
|poke|p2|Mamoswine, M
|poke|p2|Ditto
|poke|p2|Scizor, F
|poke|p2|Latios, M
|poke|p2|Keldeo
|poke|p2|Garchomp, M
|rule|Swagger Clause: Swagger is banned
|rule|Baton Pass Clause: Limit one PokÃ©mon knowing Baton Pass
|teampreview
|
|start
|switch|p1a: Kyurem-Black|Kyurem-Black|391\/391
|switch|p2a: Garchomp|Garchomp, M|358\/358
|-ability|p1a: Kyurem-Black|Teravolt
|turn|1
|
|move|p2a: Garchomp|Stealth Rock|p1a: Kyurem-Black
|-sidestart|p1: Jibbz|move: Stealth Rock
|move|p1a: Kyurem-Black|Ice Beam|p2a: Garchomp
|-supereffective|p2a: Garchomp
|-enditem|p2a: Garchomp|Focus Sash
|-damage|p2a: Garchomp|1\/358
|-damage|p1a: Kyurem-Black|352\/391|[from] item: Life Orb
|
|turn|2
|
|switch|p1a: Ferrothorn|Ferrothorn, F|352\/352
|-damage|p1a: Ferrothorn|330\/352|[from] Stealth Rock
|move|p2a: Garchomp|Earthquake|p1a: Ferrothorn
|-damage|p1a: Ferrothorn|200\/352
|
|turn|3
|
|move|p2a: Garchomp|Swords Dance|p2a: Garchomp
|-boost|p2a: Garchomp|atk|2
|move|p1a: Ferrothorn|Leech Seed|p2a: Garchomp
|-start|p2a: Garchomp|move: Leech Seed
|
|-damage|p2a: Garchomp|0 fnt|[from] Leech Seed|[of] p1a: Ferrothorn
|-heal|p1a: Ferrothorn|201\/352|[silent]
|faint|p2a: Garchomp
|join|coraz_94
|
|switch|p2a: Keldeo|Keldeo|323\/323
|turn|4
|
|switch|p1a: Mew|Mew|404\/404
|-damage|p1a: Mew|354\/404|[from] Stealth Rock
|move|p2a: Keldeo|Secret Sword|p1a: Mew
|-resisted|p1a: Mew
|-damage|p1a: Mew|294\/404
|
|-heal|p1a: Mew|319\/404|[from] item: Leftovers
|turn|5
|
|move|p2a: Keldeo|Hydro Pump|p1a: Mew
|-damage|p1a: Mew|112\/404
|move|p1a: Mew|Defog|p2a: Keldeo
|-unboost|p2a: Keldeo|evasion|1
|-sideend|p1: Jibbz|Stealth Rock|[from] move: Defog|[of] p1a: Mew
|
|-heal|p1a: Mew|137\/404|[from] item: Leftovers
|turn|6
|
|switch|p1a: Ferrothorn|Ferrothorn, F|201\/352
|move|p2a: Keldeo|Hydro Pump|p1a: Ferrothorn
|-resisted|p1a: Ferrothorn
|-damage|p1a: Ferrothorn|126\/352
|
|turn|7
|
|switch|p1a: Talonflame|Talonflame, M|359\/359
|move|p2a: Keldeo|Hydro Pump|p1a: Talonflame
|-supereffective|p1a: Talonflame
|-damage|p1a: Talonflame|0 fnt
|faint|p1a: Talonflame
|
|
|switch|p1a: Magnezone|Magnezone|281\/281
|turn|8
|
|switch|p2a: Ifightformyfrens|Mamoswine, M|361\/361
|move|p1a: Magnezone|Thunderbolt|p2a: Ifightformyfrens
|-immune|p2a: Ifightformyfrens|[msg]
|
|turn|9
|
|switch|p1a: Ferrothorn|Ferrothorn, F|126\/352
|move|p2a: Ifightformyfrens|Earthquake|p1a: Ferrothorn
|-damage|p1a: Ferrothorn|0 fnt
|-damage|p2a: Ifightformyfrens|325\/361|[from] item: Life Orb
|faint|p1a: Ferrothorn
|
|
|switch|p1a: Kyurem-Black|Kyurem-Black|352\/391
|-ability|p1a: Kyurem-Black|Teravolt
|turn|10
|
|move|p1a: Kyurem-Black|Ice Beam|p2a: Ifightformyfrens
|-damage|p2a: Ifightformyfrens|0 fnt
|-damage|p1a: Kyurem-Black|313\/391|[from] item: Life Orb
|faint|p2a: Ifightformyfrens
|
|
|switch|p2a: Keldeo|Keldeo|323\/323
|turn|11
|
|switch|p1a: Beedrill|Beedrill, F|271\/271
|move|p2a: Keldeo|Secret Sword|p1a: Beedrill
|-resisted|p1a: Beedrill
|-damage|p1a: Beedrill|189\/271
|
|turn|12
|
|switch|p2a: Scizor|Scizor, F|343\/343
|detailschange|p1a: Beedrill|Beedrill-Mega, F
|message|Beedrill has Mega Evolved into Mega Beedrill!
|move|p1a: Beedrill|Protect|p1a: Beedrill
|-fail|p1a: Beedrill
|
|turn|13
|
|detailschange|p2a: Scizor|Scizor-Mega, F
|message|Scizor has Mega Evolved into Mega Scizor!
|move|p1a: Beedrill|U-turn|p2a: Scizor
|-resisted|p2a: Scizor
|-damage|p2a: Scizor|283\/343
|
|switch|p1a: Mew|Mew|137\/404
|move|p2a: Scizor|Knock Off|p1a: Mew
|-supereffective|p1a: Mew
|-damage|p1a: Mew|0 fnt
|-enditem|p1a: Mew|Leftovers|[from] move: Knock Off|[of] p2a: Scizor
|faint|p1a: Mew
|
|
|switch|p1a: Magnezone|Magnezone|281\/281
|turn|14
|
|move|p2a: Scizor|Bullet Punch|p1a: Magnezone
|-resisted|p1a: Magnezone
|-damage|p1a: Magnezone|256\/281
|move|p1a: Magnezone|Hidden Power|p2a: Scizor
|-supereffective|p2a: Scizor
|-damage|p2a: Scizor|59\/343
|
|turn|15
|
|move|p2a: Scizor|Bullet Punch|p1a: Magnezone
|-resisted|p1a: Magnezone
|-damage|p1a: Magnezone|234\/281
|move|p1a: Magnezone|Hidden Power|p2a: Scizor
|-supereffective|p2a: Scizor
|-damage|p2a: Scizor|0 fnt
|faint|p2a: Scizor
|
|
|switch|p2a: Latios|Latios, M|301\/301
|turn|16
|
|switch|p1a: Kyurem-Black|Kyurem-Black|313\/391
|-ability|p1a: Kyurem-Black|Teravolt
|move|p2a: Latios|Psyshock|p1a: Kyurem-Black
|-damage|p1a: Kyurem-Black|109\/391
|-damage|p2a: Latios|271\/301|[from] item: Life Orb
|
|turn|17
|
|move|p2a: Latios|Psyshock|p1a: Kyurem-Black
|-damage|p1a: Kyurem-Black|0 fnt
|-damage|p2a: Latios|241\/301|[from] item: Life Orb
|faint|p1a: Kyurem-Black
|
|
|switch|p1a: Beedrill|Beedrill-Mega, F|189\/271
|turn|18
|
|switch|p2a: Keldeo|Keldeo|323\/323
|move|p1a: Beedrill|U-turn|p2a: Keldeo
|-resisted|p2a: Keldeo
|-damage|p2a: Keldeo|213\/323
|
|switch|p1a: Magnezone|Magnezone|234\/281
|
|turn|19
|
|switch|p2a: Latios|Latios, M|241\/301
|move|p1a: Magnezone|Volt Switch|p2a: Latios
|-resisted|p2a: Latios
|-damage|p2a: Latios|181\/301
|
|switch|p1a: Beedrill|Beedrill-Mega, F|189\/271
|
|turn|20
|
|switch|p2a: Ditto|Ditto|300\/300
|-transform|p2a: Ditto|p1a: Beedrill
|move|p1a: Beedrill|Poison Jab|p2a: Ditto
|-resisted|p2a: Ditto
|-damage|p2a: Ditto|86\/300
|
|turn|21
|
|move|p1a: Beedrill|Protect|p1a: Beedrill
|-singleturn|p1a: Beedrill|Protect
|move|p2a: Ditto|Drill Run|p1a: Beedrill
|-activate|p1a: Beedrill|Protect
|
|turn|22
|
|move|p2a: Ditto|Drill Run|p1a: Beedrill
|-damage|p1a: Beedrill|0 fnt
|faint|p1a: Beedrill
|
|c|âJibbz|df
|c|âRustyEspur|gg
|c|âJibbz|how'd it ko
|c|âRustyEspur|beedrill is frail lol
|
|switch|p1a: Magnezone|Magnezone|234\/281
|turn|23
|c|âRustyEspur|like paper
|
|move|p2a: Ditto|Drill Run|p1a: Magnezone
|-supereffective|p1a: Magnezone
|-damage|p1a: Magnezone|0 fnt
|faint|p1a: Magnezone
|
|win|RustyEspur
|raw|Ladder updating...
|leave|coraz_94
|raw|Jibbz's rating: 1325 &rarr; <strong>1312<\/strong><br \/>(-13 for losing)
|raw|RustyEspur's rating: 1447 &rarr; <strong>1460<\/strong><br \/>(+13 for winning)
|leave|Jibbz
|player|p1