|join|toneloni97
|join|RustyEspur
|player|p1|toneloni97|80
|player|p2|RustyEspur|172
|gametype|singles
|gen|6
|tier|ORAS OU
|rated
|rule|Sleep Clause Mod: Limit one foe put to sleep
|rule|Species Clause: Limit one of each PokÃ©mon
|rule|OHKO Clause: OHKO moves are banned
|rule|Moody Clause: Moody is banned
|rule|Evasion Moves Clause: Evasion moves are banned
|rule|Endless Battle Clause: Forcing endless battles is banned
|rule|HP Percentage Mod: HP is shown in percentages
|clearpoke
|poke|p1|Salamence, M
|poke|p1|Magnezone
|poke|p1|Greninja, F
|poke|p1|Mamoswine, M
|poke|p1|Latias, F
|poke|p1|Ferrothorn, F
|poke|p2|Mamoswine, F
|poke|p2|Ditto
|poke|p2|Scizor, F
|poke|p2|Latios, M
|poke|p2|Keldeo
|poke|p2|Garchomp, F
|rule|Swagger Clause: Swagger is banned
|rule|Baton Pass Clause: Limit one PokÃ©mon knowing Baton Pass
|teampreview
|
|start
|switch|p1a: Mamoswine|Mamoswine, M|361\/361
|switch|p2a: Latios|Latios, M|301\/301
|turn|1
|
|switch|p2a: Scizor|Scizor, F|343\/343
|move|p1a: Mamoswine|Stealth Rock|p2a: Scizor
|-sidestart|p2: RustyEspur|move: Stealth Rock
|
|turn|2
|
|switch|p1a: Ferrothorn|Ferrothorn, F|352\/352
|switch|p2a: Keldeo|Keldeo|323\/323
|-damage|p2a: Keldeo|303\/323|[from] Stealth Rock
|
|turn|3
|
|move|p2a: Keldeo|Secret Sword|p1a: Ferrothorn
|-supereffective|p1a: Ferrothorn
|-damage|p1a: Ferrothorn|107\/352
|move|p1a: Ferrothorn|Leech Seed|p2a: Keldeo
|-start|p2a: Keldeo|move: Leech Seed
|
|-damage|p2a: Keldeo|263\/323|[from] Leech Seed|[of] p1a: Ferrothorn
|-heal|p1a: Ferrothorn|147\/352|[silent]
|turn|4
|
|move|p1a: Ferrothorn|Protect|p1a: Ferrothorn
|-singleturn|p1a: Ferrothorn|Protect
|move|p2a: Keldeo|Icy Wind|p1a: Ferrothorn
|-activate|p1a: Ferrothorn|Protect
|
|-damage|p2a: Keldeo|223\/323|[from] Leech Seed|[of] p1a: Ferrothorn
|-heal|p1a: Ferrothorn|187\/352|[silent]
|turn|5
|
|switch|p1a: Latias|Latias, F|302\/302
|move|p2a: Keldeo|Secret Sword|p1a: Latias
|-crit|p1a: Latias
|-resisted|p1a: Latias
|-damage|p1a: Latias|179\/302
|
|-damage|p2a: Keldeo|183\/323|[from] Leech Seed|[of] p1a: Latias
|-heal|p1a: Latias|219\/302|[silent]
|turn|6
|
|switch|p2a: Scizor|Scizor, F|343\/343
|-damage|p2a: Scizor|301\/343|[from] Stealth Rock
|move|p1a: Latias|Psyshock|p2a: Scizor
|-resisted|p2a: Scizor
|-damage|p2a: Scizor|231\/343
|-damage|p1a: Latias|189\/302|[from] item: Life Orb
|
|turn|7
|
|switch|p1a: Ferrothorn|Ferrothorn, F|187\/352
|switch|p2a: Ifightformyfrens|Mamoswine, F|361\/361
|-damage|p2a: Ifightformyfrens|316\/361|[from] Stealth Rock
|
|turn|8
|
|move|p2a: Ifightformyfrens|Superpower|p1a: Ferrothorn
|-crit|p1a: Ferrothorn
|-supereffective|p1a: Ferrothorn
|-damage|p1a: Ferrothorn|0 fnt
|-damage|p2a: Ifightformyfrens|271\/361|[from] ability: Iron Barbs|[of] p1a: Ferrothorn
|-unboost|p2a: Ifightformyfrens|atk|1
|-unboost|p2a: Ifightformyfrens|def|1
|-damage|p2a: Ifightformyfrens|235\/361|[from] item: Life Orb
|faint|p1a: Ferrothorn
|
|
|switch|p1a: Greninja|Greninja, F|285\/285
|turn|9
|
|switch|p2a: Ditto|Ditto|300\/300
|-damage|p2a: Ditto|263\/300|[from] Stealth Rock
|-transform|p2a: Ditto|p1a: Greninja
|move|p1a: Greninja|Hydro Pump|p2a: Ditto
|-start|p1a: Greninja|typechange|Water|[from] Protean
|-resisted|p2a: Ditto
|-damage|p2a: Ditto|115\/300
|-damage|p1a: Greninja|257\/285|[from] item: Life Orb
|
|turn|10
|
|move|p2a: Ditto|Gunk Shot|p1a: Greninja
|-start|p2a: Ditto|typechange|Poison|[from] Protean
|-damage|p1a: Greninja|83\/285
|-status|p1a: Greninja|psn
|move|p1a: Greninja|Hydro Pump|p2a: Ditto
|-damage|p2a: Ditto|0 fnt
|-damage|p1a: Greninja|55\/285 psn|[from] item: Life Orb
|faint|p2a: Ditto
|
|-damage|p1a: Greninja|20\/285 psn|[from] psn
|
|switch|p2a: Ifightformyfrens|Mamoswine, F|235\/361
|-damage|p2a: Ifightformyfrens|190\/361|[from] Stealth Rock
|turn|11
|
|move|p2a: Ifightformyfrens|Ice Shard|p1a: Greninja
|-resisted|p1a: Greninja
|-damage|p1a: Greninja|0 fnt
|-damage|p2a: Ifightformyfrens|154\/361|[from] item: Life Orb
|faint|p1a: Greninja
|
|
|switch|p1a: Magnezone|Magnezone|282\/282
|turn|12
|
|switch|p2a: Keldeo|Keldeo|183\/323
|-damage|p2a: Keldeo|163\/323|[from] Stealth Rock
|move|p1a: Magnezone|Flash Cannon|p2a: Keldeo
|-resisted|p2a: Keldeo
|-damage|p2a: Keldeo|82\/323
|
|turn|13
|
|switch|p1a: Latias|Latias, F|189\/302
|move|p2a: Keldeo|Icy Wind|p1a: Latias
|-supereffective|p1a: Latias
|-damage|p1a: Latias|59\/302
|-unboost|p1a: Latias|spe|1
|
|turn|14
|
|switch|p1a: Mamoswine|Mamoswine, M|361\/361
|move|p2a: Keldeo|Secret Sword|p1a: Mamoswine
|-supereffective|p1a: Mamoswine
|-enditem|p1a: Mamoswine|Focus Sash
|-damage|p1a: Mamoswine|1\/361
|
|turn|15
|
|move|p1a: Mamoswine|Ice Shard|p2a: Keldeo
|-resisted|p2a: Keldeo
|-damage|p2a: Keldeo|37\/323
|move|p2a: Keldeo|Secret Sword|p1a: Mamoswine
|-supereffective|p1a: Mamoswine
|-damage|p1a: Mamoswine|0 fnt
|faint|p1a: Mamoswine
|
|
|switch|p1a: Magnezone|Magnezone|282\/282
|turn|16
|
|move|p1a: Magnezone|Flash Cannon|p2a: Keldeo
|-resisted|p2a: Keldeo
|-damage|p2a: Keldeo|0 fnt
|faint|p2a: Keldeo
|
|
|switch|p2a: Latios|Latios, M|301\/301
|-damage|p2a: Latios|264\/301|[from] Stealth Rock
|turn|17
|
|move|p1a: Magnezone|Flash Cannon|p2a: Latios
|-damage|p2a: Latios|141\/301
|move|p2a: Latios|Earthquake|p1a: Magnezone
|-supereffective|p1a: Magnezone
|-damage|p1a: Magnezone|0 fnt
|-damage|p2a: Latios|111\/301|[from] item: Life Orb
|faint|p1a: Magnezone
|
|
|switch|p1a: Latias|Latias, F|59\/302
|turn|18
|
|move|p1a: Latias|Draco Meteor|p2a: Latios
|-supereffective|p2a: Latios
|-damage|p2a: Latios|0 fnt
|-unboost|p1a: Latias|spa|2
|-damage|p1a: Latias|29\/302|[from] item: Life Orb
|faint|p2a: Latios
|
|
|switch|p2a: Scizor|Scizor, F|231\/343
|-damage|p2a: Scizor|189\/343|[from] Stealth Rock
|turn|19
|
|detailschange|p2a: Scizor|Scizor-Mega, F
|message|Scizor has Mega Evolved into Mega Scizor!
|move|p1a: Latias|Healing Wish|p1a: Latias
|faint|p1a: Latias
|move|p2a: Scizor|Swords Dance|p2a: Scizor
|-boost|p2a: Scizor|atk|2
|
|
|switch|p1a: Salamence|Salamence, M|393\/393
|-heal|p1a: Salamence|393\/393|[from] move: Healing Wish
|-ability|p1a: Salamence|Intimidate|[of] p2a: Scizor
|-unboost|p2a: Scizor|atk|1
|turn|20
|
|detailschange|p1a: Salamence|Salamence-Mega, M
|message|Salamence has Mega Evolved into Mega Salamence!
|move|p2a: Scizor|Bullet Punch|p1a: Salamence
|-damage|p1a: Salamence|261\/393
|move|p1a: Salamence|Dragon Dance|p1a: Salamence
|-boost|p1a: Salamence|atk|1
|-boost|p1a: Salamence|spe|1
|
|turn|21
|
|move|p1a: Salamence|Roost|p1a: Salamence
|-heal|p1a: Salamence|393\/393
|move|p2a: Scizor|Swords Dance|p2a: Scizor
|-boost|p2a: Scizor|atk|2
|
|turn|22
|
|move|p2a: Scizor|Bullet Punch|p1a: Salamence
|-damage|p1a: Salamence|192\/393
|move|p1a: Salamence|Frustration|p2a: Scizor
|-crit|p2a: Scizor
|-damage|p2a: Scizor|0 fnt
|faint|p2a: Scizor
|
|
|switch|p2a: Ifightformyfrens|Mamoswine, F|154\/361
|-damage|p2a: Ifightformyfrens|109\/361|[from] Stealth Rock
|turn|23
|
|move|p2a: Ifightformyfrens|Ice Shard|p1a: Salamence
|-supereffective|p1a: Salamence
|-damage|p1a: Salamence|0 fnt
|-damage|p2a: Ifightformyfrens|73\/361|[from] item: Life Orb
|faint|p1a: Salamence
|
|win|RustyEspur
|raw|Ladder updating...
|c|âRustyEspur|gg
|raw|toneloni97's rating: 1538 &rarr; <strong>1513<\/strong><br \/>(-25 for losing)
|raw|RustyEspur's rating: 1450 &rarr; <strong>1475<\/strong><br \/>(+25 for winning)
|c|âtoneloni97|gg
|leave|toneloni97
|player|p1