|join|mahir757
|join|RustyEspur
|player|p1|mahir757|102
|player|p2|RustyEspur|172
|gametype|singles
|gen|6
|tier|OU
|rated
|clearpoke
|poke|p1|Sableye, F
|poke|p1|Greninja, M
|poke|p1|Dragonite, M
|poke|p1|Sylveon, F
|poke|p1|Excadrill, M
|poke|p1|Rotom-Wash
|poke|p2|Rotom-Wash
|poke|p2|Greninja, M
|poke|p2|Charizard, F
|poke|p2|Latias, F
|poke|p2|Landorus-Therian, M
|poke|p2|Ferrothorn, M
|rule|Swagger Clause: Swagger is banned
|rule|Baton Pass Clause: Limit one PokÃ©mon knowing Baton Pass
|rule|Sleep Clause Mod: Limit one foe put to sleep
|rule|Species Clause: Limit one of each PokÃ©mon
|rule|OHKO Clause: OHKO moves are banned
|rule|Moody Clause: Moody is banned
|rule|Evasion Moves Clause: Evasion moves are banned
|rule|Endless Battle Clause: Forcing endless battles is banned
|rule|HP Percentage Mod: HP is shown in percentages
|teampreview
|
|start
|switch|p1a: Sableye|Sableye, F|304\/304
|switch|p2a: Rotom-Wash|Rotom-Wash|303\/303
|turn|1
|
|switch|p2a: Charizard|Charizard, F|297\/297
|detailschange|p1a: Sableye|Sableye-Mega, F
|message|Sableye has Mega Evolved into Mega Sableye!
|move|p1a: Sableye|Calm Mind|p1a: Sableye
|-boost|p1a: Sableye|spa|1
|-boost|p1a: Sableye|spd|1
|
|turn|2
|
|detailschange|p2a: Charizard|Charizard-Mega-X, F
|message|Charizard has Mega Evolved into Mega Charizard!
|move|p2a: Charizard|Swords Dance|p2a: Charizard
|-boost|p2a: Charizard|atk|2
|move|p1a: Sableye|Shadow Ball|p2a: Charizard
|-damage|p2a: Charizard|150\/297
|
|turn|3
|
|move|p2a: Charizard|Flare Blitz|p1a: Sableye
|-damage|p1a: Sableye|0 fnt
|-damage|p2a: Charizard|50\/297|[from] recoil|[of] p1a: Sableye
|faint|p1a: Sableye
|
|
|switch|p1a: Excadrill|Excadrill, M|361\/361
|-ability|p1a: Excadrill|Mold Breaker
|turn|4
|
|switch|p2a: Landorus-Therian|Landorus-Therian, M|319\/319
|-ability|p2a: Landorus-Therian|Intimidate|[of] p1a: Excadrill
|-unboost|p1a: Excadrill|atk|1
|move|p1a: Excadrill|Earthquake|p2a: Landorus-Therian
|-immune|p2a: Landorus-Therian|[msg]
|
|turn|5
|
|switch|p1a: scarfed|Rotom-Wash|304\/304
|move|p2a: Landorus-Therian|U-turn|p1a: scarfed
|-damage|p1a: scarfed|237\/304
|
|switch|p2a: Latias|Latias, F|302\/302
|
|-heal|p1a: scarfed|256\/304|[from] item: Leftovers
|turn|6
|
|switch|p1a: Greninja|Greninja, M|285\/285
|move|p2a: Latias|Psyshock|p1a: Greninja
|-immune|p1a: Greninja|[msg]
|
|turn|7
|
|switch|p2a: Rotom-Wash|Rotom-Wash|303\/303
|move|p1a: Greninja|Ice Beam|p2a: Rotom-Wash
|-start|p1a: Greninja|typechange|Ice|[from] Protean
|-resisted|p2a: Rotom-Wash
|-damage|p2a: Rotom-Wash|216\/303
|-damage|p1a: Greninja|257\/285|[from] item: Life Orb
|
|-heal|p2a: Rotom-Wash|234\/303|[from] item: Leftovers
|turn|8
|
|move|p1a: Greninja|Gunk Shot|p2a: Rotom-Wash
|-start|p1a: Greninja|typechange|Poison|[from] Protean
|-damage|p2a: Rotom-Wash|117\/303
|-status|p2a: Rotom-Wash|psn
|-damage|p1a: Greninja|229\/285|[from] item: Life Orb
|move|p2a: Rotom-Wash|Volt Switch|p1a: Greninja
|-damage|p1a: Greninja|99\/285
|
|switch|p2a: Landorus-Therian|Landorus-Therian, M|319\/319
|-ability|p2a: Landorus-Therian|Intimidate|[of] p1a: Greninja
|-unboost|p1a: Greninja|atk|1
|
|turn|9
|
|switch|p1a: Dragonite|Dragonite, M|386\/386
|move|p2a: Landorus-Therian|Knock Off|p1a: Dragonite
|-damage|p1a: Dragonite|317\/386
|-enditem|p1a: Dragonite|Weakness Policy|[from] move: Knock Off|[of] p2a: Landorus-Therian
|
|turn|10
|
|switch|p2a: Ferrothorn|Ferrothorn, M|351\/351
|move|p1a: Dragonite|Dragon Dance|p1a: Dragonite
|-boost|p1a: Dragonite|atk|1
|-boost|p1a: Dragonite|spe|1
|
|turn|11
|
|move|p1a: Dragonite|Fire Punch|p2a: Ferrothorn
|-supereffective|p2a: Ferrothorn
|-damage|p2a: Ferrothorn|0 fnt
|-damage|p1a: Dragonite|269\/386|[from] ability: Iron Barbs|[of] p2a: Ferrothorn
|faint|p2a: Ferrothorn
|
|
|switch|p2a: Landorus-Therian|Landorus-Therian, M|319\/319
|-ability|p2a: Landorus-Therian|Intimidate|[of] p1a: Dragonite
|-unboost|p1a: Dragonite|atk|1
|turn|12
|
|move|p2a: Landorus-Therian|Stone Edge|p1a: Dragonite
|-supereffective|p1a: Dragonite
|-damage|p1a: Dragonite|0 fnt
|faint|p1a: Dragonite
|
|
|switch|p1a: scarfed|Sylveon, F|394\/394
|turn|13
|
|switch|p2a: Rotom-Wash|Rotom-Wash|117\/303 psn
|move|p1a: scarfed|Hyper Voice|p2a: Rotom-Wash
|-damage|p2a: Rotom-Wash|0 fnt
|faint|p2a: Rotom-Wash
|
|
|switch|p2a: Greninja|Greninja, M|285\/285
|turn|14
|
|switch|p1a: Excadrill|Excadrill, M|361\/361
|-ability|p1a: Excadrill|Mold Breaker
|move|p2a: Greninja|Gunk Shot|p1a: Excadrill
|-start|p2a: Greninja|typechange|Poison|[from] Protean
|-immune|p1a: Excadrill|[msg]
|
|turn|15
|
|switch|p2a: Landorus-Therian|Landorus-Therian, M|319\/319
|-ability|p2a: Landorus-Therian|Intimidate|[of] p1a: Excadrill
|-unboost|p1a: Excadrill|atk|1
|move|p1a: Excadrill|Iron Head|p2a: Landorus-Therian
|-damage|p2a: Landorus-Therian|196\/319
|
|turn|16
|
|switch|p1a: scarfed|Rotom-Wash|256\/304
|move|p2a: Landorus-Therian|Earthquake|p1a: scarfed
|-immune|p1a: scarfed|[msg]
|
|-heal|p1a: scarfed|275\/304|[from] item: Leftovers
|turn|17
|
|switch|p2a: Latias|Latias, F|302\/302
|move|p1a: scarfed|Hydro Pump|p2a: Latias|[miss]
|-miss|p1a: scarfed|p2a: Latias
|
|-heal|p1a: scarfed|294\/304|[from] item: Leftovers
|turn|18
|
|switch|p1a: scarfed|Sylveon, F|394\/394
|move|p2a: Latias|Psyshock|p1a: scarfed
|-damage|p1a: scarfed|170\/394
|-damage|p2a: Latias|272\/302|[from] item: Life Orb
|
|turn|19
|
|switch|p1a: Greninja|Greninja, M|99\/285
|move|p2a: Latias|Draco Meteor|p1a: Greninja
|-damage|p1a: Greninja|0 fnt
|-unboost|p2a: Latias|spa|2
|-damage|p2a: Latias|242\/302|[from] item: Life Orb
|faint|p1a: Greninja
|
|
|switch|p1a: scarfed|Sylveon, F|170\/394
|turn|20
|
|switch|p2a: Greninja|Greninja, M|285\/285
|move|p1a: scarfed|Hyper Voice|p2a: Greninja
|-supereffective|p2a: Greninja
|-damage|p2a: Greninja|0 fnt
|faint|p2a: Greninja
|
|
|switch|p2a: Charizard|Charizard-Mega-X, F|50\/297
|turn|21
|
|move|p2a: Charizard|Flare Blitz|p1a: scarfed
|-damage|p1a: scarfed|0 fnt
|-damage|p2a: Charizard|0 fnt|[from] recoil|[of] p1a: scarfed
|faint|p1a: scarfed
|faint|p2a: Charizard
|
|
|switch|p2a: Latias|Latias, F|242\/302
|switch|p1a: scarfed|Rotom-Wash|294\/304
|turn|22
|
|move|p2a: Latias|Draco Meteor|p1a: scarfed
|-damage|p1a: scarfed|47\/304
|-unboost|p2a: Latias|spa|2
|-damage|p2a: Latias|212\/302|[from] item: Life Orb
|move|p1a: scarfed|Pain Split|p2a: Latias
|-sethp|p2a: Latias|129\/302|p1a: scarfed|129\/304|[from] move: Pain Split
|
|-heal|p1a: scarfed|148\/304|[from] item: Leftovers
|turn|23
|
|switch|p2a: Landorus-Therian|Landorus-Therian, M|196\/319
|-ability|p2a: Landorus-Therian|Intimidate|[of] p1a: scarfed
|-unboost|p1a: scarfed|atk|1
|switch|p1a: Excadrill|Excadrill, M|361\/361
|-ability|p1a: Excadrill|Mold Breaker
|
|turn|24
|
|move|p2a: Landorus-Therian|Knock Off|p1a: Excadrill
|-damage|p1a: Excadrill|167\/361
|-enditem|p1a: Excadrill|Choice Scarf|[from] move: Knock Off|[of] p2a: Landorus-Therian
|move|p1a: Excadrill|Iron Head|p2a: Landorus-Therian
|-damage|p2a: Landorus-Therian|25\/319
|
|turn|25
|
|move|p2a: Landorus-Therian|Knock Off|p1a: Excadrill
|-damage|p1a: Excadrill|49\/361
|move|p1a: Excadrill|Iron Head|p2a: Landorus-Therian
|-damage|p2a: Landorus-Therian|0 fnt
|faint|p2a: Landorus-Therian
|
|
|switch|p2a: Latias|Latias, F|129\/302
|turn|26
|
|move|p2a: Latias|Psyshock|p1a: Excadrill
|-resisted|p1a: Excadrill
|-damage|p1a: Excadrill|0 fnt
|-damage|p2a: Latias|99\/302|[from] item: Life Orb
|faint|p1a: Excadrill
|
|
|switch|p1a: scarfed|Rotom-Wash|148\/304
|turn|27
|c|âmahir757|gg
|
|move|p2a: Latias|Draco Meteor|p1a: scarfed
|-damage|p1a: scarfed|0 fnt
|-unboost|p2a: Latias|spa|2
|-damage|p2a: Latias|69\/302|[from] item: Life Orb
|faint|p1a: scarfed
|
|win|RustyEspur
|raw|Ladder updating...
|c|âRustyEspur|gg
|raw|mahir757's rating: 1333 &rarr; <strong>1313<\/strong><br \/>(-20 for losing)
|raw|RustyEspur's rating: 1331 &rarr; <strong>1351<\/strong><br \/>(+20 for winning)
|c|âRustyEspur|ur not scarfed?
|c|âmahir757|lol..no
|c|âmahir757|:p
|c|âRustyEspur|exca
|c|âRustyEspur|lol
|c|âmahir757|exca scarfed
|c|âmahir757|bt u knocked it away
|c|âmahir757|:p
|c|âRustyEspur|ooo
|c|âRustyEspur|i forgot
|c|âRustyEspur|lol
|c|âmahir757|lol
|leave|mahir757
|player|p1