|join|RustyEspur
|join|KOKai LaFlare
|player|p1|RustyEspur|172
|player|p2|KOKai LaFlare|125
|gametype|singles
|gen|6
|tier|OU
|rated
|clearpoke
|poke|p1|Garchomp, F
|poke|p1|Empoleon, F
|poke|p1|Tyranitar, M
|poke|p1|Clefable, F
|poke|p1|Chesnaught, F
|poke|p1|Talonflame, M
|poke|p2|Altaria, F
|poke|p2|Bisharp, M
|poke|p2|Landorus-Therian, M
|poke|p2|Rotom-Wash
|poke|p2|Tentacruel, F
|poke|p2|Infernape, F
|rule|Swagger Clause: Swagger is banned
|rule|Baton Pass Clause: Limit one PokÃ©mon knowing Baton Pass
|rule|Sleep Clause Mod: Limit one foe put to sleep
|rule|Species Clause: Limit one of each PokÃ©mon
|rule|OHKO Clause: OHKO moves are banned
|rule|Moody Clause: Moody is banned
|rule|Evasion Moves Clause: Evasion moves are banned
|rule|Endless Battle Clause: Forcing endless battles is banned
|rule|HP Percentage Mod: HP is shown in percentages
|teampreview
|
|start
|switch|p1a: wat|Garchomp, F|357\/357
|switch|p2a: Rotom-Wash|Rotom-Wash|303\/303
|turn|1
|
|switch|p1a: Clefable|Clefable, F|393\/393
|move|p2a: Rotom-Wash|Will-O-Wisp|p1a: Clefable
|-status|p1a: Clefable|brn
|
|turn|2
|
|move|p2a: Rotom-Wash|Hydro Pump|p1a: Clefable|[miss]
|-miss|p2a: Rotom-Wash|p1a: Clefable
|move|p1a: Clefable|Calm Mind|p1a: Clefable
|-boost|p1a: Clefable|spa|1
|-boost|p1a: Clefable|spd|1
|
|turn|3
|
|move|p2a: Rotom-Wash|Volt Switch|p1a: Clefable
|-damage|p1a: Clefable|329\/393 brn
|
|switch|p2a: Bisharp|Bisharp, M|271\/271
|move|p1a: Clefable|Moonblast|p2a: Bisharp
|-damage|p2a: Bisharp|72\/271
|
|-heal|p1a: Clefable|353\/393 brn|[from] item: Leftovers
|turn|4
|
|switch|p1a: Chesnaught|Chesnaught, F|379\/379
|move|p2a: Bisharp|Iron Head|p1a: Chesnaught
|-damage|p1a: Chesnaught|257\/379
|-damage|p2a: Bisharp|45\/271|[from] item: Life Orb
|
|-heal|p1a: Chesnaught|280\/379|[from] item: Leftovers
|turn|5
|
|switch|p2a: Landorus-Therian|Landorus-Therian, M|325\/325
|-ability|p2a: Landorus-Therian|Intimidate|[of] p1a: Chesnaught
|-unboost|p1a: Chesnaught|atk|1
|move|p1a: Chesnaught|Spikes|p2a: Landorus-Therian
|-sidestart|p2: KOKai LaFlare|Spikes
|
|-heal|p1a: Chesnaught|303\/379|[from] item: Leftovers
|turn|6
|
|move|p2a: Landorus-Therian|U-turn|p1a: Chesnaught
|-damage|p1a: Chesnaught|251\/379
|
|switch|p2a: Tentacruel|Tentacruel, F|363\/363
|-damage|p2a: Tentacruel|318\/363|[from] Spikes
|move|p1a: Chesnaught|Leech Seed|p2a: Tentacruel
|-start|p2a: Tentacruel|move: Leech Seed
|
|-heal|p1a: Chesnaught|274\/379|[from] item: Leftovers
|-damage|p2a: Tentacruel|273\/363|[from] Leech Seed|[of] p1a: Chesnaught
|-damage|p1a: Chesnaught|229\/379|[from] ability: Liquid Ooze|[of] p2a: Tentacruel
|turn|7
|
|switch|p1a: Clefable|Clefable, F|353\/393 brn
|move|p2a: Tentacruel|Knock Off|p1a: Clefable
|-resisted|p1a: Clefable
|-damage|p1a: Clefable|328\/393 brn
|-enditem|p1a: Clefable|Leftovers|[from] move: Knock Off|[of] p2a: Tentacruel
|
|-damage|p2a: Tentacruel|228\/363|[from] Leech Seed|[of] p1a: Clefable
|turn|8
|
|switch|p1a: wat|Garchomp, F|357\/357
|move|p2a: Tentacruel|Sludge Bomb|p1a: wat
|-resisted|p1a: wat
|-damage|p1a: wat|271\/357
|-status|p1a: wat|psn
|
|-damage|p2a: Tentacruel|183\/363|[from] Leech Seed|[of] p1a: wat
|-damage|p1a: wat|226\/357 psn|[from] ability: Liquid Ooze|[of] p2a: Tentacruel
|-damage|p1a: wat|182\/357 psn|[from] psn
|turn|9
|
|switch|p2a: Landorus-Therian|Landorus-Therian, M|325\/325
|-ability|p2a: Landorus-Therian|Intimidate|[of] p1a: wat
|-unboost|p1a: wat|atk|1
|detailschange|p1a: wat|Garchomp-Mega, F
|message|Garchomp has Mega Evolved into Mega Garchomp!
|move|p1a: wat|Draco Meteor|p2a: Landorus-Therian
|-damage|p2a: Landorus-Therian|12\/325
|-unboost|p1a: wat|spa|2
|
|-damage|p1a: wat|138\/357 psn|[from] psn
|turn|10
|
|switch|p1a: Chesnaught|Chesnaught, F|229\/379
|move|p2a: Landorus-Therian|U-turn|p1a: Chesnaught
|-damage|p1a: Chesnaught|171\/379
|
|switch|p2a: Altaria|Altaria, F|353\/353
|
|-heal|p1a: Chesnaught|194\/379|[from] item: Leftovers
|turn|11
|
|switch|p1a: Empoleon|Empoleon, F|371\/371
|detailschange|p2a: Altaria|Altaria-Mega, F
|message|Altaria has Mega Evolved into Mega Altaria!
|move|p2a: Altaria|Heat Wave|p1a: Empoleon
|-damage|p1a: Empoleon|312\/371
|
|-heal|p1a: Empoleon|335\/371|[from] item: Leftovers
|turn|12
|
|switch|p2a: Rotom-Wash|Rotom-Wash|303\/303
|move|p1a: Empoleon|Ice Beam|p2a: Rotom-Wash
|-resisted|p2a: Rotom-Wash
|-damage|p2a: Rotom-Wash|274\/303
|
|-heal|p2a: Rotom-Wash|292\/303|[from] item: Leftovers
|-heal|p1a: Empoleon|358\/371|[from] item: Leftovers
|turn|13
|
|switch|p1a: Clefable|Clefable, F|328\/393 brn
|move|p2a: Rotom-Wash|Volt Switch|p1a: Clefable
|-damage|p1a: Clefable|231\/393 brn
|
|switch|p2a: Tentacruel|Tentacruel, F|183\/363
|-damage|p2a: Tentacruel|138\/363|[from] Spikes
|
|turn|14
|
|move|p2a: Tentacruel|Rapid Spin|p1a: Clefable
|-damage|p1a: Clefable|222\/393 brn
|-sideend|p2: KOKai LaFlare|Spikes|[from] move: Rapid Spin|[of] p2a: Tentacruel
|move|p1a: Clefable|Calm Mind|p1a: Clefable
|-boost|p1a: Clefable|spa|1
|-boost|p1a: Clefable|spd|1
|
|turn|15
|
|move|p2a: Tentacruel|Sludge Bomb|p1a: Clefable
|-supereffective|p1a: Clefable
|-damage|p1a: Clefable|34\/393 brn
|move|p1a: Clefable|Stored Power|p2a: Tentacruel
|-supereffective|p2a: Tentacruel
|-damage|p2a: Tentacruel|62\/363
|
|turn|16
|
|switch|p1a: Empoleon|Empoleon, F|358\/371
|move|p2a: Tentacruel|Scald|p1a: Empoleon
|-resisted|p1a: Empoleon
|-damage|p1a: Empoleon|319\/371
|-status|p1a: Empoleon|brn
|
|-heal|p1a: Empoleon|342\/371 brn|[from] item: Leftovers
|-damage|p1a: Empoleon|296\/371 brn|[from] brn
|turn|17
|
|switch|p2a: Rotom-Wash|Rotom-Wash|292\/303
|move|p1a: Empoleon|Scald|p2a: Rotom-Wash
|-resisted|p2a: Rotom-Wash
|-damage|p2a: Rotom-Wash|258\/303
|
|-heal|p2a: Rotom-Wash|276\/303|[from] item: Leftovers
|-heal|p1a: Empoleon|319\/371 brn|[from] item: Leftovers
|-damage|p1a: Empoleon|273\/371 brn|[from] brn
|turn|18
|
|switch|p1a: Clefable|Clefable, F|34\/393 brn
|move|p2a: Rotom-Wash|Hydro Pump|p1a: Clefable
|-damage|p1a: Clefable|0 fnt
|faint|p1a: Clefable
|
|-heal|p2a: Rotom-Wash|294\/303|[from] item: Leftovers
|
|switch|p1a: wat|Garchomp-Mega, F|138\/357 psn
|turn|19
|
|move|p1a: wat|Draco Meteor|p2a: Rotom-Wash
|-damage|p2a: Rotom-Wash|117\/303
|-unboost|p1a: wat|spa|2
|move|p2a: Rotom-Wash|Hydro Pump|p1a: wat
|-damage|p1a: wat|0 fnt
|faint|p1a: wat
|
|-heal|p2a: Rotom-Wash|135\/303|[from] item: Leftovers
|
|switch|p1a: Chesnaught|Chesnaught, F|194\/379
|turn|20
|
|switch|p2a: Tentacruel|Tentacruel, F|62\/363
|move|p1a: Chesnaught|Leech Seed|p2a: Tentacruel
|-start|p2a: Tentacruel|move: Leech Seed
|
|-heal|p1a: Chesnaught|217\/379|[from] item: Leftovers
|-damage|p2a: Tentacruel|17\/363|[from] Leech Seed|[of] p1a: Chesnaught
|-damage|p1a: Chesnaught|172\/379|[from] ability: Liquid Ooze|[of] p2a: Tentacruel
|turn|21
|
|switch|p1a: Empoleon|Empoleon, F|273\/371 brn
|move|p2a: Tentacruel|Knock Off|p1a: Empoleon
|-damage|p1a: Empoleon|218\/371 brn
|-enditem|p1a: Empoleon|Leftovers|[from] move: Knock Off|[of] p2a: Tentacruel
|
|-damage|p2a: Tentacruel|0 fnt|[from] Leech Seed|[of] p1a: Empoleon
|-damage|p1a: Empoleon|201\/371 brn|[from] ability: Liquid Ooze|[of] p2a: Tentacruel
|-damage|p1a: Empoleon|155\/371 brn|[from] brn
|faint|p2a: Tentacruel
|
|switch|p2a: Rotom-Wash|Rotom-Wash|135\/303
|turn|22
|
|move|p2a: Rotom-Wash|Volt Switch|p1a: Empoleon
|-supereffective|p1a: Empoleon
|-damage|p1a: Empoleon|39\/371 brn
|
|switch|p2a: Bisharp|Bisharp, M|45\/271
|move|p1a: Empoleon|Toxic|p2a: Bisharp
|-fail|p2a: Bisharp
|
|-damage|p1a: Empoleon|0 fnt|[from] brn
|faint|p1a: Empoleon
|
|switch|p1a: Chesnaught|Chesnaught, F|172\/379
|turn|23
|
|move|p2a: Bisharp|Iron Head|p1a: Chesnaught
|-damage|p1a: Chesnaught|38\/379
|-damage|p2a: Bisharp|18\/271|[from] item: Life Orb
|cant|p1a: Chesnaught|flinch
|
|-heal|p1a: Chesnaught|61\/379|[from] item: Leftovers
|turn|24
|
|move|p1a: Chesnaught|Spiky Shield|p1a: Chesnaught
|-singleturn|p1a: Chesnaught|move: Protect
|move|p2a: Bisharp|Knock Off|p1a: Chesnaught
|-activate|p1a: Chesnaught|move: Protect
|-damage|p2a: Bisharp|0 fnt|[from] Spiky Shield|[of] p1a: Chesnaught
|faint|p2a: Bisharp
|
|-heal|p1a: Chesnaught|84\/379|[from] item: Leftovers
|
|switch|p2a: Altaria|Altaria-Mega, F|353\/353
|turn|25
|
|move|p2a: Altaria|Hyper Voice|p1a: Chesnaught
|-supereffective|p1a: Chesnaught
|-damage|p1a: Chesnaught|0 fnt
|faint|p1a: Chesnaught
|
|
|switch|p1a: Tyranitar|Tyranitar, M|404\/404
|-weather|Sandstorm
|turn|26
|
|move|p2a: Altaria|Hyper Voice|p1a: Tyranitar
|-supereffective|p1a: Tyranitar
|-damage|p1a: Tyranitar|212\/404
|move|p1a: Tyranitar|Ice Beam|p2a: Altaria
|-supereffective|p2a: Altaria
|-damage|p2a: Altaria|221\/353
|
|-weather|Sandstorm|[upkeep]
|-damage|p2a: Altaria|199\/353|[from] sandstorm
|-heal|p1a: Tyranitar|237\/404|[from] item: Leftovers
|turn|27
|
|switch|p2a: Rotom-Wash|Rotom-Wash|135\/303
|move|p1a: Tyranitar|Stealth Rock|p2a: Rotom-Wash
|-sidestart|p2: KOKai LaFlare|move: Stealth Rock
|
|-weather|Sandstorm|[upkeep]
|-damage|p2a: Rotom-Wash|117\/303|[from] sandstorm
|-heal|p2a: Rotom-Wash|135\/303|[from] item: Leftovers
|-heal|p1a: Tyranitar|262\/404|[from] item: Leftovers
|turn|28
|
|move|p2a: Rotom-Wash|Pain Split|p1a: Tyranitar
|-sethp|p1a: Tyranitar|198\/404|p2a: Rotom-Wash|198\/303|[from] move: Pain Split
|move|p1a: Tyranitar|Stone Edge|p2a: Rotom-Wash
|-damage|p2a: Rotom-Wash|23\/303
|
|-weather|Sandstorm|[upkeep]
|-damage|p2a: Rotom-Wash|5\/303|[from] sandstorm
|-heal|p2a: Rotom-Wash|23\/303|[from] item: Leftovers
|-heal|p1a: Tyranitar|223\/404|[from] item: Leftovers
|turn|29
|
|move|p2a: Rotom-Wash|Pain Split|p1a: Tyranitar
|-sethp|p1a: Tyranitar|123\/404|p2a: Rotom-Wash|123\/303|[from] move: Pain Split
|move|p1a: Tyranitar|Stone Edge|p2a: Rotom-Wash
|-damage|p2a: Rotom-Wash|0 fnt
|faint|p2a: Rotom-Wash
|
|-weather|Sandstorm|[upkeep]
|-heal|p1a: Tyranitar|148\/404|[from] item: Leftovers
|
|switch|p2a: Infernape|Infernape, F|293\/293
|-damage|p2a: Infernape|257\/293|[from] Stealth Rock
|turn|30
|
|move|p2a: Infernape|Close Combat|p1a: Tyranitar
|-supereffective|p1a: Tyranitar
|-damage|p1a: Tyranitar|0 fnt
|-unboost|p2a: Infernape|def|1
|-unboost|p2a: Infernape|spd|1
|-damage|p2a: Infernape|228\/293|[from] item: Life Orb
|faint|p1a: Tyranitar
|
|-weather|none
|
|switch|p1a: Talonflame|Talonflame, M|297\/297
|turn|31
|
|switch|p2a: Landorus-Therian|Landorus-Therian, M|12\/325
|-damage|p2a: Landorus-Therian|0 fnt|[from] Stealth Rock
|faint|p2a: Landorus-Therian
|move|p1a: Talonflame|Brave Bird|p2: Landorus-Therian|[notarget]
|-notarget
|
|
|switch|p2a: Infernape|Infernape, F|228\/293
|-damage|p2a: Infernape|192\/293|[from] Stealth Rock
|turn|32
|
|move|p1a: Talonflame|Brave Bird|p2a: Infernape
|-supereffective|p2a: Infernape
|-damage|p2a: Infernape|0 fnt
|-damage|p1a: Talonflame|234\/297|[from] recoil|[of] p2a: Infernape
|faint|p2a: Infernape
|
|c|âRustyEspur|gg >.>
|
|switch|p2a: Altaria|Altaria-Mega, F|199\/353
|-damage|p2a: Altaria|155\/353|[from] Stealth Rock
|turn|33
|
|move|p1a: Talonflame|Brave Bird|p2a: Altaria
|-damage|p2a: Altaria|26\/353
|-damage|p1a: Talonflame|191\/297|[from] recoil|[of] p2a: Altaria
|move|p2a: Altaria|Roost|p2a: Altaria
|-heal|p2a: Altaria|203\/353
|
|turn|34
|
|move|p1a: Talonflame|Swords Dance|p1a: Talonflame
|-boost|p1a: Talonflame|atk|2
|move|p2a: Altaria|Roost|p2a: Altaria
|-heal|p2a: Altaria|353\/353
|
|turn|35
|c|âRustyEspur|:o
|
|move|p1a: Talonflame|Swords Dance|p1a: Talonflame
|-boost|p1a: Talonflame|atk|2
|move|p2a: Altaria|Hyper Voice|p1a: Talonflame
|-resisted|p1a: Talonflame
|-damage|p1a: Talonflame|86\/297
|
|turn|36
|
|move|p1a: Talonflame|Roost|p1a: Talonflame
|-heal|p1a: Talonflame|235\/297
|move|p2a: Altaria|Hyper Voice|p1a: Talonflame
|-resisted|p1a: Talonflame
|-damage|p1a: Talonflame|133\/297
|
|turn|37
|
|move|p1a: Talonflame|Roost|p1a: Talonflame
|-heal|p1a: Talonflame|282\/297
|move|p2a: Altaria|Hyper Voice|p1a: Talonflame
|-resisted|p1a: Talonflame
|-damage|p1a: Talonflame|189\/297
|
|turn|38
|
|move|p1a: Talonflame|Brave Bird|p2a: Altaria
|-damage|p2a: Altaria|0 fnt
|-damage|p1a: Talonflame|73\/297|[from] recoil|[of] p2a: Altaria
|faint|p2a: Altaria
|
|win|RustyEspur
|raw|Ladder updating...
|raw|RustyEspur's rating: 1248 &rarr; <strong>1273<\/strong><br \/>(+25 for winning)
|raw|KOKai LaFlare's rating: 1246 &rarr; <strong>1221<\/strong><br \/>(-25 for losing)
|c|âKOKai LaFlare|damn, gg
|c|âRustyEspur|yea
|c|âRustyEspur|gg