|join|majorsc2
|join|RustyEspur
|player|p1|majorsc2|266
|player|p2|RustyEspur|172
|gametype|singles
|gen|6
|tier|OU
|rated
|clearpoke
|poke|p1|Tyranitar, F
|poke|p1|Excadrill, M
|poke|p1|Latios, M
|poke|p1|Skarmory, F
|poke|p1|Landorus, M
|poke|p1|Ferrothorn, F
|poke|p2|Bisharp, F
|poke|p2|Heatran, F
|poke|p2|Venusaur, F
|poke|p2|Rotom-Wash
|poke|p2|Mamoswine, M
|poke|p2|Latias, F
|rule|Swagger Clause: Swagger is banned
|rule|Baton Pass Clause: Limit one PokÃ©mon knowing Baton Pass
|rule|Sleep Clause Mod: Limit one foe put to sleep
|rule|Species Clause: Limit one of each PokÃ©mon
|rule|OHKO Clause: OHKO moves are banned
|rule|Moody Clause: Moody is banned
|rule|Evasion Moves Clause: Evasion moves are banned
|rule|Endless Battle Clause: Forcing endless battles is banned
|rule|HP Percentage Mod: HP is shown in percentages
|teampreview
|
|start
|switch|p1a: Ferrothorn|Ferrothorn, F|352\/352
|switch|p2a: Heatran|Heatran, F|385\/385
|turn|1
|
|switch|p1a: Latios|Latios, M|301\/301
|move|p2a: Heatran|Lava Plume|p1a: Latios
|-resisted|p1a: Latios
|-damage|p1a: Latios|244\/301
|
|turn|2
|
|switch|p2a: Rotom-Wash|Rotom-Wash|303\/303
|move|p1a: Latios|Trick|p2a: Rotom-Wash
|-activate|p1a: Latios|move: Trick|[of] p2a: Rotom-Wash
|-item|p2a: Rotom-Wash|Choice Scarf|[from] move: Trick
|-item|p1a: Latios|Leftovers|[from] move: Trick
|
|-heal|p1a: Latios|262\/301|[from] item: Leftovers
|turn|3
|
|switch|p1a: Landorus|Landorus, M|320\/320
|move|p2a: Rotom-Wash|Volt Switch|p1a: Landorus
|-immune|p1a: Landorus|[msg]
|
|turn|4
|
|switch|p2a: Latias|Latias, F|301\/301
|move|p1a: Landorus|Sludge Wave|p2a: Latias
|-damage|p2a: Latias|161\/301
|
|turn|5
|
|switch|p2a: Mamoswine|Mamoswine, M|361\/361
|switch|p1a: Tyranitar|Tyranitar, F|404\/404
|-weather|Sandstorm
|
|-weather|Sandstorm|[upkeep]
|turn|6
|
|switch|p2a: Heatran|Heatran, F|385\/385
|switch|p1a: Skarmory|Skarmory, F|334\/334
|
|-weather|Sandstorm|[upkeep]
|turn|7
|
|move|p2a: Heatran|Lava Plume|p1a: Skarmory
|-supereffective|p1a: Skarmory
|-damage|p1a: Skarmory|32\/334
|move|p1a: Skarmory|Stealth Rock|p2a: Heatran
|-sidestart|p2: RustyEspur|move: Stealth Rock
|
|-weather|Sandstorm|[upkeep]
|-heal|p1a: Skarmory|52\/334|[from] item: Leftovers
|turn|8
|
|move|p2a: Heatran|Will-O-Wisp|p1a: Skarmory
|-status|p1a: Skarmory|brn
|move|p1a: Skarmory|Whirlwind|p2a: Heatran
|drag|p2a: Venusaur|Venusaur, F|364\/364
|-damage|p2a: Venusaur|319\/364|[from] Stealth Rock
|
|-weather|Sandstorm|[upkeep]
|-damage|p2a: Venusaur|297\/364|[from] sandstorm
|-heal|p1a: Skarmory|72\/334 brn|[from] item: Leftovers
|-damage|p1a: Skarmory|31\/334 brn|[from] brn
|turn|9
|
|detailschange|p2a: Venusaur|Venusaur-Mega, F
|-mega|p2a: Venusaur|Venusaur|Venusaurite
|move|p2a: Venusaur|Synthesis|p2a: Venusaur
|-heal|p2a: Venusaur|364\/364
|move|p1a: Skarmory|Whirlwind|p2a: Venusaur
|drag|p2a: Mamoswine|Mamoswine, M|361\/361
|-damage|p2a: Mamoswine|316\/361|[from] Stealth Rock
|
|-weather|Sandstorm|[upkeep]
|-heal|p1a: Skarmory|51\/334 brn|[from] item: Leftovers
|-damage|p1a: Skarmory|10\/334 brn|[from] brn
|turn|10
|
|move|p2a: Mamoswine|Ice Shard|p1a: Skarmory
|-damage|p1a: Skarmory|0 fnt
|-damage|p2a: Mamoswine|280\/361|[from] item: Life Orb
|faint|p1a: Skarmory
|
|-weather|Sandstorm|[upkeep]
|
|switch|p1a: Excadrill|Excadrill, M|362\/362
|turn|11
|
|switch|p1a: Ferrothorn|Ferrothorn, F|352\/352
|switch|p2a: Rotom-Wash|Rotom-Wash|303\/303
|-damage|p2a: Rotom-Wash|266\/303|[from] Stealth Rock
|
|-weather|Sandstorm|[upkeep]
|-damage|p2a: Rotom-Wash|248\/303|[from] sandstorm
|turn|12
|
|switch|p1a: Landorus|Landorus, M|320\/320
|move|p2a: Rotom-Wash|Will-O-Wisp|p1a: Landorus
|-status|p1a: Landorus|brn
|
|-weather|none
|-damage|p1a: Landorus|280\/320 brn|[from] brn
|turn|13
|
|switch|p2a: Heatran|Heatran, F|385\/385
|-damage|p2a: Heatran|337\/385|[from] Stealth Rock
|move|p1a: Landorus|Sludge Wave|p2a: Heatran
|-immune|p2a: Heatran|[msg]
|
|-heal|p2a: Heatran|361\/385|[from] item: Leftovers
|-damage|p1a: Landorus|240\/320 brn|[from] brn
|turn|14
|
|switch|p2a: Latias|Latias, F|161\/301
|-damage|p2a: Latias|124\/301|[from] Stealth Rock
|move|p1a: Landorus|Sludge Wave|p2a: Latias
|-damage|p2a: Latias|0 fnt
|faint|p2a: Latias
|
|-damage|p1a: Landorus|200\/320 brn|[from] brn
|
|switch|p2a: Mamoswine|Mamoswine, M|280\/361
|-damage|p2a: Mamoswine|235\/361|[from] Stealth Rock
|turn|15
|
|switch|p1a: Ferrothorn|Ferrothorn, F|352\/352
|move|p2a: Mamoswine|Ice Shard|p1a: Ferrothorn
|-damage|p1a: Ferrothorn|288\/352
|-damage|p2a: Mamoswine|199\/361|[from] item: Life Orb
|
|-heal|p1a: Ferrothorn|310\/352|[from] item: Leftovers
|turn|16
|
|move|p2a: Mamoswine|Earthquake|p1a: Ferrothorn
|-damage|p1a: Ferrothorn|157\/352
|-damage|p2a: Mamoswine|163\/361|[from] item: Life Orb
|move|p1a: Ferrothorn|Spikes|p2a: Mamoswine
|-sidestart|p2: RustyEspur|Spikes
|
|-heal|p1a: Ferrothorn|179\/352|[from] item: Leftovers
|turn|17
|
|move|p2a: Mamoswine|Superpower|p1a: Ferrothorn
|-supereffective|p1a: Ferrothorn
|-damage|p1a: Ferrothorn|0 fnt
|-damage|p2a: Mamoswine|118\/361|[from] ability: Iron Barbs|[of] p1a: Ferrothorn
|-unboost|p2a: Mamoswine|atk|1
|-unboost|p2a: Mamoswine|def|1
|-damage|p2a: Mamoswine|82\/361|[from] item: Life Orb
|faint|p1a: Ferrothorn
|
|
|switch|p1a: Latios|Latios, M|262\/301
|turn|18
|
|switch|p1a: Tyranitar|Tyranitar, F|404\/404
|-weather|Sandstorm
|move|p2a: Mamoswine|Ice Shard|p1a: Tyranitar
|-damage|p1a: Tyranitar|346\/404
|-damage|p2a: Mamoswine|46\/361|[from] item: Life Orb
|
|-weather|Sandstorm|[upkeep]
|turn|19
|
|switch|p1a: Latios|Latios, M|262\/301
|move|p2a: Mamoswine|Earthquake|p1a: Latios
|-immune|p1a: Latios|[msg]
|
|-weather|Sandstorm|[upkeep]
|-damage|p1a: Latios|244\/301|[from] sandstorm
|-heal|p1a: Latios|262\/301|[from] item: Leftovers
|turn|20
|
|move|p2a: Mamoswine|Ice Shard|p1a: Latios
|-supereffective|p1a: Latios
|-damage|p1a: Latios|88\/301
|-damage|p2a: Mamoswine|10\/361|[from] item: Life Orb
|move|p1a: Latios|Psyshock|p2a: Mamoswine
|-damage|p2a: Mamoswine|0 fnt
|faint|p2a: Mamoswine
|
|-weather|Sandstorm|[upkeep]
|-damage|p1a: Latios|70\/301|[from] sandstorm
|-heal|p1a: Latios|88\/301|[from] item: Leftovers
|
|switch|p2a: Heatran|Heatran, F|361\/385
|-damage|p2a: Heatran|313\/385|[from] Spikes
|-damage|p2a: Heatran|265\/385|[from] Stealth Rock
|turn|21
|
|move|p1a: Latios|Surf|p2a: Heatran
|-supereffective|p2a: Heatran
|-damage|p2a: Heatran|93\/385
|move|p2a: Heatran|Lava Plume|p1a: Latios
|-resisted|p1a: Latios
|-damage|p1a: Latios|37\/301
|-status|p1a: Latios|brn
|
|-weather|Sandstorm|[upkeep]
|-damage|p1a: Latios|19\/301 brn|[from] sandstorm
|-heal|p1a: Latios|37\/301 brn|[from] item: Leftovers
|-heal|p2a: Heatran|117\/385|[from] item: Leftovers
|-damage|p1a: Latios|0 fnt|[from] brn
|faint|p1a: Latios
|
|switch|p1a: Excadrill|Excadrill, M|362\/362
|turn|22
|
|switch|p2a: Rotom-Wash|Rotom-Wash|248\/303
|-damage|p2a: Rotom-Wash|211\/303|[from] Stealth Rock
|move|p1a: Excadrill|Earthquake|p2a: Rotom-Wash
|-immune|p2a: Rotom-Wash|[msg]
|
|-weather|Sandstorm|[upkeep]
|-damage|p2a: Rotom-Wash|193\/303|[from] sandstorm
|turn|23
|
|switch|p1a: Landorus|Landorus, M|200\/320 brn
|move|p2a: Rotom-Wash|Hydro Pump|p1a: Landorus
|-supereffective|p1a: Landorus
|-damage|p1a: Landorus|0 fnt
|faint|p1a: Landorus
|
|-weather|Sandstorm|[upkeep]
|-damage|p2a: Rotom-Wash|175\/303|[from] sandstorm
|
|switch|p1a: Tyranitar|Tyranitar, F|346\/404
|turn|24
|
|switch|p2a: Heatran|Heatran, F|117\/385
|-damage|p2a: Heatran|69\/385|[from] Stealth Rock
|-damage|p2a: Heatran|21\/385|[from] Spikes
|move|p1a: Tyranitar|Stone Edge|p2a: Heatran|[miss]
|-miss|p1a: Tyranitar|p2a: Heatran
|
|-weather|Sandstorm|[upkeep]
|-heal|p2a: Heatran|45\/385|[from] item: Leftovers
|turn|25
|
|move|p2a: Heatran|Will-O-Wisp|p1a: Tyranitar|[miss]
|-miss|p2a: Heatran|p1a: Tyranitar
|move|p1a: Tyranitar|Stone Edge|p2a: Heatran
|-damage|p2a: Heatran|0 fnt
|faint|p2a: Heatran
|
|-weather|none
|
|switch|p2a: Venusaur|Venusaur-Mega, F|364\/364
|-damage|p2a: Venusaur|319\/364|[from] Stealth Rock
|-damage|p2a: Venusaur|274\/364|[from] Spikes
|turn|26
|
|switch|p1a: Excadrill|Excadrill, M|362\/362
|move|p2a: Venusaur|Giga Drain|p1a: Excadrill
|-damage|p1a: Excadrill|214\/362
|-heal|p2a: Venusaur|348\/364|[from] drain|[of] p1a: Excadrill
|
|turn|27
|
|switch|p1a: Tyranitar|Tyranitar, F|346\/404
|-weather|Sandstorm
|move|p2a: Venusaur|Sleep Powder|p1a: Tyranitar
|-status|p1a: Tyranitar|slp
|
|-weather|Sandstorm|[upkeep]
|-damage|p2a: Venusaur|326\/364|[from] sandstorm
|turn|28
|
|move|p2a: Venusaur|Giga Drain|p1a: Tyranitar
|-supereffective|p1a: Tyranitar
|-damage|p1a: Tyranitar|248\/404 slp
|-heal|p2a: Venusaur|364\/364|[from] drain|[of] p1a: Tyranitar
|cant|p1a: Tyranitar|slp
|
|-weather|Sandstorm|[upkeep]
|-damage|p2a: Venusaur|342\/364|[from] sandstorm
|turn|29
|
|move|p2a: Venusaur|Giga Drain|p1a: Tyranitar
|-supereffective|p1a: Tyranitar
|-damage|p1a: Tyranitar|146\/404 slp
|-heal|p2a: Venusaur|364\/364|[from] drain|[of] p1a: Tyranitar
|-curestatus|p1a: Tyranitar|slp
|move|p1a: Tyranitar|Stone Edge|p2a: Venusaur
|-damage|p2a: Venusaur|270\/364
|
|-weather|Sandstorm|[upkeep]
|-damage|p2a: Venusaur|248\/364|[from] sandstorm
|turn|30
|
|switch|p1a: Excadrill|Excadrill, M|214\/362
|move|p2a: Venusaur|Giga Drain|p1a: Excadrill
|-damage|p1a: Excadrill|64\/362
|-heal|p2a: Venusaur|323\/364|[from] drain|[of] p1a: Excadrill
|
|-weather|Sandstorm|[upkeep]
|-damage|p2a: Venusaur|301\/364|[from] sandstorm
|turn|31
|
|move|p1a: Excadrill|Earthquake|p2a: Venusaur
|-damage|p2a: Venusaur|148\/364
|-damage|p1a: Excadrill|28\/362|[from] item: Life Orb
|move|p2a: Venusaur|Giga Drain|p1a: Excadrill
|-damage|p1a: Excadrill|0 fnt
|-heal|p2a: Venusaur|162\/364|[from] drain|[of] p1a: Excadrill
|faint|p1a: Excadrill
|
|-weather|Sandstorm|[upkeep]
|-damage|p2a: Venusaur|140\/364|[from] sandstorm
|-message|majorsc2 forfeited.
|
|win|RustyEspur
|raw|Ladder updating...
|leave|majorsc2
|player|p1
|raw|majorsc2's rating: 1593 &rarr; <strong>1574<\/strong><br \/>(-19 for losing)
|raw|RustyEspur's rating: 1609 &rarr; <strong>1628<\/strong><br \/>(+19 for winning)