|join|4x100 relay
|join|RustyEspur
|player|p1|4x100 relay|20
|player|p2|RustyEspur|172
|gametype|singles
|gen|6
|tier|OU
|rated
|clearpoke
|poke|p1|Clefable, F, shiny
|poke|p1|Scolipede, M, shiny
|poke|p1|Manaphy
|poke|p1|Gallade, M
|poke|p1|Espeon, F, shiny
|poke|p1|Gothitelle, F
|poke|p2|Bisharp, M
|poke|p2|Heatran, F
|poke|p2|Venusaur, M
|poke|p2|Rotom-Wash
|poke|p2|Mamoswine, F
|poke|p2|Latias, F
|rule|Swagger Clause: Swagger is banned
|rule|Baton Pass Clause: Limit one PokÃ©mon knowing Baton Pass
|rule|Sleep Clause Mod: Limit one foe put to sleep
|rule|Species Clause: Limit one of each PokÃ©mon
|rule|OHKO Clause: OHKO moves are banned
|rule|Moody Clause: Moody is banned
|rule|Evasion Moves Clause: Evasion moves are banned
|rule|Endless Battle Clause: Forcing endless battles is banned
|rule|HP Percentage Mod: HP is shown in percentages
|teampreview
|
|start
|switch|p1a: Gallade|Gallade, M|339\/339
|switch|p2a: Bisharp|Bisharp, M|271\/271
|turn|1
|
|switch|p2a: Rotom-Wash|Rotom-Wash|303\/303
|move|p1a: Gallade|Drain Punch|p2a: Rotom-Wash
|-damage|p2a: Rotom-Wash|209\/303
|
|-heal|p2a: Rotom-Wash|227\/303|[from] item: Leftovers
|turn|2
|
|switch|p1a: Espeon|Espeon, F, shiny|334\/334
|move|p2a: Rotom-Wash|Volt Switch|p1a: Espeon
|-damage|p1a: Espeon|247\/334
|
|switch|p2a: Bisharp|Bisharp, M|271\/271
|
|-heal|p1a: Espeon|267\/334|[from] item: Leftovers
|turn|3
|
|switch|p1a: Clefable|Clefable, F, shiny|394\/394
|move|p2a: Bisharp|Iron Head|p1a: Clefable
|-supereffective|p1a: Clefable
|-damage|p1a: Clefable|134\/394
|
|-heal|p1a: Clefable|158\/394|[from] item: Leftovers
|turn|4
|
|move|p2a: Bisharp|Iron Head|p1a: Clefable
|-supereffective|p1a: Clefable
|-damage|p1a: Clefable|0 fnt
|faint|p1a: Clefable
|
|
|switch|p1a: Scolipede|Scolipede, M, shiny|323\/323
|turn|5
|
|move|p1a: Scolipede|Iron Defense|p1a: Scolipede
|-boost|p1a: Scolipede|def|2
|move|p2a: Bisharp|Substitute|p2a: Bisharp
|-start|p2a: Bisharp|Substitute
|-damage|p2a: Bisharp|204\/271
|
|-heal|p2a: Bisharp|220\/271|[from] item: Leftovers
|-boost|p1a: Scolipede|spe|1|[from] ability: Speed Boost
|turn|6
|
|move|p1a: Scolipede|Baton Pass|p1a: Scolipede
|
|switch|p1a: Gallade|Gallade, M|339\/339
|move|p2a: Bisharp|Swords Dance|p2a: Bisharp
|-boost|p2a: Bisharp|atk|2
|
|-heal|p2a: Bisharp|236\/271|[from] item: Leftovers
|turn|7
|
|detailschange|p1a: Gallade|Gallade-Mega, M
|-mega|p1a: Gallade|Gallade|Galladite
|move|p1a: Gallade|Drain Punch|p2a: Bisharp
|-crit|p2a: Bisharp
|-supereffective|p2a: Bisharp
|-end|p2a: Bisharp|Substitute
|move|p2a: Bisharp|Iron Head|p1a: Gallade
|-crit|p1a: Gallade
|-damage|p1a: Gallade|0 fnt
|faint|p1a: Gallade
|
|-heal|p2a: Bisharp|252\/271|[from] item: Leftovers
|
|switch|p1a: Scolipede|Scolipede, M, shiny|323\/323
|turn|8
|
|move|p1a: Scolipede|Iron Defense|p1a: Scolipede
|-boost|p1a: Scolipede|def|2
|move|p2a: Bisharp|Substitute|p2a: Bisharp
|-start|p2a: Bisharp|Substitute
|-damage|p2a: Bisharp|185\/271
|
|-heal|p2a: Bisharp|201\/271|[from] item: Leftovers
|-boost|p1a: Scolipede|spe|1|[from] ability: Speed Boost
|turn|9
|
|move|p1a: Scolipede|Iron Defense|p1a: Scolipede
|-boost|p1a: Scolipede|def|2
|move|p2a: Bisharp|Swords Dance|p2a: Bisharp
|-boost|p2a: Bisharp|atk|2
|
|-heal|p2a: Bisharp|217\/271|[from] item: Leftovers
|-boost|p1a: Scolipede|spe|1|[from] ability: Speed Boost
|turn|10
|
|move|p1a: Scolipede|Iron Defense|p1a: Scolipede
|-boost|p1a: Scolipede|def|2
|move|p2a: Bisharp|Iron Head|p1a: Scolipede
|-damage|p1a: Scolipede|218\/323
|
|-heal|p2a: Bisharp|233\/271|[from] item: Leftovers
|-boost|p1a: Scolipede|spe|1|[from] ability: Speed Boost
|turn|11
|
|move|p1a: Scolipede|Substitute|p1a: Scolipede
|-start|p1a: Scolipede|Substitute
|-damage|p1a: Scolipede|138\/323
|move|p2a: Bisharp|Swords Dance|p2a: Bisharp
|-boost|p2a: Bisharp|atk|2
|
|-heal|p2a: Bisharp|249\/271|[from] item: Leftovers
|-boost|p1a: Scolipede|spe|1|[from] ability: Speed Boost
|turn|12
|
|move|p1a: Scolipede|Baton Pass|p1a: Scolipede
|
|switch|p1a: Manaphy|Manaphy|404\/404
|move|p2a: Bisharp|Iron Head|p1a: Manaphy
|-resisted|p1a: Manaphy
|-activate|p1a: Manaphy|Substitute|[damage]
|
|-heal|p2a: Bisharp|265\/271|[from] item: Leftovers
|turn|13
|
|move|p2a: Bisharp|Sucker Punch|p1a: Manaphy
|-fail|p1a: Manaphy
|move|p1a: Manaphy|Calm Mind|p1a: Manaphy
|-boost|p1a: Manaphy|spa|1
|-boost|p1a: Manaphy|spd|1
|
|-heal|p2a: Bisharp|271\/271|[from] item: Leftovers
|turn|14
|
|move|p1a: Manaphy|Calm Mind|p1a: Manaphy
|-boost|p1a: Manaphy|spa|1
|-boost|p1a: Manaphy|spd|1
|move|p2a: Bisharp|Iron Head|p1a: Manaphy
|-resisted|p1a: Manaphy
|-end|p1a: Manaphy|Substitute
|
|turn|15
|
|move|p1a: Manaphy|Scald|p2a: Bisharp
|-end|p2a: Bisharp|Substitute
|move|p2a: Bisharp|Iron Head|p1a: Manaphy
|-resisted|p1a: Manaphy
|-damage|p1a: Manaphy|337\/404
|
|-heal|p1a: Manaphy|362\/404|[from] item: Leftovers
|turn|16
|
|move|p2a: Bisharp|Sucker Punch|p1a: Manaphy
|-fail|p1a: Manaphy
|move|p1a: Manaphy|Calm Mind|p1a: Manaphy
|-boost|p1a: Manaphy|spa|1
|-boost|p1a: Manaphy|spd|1
|
|-heal|p1a: Manaphy|387\/404|[from] item: Leftovers
|turn|17
|
|move|p2a: Bisharp|Sucker Punch|p1a: Manaphy
|-fail|p1a: Manaphy
|move|p1a: Manaphy|Calm Mind|p1a: Manaphy
|-boost|p1a: Manaphy|spa|1
|-boost|p1a: Manaphy|spd|1
|
|-heal|p1a: Manaphy|404\/404|[from] item: Leftovers
|turn|18
|
|move|p1a: Manaphy|Rain Dance|p1a: Manaphy
|-weather|RainDance
|move|p2a: Bisharp|Substitute|p2a: Bisharp
|-start|p2a: Bisharp|Substitute
|-damage|p2a: Bisharp|204\/271
|
|-weather|RainDance|[upkeep]
|-heal|p2a: Bisharp|220\/271|[from] item: Leftovers
|turn|19
|
|move|p2a: Bisharp|Sucker Punch|p1a: Manaphy
|-fail|p1a: Manaphy
|move|p1a: Manaphy|Calm Mind|p1a: Manaphy
|-boost|p1a: Manaphy|spa|1
|-boost|p1a: Manaphy|spd|1
|
|-weather|RainDance|[upkeep]
|-heal|p2a: Bisharp|236\/271|[from] item: Leftovers
|turn|20
|
|move|p1a: Manaphy|Scald|p2a: Bisharp
|-end|p2a: Bisharp|Substitute
|move|p2a: Bisharp|Iron Head|p1a: Manaphy
|-resisted|p1a: Manaphy
|-damage|p1a: Manaphy|338\/404
|
|-weather|RainDance|[upkeep]
|-heal|p1a: Manaphy|363\/404|[from] item: Leftovers
|-heal|p2a: Bisharp|252\/271|[from] item: Leftovers
|turn|21
|
|move|p2a: Bisharp|Sucker Punch|p1a: Manaphy
|-crit|p1a: Manaphy
|-damage|p1a: Manaphy|0 fnt
|faint|p1a: Manaphy
|
|-weather|RainDance|[upkeep]
|-heal|p2a: Bisharp|268\/271|[from] item: Leftovers
|c|â4x100 relay|ok
|c|âRustyEspur|nb
|c|â4x100 relay|what
|c|âRustyEspur|nice one bisharp!!
|c|âRustyEspur|!
|-message|4x100 relay forfeited.
|
|win|RustyEspur
|raw|Ladder updating...
|leave|4x100 relay
|player|p1
|raw|4x100 relay's rating: 1578 &rarr; <strong>1561<\/strong><br \/>(-17 for losing)
|raw|RustyEspur's rating: 1628 &rarr; <strong>1646<\/strong><br \/>(+18 for winning)