|join|RustyEspur
|join|PaedosInSpeedos1
|player|p1|RustyEspur|172
|player|p2|PaedosInSpeedos1|282
|gametype|singles
|gen|6
|tier|OU
|rated
|clearpoke
|poke|p1|Lopunny, F
|poke|p1|Rotom-Wash
|poke|p1|Heatran, F
|poke|p1|Gengar, M
|poke|p1|Clefable, M
|poke|p1|Scizor, M
|poke|p2|Lopunny, M
|poke|p2|Ferrothorn, F
|poke|p2|Landorus-Therian, M
|poke|p2|Slowbro, M
|poke|p2|Heatran, M
|poke|p2|Latias, F
|rule|Swagger Clause: Swagger is banned
|rule|Baton Pass Clause: Limit one PokÃ©mon knowing Baton Pass
|rule|Sleep Clause Mod: Limit one foe put to sleep
|rule|Species Clause: Limit one of each PokÃ©mon
|rule|OHKO Clause: OHKO moves are banned
|rule|Moody Clause: Moody is banned
|rule|Evasion Moves Clause: Evasion moves are banned
|rule|Endless Battle Clause: Forcing endless battles is banned
|rule|HP Percentage Mod: HP is shown in percentages
|teampreview
|
|start
|switch|p1a: Rotom-Wash|Rotom-Wash|304\/304
|switch|p2a: Ferrothorn|Ferrothorn, F|352\/352
|turn|1
|
|move|p1a: Rotom-Wash|Will-O-Wisp|p2a: Ferrothorn
|-status|p2a: Ferrothorn|brn
|move|p2a: Ferrothorn|Power Whip|p1a: Rotom-Wash
|-supereffective|p1a: Rotom-Wash
|-damage|p1a: Rotom-Wash|208\/304
|
|-heal|p1a: Rotom-Wash|227\/304|[from] item: Leftovers
|-damage|p2a: Ferrothorn|308\/352 brn|[from] brn
|turn|2
|
|move|p1a: Rotom-Wash|Volt Switch|p2a: Ferrothorn
|-resisted|p2a: Ferrothorn
|-damage|p2a: Ferrothorn|275\/352 brn
|
|switch|p1a: Heatran|Heatran, F|386\/386
|move|p2a: Ferrothorn|Spikes|p1a: Heatran
|-sidestart|p1: RustyEspur|Spikes
|
|-heal|p2a: Ferrothorn|297\/352 brn|[from] item: Leftovers
|-damage|p2a: Ferrothorn|253\/352 brn|[from] brn
|turn|3
|
|switch|p2a: Landorus-Therian|Landorus-Therian, M|381\/381
|-ability|p2a: Landorus-Therian|Intimidate|[of] p1a: Heatran
|-unboost|p1a: Heatran|atk|1
|move|p1a: Heatran|Stealth Rock|p2a: Landorus-Therian
|-sidestart|p2: PaedosInSpeedos1|move: Stealth Rock
|
|turn|4
|
|move|p1a: Heatran|Protect|p1a: Heatran
|-singleturn|p1a: Heatran|Protect
|move|p2a: Landorus-Therian|Stealth Rock|p1a: Heatran
|-sidestart|p1: RustyEspur|move: Stealth Rock
|
|turn|5
|
|switch|p1a: Rotom-Wash|Rotom-Wash|227\/304
|-damage|p1a: Rotom-Wash|189\/304|[from] Stealth Rock
|move|p2a: Landorus-Therian|U-turn|p1a: Rotom-Wash
|-damage|p1a: Rotom-Wash|134\/304
|
|switch|p2a: Lopunny|Lopunny, M|271\/271
|-damage|p2a: Lopunny|238\/271|[from] Stealth Rock
|
|-heal|p1a: Rotom-Wash|153\/304|[from] item: Leftovers
|turn|6
|join|KiwiiKaki
|
|switch|p1a: Clefable|Clefable, M|394\/394
|detailschange|p2a: Lopunny|Lopunny-Mega, M
|-mega|p2a: Lopunny|Lopunny|Lopunnite
|move|p2a: Lopunny|High Jump Kick|p1a: Clefable
|-crit|p1a: Clefable
|-resisted|p1a: Clefable
|-damage|p1a: Clefable|196\/394
|
|-heal|p1a: Clefable|220\/394|[from] item: Leftovers
|turn|7
|
|switch|p2a: Heatran|Heatran, M|324\/324
|-damage|p2a: Heatran|284\/324|[from] Stealth Rock
|move|p1a: Clefable|Soft-Boiled|p1a: Clefable
|-heal|p1a: Clefable|394\/394
|
|turn|8
|
|switch|p1a: Heatran|Heatran, F|386\/386
|-damage|p1a: Heatran|338\/386|[from] Stealth Rock
|-damage|p1a: Heatran|290\/386|[from] Spikes
|move|p2a: Heatran|Flash Cannon|p1a: Heatran
|-resisted|p1a: Heatran
|-damage|p1a: Heatran|266\/386
|
|-heal|p1a: Heatran|290\/386|[from] item: Leftovers
|turn|9
|
|switch|p2a: Landorus-Therian|Landorus-Therian, M|381\/381
|-damage|p2a: Landorus-Therian|334\/381|[from] Stealth Rock
|-ability|p2a: Landorus-Therian|Intimidate|[of] p1a: Heatran
|-unboost|p1a: Heatran|atk|1
|move|p1a: Heatran|Toxic|p2a: Landorus-Therian
|-status|p2a: Landorus-Therian|tox
|
|-heal|p2a: Landorus-Therian|357\/381 tox|[from] item: Leftovers
|-heal|p1a: Heatran|314\/386|[from] item: Leftovers
|-damage|p2a: Landorus-Therian|334\/381 tox|[from] psn
|turn|10
|
|move|p1a: Heatran|Protect|p1a: Heatran
|-singleturn|p1a: Heatran|Protect
|move|p2a: Landorus-Therian|Earthquake|p1a: Heatran
|-activate|p1a: Heatran|Protect
|
|-heal|p2a: Landorus-Therian|357\/381 tox|[from] item: Leftovers
|-heal|p1a: Heatran|338\/386|[from] item: Leftovers
|-damage|p2a: Landorus-Therian|311\/381 tox|[from] psn
|turn|11
|
|move|p2a: Landorus-Therian|U-turn|p1a: Heatran
|-resisted|p1a: Heatran
|-damage|p1a: Heatran|319\/386
|
|switch|p2a: Heatran|Heatran, M|284\/324
|-damage|p2a: Heatran|244\/324|[from] Stealth Rock
|move|p1a: Heatran|Toxic|p2a: Heatran
|-fail|p2a: Heatran
|
|-heal|p1a: Heatran|343\/386|[from] item: Leftovers
|turn|12
|
|move|p1a: Heatran|Protect|p1a: Heatran
|-singleturn|p1a: Heatran|Protect
|move|p2a: Heatran|Earth Power|p1a: Heatran
|-activate|p1a: Heatran|Protect
|
|-heal|p1a: Heatran|367\/386|[from] item: Leftovers
|turn|13
|
|switch|p2a: Lopunny|Lopunny-Mega, M|238\/271
|-damage|p2a: Lopunny|222\/271|[from] Stealth Rock
|switch|p1a: Gengar|Gengar, M|261\/261
|-damage|p1a: Gengar|229\/261|[from] Stealth Rock
|
|turn|14
|
|switch|p1a: Clefable|Clefable, M|394\/394
|move|p2a: Lopunny|Frustration|p1a: Clefable
|-damage|p1a: Clefable|193\/394
|
|-heal|p1a: Clefable|217\/394|[from] item: Leftovers
|turn|15
|
|move|p2a: Lopunny|Power-Up Punch|p1a: Clefable
|-resisted|p1a: Clefable
|-damage|p1a: Clefable|176\/394
|-boost|p2a: Lopunny|atk|1
|move|p1a: Clefable|Soft-Boiled|p1a: Clefable
|-heal|p1a: Clefable|373\/394
|
|-heal|p1a: Clefable|394\/394|[from] item: Leftovers
|turn|16
|
|switch|p1a: Scizor|Scizor, M|343\/343
|-damage|p1a: Scizor|301\/343|[from] Spikes
|-damage|p1a: Scizor|259\/343|[from] Stealth Rock
|move|p2a: Lopunny|Encore|p1a: Scizor
|-fail|p1a: Scizor
|
|-heal|p1a: Scizor|280\/343|[from] item: Leftovers
|turn|17
|
|move|p1a: Scizor|Bullet Punch|p2a: Lopunny
|-damage|p2a: Lopunny|120\/271
|move|p2a: Lopunny|High Jump Kick|p1a: Scizor
|-damage|p1a: Scizor|0 fnt
|faint|p1a: Scizor
|
|
|switch|p1a: Clefable|Clefable, M|394\/394
|turn|18
|
|switch|p2a: Heatran|Heatran, M|244\/324
|-damage|p2a: Heatran|204\/324|[from] Stealth Rock
|move|p1a: Clefable|Moonblast|p2a: Heatran
|-resisted|p2a: Heatran
|-damage|p2a: Heatran|177\/324
|
|turn|19
|
|move|p2a: Heatran|Earth Power|p1a: Clefable
|-damage|p1a: Clefable|306\/394
|move|p1a: Clefable|Calm Mind|p1a: Clefable
|-boost|p1a: Clefable|spa|1
|-boost|p1a: Clefable|spd|1
|
|-heal|p1a: Clefable|330\/394|[from] item: Leftovers
|turn|20
|
|switch|p2a: Lopunny|Lopunny-Mega, M|120\/271
|-damage|p2a: Lopunny|104\/271|[from] Stealth Rock
|move|p1a: Clefable|Moonblast|p2a: Lopunny
|-supereffective|p2a: Lopunny
|-damage|p2a: Lopunny|0 fnt
|faint|p2a: Lopunny
|
|-heal|p1a: Clefable|354\/394|[from] item: Leftovers
|
|switch|p2a: Ferrothorn|Ferrothorn, F|253\/352 brn
|-damage|p2a: Ferrothorn|231\/352 brn|[from] Stealth Rock
|turn|21
|
|move|p1a: Clefable|Flamethrower|p2a: Ferrothorn
|-supereffective|p2a: Ferrothorn
|-damage|p2a: Ferrothorn|0 fnt
|faint|p2a: Ferrothorn
|
|-heal|p1a: Clefable|378\/394|[from] item: Leftovers
|-message|PaedosInSpeedos1 forfeited.
|
|win|RustyEspur
|raw|Ladder updating...
|leave|PaedosInSpeedos1
|player|p2
|raw|RustyEspur's rating: 1508 &rarr; <strong>1524<\/strong><br \/>(+16 for winning)
|raw|PaedosInSpeedos1's rating: 1445 &rarr; <strong>1428<\/strong><br \/>(-17 for losing)
|leave|KiwiiKaki