|join|RustyEspur
|join|squibblenut
|player|p1|RustyEspur|172
|player|p2|squibblenut|170
|gametype|singles
|gen|6
|tier|OU (suspect test)
|rated
|clearpoke
|poke|p1|Garchomp, F
|poke|p1|Keldeo-Resolute
|poke|p1|Bisharp, F
|poke|p1|Latios, M
|poke|p1|Scizor, F
|poke|p1|Landorus-Therian, M
|poke|p2|Slowbro, M
|poke|p2|Talonflame, M
|poke|p2|Garchomp, F
|poke|p2|Scizor, M
|poke|p2|Clefable, M
|poke|p2|Heatran, M, shiny
|rule|Swagger Clause: Swagger is banned
|rule|Baton Pass Clause: Limit one PokÃ©mon knowing Baton Pass
|rule|Sleep Clause Mod: Limit one foe put to sleep
|rule|Species Clause: Limit one of each PokÃ©mon
|rule|OHKO Clause: OHKO moves are banned
|rule|Moody Clause: Moody is banned
|rule|Evasion Moves Clause: Evasion moves are banned
|rule|Endless Battle Clause: Forcing endless battles is banned
|rule|HP Percentage Mod: HP is shown in percentages
|teampreview
|
|start
|switch|p1a: Keldeo-Resolute|Keldeo-Resolute|323\/323
|switch|p2a: spam|Talonflame, M|297\/297
|turn|1
|
|switch|p2a: MoonMan|Clefable, M|394\/394
|switch|p1a: Landorus-Therian|Landorus-Therian, M|319\/319
|-ability|p1a: Landorus-Therian|Intimidate|[of] p2a: MoonMan
|-unboost|p2a: MoonMan|atk|1
|
|turn|2
|join|napty
|
|switch|p2a: EatenAlive|Slowbro, M|393\/393
|move|p1a: Landorus-Therian|U-turn|p2a: EatenAlive
|-supereffective|p2a: EatenAlive
|-damage|p2a: EatenAlive|273\/393
|
|switch|p1a: Bisharp|Bisharp, F|271\/271
|
|turn|3
|
|switch|p2a: ember|Scizor, M|344\/344
|move|p1a: Bisharp|Knock Off|p2a: ember
|-damage|p2a: ember|156\/344
|-enditem|p2a: ember|Leftovers|[from] move: Knock Off|[of] p1a: Bisharp
|-damage|p1a: Bisharp|244\/271|[from] item: Life Orb
|
|turn|4
|c|âRustyEspur|megabro is a mega fatty
|c| napty|regular one isn't
|c|âsquibblenut|yeah, but ceryone runs toxic now so its not as threatening
|c|âsquibblenut|and i wanted regenrator lol
|c|âRustyEspur|rest talk
|c|âRustyEspur|tho
|
|switch|p1a: Landorus-Therian|Landorus-Therian, M|319\/319
|-ability|p1a: Landorus-Therian|Intimidate|[of] p2a: ember
|-unboost|p2a: ember|atk|1
|move|p2a: ember|Roost|p2a: ember
|-heal|p2a: ember|328\/344
|
|turn|5
|c|âsquibblenut|too luck based for me
|
|switch|p2a: EatenAlive|Slowbro, M|393\/393
|move|p1a: Landorus-Therian|U-turn|p2a: EatenAlive
|-supereffective|p2a: EatenAlive
|-damage|p2a: EatenAlive|281\/393
|
|switch|p1a: Bisharp|Bisharp, F|244\/271
|
|turn|6
|
|move|p1a: Bisharp|Swords Dance|p1a: Bisharp
|-boost|p1a: Bisharp|atk|2
|move|p2a: EatenAlive|Scald|p1a: Bisharp
|-damage|p1a: Bisharp|112\/271
|
|turn|7
|
|switch|p2a: ember|Scizor, M|328\/344
|move|p1a: Bisharp|Knock Off|p2a: ember
|-damage|p2a: ember|75\/344
|-damage|p1a: Bisharp|85\/271|[from] item: Life Orb
|
|turn|8
|
|move|p2a: ember|Bullet Punch|p1a: Bisharp
|-resisted|p1a: Bisharp
|-damage|p1a: Bisharp|34\/271
|move|p1a: Bisharp|Knock Off|p2a: ember
|-crit|p2a: ember
|-damage|p2a: ember|0 fnt
|-damage|p1a: Bisharp|7\/271|[from] item: Life Orb
|faint|p2a: ember
|
|
|switch|p2a: spam|Talonflame, M|297\/297
|turn|9
|
|switch|p1a: Landorus-Therian|Landorus-Therian, M|319\/319
|-ability|p1a: Landorus-Therian|Intimidate|[of] p2a: spam
|-unboost|p2a: spam|atk|1
|move|p2a: spam|U-turn|p1a: Landorus-Therian
|-resisted|p1a: Landorus-Therian
|-damage|p1a: Landorus-Therian|284\/319
|c| napty|lol
|
|switch|p2a: EatenAlive|Slowbro, M|393\/393
|
|turn|10
|c| napty|you could have sucker punch
|c| napty|get up rocks imo
|c|âRustyEspur|kay
|c|âRustyEspur|does +2 chomp
|c|âRustyEspur|kill with outrage
|c| napty|ye
|
|detailschange|p2a: EatenAlive|Slowbro-Mega, M
|-mega|p2a: EatenAlive|Slowbro|Slowbronite
|move|p1a: Landorus-Therian|U-turn|p2a: EatenAlive
|-supereffective|p2a: EatenAlive
|-damage|p2a: EatenAlive|307\/393
|c|âRustyEspur|but this is so fat
|
|switch|p1a: Latios|Latios, M|301\/301
|move|p2a: EatenAlive|Calm Mind|p2a: EatenAlive
|-boost|p2a: EatenAlive|spa|1
|-boost|p2a: EatenAlive|spd|1
|
|turn|11
|
|switch|p2a: MoonMan|Clefable, M|394\/394
|move|p1a: Latios|Draco Meteor|p2a: MoonMan
|-immune|p2a: MoonMan|[msg]
|
|turn|12
|
|move|p1a: Latios|Psyshock|p2a: MoonMan
|-damage|p2a: MoonMan|163\/394
|-damage|p1a: Latios|271\/301|[from] item: Life Orb
|move|p2a: MoonMan|Cosmic Power|p2a: MoonMan
|-boost|p2a: MoonMan|def|1
|-boost|p2a: MoonMan|spd|1
|
|-heal|p2a: MoonMan|187\/394|[from] item: Leftovers
|turn|13
|
|move|p1a: Latios|Psyshock|p2a: MoonMan
|-damage|p2a: MoonMan|30\/394
|-damage|p1a: Latios|241\/301|[from] item: Life Orb
|move|p2a: MoonMan|Moonblast|p1a: Latios
|-supereffective|p1a: Latios
|-damage|p1a: Latios|0 fnt
|faint|p1a: Latios
|
|-heal|p2a: MoonMan|54\/394|[from] item: Leftovers
|
|switch|p1a: Keldeo-Resolute|Keldeo-Resolute|323\/323
|turn|14
|c| napty|i cry everytile
|
|move|p1a: Keldeo-Resolute|Scald|p2a: MoonMan
|-damage|p2a: MoonMan|0 fnt
|faint|p2a: MoonMan
|
|c|âRustyEspur|me too
|c|âRustyEspur|clefable the fatty
|
|switch|p2a: spam|Talonflame, M|297\/297
|turn|15
|c| napty|i liek fat mons
|
|switch|p1a: Landorus-Therian|Landorus-Therian, M|284\/319
|-ability|p1a: Landorus-Therian|Intimidate|[of] p2a: spam
|-unboost|p2a: spam|atk|1
|move|p2a: spam|Brave Bird|p1a: Landorus-Therian
|-damage|p1a: Landorus-Therian|97\/319
|-damage|p2a: spam|235\/297|[from] recoil|[of] p1a: Landorus-Therian
|
|turn|16
|
|move|p2a: spam|Brave Bird|p1a: Landorus-Therian
|-damage|p1a: Landorus-Therian|0 fnt
|-damage|p2a: spam|203\/297|[from] recoil|[of] p1a: Landorus-Therian
|faint|p1a: Landorus-Therian
|
|
|switch|p1a: Scizor|Scizor, F|343\/343
|turn|17
|
|switch|p2a: Beef Stew|Heatran, M, shiny|337\/337
|-item|p2a: Beef Stew|Air Balloon
|detailschange|p1a: Scizor|Scizor-Mega, F
|-mega|p1a: Scizor|Scizor|Scizorite
|move|p1a: Scizor|Knock Off|p2a: Beef Stew
|-damage|p2a: Beef Stew|238\/337
|-enditem|p2a: Beef Stew|Air Balloon
|
|turn|18
|
|switch|p1a: Garchomp|Garchomp, F|357\/357
|move|p2a: Beef Stew|Stealth Rock|p1a: Garchomp
|-sidestart|p1: RustyEspur|move: Stealth Rock
|
|turn|19
|
|move|p1a: Garchomp|Stealth Rock|p2a: Beef Stew
|-sidestart|p2: squibblenut|move: Stealth Rock
|move|p2a: Beef Stew|Lava Plume|p1a: Garchomp
|-resisted|p1a: Garchomp
|-damage|p1a: Garchomp|266\/357
|
|turn|20
|
|move|p1a: Garchomp|Earthquake|p2a: Beef Stew
|-supereffective|p2a: Beef Stew
|-damage|p2a: Beef Stew|0 fnt
|-damage|p1a: Garchomp|231\/357|[from] item: Life Orb
|faint|p2a: Beef Stew
|
|
|switch|p2a: EatenAlive|Slowbro-Mega, M|307\/393
|-damage|p2a: EatenAlive|258\/393|[from] Stealth Rock
|turn|21
|
|move|p1a: Garchomp|Earthquake|p2a: EatenAlive
|-damage|p2a: EatenAlive|159\/393
|-damage|p1a: Garchomp|196\/357|[from] item: Life Orb
|move|p2a: EatenAlive|Calm Mind|p2a: EatenAlive
|-boost|p2a: EatenAlive|spa|1
|-boost|p2a: EatenAlive|spd|1
|
|turn|22
|c| napty|damn
|c|âRustyEspur|serious obese problems
|
|move|p1a: Garchomp|Earthquake|p2a: EatenAlive
|-damage|p2a: EatenAlive|49\/393
|-damage|p1a: Garchomp|161\/357|[from] item: Life Orb
|move|p2a: EatenAlive|Psyshock|p1a: Garchomp
|-damage|p1a: Garchomp|0 fnt
|faint|p1a: Garchomp
|
|
|switch|p1a: Scizor|Scizor-Mega, F|343\/343
|-damage|p1a: Scizor|301\/343|[from] Stealth Rock
|turn|23
|
|move|p1a: Scizor|Knock Off|p2a: EatenAlive
|-supereffective|p2a: EatenAlive
|-damage|p2a: EatenAlive|0 fnt
|faint|p2a: EatenAlive
|
|
|switch|p2a: spam|Talonflame, M|203\/297
|-damage|p2a: spam|55\/297|[from] Stealth Rock
|turn|24
|
|switch|p1a: Bisharp|Bisharp, F|7\/271
|-damage|p1a: Bisharp|0 fnt|[from] Stealth Rock
|faint|p1a: Bisharp
|move|p2a: spam|Brave Bird|p1: Bisharp|[notarget]
|-notarget
|
|
|switch|p1a: Scizor|Scizor-Mega, F|301\/343
|-damage|p1a: Scizor|259\/343|[from] Stealth Rock
|turn|25
|
|move|p2a: spam|Brave Bird|p1a: Scizor
|-damage|p1a: Scizor|82\/343
|-damage|p2a: spam|0 fnt|[from] recoil|[of] p1a: Scizor
|faint|p2a: spam
|move|p1a: Scizor|Roost|p1a: Scizor
|-heal|p1a: Scizor|254\/343
|
|
|switch|p2a: IceCold|Garchomp, F|359\/359
|-damage|p2a: IceCold|337\/359|[from] Stealth Rock
|turn|26
|c|âRustyEspur|bullet punch?
|c| napty|SD
|c| napty|imo
|
|move|p2a: IceCold|Substitute|p2a: IceCold
|-start|p2a: IceCold|Substitute
|-damage|p2a: IceCold|248\/359
|move|p1a: Scizor|Swords Dance|p1a: Scizor
|-boost|p1a: Scizor|atk|2
|
|turn|27
|c| napty|it's not scarf, good.
|c| napty|you win with keldeo then
|c| napty|assuming you run icy wind
|
|move|p1a: Scizor|Bullet Punch|p2a: IceCold
|-end|p2a: IceCold|Substitute
|move|p2a: IceCold|Earthquake|p1a: Scizor
|-damage|p1a: Scizor|131\/343
|
|turn|28
|c|âRustyEspur|weak lol
|
|move|p1a: Scizor|Bullet Punch|p2a: IceCold
|-damage|p2a: IceCold|26\/359
|-damage|p1a: Scizor|89\/343|[from] ability: Rough Skin|[of] p2a: IceCold
|-enditem|p2a: IceCold|Salac Berry|[eat]
|-boost|p2a: IceCold|spe|1|[from] item: Salac Berry
|move|p2a: IceCold|Earthquake|p1a: Scizor
|-damage|p1a: Scizor|0 fnt
|faint|p1a: Scizor
|
|c|âRustyEspur|scizor is fat
|c| napty|damn
|
|switch|p1a: Keldeo-Resolute|Keldeo-Resolute|323\/323
|-damage|p1a: Keldeo-Resolute|303\/323|[from] Stealth Rock
|turn|29
|c|âRustyEspur|keldeo is a little fat too
|c|âRustyEspur|pls live
|c| napty|outrage kills
|c|âRustyEspur|serious
|c|âRustyEspur|i choked?
|c|âsquibblenut|i have dclaw
|
|move|p2a: IceCold|Earthquake|p1a: Keldeo-Resolute
|-crit|p1a: Keldeo-Resolute
|-damage|p1a: Keldeo-Resolute|32\/323
|move|p1a: Keldeo-Resolute|Scald|p2a: IceCold
|-damage|p2a: IceCold|0 fnt
|faint|p2a: IceCold
|
|win|RustyEspur
|raw|Ladder updating...
|c|âRustyEspur|by not roosting
|raw|RustyEspur's rating: 1320 &rarr; <strong>1334<\/strong><br \/>(+14 for winning)
|raw|squibblenut's rating: 1220 &rarr; <strong>1202<\/strong><br \/>(-18 for losing)
|c|âsquibblenut|so no
|c|âRustyEspur|omg
|c|âRustyEspur|my heart
|c|âRustyEspur|the crit
|c|âsquibblenut|gg
|c| napty|lol
|c|âRustyEspur|gg
|leave|squibblenut