|join|Yuttt.ninja
|join|RustyEspur
|player|p1|Yuttt.ninja|113
|player|p2|RustyEspur|172
|gametype|singles
|gen|6
|tier|OU (suspect test)
|rated
|clearpoke
|poke|p1|Galvantula, M
|poke|p1|Landorus, M
|poke|p1|Tyranitar, F
|poke|p1|Excadrill, M
|poke|p1|Alakazam, F
|poke|p1|Metagross
|poke|p2|Garchomp, F
|poke|p2|Keldeo-Resolute
|poke|p2|Bisharp, M
|poke|p2|Latios, M
|poke|p2|Scizor, F
|poke|p2|Landorus-Therian, M
|rule|Swagger Clause: Swagger is banned
|rule|Baton Pass Clause: Limit one PokÃ©mon knowing Baton Pass
|rule|Sleep Clause Mod: Limit one foe put to sleep
|rule|Species Clause: Limit one of each PokÃ©mon
|rule|OHKO Clause: OHKO moves are banned
|rule|Moody Clause: Moody is banned
|rule|Evasion Moves Clause: Evasion moves are banned
|rule|Endless Battle Clause: Forcing endless battles is banned
|rule|HP Percentage Mod: HP is shown in percentages
|teampreview
|
|start
|switch|p1a: Galvantula|Galvantula, M|281\/281
|switch|p2a: Garchomp|Garchomp, F|357\/357
|turn|1
|
|move|p1a: Galvantula|Hidden Power|p2a: Garchomp
|-supereffective|p2a: Garchomp
|-damage|p2a: Garchomp|81\/357
|move|p2a: Garchomp|Earthquake|p1a: Galvantula
|-enditem|p1a: Galvantula|Focus Sash
|-damage|p1a: Galvantula|1\/281
|-damage|p2a: Garchomp|46\/357|[from] item: Life Orb
|
|turn|2
|
|move|p1a: Galvantula|Sticky Web|p2a: Garchomp
|-sidestart|p2: RustyEspur|move: Sticky Web
|move|p2a: Garchomp|Dragon Claw|p1a: Galvantula
|-crit|p1a: Galvantula
|-damage|p1a: Galvantula|0 fnt
|-damage|p2a: Garchomp|11\/357|[from] item: Life Orb
|faint|p1a: Galvantula
|
|
|switch|p1a: Alakazam|Alakazam, F|252\/252
|turn|3
|
|move|p1a: Alakazam|Psychic|p2a: Garchomp
|-damage|p2a: Garchomp|0 fnt
|faint|p2a: Garchomp
|
|
|switch|p2a: Landorus-Therian|Landorus-Therian, M|319\/319
|-ability|p2a: Landorus-Therian|Intimidate|[of] p1a: Alakazam
|-unboost|p1a: Alakazam|atk|1
|turn|4
|
|move|p2a: Landorus-Therian|U-turn|p1a: Alakazam
|-crit|p1a: Alakazam
|-supereffective|p1a: Alakazam
|-enditem|p1a: Alakazam|Focus Sash
|-damage|p1a: Alakazam|1\/252
|
|switch|p2a: Scizor|Scizor, F|343\/343
|-activate|p2a: Scizor|move: Sticky Web
|-unboost|p2a: Scizor|spe|1
|move|p1a: Alakazam|Taunt|p2a: Scizor
|-start|p2a: Scizor|move: Taunt
|
|turn|5
|
|switch|p1a: Metagross|Metagross|301\/301
|detailschange|p2a: Scizor|Scizor-Mega, F
|-mega|p2a: Scizor|Scizor|Scizorite
|move|p2a: Scizor|Bullet Punch|p1a: Metagross
|-resisted|p1a: Metagross
|-damage|p1a: Metagross|257\/301
|
|turn|6
|
|switch|p2a: Landorus-Therian|Landorus-Therian, M|319\/319
|-ability|p2a: Landorus-Therian|Intimidate|[of] p1a: Metagross
|-fail|p1a: Metagross|unboost|[from] ability: Clear Body|[of] p1a: Metagross
|detailschange|p1a: Metagross|Metagross-Mega
|-mega|p1a: Metagross|Metagross|Metagrossite
|move|p1a: Metagross|Gravity|p1a: Metagross
|-fieldstart|move: Gravity
|
|turn|7
|join|napty
|c| napty|lol gravity
|c|âRustyEspur|gravity....?
|c|âRustyEspur|wut
|c|âYuttt.ninja|mnag
|c|âYuttt.ninja|im da bes!
|c|âRustyEspur|:D
|c| napty|nicky minaj?
|c|âRustyEspur|:]]
|c|âRustyEspur|metagross is a fatty
|
|move|p2a: Landorus-Therian|U-turn|p1a: Metagross
|-damage|p1a: Metagross|195\/301
|c|âYuttt.ninja|get
|
|switch|p2a: Scizor|Scizor-Mega, F|343\/343
|-activate|p2a: Scizor|move: Sticky Web
|-unboost|p2a: Scizor|spe|1
|move|p1a: Metagross|Explosion|p2a: Scizor
|-resisted|p2a: Scizor
|-damage|p2a: Scizor|233\/343
|faint|p1a: Metagross
|
|c|âYuttt.ninja|KOd
|c|âRustyEspur|right
|c|âRustyEspur|delicious nutritious yummy damage
|c|âRustyEspur|mhmmm
|
|switch|p1a: Landorus|Landorus, M|335\/335
|turn|8
|c|âRustyEspur|is this
|c|âRustyEspur|what you call
|c|âRustyEspur|a problem?
|c|âYuttt.ninja|yes
|c|âYuttt.ninja|for you
|
|switch|p2a: Latios|Latios, M|301\/301
|-activate|p2a: Latios|move: Sticky Web
|-unboost|p2a: Latios|spe|1
|move|p1a: Landorus|Earth Power|p2a: Latios
|-damage|p2a: Latios|59\/301
|
|turn|9
|c|âRustyEspur|jsnkdfnsdnfkjdns
|c|âYuttt.ninja|nice
|c|âYuttt.ninja|one
|c|âYuttt.ninja|baby
|c|âRustyEspur|ahhh
|c|âRustyEspur|yummy
|c|âRustyEspur|eating that up
|c|âYuttt.ninja|show me
|c|âYuttt.ninja|the scar
|c|âYuttt.ninja|f
|c|âRustyEspur|napt does this draco kill
|c|âYuttt.ninja|no
|
|move|p1a: Landorus|Earth Power|p2a: Latios
|-crit|p2a: Latios
|-damage|p2a: Latios|0 fnt
|faint|p2a: Latios
|
|c|âYuttt.ninja|wow
|c|âYuttt.ninja|crit
|c|âYuttt.ninja|!
|
|switch|p2a: Keldeo-Resolute|Keldeo-Resolute|323\/323
|-activate|p2a: Keldeo-Resolute|move: Sticky Web
|-unboost|p2a: Keldeo-Resolute|spe|1
|turn|10
|c|âRustyEspur|becos lando is fat?
|c|âYuttt.ninja|is this
|c|âYuttt.ninja|the scraf?!
|c|âYuttt.ninja|double scarfers
|c|âYuttt.ninja|are here
|c|âRustyEspur|av
|c|âRustyEspur|burh
|c|âRustyEspur|bruh
|c|âYuttt.ninja|ill just
|c|âYuttt.ninja|psychic
|c| napty|this keldeo is scarfed
|
|switch|p2a: Bisharp|Bisharp, M|271\/271
|-activate|p2a: Bisharp|move: Sticky Web
|-unboost|p2a: Bisharp|spe|1
|-boost|p2a: Bisharp|atk|2|[from] ability: Defiant
|move|p1a: Landorus|Earth Power|p2a: Bisharp
|-supereffective|p2a: Bisharp
|-damage|p2a: Bisharp|0 fnt
|faint|p2a: Bisharp
|
|-fieldend|move: Gravity
|c|âYuttt.ninja|stop
|c|âYuttt.ninja|switching
|
|switch|p2a: Landorus-Therian|Landorus-Therian, M|319\/319
|-ability|p2a: Landorus-Therian|Intimidate|[of] p1a: Landorus
|-unboost|p1a: Landorus|atk|1
|turn|11
|c|âRustyEspur|lol
|
|switch|p1a: Tyranitar|Tyranitar, F|341\/341
|-weather|Sandstorm
|move|p2a: Landorus-Therian|Knock Off|p1a: Tyranitar
|-resisted|p1a: Tyranitar
|-damage|p1a: Tyranitar|285\/341
|-enditem|p1a: Tyranitar|Smooth Rock|[from] move: Knock Off|[of] p2a: Landorus-Therian
|
|-weather|Sandstorm|[upkeep]
|turn|12
|c|âYuttt.ninja|muh rock
|
|switch|p2a: Keldeo-Resolute|Keldeo-Resolute|323\/323
|-activate|p2a: Keldeo-Resolute|move: Sticky Web
|-unboost|p2a: Keldeo-Resolute|spe|1
|move|p1a: Tyranitar|Stealth Rock|p2a: Keldeo-Resolute
|-sidestart|p2: RustyEspur|move: Stealth Rock
|
|-weather|Sandstorm|[upkeep]
|-damage|p2a: Keldeo-Resolute|303\/323|[from] sandstorm
|turn|13
|
|move|p1a: Tyranitar|Superpower|p2a: Keldeo-Resolute
|-damage|p2a: Keldeo-Resolute|150\/323
|-unboost|p1a: Tyranitar|atk|1
|-unboost|p1a: Tyranitar|def|1
|move|p2a: Keldeo-Resolute|Secret Sword|p1a: Tyranitar
|-supereffective|p1a: Tyranitar
|-damage|p1a: Tyranitar|0 fnt
|faint|p1a: Tyranitar
|
|-weather|Sandstorm|[upkeep]
|-damage|p2a: Keldeo-Resolute|130\/323|[from] sandstorm
|
|switch|p1a: Alakazam|Alakazam, F|1\/252
|turn|14
|
|move|p1a: Alakazam|Gravity|p1a: Alakazam
|-fieldstart|move: Gravity
|move|p2a: Keldeo-Resolute|Secret Sword|p1a: Alakazam
|-crit|p1a: Alakazam
|-resisted|p1a: Alakazam
|-damage|p1a: Alakazam|0 fnt
|faint|p1a: Alakazam
|
|-weather|Sandstorm|[upkeep]
|-damage|p2a: Keldeo-Resolute|110\/323|[from] sandstorm
|c|âYuttt.ninja|nuuu
|c|âYuttt.ninja|if thats scraf
|c|âYuttt.ninja|;-;
|
|switch|p1a: Landorus|Landorus, M|335\/335
|turn|15
|c| napty|it is scarfed
|
|move|p1a: Landorus|Earth Power|p2a: Keldeo-Resolute
|-damage|p2a: Keldeo-Resolute|0 fnt
|faint|p2a: Keldeo-Resolute
|
|-weather|Sandstorm|[upkeep]
|c|âYuttt.ninja|it
|c|âYuttt.ninja|wasn't
|c|âRustyEspur|lol
|c| napty|ikr
|c| napty|lol i just caught a pidgey
|c|âYuttt.ninja|nice
|
|switch|p2a: Landorus-Therian|Landorus-Therian, M|319\/319
|-damage|p2a: Landorus-Therian|280\/319|[from] Stealth Rock
|-activate|p2a: Landorus-Therian|move: Sticky Web
|-unboost|p2a: Landorus-Therian|spe|1
|-ability|p2a: Landorus-Therian|Intimidate|[of] p1a: Landorus
|-unboost|p1a: Landorus|atk|1
|turn|16
|c| napty|thanks
|
|move|p2a: Landorus-Therian|Knock Off|p1a: Landorus
|-damage|p1a: Landorus|193\/335
|-enditem|p1a: Landorus|Life Orb|[from] move: Knock Off|[of] p2a: Landorus-Therian
|move|p1a: Landorus|Earth Power|p2a: Landorus-Therian
|-damage|p2a: Landorus-Therian|13\/319
|
|-weather|Sandstorm|[upkeep]
|turn|17
|c|âRustyEspur|pidgey...?
|c|âYuttt.ninja|worth it
|c|âRustyEspur|pls scizor
|c| napty|it's a pokemon
|
|move|p2a: Landorus-Therian|Knock Off|p1a: Landorus
|-damage|p1a: Landorus|106\/335
|move|p1a: Landorus|Earth Power|p2a: Landorus-Therian
|-damage|p2a: Landorus-Therian|0 fnt
|faint|p2a: Landorus-Therian
|
|-weather|Sandstorm|[upkeep]
|c|âRustyEspur|be fat
|c|âYuttt.ninja|the excadrill
|c|âYuttt.ninja|is powerful
|c|âYuttt.ninja|!
|c|âRustyEspur|scizor i know
|
|switch|p2a: Scizor|Scizor-Mega, F|233\/343
|-activate|p2a: Scizor|move: Sticky Web
|-unboost|p2a: Scizor|spe|1
|-damage|p2a: Scizor|191\/343|[from] Stealth Rock
|turn|18
|c|âRustyEspur|you are the fattest of em all
|c|âRustyEspur|prove it to me
|
|move|p1a: Landorus|Earth Power|p2a: Scizor
|-damage|p2a: Scizor|10\/343
|move|p2a: Scizor|Roost|p2a: Scizor
|-heal|p2a: Scizor|182\/343
|
|-weather|none
|-fieldend|move: Gravity
|turn|19
|c| napty|this escadrill has SD
|c|âYuttt.ninja|bullet punch
|c|âYuttt.ninja|me
|c| napty|lol my pidgey is timid
|
|move|p2a: Scizor|Bullet Punch|p1a: Landorus
|-damage|p1a: Landorus|0 fnt
|faint|p1a: Landorus
|
|c|âYuttt.ninja|show me
|c|âYuttt.ninja|the power
|
|switch|p1a: KA BOOOOM|Excadrill, M|377\/377
|turn|20
|c|âYuttt.ninja|252+ Atk Choice Band Excadrill Earthquake vs. 248 HP \/ 0+ Def Mega Scizor: 187-222 (54.5 - 64.7%)
|c|âRustyEspur|fatfatfatfat
|c|âRustyEspur|pls
|
|move|p1a: KA BOOOOM|Earthquake|p2a: Scizor
|-damage|p2a: Scizor|0 fnt
|faint|p2a: Scizor
|
|win|Yuttt.ninja
|raw|Ladder updating...
|c|âRustyEspur|plsplpslpsl
|raw|Yuttt.ninja's rating: 1439 &rarr; <strong>1453<\/strong><br \/>(+14 for winning)
|raw|RustyEspur's rating: 1334 &rarr; <strong>1320<\/strong><br \/>(-14 for losing)
|c|âRustyEspur|stupid
|c| napty|damn
|c|âRustyEspur|not fat
|c|âRustyEspur|gg
|c|âYuttt.ninja|band force
|c|âYuttt.ninja|gg
|c|âRustyEspur|wtf
|c|âRustyEspur|band
|c|âRustyEspur|really
|c|âRustyEspur|who runs that
|c|âRustyEspur|in sand
|c|âYuttt.ninja|me
|c|âYuttt.ninja|sand force too
|c|âYuttt.ninja|OHKOs manaphy
|c|âRustyEspur|lol
|c|âRustyEspur|manaphy is fat