|join|appala
|join|RustyEspur
|player|p1|appala|110
|player|p2|RustyEspur|172
|gametype|singles
|gen|6
|tier|OU (suspect test)
|rated
|clearpoke
|poke|p1|Bisharp, M, shiny
|poke|p1|Absol, M
|poke|p1|Sableye, M
|poke|p1|Zoroark, F, shiny
|poke|p1|Sharpedo, M
|poke|p1|Umbreon, F, shiny
|poke|p2|Metagross
|poke|p2|Hydreigon, F
|poke|p2|Keldeo
|poke|p2|Landorus-Therian, M
|poke|p2|Klefki, M
|poke|p2|Weavile, M
|rule|Swagger Clause: Swagger is banned
|rule|Baton Pass Clause: Limit one PokÃ©mon knowing Baton Pass
|rule|Sleep Clause Mod: Limit one foe put to sleep
|rule|Species Clause: Limit one of each PokÃ©mon
|rule|OHKO Clause: OHKO moves are banned
|rule|Moody Clause: Moody is banned
|rule|Evasion Moves Clause: Evasion moves are banned
|rule|Endless Battle Clause: Forcing endless battles is banned
|rule|HP Percentage Mod: HP is shown in percentages
|teampreview
|c|âappala|hihi
|
|start
|switch|p1a: BulletBill|Sharpedo, M|281\/281
|switch|p2a: Keldeo|Keldeo|323\/323
|turn|1
|
|move|p1a: BulletBill|Protect|p1a: BulletBill
|-singleturn|p1a: BulletBill|Protect
|move|p2a: Keldeo|Substitute|p2a: Keldeo
|-start|p2a: Keldeo|Substitute
|-damage|p2a: Keldeo|243\/323
|
|-heal|p2a: Keldeo|263\/323|[from] item: Leftovers
|-boost|p1a: BulletBill|spe|1|[from] ability: Speed Boost
|turn|2
|c|âRustyEspur|hi
|
|move|p1a: BulletBill|Waterfall|p2a: Keldeo
|-resisted|p2a: Keldeo
|-end|p2a: Keldeo|Substitute
|-damage|p1a: BulletBill|253\/281|[from] item: Life Orb
|move|p2a: Keldeo|Secret Sword|p1a: BulletBill
|-supereffective|p1a: BulletBill
|-damage|p1a: BulletBill|0 fnt
|faint|p1a: BulletBill
|
|-heal|p2a: Keldeo|283\/323|[from] item: Leftovers
|c|âappala|that's depressing
|
|switch|p1a: LordSidious|Sableye, M|304\/304
|turn|3
|
|switch|p2a: Hydreigon|Hydreigon, F|325\/325
|move|p1a: LordSidious|Will-O-Wisp|p2a: Hydreigon
|-status|p2a: Hydreigon|brn
|
|-damage|p2a: Hydreigon|285\/325 brn|[from] brn
|turn|4
|
|detailschange|p1a: LordSidious|Sableye-Mega, M
|-mega|p1a: LordSidious|Sableye|Sablenite
|move|p1a: LordSidious|Calm Mind|p1a: LordSidious
|-boost|p1a: LordSidious|spa|1
|-boost|p1a: LordSidious|spd|1
|move|p2a: Hydreigon|Draco Meteor|p1a: LordSidious
|-damage|p1a: LordSidious|174\/304
|-unboost|p2a: Hydreigon|spa|2
|
|-damage|p2a: Hydreigon|245\/325 brn|[from] brn
|turn|5
|
|switch|p2a: Keldeo|Keldeo|283\/323
|move|p1a: LordSidious|Recover|p1a: LordSidious
|-heal|p1a: LordSidious|304\/304
|
|-heal|p2a: Keldeo|303\/323|[from] item: Leftovers
|turn|6
|
|move|p2a: Keldeo|Substitute|p2a: Keldeo
|-start|p2a: Keldeo|Substitute
|-damage|p2a: Keldeo|223\/323
|move|p1a: LordSidious|Will-O-Wisp|p2a: Keldeo
|
|-heal|p2a: Keldeo|243\/323|[from] item: Leftovers
|turn|7
|c|âappala|stahp
|
|move|p2a: Keldeo|Calm Mind|p2a: Keldeo
|-boost|p2a: Keldeo|spa|1
|-boost|p2a: Keldeo|spd|1
|move|p1a: LordSidious|Dark Pulse|p2a: Keldeo
|-resisted|p2a: Keldeo
|-activate|p2a: Keldeo|Substitute|[damage]
|
|-heal|p2a: Keldeo|263\/323|[from] item: Leftovers
|turn|8
|c|âRustyEspur|lol
|c|âappala|omg...
|c|âappala|k then
|c|âRustyEspur|ikr
|c|âappala|what the hell is that thing
|c|âappala|and why is it here
|
|move|p2a: Keldeo|Scald|p1a: LordSidious
|-damage|p1a: LordSidious|178\/304
|move|p1a: LordSidious|Dark Pulse|p2a: Keldeo
|-resisted|p2a: Keldeo
|-end|p2a: Keldeo|Substitute
|
|-heal|p2a: Keldeo|283\/323|[from] item: Leftovers
|turn|9
|c|âRustyEspur|keldeo
|c|âappala|i know but that set on it
|c|âappala|like
|c|âappala|what
|
|switch|p1a: Noctali|Umbreon, F, shiny|394\/394
|move|p2a: Keldeo|Substitute|p2a: Keldeo
|-start|p2a: Keldeo|Substitute
|-damage|p2a: Keldeo|203\/323
|
|-heal|p2a: Keldeo|223\/323|[from] item: Leftovers
|turn|10
|c|âRustyEspur|its not thaaaat uncommon
|
|move|p2a: Keldeo|Secret Sword|p1a: Noctali
|-supereffective|p1a: Noctali
|-damage|p1a: Noctali|0 fnt
|faint|p1a: Noctali
|
|-heal|p2a: Keldeo|243\/323|[from] item: Leftovers
|c|âappala|ive only seen physical
|c|âappala|and never sub on it ;^;
|c|âRustyEspur|u wot m8
|
|switch|p1a: LordSidious|Sableye-Mega, M|261\/261
|turn|11
|c|âRustyEspur|physical keldeo
|c|âRustyEspur|wtf
|c|âappala|i guess that's why it's always been shitty
|c|âappala|haha
|c|âRustyEspur|lol
|
|move|p2a: Keldeo|Calm Mind|p2a: Keldeo
|-boost|p2a: Keldeo|spa|1
|-boost|p2a: Keldeo|spd|1
|move|p1a: LordSidious|Focus Blast|p2a: Keldeo
|-end|p2a: Keldeo|Substitute
|
|-heal|p2a: Keldeo|263\/323|[from] item: Leftovers
|turn|12
|
|move|p2a: Keldeo|Substitute|p2a: Keldeo
|-start|p2a: Keldeo|Substitute
|-damage|p2a: Keldeo|183\/323
|move|p1a: LordSidious|Focus Blast|p2a: Keldeo|[miss]
|-miss|p1a: LordSidious|p2a: Keldeo
|
|-heal|p2a: Keldeo|203\/323|[from] item: Leftovers
|turn|13
|
|move|p2a: Keldeo|Calm Mind|p2a: Keldeo
|-boost|p2a: Keldeo|spa|1
|-boost|p2a: Keldeo|spd|1
|move|p1a: LordSidious|Focus Blast|p2a: Keldeo
|-end|p2a: Keldeo|Substitute
|
|-heal|p2a: Keldeo|223\/323|[from] item: Leftovers
|turn|14
|
|move|p2a: Keldeo|Scald|p1a: LordSidious
|replace|p1a: Zoro|Zoroark, F, shiny|261\/261
|-damage|p1a: Zoro|0 fnt
|faint|p1a: Zoro
|
|-heal|p2a: Keldeo|243\/323|[from] item: Leftovers
|
|switch|p1a: DarkKnight|Bisharp, M, shiny|272\/272
|turn|15
|
|move|p1a: DarkKnight|Sucker Punch|p2a: Keldeo
|-resisted|p2a: Keldeo
|-damage|p2a: Keldeo|144\/323
|-boost|p2a: Keldeo|atk|1|[from] ability: Justified
|move|p2a: Keldeo|Secret Sword|p1a: DarkKnight
|-supereffective|p1a: DarkKnight
|-damage|p1a: DarkKnight|0 fnt
|faint|p1a: DarkKnight
|
|-heal|p2a: Keldeo|164\/323|[from] item: Leftovers
|c|âRustyEspur|yum
|c|âappala|can i still use trick if you're in a sub?
|c|âRustyEspur|i dont think so
|c|âappala|and yea... i totally didn't expect this keldeo
|c|âappala|XD
|c|âRustyEspur|lol
|
|switch|p1a: LordSidious|Sableye-Mega, M|178\/304
|turn|16
|
|move|p2a: Keldeo|Scald|p1a: LordSidious
|-damage|p1a: LordSidious|0 fnt
|faint|p1a: LordSidious
|
|-heal|p2a: Keldeo|184\/323|[from] item: Leftovers
|c|âappala|oww
|
|switch|p1a: SE|Absol, M|272\/272
|turn|17
|c|âRustyEspur|lol
|
|move|p2a: Keldeo|Secret Sword|p1a: SE
|-supereffective|p1a: SE
|-damage|p1a: SE|0 fnt
|faint|p1a: SE
|
|win|RustyEspur
|raw|Ladder updating...
|raw|appala's rating: 1157 &rarr; <strong>1129<\/strong><br \/>(-28 for losing)
|raw|RustyEspur's rating: 1124 &rarr; <strong>1151<\/strong><br \/>(+27 for winning)
|c|âappala|the fuck is this keldeo
|leave|RustyEspur
|player|p2
|c|âappala|;^;