|J|req'd by crobro
|J|Dark_380
|player|p1|req'd by crobro|288
|player|p2|Dark_380|102
|gametype|singles
|gen|6
|tier|OU
|clearpoke
|poke|p1|Lopunny, F
|poke|p1|Manaphy
|poke|p1|Rotom-Wash
|poke|p1|Landorus-Therian, M
|poke|p1|Magnezone
|poke|p1|Amoonguss, F
|poke|p2|Altaria, F
|poke|p2|Bisharp, M
|poke|p2|Landorus, M
|poke|p2|Latias, F
|poke|p2|Garchomp, F
|poke|p2|Breloom, M
|rule|Swagger Clause: Swagger is banned
|rule|Baton Pass Clause: Limit one PokÃ©mon knowing Baton Pass
|rule|Sleep Clause Mod: Limit one foe put to sleep
|rule|Species Clause: Limit one of each PokÃ©mon
|rule|OHKO Clause: OHKO moves are banned
|rule|Moody Clause: Moody is banned
|rule|Evasion Moves Clause: Evasion moves are banned
|rule|Endless Battle Clause: Forcing endless battles is banned
|rule|HP Percentage Mod: HP is shown in percentages
|teampreview
|c|âDark_380|u need smth  for latis
|c|âDark_380|legit
|c|âDark_380|everything just dies
|c|âreq'd by crobro|ya i just made this 
|c|âDark_380|gotcha
|
|start
|switch|p1a: Landorus-Therian|Landorus-Therian, M|361\/361
|switch|p2a: Altaria|Altaria, F|331\/331
|-ability|p1a: Landorus-Therian|Intimidate|[of] p2a: Altaria
|-unboost|p2a: Altaria|atk|1
|turn|1
|c|âreq'd by crobro|i only have 3 good teams on my laptop rn
|
|detailschange|p2a: Altaria|Altaria-Mega, F
|-mega|p2a: Altaria|Altaria|Altarianite
|move|p1a: Landorus-Therian|Stealth Rock|p2a: Altaria
|-sidestart|p2: Dark_380|move: Stealth Rock
|move|p2a: Altaria|Fire Blast|p1a: Landorus-Therian
|-damage|p1a: Landorus-Therian|203\/361
|
|-heal|p1a: Landorus-Therian|225\/361|[from] item: Leftovers
|turn|2
|
|move|p1a: Landorus-Therian|U-turn|p2a: Altaria
|-resisted|p2a: Altaria
|-damage|p2a: Altaria|281\/331
|
|switch|p1a: Magnezone|Magnezone|281\/281
|move|p2a: Altaria|Fire Blast|p1a: Magnezone
|-supereffective|p1a: Magnezone
|-damage|p1a: Magnezone|19\/281
|
|turn|3
|
|switch|p2a: Garchomp|Garchomp, F|420\/420
|-damage|p2a: Garchomp|394\/420|[from] Stealth Rock
|move|p1a: Magnezone|Volt Switch|p2a: Garchomp
|-immune|p2a: Garchomp|[msg]
|
|turn|4
|
|switch|p1a: Manaphy|Manaphy|365\/365
|move|p2a: Garchomp|Stealth Rock|p1a: Manaphy
|-sidestart|p1: req'd by crobro|move: Stealth Rock
|
|turn|5
|
|move|p1a: Manaphy|Scald|p2a: Garchomp
|-damage|p2a: Garchomp|237\/420
|move|p2a: Garchomp|Earthquake|p1a: Manaphy
|-damage|p1a: Manaphy|212\/365
|
|-heal|p1a: Manaphy|234\/365|[from] item: Leftovers
|turn|6
|
|switch|p1a: Magnezone|Magnezone|19\/281
|-damage|p1a: Magnezone|2\/281|[from] Stealth Rock
|switch|p2a: Latias|Latias, F|319\/319
|-damage|p2a: Latias|280\/319|[from] Stealth Rock
|
|turn|7
|
|switch|p2a: Bisharp|Bisharp, M|271\/271
|-damage|p2a: Bisharp|255\/271|[from] Stealth Rock
|move|p1a: Magnezone|Flash Cannon|p2a: Bisharp
|-resisted|p2a: Bisharp
|-damage|p2a: Bisharp|102\/271
|
|turn|8
|
|move|p2a: Bisharp|Pursuit|p1a: Magnezone
|-damage|p1a: Magnezone|0 fnt
|-damage|p2a: Bisharp|75\/271|[from] item: Life Orb
|faint|p1a: Magnezone
|
|c|âreq'd by crobro|nb 
|c|âreq'd by crobro|forgot i was specs 
|c|âDark_380|ur specs, i outsped anyways
|c|âreq'd by crobro|no i mean
|c|âreq'd by crobro|on the lati
|c|âDark_380|right
|
|switch|p1a: Lopunny|Lopunny, F|271\/271
|-damage|p1a: Lopunny|238\/271|[from] Stealth Rock
|turn|9
|
|switch|p1a: Rotom-Wash|Rotom-Wash|303\/303
|-damage|p1a: Rotom-Wash|266\/303|[from] Stealth Rock
|switch|p2a: Garchomp|Garchomp, F|237\/420
|-damage|p2a: Garchomp|211\/420|[from] Stealth Rock
|
|-heal|p1a: Rotom-Wash|284\/303|[from] item: Leftovers
|turn|10
|
|switch|p2a: Latias|Latias, F|280\/319
|-damage|p2a: Latias|241\/319|[from] Stealth Rock
|move|p1a: Rotom-Wash|Will-O-Wisp|p2a: Latias
|-status|p2a: Latias|brn
|
|-heal|p1a: Rotom-Wash|302\/303|[from] item: Leftovers
|-damage|p2a: Latias|202\/319 brn|[from] brn
|turn|11
|
|move|p2a: Latias|Psyshock|p1a: Rotom-Wash
|-damage|p1a: Rotom-Wash|192\/303
|-damage|p2a: Latias|171\/319 brn|[from] item: Life Orb
|move|p1a: Rotom-Wash|Volt Switch|p2a: Latias
|-resisted|p2a: Latias
|-damage|p2a: Latias|135\/319 brn
|
|switch|p1a: Lopunny|Lopunny, F|238\/271
|-damage|p1a: Lopunny|205\/271|[from] Stealth Rock
|
|-damage|p2a: Latias|96\/319 brn|[from] brn
|turn|12
|
|switch|p2a: Garchomp|Garchomp, F|211\/420
|-damage|p2a: Garchomp|185\/420|[from] Stealth Rock
|detailschange|p1a: Lopunny|Lopunny-Mega, F
|-mega|p1a: Lopunny|Lopunny|Lopunnite
|move|p1a: Lopunny|Fake Out|p2a: Garchomp
|-damage|p2a: Garchomp|131\/420
|-damage|p1a: Lopunny|172\/271|[from] ability: Rough Skin|[of] p2a: Garchomp
|-damage|p1a: Lopunny|127\/271|[from] item: Rocky Helmet|[of] p2a: Garchomp
|
|turn|13
|
|switch|p1a: Landorus-Therian|Landorus-Therian, M|225\/361
|-damage|p1a: Landorus-Therian|180\/361|[from] Stealth Rock
|-ability|p1a: Landorus-Therian|Intimidate|[of] p2a: Garchomp
|-unboost|p2a: Garchomp|atk|1
|move|p2a: Garchomp|Hidden Power|p1a: Landorus-Therian
|-supereffective|p1a: Landorus-Therian
|-damage|p1a: Landorus-Therian|0 fnt
|faint|p1a: Landorus-Therian
|
|c|âreq'd by crobro|doesnt it get ice beam
|c|âDark_380|no
|
|switch|p1a: Rotom-Wash|Rotom-Wash|192\/303
|-damage|p1a: Rotom-Wash|155\/303|[from] Stealth Rock
|turn|14
|
|switch|p2a: Altaria|Altaria-Mega, F|281\/331
|-damage|p2a: Altaria|240\/331|[from] Stealth Rock
|move|p1a: Rotom-Wash|Hydro Pump|p2a: Altaria
|-resisted|p2a: Altaria
|-damage|p2a: Altaria|177\/331
|
|-heal|p1a: Rotom-Wash|173\/303|[from] item: Leftovers
|turn|15
|
|switch|p1a: Amoonguss|Amoonguss, F|427\/427
|-damage|p1a: Amoonguss|374\/427|[from] Stealth Rock
|move|p2a: Altaria|Hyper Voice|p1a: Amoonguss
|-resisted|p1a: Amoonguss
|-damage|p1a: Amoonguss|265\/427
|
|-heal|p1a: Amoonguss|291\/427|[from] item: Black Sludge
|turn|16
|
|move|p2a: Altaria|Fire Blast|p1a: Amoonguss
|-supereffective|p1a: Amoonguss
|-damage|p1a: Amoonguss|37\/427
|-status|p1a: Amoonguss|brn
|move|p1a: Amoonguss|Spore|p2a: Altaria
|-status|p2a: Altaria|slp
|
|-heal|p1a: Amoonguss|63\/427 brn|[from] item: Black Sludge
|-damage|p1a: Amoonguss|10\/427 brn|[from] brn
|turn|17
|c|âreq'd by crobro|ofc
|c|âDark_380|sry m8
|
|switch|p2a: Bisharp|Bisharp, M|75\/271
|-damage|p2a: Bisharp|59\/271|[from] Stealth Rock
|switch|p1a: Lopunny|Lopunny-Mega, F|127\/271
|-damage|p1a: Lopunny|111\/271|[from] Stealth Rock
|
|turn|18
|c|âreq'd by crobro|lol i lost this game
|
|move|p2a: Bisharp|Sucker Punch|p1a: Lopunny
|-resisted|p1a: Lopunny
|-damage|p1a: Lopunny|10\/271
|-damage|p2a: Bisharp|32\/271|[from] item: Life Orb
|move|p1a: Lopunny|High Jump Kick|p2a: Bisharp
|-supereffective|p2a: Bisharp
|-damage|p2a: Bisharp|0 fnt
|faint|p2a: Bisharp
|
|c|âreq'd by crobro|wanna be a homie
|c|âreq'd by crobro|and defog for me
|c|âDark_380|lolno
|c|âDark_380|i don't even have defog
|c|âreq'd by crobro|dick.
|
|switch|p2a: Garchomp|Garchomp, F|131\/420
|-damage|p2a: Garchomp|105\/420|[from] Stealth Rock
|turn|19
|
|move|p1a: Lopunny|Return|p2a: Garchomp
|-damage|p2a: Garchomp|0 fnt
|-damage|p1a: Lopunny|0 fnt|[from] ability: Rough Skin|[of] p2a: Garchomp
|faint|p1a: Lopunny
|faint|p2a: Garchomp
|
|
|switch|p2a: Latias|Latias, F|96\/319 brn
|switch|p1a: Rotom-Wash|Rotom-Wash|173\/303
|-damage|p2a: Latias|57\/319 brn|[from] Stealth Rock
|-damage|p1a: Rotom-Wash|136\/303|[from] Stealth Rock
|turn|20
|
|move|p2a: Latias|Healing Wish|p2a: Latias
|faint|p2a: Latias
|move|p1a: Rotom-Wash|Hydro Pump|p2: Latias|[notarget]
|-notarget
|
|-heal|p1a: Rotom-Wash|154\/303|[from] item: Leftovers
|
|switch|p2a: Altaria|Altaria-Mega, F|177\/331 slp
|-heal|p2a: Altaria|331\/331|[from] move: Healing Wish
|-damage|p2a: Altaria|290\/331|[from] Stealth Rock
|turn|21
|
|move|p2a: Altaria|Hyper Voice|p1a: Rotom-Wash
|-damage|p1a: Rotom-Wash|0 fnt
|faint|p1a: Rotom-Wash
|
|
|switch|p1a: Manaphy|Manaphy|234\/365
|-damage|p1a: Manaphy|189\/365|[from] Stealth Rock
|turn|22
|c|âreq'd by crobro|2-1
|
|move|p1a: Manaphy|Psychic|p2a: Altaria
|-damage|p2a: Altaria|211\/331
|move|p2a: Altaria|Hyper Voice|p1a: Manaphy
|-damage|p1a: Manaphy|0 fnt
|faint|p1a: Manaphy
|
|
|switch|p1a: Amoonguss|Amoonguss, F|152\/427 brn
|-damage|p1a: Amoonguss|99\/427 brn|[from] Stealth Rock
|turn|23
|c|âDark_380|tbf
|c|âDark_380|I'm playing as if i would when I'm on tilt
|c|âDark_380|due to tiredness
|c|âreq'd by crobro|tru
|
|move|p2a: Altaria|Fire Blast|p1a: Amoonguss
|-supereffective|p1a: Amoonguss
|-damage|p1a: Amoonguss|0 fnt
|faint|p1a: Amoonguss
|
|win|Dark_380