|join|req'd by crobro
|join|MoB Barley
|player|p1|req'd by crobro|288
|player|p2|MoB Barley|161
|gametype|singles
|gen|6
|tier|OU
|clearpoke
|poke|p1|Altaria, F, shiny
|poke|p1|Ferrothorn, F
|poke|p1|Starmie
|poke|p1|Heatran, M
|poke|p1|Hippowdon, F
|poke|p1|Keldeo-Resolute, shiny
|poke|p2|Metagross, shiny
|poke|p2|Landorus, M, shiny
|poke|p2|Garchomp, M, shiny
|poke|p2|Azumarill, M
|poke|p2|Latias, F
|poke|p2|Keldeo-Resolute, shiny
|rule|Swagger Clause: Swagger is banned
|rule|Baton Pass Clause: Limit one PokÃ©mon knowing Baton Pass
|rule|Sleep Clause Mod: Limit one foe put to sleep
|rule|Species Clause: Limit one of each PokÃ©mon
|rule|OHKO Clause: OHKO moves are banned
|rule|Moody Clause: Moody is banned
|rule|Evasion Moves Clause: Evasion moves are banned
|rule|Endless Battle Clause: Forcing endless battles is banned
|rule|HP Percentage Mod: HP is shown in percentages
|teampreview
|join|DoUevenDoor
|join|Monte73
|join|Rooo
|join|Doomed hi
|join|shadowthorn
|join|dachboden
|join|dorkman75
|join|TheUberTherian
|join|NostalgiaTesting
|join|Pure Demize
|join|foncused
|c| NostalgiaTesting|again
|join|the fun in this
|join|The Ess of Johan
|c|âreq'd by crobro|round 2
|join|chingchangchongs
|join|78th
|join|Ferocca
|c| the fun in this|malt is gonan do work
|join|Vrin
|join|Grumtastic
|join|Draeden
|c| dorkman75|avenge MoB
|
|start
|switch|p1a: MomIwantAPony|Keldeo-Resolute, shiny|323\/323
|switch|p2a: Landorus|Landorus, M, shiny|319\/319
|turn|1
|join|UrsaReign
|join|kloshitt
|c| Doomed hi|Omg this will b goooooood
|
|switch|p1a: Goldshlager|Altaria, F, shiny|349\/349
|switch|p2a: Latias|Latias, F|301\/301
|
|turn|2
|c| dorkman75|avenge me
|join|asdfCookie
|join|regular joe
|join|MuhFugginGoose
|join|ShootTheGirlFirst
|
|switch|p2a: Metagross|Metagross, shiny|301\/301
|detailschange|p1a: Goldshlager|Altaria-Mega, F, shiny
|-mega|p1a: Goldshlager|Altaria|Altarianite
|move|p1a: Goldshlager|Hyper Voice|p2a: Metagross
|-resisted|p2a: Metagross
|-damage|p2a: Metagross|183\/301
|
|turn|3
|c| asdfCookie|telegend
|join|Dig For Fire
|join|chinj12
|join|MrTheRevertz
|c| Pure Demize|inb4 modchat
|c| dorkman75|nice chunk
|
|switch|p1a: Touch my body|Ferrothorn, F|352\/352
|detailschange|p2a: Metagross|Metagross-Mega, shiny
|-mega|p2a: Metagross|Metagross|Metagrossite
|move|p2a: Metagross|Grass Knot|p1a: Touch my body
|-resisted|p1a: Touch my body
|-damage|p1a: Touch my body|330\/352
|-damage|p2a: Metagross|146\/301|[from] ability: Iron Barbs|[of] p1a: Touch my body
|
|-heal|p1a: Touch my body|352\/352|[from] item: Leftovers
|turn|4
|c| Grumtastic|reveal firblast
|join|unfixable â¥
|c| Grumtastic|aww
|join|RedKingAlmighty
|leave|unfixable â¥
|join|Fort Yellowcastle
|join|PrimalZard
|join|evileddy1
|
|switch|p1a: ballerina|Starmie|299\/299
|move|p2a: Metagross|Hammer Arm|p1a: ballerina
|-resisted|p1a: ballerina
|-damage|p1a: ballerina|198\/299
|-unboost|p2a: Metagross|spe|1
|
|-heal|p1a: ballerina|216\/299|[from] item: Leftovers
|turn|5
|c| UrsaReign|nigga?
|c| Draeden|That was a lot of damage.
|c|âMoB Barley|horrible match up
|c|âreq'd by crobro|why would i fb
|c| RedKingAlmighty|mm
|c|âreq'd by crobro|he outspeeds
|join|bluri
|c|âreq'd by crobro|lol
|c| RedKingAlmighty|i just had a horrible thought
|
|switch|p2a: Azumarill|Azumarill, M|360\/360
|move|p1a: ballerina|Scald|p2a: Azumarill
|-resisted|p2a: Azumarill
|-damage|p2a: Azumarill|285\/360
|
|-heal|p1a: ballerina|234\/299|[from] item: Leftovers
|turn|6
|c| UrsaReign|subbbb
|c| RedKingAlmighty|rocky helmet starmie.
|join|Father John Misty
|join|draconinja
|c| Grumtastic|not turn one unless you arnt max speed
|c| NostalgiaTesting|switch into a scald
|c| Draeden|Rocky Helmet Starmie?
|c| NostalgiaTesting|welp
|
|move|p1a: ballerina|Psyshock|p2a: Azumarill
|-damage|p2a: Azumarill|162\/360
|-enditem|p2a: Azumarill|Sitrus Berry|[eat]
|-heal|p2a: Azumarill|252\/360|[from] item: Sitrus Berry
|move|p2a: Azumarill|Knock Off|p1a: ballerina
|-supereffective|p1a: ballerina
|-damage|p1a: ballerina|0 fnt
|-enditem|p1a: ballerina|Leftovers|[from] move: Knock Off|[of] p2a: Azumarill
|faint|p1a: ballerina
|
|c| Draeden|Eh...
|c| RedKingAlmighty|yeah don't ask
|c| RedKingAlmighty|idk why it popped into my head
|
|switch|p1a: Touch my body|Ferrothorn, F|352\/352
|turn|7
|c| NostalgiaTesting|lmao
|c| NostalgiaTesting|that name
|
|switch|p2a: Landorus|Landorus, M, shiny|319\/319
|move|p1a: Touch my body|Power Whip|p2a: Landorus|[miss]
|-miss|p1a: Touch my body|p2a: Landorus
|
|turn|8
|c| RedKingAlmighty|oh nice animation
|leave|Fort Yellowcastle
|
|switch|p1a: Goldshlager|Altaria-Mega, F, shiny|349\/349
|move|p2a: Landorus|Stealth Rock|p1a: Goldshlager
|-sidestart|p1: req'd by crobro|move: Stealth Rock
|
|turn|9
|c| RedKingAlmighty|that was cool
|
|move|p2a: Landorus|Earth Power|p1a: Goldshlager
|-damage|p1a: Goldshlager|96\/349
|move|p1a: Goldshlager|Hyper Voice|p2a: Landorus
|-crit|p2a: Landorus
|-damage|p2a: Landorus|0 fnt
|faint|p2a: Landorus
|
|c| MrTheRevertz|https:\/\/www.youtube.com\/user\/MrTheRevertz
|join|boltsandbombers
|join|WhenSilenceBreaks
|c| NostalgiaTesting|dont self advertise
|c| Grumtastic|crit dint matter
|join|TheJFrenzy1
|c| RedKingAlmighty|mob's douche set
|c| RedKingAlmighty|it's like
|c|âreq'd by crobro|that makes up for the miss
|c|âreq'd by crobro|imo
|
|switch|p2a: Keldeo-Resolute|Keldeo-Resolute, shiny|323\/323
|turn|10
|join|Darioski
|c| RedKingAlmighty|SR\/CM\/knockoff\/EP.
|c| ShootTheGirlFirst|that crit didnt matter crobro knew his set
|c| RedKingAlmighty|you're never safe
|c| MrTheRevertz|im thinking of uploading pokemon vids what do you all think  https:\/\/www.youtube.com\/user\/MrTheRevertz
|leave|DoUevenDoor
|join|Bobbie Schmurda
|
|move|p2a: Keldeo-Resolute|Scald|p1a: Goldshlager
|-resisted|p1a: Goldshlager
|-damage|p1a: Goldshlager|0 fnt
|faint|p1a: Goldshlager
|
|
|switch|p1a: Touch my body|Ferrothorn, F|352\/352
|-damage|p1a: Touch my body|330\/352|[from] Stealth Rock
|turn|11
|join|Alkov
|
|switch|p2a: Metagross|Metagross-Mega, shiny|146\/301
|move|p1a: Touch my body|Spikes|p2a: Metagross
|-sidestart|p2: MoB Barley|Spikes
|
|-heal|p1a: Touch my body|352\/352|[from] item: Leftovers
|turn|12
|c| UrsaReign|is this whats hot on the streets now? 3 pokes weak to ice?
|join|iplaytennislol
|c| ShootTheGirlFirst|nb u got some views
|join|NagariHO
|c| RedKingAlmighty|?
|
|switch|p1a: Illtake4bigmacs|Hippowdon, F|420\/420
|-damage|p1a: Illtake4bigmacs|394\/420|[from] Stealth Rock
|move|p2a: Metagross|Hammer Arm|p1a: Illtake4bigmacs
|-damage|p1a: Illtake4bigmacs|276\/420
|-unboost|p2a: Metagross|spe|1
|
|-heal|p1a: Illtake4bigmacs|302\/420|[from] item: Leftovers
|turn|13
|c| NagariHO|Barley in this bitch
|c| the fun in this|ice i not used as much
|
|switch|p2a: Keldeo-Resolute|Keldeo-Resolute, shiny|323\/323
|-damage|p2a: Keldeo-Resolute|283\/323|[from] Spikes
|move|p1a: Illtake4bigmacs|Slack Off|p1a: Illtake4bigmacs
|-heal|p1a: Illtake4bigmacs|420\/420
|
|turn|14
|
|move|p2a: Keldeo-Resolute|Secret Sword|p1a: Illtake4bigmacs
|-crit|p1a: Illtake4bigmacs
|-damage|p1a: Illtake4bigmacs|194\/420
|move|p1a: Illtake4bigmacs|Slack Off|p1a: Illtake4bigmacs
|-heal|p1a: Illtake4bigmacs|404\/420
|
|-heal|p1a: Illtake4bigmacs|420\/420|[from] item: Leftovers
|turn|15
|join|MilesPoke
|join|Oriks
|
|switch|p2a: Latias|Latias, F|301\/301
|move|p1a: Illtake4bigmacs|Whirlwind|p2a: Latias
|drag|p2a: Metagross|Metagross-Mega, shiny|146\/301
|-damage|p2a: Metagross|109\/301|[from] Spikes
|
|turn|16
|c| NagariHO|predicted
|join|DoUevenDoor
|
|switch|p2a: Latias|Latias, F|301\/301
|move|p1a: Illtake4bigmacs|Stealth Rock|p2a: Latias
|-sidestart|p2: MoB Barley|move: Stealth Rock
|
|turn|17
|c| Grumtastic|that was buetifu;
|join|AngryAron
|
|switch|p1a: SupahHotFire|Heatran, M|386\/386
|-damage|p1a: SupahHotFire|338\/386|[from] Stealth Rock
|move|p2a: Latias|Defog|p1a: SupahHotFire
|-unboost|p1a: SupahHotFire|evasion|1
|-sideend|p1: req'd by crobro|Stealth Rock|[from] move: Defog|[of] p1a: SupahHotFire
|-sideend|p2: MoB Barley|Spikes|[from] move: Defog|[of] p2a: Latias
|-sideend|p2: MoB Barley|Stealth Rock|[from] move: Defog|[of] p2a: Latias
|
|-heal|p1a: SupahHotFire|362\/386|[from] item: Leftovers
|turn|18
|leave|dorkman75
|c| RedKingAlmighty|EQ latias
|c| NagariHO|perfect name on tran
|
|switch|p2a: Keldeo-Resolute|Keldeo-Resolute, shiny|283\/323
|move|p1a: SupahHotFire|Toxic|p2a: Keldeo-Resolute
|-status|p2a: Keldeo-Resolute|tox
|
|-heal|p1a: SupahHotFire|386\/386|[from] item: Leftovers
|-damage|p2a: Keldeo-Resolute|263\/323 tox|[from] psn
|turn|19
|c| RedKingAlmighty|can it learn EQ?
|
|move|p1a: SupahHotFire|Protect|p1a: SupahHotFire
|-singleturn|p1a: SupahHotFire|Protect
|move|p2a: Keldeo-Resolute|Scald|p1a: SupahHotFire
|-activate|p1a: SupahHotFire|Protect
|
|-damage|p2a: Keldeo-Resolute|223\/323 tox|[from] psn
|turn|20
|c|âreq'd by crobro|ye
|c| Grumtastic|scout ted
|c| UrsaReign|mmmmm
|
|switch|p1a: Touch my body|Ferrothorn, F|352\/352
|move|p2a: Keldeo-Resolute|Scald|p1a: Touch my body
|-crit|p1a: Touch my body
|-resisted|p1a: Touch my body
|-damage|p1a: Touch my body|232\/352
|
|-heal|p1a: Touch my body|254\/352|[from] item: Leftovers
|-damage|p2a: Keldeo-Resolute|163\/323 tox|[from] psn
|turn|21
|c| ShootTheGirlFirst|lol hippowdon's nicknanme lol
|c| RedKingAlmighty|that seems like a good idea
|c| UrsaReign|wtf
|c| AngryAron|that crit
|
|switch|p2a: Latias|Latias, F|301\/301
|move|p1a: Touch my body|Leech Seed|p2a: Latias
|-start|p2a: Latias|move: Leech Seed
|
|-heal|p1a: Touch my body|276\/352|[from] item: Leftovers
|-damage|p2a: Latias|264\/301|[from] Leech Seed|[of] p1a: Touch my body
|-heal|p1a: Touch my body|313\/352|[silent]
|turn|22
|c| the fun in this|crobro you know what you should try
|c| ShootTheGirlFirst|lol
|c| UrsaReign|lol the specs is so strong
|c| Grumtastic|those specs dmg
|c|âreq'd by crobro|what
|c| ShootTheGirlFirst|mariah carey
|c| the fun in this|slap magma storm on that tran
|join|cthree000
|c| AngryAron|why
|c| RedKingAlmighty|scarf pokemon often find themselves deadweight against balance
|
|switch|p2a: Metagross|Metagross-Mega, shiny|109\/301
|switch|p1a: SupahHotFire|Heatran, M|386\/386
|
|turn|23
|c| ShootTheGirlFirst|^
|
|switch|p1a: Illtake4bigmacs|Hippowdon, F|420\/420
|move|p2a: Metagross|Hammer Arm|p1a: Illtake4bigmacs|[miss]
|-miss|p2a: Metagross|p1a: Illtake4bigmacs
|
|turn|24
|c| RedKingAlmighty|or defensive teams in general
|c| Grumtastic|best miss
|leave|cthree000
|c| ShootTheGirlFirst|espicially stall
|join|Fourth Inversion
|
|move|p2a: Metagross|Grass Knot|p1a: Illtake4bigmacs
|-supereffective|p1a: Illtake4bigmacs
|-damage|p1a: Illtake4bigmacs|132\/420
|move|p1a: Illtake4bigmacs|Earthquake|p2a: Metagross
|-supereffective|p2a: Metagross
|-damage|p2a: Metagross|0 fnt
|faint|p2a: Metagross
|
|-heal|p1a: Illtake4bigmacs|158\/420|[from] item: Leftovers
|c| RedKingAlmighty|but balance turns them into set up opportunities
|c| iplaytennislol|yumE
|
|switch|p2a: Keldeo-Resolute|Keldeo-Resolute, shiny|163\/323 tox
|turn|25
|c| Grumtastic|im ok with that trade
|c|âreq'd by crobro|damn hippo
|c|âreq'd by crobro|you fat
|c| ShootTheGirlFirst|oh  sup tennis
|
|move|p2a: Keldeo-Resolute|Scald|p1a: Illtake4bigmacs
|-supereffective|p1a: Illtake4bigmacs
|-damage|p1a: Illtake4bigmacs|0 fnt
|faint|p1a: Illtake4bigmacs
|
|-damage|p2a: Keldeo-Resolute|143\/323 tox|[from] psn
|c| iplaytennislol|hi
|c| RedKingAlmighty|hey can't MoB just win with Garchomp now?
|c| AngryAron|crobro is screwed
|join|TrainerElijah
|c| RedKingAlmighty|i mean it probably has fireblast
|c| iplaytennislol|MoB is a legend
|c| ShootTheGirlFirst|u made #1 before right
|c| Grumtastic|hippo wasnt going to do anything
|
|switch|p1a: MomIwantAPony|Keldeo-Resolute, shiny|323\/323
|turn|26
|c| iplaytennislol|he won at team preview
|leave|TheJFrenzy1
|c| UrsaReign|cuz keld has icy wind
|c| RedKingAlmighty|yeah no solid metagross switches
|
|switch|p2a: Azumarill|Azumarill, M|252\/360
|move|p1a: MomIwantAPony|Secret Sword|p2a: Azumarill
|-resisted|p2a: Azumarill
|-damage|p2a: Azumarill|164\/360
|
|turn|27
|c| shadowthorn|if garchomp has fire blast yes
|
|switch|p1a: Touch my body|Ferrothorn, F|313\/352
|move|p2a: Azumarill|Knock Off|p1a: Touch my body
|-crit|p1a: Touch my body
|-damage|p1a: Touch my body|160\/352
|-damage|p2a: Azumarill|119\/360|[from] ability: Iron Barbs|[of] p1a: Touch my body
|-enditem|p1a: Touch my body|Leftovers|[from] move: Knock Off|[of] p2a: Azumarill
|
|turn|28
|leave|Oriks
|c| UrsaReign|poooo
|c| Rooo|all those crits
|c| UrsaReign|the crits on ferro
|
|move|p2a: Azumarill|Knock Off|p1a: Touch my body
|-damage|p1a: Touch my body|100\/352
|-damage|p2a: Azumarill|74\/360|[from] ability: Iron Barbs|[of] p1a: Touch my body
|move|p1a: Touch my body|Power Whip|p2a: Azumarill
|-supereffective|p2a: Azumarill
|-damage|p2a: Azumarill|0 fnt
|faint|p2a: Azumarill
|
|c| AngryAron|poor ferro
|c| NostalgiaTesting|damn it mob
|leave|DoUevenDoor
|
|switch|p2a: Garchomp|Garchomp, M, shiny|358\/358
|turn|29
|leave|Fourth Inversion
|c| RedKingAlmighty|well keldeo can put in work now
|c| Grumtastic|firblastuuu
|
|move|p2a: Garchomp|Earthquake|p1a: Touch my body
|-crit|p1a: Touch my body
|-damage|p1a: Touch my body|0 fnt
|faint|p1a: Touch my body
|
|c| ShootTheGirlFirst|rip oen the ground
|c| MilesPoke|Gotta have that sap sipper azumarill
|c| AngryAron|that tru
|join|DoUevenDoor
|
|switch|p1a: MomIwantAPony|Keldeo-Resolute, shiny|323\/323
|turn|30
|c| RedKingAlmighty|why risk the fireblast?
|c| NostalgiaTesting|lmao
|join|wimmenz
|c| AngryAron|shits and giggles
|c| NostalgiaTesting|the names
|c| UrsaReign|unluckist ferrothorn of the year
|c| iplaytennislol|ah, ik what garchomp this is
|c| ShootTheGirlFirst|LOL
|c| AngryAron|lol
|
|move|p1a: MomIwantAPony|Icy Wind|p2a: Garchomp
|-supereffective|p2a: Garchomp
|-damage|p2a: Garchomp|82\/358
|-unboost|p2a: Garchomp|spe|1
|move|p2a: Garchomp|Earthquake|p1a: MomIwantAPony
|-damage|p1a: MomIwantAPony|115\/323
|
|turn|31
|c| RedKingAlmighty|inb4 hp electric > icy wind
|c| ShootTheGirlFirst|i like hippowdons name
|c|âreq'd by crobro|ya he just wins now
|c| AngryAron|that swallow
|
|move|p1a: MomIwantAPony|Icy Wind|p2a: Garchomp
|-supereffective|p2a: Garchomp
|-damage|p2a: Garchomp|0 fnt
|faint|p2a: Garchomp
|
|join|QKIC
|c|âreq'd by crobro|with healing wish
|
|switch|p2a: Latias|Latias, F|264\/301
|turn|32
|
|switch|p1a: SupahHotFire|Heatran, M|386\/386
|move|p2a: Latias|Healing Wish|p2a: Latias
|faint|p2a: Latias
|
|
|switch|p2a: Keldeo-Resolute|Keldeo-Resolute, shiny|143\/323 tox
|-heal|p2a: Keldeo-Resolute|323\/323|[from] move: Healing Wish
|turn|33
|c| AngryAron|is keldeo specs???
|c| Grumtastic|kek
|
|move|p2a: Keldeo-Resolute|Secret Sword|p1a: SupahHotFire
|-supereffective|p1a: SupahHotFire
|-damage|p1a: SupahHotFire|0 fnt
|faint|p1a: SupahHotFire
|
|c| RedKingAlmighty|it's scarf.
|c| ShootTheGirlFirst|Mob redeem himself from last game
|c|âreq'd by crobro|ya
|c| Grumtastic|yeah
|c|âreq'd by crobro|gg mob
|c|âMoB Barley|gggg
|
|switch|p1a: MomIwantAPony|Keldeo-Resolute, shiny|115\/323
|turn|34
|
|move|p1a: MomIwantAPony|Secret Sword|p2a: Keldeo-Resolute
|-damage|p2a: Keldeo-Resolute|148\/323
|move|p2a: Keldeo-Resolute|Secret Sword|p1a: MomIwantAPony
|-damage|p1a: MomIwantAPony|0 fnt
|faint|p1a: MomIwantAPony
|
|win|MoB Barley
|c| UrsaReign|win speed tie
|leave|iplaytennislol
|leave|MoB Barley
|player|p2
|leave|Vrin
|leave|draconinja
|leave|regular joe
|leave|shadowthorn
|leave|Grumtastic
|leave|WhenSilenceBreaks
|leave|Pure Demize
|leave|Doomed hi
|leave|the fun in this
|leave|AngryAron
|leave|req'd by crobro
|player|p1
|leave|NostalgiaTesting
|leave|Rooo
|leave|MuhFugginGoose
|leave|boltsandbombers
|leave|ShootTheGirlFirst
|leave|evileddy1
|leave|chinj12
|leave|MilesPoke
|leave|Monte73
|leave|Draeden
|leave|PrimalZard
|leave|Dig For Fire
|leave|Darioski
|leave|wimmenz
|leave|bluri
|leave|DoUevenDoor
|leave|The Ess of Johan
|leave|Alkov
|leave|NagariHO
|leave|78th
|leave|Bobbie Schmurda
|leave|UrsaReign
|leave|Ferocca
|leave|TrainerElijah
|join|Alkov
|leave|Alkov
|leave|Father John Misty
|join|Pure Demize
|leave|Pure Demize
|leave|QKIC
|join|Villager B
|join|Pure Demize
|leave|kloshitt
|leave|TheUberTherian
|c| chingchangchongs|this sht be crazy
|leave|Pure Demize
|leave|Villager B
|join|John Krasinski
|leave|John Krasinski
|join|Tng