|join|MoB Barley
|join|req'd by crobro
|player|p1|MoB Barley|161
|player|p2|req'd by crobro|288
|gametype|singles
|gen|6
|tier|OU
|rated
|clearpoke
|poke|p1|Diancie, shiny
|poke|p1|Hydreigon, M, shiny
|poke|p1|Magnezone
|poke|p1|Jirachi, shiny
|poke|p1|Landorus-Therian, M
|poke|p1|Azumarill, M
|poke|p2|Gyarados, M
|poke|p2|Landorus, M
|poke|p2|Talonflame, F
|poke|p2|Celebi
|poke|p2|Skarmory, M
|poke|p2|Garchomp, M
|rule|Swagger Clause: Swagger is banned
|rule|Baton Pass Clause: Limit one PokÃ©mon knowing Baton Pass
|rule|Sleep Clause Mod: Limit one foe put to sleep
|rule|Species Clause: Limit one of each PokÃ©mon
|rule|OHKO Clause: OHKO moves are banned
|rule|Moody Clause: Moody is banned
|rule|Evasion Moves Clause: Evasion moves are banned
|rule|Endless Battle Clause: Forcing endless battles is banned
|rule|HP Percentage Mod: HP is shown in percentages
|teampreview
|join|FunkyCrackudoCat
|join|Demandred
|join|Bobbie Schmurda
|join|Gentheros
|c|âreq'd by crobro|mon what team are you on for OCL
|join|Julian
|c|âreq'd by crobro|mob*
|c|âMoB Barley|idk
|join|BlueHippo
|join|ollopa
|c|âreq'd by crobro|lol
|
|start
|switch|p1a: Iluminatti|Hydreigon, M, shiny|325\/325
|switch|p2a: Celebi|Celebi|404\/404
|turn|1
|
|switch|p2a: Talonflame|Talonflame, F|359\/359
|move|p1a: Iluminatti|Dark Pulse|p2a: Talonflame
|-damage|p2a: Talonflame|164\/359
|-damage|p1a: Iluminatti|293\/325|[from] item: Life Orb
|
|-heal|p2a: Talonflame|186\/359|[from] item: Leftovers
|turn|2
|
|move|p2a: Talonflame|Roost|p2a: Talonflame
|-heal|p2a: Talonflame|359\/359
|move|p1a: Iluminatti|Dark Pulse|p2a: Talonflame
|-crit|p2a: Talonflame
|-damage|p2a: Talonflame|90\/359
|-damage|p1a: Iluminatti|261\/325|[from] item: Life Orb
|
|-heal|p2a: Talonflame|112\/359|[from] item: Leftovers
|turn|3
|
|move|p2a: Talonflame|Roost|p2a: Talonflame
|-heal|p2a: Talonflame|292\/359
|move|p1a: Iluminatti|Draco Meteor|p2a: Talonflame
|-damage|p2a: Talonflame|0 fnt
|-unboost|p1a: Iluminatti|spa|2
|-damage|p1a: Iluminatti|229\/325|[from] item: Life Orb
|faint|p2a: Talonflame
|
|
|switch|p2a: Landorus|Landorus, M|319\/319
|turn|4
|
|switch|p1a: land doge|Landorus-Therian, M|319\/319
|-ability|p1a: land doge|Intimidate|[of] p2a: Landorus
|-unboost|p2a: Landorus|atk|1
|move|p2a: Landorus|Stealth Rock|p1a: land doge
|-sidestart|p1: MoB Barley|move: Stealth Rock
|
|turn|5
|
|switch|p2a: Skarmory|Skarmory, M|333\/333
|move|p1a: land doge|U-turn|p2a: Skarmory
|-resisted|p2a: Skarmory
|-damage|p2a: Skarmory|321\/333
|
|switch|p1a: Starburst|Jirachi, shiny|404\/404
|-damage|p1a: Starburst|379\/404|[from] Stealth Rock
|
|-heal|p1a: Starburst|404\/404|[from] item: Leftovers
|turn|6
|
|switch|p2a: Landorus|Landorus, M|319\/319
|move|p1a: Starburst|Stealth Rock|p2a: Landorus
|-sidestart|p2: req'd by crobro|move: Stealth Rock
|
|turn|7
|
|switch|p1a: land doge|Landorus-Therian, M|319\/319
|-damage|p1a: land doge|280\/319|[from] Stealth Rock
|-ability|p1a: land doge|Intimidate|[of] p2a: Landorus
|-unboost|p2a: Landorus|atk|1
|move|p2a: Landorus|Earth Power|p1a: land doge
|-immune|p1a: land doge|[msg]
|
|turn|8
|
|switch|p2a: Skarmory|Skarmory, M|321\/333
|-damage|p2a: Skarmory|280\/333|[from] Stealth Rock
|move|p1a: land doge|U-turn|p2a: Skarmory
|-resisted|p2a: Skarmory
|-damage|p2a: Skarmory|266\/333
|
|switch|p1a: Wabbit Season|Azumarill, M|360\/360
|-damage|p1a: Wabbit Season|315\/360|[from] Stealth Rock
|
|turn|9
|
|move|p1a: Wabbit Season|Knock Off|p2a: Skarmory
|-damage|p2a: Skarmory|185\/333
|-enditem|p2a: Skarmory|Shed Shell|[from] move: Knock Off|[of] p1a: Wabbit Season
|move|p2a: Skarmory|Whirlwind|p1a: Wabbit Season
|drag|p1a: Starburst|Jirachi, shiny|404\/404
|-damage|p1a: Starburst|379\/404|[from] Stealth Rock
|
|-heal|p1a: Starburst|404\/404|[from] item: Leftovers
|turn|10
|
|switch|p2a: Garchomp|Garchomp, M|357\/357
|-damage|p2a: Garchomp|335\/357|[from] Stealth Rock
|move|p1a: Starburst|U-turn|p2a: Garchomp
|-damage|p2a: Garchomp|281\/357
|-damage|p1a: Starburst|354\/404|[from] ability: Rough Skin|[of] p2a: Garchomp
|
|switch|p1a: Angel|Diancie, shiny|241\/241
|-damage|p1a: Angel|211\/241|[from] Stealth Rock
|
|turn|11
|
|switch|p2a: Celebi|Celebi|404\/404
|-damage|p2a: Celebi|354\/404|[from] Stealth Rock
|detailschange|p1a: Angel|Diancie-Mega, shiny
|-mega|p1a: Angel|Diancie|Diancite
|move|p1a: Angel|Protect|p1a: Angel
|-fail|p1a: Angel
|
|-heal|p2a: Celebi|379\/404|[from] item: Leftovers
|turn|12
|join|po1nty h0rse
|
|switch|p1a: Starburst|Jirachi, shiny|354\/404
|-damage|p1a: Starburst|329\/404|[from] Stealth Rock
|move|p2a: Celebi|Giga Drain|p1a: Starburst
|-resisted|p1a: Starburst
|-damage|p1a: Starburst|296\/404
|-heal|p2a: Celebi|396\/404|[from] drain|[of] p1a: Starburst
|
|-heal|p2a: Celebi|404\/404|[from] item: Leftovers
|-heal|p1a: Starburst|321\/404|[from] item: Leftovers
|turn|13
|
|switch|p2a: Garchomp|Garchomp, M|281\/357
|-damage|p2a: Garchomp|259\/357|[from] Stealth Rock
|move|p1a: Starburst|U-turn|p2a: Garchomp
|-damage|p2a: Garchomp|203\/357
|-damage|p1a: Starburst|271\/404|[from] ability: Rough Skin|[of] p2a: Garchomp
|
|switch|p1a: Wabbit Season|Azumarill, M|315\/360
|-damage|p1a: Wabbit Season|270\/360|[from] Stealth Rock
|
|turn|14
|
|move|p2a: Garchomp|Earthquake|p1a: Wabbit Season
|-damage|p1a: Wabbit Season|41\/360
|-enditem|p1a: Wabbit Season|Sitrus Berry|[eat]
|-heal|p1a: Wabbit Season|131\/360|[from] item: Sitrus Berry
|move|p1a: Wabbit Season|Play Rough|p2a: Garchomp
|-supereffective|p2a: Garchomp
|-damage|p2a: Garchomp|0 fnt
|-damage|p1a: Wabbit Season|86\/360|[from] ability: Rough Skin|[of] p2a: Garchomp
|faint|p2a: Garchomp
|
|
|switch|p2a: Celebi|Celebi|404\/404
|-damage|p2a: Celebi|354\/404|[from] Stealth Rock
|turn|15
|
|switch|p1a: Starburst|Jirachi, shiny|271\/404
|-damage|p1a: Starburst|246\/404|[from] Stealth Rock
|move|p2a: Celebi|U-turn|p1a: Starburst
|-damage|p1a: Starburst|200\/404
|
|switch|p2a: Gyarados|Gyarados, M|331\/331
|-damage|p2a: Gyarados|249\/331|[from] Stealth Rock
|-ability|p2a: Gyarados|Intimidate|[of] p1a: Starburst
|-unboost|p1a: Starburst|atk|1
|
|-heal|p1a: Starburst|225\/404|[from] item: Leftovers
|turn|16
|
|move|p2a: Gyarados|Substitute|p2a: Gyarados
|-start|p2a: Gyarados|Substitute
|-damage|p2a: Gyarados|167\/331
|move|p1a: Starburst|U-turn|p2a: Gyarados
|-resisted|p2a: Gyarados
|-activate|p2a: Gyarados|Substitute|[damage]
|join|belgrade
|
|switch|p1a: Magneto|Magnezone|281\/281
|-damage|p1a: Magneto|264\/281|[from] Stealth Rock
|
|turn|17
|join|Tyler123250
|
|switch|p2a: Landorus|Landorus, M|319\/319
|-damage|p2a: Landorus|280\/319|[from] Stealth Rock
|move|p1a: Magneto|Volt Switch|p2a: Landorus
|-immune|p2a: Landorus|[msg]
|
|turn|18
|
|switch|p1a: Wabbit Season|Azumarill, M|86\/360
|-damage|p1a: Wabbit Season|41\/360|[from] Stealth Rock
|move|p2a: Landorus|Psychic|p1a: Wabbit Season
|-damage|p1a: Wabbit Season|0 fnt
|faint|p1a: Wabbit Season
|
|leave|Tyler123250
|
|switch|p1a: Magneto|Magnezone|264\/281
|-damage|p1a: Magneto|247\/281|[from] Stealth Rock
|turn|19
|
|move|p1a: Magneto|Flash Cannon|p2a: Landorus
|-damage|p2a: Landorus|100\/319
|move|p2a: Landorus|Earth Power|p1a: Magneto
|-supereffective|p1a: Magneto
|-damage|p1a: Magneto|0 fnt
|faint|p1a: Magneto
|
|
|switch|p1a: Angel|Diancie-Mega, shiny|211\/241
|-damage|p1a: Angel|181\/241|[from] Stealth Rock
|turn|20
|
|switch|p2a: Gyarados|Gyarados, M|167\/331
|-damage|p2a: Gyarados|85\/331|[from] Stealth Rock
|-ability|p2a: Gyarados|Intimidate|[of] p1a: Angel
|-unboost|p1a: Angel|atk|1
|move|p1a: Angel|Moonblast|p2a: Gyarados
|-damage|p2a: Gyarados|0 fnt
|faint|p2a: Gyarados
|
|
|switch|p2a: Celebi|Celebi|354\/404
|-damage|p2a: Celebi|304\/404|[from] Stealth Rock
|turn|21
|
|switch|p1a: Starburst|Jirachi, shiny|225\/404
|-damage|p1a: Starburst|200\/404|[from] Stealth Rock
|move|p2a: Celebi|Recover|p2a: Celebi
|-heal|p2a: Celebi|404\/404
|
|-heal|p1a: Starburst|225\/404|[from] item: Leftovers
|turn|22
|
|switch|p2a: Skarmory|Skarmory, M|185\/333
|-damage|p2a: Skarmory|144\/333|[from] Stealth Rock
|move|p1a: Starburst|U-turn|p2a: Skarmory
|-resisted|p2a: Skarmory
|-damage|p2a: Skarmory|136\/333
|c|âreq'd by crobro|missclick
|
|switch|p1a: Iluminatti|Hydreigon, M, shiny|229\/325
|-damage|p1a: Iluminatti|189\/325|[from] Stealth Rock
|
|turn|23
|
|move|p1a: Iluminatti|Dark Pulse|p2a: Skarmory
|-damage|p2a: Skarmory|0 fnt
|-damage|p1a: Iluminatti|157\/325|[from] item: Life Orb
|faint|p2a: Skarmory
|
|
|switch|p2a: Landorus|Landorus, M|100\/319
|-damage|p2a: Landorus|61\/319|[from] Stealth Rock
|turn|24
|join|thepack
|
|switch|p1a: Starburst|Jirachi, shiny|225\/404
|-damage|p1a: Starburst|200\/404|[from] Stealth Rock
|move|p2a: Landorus|Sludge Wave|p1a: Starburst
|-immune|p1a: Starburst|[msg]
|
|-heal|p1a: Starburst|225\/404|[from] item: Leftovers
|turn|25
|
|move|p2a: Landorus|Earth Power|p1a: Starburst
|-supereffective|p1a: Starburst
|-damage|p1a: Starburst|0 fnt
|faint|p1a: Starburst
|
|
|switch|p1a: land doge|Landorus-Therian, M|280\/319
|-damage|p1a: land doge|241\/319|[from] Stealth Rock
|-ability|p1a: land doge|Intimidate|[of] p2a: Landorus
|-unboost|p2a: Landorus|atk|1
|turn|26
|
|move|p1a: land doge|U-turn|p2a: Landorus
|-resisted|p2a: Landorus
|-damage|p2a: Landorus|8\/319
|
|switch|p1a: Angel|Diancie-Mega, shiny|181\/241
|-damage|p1a: Angel|151\/241|[from] Stealth Rock
|move|p2a: Landorus|Psychic|p1a: Angel
|-damage|p1a: Angel|0 fnt
|faint|p1a: Angel
|
|
|switch|p1a: land doge|Landorus-Therian, M|241\/319
|-damage|p1a: land doge|202\/319|[from] Stealth Rock
|-ability|p1a: land doge|Intimidate|[of] p2a: Landorus
|-unboost|p2a: Landorus|atk|1
|turn|27
|join|Pure Demize
|
|move|p1a: land doge|U-turn|p2a: Landorus
|-resisted|p2a: Landorus
|-damage|p2a: Landorus|0 fnt
|faint|p2a: Landorus
|
|switch|p1a: Iluminatti|Hydreigon, M, shiny|157\/325
|-damage|p1a: Iluminatti|117\/325|[from] Stealth Rock
|
|
|switch|p2a: Celebi|Celebi|404\/404
|-damage|p2a: Celebi|354\/404|[from] Stealth Rock
|turn|28
|
|move|p1a: Iluminatti|Dark Pulse|p2a: Celebi
|-supereffective|p2a: Celebi
|-damage|p2a: Celebi|39\/404
|-damage|p1a: Iluminatti|85\/325|[from] item: Life Orb
|move|p2a: Celebi|Recover|p2a: Celebi
|-heal|p2a: Celebi|241\/404
|
|-heal|p2a: Celebi|266\/404|[from] item: Leftovers
|turn|29
|
|move|p1a: Iluminatti|Dark Pulse|p2a: Celebi
|-supereffective|p2a: Celebi
|-damage|p2a: Celebi|0 fnt
|-damage|p1a: Iluminatti|53\/325|[from] item: Life Orb
|faint|p2a: Celebi
|
|win|MoB Barley
|raw|Ladder updating...
|raw|MoB Barley's rating: 1735 &rarr; <strong>1753<\/strong><br \/>(+18 for winning)
|raw|req&apos;d by crobro's rating: 1690 &rarr; <strong>1673<\/strong><br \/>(-17 for losing)
|leave|MoB Barley
|player|p1
|leave|Demandred
|leave|Pure Demize