|join|Osteentassaumn
|join|req'd by crobro
|join|Padapos the retard
|join|Smash Monkey
|join|VanilliteCone
|join|djsol
|join|FrozenCold
|join|stockholm negro
|join|bforrester16
|join|LilBigham
|join|Weeties
|join|only team testing
|join|MikeDawg
|join|Vrin
|player|p1|Osteentassaumn|200
|player|p2|req'd by crobro|288
|gametype|singles
|gen|6
|tier|OU
|clearpoke
|poke|p1|Skarmory, M
|poke|p1|Venusaur, F
|poke|p1|Heatran, M
|poke|p1|Keldeo-Resolute
|poke|p1|Gliscor, F
|poke|p1|Bisharp, M
|poke|p2|Amoonguss, M
|poke|p2|Slowbro, M
|poke|p2|Heatran, M
|poke|p2|Landorus-Therian, M
|poke|p2|Metagross
|poke|p2|Clefable, M
|rule|Swagger Clause: Swagger is banned
|rule|Baton Pass Clause: Limit one PokÃ©mon knowing Baton Pass
|rule|Sleep Clause Mod: Limit one foe put to sleep
|rule|Species Clause: Limit one of each PokÃ©mon
|rule|OHKO Clause: OHKO moves are banned
|rule|Moody Clause: Moody is banned
|rule|Evasion Moves Clause: Evasion moves are banned
|rule|Endless Battle Clause: Forcing endless battles is banned
|rule|HP Percentage Mod: HP is shown in percentages
|teampreview
|join|RayDalio
|join|StarZabRighT
|join|Azvyr
|join|Nonexistent One
|join|Grumtastic
|join|vokobe
|join|AnAncientPotato
|join|pyromaniac 963
|leave|StarZabRighT
|join|Hallovv
|c| djsol|mega bae
|join|Rocklobzter
|join|Demikas
|c| MikeDawg|these are the most boring teams
|join|AQB
|c| MikeDawg|smh
|join|swampert518
|join|r67uygih
|join|Teremiare
|join|Fyrewynd
|join|Kenny's Revenge
|join|hashtag fabulous
|leave|LilBigham
|join|landersonboi
|join|ZambiPigman810
|c| Padapos the retard|wtf
|c| Kenny's Revenge|megagross vs mega venu
|join|Kawl
|join|shartruce2
|join|Raik
|c| Vrin|it's
|join|Doomed hi
|c| Vrin|winnable?
|join|misc all day
|
|start
|switch|p1a: Heatran|Heatran, M|386\/386
|switch|p2a: Landorus-Therian|Landorus-Therian, M|319\/319
|-ability|p2a: Landorus-Therian|Intimidate|[of] p1a: Heatran
|-unboost|p1a: Heatran|atk|1
|turn|1
|c| Nonexistent One|semistall vs pretty much full stall
|c| djsol|I'm sad these are hella basic
|c| misc all day|firt
|c| djsol|but I like mega venu
|join|Fizz on my Jayce
|c| landersonboi|stall x stall
|leave|Fizz on my Jayce
|join|Fizz on my Jayce
|c| Vrin|both are semistall
|leave|Fizz on my Jayce
|c| Raik|No greninja made it to the finals?
|
|switch|p1a: Skarmory|Skarmory, M|334\/334
|move|p2a: Landorus-Therian|U-turn|p1a: Skarmory
|-resisted|p1a: Skarmory
|-damage|p1a: Skarmory|320\/334
|-damage|p2a: Landorus-Therian|266\/319|[from] item: Rocky Helmet|[of] p1a: Skarmory
|join|Fizz on my Jayce
|join|testingoutthings
|join|Gay Bear Sex
|
|switch|p2a: Heatran|Heatran, M|385\/385
|
|turn|2
|
|switch|p1a: Heatran|Heatran, M|386\/386
|move|p2a: Heatran|Lava Plume|p1a: Heatran
|-start|p1a: Heatran|ability: Flash Fire
|
|turn|3
|join|Assaltwaffle
|c| landersonboi|three or more not stall pokemons form one semi stall
|
|switch|p2a: Slowbro|Slowbro, M|393\/393
|move|p1a: Heatran|Taunt|p2a: Slowbro
|-start|p2a: Slowbro|move: Taunt
|
|turn|4
|join|Ox the Box
|
|move|p1a: Heatran|Toxic|p2a: Slowbro
|-status|p2a: Slowbro|tox
|move|p2a: Slowbro|Scald|p1a: Heatran
|-supereffective|p1a: Heatran
|-damage|p1a: Heatran|216\/386
|
|-heal|p1a: Heatran|240\/386|[from] item: Leftovers
|-damage|p2a: Slowbro|369\/393 tox|[from] psn
|turn|5
|c| bforrester16|poor slowbro
|join|Kawhii Leonard
|join|Time Stalling Lmao
|c| Nonexistent One|the new status effects though
|c| Padapos the retard|bro is mega
|
|switch|p1a: Venusaur|Venusaur, F|359\/359
|move|p2a: Slowbro|Scald|p1a: Venusaur
|-resisted|p1a: Venusaur
|-damage|p1a: Venusaur|311\/359
|
|-heal|p2a: Slowbro|393\/393 tox|[from] item: Leftovers
|-damage|p2a: Slowbro|345\/393 tox|[from] psn
|turn|6
|c| AnAncientPotato|shutdown...
|
|switch|p2a: Heatran|Heatran, M|385\/385
|detailschange|p1a: Venusaur|Venusaur-Mega, F
|-mega|p1a: Venusaur|Venusaur|Venusaurite
|move|p1a: Venusaur|Leech Seed|p2a: Heatran
|-start|p2a: Heatran|move: Leech Seed
|
|-damage|p2a: Heatran|337\/385|[from] Leech Seed|[of] p1a: Venusaur
|-heal|p1a: Venusaur|359\/359|[silent]
|turn|7
|join|JDynasty
|c| testingoutthings|what does para and sleep look like?
|join|DragonOwl678
|join|FardinFromPB
|c| bforrester16|those animations are balling
|
|switch|p1a: Heatran|Heatran, M|240\/386
|move|p2a: Heatran|Stealth Rock|p1a: Heatran
|-sidestart|p1: Osteentassaumn|move: Stealth Rock
|
|-heal|p1a: Heatran|264\/386|[from] item: Leftovers
|-heal|p2a: Heatran|361\/385|[from] item: Leftovers
|-damage|p2a: Heatran|313\/385|[from] Leech Seed|[of] p1a: Heatran
|-heal|p1a: Heatran|312\/386|[silent]
|turn|8
|c| bforrester16|for the status
|join|bungus
|
|switch|p2a: Slowbro|Slowbro, M|393\/393 tox
|move|p1a: Heatran|Stealth Rock|p2a: Slowbro
|-sidestart|p2: req'd by crobro|move: Stealth Rock
|
|-heal|p1a: Heatran|336\/386|[from] item: Leftovers
|-damage|p2a: Slowbro|369\/393 tox|[from] psn
|turn|9
|c| Grumtastic|reveal earth power
|c|âreq'd by crobro|i just took it off :[
|c| bforrester16|:[
|c| Time Stalling Lmao|Wow.:[
|
|switch|p1a: Venusaur|Venusaur-Mega, F|359\/359
|-damage|p1a: Venusaur|315\/359|[from] Stealth Rock
|move|p2a: Slowbro|Thunder Wave|p1a: Venusaur
|-status|p1a: Venusaur|par
|
|-heal|p2a: Slowbro|393\/393 tox|[from] item: Leftovers
|-damage|p2a: Slowbro|345\/393 tox|[from] psn
|turn|10
|c| Padapos the retard|gg
|
|switch|p2a: Metagross|Metagross|301\/301
|-damage|p2a: Metagross|283\/301|[from] Stealth Rock
|move|p1a: Venusaur|Giga Drain|p2a: Metagross
|-resisted|p2a: Metagross
|-damage|p2a: Metagross|225\/301
|-heal|p1a: Venusaur|344\/359 par|[from] drain|[of] p2a: Metagross
|
|turn|11
|c| Nonexistent One|this is gonna take a while
|leave|testingoutthings
|
|switch|p1a: Skarmory|Skarmory, M|320\/334
|-damage|p1a: Skarmory|279\/334|[from] Stealth Rock
|detailschange|p2a: Metagross|Metagross-Mega
|-mega|p2a: Metagross|Metagross|Metagrossite
|move|p2a: Metagross|Earthquake|p1a: Skarmory
|-immune|p1a: Skarmory|[msg]
|
|turn|12
|c| Nonexistent One|but if you run stall you might wanna run a defogger
|c| Doomed hi|reveal hp fire
|join|l123
|
|switch|p2a: Slowbro|Slowbro, M|393\/393 tox
|-damage|p2a: Slowbro|344\/393 tox|[from] Stealth Rock
|move|p1a: Skarmory|Spikes|p2a: Slowbro
|-sidestart|p2: req'd by crobro|Spikes
|
|-heal|p2a: Slowbro|368\/393 tox|[from] item: Leftovers
|-damage|p2a: Slowbro|344\/393 tox|[from] psn
|turn|13
|c|âreq'd by crobro|oh i lose
|leave|Weeties
|c|âreq'd by crobro|lol
|
|move|p1a: Skarmory|Spikes|p2a: Slowbro
|-sidestart|p2: req'd by crobro|Spikes
|move|p2a: Slowbro|Fire Blast|p1a: Skarmory
|-supereffective|p1a: Skarmory
|-damage|p1a: Skarmory|67\/334
|
|-heal|p2a: Slowbro|368\/393 tox|[from] item: Leftovers
|-damage|p2a: Slowbro|320\/393 tox|[from] psn
|turn|14
|leave|FrozenCold
|
|move|p1a: Skarmory|Roost|p1a: Skarmory
|-heal|p1a: Skarmory|234\/334
|move|p2a: Slowbro|Scald|p1a: Skarmory
|-damage|p1a: Skarmory|99\/334
|
|-heal|p2a: Slowbro|344\/393 tox|[from] item: Leftovers
|-damage|p2a: Slowbro|272\/393 tox|[from] psn
|turn|15
|c| DragonOwl678|that toxic cute af
|
|move|p1a: Skarmory|Roost|p1a: Skarmory
|-heal|p1a: Skarmory|266\/334
|move|p2a: Slowbro|Thunder Wave|p1a: Skarmory
|-status|p1a: Skarmory|par
|
|-heal|p2a: Slowbro|296\/393 tox|[from] item: Leftovers
|-damage|p2a: Slowbro|200\/393 tox|[from] psn
|turn|16
|c| Grumtastic|why you no twave the skarm lol
|
|move|p2a: Slowbro|Fire Blast|p1a: Skarmory|[miss]
|-miss|p2a: Slowbro|p1a: Skarmory
|move|p1a: Skarmory|Spikes|p2a: Slowbro
|-sidestart|p2: req'd by crobro|Spikes
|
|-heal|p2a: Slowbro|224\/393 tox|[from] item: Leftovers
|-damage|p2a: Slowbro|104\/393 tox|[from] psn
|turn|17
|c| Grumtastic|ther yu gewww
|c| Doomed hi|lol
|c| Nonexistent One|lol
|c| Nonexistent One|you ded
|
|move|p2a: Slowbro|Slack Off|p2a: Slowbro
|-heal|p2a: Slowbro|301\/393 tox
|move|p1a: Skarmory|Whirlwind|p2a: Slowbro
|drag|p2a: Landorus-Therian|Landorus-Therian, M|266\/319
|-damage|p2a: Landorus-Therian|227\/319|[from] Stealth Rock
|-ability|p2a: Landorus-Therian|Intimidate|[of] p1a: Skarmory
|-unboost|p1a: Skarmory|atk|1
|
|turn|18
|c| AnAncientPotato|lel
|
|move|p2a: Landorus-Therian|Stone Edge|p1a: Skarmory|[miss]
|-miss|p2a: Landorus-Therian|p1a: Skarmory
|move|p1a: Skarmory|Roost|p1a: Skarmory
|-heal|p1a: Skarmory|334\/334 par
|
|turn|19
|c| Grumtastic|reveal knock off
|
|switch|p1a: Keldeo-Resolute|Keldeo-Resolute|323\/323
|-damage|p1a: Keldeo-Resolute|303\/323|[from] Stealth Rock
|move|p2a: Landorus-Therian|Stone Edge|p1a: Keldeo-Resolute
|-resisted|p1a: Keldeo-Resolute
|-damage|p1a: Keldeo-Resolute|225\/323
|
|-heal|p1a: Keldeo-Resolute|245\/323|[from] item: Leftovers
|turn|20
|c| AnAncientPotato|reveal lava plume.......
|c| Grumtastic|reveal fable
|
|switch|p2a: Amoonguss|Amoonguss, M|431\/431
|-damage|p2a: Amoonguss|324\/431|[from] Spikes
|-damage|p2a: Amoonguss|271\/431|[from] Stealth Rock
|move|p1a: Keldeo-Resolute|Calm Mind|p1a: Keldeo-Resolute
|-boost|p1a: Keldeo-Resolute|spa|1
|-boost|p1a: Keldeo-Resolute|spd|1
|
|-heal|p1a: Keldeo-Resolute|265\/323|[from] item: Leftovers
|-heal|p2a: Amoonguss|297\/431|[from] item: Black Sludge
|turn|21
|c| Time Stalling Lmao|reveal cm
|c| Padapos the retard|icy fking wind
|c| Time Stalling Lmao|Fuck im late.
|c| Grumtastic|reveal sub kelpersnout
|c| Time Stalling Lmao|^
|join|PsychoSama
|c| Doomed hi|i think hp ice
|c| Doomed hi|not icy wind
|join|forretress gump
|c| DragonOwl678|grumtastic stfu
|c| AnAncientPotato|reaveal frenzzy plant...
|c| Time Stalling Lmao|hpice
|join|Demandred
|
|move|p1a: Keldeo-Resolute|Icy Wind|p2a: Amoonguss
|-supereffective|p2a: Amoonguss
|-damage|p2a: Amoonguss|53\/431
|-unboost|p2a: Amoonguss|spe|1
|move|p2a: Amoonguss|Giga Drain|p1a: Keldeo-Resolute
|-supereffective|p1a: Keldeo-Resolute
|-damage|p1a: Keldeo-Resolute|145\/323
|-heal|p2a: Amoonguss|113\/431|[from] drain|[of] p1a: Keldeo-Resolute
|
|-heal|p1a: Keldeo-Resolute|165\/323|[from] item: Leftovers
|-heal|p2a: Amoonguss|139\/431|[from] item: Black Sludge
|turn|22
|c| Padapos the retard|boom nigga
|c|âreq'd by crobro|ya i lose
|c|âreq'd by crobro|gg
|c| Padapos the retard|what i say?
|-message|req'd by crobro forfeited.
|
|win|Osteentassaumn
|leave|req'd by crobro
|c|âOsteentassaumn|gg..
|leave|Gay Bear Sex
|player|p2
|leave|Time Stalling Lmao
|leave|PsychoSama
|leave|Nonexistent One
|c| DragonOwl678|wow
|leave|AnAncientPotato
|leave|Smash Monkey
|leave|pyromaniac 963
|leave|Rocklobzter
|leave|Kenny's Revenge
|c| djsol|salt
|c| djsol|SALT
|leave|only team testing
|c| djsol|QQ
|leave|AQB
|join|Ke1deo
|leave|Grumtastic
|leave|VanilliteCone
|leave|Fizz on my Jayce
|leave|Doomed hi
|leave|hashtag fabulous
|leave|Osteentassaumn
|leave|Ke1deo
|player|p1
|leave|Vrin
|leave|Teremiare
|leave|DragonOwl678
|leave|Padapos the retard
|leave|MikeDawg
|leave|vokobe
|leave|Fyrewynd
|leave|swampert518
|leave|r67uygih
|leave|stockholm negro
|leave|ZambiPigman810