|join|req'd by crobro
|join|RevMasta
|player|p1|req'd by crobro|288
|player|p2|RevMasta|109
|gametype|singles
|gen|6
|tier|OU
|rated
|clearpoke
|poke|p1|Gyarados, F
|poke|p1|Landorus, M
|poke|p1|Talonflame, F
|poke|p1|Celebi
|poke|p1|Skarmory, M
|poke|p1|Garchomp, F
|poke|p2|Tyranitar, F
|poke|p2|Magnezone
|poke|p2|Sylveon, M
|poke|p2|Landorus-Therian, M
|poke|p2|Metagross
|poke|p2|Chesnaught, M
|rule|Swagger Clause: Swagger is banned
|rule|Baton Pass Clause: Limit one PokÃ©mon knowing Baton Pass
|rule|Sleep Clause Mod: Limit one foe put to sleep
|rule|Species Clause: Limit one of each PokÃ©mon
|rule|OHKO Clause: OHKO moves are banned
|rule|Moody Clause: Moody is banned
|rule|Evasion Moves Clause: Evasion moves are banned
|rule|Endless Battle Clause: Forcing endless battles is banned
|rule|HP Percentage Mod: HP is shown in percentages
|teampreview
|
|start
|switch|p1a: Landorus|Landorus, M|319\/319
|switch|p2a: Tyranitar|Tyranitar, F|342\/342
|-weather|Sandstorm
|turn|1
|
|move|p2a: Tyranitar|Ice Beam|p1a: Landorus
|-supereffective|p1a: Landorus
|-damage|p1a: Landorus|0 fnt
|faint|p1a: Landorus
|
|-weather|Sandstorm|[upkeep]
|join|padoodle
|
|switch|p1a: Talonflame|Talonflame, F|359\/359
|turn|2
|leave|padoodle
|
|switch|p2a: Landorus-Therian|Landorus-Therian, M|366\/366
|-ability|p2a: Landorus-Therian|Intimidate|[of] p1a: Talonflame
|-unboost|p1a: Talonflame|atk|1
|move|p1a: Talonflame|Will-O-Wisp|p2a: Landorus-Therian
|-status|p2a: Landorus-Therian|brn
|
|-weather|Sandstorm|[upkeep]
|-damage|p1a: Talonflame|337\/359|[from] sandstorm
|-heal|p1a: Talonflame|359\/359|[from] item: Leftovers
|-damage|p2a: Landorus-Therian|321\/366 brn|[from] brn
|turn|3
|
|move|p1a: Talonflame|Taunt|p2a: Landorus-Therian
|-start|p2a: Landorus-Therian|move: Taunt
|cant|p2a: Landorus-Therian|move: Taunt|Stealth Rock
|
|-weather|Sandstorm|[upkeep]
|-damage|p1a: Talonflame|337\/359|[from] sandstorm
|-heal|p1a: Talonflame|359\/359|[from] item: Leftovers
|-heal|p2a: Landorus-Therian|343\/366 brn|[from] item: Leftovers
|-damage|p2a: Landorus-Therian|298\/366 brn|[from] brn
|turn|4
|
|switch|p1a: Garchomp|Garchomp, F|357\/357
|move|p2a: Landorus-Therian|Stone Edge|p1a: Garchomp
|-resisted|p1a: Garchomp
|-damage|p1a: Garchomp|325\/357
|
|-weather|Sandstorm|[upkeep]
|-heal|p2a: Landorus-Therian|320\/366 brn|[from] item: Leftovers
|-damage|p2a: Landorus-Therian|275\/366 brn|[from] brn
|turn|5
|
|move|p1a: Garchomp|Earthquake|p2a: Landorus-Therian
|-immune|p2a: Landorus-Therian|[msg]
|move|p2a: Landorus-Therian|U-turn|p1a: Garchomp
|-crit|p1a: Garchomp
|-damage|p1a: Garchomp|261\/357
|-damage|p2a: Landorus-Therian|230\/366 brn|[from] ability: Rough Skin|[of] p1a: Garchomp
|
|switch|p2a: Tyranitar|Tyranitar, F|342\/342
|
|-weather|none
|turn|6
|
|move|p1a: Garchomp|Earthquake|p2a: Tyranitar
|-supereffective|p2a: Tyranitar
|-damage|p2a: Tyranitar|10\/342
|move|p2a: Tyranitar|Fire Blast|p1a: Garchomp
|-resisted|p1a: Garchomp
|-damage|p1a: Garchomp|203\/357
|
|turn|7
|
|switch|p1a: Talonflame|Talonflame, F|359\/359
|switch|p2a: Landorus-Therian|Landorus-Therian, M|230\/366 brn
|-ability|p2a: Landorus-Therian|Intimidate|[of] p1a: Talonflame
|-unboost|p1a: Talonflame|atk|1
|
|-heal|p2a: Landorus-Therian|252\/366 brn|[from] item: Leftovers
|-damage|p2a: Landorus-Therian|207\/366 brn|[from] brn
|turn|8
|
|switch|p1a: Garchomp|Garchomp, F|203\/357
|move|p2a: Landorus-Therian|Stone Edge|p1a: Garchomp
|-resisted|p1a: Garchomp
|-damage|p1a: Garchomp|170\/357
|
|-heal|p2a: Landorus-Therian|229\/366 brn|[from] item: Leftovers
|-damage|p2a: Landorus-Therian|184\/366 brn|[from] brn
|turn|9
|
|move|p1a: Garchomp|Fire Blast|p2a: Landorus-Therian
|-damage|p2a: Landorus-Therian|94\/366 brn
|move|p2a: Landorus-Therian|Stealth Rock|p1a: Garchomp
|-sidestart|p1: req'd by crobro|move: Stealth Rock
|
|-heal|p2a: Landorus-Therian|116\/366 brn|[from] item: Leftovers
|-damage|p2a: Landorus-Therian|71\/366 brn|[from] brn
|turn|10
|
|switch|p2a: Sylveon|Sylveon, M|393\/393
|move|p1a: Garchomp|Fire Blast|p2a: Sylveon
|-damage|p2a: Sylveon|346\/393
|
|-heal|p2a: Sylveon|370\/393|[from] item: Leftovers
|turn|11
|
|switch|p1a: Skarmory|Skarmory, M|333\/333
|-damage|p1a: Skarmory|292\/333|[from] Stealth Rock
|move|p2a: Sylveon|Baton Pass|p2a: Sylveon
|
|switch|p2a: Magnezone|Magnezone|282\/282
|
|turn|12
|
|switch|p1a: Celebi|Celebi|404\/404
|-damage|p1a: Celebi|354\/404|[from] Stealth Rock
|move|p2a: Magnezone|Thunderbolt|p1a: Celebi
|-resisted|p1a: Celebi
|-damage|p1a: Celebi|291\/404
|
|-heal|p1a: Celebi|316\/404|[from] item: Leftovers
|turn|13
|
|switch|p2a: Tyranitar|Tyranitar, F|10\/342
|-weather|Sandstorm
|move|p1a: Celebi|U-turn|p2a: Tyranitar
|-supereffective|p2a: Tyranitar
|-damage|p2a: Tyranitar|0 fnt
|faint|p2a: Tyranitar
|
|switch|p1a: Skarmory|Skarmory, M|292\/333
|-damage|p1a: Skarmory|251\/333|[from] Stealth Rock
|
|-weather|Sandstorm|[upkeep]
|
|switch|p2a: Magnezone|Magnezone|282\/282
|turn|14
|
|switch|p1a: Garchomp|Garchomp, F|170\/357
|-damage|p1a: Garchomp|148\/357|[from] Stealth Rock
|move|p2a: Magnezone|Hidden Power|p1a: Garchomp
|-resisted|p1a: Garchomp
|-damage|p1a: Garchomp|100\/357
|
|-weather|Sandstorm|[upkeep]
|turn|15
|
|switch|p2a: Landorus-Therian|Landorus-Therian, M|71\/366 brn
|-ability|p2a: Landorus-Therian|Intimidate|[of] p1a: Garchomp
|-unboost|p1a: Garchomp|atk|1
|move|p1a: Garchomp|Fire Blast|p2a: Landorus-Therian|[miss]
|-miss|p1a: Garchomp|p2a: Landorus-Therian
|
|-weather|Sandstorm|[upkeep]
|-heal|p2a: Landorus-Therian|93\/366 brn|[from] item: Leftovers
|-damage|p2a: Landorus-Therian|48\/366 brn|[from] brn
|turn|16
|
|switch|p2a: Sylveon|Sylveon, M|370\/393
|move|p1a: Garchomp|Fire Blast|p2a: Sylveon
|-damage|p2a: Sylveon|327\/393
|
|-weather|Sandstorm|[upkeep]
|-damage|p2a: Sylveon|303\/393|[from] sandstorm
|-heal|p2a: Sylveon|327\/393|[from] item: Leftovers
|turn|17
|
|switch|p1a: Skarmory|Skarmory, M|251\/333
|-damage|p1a: Skarmory|210\/333|[from] Stealth Rock
|move|p2a: Sylveon|Baton Pass|p2a: Sylveon
|
|switch|p2a: Magnezone|Magnezone|282\/282
|
|-weather|none
|turn|18
|
|move|p2a: Magnezone|Flash Cannon|p1a: Skarmory
|-resisted|p1a: Skarmory
|-damage|p1a: Skarmory|106\/333
|move|p1a: Skarmory|Roost|p1a: Skarmory
|-heal|p1a: Skarmory|273\/333
|
|turn|19
|
|move|p2a: Magnezone|Thunderbolt|p1a: Skarmory
|-supereffective|p1a: Skarmory
|-damage|p1a: Skarmory|0 fnt
|faint|p1a: Skarmory
|
|c|âRevMasta|surprise
|-message|req'd by crobro forfeited.
|
|win|RevMasta
|raw|Ladder updating...
|leave|req'd by crobro
|player|p1
|raw|req&apos;d by crobro's rating: 1553 &rarr; <strong>1534<\/strong><br \/>(-19 for losing)
|raw|RevMasta's rating: 1570 &rarr; <strong>1589<\/strong><br \/>(+19 for winning)