|join|TheRealMaxPotter
|join|req'd by crobro
|player|p1|TheRealMaxPotter|170
|player|p2|req'd by crobro|288
|gametype|singles
|gen|6
|tier|OU
|rated
|clearpoke
|poke|p1|Metagross, shiny
|poke|p1|Tyranitar, M, shiny
|poke|p1|Landorus, M, shiny
|poke|p1|Magnezone
|poke|p1|Azumarill, F
|poke|p1|Breloom, M, shiny
|poke|p2|Gyarados, M
|poke|p2|Landorus, M
|poke|p2|Talonflame, M
|poke|p2|Celebi
|poke|p2|Skarmory, F
|poke|p2|Garchomp, M
|rule|Swagger Clause: Swagger is banned
|rule|Baton Pass Clause: Limit one PokÃ©mon knowing Baton Pass
|rule|Sleep Clause Mod: Limit one foe put to sleep
|rule|Species Clause: Limit one of each PokÃ©mon
|rule|OHKO Clause: OHKO moves are banned
|rule|Moody Clause: Moody is banned
|rule|Evasion Moves Clause: Evasion moves are banned
|rule|Endless Battle Clause: Forcing endless battles is banned
|rule|HP Percentage Mod: HP is shown in percentages
|teampreview
|c|âreq'd by crobro|lol max
|c|âreq'd by crobro|ur about to get smacked
|
|start
|switch|p1a: Landorus|Landorus, M, shiny|319\/319
|switch|p2a: Celebi|Celebi|404\/404
|turn|1
|c|âTheRealMaxPotter|lol do i know you?
|c|âreq'd by crobro|ya its balasak
|
|move|p1a: Landorus|Sludge Wave|p2a: Celebi
|-supereffective|p2a: Celebi
|-damage|p2a: Celebi|141\/404
|move|p2a: Celebi|Giga Drain|p1a: Landorus
|-damage|p1a: Landorus|210\/319
|-heal|p2a: Celebi|196\/404|[from] drain|[of] p1a: Landorus
|
|-heal|p2a: Celebi|221\/404|[from] item: Leftovers
|turn|2
|c|âreq'd by crobro|balsak*
|
|switch|p2a: Skarmory|Skarmory, F|333\/333
|move|p1a: Landorus|Hidden Power|p2a: Skarmory
|-supereffective|p2a: Skarmory
|-damage|p2a: Skarmory|86\/333
|-damage|p1a: Landorus|179\/319|[from] item: Life Orb
|
|turn|3
|c|âreq'd by crobro|hp fire lando
|c|âreq'd by crobro|thats so bad
|c|âTheRealMaxPotter|why because it beats your wall core?
|c|âreq'd by crobro|no
|c|âreq'd by crobro|because its a bad set
|
|switch|p2a: Landorus|Landorus, M|319\/319
|move|p1a: Landorus|Psychic|p2a: Landorus
|-damage|p2a: Landorus|127\/319
|
|turn|4
|c|âTheRealMaxPotter|obviously.
|c|âreq'd by crobro|it really is
|c|âreq'd by crobro|focus blast is better
|c|âTheRealMaxPotter|k. i'll do me you worry about you.
|
|switch|p1a: Azumarill|Azumarill, F|403\/403
|move|p2a: Landorus|Psychic|p1a: Azumarill
|-damage|p1a: Azumarill|189\/403
|
|turn|5
|
|switch|p2a: Skarmory|Skarmory, F|86\/333
|move|p1a: Azumarill|Play Rough|p2a: Skarmory
|-resisted|p2a: Skarmory
|-damage|p2a: Skarmory|2\/333
|
|turn|6
|
|switch|p1a: Magnezone|Magnezone|343\/343
|move|p2a: Skarmory|Roost|p2a: Skarmory
|-heal|p2a: Skarmory|169\/333
|
|turn|7
|
|switch|p2a: Landorus|Landorus, M|127\/319
|move|p1a: Magnezone|Volt Switch|p2a: Landorus
|-immune|p2a: Landorus|[msg]
|
|turn|8
|
|switch|p1a: Azumarill|Azumarill, F|189\/403
|move|p2a: Landorus|Earth Power|p1a: Azumarill
|-damage|p1a: Azumarill|0 fnt
|faint|p1a: Azumarill
|
|
|switch|p1a: Breloom|Breloom, M, shiny|261\/261
|turn|9
|
|switch|p2a: Celebi|Celebi|221\/404
|switch|p1a: Landorus|Landorus, M, shiny|179\/319
|
|-heal|p2a: Celebi|246\/404|[from] item: Leftovers
|turn|10
|
|switch|p2a: Garchomp|Garchomp, M|357\/357
|move|p1a: Landorus|Sludge Wave|p2a: Garchomp
|-resisted|p2a: Garchomp
|-damage|p2a: Garchomp|249\/357
|
|turn|11
|
|switch|p1a: Magnezone|Magnezone|343\/343
|move|p2a: Garchomp|Dragon Claw|p1a: Magnezone
|-resisted|p1a: Magnezone
|-damage|p1a: Magnezone|280\/343
|
|turn|12
|
|move|p2a: Garchomp|Dragon Claw|p1a: Magnezone
|-resisted|p1a: Magnezone
|-damage|p1a: Magnezone|222\/343
|move|p1a: Magnezone|Volt Switch|p2a: Garchomp
|-immune|p2a: Garchomp|[msg]
|
|turn|13
|
|switch|p2a: Celebi|Celebi|246\/404
|move|p1a: Magnezone|Volt Switch|p2a: Celebi
|-resisted|p2a: Celebi
|-damage|p2a: Celebi|190\/404
|
|switch|p1a: Landorus|Landorus, M, shiny|179\/319
|
|-heal|p2a: Celebi|215\/404|[from] item: Leftovers
|turn|14
|
|move|p1a: Landorus|Sludge Wave|p2a: Celebi
|-supereffective|p2a: Celebi
|-damage|p2a: Celebi|0 fnt
|faint|p2a: Celebi
|
|
|switch|p2a: Talonflame|Talonflame, M|359\/359
|turn|15
|
|switch|p1a: Magnezone|Magnezone|222\/343
|move|p2a: Talonflame|Will-O-Wisp|p1a: Magnezone
|-status|p1a: Magnezone|brn
|
|-damage|p1a: Magnezone|180\/343 brn|[from] brn
|turn|16
|
|switch|p2a: Garchomp|Garchomp, M|249\/357
|move|p1a: Magnezone|Flash Cannon|p2a: Garchomp
|-damage|p2a: Garchomp|62\/357
|
|-damage|p1a: Magnezone|138\/343 brn|[from] brn
|turn|17
|
|move|p2a: Garchomp|Fire Blast|p1a: Magnezone
|-supereffective|p1a: Magnezone
|-damage|p1a: Magnezone|26\/343 brn
|move|p1a: Magnezone|Flash Cannon|p2a: Garchomp
|-damage|p2a: Garchomp|0 fnt
|faint|p2a: Garchomp
|
|-damage|p1a: Magnezone|0 fnt|[from] brn
|faint|p1a: Magnezone
|
|switch|p2a: Landorus|Landorus, M|127\/319
|switch|p1a: Breloom|Breloom, M, shiny|261\/261
|turn|18
|
|switch|p1a: Metagross|Metagross, shiny|302\/302
|move|p2a: Landorus|Sludge Wave|p1a: Metagross
|-immune|p1a: Metagross|[msg]
|
|turn|19
|
|switch|p1a: Landorus|Landorus, M, shiny|179\/319
|move|p2a: Landorus|Earth Power|p1a: Landorus
|-immune|p1a: Landorus|[msg]
|
|turn|20
|
|switch|p1a: Metagross|Metagross, shiny|302\/302
|move|p2a: Landorus|Psychic|p1a: Metagross
|-resisted|p1a: Metagross
|-damage|p1a: Metagross|257\/302
|
|turn|21
|
|detailschange|p1a: Metagross|Metagross-Mega, shiny
|-mega|p1a: Metagross|Metagross|Metagrossite
|move|p2a: Landorus|Earth Power|p1a: Metagross
|-supereffective|p1a: Metagross
|-damage|p1a: Metagross|0 fnt
|faint|p1a: Metagross
|
|c|âreq'd by crobro|?
|
|switch|p1a: Tyranitar|Tyranitar, M, shiny|341\/341
|-weather|Sandstorm
|turn|22
|c|âreq'd by crobro|you chose to sack megagross instead of loom or lando
|c|âTheRealMaxPotter|look at your team, what does meta do for m,e
|c|âreq'd by crobro|beats me
|c|âreq'd by crobro|lol
|c|âTheRealMaxPotter|how?
|
|switch|p1a: Landorus|Landorus, M, shiny|179\/319
|move|p2a: Landorus|Earth Power|p1a: Landorus
|-immune|p1a: Landorus|[msg]
|
|-weather|Sandstorm|[upkeep]
|turn|23
|
|move|p2a: Landorus|Psychic|p1a: Landorus
|-crit|p1a: Landorus
|-damage|p1a: Landorus|0 fnt
|faint|p1a: Landorus
|
|-weather|Sandstorm|[upkeep]
|c|âreq'd by crobro|w\/e
|
|switch|p1a: Breloom|Breloom, M, shiny|261\/261
|turn|24
|
|move|p2a: Landorus|Sludge Wave|p1a: Breloom
|-supereffective|p1a: Breloom
|-enditem|p1a: Breloom|Focus Sash
|-damage|p1a: Breloom|1\/261
|move|p1a: Breloom|Bullet Seed|p2a: Landorus
|-damage|p2a: Landorus|49\/319
|-damage|p2a: Landorus|0 fnt
|-hitcount|p2a: Landorus|2
|faint|p2a: Landorus
|
|-weather|Sandstorm|[upkeep]
|-damage|p1a: Breloom|0 fnt|[from] sandstorm
|faint|p1a: Breloom
|c|âTheRealMaxPotter|gg.
|
|switch|p2a: Gyarados|Gyarados, M|331\/331
|switch|p1a: Tyranitar|Tyranitar, M, shiny|341\/341
|-ability|p2a: Gyarados|Intimidate|[of] p1a: Tyranitar
|-unboost|p1a: Tyranitar|atk|1
|turn|25
|c|âreq'd by crobro|gg
|
|detailschange|p2a: Gyarados|Gyarados-Mega, M
|-mega|p2a: Gyarados|Gyarados|Gyaradosite
|-ability|p2a: Gyarados|Mold Breaker
|move|p2a: Gyarados|Waterfall|p1a: Tyranitar
|-supereffective|p1a: Tyranitar
|-damage|p1a: Tyranitar|3\/341
|move|p1a: Tyranitar|Dragon Dance|p1a: Tyranitar
|-boost|p1a: Tyranitar|atk|1
|-boost|p1a: Tyranitar|spe|1
|
|-weather|Sandstorm|[upkeep]
|-damage|p2a: Gyarados|311\/331|[from] sandstorm
|-heal|p1a: Tyranitar|24\/341|[from] item: Leftovers
|turn|26
|
|move|p1a: Tyranitar|Ice Punch|p2a: Gyarados
|-resisted|p2a: Gyarados
|-damage|p2a: Gyarados|271\/331
|-status|p2a: Gyarados|frz
|cant|p2a: Gyarados|frz
|
|-weather|none
|-heal|p1a: Tyranitar|45\/341|[from] item: Leftovers
|turn|27
|c|âTheRealMaxPotter|welp.
|
|move|p1a: Tyranitar|Dragon Dance|p1a: Tyranitar
|-boost|p1a: Tyranitar|atk|1
|-boost|p1a: Tyranitar|spe|1
|-curestatus|p2a: Gyarados|frz
|move|p2a: Gyarados|Waterfall|p1a: Tyranitar
|-supereffective|p1a: Tyranitar
|-damage|p1a: Tyranitar|0 fnt
|faint|p1a: Tyranitar
|
|win|req'd by crobro
|raw|Ladder updating...
|raw|TheRealMaxPotter's rating: 1550 &rarr; <strong>1533<\/strong><br \/>(-17 for losing)
|raw|req&apos;d by crobro's rating: 1613 &rarr; <strong>1629<\/strong><br \/>(+16 for winning)
|c|âreq'd by crobro|lol
|c|âreq'd by crobro|gg