|join|MoB Barley
|join|req'd by crobro
|player|p1|MoB Barley|161
|player|p2|req'd by crobro|288
|gametype|singles
|gen|6
|tier|OU
|clearpoke
|poke|p1|Diancie, shiny
|poke|p1|Hydreigon, M, shiny
|poke|p1|Magnezone
|poke|p1|Jirachi, shiny
|poke|p1|Landorus-Therian, M
|poke|p1|Azumarill, M
|poke|p2|Gyarados, M
|poke|p2|Landorus, M
|poke|p2|Talonflame, F
|poke|p2|Celebi
|poke|p2|Skarmory, F
|poke|p2|Garchomp, F
|rule|Swagger Clause: Swagger is banned
|rule|Baton Pass Clause: Limit one PokÃ©mon knowing Baton Pass
|rule|Sleep Clause Mod: Limit one foe put to sleep
|rule|Species Clause: Limit one of each PokÃ©mon
|rule|OHKO Clause: OHKO moves are banned
|rule|Moody Clause: Moody is banned
|rule|Evasion Moves Clause: Evasion moves are banned
|rule|Endless Battle Clause: Forcing endless battles is banned
|rule|HP Percentage Mod: HP is shown in percentages
|teampreview
|join|jesitheboss
|join|Ferocca
|join|bforrester16
|join|M0XI3 B00ST
|join|Qubae
|join|Monsey
|c| jesitheboss|aye
|join|Cumown
|join|the fun in this
|join|Myliltony
|join|Madam Keldeo
|join|pyromaniac 963
|join|Jukain
|join|The Ess of Johan
|join|vielIeis
|c| the fun in this|is this semis
|join|wizardo
|c| jesitheboss|dis t-flame doe
|c| the fun in this|=_=
|join|ShootTheGirlFirst
|c| Cumown|Go team.
|join|78th
|c| Cumown|Etc.
|c| Qubae|what is this mono fly
|join|WildcatForever
|join|Biz
|join|Pure Demize
|c| jesitheboss|lololol
|join|LunarSRL
|join|Grumtastic
|join|raindancer1
|join|foncused
|join|Mark Suckerberg
|c| jesitheboss|bruh #StealthRocks
|c| jesitheboss|then theres chompp
|raw|<div class="broadcast-red"><b>Moderated chat was set to +!<\/b><br \/>Only users of rank + and higher can talk.<\/div>
|join|creepycretin
|leave|Pure Demize
|join|Pure Demize
|c|âreq'd by crobro|gl mob
|join|boltsandbombers
|c|âMoB Barley|glgl
|join|regular joe
|
|start
|switch|p1a: Angel|Diancie, shiny|241\/241
|switch|p2a: Landorus|Landorus, M|319\/319
|turn|1
|
|switch|p2a: Celebi|Celebi|404\/404
|detailschange|p1a: Angel|Diancie-Mega, shiny
|-mega|p1a: Angel|Diancie|Diancite
|move|p1a: Angel|Protect|p1a: Angel
|-fail|p1a: Angel
|
|turn|2
|
|switch|p1a: Starburst|Jirachi, shiny|404\/404
|move|p2a: Celebi|U-turn|p1a: Starburst
|-damage|p1a: Starburst|350\/404
|join|Noctune
|
|switch|p2a: Landorus|Landorus, M|319\/319
|
|-heal|p1a: Starburst|375\/404|[from] item: Leftovers
|turn|3
|
|switch|p1a: Iluminatti|Hydreigon, M, shiny|325\/325
|move|p2a: Landorus|Sludge Wave|p1a: Iluminatti
|-damage|p1a: Iluminatti|111\/325
|
|turn|4
|
|switch|p1a: Landorus-Therian|Landorus-Therian, M|319\/319
|-ability|p1a: Landorus-Therian|Intimidate|[of] p2a: Landorus
|-unboost|p2a: Landorus|atk|1
|move|p2a: Landorus|Sludge Wave|p1a: Landorus-Therian
|-resisted|p1a: Landorus-Therian
|-damage|p1a: Landorus-Therian|215\/319
|
|turn|5
|join|Alkov
|
|move|p1a: Landorus-Therian|Explosion|p2a: Landorus
|-damage|p2a: Landorus|0 fnt
|faint|p1a: Landorus-Therian
|faint|p2a: Landorus
|
|c|âMoB Barley|idec
|c|âMoB Barley|XD
|join|belgrade
|join|Mentalist Swag
|c|âreq'd by crobro|i shouldve seen that coming
|c|âreq'd by crobro|seeing as to i use it
|c|âMoB Barley|it was my best play
|c|âreq'd by crobro|ik
|leave|Noctune
|
|switch|p1a: Angel|Diancie-Mega, shiny|241\/241
|switch|p2a: Talonflame|Talonflame, F|359\/359
|turn|6
|
|switch|p2a: Celebi|Celebi|404\/404
|move|p1a: Angel|Diamond Storm|p2a: Celebi
|-damage|p2a: Celebi|242\/404
|
|-heal|p2a: Celebi|267\/404|[from] item: Leftovers
|turn|7
|join|MynameisBORT
|c|+Jukain|where was
|c|+Jukain|the steel wing
|
|switch|p1a: Starburst|Jirachi, shiny|375\/404
|move|p2a: Celebi|Recover|p2a: Celebi
|-heal|p2a: Celebi|404\/404
|
|-heal|p1a: Starburst|400\/404|[from] item: Leftovers
|turn|8
|c|+Jukain|garbage players
|
|move|p1a: Starburst|Stealth Rock|p2a: Celebi
|-sidestart|p2: req'd by crobro|move: Stealth Rock
|move|p2a: Celebi|U-turn|p1a: Starburst
|-damage|p1a: Starburst|352\/404
|
|switch|p2a: Garchomp|Garchomp, F|357\/357
|-damage|p2a: Garchomp|335\/357|[from] Stealth Rock
|
|-heal|p1a: Starburst|377\/404|[from] item: Leftovers
|turn|9
|
|switch|p1a: Iluminatti|Hydreigon, M, shiny|111\/325
|move|p2a: Garchomp|Earthquake|p1a: Iluminatti
|-immune|p1a: Iluminatti|[msg]
|
|turn|10
|leave|Pure Demize
|join|Pure Demize
|join|Rob
|
|switch|p2a: Talonflame|Talonflame, F|359\/359
|-damage|p2a: Talonflame|180\/359|[from] Stealth Rock
|switch|p1a: Angel|Diancie-Mega, shiny|241\/241
|
|-heal|p2a: Talonflame|202\/359|[from] item: Leftovers
|turn|11
|
|move|p2a: Talonflame|Brave Bird|p1a: Angel
|-resisted|p1a: Angel
|-damage|p1a: Angel|185\/241
|-damage|p2a: Talonflame|184\/359|[from] recoil|[of] p1a: Angel
|move|p1a: Angel|Moonblast|p2a: Talonflame
|-resisted|p2a: Talonflame
|-damage|p2a: Talonflame|94\/359
|
|-heal|p2a: Talonflame|116\/359|[from] item: Leftovers
|turn|12
|join|dec19finaletears
|
|switch|p2a: Celebi|Celebi|404\/404
|-damage|p2a: Celebi|354\/404|[from] Stealth Rock
|move|p1a: Angel|Diamond Storm|p2a: Celebi
|-damage|p2a: Celebi|179\/404
|
|-heal|p2a: Celebi|204\/404|[from] item: Leftovers
|turn|13
|join|Noctune
|
|switch|p1a: Iluminatti|Hydreigon, M, shiny|111\/325
|move|p2a: Celebi|Recover|p2a: Celebi
|-heal|p2a: Celebi|404\/404
|
|turn|14
|
|move|p1a: Iluminatti|Dark Pulse|p2a: Celebi
|-supereffective|p2a: Celebi
|-damage|p2a: Celebi|121\/404
|-damage|p1a: Iluminatti|79\/325|[from] item: Life Orb
|move|p2a: Celebi|U-turn|p1a: Iluminatti
|-crit|p1a: Iluminatti
|-supereffective|p1a: Iluminatti
|-damage|p1a: Iluminatti|0 fnt
|faint|p1a: Iluminatti
|join|tomi â¥ bello
|
|switch|p2a: Skarmory|Skarmory, F|333\/333
|-damage|p2a: Skarmory|292\/333|[from] Stealth Rock
|
|
|switch|p1a: Magneto|Magnezone|281\/281
|turn|15
|
|switch|p2a: Talonflame|Talonflame, F|116\/359
|-damage|p2a: Talonflame|0 fnt|[from] Stealth Rock
|faint|p2a: Talonflame
|move|p1a: Magneto|Flash Cannon|p2: Talonflame|[notarget]
|-notarget
|
|
|switch|p2a: Garchomp|Garchomp, F|335\/357
|-damage|p2a: Garchomp|313\/357|[from] Stealth Rock
|turn|16
|c|âreq'd by crobro|i c u
|
|move|p2a: Garchomp|Earthquake|p1a: Magneto
|-supereffective|p1a: Magneto
|-damage|p1a: Magneto|0 fnt
|faint|p1a: Magneto
|
|
|switch|p1a: Wabbit Season|Azumarill, M|360\/360
|turn|17
|c|+Jukain|eq here
|c|+Jukain|plz
|c|+Jukain|<3
|
|move|p2a: Garchomp|Earthquake|p1a: Wabbit Season
|-damage|p1a: Wabbit Season|164\/360
|-enditem|p1a: Wabbit Season|Sitrus Berry|[eat]
|-heal|p1a: Wabbit Season|254\/360|[from] item: Sitrus Berry
|move|p1a: Wabbit Season|Belly Drum|p1a: Wabbit Season
|-damage|p1a: Wabbit Season|74\/360
|-setboost|p1a: Wabbit Season|atk|6|[from] move: Belly Drum
|
|turn|18
|join|NostalgiaTesting
|
|switch|p2a: Celebi|Celebi|121\/404
|-damage|p2a: Celebi|71\/404|[from] Stealth Rock
|move|p1a: Wabbit Season|Aqua Jet|p2a: Celebi
|-resisted|p2a: Celebi
|-damage|p2a: Celebi|0 fnt
|faint|p2a: Celebi
|
|
|switch|p2a: Gyarados|Gyarados, M|331\/331
|-damage|p2a: Gyarados|249\/331|[from] Stealth Rock
|-ability|p2a: Gyarados|Intimidate|[of] p1a: Wabbit Season
|-unboost|p1a: Wabbit Season|atk|1
|turn|19
|
|switch|p1a: Starburst|Jirachi, shiny|377\/404
|detailschange|p2a: Gyarados|Gyarados-Mega, M
|-mega|p2a: Gyarados|Gyarados|Gyaradosite
|-ability|p2a: Gyarados|Mold Breaker
|move|p2a: Gyarados|Waterfall|p1a: Starburst
|-damage|p1a: Starburst|196\/404
|
|-heal|p1a: Starburst|221\/404|[from] item: Leftovers
|turn|20
|
|move|p2a: Gyarados|Crunch|p1a: Starburst
|-supereffective|p1a: Starburst
|-damage|p1a: Starburst|0 fnt
|faint|p1a: Starburst
|
|
|switch|p1a: Angel|Diancie-Mega, shiny|185\/241
|turn|21
|c|âMoB Barley|i fucked up gg
|
|move|p1a: Angel|Moonblast|p2a: Gyarados
|-supereffective|p2a: Gyarados
|-damage|p2a: Gyarados|0 fnt
|faint|p2a: Gyarados
|
|c|âreq'd by crobro|gg
|join|Kimio
|c|âreq'd by crobro|sacking hydra was bad
|
|switch|p2a: Garchomp|Garchomp, F|313\/357
|-damage|p2a: Garchomp|291\/357|[from] Stealth Rock
|turn|22
|c|âMoB Barley|yeee scarf chomps nice
|
|move|p2a: Garchomp|Earthquake|p1a: Angel
|-supereffective|p1a: Angel
|-damage|p1a: Angel|0 fnt
|faint|p1a: Angel
|
|c|âreq'd by crobro|its so good in this meta
|c|âMoB Barley|its good and underated
|c|âMoB Barley|i use it too
|
|switch|p1a: Wabbit Season|Azumarill, M|74\/360
|turn|23
|
|move|p1a: Wabbit Season|Aqua Jet|p2a: Garchomp
|-damage|p2a: Garchomp|198\/357
|-damage|p1a: Wabbit Season|29\/360|[from] ability: Rough Skin|[of] p2a: Garchomp
|move|p2a: Garchomp|Earthquake|p1a: Wabbit Season
|-damage|p1a: Wabbit Season|0 fnt
|faint|p1a: Wabbit Season
|
|win|req'd by crobro
|leave|dec19finaletears
|leave|ShootTheGirlFirst
|leave|boltsandbombers
|leave|Qubae
|leave|pyromaniac 963
|leave|Alkov
|c|âreq'd by crobro|especially since everyone expects rocks
|leave|jesitheboss
|leave|MoB Barley
|player|p1
|leave|Kimio
|leave|Noctune
|leave|creepycretin
|leave|bforrester16
|leave|tomi â¥ bello
|leave|M0XI3 B00ST
|leave|the fun in this