|join|req'd by crobro
|join|fatd
|player|p1|req'd by crobro|288
|player|p2|fatd|278
|gametype|singles
|gen|6
|tier|OU
|rated
|clearpoke
|poke|p1|Gyarados, M
|poke|p1|Landorus, M
|poke|p1|Talonflame, M
|poke|p1|Celebi
|poke|p1|Skarmory, F
|poke|p1|Garchomp, M
|poke|p2|Bisharp, M
|poke|p2|Latios, M
|poke|p2|Manectric, F
|poke|p2|Azumarill, F
|poke|p2|Landorus-Therian, M
|poke|p2|Staraptor, M
|rule|Swagger Clause: Swagger is banned
|rule|Baton Pass Clause: Limit one PokÃ©mon knowing Baton Pass
|rule|Sleep Clause Mod: Limit one foe put to sleep
|rule|Species Clause: Limit one of each PokÃ©mon
|rule|OHKO Clause: OHKO moves are banned
|rule|Moody Clause: Moody is banned
|rule|Evasion Moves Clause: Evasion moves are banned
|rule|Endless Battle Clause: Forcing endless battles is banned
|rule|HP Percentage Mod: HP is shown in percentages
|teampreview
|
|start
|switch|p1a: Landorus|Landorus, M|319\/319
|switch|p2a: Micheal Vick|Manectric, F|281\/281
|turn|1
|
|switch|p1a: Celebi|Celebi|404\/404
|detailschange|p2a: Micheal Vick|Manectric-Mega, F
|-mega|p2a: Micheal Vick|Manectric|Manectite
|-ability|p2a: Micheal Vick|Intimidate|[of] p1a: Celebi
|-unboost|p1a: Celebi|atk|1
|move|p2a: Micheal Vick|Hidden Power|p1a: Celebi
|-supereffective|p1a: Celebi
|-damage|p1a: Celebi|282\/404
|
|-heal|p1a: Celebi|307\/404|[from] item: Leftovers
|turn|2
|
|move|p2a: Micheal Vick|Volt Switch|p1a: Celebi
|-resisted|p1a: Celebi
|-damage|p1a: Celebi|253\/404
|
|switch|p2a: Ray Rice|Bisharp, M|271\/271
|move|p1a: Celebi|Recover|p1a: Celebi
|-heal|p1a: Celebi|404\/404
|
|turn|3
|
|switch|p1a: Skarmory|Skarmory, F|333\/333
|switch|p2a: Micheal Vick|Manectric-Mega, F|281\/281
|-ability|p2a: Micheal Vick|Intimidate|[of] p1a: Skarmory
|-unboost|p1a: Skarmory|atk|1
|
|turn|4
|
|switch|p1a: Garchomp|Garchomp, M|357\/357
|move|p2a: Micheal Vick|Hidden Power|p1a: Garchomp
|-supereffective|p1a: Garchomp
|-damage|p1a: Garchomp|1\/357
|
|turn|5
|c|âfatd|hi balsak
|c|âfatd|do you know who im am
|c|âreq'd by crobro|hey whoever you are
|c|âreq'd by crobro|nah
|c|âreq'd by crobro|you caught me on titl
|c|âreq'd by crobro|tilt
|c|âfatd|oh im on tilt too i was yesterday anyways
|c|âfatd|im nick
|
|switch|p1a: Landorus|Landorus, M|319\/319
|switch|p2a: Johnny Manziel|Landorus-Therian, M|382\/382
|-ability|p2a: Johnny Manziel|Intimidate|[of] p1a: Landorus
|-unboost|p1a: Landorus|atk|1
|
|turn|6
|
|move|p1a: Landorus|Stealth Rock|p2a: Johnny Manziel
|-sidestart|p2: fatd|move: Stealth Rock
|move|p2a: Johnny Manziel|Stealth Rock|p1a: Landorus
|-sidestart|p1: req'd by crobro|move: Stealth Rock
|
|turn|7
|c|âfatd|or nyoung0251
|
|move|p1a: Landorus|Psychic|p2a: Johnny Manziel
|-damage|p2a: Johnny Manziel|171\/382
|move|p2a: Johnny Manziel|Stone Edge|p1a: Landorus
|-damage|p1a: Landorus|203\/319
|
|-heal|p2a: Johnny Manziel|194\/382|[from] item: Leftovers
|turn|8
|
|switch|p2a: Bill Cosby|Latios, M|301\/301
|-damage|p2a: Bill Cosby|264\/301|[from] Stealth Rock
|move|p1a: Landorus|Sludge Wave|p2a: Bill Cosby
|-damage|p2a: Bill Cosby|100\/301
|
|turn|9
|
|switch|p1a: Celebi|Celebi|404\/404
|-damage|p1a: Celebi|354\/404|[from] Stealth Rock
|move|p2a: Bill Cosby|Roost|p2a: Bill Cosby
|-heal|p2a: Bill Cosby|251\/301
|
|-heal|p1a: Celebi|379\/404|[from] item: Leftovers
|turn|10
|
|switch|p2a: Chris Anderson|Staraptor, M|311\/311
|-damage|p2a: Chris Anderson|234\/311|[from] Stealth Rock
|move|p1a: Celebi|Recover|p1a: Celebi
|-heal|p1a: Celebi|404\/404
|
|turn|11
|
|switch|p1a: Garchomp|Garchomp, M|1\/357
|-damage|p1a: Garchomp|0 fnt|[from] Stealth Rock
|faint|p1a: Garchomp
|move|p2a: Chris Anderson|U-turn|p1: Garchomp|[notarget]
|-notarget
|
|
|switch|p1a: Gyarados|Gyarados, M|331\/331
|-damage|p1a: Gyarados|249\/331|[from] Stealth Rock
|-ability|p1a: Gyarados|Intimidate|[of] p2a: Chris Anderson
|-unboost|p2a: Chris Anderson|atk|1
|turn|12
|
|move|p2a: Chris Anderson|U-turn|p1a: Gyarados
|-resisted|p1a: Gyarados
|-damage|p1a: Gyarados|213\/331
|
|switch|p2a: Chris Brown|Azumarill, F|403\/403
|-damage|p2a: Chris Brown|353\/403|[from] Stealth Rock
|move|p1a: Gyarados|Waterfall|p2a: Chris Brown
|-resisted|p2a: Chris Brown
|-damage|p2a: Chris Brown|264\/403
|
|turn|13
|
|switch|p1a: Skarmory|Skarmory, F|333\/333
|-damage|p1a: Skarmory|292\/333|[from] Stealth Rock
|move|p2a: Chris Brown|Play Rough|p1a: Skarmory
|-resisted|p1a: Skarmory
|-damage|p1a: Skarmory|206\/333
|
|turn|14
|
|switch|p2a: Micheal Vick|Manectric-Mega, F|281\/281
|-damage|p2a: Micheal Vick|246\/281|[from] Stealth Rock
|-ability|p2a: Micheal Vick|Intimidate|[of] p1a: Skarmory
|-unboost|p1a: Skarmory|atk|1
|move|p1a: Skarmory|Roost|p1a: Skarmory
|-heal|p1a: Skarmory|333\/333
|
|turn|15
|
|switch|p1a: Celebi|Celebi|404\/404
|-damage|p1a: Celebi|354\/404|[from] Stealth Rock
|move|p2a: Micheal Vick|Thunderbolt|p1a: Celebi
|-resisted|p1a: Celebi
|-damage|p1a: Celebi|288\/404
|
|-heal|p1a: Celebi|313\/404|[from] item: Leftovers
|turn|16
|
|move|p2a: Micheal Vick|Flamethrower|p1a: Celebi
|-supereffective|p1a: Celebi
|-damage|p1a: Celebi|153\/404
|move|p1a: Celebi|Recover|p1a: Celebi
|-heal|p1a: Celebi|355\/404
|
|-heal|p1a: Celebi|380\/404|[from] item: Leftovers
|turn|17
|
|move|p2a: Micheal Vick|Volt Switch|p1a: Celebi
|-resisted|p1a: Celebi
|-damage|p1a: Celebi|326\/404
|
|switch|p2a: Bill Cosby|Latios, M|251\/301
|-damage|p2a: Bill Cosby|214\/301|[from] Stealth Rock
|move|p1a: Celebi|U-turn|p2a: Bill Cosby
|-supereffective|p2a: Bill Cosby
|-damage|p2a: Bill Cosby|98\/301
|
|switch|p1a: Talonflame|Talonflame, M|359\/359
|-damage|p1a: Talonflame|180\/359|[from] Stealth Rock
|
|-heal|p1a: Talonflame|202\/359|[from] item: Leftovers
|turn|18
|
|switch|p2a: Ray Rice|Bisharp, M|271\/271
|-damage|p2a: Ray Rice|255\/271|[from] Stealth Rock
|move|p1a: Talonflame|Brave Bird|p2a: Ray Rice
|-resisted|p2a: Ray Rice
|-damage|p2a: Ray Rice|201\/271
|-damage|p1a: Talonflame|184\/359|[from] recoil|[of] p2a: Ray Rice
|
|-heal|p1a: Talonflame|206\/359|[from] item: Leftovers
|turn|19
|
|move|p1a: Talonflame|Will-O-Wisp|p2a: Ray Rice
|-status|p2a: Ray Rice|brn
|move|p2a: Ray Rice|Knock Off|p1a: Talonflame
|-damage|p1a: Talonflame|37\/359
|-enditem|p1a: Talonflame|Leftovers|[from] move: Knock Off|[of] p2a: Ray Rice
|-damage|p2a: Ray Rice|174\/271 brn|[from] item: Life Orb
|
|-damage|p2a: Ray Rice|141\/271 brn|[from] brn
|turn|20
|
|switch|p2a: Micheal Vick|Manectric-Mega, F|246\/281
|-damage|p2a: Micheal Vick|211\/281|[from] Stealth Rock
|-ability|p2a: Micheal Vick|Intimidate|[of] p1a: Talonflame
|-unboost|p1a: Talonflame|atk|1
|move|p1a: Talonflame|Roost|p1a: Talonflame
|-heal|p1a: Talonflame|217\/359
|
|turn|21
|
|move|p1a: Talonflame|Roost|p1a: Talonflame
|-heal|p1a: Talonflame|359\/359
|move|p2a: Micheal Vick|Thunderbolt|p1a: Talonflame
|-damage|p1a: Talonflame|206\/359
|
|turn|22
|
|move|p1a: Talonflame|Roost|p1a: Talonflame
|-heal|p1a: Talonflame|359\/359
|move|p2a: Micheal Vick|Flamethrower|p1a: Talonflame
|-resisted|p1a: Talonflame
|-damage|p1a: Talonflame|308\/359
|
|turn|23
|
|switch|p1a: Celebi|Celebi|326\/404
|-damage|p1a: Celebi|276\/404|[from] Stealth Rock
|move|p2a: Micheal Vick|Flamethrower|p1a: Celebi
|-supereffective|p1a: Celebi
|-damage|p1a: Celebi|116\/404
|
|-heal|p1a: Celebi|141\/404|[from] item: Leftovers
|turn|24
|
|move|p2a: Micheal Vick|Flamethrower|p1a: Celebi
|-supereffective|p1a: Celebi
|-damage|p1a: Celebi|0 fnt
|faint|p1a: Celebi
|
|-message|req'd by crobro forfeited.
|leave|req'd by crobro
|
|win|fatd
|raw|Ladder updating...
|c|âfatd|balsack no
|player|p1
|raw|req&apos;d by crobro's rating: 1622 &rarr; <strong>1600<\/strong><br \/>(-22 for losing)
|raw|fatd's rating: 1598 &rarr; <strong>1620<\/strong><br \/>(+22 for winning)