|join|TFL
|join|req'd by crobro
|join|djsol
|join|powaa
|join|only team testing
|join|Hallovv
|join|Vrin
|join|Fyrewynd
|join|swampert518
|join|Electrickery
|join|misc all day
|join|Kawhii Leonard
|join|Yuttt.annual
|join|stockholm negro
|join|Fizz on my Jayce
|player|p1|TFL|263
|player|p2|req'd by crobro|288
|gametype|singles
|gen|6
|tier|OU
|clearpoke
|poke|p1|Galvantula, M
|poke|p1|Sableye, F
|poke|p1|Landorus, M
|poke|p1|Excadrill, M
|poke|p1|Altaria, F
|poke|p1|Tyranitar, M
|poke|p2|Amoonguss, M
|poke|p2|Slowbro, M
|poke|p2|Heatran, M
|poke|p2|Landorus-Therian, M
|poke|p2|Metagross
|poke|p2|Clefable, F
|rule|Swagger Clause: Swagger is banned
|rule|Baton Pass Clause: Limit one PokÃ©mon knowing Baton Pass
|rule|Sleep Clause Mod: Limit one foe put to sleep
|rule|Species Clause: Limit one of each PokÃ©mon
|rule|OHKO Clause: OHKO moves are banned
|rule|Moody Clause: Moody is banned
|rule|Evasion Moves Clause: Evasion moves are banned
|rule|Endless Battle Clause: Forcing endless battles is banned
|rule|HP Percentage Mod: HP is shown in percentages
|teampreview
|join|r67uygih
|join|Grumtastic
|join|MikeDawg
|c| Yuttt.annual|gooo team!
|c| misc all day|FIRST, finals hype!!
|c| Vrin|sticky web team, wow
|c| Yuttt.annual|nice
|c| Yuttt.annual|defogger
|c| Yuttt.annual|!
|c| Vrin|tfl pulling out all the sorta-gimmicks
|join|asdfCookie
|join|i came from leddit
|
|start
|switch|p1a: Galvantula|Galvantula, M|281\/281
|switch|p2a: Landorus-Therian|Landorus-Therian, M|319\/319
|-ability|p2a: Landorus-Therian|Intimidate|[of] p1a: Galvantula
|-unboost|p1a: Galvantula|atk|1
|turn|1
|join|Teremiare
|join|GazR7
|join|another watcher
|join|Wheezer
|
|move|p2a: Landorus-Therian|Earthquake|p1a: Galvantula
|-enditem|p1a: Galvantula|Focus Sash
|-damage|p1a: Galvantula|1\/281
|move|p1a: Galvantula|Sticky Web|p2a: Landorus-Therian
|-sidestart|p2: req'd by crobro|move: Sticky Web
|
|turn|2
|c| djsol|god bless tfl using new team every day
|join|Neocelitis
|c| asdfCookie|nice n free switch
|c| Vrin|every game*
|
|move|p2a: Landorus-Therian|Earthquake|p1a: Galvantula
|-damage|p1a: Galvantula|0 fnt
|faint|p1a: Galvantula
|
|c| asdfCookie|free gravity
|c| Vrin|ooor not
|c| Yuttt.annual|wheres predonks
|
|switch|p1a: Landorus|Landorus, M|320\/320
|turn|3
|c|âreq'd by crobro|nah that play was obv
|c| asdfCookie|free gravity set up
|c| Yuttt.annual|reveal
|c| Yuttt.annual|not scarf
|c| Yuttt.annual|quiet galvantula
|c| GazR7|it outsped galv
|c| GazR7|lol
|join|Alldaalts
|c| Yuttt.annual|0 speed
|c| Grumtastic|where is cro bros spinner\/defoger
|c| Yuttt.annual|imo
|c|âreq'd by crobro|non existant
|
|switch|p2a: Heatran|Heatran, M|385\/385
|-activate|p2a: Heatran|move: Sticky Web
|-unboost|p2a: Heatran|spe|1
|move|p1a: Landorus|Stealth Rock|p2a: Heatran
|-sidestart|p2: req'd by crobro|move: Stealth Rock
|
|turn|4
|c| GazR7|not needed
|c| Yuttt.annual|wot
|
|switch|p2a: Landorus-Therian|Landorus-Therian, M|319\/319
|-damage|p2a: Landorus-Therian|280\/319|[from] Stealth Rock
|-ability|p2a: Landorus-Therian|Intimidate|[of] p1a: Landorus
|-unboost|p1a: Landorus|atk|1
|move|p1a: Landorus|Earth Power|p2a: Landorus-Therian
|-immune|p2a: Landorus-Therian|[msg]
|
|turn|5
|c| Yuttt.annual|that isn't
|c| Yuttt.annual|a counter
|c| GazR7|not all teams need a defogger
|c| GazR7|oh
|c| GazR7|#plays
|
|switch|p1a: Sableye|Sableye, F|304\/304
|move|p2a: Landorus-Therian|U-turn|p1a: Sableye
|-crit|p1a: Sableye
|-damage|p1a: Sableye|178\/304
|c| djsol|the reads
|c|âTFL|ur mums a play
|c|âTFL|imo
|c| Grumtastic|scarfed lando t
|c| MikeDawg|love the no-hazard control matchup
|c| Yuttt.annual|crit
|
|switch|p2a: Clefable|Clefable, F|393\/393
|-activate|p2a: Clefable|move: Sticky Web
|-unboost|p2a: Clefable|spe|1
|
|turn|6
|c| Yuttt.annual|nice hacks
|c| misc all day|lol nice prediction tfl
|c| Yuttt.annual|mega sableye
|
|switch|p1a: Excadrill|Excadrill, M|362\/362
|-ability|p1a: Excadrill|Mold Breaker
|move|p2a: Clefable|Moonblast|p1a: Excadrill
|-resisted|p1a: Excadrill
|-damage|p1a: Excadrill|280\/362
|
|turn|7
|c| Yuttt.annual|is here
|join|JDynasty
|c|âreq'd by crobro|tfl knows my sets
|c| GazR7|wow
|leave|JDynasty
|c| GazR7|tfl's team
|c| Grumtastic|would have died if lo fireblast
|join|DragonOwl678
|c| GazR7|gets fucked up by fairies
|join|JDynasty
|
|switch|p2a: Slowbro|Slowbro, M|393\/393
|-activate|p2a: Slowbro|move: Sticky Web
|-unboost|p2a: Slowbro|spe|1
|-damage|p2a: Slowbro|344\/393|[from] Stealth Rock
|move|p1a: Excadrill|Iron Head|p2a: Slowbro
|-resisted|p2a: Slowbro
|-damage|p2a: Slowbro|273\/393
|
|-heal|p2a: Slowbro|297\/393|[from] item: Leftovers
|turn|8
|leave|JDynasty
|c| misc all day|ive seen that thing asplode twice now, i think most of us know lol
|join|JDynasty
|c| GazR7|if clef stays alive and is unaware then this won't take too long
|leave|powaa
|leave|JDynasty
|c| Grumtastic|its ot unawear
|
|switch|p1a: Altaria|Altaria, F|297\/297
|move|p2a: Slowbro|Scald|p1a: Altaria
|-crit|p1a: Altaria
|-resisted|p1a: Altaria
|-damage|p1a: Altaria|228\/297
|
|-heal|p2a: Slowbro|321\/393|[from] item: Leftovers
|turn|9
|c| Grumtastic|not*
|c| Yuttt.annual|crit
|c| Yuttt.annual|sotp it
|join|endd
|c| GazR7|ah
|join|Demandred
|
|switch|p2a: Amoonguss|Amoonguss, M|431\/431
|-damage|p2a: Amoonguss|378\/431|[from] Stealth Rock
|-activate|p2a: Amoonguss|move: Sticky Web
|-unboost|p2a: Amoonguss|spe|1
|detailschange|p1a: Altaria|Altaria-Mega, F
|-mega|p1a: Altaria|Altaria|Altarianite
|move|p1a: Altaria|Dragon Dance|p1a: Altaria
|-boost|p1a: Altaria|atk|1
|-boost|p1a: Altaria|spe|1
|
|-heal|p2a: Amoonguss|404\/431|[from] item: Black Sludge
|turn|10
|c| GazR7|O.o
|c| Yuttt.annual|reveal
|
|move|p1a: Altaria|Fire Blast|p2a: Amoonguss
|-supereffective|p2a: Amoonguss
|-damage|p2a: Amoonguss|118\/431
|move|p2a: Amoonguss|Clear Smog|p1a: Altaria
|-supereffective|p1a: Altaria
|-damage|p1a: Altaria|132\/297
|-clearboost|p1a: Altaria
|
|-heal|p2a: Amoonguss|144\/431|[from] item: Black Sludge
|turn|11
|c| Yuttt.annual|psycho cut
|c| Yuttt.annual|the bait
|c| Yuttt.annual|BAIT
|c| GazR7|welp
|c| Yuttt.annual|his 4th move
|c| Yuttt.annual|hyper voice
|c| Yuttt.annual|3rd move
|c| Yuttt.annual|eq
|c| Yuttt.annual|tbh js
|
|move|p1a: Altaria|Hyper Voice|p2a: Amoonguss
|-resisted|p2a: Amoonguss
|-damage|p2a: Amoonguss|39\/431
|move|p2a: Amoonguss|Spore|p1a: Altaria
|-status|p1a: Altaria|slp
|
|-heal|p2a: Amoonguss|65\/431|[from] item: Black Sludge
|turn|12
|c| GazR7|ddance roost return fire blast?...
|c|âreq'd by crobro|ez
|c| Yuttt.annual|erm
|c| djsol|blunder
|c| Yuttt.annual|that wasn't
|c| GazR7|who were you even predicting
|
|switch|p1a: Tyranitar|Tyranitar, M|342\/342
|-weather|Sandstorm
|switch|p2a: Metagross|Metagross|301\/301
|-damage|p2a: Metagross|283\/301|[from] Stealth Rock
|-activate|p2a: Metagross|move: Sticky Web
|-fail|p2a: Metagross|unboost|[from] ability: Clear Body|[of] p2a: Metagross
|
|-weather|Sandstorm|[upkeep]
|turn|13
|c| GazR7|heatran was obvs switch
|join|AQB
|c| GazR7|oh my
|c| Grumtastic|predicts
|
|detailschange|p2a: Metagross|Metagross-Mega
|-mega|p2a: Metagross|Metagross|Metagrossite
|move|p1a: Tyranitar|Crunch|p2a: Metagross
|-supereffective|p2a: Metagross
|-damage|p2a: Metagross|73\/301
|move|p2a: Metagross|Meteor Mash|p1a: Tyranitar
|-supereffective|p1a: Tyranitar
|-damage|p1a: Tyranitar|0 fnt
|faint|p1a: Tyranitar
|
|-weather|Sandstorm|[upkeep]
|
|switch|p1a: Sableye|Sableye, F|178\/304
|turn|14
|
|move|p1a: Sableye|Will-O-Wisp|p2a: Metagross
|-status|p2a: Metagross|brn
|move|p2a: Metagross|Meteor Mash|p1a: Sableye
|-damage|p1a: Sableye|78\/304
|
|-weather|Sandstorm|[upkeep]
|-damage|p1a: Sableye|59\/304|[from] sandstorm
|-damage|p2a: Metagross|36\/301 brn|[from] brn
|turn|15
|c|âreq'd by crobro|nooo
|c| GazR7|wow
|c|âTFL|k
|c| Yuttt.annual|is this not everyones dream
|c| Grumtastic|i mean fables right there
|
|switch|p2a: Clefable|Clefable, F|393\/393
|-activate|p2a: Clefable|move: Sticky Web
|-unboost|p2a: Clefable|spe|1
|move|p1a: Sableye|Gravity|p1a: Sableye
|-fieldstart|move: Gravity
|
|-weather|Sandstorm|[upkeep]
|-damage|p1a: Sableye|40\/304|[from] sandstorm
|turn|16
|c| Grumtastic|could have just switched it in
|c| GazR7|gravity..
|join|JDynasty
|c| Yuttt.annual|time to wreck
|c| Yuttt.annual|?
|c|âreq'd by crobro|i thought he would go to lando
|c|âreq'd by crobro|cus that switch was obv
|c| Yuttt.annual|._.
|
|switch|p1a: Excadrill|Excadrill, M|280\/362
|-ability|p1a: Excadrill|Mold Breaker
|move|p2a: Clefable|Moonblast|p1a: Excadrill
|-resisted|p1a: Excadrill
|-damage|p1a: Excadrill|208\/362
|-unboost|p1a: Excadrill|spa|1
|
|-weather|none
|turn|17
|join|Doomed hi
|join|Time Stalling Lmao
|c| Grumtastic|everythings  getting equed
|c|âTFL|sac something
|c| GazR7|flame was by far better play
|c| Yuttt.annual|get
|
|switch|p2a: Metagross|Metagross-Mega|36\/301 brn
|-damage|p2a: Metagross|18\/301 brn|[from] Stealth Rock
|-activate|p2a: Metagross|move: Sticky Web
|-unboost|p2a: Metagross|spe|1
|move|p1a: Excadrill|Earthquake|p2a: Metagross
|-supereffective|p2a: Metagross
|-damage|p2a: Metagross|0 fnt
|faint|p2a: Metagross
|
|c| Yuttt.annual|killed
|
|switch|p2a: Slowbro|Slowbro, M|393\/393
|-damage|p2a: Slowbro|344\/393|[from] Stealth Rock
|-activate|p2a: Slowbro|move: Sticky Web
|-unboost|p2a: Slowbro|spe|1
|turn|18
|c|âreq'd by crobro|wait
|
|move|p1a: Excadrill|Earthquake|p2a: Slowbro
|-damage|p2a: Slowbro|157\/393
|move|p2a: Slowbro|Scald|p1a: Excadrill
|-supereffective|p1a: Excadrill
|-damage|p1a: Excadrill|0 fnt
|faint|p1a: Excadrill
|
|-heal|p2a: Slowbro|181\/393|[from] item: Leftovers
|c|âTFL|nice lando
|c|âreq'd by crobro|why wouldnt i go to lando
|c| Yuttt.annual|nice counter
|c| djsol|that slowbro is just busting your ass
|c| Grumtastic|tfl is you sded there i would have sucked on your golden marbles
|
|switch|p1a: Landorus|Landorus, M|320\/320
|turn|19
|c|âreq'd by crobro|hes banded
|leave|Time Stalling Lmao
|
|switch|p2a: Amoonguss|Amoonguss, M|208\/431
|-activate|p2a: Amoonguss|move: Sticky Web
|-unboost|p2a: Amoonguss|spe|1
|-damage|p2a: Amoonguss|155\/431|[from] Stealth Rock
|move|p1a: Landorus|Earth Power|p2a: Amoonguss
|-damage|p2a: Amoonguss|0 fnt
|faint|p2a: Amoonguss
|
|-fieldend|move: Gravity
|
|switch|p2a: Slowbro|Slowbro, M|312\/393
|-damage|p2a: Slowbro|263\/393|[from] Stealth Rock
|-activate|p2a: Slowbro|move: Sticky Web
|-unboost|p2a: Slowbro|spe|1
|turn|20
|leave|MikeDawg
|c| GazR7|lando-t
|c| GazR7|knock off
|c| Yuttt.annual|slowbro
|c| Yuttt.annual|the counter
|c| GazR7|would have sealed it
|c| GazR7|wtf
|c|âreq'd by crobro|stop telling me plays
|c|âreq'd by crobro|i dont have knock
|c| GazR7|._.
|
|switch|p2a: Heatran|Heatran, M|385\/385
|-damage|p2a: Heatran|337\/385|[from] Stealth Rock
|-activate|p2a: Heatran|move: Sticky Web
|-unboost|p2a: Heatran|spe|1
|move|p1a: Landorus|Earth Power|p2a: Heatran
|-supereffective|p2a: Heatran
|-damage|p2a: Heatran|0 fnt
|faint|p2a: Heatran
|
|c| GazR7|you don't have knock
|c|âTFL|superpower is better imo
|c|âreq'd by crobro|knock is bad
|c| GazR7|superpower
|c| GazR7|knock off
|c| GazR7|uturn
|c| GazR7|eq
|join|Penis of Shrek
|
|switch|p2a: Slowbro|Slowbro, M|393\/393
|-activate|p2a: Slowbro|move: Sticky Web
|-unboost|p2a: Slowbro|spe|1
|-damage|p2a: Slowbro|344\/393|[from] Stealth Rock
|turn|21
|c| GazR7|knock off for gengar
|c|âreq'd by crobro|stone edge
|c| GazR7|no
|c| Grumtastic|reveal ice beam
|c| GazR7|ko is better on average
|c| GazR7|se is only for zards
|c| Yuttt.annual|18.8%????
|c| GazR7|and thundy
|c|âreq'd by crobro|alrght thats your opinionr
|
|switch|p1a: Altaria|Altaria-Mega, F|132\/297 slp
|move|p2a: Slowbro|Scald|p1a: Altaria
|-resisted|p1a: Altaria
|-damage|p1a: Altaria|90\/297 slp
|
|-heal|p2a: Slowbro|368\/393|[from] item: Leftovers
|turn|22
|c| Yuttt.annual|how well trained
|c| Yuttt.annual|is this
|c|âTFL|lets see
|
|switch|p2a: Clefable|Clefable, F|393\/393
|-activate|p2a: Clefable|move: Sticky Web
|-unboost|p2a: Clefable|spe|1
|cant|p1a: Altaria|slp
|
|turn|23
|c|âTFL|if i can wake
|c| Grumtastic|it wakes up now
|
|switch|p1a: Sableye|Sableye, F|40\/304
|move|p2a: Clefable|Moonblast|p1a: Sableye
|-crit|p1a: Sableye
|-supereffective|p1a: Sableye
|-damage|p1a: Sableye|0 fnt
|faint|p1a: Sableye
|
|c| Yuttt.annual|crit
|c| Yuttt.annual|...
|
|switch|p1a: Landorus|Landorus, M|320\/320
|turn|24
|c|âreq'd by crobro|mattered
|c|âTFL|i will
|c|âTFL|for you yuttt
|c| Grumtastic|is that fable life orbed btw?
|c| misc all day|sad crit
|c| djsol|calc'd
|c| Yuttt.annual|hp ice clef
|c| Yuttt.annual|:x
|
|switch|p2a: Landorus-Therian|Landorus-Therian, M|280\/319
|-damage|p2a: Landorus-Therian|241\/319|[from] Stealth Rock
|-ability|p2a: Landorus-Therian|Intimidate|[of] p1a: Landorus
|-unboost|p1a: Landorus|atk|1
|move|p1a: Landorus|Sludge Wave|p2a: Landorus-Therian
|-resisted|p2a: Landorus-Therian
|-damage|p2a: Landorus-Therian|123\/319
|
|turn|25
|c|âreq'd by crobro|or you know
|c|âreq'd by crobro|ice beam
|join|landersonboi
|c| Yuttt.annual|nah
|c|âTFL|miss
|join|Azvyr
|
|move|p2a: Landorus-Therian|Explosion|p1a: Landorus
|-damage|p1a: Landorus|0 fnt
|faint|p2a: Landorus-Therian
|faint|p1a: Landorus
|
|c| Yuttt.annual|hp ice
|c|âreq'd by crobro|yes
|c| Grumtastic|rekt
|c|âTFL|ahhh
|c| misc all day|lul
|c|âreq'd by crobro|i won
|c| djsol|GG
|c|âreq'd by crobro|finally
|c| Yuttt.annual|tfl
|c| djsol|~
|c| Yuttt.annual|u suck
|leave|Electrickery
|
|switch|p1a: Altaria|Altaria-Mega, F|90\/297 slp
|switch|p2a: Clefable|Clefable, F|393\/393
|-activate|p2a: Clefable|move: Sticky Web
|-unboost|p2a: Clefable|spe|1
|turn|26
|c| DragonOwl678|dayum
|leave|only team testing
|c| Yuttt.annual|using bad version of tem
|c|âTFL|i jus remembered
|c| misc all day|wwakeup
|c|âTFL|a bit too late
|c|âreq'd by crobro|lel
|c|âTFL|:[
|c|âreq'd by crobro|i tried to cancel
|c|âreq'd by crobro|cus i thought youd switch
|c|âTFL|jeeejee
|
|cant|p1a: Altaria|slp
|move|p2a: Clefable|Moonblast|p1a: Altaria
|-supereffective|p1a: Altaria
|-damage|p1a: Altaria|0 fnt
|faint|p1a: Altaria
|
|win|req'd by crobro
|c|âreq'd by crobro|gg
|leave|i came from leddit
|c| Vrin|GG