|join|lil manaphy
|join|req'd by crobro
|player|p1|lil manaphy|170
|player|p2|req'd by crobro|144
|gametype|singles
|gen|6
|tier|OU
|rated
|clearpoke
|poke|p1|Lopunny, F
|poke|p1|Rotom-Wash
|poke|p1|Gothitelle, F
|poke|p1|Celebi
|poke|p1|Heatran, F
|poke|p1|Mandibuzz, F
|poke|p2|Victini
|poke|p2|Lopunny, M
|poke|p2|Slowbro, F
|poke|p2|Ferrothorn, M
|poke|p2|Mandibuzz, F
|poke|p2|Kyurem-Black
|rule|Swagger Clause: Swagger is banned
|rule|Baton Pass Clause: Limit one PokÃ©mon knowing Baton Pass
|rule|Sleep Clause Mod: Limit one foe put to sleep
|rule|Species Clause: Limit one of each PokÃ©mon
|rule|OHKO Clause: OHKO moves are banned
|rule|Moody Clause: Moody is banned
|rule|Evasion Moves Clause: Evasion moves are banned
|rule|Endless Battle Clause: Forcing endless battles is banned
|rule|HP Percentage Mod: HP is shown in percentages
|teampreview
|
|start
|switch|p1a: Lopunny|Lopunny, F|271\/271
|switch|p2a: Lordtini|Victini|341\/341
|turn|1
|
|switch|p2a: Slowlord|Slowbro, F|394\/394
|detailschange|p1a: Lopunny|Lopunny-Mega, F
|-mega|p1a: Lopunny|Lopunny|Lopunnite
|move|p1a: Lopunny|Fake Out|p2a: Slowlord
|-crit|p2a: Slowlord
|-damage|p2a: Slowlord|322\/394
|
|-heal|p2a: Slowlord|346\/394|[from] item: Leftovers
|turn|2
|
|switch|p1a: Rotom-Wash|Rotom-Wash|303\/303
|switch|p2a: Lordtini|Victini|341\/341
|
|turn|3
|
|move|p2a: Lordtini|U-turn|p1a: Rotom-Wash
|-damage|p1a: Rotom-Wash|218\/303
|
|switch|p2a: Ferrolord|Ferrothorn, M|352\/352
|move|p1a: Rotom-Wash|Hydro Pump|p2a: Ferrolord
|-resisted|p2a: Ferrolord
|-damage|p2a: Ferrolord|301\/352
|
|-heal|p1a: Rotom-Wash|236\/303|[from] item: Leftovers
|-heal|p2a: Ferrolord|323\/352|[from] item: Leftovers
|turn|4
|
|move|p1a: Rotom-Wash|Will-O-Wisp|p2a: Ferrolord
|-status|p2a: Ferrolord|brn
|move|p2a: Ferrolord|Stealth Rock|p1a: Rotom-Wash
|-sidestart|p1: lil manaphy|move: Stealth Rock
|
|-heal|p1a: Rotom-Wash|254\/303|[from] item: Leftovers
|-heal|p2a: Ferrolord|345\/352 brn|[from] item: Leftovers
|-damage|p2a: Ferrolord|301\/352 brn|[from] brn
|turn|5
|
|move|p1a: Rotom-Wash|Volt Switch|p2a: Ferrolord
|-resisted|p2a: Ferrolord
|-damage|p2a: Ferrolord|267\/352 brn
|
|switch|p1a: Mandibuzz|Mandibuzz, F|423\/423
|-damage|p1a: Mandibuzz|318\/423|[from] Stealth Rock
|move|p2a: Ferrolord|Leech Seed|p1a: Mandibuzz
|-start|p1a: Mandibuzz|move: Leech Seed
|
|-heal|p2a: Ferrolord|289\/352 brn|[from] item: Leftovers
|-damage|p1a: Mandibuzz|266\/423|[from] Leech Seed|[of] p2a: Ferrolord
|-heal|p2a: Ferrolord|341\/352 brn|[silent]
|-damage|p2a: Ferrolord|297\/352 brn|[from] brn
|turn|6
|
|switch|p2a: Kyurem-lord|Kyurem-Black|404\/404
|-ability|p2a: Kyurem-lord|Teravolt
|move|p1a: Mandibuzz|Defog|p2a: Kyurem-lord
|-unboost|p2a: Kyurem-lord|evasion|1
|-sideend|p1: lil manaphy|Stealth Rock|[from] move: Defog|[of] p1a: Mandibuzz
|
|-damage|p1a: Mandibuzz|214\/423|[from] Leech Seed|[of] p2a: Kyurem-lord
|turn|7
|
|switch|p1a: Gothitelle|Gothitelle, F|301\/301
|move|p2a: Kyurem-lord|Substitute|p2a: Kyurem-lord
|-start|p2a: Kyurem-lord|Substitute
|-damage|p2a: Kyurem-lord|303\/404
|
|-heal|p2a: Kyurem-lord|328\/404|[from] item: Leftovers
|turn|8
|join|KissChu
|
|move|p1a: Gothitelle|Psychic|p2a: Kyurem-lord
|-end|p2a: Kyurem-lord|Substitute
|move|p2a: Kyurem-lord|Ice Beam|p1a: Gothitelle
|-damage|p1a: Gothitelle|150\/301
|
|-heal|p2a: Kyurem-lord|353\/404|[from] item: Leftovers
|turn|9
|
|move|p1a: Gothitelle|Psychic|p2a: Kyurem-lord
|-damage|p2a: Kyurem-lord|208\/404
|move|p2a: Kyurem-lord|Ice Beam|p1a: Gothitelle
|-damage|p1a: Gothitelle|3\/301
|
|-heal|p2a: Kyurem-lord|233\/404|[from] item: Leftovers
|turn|10
|
|move|p1a: Gothitelle|Psychic|p2a: Kyurem-lord
|-damage|p2a: Kyurem-lord|83\/404
|move|p2a: Kyurem-lord|Earth Power|p1a: Gothitelle
|-damage|p1a: Gothitelle|0 fnt
|faint|p1a: Gothitelle
|
|-heal|p2a: Kyurem-lord|108\/404|[from] item: Leftovers
|
|switch|p1a: Heatran|Heatran, F|384\/384
|turn|11
|
|move|p1a: Heatran|Lava Plume|p2a: Kyurem-lord
|-damage|p2a: Kyurem-lord|0 fnt
|faint|p2a: Kyurem-lord
|
|c|âlil manaphy|what a threat
|c|âreq'd by crobro|i dont know why more people dont use i
|c|âreq'd by crobro|it
|join|Eric Wrona
|c|âlil manaphy|scizor i guess
|
|switch|p2a: Lordpunny|Lopunny, M|271\/271
|turn|12
|
|switch|p1a: Celebi|Celebi|404\/404
|detailschange|p2a: Lordpunny|Lopunny-Mega, M
|-mega|p2a: Lordpunny|Lopunny|Lopunnite
|move|p2a: Lordpunny|High Jump Kick|p1a: Celebi|[miss]
|-miss|p2a: Lordpunny|p1a: Celebi
|-damage|p2a: Lordpunny|136\/271|[from] highjumpkick
|
|turn|13
|c|âlil manaphy|:x
|
|switch|p2a: Lordtini|Victini|341\/341
|move|p1a: Celebi|Baton Pass|p1a: Celebi
|
|switch|p1a: Heatran|Heatran, F|384\/384
|
|turn|14
|
|move|p2a: Lordtini|Bolt Strike|p1a: Heatran
|-damage|p1a: Heatran|175\/384
|move|p1a: Heatran|Stealth Rock|p2a: Lordtini
|-sidestart|p2: req'd by crobro|move: Stealth Rock
|
|-heal|p1a: Heatran|199\/384|[from] item: Leftovers
|turn|15
|
|switch|p1a: Celebi|Celebi|404\/404
|move|p2a: Lordtini|Bolt Strike|p1a: Celebi
|-resisted|p1a: Celebi
|-damage|p1a: Celebi|297\/404
|
|-heal|p1a: Celebi|322\/404|[from] item: Leftovers
|turn|16
|
|move|p2a: Lordtini|Bolt Strike|p1a: Celebi
|-resisted|p1a: Celebi
|-damage|p1a: Celebi|219\/404
|move|p1a: Celebi|Baton Pass|p1a: Celebi
|
|switch|p1a: Rotom-Wash|Rotom-Wash|254\/303
|
|-heal|p1a: Rotom-Wash|272\/303|[from] item: Leftovers
|turn|17
|c|âlil manaphy|i suck
|
|switch|p2a: Ferrolord|Ferrothorn, M|297\/352 brn
|-damage|p2a: Ferrolord|275\/352 brn|[from] Stealth Rock
|move|p1a: Rotom-Wash|Volt Switch|p2a: Ferrolord
|-resisted|p2a: Ferrolord
|-damage|p2a: Ferrolord|243\/352 brn
|
|switch|p1a: Heatran|Heatran, F|199\/384
|
|-heal|p1a: Heatran|223\/384|[from] item: Leftovers
|-heal|p2a: Ferrolord|265\/352 brn|[from] item: Leftovers
|-damage|p2a: Ferrolord|221\/352 brn|[from] brn
|turn|18
|
|switch|p2a: Mandilord|Mandibuzz, F|423\/423
|-damage|p2a: Mandilord|318\/423|[from] Stealth Rock
|move|p1a: Heatran|Lava Plume|p2a: Mandilord
|-damage|p2a: Mandilord|218\/423
|-status|p2a: Mandilord|brn
|
|-heal|p1a: Heatran|247\/384|[from] item: Leftovers
|-heal|p2a: Mandilord|244\/423 brn|[from] item: Leftovers
|-damage|p2a: Mandilord|192\/423 brn|[from] brn
|turn|19
|
|move|p1a: Heatran|Taunt|p2a: Mandilord
|-start|p2a: Mandilord|move: Taunt
|cant|p2a: Mandilord|move: Taunt|Defog
|
|-heal|p1a: Heatran|271\/384|[from] item: Leftovers
|-heal|p2a: Mandilord|218\/423 brn|[from] item: Leftovers
|-damage|p2a: Mandilord|166\/423 brn|[from] brn
|turn|20
|
|switch|p2a: Slowlord|Slowbro, F|394\/394
|-damage|p2a: Slowlord|345\/394|[from] Stealth Rock
|move|p1a: Heatran|Lava Plume|p2a: Slowlord
|-resisted|p2a: Slowlord
|-damage|p2a: Slowlord|281\/394
|
|-heal|p1a: Heatran|295\/384|[from] item: Leftovers
|-heal|p2a: Slowlord|305\/394|[from] item: Leftovers
|turn|21
|
|switch|p1a: Celebi|Celebi|219\/404
|move|p2a: Slowlord|Scald|p1a: Celebi
|-resisted|p1a: Celebi
|-damage|p1a: Celebi|186\/404
|
|-heal|p1a: Celebi|211\/404|[from] item: Leftovers
|-heal|p2a: Slowlord|329\/394|[from] item: Leftovers
|turn|22
|
|switch|p2a: Lordtini|Victini|341\/341
|-damage|p2a: Lordtini|256\/341|[from] Stealth Rock
|move|p1a: Celebi|Recover|p1a: Celebi
|-heal|p1a: Celebi|404\/404
|
|turn|23
|
|switch|p1a: Heatran|Heatran, F|295\/384
|move|p2a: Lordtini|U-turn|p1a: Heatran
|-resisted|p1a: Heatran
|-damage|p1a: Heatran|268\/384
|
|switch|p2a: Lordpunny|Lopunny-Mega, M|136\/271
|-damage|p2a: Lordpunny|120\/271|[from] Stealth Rock
|
|-heal|p1a: Heatran|292\/384|[from] item: Leftovers
|turn|24
|
|switch|p1a: Celebi|Celebi|404\/404
|move|p2a: Lordpunny|High Jump Kick|p1a: Celebi
|-resisted|p1a: Celebi
|-damage|p1a: Celebi|292\/404
|
|-heal|p1a: Celebi|317\/404|[from] item: Leftovers
|turn|25
|
|move|p2a: Lordpunny|Power-Up Punch|p1a: Celebi
|-resisted|p1a: Celebi
|-damage|p1a: Celebi|278\/404
|-boost|p2a: Lordpunny|atk|1
|move|p1a: Celebi|Recover|p1a: Celebi
|-heal|p1a: Celebi|404\/404
|
|turn|26
|c|âlil manaphy|oh
|
|switch|p2a: Mandilord|Mandibuzz, F|166\/423 brn
|-damage|p2a: Mandilord|61\/423 brn|[from] Stealth Rock
|move|p1a: Celebi|Giga Drain|p2a: Mandilord
|-crit|p2a: Mandilord
|-resisted|p2a: Mandilord
|-damage|p2a: Mandilord|5\/423 brn
|
|-heal|p2a: Mandilord|31\/423 brn|[from] item: Leftovers
|-damage|p2a: Mandilord|0 fnt|[from] brn
|faint|p2a: Mandilord
|-message|req'd by crobro forfeited.
|
|win|lil manaphy
|raw|Ladder updating...
|leave|req'd by crobro
|player|p2
|raw|lil manaphy's rating: 1849 &rarr; <strong>1861<\/strong><br \/>(+12 for winning)
|raw|req&apos;d by crobro's rating: 1698 &rarr; <strong>1687<\/strong><br \/>(-11 for losing)