|join|req'd by crobro
|join|jagon29
|player|p1|req'd by crobro|288
|player|p2|jagon29|290
|gametype|singles
|gen|6
|tier|OU
|rated
|clearpoke
|poke|p1|Gyarados, F
|poke|p1|Landorus, M
|poke|p1|Talonflame, M
|poke|p1|Celebi
|poke|p1|Skarmory, F
|poke|p1|Garchomp, M
|poke|p2|Landorus, M
|poke|p2|Sylveon, M
|poke|p2|Scizor, F
|poke|p2|Slowbro, F
|poke|p2|Thundurus, M
|poke|p2|Sableye, M
|rule|Swagger Clause: Swagger is banned
|rule|Baton Pass Clause: Limit one PokÃ©mon knowing Baton Pass
|rule|Sleep Clause Mod: Limit one foe put to sleep
|rule|Species Clause: Limit one of each PokÃ©mon
|rule|OHKO Clause: OHKO moves are banned
|rule|Moody Clause: Moody is banned
|rule|Evasion Moves Clause: Evasion moves are banned
|rule|Endless Battle Clause: Forcing endless battles is banned
|rule|HP Percentage Mod: HP is shown in percentages
|teampreview
|
|start
|switch|p1a: Landorus|Landorus, M|319\/319
|switch|p2a: Sylveon|Sylveon, M|393\/393
|turn|1
|join|kolky
|
|move|p1a: Landorus|Stealth Rock|p2a: Sylveon
|-sidestart|p2: jagon29|move: Stealth Rock
|move|p2a: Sylveon|Hyper Voice|p1a: Landorus
|-damage|p1a: Landorus|0 fnt
|faint|p1a: Landorus
|
|
|switch|p1a: Talonflame|Talonflame, M|359\/359
|turn|2
|
|switch|p2a: Slowbro|Slowbro, F|393\/393
|-damage|p2a: Slowbro|344\/393|[from] Stealth Rock
|move|p1a: Talonflame|Will-O-Wisp|p2a: Slowbro
|-status|p2a: Slowbro|brn
|
|-damage|p2a: Slowbro|295\/393 brn|[from] brn
|turn|3
|
|switch|p2a: Scizor|Scizor, F|344\/344
|-damage|p2a: Scizor|301\/344|[from] Stealth Rock
|move|p1a: Talonflame|Taunt|p2a: Scizor
|-start|p2a: Scizor|move: Taunt
|
|-heal|p2a: Scizor|322\/344|[from] item: Leftovers
|turn|4
|
|switch|p1a: Gyarados|Gyarados, F|331\/331
|-ability|p1a: Gyarados|Intimidate|[of] p2a: Scizor
|-unboost|p2a: Scizor|atk|1
|switch|p2a: Slowbro|Slowbro, F|393\/393 brn
|-damage|p2a: Slowbro|344\/393 brn|[from] Stealth Rock
|
|-damage|p2a: Slowbro|295\/393 brn|[from] brn
|turn|5
|
|switch|p2a: Sylveon|Sylveon, M|393\/393
|-damage|p2a: Sylveon|344\/393|[from] Stealth Rock
|detailschange|p1a: Gyarados|Gyarados-Mega, F
|-mega|p1a: Gyarados|Gyarados|Gyaradosite
|-ability|p1a: Gyarados|Mold Breaker
|move|p1a: Gyarados|Substitute|p1a: Gyarados
|-start|p1a: Gyarados|Substitute
|-damage|p1a: Gyarados|249\/331
|
|turn|6
|
|switch|p1a: Talonflame|Talonflame, M|359\/359
|move|p2a: Sylveon|Hyper Voice|p1a: Talonflame
|-resisted|p1a: Talonflame
|-damage|p1a: Talonflame|218\/359
|
|-heal|p1a: Talonflame|240\/359|[from] item: Leftovers
|turn|7
|
|move|p1a: Talonflame|Brave Bird|p2a: Sylveon
|-damage|p2a: Sylveon|185\/393
|-damage|p1a: Talonflame|188\/359|[from] recoil|[of] p2a: Sylveon
|move|p2a: Sylveon|Hyper Voice|p1a: Talonflame
|-resisted|p1a: Talonflame
|-damage|p1a: Talonflame|45\/359
|
|-heal|p1a: Talonflame|67\/359|[from] item: Leftovers
|turn|8
|
|switch|p2a: Scizor|Scizor, F|322\/344
|-damage|p2a: Scizor|279\/344|[from] Stealth Rock
|move|p1a: Talonflame|Roost|p1a: Talonflame
|-heal|p1a: Talonflame|247\/359
|
|-heal|p1a: Talonflame|269\/359|[from] item: Leftovers
|-heal|p2a: Scizor|300\/344|[from] item: Leftovers
|turn|9
|
|switch|p2a: Slowbro|Slowbro, F|393\/393 brn
|-damage|p2a: Slowbro|344\/393 brn|[from] Stealth Rock
|move|p1a: Talonflame|Taunt|p2a: Slowbro
|-start|p2a: Slowbro|move: Taunt
|
|-heal|p1a: Talonflame|291\/359|[from] item: Leftovers
|-damage|p2a: Slowbro|295\/393 brn|[from] brn
|turn|10
|
|switch|p1a: Celebi|Celebi|404\/404
|move|p2a: Slowbro|Scald|p1a: Celebi
|-resisted|p1a: Celebi
|-damage|p1a: Celebi|367\/404
|-status|p1a: Celebi|brn
|
|-heal|p1a: Celebi|392\/404 brn|[from] item: Leftovers
|-damage|p1a: Celebi|342\/404 brn|[from] brn
|-damage|p2a: Slowbro|246\/393 brn|[from] brn
|turn|11
|
|switch|p2a: Scizor|Scizor, F|300\/344
|-damage|p2a: Scizor|257\/344|[from] Stealth Rock
|move|p1a: Celebi|U-turn|p2a: Scizor
|-resisted|p2a: Scizor
|-damage|p2a: Scizor|246\/344
|
|switch|p1a: Talonflame|Talonflame, M|291\/359
|
|-heal|p1a: Talonflame|313\/359|[from] item: Leftovers
|-heal|p2a: Scizor|267\/344|[from] item: Leftovers
|turn|12
|leave|kolky
|
|switch|p1a: Gyarados|Gyarados-Mega, F|249\/331
|-ability|p1a: Gyarados|Mold Breaker
|move|p2a: Scizor|Defog|p1a: Gyarados
|-unboost|p1a: Gyarados|evasion|1
|-sideend|p2: jagon29|Stealth Rock|[from] move: Defog|[of] p2a: Scizor
|
|-heal|p2a: Scizor|288\/344|[from] item: Leftovers
|turn|13
|
|switch|p1a: Talonflame|Talonflame, M|313\/359
|move|p2a: Scizor|U-turn|p1a: Talonflame
|-resisted|p1a: Talonflame
|-damage|p1a: Talonflame|268\/359
|
|switch|p2a: Thundurus|Thundurus, M|299\/299
|
|-heal|p1a: Talonflame|290\/359|[from] item: Leftovers
|turn|14
|
|switch|p1a: Celebi|Celebi|342\/404
|move|p2a: Thundurus|Volt Switch|p1a: Celebi
|-resisted|p1a: Celebi
|-damage|p1a: Celebi|284\/404
|-damage|p2a: Thundurus|270\/299|[from] item: Life Orb
|
|switch|p2a: Scizor|Scizor, F|288\/344
|
|-heal|p1a: Celebi|309\/404|[from] item: Leftovers
|-heal|p2a: Scizor|309\/344|[from] item: Leftovers
|turn|15
|
|switch|p1a: Talonflame|Talonflame, M|290\/359
|move|p2a: Scizor|U-turn|p1a: Talonflame
|-resisted|p1a: Talonflame
|-damage|p1a: Talonflame|242\/359
|
|switch|p2a: Thundurus|Thundurus, M|270\/299
|
|-heal|p1a: Talonflame|264\/359|[from] item: Leftovers
|turn|16
|
|move|p1a: Talonflame|Roost|p1a: Talonflame
|-heal|p1a: Talonflame|359\/359
|move|p2a: Thundurus|Volt Switch|p1a: Talonflame
|-damage|p1a: Talonflame|219\/359
|-damage|p2a: Thundurus|241\/299|[from] item: Life Orb
|
|switch|p2a: Landorus|Landorus, M|319\/319
|
|-heal|p1a: Talonflame|241\/359|[from] item: Leftovers
|turn|17
|
|move|p1a: Talonflame|Brave Bird|p2a: Landorus
|-damage|p2a: Landorus|181\/319
|-damage|p1a: Talonflame|195\/359|[from] recoil|[of] p2a: Landorus
|move|p2a: Landorus|Sludge Wave|p1a: Talonflame
|-damage|p1a: Talonflame|42\/359
|
|-heal|p1a: Talonflame|64\/359|[from] item: Leftovers
|turn|18
|
|move|p2a: Landorus|Earth Power|p1a: Talonflame
|-immune|p1a: Talonflame|[msg]
|move|p1a: Talonflame|Will-O-Wisp|p2a: Landorus
|-status|p2a: Landorus|brn
|
|-heal|p1a: Talonflame|86\/359|[from] item: Leftovers
|-damage|p2a: Landorus|142\/319 brn|[from] brn
|turn|19
|
|move|p1a: Talonflame|Roost|p1a: Talonflame
|-heal|p1a: Talonflame|266\/359
|move|p2a: Landorus|Earth Power|p1a: Talonflame
|-supereffective|p1a: Talonflame
|-damage|p1a: Talonflame|0 fnt
|faint|p1a: Talonflame
|
|-damage|p2a: Landorus|103\/319 brn|[from] brn
|
|switch|p1a: Garchomp|Garchomp, M|357\/357
|turn|20
|
|move|p1a: Garchomp|Dragon Claw|p2a: Landorus
|-damage|p2a: Landorus|0 fnt
|faint|p2a: Landorus
|
|
|switch|p2a: Sylveon|Sylveon, M|185\/393
|turn|21
|
|switch|p1a: Skarmory|Skarmory, F|333\/333
|switch|p2a: Thundurus|Thundurus, M|241\/299
|
|turn|22
|
|switch|p1a: Celebi|Celebi|309\/404
|move|p2a: Thundurus|Volt Switch|p1a: Celebi
|-resisted|p1a: Celebi
|-damage|p1a: Celebi|243\/404
|-damage|p2a: Thundurus|212\/299|[from] item: Life Orb
|
|switch|p2a: Sylveon|Sylveon, M|185\/393
|
|-heal|p1a: Celebi|268\/404|[from] item: Leftovers
|turn|23
|
|move|p1a: Celebi|U-turn|p2a: Sylveon
|-resisted|p2a: Sylveon
|-damage|p2a: Sylveon|151\/393
|
|switch|p1a: Skarmory|Skarmory, F|333\/333
|move|p2a: Sylveon|Hyper Voice|p1a: Skarmory
|-crit|p1a: Skarmory
|-resisted|p1a: Skarmory
|-damage|p1a: Skarmory|13\/333
|
|turn|24
|
|move|p1a: Skarmory|Roost|p1a: Skarmory
|-heal|p1a: Skarmory|180\/333
|move|p2a: Sylveon|Hyper Voice|p1a: Skarmory
|-resisted|p1a: Skarmory
|-damage|p1a: Skarmory|0 fnt
|faint|p1a: Skarmory
|
|
|switch|p1a: Gyarados|Gyarados-Mega, F|249\/331
|-ability|p1a: Gyarados|Mold Breaker
|turn|25
|
|move|p1a: Gyarados|Waterfall|p2a: Sylveon
|-damage|p2a: Sylveon|0 fnt
|faint|p2a: Sylveon
|
|
|switch|p2a: Sableye|Sableye, M|304\/304
|turn|26
|
|switch|p1a: Celebi|Celebi|268\/404
|move|p2a: Sableye|Will-O-Wisp|p1a: Celebi
|-status|p1a: Celebi|brn
|
|-heal|p1a: Celebi|293\/404 brn|[from] item: Leftovers
|-damage|p1a: Celebi|243\/404 brn|[from] brn
|turn|27
|
|move|p1a: Celebi|U-turn|p2a: Sableye
|-damage|p2a: Sableye|273\/304
|
|switch|p1a: Garchomp|Garchomp, M|357\/357
|move|p2a: Sableye|Foul Play|p1a: Garchomp
|-damage|p1a: Garchomp|189\/357
|-damage|p2a: Sableye|235\/304|[from] ability: Rough Skin|[of] p1a: Garchomp
|
|-heal|p2a: Sableye|254\/304|[from] item: Leftovers
|turn|28
|
|switch|p1a: Celebi|Celebi|243\/404
|move|p2a: Sableye|Will-O-Wisp|p1a: Celebi
|-status|p1a: Celebi|brn
|
|-heal|p1a: Celebi|268\/404 brn|[from] item: Leftovers
|-heal|p2a: Sableye|273\/304|[from] item: Leftovers
|-damage|p1a: Celebi|218\/404 brn|[from] brn
|turn|29
|
|move|p1a: Celebi|Perish Song|p1a: Celebi
|-fieldactivate|move: Perish Song
|move|p2a: Sableye|Foul Play|p1a: Celebi
|-supereffective|p1a: Celebi
|-damage|p1a: Celebi|38\/404 brn
|
|-start|p1a: Celebi|perish3
|-start|p2a: Sableye|perish3
|-heal|p1a: Celebi|63\/404 brn|[from] item: Leftovers
|-heal|p2a: Sableye|292\/304|[from] item: Leftovers
|-damage|p1a: Celebi|13\/404 brn|[from] brn
|turn|30
|
|switch|p2a: Scizor|Scizor, F|309\/344
|move|p1a: Celebi|Recover|p1a: Celebi
|-heal|p1a: Celebi|215\/404 brn
|
|-start|p1a: Celebi|perish2
|-heal|p1a: Celebi|240\/404 brn|[from] item: Leftovers
|-heal|p2a: Scizor|330\/344|[from] item: Leftovers
|-damage|p1a: Celebi|190\/404 brn|[from] brn
|turn|31
|
|switch|p1a: Garchomp|Garchomp, M|189\/357
|move|p2a: Scizor|U-turn|p1a: Garchomp
|-damage|p1a: Garchomp|56\/357
|-damage|p2a: Scizor|287\/344|[from] ability: Rough Skin|[of] p1a: Garchomp
|
|switch|p2a: Sableye|Sableye, M|292\/304
|
|-heal|p2a: Sableye|304\/304|[from] item: Leftovers
|turn|32
|
|move|p2a: Sableye|Will-O-Wisp|p1a: Garchomp|[miss]
|-miss|p2a: Sableye|p1a: Garchomp
|move|p1a: Garchomp|Outrage|p2a: Sableye
|-damage|p2a: Sableye|12\/304
|
|-heal|p2a: Sableye|31\/304|[from] item: Leftovers
|turn|33
|
|switch|p2a: Scizor|Scizor, F|287\/344
|move|p1a: Garchomp|Outrage|p2a: Scizor
|-resisted|p2a: Scizor
|-damage|p2a: Scizor|177\/344
|
|-heal|p2a: Scizor|198\/344|[from] item: Leftovers
|turn|34
|
|move|p2a: Scizor|Bullet Punch|p1a: Garchomp
|-crit|p1a: Garchomp
|-damage|p1a: Garchomp|0 fnt
|-damage|p2a: Scizor|155\/344|[from] ability: Rough Skin|[of] p1a: Garchomp
|faint|p1a: Garchomp
|
|-heal|p2a: Scizor|176\/344|[from] item: Leftovers
|
|switch|p1a: Gyarados|Gyarados-Mega, F|249\/331
|-ability|p1a: Gyarados|Mold Breaker
|turn|35
|
|move|p1a: Gyarados|Waterfall|p2a: Scizor
|-damage|p2a: Scizor|11\/344
|move|p2a: Scizor|U-turn|p1a: Gyarados
|-supereffective|p1a: Gyarados
|-damage|p1a: Gyarados|0 fnt
|faint|p1a: Gyarados
|
|switch|p2a: Thundurus|Thundurus, M|212\/299
|
|-message|req'd by crobro forfeited.
|leave|req'd by crobro
|
|win|jagon29
|raw|Ladder updating...
|player|p1
|raw|req&apos;d by crobro's rating: 1676 &rarr; <strong>1653<\/strong><br \/>(-23 for losing)
|raw|jagon29's rating: 1628 &rarr; <strong>1651<\/strong><br \/>(+23 for winning)