|join|req'd by crobro
|join|Boikachu
|player|p1|req'd by crobro|247
|player|p2|Boikachu|23
|gametype|singles
|gen|6
|tier|OU
|rated
|clearpoke
|poke|p1|Amoonguss, M
|poke|p1|Slowbro, F
|poke|p1|Heatran, M
|poke|p1|Landorus-Therian, M
|poke|p1|Metagross
|poke|p1|Clefable, M
|poke|p2|Mew
|poke|p2|Clefable, F
|poke|p2|Blissey, F, shiny
|poke|p2|Arcanine, M, shiny
|poke|p2|Forretress, M, shiny
|poke|p2|Sableye, M, shiny
|rule|Swagger Clause: Swagger is banned
|rule|Baton Pass Clause: Limit one PokÃ©mon knowing Baton Pass
|rule|Sleep Clause Mod: Limit one foe put to sleep
|rule|Species Clause: Limit one of each PokÃ©mon
|rule|OHKO Clause: OHKO moves are banned
|rule|Moody Clause: Moody is banned
|rule|Evasion Moves Clause: Evasion moves are banned
|rule|Endless Battle Clause: Forcing endless battles is banned
|rule|HP Percentage Mod: HP is shown in percentages
|teampreview
|
|start
|switch|p1a: Heatran|Heatran, M|385\/385
|switch|p2a: Sableye|Sableye, M, shiny|304\/304
|turn|1
|
|switch|p1a: Clefable|Clefable, M|393\/393
|detailschange|p2a: Sableye|Sableye-Mega, M, shiny
|-mega|p2a: Sableye|Sableye|Sablenite
|move|p2a: Sableye|Confuse Ray|p1a: Clefable
|-start|p1a: Clefable|confusion
|
|turn|2
|
|-activate|p1a: Clefable|confusion
|-damage|p1a: Clefable|377\/393|[from] confusion
|move|p2a: Sableye|Knock Off|p1a: Clefable
|-resisted|p1a: Clefable
|-damage|p1a: Clefable|330\/393
|-enditem|p1a: Clefable|Leftovers|[from] move: Knock Off|[of] p2a: Sableye
|
|turn|3
|
|switch|p2a: Arcanine|Arcanine, M, shiny|383\/383
|-ability|p2a: Arcanine|Intimidate|[of] p1a: Clefable
|-unboost|p1a: Clefable|atk|1
|-activate|p1a: Clefable|confusion
|move|p1a: Clefable|Calm Mind|p1a: Clefable
|-boost|p1a: Clefable|spa|1
|-boost|p1a: Clefable|spd|1
|
|turn|4
|
|switch|p1a: Landorus-Therian|Landorus-Therian, M|319\/319
|-ability|p1a: Landorus-Therian|Intimidate|[of] p2a: Arcanine
|-unboost|p2a: Arcanine|atk|1
|move|p2a: Arcanine|Iron Tail|p1a: Landorus-Therian
|-damage|p1a: Landorus-Therian|256\/319
|
|turn|5
|
|switch|p2a: Forretress|Forretress, M, shiny|353\/353
|move|p1a: Landorus-Therian|U-turn|p2a: Forretress
|-resisted|p2a: Forretress
|-damage|p2a: Forretress|325\/353
|
|switch|p1a: Heatran|Heatran, M|385\/385
|
|-heal|p2a: Forretress|347\/353|[from] item: Leftovers
|turn|6
|
|switch|p2a: Sableye|Sableye-Mega, M, shiny|304\/304
|move|p1a: Heatran|Lava Plume|p2a: Sableye
|-crit|p2a: Sableye
|-damage|p2a: Sableye|171\/304
|
|turn|7
|
|move|p1a: Heatran|Lava Plume|p2a: Sableye
|-damage|p2a: Sableye|84\/304
|move|p2a: Sableye|Recover|p2a: Sableye
|-heal|p2a: Sableye|236\/304
|
|turn|8
|
|move|p1a: Heatran|Lava Plume|p2a: Sableye
|-crit|p2a: Sableye
|-damage|p2a: Sableye|103\/304
|move|p2a: Sableye|Knock Off|p1a: Heatran
|-damage|p1a: Heatran|295\/385
|-enditem|p1a: Heatran|Leftovers|[from] move: Knock Off|[of] p2a: Sableye
|
|turn|9
|
|switch|p1a: Clefable|Clefable, M|330\/393
|move|p2a: Sableye|Recover|p2a: Sableye
|-heal|p2a: Sableye|255\/304
|
|turn|10
|
|switch|p1a: Landorus-Therian|Landorus-Therian, M|256\/319
|-ability|p1a: Landorus-Therian|Intimidate|[of] p2a: Sableye
|-unboost|p2a: Sableye|atk|1
|switch|p2a: Blissey|Blissey, F, shiny|687\/687
|
|turn|11
|
|move|p1a: Landorus-Therian|Earthquake|p2a: Blissey
|-damage|p2a: Blissey|275\/687
|move|p2a: Blissey|Ice Beam|p1a: Landorus-Therian
|-crit|p1a: Landorus-Therian
|-supereffective|p1a: Landorus-Therian
|-damage|p1a: Landorus-Therian|0 fnt
|faint|p1a: Landorus-Therian
|
|
|switch|p1a: Metagross|Metagross|301\/301
|turn|12
|
|switch|p1a: Heatran|Heatran, M|295\/385
|switch|p2a: Forretress|Forretress, M, shiny|347\/353
|
|-heal|p2a: Forretress|353\/353|[from] item: Leftovers
|turn|13
|
|move|p1a: Heatran|Stealth Rock|p2a: Forretress
|-sidestart|p2: Boikachu|move: Stealth Rock
|move|p2a: Forretress|Pain Split|p1a: Heatran
|-sethp|p1a: Heatran|324\/385|p2a: Forretress|324\/353|[from] move: Pain Split
|
|-heal|p2a: Forretress|346\/353|[from] item: Leftovers
|turn|14
|c|âBoikachu|oh no
|
|switch|p2a: Arcanine|Arcanine, M, shiny|383\/383
|-damage|p2a: Arcanine|288\/383|[from] Stealth Rock
|-ability|p2a: Arcanine|Intimidate|[of] p1a: Heatran
|-unboost|p1a: Heatran|atk|1
|move|p1a: Heatran|Lava Plume|p2a: Arcanine
|-resisted|p2a: Arcanine
|-damage|p2a: Arcanine|223\/383
|
|turn|15
|
|switch|p1a: Slowbro|Slowbro, F|394\/394
|move|p2a: Arcanine|Morning Sun|p2a: Arcanine
|-heal|p2a: Arcanine|383\/383
|
|turn|16
|
|switch|p2a: Blissey|Blissey, F, shiny|275\/687
|-damage|p2a: Blissey|190\/687|[from] Stealth Rock
|move|p1a: Slowbro|Scald|p2a: Blissey
|-damage|p2a: Blissey|126\/687
|
|turn|17
|
|switch|p1a: Clefable|Clefable, M|330\/393
|move|p2a: Blissey|Soft-Boiled|p2a: Blissey
|-heal|p2a: Blissey|470\/687
|
|turn|18
|
|move|p1a: Clefable|Calm Mind|p1a: Clefable
|-boost|p1a: Clefable|spa|1
|-boost|p1a: Clefable|spd|1
|move|p2a: Blissey|Stealth Rock|p1a: Clefable
|-sidestart|p1: req'd by crobro|move: Stealth Rock
|
|turn|19
|
|move|p1a: Clefable|Calm Mind|p1a: Clefable
|-boost|p1a: Clefable|spa|1
|-boost|p1a: Clefable|spd|1
|move|p2a: Blissey|Light Screen|p2a: Blissey
|-sidestart|p2: Boikachu|move: Light Screen
|
|turn|20
|
|switch|p2a: Clefable|Clefable, F|393\/393
|-damage|p2a: Clefable|344\/393|[from] Stealth Rock
|move|p1a: Clefable|Calm Mind|p1a: Clefable
|-boost|p1a: Clefable|spa|1
|-boost|p1a: Clefable|spd|1
|
|turn|21
|
|move|p2a: Clefable|Moonblast|p1a: Clefable
|-damage|p1a: Clefable|203\/393
|move|p1a: Clefable|Calm Mind|p1a: Clefable
|-boost|p1a: Clefable|spa|1
|-boost|p1a: Clefable|spd|1
|
|turn|22
|
|move|p2a: Clefable|Moonblast|p1a: Clefable
|-crit|p1a: Clefable
|-damage|p1a: Clefable|0 fnt
|faint|p1a: Clefable
|
|
|switch|p1a: Metagross|Metagross|301\/301
|-damage|p1a: Metagross|283\/301|[from] Stealth Rock
|turn|23
|
|switch|p1a: Slowbro|Slowbro, F|394\/394
|-damage|p1a: Slowbro|345\/394|[from] Stealth Rock
|switch|p2a: Forretress|Forretress, M, shiny|346\/353
|-damage|p2a: Forretress|302\/353|[from] Stealth Rock
|
|-heal|p2a: Forretress|324\/353|[from] item: Leftovers
|-heal|p1a: Slowbro|369\/394|[from] item: Leftovers
|-sideend|p2: Boikachu|move: Light Screen
|turn|24
|
|switch|p2a: Blissey|Blissey, F, shiny|470\/687
|-damage|p2a: Blissey|385\/687|[from] Stealth Rock
|move|p1a: Slowbro|Fire Blast|p2a: Blissey
|-damage|p2a: Blissey|327\/687
|
|-heal|p1a: Slowbro|393\/394|[from] item: Leftovers
|turn|25
|
|switch|p1a: Metagross|Metagross|283\/301
|-damage|p1a: Metagross|265\/301|[from] Stealth Rock
|move|p2a: Blissey|Soft-Boiled|p2a: Blissey
|-heal|p2a: Blissey|671\/687
|
|turn|26
|
|switch|p2a: Forretress|Forretress, M, shiny|324\/353
|-damage|p2a: Forretress|280\/353|[from] Stealth Rock
|detailschange|p1a: Metagross|Metagross-Mega
|-mega|p1a: Metagross|Metagross|Metagrossite
|move|p1a: Metagross|Meteor Mash|p2a: Forretress
|-resisted|p2a: Forretress
|-damage|p2a: Forretress|211\/353
|
|-heal|p2a: Forretress|233\/353|[from] item: Leftovers
|turn|27
|
|move|p1a: Metagross|Meteor Mash|p2a: Forretress
|-resisted|p2a: Forretress
|-damage|p2a: Forretress|168\/353
|move|p2a: Forretress|Rapid Spin|p1a: Metagross
|-resisted|p1a: Metagross
|-damage|p1a: Metagross|260\/301
|-sideend|p2: Boikachu|Stealth Rock|[from] move: Rapid Spin|[of] p2a: Forretress
|
|-heal|p2a: Forretress|190\/353|[from] item: Leftovers
|turn|28
|
|move|p1a: Metagross|Meteor Mash|p2a: Forretress
|-resisted|p2a: Forretress
|-damage|p2a: Forretress|128\/353
|move|p2a: Forretress|Reflect|p2a: Forretress
|-sidestart|p2: Boikachu|Reflect
|
|-heal|p2a: Forretress|150\/353|[from] item: Leftovers
|turn|29
|
|move|p1a: Metagross|Meteor Mash|p2a: Forretress
|-resisted|p2a: Forretress
|-damage|p2a: Forretress|117\/353
|move|p2a: Forretress|Pain Split|p1a: Metagross
|-sethp|p1a: Metagross|188\/301|p2a: Forretress|188\/353|[from] move: Pain Split
|
|-heal|p2a: Forretress|210\/353|[from] item: Leftovers
|turn|30
|
|move|p1a: Metagross|Meteor Mash|p2a: Forretress
|-resisted|p2a: Forretress
|-damage|p2a: Forretress|179\/353
|move|p2a: Forretress|Volt Switch|p1a: Metagross
|-damage|p1a: Metagross|155\/301
|
|switch|p2a: Arcanine|Arcanine, M, shiny|383\/383
|-ability|p2a: Arcanine|Intimidate|[of] p1a: Metagross
|-unboost|p1a: Metagross|atk|1
|
|turn|31
|
|switch|p1a: Heatran|Heatran, M|324\/385
|-damage|p1a: Heatran|276\/385|[from] Stealth Rock
|move|p2a: Arcanine|Bulldoze|p1a: Heatran
|-supereffective|p1a: Heatran
|-damage|p1a: Heatran|68\/385
|-unboost|p1a: Heatran|spe|1
|
|turn|32
|-message|req'd by crobro forfeited.
|
|win|Boikachu
|raw|Ladder updating...
|leave|req'd by crobro
|player|p1
|raw|req&apos;d by crobro's rating: 1462 &rarr; <strong>1440<\/strong><br \/>(-22 for losing)
|raw|Boikachu's rating: 1424 &rarr; <strong>1446<\/strong><br \/>(+22 for winning)