|join|Invok3r
|join|req'd by crobro
|player|p1|Invok3r|250
|player|p2|req'd by crobro|288
|gametype|singles
|gen|6
|tier|OU
|rated
|clearpoke
|poke|p1|Metagross, shiny
|poke|p1|Keldeo
|poke|p1|Hippowdon, M, shiny
|poke|p1|Ferrothorn, F
|poke|p1|Clefable, M, shiny
|poke|p1|Gengar, F
|poke|p2|Gyarados, F
|poke|p2|Landorus, M
|poke|p2|Talonflame, F
|poke|p2|Celebi
|poke|p2|Skarmory, M
|poke|p2|Garchomp, M
|rule|Swagger Clause: Swagger is banned
|rule|Baton Pass Clause: Limit one PokÃ©mon knowing Baton Pass
|rule|Sleep Clause Mod: Limit one foe put to sleep
|rule|Species Clause: Limit one of each PokÃ©mon
|rule|OHKO Clause: OHKO moves are banned
|rule|Moody Clause: Moody is banned
|rule|Evasion Moves Clause: Evasion moves are banned
|rule|Endless Battle Clause: Forcing endless battles is banned
|rule|HP Percentage Mod: HP is shown in percentages
|teampreview
|c|âInvok3r|is that suicide skarm
|c|âreq'd by crobro|ofc
|c|âInvok3r|niche
|join|Tagx
|
|start
|switch|p1a: Hippowdon|Hippowdon, M, shiny|420\/420
|switch|p2a: Talonflame|Talonflame, F|359\/359
|-weather|Sandstorm
|turn|1
|
|move|p2a: Talonflame|Taunt|p1a: Hippowdon
|-start|p1a: Hippowdon|move: Taunt
|cant|p1a: Hippowdon|move: Taunt|Stealth Rock
|
|-weather|Sandstorm|[upkeep]
|-damage|p2a: Talonflame|337\/359|[from] sandstorm
|-heal|p2a: Talonflame|359\/359|[from] item: Leftovers
|turn|2
|c|âInvok3r|another bulk up talonflame
|c|âreq'd by crobro|ew no
|c|âreq'd by crobro|thats bad
|c|âInvok3r|my team has nothing for this
|c|âInvok3r|sigh
|
|move|p2a: Talonflame|Will-O-Wisp|p1a: Hippowdon
|-status|p1a: Hippowdon|brn
|move|p1a: Hippowdon|Rock Slide|p2a: Talonflame
|-supereffective|p2a: Talonflame
|-damage|p2a: Talonflame|191\/359
|
|-weather|Sandstorm|[upkeep]
|-damage|p2a: Talonflame|169\/359|[from] sandstorm
|-heal|p2a: Talonflame|191\/359|[from] item: Leftovers
|-damage|p1a: Hippowdon|368\/420 brn|[from] brn
|turn|3
|c|âreq'd by crobro|i see you
|c|âInvok3r|icu
|
|move|p2a: Talonflame|Roost|p2a: Talonflame
|-heal|p2a: Talonflame|359\/359
|move|p1a: Hippowdon|Earthquake|p2a: Talonflame
|-supereffective|p2a: Talonflame
|-damage|p2a: Talonflame|171\/359
|
|-weather|Sandstorm|[upkeep]
|-damage|p2a: Talonflame|149\/359|[from] sandstorm
|-heal|p2a: Talonflame|171\/359|[from] item: Leftovers
|-heal|p1a: Hippowdon|394\/420 brn|[from] item: Leftovers
|-damage|p1a: Hippowdon|342\/420 brn|[from] brn
|-end|p1a: Hippowdon|move: Taunt
|turn|4
|c|âInvok3r|holy shit
|c|âInvok3r|you weak fuck hippo
|
|switch|p2a: Celebi|Celebi|404\/404
|move|p1a: Hippowdon|Rock Slide|p2a: Celebi
|-damage|p2a: Celebi|375\/404
|
|-weather|Sandstorm|[upkeep]
|-damage|p2a: Celebi|350\/404|[from] sandstorm
|-heal|p2a: Celebi|375\/404|[from] item: Leftovers
|-heal|p1a: Hippowdon|368\/420 brn|[from] item: Leftovers
|-damage|p1a: Hippowdon|316\/420 brn|[from] brn
|turn|5
|
|move|p2a: Celebi|U-turn|p1a: Hippowdon
|-damage|p1a: Hippowdon|279\/420 brn
|
|switch|p2a: Landorus|Landorus, M|319\/319
|move|p1a: Hippowdon|Stealth Rock|p2a: Landorus
|-sidestart|p2: req'd by crobro|move: Stealth Rock
|
|-weather|none
|-heal|p1a: Hippowdon|305\/420 brn|[from] item: Leftovers
|-damage|p1a: Hippowdon|253\/420 brn|[from] brn
|turn|6
|c|âInvok3r|what do i have for this
|c|âInvok3r|lololol
|c|âreq'd by crobro|jack shit
|c|âInvok3r|and if this is rp
|c|âInvok3r|D:
|
|move|p2a: Landorus|Psychic|p1a: Hippowdon
|-damage|p1a: Hippowdon|63\/420 brn
|move|p1a: Hippowdon|Rock Slide|p2a: Landorus
|-damage|p2a: Landorus|285\/319
|
|-heal|p1a: Hippowdon|89\/420 brn|[from] item: Leftovers
|-damage|p1a: Hippowdon|37\/420 brn|[from] brn
|turn|7
|c|âreq'd by crobro|man your team needs works
|c|âInvok3r|yeah
|
|move|p2a: Landorus|Psychic|p1a: Hippowdon
|-damage|p1a: Hippowdon|0 fnt
|faint|p1a: Hippowdon
|
|c|âInvok3r|any suggestions?
|
|switch|p1a: Keldeo|Keldeo|323\/323
|turn|8
|c|âreq'd by crobro|latias
|c|âInvok3r|over what
|c|âreq'd by crobro|umm
|c|âInvok3r|i used to have a latios
|c|âreq'd by crobro|probs gengar
|c|âInvok3r|3 attack roost
|c|âInvok3r|but w\/o gengar i insta lose to stall
|c|âreq'd by crobro|cm keld
|
|switch|p2a: Celebi|Celebi|375\/404
|-damage|p2a: Celebi|325\/404|[from] Stealth Rock
|move|p1a: Keldeo|Hidden Power|p2a: Celebi
|-supereffective|p2a: Celebi
|-damage|p2a: Celebi|109\/404
|
|-heal|p2a: Celebi|134\/404|[from] item: Leftovers
|turn|9
|c|âInvok3r|n
|c|âInvok3r|hp bug
|c|âreq'd by crobro|is that actually
|c|âInvok3r|yes
|c|âreq'd by crobro|nah thats specs flying
|c|âInvok3r|if you say so
|c|âreq'd by crobro|oh wait
|c|âreq'd by crobro|thats hp bug
|c|âInvok3r|y
|
|switch|p1a: Gengar|Gengar, F|261\/261
|switch|p2a: Skarmory|Skarmory, M|333\/333
|-damage|p2a: Skarmory|292\/333|[from] Stealth Rock
|
|turn|10
|c|âInvok3r|it hits lati twins
|c|âInvok3r|and slowbro
|c|âInvok3r|and celebi
|
|switch|p2a: Landorus|Landorus, M|285\/319
|-damage|p2a: Landorus|246\/319|[from] Stealth Rock
|move|p1a: Gengar|Taunt|p2a: Landorus
|-start|p2a: Landorus|move: Taunt
|
|turn|11
|c|âInvok3r|shit
|c|âInvok3r|should I risk the roll
|c|âreq'd by crobro|on what
|c|âInvok3r|plz no hp investment
|
|move|p1a: Gengar|Shadow Ball|p2a: Landorus
|-damage|p2a: Landorus|34\/319
|-damage|p1a: Gengar|235\/261|[from] item: Life Orb
|move|p2a: Landorus|Psychic|p1a: Gengar
|-crit|p1a: Gengar
|-supereffective|p1a: Gengar
|-damage|p1a: Gengar|0 fnt
|faint|p1a: Gengar
|
|c|âInvok3r|wait what
|c|âInvok3r|OH SHIT
|c|âInvok3r|the calc had -spdef nature
|c|âreq'd by crobro|lol
|c|âInvok3r|lololool
|c|âInvok3r|im too good at this game
|
|switch|p1a: Keldeo|Keldeo|323\/323
|turn|12
|c|âInvok3r|I should hp bug here
|
|switch|p2a: Talonflame|Talonflame, F|171\/359
|-damage|p2a: Talonflame|0 fnt|[from] Stealth Rock
|faint|p2a: Talonflame
|move|p1a: Keldeo|Scald|p2: Talonflame|[notarget]
|-notarget
|
|c|âreq'd by crobro|but you didnt
|
|switch|p2a: Celebi|Celebi|134\/404
|-damage|p2a: Celebi|84\/404|[from] Stealth Rock
|turn|13
|c|âInvok3r|im not a real nig
|c|âInvok3r|sry to disappoint you
|c|âInvok3r|:[
|
|switch|p1a: Metagross|Metagross, shiny|302\/302
|move|p2a: Celebi|Recover|p2a: Celebi
|-heal|p2a: Celebi|286\/404
|
|-heal|p2a: Celebi|311\/404|[from] item: Leftovers
|turn|14
|c|âInvok3r|and btw
|c|âInvok3r|are you actually tele
|c|âInvok3r|or just a dude with a similar account name
|c|âreq'd by crobro|*
|c|âreq'd by crobro|^
|c|âInvok3r|k
|c|âreq'd by crobro|ya i just like slowbro
|c|âInvok3r|slowbro is lyfe
|
|switch|p2a: Skarmory|Skarmory, M|292\/333
|-damage|p2a: Skarmory|251\/333|[from] Stealth Rock
|detailschange|p1a: Metagross|Metagross-Mega, shiny
|-mega|p1a: Metagross|Metagross|Metagrossite
|move|p1a: Metagross|Hammer Arm|p2a: Skarmory
|-damage|p2a: Skarmory|161\/333
|-unboost|p1a: Metagross|spe|1
|
|turn|15
|c|âInvok3r|speed drops comin thru
|
|move|p1a: Metagross|Hammer Arm|p2a: Skarmory
|-damage|p2a: Skarmory|67\/333
|-unboost|p1a: Metagross|spe|1
|move|p2a: Skarmory|Roost|p2a: Skarmory
|-heal|p2a: Skarmory|234\/333
|
|turn|16
|c|âInvok3r|hm
|
|move|p1a: Metagross|Hammer Arm|p2a: Skarmory
|-damage|p2a: Skarmory|140\/333
|-unboost|p1a: Metagross|spe|1
|move|p2a: Skarmory|Counter|p1a: Metagross
|-damage|p1a: Metagross|114\/302
|
|turn|17
|c|âInvok3r|i wonder if thunderbolt metagross would be good
|c|âreq'd by crobro|no
|c|âInvok3r|k
|c|âreq'd by crobro|you still get walled by zor
|
|switch|p1a: Clefable|Clefable, M, shiny|394\/394
|move|p2a: Skarmory|Defog|p1a: Clefable
|-unboost|p1a: Clefable|evasion|1
|-sideend|p2: req'd by crobro|Stealth Rock|[from] move: Defog|[of] p2a: Skarmory
|
|turn|18
|c|âInvok3r|hp fire
|c|âInvok3r|imo
|c|âreq'd by crobro|you need investment
|c|âreq'd by crobro|but it could work
|c|âInvok3r|fuck attack
|c|âInvok3r|thunderbolt
|c|âInvok3r|hp fire
|c|âInvok3r|psychic
|c|âreq'd by crobro|lol
|c|âInvok3r|maybe earthquake
|c|âInvok3r|or ice punch
|
|move|p2a: Skarmory|Roost|p2a: Skarmory
|-heal|p2a: Skarmory|307\/333
|move|p1a: Clefable|Calm Mind|p1a: Clefable
|-boost|p1a: Clefable|spa|1
|-boost|p1a: Clefable|spd|1
|
|turn|19
|c|âInvok3r|with investment maybe hp fire can 2hko skarm
|
|move|p1a: Clefable|Flamethrower|p2a: Skarmory
|-supereffective|p2a: Skarmory
|-damage|p2a: Skarmory|23\/333
|move|p2a: Skarmory|Whirlwind|p1a: Clefable
|drag|p1a: Metagross|Metagross-Mega, shiny|114\/302
|
|turn|20
|c|âreq'd by crobro|probably
|c|âInvok3r|plz no miss
|c|âInvok3r|hax has been a bitch all day
|c|âreq'd by crobro|plz miss
|c|âInvok3r|plz no miss
|
|move|p1a: Metagross|Zen Headbutt|p2a: Skarmory|[miss]
|-miss|p1a: Metagross|p2a: Skarmory
|move|p2a: Skarmory|Roost|p2a: Skarmory
|-heal|p2a: Skarmory|190\/333
|
|turn|21
|c|âInvok3r|oml
|c|âInvok3r|like seriously
|c|âreq'd by crobro|hahahahaha
|c|âInvok3r|k fuck this game
|c|âInvok3r|like seriously
|c|âInvok3r|the one time hax can happen
|c|âInvok3r|it happens
|c|âreq'd by crobro|sorry g
|
|switch|p1a: Ferrothorn|Ferrothorn, F|352\/352
|move|p2a: Skarmory|Roost|p2a: Skarmory
|-heal|p2a: Skarmory|333\/333
|
|turn|22
|c|âInvok3r|you should have seen my last game
|c|âInvok3r|i went on a fucking rage
|c|âInvok3r|i was so mad
|c|âInvok3r|but then i realized that i still won with cm clef
|
|switch|p2a: Landorus|Landorus, M|34\/319
|move|p1a: Ferrothorn|Spikes|p2a: Landorus
|-sidestart|p2: req'd by crobro|Spikes
|
|turn|23
|c|âInvok3r|lololol
|c|âreq'd by crobro|ah something just falls over
|c|âreq'd by crobro|and dies
|c|âInvok3r|or something misses
|c|âInvok3r|plz miss
|
|move|p2a: Landorus|Earth Power|p1a: Ferrothorn
|-crit|p1a: Ferrothorn
|-damage|p1a: Ferrothorn|89\/352
|move|p1a: Ferrothorn|Gyro Ball|p2a: Landorus
|-damage|p2a: Landorus|0 fnt
|faint|p2a: Landorus
|
|-heal|p1a: Ferrothorn|111\/352|[from] item: Leftovers
|c|âInvok3r|miss for miss
|c|âreq'd by crobro|that to
|c|âInvok3r|OH WHAT
|c|âreq'd by crobro|or that
|c|âInvok3r|ARE YOU FUCKING
|c|âInvok3r|......
|c|âInvok3r|oml
|c|âInvok3r|btw i am heavily invested in spdef
|c|âInvok3r|i could have lived 100%
|
|switch|p2a: Garchomp|Garchomp, M|357\/357
|-damage|p2a: Garchomp|313\/357|[from] Spikes
|turn|24
|c|âreq'd by crobro|ya i see that now
|c|âInvok3r|sigh
|
|switch|p1a: Metagross|Metagross-Mega, shiny|114\/302
|move|p2a: Garchomp|Earthquake|p1a: Metagross
|-supereffective|p1a: Metagross
|-damage|p1a: Metagross|0 fnt
|faint|p1a: Metagross
|
|c|âreq'd by crobro|lo chomp puts in the finest of work here
|c|âInvok3r|how could you not like this game
|c|âreq'd by crobro|oh nvmnd
|c|âreq'd by crobro|its lum
|c|âInvok3r|*scarf
|
|switch|p1a: Clefable|Clefable, M, shiny|394\/394
|turn|25
|c|âInvok3r|you have no scarfer
|c|âreq'd by crobro|every team doesnt need a scarfer
|c|âInvok3r|true
|c|âInvok3r|but scarfchomp works well on your team
|
|switch|p2a: Celebi|Celebi|311\/404
|-damage|p2a: Celebi|261\/404|[from] Spikes
|move|p1a: Clefable|Moonblast|p2a: Celebi
|-damage|p2a: Celebi|180\/404
|
|-heal|p2a: Celebi|205\/404|[from] item: Leftovers
|turn|26
|c|âInvok3r|iirc
|c|âInvok3r|I used to like scarfchomp last gen
|
|move|p2a: Celebi|Recover|p2a: Celebi
|-heal|p2a: Celebi|404\/404
|move|p1a: Clefable|Calm Mind|p1a: Clefable
|-boost|p1a: Clefable|spa|1
|-boost|p1a: Clefable|spd|1
|
|turn|27
|c|âInvok3r|*in xy
|c|âreq'd by crobro|its better this gen
|c|âInvok3r|yea
|c|âInvok3r|cuz everyone and their mum uses ho
|
|move|p2a: Celebi|Perish Song|p2a: Celebi
|-fieldactivate|move: Perish Song
|move|p1a: Clefable|Moonblast|p2a: Celebi
|-crit|p2a: Celebi
|-damage|p2a: Celebi|202\/404
|-unboost|p2a: Celebi|spa|1
|
|-start|p2a: Celebi|perish3
|-start|p1a: Clefable|perish3
|-heal|p2a: Celebi|227\/404|[from] item: Leftovers
|turn|28
|c|âInvok3r|oh niche
|
|move|p2a: Celebi|Recover|p2a: Celebi
|-heal|p2a: Celebi|404\/404
|move|p1a: Clefable|Flamethrower|p2a: Celebi
|-supereffective|p2a: Celebi
|-damage|p2a: Celebi|244\/404
|
|-start|p2a: Celebi|perish2
|-start|p1a: Clefable|perish2
|-heal|p2a: Celebi|269\/404|[from] item: Leftovers
|turn|29
|c|âInvok3r|plz reveal 5th move whirlpool
|
|switch|p1a: Ferrothorn|Ferrothorn, F|111\/352
|move|p2a: Celebi|U-turn|p1a: Ferrothorn
|-damage|p1a: Ferrothorn|77\/352
|-damage|p2a: Celebi|219\/404|[from] ability: Iron Barbs|[of] p1a: Ferrothorn
|c|âInvok3r|sigh
|c|âInvok3r|i was gon click moonblastg
|c|âInvok3r|moonblast
|
|switch|p2a: Garchomp|Garchomp, M|313\/357
|-damage|p2a: Garchomp|269\/357|[from] Spikes
|
|-heal|p1a: Ferrothorn|99\/352|[from] item: Leftovers
|turn|30
|
|switch|p1a: Clefable|Clefable, M, shiny|394\/394
|move|p2a: Garchomp|Earthquake|p1a: Clefable
|-damage|p1a: Clefable|226\/394
|
|-heal|p1a: Clefable|250\/394|[from] item: Leftovers
|turn|31
|
|move|p2a: Garchomp|Earthquake|p1a: Clefable
|-damage|p1a: Clefable|85\/394
|move|p1a: Clefable|Soft-Boiled|p1a: Clefable
|-heal|p1a: Clefable|282\/394
|
|-heal|p1a: Clefable|306\/394|[from] item: Leftovers
|turn|32
|
|move|p2a: Garchomp|Earthquake|p1a: Clefable
|-damage|p1a: Clefable|123\/394
|move|p1a: Clefable|Soft-Boiled|p1a: Clefable
|-heal|p1a: Clefable|320\/394
|
|-heal|p1a: Clefable|344\/394|[from] item: Leftovers
|turn|33
|
|switch|p2a: Celebi|Celebi|219\/404
|-damage|p2a: Celebi|169\/404|[from] Spikes
|move|p1a: Clefable|Soft-Boiled|p1a: Clefable
|-heal|p1a: Clefable|394\/394
|
|-heal|p2a: Celebi|194\/404|[from] item: Leftovers
|turn|34
|c|âInvok3r|I like your team btw
|c|âInvok3r|it is really cool
|c|âreq'd by crobro|thanks
|c|âInvok3r|it has ways to beat offense and stall
|
|switch|p1a: Ferrothorn|Ferrothorn, F|99\/352
|move|p2a: Celebi|Recover|p2a: Celebi
|-heal|p2a: Celebi|396\/404
|
|-heal|p2a: Celebi|404\/404|[from] item: Leftovers
|-heal|p1a: Ferrothorn|121\/352|[from] item: Leftovers
|turn|35
|c|âInvok3r|while providing switchins to the biggest threats in the meta
|c|âreq'd by crobro|ya its really nice
|c|âreq'd by crobro|it struggles vs balance sometimes
|c|âInvok3r|nb
|c|âInvok3r|you have a lando
|c|âInvok3r|doesnt that put in work vs balance?
|c|âreq'd by crobro|rotom+lando
|c|âreq'd by crobro|is annoying
|c|âInvok3r|hm
|c|âInvok3r|yea i can see that
|c|âInvok3r|you just need to get hazards up asap
|
|switch|p2a: Gyarados|Gyarados, F|331\/331
|-ability|p2a: Gyarados|Intimidate|[of] p1a: Ferrothorn
|-unboost|p1a: Ferrothorn|atk|1
|move|p1a: Ferrothorn|Leech Seed|p2a: Gyarados
|-start|p2a: Gyarados|move: Leech Seed
|
|-heal|p1a: Ferrothorn|143\/352|[from] item: Leftovers
|-damage|p2a: Gyarados|290\/331|[from] Leech Seed|[of] p1a: Ferrothorn
|-heal|p1a: Ferrothorn|184\/352|[silent]
|turn|36
|
|switch|p2a: Skarmory|Skarmory, M|333\/333
|switch|p1a: Clefable|Clefable, M, shiny|394\/394
|
|turn|37
|
|switch|p1a: Ferrothorn|Ferrothorn, F|184\/352
|move|p2a: Skarmory|Defog|p1a: Ferrothorn
|-unboost|p1a: Ferrothorn|evasion|1
|-sideend|p2: req'd by crobro|Spikes|[from] move: Defog|[of] p2a: Skarmory
|
|-heal|p1a: Ferrothorn|206\/352|[from] item: Leftovers
|turn|38
|
|switch|p2a: Garchomp|Garchomp, M|269\/357
|move|p1a: Ferrothorn|Spikes|p2a: Garchomp
|-sidestart|p2: req'd by crobro|Spikes
|
|-heal|p1a: Ferrothorn|228\/352|[from] item: Leftovers
|turn|39
|c|âInvok3r|fire blast me
|
|switch|p1a: Clefable|Clefable, M, shiny|394\/394
|move|p2a: Garchomp|Earthquake|p1a: Clefable
|-damage|p1a: Clefable|211\/394
|
|-heal|p1a: Clefable|235\/394|[from] item: Leftovers
|turn|40
|c|âInvok3r|crit here
|
|move|p2a: Garchomp|Earthquake|p1a: Clefable
|-damage|p1a: Clefable|66\/394
|move|p1a: Clefable|Soft-Boiled|p1a: Clefable
|-heal|p1a: Clefable|263\/394
|
|-heal|p1a: Clefable|287\/394|[from] item: Leftovers
|turn|41
|c|âInvok3r|whew
|c|âreq'd by crobro|lol
|c|âreq'd by crobro|i can fish for crits p easily
|
|switch|p2a: Celebi|Celebi|404\/404
|-damage|p2a: Celebi|354\/404|[from] Spikes
|move|p1a: Clefable|Soft-Boiled|p1a: Clefable
|-heal|p1a: Clefable|394\/394
|
|-heal|p2a: Celebi|379\/404|[from] item: Leftovers
|turn|42
|c|âInvok3r|last time i said zen miss
|c|âInvok3r|something bad happened
|
|switch|p1a: Ferrothorn|Ferrothorn, F|228\/352
|move|p2a: Celebi|Perish Song|p2a: Celebi
|-fieldactivate|move: Perish Song
|
|-start|p2a: Celebi|perish3
|-start|p1a: Ferrothorn|perish3
|-heal|p2a: Celebi|404\/404|[from] item: Leftovers
|-heal|p1a: Ferrothorn|250\/352|[from] item: Leftovers
|turn|43
|
|move|p2a: Celebi|Giga Drain|p1a: Ferrothorn
|-resisted|p1a: Ferrothorn
|-damage|p1a: Ferrothorn|234\/352
|move|p1a: Ferrothorn|Leech Seed|p2a: Celebi
|-immune|p2a: Celebi|[msg]
|
|-start|p2a: Celebi|perish2
|-start|p1a: Ferrothorn|perish2
|-heal|p1a: Ferrothorn|256\/352|[from] item: Leftovers
|turn|44
|c|âInvok3r|oh nice
|
|move|p2a: Celebi|Giga Drain|p1a: Ferrothorn
|-resisted|p1a: Ferrothorn
|-damage|p1a: Ferrothorn|241\/352
|move|p1a: Ferrothorn|Spikes|p2a: Celebi
|-sidestart|p2: req'd by crobro|Spikes
|
|-start|p2a: Celebi|perish1
|-start|p1a: Ferrothorn|perish1
|-heal|p1a: Ferrothorn|263\/352|[from] item: Leftovers
|turn|45
|
|switch|p1a: Clefable|Clefable, M, shiny|394\/394
|move|p2a: Celebi|U-turn|p1a: Clefable
|-resisted|p1a: Clefable
|-damage|p1a: Clefable|371\/394
|
|switch|p2a: Skarmory|Skarmory, M|333\/333
|
|-heal|p1a: Clefable|394\/394|[from] item: Leftovers
|turn|46
|c|âInvok3r|ur celebi set is pretty cool also
|c|âreq'd by crobro|ya it beats all cm user
|c|âreq'd by crobro|users
|
|switch|p1a: Ferrothorn|Ferrothorn, F|263\/352
|move|p2a: Skarmory|Defog|p1a: Ferrothorn
|-unboost|p1a: Ferrothorn|evasion|1
|-sideend|p2: req'd by crobro|Spikes|[from] move: Defog|[of] p2a: Skarmory
|
|-heal|p1a: Ferrothorn|285\/352|[from] item: Leftovers
|turn|47
|c|âInvok3r|yea
|c|âreq'd by crobro|except lando
|c|âInvok3r|the u-turn is pretty genius also
|c|âInvok3r|gives a shitton of momentum
|c|âreq'd by crobro|oh ya
|c|âInvok3r|holy fuck
|
|switch|p2a: Gyarados|Gyarados, F|290\/331
|-ability|p2a: Gyarados|Intimidate|[of] p1a: Ferrothorn
|-unboost|p1a: Ferrothorn|atk|1
|move|p1a: Ferrothorn|Spikes|p2a: Gyarados
|-sidestart|p2: req'd by crobro|Spikes
|
|-heal|p1a: Ferrothorn|307\/352|[from] item: Leftovers
|turn|48
|c|âInvok3r|my ferrothorn is almost at full
|c|âreq'd by crobro|i dd right here
|c|âreq'd by crobro|and hope for fliches
|c|âreq'd by crobro|flinches
|c|âreq'd by crobro|lol
|c|âInvok3r|i am not a stupid ass bitch
|c|âInvok3r|you have sub
|
|move|p2a: Gyarados|Substitute|p2a: Gyarados
|-start|p2a: Gyarados|Substitute
|-damage|p2a: Gyarados|208\/331
|move|p1a: Ferrothorn|Power Whip|p2a: Gyarados
|-end|p2a: Gyarados|Substitute
|
|-heal|p1a: Ferrothorn|329\/352|[from] item: Leftovers
|turn|49
|c|âInvok3r|see
|c|âInvok3r|lololol
|c|âreq'd by crobro|lol i cant win this game
|c|âreq'd by crobro|gg
|-message|req'd by crobro forfeited.
|leave|req'd by crobro
|
|win|Invok3r
|raw|Ladder updating...
|player|p2
|raw|Invok3r's rating: 1602 &rarr; <strong>1624<\/strong><br \/>(+22 for winning)
|raw|req&apos;d by crobro's rating: 1651 &rarr; <strong>1628<\/strong><br \/>(-23 for losing)