|join|req'd by crobro
|join|brewplanner
|player|p1|req'd by crobro|144
|player|p2|brewplanner|163
|gametype|singles
|gen|6
|tier|OU
|rated
|clearpoke
|poke|p1|Victini
|poke|p1|Lopunny, F
|poke|p1|Slowbro, F
|poke|p1|Ferrothorn, M
|poke|p1|Mandibuzz, F
|poke|p1|Kyurem-Black
|poke|p2|Garchomp, M
|poke|p2|Thundurus, M
|poke|p2|Heatran, F
|poke|p2|Gardevoir, M
|poke|p2|Gyarados, F
|poke|p2|Donphan, F
|rule|Swagger Clause: Swagger is banned
|rule|Baton Pass Clause: Limit one PokÃ©mon knowing Baton Pass
|rule|Sleep Clause Mod: Limit one foe put to sleep
|rule|Species Clause: Limit one of each PokÃ©mon
|rule|OHKO Clause: OHKO moves are banned
|rule|Moody Clause: Moody is banned
|rule|Evasion Moves Clause: Evasion moves are banned
|rule|Endless Battle Clause: Forcing endless battles is banned
|rule|HP Percentage Mod: HP is shown in percentages
|teampreview
|join|Psynergy.G
|
|start
|switch|p1a: Kyurem-lord|Kyurem-Black|404\/404
|switch|p2a: Thundurus|Thundurus, M|299\/299
|-ability|p1a: Kyurem-lord|Teravolt
|turn|1
|
|switch|p2a: Heatran|Heatran, F|386\/386
|move|p1a: Kyurem-lord|Ice Beam|p2a: Heatran
|-crit|p2a: Heatran
|-resisted|p2a: Heatran
|-damage|p2a: Heatran|346\/386
|
|-heal|p2a: Heatran|370\/386|[from] item: Leftovers
|turn|2
|
|move|p1a: Kyurem-lord|Earth Power|p2a: Heatran
|-supereffective|p2a: Heatran
|-damage|p2a: Heatran|46\/386
|move|p2a: Heatran|Stealth Rock|p1a: Kyurem-lord
|-sidestart|p1: req'd by crobro|move: Stealth Rock
|
|-heal|p2a: Heatran|70\/386|[from] item: Leftovers
|turn|3
|
|move|p2a: Heatran|Protect|p2a: Heatran
|-singleturn|p2a: Heatran|Protect
|move|p1a: Kyurem-lord|Fusion Bolt|p2a: Heatran
|-activate|p2a: Heatran|Protect
|
|-heal|p2a: Heatran|94\/386|[from] item: Leftovers
|turn|4
|
|switch|p2a: Thundurus|Thundurus, M|299\/299
|move|p1a: Kyurem-lord|Earth Power|p2a: Thundurus
|-immune|p2a: Thundurus|[msg]
|
|turn|5
|
|move|p2a: Thundurus|Focus Blast|p1a: Kyurem-lord
|-supereffective|p1a: Kyurem-lord
|-damage|p1a: Kyurem-lord|0 fnt
|-damage|p2a: Thundurus|270\/299|[from] item: Life Orb
|faint|p1a: Kyurem-lord
|
|
|switch|p1a: Ferrolord|Ferrothorn, M|352\/352
|-damage|p1a: Ferrolord|330\/352|[from] Stealth Rock
|turn|6
|
|move|p2a: Thundurus|Focus Blast|p1a: Ferrolord
|-supereffective|p1a: Ferrolord
|-damage|p1a: Ferrolord|65\/352
|-damage|p2a: Thundurus|241\/299|[from] item: Life Orb
|move|p1a: Ferrolord|Leech Seed|p2a: Thundurus
|-start|p2a: Thundurus|move: Leech Seed
|
|-heal|p1a: Ferrolord|87\/352|[from] item: Leftovers
|-damage|p2a: Thundurus|204\/299|[from] Leech Seed|[of] p1a: Ferrolord
|-heal|p1a: Ferrolord|124\/352|[silent]
|turn|7
|
|switch|p2a: Garchomp|Garchomp, M|357\/357
|move|p1a: Ferrolord|Leech Seed|p2a: Garchomp
|-start|p2a: Garchomp|move: Leech Seed
|
|-heal|p1a: Ferrolord|146\/352|[from] item: Leftovers
|-damage|p2a: Garchomp|313\/357|[from] Leech Seed|[of] p1a: Ferrolord
|-heal|p1a: Ferrolord|190\/352|[silent]
|turn|8
|
|switch|p2a: Heatran|Heatran, F|94\/386
|switch|p1a: Slowlord|Slowbro, F|394\/394
|-damage|p1a: Slowlord|345\/394|[from] Stealth Rock
|
|-heal|p2a: Heatran|118\/386|[from] item: Leftovers
|-heal|p1a: Slowlord|369\/394|[from] item: Leftovers
|turn|9
|
|move|p2a: Heatran|Toxic|p1a: Slowlord
|-status|p1a: Slowlord|tox
|move|p1a: Slowlord|Scald|p2a: Heatran
|-supereffective|p2a: Heatran
|-damage|p2a: Heatran|0 fnt
|faint|p2a: Heatran
|
|-heal|p1a: Slowlord|393\/394 tox|[from] item: Leftovers
|-damage|p1a: Slowlord|369\/394 tox|[from] psn
|
|switch|p2a: Garchomp|Garchomp, M|313\/357
|turn|10
|
|move|p2a: Garchomp|Swords Dance|p2a: Garchomp
|-boost|p2a: Garchomp|atk|2
|move|p1a: Slowlord|Scald|p2a: Garchomp
|-damage|p2a: Garchomp|190\/357
|
|-heal|p1a: Slowlord|393\/394 tox|[from] item: Leftovers
|-damage|p1a: Slowlord|345\/394 tox|[from] psn
|turn|11
|
|move|p2a: Garchomp|Earthquake|p1a: Slowlord
|-damage|p1a: Slowlord|98\/394 tox
|move|p1a: Slowlord|Scald|p2a: Garchomp
|-damage|p2a: Garchomp|64\/357
|
|-heal|p1a: Slowlord|122\/394 tox|[from] item: Leftovers
|-damage|p1a: Slowlord|50\/394 tox|[from] psn
|turn|12
|
|move|p2a: Garchomp|Earthquake|p1a: Slowlord
|-damage|p1a: Slowlord|0 fnt
|faint|p1a: Slowlord
|
|
|switch|p1a: Lordpunny|Lopunny, F|271\/271
|-damage|p1a: Lordpunny|238\/271|[from] Stealth Rock
|turn|13
|
|switch|p2a: Thundurus|Thundurus, M|204\/299
|detailschange|p1a: Lordpunny|Lopunny-Mega, F
|-mega|p1a: Lordpunny|Lopunny|Lopunnite
|move|p1a: Lordpunny|Power-Up Punch|p2a: Thundurus
|-resisted|p2a: Thundurus
|-damage|p2a: Thundurus|157\/299
|-boost|p1a: Lordpunny|atk|1
|
|turn|14
|
|move|p2a: Thundurus|Thunder Wave|p1a: Lordpunny
|-status|p1a: Lordpunny|par
|move|p1a: Lordpunny|Return|p2a: Thundurus
|-damage|p2a: Thundurus|0 fnt
|faint|p2a: Thundurus
|
|
|switch|p2a: Garchomp|Garchomp, M|64\/357
|turn|15
|
|move|p2a: Garchomp|Earthquake|p1a: Lordpunny
|-damage|p1a: Lordpunny|66\/271 par
|move|p1a: Lordpunny|Return|p2a: Garchomp
|-damage|p2a: Garchomp|0 fnt
|-damage|p1a: Lordpunny|33\/271 par|[from] ability: Rough Skin|[of] p2a: Garchomp
|faint|p2a: Garchomp
|
|
|switch|p2a: Donphan|Donphan, F|384\/384
|turn|16
|
|move|p2a: Donphan|Earthquake|p1a: Lordpunny
|-damage|p1a: Lordpunny|0 fnt
|faint|p1a: Lordpunny
|
|
|switch|p1a: Mandilord|Mandibuzz, F|423\/423
|-damage|p1a: Mandilord|318\/423|[from] Stealth Rock
|turn|17
|
|move|p1a: Mandilord|Defog|p2a: Donphan
|-unboost|p2a: Donphan|evasion|1
|-sideend|p1: req'd by crobro|Stealth Rock|[from] move: Defog|[of] p1a: Mandilord
|move|p2a: Donphan|Knock Off|p1a: Mandilord
|-resisted|p1a: Mandilord
|-damage|p1a: Mandilord|266\/423
|-enditem|p1a: Mandilord|Leftovers|[from] move: Knock Off|[of] p2a: Donphan
|
|turn|18
|
|move|p2a: Donphan|Ice Shard|p1a: Mandilord
|-supereffective|p1a: Mandilord
|-damage|p1a: Mandilord|172\/423
|move|p1a: Mandilord|Foul Play|p2a: Donphan
|-crit|p2a: Donphan
|-damage|p2a: Donphan|143\/384
|
|turn|19
|
|switch|p2a: Gardevoir|Gardevoir, M|277\/277
|-ability|p2a: Gardevoir|Overcoat|[from] ability: Trace|[of] p1a: Mandilord
|move|p1a: Mandilord|Foul Play|p2a: Gardevoir
|-damage|p2a: Gardevoir|184\/277
|
|turn|20
|
|move|p2a: Gardevoir|Memento|p1a: Mandilord
|-unboost|p1a: Mandilord|atk|2
|-unboost|p1a: Mandilord|spa|2
|faint|p2a: Gardevoir
|move|p1a: Mandilord|Foul Play|p2: Gardevoir|[notarget]
|-notarget
|
|
|switch|p2a: Gyarados|Gyarados, F|331\/331
|-ability|p2a: Gyarados|Intimidate|[of] p1a: Mandilord
|-unboost|p1a: Mandilord|atk|1
|turn|21
|
|detailschange|p2a: Gyarados|Gyarados-Mega, F
|-mega|p2a: Gyarados|Gyarados|Gyaradosite
|-ability|p2a: Gyarados|Mold Breaker
|move|p2a: Gyarados|Dragon Dance|p2a: Gyarados
|-boost|p2a: Gyarados|atk|1
|-boost|p2a: Gyarados|spe|1
|move|p1a: Mandilord|Roost|p1a: Mandilord
|-heal|p1a: Mandilord|384\/423
|
|turn|22
|
|move|p2a: Gyarados|Waterfall|p1a: Mandilord
|-damage|p1a: Mandilord|161\/423
|cant|p1a: Mandilord|flinch
|
|turn|23
|
|move|p2a: Gyarados|Dragon Dance|p2a: Gyarados
|-boost|p2a: Gyarados|atk|1
|-boost|p2a: Gyarados|spe|1
|move|p1a: Mandilord|Foul Play|p2a: Gyarados
|-resisted|p2a: Gyarados
|-damage|p2a: Gyarados|166\/331
|
|turn|24
|
|move|p2a: Gyarados|Waterfall|p1a: Mandilord
|-damage|p1a: Mandilord|0 fnt
|faint|p1a: Mandilord
|
|c|âreq'd by crobro|that flinch
|
|switch|p1a: Ferrolord|Ferrothorn, M|190\/352
|turn|25
|
|move|p1a: Ferrolord|Protect|p1a: Ferrolord
|-singleturn|p1a: Ferrolord|Protect
|move|p2a: Gyarados|Crunch|p1a: Ferrolord
|-activate|p1a: Ferrolord|Protect
|
|-heal|p1a: Ferrolord|212\/352|[from] item: Leftovers
|turn|26
|
|move|p1a: Ferrolord|Protect|p1a: Ferrolord
|-fail|p1a: Ferrolord
|move|p2a: Gyarados|Taunt|p1a: Ferrolord
|-start|p1a: Ferrolord|move: Taunt
|
|-heal|p1a: Ferrolord|234\/352|[from] item: Leftovers
|turn|27
|
|move|p2a: Gyarados|Crunch|p1a: Ferrolord
|-crit|p1a: Ferrolord
|-damage|p1a: Ferrolord|0 fnt
|-damage|p2a: Gyarados|125\/331|[from] ability: Iron Barbs|[of] p1a: Ferrolord
|faint|p1a: Ferrolord
|
|c|âreq'd by crobro|and the crit
|c|âreq'd by crobro|lol
|c|âreq'd by crobro|bg
|c|âbrewplanner|gg
|-message|req'd by crobro forfeited.
|
|win|brewplanner
|raw|Ladder updating...
|c|âbrewplanner|was victini scarfed?
|leave|req'd by crobro
|player|p1
|raw|req&apos;d by crobro's rating: 1720 &rarr; <strong>1698<\/strong><br \/>(-22 for losing)
|raw|brewplanner's rating: 1697 &rarr; <strong>1718<\/strong><br \/>(+21 for winning)