|join|StevoDuhHero
|join|req'd by crobro
|player|p1|StevoDuhHero|10
|player|p2|req'd by crobro|288
|gametype|singles
|gen|6
|tier|OU
|rated
|clearpoke
|poke|p1|Yanmega, F
|poke|p1|Dugtrio, F
|poke|p1|Zapdos
|poke|p1|Breloom, F
|poke|p1|Slowbro, M
|poke|p1|Scizor, M
|poke|p2|Diggersby, F, shiny
|poke|p2|Azelf
|poke|p2|Raikou
|poke|p2|Lopunny, M
|poke|p2|Landorus, M
|poke|p2|Azumarill, F
|rule|Swagger Clause: Swagger is banned
|rule|Baton Pass Clause: Limit one PokÃ©mon knowing Baton Pass
|rule|Sleep Clause Mod: Limit one foe put to sleep
|rule|Species Clause: Limit one of each PokÃ©mon
|rule|OHKO Clause: OHKO moves are banned
|rule|Moody Clause: Moody is banned
|rule|Evasion Moves Clause: Evasion moves are banned
|rule|Endless Battle Clause: Forcing endless battles is banned
|rule|HP Percentage Mod: HP is shown in percentages
|teampreview
|
|start
|switch|p1a: Scizor|Scizor, M|343\/343
|switch|p2a: MaxPotterTrash|Azelf|291\/291
|turn|1
|
|detailschange|p1a: Scizor|Scizor-Mega, M
|-mega|p1a: Scizor|Scizor|Scizorite
|move|p2a: MaxPotterTrash|Fire Blast|p1a: Scizor
|-supereffective|p1a: Scizor
|-damage|p1a: Scizor|11\/343
|move|p1a: Scizor|U-turn|p2a: MaxPotterTrash
|-supereffective|p2a: MaxPotterTrash
|-enditem|p2a: MaxPotterTrash|Focus Sash
|-damage|p2a: MaxPotterTrash|1\/291
|
|switch|p1a: Dugtrio|Dugtrio, F|211\/211
|
|turn|2
|
|move|p1a: Dugtrio|Stone Edge|p2a: MaxPotterTrash
|-damage|p2a: MaxPotterTrash|0 fnt
|faint|p2a: MaxPotterTrash
|
|
|switch|p2a: Lolipunny|Lopunny, M|271\/271
|turn|3
|
|switch|p1a: Slowbro|Slowbro, M|394\/394
|detailschange|p2a: Lolipunny|Lopunny-Mega, M
|-mega|p2a: Lolipunny|Lopunny|Lopunnite
|move|p2a: Lolipunny|Fake Out|p1a: Slowbro
|-damage|p1a: Slowbro|348\/394
|
|-heal|p1a: Slowbro|372\/394|[from] item: Leftovers
|turn|4
|
|switch|p2a: Azumarill|Azumarill, F|382\/382
|move|p1a: Slowbro|Scald|p2a: Azumarill
|-resisted|p2a: Azumarill
|-damage|p2a: Azumarill|328\/382
|
|-heal|p1a: Slowbro|394\/394|[from] item: Leftovers
|turn|5
|
|move|p2a: Azumarill|Play Rough|p1a: Slowbro
|-damage|p1a: Slowbro|180\/394
|move|p1a: Slowbro|Scald|p2a: Azumarill
|-resisted|p2a: Azumarill
|-damage|p2a: Azumarill|273\/382
|
|-heal|p1a: Slowbro|204\/394|[from] item: Leftovers
|turn|6
|c|âStevoDuhHero|holy poooooppppsssss
|
|switch|p1a: Scizor|Scizor-Mega, M|11\/343
|move|p2a: Azumarill|Play Rough|p1a: Scizor
|-resisted|p1a: Scizor
|-damage|p1a: Scizor|0 fnt
|faint|p1a: Scizor
|
|c|âreq'd by crobro|ya mega maw had this same attack
|c|âreq'd by crobro|without band
|c|âStevoDuhHero|oooooo
|
|switch|p1a: Dugtrio|Dugtrio, F|211\/211
|turn|7
|
|move|p1a: Dugtrio|Earthquake|p2a: Azumarill
|-damage|p2a: Azumarill|108\/382
|move|p2a: Azumarill|Play Rough|p1a: Dugtrio
|-enditem|p1a: Dugtrio|Focus Sash
|-damage|p1a: Dugtrio|1\/211
|
|turn|8
|
|move|p1a: Dugtrio|Earthquake|p2a: Azumarill
|-damage|p2a: Azumarill|0 fnt
|faint|p2a: Azumarill
|
|
|switch|p2a: Whitey|Diggersby, F, shiny|311\/311
|turn|9
|
|move|p2a: Whitey|Quick Attack|p1a: Dugtrio
|-damage|p1a: Dugtrio|0 fnt
|-damage|p2a: Whitey|280\/311|[from] item: Life Orb
|faint|p1a: Dugtrio
|
|
|switch|p1a: Breloom|Breloom, F|323\/323
|turn|10
|
|move|p2a: Whitey|Quick Attack|p1a: Breloom
|-damage|p1a: Breloom|222\/323
|-damage|p2a: Whitey|249\/311|[from] item: Life Orb
|move|p1a: Breloom|Spore|p2a: Whitey
|-status|p2a: Whitey|slp
|
|-status|p1a: Breloom|tox|[from] item: Toxic Orb
|turn|11
|
|switch|p2a: Landorus|Landorus, M|319\/319
|move|p1a: Breloom|Leech Seed|p2a: Landorus
|-start|p2a: Landorus|move: Leech Seed
|
|-damage|p2a: Landorus|280\/319|[from] Leech Seed|[of] p1a: Breloom
|-heal|p1a: Breloom|261\/323 tox|[silent]
|-heal|p1a: Breloom|301\/323 tox|[from] ability: Poison Heal
|turn|12
|
|switch|p1a: Zapdos|Zapdos|384\/384
|-ability|p1a: Zapdos|Pressure
|move|p2a: Landorus|Sludge Wave|p1a: Zapdos
|-damage|p1a: Zapdos|189\/384
|
|-heal|p1a: Zapdos|213\/384|[from] item: Leftovers
|-damage|p2a: Landorus|241\/319|[from] Leech Seed|[of] p1a: Zapdos
|-heal|p1a: Zapdos|252\/384|[silent]
|turn|13
|
|switch|p2a: Dark380|Raikou|321\/321
|-ability|p2a: Dark380|Pressure
|move|p1a: Zapdos|Roost|p1a: Zapdos
|-heal|p1a: Zapdos|384\/384
|
|turn|14
|
|move|p2a: Dark380|Thunderbolt|p1a: Zapdos
|-damage|p1a: Zapdos|221\/384
|move|p1a: Zapdos|Volt Switch|p2a: Dark380
|-resisted|p2a: Dark380
|-damage|p2a: Dark380|279\/321
|
|switch|p1a: Breloom|Breloom, F|301\/323 tox
|
|-heal|p2a: Dark380|299\/321|[from] item: Leftovers
|-heal|p1a: Breloom|323\/323 tox|[from] ability: Poison Heal
|turn|15
|
|move|p2a: Dark380|Hidden Power|p1a: Breloom
|-supereffective|p1a: Breloom
|-damage|p1a: Breloom|119\/323 tox
|move|p1a: Breloom|Drain Punch|p2a: Dark380
|-damage|p2a: Dark380|149\/321
|-heal|p1a: Breloom|194\/323 tox|[from] drain|[of] p2a: Dark380
|
|-heal|p2a: Dark380|169\/321|[from] item: Leftovers
|-heal|p1a: Breloom|234\/323 tox|[from] ability: Poison Heal
|turn|16
|
|move|p2a: Dark380|Volt Switch|p1a: Breloom
|-resisted|p1a: Breloom
|-damage|p1a: Breloom|147\/323 tox
|
|switch|p2a: Landorus|Landorus, M|241\/319
|move|p1a: Breloom|Drain Punch|p2a: Landorus
|-resisted|p2a: Landorus
|-damage|p2a: Landorus|182\/319
|-heal|p1a: Breloom|177\/323 tox|[from] drain|[of] p2a: Landorus
|
|-heal|p1a: Breloom|217\/323 tox|[from] ability: Poison Heal
|turn|17
|
|switch|p1a: Zapdos|Zapdos|221\/384
|-ability|p1a: Zapdos|Pressure
|move|p2a: Landorus|Sludge Wave|p1a: Zapdos
|-damage|p1a: Zapdos|10\/384
|
|-heal|p1a: Zapdos|34\/384|[from] item: Leftovers
|turn|18
|
|move|p2a: Landorus|Sludge Wave|p1a: Zapdos
|-damage|p1a: Zapdos|0 fnt
|faint|p1a: Zapdos
|
|
|switch|p1a: Yanmega|Yanmega, F|313\/313
|turn|19
|
|switch|p2a: Dark380|Raikou|169\/321
|-ability|p2a: Dark380|Pressure
|move|p1a: Yanmega|Protect|p1a: Yanmega
|-fail|p1a: Yanmega
|
|-heal|p2a: Dark380|189\/321|[from] item: Leftovers
|-boost|p1a: Yanmega|spe|1|[from] ability: Speed Boost
|turn|20
|c|âStevoDuhHero|die
|
|move|p1a: Yanmega|Bug Buzz|p2a: Dark380
|-damage|p2a: Dark380|0 fnt
|-damage|p1a: Yanmega|282\/313|[from] item: Life Orb
|faint|p2a: Dark380
|
|-boost|p1a: Yanmega|spe|1|[from] ability: Speed Boost
|c|âStevoDuhHero|plz
|
|switch|p2a: Landorus|Landorus, M|182\/319
|turn|21
|
|move|p1a: Yanmega|Air Slash|p2a: Landorus
|-damage|p2a: Landorus|0 fnt
|-damage|p1a: Yanmega|251\/313|[from] item: Life Orb
|faint|p2a: Landorus
|
|-boost|p1a: Yanmega|spe|1|[from] ability: Speed Boost
|-message|req'd by crobro forfeited.
|leave|req'd by crobro
|
|win|StevoDuhHero
|raw|Ladder updating...
|raw|StevoDuhHero's rating: 1504 &rarr; <strong>1524<\/strong><br \/>(+20 for winning)
|raw|req&apos;d by crobro's rating: 1495 &rarr; <strong>1475<\/strong><br \/>(-20 for losing)
|player|p2