|join|req'd by crobro
|join|MoB Barley
|join|beppityboopbop
|join|bowl of soup
|join|lmlonely
|join|Snoorunt
|player|p1|req'd by crobro|288
|player|p2|MoB Barley|161
|gametype|singles
|gen|6
|tier|OU (suspect test)
|clearpoke
|poke|p1|Amoonguss, M
|poke|p1|Slowbro, M
|poke|p1|Heatran, F
|poke|p1|Landorus-Therian, M
|poke|p1|Metagross
|poke|p1|Clefable, M
|poke|p2|Azumarill, M
|poke|p2|Gallade, M, shiny
|poke|p2|Tyranitar, M
|poke|p2|Latios, M
|poke|p2|Landorus, M, shiny
|poke|p2|Gengar, M
|rule|Swagger Clause: Swagger is banned
|rule|Baton Pass Clause: Limit one PokÃ©mon knowing Baton Pass
|rule|Sleep Clause Mod: Limit one foe put to sleep
|rule|Species Clause: Limit one of each PokÃ©mon
|rule|OHKO Clause: OHKO moves are banned
|rule|Moody Clause: Moody is banned
|rule|Evasion Moves Clause: Evasion moves are banned
|rule|Endless Battle Clause: Forcing endless battles is banned
|rule|HP Percentage Mod: HP is shown in percentages
|teampreview
|join|Reverend
|join|pyromaniac 963
|join|cococcino
|join|Murkrow Jupiter
|join|thecrystalonix
|join|powaa
|join|Wheezer
|join|5th
|join|Myliltony
|
|start
|switch|p1a: Slowbro|Slowbro, M|393\/393
|switch|p2a: Landorus|Landorus, M, shiny|319\/319
|turn|1
|join|JackYack
|leave|JackYack
|join|boonman
|c| Murkrow Jupiter|mob jus win ps i lub u
|
|move|p2a: Landorus|Earth Power|p1a: Slowbro
|-damage|p1a: Slowbro|81\/393
|move|p1a: Slowbro|Scald|p2a: Landorus
|-supereffective|p2a: Landorus
|-damage|p2a: Landorus|97\/319
|-status|p2a: Landorus|brn
|
|-heal|p1a: Slowbro|105\/393|[from] item: Leftovers
|-damage|p2a: Landorus|58\/319 brn|[from] brn
|turn|2
|join|rnd900
|join|WeLikeIke
|join|jake five
|join|Legend of Poro
|
|switch|p1a: Landorus-Therian|Landorus-Therian, M|319\/319
|-ability|p1a: Landorus-Therian|Intimidate|[of] p2a: Landorus
|-unboost|p2a: Landorus|atk|1
|move|p2a: Landorus|Hidden Power|p1a: Landorus-Therian
|-supereffective|p1a: Landorus-Therian
|-damage|p1a: Landorus-Therian|0 fnt
|-damage|p2a: Landorus|27\/319 brn|[from] item: Life Orb
|faint|p1a: Landorus-Therian
|
|-damage|p2a: Landorus|0 fnt|[from] brn
|faint|p2a: Landorus
|c| Murkrow Jupiter|derppppp
|c| Murkrow Jupiter|lmao
|join|daszxcv
|c| jake five|hey jewpiter
|c| Murkrow Jupiter|hio
|
|switch|p2a: Tyranitar|Tyranitar, M|341\/341
|switch|p1a: Heatran|Heatran, F|385\/385
|-weather|Sandstorm
|turn|3
|c| jake five|how's ur wife?
|c|âMoB Barley|lol
|
|switch|p1a: Clefable|Clefable, M|393\/393
|move|p2a: Tyranitar|Superpower|p1a: Clefable
|-resisted|p1a: Clefable
|-damage|p1a: Clefable|332\/393
|-unboost|p2a: Tyranitar|atk|1
|-unboost|p2a: Tyranitar|def|1
|
|-weather|Sandstorm|[upkeep]
|-heal|p1a: Clefable|356\/393|[from] item: Leftovers
|turn|4
|c| Murkrow Jupiter|hawt as a god
|join|ayylmaoayy
|
|switch|p2a: Gengar|Gengar, M|261\/261
|move|p1a: Clefable|Moonblast|p2a: Gengar
|-resisted|p2a: Gengar
|-damage|p2a: Gengar|192\/261
|-unboost|p2a: Gengar|spa|1
|
|-weather|Sandstorm|[upkeep]
|-damage|p2a: Gengar|176\/261|[from] sandstorm
|-heal|p1a: Clefable|380\/393|[from] item: Leftovers
|turn|5
|c| jake five|y dont i have a wife?
|c| jake five|i dont understand
|join|Thundurus User
|
|switch|p2a: Gallade|Gallade, M, shiny|277\/277
|switch|p1a: Heatran|Heatran, F|385\/385
|
|-weather|Sandstorm|[upkeep]
|-damage|p2a: Gallade|260\/277|[from] sandstorm
|turn|6
|join|sk8rgurl
|c| Murkrow Jupiter|cause u have much too lurn
|c| Murkrow Jupiter|young ass hopper
|c| jake five|i m ass hopper :')
|
|switch|p1a: Clefable|Clefable, M|380\/393
|detailschange|p2a: Gallade|Gallade-Mega, M, shiny
|-mega|p2a: Gallade|Gallade|Galladite
|move|p2a: Gallade|Knock Off|p1a: Clefable
|-resisted|p1a: Clefable
|-damage|p1a: Clefable|323\/393
|-enditem|p1a: Clefable|Leftovers|[from] move: Knock Off|[of] p2a: Gallade
|
|-weather|Sandstorm|[upkeep]
|-damage|p2a: Gallade|243\/277|[from] sandstorm
|turn|7
|c| Murkrow Jupiter|lollll
|c| jake five|xD
|join|HerpDerpFlurp
|
|switch|p2a: Gengar|Gengar, M|176\/261
|move|p1a: Clefable|Moonblast|p2a: Gengar
|-resisted|p2a: Gengar
|-damage|p2a: Gengar|103\/261
|
|-weather|none
|turn|8
|c| jake five|murkrow
|join|The Forever Grunt
|c| jake five|how2wife?
|
|switch|p1a: Heatran|Heatran, F|385\/385
|move|p2a: Gengar|Pain Split|p1a: Heatran
|-sethp|p1a: Heatran|244\/385|p2a: Gengar|244\/261|[from] move: Pain Split
|
|-heal|p1a: Heatran|268\/385|[from] item: Leftovers
|turn|9
|leave|beppityboopbop
|c| Reverend|ooooohhhhh
|join|Ban The Ninja
|
|move|p2a: Gengar|Shadow Ball|p1a: Heatran
|-damage|p1a: Heatran|150\/385
|-damage|p2a: Gengar|218\/261|[from] item: Life Orb
|move|p1a: Heatran|Lava Plume|p2a: Gengar
|-damage|p2a: Gengar|65\/261
|
|-heal|p1a: Heatran|174\/385|[from] item: Leftovers
|turn|10
|c| Murkrow Jupiter|#lotsOswagggg
|leave|Wheezer
|c| Murkrow Jupiter|no lie
|
|switch|p2a: Tyranitar|Tyranitar, M|341\/341
|-weather|Sandstorm
|move|p1a: Heatran|Stealth Rock|p2a: Tyranitar
|-sidestart|p2: MoB Barley|move: Stealth Rock
|
|-weather|Sandstorm|[upkeep]
|-heal|p1a: Heatran|198\/385|[from] item: Leftovers
|turn|11
|c| jake five|i was thinking of proposin to a qt global auth waifu
|join|AdvanceShip
|c| Murkrow Jupiter|lmaooooo
|c| jake five|i wana make briyella my wife
|c| Murkrow Jupiter|mush accepts
|c| jake five|and take her to fiji for honeymoon
|
|move|p2a: Tyranitar|Stone Edge|p1a: Heatran
|-damage|p1a: Heatran|33\/385
|move|p1a: Heatran|Lava Plume|p2a: Tyranitar
|-resisted|p2a: Tyranitar
|-damage|p2a: Tyranitar|300\/341
|
|-weather|Sandstorm|[upkeep]
|-heal|p1a: Heatran|57\/385|[from] item: Leftovers
|turn|12
|
|switch|p2a: Gengar|Gengar, M|65\/261
|-damage|p2a: Gengar|33\/261|[from] Stealth Rock
|switch|p1a: Metagross|Metagross|301\/301
|
|-weather|Sandstorm|[upkeep]
|-damage|p2a: Gengar|17\/261|[from] sandstorm
|turn|13
|c| jake five|if i marry global mod, does that mean i become global mod too?
|c| Murkrow Jupiter|playyyys
|c| Murkrow Jupiter|no son
|
|detailschange|p1a: Metagross|Metagross-Mega
|-mega|p1a: Metagross|Metagross|Metagrossite
|move|p1a: Metagross|Bullet Punch|p2a: Gengar
|-damage|p2a: Gengar|0 fnt
|faint|p2a: Gengar
|
|-weather|Sandstorm|[upkeep]
|c| jake five|shittt!
|c| Murkrow Jupiter|jus pussy wipped
|
|switch|p2a: Tyranitar|Tyranitar, M|300\/341
|-damage|p2a: Tyranitar|258\/341|[from] Stealth Rock
|turn|14
|
|switch|p1a: Heatran|Heatran, F|57\/385
|move|p2a: Tyranitar|Crunch|p1a: Heatran
|-damage|p1a: Heatran|0 fnt
|faint|p1a: Heatran
|
|-weather|none
|c| jake five|but that's what i want to make her become
|c| HerpDerpFlurp|reveal hammer arm
|
|switch|p1a: Clefable|Clefable, M|323\/393
|turn|15
|join|Lord Kuvira
|c| jake five|i want to whip her lady parts
|
|switch|p2a: Azumarill|Azumarill, M|381\/381
|-damage|p2a: Azumarill|334\/381|[from] Stealth Rock
|move|p1a: Clefable|Moonblast|p2a: Azumarill
|-damage|p2a: Azumarill|216\/381
|
|turn|16
|c| Murkrow Jupiter|takes know how son
|c| Murkrow Jupiter|and twerk'n
|c| Murkrow Jupiter|exp
|join|Padapos' stepdad
|
|switch|p2a: Latios|Latios, M|301\/301
|-damage|p2a: Latios|264\/301|[from] Stealth Rock
|switch|p1a: Amoonguss|Amoonguss, M|431\/431
|
|turn|17
|join|Snickered
|
|switch|p1a: Clefable|Clefable, M|323\/393
|move|p2a: Latios|Hidden Power|p1a: Clefable
|-damage|p1a: Clefable|223\/393
|-damage|p2a: Latios|234\/301|[from] item: Life Orb
|
|turn|18
|c| jake five|that seems like a lot of work
|join|misc all day
|join|RayDalio
|join|FrozenCold
|
|move|p2a: Latios|Defog|p1a: Clefable
|-unboost|p1a: Clefable|evasion|1
|-sideend|p2: MoB Barley|Stealth Rock|[from] move: Defog|[of] p2a: Latios
|move|p1a: Clefable|Soft-Boiled|p1a: Clefable
|-heal|p1a: Clefable|393\/393
|
|turn|19
|c| jake five|i think i'll just become homosexual and marry i nice jewish boy
|c| jake five|like z0mog
|leave|FrozenCold
|c| Murkrow Jupiter|...
|
|move|p2a: Latios|Psyshock|p1a: Clefable
|-damage|p1a: Clefable|220\/393
|-damage|p2a: Latios|204\/301|[from] item: Life Orb
|move|p1a: Clefable|Moonblast|p2a: Latios
|-supereffective|p2a: Latios
|-damage|p2a: Latios|0 fnt
|faint|p2a: Latios
|
|c| Snickered|funny
|c| misc all day|i stopped usin defog latis since mandi is better for it cuz stab
|c| Snickered|bc i have a gay jewish friend
|
|switch|p2a: Azumarill|Azumarill, M|216\/381
|turn|20
|join|FrozenCold
|c| Murkrow Jupiter|â¦â¦...
|c| jake five|r u gay with him?
|c| Snickered|of
|c| Snickered|ofc*
|join|altei
|c| FrozenCold|Gl hf Mob against Qwazz
|c| Murkrow Jupiter|--___--
|
|switch|p1a: Amoonguss|Amoonguss, M|431\/431
|move|p2a: Azumarill|Play Rough|p1a: Amoonguss
|-resisted|p1a: Amoonguss
|-damage|p1a: Amoonguss|297\/431
|
|-heal|p1a: Amoonguss|323\/431|[from] item: Black Sludge
|turn|21
|join|we birthed yutt
|c| FrozenCold|unless MoB Losses
|
|move|p2a: Azumarill|Play Rough|p1a: Amoonguss
|-resisted|p1a: Amoonguss
|-damage|p1a: Amoonguss|198\/431
|move|p1a: Amoonguss|Giga Drain|p2a: Azumarill
|-supereffective|p2a: Azumarill
|-damage|p2a: Azumarill|36\/381
|-heal|p1a: Amoonguss|288\/431|[from] drain|[of] p2a: Azumarill
|
|-heal|p1a: Amoonguss|314\/431|[from] item: Black Sludge
|turn|22
|c| Murkrow Jupiter|LOLLLL
|c| Snickered|i think he lost
|c| Murkrow Jupiter|@webirthedyutt
|
|move|p2a: Azumarill|Play Rough|p1a: Amoonguss
|-resisted|p1a: Amoonguss
|-damage|p1a: Amoonguss|173\/431
|move|p1a: Amoonguss|Giga Drain|p2a: Azumarill
|-supereffective|p2a: Azumarill
|-damage|p2a: Azumarill|0 fnt
|-heal|p1a: Amoonguss|191\/431|[from] drain|[of] p2a: Azumarill
|faint|p2a: Azumarill
|
|-heal|p1a: Amoonguss|217\/431|[from] item: Black Sludge
|c| we birthed yutt|its joo murk
|c| we birthed yutt|whats good
|c| Ban The Ninja|i thought mob had this
|c| Murkrow Jupiter|what's gud nig
|c| Murkrow Jupiter|<3
|
|switch|p2a: Gallade|Gallade-Mega, M, shiny|243\/277
|turn|23
|c| Ban The Ninja|but i dont think gallade is getting past clefable
|c| WeLikeIke|he still has a chance to
|c| we birthed yutt|making some teams with yutt the man i virthed
|
|move|p2a: Gallade|Zen Headbutt|p1a: Amoonguss|[miss]
|-miss|p2a: Gallade|p1a: Amoonguss
|move|p1a: Amoonguss|Foul Play|p2a: Gallade
|-damage|p2a: Gallade|96\/277
|
|-heal|p1a: Amoonguss|243\/431|[from] item: Black Sludge
|turn|24
|c| we birthed yutt|birthed!
|c| Snickered|+2 zen can kill
|c| HerpDerpFlurp|:O
|c| Ban The Ninja|welp
|c| Padapos' stepdad|jews have feelings too, except when their banks take everything u love
|c|âreq'd by crobro|sorry
|c| Ban The Ninja|bagged and tagged
|
|move|p2a: Gallade|Zen Headbutt|p1a: Amoonguss
|-supereffective|p1a: Amoonguss
|-damage|p1a: Amoonguss|0 fnt
|faint|p1a: Amoonguss
|
|c| Murkrow Jupiter|that's not disturbing at all...
|c| Snickered|gallade can't get pass metagross
|
|switch|p1a: Metagross|Metagross-Mega|301\/301
|turn|25
|c| Ban The Ninja|o
|c| Ban The Ninja|it's blank
|c| Ban The Ninja|i didnt even see it was there
|c| Ban The Ninja|lol
|c| Ban The Ninja|fuck u PS
|
|move|p1a: Metagross|Bullet Punch|p2a: Gallade
|-damage|p2a: Gallade|0 fnt
|faint|p2a: Gallade
|
|leave|FrozenCold
|c| we birthed yutt|bp megagross
|-message|MoB Barley forfeited.
|leave|MoB Barley
|c| we birthed yutt|smh we all losin to this
|leave|5th
|leave|rnd900
|
|win|req'd by crobro
|player|p2
|leave|powaa
|leave|we birthed yutt
|leave|thecrystalonix
|leave|HerpDerpFlurp
|leave|sk8rgurl
|leave|pyromaniac 963
|leave|AdvanceShip
|leave|boonman
|leave|Ban The Ninja
|leave|altei
|leave|Reverend
|leave|req'd by crobro
|player|p1
|leave|WeLikeIke
|leave|jake five
|leave|Murkrow Jupiter