|join|req'd by crobro
|join|hateladdder
|player|p1|req'd by crobro|288
|player|p2|hateladdder|33
|gametype|singles
|gen|6
|tier|OU (suspect test)
|rated
|clearpoke
|poke|p1|Slowbro, M
|poke|p1|Terrakion
|poke|p1|Landorus-Therian, M
|poke|p1|Amoonguss, M
|poke|p1|Clefable, M
|poke|p1|Altaria, F
|poke|p2|Thundurus, M
|poke|p2|Landorus-Therian, M
|poke|p2|Keldeo
|poke|p2|Bisharp, M
|poke|p2|Metagross
|poke|p2|Garchomp, F
|rule|Swagger Clause: Swagger is banned
|rule|Baton Pass Clause: Limit one PokÃ©mon knowing Baton Pass
|rule|Sleep Clause Mod: Limit one foe put to sleep
|rule|Species Clause: Limit one of each PokÃ©mon
|rule|OHKO Clause: OHKO moves are banned
|rule|Moody Clause: Moody is banned
|rule|Evasion Moves Clause: Evasion moves are banned
|rule|Endless Battle Clause: Forcing endless battles is banned
|rule|HP Percentage Mod: HP is shown in percentages
|teampreview
|
|start
|switch|p1a: Landorus-Therian|Landorus-Therian, M|381\/381
|switch|p2a: Garchomp|Garchomp, F|357\/357
|-ability|p1a: Landorus-Therian|Intimidate|[of] p2a: Garchomp
|-unboost|p2a: Garchomp|atk|1
|turn|1
|
|move|p2a: Garchomp|Stealth Rock|p1a: Landorus-Therian
|-sidestart|p1: req'd by crobro|move: Stealth Rock
|move|p1a: Landorus-Therian|Stealth Rock|p2a: Garchomp
|-sidestart|p2: hateladdder|move: Stealth Rock
|
|turn|2
|
|switch|p1a: Clefable|Clefable, M|393\/393
|move|p2a: Garchomp|Swords Dance|p2a: Garchomp
|-boost|p2a: Garchomp|atk|2
|
|turn|3
|
|move|p2a: Garchomp|Earthquake|p1a: Clefable
|-damage|p1a: Clefable|162\/393
|move|p1a: Clefable|Moonblast|p2a: Garchomp
|-supereffective|p2a: Garchomp
|-damage|p2a: Garchomp|127\/357
|-unboost|p2a: Garchomp|spa|1
|
|-heal|p1a: Clefable|186\/393|[from] item: Leftovers
|turn|4
|
|move|p2a: Garchomp|Earthquake|p1a: Clefable
|-damage|p1a: Clefable|0 fnt
|faint|p1a: Clefable
|
|
|switch|p1a: Terrakion|Terrakion|323\/323
|-damage|p1a: Terrakion|303\/323|[from] Stealth Rock
|turn|5
|
|move|p1a: Terrakion|Close Combat|p2a: Garchomp
|-damage|p2a: Garchomp|0 fnt
|-damage|p1a: Terrakion|263\/323|[from] ability: Rough Skin|[of] p2a: Garchomp
|-unboost|p1a: Terrakion|def|1
|-unboost|p1a: Terrakion|spd|1
|faint|p2a: Garchomp
|
|join|Aurious
|
|switch|p2a: Metagross|Metagross|301\/301
|-damage|p2a: Metagross|283\/301|[from] Stealth Rock
|turn|6
|join|LordKuvira
|
|switch|p1a: Slowbro|Slowbro, M|393\/393
|-damage|p1a: Slowbro|344\/393|[from] Stealth Rock
|switch|p2a: Thundurus|Thundurus, M|299\/299
|-damage|p2a: Thundurus|225\/299|[from] Stealth Rock
|
|-heal|p2a: Thundurus|243\/299|[from] item: Leftovers
|turn|7
|
|switch|p1a: Amoonguss|Amoonguss, M|431\/431
|-damage|p1a: Amoonguss|378\/431|[from] Stealth Rock
|move|p2a: Thundurus|Hidden Power|p1a: Amoonguss
|-supereffective|p1a: Amoonguss
|-damage|p1a: Amoonguss|204\/431
|
|-heal|p2a: Thundurus|261\/299|[from] item: Leftovers
|-heal|p1a: Amoonguss|230\/431|[from] item: Black Sludge
|turn|8
|
|switch|p2a: Landorus-Therian|Landorus-Therian, M|319\/319
|-damage|p2a: Landorus-Therian|280\/319|[from] Stealth Rock
|-ability|p2a: Landorus-Therian|Intimidate|[of] p1a: Amoonguss
|-unboost|p1a: Amoonguss|atk|1
|move|p1a: Amoonguss|Spore|p2a: Landorus-Therian
|-status|p2a: Landorus-Therian|slp
|
|-heal|p1a: Amoonguss|256\/431|[from] item: Black Sludge
|turn|9
|
|switch|p2a: Bisharp|Bisharp, M|271\/271
|-damage|p2a: Bisharp|255\/271|[from] Stealth Rock
|switch|p1a: Altaria|Altaria, F|353\/353
|-damage|p1a: Altaria|265\/353|[from] Stealth Rock
|
|turn|10
|
|detailschange|p1a: Altaria|Altaria-Mega, F
|-mega|p1a: Altaria|Altaria|Altarianite
|move|p2a: Bisharp|Iron Head|p1a: Altaria
|-supereffective|p1a: Altaria
|-damage|p1a: Altaria|0 fnt
|-damage|p2a: Bisharp|228\/271|[from] item: Life Orb
|faint|p1a: Altaria
|
|-message|req'd by crobro forfeited.
|leave|req'd by crobro
|
|win|hateladdder
|raw|Ladder updating...
|player|p1
|raw|req&apos;d by crobro's rating: 1600 &rarr; <strong>1575<\/strong><br \/>(-25 for losing)
|raw|hateladdder's rating: 1520 &rarr; <strong>1544<\/strong><br \/>(+24 for winning)
|leave|Aurious