|join|req'd by crobro
|join|TFL
|player|p1|req'd by crobro|288
|player|p2|TFL|263
|gametype|singles
|gen|6
|tier|OU (suspect test)
|clearpoke
|poke|p1|Amoonguss, M
|poke|p1|Slowbro, M
|poke|p1|Heatran, F
|poke|p1|Landorus-Therian, M
|poke|p1|Metagross
|poke|p1|Clefable, F
|poke|p2|Seismitoad, M
|poke|p2|Latias, F
|poke|p2|Amoonguss, M
|poke|p2|Pinsir, M
|poke|p2|Magnezone
|poke|p2|Tyranitar, M
|rule|Swagger Clause: Swagger is banned
|rule|Baton Pass Clause: Limit one PokÃ©mon knowing Baton Pass
|rule|Sleep Clause Mod: Limit one foe put to sleep
|rule|Species Clause: Limit one of each PokÃ©mon
|rule|OHKO Clause: OHKO moves are banned
|rule|Moody Clause: Moody is banned
|rule|Evasion Moves Clause: Evasion moves are banned
|rule|Endless Battle Clause: Forcing endless battles is banned
|rule|HP Percentage Mod: HP is shown in percentages
|teampreview
|join|FearTheCow57
|join|UnTalPokeNino
|join|yuruuu
|join|SteelOsprei
|join|Frickett
|c|âreq'd by crobro|gl
|c|âreq'd by crobro|hf
|join|orne
|c|âTFL|bl
|c|âTFL|hf
|join|jailbait jenny
|c|âTFL|:)
|join|Alldaalts
|join|Sharpteeth
|c|âreq'd by crobro|so nice of you
|c| Sharpteeth|Watch
|join|only team testing
|c| Sharpteeth|first turn
|
|start
|switch|p1a: Metagross|Metagross|301\/301
|switch|p2a: Seismitoad|Seismitoad, M|414\/414
|turn|1
|join|SpinalFluidYum
|c| Sharpteeth|critical burn scald
|
|switch|p1a: Amoonguss|Amoonguss, M|431\/431
|move|p2a: Seismitoad|Stealth Rock|p1a: Amoonguss
|-sidestart|p1: req'd by crobro|move: Stealth Rock
|
|turn|2
|join|Bloody alfa
|join|stockholm negro
|
|switch|p2a: Amoonguss|Amoonguss, M|432\/432
|switch|p1a: Landorus-Therian|Landorus-Therian, M|319\/319
|-damage|p1a: Landorus-Therian|280\/319|[from] Stealth Rock
|-ability|p1a: Landorus-Therian|Intimidate|[of] p2a: Amoonguss
|-unboost|p2a: Amoonguss|atk|1
|
|turn|3
|join|Grumtastic
|join|macromonarch
|
|move|p1a: Landorus-Therian|U-turn|p2a: Amoonguss
|-damage|p2a: Amoonguss|335\/432
|c|âTFL|let me spore you
|leave|macromonarch
|
|switch|p1a: Amoonguss|Amoonguss, M|431\/431
|-damage|p1a: Amoonguss|378\/431|[from] Stealth Rock
|move|p2a: Amoonguss|Spore|p1a: Amoonguss
|-fail|p1a: Amoonguss
|
|-heal|p1a: Amoonguss|404\/431|[from] item: Black Sludge
|-heal|p2a: Amoonguss|362\/432|[from] item: Black Sludge
|turn|4
|c| Grumtastic|tfl you scrub whats with that defensive core
|c|âTFL|?
|c|âTFL|its gud
|join|Sendoh San
|
|move|p1a: Amoonguss|Foul Play|p2a: Amoonguss
|-damage|p2a: Amoonguss|333\/432
|move|p2a: Amoonguss|Spore|p1a: Amoonguss
|-fail|p1a: Amoonguss
|
|-heal|p1a: Amoonguss|430\/431|[from] item: Black Sludge
|-heal|p2a: Amoonguss|360\/432|[from] item: Black Sludge
|turn|5
|join|thepack
|join|bunnytokki
|join|mike hunts
|c|âTFL|switch plz
|
|switch|p1a: Clefable|Clefable, F|393\/393
|move|p2a: Amoonguss|Spore|p1a: Clefable
|-status|p1a: Clefable|slp
|
|-heal|p2a: Amoonguss|387\/432|[from] item: Black Sludge
|turn|6
|join|2L8toH8
|c| Grumtastic|looks like you just ripped it out of a stall team
|join|craing
|c|âreq'd by crobro|you can spore this
|c|âTFL|:\/
|c| craing|go tiffle ^>^
|c|âreq'd by crobro|lel
|
|switch|p1a: Slowbro|Slowbro, M|393\/393
|-damage|p1a: Slowbro|344\/393|[from] Stealth Rock
|switch|p2a: Latias|Latias, F|319\/319
|
|-heal|p1a: Slowbro|368\/393|[from] item: Leftovers
|turn|7
|leave|SteelOsprei
|
|move|p2a: Latias|Draco Meteor|p1a: Slowbro
|-damage|p1a: Slowbro|74\/393
|-unboost|p2a: Latias|spa|2
|-damage|p2a: Latias|288\/319|[from] item: Life Orb
|move|p1a: Slowbro|Thunder Wave|p2a: Latias
|-status|p2a: Latias|par
|
|-heal|p1a: Slowbro|98\/393|[from] item: Leftovers
|turn|8
|join|1800Rekt
|c| Grumtastic|hnggggg
|c| mike hunts|i have one q how do u even kill slowbro
|
|switch|p2a: Magnezone|Magnezone|322\/322
|move|p1a: Slowbro|Slack Off|p1a: Slowbro
|-heal|p1a: Slowbro|295\/393
|
|-heal|p1a: Slowbro|319\/393|[from] item: Leftovers
|turn|9
|c| Sharpteeth|like that
|
|switch|p1a: Heatran|Heatran, F|385\/385
|-damage|p1a: Heatran|337\/385|[from] Stealth Rock
|move|p2a: Magnezone|Flash Cannon|p1a: Heatran
|-resisted|p1a: Heatran
|-damage|p1a: Heatran|294\/385
|
|-heal|p1a: Heatran|318\/385|[from] item: Leftovers
|turn|10
|c| mike hunts|its like a slower greninja
|c| mike hunts|:<
|leave|Frickett
|leave|craing
|
|switch|p2a: Latias|Latias, F|288\/319 par
|move|p1a: Heatran|Stealth Rock|p2a: Latias
|-sidestart|p2: TFL|move: Stealth Rock
|
|-heal|p1a: Heatran|342\/385|[from] item: Leftovers
|turn|11
|join|craing
|
|switch|p1a: Landorus-Therian|Landorus-Therian, M|280\/319
|-damage|p1a: Landorus-Therian|241\/319|[from] Stealth Rock
|-ability|p1a: Landorus-Therian|Intimidate|[of] p2a: Latias
|-unboost|p2a: Latias|atk|1
|move|p2a: Latias|Defog|p1a: Landorus-Therian
|-unboost|p1a: Landorus-Therian|evasion|1
|-sideend|p1: req'd by crobro|Stealth Rock|[from] move: Defog|[of] p1a: Landorus-Therian
|-sideend|p2: TFL|Stealth Rock|[from] move: Defog|[of] p2a: Latias
|
|turn|12
|c|âreq'd by crobro|wut
|join|Baeonetta
|c|âreq'd by crobro|oh defog
|
|switch|p2a: Amoonguss|Amoonguss, M|432\/432
|move|p1a: Landorus-Therian|U-turn|p2a: Amoonguss
|-damage|p2a: Amoonguss|350\/432
|
|switch|p1a: Heatran|Heatran, F|342\/385
|
|-heal|p1a: Heatran|366\/385|[from] item: Leftovers
|-heal|p2a: Amoonguss|377\/432|[from] item: Black Sludge
|turn|13
|
|switch|p2a: Latias|Latias, F|288\/319 par
|move|p1a: Heatran|Stealth Rock|p2a: Latias
|-sidestart|p2: TFL|move: Stealth Rock
|
|-heal|p1a: Heatran|385\/385|[from] item: Leftovers
|turn|14
|c| Sharpteeth|lefties latias > lo latias
|join|Mezna
|
|switch|p1a: Amoonguss|Amoonguss, M|431\/431
|move|p2a: Latias|Defog|p1a: Amoonguss
|-unboost|p1a: Amoonguss|evasion|1
|-sideend|p2: TFL|Stealth Rock|[from] move: Defog|[of] p2a: Latias
|
|turn|15
|join|misc all day
|
|switch|p1a: Slowbro|Slowbro, M|393\/393
|move|p2a: Latias|Psyshock|p1a: Slowbro
|-resisted|p1a: Slowbro
|-damage|p1a: Slowbro|345\/393
|-damage|p2a: Latias|257\/319 par|[from] item: Life Orb
|
|-heal|p1a: Slowbro|369\/393|[from] item: Leftovers
|turn|16
|leave|mike hunts
|c| misc all day|nice feraligator
|
|move|p1a: Slowbro|Scald|p2a: Latias
|-resisted|p2a: Latias
|-damage|p2a: Latias|219\/319 par
|cant|p2a: Latias|par
|
|-heal|p1a: Slowbro|393\/393|[from] item: Leftovers
|turn|17
|
|switch|p1a: Heatran|Heatran, F|385\/385
|move|p2a: Latias|Draco Meteor|p1a: Heatran
|-resisted|p1a: Heatran
|-damage|p1a: Heatran|303\/385
|-unboost|p2a: Latias|spa|2
|-damage|p2a: Latias|188\/319 par|[from] item: Life Orb
|
|-heal|p1a: Heatran|327\/385|[from] item: Leftovers
|turn|18
|
|switch|p1a: Landorus-Therian|Landorus-Therian, M|241\/319
|-ability|p1a: Landorus-Therian|Intimidate|[of] p2a: Latias
|-unboost|p2a: Latias|atk|1
|move|p2a: Latias|Earthquake|p1a: Landorus-Therian
|-immune|p1a: Landorus-Therian|[msg]
|
|turn|19
|join|min min
|
|switch|p2a: Magnezone|Magnezone|322\/322
|move|p1a: Landorus-Therian|U-turn|p2a: Magnezone
|-resisted|p2a: Magnezone
|-damage|p2a: Magnezone|277\/322
|c|âreq'd by crobro|thats what i thought
|c| Sharpteeth|wut.
|
|switch|p1a: Heatran|Heatran, F|327\/385
|
|-heal|p1a: Heatran|351\/385|[from] item: Leftovers
|turn|20
|
|move|p1a: Heatran|Stealth Rock|p2a: Magnezone
|-sidestart|p2: TFL|move: Stealth Rock
|move|p2a: Magnezone|Volt Switch|p1a: Heatran
|-damage|p1a: Heatran|210\/385
|
|switch|p2a: Seismitoad|Seismitoad, M|414\/414
|-damage|p2a: Seismitoad|389\/414|[from] Stealth Rock
|
|-heal|p1a: Heatran|234\/385|[from] item: Leftovers
|-heal|p2a: Seismitoad|414\/414|[from] item: Leftovers
|turn|21
|join|l213
|
|switch|p1a: Amoonguss|Amoonguss, M|431\/431
|move|p2a: Seismitoad|Stealth Rock|p1a: Amoonguss
|-sidestart|p1: req'd by crobro|move: Stealth Rock
|
|turn|22
|join|Demandred
|
|switch|p2a: Magnezone|Magnezone|277\/322
|-damage|p2a: Magnezone|257\/322|[from] Stealth Rock
|move|p1a: Amoonguss|Giga Drain|p2a: Magnezone
|-resisted|p2a: Magnezone
|-damage|p2a: Magnezone|213\/322
|
|turn|23
|
|move|p2a: Magnezone|Flash Cannon|p1a: Amoonguss
|-damage|p1a: Amoonguss|139\/431
|-unboost|p1a: Amoonguss|spd|1
|move|p1a: Amoonguss|Spore|p2a: Magnezone
|-status|p2a: Magnezone|slp
|
|-heal|p1a: Amoonguss|165\/431|[from] item: Black Sludge
|turn|24
|
|switch|p2a: Tyranitar|Tyranitar, M|342\/342
|-damage|p2a: Tyranitar|300\/342|[from] Stealth Rock
|-weather|Sandstorm
|switch|p1a: Metagross|Metagross|301\/301
|-damage|p1a: Metagross|283\/301|[from] Stealth Rock
|
|-weather|Sandstorm|[upkeep]
|turn|25
|
|switch|p1a: Landorus-Therian|Landorus-Therian, M|241\/319
|-damage|p1a: Landorus-Therian|202\/319|[from] Stealth Rock
|-ability|p1a: Landorus-Therian|Intimidate|[of] p2a: Tyranitar
|-unboost|p2a: Tyranitar|atk|1
|move|p2a: Tyranitar|Crunch|p1a: Landorus-Therian
|-damage|p1a: Landorus-Therian|102\/319
|
|-weather|Sandstorm|[upkeep]
|turn|26
|
|move|p1a: Landorus-Therian|Earthquake|p2a: Tyranitar
|-supereffective|p2a: Tyranitar
|-damage|p2a: Tyranitar|0 fnt
|faint|p2a: Tyranitar
|
|-weather|Sandstorm|[upkeep]
|
|switch|p2a: Pinsir|Pinsir, M|271\/271
|-damage|p2a: Pinsir|204\/271|[from] Stealth Rock
|turn|27
|c| Sharpteeth|noo
|c| Grumtastic|hnng
|c| Sharpteeth|metagross still lives!
|
|switch|p1a: Slowbro|Slowbro, M|393\/393
|-damage|p1a: Slowbro|344\/393|[from] Stealth Rock
|move|p2a: Pinsir|Swords Dance|p2a: Pinsir
|-boost|p2a: Pinsir|atk|2
|
|-weather|Sandstorm|[upkeep]
|-damage|p2a: Pinsir|188\/271|[from] sandstorm
|-damage|p1a: Slowbro|320\/393|[from] sandstorm
|-heal|p1a: Slowbro|344\/393|[from] item: Leftovers
|turn|28
|
|switch|p1a: Landorus-Therian|Landorus-Therian, M|102\/319
|-damage|p1a: Landorus-Therian|63\/319|[from] Stealth Rock
|-ability|p1a: Landorus-Therian|Intimidate|[of] p2a: Pinsir
|-fail|p2a: Pinsir|unboost|Attack|[from] ability: Hyper Cutter|[of] p2a: Pinsir
|move|p2a: Pinsir|Swords Dance|p2a: Pinsir
|-boost|p2a: Pinsir|atk|2
|
|-weather|none
|turn|29
|c|âreq'd by crobro|oml
|c|âTFL|nah mang
|c| Sharpteeth|oml
|leave|Mezna
|c| thepack|damn
|
|move|p2a: Pinsir|Quick Attack|p1a: Landorus-Therian
|-damage|p1a: Landorus-Therian|0 fnt
|faint|p1a: Landorus-Therian
|
|c| Grumtastic|dem hype cuts
|
|switch|p1a: Metagross|Metagross|283\/301
|-damage|p1a: Metagross|265\/301|[from] Stealth Rock
|turn|30
|c| Sharpteeth|yeah, the massiveness of that choke blasted you
|
|detailschange|p2a: Pinsir|Pinsir-Mega, M
|-mega|p2a: Pinsir|Pinsir|Pinsirite
|detailschange|p1a: Metagross|Metagross-Mega
|-mega|p1a: Metagross|Metagross|Metagrossite
|move|p2a: Pinsir|Knock Off|p1a: Metagross
|-supereffective|p1a: Metagross
|-damage|p1a: Metagross|0 fnt
|faint|p1a: Metagross
|
|c|âreq'd by crobro|gg
|c| Grumtastic|rehkt
|leave|req'd by crobro
|player|p1
|c|âTFL|jeejee
|c| Sharpteeth|Uh
|c|âTFL|:)
|c| Sharpteeth|did
|join|req'd by crobro
|player|p1|req'd by crobro|288
|c| Sharpteeth|did you just run a gingy set
|c|âreq'd by crobro|my b
|c|âTFL|y
|c| Grumtastic|yep
|c|âreq'd by crobro|used to ladder
|leave|stockholm negro
|-message|req'd by crobro forfeited.
|
|win|TFL
|leave|TFL
|player|p2
|leave|Sharpteeth
|leave|req'd by crobro
|leave|2L8toH8
|leave|thepack
|player|p1
|leave|Demandred
|leave|SpinalFluidYum
|leave|Grumtastic
|leave|1800Rekt
|leave|jailbait jenny
|leave|only team testing
|leave|orne
|leave|Baeonetta
|leave|Sendoh San
|leave|misc all day
|leave|Alldaalts
|leave|min min
|leave|yuruuu