|join|Here to Stay
|join|Linck129
|player|p1|Here to Stay|148
|player|p2|Linck129|2
|gametype|singles
|gen|6
|tier|OU
|rated
|clearpoke
|poke|p1|Deoxys-Speed
|poke|p1|Keldeo
|poke|p1|Talonflame, M
|poke|p1|Mawile, M
|poke|p1|Mamoswine, M
|poke|p1|Thundurus, M
|poke|p2|Gardevoir, M
|poke|p2|Landorus-Therian, M
|poke|p2|Entei
|poke|p2|Honchkrow, M
|poke|p2|Goodra, M
|poke|p2|Deoxys-Speed
|rule|Sleep Clause Mod: Limit one foe put to sleep
|rule|Species Clause: Limit one of each Pokemon
|rule|OHKO Clause: OHKO moves are banned
|rule|Moody Clause: Moody is banned
|rule|Evasion Moves Clause: Evasion moves are banned
|rule|Endless Battle Clause: Forcing endless battles is banned.
|rule|HP Percentage Mod: HP is reported as percentages
|teampreview
|join|thenewguy24imo
|chat|thenewguy24imo|yeah we got this
|
|start
|switch|p1a: Thundurus|Thundurus, M|299\/299
|switch|p2a: Deoxys-Speed|Deoxys-Speed|241\/241
|-ability|p2a: Deoxys-Speed|Pressure
|turn|1
|
|switch|p2a: Goodra|Goodra, M|361\/361
|move|p1a: Thundurus|Taunt|p2a: Goodra
|-start|p2a: Goodra|move: Taunt
|
|turn|2
|
|switch|p1a: Deoxys-Speed|Deoxys-Speed|241\/241
|-ability|p1a: Deoxys-Speed|Pressure
|move|p2a: Goodra|Fire Blast|p1a: Deoxys-Speed
|-damage|p1a: Deoxys-Speed|134\/241
|
|turn|3
|
|move|p1a: Deoxys-Speed|Stealth Rock|p2a: Goodra
|-sidestart|p2: Linck129|move: Stealth Rock
|move|p2a: Goodra|Dragon Tail|p1a: Deoxys-Speed
|-damage|p1a: Deoxys-Speed|23\/241
|drag|p1a: Mamoswine|Mamoswine, M|361\/361
|
|turn|4
|
|switch|p2a: Entei|Entei|371\/371
|-damage|p2a: Entei|279\/371|[from] Stealth Rock
|-ability|p2a: Entei|Pressure
|move|p1a: Mamoswine|Icicle Crash|p2a: Entei
|-resisted|p2a: Entei
|-damage|p2a: Entei|185\/371
|-damage|p1a: Mamoswine|325\/361|[from] item: Life Orb
|
|turn|5
|
|switch|p1a: Keldeo|Keldeo|323\/323
|move|p2a: Entei|Flame Charge|p1a: Keldeo
|-resisted|p1a: Keldeo
|-damage|p1a: Keldeo|261\/323
|-boost|p2a: Entei|spe|1
|-damage|p2a: Entei|148\/371|[from] item: Life Orb
|
|turn|6
|join|stinkki shark
|chat|stinkki shark|HIIIIIIIIIIIIIIIiiiii
|chat|thenewguy24imo|STINKKI
|chat|thenewguy24imo|<33333333333333
|chat|Here to Stay|yo
|chat|stinkki shark|whatsup gauy
|chat|stinkki shark|*guys
|
|move|p2a: Entei|Sacred Fire|p1a: Keldeo
|-resisted|p1a: Keldeo
|-damage|p1a: Keldeo|135\/323
|-damage|p2a: Entei|111\/371|[from] item: Life Orb
|move|p1a: Keldeo|Scald|p2a: Entei
|-supereffective|p2a: Entei
|-damage|p2a: Entei|0 fnt
|faint|p2a: Entei
|
|chat|stinkki shark|woww
|chat|stinkki shark|hts
|chat|thenewguy24imo|laddering up to #1
|chat|stinkki shark|im loving ur rank
|chat|thenewguy24imo|lel
|join|testRUsuspect
|chat|Here to Stay|i was 2000 + before haha
|
|switch|p2a: Gardevoir|Gardevoir, M|340\/340
|-damage|p2a: Gardevoir|298\/340|[from] Stealth Rock
|-ability|p2a: Gardevoir|Justified|[from] ability: Trace|[of] p1a: Keldeo
|turn|7
|chat|Here to Stay|but i lose a couple
|
|detailschange|p2a: Gardevoir|Gardevoir-Mega, M
|message|Gardevoir has Mega Evolved into Mega Gardevoir!
|move|p1a: Keldeo|Scald|p2a: Gardevoir
|-damage|p2a: Gardevoir|156\/340
|move|p2a: Gardevoir|Hyper Voice|p1a: Keldeo
|-supereffective|p1a: Keldeo
|-damage|p1a: Keldeo|0 fnt
|faint|p1a: Keldeo
|
|chat|thenewguy24imo|top lel
|
|switch|p1a: Talonflame|Talonflame, M|297\/297
|turn|8
|
|switch|p2a: Landorus-Therian|Landorus-Therian, M|382\/382
|-damage|p2a: Landorus-Therian|335\/382|[from] Stealth Rock
|-ability|p2a: Landorus-Therian|Intimidate|[of] p1a: Talonflame
|-unboost|p1a: Talonflame|atk|1
|move|p1a: Talonflame|Brave Bird|p2a: Landorus-Therian
|-crit|p2a: Landorus-Therian
|-damage|p2a: Landorus-Therian|0 fnt
|-damage|p1a: Talonflame|186\/297|[from] recoil|[of] p2a: Landorus-Therian
|-damage|p1a: Talonflame|157\/297|[from] item: Life Orb
|faint|p2a: Landorus-Therian
|
|chat|thenewguy24imo|rofl
|chat|Here to Stay|not bad
|chat|Linck129|lol
|join|Aka DH
|
|switch|p2a: Honchkrow|Honchkrow, M|341\/341
|-damage|p2a: Honchkrow|256\/341|[from] Stealth Rock
|turn|9
|chat|Here to Stay|pretty skill ful imo
|
|move|p1a: Talonflame|Tailwind|p1a: Talonflame
|-sidestart|p1: Here to Stay|move: Tailwind
|move|p2a: Honchkrow|Roost|p2a: Honchkrow
|-heal|p2a: Honchkrow|341\/341
|
|turn|10
|chat|thenewguy24imo|wish killer watches battles?
|chat|thenewguy24imo|what?
|join|Kanapâ¬sh
|
|move|p1a: Talonflame|Brave Bird|p2a: Honchkrow
|-damage|p2a: Honchkrow|72\/341
|-damage|p1a: Talonflame|68\/297|[from] recoil|[of] p2a: Honchkrow
|-damage|p1a: Talonflame|39\/297|[from] item: Life Orb
|move|p2a: Honchkrow|Brave Bird|p1a: Talonflame
|-damage|p1a: Talonflame|0 fnt
|-damage|p2a: Honchkrow|59\/341|[from] recoil|[of] p1a: Talonflame
|-damage|p2a: Honchkrow|25\/341|[from] item: Life Orb
|faint|p1a: Talonflame
|-boost|p2a: Honchkrow|atk|1|[from] ability: Moxie
|
|
|switch|p1a: Mamoswine|Mamoswine, M|325\/361
|turn|11
|
|move|p1a: Mamoswine|Ice Shard|p2a: Honchkrow
|-supereffective|p2a: Honchkrow
|-damage|p2a: Honchkrow|0 fnt
|-damage|p1a: Mamoswine|289\/361|[from] item: Life Orb
|faint|p2a: Honchkrow
|
|
|switch|p2a: Deoxys-Speed|Deoxys-Speed|241\/241
|-damage|p2a: Deoxys-Speed|211\/241|[from] Stealth Rock
|-ability|p2a: Deoxys-Speed|Pressure
|turn|12
|
|move|p1a: Mamoswine|Earthquake|p2a: Deoxys-Speed
|-damage|p2a: Deoxys-Speed|0 fnt
|-damage|p1a: Mamoswine|253\/361|[from] item: Life Orb
|faint|p2a: Deoxys-Speed
|
|-sideend|p1: Here to Stay|move: Tailwind
|chat|stinkki shark|<3
|leave|Linck129
|player|p2
|chat|stinkki shark|u got this m8
|chat|thenewguy24imo|LOL
|chat|stinkki shark|rage quit?????+
|chat|thenewguy24imo|RQ
|chat|thenewguy24imo|RQRQRQRQRQRQRQRQ
|chat|Here to Stay|:L
|chat|stinkki shark|u and ur short cuts :D
|chat|stinkki shark|rq
|chat|stinkki shark|hsaha
|chat|stinkki shark|nb
|chat|thenewguy24imo|:D
|chat|thenewguy24imo|b
|chat|stinkki shark|vb
|chat|stinkki shark|indeed
|chat|thenewguy24imo|:D
|chat|thenewguy24imo|i really hope
|chat|stinkki shark|hts go for another?????
|chat|thenewguy24imo|youre gonna snipe
|chat|thenewguy24imo|aka dh now
|chat|stinkki shark|snipe?
|chat|thenewguy24imo|aka wish killer
|chat|thenewguy24imo|aka bloody sunday
|chat|stinkki shark|there easy to win
|chat|thenewguy24imo|like hit on ladder
|chat|stinkki shark|with that team
|-message|linck129 lost due to inactivity.
|
|win|Here to Stay
|raw|Ladder updating...
|chat|stinkki shark|tho venu tricksy
|chat|thenewguy24imo|ye probs
|raw|Here to Stay's rating: 1967 &rarr; <strong>1974<\/strong><br \/>(+7 for winning)
|raw|Linck129's rating: 1671 &rarr; <strong>1665<\/strong><br \/>(-6 for losing)
|leave|Here to Stay
|player|p1
|leave|stinkki shark
|chat|thenewguy24imo|but both 2 great players
|leave|thenewguy24imo
|leave|testRUsuspect