|join|Here to Stay
|join|Robin Mahfood
|player|p1|Here to Stay|148
|player|p2|Robin Mahfood|226
|gametype|singles
|gen|6
|tier|OU
|rated
|clearpoke
|poke|p1|Deoxys-Speed
|poke|p1|Keldeo
|poke|p1|Talonflame, F
|poke|p1|Mawile, F
|poke|p1|Mamoswine, M
|poke|p1|Thundurus, M
|poke|p2|Chansey, F
|poke|p2|Skarmory, M
|poke|p2|Quagsire, M
|poke|p2|Amoonguss, F
|poke|p2|Mew
|poke|p2|Clefable, M
|rule|Sleep Clause Mod: Limit one foe put to sleep
|rule|Species Clause: Limit one of each Pokemon
|rule|OHKO Clause: OHKO moves are banned
|rule|Moody Clause: Moody is banned
|rule|Evasion Moves Clause: Evasion moves are banned
|rule|Endless Battle Clause: Forcing endless battles is banned.
|rule|HP Percentage Mod: HP is reported as percentages
|teampreview
|
|start
|switch|p1a: Deoxys-Speed|Deoxys-Speed|241\/241
|switch|p2a: Mew|Mew|404\/404
|-ability|p1a: Deoxys-Speed|Pressure
|turn|1
|
|move|p1a: Deoxys-Speed|Knock Off|p2a: Mew
|-crit|p2a: Mew
|-supereffective|p2a: Mew
|-damage|p2a: Mew|152\/404
|-enditem|p2a: Mew|Leftovers|[from] move: Knock Off|[of] p1a: Deoxys-Speed
|-damage|p1a: Deoxys-Speed|217\/241|[from] item: Life Orb
|move|p2a: Mew|Knock Off|p1a: Deoxys-Speed
|-supereffective|p1a: Deoxys-Speed
|-damage|p1a: Deoxys-Speed|37\/241
|-enditem|p1a: Deoxys-Speed|Life Orb|[from] move: Knock Off|[of] p2a: Mew
|
|turn|2
|
|move|p1a: Deoxys-Speed|Stealth Rock|p2a: Mew
|-sidestart|p2: Robin Mahfood|move: Stealth Rock
|move|p2a: Mew|Roost|p2a: Mew
|-heal|p2a: Mew|354\/404
|
|turn|3
|join|thenewguy24imo
|chat|thenewguy24imo|first..
|
|switch|p1a: Keldeo|Keldeo|323\/323
|move|p2a: Mew|Knock Off|p1a: Keldeo
|-resisted|p1a: Keldeo
|-damage|p1a: Keldeo|283\/323
|-boost|p1a: Keldeo|atk|1|[from] ability: Justified
|-enditem|p1a: Keldeo|Choice Specs|[from] move: Knock Off|[of] p2a: Mew
|
|turn|4
|
|switch|p2a: Amoonguss|Amoonguss, F|432\/432
|-damage|p2a: Amoonguss|378\/432|[from] Stealth Rock
|move|p1a: Keldeo|Hydro Pump|p2a: Amoonguss|[miss]
|-miss|p1a: Keldeo|p2a: Amoonguss
|
|-heal|p2a: Amoonguss|405\/432|[from] item: Black Sludge
|turn|5
|
|move|p1a: Keldeo|Scald|p2a: Amoonguss
|-resisted|p2a: Amoonguss
|-damage|p2a: Amoonguss|348\/432
|move|p2a: Amoonguss|Spore|p1a: Keldeo
|-status|p1a: Keldeo|slp
|
|-heal|p2a: Amoonguss|375\/432|[from] item: Black Sludge
|turn|6
|
|switch|p1a: Talonflame|Talonflame, F|297\/297
|move|p2a: Amoonguss|Foul Play|p1a: Talonflame
|-damage|p1a: Talonflame|184\/297
|
|-heal|p2a: Amoonguss|402\/432|[from] item: Black Sludge
|turn|7
|
|switch|p2a: Quagsire|Quagsire, M|394\/394
|-damage|p2a: Quagsire|370\/394|[from] Stealth Rock
|move|p1a: Talonflame|Flare Blitz|p2a: Quagsire
|-resisted|p2a: Quagsire
|-damage|p2a: Quagsire|286\/394
|-damage|p1a: Talonflame|156\/297|[from] recoil|[of] p2a: Quagsire
|-damage|p1a: Talonflame|127\/297|[from] item: Life Orb
|
|-heal|p2a: Quagsire|310\/394|[from] item: Leftovers
|turn|8
|leave|thenewguy24imo
|
|switch|p1a: Mamoswine|Mamoswine, M|361\/361
|move|p2a: Quagsire|Toxic|p1a: Mamoswine
|-status|p1a: Mamoswine|tox
|
|-heal|p2a: Quagsire|334\/394|[from] item: Leftovers
|-damage|p1a: Mamoswine|339\/361 tox|[from] psn
|turn|9
|
|switch|p2a: Skarmory|Skarmory, M|334\/334
|-damage|p2a: Skarmory|293\/334|[from] Stealth Rock
|move|p1a: Mamoswine|Freeze-Dry|p2a: Skarmory
|-damage|p2a: Skarmory|175\/334
|-damage|p1a: Mamoswine|303\/361 tox|[from] item: Life Orb
|
|-damage|p1a: Mamoswine|259\/361 tox|[from] psn
|turn|10
|
|move|p1a: Mamoswine|Icicle Crash|p2a: Skarmory
|-damage|p2a: Skarmory|57\/334
|-damage|p1a: Mamoswine|223\/361 tox|[from] item: Life Orb
|move|p2a: Skarmory|Defog|p1a: Mamoswine
|-unboost|p1a: Mamoswine|evasion|1
|-sideend|p2: Robin Mahfood|Stealth Rock|[from] move: Defog|[of] p2a: Skarmory
|
|-damage|p1a: Mamoswine|157\/361 tox|[from] psn
|turn|11
|
|move|p1a: Mamoswine|Freeze-Dry|p2a: Skarmory
|-damage|p2a: Skarmory|0 fnt
|-damage|p1a: Mamoswine|121\/361 tox|[from] item: Life Orb
|faint|p2a: Skarmory
|
|-damage|p1a: Mamoswine|33\/361 tox|[from] psn
|join|stinkki shark
|chat|stinkki shark|no mega
|
|switch|p2a: Mew|Mew|354\/404
|turn|12
|chat|stinkki shark|---
|chat|stinkki shark|___
|chat|stinkki shark|---
|chat|stinkki shark|---___---
|
|move|p1a: Mamoswine|Icicle Crash|p2a: Mew
|-crit|p2a: Mew
|-damage|p2a: Mew|130\/404
|-damage|p1a: Mamoswine|0 fnt|[from] item: Life Orb
|faint|p1a: Mamoswine
|move|p2a: Mew|Roost|p2a: Mew
|-heal|p2a: Mew|332\/404
|
|chat|Robin Mahfood|I don't really like Mega Venusaur on stall, it's too exploitable IMO.
|
|switch|p1a: Mawile|Mawile, F|242\/242
|-ability|p1a: Mawile|Intimidate|[of] p2a: Mew
|-unboost|p2a: Mew|atk|1
|turn|13
|chat|stinkki shark|kk
|chat|stinkki shark|other mons too
|
|detailschange|p1a: Mawile|Mawile-Mega, F
|message|Mawile has Mega Evolved into Mega Mawile!
|move|p2a: Mew|Will-O-Wisp|p1a: Mawile
|-status|p1a: Mawile|brn
|move|p1a: Mawile|Play Rough|p2a: Mew
|-damage|p2a: Mew|229\/404
|
|-damage|p1a: Mawile|212\/242 brn|[from] brn
|turn|14
|chat|stinkki shark|WHAT
|chat|stinkki shark|mew so bulkÂ¨'
|chat|Here to Stay|im done
|chat|Robin Mahfood|Mew's amazing.
|chat|Here to Stay|see you guys tomorrow
|-message|Here to Stay forfeited.
|
|win|Robin Mahfood
|raw|Ladder updating...
|leave|Here to Stay
|player|p1
|raw|Here to Stay's rating: 1807 &rarr; <strong>1784<\/strong><br \/>(-23 for losing)
|raw|Robin Mahfood's rating: 1761 &rarr; <strong>1784<\/strong><br \/>(+23 for winning)
|chat|Robin Mahfood|Yeah I suppose I could use other Megas but I find it hard to replace anything.