|join|Here to Stay
|join|sanamehe
|player|p1|Here to Stay|265
|player|p2|sanamehe|165
|gametype|singles
|gen|6
|tier|OU
|rated
|clearpoke
|poke|p1|Breloom, M
|poke|p1|Talonflame, M
|poke|p1|Heatran, M
|poke|p1|Thundurus, M
|poke|p1|Latias, F
|poke|p1|Gyarados, F
|poke|p2|Tornadus-Therian, M, shiny
|poke|p2|Garchomp, F, shiny
|poke|p2|Thundurus-Therian, M
|poke|p2|Tangrowth, F
|poke|p2|Mandibuzz, F, shiny
|poke|p2|Vaporeon, F
|rule|Swagger Clause: Swagger is banned
|rule|Baton Pass Clause: Limit one PokÃ©mon knowing Baton Pass
|rule|Sleep Clause Mod: Limit one foe put to sleep
|rule|Species Clause: Limit one of each PokÃ©mon
|rule|OHKO Clause: OHKO moves are banned
|rule|Moody Clause: Moody is banned
|rule|Evasion Moves Clause: Evasion moves are banned
|rule|Endless Battle Clause: Forcing endless battles is banned
|rule|HP Percentage Mod: HP is shown in percentages
|teampreview
|
|start
|switch|p1a: Talonflame|Talonflame, M|298\/298
|switch|p2a: Tornadus-Therian|Tornadus-Therian, M, shiny|299\/299
|turn|1
|
|switch|p2a: Mandibuzz|Mandibuzz, F, shiny|424\/424
|move|p1a: Talonflame|Toxic|p2a: Mandibuzz
|-status|p2a: Mandibuzz|tox
|
|-damage|p2a: Mandibuzz|398\/424 tox|[from] psn
|turn|2
|
|switch|p1a: Heatran|Heatran, M|386\/386
|move|p2a: Mandibuzz|Foul Play|p1a: Heatran
|-damage|p1a: Heatran|304\/386
|
|-heal|p2a: Mandibuzz|424\/424 tox|[from] item: Leftovers
|-heal|p1a: Heatran|328\/386|[from] item: Leftovers
|-damage|p2a: Mandibuzz|372\/424 tox|[from] psn
|turn|3
|
|switch|p2a: Garchomp|Garchomp, F, shiny|357\/357
|move|p1a: Heatran|Stealth Rock|p2a: Garchomp
|-sidestart|p2: sanamehe|move: Stealth Rock
|
|-heal|p1a: Heatran|352\/386|[from] item: Leftovers
|turn|4
|
|switch|p1a: Latias|Latias, F|302\/302
|move|p2a: Garchomp|Stealth Rock|p1a: Latias
|-sidestart|p1: Here to Stay|move: Stealth Rock
|
|turn|5
|
|switch|p2a: Vaporeon|Vaporeon, F|464\/464
|-damage|p2a: Vaporeon|406\/464|[from] Stealth Rock
|move|p1a: Latias|Draco Meteor|p2a: Vaporeon
|-damage|p2a: Vaporeon|215\/464
|-unboost|p1a: Latias|spa|2
|-damage|p1a: Latias|272\/302|[from] item: Life Orb
|
|-heal|p2a: Vaporeon|244\/464|[from] item: Leftovers
|turn|6
|
|move|p1a: Latias|Defog|p2a: Vaporeon
|-unboost|p2a: Vaporeon|evasion|1
|-sideend|p2: sanamehe|Stealth Rock|[from] move: Defog|[of] p2a: Vaporeon
|-sideend|p1: Here to Stay|Stealth Rock|[from] move: Defog|[of] p1a: Latias
|move|p2a: Vaporeon|Wish|p2a: Vaporeon
|
|-heal|p2a: Vaporeon|273\/464|[from] item: Leftovers
|turn|7
|
|switch|p1a: Thundurus|Thundurus, M|300\/300
|move|p2a: Vaporeon|Scald|p1a: Thundurus
|-damage|p1a: Thundurus|170\/300
|
|-heal|p2a: Vaporeon|464\/464|[from] move: Wish|[wisher] Vaporeon
|turn|8
|
|switch|p2a: Tangrowth|Tangrowth, F|404\/404
|move|p1a: Thundurus|Nasty Plot|p1a: Thundurus
|-boost|p1a: Thundurus|spa|2
|
|turn|9
|
|move|p1a: Thundurus|Hidden Power|p2a: Tangrowth
|-supereffective|p2a: Tangrowth
|-damage|p2a: Tangrowth|121\/404
|-damage|p1a: Thundurus|140\/300|[from] item: Life Orb
|move|p2a: Tangrowth|Knock Off|p1a: Thundurus
|-damage|p1a: Thundurus|43\/300
|-enditem|p1a: Thundurus|Life Orb|[from] move: Knock Off|[of] p2a: Tangrowth
|
|turn|10
|
|switch|p2a: Vaporeon|Vaporeon, F|464\/464
|move|p1a: Thundurus|Hidden Power|p2a: Vaporeon
|-resisted|p2a: Vaporeon
|-damage|p2a: Vaporeon|416\/464
|
|-heal|p2a: Vaporeon|445\/464|[from] item: Leftovers
|turn|11
|
|switch|p2a: Thundurus-Therian|Thundurus-Therian, M|299\/299
|move|p1a: Thundurus|Thunderbolt|p2a: Thundurus-Therian
|-immune|p2a: Thundurus-Therian|[msg]
|
|turn|12
|
|move|p2a: Thundurus-Therian|Volt Switch|p1a: Thundurus
|-damage|p1a: Thundurus|0 fnt
|faint|p1a: Thundurus
|
|switch|p2a: Tangrowth|Tangrowth, F|255\/404
|
|
|switch|p1a: Breloom|Breloom, M|262\/262
|turn|13
|
|switch|p1a: Heatran|Heatran, M|352\/386
|move|p2a: Tangrowth|Hidden Power|p1a: Heatran
|-start|p1a: Heatran|ability: Flash Fire
|
|-heal|p1a: Heatran|376\/386|[from] item: Leftovers
|turn|14
|c|âHere to Stay|mislcik
|c|âsanamehe|lol
|c|âsanamehe|nice misclick then
|c|âHere to Stay|yeh haha
|
|move|p1a: Heatran|Lava Plume|p2a: Tangrowth
|-supereffective|p2a: Tangrowth
|-damage|p2a: Tangrowth|13\/404
|move|p2a: Tangrowth|Earthquake|p1a: Heatran
|-supereffective|p1a: Heatran
|-damage|p1a: Heatran|56\/386
|
|-heal|p1a: Heatran|80\/386|[from] item: Leftovers
|turn|15
|
|switch|p2a: Vaporeon|Vaporeon, F|445\/464
|move|p1a: Heatran|Lava Plume|p2a: Vaporeon
|-resisted|p2a: Vaporeon
|-damage|p2a: Vaporeon|382\/464
|
|-heal|p1a: Heatran|104\/386|[from] item: Leftovers
|-heal|p2a: Vaporeon|411\/464|[from] item: Leftovers
|turn|16
|
|move|p1a: Heatran|Stealth Rock|p2a: Vaporeon
|-sidestart|p2: sanamehe|move: Stealth Rock
|move|p2a: Vaporeon|Scald|p1a: Heatran
|-supereffective|p1a: Heatran
|-damage|p1a: Heatran|0 fnt
|faint|p1a: Heatran
|
|-heal|p2a: Vaporeon|440\/464|[from] item: Leftovers
|
|switch|p1a: Breloom|Breloom, M|262\/262
|turn|17
|
|switch|p2a: Tangrowth|Tangrowth, F|147\/404
|-damage|p2a: Tangrowth|97\/404|[from] Stealth Rock
|move|p1a: Breloom|Swords Dance|p1a: Breloom
|-boost|p1a: Breloom|atk|2
|
|turn|18
|
|move|p1a: Breloom|Mach Punch|p2a: Tangrowth
|-damage|p2a: Tangrowth|0 fnt
|faint|p2a: Tangrowth
|
|
|switch|p2a: Mandibuzz|Mandibuzz, F, shiny|372\/424 tox
|-damage|p2a: Mandibuzz|266\/424 tox|[from] Stealth Rock
|turn|19
|
|move|p1a: Breloom|Mach Punch|p2a: Mandibuzz
|-damage|p2a: Mandibuzz|119\/424 tox
|move|p2a: Mandibuzz|Foul Play|p1a: Breloom
|-resisted|p1a: Breloom
|-damage|p1a: Breloom|64\/262
|
|-heal|p2a: Mandibuzz|145\/424 tox|[from] item: Leftovers
|-damage|p2a: Mandibuzz|119\/424 tox|[from] psn
|turn|20
|
|move|p1a: Breloom|Mach Punch|p2a: Mandibuzz
|-damage|p2a: Mandibuzz|0 fnt
|faint|p2a: Mandibuzz
|
|
|switch|p2a: Tornadus-Therian|Tornadus-Therian, M, shiny|299\/299
|-damage|p2a: Tornadus-Therian|225\/299|[from] Stealth Rock
|turn|21
|
|move|p1a: Breloom|Mach Punch|p2a: Tornadus-Therian
|-resisted|p2a: Tornadus-Therian
|-damage|p2a: Tornadus-Therian|95\/299
|move|p2a: Tornadus-Therian|U-turn|p1a: Breloom
|-damage|p1a: Breloom|0 fnt
|-damage|p2a: Tornadus-Therian|66\/299|[from] item: Life Orb
|faint|p1a: Breloom
|
|switch|p2a: Vaporeon|Vaporeon, F|440\/464
|-damage|p2a: Vaporeon|382\/464|[from] Stealth Rock
|
|-heal|p2a: Vaporeon|411\/464|[from] item: Leftovers
|
|switch|p1a: Talonflame|Talonflame, M|298\/298
|turn|22
|
|move|p1a: Talonflame|Toxic|p2a: Vaporeon
|-status|p2a: Vaporeon|tox
|move|p2a: Vaporeon|Scald|p1a: Talonflame
|-supereffective|p1a: Talonflame
|-damage|p1a: Talonflame|20\/298
|
|-heal|p2a: Vaporeon|440\/464 tox|[from] item: Leftovers
|-damage|p2a: Vaporeon|411\/464 tox|[from] psn
|turn|23
|
|switch|p1a: Latias|Latias, F|272\/302
|move|p2a: Vaporeon|Scald|p1a: Latias
|-resisted|p1a: Latias
|-damage|p1a: Latias|232\/302
|
|-heal|p2a: Vaporeon|440\/464 tox|[from] item: Leftovers
|-damage|p2a: Vaporeon|382\/464 tox|[from] psn
|turn|24
|
|move|p1a: Latias|Psyshock|p2a: Vaporeon
|-damage|p2a: Vaporeon|139\/464 tox
|-damage|p1a: Latias|202\/302|[from] item: Life Orb
|move|p2a: Vaporeon|Heal Bell|p2a: Vaporeon
|-cureteam|p2a: Vaporeon|[from] move: HealBell
|
|-heal|p2a: Vaporeon|168\/464|[from] item: Leftovers
|turn|25
|
|move|p2a: Vaporeon|Protect|p2a: Vaporeon
|-singleturn|p2a: Vaporeon|Protect
|move|p1a: Latias|Psyshock|p2a: Vaporeon
|-activate|p2a: Vaporeon|Protect
|
|-heal|p2a: Vaporeon|197\/464|[from] item: Leftovers
|turn|26
|
|move|p1a: Latias|Psyshock|p2a: Vaporeon
|-damage|p2a: Vaporeon|0 fnt
|-damage|p1a: Latias|172\/302|[from] item: Life Orb
|faint|p2a: Vaporeon
|
|
|switch|p2a: Tornadus-Therian|Tornadus-Therian, M, shiny|165\/299
|-damage|p2a: Tornadus-Therian|91\/299|[from] Stealth Rock
|turn|27
|
|switch|p1a: Gyarados|Gyarados, F|332\/332
|-ability|p1a: Gyarados|Intimidate|[of] p2a: Tornadus-Therian
|-unboost|p2a: Tornadus-Therian|atk|1
|move|p2a: Tornadus-Therian|Knock Off|p1a: Gyarados
|-damage|p1a: Gyarados|279\/332
|-damage|p2a: Tornadus-Therian|62\/299|[from] item: Life Orb
|
|turn|28
|
|detailschange|p1a: Gyarados|Gyarados-Mega, F
|message|Gyarados has Mega Evolved into Mega Gyarados!
|-ability|p1a: Gyarados|Mold Breaker
|move|p2a: Tornadus-Therian|U-turn|p1a: Gyarados
|-supereffective|p1a: Gyarados
|-damage|p1a: Gyarados|191\/332
|-damage|p2a: Tornadus-Therian|33\/299|[from] item: Life Orb
|
|switch|p2a: Thundurus-Therian|Thundurus-Therian, M|299\/299
|-damage|p2a: Thundurus-Therian|225\/299|[from] Stealth Rock
|move|p1a: Gyarados|Dragon Dance|p1a: Gyarados
|-boost|p1a: Gyarados|atk|1
|-boost|p1a: Gyarados|spe|1
|
|turn|29
|
|switch|p1a: Latias|Latias, F|172\/302
|move|p2a: Thundurus-Therian|Thunderbolt|p1a: Latias
|-resisted|p1a: Latias
|-damage|p1a: Latias|99\/302
|
|turn|30
|
|switch|p2a: Garchomp|Garchomp, F, shiny|357\/357
|-damage|p2a: Garchomp|335\/357|[from] Stealth Rock
|move|p1a: Latias|Healing Wish|p1a: Latias
|faint|p1a: Latias
|
|
|switch|p1a: Gyarados|Gyarados-Mega, F|191\/332
|-heal|p1a: Gyarados|332\/332|[from] move: Healing Wish
|-ability|p1a: Gyarados|Mold Breaker
|turn|31
|
|detailschange|p2a: Garchomp|Garchomp-Mega, F, shiny
|message|Garchomp has Mega Evolved into Mega Garchomp!
|move|p2a: Garchomp|Outrage|p1a: Gyarados
|-damage|p1a: Gyarados|68\/332
|move|p1a: Gyarados|Dragon Dance|p1a: Gyarados
|-boost|p1a: Gyarados|atk|1
|-boost|p1a: Gyarados|spe|1
|
|turn|32
|
|move|p1a: Gyarados|Ice Fang|p2a: Garchomp
|-supereffective|p2a: Garchomp
|-damage|p2a: Garchomp|0 fnt
|faint|p2a: Garchomp
|
|
|switch|p2a: Thundurus-Therian|Thundurus-Therian, M|225\/299
|-damage|p2a: Thundurus-Therian|151\/299|[from] Stealth Rock
|turn|33
|-message|Here to Stay forfeited.
|
|win|sanamehe
|raw|Ladder updating...
|leave|Here to Stay
|player|p1
|raw|Here to Stay's rating: 1677 &rarr; <strong>1654<\/strong><br \/>(-23 for losing)
|raw|sanamehe's rating: 1623 &rarr; <strong>1646<\/strong><br \/>(+23 for winning)
|c|âsanamehe|gg