|join|Here to Stay
|join|CGE Testing
|player|p1|Here to Stay|102
|player|p2|CGE Testing|154
|gametype|singles
|gen|6
|tier|OU
|rated
|clearpoke
|poke|p1|Greninja, F
|poke|p1|Charizard, F
|poke|p1|Latios, M
|poke|p1|Ferrothorn, F
|poke|p1|Rotom-Wash
|poke|p1|Landorus-Therian, M
|poke|p2|Gallade, M
|poke|p2|Heatran, M
|poke|p2|Dragonite, F
|poke|p2|Latias, F
|poke|p2|Blissey, F
|poke|p2|Forretress, F
|rule|Swagger Clause: Swagger is banned
|rule|Baton Pass Clause: Limit one PokÃ©mon knowing Baton Pass
|rule|Sleep Clause Mod: Limit one foe put to sleep
|rule|Species Clause: Limit one of each PokÃ©mon
|rule|OHKO Clause: OHKO moves are banned
|rule|Moody Clause: Moody is banned
|rule|Evasion Moves Clause: Evasion moves are banned
|rule|Endless Battle Clause: Forcing endless battles is banned
|rule|HP Percentage Mod: HP is shown in percentages
|teampreview
|
|start
|switch|p1a: Rotom-Wash|Rotom-Wash|303\/303
|switch|p2a: Forretress|Forretress, F|354\/354
|turn|1
|
|move|p1a: Rotom-Wash|Thunderbolt|p2a: Forretress
|-damage|p2a: Forretress|107\/354
|move|p2a: Forretress|Toxic Spikes|p1a: Rotom-Wash
|-sidestart|p1: Here to Stay|move: Toxic Spikes
|
|-heal|p2a: Forretress|129\/354|[from] item: Leftovers
|turn|2
|
|switch|p2a: Blissey|Blissey, F|701\/701
|move|p1a: Rotom-Wash|Volt Switch|p2a: Blissey
|-damage|p2a: Blissey|611\/701
|
|switch|p1a: Ferrothorn|Ferrothorn, F|352\/352
|
|-heal|p2a: Blissey|654\/701|[from] item: Leftovers
|turn|3
|
|move|p2a: Blissey|Wish|p2a: Blissey
|move|p1a: Ferrothorn|Leech Seed|p2a: Blissey
|-start|p2a: Blissey|move: Leech Seed
|
|-heal|p2a: Blissey|697\/701|[from] item: Leftovers
|-damage|p2a: Blissey|610\/701|[from] Leech Seed|[of] p1a: Ferrothorn
|turn|4
|
|switch|p2a: Forretress|Forretress, F|129\/354
|move|p1a: Ferrothorn|Leech Seed|p2a: Forretress
|-start|p2a: Forretress|move: Leech Seed
|
|-heal|p2a: Forretress|354\/354|[from] move: Wish|[wisher] Blissey
|-damage|p2a: Forretress|310\/354|[from] Leech Seed|[of] p1a: Ferrothorn
|turn|5
|
|switch|p1a: Latios|Latios, M|301\/301
|move|p2a: Forretress|Stealth Rock|p1a: Latios
|-sidestart|p1: Here to Stay|move: Stealth Rock
|
|-heal|p2a: Forretress|332\/354|[from] item: Leftovers
|-damage|p2a: Forretress|288\/354|[from] Leech Seed|[of] p1a: Latios
|turn|6
|
|move|p1a: Latios|Defog|p2a: Forretress
|-unboost|p2a: Forretress|evasion|1
|-sideend|p1: Here to Stay|Toxic Spikes|[from] move: Defog|[of] p1a: Latios
|-sideend|p1: Here to Stay|Stealth Rock|[from] move: Defog|[of] p1a: Latios
|move|p2a: Forretress|Volt Switch|p1a: Latios
|-resisted|p1a: Latios
|-damage|p1a: Latios|283\/301
|
|switch|p2a: Latias|Latias, F|302\/302
|
|turn|7
|
|switch|p2a: Heatran|Heatran, M|386\/386
|switch|p1a: Ferrothorn|Ferrothorn, F|352\/352
|
|turn|8
|
|switch|p1a: Rotom-Wash|Rotom-Wash|303\/303
|move|p2a: Heatran|Lava Plume|p1a: Rotom-Wash
|-resisted|p1a: Rotom-Wash
|-damage|p1a: Rotom-Wash|255\/303
|-status|p1a: Rotom-Wash|brn
|
|-damage|p1a: Rotom-Wash|218\/303 brn|[from] brn
|turn|9
|
|switch|p2a: Blissey|Blissey, F|610\/701
|move|p1a: Rotom-Wash|Volt Switch|p2a: Blissey
|-damage|p2a: Blissey|516\/701
|
|switch|p1a: Landorus-Therian|Landorus-Therian, M|320\/320
|-ability|p1a: Landorus-Therian|Intimidate|[of] p2a: Blissey
|-unboost|p2a: Blissey|atk|1
|
|-heal|p2a: Blissey|559\/701|[from] item: Leftovers
|turn|10
|
|switch|p2a: Dragonite|Dragonite, F|377\/377
|move|p1a: Landorus-Therian|U-turn|p2a: Dragonite
|-resisted|p2a: Dragonite
|-damage|p2a: Dragonite|351\/377
|
|switch|p1a: Latios|Latios, M|283\/301
|
|-heal|p2a: Dragonite|374\/377|[from] item: Leftovers
|turn|11
|
|switch|p2a: Blissey|Blissey, F|559\/701
|move|p1a: Latios|Draco Meteor|p2a: Blissey
|-damage|p2a: Blissey|321\/701
|-unboost|p1a: Latios|spa|2
|-damage|p1a: Latios|253\/301|[from] item: Life Orb
|
|-heal|p2a: Blissey|364\/701|[from] item: Leftovers
|turn|12
|
|switch|p1a: Landorus-Therian|Landorus-Therian, M|320\/320
|-ability|p1a: Landorus-Therian|Intimidate|[of] p2a: Blissey
|-unboost|p2a: Blissey|atk|1
|move|p2a: Blissey|Toxic|p1a: Landorus-Therian
|-status|p1a: Landorus-Therian|tox
|
|-heal|p2a: Blissey|407\/701|[from] item: Leftovers
|-damage|p1a: Landorus-Therian|300\/320 tox|[from] psn
|turn|13
|
|switch|p2a: Forretress|Forretress, F|288\/354
|move|p1a: Landorus-Therian|Superpower|p2a: Forretress
|-damage|p2a: Forretress|192\/354
|-unboost|p1a: Landorus-Therian|atk|1
|-unboost|p1a: Landorus-Therian|def|1
|
|-heal|p2a: Forretress|214\/354|[from] item: Leftovers
|-damage|p1a: Landorus-Therian|260\/320 tox|[from] psn
|turn|14
|
|switch|p1a: Greninja|Greninja, F|285\/285
|move|p2a: Forretress|Volt Switch|p1a: Greninja
|-supereffective|p1a: Greninja
|-damage|p1a: Greninja|185\/285
|
|switch|p2a: Latias|Latias, F|302\/302
|
|turn|15
|c|âHere to Stay|i think thats the least a greninjas ever taken from a volt switch ever
|c|âHere to Stay|one too many evers..
|
|switch|p1a: Ferrothorn|Ferrothorn, F|352\/352
|move|p2a: Latias|Draco Meteor|p1a: Ferrothorn
|-resisted|p1a: Ferrothorn
|-damage|p1a: Ferrothorn|265\/352
|-unboost|p2a: Latias|spa|2
|
|turn|16
|
|switch|p2a: Heatran|Heatran, M|386\/386
|switch|p1a: Latios|Latios, M|253\/301
|
|turn|17
|
|move|p1a: Latios|Earthquake|p2a: Heatran
|-supereffective|p2a: Heatran
|-damage|p2a: Heatran|0 fnt
|-damage|p1a: Latios|223\/301|[from] item: Life Orb
|faint|p2a: Heatran
|
|
|switch|p2a: Latias|Latias, F|302\/302
|turn|18
|
|switch|p2a: Gallade|Gallade, M|340\/340
|switch|p1a: Ferrothorn|Ferrothorn, F|265\/352
|
|turn|19
|
|detailschange|p2a: Gallade|Gallade-Mega, M
|message|Gallade has Mega Evolved into Mega Gallade!
|move|p2a: Gallade|Swords Dance|p2a: Gallade
|-boost|p2a: Gallade|atk|2
|move|p1a: Ferrothorn|Stealth Rock|p2a: Gallade
|-sidestart|p2: CGE Testing|move: Stealth Rock
|
|turn|20
|
|move|p2a: Gallade|Drain Punch|p1a: Ferrothorn
|-crit|p1a: Ferrothorn
|-supereffective|p1a: Ferrothorn
|-damage|p1a: Ferrothorn|0 fnt
|-damage|p2a: Gallade|298\/340|[from] ability: Iron Barbs|[of] p1a: Ferrothorn
|-damage|p2a: Gallade|242\/340|[from] item: Rocky Helmet|[of] p1a: Ferrothorn
|faint|p1a: Ferrothorn
|
|
|switch|p1a: Landorus-Therian|Landorus-Therian, M|260\/320 tox
|-ability|p1a: Landorus-Therian|Intimidate|[of] p2a: Gallade
|-unboost|p2a: Gallade|atk|1
|turn|21
|
|switch|p2a: Forretress|Forretress, F|214\/354
|-damage|p2a: Forretress|170\/354|[from] Stealth Rock
|move|p1a: Landorus-Therian|U-turn|p2a: Forretress
|-resisted|p2a: Forretress
|-damage|p2a: Forretress|144\/354
|
|switch|p1a: Rotom-Wash|Rotom-Wash|218\/303 brn
|
|-heal|p2a: Forretress|166\/354|[from] item: Leftovers
|-damage|p1a: Rotom-Wash|181\/303 brn|[from] brn
|turn|22
|
|switch|p2a: Latias|Latias, F|302\/302
|-damage|p2a: Latias|265\/302|[from] Stealth Rock
|move|p1a: Rotom-Wash|Volt Switch|p2a: Latias
|-resisted|p2a: Latias
|-damage|p2a: Latias|220\/302
|
|switch|p1a: Greninja|Greninja, F|185\/285
|
|turn|23
|
|move|p2a: Latias|Draco Meteor|p1a: Greninja
|-damage|p1a: Greninja|0 fnt
|-unboost|p2a: Latias|spa|2
|faint|p1a: Greninja
|
|c|âHere to Stay|oh it is scarf haha
|
|switch|p1a: Charizard|Charizard, F|334\/334
|turn|24
|
|switch|p2a: Blissey|Blissey, F|407\/701
|-damage|p2a: Blissey|320\/701|[from] Stealth Rock
|move|p1a: Charizard|Dragon Dance|p1a: Charizard
|-boost|p1a: Charizard|atk|1
|-boost|p1a: Charizard|spe|1
|
|-heal|p2a: Blissey|363\/701|[from] item: Leftovers
|turn|25
|
|detailschange|p1a: Charizard|Charizard-Mega-X, F
|message|Charizard has Mega Evolved into Mega Charizard!
|move|p1a: Charizard|Dragon Claw|p2a: Blissey
|-damage|p2a: Blissey|0 fnt
|faint|p2a: Blissey
|
|
|switch|p2a: Latias|Latias, F|220\/302
|-damage|p2a: Latias|183\/302|[from] Stealth Rock
|turn|26
|
|switch|p1a: Rotom-Wash|Rotom-Wash|181\/303 brn
|move|p2a: Latias|Draco Meteor|p1a: Rotom-Wash
|-damage|p1a: Rotom-Wash|46\/303 brn
|-unboost|p2a: Latias|spa|2
|
|-damage|p1a: Rotom-Wash|9\/303 brn|[from] brn
|turn|27
|
|move|p2a: Latias|Draco Meteor|p1a: Rotom-Wash
|-damage|p1a: Rotom-Wash|0 fnt
|-unboost|p2a: Latias|spa|2
|faint|p1a: Rotom-Wash
|
|
|switch|p1a: Charizard|Charizard-Mega-X, F|334\/334
|turn|28
|
|switch|p2a: Dragonite|Dragonite, F|374\/377
|-damage|p2a: Dragonite|280\/377|[from] Stealth Rock
|move|p1a: Charizard|Dragon Dance|p1a: Charizard
|-boost|p1a: Charizard|atk|1
|-boost|p1a: Charizard|spe|1
|
|-heal|p2a: Dragonite|303\/377|[from] item: Leftovers
|turn|29
|
|move|p1a: Charizard|Dragon Claw|p2a: Dragonite
|-supereffective|p2a: Dragonite
|-damage|p2a: Dragonite|0 fnt
|faint|p2a: Dragonite
|
|
|switch|p2a: Latias|Latias, F|183\/302
|-damage|p2a: Latias|146\/302|[from] Stealth Rock
|turn|30
|
|switch|p1a: Landorus-Therian|Landorus-Therian, M|260\/320 tox
|-ability|p1a: Landorus-Therian|Intimidate|[of] p2a: Latias
|-unboost|p2a: Latias|atk|1
|move|p2a: Latias|Draco Meteor|p1a: Landorus-Therian
|-damage|p1a: Landorus-Therian|8\/320 tox
|-unboost|p2a: Latias|spa|2
|
|-damage|p1a: Landorus-Therian|0 fnt|[from] psn
|faint|p1a: Landorus-Therian
|
|switch|p1a: Charizard|Charizard-Mega-X, F|334\/334
|turn|31
|
|move|p2a: Latias|Draco Meteor|p1a: Charizard
|-supereffective|p1a: Charizard
|-damage|p1a: Charizard|98\/334
|-unboost|p2a: Latias|spa|2
|move|p1a: Charizard|Dragon Dance|p1a: Charizard
|-boost|p1a: Charizard|atk|1
|-boost|p1a: Charizard|spe|1
|
|turn|32
|c|âHere to Stay|damn wrong predict gg
|
|move|p2a: Latias|Draco Meteor|p1a: Charizard
|-supereffective|p1a: Charizard
|-damage|p1a: Charizard|0 fnt
|-unboost|p2a: Latias|spa|2
|faint|p1a: Charizard
|
|c|âCGE Testing|gg
|
|switch|p1a: Latios|Latios, M|223\/301
|turn|33
|c|âCGE Testing|i cud have missed tho
|c|âCGE Testing|right pay
|c|âCGE Testing|play
|
|switch|p2a: Forretress|Forretress, F|166\/354
|-damage|p2a: Forretress|122\/354|[from] Stealth Rock
|move|p1a: Latios|Psyshock|p2a: Forretress
|-resisted|p2a: Forretress
|-damage|p2a: Forretress|74\/354
|-damage|p1a: Latios|193\/301|[from] item: Life Orb
|
|-heal|p2a: Forretress|96\/354|[from] item: Leftovers
|turn|34
|c|âHere to Stay|it was a 50\/50 either way
|
|move|p1a: Latios|Psyshock|p2a: Forretress
|-resisted|p2a: Forretress
|-damage|p2a: Forretress|39\/354
|-damage|p1a: Latios|163\/301|[from] item: Life Orb
|move|p2a: Forretress|Rapid Spin|p1a: Latios
|-damage|p1a: Latios|145\/301
|-sideend|p2: CGE Testing|Stealth Rock|[from] move: Rapid Spin|[of] p2a: Forretress
|
|-heal|p2a: Forretress|61\/354|[from] item: Leftovers
|turn|35
|
|move|p1a: Latios|Earthquake|p2a: Forretress
|-damage|p2a: Forretress|5\/354
|-damage|p1a: Latios|115\/301|[from] item: Life Orb
|move|p2a: Forretress|Volt Switch|p1a: Latios
|-resisted|p1a: Latios
|-damage|p1a: Latios|98\/301
|-message|Here to Stay forfeited.
|
|win|CGE Testing
|raw|Ladder updating...
|leave|Here to Stay
|player|p1