|join|Here to Stay
|join|Aka DH
|player|p1|Here to Stay|148
|player|p2|Aka DH|102
|gametype|singles
|gen|6
|tier|OU
|rated
|clearpoke
|poke|p1|Deoxys-Speed
|poke|p1|Keldeo
|poke|p1|Talonflame, M
|poke|p1|Mawile, M
|poke|p1|Mamoswine, F
|poke|p1|Thundurus, M
|poke|p2|Chansey, F
|poke|p2|Keldeo
|poke|p2|Heatran, M
|poke|p2|Skarmory, F
|poke|p2|Bisharp, M
|poke|p2|Venusaur, M
|rule|Sleep Clause Mod: Limit one foe put to sleep
|rule|Species Clause: Limit one of each Pokemon
|rule|OHKO Clause: OHKO moves are banned
|rule|Moody Clause: Moody is banned
|rule|Evasion Moves Clause: Evasion moves are banned
|rule|Endless Battle Clause: Forcing endless battles is banned.
|rule|HP Percentage Mod: HP is reported as percentages
|teampreview
|join|thenewguy24imo
|chat|thenewguy24imo|first
|chat|thenewguy24imo|AGAIN
|chat|thenewguy24imo|YES
|chat|thenewguy24imo|AKA DH
|
|start
|switch|p1a: Deoxys-Speed|Deoxys-Speed|241\/241
|switch|p2a: Heatran|Heatran, M|340\/340
|-ability|p1a: Deoxys-Speed|Pressure
|-item|p2a: Heatran|Air Balloon
|turn|1
|chat|thenewguy24imo|IDEK WHAT UR NAMES MEAN
|
|move|p1a: Deoxys-Speed|Superpower|p2a: Heatran
|-supereffective|p2a: Heatran
|-damage|p2a: Heatran|85\/340
|-enditem|p2a: Heatran|Air Balloon
|-unboost|p1a: Deoxys-Speed|atk|1
|-unboost|p1a: Deoxys-Speed|def|1
|-damage|p1a: Deoxys-Speed|217\/241|[from] item: Life Orb
|move|p2a: Heatran|Stealth Rock|p1a: Deoxys-Speed
|-sidestart|p1: Here to Stay|move: Stealth Rock
|
|turn|2
|join|stinkki shark
|
|switch|p2a: Skarmory|Skarmory, F|334\/334
|move|p1a: Deoxys-Speed|Psycho Boost|p2a: Skarmory
|-resisted|p2a: Skarmory
|-damage|p2a: Skarmory|181\/334
|-unboost|p1a: Deoxys-Speed|spa|2
|-damage|p1a: Deoxys-Speed|193\/241|[from] item: Life Orb
|
|turn|3
|
|move|p1a: Deoxys-Speed|Stealth Rock|p2a: Skarmory
|-sidestart|p2: Aka DH|move: Stealth Rock
|move|p2a: Skarmory|Spikes|p1a: Deoxys-Speed
|-sidestart|p1: Here to Stay|Spikes
|
|turn|4
|chat|thenewguy24imo|shit
|
|switch|p1a: Keldeo|Keldeo|323\/323
|-damage|p1a: Keldeo|283\/323|[from] Spikes
|-damage|p1a: Keldeo|263\/323|[from] Stealth Rock
|move|p2a: Skarmory|Roost|p2a: Skarmory
|-heal|p2a: Skarmory|334\/334
|
|turn|5
|
|switch|p2a: Heatran|Heatran, M|85\/340
|-damage|p2a: Heatran|43\/340|[from] Stealth Rock
|move|p1a: Keldeo|Scald|p2a: Heatran
|-supereffective|p2a: Heatran
|-damage|p2a: Heatran|0 fnt
|faint|p2a: Heatran
|
|chat|stinkki shark|shieet
|
|switch|p2a: Venusaur|Venusaur, M|364\/364
|-damage|p2a: Venusaur|319\/364|[from] Stealth Rock
|turn|6
|chat|stinkki shark|burn!
|chat|stinkki shark|no crit!
|chat|thenewguy24imo|hp flying crit
|
|detailschange|p2a: Venusaur|Venusaur-Mega, M
|message|Venusaur has Mega Evolved into Mega Venusaur!
|move|p1a: Keldeo|Scald|p2a: Venusaur
|-resisted|p2a: Venusaur
|-damage|p2a: Venusaur|226\/364
|move|p2a: Venusaur|Giga Drain|p1a: Keldeo
|-supereffective|p1a: Keldeo
|-damage|p1a: Keldeo|33\/323
|-heal|p2a: Venusaur|341\/364|[from] drain|[of] p1a: Keldeo
|
|turn|7
|chat|stinkki shark|imao
|
|move|p1a: Keldeo|Scald|p2a: Venusaur
|-resisted|p2a: Venusaur
|-damage|p2a: Venusaur|251\/364
|move|p2a: Venusaur|Giga Drain|p1a: Keldeo
|-supereffective|p1a: Keldeo
|-damage|p1a: Keldeo|0 fnt
|-heal|p2a: Venusaur|268\/364|[from] drain|[of] p1a: Keldeo
|faint|p1a: Keldeo
|
|chat|stinkki shark|fuk this shit
|
|switch|p1a: Deoxys-Speed|Deoxys-Speed|193\/241
|-damage|p1a: Deoxys-Speed|163\/241|[from] Stealth Rock
|-damage|p1a: Deoxys-Speed|133\/241|[from] Spikes
|-ability|p1a: Deoxys-Speed|Pressure
|turn|8
|chat|stinkki shark|his so lucky
|chat|stinkki shark|venu never burns
|chat|thenewguy24imo|watch out
|
|switch|p2a: Skarmory|Skarmory, F|334\/334
|-damage|p2a: Skarmory|293\/334|[from] Stealth Rock
|move|p1a: Deoxys-Speed|Knock Off|p2a: Skarmory
|-damage|p2a: Skarmory|209\/334
|-damage|p1a: Deoxys-Speed|93\/241|[from] item: Rocky Helmet|[of] p2a: Skarmory
|-enditem|p2a: Skarmory|Rocky Helmet|[from] move: Knock Off|[of] p1a: Deoxys-Speed
|-damage|p1a: Deoxys-Speed|69\/241|[from] item: Life Orb
|
|turn|9
|chat|thenewguy24imo|hes gonna stay in
|chat|thenewguy24imo|not
|chat|thenewguy24imo|gay
|
|move|p1a: Deoxys-Speed|Psycho Boost|p2a: Skarmory
|-resisted|p2a: Skarmory
|-damage|p2a: Skarmory|65\/334
|-unboost|p1a: Deoxys-Speed|spa|2
|-damage|p1a: Deoxys-Speed|45\/241|[from] item: Life Orb
|move|p2a: Skarmory|Spikes|p1a: Deoxys-Speed
|-sidestart|p1: Here to Stay|Spikes
|
|turn|10
|
|move|p1a: Deoxys-Speed|Psycho Boost|p2a: Skarmory
|-resisted|p2a: Skarmory
|-damage|p2a: Skarmory|0 fnt
|-unboost|p1a: Deoxys-Speed|spa|2
|-damage|p1a: Deoxys-Speed|21\/241|[from] item: Life Orb
|faint|p2a: Skarmory
|
|chat|thenewguy24imo|psycho misss
|chat|thenewguy24imo|not
|chat|stinkki shark|no thx
|
|switch|p2a: Bisharp|Bisharp, M|334\/334
|-damage|p2a: Bisharp|314\/334|[from] Stealth Rock
|turn|11
|chat|thenewguy24imo|sharp
|chat|thenewguy24imo|SO SHARP
|chat|stinkki shark|hell sucker
|
|move|p2a: Bisharp|Sucker Punch|p1a: Deoxys-Speed
|-supereffective|p1a: Deoxys-Speed
|-damage|p1a: Deoxys-Speed|0 fnt
|faint|p1a: Deoxys-Speed
|
|-heal|p2a: Bisharp|334\/334|[from] item: Leftovers
|chat|stinkki shark|just pp stall :(
|chat|thenewguy24imo|nice and sucky
|
|switch|p1a: Thundurus|Thundurus, M|299\/299
|-damage|p1a: Thundurus|225\/299|[from] Stealth Rock
|turn|12
|chat|stinkki shark|tWAVE!!!
|chat|stinkki shark|im doing bold now too :(
|
|switch|p2a: Venusaur|Venusaur-Mega, M|268\/364
|-damage|p2a: Venusaur|223\/364|[from] Stealth Rock
|move|p1a: Thundurus|Thunder Wave|p2a: Venusaur
|-status|p2a: Venusaur|par
|
|turn|13
|chat|stinkki shark|**top lel**
|
|move|p1a: Thundurus|Taunt|p2a: Venusaur
|-start|p2a: Venusaur|move: Taunt
|move|p2a: Venusaur|Giga Drain|p1a: Thundurus
|-resisted|p1a: Thundurus
|-damage|p1a: Thundurus|151\/299
|-heal|p2a: Venusaur|260\/364 par|[from] drain|[of] p1a: Thundurus
|
|turn|14
|chat|stinkki shark|what
|chat|thenewguy24imo|he knows
|chat|thenewguy24imo|DA PLAYS
|
|move|p1a: Thundurus|Thunderbolt|p2a: Venusaur
|-resisted|p2a: Venusaur
|-damage|p2a: Venusaur|177\/364 par
|-damage|p1a: Thundurus|122\/299|[from] item: Life Orb
|move|p2a: Venusaur|Hidden Power|p1a: Thundurus
|-damage|p1a: Thundurus|53\/299
|
|turn|15
|
|move|p1a: Thundurus|Thunderbolt|p2a: Venusaur
|-resisted|p2a: Venusaur
|-damage|p2a: Venusaur|95\/364 par
|-damage|p1a: Thundurus|24\/299|[from] item: Life Orb
|move|p2a: Venusaur|Giga Drain|p1a: Thundurus
|-resisted|p1a: Thundurus
|-damage|p1a: Thundurus|0 fnt
|-heal|p2a: Venusaur|107\/364 par|[from] drain|[of] p1a: Thundurus
|faint|p1a: Thundurus
|
|-end|p2a: Venusaur|move: Taunt
|
|switch|p1a: Mamoswine|Mamoswine, F|361\/361
|-damage|p1a: Mamoswine|301\/361|[from] Spikes
|-damage|p1a: Mamoswine|256\/361|[from] Stealth Rock
|turn|16
|chat|thenewguy24imo|btw
|chat|thenewguy24imo|mawile outspeeds his bisharp
|
|move|p1a: Mamoswine|Earthquake|p2a: Venusaur
|-crit|p2a: Venusaur
|-damage|p2a: Venusaur|0 fnt
|-damage|p1a: Mamoswine|220\/361|[from] item: Life Orb
|faint|p2a: Venusaur
|
|chat|thenewguy24imo|:DD
|
|switch|p2a: Keldeo|Keldeo|323\/323
|-damage|p2a: Keldeo|303\/323|[from] Stealth Rock
|turn|17
|
|move|p2a: Keldeo|Scald|p1a: Mamoswine
|-supereffective|p1a: Mamoswine
|-damage|p1a: Mamoswine|0 fnt
|faint|p1a: Mamoswine
|
|-heal|p2a: Keldeo|323\/323|[from] item: Leftovers
|
|switch|p1a: Talonflame|Talonflame, M|297\/297
|-damage|p1a: Talonflame|149\/297|[from] Stealth Rock
|turn|18
|
|switch|p2a: Chansey|Chansey, F|685\/685
|-damage|p2a: Chansey|600\/685|[from] Stealth Rock
|move|p1a: Talonflame|Brave Bird|p2a: Chansey
|-damage|p2a: Chansey|304\/685
|-damage|p1a: Talonflame|51\/297|[from] recoil|[of] p2a: Chansey
|-damage|p1a: Talonflame|22\/297|[from] item: Life Orb
|
|turn|19
|
|move|p1a: Talonflame|Taunt|p2a: Chansey
|-start|p2a: Chansey|move: Taunt
|cant|p2a: Chansey|move: Taunt|Soft-Boiled
|
|turn|20
|
|move|p1a: Talonflame|Tailwind|p1a: Talonflame
|-sidestart|p1: Here to Stay|move: Tailwind
|move|p2a: Chansey|Seismic Toss|p1a: Talonflame
|-damage|p1a: Talonflame|0 fnt
|faint|p1a: Talonflame
|
|
|switch|p1a: Mawile|Mawile, M|242\/242
|-damage|p1a: Mawile|202\/242|[from] Spikes
|-damage|p1a: Mawile|187\/242|[from] Stealth Rock
|-ability|p1a: Mawile|Intimidate|[of] p2a: Chansey
|-unboost|p2a: Chansey|atk|1
|turn|21
|chat|thenewguy24imo|if no miss we win
|chat|thenewguy24imo|:D
|
|detailschange|p1a: Mawile|Mawile-Mega, M
|message|Mawile has Mega Evolved into Mega Mawile!
|move|p1a: Mawile|Play Rough|p2a: Chansey
|-damage|p2a: Chansey|0 fnt
|faint|p2a: Chansey
|
|chat|thenewguy24imo|1\/3
|chat|stinkki shark|tailwind <3
|
|switch|p2a: Bisharp|Bisharp, M|334\/334
|-damage|p2a: Bisharp|314\/334|[from] Stealth Rock
|turn|22
|chat|stinkki shark|waity
|chat|stinkki shark|lemme cacl
|chat|Here to Stay|ok
|chat|thenewguy24imo|calc what?
|chat|thenewguy24imo|theres no thing
|chat|thenewguy24imo|you should calc
|chat|thenewguy24imo|or you need to calc
|chat|stinkki shark|prough
|chat|thenewguy24imo|it kills
|chat|thenewguy24imo|im sure
|chat|thenewguy24imo|mine killed
|
|move|p1a: Mawile|Play Rough|p2a: Bisharp
|-damage|p2a: Bisharp|35\/334
|move|p2a: Bisharp|Iron Head|p1a: Mawile
|-crit|p1a: Mawile
|-damage|p1a: Mawile|0 fnt
|faint|p1a: Mawile
|
|win|Aka DH
|raw|Ladder updating...
|raw|Here to Stay's rating: 1976 &rarr; <strong>1953<\/strong><br \/>(-23 for losing)
|raw|Aka DH's rating: 1932 &rarr; <strong>1955<\/strong><br \/>(+23 for winning)
|chat|thenewguy24imo|hwtf