|join|Here to Stay
|join|LTI TheEnder
|player|p1|Here to Stay|148
|player|p2|LTI TheEnder|29
|gametype|singles
|gen|6
|tier|OU
|rated
|clearpoke
|poke|p1|Deoxys-Speed
|poke|p1|Keldeo
|poke|p1|Talonflame, F
|poke|p1|Mawile, M
|poke|p1|Mamoswine, F
|poke|p1|Thundurus, M
|poke|p2|Medicham, F
|poke|p2|Gengar, F
|poke|p2|Mamoswine, M
|poke|p2|Azumarill, M
|poke|p2|Latios, M
|poke|p2|Bisharp, F
|rule|Sleep Clause Mod: Limit one foe put to sleep
|rule|Species Clause: Limit one of each Pokemon
|rule|OHKO Clause: OHKO moves are banned
|rule|Moody Clause: Moody is banned
|rule|Evasion Moves Clause: Evasion moves are banned
|rule|Endless Battle Clause: Forcing endless battles is banned.
|rule|HP Percentage Mod: HP is reported as percentages
|teampreview
|chat|LTI TheEnder|:)
|chat|LTI TheEnder|gl
|chat|Here to Stay|you too
|
|start
|switch|p1a: Thundurus|Thundurus, M|299\/299
|switch|p2a: Mamoswine|Mamoswine, M|361\/361
|turn|1
|chat|LTI TheEnder|nice rank :]
|chat|Here to Stay|haha thanks
|
|move|p1a: Thundurus|Superpower|p2a: Mamoswine
|-supereffective|p2a: Mamoswine
|-damage|p2a: Mamoswine|57\/361
|-unboost|p1a: Thundurus|atk|1
|-unboost|p1a: Thundurus|def|1
|-damage|p1a: Thundurus|270\/299|[from] item: Life Orb
|move|p2a: Mamoswine|Stealth Rock|p1a: Thundurus
|-sidestart|p1: Here to Stay|move: Stealth Rock
|
|turn|2
|
|switch|p1a: Mawile|Mawile, M|242\/242
|-damage|p1a: Mawile|227\/242|[from] Stealth Rock
|-ability|p1a: Mawile|Intimidate|[of] p2a: Mamoswine
|-unboost|p2a: Mamoswine|atk|1
|move|p2a: Mamoswine|Earthquake|p1a: Mawile
|-supereffective|p1a: Mawile
|-damage|p1a: Mawile|0 fnt
|faint|p1a: Mawile
|
|
|switch|p1a: Deoxys-Speed|Deoxys-Speed|241\/241
|-damage|p1a: Deoxys-Speed|211\/241|[from] Stealth Rock
|-ability|p1a: Deoxys-Speed|Pressure
|turn|3
|
|move|p1a: Deoxys-Speed|Knock Off|p2a: Mamoswine
|-damage|p2a: Mamoswine|0 fnt
|-damage|p1a: Deoxys-Speed|187\/241|[from] item: Life Orb
|faint|p2a: Mamoswine
|
|
|switch|p2a: Azumarill|Azumarill, M|401\/401
|turn|4
|
|move|p1a: Deoxys-Speed|Psycho Boost|p2a: Azumarill
|-damage|p2a: Azumarill|175\/401
|-unboost|p1a: Deoxys-Speed|spa|2
|-damage|p1a: Deoxys-Speed|163\/241|[from] item: Life Orb
|move|p2a: Azumarill|Knock Off|p1a: Deoxys-Speed
|-supereffective|p1a: Deoxys-Speed
|-damage|p1a: Deoxys-Speed|0 fnt
|faint|p1a: Deoxys-Speed
|
|
|switch|p1a: Mamoswine|Mamoswine, F|361\/361
|-damage|p1a: Mamoswine|316\/361|[from] Stealth Rock
|turn|5
|
|move|p2a: Azumarill|Aqua Jet|p1a: Mamoswine
|-supereffective|p1a: Mamoswine
|-damage|p1a: Mamoswine|94\/361
|move|p1a: Mamoswine|Earthquake|p2a: Azumarill
|-damage|p2a: Azumarill|0 fnt
|-damage|p1a: Mamoswine|58\/361|[from] item: Life Orb
|faint|p2a: Azumarill
|
|
|switch|p2a: Bisharp|Bisharp, F|271\/271
|turn|6
|
|move|p1a: Mamoswine|Ice Shard|p2a: Bisharp
|-resisted|p2a: Bisharp
|-damage|p2a: Bisharp|226\/271
|-damage|p1a: Mamoswine|22\/361|[from] item: Life Orb
|move|p2a: Bisharp|Sucker Punch|p1a: Mamoswine
|-fail|p1a: Mamoswine
|
|turn|7
|
|move|p1a: Mamoswine|Ice Shard|p2a: Bisharp
|-resisted|p2a: Bisharp
|-damage|p2a: Bisharp|178\/271
|-damage|p1a: Mamoswine|0 fnt|[from] item: Life Orb
|faint|p1a: Mamoswine
|move|p2a: Bisharp|Sucker Punch|p1: Mamoswine|[notarget]
|-notarget
|
|
|switch|p1a: Keldeo|Keldeo|323\/323
|-damage|p1a: Keldeo|303\/323|[from] Stealth Rock
|turn|8
|
|switch|p2a: Latios|Latios, M|301\/301
|move|p1a: Keldeo|Icy Wind|p2a: Latios
|-supereffective|p2a: Latios
|-damage|p2a: Latios|127\/301
|-unboost|p2a: Latios|spe|1
|
|turn|9
|
|switch|p1a: Thundurus|Thundurus, M|270\/299
|-damage|p1a: Thundurus|196\/299|[from] Stealth Rock
|move|p2a: Latios|Psyshock|p1a: Thundurus
|-damage|p1a: Thundurus|0 fnt
|-damage|p2a: Latios|97\/301|[from] item: Life Orb
|faint|p1a: Thundurus
|
|chat|LTI TheEnder|:)
|
|switch|p1a: Keldeo|Keldeo|303\/323
|-damage|p1a: Keldeo|283\/323|[from] Stealth Rock
|turn|10
|
|move|p1a: Keldeo|Scald|p2a: Latios
|-crit|p2a: Latios
|-resisted|p2a: Latios
|-damage|p2a: Latios|0 fnt
|faint|p2a: Latios
|
|
|switch|p2a: Gengar|Gengar, F|261\/261
|turn|11
|
|move|p2a: Gengar|Sludge Wave|p1a: Keldeo
|-damage|p1a: Keldeo|26\/323
|-damage|p2a: Gengar|235\/261|[from] item: Life Orb
|move|p1a: Keldeo|Scald|p2a: Gengar
|-damage|p2a: Gengar|0 fnt
|faint|p2a: Gengar
|
|
|switch|p2a: Bisharp|Bisharp, F|178\/271
|turn|12
|
|switch|p1a: Talonflame|Talonflame, F|297\/297
|-damage|p1a: Talonflame|149\/297|[from] Stealth Rock
|move|p2a: Bisharp|Sucker Punch|p1a: Talonflame
|-fail|p1a: Talonflame
|
|turn|13
|chat|LTI TheEnder|ah
|chat|LTI TheEnder|the 50\/50's
|chat|LTI TheEnder|are here
|
|switch|p2a: Medicham|Medicham, F|261\/261
|move|p1a: Talonflame|Flare Blitz|p2a: Medicham
|-damage|p2a: Medicham|0 fnt
|-damage|p1a: Talonflame|63\/297|[from] recoil|[of] p2a: Medicham
|-damage|p1a: Talonflame|34\/297|[from] item: Life Orb
|faint|p2a: Medicham
|
|
|switch|p2a: Bisharp|Bisharp, F|178\/271
|turn|14
|chat|Here to Stay|indeed
|
|move|p1a: Talonflame|Tailwind|p1a: Talonflame
|-sidestart|p1: Here to Stay|move: Tailwind
|move|p2a: Bisharp|Sucker Punch|p1a: Talonflame
|-fail|p1a: Talonflame
|
|turn|15
|
|move|p1a: Talonflame|Tailwind|p1a: Talonflame
|-fail|p1a: Talonflame
|move|p2a: Bisharp|Sucker Punch|p1a: Talonflame
|-fail|p1a: Talonflame
|
|turn|16
|
|move|p1a: Talonflame|Tailwind|p1a: Talonflame
|-fail|p1a: Talonflame
|move|p2a: Bisharp|Pursuit|p1a: Talonflame
|-damage|p1a: Talonflame|0 fnt
|-damage|p2a: Bisharp|151\/271|[from] item: Life Orb
|faint|p1a: Talonflame
|
|chat|Here to Stay|gg
|chat|LTI TheEnder|gg
|-message|Here to Stay forfeited.
|
|win|LTI TheEnder
|raw|Ladder updating...
|leave|Here to Stay
|player|p1
|raw|Here to Stay's rating: 1999 &rarr; <strong>1967<\/strong><br \/>(-32 for losing)
|raw|LTI TheEnder's rating: 1764 &rarr; <strong>1795<\/strong><br \/>(+31 for winning)