|join|dEniSsSs
|join|Here to Stay
|player|p1|dEniSsSs|288
|player|p2|Here to Stay|148
|gametype|singles
|gen|6
|tier|OU
|rated
|clearpoke
|poke|p1|Smeargle, M
|poke|p1|Scolipede, M
|poke|p1|Vaporeon, F
|poke|p1|Espeon, M
|poke|p1|Sylveon, F
|poke|p1|Zapdos, shiny
|poke|p2|Deoxys-Speed
|poke|p2|Keldeo
|poke|p2|Talonflame, F
|poke|p2|Mawile, F
|poke|p2|Mamoswine, M
|poke|p2|Thundurus, M
|rule|Sleep Clause Mod: Limit one foe put to sleep
|rule|Species Clause: Limit one of each Pokemon
|rule|OHKO Clause: OHKO moves are banned
|rule|Moody Clause: Moody is banned
|rule|Evasion Moves Clause: Evasion moves are banned
|rule|Endless Battle Clause: Forcing endless battles is banned.
|rule|HP Percentage Mod: HP is reported as percentages
|teampreview
|join|Aka DH
|
|start
|switch|p1a: LUCIFER|Zapdos, shiny|384\/384
|switch|p2a: Talonflame|Talonflame, F|297\/297
|-ability|p1a: LUCIFER|Pressure
|turn|1
|
|switch|p2a: Mamoswine|Mamoswine, M|361\/361
|move|p1a: LUCIFER|Baton Pass|p1a: LUCIFER
|
|switch|p1a: BIN LADEN|Scolipede, M|321\/321
|
|turn|2
|
|switch|p2a: Talonflame|Talonflame, F|297\/297
|move|p1a: BIN LADEN|Substitute|p1a: BIN LADEN
|-start|p1a: BIN LADEN|Substitute
|-damage|p1a: BIN LADEN|241\/321
|
|-boost|p1a: BIN LADEN|spe|1|[from] ability: Speed Boost
|turn|3
|
|move|p1a: BIN LADEN|Protect|p1a: BIN LADEN
|-singleturn|p1a: BIN LADEN|Protect
|move|p2a: Talonflame|Brave Bird|p1a: BIN LADEN
|-activate|p1a: BIN LADEN|Protect
|
|-boost|p1a: BIN LADEN|spe|1|[from] ability: Speed Boost
|turn|4
|
|move|p2a: Talonflame|Brave Bird|p1a: BIN LADEN
|-supereffective|p1a: BIN LADEN
|-end|p1a: BIN LADEN|Substitute
|-damage|p2a: Talonflame|271\/297|[from] recoil|[of] p1a: BIN LADEN
|-damage|p2a: Talonflame|242\/297|[from] item: Life Orb
|move|p1a: BIN LADEN|Iron Defense|p1a: BIN LADEN
|-boost|p1a: BIN LADEN|def|2
|
|-boost|p1a: BIN LADEN|spe|1|[from] ability: Speed Boost
|turn|5
|
|move|p1a: BIN LADEN|Protect|p1a: BIN LADEN
|-singleturn|p1a: BIN LADEN|Protect
|move|p2a: Talonflame|Brave Bird|p1a: BIN LADEN
|-activate|p1a: BIN LADEN|Protect
|
|-boost|p1a: BIN LADEN|spe|1|[from] ability: Speed Boost
|turn|6
|
|move|p2a: Talonflame|Brave Bird|p1a: BIN LADEN
|-supereffective|p1a: BIN LADEN
|-damage|p1a: BIN LADEN|20\/321
|-damage|p2a: Talonflame|169\/297|[from] recoil|[of] p1a: BIN LADEN
|-damage|p2a: Talonflame|140\/297|[from] item: Life Orb
|move|p1a: BIN LADEN|Baton Pass|p1a: BIN LADEN
|
|switch|p1a: LUCIFER|Zapdos, shiny|384\/384
|-ability|p1a: LUCIFER|Pressure
|
|turn|7
|
|move|p2a: Talonflame|Tailwind|p2a: Talonflame
|-sidestart|p2: Here to Stay|move: Tailwind
|move|p1a: LUCIFER|Thunderbolt|p2a: Talonflame
|-supereffective|p2a: Talonflame
|-damage|p2a: Talonflame|0 fnt
|faint|p2a: Talonflame
|
|
|switch|p2a: Keldeo|Keldeo|323\/323
|turn|8
|
|move|p1a: LUCIFER|Baton Pass|p1a: LUCIFER
|
|switch|p1a: AL QAEDA|Vaporeon, F|449\/449
|move|p2a: Keldeo|Hydro Pump|p1a: AL QAEDA
|-immune|p1a: AL QAEDA|[msg]
|
|turn|9
|-message|Here to Stay forfeited.
|
|win|dEniSsSs
|raw|Ladder updating...
|leave|Here to Stay
|player|p2
|raw|dEniSsSs's rating: 2044 &rarr; <strong>2062<\/strong><br \/>(+18 for winning)
|raw|Here to Stay's rating: 2018 &rarr; <strong>1999<\/strong><br \/>(-19 for losing)
|leave|Aka DH