|join|Here to Stay
|join|Aka DH
|player|p1|Here to Stay|148
|player|p2|Aka DH|265
|gametype|singles
|gen|6
|tier|OU
|rated
|clearpoke
|poke|p1|Deoxys-Speed
|poke|p1|Keldeo
|poke|p1|Talonflame, M
|poke|p1|Mawile, F
|poke|p1|Mamoswine, F
|poke|p1|Thundurus, M
|poke|p2|Chansey, F
|poke|p2|Keldeo
|poke|p2|Heatran, M
|poke|p2|Skarmory, M
|poke|p2|Bisharp, M
|poke|p2|Venusaur, M
|rule|Sleep Clause Mod: Limit one foe put to sleep
|rule|Species Clause: Limit one of each Pokemon
|rule|OHKO Clause: OHKO moves are banned
|rule|Moody Clause: Moody is banned
|rule|Evasion Moves Clause: Evasion moves are banned
|rule|Endless Battle Clause: Forcing endless battles is banned.
|rule|HP Percentage Mod: HP is reported as percentages
|teampreview
|
|start
|switch|p1a: Deoxys-Speed|Deoxys-Speed|241\/241
|switch|p2a: Venusaur|Venusaur, M|364\/364
|-ability|p1a: Deoxys-Speed|Pressure
|turn|1
|join|crabappl
|
|switch|p2a: Skarmory|Skarmory, M|334\/334
|move|p1a: Deoxys-Speed|Stealth Rock|p2a: Skarmory
|-sidestart|p2: Aka DH|move: Stealth Rock
|
|turn|2
|
|move|p1a: Deoxys-Speed|Superpower|p2a: Skarmory
|-crit|p2a: Skarmory
|-damage|p2a: Skarmory|200\/334
|-damage|p1a: Deoxys-Speed|201\/241|[from] item: Rocky Helmet|[of] p2a: Skarmory
|-unboost|p1a: Deoxys-Speed|atk|1
|-unboost|p1a: Deoxys-Speed|def|1
|-damage|p1a: Deoxys-Speed|177\/241|[from] item: Life Orb
|move|p2a: Skarmory|Spikes|p1a: Deoxys-Speed
|-sidestart|p1: Here to Stay|Spikes
|
|turn|3
|
|move|p1a: Deoxys-Speed|Psycho Boost|p2a: Skarmory
|-resisted|p2a: Skarmory
|-damage|p2a: Skarmory|48\/334
|-unboost|p1a: Deoxys-Speed|spa|2
|-damage|p1a: Deoxys-Speed|153\/241|[from] item: Life Orb
|move|p2a: Skarmory|Spikes|p1a: Deoxys-Speed
|-sidestart|p1: Here to Stay|Spikes
|
|turn|4
|
|move|p1a: Deoxys-Speed|Psycho Boost|p2a: Skarmory
|-resisted|p2a: Skarmory
|-damage|p2a: Skarmory|0 fnt
|-unboost|p1a: Deoxys-Speed|spa|2
|-damage|p1a: Deoxys-Speed|129\/241|[from] item: Life Orb
|faint|p2a: Skarmory
|
|
|switch|p2a: Heatran|Heatran, M|340\/340
|-damage|p2a: Heatran|298\/340|[from] Stealth Rock
|-item|p2a: Heatran|Air Balloon
|turn|5
|
|move|p1a: Deoxys-Speed|Superpower|p2a: Heatran
|-supereffective|p2a: Heatran
|-damage|p2a: Heatran|145\/340
|-enditem|p2a: Heatran|Air Balloon
|-unboost|p1a: Deoxys-Speed|atk|1
|-unboost|p1a: Deoxys-Speed|def|1
|-damage|p1a: Deoxys-Speed|105\/241|[from] item: Life Orb
|move|p2a: Heatran|Stealth Rock|p1a: Deoxys-Speed
|-sidestart|p1: Here to Stay|move: Stealth Rock
|
|turn|6
|
|switch|p1a: Keldeo|Keldeo|323\/323
|-damage|p1a: Keldeo|270\/323|[from] Spikes
|-damage|p1a: Keldeo|250\/323|[from] Stealth Rock
|move|p2a: Heatran|Fire Blast|p1a: Keldeo
|-resisted|p1a: Keldeo
|-damage|p1a: Keldeo|165\/323
|
|turn|7
|
|move|p1a: Keldeo|Scald|p2a: Heatran
|-supereffective|p2a: Heatran
|-damage|p2a: Heatran|0 fnt
|faint|p2a: Heatran
|
|
|switch|p2a: Venusaur|Venusaur, M|364\/364
|-damage|p2a: Venusaur|319\/364|[from] Stealth Rock
|turn|8
|
|detailschange|p2a: Venusaur|Venusaur-Mega, M
|message|Venusaur has Mega Evolved into Mega Venusaur!
|move|p1a: Keldeo|Scald|p2a: Venusaur
|-resisted|p2a: Venusaur
|-damage|p2a: Venusaur|226\/364
|-status|p2a: Venusaur|brn
|move|p2a: Venusaur|Giga Drain|p1a: Keldeo
|-supereffective|p1a: Keldeo
|-damage|p1a: Keldeo|0 fnt
|-heal|p2a: Venusaur|309\/364 brn|[from] drain|[of] p1a: Keldeo
|faint|p1a: Keldeo
|
|-damage|p2a: Venusaur|264\/364 brn|[from] brn
|
|switch|p1a: Deoxys-Speed|Deoxys-Speed|105\/241
|-damage|p1a: Deoxys-Speed|75\/241|[from] Stealth Rock
|-damage|p1a: Deoxys-Speed|35\/241|[from] Spikes
|-ability|p1a: Deoxys-Speed|Pressure
|turn|9
|
|move|p1a: Deoxys-Speed|Psycho Boost|p2a: Venusaur
|-crit|p2a: Venusaur
|-supereffective|p2a: Venusaur
|-damage|p2a: Venusaur|0 fnt
|-unboost|p1a: Deoxys-Speed|spa|2
|-damage|p1a: Deoxys-Speed|11\/241|[from] item: Life Orb
|faint|p2a: Venusaur
|
|
|switch|p2a: Bisharp|Bisharp, M|334\/334
|-damage|p2a: Bisharp|314\/334|[from] Stealth Rock
|turn|10
|join|The Denied Truth
|
|move|p2a: Bisharp|Sucker Punch|p1a: Deoxys-Speed
|-fail|p1a: Deoxys-Speed
|move|p1a: Deoxys-Speed|Stealth Rock|p2a: Bisharp
|-fail|p2a: Bisharp
|
|-heal|p2a: Bisharp|334\/334|[from] item: Leftovers
|turn|11
|
|move|p2a: Bisharp|Sucker Punch|p1a: Deoxys-Speed
|-fail|p1a: Deoxys-Speed
|move|p1a: Deoxys-Speed|Stealth Rock|p2a: Bisharp
|-fail|p2a: Bisharp
|
|turn|12
|join|thenewguy24imo
|
|move|p2a: Bisharp|Sucker Punch|p1a: Deoxys-Speed
|-supereffective|p1a: Deoxys-Speed
|-damage|p1a: Deoxys-Speed|0 fnt
|faint|p1a: Deoxys-Speed
|
|chat|thenewguy24imo|hes gonna use 8 suckers
|chat|Here to Stay|im just wasting them
|
|switch|p1a: Thundurus|Thundurus, M|299\/299
|-damage|p1a: Thundurus|225\/299|[from] Stealth Rock
|turn|13
|
|move|p1a: Thundurus|Thunder Wave|p2a: Bisharp
|-status|p2a: Bisharp|par
|move|p2a: Bisharp|Knock Off|p1a: Thundurus
|-damage|p1a: Thundurus|0 fnt
|faint|p1a: Thundurus
|
|
|switch|p1a: Mamoswine|Mamoswine, F|361\/361
|-damage|p1a: Mamoswine|316\/361|[from] Stealth Rock
|-damage|p1a: Mamoswine|256\/361|[from] Spikes
|turn|14
|
|switch|p2a: Keldeo|Keldeo|323\/323
|-damage|p2a: Keldeo|303\/323|[from] Stealth Rock
|move|p1a: Mamoswine|Earthquake|p2a: Keldeo
|-damage|p2a: Keldeo|44\/323
|-damage|p1a: Mamoswine|220\/361|[from] item: Life Orb
|
|-heal|p2a: Keldeo|64\/323|[from] item: Leftovers
|turn|15
|
|move|p1a: Mamoswine|Ice Shard|p2a: Keldeo
|-resisted|p2a: Keldeo
|-damage|p2a: Keldeo|8\/323
|-damage|p1a: Mamoswine|184\/361|[from] item: Life Orb
|move|p2a: Keldeo|Scald|p1a: Mamoswine
|-supereffective|p1a: Mamoswine
|-damage|p1a: Mamoswine|0 fnt
|faint|p1a: Mamoswine
|
|-heal|p2a: Keldeo|28\/323|[from] item: Leftovers
|
|switch|p1a: Talonflame|Talonflame, M|297\/297
|-damage|p1a: Talonflame|149\/297|[from] Stealth Rock
|turn|16
|
|move|p1a: Talonflame|Brave Bird|p2a: Keldeo
|-supereffective|p2a: Keldeo
|-damage|p2a: Keldeo|0 fnt
|-damage|p1a: Talonflame|140\/297|[from] recoil|[of] p2a: Keldeo
|-damage|p1a: Talonflame|111\/297|[from] item: Life Orb
|faint|p2a: Keldeo
|
|
|switch|p2a: Chansey|Chansey, F|685\/685
|-damage|p2a: Chansey|600\/685|[from] Stealth Rock
|turn|17
|
|move|p1a: Talonflame|Taunt|p2a: Chansey
|-start|p2a: Chansey|move: Taunt
|move|p2a: Chansey|Seismic Toss|p1a: Talonflame
|-damage|p1a: Talonflame|11\/297
|
|turn|18
|leave|crabappl
|
|switch|p2a: Bisharp|Bisharp, M|334\/334 par
|-damage|p2a: Bisharp|314\/334 par|[from] Stealth Rock
|move|p1a: Talonflame|Brave Bird|p2a: Bisharp
|-resisted|p2a: Bisharp
|-damage|p2a: Bisharp|210\/334 par
|-damage|p1a: Talonflame|0 fnt|[from] recoil|[of] p2a: Bisharp
|faint|p1a: Talonflame
|
|-heal|p2a: Bisharp|230\/334 par|[from] item: Leftovers
|chat|Here to Stay|ah that was a mistake
|chat|thenewguy24imo|u shoulda fbd yeah
|chat|thenewguy24imo|i was gonna say that
|chat|thenewguy24imo|rip
|chat|Here to Stay|by him anyway
|chat|Here to Stay|i mean
|
|switch|p1a: Mawile|Mawile, F|242\/242
|-damage|p1a: Mawile|202\/242|[from] Spikes
|-damage|p1a: Mawile|187\/242|[from] Stealth Rock
|-ability|p1a: Mawile|Intimidate|[of] p2a: Bisharp
|-unboost|p2a: Bisharp|atk|1
|-boost|p2a: Bisharp|atk|2|[from] ability: Defiant
|turn|19
|chat|Here to Stay|oh or not
|chat|thenewguy24imo|either hope for hax
|chat|thenewguy24imo|or just idk
|chat|thenewguy24imo|fire fang here
|chat|thenewguy24imo|then chansey
|chat|thenewguy24imo|but it lives im sure
|
|detailschange|p1a: Mawile|Mawile-Mega, F
|message|Mawile has Mega Evolved into Mega Mawile!
|move|p1a: Mawile|Swords Dance|p1a: Mawile
|-boost|p1a: Mawile|atk|2
|move|p2a: Bisharp|Iron Head|p1a: Mawile
|-damage|p1a: Mawile|0 fnt
|faint|p1a: Mawile
|
|win|Aka DH
|raw|Ladder updating...
|raw|Here to Stay's rating: 1945 &rarr; <strong>1928<\/strong><br \/>(-17 for losing)
|raw|Aka DH's rating: 1999 &rarr; <strong>2016<\/strong><br \/>(+17 for winning)
|chat|Here to Stay|shit
|chat|thenewguy24imo|why
|join|luvers
|chat|Here to Stay|im dumb