|join|Here to Stay
|join|kwiickfan
|player|p1|Here to Stay|102
|player|p2|kwiickfan|256
|gametype|singles
|gen|6
|tier|OU
|rated
|clearpoke
|poke|p1|Excadrill, F
|poke|p1|Talonflame, M
|poke|p1|Heatran, F
|poke|p1|Thundurus, M
|poke|p1|Azumarill, M
|poke|p1|Gyarados, M
|poke|p2|Medicham, M
|poke|p2|Clefable, F
|poke|p2|Landorus, M, shiny
|poke|p2|Skarmory, F
|poke|p2|Keldeo
|poke|p2|Tyranitar, F
|rule|Swagger Clause: Swagger is banned
|rule|Baton Pass Clause: Limit one PokÃ©mon knowing Baton Pass
|rule|Sleep Clause Mod: Limit one foe put to sleep
|rule|Species Clause: Limit one of each PokÃ©mon
|rule|OHKO Clause: OHKO moves are banned
|rule|Moody Clause: Moody is banned
|rule|Evasion Moves Clause: Evasion moves are banned
|rule|Endless Battle Clause: Forcing endless battles is banned
|rule|HP Percentage Mod: HP is shown in percentages
|teampreview
|
|start
|switch|p1a: Thundurus|Thundurus, M|300\/300
|switch|p2a: Neus|Medicham, M|261\/261
|turn|1
|c|âkwiickfan|test lag
|c|âHere to Stay|!data fakeout
|c|~|\/data-move Fake Out

|
|detailschange|p2a: Neus|Medicham-Mega, M
|message|Medicham has Mega Evolved into Mega Medicham!
|move|p2a: Neus|Fake Out|p1a: Thundurus
|-damage|p1a: Thundurus|175\/300
|cant|p1a: Thundurus|flinch
|
|turn|2
|
|switch|p2a: Neus|Tyranitar, F|404\/404
|-weather|Sandstorm
|move|p1a: Thundurus|Thunderbolt|p2a: Neus
|-damage|p2a: Neus|321\/404
|-damage|p1a: Thundurus|145\/300|[from] item: Life Orb
|
|-weather|Sandstorm|[upkeep]
|-damage|p1a: Thundurus|127\/300|[from] sandstorm
|turn|3
|
|switch|p2a: Neus|Landorus, M, shiny|319\/319
|move|p1a: Thundurus|Focus Blast|p2a: Neus|[miss]
|-miss|p1a: Thundurus|p2a: Neus
|
|-weather|Sandstorm|[upkeep]
|-damage|p1a: Thundurus|109\/300|[from] sandstorm
|turn|4
|
|switch|p2a: Neus|Tyranitar, F|321\/404
|move|p1a: Thundurus|Thunderbolt|p2a: Neus
|-damage|p2a: Neus|231\/404
|-damage|p1a: Thundurus|79\/300|[from] item: Life Orb
|
|-weather|Sandstorm|[upkeep]
|-damage|p1a: Thundurus|61\/300|[from] sandstorm
|turn|5
|
|switch|p2a: Neus|Landorus, M, shiny|319\/319
|move|p1a: Thundurus|Focus Blast|p2a: Neus
|-resisted|p2a: Neus
|-damage|p2a: Neus|194\/319
|-damage|p1a: Thundurus|31\/300|[from] item: Life Orb
|
|-weather|Sandstorm|[upkeep]
|-damage|p1a: Thundurus|13\/300|[from] sandstorm
|turn|6
|
|switch|p2a: Neus|Medicham-Mega, M|261\/261
|move|p1a: Thundurus|Focus Blast|p2a: Neus|[miss]
|-miss|p1a: Thundurus|p2a: Neus
|
|-weather|none
|turn|7
|
|switch|p1a: Excadrill|Excadrill, F|362\/362
|-ability|p1a: Excadrill|Mold Breaker
|move|p2a: Neus|Fake Out|p1a: Excadrill
|-resisted|p1a: Excadrill
|-damage|p1a: Excadrill|296\/362
|
|turn|8
|
|switch|p1a: Thundurus|Thundurus, M|13\/300
|move|p2a: Neus|High Jump Kick|p1a: Thundurus
|-resisted|p1a: Thundurus
|-damage|p1a: Thundurus|0 fnt
|faint|p1a: Thundurus
|
|
|switch|p1a: Talonflame|Talonflame, M|298\/298
|turn|9
|
|switch|p2a: Neus|Skarmory, F|334\/334
|move|p1a: Talonflame|U-turn|p2a: Neus
|-resisted|p2a: Neus
|-damage|p2a: Neus|321\/334
|
|switch|p1a: Heatran|Heatran, F|323\/323
|-item|p1a: Heatran|Air Balloon
|
|-heal|p2a: Neus|334\/334|[from] item: Leftovers
|turn|10
|
|move|p1a: Heatran|Taunt|p2a: Neus
|-start|p2a: Neus|move: Taunt
|cant|p2a: Neus|move: Taunt|Stealth Rock
|
|turn|11
|
|switch|p2a: Neus|Keldeo|323\/323
|move|p1a: Heatran|Stealth Rock|p2a: Neus
|-sidestart|p2: kwiickfan|move: Stealth Rock
|
|turn|12
|
|switch|p1a: Azumarill|Azumarill, M|342\/342
|move|p2a: Neus|Toxic|p1a: Azumarill
|-status|p1a: Azumarill|tox
|
|-damage|p1a: Azumarill|321\/342 tox|[from] psn
|turn|13
|
|switch|p2a: Neus|Medicham-Mega, M|261\/261
|-damage|p2a: Neus|245\/261|[from] Stealth Rock
|move|p1a: Azumarill|Belly Drum|p1a: Azumarill
|-damage|p1a: Azumarill|150\/342 tox
|-setboost|p1a: Azumarill|atk|6|[from] move: Belly Drum
|-enditem|p1a: Azumarill|Sitrus Berry|[eat]
|-heal|p1a: Azumarill|235\/342 tox|[from] item: Sitrus Berry
|
|-damage|p1a: Azumarill|193\/342 tox|[from] psn
|turn|14
|
|move|p2a: Neus|Fake Out|p1a: Azumarill
|-damage|p1a: Azumarill|84\/342 tox
|cant|p1a: Azumarill|flinch
|
|-damage|p1a: Azumarill|21\/342 tox|[from] psn
|turn|15
|
|switch|p2a: Neus|Clefable, F|393\/393
|move|p1a: Azumarill|Superpower|p2a: Neus
|-resisted|p2a: Neus
|-damage|p2a: Neus|133\/393
|-unboost|p1a: Azumarill|atk|1
|-unboost|p1a: Azumarill|def|1
|
|-heal|p2a: Neus|157\/393|[from] item: Leftovers
|-damage|p1a: Azumarill|0 fnt|[from] psn
|faint|p1a: Azumarill
|
|switch|p1a: Heatran|Heatran, F|323\/323
|-item|p1a: Heatran|Air Balloon
|turn|16
|
|move|p1a: Heatran|Fire Blast|p2a: Neus
|-damage|p2a: Neus|0 fnt
|faint|p2a: Neus
|
|
|switch|p2a: Neus|Medicham-Mega, M|245\/261
|-damage|p2a: Neus|229\/261|[from] Stealth Rock
|turn|17
|
|move|p2a: Neus|High Jump Kick|p1a: Heatran
|-supereffective|p1a: Heatran
|-damage|p1a: Heatran|0 fnt
|-enditem|p1a: Heatran|Air Balloon
|faint|p1a: Heatran
|
|
|switch|p1a: Talonflame|Talonflame, M|298\/298
|turn|18
|
|switch|p2a: Neus|Tyranitar, F|231\/404
|-damage|p2a: Neus|181\/404|[from] Stealth Rock
|-weather|Sandstorm
|move|p1a: Talonflame|Flare Blitz|p2a: Neus
|-resisted|p2a: Neus
|-damage|p2a: Neus|81\/404
|-status|p2a: Neus|brn
|-damage|p1a: Talonflame|265\/298|[from] recoil|[of] p2a: Neus
|
|-weather|Sandstorm|[upkeep]
|-damage|p1a: Talonflame|247\/298|[from] sandstorm
|-damage|p2a: Neus|31\/404 brn|[from] brn
|turn|19
|
|move|p1a: Talonflame|Flare Blitz|p2a: Neus
|-resisted|p2a: Neus
|-damage|p2a: Neus|0 fnt
|-damage|p1a: Talonflame|237\/298|[from] recoil|[of] p2a: Neus
|faint|p2a: Neus
|
|-weather|Sandstorm|[upkeep]
|-damage|p1a: Talonflame|219\/298|[from] sandstorm
|
|switch|p2a: Neus|Keldeo|323\/323
|-damage|p2a: Neus|303\/323|[from] Stealth Rock
|turn|20
|
|switch|p1a: Gyarados|Gyarados, M|332\/332
|-ability|p1a: Gyarados|Intimidate|[of] p2a: Neus
|-unboost|p2a: Neus|atk|1
|move|p2a: Neus|Scald|p1a: Gyarados
|-resisted|p1a: Gyarados
|-damage|p1a: Gyarados|264\/332
|-status|p1a: Gyarados|brn
|
|-weather|Sandstorm|[upkeep]
|-damage|p2a: Neus|283\/323|[from] sandstorm
|-damage|p1a: Gyarados|244\/332 brn|[from] sandstorm
|-damage|p1a: Gyarados|203\/332 brn|[from] brn
|turn|21
|-message|Here to Stay forfeited.
|leave|Here to Stay
|
|switch|p2a: Neus|Skarmory, F|334\/334
|-damage|p2a: Neus|293\/334|[from] Stealth Rock
|move|p1a: Gyarados|Dragon Dance|p1a: Gyarados
|-boost|p1a: Gyarados|atk|1
|-boost|p1a: Gyarados|spe|1
|
|-weather|Sandstorm|[upkeep]
|-damage|p1a: Gyarados|183\/332 brn|[from] sandstorm
|-heal|p2a: Neus|313\/334|[from] item: Leftovers
|-damage|p1a: Gyarados|142\/332 brn|[from] brn
|turn|22
|
|win|kwiickfan
|raw|Ladder updating...
|player|p1
|raw|Here to Stay's rating: 1870 &rarr; <strong>1841<\/strong><br \/>(-29 for losing)
|raw|kwiickfan's rating: 1701 &rarr; <strong>1730<\/strong><br \/>(+29 for winning)