|join|MoB Barley
|join|Here to Stay
|player|p1|MoB Barley|161
|player|p2|Here to Stay|170
|gametype|singles
|gen|6
|tier|OU
|rated
|clearpoke
|poke|p1|Victini
|poke|p1|Keldeo-Resolute
|poke|p1|Bisharp, M, shiny
|poke|p1|Lopunny, F, shiny
|poke|p1|Azumarill, M
|poke|p1|Latios, M
|poke|p2|Smeargle, F
|poke|p2|Espeon, F
|poke|p2|Azelf
|poke|p2|Clefable, M
|poke|p2|Whimsicott, M
|poke|p2|Charizard, F
|rule|Swagger Clause: Swagger is banned
|rule|Baton Pass Clause: Limit one PokÃ©mon knowing Baton Pass
|rule|Sleep Clause Mod: Limit one foe put to sleep
|rule|Species Clause: Limit one of each PokÃ©mon
|rule|OHKO Clause: OHKO moves are banned
|rule|Moody Clause: Moody is banned
|rule|Evasion Moves Clause: Evasion moves are banned
|rule|Endless Battle Clause: Forcing endless battles is banned
|rule|HP Percentage Mod: HP is shown in percentages
|teampreview
|c|âMoB Barley|dude
|c|âMoB Barley|fuck off
|
|start
|switch|p1a: Playboy|Lopunny, F, shiny|271\/271
|switch|p2a: Azelf|Azelf|354\/354
|turn|1
|
|switch|p2a: Charizard|Charizard, F|297\/297
|detailschange|p1a: Playboy|Lopunny-Mega, F, shiny
|-mega|p1a: Playboy|Lopunny|Lopunnite
|move|p1a: Playboy|Fake Out|p2a: Charizard
|-damage|p2a: Charizard|200\/297
|
|turn|2
|
|switch|p1a: Pwny|Keldeo-Resolute|323\/323
|detailschange|p2a: Charizard|Charizard-Mega-Y, F
|-mega|p2a: Charizard|Charizard|Charizardite Y
|-weather|SunnyDay
|move|p2a: Charizard|Flamethrower|p1a: Pwny
|-resisted|p1a: Pwny
|-damage|p1a: Pwny|181\/323
|
|-weather|SunnyDay|[upkeep]
|turn|3
|
|switch|p1a: Destructo Disc|Victini|341\/341
|move|p2a: Charizard|Roost|p2a: Charizard
|-heal|p2a: Charizard|297\/297
|
|-weather|SunnyDay|[upkeep]
|turn|4
|
|move|p2a: Charizard|Flamethrower|p1a: Destructo Disc
|-crit|p1a: Destructo Disc
|-resisted|p1a: Destructo Disc
|-damage|p1a: Destructo Disc|137\/341
|move|p1a: Destructo Disc|V-create|p2a: Charizard
|-resisted|p2a: Charizard
|-damage|p2a: Charizard|0 fnt
|-unboost|p1a: Destructo Disc|def|1
|-unboost|p1a: Destructo Disc|spd|1
|-unboost|p1a: Destructo Disc|spe|1
|faint|p2a: Charizard
|
|-weather|SunnyDay|[upkeep]
|
|switch|p2a: Azelf|Azelf|354\/354
|turn|5
|
|move|p2a: Azelf|Reflect|p2a: Azelf
|-sidestart|p2: Here to Stay|Reflect
|move|p1a: Destructo Disc|V-create|p2a: Azelf
|-damage|p2a: Azelf|0 fnt
|-unboost|p1a: Destructo Disc|def|1
|-unboost|p1a: Destructo Disc|spd|1
|-unboost|p1a: Destructo Disc|spe|1
|faint|p2a: Azelf
|
|-weather|SunnyDay|[upkeep]
|
|switch|p2a: Whimsicott|Whimsicott, M|324\/324
|turn|6
|
|move|p2a: Whimsicott|Memento|p1a: Destructo Disc
|-unboost|p1a: Destructo Disc|atk|2
|-unboost|p1a: Destructo Disc|spa|2
|faint|p2a: Whimsicott
|move|p1a: Destructo Disc|V-create|p2: Whimsicott|[notarget]
|-notarget
|
|-weather|none
|
|switch|p2a: Smeargle|Smeargle, F|314\/314
|turn|7
|
|switch|p1a: Playboy|Lopunny-Mega, F, shiny|271\/271
|move|p2a: Smeargle|Geomancy|p2a: Smeargle|[still]
|-prepare|p2a: Smeargle|Geomancy|p2a: Smeargle
|-enditem|p2a: Smeargle|Power Herb
|-anim|p2a: Smeargle|Geomancy|p2a: Smeargle
|-boost|p2a: Smeargle|spa|2
|-boost|p2a: Smeargle|spd|2
|-boost|p2a: Smeargle|spe|2
|
|turn|8
|
|move|p1a: Playboy|Fake Out|p2a: Smeargle
|-damage|p2a: Smeargle|228\/314
|cant|p2a: Smeargle|flinch
|
|turn|9
|
|move|p2a: Smeargle|Dark Void|p1a: Playboy
|-status|p1a: Playboy|slp
|cant|p1a: Playboy|slp
|
|turn|10
|
|switch|p1a: Destructo Disc|Victini|137\/341
|move|p2a: Smeargle|Cotton Guard|p2a: Smeargle
|-boost|p2a: Smeargle|def|3
|
|turn|11
|
|move|p2a: Smeargle|Baton Pass|p2a: Smeargle
|join|Ke1deo
|
|switch|p2a: Espeon|Espeon, F|334\/334
|move|p1a: Destructo Disc|Trick|p2a: Espeon
|-activate|p1a: Destructo Disc|move: Trick|[of] p2a: Espeon
|-item|p2a: Espeon|Choice Band|[from] move: Trick
|-item|p1a: Destructo Disc|Leftovers|[from] move: Trick
|
|-heal|p1a: Destructo Disc|158\/341|[from] item: Leftovers
|turn|12
|c|âMoB Barley|gg
|c|âMoB Barley|thanks
|c|âMoB Barley|for ez pts
|c|âMoB Barley|thats what u get
|c|âMoB Barley|for bringing this gay stuff
|join|testingshittyteams
|c|âMoB Barley|zero points
|c| Ke1deo|^
|
|move|p2a: Espeon|Dazzling Gleam|p1a: Destructo Disc
|-resisted|p1a: Destructo Disc
|-damage|p1a: Destructo Disc|74\/341
|move|p1a: Destructo Disc|U-turn|p2a: Espeon
|-supereffective|p2a: Espeon
|-damage|p2a: Espeon|305\/334
|join|will reqs you mate
|
|switch|p1a: Pwny|Keldeo-Resolute|181\/323
|
|-sideend|p2: Here to Stay|Reflect
|turn|13
|
|move|p2a: Espeon|Dazzling Gleam|p1a: Pwny
|-supereffective|p1a: Pwny
|-damage|p1a: Pwny|0 fnt
|faint|p1a: Pwny
|
|join|AdvanceShip
|
|switch|p1a: Prioritize|Bisharp, M, shiny|271\/271
|turn|14
|
|move|p1a: Prioritize|Sucker Punch|p2a: Espeon
|-supereffective|p2a: Espeon
|-damage|p2a: Espeon|185\/334
|move|p2a: Espeon|Dazzling Gleam|p1a: Prioritize
|-damage|p1a: Prioritize|78\/271
|
|turn|15
|
|move|p1a: Prioritize|Sucker Punch|p2a: Espeon
|-supereffective|p2a: Espeon
|-damage|p2a: Espeon|65\/334
|move|p2a: Espeon|Dazzling Gleam|p1a: Prioritize
|-damage|p1a: Prioritize|0 fnt
|faint|p1a: Prioritize
|
|c| Ke1deo|O.O
|
|switch|p1a: Water Bomb|Azumarill, M|360\/360
|turn|16
|c| Ke1deo|lop pls
|c| Ke1deo|o
|
|move|p2a: Espeon|Dazzling Gleam|p1a: Water Bomb
|-damage|p1a: Water Bomb|163\/360
|-enditem|p1a: Water Bomb|Sitrus Berry|[eat]
|-heal|p1a: Water Bomb|253\/360|[from] item: Sitrus Berry
|move|p1a: Water Bomb|Knock Off|p2a: Espeon
|-supereffective|p2a: Espeon
|-damage|p2a: Espeon|0 fnt
|-enditem|p2a: Espeon|Choice Band|[from] move: Knock Off|[of] p1a: Water Bomb
|faint|p2a: Espeon
|
|
|switch|p2a: Smeargle|Smeargle, F|228\/314
|turn|17
|
|move|p2a: Smeargle|Cotton Guard|p2a: Smeargle
|-boost|p2a: Smeargle|def|3
|move|p1a: Water Bomb|Belly Drum|p1a: Water Bomb
|-damage|p1a: Water Bomb|73\/360
|-setboost|p1a: Water Bomb|atk|6|[from] move: Belly Drum
|
|turn|18
|
|move|p1a: Water Bomb|Aqua Jet|p2a: Smeargle
|-damage|p2a: Smeargle|0 fnt
|faint|p2a: Smeargle
|
|c|âHere to Stay|gg
|-message|Here to Stay forfeited.
|leave|Here to Stay
|c| Ke1deo|bg
|
|win|MoB Barley
|raw|Ladder updating...
|c| Ke1deo|O.O
|player|p2
|c| Ke1deo|bp is ass
|raw|MoB Barley's rating: 1702 &rarr; <strong>1714<\/strong><br \/>(+12 for winning)
|raw|Here to Stay's rating: 1551 &rarr; <strong>1539<\/strong><br \/>(-12 for losing)
|leave|Ke1deo
|leave|will reqs you mate
|leave|MoB Barley
|player|p1