|join|Here to Stay
|join|Muk the kid
|player|p1|Here to Stay|265
|player|p2|Muk the kid|256
|gametype|singles
|gen|6
|tier|OU
|rated
|clearpoke
|poke|p1|Metagross
|poke|p1|Landorus, M
|poke|p1|Bisharp, M
|poke|p1|Talonflame, M
|poke|p1|Latios, M
|poke|p1|Crawdaunt, M
|poke|p2|Diggersby, F
|poke|p2|Rotom-Wash
|poke|p2|Lopunny, F
|poke|p2|Azumarill, M
|poke|p2|Heatran, F
|poke|p2|Gengar, F
|rule|Swagger Clause: Swagger is banned
|rule|Baton Pass Clause: Limit one PokÃ©mon knowing Baton Pass
|rule|Sleep Clause Mod: Limit one foe put to sleep
|rule|Species Clause: Limit one of each PokÃ©mon
|rule|OHKO Clause: OHKO moves are banned
|rule|Moody Clause: Moody is banned
|rule|Evasion Moves Clause: Evasion moves are banned
|rule|Endless Battle Clause: Forcing endless battles is banned
|rule|HP Percentage Mod: HP is shown in percentages
|teampreview
|join|rolling kick
|join|Windy Attack
|join|hand relief
|
|start
|switch|p1a: Latios|Latios, M|301\/301
|switch|p2a: Lopunny|Lopunny, F|271\/271
|turn|1
|c| rolling kick|sittin pretty in the windy city
|c| hand relief|looks like lobster's back on the menu boys
|
|switch|p1a: Metagross|Metagross|301\/301
|detailschange|p2a: Lopunny|Lopunny-Mega, F
|-mega|p2a: Lopunny|Lopunny|Lopunnite
|move|p2a: Lopunny|Fake Out|p1a: Metagross
|-resisted|p1a: Metagross
|-damage|p1a: Metagross|271\/301
|
|turn|2
|
|switch|p2a: Rotom-Wash|Rotom-Wash|303\/303
|detailschange|p1a: Metagross|Metagross-Mega
|-mega|p1a: Metagross|Metagross|Metagrossite
|move|p1a: Metagross|Hammer Arm|p2a: Rotom-Wash
|-damage|p2a: Rotom-Wash|171\/303
|-unboost|p1a: Metagross|spe|1
|
|-heal|p2a: Rotom-Wash|189\/303|[from] item: Leftovers
|turn|3
|
|switch|p1a: Latios|Latios, M|301\/301
|move|p2a: Rotom-Wash|Pain Split|p1a: Latios
|-sethp|p1a: Latios|245\/301|p2a: Rotom-Wash|245\/303|[from] move: Pain Split
|
|-heal|p2a: Rotom-Wash|263\/303|[from] item: Leftovers
|turn|4
|
|switch|p2a: Heatran|Heatran, F|385\/385
|move|p1a: Latios|Draco Meteor|p2a: Heatran
|-crit|p2a: Heatran
|-resisted|p2a: Heatran
|-damage|p2a: Heatran|236\/385
|-unboost|p1a: Latios|spa|2
|-damage|p1a: Latios|215\/301|[from] item: Life Orb
|
|-heal|p2a: Heatran|260\/385|[from] item: Leftovers
|turn|5
|
|switch|p1a: Crawdaunt|Crawdaunt, M|267\/267
|move|p2a: Heatran|Stealth Rock|p1a: Crawdaunt
|-sidestart|p1: Here to Stay|move: Stealth Rock
|
|-heal|p2a: Heatran|284\/385|[from] item: Leftovers
|turn|6
|
|move|p1a: Crawdaunt|Crabhammer|p2a: Heatran
|-supereffective|p2a: Heatran
|-damage|p2a: Heatran|0 fnt
|faint|p2a: Heatran
|
|c| rolling kick|haha
|c| rolling kick|hammer'd!
|leave|Windy Attack
|
|switch|p2a: Lopunny|Lopunny-Mega, F|271\/271
|turn|7
|
|move|p2a: Lopunny|Fake Out|p1a: Crawdaunt
|-damage|p1a: Crawdaunt|182\/267
|cant|p1a: Crawdaunt|flinch
|
|turn|8
|
|move|p2a: Lopunny|High Jump Kick|p1a: Crawdaunt
|-supereffective|p1a: Crawdaunt
|-damage|p1a: Crawdaunt|0 fnt
|faint|p1a: Crawdaunt
|
|
|switch|p1a: Metagross|Metagross-Mega|271\/301
|-damage|p1a: Metagross|253\/301|[from] Stealth Rock
|turn|9
|
|switch|p2a: Diggersby|Diggersby, F|311\/311
|switch|p1a: Latios|Latios, M|215\/301
|-damage|p1a: Latios|178\/301|[from] Stealth Rock
|
|turn|10
|
|move|p1a: Latios|Defog|p2a: Diggersby
|-unboost|p2a: Diggersby|evasion|1
|-sideend|p1: Here to Stay|Stealth Rock|[from] move: Defog|[of] p1a: Latios
|move|p2a: Diggersby|Return|p1a: Latios
|-damage|p1a: Latios|0 fnt
|-damage|p2a: Diggersby|280\/311|[from] item: Life Orb
|faint|p1a: Latios
|
|
|switch|p1a: Metagross|Metagross-Mega|253\/301
|turn|11
|
|move|p1a: Metagross|Meteor Mash|p2a: Diggersby
|-damage|p2a: Diggersby|0 fnt
|faint|p2a: Diggersby
|
|
|switch|p2a: Gengar|Gengar, F|261\/261
|turn|12
|
|switch|p1a: Bisharp|Bisharp, M|271\/271
|move|p2a: Gengar|Shadow Ball|p1a: Bisharp
|-resisted|p1a: Bisharp
|-damage|p1a: Bisharp|136\/271
|-unboost|p1a: Bisharp|spd|1
|-boost|p1a: Bisharp|atk|2|[from] ability: Defiant
|-damage|p2a: Gengar|235\/261|[from] item: Life Orb
|
|turn|13
|c| rolling kick|heh
|
|move|p1a: Bisharp|Sucker Punch|p2a: Gengar
|-fail|p2a: Gengar
|move|p2a: Gengar|Substitute|p2a: Gengar
|-start|p2a: Gengar|Substitute
|-damage|p2a: Gengar|170\/261
|
|turn|14
|c| hand relief|lel
|
|move|p1a: Bisharp|Sucker Punch|p2a: Gengar
|-supereffective|p2a: Gengar
|-end|p2a: Gengar|Substitute
|move|p2a: Gengar|Shadow Ball|p1a: Bisharp
|-resisted|p1a: Bisharp
|-damage|p1a: Bisharp|0 fnt
|-damage|p2a: Gengar|144\/261|[from] item: Life Orb
|faint|p1a: Bisharp
|
|c| hand relief|shadow ball again huh
|c| hand relief|edgyy
|join|Altilt
|
|switch|p1a: Metagross|Metagross-Mega|253\/301
|turn|15
|
|move|p1a: Metagross|Meteor Mash|p2a: Gengar
|-damage|p2a: Gengar|0 fnt
|faint|p2a: Gengar
|
|
|switch|p2a: Rotom-Wash|Rotom-Wash|263\/303
|turn|16
|
|move|p1a: Metagross|Hammer Arm|p2a: Rotom-Wash
|-damage|p2a: Rotom-Wash|146\/303
|-unboost|p1a: Metagross|spe|1
|move|p2a: Rotom-Wash|Will-O-Wisp|p1a: Metagross
|-status|p1a: Metagross|brn
|
|-heal|p2a: Rotom-Wash|164\/303|[from] item: Leftovers
|-damage|p1a: Metagross|216\/301 brn|[from] brn
|turn|17
|
|move|p1a: Metagross|Hammer Arm|p2a: Rotom-Wash
|-damage|p2a: Rotom-Wash|103\/303
|-unboost|p1a: Metagross|spe|1
|move|p2a: Rotom-Wash|Pain Split|p1a: Metagross
|-sethp|p1a: Metagross|159\/301 brn|p2a: Rotom-Wash|159\/303|[from] move: Pain Split
|
|-heal|p2a: Rotom-Wash|177\/303|[from] item: Leftovers
|-damage|p1a: Metagross|122\/301 brn|[from] brn
|turn|18
|
|move|p2a: Rotom-Wash|Hydro Pump|p1a: Metagross
|-damage|p1a: Metagross|4\/301 brn
|move|p1a: Metagross|Hammer Arm|p2a: Rotom-Wash
|-damage|p2a: Rotom-Wash|118\/303
|-unboost|p1a: Metagross|spe|1
|
|-heal|p2a: Rotom-Wash|136\/303|[from] item: Leftovers
|-damage|p1a: Metagross|0 fnt|[from] brn
|faint|p1a: Metagross
|
|switch|p1a: Talonflame|Talonflame, M|297\/297
|turn|19
|
|move|p1a: Talonflame|U-turn|p2a: Rotom-Wash
|-damage|p2a: Rotom-Wash|71\/303
|
|switch|p1a: Landorus|Landorus, M|319\/319
|move|p2a: Rotom-Wash|Volt Switch|p1a: Landorus
|-immune|p1a: Landorus|[msg]
|
|-heal|p2a: Rotom-Wash|89\/303|[from] item: Leftovers
|turn|20
|
|move|p1a: Landorus|Sludge Wave|p2a: Rotom-Wash
|-damage|p2a: Rotom-Wash|0 fnt
|faint|p2a: Rotom-Wash
|
|
|switch|p2a: Lopunny|Lopunny-Mega, F|271\/271
|turn|21
|
|switch|p1a: Talonflame|Talonflame, M|297\/297
|move|p2a: Lopunny|Return|p1a: Talonflame
|-damage|p1a: Talonflame|66\/297
|
|turn|22
|
|switch|p2a: Azumarill|Azumarill, M|401\/401
|move|p1a: Talonflame|U-turn|p2a: Azumarill
|-resisted|p2a: Azumarill
|-damage|p2a: Azumarill|346\/401
|
|switch|p1a: Landorus|Landorus, M|319\/319
|
|turn|23
|c| hand relief|lucky n gay
|
|switch|p2a: Lopunny|Lopunny-Mega, F|271\/271
|move|p1a: Landorus|Sludge Wave|p2a: Lopunny
|-damage|p2a: Lopunny|77\/271
|
|turn|24
|-message|Here to Stay forfeited.
|
|win|Muk the kid
|raw|Ladder updating...
|leave|Here to Stay
|player|p1
|raw|Here to Stay's rating: 1732 &rarr; <strong>1704<\/strong><br \/>(-28 for losing)
|raw|Muk the kid's rating: 1593 &rarr; <strong>1620<\/strong><br \/>(+27 for winning)