|join|Here to Stay
|join|Kirbles
|player|p1|Here to Stay|1
|player|p2|Kirbles|89
|gametype|singles
|gen|6
|tier|OU
|rated
|clearpoke
|poke|p1|Metagross
|poke|p1|Landorus, M
|poke|p1|Bisharp, M
|poke|p1|Talonflame, M
|poke|p1|Latios, M
|poke|p1|Greninja, F
|poke|p2|Quagsire, F
|poke|p2|Celebi
|poke|p2|Rotom-Heat
|poke|p2|Clefable, F
|poke|p2|Skarmory, M
|poke|p2|Sableye, M
|rule|Swagger Clause: Swagger is banned
|rule|Baton Pass Clause: Limit one PokÃ©mon knowing Baton Pass
|rule|Sleep Clause Mod: Limit one foe put to sleep
|rule|Species Clause: Limit one of each PokÃ©mon
|rule|OHKO Clause: OHKO moves are banned
|rule|Moody Clause: Moody is banned
|rule|Evasion Moves Clause: Evasion moves are banned
|rule|Endless Battle Clause: Forcing endless battles is banned
|rule|HP Percentage Mod: HP is shown in percentages
|teampreview
|
|start
|switch|p1a: Bisharp|Bisharp, M|271\/271
|switch|p2a: Celebi|Celebi|404\/404
|turn|1
|
|switch|p2a: Skarmory|Skarmory, M|333\/333
|move|p1a: Bisharp|Stealth Rock|p2a: Skarmory
|-sidestart|p2: Kirbles|move: Stealth Rock
|
|turn|2
|
|switch|p1a: Landorus|Landorus, M|319\/319
|move|p2a: Skarmory|Defog|p1a: Landorus
|-unboost|p1a: Landorus|evasion|1
|-sideend|p2: Kirbles|Stealth Rock|[from] move: Defog|[of] p2a: Skarmory
|
|turn|3
|
|switch|p2a: Rotom-Heat|Rotom-Heat|304\/304
|move|p1a: Landorus|Focus Blast|p2a: Rotom-Heat
|-damage|p2a: Rotom-Heat|162\/304
|
|-heal|p2a: Rotom-Heat|181\/304|[from] item: Leftovers
|turn|4
|leave|Kirbles
|
|move|p1a: Landorus|Knock Off|p2a: Rotom-Heat
|-damage|p2a: Rotom-Heat|65\/304
|-enditem|p2a: Rotom-Heat|Leftovers|[from] move: Knock Off|[of] p1a: Landorus
|-damage|p1a: Landorus|288\/319|[from] item: Life Orb
|move|p2a: Rotom-Heat|Will-O-Wisp|p1a: Landorus
|-status|p1a: Landorus|brn
|
|-damage|p1a: Landorus|249\/319 brn|[from] brn
|turn|5
|player|p2
|join|Kirbles
|player|p2|Kirbles|89
|
|move|p2a: Rotom-Heat|Protect|p2a: Rotom-Heat
|-singleturn|p2a: Rotom-Heat|Protect
|move|p1a: Landorus|Sludge Wave|p2a: Rotom-Heat
|-activate|p2a: Rotom-Heat|Protect
|
|-damage|p1a: Landorus|210\/319 brn|[from] brn
|turn|6
|
|switch|p2a: Skarmory|Skarmory, M|333\/333
|move|p1a: Landorus|Sludge Wave|p2a: Skarmory
|-immune|p2a: Skarmory|[msg]
|
|-damage|p1a: Landorus|171\/319 brn|[from] brn
|turn|7
|c|âHere to Stay|am i lagging?
|c|âKirbles|No
|c|âKirbles|Its the servers
|c|âHere to Stay|ah ok
|
|move|p1a: Landorus|Focus Blast|p2a: Skarmory
|-damage|p2a: Skarmory|17\/333
|move|p2a: Skarmory|Iron Head|p1a: Landorus
|-damage|p1a: Landorus|81\/319 brn
|
|-damage|p1a: Landorus|42\/319 brn|[from] brn
|turn|8
|
|switch|p2a: Sableye|Sableye, M|303\/303
|move|p1a: Landorus|Knock Off|p2a: Sableye
|-damage|p2a: Sableye|252\/303
|-damage|p1a: Landorus|11\/319 brn|[from] item: Life Orb
|
|-damage|p1a: Landorus|0 fnt|[from] brn
|faint|p1a: Landorus
|
|switch|p1a: Metagross|Metagross|301\/301
|turn|9
|
|switch|p1a: Talonflame|Talonflame, M|297\/297
|detailschange|p2a: Sableye|Sableye-Mega, M
|-mega|p2a: Sableye|Sableye|Sablenite
|move|p2a: Sableye|Will-O-Wisp|p1a: Talonflame
|-fail|p1a: Talonflame
|
|turn|10
|
|move|p1a: Talonflame|Brave Bird|p2a: Sableye
|-damage|p2a: Sableye|68\/303
|-damage|p1a: Talonflame|236\/297|[from] recoil|[of] p2a: Sableye
|move|p2a: Sableye|Recover|p2a: Sableye
|-heal|p2a: Sableye|220\/303
|
|turn|11
|
|switch|p2a: Skarmory|Skarmory, M|17\/333
|move|p1a: Talonflame|Brave Bird|p2a: Skarmory
|-resisted|p2a: Skarmory
|-damage|p2a: Skarmory|0 fnt
|-damage|p1a: Talonflame|187\/297|[from] item: Rocky Helmet|[of] p2a: Skarmory
|-damage|p1a: Talonflame|181\/297|[from] recoil|[of] p2a: Skarmory
|faint|p2a: Skarmory
|
|
|switch|p2a: Quagsire|Quagsire, F|394\/394
|turn|12
|
|switch|p1a: Latios|Latios, M|301\/301
|move|p2a: Quagsire|Scald|p1a: Latios
|-resisted|p1a: Latios
|-damage|p1a: Latios|273\/301
|
|turn|13
|
|switch|p1a: Talonflame|Talonflame, M|181\/297
|switch|p2a: Clefable|Clefable, F|394\/394
|
|turn|14
|
|switch|p1a: Latios|Latios, M|273\/301
|switch|p2a: Quagsire|Quagsire, F|394\/394
|
|turn|15
|c|âKirbles|proplays
|c|âHere to Stay|it weasnt even me lol my mouse fucked up :L
|c|âKirbles|lol
|
|move|p1a: Latios|Psyshock|p2a: Quagsire
|-damage|p2a: Quagsire|246\/394
|-damage|p1a: Latios|243\/301|[from] item: Life Orb
|move|p2a: Quagsire|Scald|p1a: Latios
|-resisted|p1a: Latios
|-damage|p1a: Latios|210\/301
|-status|p1a: Latios|brn
|
|-heal|p2a: Quagsire|270\/394|[from] item: Leftovers
|-damage|p1a: Latios|173\/301 brn|[from] brn
|turn|16
|
|switch|p2a: Celebi|Celebi|404\/404
|move|p1a: Latios|Psyshock|p2a: Celebi
|-resisted|p2a: Celebi
|-damage|p2a: Celebi|310\/404
|-damage|p1a: Latios|143\/301 brn|[from] item: Life Orb
|
|-heal|p2a: Celebi|335\/404|[from] item: Leftovers
|-damage|p1a: Latios|106\/301 brn|[from] brn
|turn|17
|
|move|p1a: Latios|Roost|p1a: Latios
|-heal|p1a: Latios|257\/301 brn
|move|p2a: Celebi|Stealth Rock|p1a: Latios
|-sidestart|p1: Here to Stay|move: Stealth Rock
|
|-heal|p2a: Celebi|360\/404|[from] item: Leftovers
|-damage|p1a: Latios|220\/301 brn|[from] brn
|turn|18
|
|move|p1a: Latios|Defog|p2a: Celebi
|-unboost|p2a: Celebi|evasion|1
|-sideend|p1: Here to Stay|Stealth Rock|[from] move: Defog|[of] p1a: Latios
|move|p2a: Celebi|Recover|p2a: Celebi
|-heal|p2a: Celebi|404\/404
|
|-damage|p1a: Latios|183\/301 brn|[from] brn
|turn|19
|
|switch|p1a: Bisharp|Bisharp, M|271\/271
|move|p2a: Celebi|Stealth Rock|p1a: Bisharp
|-sidestart|p1: Here to Stay|move: Stealth Rock
|
|turn|20
|
|move|p1a: Bisharp|Pursuit|p2a: Celebi
|-supereffective|p2a: Celebi
|-damage|p2a: Celebi|272\/404
|move|p2a: Celebi|Earth Power|p1a: Bisharp
|-supereffective|p1a: Bisharp
|-damage|p1a: Bisharp|93\/271
|
|-heal|p2a: Celebi|297\/404|[from] item: Leftovers
|turn|21
|
|move|p1a: Bisharp|Pursuit|p2a: Celebi
|-supereffective|p2a: Celebi
|-damage|p2a: Celebi|165\/404
|move|p2a: Celebi|Recover|p2a: Celebi
|-heal|p2a: Celebi|367\/404
|
|-heal|p2a: Celebi|392\/404|[from] item: Leftovers
|turn|22
|
|move|p1a: Bisharp|Sucker Punch|p2a: Celebi
|-supereffective|p2a: Celebi
|-damage|p2a: Celebi|138\/404
|move|p2a: Celebi|Earth Power|p1a: Bisharp
|-supereffective|p1a: Bisharp
|-damage|p1a: Bisharp|0 fnt
|faint|p1a: Bisharp
|
|-heal|p2a: Celebi|163\/404|[from] item: Leftovers
|
|switch|p1a: Greninja|Greninja, F|285\/285
|-damage|p1a: Greninja|250\/285|[from] Stealth Rock
|turn|23
|
|move|p1a: Greninja|Ice Beam|p2a: Celebi
|-start|p1a: Greninja|typechange|Ice|[from] Protean
|-supereffective|p2a: Celebi
|-damage|p2a: Celebi|0 fnt
|-damage|p1a: Greninja|222\/285|[from] item: Life Orb
|faint|p2a: Celebi
|
|
|switch|p2a: Sableye|Sableye-Mega, M|220\/303
|turn|24
|
|move|p1a: Greninja|Hydro Pump|p2a: Sableye
|-start|p1a: Greninja|typechange|Water|[from] Protean
|-damage|p2a: Sableye|91\/303
|-damage|p1a: Greninja|194\/285|[from] item: Life Orb
|move|p2a: Sableye|Knock Off|p1a: Greninja
|-damage|p1a: Greninja|52\/285
|-enditem|p1a: Greninja|Life Orb|[from] move: Knock Off|[of] p2a: Sableye
|
|turn|25
|
|switch|p2a: Rotom-Heat|Rotom-Heat|65\/304
|move|p1a: Greninja|Hydro Pump|p2a: Rotom-Heat|[miss]
|-miss|p1a: Greninja|p2a: Rotom-Heat
|
|turn|26
|
|move|p1a: Greninja|Extrasensory|p2a: Rotom-Heat
|-start|p1a: Greninja|typechange|Psychic|[from] Protean
|-damage|p2a: Rotom-Heat|0 fnt
|faint|p2a: Rotom-Heat
|
|
|switch|p2a: Clefable|Clefable, F|394\/394
|turn|27
|
|move|p1a: Greninja|Gunk Shot|p2a: Clefable
|-start|p1a: Greninja|typechange|Poison|[from] Protean
|-supereffective|p2a: Clefable
|-damage|p2a: Clefable|20\/394
|move|p2a: Clefable|Moonblast|p1a: Greninja
|-resisted|p1a: Greninja
|-damage|p1a: Greninja|0 fnt
|faint|p1a: Greninja
|
|-heal|p2a: Clefable|44\/394|[from] item: Leftovers
|
|switch|p1a: Latios|Latios, M|183\/301 brn
|-damage|p1a: Latios|146\/301 brn|[from] Stealth Rock
|turn|28
|
|switch|p2a: Sableye|Sableye-Mega, M|91\/303
|move|p1a: Latios|Psyshock|p2a: Sableye
|-immune|p2a: Sableye|[msg]
|
|-damage|p1a: Latios|109\/301 brn|[from] brn
|turn|29
|leave|Here to Stay
|player|p1
|-message|heretostay lost due to inactivity.
|
|win|Kirbles
|raw|Ladder updating...
|raw|Here to Stay's rating: 1511 &rarr; <strong>1489<\/strong><br \/>(-22 for losing)
|raw|Kirbles's rating: 1482 &rarr; <strong>1504<\/strong><br \/>(+22 for winning)