|join|Here to Stay
|join|JustTestingBruh
|player|p1|Here to Stay|2
|player|p2|JustTestingBruh|1
|gametype|singles
|gen|6
|tier|OU
|rated
|clearpoke
|poke|p1|Metagross
|poke|p1|Landorus, M
|poke|p1|Bisharp, F
|poke|p1|Talonflame, F
|poke|p1|Latios, M
|poke|p1|Crawdaunt, M
|poke|p2|Lopunny, F
|poke|p2|Azelf
|poke|p2|Latios, M
|poke|p2|Bisharp, M
|poke|p2|Sylveon, M
|poke|p2|Thundurus, M
|rule|Swagger Clause: Swagger is banned
|rule|Baton Pass Clause: Limit one PokÃ©mon knowing Baton Pass
|rule|Sleep Clause Mod: Limit one foe put to sleep
|rule|Species Clause: Limit one of each PokÃ©mon
|rule|OHKO Clause: OHKO moves are banned
|rule|Moody Clause: Moody is banned
|rule|Evasion Moves Clause: Evasion moves are banned
|rule|Endless Battle Clause: Forcing endless battles is banned
|rule|HP Percentage Mod: HP is shown in percentages
|teampreview
|
|start
|switch|p1a: Talonflame|Talonflame, F|297\/297
|switch|p2a: Azelf|Azelf|292\/292
|turn|1
|
|move|p1a: Talonflame|U-turn|p2a: Azelf
|-supereffective|p2a: Azelf
|-damage|p2a: Azelf|64\/292
|
|switch|p1a: Metagross|Metagross|301\/301
|move|p2a: Azelf|Stealth Rock|p1a: Metagross
|-sidestart|p1: Here to Stay|move: Stealth Rock
|
|turn|2
|
|detailschange|p1a: Metagross|Metagross-Mega
|-mega|p1a: Metagross|Metagross|Metagrossite
|move|p1a: Metagross|Bullet Punch|p2a: Azelf
|-damage|p2a: Azelf|0 fnt
|faint|p2a: Azelf
|
|
|switch|p2a: Bisharp|Bisharp, M|271\/271
|turn|3
|
|move|p2a: Bisharp|Sucker Punch|p1a: Metagross
|-supereffective|p1a: Metagross
|-damage|p1a: Metagross|51\/301
|-damage|p2a: Bisharp|244\/271|[from] item: Life Orb
|move|p1a: Metagross|Hammer Arm|p2a: Bisharp
|-supereffective|p2a: Bisharp
|-damage|p2a: Bisharp|0 fnt
|-unboost|p1a: Metagross|spe|1
|faint|p2a: Bisharp
|
|
|switch|p2a: Latios|Latios, M|301\/301
|turn|4
|c|âHere to Stay|oh thank god
|c|âHere to Stay|hammer arm didnt screw me
|
|move|p1a: Metagross|Bullet Punch|p2a: Latios
|-damage|p2a: Latios|162\/301
|move|p2a: Latios|Surf|p1a: Metagross
|-damage|p1a: Metagross|0 fnt
|-damage|p2a: Latios|132\/301|[from] item: Life Orb
|faint|p1a: Metagross
|
|
|switch|p1a: Bisharp|Bisharp, F|271\/271
|-damage|p1a: Bisharp|255\/271|[from] Stealth Rock
|turn|5
|
|move|p1a: Bisharp|Sucker Punch|p2a: Latios
|-supereffective|p2a: Latios
|-damage|p2a: Latios|0 fnt
|faint|p2a: Latios
|
|
|switch|p2a: Lopunny|Lopunny, F|271\/271
|turn|6
|
|switch|p1a: Crawdaunt|Crawdaunt, M|267\/267
|-damage|p1a: Crawdaunt|234\/267|[from] Stealth Rock
|detailschange|p2a: Lopunny|Lopunny-Mega, F
|-mega|p2a: Lopunny|Lopunny|Lopunnite
|move|p2a: Lopunny|Power-Up Punch|p1a: Crawdaunt
|-supereffective|p1a: Crawdaunt
|-damage|p1a: Crawdaunt|52\/267
|-boost|p2a: Lopunny|atk|1
|
|turn|7
|
|move|p1a: Crawdaunt|Aqua Jet|p2a: Lopunny
|-damage|p2a: Lopunny|125\/271
|move|p2a: Lopunny|Power-Up Punch|p1a: Crawdaunt
|-supereffective|p1a: Crawdaunt
|-damage|p1a: Crawdaunt|0 fnt
|-boost|p2a: Lopunny|atk|1
|faint|p1a: Crawdaunt
|
|
|switch|p1a: Talonflame|Talonflame, F|297\/297
|-damage|p1a: Talonflame|149\/297|[from] Stealth Rock
|turn|8
|
|switch|p2a: Sylveon|Sylveon, M|392\/392
|move|p1a: Talonflame|Brave Bird|p2a: Sylveon
|-damage|p2a: Sylveon|38\/392
|-damage|p1a: Talonflame|32\/297|[from] recoil|[of] p2a: Sylveon
|
|turn|9
|
|switch|p2a: Thundurus|Thundurus, M|299\/299
|move|p1a: Talonflame|Brave Bird|p2a: Thundurus
|-resisted|p2a: Thundurus
|-damage|p2a: Thundurus|152\/299
|-damage|p1a: Talonflame|0 fnt|[from] recoil|[of] p2a: Thundurus
|faint|p1a: Talonflame
|
|c|âHere to Stay|shit
|c|âHere to Stay|gg
|
|switch|p1a: Latios|Latios, M|301\/301
|-damage|p1a: Latios|264\/301|[from] Stealth Rock
|turn|10
|
|move|p2a: Thundurus|Hidden Power|p1a: Latios
|-supereffective|p1a: Latios
|-damage|p1a: Latios|108\/301
|-damage|p2a: Thundurus|123\/299|[from] item: Life Orb
|move|p1a: Latios|Defog|p2a: Thundurus
|-unboost|p2a: Thundurus|evasion|1
|-sideend|p1: Here to Stay|Stealth Rock|[from] move: Defog|[of] p1a: Latios
|
|turn|11
|
|switch|p1a: Bisharp|Bisharp, F|255\/271
|move|p2a: Thundurus|Hidden Power|p1a: Bisharp
|-resisted|p1a: Bisharp
|-damage|p1a: Bisharp|199\/271
|-damage|p2a: Thundurus|94\/299|[from] item: Life Orb
|
|turn|12
|
|switch|p1a: Latios|Latios, M|108\/301
|move|p2a: Thundurus|Focus Blast|p1a: Latios
|-resisted|p1a: Latios
|-damage|p1a: Latios|31\/301
|-damage|p2a: Thundurus|65\/299|[from] item: Life Orb
|
|turn|13
|
|switch|p1a: Bisharp|Bisharp, F|199\/271
|move|p2a: Thundurus|Thunderbolt|p1a: Bisharp
|-damage|p1a: Bisharp|0 fnt
|-damage|p2a: Thundurus|36\/299|[from] item: Life Orb
|faint|p1a: Bisharp
|
|-message|Here to Stay forfeited.
|
|win|JustTestingBruh
|raw|Ladder updating...
|leave|Here to Stay
|player|p1
|raw|Here to Stay's rating: 1781 &rarr; <strong>1748<\/strong><br \/>(-33 for losing)
|raw|JustTestingBruh's rating: 1506 &rarr; <strong>1539<\/strong><br \/>(+33 for winning)
|leave|JustTestingBruh
|player|p2
|join|JustTestingBruh