|join|Here to Stay
|join|Fabian Zahn
|player|p1|Here to Stay|1
|player|p2|Fabian Zahn|92
|gametype|singles
|gen|6
|tier|OU
|rated
|clearpoke
|poke|p1|Metagross
|poke|p1|Landorus, M
|poke|p1|Bisharp, M
|poke|p1|Talonflame, F
|poke|p1|Latios, M
|poke|p1|Crawdaunt, F
|poke|p2|Sylveon, F
|poke|p2|Bisharp, M
|poke|p2|Latios, M
|poke|p2|Rotom-Wash
|poke|p2|Jirachi
|poke|p2|Conkeldurr, F
|rule|Swagger Clause: Swagger is banned
|rule|Baton Pass Clause: Limit one PokÃ©mon knowing Baton Pass
|rule|Sleep Clause Mod: Limit one foe put to sleep
|rule|Species Clause: Limit one of each PokÃ©mon
|rule|OHKO Clause: OHKO moves are banned
|rule|Moody Clause: Moody is banned
|rule|Evasion Moves Clause: Evasion moves are banned
|rule|Endless Battle Clause: Forcing endless battles is banned
|rule|HP Percentage Mod: HP is shown in percentages
|teampreview
|
|start
|switch|p1a: Talonflame|Talonflame, F|297\/297
|switch|p2a: Jirachi|Jirachi|345\/345
|turn|1
|
|move|p1a: Talonflame|U-turn|p2a: Jirachi
|-damage|p2a: Jirachi|248\/345
|
|switch|p1a: Landorus|Landorus, M|319\/319
|move|p2a: Jirachi|Stealth Rock|p1a: Landorus
|-sidestart|p1: Here to Stay|move: Stealth Rock
|
|-heal|p2a: Jirachi|269\/345|[from] item: Leftovers
|turn|2
|
|move|p2a: Jirachi|Iron Head|p1a: Landorus
|-damage|p1a: Landorus|199\/319
|cant|p1a: Landorus|flinch
|
|-heal|p2a: Jirachi|290\/345|[from] item: Leftovers
|turn|3
|
|move|p2a: Jirachi|Iron Head|p1a: Landorus
|-damage|p1a: Landorus|63\/319
|cant|p1a: Landorus|flinch
|
|-heal|p2a: Jirachi|311\/345|[from] item: Leftovers
|turn|4
|
|switch|p1a: Bisharp|Bisharp, M|271\/271
|-damage|p1a: Bisharp|255\/271|[from] Stealth Rock
|move|p2a: Jirachi|Fire Punch|p1a: Bisharp
|-supereffective|p1a: Bisharp
|-damage|p1a: Bisharp|103\/271
|
|-heal|p2a: Jirachi|332\/345|[from] item: Leftovers
|turn|5
|
|move|p2a: Jirachi|Fire Punch|p1a: Bisharp
|-supereffective|p1a: Bisharp
|-damage|p1a: Bisharp|0 fnt
|faint|p1a: Bisharp
|
|-heal|p2a: Jirachi|345\/345|[from] item: Leftovers
|
|switch|p1a: Crawdaunt|Crawdaunt, F|267\/267
|-damage|p1a: Crawdaunt|234\/267|[from] Stealth Rock
|turn|6
|join|Soul M8
|
|move|p2a: Jirachi|U-turn|p1a: Crawdaunt
|-supereffective|p1a: Crawdaunt
|-damage|p1a: Crawdaunt|68\/267
|
|switch|p2a: Conkeldurr|Conkeldurr, F|413\/413
|move|p1a: Crawdaunt|Knock Off|p2a: Conkeldurr
|-resisted|p2a: Conkeldurr
|-damage|p2a: Conkeldurr|217\/413
|-enditem|p2a: Conkeldurr|Assault Vest|[from] move: Knock Off|[of] p1a: Crawdaunt
|
|turn|7
|
|switch|p1a: Metagross|Metagross|301\/301
|-damage|p1a: Metagross|283\/301|[from] Stealth Rock
|move|p2a: Conkeldurr|Mach Punch|p1a: Metagross
|-damage|p1a: Metagross|220\/301
|
|turn|8
|
|switch|p2a: Jirachi|Jirachi|345\/345
|detailschange|p1a: Metagross|Metagross-Mega
|-mega|p1a: Metagross|Metagross|Metagrossite
|move|p1a: Metagross|Hammer Arm|p2a: Jirachi
|-damage|p2a: Jirachi|165\/345
|-unboost|p1a: Metagross|spe|1
|
|-heal|p2a: Jirachi|186\/345|[from] item: Leftovers
|turn|9
|
|move|p2a: Jirachi|Fire Punch|p1a: Metagross
|-supereffective|p1a: Metagross
|-damage|p1a: Metagross|114\/301
|-status|p1a: Metagross|brn
|move|p1a: Metagross|Hammer Arm|p2a: Jirachi
|-damage|p2a: Jirachi|104\/345
|-unboost|p1a: Metagross|spe|1
|
|-heal|p2a: Jirachi|125\/345|[from] item: Leftovers
|-damage|p1a: Metagross|77\/301 brn|[from] brn
|turn|10
|-message|Here to Stay forfeited.
|
|win|Fabian Zahn
|raw|Ladder updating...
|leave|Here to Stay
|player|p1
|raw|Here to Stay's rating: 1714 &rarr; <strong>1686<\/strong><br \/>(-28 for losing)
|raw|Fabian Zahn's rating: 1562 &rarr; <strong>1590<\/strong><br \/>(+28 for winning)
|leave|Fabian Zahn
|player|p2