|join|Here to Stay
|join|RebornCelebi
|player|p1|Here to Stay|148
|player|p2|RebornCelebi|77
|gametype|singles
|gen|6
|tier|OU
|rated
|clearpoke
|poke|p1|Gothitelle, M
|poke|p1|Charizard, M
|poke|p1|Keldeo
|poke|p1|Excadrill, M
|poke|p1|Tyranitar, M
|poke|p1|Gardevoir, M
|poke|p2|Landorus-Therian, M
|poke|p2|Keldeo
|poke|p2|Slowbro, F
|poke|p2|Charizard, F
|poke|p2|Tyranitar, M
|poke|p2|Excadrill, F
|rule|Swagger Clause: Swagger is banned
|rule|Baton Pass Clause: Limit one PokÃ©mon knowing Baton Pass
|rule|Sleep Clause Mod: Limit one foe put to sleep
|rule|Species Clause: Limit one of each PokÃ©mon
|rule|OHKO Clause: OHKO moves are banned
|rule|Moody Clause: Moody is banned
|rule|Evasion Moves Clause: Evasion moves are banned
|rule|Endless Battle Clause: Forcing endless battles is banned
|rule|HP Percentage Mod: HP is shown in percentages
|teampreview
|c|âHere to Stay|our teams looking too similar lol
|c|âRebornCelebi|lol yeah
|
|start
|switch|p1a: Charizard|Charizard, M|297\/297
|switch|p2a: Charizard|Charizard, F|297\/297
|turn|1
|
|switch|p1a: Keldeo|Keldeo|323\/323
|detailschange|p2a: Charizard|Charizard-Mega-Y, F
|-mega|p2a: Charizard|Charizard|Charizardite Y
|-weather|SunnyDay
|move|p2a: Charizard|Fire Blast|p1a: Keldeo
|-resisted|p1a: Keldeo
|-damage|p1a: Keldeo|139\/323
|
|-weather|SunnyDay|[upkeep]
|turn|2
|
|switch|p1a: Tyranitar|Tyranitar, M|403\/403
|-weather|Sandstorm
|move|p2a: Charizard|Focus Blast|p1a: Tyranitar
|-supereffective|p1a: Tyranitar
|-damage|p1a: Tyranitar|0 fnt
|faint|p1a: Tyranitar
|
|-weather|Sandstorm|[upkeep]
|-damage|p2a: Charizard|279\/297|[from] sandstorm
|c|âHere to Stay|damn
|
|switch|p1a: Excadrill|Excadrill, M|361\/361
|turn|3
|
|switch|p1a: Gothitelle|Gothitelle, M|344\/344
|switch|p2a: Slowbro|Slowbro, F|394\/394
|
|-weather|Sandstorm|[upkeep]
|-damage|p1a: Gothitelle|323\/344|[from] sandstorm
|-damage|p2a: Slowbro|370\/394|[from] sandstorm
|-heal|p2a: Slowbro|394\/394|[from] item: Leftovers
|turn|4
|c|âRebornCelebi|beautiful
|
|move|p1a: Gothitelle|Trick|p2a: Slowbro
|-activate|p1a: Gothitelle|move: Trick|[of] p2a: Slowbro
|-item|p2a: Slowbro|Choice Scarf|[from] move: Trick
|-item|p1a: Gothitelle|Leftovers|[from] move: Trick
|move|p2a: Slowbro|Scald|p1a: Gothitelle
|-damage|p1a: Gothitelle|241\/344
|-status|p1a: Gothitelle|brn
|
|-weather|Sandstorm|[upkeep]
|-damage|p1a: Gothitelle|220\/344 brn|[from] sandstorm
|-damage|p2a: Slowbro|370\/394|[from] sandstorm
|-heal|p1a: Gothitelle|241\/344 brn|[from] item: Leftovers
|-damage|p1a: Gothitelle|198\/344 brn|[from] brn
|turn|5
|
|move|p1a: Gothitelle|Calm Mind|p1a: Gothitelle
|-boost|p1a: Gothitelle|spa|1
|-boost|p1a: Gothitelle|spd|1
|move|p2a: Slowbro|Scald|p1a: Gothitelle
|-damage|p1a: Gothitelle|137\/344 brn
|
|-weather|Sandstorm|[upkeep]
|-damage|p1a: Gothitelle|116\/344 brn|[from] sandstorm
|-damage|p2a: Slowbro|346\/394|[from] sandstorm
|-heal|p1a: Gothitelle|137\/344 brn|[from] item: Leftovers
|-damage|p1a: Gothitelle|94\/344 brn|[from] brn
|turn|6
|
|move|p1a: Gothitelle|Rest|p1a: Gothitelle
|-status|p1a: Gothitelle|slp
|-heal|p1a: Gothitelle|344\/344 slp|[silent]
|-status|p1a: Gothitelle|slp|[from] move: Rest
|move|p2a: Slowbro|Scald|p1a: Gothitelle
|-damage|p1a: Gothitelle|286\/344 slp
|
|-weather|Sandstorm|[upkeep]
|-damage|p1a: Gothitelle|265\/344 slp|[from] sandstorm
|-damage|p2a: Slowbro|322\/394|[from] sandstorm
|-heal|p1a: Gothitelle|286\/344 slp|[from] item: Leftovers
|turn|7
|
|cant|p1a: Gothitelle|slp
|move|p2a: Slowbro|Scald|p1a: Gothitelle
|-damage|p1a: Gothitelle|228\/344 slp
|
|-weather|Sandstorm|[upkeep]
|-damage|p1a: Gothitelle|207\/344 slp|[from] sandstorm
|-damage|p2a: Slowbro|298\/394|[from] sandstorm
|-heal|p1a: Gothitelle|228\/344 slp|[from] item: Leftovers
|turn|8
|
|cant|p1a: Gothitelle|slp
|move|p2a: Slowbro|Scald|p1a: Gothitelle
|-damage|p1a: Gothitelle|170\/344 slp
|
|-weather|Sandstorm|[upkeep]
|-damage|p1a: Gothitelle|149\/344 slp|[from] sandstorm
|-damage|p2a: Slowbro|274\/394|[from] sandstorm
|-heal|p1a: Gothitelle|170\/344 slp|[from] item: Leftovers
|turn|9
|
|-curestatus|p1a: Gothitelle|slp
|move|p1a: Gothitelle|Rest|p1a: Gothitelle
|-status|p1a: Gothitelle|slp
|-heal|p1a: Gothitelle|344\/344 slp|[silent]
|-status|p1a: Gothitelle|slp|[from] move: Rest
|move|p2a: Slowbro|Scald|p1a: Gothitelle
|-damage|p1a: Gothitelle|290\/344 slp
|
|-weather|none
|-heal|p1a: Gothitelle|311\/344 slp|[from] item: Leftovers
|turn|10
|
|cant|p1a: Gothitelle|slp
|move|p2a: Slowbro|Scald|p1a: Gothitelle
|-damage|p1a: Gothitelle|248\/344 slp
|
|-heal|p1a: Gothitelle|269\/344 slp|[from] item: Leftovers
|turn|11
|
|cant|p1a: Gothitelle|slp
|move|p2a: Slowbro|Scald|p1a: Gothitelle
|-damage|p1a: Gothitelle|211\/344 slp
|
|-heal|p1a: Gothitelle|232\/344 slp|[from] item: Leftovers
|turn|12
|
|-curestatus|p1a: Gothitelle|slp
|move|p1a: Gothitelle|Psychic|p2a: Slowbro
|-resisted|p2a: Slowbro
|-damage|p2a: Slowbro|180\/394
|move|p2a: Slowbro|Scald|p1a: Gothitelle
|-damage|p1a: Gothitelle|175\/344
|-status|p1a: Gothitelle|brn
|
|-heal|p1a: Gothitelle|196\/344 brn|[from] item: Leftovers
|-damage|p1a: Gothitelle|153\/344 brn|[from] brn
|turn|13
|
|move|p1a: Gothitelle|Rest|p1a: Gothitelle
|-status|p1a: Gothitelle|slp
|-heal|p1a: Gothitelle|344\/344 slp|[silent]
|-status|p1a: Gothitelle|slp|[from] move: Rest
|move|p2a: Slowbro|Scald|p1a: Gothitelle
|-damage|p1a: Gothitelle|287\/344 slp
|
|-heal|p1a: Gothitelle|308\/344 slp|[from] item: Leftovers
|turn|14
|
|cant|p1a: Gothitelle|slp
|move|p2a: Slowbro|Scald|p1a: Gothitelle
|-damage|p1a: Gothitelle|248\/344 slp
|
|-heal|p1a: Gothitelle|269\/344 slp|[from] item: Leftovers
|turn|15
|
|cant|p1a: Gothitelle|slp
|move|p2a: Slowbro|Scald|p1a: Gothitelle
|-damage|p1a: Gothitelle|215\/344 slp
|
|-heal|p1a: Gothitelle|236\/344 slp|[from] item: Leftovers
|turn|16
|
|-curestatus|p1a: Gothitelle|slp
|move|p1a: Gothitelle|Calm Mind|p1a: Gothitelle
|-boost|p1a: Gothitelle|spa|1
|-boost|p1a: Gothitelle|spd|1
|move|p2a: Slowbro|Scald|p1a: Gothitelle
|-damage|p1a: Gothitelle|191\/344
|
|-heal|p1a: Gothitelle|212\/344|[from] item: Leftovers
|turn|17
|
|move|p1a: Gothitelle|Calm Mind|p1a: Gothitelle
|-boost|p1a: Gothitelle|spa|1
|-boost|p1a: Gothitelle|spd|1
|move|p2a: Slowbro|Scald|p1a: Gothitelle
|-damage|p1a: Gothitelle|176\/344
|
|-heal|p1a: Gothitelle|197\/344|[from] item: Leftovers
|turn|18
|
|move|p1a: Gothitelle|Calm Mind|p1a: Gothitelle
|-boost|p1a: Gothitelle|spa|1
|-boost|p1a: Gothitelle|spd|1
|move|p2a: Slowbro|Scald|p1a: Gothitelle
|-damage|p1a: Gothitelle|167\/344
|
|-heal|p1a: Gothitelle|188\/344|[from] item: Leftovers
|turn|19
|
|move|p1a: Gothitelle|Calm Mind|p1a: Gothitelle
|-boost|p1a: Gothitelle|spa|1
|-boost|p1a: Gothitelle|spd|1
|move|p2a: Slowbro|Scald|p1a: Gothitelle
|-damage|p1a: Gothitelle|164\/344
|
|-heal|p1a: Gothitelle|185\/344|[from] item: Leftovers
|turn|20
|
|move|p1a: Gothitelle|Calm Mind|p1a: Gothitelle
|-boost|p1a: Gothitelle|spa|1
|-boost|p1a: Gothitelle|spd|1
|move|p2a: Slowbro|Scald|p1a: Gothitelle
|-damage|p1a: Gothitelle|164\/344
|
|-heal|p1a: Gothitelle|185\/344|[from] item: Leftovers
|turn|21
|
|move|p1a: Gothitelle|Rest|p1a: Gothitelle
|-status|p1a: Gothitelle|slp
|-heal|p1a: Gothitelle|344\/344 slp|[silent]
|-status|p1a: Gothitelle|slp|[from] move: Rest
|move|p2a: Slowbro|Scald|p1a: Gothitelle
|-damage|p1a: Gothitelle|320\/344 slp
|
|-heal|p1a: Gothitelle|341\/344 slp|[from] item: Leftovers
|turn|22
|
|cant|p1a: Gothitelle|slp
|move|p2a: Slowbro|Scald|p1a: Gothitelle
|-crit|p1a: Gothitelle
|-damage|p1a: Gothitelle|214\/344 slp
|
|-heal|p1a: Gothitelle|235\/344 slp|[from] item: Leftovers
|turn|23
|
|cant|p1a: Gothitelle|slp
|move|p2a: Slowbro|Scald|p1a: Gothitelle
|-damage|p1a: Gothitelle|214\/344 slp
|
|-heal|p1a: Gothitelle|235\/344 slp|[from] item: Leftovers
|turn|24
|
|-curestatus|p1a: Gothitelle|slp
|move|p1a: Gothitelle|Trick|p2a: Slowbro
|-activate|p1a: Gothitelle|move: Trick|[of] p2a: Slowbro
|-item|p2a: Slowbro|Leftovers|[from] move: Trick
|-item|p1a: Gothitelle|Choice Scarf|[from] move: Trick
|move|p2a: Slowbro|Scald|p1a: Gothitelle
|-damage|p1a: Gothitelle|211\/344
|-status|p1a: Gothitelle|brn
|
|-heal|p2a: Slowbro|204\/394|[from] item: Leftovers
|-damage|p1a: Gothitelle|168\/344 brn|[from] brn
|turn|25
|
|move|p1a: Gothitelle|Psychic|p2a: Slowbro
|-resisted|p2a: Slowbro
|-damage|p2a: Slowbro|0 fnt
|faint|p2a: Slowbro
|
|-damage|p1a: Gothitelle|125\/344 brn|[from] brn
|
|switch|p2a: Tyranitar|Tyranitar, M|403\/403
|-weather|Sandstorm
|turn|26
|
|move|p2a: Tyranitar|Pursuit|p1a: Gothitelle|[from]Pursuit
|-supereffective|p1a: Gothitelle
|-damage|p1a: Gothitelle|0 fnt
|faint|p1a: Gothitelle
|
|-weather|Sandstorm|[upkeep]
|
|switch|p1a: Keldeo|Keldeo|139\/323
|turn|27
|
|switch|p2a: Keldeo|Keldeo|323\/323
|move|p1a: Keldeo|Secret Sword|p2a: Keldeo
|-damage|p2a: Keldeo|70\/323
|
|-weather|Sandstorm|[upkeep]
|-damage|p1a: Keldeo|119\/323|[from] sandstorm
|-damage|p2a: Keldeo|50\/323|[from] sandstorm
|turn|28
|
|switch|p1a: Charizard|Charizard, M|297\/297
|switch|p2a: Landorus-Therian|Landorus-Therian, M|377\/377
|-ability|p2a: Landorus-Therian|Intimidate|[of] p1a: Charizard
|-unboost|p1a: Charizard|atk|1
|
|-weather|Sandstorm|[upkeep]
|-damage|p1a: Charizard|279\/297|[from] sandstorm
|turn|29
|
|switch|p2a: Keldeo|Keldeo|50\/323
|detailschange|p1a: Charizard|Charizard-Mega-Y, M
|-mega|p1a: Charizard|Charizard|Charizardite Y
|-weather|SunnyDay
|move|p1a: Charizard|Flamethrower|p2a: Keldeo
|-resisted|p2a: Keldeo
|-damage|p2a: Keldeo|0 fnt
|faint|p2a: Keldeo
|
|-weather|SunnyDay|[upkeep]
|
|switch|p2a: Tyranitar|Tyranitar, M|403\/403
|-weather|Sandstorm
|turn|30
|
|move|p2a: Tyranitar|Pursuit|p1a: Charizard|[from]Pursuit
|-damage|p1a: Charizard|0 fnt
|faint|p1a: Charizard
|
|-weather|Sandstorm|[upkeep]
|
|switch|p1a: Keldeo|Keldeo|119\/323
|turn|31
|c|âRebornCelebi|banded not scarfed
|c|âRebornCelebi|;)
|c|âHere to Stay|yeah
|
|move|p1a: Keldeo|Hydro Pump|p2a: Tyranitar
|-supereffective|p2a: Tyranitar
|-damage|p2a: Tyranitar|11\/403
|move|p2a: Tyranitar|Pursuit|p1a: Keldeo
|-resisted|p1a: Keldeo
|-damage|p1a: Keldeo|59\/323
|-boost|p1a: Keldeo|atk|1|[from] ability: Justified
|
|-weather|Sandstorm|[upkeep]
|-damage|p1a: Keldeo|39\/323|[from] sandstorm
|turn|32
|c|âHere to Stay|almost stayed in as well haha
|
|move|p1a: Keldeo|Hydro Pump|p2a: Tyranitar
|-supereffective|p2a: Tyranitar
|-damage|p2a: Tyranitar|0 fnt
|faint|p2a: Tyranitar
|
|-weather|Sandstorm|[upkeep]
|-damage|p1a: Keldeo|19\/323|[from] sandstorm
|
|switch|p2a: Excadrill|Excadrill, F|361\/361
|turn|33
|
|switch|p1a: Gardevoir|Gardevoir, M|277\/277
|-ability|p1a: Gardevoir|Sand Rush|[from] ability: Trace|[of] p2a: Excadrill
|move|p2a: Excadrill|Iron Head|p1a: Gardevoir
|-supereffective|p1a: Gardevoir
|-damage|p1a: Gardevoir|0 fnt
|-damage|p2a: Excadrill|325\/361|[from] item: Life Orb
|faint|p1a: Gardevoir
|
|-weather|Sandstorm|[upkeep]
|
|switch|p1a: Excadrill|Excadrill, M|361\/361
|turn|34
|
|switch|p2a: Landorus-Therian|Landorus-Therian, M|377\/377
|-ability|p2a: Landorus-Therian|Intimidate|[of] p1a: Excadrill
|-unboost|p1a: Excadrill|atk|1
|move|p1a: Excadrill|Iron Head|p2a: Landorus-Therian
|-damage|p2a: Landorus-Therian|292\/377
|
|-weather|none
|-heal|p2a: Landorus-Therian|315\/377|[from] item: Leftovers
|turn|35
|
|switch|p1a: Keldeo|Keldeo|19\/323
|move|p2a: Landorus-Therian|Earthquake|p1a: Keldeo
|-damage|p1a: Keldeo|0 fnt
|faint|p1a: Keldeo
|
|-heal|p2a: Landorus-Therian|338\/377|[from] item: Leftovers
|c|âHere to Stay|damn
|c|âHere to Stay|gg
|c|âRebornCelebi|gg
|-message|Here to Stay forfeited.
|leave|Here to Stay
|
|win|RebornCelebi
|raw|Ladder updating...
|player|p1