|join|Reverb
|join|Here to Stay
|player|p1|Reverb|#reverb
|player|p2|Here to Stay|266
|gametype|singles
|gen|6
|tier|OU
|rated
|clearpoke
|poke|p1|Metagross
|poke|p1|Heatran, F
|poke|p1|Landorus-Therian, M
|poke|p1|Rotom-Wash
|poke|p1|Keldeo-Resolute
|poke|p1|Gengar, F
|poke|p2|Metagross
|poke|p2|Landorus, M
|poke|p2|Bisharp, M
|poke|p2|Talonflame, M
|poke|p2|Latios, M
|poke|p2|Crawdaunt, F
|rule|Swagger Clause: Swagger is banned
|rule|Baton Pass Clause: Limit one PokÃ©mon knowing Baton Pass
|rule|Sleep Clause Mod: Limit one foe put to sleep
|rule|Species Clause: Limit one of each PokÃ©mon
|rule|OHKO Clause: OHKO moves are banned
|rule|Moody Clause: Moody is banned
|rule|Evasion Moves Clause: Evasion moves are banned
|rule|Endless Battle Clause: Forcing endless battles is banned
|rule|HP Percentage Mod: HP is shown in percentages
|teampreview
|
|start
|switch|p1a: Landorus-Therian|Landorus-Therian, M|327\/327
|switch|p2a: Latios|Latios, M|301\/301
|-ability|p1a: Landorus-Therian|Intimidate|[of] p2a: Latios
|-unboost|p2a: Latios|atk|1
|turn|1
|
|switch|p2a: Talonflame|Talonflame, M|297\/297
|move|p1a: Landorus-Therian|U-turn|p2a: Talonflame
|-resisted|p2a: Talonflame
|-damage|p2a: Talonflame|269\/297
|
|switch|p1a: Rotom-Wash|Rotom-Wash|303\/303
|
|turn|2
|join|mega freak
|
|move|p2a: Talonflame|U-turn|p1a: Rotom-Wash
|-damage|p1a: Rotom-Wash|240\/303
|
|switch|p2a: Latios|Latios, M|301\/301
|move|p1a: Rotom-Wash|Volt Switch|p2a: Latios
|-resisted|p2a: Latios
|-damage|p2a: Latios|259\/301
|
|switch|p1a: Landorus-Therian|Landorus-Therian, M|327\/327
|-ability|p1a: Landorus-Therian|Intimidate|[of] p2a: Latios
|-unboost|p2a: Latios|atk|1
|
|turn|3
|
|switch|p2a: Talonflame|Talonflame, M|269\/297
|move|p1a: Landorus-Therian|U-turn|p2a: Talonflame
|-resisted|p2a: Talonflame
|-damage|p2a: Talonflame|239\/297
|
|switch|p1a: Rotom-Wash|Rotom-Wash|240\/303
|
|-heal|p1a: Rotom-Wash|258\/303|[from] item: Leftovers
|turn|4
|join|MoB Barley
|
|move|p2a: Talonflame|U-turn|p1a: Rotom-Wash
|-damage|p1a: Rotom-Wash|197\/303
|
|switch|p2a: Latios|Latios, M|259\/301
|move|p1a: Rotom-Wash|Will-O-Wisp|p2a: Latios
|-status|p2a: Latios|brn
|
|-heal|p1a: Rotom-Wash|215\/303|[from] item: Leftovers
|-damage|p2a: Latios|222\/301 brn|[from] brn
|turn|5
|join|AlbertDaEinstein
|
|switch|p2a: Crawdaunt|Crawdaunt, F|267\/267
|switch|p1a: Heatran|Heatran, F|385\/385
|
|turn|6
|
|switch|p1a: Keldeo-Resolute|Keldeo-Resolute|323\/323
|move|p2a: Crawdaunt|Knock Off|p1a: Keldeo-Resolute
|-resisted|p1a: Keldeo-Resolute
|-damage|p1a: Keldeo-Resolute|126\/323
|-boost|p1a: Keldeo-Resolute|atk|1|[from] ability: Justified
|-enditem|p1a: Keldeo-Resolute|Choice Specs|[from] move: Knock Off|[of] p2a: Crawdaunt
|
|turn|7
|
|switch|p2a: Talonflame|Talonflame, M|239\/297
|move|p1a: Keldeo-Resolute|Secret Sword|p2a: Talonflame
|-resisted|p2a: Talonflame
|-damage|p2a: Talonflame|137\/297
|
|turn|8
|
|switch|p1a: Heatran|Heatran, F|385\/385
|move|p2a: Talonflame|U-turn|p1a: Heatran
|-resisted|p1a: Heatran
|-damage|p1a: Heatran|365\/385
|
|switch|p2a: Crawdaunt|Crawdaunt, F|267\/267
|
|-heal|p1a: Heatran|385\/385|[from] item: Leftovers
|turn|9
|
|switch|p1a: Keldeo-Resolute|Keldeo-Resolute|126\/323
|move|p2a: Crawdaunt|Crabhammer|p1a: Keldeo-Resolute
|-crit|p1a: Keldeo-Resolute
|-resisted|p1a: Keldeo-Resolute
|-damage|p1a: Keldeo-Resolute|0 fnt
|faint|p1a: Keldeo-Resolute
|
|
|switch|p1a: Metagross|Metagross|301\/301
|turn|10
|
|switch|p2a: Landorus|Landorus, M|319\/319
|detailschange|p1a: Metagross|Metagross-Mega
|-mega|p1a: Metagross|Metagross|Metagrossite
|move|p1a: Metagross|Meteor Mash|p2a: Landorus|[miss]
|-miss|p1a: Metagross|p2a: Landorus
|
|turn|11
|join|Not Alkov
|
|switch|p2a: Bisharp|Bisharp, M|271\/271
|move|p1a: Metagross|Ice Punch|p2a: Bisharp
|-resisted|p2a: Bisharp
|-damage|p2a: Bisharp|212\/271
|
|turn|12
|
|move|p2a: Bisharp|Sucker Punch|p1a: Metagross
|-supereffective|p1a: Metagross
|-damage|p1a: Metagross|89\/301
|move|p1a: Metagross|Hammer Arm|p2a: Bisharp
|-supereffective|p2a: Bisharp
|-damage|p2a: Bisharp|0 fnt
|-unboost|p1a: Metagross|spe|1
|faint|p2a: Bisharp
|
|
|switch|p2a: Metagross|Metagross|301\/301
|turn|13
|join|Bluwing
|
|switch|p1a: Rotom-Wash|Rotom-Wash|215\/303
|detailschange|p2a: Metagross|Metagross-Mega
|-mega|p2a: Metagross|Metagross|Metagrossite
|move|p2a: Metagross|Ice Punch|p1a: Rotom-Wash
|-resisted|p1a: Rotom-Wash
|-damage|p1a: Rotom-Wash|167\/303
|
|-heal|p1a: Rotom-Wash|185\/303|[from] item: Leftovers
|turn|14
|
|move|p2a: Metagross|Hammer Arm|p1a: Rotom-Wash
|-damage|p1a: Rotom-Wash|68\/303
|-unboost|p2a: Metagross|spe|1
|move|p1a: Rotom-Wash|Pain Split|p2a: Metagross
|-sethp|p2a: Metagross|184\/301|p1a: Rotom-Wash|184\/303|[from] move: Pain Split
|
|-heal|p1a: Rotom-Wash|202\/303|[from] item: Leftovers
|turn|15
|
|switch|p2a: Latios|Latios, M|222\/301 brn
|move|p1a: Rotom-Wash|Will-O-Wisp|p2a: Latios
|-fail|p2a: Latios|brn
|
|-heal|p1a: Rotom-Wash|220\/303|[from] item: Leftovers
|-damage|p2a: Latios|185\/301 brn|[from] brn
|turn|16
|
|switch|p2a: Crawdaunt|Crawdaunt, F|267\/267
|switch|p1a: Heatran|Heatran, F|385\/385
|
|turn|17
|
|switch|p1a: Metagross|Metagross-Mega|89\/301
|move|p2a: Crawdaunt|Knock Off|p1a: Metagross
|-supereffective|p1a: Metagross
|-damage|p1a: Metagross|0 fnt
|faint|p1a: Metagross
|
|
|switch|p1a: Landorus-Therian|Landorus-Therian, M|327\/327
|-ability|p1a: Landorus-Therian|Intimidate|[of] p2a: Crawdaunt
|-unboost|p2a: Crawdaunt|atk|1
|turn|18
|c| Bluwing|reverb when do u play ur ocl match?
|
|move|p1a: Landorus-Therian|U-turn|p2a: Crawdaunt
|-supereffective|p2a: Crawdaunt
|-damage|p2a: Crawdaunt|57\/267
|c|âReverb|tomorrow
|
|switch|p1a: Heatran|Heatran, F|385\/385
|move|p2a: Crawdaunt|Knock Off|p1a: Heatran
|-damage|p1a: Heatran|145\/385
|-enditem|p1a: Heatran|Leftovers|[from] move: Knock Off|[of] p2a: Crawdaunt
|
|turn|19
|c| Bluwing|ok
|c| mega freak|whats ocl?
|
|move|p1a: Heatran|Stealth Rock|p2a: Crawdaunt
|-sidestart|p2: Here to Stay|move: Stealth Rock
|move|p2a: Crawdaunt|Knock Off|p1a: Heatran
|-damage|p1a: Heatran|0 fnt
|faint|p1a: Heatran
|
|
|switch|p1a: Landorus-Therian|Landorus-Therian, M|327\/327
|-ability|p1a: Landorus-Therian|Intimidate|[of] p2a: Crawdaunt
|-unboost|p2a: Crawdaunt|atk|1
|turn|20
|
|move|p1a: Landorus-Therian|U-turn|p2a: Crawdaunt
|-supereffective|p2a: Crawdaunt
|-damage|p2a: Crawdaunt|0 fnt
|faint|p2a: Crawdaunt
|
|switch|p1a: Gengar|Gengar, F|261\/261
|
|
|switch|p2a: Landorus|Landorus, M|319\/319
|-damage|p2a: Landorus|280\/319|[from] Stealth Rock
|turn|21
|
|move|p1a: Gengar|Shadow Ball|p2a: Landorus
|-damage|p2a: Landorus|34\/319
|-damage|p1a: Gengar|235\/261|[from] item: Life Orb
|move|p2a: Landorus|Knock Off|p1a: Gengar
|-supereffective|p1a: Gengar
|-damage|p1a: Gengar|0 fnt
|-enditem|p1a: Gengar|Life Orb|[from] move: Knock Off|[of] p2a: Landorus
|-damage|p2a: Landorus|3\/319|[from] item: Life Orb
|faint|p1a: Gengar
|
|
|switch|p1a: Landorus-Therian|Landorus-Therian, M|327\/327
|-ability|p1a: Landorus-Therian|Intimidate|[of] p2a: Landorus
|-unboost|p2a: Landorus|atk|1
|turn|22
|
|move|p1a: Landorus-Therian|Stone Edge|p2a: Landorus
|-damage|p2a: Landorus|0 fnt
|faint|p2a: Landorus
|
|
|switch|p2a: Metagross|Metagross-Mega|184\/301
|-damage|p2a: Metagross|166\/301|[from] Stealth Rock
|turn|23
|
|switch|p1a: Rotom-Wash|Rotom-Wash|220\/303
|move|p2a: Metagross|Hammer Arm|p1a: Rotom-Wash
|-damage|p1a: Rotom-Wash|102\/303
|-unboost|p2a: Metagross|spe|1
|
|-heal|p1a: Rotom-Wash|120\/303|[from] item: Leftovers
|turn|24
|
|switch|p1a: Landorus-Therian|Landorus-Therian, M|327\/327
|-ability|p1a: Landorus-Therian|Intimidate|[of] p2a: Metagross
|-unboost|p2a: Metagross|atk|1
|move|p2a: Metagross|Hammer Arm|p1a: Landorus-Therian
|-resisted|p1a: Landorus-Therian
|-damage|p1a: Landorus-Therian|270\/327
|-unboost|p2a: Metagross|spe|1
|
|turn|25
|
|move|p1a: Landorus-Therian|U-turn|p2a: Metagross
|-damage|p2a: Metagross|102\/301
|
|switch|p1a: Rotom-Wash|Rotom-Wash|120\/303
|move|p2a: Metagross|Ice Punch|p1a: Rotom-Wash
|-resisted|p1a: Rotom-Wash
|-damage|p1a: Rotom-Wash|92\/303
|
|-heal|p1a: Rotom-Wash|110\/303|[from] item: Leftovers
|turn|26
|join|aquas0und
|
|switch|p2a: Talonflame|Talonflame, M|137\/297
|-damage|p2a: Talonflame|0 fnt|[from] Stealth Rock
|faint|p2a: Talonflame
|move|p1a: Rotom-Wash|Volt Switch|p2: Talonflame|[notarget]
|-notarget
|
|-heal|p1a: Rotom-Wash|128\/303|[from] item: Leftovers
|
|switch|p2a: Latios|Latios, M|185\/301 brn
|-damage|p2a: Latios|148\/301 brn|[from] Stealth Rock
|turn|27
|
|move|p2a: Latios|Draco Meteor|p1a: Rotom-Wash
|-damage|p1a: Rotom-Wash|0 fnt
|-unboost|p2a: Latios|spa|2
|-damage|p2a: Latios|118\/301 brn|[from] item: Life Orb
|faint|p1a: Rotom-Wash
|
|-damage|p2a: Latios|81\/301 brn|[from] brn
|c| MoB Barley|o
|
|switch|p1a: Landorus-Therian|Landorus-Therian, M|270\/327
|-ability|p1a: Landorus-Therian|Intimidate|[of] p2a: Latios
|-unboost|p2a: Latios|atk|1
|turn|28
|
|move|p1a: Landorus-Therian|U-turn|p2a: Latios
|-supereffective|p2a: Latios
|-damage|p2a: Latios|0 fnt
|faint|p2a: Latios
|
|
|switch|p2a: Metagross|Metagross-Mega|102\/301
|-damage|p2a: Metagross|84\/301|[from] Stealth Rock
|turn|29
|
|move|p1a: Landorus-Therian|U-turn|p2a: Metagross
|-damage|p2a: Metagross|25\/301
|move|p2a: Metagross|Ice Punch|p1a: Landorus-Therian
|-supereffective|p1a: Landorus-Therian
|-damage|p1a: Landorus-Therian|0 fnt
|faint|p1a: Landorus-Therian
|
|win|Here to Stay
|raw|Ladder updating...
|raw|Reverb's rating: 1741 &rarr; <strong>1719<\/strong><br \/>(-22 for losing)
|raw|Here to Stay's rating: 1702 &rarr; <strong>1724<\/strong><br \/>(+22 for winning)
|c|âReverb|gg
|leave|MoB Barley
|c|âHere to Stay|gg
|leave|Here to Stay
|player|p2