|join|Here to Stay
|join|kullhadd hekk
|player|p1|Here to Stay|148
|player|p2|kullhadd hekk|102
|gametype|singles
|gen|6
|tier|OU
|rated
|clearpoke
|poke|p1|Hippowdon, F
|poke|p1|Aegislash, M
|poke|p1|Latios, M
|poke|p1|Scizor, F
|poke|p1|Keldeo
|poke|p1|Thundurus, M
|poke|p2|Chansey, F
|poke|p2|Skarmory, M
|poke|p2|Aegislash, M
|poke|p2|Heatran, F
|poke|p2|Venusaur, M
|poke|p2|Quagsire, M
|rule|Sleep Clause Mod: Limit one foe put to sleep
|rule|Species Clause: Limit one of each Pokemon
|rule|OHKO Clause: OHKO moves are banned
|rule|Moody Clause: Moody is banned
|rule|Evasion Moves Clause: Evasion moves are banned
|rule|Endless Battle Clause: Forcing endless battles is banned.
|rule|HP Percentage Mod: HP is reported as percentages
|teampreview
|
|start
|switch|p1a: Hippowdon|Hippowdon, F|420\/420
|switch|p2a: Venusaur|Venusaur, M|364\/364
|-weather|Sandstorm
|turn|1
|
|-formechange|p2a: Venusaur|Venusaur-Mega
|message|Venusaur has Mega Evolved into Mega Venusaur!
|move|p2a: Venusaur|Giga Drain|p1a: Hippowdon
|-supereffective|p1a: Hippowdon
|-damage|p1a: Hippowdon|250\/420
|move|p1a: Hippowdon|Stealth Rock|p2a: Venusaur
|-sidestart|p2: kullhadd hekk|move: Stealth Rock
|
|-weather|Sandstorm|[upkeep]
|-damage|p2a: Venusaur|342\/364|[from] sandstorm
|-heal|p1a: Hippowdon|276\/420|[from] item: Leftovers
|turn|2
|
|move|p2a: Venusaur|Leech Seed|p1a: Hippowdon
|-start|p1a: Hippowdon|move: Leech Seed
|move|p1a: Hippowdon|Slack Off|p1a: Hippowdon
|-heal|p1a: Hippowdon|420\/420
|
|-weather|Sandstorm|[upkeep]
|-damage|p2a: Venusaur|320\/364|[from] sandstorm
|-damage|p1a: Hippowdon|368\/420|[from] Leech Seed|[of] p2a: Venusaur
|-heal|p2a: Venusaur|364\/364|[silent]
|turn|3
|
|switch|p1a: Latios|Latios, M|301\/301
|move|p2a: Venusaur|Leech Seed|p1a: Latios
|-start|p1a: Latios|move: Leech Seed
|
|-weather|Sandstorm|[upkeep]
|-damage|p1a: Latios|283\/301|[from] sandstorm
|-damage|p2a: Venusaur|342\/364|[from] sandstorm
|-damage|p1a: Latios|246\/301|[from] Leech Seed|[of] p2a: Venusaur
|-heal|p2a: Venusaur|364\/364|[silent]
|turn|4
|
|switch|p1a: Hippowdon|Hippowdon, F|368\/420
|switch|p2a: Skarmory|Skarmory, M|327\/327
|-damage|p2a: Skarmory|287\/327|[from] Stealth Rock
|
|-weather|Sandstorm|[upkeep]
|-heal|p1a: Hippowdon|394\/420|[from] item: Leftovers
|turn|5
|
|move|p2a: Skarmory|Defog|p1a: Hippowdon
|-unboost|p1a: Hippowdon|evasion|1
|-sideend|p2: kullhadd hekk|Stealth Rock|[from] move: Defog|[of] p2a: Skarmory
|move|p1a: Hippowdon|Whirlwind|p2a: Skarmory
|drag|p2a: Chansey|Chansey, F|704\/704
|
|-weather|none
|-heal|p1a: Hippowdon|420\/420|[from] item: Leftovers
|turn|6
|
|switch|p2a: Skarmory|Skarmory, M|287\/327
|move|p1a: Hippowdon|Stealth Rock|p2a: Skarmory
|-sidestart|p2: kullhadd hekk|move: Stealth Rock
|
|turn|7
|
|move|p2a: Skarmory|Defog|p1a: Hippowdon
|-unboost|p1a: Hippowdon|evasion|1
|-sideend|p2: kullhadd hekk|Stealth Rock|[from] move: Defog|[of] p2a: Skarmory
|move|p1a: Hippowdon|Whirlwind|p2a: Skarmory
|drag|p2a: Aegislash|Aegislash, M|321\/321
|
|turn|8
|
|switch|p2a: Skarmory|Skarmory, M|287\/327
|move|p1a: Hippowdon|Stealth Rock|p2a: Skarmory
|-sidestart|p2: kullhadd hekk|move: Stealth Rock
|
|turn|9
|
|switch|p1a: Thundurus|Thundurus, M|299\/299
|move|p2a: Skarmory|Taunt|p1a: Thundurus
|-start|p1a: Thundurus|move: Taunt
|
|turn|10
|
|switch|p1a: Scizor|Scizor, F|281\/281
|switch|p2a: Quagsire|Quagsire, M|394\/394
|-damage|p2a: Quagsire|370\/394|[from] Stealth Rock
|
|-heal|p2a: Quagsire|394\/394|[from] item: Leftovers
|turn|11
|
|switch|p1a: Latios|Latios, M|246\/301
|move|p2a: Quagsire|Scald|p1a: Latios
|-resisted|p1a: Latios
|-damage|p1a: Latios|218\/301
|
|turn|12
|
|switch|p1a: Hippowdon|Hippowdon, F|420\/420
|-weather|Sandstorm
|switch|p2a: Aegislash|Aegislash, M|321\/321
|-damage|p2a: Aegislash|301\/321|[from] Stealth Rock
|
|-weather|Sandstorm|[upkeep]
|-heal|p2a: Aegislash|321\/321|[from] item: Leftovers
|turn|13
|
|switch|p2a: Skarmory|Skarmory, M|287\/327
|-damage|p2a: Skarmory|247\/327|[from] Stealth Rock
|move|p1a: Hippowdon|Whirlwind|p2a: Skarmory
|drag|p2a: Aegislash|Aegislash, M|321\/321
|-damage|p2a: Aegislash|301\/321|[from] Stealth Rock
|
|-weather|Sandstorm|[upkeep]
|-heal|p2a: Aegislash|321\/321|[from] item: Leftovers
|turn|14
|
|switch|p2a: Skarmory|Skarmory, M|247\/327
|-damage|p2a: Skarmory|207\/327|[from] Stealth Rock
|move|p1a: Hippowdon|Whirlwind|p2a: Skarmory
|drag|p2a: Quagsire|Quagsire, M|394\/394
|-damage|p2a: Quagsire|370\/394|[from] Stealth Rock
|
|-weather|Sandstorm|[upkeep]
|-heal|p2a: Quagsire|394\/394|[from] item: Leftovers
|turn|15
|
|switch|p1a: Latios|Latios, M|218\/301
|move|p2a: Quagsire|Toxic|p1a: Latios
|-status|p1a: Latios|tox
|
|-weather|Sandstorm|[upkeep]
|-damage|p1a: Latios|200\/301 tox|[from] sandstorm
|-damage|p1a: Latios|182\/301 tox|[from] psn
|turn|16
|
|switch|p1a: Hippowdon|Hippowdon, F|420\/420
|switch|p2a: Aegislash|Aegislash, M|321\/321
|-damage|p2a: Aegislash|301\/321|[from] Stealth Rock
|
|-weather|none
|-heal|p2a: Aegislash|321\/321|[from] item: Leftovers
|turn|17
|
|switch|p2a: Skarmory|Skarmory, M|207\/327
|-damage|p2a: Skarmory|167\/327|[from] Stealth Rock
|move|p1a: Hippowdon|Whirlwind|p2a: Skarmory
|drag|p2a: Heatran|Heatran, F|385\/385
|-damage|p2a: Heatran|337\/385|[from] Stealth Rock
|
|-heal|p2a: Heatran|361\/385|[from] item: Leftovers
|turn|18
|
|switch|p2a: Skarmory|Skarmory, M|167\/327
|-damage|p2a: Skarmory|127\/327|[from] Stealth Rock
|move|p1a: Hippowdon|Earthquake|p2a: Skarmory
|-immune|p2a: Skarmory|[msg]
|
|turn|19
|
|move|p2a: Skarmory|Roost|p2a: Skarmory
|-heal|p2a: Skarmory|291\/327
|move|p1a: Hippowdon|Earthquake|p2a: Skarmory
|-supereffective|p2a: Skarmory
|-damage|p2a: Skarmory|141\/327
|
|turn|20
|
|move|p2a: Skarmory|Roost|p2a: Skarmory
|-heal|p2a: Skarmory|305\/327
|move|p1a: Hippowdon|Earthquake|p2a: Skarmory
|-supereffective|p2a: Skarmory
|-damage|p2a: Skarmory|161\/327
|
|turn|21
|
|move|p2a: Skarmory|Roost|p2a: Skarmory
|-heal|p2a: Skarmory|325\/327
|move|p1a: Hippowdon|Whirlwind|p2a: Skarmory
|drag|p2a: Aegislash|Aegislash, M|321\/321
|-damage|p2a: Aegislash|301\/321|[from] Stealth Rock
|
|-heal|p2a: Aegislash|321\/321|[from] item: Leftovers
|turn|22
|
|-formechange|p2a: Aegislash|Aegislash-Blade
|move|p2a: Aegislash|Shadow Ball|p1a: Hippowdon
|-crit|p1a: Hippowdon
|-damage|p1a: Hippowdon|207\/420
|move|p1a: Hippowdon|Whirlwind|p2a: Aegislash
|drag|p2a: Chansey|Chansey, F|704\/704
|-damage|p2a: Chansey|616\/704|[from] Stealth Rock
|
|-heal|p1a: Hippowdon|233\/420|[from] item: Leftovers
|turn|23
|
|switch|p2a: Skarmory|Skarmory, M|325\/327
|-damage|p2a: Skarmory|285\/327|[from] Stealth Rock
|switch|p1a: Scizor|Scizor, F|281\/281
|
|turn|24
|
|switch|p1a: Thundurus|Thundurus, M|299\/299
|move|p2a: Skarmory|Defog|p1a: Thundurus
|-unboost|p1a: Thundurus|evasion|1
|-sideend|p2: kullhadd hekk|Stealth Rock|[from] move: Defog|[of] p2a: Skarmory
|
|turn|25
|
|switch|p2a: Venusaur|Venusaur, M|364\/364
|-formechange|p2a: Venusaur|Venusaur-Mega
|move|p1a: Thundurus|Thunderbolt|p2a: Venusaur
|-resisted|p2a: Venusaur
|-damage|p2a: Venusaur|319\/364
|
|turn|26
|
|move|p1a: Thundurus|Taunt|p2a: Venusaur
|-start|p2a: Venusaur|move: Taunt
|cant|p2a: Venusaur|move: Taunt|Leech Seed
|
|turn|27
|
|switch|p1a: Scizor|Scizor, F|281\/281
|move|p2a: Venusaur|Giga Drain|p1a: Scizor
|-resisted|p1a: Scizor
|-damage|p1a: Scizor|248\/281
|-heal|p2a: Venusaur|336\/364|[from] drain|[of] p1a: Scizor
|
|turn|28
|
|switch|p2a: Skarmory|Skarmory, M|285\/327
|-formechange|p1a: Scizor|Scizor-Mega
|message|Scizor has Mega Evolved into Mega Scizor!
|move|p1a: Scizor|Swords Dance|p1a: Scizor
|-boost|p1a: Scizor|atk|2
|
|turn|29
|
|switch|p2a: Quagsire|Quagsire, M|394\/394
|move|p1a: Scizor|Superpower|p2a: Quagsire
|-damage|p2a: Quagsire|256\/394
|-unboost|p1a: Scizor|atk|1
|-unboost|p1a: Scizor|def|1
|
|-heal|p2a: Quagsire|280\/394|[from] item: Leftovers
|turn|30
|
|move|p1a: Scizor|Superpower|p2a: Quagsire
|-damage|p2a: Quagsire|133\/394
|-unboost|p1a: Scizor|atk|1
|-unboost|p1a: Scizor|def|1
|move|p2a: Quagsire|Scald|p1a: Scizor
|-damage|p1a: Scizor|179\/281
|
|-heal|p2a: Quagsire|157\/394|[from] item: Leftovers
|turn|31
|
|switch|p1a: Aegislash|Aegislash, M|321\/321
|move|p2a: Quagsire|Recover|p2a: Quagsire
|-heal|p2a: Quagsire|354\/394
|
|-heal|p2a: Quagsire|378\/394|[from] item: Leftovers
|turn|32
|
|switch|p2a: Heatran|Heatran, F|361\/385
|-formechange|p1a: Aegislash|Aegislash-Blade
|move|p1a: Aegislash|Shadow Ball|p2a: Heatran
|-damage|p2a: Heatran|204\/385
|
|-heal|p2a: Heatran|228\/385|[from] item: Leftovers
|turn|33
|
|switch|p1a: Hippowdon|Hippowdon, F|233\/420
|-weather|Sandstorm
|move|p2a: Heatran|Stealth Rock|p1a: Hippowdon
|-sidestart|p1: Here to Stay|move: Stealth Rock
|
|-weather|Sandstorm|[upkeep]
|-heal|p2a: Heatran|252\/385|[from] item: Leftovers
|-heal|p1a: Hippowdon|259\/420|[from] item: Leftovers
|turn|34
|
|move|p2a: Heatran|Taunt|p1a: Hippowdon
|-start|p1a: Hippowdon|move: Taunt
|cant|p1a: Hippowdon|move: Taunt|Stealth Rock
|
|-weather|Sandstorm|[upkeep]
|-heal|p2a: Heatran|276\/385|[from] item: Leftovers
|-heal|p1a: Hippowdon|285\/420|[from] item: Leftovers
|turn|35
|
|switch|p2a: Skarmory|Skarmory, M|285\/327
|switch|p1a: Scizor|Scizor, F|179\/281
|-formechange|p1a: Scizor|Scizor-Mega
|-damage|p1a: Scizor|144\/281|[from] Stealth Rock
|
|-weather|Sandstorm|[upkeep]
|turn|36
|
|move|p1a: Scizor|Roost|p1a: Scizor
|-heal|p1a: Scizor|281\/281
|move|p2a: Skarmory|Taunt|p1a: Scizor
|-start|p1a: Scizor|move: Taunt
|
|-weather|Sandstorm|[upkeep]
|turn|37
|
|switch|p1a: Aegislash|Aegislash, M|321\/321
|-damage|p1a: Aegislash|301\/321|[from] Stealth Rock
|move|p2a: Skarmory|Roost|p2a: Skarmory
|-heal|p2a: Skarmory|327\/327
|
|-weather|none
|turn|38
|
|switch|p2a: Venusaur|Venusaur, M|336\/364
|-formechange|p2a: Venusaur|Venusaur-Mega
|-formechange|p1a: Aegislash|Aegislash-Blade
|move|p1a: Aegislash|Shadow Ball|p2a: Venusaur
|-damage|p2a: Venusaur|209\/364
|
|turn|39
|
|switch|p1a: Scizor|Scizor, F|281\/281
|-formechange|p1a: Scizor|Scizor-Mega
|-damage|p1a: Scizor|246\/281|[from] Stealth Rock
|move|p2a: Venusaur|Leech Seed|p1a: Scizor
|-start|p1a: Scizor|move: Leech Seed
|
|-damage|p1a: Scizor|211\/281|[from] Leech Seed|[of] p2a: Venusaur
|-heal|p2a: Venusaur|244\/364|[silent]
|turn|40
|
|switch|p1a: Latios|Latios, M|182\/301 tox
|-damage|p1a: Latios|145\/301 tox|[from] Stealth Rock
|move|p2a: Venusaur|Synthesis|p2a: Venusaur
|-heal|p2a: Venusaur|364\/364
|
|-damage|p1a: Latios|127\/301 tox|[from] psn
|turn|41
|
|switch|p2a: Aegislash|Aegislash, M|321\/321
|move|p1a: Latios|Roost|p1a: Latios
|-heal|p1a: Latios|278\/301 tox
|
|-damage|p1a: Latios|242\/301 tox|[from] psn
|turn|42
|
|switch|p1a: Scizor|Scizor, F|211\/281
|-formechange|p1a: Scizor|Scizor-Mega
|-damage|p1a: Scizor|176\/281|[from] Stealth Rock
|-formechange|p2a: Aegislash|Aegislash-Blade
|move|p2a: Aegislash|Shadow Ball|p1a: Scizor
|-damage|p1a: Scizor|5\/281
|
|turn|43
|
|switch|p1a: Hippowdon|Hippowdon, F|285\/420
|-damage|p1a: Hippowdon|259\/420|[from] Stealth Rock
|-weather|Sandstorm
|move|p2a: Aegislash|Shadow Sneak|p1a: Hippowdon
|-damage|p1a: Hippowdon|202\/420
|
|-weather|Sandstorm|[upkeep]
|-heal|p1a: Hippowdon|228\/420|[from] item: Leftovers
|turn|44
|
|switch|p2a: Venusaur|Venusaur, M|364\/364
|-formechange|p2a: Venusaur|Venusaur-Mega
|move|p1a: Hippowdon|Slack Off|p1a: Hippowdon
|-heal|p1a: Hippowdon|420\/420
|
|-weather|Sandstorm|[upkeep]
|-damage|p2a: Venusaur|342\/364|[from] sandstorm
|turn|45
|
|move|p2a: Venusaur|Leech Seed|p1a: Hippowdon
|-start|p1a: Hippowdon|move: Leech Seed
|move|p1a: Hippowdon|Stealth Rock|p2a: Venusaur
|-sidestart|p2: kullhadd hekk|move: Stealth Rock
|
|-weather|Sandstorm|[upkeep]
|-damage|p2a: Venusaur|320\/364|[from] sandstorm
|-damage|p1a: Hippowdon|368\/420|[from] Leech Seed|[of] p2a: Venusaur
|-heal|p2a: Venusaur|364\/364|[silent]
|turn|46
|
|switch|p1a: Latios|Latios, M|242\/301 tox
|-damage|p1a: Latios|205\/301 tox|[from] Stealth Rock
|move|p2a: Venusaur|Giga Drain|p1a: Latios
|-resisted|p1a: Latios
|-damage|p1a: Latios|153\/301 tox
|
|-weather|Sandstorm|[upkeep]
|-damage|p1a: Latios|135\/301 tox|[from] sandstorm
|-damage|p2a: Venusaur|342\/364|[from] sandstorm
|-damage|p1a: Latios|117\/301 tox|[from] psn
|turn|47
|
|switch|p2a: Aegislash|Aegislash, M|321\/321
|-damage|p2a: Aegislash|301\/321|[from] Stealth Rock
|move|p1a: Latios|Defog|p2a: Aegislash
|-unboost|p2a: Aegislash|evasion|1
|-sideend|p2: kullhadd hekk|Stealth Rock|[from] move: Defog|[of] p2a: Aegislash
|-sideend|p1: Here to Stay|Stealth Rock|[from] move: Defog|[of] p1a: Latios
|
|-weather|none
|-heal|p2a: Aegislash|321\/321|[from] item: Leftovers
|-damage|p1a: Latios|81\/301 tox|[from] psn
|turn|48
|
|switch|p1a: Hippowdon|Hippowdon, F|368\/420
|-weather|Sandstorm
|-formechange|p2a: Aegislash|Aegislash-Blade
|move|p2a: Aegislash|Shadow Ball|p1a: Hippowdon
|-damage|p1a: Hippowdon|226\/420
|
|-weather|Sandstorm|[upkeep]
|-heal|p1a: Hippowdon|252\/420|[from] item: Leftovers
|turn|49
|
|switch|p2a: Skarmory|Skarmory, M|327\/327
|move|p1a: Hippowdon|Stealth Rock|p2a: Skarmory
|-sidestart|p2: kullhadd hekk|move: Stealth Rock
|
|-weather|Sandstorm|[upkeep]
|-heal|p1a: Hippowdon|278\/420|[from] item: Leftovers
|turn|50
|
|move|p2a: Skarmory|Taunt|p1a: Hippowdon
|-start|p1a: Hippowdon|move: Taunt
|cant|p1a: Hippowdon|move: Taunt|Whirlwind
|
|-weather|Sandstorm|[upkeep]
|-heal|p1a: Hippowdon|304\/420|[from] item: Leftovers
|turn|51
|
|switch|p1a: Scizor|Scizor, F|5\/281
|-formechange|p1a: Scizor|Scizor-Mega
|move|p2a: Skarmory|Defog|p1a: Scizor
|-unboost|p1a: Scizor|evasion|1
|-sideend|p2: kullhadd hekk|Stealth Rock|[from] move: Defog|[of] p2a: Skarmory
|
|-weather|Sandstorm|[upkeep]
|turn|52
|
|move|p1a: Scizor|Roost|p1a: Scizor
|-heal|p1a: Scizor|146\/281
|move|p2a: Skarmory|Taunt|p1a: Scizor
|-start|p1a: Scizor|move: Taunt
|
|-weather|none
|turn|53
|
|switch|p1a: Aegislash|Aegislash, M|301\/321
|move|p2a: Skarmory|Brave Bird|p1a: Aegislash
|-resisted|p1a: Aegislash
|-damage|p1a: Aegislash|259\/321
|-damage|p2a: Skarmory|313\/327|[from] recoil|[of] p1a: Aegislash
|
|turn|54
|
|switch|p2a: Venusaur|Venusaur, M|342\/364
|-formechange|p2a: Venusaur|Venusaur-Mega
|-formechange|p1a: Aegislash|Aegislash-Blade
|move|p1a: Aegislash|Shadow Ball|p2a: Venusaur
|-damage|p2a: Venusaur|213\/364
|
|turn|55
|
|switch|p1a: Scizor|Scizor, F|146\/281
|-formechange|p1a: Scizor|Scizor-Mega
|move|p2a: Venusaur|Leech Seed|p1a: Scizor
|-start|p1a: Scizor|move: Leech Seed
|
|-damage|p1a: Scizor|111\/281|[from] Leech Seed|[of] p2a: Venusaur
|-heal|p2a: Venusaur|248\/364|[silent]
|turn|56
|
|switch|p2a: Heatran|Heatran, F|276\/385
|move|p1a: Scizor|Roost|p1a: Scizor
|-heal|p1a: Scizor|252\/281
|
|-heal|p2a: Heatran|300\/385|[from] item: Leftovers
|-damage|p1a: Scizor|217\/281|[from] Leech Seed|[of] p2a: Heatran
|-heal|p2a: Heatran|335\/385|[silent]
|turn|57
|
|switch|p2a: Skarmory|Skarmory, M|313\/327
|move|p1a: Scizor|Superpower|p2a: Skarmory
|-damage|p2a: Skarmory|207\/327
|-damage|p1a: Scizor|171\/281|[from] item: Rocky Helmet|[of] p2a: Skarmory
|-unboost|p1a: Scizor|atk|1
|-unboost|p1a: Scizor|def|1
|
|-damage|p1a: Scizor|136\/281|[from] Leech Seed|[of] p2a: Skarmory
|-heal|p2a: Skarmory|242\/327|[silent]
|turn|58
|
|switch|p1a: Thundurus|Thundurus, M|299\/299
|switch|p2a: Venusaur|Venusaur, M|248\/364
|-formechange|p2a: Venusaur|Venusaur-Mega
|
|turn|59
|
|move|p1a: Thundurus|Taunt|p2a: Venusaur
|-start|p2a: Venusaur|move: Taunt
|move|p2a: Venusaur|Sludge Bomb|p1a: Thundurus
|-damage|p1a: Thundurus|149\/299
|
|-heal|p1a: Thundurus|167\/299|[from] item: Leftovers
|turn|60
|
|switch|p2a: Heatran|Heatran, F|335\/385
|move|p1a: Thundurus|Hidden Power|p2a: Heatran
|-resisted|p2a: Heatran
|-damage|p2a: Heatran|324\/385
|
|-heal|p1a: Thundurus|185\/299|[from] item: Leftovers
|-heal|p2a: Heatran|348\/385|[from] item: Leftovers
|turn|61
|
|move|p1a: Thundurus|Focus Blast|p2a: Heatran
|-supereffective|p2a: Heatran
|-damage|p2a: Heatran|172\/385
|move|p2a: Heatran|Lava Plume|p1a: Thundurus
|-damage|p1a: Thundurus|37\/299
|
|-heal|p1a: Thundurus|55\/299|[from] item: Leftovers
|-heal|p2a: Heatran|196\/385|[from] item: Leftovers
|turn|62
|
|switch|p1a: Keldeo|Keldeo|323\/323
|switch|p2a: Chansey|Chansey, F|616\/704
|
|turn|63
|
|switch|p1a: Hippowdon|Hippowdon, F|304\/420
|-weather|Sandstorm
|switch|p2a: Venusaur|Venusaur, M|248\/364
|-formechange|p2a: Venusaur|Venusaur-Mega
|
|-weather|Sandstorm|[upkeep]
|-damage|p2a: Venusaur|226\/364|[from] sandstorm
|-heal|p1a: Hippowdon|330\/420|[from] item: Leftovers
|turn|64
|
|move|p2a: Venusaur|Giga Drain|p1a: Hippowdon
|-supereffective|p1a: Hippowdon
|-damage|p1a: Hippowdon|150\/420
|-heal|p2a: Venusaur|316\/364|[from] drain|[of] p1a: Hippowdon
|move|p1a: Hippowdon|Stealth Rock|p2a: Venusaur
|-sidestart|p2: kullhadd hekk|move: Stealth Rock
|
|-weather|Sandstorm|[upkeep]
|-damage|p2a: Venusaur|294\/364|[from] sandstorm
|-heal|p1a: Hippowdon|176\/420|[from] item: Leftovers
|turn|65
|
|switch|p1a: Scizor|Scizor, F|136\/281
|-formechange|p1a: Scizor|Scizor-Mega
|move|p2a: Venusaur|Giga Drain|p1a: Scizor
|-resisted|p1a: Scizor
|-damage|p1a: Scizor|111\/281
|-heal|p2a: Venusaur|307\/364|[from] drain|[of] p1a: Scizor
|
|-weather|Sandstorm|[upkeep]
|-damage|p2a: Venusaur|285\/364|[from] sandstorm
|turn|66
|
|move|p1a: Scizor|Roost|p1a: Scizor
|-heal|p1a: Scizor|252\/281
|move|p2a: Venusaur|Leech Seed|p1a: Scizor
|-start|p1a: Scizor|move: Leech Seed
|
|-weather|Sandstorm|[upkeep]
|-damage|p2a: Venusaur|263\/364|[from] sandstorm
|-damage|p1a: Scizor|217\/281|[from] Leech Seed|[of] p2a: Venusaur
|-heal|p2a: Venusaur|298\/364|[silent]
|turn|67
|
|switch|p1a: Hippowdon|Hippowdon, F|176\/420
|move|p2a: Venusaur|Giga Drain|p1a: Hippowdon
|-supereffective|p1a: Hippowdon
|-damage|p1a: Hippowdon|0 fnt
|-heal|p2a: Venusaur|364\/364|[from] drain|[of] p1a: Hippowdon
|faint|p1a: Hippowdon
|
|-weather|none
|chat|kullhadd hekk|gottem
|
|switch|p1a: Latios|Latios, M|81\/301 tox
|turn|68
|
|switch|p1a: Keldeo|Keldeo|323\/323
|switch|p2a: Aegislash|Aegislash, M|321\/321
|-damage|p2a: Aegislash|301\/321|[from] Stealth Rock
|
|-heal|p2a: Aegislash|321\/321|[from] item: Leftovers
|turn|69
|
|move|p1a: Keldeo|Calm Mind|p1a: Keldeo
|-boost|p1a: Keldeo|spa|1
|-boost|p1a: Keldeo|spd|1
|-formechange|p2a: Aegislash|Aegislash-Blade
|move|p2a: Aegislash|Shadow Ball|p1a: Keldeo
|-damage|p1a: Keldeo|196\/323
|-unboost|p1a: Keldeo|spd|1
|
|turn|70
|
|switch|p2a: Venusaur|Venusaur, M|364\/364
|-formechange|p2a: Venusaur|Venusaur-Mega
|-damage|p2a: Venusaur|319\/364|[from] Stealth Rock
|move|p1a: Keldeo|Calm Mind|p1a: Keldeo
|-boost|p1a: Keldeo|spa|1
|-boost|p1a: Keldeo|spd|1
|
|turn|71
|
|move|p1a: Keldeo|Hydro Pump|p2a: Venusaur
|-resisted|p2a: Venusaur
|-damage|p2a: Venusaur|149\/364
|-damage|p1a: Keldeo|164\/323|[from] item: Life Orb
|move|p2a: Venusaur|Giga Drain|p1a: Keldeo
|-supereffective|p1a: Keldeo
|-damage|p1a: Keldeo|20\/323
|-heal|p2a: Venusaur|221\/364|[from] drain|[of] p1a: Keldeo
|
|turn|72
|
|move|p1a: Keldeo|Hydro Pump|p2a: Venusaur|[miss]
|-miss|p1a: Keldeo|p2a: Venusaur
|move|p2a: Venusaur|Synthesis|p2a: Venusaur
|-heal|p2a: Venusaur|364\/364
|
|turn|73
|
|move|p1a: Keldeo|Secret Sword|p2a: Venusaur
|-resisted|p2a: Venusaur
|-damage|p2a: Venusaur|202\/364
|-damage|p1a: Keldeo|0 fnt|[from] item: Life Orb
|faint|p1a: Keldeo
|move|p2a: Venusaur|Giga Drain|p1: Keldeo|[notarget]
|-notarget
|
|chat|Here to Stay|gg
|chat|kullhadd hekk|gg
|chat|Here to Stay|teams not made to beat stall
|chat|Here to Stay|one small change :)
|-message|Here to Stay forfeited.
|
|win|kullhadd hekk
|raw|Ladder updating...
|leave|Here to Stay
|player|p1
|raw|Here to Stay's rating: 1925 &rarr; <strong>1891<\/strong><br \/>(-34 for losing)
|raw|kullhadd hekk's rating: 1626 &rarr; <strong>1660<\/strong><br \/>(+34 for winning)