|join|Here to Stay
|join|Miles Tails
|player|p1|Here to Stay|148
|player|p2|Miles Tails|265
|gametype|singles
|gen|6
|tier|OU
|rated
|clearpoke
|poke|p1|Landorus, M
|poke|p1|Lucario, F
|poke|p1|Bisharp, F
|poke|p1|Deoxys-Speed
|poke|p1|Thundurus, M
|poke|p1|Garchomp, M
|poke|p2|Deoxys-Defense
|poke|p2|Tyranitar, M
|poke|p2|Thundurus, M
|poke|p2|Aegislash, M
|poke|p2|Conkeldurr, M
|poke|p2|Keldeo-Resolute
|rule|Sleep Clause Mod: Limit one foe put to sleep
|rule|Species Clause: Limit one of each Pokemon
|rule|OHKO Clause: OHKO moves are banned
|rule|Moody Clause: Moody is banned
|rule|Evasion Moves Clause: Evasion moves are banned
|rule|Endless Battle Clause: Forcing endless battles is banned.
|rule|HP Percentage Mod: HP is reported as percentages
|teampreview
|
|start
|switch|p1a: Bisharp|Bisharp, F|271\/271
|switch|p2a: Tyranitar|Tyranitar, M|341\/341
|-weather|Sandstorm
|turn|1
|
|-formechange|p2a: Tyranitar|Tyranitar-Mega
|message|Tyranitar has Mega Evolved into Mega Tyranitar!
|move|p2a: Tyranitar|Earthquake|p1a: Bisharp
|-supereffective|p1a: Bisharp
|-damage|p1a: Bisharp|0 fnt
|faint|p1a: Bisharp
|
|-weather|Sandstorm|[upkeep]
|
|switch|p1a: Lucario|Lucario, F|281\/281
|turn|2
|
|-formechange|p1a: Lucario|Lucario-Mega
|message|Lucario has Mega Evolved into Mega Lucario!
|move|p1a: Lucario|Swords Dance|p1a: Lucario
|-boost|p1a: Lucario|atk|2
|move|p2a: Tyranitar|Earthquake|p1a: Lucario
|-supereffective|p1a: Lucario
|-damage|p1a: Lucario|0 fnt
|faint|p1a: Lucario
|
|-weather|Sandstorm|[upkeep]
|chat|Here to Stay|haha
|chat|Here to Stay|well
|chat|Here to Stay|gg me
|
|switch|p1a: Landorus|Landorus, M|320\/320
|turn|3
|chat|Miles Tails|gg
|
|switch|p2a: Thundurus|Thundurus, M|298\/298
|move|p1a: Landorus|Focus Blast|p2a: Thundurus
|-crit|p2a: Thundurus
|-resisted|p2a: Thundurus
|-damage|p2a: Thundurus|116\/298
|
|-weather|Sandstorm|[upkeep]
|-damage|p2a: Thundurus|98\/298|[from] sandstorm
|-heal|p2a: Thundurus|116\/298|[from] item: Leftovers
|turn|4
|
|switch|p1a: Deoxys-Speed|Deoxys-Speed|241\/241
|-ability|p1a: Deoxys-Speed|Pressure
|move|p2a: Thundurus|Hidden Power|p1a: Deoxys-Speed
|-damage|p1a: Deoxys-Speed|135\/241
|
|-weather|Sandstorm|[upkeep]
|-damage|p1a: Deoxys-Speed|120\/241|[from] sandstorm
|-damage|p2a: Thundurus|98\/298|[from] sandstorm
|-heal|p2a: Thundurus|116\/298|[from] item: Leftovers
|turn|5
|
|move|p1a: Deoxys-Speed|Stealth Rock|p2a: Thundurus
|-sidestart|p2: Miles Tails|move: Stealth Rock
|move|p2a: Thundurus|Thunderbolt|p1a: Deoxys-Speed
|-damage|p1a: Deoxys-Speed|0 fnt
|faint|p1a: Deoxys-Speed
|
|-weather|none
|-heal|p2a: Thundurus|134\/298|[from] item: Leftovers
|
|switch|p1a: Thundurus|Thundurus, M|300\/300
|turn|6
|
|move|p2a: Thundurus|Thunderbolt|p1a: Thundurus
|-damage|p1a: Thundurus|101\/300
|move|p1a: Thundurus|Thunderbolt|p2a: Thundurus
|-damage|p2a: Thundurus|0 fnt
|faint|p2a: Thundurus
|
|-heal|p1a: Thundurus|119\/300|[from] item: Leftovers
|
|switch|p2a: Conkeldurr|Conkeldurr, M|414\/414
|-damage|p2a: Conkeldurr|389\/414|[from] Stealth Rock
|turn|7
|
|move|p1a: Thundurus|Thunderbolt|p2a: Conkeldurr
|-damage|p2a: Conkeldurr|251\/414
|move|p2a: Conkeldurr|Ice Punch|p1a: Thundurus
|-supereffective|p1a: Thundurus
|-damage|p1a: Thundurus|0 fnt
|faint|p1a: Thundurus
|
|
|switch|p1a: Landorus|Landorus, M|320\/320
|turn|8
|
|move|p1a: Landorus|Psychic|p2a: Conkeldurr
|-supereffective|p2a: Conkeldurr
|-damage|p2a: Conkeldurr|0 fnt
|faint|p2a: Conkeldurr
|
|
|switch|p2a: Keldeo-Resolute|Keldeo-Resolute|323\/323
|-damage|p2a: Keldeo-Resolute|303\/323|[from] Stealth Rock
|turn|9
|
|move|p2a: Keldeo-Resolute|Surf|p1a: Landorus
|-supereffective|p1a: Landorus
|-damage|p1a: Landorus|0 fnt
|faint|p1a: Landorus
|
|
|switch|p1a: Garchomp|Garchomp, M|358\/358
|turn|10
|
|switch|p2a: Deoxys-Defense|Deoxys-Defense|304\/304
|-damage|p2a: Deoxys-Defense|266\/304|[from] Stealth Rock
|-ability|p2a: Deoxys-Defense|Pressure
|move|p1a: Garchomp|Earthquake|p2a: Deoxys-Defense
|-damage|p2a: Deoxys-Defense|151\/304
|
|turn|11
|
|move|p1a: Garchomp|Earthquake|p2a: Deoxys-Defense
|-damage|p2a: Deoxys-Defense|39\/304
|move|p2a: Deoxys-Defense|Taunt|p1a: Garchomp
|-start|p1a: Garchomp|move: Taunt
|
|turn|12
|
|move|p1a: Garchomp|Earthquake|p2a: Deoxys-Defense
|-damage|p2a: Deoxys-Defense|0 fnt
|faint|p2a: Deoxys-Defense
|
|
|switch|p2a: Tyranitar|Tyranitar, M|341\/341
|-formechange|p2a: Tyranitar|Tyranitar-Mega
|-damage|p2a: Tyranitar|299\/341|[from] Stealth Rock
|-weather|Sandstorm
|turn|13
|
|move|p1a: Garchomp|Earthquake|p2a: Tyranitar
|-supereffective|p2a: Tyranitar
|-damage|p2a: Tyranitar|41\/341
|move|p2a: Tyranitar|Crunch|p1a: Garchomp
|-damage|p1a: Garchomp|192\/358
|-damage|p2a: Tyranitar|0 fnt|[from] ability: Rough Skin|[of] p1a: Garchomp
|faint|p2a: Tyranitar
|
|-weather|Sandstorm|[upkeep]
|
|switch|p2a: Keldeo-Resolute|Keldeo-Resolute|303\/323
|-damage|p2a: Keldeo-Resolute|283\/323|[from] Stealth Rock
|turn|14
|
|move|p1a: Garchomp|Earthquake|p2a: Keldeo-Resolute
|-damage|p2a: Keldeo-Resolute|82\/323
|move|p2a: Keldeo-Resolute|Surf|p1a: Garchomp
|-damage|p1a: Garchomp|0 fnt
|faint|p1a: Garchomp
|
|win|Miles Tails
|raw|Ladder updating...
|leave|Here to Stay
|player|p1
|raw|Here to Stay's rating: 1929 &rarr; <strong>1897<\/strong><br \/>(-32 for losing)
|raw|Miles Tails's rating: 1685 &rarr; <strong>1717<\/strong><br \/>(+32 for winning)