|join|Here to Stay
|join|Big Andrew
|player|p1|Here to Stay|101
|player|p2|Big Andrew|265
|gametype|singles
|gen|6
|tier|OU (suspect test)
|rated
|clearpoke
|poke|p1|Smeargle, F
|poke|p1|Espeon, M
|poke|p1|Azelf
|poke|p1|Clefable, F
|poke|p1|Whimsicott, F
|poke|p1|Tyranitar, F
|poke|p2|Charizard, F, shiny
|poke|p2|Bisharp, F
|poke|p2|Thundurus, M
|poke|p2|Azumarill, F, shiny
|poke|p2|Landorus-Therian, M
|poke|p2|Latias, F, shiny
|rule|Swagger Clause: Swagger is banned
|rule|Baton Pass Clause: Limit one PokÃ©mon knowing Baton Pass
|rule|Sleep Clause Mod: Limit one foe put to sleep
|rule|Species Clause: Limit one of each PokÃ©mon
|rule|OHKO Clause: OHKO moves are banned
|rule|Moody Clause: Moody is banned
|rule|Evasion Moves Clause: Evasion moves are banned
|rule|Endless Battle Clause: Forcing endless battles is banned
|rule|HP Percentage Mod: HP is shown in percentages
|teampreview
|c|âBig Andrew|noy u
|
|start
|switch|p1a: Azelf|Azelf|354\/354
|switch|p2a: Bisharp|Bisharp, F|271\/271
|turn|1
|
|move|p1a: Azelf|Reflect|p1a: Azelf
|-sidestart|p1: Here to Stay|Reflect
|move|p2a: Bisharp|Swords Dance|p2a: Bisharp
|-boost|p2a: Bisharp|atk|2
|
|turn|2
|
|move|p1a: Azelf|Taunt|p2a: Bisharp
|-start|p2a: Bisharp|move: Taunt
|cant|p2a: Bisharp|move: Taunt|Swords Dance
|
|turn|3
|c|âBig Andrew|die
|
|move|p1a: Azelf|Explosion|p2a: Bisharp
|-resisted|p2a: Bisharp
|-damage|p2a: Bisharp|144\/271
|faint|p1a: Azelf
|move|p2a: Bisharp|Knock Off|p1: Azelf|[notarget]
|-notarget
|
|
|switch|p1a: Smeargle|Smeargle, F|314\/314
|turn|4
|
|switch|p1a: Whimsicott|Whimsicott, F|324\/324
|switch|p2a: Charizard|Charizard, F, shiny|297\/297
|
|turn|5
|
|detailschange|p2a: Charizard|Charizard-Mega-Y, F, shiny
|-mega|p2a: Charizard|Charizard|Charizardite Y
|-weather|SunnyDay
|move|p1a: Whimsicott|Light Screen|p1a: Whimsicott
|-sidestart|p1: Here to Stay|move: Light Screen
|move|p2a: Charizard|Fire Blast|p1a: Whimsicott
|-supereffective|p1a: Whimsicott
|-damage|p1a: Whimsicott|0 fnt
|faint|p1a: Whimsicott
|
|-weather|SunnyDay|[upkeep]
|c|âBig Andrew|ill roast u
|
|switch|p1a: Smeargle|Smeargle, F|314\/314
|turn|6
|
|switch|p1a: Tyranitar|Tyranitar, F|341\/341
|-weather|Sandstorm
|move|p2a: Charizard|Fire Blast|p1a: Tyranitar
|-resisted|p1a: Tyranitar
|-damage|p1a: Tyranitar|304\/341
|
|-weather|Sandstorm|[upkeep]
|-damage|p2a: Charizard|279\/297|[from] sandstorm
|turn|7
|
|switch|p2a: Thundurus|Thundurus, M|299\/299
|detailschange|p1a: Tyranitar|Tyranitar-Mega, F
|-mega|p1a: Tyranitar|Tyranitar|Tyranitarite
|move|p1a: Tyranitar|Ice Punch|p2a: Thundurus
|-crit|p2a: Thundurus
|-supereffective|p2a: Thundurus
|-damage|p2a: Thundurus|0 fnt
|faint|p2a: Thundurus
|
|-weather|Sandstorm|[upkeep]
|
|switch|p2a: Azumarill|Azumarill, F, shiny|401\/401
|turn|8
|
|move|p1a: Tyranitar|Pursuit|p2a: Azumarill
|-resisted|p2a: Azumarill
|-damage|p2a: Azumarill|346\/401
|move|p2a: Azumarill|Superpower|p1a: Tyranitar
|-supereffective|p1a: Tyranitar
|-damage|p1a: Tyranitar|52\/341
|-unboost|p2a: Azumarill|atk|1
|-unboost|p2a: Azumarill|def|1
|
|-weather|Sandstorm|[upkeep]
|-damage|p2a: Azumarill|321\/401|[from] sandstorm
|-sideend|p1: Here to Stay|Reflect
|turn|9
|
|move|p1a: Tyranitar|Pursuit|p2a: Azumarill|[from]Pursuit
|-resisted|p2a: Azumarill
|-damage|p2a: Azumarill|141\/401
|switch|p2a: Landorus-Therian|Landorus-Therian, M|381\/381
|-ability|p2a: Landorus-Therian|Intimidate|[of] p1a: Tyranitar
|-unboost|p1a: Tyranitar|atk|1
|
|-weather|Sandstorm|[upkeep]
|turn|10
|
|move|p1a: Tyranitar|Pursuit|p2a: Landorus-Therian
|-damage|p2a: Landorus-Therian|333\/381
|move|p2a: Landorus-Therian|Earthquake|p1a: Tyranitar
|-supereffective|p1a: Tyranitar
|-damage|p1a: Tyranitar|0 fnt
|faint|p1a: Tyranitar
|
|-weather|none
|-heal|p2a: Landorus-Therian|356\/381|[from] item: Leftovers
|
|switch|p1a: Smeargle|Smeargle, F|314\/314
|turn|11
|
|move|p1a: Smeargle|Cotton Guard|p1a: Smeargle
|-boost|p1a: Smeargle|def|3
|move|p2a: Landorus-Therian|Earthquake|p1a: Smeargle
|-damage|p1a: Smeargle|178\/314
|
|-heal|p2a: Landorus-Therian|379\/381|[from] item: Leftovers
|turn|12
|
|move|p1a: Smeargle|Geomancy|p1a: Smeargle|[still]
|-prepare|p1a: Smeargle|Geomancy|p1a: Smeargle
|-enditem|p1a: Smeargle|Power Herb
|-anim|p1a: Smeargle|Geomancy|p1a: Smeargle
|-boost|p1a: Smeargle|spa|2
|-boost|p1a: Smeargle|spd|2
|-boost|p1a: Smeargle|spe|2
|move|p2a: Landorus-Therian|Earthquake|p1a: Smeargle
|-damage|p1a: Smeargle|45\/314
|
|-heal|p2a: Landorus-Therian|381\/381|[from] item: Leftovers
|-sideend|p1: Here to Stay|move: Light Screen
|turn|13
|
|move|p1a: Smeargle|Baton Pass|p1a: Smeargle
|
|switch|p1a: Espeon|Espeon, M|334\/334
|move|p2a: Landorus-Therian|U-turn|p1a: Espeon
|-supereffective|p1a: Espeon
|-damage|p1a: Espeon|268\/334
|
|switch|p2a: Latias|Latias, F, shiny|319\/319
|
|-heal|p1a: Espeon|288\/334|[from] item: Leftovers
|turn|14
|
|move|p1a: Espeon|Substitute|p1a: Espeon
|-start|p1a: Espeon|Substitute
|-damage|p1a: Espeon|205\/334
|move|p2a: Latias|Draco Meteor|p1a: Espeon|[miss]
|-miss|p2a: Latias|p1a: Espeon
|
|-heal|p1a: Espeon|225\/334|[from] item: Leftovers
|turn|15
|
|move|p1a: Espeon|Dazzling Gleam|p2a: Latias
|-supereffective|p2a: Latias
|-damage|p2a: Latias|75\/319
|move|p2a: Latias|Draco Meteor|p1a: Espeon
|-crit|p1a: Espeon
|-end|p1a: Espeon|Substitute
|-unboost|p2a: Latias|spa|2
|-damage|p2a: Latias|44\/319|[from] item: Life Orb
|
|-heal|p1a: Espeon|245\/334|[from] item: Leftovers
|turn|16
|
|move|p1a: Espeon|Substitute|p1a: Espeon
|-start|p1a: Espeon|Substitute
|-damage|p1a: Espeon|162\/334
|move|p2a: Latias|Draco Meteor|p1a: Espeon
|-activate|p1a: Espeon|Substitute|[damage]
|-unboost|p2a: Latias|spa|2
|-damage|p2a: Latias|13\/319|[from] item: Life Orb
|
|-heal|p1a: Espeon|182\/334|[from] item: Leftovers
|turn|17
|
|move|p1a: Espeon|Dazzling Gleam|p2a: Latias
|-supereffective|p2a: Latias
|-damage|p2a: Latias|0 fnt
|faint|p2a: Latias
|
|-heal|p1a: Espeon|202\/334|[from] item: Leftovers
|
|switch|p2a: Landorus-Therian|Landorus-Therian, M|381\/381
|-activate|p1a: Espeon|Substitute|ability: Intimidate|[of] p2a: Landorus-Therian
|turn|18
|
|move|p1a: Espeon|Stored Power|p2a: Landorus-Therian
|-damage|p2a: Landorus-Therian|0 fnt
|faint|p2a: Landorus-Therian
|
|-heal|p1a: Espeon|222\/334|[from] item: Leftovers
|
|switch|p2a: Bisharp|Bisharp, F|144\/271
|turn|19
|
|move|p2a: Bisharp|Sucker Punch|p1a: Espeon
|-supereffective|p1a: Espeon
|-end|p1a: Espeon|Substitute
|-damage|p2a: Bisharp|117\/271|[from] item: Life Orb
|move|p1a: Espeon|Dazzling Gleam|p2a: Bisharp
|-damage|p2a: Bisharp|0 fnt
|faint|p2a: Bisharp
|
|-heal|p1a: Espeon|242\/334|[from] item: Leftovers
|join|Jamel
|join|DOOOOOOOOMM
|
|switch|p2a: Azumarill|Azumarill, F, shiny|141\/401
|turn|20
|join|WildcatForever
|join|Xeratech
|join|Opium Eyes
|
|move|p2a: Azumarill|Aqua Jet|p1a: Espeon
|-damage|p1a: Espeon|205\/334
|move|p1a: Espeon|Stored Power|p2a: Azumarill
|-damage|p2a: Azumarill|0 fnt
|faint|p2a: Azumarill
|
|-heal|p1a: Espeon|225\/334|[from] item: Leftovers
|join|Shots Are Fired
|
|switch|p2a: Charizard|Charizard-Mega-Y, F, shiny|279\/297
|-weather|SunnyDay
|turn|21
|join|TyranitarTerror
|
|move|p1a: Espeon|Stored Power|p2a: Charizard
|-damage|p2a: Charizard|0 fnt
|faint|p2a: Charizard
|
|win|Here to Stay
|raw|Ladder updating...
|raw|Here to Stay's rating: 1378 &rarr; <strong>1393<\/strong><br \/>(+15 for winning)
|raw|Big Andrew's rating: 1291 &rarr; <strong>1272<\/strong><br \/>(-19 for losing)
|leave|Here to Stay
|c| Shots Are Fired|wasn't this already banned
|c| Shots Are Fired|lol
|leave|Jamel
|player|p1
|join|ItsPoopyTime
|leave|WildcatForever
|leave|Shots Are Fired
|c|âBig Andrew|it was limited
|leave|DOOOOOOOOMM
|leave|TyranitarTerror
|leave|Big Andrew
|player|p2
|leave|Opium Eyes
|join|prodigal stunna
|leave|Xeratech
|leave|ItsPoopyTime
|join|ItsPoopyTime