|join|gbhg
|join|Invok3r
|player|p1|gbhg|101
|player|p2|Invok3r|250
|gametype|singles
|gen|6
|tier|OU
|clearpoke
|poke|p1|Beedrill, M
|poke|p1|Latios, M
|poke|p1|Magnezone
|poke|p1|Landorus-Therian, M
|poke|p1|Talonflame, F
|poke|p1|Bisharp, M
|poke|p2|Swampert, F
|poke|p2|Chansey, F, shiny
|poke|p2|Cresselia, F
|poke|p2|Tentacruel, M
|poke|p2|Clefable, M
|poke|p2|Volcarona, M
|rule|Swagger Clause: Swagger is banned
|rule|Baton Pass Clause: Limit one PokÃ©mon knowing Baton Pass
|rule|Sleep Clause Mod: Limit one foe put to sleep
|rule|Species Clause: Limit one of each PokÃ©mon
|rule|OHKO Clause: OHKO moves are banned
|rule|Moody Clause: Moody is banned
|rule|Evasion Moves Clause: Evasion moves are banned
|rule|Endless Battle Clause: Forcing endless battles is banned
|rule|HP Percentage Mod: HP is shown in percentages
|teampreview
|join|RaikoTheSaikou
|join|Too much swog
Invok3r made this room private.
|c|âgbhg|what
|c|âInvok3r|lets go bitch
|c|âgbhg|take that off
|
|start
|switch|p1a: Beedrill|Beedrill, M|271\/271
|switch|p2a: Volcarona|Volcarona, M|373\/373
|turn|1
|c|âInvok3r|u-turn
|c|âInvok3r|and get burnt
|
|switch|p1a: Talonflame|Talonflame, F|335\/335
|move|p2a: Volcarona|Fiery Dance|p1a: Talonflame
|-resisted|p1a: Talonflame
|-damage|p1a: Talonflame|269\/335
|
|-heal|p1a: Talonflame|289\/335|[from] item: Leftovers
|turn|2
|c| RaikoTheSaikou|based "god"fish is telling you to add him to the room
|
|switch|p1a: Beedrill|Beedrill, M|271\/271
|switch|p2a: Swampert|Swampert, F|404\/404
|
|turn|3
|c| Too much swog|plays
|c|âInvok3r|how do you make it unprivate
|
|detailschange|p1a: Beedrill|Beedrill-Mega, M
|message|Beedrill has Mega Evolved into Mega Beedrill!
|detailschange|p2a: Swampert|Swampert-Mega, F
|message|Swampert has Mega Evolved into Mega Swampert!
|move|p1a: Beedrill|U-turn|p2a: Swampert
|-damage|p2a: Swampert|276\/404
|c| RaikoTheSaikou|idk
|c|âgbhg|damn
|c|âgbhg|thats power
|
|switch|p1a: Latios|Latios, M|301\/301
|move|p2a: Swampert|Scald|p1a: Latios
|-resisted|p1a: Latios
|-damage|p1a: Latios|256\/301
|
|turn|4
|c| Too much swog|do \/private again
|
|switch|p1a: Bisharp|Bisharp, M|271\/271
|switch|p2a: Chansey|Chansey, F, shiny|704\/704
|
|turn|5
|c|âInvok3r|didnt wurk
|c| Too much swog|PLAYS
|c|âgbhg|ez
|
|switch|p2a: Volcarona|Volcarona, M|373\/373
|move|p1a: Bisharp|Swords Dance|p1a: Bisharp
|-boost|p1a: Bisharp|atk|2
|
|turn|6
|
|move|p1a: Bisharp|Sucker Punch|p2a: Volcarona
|-damage|p2a: Volcarona|31\/373
|-status|p1a: Bisharp|brn
|move|p2a: Volcarona|Fiery Dance|p1a: Bisharp
|-crit|p1a: Bisharp
|-supereffective|p1a: Bisharp
|-damage|p1a: Bisharp|0 fnt
|faint|p1a: Bisharp
|
|-heal|p2a: Volcarona|54\/373|[from] item: Leftovers
|c| Too much swog|wow
|c|âInvok3r|plays
|c| Too much swog|weak
|c|âgbhg|what
|c|âInvok3r|they call me teh volc
|c|âInvok3r|max def bitch
|c| Too much swog|wow
|c|âgbhg|what
|c| Too much swog|lmao
|c|âgbhg|who runs that
|c|âInvok3r|they call me innovoker
|c| Too much swog|lmao
|c| Too much swog|should have got rocks up and won the game
|c|âInvok3r|https:\/\/www.youtube.com\/watch?v=DhIcLyscblE
|c|âgbhg|im gonna go cry now
|c| Too much swog|too late
|c| RaikoTheSaikou|innovoker XD
|
|switch|p1a: Beedrill|Beedrill-Mega, M|271\/271
|turn|7
|c| RaikoTheSaikou|too damn good lol
|c|âInvok3r|get burnt
|c|âInvok3r|rofl
|
|move|p1a: Beedrill|Drill Run|p2a: Volcarona
|-damage|p2a: Volcarona|0 fnt
|faint|p2a: Volcarona
|
|c|âInvok3r|NUUUUUU
|c|âgbhg|im 2 scared
|
|switch|p2a: Chansey|Chansey, F, shiny|704\/704
|turn|8
|c|âgbhg|of burn
|c|âInvok3r|drill run makes contact
|c|âgbhg|give me that
|c|âgbhg|item
|c| Too much swog|chansey the counter
|c|âInvok3r|!dt drill run
|c|~|\/data-move Drill Run
|raw|<font size="1"><font color=#585858>Priority:<\/font> 0&nbsp;|&ThickSpace;<font color=#585858><font color=black>&#10003; Contact<\/font><\/font>&nbsp;|&ThickSpace;<font color=#585858><font color=black>&#10003; Blocked by Protect<\/font><\/font>&nbsp;|&ThickSpace;<font color=#585858>Target:<\/font> One Adjacent Pokemon<\/font>
|c|âInvok3r|see
|
|move|p1a: Beedrill|Knock Off|p2a: Chansey
|-damage|p2a: Chansey|528\/704
|-enditem|p2a: Chansey|Eviolite|[from] move: Knock Off|[of] p1a: Beedrill
|move|p2a: Chansey|Stealth Rock|p1a: Beedrill
|-sidestart|p1: gbhg|move: Stealth Rock
|
|turn|9
|c|âInvok3r|y knock off
|c|âInvok3r|lmao
|c|âgbhg|for this shit
|
|move|p1a: Beedrill|U-turn|p2a: Chansey
|-damage|p2a: Chansey|138\/704
|
|switch|p1a: Latios|Latios, M|256\/301
|-damage|p1a: Latios|219\/301|[from] Stealth Rock
|move|p2a: Chansey|Seismic Toss|p1a: Latios
|-damage|p1a: Latios|119\/301
|
|turn|10
|c|âInvok3r|fuck you weak shit chansey
|
|move|p1a: Latios|Defog|p2a: Chansey
|-unboost|p2a: Chansey|evasion|1
|-sideend|p1: gbhg|Stealth Rock|[from] move: Defog|[of] p1a: Latios
|move|p2a: Chansey|Stealth Rock|p1a: Latios
|-sidestart|p1: gbhg|move: Stealth Rock
|
|turn|11
|c|âInvok3r|rocks or death
|
|move|p1a: Latios|Defog|p2a: Chansey
|-unboost|p2a: Chansey|evasion|1
|-sideend|p1: gbhg|Stealth Rock|[from] move: Defog|[of] p1a: Latios
|move|p2a: Chansey|Stealth Rock|p1a: Latios
|-sidestart|p1: gbhg|move: Stealth Rock
|
|turn|12
|
|move|p1a: Latios|Psyshock|p2a: Chansey
|-damage|p2a: Chansey|0 fnt
|-damage|p1a: Latios|89\/301|[from] item: Life Orb
|faint|p2a: Chansey
|
|
|switch|p2a: Clefable|Clefable, M|394\/394
|turn|13
|
|move|p1a: Latios|Defog|p2a: Clefable
|-unboost|p2a: Clefable|evasion|1
|-sideend|p1: gbhg|Stealth Rock|[from] move: Defog|[of] p1a: Latios
|move|p2a: Clefable|Moonblast|p1a: Latios
|-supereffective|p1a: Latios
|-damage|p1a: Latios|0 fnt
|faint|p1a: Latios
|
|c|âgbhg|i got both
|
|switch|p1a: Beedrill|Beedrill-Mega, M|271\/271
|turn|14
|c|âInvok3r|nice
|
|move|p2a: Clefable|Protect|p2a: Clefable
|-singleturn|p2a: Clefable|Protect
|move|p1a: Beedrill|Poison Jab|p2a: Clefable
|-activate|p2a: Clefable|Protect
|
|turn|15
|c|âInvok3r|does poison jab kill
|c| Too much swog|no
|c|âInvok3r|i am max def
|c|âgbhg|ok
|c|âgbhg|idc
|c| Too much swog|oh
|c| Too much swog|maybe
|c|âgbhg|beedrill is 2 good
|c|âgbhg|2 not kill
|c|âgbhg|it does ohko
|c| Too much swog|regardless you cant kill beedrill
|c|âgbhg|i calced
|leave|RaikoTheSaikou
|
|move|p1a: Beedrill|Poison Jab|p2a: Clefable
|-crit|p2a: Clefable
|-supereffective|p2a: Clefable
|-damage|p2a: Clefable|0 fnt
|faint|p2a: Clefable
|
|c|âgbhg|LOL
|c| Too much swog|crit mattered
|c|âInvok3r|252 Atk Adaptability Beedrill Poison Jab vs. 252 HP \/ 252+ Def Clefable: 340-404 (86.2 - 102.5%) -- 12.5% chance to OHKO
|c| Too much swog|luckE n bad
|c|âgbhg|it didnt
|c|âInvok3r|ye it did
|c| Too much swog|>jolly
|
|switch|p2a: Tentacruel|Tentacruel, M|364\/364
|turn|16
|c|âgbhg|i still win
|
|move|p1a: Beedrill|U-turn|p2a: Tentacruel
|-resisted|p2a: Tentacruel
|-damage|p2a: Tentacruel|239\/364
|
|switch|p1a: Magnezone|Magnezone|299\/299
|move|p2a: Tentacruel|Scald|p1a: Magnezone
|-damage|p1a: Magnezone|221\/299
|
|-heal|p2a: Tentacruel|261\/364|[from] item: Black Sludge
|turn|17
|c|âInvok3r|w\/e this is a test team anyway
|c|âgbhg|damn
|c|âgbhg|why is beedrill so strong
|
|switch|p2a: Swampert|Swampert-Mega, F|276\/404
|move|p1a: Magnezone|Flash Cannon|p2a: Swampert
|-resisted|p2a: Swampert
|-damage|p2a: Swampert|162\/404
|
|turn|18
|
|switch|p1a: Landorus-Therian|Landorus-Therian, M|381\/381
|-ability|p1a: Landorus-Therian|Intimidate|[of] p2a: Swampert
|-unboost|p2a: Swampert|atk|1
|move|p2a: Swampert|Rest|p2a: Swampert
|-status|p2a: Swampert|slp
|-heal|p2a: Swampert|404\/404 slp|[silent]
|-status|p2a: Swampert|slp|[from] move: Rest
|
|turn|19
|
|move|p1a: Landorus-Therian|U-turn|p2a: Swampert
|-damage|p2a: Swampert|352\/404 slp
|
|switch|p1a: Beedrill|Beedrill-Mega, M|271\/271
|cant|p2a: Swampert|slp
|move|p2a: Swampert|Sleep Talk|p2a: Swampert
|move|p2a: Swampert|Scald|p1a: Beedrill|[from]Sleep Talk
|-damage|p1a: Beedrill|171\/271
|
|turn|20
|c|âInvok3r|lemme burn right quick
|c| Too much swog|luckE
|
|move|p1a: Beedrill|Poison Jab|p2a: Swampert
|-resisted|p2a: Swampert
|-damage|p2a: Swampert|281\/404 slp
|cant|p2a: Swampert|slp
|move|p2a: Swampert|Sleep Talk|p2a: Swampert
|move|p2a: Swampert|Scald|p1a: Beedrill|[from]Sleep Talk
|-damage|p1a: Beedrill|71\/271
|
|turn|21
|c|âgbhg|shit
|c|âInvok3r|hello?
|
|move|p1a: Beedrill|U-turn|p2a: Swampert
|-damage|p2a: Swampert|149\/404 slp
|c| Too much swog|luckE
|c|âInvok3r|what are these plays
|
|switch|p1a: Talonflame|Talonflame, F|289\/335
|-curestatus|p2a: Swampert|slp
|move|p2a: Swampert|Rest|p2a: Swampert
|-status|p2a: Swampert|slp
|-heal|p2a: Swampert|404\/404 slp|[silent]
|-status|p2a: Swampert|slp|[from] move: Rest
|
|-heal|p1a: Talonflame|309\/335|[from] item: Leftovers
|turn|22
|c|âInvok3r|rofl
|c|âgbhg|i need something 2 kill this
|
|move|p1a: Talonflame|Taunt|p2a: Swampert
|-start|p2a: Swampert|move: Taunt
|cant|p2a: Swampert|slp
|cant|p2a: Swampert|move: Taunt|Sleep Talk
|
|-heal|p1a: Talonflame|329\/335|[from] item: Leftovers
|turn|23
|
|move|p1a: Talonflame|Bulk Up|p1a: Talonflame
|-boost|p1a: Talonflame|atk|1
|-boost|p1a: Talonflame|def|1
|cant|p2a: Swampert|slp
|
|-heal|p1a: Talonflame|335\/335|[from] item: Leftovers
|turn|24
|
|move|p1a: Talonflame|Bulk Up|p1a: Talonflame
|-boost|p1a: Talonflame|atk|1
|-boost|p1a: Talonflame|def|1
|-curestatus|p2a: Swampert|slp
|move|p2a: Swampert|Scald|p1a: Talonflame
|-supereffective|p1a: Talonflame
|-damage|p1a: Talonflame|153\/335
|
|-heal|p1a: Talonflame|173\/335|[from] item: Leftovers
|-end|p2a: Swampert|move: Taunt
|turn|25
|c| Too much swog|that did too much
|
|move|p1a: Talonflame|Bulk Up|p1a: Talonflame
|-boost|p1a: Talonflame|atk|1
|-boost|p1a: Talonflame|def|1
|move|p2a: Swampert|Scald|p1a: Talonflame
|-supereffective|p1a: Talonflame
|-damage|p1a: Talonflame|0 fnt
|faint|p1a: Talonflame
|
|c|âInvok3r|that choke tho
|c|âInvok3r|rofl
|c| Too much swog|hello
|c|âgbhg|do u have eq
|c|âInvok3r|https:\/\/www.youtube.com\/watch?v=DhIcLyscblE
|
|switch|p1a: Beedrill|Beedrill-Mega, M|71\/271
|turn|26
|c|âInvok3r|no
|
|move|p1a: Beedrill|U-turn|p2a: Swampert
|-damage|p2a: Swampert|288\/404
|c|âgbhg|oh
|c|âgbhg|i thot u did
|c|âInvok3r|rest talk swamp cummin thru
|c| Too much swog|oh mega pert has base 95 special attack
|c|âInvok3r|we bout that life
|c| Too much swog|gg
|c|âInvok3r|!data mega buffpert
No Pokemon, item, move, ability or nature named 'mega buffpert' was found. (Check your spelling?)
|-message|gbhg forfeited.
|
|win|Invok3r
|c|âInvok3r|!data mega strongpert
No Pokemon, item, move, ability or nature named 'mega strongpert' was found. (Check your spelling?)
|c|âInvok3r|LMAO
|c|âInvok3r|EZ WIN
|c|âgbhg|i have
|c|âInvok3r|resttalk swamp cummin thru
|c|âgbhg|mo spa
|c|âgbhg|no
|c|âInvok3r|haha gg
|leave|gbhg
|player|p1
|c|âInvok3r|i love swampert
|leave|Too much swog