|join|Invok3r
|join|UBERPYRO
|player|p1|Invok3r|250
|player|p2|UBERPYRO|151
|gametype|singles
|gen|6
|tier|OU
|clearpoke
|poke|p1|Bronzong, shiny
|poke|p1|Poliwrath, M
|poke|p1|Clefable, F, shiny
|poke|p1|Camerupt, M
|poke|p1|Hydreigon, F
|poke|p1|Tentacruel, F
|poke|p2|Talonflame, M
|poke|p2|Weavile, M
|poke|p2|Gardevoir, M
|poke|p2|Thundurus, M
|poke|p2|Ferrothorn, F
|poke|p2|Latias, F
|rule|Swagger Clause: Swagger is banned
|rule|Baton Pass Clause: Limit one PokÃ©mon knowing Baton Pass
|rule|Sleep Clause Mod: Limit one foe put to sleep
|rule|Species Clause: Limit one of each PokÃ©mon
|rule|OHKO Clause: OHKO moves are banned
|rule|Moody Clause: Moody is banned
|rule|Evasion Moves Clause: Evasion moves are banned
|rule|Endless Battle Clause: Forcing endless battles is banned
|rule|HP Percentage Mod: HP is shown in percentages
|teampreview
|join|Wond3rbread
|c|âInvok3r|thx m8
|c| Wond3rbread|we out here
|c| Wond3rbread|liek trees
|
|start
|switch|p1a: Bronzong|Bronzong, shiny|338\/338
|switch|p2a: Weavile|Weavile, M|281\/281
|-ability|p2a: Weavile|Pressure
|turn|1
|
|switch|p1a: Invok3r|Poliwrath, M|384\/384
|move|p2a: Weavile|Knock Off|p1a: Invok3r
|-resisted|p1a: Invok3r
|-damage|p1a: Invok3r|307\/384
|-enditem|p1a: Invok3r|Leftovers|[from] move: Knock Off|[of] p2a: Weavile
|-damage|p2a: Weavile|253\/281|[from] item: Life Orb
|
|turn|2
|
|switch|p2a: Latias|Latias, F|301\/301
|move|p1a: Invok3r|Circle Throw|p2a: Latias
|-resisted|p2a: Latias
|-damage|p2a: Latias|265\/301
|drag|p2a: Talonflame|Talonflame, M|297\/297
|
|turn|3
|c|âInvok3r|I clicked cancel...
|c|âUBERPYRO|lol
|
|switch|p1a: Bronzong|Bronzong, shiny|338\/338
|move|p2a: Talonflame|U-turn|p1a: Bronzong
|-damage|p1a: Bronzong|246\/338
|c|âInvok3r|but everyone knows that thing doesnt work
|c| Wond3rbread|lol yh
|
|switch|p2a: Thundurus|Thundurus, M|299\/299
|
|-heal|p1a: Bronzong|267\/338|[from] item: Leftovers
|turn|4
|c|âUBERPYRO|just pretend it isn't there
|c|âInvok3r|suspect cancel
|c| Wond3rbread|lol yup
|c|âUBERPYRO|its like caligraphy
|c|âUBERPYRO|you can never take back a move
|
|move|p2a: Thundurus|Volt Switch|p1a: Bronzong
|-damage|p1a: Bronzong|177\/338
|-damage|p2a: Thundurus|270\/299|[from] item: Life Orb
|
|switch|p2a: Ferrothorn|Ferrothorn, F|352\/352
|move|p1a: Bronzong|Stealth Rock|p2a: Ferrothorn
|-sidestart|p2: UBERPYRO|move: Stealth Rock
|
|-heal|p1a: Bronzong|198\/338|[from] item: Leftovers
|turn|5
|c| Wond3rbread|ooh volt turn core
|c| Wond3rbread|nb
|c| Wond3rbread|nb at all
|
|switch|p1a: Tentacruel|Tentacruel, F|364\/364
|move|p2a: Ferrothorn|Stealth Rock|p1a: Tentacruel
|-sidestart|p1: Invok3r|move: Stealth Rock
|
|turn|6
|c|âInvok3r|shit I clicked cancel again
|c|âInvok3r|fml
|
|switch|p2a: Latias|Latias, F|265\/301
|-damage|p2a: Latias|228\/301|[from] Stealth Rock
|move|p1a: Tentacruel|Rapid Spin|p2a: Latias
|-crit|p2a: Latias
|-damage|p2a: Latias|209\/301
|-sideend|p1: Invok3r|Stealth Rock|[from] move: Rapid Spin|[of] p1a: Tentacruel
|
|turn|7
|
|switch|p1a: Bronzong|Bronzong, shiny|198\/338
|move|p2a: Latias|Defog|p1a: Bronzong
|-unboost|p1a: Bronzong|evasion|1
|-sideend|p2: UBERPYRO|Stealth Rock|[from] move: Defog|[of] p2a: Latias
|
|-heal|p1a: Bronzong|219\/338|[from] item: Leftovers
|turn|8
|
|move|p2a: Latias|Draco Meteor|p1a: Bronzong
|-resisted|p1a: Bronzong
|-damage|p1a: Bronzong|128\/338
|-unboost|p2a: Latias|spa|2
|-damage|p2a: Latias|179\/301|[from] item: Life Orb
|move|p1a: Bronzong|Stealth Rock|p2a: Latias
|-sidestart|p2: UBERPYRO|move: Stealth Rock
|
|-heal|p1a: Bronzong|149\/338|[from] item: Leftovers
|turn|9
|c|âInvok3r|was that damage?
|c|âUBERPYRO|no
|
|move|p2a: Latias|Defog|p1a: Bronzong
|-unboost|p1a: Bronzong|evasion|1
|-sideend|p2: UBERPYRO|Stealth Rock|[from] move: Defog|[of] p2a: Latias
|move|p1a: Bronzong|Toxic|p2a: Latias
|-status|p2a: Latias|tox
|
|-heal|p1a: Bronzong|170\/338|[from] item: Leftovers
|-damage|p2a: Latias|161\/301 tox|[from] psn
|turn|10
|c| Wond3rbread|lol.
|c| Wond3rbread|#crippled.
|c|âUBERPYRO|w\/e
|
|switch|p2a: Weavile|Weavile, M|253\/281
|-ability|p2a: Weavile|Pressure
|move|p1a: Bronzong|Stealth Rock|p2a: Weavile
|-sidestart|p2: UBERPYRO|move: Stealth Rock
|
|-heal|p1a: Bronzong|191\/338|[from] item: Leftovers
|turn|11
|c|âInvok3r|pursuit me
|
|switch|p2a: Gardevoir|Gardevoir, M|277\/277
|-damage|p2a: Gardevoir|243\/277|[from] Stealth Rock
|-ability|p2a: Gardevoir|Levitate|[from] ability: Trace|[of] p1a: Bronzong
|switch|p1a: Invok3r|Poliwrath, M|307\/384
|
|turn|12
|
|switch|p1a: Hot Ngga|Camerupt, M|344\/344
|detailschange|p2a: Gardevoir|Gardevoir-Mega, M
|-mega|p2a: Gardevoir|Gardevoir|Gardevoirite
|move|p2a: Gardevoir|Hyper Voice|p1a: Hot Ngga
|-resisted|p1a: Hot Ngga
|-damage|p1a: Hot Ngga|173\/344
|
|turn|13
|c|âInvok3r|D:
|
|detailschange|p1a: Hot Ngga|Camerupt-Mega, M
|-mega|p1a: Hot Ngga|Camerupt|Cameruptite
|move|p2a: Gardevoir|Focus Blast|p1a: Hot Ngga
|-damage|p1a: Hot Ngga|0 fnt
|faint|p1a: Hot Ngga
|
|c| Wond3rbread|why is gard
|c|âUBERPYRO|I love the sound of stall cracking
|c|âInvok3r|:]
|c| Wond3rbread|so powerful
|
|switch|p1a: Bronzong|Bronzong, shiny|191\/338
|turn|14
|join|WhyPokemonWhy
|c|âInvok3r|its ok thongzong is here
|c| Wond3rbread|lool.
|c|âUBERPYRO|lol
|
|switch|p2a: Ferrothorn|Ferrothorn, F|352\/352
|-damage|p2a: Ferrothorn|330\/352|[from] Stealth Rock
|move|p1a: Bronzong|Gyro Ball|p2a: Ferrothorn
|-resisted|p2a: Ferrothorn
|-damage|p2a: Ferrothorn|324\/352
|-damage|p1a: Bronzong|149\/338|[from] ability: Iron Barbs|[of] p2a: Ferrothorn
|-damage|p1a: Bronzong|93\/338|[from] item: Rocky Helmet|[of] p2a: Ferrothorn
|
|-heal|p1a: Bronzong|114\/338|[from] item: Leftovers
|turn|15
|c|âUBERPYRO|niceee
|c| Wond3rbread|that hurt
|c|âInvok3r|oh so ur that kinda nigga
|c| Wond3rbread|:[
|
|switch|p1a: Clefable|Clefable, F, shiny|394\/394
|switch|p2a: Gardevoir|Gardevoir-Mega, M|243\/277
|-damage|p2a: Gardevoir|209\/277|[from] Stealth Rock
|
|turn|16
|c|âInvok3r|hm
|join|Hannibal Lector 15
|
|move|p2a: Gardevoir|Hyper Voice|p1a: Clefable
|-damage|p1a: Clefable|82\/394
|move|p1a: Clefable|Wish|p1a: Clefable
|
|-heal|p1a: Clefable|106\/394|[from] item: Leftovers
|turn|17
|
|switch|p1a: Bronzong|Bronzong, shiny|114\/338
|move|p2a: Gardevoir|Focus Blast|p1a: Bronzong
|-damage|p1a: Bronzong|1\/338
|
|-heal|p1a: Bronzong|198\/338|[from] move: Wish|[wisher] Clefable
|-heal|p1a: Bronzong|219\/338|[from] item: Leftovers
|turn|18
|c|âUBERPYRO|wow
|c|âUBERPYRO|wow
|c|âInvok3r|D:
|
|switch|p2a: Ferrothorn|Ferrothorn, F|324\/352
|-damage|p2a: Ferrothorn|302\/352|[from] Stealth Rock
|move|p1a: Bronzong|Earthquake|p2a: Ferrothorn
|-damage|p2a: Ferrothorn|252\/352
|
|-heal|p1a: Bronzong|240\/338|[from] item: Leftovers
|turn|19
|
|switch|p1a: Tentacruel|Tentacruel, F|364\/364
|move|p2a: Ferrothorn|Stealth Rock|p1a: Tentacruel
|-sidestart|p1: Invok3r|move: Stealth Rock
|
|turn|20
|c|âInvok3r|k so this team is weak to garde
|c| Wond3rbread|yo Invok3r, we should make somem-latias stall, give that shit its due.
|
|move|p2a: Ferrothorn|Protect|p2a: Ferrothorn
|-singleturn|p2a: Ferrothorn|Protect
|move|p1a: Tentacruel|Toxic Spikes|p2a: Ferrothorn
|-sidestart|p2: UBERPYRO|move: Toxic Spikes
|
|turn|21
|c|âUBERPYRO|nb
|c|âInvok3r|latias is gay
|
|switch|p2a: Latias|Latias, F|161\/301 tox
|-damage|p2a: Latias|124\/301 tox|[from] Stealth Rock
|move|p1a: Tentacruel|Scald|p2a: Latias
|-resisted|p2a: Latias
|-damage|p2a: Latias|94\/301 tox
|
|-damage|p2a: Latias|76\/301 tox|[from] psn
|turn|22
|c| Wond3rbread|nigga that shit is gonna change da world brap
|c| Wond3rbread|that shit singlehandely murks other stall
|c|âInvok3r|no nigga this shit gon change the world
|c| Wond3rbread|once sab is gone
|c|âInvok3r|look at this innov
|
|switch|p1a: Bronzong|Bronzong, shiny|240\/338
|-damage|p1a: Bronzong|219\/338|[from] Stealth Rock
|move|p2a: Latias|Defog|p1a: Bronzong
|-unboost|p1a: Bronzong|evasion|1
|-sideend|p1: Invok3r|Stealth Rock|[from] move: Defog|[of] p1a: Bronzong
|-sideend|p2: UBERPYRO|Toxic Spikes|[from] move: Defog|[of] p2a: Latias
|-sideend|p2: UBERPYRO|Stealth Rock|[from] move: Defog|[of] p2a: Latias
|
|-heal|p1a: Bronzong|240\/338|[from] item: Leftovers
|-damage|p2a: Latias|40\/301 tox|[from] psn
|turn|23
|c|âInvok3r|NIGGA FUCK YO DUMBSHIT LATIAS STALL
|c| Wond3rbread|nigga I'mma innovate dat shit
|c|âInvok3r|bronzong poliwrath is so good
|c| Wond3rbread|myself'
|c|âInvok3r|k fam
|
|switch|p2a: Thundurus|Thundurus, M|270\/299
|move|p1a: Bronzong|Stealth Rock|p2a: Thundurus
|-sidestart|p2: UBERPYRO|move: Stealth Rock
|
|-heal|p1a: Bronzong|261\/338|[from] item: Leftovers
|turn|24
|c|âInvok3r|cant innovate better than spdef hydreigon
|c| Wond3rbread|I'mma make it more balanced doe.
|c|âInvok3r|balanced is for pussies
|
|switch|p1a: Wond3rbread|Hydreigon, F|388\/388
|move|p2a: Thundurus|Knock Off|p1a: Wond3rbread
|-resisted|p1a: Wond3rbread
|-damage|p1a: Wond3rbread|327\/388
|-enditem|p1a: Wond3rbread|Leftovers|[from] move: Knock Off|[of] p2a: Thundurus
|-damage|p2a: Thundurus|241\/299|[from] item: Life Orb
|
|turn|25
|c|âInvok3r|charti liek the way i stall out
|c| Wond3rbread|nah nigga, cuzI ain't good w\/ stall
|c|âInvok3r|you aint good at pokemon then
|
|move|p2a: Thundurus|Superpower|p1a: Wond3rbread
|-supereffective|p1a: Wond3rbread
|-damage|p1a: Wond3rbread|15\/388
|-unboost|p2a: Thundurus|atk|1
|-unboost|p2a: Thundurus|def|1
|-damage|p2a: Thundurus|212\/299|[from] item: Life Orb
|move|p1a: Wond3rbread|Dark Pulse|p2a: Thundurus
|-damage|p2a: Thundurus|58\/299
|
|turn|26
|c| Wond3rbread|I'm much better at innov
|c| Wond3rbread|balanc
|c| Wond3rbread|and HO
|
|move|p2a: Thundurus|Knock Off|p1a: Wond3rbread
|-resisted|p1a: Wond3rbread
|-damage|p1a: Wond3rbread|0 fnt
|-damage|p2a: Thundurus|29\/299|[from] item: Life Orb
|faint|p1a: Wond3rbread
|
|c| Wond3rbread|after dat, I'mma innovate some new fucking stall
|c| Wond3rbread|and us gonna be so proud
|
|switch|p1a: Clefable|Clefable, F, shiny|106\/394
|turn|27
|
|move|p2a: Thundurus|Volt Switch|p1a: Clefable
|-damage|p1a: Clefable|0 fnt
|-damage|p2a: Thundurus|0 fnt|[from] item: Life Orb
|faint|p1a: Clefable
|faint|p2a: Thundurus
|
|join|Rawk Hawk
|
|switch|p2a: Talonflame|Talonflame, M|297\/297
|switch|p1a: Bronzong|Bronzong, shiny|261\/338
|-damage|p2a: Talonflame|149\/297|[from] Stealth Rock
|turn|28
|c|âInvok3r|the beast is here
|leave|WhyPokemonWhy
|c|âUBERPYRO|ooh
|c|âUBERPYRO|which one
|c|âUBERPYRO|will I click
|join|Meadwag
|c| Wond3rbread|nice n 50\/50
|
|move|p2a: Talonflame|Flare Blitz|p1a: Bronzong
|-supereffective|p1a: Bronzong
|-damage|p1a: Bronzong|0 fnt
|-damage|p2a: Talonflame|63\/297|[from] recoil|[of] p1a: Bronzong
|faint|p1a: Bronzong
|
|c|âUBERPYRO|gg
|c|âInvok3r|gg
|c| Wond3rbread|NOO
|-message|Invok3r forfeited.
|c| Wond3rbread|I guessed wrong
|c| Wond3rbread|:[
|
|win|UBERPYRO
|c|âUBERPYRO|I love the sound of stall cracking
|c|âUBERPYRO|:]
|c|âInvok3r|this isnt even full stall
|leave|Hannibal Lector 15
|c|âInvok3r|tbh
|c|âUBERPYRO|its semi stall
|c|âUBERPYRO|but I mean
|c| Wond3rbread|yh
|c| Wond3rbread|its more of semi
|c|âInvok3r|but i mean you won against a poliwrath
|c|âInvok3r|good job
|c|âUBERPYRO|lol
|c| Wond3rbread|lool
|c|âUBERPYRO|that bronzong
|c|âUBERPYRO|was anoying
|c|âInvok3r|ok
|c|âInvok3r|one ru mon
|c|âInvok3r|one uu mon
|c|âUBERPYRO|lol
|c|âInvok3r|another uu mon
|c|âInvok3r|one pu mon
|c|âUBERPYRO|I'm just saying
|c|âInvok3r|a camerupt
|c|âInvok3r|and a clefable
|c|âUBERPYRO|if you get anything out of this team
|c|âInvok3r|so plz stop hating
|c|âInvok3r|I feel like we need to replace camerupt with rhyperior
|c|âInvok3r|wonderbread
|c|âInvok3r|cuz we have hydreigon for stallbreaker mew
|leave|Meadwag