|join|Draeden
|join|Invok3r
Draeden turned on modjoin.
|raw|<div class="broadcast-red"><b>Moderated chat was set to +!<\/b><br \/>Only users of rank + and higher can talk.<\/div>
Draeden made this room hidden.
|player|p1|Draeden|238
|player|p2|Invok3r|250
|gametype|singles
|gen|6
|tier|OU
|clearpoke
|poke|p1|Lopunny, M
|poke|p1|Landorus-Therian, M
|poke|p1|Keldeo
|poke|p1|Thundurus, M
|poke|p1|Gengar, F
|poke|p1|Azumarill, F
|poke|p2|Doublade, M
|poke|p2|Chansey, F
|poke|p2|Clefable, M
|poke|p2|Gliscor, F
|poke|p2|Sableye, M
|poke|p2|Tentacruel, F
|rule|Swagger Clause: Swagger is banned
|rule|Baton Pass Clause: Limit one PokÃ©mon knowing Baton Pass
|rule|Sleep Clause Mod: Limit one foe put to sleep
|rule|Species Clause: Limit one of each PokÃ©mon
|rule|OHKO Clause: OHKO moves are banned
|rule|Moody Clause: Moody is banned
|rule|Evasion Moves Clause: Evasion moves are banned
|rule|Endless Battle Clause: Forcing endless battles is banned
|rule|HP Percentage Mod: HP is shown in percentages
|teampreview
|c|âDraeden|gl hf
|c|âInvok3r|hf
|
|start
|switch|p1a: Landorus-Therian|Landorus-Therian, M|319\/319
|switch|p2a: Sableye|Sableye, M|304\/304
|-ability|p1a: Landorus-Therian|Intimidate|[of] p2a: Sableye
|-unboost|p2a: Sableye|atk|1
|turn|1
|
|switch|p1a: Keldeo|Keldeo|323\/323
|detailschange|p2a: Sableye|Sableye-Mega, M
|-mega|p2a: Sableye|Sableye|Sablenite
|move|p2a: Sableye|Will-O-Wisp|p1a: Keldeo
|-status|p1a: Keldeo|brn
|
|-damage|p1a: Keldeo|283\/323 brn|[from] brn
|turn|2
|
|switch|p2a: Tentacruel|Tentacruel, F|364\/364
|move|p1a: Keldeo|Secret Sword|p2a: Tentacruel
|-resisted|p2a: Tentacruel
|-damage|p2a: Tentacruel|263\/364
|
|-heal|p2a: Tentacruel|285\/364|[from] item: Black Sludge
|-damage|p1a: Keldeo|243\/323 brn|[from] brn
|turn|3
|
|switch|p1a: Thundurus|Thundurus, M|299\/299
|move|p2a: Tentacruel|Toxic Spikes|p1a: Thundurus
|-sidestart|p1: Draeden|move: Toxic Spikes
|
|-heal|p2a: Tentacruel|307\/364|[from] item: Black Sludge
|turn|4
|
|switch|p2a: Chansey|Chansey, F|703\/703
|move|p1a: Thundurus|Thunderbolt|p2a: Chansey
|-damage|p2a: Chansey|578\/703
|-damage|p1a: Thundurus|270\/299|[from] item: Life Orb
|
|turn|5
|
|switch|p1a: Gengar|Gengar, F|261\/261
|move|p2a: Chansey|Stealth Rock|p1a: Gengar
|-sidestart|p1: Draeden|move: Stealth Rock
|
|turn|6
|
|switch|p2a: Sableye|Sableye-Mega, M|304\/304
|move|p1a: Gengar|Taunt|p2a: Sableye
|move|p2a: Sableye|Taunt|p1a: Gengar|[from]Magic Bounce
|-start|p1a: Gengar|move: Taunt
|
|turn|7
|
|switch|p1a: Keldeo|Keldeo|243\/323 brn
|-damage|p1a: Keldeo|223\/323 brn|[from] Stealth Rock
|move|p2a: Sableye|Knock Off|p1a: Keldeo
|-crit|p1a: Keldeo
|-resisted|p1a: Keldeo
|-damage|p1a: Keldeo|135\/323 brn
|-boost|p1a: Keldeo|atk|1|[from] ability: Justified
|-enditem|p1a: Keldeo|Choice Specs|[from] move: Knock Off|[of] p2a: Sableye
|
|-damage|p1a: Keldeo|95\/323 brn|[from] brn
|turn|8
|
|switch|p2a: Tentacruel|Tentacruel, F|307\/364
|move|p1a: Keldeo|Scald|p2a: Tentacruel
|-resisted|p2a: Tentacruel
|-damage|p2a: Tentacruel|247\/364
|
|-heal|p2a: Tentacruel|269\/364|[from] item: Black Sludge
|-damage|p1a: Keldeo|55\/323 brn|[from] brn
|turn|9
|
|move|p1a: Keldeo|Scald|p2a: Tentacruel
|-resisted|p2a: Tentacruel
|-damage|p2a: Tentacruel|212\/364
|move|p2a: Tentacruel|Scald|p1a: Keldeo
|-resisted|p1a: Keldeo
|-damage|p1a: Keldeo|16\/323 brn
|
|-heal|p2a: Tentacruel|234\/364|[from] item: Black Sludge
|-damage|p1a: Keldeo|0 fnt|[from] brn
|faint|p1a: Keldeo
|
|switch|p1a: Landorus-Therian|Landorus-Therian, M|319\/319
|-damage|p1a: Landorus-Therian|280\/319|[from] Stealth Rock
|-ability|p1a: Landorus-Therian|Intimidate|[of] p2a: Tentacruel
|-unboost|p2a: Tentacruel|atk|1
|turn|10
|
|switch|p2a: Sableye|Sableye-Mega, M|304\/304
|move|p1a: Landorus-Therian|U-turn|p2a: Sableye
|-damage|p2a: Sableye|248\/304
|
|switch|p1a: Azumarill|Azumarill, F|403\/403
|-damage|p1a: Azumarill|353\/403|[from] Stealth Rock
|-status|p1a: Azumarill|psn
|
|-damage|p1a: Azumarill|303\/403 psn|[from] psn
|turn|11
|
|switch|p2a: Tentacruel|Tentacruel, F|234\/364
|move|p1a: Azumarill|Play Rough|p2a: Tentacruel|[miss]
|-miss|p1a: Azumarill|p2a: Tentacruel
|
|-heal|p2a: Tentacruel|256\/364|[from] item: Black Sludge
|-damage|p1a: Azumarill|253\/403 psn|[from] psn
|turn|12
|c|âInvok3r|sry
|c|âDraeden|It's fine
|c|âInvok3r|wouldnt have done too much if you weren't banded
|
|switch|p1a: Thundurus|Thundurus, M|270\/299
|-damage|p1a: Thundurus|196\/299|[from] Stealth Rock
|move|p2a: Tentacruel|Acid Spray|p1a: Thundurus
|-damage|p1a: Thundurus|148\/299
|-unboost|p1a: Thundurus|spd|2
|
|-heal|p2a: Tentacruel|278\/364|[from] item: Black Sludge
|turn|13
|
|switch|p1a: Lopunny|Lopunny, M|271\/271
|-status|p1a: Lopunny|psn
|-damage|p1a: Lopunny|238\/271 psn|[from] Stealth Rock
|switch|p2a: Chansey|Chansey, F|578\/703
|
|-damage|p1a: Lopunny|205\/271 psn|[from] psn
|turn|14
|c|âDraeden|Just realized this team can't break stall for shit
|c|âInvok3r|yea...
|
|switch|p2a: Clefable|Clefable, M|394\/394
|detailschange|p1a: Lopunny|Lopunny-Mega, M
|-mega|p1a: Lopunny|Lopunny|Lopunnite
|move|p1a: Lopunny|Heal Bell|p1a: Lopunny
|-cureteam|p1a: Lopunny|[from] move: HealBell
|
|turn|15
|c|âInvok3r|D:
|
|switch|p1a: Gengar|Gengar, F|261\/261
|-damage|p1a: Gengar|229\/261|[from] Stealth Rock
|move|p2a: Clefable|Moonblast|p1a: Gengar
|-resisted|p1a: Gengar
|-damage|p1a: Gengar|166\/261
|-unboost|p1a: Gengar|spa|1
|
|turn|16
|
|switch|p2a: Gliscor|Gliscor, F|354\/354
|move|p1a: Gengar|Sludge Wave|p2a: Gliscor
|-resisted|p2a: Gliscor
|-damage|p2a: Gliscor|296\/354
|-damage|p1a: Gengar|140\/261|[from] item: Life Orb
|
|-status|p2a: Gliscor|tox|[from] item: Toxic Orb
|turn|17
|c|âDraeden|Time to display graetness
|c|âInvok3r|hp ice
|
|move|p1a: Gengar|Taunt|p2a: Gliscor
|-start|p2a: Gliscor|move: Taunt
|move|p2a: Gliscor|Knock Off|p1a: Gengar
|-supereffective|p1a: Gengar
|-damage|p1a: Gengar|0 fnt
|-enditem|p1a: Gengar|Life Orb|[from] move: Knock Off|[of] p2a: Gliscor
|faint|p1a: Gengar
|
|-heal|p2a: Gliscor|340\/354 tox|[from] ability: Poison Heal
|c|âInvok3r|oh
|c|âDraeden|Damn, wrong button
|c|âDraeden|Thought I clicked Hex
|c|âDraeden|:\/
|c|âInvok3r|hex would have done nothing
|c|âInvok3r|i am max spdef
|
|switch|p1a: Thundurus|Thundurus, M|148\/299
|-damage|p1a: Thundurus|74\/299|[from] Stealth Rock
|turn|18
|c|âDraeden|Fuckin
|c|âInvok3r|plz dont think i am a noob
|c|âInvok3r|it helps with calm mind clefable and stalls out rotom hydro pumps
|c|âDraeden|I know you aren't a nub
|c|âInvok3r|i got 2700 coil
|
|move|p1a: Thundurus|Hidden Power|p2a: Gliscor
|-supereffective|p2a: Gliscor
|-damage|p2a: Gliscor|28\/354 tox
|-damage|p1a: Thundurus|45\/299|[from] item: Life Orb
|move|p2a: Gliscor|Knock Off|p1a: Thundurus
|-damage|p1a: Thundurus|0 fnt
|-enditem|p1a: Thundurus|Life Orb|[from] move: Knock Off|[of] p2a: Gliscor
|faint|p1a: Thundurus
|
|-heal|p2a: Gliscor|72\/354 tox|[from] ability: Poison Heal
|
|switch|p1a: Lopunny|Lopunny-Mega, M|205\/271
|-status|p1a: Lopunny|psn
|-damage|p1a: Lopunny|189\/271 psn|[from] Stealth Rock
|turn|19
|
|switch|p2a: Doublade|Doublade, M|321\/321
|move|p1a: Lopunny|Fake Out|p2a: Doublade
|-resisted|p2a: Doublade
|-damage|p2a: Doublade|306\/321
|
|-damage|p1a: Lopunny|156\/271 psn|[from] psn
|turn|20
|
|move|p1a: Lopunny|High Jump Kick|p2a: Doublade
|-supereffective|p2a: Doublade
|-damage|p2a: Doublade|130\/321
|move|p2a: Doublade|Sacred Sword|p1a: Lopunny
|-supereffective|p1a: Lopunny
|-damage|p1a: Lopunny|0 fnt
|faint|p1a: Lopunny
|
|
|switch|p1a: Landorus-Therian|Landorus-Therian, M|280\/319
|-damage|p1a: Landorus-Therian|241\/319|[from] Stealth Rock
|-ability|p1a: Landorus-Therian|Intimidate|[of] p2a: Doublade
|-unboost|p2a: Doublade|atk|1
|turn|21
|
|switch|p2a: Gliscor|Gliscor, F|72\/354 tox
|move|p1a: Landorus-Therian|Knock Off|p2a: Gliscor
|-damage|p2a: Gliscor|0 fnt
|-enditem|p2a: Gliscor|Toxic Orb|[from] move: Knock Off|[of] p1a: Landorus-Therian
|faint|p2a: Gliscor
|
|
|switch|p2a: Tentacruel|Tentacruel, F|278\/364
|turn|22
|
|move|p1a: Landorus-Therian|Knock Off|p2a: Tentacruel
|-crit|p2a: Tentacruel
|-damage|p2a: Tentacruel|99\/364
|-enditem|p2a: Tentacruel|Black Sludge|[from] move: Knock Off|[of] p1a: Landorus-Therian
|move|p2a: Tentacruel|Scald|p1a: Landorus-Therian
|-supereffective|p1a: Landorus-Therian
|-damage|p1a: Landorus-Therian|43\/319
|
|turn|23
|
|switch|p2a: Clefable|Clefable, M|394\/394
|move|p1a: Landorus-Therian|Knock Off|p2a: Clefable
|-resisted|p2a: Clefable
|-damage|p2a: Clefable|339\/394
|-enditem|p2a: Clefable|Leftovers|[from] move: Knock Off|[of] p1a: Landorus-Therian
|
|turn|24
|
|switch|p1a: Azumarill|Azumarill, F|253\/403
|-status|p1a: Azumarill|psn
|-damage|p1a: Azumarill|203\/403 psn|[from] Stealth Rock
|move|p2a: Clefable|Wish|p2a: Clefable
|
|-damage|p1a: Azumarill|153\/403 psn|[from] psn
|turn|25
|c|âDraeden|Btw, it is banded
|c|âDraeden|:\/
|
|move|p2a: Clefable|Moonblast|p1a: Azumarill
|-damage|p1a: Azumarill|18\/403 psn
|move|p1a: Azumarill|Play Rough|p2a: Clefable
|-damage|p2a: Clefable|101\/394
|
|-heal|p2a: Clefable|298\/394|[from] move: Wish|[wisher] Clefable
|-damage|p1a: Azumarill|0 fnt|[from] psn
|faint|p1a: Azumarill
|c|âInvok3r|:-[
|c|âInvok3r|sry
|c|âInvok3r|gg
|c|âDraeden|It's all good
|c|âDraeden|gg
|
|switch|p1a: Landorus-Therian|Landorus-Therian, M|43\/319
|-damage|p1a: Landorus-Therian|4\/319|[from] Stealth Rock
|-ability|p1a: Landorus-Therian|Intimidate|[of] p2a: Clefable
|-unboost|p2a: Clefable|atk|1
|turn|26
|c|âInvok3r|can I join your team?
|
|move|p1a: Landorus-Therian|Earthquake|p2a: Clefable
|-damage|p2a: Clefable|121\/394
|move|p2a: Clefable|Fire Blast|p1a: Landorus-Therian
|-damage|p1a: Landorus-Therian|0 fnt
|faint|p1a: Landorus-Therian
|
|win|Invok3r
|c|âDraeden|I'll consider it
|c|âInvok3r|ok
|c|âDraeden|Which is more than I can say for most others
|leave|Draeden
|player|p1