|join|ArchPhantom
|join|Invok3r
|c|âArchPhantom|glhf
|player|p1|ArchPhantom|222
|player|p2|Invok3r|250
|gametype|singles
|gen|6
|tier|OU
|clearpoke
|poke|p1|Keldeo
|poke|p1|Sceptile, M
|poke|p1|Bisharp, F
|poke|p1|Landorus-Therian, M
|poke|p1|Latios, M
|poke|p1|Ferrothorn, M
|poke|p2|Bronzong, shiny
|poke|p2|Poliwrath, F
|poke|p2|Clefable, F, shiny
|poke|p2|Camerupt, F
|poke|p2|Hydreigon, M
|poke|p2|Tentacruel, M
|rule|Swagger Clause: Swagger is banned
|rule|Baton Pass Clause: Limit one PokÃ©mon knowing Baton Pass
|rule|Sleep Clause Mod: Limit one foe put to sleep
|rule|Species Clause: Limit one of each PokÃ©mon
|rule|OHKO Clause: OHKO moves are banned
|rule|Moody Clause: Moody is banned
|rule|Evasion Moves Clause: Evasion moves are banned
|rule|Endless Battle Clause: Forcing endless battles is banned
|rule|HP Percentage Mod: HP is shown in percentages
|teampreview
|c|âInvok3r|u r the guy with the grenade core peak top 30
|c|âInvok3r|?
|c|âInvok3r|u2
|c|âArchPhantom|yeah xD
|join|IMarkasI
|c|âInvok3r|i find gallade hard af to build around
|
|start
|switch|p1a: Keldeo|Keldeo|323\/323
|switch|p2a: Bronzong|Bronzong, shiny|338\/338
|turn|1
|
|move|p1a: Keldeo|Secret Sword|p2a: Bronzong
|-damage|p2a: Bronzong|151\/338
|move|p2a: Bronzong|Stealth Rock|p1a: Keldeo
|-sidestart|p1: ArchPhantom|move: Stealth Rock
|
|-heal|p2a: Bronzong|172\/338|[from] item: Leftovers
|turn|2
|
|switch|p1a: Landorus-Therian|Landorus-Therian, M|381\/381
|-damage|p1a: Landorus-Therian|334\/381|[from] Stealth Rock
|-ability|p1a: Landorus-Therian|Intimidate|[of] p2a: Bronzong
|-unboost|p2a: Bronzong|atk|1
|switch|p2a: Tentacruel|Tentacruel, M|364\/364
|
|-heal|p1a: Landorus-Therian|357\/381|[from] item: Leftovers
|turn|3
|c| IMarkasI|oo'
|
|switch|p2a: Poliwrath|Poliwrath, F|384\/384
|move|p1a: Landorus-Therian|Stealth Rock|p2a: Poliwrath
|-sidestart|p2: Invok3r|move: Stealth Rock
|
|-heal|p1a: Landorus-Therian|380\/381|[from] item: Leftovers
|turn|4
|
|move|p1a: Landorus-Therian|Earthquake|p2a: Poliwrath
|-damage|p2a: Poliwrath|260\/384
|move|p2a: Poliwrath|Scald|p1a: Landorus-Therian
|-supereffective|p1a: Landorus-Therian
|-damage|p1a: Landorus-Therian|194\/381
|
|-heal|p1a: Landorus-Therian|217\/381|[from] item: Leftovers
|-heal|p2a: Poliwrath|284\/384|[from] item: Leftovers
|turn|5
|c|âInvok3r|and thanks for the suggestions for my yung stallbreakerz team
|c|âArchPhantom|ah no prob ^.^
|
|switch|p1a: Sceptile|Sceptile, M|281\/281
|-damage|p1a: Sceptile|246\/281|[from] Stealth Rock
|move|p2a: Poliwrath|Circle Throw|p1a: Sceptile
|-damage|p1a: Sceptile|156\/281
|drag|p1a: Bisharp|Bisharp, F|271\/271
|-damage|p1a: Bisharp|255\/271|[from] Stealth Rock
|
|-heal|p2a: Poliwrath|308\/384|[from] item: Leftovers
|turn|6
|c|âInvok3r|poliwrath is lyfe
|
|switch|p1a: Landorus-Therian|Landorus-Therian, M|217\/381
|-damage|p1a: Landorus-Therian|170\/381|[from] Stealth Rock
|-ability|p1a: Landorus-Therian|Intimidate|[of] p2a: Poliwrath
|-unboost|p2a: Poliwrath|atk|1
|move|p2a: Poliwrath|Circle Throw|p1a: Landorus-Therian
|-resisted|p1a: Landorus-Therian
|-damage|p1a: Landorus-Therian|152\/381
|drag|p1a: Ferrothorn|Ferrothorn, M|352\/352
|-damage|p1a: Ferrothorn|330\/352|[from] Stealth Rock
|
|-heal|p2a: Poliwrath|332\/384|[from] item: Leftovers
|-heal|p1a: Ferrothorn|352\/352|[from] item: Leftovers
|turn|7
|c|âArchPhantom|ugh annoying haha
|c|âInvok3r|ye
|
|switch|p2a: Tentacruel|Tentacruel, M|364\/364
|-damage|p2a: Tentacruel|319\/364|[from] Stealth Rock
|move|p1a: Ferrothorn|Power Whip|p2a: Tentacruel
|-damage|p2a: Tentacruel|196\/364
|
|-heal|p2a: Tentacruel|218\/364|[from] item: Black Sludge
|turn|8
|
|move|p2a: Tentacruel|Scald|p1a: Ferrothorn
|-resisted|p1a: Ferrothorn
|-damage|p1a: Ferrothorn|321\/352
|-status|p1a: Ferrothorn|brn
|move|p1a: Ferrothorn|Power Whip|p2a: Tentacruel
|-damage|p2a: Tentacruel|158\/364
|
|-heal|p2a: Tentacruel|180\/364|[from] item: Black Sludge
|-heal|p1a: Ferrothorn|343\/352 brn|[from] item: Leftovers
|-damage|p1a: Ferrothorn|299\/352 brn|[from] brn
|turn|9
|
|switch|p1a: Latios|Latios, M|301\/301
|-damage|p1a: Latios|264\/301|[from] Stealth Rock
|move|p2a: Tentacruel|Rapid Spin|p1a: Latios
|-damage|p1a: Latios|248\/301
|-sideend|p2: Invok3r|Stealth Rock|[from] move: Rapid Spin|[of] p2a: Tentacruel
|
|-heal|p2a: Tentacruel|202\/364|[from] item: Black Sludge
|turn|10
|
|switch|p2a: Bronzong|Bronzong, shiny|172\/338
|move|p1a: Latios|Defog|p2a: Bronzong
|-unboost|p2a: Bronzong|evasion|1
|-sideend|p1: ArchPhantom|Stealth Rock|[from] move: Defog|[of] p1a: Latios
|
|-heal|p2a: Bronzong|193\/338|[from] item: Leftovers
|turn|11
|c|âInvok3r|damn i forgot to change bronzongs nickname
|c|âInvok3r|sigh
|
|switch|p1a: Bisharp|Bisharp, F|255\/271
|move|p2a: Bronzong|Stealth Rock|p1a: Bisharp
|-sidestart|p1: ArchPhantom|move: Stealth Rock
|
|-heal|p2a: Bronzong|214\/338|[from] item: Leftovers
|turn|12
|
|switch|p2a: Poliwrath|Poliwrath, F|332\/384
|move|p1a: Bisharp|Knock Off|p2a: Poliwrath
|-resisted|p2a: Poliwrath
|-damage|p2a: Poliwrath|268\/384
|-enditem|p2a: Poliwrath|Leftovers|[from] move: Knock Off|[of] p1a: Bisharp
|
|turn|13
|
|switch|p1a: Ferrothorn|Ferrothorn, M|299\/352 brn
|-damage|p1a: Ferrothorn|277\/352 brn|[from] Stealth Rock
|move|p2a: Poliwrath|Scald|p1a: Ferrothorn
|-resisted|p1a: Ferrothorn
|-damage|p1a: Ferrothorn|253\/352 brn
|
|-heal|p1a: Ferrothorn|275\/352 brn|[from] item: Leftovers
|-damage|p1a: Ferrothorn|231\/352 brn|[from] brn
|turn|14
|
|switch|p2a: Tentacruel|Tentacruel, M|202\/364
|move|p1a: Ferrothorn|Leech Seed|p2a: Tentacruel|[miss]
|-miss|p1a: Ferrothorn|p2a: Tentacruel
|
|-heal|p2a: Tentacruel|224\/364|[from] item: Black Sludge
|-heal|p1a: Ferrothorn|253\/352 brn|[from] item: Leftovers
|-damage|p1a: Ferrothorn|209\/352 brn|[from] brn
|turn|15
|c|âInvok3r|that actually helped you
|
|switch|p1a: Latios|Latios, M|248\/301
|-damage|p1a: Latios|211\/301|[from] Stealth Rock
|move|p2a: Tentacruel|Toxic Spikes|p1a: Latios
|-sidestart|p1: ArchPhantom|move: Toxic Spikes
|
|-heal|p2a: Tentacruel|246\/364|[from] item: Black Sludge
|turn|16
|
|switch|p2a: Bronzong|Bronzong, shiny|214\/338
|move|p1a: Latios|Psyshock|p2a: Bronzong
|-resisted|p2a: Bronzong
|-damage|p2a: Bronzong|176\/338
|-damage|p1a: Latios|181\/301|[from] item: Life Orb
|
|-heal|p2a: Bronzong|197\/338|[from] item: Leftovers
|turn|17
|
|move|p1a: Latios|Defog|p2a: Bronzong
|-unboost|p2a: Bronzong|evasion|1
|-sideend|p1: ArchPhantom|Toxic Spikes|[from] move: Defog|[of] p1a: Latios
|-sideend|p1: ArchPhantom|Stealth Rock|[from] move: Defog|[of] p1a: Latios
|move|p2a: Bronzong|Gyro Ball|p1a: Latios
|-damage|p1a: Latios|0 fnt
|faint|p1a: Latios
|
|-heal|p2a: Bronzong|218\/338|[from] item: Leftovers
|
|switch|p1a: Bisharp|Bisharp, F|255\/271
|turn|18
|c|âInvok3r|plz no pursuit
|c|âInvok3r|:x
|
|switch|p1a: Sceptile|Sceptile, M|156\/281
|switch|p2a: Poliwrath|Poliwrath, F|268\/384
|
|turn|19
|
|switch|p2a: Bronzong|Bronzong, shiny|218\/338
|detailschange|p1a: Sceptile|Sceptile-Mega, M
|-mega|p1a: Sceptile|Sceptile|Sceptilite
|move|p1a: Sceptile|Dragon Pulse|p2a: Bronzong
|-resisted|p2a: Bronzong
|-damage|p2a: Bronzong|162\/338
|
|-heal|p2a: Bronzong|183\/338|[from] item: Leftovers
|turn|20
|
|move|p1a: Sceptile|Focus Blast|p2a: Bronzong
|-damage|p2a: Bronzong|83\/338
|move|p2a: Bronzong|Stealth Rock|p1a: Sceptile
|-sidestart|p1: ArchPhantom|move: Stealth Rock
|
|-heal|p2a: Bronzong|104\/338|[from] item: Leftovers
|turn|21
|leave|IMarkasI
|
|switch|p1a: Bisharp|Bisharp, F|255\/271
|-damage|p1a: Bisharp|239\/271|[from] Stealth Rock
|move|p2a: Bronzong|Gyro Ball|p1a: Bisharp
|-resisted|p1a: Bisharp
|-damage|p1a: Bisharp|189\/271
|
|-heal|p2a: Bronzong|125\/338|[from] item: Leftovers
|turn|22
|
|switch|p2a: Poliwrath|Poliwrath, F|268\/384
|move|p1a: Bisharp|Swords Dance|p1a: Bisharp
|-boost|p1a: Bisharp|atk|2
|
|turn|23
|c|âInvok3r|ok plz no flinch
|
|move|p1a: Bisharp|Iron Head|p2a: Poliwrath
|-resisted|p2a: Poliwrath
|-damage|p2a: Poliwrath|162\/384
|move|p2a: Poliwrath|Circle Throw|p1a: Bisharp
|-supereffective|p1a: Bisharp
|-damage|p1a: Bisharp|0 fnt
|faint|p1a: Bisharp
|
|c|âInvok3r|yush
|c|âArchPhantom|I kinda lose to clef + core now xD
|c|âArchPhantom|gg :]
|c|âInvok3r|gg man
|-message|ArchPhantom forfeited.
|c|âInvok3r|u liek this team?
|
|win|Invok3r
|c|âArchPhantom|Yeah
|c|âArchPhantom|rly nice
|c|âInvok3r|it is so innovative
|c|âInvok3r|guess what
|c|âArchPhantom|Didn't even see hydrei
|c|âArchPhantom|and came
|c|âInvok3r|spdef hydreigon for gothitelle and zard y
|c|âArchPhantom|Nice
|c|âInvok3r|that nigga gets roost and taunt
|c|âInvok3r|:]