|join|Invok3r
|join|Ohmboy Tesla
|player|p1|Invok3r|250
|player|p2|Ohmboy Tesla|136
|gametype|singles
|gen|6
|tier|OU
|rated
|clearpoke
|poke|p1|Doublade, F
|poke|p1|Chansey, F
|poke|p1|Clefable, M
|poke|p1|Gliscor, M
|poke|p1|Sableye, F
|poke|p1|Tentacruel, F
|poke|p2|Venusaur, F
|poke|p2|Entei, shiny
|poke|p2|Swampert, M
|poke|p2|Hydreigon, F
|poke|p2|Togekiss, F
|poke|p2|Scizor, M
|rule|Swagger Clause: Swagger is banned
|rule|Baton Pass Clause: Limit one PokÃ©mon knowing Baton Pass
|rule|Sleep Clause Mod: Limit one foe put to sleep
|rule|Species Clause: Limit one of each PokÃ©mon
|rule|OHKO Clause: OHKO moves are banned
|rule|Moody Clause: Moody is banned
|rule|Evasion Moves Clause: Evasion moves are banned
|rule|Endless Battle Clause: Forcing endless battles is banned
|rule|HP Percentage Mod: HP is shown in percentages
|teampreview
|
|start
|switch|p1a: Sableye|Sableye, F|304\/304
|switch|p2a: Rufus|Entei, shiny|401\/401
|-ability|p2a: Rufus|Pressure
|turn|1
|
|detailschange|p1a: Sableye|Sableye-Mega, F
|-mega|p1a: Sableye|Sableye|Sablenite
|move|p2a: Rufus|Sacred Fire|p1a: Sableye
|-damage|p1a: Sableye|202\/304
|-status|p1a: Sableye|brn
|move|p1a: Sableye|Knock Off|p2a: Rufus
|-damage|p2a: Rufus|343\/401
|-enditem|p2a: Rufus|Leftovers|[from] move: Knock Off|[of] p1a: Sableye
|
|-damage|p1a: Sableye|164\/304 brn|[from] brn
|turn|2
|
|switch|p1a: Tentacruel|Tentacruel, F|364\/364
|move|p2a: Rufus|Sacred Fire|p1a: Tentacruel
|-resisted|p1a: Tentacruel
|-damage|p1a: Tentacruel|283\/364
|-status|p1a: Tentacruel|brn
|
|-heal|p1a: Tentacruel|305\/364 brn|[from] item: Black Sludge
|-damage|p1a: Tentacruel|260\/364 brn|[from] brn
|turn|3
|
|switch|p2a: Do You Even Liek|Swampert, M|401\/401
|switch|p1a: Chansey|Chansey, F|703\/703
|
|turn|4
|
|move|p2a: Do You Even Liek|Stealth Rock|p1a: Chansey
|-sidestart|p1: Invok3r|move: Stealth Rock
|move|p1a: Chansey|Heal Bell|p1a: Chansey
|-cureteam|p1a: Chansey|[from] move: HealBell
|
|turn|5
|
|switch|p2a: Berta|Venusaur, F|363\/363
|move|p1a: Chansey|Stealth Rock|p2a: Berta
|-sidestart|p2: Ohmboy Tesla|move: Stealth Rock
|
|turn|6
|
|detailschange|p2a: Berta|Venusaur-Mega, F
|-mega|p2a: Berta|Venusaur|Venusaurite
|move|p2a: Berta|Leech Seed|p1a: Chansey
|-start|p1a: Chansey|move: Leech Seed
|move|p1a: Chansey|Seismic Toss|p2a: Berta
|-damage|p2a: Berta|263\/363
|
|-damage|p1a: Chansey|616\/703|[from] Leech Seed|[of] p2a: Berta
|-heal|p2a: Berta|350\/363|[silent]
|turn|7
|
|switch|p1a: Tentacruel|Tentacruel, F|260\/364
|-damage|p1a: Tentacruel|215\/364|[from] Stealth Rock
|move|p2a: Berta|Giga Drain|p1a: Tentacruel
|-damage|p1a: Tentacruel|124\/364
|-damage|p2a: Berta|304\/363|[from] ability: Liquid Ooze|[of] p1a: Tentacruel
|
|-heal|p1a: Tentacruel|146\/364|[from] item: Black Sludge
|turn|8
|
|move|p1a: Tentacruel|Rapid Spin|p2a: Berta
|-damage|p2a: Berta|296\/363
|-sideend|p1: Invok3r|Stealth Rock|[from] move: Rapid Spin|[of] p1a: Tentacruel
|move|p2a: Berta|Giga Drain|p1a: Tentacruel
|-damage|p1a: Tentacruel|59\/364
|-damage|p2a: Berta|252\/363|[from] ability: Liquid Ooze|[of] p1a: Tentacruel
|
|-heal|p1a: Tentacruel|81\/364|[from] item: Black Sludge
|turn|9
|
|move|p1a: Tentacruel|Scald|p2a: Berta
|-resisted|p2a: Berta
|-damage|p2a: Berta|218\/363
|-status|p2a: Berta|brn
|move|p2a: Berta|Giga Drain|p1a: Tentacruel
|-damage|p1a: Tentacruel|0 fnt
|-damage|p2a: Berta|177\/363 brn|[from] ability: Liquid Ooze|[of] p1a: Tentacruel
|faint|p1a: Tentacruel
|
|-damage|p2a: Berta|132\/363 brn|[from] brn
|
|switch|p1a: Sableye|Sableye-Mega, F|164\/304
|turn|10
|leave|Invok3r
|player|p1
|-message|invok3r lost due to inactivity.
|
|win|Ohmboy Tesla
|raw|Ladder updating...
|raw|Invok3r's rating: 1556 &rarr; <strong>1536<\/strong><br \/>(-20 for losing)
|raw|Ohmboy Tesla's rating: 1549 &rarr; <strong>1570<\/strong><br \/>(+21 for winning)