|join|Invok3r
|join|StrengthOfHeart
|player|p1|Invok3r|250
|player|p2|StrengthOfHeart|238
|gametype|singles
|gen|6
|tier|OU
|rated
|clearpoke
|poke|p1|Landorus, M
|poke|p1|Garchomp, F
|poke|p1|Gardevoir, F
|poke|p1|Bisharp, F
|poke|p1|Breloom, M
|poke|p1|Latios, M
|poke|p2|Charizard, M
|poke|p2|Ferrothorn, F
|poke|p2|Landorus-Therian, M, shiny
|poke|p2|Starmie
|poke|p2|Terrakion
|poke|p2|Thundurus, M, shiny
|rule|Swagger Clause: Swagger is banned
|rule|Baton Pass Clause: Limit one PokÃ©mon knowing Baton Pass
|rule|Sleep Clause Mod: Limit one foe put to sleep
|rule|Species Clause: Limit one of each PokÃ©mon
|rule|OHKO Clause: OHKO moves are banned
|rule|Moody Clause: Moody is banned
|rule|Evasion Moves Clause: Evasion moves are banned
|rule|Endless Battle Clause: Forcing endless battles is banned
|rule|HP Percentage Mod: HP is shown in percentages
|teampreview
|
|start
|switch|p1a: Garchomp|Garchomp, F|357\/357
|switch|p2a: Zippo|Charizard, M|333\/333
|turn|1
|
|switch|p2a: Mufasa|Landorus-Therian, M, shiny|382\/382
|-ability|p2a: Mufasa|Intimidate|[of] p1a: Garchomp
|-unboost|p1a: Garchomp|atk|1
|move|p1a: Garchomp|Stealth Rock|p2a: Mufasa
|-sidestart|p2: StrengthOfHeart|move: Stealth Rock
|
|turn|2
|
|move|p1a: Garchomp|Swords Dance|p1a: Garchomp
|-boost|p1a: Garchomp|atk|2
|move|p2a: Mufasa|Stealth Rock|p1a: Garchomp
|-sidestart|p1: Invok3r|move: Stealth Rock
|
|turn|3
|
|move|p1a: Garchomp|Dragon Claw|p2a: Mufasa
|-damage|p2a: Mufasa|207\/382
|move|p2a: Mufasa|U-turn|p1a: Garchomp
|-crit|p1a: Garchomp
|-damage|p1a: Garchomp|239\/357
|-damage|p2a: Mufasa|160\/382|[from] ability: Rough Skin|[of] p1a: Garchomp
|
|switch|p2a: Misty|Starmie|262\/262
|-damage|p2a: Misty|230\/262|[from] Stealth Rock
|
|turn|4
|
|move|p2a: Misty|Ice Beam|p1a: Garchomp
|-supereffective|p1a: Garchomp
|-damage|p1a: Garchomp|0 fnt
|-damage|p2a: Misty|204\/262|[from] item: Life Orb
|faint|p1a: Garchomp
|
|
|switch|p1a: Latios|Latios, M|301\/301
|-damage|p1a: Latios|264\/301|[from] Stealth Rock
|turn|5
|
|switch|p2a: IronVines|Ferrothorn, F|352\/352
|-damage|p2a: IronVines|330\/352|[from] Stealth Rock
|move|p1a: Latios|Draco Meteor|p2a: IronVines
|-resisted|p2a: IronVines
|-damage|p2a: IronVines|250\/352
|-unboost|p1a: Latios|spa|2
|
|-heal|p2a: IronVines|272\/352|[from] item: Leftovers
|turn|6
|
|switch|p1a: Breloom|Breloom, M|323\/323
|-damage|p1a: Breloom|303\/323|[from] Stealth Rock
|move|p2a: IronVines|Leech Seed|p1a: Breloom
|-immune|p1a: Breloom|[msg]
|
|-heal|p2a: IronVines|294\/352|[from] item: Leftovers
|-status|p1a: Breloom|tox|[from] item: Toxic Orb
|turn|7
|
|move|p1a: Breloom|Spore|p2a: IronVines
|-fail|p2a: IronVines
|move|p2a: IronVines|Gyro Ball|p1a: Breloom
|-damage|p1a: Breloom|155\/323 tox
|
|-heal|p2a: IronVines|316\/352|[from] item: Leftovers
|-heal|p1a: Breloom|195\/323 tox|[from] ability: Poison Heal
|turn|8
|
|move|p1a: Breloom|Superpower|p2a: IronVines
|-supereffective|p2a: IronVines
|-damage|p2a: IronVines|0 fnt
|-damage|p1a: Breloom|155\/323 tox|[from] ability: Iron Barbs|[of] p2a: IronVines
|-unboost|p1a: Breloom|atk|1
|-unboost|p1a: Breloom|def|1
|faint|p2a: IronVines
|
|-heal|p1a: Breloom|195\/323 tox|[from] ability: Poison Heal
|
|switch|p2a: Cumulonimbus|Thundurus, M, shiny|299\/299
|-damage|p2a: Cumulonimbus|225\/299|[from] Stealth Rock
|turn|9
|
|move|p2a: Cumulonimbus|Hidden Power|p1a: Breloom
|-supereffective|p1a: Breloom
|-damage|p1a: Breloom|0 fnt
|-damage|p2a: Cumulonimbus|196\/299|[from] item: Life Orb
|faint|p1a: Breloom
|
|
|switch|p1a: Gardevoir|Gardevoir, F|289\/289
|-damage|p1a: Gardevoir|253\/289|[from] Stealth Rock
|-ability|p1a: Gardevoir|Defiant|[from] ability: Trace|[of] p2a: Cumulonimbus
|turn|10
|
|detailschange|p1a: Gardevoir|Gardevoir-Mega, F
|-mega|p1a: Gardevoir|Gardevoir|Gardevoirite
|move|p2a: Cumulonimbus|Knock Off|p1a: Gardevoir
|-damage|p1a: Gardevoir|146\/289
|-damage|p2a: Cumulonimbus|167\/299|[from] item: Life Orb
|move|p1a: Gardevoir|Hyper Voice|p2a: Cumulonimbus
|-damage|p2a: Cumulonimbus|0 fnt
|faint|p2a: Cumulonimbus
|
|
|switch|p2a: BullDog|Terrakion|323\/323
|-damage|p2a: BullDog|303\/323|[from] Stealth Rock
|turn|11
|
|move|p2a: BullDog|X-Scissor|p1a: Gardevoir
|-crit|p1a: Gardevoir
|-damage|p1a: Gardevoir|0 fnt
|faint|p1a: Gardevoir
|
|
|switch|p1a: Latios|Latios, M|264\/301
|-damage|p1a: Latios|227\/301|[from] Stealth Rock
|turn|12
|
|switch|p2a: Mufasa|Landorus-Therian, M, shiny|160\/382
|-damage|p2a: Mufasa|113\/382|[from] Stealth Rock
|-ability|p2a: Mufasa|Intimidate|[of] p1a: Latios
|-unboost|p1a: Latios|atk|1
|move|p1a: Latios|Psyshock|p2a: Mufasa
|-damage|p2a: Mufasa|0 fnt
|faint|p2a: Mufasa
|
|
|switch|p2a: Misty|Starmie|204\/262
|-damage|p2a: Misty|172\/262|[from] Stealth Rock
|turn|13
|
|move|p1a: Latios|Psyshock|p2a: Misty
|-resisted|p2a: Misty
|-damage|p2a: Misty|90\/262
|move|p2a: Misty|Rapid Spin|p1a: Latios
|-damage|p1a: Latios|205\/301
|-sideend|p2: StrengthOfHeart|Stealth Rock|[from] move: Rapid Spin|[of] p2a: Misty
|-damage|p2a: Misty|64\/262|[from] item: Life Orb
|
|turn|14
|
|move|p1a: Latios|Psyshock|p2a: Misty
|-resisted|p2a: Misty
|-damage|p2a: Misty|0 fnt
|faint|p2a: Misty
|
|
|switch|p2a: Zippo|Charizard, M|333\/333
|turn|15
|
|detailschange|p2a: Zippo|Charizard-Mega-X, M
|-mega|p2a: Zippo|Charizard|Charizardite X
|move|p1a: Latios|Psyshock|p2a: Zippo
|-damage|p2a: Zippo|192\/333
|move|p2a: Zippo|Dragon Dance|p2a: Zippo
|-boost|p2a: Zippo|atk|1
|-boost|p2a: Zippo|spe|1
|
|turn|16
|
|move|p1a: Latios|Psyshock|p2a: Zippo
|-damage|p2a: Zippo|50\/333
|move|p2a: Zippo|Dragon Dance|p2a: Zippo
|-boost|p2a: Zippo|atk|1
|-boost|p2a: Zippo|spe|1
|
|turn|17
|
|switch|p1a: Landorus|Landorus, M|319\/319
|-damage|p1a: Landorus|280\/319|[from] Stealth Rock
|move|p2a: Zippo|Dragon Claw|p1a: Landorus
|-damage|p1a: Landorus|0 fnt
|faint|p1a: Landorus
|
|
|switch|p1a: Bisharp|Bisharp, F|333\/333
|-damage|p1a: Bisharp|313\/333|[from] Stealth Rock
|turn|18
|
|move|p1a: Bisharp|Sucker Punch|p2a: Zippo
|-fail|p2a: Zippo
|move|p2a: Zippo|Roost|p2a: Zippo
|-heal|p2a: Zippo|217\/333
|
|turn|19
|leave|Invok3r
|player|p1
|-message|invok3r lost due to inactivity.
|
|win|StrengthOfHeart
|raw|Ladder updating...
|raw|Invok3r's rating: 1675 &rarr; <strong>1644<\/strong><br \/>(-31 for losing)
|raw|StrengthOfHeart's rating: 1463 &rarr; <strong>1494<\/strong><br \/>(+31 for winning)