|join|Invok3r
|join|Amsi
|player|p1|Invok3r|250
|player|p2|Amsi|293
|gametype|singles
|gen|6
|tier|OU
|rated
|clearpoke
|poke|p1|Archeops, F, shiny
|poke|p1|Cacturne, M, shiny
|poke|p1|Gardevoir, M
|poke|p1|Keldeo
|poke|p1|Scizor, F
|poke|p1|Raikou, shiny
|poke|p2|Manectric, F
|poke|p2|Landorus-Therian, M
|poke|p2|Heatran, F
|poke|p2|Ferrothorn, F
|poke|p2|Clefable, F
|poke|p2|Keldeo-Resolute
|rule|Swagger Clause: Swagger is banned
|rule|Baton Pass Clause: Limit one PokÃ©mon knowing Baton Pass
|rule|Sleep Clause Mod: Limit one foe put to sleep
|rule|Species Clause: Limit one of each PokÃ©mon
|rule|OHKO Clause: OHKO moves are banned
|rule|Moody Clause: Moody is banned
|rule|Evasion Moves Clause: Evasion moves are banned
|rule|Endless Battle Clause: Forcing endless battles is banned
|rule|HP Percentage Mod: HP is shown in percentages
|teampreview
|join|Agilis
|
|start
|switch|p1a: Archie|Archeops, F, shiny|291\/291
|switch|p2a: Manectric|Manectric, F|281\/281
|turn|1
|
|switch|p1a: Cordelia|Gardevoir, M|277\/277
|-ability|p1a: Cordelia|Static|[from] ability: Trace|[of] p2a: Manectric
|detailschange|p2a: Manectric|Manectric-Mega, F
|-mega|p2a: Manectric|Manectric|Manectite
|-ability|p2a: Manectric|Intimidate|[of] p1a: Cordelia
|-unboost|p1a: Cordelia|atk|1
|move|p2a: Manectric|Protect|p2a: Manectric
|-fail|p2a: Manectric
|
|turn|2
|c|âInvok3r|nuu static
|c|âInvok3r|wtf
|c|âAmsi|yea i know
|c|âAmsi|need to change it
|
|detailschange|p1a: Cordelia|Gardevoir-Mega, M
|-mega|p1a: Cordelia|Gardevoir|Gardevoirite
|move|p2a: Manectric|Volt Switch|p1a: Cordelia
|-damage|p1a: Cordelia|174\/277
|
|switch|p2a: Heatran|Heatran, F|386\/386
|move|p1a: Cordelia|Focus Blast|p2a: Heatran
|-supereffective|p2a: Heatran
|-damage|p2a: Heatran|90\/386
|
|-heal|p2a: Heatran|114\/386|[from] item: Leftovers
|turn|3
|
|switch|p1a: Archie|Archeops, F, shiny|291\/291
|move|p2a: Heatran|Flash Cannon|p1a: Archie
|-supereffective|p1a: Archie
|-enditem|p1a: Archie|Focus Sash
|-damage|p1a: Archie|1\/291
|-unboost|p1a: Archie|spd|1
|
|-heal|p2a: Heatran|138\/386|[from] item: Leftovers
|turn|4
|
|switch|p2a: Landorus-Therian|Landorus-Therian, M|382\/382
|-ability|p2a: Landorus-Therian|Intimidate|[of] p1a: Archie
|-unboost|p1a: Archie|atk|1
|move|p1a: Archie|Stealth Rock|p2a: Landorus-Therian
|-sidestart|p2: Amsi|move: Stealth Rock
|
|turn|5
|
|move|p1a: Archie|Head Smash|p2a: Landorus-Therian|[miss]
|-miss|p1a: Archie|p2a: Landorus-Therian
|move|p2a: Landorus-Therian|Stealth Rock|p1a: Archie
|-sidestart|p1: Invok3r|move: Stealth Rock
|
|turn|6
|c|âInvok3r|sigh
|
|move|p1a: Archie|Endeavor|p2a: Landorus-Therian
|-damage|p2a: Landorus-Therian|1\/382
|move|p2a: Landorus-Therian|U-turn|p1a: Archie
|-resisted|p1a: Archie
|-damage|p1a: Archie|0 fnt
|faint|p1a: Archie
|
|switch|p2a: Manectric|Manectric-Mega, F|281\/281
|-damage|p2a: Manectric|246\/281|[from] Stealth Rock
|
|
|switch|p1a: President|Raikou, shiny|321\/321
|-damage|p1a: President|281\/321|[from] Stealth Rock
|-ability|p1a: President|Pressure
|turn|7
|c|âInvok3r|lagging rn
|
|move|p2a: Manectric|Volt Switch|p1a: President
|-resisted|p1a: President
|-damage|p1a: President|237\/321
|
|switch|p2a: Heatran|Heatran, F|138\/386
|-damage|p2a: Heatran|90\/386|[from] Stealth Rock
|move|p1a: President|Volt Switch|p2a: Heatran
|-damage|p2a: Heatran|0 fnt
|faint|p2a: Heatran
|
|switch|p1a: Pwny|Keldeo|323\/323
|-damage|p1a: Pwny|303\/323|[from] Stealth Rock
|
|
|switch|p2a: Ferrothorn|Ferrothorn, F|351\/351
|-damage|p2a: Ferrothorn|330\/351|[from] Stealth Rock
|turn|8
|
|switch|p1a: Kektus|Cacturne, M, shiny|281\/281
|-damage|p1a: Kektus|246\/281|[from] Stealth Rock
|move|p2a: Ferrothorn|Thunder Wave|p1a: Kektus
|-status|p1a: Kektus|par
|
|turn|9
|
|move|p1a: Kektus|Spikes|p2a: Ferrothorn
|-sidestart|p2: Amsi|Spikes
|move|p2a: Ferrothorn|Spikes|p1a: Kektus
|-sidestart|p1: Invok3r|Spikes
|
|turn|10
|
|move|p1a: Kektus|Spikes|p2a: Ferrothorn
|-sidestart|p2: Amsi|Spikes
|move|p2a: Ferrothorn|Spikes|p1a: Kektus
|-sidestart|p1: Invok3r|Spikes
|
|turn|11
|
|move|p1a: Kektus|Spikes|p2a: Ferrothorn
|-sidestart|p2: Amsi|Spikes
|move|p2a: Ferrothorn|Spikes|p1a: Kektus
|-sidestart|p1: Invok3r|Spikes
|
|turn|12
|
|move|p2a: Ferrothorn|Gyro Ball|p1a: Kektus
|-damage|p1a: Kektus|195\/281 par
|move|p1a: Kektus|Counter|p2a: Ferrothorn
|-damage|p2a: Ferrothorn|228\/351
|-damage|p1a: Kektus|160\/281 par|[from] ability: Iron Barbs|[of] p2a: Ferrothorn
|-damage|p1a: Kektus|114\/281 par|[from] item: Rocky Helmet|[of] p2a: Ferrothorn
|
|turn|13
|
|move|p2a: Ferrothorn|Gyro Ball|p1a: Kektus
|-damage|p1a: Kektus|57\/281 par
|move|p1a: Kektus|Counter|p2a: Ferrothorn
|-damage|p2a: Ferrothorn|114\/351
|-damage|p1a: Kektus|22\/281 par|[from] ability: Iron Barbs|[of] p2a: Ferrothorn
|-damage|p1a: Kektus|0 fnt|[from] item: Rocky Helmet|[of] p2a: Ferrothorn
|faint|p1a: Kektus
|
|
|switch|p1a: Scissor|Scizor, F|287\/287
|-damage|p1a: Scissor|252\/287|[from] Stealth Rock
|-damage|p1a: Scissor|181\/287|[from] Spikes
|turn|14
|
|move|p1a: Scissor|Bug Bite|p2a: Ferrothorn
|-damage|p2a: Ferrothorn|0 fnt
|-damage|p1a: Scissor|146\/287|[from] ability: Iron Barbs|[of] p2a: Ferrothorn
|-damage|p1a: Scissor|99\/287|[from] item: Rocky Helmet|[of] p2a: Ferrothorn
|-damage|p1a: Scissor|71\/287|[from] item: Life Orb
|faint|p2a: Ferrothorn
|
|
|switch|p2a: Keldeo-Resolute|Keldeo-Resolute|386\/386
|-damage|p2a: Keldeo-Resolute|362\/386|[from] Stealth Rock
|-damage|p2a: Keldeo-Resolute|266\/386|[from] Spikes
|turn|15
|
|move|p2a: Keldeo-Resolute|Substitute|p2a: Keldeo-Resolute
|-start|p2a: Keldeo-Resolute|Substitute
|-damage|p2a: Keldeo-Resolute|170\/386
|move|p1a: Scissor|Bug Bite|p2a: Keldeo-Resolute
|-resisted|p2a: Keldeo-Resolute
|-end|p2a: Keldeo-Resolute|Substitute
|-damage|p1a: Scissor|43\/287|[from] item: Life Orb
|
|-heal|p2a: Keldeo-Resolute|194\/386|[from] item: Leftovers
|turn|16
|
|move|p2a: Keldeo-Resolute|Substitute|p2a: Keldeo-Resolute
|-start|p2a: Keldeo-Resolute|Substitute
|-damage|p2a: Keldeo-Resolute|98\/386
|move|p1a: Scissor|Bug Bite|p2a: Keldeo-Resolute
|-resisted|p2a: Keldeo-Resolute
|-end|p2a: Keldeo-Resolute|Substitute
|-damage|p1a: Scissor|15\/287|[from] item: Life Orb
|
|-heal|p2a: Keldeo-Resolute|122\/386|[from] item: Leftovers
|turn|17
|
|move|p2a: Keldeo-Resolute|Substitute|p2a: Keldeo-Resolute
|-start|p2a: Keldeo-Resolute|Substitute
|-damage|p2a: Keldeo-Resolute|26\/386
|move|p1a: Scissor|Bug Bite|p2a: Keldeo-Resolute
|-resisted|p2a: Keldeo-Resolute
|-end|p2a: Keldeo-Resolute|Substitute
|-damage|p1a: Scissor|0 fnt|[from] item: Life Orb
|faint|p1a: Scissor
|
|-heal|p2a: Keldeo-Resolute|50\/386|[from] item: Leftovers
|
|switch|p1a: President|Raikou, shiny|237\/321
|-damage|p1a: President|157\/321|[from] Spikes
|-damage|p1a: President|117\/321|[from] Stealth Rock
|-ability|p1a: President|Pressure
|turn|18
|
|move|p1a: President|Shadow Ball|p2a: Keldeo-Resolute
|-damage|p2a: Keldeo-Resolute|0 fnt
|faint|p2a: Keldeo-Resolute
|
|
|switch|p2a: Manectric|Manectric-Mega, F|246\/281
|-damage|p2a: Manectric|176\/281|[from] Spikes
|-damage|p2a: Manectric|141\/281|[from] Stealth Rock
|-ability|p2a: Manectric|Intimidate|[of] p1a: President
|-unboost|p1a: President|atk|1
|turn|19
|
|move|p2a: Manectric|Overheat|p1a: President
|-damage|p1a: President|18\/321
|-unboost|p2a: Manectric|spa|2
|move|p1a: President|Shadow Ball|p2a: Manectric
|-damage|p2a: Manectric|40\/281
|
|turn|20
|
|move|p2a: Manectric|Hidden Power|p1a: President
|-damage|p1a: President|0 fnt
|faint|p1a: President
|
|
|switch|p1a: Cordelia|Gardevoir-Mega, M|174\/277
|-damage|p1a: Cordelia|140\/277|[from] Stealth Rock
|-damage|p1a: Cordelia|71\/277|[from] Spikes
|turn|21
|c|âInvok3r|-2 252 SpA Mega Manectric Thunderbolt vs. 0 HP \/ 0 SpD Mega Gardevoir: 58-70 (20.9 - 25.2%) -- 0.1% chance to 4HKO
|c|âInvok3r|you need crit
|
|move|p2a: Manectric|Volt Switch|p1a: Cordelia
|-damage|p1a: Cordelia|19\/277
|c|âAmsi|yea
|
|switch|p2a: Landorus-Therian|Landorus-Therian, M|1\/382
|-damage|p2a: Landorus-Therian|0 fnt|[from] Stealth Rock
|faint|p2a: Landorus-Therian
|move|p1a: Cordelia|Hyper Voice|p2: Landorus-Therian|[notarget]
|-notarget
|
|c|âAmsi|i fucked up at the end
|c|âAmsi|gg
|c|âInvok3r|wait
|c|âInvok3r|ur not cm clefable
|
|switch|p2a: Clefable|Clefable, F|394\/394
|turn|22
|c|âAmsi|if i calm mind i get KOÃ©d
|c|âInvok3r|hm
|
|move|p1a: Cordelia|Hyper Voice|p2a: Clefable
|-damage|p2a: Clefable|106\/394
|move|p2a: Clefable|Moonblast|p1a: Cordelia
|-crit|p1a: Cordelia
|-damage|p1a: Cordelia|0 fnt
|faint|p1a: Cordelia
|
|-heal|p2a: Clefable|130\/394|[from] item: Leftovers
|c|âAmsi|see
|
|switch|p1a: Pwny|Keldeo|303\/323
|-damage|p1a: Pwny|223\/323|[from] Spikes
|-damage|p1a: Pwny|203\/323|[from] Stealth Rock
|turn|23
|
|move|p1a: Pwny|Scald|p2a: Clefable
|-damage|p2a: Clefable|0 fnt
|faint|p2a: Clefable
|
|c|âInvok3r|yes
|c|âInvok3r|gg
|c|âInvok3r|i got past 1800
|c|âAmsi|gg
|c|âInvok3r|ranking
|c|âAmsi|nice
|
|switch|p2a: Manectric|Manectric-Mega, F|40\/281
|-damage|p2a: Manectric|5\/281|[from] Stealth Rock
|-damage|p2a: Manectric|0 fnt|[from] Spikes
|faint|p2a: Manectric
|
|win|Invok3r
|raw|Ladder updating...
|raw|Invok3r's rating: 1797 &rarr; <strong>1807<\/strong><br \/>(+10 for winning)
|raw|Amsi's rating: 1607 &rarr; <strong>1597<\/strong><br \/>(-10 for losing)
|c|âInvok3r|very good battle
|c|âAmsi|almost wonXD
|c|âInvok3r|yh
|c|âAmsi|a little to high for playing;)
|c|âInvok3r|:]
|c|âInvok3r|wait
|c|âInvok3r|ur drunk?
|c|âAmsi|no
|c|âInvok3r|oh
|c|âAmsi|smoke weed
|c|âInvok3r|niche