|join|Invok3r
|join|TuryWTF
|player|p1|Invok3r|266
|player|p2|TuryWTF|290
|gametype|singles
|gen|6
|tier|OU
|rated
|clearpoke
|poke|p1|Archeops, F, shiny
|poke|p1|Cacturne, F, shiny
|poke|p1|Gardevoir, M
|poke|p1|Keldeo
|poke|p1|Scizor, M
|poke|p1|Raikou, shiny
|poke|p2|Sceptile, M
|poke|p2|Heatran, M
|poke|p2|Mandibuzz, F
|poke|p2|Azumarill, F
|poke|p2|Conkeldurr, M
|poke|p2|Rotom-Wash
|rule|Swagger Clause: Swagger is banned
|rule|Baton Pass Clause: Limit one PokÃ©mon knowing Baton Pass
|rule|Sleep Clause Mod: Limit one foe put to sleep
|rule|Species Clause: Limit one of each PokÃ©mon
|rule|OHKO Clause: OHKO moves are banned
|rule|Moody Clause: Moody is banned
|rule|Evasion Moves Clause: Evasion moves are banned
|rule|Endless Battle Clause: Forcing endless battles is banned
|rule|HP Percentage Mod: HP is shown in percentages
|teampreview
|
|start
|switch|p1a: Archie|Archeops, F, shiny|291\/291
|switch|p2a: Azumarill|Azumarill, F|404\/404
|turn|1
|
|move|p2a: Azumarill|Aqua Jet|p1a: Archie
|-supereffective|p1a: Archie
|-damage|p1a: Archie|49\/291
|move|p1a: Archie|Stealth Rock|p2a: Azumarill
|-sidestart|p2: TuryWTF|move: Stealth Rock
|
|turn|2
|
|switch|p1a: Kektus|Cacturne, F, shiny|281\/281
|move|p2a: Azumarill|Knock Off|p1a: Kektus
|-resisted|p1a: Kektus
|-damage|p1a: Kektus|173\/281
|-enditem|p1a: Kektus|Focus Sash|[from] move: Knock Off|[of] p2a: Azumarill
|
|turn|3
|
|switch|p1a: Archie|Archeops, F, shiny|49\/291
|switch|p2a: Mandibuzz|Mandibuzz, F|423\/423
|-damage|p2a: Mandibuzz|318\/423|[from] Stealth Rock
|
|turn|4
|
|move|p1a: Archie|Taunt|p2a: Mandibuzz
|-start|p2a: Mandibuzz|move: Taunt
|move|p2a: Mandibuzz|Foul Play|p1a: Archie
|-damage|p1a: Archie|0 fnt
|faint|p1a: Archie
|
|
|switch|p1a: President|Raikou, shiny|321\/321
|-ability|p1a: President|Pressure
|turn|5
|
|switch|p2a: Heatran|Heatran, M|386\/386
|-damage|p2a: Heatran|338\/386|[from] Stealth Rock
|move|p1a: President|Volt Switch|p2a: Heatran
|-damage|p2a: Heatran|245\/386
|
|switch|p1a: Cordelia|Gardevoir, M|277\/277
|-ability|p1a: Cordelia|Flash Fire|[from] ability: Trace|[of] p2a: Heatran
|
|-heal|p2a: Heatran|269\/386|[from] item: Leftovers
|turn|6
|
|detailschange|p1a: Cordelia|Gardevoir-Mega, M
|-mega|p1a: Cordelia|Gardevoir|Gardevoirite
|move|p1a: Cordelia|Focus Blast|p2a: Heatran
|-supereffective|p2a: Heatran
|-damage|p2a: Heatran|23\/386
|-unboost|p2a: Heatran|spd|1
|move|p2a: Heatran|Roar|p1a: Cordelia
|drag|p1a: Scissor|Scizor, M|287\/287
|
|-heal|p2a: Heatran|47\/386|[from] item: Leftovers
|turn|7
|
|switch|p1a: President|Raikou, shiny|321\/321
|-ability|p1a: President|Pressure
|move|p2a: Heatran|Protect|p2a: Heatran
|-fail|p2a: Heatran
|
|-heal|p2a: Heatran|71\/386|[from] item: Leftovers
|turn|8
|
|move|p2a: Heatran|Protect|p2a: Heatran
|-singleturn|p2a: Heatran|Protect
|move|p1a: President|Volt Switch|p2a: Heatran
|-activate|p2a: Heatran|Protect
|
|-heal|p2a: Heatran|95\/386|[from] item: Leftovers
|turn|9
|
|switch|p2a: Rotom-Wash|Rotom-Wash|304\/304
|-damage|p2a: Rotom-Wash|266\/304|[from] Stealth Rock
|move|p1a: President|Volt Switch|p2a: Rotom-Wash
|-crit|p2a: Rotom-Wash
|-damage|p2a: Rotom-Wash|134\/304
|
|switch|p1a: Cordelia|Gardevoir-Mega, M|277\/277
|
|-heal|p2a: Rotom-Wash|153\/304|[from] item: Leftovers
|turn|10
|
|move|p2a: Rotom-Wash|Protect|p2a: Rotom-Wash
|-singleturn|p2a: Rotom-Wash|Protect
|move|p1a: Cordelia|Hyper Voice|p2a: Rotom-Wash
|-activate|p2a: Rotom-Wash|Protect
|
|-heal|p2a: Rotom-Wash|172\/304|[from] item: Leftovers
|turn|11
|
|move|p1a: Cordelia|Calm Mind|p1a: Cordelia
|-boost|p1a: Cordelia|spa|1
|-boost|p1a: Cordelia|spd|1
|move|p2a: Rotom-Wash|Hydro Pump|p1a: Cordelia|[miss]
|-miss|p2a: Rotom-Wash|p1a: Cordelia
|
|-heal|p2a: Rotom-Wash|191\/304|[from] item: Leftovers
|turn|12
|
|move|p1a: Cordelia|Hyper Voice|p2a: Rotom-Wash
|-damage|p2a: Rotom-Wash|0 fnt
|faint|p2a: Rotom-Wash
|
|
|switch|p2a: Azumarill|Azumarill, F|404\/404
|-damage|p2a: Azumarill|354\/404|[from] Stealth Rock
|turn|13
|
|move|p1a: Cordelia|Hyper Voice|p2a: Azumarill
|-damage|p2a: Azumarill|0 fnt
|faint|p2a: Azumarill
|
|c|âTuryWTF|gg
|-message|TuryWTF forfeited.
|leave|TuryWTF
|
|win|Invok3r
|raw|Ladder updating...
|player|p2