|join|Invok3r
|join|sahsingh
|player|p1|Invok3r|250
|player|p2|sahsingh|2
|gametype|singles
|gen|6
|tier|OU
|rated
|clearpoke
|poke|p1|Diancie
|poke|p1|Heracross, M
|poke|p1|Dragalge, M
|poke|p1|Slowbro, M, shiny
|poke|p1|Heatran, M
|poke|p1|Cresselia, F
|poke|p2|Gardevoir, M
|poke|p2|Latios, M
|poke|p2|Keldeo
|poke|p2|Ferrothorn, F
|poke|p2|Tyranitar, F
|poke|p2|Excadrill, F
|rule|Swagger Clause: Swagger is banned
|rule|Baton Pass Clause: Limit one PokÃ©mon knowing Baton Pass
|rule|Sleep Clause Mod: Limit one foe put to sleep
|rule|Species Clause: Limit one of each PokÃ©mon
|rule|OHKO Clause: OHKO moves are banned
|rule|Moody Clause: Moody is banned
|rule|Evasion Moves Clause: Evasion moves are banned
|rule|Endless Battle Clause: Forcing endless battles is banned
|rule|HP Percentage Mod: HP is shown in percentages
|teampreview
|
|start
|switch|p1a: Diancie|Diancie|304\/304
|switch|p2a: Crests of Waves|Keldeo|323\/323
|turn|1
|
|switch|p2a: The Scientist|Ferrothorn, F|352\/352
|switch|p1a: Slowbro|Slowbro, M, shiny|394\/394
|
|turn|2
|
|move|p2a: The Scientist|Leech Seed|p1a: Slowbro
|-start|p1a: Slowbro|move: Leech Seed
|move|p1a: Slowbro|Trick Room|p1a: Slowbro
|-fieldstart|move: Trick Room|[of] p1a: Slowbro
|
|-damage|p1a: Slowbro|345\/394|[from] Leech Seed|[of] p2a: The Scientist
|turn|3
|
|switch|p1a: Heracross|Heracross, M|363\/363
|move|p2a: The Scientist|Power Whip|p1a: Heracross
|-resisted|p1a: Heracross
|-damage|p1a: Heracross|278\/363
|
|turn|4
|
|detailschange|p1a: Heracross|Heracross-Mega, M
|-mega|p1a: Heracross|Heracross|Heracronite
|move|p2a: The Scientist|Protect|p2a: The Scientist
|-singleturn|p2a: The Scientist|Protect
|move|p1a: Heracross|Close Combat|p2a: The Scientist
|-activate|p2a: The Scientist|Protect
|
|turn|5
|
|switch|p2a: Magic|Gardevoir, M|277\/277
|-ability|p2a: Magic|Skill Link|[from] ability: Trace|[of] p1a: Heracross
|move|p1a: Heracross|Close Combat|p2a: Magic
|-resisted|p2a: Magic
|-damage|p2a: Magic|177\/277
|-unboost|p1a: Heracross|def|1
|-unboost|p1a: Heracross|spd|1
|
|turn|6
|
|switch|p2a: The Scientist|Ferrothorn, F|352\/352
|move|p1a: Heracross|Bullet Seed|p2a: The Scientist
|-resisted|p2a: The Scientist
|-damage|p2a: The Scientist|345\/352
|-resisted|p2a: The Scientist
|-damage|p2a: The Scientist|337\/352
|-resisted|p2a: The Scientist
|-damage|p2a: The Scientist|330\/352
|-resisted|p2a: The Scientist
|-damage|p2a: The Scientist|324\/352
|-resisted|p2a: The Scientist
|-damage|p2a: The Scientist|317\/352
|-hitcount|p2a: The Scientist|5
|
|-heal|p2a: The Scientist|339\/352|[from] item: Leftovers
|-fieldend|move: Trick Room
|turn|7
|
|switch|p2a: High Speed|Latios, M|299\/299
|move|p1a: Heracross|Close Combat|p2a: High Speed
|-resisted|p2a: High Speed
|-damage|p2a: High Speed|110\/299
|-unboost|p1a: Heracross|def|1
|-unboost|p1a: Heracross|spd|1
|
|turn|8
|
|switch|p1a: Cresselia|Cresselia, F|444\/444
|move|p2a: High Speed|Psyshock|p1a: Cresselia
|-resisted|p1a: Cresselia
|-damage|p1a: Cresselia|362\/444
|-damage|p2a: High Speed|81\/299|[from] item: Life Orb
|
|-heal|p1a: Cresselia|389\/444|[from] item: Leftovers
|turn|9
|
|switch|p2a: Shiver|Tyranitar, F|403\/403
|-weather|Sandstorm
|move|p1a: Cresselia|Trick Room|p1a: Cresselia
|-fieldstart|move: Trick Room|[of] p1a: Cresselia
|
|-weather|Sandstorm|[upkeep]
|-damage|p1a: Cresselia|362\/444|[from] sandstorm
|-heal|p1a: Cresselia|389\/444|[from] item: Leftovers
|turn|10
|
|move|p2a: Shiver|Pursuit|p1a: Cresselia|[from]Pursuit
|-crit|p1a: Cresselia
|-supereffective|p1a: Cresselia
|-damage|p1a: Cresselia|39\/444
|switch|p1a: Dragalge|Dragalge, M|333\/333
|
|-weather|Sandstorm|[upkeep]
|-damage|p1a: Dragalge|313\/333|[from] sandstorm
|turn|11
|
|move|p1a: Dragalge|Focus Blast|p2a: Shiver
|-supereffective|p2a: Shiver
|-damage|p2a: Shiver|0 fnt
|-damage|p1a: Dragalge|280\/333|[from] item: Life Orb
|faint|p2a: Shiver
|
|-weather|Sandstorm|[upkeep]
|-damage|p1a: Dragalge|260\/333|[from] sandstorm
|
|switch|p2a: Such a Rush|Excadrill, F|361\/361
|turn|12
|
|move|p1a: Dragalge|Focus Blast|p2a: Such a Rush
|-supereffective|p2a: Such a Rush
|-damage|p2a: Such a Rush|0 fnt
|-damage|p1a: Dragalge|227\/333|[from] item: Life Orb
|faint|p2a: Such a Rush
|
|-weather|Sandstorm|[upkeep]
|-damage|p1a: Dragalge|207\/333|[from] sandstorm
|
|switch|p2a: The Scientist|Ferrothorn, F|339\/352
|turn|13
|
|move|p2a: The Scientist|Leech Seed|p1a: Dragalge|[miss]
|-miss|p2a: The Scientist|p1a: Dragalge
|move|p1a: Dragalge|Focus Blast|p2a: The Scientist|[miss]
|-miss|p1a: Dragalge|p2a: The Scientist
|
|-weather|Sandstorm|[upkeep]
|-damage|p1a: Dragalge|187\/333|[from] sandstorm
|-heal|p2a: The Scientist|352\/352|[from] item: Leftovers
|-fieldend|move: Trick Room
|turn|14
|
|switch|p1a: Heatran|Heatran, M|385\/385
|move|p2a: The Scientist|Leech Seed|p1a: Heatran
|-start|p1a: Heatran|move: Leech Seed
|
|-weather|Sandstorm|[upkeep]
|-damage|p1a: Heatran|337\/385|[from] Leech Seed|[of] p2a: The Scientist
|turn|15
|
|switch|p2a: Crests of Waves|Keldeo|323\/323
|move|p1a: Heatran|Fire Blast|p2a: Crests of Waves
|-resisted|p2a: Crests of Waves
|-damage|p2a: Crests of Waves|158\/323
|
|-weather|Sandstorm|[upkeep]
|-damage|p2a: Crests of Waves|138\/323|[from] sandstorm
|-damage|p1a: Heatran|289\/385|[from] Leech Seed|[of] p2a: Crests of Waves
|-heal|p2a: Crests of Waves|186\/323|[silent]
|turn|16
|
|switch|p1a: Cresselia|Cresselia, F|39\/444
|move|p2a: Crests of Waves|Hydro Pump|p1a: Cresselia
|-damage|p1a: Cresselia|0 fnt
|faint|p1a: Cresselia
|
|-weather|none
|
|switch|p1a: Slowbro|Slowbro, M, shiny|394\/394
|turn|17
|
|move|p2a: Crests of Waves|Hydro Pump|p1a: Slowbro
|-resisted|p1a: Slowbro
|-damage|p1a: Slowbro|204\/394
|move|p1a: Slowbro|Trick Room|p1a: Slowbro
|-fieldstart|move: Trick Room|[of] p1a: Slowbro
|
|-heal|p1a: Slowbro|228\/394|[from] item: Leftovers
|turn|18
|
|switch|p1a: Dragalge|Dragalge, M|187\/333
|move|p2a: Crests of Waves|Hydro Pump|p1a: Dragalge
|-resisted|p1a: Dragalge
|-damage|p1a: Dragalge|60\/333
|
|turn|19
|
|switch|p2a: The Scientist|Ferrothorn, F|352\/352
|move|p1a: Dragalge|Focus Blast|p2a: The Scientist
|-supereffective|p2a: The Scientist
|-damage|p2a: The Scientist|118\/352
|-damage|p1a: Dragalge|27\/333|[from] item: Life Orb
|
|-heal|p2a: The Scientist|140\/352|[from] item: Leftovers
|turn|20
|
|move|p2a: The Scientist|Protect|p2a: The Scientist
|-singleturn|p2a: The Scientist|Protect
|move|p1a: Dragalge|Focus Blast|p2a: The Scientist
|-activate|p2a: The Scientist|Protect
|
|-heal|p2a: The Scientist|162\/352|[from] item: Leftovers
|turn|21
|
|switch|p2a: Magic|Gardevoir, M|177\/277
|-ability|p2a: Magic|Adaptability|[from] ability: Trace|[of] p1a: Dragalge
|move|p1a: Dragalge|Focus Blast|p2a: Magic
|-resisted|p2a: Magic
|-damage|p2a: Magic|142\/277
|-damage|p1a: Dragalge|0 fnt|[from] item: Life Orb
|faint|p1a: Dragalge
|
|-fieldend|move: Trick Room
|
|switch|p1a: Diancie|Diancie|304\/304
|turn|22
|
|detailschange|p2a: Magic|Gardevoir-Mega, M
|-mega|p2a: Magic|Gardevoir|Gardevoirite
|move|p2a: Magic|Hyper Voice|p1a: Diancie
|-damage|p1a: Diancie|124\/304
|move|p1a: Diancie|Trick Room|p1a: Diancie
|-fieldstart|move: Trick Room|[of] p1a: Diancie
|
|turn|23
|
|move|p1a: Diancie|Explosion|p2a: Magic
|-enditem|p1a: Diancie|Normal Gem|[from] gem|[move] Explosion
|-damage|p2a: Magic|0 fnt
|faint|p1a: Diancie
|faint|p2a: Magic
|
|
|switch|p1a: Heracross|Heracross-Mega, M|278\/363
|switch|p2a: The Scientist|Ferrothorn, F|162\/352
|turn|24
|
|move|p2a: The Scientist|Protect|p2a: The Scientist
|-singleturn|p2a: The Scientist|Protect
|move|p1a: Heracross|Close Combat|p2a: The Scientist
|-activate|p2a: The Scientist|Protect
|
|-heal|p2a: The Scientist|184\/352|[from] item: Leftovers
|turn|25
|
|switch|p2a: High Speed|Latios, M|81\/299
|move|p1a: Heracross|Close Combat|p2a: High Speed
|-resisted|p2a: High Speed
|-damage|p2a: High Speed|0 fnt
|-unboost|p1a: Heracross|def|1
|-unboost|p1a: Heracross|spd|1
|faint|p2a: High Speed
|
|
|switch|p2a: The Scientist|Ferrothorn, F|184\/352
|turn|26
|
|move|p2a: The Scientist|Protect|p2a: The Scientist
|-singleturn|p2a: The Scientist|Protect
|move|p1a: Heracross|Close Combat|p2a: The Scientist
|-activate|p2a: The Scientist|Protect
|
|-heal|p2a: The Scientist|206\/352|[from] item: Leftovers
|-fieldend|move: Trick Room
|turn|27
|
|move|p1a: Heracross|Close Combat|p2a: The Scientist
|-supereffective|p2a: The Scientist
|-damage|p2a: The Scientist|0 fnt
|-damage|p1a: Heracross|233\/363|[from] ability: Iron Barbs|[of] p2a: The Scientist
|-unboost|p1a: Heracross|def|1
|-unboost|p1a: Heracross|spd|1
|faint|p2a: The Scientist
|
|
|switch|p2a: Crests of Waves|Keldeo|186\/323
|turn|28
|
|switch|p1a: Heatran|Heatran, M|289\/385
|move|p2a: Crests of Waves|Scald|p1a: Heatran
|-supereffective|p1a: Heatran
|-damage|p1a: Heatran|0 fnt
|faint|p1a: Heatran
|
|
|switch|p1a: Slowbro|Slowbro, M, shiny|359\/394
|turn|29
|
|move|p2a: Crests of Waves|Scald|p1a: Slowbro
|-resisted|p1a: Slowbro
|-damage|p1a: Slowbro|225\/394
|-status|p1a: Slowbro|brn
|move|p1a: Slowbro|Trick Room|p1a: Slowbro
|-fieldstart|move: Trick Room|[of] p1a: Slowbro
|
|-heal|p1a: Slowbro|249\/394 brn|[from] item: Leftovers
|-damage|p1a: Slowbro|200\/394 brn|[from] brn
|turn|30
|
|move|p1a: Slowbro|Toxic|p2a: Crests of Waves
|-status|p2a: Crests of Waves|tox
|move|p2a: Crests of Waves|Scald|p1a: Slowbro
|-resisted|p1a: Slowbro
|-damage|p1a: Slowbro|73\/394 brn
|
|-heal|p1a: Slowbro|97\/394 brn|[from] item: Leftovers
|-damage|p1a: Slowbro|48\/394 brn|[from] brn
|-damage|p2a: Crests of Waves|166\/323 tox|[from] psn
|turn|31
|
|move|p1a: Slowbro|Scald|p2a: Crests of Waves
|-resisted|p2a: Crests of Waves
|-damage|p2a: Crests of Waves|113\/323 tox
|move|p2a: Crests of Waves|Scald|p1a: Slowbro
|-resisted|p1a: Slowbro
|-damage|p1a: Slowbro|0 fnt
|faint|p1a: Slowbro
|
|-damage|p2a: Crests of Waves|73\/323 tox|[from] psn
|
|switch|p1a: Heracross|Heracross-Mega, M|233\/363
|turn|32
|
|move|p1a: Heracross|Bullet Seed|p2a: Crests of Waves
|-supereffective|p2a: Crests of Waves
|-damage|p2a: Crests of Waves|0 fnt
|-hitcount|p2a: Crests of Waves|1
|faint|p2a: Crests of Waves
|
|win|Invok3r
|raw|Ladder updating...
|raw|Invok3r's rating: 1613 &rarr; <strong>1631<\/strong><br \/>(+18 for winning)
|raw|sahsingh's rating: 1587 &rarr; <strong>1568<\/strong><br \/>(-19 for losing)
|leave|sahsingh
|player|p2