|join|Invok3r
|join|Kama Sutra
|player|p1|Invok3r|250
|player|p2|Kama Sutra|79
|gametype|singles
|gen|6
|tier|OU
|rated
|clearpoke
|poke|p1|Garchomp, M, shiny
|poke|p1|Alakazam, F, shiny
|poke|p1|Scizor, F
|poke|p1|Keldeo
|poke|p1|Raikou, shiny
|poke|p1|Lopunny, M, shiny
|poke|p2|Venusaur, M
|poke|p2|Heatran, F
|poke|p2|Keldeo-Resolute
|poke|p2|Bisharp, F
|poke|p2|Chansey, F
|poke|p2|Skarmory, M
|rule|Swagger Clause: Swagger is banned
|rule|Baton Pass Clause: Limit one PokÃ©mon knowing Baton Pass
|rule|Sleep Clause Mod: Limit one foe put to sleep
|rule|Species Clause: Limit one of each PokÃ©mon
|rule|OHKO Clause: OHKO moves are banned
|rule|Moody Clause: Moody is banned
|rule|Evasion Moves Clause: Evasion moves are banned
|rule|Endless Battle Clause: Forcing endless battles is banned
|rule|HP Percentage Mod: HP is shown in percentages
|teampreview
|c|âKama Sutra|ugh why am I on this account
|
|start
|switch|p1a: Raikou|Raikou, shiny|329\/329
|switch|p2a: Heatran|Heatran, F|323\/323
|-ability|p1a: Raikou|Pressure
|-item|p2a: Heatran|Air Balloon
|turn|1
|
|move|p1a: Raikou|Volt Switch|p2a: Heatran
|-damage|p2a: Heatran|158\/323
|-enditem|p2a: Heatran|Air Balloon
|
|switch|p1a: Garchomp|Garchomp, M, shiny|357\/357
|move|p2a: Heatran|Stealth Rock|p1a: Garchomp
|-sidestart|p1: Invok3r|move: Stealth Rock
|
|turn|2
|
|switch|p2a: Skarmory|Skarmory, M|334\/334
|move|p1a: Garchomp|Stealth Rock|p2a: Skarmory
|-sidestart|p2: Kama Sutra|move: Stealth Rock
|
|turn|3
|
|switch|p1a: Raikou|Raikou, shiny|329\/329
|-damage|p1a: Raikou|288\/329|[from] Stealth Rock
|-ability|p1a: Raikou|Pressure
|move|p2a: Skarmory|Spikes|p1a: Raikou
|-sidestart|p1: Invok3r|Spikes
|
|turn|4
|
|switch|p2a: Chansey|Chansey, F|642\/642
|-damage|p2a: Chansey|562\/642|[from] Stealth Rock
|move|p1a: Raikou|Volt Switch|p2a: Chansey
|-damage|p2a: Chansey|480\/642
|
|switch|p1a: Lopunny|Lopunny, M, shiny|271\/271
|-damage|p1a: Lopunny|238\/271|[from] Spikes
|-damage|p1a: Lopunny|205\/271|[from] Stealth Rock
|
|turn|5
|
|switch|p2a: Heatran|Heatran, F|158\/323
|-damage|p2a: Heatran|118\/323|[from] Stealth Rock
|detailschange|p1a: Lopunny|Lopunny-Mega, M, shiny
|-mega|p1a: Lopunny|Lopunny|Lopunnite
|move|p1a: Lopunny|Return|p2a: Heatran
|-resisted|p2a: Heatran
|-damage|p2a: Heatran|23\/323
|
|turn|6
|
|move|p1a: Lopunny|Power-Up Punch|p2a: Heatran
|-supereffective|p2a: Heatran
|-damage|p2a: Heatran|0 fnt
|-boost|p1a: Lopunny|atk|1
|faint|p2a: Heatran
|
|
|switch|p2a: Venusaur|Venusaur, M|360\/360
|-damage|p2a: Venusaur|315\/360|[from] Stealth Rock
|turn|7
|leave|Kama Sutra
|join|Kama Sutra
|player|p2
|player|p2|Kama Sutra|79
|
|detailschange|p2a: Venusaur|Venusaur-Mega, M
|-mega|p2a: Venusaur|Venusaur|Venusaurite
|move|p1a: Lopunny|Return|p2a: Venusaur
|-damage|p2a: Venusaur|116\/360
|move|p2a: Venusaur|Leech Seed|p1a: Lopunny
|-start|p1a: Lopunny|move: Leech Seed
|
|-damage|p1a: Lopunny|172\/271|[from] Leech Seed|[of] p2a: Venusaur
|-heal|p2a: Venusaur|149\/360|[silent]
|turn|8
|
|switch|p2a: Skarmory|Skarmory, M|334\/334
|-damage|p2a: Skarmory|293\/334|[from] Stealth Rock
|move|p1a: Lopunny|Return|p2a: Skarmory
|-resisted|p2a: Skarmory
|-damage|p2a: Skarmory|198\/334
|
|-heal|p2a: Skarmory|218\/334|[from] item: Leftovers
|-damage|p1a: Lopunny|139\/271|[from] Leech Seed|[of] p2a: Skarmory
|-heal|p2a: Skarmory|251\/334|[silent]
|turn|9
|
|move|p1a: Lopunny|High Jump Kick|p2a: Skarmory
|-damage|p2a: Skarmory|5\/334
|move|p2a: Skarmory|Roost|p2a: Skarmory
|-heal|p2a: Skarmory|172\/334
|
|-heal|p2a: Skarmory|192\/334|[from] item: Leftovers
|-damage|p1a: Lopunny|106\/271|[from] Leech Seed|[of] p2a: Skarmory
|-heal|p2a: Skarmory|225\/334|[silent]
|turn|10
|
|move|p1a: Lopunny|High Jump Kick|p2a: Skarmory
|-damage|p2a: Skarmory|17\/334
|move|p2a: Skarmory|Roost|p2a: Skarmory
|-heal|p2a: Skarmory|184\/334
|
|-heal|p2a: Skarmory|204\/334|[from] item: Leftovers
|-damage|p1a: Lopunny|73\/271|[from] Leech Seed|[of] p2a: Skarmory
|-heal|p2a: Skarmory|237\/334|[silent]
|turn|11
|c|âKama Sutra|the min max
|
|move|p1a: Lopunny|Power-Up Punch|p2a: Skarmory
|-damage|p2a: Skarmory|171\/334
|-boost|p1a: Lopunny|atk|1
|move|p2a: Skarmory|Roost|p2a: Skarmory
|-heal|p2a: Skarmory|334\/334
|
|-damage|p1a: Lopunny|40\/271|[from] Leech Seed|[of] p2a: Skarmory
|turn|12
|
|switch|p2a: Venusaur|Venusaur-Mega, M|149\/360
|-damage|p2a: Venusaur|104\/360|[from] Stealth Rock
|move|p1a: Lopunny|High Jump Kick|p2a: Venusaur
|-resisted|p2a: Venusaur
|-damage|p2a: Venusaur|0 fnt
|faint|p2a: Venusaur
|
|
|switch|p2a: Bisharp|Bisharp, F|271\/271
|-damage|p2a: Bisharp|255\/271|[from] Stealth Rock
|turn|13
|
|move|p2a: Bisharp|Sucker Punch|p1a: Lopunny
|-resisted|p1a: Lopunny
|-damage|p1a: Lopunny|0 fnt
|faint|p1a: Lopunny
|
|-heal|p2a: Bisharp|271\/271|[from] item: Leftovers
|
|switch|p1a: Keldeo|Keldeo|323\/323
|-damage|p1a: Keldeo|303\/323|[from] Stealth Rock
|-damage|p1a: Keldeo|263\/323|[from] Spikes
|turn|14
|-message|Kama Sutra lost due to inactivity.
|
|win|Invok3r
|raw|Ladder updating...
|raw|Invok3r's rating: 1744 &rarr; <strong>1760<\/strong><br \/>(+16 for winning)
|raw|Kama Sutra's rating: 1667 &rarr; <strong>1652<\/strong><br \/>(-15 for losing)
|leave|Invok3r
|join|Invok3r
|player|p1