|join|Invok3r
|join|Ox the Box
|player|p1|Invok3r|250
|player|p2|Ox the Box|201
|gametype|singles
|gen|6
|tier|OU
|rated
|clearpoke
|poke|p1|Landorus, M
|poke|p1|Garchomp, M
|poke|p1|Scizor, M
|poke|p1|Latias, F
|poke|p1|Gengar, F
|poke|p1|Keldeo
|poke|p2|Politoed, M
|poke|p2|Heracross, F
|poke|p2|Tornadus-Therian, M
|poke|p2|Kingdra, M
|poke|p2|Seismitoad, F
|poke|p2|Jirachi
|rule|Swagger Clause: Swagger is banned
|rule|Baton Pass Clause: Limit one PokÃ©mon knowing Baton Pass
|rule|Sleep Clause Mod: Limit one foe put to sleep
|rule|Species Clause: Limit one of each PokÃ©mon
|rule|OHKO Clause: OHKO moves are banned
|rule|Moody Clause: Moody is banned
|rule|Evasion Moves Clause: Evasion moves are banned
|rule|Endless Battle Clause: Forcing endless battles is banned
|rule|HP Percentage Mod: HP is shown in percentages
|teampreview
|c|âOx the Box|glhf
|
|start
|switch|p1a: Garchomp|Garchomp, M|357\/357
|switch|p2a: Seismitoad|Seismitoad, F|404\/404
|turn|1
|
|move|p1a: Garchomp|Stealth Rock|p2a: Seismitoad
|-sidestart|p2: Ox the Box|move: Stealth Rock
|move|p2a: Seismitoad|Stealth Rock|p1a: Garchomp
|-sidestart|p1: Invok3r|move: Stealth Rock
|
|turn|2
|
|move|p1a: Garchomp|Swords Dance|p1a: Garchomp
|-boost|p1a: Garchomp|atk|2
|move|p2a: Seismitoad|Earth Power|p1a: Garchomp
|-damage|p1a: Garchomp|145\/357
|-damage|p2a: Seismitoad|364\/404|[from] item: Life Orb
|
|turn|3
|join|Time Stall Me
|c| Time Stall Me|Your going to need fans
|
|switch|p2a: Heracross|Heracross, F|301\/301
|-damage|p2a: Heracross|264\/301|[from] Stealth Rock
|move|p1a: Garchomp|Dragon Claw|p2a: Heracross
|-damage|p2a: Heracross|0 fnt
|faint|p2a: Heracross
|
|
|switch|p2a: Tornadus-Therian|Tornadus-Therian, M|299\/299
|-damage|p2a: Tornadus-Therian|225\/299|[from] Stealth Rock
|turn|4
|
|move|p2a: Tornadus-Therian|Hurricane|p1a: Garchomp
|-damage|p1a: Garchomp|0 fnt
|-damage|p2a: Tornadus-Therian|196\/299|[from] item: Life Orb
|faint|p1a: Garchomp
|
|c|âOx the Box|hit
|c|âOx the Box|ty
|c| Time Stall Me|You hit
|c| Time Stall Me|how?
|
|switch|p1a: Scizor|Scizor, M|281\/281
|-damage|p1a: Scizor|246\/281|[from] Stealth Rock
|turn|5
|
|switch|p2a: Politoed|Politoed, M|383\/383
|-damage|p2a: Politoed|336\/383|[from] Stealth Rock
|-weather|RainDance
|detailschange|p1a: Scizor|Scizor-Mega, M
|-mega|p1a: Scizor|Scizor|Scizorite
|move|p1a: Scizor|Swords Dance|p1a: Scizor
|-boost|p1a: Scizor|atk|2
|
|-weather|RainDance|[upkeep]
|turn|6
|
|move|p1a: Scizor|Bug Bite|p2a: Politoed
|-damage|p2a: Politoed|0 fnt
|faint|p2a: Politoed
|
|-weather|RainDance|[upkeep]
|
|switch|p2a: Kingdra|Kingdra, M|291\/291
|-damage|p2a: Kingdra|255\/291|[from] Stealth Rock
|turn|7
|c|âOx the Box|that kills
|c| Time Stall Me|Shit...
|
|switch|p1a: Landorus|Landorus, M|319\/319
|-damage|p1a: Landorus|280\/319|[from] Stealth Rock
|move|p2a: Kingdra|Surf|p1a: Landorus
|-supereffective|p1a: Landorus
|-damage|p1a: Landorus|0 fnt
|faint|p1a: Landorus
|
|-weather|RainDance|[upkeep]
|
|switch|p1a: Latias|Latias, F|301\/301
|-damage|p1a: Latias|264\/301|[from] Stealth Rock
|turn|8
|
|switch|p1a: Gengar|Gengar, F|261\/261
|-damage|p1a: Gengar|229\/261|[from] Stealth Rock
|move|p2a: Kingdra|Surf|p1a: Gengar
|-damage|p1a: Gengar|0 fnt
|faint|p1a: Gengar
|
|-weather|RainDance|[upkeep]
|c|âOx the Box|aight
|join|req'd by crobro
|
|switch|p1a: Keldeo|Keldeo|323\/323
|-damage|p1a: Keldeo|303\/323|[from] Stealth Rock
|turn|9
|
|move|p2a: Kingdra|Surf|p1a: Keldeo
|-resisted|p1a: Keldeo
|-damage|p1a: Keldeo|137\/323
|move|p1a: Keldeo|Secret Sword|p2a: Kingdra
|-damage|p2a: Kingdra|104\/291
|
|-weather|RainDance|[upkeep]
|turn|10
|-message|Invok3r forfeited.
|leave|Invok3r
|
|win|Ox the Box
|raw|Ladder updating...
|player|p1
|raw|Invok3r's rating: 1686 &rarr; <strong>1655<\/strong><br \/>(-31 for losing)
|raw|Ox the Box's rating: 1477 &rarr; <strong>1508<\/strong><br \/>(+31 for winning)
|leave|Ox the Box
|player|p2
|leave|req'd by crobro