|join|Invok3r
|join|craing
|player|p1|Invok3r|250
|player|p2|craing|43
|gametype|singles
|gen|6
|tier|OU
|rated
|clearpoke
|poke|p1|Landorus, M
|poke|p1|Garchomp, F
|poke|p1|Scizor, F
|poke|p1|Azumarill, M
|poke|p1|Gengar, F
|poke|p1|Keldeo
|poke|p2|Empoleon, M
|poke|p2|Landorus-Therian, M
|poke|p2|Volcarona, F
|poke|p2|Diancie
|poke|p2|Toxicroak, F
|poke|p2|Raikou
|rule|Swagger Clause: Swagger is banned
|rule|Baton Pass Clause: Limit one PokÃ©mon knowing Baton Pass
|rule|Sleep Clause Mod: Limit one foe put to sleep
|rule|Species Clause: Limit one of each PokÃ©mon
|rule|OHKO Clause: OHKO moves are banned
|rule|Moody Clause: Moody is banned
|rule|Evasion Moves Clause: Evasion moves are banned
|rule|Endless Battle Clause: Forcing endless battles is banned
|rule|HP Percentage Mod: HP is shown in percentages
|teampreview
|
|start
|switch|p1a: Garchomp|Garchomp, F|357\/357
|switch|p2a: Landorus-Therian|Landorus-Therian, M|319\/319
|-ability|p2a: Landorus-Therian|Intimidate|[of] p1a: Garchomp
|-unboost|p1a: Garchomp|atk|1
|turn|1
|
|move|p2a: Landorus-Therian|Earthquake|p1a: Garchomp
|-damage|p1a: Garchomp|155\/357
|move|p1a: Garchomp|Stealth Rock|p2a: Landorus-Therian
|-sidestart|p2: craing|move: Stealth Rock
|
|turn|2
|
|switch|p2a: Empoleon|Empoleon, M|371\/371
|-damage|p2a: Empoleon|348\/371|[from] Stealth Rock
|switch|p1a: Landorus|Landorus, M|319\/319
|
|turn|3
|join|Outrageous Fortune
|c|âcraing|D:
|join|giobh
|
|switch|p2a: Landorus-Therian|Landorus-Therian, M|319\/319
|-damage|p2a: Landorus-Therian|280\/319|[from] Stealth Rock
|-ability|p2a: Landorus-Therian|Intimidate|[of] p1a: Landorus
|-unboost|p1a: Landorus|atk|1
|move|p1a: Landorus|Earth Power|p2a: Landorus-Therian
|-immune|p2a: Landorus-Therian|[msg]
|
|turn|4
|
|switch|p1a: Garchomp|Garchomp, F|155\/357
|move|p2a: Landorus-Therian|Explosion|p1a: Garchomp
|-damage|p1a: Garchomp|0 fnt
|faint|p2a: Landorus-Therian
|faint|p1a: Garchomp
|
|
|switch|p2a: Raikou|Raikou|321\/321
|switch|p1a: Gengar|Gengar, F|261\/261
|-damage|p2a: Raikou|281\/321|[from] Stealth Rock
|-ability|p2a: Raikou|Pressure
|turn|5
|
|move|p2a: Raikou|Volt Switch|p1a: Gengar
|-crit|p1a: Gengar
|-damage|p1a: Gengar|0 fnt
|faint|p1a: Gengar
|c|âcraing|:[
|
|switch|p2a: Diancie|Diancie|253\/253
|-damage|p2a: Diancie|222\/253|[from] Stealth Rock
|
|join|ollopa
|
|switch|p1a: Landorus|Landorus, M|319\/319
|turn|6
|
|move|p1a: Landorus|Rock Polish|p1a: Landorus
|-boost|p1a: Landorus|spe|2
|move|p2a: Diancie|Rock Polish|p2a: Diancie
|-boost|p2a: Diancie|spe|2
|
|turn|7
|c|âcraing|oops
|
|move|p1a: Landorus|Earth Power|p2a: Diancie
|-supereffective|p2a: Diancie
|-damage|p2a: Diancie|0 fnt
|faint|p2a: Diancie
|
|c|âcraing|i misclicked
|c|âcraing|x:
|-message|craing forfeited.
|leave|craing
|
|win|Invok3r
|raw|Ladder updating...
|player|p2
|leave|Invok3r
|player|p1
|raw|Invok3r's rating: 1605 &rarr; <strong>1629<\/strong><br \/>(+24 for winning)
|raw|craing's rating: 1679 &rarr; <strong>1655<\/strong><br \/>(-24 for losing)
|leave|giobh
|join|Invok3r