|join|AlphaXV
|join|Invok3r
|player|p1|AlphaXV|176
|player|p2|Invok3r|250
|gametype|singles
|gen|6
|tier|OU
|rated
|clearpoke
|poke|p1|Tyranitar, M
|poke|p1|Garchomp, F
|poke|p1|Excadrill, M
|poke|p1|Rotom-Wash
|poke|p1|Ferrothorn, F
|poke|p1|Clefable, M, shiny
|poke|p2|Diancie
|poke|p2|Heracross, M
|poke|p2|Dragalge, M
|poke|p2|Slowbro, M, shiny
|poke|p2|Heatran, M
|poke|p2|Cresselia, F
|rule|Swagger Clause: Swagger is banned
|rule|Baton Pass Clause: Limit one PokÃ©mon knowing Baton Pass
|rule|Sleep Clause Mod: Limit one foe put to sleep
|rule|Species Clause: Limit one of each PokÃ©mon
|rule|OHKO Clause: OHKO moves are banned
|rule|Moody Clause: Moody is banned
|rule|Evasion Moves Clause: Evasion moves are banned
|rule|Endless Battle Clause: Forcing endless battles is banned
|rule|HP Percentage Mod: HP is shown in percentages
|teampreview
|
|start
|switch|p1a: Tyranitar|Tyranitar, M|403\/403
|switch|p2a: Slowbro|Slowbro, M, shiny|394\/394
|-weather|Sandstorm
|turn|1
|
|switch|p2a: Diancie|Diancie|304\/304
|move|p1a: Tyranitar|Crunch|p2a: Diancie
|-resisted|p2a: Diancie
|-damage|p2a: Diancie|268\/304
|
|-weather|Sandstorm|[upkeep]
|turn|2
|
|switch|p1a: Ferrothorn|Ferrothorn, F|352\/352
|move|p2a: Diancie|Stealth Rock|p1a: Ferrothorn
|-sidestart|p1: AlphaXV|move: Stealth Rock
|
|-weather|Sandstorm|[upkeep]
|turn|3
|
|move|p1a: Ferrothorn|Leech Seed|p2a: Diancie
|-start|p2a: Diancie|move: Leech Seed
|move|p2a: Diancie|Trick Room|p2a: Diancie
|-fieldstart|move: Trick Room|[of] p2a: Diancie
|
|-weather|Sandstorm|[upkeep]
|-damage|p2a: Diancie|230\/304|[from] Leech Seed|[of] p1a: Ferrothorn
|turn|4
|
|switch|p2a: Heatran|Heatran, M|385\/385
|move|p1a: Ferrothorn|Knock Off|p2a: Heatran
|-damage|p2a: Heatran|315\/385
|-enditem|p2a: Heatran|Choice Specs|[from] move: Knock Off|[of] p1a: Ferrothorn
|
|-weather|Sandstorm|[upkeep]
|turn|5
|
|switch|p1a: Rotom-Wash|Rotom-Wash|304\/304
|-damage|p1a: Rotom-Wash|266\/304|[from] Stealth Rock
|switch|p2a: Heracross|Heracross, M|363\/363
|
|-weather|none
|-heal|p1a: Rotom-Wash|285\/304|[from] item: Leftovers
|turn|6
|
|detailschange|p2a: Heracross|Heracross-Mega, M
|-mega|p2a: Heracross|Heracross|Heracronite
|move|p2a: Heracross|Bullet Seed|p1a: Rotom-Wash
|-supereffective|p1a: Rotom-Wash
|-damage|p1a: Rotom-Wash|203\/304
|-supereffective|p1a: Rotom-Wash
|-damage|p1a: Rotom-Wash|123\/304
|-supereffective|p1a: Rotom-Wash
|-damage|p1a: Rotom-Wash|45\/304
|-supereffective|p1a: Rotom-Wash
|-damage|p1a: Rotom-Wash|0 fnt
|-hitcount|p1a: Rotom-Wash|4
|faint|p1a: Rotom-Wash
|
|
|switch|p1a: Tyranitar|Tyranitar, M|403\/403
|-damage|p1a: Tyranitar|353\/403|[from] Stealth Rock
|-weather|Sandstorm
|turn|7
|
|switch|p1a: Ferrothorn|Ferrothorn, F|352\/352
|-damage|p1a: Ferrothorn|330\/352|[from] Stealth Rock
|move|p2a: Heracross|Bullet Seed|p1a: Ferrothorn
|-resisted|p1a: Ferrothorn
|-damage|p1a: Ferrothorn|323\/352
|-resisted|p1a: Ferrothorn
|-damage|p1a: Ferrothorn|316\/352
|-resisted|p1a: Ferrothorn
|-damage|p1a: Ferrothorn|310\/352
|-resisted|p1a: Ferrothorn
|-damage|p1a: Ferrothorn|303\/352
|-resisted|p1a: Ferrothorn
|-damage|p1a: Ferrothorn|296\/352
|-hitcount|p1a: Ferrothorn|5
|
|-weather|Sandstorm|[upkeep]
|-damage|p2a: Heracross|341\/363|[from] sandstorm
|-heal|p1a: Ferrothorn|318\/352|[from] item: Leftovers
|-fieldend|move: Trick Room
|turn|8
|
|move|p2a: Heracross|Close Combat|p1a: Ferrothorn
|-supereffective|p1a: Ferrothorn
|-damage|p1a: Ferrothorn|0 fnt
|-damage|p2a: Heracross|296\/363|[from] ability: Iron Barbs|[of] p1a: Ferrothorn
|-unboost|p2a: Heracross|def|1
|-unboost|p2a: Heracross|spd|1
|faint|p1a: Ferrothorn
|
|-weather|Sandstorm|[upkeep]
|-damage|p2a: Heracross|274\/363|[from] sandstorm
|
|switch|p1a: Garchomp|Garchomp, F|357\/357
|-damage|p1a: Garchomp|335\/357|[from] Stealth Rock
|turn|9
|
|switch|p2a: Cresselia|Cresselia, F|444\/444
|detailschange|p1a: Garchomp|Garchomp-Mega, F
|-mega|p1a: Garchomp|Garchomp|Garchompite
|move|p1a: Garchomp|Fire Blast|p2a: Cresselia
|-damage|p2a: Cresselia|362\/444
|
|-weather|Sandstorm|[upkeep]
|-damage|p2a: Cresselia|335\/444|[from] sandstorm
|-heal|p2a: Cresselia|362\/444|[from] item: Leftovers
|turn|10
|
|switch|p1a: Clefable|Clefable, M, shiny|394\/394
|move|p2a: Cresselia|Trick Room|p2a: Cresselia
|-fieldstart|move: Trick Room|[of] p2a: Cresselia
|
|-weather|Sandstorm|[upkeep]
|-damage|p2a: Cresselia|335\/444|[from] sandstorm
|-heal|p2a: Cresselia|362\/444|[from] item: Leftovers
|turn|11
|
|switch|p2a: Heatran|Heatran, M|315\/385
|move|p1a: Clefable|Calm Mind|p1a: Clefable
|-boost|p1a: Clefable|spa|1
|-boost|p1a: Clefable|spd|1
|
|-weather|none
|turn|12
|
|move|p2a: Heatran|Flash Cannon|p1a: Clefable
|-supereffective|p1a: Clefable
|-damage|p1a: Clefable|208\/394
|move|p1a: Clefable|Calm Mind|p1a: Clefable
|-boost|p1a: Clefable|spa|1
|-boost|p1a: Clefable|spd|1
|
|-heal|p1a: Clefable|232\/394|[from] item: Leftovers
|turn|13
|
|move|p2a: Heatran|Flash Cannon|p1a: Clefable
|-supereffective|p1a: Clefable
|-damage|p1a: Clefable|100\/394
|move|p1a: Clefable|Soft-Boiled|p1a: Clefable
|-heal|p1a: Clefable|297\/394
|
|-heal|p1a: Clefable|321\/394|[from] item: Leftovers
|turn|14
|
|move|p2a: Heatran|Flash Cannon|p1a: Clefable
|-supereffective|p1a: Clefable
|-damage|p1a: Clefable|169\/394
|move|p1a: Clefable|Calm Mind|p1a: Clefable
|-boost|p1a: Clefable|spa|1
|-boost|p1a: Clefable|spd|1
|
|-heal|p1a: Clefable|193\/394|[from] item: Leftovers
|-fieldend|move: Trick Room
|turn|15
|
|switch|p2a: Diancie|Diancie|230\/304
|move|p1a: Clefable|Soft-Boiled|p1a: Clefable
|-heal|p1a: Clefable|390\/394
|
|-heal|p1a: Clefable|394\/394|[from] item: Leftovers
|turn|16
|
|move|p1a: Clefable|Moonblast|p2a: Diancie
|-damage|p2a: Diancie|47\/304
|move|p2a: Diancie|Trick Room|p2a: Diancie
|-fieldstart|move: Trick Room|[of] p2a: Diancie
|
|turn|17
|
|move|p2a: Diancie|Explosion|p1a: Clefable
|-enditem|p2a: Diancie|Normal Gem|[from] gem|[move] Explosion
|-damage|p1a: Clefable|101\/394
|faint|p2a: Diancie
|move|p1a: Clefable|Moonblast|p2: Diancie|[notarget]
|-notarget
|
|-heal|p1a: Clefable|125\/394|[from] item: Leftovers
|
|switch|p2a: Heracross|Heracross-Mega, M|274\/363
|turn|18
|
|move|p2a: Heracross|Bullet Seed|p1a: Clefable
|-damage|p1a: Clefable|76\/394
|-damage|p1a: Clefable|32\/394
|-damage|p1a: Clefable|0 fnt
|-hitcount|p1a: Clefable|3
|faint|p1a: Clefable
|
|
|switch|p1a: Tyranitar|Tyranitar, M|353\/403
|-damage|p1a: Tyranitar|303\/403|[from] Stealth Rock
|-weather|Sandstorm
|turn|19
|
|move|p2a: Heracross|Close Combat|p1a: Tyranitar
|-supereffective|p1a: Tyranitar
|-damage|p1a: Tyranitar|0 fnt
|-unboost|p2a: Heracross|def|1
|-unboost|p2a: Heracross|spd|1
|faint|p1a: Tyranitar
|
|-weather|Sandstorm|[upkeep]
|-damage|p2a: Heracross|252\/363|[from] sandstorm
|
|switch|p1a: Garchomp|Garchomp-Mega, F|335\/357
|-damage|p1a: Garchomp|313\/357|[from] Stealth Rock
|turn|20
|
|move|p2a: Heracross|Pin Missile|p1a: Garchomp
|-damage|p1a: Garchomp|258\/357
|-damage|p1a: Garchomp|200\/357
|-damage|p1a: Garchomp|139\/357
|-damage|p1a: Garchomp|87\/357
|-damage|p1a: Garchomp|29\/357
|-hitcount|p1a: Garchomp|5
|move|p1a: Garchomp|Fire Blast|p2a: Heracross
|-crit|p2a: Heracross
|-supereffective|p2a: Heracross
|-damage|p2a: Heracross|0 fnt
|faint|p2a: Heracross
|
|-weather|Sandstorm|[upkeep]
|-fieldend|move: Trick Room
|
|switch|p2a: Cresselia|Cresselia, F|362\/444
|turn|21
|
|move|p1a: Garchomp|Draco Meteor|p2a: Cresselia
|-damage|p2a: Cresselia|221\/444
|-unboost|p1a: Garchomp|spa|2
|move|p2a: Cresselia|Trick Room|p2a: Cresselia
|-fieldstart|move: Trick Room|[of] p2a: Cresselia
|
|-weather|Sandstorm|[upkeep]
|-damage|p2a: Cresselia|194\/444|[from] sandstorm
|-heal|p2a: Cresselia|221\/444|[from] item: Leftovers
|turn|22
|
|move|p2a: Cresselia|Ice Beam|p1a: Garchomp
|-supereffective|p1a: Garchomp
|-damage|p1a: Garchomp|0 fnt
|faint|p1a: Garchomp
|
|-weather|Sandstorm|[upkeep]
|-damage|p2a: Cresselia|194\/444|[from] sandstorm
|-heal|p2a: Cresselia|221\/444|[from] item: Leftovers
|
|switch|p1a: Excadrill|Excadrill, M|361\/361
|-damage|p1a: Excadrill|350\/361|[from] Stealth Rock
|turn|23
|
|move|p2a: Cresselia|Lunar Dance|p2a: Cresselia
|faint|p2a: Cresselia
|move|p1a: Excadrill|Iron Head|p2: Cresselia|[notarget]
|-notarget
|
|-weather|none
|
|switch|p2a: Dragalge|Dragalge, M|333\/333
|-heal|p2a: Dragalge|333\/333|[from] move: Lunar Dance
|turn|24
|
|move|p2a: Dragalge|Focus Blast|p1a: Excadrill
|-supereffective|p1a: Excadrill
|-damage|p1a: Excadrill|0 fnt
|-damage|p2a: Dragalge|300\/333|[from] item: Life Orb
|faint|p1a: Excadrill
|
|win|Invok3r
|raw|Ladder updating...
|raw|AlphaXV's rating: 1562 &rarr; <strong>1547<\/strong><br \/>(-15 for losing)
|raw|Invok3r's rating: 1643 &rarr; <strong>1659<\/strong><br \/>(+16 for winning)