|join|Invok3r
|join|Ox the Box
|player|p1|Invok3r|250
|player|p2|Ox the Box|201
|gametype|singles
|gen|6
|tier|OU
|rated
|clearpoke
|poke|p1|Landorus, M
|poke|p1|Garchomp, F
|poke|p1|Scizor, M
|poke|p1|Azumarill, F
|poke|p1|Gengar, M
|poke|p1|Keldeo
|poke|p2|Talonflame, M
|poke|p2|Sableye, M
|poke|p2|Ferrothorn, M
|poke|p2|Clefable, F
|poke|p2|Skarmory, F
|poke|p2|Gastrodon, M
|rule|Swagger Clause: Swagger is banned
|rule|Baton Pass Clause: Limit one PokÃ©mon knowing Baton Pass
|rule|Sleep Clause Mod: Limit one foe put to sleep
|rule|Species Clause: Limit one of each PokÃ©mon
|rule|OHKO Clause: OHKO moves are banned
|rule|Moody Clause: Moody is banned
|rule|Evasion Moves Clause: Evasion moves are banned
|rule|Endless Battle Clause: Forcing endless battles is banned
|rule|HP Percentage Mod: HP is shown in percentages
|teampreview
|
|start
|switch|p1a: Landorus|Landorus, M|319\/319
|switch|p2a: I'm locked|Sableye, M|303\/303
|turn|1
|
|switch|p2a: I'm locked|Talonflame, M|359\/359
|move|p1a: Landorus|Earth Power|p2a: I'm locked
|-immune|p2a: I'm locked|[msg]
|
|turn|2
|
|switch|p1a: Garchomp|Garchomp, F|357\/357
|switch|p2a: I'm locked|Sableye, M|303\/303
|
|turn|3
|
|switch|p1a: Keldeo|Keldeo|323\/323
|detailschange|p2a: I'm locked|Sableye-Mega, M
|-mega|p2a: I'm locked|Sableye|Sablenite
|move|p2a: I'm locked|Will-O-Wisp|p1a: Keldeo
|-status|p1a: Keldeo|brn
|
|-damage|p1a: Keldeo|283\/323 brn|[from] brn
|turn|4
|
|switch|p1a: Garchomp|Garchomp, F|357\/357
|switch|p2a: I'm locked|Gastrodon, M|426\/426
|
|turn|5
|
|switch|p2a: I'm locked|Sableye-Mega, M|303\/303
|move|p1a: Garchomp|Swords Dance|p1a: Garchomp
|-boost|p1a: Garchomp|atk|2
|
|turn|6
|join|Albyness
|
|switch|p2a: I'm locked|Skarmory, F|333\/333
|move|p1a: Garchomp|Stealth Rock|p2a: I'm locked
|-sidestart|p2: Ox the Box|move: Stealth Rock
|
|turn|7
|
|move|p1a: Garchomp|Swords Dance|p1a: Garchomp
|-boost|p1a: Garchomp|atk|2
|move|p2a: I'm locked|Defog|p1a: Garchomp
|-unboost|p1a: Garchomp|evasion|1
|-sideend|p2: Ox the Box|Stealth Rock|[from] move: Defog|[of] p2a: I'm locked
|
|turn|8
|
|switch|p2a: I'm locked|Clefable, F|394\/394
|move|p1a: Garchomp|Stealth Rock|p2a: I'm locked
|-sidestart|p2: Ox the Box|move: Stealth Rock
|
|turn|9
|
|switch|p1a: Gengar|Gengar, M|261\/261
|move|p2a: I'm locked|Moonblast|p1a: Gengar
|-resisted|p1a: Gengar
|-damage|p1a: Gengar|198\/261
|-unboost|p1a: Gengar|spa|1
|
|turn|10
|
|switch|p2a: I'm locked|Gastrodon, M|426\/426
|-damage|p2a: I'm locked|400\/426|[from] Stealth Rock
|move|p1a: Gengar|Shadow Ball|p2a: I'm locked
|-damage|p2a: I'm locked|260\/426
|-damage|p1a: Gengar|172\/261|[from] item: Life Orb
|
|-heal|p2a: I'm locked|286\/426|[from] item: Leftovers
|turn|11
|
|switch|p1a: Scizor|Scizor, M|281\/281
|move|p2a: I'm locked|Recover|p2a: I'm locked
|-heal|p2a: I'm locked|426\/426
|
|turn|12
|
|switch|p2a: I'm locked|Skarmory, F|333\/333
|-damage|p2a: I'm locked|292\/333|[from] Stealth Rock
|detailschange|p1a: Scizor|Scizor-Mega, M
|-mega|p1a: Scizor|Scizor|Scizorite
|move|p1a: Scizor|Swords Dance|p1a: Scizor
|-boost|p1a: Scizor|atk|2
|
|turn|13
|
|move|p1a: Scizor|Superpower|p2a: I'm locked
|-damage|p2a: I'm locked|105\/333
|-damage|p1a: Scizor|235\/281|[from] item: Rocky Helmet|[of] p2a: I'm locked
|-unboost|p1a: Scizor|atk|1
|-unboost|p1a: Scizor|def|1
|move|p2a: I'm locked|Defog|p1a: Scizor
|-unboost|p1a: Scizor|evasion|1
|-sideend|p2: Ox the Box|Stealth Rock|[from] move: Defog|[of] p2a: I'm locked
|
|turn|14
|
|switch|p1a: Garchomp|Garchomp, F|357\/357
|switch|p2a: I'm locked|Talonflame, M|359\/359
|
|turn|15
|
|switch|p2a: I'm locked|Sableye-Mega, M|303\/303
|move|p1a: Garchomp|Swords Dance|p1a: Garchomp
|-boost|p1a: Garchomp|atk|2
|
|turn|16
|
|move|p1a: Garchomp|Earthquake|p2a: I'm locked
|-damage|p2a: I'm locked|71\/303
|move|p2a: I'm locked|Foul Play|p1a: Garchomp
|-crit|p1a: Garchomp
|-enditem|p1a: Garchomp|Focus Sash
|-damage|p1a: Garchomp|1\/357
|-damage|p2a: I'm locked|34\/303|[from] ability: Rough Skin|[of] p1a: Garchomp
|
|turn|17
|join|I'm Virus (~'o')~
|
|move|p1a: Garchomp|Earthquake|p2a: I'm locked
|-damage|p2a: I'm locked|0 fnt
|faint|p2a: I'm locked
|
|
|switch|p2a: I'm locked|Talonflame, M|359\/359
|turn|18
|
|switch|p1a: Keldeo|Keldeo|283\/323 brn
|move|p2a: I'm locked|Brave Bird|p1a: Keldeo
|-supereffective|p1a: Keldeo
|-damage|p1a: Keldeo|7\/323 brn
|-damage|p2a: I'm locked|268\/359|[from] recoil|[of] p1a: Keldeo
|
|-heal|p2a: I'm locked|290\/359|[from] item: Leftovers
|-damage|p1a: Keldeo|0 fnt|[from] brn
|faint|p1a: Keldeo
|c| I'm Virus (~'o')~|wai so balke
|
|switch|p1a: Azumarill|Azumarill, F|345\/345
|turn|19
|
|switch|p2a: I'm locked|Ferrothorn, M|352\/352
|switch|p1a: Garchomp|Garchomp, F|1\/357
|
|turn|20
|
|move|p1a: Garchomp|Stealth Rock|p2a: I'm locked
|-sidestart|p2: Ox the Box|move: Stealth Rock
|move|p2a: I'm locked|Power Whip|p1a: Garchomp
|-damage|p1a: Garchomp|0 fnt
|-damage|p2a: I'm locked|308\/352|[from] ability: Rough Skin|[of] p1a: Garchomp
|faint|p1a: Garchomp
|
|-heal|p2a: I'm locked|330\/352|[from] item: Leftovers
|
|switch|p1a: Scizor|Scizor-Mega, M|235\/281
|turn|21
|
|switch|p2a: I'm locked|Talonflame, M|290\/359
|-damage|p2a: I'm locked|111\/359|[from] Stealth Rock
|move|p1a: Scizor|Swords Dance|p1a: Scizor
|-boost|p1a: Scizor|atk|2
|
|-heal|p2a: I'm locked|133\/359|[from] item: Leftovers
|turn|22
|
|move|p1a: Scizor|Bullet Punch|p2a: I'm locked
|-resisted|p2a: I'm locked
|-damage|p2a: I'm locked|0 fnt
|faint|p2a: I'm locked
|
|
|switch|p2a: I'm locked|Gastrodon, M|426\/426
|-damage|p2a: I'm locked|400\/426|[from] Stealth Rock
|turn|23
|
|move|p1a: Scizor|Bug Bite|p2a: I'm locked
|-damage|p2a: I'm locked|22\/426
|move|p2a: I'm locked|Scald|p1a: Scizor
|-damage|p1a: Scizor|145\/281
|
|-heal|p2a: I'm locked|48\/426|[from] item: Leftovers
|turn|24
|c| Albyness|aww
|
|switch|p2a: I'm locked|Skarmory, F|105\/333
|-damage|p2a: I'm locked|64\/333|[from] Stealth Rock
|move|p1a: Scizor|Bug Bite|p2a: I'm locked
|-resisted|p2a: I'm locked
|-damage|p2a: I'm locked|13\/333
|-damage|p1a: Scizor|99\/281|[from] item: Rocky Helmet|[of] p2a: I'm locked
|
|turn|25
|
|move|p1a: Scizor|Bullet Punch|p2a: I'm locked
|-resisted|p2a: I'm locked
|-damage|p2a: I'm locked|0 fnt
|-damage|p1a: Scizor|53\/281|[from] item: Rocky Helmet|[of] p2a: I'm locked
|faint|p2a: I'm locked
|
|
|switch|p2a: I'm locked|Ferrothorn, M|330\/352
|-damage|p2a: I'm locked|308\/352|[from] Stealth Rock
|turn|26
|
|switch|p2a: I'm locked|Gastrodon, M|48\/426
|-damage|p2a: I'm locked|22\/426|[from] Stealth Rock
|move|p1a: Scizor|Superpower|p2a: I'm locked
|-damage|p2a: I'm locked|0 fnt
|-unboost|p1a: Scizor|atk|1
|-unboost|p1a: Scizor|def|1
|faint|p2a: I'm locked
|
|
|switch|p2a: I'm locked|Ferrothorn, M|308\/352
|-damage|p2a: I'm locked|286\/352|[from] Stealth Rock
|turn|27
|
|move|p1a: Scizor|Superpower|p2a: I'm locked
|-supereffective|p2a: I'm locked
|-damage|p2a: I'm locked|0 fnt
|-damage|p1a: Scizor|18\/281|[from] ability: Iron Barbs|[of] p2a: I'm locked
|-unboost|p1a: Scizor|atk|1
|-unboost|p1a: Scizor|def|1
|faint|p2a: I'm locked
|
|-message|Ox the Box forfeited.
|leave|Ox the Box
|
|win|Invok3r
|raw|Ladder updating...
|player|p2
|raw|Invok3r's rating: 1725 &rarr; <strong>1737<\/strong><br \/>(+12 for winning)
|raw|Ox the Box's rating: 1583 &rarr; <strong>1570<\/strong><br \/>(-13 for losing)
|leave|Invok3r
|player|p1
|join|Invok3r
|leave|I'm Virus (~'o')~