|join|Invok3r
|join|lil manaphy
|player|p1|Invok3r|250
|player|p2|lil manaphy|2
|gametype|singles
|gen|6
|tier|OU
|rated
|clearpoke
|poke|p1|Landorus, M
|poke|p1|Garchomp, F
|poke|p1|Scizor, M
|poke|p1|Latias, F
|poke|p1|Gengar, F
|poke|p1|Keldeo
|poke|p2|Lopunny, M
|poke|p2|Gothitelle, F
|poke|p2|Rotom-Wash
|poke|p2|Celebi
|poke|p2|Heatran, F
|poke|p2|Mandibuzz, F
|rule|Swagger Clause: Swagger is banned
|rule|Baton Pass Clause: Limit one PokÃ©mon knowing Baton Pass
|rule|Sleep Clause Mod: Limit one foe put to sleep
|rule|Species Clause: Limit one of each PokÃ©mon
|rule|OHKO Clause: OHKO moves are banned
|rule|Moody Clause: Moody is banned
|rule|Evasion Moves Clause: Evasion moves are banned
|rule|Endless Battle Clause: Forcing endless battles is banned
|rule|HP Percentage Mod: HP is shown in percentages
|teampreview
|
|start
|switch|p1a: Scizor|Scizor, M|281\/281
|switch|p2a: Lopunny|Lopunny, M|271\/271
|turn|1
|
|detailschange|p2a: Lopunny|Lopunny-Mega, M
|-mega|p2a: Lopunny|Lopunny|Lopunnite
|detailschange|p1a: Scizor|Scizor-Mega, M
|-mega|p1a: Scizor|Scizor|Scizorite
|move|p2a: Lopunny|Fake Out|p1a: Scizor
|-resisted|p1a: Scizor
|-damage|p1a: Scizor|254\/281
|cant|p1a: Scizor|flinch
|
|turn|2
|
|switch|p2a: Mandibuzz|Mandibuzz, F|424\/424
|switch|p1a: Garchomp|Garchomp, F|357\/357
|
|turn|3
|
|move|p1a: Garchomp|Stealth Rock|p2a: Mandibuzz
|-sidestart|p2: lil manaphy|move: Stealth Rock
|move|p2a: Mandibuzz|Foul Play|p1a: Garchomp
|-damage|p1a: Garchomp|189\/357
|-damage|p2a: Mandibuzz|371\/424|[from] ability: Rough Skin|[of] p1a: Garchomp
|
|-heal|p2a: Mandibuzz|397\/424|[from] item: Leftovers
|turn|4
|
|move|p1a: Garchomp|Dragon Claw|p2a: Mandibuzz
|-damage|p2a: Mandibuzz|297\/424
|move|p2a: Mandibuzz|Defog|p1a: Garchomp
|-unboost|p1a: Garchomp|evasion|1
|-sideend|p2: lil manaphy|Stealth Rock|[from] move: Defog|[of] p2a: Mandibuzz
|
|-heal|p2a: Mandibuzz|323\/424|[from] item: Leftovers
|turn|5
|
|move|p1a: Garchomp|Stealth Rock|p2a: Mandibuzz
|-sidestart|p2: lil manaphy|move: Stealth Rock
|move|p2a: Mandibuzz|Taunt|p1a: Garchomp
|-start|p1a: Garchomp|move: Taunt
|
|-heal|p2a: Mandibuzz|349\/424|[from] item: Leftovers
|turn|6
|
|move|p1a: Garchomp|Dragon Claw|p2a: Mandibuzz
|-damage|p2a: Mandibuzz|252\/424
|move|p2a: Mandibuzz|Defog|p1a: Garchomp
|-unboost|p1a: Garchomp|evasion|1
|-sideend|p2: lil manaphy|Stealth Rock|[from] move: Defog|[of] p2a: Mandibuzz
|
|-heal|p2a: Mandibuzz|278\/424|[from] item: Leftovers
|turn|7
|
|move|p1a: Garchomp|Dragon Claw|p2a: Mandibuzz
|-damage|p2a: Mandibuzz|185\/424
|move|p2a: Mandibuzz|Roost|p2a: Mandibuzz
|-heal|p2a: Mandibuzz|397\/424
|
|-heal|p2a: Mandibuzz|423\/424|[from] item: Leftovers
|turn|8
|
|move|p1a: Garchomp|Dragon Claw|p2a: Mandibuzz
|-damage|p2a: Mandibuzz|324\/424
|move|p2a: Mandibuzz|Foul Play|p1a: Garchomp
|-damage|p1a: Garchomp|0 fnt
|-damage|p2a: Mandibuzz|271\/424|[from] ability: Rough Skin|[of] p1a: Garchomp
|faint|p1a: Garchomp
|
|-heal|p2a: Mandibuzz|297\/424|[from] item: Leftovers
|
|switch|p1a: Latias|Latias, F|301\/301
|turn|9
|
|switch|p1a: Scizor|Scizor-Mega, M|254\/281
|switch|p2a: Heatran|Heatran, F|383\/383
|
|turn|10
|
|switch|p2a: Mandibuzz|Mandibuzz, F|297\/424
|move|p1a: Scizor|Superpower|p2a: Mandibuzz
|-damage|p2a: Mandibuzz|180\/424
|-unboost|p1a: Scizor|atk|1
|-unboost|p1a: Scizor|def|1
|
|-heal|p2a: Mandibuzz|206\/424|[from] item: Leftovers
|turn|11
|
|switch|p1a: Landorus|Landorus, M|319\/319
|move|p2a: Mandibuzz|Roost|p2a: Mandibuzz
|-heal|p2a: Mandibuzz|418\/424
|
|-heal|p2a: Mandibuzz|424\/424|[from] item: Leftovers
|turn|12
|
|switch|p2a: Gothitelle|Gothitelle, F|301\/301
|move|p1a: Landorus|Calm Mind|p1a: Landorus
|-boost|p1a: Landorus|spa|1
|-boost|p1a: Landorus|spd|1
|
|turn|13
|
|move|p2a: Gothitelle|Trick|p1a: Landorus
|-activate|p2a: Gothitelle|move: Trick|[of] p1a: Landorus
|-item|p1a: Landorus|Choice Scarf|[from] move: Trick
|-item|p2a: Gothitelle|Life Orb|[from] move: Trick
|move|p1a: Landorus|Earth Power|p2a: Gothitelle
|-damage|p2a: Gothitelle|49\/301
|
|turn|14
|
|switch|p2a: Rotom-Wash|Rotom-Wash|303\/303
|move|p1a: Landorus|Earth Power|p2a: Rotom-Wash
|-immune|p2a: Rotom-Wash|[msg]
|
|turn|15
|
|switch|p1a: Latias|Latias, F|301\/301
|move|p2a: Rotom-Wash|Volt Switch|p1a: Latias
|-resisted|p1a: Latias
|-damage|p1a: Latias|268\/301
|
|switch|p2a: Heatran|Heatran, F|383\/383
|
|turn|16
|-message|Invok3r forfeited.
|leave|Invok3r
|
|win|lil manaphy
|raw|Ladder updating...
|player|p1