|join|Invok3r
|join|lil manaphy
|player|p1|Invok3r|250
|player|p2|lil manaphy|9
|gametype|singles
|gen|6
|tier|OU
|rated
|clearpoke
|poke|p1|Garchomp, F, shiny
|poke|p1|Alakazam, M, shiny
|poke|p1|Scizor, M
|poke|p1|Keldeo
|poke|p1|Raikou, shiny
|poke|p1|Lopunny, M, shiny
|poke|p2|Lopunny, M
|poke|p2|Manaphy
|poke|p2|Celebi
|poke|p2|Heatran, M
|poke|p2|Mandibuzz, F
|poke|p2|Kyurem-Black
|rule|Swagger Clause: Swagger is banned
|rule|Baton Pass Clause: Limit one PokÃ©mon knowing Baton Pass
|rule|Sleep Clause Mod: Limit one foe put to sleep
|rule|Species Clause: Limit one of each PokÃ©mon
|rule|OHKO Clause: OHKO moves are banned
|rule|Moody Clause: Moody is banned
|rule|Evasion Moves Clause: Evasion moves are banned
|rule|Endless Battle Clause: Forcing endless battles is banned
|rule|HP Percentage Mod: HP is shown in percentages
|teampreview
|join|All Together Now
|
|start
|switch|p1a: Garchomp|Garchomp, F, shiny|357\/357
|switch|p2a: Lopunny|Lopunny, M|271\/271
|turn|1
|
|switch|p1a: Scizor|Scizor, M|290\/290
|detailschange|p2a: Lopunny|Lopunny-Mega, M
|-mega|p2a: Lopunny|Lopunny|Lopunnite
|move|p2a: Lopunny|Fake Out|p1a: Scizor
|-resisted|p1a: Scizor
|-damage|p1a: Scizor|252\/290
|
|turn|2
|
|switch|p2a: Mandibuzz|Mandibuzz, F|423\/423
|switch|p1a: Keldeo|Keldeo|323\/323
|
|turn|3
|leave|All Together Now
|
|switch|p1a: Garchomp|Garchomp, F, shiny|357\/357
|switch|p2a: Celebi|Celebi|404\/404
|
|turn|4
|
|switch|p2a: Mandibuzz|Mandibuzz, F|423\/423
|move|p1a: Garchomp|Stealth Rock|p2a: Mandibuzz
|-sidestart|p2: lil manaphy|move: Stealth Rock
|
|turn|5
|
|move|p1a: Garchomp|Swords Dance|p1a: Garchomp
|-boost|p1a: Garchomp|atk|2
|move|p2a: Mandibuzz|Defog|p1a: Garchomp
|-unboost|p1a: Garchomp|evasion|1
|-sideend|p2: lil manaphy|Stealth Rock|[from] move: Defog|[of] p2a: Mandibuzz
|
|turn|6
|
|move|p1a: Garchomp|Stealth Rock|p2a: Mandibuzz
|-sidestart|p2: lil manaphy|move: Stealth Rock
|move|p2a: Mandibuzz|Foul Play|p1a: Garchomp
|-damage|p1a: Garchomp|2\/357
|-damage|p2a: Mandibuzz|371\/423|[from] ability: Rough Skin|[of] p1a: Garchomp
|
|turn|7
|
|move|p1a: Garchomp|Dragon Claw|p2a: Mandibuzz
|-damage|p2a: Mandibuzz|137\/423
|-damage|p1a: Garchomp|0 fnt|[from] item: Rocky Helmet|[of] p2a: Mandibuzz
|faint|p1a: Garchomp
|move|p2a: Mandibuzz|Roost|p2a: Mandibuzz
|-heal|p2a: Mandibuzz|349\/423
|
|
|switch|p1a: Raikou|Raikou, shiny|329\/329
|-ability|p1a: Raikou|Pressure
|turn|8
|
|switch|p2a: Heatran|Heatran, M|386\/386
|-damage|p2a: Heatran|338\/386|[from] Stealth Rock
|move|p1a: Raikou|Volt Switch|p2a: Heatran
|-damage|p2a: Heatran|221\/386
|
|switch|p1a: Lopunny|Lopunny, M, shiny|271\/271
|
|-heal|p2a: Heatran|245\/386|[from] item: Leftovers
|turn|9
|
|detailschange|p1a: Lopunny|Lopunny-Mega, M, shiny
|-mega|p1a: Lopunny|Lopunny|Lopunnite
|move|p1a: Lopunny|Return|p2a: Heatran
|-resisted|p2a: Heatran
|-damage|p2a: Heatran|143\/386
|move|p2a: Heatran|Lava Plume|p1a: Lopunny
|-damage|p1a: Lopunny|154\/271
|-status|p1a: Lopunny|brn
|
|-heal|p2a: Heatran|167\/386|[from] item: Leftovers
|-damage|p1a: Lopunny|121\/271 brn|[from] brn
|turn|10
|c|âInvok3r|wait what
|c|âInvok3r|k i quit pokemon
|
|switch|p1a: Scizor|Scizor, M|252\/290
|switch|p2a: Mandibuzz|Mandibuzz, F|349\/423
|-damage|p2a: Mandibuzz|244\/423|[from] Stealth Rock
|
|turn|11
|
|switch|p1a: Raikou|Raikou, shiny|329\/329
|-ability|p1a: Raikou|Pressure
|move|p2a: Mandibuzz|Defog|p1a: Raikou
|-unboost|p1a: Raikou|evasion|1
|-sideend|p2: lil manaphy|Stealth Rock|[from] move: Defog|[of] p2a: Mandibuzz
|
|turn|12
|
|switch|p2a: Celebi|Celebi|404\/404
|move|p1a: Raikou|Volt Switch|p2a: Celebi
|-resisted|p2a: Celebi
|-damage|p2a: Celebi|341\/404
|
|switch|p1a: Scizor|Scizor, M|252\/290
|
|-heal|p2a: Celebi|366\/404|[from] item: Leftovers
|turn|13
|
|move|p2a: Celebi|Baton Pass|p2a: Celebi
|
|switch|p2a: Mandibuzz|Mandibuzz, F|244\/423
|move|p1a: Scizor|Swords Dance|p1a: Scizor
|-boost|p1a: Scizor|atk|2
|
|turn|14
|
|move|p1a: Scizor|Bug Bite|p2a: Mandibuzz
|-damage|p2a: Mandibuzz|0 fnt
|-damage|p1a: Scizor|204\/290|[from] item: Rocky Helmet|[of] p2a: Mandibuzz
|-damage|p1a: Scizor|175\/290|[from] item: Life Orb
|faint|p2a: Mandibuzz
|
|
|switch|p2a: Manaphy|Manaphy|341\/341
|turn|15
|c|âInvok3r|what was that play..
|
|switch|p1a: Lopunny|Lopunny-Mega, M, shiny|121\/271 brn
|move|p2a: Manaphy|Scald|p1a: Lopunny
|-damage|p1a: Lopunny|0 fnt
|faint|p1a: Lopunny
|
|
|switch|p1a: Raikou|Raikou, shiny|329\/329
|-ability|p1a: Raikou|Pressure
|turn|16
|
|switch|p2a: Kyurem-Black|Kyurem-Black|391\/391
|-ability|p2a: Kyurem-Black|Teravolt
|move|p1a: Raikou|Volt Switch|p2a: Kyurem-Black
|-resisted|p2a: Kyurem-Black
|-damage|p2a: Kyurem-Black|300\/391
|
|switch|p1a: Scizor|Scizor, M|175\/290
|
|turn|17
|
|switch|p1a: Raikou|Raikou, shiny|329\/329
|-ability|p1a: Raikou|Pressure
|move|p2a: Kyurem-Black|Fusion Bolt|p1a: Raikou
|-resisted|p1a: Raikou
|-damage|p1a: Raikou|193\/329
|-damage|p2a: Kyurem-Black|261\/391|[from] item: Life Orb
|
|turn|18
|
|switch|p1a: Scizor|Scizor, M|175\/290
|move|p2a: Kyurem-Black|Earth Power|p1a: Scizor
|-damage|p1a: Scizor|35\/290
|-damage|p2a: Kyurem-Black|222\/391|[from] item: Life Orb
|
|turn|19
|
|switch|p2a: Manaphy|Manaphy|341\/341
|switch|p1a: Raikou|Raikou, shiny|193\/329
|-ability|p1a: Raikou|Pressure
|
|turn|20
|
|switch|p2a: Kyurem-Black|Kyurem-Black|222\/391
|-ability|p2a: Kyurem-Black|Teravolt
|move|p1a: Raikou|Volt Switch|p2a: Kyurem-Black
|-resisted|p2a: Kyurem-Black
|-damage|p2a: Kyurem-Black|131\/391
|
|switch|p1a: Alakazam|Alakazam, M, shiny|251\/251
|
|turn|21
|
|switch|p2a: Celebi|Celebi|366\/404
|move|p1a: Alakazam|Psychic|p2a: Celebi
|-resisted|p2a: Celebi
|-damage|p2a: Celebi|306\/404
|
|-heal|p2a: Celebi|331\/404|[from] item: Leftovers
|turn|22
|
|move|p1a: Alakazam|Shadow Ball|p2a: Celebi
|-supereffective|p2a: Celebi
|-damage|p2a: Celebi|183\/404
|-unboost|p2a: Celebi|spd|1
|move|p2a: Celebi|Giga Drain|p1a: Alakazam
|-damage|p1a: Alakazam|161\/251
|-heal|p2a: Celebi|228\/404|[from] drain|[of] p1a: Alakazam
|
|-heal|p2a: Celebi|253\/404|[from] item: Leftovers
|turn|23
|
|switch|p2a: Lopunny|Lopunny-Mega, M|271\/271
|move|p1a: Alakazam|Focus Blast|p2a: Lopunny
|-crit|p2a: Lopunny
|-supereffective|p2a: Lopunny
|-damage|p2a: Lopunny|0 fnt
|faint|p2a: Lopunny
|
|
|switch|p2a: Manaphy|Manaphy|341\/341
|turn|24
|
|switch|p1a: Scizor|Scizor, M|35\/290
|move|p2a: Manaphy|Scald|p1a: Scizor
|-damage|p1a: Scizor|0 fnt
|faint|p1a: Scizor
|
|
|switch|p1a: Raikou|Raikou, shiny|193\/329
|-ability|p1a: Raikou|Pressure
|turn|25
|
|switch|p2a: Kyurem-Black|Kyurem-Black|131\/391
|-ability|p2a: Kyurem-Black|Teravolt
|move|p1a: Raikou|Volt Switch|p2a: Kyurem-Black
|-resisted|p2a: Kyurem-Black
|-damage|p2a: Kyurem-Black|40\/391
|
|switch|p1a: Alakazam|Alakazam, M, shiny|161\/251
|
|turn|26
|
|move|p1a: Alakazam|Psychic|p2a: Kyurem-Black
|-damage|p2a: Kyurem-Black|0 fnt
|faint|p2a: Kyurem-Black
|
|
|switch|p2a: Celebi|Celebi|253\/404
|turn|27
|
|move|p1a: Alakazam|Shadow Ball|p2a: Celebi
|-supereffective|p2a: Celebi
|-damage|p2a: Celebi|101\/404
|move|p2a: Celebi|Recover|p2a: Celebi
|-heal|p2a: Celebi|303\/404
|
|-heal|p2a: Celebi|328\/404|[from] item: Leftovers
|turn|28
|
|move|p1a: Alakazam|Encore|p2a: Celebi
|-start|p2a: Celebi|Encore
|move|p2a: Celebi|Recover|p2a: Celebi
|-heal|p2a: Celebi|404\/404
|
|turn|29
|
|move|p1a: Alakazam|Focus Blast|p2a: Celebi
|-resisted|p2a: Celebi
|-damage|p2a: Celebi|347\/404
|move|p2a: Celebi|Recover|p2a: Celebi
|-heal|p2a: Celebi|404\/404
|
|turn|30
|
|move|p1a: Alakazam|Shadow Ball|p2a: Celebi
|-supereffective|p2a: Celebi
|-damage|p2a: Celebi|248\/404
|move|p2a: Celebi|Recover|p2a: Celebi
|-heal|p2a: Celebi|404\/404
|
|-end|p2a: Celebi|Encore
|turn|31
|
|switch|p2a: Manaphy|Manaphy|341\/341
|move|p1a: Alakazam|Encore|p2a: Manaphy
|-fail|p2a: Manaphy
|
|turn|32
|
|switch|p1a: Keldeo|Keldeo|323\/323
|move|p2a: Manaphy|Scald|p1a: Keldeo
|-resisted|p1a: Keldeo
|-damage|p1a: Keldeo|251\/323
|
|turn|33
|
|move|p1a: Keldeo|Secret Sword|p2a: Manaphy
|-damage|p2a: Manaphy|124\/341
|move|p2a: Manaphy|Psychic|p1a: Keldeo
|-supereffective|p1a: Keldeo
|-damage|p1a: Keldeo|31\/323
|
|-heal|p2a: Manaphy|145\/341|[from] item: Leftovers
|turn|34
|
|switch|p2a: Celebi|Celebi|404\/404
|move|p1a: Keldeo|Secret Sword|p2a: Celebi
|-resisted|p2a: Celebi
|-damage|p2a: Celebi|285\/404
|
|-heal|p2a: Celebi|310\/404|[from] item: Leftovers
|turn|35
|
|move|p1a: Keldeo|Secret Sword|p2a: Celebi
|-resisted|p2a: Celebi
|-damage|p2a: Celebi|205\/404
|move|p2a: Celebi|Recover|p2a: Celebi
|-heal|p2a: Celebi|404\/404
|
|turn|36
|
|move|p1a: Keldeo|Secret Sword|p2a: Celebi
|-resisted|p2a: Celebi
|-damage|p2a: Celebi|295\/404
|move|p2a: Celebi|Giga Drain|p1a: Keldeo
|-supereffective|p1a: Keldeo
|-damage|p1a: Keldeo|0 fnt
|-heal|p2a: Celebi|311\/404|[from] drain|[of] p1a: Keldeo
|faint|p1a: Keldeo
|
|-heal|p2a: Celebi|336\/404|[from] item: Leftovers
|
|switch|p1a: Raikou|Raikou, shiny|193\/329
|-ability|p1a: Raikou|Pressure
|turn|37
|
|move|p1a: Raikou|Shadow Ball|p2a: Celebi
|-supereffective|p2a: Celebi
|-damage|p2a: Celebi|146\/404
|-unboost|p2a: Celebi|spd|1
|move|p2a: Celebi|Giga Drain|p1a: Raikou
|-damage|p1a: Raikou|99\/329
|-heal|p2a: Celebi|193\/404|[from] drain|[of] p1a: Raikou
|
|-heal|p2a: Celebi|218\/404|[from] item: Leftovers
|turn|38
|
|switch|p2a: Manaphy|Manaphy|145\/341
|move|p1a: Raikou|Shadow Ball|p2a: Manaphy
|-damage|p2a: Manaphy|26\/341
|
|-heal|p2a: Manaphy|47\/341|[from] item: Leftovers
|turn|39
|
|move|p1a: Raikou|Shadow Ball|p2a: Manaphy
|-damage|p2a: Manaphy|0 fnt
|faint|p2a: Manaphy
|
|
|switch|p2a: Heatran|Heatran, M|167\/386
|turn|40
|
|move|p1a: Raikou|Shadow Ball|p2a: Heatran
|-damage|p2a: Heatran|82\/386
|-unboost|p2a: Heatran|spd|1
|move|p2a: Heatran|Stealth Rock|p1a: Raikou
|-sidestart|p1: Invok3r|move: Stealth Rock
|
|-heal|p2a: Heatran|106\/386|[from] item: Leftovers
|turn|41
|
|move|p1a: Raikou|Shadow Ball|p2a: Heatran
|-damage|p2a: Heatran|0 fnt
|faint|p2a: Heatran
|
|
|switch|p2a: Celebi|Celebi|218\/404
|turn|42
|
|move|p1a: Raikou|Shadow Ball|p2a: Celebi
|-supereffective|p2a: Celebi
|-damage|p2a: Celebi|36\/404
|move|p2a: Celebi|Recover|p2a: Celebi
|-heal|p2a: Celebi|238\/404
|
|-heal|p2a: Celebi|263\/404|[from] item: Leftovers
|turn|43
|c|âInvok3r|hax cannot beat me
|
|move|p1a: Raikou|Shadow Ball|p2a: Celebi
|-supereffective|p2a: Celebi
|-damage|p2a: Celebi|63\/404
|-unboost|p2a: Celebi|spd|1
|move|p2a: Celebi|Recover|p2a: Celebi
|-heal|p2a: Celebi|265\/404
|
|-heal|p2a: Celebi|290\/404|[from] item: Leftovers
|turn|44
|
|move|p1a: Raikou|Shadow Ball|p2a: Celebi
|-supereffective|p2a: Celebi
|-damage|p2a: Celebi|2\/404
|move|p2a: Celebi|Recover|p2a: Celebi
|-heal|p2a: Celebi|204\/404
|
|-heal|p2a: Celebi|229\/404|[from] item: Leftovers
|turn|45
|c|âlil manaphy|pretty sure youre the one haxing
|c|âInvok3r|?
|c|âInvok3r|20 percent chance
|c|âInvok3r|you cant stall that out
|c|âlil manaphy|bg
|c|âlil manaphy|lol
|c|âInvok3r|gg
|-message|lil manaphy forfeited.
|
|win|Invok3r
|raw|Ladder updating...
|leave|lil manaphy
|player|p2
|raw|Invok3r's rating: 1706 &rarr; <strong>1722<\/strong><br \/>(+16 for winning)
|raw|lil manaphy's rating: 1623 &rarr; <strong>1607<\/strong><br \/>(-16 for losing)