|join|LordRay
|join|Invok3r
|player|p1|LordRay|288
|player|p2|Invok3r|250
|gametype|singles
|gen|6
|tier|OU
|clearpoke
|poke|p1|Lopunny, M
|poke|p1|Gengar, M
|poke|p1|Landorus-Therian, M
|poke|p1|Latias, F
|poke|p1|Bisharp, F
|poke|p1|Volcarona, M
|poke|p2|Dragalge, M
|poke|p2|Gyarados, F
|poke|p2|Tornadus-Therian, M, shiny
|poke|p2|Hippowdon, M
|poke|p2|Latios, M
|poke|p2|Rotom-Wash
|rule|Swagger Clause: Swagger is banned
|rule|Baton Pass Clause: Limit one PokÃ©mon knowing Baton Pass
|rule|Sleep Clause Mod: Limit one foe put to sleep
|rule|Species Clause: Limit one of each PokÃ©mon
|rule|OHKO Clause: OHKO moves are banned
|rule|Moody Clause: Moody is banned
|rule|Evasion Moves Clause: Evasion moves are banned
|rule|Endless Battle Clause: Forcing endless battles is banned
|rule|HP Percentage Mod: HP is shown in percentages
|teampreview
|join|qwazz
|
|start
|switch|p1a: Lopunny|Lopunny, M|271\/271
|switch|p2a: Tornadus-Therian|Tornadus-Therian, M, shiny|361\/361
|turn|1
|
|switch|p2a: Hippowdon|Hippowdon, M|420\/420
|-weather|Sandstorm
|detailschange|p1a: Lopunny|Lopunny-Mega, M
|-mega|p1a: Lopunny|Lopunny|Lopunnite
|move|p1a: Lopunny|Fake Out|p2a: Hippowdon
|-damage|p2a: Hippowdon|371\/420
|
|-weather|Sandstorm|[upkeep]
|-damage|p1a: Lopunny|255\/271|[from] sandstorm
|-heal|p2a: Hippowdon|397\/420|[from] item: Leftovers
|turn|2
|
|switch|p1a: Latias|Latias, F|319\/319
|move|p2a: Hippowdon|Stealth Rock|p1a: Latias
|-sidestart|p1: LordRay|move: Stealth Rock
|
|-weather|Sandstorm|[upkeep]
|-damage|p1a: Latias|300\/319|[from] sandstorm
|-heal|p2a: Hippowdon|420\/420|[from] item: Leftovers
|turn|3
|
|switch|p2a: Tornadus-Therian|Tornadus-Therian, M, shiny|361\/361
|move|p1a: Latias|Defog|p2a: Tornadus-Therian
|-unboost|p2a: Tornadus-Therian|evasion|1
|-sideend|p1: LordRay|Stealth Rock|[from] move: Defog|[of] p1a: Latias
|
|-weather|Sandstorm|[upkeep]
|-damage|p2a: Tornadus-Therian|339\/361|[from] sandstorm
|-damage|p1a: Latias|281\/319|[from] sandstorm
|turn|4
|
|switch|p1a: Lopunny|Lopunny-Mega, M|255\/271
|move|p2a: Tornadus-Therian|Knock Off|p1a: Lopunny
|-resisted|p1a: Lopunny
|-damage|p1a: Lopunny|230\/271
|
|-weather|Sandstorm|[upkeep]
|-damage|p1a: Lopunny|214\/271|[from] sandstorm
|-damage|p2a: Tornadus-Therian|317\/361|[from] sandstorm
|turn|5
|
|move|p1a: Lopunny|Ice Punch|p2a: Tornadus-Therian
|-supereffective|p2a: Tornadus-Therian
|-damage|p2a: Tornadus-Therian|113\/361
|move|p2a: Tornadus-Therian|Hurricane|p1a: Lopunny
|-supereffective|p1a: Lopunny
|-damage|p1a: Lopunny|0 fnt
|faint|p1a: Lopunny
|
|-weather|none
|
|switch|p1a: Bisharp|Bisharp, F|271\/271
|turn|6
|
|move|p1a: Bisharp|Pursuit|p2a: Tornadus-Therian|[from]Pursuit
|-damage|p2a: Tornadus-Therian|0 fnt
|faint|p2a: Tornadus-Therian
|
|
|switch|p2a: Hippowdon|Hippowdon, M|420\/420
|-weather|Sandstorm
|turn|7
|
|switch|p1a: Gengar|Gengar, M|259\/259
|move|p2a: Hippowdon|Stealth Rock|p1a: Gengar
|-sidestart|p1: LordRay|move: Stealth Rock
|
|-weather|Sandstorm|[upkeep]
|-damage|p1a: Gengar|243\/259|[from] sandstorm
|turn|8
|
|move|p1a: Gengar|Shadow Ball|p2a: Hippowdon
|-damage|p2a: Hippowdon|209\/420
|-damage|p1a: Gengar|218\/259|[from] item: Life Orb
|move|p2a: Hippowdon|Rock Slide|p1a: Gengar
|-damage|p1a: Gengar|125\/259
|
|-weather|Sandstorm|[upkeep]
|-damage|p1a: Gengar|109\/259|[from] sandstorm
|-heal|p2a: Hippowdon|235\/420|[from] item: Leftovers
|turn|9
|
|move|p1a: Gengar|Shadow Ball|p2a: Hippowdon
|-crit|p2a: Hippowdon
|-damage|p2a: Hippowdon|0 fnt
|-damage|p1a: Gengar|84\/259|[from] item: Life Orb
|faint|p2a: Hippowdon
|
|-weather|Sandstorm|[upkeep]
|-damage|p1a: Gengar|68\/259|[from] sandstorm
|c|âLordRay|it happens
|
|switch|p2a: Rotom-Wash|Rotom-Wash|304\/304
|turn|10
|
|switch|p1a: Latias|Latias, F|281\/319
|-damage|p1a: Latias|242\/319|[from] Stealth Rock
|move|p2a: Rotom-Wash|Volt Switch|p1a: Latias
|-resisted|p1a: Latias
|-damage|p1a: Latias|206\/319
|
|switch|p2a: Latios|Latios, M|301\/301
|
|-weather|Sandstorm|[upkeep]
|-damage|p1a: Latias|187\/319|[from] sandstorm
|-damage|p2a: Latios|283\/301|[from] sandstorm
|turn|11
|
|switch|p1a: Bisharp|Bisharp, F|271\/271
|-damage|p1a: Bisharp|255\/271|[from] Stealth Rock
|switch|p2a: Rotom-Wash|Rotom-Wash|304\/304
|
|-weather|none
|turn|12
|
|switch|p1a: Latias|Latias, F|187\/319
|-damage|p1a: Latias|148\/319|[from] Stealth Rock
|move|p2a: Rotom-Wash|Will-O-Wisp|p1a: Latias|[miss]
|-miss|p2a: Rotom-Wash|p1a: Latias
|
|turn|13
|
|move|p1a: Latias|Defog|p2a: Rotom-Wash
|-unboost|p2a: Rotom-Wash|evasion|1
|-sideend|p1: LordRay|Stealth Rock|[from] move: Defog|[of] p1a: Latias
|move|p2a: Rotom-Wash|Volt Switch|p1a: Latias
|-resisted|p1a: Latias
|-damage|p1a: Latias|115\/319
|
|switch|p2a: Gyarados|Gyarados, F|353\/353
|-ability|p2a: Gyarados|Intimidate|[of] p1a: Latias
|-unboost|p1a: Latias|atk|1
|
|turn|14
|
|switch|p2a: Latios|Latios, M|283\/301
|move|p1a: Latias|Draco Meteor|p2a: Latios
|-supereffective|p2a: Latios
|-damage|p2a: Latios|0 fnt
|-unboost|p1a: Latias|spa|2
|-damage|p1a: Latias|84\/319|[from] item: Life Orb
|faint|p2a: Latios
|
|
|switch|p2a: Gyarados|Gyarados, F|353\/353
|-ability|p2a: Gyarados|Intimidate|[of] p1a: Latias
|-unboost|p1a: Latias|atk|1
|turn|15
|
|switch|p1a: Gengar|Gengar, M|68\/259
|detailschange|p2a: Gyarados|Gyarados-Mega, F
|-mega|p2a: Gyarados|Gyarados|Gyaradosite
|-ability|p2a: Gyarados|Mold Breaker
|move|p2a: Gyarados|Dragon Dance|p2a: Gyarados
|-boost|p2a: Gyarados|atk|1
|-boost|p2a: Gyarados|spe|1
|
|turn|16
|
|move|p2a: Gyarados|Waterfall|p1a: Gengar
|-damage|p1a: Gengar|0 fnt
|faint|p1a: Gengar
|
|
|switch|p1a: Landorus-Therian|Landorus-Therian, M|382\/382
|-ability|p1a: Landorus-Therian|Intimidate|[of] p2a: Gyarados
|-unboost|p2a: Gyarados|atk|1
|turn|17
|
|switch|p1a: Bisharp|Bisharp, F|255\/271
|move|p2a: Gyarados|Waterfall|p1a: Bisharp
|-damage|p1a: Bisharp|75\/271
|
|turn|18
|
|move|p2a: Gyarados|Dragon Dance|p2a: Gyarados
|-boost|p2a: Gyarados|atk|1
|-boost|p2a: Gyarados|spe|1
|move|p1a: Bisharp|Swords Dance|p1a: Bisharp
|-boost|p1a: Bisharp|atk|2
|
|turn|19
|
|move|p1a: Bisharp|Sucker Punch|p2a: Gyarados
|-resisted|p2a: Gyarados
|-damage|p2a: Gyarados|209\/353
|move|p2a: Gyarados|Waterfall|p1a: Bisharp
|-damage|p1a: Bisharp|0 fnt
|faint|p1a: Bisharp
|
|
|switch|p1a: Landorus-Therian|Landorus-Therian, M|382\/382
|-ability|p1a: Landorus-Therian|Intimidate|[of] p2a: Gyarados
|-unboost|p2a: Gyarados|atk|1
|turn|20
|c|âLordRay|gg
|
|switch|p1a: Latias|Latias, F|84\/319
|move|p2a: Gyarados|Dragon Dance|p2a: Gyarados
|-boost|p2a: Gyarados|atk|1
|-boost|p2a: Gyarados|spe|1
|
|turn|21
|
|move|p2a: Gyarados|Waterfall|p1a: Latias
|-crit|p1a: Latias
|-resisted|p1a: Latias
|-damage|p1a: Latias|0 fnt
|faint|p1a: Latias
|
|
|switch|p1a: Landorus-Therian|Landorus-Therian, M|382\/382
|-ability|p1a: Landorus-Therian|Intimidate|[of] p2a: Gyarados
|-unboost|p2a: Gyarados|atk|1
|turn|22
|
|move|p2a: Gyarados|Dragon Dance|p2a: Gyarados
|-boost|p2a: Gyarados|atk|1
|-boost|p2a: Gyarados|spe|1
|move|p1a: Landorus-Therian|Earthquake|p2a: Gyarados
|-damage|p2a: Gyarados|56\/353
|
|turn|23
|
|move|p2a: Gyarados|Waterfall|p1a: Landorus-Therian
|-supereffective|p1a: Landorus-Therian
|-damage|p1a: Landorus-Therian|0 fnt
|faint|p1a: Landorus-Therian
|
|
|switch|p1a: Volcarona|Volcarona, M|329\/329
|turn|24
|
|move|p2a: Gyarados|Waterfall|p1a: Volcarona
|-supereffective|p1a: Volcarona
|-damage|p1a: Volcarona|0 fnt
|faint|p1a: Volcarona
|
|win|Invok3r