|join|Invok3r
|join|untruth
|player|p1|Invok3r|266
|player|p2|untruth|153
|gametype|singles
|gen|6
|tier|OU
|rated
|clearpoke
|poke|p1|Garchomp, F, shiny
|poke|p1|Alakazam, M, shiny
|poke|p1|Scizor, M
|poke|p1|Keldeo
|poke|p1|Raikou, shiny
|poke|p1|Lopunny, F, shiny
|poke|p2|Altaria, F
|poke|p2|Slowbro, F
|poke|p2|Heatran, F
|poke|p2|Chesnaught, F
|poke|p2|Zapdos
|poke|p2|Talonflame, F
|rule|Swagger Clause: Swagger is banned
|rule|Baton Pass Clause: Limit one PokÃ©mon knowing Baton Pass
|rule|Sleep Clause Mod: Limit one foe put to sleep
|rule|Species Clause: Limit one of each PokÃ©mon
|rule|OHKO Clause: OHKO moves are banned
|rule|Moody Clause: Moody is banned
|rule|Evasion Moves Clause: Evasion moves are banned
|rule|Endless Battle Clause: Forcing endless battles is banned
|rule|HP Percentage Mod: HP is shown in percentages
|teampreview
|
|start
|switch|p1a: Garchomp|Garchomp, F, shiny|357\/357
|switch|p2a: Altaria|Altaria, F|353\/353
|turn|1
|
|detailschange|p2a: Altaria|Altaria-Mega, F
|-mega|p2a: Altaria|Altaria|Altarianite
|move|p1a: Garchomp|Stealth Rock|p2a: Altaria
|-sidestart|p2: untruth|move: Stealth Rock
|move|p2a: Altaria|Hyper Voice|p1a: Garchomp
|-supereffective|p1a: Garchomp
|-damage|p1a: Garchomp|31\/357
|
|turn|2
|
|move|p1a: Garchomp|Earthquake|p2a: Altaria
|-damage|p2a: Altaria|229\/353
|move|p2a: Altaria|Hyper Voice|p1a: Garchomp
|-crit|p1a: Garchomp
|-supereffective|p1a: Garchomp
|-damage|p1a: Garchomp|0 fnt
|faint|p1a: Garchomp
|
|
|switch|p1a: Scizor|Scizor, M|290\/290
|turn|3
|
|switch|p1a: Keldeo|Keldeo|323\/323
|switch|p2a: Zapdos|Zapdos|383\/383
|-damage|p2a: Zapdos|288\/383|[from] Stealth Rock
|-ability|p2a: Zapdos|Pressure
|
|-heal|p2a: Zapdos|311\/383|[from] item: Leftovers
|turn|4
|
|move|p1a: Keldeo|Hydro Pump|p2a: Zapdos
|-damage|p2a: Zapdos|53\/383
|move|p2a: Zapdos|Defog|p1a: Keldeo
|-unboost|p1a: Keldeo|evasion|1
|-sideend|p2: untruth|Stealth Rock|[from] move: Defog|[of] p2a: Zapdos
|
|-heal|p2a: Zapdos|76\/383|[from] item: Leftovers
|turn|5
|
|switch|p1a: Raikou|Raikou, shiny|329\/329
|-ability|p1a: Raikou|Pressure
|move|p2a: Zapdos|Thunderbolt|p1a: Raikou
|-resisted|p1a: Raikou
|-damage|p1a: Raikou|262\/329
|
|-heal|p2a: Zapdos|99\/383|[from] item: Leftovers
|turn|6
|
|move|p1a: Raikou|Volt Switch|p2a: Zapdos
|-damage|p2a: Zapdos|0 fnt
|faint|p2a: Zapdos
|
|switch|p1a: Alakazam|Alakazam, M, shiny|251\/251
|
|
|switch|p2a: Talonflame|Talonflame, F|359\/359
|turn|7
|
|switch|p1a: Keldeo|Keldeo|323\/323
|move|p2a: Talonflame|Brave Bird|p1a: Keldeo
|-supereffective|p1a: Keldeo
|-damage|p1a: Keldeo|51\/323
|-damage|p2a: Talonflame|269\/359|[from] recoil|[of] p1a: Keldeo
|
|-heal|p2a: Talonflame|291\/359|[from] item: Leftovers
|turn|8
|
|switch|p1a: Raikou|Raikou, shiny|262\/329
|-ability|p1a: Raikou|Pressure
|move|p2a: Talonflame|Brave Bird|p1a: Raikou
|-resisted|p1a: Raikou
|-damage|p1a: Raikou|193\/329
|-damage|p2a: Talonflame|268\/359|[from] recoil|[of] p1a: Raikou
|
|-heal|p2a: Talonflame|290\/359|[from] item: Leftovers
|turn|9
|
|move|p2a: Talonflame|Roost|p2a: Talonflame
|-heal|p2a: Talonflame|359\/359
|move|p1a: Raikou|Thunderbolt|p2a: Talonflame
|-damage|p2a: Talonflame|164\/359
|
|-heal|p2a: Talonflame|186\/359|[from] item: Leftovers
|turn|10
|
|switch|p2a: Heatran|Heatran, F|385\/385
|move|p1a: Raikou|Thunderbolt|p2a: Heatran
|-crit|p2a: Heatran
|-damage|p2a: Heatran|117\/385
|
|-heal|p2a: Heatran|141\/385|[from] item: Leftovers
|turn|11
|
|move|p1a: Raikou|Thunderbolt|p2a: Heatran
|-damage|p2a: Heatran|0 fnt
|faint|p2a: Heatran
|
|
|switch|p2a: Altaria|Altaria-Mega, F|229\/353
|turn|12
|
|switch|p1a: Keldeo|Keldeo|51\/323
|move|p2a: Altaria|Flamethrower|p1a: Keldeo
|-resisted|p1a: Keldeo
|-damage|p1a: Keldeo|11\/323
|
|turn|13
|
|move|p1a: Keldeo|Scald|p2a: Altaria
|-resisted|p2a: Altaria
|-damage|p2a: Altaria|137\/353
|-status|p2a: Altaria|brn
|move|p2a: Altaria|Roost|p2a: Altaria
|-heal|p2a: Altaria|314\/353 brn
|
|-damage|p2a: Altaria|270\/353 brn|[from] brn
|turn|14
|
|move|p1a: Keldeo|Scald|p2a: Altaria
|-resisted|p2a: Altaria
|-damage|p2a: Altaria|183\/353 brn
|move|p2a: Altaria|Heal Bell|p2a: Altaria
|-cureteam|p2a: Altaria|[from] move: HealBell
|
|turn|15
|
|move|p1a: Keldeo|Scald|p2a: Altaria
|-resisted|p2a: Altaria
|-damage|p2a: Altaria|84\/353
|move|p2a: Altaria|Roost|p2a: Altaria
|-heal|p2a: Altaria|261\/353
|
|turn|16
|-message|Invok3r lost due to inactivity.
|
|move|p1a: Keldeo|Scald|p2a: Altaria
|-resisted|p2a: Altaria
|-damage|p2a: Altaria|172\/353
|move|p2a: Altaria|Roost|p2a: Altaria
|-heal|p2a: Altaria|349\/353
|
|turn|17
|
|win|untruth
|raw|Ladder updating...
|raw|Invok3r's rating: 1701 &rarr; <strong>1670<\/strong><br \/>(-31 for losing)
|raw|untruth's rating: 1478 &rarr; <strong>1509<\/strong><br \/>(+31 for winning)