|join|Invok3r
|join|koklm
|player|p1|Invok3r|250
|player|p2|koklm|233
|gametype|singles
|gen|6
|tier|OU (suspect test)
|rated
|clearpoke
|poke|p1|Doublade, F
|poke|p1|Chansey, F
|poke|p1|Clefable, F
|poke|p1|Gliscor, M
|poke|p1|Sableye, F
|poke|p1|Tentacruel, M
|poke|p2|Clefable, F
|poke|p2|Heatran, M
|poke|p2|Manectric, F
|poke|p2|Latias, F
|poke|p2|Landorus-Therian, M
|poke|p2|Conkeldurr, F
|rule|Swagger Clause: Swagger is banned
|rule|Baton Pass Clause: Limit one PokÃ©mon knowing Baton Pass
|rule|Sleep Clause Mod: Limit one foe put to sleep
|rule|Species Clause: Limit one of each PokÃ©mon
|rule|OHKO Clause: OHKO moves are banned
|rule|Moody Clause: Moody is banned
|rule|Evasion Moves Clause: Evasion moves are banned
|rule|Endless Battle Clause: Forcing endless battles is banned
|rule|HP Percentage Mod: HP is shown in percentages
|teampreview
|
|start
|switch|p1a: Sableye|Sableye, F|304\/304
|switch|p2a: Conkeldurr|Conkeldurr, F|352\/352
|turn|1
|
|switch|p2a: Clefable|Clefable, F|332\/332
|move|p1a: Sableye|Knock Off|p2a: Clefable
|-resisted|p2a: Clefable
|-damage|p2a: Clefable|293\/332
|-enditem|p2a: Clefable|Leftovers|[from] move: Knock Off|[of] p1a: Sableye
|
|turn|2
|
|switch|p2a: Heatran|Heatran, M|386\/386
|switch|p1a: Tentacruel|Tentacruel, M|364\/364
|
|turn|3
|
|switch|p2a: Conkeldurr|Conkeldurr, F|352\/352
|move|p1a: Tentacruel|Toxic Spikes|p2a: Conkeldurr
|-sidestart|p2: koklm|move: Toxic Spikes
|
|turn|4
|
|switch|p1a: Sableye|Sableye, F|304\/304
|move|p2a: Conkeldurr|Knock Off|p1a: Sableye
|-damage|p1a: Sableye|225\/304
|
|turn|5
|
|switch|p2a: Clefable|Clefable, F|293\/332
|-status|p2a: Clefable|psn
|move|p1a: Sableye|Knock Off|p2a: Clefable
|-resisted|p2a: Clefable
|-damage|p2a: Clefable|266\/332 psn
|
|turn|6
|
|switch|p2a: Landorus-Therian|Landorus-Therian, M|319\/319
|-ability|p2a: Landorus-Therian|Intimidate|[of] p1a: Sableye
|-unboost|p1a: Sableye|atk|1
|switch|p1a: Tentacruel|Tentacruel, M|364\/364
|
|turn|7
|
|switch|p1a: Clefable|Clefable, F|394\/394
|move|p2a: Landorus-Therian|Knock Off|p1a: Clefable
|-resisted|p1a: Clefable
|-damage|p1a: Clefable|343\/394
|-enditem|p1a: Clefable|Leftovers|[from] move: Knock Off|[of] p2a: Landorus-Therian
|
|turn|8
|
|switch|p2a: Heatran|Heatran, M|386\/386
|switch|p1a: Gliscor|Gliscor, M|354\/354
|
|-status|p1a: Gliscor|tox|[from] item: Toxic Orb
|turn|9
|
|switch|p2a: Clefable|Clefable, F|266\/332 psn
|move|p1a: Gliscor|Earthquake|p2a: Clefable
|-damage|p2a: Clefable|166\/332 psn
|
|turn|10
|
|switch|p1a: Chansey|Chansey, F|703\/703
|move|p2a: Clefable|Soft-Boiled|p2a: Clefable
|-heal|p2a: Clefable|332\/332 psn
|
|turn|11
|
|switch|p2a: Heatran|Heatran, M|386\/386
|move|p1a: Chansey|Stealth Rock|p2a: Heatran
|-sidestart|p2: koklm|move: Stealth Rock
|
|turn|12
|
|switch|p1a: Gliscor|Gliscor, M|354\/354 tox
|move|p2a: Heatran|Stealth Rock|p1a: Gliscor
|-sidestart|p1: Invok3r|move: Stealth Rock
|
|turn|13
|
|switch|p2a: Clefable|Clefable, F|332\/332 psn
|move|p1a: Gliscor|Knock Off|p2a: Clefable
|-resisted|p2a: Clefable
|-damage|p2a: Clefable|309\/332 psn
|
|turn|14
|
|move|p1a: Gliscor|Taunt|p2a: Clefable
|-start|p2a: Clefable|move: Taunt
|cant|p2a: Clefable|move: Taunt|Calm Mind
|
|turn|15
|
|switch|p2a: Landorus-Therian|Landorus-Therian, M|319\/319
|-damage|p2a: Landorus-Therian|280\/319|[from] Stealth Rock
|-ability|p2a: Landorus-Therian|Intimidate|[of] p1a: Gliscor
|-unboost|p1a: Gliscor|atk|1
|move|p1a: Gliscor|Earthquake|p2a: Landorus-Therian
|-immune|p2a: Landorus-Therian|[msg]
|
|turn|16
|
|move|p2a: Landorus-Therian|U-turn|p1a: Gliscor
|-resisted|p1a: Gliscor
|-damage|p1a: Gliscor|316\/354 tox
|
|switch|p2a: Clefable|Clefable, F|309\/332 psn
|move|p1a: Gliscor|Knock Off|p2a: Clefable
|-resisted|p2a: Clefable
|-damage|p2a: Clefable|295\/332 psn
|
|-heal|p1a: Gliscor|354\/354 tox|[from] ability: Poison Heal
|turn|17
|
|switch|p1a: Tentacruel|Tentacruel, M|364\/364
|-damage|p1a: Tentacruel|319\/364|[from] Stealth Rock
|move|p2a: Clefable|Moonblast|p1a: Tentacruel
|-resisted|p1a: Tentacruel
|-damage|p1a: Tentacruel|274\/364
|
|-heal|p1a: Tentacruel|296\/364|[from] item: Black Sludge
|turn|18
|
|switch|p2a: Latias|Latias, F|301\/301
|-damage|p2a: Latias|264\/301|[from] Stealth Rock
|move|p1a: Tentacruel|Rapid Spin|p2a: Latias
|-damage|p2a: Latias|252\/301
|-sideend|p1: Invok3r|Stealth Rock|[from] move: Rapid Spin|[of] p1a: Tentacruel
|
|-heal|p1a: Tentacruel|318\/364|[from] item: Black Sludge
|turn|19
|
|switch|p1a: Chansey|Chansey, F|703\/703
|move|p2a: Latias|Defog|p1a: Chansey
|-unboost|p1a: Chansey|evasion|1
|-sideend|p2: koklm|Toxic Spikes|[from] move: Defog|[of] p2a: Latias
|-sideend|p2: koklm|Stealth Rock|[from] move: Defog|[of] p2a: Latias
|
|turn|20
|
|switch|p2a: Heatran|Heatran, M|386\/386
|move|p1a: Chansey|Stealth Rock|p2a: Heatran
|-sidestart|p2: koklm|move: Stealth Rock
|
|turn|21
|
|switch|p1a: Gliscor|Gliscor, M|354\/354 tox
|move|p2a: Heatran|Stealth Rock|p1a: Gliscor
|-sidestart|p1: Invok3r|move: Stealth Rock
|
|turn|22
|
|switch|p2a: Clefable|Clefable, F|295\/332 psn
|move|p1a: Gliscor|Earthquake|p2a: Clefable
|-damage|p2a: Clefable|186\/332 psn
|
|turn|23
|
|move|p1a: Gliscor|Taunt|p2a: Clefable
|-start|p2a: Clefable|move: Taunt
|move|p2a: Clefable|Moonblast|p1a: Gliscor
|-damage|p1a: Gliscor|261\/354 tox
|-unboost|p1a: Gliscor|spa|1
|
|-heal|p1a: Gliscor|305\/354 tox|[from] ability: Poison Heal
|turn|24
|
|switch|p2a: Landorus-Therian|Landorus-Therian, M|280\/319
|-damage|p2a: Landorus-Therian|241\/319|[from] Stealth Rock
|-ability|p2a: Landorus-Therian|Intimidate|[of] p1a: Gliscor
|-unboost|p1a: Gliscor|atk|1
|move|p1a: Gliscor|Knock Off|p2a: Landorus-Therian
|-damage|p2a: Landorus-Therian|190\/319
|-enditem|p2a: Landorus-Therian|Choice Scarf|[from] move: Knock Off|[of] p1a: Gliscor
|
|-heal|p1a: Gliscor|349\/354 tox|[from] ability: Poison Heal
|turn|25
|
|move|p2a: Landorus-Therian|U-turn|p1a: Gliscor
|-resisted|p1a: Gliscor
|-damage|p1a: Gliscor|313\/354 tox
|
|switch|p2a: Clefable|Clefable, F|186\/332 psn
|move|p1a: Gliscor|Knock Off|p2a: Clefable
|-resisted|p2a: Clefable
|-damage|p2a: Clefable|172\/332 psn
|
|-heal|p1a: Gliscor|354\/354 tox|[from] ability: Poison Heal
|turn|26
|
|switch|p2a: Manectric|Manectric, F|281\/281
|-damage|p2a: Manectric|246\/281|[from] Stealth Rock
|move|p1a: Gliscor|Taunt|p2a: Manectric
|-start|p2a: Manectric|move: Taunt
|
|turn|27
|
|switch|p1a: Chansey|Chansey, F|703\/703
|-damage|p1a: Chansey|616\/703|[from] Stealth Rock
|detailschange|p2a: Manectric|Manectric-Mega, F
|-mega|p2a: Manectric|Manectric|Manectite
|-ability|p2a: Manectric|Intimidate|[of] p1a: Chansey
|-unboost|p1a: Chansey|atk|1
|move|p2a: Manectric|Volt Switch|p1a: Chansey
|-damage|p1a: Chansey|538\/703
|
|switch|p2a: Conkeldurr|Conkeldurr, F|352\/352
|-damage|p2a: Conkeldurr|330\/352|[from] Stealth Rock
|
|turn|28
|
|switch|p1a: Sableye|Sableye, F|225\/304
|-damage|p1a: Sableye|187\/304|[from] Stealth Rock
|move|p2a: Conkeldurr|Knock Off|p1a: Sableye
|-damage|p1a: Sableye|108\/304
|
|turn|29
|
|switch|p2a: Clefable|Clefable, F|172\/332 psn
|move|p1a: Sableye|Recover|p1a: Sableye
|-heal|p1a: Sableye|260\/304
|
|turn|30
|
|switch|p1a: Tentacruel|Tentacruel, M|318\/364
|-damage|p1a: Tentacruel|273\/364|[from] Stealth Rock
|move|p2a: Clefable|Soft-Boiled|p2a: Clefable
|-heal|p2a: Clefable|332\/332 psn
|
|-heal|p1a: Tentacruel|295\/364|[from] item: Black Sludge
|turn|31
|join|ObviouslyAV
|
|move|p1a: Tentacruel|Rapid Spin|p2a: Clefable
|-damage|p2a: Clefable|322\/332 psn
|-sideend|p1: Invok3r|Stealth Rock|[from] move: Rapid Spin|[of] p1a: Tentacruel
|move|p2a: Clefable|Calm Mind|p2a: Clefable
|-boost|p2a: Clefable|spa|1
|-boost|p2a: Clefable|spd|1
|
|-heal|p1a: Tentacruel|317\/364|[from] item: Black Sludge
|turn|32
|c|âInvok3r|if i win dis
|c| ObviouslyAV|Yo
|c|âInvok3r|i get 2700+
|c| ObviouslyAV|Ik
|
|move|p1a: Tentacruel|Acid Spray|p2a: Clefable
|-supereffective|p2a: Clefable
|-damage|p2a: Clefable|268\/332 psn
|-unboost|p2a: Clefable|spd|2
|move|p2a: Clefable|Calm Mind|p2a: Clefable
|-boost|p2a: Clefable|spa|1
|-boost|p2a: Clefable|spd|1
|
|-heal|p1a: Tentacruel|339\/364|[from] item: Black Sludge
|turn|33
|c| ObviouslyAV|gittttt ittttt
|c|âInvok3r|plz no psyshock
|c|âInvok3r|dont be that nigga
|
|move|p1a: Tentacruel|Acid Spray|p2a: Clefable
|-supereffective|p2a: Clefable
|-damage|p2a: Clefable|190\/332 psn
|-unboost|p2a: Clefable|spd|2
|move|p2a: Clefable|Calm Mind|p2a: Clefable
|-boost|p2a: Clefable|spa|1
|-boost|p2a: Clefable|spd|1
|
|-heal|p1a: Tentacruel|361\/364|[from] item: Black Sludge
|turn|34
|c|âInvok3r|plz no psyshock
|
|switch|p2a: Manectric|Manectric-Mega, F|246\/281
|-damage|p2a: Manectric|211\/281|[from] Stealth Rock
|-ability|p2a: Manectric|Intimidate|[of] p1a: Tentacruel
|-unboost|p1a: Tentacruel|atk|1
|move|p1a: Tentacruel|Acid Spray|p2a: Manectric
|-damage|p2a: Manectric|165\/281
|-unboost|p2a: Manectric|spd|2
|
|-heal|p1a: Tentacruel|364\/364|[from] item: Black Sludge
|turn|35
|c|âInvok3r|k then
|
|switch|p1a: Chansey|Chansey, F|538\/703
|move|p2a: Manectric|Volt Switch|p1a: Chansey
|-damage|p1a: Chansey|459\/703
|
|switch|p2a: Heatran|Heatran, M|386\/386
|-damage|p2a: Heatran|338\/386|[from] Stealth Rock
|
|-heal|p2a: Heatran|362\/386|[from] item: Leftovers
|turn|36
|
|move|p2a: Heatran|Stealth Rock|p1a: Chansey
|-sidestart|p1: Invok3r|move: Stealth Rock
|move|p1a: Chansey|Soft-Boiled|p1a: Chansey
|-heal|p1a: Chansey|703\/703
|
|-heal|p2a: Heatran|386\/386|[from] item: Leftovers
|turn|37
|
|switch|p2a: Clefable|Clefable, F|190\/332 psn
|switch|p1a: Gliscor|Gliscor, M|354\/354 tox
|-damage|p1a: Gliscor|310\/354 tox|[from] Stealth Rock
|
|-heal|p1a: Gliscor|354\/354 tox|[from] ability: Poison Heal
|turn|38
|c|âInvok3r|predickted
|
|switch|p2a: Conkeldurr|Conkeldurr, F|330\/352
|-damage|p2a: Conkeldurr|308\/352|[from] Stealth Rock
|move|p1a: Gliscor|Taunt|p2a: Conkeldurr
|-start|p2a: Conkeldurr|move: Taunt
|
|turn|39
|
|switch|p1a: Doublade|Doublade, F|321\/321
|-damage|p1a: Doublade|301\/321|[from] Stealth Rock
|move|p2a: Conkeldurr|Knock Off|p1a: Doublade
|-supereffective|p1a: Doublade
|-damage|p1a: Doublade|201\/321
|-enditem|p1a: Doublade|Eviolite|[from] move: Knock Off|[of] p2a: Conkeldurr
|
|turn|40
|c| ObviouslyAV|Clef
|c| ObviouslyAV|N
|c| ObviouslyAV|DUDE
|c|âInvok3r|no its good
|c|âInvok3r|nigga
|c|âInvok3r|i dont need doublade
|c| ObviouslyAV|Erm
|c|âInvok3r|i didnt want a freeze on sableye
|c| ObviouslyAV|hisclef could git out of controll
|
|switch|p2a: Heatran|Heatran, M|386\/386
|-damage|p2a: Heatran|338\/386|[from] Stealth Rock
|move|p1a: Doublade|Toxic|p2a: Heatran
|-fail|p2a: Heatran
|
|-heal|p2a: Heatran|362\/386|[from] item: Leftovers
|turn|41
|c|âInvok3r|how?
|
|switch|p1a: Gliscor|Gliscor, M|354\/354 tox
|-damage|p1a: Gliscor|310\/354 tox|[from] Stealth Rock
|move|p2a: Heatran|Roar|p1a: Gliscor
|drag|p1a: Sableye|Sableye, F|260\/304
|-damage|p1a: Sableye|222\/304|[from] Stealth Rock
|
|-heal|p2a: Heatran|386\/386|[from] item: Leftovers
|turn|42
|c| ObviouslyAV|I seeyor tenta dying in te near future
|c|âInvok3r|gyro ball doesnt even whko
|c|âInvok3r|2hko
|c| ObviouslyAV|O
|c| ObviouslyAV|whale
|
|detailschange|p1a: Sableye|Sableye-Mega, F
|-mega|p1a: Sableye|Sableye|Sablenite
|move|p1a: Sableye|Recover|p1a: Sableye
|-heal|p1a: Sableye|304\/304
|move|p2a: Heatran|Lava Plume|p1a: Sableye
|-damage|p1a: Sableye|205\/304
|
|turn|43
|
|switch|p2a: Clefable|Clefable, F|190\/332 psn
|switch|p1a: Gliscor|Gliscor, M|310\/354 tox
|-damage|p1a: Gliscor|266\/354 tox|[from] Stealth Rock
|
|-heal|p1a: Gliscor|310\/354 tox|[from] ability: Poison Heal
|turn|44
|c| ObviouslyAV|YOOOOO
|
|switch|p2a: Landorus-Therian|Landorus-Therian, M|190\/319
|-damage|p2a: Landorus-Therian|151\/319|[from] Stealth Rock
|-ability|p2a: Landorus-Therian|Intimidate|[of] p1a: Gliscor
|-unboost|p1a: Gliscor|atk|1
|move|p1a: Gliscor|Taunt|p2a: Landorus-Therian
|-start|p2a: Landorus-Therian|move: Taunt
|
|-heal|p1a: Gliscor|354\/354 tox|[from] ability: Poison Heal
|turn|45
|
|move|p2a: Landorus-Therian|U-turn|p1a: Gliscor
|-resisted|p1a: Gliscor
|-damage|p1a: Gliscor|316\/354 tox
|c| ObviouslyAV|Conk nooooo
|
|switch|p2a: Latias|Latias, F|252\/301
|-damage|p2a: Latias|215\/301|[from] Stealth Rock
|move|p1a: Gliscor|Earthquake|p2a: Latias
|-immune|p2a: Latias|[msg]
|
|-heal|p1a: Gliscor|354\/354 tox|[from] ability: Poison Heal
|turn|46
|c| ObviouslyAV|acrk here
|c| ObviouslyAV|Lol
|c| ObviouslyAV|easiest roost of your life
|
|switch|p2a: Manectric|Manectric-Mega, F|165\/281
|-damage|p2a: Manectric|130\/281|[from] Stealth Rock
|-ability|p2a: Manectric|Intimidate|[of] p1a: Gliscor
|-unboost|p1a: Gliscor|atk|1
|switch|p1a: Chansey|Chansey, F|703\/703
|-damage|p1a: Chansey|616\/703|[from] Stealth Rock
|
|turn|47
|
|move|p2a: Manectric|Volt Switch|p1a: Chansey
|-damage|p1a: Chansey|531\/703
|
|switch|p2a: Clefable|Clefable, F|190\/332 psn
|move|p1a: Chansey|Soft-Boiled|p1a: Chansey
|-heal|p1a: Chansey|703\/703
|
|turn|48
|
|switch|p1a: Tentacruel|Tentacruel, M|364\/364
|-damage|p1a: Tentacruel|319\/364|[from] Stealth Rock
|move|p2a: Clefable|Soft-Boiled|p2a: Clefable
|-heal|p2a: Clefable|332\/332 psn
|
|-heal|p1a: Tentacruel|341\/364|[from] item: Black Sludge
|turn|49
|
|switch|p2a: Manectric|Manectric-Mega, F|130\/281
|-damage|p2a: Manectric|95\/281|[from] Stealth Rock
|-ability|p2a: Manectric|Intimidate|[of] p1a: Tentacruel
|-unboost|p1a: Tentacruel|atk|1
|move|p1a: Tentacruel|Rapid Spin|p2a: Manectric
|-damage|p2a: Manectric|85\/281
|-sideend|p1: Invok3r|Stealth Rock|[from] move: Rapid Spin|[of] p1a: Tentacruel
|
|-heal|p1a: Tentacruel|363\/364|[from] item: Black Sludge
|turn|50
|
|switch|p1a: Chansey|Chansey, F|703\/703
|move|p2a: Manectric|Volt Switch|p1a: Chansey
|-damage|p1a: Chansey|622\/703
|
|switch|p2a: Heatran|Heatran, M|386\/386
|-damage|p2a: Heatran|338\/386|[from] Stealth Rock
|
|-heal|p2a: Heatran|362\/386|[from] item: Leftovers
|turn|51
|
|switch|p1a: Sableye|Sableye-Mega, F|205\/304
|move|p2a: Heatran|Lava Plume|p1a: Sableye
|-damage|p1a: Sableye|100\/304
|
|-heal|p2a: Heatran|386\/386|[from] item: Leftovers
|turn|52
|
|switch|p1a: Gliscor|Gliscor, M|354\/354 tox
|move|p2a: Heatran|Lava Plume|p1a: Gliscor
|-damage|p1a: Gliscor|248\/354 tox
|
|-heal|p1a: Gliscor|292\/354 tox|[from] ability: Poison Heal
|turn|53
|c| ObviouslyAV|Not safe.
|c|âInvok3r|sry
|
|switch|p2a: Landorus-Therian|Landorus-Therian, M|151\/319
|-damage|p2a: Landorus-Therian|112\/319|[from] Stealth Rock
|-ability|p2a: Landorus-Therian|Intimidate|[of] p1a: Gliscor
|-unboost|p1a: Gliscor|atk|1
|move|p1a: Gliscor|Knock Off|p2a: Landorus-Therian
|-damage|p2a: Landorus-Therian|78\/319
|
|-heal|p1a: Gliscor|336\/354 tox|[from] ability: Poison Heal
|turn|54
|
|move|p2a: Landorus-Therian|U-turn|p1a: Gliscor
|-resisted|p1a: Gliscor
|-damage|p1a: Gliscor|298\/354 tox
|
|switch|p2a: Clefable|Clefable, F|332\/332 psn
|move|p1a: Gliscor|Earthquake|p2a: Clefable
|-damage|p2a: Clefable|260\/332 psn
|
|-heal|p1a: Gliscor|342\/354 tox|[from] ability: Poison Heal
|turn|55
|
|switch|p2a: Latias|Latias, F|215\/301
|-damage|p2a: Latias|178\/301|[from] Stealth Rock
|move|p1a: Gliscor|Taunt|p2a: Latias
|-start|p2a: Latias|move: Taunt
|
|-heal|p1a: Gliscor|354\/354 tox|[from] ability: Poison Heal
|turn|56
|c| ObviouslyAV|Roost
|c| ObviouslyAV|plz
|
|switch|p2a: Conkeldurr|Conkeldurr, F|308\/352
|-damage|p2a: Conkeldurr|286\/352|[from] Stealth Rock
|move|p1a: Gliscor|Roost|p1a: Gliscor
|-fail|p1a: Gliscor
|
|turn|57
|c|âInvok3r|i havent roosted yet in 56 turns
|c|âInvok3r|lol
|c| ObviouslyAV|Lol
|
|switch|p1a: Doublade|Doublade, F|201\/321
|move|p2a: Conkeldurr|Ice Punch|p1a: Doublade
|-resisted|p1a: Doublade
|-damage|p1a: Doublade|174\/321
|
|turn|58
|
|switch|p2a: Heatran|Heatran, M|386\/386
|-damage|p2a: Heatran|338\/386|[from] Stealth Rock
|move|p1a: Doublade|Rest|p1a: Doublade
|-status|p1a: Doublade|slp
|-heal|p1a: Doublade|321\/321 slp|[silent]
|-status|p1a: Doublade|slp|[from] move: Rest
|
|-heal|p2a: Heatran|362\/386|[from] item: Leftovers
|turn|59
|
|switch|p1a: Sableye|Sableye-Mega, F|100\/304
|move|p2a: Heatran|Stealth Rock|p1a: Sableye
|move|p1a: Sableye|Stealth Rock|p2a: Heatran|[from]Magic Bounce
|-fail|p2a: Heatran
|
|-heal|p2a: Heatran|386\/386|[from] item: Leftovers
|turn|60
|
|switch|p1a: Gliscor|Gliscor, M|354\/354 tox
|move|p2a: Heatran|Lava Plume|p1a: Gliscor
|-damage|p1a: Gliscor|252\/354 tox
|
|-heal|p1a: Gliscor|296\/354 tox|[from] ability: Poison Heal
|turn|61
|c|âInvok3r|we bout that lyfe
|c| ObviouslyAV|Tox
|c| ObviouslyAV|here
|
|switch|p2a: Landorus-Therian|Landorus-Therian, M|78\/319
|-damage|p2a: Landorus-Therian|39\/319|[from] Stealth Rock
|-ability|p2a: Landorus-Therian|Intimidate|[of] p1a: Gliscor
|-unboost|p1a: Gliscor|atk|1
|move|p1a: Gliscor|Earthquake|p2a: Landorus-Therian
|-immune|p2a: Landorus-Therian|[msg]
|
|-heal|p1a: Gliscor|340\/354 tox|[from] ability: Poison Heal
|turn|62
|c|âInvok3r|one more switchin
|c|âInvok3r|nb
|c| ObviouslyAV|Sigh
|
|move|p2a: Landorus-Therian|U-turn|p1a: Gliscor
|-resisted|p1a: Gliscor
|-damage|p1a: Gliscor|301\/354 tox
|
|switch|p2a: Clefable|Clefable, F|260\/332 psn
|move|p1a: Gliscor|Knock Off|p2a: Clefable
|-resisted|p2a: Clefable
|-damage|p2a: Clefable|245\/332 psn
|
|-heal|p1a: Gliscor|345\/354 tox|[from] ability: Poison Heal
|turn|63
|
|move|p1a: Gliscor|Taunt|p2a: Clefable
|-start|p2a: Clefable|move: Taunt
|move|p2a: Clefable|Moonblast|p1a: Gliscor
|-damage|p1a: Gliscor|254\/354 tox
|
|-heal|p1a: Gliscor|298\/354 tox|[from] ability: Poison Heal
|turn|64
|
|switch|p1a: Tentacruel|Tentacruel, M|363\/364
|move|p2a: Clefable|Moonblast|p1a: Tentacruel
|-crit|p1a: Tentacruel
|-resisted|p1a: Tentacruel
|-damage|p1a: Tentacruel|296\/364
|
|-heal|p1a: Tentacruel|318\/364|[from] item: Black Sludge
|turn|65
|
|switch|p2a: Heatran|Heatran, M|386\/386
|-damage|p2a: Heatran|338\/386|[from] Stealth Rock
|move|p1a: Tentacruel|Scald|p2a: Heatran
|-supereffective|p2a: Heatran
|-damage|p2a: Heatran|230\/386
|
|-heal|p1a: Tentacruel|340\/364|[from] item: Black Sludge
|-heal|p2a: Heatran|254\/386|[from] item: Leftovers
|turn|66
|
|move|p1a: Tentacruel|Toxic Spikes|p2a: Heatran
|-sidestart|p2: koklm|move: Toxic Spikes
|move|p2a: Heatran|Stealth Rock|p1a: Tentacruel
|-sidestart|p1: Invok3r|move: Stealth Rock
|
|-heal|p1a: Tentacruel|362\/364|[from] item: Black Sludge
|-heal|p2a: Heatran|278\/386|[from] item: Leftovers
|turn|67
|
|move|p1a: Tentacruel|Rapid Spin|p2a: Heatran
|-resisted|p2a: Heatran
|-damage|p2a: Heatran|273\/386
|-sideend|p1: Invok3r|Stealth Rock|[from] move: Rapid Spin|[of] p1a: Tentacruel
|move|p2a: Heatran|Lava Plume|p1a: Tentacruel
|-resisted|p1a: Tentacruel
|-damage|p1a: Tentacruel|314\/364
|
|-heal|p1a: Tentacruel|336\/364|[from] item: Black Sludge
|-heal|p2a: Heatran|297\/386|[from] item: Leftovers
|turn|68
|
|switch|p1a: Gliscor|Gliscor, M|298\/354 tox
|switch|p2a: Latias|Latias, F|178\/301
|-damage|p2a: Latias|141\/301|[from] Stealth Rock
|
|-heal|p1a: Gliscor|342\/354 tox|[from] ability: Poison Heal
|turn|69
|c| ObviouslyAV|Glis on hislatias
|c| ObviouslyAV|yes
|c| ObviouslyAV|yes ye
|
|move|p2a: Latias|Defog|p1a: Gliscor
|-unboost|p1a: Gliscor|evasion|1
|-sideend|p2: koklm|Toxic Spikes|[from] move: Defog|[of] p2a: Latias
|-sideend|p2: koklm|Stealth Rock|[from] move: Defog|[of] p2a: Latias
|move|p1a: Gliscor|Knock Off|p2a: Latias
|-supereffective|p2a: Latias
|-damage|p2a: Latias|0 fnt
|-enditem|p2a: Latias|Life Orb|[from] move: Knock Off|[of] p1a: Gliscor
|faint|p2a: Latias
|
|-heal|p1a: Gliscor|354\/354 tox|[from] ability: Poison Heal
|c| ObviouslyAV|Im lagging
|
|switch|p2a: Manectric|Manectric-Mega, F|85\/281
|-ability|p2a: Manectric|Intimidate|[of] p1a: Gliscor
|-unboost|p1a: Gliscor|atk|1
|turn|70
|c| ObviouslyAV|Stay in
|c| ObviouslyAV|loljk
|
|switch|p1a: Chansey|Chansey, F|622\/703
|move|p2a: Manectric|Volt Switch|p1a: Chansey
|-damage|p1a: Chansey|535\/703
|c| ObviouslyAV|Its ok
|
|switch|p2a: Conkeldurr|Conkeldurr, F|286\/352
|
|turn|71
|
|switch|p1a: Doublade|Doublade, F|321\/321 slp
|switch|p2a: Heatran|Heatran, M|297\/386
|
|-heal|p2a: Heatran|321\/386|[from] item: Leftovers
|turn|72
|
|switch|p1a: Chansey|Chansey, F|535\/703
|move|p2a: Heatran|Lava Plume|p1a: Chansey
|-damage|p1a: Chansey|465\/703
|-status|p1a: Chansey|brn
|
|-heal|p2a: Heatran|345\/386|[from] item: Leftovers
|-damage|p1a: Chansey|378\/703 brn|[from] brn
|turn|73
|
|move|p2a: Heatran|Stealth Rock|p1a: Chansey
|-sidestart|p1: Invok3r|move: Stealth Rock
|move|p1a: Chansey|Stealth Rock|p2a: Heatran
|-sidestart|p2: koklm|move: Stealth Rock
|
|-heal|p2a: Heatran|369\/386|[from] item: Leftovers
|-damage|p1a: Chansey|291\/703 brn|[from] brn
|turn|74
|c| ObviouslyAV|See i told you its ok!
|c|âInvok3r|ye
|
|switch|p2a: Conkeldurr|Conkeldurr, F|286\/352
|-damage|p2a: Conkeldurr|264\/352|[from] Stealth Rock
|move|p1a: Chansey|Soft-Boiled|p1a: Chansey
|-heal|p1a: Chansey|643\/703 brn
|
|-damage|p1a: Chansey|556\/703 brn|[from] brn
|turn|75
|
|switch|p1a: Doublade|Doublade, F|321\/321 slp
|-damage|p1a: Doublade|301\/321 slp|[from] Stealth Rock
|switch|p2a: Heatran|Heatran, M|369\/386
|-damage|p2a: Heatran|321\/386|[from] Stealth Rock
|
|-heal|p2a: Heatran|345\/386|[from] item: Leftovers
|turn|76
|c| ObviouslyAV|Siple glis
|c| ObviouslyAV|sinple
|
|switch|p1a: Gliscor|Gliscor, M|354\/354 tox
|-damage|p1a: Gliscor|310\/354 tox|[from] Stealth Rock
|move|p2a: Heatran|Roar|p1a: Gliscor
|drag|p1a: Tentacruel|Tentacruel, M|336\/364
|-damage|p1a: Tentacruel|291\/364|[from] Stealth Rock
|
|-heal|p1a: Tentacruel|313\/364|[from] item: Black Sludge
|-heal|p2a: Heatran|369\/386|[from] item: Leftovers
|turn|77
|c| ObviouslyAV|simple
|c| ObviouslyAV|Ez scald
|
|move|p1a: Tentacruel|Rapid Spin|p2a: Heatran
|-resisted|p2a: Heatran
|-damage|p2a: Heatran|364\/386
|-sideend|p1: Invok3r|Stealth Rock|[from] move: Rapid Spin|[of] p1a: Tentacruel
|move|p2a: Heatran|Lava Plume|p1a: Tentacruel
|-resisted|p1a: Tentacruel
|-damage|p1a: Tentacruel|266\/364
|-status|p1a: Tentacruel|brn
|
|-heal|p1a: Tentacruel|288\/364 brn|[from] item: Black Sludge
|-heal|p2a: Heatran|386\/386|[from] item: Leftovers
|-damage|p1a: Tentacruel|243\/364 brn|[from] brn
|turn|78
|c| ObviouslyAV|Or spin
|
|switch|p1a: Gliscor|Gliscor, M|310\/354 tox
|move|p2a: Heatran|Stealth Rock|p1a: Gliscor
|-sidestart|p1: Invok3r|move: Stealth Rock
|
|-heal|p1a: Gliscor|354\/354 tox|[from] ability: Poison Heal
|turn|79
|
|switch|p2a: Landorus-Therian|Landorus-Therian, M|39\/319
|-damage|p2a: Landorus-Therian|0 fnt|[from] Stealth Rock
|faint|p2a: Landorus-Therian
|move|p1a: Gliscor|Earthquake|p2: Landorus-Therian|[notarget]
|-notarget
|
|
|switch|p2a: Conkeldurr|Conkeldurr, F|264\/352
|-damage|p2a: Conkeldurr|242\/352|[from] Stealth Rock
|turn|80
|
|switch|p1a: Doublade|Doublade, F|301\/321 slp
|-damage|p1a: Doublade|281\/321 slp|[from] Stealth Rock
|move|p2a: Conkeldurr|Ice Punch|p1a: Doublade
|-resisted|p1a: Doublade
|-damage|p1a: Doublade|253\/321 slp
|
|turn|81
|
|switch|p2a: Clefable|Clefable, F|245\/332 psn
|cant|p1a: Doublade|slp
|
|turn|82
|
|switch|p2a: Conkeldurr|Conkeldurr, F|242\/352
|-damage|p2a: Conkeldurr|220\/352|[from] Stealth Rock
|switch|p1a: Gliscor|Gliscor, M|354\/354 tox
|-damage|p1a: Gliscor|310\/354 tox|[from] Stealth Rock
|
|-heal|p1a: Gliscor|354\/354 tox|[from] ability: Poison Heal
|turn|83
|
|switch|p1a: Doublade|Doublade, F|253\/321 slp
|-damage|p1a: Doublade|233\/321 slp|[from] Stealth Rock
|switch|p2a: Clefable|Clefable, F|245\/332 psn
|
|turn|84
|
|switch|p1a: Gliscor|Gliscor, M|354\/354 tox
|-damage|p1a: Gliscor|310\/354 tox|[from] Stealth Rock
|move|p2a: Clefable|Calm Mind|p2a: Clefable
|-boost|p2a: Clefable|spa|1
|-boost|p2a: Clefable|spd|1
|
|-heal|p1a: Gliscor|354\/354 tox|[from] ability: Poison Heal
|turn|85
|
|move|p1a: Gliscor|Taunt|p2a: Clefable
|-start|p2a: Clefable|move: Taunt
|move|p2a: Clefable|Moonblast|p1a: Gliscor
|-damage|p1a: Gliscor|212\/354 tox
|
|-heal|p1a: Gliscor|256\/354 tox|[from] ability: Poison Heal
|turn|86
|
|move|p1a: Gliscor|Earthquake|p2a: Clefable
|-damage|p2a: Clefable|145\/332 psn
|move|p2a: Clefable|Moonblast|p1a: Gliscor
|-damage|p1a: Gliscor|114\/354 tox
|
|-heal|p1a: Gliscor|158\/354 tox|[from] ability: Poison Heal
|turn|87
|
|move|p1a: Gliscor|Roost|p1a: Gliscor
|-heal|p1a: Gliscor|335\/354 tox
|move|p2a: Clefable|Moonblast|p1a: Gliscor
|-damage|p1a: Gliscor|191\/354 tox
|-unboost|p1a: Gliscor|spa|1
|
|-heal|p1a: Gliscor|235\/354 tox|[from] ability: Poison Heal
|-end|p2a: Clefable|move: Taunt
|turn|88
|
|move|p1a: Gliscor|Taunt|p2a: Clefable
|-start|p2a: Clefable|move: Taunt
|move|p2a: Clefable|Moonblast|p1a: Gliscor
|-damage|p1a: Gliscor|108\/354 tox
|
|-heal|p1a: Gliscor|152\/354 tox|[from] ability: Poison Heal
|turn|89
|
|move|p1a: Gliscor|Roost|p1a: Gliscor
|-heal|p1a: Gliscor|329\/354 tox
|move|p2a: Clefable|Moonblast|p1a: Gliscor
|-crit|p1a: Gliscor
|-damage|p1a: Gliscor|131\/354 tox
|-unboost|p1a: Gliscor|spa|1
|
|-heal|p1a: Gliscor|175\/354 tox|[from] ability: Poison Heal
|turn|90
|
|move|p1a: Gliscor|Roost|p1a: Gliscor
|-heal|p1a: Gliscor|352\/354 tox
|move|p2a: Clefable|Moonblast|p1a: Gliscor
|-damage|p1a: Gliscor|217\/354 tox
|
|-heal|p1a: Gliscor|261\/354 tox|[from] ability: Poison Heal
|-end|p2a: Clefable|move: Taunt
|turn|91
|c|âInvok3r|fak
|
|move|p1a: Gliscor|Taunt|p2a: Clefable
|-start|p2a: Clefable|move: Taunt
|move|p2a: Clefable|Moonblast|p1a: Gliscor
|-damage|p1a: Gliscor|122\/354 tox
|-unboost|p1a: Gliscor|spa|1
|
|-heal|p1a: Gliscor|166\/354 tox|[from] ability: Poison Heal
|turn|92
|c| ObviouslyAV|Dont matter
|
|move|p1a: Gliscor|Roost|p1a: Gliscor
|-heal|p1a: Gliscor|343\/354 tox
|move|p2a: Clefable|Moonblast|p1a: Gliscor
|-damage|p1a: Gliscor|210\/354 tox
|
|-heal|p1a: Gliscor|254\/354 tox|[from] ability: Poison Heal
|turn|93
|
|switch|p2a: Conkeldurr|Conkeldurr, F|220\/352
|-damage|p2a: Conkeldurr|198\/352|[from] Stealth Rock
|move|p1a: Gliscor|Earthquake|p2a: Conkeldurr
|-damage|p2a: Conkeldurr|78\/352
|
|-heal|p1a: Gliscor|298\/354 tox|[from] ability: Poison Heal
|turn|94
|
|move|p1a: Gliscor|Earthquake|p2a: Conkeldurr
|-damage|p2a: Conkeldurr|0 fnt
|faint|p2a: Conkeldurr
|
|-heal|p1a: Gliscor|342\/354 tox|[from] ability: Poison Heal
|c|âInvok3r|ez whko
|c|âInvok3r|2hko
|c|âkoklm|gg
|c|âInvok3r|gg
|-message|koklm forfeited.
|leave|koklm
|c|âInvok3r|2700
|
|win|Invok3r
|raw|Ladder updating...
|player|p2
|c|âInvok3r|FUCK YEAH
|c|âInvok3r|OMG
|c|âInvok3r|OMG
|raw|Invok3r's rating: 1526 &rarr; <strong>1547<\/strong><br \/>(+21 for winning)
|raw|koklm's rating: 1554 &rarr; <strong>1532<\/strong><br \/>(-22 for losing)
|c|âInvok3r|OMG
|c|âInvok3r|OMG
|c| ObviouslyAV|YEAH
|c|âInvok3r|OMG
|c|âInvok3r|OMG
|c|âInvok3r|2706
|c|âInvok3r|OMGO
|c| ObviouslyAV|2706*
|leave|ObviouslyAV
|c|âInvok3r|thanks yun nigga