|join|cippersama
|join|bewww
|player|p1|cippersama|170
|player|p2|bewww|159
|gametype|singles
|gen|6
|tier|ORAS OU
|rated
|rule|Sleep Clause Mod: Limit one foe put to sleep
|rule|Species Clause: Limit one of each PokÃ©mon
|rule|OHKO Clause: OHKO moves are banned
|rule|Moody Clause: Moody is banned
|rule|Evasion Moves Clause: Evasion moves are banned
|rule|Endless Battle Clause: Forcing endless battles is banned
|rule|HP Percentage Mod: HP is shown in percentages
|clearpoke
|poke|p1|Lopunny, M
|poke|p1|Latias, F
|poke|p1|Ferrothorn, F
|poke|p1|Landorus-Therian, M
|poke|p1|Rotom-Heat
|poke|p1|Keldeo
|poke|p2|Amoonguss, M
|poke|p2|Tyranitar, F
|poke|p2|Excadrill, M
|poke|p2|Mamoswine, M
|poke|p2|Garchomp, M
|poke|p2|Abomasnow, F
|rule|Swagger Clause: Swagger is banned
|rule|Baton Pass Clause: Limit one PokÃ©mon knowing Baton Pass
|teampreview
|
|start
|switch|p1a: Lopunny|Lopunny, M|272\/272
|switch|p2a: Tyranitar|Tyranitar, F|404\/404
|-weather|Sandstorm
|turn|1
|
|switch|p2a: Amoonguss|Amoonguss, M|432\/432
|detailschange|p1a: Lopunny|Lopunny-Mega, M
|message|Lopunny has Mega Evolved into Mega Lopunny!
|move|p1a: Lopunny|Fake Out|p2a: Amoonguss
|-damage|p2a: Amoonguss|330\/432
|
|-weather|Sandstorm|[upkeep]
|-damage|p1a: Lopunny|255\/272|[from] sandstorm
|-damage|p2a: Amoonguss|303\/432|[from] sandstorm
|-heal|p2a: Amoonguss|330\/432|[from] item: Black Sludge
|turn|2
|
|switch|p1a: Ferrothorn|Ferrothorn, F|352\/352
|move|p2a: Amoonguss|Spore|p1a: Ferrothorn
|-fail|p1a: Ferrothorn
|
|-weather|Sandstorm|[upkeep]
|-damage|p2a: Amoonguss|303\/432|[from] sandstorm
|-heal|p2a: Amoonguss|330\/432|[from] item: Black Sludge
|turn|3
|
|switch|p2a: Tyranitar|Tyranitar, F|404\/404
|move|p1a: Ferrothorn|Stealth Rock|p2a: Tyranitar
|-sidestart|p2: bewww|move: Stealth Rock
|
|-weather|Sandstorm|[upkeep]
|turn|4
|
|move|p2a: Tyranitar|Stealth Rock|p1a: Ferrothorn
|-sidestart|p1: cippersama|move: Stealth Rock
|move|p1a: Ferrothorn|Gyro Ball|p2a: Tyranitar
|-crit|p2a: Tyranitar
|-supereffective|p2a: Tyranitar
|-damage|p2a: Tyranitar|86\/404
|
|-weather|Sandstorm|[upkeep]
|turn|5
|
|switch|p1a: Landorus-Therian|Landorus-Therian, M|320\/320
|-damage|p1a: Landorus-Therian|280\/320|[from] Stealth Rock
|-ability|p1a: Landorus-Therian|Intimidate|[of] p2a: Tyranitar
|-unboost|p2a: Tyranitar|atk|1
|move|p2a: Tyranitar|Flamethrower|p1a: Landorus-Therian
|-damage|p1a: Landorus-Therian|209\/320
|
|-weather|Sandstorm|[upkeep]
|turn|6
|
|switch|p2a: Amoonguss|Amoonguss, M|432\/432
|-damage|p2a: Amoonguss|378\/432|[from] Stealth Rock
|move|p1a: Landorus-Therian|Earthquake|p2a: Amoonguss
|-damage|p2a: Amoonguss|126\/432
|
|-weather|Sandstorm|[upkeep]
|-damage|p2a: Amoonguss|99\/432|[from] sandstorm
|-heal|p2a: Amoonguss|126\/432|[from] item: Black Sludge
|turn|7
|
|switch|p2a: Excadrill|Excadrill, M|362\/362
|-damage|p2a: Excadrill|351\/362|[from] Stealth Rock
|-item|p2a: Excadrill|Air Balloon
|move|p1a: Landorus-Therian|Earthquake|p2a: Excadrill
|-immune|p2a: Excadrill|[msg]
|
|-weather|Sandstorm|[upkeep]
|turn|8
|
|move|p2a: Excadrill|Iron Head|p1a: Landorus-Therian
|-damage|p1a: Landorus-Therian|35\/320
|move|p1a: Landorus-Therian|Knock Off|p2a: Excadrill
|-crit|p2a: Excadrill
|-damage|p2a: Excadrill|54\/362
|-enditem|p2a: Excadrill|Air Balloon
|
|-weather|none
|turn|9
|
|switch|p1a: Ferrothorn|Ferrothorn, F|352\/352
|-damage|p1a: Ferrothorn|330\/352|[from] Stealth Rock
|switch|p2a: Tyranitar|Tyranitar, F|86\/404
|-damage|p2a: Tyranitar|36\/404|[from] Stealth Rock
|-weather|Sandstorm
|
|-weather|Sandstorm|[upkeep]
|turn|10
|
|switch|p1a: Rotom-Heat|Rotom-Heat|304\/304
|-damage|p1a: Rotom-Heat|228\/304|[from] Stealth Rock
|move|p2a: Tyranitar|Flamethrower|p1a: Rotom-Heat
|-resisted|p1a: Rotom-Heat
|-damage|p1a: Rotom-Heat|195\/304
|
|-weather|Sandstorm|[upkeep]
|-damage|p1a: Rotom-Heat|176\/304|[from] sandstorm
|turn|11
|
|move|p1a: Rotom-Heat|Overheat|p2a: Tyranitar|[miss]
|-miss|p1a: Rotom-Heat|p2a: Tyranitar
|move|p2a: Tyranitar|Dark Pulse|p1a: Rotom-Heat
|-damage|p1a: Rotom-Heat|88\/304
|-enditem|p1a: Rotom-Heat|Sitrus Berry|[eat]
|-heal|p1a: Rotom-Heat|164\/304|[from] item: Sitrus Berry
|
|-weather|Sandstorm|[upkeep]
|-damage|p1a: Rotom-Heat|145\/304|[from] sandstorm
|turn|12
|
|move|p1a: Rotom-Heat|Overheat|p2a: Tyranitar
|-crit|p2a: Tyranitar
|-resisted|p2a: Tyranitar
|-damage|p2a: Tyranitar|0 fnt
|-unboost|p1a: Rotom-Heat|spa|2
|faint|p2a: Tyranitar
|
|-weather|Sandstorm|[upkeep]
|-damage|p1a: Rotom-Heat|126\/304|[from] sandstorm
|
|switch|p2a: Excadrill|Excadrill, M|54\/362
|-damage|p2a: Excadrill|43\/362|[from] Stealth Rock
|turn|13
|
|move|p2a: Excadrill|Rock Slide|p1a: Rotom-Heat
|-supereffective|p1a: Rotom-Heat
|-damage|p1a: Rotom-Heat|0 fnt
|faint|p1a: Rotom-Heat
|
|-weather|Sandstorm|[upkeep]
|
|switch|p1a: Lopunny|Lopunny-Mega, M|255\/272
|-damage|p1a: Lopunny|238\/272|[from] Stealth Rock
|turn|14
|
|switch|p2a: Amoonguss|Amoonguss, M|270\/432
|-damage|p2a: Amoonguss|216\/432|[from] Stealth Rock
|move|p1a: Lopunny|Fake Out|p2a: Amoonguss
|-damage|p2a: Amoonguss|123\/432
|
|-weather|Sandstorm|[upkeep]
|-damage|p1a: Lopunny|221\/272|[from] sandstorm
|-damage|p2a: Amoonguss|96\/432|[from] sandstorm
|-heal|p2a: Amoonguss|123\/432|[from] item: Black Sludge
|turn|15
|
|switch|p2a: Excadrill|Excadrill, M|43\/362
|-damage|p2a: Excadrill|32\/362|[from] Stealth Rock
|move|p1a: Lopunny|Ice Punch|p2a: Excadrill
|-damage|p2a: Excadrill|0 fnt
|faint|p2a: Excadrill
|
|-weather|Sandstorm|[upkeep]
|-damage|p1a: Lopunny|204\/272|[from] sandstorm
|
|switch|p2a: Garchomp|Garchomp, M|358\/358
|-damage|p2a: Garchomp|336\/358|[from] Stealth Rock
|turn|16
|
|move|p1a: Lopunny|Ice Punch|p2a: Garchomp
|-supereffective|p2a: Garchomp
|-damage|p2a: Garchomp|0 fnt
|-damage|p1a: Lopunny|170\/272|[from] ability: Rough Skin|[of] p2a: Garchomp
|faint|p2a: Garchomp
|
|-weather|none
|
|switch|p2a: Amoonguss|Amoonguss, M|267\/432
|-damage|p2a: Amoonguss|213\/432|[from] Stealth Rock
|turn|17
|
|switch|p2a: Mamoswine|Mamoswine, M|361\/361
|-damage|p2a: Mamoswine|316\/361|[from] Stealth Rock
|move|p1a: Lopunny|Ice Punch|p2a: Mamoswine
|-damage|p2a: Mamoswine|265\/361
|
|turn|18
|
|move|p2a: Mamoswine|Ice Shard|p1a: Lopunny
|-damage|p1a: Lopunny|63\/272
|-damage|p2a: Mamoswine|229\/361|[from] item: Life Orb
|move|p1a: Lopunny|Drain Punch|p2a: Mamoswine
|-supereffective|p2a: Mamoswine
|-damage|p2a: Mamoswine|0 fnt
|-heal|p1a: Lopunny|178\/272|[from] drain|[of] p2a: Mamoswine
|faint|p2a: Mamoswine
|
|
|switch|p2a: Amoonguss|Amoonguss, M|357\/432
|-damage|p2a: Amoonguss|303\/432|[from] Stealth Rock
|turn|19
|
|move|p1a: Lopunny|Ice Punch|p2a: Amoonguss
|-supereffective|p2a: Amoonguss
|-damage|p2a: Amoonguss|57\/432
|move|p2a: Amoonguss|Spore|p1a: Lopunny
|-status|p1a: Lopunny|slp
|
|-heal|p2a: Amoonguss|84\/432|[from] item: Black Sludge
|turn|20
|
|switch|p1a: Ferrothorn|Ferrothorn, F|330\/352
|-damage|p1a: Ferrothorn|308\/352|[from] Stealth Rock
|switch|p2a: Abomasnow|Abomasnow, F|384\/384
|-damage|p2a: Abomasnow|288\/384|[from] Stealth Rock
|-weather|Hail
|
|-weather|Hail|[upkeep]
|-damage|p1a: Ferrothorn|286\/352|[from] hail
|turn|21
|
|detailschange|p2a: Abomasnow|Abomasnow-Mega, F
|message|Abomasnow has Mega Evolved into Mega Abomasnow!
|move|p2a: Abomasnow|Swords Dance|p2a: Abomasnow
|-boost|p2a: Abomasnow|atk|2
|move|p1a: Ferrothorn|Gyro Ball|p2a: Abomasnow
|-supereffective|p2a: Abomasnow
|-damage|p2a: Abomasnow|150\/384
|
|-weather|Hail|[upkeep]
|-damage|p1a: Ferrothorn|264\/352|[from] hail
|turn|22
|
|move|p2a: Abomasnow|Ice Punch|p1a: Ferrothorn
|-crit|p1a: Ferrothorn
|-damage|p1a: Ferrothorn|0 fnt
|-damage|p2a: Abomasnow|102\/384|[from] ability: Iron Barbs|[of] p1a: Ferrothorn
|-damage|p2a: Abomasnow|38\/384|[from] item: Rocky Helmet|[of] p1a: Ferrothorn
|faint|p1a: Ferrothorn
|
|-weather|Hail|[upkeep]
|
|switch|p1a: Keldeo|Keldeo|363\/363
|-damage|p1a: Keldeo|341\/363|[from] Stealth Rock
|turn|23
|
|move|p2a: Abomasnow|Ice Shard|p1a: Keldeo
|-resisted|p1a: Keldeo
|-damage|p1a: Keldeo|261\/363
|move|p1a: Keldeo|Icy Wind|p2a: Abomasnow
|-damage|p2a: Abomasnow|0 fnt
|faint|p2a: Abomasnow
|
|-weather|Hail|[upkeep]
|-damage|p1a: Keldeo|239\/363|[from] hail
|
|switch|p2a: Amoonguss|Amoonguss, M|228\/432
|-damage|p2a: Amoonguss|174\/432|[from] Stealth Rock
|turn|24
|
|move|p1a: Keldeo|Icy Wind|p2a: Amoonguss
|-supereffective|p2a: Amoonguss
|-damage|p2a: Amoonguss|66\/432
|-unboost|p2a: Amoonguss|spe|1
|move|p2a: Amoonguss|Giga Drain|p1a: Keldeo
|-supereffective|p1a: Keldeo
|-damage|p1a: Keldeo|59\/363
|-heal|p2a: Amoonguss|156\/432|[from] drain|[of] p1a: Keldeo
|
|-weather|none
|-heal|p2a: Amoonguss|183\/432|[from] item: Black Sludge
|turn|25
|
|move|p1a: Keldeo|Icy Wind|p2a: Amoonguss
|-supereffective|p2a: Amoonguss
|-damage|p2a: Amoonguss|65\/432
|-unboost|p2a: Amoonguss|spe|1
|move|p2a: Amoonguss|Giga Drain|p1a: Keldeo
|-supereffective|p1a: Keldeo
|-damage|p1a: Keldeo|0 fnt
|-heal|p2a: Amoonguss|95\/432|[from] drain|[of] p1a: Keldeo
|faint|p1a: Keldeo
|
|-heal|p2a: Amoonguss|122\/432|[from] item: Black Sludge
|
|switch|p1a: Latias|Latias, F|302\/302
|-damage|p1a: Latias|265\/302|[from] Stealth Rock
|turn|26
|
|move|p1a: Latias|Psyshock|p2a: Amoonguss
|-supereffective|p2a: Amoonguss
|-damage|p2a: Amoonguss|0 fnt
|-damage|p1a: Latias|235\/302|[from] item: Life Orb
|faint|p2a: Amoonguss
|
|win|cippersama
|raw|Ladder updating...
|c|âbewww|gg
|raw|cippersama's rating: 1292 &rarr; <strong>1324<\/strong><br \/>(+32 for winning)
|raw|bewww's rating: 1391 &rarr; <strong>1366<\/strong><br \/>(-25 for losing)
|c|âcippersama|gg