|join|bewww
|join|Chawklette
|player|p1|bewww|159
|player|p2|Chawklette|102
|gametype|singles
|gen|6
|tier|ORAS OU
|rated
|rule|Sleep Clause Mod: Limit one foe put to sleep
|rule|Species Clause: Limit one of each PokÃ©mon
|rule|OHKO Clause: OHKO moves are banned
|rule|Moody Clause: Moody is banned
|rule|Evasion Moves Clause: Evasion moves are banned
|rule|Endless Battle Clause: Forcing endless battles is banned
|rule|HP Percentage Mod: HP is shown in percentages
|clearpoke
|poke|p1|Landorus-Therian, M
|poke|p1|Rotom-Wash
|poke|p1|Charizard, M
|poke|p1|Umbreon, M
|poke|p1|Sylveon, M
|poke|p1|Greninja, F
|poke|p2|Rotom-Wash
|poke|p2|Lopunny, M
|poke|p2|Latias, F
|poke|p2|Mamoswine, F
|poke|p2|Landorus-Therian, M
|poke|p2|Magnezone
|rule|Swagger Clause: Swagger is banned
|rule|Baton Pass Clause: Limit one PokÃ©mon knowing Baton Pass
|teampreview
|
|start
|switch|p1a: Rotom-Wash|Rotom-Wash|304\/304
|switch|p2a: Lopunny|Lopunny, M|272\/272
|turn|1
|
|switch|p1a: Landorus-Therian|Landorus-Therian, M|382\/382
|-ability|p1a: Landorus-Therian|Intimidate|[of] p2a: Lopunny
|-unboost|p2a: Lopunny|atk|1
|detailschange|p2a: Lopunny|Lopunny-Mega, M
|message|Lopunny has Mega Evolved into Mega Lopunny!
|move|p2a: Lopunny|Fake Out|p1a: Landorus-Therian
|-damage|p1a: Landorus-Therian|337\/382
|
|-heal|p1a: Landorus-Therian|360\/382|[from] item: Leftovers
|turn|2
|
|switch|p1a: Charizard|Charizard, M|298\/298
|move|p2a: Lopunny|Ice Punch|p1a: Charizard
|-damage|p1a: Charizard|221\/298
|
|turn|3
|
|switch|p2a: Landorus-Therian|Landorus-Therian, M|382\/382
|-ability|p2a: Landorus-Therian|Intimidate|[of] p1a: Charizard
|-unboost|p1a: Charizard|atk|1
|detailschange|p1a: Charizard|Charizard-Mega-X, M
|message|Charizard has Mega Evolved into Mega Charizard!
|move|p1a: Charizard|Dragon Dance|p1a: Charizard
|-boost|p1a: Charizard|atk|1
|-boost|p1a: Charizard|spe|1
|
|turn|4
|
|switch|p1a: Rotom-Wash|Rotom-Wash|304\/304
|move|p2a: Landorus-Therian|Earthquake|p1a: Rotom-Wash
|-immune|p1a: Rotom-Wash|[msg]
|
|turn|5
|
|switch|p2a: Latias|Latias, F|319\/319
|move|p1a: Rotom-Wash|Will-O-Wisp|p2a: Latias
|-status|p2a: Latias|brn
|
|-damage|p2a: Latias|280\/319 brn|[from] brn
|turn|6
|
|switch|p1a: Umbreon|Umbreon, M|394\/394
|move|p2a: Latias|Psyshock|p1a: Umbreon
|-immune|p1a: Umbreon|[msg]
|
|-damage|p2a: Latias|241\/319 brn|[from] brn
|turn|7
|
|switch|p2a: Landorus-Therian|Landorus-Therian, M|382\/382
|-ability|p2a: Landorus-Therian|Intimidate|[of] p1a: Umbreon
|-unboost|p1a: Umbreon|atk|1
|move|p1a: Umbreon|Wish|p1a: Umbreon
|
|turn|8
|
|move|p2a: Landorus-Therian|Knock Off|p1a: Umbreon
|-resisted|p1a: Umbreon
|-damage|p1a: Umbreon|352\/394
|-enditem|p1a: Umbreon|Leftovers|[from] move: Knock Off|[of] p2a: Landorus-Therian
|move|p1a: Umbreon|Foul Play|p2a: Landorus-Therian
|-damage|p2a: Landorus-Therian|259\/382
|
|-heal|p1a: Umbreon|394\/394|[from] move: Wish|[wisher] Umbreon
|turn|9
|
|switch|p1a: Landorus-Therian|Landorus-Therian, M|360\/382
|-ability|p1a: Landorus-Therian|Intimidate|[of] p2a: Landorus-Therian
|-unboost|p2a: Landorus-Therian|atk|1
|move|p2a: Landorus-Therian|U-turn|p1a: Landorus-Therian
|-resisted|p1a: Landorus-Therian
|-damage|p1a: Landorus-Therian|338\/382
|
|switch|p2a: Mamoswine|Mamoswine, F|361\/361
|
|-heal|p1a: Landorus-Therian|361\/382|[from] item: Leftovers
|turn|10
|
|move|p2a: Mamoswine|Stealth Rock|p1a: Landorus-Therian
|-sidestart|p1: bewww|move: Stealth Rock
|move|p1a: Landorus-Therian|Stealth Rock|p2a: Mamoswine
|-sidestart|p2: Chawklette|move: Stealth Rock
|
|-heal|p1a: Landorus-Therian|382\/382|[from] item: Leftovers
|turn|11
|
|switch|p1a: Umbreon|Umbreon, M|394\/394
|-damage|p1a: Umbreon|345\/394|[from] Stealth Rock
|move|p2a: Mamoswine|Icicle Crash|p1a: Umbreon
|-damage|p1a: Umbreon|173\/394
|-damage|p2a: Mamoswine|325\/361|[from] item: Life Orb
|
|turn|12
|
|move|p2a: Mamoswine|Earthquake|p1a: Umbreon
|-damage|p1a: Umbreon|0 fnt
|-damage|p2a: Mamoswine|289\/361|[from] item: Life Orb
|faint|p1a: Umbreon
|
|
|switch|p1a: Rotom-Wash|Rotom-Wash|304\/304
|-damage|p1a: Rotom-Wash|266\/304|[from] Stealth Rock
|turn|13
|
|switch|p2a: Latias|Latias, F|241\/319 brn
|-damage|p2a: Latias|202\/319 brn|[from] Stealth Rock
|move|p1a: Rotom-Wash|Volt Switch|p2a: Latias
|-resisted|p2a: Latias
|-damage|p2a: Latias|170\/319 brn
|
|switch|p1a: Greninja|Greninja, F|285\/285
|-damage|p1a: Greninja|250\/285|[from] Stealth Rock
|
|-damage|p2a: Latias|131\/319 brn|[from] brn
|turn|14
|
|move|p1a: Greninja|Dark Pulse|p2a: Latias
|-start|p1a: Greninja|typechange|Dark|[from] Protean
|-supereffective|p2a: Latias
|-damage|p2a: Latias|0 fnt
|-damage|p1a: Greninja|222\/285|[from] item: Life Orb
|faint|p2a: Latias
|
|
|switch|p2a: Lopunny|Lopunny-Mega, M|272\/272
|-damage|p2a: Lopunny|255\/272|[from] Stealth Rock
|turn|15
|
|switch|p1a: Landorus-Therian|Landorus-Therian, M|382\/382
|-damage|p1a: Landorus-Therian|335\/382|[from] Stealth Rock
|-ability|p1a: Landorus-Therian|Intimidate|[of] p2a: Lopunny
|-unboost|p2a: Lopunny|atk|1
|move|p2a: Lopunny|High Jump Kick|p1a: Landorus-Therian
|-resisted|p1a: Landorus-Therian
|-damage|p1a: Landorus-Therian|271\/382
|
|-heal|p1a: Landorus-Therian|294\/382|[from] item: Leftovers
|turn|16
|
|switch|p1a: Sylveon|Sylveon, M|394\/394
|-damage|p1a: Sylveon|345\/394|[from] Stealth Rock
|move|p2a: Lopunny|Ice Punch|p1a: Sylveon
|-damage|p1a: Sylveon|258\/394
|
|turn|17
|
|switch|p2a: Magnezone|Magnezone|281\/281
|-damage|p2a: Magnezone|264\/281|[from] Stealth Rock
|move|p1a: Sylveon|Hyper Voice|p2a: Magnezone
|-resisted|p2a: Magnezone
|-damage|p2a: Magnezone|102\/281
|
|turn|18
|
|switch|p1a: Rotom-Wash|Rotom-Wash|266\/304
|-damage|p1a: Rotom-Wash|228\/304|[from] Stealth Rock
|move|p2a: Magnezone|Flash Cannon|p1a: Rotom-Wash
|-resisted|p1a: Rotom-Wash
|-damage|p1a: Rotom-Wash|198\/304
|
|-heal|p1a: Rotom-Wash|217\/304|[from] item: Leftovers
|turn|19
|
|switch|p2a: Rotom-Wash|Rotom-Wash|303\/303
|-damage|p2a: Rotom-Wash|266\/303|[from] Stealth Rock
|move|p1a: Rotom-Wash|Hydro Pump|p2a: Rotom-Wash
|-resisted|p2a: Rotom-Wash
|-damage|p2a: Rotom-Wash|202\/303
|
|-heal|p2a: Rotom-Wash|220\/303|[from] item: Leftovers
|-heal|p1a: Rotom-Wash|236\/304|[from] item: Leftovers
|turn|20
|
|move|p1a: Rotom-Wash|Will-O-Wisp|p2a: Rotom-Wash|[miss]
|-miss|p1a: Rotom-Wash|p2a: Rotom-Wash
|move|p2a: Rotom-Wash|Will-O-Wisp|p1a: Rotom-Wash
|-status|p1a: Rotom-Wash|brn
|
|-heal|p2a: Rotom-Wash|238\/303|[from] item: Leftovers
|-heal|p1a: Rotom-Wash|255\/304 brn|[from] item: Leftovers
|-damage|p1a: Rotom-Wash|217\/304 brn|[from] brn
|turn|21
|
|move|p2a: Rotom-Wash|Hydro Pump|p1a: Rotom-Wash
|-resisted|p1a: Rotom-Wash
|-damage|p1a: Rotom-Wash|154\/304 brn
|move|p1a: Rotom-Wash|Will-O-Wisp|p2a: Rotom-Wash
|-status|p2a: Rotom-Wash|brn
|
|-heal|p1a: Rotom-Wash|173\/304 brn|[from] item: Leftovers
|-heal|p2a: Rotom-Wash|256\/303 brn|[from] item: Leftovers
|-damage|p2a: Rotom-Wash|219\/303 brn|[from] brn
|-damage|p1a: Rotom-Wash|135\/304 brn|[from] brn
|turn|22
|
|move|p1a: Rotom-Wash|Volt Switch|p2a: Rotom-Wash
|-damage|p2a: Rotom-Wash|140\/303 brn
|
|switch|p1a: Landorus-Therian|Landorus-Therian, M|294\/382
|-damage|p1a: Landorus-Therian|247\/382|[from] Stealth Rock
|-ability|p1a: Landorus-Therian|Intimidate|[of] p2a: Rotom-Wash
|-unboost|p2a: Rotom-Wash|atk|1
|move|p2a: Rotom-Wash|Volt Switch|p1a: Landorus-Therian
|-immune|p1a: Landorus-Therian|[msg]
|
|-heal|p1a: Landorus-Therian|270\/382|[from] item: Leftovers
|-heal|p2a: Rotom-Wash|158\/303 brn|[from] item: Leftovers
|-damage|p2a: Rotom-Wash|121\/303 brn|[from] brn
|turn|23
|
|switch|p1a: Greninja|Greninja, F|222\/285
|-damage|p1a: Greninja|187\/285|[from] Stealth Rock
|move|p2a: Rotom-Wash|Pain Split|p1a: Greninja
|-sethp|p1a: Greninja|154\/285|p2a: Rotom-Wash|154\/303 brn|[from] move: Pain Split
|
|-heal|p2a: Rotom-Wash|172\/303 brn|[from] item: Leftovers
|-damage|p2a: Rotom-Wash|135\/303 brn|[from] brn
|turn|24
|
|move|p1a: Greninja|Dark Pulse|p2a: Rotom-Wash
|-start|p1a: Greninja|typechange|Dark|[from] Protean
|-damage|p2a: Rotom-Wash|0 fnt
|-damage|p1a: Greninja|126\/285|[from] item: Life Orb
|faint|p2a: Rotom-Wash
|
|
|switch|p2a: Lopunny|Lopunny-Mega, M|255\/272
|-damage|p2a: Lopunny|238\/272|[from] Stealth Rock
|turn|25
|
|switch|p1a: Rotom-Wash|Rotom-Wash|135\/304 brn
|-damage|p1a: Rotom-Wash|97\/304 brn|[from] Stealth Rock
|move|p2a: Lopunny|Frustration|p1a: Rotom-Wash
|-damage|p1a: Rotom-Wash|0 fnt
|faint|p1a: Rotom-Wash
|
|
|switch|p1a: Landorus-Therian|Landorus-Therian, M|270\/382
|-damage|p1a: Landorus-Therian|223\/382|[from] Stealth Rock
|-ability|p1a: Landorus-Therian|Intimidate|[of] p2a: Lopunny
|-unboost|p2a: Lopunny|atk|1
|turn|26
|
|switch|p2a: Landorus-Therian|Landorus-Therian, M|259\/382
|-damage|p2a: Landorus-Therian|212\/382|[from] Stealth Rock
|-ability|p2a: Landorus-Therian|Intimidate|[of] p1a: Landorus-Therian
|-unboost|p1a: Landorus-Therian|atk|1
|move|p1a: Landorus-Therian|Earthquake|p2a: Landorus-Therian
|-immune|p2a: Landorus-Therian|[msg]
|
|-heal|p1a: Landorus-Therian|246\/382|[from] item: Leftovers
|turn|27
|
|move|p1a: Landorus-Therian|Knock Off|p2a: Landorus-Therian
|-damage|p2a: Landorus-Therian|152\/382
|-enditem|p2a: Landorus-Therian|Assault Vest|[from] move: Knock Off|[of] p1a: Landorus-Therian
|move|p2a: Landorus-Therian|Knock Off|p1a: Landorus-Therian
|-damage|p1a: Landorus-Therian|155\/382
|-enditem|p1a: Landorus-Therian|Leftovers|[from] move: Knock Off|[of] p2a: Landorus-Therian
|
|turn|28
|
|move|p2a: Landorus-Therian|Stone Edge|p1a: Landorus-Therian|[miss]
|-miss|p2a: Landorus-Therian|p1a: Landorus-Therian
|move|p1a: Landorus-Therian|Rock Slide|p2a: Landorus-Therian
|-damage|p2a: Landorus-Therian|109\/382
|
|turn|29
|
|move|p2a: Landorus-Therian|Stone Edge|p1a: Landorus-Therian
|-damage|p1a: Landorus-Therian|67\/382
|move|p1a: Landorus-Therian|Rock Slide|p2a: Landorus-Therian
|-damage|p2a: Landorus-Therian|60\/382
|
|turn|30
|
|move|p1a: Landorus-Therian|Rock Slide|p2a: Landorus-Therian
|-damage|p2a: Landorus-Therian|14\/382
|move|p2a: Landorus-Therian|Stone Edge|p1a: Landorus-Therian
|-damage|p1a: Landorus-Therian|0 fnt
|faint|p1a: Landorus-Therian
|
|
|switch|p1a: Greninja|Greninja, F|126\/285
|-damage|p1a: Greninja|91\/285|[from] Stealth Rock
|turn|31
|
|move|p1a: Greninja|Ice Beam|p2a: Landorus-Therian
|-start|p1a: Greninja|typechange|Ice|[from] Protean
|-supereffective|p2a: Landorus-Therian
|-damage|p2a: Landorus-Therian|0 fnt
|-damage|p1a: Greninja|63\/285|[from] item: Life Orb
|faint|p2a: Landorus-Therian
|
|
|switch|p2a: Lopunny|Lopunny-Mega, M|238\/272
|-damage|p2a: Lopunny|221\/272|[from] Stealth Rock
|turn|32
|
|move|p2a: Lopunny|Frustration|p1a: Greninja
|-damage|p1a: Greninja|0 fnt
|faint|p1a: Greninja
|
|
|switch|p1a: Sylveon|Sylveon, M|258\/394
|-damage|p1a: Sylveon|209\/394|[from] Stealth Rock
|turn|33
|
|switch|p2a: Magnezone|Magnezone|102\/281
|-damage|p2a: Magnezone|85\/281|[from] Stealth Rock
|move|p1a: Sylveon|Hyper Voice|p2a: Magnezone
|-resisted|p2a: Magnezone
|-damage|p2a: Magnezone|0 fnt
|faint|p2a: Magnezone
|
|
|switch|p2a: Mamoswine|Mamoswine, F|289\/361
|-damage|p2a: Mamoswine|244\/361|[from] Stealth Rock
|turn|34
|
|move|p2a: Mamoswine|Earthquake|p1a: Sylveon
|-damage|p1a: Sylveon|0 fnt
|-damage|p2a: Mamoswine|208\/361|[from] item: Life Orb
|faint|p1a: Sylveon
|
|
|switch|p1a: Charizard|Charizard-Mega-X, M|221\/298
|-damage|p1a: Charizard|147\/298|[from] Stealth Rock
|turn|35
|
|move|p1a: Charizard|Dragon Claw|p2a: Mamoswine
|-damage|p2a: Mamoswine|0 fnt
|faint|p2a: Mamoswine
|
|
|switch|p2a: Lopunny|Lopunny-Mega, M|221\/272
|-damage|p2a: Lopunny|204\/272|[from] Stealth Rock
|turn|36
|
|move|p2a: Lopunny|Fake Out|p1a: Charizard
|-damage|p1a: Charizard|75\/298
|cant|p1a: Charizard|flinch
|
|turn|37
|
|move|p2a: Lopunny|Frustration|p1a: Charizard
|-damage|p1a: Charizard|0 fnt
|faint|p1a: Charizard
|
|win|Chawklette
|raw|Ladder updating...
|raw|bewww's rating: 1424 &rarr; <strong>1406<\/strong><br \/>(-18 for losing)
|raw|Chawklette's rating: 1468 &rarr; <strong>1486<\/strong><br \/>(+18 for winning)
|c|âbewww|gg
|c|âChawklette|gg