|join|Gtiq
|join|bewww
|player|p1|Gtiq|2
|player|p2|bewww|159
|gametype|singles
|gen|6
|tier|ORAS OU
|rated
|rule|Sleep Clause Mod: Limit one foe put to sleep
|rule|Species Clause: Limit one of each PokÃ©mon
|rule|OHKO Clause: OHKO moves are banned
|rule|Moody Clause: Moody is banned
|rule|Evasion Moves Clause: Evasion moves are banned
|rule|Endless Battle Clause: Forcing endless battles is banned
|rule|HP Percentage Mod: HP is shown in percentages
|clearpoke
|poke|p1|Staraptor, F
|poke|p1|Salamence, F
|poke|p1|Mamoswine, F
|poke|p1|Sableye, M
|poke|p1|Conkeldurr, F
|poke|p1|Magnezone
|poke|p2|Umbreon, F
|poke|p2|Skarmory, M
|poke|p2|Jirachi
|poke|p2|Landorus-Therian, M
|poke|p2|Venusaur, F
|poke|p2|Weavile, M
|rule|Swagger Clause: Swagger is banned
|rule|Baton Pass Clause: Limit one PokÃ©mon knowing Baton Pass
|teampreview
|
|start
|switch|p1a: Staraptor|Staraptor, F|374\/374
|switch|p2a: Landorus-Therian|Landorus-Therian, M|382\/382
|-ability|p2a: Landorus-Therian|Intimidate|[of] p1a: Staraptor
|-unboost|p1a: Staraptor|atk|1
|turn|1
|
|move|p1a: Staraptor|Final Gambit|p2a: Landorus-Therian
|-damage|p2a: Landorus-Therian|8\/382
|faint|p1a: Staraptor
|move|p2a: Landorus-Therian|Stealth Rock|p1: Staraptor
|-sidestart|p1: Gtiq|move: Stealth Rock
|
|-heal|p2a: Landorus-Therian|31\/382|[from] item: Leftovers
|
|switch|p1a: Mamoswine|Mamoswine, F|424\/424
|-damage|p1a: Mamoswine|371\/424|[from] Stealth Rock
|turn|2
|
|move|p2a: Landorus-Therian|Earthquake|p1a: Mamoswine
|-damage|p1a: Mamoswine|160\/424
|move|p1a: Mamoswine|Knock Off|p2a: Landorus-Therian
|-damage|p2a: Landorus-Therian|0 fnt
|-enditem|p2a: Landorus-Therian|Leftovers|[from] move: Knock Off|[of] p1a: Mamoswine
|-damage|p1a: Mamoswine|118\/424|[from] item: Life Orb
|faint|p2a: Landorus-Therian
|
|
|switch|p2a: Weavile|Weavile, M|282\/282
|-ability|p2a: Weavile|Pressure
|turn|3
|
|move|p2a: Weavile|Swords Dance|p2a: Weavile
|-boost|p2a: Weavile|atk|2
|move|p1a: Mamoswine|Earthquake|p2a: Weavile
|-damage|p2a: Weavile|0 fnt
|-damage|p1a: Mamoswine|76\/424|[from] item: Life Orb
|faint|p2a: Weavile
|
|
|switch|p2a: Jirachi|Jirachi|404\/404
|turn|4
|
|move|p2a: Jirachi|Fire Punch|p1a: Mamoswine
|-supereffective|p1a: Mamoswine
|-damage|p1a: Mamoswine|0 fnt
|faint|p1a: Mamoswine
|
|
|switch|p1a: Sableye|Sableye, M|304\/304
|-damage|p1a: Sableye|266\/304|[from] Stealth Rock
|turn|5
|
|switch|p2a: Venusaur|Venusaur, F|364\/364
|move|p1a: Sableye|Will-O-Wisp|p2a: Venusaur
|-status|p2a: Venusaur|brn
|
|-heal|p1a: Sableye|285\/304|[from] item: Leftovers
|-damage|p2a: Venusaur|319\/364 brn|[from] brn
|turn|6
|
|detailschange|p2a: Venusaur|Venusaur-Mega, F
|message|Venusaur has Mega Evolved into Mega Venusaur!
|move|p1a: Sableye|Confuse Ray|p2a: Venusaur
|-start|p2a: Venusaur|confusion
|-activate|p2a: Venusaur|confusion
|-damage|p2a: Venusaur|308\/364 brn|[from] confusion
|
|-heal|p1a: Sableye|304\/304|[from] item: Leftovers
|-damage|p2a: Venusaur|263\/364 brn|[from] brn
|turn|7
|
|move|p1a: Sableye|Taunt|p2a: Venusaur
|-start|p2a: Venusaur|move: Taunt
|-activate|p2a: Venusaur|confusion
|-damage|p2a: Venusaur|253\/364 brn|[from] confusion
|
|-damage|p2a: Venusaur|208\/364 brn|[from] brn
|turn|8
|
|move|p1a: Sableye|Confuse Ray|p2a: Venusaur
|-fail|p2a: Venusaur
|-end|p2a: Venusaur|confusion
|move|p2a: Venusaur|Sludge Bomb|p1a: Sableye
|-resisted|p1a: Sableye
|-damage|p1a: Sableye|218\/304
|
|-heal|p1a: Sableye|237\/304|[from] item: Leftovers
|-damage|p2a: Venusaur|163\/364 brn|[from] brn
|turn|9
|-message|bewww forfeited.
|
|win|Gtiq
|raw|Ladder updating...
|leave|bewww
|player|p2
|raw|Gtiq's rating: 1335 &rarr; <strong>1354<\/strong><br \/>(+19 for winning)
|raw|bewww's rating: 1323 &rarr; <strong>1304<\/strong><br \/>(-19 for losing)