|join|bewww
|join|Norge
|player|p1|bewww|216
|player|p2|Norge|266
|gametype|singles
|gen|6
|tier|OU
|rated
|clearpoke
|poke|p1|Garchomp, M
|poke|p1|Breloom, F
|poke|p1|Azumarill, M
|poke|p1|Charizard, F
|poke|p1|Latias, F
|poke|p1|Thundurus-Therian, M
|poke|p2|Breloom, M
|poke|p2|Tyranitar, F
|poke|p2|Gengar, M
|poke|p2|Aegislash, M
|poke|p2|Medicham, F
|poke|p2|Thundurus, M
|rule|Sleep Clause Mod: Limit one foe put to sleep
|rule|Species Clause: Limit one of each Pokemon
|rule|OHKO Clause: OHKO moves are banned
|rule|Moody Clause: Moody is banned
|rule|Evasion Moves Clause: Evasion moves are banned
|rule|Endless Battle Clause: Forcing endless battles is banned.
|rule|HP Percentage Mod: HP is reported as percentages
|teampreview
|
|start
|switch|p1a: Garchomp|Garchomp, M|358\/358
|switch|p2a: Punk kids|Gengar, M|261\/261
|turn|1
|
|move|p2a: Punk kids|Dazzling Gleam|p1a: Garchomp
|-supereffective|p1a: Garchomp
|-damage|p1a: Garchomp|40\/358
|move|p1a: Garchomp|Stealth Rock|p2a: Punk kids
|-sidestart|p2: Norge|move: Stealth Rock
|
|turn|2
|
|move|p2a: Punk kids|Dazzling Gleam|p1a: Garchomp
|-supereffective|p1a: Garchomp
|-damage|p1a: Garchomp|0 fnt
|faint|p1a: Garchomp
|
|
|switch|p1a: Thundurus-Therian|Thundurus-Therian, M|300\/300
|turn|3
|
|switch|p2a: Dune|Tyranitar, F|403\/403
|-damage|p2a: Dune|353\/403|[from] Stealth Rock
|-weather|Sandstorm
|move|p1a: Thundurus-Therian|Thunderbolt|p2a: Dune
|-damage|p2a: Dune|269\/403
|
|-weather|Sandstorm|[upkeep]
|-damage|p1a: Thundurus-Therian|282\/300|[from] sandstorm
|-heal|p2a: Dune|294\/403|[from] item: Leftovers
|turn|4
|
|switch|p1a: Breloom|Breloom, F|262\/262
|move|p2a: Dune|Stealth Rock|p1a: Breloom
|-sidestart|p1: bewww|move: Stealth Rock
|
|-weather|Sandstorm|[upkeep]
|-damage|p1a: Breloom|246\/262|[from] sandstorm
|-heal|p2a: Dune|319\/403|[from] item: Leftovers
|turn|5
|
|switch|p2a: Storm of Swords|Aegislash, M|323\/323
|-damage|p2a: Storm of Swords|303\/323|[from] Stealth Rock
|move|p1a: Breloom|Spore|p2a: Storm of Swords
|-status|p2a: Storm of Swords|slp
|
|-weather|Sandstorm|[upkeep]
|-damage|p1a: Breloom|230\/262|[from] sandstorm
|-heal|p2a: Storm of Swords|323\/323 slp|[from] item: Leftovers
|turn|6
|
|move|p1a: Breloom|Swords Dance|p1a: Breloom
|-boost|p1a: Breloom|atk|2
|-formechange|p2a: Storm of Swords|Aegislash-Blade
|cant|p2a: Storm of Swords|slp
|
|-weather|Sandstorm|[upkeep]
|-damage|p1a: Breloom|214\/262|[from] sandstorm
|turn|7
|
|-formechange|p2a: Storm of Swords|Aegislash
|-curestatus|p2a: Storm of Swords|slp
|move|p2a: Storm of Swords|King's Shield|p2a: Storm of Swords
|-singleturn|p2a: Storm of Swords|Protect
|move|p1a: Breloom|Bullet Seed|p2a: Storm of Swords
|-activate|p2a: Storm of Swords|Protect
|
|-weather|none
|turn|8
|
|switch|p2a: Horatio|Breloom, M|261\/261
|-damage|p2a: Horatio|245\/261|[from] Stealth Rock
|move|p1a: Breloom|Bullet Seed|p2a: Horatio
|-resisted|p2a: Horatio
|-damage|p2a: Horatio|161\/261
|-resisted|p2a: Horatio
|-damage|p2a: Horatio|81\/261
|-resisted|p2a: Horatio
|-damage|p2a: Horatio|8\/261
|-resisted|p2a: Horatio
|-damage|p2a: Horatio|0 fnt
|-hitcount|p2a: Horatio|4
|faint|p2a: Horatio
|
|
|switch|p2a: Punk kids|Gengar, M|261\/261
|-damage|p2a: Punk kids|229\/261|[from] Stealth Rock
|turn|9
|
|move|p2a: Punk kids|Sludge Wave|p1a: Breloom
|-supereffective|p1a: Breloom
|-damage|p1a: Breloom|0 fnt
|faint|p1a: Breloom
|
|
|switch|p1a: Azumarill|Azumarill, M|404\/404
|-damage|p1a: Azumarill|354\/404|[from] Stealth Rock
|turn|10
|
|move|p2a: Punk kids|Sludge Wave|p1a: Azumarill
|-supereffective|p1a: Azumarill
|-damage|p1a: Azumarill|0 fnt
|faint|p1a: Azumarill
|
|
|switch|p1a: Latias|Latias, F|302\/302
|-damage|p1a: Latias|265\/302|[from] Stealth Rock
|turn|11
|
|switch|p2a: Dune|Tyranitar, F|319\/403
|-damage|p2a: Dune|269\/403|[from] Stealth Rock
|-weather|Sandstorm
|move|p1a: Latias|Defog|p2a: Dune
|-unboost|p2a: Dune|evasion|1
|-sideend|p2: Norge|Stealth Rock|[from] move: Defog|[of] p2a: Dune
|-sideend|p1: bewww|Stealth Rock|[from] move: Defog|[of] p1a: Latias
|
|-weather|Sandstorm|[upkeep]
|-damage|p1a: Latias|247\/302|[from] sandstorm
|-heal|p2a: Dune|294\/403|[from] item: Leftovers
|turn|12
|
|move|p1a: Latias|Surf|p2a: Dune
|-supereffective|p2a: Dune
|-damage|p2a: Dune|167\/403
|-damage|p1a: Latias|217\/302|[from] item: Life Orb
|move|p2a: Dune|Pursuit|p1a: Latias
|-supereffective|p1a: Latias
|-damage|p1a: Latias|77\/302
|
|-weather|Sandstorm|[upkeep]
|-damage|p1a: Latias|59\/302|[from] sandstorm
|-heal|p2a: Dune|192\/403|[from] item: Leftovers
|turn|13
|
|move|p1a: Latias|Draco Meteor|p2a: Dune
|-damage|p2a: Dune|66\/403
|-unboost|p1a: Latias|spa|2
|-damage|p1a: Latias|29\/302|[from] item: Life Orb
|move|p2a: Dune|Stealth Rock|p1a: Latias
|-sidestart|p1: bewww|move: Stealth Rock
|
|-weather|Sandstorm|[upkeep]
|-damage|p1a: Latias|11\/302|[from] sandstorm
|-heal|p2a: Dune|91\/403|[from] item: Leftovers
|turn|14
|
|move|p1a: Latias|Surf|p2a: Dune
|-supereffective|p2a: Dune
|-damage|p2a: Dune|23\/403
|-damage|p1a: Latias|0 fnt|[from] item: Life Orb
|faint|p1a: Latias
|move|p2a: Dune|Stealth Rock|p1: Latias
|-fail|p1: Latias
|
|-weather|Sandstorm|[upkeep]
|-heal|p2a: Dune|48\/403|[from] item: Leftovers
|
|switch|p1a: Thundurus-Therian|Thundurus-Therian, M|282\/300
|-damage|p1a: Thundurus-Therian|207\/300|[from] Stealth Rock
|turn|15
|
|move|p1a: Thundurus-Therian|Thunderbolt|p2a: Dune
|-damage|p2a: Dune|0 fnt
|faint|p2a: Dune
|
|-weather|none
|
|switch|p2a: Punk kids|Gengar, M|229\/261
|turn|16
|
|move|p1a: Thundurus-Therian|Thunderbolt|p2a: Punk kids
|-damage|p2a: Punk kids|0 fnt
|faint|p2a: Punk kids
|
|
|switch|p2a: Storm of Swords|Aegislash, M|323\/323
|turn|17
|
|move|p1a: Thundurus-Therian|Thunderbolt|p2a: Storm of Swords
|-damage|p2a: Storm of Swords|184\/323
|-formechange|p2a: Storm of Swords|Aegislash-Blade
|move|p2a: Storm of Swords|Shadow Ball|p1a: Thundurus-Therian
|-damage|p1a: Thundurus-Therian|36\/300
|
|-heal|p2a: Storm of Swords|204\/323|[from] item: Leftovers
|turn|18
|
|-formechange|p2a: Storm of Swords|Aegislash
|move|p2a: Storm of Swords|King's Shield|p2a: Storm of Swords
|-singleturn|p2a: Storm of Swords|Protect
|move|p1a: Thundurus-Therian|Thunderbolt|p2a: Storm of Swords
|-activate|p2a: Storm of Swords|Protect
|
|-heal|p2a: Storm of Swords|224\/323|[from] item: Leftovers
|turn|19
|
|move|p1a: Thundurus-Therian|Thunderbolt|p2a: Storm of Swords
|-damage|p2a: Storm of Swords|80\/323
|-formechange|p2a: Storm of Swords|Aegislash-Blade
|move|p2a: Storm of Swords|Shadow Ball|p1a: Thundurus-Therian
|-damage|p1a: Thundurus-Therian|0 fnt
|faint|p1a: Thundurus-Therian
|
|-heal|p2a: Storm of Swords|100\/323|[from] item: Leftovers
|
|switch|p1a: Charizard|Charizard, F|298\/298
|-damage|p1a: Charizard|149\/298|[from] Stealth Rock
|turn|20
|
|-formechange|p1a: Charizard|Charizard-Mega-X
|message|Charizard has Mega Evolved into Mega Charizard!
|move|p1a: Charizard|Roost|p1a: Charizard
|-heal|p1a: Charizard|298\/298
|move|p2a: Storm of Swords|Shadow Ball|p1a: Charizard
|-damage|p1a: Charizard|157\/298
|
|-heal|p2a: Storm of Swords|120\/323|[from] item: Leftovers
|turn|21
|
|move|p1a: Charizard|Roost|p1a: Charizard
|-heal|p1a: Charizard|298\/298
|move|p2a: Storm of Swords|Toxic|p1a: Charizard
|-status|p1a: Charizard|tox
|
|-heal|p2a: Storm of Swords|140\/323|[from] item: Leftovers
|-damage|p1a: Charizard|280\/298 tox|[from] psn
|turn|22
|
|move|p1a: Charizard|Dragon Dance|p1a: Charizard
|-boost|p1a: Charizard|atk|1
|-boost|p1a: Charizard|spe|1
|move|p2a: Storm of Swords|Shadow Ball|p1a: Charizard
|-damage|p1a: Charizard|139\/298 tox
|
|-heal|p2a: Storm of Swords|160\/323|[from] item: Leftovers
|-damage|p1a: Charizard|103\/298 tox|[from] psn
|turn|23
|
|move|p1a: Charizard|Roost|p1a: Charizard
|-heal|p1a: Charizard|252\/298 tox
|move|p2a: Storm of Swords|Shadow Ball|p1a: Charizard
|-damage|p1a: Charizard|86\/298 tox
|-unboost|p1a: Charizard|spd|1
|
|-heal|p2a: Storm of Swords|180\/323|[from] item: Leftovers
|-damage|p1a: Charizard|32\/298 tox|[from] psn
|turn|24
|
|move|p1a: Charizard|Roost|p1a: Charizard
|-heal|p1a: Charizard|181\/298 tox
|move|p2a: Storm of Swords|Shadow Ball|p1a: Charizard
|-damage|p1a: Charizard|0 fnt
|faint|p1a: Charizard
|
|win|Norge
|raw|Ladder updating...
|raw|bewww's rating: 1523 &rarr; <strong>1510<\/strong><br \/>(-13 for losing)
|raw|Norge's rating: 1640 &rarr; <strong>1653<\/strong><br \/>(+13 for winning)
|chat|Norge|gg
|leave|bewww
|player|p1