|join|FOX14
|join|bewww
|player|p1|FOX14|162
|player|p2|bewww|216
|gametype|singles
|gen|6
|tier|OU
|rated
|clearpoke
|poke|p1|Bisharp, M
|poke|p1|Clefable, M
|poke|p1|Gyarados, M
|poke|p1|Tentacruel, F
|poke|p1|Rotom-Wash
|poke|p1|Dragonite, F
|poke|p2|Garchomp, M
|poke|p2|Azumarill, F
|poke|p2|Latias, F
|poke|p2|Thundurus-Therian, M
|poke|p2|Bisharp, M
|poke|p2|Mawile, F
|rule|Sleep Clause Mod: Limit one foe put to sleep
|rule|Species Clause: Limit one of each Pokemon
|rule|OHKO Clause: OHKO moves are banned
|rule|Moody Clause: Moody is banned
|rule|Evasion Moves Clause: Evasion moves are banned
|rule|Endless Battle Clause: Forcing endless battles is banned.
|rule|HP Percentage Mod: HP is reported as percentages
|teampreview
|
|start
|switch|p1a: Rotom-Wash|Rotom-Wash|304\/304
|switch|p2a: Mawile|Mawile, F|303\/303
|-ability|p2a: Mawile|Intimidate|[of] p1a: Rotom-Wash
|-unboost|p1a: Rotom-Wash|atk|1
|turn|1
|
|switch|p2a: Thundurus-Therian|Thundurus-Therian, M|300\/300
|move|p1a: Rotom-Wash|Will-O-Wisp|p2a: Thundurus-Therian
|-status|p2a: Thundurus-Therian|brn
|
|-damage|p2a: Thundurus-Therian|263\/300 brn|[from] brn
|turn|2
|
|move|p2a: Thundurus-Therian|Volt Switch|p1a: Rotom-Wash
|-damage|p1a: Rotom-Wash|207\/304
|
|switch|p2a: Mawile|Mawile, F|303\/303
|-ability|p2a: Mawile|Intimidate|[of] p1a: Rotom-Wash
|-unboost|p1a: Rotom-Wash|atk|1
|move|p1a: Rotom-Wash|Will-O-Wisp|p2a: Mawile
|-status|p2a: Mawile|brn
|
|-damage|p2a: Mawile|266\/303 brn|[from] brn
|turn|3
|chat|bewww|misclick :)
|
|-formechange|p2a: Mawile|Mawile-Mega
|message|Mawile has Mega Evolved into Mega Mawile!
|move|p1a: Rotom-Wash|Volt Switch|p2a: Mawile
|-damage|p2a: Mawile|181\/303 brn
|chat|FOX14|Nah Prediction
|
|switch|p1a: Gyarados|Gyarados, M|332\/332
|-ability|p1a: Gyarados|Intimidate|[of] p2a: Mawile
|-unboost|p2a: Mawile|atk|1
|move|p2a: Mawile|Swords Dance|p2a: Mawile
|-boost|p2a: Mawile|atk|2
|
|-damage|p2a: Mawile|144\/303 brn|[from] brn
|turn|4
|
|-formechange|p1a: Gyarados|Gyarados-Mega
|message|Gyarados has Mega Evolved into Mega Gyarados!
|-ability|p1a: Gyarados|Mold Breaker
|move|p1a: Gyarados|Earthquake|p2a: Mawile
|-supereffective|p2a: Mawile
|-damage|p2a: Mawile|0 fnt
|faint|p2a: Mawile
|
|
|switch|p2a: Azumarill|Azumarill, F|404\/404
|turn|5
|
|switch|p1a: Clefable|Clefable, M|394\/394
|move|p2a: Azumarill|Play Rough|p1a: Clefable
|-damage|p1a: Clefable|226\/394
|
|-heal|p1a: Clefable|250\/394|[from] item: Leftovers
|turn|6
|
|move|p1a: Clefable|Calm Mind|p1a: Clefable
|-boost|p1a: Clefable|spa|1
|-boost|p1a: Clefable|spd|1
|move|p2a: Azumarill|Play Rough|p1a: Clefable
|-damage|p1a: Clefable|79\/394
|-unboost|p1a: Clefable|atk|1
|
|-heal|p1a: Clefable|103\/394|[from] item: Leftovers
|turn|7
|
|switch|p2a: Bisharp|Bisharp, M|334\/334
|move|p1a: Clefable|Moonblast|p2a: Bisharp
|-damage|p2a: Bisharp|115\/334
|
|-heal|p1a: Clefable|127\/394|[from] item: Leftovers
|turn|8
|
|move|p2a: Bisharp|Iron Head|p1a: Clefable
|-supereffective|p1a: Clefable
|-damage|p1a: Clefable|0 fnt
|faint|p1a: Clefable
|
|
|switch|p1a: Gyarados|Gyarados, M|332\/332
|-formechange|p1a: Gyarados|Gyarados-Mega
|-ability|p1a: Gyarados|Mold Breaker
|turn|9
|
|switch|p2a: Thundurus-Therian|Thundurus-Therian, M|263\/300 brn
|move|p1a: Gyarados|Waterfall|p2a: Thundurus-Therian
|-damage|p2a: Thundurus-Therian|37\/300 brn
|
|-damage|p2a: Thundurus-Therian|0 fnt|[from] brn
|faint|p2a: Thundurus-Therian
|
|switch|p2a: Azumarill|Azumarill, F|404\/404
|turn|10
|
|switch|p1a: Tentacruel|Tentacruel, F|364\/364
|move|p2a: Azumarill|Play Rough|p1a: Tentacruel
|-resisted|p1a: Tentacruel
|-damage|p1a: Tentacruel|267\/364
|-unboost|p1a: Tentacruel|atk|1
|
|-heal|p1a: Tentacruel|289\/364|[from] item: Black Sludge
|turn|11
|
|switch|p2a: Garchomp|Garchomp, M|358\/358
|move|p1a: Tentacruel|Scald|p2a: Garchomp
|-damage|p2a: Garchomp|270\/358
|
|-heal|p1a: Tentacruel|311\/364|[from] item: Black Sludge
|turn|12
|
|move|p2a: Garchomp|Swords Dance|p2a: Garchomp
|-boost|p2a: Garchomp|atk|2
|move|p1a: Tentacruel|Ice Beam|p2a: Garchomp
|-supereffective|p2a: Garchomp
|-damage|p2a: Garchomp|10\/358
|
|-heal|p1a: Tentacruel|333\/364|[from] item: Black Sludge
|turn|13
|
|move|p2a: Garchomp|Earthquake|p1a: Tentacruel
|-supereffective|p1a: Tentacruel
|-damage|p1a: Tentacruel|0 fnt
|faint|p1a: Tentacruel
|
|
|switch|p1a: Bisharp|Bisharp, M|272\/272
|turn|14
|
|switch|p2a: Azumarill|Azumarill, F|404\/404
|move|p1a: Bisharp|Sucker Punch|p2a: Azumarill
|-fail|p2a: Azumarill
|
|turn|15
|
|move|p1a: Bisharp|Iron Head|p2a: Azumarill
|-damage|p2a: Azumarill|169\/404
|-damage|p1a: Bisharp|245\/272|[from] item: Life Orb
|-enditem|p2a: Azumarill|Sitrus Berry|[eat]
|-heal|p2a: Azumarill|270\/404|[from] item: Sitrus Berry
|move|p2a: Azumarill|Play Rough|p1a: Bisharp|[miss]
|-miss|p2a: Azumarill|p1a: Bisharp
|
|turn|16
|
|move|p1a: Bisharp|Iron Head|p2a: Azumarill
|-damage|p2a: Azumarill|39\/404
|-damage|p1a: Bisharp|218\/272|[from] item: Life Orb
|move|p2a: Azumarill|Play Rough|p1a: Bisharp|[miss]
|-miss|p2a: Azumarill|p1a: Bisharp
|
|turn|17
|
|move|p1a: Bisharp|Knock Off|p2a: Azumarill
|-resisted|p2a: Azumarill
|-damage|p2a: Azumarill|0 fnt
|-damage|p1a: Bisharp|191\/272|[from] item: Life Orb
|faint|p2a: Azumarill
|
|
|switch|p2a: Bisharp|Bisharp, M|115\/334
|turn|18
|
|move|p1a: Bisharp|Brick Break|p2a: Bisharp
|-supereffective|p2a: Bisharp
|-damage|p2a: Bisharp|0 fnt
|-damage|p1a: Bisharp|164\/272|[from] item: Life Orb
|faint|p2a: Bisharp
|
|
|switch|p2a: Latias|Latias, F|302\/302
|turn|19
|
|move|p1a: Bisharp|Sucker Punch|p2a: Latias
|-supereffective|p2a: Latias
|-damage|p2a: Latias|0 fnt
|-damage|p1a: Bisharp|137\/272|[from] item: Life Orb
|faint|p2a: Latias
|
|
|switch|p2a: Garchomp|Garchomp, M|10\/358
|turn|20
|
|move|p1a: Bisharp|Sucker Punch|p2a: Garchomp
|-damage|p2a: Garchomp|0 fnt
|-damage|p1a: Bisharp|103\/272|[from] ability: Rough Skin|[of] p2a: Garchomp
|-damage|p1a: Bisharp|76\/272|[from] item: Life Orb
|faint|p2a: Garchomp
|
|win|FOX14
|raw|Ladder updating...
|raw|FOX14's rating: 1448 &rarr; <strong>1471<\/strong><br \/>(+23 for winning)
|raw|bewww's rating: 1508 &rarr; <strong>1484<\/strong><br \/>(-24 for losing)
|chat|FOX14|gg
|leave|bewww
|player|p2