|join|MogwaiToThetop
|join|bewww
|player|p1|MogwaiToThetop|101
|player|p2|bewww|159
|gametype|singles
|gen|6
|tier|OU
|rated
|clearpoke
|poke|p1|Hawlucha, F
|poke|p1|Bisharp, M
|poke|p1|Manaphy
|poke|p1|Wobbuffet, F
|poke|p1|Charizard, F
|poke|p1|Azelf
|poke|p2|Dugtrio, M
|poke|p2|Excadrill, M
|poke|p2|Talonflame, M
|poke|p2|Rotom-Wash
|poke|p2|Breloom, F
|poke|p2|Pinsir, F
|rule|Swagger Clause: Swagger is banned
|rule|Baton Pass Clause: Limit one PokÃ©mon knowing Baton Pass
|rule|Sleep Clause Mod: Limit one foe put to sleep
|rule|Species Clause: Limit one of each PokÃ©mon
|rule|OHKO Clause: OHKO moves are banned
|rule|Moody Clause: Moody is banned
|rule|Evasion Moves Clause: Evasion moves are banned
|rule|Endless Battle Clause: Forcing endless battles is banned
|rule|HP Percentage Mod: HP is shown in percentages
|teampreview
|c|âbewww|HECK I wanted to join oras
|
|start
|switch|p1a: Antonio Banderas|Hawlucha, F|297\/297
|switch|p2a: Dugtrio|Dugtrio, M|212\/212
|turn|1
|
|move|p2a: Dugtrio|Stealth Rock|p1a: Antonio Banderas
|-sidestart|p1: MogwaiToThetop|move: Stealth Rock
|move|p1a: Antonio Banderas|Sky Attack|p2a: Dugtrio|[still]
|-prepare|p1a: Antonio Banderas|Sky Attack|p2a: Dugtrio
|-enditem|p1a: Antonio Banderas|Power Herb
|-anim|p1a: Antonio Banderas|Sky Attack|p2a: Dugtrio
|-enditem|p2a: Dugtrio|Focus Sash
|-damage|p2a: Dugtrio|1\/212
|
|turn|2
|
|move|p1a: Antonio Banderas|Acrobatics|p2a: Dugtrio
|-damage|p2a: Dugtrio|0 fnt
|faint|p2a: Dugtrio
|
|
|switch|p2a: Talonflame|Talonflame, M|360\/360
|turn|3
|
|switch|p1a: Kevin|Wobbuffet, F|528\/528
|-damage|p1a: Kevin|462\/528|[from] Stealth Rock
|move|p2a: Talonflame|Bulk Up|p2a: Talonflame
|-boost|p2a: Talonflame|atk|1
|-boost|p2a: Talonflame|def|1
|
|turn|4
|
|move|p2a: Talonflame|Brave Bird|p1a: Kevin
|-damage|p1a: Kevin|293\/528
|-damage|p2a: Talonflame|304\/360|[from] recoil|[of] p1a: Kevin
|move|p1a: Kevin|Encore|p2a: Talonflame
|-start|p2a: Talonflame|Encore
|
|-heal|p2a: Talonflame|326\/360|[from] item: Leftovers
|turn|5
|
|move|p2a: Talonflame|Brave Bird|p1a: Kevin
|-damage|p1a: Kevin|125\/528
|-damage|p2a: Talonflame|271\/360|[from] recoil|[of] p1a: Kevin
|-enditem|p1a: Kevin|Sitrus Berry|[eat]
|-heal|p1a: Kevin|257\/528|[from] item: Sitrus Berry
|move|p1a: Kevin|Counter|p2a: Talonflame
|-damage|p2a: Talonflame|0 fnt
|faint|p2a: Talonflame
|
|
|switch|p2a: Breloom|Breloom, F|262\/262
|turn|6
|
|move|p2a: Breloom|Spore|p1a: Kevin
|-status|p1a: Kevin|slp
|cant|p1a: Kevin|slp
|
|turn|7
|
|switch|p1a: Antonio Banderas|Hawlucha, F|297\/297
|-damage|p1a: Antonio Banderas|260\/297|[from] Stealth Rock
|move|p2a: Breloom|Rock Tomb|p1a: Antonio Banderas
|-damage|p1a: Antonio Banderas|133\/297
|-unboost|p1a: Antonio Banderas|spe|1
|
|turn|8
|
|switch|p2a: Rotom-Wash|Rotom-Wash|304\/304
|move|p1a: Antonio Banderas|Acrobatics|p2a: Rotom-Wash
|-resisted|p2a: Rotom-Wash
|-damage|p2a: Rotom-Wash|250\/304
|
|-heal|p2a: Rotom-Wash|269\/304|[from] item: Leftovers
|turn|9
|
|move|p1a: Antonio Banderas|High Jump Kick|p2a: Rotom-Wash
|-damage|p2a: Rotom-Wash|119\/304
|move|p2a: Rotom-Wash|Hydro Pump|p1a: Antonio Banderas
|-damage|p1a: Antonio Banderas|0 fnt
|faint|p1a: Antonio Banderas
|
|-heal|p2a: Rotom-Wash|138\/304|[from] item: Leftovers
|
|switch|p1a: Pepe|Azelf|291\/291
|-damage|p1a: Pepe|255\/291|[from] Stealth Rock
|turn|10
|
|move|p1a: Pepe|Stealth Rock|p2a: Rotom-Wash
|-sidestart|p2: bewww|move: Stealth Rock
|move|p2a: Rotom-Wash|Volt Switch|p1a: Pepe
|-damage|p1a: Pepe|128\/291
|
|switch|p2a: Excadrill|Excadrill, M|362\/362
|-damage|p2a: Excadrill|351\/362|[from] Stealth Rock
|-ability|p2a: Excadrill|Mold Breaker
|
|turn|11
|
|move|p2a: Excadrill|Rapid Spin|p1a: Pepe
|-damage|p1a: Pepe|95\/291
|-sideend|p2: bewww|Stealth Rock|[from] move: Rapid Spin|[of] p2a: Excadrill
|move|p1a: Pepe|Fire Blast|p2a: Excadrill
|-supereffective|p2a: Excadrill
|-damage|p2a: Excadrill|63\/362
|
|turn|12
|
|switch|p2a: Pinsir|Pinsir, F|271\/271
|move|p1a: Pepe|Stealth Rock|p2a: Pinsir
|-sidestart|p2: bewww|move: Stealth Rock
|
|turn|13
|
|detailschange|p2a: Pinsir|Pinsir-Mega, F
|message|Pinsir has Mega Evolved into Mega Pinsir!
|move|p2a: Pinsir|Quick Attack|p1a: Pepe
|-damage|p1a: Pepe|0 fnt
|faint|p1a: Pepe
|
|
|switch|p1a: Elmo|Manaphy|341\/341
|-damage|p1a: Elmo|299\/341|[from] Stealth Rock
|turn|14
|
|move|p2a: Pinsir|Return|p1a: Elmo
|-damage|p1a: Elmo|13\/341
|move|p1a: Elmo|Ice Beam|p2a: Pinsir
|-crit|p2a: Pinsir
|-supereffective|p2a: Pinsir
|-damage|p2a: Pinsir|0 fnt
|faint|p2a: Pinsir
|
|-heal|p1a: Elmo|34\/341|[from] item: Leftovers
|c|âbewww|eee
|
|switch|p2a: Breloom|Breloom, F|262\/262
|-damage|p2a: Breloom|246\/262|[from] Stealth Rock
|turn|15
|
|move|p2a: Breloom|Mach Punch|p1a: Elmo
|-damage|p1a: Elmo|0 fnt
|faint|p1a: Elmo
|
|
|switch|p1a: Lizardon|Charizard, F|297\/297
|-damage|p1a: Lizardon|149\/297|[from] Stealth Rock
|turn|16
|
|switch|p2a: Rotom-Wash|Rotom-Wash|138\/304
|-damage|p2a: Rotom-Wash|100\/304|[from] Stealth Rock
|move|p1a: Lizardon|Flare Blitz|p2a: Rotom-Wash
|-resisted|p2a: Rotom-Wash
|-damage|p2a: Rotom-Wash|46\/304
|-damage|p1a: Lizardon|131\/297|[from] recoil|[of] p2a: Rotom-Wash
|
|-heal|p2a: Rotom-Wash|65\/304|[from] item: Leftovers
|turn|17
|
|detailschange|p1a: Lizardon|Charizard-Mega-X, F
|message|Charizard has Mega Evolved into Mega Charizard!
|move|p1a: Lizardon|Dragon Dance|p1a: Lizardon
|-boost|p1a: Lizardon|atk|1
|-boost|p1a: Lizardon|spe|1
|move|p2a: Rotom-Wash|Volt Switch|p1a: Lizardon
|-resisted|p1a: Lizardon
|-damage|p1a: Lizardon|82\/297
|
|switch|p2a: Breloom|Breloom, F|246\/262
|-damage|p2a: Breloom|230\/262|[from] Stealth Rock
|
|turn|18
|
|move|p2a: Breloom|Mach Punch|p1a: Lizardon
|-damage|p1a: Lizardon|0 fnt
|faint|p1a: Lizardon
|
|-message|MogwaiToThetop forfeited.
|
|win|bewww
|raw|Ladder updating...
|leave|MogwaiToThetop
|player|p1
|raw|MogwaiToThetop's rating: 1688 &rarr; <strong>1665<\/strong><br \/>(-23 for losing)
|raw|bewww's rating: 1636 &rarr; <strong>1659<\/strong><br \/>(+23 for winning)
|leave|bewww
|player|p2
|join|bewww