|join|skyward honedge
|join|bewww
|player|p1|skyward honedge|210
|player|p2|bewww|216
|gametype|singles
|gen|6
|tier|OU
|rated
|clearpoke
|poke|p1|Smeargle, M
|poke|p1|Scolipede, M
|poke|p1|Vaporeon, F
|poke|p1|Espeon, M
|poke|p1|Sylveon, F
|poke|p1|Zapdos, shiny
|poke|p2|Machamp, F
|poke|p2|Aegislash, F, shiny
|poke|p2|Kyurem-Black, shiny
|poke|p2|Alakazam, M
|poke|p2|Mandibuzz, F
|poke|p2|Landorus-Therian, M
|rule|Sleep Clause Mod: Limit one foe put to sleep
|rule|Species Clause: Limit one of each Pokemon
|rule|OHKO Clause: OHKO moves are banned
|rule|Moody Clause: Moody is banned
|rule|Evasion Moves Clause: Evasion moves are banned
|rule|Endless Battle Clause: Forcing endless battles is banned.
|rule|HP Percentage Mod: HP is reported as percentages
|teampreview
|
|start
|switch|p1a: Scolipede|Scolipede, M|321\/321
|switch|p2a: Alakazam|Alakazam, M|252\/252
|turn|1
|
|detailschange|p2a: Alakazam|Alakazam-Mega, M
|message|Alakazam has Mega Evolved into Mega Alakazam!
|-ability|p2a: Alakazam|Speed Boost|[from] ability: Trace|[of] p1a: Scolipede
|move|p1a: Scolipede|Protect|p1a: Scolipede
|-singleturn|p1a: Scolipede|Protect
|move|p2a: Alakazam|Psyshock|p1a: Scolipede
|-activate|p1a: Scolipede|Protect
|
|-boost|p2a: Alakazam|spe|1|[from] ability: Speed Boost
|-boost|p1a: Scolipede|spe|1|[from] ability: Speed Boost
|turn|2
|
|move|p2a: Alakazam|Charge Beam|p1a: Scolipede
|-damage|p1a: Scolipede|221\/321
|-boost|p2a: Alakazam|spa|1
|move|p1a: Scolipede|Baton Pass|p1a: Scolipede
|
|switch|p1a: Smeargle|Smeargle, M|273\/273
|
|-boost|p2a: Alakazam|spe|1|[from] ability: Speed Boost
|turn|3
|
|move|p2a: Alakazam|Psyshock|p1a: Smeargle
|-enditem|p1a: Smeargle|Focus Sash
|-damage|p1a: Smeargle|1\/273
|move|p1a: Smeargle|Spore|p2a: Alakazam
|-status|p2a: Alakazam|slp
|
|-boost|p2a: Alakazam|spe|1|[from] ability: Speed Boost
|turn|4
|
|cant|p2a: Alakazam|slp
|move|p1a: Smeargle|Baton Pass|p1a: Smeargle
|
|switch|p1a: Vaporeon|Vaporeon, F|449\/449
|
|-boost|p2a: Alakazam|spe|1|[from] ability: Speed Boost
|turn|5
|
|cant|p2a: Alakazam|slp
|move|p1a: Vaporeon|Roar|p2a: Alakazam
|drag|p2a: Machamp|Machamp, F|377\/377
|
|turn|6
|
|move|p1a: Vaporeon|Acid Armor|p1a: Vaporeon
|-boost|p1a: Vaporeon|def|2
|move|p2a: Machamp|Dynamic Punch|p1a: Vaporeon
|-damage|p1a: Vaporeon|350\/449
|-start|p1a: Vaporeon|confusion
|
|-heal|p1a: Vaporeon|378\/449|[from] item: Leftovers
|turn|7
|
|-activate|p1a: Vaporeon|confusion
|-damage|p1a: Vaporeon|369\/449|[from] confusion
|move|p2a: Machamp|Dynamic Punch|p1a: Vaporeon
|-damage|p1a: Vaporeon|279\/449
|
|-heal|p1a: Vaporeon|307\/449|[from] item: Leftovers
|turn|8
|
|-activate|p1a: Vaporeon|confusion
|move|p1a: Vaporeon|Substitute|p1a: Vaporeon
|-start|p1a: Vaporeon|Substitute
|-damage|p1a: Vaporeon|195\/449
|move|p2a: Machamp|Dynamic Punch|p1a: Vaporeon
|-activate|p1a: Vaporeon|Substitute|[damage]
|
|-heal|p1a: Vaporeon|223\/449|[from] item: Leftovers
|turn|9
|
|-activate|p1a: Vaporeon|confusion
|-damage|p1a: Vaporeon|214\/449|[from] confusion
|move|p2a: Machamp|Dynamic Punch|p1a: Vaporeon
|-end|p1a: Vaporeon|Substitute
|
|-heal|p1a: Vaporeon|242\/449|[from] item: Leftovers
|turn|10
|
|-activate|p1a: Vaporeon|confusion
|move|p1a: Vaporeon|Substitute|p1a: Vaporeon
|-start|p1a: Vaporeon|Substitute
|-damage|p1a: Vaporeon|130\/449
|move|p2a: Machamp|Dynamic Punch|p1a: Vaporeon
|-activate|p1a: Vaporeon|Substitute|[damage]
|
|-heal|p1a: Vaporeon|158\/449|[from] item: Leftovers
|turn|11
|
|-end|p1a: Vaporeon|confusion
|move|p1a: Vaporeon|Acid Armor|p1a: Vaporeon
|-boost|p1a: Vaporeon|def|2
|move|p2a: Machamp|Dynamic Punch|p1a: Vaporeon
|-end|p1a: Vaporeon|Substitute
|
|-heal|p1a: Vaporeon|186\/449|[from] item: Leftovers
|turn|12
|
|switch|p2a: Alakazam|Alakazam-Mega, M|252\/252 slp
|-ability|p2a: Alakazam|Water Absorb|[from] ability: Trace|[of] p1a: Vaporeon
|move|p1a: Vaporeon|Substitute|p1a: Vaporeon
|-start|p1a: Vaporeon|Substitute
|-damage|p1a: Vaporeon|74\/449
|
|-heal|p1a: Vaporeon|102\/449|[from] item: Leftovers
|turn|13
|
|cant|p2a: Alakazam|slp
|move|p1a: Vaporeon|Roar|p2a: Alakazam
|drag|p2a: Aegislash|Aegislash, F, shiny|261\/261
|-item|p2a: Aegislash|Air Balloon
|
|-heal|p1a: Vaporeon|130\/449|[from] item: Leftovers
|turn|14
|
|move|p1a: Vaporeon|Baton Pass|p1a: Vaporeon
|
|switch|p1a: Sylveon|Sylveon, F|385\/385
|-formechange|p2a: Aegislash|Aegislash-Blade
|move|p2a: Aegislash|Shadow Ball|p1a: Sylveon
|-activate|p1a: Sylveon|Substitute|[damage]
|
|turn|15
|
|move|p1a: Sylveon|Calm Mind|p1a: Sylveon
|-boost|p1a: Sylveon|spa|1
|-boost|p1a: Sylveon|spd|1
|move|p2a: Aegislash|Shadow Ball|p1a: Sylveon
|-end|p1a: Sylveon|Substitute
|
|turn|16
|
|move|p1a: Sylveon|Calm Mind|p1a: Sylveon
|-boost|p1a: Sylveon|spa|1
|-boost|p1a: Sylveon|spd|1
|move|p2a: Aegislash|Iron Head|p1a: Sylveon
|-supereffective|p1a: Sylveon
|-damage|p1a: Sylveon|223\/385
|
|-heal|p1a: Sylveon|247\/385|[from] item: Leftovers
|turn|17
|
|move|p1a: Sylveon|Baton Pass|p1a: Sylveon
|
|switch|p1a: Zapdos|Zapdos, shiny|384\/384
|-ability|p1a: Zapdos|Pressure
|move|p2a: Aegislash|Iron Head|p1a: Zapdos
|-resisted|p1a: Zapdos
|-damage|p1a: Zapdos|361\/384
|
|-heal|p1a: Zapdos|384\/384|[from] item: Leftovers
|turn|18
|
|switch|p2a: Kyurem-Black|Kyurem-Black, shiny|391\/391
|-ability|p2a: Kyurem-Black|Teravolt
|move|p1a: Zapdos|Substitute|p1a: Zapdos
|-start|p1a: Zapdos|Substitute
|-damage|p1a: Zapdos|288\/384
|
|-heal|p1a: Zapdos|312\/384|[from] item: Leftovers
|turn|19
|
|move|p1a: Zapdos|Charge|p1a: Zapdos
|-boost|p1a: Zapdos|spd|1
|-activate|p1a: Zapdos|move: Charge
|move|p2a: Kyurem-Black|Ice Beam|p1a: Zapdos
|-supereffective|p1a: Zapdos
|-end|p1a: Zapdos|Substitute
|-damage|p2a: Kyurem-Black|352\/391|[from] item: Life Orb
|
|-heal|p1a: Zapdos|336\/384|[from] item: Leftovers
|turn|20
|
|move|p1a: Zapdos|Substitute|p1a: Zapdos
|-start|p1a: Zapdos|Substitute
|-damage|p1a: Zapdos|240\/384
|move|p2a: Kyurem-Black|Ice Beam|p1a: Zapdos
|-supereffective|p1a: Zapdos
|-end|p1a: Zapdos|Substitute
|-damage|p2a: Kyurem-Black|313\/391|[from] item: Life Orb
|
|-heal|p1a: Zapdos|264\/384|[from] item: Leftovers
|turn|21
|
|move|p1a: Zapdos|Baton Pass|p1a: Zapdos
|
|switch|p1a: Espeon|Espeon, M|334\/334
|move|p2a: Kyurem-Black|Ice Beam|p1a: Espeon
|-damage|p1a: Espeon|268\/334
|-damage|p2a: Kyurem-Black|274\/391|[from] item: Life Orb
|
|-heal|p1a: Espeon|288\/334|[from] item: Leftovers
|turn|22
|
|move|p1a: Espeon|Calm Mind|p1a: Espeon
|-boost|p1a: Espeon|spa|1
|-boost|p1a: Espeon|spd|1
|move|p2a: Kyurem-Black|Ice Beam|p1a: Espeon
|-damage|p1a: Espeon|233\/334
|-status|p1a: Espeon|frz
|-damage|p2a: Kyurem-Black|235\/391|[from] item: Life Orb
|
|-heal|p1a: Espeon|253\/334 frz|[from] item: Leftovers
|turn|23
|
|switch|p2a: Aegislash|Aegislash, F, shiny|261\/261
|-item|p2a: Aegislash|Air Balloon
|cant|p1a: Espeon|frz
|
|-heal|p1a: Espeon|273\/334 frz|[from] item: Leftovers
|turn|24
|
|cant|p1a: Espeon|frz
|-formechange|p2a: Aegislash|Aegislash-Blade
|move|p2a: Aegislash|Shadow Ball|p1a: Espeon
|-supereffective|p1a: Espeon
|-damage|p1a: Espeon|193\/334 frz
|
|-heal|p1a: Espeon|213\/334 frz|[from] item: Leftovers
|turn|25
|
|-curestatus|p1a: Espeon|frz
|move|p1a: Espeon|Stored Power|p2a: Aegislash
|-resisted|p2a: Aegislash
|-damage|p2a: Aegislash|0 fnt
|-enditem|p2a: Aegislash|Air Balloon
|faint|p2a: Aegislash
|
|-heal|p1a: Espeon|233\/334|[from] item: Leftovers
|
|switch|p2a: Mandibuzz|Mandibuzz, F|424\/424
|turn|26
|
|move|p1a: Espeon|Substitute|p1a: Espeon
|-start|p1a: Espeon|Substitute
|-damage|p1a: Espeon|150\/334
|move|p2a: Mandibuzz|Toxic|p1a: Espeon
|move|p1a: Espeon|Toxic|p2a: Mandibuzz|[from]Magic Bounce
|-status|p2a: Mandibuzz|tox
|
|-heal|p1a: Espeon|170\/334|[from] item: Leftovers
|-damage|p2a: Mandibuzz|398\/424 tox|[from] psn
|turn|27
|-message|bewww forfeited.
|
|win|skyward honedge
|raw|Ladder updating...
|raw|skyward honedge's rating: 1586 &rarr; <strong>1607<\/strong><br \/>(+21 for winning)
|raw|bewww's rating: 1601 &rarr; <strong>1580<\/strong><br \/>(-21 for losing)
|leave|bewww
|player|p2