|join|bewww
|join|Galardriek
|player|p1|bewww|216
|player|p2|Galardriek|124
|gametype|singles
|gen|6
|tier|OU
|rated
|clearpoke
|poke|p1|Gardevoir, M
|poke|p1|Rotom-Wash
|poke|p1|Terrakion
|poke|p1|Mandibuzz, F
|poke|p1|Shuckle, M
|poke|p1|Heatran, M
|poke|p2|Forretress, M
|poke|p2|Togekiss, M
|poke|p2|Slowking, M, shiny
|poke|p2|Raichu, M
|poke|p2|Porygon2, shiny
|poke|p2|Mawile, F, shiny
|rule|Sleep Clause Mod: Limit one foe put to sleep
|rule|Species Clause: Limit one of each Pokemon
|rule|OHKO Clause: OHKO moves are banned
|rule|Moody Clause: Moody is banned
|rule|Evasion Moves Clause: Evasion moves are banned
|rule|Endless Battle Clause: Forcing endless battles is banned.
|rule|HP Percentage Mod: HP is reported as percentages
|teampreview
|
|start
|switch|p1a: Heatran|Heatran, M|379\/379
|switch|p2a: Namekuseijin|Slowking, M, shiny|394\/394
|turn|1
|
|move|p1a: Heatran|Toxic|p2a: Namekuseijin
|-status|p2a: Namekuseijin|tox
|move|p2a: Namekuseijin|Scald|p1a: Heatran
|-supereffective|p1a: Heatran
|-damage|p1a: Heatran|241\/379
|
|-damage|p2a: Namekuseijin|370\/394 tox|[from] psn
|turn|2
|
|move|p1a: Heatran|Stealth Rock|p2a: Namekuseijin
|-sidestart|p2: Galardriek|move: Stealth Rock
|move|p2a: Namekuseijin|Scald|p1a: Heatran
|-supereffective|p1a: Heatran
|-damage|p1a: Heatran|107\/379
|
|-heal|p2a: Namekuseijin|394\/394 tox|[from] item: Leftovers
|-damage|p2a: Namekuseijin|346\/394 tox|[from] psn
|turn|3
|
|switch|p1a: Rotom-Wash|Rotom-Wash|304\/304
|move|p2a: Namekuseijin|Toxic|p1a: Rotom-Wash
|-status|p1a: Rotom-Wash|tox
|
|-heal|p2a: Namekuseijin|370\/394 tox|[from] item: Leftovers
|-damage|p1a: Rotom-Wash|285\/304 tox|[from] psn
|-damage|p2a: Namekuseijin|298\/394 tox|[from] psn
|turn|4
|
|move|p1a: Rotom-Wash|Volt Switch|p2a: Namekuseijin
|-supereffective|p2a: Namekuseijin
|-damage|p2a: Namekuseijin|184\/394 tox
|
|switch|p1a: Gardevoir|Gardevoir, M|277\/277
|move|p2a: Namekuseijin|Slack Off|p2a: Namekuseijin
|-heal|p2a: Namekuseijin|381\/394 tox
|
|-heal|p2a: Namekuseijin|394\/394 tox|[from] item: Leftovers
|-damage|p2a: Namekuseijin|298\/394 tox|[from] psn
|turn|5
|
|detailschange|p1a: Gardevoir|Gardevoir-Mega, M
|message|Gardevoir has Mega Evolved into Mega Gardevoir!
|move|p1a: Gardevoir|Calm Mind|p1a: Gardevoir
|-boost|p1a: Gardevoir|spa|1
|-boost|p1a: Gardevoir|spd|1
|move|p2a: Namekuseijin|Toxic|p1a: Gardevoir
|-status|p1a: Gardevoir|tox
|
|-heal|p2a: Namekuseijin|322\/394 tox|[from] item: Leftovers
|-damage|p1a: Gardevoir|260\/277 tox|[from] psn
|-damage|p2a: Namekuseijin|202\/394 tox|[from] psn
|turn|6
|
|switch|p2a: Duck Dodgers|Porygon2, shiny|374\/374
|-damage|p2a: Duck Dodgers|328\/374|[from] Stealth Rock
|-boost|p2a: Duck Dodgers|atk|1|[from] ability: Download
|move|p1a: Gardevoir|Hyper Voice|p2a: Duck Dodgers
|-damage|p2a: Duck Dodgers|75\/374
|
|-damage|p1a: Gardevoir|226\/277 tox|[from] psn
|turn|7
|
|switch|p2a: Namekuseijin|Slowking, M, shiny|333\/394 tox
|-damage|p2a: Namekuseijin|284\/394 tox|[from] Stealth Rock
|move|p1a: Gardevoir|Hyper Voice|p2a: Namekuseijin
|-damage|p2a: Namekuseijin|40\/394 tox
|
|-heal|p2a: Namekuseijin|64\/394 tox|[from] item: Leftovers
|-damage|p1a: Gardevoir|175\/277 tox|[from] psn
|-damage|p2a: Namekuseijin|40\/394 tox|[from] psn
|turn|8
|
|switch|p2a: Duck Dodgers|Porygon2, shiny|75\/374
|-damage|p2a: Duck Dodgers|29\/374|[from] Stealth Rock
|-boost|p2a: Duck Dodgers|atk|1|[from] ability: Download
|move|p1a: Gardevoir|Hyper Voice|p2a: Duck Dodgers
|-damage|p2a: Duck Dodgers|0 fnt
|faint|p2a: Duck Dodgers
|
|-damage|p1a: Gardevoir|107\/277 tox|[from] psn
|
|switch|p2a: Piranha Plant|Mawile, F, shiny|304\/304
|-damage|p2a: Piranha Plant|285\/304|[from] Stealth Rock
|-ability|p2a: Piranha Plant|Intimidate|[of] p1a: Gardevoir
|-unboost|p1a: Gardevoir|atk|1
|turn|9
|
|detailschange|p2a: Piranha Plant|Mawile-Mega, F, shiny
|message|Mawile has Mega Evolved into Mega Mawile!
|move|p2a: Piranha Plant|Sucker Punch|p1a: Gardevoir
|-damage|p1a: Gardevoir|0 fnt
|faint|p1a: Gardevoir
|
|
|switch|p1a: Terrakion|Terrakion|323\/323
|turn|10
|
|switch|p2a: Namekuseijin|Slowking, M, shiny|171\/394 tox
|-damage|p2a: Namekuseijin|122\/394 tox|[from] Stealth Rock
|move|p1a: Terrakion|Earthquake|p2a: Namekuseijin
|-damage|p2a: Namekuseijin|0 fnt
|-damage|p1a: Terrakion|291\/323|[from] item: Life Orb
|faint|p2a: Namekuseijin
|
|
|switch|p2a: Hamburguer|Forretress, M|354\/354
|-damage|p2a: Hamburguer|310\/354|[from] Stealth Rock
|turn|11
|
|switch|p1a: Heatran|Heatran, M|107\/379
|move|p2a: Hamburguer|Stealth Rock|p1a: Heatran
|-sidestart|p1: bewww|move: Stealth Rock
|
|-heal|p2a: Hamburguer|332\/354|[from] item: Leftovers
|turn|12
|
|switch|p2a: Kinder Ovo|Togekiss, M|374\/374
|-damage|p2a: Kinder Ovo|281\/374|[from] Stealth Rock
|move|p1a: Heatran|Lava Plume|p2a: Kinder Ovo
|-damage|p2a: Kinder Ovo|168\/374
|-damage|p1a: Heatran|70\/379|[from] item: Life Orb
|
|turn|13
|
|switch|p1a: Shuckle|Shuckle, M|244\/244
|-damage|p1a: Shuckle|183\/244|[from] Stealth Rock
|move|p2a: Kinder Ovo|Roost|p2a: Kinder Ovo
|-heal|p2a: Kinder Ovo|355\/374
|
|turn|14
|
|move|p2a: Kinder Ovo|Air Slash|p1a: Shuckle
|-damage|p1a: Shuckle|146\/244
|cant|p1a: Shuckle|flinch
|
|turn|15
|
|move|p2a: Kinder Ovo|Nasty Plot|p2a: Kinder Ovo
|-boost|p2a: Kinder Ovo|spa|2
|move|p1a: Shuckle|Sticky Web|p2a: Kinder Ovo
|-sidestart|p2: Galardriek|move: Sticky Web
|
|turn|16
|
|move|p2a: Kinder Ovo|Air Slash|p1a: Shuckle
|-damage|p1a: Shuckle|67\/244
|move|p1a: Shuckle|Toxic|p2a: Kinder Ovo
|-status|p2a: Kinder Ovo|tox
|-enditem|p2a: Kinder Ovo|Lum Berry|[eat]
|-curestatus|p2a: Kinder Ovo|tox
|
|turn|17
|
|move|p2a: Kinder Ovo|Air Slash|p1a: Shuckle
|-damage|p1a: Shuckle|0 fnt
|faint|p1a: Shuckle
|
|
|switch|p1a: Terrakion|Terrakion|291\/323
|-damage|p1a: Terrakion|271\/323|[from] Stealth Rock
|turn|18
|
|switch|p2a: Hamburguer|Forretress, M|332\/354
|-activate|p2a: Hamburguer|move: Sticky Web
|-unboost|p2a: Hamburguer|spe|1
|-damage|p2a: Hamburguer|288\/354|[from] Stealth Rock
|move|p1a: Terrakion|Stone Edge|p2a: Hamburguer
|-crit|p2a: Hamburguer
|-damage|p2a: Hamburguer|96\/354
|-damage|p1a: Terrakion|239\/323|[from] item: Life Orb
|
|-heal|p2a: Hamburguer|118\/354|[from] item: Leftovers
|turn|19
|
|switch|p1a: Heatran|Heatran, M|70\/379
|-damage|p1a: Heatran|23\/379|[from] Stealth Rock
|move|p2a: Hamburguer|Rapid Spin|p1a: Heatran
|-resisted|p1a: Heatran
|-damage|p1a: Heatran|16\/379
|-sideend|p2: Galardriek|Stealth Rock|[from] move: Rapid Spin|[of] p2a: Hamburguer
|-sideend|p2: Galardriek|Sticky Web|[from] move: Rapid Spin|[of] p2a: Hamburguer
|
|-heal|p2a: Hamburguer|140\/354|[from] item: Leftovers
|turn|20
|
|move|p1a: Heatran|Stealth Rock|p2a: Hamburguer
|-sidestart|p2: Galardriek|move: Stealth Rock
|move|p2a: Hamburguer|Rapid Spin|p1a: Heatran
|-crit|p1a: Heatran
|-resisted|p1a: Heatran
|-damage|p1a: Heatran|5\/379
|-sideend|p2: Galardriek|Stealth Rock|[from] move: Rapid Spin|[of] p2a: Hamburguer
|
|-heal|p2a: Hamburguer|162\/354|[from] item: Leftovers
|turn|21
|
|move|p1a: Heatran|Lava Plume|p2a: Hamburguer
|-crit|p2a: Hamburguer
|-supereffective|p2a: Hamburguer
|-damage|p2a: Hamburguer|0 fnt
|-damage|p1a: Heatran|0 fnt|[from] item: Life Orb
|faint|p2a: Hamburguer
|faint|p1a: Heatran
|
|
|switch|p2a: Old School|Raichu, M|261\/261
|switch|p1a: Rotom-Wash|Rotom-Wash|285\/304 tox
|-damage|p1a: Rotom-Wash|247\/304 tox|[from] Stealth Rock
|turn|22
|
|switch|p2a: Kinder Ovo|Togekiss, M|355\/374
|move|p1a: Rotom-Wash|Hydro Pump|p2a: Kinder Ovo
|-damage|p2a: Kinder Ovo|255\/374
|
|-heal|p1a: Rotom-Wash|266\/304 tox|[from] item: Leftovers
|-damage|p1a: Rotom-Wash|247\/304 tox|[from] psn
|turn|23
|
|switch|p2a: Old School|Raichu, M|261\/261
|move|p1a: Rotom-Wash|Volt Switch|p2a: Old School
|-boost|p2a: Old School|spa|1|[from] ability: Lightningrod
|
|-heal|p1a: Rotom-Wash|266\/304 tox|[from] item: Leftovers
|-damage|p1a: Rotom-Wash|228\/304 tox|[from] psn
|turn|24
|
|move|p2a: Old School|Nasty Plot|p2a: Old School
|-boost|p2a: Old School|spa|2
|move|p1a: Rotom-Wash|Hydro Pump|p2a: Old School|[miss]
|-miss|p1a: Rotom-Wash|p2a: Old School
|
|-heal|p1a: Rotom-Wash|247\/304 tox|[from] item: Leftovers
|-damage|p1a: Rotom-Wash|190\/304 tox|[from] psn
|turn|25
|
|move|p2a: Old School|Thunderbolt|p1a: Rotom-Wash
|-crit|p1a: Rotom-Wash
|-damage|p1a: Rotom-Wash|0 fnt
|faint|p1a: Rotom-Wash
|
|
|switch|p1a: Terrakion|Terrakion|239\/323
|-damage|p1a: Terrakion|219\/323|[from] Stealth Rock
|turn|26
|
|move|p2a: Old School|Grass Knot|p1a: Terrakion
|-supereffective|p1a: Terrakion
|-damage|p1a: Terrakion|0 fnt
|faint|p1a: Terrakion
|
|
|switch|p1a: Mandibuzz|Mandibuzz, F|424\/424
|-damage|p1a: Mandibuzz|318\/424|[from] Stealth Rock
|turn|27
|
|move|p2a: Old School|Thunderbolt|p1a: Mandibuzz
|-supereffective|p1a: Mandibuzz
|-damage|p1a: Mandibuzz|0 fnt
|faint|p1a: Mandibuzz
|
|win|Galardriek
|raw|Ladder updating...
|raw|bewww's rating: 1498 &rarr; <strong>1473<\/strong><br \/>(-25 for losing)
|raw|Galardriek's rating: 1416 &rarr; <strong>1441<\/strong><br \/>(+25 for winning)
|chat|bewww|gg
|leave|bewww
|player|p1