|join|bewww
|join|Markus K
|player|p1|bewww|159
|player|p2|Markus K|99
|gametype|singles
|gen|6
|tier|OU
|rated
|clearpoke
|poke|p1|Lopunny, M
|poke|p1|Diggersby, M
|poke|p1|Azumarill, F
|poke|p1|Nidoking, M
|poke|p1|Nidoqueen, F
|poke|p1|Mew
|poke|p2|Beedrill, F
|poke|p2|Gengar, M
|poke|p2|Bisharp, F
|poke|p2|Garchomp, M
|poke|p2|Magnezone
|poke|p2|Sylveon, F
|rule|Swagger Clause: Swagger is banned
|rule|Baton Pass Clause: Limit one PokÃ©mon knowing Baton Pass
|rule|Sleep Clause Mod: Limit one foe put to sleep
|rule|Species Clause: Limit one of each PokÃ©mon
|rule|OHKO Clause: OHKO moves are banned
|rule|Moody Clause: Moody is banned
|rule|Evasion Moves Clause: Evasion moves are banned
|rule|Endless Battle Clause: Forcing endless battles is banned
|rule|HP Percentage Mod: HP is shown in percentages
|teampreview
|
|start
|switch|p1a: Lopunny|Lopunny, M|272\/272
|switch|p2a: Beedrill|Beedrill, F|272\/272
|turn|1
|
|detailschange|p1a: Lopunny|Lopunny-Mega, M
|message|Lopunny has Mega Evolved into Mega Lopunny!
|detailschange|p2a: Beedrill|Beedrill-Mega, F
|message|Beedrill has Mega Evolved into Mega Beedrill!
|move|p2a: Beedrill|Protect|p2a: Beedrill
|-singleturn|p2a: Beedrill|Protect
|move|p1a: Lopunny|Return|p2a: Beedrill
|-activate|p2a: Beedrill|Protect
|
|turn|2
|
|move|p2a: Beedrill|U-turn|p1a: Lopunny
|-resisted|p1a: Lopunny
|-damage|p1a: Lopunny|175\/272
|
|switch|p2a: Garchomp|Garchomp, M|420\/420
|move|p1a: Lopunny|Return|p2a: Garchomp
|-damage|p2a: Garchomp|273\/420
|-damage|p1a: Lopunny|141\/272|[from] ability: Rough Skin|[of] p2a: Garchomp
|
|-heal|p2a: Garchomp|299\/420|[from] item: Leftovers
|turn|3
|
|move|p1a: Lopunny|Ice Punch|p2a: Garchomp
|-supereffective|p2a: Garchomp
|-damage|p2a: Garchomp|23\/420
|-damage|p1a: Lopunny|107\/272|[from] ability: Rough Skin|[of] p2a: Garchomp
|move|p2a: Garchomp|Stealth Rock|p1a: Lopunny
|-sidestart|p1: bewww|move: Stealth Rock
|
|-heal|p2a: Garchomp|49\/420|[from] item: Leftovers
|turn|4
|
|move|p1a: Lopunny|Return|p2a: Garchomp
|-damage|p2a: Garchomp|0 fnt
|-damage|p1a: Lopunny|73\/272|[from] ability: Rough Skin|[of] p2a: Garchomp
|faint|p2a: Garchomp
|
|
|switch|p2a: Beedrill|Beedrill-Mega, F|272\/272
|turn|5
|
|switch|p1a: Azumarill|Azumarill, F|404\/404
|-damage|p1a: Azumarill|354\/404|[from] Stealth Rock
|move|p2a: Beedrill|U-turn|p1a: Azumarill
|-resisted|p1a: Azumarill
|-damage|p1a: Azumarill|241\/404
|
|switch|p2a: Magnezone|Magnezone|282\/282
|
|turn|6
|
|switch|p2a: Gengar|Gengar, M|262\/262
|move|p1a: Azumarill|Superpower|p2a: Gengar
|-immune|p2a: Gengar|[msg]
|
|turn|7
|
|switch|p1a: Nidoking|Nidoking, M|304\/304
|-damage|p1a: Nidoking|285\/304|[from] Stealth Rock
|move|p2a: Gengar|Substitute|p2a: Gengar
|-start|p2a: Gengar|Substitute
|-damage|p2a: Gengar|197\/262
|
|-heal|p2a: Gengar|213\/262|[from] item: Black Sludge
|turn|8
|
|move|p2a: Gengar|Shadow Ball|p1a: Nidoking
|-damage|p1a: Nidoking|117\/304
|move|p1a: Nidoking|Ice Beam|p2a: Gengar
|-end|p2a: Gengar|Substitute
|
|-heal|p2a: Gengar|229\/262|[from] item: Black Sludge
|turn|9
|
|switch|p1a: Lopunny|Lopunny-Mega, M|73\/272
|-damage|p1a: Lopunny|56\/272|[from] Stealth Rock
|move|p2a: Gengar|Substitute|p2a: Gengar
|-start|p2a: Gengar|Substitute
|-damage|p2a: Gengar|164\/262
|
|-heal|p2a: Gengar|180\/262|[from] item: Black Sludge
|turn|10
|
|move|p1a: Lopunny|Healing Wish|p1a: Lopunny
|faint|p1a: Lopunny
|move|p2a: Gengar|Sludge Bomb|p1: Lopunny|[notarget]
|-notarget
|
|-heal|p2a: Gengar|196\/262|[from] item: Black Sludge
|
|switch|p1a: Nidoking|Nidoking, M|117\/304
|-heal|p1a: Nidoking|304\/304|[from] move: Healing Wish
|-damage|p1a: Nidoking|285\/304|[from] Stealth Rock
|turn|11
|
|move|p2a: Gengar|Shadow Ball|p1a: Nidoking
|-damage|p1a: Nidoking|110\/304
|move|p1a: Nidoking|Ice Beam|p2a: Gengar
|-end|p2a: Gengar|Substitute
|
|-heal|p2a: Gengar|212\/262|[from] item: Black Sludge
|turn|12
|
|move|p2a: Gengar|Substitute|p2a: Gengar
|-start|p2a: Gengar|Substitute
|-damage|p2a: Gengar|147\/262
|move|p1a: Nidoking|Ice Beam|p2a: Gengar
|-end|p2a: Gengar|Substitute
|
|-heal|p2a: Gengar|163\/262|[from] item: Black Sludge
|turn|13
|
|move|p2a: Gengar|Shadow Ball|p1a: Nidoking
|-damage|p1a: Nidoking|0 fnt
|faint|p1a: Nidoking
|
|-heal|p2a: Gengar|179\/262|[from] item: Black Sludge
|
|switch|p1a: Azumarill|Azumarill, F|241\/404
|-damage|p1a: Azumarill|191\/404|[from] Stealth Rock
|-enditem|p1a: Azumarill|Sitrus Berry|[eat]
|-heal|p1a: Azumarill|292\/404|[from] item: Sitrus Berry
|turn|14
|
|move|p1a: Azumarill|Aqua Jet|p2a: Gengar
|-crit|p2a: Gengar
|-damage|p2a: Gengar|0 fnt
|faint|p2a: Gengar
|
|
|switch|p2a: Beedrill|Beedrill-Mega, F|272\/272
|turn|15
|
|switch|p1a: Nidoqueen|Nidoqueen, F|384\/384
|-damage|p1a: Nidoqueen|360\/384|[from] Stealth Rock
|move|p2a: Beedrill|Protect|p2a: Beedrill
|-fail|p2a: Beedrill
|
|-heal|p1a: Nidoqueen|384\/384|[from] item: Black Sludge
|turn|16
|
|move|p2a: Beedrill|U-turn|p1a: Nidoqueen
|-resisted|p1a: Nidoqueen
|-damage|p1a: Nidoqueen|313\/384
|
|switch|p2a: Magnezone|Magnezone|282\/282
|move|p1a: Nidoqueen|Stealth Rock|p2a: Magnezone
|-sidestart|p2: Markus K|move: Stealth Rock
|
|-heal|p1a: Nidoqueen|337\/384|[from] item: Black Sludge
|turn|17
|
|move|p1a: Nidoqueen|Earth Power|p2a: Magnezone
|-supereffective|p2a: Magnezone
|-damage|p2a: Magnezone|18\/282
|move|p2a: Magnezone|Flash Cannon|p1a: Nidoqueen
|-damage|p1a: Nidoqueen|153\/384
|
|-heal|p1a: Nidoqueen|177\/384|[from] item: Black Sludge
|turn|18
|
|move|p1a: Nidoqueen|Earth Power|p2a: Magnezone
|-supereffective|p2a: Magnezone
|-damage|p2a: Magnezone|0 fnt
|faint|p2a: Magnezone
|
|-heal|p1a: Nidoqueen|201\/384|[from] item: Black Sludge
|
|switch|p2a: Bisharp|Bisharp, F|334\/334
|-damage|p2a: Bisharp|314\/334|[from] Stealth Rock
|turn|19
|
|move|p2a: Bisharp|Sucker Punch|p1a: Nidoqueen
|-damage|p1a: Nidoqueen|53\/384
|-damage|p2a: Bisharp|281\/334|[from] item: Life Orb
|move|p1a: Nidoqueen|Earth Power|p2a: Bisharp
|-supereffective|p2a: Bisharp
|-damage|p2a: Bisharp|0 fnt
|faint|p2a: Bisharp
|
|-heal|p1a: Nidoqueen|77\/384|[from] item: Black Sludge
|
|switch|p2a: Beedrill|Beedrill-Mega, F|272\/272
|-damage|p2a: Beedrill|204\/272|[from] Stealth Rock
|turn|20
|
|move|p2a: Beedrill|Drill Run|p1a: Nidoqueen
|-supereffective|p1a: Nidoqueen
|-damage|p1a: Nidoqueen|0 fnt
|faint|p1a: Nidoqueen
|
|
|switch|p1a: Azumarill|Azumarill, F|292\/404
|-damage|p1a: Azumarill|242\/404|[from] Stealth Rock
|turn|21
|
|move|p1a: Azumarill|Aqua Jet|p2a: Beedrill
|-damage|p2a: Beedrill|12\/272
|move|p2a: Beedrill|Poison Jab|p1a: Azumarill
|-supereffective|p1a: Azumarill
|-damage|p1a: Azumarill|0 fnt
|faint|p1a: Azumarill
|
|
|switch|p1a: Mew|Mew|404\/404
|-damage|p1a: Mew|354\/404|[from] Stealth Rock
|turn|22
|
|move|p2a: Beedrill|U-turn|p1a: Mew
|-supereffective|p1a: Mew
|-damage|p1a: Mew|78\/404
|
|switch|p2a: Sylveon|Sylveon, F|394\/394
|-damage|p2a: Sylveon|345\/394|[from] Stealth Rock
|move|p1a: Mew|Will-O-Wisp|p2a: Sylveon
|-status|p2a: Sylveon|brn
|
|-heal|p1a: Mew|103\/404|[from] item: Leftovers
|-heal|p2a: Sylveon|369\/394 brn|[from] item: Leftovers
|-damage|p2a: Sylveon|320\/394 brn|[from] brn
|turn|23
|
|move|p1a: Mew|Knock Off|p2a: Sylveon
|-resisted|p2a: Sylveon
|-damage|p2a: Sylveon|264\/394 brn
|-enditem|p2a: Sylveon|Leftovers|[from] move: Knock Off|[of] p1a: Mew
|move|p2a: Sylveon|Moonblast|p1a: Mew
|-damage|p1a: Mew|0 fnt
|faint|p1a: Mew
|
|-damage|p2a: Sylveon|215\/394 brn|[from] brn
|
|switch|p1a: Diggersby|Diggersby, M|374\/374
|-damage|p1a: Diggersby|351\/374|[from] Stealth Rock
|turn|24
|
|move|p1a: Diggersby|Return|p2a: Sylveon
|-damage|p2a: Sylveon|0 fnt
|faint|p2a: Sylveon
|
|c|âMarkus K|gg
|c|âbewww|gg
|
|switch|p2a: Beedrill|Beedrill-Mega, F|12\/272
|-damage|p2a: Beedrill|0 fnt|[from] Stealth Rock
|faint|p2a: Beedrill
|
|win|bewww
|raw|Ladder updating...
|raw|bewww's rating: 1370 &rarr; <strong>1389<\/strong><br \/>(+19 for winning)
|raw|Markus K's rating: 1362 &rarr; <strong>1342<\/strong><br \/>(-20 for losing)
|leave|bewww
|player|p1
|leave|Markus K
|player|p2
|join|bewww