|join|bewww
|join|Chars
|player|p1|bewww|101
|player|p2|Chars|131
|gametype|singles
|gen|6
|tier|OU
|rated
|clearpoke
|poke|p1|Chansey, F
|poke|p1|Rotom-Wash
|poke|p1|Hippowdon, M
|poke|p1|Ditto
|poke|p1|Scizor, F
|poke|p1|Chesnaught, F
|poke|p2|Ditto, shiny
|poke|p2|Wobbuffet, M
|poke|p2|Scizor, F
|poke|p2|Sylveon, F, shiny
|poke|p2|Zapdos
|poke|p2|Keldeo
|rule|Sleep Clause Mod: Limit one foe put to sleep
|rule|Species Clause: Limit one of each Pokemon
|rule|OHKO Clause: OHKO moves are banned
|rule|Moody Clause: Moody is banned
|rule|Evasion Moves Clause: Evasion moves are banned
|rule|Endless Battle Clause: Forcing endless battles is banned.
|rule|HP Percentage Mod: HP is reported as percentages
|teampreview
|chat|Chars|I have the best nicknames ever now.
|
|start
|switch|p1a: Chesnaught|Chesnaught, F|380\/380
|switch|p2a: Stop Surviving|Keldeo|323\/323
|turn|1
|
|switch|p2a: Stop Speeding|Scizor, F|343\/343
|move|p1a: Chesnaught|Leech Seed|p2a: Stop Speeding
|-start|p2a: Stop Speeding|move: Leech Seed
|
|-damage|p2a: Stop Speeding|301\/343|[from] Leech Seed|[of] p1a: Chesnaught
|turn|2
|
|switch|p1a: Rotom-Wash|Rotom-Wash|304\/304
|move|p2a: Stop Speeding|U-turn|p1a: Rotom-Wash
|-damage|p1a: Rotom-Wash|169\/304
|
|switch|p2a: Stop Swords Dancin|Ditto, shiny|299\/299
|-transform|p2a: Stop Swords Dancin|p1a: Rotom-Wash
|
|-heal|p1a: Rotom-Wash|188\/304|[from] item: Leftovers
|turn|3
|
|switch|p1a: Chansey|Chansey, F|704\/704
|move|p2a: Stop Swords Dancin|Volt Switch|p1a: Chansey
|-damage|p1a: Chansey|646\/704
|
|switch|p2a: Stop Surviving|Keldeo|323\/323
|
|turn|4
|
|switch|p1a: Chesnaught|Chesnaught, F|380\/380
|move|p2a: Stop Surviving|Secret Sword|p1a: Chesnaught
|-damage|p1a: Chesnaught|232\/380
|
|-heal|p1a: Chesnaught|255\/380|[from] item: Leftovers
|turn|5
|
|switch|p2a: Stop Stealth Rocki|Zapdos|384\/384
|-ability|p2a: Stop Stealth Rocki|Pressure
|move|p1a: Chesnaught|Spikes|p2a: Stop Stealth Rocki
|-sidestart|p2: Chars|Spikes
|
|-heal|p1a: Chesnaught|278\/380|[from] item: Leftovers
|turn|6
|
|switch|p1a: Hippowdon|Hippowdon, M|420\/420
|-weather|Sandstorm
|move|p2a: Stop Stealth Rocki|Heat Wave|p1a: Hippowdon
|-damage|p1a: Hippowdon|296\/420
|
|-weather|Sandstorm|[upkeep]
|-damage|p2a: Stop Stealth Rocki|360\/384|[from] sandstorm
|-heal|p2a: Stop Stealth Rocki|384\/384|[from] item: Leftovers
|-heal|p1a: Hippowdon|322\/420|[from] item: Leftovers
|turn|7
|
|move|p2a: Stop Stealth Rocki|Defog|p1a: Hippowdon
|-unboost|p1a: Hippowdon|evasion|1
|-sideend|p2: Chars|Spikes|[from] move: Defog|[of] p2a: Stop Stealth Rocki
|move|p1a: Hippowdon|Toxic|p2a: Stop Stealth Rocki
|-status|p2a: Stop Stealth Rocki|tox
|
|-weather|Sandstorm|[upkeep]
|-damage|p2a: Stop Stealth Rocki|360\/384 tox|[from] sandstorm
|-heal|p2a: Stop Stealth Rocki|384\/384 tox|[from] item: Leftovers
|-heal|p1a: Hippowdon|348\/420|[from] item: Leftovers
|-damage|p2a: Stop Stealth Rocki|360\/384 tox|[from] psn
|turn|8
|
|move|p2a: Stop Stealth Rocki|Heat Wave|p1a: Hippowdon
|-damage|p1a: Hippowdon|228\/420
|move|p1a: Hippowdon|Stealth Rock|p2a: Stop Stealth Rocki
|-sidestart|p2: Chars|move: Stealth Rock
|
|-weather|Sandstorm|[upkeep]
|-damage|p2a: Stop Stealth Rocki|336\/384 tox|[from] sandstorm
|-heal|p2a: Stop Stealth Rocki|360\/384 tox|[from] item: Leftovers
|-heal|p1a: Hippowdon|254\/420|[from] item: Leftovers
|-damage|p2a: Stop Stealth Rocki|312\/384 tox|[from] psn
|turn|9
|
|switch|p2a: Stop Statusing|Sylveon, F, shiny|394\/394
|-damage|p2a: Stop Statusing|345\/394|[from] Stealth Rock
|switch|p1a: Rotom-Wash|Rotom-Wash|188\/304
|
|-weather|Sandstorm|[upkeep]
|-damage|p1a: Rotom-Wash|169\/304|[from] sandstorm
|-damage|p2a: Stop Statusing|321\/394|[from] sandstorm
|-heal|p1a: Rotom-Wash|188\/304|[from] item: Leftovers
|-heal|p2a: Stop Statusing|345\/394|[from] item: Leftovers
|turn|10
|
|move|p1a: Rotom-Wash|Volt Switch|p2a: Stop Statusing
|-damage|p2a: Stop Statusing|276\/394
|
|switch|p1a: Scizor|Scizor, F|344\/344
|move|p2a: Stop Statusing|Heal Bell|p2a: Stop Statusing
|-cureteam|p2a: Stop Statusing|[from] move: HealBell
|
|-weather|none
|-heal|p2a: Stop Statusing|300\/394|[from] item: Leftovers
|turn|11
|
|switch|p2a: Stop Surviving|Keldeo|323\/323
|-damage|p2a: Stop Surviving|303\/323|[from] Stealth Rock
|-formechange|p1a: Scizor|Scizor-Mega
|message|Scizor has Mega Evolved into Mega Scizor!
|move|p1a: Scizor|Knock Off|p2a: Stop Surviving
|-resisted|p2a: Stop Surviving
|-damage|p2a: Stop Surviving|224\/323
|-boost|p2a: Stop Surviving|atk|1|[from] ability: Justified
|-enditem|p2a: Stop Surviving|Choice Specs|[from] move: Knock Off|[of] p1a: Scizor
|
|turn|12
|
|switch|p1a: Chesnaught|Chesnaught, F|278\/380
|move|p2a: Stop Surviving|Scald|p1a: Chesnaught
|-resisted|p1a: Chesnaught
|-damage|p1a: Chesnaught|188\/380
|
|-heal|p1a: Chesnaught|211\/380|[from] item: Leftovers
|turn|13
|
|switch|p2a: Stop Swords Dancin|Ditto, shiny|299\/299
|-damage|p2a: Stop Swords Dancin|262\/299|[from] Stealth Rock
|-transform|p2a: Stop Swords Dancin|p1a: Chesnaught
|move|p1a: Chesnaught|Hammer Arm|p2a: Stop Swords Dancin
|-damage|p2a: Stop Swords Dancin|177\/299
|-unboost|p1a: Chesnaught|spe|1
|
|-heal|p1a: Chesnaught|234\/380|[from] item: Leftovers
|turn|14
|
|switch|p1a: Scizor|Scizor, F|344\/344
|-formechange|p1a: Scizor|Scizor-Mega
|move|p2a: Stop Swords Dancin|Spikes|p1a: Scizor
|-sidestart|p1: bewww|Spikes
|
|turn|15
|
|switch|p2a: Stop Surviving|Keldeo|224\/323
|-damage|p2a: Stop Surviving|204\/323|[from] Stealth Rock
|move|p1a: Scizor|Swords Dance|p1a: Scizor
|-boost|p1a: Scizor|atk|2
|
|turn|16
|
|move|p1a: Scizor|Bullet Punch|p2a: Stop Surviving
|-resisted|p2a: Stop Surviving
|-damage|p2a: Stop Surviving|55\/323
|move|p2a: Stop Surviving|Scald|p1a: Scizor
|-damage|p1a: Scizor|203\/344
|
|turn|17
|
|move|p1a: Scizor|Bullet Punch|p2a: Stop Surviving
|-resisted|p2a: Stop Surviving
|-damage|p2a: Stop Surviving|0 fnt
|faint|p2a: Stop Surviving
|
|
|switch|p2a: Stop Swords Dancin|Ditto, shiny|177\/299
|-damage|p2a: Stop Swords Dancin|140\/299|[from] Stealth Rock
|-transform|p2a: Stop Swords Dancin|p1a: Scizor
|turn|18
|
|switch|p1a: Chesnaught|Chesnaught, F|234\/380
|-damage|p1a: Chesnaught|187\/380|[from] Spikes
|move|p2a: Stop Swords Dancin|Bullet Punch|p1a: Chesnaught
|-damage|p1a: Chesnaught|9\/380
|
|-heal|p1a: Chesnaught|32\/380|[from] item: Leftovers
|turn|19
|
|move|p1a: Chesnaught|Spiky Shield|p1a: Chesnaught
|-singleturn|p1a: Chesnaught|move: Protect
|move|p2a: Stop Swords Dancin|Bullet Punch|p1a: Chesnaught
|-activate|p1a: Chesnaught|move: Protect
|-damage|p2a: Stop Swords Dancin|103\/299|[from] Spiky Shield|[of] p1a: Chesnaught
|
|-heal|p1a: Chesnaught|55\/380|[from] item: Leftovers
|turn|20
|
|move|p1a: Chesnaught|Spiky Shield|p1a: Chesnaught
|-fail|p1a: Chesnaught
|move|p2a: Stop Swords Dancin|Bullet Punch|p1a: Chesnaught
|-damage|p1a: Chesnaught|0 fnt
|faint|p1a: Chesnaught
|
|
|switch|p1a: Rotom-Wash|Rotom-Wash|188\/304
|turn|21
|
|move|p2a: Stop Swords Dancin|Bullet Punch|p1a: Rotom-Wash
|-resisted|p1a: Rotom-Wash
|-damage|p1a: Rotom-Wash|122\/304
|move|p1a: Rotom-Wash|Will-O-Wisp|p2a: Stop Swords Dancin
|-status|p2a: Stop Swords Dancin|brn
|
|-heal|p1a: Rotom-Wash|141\/304|[from] item: Leftovers
|-damage|p2a: Stop Swords Dancin|66\/299 brn|[from] brn
|turn|22
|
|switch|p2a: Stop Statusing|Sylveon, F, shiny|300\/394
|-damage|p2a: Stop Statusing|251\/394|[from] Stealth Rock
|move|p1a: Rotom-Wash|Hydro Pump|p2a: Stop Statusing
|-damage|p2a: Stop Statusing|136\/394
|
|-heal|p1a: Rotom-Wash|160\/304|[from] item: Leftovers
|-heal|p2a: Stop Statusing|160\/394|[from] item: Leftovers
|turn|23
|
|move|p1a: Rotom-Wash|Volt Switch|p2a: Stop Statusing
|-damage|p2a: Stop Statusing|96\/394
|
|switch|p1a: Scizor|Scizor, F|203\/344
|-formechange|p1a: Scizor|Scizor-Mega
|-damage|p1a: Scizor|160\/344|[from] Spikes
|move|p2a: Stop Statusing|Wish|p2a: Stop Statusing
|
|-heal|p2a: Stop Statusing|120\/394|[from] item: Leftovers
|turn|24
|
|switch|p2a: Stop Stealth Rocki|Zapdos|312\/384
|-damage|p2a: Stop Stealth Rocki|216\/384|[from] Stealth Rock
|-ability|p2a: Stop Stealth Rocki|Pressure
|move|p1a: Scizor|Knock Off|p2a: Stop Stealth Rocki
|-damage|p2a: Stop Stealth Rocki|102\/384
|-enditem|p2a: Stop Stealth Rocki|Leftovers|[from] move: Knock Off|[of] p1a: Scizor
|
|-heal|p2a: Stop Stealth Rocki|299\/384|[from] move: Wish|[wisher] Stop Statusing
|turn|25
|
|switch|p1a: Chansey|Chansey, F|646\/704
|-damage|p1a: Chansey|558\/704|[from] Spikes
|move|p2a: Stop Stealth Rocki|Heat Wave|p1a: Chansey
|-damage|p1a: Chansey|501\/704
|
|turn|26
|
|move|p2a: Stop Stealth Rocki|Defog|p1a: Chansey
|-unboost|p1a: Chansey|evasion|1
|-sideend|p1: bewww|Spikes|[from] move: Defog|[of] p1a: Chansey
|-sideend|p2: Chars|Stealth Rock|[from] move: Defog|[of] p2a: Stop Stealth Rocki
|move|p1a: Chansey|Seismic Toss|p2a: Stop Stealth Rocki
|-damage|p2a: Stop Stealth Rocki|199\/384
|
|turn|27
|
|move|p2a: Stop Stealth Rocki|Roost|p2a: Stop Stealth Rocki
|-heal|p2a: Stop Stealth Rocki|384\/384
|move|p1a: Chansey|Stealth Rock|p2a: Stop Stealth Rocki
|-sidestart|p2: Chars|move: Stealth Rock
|
|turn|28
|
|switch|p1a: Hippowdon|Hippowdon, M|254\/420
|-weather|Sandstorm
|move|p2a: Stop Stealth Rocki|Defog|p1a: Hippowdon
|-unboost|p1a: Hippowdon|evasion|1
|-sideend|p2: Chars|Stealth Rock|[from] move: Defog|[of] p2a: Stop Stealth Rocki
|
|-weather|Sandstorm|[upkeep]
|-damage|p2a: Stop Stealth Rocki|360\/384|[from] sandstorm
|-heal|p1a: Hippowdon|280\/420|[from] item: Leftovers
|turn|29
|
|switch|p2a: Stop Switching|Wobbuffet, M|528\/528
|move|p1a: Hippowdon|Toxic|p2a: Stop Switching
|-status|p2a: Stop Switching|tox
|
|-weather|Sandstorm|[upkeep]
|-damage|p2a: Stop Switching|495\/528 tox|[from] sandstorm
|-heal|p1a: Hippowdon|306\/420|[from] item: Leftovers
|-heal|p2a: Stop Switching|528\/528 tox|[from] item: Leftovers
|-damage|p2a: Stop Switching|495\/528 tox|[from] psn
|turn|30
|
|move|p1a: Hippowdon|Stealth Rock|p2a: Stop Switching
|-sidestart|p2: Chars|move: Stealth Rock
|move|p2a: Stop Switching|Encore|p1a: Hippowdon
|-start|p1a: Hippowdon|Encore
|
|-weather|Sandstorm|[upkeep]
|-damage|p2a: Stop Switching|462\/528 tox|[from] sandstorm
|-heal|p1a: Hippowdon|332\/420|[from] item: Leftovers
|-heal|p2a: Stop Switching|495\/528 tox|[from] item: Leftovers
|-damage|p2a: Stop Switching|429\/528 tox|[from] psn
|turn|31
|
|switch|p2a: Stop Statusing|Sylveon, F, shiny|120\/394
|-damage|p2a: Stop Statusing|71\/394|[from] Stealth Rock
|move|p1a: Hippowdon|Stealth Rock|p2a: Stop Statusing
|-fail|p2a: Stop Statusing
|
|-weather|Sandstorm|[upkeep]
|-damage|p2a: Stop Statusing|47\/394|[from] sandstorm
|-heal|p2a: Stop Statusing|71\/394|[from] item: Leftovers
|-heal|p1a: Hippowdon|358\/420|[from] item: Leftovers
|turn|32
|
|switch|p1a: Rotom-Wash|Rotom-Wash|160\/304
|move|p2a: Stop Statusing|Wish|p2a: Stop Statusing
|
|-weather|none
|-heal|p1a: Rotom-Wash|179\/304|[from] item: Leftovers
|-heal|p2a: Stop Statusing|95\/394|[from] item: Leftovers
|turn|33
|
|move|p2a: Stop Statusing|Protect|p2a: Stop Statusing
|-singleturn|p2a: Stop Statusing|Protect
|move|p1a: Rotom-Wash|Hydro Pump|p2a: Stop Statusing
|-activate|p2a: Stop Statusing|Protect
|
|-heal|p2a: Stop Statusing|292\/394|[from] move: Wish|[wisher] Stop Statusing
|-heal|p1a: Rotom-Wash|198\/304|[from] item: Leftovers
|-heal|p2a: Stop Statusing|316\/394|[from] item: Leftovers
|turn|34
|
|move|p1a: Rotom-Wash|Volt Switch|p2a: Stop Statusing
|-damage|p2a: Stop Statusing|253\/394
|
|switch|p1a: Scizor|Scizor, F|160\/344
|-formechange|p1a: Scizor|Scizor-Mega
|move|p2a: Stop Statusing|Heal Bell|p2a: Stop Statusing
|-cureteam|p2a: Stop Statusing|[from] move: HealBell
|
|-heal|p2a: Stop Statusing|277\/394|[from] item: Leftovers
|turn|35
|
|move|p2a: Stop Statusing|Protect|p2a: Stop Statusing
|-singleturn|p2a: Stop Statusing|Protect
|move|p1a: Scizor|Swords Dance|p1a: Scizor
|-boost|p1a: Scizor|atk|2
|
|-heal|p2a: Stop Statusing|301\/394|[from] item: Leftovers
|turn|36
|
|switch|p2a: Stop Stealth Rocki|Zapdos|360\/384
|-damage|p2a: Stop Stealth Rocki|264\/384|[from] Stealth Rock
|-ability|p2a: Stop Stealth Rocki|Pressure
|move|p1a: Scizor|Bullet Punch|p2a: Stop Stealth Rocki
|-resisted|p2a: Stop Stealth Rocki
|-damage|p2a: Stop Stealth Rocki|158\/384
|
|turn|37
|
|switch|p1a: Ditto|Ditto|299\/299
|-transform|p1a: Ditto|p2a: Stop Stealth Rocki
|-ability|p1a: Ditto|Pressure
|move|p2a: Stop Stealth Rocki|Roost|p2a: Stop Stealth Rocki
|-heal|p2a: Stop Stealth Rocki|350\/384
|
|turn|38
|
|move|p1a: Ditto|Volt Switch|p2a: Stop Stealth Rocki
|-damage|p2a: Stop Stealth Rocki|235\/384
|-message|bewww forfeited.
|chat|bewww|ok gg
|
|win|Chars
|raw|Ladder updating...
|chat|bewww|meme no have the patience for this :)
|raw|bewww's rating: 1644 &rarr; <strong>1622<\/strong><br \/>(-22 for losing)
|raw|Chars's rating: 1608 &rarr; <strong>1630<\/strong><br \/>(+22 for winning)
|leave|bewww
|player|p1