|join|Hanoi Thunder
|join|bewww
|player|p1|Hanoi Thunder|1
|player|p2|bewww|216
|gametype|singles
|gen|6
|tier|OU
|rated
|clearpoke
|poke|p1|Aerodactyl, M
|poke|p1|Magnezone
|poke|p1|Latios, M
|poke|p1|Hippowdon, M
|poke|p1|Bisharp, M, shiny
|poke|p1|Kyurem-Black
|poke|p2|Donphan, M
|poke|p2|Landorus, M
|poke|p2|Talonflame, M
|poke|p2|Galvantula, F
|poke|p2|Excadrill, M
|poke|p2|Venusaur, M
|rule|Sleep Clause Mod: Limit one foe put to sleep
|rule|Species Clause: Limit one of each Pokemon
|rule|OHKO Clause: OHKO moves are banned
|rule|Moody Clause: Moody is banned
|rule|Evasion Moves Clause: Evasion moves are banned
|rule|Endless Battle Clause: Forcing endless battles is banned.
|rule|HP Percentage Mod: HP is reported as percentages
|teampreview
|
|start
|switch|p1a: Kyurem-Black|Kyurem-Black|391\/391
|switch|p2a: Galvantula|Galvantula, F|281\/281
|-ability|p1a: Kyurem-Black|Teravolt
|turn|1
|
|move|p2a: Galvantula|Sticky Web|p1a: Kyurem-Black
|-sidestart|p1: Hanoi Thunder|move: Sticky Web
|move|p1a: Kyurem-Black|Ice Beam|p2a: Galvantula
|-damage|p2a: Galvantula|50\/281
|-damage|p1a: Kyurem-Black|352\/391|[from] item: Life Orb
|
|turn|2
|
|move|p2a: Galvantula|Bug Buzz|p1a: Kyurem-Black
|-damage|p1a: Kyurem-Black|189\/391
|move|p1a: Kyurem-Black|Ice Beam|p2a: Galvantula
|-damage|p2a: Galvantula|0 fnt
|-damage|p1a: Kyurem-Black|150\/391|[from] item: Life Orb
|faint|p2a: Galvantula
|
|
|switch|p2a: Talonflame|Talonflame, M|298\/298
|turn|3
|
|switch|p1a: Hippowdon|Hippowdon, M|420\/420
|-activate|p1a: Hippowdon|move: Sticky Web
|-unboost|p1a: Hippowdon|spe|1
|-weather|Sandstorm
|move|p2a: Talonflame|Brave Bird|p1a: Hippowdon
|-damage|p1a: Hippowdon|284\/420
|-damage|p2a: Talonflame|253\/298|[from] recoil|[of] p1a: Hippowdon
|
|-weather|Sandstorm|[upkeep]
|-damage|p2a: Talonflame|235\/298|[from] sandstorm
|-heal|p1a: Hippowdon|310\/420|[from] item: Leftovers
|turn|4
|
|move|p2a: Talonflame|Swords Dance|p2a: Talonflame
|-boost|p2a: Talonflame|atk|2
|move|p1a: Hippowdon|Stealth Rock|p2a: Talonflame
|-sidestart|p2: bewww|move: Stealth Rock
|
|-weather|Sandstorm|[upkeep]
|-damage|p2a: Talonflame|217\/298|[from] sandstorm
|-heal|p1a: Hippowdon|336\/420|[from] item: Leftovers
|turn|5
|
|move|p2a: Talonflame|Brave Bird|p1a: Hippowdon
|-damage|p1a: Hippowdon|95\/420
|-damage|p2a: Talonflame|137\/298|[from] recoil|[of] p1a: Hippowdon
|move|p1a: Hippowdon|Slack Off|p1a: Hippowdon
|-heal|p1a: Hippowdon|305\/420
|
|-weather|Sandstorm|[upkeep]
|-damage|p2a: Talonflame|119\/298|[from] sandstorm
|-heal|p1a: Hippowdon|331\/420|[from] item: Leftovers
|turn|6
|
|move|p2a: Talonflame|Roost|p2a: Talonflame
|-heal|p2a: Talonflame|268\/298
|move|p1a: Hippowdon|Slack Off|p1a: Hippowdon
|-heal|p1a: Hippowdon|420\/420
|
|-weather|Sandstorm|[upkeep]
|-damage|p2a: Talonflame|250\/298|[from] sandstorm
|turn|7
|
|move|p2a: Talonflame|Swords Dance|p2a: Talonflame
|-boost|p2a: Talonflame|atk|2
|move|p1a: Hippowdon|Toxic|p2a: Talonflame|[miss]
|-miss|p1a: Hippowdon|p2a: Talonflame
|
|-weather|none
|turn|8
|
|move|p2a: Talonflame|Swords Dance|p2a: Talonflame
|-boost|p2a: Talonflame|atk|2
|move|p1a: Hippowdon|Toxic|p2a: Talonflame
|-status|p2a: Talonflame|tox
|
|-damage|p2a: Talonflame|232\/298 tox|[from] psn
|turn|9
|
|move|p2a: Talonflame|Brave Bird|p1a: Hippowdon
|-damage|p1a: Hippowdon|0 fnt
|-damage|p2a: Talonflame|93\/298 tox|[from] recoil|[of] p1a: Hippowdon
|faint|p1a: Hippowdon
|
|-damage|p2a: Talonflame|57\/298 tox|[from] psn
|
|switch|p1a: big bird|Aerodactyl, M|302\/302
|-ability|p1a: big bird|Pressure
|turn|10
|
|detailschange|p1a: big bird|Aerodactyl-Mega, M
|message|Aerodactyl has Mega Evolved into Mega Aerodactyl!
|move|p2a: Talonflame|Brave Bird|p1a: big bird
|-crit|p1a: big bird
|-resisted|p1a: big bird
|-damage|p1a: big bird|0 fnt
|-damage|p2a: Talonflame|0 fnt|[from] recoil|[of] p1a: big bird
|faint|p1a: big bird
|faint|p2a: Talonflame
|
|
|switch|p2a: Excadrill|Excadrill, M|362\/362
|-damage|p2a: Excadrill|351\/362|[from] Stealth Rock
|switch|p1a: Kyurem-Black|Kyurem-Black|150\/391
|-activate|p1a: Kyurem-Black|move: Sticky Web
|-unboost|p1a: Kyurem-Black|spe|1
|-ability|p2a: Excadrill|Mold Breaker
|-ability|p1a: Kyurem-Black|Teravolt
|turn|11
|
|switch|p1a: Magnezone|Magnezone|307\/307
|-activate|p1a: Magnezone|move: Sticky Web
|-unboost|p1a: Magnezone|spe|1
|move|p2a: Excadrill|Earthquake|p1a: Magnezone
|-supereffective|p1a: Magnezone
|-damage|p1a: Magnezone|0 fnt
|faint|p1a: Magnezone
|
|
|switch|p1a: Latios|Latios, M|301\/301
|turn|12
|
|move|p2a: Excadrill|Earthquake|p1a: Latios
|-damage|p1a: Latios|46\/301
|move|p1a: Latios|Defog|p2a: Excadrill
|-unboost|p2a: Excadrill|evasion|1
|-sideend|p2: bewww|Stealth Rock|[from] move: Defog|[of] p2a: Excadrill
|-sideend|p1: Hanoi Thunder|Sticky Web|[from] move: Defog|[of] p1a: Latios
|
|turn|13
|-message|Hanoi Thunder forfeited.
|
|win|bewww
|raw|Ladder updating...
|leave|Hanoi Thunder
|player|p1
|raw|Hanoi Thunder's rating: 1643 &rarr; <strong>1616<\/strong><br \/>(-27 for losing)
|raw|bewww's rating: 1507 &rarr; <strong>1534<\/strong><br \/>(+27 for winning)
|leave|bewww
|player|p2
|join|bewww