|join|will-i-am2
|join|bewww
|player|p1|will-i-am2|1
|player|p2|bewww|216
|gametype|singles
|gen|6
|tier|OU
|rated
|clearpoke
|poke|p1|Registeel
|poke|p1|Donphan, F
|poke|p1|Hydreigon, M
|poke|p1|Mandibuzz, F
|poke|p1|Mawile, F
|poke|p1|Ditto
|poke|p2|Chansey, F
|poke|p2|Ferrothorn, F
|poke|p2|Thundurus-Therian, M
|poke|p2|Gardevoir, F
|poke|p2|Diggersby, M
|poke|p2|Bisharp, M
|rule|Sleep Clause Mod: Limit one foe put to sleep
|rule|Species Clause: Limit one of each Pokemon
|rule|OHKO Clause: OHKO moves are banned
|rule|Moody Clause: Moody is banned
|rule|Evasion Moves Clause: Evasion moves are banned
|rule|Endless Battle Clause: Forcing endless battles is banned.
|rule|HP Percentage Mod: HP is reported as percentages
|teampreview
|
|start
|switch|p1a: Donphan|Donphan, F|384\/384
|switch|p2a: Diggersby|Diggersby, M|311\/311
|turn|1
|
|move|p2a: Diggersby|U-turn|p1a: Donphan
|-damage|p1a: Donphan|304\/384
|
|switch|p2a: Ferrothorn|Ferrothorn, F|352\/352
|move|p1a: Donphan|Earthquake|p2a: Ferrothorn
|-damage|p2a: Ferrothorn|250\/352
|
|-heal|p1a: Donphan|328\/384|[from] item: Leftovers
|turn|2
|
|move|p1a: Donphan|Earthquake|p2a: Ferrothorn
|-damage|p2a: Ferrothorn|148\/352
|move|p2a: Ferrothorn|Stealth Rock|p1a: Donphan
|-sidestart|p1: will-i-am2|move: Stealth Rock
|
|-heal|p1a: Donphan|352\/384|[from] item: Leftovers
|turn|3
|
|move|p1a: Donphan|Earthquake|p2a: Ferrothorn
|-damage|p2a: Ferrothorn|40\/352
|move|p2a: Ferrothorn|Leech Seed|p1a: Donphan
|-start|p1a: Donphan|move: Leech Seed
|
|-heal|p1a: Donphan|376\/384|[from] item: Leftovers
|-damage|p1a: Donphan|328\/384|[from] Leech Seed|[of] p2a: Ferrothorn
|-heal|p2a: Ferrothorn|88\/352|[silent]
|turn|4
|
|switch|p1a: Hydreigon|Hydreigon, M|340\/340
|-damage|p1a: Hydreigon|298\/340|[from] Stealth Rock
|switch|p2a: Thundurus-Therian|Thundurus-Therian, M|299\/299
|
|turn|5
|
|move|p2a: Thundurus-Therian|Volt Switch|p1a: Hydreigon
|-resisted|p1a: Hydreigon
|-damage|p1a: Hydreigon|229\/340
|
|switch|p2a: Ferrothorn|Ferrothorn, F|88\/352
|move|p1a: Hydreigon|Draco Meteor|p2a: Ferrothorn|[miss]
|-miss|p1a: Hydreigon|p2a: Ferrothorn
|
|turn|6
|
|move|p1a: Hydreigon|Draco Meteor|p2a: Ferrothorn
|-resisted|p2a: Ferrothorn
|-damage|p2a: Ferrothorn|0 fnt
|-unboost|p1a: Hydreigon|spa|2
|faint|p2a: Ferrothorn
|
|
|switch|p2a: Gardevoir|Gardevoir, F|277\/277
|turn|7
|
|switch|p1a: Registeel|Registeel|364\/364
|-damage|p1a: Registeel|342\/364|[from] Stealth Rock
|-formechange|p2a: Gardevoir|Gardevoir-Mega
|message|Gardevoir has Mega Evolved into Mega Gardevoir!
|move|p2a: Gardevoir|Calm Mind|p2a: Gardevoir
|-boost|p2a: Gardevoir|spa|1
|-boost|p2a: Gardevoir|spd|1
|
|-heal|p1a: Registeel|364\/364|[from] item: Leftovers
|turn|8
|
|move|p2a: Gardevoir|Hidden Power|p1a: Registeel
|-supereffective|p1a: Registeel
|-damage|p1a: Registeel|216\/364
|move|p1a: Registeel|Thunder Wave|p2a: Gardevoir
|-status|p2a: Gardevoir|par
|
|-heal|p1a: Registeel|238\/364|[from] item: Leftovers
|turn|9
|
|move|p1a: Registeel|Iron Head|p2a: Gardevoir
|-supereffective|p2a: Gardevoir
|-damage|p2a: Gardevoir|41\/277 par
|move|p2a: Gardevoir|Hidden Power|p1a: Registeel
|-supereffective|p1a: Registeel
|-damage|p1a: Registeel|78\/364
|
|-heal|p1a: Registeel|100\/364|[from] item: Leftovers
|turn|10
|
|move|p1a: Registeel|Stealth Rock|p2a: Gardevoir
|-sidestart|p2: bewww|move: Stealth Rock
|move|p2a: Gardevoir|Hidden Power|p1a: Registeel
|-supereffective|p1a: Registeel
|-damage|p1a: Registeel|0 fnt
|faint|p1a: Registeel
|
|
|switch|p1a: Donphan|Donphan, F|328\/384
|-damage|p1a: Donphan|304\/384|[from] Stealth Rock
|turn|11
|
|move|p1a: Donphan|Earthquake|p2a: Gardevoir
|-damage|p2a: Gardevoir|0 fnt
|faint|p2a: Gardevoir
|
|-heal|p1a: Donphan|328\/384|[from] item: Leftovers
|
|switch|p2a: Diggersby|Diggersby, M|311\/311
|-damage|p2a: Diggersby|292\/311|[from] Stealth Rock
|turn|12
|
|move|p2a: Diggersby|Return|p1a: Donphan
|-damage|p1a: Donphan|153\/384
|move|p1a: Donphan|Rapid Spin|p2a: Diggersby
|-damage|p2a: Diggersby|261\/311
|-sideend|p1: will-i-am2|Stealth Rock|[from] move: Rapid Spin|[of] p1a: Donphan
|
|-heal|p1a: Donphan|177\/384|[from] item: Leftovers
|turn|13
|
|switch|p1a: Mawile|Mawile, F|296\/296
|-ability|p1a: Mawile|Intimidate|[of] p2a: Diggersby
|-unboost|p2a: Diggersby|atk|1
|move|p2a: Diggersby|Return|p1a: Mawile
|-resisted|p1a: Mawile
|-damage|p1a: Mawile|212\/296
|
|turn|14
|
|switch|p2a: Chansey|Chansey, F|704\/704
|-damage|p2a: Chansey|616\/704|[from] Stealth Rock
|move|p1a: Mawile|Swords Dance|p1a: Mawile
|-boost|p1a: Mawile|atk|2
|
|turn|15
|
|-formechange|p1a: Mawile|Mawile-Mega
|message|Mawile has Mega Evolved into Mega Mawile!
|move|p1a: Mawile|Play Rough|p2a: Chansey
|-damage|p2a: Chansey|0 fnt
|faint|p2a: Chansey
|
|
|switch|p2a: Diggersby|Diggersby, M|261\/311
|-damage|p2a: Diggersby|242\/311|[from] Stealth Rock
|turn|16
|
|move|p1a: Mawile|Sucker Punch|p2a: Diggersby
|-damage|p2a: Diggersby|0 fnt
|faint|p2a: Diggersby
|
|
|switch|p2a: Thundurus-Therian|Thundurus-Therian, M|299\/299
|-damage|p2a: Thundurus-Therian|225\/299|[from] Stealth Rock
|turn|17
|
|move|p1a: Mawile|Sucker Punch|p2a: Thundurus-Therian
|-damage|p2a: Thundurus-Therian|0 fnt
|faint|p2a: Thundurus-Therian
|
|
|switch|p2a: Bisharp|Bisharp, M|334\/334
|-damage|p2a: Bisharp|314\/334|[from] Stealth Rock
|turn|18
|
|move|p2a: Bisharp|Swords Dance|p2a: Bisharp
|-boost|p2a: Bisharp|atk|2
|move|p1a: Mawile|Iron Head|p2a: Bisharp
|-resisted|p2a: Bisharp
|-damage|p2a: Bisharp|64\/334
|
|turn|19
|
|move|p2a: Bisharp|Iron Head|p1a: Mawile
|-damage|p1a: Mawile|0 fnt
|faint|p1a: Mawile
|
|
|switch|p1a: Ditto|Ditto|299\/299
|-transform|p1a: Ditto|p2a: Bisharp
|turn|20
|
|move|p1a: Ditto|Iron Head|p2a: Bisharp
|-resisted|p2a: Bisharp
|-damage|p2a: Bisharp|0 fnt
|faint|p2a: Bisharp
|
|win|will-i-am2
|raw|Ladder updating...