|join|u got slowbro'ed
|join|bewww
|player|p1|u got slowbro'ed|167
|player|p2|bewww|1
|gametype|singles
|gen|6
|tier|OU
|rated
|clearpoke
|poke|p1|Slowbro, F, shiny
|poke|p1|Latios, M
|poke|p1|Heatran, F
|poke|p1|Scizor, M
|poke|p1|Clefable, F
|poke|p1|Terrakion
|poke|p2|Diggersby, M
|poke|p2|Garchomp, F
|poke|p2|Greninja, F
|poke|p2|Latios, M
|poke|p2|Alakazam, M
|poke|p2|Clefable, F
|rule|Swagger Clause: Swagger is banned
|rule|Baton Pass Clause: Limit one PokÃ©mon knowing Baton Pass
|rule|Sleep Clause Mod: Limit one foe put to sleep
|rule|Species Clause: Limit one of each PokÃ©mon
|rule|OHKO Clause: OHKO moves are banned
|rule|Moody Clause: Moody is banned
|rule|Evasion Moves Clause: Evasion moves are banned
|rule|Endless Battle Clause: Forcing endless battles is banned
|rule|HP Percentage Mod: HP is shown in percentages
|teampreview
|
|start
|switch|p1a: Slowbroed what els|Slowbro, F, shiny|394\/394
|switch|p2a: Greninja|Greninja, F|286\/286
|turn|1
|
|switch|p1a: wall 2.0|Clefable, F|394\/394
|move|p2a: Greninja|Dark Pulse|p1a: wall 2.0
|-start|p2a: Greninja|typechange|Dark|[from] Protean
|-resisted|p1a: wall 2.0
|-damage|p1a: wall 2.0|319\/394
|-damage|p2a: Greninja|258\/286|[from] item: Life Orb
|
|-heal|p1a: wall 2.0|343\/394|[from] item: Leftovers
|turn|2
|
|switch|p2a: Alakazam|Alakazam, M|251\/251
|move|p1a: wall 2.0|Moonblast|p2a: Alakazam
|-damage|p2a: Alakazam|145\/251
|
|-heal|p1a: wall 2.0|367\/394|[from] item: Leftovers
|turn|3
|
|switch|p1a: wall|Heatran, F|385\/385
|detailschange|p2a: Alakazam|Alakazam-Mega, M
|message|Alakazam has Mega Evolved into Mega Alakazam!
|-ability|p2a: Alakazam|Flash Fire|[from] ability: Trace|[of] p1a: wall
|move|p2a: Alakazam|Calm Mind|p2a: Alakazam
|-boost|p2a: Alakazam|spa|1
|-boost|p2a: Alakazam|spd|1
|
|turn|4
|join|Aka DH
|
|move|p2a: Alakazam|Focus Blast|p1a: wall|[miss]
|-miss|p2a: Alakazam|p1a: wall
|move|p1a: wall|Stealth Rock|p2a: Alakazam
|-sidestart|p2: bewww|move: Stealth Rock
|
|turn|5
|
|switch|p1a: forrest gump|Latios, M|302\/302
|move|p2a: Alakazam|Focus Blast|p1a: forrest gump
|-resisted|p1a: forrest gump
|-damage|p1a: forrest gump|177\/302
|
|turn|6
|
|move|p1a: forrest gump|Draco Meteor|p2a: Alakazam
|-damage|p2a: Alakazam|0 fnt
|-unboost|p1a: forrest gump|spa|2
|faint|p2a: Alakazam
|
|
|switch|p2a: Diggersby|Diggersby, M|374\/374
|-damage|p2a: Diggersby|351\/374|[from] Stealth Rock
|turn|7
|
|move|p2a: Diggersby|Quick Attack|p1a: forrest gump
|-damage|p1a: forrest gump|44\/302
|-damage|p2a: Diggersby|314\/374|[from] item: Life Orb
|move|p1a: forrest gump|Draco Meteor|p2a: Diggersby
|-damage|p2a: Diggersby|169\/374
|-unboost|p1a: forrest gump|spa|2
|
|turn|8
|
|switch|p1a: Slowbroed what els|Slowbro, F, shiny|394\/394
|move|p2a: Diggersby|Quick Attack|p1a: Slowbroed what els
|-damage|p1a: Slowbroed what els|316\/394
|-damage|p2a: Diggersby|132\/374|[from] item: Life Orb
|
|-heal|p1a: Slowbroed what els|340\/394|[from] item: Leftovers
|turn|9
|
|switch|p2a: Greninja|Greninja, F|258\/286
|-damage|p2a: Greninja|223\/286|[from] Stealth Rock
|move|p1a: Slowbroed what els|Scald|p2a: Greninja
|-crit|p2a: Greninja
|-resisted|p2a: Greninja
|-damage|p2a: Greninja|126\/286
|
|-heal|p1a: Slowbroed what els|364\/394|[from] item: Leftovers
|turn|10
|
|switch|p1a: wall 2.0|Clefable, F|367\/394
|move|p2a: Greninja|Dark Pulse|p1a: wall 2.0
|-start|p2a: Greninja|typechange|Dark|[from] Protean
|-resisted|p1a: wall 2.0
|-damage|p1a: wall 2.0|302\/394
|-damage|p2a: Greninja|98\/286|[from] item: Life Orb
|
|-heal|p1a: wall 2.0|326\/394|[from] item: Leftovers
|turn|11
|
|move|p2a: Greninja|Ice Beam|p1a: wall 2.0
|-start|p2a: Greninja|typechange|Ice|[from] Protean
|-damage|p1a: wall 2.0|177\/394
|-status|p1a: wall 2.0|frz
|-damage|p2a: Greninja|70\/286|[from] item: Life Orb
|cant|p1a: wall 2.0|frz
|
|-heal|p1a: wall 2.0|201\/394 frz|[from] item: Leftovers
|turn|12
|
|switch|p1a: Slowbroed what els|Slowbro, F, shiny|394\/394
|move|p2a: Greninja|Surf|p1a: Slowbroed what els
|-start|p2a: Greninja|typechange|Water|[from] Protean
|-resisted|p1a: Slowbroed what els
|-damage|p1a: Slowbroed what els|278\/394
|-damage|p2a: Greninja|42\/286|[from] item: Life Orb
|
|-heal|p1a: Slowbroed what els|302\/394|[from] item: Leftovers
|turn|13
|
|switch|p1a: indestructible|Scizor, M|342\/342
|move|p2a: Greninja|Dark Pulse|p1a: indestructible
|-start|p2a: Greninja|typechange|Dark|[from] Protean
|-damage|p1a: indestructible|143\/342
|-damage|p2a: Greninja|14\/286|[from] item: Life Orb
|
|turn|14
|
|detailschange|p1a: indestructible|Scizor-Mega, M
|message|Scizor has Mega Evolved into Mega Scizor!
|move|p1a: indestructible|Bullet Punch|p2a: Greninja
|-damage|p2a: Greninja|0 fnt
|faint|p2a: Greninja
|
|
|switch|p2a: Latios|Latios, M|302\/302
|-damage|p2a: Latios|265\/302|[from] Stealth Rock
|turn|15
|
|move|p2a: Latios|Hidden Power|p1a: indestructible
|-supereffective|p1a: indestructible
|-damage|p1a: indestructible|0 fnt
|-damage|p2a: Latios|235\/302|[from] item: Life Orb
|faint|p1a: indestructible
|
|
|switch|p1a: forrest gump|Latios, M|44\/302
|turn|16
|
|switch|p2a: Clefable|Clefable, F|394\/394
|-damage|p2a: Clefable|345\/394|[from] Stealth Rock
|move|p1a: forrest gump|Draco Meteor|p2a: Clefable
|-immune|p2a: Clefable|[msg]
|
|-heal|p2a: Clefable|369\/394|[from] item: Leftovers
|turn|17
|
|switch|p1a: wall|Heatran, F|385\/385
|move|p2a: Clefable|Thunder Wave|p1a: wall
|-status|p1a: wall|par
|
|-heal|p2a: Clefable|393\/394|[from] item: Leftovers
|turn|18
|
|switch|p2a: Garchomp|Garchomp, F|358\/358
|-damage|p2a: Garchomp|336\/358|[from] Stealth Rock
|move|p1a: wall|Toxic|p2a: Garchomp
|-status|p2a: Garchomp|tox
|-enditem|p2a: Garchomp|Lum Berry|[eat]
|-curestatus|p2a: Garchomp|tox
|
|turn|19
|
|switch|p1a: forrest gump|Latios, M|44\/302
|move|p2a: Garchomp|Stealth Rock|p1a: forrest gump
|-sidestart|p1: u got slowbro'ed|move: Stealth Rock
|
|turn|20
|
|switch|p2a: Clefable|Clefable, F|393\/394
|-damage|p2a: Clefable|344\/394|[from] Stealth Rock
|move|p1a: forrest gump|Trick|p2a: Clefable
|-activate|p1a: forrest gump|move: Trick|[of] p2a: Clefable
|-item|p2a: Clefable|Choice Scarf|[from] move: Trick
|-item|p1a: forrest gump|Leftovers|[from] move: Trick
|
|-heal|p1a: forrest gump|62\/302|[from] item: Leftovers
|turn|21
|
|switch|p1a: wall 2.0|Clefable, F|201\/394 frz
|move|p2a: Clefable|Moonblast|p1a: wall 2.0
|-damage|p1a: wall 2.0|104\/394 frz
|
|-heal|p1a: wall 2.0|128\/394 frz|[from] item: Leftovers
|turn|22
|
|switch|p2a: Garchomp|Garchomp, F|336\/358
|-damage|p2a: Garchomp|314\/358|[from] Stealth Rock
|cant|p1a: wall 2.0|frz
|
|-heal|p1a: wall 2.0|152\/394 frz|[from] item: Leftovers
|turn|23
|
|move|p2a: Garchomp|Earthquake|p1a: wall 2.0
|-damage|p1a: wall 2.0|0 fnt
|faint|p1a: wall 2.0
|
|
|switch|p1a: Slowbroed what els|Slowbro, F, shiny|394\/394
|-damage|p1a: Slowbroed what els|345\/394|[from] Stealth Rock
|turn|24
|join|Bloody Tilt
|
|switch|p2a: Clefable|Clefable, F|344\/394
|-damage|p2a: Clefable|295\/394|[from] Stealth Rock
|move|p1a: Slowbroed what els|Scald|p2a: Clefable
|-damage|p2a: Clefable|187\/394
|
|-heal|p1a: Slowbroed what els|369\/394|[from] item: Leftovers
|turn|25
|
|switch|p1a: wall|Heatran, F|385\/385 par
|-damage|p1a: wall|337\/385 par|[from] Stealth Rock
|move|p2a: Clefable|Thunder Wave|p1a: wall
|-fail|p1a: wall|par
|
|-heal|p1a: wall|361\/385 par|[from] item: Leftovers
|turn|26
|
|switch|p2a: Garchomp|Garchomp, F|314\/358
|-damage|p2a: Garchomp|292\/358|[from] Stealth Rock
|move|p1a: wall|Toxic|p2a: Garchomp
|-status|p2a: Garchomp|tox
|
|-heal|p1a: wall|385\/385 par|[from] item: Leftovers
|-damage|p2a: Garchomp|270\/358 tox|[from] psn
|turn|27
|
|switch|p1a: Slowbroed what els|Slowbro, F, shiny|394\/394
|-damage|p1a: Slowbroed what els|345\/394|[from] Stealth Rock
|move|p2a: Garchomp|Swords Dance|p2a: Garchomp
|-boost|p2a: Garchomp|atk|2
|
|-heal|p1a: Slowbroed what els|369\/394|[from] item: Leftovers
|-damage|p2a: Garchomp|226\/358 tox|[from] psn
|turn|28
|
|move|p2a: Garchomp|Outrage|p1a: Slowbroed what els
|-damage|p1a: Slowbroed what els|68\/394
|move|p1a: Slowbroed what els|Scald|p2a: Garchomp
|-damage|p2a: Garchomp|115\/358 tox
|
|-heal|p1a: Slowbroed what els|92\/394|[from] item: Leftovers
|-damage|p2a: Garchomp|49\/358 tox|[from] psn
|turn|29
|
|move|p2a: Garchomp|Outrage|p1a: Slowbroed what els
|-damage|p1a: Slowbroed what els|0 fnt
|faint|p1a: Slowbroed what els
|
|-end|p2a: Garchomp|rampage
|-start|p2a: Garchomp|confusion
|-damage|p2a: Garchomp|0 fnt|[from] psn
|faint|p2a: Garchomp
|
|switch|p2a: Latios|Latios, M|235\/302
|-damage|p2a: Latios|198\/302|[from] Stealth Rock
|switch|p1a: come at me|Terrakion|324\/324
|-damage|p1a: come at me|304\/324|[from] Stealth Rock
|turn|30
|
|move|p1a: come at me|X-Scissor|p2a: Latios
|-supereffective|p2a: Latios
|-damage|p2a: Latios|0 fnt
|faint|p2a: Latios
|
|
|switch|p2a: Clefable|Clefable, F|187\/394
|-damage|p2a: Clefable|138\/394|[from] Stealth Rock
|turn|31
|
|switch|p1a: wall|Heatran, F|385\/385 par
|-damage|p1a: wall|337\/385 par|[from] Stealth Rock
|move|p2a: Clefable|Moonlight|p2a: Clefable
|-heal|p2a: Clefable|335\/394
|
|-heal|p1a: wall|361\/385 par|[from] item: Leftovers
|turn|32
|
|switch|p2a: Diggersby|Diggersby, M|132\/374
|-damage|p2a: Diggersby|109\/374|[from] Stealth Rock
|move|p1a: wall|Toxic|p2a: Diggersby
|-status|p2a: Diggersby|tox
|
|-heal|p1a: wall|385\/385 par|[from] item: Leftovers
|-damage|p2a: Diggersby|86\/374 tox|[from] psn
|turn|33
|
|switch|p1a: forrest gump|Latios, M|62\/302
|-damage|p1a: forrest gump|25\/302|[from] Stealth Rock
|move|p2a: Diggersby|Hammer Arm|p1a: forrest gump
|-resisted|p1a: forrest gump
|-damage|p1a: forrest gump|0 fnt
|-unboost|p2a: Diggersby|spe|1
|-damage|p2a: Diggersby|49\/374 tox|[from] item: Life Orb
|faint|p1a: forrest gump
|
|-damage|p2a: Diggersby|3\/374 tox|[from] psn
|
|switch|p1a: come at me|Terrakion|304\/324
|-damage|p1a: come at me|284\/324|[from] Stealth Rock
|turn|34
|
|move|p2a: Diggersby|Quick Attack|p1a: come at me
|-resisted|p1a: come at me
|-damage|p1a: come at me|219\/324
|-damage|p2a: Diggersby|0 fnt|[from] item: Life Orb
|faint|p2a: Diggersby
|move|p1a: come at me|Close Combat|p2: Diggersby|[notarget]
|-notarget
|
|
|switch|p2a: Clefable|Clefable, F|335\/394
|-damage|p2a: Clefable|286\/394|[from] Stealth Rock
|turn|35
|
|switch|p1a: wall|Heatran, F|385\/385 par
|-damage|p1a: wall|337\/385 par|[from] Stealth Rock
|move|p2a: Clefable|Moonblast|p1a: wall
|-resisted|p1a: wall
|-damage|p1a: wall|319\/385 par
|
|-heal|p1a: wall|343\/385 par|[from] item: Leftovers
|turn|36
|
|move|p2a: Clefable|Moonblast|p1a: wall
|-resisted|p1a: wall
|-damage|p1a: wall|326\/385 par
|cant|p1a: wall|par
|
|-heal|p1a: wall|350\/385 par|[from] item: Leftovers
|turn|37
|
|move|p2a: Clefable|Moonblast|p1a: wall
|-crit|p1a: wall
|-resisted|p1a: wall
|-damage|p1a: wall|324\/385 par
|cant|p1a: wall|par
|
|-heal|p1a: wall|348\/385 par|[from] item: Leftovers
|turn|38
|c|âbewww|gg
|-message|bewww forfeited.
|
|win|u got slowbro'ed
|raw|Ladder updating...
|raw|u got slowbro&apos;ed's rating: 1974 &rarr; <strong>1982<\/strong><br \/>(+8 for winning)
|raw|bewww's rating: 1730 &rarr; <strong>1722<\/strong><br \/>(-8 for losing)
|leave|bewww
|player|p2
|leave|u got slowbro'ed
|player|p1
|leave|Bloody Tilt