|join|bewww
|join|BigSpore
|player|p1|bewww|159
|player|p2|BigSpore|93
|gametype|singles
|gen|6
|tier|OU
|rated
|clearpoke
|poke|p1|Weavile, F
|poke|p1|Azelf
|poke|p1|Breloom, F
|poke|p1|Azumarill, F
|poke|p1|Greninja, M
|poke|p1|Venusaur, F
|poke|p2|Pinsir, F, shiny
|poke|p2|Bisharp, M
|poke|p2|Landorus-Therian, M
|poke|p2|Heatran, M
|poke|p2|Azumarill, M, shiny
|poke|p2|Latios, M
|rule|Swagger Clause: Swagger is banned
|rule|Baton Pass Clause: Limit one PokÃ©mon knowing Baton Pass
|rule|Sleep Clause Mod: Limit one foe put to sleep
|rule|Species Clause: Limit one of each PokÃ©mon
|rule|OHKO Clause: OHKO moves are banned
|rule|Moody Clause: Moody is banned
|rule|Evasion Moves Clause: Evasion moves are banned
|rule|Endless Battle Clause: Forcing endless battles is banned
|rule|HP Percentage Mod: HP is shown in percentages
|teampreview
|
|start
|switch|p1a: Breloom|Breloom, F|262\/262
|switch|p2a: Landorus-Therian|Landorus-Therian, M|320\/320
|-ability|p2a: Landorus-Therian|Intimidate|[of] p1a: Breloom
|-unboost|p1a: Breloom|atk|1
|turn|1
|
|move|p2a: Landorus-Therian|U-turn|p1a: Breloom
|-damage|p1a: Breloom|154\/262
|
|switch|p2a: NoNeedEvs|Latios, M|302\/302
|move|p1a: Breloom|Spore|p2a: NoNeedEvs
|-status|p2a: NoNeedEvs|slp
|
|turn|2
|
|switch|p2a: Landorus-Therian|Landorus-Therian, M|320\/320
|-ability|p2a: Landorus-Therian|Intimidate|[of] p1a: Breloom
|-unboost|p1a: Breloom|atk|1
|move|p1a: Breloom|Rock Tomb|p2a: Landorus-Therian
|-damage|p2a: Landorus-Therian|258\/320
|-unboost|p2a: Landorus-Therian|spe|1
|
|turn|3
|
|switch|p1a: Venusaur|Venusaur, F|364\/364
|move|p2a: Landorus-Therian|U-turn|p1a: Venusaur
|-damage|p1a: Venusaur|283\/364
|
|switch|p2a: Darwin was Right|Pinsir, F, shiny|271\/271
|
|turn|4
|
|switch|p1a: Azelf|Azelf|331\/331
|detailschange|p2a: Darwin was Right|Pinsir-Mega, F, shiny
|message|Pinsir has Mega Evolved into Mega Pinsir!
|move|p2a: Darwin was Right|Return|p1a: Azelf
|-enditem|p1a: Azelf|Focus Sash
|-damage|p1a: Azelf|1\/331
|
|turn|5
|
|move|p2a: Darwin was Right|Quick Attack|p1a: Azelf
|-damage|p1a: Azelf|0 fnt
|faint|p1a: Azelf
|
|
|switch|p1a: Greninja|Greninja, M|286\/286
|turn|6
|
|switch|p2a: Sitrus Berry|Azumarill, M, shiny|404\/404
|move|p1a: Greninja|Ice Beam|p2a: Sitrus Berry
|-start|p1a: Greninja|typechange|Ice|[from] Protean
|-resisted|p2a: Sitrus Berry
|-damage|p2a: Sitrus Berry|327\/404
|-damage|p1a: Greninja|258\/286|[from] item: Life Orb
|
|turn|7
|
|switch|p1a: Venusaur|Venusaur, F|283\/364
|switch|p2a: Foundry|Heatran, M|385\/385
|
|turn|8
|
|detailschange|p1a: Venusaur|Venusaur-Mega, F
|message|Venusaur has Mega Evolved into Mega Venusaur!
|move|p2a: Foundry|Stealth Rock|p1a: Venusaur
|-sidestart|p1: bewww|move: Stealth Rock
|move|p1a: Venusaur|Leech Seed|p2a: Foundry
|-start|p2a: Foundry|move: Leech Seed
|
|-damage|p2a: Foundry|337\/385|[from] Leech Seed|[of] p1a: Venusaur
|-heal|p1a: Venusaur|331\/364|[silent]
|turn|9
|
|switch|p2a: Darwin was Right|Pinsir-Mega, F, shiny|271\/271
|switch|p1a: Greninja|Greninja, M|258\/286
|-damage|p1a: Greninja|223\/286|[from] Stealth Rock
|
|turn|10
|
|switch|p2a: Sitrus Berry|Azumarill, M, shiny|327\/404
|move|p1a: Greninja|Extrasensory|p2a: Sitrus Berry
|-start|p1a: Greninja|typechange|Psychic|[from] Protean
|-damage|p2a: Sitrus Berry|205\/404
|-damage|p1a: Greninja|195\/286|[from] item: Life Orb
|
|turn|11
|
|move|p1a: Greninja|Extrasensory|p2a: Sitrus Berry
|-crit|p2a: Sitrus Berry
|-damage|p2a: Sitrus Berry|17\/404
|-damage|p1a: Greninja|167\/286|[from] item: Life Orb
|move|p2a: Sitrus Berry|Play Rough|p1a: Greninja
|-crit|p1a: Greninja
|-damage|p1a: Greninja|0 fnt
|faint|p1a: Greninja
|
|
|switch|p1a: Breloom|Breloom, F|154\/262
|-damage|p1a: Breloom|138\/262|[from] Stealth Rock
|turn|12
|
|move|p1a: Breloom|Mach Punch|p2a: Sitrus Berry
|-resisted|p2a: Sitrus Berry
|-damage|p2a: Sitrus Berry|0 fnt
|faint|p2a: Sitrus Berry
|
|
|switch|p2a: Darwin was Right|Pinsir-Mega, F, shiny|271\/271
|turn|13
|
|move|p2a: Darwin was Right|Return|p1a: Breloom
|-supereffective|p1a: Breloom
|-damage|p1a: Breloom|0 fnt
|faint|p1a: Breloom
|
|
|switch|p1a: Azumarill|Azumarill, F|404\/404
|-damage|p1a: Azumarill|354\/404|[from] Stealth Rock
|turn|14
|
|move|p2a: Darwin was Right|Return|p1a: Azumarill
|-damage|p1a: Azumarill|56\/404
|-enditem|p1a: Azumarill|Sitrus Berry|[eat]
|-heal|p1a: Azumarill|157\/404|[from] item: Sitrus Berry
|move|p1a: Azumarill|Play Rough|p2a: Darwin was Right
|-damage|p2a: Darwin was Right|103\/271
|
|turn|15
|
|switch|p2a: Landorus-Therian|Landorus-Therian, M|258\/320
|-ability|p2a: Landorus-Therian|Intimidate|[of] p1a: Azumarill
|-unboost|p1a: Azumarill|atk|1
|move|p1a: Azumarill|Aqua Jet|p2a: Landorus-Therian
|-supereffective|p2a: Landorus-Therian
|-damage|p2a: Landorus-Therian|120\/320
|
|turn|16
|
|move|p1a: Azumarill|Aqua Jet|p2a: Landorus-Therian
|-supereffective|p2a: Landorus-Therian
|-damage|p2a: Landorus-Therian|0 fnt
|faint|p2a: Landorus-Therian
|
|
|switch|p2a: Power Ranger|Bisharp, M|272\/272
|turn|17
|
|move|p2a: Power Ranger|Iron Head|p1a: Azumarill
|-damage|p1a: Azumarill|0 fnt
|-damage|p2a: Power Ranger|245\/272|[from] item: Life Orb
|faint|p1a: Azumarill
|
|
|switch|p1a: Venusaur|Venusaur-Mega, F|331\/364
|-damage|p1a: Venusaur|286\/364|[from] Stealth Rock
|turn|18
|
|switch|p2a: Foundry|Heatran, M|337\/385
|move|p1a: Venusaur|Leech Seed|p2a: Foundry
|-start|p2a: Foundry|move: Leech Seed
|
|-heal|p2a: Foundry|361\/385|[from] item: Leftovers
|-damage|p2a: Foundry|313\/385|[from] Leech Seed|[of] p1a: Venusaur
|-heal|p1a: Venusaur|334\/364|[silent]
|turn|19
|
|switch|p2a: Darwin was Right|Pinsir-Mega, F, shiny|103\/271
|move|p1a: Venusaur|Sludge Bomb|p2a: Darwin was Right
|-damage|p2a: Darwin was Right|0 fnt
|faint|p2a: Darwin was Right
|
|
|switch|p2a: Foundry|Heatran, M|313\/385
|turn|20
|
|move|p2a: Foundry|Lava Plume|p1a: Venusaur
|-supereffective|p1a: Venusaur
|-damage|p1a: Venusaur|236\/364
|move|p1a: Venusaur|Leech Seed|p2a: Foundry
|-start|p2a: Foundry|move: Leech Seed
|
|-heal|p2a: Foundry|337\/385|[from] item: Leftovers
|-damage|p2a: Foundry|289\/385|[from] Leech Seed|[of] p1a: Venusaur
|-heal|p1a: Venusaur|284\/364|[silent]
|turn|21
|
|switch|p2a: Power Ranger|Bisharp, M|245\/272
|move|p1a: Venusaur|Leech Seed|p2a: Power Ranger
|-start|p2a: Power Ranger|move: Leech Seed
|
|-damage|p2a: Power Ranger|211\/272|[from] Leech Seed|[of] p1a: Venusaur
|-heal|p1a: Venusaur|318\/364|[silent]
|turn|22
|
|switch|p2a: NoNeedEvs|Latios, M|302\/302 slp
|move|p1a: Venusaur|Hidden Power|p2a: NoNeedEvs
|-resisted|p2a: NoNeedEvs
|-damage|p2a: NoNeedEvs|277\/302 slp
|
|turn|23
|
|cant|p2a: NoNeedEvs|slp
|move|p1a: Venusaur|Leech Seed|p2a: NoNeedEvs
|-start|p2a: NoNeedEvs|move: Leech Seed
|
|-damage|p2a: NoNeedEvs|240\/302 slp|[from] Leech Seed|[of] p1a: Venusaur
|-heal|p1a: Venusaur|355\/364|[silent]
|turn|24
|
|switch|p1a: Weavile|Weavile, F|282\/282
|-damage|p1a: Weavile|212\/282|[from] Stealth Rock
|-ability|p1a: Weavile|Pressure
|cant|p2a: NoNeedEvs|slp
|
|-damage|p2a: NoNeedEvs|203\/302 slp|[from] Leech Seed|[of] p1a: Weavile
|-heal|p1a: Weavile|249\/282|[silent]
|turn|25
|
|switch|p2a: Power Ranger|Bisharp, M|211\/272
|move|p1a: Weavile|Knock Off|p2a: Power Ranger
|-resisted|p2a: Power Ranger
|-damage|p2a: Power Ranger|114\/272
|-enditem|p2a: Power Ranger|Life Orb|[from] move: Knock Off|[of] p1a: Weavile
|-damage|p1a: Weavile|221\/282|[from] item: Life Orb
|
|turn|26
|
|move|p1a: Weavile|Low Kick|p2a: Power Ranger
|-supereffective|p2a: Power Ranger
|-damage|p2a: Power Ranger|0 fnt
|-damage|p1a: Weavile|193\/282|[from] item: Life Orb
|faint|p2a: Power Ranger
|
|
|switch|p2a: Foundry|Heatran, M|289\/385
|turn|27
|
|move|p2a: Foundry|Protect|p2a: Foundry
|-singleturn|p2a: Foundry|Protect
|move|p1a: Weavile|Low Kick|p2a: Foundry
|-activate|p2a: Foundry|Protect
|
|-heal|p2a: Foundry|313\/385|[from] item: Leftovers
|turn|28
|
|move|p1a: Weavile|Low Kick|p2a: Foundry
|-supereffective|p2a: Foundry
|-damage|p2a: Foundry|0 fnt
|-damage|p1a: Weavile|165\/282|[from] item: Life Orb
|faint|p2a: Foundry
|
|
|switch|p2a: NoNeedEvs|Latios, M|203\/302 slp
|turn|29
|
|move|p1a: Weavile|Knock Off|p2a: NoNeedEvs
|-supereffective|p2a: NoNeedEvs
|-damage|p2a: NoNeedEvs|0 fnt
|-enditem|p2a: NoNeedEvs|Life Orb|[from] move: Knock Off|[of] p1a: Weavile
|-damage|p1a: Weavile|137\/282|[from] item: Life Orb
|faint|p2a: NoNeedEvs
|
|win|bewww
|raw|Ladder updating...
|raw|bewww's rating: 1615 &rarr; <strong>1636<\/strong><br \/>(+21 for winning)
|raw|BigSpore's rating: 1626 &rarr; <strong>1606<\/strong><br \/>(-20 for losing)
|c|âbewww|gg
|leave|BigSpore
|player|p2