|join|bewww
|join|icening
|player|p1|bewww|159
|player|p2|icening|156
|gametype|singles
|gen|6
|tier|OU
|rated
|clearpoke
|poke|p1|Azumarill, F
|poke|p1|Scizor, M
|poke|p1|Venusaur, M
|poke|p1|Weavile, M
|poke|p1|Garchomp, F
|poke|p1|Dragonite, M
|poke|p2|Jynx, F
|poke|p2|Regice, shiny
|poke|p2|Avalugg, M, shiny
|poke|p2|Froslass, F
|poke|p2|Kyurem-Black, shiny
|poke|p2|Piloswine, M
|rule|Swagger Clause: Swagger is banned
|rule|Baton Pass Clause: Limit one PokÃ©mon knowing Baton Pass
|rule|Sleep Clause Mod: Limit one foe put to sleep
|rule|Species Clause: Limit one of each PokÃ©mon
|rule|OHKO Clause: OHKO moves are banned
|rule|Moody Clause: Moody is banned
|rule|Evasion Moves Clause: Evasion moves are banned
|rule|Endless Battle Clause: Forcing endless battles is banned
|rule|HP Percentage Mod: HP is shown in percentages
|teampreview
|join|gyarad0site
|
|start
|switch|p1a: Weavile|Weavile, M|282\/282
|switch|p2a: Shadynasty|Jynx, F|272\/272
|-ability|p1a: Weavile|Pressure
|turn|1
|
|move|p1a: Weavile|Knock Off|p2a: Shadynasty
|-supereffective|p2a: Shadynasty
|-enditem|p2a: Shadynasty|Focus Sash
|-damage|p2a: Shadynasty|1\/272
|-damage|p1a: Weavile|254\/282|[from] item: Life Orb
|move|p2a: Shadynasty|Hidden Power|p1a: Weavile
|-supereffective|p1a: Weavile
|-damage|p1a: Weavile|104\/282
|
|turn|2
|
|switch|p2a: Avalugg|Avalugg, M, shiny|394\/394
|move|p1a: Weavile|Knock Off|p2a: Avalugg
|-damage|p2a: Avalugg|297\/394
|-enditem|p2a: Avalugg|Leftovers|[from] move: Knock Off|[of] p1a: Weavile
|-damage|p1a: Weavile|76\/282|[from] item: Life Orb
|
|turn|3
|
|switch|p1a: Venusaur|Venusaur, M|364\/364
|move|p2a: Avalugg|Avalanche|p1a: Venusaur
|-supereffective|p1a: Venusaur
|-damage|p1a: Venusaur|212\/364
|
|turn|4
|
|switch|p2a: Kyurem-Black|Kyurem-Black, shiny|391\/391
|-ability|p2a: Kyurem-Black|Teravolt
|detailschange|p1a: Venusaur|Venusaur-Mega, M
|message|Venusaur has Mega Evolved into Mega Venusaur!
|move|p1a: Venusaur|Synthesis|p1a: Venusaur
|-heal|p1a: Venusaur|364\/364
|
|turn|5
|
|switch|p1a: Scizor|Scizor, M|344\/344
|move|p2a: Kyurem-Black|Outrage|p1a: Scizor
|-resisted|p1a: Scizor
|-damage|p1a: Scizor|215\/344
|
|turn|6
|
|move|p1a: Scizor|Bullet Punch|p2a: Kyurem-Black
|-supereffective|p2a: Kyurem-Black
|-damage|p2a: Kyurem-Black|47\/391
|move|p2a: Kyurem-Black|Outrage|p1a: Scizor
|-resisted|p1a: Scizor
|-damage|p1a: Scizor|80\/344
|
|turn|7
|
|move|p1a: Scizor|Bullet Punch|p2a: Kyurem-Black
|-supereffective|p2a: Kyurem-Black
|-damage|p2a: Kyurem-Black|0 fnt
|faint|p2a: Kyurem-Black
|
|
|switch|p2a: Piloswine|Piloswine, M|404\/404
|turn|8
|
|switch|p1a: Venusaur|Venusaur-Mega, M|364\/364
|move|p2a: Piloswine|Earthquake|p1a: Venusaur
|-damage|p1a: Venusaur|253\/364
|
|turn|9
|
|move|p1a: Venusaur|Leech Seed|p2a: Piloswine|[miss]
|-miss|p1a: Venusaur|p2a: Piloswine
|move|p2a: Piloswine|Stealth Rock|p1a: Venusaur
|-sidestart|p1: bewww|move: Stealth Rock
|
|turn|10
|
|switch|p2a: Froslass|Froslass, F|344\/344
|move|p1a: Venusaur|Leech Seed|p2a: Froslass
|-start|p2a: Froslass|move: Leech Seed
|
|-damage|p2a: Froslass|301\/344|[from] Leech Seed|[of] p1a: Venusaur
|-heal|p1a: Venusaur|296\/364|[silent]
|turn|11
|
|move|p2a: Froslass|Spikes|p1a: Venusaur
|-sidestart|p1: bewww|Spikes
|move|p1a: Venusaur|Sludge Bomb|p2a: Froslass
|-resisted|p2a: Froslass
|-damage|p2a: Froslass|214\/344
|-start|p1a: Venusaur|Disable|Sludge Bomb
|-status|p2a: Froslass|psn
|
|-damage|p2a: Froslass|171\/344 psn|[from] Leech Seed|[of] p1a: Venusaur
|-heal|p1a: Venusaur|339\/364|[silent]
|-damage|p2a: Froslass|128\/344 psn|[from] psn
|turn|12
|
|switch|p1a: Scizor|Scizor, M|80\/344
|-damage|p1a: Scizor|37\/344|[from] Stealth Rock
|-damage|p1a: Scizor|0 fnt|[from] Spikes
|faint|p1a: Scizor
|move|p2a: Froslass|Destiny Bond|p2a: Froslass
|-singlemove|p2a: Froslass|Destiny Bond
|
|-damage|p2a: Froslass|85\/344 psn|[from] psn
|
|switch|p1a: Venusaur|Venusaur-Mega, M|339\/364
|-damage|p1a: Venusaur|294\/364|[from] Spikes
|-damage|p1a: Venusaur|249\/364|[from] Stealth Rock
|turn|13
|
|move|p2a: Froslass|Spikes|p1a: Venusaur
|-sidestart|p1: bewww|Spikes
|move|p1a: Venusaur|Synthesis|p1a: Venusaur
|-heal|p1a: Venusaur|364\/364
|
|-damage|p2a: Froslass|42\/344 psn|[from] Leech Seed|[of] p1a: Venusaur
|-damage|p2a: Froslass|0 fnt|[from] psn
|faint|p2a: Froslass
|
|switch|p2a: Shadynasty|Jynx, F|1\/272
|turn|14
|
|switch|p1a: Dragonite|Dragonite, M|324\/324
|-damage|p1a: Dragonite|243\/324|[from] Stealth Rock
|move|p2a: Shadynasty|Lovely Kiss|p1a: Dragonite
|-status|p1a: Dragonite|slp
|-enditem|p1a: Dragonite|Lum Berry|[eat]
|-curestatus|p1a: Dragonite|slp
|
|turn|15
|
|switch|p2a: Avalugg|Avalugg, M, shiny|297\/394
|move|p1a: Dragonite|Dragon Claw|p2a: Avalugg
|-damage|p2a: Avalugg|222\/394
|
|turn|16
|
|move|p1a: Dragonite|Fire Punch|p2a: Avalugg
|-supereffective|p2a: Avalugg
|-damage|p2a: Avalugg|134\/394
|-status|p2a: Avalugg|brn
|move|p2a: Avalugg|Avalanche|p1a: Dragonite
|-supereffective|p1a: Dragonite
|-damage|p1a: Dragonite|0 fnt
|faint|p1a: Dragonite
|
|-damage|p2a: Avalugg|85\/394 brn|[from] brn
|
|switch|p1a: Garchomp|Garchomp, F|420\/420
|-damage|p1a: Garchomp|394\/420|[from] Stealth Rock
|-damage|p1a: Garchomp|324\/420|[from] Spikes
|turn|17
|
|move|p1a: Garchomp|Stealth Rock|p2a: Avalugg
|-sidestart|p2: icening|move: Stealth Rock
|move|p2a: Avalugg|Avalanche|p1a: Garchomp
|-supereffective|p1a: Garchomp
|-damage|p1a: Garchomp|200\/420
|-damage|p2a: Avalugg|36\/394 brn|[from] ability: Rough Skin|[of] p1a: Garchomp
|-damage|p2a: Avalugg|0 fnt|[from] item: Rocky Helmet|[of] p1a: Garchomp
|faint|p2a: Avalugg
|
|
|switch|p2a: Piloswine|Piloswine, M|404\/404
|-damage|p2a: Piloswine|354\/404|[from] Stealth Rock
|turn|18
|
|move|p2a: Piloswine|Ice Shard|p1a: Garchomp
|-supereffective|p1a: Garchomp
|-damage|p1a: Garchomp|0 fnt
|faint|p1a: Garchomp
|
|
|switch|p1a: Azumarill|Azumarill, F|404\/404
|-damage|p1a: Azumarill|354\/404|[from] Stealth Rock
|-damage|p1a: Azumarill|287\/404|[from] Spikes
|turn|19
|
|move|p1a: Azumarill|Aqua Jet|p2a: Piloswine
|-supereffective|p2a: Piloswine
|-damage|p2a: Piloswine|202\/404
|move|p2a: Piloswine|Earthquake|p1a: Azumarill
|-damage|p1a: Azumarill|89\/404
|-enditem|p1a: Azumarill|Sitrus Berry|[eat]
|-heal|p1a: Azumarill|190\/404|[from] item: Sitrus Berry
|
|turn|20
|
|move|p1a: Azumarill|Aqua Jet|p2a: Piloswine
|-supereffective|p2a: Piloswine
|-damage|p2a: Piloswine|62\/404
|move|p2a: Piloswine|Earthquake|p1a: Azumarill
|-damage|p1a: Azumarill|0 fnt
|faint|p1a: Azumarill
|
|
|switch|p1a: Venusaur|Venusaur-Mega, M|364\/364
|-damage|p1a: Venusaur|319\/364|[from] Stealth Rock
|-damage|p1a: Venusaur|259\/364|[from] Spikes
|turn|21
|
|move|p2a: Piloswine|Ice Shard|p1a: Venusaur
|-supereffective|p1a: Venusaur
|-damage|p1a: Venusaur|217\/364
|move|p1a: Venusaur|Sludge Bomb|p2a: Piloswine
|-resisted|p2a: Piloswine
|-damage|p2a: Piloswine|2\/404
|
|turn|22
|
|move|p2a: Piloswine|Ice Shard|p1a: Venusaur
|-supereffective|p1a: Venusaur
|-damage|p1a: Venusaur|173\/364
|move|p1a: Venusaur|Synthesis|p1a: Venusaur
|-heal|p1a: Venusaur|355\/364
|
|turn|23
|
|move|p2a: Piloswine|Ice Shard|p1a: Venusaur
|-supereffective|p1a: Venusaur
|-damage|p1a: Venusaur|313\/364
|move|p1a: Venusaur|Sludge Bomb|p2a: Piloswine
|-resisted|p2a: Piloswine
|-damage|p2a: Piloswine|0 fnt
|faint|p2a: Piloswine
|
|
|switch|p2a: Regice|Regice, shiny|364\/364
|-damage|p2a: Regice|273\/364|[from] Stealth Rock
|turn|24
|
|move|p1a: Venusaur|Leech Seed|p2a: Regice
|-start|p2a: Regice|move: Leech Seed
|move|p2a: Regice|Ice Beam|p1a: Venusaur
|-supereffective|p1a: Venusaur
|-damage|p1a: Venusaur|223\/364
|
|-heal|p2a: Regice|295\/364|[from] item: Leftovers
|-damage|p2a: Regice|250\/364|[from] Leech Seed|[of] p1a: Venusaur
|-heal|p1a: Venusaur|268\/364|[silent]
|turn|25
|
|move|p1a: Venusaur|Sludge Bomb|p2a: Regice
|-damage|p2a: Regice|196\/364
|move|p2a: Regice|Ice Beam|p1a: Venusaur
|-supereffective|p1a: Venusaur
|-damage|p1a: Venusaur|190\/364
|
|-heal|p2a: Regice|218\/364|[from] item: Leftovers
|-damage|p2a: Regice|173\/364|[from] Leech Seed|[of] p1a: Venusaur
|-heal|p1a: Venusaur|235\/364|[silent]
|turn|26
|
|move|p1a: Venusaur|Synthesis|p1a: Venusaur
|-heal|p1a: Venusaur|364\/364
|move|p2a: Regice|Rest|p2a: Regice
|-status|p2a: Regice|slp
|-heal|p2a: Regice|364\/364 slp|[silent]
|-status|p2a: Regice|slp|[from] move: Rest
|
|-damage|p2a: Regice|319\/364 slp|[from] Leech Seed|[of] p1a: Venusaur
|turn|27
|
|move|p1a: Venusaur|Hidden Power|p2a: Regice
|-supereffective|p2a: Regice
|-damage|p2a: Regice|269\/364 slp
|cant|p2a: Regice|slp
|move|p2a: Regice|Sleep Talk|p2a: Regice
|move|p2a: Regice|Rest|p2a: Regice|[from]Sleep Talk
|-fail|p2a: Regice
|
|-heal|p2a: Regice|291\/364 slp|[from] item: Leftovers
|-damage|p2a: Regice|246\/364 slp|[from] Leech Seed|[of] p1a: Venusaur
|turn|28
|
|move|p1a: Venusaur|Hidden Power|p2a: Regice
|-supereffective|p2a: Regice
|-damage|p2a: Regice|200\/364 slp
|cant|p2a: Regice|slp
|move|p2a: Regice|Sleep Talk|p2a: Regice
|move|p2a: Regice|Rest|p2a: Regice|[from]Sleep Talk
|-fail|p2a: Regice
|
|-heal|p2a: Regice|222\/364 slp|[from] item: Leftovers
|-damage|p2a: Regice|177\/364 slp|[from] Leech Seed|[of] p1a: Venusaur
|turn|29
|
|move|p1a: Venusaur|Sludge Bomb|p2a: Regice
|-damage|p2a: Regice|123\/364 slp
|-curestatus|p2a: Regice|slp
|move|p2a: Regice|Ice Beam|p1a: Venusaur
|-supereffective|p1a: Venusaur
|-damage|p1a: Venusaur|272\/364
|
|-heal|p2a: Regice|145\/364|[from] item: Leftovers
|-damage|p2a: Regice|100\/364|[from] Leech Seed|[of] p1a: Venusaur
|-heal|p1a: Venusaur|317\/364|[silent]
|turn|30
|
|move|p1a: Venusaur|Sludge Bomb|p2a: Regice
|-damage|p2a: Regice|43\/364
|move|p2a: Regice|Rest|p2a: Regice
|-status|p2a: Regice|slp
|-heal|p2a: Regice|364\/364 slp|[silent]
|-status|p2a: Regice|slp|[from] move: Rest
|
|-damage|p2a: Regice|319\/364 slp|[from] Leech Seed|[of] p1a: Venusaur
|-heal|p1a: Venusaur|362\/364|[silent]
|turn|31
|
|move|p1a: Venusaur|Hidden Power|p2a: Regice
|-supereffective|p2a: Regice
|-damage|p2a: Regice|273\/364 slp
|cant|p2a: Regice|slp
|
|-heal|p2a: Regice|295\/364 slp|[from] item: Leftovers
|-damage|p2a: Regice|250\/364 slp|[from] Leech Seed|[of] p1a: Venusaur
|-heal|p1a: Venusaur|364\/364|[silent]
|turn|32
|
|move|p1a: Venusaur|Hidden Power|p2a: Regice
|-supereffective|p2a: Regice
|-damage|p2a: Regice|200\/364 slp
|cant|p2a: Regice|slp
|
|-heal|p2a: Regice|222\/364 slp|[from] item: Leftovers
|-damage|p2a: Regice|177\/364 slp|[from] Leech Seed|[of] p1a: Venusaur
|turn|33
|
|move|p1a: Venusaur|Hidden Power|p2a: Regice
|-crit|p2a: Regice
|-supereffective|p2a: Regice
|-damage|p2a: Regice|109\/364 slp
|-curestatus|p2a: Regice|slp
|move|p2a: Regice|Rest|p2a: Regice
|-status|p2a: Regice|slp
|-heal|p2a: Regice|364\/364 slp|[silent]
|-status|p2a: Regice|slp|[from] move: Rest
|
|-damage|p2a: Regice|319\/364 slp|[from] Leech Seed|[of] p1a: Venusaur
|turn|34
|
|move|p1a: Venusaur|Hidden Power|p2a: Regice
|-supereffective|p2a: Regice
|-damage|p2a: Regice|267\/364 slp
|cant|p2a: Regice|slp
|
|-heal|p2a: Regice|289\/364 slp|[from] item: Leftovers
|-damage|p2a: Regice|244\/364 slp|[from] Leech Seed|[of] p1a: Venusaur
|turn|35
|
|move|p1a: Venusaur|Hidden Power|p2a: Regice
|-supereffective|p2a: Regice
|-damage|p2a: Regice|198\/364 slp
|cant|p2a: Regice|slp
|
|-heal|p2a: Regice|220\/364 slp|[from] item: Leftovers
|-damage|p2a: Regice|175\/364 slp|[from] Leech Seed|[of] p1a: Venusaur
|turn|36
|
|move|p1a: Venusaur|Hidden Power|p2a: Regice
|-supereffective|p2a: Regice
|-damage|p2a: Regice|127\/364 slp
|-curestatus|p2a: Regice|slp
|move|p2a: Regice|Rest|p2a: Regice
|-status|p2a: Regice|slp
|-heal|p2a: Regice|364\/364 slp|[silent]
|-status|p2a: Regice|slp|[from] move: Rest
|
|-damage|p2a: Regice|319\/364 slp|[from] Leech Seed|[of] p1a: Venusaur
|turn|37
|
|move|p1a: Venusaur|Hidden Power|p2a: Regice
|-supereffective|p2a: Regice
|-damage|p2a: Regice|265\/364 slp
|cant|p2a: Regice|slp
|
|-heal|p2a: Regice|287\/364 slp|[from] item: Leftovers
|-damage|p2a: Regice|242\/364 slp|[from] Leech Seed|[of] p1a: Venusaur
|turn|38
|
|move|p1a: Venusaur|Hidden Power|p2a: Regice
|-crit|p2a: Regice
|-supereffective|p2a: Regice
|-damage|p2a: Regice|174\/364 slp
|cant|p2a: Regice|slp
|
|-heal|p2a: Regice|196\/364 slp|[from] item: Leftovers
|-damage|p2a: Regice|151\/364 slp|[from] Leech Seed|[of] p1a: Venusaur
|turn|39
|
|move|p1a: Venusaur|Hidden Power|p2a: Regice
|-supereffective|p2a: Regice
|-damage|p2a: Regice|97\/364 slp
|-curestatus|p2a: Regice|slp
|move|p2a: Regice|Rest|p2a: Regice
|-status|p2a: Regice|slp
|-heal|p2a: Regice|364\/364 slp|[silent]
|-status|p2a: Regice|slp|[from] move: Rest
|
|-damage|p2a: Regice|319\/364 slp|[from] Leech Seed|[of] p1a: Venusaur
|turn|40
|
|move|p1a: Venusaur|Leech Seed|p2a: Regice
|-fail|p2a: Regice
|cant|p2a: Regice|slp
|
|-heal|p2a: Regice|341\/364 slp|[from] item: Leftovers
|-damage|p2a: Regice|296\/364 slp|[from] Leech Seed|[of] p1a: Venusaur
|turn|41
|
|move|p1a: Venusaur|Leech Seed|p2a: Regice
|-fail|p2a: Regice
|cant|p2a: Regice|slp
|
|-heal|p2a: Regice|318\/364 slp|[from] item: Leftovers
|-damage|p2a: Regice|273\/364 slp|[from] Leech Seed|[of] p1a: Venusaur
|turn|42
|
|move|p1a: Venusaur|Leech Seed|p2a: Regice
|-fail|p2a: Regice
|-curestatus|p2a: Regice|slp
|move|p2a: Regice|Thunderbolt|p1a: Venusaur
|-resisted|p1a: Venusaur
|-damage|p1a: Venusaur|337\/364
|-status|p1a: Venusaur|par
|
|-heal|p2a: Regice|295\/364|[from] item: Leftovers
|-damage|p2a: Regice|250\/364|[from] Leech Seed|[of] p1a: Venusaur
|-heal|p1a: Venusaur|364\/364 par|[silent]
|turn|43
|
|move|p2a: Regice|Rest|p2a: Regice
|-status|p2a: Regice|slp
|-heal|p2a: Regice|364\/364 slp|[silent]
|-status|p2a: Regice|slp|[from] move: Rest
|move|p1a: Venusaur|Sludge Bomb|p2a: Regice
|-crit|p2a: Regice
|-damage|p2a: Regice|277\/364 slp
|
|-heal|p2a: Regice|299\/364 slp|[from] item: Leftovers
|-damage|p2a: Regice|254\/364 slp|[from] Leech Seed|[of] p1a: Venusaur
|turn|44
|
|cant|p2a: Regice|slp
|move|p1a: Venusaur|Leech Seed|p2a: Regice
|-fail|p2a: Regice
|
|-heal|p2a: Regice|276\/364 slp|[from] item: Leftovers
|-damage|p2a: Regice|231\/364 slp|[from] Leech Seed|[of] p1a: Venusaur
|turn|45
|
|cant|p2a: Regice|slp
|cant|p1a: Venusaur|par
|
|-heal|p2a: Regice|253\/364 slp|[from] item: Leftovers
|-damage|p2a: Regice|208\/364 slp|[from] Leech Seed|[of] p1a: Venusaur
|turn|46
|
|-curestatus|p2a: Regice|slp
|move|p2a: Regice|Rest|p2a: Regice
|-status|p2a: Regice|slp
|-heal|p2a: Regice|364\/364 slp|[silent]
|-status|p2a: Regice|slp|[from] move: Rest
|cant|p1a: Venusaur|par
|
|-damage|p2a: Regice|319\/364 slp|[from] Leech Seed|[of] p1a: Venusaur
|turn|47
|
|cant|p2a: Regice|slp
|move|p1a: Venusaur|Leech Seed|p2a: Regice
|-fail|p2a: Regice
|
|-heal|p2a: Regice|341\/364 slp|[from] item: Leftovers
|-damage|p2a: Regice|296\/364 slp|[from] Leech Seed|[of] p1a: Venusaur
|turn|48
|
|cant|p2a: Regice|slp
|move|p2a: Regice|Sleep Talk|p2a: Regice
|move|p2a: Regice|Rest|p2a: Regice|[from]Sleep Talk
|-fail|p2a: Regice
|move|p1a: Venusaur|Leech Seed|p2a: Regice
|-fail|p2a: Regice
|
|-heal|p2a: Regice|318\/364 slp|[from] item: Leftovers
|-damage|p2a: Regice|273\/364 slp|[from] Leech Seed|[of] p1a: Venusaur
|turn|49
|
|-curestatus|p2a: Regice|slp
|move|p2a: Regice|Thunderbolt|p1a: Venusaur
|-resisted|p1a: Venusaur
|-damage|p1a: Venusaur|337\/364 par
|cant|p1a: Venusaur|par
|
|-heal|p2a: Regice|295\/364|[from] item: Leftovers
|-damage|p2a: Regice|250\/364|[from] Leech Seed|[of] p1a: Venusaur
|-heal|p1a: Venusaur|364\/364 par|[silent]
|turn|50
|
|move|p2a: Regice|Thunderbolt|p1a: Venusaur
|-resisted|p1a: Venusaur
|-damage|p1a: Venusaur|336\/364 par
|move|p1a: Venusaur|Sludge Bomb|p2a: Regice
|-damage|p2a: Regice|198\/364
|
|-heal|p2a: Regice|220\/364|[from] item: Leftovers
|-damage|p2a: Regice|175\/364|[from] Leech Seed|[of] p1a: Venusaur
|-heal|p1a: Venusaur|364\/364 par|[silent]
|turn|51
|
|move|p2a: Regice|Rest|p2a: Regice
|-status|p2a: Regice|slp
|-heal|p2a: Regice|364\/364 slp|[silent]
|-status|p2a: Regice|slp|[from] move: Rest
|cant|p1a: Venusaur|par
|
|-damage|p2a: Regice|319\/364 slp|[from] Leech Seed|[of] p1a: Venusaur
|turn|52
|
|cant|p2a: Regice|slp
|move|p1a: Venusaur|Leech Seed|p2a: Regice
|-fail|p2a: Regice
|
|-heal|p2a: Regice|341\/364 slp|[from] item: Leftovers
|-damage|p2a: Regice|296\/364 slp|[from] Leech Seed|[of] p1a: Venusaur
|turn|53
|
|cant|p2a: Regice|slp
|move|p1a: Venusaur|Leech Seed|p2a: Regice
|-fail|p2a: Regice
|
|-heal|p2a: Regice|318\/364 slp|[from] item: Leftovers
|-damage|p2a: Regice|273\/364 slp|[from] Leech Seed|[of] p1a: Venusaur
|turn|54
|
|-curestatus|p2a: Regice|slp
|move|p2a: Regice|Rest|p2a: Regice
|-status|p2a: Regice|slp
|-heal|p2a: Regice|364\/364 slp|[silent]
|-status|p2a: Regice|slp|[from] move: Rest
|move|p1a: Venusaur|Leech Seed|p2a: Regice
|-fail|p2a: Regice
|
|-damage|p2a: Regice|319\/364 slp|[from] Leech Seed|[of] p1a: Venusaur
|turn|55
|
|cant|p2a: Regice|slp
|move|p1a: Venusaur|Sludge Bomb|p2a: Regice
|-damage|p2a: Regice|264\/364 slp
|
|-heal|p2a: Regice|286\/364 slp|[from] item: Leftovers
|-damage|p2a: Regice|241\/364 slp|[from] Leech Seed|[of] p1a: Venusaur
|turn|56
|
|cant|p2a: Regice|slp
|cant|p1a: Venusaur|par
|
|-heal|p2a: Regice|263\/364 slp|[from] item: Leftovers
|-damage|p2a: Regice|218\/364 slp|[from] Leech Seed|[of] p1a: Venusaur
|turn|57
|
|-curestatus|p2a: Regice|slp
|move|p2a: Regice|Thunderbolt|p1a: Venusaur
|-resisted|p1a: Venusaur
|-damage|p1a: Venusaur|337\/364 par
|move|p1a: Venusaur|Leech Seed|p2a: Regice
|-fail|p2a: Regice
|
|-heal|p2a: Regice|240\/364|[from] item: Leftovers
|-damage|p2a: Regice|195\/364|[from] Leech Seed|[of] p1a: Venusaur
|-heal|p1a: Venusaur|364\/364 par|[silent]
|turn|58
|
|move|p2a: Regice|Thunderbolt|p1a: Venusaur
|-resisted|p1a: Venusaur
|-damage|p1a: Venusaur|334\/364 par
|move|p1a: Venusaur|Hidden Power|p2a: Regice
|-supereffective|p2a: Regice
|-damage|p2a: Regice|145\/364
|
|-heal|p2a: Regice|167\/364|[from] item: Leftovers
|-damage|p2a: Regice|122\/364|[from] Leech Seed|[of] p1a: Venusaur
|-heal|p1a: Venusaur|364\/364 par|[silent]
|turn|59
|
|move|p2a: Regice|Rest|p2a: Regice
|-status|p2a: Regice|slp
|-heal|p2a: Regice|364\/364 slp|[silent]
|-status|p2a: Regice|slp|[from] move: Rest
|move|p1a: Venusaur|Hidden Power|p2a: Regice
|-supereffective|p2a: Regice
|-damage|p2a: Regice|320\/364 slp
|
|-heal|p2a: Regice|342\/364 slp|[from] item: Leftovers
|-damage|p2a: Regice|297\/364 slp|[from] Leech Seed|[of] p1a: Venusaur
|turn|60
|
|cant|p2a: Regice|slp
|cant|p1a: Venusaur|par
|
|-heal|p2a: Regice|319\/364 slp|[from] item: Leftovers
|-damage|p2a: Regice|274\/364 slp|[from] Leech Seed|[of] p1a: Venusaur
|turn|61
|
|cant|p2a: Regice|slp
|move|p1a: Venusaur|Hidden Power|p2a: Regice
|-supereffective|p2a: Regice
|-damage|p2a: Regice|224\/364 slp
|
|-heal|p2a: Regice|246\/364 slp|[from] item: Leftovers
|-damage|p2a: Regice|201\/364 slp|[from] Leech Seed|[of] p1a: Venusaur
|turn|62
|
|-curestatus|p2a: Regice|slp
|move|p2a: Regice|Thunderbolt|p1a: Venusaur
|-resisted|p1a: Venusaur
|-damage|p1a: Venusaur|335\/364 par
|move|p1a: Venusaur|Hidden Power|p2a: Regice
|-supereffective|p2a: Regice
|-damage|p2a: Regice|155\/364
|
|-heal|p2a: Regice|177\/364|[from] item: Leftovers
|-damage|p2a: Regice|132\/364|[from] Leech Seed|[of] p1a: Venusaur
|-heal|p1a: Venusaur|364\/364 par|[silent]
|turn|63
|
|move|p2a: Regice|Thunderbolt|p1a: Venusaur
|-resisted|p1a: Venusaur
|-damage|p1a: Venusaur|335\/364 par
|move|p1a: Venusaur|Hidden Power|p2a: Regice
|-supereffective|p2a: Regice
|-damage|p2a: Regice|86\/364
|
|-heal|p2a: Regice|108\/364|[from] item: Leftovers
|-damage|p2a: Regice|63\/364|[from] Leech Seed|[of] p1a: Venusaur
|-heal|p1a: Venusaur|364\/364 par|[silent]
|turn|64
|
|move|p2a: Regice|Rest|p2a: Regice
|-status|p2a: Regice|slp
|-heal|p2a: Regice|364\/364 slp|[silent]
|-status|p2a: Regice|slp|[from] move: Rest
|move|p1a: Venusaur|Hidden Power|p2a: Regice
|-supereffective|p2a: Regice
|-damage|p2a: Regice|318\/364 slp
|
|-heal|p2a: Regice|340\/364 slp|[from] item: Leftovers
|-damage|p2a: Regice|295\/364 slp|[from] Leech Seed|[of] p1a: Venusaur
|turn|65
|
|cant|p2a: Regice|slp
|cant|p1a: Venusaur|par
|
|-heal|p2a: Regice|317\/364 slp|[from] item: Leftovers
|-damage|p2a: Regice|272\/364 slp|[from] Leech Seed|[of] p1a: Venusaur
|turn|66
|
|cant|p2a: Regice|slp
|move|p1a: Venusaur|Hidden Power|p2a: Regice
|-supereffective|p2a: Regice
|-damage|p2a: Regice|220\/364 slp
|
|-heal|p2a: Regice|242\/364 slp|[from] item: Leftovers
|-damage|p2a: Regice|197\/364 slp|[from] Leech Seed|[of] p1a: Venusaur
|turn|67
|
|-curestatus|p2a: Regice|slp
|move|p2a: Regice|Thunderbolt|p1a: Venusaur
|-resisted|p1a: Venusaur
|-damage|p1a: Venusaur|336\/364 par
|cant|p1a: Venusaur|par
|
|-heal|p2a: Regice|219\/364|[from] item: Leftovers
|-damage|p2a: Regice|174\/364|[from] Leech Seed|[of] p1a: Venusaur
|-heal|p1a: Venusaur|364\/364 par|[silent]
|turn|68
|
|move|p2a: Regice|Thunderbolt|p1a: Venusaur
|-resisted|p1a: Venusaur
|-damage|p1a: Venusaur|336\/364 par
|move|p1a: Venusaur|Hidden Power|p2a: Regice
|-supereffective|p2a: Regice
|-damage|p2a: Regice|124\/364
|
|-heal|p2a: Regice|146\/364|[from] item: Leftovers
|-damage|p2a: Regice|101\/364|[from] Leech Seed|[of] p1a: Venusaur
|-heal|p1a: Venusaur|364\/364 par|[silent]
|turn|69
|
|move|p2a: Regice|Rest|p2a: Regice
|-status|p2a: Regice|slp
|-heal|p2a: Regice|364\/364 slp|[silent]
|-status|p2a: Regice|slp|[from] move: Rest
|move|p1a: Venusaur|Hidden Power|p2a: Regice
|-supereffective|p2a: Regice
|-damage|p2a: Regice|318\/364 slp
|
|-heal|p2a: Regice|340\/364 slp|[from] item: Leftovers
|-damage|p2a: Regice|295\/364 slp|[from] Leech Seed|[of] p1a: Venusaur
|turn|70
|c|âbewww|are there any pokemon with a higher spd stat?
|c|âbewww|spD*
|c|âicening|shuckle
|
|cant|p2a: Regice|slp
|move|p1a: Venusaur|Hidden Power|p2a: Regice
|-crit|p2a: Regice
|-supereffective|p2a: Regice
|-damage|p2a: Regice|225\/364 slp
|
|-heal|p2a: Regice|247\/364 slp|[from] item: Leftovers
|-damage|p2a: Regice|202\/364 slp|[from] Leech Seed|[of] p1a: Venusaur
|turn|71
|
|cant|p2a: Regice|slp
|move|p1a: Venusaur|Hidden Power|p2a: Regice
|-supereffective|p2a: Regice
|-damage|p2a: Regice|156\/364 slp
|
|-heal|p2a: Regice|178\/364 slp|[from] item: Leftovers
|-damage|p2a: Regice|133\/364 slp|[from] Leech Seed|[of] p1a: Venusaur
|turn|72
|leave|gyarad0site
|join|gyarad0site
|
|-curestatus|p2a: Regice|slp
|move|p2a: Regice|Thunderbolt|p1a: Venusaur
|-resisted|p1a: Venusaur
|-damage|p1a: Venusaur|335\/364 par
|cant|p1a: Venusaur|par
|
|-heal|p2a: Regice|155\/364|[from] item: Leftovers
|-damage|p2a: Regice|110\/364|[from] Leech Seed|[of] p1a: Venusaur
|-heal|p1a: Venusaur|364\/364 par|[silent]
|turn|73
|
|move|p2a: Regice|Thunderbolt|p1a: Venusaur
|-resisted|p1a: Venusaur
|-damage|p1a: Venusaur|338\/364 par
|move|p1a: Venusaur|Synthesis|p1a: Venusaur
|-heal|p1a: Venusaur|364\/364 par
|
|-heal|p2a: Regice|132\/364|[from] item: Leftovers
|-damage|p2a: Regice|87\/364|[from] Leech Seed|[of] p1a: Venusaur
|turn|74
|
|move|p2a: Regice|Rest|p2a: Regice
|-status|p2a: Regice|slp
|-heal|p2a: Regice|364\/364 slp|[silent]
|-status|p2a: Regice|slp|[from] move: Rest
|move|p1a: Venusaur|Synthesis|p1a: Venusaur
|
|-damage|p2a: Regice|319\/364 slp|[from] Leech Seed|[of] p1a: Venusaur
|turn|75
|
|cant|p2a: Regice|slp
|cant|p1a: Venusaur|par
|
|-heal|p2a: Regice|341\/364 slp|[from] item: Leftovers
|-damage|p2a: Regice|296\/364 slp|[from] Leech Seed|[of] p1a: Venusaur
|turn|76
|
|cant|p2a: Regice|slp
|cant|p1a: Venusaur|par
|
|-heal|p2a: Regice|318\/364 slp|[from] item: Leftovers
|-damage|p2a: Regice|273\/364 slp|[from] Leech Seed|[of] p1a: Venusaur
|turn|77
|
|-curestatus|p2a: Regice|slp
|move|p2a: Regice|Thunderbolt|p1a: Venusaur
|-resisted|p1a: Venusaur
|-damage|p1a: Venusaur|338\/364 par
|move|p1a: Venusaur|Hidden Power|p2a: Regice
|-supereffective|p2a: Regice
|-damage|p2a: Regice|227\/364
|
|-heal|p2a: Regice|249\/364|[from] item: Leftovers
|-damage|p2a: Regice|204\/364|[from] Leech Seed|[of] p1a: Venusaur
|-heal|p1a: Venusaur|364\/364 par|[silent]
|turn|78
|
|move|p2a: Regice|Thunderbolt|p1a: Venusaur
|-resisted|p1a: Venusaur
|-damage|p1a: Venusaur|336\/364 par
|cant|p1a: Venusaur|par
|
|-heal|p2a: Regice|226\/364|[from] item: Leftovers
|-damage|p2a: Regice|181\/364|[from] Leech Seed|[of] p1a: Venusaur
|-heal|p1a: Venusaur|364\/364 par|[silent]
|turn|79
|
|move|p2a: Regice|Thunderbolt|p1a: Venusaur
|-resisted|p1a: Venusaur
|-damage|p1a: Venusaur|336\/364 par
|move|p1a: Venusaur|Sludge Bomb|p2a: Regice
|-damage|p2a: Regice|130\/364
|-status|p2a: Regice|psn
|
|-heal|p2a: Regice|152\/364 psn|[from] item: Leftovers
|-damage|p2a: Regice|107\/364 psn|[from] Leech Seed|[of] p1a: Venusaur
|-heal|p1a: Venusaur|364\/364 par|[silent]
|-damage|p2a: Regice|62\/364 psn|[from] psn
|turn|80
|
|move|p2a: Regice|Rest|p2a: Regice
|-status|p2a: Regice|slp
|-heal|p2a: Regice|364\/364 slp|[silent]
|-status|p2a: Regice|slp|[from] move: Rest
|move|p1a: Venusaur|Synthesis|p1a: Venusaur
|
|-damage|p2a: Regice|319\/364 slp|[from] Leech Seed|[of] p1a: Venusaur
|turn|81
|
|cant|p2a: Regice|slp
|move|p1a: Venusaur|Hidden Power|p2a: Regice
|-supereffective|p2a: Regice
|-damage|p2a: Regice|273\/364 slp
|
|-heal|p2a: Regice|295\/364 slp|[from] item: Leftovers
|-damage|p2a: Regice|250\/364 slp|[from] Leech Seed|[of] p1a: Venusaur
|turn|82
|
|cant|p2a: Regice|slp
|move|p1a: Venusaur|Synthesis|p1a: Venusaur
|
|-heal|p2a: Regice|272\/364 slp|[from] item: Leftovers
|-damage|p2a: Regice|227\/364 slp|[from] Leech Seed|[of] p1a: Venusaur
|turn|83
|
|-curestatus|p2a: Regice|slp
|move|p2a: Regice|Thunderbolt|p1a: Venusaur
|-resisted|p1a: Venusaur
|-damage|p1a: Venusaur|335\/364 par
|move|p1a: Venusaur|Leech Seed|p2a: Regice
|-fail|p2a: Regice
|
|-heal|p2a: Regice|249\/364|[from] item: Leftovers
|-damage|p2a: Regice|204\/364|[from] Leech Seed|[of] p1a: Venusaur
|-heal|p1a: Venusaur|364\/364 par|[silent]
|turn|84
|
|move|p2a: Regice|Thunderbolt|p1a: Venusaur
|-resisted|p1a: Venusaur
|-damage|p1a: Venusaur|335\/364 par
|cant|p1a: Venusaur|par
|
|-heal|p2a: Regice|226\/364|[from] item: Leftovers
|-damage|p2a: Regice|181\/364|[from] Leech Seed|[of] p1a: Venusaur
|-heal|p1a: Venusaur|364\/364 par|[silent]
|turn|85
|
|move|p2a: Regice|Thunderbolt|p1a: Venusaur
|-resisted|p1a: Venusaur
|-damage|p1a: Venusaur|337\/364 par
|move|p1a: Venusaur|Leech Seed|p2a: Regice
|-fail|p2a: Regice
|
|-heal|p2a: Regice|203\/364|[from] item: Leftovers
|-damage|p2a: Regice|158\/364|[from] Leech Seed|[of] p1a: Venusaur
|-heal|p1a: Venusaur|364\/364 par|[silent]
|turn|86
|
|move|p2a: Regice|Thunderbolt|p1a: Venusaur
|-resisted|p1a: Venusaur
|-damage|p1a: Venusaur|337\/364 par
|move|p1a: Venusaur|Sludge Bomb|p2a: Regice
|-damage|p2a: Regice|98\/364
|-status|p2a: Regice|psn
|
|-heal|p2a: Regice|120\/364 psn|[from] item: Leftovers
|-damage|p2a: Regice|75\/364 psn|[from] Leech Seed|[of] p1a: Venusaur
|-heal|p1a: Venusaur|364\/364 par|[silent]
|-damage|p2a: Regice|30\/364 psn|[from] psn
|turn|87
|
|move|p2a: Regice|Rest|p2a: Regice
|-status|p2a: Regice|slp
|-heal|p2a: Regice|364\/364 slp|[silent]
|-status|p2a: Regice|slp|[from] move: Rest
|move|p1a: Venusaur|Sludge Bomb|p2a: Regice
|-damage|p2a: Regice|307\/364 slp
|
|-heal|p2a: Regice|329\/364 slp|[from] item: Leftovers
|-damage|p2a: Regice|284\/364 slp|[from] Leech Seed|[of] p1a: Venusaur
|turn|88
|
|cant|p2a: Regice|slp
|move|p1a: Venusaur|Sludge Bomb|p2a: Regice
|-damage|p2a: Regice|226\/364 slp
|
|-heal|p2a: Regice|248\/364 slp|[from] item: Leftovers
|-damage|p2a: Regice|203\/364 slp|[from] Leech Seed|[of] p1a: Venusaur
|turn|89
|
|cant|p2a: Regice|slp
|cant|p1a: Venusaur|par
|
|-heal|p2a: Regice|225\/364 slp|[from] item: Leftovers
|-damage|p2a: Regice|180\/364 slp|[from] Leech Seed|[of] p1a: Venusaur
|turn|90
|
|-curestatus|p2a: Regice|slp
|move|p2a: Regice|Thunderbolt|p1a: Venusaur
|-resisted|p1a: Venusaur
|-damage|p1a: Venusaur|336\/364 par
|cant|p1a: Venusaur|par
|
|-heal|p2a: Regice|202\/364|[from] item: Leftovers
|-damage|p2a: Regice|157\/364|[from] Leech Seed|[of] p1a: Venusaur
|-heal|p1a: Venusaur|364\/364 par|[silent]
|turn|91
|
|switch|p2a: Shadynasty|Jynx, F|1\/272
|-damage|p2a: Shadynasty|0 fnt|[from] Stealth Rock
|faint|p2a: Shadynasty
|move|p1a: Venusaur|Sludge Bomb|p2: Shadynasty|[notarget]
|-notarget
|
|
|switch|p2a: Regice|Regice, shiny|157\/364
|-damage|p2a: Regice|66\/364|[from] Stealth Rock
|turn|92
|
|move|p2a: Regice|Rest|p2a: Regice
|-status|p2a: Regice|slp
|-heal|p2a: Regice|364\/364 slp|[silent]
|-status|p2a: Regice|slp|[from] move: Rest
|move|p1a: Venusaur|Leech Seed|p2a: Regice
|-start|p2a: Regice|move: Leech Seed
|
|-damage|p2a: Regice|319\/364 slp|[from] Leech Seed|[of] p1a: Venusaur
|turn|93
|
|cant|p2a: Regice|slp
|move|p2a: Regice|Sleep Talk|p2a: Regice
|move|p2a: Regice|Thunderbolt|p1a: Venusaur|[from]Sleep Talk
|-resisted|p1a: Venusaur
|-damage|p1a: Venusaur|338\/364 par
|move|p1a: Venusaur|Sludge Bomb|p2a: Regice
|-damage|p2a: Regice|265\/364 slp
|
|-heal|p2a: Regice|287\/364 slp|[from] item: Leftovers
|-damage|p2a: Regice|242\/364 slp|[from] Leech Seed|[of] p1a: Venusaur
|-heal|p1a: Venusaur|364\/364 par|[silent]
|turn|94
|
|cant|p2a: Regice|slp
|move|p2a: Regice|Sleep Talk|p2a: Regice
|move|p2a: Regice|Ice Beam|p1a: Venusaur|[from]Sleep Talk
|-supereffective|p1a: Venusaur
|-damage|p1a: Venusaur|284\/364 par
|move|p1a: Venusaur|Sludge Bomb|p2a: Regice
|-damage|p2a: Regice|188\/364 slp
|
|-heal|p2a: Regice|210\/364 slp|[from] item: Leftovers
|-damage|p2a: Regice|165\/364 slp|[from] Leech Seed|[of] p1a: Venusaur
|-heal|p1a: Venusaur|329\/364 par|[silent]
|turn|95
|
|-curestatus|p2a: Regice|slp
|move|p2a: Regice|Ice Beam|p1a: Venusaur
|-supereffective|p1a: Venusaur
|-damage|p1a: Venusaur|251\/364 par
|cant|p1a: Venusaur|par
|
|-heal|p2a: Regice|187\/364|[from] item: Leftovers
|-damage|p2a: Regice|142\/364|[from] Leech Seed|[of] p1a: Venusaur
|-heal|p1a: Venusaur|296\/364 par|[silent]
|turn|96
|
|move|p2a: Regice|Ice Beam|p1a: Venusaur
|-supereffective|p1a: Venusaur
|-damage|p1a: Venusaur|210\/364 par
|move|p1a: Venusaur|Struggle|p2a: Regice
|-damage|p2a: Regice|105\/364
|-damage|p1a: Venusaur|119\/364 par
|
|-heal|p2a: Regice|127\/364|[from] item: Leftovers
|-damage|p2a: Regice|82\/364|[from] Leech Seed|[of] p1a: Venusaur
|-heal|p1a: Venusaur|164\/364 par|[silent]
|turn|97
|
|move|p2a: Regice|Ice Beam|p1a: Venusaur
|-supereffective|p1a: Venusaur
|-damage|p1a: Venusaur|78\/364 par
|cant|p1a: Venusaur|par
|
|-heal|p2a: Regice|104\/364|[from] item: Leftovers
|-damage|p2a: Regice|59\/364|[from] Leech Seed|[of] p1a: Venusaur
|-heal|p1a: Venusaur|123\/364 par|[silent]
|turn|98
|
|move|p2a: Regice|Ice Beam|p1a: Venusaur
|-supereffective|p1a: Venusaur
|-damage|p1a: Venusaur|37\/364 par
|move|p1a: Venusaur|Struggle|p2a: Regice
|-damage|p2a: Regice|26\/364
|-damage|p1a: Venusaur|0 fnt
|faint|p1a: Venusaur
|
|-heal|p2a: Regice|48\/364|[from] item: Leftovers
|c| gyarad0site|o:
|c|âbewww|oue
|c|âbewww|did you run out of rest :)
|
|switch|p1a: Weavile|Weavile, M|76\/282
|-damage|p1a: Weavile|29\/282|[from] Spikes
|-damage|p1a: Weavile|0 fnt|[from] Stealth Rock
|faint|p1a: Weavile
|
|win|icening
|raw|Ladder updating...
|c|âicening|yes
|c|âbewww|gg lol
|c|âicening|gg
|leave|icening
|player|p2
|raw|bewww's rating: 1484 &rarr; <strong>1467<\/strong><br \/>(-17 for losing)
|raw|icening's rating: 1546 &rarr; <strong>1562<\/strong><br \/>(+16 for winning)