|join|Guess19902
|join|bewww
|player|p1|Guess19902|168
|player|p2|bewww|216
|gametype|singles
|gen|6
|tier|OU
|rated
|clearpoke
|poke|p1|Gliscor, M
|poke|p1|Scizor, M
|poke|p1|Rotom-Wash
|poke|p1|Gothitelle, M
|poke|p1|Ditto
|poke|p1|Chansey, F
|poke|p2|Politoed, M
|poke|p2|Kingdra, M
|poke|p2|Kabutops, F
|poke|p2|Latias, F
|poke|p2|Scizor, M
|poke|p2|Landorus, M
|rule|Sleep Clause Mod: Limit one foe put to sleep
|rule|Species Clause: Limit one of each Pokemon
|rule|OHKO Clause: OHKO moves are banned
|rule|Moody Clause: Moody is banned
|rule|Evasion Moves Clause: Evasion moves are banned
|rule|Endless Battle Clause: Forcing endless battles is banned.
|rule|HP Percentage Mod: HP is reported as percentages
|teampreview
|
|start
|switch|p1a: Rotom-Wash|Rotom-Wash|304\/304
|switch|p2a: Landorus|Landorus, M|319\/319
|turn|1
|
|switch|p2a: Latias|Latias, F|302\/302
|move|p1a: Rotom-Wash|Hydro Pump|p2a: Latias
|-resisted|p2a: Latias
|-damage|p2a: Latias|248\/302
|
|turn|2
|
|switch|p1a: Scizor|Scizor, M|344\/344
|move|p2a: Latias|Psyshock|p1a: Scizor
|-resisted|p1a: Scizor
|-damage|p1a: Scizor|274\/344
|-damage|p2a: Latias|218\/302|[from] item: Life Orb
|
|turn|3
|
|switch|p2a: Politoed|Politoed, M|384\/384
|-weather|RainDance
|detailschange|p1a: Scizor|Scizor-Mega, M
|message|Scizor has Mega Evolved into Mega Scizor!
|move|p1a: Scizor|Knock Off|p2a: Politoed
|-damage|p2a: Politoed|231\/384
|-enditem|p2a: Politoed|Choice Specs|[from] move: Knock Off|[of] p1a: Scizor
|
|-weather|RainDance|[upkeep]
|turn|4
|
|switch|p1a: Chansey|Chansey, F|641\/641
|move|p2a: Politoed|Hydro Pump|p1a: Chansey
|-damage|p1a: Chansey|505\/641
|
|-weather|RainDance|[upkeep]
|turn|5
|
|switch|p2a: Kabutops|Kabutops, F|262\/262
|move|p1a: Chansey|Stealth Rock|p2a: Kabutops
|-sidestart|p2: bewww|move: Stealth Rock
|
|-weather|RainDance|[upkeep]
|turn|6
|
|move|p2a: Kabutops|Waterfall|p1a: Chansey
|-damage|p1a: Chansey|93\/641
|move|p1a: Chansey|Thunder Wave|p2a: Kabutops
|-status|p2a: Kabutops|par
|
|-weather|RainDance|[upkeep]
|turn|7
|
|switch|p1a: Rotom-Wash|Rotom-Wash|304\/304
|move|p2a: Kabutops|Waterfall|p1a: Rotom-Wash
|-resisted|p1a: Rotom-Wash
|-damage|p1a: Rotom-Wash|190\/304
|
|-weather|none
|-heal|p1a: Rotom-Wash|209\/304|[from] item: Leftovers
|turn|8
|
|switch|p2a: Latias|Latias, F|218\/302
|-damage|p2a: Latias|181\/302|[from] Stealth Rock
|move|p1a: Rotom-Wash|Volt Switch|p2a: Latias
|-resisted|p2a: Latias
|-damage|p2a: Latias|143\/302
|
|switch|p1a: Scizor|Scizor-Mega, M|274\/344
|
|turn|9
|
|switch|p2a: Politoed|Politoed, M|231\/384
|-damage|p2a: Politoed|183\/384|[from] Stealth Rock
|-weather|RainDance
|move|p1a: Scizor|Knock Off|p2a: Politoed
|-damage|p2a: Politoed|72\/384
|
|-weather|RainDance|[upkeep]
|turn|10
|
|move|p1a: Scizor|Knock Off|p2a: Politoed
|-crit|p2a: Politoed
|-damage|p2a: Politoed|0 fnt
|faint|p2a: Politoed
|
|-weather|RainDance|[upkeep]
|
|switch|p2a: Kingdra|Kingdra, M|291\/291
|-damage|p2a: Kingdra|255\/291|[from] Stealth Rock
|turn|11
|
|switch|p1a: Chansey|Chansey, F|93\/641
|move|p2a: Kingdra|Hydro Pump|p1a: Chansey
|-damage|p1a: Chansey|0 fnt
|faint|p1a: Chansey
|
|-weather|RainDance|[upkeep]
|
|switch|p1a: Ditto|Ditto|300\/300
|-transform|p1a: Ditto|p2a: Kingdra
|turn|12
|
|switch|p2a: Scizor|Scizor, M|344\/344
|-damage|p2a: Scizor|301\/344|[from] Stealth Rock
|move|p1a: Ditto|Dragon Pulse|p2a: Scizor
|-crit|p2a: Scizor
|-resisted|p2a: Scizor
|-damage|p2a: Scizor|176\/344
|
|-weather|RainDance|[upkeep]
|turn|13
|
|switch|p1a: Rotom-Wash|Rotom-Wash|209\/304
|detailschange|p2a: Scizor|Scizor-Mega, M
|message|Scizor has Mega Evolved into Mega Scizor!
|move|p2a: Scizor|Roost|p2a: Scizor
|-heal|p2a: Scizor|344\/344
|
|-weather|none
|-heal|p1a: Rotom-Wash|228\/304|[from] item: Leftovers
|turn|14
|
|switch|p2a: Kabutops|Kabutops, F|262\/262 par
|-damage|p2a: Kabutops|230\/262 par|[from] Stealth Rock
|move|p1a: Rotom-Wash|Will-O-Wisp|p2a: Kabutops|[miss]
|-miss|p1a: Rotom-Wash|p2a: Kabutops
|
|-heal|p1a: Rotom-Wash|247\/304|[from] item: Leftovers
|turn|15
|
|move|p1a: Rotom-Wash|Volt Switch|p2a: Kabutops
|-supereffective|p2a: Kabutops
|-damage|p2a: Kabutops|12\/262 par
|
|switch|p1a: Scizor|Scizor-Mega, M|274\/344
|move|p2a: Kabutops|Stone Edge|p1a: Scizor
|-damage|p1a: Scizor|118\/344
|
|turn|16
|
|move|p1a: Scizor|Roost|p1a: Scizor
|-heal|p1a: Scizor|290\/344
|move|p2a: Kabutops|Stone Edge|p1a: Scizor
|-damage|p1a: Scizor|124\/344
|
|turn|17
|
|move|p1a: Scizor|Roost|p1a: Scizor
|-heal|p1a: Scizor|296\/344
|cant|p2a: Kabutops|par
|
|turn|18
|
|move|p1a: Scizor|Bullet Punch|p2a: Kabutops
|-damage|p2a: Kabutops|0 fnt
|faint|p2a: Kabutops
|
|
|switch|p2a: Kingdra|Kingdra, M|255\/291
|-damage|p2a: Kingdra|219\/291|[from] Stealth Rock
|turn|19
|
|move|p2a: Kingdra|Hydro Pump|p1a: Scizor
|-damage|p1a: Scizor|31\/344
|move|p1a: Scizor|Knock Off|p2a: Kingdra
|-damage|p2a: Kingdra|86\/291
|-enditem|p2a: Kingdra|Choice Specs|[from] move: Knock Off|[of] p1a: Scizor
|
|turn|20
|
|switch|p1a: Ditto|Ditto|300\/300
|-transform|p1a: Ditto|p2a: Kingdra
|move|p2a: Kingdra|Scald|p1a: Ditto
|-resisted|p1a: Ditto
|-damage|p1a: Ditto|270\/300
|
|turn|21
|
|move|p1a: Ditto|Hydro Pump|p2a: Kingdra
|-resisted|p2a: Kingdra
|-damage|p2a: Kingdra|42\/291
|move|p2a: Kingdra|Dragon Pulse|p1a: Ditto
|-supereffective|p1a: Ditto
|-damage|p1a: Ditto|0 fnt
|faint|p1a: Ditto
|
|
|switch|p1a: Gothitelle|Gothitelle, M|301\/301
|turn|22
|
|move|p1a: Gothitelle|Psychic|p2a: Kingdra
|-damage|p2a: Kingdra|0 fnt
|faint|p2a: Kingdra
|
|chat|Guess19902|why do ialways get the idiots lol
|
|switch|p2a: Scizor|Scizor-Mega, M|344\/344
|-damage|p2a: Scizor|301\/344|[from] Stealth Rock
|turn|23
|
|switch|p1a: Scizor|Scizor-Mega, M|31\/344
|move|p2a: Scizor|Bullet Punch|p1a: Scizor
|-resisted|p1a: Scizor
|-damage|p1a: Scizor|0 fnt
|faint|p1a: Scizor
|
|chat|bewww|because you're a great individual
|
|switch|p1a: Gothitelle|Gothitelle, M|301\/301
|turn|24
|chat|Guess19902|cool
|
|move|p2a: Scizor|Bullet Punch|p1a: Gothitelle
|-damage|p1a: Gothitelle|154\/301
|move|p1a: Gothitelle|Hidden Power|p2a: Scizor
|-supereffective|p2a: Scizor
|-damage|p2a: Scizor|89\/344
|
|turn|25
|
|move|p2a: Scizor|Bullet Punch|p1a: Gothitelle
|-damage|p1a: Gothitelle|10\/301
|move|p1a: Gothitelle|Hidden Power|p2a: Scizor
|-supereffective|p2a: Scizor
|-damage|p2a: Scizor|0 fnt
|faint|p2a: Scizor
|
|
|switch|p2a: Landorus|Landorus, M|319\/319
|-damage|p2a: Landorus|280\/319|[from] Stealth Rock
|turn|26
|
|move|p1a: Gothitelle|Hidden Power|p2a: Landorus
|-damage|p2a: Landorus|205\/319
|move|p2a: Landorus|Psychic|p1a: Gothitelle
|-resisted|p1a: Gothitelle
|-damage|p1a: Gothitelle|0 fnt
|faint|p1a: Gothitelle
|
|
|switch|p1a: Rotom-Wash|Rotom-Wash|247\/304
|turn|27
|
|move|p2a: Landorus|Sludge Wave|p1a: Rotom-Wash
|-damage|p1a: Rotom-Wash|78\/304
|move|p1a: Rotom-Wash|Hydro Pump|p2a: Landorus
|-supereffective|p2a: Landorus
|-damage|p2a: Landorus|0 fnt
|faint|p2a: Landorus
|
|-heal|p1a: Rotom-Wash|97\/304|[from] item: Leftovers
|
|switch|p2a: Latias|Latias, F|143\/302
|-damage|p2a: Latias|106\/302|[from] Stealth Rock
|turn|28
|
|move|p2a: Latias|Psyshock|p1a: Rotom-Wash
|-crit|p1a: Rotom-Wash
|-damage|p1a: Rotom-Wash|0 fnt
|-damage|p2a: Latias|76\/302|[from] item: Life Orb
|faint|p1a: Rotom-Wash
|
|
|switch|p1a: Gliscor|Gliscor, M|352\/352
|turn|29
|
|move|p1a: Gliscor|Protect|p1a: Gliscor
|-singleturn|p1a: Gliscor|Protect
|move|p2a: Latias|Surf|p1a: Gliscor
|-activate|p1a: Gliscor|Protect
|
|-status|p1a: Gliscor|tox|[from] item: Toxic Orb
|turn|30
|
|move|p2a: Latias|Surf|p1a: Gliscor
|-supereffective|p1a: Gliscor
|-damage|p1a: Gliscor|30\/352 tox
|-damage|p2a: Latias|46\/302|[from] item: Life Orb
|move|p1a: Gliscor|Toxic|p2a: Latias
|-status|p2a: Latias|tox
|
|-damage|p2a: Latias|28\/302 tox|[from] psn
|-heal|p1a: Gliscor|74\/352 tox|[from] ability: Poison Heal
|turn|31
|
|move|p1a: Gliscor|Protect|p1a: Gliscor
|-singleturn|p1a: Gliscor|Protect
|move|p2a: Latias|Surf|p1a: Gliscor
|-activate|p1a: Gliscor|Protect
|
|-damage|p2a: Latias|0 fnt|[from] psn
|-heal|p1a: Gliscor|118\/352 tox|[from] ability: Poison Heal
|faint|p2a: Latias
|
|win|Guess19902
|raw|Ladder updating...
|raw|Guess19902's rating: 1645 &rarr; <strong>1660<\/strong><br \/>(+15 for winning)
|raw|bewww's rating: 1555 &rarr; <strong>1540<\/strong><br \/>(-15 for losing)
|chat|Guess19902|shame