|join|Darkglade
|join|bewww
|player|p1|Darkglade|70
|player|p2|bewww|2
|gametype|singles
|gen|6
|tier|OU
|rated
|clearpoke
|poke|p1|Garchomp, M
|poke|p1|Bisharp, M
|poke|p1|Breloom, F
|poke|p1|Charizard, F
|poke|p1|Azumarill, F
|poke|p1|Latias, F
|poke|p2|Alakazam, M
|poke|p2|Ferrothorn, M
|poke|p2|Heatran, F, shiny
|poke|p2|Granbull, M
|poke|p2|Darmanitan, M
|poke|p2|Ampharos, M
|rule|Swagger Clause: Swagger is banned
|rule|Baton Pass Clause: Limit one PokÃ©mon knowing Baton Pass
|rule|Sleep Clause Mod: Limit one foe put to sleep
|rule|Species Clause: Limit one of each PokÃ©mon
|rule|OHKO Clause: OHKO moves are banned
|rule|Moody Clause: Moody is banned
|rule|Evasion Moves Clause: Evasion moves are banned
|rule|Endless Battle Clause: Forcing endless battles is banned
|rule|HP Percentage Mod: HP is shown in percentages
|teampreview
|
|start
|switch|p1a: Garchomp|Garchomp, M|357\/357
|switch|p2a: Ampharos|Ampharos, M|322\/322
|turn|1
|
|switch|p2a: Granbull|Granbull, M|384\/384
|-ability|p2a: Granbull|Intimidate|[of] p1a: Garchomp
|-unboost|p1a: Garchomp|atk|1
|move|p1a: Garchomp|Earthquake|p2a: Granbull
|-damage|p2a: Granbull|279\/384
|
|-heal|p2a: Granbull|303\/384|[from] item: Leftovers
|turn|2
|
|move|p1a: Garchomp|Stealth Rock|p2a: Granbull
|-sidestart|p2: bewww|move: Stealth Rock
|move|p2a: Granbull|Play Rough|p1a: Garchomp
|-supereffective|p1a: Garchomp
|-damage|p1a: Garchomp|115\/357
|-damage|p2a: Granbull|255\/384|[from] ability: Rough Skin|[of] p1a: Garchomp
|
|-heal|p2a: Granbull|279\/384|[from] item: Leftovers
|turn|3
|
|move|p1a: Garchomp|Earthquake|p2a: Granbull
|-damage|p2a: Granbull|183\/384
|move|p2a: Granbull|Play Rough|p1a: Garchomp
|-supereffective|p1a: Garchomp
|-damage|p1a: Garchomp|0 fnt
|-damage|p2a: Granbull|135\/384|[from] ability: Rough Skin|[of] p1a: Garchomp
|faint|p1a: Garchomp
|
|-heal|p2a: Granbull|159\/384|[from] item: Leftovers
|
|switch|p1a: Bisharp|Bisharp, M|271\/271
|turn|4
|
|move|p1a: Bisharp|Swords Dance|p1a: Bisharp
|-boost|p1a: Bisharp|atk|2
|move|p2a: Granbull|Earthquake|p1a: Bisharp
|-supereffective|p1a: Bisharp
|-damage|p1a: Bisharp|87\/271
|
|-heal|p2a: Granbull|183\/384|[from] item: Leftovers
|turn|5
|
|move|p1a: Bisharp|Knock Off|p2a: Granbull
|-resisted|p2a: Granbull
|-damage|p2a: Granbull|24\/384
|-enditem|p2a: Granbull|Leftovers|[from] move: Knock Off|[of] p1a: Bisharp
|move|p2a: Granbull|Earthquake|p1a: Bisharp
|-supereffective|p1a: Bisharp
|-damage|p1a: Bisharp|0 fnt
|faint|p1a: Bisharp
|
|
|switch|p1a: Breloom|Breloom, F|261\/261
|turn|6
|
|move|p1a: Breloom|Mach Punch|p2a: Granbull
|-resisted|p2a: Granbull
|-damage|p2a: Granbull|0 fnt
|faint|p2a: Granbull
|
|
|switch|p2a: Ferrothorn|Ferrothorn, M|352\/352
|-damage|p2a: Ferrothorn|330\/352|[from] Stealth Rock
|turn|7
|
|move|p1a: Breloom|Mach Punch|p2a: Ferrothorn
|-supereffective|p2a: Ferrothorn
|-damage|p2a: Ferrothorn|166\/352
|-damage|p1a: Breloom|229\/261|[from] ability: Iron Barbs|[of] p2a: Ferrothorn
|move|p2a: Ferrothorn|Gyro Ball|p1a: Breloom
|-damage|p1a: Breloom|48\/261
|
|-heal|p2a: Ferrothorn|188\/352|[from] item: Leftovers
|turn|8
|
|move|p1a: Breloom|Mach Punch|p2a: Ferrothorn
|-supereffective|p2a: Ferrothorn
|-damage|p2a: Ferrothorn|20\/352
|-damage|p1a: Breloom|16\/261|[from] ability: Iron Barbs|[of] p2a: Ferrothorn
|move|p2a: Ferrothorn|Spikes|p1a: Breloom
|-sidestart|p1: Darkglade|Spikes
|
|-heal|p2a: Ferrothorn|42\/352|[from] item: Leftovers
|turn|9
|
|move|p1a: Breloom|Rock Tomb|p2a: Ferrothorn
|-resisted|p2a: Ferrothorn
|-damage|p2a: Ferrothorn|1\/352
|-unboost|p2a: Ferrothorn|spe|1
|move|p2a: Ferrothorn|Leech Seed|p1a: Breloom
|-immune|p1a: Breloom|[msg]
|
|-heal|p2a: Ferrothorn|23\/352|[from] item: Leftovers
|turn|10
|
|move|p2a: Ferrothorn|Protect|p2a: Ferrothorn
|-singleturn|p2a: Ferrothorn|Protect
|move|p1a: Breloom|Rock Tomb|p2a: Ferrothorn
|-activate|p2a: Ferrothorn|Protect
|
|-heal|p2a: Ferrothorn|45\/352|[from] item: Leftovers
|turn|11
|
|move|p1a: Breloom|Mach Punch|p2a: Ferrothorn
|-supereffective|p2a: Ferrothorn
|-damage|p2a: Ferrothorn|0 fnt
|-damage|p1a: Breloom|0 fnt|[from] ability: Iron Barbs|[of] p2a: Ferrothorn
|faint|p1a: Breloom
|faint|p2a: Ferrothorn
|
|
|switch|p2a: Alakazam|Alakazam, M|252\/252
|switch|p1a: Latias|Latias, F|299\/299
|turn|12
|
|move|p2a: Alakazam|Hidden Power|p1a: Latias
|-supereffective|p1a: Latias
|-damage|p1a: Latias|181\/299
|move|p1a: Latias|Draco Meteor|p2a: Alakazam
|-enditem|p2a: Alakazam|Focus Sash
|-damage|p2a: Alakazam|1\/252
|-unboost|p1a: Latias|spa|2
|-damage|p1a: Latias|152\/299|[from] item: Life Orb
|
|turn|13
|
|move|p2a: Alakazam|Hidden Power|p1a: Latias
|-supereffective|p1a: Latias
|-damage|p1a: Latias|24\/299
|move|p1a: Latias|Psyshock|p2a: Alakazam
|-resisted|p2a: Alakazam
|-damage|p2a: Alakazam|0 fnt
|-damage|p1a: Latias|0 fnt|[from] item: Life Orb
|faint|p2a: Alakazam
|faint|p1a: Latias
|
|
|switch|p2a: Heatran|Heatran, F, shiny|386\/386
|-damage|p2a: Heatran|338\/386|[from] Stealth Rock
|switch|p1a: Azumarill|Azumarill, F|404\/404
|-damage|p1a: Azumarill|354\/404|[from] Spikes
|turn|14
|
|move|p2a: Heatran|Toxic|p1a: Azumarill
|-status|p1a: Azumarill|tox
|move|p1a: Azumarill|Waterfall|p2a: Heatran
|-supereffective|p2a: Heatran
|-damage|p2a: Heatran|32\/386
|
|-heal|p2a: Heatran|56\/386|[from] item: Leftovers
|-damage|p1a: Azumarill|329\/404 tox|[from] psn
|turn|15
|
|move|p1a: Azumarill|Aqua Jet|p2a: Heatran
|-supereffective|p2a: Heatran
|-damage|p2a: Heatran|0 fnt
|faint|p2a: Heatran
|
|-damage|p1a: Azumarill|279\/404 tox|[from] psn
|
|switch|p2a: Ampharos|Ampharos, M|322\/322
|-damage|p2a: Ampharos|282\/322|[from] Stealth Rock
|turn|16
|
|detailschange|p2a: Ampharos|Ampharos-Mega, M
|message|Ampharos has Mega Evolved into Mega Ampharos!
|-ability|p2a: Ampharos|Mold Breaker
|move|p2a: Ampharos|Thunderbolt|p1a: Azumarill
|-supereffective|p1a: Azumarill
|-damage|p1a: Azumarill|0 fnt
|faint|p1a: Azumarill
|
|
|switch|p1a: Charizard|Charizard, F|333\/333
|turn|17
|
|detailschange|p1a: Charizard|Charizard-Mega-X, F
|message|Charizard has Mega Evolved into Mega Charizard!
|move|p1a: Charizard|Dragon Claw|p2a: Ampharos
|-supereffective|p2a: Ampharos
|-damage|p2a: Ampharos|0 fnt
|faint|p2a: Ampharos
|
|
|switch|p2a: Darmanitan|Darmanitan, M|351\/351
|-damage|p2a: Darmanitan|264\/351|[from] Stealth Rock
|turn|18
|
|move|p2a: Darmanitan|Earthquake|p1a: Charizard
|-supereffective|p1a: Charizard
|-damage|p1a: Charizard|89\/333
|move|p1a: Charizard|Dragon Claw|p2a: Darmanitan
|-damage|p2a: Darmanitan|0 fnt
|faint|p2a: Darmanitan
|
|win|Darkglade
|raw|Ladder updating...
|raw|Darkglade's rating: 1729 &rarr; <strong>1745<\/strong><br \/>(+16 for winning)
|raw|bewww's rating: 1653 &rarr; <strong>1638<\/strong><br \/>(-15 for losing)
|c|âDarkglade|gg
|c|âbewww|gg