|join|Bl153
|join|bewww
|player|p1|Bl153|101
|player|p2|bewww|266
|gametype|singles
|gen|6
|tier|OU
|rated
|clearpoke
|poke|p1|Venusaur, F
|poke|p1|Azumarill, F
|poke|p1|Tyranitar, M
|poke|p1|Landorus-Therian, M
|poke|p1|Clefable, F, shiny
|poke|p1|Ferrothorn, M
|poke|p2|Metagross
|poke|p2|Latios, M
|poke|p2|Azumarill, F
|poke|p2|Mamoswine, F
|poke|p2|Tyranitar, M
|poke|p2|Excadrill, M
|rule|Swagger Clause: Swagger is banned
|rule|Baton Pass Clause: Limit one PokÃ©mon knowing Baton Pass
|rule|Sleep Clause Mod: Limit one foe put to sleep
|rule|Species Clause: Limit one of each PokÃ©mon
|rule|OHKO Clause: OHKO moves are banned
|rule|Moody Clause: Moody is banned
|rule|Evasion Moves Clause: Evasion moves are banned
|rule|Endless Battle Clause: Forcing endless battles is banned
|rule|HP Percentage Mod: HP is shown in percentages
|teampreview
|c|âBl153|gl hf
|
|start
|switch|p1a: Play Boy|Azumarill, F|401\/401
|switch|p2a: Tyranitar|Tyranitar, M|342\/342
|-weather|Sandstorm
|turn|1
|c|âbewww|you too
|
|switch|p2a: Metagross|Metagross|364\/364
|move|p1a: Play Boy|Play Rough|p2a: Metagross
|-resisted|p2a: Metagross
|-damage|p2a: Metagross|238\/364
|
|-weather|Sandstorm|[upkeep]
|-damage|p1a: Play Boy|376\/401|[from] sandstorm
|turn|2
|
|switch|p1a: Ferrothorn|Ferrothorn, M|351\/351
|move|p2a: Metagross|Hammer Arm|p1a: Ferrothorn|[miss]
|-miss|p2a: Metagross|p1a: Ferrothorn
|
|-weather|Sandstorm|[upkeep]
|turn|3
|
|move|p2a: Metagross|Hammer Arm|p1a: Ferrothorn
|-supereffective|p1a: Ferrothorn
|-damage|p1a: Ferrothorn|85\/351
|-damage|p2a: Metagross|193\/364|[from] ability: Iron Barbs|[of] p1a: Ferrothorn
|-unboost|p2a: Metagross|spe|1
|move|p1a: Ferrothorn|Knock Off|p2a: Metagross
|-supereffective|p2a: Metagross
|-damage|p2a: Metagross|81\/364
|-enditem|p2a: Metagross|Choice Band|[from] move: Knock Off|[of] p1a: Ferrothorn
|
|-weather|Sandstorm|[upkeep]
|-heal|p1a: Ferrothorn|106\/351|[from] item: Leftovers
|turn|4
|
|switch|p1a: Landorus-Therian|Landorus-Therian, M|375\/375
|-ability|p1a: Landorus-Therian|Intimidate|[of] p2a: Metagross
|-fail|p2a: Metagross|unboost|[from] ability: Clear Body|[of] p2a: Metagross
|move|p2a: Metagross|Hammer Arm|p1a: Landorus-Therian
|-resisted|p1a: Landorus-Therian
|-damage|p1a: Landorus-Therian|299\/375
|-unboost|p2a: Metagross|spe|1
|
|-weather|Sandstorm|[upkeep]
|turn|5
|
|move|p2a: Metagross|Bullet Punch|p1a: Landorus-Therian
|-crit|p1a: Landorus-Therian
|-damage|p1a: Landorus-Therian|173\/375
|move|p1a: Landorus-Therian|U-turn|p2a: Metagross
|-damage|p2a: Metagross|0 fnt
|faint|p2a: Metagross
|
|switch|p1a: Ferrothorn|Ferrothorn, M|106\/351
|
|-weather|none
|-heal|p1a: Ferrothorn|127\/351|[from] item: Leftovers
|
|switch|p2a: Tyranitar|Tyranitar, M|342\/342
|-weather|Sandstorm
|turn|6
|
|detailschange|p2a: Tyranitar|Tyranitar-Mega, M
|message|Tyranitar has Mega Evolved into Mega Tyranitar!
|move|p2a: Tyranitar|Stealth Rock|p1a: Ferrothorn
|-sidestart|p1: Bl153|move: Stealth Rock
|move|p1a: Ferrothorn|Gyro Ball|p2a: Tyranitar
|-supereffective|p2a: Tyranitar
|-damage|p2a: Tyranitar|106\/342
|
|-weather|Sandstorm|[upkeep]
|-heal|p1a: Ferrothorn|148\/351|[from] item: Leftovers
|turn|7
|
|switch|p2a: Excadrill|Excadrill, M|362\/362
|move|p1a: Ferrothorn|Leech Seed|p2a: Excadrill
|-start|p2a: Excadrill|move: Leech Seed
|
|-weather|Sandstorm|[upkeep]
|-heal|p1a: Ferrothorn|169\/351|[from] item: Leftovers
|-damage|p2a: Excadrill|317\/362|[from] Leech Seed|[of] p1a: Ferrothorn
|-heal|p1a: Ferrothorn|214\/351|[silent]
|turn|8
|
|move|p2a: Excadrill|Earthquake|p1a: Ferrothorn
|-damage|p1a: Ferrothorn|42\/351
|-damage|p2a: Excadrill|281\/362|[from] item: Life Orb
|move|p1a: Ferrothorn|Gyro Ball|p2a: Excadrill
|-resisted|p2a: Excadrill
|-damage|p2a: Excadrill|146\/362
|
|-weather|Sandstorm|[upkeep]
|-heal|p1a: Ferrothorn|63\/351|[from] item: Leftovers
|-damage|p2a: Excadrill|101\/362|[from] Leech Seed|[of] p1a: Ferrothorn
|-heal|p1a: Ferrothorn|108\/351|[silent]
|turn|9
|
|switch|p1a: Landorus-Therian|Landorus-Therian, M|173\/375
|-damage|p1a: Landorus-Therian|127\/375|[from] Stealth Rock
|-ability|p1a: Landorus-Therian|Intimidate|[of] p2a: Excadrill
|-unboost|p2a: Excadrill|atk|1
|move|p2a: Excadrill|Iron Head|p1a: Landorus-Therian
|-damage|p1a: Landorus-Therian|0 fnt
|-damage|p2a: Excadrill|65\/362|[from] item: Life Orb
|faint|p1a: Landorus-Therian
|
|-weather|Sandstorm|[upkeep]
|
|switch|p1a: Venusaur|Venusaur, F|363\/363
|-damage|p1a: Venusaur|318\/363|[from] Stealth Rock
|turn|10
|
|switch|p2a: Latios|Latios, M|302\/302
|detailschange|p1a: Venusaur|Venusaur-Mega, F
|message|Venusaur has Mega Evolved into Mega Venusaur!
|move|p1a: Venusaur|Synthesis|p1a: Venusaur
|-heal|p1a: Venusaur|363\/363
|
|-weather|none
|turn|11
|
|switch|p1a: Tyranitar|Tyranitar, M|403\/403
|-damage|p1a: Tyranitar|353\/403|[from] Stealth Rock
|-weather|Sandstorm
|move|p2a: Latios|Calm Mind|p2a: Latios
|-boost|p2a: Latios|spa|1
|-boost|p2a: Latios|spd|1
|
|-weather|Sandstorm|[upkeep]
|-damage|p2a: Latios|284\/302|[from] sandstorm
|-heal|p1a: Tyranitar|378\/403|[from] item: Leftovers
|turn|12
|
|move|p2a: Latios|Draco Meteor|p1a: Tyranitar
|-damage|p1a: Tyranitar|82\/403
|-unboost|p2a: Latios|spa|2
|-damage|p2a: Latios|254\/302|[from] item: Life Orb
|move|p1a: Tyranitar|Crunch|p2a: Latios
|-supereffective|p2a: Latios
|-damage|p2a: Latios|0 fnt
|faint|p2a: Latios
|
|-weather|Sandstorm|[upkeep]
|-heal|p1a: Tyranitar|107\/403|[from] item: Leftovers
|
|switch|p2a: Excadrill|Excadrill, M|65\/362
|turn|13
|
|move|p2a: Excadrill|Earthquake|p1a: Tyranitar
|-supereffective|p1a: Tyranitar
|-damage|p1a: Tyranitar|0 fnt
|-damage|p2a: Excadrill|29\/362|[from] item: Life Orb
|faint|p1a: Tyranitar
|
|-weather|Sandstorm|[upkeep]
|
|switch|p1a: Ferrothorn|Ferrothorn, M|108\/351
|-damage|p1a: Ferrothorn|87\/351|[from] Stealth Rock
|turn|14
|
|move|p2a: Excadrill|Earthquake|p1a: Ferrothorn
|-crit|p1a: Ferrothorn
|-damage|p1a: Ferrothorn|0 fnt
|-damage|p2a: Excadrill|0 fnt|[from] item: Life Orb
|faint|p1a: Ferrothorn
|faint|p2a: Excadrill
|
|-weather|Sandstorm|[upkeep]
|
|switch|p2a: Tyranitar|Tyranitar-Mega, M|106\/342
|switch|p1a: Clefable|Clefable, F, shiny|394\/394
|turn|15
|
|move|p2a: Tyranitar|Stone Edge|p1a: Clefable
|-crit|p1a: Clefable
|-damage|p1a: Clefable|0 fnt
|faint|p1a: Clefable
|
|-weather|none
|
|switch|p1a: Venusaur|Venusaur-Mega, F|363\/363
|-damage|p1a: Venusaur|318\/363|[from] Stealth Rock
|turn|16
|
|switch|p2a: Mamoswine|Mamoswine, F|424\/424
|move|p1a: Venusaur|Giga Drain|p2a: Mamoswine
|-supereffective|p2a: Mamoswine
|-damage|p2a: Mamoswine|10\/424
|-heal|p1a: Venusaur|363\/363|[from] drain|[of] p2a: Mamoswine
|
|turn|17
|
|move|p2a: Mamoswine|Icicle Spear|p1a: Venusaur
|-supereffective|p1a: Venusaur
|-damage|p1a: Venusaur|308\/363
|-supereffective|p1a: Venusaur
|-damage|p1a: Venusaur|253\/363
|-hitcount|p1a: Venusaur|2
|-damage|p2a: Mamoswine|0 fnt|[from] item: Life Orb
|faint|p2a: Mamoswine
|move|p1a: Venusaur|Synthesis|p1a: Venusaur
|-heal|p1a: Venusaur|363\/363
|
|
|switch|p2a: Tyranitar|Tyranitar-Mega, M|106\/342
|-weather|Sandstorm
|turn|18
|c|âBl153|Venasaur is like NOPE
|c|âBl153|:p
|
|move|p2a: Tyranitar|Stone Edge|p1a: Venusaur
|-crit|p1a: Venusaur
|-damage|p1a: Venusaur|123\/363
|move|p1a: Venusaur|Giga Drain|p2a: Tyranitar
|-supereffective|p2a: Tyranitar
|-damage|p2a: Tyranitar|0 fnt
|-heal|p1a: Venusaur|176\/363|[from] drain|[of] p2a: Tyranitar
|faint|p2a: Tyranitar
|
|-weather|Sandstorm|[upkeep]
|-damage|p1a: Venusaur|154\/363|[from] sandstorm
|c|âbewww|a
|
|switch|p2a: Azumarill|Azumarill, F|404\/404
|turn|19
|
|move|p1a: Venusaur|Giga Drain|p2a: Azumarill
|-supereffective|p2a: Azumarill
|-damage|p2a: Azumarill|90\/404
|-heal|p1a: Venusaur|311\/363|[from] drain|[of] p2a: Azumarill
|-enditem|p2a: Azumarill|Sitrus Berry|[eat]
|-heal|p2a: Azumarill|191\/404|[from] item: Sitrus Berry
|move|p2a: Azumarill|Waterfall|p1a: Venusaur
|-crit|p1a: Venusaur
|-resisted|p1a: Venusaur
|-damage|p1a: Venusaur|215\/363
|
|-weather|Sandstorm|[upkeep]
|-damage|p1a: Venusaur|193\/363|[from] sandstorm
|-damage|p2a: Azumarill|166\/404|[from] sandstorm
|turn|20
|c|âBl153|Da crits doh...
|c|âBl153|gg
|
|move|p1a: Venusaur|Giga Drain|p2a: Azumarill
|-supereffective|p2a: Azumarill
|-damage|p2a: Azumarill|0 fnt
|-heal|p1a: Venusaur|276\/363|[from] drain|[of] p2a: Azumarill
|faint|p2a: Azumarill
|
|win|Bl153
|raw|Ladder updating...
|raw|Bl153's rating: 1562 &rarr; <strong>1582<\/strong><br \/>(+20 for winning)
|raw|bewww's rating: 1562 &rarr; <strong>1542<\/strong><br \/>(-20 for losing)
|c|âbewww|gg
|leave|bewww
|player|p2