|join|lunasena
|join|bewww
|player|p1|lunasena|166
|player|p2|bewww|216
|gametype|singles
|gen|6
|tier|OU
|rated
|clearpoke
|poke|p1|Garchomp, F
|poke|p1|Bisharp, F
|poke|p1|Breloom, M
|poke|p1|Charizard, F
|poke|p1|Azumarill, F
|poke|p1|Latias, F
|poke|p2|Machamp, F
|poke|p2|Aegislash, M, shiny
|poke|p2|Donphan, F
|poke|p2|Kyurem-Black, shiny
|poke|p2|Alakazam, M
|poke|p2|Latios, M
|rule|Sleep Clause Mod: Limit one foe put to sleep
|rule|Species Clause: Limit one of each Pokemon
|rule|OHKO Clause: OHKO moves are banned
|rule|Moody Clause: Moody is banned
|rule|Evasion Moves Clause: Evasion moves are banned
|rule|Endless Battle Clause: Forcing endless battles is banned.
|rule|HP Percentage Mod: HP is reported as percentages
|teampreview
|
|start
|switch|p1a: Breloom|Breloom, M|261\/261
|switch|p2a: Machamp|Machamp, F|377\/377
|turn|1
|
|move|p1a: Breloom|Spore|p2a: Machamp
|-status|p2a: Machamp|slp
|cant|p2a: Machamp|slp
|
|turn|2
|
|switch|p2a: Latios|Latios, M|302\/302
|move|p1a: Breloom|Bullet Seed|p2a: Latios
|-resisted|p2a: Latios
|-damage|p2a: Latios|263\/302
|-resisted|p2a: Latios
|-damage|p2a: Latios|220\/302
|-resisted|p2a: Latios
|-damage|p2a: Latios|181\/302
|-hitcount|p2a: Latios|3
|
|turn|3
|
|move|p2a: Latios|Hidden Power|p1a: Breloom
|-supereffective|p1a: Breloom
|-enditem|p1a: Breloom|Focus Sash
|-damage|p1a: Breloom|1\/261
|-damage|p2a: Latios|151\/302|[from] item: Life Orb
|move|p1a: Breloom|Rock Tomb|p2a: Latios
|-damage|p2a: Latios|31\/302
|-unboost|p2a: Latios|spe|1
|
|turn|4
|
|switch|p2a: Aegislash|Aegislash, M, shiny|261\/261
|-item|p2a: Aegislash|Air Balloon
|move|p1a: Breloom|Bullet Seed|p2a: Aegislash
|-resisted|p2a: Aegislash
|-damage|p2a: Aegislash|237\/261
|-enditem|p2a: Aegislash|Air Balloon
|-resisted|p2a: Aegislash
|-damage|p2a: Aegislash|215\/261
|-resisted|p2a: Aegislash
|-damage|p2a: Aegislash|191\/261
|-hitcount|p2a: Aegislash|3
|
|turn|5
|
|-formechange|p2a: Aegislash|Aegislash-Blade
|move|p2a: Aegislash|Shadow Sneak|p1a: Breloom
|-damage|p1a: Breloom|0 fnt
|faint|p1a: Breloom
|
|
|switch|p1a: Garchomp|Garchomp, F|357\/357
|turn|6
|
|switch|p2a: Latios|Latios, M|31\/302
|move|p1a: Garchomp|Stealth Rock|p2a: Latios
|-sidestart|p2: bewww|move: Stealth Rock
|
|turn|7
|
|move|p2a: Latios|Psyshock|p1a: Garchomp
|-damage|p1a: Garchomp|172\/357
|-damage|p2a: Latios|1\/302|[from] item: Life Orb
|move|p1a: Garchomp|Dragon Claw|p2a: Latios
|-supereffective|p2a: Latios
|-damage|p2a: Latios|0 fnt
|faint|p2a: Latios
|
|
|switch|p2a: Alakazam|Alakazam, M|252\/252
|turn|8
|
|detailschange|p2a: Alakazam|Alakazam-Mega, M
|message|Alakazam has Mega Evolved into Mega Alakazam!
|-ability|p2a: Alakazam|Rough Skin|[from] ability: Trace|[of] p1a: Garchomp
|move|p2a: Alakazam|Psyshock|p1a: Garchomp
|-damage|p1a: Garchomp|0 fnt
|faint|p1a: Garchomp
|
|
|switch|p1a: Bisharp|Bisharp, F|271\/271
|turn|9
|
|switch|p2a: Machamp|Machamp, F|377\/377 slp
|-damage|p2a: Machamp|354\/377 slp|[from] Stealth Rock
|move|p1a: Bisharp|Knock Off|p2a: Machamp
|-resisted|p2a: Machamp
|-damage|p2a: Machamp|243\/377 slp
|-enditem|p2a: Machamp|Assault Vest|[from] move: Knock Off|[of] p1a: Bisharp
|
|turn|10
|
|move|p1a: Bisharp|Swords Dance|p1a: Bisharp
|-boost|p1a: Bisharp|atk|2
|cant|p2a: Machamp|slp
|
|turn|11
|
|move|p1a: Bisharp|Iron Head|p2a: Machamp
|-damage|p2a: Machamp|0 fnt
|faint|p2a: Machamp
|
|
|switch|p2a: Donphan|Donphan, F|384\/384
|-damage|p2a: Donphan|360\/384|[from] Stealth Rock
|turn|12
|
|switch|p1a: Latias|Latias, F|301\/301
|move|p2a: Donphan|Earthquake|p1a: Latias
|-immune|p1a: Latias|[msg]
|
|-heal|p2a: Donphan|384\/384|[from] item: Leftovers
|turn|13
|
|switch|p2a: Aegislash|Aegislash, M, shiny|191\/261
|-damage|p2a: Aegislash|175\/261|[from] Stealth Rock
|move|p1a: Latias|Draco Meteor|p2a: Aegislash
|-resisted|p2a: Aegislash
|-damage|p2a: Aegislash|87\/261
|-unboost|p1a: Latias|spa|2
|-damage|p1a: Latias|271\/301|[from] item: Life Orb
|
|turn|14
|
|move|p1a: Latias|Draco Meteor|p2a: Aegislash
|-resisted|p2a: Aegislash
|-damage|p2a: Aegislash|38\/261
|-unboost|p1a: Latias|spa|2
|-damage|p1a: Latias|241\/301|[from] item: Life Orb
|-formechange|p2a: Aegislash|Aegislash-Blade
|move|p2a: Aegislash|Sacred Sword|p1a: Latias
|-resisted|p1a: Latias
|-damage|p1a: Latias|181\/301
|
|turn|15
|
|move|p1a: Latias|Draco Meteor|p2a: Aegislash
|-resisted|p2a: Aegislash
|-damage|p2a: Aegislash|0 fnt
|-unboost|p1a: Latias|spa|2
|-damage|p1a: Latias|151\/301|[from] item: Life Orb
|faint|p2a: Aegislash
|
|
|switch|p2a: Alakazam|Alakazam-Mega, M|252\/252
|-damage|p2a: Alakazam|221\/252|[from] Stealth Rock
|-ability|p2a: Alakazam|Levitate|[from] ability: Trace|[of] p1a: Latias
|turn|16
|
|move|p2a: Alakazam|Hidden Power|p1a: Latias
|-supereffective|p1a: Latias
|-damage|p1a: Latias|17\/301
|move|p1a: Latias|Draco Meteor|p2a: Alakazam
|-damage|p2a: Alakazam|153\/252
|-damage|p1a: Latias|0 fnt|[from] item: Life Orb
|faint|p1a: Latias
|
|
|switch|p1a: Charizard|Charizard, F|359\/359
|turn|17
|
|detailschange|p1a: Charizard|Charizard-Mega-X, F
|message|Charizard has Mega Evolved into Mega Charizard!
|move|p2a: Alakazam|Psyshock|p1a: Charizard
|-damage|p1a: Charizard|182\/359
|move|p1a: Charizard|Dragon Dance|p1a: Charizard
|-boost|p1a: Charizard|atk|1
|-boost|p1a: Charizard|spe|1
|
|turn|18
|
|move|p2a: Alakazam|Psyshock|p1a: Charizard
|-damage|p1a: Charizard|14\/359
|move|p1a: Charizard|Dragon Claw|p2a: Alakazam
|-damage|p2a: Alakazam|0 fnt
|faint|p2a: Alakazam
|
|
|switch|p2a: Donphan|Donphan, F|384\/384
|-damage|p2a: Donphan|360\/384|[from] Stealth Rock
|turn|19
|
|move|p2a: Donphan|Ice Shard|p1a: Charizard
|-damage|p1a: Charizard|0 fnt
|faint|p1a: Charizard
|
|-heal|p2a: Donphan|384\/384|[from] item: Leftovers
|
|switch|p1a: Azumarill|Azumarill, F|342\/342
|turn|20
|
|move|p1a: Azumarill|Waterfall|p2a: Donphan
|-supereffective|p2a: Donphan
|-damage|p2a: Donphan|66\/384
|move|p2a: Donphan|Earthquake|p1a: Azumarill
|-damage|p1a: Azumarill|132\/342
|-enditem|p1a: Azumarill|Sitrus Berry|[eat]
|-heal|p1a: Azumarill|217\/342|[from] item: Sitrus Berry
|
|-heal|p2a: Donphan|90\/384|[from] item: Leftovers
|turn|21
|
|move|p1a: Azumarill|Aqua Jet|p2a: Donphan
|-supereffective|p2a: Donphan
|-damage|p2a: Donphan|0 fnt
|faint|p2a: Donphan
|
|
|switch|p2a: Kyurem-Black|Kyurem-Black, shiny|391\/391
|-damage|p2a: Kyurem-Black|294\/391|[from] Stealth Rock
|-ability|p2a: Kyurem-Black|Teravolt
|turn|22
|
|move|p2a: Kyurem-Black|Fusion Bolt|p1a: Azumarill
|-supereffective|p1a: Azumarill
|-damage|p1a: Azumarill|0 fnt
|-damage|p2a: Kyurem-Black|255\/391|[from] item: Life Orb
|faint|p1a: Azumarill
|
|
|switch|p1a: Bisharp|Bisharp, F|271\/271
|turn|23
|
|move|p2a: Kyurem-Black|Earth Power|p1a: Bisharp
|-crit|p1a: Bisharp
|-supereffective|p1a: Bisharp
|-enditem|p1a: Bisharp|Focus Sash
|-damage|p1a: Bisharp|1\/271
|-damage|p2a: Kyurem-Black|216\/391|[from] item: Life Orb
|move|p1a: Bisharp|Iron Head|p2a: Kyurem-Black
|-supereffective|p2a: Kyurem-Black
|-damage|p2a: Kyurem-Black|0 fnt
|faint|p2a: Kyurem-Black
|
|win|lunasena
|raw|Ladder updating...
|raw|lunasena's rating: 1683 &rarr; <strong>1699<\/strong><br \/>(+16 for winning)
|raw|bewww's rating: 1596 &rarr; <strong>1581<\/strong><br \/>(-15 for losing)
|leave|lunasena
|chat|bewww|gg
|player|p1