|join|bewww
|join|Old Idea v5
|player|p1|bewww|216
|player|p2|Old Idea v5|260
|gametype|singles
|gen|6
|tier|OU
|rated
|clearpoke
|poke|p1|Gardevoir, F
|poke|p1|Shuckle, M, shiny
|poke|p1|Heatran, M
|poke|p1|Bisharp, F
|poke|p1|Aegislash, M, shiny
|poke|p1|Mandibuzz, F, shiny
|poke|p2|Aegislash, M
|poke|p2|Terrakion
|poke|p2|Zapdos
|poke|p2|Tentacruel, M
|poke|p2|Landorus-Therian, M
|poke|p2|Tyranitar, M
|rule|Sleep Clause Mod: Limit one foe put to sleep
|rule|Species Clause: Limit one of each Pokemon
|rule|OHKO Clause: OHKO moves are banned
|rule|Moody Clause: Moody is banned
|rule|Evasion Moves Clause: Evasion moves are banned
|rule|Endless Battle Clause: Forcing endless battles is banned.
|rule|HP Percentage Mod: HP is reported as percentages
|teampreview
|
|start
|switch|p1a: Shuckle|Shuckle, M, shiny|244\/244
|switch|p2a: Landorus-Therian|Landorus-Therian, M|382\/382
|-ability|p2a: Landorus-Therian|Intimidate|[of] p1a: Shuckle
|-unboost|p1a: Shuckle|atk|1
|turn|1
|
|move|p2a: Landorus-Therian|Stealth Rock|p1a: Shuckle
|-sidestart|p1: bewww|move: Stealth Rock
|move|p1a: Shuckle|Stealth Rock|p2a: Landorus-Therian
|-sidestart|p2: Old Idea v5|move: Stealth Rock
|
|turn|2
|
|move|p2a: Landorus-Therian|Knock Off|p1a: Shuckle
|-damage|p1a: Shuckle|195\/244
|-enditem|p1a: Shuckle|Mental Herb|[from] move: Knock Off|[of] p2a: Landorus-Therian
|move|p1a: Shuckle|Sticky Web|p2a: Landorus-Therian
|-sidestart|p2: Old Idea v5|move: Sticky Web
|
|turn|3
|
|move|p2a: Landorus-Therian|U-turn|p1a: Shuckle
|-damage|p1a: Shuckle|156\/244
|
|switch|p2a: Tentacruel|Tentacruel, M|364\/364
|-activate|p2a: Tentacruel|move: Sticky Web
|-unboost|p2a: Tentacruel|spe|1
|-damage|p2a: Tentacruel|319\/364|[from] Stealth Rock
|move|p1a: Shuckle|Toxic|p2a: Tentacruel
|-fail|p2a: Tentacruel
|
|-heal|p2a: Tentacruel|341\/364|[from] item: Black Sludge
|turn|4
|
|switch|p1a: Aegislash|Aegislash, M, shiny|261\/261
|-damage|p1a: Aegislash|245\/261|[from] Stealth Rock
|-item|p1a: Aegislash|Air Balloon
|move|p2a: Tentacruel|Rapid Spin|p1a: Aegislash
|-immune|p1a: Aegislash|[msg]
|
|-heal|p2a: Tentacruel|363\/364|[from] item: Black Sludge
|turn|5
|
|move|p1a: Aegislash|Autotomize|p1a: Aegislash
|-boost|p1a: Aegislash|spe|2
|-start|p1a: Aegislash|Autotomize
|move|p2a: Tentacruel|Scald|p1a: Aegislash
|-damage|p1a: Aegislash|188\/261
|-enditem|p1a: Aegislash|Air Balloon
|
|-heal|p2a: Tentacruel|364\/364|[from] item: Black Sludge
|turn|6
|
|-formechange|p1a: Aegislash|Aegislash-Blade
|move|p1a: Aegislash|Head Smash|p2a: Tentacruel|[miss]
|-miss|p1a: Aegislash|p2a: Tentacruel
|move|p2a: Tentacruel|Scald|p1a: Aegislash
|-damage|p1a: Aegislash|62\/261
|-status|p1a: Aegislash|brn
|
|-damage|p1a: Aegislash|30\/261 brn|[from] brn
|turn|7
|chat|bewww|sweet!
|
|switch|p2a: Landorus-Therian|Landorus-Therian, M|382\/382
|-damage|p2a: Landorus-Therian|335\/382|[from] Stealth Rock
|-ability|p2a: Landorus-Therian|Intimidate|[of] p1a: Aegislash
|-unboost|p1a: Aegislash|atk|1
|move|p1a: Aegislash|Head Smash|p2a: Landorus-Therian
|-damage|p2a: Landorus-Therian|284\/382
|-damage|p1a: Aegislash|4\/261 brn|[from] recoil|[of] p2a: Landorus-Therian
|
|-heal|p2a: Landorus-Therian|307\/382|[from] item: Leftovers
|-damage|p1a: Aegislash|0 fnt|[from] brn
|faint|p1a: Aegislash
|
|switch|p1a: Mandibuzz|Mandibuzz, F, shiny|424\/424
|-damage|p1a: Mandibuzz|318\/424|[from] Stealth Rock
|turn|8
|
|move|p2a: Landorus-Therian|Knock Off|p1a: Mandibuzz
|-resisted|p1a: Mandibuzz
|-damage|p1a: Mandibuzz|283\/424
|-enditem|p1a: Mandibuzz|Leftovers|[from] move: Knock Off|[of] p2a: Landorus-Therian
|move|p1a: Mandibuzz|Foul Play|p2a: Landorus-Therian
|-damage|p2a: Landorus-Therian|177\/382
|
|-heal|p2a: Landorus-Therian|200\/382|[from] item: Leftovers
|turn|9
|
|move|p2a: Landorus-Therian|U-turn|p1a: Mandibuzz
|-damage|p1a: Mandibuzz|228\/424
|
|switch|p2a: Tentacruel|Tentacruel, M|364\/364
|-damage|p2a: Tentacruel|319\/364|[from] Stealth Rock
|-activate|p2a: Tentacruel|move: Sticky Web
|-unboost|p2a: Tentacruel|spe|1
|move|p1a: Mandibuzz|Foul Play|p2a: Tentacruel
|-damage|p2a: Tentacruel|261\/364
|
|-heal|p2a: Tentacruel|283\/364|[from] item: Black Sludge
|turn|10
|
|switch|p1a: Gardevoir|Gardevoir, F|277\/277
|-damage|p1a: Gardevoir|243\/277|[from] Stealth Rock
|move|p2a: Tentacruel|Rapid Spin|p1a: Gardevoir
|-damage|p1a: Gardevoir|231\/277
|-sideend|p2: Old Idea v5|Stealth Rock|[from] move: Rapid Spin|[of] p2a: Tentacruel
|-sideend|p2: Old Idea v5|Sticky Web|[from] move: Rapid Spin|[of] p2a: Tentacruel
|
|-heal|p2a: Tentacruel|305\/364|[from] item: Black Sludge
|turn|11
|
|switch|p2a: Aegislash|Aegislash, M|324\/324
|detailschange|p1a: Gardevoir|Gardevoir-Mega, F
|message|Gardevoir has Mega Evolved into Mega Gardevoir!
|move|p1a: Gardevoir|Psyshock|p2a: Aegislash
|-resisted|p2a: Aegislash
|-damage|p2a: Aegislash|262\/324
|
|-heal|p2a: Aegislash|282\/324|[from] item: Leftovers
|turn|12
|
|switch|p1a: Mandibuzz|Mandibuzz, F, shiny|228\/424
|-damage|p1a: Mandibuzz|122\/424|[from] Stealth Rock
|-formechange|p2a: Aegislash|Aegislash-Blade
|move|p2a: Aegislash|Shadow Ball|p1a: Mandibuzz
|-resisted|p1a: Mandibuzz
|-damage|p1a: Mandibuzz|32\/424
|
|-heal|p2a: Aegislash|302\/324|[from] item: Leftovers
|turn|13
|
|move|p1a: Mandibuzz|Roost|p1a: Mandibuzz
|-heal|p1a: Mandibuzz|244\/424
|move|p2a: Aegislash|Sacred Sword|p1a: Mandibuzz
|-supereffective|p1a: Mandibuzz
|-damage|p1a: Mandibuzz|108\/424
|
|-heal|p2a: Aegislash|322\/324|[from] item: Leftovers
|turn|14
|
|switch|p2a: Zapdos|Zapdos|384\/384
|-ability|p2a: Zapdos|Pressure
|move|p1a: Mandibuzz|Roost|p1a: Mandibuzz
|-heal|p1a: Mandibuzz|320\/424
|
|turn|15
|
|switch|p1a: Heatran|Heatran, M|379\/379
|-damage|p1a: Heatran|332\/379|[from] Stealth Rock
|move|p2a: Zapdos|Charge|p2a: Zapdos
|-boost|p2a: Zapdos|spd|1
|-activate|p2a: Zapdos|move: Charge
|
|-heal|p1a: Heatran|355\/379|[from] item: Leftovers
|turn|16
|
|move|p2a: Zapdos|Discharge|p1a: Heatran
|-damage|p1a: Heatran|192\/379
|-status|p1a: Heatran|par
|move|p1a: Heatran|Toxic|p2a: Zapdos
|-status|p2a: Zapdos|tox
|
|-heal|p1a: Heatran|215\/379 par|[from] item: Leftovers
|-damage|p2a: Zapdos|360\/384 tox|[from] psn
|turn|17
|
|move|p2a: Zapdos|Charge|p2a: Zapdos
|-boost|p2a: Zapdos|spd|1
|-activate|p2a: Zapdos|move: Charge
|cant|p1a: Heatran|par
|
|-heal|p2a: Zapdos|384\/384 tox|[from] item: Leftovers
|-heal|p1a: Heatran|238\/379 par|[from] item: Leftovers
|-damage|p2a: Zapdos|336\/384 tox|[from] psn
|turn|18
|
|move|p2a: Zapdos|Discharge|p1a: Heatran
|-damage|p1a: Heatran|91\/379 par
|move|p1a: Heatran|Stealth Rock|p2a: Zapdos
|-sidestart|p2: Old Idea v5|move: Stealth Rock
|
|-heal|p2a: Zapdos|360\/384 tox|[from] item: Leftovers
|-heal|p1a: Heatran|114\/379 par|[from] item: Leftovers
|-damage|p2a: Zapdos|288\/384 tox|[from] psn
|turn|19
|
|move|p2a: Zapdos|Charge|p2a: Zapdos
|-boost|p2a: Zapdos|spd|1
|-activate|p2a: Zapdos|move: Charge
|move|p1a: Heatran|Lava Plume|p2a: Zapdos
|-damage|p2a: Zapdos|248\/384 tox
|
|-heal|p2a: Zapdos|272\/384 tox|[from] item: Leftovers
|-heal|p1a: Heatran|137\/379 par|[from] item: Leftovers
|-damage|p2a: Zapdos|176\/384 tox|[from] psn
|turn|20
|
|move|p2a: Zapdos|Discharge|p1a: Heatran
|-damage|p1a: Heatran|0 fnt
|faint|p1a: Heatran
|
|-heal|p2a: Zapdos|200\/384 tox|[from] item: Leftovers
|-damage|p2a: Zapdos|80\/384 tox|[from] psn
|
|switch|p1a: Bisharp|Bisharp, F|271\/271
|-damage|p1a: Bisharp|255\/271|[from] Stealth Rock
|turn|21
|
|move|p1a: Bisharp|Sucker Punch|p2a: Zapdos
|-damage|p2a: Zapdos|0 fnt
|faint|p2a: Zapdos
|
|
|switch|p2a: Tentacruel|Tentacruel, M|305\/364
|-damage|p2a: Tentacruel|260\/364|[from] Stealth Rock
|turn|22
|
|move|p2a: Tentacruel|Rapid Spin|p1a: Bisharp
|-resisted|p1a: Bisharp
|-damage|p1a: Bisharp|250\/271
|-sideend|p2: Old Idea v5|Stealth Rock|[from] move: Rapid Spin|[of] p2a: Tentacruel
|move|p1a: Bisharp|Swords Dance|p1a: Bisharp
|-boost|p1a: Bisharp|atk|2
|
|-heal|p2a: Tentacruel|282\/364|[from] item: Black Sludge
|turn|23
|
|move|p2a: Tentacruel|Scald|p1a: Bisharp
|-damage|p1a: Bisharp|153\/271
|-status|p1a: Bisharp|brn
|-enditem|p1a: Bisharp|Lum Berry|[eat]
|-curestatus|p1a: Bisharp|brn
|move|p1a: Bisharp|Swords Dance|p1a: Bisharp
|-boost|p1a: Bisharp|atk|2
|
|-heal|p2a: Tentacruel|304\/364|[from] item: Black Sludge
|turn|24
|
|move|p1a: Bisharp|Sucker Punch|p2a: Tentacruel
|-fail|p2a: Tentacruel
|move|p2a: Tentacruel|Haze|p2a: Tentacruel
|-clearallboost
|
|-heal|p2a: Tentacruel|326\/364|[from] item: Black Sludge
|turn|25
|
|move|p2a: Tentacruel|Scald|p1a: Bisharp
|-damage|p1a: Bisharp|54\/271
|-status|p1a: Bisharp|brn
|move|p1a: Bisharp|Swords Dance|p1a: Bisharp
|-boost|p1a: Bisharp|atk|2
|
|-heal|p2a: Tentacruel|348\/364|[from] item: Black Sludge
|-damage|p1a: Bisharp|21\/271 brn|[from] brn
|turn|26
|
|move|p2a: Tentacruel|Haze|p2a: Tentacruel
|-clearallboost
|move|p1a: Bisharp|Knock Off|p2a: Tentacruel
|-damage|p2a: Tentacruel|258\/364
|-enditem|p2a: Tentacruel|Black Sludge|[from] move: Knock Off|[of] p1a: Bisharp
|
|-damage|p1a: Bisharp|0 fnt|[from] brn
|faint|p1a: Bisharp
|
|switch|p1a: Gardevoir|Gardevoir-Mega, F|231\/277
|-damage|p1a: Gardevoir|197\/277|[from] Stealth Rock
|turn|27
|
|move|p1a: Gardevoir|Calm Mind|p1a: Gardevoir
|-boost|p1a: Gardevoir|spa|1
|-boost|p1a: Gardevoir|spd|1
|move|p2a: Tentacruel|Sludge Bomb|p1a: Gardevoir
|-supereffective|p1a: Gardevoir
|-damage|p1a: Gardevoir|105\/277
|-status|p1a: Gardevoir|psn
|
|-damage|p1a: Gardevoir|71\/277 psn|[from] psn
|turn|28
|
|switch|p2a: Landorus-Therian|Landorus-Therian, M|200\/382
|-ability|p2a: Landorus-Therian|Intimidate|[of] p1a: Gardevoir
|-unboost|p1a: Gardevoir|atk|1
|move|p1a: Gardevoir|Psyshock|p2a: Landorus-Therian
|-damage|p2a: Landorus-Therian|0 fnt
|faint|p2a: Landorus-Therian
|
|-damage|p1a: Gardevoir|37\/277 psn|[from] psn
|
|switch|p2a: Aegislash|Aegislash, M|322\/324
|turn|29
|
|switch|p2a: Tyranitar|Tyranitar, M|342\/342
|-weather|Sandstorm
|move|p1a: Gardevoir|Hidden Power|p2a: Tyranitar
|-supereffective|p2a: Tyranitar
|-damage|p2a: Tyranitar|164\/342
|
|-weather|Sandstorm|[upkeep]
|-damage|p1a: Gardevoir|20\/277 psn|[from] sandstorm
|-damage|p1a: Gardevoir|0 fnt|[from] psn
|faint|p1a: Gardevoir
|
|switch|p1a: Shuckle|Shuckle, M, shiny|156\/244
|-damage|p1a: Shuckle|95\/244|[from] Stealth Rock
|turn|30
|
|detailschange|p2a: Tyranitar|Tyranitar-Mega, M
|message|Tyranitar has Mega Evolved into Mega Tyranitar!
|move|p2a: Tyranitar|Stone Edge|p1a: Shuckle
|-supereffective|p1a: Shuckle
|-damage|p1a: Shuckle|0 fnt
|faint|p1a: Shuckle
|
|-weather|Sandstorm|[upkeep]
|
|switch|p1a: Mandibuzz|Mandibuzz, F, shiny|320\/424
|-damage|p1a: Mandibuzz|214\/424|[from] Stealth Rock
|turn|31
|
|move|p2a: Tyranitar|Dragon Dance|p2a: Tyranitar
|-boost|p2a: Tyranitar|atk|1
|-boost|p2a: Tyranitar|spe|1
|move|p1a: Mandibuzz|Foul Play|p2a: Tyranitar
|-resisted|p2a: Tyranitar
|-damage|p2a: Tyranitar|63\/342
|
|-weather|Sandstorm|[upkeep]
|turn|32
|
|move|p2a: Tyranitar|Stone Edge|p1a: Mandibuzz
|-crit|p1a: Mandibuzz
|-supereffective|p1a: Mandibuzz
|-damage|p1a: Mandibuzz|0 fnt
|faint|p1a: Mandibuzz
|
|win|Old Idea v5
|raw|Ladder updating...
|chat|bewww|gg
|raw|Ladder (probably) updated, but score could not be retrieved (timeout).
|raw|Ladder (probably) updated, but score could not be retrieved (Error: socket hang up).