|join|IIID
|join|bewww
|player|p1|IIID|126
|player|p2|bewww|159
|gametype|singles
|gen|6
|tier|OU
|rated
|clearpoke
|poke|p1|Garchomp, M
|poke|p1|Terrakion
|poke|p1|Lopunny, M
|poke|p1|Bisharp, M
|poke|p1|Thundurus, M
|poke|p1|Breloom, M
|poke|p2|Sylveon, F
|poke|p2|Gardevoir, F
|poke|p2|Gyarados, F
|poke|p2|Dragonite, F
|poke|p2|Empoleon, F
|poke|p2|Breloom, F
|rule|Swagger Clause: Swagger is banned
|rule|Baton Pass Clause: Limit one PokÃ©mon knowing Baton Pass
|rule|Sleep Clause Mod: Limit one foe put to sleep
|rule|Species Clause: Limit one of each PokÃ©mon
|rule|OHKO Clause: OHKO moves are banned
|rule|Moody Clause: Moody is banned
|rule|Evasion Moves Clause: Evasion moves are banned
|rule|Endless Battle Clause: Forcing endless battles is banned
|rule|HP Percentage Mod: HP is shown in percentages
|teampreview
|
|start
|switch|p1a: Garchomp|Garchomp, M|357\/357
|switch|p2a: Breloom|Breloom, F|261\/261
|turn|1
|
|move|p1a: Garchomp|Stealth Rock|p2a: Breloom
|-sidestart|p2: bewww|move: Stealth Rock
|move|p2a: Breloom|Bullet Seed|p1a: Garchomp
|-damage|p1a: Garchomp|285\/357
|-damage|p1a: Garchomp|215\/357
|-hitcount|p1a: Garchomp|2
|
|turn|2
|
|move|p1a: Garchomp|Earthquake|p2a: Breloom
|-resisted|p2a: Breloom
|-damage|p2a: Breloom|151\/261
|move|p2a: Breloom|Spore|p1a: Garchomp
|-status|p1a: Garchomp|slp
|-enditem|p1a: Garchomp|Lum Berry|[eat]
|-curestatus|p1a: Garchomp|slp
|
|turn|3
|
|move|p1a: Garchomp|Earthquake|p2a: Breloom
|-resisted|p2a: Breloom
|-damage|p2a: Breloom|49\/261
|move|p2a: Breloom|Bullet Seed|p1a: Garchomp
|-crit|p1a: Garchomp
|-damage|p1a: Garchomp|115\/357
|-damage|p1a: Garchomp|46\/357
|-damage|p1a: Garchomp|0 fnt
|-hitcount|p1a: Garchomp|3
|faint|p1a: Garchomp
|
|
|switch|p1a: Lopunny|Lopunny, M|271\/271
|turn|4
|
|switch|p2a: Gardevoir|Gardevoir, F|277\/277
|-damage|p2a: Gardevoir|243\/277|[from] Stealth Rock
|-ability|p2a: Gardevoir|Limber|[from] ability: Trace|[of] p1a: Lopunny
|detailschange|p1a: Lopunny|Lopunny-Mega, M
|-mega|p1a: Lopunny|Lopunny|Lopunnite
|move|p1a: Lopunny|Fake Out|p2a: Gardevoir
|-damage|p2a: Gardevoir|144\/277
|
|turn|5
|
|switch|p1a: Bisharp|Bisharp, M|271\/271
|move|p2a: Gardevoir|Moonblast|p1a: Bisharp
|-damage|p1a: Bisharp|33\/271
|-unboost|p1a: Bisharp|spa|1
|-boost|p1a: Bisharp|atk|2|[from] ability: Defiant
|
|turn|6
|
|switch|p2a: Empoleon|Empoleon, F|347\/347
|-damage|p2a: Empoleon|326\/347|[from] Stealth Rock
|move|p1a: Bisharp|Sucker Punch|p2a: Empoleon
|-fail|p2a: Empoleon
|
|-heal|p2a: Empoleon|347\/347|[from] item: Leftovers
|turn|7
|
|move|p1a: Bisharp|Knock Off|p2a: Empoleon
|-damage|p2a: Empoleon|0 fnt
|-enditem|p2a: Empoleon|Leftovers|[from] move: Knock Off|[of] p1a: Bisharp
|-damage|p1a: Bisharp|6\/271|[from] item: Life Orb
|faint|p2a: Empoleon
|
|
|switch|p2a: Dragonite|Dragonite, F|385\/385
|-damage|p2a: Dragonite|289\/385|[from] Stealth Rock
|turn|8
|
|move|p2a: Dragonite|Extreme Speed|p1a: Bisharp
|-resisted|p1a: Bisharp
|-damage|p1a: Bisharp|0 fnt
|faint|p1a: Bisharp
|
|
|switch|p1a: Terrakion|Terrakion|323\/323
|turn|9
|
|switch|p2a: Breloom|Breloom, F|49\/261
|-damage|p2a: Breloom|33\/261|[from] Stealth Rock
|move|p1a: Terrakion|Substitute|p1a: Terrakion
|-start|p1a: Terrakion|Substitute
|-damage|p1a: Terrakion|243\/323
|
|turn|10
|
|move|p2a: Breloom|Mach Punch|p1a: Terrakion
|-supereffective|p1a: Terrakion
|-end|p1a: Terrakion|Substitute
|move|p1a: Terrakion|Close Combat|p2a: Breloom
|-damage|p2a: Breloom|0 fnt
|-unboost|p1a: Terrakion|def|1
|-unboost|p1a: Terrakion|spd|1
|-damage|p1a: Terrakion|211\/323|[from] item: Life Orb
|faint|p2a: Breloom
|
|
|switch|p2a: Gardevoir|Gardevoir, F|144\/277
|-damage|p2a: Gardevoir|110\/277|[from] Stealth Rock
|-ability|p2a: Gardevoir|Justified|[from] ability: Trace|[of] p1a: Terrakion
|turn|11
|
|switch|p1a: Thundurus|Thundurus, M|299\/299
|move|p2a: Gardevoir|Moonblast|p1a: Thundurus
|-damage|p1a: Thundurus|104\/299
|
|turn|12
|
|switch|p2a: Sylveon|Sylveon, F|393\/393
|-damage|p2a: Sylveon|344\/393|[from] Stealth Rock
|move|p1a: Thundurus|Thunder Wave|p2a: Sylveon
|-status|p2a: Sylveon|par
|
|turn|13
|
|move|p1a: Thundurus|Thunderbolt|p2a: Sylveon
|-damage|p2a: Sylveon|169\/393 par
|-damage|p1a: Thundurus|75\/299|[from] item: Life Orb
|move|p2a: Sylveon|Hyper Voice|p1a: Thundurus
|-damage|p1a: Thundurus|0 fnt
|faint|p1a: Thundurus
|
|
|switch|p1a: Terrakion|Terrakion|211\/323
|turn|14
|
|move|p1a: Terrakion|Stone Edge|p2a: Sylveon|[miss]
|-miss|p1a: Terrakion|p2a: Sylveon
|move|p2a: Sylveon|Hyper Voice|p1a: Terrakion
|-supereffective|p1a: Terrakion
|-damage|p1a: Terrakion|0 fnt
|faint|p1a: Terrakion
|
|
|switch|p1a: Breloom|Breloom, M|261\/261
|turn|15
|
|move|p1a: Breloom|Bullet Seed|p2a: Sylveon
|-damage|p2a: Sylveon|51\/393 par
|-damage|p2a: Sylveon|0 fnt
|-hitcount|p2a: Sylveon|2
|-damage|p1a: Breloom|235\/261|[from] item: Life Orb
|faint|p2a: Sylveon
|
|
|switch|p2a: Gardevoir|Gardevoir, F|110\/277
|-damage|p2a: Gardevoir|76\/277|[from] Stealth Rock
|-ability|p2a: Gardevoir|Technician|[from] ability: Trace|[of] p1a: Breloom
|turn|16
|
|move|p1a: Breloom|Mach Punch|p2a: Gardevoir
|-resisted|p2a: Gardevoir
|-damage|p2a: Gardevoir|28\/277
|-damage|p1a: Breloom|209\/261|[from] item: Life Orb
|move|p2a: Gardevoir|Moonblast|p1a: Breloom
|-supereffective|p1a: Breloom
|-damage|p1a: Breloom|0 fnt
|faint|p1a: Breloom
|
|
|switch|p1a: Lopunny|Lopunny-Mega, M|271\/271
|turn|17
|
|move|p1a: Lopunny|Fake Out|p2a: Gardevoir
|-damage|p2a: Gardevoir|0 fnt
|faint|p2a: Gardevoir
|
|
|switch|p2a: Gyarados|Gyarados, F|331\/331
|-damage|p2a: Gyarados|249\/331|[from] Stealth Rock
|-ability|p2a: Gyarados|Intimidate|[of] p1a: Lopunny
|-unboost|p1a: Lopunny|atk|1
|turn|18
|
|move|p1a: Lopunny|Return|p2a: Gyarados
|-damage|p2a: Gyarados|108\/331
|move|p2a: Gyarados|Waterfall|p1a: Lopunny
|-damage|p1a: Lopunny|121\/271
|
|turn|19
|c|âIIID|gg
|c|âbewww|gg
|
|detailschange|p2a: Gyarados|Gyarados-Mega, F
|-mega|p2a: Gyarados|Gyarados|Gyaradosite
|-ability|p2a: Gyarados|Mold Breaker
|move|p1a: Lopunny|Return|p2a: Gyarados
|-damage|p2a: Gyarados|0 fnt
|faint|p2a: Gyarados
|
|
|switch|p2a: Dragonite|Dragonite, F|289\/385
|-damage|p2a: Dragonite|193\/385|[from] Stealth Rock
|turn|20
|
|move|p2a: Dragonite|Extreme Speed|p1a: Lopunny
|-damage|p1a: Lopunny|0 fnt
|faint|p1a: Lopunny
|
|win|bewww
|raw|Ladder updating...
|raw|IIID's rating: 1543 &rarr; <strong>1524<\/strong><br \/>(-19 for losing)
|raw|bewww's rating: 1560 &rarr; <strong>1579<\/strong><br \/>(+19 for winning)