|join|survivor tele
|join|still the n1
|player|p1|survivor tele|167
|player|p2|still the n1|1
|gametype|singles
|gen|6
|tier|OU
|rated
|clearpoke
|poke|p1|Breloom, F
|poke|p1|Landorus-Therian, M
|poke|p1|Garchomp, M
|poke|p1|Crawdaunt, F
|poke|p1|Metagross
|poke|p1|Gengar, F
|poke|p2|Latios, M
|poke|p2|Jirachi
|poke|p2|Gliscor, F
|poke|p2|Starmie
|poke|p2|Heatran, F
|poke|p2|Venusaur, M
|rule|Swagger Clause: Swagger is banned
|rule|Baton Pass Clause: Limit one PokÃ©mon knowing Baton Pass
|rule|Sleep Clause Mod: Limit one foe put to sleep
|rule|Species Clause: Limit one of each PokÃ©mon
|rule|OHKO Clause: OHKO moves are banned
|rule|Moody Clause: Moody is banned
|rule|Evasion Moves Clause: Evasion moves are banned
|rule|Endless Battle Clause: Forcing endless battles is banned
|rule|HP Percentage Mod: HP is shown in percentages
|teampreview
|
|start
|switch|p1a: Gengar|Gengar, F|261\/261
|switch|p2a: Venusaur|Venusaur, M|341\/341
|turn|1
|
|detailschange|p2a: Venusaur|Venusaur-Mega, M
|message|Venusaur has Mega Evolved into Mega Venusaur!
|move|p1a: Gengar|Shadow Ball|p2a: Venusaur
|-damage|p2a: Venusaur|185\/341
|-damage|p1a: Gengar|235\/261|[from] item: Life Orb
|move|p2a: Venusaur|Synthesis|p2a: Venusaur
|-heal|p2a: Venusaur|341\/341
|
|turn|2
|
|switch|p1a: Metagross|Metagross|301\/301
|switch|p2a: Gliscor|Gliscor, F|352\/352
|
|-status|p2a: Gliscor|tox|[from] item: Toxic Orb
|turn|3
|
|switch|p1a: Garchomp|Garchomp, M|357\/357
|switch|p2a: Starmie|Starmie|323\/323
|
|turn|4
|
|move|p2a: Starmie|Scald|p1a: Garchomp
|-damage|p1a: Garchomp|246\/357
|-status|p1a: Garchomp|brn
|move|p1a: Garchomp|Stealth Rock|p2a: Starmie
|-sidestart|p2: still the n1|move: Stealth Rock
|
|-damage|p1a: Garchomp|202\/357 brn|[from] brn
|turn|5
|
|switch|p1a: Gengar|Gengar, F|235\/261
|move|p2a: Starmie|Scald|p1a: Gengar
|-damage|p1a: Gengar|106\/261
|
|turn|6
|
|move|p2a: Starmie|Scald|p1a: Gengar
|-damage|p1a: Gengar|0 fnt
|faint|p1a: Gengar
|
|
|switch|p1a: Landorus-Therian|Landorus-Therian, M|319\/319
|-ability|p1a: Landorus-Therian|Intimidate|[of] p2a: Starmie
|-unboost|p2a: Starmie|atk|1
|turn|7
|
|switch|p2a: Gliscor|Gliscor, F|352\/352 tox
|-damage|p2a: Gliscor|308\/352 tox|[from] Stealth Rock
|move|p1a: Landorus-Therian|Explosion|p2a: Gliscor
|-damage|p2a: Gliscor|30\/352 tox
|faint|p1a: Landorus-Therian
|
|-heal|p2a: Gliscor|74\/352 tox|[from] ability: Poison Heal
|
|switch|p1a: Crawdaunt|Crawdaunt, F|267\/267
|turn|8
|
|move|p2a: Gliscor|Taunt|p1a: Crawdaunt
|-start|p1a: Crawdaunt|move: Taunt
|cant|p1a: Crawdaunt|move: Taunt|Swords Dance
|
|-heal|p2a: Gliscor|118\/352 tox|[from] ability: Poison Heal
|turn|9
|
|switch|p2a: Venusaur|Venusaur-Mega, M|341\/341
|-damage|p2a: Venusaur|299\/341|[from] Stealth Rock
|move|p1a: Crawdaunt|Knock Off|p2a: Venusaur
|-damage|p2a: Venusaur|172\/341
|-damage|p1a: Crawdaunt|241\/267|[from] item: Life Orb
|
|turn|10
|
|switch|p1a: Metagross|Metagross|301\/301
|move|p2a: Venusaur|Synthesis|p2a: Venusaur
|-heal|p2a: Venusaur|341\/341
|
|turn|11
|
|switch|p1a: Breloom|Breloom, F|261\/261
|switch|p2a: Gliscor|Gliscor, F|118\/352 tox
|-damage|p2a: Gliscor|74\/352 tox|[from] Stealth Rock
|
|-heal|p2a: Gliscor|118\/352 tox|[from] ability: Poison Heal
|turn|12
|
|move|p2a: Gliscor|Knock Off|p1a: Breloom
|-resisted|p1a: Breloom
|-damage|p1a: Breloom|214\/261
|-enditem|p1a: Breloom|Life Orb|[from] move: Knock Off|[of] p2a: Gliscor
|move|p1a: Breloom|Swords Dance|p1a: Breloom
|-boost|p1a: Breloom|atk|2
|
|-heal|p2a: Gliscor|162\/352 tox|[from] ability: Poison Heal
|turn|13
|
|move|p2a: Gliscor|Taunt|p1a: Breloom
|-start|p1a: Breloom|move: Taunt
|move|p1a: Breloom|Bullet Seed|p2a: Gliscor
|-damage|p2a: Gliscor|47\/352 tox
|-damage|p2a: Gliscor|0 fnt
|-hitcount|p2a: Gliscor|2
|faint|p2a: Gliscor
|
|
|switch|p2a: Latios|Latios, M|302\/302
|-damage|p2a: Latios|265\/302|[from] Stealth Rock
|turn|14
|
|switch|p1a: Metagross|Metagross|301\/301
|move|p2a: Latios|Draco Meteor|p1a: Metagross
|-resisted|p1a: Metagross
|-damage|p1a: Metagross|157\/301
|-unboost|p2a: Latios|spa|2
|
|turn|15
|
|switch|p2a: Starmie|Starmie|323\/323
|-damage|p2a: Starmie|283\/323|[from] Stealth Rock
|detailschange|p1a: Metagross|Metagross-Mega
|message|Metagross has Mega Evolved into Mega Metagross!
|move|p1a: Metagross|Meteor Mash|p2a: Starmie
|-resisted|p2a: Starmie
|-damage|p2a: Starmie|152\/323
|
|-heal|p2a: Starmie|172\/323|[from] item: Leftovers
|turn|16
|
|move|p2a: Starmie|Recover|p2a: Starmie
|-heal|p2a: Starmie|323\/323
|move|p1a: Metagross|Grass Knot|p2a: Starmie
|-supereffective|p2a: Starmie
|-damage|p2a: Starmie|115\/323
|
|-heal|p2a: Starmie|135\/323|[from] item: Leftovers
|turn|17
|
|move|p2a: Starmie|Scald|p1a: Metagross
|-damage|p1a: Metagross|60\/301
|move|p1a: Metagross|Grass Knot|p2a: Starmie
|-supereffective|p2a: Starmie
|-damage|p2a: Starmie|0 fnt
|faint|p2a: Starmie
|
|
|switch|p2a: Latios|Latios, M|265\/302
|-damage|p2a: Latios|228\/302|[from] Stealth Rock
|turn|18
|
|switch|p1a: Garchomp|Garchomp, M|202\/357 brn
|move|p2a: Latios|Surf|p1a: Garchomp
|-damage|p1a: Garchomp|87\/357 brn
|
|-damage|p1a: Garchomp|43\/357 brn|[from] brn
|turn|19
|
|move|p2a: Latios|Surf|p1a: Garchomp
|-damage|p1a: Garchomp|0 fnt
|faint|p1a: Garchomp
|
|
|switch|p1a: Crawdaunt|Crawdaunt, F|241\/267
|turn|20
|
|switch|p2a: Heatran|Heatran, F|384\/384
|-damage|p2a: Heatran|336\/384|[from] Stealth Rock
|switch|p1a: Metagross|Metagross-Mega|60\/301
|
|-heal|p2a: Heatran|360\/384|[from] item: Leftovers
|turn|21
|
|move|p1a: Metagross|Earthquake|p2a: Heatran
|-supereffective|p2a: Heatran
|-damage|p2a: Heatran|0 fnt
|faint|p2a: Heatran
|
|
|switch|p2a: Latios|Latios, M|228\/302
|-damage|p2a: Latios|191\/302|[from] Stealth Rock
|turn|22
|
|switch|p1a: Breloom|Breloom, F|214\/261
|move|p2a: Latios|Draco Meteor|p1a: Breloom
|-damage|p1a: Breloom|0 fnt
|-unboost|p2a: Latios|spa|2
|faint|p1a: Breloom
|
|
|switch|p1a: Metagross|Metagross-Mega|60\/301
|turn|23
|
|switch|p2a: Jirachi|Jirachi|404\/404
|-damage|p2a: Jirachi|379\/404|[from] Stealth Rock
|move|p1a: Metagross|Earthquake|p2a: Jirachi
|-supereffective|p2a: Jirachi
|-damage|p2a: Jirachi|137\/404
|
|-heal|p2a: Jirachi|162\/404|[from] item: Leftovers
|turn|24
|
|move|p1a: Metagross|Earthquake|p2a: Jirachi
|-supereffective|p2a: Jirachi
|-damage|p2a: Jirachi|0 fnt
|faint|p2a: Jirachi
|
|
|switch|p2a: Latios|Latios, M|191\/302
|-damage|p2a: Latios|154\/302|[from] Stealth Rock
|turn|25
|
|move|p2a: Latios|Draco Meteor|p1a: Metagross
|-resisted|p1a: Metagross
|-damage|p1a: Metagross|0 fnt
|-unboost|p2a: Latios|spa|2
|faint|p1a: Metagross
|
|
|switch|p1a: Crawdaunt|Crawdaunt, F|241\/267
|turn|26
|
|move|p2a: Latios|Draco Meteor|p1a: Crawdaunt
|-crit|p1a: Crawdaunt
|-damage|p1a: Crawdaunt|0 fnt
|-unboost|p2a: Latios|spa|2
|faint|p1a: Crawdaunt
|
|win|still the n1
|raw|Ladder updating...
|leave|survivor tele
|player|p1
|raw|survivor tele's rating: 1740 &rarr; <strong>1715<\/strong><br \/>(-25 for losing)
|raw|still the n1's rating: 1647 &rarr; <strong>1672<\/strong><br \/>(+25 for winning)