|join|Wixer
|join|still the n1
|player|p1|Wixer|275
|player|p2|still the n1|1
|gametype|singles
|gen|6
|tier|OU
|rated
|clearpoke
|poke|p1|Azelf
|poke|p1|Gengar, F
|poke|p1|Kyurem-Black
|poke|p1|Metagross
|poke|p1|Azumarill, F
|poke|p1|Garchomp, F
|poke|p2|Landorus-Therian, M
|poke|p2|Tyranitar, F
|poke|p2|Slowbro, M
|poke|p2|Clefable, F
|poke|p2|Keldeo
|poke|p2|Jirachi
|rule|Swagger Clause: Swagger is banned
|rule|Baton Pass Clause: Limit one PokÃ©mon knowing Baton Pass
|rule|Sleep Clause Mod: Limit one foe put to sleep
|rule|Species Clause: Limit one of each PokÃ©mon
|rule|OHKO Clause: OHKO moves are banned
|rule|Moody Clause: Moody is banned
|rule|Evasion Moves Clause: Evasion moves are banned
|rule|Endless Battle Clause: Forcing endless battles is banned
|rule|HP Percentage Mod: HP is shown in percentages
|teampreview
|
|start
|switch|p1a: Azelf|Azelf|291\/291
|switch|p2a: Tyranitar|Tyranitar, F|341\/341
|-weather|Sandstorm
|turn|1
|
|move|p2a: Tyranitar|Crunch|p1a: Azelf
|-supereffective|p1a: Azelf
|-enditem|p1a: Azelf|Focus Sash
|-damage|p1a: Azelf|1\/291
|-unboost|p1a: Azelf|def|1
|move|p1a: Azelf|Stealth Rock|p2a: Tyranitar
|-sidestart|p2: still the n1|move: Stealth Rock
|
|-weather|Sandstorm|[upkeep]
|-damage|p1a: Azelf|0 fnt|[from] sandstorm
|faint|p1a: Azelf
|
|switch|p1a: Azumarill|Azumarill, F|358\/358
|turn|2
|
|switch|p2a: Jirachi|Jirachi|403\/403
|-damage|p2a: Jirachi|378\/403|[from] Stealth Rock
|move|p1a: Azumarill|Belly Drum|p1a: Azumarill
|-damage|p1a: Azumarill|179\/358
|-setboost|p1a: Azumarill|atk|6|[from] move: Belly Drum
|-enditem|p1a: Azumarill|Sitrus Berry|[eat]
|-heal|p1a: Azumarill|268\/358|[from] item: Sitrus Berry
|
|-weather|Sandstorm|[upkeep]
|-damage|p1a: Azumarill|246\/358|[from] sandstorm
|-heal|p2a: Jirachi|403\/403|[from] item: Leftovers
|turn|3
|
|move|p2a: Jirachi|Stealth Rock|p1a: Azumarill
|-sidestart|p1: Wixer|move: Stealth Rock
|move|p1a: Azumarill|Knock Off|p2a: Jirachi
|-supereffective|p2a: Jirachi
|-damage|p2a: Jirachi|0 fnt
|-enditem|p2a: Jirachi|Leftovers|[from] move: Knock Off|[of] p1a: Azumarill
|faint|p2a: Jirachi
|
|-weather|Sandstorm|[upkeep]
|-damage|p1a: Azumarill|224\/358|[from] sandstorm
|
|switch|p2a: Clefable|Clefable, F|393\/393
|-damage|p2a: Clefable|344\/393|[from] Stealth Rock
|turn|4
|
|move|p2a: Clefable|Protect|p2a: Clefable
|-singleturn|p2a: Clefable|Protect
|move|p1a: Azumarill|Play Rough|p2a: Clefable
|-activate|p2a: Clefable|Protect
|
|-weather|Sandstorm|[upkeep]
|-damage|p1a: Azumarill|202\/358|[from] sandstorm
|-damage|p2a: Clefable|320\/393|[from] sandstorm
|-heal|p2a: Clefable|344\/393|[from] item: Leftovers
|turn|5
|
|move|p1a: Azumarill|Play Rough|p2a: Clefable
|-damage|p2a: Clefable|161\/393
|move|p2a: Clefable|Wish|p2a: Clefable
|
|-weather|none
|-heal|p2a: Clefable|185\/393|[from] item: Leftovers
|turn|6
|
|move|p2a: Clefable|Protect|p2a: Clefable
|-singleturn|p2a: Clefable|Protect
|move|p1a: Azumarill|Knock Off|p2a: Clefable
|-activate|p2a: Clefable|Protect
|
|-heal|p2a: Clefable|381\/393|[from] move: Wish|[wisher] Clefable
|-heal|p2a: Clefable|393\/393|[from] item: Leftovers
|turn|7
|
|move|p1a: Azumarill|Play Rough|p2a: Clefable
|-damage|p2a: Clefable|221\/393
|-unboost|p2a: Clefable|atk|1
|move|p2a: Clefable|Moonblast|p1a: Azumarill
|-damage|p1a: Azumarill|75\/358
|-unboost|p1a: Azumarill|spa|1
|
|-heal|p2a: Clefable|245\/393|[from] item: Leftovers
|turn|8
|
|move|p2a: Clefable|Protect|p2a: Clefable
|-singleturn|p2a: Clefable|Protect
|move|p1a: Azumarill|Play Rough|p2a: Clefable
|-activate|p2a: Clefable|Protect
|
|-heal|p2a: Clefable|269\/393|[from] item: Leftovers
|turn|9
|
|move|p1a: Azumarill|Play Rough|p2a: Clefable
|-damage|p2a: Clefable|94\/393
|move|p2a: Clefable|Wish|p2a: Clefable
|
|-heal|p2a: Clefable|118\/393|[from] item: Leftovers
|turn|10
|
|switch|p1a: Metagross|Metagross|301\/301
|-damage|p1a: Metagross|283\/301|[from] Stealth Rock
|move|p2a: Clefable|Protect|p2a: Clefable
|-fail|p2a: Clefable
|
|-heal|p2a: Clefable|314\/393|[from] move: Wish|[wisher] Clefable
|-heal|p2a: Clefable|338\/393|[from] item: Leftovers
|turn|11
|
|detailschange|p1a: Metagross|Metagross-Mega
|-mega|p1a: Metagross|Metagross|Metagrossite
|move|p2a: Clefable|Protect|p2a: Clefable
|-singleturn|p2a: Clefable|Protect
|move|p1a: Metagross|Meteor Mash|p2a: Clefable
|-activate|p2a: Clefable|Protect
|
|-heal|p2a: Clefable|362\/393|[from] item: Leftovers
|turn|12
|
|switch|p2a: Slowbro|Slowbro, M|394\/394
|-damage|p2a: Slowbro|345\/394|[from] Stealth Rock
|move|p1a: Metagross|Meteor Mash|p2a: Slowbro|[miss]
|-miss|p1a: Metagross|p2a: Slowbro
|
|turn|13
|
|switch|p1a: Azumarill|Azumarill, F|75\/358
|-damage|p1a: Azumarill|31\/358|[from] Stealth Rock
|move|p2a: Slowbro|Scald|p1a: Azumarill
|-resisted|p1a: Azumarill
|-damage|p1a: Azumarill|0 fnt
|faint|p1a: Azumarill
|
|join|Moofinman
|
|switch|p1a: Gengar|Gengar, F|259\/259
|-damage|p1a: Gengar|227\/259|[from] Stealth Rock
|turn|14
|
|switch|p2a: Landorus-Therian|Landorus-Therian, M|335\/335
|-damage|p2a: Landorus-Therian|294\/335|[from] Stealth Rock
|-ability|p2a: Landorus-Therian|Intimidate|[of] p1a: Gengar
|-unboost|p1a: Gengar|atk|1
|move|p1a: Gengar|Focus Blast|p2a: Landorus-Therian
|-resisted|p2a: Landorus-Therian
|-damage|p2a: Landorus-Therian|189\/335
|-damage|p1a: Gengar|202\/259|[from] item: Life Orb
|
|turn|15
|
|switch|p1a: Garchomp|Garchomp, F|357\/357
|-damage|p1a: Garchomp|335\/357|[from] Stealth Rock
|move|p2a: Landorus-Therian|U-turn|p1a: Garchomp
|-damage|p1a: Garchomp|244\/357
|-damage|p2a: Landorus-Therian|148\/335|[from] ability: Rough Skin|[of] p1a: Garchomp
|
|switch|p2a: Clefable|Clefable, F|362\/393
|-damage|p2a: Clefable|313\/393|[from] Stealth Rock
|
|-heal|p2a: Clefable|337\/393|[from] item: Leftovers
|turn|16
|
|move|p1a: Garchomp|Earthquake|p2a: Clefable
|-damage|p2a: Clefable|169\/393
|move|p2a: Clefable|Wish|p2a: Clefable
|
|-heal|p2a: Clefable|193\/393|[from] item: Leftovers
|turn|17
|
|move|p1a: Garchomp|Earthquake|p2a: Clefable
|-damage|p2a: Clefable|45\/393
|move|p2a: Clefable|Moonblast|p1a: Garchomp
|-supereffective|p1a: Garchomp
|-damage|p1a: Garchomp|0 fnt
|faint|p1a: Garchomp
|
|-heal|p2a: Clefable|241\/393|[from] move: Wish|[wisher] Clefable
|-heal|p2a: Clefable|265\/393|[from] item: Leftovers
|
|switch|p1a: Metagross|Metagross-Mega|283\/301
|-damage|p1a: Metagross|265\/301|[from] Stealth Rock
|turn|18
|
|move|p2a: Clefable|Protect|p2a: Clefable
|-singleturn|p2a: Clefable|Protect
|move|p1a: Metagross|Meteor Mash|p2a: Clefable
|-activate|p2a: Clefable|Protect
|
|-heal|p2a: Clefable|289\/393|[from] item: Leftovers
|turn|19
|
|switch|p1a: Kyurem-Black|Kyurem-Black|389\/389
|-damage|p1a: Kyurem-Black|292\/389|[from] Stealth Rock
|-ability|p1a: Kyurem-Black|Teravolt
|switch|p2a: Slowbro|Slowbro, M|394\/394
|-damage|p2a: Slowbro|345\/394|[from] Stealth Rock
|
|turn|20
|
|move|p1a: Kyurem-Black|Fusion Bolt|p2a: Slowbro
|-crit|p2a: Slowbro
|-supereffective|p2a: Slowbro
|-damage|p2a: Slowbro|0 fnt
|-damage|p1a: Kyurem-Black|254\/389|[from] item: Life Orb
|faint|p2a: Slowbro
|
|
|switch|p2a: Keldeo|Keldeo|323\/323
|-damage|p2a: Keldeo|303\/323|[from] Stealth Rock
|turn|21
|
|move|p2a: Keldeo|Secret Sword|p1a: Kyurem-Black
|-supereffective|p1a: Kyurem-Black
|-damage|p1a: Kyurem-Black|0 fnt
|faint|p1a: Kyurem-Black
|
|-heal|p2a: Keldeo|323\/323|[from] item: Leftovers
|
|switch|p1a: Metagross|Metagross-Mega|265\/301
|-damage|p1a: Metagross|247\/301|[from] Stealth Rock
|turn|22
|
|switch|p2a: Clefable|Clefable, F|289\/393
|-damage|p2a: Clefable|240\/393|[from] Stealth Rock
|move|p1a: Metagross|Zen Headbutt|p2a: Clefable
|-damage|p2a: Clefable|68\/393
|
|-heal|p2a: Clefable|92\/393|[from] item: Leftovers
|turn|23
|
|move|p1a: Metagross|Meteor Mash|p2a: Clefable|[miss]
|-miss|p1a: Metagross|p2a: Clefable
|move|p2a: Clefable|Moonblast|p1a: Metagross
|-resisted|p1a: Metagross
|-damage|p1a: Metagross|197\/301
|-unboost|p1a: Metagross|spa|1
|
|-heal|p2a: Clefable|116\/393|[from] item: Leftovers
|turn|24
|
|move|p1a: Metagross|Meteor Mash|p2a: Clefable
|-supereffective|p2a: Clefable
|-damage|p2a: Clefable|0 fnt
|-boost|p1a: Metagross|atk|1
|faint|p2a: Clefable
|
|
|switch|p2a: Landorus-Therian|Landorus-Therian, M|148\/335
|-damage|p2a: Landorus-Therian|107\/335|[from] Stealth Rock
|-ability|p2a: Landorus-Therian|Intimidate|[of] p1a: Metagross
|-unboost|p1a: Metagross|atk|1
|turn|25
|
|switch|p1a: Gengar|Gengar, F|202\/259
|-damage|p1a: Gengar|170\/259|[from] Stealth Rock
|move|p2a: Landorus-Therian|Earthquake|p1a: Gengar
|-immune|p1a: Gengar|[msg]
|
|turn|26
|
|switch|p2a: Keldeo|Keldeo|323\/323
|-damage|p2a: Keldeo|303\/323|[from] Stealth Rock
|move|p1a: Gengar|Shadow Ball|p2a: Keldeo
|-damage|p2a: Keldeo|96\/323
|-unboost|p2a: Keldeo|spd|1
|-damage|p1a: Gengar|145\/259|[from] item: Life Orb
|
|-heal|p2a: Keldeo|116\/323|[from] item: Leftovers
|turn|27
|
|move|p1a: Gengar|Shadow Ball|p2a: Keldeo
|-damage|p2a: Keldeo|0 fnt
|-damage|p1a: Gengar|120\/259|[from] item: Life Orb
|faint|p2a: Keldeo
|
|
|switch|p2a: Tyranitar|Tyranitar, F|341\/341
|-damage|p2a: Tyranitar|299\/341|[from] Stealth Rock
|-weather|Sandstorm
|turn|28
|
|move|p2a: Tyranitar|Crunch|p1a: Gengar
|-supereffective|p1a: Gengar
|-damage|p1a: Gengar|0 fnt
|faint|p1a: Gengar
|
|-weather|Sandstorm|[upkeep]
|
|switch|p1a: Metagross|Metagross-Mega|197\/301
|-damage|p1a: Metagross|179\/301|[from] Stealth Rock
|turn|29
|
|move|p1a: Metagross|Bullet Punch|p2a: Tyranitar
|-supereffective|p2a: Tyranitar
|-damage|p2a: Tyranitar|119\/341
|move|p2a: Tyranitar|Crunch|p1a: Metagross
|-supereffective|p1a: Metagross
|-damage|p1a: Metagross|0 fnt
|faint|p1a: Metagross
|
|win|still the n1
|raw|Ladder updating...
|raw|Wixer's rating: 1487 &rarr; <strong>1471<\/strong><br \/>(-16 for losing)
|raw|still the n1's rating: 1555 &rarr; <strong>1571<\/strong><br \/>(+16 for winning)
|leave|Wixer