|join|Non Polar
|join|still the n1
|player|p1|Non Polar|155
|player|p2|still the n1|1
|gametype|singles
|gen|6
|tier|OU
|rated
|clearpoke
|poke|p1|Gyarados, M
|poke|p1|Ferrothorn, M
|poke|p1|Latias, F
|poke|p1|Landorus-Therian, M
|poke|p1|Talonflame, M
|poke|p1|Clefable, M
|poke|p2|Landorus-Therian, M
|poke|p2|Tyranitar, F
|poke|p2|Slowbro, F
|poke|p2|Clefable, F
|poke|p2|Keldeo
|poke|p2|Jirachi
|rule|Swagger Clause: Swagger is banned
|rule|Baton Pass Clause: Limit one PokÃ©mon knowing Baton Pass
|rule|Sleep Clause Mod: Limit one foe put to sleep
|rule|Species Clause: Limit one of each PokÃ©mon
|rule|OHKO Clause: OHKO moves are banned
|rule|Moody Clause: Moody is banned
|rule|Evasion Moves Clause: Evasion moves are banned
|rule|Endless Battle Clause: Forcing endless battles is banned
|rule|HP Percentage Mod: HP is shown in percentages
|teampreview
|
|start
|switch|p1a: Landorus-Therian|Landorus-Therian, M|319\/319
|switch|p2a: Keldeo|Keldeo|323\/323
|-ability|p1a: Landorus-Therian|Intimidate|[of] p2a: Keldeo
|-unboost|p2a: Keldeo|atk|1
|turn|1
|
|switch|p1a: Ferrothorn|Ferrothorn, M|352\/352
|move|p2a: Keldeo|Scald|p1a: Ferrothorn
|-resisted|p1a: Ferrothorn
|-damage|p1a: Ferrothorn|298\/352
|-status|p1a: Ferrothorn|brn
|
|-heal|p1a: Ferrothorn|320\/352 brn|[from] item: Leftovers
|-damage|p1a: Ferrothorn|276\/352 brn|[from] brn
|turn|2
|
|move|p2a: Keldeo|Secret Sword|p1a: Ferrothorn
|-supereffective|p1a: Ferrothorn
|-damage|p1a: Ferrothorn|34\/352 brn
|move|p1a: Ferrothorn|Stealth Rock|p2a: Keldeo
|-sidestart|p2: still the n1|move: Stealth Rock
|
|-heal|p1a: Ferrothorn|56\/352 brn|[from] item: Leftovers
|-damage|p1a: Ferrothorn|12\/352 brn|[from] brn
|turn|3
|
|switch|p1a: Clefable|Clefable, M|394\/394
|move|p2a: Keldeo|Substitute|p2a: Keldeo
|-start|p2a: Keldeo|Substitute
|-damage|p2a: Keldeo|243\/323
|
|-heal|p2a: Keldeo|263\/323|[from] item: Leftovers
|turn|4
|
|move|p2a: Keldeo|Scald|p1a: Clefable
|-damage|p1a: Clefable|267\/394
|move|p1a: Clefable|Moonblast|p2a: Keldeo
|-supereffective|p2a: Keldeo
|-end|p2a: Keldeo|Substitute
|
|-heal|p2a: Keldeo|283\/323|[from] item: Leftovers
|-heal|p1a: Clefable|291\/394|[from] item: Leftovers
|turn|5
|
|switch|p2a: Jirachi|Jirachi|403\/403
|-damage|p2a: Jirachi|378\/403|[from] Stealth Rock
|move|p1a: Clefable|Flamethrower|p2a: Jirachi
|-supereffective|p2a: Jirachi
|-damage|p2a: Jirachi|268\/403
|
|-heal|p2a: Jirachi|293\/403|[from] item: Leftovers
|-heal|p1a: Clefable|315\/394|[from] item: Leftovers
|turn|6
|
|switch|p1a: Ferrothorn|Ferrothorn, M|12\/352 brn
|move|p2a: Jirachi|Stealth Rock|p1a: Ferrothorn
|-sidestart|p1: Non Polar|move: Stealth Rock
|
|-heal|p2a: Jirachi|318\/403|[from] item: Leftovers
|-heal|p1a: Ferrothorn|34\/352 brn|[from] item: Leftovers
|-damage|p1a: Ferrothorn|0 fnt|[from] brn
|faint|p1a: Ferrothorn
|
|switch|p1a: Landorus-Therian|Landorus-Therian, M|319\/319
|-damage|p1a: Landorus-Therian|280\/319|[from] Stealth Rock
|-ability|p1a: Landorus-Therian|Intimidate|[of] p2a: Jirachi
|-unboost|p2a: Jirachi|atk|1
|turn|7
|
|switch|p2a: Landorus-Therian|Landorus-Therian, M|335\/335
|-damage|p2a: Landorus-Therian|294\/335|[from] Stealth Rock
|-ability|p2a: Landorus-Therian|Intimidate|[of] p1a: Landorus-Therian
|-unboost|p1a: Landorus-Therian|atk|1
|move|p1a: Landorus-Therian|Knock Off|p2a: Landorus-Therian
|-damage|p2a: Landorus-Therian|201\/335
|-enditem|p2a: Landorus-Therian|Choice Scarf|[from] move: Knock Off|[of] p1a: Landorus-Therian
|
|turn|8
|
|move|p1a: Landorus-Therian|Knock Off|p2a: Landorus-Therian
|-damage|p2a: Landorus-Therian|142\/335
|move|p2a: Landorus-Therian|U-turn|p1a: Landorus-Therian
|-resisted|p1a: Landorus-Therian
|-damage|p1a: Landorus-Therian|235\/319
|
|switch|p2a: Slowbro|Slowbro, F|394\/394
|-damage|p2a: Slowbro|345\/394|[from] Stealth Rock
|
|turn|9
|
|switch|p1a: Clefable|Clefable, M|315\/394
|move|p2a: Slowbro|Calm Mind|p2a: Slowbro
|-boost|p2a: Slowbro|spa|1
|-boost|p2a: Slowbro|spd|1
|
|-heal|p1a: Clefable|339\/394|[from] item: Leftovers
|turn|10
|
|move|p1a: Clefable|Calm Mind|p1a: Clefable
|-boost|p1a: Clefable|spa|1
|-boost|p1a: Clefable|spd|1
|move|p2a: Slowbro|Calm Mind|p2a: Slowbro
|-boost|p2a: Slowbro|spa|1
|-boost|p2a: Slowbro|spd|1
|
|-heal|p1a: Clefable|363\/394|[from] item: Leftovers
|turn|11
|
|move|p1a: Clefable|Moonblast|p2a: Slowbro
|-damage|p2a: Slowbro|273\/394
|move|p2a: Slowbro|Calm Mind|p2a: Slowbro
|-boost|p2a: Slowbro|spa|1
|-boost|p2a: Slowbro|spd|1
|
|-heal|p1a: Clefable|387\/394|[from] item: Leftovers
|turn|12
|
|detailschange|p2a: Slowbro|Slowbro-Mega, F
|-mega|p2a: Slowbro|Slowbro|Slowbronite
|move|p1a: Clefable|Calm Mind|p1a: Clefable
|-boost|p1a: Clefable|spa|1
|-boost|p1a: Clefable|spd|1
|move|p2a: Slowbro|Slack Off|p2a: Slowbro
|-heal|p2a: Slowbro|394\/394
|
|-heal|p1a: Clefable|394\/394|[from] item: Leftovers
|turn|13
|
|move|p1a: Clefable|Moonblast|p2a: Slowbro
|-damage|p2a: Slowbro|307\/394
|-unboost|p2a: Slowbro|spa|1
|move|p2a: Slowbro|Calm Mind|p2a: Slowbro
|-boost|p2a: Slowbro|spa|1
|-boost|p2a: Slowbro|spd|1
|
|turn|14
|
|move|p1a: Clefable|Calm Mind|p1a: Clefable
|-boost|p1a: Clefable|spa|1
|-boost|p1a: Clefable|spd|1
|move|p2a: Slowbro|Calm Mind|p2a: Slowbro
|-boost|p2a: Slowbro|spa|1
|-boost|p2a: Slowbro|spd|1
|
|turn|15
|
|move|p1a: Clefable|Calm Mind|p1a: Clefable
|-boost|p1a: Clefable|spa|1
|-boost|p1a: Clefable|spd|1
|move|p2a: Slowbro|Calm Mind|p2a: Slowbro
|-boost|p2a: Slowbro|spa|1
|-boost|p2a: Slowbro|spd|1
|
|turn|16
|
|move|p1a: Clefable|Calm Mind|p1a: Clefable
|-boost|p1a: Clefable|spa|1
|-boost|p1a: Clefable|spd|1
|move|p2a: Slowbro|Calm Mind|p2a: Slowbro
|-boost|p2a: Slowbro|spa|1
|
|turn|17
|
|move|p1a: Clefable|Calm Mind|p1a: Clefable
|-boost|p1a: Clefable|spa|1
|-boost|p1a: Clefable|spd|1
|move|p2a: Slowbro|Slack Off|p2a: Slowbro
|-heal|p2a: Slowbro|394\/394
|
|turn|18
|
|move|p1a: Clefable|Moonblast|p2a: Slowbro
|-damage|p2a: Slowbro|301\/394
|move|p2a: Slowbro|Psyshock|p1a: Clefable
|-damage|p1a: Clefable|0 fnt
|faint|p1a: Clefable
|
|-message|Non Polar forfeited.
|leave|Non Polar
|
|win|still the n1
|raw|Ladder updating...
|raw|Non Polar's rating: 1521 &rarr; <strong>1501<\/strong><br \/>(-20 for losing)
|raw|still the n1's rating: 1525 &rarr; <strong>1545<\/strong><br \/>(+20 for winning)