|join|SLBoss
|join|still the n1
|player|p1|SLBoss|265
|player|p2|still the n1|1
|gametype|singles
|gen|6
|tier|OU (suspect test)
|rated
|clearpoke
|poke|p1|Metagross
|poke|p1|Rotom-Wash
|poke|p1|Landorus-Therian, M
|poke|p1|Sylveon, M
|poke|p1|Latias, F
|poke|p1|Heatran, F
|poke|p2|Tyranitar, M
|poke|p2|Clefable, M
|poke|p2|Empoleon, F
|poke|p2|Gliscor, F
|poke|p2|Charizard, M
|poke|p2|Keldeo-Resolute
|rule|Swagger Clause: Swagger is banned
|rule|Baton Pass Clause: Limit one PokÃ©mon knowing Baton Pass
|rule|Sleep Clause Mod: Limit one foe put to sleep
|rule|Species Clause: Limit one of each PokÃ©mon
|rule|OHKO Clause: OHKO moves are banned
|rule|Moody Clause: Moody is banned
|rule|Evasion Moves Clause: Evasion moves are banned
|rule|Endless Battle Clause: Forcing endless battles is banned
|rule|HP Percentage Mod: HP is shown in percentages
|teampreview
|
|start
|switch|p1a: Metagross|Metagross|301\/301
|switch|p2a: Clefable|Clefable, M|393\/393
|turn|1
|
|switch|p2a: Empoleon|Empoleon, F|363\/363
|detailschange|p1a: Metagross|Metagross-Mega
|-mega|p1a: Metagross|Metagross|Metagrossite
|move|p1a: Metagross|Iron Head|p2a: Empoleon
|-resisted|p2a: Empoleon
|-damage|p2a: Empoleon|308\/363
|
|-heal|p2a: Empoleon|330\/363|[from] item: Leftovers
|turn|2
|
|move|p1a: Metagross|Earthquake|p2a: Empoleon
|-supereffective|p2a: Empoleon
|-damage|p2a: Empoleon|66\/363
|move|p2a: Empoleon|Stealth Rock|p1a: Metagross
|-sidestart|p1: SLBoss|move: Stealth Rock
|
|-heal|p2a: Empoleon|88\/363|[from] item: Leftovers
|turn|3
|
|switch|p2a: Gliscor|Gliscor, F|352\/352
|move|p1a: Metagross|Earthquake|p2a: Gliscor
|-immune|p2a: Gliscor|[msg]
|
|-status|p2a: Gliscor|tox|[from] item: Toxic Orb
|turn|4
|
|move|p1a: Metagross|Ice Punch|p2a: Gliscor
|-supereffective|p2a: Gliscor
|-damage|p2a: Gliscor|0 fnt
|faint|p2a: Gliscor
|
|
|switch|p2a: Charizard|Charizard, M|311\/311
|turn|5
|
|detailschange|p2a: Charizard|Charizard-Mega-X, M
|-mega|p2a: Charizard|Charizard|Charizardite X
|move|p1a: Metagross|Zen Headbutt|p2a: Charizard|[miss]
|-miss|p1a: Metagross|p2a: Charizard
|move|p2a: Charizard|Flare Blitz|p1a: Metagross
|-supereffective|p1a: Metagross
|-damage|p1a: Metagross|0 fnt
|-damage|p2a: Charizard|212\/311|[from] recoil|[of] p1a: Metagross
|faint|p1a: Metagross
|
|
|switch|p1a: Latias|Latias, F|301\/301
|-damage|p1a: Latias|264\/301|[from] Stealth Rock
|turn|6
|
|switch|p2a: Clefable|Clefable, M|393\/393
|move|p1a: Latias|Draco Meteor|p2a: Clefable
|-immune|p2a: Clefable|[msg]
|
|turn|7
|
|move|p1a: Latias|Psyshock|p2a: Clefable
|-damage|p2a: Clefable|240\/393
|-damage|p1a: Latias|234\/301|[from] item: Life Orb
|move|p2a: Clefable|Moonblast|p1a: Latias
|-supereffective|p1a: Latias
|-damage|p1a: Latias|48\/301
|
|-heal|p2a: Clefable|264\/393|[from] item: Leftovers
|turn|8
|
|switch|p1a: Heatran|Heatran, F|385\/385
|-damage|p1a: Heatran|337\/385|[from] Stealth Rock
|move|p2a: Clefable|Soft-Boiled|p2a: Clefable
|-heal|p2a: Clefable|393\/393
|
|-heal|p1a: Heatran|361\/385|[from] item: Leftovers
|turn|9
|
|switch|p2a: Empoleon|Empoleon, F|88\/363
|move|p1a: Heatran|Toxic|p2a: Empoleon
|-fail|p2a: Empoleon
|
|-heal|p1a: Heatran|385\/385|[from] item: Leftovers
|-heal|p2a: Empoleon|110\/363|[from] item: Leftovers
|turn|10
|
|move|p1a: Heatran|Lava Plume|p2a: Empoleon
|-damage|p2a: Empoleon|17\/363
|-status|p2a: Empoleon|brn
|move|p2a: Empoleon|Scald|p1a: Heatran
|-supereffective|p1a: Heatran
|-damage|p1a: Heatran|181\/385
|
|-heal|p1a: Heatran|205\/385|[from] item: Leftovers
|-heal|p2a: Empoleon|39\/363 brn|[from] item: Leftovers
|-damage|p2a: Empoleon|0 fnt|[from] brn
|faint|p2a: Empoleon
|
|switch|p2a: Keldeo-Resolute|Keldeo-Resolute|323\/323
|turn|11
|
|move|p1a: Heatran|Protect|p1a: Heatran
|-singleturn|p1a: Heatran|Protect
|move|p2a: Keldeo-Resolute|Scald|p1a: Heatran
|-activate|p1a: Heatran|Protect
|
|-heal|p1a: Heatran|229\/385|[from] item: Leftovers
|turn|12
|
|switch|p1a: Rotom-Wash|Rotom-Wash|304\/304
|-damage|p1a: Rotom-Wash|266\/304|[from] Stealth Rock
|move|p2a: Keldeo-Resolute|Scald|p1a: Rotom-Wash
|-resisted|p1a: Rotom-Wash
|-damage|p1a: Rotom-Wash|190\/304
|
|-heal|p1a: Rotom-Wash|209\/304|[from] item: Leftovers
|turn|13
|
|switch|p2a: Charizard|Charizard-Mega-X, M|212\/311
|move|p1a: Rotom-Wash|Pain Split|p2a: Charizard
|-sethp|p2a: Charizard|210\/311|p1a: Rotom-Wash|210\/304|[from] move: Pain Split
|
|-heal|p1a: Rotom-Wash|229\/304|[from] item: Leftovers
|turn|14
|
|switch|p1a: Landorus-Therian|Landorus-Therian, M|382\/382
|-damage|p1a: Landorus-Therian|335\/382|[from] Stealth Rock
|-ability|p1a: Landorus-Therian|Intimidate|[of] p2a: Charizard
|-unboost|p2a: Charizard|atk|1
|move|p2a: Charizard|Dragon Claw|p1a: Landorus-Therian
|-damage|p1a: Landorus-Therian|218\/382
|
|-heal|p1a: Landorus-Therian|241\/382|[from] item: Leftovers
|turn|15
|
|move|p2a: Charizard|Flare Blitz|p1a: Landorus-Therian
|-damage|p1a: Landorus-Therian|88\/382
|-damage|p2a: Charizard|160\/311|[from] recoil|[of] p1a: Landorus-Therian
|move|p1a: Landorus-Therian|Earthquake|p2a: Charizard
|-supereffective|p2a: Charizard
|-damage|p2a: Charizard|0 fnt
|faint|p2a: Charizard
|
|-heal|p1a: Landorus-Therian|111\/382|[from] item: Leftovers
|
|switch|p2a: Keldeo-Resolute|Keldeo-Resolute|323\/323
|turn|16
|
|switch|p1a: Sylveon|Sylveon, M|394\/394
|-damage|p1a: Sylveon|345\/394|[from] Stealth Rock
|move|p2a: Keldeo-Resolute|Scald|p1a: Sylveon
|-damage|p1a: Sylveon|189\/394
|
|-heal|p1a: Sylveon|213\/394|[from] item: Leftovers
|turn|17
|
|switch|p2a: Clefable|Clefable, M|393\/393
|move|p1a: Sylveon|Protect|p1a: Sylveon
|-fail|p1a: Sylveon
|
|-heal|p1a: Sylveon|237\/394|[from] item: Leftovers
|turn|18
|
|move|p2a: Clefable|Calm Mind|p2a: Clefable
|-boost|p2a: Clefable|spa|1
|-boost|p2a: Clefable|spd|1
|move|p1a: Sylveon|Wish|p1a: Sylveon
|
|-heal|p1a: Sylveon|261\/394|[from] item: Leftovers
|turn|19
|
|switch|p1a: Heatran|Heatran, F|229\/385
|-damage|p1a: Heatran|181\/385|[from] Stealth Rock
|move|p2a: Clefable|Moonblast|p1a: Heatran
|-crit|p1a: Heatran
|-resisted|p1a: Heatran
|-damage|p1a: Heatran|139\/385
|-unboost|p1a: Heatran|spa|1
|
|-heal|p1a: Heatran|336\/385|[from] move: Wish|[wisher] Sylveon
|-heal|p1a: Heatran|360\/385|[from] item: Leftovers
|turn|20
|
|move|p1a: Heatran|Taunt|p2a: Clefable
|-start|p2a: Clefable|move: Taunt
|cant|p2a: Clefable|move: Taunt|Calm Mind
|
|-heal|p1a: Heatran|384\/385|[from] item: Leftovers
|turn|21
|
|move|p1a: Heatran|Toxic|p2a: Clefable
|-status|p2a: Clefable|tox
|move|p2a: Clefable|Moonblast|p1a: Heatran
|-resisted|p1a: Heatran
|-damage|p1a: Heatran|356\/385
|-unboost|p1a: Heatran|spa|1
|
|-heal|p1a: Heatran|380\/385|[from] item: Leftovers
|turn|22
|
|switch|p2a: Keldeo-Resolute|Keldeo-Resolute|323\/323
|move|p1a: Heatran|Lava Plume|p2a: Keldeo-Resolute
|-resisted|p2a: Keldeo-Resolute
|-damage|p2a: Keldeo-Resolute|290\/323
|-status|p2a: Keldeo-Resolute|brn
|
|-heal|p1a: Heatran|385\/385|[from] item: Leftovers
|-damage|p2a: Keldeo-Resolute|250\/323 brn|[from] brn
|turn|23
|
|move|p1a: Heatran|Protect|p1a: Heatran
|-singleturn|p1a: Heatran|Protect
|move|p2a: Keldeo-Resolute|Hydro Pump|p1a: Heatran
|-activate|p1a: Heatran|Protect
|
|-damage|p2a: Keldeo-Resolute|210\/323 brn|[from] brn
|turn|24
|
|switch|p1a: Latias|Latias, F|48\/301
|-damage|p1a: Latias|11\/301|[from] Stealth Rock
|move|p2a: Keldeo-Resolute|Hydro Pump|p1a: Latias
|-resisted|p1a: Latias
|-damage|p1a: Latias|0 fnt
|faint|p1a: Latias
|
|-damage|p2a: Keldeo-Resolute|170\/323 brn|[from] brn
|
|switch|p1a: Sylveon|Sylveon, M|261\/394
|-damage|p1a: Sylveon|212\/394|[from] Stealth Rock
|turn|25
|
|switch|p2a: Tyranitar|Tyranitar, M|342\/342
|-weather|Sandstorm
|move|p1a: Sylveon|Protect|p1a: Sylveon
|-fail|p1a: Sylveon
|
|-weather|Sandstorm|[upkeep]
|-damage|p1a: Sylveon|188\/394|[from] sandstorm
|-heal|p1a: Sylveon|212\/394|[from] item: Leftovers
|turn|26
|
|move|p1a: Sylveon|Protect|p1a: Sylveon
|-singleturn|p1a: Sylveon|Protect
|move|p2a: Tyranitar|Stone Edge|p1a: Sylveon
|-activate|p1a: Sylveon|Protect
|
|-weather|Sandstorm|[upkeep]
|-damage|p1a: Sylveon|188\/394|[from] sandstorm
|-heal|p1a: Sylveon|212\/394|[from] item: Leftovers
|turn|27
|
|move|p2a: Tyranitar|Stone Edge|p1a: Sylveon
|-damage|p1a: Sylveon|50\/394
|move|p1a: Sylveon|Wish|p1a: Sylveon
|
|-weather|Sandstorm|[upkeep]
|-damage|p1a: Sylveon|26\/394|[from] sandstorm
|-heal|p1a: Sylveon|50\/394|[from] item: Leftovers
|turn|28
|
|switch|p2a: Clefable|Clefable, M|393\/393 tox
|move|p1a: Sylveon|Protect|p1a: Sylveon
|-fail|p1a: Sylveon
|
|-weather|Sandstorm|[upkeep]
|-damage|p1a: Sylveon|26\/394|[from] sandstorm
|-heal|p1a: Sylveon|223\/394|[from] move: Wish|[wisher] Sylveon
|-heal|p1a: Sylveon|247\/394|[from] item: Leftovers
|turn|29
|
|switch|p1a: Heatran|Heatran, F|385\/385
|-damage|p1a: Heatran|337\/385|[from] Stealth Rock
|move|p2a: Clefable|Calm Mind|p2a: Clefable
|-boost|p2a: Clefable|spa|1
|-boost|p2a: Clefable|spd|1
|
|-weather|none
|-heal|p1a: Heatran|361\/385|[from] item: Leftovers
|turn|30
|
|switch|p2a: Keldeo-Resolute|Keldeo-Resolute|170\/323 brn
|move|p1a: Heatran|Lava Plume|p2a: Keldeo-Resolute
|-resisted|p2a: Keldeo-Resolute
|-damage|p2a: Keldeo-Resolute|106\/323 brn
|
|-heal|p1a: Heatran|385\/385|[from] item: Leftovers
|-damage|p2a: Keldeo-Resolute|66\/323 brn|[from] brn
|turn|31
|-message|still the n1 forfeited.
|
|move|p1a: Heatran|Protect|p1a: Heatran
|-singleturn|p1a: Heatran|Protect
|move|p2a: Keldeo-Resolute|Scald|p1a: Heatran
|-activate|p1a: Heatran|Protect
|
|-damage|p2a: Keldeo-Resolute|26\/323 brn|[from] brn
|turn|32
|leave|still the n1
|
|win|SLBoss
|raw|Ladder updating...
|player|p2