|join|God Rolo
|join|Judo Black Belt
|player|p1|God Rolo|291
|player|p2|Judo Black Belt|151
|gametype|singles
|gen|6
|tier|OU
|rated
|clearpoke
|poke|p1|Metagross
|poke|p1|Alomomola, M
|poke|p1|Tornadus-Therian, M, shiny
|poke|p1|Donphan, M
|poke|p1|Amoonguss, M
|poke|p1|Chansey, F
|poke|p2|Diancie
|poke|p2|Gothitelle, M, shiny
|poke|p2|Breloom, F
|poke|p2|Celebi
|poke|p2|Garchomp, F
|poke|p2|Bisharp, F
|rule|Swagger Clause: Swagger is banned
|rule|Baton Pass Clause: Limit one PokÃ©mon knowing Baton Pass
|rule|Sleep Clause Mod: Limit one foe put to sleep
|rule|Species Clause: Limit one of each PokÃ©mon
|rule|OHKO Clause: OHKO moves are banned
|rule|Moody Clause: Moody is banned
|rule|Evasion Moves Clause: Evasion moves are banned
|rule|Endless Battle Clause: Forcing endless battles is banned
|rule|HP Percentage Mod: HP is shown in percentages
|teampreview
|
|start
|switch|p1a: Donphan|Donphan, M|384\/384
|switch|p2a: Garchomp|Garchomp, F|420\/420
|turn|1
|
|switch|p2a: Celebi|Celebi|403\/403
|move|p1a: Donphan|Stealth Rock|p2a: Celebi
|-sidestart|p2: Judo Black Belt|move: Stealth Rock
|
|turn|2
|
|switch|p1a: Soren|Tornadus-Therian, M, shiny|332\/332
|move|p2a: Celebi|Swords Dance|p2a: Celebi
|-boost|p2a: Celebi|atk|2
|
|turn|3
|
|move|p1a: Soren|Hurricane|p2a: Celebi|[miss]
|-miss|p1a: Soren|p2a: Celebi
|move|p2a: Celebi|Baton Pass|p2a: Celebi
|
|switch|p2a: Emily|Diancie|241\/241
|-damage|p2a: Emily|211\/241|[from] Stealth Rock
|
|turn|4
|
|detailschange|p2a: Emily|Diancie-Mega
|-mega|p2a: Emily|Diancie|Diancite
|move|p1a: Soren|U-turn|p2a: Emily
|-resisted|p2a: Emily
|-damage|p2a: Emily|189\/241
|
|switch|p1a: Chansey|Chansey, F|703\/703
|move|p2a: Emily|Moonblast|p1a: Chansey
|-damage|p1a: Chansey|567\/703
|
|turn|5
|
|switch|p1a: Metagross|Metagross|301\/301
|move|p2a: Emily|Diamond Storm|p1a: Metagross
|-crit|p1a: Metagross
|-resisted|p1a: Metagross
|-damage|p1a: Metagross|88\/301
|
|turn|6
|
|switch|p2a: Garchomp|Garchomp, F|420\/420
|-damage|p2a: Garchomp|394\/420|[from] Stealth Rock
|switch|p1a: Chansey|Chansey, F|567\/703
|
|turn|7
|
|switch|p1a: Alomomola|Alomomola, M|534\/534
|move|p2a: Garchomp|Stealth Rock|p1a: Alomomola
|-sidestart|p1: God Rolo|move: Stealth Rock
|
|turn|8
|
|switch|p2a: Celebi|Celebi|403\/403
|-damage|p2a: Celebi|353\/403|[from] Stealth Rock
|move|p1a: Alomomola|Wish|p1a: Alomomola
|
|-heal|p2a: Celebi|378\/403|[from] item: Leftovers
|turn|9
|
|switch|p1a: Metagross|Metagross|88\/301
|-damage|p1a: Metagross|70\/301|[from] Stealth Rock
|move|p2a: Celebi|Baton Pass|p2a: Celebi
|
|switch|p2a: Garchomp|Garchomp, F|394\/420
|-damage|p2a: Garchomp|368\/420|[from] Stealth Rock
|
|-heal|p1a: Metagross|301\/301|[from] move: Wish|[wisher] Alomomola
|turn|10
|
|switch|p1a: Alomomola|Alomomola, M|534\/534
|-damage|p1a: Alomomola|468\/534|[from] Stealth Rock
|switch|p2a: Holyfield|Breloom, F|261\/261
|-damage|p2a: Holyfield|245\/261|[from] Stealth Rock
|
|-heal|p1a: Alomomola|501\/534|[from] item: Leftovers
|-status|p2a: Holyfield|tox|[from] item: Toxic Orb
|turn|11
|
|switch|p2a: Mrs. Jones|Gothitelle, M, shiny|281\/281
|-damage|p2a: Mrs. Jones|246\/281|[from] Stealth Rock
|switch|p1a: Amoonguss|Amoonguss, M|432\/432
|-damage|p1a: Amoonguss|378\/432|[from] Stealth Rock
|
|-heal|p1a: Amoonguss|405\/432|[from] item: Black Sludge
|turn|12
|
|move|p2a: Mrs. Jones|Psychic|p1a: Amoonguss
|-supereffective|p1a: Amoonguss
|-damage|p1a: Amoonguss|201\/432
|move|p1a: Amoonguss|Foul Play|p2a: Mrs. Jones
|-supereffective|p2a: Mrs. Jones
|-damage|p2a: Mrs. Jones|166\/281
|
|-heal|p1a: Amoonguss|228\/432|[from] item: Black Sludge
|turn|13
|
|move|p2a: Mrs. Jones|Psychic|p1a: Amoonguss
|-crit|p1a: Amoonguss
|-supereffective|p1a: Amoonguss
|-damage|p1a: Amoonguss|0 fnt
|faint|p1a: Amoonguss
|
|
|switch|p1a: Metagross|Metagross|301\/301
|-damage|p1a: Metagross|283\/301|[from] Stealth Rock
|turn|14
|
|detailschange|p1a: Metagross|Metagross-Mega
|-mega|p1a: Metagross|Metagross|Metagrossite
|move|p1a: Metagross|Pursuit|p2a: Mrs. Jones|[from]Pursuit
|-supereffective|p2a: Mrs. Jones
|-damage|p2a: Mrs. Jones|0 fnt
|faint|p2a: Mrs. Jones
|
|
|switch|p2a: Garchomp|Garchomp, F|368\/420
|-damage|p2a: Garchomp|342\/420|[from] Stealth Rock
|turn|15
|
|switch|p1a: Alomomola|Alomomola, M|534\/534
|-damage|p1a: Alomomola|468\/534|[from] Stealth Rock
|switch|p2a: Holyfield|Breloom, F|245\/261 tox
|-damage|p2a: Holyfield|229\/261 tox|[from] Stealth Rock
|
|-heal|p1a: Alomomola|501\/534|[from] item: Leftovers
|-heal|p2a: Holyfield|261\/261 tox|[from] ability: Poison Heal
|turn|16
|
|switch|p1a: Metagross|Metagross-Mega|283\/301
|-damage|p1a: Metagross|265\/301|[from] Stealth Rock
|move|p2a: Holyfield|Substitute|p2a: Holyfield
|-start|p2a: Holyfield|Substitute
|-damage|p2a: Holyfield|196\/261 tox
|
|-heal|p2a: Holyfield|228\/261 tox|[from] ability: Poison Heal
|turn|17
|
|move|p1a: Metagross|Meteor Mash|p2a: Holyfield
|-end|p2a: Holyfield|Substitute
|move|p2a: Holyfield|Spore|p1a: Metagross
|-status|p1a: Metagross|slp
|
|-heal|p2a: Holyfield|260\/261 tox|[from] ability: Poison Heal
|turn|18
|
|switch|p1a: Soren|Tornadus-Therian, M, shiny|332\/332
|-damage|p1a: Soren|249\/332|[from] Stealth Rock
|move|p2a: Holyfield|Substitute|p2a: Holyfield
|-start|p2a: Holyfield|Substitute
|-damage|p2a: Holyfield|195\/261 tox
|
|-heal|p2a: Holyfield|227\/261 tox|[from] ability: Poison Heal
|turn|19
|
|-singleturn|p2a: Holyfield|move: Focus Punch
|move|p1a: Soren|Hurricane|p2a: Holyfield
|-supereffective|p2a: Holyfield
|-end|p2a: Holyfield|Substitute
|move|p2a: Holyfield|Focus Punch|p1a: Soren
|-resisted|p1a: Soren
|-damage|p1a: Soren|58\/332
|
|-heal|p2a: Holyfield|259\/261 tox|[from] ability: Poison Heal
|turn|20
|
|move|p1a: Soren|U-turn|p2a: Holyfield
|-damage|p2a: Holyfield|197\/261 tox
|
|switch|p1a: Donphan|Donphan, M|384\/384
|-damage|p1a: Donphan|360\/384|[from] Stealth Rock
|move|p2a: Holyfield|Substitute|p2a: Holyfield
|-start|p2a: Holyfield|Substitute
|-damage|p2a: Holyfield|132\/261 tox
|
|-heal|p1a: Donphan|384\/384|[from] item: Leftovers
|-heal|p2a: Holyfield|164\/261 tox|[from] ability: Poison Heal
|turn|21
|
|move|p2a: Holyfield|Seed Bomb|p1a: Donphan
|-supereffective|p1a: Donphan
|-damage|p1a: Donphan|166\/384
|move|p1a: Donphan|Rapid Spin|p2a: Holyfield
|-activate|p2a: Holyfield|Substitute|[damage]
|-sideend|p1: God Rolo|Stealth Rock|[from] move: Rapid Spin|[of] p1a: Donphan
|
|-heal|p1a: Donphan|190\/384|[from] item: Leftovers
|-heal|p2a: Holyfield|196\/261 tox|[from] ability: Poison Heal
|turn|22
|
|switch|p1a: Soren|Tornadus-Therian, M, shiny|168\/332
|move|p2a: Holyfield|Seed Bomb|p1a: Soren
|-crit|p1a: Soren
|-resisted|p1a: Soren
|-damage|p1a: Soren|32\/332
|
|-heal|p2a: Holyfield|228\/261 tox|[from] ability: Poison Heal
|turn|23
|
|-singleturn|p2a: Holyfield|move: Focus Punch
|move|p1a: Soren|U-turn|p2a: Holyfield
|-end|p2a: Holyfield|Substitute
|
|switch|p1a: Alomomola|Alomomola, M|534\/534
|move|p2a: Holyfield|Focus Punch|p1a: Alomomola
|-damage|p1a: Alomomola|297\/534
|
|-heal|p1a: Alomomola|330\/534|[from] item: Leftovers
|-heal|p2a: Holyfield|260\/261 tox|[from] ability: Poison Heal
|turn|24
|
|switch|p1a: Soren|Tornadus-Therian, M, shiny|142\/332
|move|p2a: Holyfield|Substitute|p2a: Holyfield
|-start|p2a: Holyfield|Substitute
|-damage|p2a: Holyfield|195\/261 tox
|
|-heal|p2a: Holyfield|227\/261 tox|[from] ability: Poison Heal
|turn|25
|
|-singleturn|p2a: Holyfield|move: Focus Punch
|move|p1a: Soren|U-turn|p2a: Holyfield
|-activate|p2a: Holyfield|Substitute|[damage]
|
|switch|p1a: Alomomola|Alomomola, M|508\/534
|move|p2a: Holyfield|Focus Punch|p1a: Alomomola
|-damage|p1a: Alomomola|277\/534
|
|-heal|p1a: Alomomola|310\/534|[from] item: Leftovers
|-heal|p2a: Holyfield|259\/261 tox|[from] ability: Poison Heal
|turn|26
|
|-singleturn|p2a: Holyfield|move: Focus Punch
|switch|p1a: Soren|Tornadus-Therian, M, shiny|252\/332
|move|p2a: Holyfield|Focus Punch|p1a: Soren
|-resisted|p1a: Soren
|-damage|p1a: Soren|81\/332
|
|-heal|p2a: Holyfield|261\/261 tox|[from] ability: Poison Heal
|turn|27
|
|-singleturn|p2a: Holyfield|move: Focus Punch
|move|p1a: Soren|U-turn|p2a: Holyfield
|-crit|p2a: Holyfield
|-end|p2a: Holyfield|Substitute
|
|switch|p1a: Alomomola|Alomomola, M|488\/534
|move|p2a: Holyfield|Focus Punch|p1a: Alomomola
|-damage|p1a: Alomomola|251\/534
|
|-heal|p1a: Alomomola|284\/534|[from] item: Leftovers
|turn|28
|
|-singleturn|p2a: Holyfield|move: Focus Punch
|switch|p1a: Soren|Tornadus-Therian, M, shiny|191\/332
|move|p2a: Holyfield|Focus Punch|p1a: Soren
|-resisted|p1a: Soren
|-damage|p1a: Soren|6\/332
|
|turn|29
|
|switch|p2a: Emily|Diancie-Mega|189\/241
|-damage|p2a: Emily|159\/241|[from] Stealth Rock
|move|p1a: Soren|Hurricane|p2a: Emily|[miss]
|-miss|p1a: Soren|p2a: Emily
|
|turn|30
|
|switch|p2a: Garchomp|Garchomp, F|342\/420
|-damage|p2a: Garchomp|316\/420|[from] Stealth Rock
|move|p1a: Soren|U-turn|p2a: Garchomp
|-damage|p2a: Garchomp|279\/420
|-damage|p1a: Soren|0 fnt|[from] ability: Rough Skin|[of] p2a: Garchomp
|faint|p1a: Soren
|
|
|switch|p1a: Alomomola|Alomomola, M|462\/534
|turn|31
|
|move|p2a: Garchomp|Stealth Rock|p1a: Alomomola
|-sidestart|p1: God Rolo|move: Stealth Rock
|move|p1a: Alomomola|Scald|p2a: Garchomp
|-damage|p2a: Garchomp|230\/420
|
|-heal|p1a: Alomomola|495\/534|[from] item: Leftovers
|turn|32
|
|switch|p2a: Holyfield|Breloom, F|261\/261 tox
|-damage|p2a: Holyfield|245\/261 tox|[from] Stealth Rock
|move|p1a: Alomomola|Scald|p2a: Holyfield
|-resisted|p2a: Holyfield
|-damage|p2a: Holyfield|207\/261 tox
|
|-heal|p1a: Alomomola|528\/534|[from] item: Leftovers
|-heal|p2a: Holyfield|239\/261 tox|[from] ability: Poison Heal
|turn|33
|-message|God Rolo forfeited.
|
|win|Judo Black Belt
|raw|Ladder updating...
|raw|God Rolo's rating: 1596 &rarr; <strong>1572<\/strong><br \/>(-24 for losing)
|raw|Judo Black Belt's rating: 1524 &rarr; <strong>1548<\/strong><br \/>(+24 for winning)
|c|âJudo Black Belt|hÃ©hÃ©
|leave|God Rolo
|player|p1