|join|casalburritos
|join|God Rolo
|player|p1|casalburritos|252
|player|p2|God Rolo|291
|gametype|singles
|gen|6
|tier|OU
|rated
|clearpoke
|poke|p1|Talonflame, F
|poke|p1|Lopunny, F
|poke|p1|Excadrill, F
|poke|p1|Slowbro, F
|poke|p1|Tentacruel, F
|poke|p1|Sylveon, M
|poke|p2|Metagross
|poke|p2|Mandibuzz, F
|poke|p2|Tornadus-Therian, M, shiny
|poke|p2|Landorus-Therian, M
|poke|p2|Amoonguss, M
|poke|p2|Chansey, F
|rule|Swagger Clause: Swagger is banned
|rule|Baton Pass Clause: Limit one PokÃ©mon knowing Baton Pass
|rule|Sleep Clause Mod: Limit one foe put to sleep
|rule|Species Clause: Limit one of each PokÃ©mon
|rule|OHKO Clause: OHKO moves are banned
|rule|Moody Clause: Moody is banned
|rule|Evasion Moves Clause: Evasion moves are banned
|rule|Endless Battle Clause: Forcing endless battles is banned
|rule|HP Percentage Mod: HP is shown in percentages
|teampreview
|
|start
|switch|p1a: Tiffany|Lopunny, F|271\/271
|switch|p2a: Landorus-Therian|Landorus-Therian, M|381\/381
|-ability|p2a: Landorus-Therian|Intimidate|[of] p1a: Tiffany
|-unboost|p1a: Tiffany|atk|1
|turn|1
|
|switch|p2a: Mandibuzz|Mandibuzz, F|423\/423
|detailschange|p1a: Tiffany|Lopunny-Mega, F
|-mega|p1a: Tiffany|Lopunny|Lopunnite
|move|p1a: Tiffany|Fake Out|p2a: Mandibuzz
|-damage|p2a: Mandibuzz|384\/423
|-damage|p1a: Tiffany|226\/271|[from] item: Rocky Helmet|[of] p2a: Mandibuzz
|
|turn|2
|
|switch|p1a: Radiosa|Talonflame, F|360\/360
|move|p2a: Mandibuzz|Toxic|p1a: Radiosa|[miss]
|-miss|p2a: Mandibuzz|p1a: Radiosa
|
|turn|3
|
|move|p1a: Radiosa|Will-O-Wisp|p2a: Mandibuzz|[miss]
|-miss|p1a: Radiosa|p2a: Mandibuzz
|move|p2a: Mandibuzz|Toxic|p1a: Radiosa
|-status|p1a: Radiosa|tox
|
|-damage|p1a: Radiosa|338\/360 tox|[from] psn
|turn|4
|
|switch|p2a: Landorus-Therian|Landorus-Therian, M|381\/381
|-ability|p2a: Landorus-Therian|Intimidate|[of] p1a: Radiosa
|-unboost|p1a: Radiosa|atk|1
|move|p1a: Radiosa|Will-O-Wisp|p2a: Landorus-Therian
|-status|p2a: Landorus-Therian|brn
|
|-heal|p1a: Radiosa|360\/360 tox|[from] item: Leftovers
|-damage|p1a: Radiosa|316\/360 tox|[from] psn
|-damage|p2a: Landorus-Therian|334\/381 brn|[from] brn
|turn|5
|
|switch|p1a: Carbuncle|Sylveon, M|394\/394
|move|p2a: Landorus-Therian|Stealth Rock|p1a: Carbuncle
|-sidestart|p1: casalburritos|move: Stealth Rock
|
|-heal|p2a: Landorus-Therian|357\/381 brn|[from] item: Leftovers
|-damage|p2a: Landorus-Therian|310\/381 brn|[from] brn
|turn|6
|
|switch|p2a: Chansey|Chansey, F|703\/703
|move|p1a: Carbuncle|Heal Bell|p1a: Carbuncle
|-cureteam|p1a: Carbuncle|[from] move: HealBell
|
|turn|7
|
|switch|p1a: Nails|Excadrill, F|395\/395
|-damage|p1a: Nails|383\/395|[from] Stealth Rock
|-ability|p1a: Nails|Mold Breaker
|move|p2a: Chansey|Heal Bell|p2a: Chansey
|-cureteam|p2a: Chansey|[from] move: HealBell
|
|turn|8
|
|switch|p2a: Landorus-Therian|Landorus-Therian, M|310\/381
|-ability|p2a: Landorus-Therian|Intimidate|[of] p1a: Nails
|-unboost|p1a: Nails|atk|1
|move|p1a: Nails|Rapid Spin|p2a: Landorus-Therian
|-damage|p2a: Landorus-Therian|296\/381
|-sideend|p1: casalburritos|Stealth Rock|[from] move: Rapid Spin|[of] p1a: Nails
|
|-heal|p2a: Landorus-Therian|319\/381|[from] item: Leftovers
|turn|9
|
|switch|p1a: Tiffany|Lopunny-Mega, F|226\/271
|move|p2a: Landorus-Therian|Stealth Rock|p1a: Tiffany
|-sidestart|p1: casalburritos|move: Stealth Rock
|
|-heal|p2a: Landorus-Therian|342\/381|[from] item: Leftovers
|turn|10
|
|switch|p2a: Mandibuzz|Mandibuzz, F|384\/423
|move|p1a: Tiffany|High Jump Kick|p2a: Mandibuzz
|-damage|p2a: Mandibuzz|212\/423
|-damage|p1a: Tiffany|181\/271|[from] item: Rocky Helmet|[of] p2a: Mandibuzz
|
|turn|11
|
|move|p1a: Tiffany|High Jump Kick|p2a: Mandibuzz
|-damage|p2a: Mandibuzz|19\/423
|-damage|p1a: Tiffany|136\/271|[from] item: Rocky Helmet|[of] p2a: Mandibuzz
|move|p2a: Mandibuzz|Roost|p2a: Mandibuzz
|-heal|p2a: Mandibuzz|231\/423
|
|turn|12
|
|switch|p1a: Medusa|Tentacruel, F|350\/350
|-damage|p1a: Medusa|307\/350|[from] Stealth Rock
|move|p2a: Mandibuzz|Roost|p2a: Mandibuzz
|-heal|p2a: Mandibuzz|423\/423
|
|-heal|p1a: Medusa|328\/350|[from] item: Black Sludge
|turn|13
|
|switch|p2a: Amoonguss|Amoonguss, M|432\/432
|move|p1a: Medusa|Rapid Spin|p2a: Amoonguss
|-damage|p2a: Amoonguss|416\/432
|-sideend|p1: casalburritos|Stealth Rock|[from] move: Rapid Spin|[of] p1a: Medusa
|
|-heal|p1a: Medusa|349\/350|[from] item: Black Sludge
|-heal|p2a: Amoonguss|432\/432|[from] item: Black Sludge
|turn|14
|
|move|p1a: Medusa|Sludge Wave|p2a: Amoonguss
|-damage|p2a: Amoonguss|341\/432
|move|p2a: Amoonguss|Spore|p1a: Medusa
|-status|p1a: Medusa|slp
|
|-heal|p1a: Medusa|350\/350 slp|[from] item: Black Sludge
|-heal|p2a: Amoonguss|368\/432|[from] item: Black Sludge
|turn|15
|
|switch|p1a: Radiosa|Talonflame, F|316\/360
|switch|p2a: Landorus-Therian|Landorus-Therian, M|342\/381
|-ability|p2a: Landorus-Therian|Intimidate|[of] p1a: Radiosa
|-unboost|p1a: Radiosa|atk|1
|
|-heal|p1a: Radiosa|338\/360|[from] item: Leftovers
|-heal|p2a: Landorus-Therian|365\/381|[from] item: Leftovers
|turn|16
|
|move|p1a: Radiosa|Will-O-Wisp|p2a: Landorus-Therian
|-status|p2a: Landorus-Therian|brn
|move|p2a: Landorus-Therian|Stealth Rock|p1a: Radiosa
|-sidestart|p1: casalburritos|move: Stealth Rock
|
|-heal|p1a: Radiosa|360\/360|[from] item: Leftovers
|-heal|p2a: Landorus-Therian|381\/381 brn|[from] item: Leftovers
|-damage|p2a: Landorus-Therian|334\/381 brn|[from] brn
|turn|17
|
|switch|p2a: Soren|Tornadus-Therian, M, shiny|332\/332
|move|p1a: Radiosa|Bulk Up|p1a: Radiosa
|-boost|p1a: Radiosa|atk|1
|-boost|p1a: Radiosa|def|1
|
|turn|18
|
|move|p2a: Soren|Hurricane|p1a: Radiosa|[miss]
|-miss|p2a: Soren|p1a: Radiosa
|move|p1a: Radiosa|Bulk Up|p1a: Radiosa
|-boost|p1a: Radiosa|atk|1
|-boost|p1a: Radiosa|def|1
|
|turn|19
|
|move|p1a: Radiosa|Brave Bird|p2a: Soren
|-damage|p2a: Soren|136\/332
|-damage|p1a: Radiosa|295\/360|[from] recoil|[of] p2a: Soren
|move|p2a: Soren|Hurricane|p1a: Radiosa
|-damage|p1a: Radiosa|60\/360
|-start|p1a: Radiosa|confusion
|
|-heal|p1a: Radiosa|82\/360|[from] item: Leftovers
|turn|20
|
|switch|p2a: Mandibuzz|Mandibuzz, F|423\/423
|-activate|p1a: Radiosa|confusion
|-damage|p1a: Radiosa|65\/360|[from] confusion
|
|-heal|p1a: Radiosa|87\/360|[from] item: Leftovers
|turn|21
|
|-activate|p1a: Radiosa|confusion
|move|p1a: Radiosa|Will-O-Wisp|p2a: Mandibuzz
|-status|p2a: Mandibuzz|brn
|move|p2a: Mandibuzz|Foul Play|p1a: Radiosa
|-crit|p1a: Radiosa
|-damage|p1a: Radiosa|0 fnt
|faint|p1a: Radiosa
|
|-damage|p2a: Mandibuzz|371\/423 brn|[from] brn
|c|âcasalburritos|dammm!!!!
|
|switch|p1a: Medusa|Tentacruel, F|350\/350 slp
|-damage|p1a: Medusa|307\/350 slp|[from] Stealth Rock
|turn|22
|
|switch|p2a: Metagross|Metagross|301\/301
|cant|p1a: Medusa|slp
|
|-heal|p1a: Medusa|328\/350 slp|[from] item: Black Sludge
|turn|23
|
|switch|p1a: Elsa|Slowbro, F|393\/393
|-damage|p1a: Elsa|344\/393|[from] Stealth Rock
|detailschange|p2a: Metagross|Metagross-Mega
|-mega|p2a: Metagross|Metagross|Metagrossite
|move|p2a: Metagross|Earthquake|p1a: Elsa
|-damage|p1a: Elsa|242\/393
|
|turn|24
|
|switch|p2a: Chansey|Chansey, F|703\/703
|move|p1a: Elsa|Slack Off|p1a: Elsa
|-heal|p1a: Elsa|393\/393
|
|turn|25
|
|switch|p1a: Nails|Excadrill, F|383\/395
|-damage|p1a: Nails|371\/395|[from] Stealth Rock
|-ability|p1a: Nails|Mold Breaker
|move|p2a: Chansey|Heal Bell|p2a: Chansey
|-cureteam|p2a: Chansey|[from] move: HealBell
|
|turn|26
|
|switch|p2a: Landorus-Therian|Landorus-Therian, M|334\/381
|-ability|p2a: Landorus-Therian|Intimidate|[of] p1a: Nails
|-unboost|p1a: Nails|atk|1
|move|p1a: Nails|Rapid Spin|p2a: Landorus-Therian
|-damage|p2a: Landorus-Therian|321\/381
|-sideend|p1: casalburritos|Stealth Rock|[from] move: Rapid Spin|[of] p1a: Nails
|
|-heal|p2a: Landorus-Therian|344\/381|[from] item: Leftovers
|turn|27
|
|switch|p1a: Tiffany|Lopunny-Mega, F|136\/271
|move|p2a: Landorus-Therian|Stealth Rock|p1a: Tiffany
|-sidestart|p1: casalburritos|move: Stealth Rock
|
|-heal|p2a: Landorus-Therian|367\/381|[from] item: Leftovers
|turn|28
|
|move|p1a: Tiffany|Ice Punch|p2a: Landorus-Therian
|-supereffective|p2a: Landorus-Therian
|-damage|p2a: Landorus-Therian|75\/381
|move|p2a: Landorus-Therian|Hidden Power|p1a: Tiffany
|-supereffective|p1a: Tiffany
|-damage|p1a: Tiffany|0 fnt
|faint|p1a: Tiffany
|
|-heal|p2a: Landorus-Therian|98\/381|[from] item: Leftovers
|
|switch|p1a: Medusa|Tentacruel, F|328\/350 slp
|-damage|p1a: Medusa|285\/350 slp|[from] Stealth Rock
|turn|29
|
|cant|p1a: Medusa|slp
|move|p2a: Landorus-Therian|Earthquake|p1a: Medusa
|-supereffective|p1a: Medusa
|-damage|p1a: Medusa|3\/350 slp
|
|-heal|p1a: Medusa|24\/350 slp|[from] item: Black Sludge
|-heal|p2a: Landorus-Therian|121\/381|[from] item: Leftovers
|turn|30
|
|switch|p2a: Soren|Tornadus-Therian, M, shiny|246\/332
|-curestatus|p1a: Medusa|slp
|move|p1a: Medusa|Scald|p2a: Soren
|-crit|p2a: Soren
|-damage|p2a: Soren|150\/332
|
|-heal|p1a: Medusa|45\/350|[from] item: Black Sludge
|turn|31
|
|switch|p1a: Nails|Excadrill, F|371\/395
|-damage|p1a: Nails|359\/395|[from] Stealth Rock
|-ability|p1a: Nails|Mold Breaker
|move|p2a: Soren|Knock Off|p1a: Nails
|-damage|p1a: Nails|252\/395
|-enditem|p1a: Nails|Assault Vest|[from] move: Knock Off|[of] p2a: Soren
|
|turn|32
|
|move|p2a: Soren|Focus Blast|p1a: Nails
|-supereffective|p1a: Nails
|-damage|p1a: Nails|28\/395
|-unboost|p1a: Nails|spd|1
|move|p1a: Nails|Rapid Spin|p2a: Soren
|-damage|p2a: Soren|121\/332
|-sideend|p1: casalburritos|Stealth Rock|[from] move: Rapid Spin|[of] p1a: Nails
|
|turn|33
|
|switch|p1a: Carbuncle|Sylveon, M|394\/394
|move|p2a: Soren|U-turn|p1a: Carbuncle
|-resisted|p1a: Carbuncle
|-damage|p1a: Carbuncle|359\/394
|
|switch|p2a: Metagross|Metagross-Mega|301\/301
|
|-heal|p1a: Carbuncle|383\/394|[from] item: Leftovers
|turn|34
|
|switch|p1a: Elsa|Slowbro, F|393\/393
|move|p2a: Metagross|Meteor Mash|p1a: Elsa|[miss]
|-miss|p2a: Metagross|p1a: Elsa
|
|turn|35
|
|switch|p2a: Amoonguss|Amoonguss, M|432\/432
|switch|p1a: Nails|Excadrill, F|28\/395
|-ability|p1a: Nails|Mold Breaker
|
|turn|36
|
|move|p1a: Nails|Earthquake|p2a: Amoonguss
|-damage|p2a: Amoonguss|174\/432
|move|p2a: Amoonguss|Giga Drain|p1a: Nails
|-damage|p1a: Nails|0 fnt
|-heal|p2a: Amoonguss|188\/432|[from] drain|[of] p1a: Nails
|faint|p1a: Nails
|
|-heal|p2a: Amoonguss|215\/432|[from] item: Black Sludge
|c|âcasalburritos|gg
|
|switch|p1a: Medusa|Tentacruel, F|45\/350
|turn|37
|c|âGod Rolo|gg
|
|move|p1a: Medusa|Sludge Wave|p2a: Amoonguss
|-damage|p2a: Amoonguss|134\/432
|move|p2a: Amoonguss|Giga Drain|p1a: Medusa
|-damage|p1a: Medusa|0 fnt
|-damage|p2a: Amoonguss|111\/432|[from] ability: Liquid Ooze|[of] p1a: Medusa
|faint|p1a: Medusa
|
|-heal|p2a: Amoonguss|138\/432|[from] item: Black Sludge
|
|switch|p1a: Elsa|Slowbro, F|393\/393
|turn|38
|
|switch|p2a: Chansey|Chansey, F|703\/703
|move|p1a: Elsa|Fire Blast|p2a: Chansey|[miss]
|-miss|p1a: Elsa|p2a: Chansey
|
|turn|39
|
|move|p2a: Chansey|Wish|p2a: Chansey
|move|p1a: Elsa|Calm Mind|p1a: Elsa
|-boost|p1a: Elsa|spa|1
|-boost|p1a: Elsa|spd|1
|
|turn|40
|
|switch|p2a: Amoonguss|Amoonguss, M|282\/432
|move|p1a: Elsa|Calm Mind|p1a: Elsa
|-boost|p1a: Elsa|spa|1
|-boost|p1a: Elsa|spd|1
|
|-heal|p2a: Amoonguss|432\/432|[from] move: Wish|[wisher] Chansey
|turn|41
|
|move|p2a: Amoonguss|Spore|p1a: Elsa
|-status|p1a: Elsa|slp
|cant|p1a: Elsa|slp
|
|turn|42
|
|move|p2a: Amoonguss|Giga Drain|p1a: Elsa
|-supereffective|p1a: Elsa
|-damage|p1a: Elsa|303\/393 slp
|cant|p1a: Elsa|slp
|
|turn|43
|
|cant|p1a: Elsa|slp
|move|p2a: Amoonguss|Giga Drain|p1a: Elsa
|-supereffective|p1a: Elsa
|-damage|p1a: Elsa|199\/393 slp
|
|turn|44
|
|move|p2a: Amoonguss|Giga Drain|p1a: Elsa
|-supereffective|p1a: Elsa
|-damage|p1a: Elsa|101\/393 slp
|-curestatus|p1a: Elsa|slp
|move|p1a: Elsa|Fire Blast|p2a: Amoonguss
|-supereffective|p2a: Amoonguss
|-damage|p2a: Amoonguss|162\/432
|
|-heal|p2a: Amoonguss|189\/432|[from] item: Black Sludge
|turn|45
|
|move|p2a: Amoonguss|Spore|p1a: Elsa
|-status|p1a: Elsa|slp
|cant|p1a: Elsa|slp
|
|-heal|p2a: Amoonguss|216\/432|[from] item: Black Sludge
|turn|46
|
|move|p2a: Amoonguss|Giga Drain|p1a: Elsa
|-crit|p1a: Elsa
|-supereffective|p1a: Elsa
|-damage|p1a: Elsa|0 fnt
|-heal|p2a: Amoonguss|267\/432|[from] drain|[of] p1a: Elsa
|faint|p1a: Elsa
|
|-heal|p2a: Amoonguss|294\/432|[from] item: Black Sludge
|
|switch|p1a: Carbuncle|Sylveon, M|383\/394
|turn|47
|
|switch|p2a: Metagross|Metagross-Mega|301\/301
|move|p1a: Carbuncle|Hyper Voice|p2a: Metagross
|-resisted|p2a: Metagross
|-damage|p2a: Metagross|234\/301
|
|-heal|p1a: Carbuncle|394\/394|[from] item: Leftovers
|turn|48
|
|move|p2a: Metagross|Meteor Mash|p1a: Carbuncle|[miss]
|-miss|p2a: Metagross|p1a: Carbuncle
|move|p1a: Carbuncle|Heal Bell|p1a: Carbuncle
|-cureteam|p1a: Carbuncle|[from] move: HealBell
|
|turn|49
|
|move|p2a: Metagross|Meteor Mash|p1a: Carbuncle
|-supereffective|p1a: Carbuncle
|-damage|p1a: Carbuncle|0 fnt
|-boost|p2a: Metagross|atk|1
|faint|p1a: Carbuncle
|
|win|God Rolo
|raw|Ladder updating...
|raw|casalburritos's rating: 1526 &rarr; <strong>1508<\/strong><br \/>(-18 for losing)
|raw|God Rolo's rating: 1572 &rarr; <strong>1589<\/strong><br \/>(+17 for winning)
|leave|God Rolo
|player|p2