|join|Ox the Fox
|join|Reverb
|player|p1|Ox the Fox|201
|player|p2|Reverb|#reverb
|gametype|singles
|gen|6
|tier|OU
|clearpoke
|poke|p1|Scizor, F, shiny
|poke|p1|Diggersby, F, shiny
|poke|p1|Raikou, shiny
|poke|p1|Azelf, shiny
|poke|p1|Greninja, M
|poke|p1|Latios, M, shiny
|poke|p2|Slowbro, M
|poke|p2|Heatran, M
|poke|p2|Celebi
|poke|p2|Excadrill, M
|poke|p2|Tyranitar, F
|poke|p2|Conkeldurr, F
|rule|Swagger Clause: Swagger is banned
|rule|Baton Pass Clause: Limit one PokÃ©mon knowing Baton Pass
|rule|Sleep Clause Mod: Limit one foe put to sleep
|rule|Species Clause: Limit one of each PokÃ©mon
|rule|OHKO Clause: OHKO moves are banned
|rule|Moody Clause: Moody is banned
|rule|Evasion Moves Clause: Evasion moves are banned
|rule|Endless Battle Clause: Forcing endless battles is banned
|rule|HP Percentage Mod: HP is shown in percentages
|teampreview
|c|âReverb|hf
|c|âOx the Fox|glhf
|c|âOx the Fox|lmk if u want it off
|join|seba1124
|
|start
|switch|p1a: Azelf|Azelf, shiny|291\/291
|switch|p2a: Conkeldurr|Conkeldurr, F|364\/364
|turn|1
|
|move|p1a: Azelf|Stealth Rock|p2a: Conkeldurr
|-sidestart|p2: Reverb|move: Stealth Rock
|move|p2a: Conkeldurr|Knock Off|p1a: Azelf
|-supereffective|p1a: Azelf
|-enditem|p1a: Azelf|Focus Sash
|-damage|p1a: Azelf|1\/291
|
|turn|2
|join|MoB Barley
|
|move|p2a: Conkeldurr|Mach Punch|p1a: Azelf
|-resisted|p1a: Azelf
|-damage|p1a: Azelf|0 fnt
|faint|p1a: Azelf
|
|
|switch|p1a: Scizor|Scizor, F, shiny|307\/307
|turn|3
|join|Gizmoâ
|c| MoB Barley|thats wierd
|
|detailschange|p1a: Scizor|Scizor-Mega, F, shiny
|message|Scizor has Mega Evolved into Mega Scizor!
|move|p1a: Scizor|Swords Dance|p1a: Scizor
|-boost|p1a: Scizor|atk|2
|move|p2a: Conkeldurr|Drain Punch|p1a: Scizor
|-damage|p1a: Scizor|184\/307
|
|turn|4
|c| MoB Barley|i don't see any penguins
|c| Gizmoâ|mfw never seen a team so weak to conk in my life
|
|move|p1a: Scizor|Swords Dance|p1a: Scizor
|-boost|p1a: Scizor|atk|2
|move|p2a: Conkeldurr|Drain Punch|p1a: Scizor
|-damage|p1a: Scizor|64\/307
|
|turn|5
|c| Gizmoâ|superpower
|c|âOx the Fox|i should have blown this up
|
|move|p1a: Scizor|Bullet Punch|p2a: Conkeldurr
|-damage|p2a: Conkeldurr|0 fnt
|faint|p2a: Conkeldurr
|
|c| Gizmoâ|real man play
|c| Gizmoâ|trash.
|
|switch|p2a: Heatran|Heatran, M|355\/355
|-damage|p2a: Heatran|311\/355|[from] Stealth Rock
|turn|6
|
|switch|p1a: Latios|Latios, M, shiny|301\/301
|move|p2a: Heatran|Flamethrower|p1a: Latios
|-resisted|p1a: Latios
|-damage|p1a: Latios|187\/301
|
|turn|7
|
|switch|p1a: hoes on mah bed|Diggersby, F, shiny|311\/311
|switch|p2a: Excadrill|Excadrill, M|361\/361
|-damage|p2a: Excadrill|350\/361|[from] Stealth Rock
|
|turn|8
|
|switch|p2a: Celebi|Celebi|403\/403
|-damage|p2a: Celebi|353\/403|[from] Stealth Rock
|move|p1a: hoes on mah bed|Earthquake|p2a: Celebi
|-resisted|p2a: Celebi
|-damage|p2a: Celebi|233\/403
|-damage|p1a: hoes on mah bed|280\/311|[from] item: Life Orb
|
|-heal|p2a: Celebi|258\/403|[from] item: Leftovers
|turn|9
|
|switch|p1a: Scizor|Scizor-Mega, F, shiny|64\/307
|move|p2a: Celebi|Substitute|p2a: Celebi
|-start|p2a: Celebi|Substitute
|-damage|p2a: Celebi|158\/403
|
|-heal|p2a: Celebi|183\/403|[from] item: Leftovers
|turn|10
|c| MoB Barley|oh boi
|
|move|p1a: Scizor|Bullet Punch|p2a: Celebi
|-end|p2a: Celebi|Substitute
|move|p2a: Celebi|Baton Pass|p2a: Celebi
|
|switch|p2a: Heatran|Heatran, M|311\/355
|-damage|p2a: Heatran|267\/355|[from] Stealth Rock
|
|turn|11
|join|WECAMEASROMANS
|
|switch|p1a: Latios|Latios, M, shiny|187\/301
|move|p2a: Heatran|Flash Cannon|p1a: Latios
|-damage|p1a: Latios|0 fnt
|faint|p1a: Latios
|
|
|switch|p1a: Greninja|Greninja, M|285\/285
|turn|12
|join|Squirrelll
|
|switch|p2a: Tyranitar|Tyranitar, F|404\/404
|-damage|p2a: Tyranitar|354\/404|[from] Stealth Rock
|-weather|Sandstorm
|move|p1a: Greninja|Low Kick|p2a: Tyranitar
|-start|p1a: Greninja|typechange|Fighting|[from] Protean
|-supereffective|p2a: Tyranitar
|-damage|p2a: Tyranitar|0 fnt
|-damage|p1a: Greninja|257\/285|[from] item: Life Orb
|faint|p2a: Tyranitar
|
|-weather|Sandstorm|[upkeep]
|-damage|p1a: Greninja|240\/285|[from] sandstorm
|c|âOx the Fox|u shuold use air baloon exca
|c|âReverb|i misplayed
|
|switch|p2a: Excadrill|Excadrill, M|350\/361
|-damage|p2a: Excadrill|339\/361|[from] Stealth Rock
|turn|13
|join|jake5
|c| WECAMEASROMANS|doesnt exca win??
|c|âOx the Fox|exca wins I think
|c|âReverb|wait
|c|âReverb|nvm
|c|âOx the Fox|what do i have to take this
|
|switch|p1a: Scizor|Scizor-Mega, F, shiny|64\/307
|move|p2a: Excadrill|Earthquake|p1a: Scizor
|-damage|p1a: Scizor|0 fnt
|-damage|p2a: Excadrill|303\/361|[from] item: Life Orb
|faint|p1a: Scizor
|
|-weather|Sandstorm|[upkeep]
|
|switch|p1a: hoes on mah bed|Diggersby, F, shiny|280\/311
|turn|14
|c| jake5|yeah that team is pretty sand weak lol
|c|âOx the Fox|unless
|
|move|p2a: Excadrill|Earthquake|p1a: hoes on mah bed
|-damage|p1a: hoes on mah bed|0 fnt
|-damage|p2a: Excadrill|267\/361|[from] item: Life Orb
|faint|p1a: hoes on mah bed
|
|-weather|Sandstorm|[upkeep]
|c|âOx the Fox|lol
|
|switch|p1a: Greninja|Greninja, M|240\/285
|turn|15
|leave|WECAMEASROMANS
|c|âOx the Fox|gg
|
|move|p2a: Excadrill|Earthquake|p1a: Greninja
|-damage|p1a: Greninja|0 fnt
|-damage|p2a: Excadrill|231\/361|[from] item: Life Orb
|faint|p1a: Greninja
|
|-weather|Sandstorm|[upkeep]
|c| jake5|ubrought exca+5 fat mons zzzz
|c|âReverb|gg
|
|switch|p1a: Raikou|Raikou, shiny|329\/329
|-ability|p1a: Raikou|Pressure
|turn|16
|
|move|p2a: Excadrill|Earthquake|p1a: Raikou
|-supereffective|p1a: Raikou
|-damage|p1a: Raikou|0 fnt
|-damage|p2a: Excadrill|195\/361|[from] item: Life Orb
|faint|p1a: Raikou
|
|win|Reverb