|join|Will-I-am2
|join|ox the fox
|player|p1|Will-I-am2|265
|player|p2|ox the fox|201
|gametype|singles
|gen|6
|tier|OU
|rated
|clearpoke
|poke|p1|Registeel
|poke|p1|Mamoswine, M
|poke|p1|Hydreigon, M
|poke|p1|Slowbro, M
|poke|p1|Rhyperior, M
|poke|p1|Xatu, M
|poke|p2|Sceptile, M
|poke|p2|Greninja, M
|poke|p2|Landorus, M
|poke|p2|Tyranitar, M
|poke|p2|Skarmory, M
|poke|p2|Gengar, M
|rule|Swagger Clause: Swagger is banned
|rule|Baton Pass Clause: Limit one PokÃ©mon knowing Baton Pass
|rule|Sleep Clause Mod: Limit one foe put to sleep
|rule|Species Clause: Limit one of each PokÃ©mon
|rule|OHKO Clause: OHKO moves are banned
|rule|Moody Clause: Moody is banned
|rule|Evasion Moves Clause: Evasion moves are banned
|rule|Endless Battle Clause: Forcing endless battles is banned
|rule|HP Percentage Mod: HP is shown in percentages
|teampreview
|c|âox the fox|WILLL
|c|âox the fox|LADDER HERO
|c|âWill-I-am2|hi
|c|âox the fox|glhf
|
|start
|switch|p1a: Mamoswine|Mamoswine, M|361\/361
|switch|p2a: Skarmory|Skarmory, M|333\/333
|turn|1
|c|âWill-I-am2|no not really
|
|switch|p1a: Xatu|Xatu, M|334\/334
|move|p2a: Skarmory|Tailwind|p2a: Skarmory
|-sidestart|p2: ox the fox|move: Tailwind
|
|turn|2
|c|âWill-I-am2|you too
|c|âWill-I-am2|interesting
|
|switch|p2a: Tyranitar|Tyranitar, M|341\/341
|-weather|Sandstorm
|switch|p1a: Mamoswine|Mamoswine, M|361\/361
|
|-weather|Sandstorm|[upkeep]
|turn|3
|
|switch|p2a: Skarmory|Skarmory, M|333\/333
|move|p1a: Mamoswine|Earthquake|p2a: Skarmory
|-immune|p2a: Skarmory|[msg]
|
|-weather|Sandstorm|[upkeep]
|turn|4
|
|switch|p2a: Tyranitar|Tyranitar, M|341\/341
|switch|p1a: Xatu|Xatu, M|334\/334
|
|-weather|Sandstorm|[upkeep]
|-damage|p1a: Xatu|314\/334|[from] sandstorm
|-sideend|p2: ox the fox|move: Tailwind
|turn|5
|
|move|p2a: Tyranitar|Pursuit|p1a: Xatu|[from]Pursuit
|-supereffective|p1a: Xatu
|-damage|p1a: Xatu|60\/334
|-damage|p2a: Tyranitar|285\/341|[from] item: Rocky Helmet|[of] p1a: Xatu
|switch|p1a: Registeel|Registeel|364\/364
|
|-weather|Sandstorm|[upkeep]
|turn|6
|
|switch|p2a: Skarmory|Skarmory, M|333\/333
|move|p1a: Registeel|Stealth Rock|p2a: Skarmory
|-sidestart|p2: ox the fox|move: Stealth Rock
|
|-weather|none
|turn|7
|
|switch|p1a: Xatu|Xatu, M|60\/334
|move|p2a: Skarmory|Tailwind|p2a: Skarmory
|-sidestart|p2: ox the fox|move: Tailwind
|
|turn|8
|
|switch|p2a: Tyranitar|Tyranitar, M|285\/341
|-damage|p2a: Tyranitar|243\/341|[from] Stealth Rock
|-weather|Sandstorm
|move|p1a: Xatu|Roost|p1a: Xatu
|-heal|p1a: Xatu|227\/334
|
|-weather|Sandstorm|[upkeep]
|-damage|p1a: Xatu|207\/334|[from] sandstorm
|turn|9
|
|move|p2a: Tyranitar|Crunch|p1a: Xatu
|-supereffective|p1a: Xatu
|-damage|p1a: Xatu|0 fnt
|-damage|p2a: Tyranitar|187\/341|[from] item: Rocky Helmet|[of] p1a: Xatu
|faint|p1a: Xatu
|
|-weather|Sandstorm|[upkeep]
|
|switch|p1a: Mamoswine|Mamoswine, M|361\/361
|turn|10
|
|move|p2a: Tyranitar|Crunch|p1a: Mamoswine
|-crit|p1a: Mamoswine
|-damage|p1a: Mamoswine|120\/361
|move|p1a: Mamoswine|Knock Off|p2a: Tyranitar
|-resisted|p2a: Tyranitar
|-damage|p2a: Tyranitar|108\/341
|-enditem|p2a: Tyranitar|Choice Scarf|[from] move: Knock Off|[of] p1a: Mamoswine
|-damage|p1a: Mamoswine|84\/361|[from] item: Life Orb
|
|-weather|Sandstorm|[upkeep]
|-sideend|p2: ox the fox|move: Tailwind
|turn|11
|
|move|p2a: Tyranitar|Pursuit|p1a: Mamoswine|[from]Pursuit
|-damage|p1a: Mamoswine|0 fnt
|faint|p1a: Mamoswine
|
|-weather|Sandstorm|[upkeep]
|
|switch|p1a: Hydreigon|Hydreigon, M|333\/333
|turn|12
|
|move|p1a: Hydreigon|Draco Meteor|p2a: Tyranitar
|-damage|p2a: Tyranitar|0 fnt
|-unboost|p1a: Hydreigon|spa|2
|faint|p2a: Tyranitar
|
|-weather|none
|
|switch|p2a: Skarmory|Skarmory, M|333\/333
|-damage|p2a: Skarmory|292\/333|[from] Stealth Rock
|turn|13
|
|switch|p1a: Slowbro|Slowbro, M|394\/394
|move|p2a: Skarmory|Stealth Rock|p1a: Slowbro
|-sidestart|p1: Will-I-am2|move: Stealth Rock
|
|turn|14
|
|move|p2a: Skarmory|Taunt|p1a: Slowbro
|-start|p1a: Slowbro|move: Taunt
|move|p1a: Slowbro|Scald|p2a: Skarmory
|-damage|p2a: Skarmory|132\/333
|
|turn|15
|
|move|p2a: Skarmory|Spikes|p1a: Slowbro
|-sidestart|p1: Will-I-am2|Spikes
|move|p1a: Slowbro|Scald|p2a: Skarmory
|-damage|p2a: Skarmory|0 fnt
|faint|p2a: Skarmory
|
|
|switch|p2a: Gengar|Gengar, M|261\/261
|-damage|p2a: Gengar|229\/261|[from] Stealth Rock
|turn|16
|
|move|p2a: Gengar|Shadow Ball|p1a: Slowbro
|-supereffective|p1a: Slowbro
|-damage|p1a: Slowbro|0 fnt
|-damage|p2a: Gengar|203\/261|[from] item: Life Orb
|faint|p1a: Slowbro
|
|
|switch|p1a: Registeel|Registeel|364\/364
|-damage|p1a: Registeel|319\/364|[from] Spikes
|-damage|p1a: Registeel|297\/364|[from] Stealth Rock
|turn|17
|
|switch|p2a: Landorus|Landorus, M|319\/319
|-damage|p2a: Landorus|280\/319|[from] Stealth Rock
|move|p1a: Registeel|Iron Head|p2a: Landorus
|-damage|p2a: Landorus|189\/319
|
|-heal|p1a: Registeel|319\/364|[from] item: Leftovers
|turn|18
|
|switch|p1a: Hydreigon|Hydreigon, M|333\/333
|-damage|p1a: Hydreigon|292\/333|[from] Stealth Rock
|move|p2a: Landorus|Earth Power|p1a: Hydreigon
|-immune|p1a: Hydreigon|[msg]
|
|turn|19
|
|move|p2a: Landorus|Focus Blast|p1a: Hydreigon
|-supereffective|p1a: Hydreigon
|-damage|p1a: Hydreigon|0 fnt
|faint|p1a: Hydreigon
|
|
|switch|p1a: Rhyperior|Rhyperior, M|372\/372
|-damage|p1a: Rhyperior|326\/372|[from] Spikes
|-damage|p1a: Rhyperior|303\/372|[from] Stealth Rock
|turn|20
|c|âox the fox|I always thought u were scarf
|c|âWill-I-am2|oh no
|
|move|p2a: Landorus|Earth Power|p1a: Rhyperior
|-supereffective|p1a: Rhyperior
|-damage|p1a: Rhyperior|0 fnt
|faint|p1a: Rhyperior
|
|c|âWill-I-am2|i lost
|c|âWill-I-am2|gg
|c|âox the fox|yeah
|-message|Will-I-am2 forfeited.
|
|win|ox the fox
|raw|Ladder updating...
|leave|Will-I-am2
|player|p1
|c|âox the fox|gg