|join|Ox the Fox
|join|Murkrow Jupiter
|join|Zamrock
|join|Arcanine is Regal
|player|p1|Ox the Fox|201
|player|p2|Murkrow Jupiter|87
|gametype|singles
|gen|6
|tier|OU
|clearpoke
|poke|p1|Latias, F, shiny
|poke|p1|Gourgeist-*, F
|poke|p1|Dragalge, F
|poke|p1|Gothita, M
|poke|p1|Chansey, F
|poke|p1|Skarmory, F
|poke|p2|Abomasnow, M, shiny
|poke|p2|Landorus-Therian, M, shiny
|poke|p2|Heatran, F
|poke|p2|Starmie
|poke|p2|Scizor, M
|poke|p2|Keldeo-Resolute
|rule|Swagger Clause: Swagger is banned
|rule|Baton Pass Clause: Limit one PokÃ©mon knowing Baton Pass
|rule|Sleep Clause Mod: Limit one foe put to sleep
|rule|Species Clause: Limit one of each PokÃ©mon
|rule|OHKO Clause: OHKO moves are banned
|rule|Moody Clause: Moody is banned
|rule|Evasion Moves Clause: Evasion moves are banned
|rule|Endless Battle Clause: Forcing endless battles is banned
|rule|HP Percentage Mod: HP is shown in percentages
|teampreview
|join|Gizmo
|c|âOx the Fox|glhf
|join|Yuttt.ttttt
|c| Arcanine is Regal|these teams
|c|âMurkrow Jupiter|u2 son
|c|âMurkrow Jupiter|hahahhaha
|c|âOx the Fox|what
|c|âMurkrow Jupiter|much love
|join|CallumComingthur
|c| Zamrock|mj
|c| Zamrock|my tutee will crush you
|c| Yuttt.ttttt|rood
|join|Albacore
|c| Zamrock|yn
|c|âMurkrow Jupiter|haha
|c|âMurkrow Jupiter|we'll see brother
|
|start
|switch|p1a: Latias|Latias, F, shiny|363\/363
|switch|p2a: Avalanche|Landorus-Therian, M, shiny|341\/341
|-ability|p2a: Avalanche|Intimidate|[of] p1a: Latias
|-unboost|p1a: Latias|atk|1
|turn|1
|c|âMurkrow Jupiter|zam is ghosting y\/y
|
|switch|p1a: Skarmory|Skarmory, F|333\/333
|move|p2a: Avalanche|U-turn|p1a: Skarmory
|-resisted|p1a: Skarmory
|-damage|p1a: Skarmory|320\/333
|c|âOx the Fox|n
|c|âOx the Fox|i dont need help
|c|âOx the Fox|with my lord squads
|
|switch|p2a: Snow Mobile|Heatran, F|385\/385
|
|turn|2
|c|âMurkrow Jupiter|hahaha
|c| Zamrock|I don't need to ghost my tutee
|c| Zamrock|he knows as much as i do
|c|âMurkrow Jupiter|touche
|c| Zamrock|maybe more
|c|âOx the Fox|more imo
|c| Zamrock|dash
|
|switch|p1a: Gothita|Gothita, M|231\/231
|move|p2a: Snow Mobile|Taunt|p1a: Gothita
|-start|p1a: Gothita|move: Taunt
|
|turn|3
|c| Zamrock|don't get too cocky boy
|c| Zamrock|!
|join|IwG
|
|switch|p1a: Latias|Latias, F, shiny|363\/363
|move|p2a: Snow Mobile|Stealth Rock|p1a: Latias
|-sidestart|p1: Ox the Fox|move: Stealth Rock
|
|turn|4
|c| Yuttt.ttttt|>tutored by zamrock
|join|ailurophilia
|c| Yuttt.ttttt|ox must be desparado
|join|Corn Flkes
|c| Zamrock|tbh, i taught him
|
|switch|p2a: Arctic Tic|Scizor, M|291\/291
|detailschange|p1a: Latias|Latias-Mega, F, shiny
|-mega|p1a: Latias|Latias|Latiasite
|move|p1a: Latias|Whirlpool|p2a: Arctic Tic
|-damage|p2a: Arctic Tic|243\/291
|-activate|p2a: Arctic Tic|move: Whirlpool|[of] p1a: Latias
|
|-damage|p2a: Arctic Tic|207\/291|[from] move: Whirlpool|[partiallytrapped]
|turn|5
|c| Zamrock|well
|c|âMurkrow Jupiter|oh yus
|
|move|p1a: Latias|Reflect Type|p2a: Arctic Tic
|-start|p1a: Latias|typechange|[from] move: Reflect Type|[of] p2a: Arctic Tic
|move|p2a: Arctic Tic|Pursuit|p1a: Latias
|-damage|p1a: Latias|279\/363
|
|-damage|p2a: Arctic Tic|171\/291|[from] move: Whirlpool|[partiallytrapped]
|turn|6
|c| Zamrock|LOL
|c| Yuttt.ttttt|DIDNT
|c| Yuttt.ttttt|U_TURN
|c|+Albacore|lmao
|c|âMurkrow Jupiter|...
|c|âOx the Fox|lel
|c|âOx the Fox|whats wrong
|
|move|p1a: Latias|Psywave|p2a: Arctic Tic
|-damage|p2a: Arctic Tic|104\/291
|move|p2a: Arctic Tic|Pursuit|p1a: Latias
|-damage|p1a: Latias|200\/363
|
|-damage|p2a: Arctic Tic|68\/291|[from] move: Whirlpool|[partiallytrapped]
|turn|7
|c| Zamrock|smashed
|c|âMurkrow Jupiter|dat move set
|c|âMurkrow Jupiter|wtf
|
|move|p1a: Latias|Roost|p1a: Latias
|-heal|p1a: Latias|363\/363
|move|p2a: Arctic Tic|Pursuit|p1a: Latias
|-damage|p1a: Latias|273\/363
|
|-damage|p2a: Arctic Tic|32\/291|[from] move: Whirlpool|[partiallytrapped]
|turn|8
|
|move|p1a: Latias|Psywave|p2a: Arctic Tic
|-damage|p2a: Arctic Tic|0 fnt
|faint|p2a: Arctic Tic
|
|c|âMurkrow Jupiter|damn
|c|+Albacore|so that happened
|c| Zamrock|we out here
|
|switch|p2a: Avalanche|Landorus-Therian, M, shiny|341\/341
|-ability|p2a: Avalanche|Intimidate|[of] p1a: Latias
|-unboost|p1a: Latias|atk|1
|turn|9
|
|move|p2a: Avalanche|U-turn|p1a: Latias
|-resisted|p1a: Latias
|-damage|p1a: Latias|239\/363
|c|âOx the Fox|I'm still bug steel
|c|âOx the Fox|lol
|c|âMurkrow Jupiter|damn it
|
|switch|p2a: Snow Mobile|Heatran, F|385\/385
|move|p1a: Latias|Roost|p1a: Latias
|-heal|p1a: Latias|363\/363
|
|turn|10
|c|âMurkrow Jupiter|weird ass teams always fuck me
|c|âOx the Fox|ok i have 279 speed
|c|âOx the Fox|just for this
|c| Yuttt.ttttt|hes scarf
|c| Yuttt.ttttt|gg
|
|switch|p1a: Gothita|Gothita, M|231\/231
|-damage|p1a: Gothita|203\/231|[from] Stealth Rock
|move|p2a: Snow Mobile|Toxic|p1a: Gothita
|-status|p1a: Gothita|tox
|
|-damage|p1a: Gothita|189\/231 tox|[from] psn
|turn|11
|
|move|p1a: Gothita|Trick|p2a: Snow Mobile
|-activate|p1a: Gothita|move: Trick|[of] p2a: Snow Mobile
|-item|p2a: Snow Mobile|Choice Scarf|[from] move: Trick
|-item|p1a: Gothita|Leftovers|[from] move: Trick
|move|p2a: Snow Mobile|Taunt|p1a: Gothita
|-start|p1a: Gothita|move: Taunt
|
|-heal|p1a: Gothita|203\/231 tox|[from] item: Leftovers
|-damage|p1a: Gothita|175\/231 tox|[from] psn
|turn|12
|c|+Albacore|he is now
|c|âOx the Fox|^
|c|âMurkrow Jupiter|shat
|
|switch|p1a: Latias|Latias-Mega, F, shiny|363\/363
|-damage|p1a: Latias|318\/363|[from] Stealth Rock
|move|p2a: Snow Mobile|Taunt|p1a: Latias
|-start|p1a: Latias|move: Taunt
|
|turn|13
|c| Zamrock|why this over gothitelle
|c| Zamrock|i'm curious
|c|âOx the Fox|so people think I'm bad
|
|switch|p2a: Avalanche|Landorus-Therian, M, shiny|341\/341
|-ability|p2a: Avalanche|Intimidate|[of] p1a: Latias
|-unboost|p1a: Latias|atk|1
|move|p1a: Latias|Whirlpool|p2a: Avalanche
|-supereffective|p2a: Avalanche
|-damage|p2a: Avalanche|255\/341
|-activate|p2a: Avalanche|move: Whirlpool|[of] p1a: Latias
|
|-damage|p2a: Avalanche|213\/341|[from] move: Whirlpool|[partiallytrapped]
|turn|14
|c|âOx the Fox|then I suprise them with my skills
|c| Zamrock|lol
|
|switch|p1a: Gothita|Gothita, M|175\/231 tox
|-damage|p1a: Gothita|147\/231 tox|[from] Stealth Rock
|move|p2a: Avalanche|U-turn|p1a: Gothita
|-supereffective|p1a: Gothita
|-damage|p1a: Gothita|0 fnt
|faint|p1a: Gothita
|c| Zamrock|the tutee teaching the tutor
|join|IAmGingy
|c| Zamrock|i feel honored
|c| Yuttt.ttttt|ox makes people think he is bad
|c| Yuttt.ttttt|then surprises them by being even worse
|c| Yuttt.ttttt|imo
|
|switch|p2a: Abominable|Abomasnow, M, shiny|351\/351
|-weather|Hail
|
|-weather|Hail|[upkeep]
|leave|ailurophilia
|c|âOx the Fox|stfu yuttt
|c| Yuttt.ttttt|hey gingery
|c| Gizmo|haha
|
|switch|p1a: Chansey|Chansey, F|703\/703
|-damage|p1a: Chansey|616\/703|[from] Stealth Rock
|turn|15
|c|âOx the Fox|stfu gizmo
|join|DracoNinja
|c|+Albacore|SD here
|c|+Albacore|imo
|c| Gizmo|i used sd aboma in uu
|
|switch|p2a: Narwhal|Keldeo-Resolute|337\/337
|move|p1a: Chansey|Stealth Rock|p2a: Narwhal
|-sidestart|p2: Murkrow Jupiter|move: Stealth Rock
|
|-weather|Hail|[upkeep]
|-damage|p2a: Narwhal|316\/337|[from] hail
|-damage|p1a: Chansey|573\/703|[from] hail
|-heal|p2a: Narwhal|337\/337|[from] item: Leftovers
|turn|16
|c| Gizmo|was a savage
|leave|Corn Flkes
|c| IAmGingy|hi yuttt :D
|join|Albyness
|
|switch|p1a: Gourgeist-Super|Gourgeist-Super, F|374\/374
|-damage|p1a: Gourgeist-Super|328\/374|[from] Stealth Rock
|-item|p2a: Narwhal|Leftovers|[from] ability: Frisk|[of] p1a: Gourgeist-Super|[identify]
|move|p2a: Narwhal|Substitute|p2a: Narwhal
|-start|p2a: Narwhal|Substitute
|-damage|p2a: Narwhal|253\/337
|
|-weather|Hail|[upkeep]
|-damage|p2a: Narwhal|232\/337|[from] hail
|-damage|p1a: Gourgeist-Super|305\/374|[from] hail
|-heal|p2a: Narwhal|253\/337|[from] item: Leftovers
|-heal|p1a: Gourgeist-Super|328\/374|[from] item: Leftovers
|turn|17
|
|move|p2a: Narwhal|Scald|p1a: Gourgeist-Super
|-resisted|p1a: Gourgeist-Super
|-damage|p1a: Gourgeist-Super|244\/374
|move|p1a: Gourgeist-Super|Seed Bomb|p2a: Narwhal
|-supereffective|p2a: Narwhal
|-end|p2a: Narwhal|Substitute
|
|-weather|Hail|[upkeep]
|-damage|p2a: Narwhal|232\/337|[from] hail
|-damage|p1a: Gourgeist-Super|221\/374|[from] hail
|-heal|p2a: Narwhal|253\/337|[from] item: Leftovers
|-heal|p1a: Gourgeist-Super|244\/374|[from] item: Leftovers
|turn|18
|c|âOx the Fox|i have the counter
|c| Yuttt.ttttt|no burn
|c| Yuttt.ttttt|hackers
|
|switch|p2a: Snow Mobile|Heatran, F|385\/385
|-damage|p2a: Snow Mobile|337\/385|[from] Stealth Rock
|move|p1a: Gourgeist-Super|Leech Seed|p2a: Snow Mobile
|-start|p2a: Snow Mobile|move: Leech Seed
|
|-weather|none
|-heal|p1a: Gourgeist-Super|267\/374|[from] item: Leftovers
|-damage|p2a: Snow Mobile|289\/385|[from] Leech Seed|[of] p1a: Gourgeist-Super
|-heal|p1a: Gourgeist-Super|315\/374|[silent]
|turn|19
|c| Zamrock|ox
|c|âOx the Fox|?
|c| Zamrock|i hope for your sake
|c| Zamrock|you never fight a talonflame
|c|+Albacore|he did
|c|âOx the Fox|i fought one round before
|c|+Albacore|last match
|c|âOx the Fox|easily won
|c|+Albacore|and goth fkn outsped
|c| Zamrock|and you still won?
|c|+Albacore|and trapped it
|c| Gizmo|that wans't
|c| Zamrock|lol
|c|âOx the Fox|LEL
|c| Zamrock|damn
|
|switch|p1a: Dragalge|Dragalge, F|333\/333
|-damage|p1a: Dragalge|292\/333|[from] Stealth Rock
|move|p2a: Snow Mobile|Taunt|p1a: Dragalge
|-start|p1a: Dragalge|move: Taunt
|
|-heal|p1a: Dragalge|312\/333|[from] item: Black Sludge
|-damage|p2a: Snow Mobile|241\/385|[from] Leech Seed|[of] p1a: Dragalge
|-heal|p1a: Dragalge|333\/333|[silent]
|turn|20
|c| Zamrock|my b
|c| Gizmo|doesn't sd flam kill itself on chansey
|c| Gizmo|but then
|c|âMurkrow Jupiter|welp
|c| Gizmo|you lose your chansey
|c|âMurkrow Jupiter|fml
|c|âOx the Fox|name the switch in
|
|switch|p2a: North Star|Starmie|323\/323
|-damage|p2a: North Star|283\/323|[from] Stealth Rock
|move|p1a: Dragalge|Dragon Pulse|p2a: North Star
|-damage|p2a: North Star|141\/323
|
|-heal|p2a: North Star|161\/323|[from] item: Leftovers
|turn|21
|c|âOx the Fox|found it
|c| Gizmo|countered!
|c| Zamrock|starmie the counter
|
|move|p2a: North Star|Scald|p1a: Dragalge
|-resisted|p1a: Dragalge
|-damage|p1a: Dragalge|304\/333
|move|p1a: Dragalge|Sludge Bomb|p2a: North Star
|-damage|p2a: North Star|13\/323
|
|-heal|p2a: North Star|33\/323|[from] item: Leftovers
|-heal|p1a: Dragalge|324\/333|[from] item: Black Sludge
|turn|22
|c|âOx the Fox|rolls
|join|Keldeo
|c| Zamrock|no posion
|c| Zamrock|so hax
|c| Zamrock|yn
|
|move|p2a: North Star|Recover|p2a: North Star
|-heal|p2a: North Star|195\/323
|move|p1a: Dragalge|Sludge Bomb|p2a: North Star
|-damage|p2a: North Star|49\/323
|
|-heal|p2a: North Star|69\/323|[from] item: Leftovers
|-heal|p1a: Dragalge|333\/333|[from] item: Black Sludge
|-end|p1a: Dragalge|move: Taunt
|turn|23
|
|move|p2a: North Star|Recover|p2a: North Star
|-heal|p2a: North Star|231\/323
|move|p1a: Dragalge|Sludge Bomb|p2a: North Star
|-damage|p2a: North Star|63\/323
|
|-heal|p2a: North Star|83\/323|[from] item: Leftovers
|turn|24
|c|âOx the Fox|stop haxing me
|
|move|p2a: North Star|Rapid Spin|p1a: Dragalge
|-damage|p1a: Dragalge|323\/333
|-sideend|p2: Murkrow Jupiter|Stealth Rock|[from] move: Rapid Spin|[of] p2a: North Star
|move|p1a: Dragalge|Sludge Bomb|p2a: North Star
|-damage|p2a: North Star|0 fnt
|faint|p2a: North Star
|
|-heal|p1a: Dragalge|333\/333|[from] item: Black Sludge
|
|switch|p2a: Abominable|Abomasnow, M, shiny|351\/351
|-weather|Hail
|turn|25
|c| Zamrock|i need to test dragalge
|c| Zamrock|w\/ it's new ability
|
|switch|p2a: Avalanche|Landorus-Therian, M, shiny|213\/341
|-ability|p2a: Avalanche|Intimidate|[of] p1a: Dragalge
|-unboost|p1a: Dragalge|atk|1
|move|p1a: Dragalge|Sludge Bomb|p2a: Avalanche
|-resisted|p2a: Avalanche
|-damage|p2a: Avalanche|127\/341
|
|-weather|Hail|[upkeep]
|-damage|p2a: Avalanche|106\/341|[from] hail
|-damage|p1a: Dragalge|313\/333|[from] hail
|-heal|p1a: Dragalge|333\/333|[from] item: Black Sludge
|turn|26
|c| Zamrock|looks fun
|c|âOx the Fox|its lordl ike
|
|move|p2a: Avalanche|U-turn|p1a: Dragalge
|-resisted|p1a: Dragalge
|-damage|p1a: Dragalge|285\/333
|
|switch|p2a: Snow Mobile|Heatran, F|241\/385
|move|p1a: Dragalge|Toxic Spikes|p2a: Snow Mobile
|-sidestart|p2: Murkrow Jupiter|move: Toxic Spikes
|
|-weather|Hail|[upkeep]
|-damage|p2a: Snow Mobile|217\/385|[from] hail
|-damage|p1a: Dragalge|265\/333|[from] hail
|-heal|p1a: Dragalge|285\/333|[from] item: Black Sludge
|turn|27
|
|move|p2a: Snow Mobile|Magma Storm|p1a: Dragalge
|-resisted|p1a: Dragalge
|-damage|p1a: Dragalge|242\/333
|-activate|p1a: Dragalge|move: Magma Storm|[of] p2a: Snow Mobile
|move|p1a: Dragalge|Dragon Pulse|p2a: Snow Mobile
|-resisted|p2a: Snow Mobile
|-damage|p2a: Snow Mobile|157\/385
|
|-weather|Hail|[upkeep]
|-damage|p2a: Snow Mobile|133\/385|[from] hail
|-damage|p1a: Dragalge|222\/333|[from] hail
|-heal|p1a: Dragalge|242\/333|[from] item: Black Sludge
|-damage|p1a: Dragalge|201\/333|[from] move: Magma Storm|[partiallytrapped]
|turn|28
|
|move|p2a: Snow Mobile|Magma Storm|p1a: Dragalge
|-resisted|p1a: Dragalge
|-damage|p1a: Dragalge|153\/333
|move|p1a: Dragalge|Dragon Pulse|p2a: Snow Mobile
|-resisted|p2a: Snow Mobile
|-damage|p2a: Snow Mobile|75\/385
|
|-weather|Hail|[upkeep]
|-damage|p2a: Snow Mobile|51\/385|[from] hail
|-damage|p1a: Dragalge|133\/333|[from] hail
|-heal|p1a: Dragalge|153\/333|[from] item: Black Sludge
|-damage|p1a: Dragalge|112\/333|[from] move: Magma Storm|[partiallytrapped]
|turn|29
|
|move|p2a: Snow Mobile|Magma Storm|p1a: Dragalge
|-resisted|p1a: Dragalge
|-damage|p1a: Dragalge|66\/333
|move|p1a: Dragalge|Dragon Pulse|p2a: Snow Mobile
|-resisted|p2a: Snow Mobile
|-damage|p2a: Snow Mobile|0 fnt
|faint|p2a: Snow Mobile
|
|-weather|none
|-heal|p1a: Dragalge|86\/333|[from] item: Black Sludge
|-end|p1a: Dragalge|Magma Storm|[partiallytrapped]
|
|switch|p2a: Abominable|Abomasnow, M, shiny|351\/351
|-status|p2a: Abominable|psn
|-weather|Hail
|turn|30
|c|+Albacore|is it just me or does ox have 3 keldeo counters
|c|âOx the Fox|i have 4
|c|âOx the Fox|gothita counters it
|
|switch|p1a: Latias|Latias-Mega, F, shiny|318\/363
|-damage|p1a: Latias|273\/363|[from] Stealth Rock
|move|p2a: Abominable|Blizzard|p1a: Latias
|-supereffective|p1a: Latias
|-damage|p1a: Latias|43\/363
|
|-weather|Hail|[upkeep]
|-damage|p1a: Latias|21\/363|[from] hail
|-damage|p2a: Abominable|308\/351 psn|[from] psn
|turn|31
|c|âOx the Fox|bulk
|
|move|p2a: Abominable|Ice Shard|p1a: Latias
|-supereffective|p1a: Latias
|-damage|p1a: Latias|0 fnt
|faint|p1a: Latias
|
|-weather|Hail|[upkeep]
|-damage|p2a: Abominable|265\/351 psn|[from] psn
|
|switch|p1a: Chansey|Chansey, F|573\/703
|-damage|p1a: Chansey|486\/703|[from] Stealth Rock
|turn|32
|
|switch|p2a: Avalanche|Landorus-Therian, M, shiny|106\/341
|-ability|p2a: Avalanche|Intimidate|[of] p1a: Chansey
|-unboost|p1a: Chansey|atk|1
|move|p1a: Chansey|Stealth Rock|p2a: Avalanche
|-sidestart|p2: Murkrow Jupiter|move: Stealth Rock
|
|-weather|Hail|[upkeep]
|-damage|p2a: Avalanche|85\/341|[from] hail
|-damage|p1a: Chansey|443\/703|[from] hail
|turn|33
|c| IwG|why are you using gothita lol
|
|switch|p1a: Skarmory|Skarmory, F|320\/333
|-damage|p1a: Skarmory|279\/333|[from] Stealth Rock
|move|p2a: Avalanche|Explosion|p1a: Skarmory
|-resisted|p1a: Skarmory
|-damage|p1a: Skarmory|184\/333
|faint|p2a: Avalanche
|
|-weather|Hail|[upkeep]
|-damage|p1a: Skarmory|164\/333|[from] hail
|join|Divine Rose
|c|âOx the Fox|i've explained too many times
|c|+Albacore|lol
|c|+Albacore|if he switched to gourgeist
|c|âOx the Fox|lol
|c|+Albacore|that would've been glorious
|
|switch|p2a: Abominable|Abomasnow, M, shiny|265\/351 psn
|-damage|p2a: Abominable|178\/351 psn|[from] Stealth Rock
|turn|34
|c|âOx the Fox|I'd be a lord
|
|detailschange|p2a: Abominable|Abomasnow-Mega, M, shiny
|-mega|p2a: Abominable|Abomasnow|Abomasite
|move|p1a: Skarmory|Brave Bird|p2a: Abominable
|-supereffective|p2a: Abominable
|-damage|p2a: Abominable|0 fnt
|-damage|p1a: Skarmory|105\/333|[from] recoil|[of] p2a: Abominable
|faint|p2a: Abominable
|
|-weather|none
|c|âOx the Fox|lol
|c|âOx the Fox|counter?
|
|switch|p2a: Narwhal|Keldeo-Resolute|253\/337
|-damage|p2a: Narwhal|232\/337|[from] Stealth Rock
|-status|p2a: Narwhal|psn
|turn|35
|
|switch|p1a: Gourgeist-Super|Gourgeist-Super, F|315\/374
|-damage|p1a: Gourgeist-Super|269\/374|[from] Stealth Rock
|-item|p2a: Narwhal|Leftovers|[from] ability: Frisk|[of] p1a: Gourgeist-Super|[identify]
|move|p2a: Narwhal|Scald|p1a: Gourgeist-Super
|-resisted|p1a: Gourgeist-Super
|-damage|p1a: Gourgeist-Super|188\/374
|
|-heal|p2a: Narwhal|253\/337 psn|[from] item: Leftovers
|-heal|p1a: Gourgeist-Super|211\/374|[from] item: Leftovers
|-damage|p2a: Narwhal|211\/337 psn|[from] psn
|turn|36
|
|move|p2a: Narwhal|Scald|p1a: Gourgeist-Super
|-resisted|p1a: Gourgeist-Super
|-damage|p1a: Gourgeist-Super|121\/374
|move|p1a: Gourgeist-Super|Seed Bomb|p2a: Narwhal
|-supereffective|p2a: Narwhal
|-damage|p2a: Narwhal|13\/337 psn
|
|-heal|p2a: Narwhal|34\/337 psn|[from] item: Leftovers
|-heal|p1a: Gourgeist-Super|144\/374|[from] item: Leftovers
|-damage|p2a: Narwhal|0 fnt|[from] psn
|faint|p2a: Narwhal
|
|win|Ox the Fox
|c|âOx the Fox|GG
|leave|Albacore
|c|âMurkrow Jupiter|lmao
|leave|Ox the Fox
|leave|Murkrow Jupiter
|leave|Albyness
|leave|Divine Rose
|leave|IAmGingy
|player|p1
|player|p2
|leave|IwG
|leave|Arcanine is Regal
|leave|Yuttt.ttttt
|leave|CallumComingthur
|join|IwG
|join|Murkrow Jupiter
|leave|Murkrow Jupiter
|join|pokemon2930
|leave|Keldeo
|join|Murkrow Jupiter
|leave|Gizmo
|leave|Murkrow Jupiter
|leave|pokemon2930
|join|Murkrow Jupiter
|join|CallumComingthur
|leave|Murkrow Jupiter
|join|Albyness
|leave|CallumComingthur
|leave|Albyness
|join|Beevo13
|join|ba$ed n bad