|join|Ox the Fox
|join|Reverb
|player|p1|Ox the Fox|201
|player|p2|Reverb|#reverb
|gametype|singles
|gen|6
|tier|OU
|rated
|clearpoke
|poke|p1|Scizor, M
|poke|p1|Diggersby, F
|poke|p1|Raikou
|poke|p1|Azelf
|poke|p1|Greninja, F
|poke|p1|Latios, M
|poke|p2|Empoleon, F
|poke|p2|Tyranitar, M
|poke|p2|Charizard, M
|poke|p2|Keldeo
|poke|p2|Kyurem-Black
|poke|p2|Landorus-Therian, M
|rule|Swagger Clause: Swagger is banned
|rule|Baton Pass Clause: Limit one PokÃ©mon knowing Baton Pass
|rule|Sleep Clause Mod: Limit one foe put to sleep
|rule|Species Clause: Limit one of each PokÃ©mon
|rule|OHKO Clause: OHKO moves are banned
|rule|Moody Clause: Moody is banned
|rule|Evasion Moves Clause: Evasion moves are banned
|rule|Endless Battle Clause: Forcing endless battles is banned
|rule|HP Percentage Mod: HP is shown in percentages
|teampreview
|c|âOx the Fox|glhf
|c|âReverb|hf
|
|start
|switch|p1a: Azelf|Azelf|291\/291
|switch|p2a: Tyranitar|Tyranitar, M|383\/383
|-weather|Sandstorm
|turn|1
|
|move|p1a: Azelf|Stealth Rock|p2a: Tyranitar
|-sidestart|p2: Reverb|move: Stealth Rock
|move|p2a: Tyranitar|Crunch|p1a: Azelf
|-supereffective|p1a: Azelf
|-enditem|p1a: Azelf|Focus Sash
|-damage|p1a: Azelf|1\/291
|
|-weather|Sandstorm|[upkeep]
|-damage|p1a: Azelf|0 fnt|[from] sandstorm
|faint|p1a: Azelf
|
|switch|p1a: Diggersby|Diggersby, F|311\/311
|turn|2
|
|move|p1a: Diggersby|Return|p2a: Tyranitar
|-resisted|p2a: Tyranitar
|-damage|p2a: Tyranitar|235\/383
|-damage|p1a: Diggersby|280\/311|[from] item: Life Orb
|move|p2a: Tyranitar|Crunch|p1a: Diggersby
|-damage|p1a: Diggersby|0 fnt
|faint|p1a: Diggersby
|
|-weather|Sandstorm|[upkeep]
|
|switch|p1a: Greninja|Greninja, F|285\/285
|turn|3
|join|test4999
|
|switch|p2a: Landorus-Therian|Landorus-Therian, M|327\/327
|-damage|p2a: Landorus-Therian|287\/327|[from] Stealth Rock
|-ability|p2a: Landorus-Therian|Intimidate|[of] p1a: Greninja
|-unboost|p1a: Greninja|atk|1
|move|p1a: Greninja|Low Kick|p2a: Landorus-Therian
|-start|p1a: Greninja|typechange|Fighting|[from] Protean
|-resisted|p2a: Landorus-Therian
|-damage|p2a: Landorus-Therian|244\/327
|-damage|p1a: Greninja|257\/285|[from] item: Life Orb
|
|-weather|Sandstorm|[upkeep]
|-damage|p1a: Greninja|240\/285|[from] sandstorm
|turn|4
|
|move|p2a: Landorus-Therian|U-turn|p1a: Greninja
|-resisted|p1a: Greninja
|-damage|p1a: Greninja|173\/285
|
|switch|p2a: Empoleon|Empoleon, F|372\/372
|-damage|p2a: Empoleon|349\/372|[from] Stealth Rock
|move|p1a: Greninja|Low Kick|p2a: Empoleon
|-supereffective|p2a: Empoleon
|-damage|p2a: Empoleon|209\/372
|-damage|p1a: Greninja|145\/285|[from] item: Life Orb
|
|-weather|Sandstorm|[upkeep]
|-damage|p1a: Greninja|128\/285|[from] sandstorm
|-heal|p2a: Empoleon|232\/372|[from] item: Leftovers
|turn|5
|c|âOx the Fox|0
|
|move|p1a: Greninja|Low Kick|p2a: Empoleon
|-supereffective|p2a: Empoleon
|-damage|p2a: Empoleon|89\/372
|-damage|p1a: Greninja|100\/285|[from] item: Life Orb
|move|p2a: Empoleon|Defog|p1a: Greninja
|-unboost|p1a: Greninja|evasion|1
|-sideend|p2: Reverb|Stealth Rock|[from] move: Defog|[of] p2a: Empoleon
|
|-weather|none
|-heal|p2a: Empoleon|112\/372|[from] item: Leftovers
|turn|6
|
|move|p1a: Greninja|Low Kick|p2a: Empoleon
|-supereffective|p2a: Empoleon
|-damage|p2a: Empoleon|0 fnt
|-damage|p1a: Greninja|72\/285|[from] item: Life Orb
|faint|p2a: Empoleon
|
|
|switch|p2a: Landorus-Therian|Landorus-Therian, M|244\/327
|-ability|p2a: Landorus-Therian|Intimidate|[of] p1a: Greninja
|-unboost|p1a: Greninja|atk|1
|turn|7
|
|move|p2a: Landorus-Therian|Earthquake|p1a: Greninja
|-damage|p1a: Greninja|0 fnt
|faint|p1a: Greninja
|
|
|switch|p1a: Latios|Latios, M|301\/301
|turn|8
|c|âReverb|!learn latios, dragon dance
|raw|<div class="infobox">Latios <span class="message-learn-canlearn">can<\/span> learn Dragon Dance<\/ul><\/div>
|c|âReverb|jw
|c|âReverb|lel
|
|switch|p2a: Tyranitar|Tyranitar, M|235\/383
|-weather|Sandstorm
|move|p1a: Latios|Surf|p2a: Tyranitar
|-supereffective|p2a: Tyranitar
|-damage|p2a: Tyranitar|85\/383
|
|-weather|Sandstorm|[upkeep]
|-damage|p1a: Latios|283\/301|[from] sandstorm
|turn|9
|
|move|p1a: Latios|Surf|p2a: Tyranitar
|-supereffective|p2a: Tyranitar
|-damage|p2a: Tyranitar|0 fnt
|faint|p2a: Tyranitar
|
|-weather|Sandstorm|[upkeep]
|-damage|p1a: Latios|265\/301|[from] sandstorm
|
|switch|p2a: Keldeo|Keldeo|323\/323
|turn|10
|
|switch|p1a: Raikou|Raikou|329\/329
|-ability|p1a: Raikou|Pressure
|move|p2a: Keldeo|Secret Sword|p1a: Raikou
|-damage|p1a: Raikou|46\/329
|
|-weather|Sandstorm|[upkeep]
|-damage|p1a: Raikou|26\/329|[from] sandstorm
|-damage|p2a: Keldeo|303\/323|[from] sandstorm
|turn|11
|c|âReverb|that is scarf, yes?
|c|âOx the Fox|y
|
|switch|p2a: Landorus-Therian|Landorus-Therian, M|244\/327
|-ability|p2a: Landorus-Therian|Intimidate|[of] p1a: Raikou
|-unboost|p1a: Raikou|atk|1
|move|p1a: Raikou|Shadow Ball|p2a: Landorus-Therian
|-damage|p2a: Landorus-Therian|77\/327
|
|-weather|Sandstorm|[upkeep]
|-damage|p1a: Raikou|6\/329|[from] sandstorm
|turn|12
|
|move|p2a: Landorus-Therian|U-turn|p1a: Raikou
|-damage|p1a: Raikou|0 fnt
|faint|p1a: Raikou
|
|switch|p2a: Kyurem-Black|Kyurem-Black|391\/391
|-ability|p2a: Kyurem-Black|Teravolt
|
|-weather|none
|
|switch|p1a: Scizor|Scizor, M|307\/307
|turn|13
|
|switch|p2a: Charizard|Charizard, M|297\/297
|switch|p1a: Latios|Latios, M|265\/301
|
|turn|14
|
|switch|p2a: Landorus-Therian|Landorus-Therian, M|77\/327
|-ability|p2a: Landorus-Therian|Intimidate|[of] p1a: Latios
|-unboost|p1a: Latios|atk|1
|move|p1a: Latios|Draco Meteor|p2a: Landorus-Therian
|-damage|p2a: Landorus-Therian|0 fnt
|-unboost|p1a: Latios|spa|2
|faint|p2a: Landorus-Therian
|
|c|âOx the Fox|i needed to keep rocks up
|join|Gogoplata
|
|switch|p2a: Charizard|Charizard, M|297\/297
|turn|15
|
|detailschange|p2a: Charizard|Charizard-Mega-Y, M
|message|Charizard has Mega Evolved into Mega Charizard!
|-weather|SunnyDay
|move|p1a: Latios|Draco Meteor|p2a: Charizard
|-crit|p2a: Charizard
|-damage|p2a: Charizard|8\/297
|-unboost|p1a: Latios|spa|2
|move|p2a: Charizard|Flamethrower|p1a: Latios
|-resisted|p1a: Latios
|-damage|p1a: Latios|115\/301
|
|-weather|SunnyDay|[upkeep]
|turn|16
|join|AvShip on ladder
|
|move|p1a: Latios|Draco Meteor|p2a: Charizard
|-damage|p2a: Charizard|0 fnt
|-unboost|p1a: Latios|spa|2
|faint|p2a: Charizard
|
|-weather|SunnyDay|[upkeep]
|
|switch|p2a: Keldeo|Keldeo|303\/323
|turn|17
|
|switch|p1a: Scizor|Scizor, M|307\/307
|move|p2a: Keldeo|Secret Sword|p1a: Scizor
|-crit|p1a: Scizor
|-damage|p1a: Scizor|0 fnt
|faint|p1a: Scizor
|
|-weather|SunnyDay|[upkeep]
|
|switch|p1a: Latios|Latios, M|115\/301
|turn|18
|c|âOx the Fox|is this 50 50
|join|AsherNoel
|join|gamerguy1123
|join|no u idiot
|c| no u idiot|<
|join|Alldaalts
|c| gamerguy1123|Eyyyyyyyy it's Ox
|c|âOx the Fox|well if i draco and he goes kube he wins
|c| gamerguy1123|Hey Ox :D
|c|âReverb|hmm
|c|âOx the Fox|but if i psyshock and he goes kube I win
|c|âOx the Fox|getting a coin
|c| no u idiot|if u draco and he stays in
|c| no u idiot|he wins
|c| no u idiot|if u psyshock
|c| no u idiot|he wins
|c|âOx the Fox|but if i psyshock and he stays in
|c|âReverb|not a 50-50
|c|âOx the Fox|oh true
|join|abc39
|
|move|p1a: Latios|Psyshock|p2a: Keldeo
|-supereffective|p2a: Keldeo
|-damage|p2a: Keldeo|0 fnt
|faint|p2a: Keldeo
|
|-weather|SunnyDay|[upkeep]
|c| gamerguy1123|Wait are you scarf
|c| no u idiot|are u sane?
|c|âReverb|even if you dm
|c|âOx the Fox|wait shit
|c|âReverb|i live
|c|âReverb|-2 dm
|
|switch|p2a: Kyurem-Black|Kyurem-Black|391\/391
|-ability|p2a: Kyurem-Black|Teravolt
|turn|19
|c|âOx the Fox|yah
|c|âReverb|!data kyurem-b
|c|~|\/data-pokemon Kyurem-Black

|c|âOx the Fox|gg
|c|âReverb|look at that bulk
|c|âReverb|gg
|c|âOx the Fox|should have gone for crit
|
|move|p1a: Latios|Psyshock|p2a: Kyurem-Black
|-damage|p2a: Kyurem-Black|252\/391
|move|p2a: Kyurem-Black|Outrage|p1a: Latios
|-supereffective|p1a: Latios
|-damage|p1a: Latios|0 fnt
|faint|p1a: Latios
|
|win|Reverb
|raw|Ladder updating...
|c|âOx the Fox|w.e gg
|c|âReverb|and that
|leave|no u idiot
|leave|Ox the Fox
|leave|abc39
|c|âReverb|psyshock cant 2hko
|c| AsherNoel|is that your team?
|player|p1
|raw|Ox the Fox's rating: 1743 &rarr; <strong>1727<\/strong><br \/>(-16 for losing)
|raw|Reverb's rating: 1815 &rarr; <strong>1831<\/strong><br \/>(+16 for winning)
|c| AsherNoel|reverb?
|leave|Alldaalts
|c|âReverb|well yeah...squirellll made it
|c|âReverb|i made some changes tho