|join|Zenzo
|join|Ox the Fox
|c|âOx the Fox|glhf
|join|jake5
|player|p1|Zenzo|265
|player|p2|Ox the Fox|201
|gametype|singles
|gen|6
|tier|OU
|clearpoke
|poke|p1|Breloom, F
|poke|p1|Metagross
|poke|p1|Keldeo
|poke|p1|Garchomp, M
|poke|p1|Magnezone
|poke|p1|Latias, F
|poke|p2|Lopunny, M
|poke|p2|Gothitelle, F
|poke|p2|Tentacruel, F
|poke|p2|Heatran, F
|poke|p2|Celebi
|poke|p2|Landorus-Therian, M
|rule|Swagger Clause: Swagger is banned
|rule|Baton Pass Clause: Limit one PokÃ©mon knowing Baton Pass
|rule|Sleep Clause Mod: Limit one foe put to sleep
|rule|Species Clause: Limit one of each PokÃ©mon
|rule|OHKO Clause: OHKO moves are banned
|rule|Moody Clause: Moody is banned
|rule|Evasion Moves Clause: Evasion moves are banned
|rule|Endless Battle Clause: Forcing endless battles is banned
|rule|HP Percentage Mod: HP is shown in percentages
|teampreview
|join|Cosine180
|join|Mistaken
|c|âZenzo|gl
|c| Mistaken|Gl to both of you
|
|start
|switch|p1a: Garchomp|Garchomp, M|357\/357
|switch|p2a: Gothitelle|Gothitelle, F|301\/301
|turn|1
|c|âZenzo|don't tell me the server is lagging again
|c|âZenzo|..
|
|move|p2a: Gothitelle|Trick|p1a: Garchomp
|-activate|p2a: Gothitelle|move: Trick|[of] p1a: Garchomp
|-item|p1a: Garchomp|Choice Scarf|[from] move: Trick
|-item|p2a: Gothitelle|Focus Sash|[from] move: Trick
|move|p1a: Garchomp|Earthquake|p2a: Gothitelle
|-damage|p2a: Gothitelle|115\/301
|
|turn|2
|
|switch|p2a: Celebi|Celebi|404\/404
|move|p1a: Garchomp|Earthquake|p2a: Celebi
|-resisted|p2a: Celebi
|-damage|p2a: Celebi|314\/404
|
|-heal|p2a: Celebi|339\/404|[from] item: Leftovers
|turn|3
|
|switch|p1a: Metagross|Metagross|302\/302
|move|p2a: Celebi|Baton Pass|p2a: Celebi
|
|switch|p2a: Landorus-Therian|Landorus-Therian, M|319\/319
|-ability|p2a: Landorus-Therian|Intimidate|[of] p1a: Metagross
|-fail|p1a: Metagross|unboost|[from] ability: Clear Body|[of] p1a: Metagross
|
|turn|4
|
|switch|p1a: Garchomp|Garchomp, M|357\/357
|move|p2a: Landorus-Therian|U-turn|p1a: Garchomp
|-damage|p1a: Garchomp|260\/357
|-damage|p2a: Landorus-Therian|280\/319|[from] ability: Rough Skin|[of] p1a: Garchomp
|
|switch|p2a: Celebi|Celebi|339\/404
|
|-heal|p2a: Celebi|364\/404|[from] item: Leftovers
|turn|5
|
|move|p1a: Garchomp|Stealth Rock|p2a: Celebi
|-sidestart|p2: Ox the Fox|move: Stealth Rock
|move|p2a: Celebi|Baton Pass|p2a: Celebi
|join|Omegasization
|join|Gizmo
|
|switch|p2a: Heatran|Heatran, F|386\/386
|-damage|p2a: Heatran|338\/386|[from] Stealth Rock
|
|-heal|p2a: Heatran|362\/386|[from] item: Leftovers
|turn|6
|
|switch|p1a: Keldeo|Keldeo|323\/323
|move|p2a: Heatran|Toxic|p1a: Keldeo
|-status|p1a: Keldeo|tox
|
|-heal|p2a: Heatran|386\/386|[from] item: Leftovers
|-damage|p1a: Keldeo|303\/323 tox|[from] psn
|turn|7
|
|switch|p1a: Metagross|Metagross|302\/302
|switch|p2a: Tentacruel|Tentacruel, F|301\/301
|-damage|p2a: Tentacruel|264\/301|[from] Stealth Rock
|
|-heal|p2a: Tentacruel|282\/301|[from] item: Black Sludge
|turn|8
|
|detailschange|p1a: Metagross|Metagross-Mega
|-mega|p1a: Metagross|Metagross|Metagrossite
|move|p2a: Tentacruel|Scald|p1a: Metagross
|-damage|p1a: Metagross|203\/302
|move|p1a: Metagross|Zen Headbutt|p2a: Tentacruel
|-supereffective|p2a: Tentacruel
|-damage|p2a: Tentacruel|0 fnt
|faint|p2a: Tentacruel
|
|join|RedKingAlmighty
|c| RedKingAlmighty|lol gizmo suks
|c|âOx the Fox|yah lol
|c| Gizmo|you're both
|c| Gizmo|garbage
|c| Gizmo|js
|
|switch|p2a: Landorus-Therian|Landorus-Therian, M|280\/319
|-damage|p2a: Landorus-Therian|241\/319|[from] Stealth Rock
|-ability|p2a: Landorus-Therian|Intimidate|[of] p1a: Metagross
|-unboost|p1a: Metagross|atk|1
|turn|9
|c| Gizmo|ox brought offensive tentacruel
|c|âOx the Fox|stfu
|c|âOx the Fox|poopyhead
|c| Mistaken|lol
|c|âOx the Fox|faggo t
|
|switch|p1a: Garchomp|Garchomp, M|260\/357
|move|p2a: Landorus-Therian|Earthquake|p1a: Garchomp
|-damage|p1a: Garchomp|46\/357
|
|turn|10
|c| Gizmo|and goth
|c| Gizmo|smh
|c| Gizmo|do you even know what a bisharp is
|
|switch|p1a: Latias|Latias, F|301\/301
|switch|p2a: Gothitelle|Gothitelle, F|115\/301
|-damage|p2a: Gothitelle|78\/301|[from] Stealth Rock
|
|turn|11
|c| jake5|he does have a lop but thats about it
|
|switch|p2a: Heatran|Heatran, F|386\/386
|-damage|p2a: Heatran|338\/386|[from] Stealth Rock
|move|p1a: Latias|Psyshock|p2a: Heatran
|-resisted|p2a: Heatran
|-damage|p2a: Heatran|256\/386
|-damage|p1a: Latias|271\/301|[from] item: Life Orb
|
|-heal|p2a: Heatran|280\/386|[from] item: Leftovers
|turn|12
|c|âOx the Fox|this was a 5 second team
|c|âOx the Fox|be quiet
|c| Omegasization|https:\/\/www.youtube.com\/watch?v=KBobN-r4tag
|
|switch|p1a: Keldeo|Keldeo|303\/323 tox
|move|p2a: Heatran|Stealth Rock|p1a: Keldeo
|-sidestart|p1: Zenzo|move: Stealth Rock
|
|-heal|p2a: Heatran|304\/386|[from] item: Leftovers
|-damage|p1a: Keldeo|283\/323 tox|[from] psn
|turn|13
|
|switch|p1a: Garchomp|Garchomp, M|46\/357
|-damage|p1a: Garchomp|24\/357|[from] Stealth Rock
|switch|p2a: Gothitelle|Gothitelle, F|78\/301
|-damage|p2a: Gothitelle|41\/301|[from] Stealth Rock
|
|turn|14
|
|move|p1a: Garchomp|Outrage|p2a: Gothitelle
|-damage|p2a: Gothitelle|0 fnt
|faint|p2a: Gothitelle
|
|
|switch|p2a: Lopunny|Lopunny, M|271\/271
|-damage|p2a: Lopunny|238\/271|[from] Stealth Rock
|turn|15
|join|TheObsessed
|c|âOx the Fox|u there?
|
|detailschange|p2a: Lopunny|Lopunny-Mega, M
|-mega|p2a: Lopunny|Lopunny|Lopunnite
|move|p2a: Lopunny|Fake Out|p1a: Garchomp
|-crit|p1a: Garchomp
|-damage|p1a: Garchomp|0 fnt
|-damage|p2a: Lopunny|205\/271|[from] ability: Rough Skin|[of] p1a: Garchomp
|faint|p1a: Garchomp
|
|
|switch|p1a: Breloom|Breloom, F|261\/261
|-damage|p1a: Breloom|245\/261|[from] Stealth Rock
|turn|16
|c|âZenzo|server is being retarded again
|c|âZenzo|sorry
|c|âOx the Fox|its k
|join|swaqfeq
|join|yrs
|leave|swaqfeq
|
|switch|p2a: Celebi|Celebi|364\/404
|-damage|p2a: Celebi|314\/404|[from] Stealth Rock
|switch|p1a: Metagross|Metagross-Mega|203\/302
|-damage|p1a: Metagross|185\/302|[from] Stealth Rock
|
|-heal|p2a: Celebi|339\/404|[from] item: Leftovers
|turn|17
|
|switch|p2a: Heatran|Heatran, F|304\/386
|-damage|p2a: Heatran|256\/386|[from] Stealth Rock
|move|p1a: Metagross|Meteor Mash|p2a: Heatran
|-resisted|p2a: Heatran
|-damage|p2a: Heatran|199\/386
|
|-heal|p2a: Heatran|223\/386|[from] item: Leftovers
|turn|18
|
|switch|p2a: Landorus-Therian|Landorus-Therian, M|241\/319
|-damage|p2a: Landorus-Therian|202\/319|[from] Stealth Rock
|-ability|p2a: Landorus-Therian|Intimidate|[of] p1a: Metagross
|-unboost|p1a: Metagross|atk|1
|move|p1a: Metagross|Earthquake|p2a: Landorus-Therian
|-immune|p2a: Landorus-Therian|[msg]
|
|turn|19
|join|Corn Flkes
|leave|yrs
|join|yrs
|
|switch|p1a: Breloom|Breloom, F|245\/261
|-damage|p1a: Breloom|229\/261|[from] Stealth Rock
|move|p2a: Landorus-Therian|U-turn|p1a: Breloom
|-crit|p1a: Breloom
|-damage|p1a: Breloom|70\/261
|
|switch|p2a: Lopunny|Lopunny-Mega, M|205\/271
|-damage|p2a: Lopunny|189\/271|[from] Stealth Rock
|
|turn|20
|join|FlamingVictini PB
|
|switch|p1a: Magnezone|Magnezone|281\/281
|-damage|p1a: Magnezone|264\/281|[from] Stealth Rock
|move|p2a: Lopunny|Fake Out|p1a: Magnezone
|-resisted|p1a: Magnezone
|-damage|p1a: Magnezone|229\/281
|
|turn|21
|join|WhyPokemonWhy
|join|Squirrelll
|
|move|p2a: Lopunny|High Jump Kick|p1a: Magnezone
|-supereffective|p1a: Magnezone
|-damage|p1a: Magnezone|0 fnt
|faint|p1a: Magnezone
|
|c| Squirrelll|looks like team lil manaphy
|
|switch|p1a: Breloom|Breloom, F|70\/261
|-damage|p1a: Breloom|54\/261|[from] Stealth Rock
|turn|22
|c| Squirrelll|mandi < tenta
|c|âOx the Fox|yah its similar
|c| Mistaken|ikr
|c|âOx the Fox|she doesn't have landot
|join|Ailurophilia
|c| Squirrelll|pretty sure she did
|c| Mistaken|3\/6 of manaphy mons
|c| Mistaken|na
|c| jake5|she has lando hmm
|c|âOx the Fox|she has lopgoth celebi tran
|c|âOx the Fox|oh lol
|c|âOx the Fox|no
|c|âOx the Fox|she has a rotomw
|c| Squirrelll|ahh rotom-w
|c| Squirrelll|thats right
|c| Mistaken|she had goth mandi rotom lop celeb
|c| jake5|yeah she got rotom
|
|switch|p2a: Celebi|Celebi|339\/404
|-damage|p2a: Celebi|289\/404|[from] Stealth Rock
|switch|p1a: Metagross|Metagross-Mega|185\/302
|-damage|p1a: Metagross|167\/302|[from] Stealth Rock
|
|-heal|p2a: Celebi|314\/404|[from] item: Leftovers
|turn|23
|join|SweetenedTea
|join|LUSTY LEDDIT
|join|Lulu6
|
|switch|p2a: Heatran|Heatran, F|223\/386
|-damage|p2a: Heatran|175\/386|[from] Stealth Rock
|move|p1a: Metagross|Meteor Mash|p2a: Heatran
|-resisted|p2a: Heatran
|-damage|p2a: Heatran|118\/386
|
|-heal|p2a: Heatran|142\/386|[from] item: Leftovers
|turn|24
|c| LUSTY LEDDIT|nice team zenzo
|c| LUSTY LEDDIT|did you make it yourself
|c|âZenzo|get an own life
|c| LUSTY LEDDIT|youre jealous
|
|move|p1a: Metagross|Earthquake|p2a: Heatran
|-supereffective|p2a: Heatran
|-damage|p2a: Heatran|0 fnt
|faint|p2a: Heatran
|
|c|âZenzo|pathetic scout
|c|âZenzo|er
|c| LUSTY LEDDIT|I THINK PLAY OR FORFEIT
|
|switch|p2a: Landorus-Therian|Landorus-Therian, M|202\/319
|-damage|p2a: Landorus-Therian|163\/319|[from] Stealth Rock
|-ability|p2a: Landorus-Therian|Intimidate|[of] p1a: Metagross
|-unboost|p1a: Metagross|atk|1
|turn|25
|
|switch|p1a: Keldeo|Keldeo|283\/323 tox
|-damage|p1a: Keldeo|263\/323 tox|[from] Stealth Rock
|move|p2a: Landorus-Therian|Knock Off|p1a: Keldeo
|-resisted|p1a: Keldeo
|-damage|p1a: Keldeo|194\/323 tox
|-boost|p1a: Keldeo|atk|1|[from] ability: Justified
|-enditem|p1a: Keldeo|Choice Scarf|[from] move: Knock Off|[of] p2a: Landorus-Therian
|
|-damage|p1a: Keldeo|174\/323 tox|[from] psn
|turn|26
|c| Gizmo|It was a fuck
|join|Gros orteil
|c| LUSTY LEDDIT|no u
|c| Gizmo|NO
|c| Gizmo|IT WAS A FUCK
|c| LUSTY LEDDIT|.....
|
|switch|p2a: Celebi|Celebi|314\/404
|-damage|p2a: Celebi|264\/404|[from] Stealth Rock
|switch|p1a: Metagross|Metagross-Mega|167\/302
|-damage|p1a: Metagross|149\/302|[from] Stealth Rock
|
|-heal|p2a: Celebi|289\/404|[from] item: Leftovers
|turn|27
|c|âZenzo|these doubles
|c| LUSTY LEDDIT|hit x
|join|MoB Barley
|c| MoB Barley|he's going to meteor, no reason not to
|c|âZenzo|stop the time
|
|move|p1a: Metagross|Meteor Mash|p2a: Celebi
|-damage|p2a: Celebi|66\/404
|move|p2a: Celebi|Giga Drain|p1a: Metagross
|-resisted|p1a: Metagross
|-damage|p1a: Metagross|110\/302
|-heal|p2a: Celebi|86\/404|[from] drain|[of] p1a: Metagross
|
|-heal|p2a: Celebi|111\/404|[from] item: Leftovers
|turn|28
|c|âOx the Fox|oh
|join|iplaytennislol
|c| LUSTY LEDDIT|nice one
|c| jake5|wtf
|c| MoB Barley|that was ur win con dude
|leave|Squirrelll
|
|move|p1a: Metagross|Meteor Mash|p2a: Celebi|[miss]
|-miss|p1a: Metagross|p2a: Celebi
|move|p2a: Celebi|Giga Drain|p1a: Metagross
|-resisted|p1a: Metagross
|-damage|p1a: Metagross|71\/302
|-heal|p2a: Celebi|131\/404|[from] drain|[of] p1a: Metagross
|
|-heal|p2a: Celebi|156\/404|[from] item: Leftovers
|turn|29
|c| Cosine180|yup
|c|âZenzo|i knew it
|c| LUSTY LEDDIT|....
|c| Cosine180|,
|c| Cosine180|,
|c| yrs|lol
|c| LUSTY LEDDIT|whats
|c| MoB Barley|k
|c| Cosine180|,
|c| LUSTY LEDDIT|the
|c| LUSTY LEDDIT|next
|c| Mistaken|OML
|c| RedKingAlmighty|............................................
|c| MoB Barley|theres ur chrismas iracle
|c| Mistaken|......
|c|âZenzo|**what's the next?**
|c| Gizmo|he has
|c| Gizmo|a lopunny
|c| Gizmo|you already choked
|
|move|p1a: Metagross|Meteor Mash|p2a: Celebi
|-damage|p2a: Celebi|0 fnt
|faint|p2a: Celebi
|
|c| yrs|its over
|c|âZenzo|yeah and i have priority
|leave|MoB Barley
|c| LUSTY LEDDIT|nice 21% breloom
|leave|WhyPokemonWhy
|c| Omegasization|he has a lando
|c| Gizmo|he has priority as well..
|c|âZenzo|!learn loponny, quick attack
Pokemon 'loponny' not found.
|c| Gizmo|and a lando yeah
|c|âZenzo|oops
|
|switch|p2a: Landorus-Therian|Landorus-Therian, M|163\/319
|-damage|p2a: Landorus-Therian|124\/319|[from] Stealth Rock
|-ability|p2a: Landorus-Therian|Intimidate|[of] p1a: Metagross
|-unboost|p1a: Metagross|atk|1
|turn|30
|c|âOx the Fox|zenzo
|c|âOx the Fox|I was thinking about using quick atk
|c| LUSTY LEDDIT|>
|
|switch|p1a: Keldeo|Keldeo|174\/323 tox
|-damage|p1a: Keldeo|154\/323 tox|[from] Stealth Rock
|move|p2a: Landorus-Therian|U-turn|p1a: Keldeo
|-resisted|p1a: Keldeo
|-damage|p1a: Keldeo|109\/323 tox
|c| Mistaken|:O
|c| yrs|k you got him
|c| LUSTY LEDDIT|pre**dic**ted
|
|switch|p2a: Lopunny|Lopunny-Mega, M|189\/271
|-damage|p2a: Lopunny|173\/271|[from] Stealth Rock
|
|-damage|p1a: Keldeo|89\/323 tox|[from] psn
|turn|31
|join|The Goomy
|c| yrs|ko kills i think
|c| yrs|after sr
|c| yrs|an crap
|
|move|p2a: Lopunny|Fake Out|p1a: Keldeo
|-damage|p1a: Keldeo|5\/323 tox
|cant|p1a: Keldeo|flinch
|
|-damage|p1a: Keldeo|0 fnt|[from] psn
|faint|p1a: Keldeo
|join|King Time Stall
|c| yrs|yeah its over
|c|âOx the Fox|zenzo u choked buddy
|c|âOx the Fox|should have sacked metagross
|
|switch|p1a: Breloom|Breloom, F|54\/261
|-damage|p1a: Breloom|38\/261|[from] Stealth Rock
|turn|32
|c| yrs|mhm
|join|Can-Eh-Dian
|c|âOx the Fox|o well
|leave|Can-Eh-Dian
|c| Gizmo|You critted my mew three times, it was a fuck, you got a lot of hax men, i missed a focus blast twice in a round, it was a fuck
|c| iplaytennislol|reveal quick attack pls
|c| LUSTY LEDDIT|no.....
|
|move|p1a: Breloom|Mach Punch|p2a: Lopunny
|-supereffective|p2a: Lopunny
|-damage|p2a: Lopunny|0 fnt
|faint|p2a: Lopunny
|
|c| LUSTY LEDDIT|i believe in zenzo
|c| Gizmo|took
|c|âZenzo|i have
|c| Gizmo|fucking forever
|c|âZenzo|fucking
|c| Gizmo|to find that
|c|âZenzo|bullet punch
|c|âZenzo|nerds
|c| Gizmo|IT WAS A FUCK
|c|âOx the Fox|god damnit
|c| The Goomy|lol
|c|âOx the Fox|if i was using knock :[
|
|switch|p2a: Landorus-Therian|Landorus-Therian, M|124\/319
|-damage|p2a: Landorus-Therian|85\/319|[from] Stealth Rock
|-ability|p2a: Landorus-Therian|Intimidate|[of] p1a: Breloom
|-unboost|p1a: Breloom|atk|1
|turn|33
|c| The Goomy|these niggas thought he choked
|c|âOx the Fox|lol
|c| Gizmo|people run bp
|
|switch|p1a: Latias|Latias, F|271\/301
|-damage|p1a: Latias|234\/301|[from] Stealth Rock
|move|p2a: Landorus-Therian|Knock Off|p1a: Latias
|-supereffective|p1a: Latias
|-damage|p1a: Latias|0 fnt
|-enditem|p1a: Latias|Life Orb|[from] move: Knock Off|[of] p2a: Landorus-Therian
|faint|p1a: Latias
|
|c|âOx the Fox|*quick
|c|âOx the Fox|gg
|c| Gizmo|that's such a reduction in coverage
|c| yrs|crit
|c| yrs|lol
|c| yrs|with loom
|
|switch|p1a: Breloom|Breloom, F|38\/261
|-damage|p1a: Breloom|22\/261|[from] Stealth Rock
|turn|34
|c| yrs|or bp metagross
|c| yrs|or hsit
|c|âOx the Fox|doesn't matter if hes bp
|
|move|p1a: Breloom|Mach Punch|p2a: Landorus-Therian
|-resisted|p2a: Landorus-Therian
|-damage|p2a: Landorus-Therian|31\/319
|move|p2a: Landorus-Therian|Knock Off|p1a: Breloom
|-crit|p1a: Breloom
|-resisted|p1a: Breloom
|-damage|p1a: Breloom|0 fnt
|-enditem|p1a: Breloom|Focus Sash|[from] move: Knock Off|[of] p2a: Landorus-Therian
|faint|p1a: Breloom
|
|c|âOx the Fox|which he is
|c| LUSTY LEDDIT|ok
|c| Mistaken|crit mattered
|c| jake5|revea the bp
|
|switch|p1a: Metagross|Metagross-Mega|71\/302
|-damage|p1a: Metagross|53\/302|[from] Stealth Rock
|turn|35
|c| yrs|wait
|c| yrs|you lose
|c| LUSTY LEDDIT|revea the bp
|c| Gizmo|no one runs bp
|c| LUSTY LEDDIT|revea the bp
|c| yrs|if hes bp
|c| LUSTY LEDDIT|revea the bp
|c|âOx the Fox|pls no
|c|âZenzo|ok
|c| Gizmo|it's
|c|âOx the Fox|he has it
|
|move|p1a: Metagross|Bullet Punch|p2a: Landorus-Therian
|-damage|p2a: Landorus-Therian|0 fnt
|faint|p2a: Landorus-Therian
|
|win|Zenzo
|c|âOx the Fox|ik
|c| Gizmo|super duper garbo
|c| jake5|hahahaha
|c| LUSTY LEDDIT|rekt
|c| yrs|lol
|c| jake5|hahahahahhahaha
|c| Mistaken|OML
|c|âOx the Fox|god damnit
|c| jake5|hahahahahahhahahaha
|c| Gizmo|sigh.
|c| jake5|hahahahhahahahhaha
|leave|Ox the Fox
|leave|iplaytennislol
|leave|Omegasization
|c| Mistaken|HAHAHAHAH
|player|p2
|leave|LUSTY LEDDIT
|leave|RedKingAlmighty
|leave|The Goomy
|leave|Mistaken
|leave|Gizmo
|leave|Corn Flkes
|leave|Gros orteil
|leave|yrs
|join|OMLGetPredicted
|leave|OMLGetPredicted