|join|Holiano
|join|Ox the Fox
|player|p1|Holiano|115
|player|p2|Ox the Fox|201
|gametype|singles
|gen|6
|tier|OU
|clearpoke
|poke|p1|Heatran, M
|poke|p1|Scizor, F
|poke|p1|Gliscor, F
|poke|p1|Rotom-Wash
|poke|p1|Conkeldurr, M
|poke|p1|Gothitelle, F
|poke|p2|Azelf, shiny
|poke|p2|Hawlucha, F, shiny
|poke|p2|Azumarill, F, shiny
|poke|p2|Lopunny, F, shiny
|poke|p2|Raikou, shiny
|poke|p2|Keldeo
|rule|Swagger Clause: Swagger is banned
|rule|Baton Pass Clause: Limit one PokÃ©mon knowing Baton Pass
|rule|Sleep Clause Mod: Limit one foe put to sleep
|rule|Species Clause: Limit one of each PokÃ©mon
|rule|OHKO Clause: OHKO moves are banned
|rule|Moody Clause: Moody is banned
|rule|Evasion Moves Clause: Evasion moves are banned
|rule|Endless Battle Clause: Forcing endless battles is banned
|rule|HP Percentage Mod: HP is shown in percentages
|teampreview
|c|âHoliano|glhf :)
|join|Cienight
|c|âOx the Fox|u2
|join|Steeljackal
|join|Wanna Be A Baller
|join|CleanerThanRotom-W
|join|Tom Bus
|join|jake5
|join|Dr. Hertz
|
|start
|switch|p1a: Heatran|Heatran, M|386\/386
|switch|p2a: Lead|Azelf, shiny|353\/353
|turn|1
|join|gyarad0site
|
|move|p2a: Lead|Stealth Rock|p1a: Heatran
|-sidestart|p1: Holiano|move: Stealth Rock
|move|p1a: Heatran|Lava Plume|p2a: Lead
|-damage|p2a: Lead|209\/353
|
|turn|2
|
|move|p1a: Heatran|Protect|p1a: Heatran
|-singleturn|p1a: Heatran|Protect
|move|p2a: Lead|Taunt|p1a: Heatran
|-activate|p1a: Heatran|Protect
|
|turn|3
|
|move|p2a: Lead|Light Screen|p2a: Lead
|-sidestart|p2: Ox the Fox|move: Light Screen
|move|p1a: Heatran|Stealth Rock|p2a: Lead
|-sidestart|p2: Ox the Fox|move: Stealth Rock
|
|turn|4
|
|move|p2a: Lead|Reflect|p2a: Lead
|-sidestart|p2: Ox the Fox|Reflect
|move|p1a: Heatran|Lava Plume|p2a: Lead
|-damage|p2a: Lead|124\/353
|-status|p2a: Lead|brn
|
|-damage|p2a: Lead|80\/353 brn|[from] brn
|turn|5
|join|Zenzo
|
|move|p2a: Lead|Taunt|p1a: Heatran
|-start|p1a: Heatran|move: Taunt
|move|p1a: Heatran|Lava Plume|p2a: Lead
|-damage|p2a: Lead|5\/353 brn
|
|-damage|p2a: Lead|0 fnt|[from] brn
|faint|p2a: Lead
|
|switch|p2a: Bunny 2|Lopunny, F, shiny|271\/271
|-damage|p2a: Bunny 2|238\/271|[from] Stealth Rock
|turn|6
|join|I ABR I
|
|switch|p1a: Gliscor|Gliscor, F|353\/353
|-damage|p1a: Gliscor|309\/353|[from] Stealth Rock
|detailschange|p2a: Bunny 2|Lopunny-Mega, F, shiny
|-mega|p2a: Bunny 2|Lopunny|Lopunnite
|move|p2a: Bunny 2|Power-Up Punch|p1a: Gliscor
|-resisted|p1a: Gliscor
|-damage|p1a: Gliscor|284\/353
|-boost|p2a: Bunny 2|atk|1
|
|-status|p1a: Gliscor|tox|[from] item: Toxic Orb
|turn|7
|
|move|p1a: Gliscor|Protect|p1a: Gliscor
|-singleturn|p1a: Gliscor|Protect
|move|p2a: Bunny 2|Return|p1a: Gliscor
|-activate|p1a: Gliscor|Protect
|
|-heal|p1a: Gliscor|328\/353 tox|[from] ability: Poison Heal
|turn|8
|c| I ABR I|the gliscor breaker
|c| I ABR I|is here
|
|move|p2a: Bunny 2|Return|p1a: Gliscor
|-damage|p1a: Gliscor|159\/353 tox
|move|p1a: Gliscor|Toxic|p2a: Bunny 2
|-status|p2a: Bunny 2|tox
|
|-damage|p2a: Bunny 2|222\/271 tox|[from] psn
|-heal|p1a: Gliscor|203\/353 tox|[from] ability: Poison Heal
|turn|9
|c| I ABR I|oml
|c| Steeljackal|nice
|
|switch|p2a: BUNNY|Hawlucha, F, shiny|312\/312
|-damage|p2a: BUNNY|273\/312|[from] Stealth Rock
|move|p1a: Gliscor|Protect|p1a: Gliscor
|-fail|p1a: Gliscor
|
|-heal|p1a: Gliscor|247\/353 tox|[from] ability: Poison Heal
|turn|10
|c| Cienight|rotom scizor gliscor tran
|join|Omegasization
|
|move|p2a: BUNNY|Substitute|p2a: BUNNY
|-start|p2a: BUNNY|Substitute
|-damage|p2a: BUNNY|195\/312
|move|p1a: Gliscor|Substitute|p1a: Gliscor
|-start|p1a: Gliscor|Substitute
|-damage|p1a: Gliscor|159\/353 tox
|
|-heal|p1a: Gliscor|203\/353 tox|[from] ability: Poison Heal
|-sideend|p2: Ox the Fox|move: Light Screen
|turn|11
|c| Cienight|I used to hate that team
|join|SWAQFeQ
|c| I ABR I|good game lol
|c| I ABR I|just end behind a sub
|c| I ABR I|and sciz cant win
|
|move|p1a: Gliscor|Protect|p1a: Gliscor
|-singleturn|p1a: Gliscor|Protect
|move|p2a: BUNNY|Swords Dance|p2a: BUNNY
|-boost|p2a: BUNNY|atk|2
|
|-heal|p1a: Gliscor|247\/353 tox|[from] ability: Poison Heal
|-sideend|p2: Ox the Fox|Reflect
|turn|12
|c| Tom Bus|,
|c| I ABR I|1 more
|c| I ABR I|for good measure
|c| SWAQFeQ|oh lord
|
|switch|p1a: Rotom-Wash|Rotom-Wash|303\/303
|-damage|p1a: Rotom-Wash|266\/303|[from] Stealth Rock
|move|p2a: BUNNY|Swords Dance|p2a: BUNNY
|-boost|p2a: BUNNY|atk|2
|
|-heal|p1a: Rotom-Wash|284\/303|[from] item: Leftovers
|turn|13
|c| CleanerThanRotom-W|he cant touch u
|
|move|p2a: BUNNY|High Jump Kick|p1a: Rotom-Wash
|-damage|p1a: Rotom-Wash|0 fnt
|faint|p1a: Rotom-Wash
|
|c| CleanerThanRotom-W|gg
|join|Arcanine is Regal
|c| I ABR I|lol
|c| I ABR I|he can miss
|
|switch|p1a: Heatran|Heatran, M|386\/386
|-damage|p1a: Heatran|338\/386|[from] Stealth Rock
|turn|14
|c| SWAQFeQ|miss would help
|c| I ABR I|pls
|c| SWAQFeQ|for unburden
|c| Zenzo|protect inc?
|
|move|p2a: BUNNY|High Jump Kick|p1a: Heatran|[miss]
|-miss|p2a: BUNNY|p1a: Heatran
|-damage|p2a: BUNNY|39\/312|[from] highjumpkick
|-enditem|p2a: BUNNY|Sitrus Berry|[eat]
|-heal|p2a: BUNNY|117\/312|[from] item: Sitrus Berry
|move|p1a: Heatran|Roar|p2a: BUNNY
|drag|p2a: Bunny 1|Azumarill, F, shiny|364\/364
|-damage|p2a: Bunny 1|319\/364|[from] Stealth Rock
|
|-heal|p1a: Heatran|362\/386|[from] item: Leftovers
|turn|15
|c| CleanerThanRotom-W|acro
|c|âOx the Fox|are
|c|âHoliano|omfg, sorry
|c| CleanerThanRotom-W|,,,
|c|âOx the Fox|u
|c|âOx the Fox|fucking
|c|âOx the Fox|kidding
|c|âOx the Fox|me
|c|âOx the Fox|man fuck you
|c| I ABR I|hahahah
|c|âHoliano|want to rematch ?
|c|âOx the Fox|nah not fuck you
|c|âOx the Fox|it's cool
|c| SWAQFeQ|i missed 3 hjk;s in a row yesterday!11
|c| Steeljackal|im sorry but i don't think you can get drafted if you have luck like this
|c| Steeljackal|i'd advise getting luckier
|c|âOx the Fox|it's not your fault
|c| Steeljackal|thats what i did =]
|
|move|p2a: Bunny 1|Belly Drum|p2a: Bunny 1
|-damage|p2a: Bunny 1|137\/364
|-setboost|p2a: Bunny 1|atk|6|[from] move: Belly Drum
|-enditem|p2a: Bunny 1|Sitrus Berry|[eat]
|-heal|p2a: Bunny 1|228\/364|[from] item: Sitrus Berry
|move|p1a: Heatran|Roar|p2a: Bunny 1
|drag|p2a: BUNNY|Hawlucha, F, shiny|117\/312
|-damage|p2a: BUNNY|78\/312|[from] Stealth Rock
|
|-heal|p1a: Heatran|386\/386|[from] item: Leftovers
|turn|16
|c| I ABR I|lol
|c| I ABR I|pls
|c| I ABR I|wisp
|c| I ABR I|ah
|c| I ABR I|get
|c|âOx the Fox|god
|c| I ABR I|outplayed
|leave|Cienight
|c|âOx the Fox|I'm so pissed right now
|
|move|p2a: BUNNY|High Jump Kick|p1a: Heatran
|-supereffective|p1a: Heatran
|-damage|p1a: Heatran|20\/386
|move|p1a: Heatran|Lava Plume|p2a: BUNNY
|-damage|p2a: BUNNY|0 fnt
|faint|p2a: BUNNY
|
|-heal|p1a: Heatran|44\/386|[from] item: Leftovers
|c|âOx the Fox|I literally won
|c| I ABR I|OUTPLAYED
|join|toneloni97
|leave|toneloni97
|
|switch|p2a: Bunny 1|Azumarill, F, shiny|228\/364
|-damage|p2a: Bunny 1|183\/364|[from] Stealth Rock
|turn|17
|c| Steeljackal|u do realize u can still win
|join|Dark380
|leave|SWAQFeQ
|leave|I ABR I
|
|move|p2a: Bunny 1|Aqua Jet|p1a: Heatran
|-supereffective|p1a: Heatran
|-damage|p1a: Heatran|0 fnt
|faint|p1a: Heatran
|
|c|âOx the Fox|ik
|c|âOx the Fox|but I'm just saying
|c|âOx the Fox|I won right there
|
|switch|p1a: Gothitelle|Gothitelle, F|281\/281
|-damage|p1a: Gothitelle|246\/281|[from] Stealth Rock
|turn|18
|
|move|p2a: Bunny 1|Aqua Jet|p1a: Gothitelle
|-damage|p1a: Gothitelle|155\/281
|move|p1a: Gothitelle|Psyshock|p2a: Bunny 1
|-damage|p2a: Bunny 1|0 fnt
|faint|p2a: Bunny 1
|
|join|I ABR I
|leave|I ABR I
|
|switch|p2a: Standard Pivot|Raikou, shiny|321\/321
|-damage|p2a: Standard Pivot|281\/321|[from] Stealth Rock
|-ability|p2a: Standard Pivot|Pressure
|turn|19
|
|move|p2a: Standard Pivot|Volt Switch|p1a: Gothitelle
|-damage|p1a: Gothitelle|0 fnt
|faint|p1a: Gothitelle
|
|switch|p2a: Fuck da police|Keldeo|323\/323
|-damage|p2a: Fuck da police|303\/323|[from] Stealth Rock
|
|
|switch|p1a: Conkeldurr|Conkeldurr, M|351\/351
|-damage|p1a: Conkeldurr|330\/351|[from] Stealth Rock
|turn|20
|join|I ABR I
|
|move|p2a: Fuck da police|Secret Sword|p1a: Conkeldurr
|-damage|p1a: Conkeldurr|182\/351
|move|p1a: Conkeldurr|Drain Punch|p2a: Fuck da police
|-damage|p2a: Fuck da police|140\/323
|-heal|p1a: Conkeldurr|264\/351|[from] drain|[of] p2a: Fuck da police
|
|turn|21
|
|move|p2a: Fuck da police|Secret Sword|p1a: Conkeldurr
|-damage|p1a: Conkeldurr|102\/351
|move|p1a: Conkeldurr|Drain Punch|p2a: Fuck da police
|-damage|p2a: Fuck da police|0 fnt
|-heal|p1a: Conkeldurr|172\/351|[from] drain|[of] p2a: Fuck da police
|faint|p2a: Fuck da police
|
|
|switch|p2a: Bunny 2|Lopunny-Mega, F, shiny|222\/271 tox
|-damage|p2a: Bunny 2|206\/271 tox|[from] Stealth Rock
|turn|22
|
|move|p1a: Conkeldurr|Mach Punch|p2a: Bunny 2
|-supereffective|p2a: Bunny 2
|-damage|p2a: Bunny 2|38\/271 tox
|move|p2a: Bunny 2|Return|p1a: Conkeldurr
|-damage|p1a: Conkeldurr|0 fnt
|faint|p1a: Conkeldurr
|
|-damage|p2a: Bunny 2|22\/271 tox|[from] psn
|
|switch|p1a: Gliscor|Gliscor, F|247\/353 tox
|-damage|p1a: Gliscor|203\/353 tox|[from] Stealth Rock
|turn|23
|
|move|p1a: Gliscor|Protect|p1a: Gliscor
|-singleturn|p1a: Gliscor|Protect
|move|p2a: Bunny 2|Return|p1a: Gliscor
|-activate|p1a: Gliscor|Protect
|
|-damage|p2a: Bunny 2|0 fnt|[from] psn
|-heal|p1a: Gliscor|247\/353 tox|[from] ability: Poison Heal
|faint|p2a: Bunny 2
|
|switch|p2a: Standard Pivot|Raikou, shiny|281\/321
|-damage|p2a: Standard Pivot|241\/321|[from] Stealth Rock
|-ability|p2a: Standard Pivot|Pressure
|turn|24
|
|move|p2a: Standard Pivot|Shadow Ball|p1a: Gliscor
|-damage|p1a: Gliscor|84\/353 tox
|move|p1a: Gliscor|Earthquake|p2a: Standard Pivot
|-supereffective|p2a: Standard Pivot
|-damage|p2a: Standard Pivot|0 fnt
|faint|p2a: Standard Pivot
|
|win|Holiano
|c|âOx the Fox|bg
|leave|Ox the Fox
|player|p2
|leave|jake5