|join|Ox the Fox
|join|meemster
|player|p1|Ox the Fox|201
|player|p2|meemster|101
|gametype|singles
|gen|6
|tier|OU
|clearpoke
|poke|p1|Latias, F
|poke|p1|Alomomola, F
|poke|p1|Chansey, F
|poke|p1|Chesnaught, F
|poke|p1|Heatran, F
|poke|p1|Gothitelle, F
|poke|p2|Charizard, M
|poke|p2|Ferrothorn, F
|poke|p2|Latias, F
|poke|p2|Azumarill, M
|poke|p2|Garchomp, M
|poke|p2|Gengar, M
|rule|Swagger Clause: Swagger is banned
|rule|Baton Pass Clause: Limit one PokÃ©mon knowing Baton Pass
|rule|Sleep Clause Mod: Limit one foe put to sleep
|rule|Species Clause: Limit one of each PokÃ©mon
|rule|OHKO Clause: OHKO moves are banned
|rule|Moody Clause: Moody is banned
|rule|Evasion Moves Clause: Evasion moves are banned
|rule|Endless Battle Clause: Forcing endless battles is banned
|rule|HP Percentage Mod: HP is shown in percentages
|teampreview
|join|raetjaatja
|
|start
|switch|p1a: Latias|Latias, F|363\/363
|switch|p2a: Ferrothorn|Ferrothorn, F|351\/351
|turn|1
|join|King Of Time Stall
|
|detailschange|p1a: Latias|Latias-Mega, F
|-mega|p1a: Latias|Latias|Latiasite
|move|p1a: Latias|Whirlpool|p2a: Ferrothorn
|-resisted|p2a: Ferrothorn
|-damage|p2a: Ferrothorn|333\/351
|-activate|p2a: Ferrothorn|move: Whirlpool|[of] p1a: Latias
|move|p2a: Ferrothorn|Leech Seed|p1a: Latias
|-start|p1a: Latias|move: Leech Seed
|
|-damage|p1a: Latias|318\/363|[from] Leech Seed|[of] p2a: Ferrothorn
|-heal|p2a: Ferrothorn|351\/351|[silent]
|-damage|p2a: Ferrothorn|308\/351|[from] move: Whirlpool|[partiallytrapped]
|turn|2
|
|move|p1a: Latias|Reflect Type|p2a: Ferrothorn
|-start|p1a: Latias|typechange|[from] move: Reflect Type|[of] p2a: Ferrothorn
|move|p2a: Ferrothorn|Stealth Rock|p1a: Latias
|-sidestart|p1: Ox the Fox|move: Stealth Rock
|
|-damage|p1a: Latias|273\/363|[from] Leech Seed|[of] p2a: Ferrothorn
|-heal|p2a: Ferrothorn|351\/351|[silent]
|-damage|p2a: Ferrothorn|308\/351|[from] move: Whirlpool|[partiallytrapped]
|turn|3
|
|move|p2a: Ferrothorn|Protect|p2a: Ferrothorn
|-singleturn|p2a: Ferrothorn|Protect
|move|p1a: Latias|Psywave|p2a: Ferrothorn
|-activate|p2a: Ferrothorn|Protect
|
|-damage|p1a: Latias|228\/363|[from] Leech Seed|[of] p2a: Ferrothorn
|-heal|p2a: Ferrothorn|351\/351|[silent]
|-damage|p2a: Ferrothorn|308\/351|[from] move: Whirlpool|[partiallytrapped]
|turn|4
|c| King Of Time Stall|whirlpool
|c|âmeemster|lol
|c|âOx the Fox|im new
|c|âOx the Fox|is it good?
|
|move|p1a: Latias|Psywave|p2a: Ferrothorn
|-damage|p2a: Ferrothorn|159\/351
|move|p2a: Ferrothorn|Gyro Ball|p1a: Latias
|-resisted|p1a: Latias
|-damage|p1a: Latias|168\/363
|
|-damage|p1a: Latias|123\/363|[from] Leech Seed|[of] p2a: Ferrothorn
|-heal|p2a: Ferrothorn|204\/351|[silent]
|-damage|p2a: Ferrothorn|161\/351|[from] move: Whirlpool|[partiallytrapped]
|turn|5
|c| King Of Time Stall|Ox lol
|c|âmeemster|didnt expect that
|
|move|p2a: Ferrothorn|Protect|p2a: Ferrothorn
|-singleturn|p2a: Ferrothorn|Protect
|move|p1a: Latias|Roost|p1a: Latias
|-heal|p1a: Latias|305\/363
|
|-damage|p1a: Latias|260\/363|[from] Leech Seed|[of] p2a: Ferrothorn
|-heal|p2a: Ferrothorn|206\/351|[silent]
|-end|p2a: Ferrothorn|Whirlpool|[partiallytrapped]
|turn|6
|c| King Of Time Stall|Ox is too good
|join|Scotti
|
|move|p1a: Latias|Roost|p1a: Latias
|-heal|p1a: Latias|363\/363
|move|p2a: Ferrothorn|Gyro Ball|p1a: Latias
|-resisted|p1a: Latias
|-damage|p1a: Latias|305\/363
|
|-damage|p1a: Latias|260\/363|[from] Leech Seed|[of] p2a: Ferrothorn
|-heal|p2a: Ferrothorn|251\/351|[silent]
|turn|7
|c| Scotti|lel
|c|âmeemster|did you want to trap me?
|c| Scotti|OX your terrible
|c| King Of Time Stall|lel
|c|âOx the Fox|no
|c| Scotti|HAHA
|c|âOx the Fox|stfu scotti
|c| King Of Time Stall|Ox is a beast
|
|switch|p1a: Heatran|Heatran, F|386\/386
|-damage|p1a: Heatran|338\/386|[from] Stealth Rock
|move|p2a: Ferrothorn|Protect|p2a: Ferrothorn
|-fail|p2a: Ferrothorn
|
|-heal|p1a: Heatran|362\/386|[from] item: Leftovers
|turn|8
|c|âOx the Fox|no one liesk u
|join|fingerscrossed
|c|âOx the Fox|except for me
|join|RedKingAlmighty
|
|switch|p2a: Latias|Latias, F|301\/301
|move|p1a: Heatran|Stealth Rock|p2a: Latias
|-sidestart|p2: meemster|move: Stealth Rock
|
|-heal|p1a: Heatran|386\/386|[from] item: Leftovers
|turn|9
|c|+fingerscrossed|i came for the whirlpool
|c|âOx the Fox|hue
|c| Scotti|I think we all did
|
|move|p2a: Latias|Defog|p1a: Heatran
|-unboost|p1a: Heatran|evasion|1
|-sideend|p1: Ox the Fox|Stealth Rock|[from] move: Defog|[of] p1a: Heatran
|-sideend|p2: meemster|Stealth Rock|[from] move: Defog|[of] p2a: Latias
|move|p1a: Heatran|Toxic|p2a: Latias
|-status|p2a: Latias|tox
|
|-damage|p2a: Latias|283\/301 tox|[from] psn
|turn|10
|join|yrs
|
|switch|p2a: Charizard|Charizard, M|297\/297
|move|p1a: Heatran|Toxic|p2a: Charizard|[miss]
|-miss|p1a: Heatran|p2a: Charizard
|
|turn|11
|join|daftmau5
|c|âOx the Fox|that sucks
|
|switch|p1a: Latias|Latias-Mega, F|260\/363
|detailschange|p2a: Charizard|Charizard-Mega-X, M
|-mega|p2a: Charizard|Charizard|Charizardite X
|move|p2a: Charizard|Dragon Dance|p2a: Charizard
|-boost|p2a: Charizard|atk|1
|-boost|p2a: Charizard|spe|1
|
|turn|12
|leave|daftmau5
|
|switch|p1a: Heatran|Heatran, F|386\/386
|move|p2a: Charizard|Outrage|p1a: Heatran
|-resisted|p1a: Heatran
|-damage|p1a: Heatran|155\/386
|
|-heal|p1a: Heatran|179\/386|[from] item: Leftovers
|turn|13
|
|switch|p1a: Gothitelle|Gothitelle, F|301\/301
|move|p2a: Charizard|Outrage|p1a: Gothitelle
|-damage|p1a: Gothitelle|0 fnt
|faint|p1a: Gothitelle
|
|
|switch|p1a: Alomomola|Alomomola, F|534\/534
|turn|14
|
|move|p2a: Charizard|Outrage|p1a: Alomomola
|-damage|p1a: Alomomola|147\/534
|move|p1a: Alomomola|Toxic|p2a: Charizard
|-status|p2a: Charizard|tox
|
|-end|p2a: Charizard|rampage
|-start|p2a: Charizard|confusion
|-heal|p1a: Alomomola|180\/534|[from] item: Leftovers
|-damage|p2a: Charizard|279\/297 tox|[from] psn
|turn|15
|
|switch|p1a: Chesnaught|Chesnaught, F|380\/380
|-activate|p2a: Charizard|confusion
|move|p2a: Charizard|Outrage|p1a: Chesnaught
|-damage|p1a: Chesnaught|62\/380
|
|-heal|p1a: Chesnaught|85\/380|[from] item: Leftovers
|-damage|p2a: Charizard|243\/297 tox|[from] psn
|turn|16
|c| Scotti|lel
|c|âOx the Fox|nice fucking hax
|
|move|p1a: Chesnaught|Spiky Shield|p1a: Chesnaught
|-singleturn|p1a: Chesnaught|move: Protect
|-activate|p2a: Charizard|confusion
|-damage|p2a: Charizard|165\/297 tox|[from] confusion
|
|-heal|p1a: Chesnaught|108\/380|[from] item: Leftovers
|-damage|p2a: Charizard|111\/297 tox|[from] psn
|turn|17
|c|âOx the Fox|toxic miss, no confuse
|c|âOx the Fox|HAX
|c| Scotti|why doesn't anyone use zard x
|c|âOx the Fox|oh nvm
|c| Scotti|lel
|c|âOx the Fox|now u dodge
|c|âOx the Fox|lel
|join|habajiga
|c| Scotti|its good
|
|move|p1a: Chesnaught|Spiky Shield|p1a: Chesnaught
|-singleturn|p1a: Chesnaught|move: Protect
|-activate|p2a: Charizard|confusion
|-damage|p2a: Charizard|44\/297 tox|[from] confusion
|
|-heal|p1a: Chesnaught|131\/380|[from] item: Leftovers
|-damage|p2a: Charizard|0 fnt|[from] psn
|faint|p2a: Charizard
|c|âOx the Fox|predicted
|
|switch|p2a: Gengar|Gengar, M|261\/261
|turn|18
|
|move|p2a: Gengar|Shadow Ball|p1a: Chesnaught
|-immune|p1a: Chesnaught|[msg]|[from] Bulletproof
|move|p1a: Chesnaught|Leech Seed|p2a: Gengar
|-start|p2a: Gengar|move: Leech Seed
|
|-heal|p1a: Chesnaught|154\/380|[from] item: Leftovers
|-damage|p2a: Gengar|229\/261|[from] Leech Seed|[of] p1a: Chesnaught
|-heal|p1a: Chesnaught|186\/380|[silent]
|turn|19
|c|âmeemster|fuckkk
|c| raetjaatja|ouch
|
|switch|p2a: Ferrothorn|Ferrothorn, F|251\/351
|move|p1a: Chesnaught|Spiky Shield|p1a: Chesnaught
|-fail|p1a: Chesnaught
|
|-heal|p1a: Chesnaught|209\/380|[from] item: Leftovers
|turn|20
|
|switch|p1a: Heatran|Heatran, F|179\/386
|move|p2a: Ferrothorn|Stealth Rock|p1a: Heatran
|-sidestart|p1: Ox the Fox|move: Stealth Rock
|
|-heal|p1a: Heatran|203\/386|[from] item: Leftovers
|turn|21
|
|switch|p2a: Gengar|Gengar, M|229\/261
|move|p1a: Heatran|Stealth Rock|p2a: Gengar
|-sidestart|p2: meemster|move: Stealth Rock
|
|-heal|p1a: Heatran|227\/386|[from] item: Leftovers
|turn|22
|
|move|p1a: Heatran|Protect|p1a: Heatran
|-singleturn|p1a: Heatran|Protect
|move|p2a: Gengar|Focus Blast|p1a: Heatran
|-activate|p1a: Heatran|Protect
|
|-heal|p1a: Heatran|251\/386|[from] item: Leftovers
|turn|23
|c|âOx the Fox|this is a fucking threat
|
|move|p2a: Gengar|Focus Blast|p1a: Heatran
|-supereffective|p1a: Heatran
|-damage|p1a: Heatran|63\/386
|move|p1a: Heatran|Lava Plume|p2a: Gengar
|-damage|p2a: Gengar|90\/261
|
|-heal|p1a: Heatran|87\/386|[from] item: Leftovers
|turn|24
|
|move|p1a: Heatran|Protect|p1a: Heatran
|-singleturn|p1a: Heatran|Protect
|move|p2a: Gengar|Shadow Ball|p1a: Heatran
|-activate|p1a: Heatran|Protect
|
|-heal|p1a: Heatran|111\/386|[from] item: Leftovers
|turn|25
|
|move|p2a: Gengar|Focus Blast|p1a: Heatran
|-supereffective|p1a: Heatran
|-damage|p1a: Heatran|0 fnt
|faint|p1a: Heatran
|
|
|switch|p1a: Alomomola|Alomomola, F|358\/534
|-damage|p1a: Alomomola|292\/534|[from] Stealth Rock
|turn|26
|
|move|p1a: Alomomola|Protect|p1a: Alomomola
|-singleturn|p1a: Alomomola|Protect
|move|p2a: Gengar|Sludge Wave|p1a: Alomomola
|-activate|p1a: Alomomola|Protect
|
|-heal|p1a: Alomomola|325\/534|[from] item: Leftovers
|turn|27
|
|move|p2a: Gengar|Sludge Wave|p1a: Alomomola
|-damage|p1a: Alomomola|27\/534
|move|p1a: Alomomola|Wish|p1a: Alomomola
|
|-heal|p1a: Alomomola|60\/534|[from] item: Leftovers
|turn|28
|
|move|p1a: Alomomola|Protect|p1a: Alomomola
|-singleturn|p1a: Alomomola|Protect
|move|p2a: Gengar|Shadow Ball|p1a: Alomomola
|-activate|p1a: Alomomola|Protect
|
|-heal|p1a: Alomomola|327\/534|[from] move: Wish|[wisher] Alomomola
|-heal|p1a: Alomomola|360\/534|[from] item: Leftovers
|turn|29
|
|move|p2a: Gengar|Sludge Wave|p1a: Alomomola
|-damage|p1a: Alomomola|32\/534
|move|p1a: Alomomola|Wish|p1a: Alomomola
|
|-heal|p1a: Alomomola|65\/534|[from] item: Leftovers
|turn|30
|join|hairyago
|leave|hairyago
|
|switch|p2a: Latias|Latias, F|283\/301 tox
|-damage|p2a: Latias|246\/301 tox|[from] Stealth Rock
|move|p1a: Alomomola|Protect|p1a: Alomomola
|-fail|p1a: Alomomola
|
|-heal|p1a: Alomomola|332\/534|[from] move: Wish|[wisher] Alomomola
|-heal|p2a: Latias|264\/301 tox|[from] item: Leftovers
|-heal|p1a: Alomomola|365\/534|[from] item: Leftovers
|-damage|p2a: Latias|246\/301 tox|[from] psn
|turn|31
|
|move|p1a: Alomomola|Protect|p1a: Alomomola
|-singleturn|p1a: Alomomola|Protect
|move|p2a: Latias|Draco Meteor|p1a: Alomomola
|-activate|p1a: Alomomola|Protect
|
|-heal|p2a: Latias|264\/301 tox|[from] item: Leftovers
|-heal|p1a: Alomomola|398\/534|[from] item: Leftovers
|-damage|p2a: Latias|228\/301 tox|[from] psn
|turn|32
|leave|Scotti
|
|switch|p1a: Chansey|Chansey, F|642\/642
|-damage|p1a: Chansey|562\/642|[from] Stealth Rock
|move|p2a: Latias|Psyshock|p1a: Chansey
|-damage|p1a: Chansey|385\/642
|
|-heal|p2a: Latias|246\/301 tox|[from] item: Leftovers
|-damage|p2a: Latias|192\/301 tox|[from] psn
|turn|33
|
|switch|p2a: Ferrothorn|Ferrothorn, F|251\/351
|-damage|p2a: Ferrothorn|230\/351|[from] Stealth Rock
|move|p1a: Chansey|Soft-Boiled|p1a: Chansey
|-heal|p1a: Chansey|642\/642
|
|turn|34
|
|switch|p1a: Chesnaught|Chesnaught, F|209\/380
|-damage|p1a: Chesnaught|186\/380|[from] Stealth Rock
|move|p2a: Ferrothorn|Leech Seed|p1a: Chesnaught
|-immune|p1a: Chesnaught|[msg]
|
|-heal|p1a: Chesnaught|209\/380|[from] item: Leftovers
|turn|35
|
|switch|p2a: Gengar|Gengar, M|90\/261
|-damage|p2a: Gengar|58\/261|[from] Stealth Rock
|move|p1a: Chesnaught|Leech Seed|p2a: Gengar
|-start|p2a: Gengar|move: Leech Seed
|
|-heal|p1a: Chesnaught|232\/380|[from] item: Leftovers
|-damage|p2a: Gengar|26\/261|[from] Leech Seed|[of] p1a: Chesnaught
|-heal|p1a: Chesnaught|264\/380|[silent]
|turn|36
|leave|King Of Time Stall
|
|move|p1a: Chesnaught|Spiky Shield|p1a: Chesnaught
|-singleturn|p1a: Chesnaught|move: Protect
|move|p2a: Gengar|Sludge Wave|p1a: Chesnaught
|-activate|p1a: Chesnaught|move: Protect
|
|-heal|p1a: Chesnaught|287\/380|[from] item: Leftovers
|-damage|p2a: Gengar|0 fnt|[from] Leech Seed|[of] p1a: Chesnaught
|-heal|p1a: Chesnaught|313\/380|[silent]
|faint|p2a: Gengar
|
|switch|p2a: Azumarill|Azumarill, M|404\/404
|-damage|p2a: Azumarill|354\/404|[from] Stealth Rock
|turn|37
|
|switch|p1a: Alomomola|Alomomola, F|534\/534
|-damage|p1a: Alomomola|468\/534|[from] Stealth Rock
|move|p2a: Azumarill|Belly Drum|p2a: Azumarill
|-damage|p2a: Azumarill|152\/404
|-setboost|p2a: Azumarill|atk|6|[from] move: Belly Drum
|-enditem|p2a: Azumarill|Sitrus Berry|[eat]
|-heal|p2a: Azumarill|253\/404|[from] item: Sitrus Berry
|
|-heal|p1a: Alomomola|501\/534|[from] item: Leftovers
|turn|38
|
|move|p1a: Alomomola|Protect|p1a: Alomomola
|-singleturn|p1a: Alomomola|Protect
|move|p2a: Azumarill|Play Rough|p1a: Alomomola
|-activate|p1a: Alomomola|Protect
|
|-heal|p1a: Alomomola|534\/534|[from] item: Leftovers
|turn|39
|
|move|p1a: Alomomola|Toxic|p2a: Azumarill
|-status|p2a: Azumarill|tox
|move|p2a: Azumarill|Play Rough|p1a: Alomomola
|-damage|p1a: Alomomola|0 fnt
|faint|p1a: Alomomola
|
|-damage|p2a: Azumarill|228\/404 tox|[from] psn
|c|âOx the Fox|shit
|c|âOx the Fox|lelll
|c|âOx the Fox|belly drum if real
|
|switch|p1a: Chesnaught|Chesnaught, F|313\/380
|-damage|p1a: Chesnaught|290\/380|[from] Stealth Rock
|turn|40
|
|move|p1a: Chesnaught|Spiky Shield|p1a: Chesnaught
|-singleturn|p1a: Chesnaught|move: Protect
|move|p2a: Azumarill|Play Rough|p1a: Chesnaught
|-activate|p1a: Chesnaught|move: Protect
|-damage|p2a: Azumarill|178\/404 tox|[from] Spiky Shield|[of] p1a: Chesnaught
|
|-heal|p1a: Chesnaught|313\/380|[from] item: Leftovers
|-damage|p2a: Azumarill|128\/404 tox|[from] psn
|turn|41
|
|switch|p1a: Latias|Latias-Mega, F|260\/363
|-damage|p1a: Latias|215\/363|[from] Stealth Rock
|move|p2a: Azumarill|Play Rough|p1a: Latias
|-supereffective|p1a: Latias
|-damage|p1a: Latias|0 fnt
|faint|p1a: Latias
|
|-damage|p2a: Azumarill|53\/404 tox|[from] psn
|
|switch|p1a: Chesnaught|Chesnaught, F|313\/380
|-damage|p1a: Chesnaught|290\/380|[from] Stealth Rock
|turn|42
|
|move|p1a: Chesnaught|Spiky Shield|p1a: Chesnaught
|-singleturn|p1a: Chesnaught|move: Protect
|move|p2a: Azumarill|Belly Drum|p2a: Azumarill
|-fail|p2a: Azumarill
|
|-heal|p1a: Chesnaught|313\/380|[from] item: Leftovers
|-damage|p2a: Azumarill|0 fnt|[from] psn
|faint|p2a: Azumarill
|join|daftmau5
|
|switch|p2a: Latias|Latias, F|192\/301 tox
|-damage|p2a: Latias|155\/301 tox|[from] Stealth Rock
|turn|43
|
|switch|p1a: Chansey|Chansey, F|642\/642
|-damage|p1a: Chansey|562\/642|[from] Stealth Rock
|move|p2a: Latias|Psyshock|p1a: Chansey
|-damage|p1a: Chansey|391\/642
|
|-heal|p2a: Latias|173\/301 tox|[from] item: Leftovers
|-damage|p2a: Latias|155\/301 tox|[from] psn
|turn|44
|
|switch|p2a: Garchomp|Garchomp, M|357\/357
|-damage|p2a: Garchomp|335\/357|[from] Stealth Rock
|move|p1a: Chansey|Soft-Boiled|p1a: Chansey
|-heal|p1a: Chansey|642\/642
|
|turn|45
|
|move|p2a: Garchomp|Outrage|p1a: Chansey
|-damage|p1a: Chansey|375\/642
|move|p1a: Chansey|Toxic|p2a: Garchomp
|-status|p2a: Garchomp|tox
|
|-damage|p2a: Garchomp|313\/357 tox|[from] psn
|turn|46
|
|move|p2a: Garchomp|Outrage|p1a: Chansey
|-damage|p1a: Chansey|93\/642
|move|p1a: Chansey|Soft-Boiled|p1a: Chansey
|-heal|p1a: Chansey|414\/642
|
|-end|p2a: Garchomp|rampage
|-start|p2a: Garchomp|confusion
|-damage|p2a: Garchomp|269\/357 tox|[from] psn
|turn|47
|
|switch|p2a: Ferrothorn|Ferrothorn, F|230\/351
|-damage|p2a: Ferrothorn|209\/351|[from] Stealth Rock
|move|p1a: Chansey|Soft-Boiled|p1a: Chansey
|-heal|p1a: Chansey|642\/642
|
|turn|48
|
|switch|p1a: Chesnaught|Chesnaught, F|313\/380
|-damage|p1a: Chesnaught|290\/380|[from] Stealth Rock
|move|p2a: Ferrothorn|Gyro Ball|p1a: Chesnaught
|-immune|p1a: Chesnaught|[msg]|[from] Bulletproof
|
|-heal|p1a: Chesnaught|313\/380|[from] item: Leftovers
|turn|49
|c|âmeemster|damn
|
|switch|p2a: Latias|Latias, F|155\/301 tox
|-damage|p2a: Latias|118\/301 tox|[from] Stealth Rock
|move|p1a: Chesnaught|Spikes|p2a: Latias
|-sidestart|p2: meemster|Spikes
|
|-heal|p2a: Latias|136\/301 tox|[from] item: Leftovers
|-heal|p1a: Chesnaught|336\/380|[from] item: Leftovers
|-damage|p2a: Latias|118\/301 tox|[from] psn
|turn|50
|
|move|p1a: Chesnaught|Spiky Shield|p1a: Chesnaught
|-singleturn|p1a: Chesnaught|move: Protect
|move|p2a: Latias|Defog|p1a: Chesnaught
|-activate|p1a: Chesnaught|move: Protect
|
|-heal|p2a: Latias|136\/301 tox|[from] item: Leftovers
|-heal|p1a: Chesnaught|359\/380|[from] item: Leftovers
|-damage|p2a: Latias|100\/301 tox|[from] psn
|turn|51
|
|switch|p1a: Chansey|Chansey, F|642\/642
|-damage|p1a: Chansey|562\/642|[from] Stealth Rock
|move|p2a: Latias|Defog|p1a: Chansey
|-unboost|p1a: Chansey|evasion|1
|-sideend|p1: Ox the Fox|Stealth Rock|[from] move: Defog|[of] p1a: Chansey
|-sideend|p2: meemster|Spikes|[from] move: Defog|[of] p2a: Latias
|-sideend|p2: meemster|Stealth Rock|[from] move: Defog|[of] p2a: Latias
|
|-heal|p2a: Latias|118\/301 tox|[from] item: Leftovers
|-damage|p2a: Latias|64\/301 tox|[from] psn
|turn|52
|
|move|p2a: Latias|Healing Wish|p2a: Latias
|faint|p2a: Latias
|move|p1a: Chansey|Soft-Boiled|p1a: Chansey
|-heal|p1a: Chansey|642\/642
|
|
|switch|p2a: Garchomp|Garchomp, M|269\/357 tox
|-heal|p2a: Garchomp|357\/357|[from] move: Healing Wish
|turn|53
|join|anphonic
|
|move|p2a: Garchomp|Dragon Claw|p1a: Chansey
|-damage|p1a: Chansey|464\/642
|move|p1a: Chansey|Toxic|p2a: Garchomp
|-status|p2a: Garchomp|tox
|
|-damage|p2a: Garchomp|335\/357 tox|[from] psn
|turn|54
|
|move|p2a: Garchomp|Dragon Claw|p1a: Chansey
|-damage|p1a: Chansey|290\/642
|move|p1a: Chansey|Soft-Boiled|p1a: Chansey
|-heal|p1a: Chansey|611\/642
|
|-damage|p2a: Garchomp|291\/357 tox|[from] psn
|turn|55
|
|move|p2a: Garchomp|Dragon Claw|p1a: Chansey
|-damage|p1a: Chansey|436\/642
|move|p1a: Chansey|Seismic Toss|p2a: Garchomp
|-damage|p2a: Garchomp|191\/357 tox
|-damage|p1a: Chansey|356\/642|[from] ability: Rough Skin|[of] p2a: Garchomp
|
|-damage|p2a: Garchomp|125\/357 tox|[from] psn
|turn|56
|c|âmeemster|gg
|leave|meemster
|player|p2
|leave|yrs
|leave|Ox the Fox
|player|p1
|leave|habajiga
|leave|RedKingAlmighty
|-message|Player 2 lost due to inactivity.
|
|win|Ox the Fox