|join|Ox the Fox
|join|CheckmateWeee
|player|p1|Ox the Fox|201
|player|p2|CheckmateWeee|101
|gametype|singles
|gen|6
|tier|OU
|rated
|clearpoke
|poke|p1|Azelf
|poke|p1|Bisharp, F
|poke|p1|Azumarill, F
|poke|p1|Lopunny, F
|poke|p1|Raikou
|poke|p1|Keldeo
|poke|p2|Gyarados, F
|poke|p2|Talonflame, M
|poke|p2|Heatran, M
|poke|p2|Gliscor, M
|poke|p2|Latias, F
|poke|p2|Kyurem-Black
|rule|Swagger Clause: Swagger is banned
|rule|Baton Pass Clause: Limit one PokÃ©mon knowing Baton Pass
|rule|Sleep Clause Mod: Limit one foe put to sleep
|rule|Species Clause: Limit one of each PokÃ©mon
|rule|OHKO Clause: OHKO moves are banned
|rule|Moody Clause: Moody is banned
|rule|Evasion Moves Clause: Evasion moves are banned
|rule|Endless Battle Clause: Forcing endless battles is banned
|rule|HP Percentage Mod: HP is shown in percentages
|teampreview
|join|Henry
|c|âOx the Fox|glhf
|
|start
|switch|p1a: Lead|Azelf|353\/353
|switch|p2a: Talonflame|Talonflame, M|345\/345
|turn|1
|join|Cosine180
|
|move|p2a: Talonflame|Brave Bird|p1a: Lead
|-crit|p1a: Lead
|-damage|p1a: Lead|0 fnt
|-damage|p2a: Talonflame|229\/345|[from] recoil|[of] p1a: Lead
|faint|p1a: Lead
|
|c|âOx the Fox|are u kidding me
|c| Henry|i mean
|c|âOx the Fox|thats so dumb
|c|âCheckmateWeee|no sash?
|c| Henry|if thats band
|c| Henry|it kills
|c|âOx the Fox|henry last time I lived
|c| Cosine180|na he had a sash
|c|âOx the Fox|with like 16%
|
|switch|p1a: Standard Pivot|Raikou|321\/321
|-ability|p1a: Standard Pivot|Pressure
|turn|2
|c| Cosine180|fucktarb
|c| Cosine180|<
|c| Cosine180|>
|c| Henry|:o then that sux ox sry
|c|âOx the Fox|that sucks
|c|âOx the Fox|oh well
|
|switch|p2a: Gliscor|Gliscor, M|352\/352
|move|p1a: Standard Pivot|Hidden Power|p2a: Gliscor
|-supereffective|p2a: Gliscor
|-damage|p2a: Gliscor|0 fnt
|faint|p2a: Gliscor
|
|c| Cosine180|omfg
|c|âOx the Fox|good thing I'm a lord
|c| Cosine180|terrible
|c| Cosine180|!
|c|âOx the Fox|rocks really rekt him
|c|âOx the Fox|and +2 bish also swept him
|c|âOx the Fox|lol
|c| Cosine180|y
|
|switch|p2a: Kyurem-Black|Kyurem-Black|391\/391
|-ability|p2a: Kyurem-Black|Teravolt
|turn|3
|c|âOx the Fox|what does he have for +2 bish o my
|c| Cosine180|moxie defensive mega gyara imo
|
|switch|p1a: Fuck da police|Keldeo|323\/323
|move|p2a: Kyurem-Black|Fusion Bolt|p1a: Fuck da police
|-supereffective|p1a: Fuck da police
|-damage|p1a: Fuck da police|0 fnt
|-damage|p2a: Kyurem-Black|352\/391|[from] item: Life Orb
|faint|p1a: Fuck da police
|
|c|âOx the Fox|lol
|c|âOx the Fox|played
|c|âOx the Fox|yeah fuck that miss
|c| Cosine180|*crit
|c|âOx the Fox|crit&
|
|switch|p1a: Bunny 2|Lopunny, F|271\/271
|turn|4
|c| Cosine180|u can still win
|join|Dark_380
|c| Cosine180|tho
|c|âOx the Fox|and he's super low
|c|âOx the Fox|so I'm going to lose 34 points guaranteed
|c| Cosine180|ye
|c|âOx the Fox|to a crit
|
|detailschange|p1a: Bunny 2|Lopunny-Mega, F
|-mega|p1a: Bunny 2|Lopunny|Lopunnite
|move|p1a: Bunny 2|Power-Up Punch|p2a: Kyurem-Black
|-supereffective|p2a: Kyurem-Black
|-damage|p2a: Kyurem-Black|202\/391
|-boost|p1a: Bunny 2|atk|1
|move|p2a: Kyurem-Black|Ice Beam|p1a: Bunny 2
|-damage|p1a: Bunny 2|67\/271
|-damage|p2a: Kyurem-Black|163\/391|[from] item: Life Orb
|
|turn|5
|
|move|p1a: Bunny 2|Power-Up Punch|p2a: Kyurem-Black
|-supereffective|p2a: Kyurem-Black
|-damage|p2a: Kyurem-Black|0 fnt
|-boost|p1a: Bunny 2|atk|1
|faint|p2a: Kyurem-Black
|
|c|âOx the Fox|i should have killed
|
|switch|p2a: Heatran|Heatran, M|323\/323
|turn|6
|join|Bloodz
|join|Squirrelll
|join|FlamingVictini PB
|
|move|p1a: Bunny 2|Quick Attack|p2a: Heatran
|-resisted|p2a: Heatran
|-damage|p2a: Heatran|258\/323
|move|p2a: Heatran|Earth Power|p1a: Bunny 2
|-damage|p1a: Bunny 2|0 fnt
|faint|p1a: Bunny 2
|
|join|fingerscrossed
|c| FlamingVictini PB|didn't u play this man earlier
|
|switch|p1a: Bunny 1|Azumarill, F|364\/364
|turn|7
|c|âOx the Fox|yes
|join|fuck space
|
|move|p2a: Heatran|Earth Power|p1a: Bunny 1
|-damage|p1a: Bunny 1|238\/364
|move|p1a: Bunny 1|Belly Drum|p1a: Bunny 1
|-damage|p1a: Bunny 1|56\/364
|-setboost|p1a: Bunny 1|atk|6|[from] move: Belly Drum
|-enditem|p1a: Bunny 1|Sitrus Berry|[eat]
|-heal|p1a: Bunny 1|147\/364|[from] item: Sitrus Berry
|
|turn|8
|
|move|p1a: Bunny 1|Aqua Jet|p2a: Heatran
|-supereffective|p2a: Heatran
|-damage|p2a: Heatran|0 fnt
|faint|p2a: Heatran
|
|
|switch|p2a: Talonflame|Talonflame, M|229\/345
|turn|9
|
|move|p2a: Talonflame|Brave Bird|p1a: Bunny 1
|-damage|p1a: Bunny 1|0 fnt
|-damage|p2a: Talonflame|180\/345|[from] recoil|[of] p1a: Bunny 1
|faint|p1a: Bunny 1
|
|c| Cosine180|why bd
|c| Cosine180|and not just kill
|c|âOx the Fox|idk
|c| Cosine180|lol
|c|âOx the Fox|i should still win
|join|Ailurophilia
|c| Cosine180|idk
|
|switch|p1a: Standard Pivot|Raikou|321\/321
|-ability|p1a: Standard Pivot|Pressure
|turn|10
|c|âOx the Fox|that crit
|c|âOx the Fox|D::
|c|âOx the Fox|lol
|
|move|p2a: Talonflame|Roost|p2a: Talonflame
|-heal|p2a: Talonflame|345\/345
|move|p1a: Standard Pivot|Volt Switch|p2a: Talonflame
|-damage|p2a: Talonflame|110\/345
|c| Cosine180|sub gyara could be a problem
|
|switch|p1a: I MISS DIGGERS|Bisharp, F|271\/271
|
|turn|11
|c|âOx the Fox|why didn't I bolt
|c| Cosine180|um why vswitch
|leave|fuck space
|
|switch|p1a: Standard Pivot|Raikou|321\/321
|-ability|p1a: Standard Pivot|Pressure
|move|p2a: Talonflame|Flare Blitz|p1a: Standard Pivot
|-damage|p1a: Standard Pivot|120\/321
|-status|p1a: Standard Pivot|brn
|-damage|p2a: Talonflame|44\/345|[from] recoil|[of] p1a: Standard Pivot
|
|-damage|p1a: Standard Pivot|80\/321 brn|[from] brn
|turn|12
|c| Cosine180|ofc
|c|âOx the Fox|really
|c|âOx the Fox|yeah I lose
|c|âOx the Fox|fuck this game
|c| FlamingVictini PB|revenge imo
|c|âOx the Fox|30 minutes wasted to a turn 1 crit
|c|âOx the Fox|but flaming
|
|move|p2a: Talonflame|Brave Bird|p1a: Standard Pivot
|-resisted|p1a: Standard Pivot
|-damage|p1a: Standard Pivot|0 fnt
|-damage|p2a: Talonflame|18\/345|[from] recoil|[of] p1a: Standard Pivot
|faint|p1a: Standard Pivot
|
|c| Cosine180|lol
|c| FlamingVictini PB|hacked me imo
|c|âOx the Fox|I would have lost like 20 points to you
|
|switch|p1a: I MISS DIGGERS|Bisharp, F|271\/271
|turn|13
|c| Cosine180|watch him choke
|
|move|p2a: Talonflame|Flare Blitz|p1a: I MISS DIGGERS
|-supereffective|p1a: I MISS DIGGERS
|-damage|p1a: I MISS DIGGERS|0 fnt
|-damage|p2a: Talonflame|0 fnt|[from] recoil|[of] p1a: I MISS DIGGERS
|faint|p1a: I MISS DIGGERS
|faint|p2a: Talonflame
|
|win|CheckmateWeee
|raw|Ladder updating...
|raw|Ox the Fox's rating: 1976 &rarr; <strong>1942<\/strong><br \/>(-34 for losing)
|raw|CheckmateWeee's rating: 1679 &rarr; <strong>1713<\/strong><br \/>(+34 for winning)
|c|âOx the Fox|bg
|c|âOx the Fox|fucker
|c| Cosine180|gotta hope
|c|âOx the Fox|how many
|c|âOx the Fox|35
|c|âOx the Fox|OK
|c| Cosine180|oml
|leave|Bloodz
|c|âOx the Fox|FUCK LADDER
|leave|Ox the Fox
|c| FlamingVictini PB|good