|join|Ox the Fox
|join|RS Swept
|player|p1|Ox the Fox|201
|player|p2|RS Swept|29
|gametype|singles
|gen|6
|tier|OU
|rated
|clearpoke
|poke|p1|Slowbro, M
|poke|p1|Heatran, F
|poke|p1|Celebi
|poke|p1|Excadrill, M
|poke|p1|Tyranitar, M
|poke|p1|Conkeldurr, F
|poke|p2|Gothitelle, F
|poke|p2|Skarmory, F
|poke|p2|Cresselia, F
|poke|p2|Quagsire, F
|poke|p2|Sableye, M
|poke|p2|Chansey, F
|rule|Swagger Clause: Swagger is banned
|rule|Baton Pass Clause: Limit one PokÃ©mon knowing Baton Pass
|rule|Sleep Clause Mod: Limit one foe put to sleep
|rule|Species Clause: Limit one of each PokÃ©mon
|rule|OHKO Clause: OHKO moves are banned
|rule|Moody Clause: Moody is banned
|rule|Evasion Moves Clause: Evasion moves are banned
|rule|Endless Battle Clause: Forcing endless battles is banned
|rule|HP Percentage Mod: HP is shown in percentages
|teampreview
|join|jake5
|c|âRS Swept|hi ox
|c| jake5|hahahah
|join|fingerscrossed
|join|MoB Barley
|join|daftmau5
|join|TheLaughingCats
|join|Squirrelll
|join|Gizmoâ
|join|scotti
|c| Squirrelll|lmao
|join|dedic
|c| Gizmoâ|this is gonna be
|c| Gizmoâ|a boring ass game
|c| jake5|well ox just beat that team
|c| MoB Barley|whats ur sableye plan
|c|âOx the Fox|oh
|join|Jefo
|c|âOx the Fox|yah i just beat this team
|c| jake5|but agaist a guy who didnt know how to use it
|c|âOx the Fox|lol
|
|start
|switch|p1a: Heatran|Heatran, F|355\/355
|switch|p2a: Sableye|Sableye, M|303\/303
|turn|1
|
|detailschange|p2a: Sableye|Sableye-Mega, M
|message|Sableye has Mega Evolved into Mega Sableye!
|move|p1a: Heatran|Overheat|p2a: Sableye
|-damage|p2a: Sableye|0 fnt
|-unboost|p1a: Heatran|spa|2
|faint|p2a: Sableye
|
|c| Squirrelll|i like this squad alot ox
|c| scotti|well
|c|âOx the Fox|YES
|c| jake5|LOL
|c|âOx the Fox|YES
|c| MoB Barley|OHHHH
|c|âOx the Fox|YES
|c|âOx the Fox|YES
|c| scotti|there is his sableye plan
|c| MoB Barley|HE HAS A PLAN
|c|âOx the Fox|YES
|c|âOx the Fox|YES
|c| scotti|lel
|c|âOx the Fox|GIVE ME YOUR POINTS
|c|âOx the Fox|n_n
|
|switch|p2a: Gothitelle|Gothitelle, F|301\/301
|turn|2
|join|Chillingtilsweg
|c|âOx the Fox|lol
|c|âOx the Fox|this is dejavu
|
|move|p2a: Gothitelle|Psyshock|p1a: Heatran
|-resisted|p1a: Heatran
|-damage|p1a: Heatran|304\/355
|move|p1a: Heatran|Overheat|p2a: Gothitelle
|-damage|p2a: Gothitelle|123\/301
|-unboost|p1a: Heatran|spa|2
|
|turn|3
|c| scotti|wtf
|c| jake5|k doesnt trick
|
|switch|p2a: Chansey|Chansey, F|645\/645
|move|p1a: Heatran|Overheat|p2a: Chansey
|-damage|p2a: Chansey|579\/645
|-unboost|p1a: Heatran|spa|2
|
|turn|4
|c| scotti|is this damage
|
|switch|p1a: Tyranitar|Tyranitar, M|404\/404
|-weather|Sandstorm
|move|p2a: Chansey|Stealth Rock|p1a: Tyranitar
|-sidestart|p1: Ox the Fox|move: Stealth Rock
|
|-weather|Sandstorm|[upkeep]
|-damage|p2a: Chansey|539\/645|[from] sandstorm
|turn|5
|c| Squirrelll|just go to bro and win lol
|c| jake5|what does costa think he's doing lol
|
|switch|p2a: Quagsire|Quagsire, F|394\/394
|move|p1a: Tyranitar|Stealth Rock|p2a: Quagsire
|-sidestart|p2: RS Swept|move: Stealth Rock
|
|-weather|Sandstorm|[upkeep]
|turn|6
|c| Squirrelll|how does he stop that
|c| MoB Barley|quag
|
|switch|p1a: Celebi|Celebi|403\/403
|-damage|p1a: Celebi|353\/403|[from] Stealth Rock
|move|p2a: Quagsire|Scald|p1a: Celebi
|-resisted|p1a: Celebi
|-damage|p1a: Celebi|320\/403
|
|-weather|Sandstorm|[upkeep]
|-damage|p1a: Celebi|295\/403|[from] sandstorm
|-heal|p1a: Celebi|320\/403|[from] item: Leftovers
|turn|7
|c| jake5|yeah crobro got dis
|join|Robert Edward Lee
|c|âOx the Fox|yah
|c|âOx the Fox|especially since I changed the set
|
|switch|p2a: Skarmory|Skarmory, F|333\/333
|-damage|p2a: Skarmory|292\/333|[from] Stealth Rock
|move|p1a: Celebi|Baton Pass|p1a: Celebi
|
|switch|p1a: Heatran|Heatran, F|304\/355
|-damage|p1a: Heatran|260\/355|[from] Stealth Rock
|
|-weather|Sandstorm|[upkeep]
|turn|8
|c| jake5|ah yeah
|
|switch|p2a: Chansey|Chansey, F|539\/645
|-damage|p2a: Chansey|459\/645|[from] Stealth Rock
|move|p1a: Heatran|Overheat|p2a: Chansey
|-damage|p2a: Chansey|273\/645
|-unboost|p1a: Heatran|spa|2
|
|-weather|Sandstorm|[upkeep]
|-damage|p2a: Chansey|233\/645|[from] sandstorm
|turn|9
|c| jake5|u changed it to psy
|c|âOx the Fox|was expecting more
|c| Squirrelll|oh boo
|c| jake5|ah 29% nb
|
|switch|p1a: Slowbro|Slowbro, M|394\/394
|-damage|p1a: Slowbro|345\/394|[from] Stealth Rock
|move|p2a: Chansey|Soft-Boiled|p2a: Chansey
|-heal|p2a: Chansey|556\/645
|
|-weather|Sandstorm|[upkeep]
|-damage|p2a: Chansey|516\/645|[from] sandstorm
|-damage|p1a: Slowbro|321\/394|[from] sandstorm
|turn|10
|c| jake5|its a chansey lol
|join|Preverb
|
|detailschange|p1a: Slowbro|Slowbro-Mega, M
|message|Slowbro has Mega Evolved into Mega Slowbro!
|move|p2a: Chansey|Seismic Toss|p1a: Slowbro
|-damage|p1a: Slowbro|221\/394
|move|p1a: Slowbro|Calm Mind|p1a: Slowbro
|-boost|p1a: Slowbro|spa|1
|-boost|p1a: Slowbro|spd|1
|
|-weather|Sandstorm|[upkeep]
|-damage|p2a: Chansey|476\/645|[from] sandstorm
|-damage|p1a: Slowbro|197\/394|[from] sandstorm
|turn|11
|leave|Preverb
|c|âOx the Fox|well previously it did like 20 from flamethrower
|
|move|p2a: Chansey|Seismic Toss|p1a: Slowbro
|-damage|p1a: Slowbro|97\/394
|move|p1a: Slowbro|Scald|p2a: Chansey
|-damage|p2a: Chansey|380\/645
|-status|p2a: Chansey|brn
|
|-weather|none
|-damage|p2a: Chansey|300\/645 brn|[from] brn
|turn|12
|c|âOx the Fox|WOOPS
|c| jake5|k doesnt rest
|c|âOx the Fox|yah i misclicked lol
|
|switch|p1a: Tyranitar|Tyranitar, M|404\/404
|-damage|p1a: Tyranitar|354\/404|[from] Stealth Rock
|-weather|Sandstorm
|move|p2a: Chansey|Seismic Toss|p1a: Tyranitar
|-damage|p1a: Tyranitar|254\/404
|
|-weather|Sandstorm|[upkeep]
|-damage|p2a: Chansey|260\/645 brn|[from] sandstorm
|-damage|p2a: Chansey|180\/645 brn|[from] brn
|turn|13
|c| scotti|oh dang
|c| jake5|hmm wonder what kinda tar that is
|
|move|p1a: Tyranitar|Pursuit|p2a: Chansey
|-damage|p2a: Chansey|99\/645 brn
|move|p2a: Chansey|Soft-Boiled|p2a: Chansey
|-heal|p2a: Chansey|422\/645 brn
|
|-weather|Sandstorm|[upkeep]
|-damage|p2a: Chansey|382\/645 brn|[from] sandstorm
|-damage|p2a: Chansey|302\/645 brn|[from] brn
|turn|14
|c| scotti|aww
|c| scotti|no
|
|move|p1a: Tyranitar|Stone Edge|p2a: Chansey
|-damage|p2a: Chansey|109\/645 brn
|move|p2a: Chansey|Soft-Boiled|p2a: Chansey
|-heal|p2a: Chansey|432\/645 brn
|
|-weather|Sandstorm|[upkeep]
|-damage|p2a: Chansey|392\/645 brn|[from] sandstorm
|-damage|p2a: Chansey|312\/645 brn|[from] brn
|turn|15
|c| jake5|lol
|
|move|p1a: Tyranitar|Stone Edge|p2a: Chansey
|-damage|p2a: Chansey|104\/645 brn
|move|p2a: Chansey|Soft-Boiled|p2a: Chansey
|-heal|p2a: Chansey|427\/645 brn
|
|-weather|Sandstorm|[upkeep]
|-damage|p2a: Chansey|387\/645 brn|[from] sandstorm
|-damage|p2a: Chansey|307\/645 brn|[from] brn
|turn|16
|c| jake5|yeah only band tar can break chansey
|
|move|p1a: Tyranitar|Stone Edge|p2a: Chansey
|-damage|p2a: Chansey|97\/645 brn
|move|p2a: Chansey|Soft-Boiled|p2a: Chansey
|-heal|p2a: Chansey|420\/645 brn
|
|-weather|Sandstorm|[upkeep]
|-damage|p2a: Chansey|380\/645 brn|[from] sandstorm
|-damage|p2a: Chansey|300\/645 brn|[from] brn
|turn|17
|
|move|p1a: Tyranitar|Stone Edge|p2a: Chansey
|-crit|p2a: Chansey
|-damage|p2a: Chansey|0 fnt
|faint|p2a: Chansey
|
|-weather|Sandstorm|[upkeep]
|c|âOx the Fox|idk this is breaking it p well lol
|c|âRS Swept|>80%
|c| scotti|ox think plz
|c|âRS Swept|miss pls
|c| scotti|or hax
|c|âOx the Fox|yaya
|c|âRS Swept|okay terrible game ox
|c| jake5|lol
|c|âRS Swept|you noob
|c| MoB Barley|HAHA
|c|âOx the Fox|:[
|
|switch|p2a: Skarmory|Skarmory, F|292\/333
|-damage|p2a: Skarmory|251\/333|[from] Stealth Rock
|turn|18
|c|âOx the Fox|i needed to rest on bro
|c|âOx the Fox|he was an auto win
|
|switch|p1a: Heatran|Heatran, F|260\/355
|-damage|p1a: Heatran|216\/355|[from] Stealth Rock
|move|p2a: Skarmory|Spikes|p1a: Heatran
|-sidestart|p1: Ox the Fox|Spikes
|
|-weather|Sandstorm|[upkeep]
|turn|19
|c| jake5|n
|c|âRS Swept|n i can beat it
|join|tomibello
|c| jake5|not an auto win
|c| MoB Barley|his cress
|
|switch|p2a: Quagsire|Quagsire, F|394\/394
|-damage|p2a: Quagsire|370\/394|[from] Stealth Rock
|move|p1a: Heatran|Flamethrower|p2a: Quagsire
|-resisted|p2a: Quagsire
|-damage|p2a: Quagsire|171\/394
|
|-weather|none
|-heal|p2a: Quagsire|195\/394|[from] item: Leftovers
|turn|20
|c| Gizmoâ|he has a cress at full
|
|switch|p2a: Cresselia|Cresselia, F|444\/444
|-damage|p2a: Cresselia|389\/444|[from] Stealth Rock
|move|p1a: Heatran|Flamethrower|p2a: Cresselia
|-damage|p2a: Cresselia|188\/444
|-status|p2a: Cresselia|brn
|
|-heal|p2a: Cresselia|215\/444 brn|[from] item: Leftovers
|-damage|p2a: Cresselia|160\/444 brn|[from] brn
|turn|21
|c|âOx the Fox|kill
|c| MoB Barley|wow
|c| scotti|welp
|c|âOx the Fox|lel
|c| jake5|that did alot
|c| scotti|ox is a stud
|c|âRS Swept|this game
|c|âRS Swept|is awful
|c| Gizmoâ|LOOOOOOOOOOOOOOOOOOOOOOOOOOOOOOOOOOOOOL
|c| jake5|lol
|c|âOx the Fox|are u even faster
|c| jake5|heatran sweep
|c| jake5|hahahaha
|c| Gizmoâ|victory!
|
|move|p1a: Heatran|Flamethrower|p2a: Cresselia
|-damage|p2a: Cresselia|0 fnt
|faint|p2a: Cresselia
|
|c| scotti|ox
|
|switch|p2a: Gothitelle|Gothitelle, F|123\/301
|-damage|p2a: Gothitelle|86\/301|[from] Stealth Rock
|turn|22
|c|âOx the Fox|y
|c| scotti|give me tips
|
|move|p2a: Gothitelle|Trick|p1a: Heatran
|-activate|p2a: Gothitelle|move: Trick|[of] p1a: Heatran
|-item|p1a: Heatran|Choice Scarf|[from] move: Trick
|-item|p2a: Gothitelle|Choice Specs|[from] move: Trick
|move|p1a: Heatran|Flamethrower|p2a: Gothitelle
|-damage|p2a: Gothitelle|0 fnt
|faint|p2a: Gothitelle
|
|c|âOx the Fox|ok
|c|âOx the Fox|1.
|
|switch|p2a: Quagsire|Quagsire, F|195\/394
|-damage|p2a: Quagsire|171\/394|[from] Stealth Rock
|turn|23
|c|âOx the Fox|stop being such a fag
|c| jake5|k finally tricks it lol
|c|âOx the Fox|2.
|c| scotti|......
|c|âOx the Fox|don't be such a fag
|c| scotti|......
|c|âOx the Fox|nah
|c|âOx the Fox|just make sure u hax people
|
|move|p1a: Heatran|Flamethrower|p2a: Quagsire
|-resisted|p2a: Quagsire
|-damage|p2a: Quagsire|41\/394
|move|p2a: Quagsire|Recover|p2a: Quagsire
|-heal|p2a: Quagsire|238\/394
|
|-heal|p2a: Quagsire|262\/394|[from] item: Leftovers
|turn|24
|
|move|p1a: Heatran|Flamethrower|p2a: Quagsire
|-crit|p2a: Quagsire
|-resisted|p2a: Quagsire
|-damage|p2a: Quagsire|74\/394
|move|p2a: Quagsire|Recover|p2a: Quagsire
|-heal|p2a: Quagsire|271\/394
|
|-heal|p2a: Quagsire|295\/394|[from] item: Leftovers
|turn|25
|c| scotti|ah
|c| Gizmoâ|oh wow
|leave|Robert Edward Lee
|c|âOx the Fox|im going for burn
|c| Gizmoâ|not preserving
|
|move|p1a: Heatran|Flamethrower|p2a: Quagsire
|-resisted|p2a: Quagsire
|-damage|p2a: Quagsire|166\/394
|move|p2a: Quagsire|Recover|p2a: Quagsire
|-heal|p2a: Quagsire|363\/394
|
|-heal|p2a: Quagsire|387\/394|[from] item: Leftovers
|turn|26
|c|âOx the Fox|u know it
|c|âRS Swept|fucking crits
|c|âRS Swept|are you kidding
|join|shartruce2
|
|switch|p1a: Celebi|Celebi|320\/403
|-damage|p1a: Celebi|270\/403|[from] Stealth Rock
|-damage|p1a: Celebi|220\/403|[from] Spikes
|move|p2a: Quagsire|Scald|p1a: Celebi
|-resisted|p1a: Celebi
|-damage|p1a: Celebi|186\/403
|-status|p1a: Celebi|brn
|
|-heal|p1a: Celebi|211\/403 brn|[from] item: Leftovers
|-heal|p2a: Quagsire|394\/394|[from] item: Leftovers
|-damage|p1a: Celebi|161\/403 brn|[from] brn
|turn|27
|c| scotti|the great ox
|
|move|p1a: Celebi|Recover|p1a: Celebi
|-heal|p1a: Celebi|363\/403 brn
|move|p2a: Quagsire|Scald|p1a: Celebi
|-resisted|p1a: Celebi
|-damage|p1a: Celebi|330\/403 brn
|
|-heal|p1a: Celebi|355\/403 brn|[from] item: Leftovers
|-damage|p1a: Celebi|305\/403 brn|[from] brn
|turn|28
|c| jake5|k finally switches lol
|c| Gizmoâ|wow
|c| Gizmoâ|burn
|
|switch|p2a: Skarmory|Skarmory, F|251\/333
|-damage|p2a: Skarmory|210\/333|[from] Stealth Rock
|move|p1a: Celebi|Substitute|p1a: Celebi
|-start|p1a: Celebi|Substitute
|-damage|p1a: Celebi|205\/403 brn
|
|-heal|p1a: Celebi|230\/403 brn|[from] item: Leftovers
|-damage|p1a: Celebi|180\/403 brn|[from] brn
|turn|29
|c| Gizmoâ|fucking asshole
|c| MoB Barley|what
|c| MoB Barley|that was a roll
|c| shartruce2|dam #1 and #2 ppl
|
|move|p1a: Celebi|Baton Pass|p1a: Celebi
|c| MoB Barley|o
|c| MoB Barley|he got tricked
|
|switch|p1a: Slowbro|Slowbro-Mega, M|97\/394
|-damage|p1a: Slowbro|48\/394|[from] Spikes
|-damage|p1a: Slowbro|0 fnt|[from] Stealth Rock
|faint|p1a: Slowbro
|move|p2a: Skarmory|Spikes|p1: Slowbro
|-sidestart|p1: Ox the Fox|Spikes
|
|c|âOx the Fox|don't break
|join|I Iike Squirtles
|c| Gizmoâ|.
|c|âRS Swept|such
|c|âRS Swept|a
|c|âRS Swept|noob
|c| jake5|lol
|c| MoB Barley|w.e rs dw baby ur still op af
|c| Gizmoâ|ox.............................
|c|âOx the Fox|nuu lol
|
|switch|p1a: Heatran|Heatran, F|216\/355
|-damage|p1a: Heatran|172\/355|[from] Stealth Rock
|-damage|p1a: Heatran|113\/355|[from] Spikes
|turn|30
|c|âRS Swept|hax losses
|c|âRS Swept|the best
|
|switch|p2a: Quagsire|Quagsire, F|394\/394
|-damage|p2a: Quagsire|370\/394|[from] Stealth Rock
|move|p1a: Heatran|Overheat|p2a: Quagsire|[miss]
|-miss|p1a: Heatran|p2a: Quagsire
|
|-heal|p2a: Quagsire|394\/394|[from] item: Leftovers
|turn|31
|c| Gizmoâ|i think
|c| MoB Barley|we've all been there
|c| Gizmoâ|ox might lose
|c| MoB Barley|we saw it
|c|âOx the Fox|NO
|
|move|p1a: Heatran|Overheat|p2a: Quagsire
|-resisted|p2a: Quagsire
|-damage|p2a: Quagsire|224\/394
|-unboost|p1a: Heatran|spa|2
|move|p2a: Quagsire|Scald|p1a: Heatran
|-crit|p1a: Heatran
|-supereffective|p1a: Heatran
|-damage|p1a: Heatran|0 fnt
|faint|p1a: Heatran
|
|-heal|p2a: Quagsire|248\/394|[from] item: Leftovers
|
|switch|p1a: Conkeldurr|Conkeldurr, F|364\/364
|-damage|p1a: Conkeldurr|304\/364|[from] Spikes
|-damage|p1a: Conkeldurr|282\/364|[from] Stealth Rock
|turn|32
|c| MoB Barley|rng is gey sometimes
|c| Gizmoâ|yeah
|join|Jukain
|c| jake5|scarf is wek
|c| Gizmoâ|er
|
|move|p1a: Conkeldurr|Knock Off|p2a: Quagsire
|-damage|p2a: Quagsire|149\/394
|-enditem|p2a: Quagsire|Leftovers|[from] move: Knock Off|[of] p1a: Conkeldurr
|move|p2a: Quagsire|Recover|p2a: Quagsire
|-heal|p2a: Quagsire|346\/394
|
|turn|33
|c| MoB Barley|i guess that overheat miss
|c| MoB Barley|made it fair
|c| MoB Barley|â¦..
|c|âOx the Fox|pls conk
|c| scotti|omg
|c| jake5|lol
|c| scotti|the comeback
|c|âRS Swept|lol
|c| scotti|???
|c| Gizmoâ|wtf is conk gonna do
|
|move|p1a: Conkeldurr|Drain Punch|p2a: Quagsire
|-damage|p2a: Quagsire|226\/394
|-heal|p1a: Conkeldurr|342\/364|[from] drain|[of] p2a: Quagsire
|move|p2a: Quagsire|Recover|p2a: Quagsire
|-heal|p2a: Quagsire|394\/394
|
|turn|34
|c|âOx the Fox|i really needed to rest on chans
|leave|fingerscrossed
|c| jake5|stall out recovr.....
|c|âOx the Fox|y
|c|âOx the Fox|im p sure conk wins
|c| Gizmoâ|what on your team
|c|âOx the Fox|since he can't status me
|c| Gizmoâ|even kills skarm
|
|move|p1a: Conkeldurr|Knock Off|p2a: Quagsire
|-damage|p2a: Quagsire|327\/394
|move|p2a: Quagsire|Toxic|p1a: Conkeldurr
|-status|p1a: Conkeldurr|tox
|
|-damage|p1a: Conkeldurr|320\/364 tox|[from] psn
|turn|35
|c|âOx the Fox|heatran
|
|move|p1a: Conkeldurr|Drain Punch|p2a: Quagsire
|-damage|p2a: Quagsire|147\/394
|-heal|p1a: Conkeldurr|364\/364 tox|[from] drain|[of] p2a: Quagsire
|move|p2a: Quagsire|Recover|p2a: Quagsire
|-heal|p2a: Quagsire|344\/394
|
|-damage|p1a: Conkeldurr|320\/364 tox|[from] psn
|turn|36
|c| Gizmoâ|it's dead nigga
|c| jake5|lol
|
|move|p1a: Conkeldurr|Drain Punch|p2a: Quagsire
|-damage|p2a: Quagsire|145\/394
|-heal|p1a: Conkeldurr|364\/364 tox|[from] drain|[of] p2a: Quagsire
|move|p2a: Quagsire|Recover|p2a: Quagsire
|-heal|p2a: Quagsire|342\/394
|
|-damage|p1a: Conkeldurr|298\/364 tox|[from] psn
|turn|37
|c| jake5|not even doing 50
|
|move|p1a: Conkeldurr|Drain Punch|p2a: Quagsire
|-damage|p2a: Quagsire|147\/394
|-heal|p1a: Conkeldurr|364\/364 tox|[from] drain|[of] p2a: Quagsire
|move|p2a: Quagsire|Recover|p2a: Quagsire
|-heal|p2a: Quagsire|344\/394
|
|-damage|p1a: Conkeldurr|276\/364 tox|[from] psn
|turn|38
|c| jake5|oh wait
|c| Gizmoâ|there we go
|c| jake5|its a roll
|
|move|p1a: Conkeldurr|Drain Punch|p2a: Quagsire
|-damage|p2a: Quagsire|155\/394
|-heal|p1a: Conkeldurr|364\/364 tox|[from] drain|[of] p2a: Quagsire
|move|p2a: Quagsire|Recover|p2a: Quagsire
|-heal|p2a: Quagsire|352\/394
|
|-damage|p1a: Conkeldurr|254\/364 tox|[from] psn
|turn|39
|c| Gizmoâ|CRITS COMING SOON
|c| jake5|hmm 51 is probs max
|c| scotti|just need a crit here and there
|c| scotti|and bam
|c| scotti|ox wins
|c| jake5|eh ox
|
|move|p1a: Conkeldurr|Drain Punch|p2a: Quagsire
|-damage|p2a: Quagsire|166\/394
|-heal|p1a: Conkeldurr|347\/364 tox|[from] drain|[of] p2a: Quagsire
|move|p2a: Quagsire|Recover|p2a: Quagsire
|-heal|p2a: Quagsire|363\/394
|
|-damage|p1a: Conkeldurr|215\/364 tox|[from] psn
|turn|40
|c| jake5|will have to switch out soon
|c|âOx the Fox|how many has he used
|join|TomiNeedsAnUmbrela
|c|+Jukain|10
|join|Biz
|
|switch|p1a: Tyranitar|Tyranitar, M|254\/404
|-damage|p1a: Tyranitar|187\/404|[from] Spikes
|-damage|p1a: Tyranitar|137\/404|[from] Stealth Rock
|-weather|Sandstorm
|move|p2a: Quagsire|Recover|p2a: Quagsire
|-heal|p2a: Quagsire|394\/394
|
|-weather|Sandstorm|[upkeep]
|turn|41
|c| jake5|ooh jukain counting
|c| Gizmoâ|ctrl+f ox
|c|+Jukain|i just checked
|c| Gizmoâ|noob
|
|move|p1a: Tyranitar|Pursuit|p2a: Quagsire
|-damage|p2a: Quagsire|348\/394
|move|p2a: Quagsire|Scald|p1a: Tyranitar
|-supereffective|p1a: Tyranitar
|-damage|p1a: Tyranitar|69\/404
|
|-weather|Sandstorm|[upkeep]
|turn|42
|c| scotti|he has used 11
|
|move|p1a: Tyranitar|Ice Beam|p2a: Quagsire
|-damage|p2a: Quagsire|253\/394
|move|p2a: Quagsire|Toxic|p1a: Tyranitar
|-status|p1a: Tyranitar|tox
|
|-weather|Sandstorm|[upkeep]
|-damage|p1a: Tyranitar|44\/404 tox|[from] psn
|turn|43
|c|âOx the Fox|freeze
|c| scotti|nah jukain
|c| jake5|lel eveyrone against costa
|
|move|p1a: Tyranitar|Ice Beam|p2a: Quagsire
|-damage|p2a: Quagsire|165\/394
|move|p2a: Quagsire|Recover|p2a: Quagsire
|-heal|p2a: Quagsire|362\/394
|
|-weather|Sandstorm|[upkeep]
|-damage|p1a: Tyranitar|0 fnt|[from] psn
|faint|p1a: Tyranitar
|c| Gizmoâ|FREEZE
|c| scotti|12
|c| Gizmoâ|FREEEEEEEEZE
|
|switch|p1a: Celebi|Celebi|180\/403
|-damage|p1a: Celebi|130\/403|[from] Stealth Rock
|-damage|p1a: Celebi|63\/403|[from] Spikes
|turn|44
|c|âRS Swept|HOW DO YOU LOSE THIS
|c|âRS Swept|YOU NOOB
|c|+Jukain|its ok dude
|
|switch|p2a: Skarmory|Skarmory, F|210\/333
|-damage|p2a: Skarmory|169\/333|[from] Stealth Rock
|move|p1a: Celebi|Recover|p1a: Celebi
|-heal|p1a: Celebi|265\/403
|
|-weather|Sandstorm|[upkeep]
|-damage|p1a: Celebi|240\/403|[from] sandstorm
|-heal|p1a: Celebi|265\/403|[from] item: Leftovers
|turn|45
|c|âOx the Fox|;_;
|c|+Jukain|lol
|c| jake5|it'll be funny if ox loses hahahhaa
|c|+Jukain|u have no chance to lose calm down
|c| Gizmoâ|"if"
|c|+Jukain|unless u fuck up
|
|move|p1a: Celebi|Recover|p1a: Celebi
|-heal|p1a: Celebi|403\/403
|move|p2a: Skarmory|Roost|p2a: Skarmory
|-heal|p2a: Skarmory|333\/333
|
|-weather|Sandstorm|[upkeep]
|-damage|p1a: Celebi|378\/403|[from] sandstorm
|-heal|p1a: Celebi|403\/403|[from] item: Leftovers
|turn|46
|c|+Jukain|ultra bad
|c|+Jukain|this is legit hard to lose
|
|move|p1a: Celebi|Baton Pass|p1a: Celebi
|join|Divine Rose
|
|switch|p1a: Excadrill|Excadrill, M|361\/361
|-damage|p1a: Excadrill|301\/361|[from] Spikes
|-damage|p1a: Excadrill|290\/361|[from] Stealth Rock
|move|p2a: Skarmory|Spikes|p1a: Excadrill
|-sidestart|p1: Ox the Fox|Spikes
|
|-weather|Sandstorm|[upkeep]
|turn|47
|c|âOx the Fox|these hgazards wins
|c| Gizmoâ|alright
|
|move|p1a: Excadrill|Rock Slide|p2a: Skarmory
|-damage|p2a: Skarmory|252\/333
|-damage|p1a: Excadrill|254\/361|[from] item: Life Orb
|move|p2a: Skarmory|Brave Bird|p1a: Excadrill
|-resisted|p1a: Excadrill
|-damage|p1a: Excadrill|164\/361
|-damage|p2a: Skarmory|222\/333|[from] recoil|[of] p1a: Excadrill
|
|-weather|none
|turn|48
|c| Gizmoâ|just sd
|
|move|p1a: Excadrill|Swords Dance|p1a: Excadrill
|-boost|p1a: Excadrill|atk|2
|move|p2a: Skarmory|Roost|p2a: Skarmory
|-heal|p2a: Skarmory|333\/333
|
|turn|49
|c| Gizmoâ|JUST SD
|c| Gizmoâ|RIGHT HERE RIGHT NOW
|c|+Jukain|o hes damn
|c| jake5|yeah he dont have sd lel
|c|+Jukain|now eq
|c| Gizmoâ|aye lgi
|c| jake5|*ww
|
|move|p1a: Excadrill|Rock Slide|p2a: Skarmory
|-damage|p2a: Skarmory|174\/333
|-damage|p1a: Excadrill|128\/361|[from] item: Life Orb
|move|p2a: Skarmory|Brave Bird|p1a: Excadrill
|-resisted|p1a: Excadrill
|-damage|p1a: Excadrill|48\/361
|-damage|p2a: Skarmory|148\/333|[from] recoil|[of] p1a: Excadrill
|
|turn|50
|join|asdfCookie
|c| scotti|quah has used 12 recovers
|c| Gizmoâ|ok
|c| Gizmoâ|eq
|c|âOx the Fox|eq here
|
|switch|p2a: Quagsire|Quagsire, F|362\/394
|-damage|p2a: Quagsire|338\/394|[from] Stealth Rock
|move|p1a: Excadrill|Rock Slide|p2a: Quagsire
|-miss|p1a: Excadrill|p2a: Quagsire
|
|turn|51
|c| jake5|lel
|c| scotti|fuckin ass
|c| Gizmoâ|YOU'RE SO BAD
|c|âOx the Fox|:[
|c|+Jukain|lol just go for eq
|c| Gizmoâ|YOU'RE SO BAD AT THIS GAME
|c| jake5|ah that helps him sorta lol
|c|+Jukain|not even a problem
|
|move|p1a: Excadrill|Earthquake|p2a: Quagsire
|-damage|p2a: Quagsire|142\/394
|-damage|p1a: Excadrill|12\/361|[from] item: Life Orb
|move|p2a: Quagsire|Scald|p1a: Excadrill
|-supereffective|p1a: Excadrill
|-damage|p1a: Excadrill|0 fnt
|faint|p1a: Excadrill
|
|c| Gizmoâ|he needed.
|c| Gizmoâ|to eq
|
|switch|p1a: Conkeldurr|Conkeldurr, F|215\/364 tox
|-damage|p1a: Conkeldurr|124\/364 tox|[from] Spikes
|-damage|p1a: Conkeldurr|102\/364 tox|[from] Stealth Rock
|turn|52
|c| scotti|????
|c| Gizmoâ|to
|c| jake5|well at least your stalling out recovers
|c| Gizmoâ|2hko
|c| Gizmoâ|he lost now
|c|âOx the Fox|do i heal enough
|c| Gizmoâ|i'm p sure
|
|move|p1a: Conkeldurr|Drain Punch|p2a: Quagsire
|-damage|p2a: Quagsire|0 fnt
|-heal|p1a: Conkeldurr|173\/364 tox|[from] drain|[of] p2a: Quagsire
|faint|p2a: Quagsire
|
|-damage|p1a: Conkeldurr|151\/364 tox|[from] psn
|
|switch|p2a: Skarmory|Skarmory, F|148\/333
|-damage|p2a: Skarmory|107\/333|[from] Stealth Rock
|turn|53
|c| scotti|oh dang
|c| scotti|50\/50
|c| scotti|??
|c| jake5|bb kills
|c| Gizmoâ|no
|c|+Jukain|mach
|c| Gizmoâ|wait
|c| Gizmoâ|yeah
|c| Gizmoâ|OX
|c| Gizmoâ|ROLL DICE
|join|Lulu6
|c| scotti|lel
|c|+Jukain|plz make the correct play..
|c|âOx the Fox|uh
|c|âOx the Fox|do i mach
|c|âOx the Fox|or drain
|c|âOx the Fox|;_;
|c| jake5|lol
|c|âOx the Fox|its a 50 50
|c| Gizmoâ|nah
|c| jake5|n
|c| Gizmoâ|you have to mach
|c|âOx the Fox|yah
|c| Gizmoâ|so drain
|c|âOx the Fox|what
|c| Gizmoâ|you're forced to mach
|c| Gizmoâ|so don't
|c| shartruce2|lol
|c| shartruce2|gizmo strats
|c| scotti|wait time out
|c| Gizmoâ|nah
|c| scotti|is celebi faster
|c| Gizmoâ|do what you're not supposed to do
|c| Gizmoâ|just drain punch nig nog
|c| Gizmoâ|MAKE THE STUPID PLAY
|c|+Jukain|no duh scotti.........
|c| scotti|well
|c| scotti|does celebi have psychic
|c|+Jukain|its base 100 speed
|
|move|p2a: Skarmory|Brave Bird|p1a: Conkeldurr
|-crit|p1a: Conkeldurr
|-supereffective|p1a: Conkeldurr
|-damage|p1a: Conkeldurr|0 fnt
|-damage|p2a: Skarmory|57\/333|[from] recoil|[of] p1a: Conkeldurr
|faint|p1a: Conkeldurr
|
|
|switch|p1a: Celebi|Celebi|403\/403
|-damage|p1a: Celebi|303\/403|[from] Spikes
|-damage|p1a: Celebi|253\/403|[from] Stealth Rock
|turn|54
|c| Gizmoâ|wow
|
|move|p1a: Celebi|Psychic|p2a: Skarmory
|-resisted|p2a: Skarmory
|-damage|p2a: Skarmory|0 fnt
|faint|p2a: Skarmory
|
|win|Ox the Fox
|raw|Ladder updating...
|c| scotti|psychic celebi can win
|c| scotti|see
|c|âOx the Fox|ayyy
|c|âOx the Fox|nice
|c| scotti|ezy
|c| jake5|lel
|c|âOx the Fox|gg
|c|âOx the Fox|WHERE ARE MY POINTS
|c|âRS Swept|you suck
|raw|Ox the Fox's rating: 1905 &rarr; <strong>1928<\/strong><br \/>(+23 for winning)
|raw|RS Swept's rating: 1961 &rarr; <strong>1938<\/strong><br \/>(-23 for losing)
|c| scotti|lel
|c| Gizmoâ|how was this game
|c|+Jukain|lol
|c| Gizmoâ|so close
|leave|Biz
|c| jake5|there lel
|c|âOx the Fox|hnnng
|c|âOx the Fox|almost #1
|c|+Jukain|damn
|c|âOx the Fox|LETS GO
|leave|scotti
|leave|dedic
|c|+Jukain|the ladder is inflating back up
|leave|Ox the Fox
|player|p1
|leave|Divine Rose
|leave|Squirrelll
|leave|TheLaughingCats
|leave|jake5
|leave|Gizmoâ
|leave|RS Swept
|player|p2
|leave|shartruce2
|leave|Chillingtilsweg
|leave|asdfCookie
|join|Chillingtilsweg
|leave|Chillingtilsweg
|join|Breeloom
|leave|Breeloom
|join|Preverb
|leave|Preverb
|join|shartruce2
|leave|shartruce2
|leave|tomibello
|join|RNGzus
|leave|RNGzus
|leave|MoB Barley
|join|Chillingtilsweg
|leave|Chillingtilsweg
|join|Vertex
|join|RNGzus
|leave|RNGzus
|join|Gghhh
|join|22dula
|join|I'm Virus ('o')~
|join|ThatGuyOnTheLOU
|leave|ThatGuyOnTheLOU
|leave|22dula
|leave|Gghhh
|leave|Vertex
|join|Vertex
|leave|Vertex
|join|Henry
|leave|daftmau5
|leave|TomiNeedsAnUmbrela
|leave|Henry
|join|TyranitarTerror
|leave|I Iike Squirtles
|join|AM
|leave|AM
|join|dfgddfgfdgdgf
|join|Master Diddles
|leave|TyranitarTerror
|leave|Master Diddles
|leave|I'm Virus ('o')~
|leave|dfgddfgfdgdgf
|join|TyranitarTerror
|join|fsdadfsafdas
|leave|TyranitarTerror
|join|slowkingite
|leave|slowkingite
|join|dfgddfgfdgdgf
|leave|Jefo
|leave|dfgddfgfdgdgf
|join|RNGzus
|leave|RNGzus