|join|Ox the Fox
|join|Jon Bovi
|player|p1|Ox the Fox|201
|player|p2|Jon Bovi|240
|gametype|singles
|gen|6
|tier|OU
|rated
|clearpoke
|poke|p1|Slowbro, M
|poke|p1|Heatran, F
|poke|p1|Celebi
|poke|p1|Excadrill, F
|poke|p1|Tyranitar, F
|poke|p1|Conkeldurr, M
|poke|p2|Donphan, M
|poke|p2|Zapdos
|poke|p2|Pinsir, M
|poke|p2|Keldeo-Resolute
|poke|p2|Metagross
|poke|p2|Celebi
|rule|Swagger Clause: Swagger is banned
|rule|Baton Pass Clause: Limit one PokÃ©mon knowing Baton Pass
|rule|Sleep Clause Mod: Limit one foe put to sleep
|rule|Species Clause: Limit one of each PokÃ©mon
|rule|OHKO Clause: OHKO moves are banned
|rule|Moody Clause: Moody is banned
|rule|Evasion Moves Clause: Evasion moves are banned
|rule|Endless Battle Clause: Forcing endless battles is banned
|rule|HP Percentage Mod: HP is shown in percentages
|teampreview
|c|âOx the Fox|glhf
|join|jake5
|join|Gizmoâ
|join|Lulu6
|c|âJon Bovi|Ty u 2
|c| jake5|ah its the legenadry bon
|c| jake5|why arent u laddering on lef deppard?
|c|âJon Bovi|How r u jake?
|c| jake5|i'm well so tell me how come
|c|âJon Bovi|dunno hahha
|
|start
|switch|p1a: Conkeldurr|Conkeldurr, M|364\/364
|switch|p2a: Animal|Keldeo-Resolute|322\/322
|turn|1
|
|switch|p2a: Armageddon it|Pinsir, M|271\/271
|move|p1a: Conkeldurr|Knock Off|p2a: Armageddon it
|-damage|p2a: Armageddon it|182\/271
|
|turn|2
|c|âOx the Fox|this is annoying
|
|switch|p1a: Slowbro|Slowbro, M|394\/394
|detailschange|p2a: Armageddon it|Pinsir-Mega, M
|message|Pinsir has Mega Evolved into Mega Pinsir!
|move|p2a: Armageddon it|Close Combat|p1a: Slowbro
|-resisted|p1a: Slowbro
|-damage|p1a: Slowbro|335\/394
|-unboost|p2a: Armageddon it|def|1
|-unboost|p2a: Armageddon it|spd|1
|
|turn|3
|c| jake5|wut
|c| jake5|is
|c|âOx the Fox|pinsir
|
|switch|p2a: Photograph|Zapdos|384\/384
|-ability|p2a: Photograph|Pressure
|move|p1a: Slowbro|Scald|p2a: Photograph
|-crit|p2a: Photograph
|-damage|p2a: Photograph|270\/384
|
|-heal|p2a: Photograph|294\/384|[from] item: Leftovers
|turn|4
|
|switch|p2a: Undefeated|Metagross|364\/364
|switch|p1a: Tyranitar|Tyranitar, F|404\/404
|-weather|Sandstorm
|
|-weather|Sandstorm|[upkeep]
|turn|5
|
|switch|p1a: Slowbro|Slowbro, M|394\/394
|move|p2a: Undefeated|Stealth Rock|p1a: Slowbro
|-sidestart|p1: Ox the Fox|move: Stealth Rock
|
|-weather|Sandstorm|[upkeep]
|-damage|p1a: Slowbro|370\/394|[from] Sandstorm
|turn|6
|
|switch|p2a: Love bites|Celebi|404\/404
|move|p1a: Slowbro|Scald|p2a: Love bites
|-crit|p2a: Love bites
|-resisted|p2a: Love bites
|-damage|p2a: Love bites|353\/404
|-status|p2a: Love bites|brn
|
|-weather|Sandstorm|[upkeep]
|-damage|p2a: Love bites|328\/404 brn|[from] Sandstorm
|-damage|p1a: Slowbro|346\/394|[from] Sandstorm
|-heal|p2a: Love bites|353\/404 brn|[from] item: Leftovers
|-damage|p2a: Love bites|303\/404 brn|[from] brn
|turn|7
|
|switch|p1a: Celebi|Celebi|403\/403
|-damage|p1a: Celebi|353\/403|[from] Stealth Rock
|move|p2a: Love bites|Thunder Wave|p1a: Celebi
|-status|p1a: Celebi|par
|
|-weather|Sandstorm|[upkeep]
|-damage|p2a: Love bites|278\/404 brn|[from] Sandstorm
|-damage|p1a: Celebi|328\/403 par|[from] Sandstorm
|-heal|p2a: Love bites|303\/404 brn|[from] item: Leftovers
|-heal|p1a: Celebi|353\/403 par|[from] item: Leftovers
|-damage|p2a: Love bites|253\/404 brn|[from] brn
|turn|8
|
|switch|p2a: Undefeated|Metagross|364\/364
|cant|p1a: Celebi|par
|
|-weather|Sandstorm|[upkeep]
|-damage|p1a: Celebi|328\/403 par|[from] Sandstorm
|-heal|p1a: Celebi|353\/403 par|[from] item: Leftovers
|turn|9
|
|switch|p1a: Slowbro|Slowbro, M|394\/394
|-damage|p1a: Slowbro|345\/394|[from] Stealth Rock
|move|p2a: Undefeated|Meteor Mash|p1a: Slowbro
|-resisted|p1a: Slowbro
|-damage|p1a: Slowbro|277\/394
|
|-weather|Sandstorm|[upkeep]
|-damage|p1a: Slowbro|253\/394|[from] Sandstorm
|turn|10
|
|switch|p2a: Love bites|Celebi|253\/404
|move|p1a: Slowbro|Calm Mind|p1a: Slowbro
|-boost|p1a: Slowbro|spa|1
|-boost|p1a: Slowbro|spd|1
|
|-weather|Sandstorm|[upkeep]
|-damage|p2a: Love bites|228\/404|[from] Sandstorm
|-damage|p1a: Slowbro|229\/394|[from] Sandstorm
|-heal|p2a: Love bites|253\/404|[from] item: Leftovers
|turn|11
|join|Squirrelll
|
|switch|p1a: Heatran|Heatran, F|355\/355
|-damage|p1a: Heatran|311\/355|[from] Stealth Rock
|move|p2a: Love bites|Thunder Wave|p1a: Heatran
|-status|p1a: Heatran|par
|
|-weather|none
|-heal|p2a: Love bites|278\/404|[from] item: Leftovers
|turn|12
|
|switch|p2a: Animal|Keldeo-Resolute|322\/322
|move|p1a: Heatran|Overheat|p2a: Animal
|-resisted|p2a: Animal
|-damage|p2a: Animal|124\/322
|-unboost|p1a: Heatran|spa|2
|
|turn|13
|c|âOx the Fox|switch in?
|c|âJon Bovi|Ouch
|
|switch|p2a: Armageddon it|Pinsir-Mega, M|182\/271
|switch|p1a: Celebi|Celebi|353\/403
|-damage|p1a: Celebi|303\/403|[from] Stealth Rock
|
|-heal|p1a: Celebi|328\/403|[from] item: Leftovers
|turn|14
|c| Squirrelll|maybe specs is the way to go
|c| Squirrelll|lol
|
|switch|p1a: Tyranitar|Tyranitar, F|404\/404
|-damage|p1a: Tyranitar|354\/404|[from] Stealth Rock
|-weather|Sandstorm
|move|p2a: Armageddon it|Swords Dance|p2a: Armageddon it
|-boost|p2a: Armageddon it|atk|2
|
|-weather|Sandstorm|[upkeep]
|-damage|p2a: Armageddon it|166\/271|[from] Sandstorm
|turn|15
|join|Robert Edward Lee
|c| jake5|ahhh
|c|âOx the Fox|lol u do remember my set right
|
|switch|p1a: Conkeldurr|Conkeldurr, M|364\/364
|-damage|p1a: Conkeldurr|342\/364|[from] Stealth Rock
|move|p2a: Armageddon it|Close Combat|p1a: Conkeldurr
|-damage|p1a: Conkeldurr|20\/364
|-unboost|p2a: Armageddon it|def|1
|-unboost|p2a: Armageddon it|spd|1
|
|-weather|Sandstorm|[upkeep]
|-damage|p2a: Armageddon it|150\/271|[from] Sandstorm
|-damage|p1a: Conkeldurr|0 fnt|[from] Sandstorm
|faint|p1a: Conkeldurr
|
|switch|p1a: Excadrill|Excadrill, F|361\/361
|-damage|p1a: Excadrill|350\/361|[from] Stealth Rock
|turn|16
|c| jake5|op
|
|switch|p2a: Pour some on me|Donphan, M|384\/384
|move|p1a: Excadrill|Iron Head|p2a: Pour some on me
|-damage|p2a: Pour some on me|207\/384
|-damage|p1a: Excadrill|314\/361|[from] item: Life Orb
|
|-weather|Sandstorm|[upkeep]
|-heal|p2a: Pour some on me|231\/384|[from] item: Leftovers
|turn|17
|c|âOx the Fox|exca kinda reks him rn
|c| jake5|ah
|c| jake5|eq prollf kills
|c|âOx the Fox|252+ Atk Life Orb Excadrill Earthquake vs. 172 HP \/ 0 Def Donphan: 207-243 (56.8 - 66.7%) -- guaranteed 2HKO after Stealth Rock and Leftovers recovery
|c| jake5|hmm yeah he's sand offense weak
|c| Gizmoâ|nah
|c| Gizmoâ|donphan's a fatass
|c| jake5|dunno though proly a roll
|c|âOx the Fox|no need to risk
|
|switch|p1a: Celebi|Celebi|328\/403
|-damage|p1a: Celebi|278\/403|[from] Stealth Rock
|move|p2a: Pour some on me|Earthquake|p1a: Celebi
|-resisted|p1a: Celebi
|-damage|p1a: Celebi|211\/403
|
|-weather|Sandstorm|[upkeep]
|-damage|p1a: Celebi|186\/403|[from] Sandstorm
|-heal|p1a: Celebi|211\/403|[from] item: Leftovers
|-heal|p2a: Pour some on me|255\/384|[from] item: Leftovers
|turn|18
|c| jake5|bon how do you beat sand?
|c| jake5|celebi?
|c|âJon Bovi|Donphan usually works
|c| jake5|ah ok
|c|âJon Bovi|celebi stalls life orb recoil from exca
|join|Chillingtilsweg
|
|switch|p2a: Photograph|Zapdos|294\/384
|-ability|p2a: Photograph|Pressure
|move|p1a: Celebi|Recover|p1a: Celebi
|-heal|p1a: Celebi|403\/403
|
|-weather|Sandstorm|[upkeep]
|-damage|p1a: Celebi|378\/403|[from] Sandstorm
|-damage|p2a: Photograph|270\/384|[from] Sandstorm
|-heal|p1a: Celebi|403\/403|[from] item: Leftovers
|-heal|p2a: Photograph|294\/384|[from] item: Leftovers
|turn|19
|c|âOx the Fox|getting my heatran parad was annoying
|c| jake5|lol
|c|âOx the Fox|that literally swept him xD
|
|move|p1a: Celebi|Psychic|p2a: Photograph
|-damage|p2a: Photograph|198\/384
|move|p2a: Photograph|Heat Wave|p1a: Celebi
|-supereffective|p1a: Celebi
|-damage|p1a: Celebi|205\/403
|
|-weather|Sandstorm|[upkeep]
|-damage|p1a: Celebi|180\/403|[from] Sandstorm
|-damage|p2a: Photograph|174\/384|[from] Sandstorm
|-heal|p1a: Celebi|205\/403|[from] item: Leftovers
|-heal|p2a: Photograph|198\/384|[from] item: Leftovers
|turn|20
|c| jake5|you switched it in on da twave
|
|move|p1a: Celebi|Recover|p1a: Celebi
|-heal|p1a: Celebi|403\/403
|move|p2a: Photograph|Roost|p2a: Photograph
|-heal|p2a: Photograph|384\/384
|
|-weather|Sandstorm|[upkeep]
|-damage|p1a: Celebi|378\/403|[from] Sandstorm
|-damage|p2a: Photograph|360\/384|[from] Sandstorm
|-heal|p1a: Celebi|403\/403|[from] item: Leftovers
|-heal|p2a: Photograph|384\/384|[from] item: Leftovers
|turn|21
|c|âOx the Fox|yah
|c| jake5|you could run scarfruption trantbh
|c|âOx the Fox|nah
|c| jake5|probs more consistent at high health
|c| jake5|than overheat
|
|move|p1a: Celebi|Baton Pass|p1a: Celebi
|leave|Gizmoâ
|
|switch|p1a: Tyranitar|Tyranitar, F|354\/404
|-damage|p1a: Tyranitar|304\/404|[from] Stealth Rock
|move|p2a: Photograph|Heat Wave|p1a: Tyranitar
|-resisted|p1a: Tyranitar
|-damage|p1a: Tyranitar|280\/404
|
|-weather|none
|turn|22
|
|switch|p2a: Undefeated|Metagross|364\/364
|move|p1a: Tyranitar|Stealth Rock|p2a: Undefeated
|-sidestart|p2: Jon Bovi|move: Stealth Rock
|
|turn|23
|c|âOx the Fox|this team is bird weak
|
|switch|p2a: Photograph|Zapdos|384\/384
|-damage|p2a: Photograph|288\/384|[from] Stealth Rock
|-ability|p2a: Photograph|Pressure
|switch|p1a: Slowbro|Slowbro, M|360\/394
|-damage|p1a: Slowbro|311\/394|[from] Stealth Rock
|
|-heal|p2a: Photograph|312\/384|[from] item: Leftovers
|turn|24
|c| jake5|n
|c| jake5|u got slowhoe ttar drill
|c| jake5|what else do you want lol
|
|switch|p1a: Heatran|Heatran, F|311\/355 par
|-damage|p1a: Heatran|267\/355 par|[from] Stealth Rock
|move|p2a: Photograph|Thunderbolt|p1a: Heatran
|-damage|p1a: Heatran|146\/355 par
|
|-heal|p2a: Photograph|336\/384|[from] item: Leftovers
|turn|25
|c|âOx the Fox|well nothing really gets pinsir
|c|âOx the Fox|PLS
|c| jake5|eh
|
|move|p2a: Photograph|Thunderbolt|p1a: Heatran
|-damage|p1a: Heatran|14\/355 par
|move|p1a: Heatran|Overheat|p2a: Photograph
|-damage|p2a: Photograph|33\/384
|-unboost|p1a: Heatran|spa|2
|
|-heal|p2a: Photograph|57\/384|[from] item: Leftovers
|turn|26
|c| jake5|something is gonnna die
|c| Squirrelll|looks weak to that sd facade loom set
|c| jake5|if you dont get ufll para'd
|c| jake5|live too rea
|c|âOx the Fox|fuck
|c| jake5|yeah lol
|join|I Iike Squirtles
|c| jake5|weak af to that
|
|switch|p1a: Tyranitar|Tyranitar, F|280\/404
|-damage|p1a: Tyranitar|230\/404|[from] Stealth Rock
|-weather|Sandstorm
|move|p2a: Photograph|Roost|p2a: Photograph
|-heal|p2a: Photograph|249\/384
|
|-weather|Sandstorm|[upkeep]
|-damage|p2a: Photograph|225\/384|[from] Sandstorm
|-heal|p2a: Photograph|249\/384|[from] item: Leftovers
|turn|27
|c| jake5|especially if there runing mach
|c| jake5|instead of superpower
|c|âOx the Fox|yah
|
|move|p2a: Photograph|Roost|p2a: Photograph
|-heal|p2a: Photograph|384\/384
|move|p1a: Tyranitar|Stone Edge|p2a: Photograph|[miss]
|-miss|p1a: Tyranitar|p2a: Photograph
|
|-weather|Sandstorm|[upkeep]
|-damage|p2a: Photograph|360\/384|[from] Sandstorm
|-heal|p2a: Photograph|384\/384|[from] item: Leftovers
|turn|28
|c|âOx the Fox|well its psychic celebi
|c| Squirrelll|ahh
|c| Squirrelll|that helps
|c| jake5|eh then your proll ok
|
|switch|p2a: Undefeated|Metagross|364\/364
|-damage|p2a: Undefeated|342\/364|[from] Stealth Rock
|move|p1a: Tyranitar|Ice Beam|p2a: Undefeated
|-resisted|p2a: Undefeated
|-damage|p2a: Undefeated|308\/364
|
|-weather|Sandstorm|[upkeep]
|-heal|p2a: Undefeated|330\/364|[from] item: Leftovers
|turn|29
|c|âOx the Fox|i wanna go for game
|
|switch|p2a: Photograph|Zapdos|384\/384
|-damage|p2a: Photograph|288\/384|[from] Stealth Rock
|-ability|p2a: Photograph|Pressure
|switch|p1a: Heatran|Heatran, F|14\/355 par
|-damage|p1a: Heatran|0 fnt|[from] Stealth Rock
|faint|p1a: Heatran
|
|-weather|Sandstorm|[upkeep]
|-damage|p2a: Photograph|264\/384|[from] Sandstorm
|-heal|p2a: Photograph|288\/384|[from] item: Leftovers
|
|switch|p1a: Excadrill|Excadrill, F|314\/361
|-damage|p1a: Excadrill|303\/361|[from] Stealth Rock
|turn|30
|c|âJon Bovi|Damn
|c|âOx the Fox|u live
|join|Jefo
|c|âOx the Fox|wait spdf
|join|Gghhh
|
|switch|p2a: Undefeated|Metagross|330\/364
|-damage|p2a: Undefeated|308\/364|[from] Stealth Rock
|move|p1a: Excadrill|Rock Slide|p2a: Undefeated
|-resisted|p2a: Undefeated
|-damage|p2a: Undefeated|256\/364
|-damage|p1a: Excadrill|267\/361|[from] item: Life Orb
|
|-weather|Sandstorm|[upkeep]
|-heal|p2a: Undefeated|278\/364|[from] item: Leftovers
|turn|31
|c| jake5|well it did eat up your specs overheat
|
|move|p1a: Excadrill|Earthquake|p2a: Undefeated
|-supereffective|p2a: Undefeated
|-damage|p2a: Undefeated|0 fnt
|-damage|p1a: Excadrill|231\/361|[from] item: Life Orb
|faint|p2a: Undefeated
|
|-weather|Sandstorm|[upkeep]
|
|switch|p2a: Pour some on me|Donphan, M|255\/384
|-damage|p2a: Pour some on me|231\/384|[from] Stealth Rock
|turn|32
|
|move|p1a: Excadrill|Earthquake|p2a: Pour some on me
|-damage|p2a: Pour some on me|0 fnt
|-damage|p1a: Excadrill|195\/361|[from] item: Life Orb
|faint|p2a: Pour some on me
|
|-weather|Sandstorm|[upkeep]
|c|âOx the Fox|yay
|c|âJon Bovi|Wow
|c|âOx the Fox|252+ Atk Life Orb Excadrill Earthquake vs. 172 HP \/ 0 Def Donphan: 207-243 (56.8 - 66.7%) -- guaranteed 2HKO after Stealth Rock and Leftovers recovery
|
|switch|p2a: Love bites|Celebi|278\/404
|-damage|p2a: Love bites|228\/404|[from] Stealth Rock
|turn|33
|c|âOx the Fox|more in my favor
|c|âJon Bovi|I have max ho
|c|âJon Bovi|hp
|
|move|p1a: Excadrill|Iron Head|p2a: Love bites
|-damage|p2a: Love bites|20\/404
|-damage|p1a: Excadrill|159\/361|[from] item: Life Orb
|move|p2a: Love bites|Recover|p2a: Love bites
|-heal|p2a: Love bites|222\/404
|
|-weather|none
|-heal|p2a: Love bites|247\/404|[from] item: Leftovers
|turn|34
|c| jake5|lel
|c| jake5|ez lo stall
|
|switch|p1a: Celebi|Celebi|403\/403
|-damage|p1a: Celebi|353\/403|[from] Stealth Rock
|move|p2a: Love bites|Recover|p2a: Love bites
|-heal|p2a: Love bites|404\/404
|
|-heal|p1a: Celebi|378\/403|[from] item: Leftovers
|turn|35
|c| jake5|gotta pray for da flinch
|c|âOx the Fox|wait
|
|move|p1a: Celebi|Substitute|p1a: Celebi
|-start|p1a: Celebi|Substitute
|-damage|p1a: Celebi|278\/403
|move|p2a: Love bites|Thunder Wave|p1a: Celebi
|
|-heal|p1a: Celebi|303\/403|[from] item: Leftovers
|turn|36
|c|âOx the Fox|does this man have an attacking move
|c|âOx the Fox|recover heal bell t wave giga?
|
|move|p2a: Love bites|Giga Drain|p1a: Celebi
|-resisted|p1a: Celebi
|-activate|p1a: Celebi|Substitute|[damage]
|move|p1a: Celebi|Psychic|p2a: Love bites
|-resisted|p2a: Love bites
|-damage|p2a: Love bites|363\/404
|
|-heal|p1a: Celebi|328\/403|[from] item: Leftovers
|-heal|p2a: Love bites|388\/404|[from] item: Leftovers
|turn|37
|join|haxmydickoff
|c| jake5|well obv giga
|c| jake5|lol
|c|âOx the Fox|ah
|
|move|p1a: Celebi|Psychic|p2a: Love bites
|-resisted|p2a: Love bites
|-damage|p2a: Love bites|346\/404
|move|p2a: Love bites|Giga Drain|p1a: Celebi
|-resisted|p1a: Celebi
|-activate|p1a: Celebi|Substitute|[damage]
|-heal|p2a: Love bites|370\/404|[from] drain|[of] p1a: Celebi
|
|-heal|p1a: Celebi|353\/403|[from] item: Leftovers
|-heal|p2a: Love bites|395\/404|[from] item: Leftovers
|turn|38
|
|switch|p2a: Photograph|Zapdos|288\/384
|-damage|p2a: Photograph|192\/384|[from] Stealth Rock
|-ability|p2a: Photograph|Pressure
|move|p1a: Celebi|Psychic|p2a: Photograph
|-damage|p2a: Photograph|108\/384
|
|-heal|p1a: Celebi|378\/403|[from] item: Leftovers
|-heal|p2a: Photograph|132\/384|[from] item: Leftovers
|turn|39
|
|move|p1a: Celebi|Baton Pass|p1a: Celebi
|
|switch|p1a: Slowbro|Slowbro, M|394\/394
|-damage|p1a: Slowbro|345\/394|[from] Stealth Rock
|move|p2a: Photograph|Roost|p2a: Photograph
|-heal|p2a: Photograph|324\/384
|
|-heal|p2a: Photograph|348\/384|[from] item: Leftovers
|turn|40
|
|detailschange|p1a: Slowbro|Slowbro-Mega, M
|message|Slowbro has Mega Evolved into Mega Slowbro!
|move|p2a: Photograph|Thunderbolt|p1a: Slowbro
|-supereffective|p1a: Slowbro
|-end|p1a: Slowbro|Substitute
|move|p1a: Slowbro|Calm Mind|p1a: Slowbro
|-boost|p1a: Slowbro|spa|1
|-boost|p1a: Slowbro|spd|1
|
|-heal|p2a: Photograph|372\/384|[from] item: Leftovers
|turn|41
|
|move|p2a: Photograph|Thunderbolt|p1a: Slowbro
|-supereffective|p1a: Slowbro
|-damage|p1a: Slowbro|133\/394
|move|p1a: Slowbro|Calm Mind|p1a: Slowbro
|-boost|p1a: Slowbro|spa|1
|-boost|p1a: Slowbro|spd|1
|
|-heal|p2a: Photograph|384\/384|[from] item: Leftovers
|turn|42
|c|âOx the Fox|no para
|
|move|p2a: Photograph|Thunderbolt|p1a: Slowbro
|-supereffective|p1a: Slowbro
|-damage|p1a: Slowbro|0 fnt
|faint|p1a: Slowbro
|
|c|âOx the Fox|WHAT
|join|Gizmoâ
|c| Gizmoâ|LOL
|join|Law) Ender
|c| Gizmoâ|i come back
|c|âOx the Fox|53 was absolute max
|join|RS Swept
|c| Gizmoâ|and you've been destroyed
|
|switch|p1a: Tyranitar|Tyranitar, F|230\/404
|-damage|p1a: Tyranitar|180\/404|[from] Stealth Rock
|-weather|Sandstorm
|turn|43
|leave|Robert Edward Lee
|c|âOx the Fox|exca still has a chance with a flinch
|c| jake5|it'll be funny if you lose now
|c|âOx the Fox|dw
|c|âOx the Fox|ill be pissed
|c| jake5|yes
|c|âOx the Fox|30 more points
|c| jake5|but you only have 4 more lo rouds left
|c| jake5|well 5
|c|âOx the Fox|yah
|c| jake5|but still
|c|âOx the Fox|4
|c|âOx the Fox|bc of rocks
|c| jake5|doesnt rocks do 3%
|c|âOx the Fox|oh right ground resists
|
|move|p2a: Photograph|Thunderbolt|p1a: Tyranitar
|-damage|p1a: Tyranitar|119\/404
|move|p1a: Tyranitar|Stone Edge|p2a: Photograph
|-supereffective|p2a: Photograph
|-damage|p2a: Photograph|34\/384
|
|-weather|Sandstorm|[upkeep]
|-damage|p2a: Photograph|10\/384|[from] Sandstorm
|-heal|p2a: Photograph|34\/384|[from] item: Leftovers
|turn|44
|c| jake5|well that did nothing
|
|switch|p1a: Excadrill|Excadrill, F|159\/361
|-damage|p1a: Excadrill|148\/361|[from] Stealth Rock
|move|p2a: Photograph|Roost|p2a: Photograph
|-heal|p2a: Photograph|226\/384
|
|-weather|Sandstorm|[upkeep]
|-damage|p2a: Photograph|202\/384|[from] Sandstorm
|-heal|p2a: Photograph|226\/384|[from] item: Leftovers
|turn|45
|c| jake5|eh does bon even need dos
|
|move|p1a: Excadrill|Rock Slide|p2a: Photograph
|-supereffective|p2a: Photograph
|-damage|p2a: Photograph|0 fnt
|-damage|p1a: Excadrill|112\/361|[from] item: Life Orb
|faint|p2a: Photograph
|
|-weather|Sandstorm|[upkeep]
|join|Reddragonn
|c|âOx the Fox|i shouldn't have sacked slowbro
|c|âOx the Fox|one flinch
|c|âOx the Fox|please
|c| jake5|celebi got dis
|
|switch|p2a: Love bites|Celebi|395\/404
|-damage|p2a: Love bites|345\/404|[from] Stealth Rock
|turn|46
|c|âOx the Fox|FLINCH
|
|move|p1a: Excadrill|Iron Head|p2a: Love bites
|-damage|p2a: Love bites|141\/404
|-damage|p1a: Excadrill|76\/361|[from] item: Life Orb
|move|p2a: Love bites|Giga Drain|p1a: Excadrill
|-damage|p1a: Excadrill|0 fnt
|-heal|p2a: Love bites|179\/404|[from] drain|[of] p1a: Excadrill
|faint|p1a: Excadrill
|
|-weather|Sandstorm|[upkeep]
|-damage|p2a: Love bites|154\/404|[from] Sandstorm
|-heal|p2a: Love bites|179\/404|[from] item: Leftovers
|c| jake5|lel
|
|switch|p1a: Tyranitar|Tyranitar, F|119\/404
|-damage|p1a: Tyranitar|69\/404|[from] Stealth Rock
|turn|47
|c|âJon Bovi|Nope
|c| jake5|u lost
|c| Gizmoâ|not today
|c| jake5|pinsir sweeps
|c|âOx the Fox|yah
|c|âOx the Fox|;_;
|
|move|p2a: Love bites|Giga Drain|p1a: Tyranitar
|-supereffective|p1a: Tyranitar
|-damage|p1a: Tyranitar|0 fnt
|-heal|p2a: Love bites|214\/404|[from] drain|[of] p1a: Tyranitar
|faint|p1a: Tyranitar
|
|-weather|Sandstorm|[upkeep]
|-damage|p2a: Love bites|189\/404|[from] Sandstorm
|-heal|p2a: Love bites|214\/404|[from] item: Leftovers
|c|âJon Bovi|Gg man
|join|QueenOfLuvdiscs
|c|âOx the Fox|gg
|-message|Ox the Fox forfeited.
|
|win|Jon Bovi
|raw|Ladder updating...
|c|âOx the Fox|how many
|c| Squirrelll|30
|leave|QueenOfLuvdiscs
|c| jake5|-30
|c| Squirrelll|no doubt
|c| jake5|ez
|c|âOx the Fox|pls no
|c| jake5|ez
|c| jake5|ez
|c| jake5|ez
|c|âOx the Fox|pls no
|c| jake5|lel
|c|âOx the Fox|im at 1928 now
|c| jake5|worked so hard
|raw|Ox the Fox's rating: 1928 &rarr; <strong>1897<\/strong><br \/>(-31 for losing)
|raw|Jon Bovi's rating: 1724 &rarr; <strong>1755<\/strong><br \/>(+31 for winning)
|c| jake5|to beat costa
|c|âOx the Fox|noooooooooooo
|c| jake5|toldjer
|c|âOx the Fox|BULL FUCKING SHIT
|c|âJon Bovi|Ouch
|c|âOx the Fox|lol
|c|âOx the Fox|gg
|leave|Ox the Fox
|player|p1
|leave|Gizmoâ
|c| jake5|eh dont worry about it bon
|leave|haxmydickoff
|c|âJon Bovi|im lef deppard btw
|c| jake5|ik
|c| jake5|zzzzzzzzzz
|c| jake5|u laddering more btw?
|c| Squirrelll|wp
|c|âJon Bovi|im what spot now?
|c| jake5|mmm
|leave|Squirrelll
|c|âJon Bovi|jake, wanna battle?
|leave|Reddragonn
|c| jake5|7 and 44
|c| jake5|sure
|c|âJon Bovi|Nice
|c|âJon Bovi|challenge me
|leave|jake5
|leave|I Iike Squirtles
|leave|RS Swept
|leave|Chillingtilsweg
|leave|Lulu6