|join|Ox the Fox
|join|stally the kid
|player|p1|Ox the Fox|201
|player|p2|stally the kid|68
|gametype|singles
|gen|6
|tier|OU
|rated
|clearpoke
|poke|p1|Slowbro, M
|poke|p1|Heatran, F
|poke|p1|Celebi
|poke|p1|Excadrill, F
|poke|p1|Tyranitar, F
|poke|p1|Conkeldurr, F
|poke|p2|Metagross
|poke|p2|Keldeo
|poke|p2|Heatran, F
|poke|p2|Landorus-Therian, M
|poke|p2|Ferrothorn, M
|poke|p2|Greninja, F
|rule|Swagger Clause: Swagger is banned
|rule|Baton Pass Clause: Limit one PokÃ©mon knowing Baton Pass
|rule|Sleep Clause Mod: Limit one foe put to sleep
|rule|Species Clause: Limit one of each PokÃ©mon
|rule|OHKO Clause: OHKO moves are banned
|rule|Moody Clause: Moody is banned
|rule|Evasion Moves Clause: Evasion moves are banned
|rule|Endless Battle Clause: Forcing endless battles is banned
|rule|HP Percentage Mod: HP is shown in percentages
|teampreview
|join|Outrageous Fortune
|join|Jefo
|join|I'm Rick Astley
|c|âOx the Fox|hi again
|c|âOx the Fox|glhf
|join|chumped
|join|tripsbot
|c|âstally the kid|Hi!
Ox the Fox made this room private.
|raw|<div class="broadcast-red"><b>Moderated chat was set to +!<\/b><br \/>Only users of rank + and higher can talk.<\/div>
tripsbot was promoted to Room Voice by stally the kid.
|join|strOKing
Ox the Fox turned on modjoin.
|c|+tripsbot|xxx0X TH3 F0Xxxx
|c|âOx the Fox|pls don't
|c|âOx the Fox|i turned on modchat for a reason
|c|+tripsbot|ok sorry
|
|start
|switch|p1a: Conkeldurr|Conkeldurr, F|364\/364
|switch|p2a: Landorus-Therian|Landorus-Therian, M|325\/325
|-ability|p2a: Landorus-Therian|Intimidate|[of] p1a: Conkeldurr
|-unboost|p1a: Conkeldurr|atk|1
|turn|1
|
|move|p2a: Landorus-Therian|U-turn|p1a: Conkeldurr
|-resisted|p1a: Conkeldurr
|-damage|p1a: Conkeldurr|317\/364
|
|switch|p2a: Ferrothorn|Ferrothorn, M|352\/352
|move|p1a: Conkeldurr|Knock Off|p2a: Ferrothorn
|-damage|p2a: Ferrothorn|292\/352
|-damage|p1a: Conkeldurr|272\/364|[from] ability: Iron Barbs|[of] p2a: Ferrothorn
|-enditem|p2a: Ferrothorn|Leftovers|[from] move: Knock Off|[of] p1a: Conkeldurr
|
|turn|2
|
|switch|p1a: Heatran|Heatran, F|355\/355
|move|p2a: Ferrothorn|Spikes|p1a: Heatran
|-sidestart|p1: Ox the Fox|Spikes
|
|turn|3
|c|+tripsbot|Stally the kid goes for a safe u-turn, nicely predicting the Knock Off.
|
|switch|p2a: Heatran|Heatran, F|385\/385
|move|p1a: Heatran|Flamethrower|p2a: Heatran
|-start|p2a: Heatran|ability: Flash Fire
|
|turn|4
|
|switch|p1a: Slowbro|Slowbro, M|394\/394
|-damage|p1a: Slowbro|345\/394|[from] Spikes
|move|p2a: Heatran|Stealth Rock|p1a: Slowbro
|-sidestart|p1: Ox the Fox|move: Stealth Rock
|
|turn|5
|
|move|p2a: Heatran|Lava Plume|p1a: Slowbro
|-resisted|p1a: Slowbro
|-damage|p1a: Slowbro|245\/394
|move|p1a: Slowbro|Calm Mind|p1a: Slowbro
|-boost|p1a: Slowbro|spa|1
|-boost|p1a: Slowbro|spd|1
|
|turn|6
|
|move|p2a: Heatran|Toxic|p1a: Slowbro
|-status|p1a: Slowbro|tox
|move|p1a: Slowbro|Calm Mind|p1a: Slowbro
|-boost|p1a: Slowbro|spa|1
|-boost|p1a: Slowbro|spd|1
|
|-damage|p1a: Slowbro|221\/394 tox|[from] psn
|turn|7
|
|detailschange|p1a: Slowbro|Slowbro-Mega, M
|message|Slowbro has Mega Evolved into Mega Slowbro!
|move|p2a: Heatran|Taunt|p1a: Slowbro
|-start|p1a: Slowbro|move: Taunt
|move|p1a: Slowbro|Scald|p2a: Heatran
|-supereffective|p2a: Heatran
|-damage|p2a: Heatran|61\/385
|
|-heal|p2a: Heatran|85\/385|[from] item: Leftovers
|-damage|p1a: Slowbro|173\/394 tox|[from] psn
|turn|8
|
|move|p2a: Heatran|Lava Plume|p1a: Slowbro
|-resisted|p1a: Slowbro
|-damage|p1a: Slowbro|124\/394 tox
|move|p1a: Slowbro|Scald|p2a: Heatran
|-crit|p2a: Heatran
|-supereffective|p2a: Heatran
|-damage|p2a: Heatran|0 fnt
|faint|p2a: Heatran
|
|-damage|p1a: Slowbro|52\/394 tox|[from] psn
|
|switch|p2a: Landorus-Therian|Landorus-Therian, M|325\/325
|-ability|p2a: Landorus-Therian|Intimidate|[of] p1a: Slowbro
|-unboost|p1a: Slowbro|atk|1
|turn|9
|c|+tripsbot|Ox The Fox goes for a nice Calm Mind, revealing that he is a Calm Mind Mega Slowbro.
|c|âOx the Fox|why did i do that
|
|move|p2a: Landorus-Therian|U-turn|p1a: Slowbro
|-supereffective|p1a: Slowbro
|-damage|p1a: Slowbro|0 fnt
|faint|p1a: Slowbro
Updated Kanto was promoted to Room Voice by stally the kid.
|join|Updated Kanto
|join|fsdadfsafdas
|c|+tripsbot|Ox The Fox, however, lets his slowbro die.
|c|âOx the Fox|holy shit
|
|switch|p2a: Metagross|Metagross|301\/301
|
|c|âOx the Fox|i turned on modjoin for a reason
|
|switch|p1a: Tyranitar|Tyranitar, F|404\/404
|-damage|p1a: Tyranitar|354\/404|[from] Spikes
|-damage|p1a: Tyranitar|304\/404|[from] Stealth Rock
|-weather|Sandstorm
|turn|10
|c|âOx the Fox|stop pasting in cpg
chumped was promoted to Room Voice by stally the kid.
|
|detailschange|p2a: Metagross|Metagross-Mega
|message|Metagross has Mega Evolved into Mega Metagross!
|move|p2a: Metagross|Earthquake|p1a: Tyranitar
|-supereffective|p1a: Tyranitar
|-damage|p1a: Tyranitar|90\/404
|move|p1a: Tyranitar|Stealth Rock|p2a: Metagross
|-sidestart|p2: stally the kid|move: Stealth Rock
|
|-weather|Sandstorm|[upkeep]
|turn|11
|c|+tripsbot|stally the kid brings out his Mega Metagross, ready to destroy something because Ox The Fox has no counters.
|
|switch|p1a: Conkeldurr|Conkeldurr, F|272\/364
|-damage|p1a: Conkeldurr|250\/364|[from] Stealth Rock
|-damage|p1a: Conkeldurr|205\/364|[from] Spikes
|move|p2a: Metagross|Meteor Mash|p1a: Conkeldurr
|-damage|p1a: Conkeldurr|3\/364
|
|-weather|Sandstorm|[upkeep]
|-damage|p1a: Conkeldurr|0 fnt|[from] sandstorm
|faint|p1a: Conkeldurr
|
|switch|p1a: Excadrill|Excadrill, F|361\/361
|-damage|p1a: Excadrill|350\/361|[from] Stealth Rock
|-damage|p1a: Excadrill|305\/361|[from] Spikes
|turn|12
|c|+chumped|>i turned on modjoin for a reason
|c|+chumped|because you're a shitter?
|
|switch|p2a: Landorus-Therian|Landorus-Therian, M|325\/325
|-damage|p2a: Landorus-Therian|285\/325|[from] Stealth Rock
|-ability|p2a: Landorus-Therian|Intimidate|[of] p1a: Excadrill
|-unboost|p1a: Excadrill|atk|1
|move|p1a: Excadrill|Earthquake|p2a: Landorus-Therian
|-immune|p2a: Landorus-Therian|[msg]
|
|-weather|Sandstorm|[upkeep]
|turn|13
|-message|Ox the Fox forfeited.
|
|win|stally the kid
|raw|Ladder updating...
|leave|Ox the Fox
|player|p1
|leave|Updated Kanto
|leave|tripsbot
|join|Updated Kanto
|raw|Ox the Fox's rating: 1885 &rarr; <strong>1855<\/strong><br \/>(-30 for losing)
|raw|stally the kid's rating: 1692 &rarr; <strong>1722<\/strong><br \/>(+30 for winning)
stally the kid turned off modjoin.
|join|tripsbot
|join|flyingsweater
|join|hats.marumaru
|join|Henry
|leave|Henry
|leave|I'm Rick Astley
|leave|tripsbot
|leave|strOKing
|leave|Outrageous Fortune
|leave|stally the kid
|player|p2
|leave|hats.marumaru
|leave|flyingsweater
|leave|Jefo
|leave|Updated Kanto
|leave|chumped