|join|PikachuCandyã
|join|Ox the Fox
|player|p1|PikachuCandyã|155
|player|p2|Ox the Fox|201
|gametype|singles
|gen|6
|tier|OU
|clearpoke
|poke|p1|Landorus-Therian, M
|poke|p1|Mandibuzz, F
|poke|p1|Greninja, M, shiny
|poke|p1|Wobbuffet, M, shiny
|poke|p1|Garchomp, M, shiny
|poke|p1|Kyurem-Black, shiny
|poke|p2|Scizor, F
|poke|p2|Diggersby, M
|poke|p2|Sylveon, M
|poke|p2|Mamoswine, M
|poke|p2|Greninja, F
|poke|p2|Latias, F
|rule|Swagger Clause: Swagger is banned
|rule|Baton Pass Clause: Limit one PokÃ©mon knowing Baton Pass
|rule|Sleep Clause Mod: Limit one foe put to sleep
|rule|Species Clause: Limit one of each PokÃ©mon
|rule|OHKO Clause: OHKO moves are banned
|rule|Moody Clause: Moody is banned
|rule|Evasion Moves Clause: Evasion moves are banned
|rule|Endless Battle Clause: Forcing endless battles is banned
|rule|HP Percentage Mod: HP is shown in percentages
|teampreview
|join|Zagmzp
|c|âPikachuCandyã|gl hf
|join|Spaceman_Sp1ff
|c|âOx the Fox|u2
|
|start
|switch|p1a: FrogNigga|Greninja, M, shiny|285\/285
|switch|p2a: Mamoswine|Mamoswine, M|361\/361
|turn|1
|
|switch|p2a: Latias|Latias, F|301\/301
|move|p1a: FrogNigga|Scald|p2a: Latias
|-start|p1a: FrogNigga|typechange|Water|[from] Protean
|-resisted|p2a: Latias
|-damage|p2a: Latias|253\/301
|-status|p2a: Latias|brn
|
|-damage|p2a: Latias|216\/301 brn|[from] brn
|turn|2
|c|âPikachuCandyã|oh
|
|move|p2a: Latias|Draco Meteor|p1a: FrogNigga
|-enditem|p1a: FrogNigga|Focus Sash
|-damage|p1a: FrogNigga|1\/285
|-unboost|p2a: Latias|spa|2
|move|p1a: FrogNigga|Ice Beam|p2a: Latias
|-start|p1a: FrogNigga|typechange|Ice|[from] Protean
|-supereffective|p2a: Latias
|-damage|p2a: Latias|0 fnt
|faint|p2a: Latias
|
|c|âOx the Fox|>scald
|c|âOx the Fox|>sash
|c|âOx the Fox|lol
|c| Zagmzp|>sash
|
|switch|p2a: Mamoswine|Mamoswine, M|361\/361
|turn|3
|c|âPikachuCandyã|>Scarf
|c|âPikachuCandyã|>Ice shard
|
|move|p2a: Mamoswine|Ice Shard|p1a: FrogNigga
|-resisted|p1a: FrogNigga
|-damage|p1a: FrogNigga|0 fnt
|-damage|p2a: Mamoswine|325\/361|[from] item: Life Orb
|faint|p1a: FrogNigga
|
|
|switch|p1a: WishTail|Landorus-Therian, M|319\/319
|-ability|p1a: WishTail|Intimidate|[of] p2a: Mamoswine
|-unboost|p2a: Mamoswine|atk|1
|turn|4
|c|âPikachuCandyã|make your plays
|
|switch|p1a: Teriyaki|Kyurem-Black, shiny|453\/453
|-ability|p1a: Teriyaki|Teravolt
|move|p2a: Mamoswine|Stealth Rock|p1a: Teriyaki
|-sidestart|p1: PikachuCandyã|move: Stealth Rock
|
|turn|5
|c|âPikachuCandyã|;p
|c|âOx the Fox|buddy
|c|âOx the Fox|it was like 30 seconds
|
|move|p2a: Mamoswine|Icicle Spear|p1a: Teriyaki
|-damage|p1a: Teriyaki|410\/453
|-damage|p1a: Teriyaki|371\/453
|-hitcount|p1a: Teriyaki|2
|-damage|p2a: Mamoswine|289\/361|[from] item: Life Orb
|move|p1a: Teriyaki|Substitute|p1a: Teriyaki
|-start|p1a: Teriyaki|Substitute
|-damage|p1a: Teriyaki|258\/453
|
|-heal|p1a: Teriyaki|286\/453|[from] item: Leftovers
|turn|6
|c|âPikachuCandyã|I'm not rushing you
|
|move|p2a: Mamoswine|Earthquake|p1a: Teriyaki
|-end|p1a: Teriyaki|Substitute
|-damage|p2a: Mamoswine|253\/361|[from] item: Life Orb
|move|p1a: Teriyaki|Ice Beam|p2a: Mamoswine
|-damage|p2a: Mamoswine|0 fnt
|faint|p2a: Mamoswine
|
|-heal|p1a: Teriyaki|314\/453|[from] item: Leftovers
|c|âOx the Fox|âPikachuCandyã: make your plays
|
|switch|p2a: Scizor|Scizor, F|307\/307
|turn|7
|c|âPikachuCandyã|it's a friendly joke
|c|âOx the Fox|ok
|c|âPikachuCandyã|It's friendly taunting
|
|switch|p1a: aleuser|Mandibuzz, F|424\/424
|-damage|p1a: aleuser|318\/424|[from] Stealth Rock
|detailschange|p2a: Scizor|Scizor-Mega, F
|message|Scizor has Mega Evolved into Mega Scizor!
|move|p2a: Scizor|Swords Dance|p2a: Scizor
|-boost|p2a: Scizor|atk|2
|
|-heal|p1a: aleuser|344\/424|[from] item: Leftovers
|turn|8
|
|move|p2a: Scizor|Bug Bite|p1a: aleuser
|-damage|p1a: aleuser|94\/424
|move|p1a: aleuser|Foul Play|p2a: Scizor
|-crit|p2a: Scizor
|-damage|p2a: Scizor|0 fnt
|faint|p2a: Scizor
|
|-heal|p1a: aleuser|120\/424|[from] item: Leftovers
|join|LadderSoTall
|
|switch|p2a: Greninja|Greninja, F|285\/285
|turn|9
|c|âPikachuCandyã|Foul plays
|c|âPikachuCandyã|use dark pulse
|c|âPikachuCandyã|or no
|c|âPikachuCandyã|just use ice beam
|join|Squirrelll
|
|move|p2a: Greninja|Ice Beam|p1a: aleuser
|-start|p2a: Greninja|typechange|Ice|[from] Protean
|-supereffective|p1a: aleuser
|-damage|p1a: aleuser|0 fnt
|-damage|p2a: Greninja|257\/285|[from] item: Life Orb
|faint|p1a: aleuser
|
|
|switch|p1a: BubbleTea|Wobbuffet, M, shiny|584\/584
|-damage|p1a: BubbleTea|511\/584|[from] Stealth Rock
|turn|10
|
|move|p2a: Greninja|Gunk Shot|p1a: BubbleTea
|-start|p2a: Greninja|typechange|Poison|[from] Protean
|-damage|p1a: BubbleTea|206\/584
|-status|p1a: BubbleTea|psn
|-damage|p2a: Greninja|229\/285|[from] item: Life Orb
|move|p1a: BubbleTea|Destiny Bond|p1a: BubbleTea
|-singlemove|p1a: BubbleTea|Destiny Bond
|
|-heal|p1a: BubbleTea|242\/584 psn|[from] item: Leftovers
|-damage|p1a: BubbleTea|169\/584 psn|[from] psn
|turn|11
|c|âOx the Fox|lucky me
|
|move|p2a: Greninja|Extrasensory|p1a: BubbleTea
|-start|p2a: Greninja|typechange|Psychic|[from] Protean
|-resisted|p1a: BubbleTea
|-damage|p1a: BubbleTea|92\/584 psn
|-damage|p2a: Greninja|201\/285|[from] item: Life Orb
|move|p1a: BubbleTea|Destiny Bond|p1a: BubbleTea
|-singlemove|p1a: BubbleTea|Destiny Bond
|
|-heal|p1a: BubbleTea|128\/584 psn|[from] item: Leftovers
|-damage|p1a: BubbleTea|55\/584 psn|[from] psn
|turn|12
|
|move|p2a: Greninja|Low Kick|p1a: BubbleTea
|-start|p2a: Greninja|typechange|Fighting|[from] Protean
|-resisted|p1a: BubbleTea
|-damage|p1a: BubbleTea|0 fnt
|-damage|p2a: Greninja|173\/285|[from] item: Life Orb
|faint|p1a: BubbleTea
|-activate|p1a: BubbleTea|Destiny Bond
|faint|p2a: Greninja
|
|c|âOx the Fox|fuck
|
|switch|p1a: WishTail|Landorus-Therian, M|319\/319
|switch|p2a: Sylveon|Sylveon, M|392\/392
|-damage|p1a: WishTail|280\/319|[from] Stealth Rock
|-ability|p1a: WishTail|Intimidate|[of] p2a: Sylveon
|-unboost|p2a: Sylveon|atk|1
|turn|13
|c| LadderSoTall|u shoulda went for gunk miss
|c|âPikachuCandyã|nice
|c|âPikachuCandyã|reveal air balloon diggersby
|
|move|p1a: WishTail|Earthquake|p2a: Sylveon
|-damage|p2a: Sylveon|92\/392
|move|p2a: Sylveon|Hyper Voice|p1a: WishTail
|-damage|p1a: WishTail|0 fnt
|faint|p1a: WishTail
|
|c|âPikachuCandyã|STAB
|
|switch|p1a: Torpedo|Garchomp, M, shiny|357\/357
|-damage|p1a: Torpedo|335\/357|[from] Stealth Rock
|turn|14
|
|move|p1a: Torpedo|Earthquake|p2a: Sylveon
|-damage|p2a: Sylveon|0 fnt
|faint|p2a: Sylveon
|
|
|switch|p2a: Diggersby|Diggersby, M|311\/311
|turn|15
|c|âPikachuCandyã|gg?
|c|âPikachuCandyã|choice band..
|
|move|p1a: Torpedo|Earthquake|p2a: Diggersby
|-damage|p2a: Diggersby|86\/311
|move|p2a: Diggersby|Return|p1a: Torpedo
|-damage|p1a: Torpedo|0 fnt
|-damage|p2a: Diggersby|48\/311|[from] ability: Rough Skin|[of] p1a: Torpedo
|-damage|p2a: Diggersby|17\/311|[from] item: Life Orb
|faint|p1a: Torpedo
|
|c|âPikachuCandyã|lol
|c|âPikachuCandyã|gg to both of us
|
|switch|p1a: Teriyaki|Kyurem-Black, shiny|314\/453
|-damage|p1a: Teriyaki|201\/453|[from] Stealth Rock
|-ability|p1a: Teriyaki|Teravolt
|turn|16
|c|âPikachuCandyã|nice plays ox
|
|move|p2a: Diggersby|Return|p1a: Teriyaki
|-damage|p1a: Teriyaki|0 fnt
|-damage|p2a: Diggersby|0 fnt|[from] item: Life Orb
|faint|p1a: Teriyaki
|faint|p2a: Diggersby
|
|win|Ox the Fox
|c|âOx the Fox|gg
|leave|Ox the Fox
|player|p2