|join|Ox the Fox
|join|iFenrear
|player|p1|Ox the Fox|201
|player|p2|iFenrear|151
|gametype|singles
|gen|6
|tier|OU
|clearpoke
|poke|p1|Bisharp, F
|poke|p1|Scizor, M
|poke|p1|Heatran, M
|poke|p1|Latios, M
|poke|p1|Azumarill, M
|poke|p1|Landorus-Therian, M
|poke|p2|Gengar, M
|poke|p2|Meloetta
|poke|p2|Ferrothorn, M
|poke|p2|Gyarados, M
|poke|p2|Porygon2
|poke|p2|Landorus, M
|rule|Swagger Clause: Swagger is banned
|rule|Baton Pass Clause: Limit one PokÃ©mon knowing Baton Pass
|rule|Sleep Clause Mod: Limit one foe put to sleep
|rule|Species Clause: Limit one of each PokÃ©mon
|rule|OHKO Clause: OHKO moves are banned
|rule|Moody Clause: Moody is banned
|rule|Evasion Moves Clause: Evasion moves are banned
|rule|Endless Battle Clause: Forcing endless battles is banned
|rule|HP Percentage Mod: HP is shown in percentages
|teampreview
|join|Albyness
|c|âOx the Fox|glhf
|join|FNH
|c|âiFenrear|glhf
|c| Albyness|dis nigga storm jesus?
|c|âiFenrear|y
|
|start
|switch|p1a: Azumarill|Azumarill, M|381\/381
|switch|p2a: Enten|Landorus, M|319\/319
|turn|1
|
|move|p2a: Enten|Earthquake|p1a: Azumarill
|-damage|p1a: Azumarill|95\/381
|-damage|p2a: Enten|288\/319|[from] item: Life Orb
|move|p1a: Azumarill|Superpower|p2a: Enten
|-resisted|p2a: Enten
|-damage|p2a: Enten|141\/319
|-unboost|p1a: Azumarill|atk|1
|-unboost|p1a: Azumarill|def|1
|
|turn|2
|c|âOx the Fox|what
|join|Praj.pran
|c|âiFenrear|lol
|
|switch|p1a: AYYYY SLICE|Scizor, M|307\/307
|move|p2a: Enten|U-turn|p1a: AYYYY SLICE
|-resisted|p1a: AYYYY SLICE
|-damage|p1a: AYYYY SLICE|254\/307
|-damage|p2a: Enten|110\/319|[from] item: Life Orb
|
|switch|p2a: Predator|Gyarados, M|331\/331
|-ability|p2a: Predator|Intimidate|[of] p1a: AYYYY SLICE
|-unboost|p1a: AYYYY SLICE|atk|1
|
|turn|3
|
|detailschange|p1a: AYYYY SLICE|Scizor-Mega, M
|-mega|p1a: AYYYY SLICE|Scizor|Scizorite
|move|p2a: Predator|Dragon Dance|p2a: Predator
|-boost|p2a: Predator|atk|1
|-boost|p2a: Predator|spe|1
|move|p1a: AYYYY SLICE|Swords Dance|p1a: AYYYY SLICE
|-boost|p1a: AYYYY SLICE|atk|2
|
|turn|4
|
|move|p2a: Predator|Waterfall|p1a: AYYYY SLICE
|-damage|p1a: AYYYY SLICE|104\/307
|move|p1a: AYYYY SLICE|Bug Bite|p2a: Predator
|-resisted|p2a: Predator
|-damage|p2a: Predator|148\/331
|
|turn|5
|
|switch|p1a: Azumarill|Azumarill, M|95\/381
|detailschange|p2a: Predator|Gyarados-Mega, M
|-mega|p2a: Predator|Gyarados|Gyaradosite
|-ability|p2a: Predator|Mold Breaker
|move|p2a: Predator|Waterfall|p1a: Azumarill
|-resisted|p1a: Azumarill
|-damage|p1a: Azumarill|0 fnt
|faint|p1a: Azumarill
|
|
|switch|p1a: Landorus-Therian|Landorus-Therian, M|319\/319
|-ability|p1a: Landorus-Therian|Intimidate|[of] p2a: Predator
|-unboost|p2a: Predator|atk|1
|turn|6
|
|switch|p2a: Tytannial|Ferrothorn, M|352\/352
|move|p1a: Landorus-Therian|U-turn|p2a: Tytannial
|-damage|p2a: Tytannial|301\/352
|-damage|p1a: Landorus-Therian|280\/319|[from] ability: Iron Barbs|[of] p2a: Tytannial
|-damage|p1a: Landorus-Therian|227\/319|[from] item: Rocky Helmet|[of] p2a: Tytannial
|
|switch|p1a: Heatran|Heatran, M|385\/385
|
|turn|7
|c|âOx the Fox|u'll stay in
|c|âOx the Fox|but w.e
|
|switch|p2a: Predator|Gyarados-Mega, M|148\/331
|-ability|p2a: Predator|Mold Breaker
|move|p1a: Heatran|Stealth Rock|p2a: Predator
|-sidestart|p2: iFenrear|move: Stealth Rock
|
|turn|8
|
|switch|p1a: Latios|Latios, M|301\/301
|move|p2a: Predator|Waterfall|p1a: Latios
|-resisted|p1a: Latios
|-damage|p1a: Latios|215\/301
|
|turn|9
|
|switch|p2a: Tytannial|Ferrothorn, M|301\/352
|-damage|p2a: Tytannial|279\/352|[from] Stealth Rock
|move|p1a: Latios|Draco Meteor|p2a: Tytannial|[miss]
|-miss|p1a: Latios|p2a: Tytannial
|
|turn|10
|
|switch|p1a: Heatran|Heatran, M|385\/385
|switch|p2a: Zelda|Meloetta|404\/404
|-damage|p2a: Zelda|354\/404|[from] Stealth Rock
|
|-heal|p2a: Zelda|379\/404|[from] item: Leftovers
|turn|11
|
|switch|p2a: Predator|Gyarados-Mega, M|148\/331
|-damage|p2a: Predator|107\/331|[from] Stealth Rock
|-ability|p2a: Predator|Mold Breaker
|switch|p1a: Bisharp|Bisharp, F|271\/271
|
|turn|12
|
|switch|p1a: Latios|Latios, M|215\/301
|move|p2a: Predator|Waterfall|p1a: Latios
|-resisted|p1a: Latios
|-damage|p1a: Latios|132\/301
|
|turn|13
|
|move|p1a: Latios|Roost|p1a: Latios
|-heal|p1a: Latios|283\/301
|move|p2a: Predator|Crunch|p1a: Latios
|-supereffective|p1a: Latios
|-damage|p1a: Latios|0 fnt
|faint|p1a: Latios
|
|c|âiFenrear|Lol
|
|switch|p1a: Landorus-Therian|Landorus-Therian, M|227\/319
|-ability|p1a: Landorus-Therian|Intimidate|[of] p2a: Predator
|-unboost|p2a: Predator|atk|1
|turn|14
|c|âOx the Fox|why are you loling
|c|âiFenrear|bc I want to
|
|switch|p2a: Tytannial|Ferrothorn, M|279\/352
|-damage|p2a: Tytannial|257\/352|[from] Stealth Rock
|move|p1a: Landorus-Therian|U-turn|p2a: Tytannial
|-damage|p2a: Tytannial|199\/352
|-damage|p1a: Landorus-Therian|188\/319|[from] ability: Iron Barbs|[of] p2a: Tytannial
|-damage|p1a: Landorus-Therian|135\/319|[from] item: Rocky Helmet|[of] p2a: Tytannial
|
|switch|p1a: Heatran|Heatran, M|385\/385
|
|turn|15
|
|switch|p2a: Predator|Gyarados-Mega, M|107\/331
|-damage|p2a: Predator|66\/331|[from] Stealth Rock
|-ability|p2a: Predator|Mold Breaker
|move|p1a: Heatran|Lava Plume|p2a: Predator
|-crit|p2a: Predator
|-resisted|p2a: Predator
|-damage|p2a: Predator|6\/331
|-status|p2a: Predator|brn
|
|-damage|p2a: Predator|0 fnt|[from] brn
|faint|p2a: Predator
|c|âOx the Fox|lol
|
|switch|p2a: Enten|Landorus, M|110\/319
|-damage|p2a: Enten|71\/319|[from] Stealth Rock
|turn|16
|
|switch|p1a: Landorus-Therian|Landorus-Therian, M|135\/319
|-ability|p1a: Landorus-Therian|Intimidate|[of] p2a: Enten
|-unboost|p2a: Enten|atk|1
|move|p2a: Enten|Iron Tail|p1a: Landorus-Therian
|-damage|p1a: Landorus-Therian|0 fnt
|faint|p1a: Landorus-Therian
|
|c|âiFenrear|lol
|c|âOx the Fox|what the actual fuck
|
|switch|p1a: Bisharp|Bisharp, F|271\/271
|turn|17
|
|move|p1a: Bisharp|Sucker Punch|p2a: Enten
|-damage|p2a: Enten|0 fnt
|-damage|p1a: Bisharp|244\/271|[from] item: Life Orb
|faint|p2a: Enten
|
|
|switch|p2a: R2P2|Porygon2|374\/374
|-damage|p2a: R2P2|328\/374|[from] Stealth Rock
|-ability|p2a: R2P2|Defiant|[from] ability: Trace|[of] p1a: Bisharp
|turn|18
|
|move|p1a: Bisharp|Knock Off|p2a: R2P2
|-damage|p2a: R2P2|188\/374
|-enditem|p2a: R2P2|Eviolite|[from] move: Knock Off|[of] p1a: Bisharp
|-damage|p1a: Bisharp|217\/271|[from] item: Life Orb
|move|p2a: R2P2|Discharge|p1a: Bisharp
|-damage|p1a: Bisharp|127\/271
|-status|p1a: Bisharp|par
|
|turn|19
|
|switch|p1a: Heatran|Heatran, M|385\/385
|move|p2a: R2P2|Recover|p2a: R2P2
|-heal|p2a: R2P2|374\/374
|
|turn|20
|
|move|p1a: Heatran|Toxic|p2a: R2P2
|-status|p2a: R2P2|tox
|move|p2a: R2P2|Discharge|p1a: Heatran
|-damage|p1a: Heatran|340\/385
|-status|p1a: Heatran|par
|
|-heal|p1a: Heatran|364\/385 par|[from] item: Leftovers
|-damage|p2a: R2P2|351\/374 tox|[from] psn
|turn|21
|
|move|p2a: R2P2|Discharge|p1a: Heatran
|-damage|p1a: Heatran|318\/385 par
|move|p1a: Heatran|Lava Plume|p2a: R2P2
|-damage|p2a: R2P2|233\/374 tox
|
|-heal|p1a: Heatran|342\/385 par|[from] item: Leftovers
|-damage|p2a: R2P2|187\/374 tox|[from] psn
|turn|22
|c|âOx the Fox|,
|
|move|p2a: R2P2|Discharge|p1a: Heatran
|-damage|p1a: Heatran|300\/385 par
|move|p1a: Heatran|Lava Plume|p2a: R2P2
|-damage|p2a: R2P2|81\/374 tox
|
|-heal|p1a: Heatran|324\/385 par|[from] item: Leftovers
|-damage|p2a: R2P2|12\/374 tox|[from] psn
|turn|23
|
|move|p2a: R2P2|Discharge|p1a: Heatran
|-damage|p1a: Heatran|278\/385 par
|move|p1a: Heatran|Lava Plume|p2a: R2P2
|-damage|p2a: R2P2|0 fnt
|faint|p2a: R2P2
|
|-heal|p1a: Heatran|302\/385 par|[from] item: Leftovers
|
|switch|p2a: Zelda|Meloetta|379\/404
|-damage|p2a: Zelda|329\/404|[from] Stealth Rock
|turn|24
|
|move|p2a: Zelda|Substitute|p2a: Zelda
|-start|p2a: Zelda|Substitute
|-damage|p2a: Zelda|228\/404
|move|p1a: Heatran|Lava Plume|p2a: Zelda
|-end|p2a: Zelda|Substitute
|
|-heal|p2a: Zelda|253\/404|[from] item: Leftovers
|-heal|p1a: Heatran|326\/385 par|[from] item: Leftovers
|turn|25
|
|move|p2a: Zelda|Substitute|p2a: Zelda
|-start|p2a: Zelda|Substitute
|-damage|p2a: Zelda|152\/404
|move|p1a: Heatran|Lava Plume|p2a: Zelda
|-end|p2a: Zelda|Substitute
|
|-heal|p2a: Zelda|177\/404|[from] item: Leftovers
|-heal|p1a: Heatran|350\/385 par|[from] item: Leftovers
|turn|26
|
|move|p2a: Zelda|Skill Swap|p1a: Heatran
|-activate|p2a: Zelda|move: Skill Swap|Flash Fire|Serene Grace|[of] p1a: Heatran
|cant|p1a: Heatran|par
|
|-heal|p2a: Zelda|202\/404|[from] item: Leftovers
|-heal|p1a: Heatran|374\/385 par|[from] item: Leftovers
|turn|27
|c|âOx the Fox|...
|c|âOx the Fox|I went for toxic
|c|âOx the Fox|not even kidding
|c|âOx the Fox|fuck this
|
|switch|p1a: Bisharp|Bisharp, F|127\/271 par
|move|p2a: Zelda|Psyshock|p1a: Bisharp
|-immune|p1a: Bisharp|[msg]
|
|-heal|p2a: Zelda|227\/404|[from] item: Leftovers
|turn|28
|c|âiFenrear|i dun care
|
|switch|p2a: Tytannial|Ferrothorn, M|199\/352
|-damage|p2a: Tytannial|177\/352|[from] Stealth Rock
|move|p1a: Bisharp|Knock Off|p2a: Tytannial
|-damage|p2a: Tytannial|41\/352
|-damage|p1a: Bisharp|94\/271 par|[from] ability: Iron Barbs|[of] p2a: Tytannial
|-damage|p1a: Bisharp|49\/271 par|[from] item: Rocky Helmet|[of] p2a: Tytannial
|-enditem|p2a: Tytannial|Rocky Helmet|[from] move: Knock Off|[of] p1a: Bisharp
|-damage|p1a: Bisharp|22\/271 par|[from] item: Life Orb
|
|turn|29
|
|move|p1a: Bisharp|Knock Off|p2a: Tytannial
|-damage|p2a: Tytannial|0 fnt
|-damage|p1a: Bisharp|0 fnt|[from] ability: Iron Barbs|[of] p2a: Tytannial
|faint|p1a: Bisharp
|faint|p2a: Tytannial
|
|
|switch|p2a: Phantom|Gengar, M|262\/262
|switch|p1a: AYYYY SLICE|Scizor-Mega, M|104\/307
|-damage|p2a: Phantom|230\/262|[from] Stealth Rock
|turn|30
|c|âOx the Fox|fucking cancel
|c|âOx the Fox|;_;
|
|switch|p1a: Heatran|Heatran, M|374\/385 par
|move|p2a: Phantom|Shadow Ball|p1a: Heatran
|-damage|p1a: Heatran|249\/385 par
|-damage|p2a: Phantom|204\/262|[from] item: Life Orb
|
|-heal|p1a: Heatran|273\/385 par|[from] item: Leftovers
|turn|31
|
|move|p2a: Phantom|Focus Blast|p1a: Heatran
|-supereffective|p1a: Heatran
|-damage|p1a: Heatran|13\/385 par
|-damage|p2a: Phantom|178\/262|[from] item: Life Orb
|move|p1a: Heatran|Lava Plume|p2a: Phantom
|-damage|p2a: Phantom|24\/262
|
|-heal|p1a: Heatran|37\/385 par|[from] item: Leftovers
|turn|32
|
|move|p2a: Phantom|Taunt|p1a: Heatran
|-start|p1a: Heatran|move: Taunt
|cant|p1a: Heatran|move: Taunt|Toxic
|
|-heal|p1a: Heatran|61\/385 par|[from] item: Leftovers
|turn|33
|join|Alldaalts
|
|move|p2a: Phantom|Sludge Wave|p1a: Heatran
|-immune|p1a: Heatran|[msg]
|move|p1a: Heatran|Lava Plume|p2a: Phantom
|-damage|p2a: Phantom|0 fnt
|faint|p2a: Phantom
|
|-heal|p1a: Heatran|85\/385 par|[from] item: Leftovers
|
|switch|p2a: Zelda|Meloetta|227\/404
|-damage|p2a: Zelda|177\/404|[from] Stealth Rock
|turn|34
|join|Ke1deo
|
|switch|p1a: AYYYY SLICE|Scizor-Mega, M|104\/307
|move|p2a: Zelda|Skill Swap|p1a: AYYYY SLICE
|-activate|p2a: Zelda|move: Skill Swap|Technician|Serene Grace|[of] p1a: AYYYY SLICE
|
|-heal|p2a: Zelda|202\/404|[from] item: Leftovers
|turn|35
|
|move|p1a: AYYYY SLICE|Bug Bite|p2a: Zelda
|-supereffective|p2a: Zelda
|-damage|p2a: Zelda|0 fnt
|faint|p2a: Zelda
|
|win|Ox the Fox
|c|âOx the Fox|gg
|c|âiFenrear|gg
|leave|Ox the Fox
|player|p1
|leave|iFenrear
|player|p2
|leave|Alldaalts
|leave|Albyness
|join|Ox the Fox