|join|Ox the Fox
|join|KeenPeen
|join|Flan76
|player|p1|Ox the Fox|201
|player|p2|KeenPeen|101
|gametype|singles
|gen|6
|tier|OU (suspect test)
|clearpoke
|poke|p1|Alomomola, F
|poke|p1|Hippowdon, M
|poke|p1|Metagross
|poke|p1|Excadrill, M
|poke|p1|Keldeo
|poke|p1|Amoonguss, M
|poke|p2|Scolipede, F
|poke|p2|Heatran, F
|poke|p2|Mew
|poke|p2|Latias, F
|poke|p2|Talonflame, F
|poke|p2|Landorus-Therian, M
|rule|Swagger Clause: Swagger is banned
|rule|Baton Pass Clause: Limit one PokÃ©mon knowing Baton Pass
|rule|Sleep Clause Mod: Limit one foe put to sleep
|rule|Species Clause: Limit one of each PokÃ©mon
|rule|OHKO Clause: OHKO moves are banned
|rule|Moody Clause: Moody is banned
|rule|Evasion Moves Clause: Evasion moves are banned
|rule|Endless Battle Clause: Forcing endless battles is banned
|rule|HP Percentage Mod: HP is shown in percentages
|teampreview
|c|âKeenPeen|gl
|join|jamel
|join|Anticsz
|join|Wheezer
|join|misc all day
|join|blitzbanmagarin
|c|âOx the Fox|can you please not have timer on
|c|âOx the Fox|I've been lagging p badly
|
|start
|switch|p1a: Metagross|Metagross|301\/301
|switch|p2a: Mew|Mew|404\/404
|turn|1
|c|âKeenPeen|uh i suppose. but 270 is a long time man
|
|switch|p1a: Amoonguss|Amoonguss, M|432\/432
|move|p2a: Mew|Will-O-Wisp|p1a: Amoonguss
|-status|p1a: Amoonguss|brn
|
|-damage|p1a: Amoonguss|378\/432 brn|[from] brn
|turn|2
|
|move|p2a: Mew|Knock Off|p1a: Amoonguss
|-damage|p1a: Amoonguss|298\/432 brn
|-enditem|p1a: Amoonguss|Black Sludge|[from] move: Knock Off|[of] p2a: Mew
|move|p1a: Amoonguss|Spore|p2a: Mew
|-status|p2a: Mew|slp
|
|-damage|p1a: Amoonguss|244\/432 brn|[from] brn
|turn|3
|
|switch|p1a: Keldeo|Keldeo|323\/323
|cant|p2a: Mew|slp
|
|turn|4
|
|move|p1a: Keldeo|Substitute|p1a: Keldeo
|-start|p1a: Keldeo|Substitute
|-damage|p1a: Keldeo|243\/323
|cant|p2a: Mew|slp
|
|-heal|p1a: Keldeo|263\/323|[from] item: Leftovers
|turn|5
|
|switch|p2a: Latias|Latias, F|364\/364
|move|p1a: Keldeo|Calm Mind|p1a: Keldeo
|-boost|p1a: Keldeo|spa|1
|-boost|p1a: Keldeo|spd|1
|
|-heal|p1a: Keldeo|283\/323|[from] item: Leftovers
|turn|6
|
|move|p2a: Latias|Psyshock|p1a: Keldeo
|-supereffective|p1a: Keldeo
|-end|p1a: Keldeo|Substitute
|move|p1a: Keldeo|Scald|p2a: Latias
|-resisted|p2a: Latias
|-damage|p2a: Latias|274\/364
|
|-heal|p2a: Latias|296\/364|[from] item: Leftovers
|-heal|p1a: Keldeo|303\/323|[from] item: Leftovers
|turn|7
|
|switch|p1a: Metagross|Metagross|301\/301
|move|p2a: Latias|Psyshock|p1a: Metagross
|-resisted|p1a: Metagross
|-damage|p1a: Metagross|281\/301
|
|-heal|p2a: Latias|318\/364|[from] item: Leftovers
|turn|8
|
|detailschange|p1a: Metagross|Metagross-Mega
|-mega|p1a: Metagross|Metagross|Metagrossite
|move|p1a: Metagross|Pursuit|p2a: Latias|[from]Pursuit
|-supereffective|p2a: Latias
|-damage|p2a: Latias|34\/364
|switch|p2a: Mew|Mew|404\/404 slp
|
|turn|9
|leave|Wheezer
|
|switch|p1a: Amoonguss|Amoonguss, M|388\/432 brn
|-curestatus|p2a: Mew|slp
|move|p2a: Mew|Will-O-Wisp|p1a: Amoonguss
|-fail|p1a: Amoonguss|brn
|
|-damage|p1a: Amoonguss|334\/432 brn|[from] brn
|turn|10
|join|Rooo
|
|move|p2a: Mew|Taunt|p1a: Amoonguss
|-start|p1a: Amoonguss|move: Taunt
|cant|p1a: Amoonguss|move: Taunt|Spore
|
|-damage|p1a: Amoonguss|280\/432 brn|[from] brn
|turn|11
|
|switch|p2a: Talonflame|Talonflame, F|297\/297
|switch|p1a: Alomomola|Alomomola, F|501\/501
|
|turn|12
|leave|Rooo
|
|switch|p2a: Mew|Mew|404\/404
|move|p1a: Alomomola|Toxic|p2a: Mew
|-status|p2a: Mew|tox
|-status|p1a: Alomomola|tox
|
|-damage|p2a: Mew|379\/404 tox|[from] psn
|-damage|p1a: Alomomola|470\/501 tox|[from] psn
|turn|13
|
|move|p2a: Mew|Knock Off|p1a: Alomomola
|-damage|p1a: Alomomola|408\/501 tox
|-enditem|p1a: Alomomola|Leftovers|[from] move: Knock Off|[of] p2a: Mew
|move|p1a: Alomomola|Scald|p2a: Mew
|-damage|p2a: Mew|345\/404 tox
|
|-heal|p2a: Mew|370\/404 tox|[from] item: Leftovers
|-damage|p2a: Mew|320\/404 tox|[from] psn
|-damage|p1a: Alomomola|346\/501 tox|[from] psn
|turn|14
|
|switch|p1a: Amoonguss|Amoonguss, M|424\/432 brn
|move|p2a: Mew|Knock Off|p1a: Amoonguss
|-damage|p1a: Amoonguss|371\/432 brn
|
|-heal|p2a: Mew|345\/404 tox|[from] item: Leftovers
|-damage|p2a: Mew|270\/404 tox|[from] psn
|-damage|p1a: Amoonguss|317\/432 brn|[from] brn
|turn|15
|leave|Anticsz
|leave|jamel
|
|move|p2a: Mew|Taunt|p1a: Amoonguss
|-start|p1a: Amoonguss|move: Taunt
|move|p1a: Amoonguss|Giga Drain|p2a: Mew
|-crit|p2a: Mew
|-damage|p2a: Mew|189\/404 tox
|-heal|p1a: Amoonguss|358\/432 brn|[from] drain|[of] p2a: Mew
|
|-heal|p2a: Mew|214\/404 tox|[from] item: Leftovers
|-damage|p2a: Mew|114\/404 tox|[from] psn
|-damage|p1a: Amoonguss|304\/432 brn|[from] brn
|turn|16
|
|switch|p2a: Talonflame|Talonflame, F|297\/297
|switch|p1a: Metagross|Metagross-Mega|281\/301
|
|turn|17
|leave|Flan76
|
|switch|p1a: Hippowdon|Hippowdon, M|420\/420
|-weather|Sandstorm
|move|p2a: Talonflame|Flare Blitz|p1a: Hippowdon
|-damage|p1a: Hippowdon|309\/420
|-damage|p2a: Talonflame|260\/297|[from] recoil|[of] p1a: Hippowdon
|
|-weather|Sandstorm|[upkeep]
|-damage|p2a: Talonflame|242\/297|[from] sandstorm
|-heal|p1a: Hippowdon|335\/420|[from] item: Leftovers
|turn|18
|
|switch|p2a: Landorus-Therian|Landorus-Therian, M|319\/319
|-ability|p2a: Landorus-Therian|Intimidate|[of] p1a: Hippowdon
|-unboost|p1a: Hippowdon|atk|1
|move|p1a: Hippowdon|Stealth Rock|p2a: Landorus-Therian
|-sidestart|p2: KeenPeen|move: Stealth Rock
|
|-weather|Sandstorm|[upkeep]
|-heal|p1a: Hippowdon|361\/420|[from] item: Leftovers
|turn|19
|
|switch|p1a: Alomomola|Alomomola, F|501\/501 tox
|move|p2a: Landorus-Therian|Earthquake|p1a: Alomomola
|-damage|p1a: Alomomola|342\/501 tox
|
|-weather|Sandstorm|[upkeep]
|-damage|p1a: Alomomola|311\/501 tox|[from] sandstorm
|-damage|p1a: Alomomola|280\/501 tox|[from] psn
|turn|20
|
|switch|p1a: Hippowdon|Hippowdon, M|361\/420
|move|p2a: Landorus-Therian|Earthquake|p1a: Hippowdon
|-damage|p1a: Hippowdon|223\/420
|
|-weather|Sandstorm|[upkeep]
|-heal|p1a: Hippowdon|249\/420|[from] item: Leftovers
|turn|21
|
|move|p2a: Landorus-Therian|Earthquake|p1a: Hippowdon
|-damage|p1a: Hippowdon|104\/420
|move|p1a: Hippowdon|Slack Off|p1a: Hippowdon
|-heal|p1a: Hippowdon|314\/420
|
|-weather|none
|-heal|p1a: Hippowdon|340\/420|[from] item: Leftovers
|turn|22
|
|move|p2a: Landorus-Therian|Earthquake|p1a: Hippowdon
|-crit|p1a: Hippowdon
|-damage|p1a: Hippowdon|120\/420
|move|p1a: Hippowdon|Slack Off|p1a: Hippowdon
|-heal|p1a: Hippowdon|330\/420
|
|-heal|p1a: Hippowdon|356\/420|[from] item: Leftovers
|turn|23
|
|switch|p2a: Mew|Mew|114\/404 tox
|-damage|p2a: Mew|64\/404 tox|[from] Stealth Rock
|move|p1a: Hippowdon|Rock Slide|p2a: Mew
|-damage|p2a: Mew|0 fnt
|faint|p2a: Mew
|
|-heal|p1a: Hippowdon|382\/420|[from] item: Leftovers
|join|Korby
|leave|Korby
|
|switch|p2a: Scolipede|Scolipede, F|324\/324
|-damage|p2a: Scolipede|243\/324|[from] Stealth Rock
|turn|24
|
|move|p2a: Scolipede|Swords Dance|p2a: Scolipede
|-boost|p2a: Scolipede|atk|2
|move|p1a: Hippowdon|Rock Slide|p2a: Scolipede
|-supereffective|p2a: Scolipede
|-damage|p2a: Scolipede|95\/324
|
|-heal|p1a: Hippowdon|408\/420|[from] item: Leftovers
|-boost|p2a: Scolipede|spe|1|[from] ability: Speed Boost
|turn|25
|
|move|p2a: Scolipede|Megahorn|p1a: Hippowdon
|-damage|p1a: Hippowdon|131\/420
|move|p1a: Hippowdon|Earthquake|p2a: Scolipede
|-damage|p2a: Scolipede|0 fnt
|faint|p2a: Scolipede
|
|-heal|p1a: Hippowdon|157\/420|[from] item: Leftovers
|
|switch|p2a: Talonflame|Talonflame, F|242\/297
|-damage|p2a: Talonflame|94\/297|[from] Stealth Rock
|turn|26
|
|move|p2a: Talonflame|Brave Bird|p1a: Hippowdon
|-damage|p1a: Hippowdon|37\/420
|-damage|p2a: Talonflame|54\/297|[from] recoil|[of] p1a: Hippowdon
|move|p1a: Hippowdon|Slack Off|p1a: Hippowdon
|-heal|p1a: Hippowdon|247\/420
|
|-heal|p1a: Hippowdon|273\/420|[from] item: Leftovers
|turn|27
|
|move|p2a: Talonflame|Roost|p2a: Talonflame
|-heal|p2a: Talonflame|203\/297
|move|p1a: Hippowdon|Slack Off|p1a: Hippowdon
|-heal|p1a: Hippowdon|420\/420
|
|turn|28
|
|move|p2a: Talonflame|Roost|p2a: Talonflame
|-heal|p2a: Talonflame|297\/297
|move|p1a: Hippowdon|Rock Slide|p2a: Talonflame
|-supereffective|p2a: Talonflame
|-damage|p2a: Talonflame|119\/297
|
|turn|29
|
|move|p2a: Talonflame|Roost|p2a: Talonflame
|-heal|p2a: Talonflame|268\/297
|move|p1a: Hippowdon|Rock Slide|p2a: Talonflame
|-supereffective|p2a: Talonflame
|-damage|p2a: Talonflame|96\/297
|
|turn|30
|
|move|p2a: Talonflame|Roost|p2a: Talonflame
|-heal|p2a: Talonflame|245\/297
|move|p1a: Hippowdon|Rock Slide|p2a: Talonflame
|-supereffective|p2a: Talonflame
|-damage|p2a: Talonflame|67\/297
|
|turn|31
|
|move|p2a: Talonflame|Roost|p2a: Talonflame
|-heal|p2a: Talonflame|216\/297
|move|p1a: Hippowdon|Earthquake|p2a: Talonflame
|-supereffective|p2a: Talonflame
|-damage|p2a: Talonflame|0 fnt
|faint|p2a: Talonflame
|
|
|switch|p2a: Heatran|Heatran, F|385\/385
|-damage|p2a: Heatran|337\/385|[from] Stealth Rock
|-item|p2a: Heatran|Air Balloon
|turn|32
|
|move|p2a: Heatran|Eruption|p1a: Hippowdon
|-damage|p1a: Hippowdon|134\/420
|move|p1a: Hippowdon|Rock Slide|p2a: Heatran
|-damage|p2a: Heatran|277\/385
|-enditem|p2a: Heatran|Air Balloon
|
|-heal|p1a: Hippowdon|160\/420|[from] item: Leftovers
|turn|33
|
|switch|p1a: Keldeo|Keldeo|303\/323
|move|p2a: Heatran|Eruption|p1a: Keldeo
|-resisted|p1a: Keldeo
|-damage|p1a: Keldeo|181\/323
|
|-heal|p1a: Keldeo|201\/323|[from] item: Leftovers
|turn|34
|
|move|p1a: Keldeo|Secret Sword|p2a: Heatran
|-supereffective|p2a: Heatran
|-damage|p2a: Heatran|5\/385
|move|p2a: Heatran|Eruption|p1a: Keldeo
|-resisted|p1a: Keldeo
|-damage|p1a: Keldeo|200\/323
|
|-heal|p1a: Keldeo|220\/323|[from] item: Leftovers
|turn|35
|c|âKeenPeen|gg
|-message|KeenPeen forfeited.
|c|âOx the Fox|gg
|
|switch|p2a: Latias|Latias, F|34\/364
|-damage|p2a: Latias|0 fnt|[from] Stealth Rock
|faint|p2a: Latias
|move|p1a: Keldeo|Substitute|p1a: Keldeo
|-start|p1a: Keldeo|Substitute
|-damage|p1a: Keldeo|140\/323
|
|-heal|p1a: Keldeo|160\/323|[from] item: Leftovers
|leave|KeenPeen
|
|win|Ox the Fox
|player|p2
|leave|blitzbanmagarin
|leave|Ox the Fox
|player|p1
|join|sillyhead man