|join|Crit&Miss
|join|kill all bp fags
|player|p1|Crit&Miss|92
|player|p2|kill all bp fags|209
|gametype|singles
|gen|6
|tier|OU
|rated
|clearpoke
|poke|p1|Landorus-Therian, M
|poke|p1|Ferrothorn, M
|poke|p1|Latias, F, shiny
|poke|p1|Keldeo-Resolute
|poke|p1|Gothitelle, F, shiny
|poke|p1|Charizard, M, shiny
|poke|p2|Tyranitar, M
|poke|p2|Slowbro, M
|poke|p2|Ferrothorn, F
|poke|p2|Sableye, M
|poke|p2|Heatran, F
|poke|p2|Gliscor, M
|rule|Swagger Clause: Swagger is banned
|rule|Baton Pass Clause: Limit one PokÃ©mon knowing Baton Pass
|rule|Sleep Clause Mod: Limit one foe put to sleep
|rule|Species Clause: Limit one of each PokÃ©mon
|rule|OHKO Clause: OHKO moves are banned
|rule|Moody Clause: Moody is banned
|rule|Evasion Moves Clause: Evasion moves are banned
|rule|Endless Battle Clause: Forcing endless battles is banned
|rule|HP Percentage Mod: HP is shown in percentages
|teampreview
|
|start
|switch|p1a: Keldeo-Resolute|Keldeo-Resolute|323\/323
|switch|p2a: Sableye|Sableye, M|304\/304
|turn|1
|
|switch|p1a: Charizard|Charizard, M, shiny|319\/319
|switch|p2a: Slowbro|Slowbro, M|394\/394
|
|turn|2
|
|switch|p1a: Gothitelle|Gothitelle, F, shiny|343\/343
|switch|p2a: Heatran|Heatran, F|386\/386
|
|turn|3
|
|move|p1a: Gothitelle|Trick|p2a: Heatran
|-activate|p1a: Gothitelle|move: Trick|[of] p2a: Heatran
|-item|p2a: Heatran|Choice Scarf|[from] move: Trick
|-item|p1a: Gothitelle|Leftovers|[from] move: Trick
|move|p2a: Heatran|Stealth Rock|p1a: Gothitelle
|-sidestart|p1: Crit&Miss|move: Stealth Rock
|
|turn|4
|
|move|p2a: Heatran|Stealth Rock|p1a: Gothitelle
|-fail|p1a: Gothitelle
|move|p1a: Gothitelle|Calm Mind|p1a: Gothitelle
|-boost|p1a: Gothitelle|spa|1
|-boost|p1a: Gothitelle|spd|1
|
|turn|5
|
|move|p2a: Heatran|Stealth Rock|p1a: Gothitelle
|-fail|p1a: Gothitelle
|move|p1a: Gothitelle|Calm Mind|p1a: Gothitelle
|-boost|p1a: Gothitelle|spa|1
|-boost|p1a: Gothitelle|spd|1
|
|turn|6
|
|move|p2a: Heatran|Stealth Rock|p1a: Gothitelle
|-fail|p1a: Gothitelle
|move|p1a: Gothitelle|Calm Mind|p1a: Gothitelle
|-boost|p1a: Gothitelle|spa|1
|-boost|p1a: Gothitelle|spd|1
|
|turn|7
|
|move|p2a: Heatran|Stealth Rock|p1a: Gothitelle
|-fail|p1a: Gothitelle
|move|p1a: Gothitelle|Psychic|p2a: Heatran
|-resisted|p2a: Heatran
|-damage|p2a: Heatran|302\/386
|
|turn|8
|
|move|p2a: Heatran|Stealth Rock|p1a: Gothitelle
|-fail|p1a: Gothitelle
|move|p1a: Gothitelle|Psychic|p2a: Heatran
|-resisted|p2a: Heatran
|-damage|p2a: Heatran|206\/386
|
|turn|9
|
|move|p2a: Heatran|Stealth Rock|p1a: Gothitelle
|-fail|p1a: Gothitelle
|move|p1a: Gothitelle|Psychic|p2a: Heatran
|-resisted|p2a: Heatran
|-damage|p2a: Heatran|119\/386
|
|turn|10
|
|move|p2a: Heatran|Stealth Rock|p1a: Gothitelle
|-fail|p1a: Gothitelle
|move|p1a: Gothitelle|Psychic|p2a: Heatran
|-resisted|p2a: Heatran
|-damage|p2a: Heatran|23\/386
|-unboost|p2a: Heatran|spd|1
|
|turn|11
|
|move|p2a: Heatran|Stealth Rock|p1a: Gothitelle
|-fail|p1a: Gothitelle
|move|p1a: Gothitelle|Trick|p2a: Heatran
|-activate|p1a: Gothitelle|move: Trick|[of] p2a: Heatran
|-item|p2a: Heatran|Leftovers|[from] move: Trick
|-item|p1a: Gothitelle|Choice Scarf|[from] move: Trick
|
|-heal|p2a: Heatran|47\/386|[from] item: Leftovers
|turn|12
|
|move|p1a: Gothitelle|Psychic|p2a: Heatran
|-resisted|p2a: Heatran
|-damage|p2a: Heatran|0 fnt
|faint|p2a: Heatran
|
|
|switch|p2a: Tyranitar|Tyranitar, M|341\/341
|-weather|Sandstorm
|turn|13
|
|move|p2a: Tyranitar|Pursuit|p1a: Gothitelle|[from]Pursuit
|-supereffective|p1a: Gothitelle
|-damage|p1a: Gothitelle|35\/343
|switch|p1a: Ferrothorn|Ferrothorn, M|352\/352
|-damage|p1a: Ferrothorn|330\/352|[from] Stealth Rock
|
|-weather|Sandstorm|[upkeep]
|-heal|p1a: Ferrothorn|352\/352|[from] item: Leftovers
|turn|14
|
|switch|p2a: Sableye|Sableye, M|304\/304
|switch|p1a: Latias|Latias, F, shiny|319\/319
|-damage|p1a: Latias|280\/319|[from] Stealth Rock
|
|-weather|Sandstorm|[upkeep]
|-damage|p1a: Latias|261\/319|[from] sandstorm
|-damage|p2a: Sableye|285\/304|[from] sandstorm
|turn|15
|
|switch|p2a: Tyranitar|Tyranitar, M|341\/341
|move|p1a: Latias|Defog|p2a: Tyranitar
|-unboost|p2a: Tyranitar|evasion|1
|-sideend|p1: Crit&Miss|Stealth Rock|[from] move: Defog|[of] p1a: Latias
|
|-weather|Sandstorm|[upkeep]
|-damage|p1a: Latias|242\/319|[from] sandstorm
|turn|16
|
|move|p2a: Tyranitar|Crunch|p1a: Latias
|-supereffective|p1a: Latias
|-damage|p1a: Latias|0 fnt
|faint|p1a: Latias
|
|-weather|Sandstorm|[upkeep]
|
|switch|p1a: Landorus-Therian|Landorus-Therian, M|381\/381
|-ability|p1a: Landorus-Therian|Intimidate|[of] p2a: Tyranitar
|-unboost|p2a: Tyranitar|atk|1
|turn|17
|
|switch|p2a: Gliscor|Gliscor, M|352\/352
|move|p1a: Landorus-Therian|Stealth Rock|p2a: Gliscor
|-sidestart|p2: kill all bp fags|move: Stealth Rock
|
|-weather|none
|-status|p2a: Gliscor|tox|[from] item: Toxic Orb
|turn|18
|
|move|p2a: Gliscor|Facade|p1a: Landorus-Therian
|-damage|p1a: Landorus-Therian|295\/381
|move|p1a: Landorus-Therian|U-turn|p2a: Gliscor
|-resisted|p2a: Gliscor
|-damage|p2a: Gliscor|319\/352 tox
|
|switch|p1a: Keldeo-Resolute|Keldeo-Resolute|323\/323
|
|-heal|p2a: Gliscor|352\/352 tox|[from] ability: Poison Heal
|turn|19
|
|switch|p2a: Ferrothorn|Ferrothorn, F|352\/352
|-damage|p2a: Ferrothorn|330\/352|[from] Stealth Rock
|move|p1a: Keldeo-Resolute|Scald|p2a: Ferrothorn
|-resisted|p2a: Ferrothorn
|-damage|p2a: Ferrothorn|276\/352
|-status|p2a: Ferrothorn|brn
|
|-heal|p2a: Ferrothorn|298\/352 brn|[from] item: Leftovers
|-damage|p2a: Ferrothorn|254\/352 brn|[from] brn
|turn|20
|
|switch|p1a: Gothitelle|Gothitelle, F, shiny|35\/343
|move|p2a: Ferrothorn|Spikes|p1a: Gothitelle
|-sidestart|p1: Crit&Miss|Spikes
|
|-heal|p2a: Ferrothorn|276\/352 brn|[from] item: Leftovers
|-damage|p2a: Ferrothorn|232\/352 brn|[from] brn
|turn|21
|
|move|p1a: Gothitelle|Trick|p2a: Ferrothorn
|-activate|p1a: Gothitelle|move: Trick|[of] p2a: Ferrothorn
|-item|p2a: Ferrothorn|Choice Scarf|[from] move: Trick
|-item|p1a: Gothitelle|Leftovers|[from] move: Trick
|move|p2a: Ferrothorn|Gyro Ball|p1a: Gothitelle
|-damage|p1a: Gothitelle|0 fnt
|faint|p1a: Gothitelle
|
|-damage|p2a: Ferrothorn|188\/352 brn|[from] brn
|
|switch|p1a: Charizard|Charizard, M, shiny|319\/319
|turn|22
|
|switch|p2a: Slowbro|Slowbro, M|394\/394
|-damage|p2a: Slowbro|345\/394|[from] Stealth Rock
|detailschange|p1a: Charizard|Charizard-Mega-X, M, shiny
|-mega|p1a: Charizard|Charizard|Charizardite X
|move|p1a: Charizard|Dragon Dance|p1a: Charizard
|-boost|p1a: Charizard|atk|1
|-boost|p1a: Charizard|spe|1
|
|-heal|p2a: Slowbro|369\/394|[from] item: Leftovers
|turn|23
|
|move|p1a: Charizard|Dragon Dance|p1a: Charizard
|-boost|p1a: Charizard|atk|1
|-boost|p1a: Charizard|spe|1
|move|p2a: Slowbro|Thunder Wave|p1a: Charizard
|-status|p1a: Charizard|par
|
|-heal|p2a: Slowbro|393\/394|[from] item: Leftovers
|turn|24
|
|move|p1a: Charizard|Dragon Claw|p2a: Slowbro
|-damage|p2a: Slowbro|119\/394
|move|p2a: Slowbro|Scald|p1a: Charizard
|-damage|p1a: Charizard|217\/319 par
|
|-heal|p2a: Slowbro|143\/394|[from] item: Leftovers
|turn|25
|
|switch|p2a: Ferrothorn|Ferrothorn, F|188\/352 brn
|-damage|p2a: Ferrothorn|166\/352 brn|[from] Stealth Rock
|move|p1a: Charizard|Dragon Claw|p2a: Ferrothorn
|-resisted|p2a: Ferrothorn
|-damage|p2a: Ferrothorn|38\/352 brn
|-damage|p1a: Charizard|178\/319 par|[from] ability: Iron Barbs|[of] p2a: Ferrothorn
|
|-damage|p2a: Ferrothorn|0 fnt|[from] brn
|faint|p2a: Ferrothorn
|
|switch|p2a: Gliscor|Gliscor, M|352\/352 tox
|-damage|p2a: Gliscor|308\/352 tox|[from] Stealth Rock
|turn|26
|
|move|p2a: Gliscor|Earthquake|p1a: Charizard
|-supereffective|p1a: Charizard
|-damage|p1a: Charizard|0 fnt
|faint|p1a: Charizard
|
|-heal|p2a: Gliscor|352\/352 tox|[from] ability: Poison Heal
|
|switch|p1a: Keldeo-Resolute|Keldeo-Resolute|323\/323
|-damage|p1a: Keldeo-Resolute|283\/323|[from] Spikes
|turn|27
|
|switch|p2a: Tyranitar|Tyranitar, M|341\/341
|-damage|p2a: Tyranitar|299\/341|[from] Stealth Rock
|-weather|Sandstorm
|move|p1a: Keldeo-Resolute|Scald|p2a: Tyranitar
|-supereffective|p2a: Tyranitar
|-damage|p2a: Tyranitar|99\/341
|-status|p2a: Tyranitar|brn
|
|-weather|Sandstorm|[upkeep]
|-damage|p1a: Keldeo-Resolute|263\/323|[from] sandstorm
|-damage|p2a: Tyranitar|57\/341 brn|[from] brn
|turn|28
|
|move|p1a: Keldeo-Resolute|Scald|p2a: Tyranitar
|-supereffective|p2a: Tyranitar
|-damage|p2a: Tyranitar|0 fnt
|faint|p2a: Tyranitar
|
|-weather|Sandstorm|[upkeep]
|-damage|p1a: Keldeo-Resolute|243\/323|[from] sandstorm
|
|switch|p2a: Sableye|Sableye, M|285\/304
|-damage|p2a: Sableye|247\/304|[from] Stealth Rock
|turn|29
|
|detailschange|p2a: Sableye|Sableye-Mega, M
|-mega|p2a: Sableye|Sableye|Sablenite
|move|p2a: Sableye|Calm Mind|p2a: Sableye
|-boost|p2a: Sableye|spa|1
|-boost|p2a: Sableye|spd|1
|move|p1a: Keldeo-Resolute|Scald|p2a: Sableye
|-damage|p2a: Sableye|169\/304
|
|-weather|Sandstorm|[upkeep]
|-damage|p1a: Keldeo-Resolute|223\/323|[from] sandstorm
|-damage|p2a: Sableye|150\/304|[from] sandstorm
|turn|30
|
|move|p1a: Keldeo-Resolute|Scald|p2a: Sableye
|-damage|p2a: Sableye|66\/304
|-status|p2a: Sableye|brn
|move|p2a: Sableye|Recover|p2a: Sableye
|-heal|p2a: Sableye|218\/304 brn
|
|-weather|Sandstorm|[upkeep]
|-damage|p1a: Keldeo-Resolute|203\/323|[from] sandstorm
|-damage|p2a: Sableye|199\/304 brn|[from] sandstorm
|-damage|p2a: Sableye|161\/304 brn|[from] brn
|turn|31
|
|switch|p1a: Landorus-Therian|Landorus-Therian, M|295\/381
|-ability|p1a: Landorus-Therian|Intimidate|[of] p2a: Sableye
|-unboost|p2a: Sableye|atk|1
|move|p2a: Sableye|Recover|p2a: Sableye
|-heal|p2a: Sableye|304\/304 brn
|
|-weather|none
|-heal|p1a: Landorus-Therian|318\/381|[from] item: Leftovers
|-damage|p2a: Sableye|266\/304 brn|[from] brn
|turn|32
|
|move|p1a: Landorus-Therian|Earthquake|p2a: Sableye
|-damage|p2a: Sableye|170\/304 brn
|move|p2a: Sableye|Will-O-Wisp|p1a: Landorus-Therian|[miss]
|-miss|p2a: Sableye|p1a: Landorus-Therian
|
|-heal|p1a: Landorus-Therian|341\/381|[from] item: Leftovers
|-damage|p2a: Sableye|132\/304 brn|[from] brn
|turn|33
|
|move|p1a: Landorus-Therian|Earthquake|p2a: Sableye
|-crit|p2a: Sableye
|-damage|p2a: Sableye|0 fnt
|faint|p2a: Sableye
|
|-heal|p1a: Landorus-Therian|364\/381|[from] item: Leftovers
|
|switch|p2a: Slowbro|Slowbro, M|274\/394
|-damage|p2a: Slowbro|225\/394|[from] Stealth Rock
|turn|34
|
|move|p1a: Landorus-Therian|U-turn|p2a: Slowbro
|-supereffective|p2a: Slowbro
|-damage|p2a: Slowbro|125\/394
|
|switch|p1a: Ferrothorn|Ferrothorn, M|352\/352
|-damage|p1a: Ferrothorn|308\/352|[from] Spikes
|move|p2a: Slowbro|Scald|p1a: Ferrothorn
|-resisted|p1a: Ferrothorn
|-damage|p1a: Ferrothorn|276\/352
|
|-heal|p2a: Slowbro|149\/394|[from] item: Leftovers
|-heal|p1a: Ferrothorn|298\/352|[from] item: Leftovers
|turn|35
|
|switch|p2a: Gliscor|Gliscor, M|352\/352 tox
|-damage|p2a: Gliscor|308\/352 tox|[from] Stealth Rock
|move|p1a: Ferrothorn|Leech Seed|p2a: Gliscor|[miss]
|-miss|p1a: Ferrothorn|p2a: Gliscor
|
|-heal|p1a: Ferrothorn|320\/352|[from] item: Leftovers
|-heal|p2a: Gliscor|352\/352 tox|[from] ability: Poison Heal
|turn|36
|
|switch|p1a: Landorus-Therian|Landorus-Therian, M|364\/381
|-ability|p1a: Landorus-Therian|Intimidate|[of] p2a: Gliscor
|-unboost|p2a: Gliscor|atk|1
|move|p2a: Gliscor|Taunt|p1a: Landorus-Therian
|-start|p1a: Landorus-Therian|move: Taunt
|
|-heal|p1a: Landorus-Therian|381\/381|[from] item: Leftovers
|turn|37
|
|move|p2a: Gliscor|Facade|p1a: Landorus-Therian
|-damage|p1a: Landorus-Therian|322\/381
|move|p1a: Landorus-Therian|U-turn|p2a: Gliscor
|-resisted|p2a: Gliscor
|-damage|p2a: Gliscor|321\/352 tox
|
|switch|p1a: Keldeo-Resolute|Keldeo-Resolute|203\/323
|-damage|p1a: Keldeo-Resolute|163\/323|[from] Spikes
|
|-heal|p2a: Gliscor|352\/352 tox|[from] ability: Poison Heal
|turn|38
|
|switch|p2a: Slowbro|Slowbro, M|280\/394
|-damage|p2a: Slowbro|231\/394|[from] Stealth Rock
|move|p1a: Keldeo-Resolute|Scald|p2a: Slowbro
|-resisted|p2a: Slowbro
|-damage|p2a: Slowbro|143\/394
|
|-heal|p2a: Slowbro|167\/394|[from] item: Leftovers
|turn|39
|
|switch|p1a: Landorus-Therian|Landorus-Therian, M|322\/381
|-ability|p1a: Landorus-Therian|Intimidate|[of] p2a: Slowbro
|-unboost|p2a: Slowbro|atk|1
|move|p2a: Slowbro|Thunder Wave|p1a: Landorus-Therian
|-immune|p1a: Landorus-Therian|[msg]
|
|-heal|p1a: Landorus-Therian|345\/381|[from] item: Leftovers
|-heal|p2a: Slowbro|191\/394|[from] item: Leftovers
|turn|40
|
|move|p1a: Landorus-Therian|U-turn|p2a: Slowbro
|-supereffective|p2a: Slowbro
|-damage|p2a: Slowbro|93\/394
|
|switch|p1a: Ferrothorn|Ferrothorn, M|320\/352
|-damage|p1a: Ferrothorn|276\/352|[from] Spikes
|move|p2a: Slowbro|Slack Off|p2a: Slowbro
|-heal|p2a: Slowbro|290\/394
|
|-heal|p2a: Slowbro|314\/394|[from] item: Leftovers
|-heal|p1a: Ferrothorn|298\/352|[from] item: Leftovers
|turn|41
|
|move|p2a: Slowbro|Thunder Wave|p1a: Ferrothorn
|-status|p1a: Ferrothorn|par
|move|p1a: Ferrothorn|Leech Seed|p2a: Slowbro
|-start|p2a: Slowbro|move: Leech Seed
|
|-heal|p2a: Slowbro|338\/394|[from] item: Leftovers
|-heal|p1a: Ferrothorn|320\/352 par|[from] item: Leftovers
|-damage|p2a: Slowbro|289\/394|[from] Leech Seed|[of] p1a: Ferrothorn
|-heal|p1a: Ferrothorn|352\/352 par|[silent]
|turn|42
|
|switch|p2a: Gliscor|Gliscor, M|352\/352 tox
|-damage|p2a: Gliscor|308\/352 tox|[from] Stealth Rock
|cant|p1a: Ferrothorn|par
|
|-heal|p2a: Gliscor|352\/352 tox|[from] ability: Poison Heal
|turn|43
|
|move|p2a: Gliscor|Swords Dance|p2a: Gliscor
|-boost|p2a: Gliscor|atk|2
|cant|p1a: Ferrothorn|par
|
|turn|44
|
|move|p2a: Gliscor|Swords Dance|p2a: Gliscor
|-boost|p2a: Gliscor|atk|2
|cant|p1a: Ferrothorn|par
|
|turn|45
|
|switch|p1a: Landorus-Therian|Landorus-Therian, M|345\/381
|-ability|p1a: Landorus-Therian|Intimidate|[of] p2a: Gliscor
|-unboost|p2a: Gliscor|atk|1
|move|p2a: Gliscor|Earthquake|p1a: Landorus-Therian
|-immune|p1a: Landorus-Therian|[msg]
|
|-heal|p1a: Landorus-Therian|368\/381|[from] item: Leftovers
|turn|46
|
|move|p2a: Gliscor|Facade|p1a: Landorus-Therian
|-damage|p1a: Landorus-Therian|166\/381
|move|p1a: Landorus-Therian|U-turn|p2a: Gliscor
|-resisted|p2a: Gliscor
|-damage|p2a: Gliscor|322\/352 tox
|
|switch|p1a: Keldeo-Resolute|Keldeo-Resolute|163\/323
|-damage|p1a: Keldeo-Resolute|123\/323|[from] Spikes
|
|-heal|p2a: Gliscor|352\/352 tox|[from] ability: Poison Heal
|turn|47
|
|switch|p2a: Slowbro|Slowbro, M|394\/394
|-damage|p2a: Slowbro|345\/394|[from] Stealth Rock
|move|p1a: Keldeo-Resolute|Scald|p2a: Slowbro
|-resisted|p2a: Slowbro
|-damage|p2a: Slowbro|268\/394
|-status|p2a: Slowbro|brn
|
|-heal|p2a: Slowbro|292\/394 brn|[from] item: Leftovers
|-damage|p2a: Slowbro|243\/394 brn|[from] brn
|turn|48
|
|switch|p1a: Ferrothorn|Ferrothorn, M|352\/352 par
|-damage|p1a: Ferrothorn|308\/352 par|[from] Spikes
|move|p2a: Slowbro|Psyshock|p1a: Ferrothorn
|-resisted|p1a: Ferrothorn
|-damage|p1a: Ferrothorn|273\/352 par
|
|-heal|p2a: Slowbro|267\/394 brn|[from] item: Leftovers
|-heal|p1a: Ferrothorn|295\/352 par|[from] item: Leftovers
|-damage|p2a: Slowbro|218\/394 brn|[from] brn
|turn|49
|
|move|p2a: Slowbro|Slack Off|p2a: Slowbro
|-heal|p2a: Slowbro|394\/394 brn
|move|p1a: Ferrothorn|Leech Seed|p2a: Slowbro
|-start|p2a: Slowbro|move: Leech Seed
|
|-heal|p1a: Ferrothorn|317\/352 par|[from] item: Leftovers
|-damage|p2a: Slowbro|345\/394 brn|[from] Leech Seed|[of] p1a: Ferrothorn
|-heal|p1a: Ferrothorn|352\/352 par|[silent]
|-damage|p2a: Slowbro|296\/394 brn|[from] brn
|turn|50
|
|switch|p2a: Gliscor|Gliscor, M|352\/352 tox
|-damage|p2a: Gliscor|308\/352 tox|[from] Stealth Rock
|move|p1a: Ferrothorn|Leech Seed|p2a: Gliscor|[miss]
|-miss|p1a: Ferrothorn|p2a: Gliscor
|
|-heal|p2a: Gliscor|352\/352 tox|[from] ability: Poison Heal
|turn|51
|
|switch|p1a: Landorus-Therian|Landorus-Therian, M|166\/381
|-ability|p1a: Landorus-Therian|Intimidate|[of] p2a: Gliscor
|-unboost|p2a: Gliscor|atk|1
|move|p2a: Gliscor|Swords Dance|p2a: Gliscor
|-boost|p2a: Gliscor|atk|2
|
|-heal|p1a: Landorus-Therian|189\/381|[from] item: Leftovers
|turn|52
|
|move|p2a: Gliscor|Facade|p1a: Landorus-Therian
|-damage|p1a: Landorus-Therian|59\/381
|move|p1a: Landorus-Therian|U-turn|p2a: Gliscor
|-resisted|p2a: Gliscor
|-damage|p2a: Gliscor|322\/352 tox
|
|switch|p1a: Keldeo-Resolute|Keldeo-Resolute|123\/323
|-damage|p1a: Keldeo-Resolute|83\/323|[from] Spikes
|
|-heal|p2a: Gliscor|352\/352 tox|[from] ability: Poison Heal
|turn|53
|
|switch|p2a: Slowbro|Slowbro, M|394\/394 brn
|-damage|p2a: Slowbro|345\/394 brn|[from] Stealth Rock
|move|p1a: Keldeo-Resolute|Hydro Pump|p2a: Slowbro
|-resisted|p2a: Slowbro
|-damage|p2a: Slowbro|225\/394 brn
|
|-heal|p2a: Slowbro|249\/394 brn|[from] item: Leftovers
|-damage|p2a: Slowbro|200\/394 brn|[from] brn
|turn|54
|
|move|p1a: Keldeo-Resolute|Hydro Pump|p2a: Slowbro
|-resisted|p2a: Slowbro
|-damage|p2a: Slowbro|87\/394 brn
|move|p2a: Slowbro|Slack Off|p2a: Slowbro
|-heal|p2a: Slowbro|284\/394 brn
|
|-heal|p2a: Slowbro|308\/394 brn|[from] item: Leftovers
|-damage|p2a: Slowbro|259\/394 brn|[from] brn
|turn|55
|
|switch|p1a: Ferrothorn|Ferrothorn, M|352\/352 par
|-damage|p1a: Ferrothorn|308\/352 par|[from] Spikes
|move|p2a: Slowbro|Psyshock|p1a: Ferrothorn
|-resisted|p1a: Ferrothorn
|-damage|p1a: Ferrothorn|276\/352 par
|
|-heal|p2a: Slowbro|283\/394 brn|[from] item: Leftovers
|-heal|p1a: Ferrothorn|298\/352 par|[from] item: Leftovers
|-damage|p2a: Slowbro|234\/394 brn|[from] brn
|turn|56
|
|move|p2a: Slowbro|Slack Off|p2a: Slowbro
|-heal|p2a: Slowbro|394\/394 brn
|move|p1a: Ferrothorn|Leech Seed|p2a: Slowbro
|-start|p2a: Slowbro|move: Leech Seed
|
|-heal|p1a: Ferrothorn|320\/352 par|[from] item: Leftovers
|-damage|p2a: Slowbro|345\/394 brn|[from] Leech Seed|[of] p1a: Ferrothorn
|-heal|p1a: Ferrothorn|352\/352 par|[silent]
|-damage|p2a: Slowbro|296\/394 brn|[from] brn
|turn|57
|
|switch|p2a: Gliscor|Gliscor, M|352\/352 tox
|-damage|p2a: Gliscor|308\/352 tox|[from] Stealth Rock
|move|p1a: Ferrothorn|Leech Seed|p2a: Gliscor
|-start|p2a: Gliscor|move: Leech Seed
|
|-damage|p2a: Gliscor|264\/352 tox|[from] Leech Seed|[of] p1a: Ferrothorn
|-heal|p2a: Gliscor|308\/352 tox|[from] ability: Poison Heal
|turn|58
|
|switch|p2a: Slowbro|Slowbro, M|394\/394 brn
|-damage|p2a: Slowbro|345\/394 brn|[from] Stealth Rock
|move|p1a: Ferrothorn|Gyro Ball|p2a: Slowbro
|-resisted|p2a: Slowbro
|-damage|p2a: Slowbro|291\/394 brn
|
|-heal|p2a: Slowbro|315\/394 brn|[from] item: Leftovers
|-damage|p2a: Slowbro|266\/394 brn|[from] brn
|turn|59
|
|switch|p2a: Gliscor|Gliscor, M|308\/352 tox
|-damage|p2a: Gliscor|264\/352 tox|[from] Stealth Rock
|move|p1a: Ferrothorn|Leech Seed|p2a: Gliscor
|-start|p2a: Gliscor|move: Leech Seed
|
|-damage|p2a: Gliscor|220\/352 tox|[from] Leech Seed|[of] p1a: Ferrothorn
|-heal|p2a: Gliscor|264\/352 tox|[from] ability: Poison Heal
|turn|60
|
|switch|p2a: Slowbro|Slowbro, M|394\/394 brn
|-damage|p2a: Slowbro|345\/394 brn|[from] Stealth Rock
|move|p1a: Ferrothorn|Gyro Ball|p2a: Slowbro
|-resisted|p2a: Slowbro
|-damage|p2a: Slowbro|291\/394 brn
|
|-heal|p2a: Slowbro|315\/394 brn|[from] item: Leftovers
|-damage|p2a: Slowbro|266\/394 brn|[from] brn
|turn|61
|
|switch|p2a: Gliscor|Gliscor, M|264\/352 tox
|-damage|p2a: Gliscor|220\/352 tox|[from] Stealth Rock
|move|p1a: Ferrothorn|Leech Seed|p2a: Gliscor
|-start|p2a: Gliscor|move: Leech Seed
|
|-damage|p2a: Gliscor|176\/352 tox|[from] Leech Seed|[of] p1a: Ferrothorn
|-heal|p2a: Gliscor|220\/352 tox|[from] ability: Poison Heal
|turn|62
|
|move|p2a: Gliscor|Taunt|p1a: Ferrothorn
|-start|p1a: Ferrothorn|move: Taunt
|move|p1a: Ferrothorn|Gyro Ball|p2a: Gliscor
|-damage|p2a: Gliscor|78\/352 tox
|
|-damage|p2a: Gliscor|34\/352 tox|[from] Leech Seed|[of] p1a: Ferrothorn
|-heal|p2a: Gliscor|78\/352 tox|[from] ability: Poison Heal
|turn|63
|
|switch|p2a: Slowbro|Slowbro, M|394\/394 brn
|-damage|p2a: Slowbro|345\/394 brn|[from] Stealth Rock
|switch|p1a: Landorus-Therian|Landorus-Therian, M|59\/381
|-ability|p1a: Landorus-Therian|Intimidate|[of] p2a: Slowbro
|-unboost|p2a: Slowbro|atk|1
|
|-heal|p1a: Landorus-Therian|82\/381|[from] item: Leftovers
|-heal|p2a: Slowbro|369\/394 brn|[from] item: Leftovers
|-damage|p2a: Slowbro|320\/394 brn|[from] brn
|turn|64
|
|move|p1a: Landorus-Therian|U-turn|p2a: Slowbro
|-supereffective|p2a: Slowbro
|-damage|p2a: Slowbro|220\/394 brn
|
|switch|p1a: Ferrothorn|Ferrothorn, M|352\/352 par
|-damage|p1a: Ferrothorn|308\/352 par|[from] Spikes
|move|p2a: Slowbro|Scald|p1a: Ferrothorn
|-resisted|p1a: Ferrothorn
|-damage|p1a: Ferrothorn|273\/352 par
|
|-heal|p2a: Slowbro|244\/394 brn|[from] item: Leftovers
|-heal|p1a: Ferrothorn|295\/352 par|[from] item: Leftovers
|-damage|p2a: Slowbro|195\/394 brn|[from] brn
|turn|65
|
|switch|p2a: Gliscor|Gliscor, M|78\/352 tox
|-damage|p2a: Gliscor|34\/352 tox|[from] Stealth Rock
|move|p1a: Ferrothorn|Leech Seed|p2a: Gliscor
|-start|p2a: Gliscor|move: Leech Seed
|
|-heal|p1a: Ferrothorn|317\/352 par|[from] item: Leftovers
|-damage|p2a: Gliscor|0 fnt|[from] Leech Seed|[of] p1a: Ferrothorn
|-heal|p1a: Ferrothorn|351\/352 par|[silent]
|faint|p2a: Gliscor
|c|âCrit&Miss|gg
|c|âkill all bp fags|LOL all the fucking hax
|c|âkill all bp fags|dw i know ur gonna go offline now
|c|âkill all bp fags|cuz ur a pussy
|c|âkill all bp fags|i wrote ur name down
|c|âkill all bp fags|i hope everyone you care about gets brutally tortured raped and killed right in front of ur eyes
|-message|kill all bp fags forfeited.
|leave|kill all bp fags
|
|win|Crit&Miss
|raw|Ladder updating...
|player|p2
|raw|Crit&amp;Miss's rating: 1449 &rarr; <strong>1472<\/strong><br \/>(+23 for winning)
|raw|kill all bp fags's rating: 1495 &rarr; <strong>1472<\/strong><br \/>(-23 for losing)
|join|kill all bp fags