|join|AleksPM
|join|Don Miguelo
|player|p1|AleksPM|290
|player|p2|Don Miguelo|1
|gametype|singles
|gen|6
|tier|OU
|rated
|clearpoke
|poke|p1|Manectric, M
|poke|p1|Metagross
|poke|p1|Talonflame, F
|poke|p1|Keldeo
|poke|p1|Zapdos
|poke|p1|Garchomp, F
|poke|p2|Gliscor, F
|poke|p2|Venusaur, M
|poke|p2|Mew
|poke|p2|Skarmory, F
|poke|p2|Azumarill, F
|poke|p2|Heatran, M
|rule|Swagger Clause: Swagger is banned
|rule|Baton Pass Clause: Limit one PokÃ©mon knowing Baton Pass
|rule|Sleep Clause Mod: Limit one foe put to sleep
|rule|Species Clause: Limit one of each PokÃ©mon
|rule|OHKO Clause: OHKO moves are banned
|rule|Moody Clause: Moody is banned
|rule|Evasion Moves Clause: Evasion moves are banned
|rule|Endless Battle Clause: Forcing endless battles is banned
|rule|HP Percentage Mod: HP is shown in percentages
|teampreview
|
|start
|switch|p1a: Keldeo|Keldeo|324\/324
|switch|p2a: Heatran|Heatran, M|385\/385
|turn|1
|
|move|p2a: Heatran|Protect|p2a: Heatran
|-singleturn|p2a: Heatran|Protect
|move|p1a: Keldeo|Secret Sword|p2a: Heatran
|-activate|p2a: Heatran|Protect
|
|turn|2
|
|switch|p2a: Venusaur|Venusaur, M|363\/363
|move|p1a: Keldeo|Secret Sword|p2a: Venusaur
|-resisted|p2a: Venusaur
|-damage|p2a: Venusaur|306\/363
|
|turn|3
|
|switch|p1a: Metagross|Metagross|363\/363
|detailschange|p2a: Venusaur|Venusaur-Mega, M
|-mega|p2a: Venusaur|Venusaur|Venusaurite
|move|p2a: Venusaur|Sludge Bomb|p1a: Metagross
|-immune|p1a: Metagross|[msg]
|
|turn|4
|
|switch|p2a: Skarmory|Skarmory, F|333\/333
|move|p1a: Metagross|Hammer Arm|p2a: Skarmory
|-damage|p2a: Skarmory|255\/333
|-damage|p1a: Metagross|303\/363|[from] item: Rocky Helmet|[of] p2a: Skarmory
|-unboost|p1a: Metagross|spe|1
|
|turn|5
|
|switch|p2a: Gliscor|Gliscor, F|352\/352
|switch|p1a: Zapdos|Zapdos|384\/384
|-ability|p1a: Zapdos|Pressure
|
|-status|p2a: Gliscor|tox|[from] item: Toxic Orb
|turn|6
|
|switch|p1a: Metagross|Metagross|303\/363
|move|p2a: Gliscor|Toxic|p1a: Metagross
|-fail|p1a: Metagross
|
|turn|7
|
|switch|p2a: Skarmory|Skarmory, F|255\/333
|switch|p1a: Keldeo|Keldeo|324\/324
|
|turn|8
|
|switch|p2a: Venusaur|Venusaur-Mega, M|306\/363
|move|p1a: Keldeo|Scald|p2a: Venusaur
|-resisted|p2a: Venusaur
|-damage|p2a: Venusaur|246\/363
|
|turn|9
|
|switch|p1a: Garchomp|Garchomp, F|420\/420
|move|p2a: Venusaur|Synthesis|p2a: Venusaur
|-heal|p2a: Venusaur|363\/363
|
|turn|10
|
|move|p1a: Garchomp|Stealth Rock|p2a: Venusaur
|-sidestart|p2: Don Miguelo|move: Stealth Rock
|move|p2a: Venusaur|Giga Drain|p1a: Garchomp
|-damage|p1a: Garchomp|302\/420
|
|turn|11
|
|switch|p1a: Metagross|Metagross|303\/363
|move|p2a: Venusaur|Giga Drain|p1a: Metagross
|-resisted|p1a: Metagross
|-damage|p1a: Metagross|268\/363
|
|turn|12
|
|switch|p2a: Skarmory|Skarmory, F|255\/333
|-damage|p2a: Skarmory|214\/333|[from] Stealth Rock
|move|p1a: Metagross|Zen Headbutt|p2a: Skarmory
|-resisted|p2a: Skarmory
|-damage|p2a: Skarmory|172\/333
|-damage|p1a: Metagross|208\/363|[from] item: Rocky Helmet|[of] p2a: Skarmory
|
|turn|13
|
|switch|p1a: Zapdos|Zapdos|384\/384
|-ability|p1a: Zapdos|Pressure
|move|p2a: Skarmory|Defog|p1a: Zapdos
|-unboost|p1a: Zapdos|evasion|1
|-sideend|p2: Don Miguelo|Stealth Rock|[from] move: Defog|[of] p2a: Skarmory
|
|turn|14
|
|switch|p2a: Gliscor|Gliscor, F|352\/352 tox
|move|p1a: Zapdos|Heat Wave|p2a: Gliscor
|-damage|p2a: Gliscor|227\/352 tox
|
|-heal|p2a: Gliscor|271\/352 tox|[from] ability: Poison Heal
|turn|15
|
|switch|p1a: Keldeo|Keldeo|324\/324
|move|p2a: Gliscor|Toxic|p1a: Keldeo|[miss]
|-miss|p2a: Gliscor|p1a: Keldeo
|
|-heal|p2a: Gliscor|315\/352 tox|[from] ability: Poison Heal
|turn|16
|
|switch|p2a: Venusaur|Venusaur-Mega, M|363\/363
|move|p1a: Keldeo|Scald|p2a: Venusaur
|-resisted|p2a: Venusaur
|-damage|p2a: Venusaur|301\/363
|
|turn|17
|
|switch|p1a: Metagross|Metagross|208\/363
|switch|p2a: Gliscor|Gliscor, F|315\/352 tox
|
|-heal|p2a: Gliscor|352\/352 tox|[from] ability: Poison Heal
|turn|18
|
|switch|p1a: Garchomp|Garchomp, F|302\/420
|move|p2a: Gliscor|Earthquake|p1a: Garchomp
|-damage|p1a: Garchomp|226\/420
|
|turn|19
|
|move|p2a: Gliscor|Toxic|p1a: Garchomp
|-status|p1a: Garchomp|tox
|move|p1a: Garchomp|Stealth Rock|p2a: Gliscor
|-sidestart|p2: Don Miguelo|move: Stealth Rock
|
|-damage|p1a: Garchomp|200\/420 tox|[from] psn
|turn|20
|
|move|p2a: Gliscor|Earthquake|p1a: Garchomp
|-damage|p1a: Garchomp|112\/420 tox
|move|p1a: Garchomp|Roar|p2a: Gliscor
|drag|p2a: Mew|Mew|403\/403
|-damage|p2a: Mew|353\/403|[from] Stealth Rock
|
|-heal|p2a: Mew|378\/403|[from] item: Leftovers
|-damage|p1a: Garchomp|60\/420 tox|[from] psn
|turn|21
|
|move|p2a: Mew|Knock Off|p1a: Garchomp
|-damage|p1a: Garchomp|8\/420 tox
|-damage|p2a: Mew|328\/403|[from] ability: Rough Skin|[of] p1a: Garchomp
|-damage|p2a: Mew|261\/403|[from] item: Rocky Helmet|[of] p1a: Garchomp
|-enditem|p1a: Garchomp|Rocky Helmet|[from] move: Knock Off|[of] p2a: Mew
|move|p1a: Garchomp|Dragon Claw|p2a: Mew
|-damage|p2a: Mew|143\/403
|
|-heal|p2a: Mew|168\/403|[from] item: Leftovers
|-damage|p1a: Garchomp|0 fnt|[from] psn
|faint|p1a: Garchomp
|
|switch|p1a: Talonflame|Talonflame, F|297\/297
|turn|22
|
|switch|p2a: Heatran|Heatran, M|385\/385
|-damage|p2a: Heatran|337\/385|[from] Stealth Rock
|move|p1a: Talonflame|Swords Dance|p1a: Talonflame
|-boost|p1a: Talonflame|atk|2
|
|-heal|p2a: Heatran|361\/385|[from] item: Leftovers
|turn|23
|
|move|p1a: Talonflame|Swords Dance|p1a: Talonflame
|-boost|p1a: Talonflame|atk|2
|move|p2a: Heatran|Toxic|p1a: Talonflame
|-status|p1a: Talonflame|tox
|
|-heal|p2a: Heatran|385\/385|[from] item: Leftovers
|-damage|p1a: Talonflame|279\/297 tox|[from] psn
|turn|24
|
|move|p1a: Talonflame|Acrobatics|p2a: Heatran
|-crit|p2a: Heatran
|-resisted|p2a: Heatran
|-damage|p2a: Heatran|28\/385
|move|p2a: Heatran|Lava Plume|p1a: Talonflame
|-resisted|p1a: Talonflame
|-damage|p1a: Talonflame|195\/297 tox
|
|-heal|p2a: Heatran|52\/385|[from] item: Leftovers
|-damage|p1a: Talonflame|159\/297 tox|[from] psn
|turn|25
|
|move|p2a: Heatran|Protect|p2a: Heatran
|-singleturn|p2a: Heatran|Protect
|move|p1a: Talonflame|Acrobatics|p2a: Heatran
|-activate|p2a: Heatran|Protect
|
|-heal|p2a: Heatran|76\/385|[from] item: Leftovers
|-damage|p1a: Talonflame|105\/297 tox|[from] psn
|turn|26
|
|switch|p2a: Mew|Mew|168\/403
|-damage|p2a: Mew|118\/403|[from] Stealth Rock
|move|p1a: Talonflame|Acrobatics|p2a: Mew
|-damage|p2a: Mew|0 fnt
|faint|p2a: Mew
|
|-damage|p1a: Talonflame|33\/297 tox|[from] psn
|
|switch|p2a: Heatran|Heatran, M|76\/385
|-damage|p2a: Heatran|28\/385|[from] Stealth Rock
|turn|27
|
|move|p2a: Heatran|Protect|p2a: Heatran
|-singleturn|p2a: Heatran|Protect
|move|p1a: Talonflame|Roost|p1a: Talonflame
|-heal|p1a: Talonflame|182\/297 tox
|
|-heal|p2a: Heatran|52\/385|[from] item: Leftovers
|-damage|p1a: Talonflame|92\/297 tox|[from] psn
|turn|28
|
|move|p1a: Talonflame|Acrobatics|p2a: Heatran
|-resisted|p2a: Heatran
|-damage|p2a: Heatran|0 fnt
|faint|p2a: Heatran
|
|-damage|p1a: Talonflame|0 fnt|[from] psn
|faint|p1a: Talonflame
|
|switch|p1a: Manectric|Manectric, M|282\/282
|switch|p2a: Venusaur|Venusaur-Mega, M|301\/363
|-damage|p2a: Venusaur|256\/363|[from] Stealth Rock
|turn|29
|
|detailschange|p1a: Manectric|Manectric-Mega, M
|-mega|p1a: Manectric|Manectric|Manectite
|-ability|p1a: Manectric|Intimidate|[of] p2a: Venusaur
|-unboost|p2a: Venusaur|atk|1
|move|p1a: Manectric|Volt Switch|p2a: Venusaur
|-resisted|p2a: Venusaur
|-damage|p2a: Venusaur|199\/363
|
|switch|p1a: Metagross|Metagross|208\/363
|move|p2a: Venusaur|Synthesis|p2a: Venusaur
|-heal|p2a: Venusaur|363\/363
|
|turn|30
|
|switch|p2a: Skarmory|Skarmory, F|172\/333
|-damage|p2a: Skarmory|131\/333|[from] Stealth Rock
|switch|p1a: Manectric|Manectric-Mega, M|282\/282
|-ability|p1a: Manectric|Intimidate|[of] p2a: Skarmory
|-unboost|p2a: Skarmory|atk|1
|
|turn|31
|
|switch|p2a: Venusaur|Venusaur-Mega, M|363\/363
|-damage|p2a: Venusaur|318\/363|[from] Stealth Rock
|move|p1a: Manectric|Flamethrower|p2a: Venusaur
|-supereffective|p2a: Venusaur
|-damage|p2a: Venusaur|218\/363
|
|turn|32
|
|move|p1a: Manectric|Flamethrower|p2a: Venusaur
|-supereffective|p2a: Venusaur
|-damage|p2a: Venusaur|128\/363
|-status|p2a: Venusaur|brn
|move|p2a: Venusaur|Synthesis|p2a: Venusaur
|-heal|p2a: Venusaur|309\/363 brn
|
|-damage|p2a: Venusaur|264\/363 brn|[from] brn
|turn|33
|c|âDon Miguelo|lol
|c|âAleksPM|sorry =)
|
|move|p1a: Manectric|Volt Switch|p2a: Venusaur
|-resisted|p2a: Venusaur
|-damage|p2a: Venusaur|207\/363 brn
|
|switch|p1a: Metagross|Metagross|208\/363
|move|p2a: Venusaur|Giga Drain|p1a: Metagross
|-resisted|p1a: Metagross
|-damage|p1a: Metagross|173\/363
|-heal|p2a: Venusaur|225\/363 brn|[from] drain|[of] p1a: Metagross
|
|-damage|p2a: Venusaur|180\/363 brn|[from] brn
|turn|34
|
|move|p2a: Venusaur|Synthesis|p2a: Venusaur
|-heal|p2a: Venusaur|361\/363 brn
|move|p1a: Metagross|Meteor Mash|p2a: Venusaur
|-crit|p2a: Venusaur
|-damage|p2a: Venusaur|195\/363 brn
|
|-damage|p2a: Venusaur|150\/363 brn|[from] brn
|turn|35
|-message|Don Miguelo forfeited.
|leave|Don Miguelo
|c|âAleksPM|lol
|
|win|AleksPM
|raw|Ladder updating...
|player|p2
|raw|AleksPM's rating: 1486 &rarr; <strong>1505<\/strong><br \/>(+19 for winning)
|raw|Don Miguelo's rating: 1469 &rarr; <strong>1450<\/strong><br \/>(-19 for losing)