|J|Medulla
|J|sugarhigh
|player|p1|Medulla|266
|player|p2|sugarhigh|290
|gametype|singles
|gen|6
|tier|OU
|clearpoke
|poke|p1|Diancie
|poke|p1|Talonflame, M
|poke|p1|Latios, M
|poke|p1|Breloom, F
|poke|p1|Landorus-Therian, M
|poke|p1|Bisharp, F
|poke|p2|Dragalge, F
|poke|p2|Altaria, F
|poke|p2|Heatran, M
|poke|p2|Gliscor, M
|poke|p2|Tyranitar, M
|poke|p2|Celebi
|rule|Swagger Clause: Swagger is banned
|rule|Baton Pass Clause: Limit one PokÃ©mon knowing Baton Pass
|rule|Sleep Clause Mod: Limit one foe put to sleep
|rule|Species Clause: Limit one of each PokÃ©mon
|rule|OHKO Clause: OHKO moves are banned
|rule|Moody Clause: Moody is banned
|rule|Evasion Moves Clause: Evasion moves are banned
|rule|Endless Battle Clause: Forcing endless battles is banned
|rule|HP Percentage Mod: HP is shown in percentages
|teampreview
|c|âsugarhigh|hf
|J|the Jaiho
|J|Tesung
|
|start
|switch|p1a: Diancie|Diancie|241\/241
|switch|p2a: Heatran|Heatran, M|323\/323
|-item|p2a: Heatran|Air Balloon
|turn|1
|J|synchroniciteen
|
|detailschange|p1a: Diancie|Diancie-Mega
|-mega|p1a: Diancie|Diancie|Diancite
|move|p1a: Diancie|Protect|p1a: Diancie
|-singleturn|p1a: Diancie|Protect
|move|p2a: Heatran|Earth Power|p1a: Diancie
|-activate|p1a: Diancie|Protect
|
|turn|2
|
|switch|p1a: Talonflame|Talonflame, M|298\/298
|move|p2a: Heatran|Earth Power|p1a: Talonflame
|-immune|p1a: Talonflame|[msg]
|
|turn|3
|
|move|p1a: Talonflame|U-turn|p2a: Heatran
|-resisted|p2a: Heatran
|-damage|p2a: Heatran|302\/323
|-enditem|p2a: Heatran|Air Balloon
|
|switch|p1a: Diancie|Diancie-Mega|241\/241
|move|p2a: Heatran|Magma Storm|p1a: Diancie|[miss]
|-miss|p2a: Heatran|p1a: Diancie
|
|turn|4
|
|switch|p2a: Celebi|Celebi|402\/402
|move|p1a: Diancie|Moonblast|p2a: Celebi
|-damage|p2a: Celebi|231\/402
|
|-heal|p2a: Celebi|256\/402|[from] item: Leftovers
|turn|5
|
|switch|p1a: Landorus-Therian|Landorus-Therian, M|382\/382
|-ability|p1a: Landorus-Therian|Intimidate|[of] p2a: Celebi
|-unboost|p2a: Celebi|atk|1
|move|p2a: Celebi|Giga Drain|p1a: Landorus-Therian
|-damage|p1a: Landorus-Therian|292\/382
|-heal|p2a: Celebi|301\/402|[from] drain|[of] p1a: Landorus-Therian
|
|-heal|p1a: Landorus-Therian|315\/382|[from] item: Leftovers
|-heal|p2a: Celebi|326\/402|[from] item: Leftovers
|turn|6
|
|move|p1a: Landorus-Therian|U-turn|p2a: Celebi
|-supereffective|p2a: Celebi
|-damage|p2a: Celebi|62\/402
|
|switch|p1a: Talonflame|Talonflame, M|298\/298
|move|p2a: Celebi|Stealth Rock|p1a: Talonflame
|-sidestart|p1: Medulla|move: Stealth Rock
|
|-heal|p2a: Celebi|87\/402|[from] item: Leftovers
|turn|7
|
|switch|p2a: Heatran|Heatran, M|302\/323
|move|p1a: Talonflame|U-turn|p2a: Heatran
|-resisted|p2a: Heatran
|-damage|p2a: Heatran|279\/323
|
|switch|p1a: Landorus-Therian|Landorus-Therian, M|315\/382
|-damage|p1a: Landorus-Therian|268\/382|[from] Stealth Rock
|-ability|p1a: Landorus-Therian|Intimidate|[of] p2a: Heatran
|-unboost|p2a: Heatran|atk|1
|
|-heal|p1a: Landorus-Therian|291\/382|[from] item: Leftovers
|turn|8
|
|move|p2a: Heatran|Hidden Power|p1a: Landorus-Therian
|-supereffective|p1a: Landorus-Therian
|-damage|p1a: Landorus-Therian|0 fnt
|faint|p1a: Landorus-Therian
|
|
|switch|p1a: Latios|Latios, M|301\/301
|-damage|p1a: Latios|264\/301|[from] Stealth Rock
|turn|9
|
|switch|p2a: Tyranitar|Tyranitar, M|341\/341
|-weather|Sandstorm
|move|p1a: Latios|Earthquake|p2a: Tyranitar
|-supereffective|p2a: Tyranitar
|-damage|p2a: Tyranitar|175\/341
|-damage|p1a: Latios|234\/301|[from] item: Life Orb
|
|-weather|Sandstorm|[upkeep]
|-damage|p1a: Latios|216\/301|[from] sandstorm
|turn|10
|
|move|p2a: Tyranitar|Crunch|p1a: Latios
|-supereffective|p1a: Latios
|-damage|p1a: Latios|0 fnt
|faint|p1a: Latios
|
|-weather|Sandstorm|[upkeep]
|
|switch|p1a: Breloom|Breloom, F|262\/262
|-damage|p1a: Breloom|246\/262|[from] Stealth Rock
|turn|11
|J|Imanalt
|
|switch|p2a: Celebi|Celebi|87\/402
|move|p1a: Breloom|Bullet Seed|p2a: Celebi
|-resisted|p2a: Celebi
|-damage|p2a: Celebi|61\/402
|-resisted|p2a: Celebi
|-damage|p2a: Celebi|34\/402
|-resisted|p2a: Celebi
|-damage|p2a: Celebi|4\/402
|-hitcount|p2a: Celebi|3
|
|-weather|Sandstorm|[upkeep]
|-damage|p1a: Breloom|230\/262|[from] sandstorm
|-damage|p2a: Celebi|0 fnt|[from] sandstorm
|faint|p2a: Celebi
|
|switch|p2a: Heatran|Heatran, M|279\/323
|turn|12
|
|move|p1a: Breloom|Mach Punch|p2a: Heatran
|-supereffective|p2a: Heatran
|-damage|p2a: Heatran|87\/323
|move|p2a: Heatran|Magma Storm|p1a: Breloom
|-supereffective|p1a: Breloom
|-damage|p1a: Breloom|0 fnt
|faint|p1a: Breloom
|
|-weather|Sandstorm|[upkeep]
|
|switch|p1a: Diancie|Diancie-Mega|241\/241
|-damage|p1a: Diancie|211\/241|[from] Stealth Rock
|turn|13
|
|move|p1a: Diancie|Diamond Storm|p2a: Heatran
|-damage|p2a: Heatran|0 fnt
|-boost|p1a: Diancie|def|1
|faint|p2a: Heatran
|
|-weather|none
|
|switch|p2a: Dragalge|Dragalge, F|334\/334
|turn|14
|
|switch|p1a: Bisharp|Bisharp, F|272\/272
|-damage|p1a: Bisharp|255\/272|[from] Stealth Rock
|move|p2a: Dragalge|Sludge Wave|p1a: Bisharp
|-immune|p1a: Bisharp|[msg]
|
|turn|15
|J|Novaray
|
|switch|p2a: Altaria|Altaria, F|327\/327
|-ability|p2a: Altaria|Cloud Nine
|move|p1a: Bisharp|Knock Off|p2a: Altaria
|-damage|p2a: Altaria|170\/327
|-damage|p1a: Bisharp|228\/272|[from] item: Life Orb
|
|turn|16
|
|move|p1a: Bisharp|Iron Head|p2a: Altaria
|-crit|p2a: Altaria
|-damage|p2a: Altaria|0 fnt
|-damage|p1a: Bisharp|201\/272|[from] item: Life Orb
|faint|p2a: Altaria
|
|
|switch|p2a: Tyranitar|Tyranitar, M|175\/341
|-weather|Sandstorm
|turn|17
|
|switch|p1a: Talonflame|Talonflame, M|298\/298
|-damage|p1a: Talonflame|149\/298|[from] Stealth Rock
|move|p2a: Tyranitar|Superpower|p1a: Talonflame
|-resisted|p1a: Talonflame
|-damage|p1a: Talonflame|46\/298
|-unboost|p2a: Tyranitar|atk|1
|-unboost|p2a: Tyranitar|def|1
|
|-weather|Sandstorm|[upkeep]
|-damage|p1a: Talonflame|28\/298|[from] sandstorm
|turn|18
|c| Novaray|DRAGALGE
|c| Novaray|DRAGALGE
|
|switch|p2a: Dragalge|Dragalge, F|334\/334
|move|p1a: Talonflame|U-turn|p2a: Dragalge
|-resisted|p2a: Dragalge
|-damage|p2a: Dragalge|288\/334
|
|switch|p1a: Bisharp|Bisharp, F|201\/272
|-damage|p1a: Bisharp|184\/272|[from] Stealth Rock
|
|-weather|Sandstorm|[upkeep]
|-damage|p2a: Dragalge|268\/334|[from] sandstorm
|-heal|p2a: Dragalge|288\/334|[from] item: Black Sludge
|turn|19
|
|move|p1a: Bisharp|Iron Head|p2a: Dragalge
|-damage|p2a: Dragalge|93\/334
|-damage|p1a: Bisharp|157\/272|[from] item: Life Orb
|move|p2a: Dragalge|Hidden Power|p1a: Bisharp
|-supereffective|p1a: Bisharp
|-damage|p1a: Bisharp|0 fnt
|faint|p1a: Bisharp
|
|-weather|Sandstorm|[upkeep]
|-damage|p2a: Dragalge|73\/334|[from] sandstorm
|-heal|p2a: Dragalge|93\/334|[from] item: Black Sludge
|
|switch|p1a: Diancie|Diancie-Mega|211\/241
|-damage|p1a: Diancie|181\/241|[from] Stealth Rock
|turn|20
|
|move|p1a: Diancie|Diamond Storm|p2a: Dragalge
|-damage|p2a: Dragalge|0 fnt
|-boost|p1a: Diancie|def|1
|faint|p2a: Dragalge
|
|-weather|Sandstorm|[upkeep]
|
|switch|p2a: Gliscor|Gliscor, M|352\/352
|turn|21
|
|move|p1a: Diancie|Diamond Storm|p2a: Gliscor
|-crit|p2a: Gliscor
|-damage|p2a: Gliscor|138\/352
|move|p2a: Gliscor|Earthquake|p1a: Diancie
|-supereffective|p1a: Diancie
|-damage|p1a: Diancie|17\/241
|
|-weather|none
|-status|p2a: Gliscor|tox|[from] item: Toxic Orb
|turn|22
|
|move|p1a: Diancie|Moonblast|p2a: Gliscor
|-damage|p2a: Gliscor|0 fnt
|faint|p2a: Gliscor
|
|
|switch|p2a: Tyranitar|Tyranitar, M|175\/341
|-weather|Sandstorm
|turn|23
|c|âMedulla|gg
|c|âsugarhigh|gg bud
|c|âMedulla|gl in future rounds
|c|âsugarhigh|thx man
|c|âMedulla|srry if i seem unchill for not wanting to link
|c|âMedulla|but
|c|âMedulla|its a r1 match up
|c|âMedulla|u know
|
|move|p2a: Tyranitar|Superpower|p1a: Diancie
|-crit|p1a: Diancie
|-damage|p1a: Diancie|0 fnt
|-unboost|p2a: Tyranitar|atk|1
|-unboost|p2a: Tyranitar|def|1
|faint|p1a: Diancie
|
|-weather|Sandstorm|[upkeep]
|c|âsugarhigh|y i get it
|c|âsugarhigh|haha
|
|switch|p1a: Talonflame|Talonflame, M|28\/298
|-damage|p1a: Talonflame|0 fnt|[from] Stealth Rock
|faint|p1a: Talonflame
|
|win|sugarhigh
|L|synchroniciteen
|c|âMedulla|peace brotha
|L|Medulla
|player|p1
|c|âsugarhigh|peace m8