|join|medulla
|join|Adaranoy
|player|p1|medulla|101
|player|p2|Adaranoy|170
|gametype|singles
|gen|6
|tier|OU
|rated
|clearpoke
|poke|p1|Diancie
|poke|p1|Garchomp, M
|poke|p1|Talonflame, M
|poke|p1|Bisharp, M
|poke|p1|Latios, M
|poke|p1|Rotom-Wash
|poke|p2|Thundurus, M
|poke|p2|Heracross, M
|poke|p2|Gothitelle, F
|poke|p2|Heatran, F
|poke|p2|Porygon2
|poke|p2|Excadrill, F
|rule|Swagger Clause: Swagger is banned
|rule|Baton Pass Clause: Limit one PokÃ©mon knowing Baton Pass
|rule|Sleep Clause Mod: Limit one foe put to sleep
|rule|Species Clause: Limit one of each PokÃ©mon
|rule|OHKO Clause: OHKO moves are banned
|rule|Moody Clause: Moody is banned
|rule|Evasion Moves Clause: Evasion moves are banned
|rule|Endless Battle Clause: Forcing endless battles is banned
|rule|HP Percentage Mod: HP is shown in percentages
|teampreview
|join|AmbipomFan69
|
|start
|switch|p1a: Diancie|Diancie|304\/304
|switch|p2a: Heracross|Heracross, M|301\/301
|turn|1
|
|detailschange|p2a: Heracross|Heracross-Mega, M
|-mega|p2a: Heracross|Heracross|Heracronite
|detailschange|p1a: Diancie|Diancie-Mega
|-mega|p1a: Diancie|Diancie|Diancite
|move|p1a: Diancie|Protect|p1a: Diancie
|-singleturn|p1a: Diancie|Protect
|move|p2a: Heracross|Bullet Seed|p1a: Diancie
|-activate|p1a: Diancie|Protect
|
|turn|2
|
|switch|p2a: Excadrill|Excadrill, F|361\/361
|-ability|p2a: Excadrill|Mold Breaker
|move|p1a: Diancie|Moonblast|p2a: Excadrill
|-resisted|p2a: Excadrill
|-damage|p2a: Excadrill|234\/361
|-unboost|p2a: Excadrill|spa|1
|
|turn|3
|
|move|p1a: Diancie|Protect|p1a: Diancie
|-singleturn|p1a: Diancie|Protect
|move|p2a: Excadrill|Earthquake|p1a: Diancie
|-activate|p1a: Diancie|Protect
|
|turn|4
|
|switch|p2a: Heatran|Heatran, F|368\/368
|switch|p1a: Talonflame|Talonflame, M|297\/297
|
|turn|5
|
|move|p1a: Talonflame|U-turn|p2a: Heatran
|-resisted|p2a: Heatran
|-damage|p2a: Heatran|345\/368
|
|switch|p1a: Latios|Latios, M|301\/301
|move|p2a: Heatran|Flash Cannon|p1a: Latios
|-damage|p1a: Latios|184\/301
|
|-heal|p2a: Heatran|368\/368|[from] item: Leftovers
|turn|6
|c| AmbipomFan69|slow
|leave|AmbipomFan69
|
|move|p1a: Latios|Earthquake|p2a: Heatran
|-supereffective|p2a: Heatran
|-damage|p2a: Heatran|0 fnt
|-damage|p1a: Latios|154\/301|[from] item: Life Orb
|faint|p2a: Heatran
|
|c|âmedulla|mad
|
|switch|p2a: Thundurus|Thundurus, M|299\/299
|turn|7
|
|switch|p1a: Rotom-Wash|Rotom-Wash|241\/241
|move|p2a: Thundurus|Knock Off|p1a: Rotom-Wash
|-damage|p1a: Rotom-Wash|151\/241
|-enditem|p1a: Rotom-Wash|Choice Scarf|[from] move: Knock Off|[of] p2a: Thundurus
|
|turn|8
|
|switch|p2a: Porygon2|Porygon2|374\/374
|-ability|p2a: Porygon2|Levitate|[from] ability: Trace|[of] p1a: Rotom-Wash
|move|p1a: Rotom-Wash|Volt Switch|p2a: Porygon2
|-damage|p2a: Porygon2|305\/374
|
|switch|p1a: Diancie|Diancie-Mega|304\/304
|
|turn|9
|
|move|p1a: Diancie|Moonblast|p2a: Porygon2
|-damage|p2a: Porygon2|205\/374
|move|p2a: Porygon2|Foul Play|p1a: Diancie
|-resisted|p1a: Diancie
|-damage|p1a: Diancie|247\/304
|
|turn|10
|
|move|p1a: Diancie|Diamond Storm|p2a: Porygon2
|-damage|p2a: Porygon2|100\/374
|-boost|p1a: Diancie|def|1
|move|p2a: Porygon2|Recover|p2a: Porygon2
|-heal|p2a: Porygon2|287\/374
|
|turn|11
|
|move|p1a: Diancie|Moonblast|p2a: Porygon2
|-damage|p2a: Porygon2|170\/374
|-unboost|p2a: Porygon2|spa|1
|move|p2a: Porygon2|Ice Beam|p1a: Diancie
|-damage|p1a: Diancie|203\/304
|
|turn|12
|
|switch|p1a: Bisharp|Bisharp, M|271\/271
|move|p2a: Porygon2|Recover|p2a: Porygon2
|-heal|p2a: Porygon2|357\/374
|
|turn|13
|
|switch|p2a: Heracross|Heracross-Mega, M|301\/301
|move|p1a: Bisharp|Knock Off|p2a: Heracross
|-resisted|p2a: Heracross
|-damage|p2a: Heracross|239\/301
|-damage|p1a: Bisharp|244\/271|[from] item: Life Orb
|
|turn|14
|
|switch|p1a: Talonflame|Talonflame, M|297\/297
|move|p2a: Heracross|Rock Blast|p1a: Talonflame
|-supereffective|p1a: Talonflame
|-damage|p1a: Talonflame|97\/297
|-crit|p1a: Talonflame
|-supereffective|p1a: Talonflame
|-damage|p1a: Talonflame|0 fnt
|-hitcount|p1a: Talonflame|2
|faint|p1a: Talonflame
|
|
|switch|p1a: Garchomp|Garchomp, M|357\/357
|turn|15
|
|switch|p2a: Porygon2|Porygon2|357\/374
|-ability|p2a: Porygon2|Rough Skin|[from] ability: Trace|[of] p1a: Garchomp
|move|p1a: Garchomp|Stealth Rock|p2a: Porygon2
|-sidestart|p2: Adaranoy|move: Stealth Rock
|
|turn|16
|
|switch|p1a: Rotom-Wash|Rotom-Wash|151\/241
|move|p2a: Porygon2|Ice Beam|p1a: Rotom-Wash
|-resisted|p1a: Rotom-Wash
|-damage|p1a: Rotom-Wash|113\/241
|
|turn|17
|
|move|p1a: Rotom-Wash|Trick|p2a: Porygon2
|-activate|p1a: Rotom-Wash|move: Trick|[of] p2a: Porygon2
|-item|p1a: Rotom-Wash|Eviolite|[from] move: Trick
|move|p2a: Porygon2|Toxic|p1a: Rotom-Wash
|-status|p1a: Rotom-Wash|tox
|
|-damage|p1a: Rotom-Wash|98\/241 tox|[from] psn
|turn|18
|
|switch|p2a: Excadrill|Excadrill, F|234\/361
|-damage|p2a: Excadrill|223\/361|[from] Stealth Rock
|-ability|p2a: Excadrill|Mold Breaker
|move|p1a: Rotom-Wash|Volt Switch|p2a: Excadrill
|-immune|p2a: Excadrill|[msg]
|
|-damage|p1a: Rotom-Wash|68\/241 tox|[from] psn
|turn|19
|
|switch|p1a: Garchomp|Garchomp, M|357\/357
|move|p2a: Excadrill|Rapid Spin|p1a: Garchomp
|-damage|p1a: Garchomp|326\/357
|-damage|p2a: Excadrill|178\/361|[from] ability: Rough Skin|[of] p1a: Garchomp
|-damage|p2a: Excadrill|118\/361|[from] item: Rocky Helmet|[of] p1a: Garchomp
|-sideend|p2: Adaranoy|Stealth Rock|[from] move: Rapid Spin|[of] p2a: Excadrill
|
|turn|20
|
|switch|p2a: Thundurus|Thundurus, M|299\/299
|move|p1a: Garchomp|Stealth Rock|p2a: Thundurus
|-sidestart|p2: Adaranoy|move: Stealth Rock
|
|turn|21
|
|switch|p1a: Rotom-Wash|Rotom-Wash|68\/241 tox
|move|p2a: Thundurus|Hidden Power|p1a: Rotom-Wash
|-resisted|p1a: Rotom-Wash
|-damage|p1a: Rotom-Wash|38\/241 tox
|
|-damage|p1a: Rotom-Wash|23\/241 tox|[from] psn
|turn|22
|
|move|p2a: Thundurus|Knock Off|p1a: Rotom-Wash
|-damage|p1a: Rotom-Wash|0 fnt
|-enditem|p1a: Rotom-Wash|Eviolite|[from] move: Knock Off|[of] p2a: Thundurus
|faint|p1a: Rotom-Wash
|
|
|switch|p1a: Bisharp|Bisharp, M|244\/271
|turn|23
|
|move|p2a: Thundurus|Superpower|p1a: Bisharp
|-supereffective|p1a: Bisharp
|-damage|p1a: Bisharp|0 fnt
|-unboost|p2a: Thundurus|atk|1
|-unboost|p2a: Thundurus|def|1
|faint|p1a: Bisharp
|
|
|switch|p1a: Garchomp|Garchomp, M|326\/357
|turn|24
|
|move|p2a: Thundurus|Hidden Power|p1a: Garchomp
|-supereffective|p1a: Garchomp
|-damage|p1a: Garchomp|0 fnt
|faint|p1a: Garchomp
|
|
|switch|p1a: Diancie|Diancie-Mega|203\/304
|turn|25
|c|âAdaranoy|gg
|
|switch|p2a: Porygon2|Porygon2|357\/374
|-damage|p2a: Porygon2|311\/374|[from] Stealth Rock
|-ability|p2a: Porygon2|Magic Bounce|[from] ability: Trace|[of] p1a: Diancie
|move|p1a: Diancie|Diamond Storm|p2a: Porygon2
|-damage|p2a: Porygon2|152\/374
|-boost|p1a: Diancie|def|1
|
|turn|26
|
|move|p1a: Diancie|Diamond Storm|p2a: Porygon2
|-miss|p1a: Diancie|p2a: Porygon2
|move|p2a: Porygon2|Ice Beam|p1a: Diancie
|-damage|p1a: Diancie|135\/304
|
|turn|27
|
|move|p1a: Diancie|Diamond Storm|p2a: Porygon2
|-damage|p2a: Porygon2|1\/374
|-boost|p1a: Diancie|def|1
|move|p2a: Porygon2|Ice Beam|p1a: Diancie
|-damage|p1a: Diancie|67\/304
|
|turn|28
|c|âmedulla|gg
|
|move|p1a: Diancie|Moonblast|p2a: Porygon2
|-damage|p2a: Porygon2|0 fnt
|faint|p2a: Porygon2
|
|-message|medulla forfeited.
|leave|medulla
|
|switch|p2a: Excadrill|Excadrill, F|118\/361
|-damage|p2a: Excadrill|107\/361|[from] Stealth Rock
|-ability|p2a: Excadrill|Mold Breaker
|turn|29
|
|win|Adaranoy
|raw|Ladder updating...
|raw|medulla's rating: 1660 &rarr; <strong>1631<\/strong><br \/>(-29 for losing)
|raw|Adaranoy's rating: 1502 &rarr; <strong>1531<\/strong><br \/>(+29 for winning)
|player|p1