|join|Medulla
|join|Ranzay
|player|p1|Medulla|101
|player|p2|Ranzay|101
|gametype|singles
|gen|6
|tier|OU (suspect test)
|rated
|clearpoke
|poke|p1|Latias, F
|poke|p1|Bisharp, M
|poke|p1|Breloom, F
|poke|p1|Gengar, M
|poke|p1|Clefable, F
|poke|p1|Landorus-Therian, M
|poke|p2|Bisharp, M
|poke|p2|Tyranitar, F
|poke|p2|Latias, F
|poke|p2|Landorus-Therian, M
|poke|p2|Keldeo
|poke|p2|Clefable, F
|rule|Swagger Clause: Swagger is banned
|rule|Baton Pass Clause: Limit one PokÃ©mon knowing Baton Pass
|rule|Sleep Clause Mod: Limit one foe put to sleep
|rule|Species Clause: Limit one of each PokÃ©mon
|rule|OHKO Clause: OHKO moves are banned
|rule|Moody Clause: Moody is banned
|rule|Evasion Moves Clause: Evasion moves are banned
|rule|Endless Battle Clause: Forcing endless battles is banned
|rule|HP Percentage Mod: HP is shown in percentages
|teampreview
|
|start
|switch|p1a: Breloom|Breloom, F|261\/261
|switch|p2a: Landorus-Therian|Landorus-Therian, M|319\/319
|-ability|p2a: Landorus-Therian|Intimidate|[of] p1a: Breloom
|-unboost|p1a: Breloom|atk|1
|turn|1
|
|move|p2a: Landorus-Therian|Knock Off|p1a: Breloom
|-resisted|p1a: Breloom
|-damage|p1a: Breloom|183\/261
|-enditem|p1a: Breloom|Focus Sash|[from] move: Knock Off|[of] p2a: Landorus-Therian
|move|p1a: Breloom|Spore|p2a: Landorus-Therian
|-status|p2a: Landorus-Therian|slp
|
|turn|2
|
|switch|p2a: Clefable|Clefable, F|391\/391
|switch|p1a: Gengar|Gengar, M|261\/261
|
|turn|3
|
|move|p1a: Gengar|Substitute|p1a: Gengar
|-start|p1a: Gengar|Substitute
|-damage|p1a: Gengar|196\/261
|move|p2a: Clefable|Stealth Rock|p1a: Gengar
|-sidestart|p1: Medulla|move: Stealth Rock
|
|turn|4
|
|move|p1a: Gengar|Sludge Wave|p2a: Clefable
|-supereffective|p2a: Clefable
|-damage|p2a: Clefable|56\/391
|-damage|p1a: Gengar|170\/261|[from] item: Life Orb
|move|p2a: Clefable|Moonblast|p1a: Gengar
|-resisted|p1a: Gengar
|-end|p1a: Gengar|Substitute
|
|-heal|p2a: Clefable|80\/391|[from] item: Leftovers
|turn|5
|
|switch|p2a: Tyranitar|Tyranitar, F|404\/404
|-weather|Sandstorm
|move|p1a: Gengar|Sludge Wave|p2a: Tyranitar
|-resisted|p2a: Tyranitar
|-damage|p2a: Tyranitar|352\/404
|-damage|p1a: Gengar|144\/261|[from] item: Life Orb
|
|-weather|Sandstorm|[upkeep]
|-damage|p1a: Gengar|128\/261|[from] sandstorm
|turn|6
|
|switch|p2a: Clefable|Clefable, F|80\/391
|move|p1a: Gengar|Focus Blast|p2a: Clefable
|-resisted|p2a: Clefable
|-damage|p2a: Clefable|5\/391
|-damage|p1a: Gengar|102\/261|[from] item: Life Orb
|
|-weather|Sandstorm|[upkeep]
|-damage|p1a: Gengar|86\/261|[from] sandstorm
|-heal|p2a: Clefable|29\/391|[from] item: Leftovers
|turn|7
|
|move|p1a: Gengar|Shadow Ball|p2a: Clefable
|-damage|p2a: Clefable|0 fnt
|-damage|p1a: Gengar|60\/261|[from] item: Life Orb
|faint|p2a: Clefable
|
|-weather|Sandstorm|[upkeep]
|-damage|p1a: Gengar|44\/261|[from] sandstorm
|
|switch|p2a: Bisharp|Bisharp, M|289\/289
|turn|8
|
|switch|p1a: Breloom|Breloom, F|183\/261
|-damage|p1a: Breloom|167\/261|[from] Stealth Rock
|move|p2a: Bisharp|Sucker Punch|p1a: Breloom
|-fail|p1a: Breloom
|
|-weather|Sandstorm|[upkeep]
|-damage|p1a: Breloom|151\/261|[from] sandstorm
|turn|9
|
|switch|p1a: Bisharp|Bisharp, M|271\/271
|-damage|p1a: Bisharp|255\/271|[from] Stealth Rock
|switch|p2a: Latias|Latias, F|301\/301
|
|-weather|none
|turn|10
|
|move|p1a: Bisharp|Pursuit|p2a: Latias|[from]Pursuit
|-supereffective|p2a: Latias
|-damage|p2a: Latias|0 fnt
|-damage|p1a: Bisharp|228\/271|[from] item: Life Orb
|faint|p2a: Latias
|
|
|switch|p2a: Keldeo|Keldeo|323\/323
|turn|11
|
|switch|p1a: Clefable|Clefable, F|394\/394
|move|p2a: Keldeo|Hydro Pump|p1a: Clefable
|-damage|p1a: Clefable|129\/394
|
|-heal|p1a: Clefable|153\/394|[from] item: Leftovers
|turn|12
|
|switch|p1a: Latias|Latias, F|364\/364
|-damage|p1a: Latias|319\/364|[from] Stealth Rock
|move|p2a: Keldeo|Hydro Pump|p1a: Latias
|-resisted|p1a: Latias
|-damage|p1a: Latias|195\/364
|
|turn|13
|
|switch|p1a: Breloom|Breloom, F|151\/261
|-damage|p1a: Breloom|135\/261|[from] Stealth Rock
|switch|p2a: Tyranitar|Tyranitar, F|352\/404
|-weather|Sandstorm
|
|-weather|Sandstorm|[upkeep]
|-damage|p1a: Breloom|119\/261|[from] sandstorm
|turn|14
|
|switch|p2a: Landorus-Therian|Landorus-Therian, M|319\/319 slp
|-ability|p2a: Landorus-Therian|Intimidate|[of] p1a: Breloom
|-unboost|p1a: Breloom|atk|1
|move|p1a: Breloom|Mach Punch|p2a: Landorus-Therian
|-resisted|p2a: Landorus-Therian
|-damage|p2a: Landorus-Therian|278\/319 slp
|
|-weather|Sandstorm|[upkeep]
|-damage|p1a: Breloom|103\/261|[from] sandstorm
|turn|15
|
|cant|p2a: Landorus-Therian|slp
|move|p1a: Breloom|Bullet Seed|p2a: Landorus-Therian
|-damage|p2a: Landorus-Therian|229\/319 slp
|-damage|p2a: Landorus-Therian|178\/319 slp
|-damage|p2a: Landorus-Therian|133\/319 slp
|-damage|p2a: Landorus-Therian|88\/319 slp
|-hitcount|p2a: Landorus-Therian|4
|
|-weather|Sandstorm|[upkeep]
|-damage|p1a: Breloom|87\/261|[from] sandstorm
|turn|16
|
|switch|p1a: Gengar|Gengar, M|44\/261
|-damage|p1a: Gengar|12\/261|[from] Stealth Rock
|cant|p2a: Landorus-Therian|slp
|
|-weather|Sandstorm|[upkeep]
|-damage|p1a: Gengar|0 fnt|[from] sandstorm
|faint|p1a: Gengar
|
|switch|p1a: Bisharp|Bisharp, M|228\/271
|-damage|p1a: Bisharp|212\/271|[from] Stealth Rock
|turn|17
|
|switch|p2a: Keldeo|Keldeo|323\/323
|move|p1a: Bisharp|Sucker Punch|p2a: Keldeo
|-fail|p2a: Keldeo
|
|-weather|none
|turn|18
|
|switch|p1a: Clefable|Clefable, F|153\/394
|move|p2a: Keldeo|Icy Wind|p1a: Clefable
|-damage|p1a: Clefable|70\/394
|-unboost|p1a: Clefable|spe|1
|
|-heal|p1a: Clefable|94\/394|[from] item: Leftovers
|turn|19
|
|switch|p2a: Bisharp|Bisharp, M|289\/289
|move|p1a: Clefable|Healing Wish|p1a: Clefable
|faint|p1a: Clefable
|
|
|switch|p1a: Breloom|Breloom, F|87\/261
|-heal|p1a: Breloom|261\/261|[from] move: Healing Wish
|-damage|p1a: Breloom|245\/261|[from] Stealth Rock
|turn|20
|
|switch|p2a: Landorus-Therian|Landorus-Therian, M|88\/319 slp
|-ability|p2a: Landorus-Therian|Intimidate|[of] p1a: Breloom
|-unboost|p1a: Breloom|atk|1
|move|p1a: Breloom|Mach Punch|p2a: Landorus-Therian
|-resisted|p2a: Landorus-Therian
|-damage|p2a: Landorus-Therian|52\/319 slp
|
|turn|21
|
|switch|p2a: Bisharp|Bisharp, M|289\/289
|move|p1a: Breloom|Bullet Seed|p2a: Bisharp
|-resisted|p2a: Bisharp
|-damage|p2a: Bisharp|268\/289
|-crit|p2a: Bisharp
|-resisted|p2a: Bisharp
|-damage|p2a: Bisharp|220\/289
|-resisted|p2a: Bisharp
|-damage|p2a: Bisharp|196\/289
|-hitcount|p2a: Bisharp|3
|
|turn|22
|
|switch|p2a: Landorus-Therian|Landorus-Therian, M|52\/319 slp
|-ability|p2a: Landorus-Therian|Intimidate|[of] p1a: Breloom
|-unboost|p1a: Breloom|atk|1
|move|p1a: Breloom|Mach Punch|p2a: Landorus-Therian
|-resisted|p2a: Landorus-Therian
|-damage|p2a: Landorus-Therian|24\/319 slp
|
|turn|23
|
|move|p1a: Breloom|Mach Punch|p2a: Landorus-Therian
|-resisted|p2a: Landorus-Therian
|-damage|p2a: Landorus-Therian|0 fnt
|faint|p2a: Landorus-Therian
|
|
|switch|p2a: Keldeo|Keldeo|323\/323
|turn|24
|
|switch|p1a: Latias|Latias, F|195\/364
|-damage|p1a: Latias|150\/364|[from] Stealth Rock
|move|p2a: Keldeo|Icy Wind|p1a: Latias
|-crit|p1a: Latias
|-supereffective|p1a: Latias
|-damage|p1a: Latias|0 fnt
|faint|p1a: Latias
|
|
|switch|p1a: Bisharp|Bisharp, M|212\/271
|-damage|p1a: Bisharp|196\/271|[from] Stealth Rock
|turn|25
|
|switch|p2a: Tyranitar|Tyranitar, F|352\/404
|-weather|Sandstorm
|move|p1a: Bisharp|Iron Head|p2a: Tyranitar
|-supereffective|p2a: Tyranitar
|-damage|p2a: Tyranitar|37\/404
|-damage|p1a: Bisharp|169\/271|[from] item: Life Orb
|
|-weather|Sandstorm|[upkeep]
|turn|26
|
|detailschange|p2a: Tyranitar|Tyranitar-Mega, F
|-mega|p2a: Tyranitar|Tyranitar|Tyranitarite
|move|p1a: Bisharp|Iron Head|p2a: Tyranitar
|-supereffective|p2a: Tyranitar
|-damage|p2a: Tyranitar|0 fnt
|-damage|p1a: Bisharp|142\/271|[from] item: Life Orb
|faint|p2a: Tyranitar
|
|-weather|Sandstorm|[upkeep]
|
|switch|p2a: Bisharp|Bisharp, M|196\/289
|turn|27
|
|move|p1a: Bisharp|Knock Off|p2a: Bisharp
|-resisted|p2a: Bisharp
|-damage|p2a: Bisharp|79\/289
|-enditem|p2a: Bisharp|Lum Berry|[from] move: Knock Off|[of] p1a: Bisharp
|-damage|p1a: Bisharp|115\/271|[from] item: Life Orb
|move|p2a: Bisharp|Low Kick|p1a: Bisharp
|-supereffective|p1a: Bisharp
|-damage|p1a: Bisharp|0 fnt
|faint|p1a: Bisharp
|
|-weather|Sandstorm|[upkeep]
|
|switch|p1a: Breloom|Breloom, F|245\/261
|-damage|p1a: Breloom|229\/261|[from] Stealth Rock
|turn|28
|
|move|p1a: Breloom|Mach Punch|p2a: Bisharp
|-supereffective|p2a: Bisharp
|-damage|p2a: Bisharp|0 fnt
|faint|p2a: Bisharp
|
|-weather|Sandstorm|[upkeep]
|-damage|p1a: Breloom|213\/261|[from] sandstorm
|
|switch|p2a: Keldeo|Keldeo|323\/323
|turn|29
|
|move|p1a: Breloom|Mach Punch|p2a: Keldeo
|-damage|p2a: Keldeo|197\/323
|move|p2a: Keldeo|Icy Wind|p1a: Breloom
|-supereffective|p1a: Breloom
|-damage|p1a: Breloom|0 fnt
|faint|p1a: Breloom
|
|-weather|none
|
|switch|p1a: Landorus-Therian|Landorus-Therian, M|319\/319
|-damage|p1a: Landorus-Therian|280\/319|[from] Stealth Rock
|-ability|p1a: Landorus-Therian|Intimidate|[of] p2a: Keldeo
|-unboost|p2a: Keldeo|atk|1
|turn|30
|
|move|p1a: Landorus-Therian|Earthquake|p2a: Keldeo
|-damage|p2a: Keldeo|0 fnt
|faint|p2a: Keldeo
|
|win|Medulla
|raw|Ladder updating...
|raw|Medulla's rating: 1397 &rarr; <strong>1413<\/strong><br \/>(+16 for winning)
|raw|Ranzay's rating: 1321 &rarr; <strong>1305<\/strong><br \/>(-16 for losing)
|c|âRanzay|gg