|inactive|Battle timer is ON: inactive players will automatically lose when time's up.
|J|Soulgazer
|J|Medulla
|player|p1|Soulgazer|4
|player|p2|Medulla|169
|gametype|singles
|gen|4
|tier|[Gen 4] UU
|rule|Sleep Clause Mod: Limit one foe put to sleep
|rule|Species Clause: Limit one of each PokÃ©mon
|rule|OHKO Clause: OHKO moves are banned
|rule|Moody Clause: Moody is banned
|rule|Evasion Moves Clause: Evasion moves are banned
|rule|Endless Battle Clause: Forcing endless battles is banned
|rule|HP Percentage Mod: HP is shown in percentages
|
|start
|switch|p1a: Snover|Snover, M|261\/261
|switch|p2a: Nidoqueen|Nidoqueen, F|384\/384
|-weather|Hail|[from] ability: Snow Warning|[of] p1a: Snover
|turn|1
|c|âMedulla|gl
|J|cbt
|c|âSoulgazer|u2
|
|move|p1a: Snover|Blizzard|p2a: Nidoqueen
|-crit|p2a: Nidoqueen
|-supereffective|p2a: Nidoqueen
|-damage|p2a: Nidoqueen|0 fnt
|faint|p2a: Nidoqueen
|
|-weather|Hail|[upkeep]
|c|âSoulgazer|.-.
|
|switch|p2a: Charizard|Charizard, F|297\/297
|turn|2
|c|âMedulla|flamethrower
|c|âMedulla|.cry
|
|move|p2a: Charizard|Sunny Day|p2a: Charizard
|-weather|SunnyDay
|move|p1a: Snover|Blizzard|p2a: Charizard
|-damage|p2a: Charizard|132\/297
|
|-weather|SunnyDay|[upkeep]
|turn|3
|
|move|p1a: Snover|Protect|p1a: Snover
|-singleturn|p1a: Snover|Protect
|move|p2a: Charizard|Fire Blast|p1a: Snover
|-activate|p1a: Snover|Protect
|
|-weather|SunnyDay|[upkeep]
|turn|4
|J|El-Soldier
|
|switch|p1a: Glalie|Glalie, M|301\/301
|move|p2a: Charizard|Fire Blast|p1a: Glalie
|-supereffective|p1a: Glalie
|-damage|p1a: Glalie|0 fnt
|faint|p1a: Glalie
|
|-weather|SunnyDay|[upkeep]
|
|switch|p1a: Jynx|Jynx, F|271\/271
|-activate|p1a: Jynx|ability: Forewarn|Solar Beam|p2a: Charizard
|turn|5
|
|switch|p1a: Snover|Snover, M|261\/261
|-weather|Hail|[from] ability: Snow Warning|[of] p1a: Snover
|move|p2a: Charizard|Fire Blast|p1a: Snover
|-crit|p1a: Snover
|-supereffective|p1a: Snover
|-enditem|p1a: Snover|Focus Sash
|-damage|p1a: Snover|1\/261
|
|-weather|Hail|[upkeep]
|-damage|p2a: Charizard|114\/297|[from] hail
|turn|6
|J|flcl
|
|move|p2a: Charizard|Sunny Day|p2a: Charizard
|-weather|SunnyDay
|move|p1a: Snover|Toxic|p2a: Charizard
|-status|p2a: Charizard|tox
|
|-weather|SunnyDay|[upkeep]
|-damage|p2a: Charizard|96\/297 tox|[from] psn
|turn|7
|
|switch|p2a: Tauros|Tauros, M|312\/312
|-ability|p2a: Tauros|Intimidate|[of] p1a: Snover
|-unboost|p1a: Snover|atk|1
|move|p1a: Snover|Protect|p1a: Snover
|-fail|p1a: Snover
|
|-weather|SunnyDay|[upkeep]
|turn|8
|
|move|p1a: Snover|Protect|p1a: Snover
|-singleturn|p1a: Snover|Protect
|move|p2a: Tauros|Pursuit|p1a: Snover
|-activate|p1a: Snover|Protect
|
|-weather|SunnyDay|[upkeep]
|turn|9
|
|move|p1a: Snover|Protect|p1a: Snover
|-singleturn|p1a: Snover|Protect
|move|p2a: Tauros|Pursuit|p1a: Snover
|-activate|p1a: Snover|Protect
|
|-weather|SunnyDay|[upkeep]
|turn|10
|
|move|p1a: Snover|Protect|p1a: Snover
|-fail|p1a: Snover
|move|p2a: Tauros|Pursuit|p1a: Snover
|-damage|p1a: Snover|0 fnt
|faint|p1a: Snover
|
|-weather|SunnyDay|[upkeep]
|
|switch|p1a: Nidoqueen|Nidoqueen, F|384\/384
|turn|11
|J|innovamania
|
|switch|p2a: Sandslash|Sandslash, M|291\/291
|move|p1a: Nidoqueen|Stealth Rock|p2a: Sandslash
|-sidestart|p2: Medulla|move: Stealth Rock
|
|-weather|SunnyDay|[upkeep]
|turn|12
|
|move|p2a: Sandslash|Rapid Spin|p1a: Nidoqueen
|-crit|p1a: Nidoqueen
|-damage|p1a: Nidoqueen|345\/384
|-sideend|p2: Medulla|Stealth Rock|[from] move: Rapid Spin|[of] p2a: Sandslash
|move|p1a: Nidoqueen|Toxic Spikes|p2a: Sandslash
|-sidestart|p2: Medulla|move: Toxic Spikes
|
|-weather|SunnyDay|[upkeep]
|-heal|p1a: Nidoqueen|369\/384|[from] item: Black Sludge
|turn|13
|
|switch|p2a: Charizard|Charizard, F|96\/297 tox
|move|p1a: Nidoqueen|Stealth Rock|p2a: Charizard
|-sidestart|p2: Medulla|move: Stealth Rock
|
|-weather|none
|-heal|p1a: Nidoqueen|384\/384|[from] item: Black Sludge
|-damage|p2a: Charizard|78\/297 tox|[from] psn
|turn|14
|
|move|p2a: Charizard|Sunny Day|p2a: Charizard
|-weather|SunnyDay
|move|p1a: Nidoqueen|Earthquake|p2a: Charizard
|-immune|p2a: Charizard|[msg]
|
|-weather|SunnyDay|[upkeep]
|-damage|p2a: Charizard|42\/297 tox|[from] psn
|turn|15
|
|move|p2a: Charizard|Fire Blast|p1a: Nidoqueen|[miss]
|-miss|p2a: Charizard|p1a: Nidoqueen
|move|p1a: Nidoqueen|Earthquake|p2a: Charizard
|-immune|p2a: Charizard|[msg]
|
|-weather|SunnyDay|[upkeep]
|-damage|p2a: Charizard|0 fnt|[from] psn
|faint|p2a: Charizard
|
|switch|p2a: Sandslash|Sandslash, M|291\/291
|-status|p2a: Sandslash|psn
|-damage|p2a: Sandslash|273\/291 psn|[from] Stealth Rock
|turn|16
|
|switch|p1a: Walrein|Walrein, F|361\/361
|move|p2a: Sandslash|Earthquake|p1a: Walrein
|-damage|p1a: Walrein|187\/361
|
|-weather|SunnyDay|[upkeep]
|-heal|p1a: Walrein|209\/361|[from] item: Leftovers
|-damage|p2a: Sandslash|237\/291 psn|[from] psn
|turn|17
|
|switch|p2a: Tauros|Tauros, M|312\/312
|-status|p2a: Tauros|psn
|-damage|p2a: Tauros|273\/312 psn|[from] Stealth Rock
|-ability|p2a: Tauros|Intimidate|[of] p1a: Walrein
|-unboost|p1a: Walrein|atk|1
|move|p1a: Walrein|Protect|p1a: Walrein
|-fail|p1a: Walrein
|
|-weather|SunnyDay|[upkeep]
|-heal|p1a: Walrein|231\/361|[from] item: Leftovers
|-damage|p2a: Tauros|234\/312 psn|[from] psn
|turn|18
|
|switch|p2a: Sandslash|Sandslash, M|237\/291 psn
|-damage|p2a: Sandslash|219\/291 psn|[from] Stealth Rock
|move|p1a: Walrein|Protect|p1a: Walrein
|-fail|p1a: Walrein
|
|-weather|SunnyDay|[upkeep]
|-heal|p1a: Walrein|253\/361|[from] item: Leftovers
|-damage|p2a: Sandslash|183\/291 psn|[from] psn
|turn|19
|
|move|p1a: Walrein|Protect|p1a: Walrein
|-singleturn|p1a: Walrein|Protect
|move|p2a: Sandslash|Rapid Spin|p1a: Walrein
|-activate|p1a: Walrein|Protect
|
|-weather|SunnyDay|[upkeep]
|-heal|p1a: Walrein|275\/361|[from] item: Leftovers
|-damage|p2a: Sandslash|147\/291 psn|[from] psn
|turn|20
|
|move|p2a: Sandslash|Rapid Spin|p1a: Walrein
|-damage|p1a: Walrein|253\/361
|-sideend|p2: Medulla|Toxic Spikes|[from] move: Rapid Spin|[of] p2a: Sandslash
|-sideend|p2: Medulla|Stealth Rock|[from] move: Rapid Spin|[of] p2a: Sandslash
|move|p1a: Walrein|Substitute|p1a: Walrein
|-start|p1a: Walrein|Substitute
|-damage|p1a: Walrein|163\/361
|
|-weather|SunnyDay|[upkeep]
|-heal|p1a: Walrein|185\/361|[from] item: Leftovers
|-damage|p2a: Sandslash|111\/291 psn|[from] psn
|turn|21
|
|switch|p2a: Shiftry|Shiftry, F|321\/321
|move|p1a: Walrein|Surf|p2a: Shiftry
|-resisted|p2a: Shiftry
|-damage|p2a: Shiftry|263\/321
|
|-weather|none
|-heal|p1a: Walrein|207\/361|[from] item: Leftovers
|turn|22
|
|move|p2a: Shiftry|Seed Bomb|p1a: Walrein
|-supereffective|p1a: Walrein
|-end|p1a: Walrein|Substitute
|move|p1a: Walrein|Blizzard|p2a: Shiftry
|-miss|p1a: Walrein|p2a: Shiftry
|
|-heal|p1a: Walrein|229\/361|[from] item: Leftovers
|turn|23
|
|switch|p2a: Sandslash|Sandslash, M|111\/291 psn
|move|p1a: Walrein|Blizzard|p2a: Sandslash
|-supereffective|p2a: Sandslash
|-damage|p2a: Sandslash|0 fnt
|faint|p2a: Sandslash
|
|-heal|p1a: Walrein|251\/361|[from] item: Leftovers
|
|switch|p2a: Shiftry|Shiftry, F|263\/321
|turn|24
|
|move|p2a: Shiftry|Seed Bomb|p1a: Walrein
|-supereffective|p1a: Walrein
|-damage|p1a: Walrein|0 fnt
|-damage|p2a: Shiftry|231\/321|[from] item: Life Orb
|faint|p1a: Walrein
|
|
|switch|p1a: Glaceon|Glaceon, M|271\/271
|turn|25
|
|move|p2a: Shiftry|Sucker Punch|p1a: Glaceon
|-damage|p1a: Glaceon|102\/271
|-damage|p2a: Shiftry|199\/321|[from] item: Life Orb
|move|p1a: Glaceon|Ice Beam|p2a: Shiftry
|-supereffective|p2a: Shiftry
|-damage|p2a: Shiftry|0 fnt
|faint|p2a: Shiftry
|
|
|switch|p2a: Gardevoir|Gardevoir, F|277\/277
|-ability|p2a: Gardevoir|Snow Cloak|[from] ability: Trace|[of] p1a: Glaceon
|turn|26
|
|move|p1a: Glaceon|Ice Beam|p2a: Gardevoir
|-damage|p2a: Gardevoir|126\/277
|move|p2a: Gardevoir|Psychic|p1a: Glaceon
|-damage|p1a: Glaceon|0 fnt
|faint|p1a: Glaceon
|
|
|switch|p1a: Jynx|Jynx, F|271\/271
|-activate|p1a: Jynx|ability: Forewarn|Psychic|p2a: Gardevoir
|turn|27
|
|switch|p2a: Tauros|Tauros, M|234\/312 psn
|-ability|p2a: Tauros|Intimidate|[of] p1a: Jynx
|-unboost|p1a: Jynx|atk|1
|move|p1a: Jynx|Blizzard|p2a: Tauros
|-damage|p2a: Tauros|0 fnt
|faint|p2a: Tauros
|
|
|switch|p2a: Gardevoir|Gardevoir, F|126\/277
|-activate|p2a: Gardevoir|ability: Forewarn|Focus Blast|p1a: Jynx
|-ability|p2a: Gardevoir|Forewarn|[from] ability: Trace|[of] p1a: Jynx
|turn|28
|
|move|p1a: Jynx|Blizzard|p2a: Gardevoir
|-miss|p1a: Jynx|p2a: Gardevoir
|move|p2a: Gardevoir|Psychic|p1a: Jynx
|-resisted|p1a: Jynx
|-damage|p1a: Jynx|149\/271
|
|turn|29
|
|move|p1a: Jynx|Blizzard|p2a: Gardevoir
|-damage|p2a: Gardevoir|0 fnt
|faint|p2a: Gardevoir
|
|win|Soulgazer
|c|âMedulla|gg
|c|âSoulgazer|gg
|L|flcl
|L|Soulgazer
|player|p1
|L|Medulla
|player|p2
|J|flcl
|L|flcl
|J|MTVJam
|J|Soulgazer
|c| MTVJam|bg
|L|Soulgazer
|L|El-Soldier
|L|MTVJam
|J|MTVJam
|L|MTVJam
|J|Omfuga