|join|gkuugu
|join|ZappyBoy
|player|p1|gkuugu|102
|player|p2|ZappyBoy|156
|gametype|singles
|gen|6
|tier|ORAS OU
|rated
|rule|Sleep Clause Mod: Limit one foe put to sleep
|rule|Species Clause: Limit one of each PokÃ©mon
|rule|OHKO Clause: OHKO moves are banned
|rule|Moody Clause: Moody is banned
|rule|Evasion Moves Clause: Evasion moves are banned
|rule|Endless Battle Clause: Forcing endless battles is banned
|rule|HP Percentage Mod: HP is shown in percentages
|clearpoke
|poke|p1|Steelix, M, shiny
|poke|p1|Cresselia, F, shiny
|poke|p1|Blissey, F, shiny
|poke|p1|Goodra, F, shiny
|poke|p1|Rhyperior, M, shiny
|poke|p1|Ferrothorn, M, shiny
|poke|p2|Salamence, F
|poke|p2|Swampert, F, shiny
|poke|p2|Breloom, M
|poke|p2|Rotom-Wash
|poke|p2|Greninja, M
|poke|p2|Scizor, F
|rule|Swagger Clause: Swagger is banned
|rule|Baton Pass Clause: Limit one PokÃ©mon knowing Baton Pass
|teampreview
|
|start
|switch|p1a: Steelix|Steelix, M, shiny|354\/354
|switch|p2a: Salamence|Salamence, F|331\/331
|turn|1
|
|detailschange|p1a: Steelix|Steelix-Mega, M, shiny
|message|Steelix has Mega Evolved into Mega Steelix!
|move|p2a: Salamence|Fire Blast|p1a: Steelix
|-supereffective|p1a: Steelix
|-damage|p1a: Steelix|166\/354
|move|p1a: Steelix|Stealth Rock|p2a: Salamence
|-sidestart|p2: ZappyBoy|move: Stealth Rock
|
|turn|2
|
|switch|p1a: Cresselia|Cresselia, F, shiny|444\/444
|move|p2a: Salamence|Fire Blast|p1a: Cresselia
|-damage|p1a: Cresselia|365\/444
|
|-heal|p1a: Cresselia|392\/444|[from] item: Leftovers
|turn|3
|
|switch|p2a: Rotom-Wash|Rotom-Wash|304\/304
|-damage|p2a: Rotom-Wash|266\/304|[from] Stealth Rock
|move|p1a: Cresselia|Thunder Wave|p2a: Rotom-Wash
|-fail|p2a: Rotom-Wash
|
|-heal|p2a: Rotom-Wash|285\/304|[from] item: Leftovers
|-heal|p1a: Cresselia|419\/444|[from] item: Leftovers
|turn|4
|
|move|p2a: Rotom-Wash|Will-O-Wisp|p1a: Cresselia
|-status|p1a: Cresselia|brn
|move|p1a: Cresselia|Psychic|p2a: Rotom-Wash
|-damage|p2a: Rotom-Wash|198\/304
|-unboost|p2a: Rotom-Wash|spd|1
|
|-heal|p2a: Rotom-Wash|217\/304|[from] item: Leftovers
|-heal|p1a: Cresselia|444\/444 brn|[from] item: Leftovers
|-damage|p1a: Cresselia|389\/444 brn|[from] brn
|turn|5
|
|move|p2a: Rotom-Wash|Volt Switch|p1a: Cresselia
|-damage|p1a: Cresselia|322\/444 brn
|
|switch|p2a: Scizor|Scizor, F|281\/281
|-damage|p2a: Scizor|246\/281|[from] Stealth Rock
|move|p1a: Cresselia|Thunder Wave|p2a: Scizor
|-status|p2a: Scizor|par
|
|-heal|p1a: Cresselia|349\/444 brn|[from] item: Leftovers
|-heal|p2a: Scizor|263\/281 par|[from] item: Leftovers
|-damage|p1a: Cresselia|294\/444 brn|[from] brn
|turn|6
|
|switch|p1a: Rhyperior|Rhyperior, M, shiny|434\/434
|move|p2a: Scizor|Knock Off|p1a: Rhyperior
|-damage|p1a: Rhyperior|371\/434
|-enditem|p1a: Rhyperior|Leftovers|[from] move: Knock Off|[of] p2a: Scizor
|
|-heal|p2a: Scizor|280\/281 par|[from] item: Leftovers
|turn|7
|
|move|p1a: Rhyperior|Earthquake|p2a: Scizor
|-damage|p2a: Scizor|118\/281 par
|move|p2a: Scizor|Roost|p2a: Scizor
|-heal|p2a: Scizor|259\/281 par
|
|-heal|p2a: Scizor|276\/281 par|[from] item: Leftovers
|turn|8
|
|move|p1a: Rhyperior|Earthquake|p2a: Scizor
|-damage|p2a: Scizor|122\/281 par
|move|p2a: Scizor|Defog|p1a: Rhyperior
|-unboost|p1a: Rhyperior|evasion|1
|-sideend|p2: ZappyBoy|Stealth Rock|[from] move: Defog|[of] p2a: Scizor
|
|-heal|p2a: Scizor|139\/281 par|[from] item: Leftovers
|turn|9
|
|switch|p2a: Rotom-Wash|Rotom-Wash|217\/304
|move|p1a: Rhyperior|Earthquake|p2a: Rotom-Wash
|-immune|p2a: Rotom-Wash|[msg]
|
|-heal|p2a: Rotom-Wash|236\/304|[from] item: Leftovers
|turn|10
|
|switch|p1a: Blissey|Blissey, F, shiny|714\/714
|move|p2a: Rotom-Wash|Hydro Pump|p1a: Blissey|[miss]
|-miss|p2a: Rotom-Wash|p1a: Blissey
|
|-heal|p2a: Rotom-Wash|255\/304|[from] item: Leftovers
|turn|11
|
|move|p2a: Rotom-Wash|Volt Switch|p1a: Blissey
|-damage|p1a: Blissey|663\/714
|
|switch|p2a: Scizor|Scizor, F|139\/281 par
|move|p1a: Blissey|Wish|p1a: Blissey
|
|-heal|p1a: Blissey|707\/714|[from] item: Leftovers
|-heal|p2a: Scizor|156\/281 par|[from] item: Leftovers
|turn|12
|
|switch|p1a: Steelix|Steelix-Mega, M, shiny|166\/354
|cant|p2a: Scizor|par
|
|-heal|p1a: Steelix|354\/354|[from] move: Wish|[wisher] Blissey
|-heal|p2a: Scizor|173\/281 par|[from] item: Leftovers
|turn|13
|
|switch|p2a: Rotom-Wash|Rotom-Wash|255\/304
|move|p1a: Steelix|Stealth Rock|p2a: Rotom-Wash
|-sidestart|p2: ZappyBoy|move: Stealth Rock
|
|-heal|p2a: Rotom-Wash|274\/304|[from] item: Leftovers
|turn|14
|
|switch|p1a: Blissey|Blissey, F, shiny|707\/714
|move|p2a: Rotom-Wash|Will-O-Wisp|p1a: Blissey
|-status|p1a: Blissey|brn
|
|-heal|p2a: Rotom-Wash|293\/304|[from] item: Leftovers
|-heal|p1a: Blissey|714\/714 brn|[from] item: Leftovers
|-damage|p1a: Blissey|625\/714 brn|[from] brn
|turn|15
|
|move|p2a: Rotom-Wash|Volt Switch|p1a: Blissey
|-damage|p1a: Blissey|574\/714 brn
|
|switch|p2a: Scizor|Scizor, F|173\/281 par
|-damage|p2a: Scizor|138\/281 par|[from] Stealth Rock
|move|p1a: Blissey|Heal Bell|p1a: Blissey
|-cureteam|p1a: Blissey|[from] move: HealBell
|
|-heal|p1a: Blissey|618\/714|[from] item: Leftovers
|-heal|p2a: Scizor|155\/281 par|[from] item: Leftovers
|turn|16
|
|switch|p1a: Rhyperior|Rhyperior, M, shiny|371\/434
|move|p2a: Scizor|Defog|p1a: Rhyperior
|-unboost|p1a: Rhyperior|evasion|1
|-sideend|p2: ZappyBoy|Stealth Rock|[from] move: Defog|[of] p2a: Scizor
|
|-heal|p2a: Scizor|172\/281 par|[from] item: Leftovers
|turn|17
|
|switch|p2a: Rotom-Wash|Rotom-Wash|293\/304
|move|p1a: Rhyperior|Stone Edge|p2a: Rotom-Wash|[miss]
|-miss|p1a: Rhyperior|p2a: Rotom-Wash
|
|-heal|p2a: Rotom-Wash|304\/304|[from] item: Leftovers
|turn|18
|
|switch|p1a: Ferrothorn|Ferrothorn, M, shiny|352\/352
|move|p2a: Rotom-Wash|Volt Switch|p1a: Ferrothorn
|-resisted|p1a: Ferrothorn
|-damage|p1a: Ferrothorn|324\/352
|
|switch|p2a: Breloom|Breloom, M|262\/262
|
|-heal|p1a: Ferrothorn|346\/352|[from] item: Leftovers
|turn|19
|
|move|p2a: Breloom|Mach Punch|p1a: Ferrothorn
|-supereffective|p1a: Ferrothorn
|-damage|p1a: Ferrothorn|172\/352
|-damage|p2a: Breloom|230\/262|[from] ability: Iron Barbs|[of] p1a: Ferrothorn
|move|p1a: Ferrothorn|Thunder Wave|p2a: Breloom
|-status|p2a: Breloom|par
|
|-heal|p1a: Ferrothorn|194\/352|[from] item: Leftovers
|turn|20
|
|switch|p1a: Cresselia|Cresselia, F, shiny|294\/444
|cant|p2a: Breloom|par
|
|-heal|p1a: Cresselia|321\/444|[from] item: Leftovers
|turn|21
|
|switch|p2a: Greninja|Greninja, M|286\/286
|move|p1a: Cresselia|Psychic|p2a: Greninja
|-immune|p2a: Greninja|[msg]
|
|-heal|p1a: Cresselia|348\/444|[from] item: Leftovers
|turn|22
|
|switch|p1a: Ferrothorn|Ferrothorn, M, shiny|194\/352
|move|p2a: Greninja|Dark Pulse|p1a: Ferrothorn
|-start|p2a: Greninja|typechange|Dark|[from] Protean
|-damage|p1a: Ferrothorn|91\/352
|-damage|p2a: Greninja|258\/286|[from] item: Life Orb
|
|-heal|p1a: Ferrothorn|113\/352|[from] item: Leftovers
|turn|23
|
|move|p2a: Greninja|Ice Beam|p1a: Ferrothorn
|-start|p2a: Greninja|typechange|Ice|[from] Protean
|-damage|p1a: Ferrothorn|0 fnt
|-damage|p2a: Greninja|230\/286|[from] item: Life Orb
|faint|p1a: Ferrothorn
|
|
|switch|p1a: Goodra|Goodra, F, shiny|384\/384
|turn|24
|c|âZappyBoy|who the fuck battles with 6 fucking walls in one team
|-message|ZappyBoy forfeited.
|
|win|gkuugu
|raw|Ladder updating...
|leave|ZappyBoy
|player|p2
|raw|gkuugu's rating: 1265 &rarr; <strong>1294<\/strong><br \/>(+29 for winning)
|raw|ZappyBoy's rating: 1323 &rarr; <strong>1300<\/strong><br \/>(-23 for losing)