|join|ZappyBoy
|join|keroluxray
|player|p1|ZappyBoy|156
|player|p2|keroluxray|126
|gametype|singles
|gen|6
|tier|OU
|rated
|clearpoke
|poke|p1|Tyranitar, F, shiny
|poke|p1|Excadrill, F
|poke|p1|Thundurus, M, shiny
|poke|p1|Breloom, F
|poke|p1|Diancie
|poke|p1|Pinsir, F, shiny
|poke|p2|Medicham, F
|poke|p2|Raikou
|poke|p2|Scizor, M
|poke|p2|Landorus-Therian, M
|poke|p2|Heatran, F
|poke|p2|Azumarill, F
|rule|Swagger Clause: Swagger is banned
|rule|Baton Pass Clause: Limit one PokÃ©mon knowing Baton Pass
|rule|Sleep Clause Mod: Limit one foe put to sleep
|rule|Species Clause: Limit one of each PokÃ©mon
|rule|OHKO Clause: OHKO moves are banned
|rule|Moody Clause: Moody is banned
|rule|Evasion Moves Clause: Evasion moves are banned
|rule|Endless Battle Clause: Forcing endless battles is banned
|rule|HP Percentage Mod: HP is shown in percentages
|teampreview
|
|start
|switch|p1a: Pinmadame|Pinsir, F, shiny|271\/271
|switch|p2a: Medicham|Medicham, F|261\/261
|turn|1
|
|detailschange|p1a: Pinmadame|Pinsir-Mega, F, shiny
|message|Pinsir has Mega Evolved into Mega Pinsir!
|detailschange|p2a: Medicham|Medicham-Mega, F
|message|Medicham has Mega Evolved into Mega Medicham!
|move|p2a: Medicham|Fake Out|p1a: Pinmadame
|-damage|p1a: Pinmadame|208\/271
|cant|p1a: Pinmadame|flinch
|
|turn|2
|
|switch|p2a: Landorus-Therian|Landorus-Therian, M|319\/319
|-ability|p2a: Landorus-Therian|Intimidate|[of] p1a: Pinmadame
|-unboost|p1a: Pinmadame|atk|1
|move|p1a: Pinmadame|Return|p2a: Landorus-Therian
|-damage|p2a: Landorus-Therian|106\/319
|
|turn|3
|c|âZappyBoy|lol im just thinking how fast it will take mega salamence to get banned xD
|
|move|p2a: Landorus-Therian|U-turn|p1a: Pinmadame
|-resisted|p1a: Pinmadame
|-damage|p1a: Pinmadame|168\/271
|
|switch|p2a: Azumarill|Azumarill, F|391\/391
|move|p1a: Pinmadame|Return|p2a: Azumarill
|-damage|p2a: Azumarill|193\/391
|
|-heal|p2a: Azumarill|217\/391|[from] item: Leftovers
|turn|4
|
|move|p1a: Pinmadame|Return|p2a: Azumarill
|-damage|p2a: Azumarill|24\/391
|move|p2a: Azumarill|Whirlpool|p1a: Pinmadame
|-damage|p1a: Pinmadame|138\/271
|-activate|p1a: Pinmadame|move: Whirlpool|[of] p2a: Azumarill
|
|-heal|p2a: Azumarill|48\/391|[from] item: Leftovers
|-damage|p1a: Pinmadame|105\/271|[from] move: Whirlpool|[partiallytrapped]
|turn|5
|
|move|p2a: Azumarill|Protect|p2a: Azumarill
|-singleturn|p2a: Azumarill|Protect
|move|p1a: Pinmadame|Feint|p2a: Azumarill
|-damage|p2a: Azumarill|0 fnt
|faint|p2a: Azumarill
|
|-end|p1a: Pinmadame|Whirlpool|[partiallytrapped]
|
|switch|p2a: Landorus-Therian|Landorus-Therian, M|106\/319
|-ability|p2a: Landorus-Therian|Intimidate|[of] p1a: Pinmadame
|-unboost|p1a: Pinmadame|atk|1
|turn|6
|
|switch|p1a: Goddesszillaaa|Tyranitar, F, shiny|342\/342
|-weather|Sandstorm
|move|p2a: Landorus-Therian|Rock Slide|p1a: Goddesszillaaa
|-damage|p1a: Goddesszillaaa|242\/342
|
|-weather|Sandstorm|[upkeep]
|turn|7
|
|move|p2a: Landorus-Therian|Rock Slide|p1a: Goddesszillaaa
|-damage|p1a: Goddesszillaaa|152\/342
|move|p1a: Goddesszillaaa|Dark Pulse|p2a: Landorus-Therian
|-damage|p2a: Landorus-Therian|0 fnt
|faint|p2a: Landorus-Therian
|
|-weather|Sandstorm|[upkeep]
|
|switch|p2a: Scizor|Scizor, M|343\/343
|turn|8
|
|move|p2a: Scizor|Bullet Punch|p1a: Goddesszillaaa
|-supereffective|p1a: Goddesszillaaa
|-damage|p1a: Goddesszillaaa|0 fnt
|faint|p1a: Goddesszillaaa
|
|-weather|Sandstorm|[upkeep]
|
|switch|p1a: Excadrill|Excadrill, F|362\/362
|turn|9
|
|move|p2a: Scizor|Bullet Punch|p1a: Excadrill
|-crit|p1a: Excadrill
|-resisted|p1a: Excadrill
|-damage|p1a: Excadrill|177\/362
|move|p1a: Excadrill|Earthquake|p2a: Scizor
|-damage|p2a: Scizor|125\/343
|-damage|p1a: Excadrill|141\/362|[from] item: Life Orb
|
|-weather|Sandstorm|[upkeep]
|turn|10
|
|move|p2a: Scizor|Bullet Punch|p1a: Excadrill
|-resisted|p1a: Excadrill
|-damage|p1a: Excadrill|12\/362
|move|p1a: Excadrill|Earthquake|p2a: Scizor
|-damage|p2a: Scizor|0 fnt
|-damage|p1a: Excadrill|0 fnt|[from] item: Life Orb
|faint|p2a: Scizor
|faint|p1a: Excadrill
|
|-weather|none
|
|switch|p2a: Raikou|Raikou|321\/321
|switch|p1a: Diancie|Diancie|295\/295
|-ability|p2a: Raikou|Pressure
|turn|11
|
|move|p2a: Raikou|Volt Switch|p1a: Diancie
|-damage|p1a: Diancie|168\/295
|
|switch|p2a: Heatran|Heatran, F|323\/323
|move|p1a: Diancie|Diamond Storm|p2a: Heatran
|-damage|p2a: Heatran|157\/323
|
|-heal|p1a: Diancie|186\/295|[from] item: Leftovers
|turn|12
|
|move|p2a: Heatran|Flash Cannon|p1a: Diancie
|-supereffective|p1a: Diancie
|-damage|p1a: Diancie|0 fnt
|faint|p1a: Diancie
|
|
|switch|p1a: Sroooms|Breloom, F|262\/262
|turn|13
|
|switch|p2a: Medicham|Medicham-Mega, F|261\/261
|move|p1a: Sroooms|Mach Punch|p2a: Medicham
|-resisted|p2a: Medicham
|-damage|p2a: Medicham|191\/261
|
|turn|14
|
|move|p2a: Medicham|Fake Out|p1a: Sroooms
|-damage|p1a: Sroooms|170\/262
|cant|p1a: Sroooms|flinch
|
|turn|15
|
|move|p1a: Sroooms|Mach Punch|p2a: Medicham
|-resisted|p2a: Medicham
|-damage|p2a: Medicham|121\/261
|move|p2a: Medicham|Psycho Cut|p1a: Sroooms
|-supereffective|p1a: Sroooms
|-damage|p1a: Sroooms|0 fnt
|faint|p1a: Sroooms
|
|
|switch|p1a: Pinmadame|Pinsir-Mega, F, shiny|105\/271
|turn|16
|
|move|p1a: Pinmadame|Return|p2a: Medicham
|-supereffective|p2a: Medicham
|-damage|p2a: Medicham|0 fnt
|faint|p2a: Medicham
|
|
|switch|p2a: Raikou|Raikou|321\/321
|-ability|p2a: Raikou|Pressure
|turn|17
|
|move|p1a: Pinmadame|Feint|p2a: Raikou
|-resisted|p2a: Raikou
|-damage|p2a: Raikou|269\/321
|move|p2a: Raikou|Thunderbolt|p1a: Pinmadame
|-supereffective|p1a: Pinmadame
|-damage|p1a: Pinmadame|0 fnt
|faint|p1a: Pinmadame
|
|
|switch|p1a: Thundasura|Thundurus, M, shiny|300\/300
|turn|18
|
|move|p2a: Raikou|Thunderbolt|p1a: Thundasura
|-damage|p1a: Thundasura|30\/300
|move|p1a: Thundasura|Focus Blast|p2a: Raikou
|-damage|p2a: Raikou|90\/321
|-unboost|p2a: Raikou|spd|1
|-damage|p1a: Thundasura|0 fnt|[from] item: Life Orb
|faint|p1a: Thundasura
|
|win|keroluxray
|raw|Ladder updating...
|raw|ZappyBoy's rating: 1618 &rarr; <strong>1598<\/strong><br \/>(-20 for losing)
|raw|keroluxray's rating: 1621 &rarr; <strong>1641<\/strong><br \/>(+20 for winning)
|c|âkeroluxray|gg
|c|âZappyBoy|gg
|leave|ZappyBoy
|player|p1