|join|Dragon Stone
|join|ZappyBoy
|player|p1|Dragon Stone|290
|player|p2|ZappyBoy|2
|gametype|singles
|gen|6
|tier|OU
|rated
|clearpoke
|poke|p1|Hydreigon, M
|poke|p1|Azumarill, M
|poke|p1|Thundurus, M
|poke|p1|Aegislash, M
|poke|p1|Bisharp, M
|poke|p1|Diggersby, M
|poke|p2|Aegislash, M, shiny
|poke|p2|Conkeldurr, M
|poke|p2|Talonflame, F
|poke|p2|Infernape, M
|poke|p2|Landorus, M
|poke|p2|Ditto
|rule|Sleep Clause Mod: Limit one foe put to sleep
|rule|Species Clause: Limit one of each Pokemon
|rule|OHKO Clause: OHKO moves are banned
|rule|Moody Clause: Moody is banned
|rule|Evasion Moves Clause: Evasion moves are banned
|rule|Endless Battle Clause: Forcing endless battles is banned.
|rule|HP Percentage Mod: HP is reported as percentages
|teampreview
|
|start
|switch|p1a: Hydra|Hydreigon, M|325\/325
|switch|p2a: ApeShit|Infernape, M|262\/262
|turn|1
|
|switch|p1a: Knight|Aegislash, M|324\/324
|move|p2a: ApeShit|Stealth Rock|p1a: Knight
|-sidestart|p1: Dragon Stone|move: Stealth Rock
|
|turn|2
|
|move|p2a: ApeShit|Fire Blast|p1a: Knight
|-supereffective|p1a: Knight
|-damage|p1a: Knight|76\/324
|-status|p1a: Knight|brn
|-formechange|p1a: Knight|Aegislash-Blade
|move|p1a: Knight|Shadow Ball|p2a: ApeShit
|-enditem|p2a: ApeShit|Focus Sash
|-damage|p2a: ApeShit|1\/262
|
|-heal|p1a: Knight|96\/324 brn|[from] item: Leftovers
|-damage|p1a: Knight|56\/324 brn|[from] brn
|turn|3
|
|switch|p2a: FuckinLandlord|Landorus, M|320\/320
|move|p1a: Knight|Flash Cannon|p2a: FuckinLandlord
|-damage|p2a: FuckinLandlord|127\/320
|
|-heal|p1a: Knight|76\/324 brn|[from] item: Leftovers
|-damage|p1a: Knight|36\/324 brn|[from] brn
|turn|4
|
|move|p2a: FuckinLandlord|Earth Power|p1a: Knight
|-supereffective|p1a: Knight
|-damage|p1a: Knight|0 fnt
|faint|p1a: Knight
|
|
|switch|p1a: Bishop|Bisharp, M|334\/334
|-damage|p1a: Bishop|314\/334|[from] Stealth Rock
|turn|5
|
|switch|p2a: ApeShit|Infernape, M|1\/262
|move|p1a: Bishop|Stealth Rock|p2a: ApeShit
|-sidestart|p2: ZappyBoy|move: Stealth Rock
|
|-heal|p1a: Bishop|334\/334|[from] item: Leftovers
|turn|6
|
|switch|p1a: Ozzy|Azumarill, M|403\/403
|-damage|p1a: Ozzy|353\/403|[from] Stealth Rock
|move|p2a: ApeShit|Vacuum Wave|p1a: Ozzy
|-resisted|p1a: Ozzy
|-damage|p1a: Ozzy|327\/403
|
|turn|7
|
|move|p1a: Ozzy|Aqua Jet|p2a: ApeShit
|-supereffective|p2a: ApeShit
|-damage|p2a: ApeShit|0 fnt
|faint|p2a: ApeShit
|
|
|switch|p2a: DoUevenLiftBruh?|Conkeldurr, M|377\/377
|-damage|p2a: DoUevenLiftBruh?|354\/377|[from] Stealth Rock
|turn|8
|
|move|p2a: DoUevenLiftBruh?|Poison Jab|p1a: Ozzy
|-supereffective|p1a: Ozzy
|-damage|p1a: Ozzy|53\/403
|move|p1a: Ozzy|Play Rough|p2a: DoUevenLiftBruh?
|-supereffective|p2a: DoUevenLiftBruh?
|-damage|p2a: DoUevenLiftBruh?|0 fnt
|faint|p2a: DoUevenLiftBruh?
|
|
|switch|p2a: Galonflame|Talonflame, F|360\/360
|-damage|p2a: Galonflame|180\/360|[from] Stealth Rock
|turn|9
|
|move|p2a: Galonflame|Brave Bird|p1a: Ozzy
|-damage|p1a: Ozzy|0 fnt
|-damage|p2a: Galonflame|163\/360|[from] recoil|[of] p1a: Ozzy
|faint|p1a: Ozzy
|
|-heal|p2a: Galonflame|185\/360|[from] item: Leftovers
|
|switch|p1a: Bishop|Bisharp, M|334\/334
|-damage|p1a: Bishop|314\/334|[from] Stealth Rock
|turn|10
|
|move|p2a: Galonflame|Will-O-Wisp|p1a: Bishop
|-status|p1a: Bishop|brn
|move|p1a: Bishop|Knock Off|p2a: Galonflame
|-damage|p2a: Galonflame|88\/360
|-enditem|p2a: Galonflame|Leftovers|[from] move: Knock Off|[of] p1a: Bishop
|
|-heal|p1a: Bishop|334\/334 brn|[from] item: Leftovers
|-damage|p1a: Bishop|293\/334 brn|[from] brn
|turn|11
|
|switch|p1a: Hydra|Hydreigon, M|325\/325
|-damage|p1a: Hydra|285\/325|[from] Stealth Rock
|move|p2a: Galonflame|Roost|p2a: Galonflame
|-heal|p2a: Galonflame|268\/360
|
|turn|12
|
|move|p2a: Galonflame|Brave Bird|p1a: Hydra
|-damage|p1a: Hydra|111\/325
|-damage|p2a: Galonflame|211\/360|[from] recoil|[of] p1a: Hydra
|move|p1a: Hydra|Dark Pulse|p2a: Galonflame
|-damage|p2a: Galonflame|0 fnt
|-damage|p1a: Hydra|79\/325|[from] item: Life Orb
|faint|p2a: Galonflame
|
|
|switch|p2a: FuckinLandlord|Landorus, M|127\/320
|-damage|p2a: FuckinLandlord|87\/320|[from] Stealth Rock
|turn|13
|
|move|p2a: FuckinLandlord|Sludge Wave|p1a: Hydra
|-damage|p1a: Hydra|0 fnt
|faint|p1a: Hydra
|
|
|switch|p1a: Bugs Bunny|Diggersby, M|312\/312
|-damage|p1a: Bugs Bunny|293\/312|[from] Stealth Rock
|turn|14
|
|move|p1a: Bugs Bunny|Quick Attack|p2a: FuckinLandlord
|-damage|p2a: FuckinLandlord|0 fnt
|-damage|p1a: Bugs Bunny|262\/312|[from] item: Life Orb
|faint|p2a: FuckinLandlord
|
|
|switch|p2a: FailedMewClone|Ditto|299\/299
|-damage|p2a: FailedMewClone|262\/299|[from] Stealth Rock
|-transform|p2a: FailedMewClone|p1a: Bugs Bunny
|turn|15
|
|move|p1a: Bugs Bunny|Quick Attack|p2a: FailedMewClone
|-damage|p2a: FailedMewClone|128\/299
|-damage|p1a: Bugs Bunny|231\/312|[from] item: Life Orb
|move|p2a: FailedMewClone|Return|p1a: Bugs Bunny
|-damage|p1a: Bugs Bunny|0 fnt
|faint|p1a: Bugs Bunny
|
|
|switch|p1a: Zeus|Thundurus, M|300\/300
|-damage|p1a: Zeus|225\/300|[from] Stealth Rock
|turn|16
|
|move|p2a: FailedMewClone|Return|p1a: Zeus
|-damage|p1a: Zeus|0 fnt
|faint|p1a: Zeus
|
|
|switch|p1a: Bishop|Bisharp, M|293\/334 brn
|-damage|p1a: Bishop|273\/334 brn|[from] Stealth Rock
|turn|17
|
|move|p2a: FailedMewClone|Return|p1a: Bishop
|-resisted|p1a: Bishop
|-damage|p1a: Bishop|200\/334 brn
|move|p1a: Bishop|Knock Off|p2a: FailedMewClone
|-damage|p2a: FailedMewClone|43\/299
|-enditem|p2a: FailedMewClone|Choice Scarf|[from] move: Knock Off|[of] p1a: Bishop
|
|-heal|p1a: Bishop|220\/334 brn|[from] item: Leftovers
|-damage|p1a: Bishop|179\/334 brn|[from] brn
|turn|18
|
|move|p2a: FailedMewClone|Return|p1a: Bishop
|-resisted|p1a: Bishop
|-damage|p1a: Bishop|108\/334 brn
|move|p1a: Bishop|Knock Off|p2a: FailedMewClone
|-damage|p2a: FailedMewClone|0 fnt
|faint|p2a: FailedMewClone
|
|-heal|p1a: Bishop|128\/334 brn|[from] item: Leftovers
|-damage|p1a: Bishop|87\/334 brn|[from] brn
|
|switch|p2a: SpartaSoul|Aegislash, M, shiny|311\/311
|-damage|p2a: SpartaSoul|292\/311|[from] Stealth Rock
|turn|19
|
|move|p2a: SpartaSoul|King's Shield|p2a: SpartaSoul
|-singleturn|p2a: SpartaSoul|Protect
|move|p1a: Bishop|Knock Off|p2a: SpartaSoul
|-activate|p2a: SpartaSoul|Protect
|-unboost|p1a: Bishop|atk|2
|-boost|p1a: Bishop|atk|2|[from] ability: Defiant
|
|-heal|p1a: Bishop|107\/334 brn|[from] item: Leftovers
|-damage|p1a: Bishop|66\/334 brn|[from] brn
|turn|20
|
|move|p1a: Bishop|Knock Off|p2a: SpartaSoul
|-supereffective|p2a: SpartaSoul
|-damage|p2a: SpartaSoul|196\/311
|-enditem|p2a: SpartaSoul|Weakness Policy
|-boost|p2a: SpartaSoul|atk|2|[from] item: Weakness Policy
|-boost|p2a: SpartaSoul|spa|2|[from] item: Weakness Policy
|-formechange|p2a: SpartaSoul|Aegislash-Blade
|move|p2a: SpartaSoul|Sacred Sword|p1a: Bishop
|-supereffective|p1a: Bishop
|-damage|p1a: Bishop|0 fnt
|faint|p1a: Bishop
|
|win|ZappyBoy
|raw|Ladder updating...
|raw|Dragon Stone's rating: 1789 &rarr; <strong>1769<\/strong><br \/>(-20 for losing)
|raw|ZappyBoy's rating: 1779 &rarr; <strong>1799<\/strong><br \/>(+20 for winning)
|leave|Dragon Stone
|player|p1