|join|Lil Manaphy
|join|ZappyBoy
|player|p1|Lil Manaphy|8
|player|p2|ZappyBoy|170
|gametype|singles
|gen|6
|tier|OU
|rated
|clearpoke
|poke|p1|Gardevoir, F, shiny
|poke|p1|Mandibuzz, F
|poke|p1|Clefable, M
|poke|p1|Keldeo
|poke|p1|Heatran, F
|poke|p1|Landorus-Therian, M
|poke|p2|Aegislash, F, shiny
|poke|p2|Conkeldurr, F
|poke|p2|Talonflame, M
|poke|p2|Infernape, F
|poke|p2|Landorus, M
|poke|p2|Ditto
|rule|Sleep Clause Mod: Limit one foe put to sleep
|rule|Species Clause: Limit one of each Pokemon
|rule|OHKO Clause: OHKO moves are banned
|rule|Moody Clause: Moody is banned
|rule|Evasion Moves Clause: Evasion moves are banned
|rule|Endless Battle Clause: Forcing endless battles is banned.
|rule|HP Percentage Mod: HP is reported as percentages
|teampreview
|join|Lord Xen III
|join|protheix
|join|Demandred
|
|start
|switch|p1a: Keldeo|Keldeo|323\/323
|switch|p2a: ApeShit|Infernape, F|262\/262
|turn|1
|join|idarki
|join|xzyv
|chat|Lord Xen III|lol i know this guy
|chat|Lord Xen III|zappyboy
|
|move|p2a: ApeShit|Stealth Rock|p1a: Keldeo
|-sidestart|p1: Lil Manaphy|move: Stealth Rock
|move|p1a: Keldeo|Scald|p2a: ApeShit
|-supereffective|p2a: ApeShit
|-enditem|p2a: ApeShit|Focus Sash
|-damage|p2a: ApeShit|1\/262
|
|turn|2
|chat|ZappyBoy|lol yo
|chat|Lil Manaphy|hi zappy!
|chat|Lord Xen III|xD
|
|move|p2a: ApeShit|Endeavor|p1a: Keldeo
|-damage|p1a: Keldeo|1\/323
|move|p1a: Keldeo|Scald|p2a: ApeShit
|-supereffective|p2a: ApeShit
|-damage|p2a: ApeShit|0 fnt
|faint|p2a: ApeShit
|
|-heal|p1a: Keldeo|21\/323|[from] item: Leftovers
|chat|xzyv|inb4endeavor
|join|Laser Buddhist
|chat|xzyv|inafter
|chat|Lil Manaphy|ugh
|chat|Lil Manaphy|i lost the speed tie
|chat|Lord Xen III|rofl
|
|switch|p2a: Galonflame|Talonflame, M|360\/360
|turn|3
|
|switch|p1a: Heatran|Heatran, F|386\/386
|-damage|p1a: Heatran|338\/386|[from] Stealth Rock
|move|p2a: Galonflame|Brave Bird|p1a: Heatran
|-resisted|p1a: Heatran
|-damage|p1a: Heatran|252\/386
|-damage|p2a: Galonflame|332\/360|[from] recoil|[of] p1a: Heatran
|
|-heal|p2a: Galonflame|354\/360|[from] item: Leftovers
|-heal|p1a: Heatran|276\/386|[from] item: Leftovers
|turn|4
|
|switch|p2a: DoUevenLiftBruh?|Conkeldurr, F|377\/377
|move|p1a: Heatran|Toxic|p2a: DoUevenLiftBruh?
|-status|p2a: DoUevenLiftBruh?|tox
|
|-heal|p1a: Heatran|300\/386|[from] item: Leftovers
|-damage|p2a: DoUevenLiftBruh?|354\/377 tox|[from] psn
|turn|5
|chat|Lord Xen III| no!!
|
|move|p1a: Heatran|Protect|p1a: Heatran
|-singleturn|p1a: Heatran|Protect
|move|p2a: DoUevenLiftBruh?|Knock Off|p1a: Heatran
|-activate|p1a: Heatran|Protect
|
|-heal|p1a: Heatran|324\/386|[from] item: Leftovers
|-damage|p2a: DoUevenLiftBruh?|308\/377 tox|[from] psn
|turn|6
|chat|Laser Buddhist|it is not the end of the world
|chat|protheix|nice names
|chat|Laser Buddhist|you see
|
|switch|p1a: Laveau|Mandibuzz, F|424\/424
|-damage|p1a: Laveau|318\/424|[from] Stealth Rock
|move|p2a: DoUevenLiftBruh?|Drain Punch|p1a: Laveau
|-damage|p1a: Laveau|150\/424
|-heal|p2a: DoUevenLiftBruh?|377\/377 tox|[from] drain|[of] p1a: Laveau
|
|-heal|p1a: Laveau|176\/424|[from] item: Leftovers
|-damage|p2a: DoUevenLiftBruh?|308\/377 tox|[from] psn
|turn|7
|chat|protheix|female machamp scares me
|chat|protheix|oh wait its a conkellhurrdurr
|
|move|p1a: Laveau|Defog|p2a: DoUevenLiftBruh?
|-unboost|p2a: DoUevenLiftBruh?|evasion|1
|-sideend|p1: Lil Manaphy|Stealth Rock|[from] move: Defog|[of] p1a: Laveau
|move|p2a: DoUevenLiftBruh?|Knock Off|p1a: Laveau
|-resisted|p1a: Laveau
|-damage|p1a: Laveau|108\/424
|-enditem|p1a: Laveau|Leftovers|[from] move: Knock Off|[of] p2a: DoUevenLiftBruh?
|
|-damage|p2a: DoUevenLiftBruh?|216\/377 tox|[from] psn
|turn|8
|
|switch|p1a: Zoe|Clefable, M|394\/394
|move|p2a: DoUevenLiftBruh?|Drain Punch|p1a: Zoe
|-resisted|p1a: Zoe
|-damage|p1a: Zoe|285\/394
|-heal|p2a: DoUevenLiftBruh?|271\/377 tox|[from] drain|[of] p1a: Zoe
|
|-heal|p1a: Zoe|309\/394|[from] item: Leftovers
|-damage|p2a: DoUevenLiftBruh?|156\/377 tox|[from] psn
|turn|9
|
|move|p1a: Zoe|Wish|p1a: Zoe
|move|p2a: DoUevenLiftBruh?|Poison Jab|p1a: Zoe
|-supereffective|p1a: Zoe
|-damage|p1a: Zoe|15\/394
|
|-heal|p1a: Zoe|39\/394|[from] item: Leftovers
|-damage|p2a: DoUevenLiftBruh?|18\/377 tox|[from] psn
|turn|10
|chat|Lil Manaphy|woah
|join|dnknsntl
|
|move|p1a: Zoe|Protect|p1a: Zoe
|-singleturn|p1a: Zoe|Protect
|move|p2a: DoUevenLiftBruh?|Drain Punch|p1a: Zoe
|-activate|p1a: Zoe|Protect
|
|-heal|p1a: Zoe|236\/394|[from] move: Wish|[wisher] Zoe
|-heal|p1a: Zoe|260\/394|[from] item: Leftovers
|-damage|p2a: DoUevenLiftBruh?|0 fnt|[from] psn
|faint|p2a: DoUevenLiftBruh?
|chat|Lord Xen III|where da poison hax
|chat|Lil Manaphy|no!!!! please!!!
|chat|protheix|OMG ZOE HAD A SEX CHANGE
|
|switch|p2a: MOFOpony|Landorus, M|320\/320
|turn|11
|chat|Lord Xen III|lol
|
|move|p2a: MOFOpony|Calm Mind|p2a: MOFOpony
|-boost|p2a: MOFOpony|spa|1
|-boost|p2a: MOFOpony|spd|1
|move|p1a: Zoe|Wish|p1a: Zoe
|
|-heal|p1a: Zoe|284\/394|[from] item: Leftovers
|turn|12
|chat|Laser Buddhist|holy crap it setting up on you
|chat|protheix|ice beammmmmmmmmmmmm
|chat|Lord Xen III|sludge bomb
|chat|Laser Buddhist|dude do something
|chat|protheix|lol calm mind landorus
|chat|xzyv|is it unaware or magic guard
|
|switch|p1a: Laveau|Mandibuzz, F|108\/424
|move|p2a: MOFOpony|Earth Power|p1a: Laveau
|-immune|p1a: Laveau|[msg]
|
|-heal|p1a: Laveau|305\/424|[from] move: Wish|[wisher] Zoe
|turn|13
|
|move|p2a: MOFOpony|Calm Mind|p2a: MOFOpony
|-boost|p2a: MOFOpony|spa|1
|-boost|p2a: MOFOpony|spd|1
|move|p1a: Laveau|Knock Off|p2a: MOFOpony
|-damage|p2a: MOFOpony|226\/320
|-enditem|p2a: MOFOpony|Life Orb|[from] move: Knock Off|[of] p1a: Laveau
|
|turn|14
|chat|protheix|NOOOOOOOOOOOOO cheater
|
|move|p2a: MOFOpony|Focus Blast|p1a: Laveau
|-damage|p1a: Laveau|0 fnt
|faint|p1a: Laveau
|
|chat|Lord Xen III|lol
|chat|Laser Buddhist|dude hes got 2x defense
|chat|protheix|OMG HE did it focus miss!!
|chat|Laser Buddhist|stop him
|
|switch|p1a: Keldeo|Keldeo|21\/323
|turn|15
|chat|xzyv|oh dear
|chat|Lord Xen III|focus miss
|chat|xzyv|to ditto
|chat|ZappyBoy|lets see if i can defend my self now
|chat|Lord Xen III|actually hit lel
|
|move|p1a: Keldeo|Scald|p2a: MOFOpony
|-supereffective|p2a: MOFOpony
|-damage|p2a: MOFOpony|68\/320
|move|p2a: MOFOpony|Earth Power|p1a: Keldeo
|-damage|p1a: Keldeo|0 fnt
|faint|p1a: Keldeo
|
|
|switch|p1a: Zoe|Clefable, M|284\/394
|turn|16
|chat|Laser Buddhist|GG
|chat|xzyv|no burn!
|chat|Lord Xen III|where is da burn
|chat|protheix|zoe gg
|
|move|p1a: Zoe|Protect|p1a: Zoe
|-singleturn|p1a: Zoe|Protect
|move|p2a: MOFOpony|Earth Power|p1a: Zoe
|-activate|p1a: Zoe|Protect
|
|-heal|p1a: Zoe|308\/394|[from] item: Leftovers
|turn|17
|chat|protheix|GEEGEE ZOE
|
|move|p2a: MOFOpony|Earth Power|p1a: Zoe
|-damage|p1a: Zoe|88\/394
|move|p1a: Zoe|Moonblast|p2a: MOFOpony
|-damage|p2a: MOFOpony|0 fnt
|faint|p2a: MOFOpony
|
|-heal|p1a: Zoe|112\/394|[from] item: Leftovers
|chat|Laser Buddhist|gg
|chat|Lord Xen III|haha
|chat|ZappyBoy|lol NOPE :3
|chat|Laser Buddhist|gg
|chat|protheix|gg
|
|switch|p2a: Galonflame|Talonflame, M|354\/360
|turn|18
|chat|xzyv|it's unaware!
|
|move|p1a: Zoe|Protect|p1a: Zoe
|-singleturn|p1a: Zoe|Protect
|move|p2a: Galonflame|Swords Dance|p2a: Galonflame
|-boost|p2a: Galonflame|atk|2
|
|-heal|p2a: Galonflame|360\/360|[from] item: Leftovers
|-heal|p1a: Zoe|136\/394|[from] item: Leftovers
|turn|19
|chat|Laser Buddhist|holy crap 
|chat|protheix|now its gg zoe
|chat|Lil Manaphy|zoe is lost
|chat|Lord Xen III|brave bird crit
|chat|protheix|gg zoe
|
|switch|p1a: Landorus-Therian|Landorus-Therian, M|382\/382
|-ability|p1a: Landorus-Therian|Intimidate|[of] p2a: Galonflame
|-unboost|p2a: Galonflame|atk|1
|move|p2a: Galonflame|Brave Bird|p1a: Landorus-Therian
|-damage|p1a: Landorus-Therian|199\/382
|-damage|p2a: Galonflame|300\/360|[from] recoil|[of] p1a: Landorus-Therian
|
|-heal|p2a: Galonflame|322\/360|[from] item: Leftovers
|-heal|p1a: Landorus-Therian|222\/382|[from] item: Leftovers
|turn|20
|chat|xzyv|Oh god
|chat|Lord Xen III|lol
|chat|protheix|zoe gg
|chat|Laser Buddhist|ive just been informed that it is unaware
|chat|xzyv|Heatran plz save us
|chat|protheix|ops
|
|move|p2a: Galonflame|Will-O-Wisp|p1a: Landorus-Therian
|-status|p1a: Landorus-Therian|brn
|move|p1a: Landorus-Therian|Stone Edge|p2a: Galonflame
|-supereffective|p2a: Galonflame
|-damage|p2a: Galonflame|22\/360
|
|-heal|p2a: Galonflame|44\/360|[from] item: Leftovers
|-heal|p1a: Landorus-Therian|245\/382 brn|[from] item: Leftovers
|-damage|p1a: Landorus-Therian|198\/382 brn|[from] brn
|turn|21
|chat|protheix|critical hax
|chat|Laser Buddhist|meaning that 1000 attack stay didnt matter
|chat|protheix|INCOMING W-OW
|chat|Lord Xen III|lol
|chat|Lord Xen III|Lol
|chat|Lord Xen III|dat ditto
|
|switch|p2a: SpartaSoul|Aegislash, F, shiny|311\/311
|move|p1a: Landorus-Therian|U-turn|p2a: SpartaSoul
|-resisted|p2a: SpartaSoul
|-damage|p2a: SpartaSoul|305\/311
|
|switch|p1a: Heatran|Heatran, F|324\/386
|
|-heal|p1a: Heatran|348\/386|[from] item: Leftovers
|turn|22
|chat|protheix|u could put protect on talonflame
|chat|protheix|keke
|chat|Laser Buddhist|HOLY CRAP
|
|move|p1a: Heatran|Protect|p1a: Heatran
|-singleturn|p1a: Heatran|Protect
|-formechange|p2a: SpartaSoul|Aegislash-Blade
|move|p2a: SpartaSoul|Sacred Sword|p1a: Heatran
|-activate|p1a: Heatran|Protect
|
|-heal|p1a: Heatran|372\/386|[from] item: Leftovers
|turn|23
|
|switch|p2a: Galonflame|Talonflame, M|44\/360
|move|p1a: Heatran|Lava Plume|p2a: Galonflame
|-resisted|p2a: Galonflame
|-damage|p2a: Galonflame|0 fnt
|faint|p2a: Galonflame
|
|-heal|p1a: Heatran|386\/386|[from] item: Leftovers
|chat|protheix|oww shit this nigga predict all!
|chat|Laser Buddhist|aegislash took NOTHING from the uturn
|
|switch|p2a: SpartaSoul|Aegislash, F, shiny|305\/311
|turn|24
|chat|Lord Xen III|wut
|
|move|p1a: Heatran|Lava Plume|p2a: SpartaSoul
|-supereffective|p2a: SpartaSoul
|-damage|p2a: SpartaSoul|123\/311
|-enditem|p2a: SpartaSoul|Weakness Policy
|-boost|p2a: SpartaSoul|atk|2|[from] item: Weakness Policy
|-boost|p2a: SpartaSoul|spa|2|[from] item: Weakness Policy
|-formechange|p2a: SpartaSoul|Aegislash-Blade
|move|p2a: SpartaSoul|Sacred Sword|p1a: Heatran
|-supereffective|p1a: Heatran
|-damage|p1a: Heatran|0 fnt
|faint|p1a: Heatran
|
|chat|Lord Xen III|lol
|chat|protheix|gg
|chat|Lord Xen III|oh shit
|chat|protheix|geegee
|
|switch|p1a: Landorus-Therian|Landorus-Therian, M|198\/382 brn
|-ability|p1a: Landorus-Therian|Intimidate|[of] p2a: SpartaSoul
|-unboost|p2a: SpartaSoul|atk|1
|turn|25
|chat|protheix|gg
|chat|Lil Manaphy|gg...
|
|-formechange|p2a: SpartaSoul|Aegislash
|move|p2a: SpartaSoul|King's Shield|p2a: SpartaSoul
|-singleturn|p2a: SpartaSoul|Protect
|move|p1a: Landorus-Therian|Earthquake|p2a: SpartaSoul
|-activate|p2a: SpartaSoul|Protect
|
|-heal|p1a: Landorus-Therian|221\/382 brn|[from] item: Leftovers
|-damage|p1a: Landorus-Therian|174\/382 brn|[from] brn
|turn|26
|chat|protheix|gg
|chat|Laser Buddhist|gg
|chat|protheix|QUICK SWITCH
|chat|Laser Buddhist|gg
|chat|Lord Xen III|lol
|chat|protheix|gg
|chat|Laser Buddhist|gg
|
|move|p1a: Landorus-Therian|Earthquake|p2a: SpartaSoul
|-supereffective|p2a: SpartaSoul
|-damage|p2a: SpartaSoul|13\/311
|-formechange|p2a: SpartaSoul|Aegislash-Blade
|move|p2a: SpartaSoul|Shadow Ball|p1a: Landorus-Therian
|-damage|p1a: Landorus-Therian|0 fnt
|faint|p1a: Landorus-Therian
|
|chat|protheix|ff
|join|Arcanine is Regal
|chat|protheix|oh cheater
|
|switch|p1a: Zoe|Clefable, M|136\/394
|turn|27
|chat|Laser Buddhist|HOLY CRAP
|chat|protheix|zoe g
|chat|protheix|gg
|chat|xzyv|the bulk
|chat|Lord Xen III|where is the crit
|chat|protheix|zoe loses
|
|move|p2a: SpartaSoul|Shadow Sneak|p1a: Zoe
|-damage|p1a: Zoe|60\/394
|move|p1a: Zoe|Moonblast|p2a: SpartaSoul
|-crit|p2a: SpartaSoul
|-resisted|p2a: SpartaSoul
|-damage|p2a: SpartaSoul|0 fnt
|faint|p2a: SpartaSoul
|
|-heal|p1a: Zoe|84\/394|[from] item: Leftovers
|chat|Laser Buddhist|AEGISLASH IS UNWALLABLE
|chat|protheix|u suck zoe
|chat|Lil Manaphy|ZOE
|chat|Lord Xen III|lol
|chat|ZappyBoy|UGHHH
|chat|Laser Buddhist|WHO CAN STOP IT
|chat|protheix|DAT CRITICAL
|chat|Lil Manaphy|HOLY DHIY
|chat|ZappyBoy|soo bulku
|chat|Lil Manaphy|ZHOLU SDHIT
|chat|xzyv|zoe too fast
|chat|protheix|BAN ZOE
|chat|Lord Xen III|LOL
|
|switch|p2a: FailedMewClone|Ditto|299\/299
|-transform|p2a: FailedMewClone|p1a: Zoe
|turn|28
|chat|protheix|ZOE TO GOOD
|chat|Lil Manaphy|BAN ZOE
|chat|protheix|BAAAAAAAAAAAAAAN
|
|move|p2a: FailedMewClone|Moonblast|p1a: Zoe
|-damage|p1a: Zoe|0 fnt
|faint|p1a: Zoe
|
|chat|protheix|omg cheater
|chat|Lil Manaphy|please
|
|switch|p1a: Misty day|Gardevoir, F, shiny|277\/277
|-ability|p1a: Misty day|Unaware|[from] ability: Trace|[of] p2a: FailedMewClone
|turn|29
|chat|Laser Buddhist|oh my god
|chat|protheix|kill the false zoe
|
|-formechange|p1a: Misty day|Gardevoir-Mega
|message|Gardevoir has Mega Evolved into Mega Gardevoir!
|move|p1a: Misty day|Hyper Voice|p2a: FailedMewClone
|-damage|p2a: FailedMewClone|10\/299
|move|p2a: FailedMewClone|Moonblast|p1a: Misty day
|-crit|p1a: Misty day
|-damage|p1a: Misty day|157\/277
|
|turn|30
|chat|xzyv|scarfed zeo
|chat|Lord Xen III|haha
|chat|ZappyBoy|I lost -_-
|chat|xzyv|gonna kill this Garde
|chat|protheix|HAHAHAHAHA
|chat|Lord Xen III|lol
|chat|Lord Xen III|misty day op
|
|move|p1a: Misty day|Hyper Voice|p2a: FailedMewClone
|-damage|p2a: FailedMewClone|0 fnt
|faint|p2a: FailedMewClone
|
|win|Lil Manaphy
|raw|Ladder updating...
|raw|Lil Manaphy's rating: 2013 &rarr; <strong>2021<\/strong><br \/>(+8 for winning)
|raw|ZappyBoy's rating: 1767 &rarr; <strong>1759<\/strong><br \/>(-8 for losing)
|chat|Laser Buddhist|oh my god that critical hit
|leave|protheix
|chat|Arcanine is Regal|MANAPHY TOO PRO
|chat|Laser Buddhist|christ
|chat|Lil Manaphy|YESSSSS
|leave|Arcanine is Regal
|chat|ZappyBoy|lol gg