|join|CleanerThanRotom-W
|join|ZappyBoy
|player|p1|CleanerThanRotom-W|226
|player|p2|ZappyBoy|156
|gametype|singles
|gen|6
|tier|OU
|rated
|clearpoke
|poke|p1|Sableye, M
|poke|p1|Chansey, F
|poke|p1|Cresselia, F
|poke|p1|Gothitelle, F
|poke|p1|Skarmory, F
|poke|p1|Quagsire, F
|poke|p2|Metagross
|poke|p2|Keldeo
|poke|p2|Landorus-Therian, M
|poke|p2|Thundurus, M
|poke|p2|Victini
|poke|p2|Latias, F
|rule|Swagger Clause: Swagger is banned
|rule|Baton Pass Clause: Limit one PokÃ©mon knowing Baton Pass
|rule|Sleep Clause Mod: Limit one foe put to sleep
|rule|Species Clause: Limit one of each PokÃ©mon
|rule|OHKO Clause: OHKO moves are banned
|rule|Moody Clause: Moody is banned
|rule|Evasion Moves Clause: Evasion moves are banned
|rule|Endless Battle Clause: Forcing endless battles is banned
|rule|HP Percentage Mod: HP is shown in percentages
|teampreview
|c|âZappyBoy|ughhh..
|
|start
|switch|p1a: Sableye|Sableye, M|303\/303
|switch|p2a: Victini|Victini|341\/341
|turn|1
|
|switch|p1a: Quagsire|Quagsire, F|393\/393
|move|p2a: Victini|U-turn|p1a: Quagsire
|-damage|p1a: Quagsire|303\/393
|
|switch|p2a: Latias|Latias, F|301\/301
|
|-heal|p1a: Quagsire|327\/393|[from] item: Leftovers
|turn|2
|
|switch|p1a: Sableye|Sableye, M|303\/303
|move|p2a: Latias|Trick|p1a: Sableye
|-fail|p1a: Sableye
|
|turn|3
|
|switch|p2a: Victini|Victini|341\/341
|detailschange|p1a: Sableye|Sableye-Mega, M
|-mega|p1a: Sableye|Sableye|Sablenite
|move|p1a: Sableye|Snarl|p2a: Victini
|-crit|p2a: Victini
|-supereffective|p2a: Victini
|-damage|p2a: Victini|183\/341
|-unboost|p2a: Victini|spa|1
|
|turn|4
|
|switch|p1a: Quagsire|Quagsire, F|327\/393
|move|p2a: Victini|V-create|p1a: Quagsire
|-resisted|p1a: Quagsire
|-damage|p1a: Quagsire|159\/393
|-unboost|p2a: Victini|def|1
|-unboost|p2a: Victini|spd|1
|-unboost|p2a: Victini|spe|1
|
|-heal|p1a: Quagsire|183\/393|[from] item: Leftovers
|turn|5
|
|switch|p2a: Keldeo|Keldeo|353\/353
|move|p1a: Quagsire|Recover|p1a: Quagsire
|-heal|p1a: Quagsire|380\/393
|
|-heal|p1a: Quagsire|393\/393|[from] item: Leftovers
|turn|6
|
|switch|p1a: Cresselia|Cresselia, F|444\/444
|move|p2a: Keldeo|Scald|p1a: Cresselia
|-damage|p1a: Cresselia|345\/444
|
|-heal|p1a: Cresselia|372\/444|[from] item: Leftovers
|turn|7
|
|switch|p2a: Landorus-Therian|Landorus-Therian, M|382\/382
|-ability|p2a: Landorus-Therian|Intimidate|[of] p1a: Cresselia
|-unboost|p1a: Cresselia|atk|1
|switch|p1a: Skarmory|Skarmory, F|334\/334
|
|turn|8
|
|move|p2a: Landorus-Therian|Knock Off|p1a: Skarmory
|-damage|p1a: Skarmory|257\/334
|-enditem|p1a: Skarmory|Shed Shell|[from] move: Knock Off|[of] p2a: Landorus-Therian
|move|p1a: Skarmory|Spikes|p2a: Landorus-Therian
|-sidestart|p2: ZappyBoy|Spikes
|
|turn|9
|
|move|p2a: Landorus-Therian|U-turn|p1a: Skarmory
|-resisted|p1a: Skarmory
|-damage|p1a: Skarmory|243\/334
|
|switch|p2a: Latias|Latias, F|301\/301
|move|p1a: Skarmory|Roost|p1a: Skarmory
|-heal|p1a: Skarmory|334\/334
|
|turn|10
|
|switch|p1a: Gothitelle|Gothitelle, F|301\/301
|move|p2a: Latias|Defog|p1a: Gothitelle
|-unboost|p1a: Gothitelle|evasion|1
|-sideend|p2: ZappyBoy|Spikes|[from] move: Defog|[of] p2a: Latias
|
|turn|11
|
|move|p2a: Latias|Defog|p1a: Gothitelle
|-unboost|p1a: Gothitelle|evasion|1
|move|p1a: Gothitelle|Psychic|p2a: Latias
|-resisted|p2a: Latias
|-damage|p2a: Latias|255\/301
|
|turn|12
|
|move|p2a: Latias|Defog|p1a: Gothitelle
|-unboost|p1a: Gothitelle|evasion|1
|move|p1a: Gothitelle|Psychic|p2a: Latias
|-resisted|p2a: Latias
|-damage|p2a: Latias|202\/301
|
|turn|13
|
|move|p2a: Latias|Defog|p1a: Gothitelle
|-unboost|p1a: Gothitelle|evasion|1
|move|p1a: Gothitelle|Psychic|p2a: Latias
|-resisted|p2a: Latias
|-damage|p2a: Latias|156\/301
|
|turn|14
|
|move|p2a: Latias|Defog|p1a: Gothitelle
|-unboost|p1a: Gothitelle|evasion|1
|move|p1a: Gothitelle|Psychic|p2a: Latias
|-resisted|p2a: Latias
|-damage|p2a: Latias|110\/301
|
|turn|15
|
|move|p2a: Latias|Defog|p1a: Gothitelle
|-unboost|p1a: Gothitelle|evasion|1
|move|p1a: Gothitelle|Psychic|p2a: Latias
|-resisted|p2a: Latias
|-damage|p2a: Latias|62\/301
|
|turn|16
|
|move|p2a: Latias|Defog|p1a: Gothitelle
|move|p1a: Gothitelle|Psychic|p2a: Latias
|-resisted|p2a: Latias
|-damage|p2a: Latias|14\/301
|
|turn|17
|
|move|p2a: Latias|Defog|p1a: Gothitelle
|move|p1a: Gothitelle|Psychic|p2a: Latias
|-resisted|p2a: Latias
|-damage|p2a: Latias|0 fnt
|faint|p2a: Latias
|
|
|switch|p2a: Landorus-Therian|Landorus-Therian, M|382\/382
|-ability|p2a: Landorus-Therian|Intimidate|[of] p1a: Gothitelle
|-unboost|p1a: Gothitelle|atk|1
|turn|18
|
|switch|p1a: Skarmory|Skarmory, F|334\/334
|move|p2a: Landorus-Therian|U-turn|p1a: Skarmory
|-resisted|p1a: Skarmory
|-damage|p1a: Skarmory|321\/334
|
|switch|p2a: Victini|Victini|183\/341
|
|turn|19
|
|switch|p1a: Quagsire|Quagsire, F|393\/393
|move|p2a: Victini|V-create|p1a: Quagsire
|-crit|p1a: Quagsire
|-resisted|p1a: Quagsire
|-damage|p1a: Quagsire|150\/393
|-unboost|p2a: Victini|def|1
|-unboost|p2a: Victini|spd|1
|-unboost|p2a: Victini|spe|1
|
|-heal|p1a: Quagsire|174\/393|[from] item: Leftovers
|turn|20
|
|move|p2a: Victini|V-create|p1a: Quagsire
|-resisted|p1a: Quagsire
|-damage|p1a: Quagsire|24\/393
|-unboost|p2a: Victini|def|1
|-unboost|p2a: Victini|spd|1
|-unboost|p2a: Victini|spe|1
|move|p1a: Quagsire|Recover|p1a: Quagsire
|-heal|p1a: Quagsire|221\/393
|
|-heal|p1a: Quagsire|245\/393|[from] item: Leftovers
|turn|21
|
|switch|p2a: Keldeo|Keldeo|353\/353
|move|p1a: Quagsire|Recover|p1a: Quagsire
|-heal|p1a: Quagsire|393\/393
|
|turn|22
|
|switch|p1a: Chansey|Chansey, F|703\/703
|move|p2a: Keldeo|Calm Mind|p2a: Keldeo
|-boost|p2a: Keldeo|spa|1
|-boost|p2a: Keldeo|spd|1
|
|turn|23
|
|switch|p1a: Cresselia|Cresselia, F|372\/444
|move|p2a: Keldeo|Secret Sword|p1a: Cresselia
|-resisted|p1a: Cresselia
|-damage|p1a: Cresselia|270\/444
|
|-heal|p1a: Cresselia|297\/444|[from] item: Leftovers
|turn|24
|
|move|p2a: Keldeo|Scald|p1a: Cresselia
|-damage|p1a: Cresselia|149\/444
|move|p1a: Cresselia|Psyshock|p2a: Keldeo
|-crit|p2a: Keldeo
|-supereffective|p2a: Keldeo
|-damage|p2a: Keldeo|113\/353
|
|-heal|p2a: Keldeo|135\/353|[from] item: Leftovers
|-heal|p1a: Cresselia|176\/444|[from] item: Leftovers
|turn|25
|
|move|p2a: Keldeo|Scald|p1a: Cresselia
|-damage|p1a: Cresselia|19\/444
|move|p1a: Cresselia|Moonlight|p1a: Cresselia
|-heal|p1a: Cresselia|241\/444
|
|-heal|p2a: Keldeo|157\/353|[from] item: Leftovers
|-heal|p1a: Cresselia|268\/444|[from] item: Leftovers
|turn|26
|
|move|p2a: Keldeo|Scald|p1a: Cresselia
|-damage|p1a: Cresselia|117\/444
|move|p1a: Cresselia|Psyshock|p2a: Keldeo
|-supereffective|p2a: Keldeo
|-damage|p2a: Keldeo|0 fnt
|faint|p2a: Keldeo
|
|-heal|p1a: Cresselia|144\/444|[from] item: Leftovers
|-message|ZappyBoy forfeited.
|leave|ZappyBoy
|
|win|CleanerThanRotom-W
|raw|Ladder updating...
|player|p2
|raw|CleanerThanRotom-W's rating: 1840 &rarr; <strong>1853<\/strong><br \/>(+13 for winning)
|raw|ZappyBoy's rating: 1712 &rarr; <strong>1699<\/strong><br \/>(-13 for losing)