|join|Richard_Novack
|join|ZappyBoy
|player|p1|Richard_Novack|10
|player|p2|ZappyBoy|151
|gametype|singles
|gen|6
|tier|OU Monotype
|rated
|rule|Same Type Clause: Pokemon in a team must share a type
|rule|Sleep Clause Mod: Limit one foe put to sleep
|rule|Species Clause: Limit one of each Pokemon
|rule|OHKO Clause: OHKO moves are banned
|rule|Moody Clause: Moody is banned
|rule|Evasion Moves Clause: Evasion moves are banned
|rule|Endless Battle Clause: Forcing endless battles is banned.
|rule|HP Percentage Mod: HP is reported as percentages
|clearpoke
|poke|p1|Kyurem-Black
|poke|p1|Mamoswine, F
|poke|p1|Weavile, M
|poke|p1|Cloyster, M
|poke|p1|Abomasnow, F
|poke|p1|Articuno
|poke|p2|Dugtrio, M
|poke|p2|Nidoking, M, shiny
|poke|p2|Zygarde
|poke|p2|Krookodile, M
|poke|p2|Hippowdon, F
|poke|p2|Gastrodon, F
|teampreview
|
|start
|switch|p1a: BabyMaker|Cloyster, M|304\/304
|switch|p2a: Hippowdon|Hippowdon, F|420\/420
|-weather|Sandstorm
|turn|1
|
|move|p1a: BabyMaker|Shell Smash|p1a: BabyMaker
|-boost|p1a: BabyMaker|atk|2
|-boost|p1a: BabyMaker|spa|2
|-boost|p1a: BabyMaker|spe|2
|-unboost|p1a: BabyMaker|def|1
|-unboost|p1a: BabyMaker|spd|1
|-enditem|p1a: BabyMaker|White Herb
|-restoreboost|p1a: BabyMaker|[silent]
|move|p2a: Hippowdon|Whirlwind|p1a: BabyMaker
|drag|p1a: Paradox|Abomasnow, F|384\/384
|-weather|Hail
|
|-weather|Hail|[upkeep]
|-damage|p2a: Hippowdon|394\/420|[from] hail
|turn|2
|chat|Richard_Novack|why the f can he learn whirlwind...
|
|-formechange|p1a: Paradox|Abomasnow-Mega
|message|Abomasnow has Mega Evolved into Mega Abomasnow!
|move|p1a: Paradox|Wood Hammer|p2a: Hippowdon
|-supereffective|p2a: Hippowdon
|-damage|p2a: Hippowdon|104\/420
|-damage|p1a: Paradox|288\/384|[from] recoil|[of] p2a: Hippowdon
|move|p2a: Hippowdon|Stealth Rock|p1a: Paradox
|-sidestart|p1: Richard_Novack|move: Stealth Rock
|
|-weather|Hail|[upkeep]
|-damage|p2a: Hippowdon|78\/420|[from] hail
|turn|3
|
|move|p1a: Paradox|Ice Shard|p2a: Hippowdon
|-supereffective|p2a: Hippowdon
|-damage|p2a: Hippowdon|0 fnt
|faint|p2a: Hippowdon
|
|-weather|Hail|[upkeep]
|
|switch|p2a: Nidoking|Nidoking, M, shiny|304\/304
|turn|4
|
|switch|p1a: Brrrrrr|Articuno|384\/384
|-damage|p1a: Brrrrrr|192\/384|[from] Stealth Rock
|-ability|p1a: Brrrrrr|Pressure
|move|p2a: Nidoking|Flamethrower|p1a: Brrrrrr
|-supereffective|p1a: Brrrrrr
|-damage|p1a: Brrrrrr|5\/384
|
|-weather|Hail|[upkeep]
|-damage|p2a: Nidoking|285\/304|[from] hail
|-heal|p1a: Brrrrrr|29\/384|[from] item: Leftovers
|turn|5
|
|move|p2a: Nidoking|Sludge Wave|p1a: Brrrrrr
|-damage|p1a: Brrrrrr|0 fnt
|faint|p1a: Brrrrrr
|
|-weather|none
|
|switch|p1a: Weirdo|Kyurem-Black|391\/391
|-damage|p1a: Weirdo|294\/391|[from] Stealth Rock
|-ability|p1a: Weirdo|Teravolt
|turn|6
|
|switch|p2a: Gastrodon|Gastrodon, F|426\/426
|move|p1a: Weirdo|Outrage|p2a: Gastrodon
|-damage|p2a: Gastrodon|21\/426
|
|-heal|p2a: Gastrodon|47\/426|[from] item: Leftovers
|turn|7
|
|move|p1a: Weirdo|Outrage|p2a: Gastrodon
|-damage|p2a: Gastrodon|0 fnt
|faint|p2a: Gastrodon
|
|-end|p1a: Weirdo|rampage
|-start|p1a: Weirdo|confusion
|
|switch|p2a: Threesome|Dugtrio, M|212\/212
|turn|8
|
|switch|p1a: BabyMaker|Cloyster, M|304\/304
|-damage|p1a: BabyMaker|228\/304|[from] Stealth Rock
|move|p2a: Threesome|Stone Edge|p1a: BabyMaker
|-supereffective|p1a: BabyMaker
|-damage|p1a: BabyMaker|120\/304
|
|turn|9
|
|move|p2a: Threesome|Earthquake|p1a: BabyMaker
|-damage|p1a: BabyMaker|38\/304
|move|p1a: BabyMaker|Icicle Spear|p2a: Threesome
|-supereffective|p2a: Threesome
|-damage|p2a: Threesome|74\/212
|-supereffective|p2a: Threesome
|-damage|p2a: Threesome|0 fnt
|-hitcount|p2a: Threesome|2
|faint|p2a: Threesome
|
|
|switch|p2a: Krookodile|Krookodile, M|332\/332
|turn|10
|
|move|p2a: Krookodile|Earthquake|p1a: BabyMaker
|-damage|p1a: BabyMaker|0 fnt
|faint|p1a: BabyMaker
|-boost|p2a: Krookodile|atk|1|[from] ability: Moxie
|
|
|switch|p1a: Weirdo|Kyurem-Black|294\/391
|-damage|p1a: Weirdo|197\/391|[from] Stealth Rock
|-ability|p1a: Weirdo|Teravolt
|turn|11
|
|move|p2a: Krookodile|Earthquake|p1a: Weirdo
|-damage|p1a: Weirdo|0 fnt
|faint|p1a: Weirdo
|-boost|p2a: Krookodile|atk|1|[from] ability: Moxie
|
|
|switch|p1a: MamaMamo|Mamoswine, F|424\/424
|-damage|p1a: MamaMamo|371\/424|[from] Stealth Rock
|turn|12
|
|move|p2a: Krookodile|Earthquake|p1a: MamaMamo
|-damage|p1a: MamaMamo|95\/424
|move|p1a: MamaMamo|Icicle Crash|p2a: Krookodile
|-supereffective|p2a: Krookodile
|-damage|p2a: Krookodile|54\/332
|
|-heal|p1a: MamaMamo|121\/424|[from] item: Leftovers
|turn|13
|
|move|p1a: MamaMamo|Ice Shard|p2a: Krookodile
|-supereffective|p2a: Krookodile
|-damage|p2a: Krookodile|0 fnt
|faint|p2a: Krookodile
|
|-heal|p1a: MamaMamo|147\/424|[from] item: Leftovers
|
|switch|p2a: Nidoking|Nidoking, M, shiny|285\/304
|turn|14
|
|move|p1a: MamaMamo|Ice Shard|p2a: Nidoking
|-supereffective|p2a: Nidoking
|-damage|p2a: Nidoking|129\/304
|move|p2a: Nidoking|Flamethrower|p1a: MamaMamo
|-supereffective|p1a: MamaMamo
|-damage|p1a: MamaMamo|0 fnt
|faint|p1a: MamaMamo
|
|
|switch|p1a: Paradox|Abomasnow, F|288\/384
|-formechange|p1a: Paradox|Abomasnow-Mega
|-damage|p1a: Paradox|192\/384|[from] Stealth Rock
|-weather|Hail
|turn|15
|
|move|p1a: Paradox|Ice Shard|p2a: Nidoking
|-supereffective|p2a: Nidoking
|-damage|p2a: Nidoking|0 fnt
|faint|p2a: Nidoking
|
|-weather|Hail|[upkeep]
|
|switch|p2a: Zygarde|Zygarde|420\/420
|-ability|p2a: Zygarde|Aura Break
|turn|16
|
|move|p1a: Paradox|Ice Shard|p2a: Zygarde
|-supereffective|p2a: Zygarde
|-damage|p2a: Zygarde|164\/420
|move|p2a: Zygarde|Camouflage|p2a: Zygarde
|-start|p2a: Zygarde|typechange|Normal
|
|-weather|Hail|[upkeep]
|-damage|p2a: Zygarde|138\/420|[from] hail
|-heal|p2a: Zygarde|164\/420|[from] item: Leftovers
|turn|17
|
|move|p2a: Zygarde|Coil|p2a: Zygarde
|-boost|p2a: Zygarde|atk|1
|-boost|p2a: Zygarde|def|1
|-boost|p2a: Zygarde|accuracy|1
|move|p1a: Paradox|Wood Hammer|p2a: Zygarde
|-damage|p2a: Zygarde|29\/420
|-damage|p1a: Paradox|147\/384|[from] recoil|[of] p2a: Zygarde
|
|-weather|Hail|[upkeep]
|-damage|p2a: Zygarde|3\/420|[from] hail
|-heal|p2a: Zygarde|29\/420|[from] item: Leftovers
|turn|18
|
|move|p2a: Zygarde|Extreme Speed|p1a: Paradox
|-damage|p1a: Paradox|0 fnt
|faint|p1a: Paradox
|
|-weather|Hail|[upkeep]
|-damage|p2a: Zygarde|3\/420|[from] hail
|-heal|p2a: Zygarde|29\/420|[from] item: Leftovers
|chat|Richard_Novack|gg
|
|switch|p1a: Weenus|Weavile, M|282\/282
|-damage|p1a: Weenus|212\/282|[from] Stealth Rock
|-ability|p1a: Weenus|Pressure
|turn|19
|chat|ZappyBoy|loool damn 
|chat|ZappyBoy|the moment of truth lol
|
|move|p2a: Zygarde|Extreme Speed|p1a: Weenus
|-damage|p1a: Weenus|0 fnt
|faint|p1a: Weenus
|
|win|ZappyBoy
|raw|Ladder updating...
|raw|Richard_Novack's rating: 1315 &rarr; <strong>1295<\/strong><br \/>(-20 for losing)
|raw|ZappyBoy's rating: 1310 &rarr; <strong>1330<\/strong><br \/>(+20 for winning)
|chat|Richard_Novack|nooooooooooo
|chat|ZappyBoy|lol gg :P
|leave|Richard_Novack
|player|p1