|join|MegaVenusaurWin
|join|ZappyBoy
|player|p1|MegaVenusaurWin|2
|player|p2|ZappyBoy|151
|gametype|singles
|gen|6
|tier|OU (suspect test)
|rated
|clearpoke
|poke|p1|Hippowdon, M
|poke|p1|Mandibuzz, F
|poke|p1|Clefable, F
|poke|p1|Skarmory, M
|poke|p1|Excadrill, M
|poke|p1|Venusaur, F
|poke|p2|Zapdos
|poke|p2|Landorus-Therian, M
|poke|p2|Gyarados, M
|poke|p2|Talonflame, F
|poke|p2|Thundurus-Therian, M
|poke|p2|Mandibuzz, F
|rule|Sleep Clause Mod: Limit one foe put to sleep
|rule|Species Clause: Limit one of each Pokemon
|rule|OHKO Clause: OHKO moves are banned
|rule|Moody Clause: Moody is banned
|rule|Evasion Moves Clause: Evasion moves are banned
|rule|Endless Battle Clause: Forcing endless battles is banned.
|rule|HP Percentage Mod: HP is reported as percentages
|teampreview
|
|start
|switch|p1a: Skarmory|Skarmory, M|323\/323
|switch|p2a: Landorus-Therian|Landorus-Therian, M|320\/320
|-ability|p2a: Landorus-Therian|Intimidate|[of] p1a: Skarmory
|-unboost|p1a: Skarmory|atk|1
|turn|1
|
|move|p2a: Landorus-Therian|U-turn|p1a: Skarmory
|-resisted|p1a: Skarmory
|-damage|p1a: Skarmory|308\/323
|-damage|p2a: Landorus-Therian|267\/320|[from] item: Rocky Helmet|[of] p1a: Skarmory
|
|switch|p2a: Zapdos|Zapdos|383\/383
|-ability|p2a: Zapdos|Pressure
|move|p1a: Skarmory|Spikes|p2a: Zapdos
|-sidestart|p2: ZappyBoy|Spikes
|
|turn|2
|chat|MegaVenusaurWin|lol misclick :(
|
|switch|p1a: Hippowdon|Hippowdon, M|390\/390
|-weather|Sandstorm
|move|p2a: Zapdos|Hidden Power|p1a: Hippowdon
|-damage|p1a: Hippowdon|293\/390
|
|-weather|Sandstorm|[upkeep]
|-damage|p2a: Zapdos|360\/383|[from] sandstorm
|-heal|p2a: Zapdos|383\/383|[from] item: Leftovers
|turn|3
|chat|ZappyBoy|loool yeaaa i was wondering.... 
|
|switch|p2a: Talonflame|Talonflame, F|360\/360
|move|p1a: Hippowdon|Toxic|p2a: Talonflame
|-status|p2a: Talonflame|tox
|
|-weather|Sandstorm|[upkeep]
|-damage|p2a: Talonflame|338\/360 tox|[from] sandstorm
|-heal|p2a: Talonflame|360\/360 tox|[from] item: Leftovers
|-damage|p2a: Talonflame|338\/360 tox|[from] psn
|turn|4
|
|move|p2a: Talonflame|Will-O-Wisp|p1a: Hippowdon
|-status|p1a: Hippowdon|brn
|move|p1a: Hippowdon|Stealth Rock|p2a: Talonflame
|-sidestart|p2: ZappyBoy|move: Stealth Rock
|
|-weather|Sandstorm|[upkeep]
|-damage|p2a: Talonflame|316\/360 tox|[from] sandstorm
|-heal|p2a: Talonflame|338\/360 tox|[from] item: Leftovers
|-damage|p2a: Talonflame|294\/360 tox|[from] psn
|-damage|p1a: Hippowdon|245\/390 brn|[from] brn
|turn|5
|
|switch|p1a: Mandibuzz|Mandibuzz, F|413\/413
|move|p2a: Talonflame|Brave Bird|p1a: Mandibuzz
|-damage|p1a: Mandibuzz|298\/413
|-damage|p2a: Talonflame|256\/360 tox|[from] recoil|[of] p1a: Mandibuzz
|
|-weather|Sandstorm|[upkeep]
|-damage|p2a: Talonflame|234\/360 tox|[from] sandstorm
|-heal|p2a: Talonflame|256\/360 tox|[from] item: Leftovers
|-heal|p1a: Mandibuzz|323\/413|[from] item: Leftovers
|-damage|p2a: Talonflame|190\/360 tox|[from] psn
|turn|6
|
|move|p2a: Talonflame|Will-O-Wisp|p1a: Mandibuzz
|-status|p1a: Mandibuzz|brn
|move|p1a: Mandibuzz|U-turn|p2a: Talonflame
|-resisted|p2a: Talonflame
|-damage|p2a: Talonflame|183\/360 tox
|
|switch|p1a: Clefable|Clefable, F|383\/383
|
|-weather|Sandstorm|[upkeep]
|-damage|p2a: Talonflame|161\/360 tox|[from] sandstorm
|-damage|p1a: Clefable|360\/383|[from] sandstorm
|-heal|p2a: Talonflame|183\/360 tox|[from] item: Leftovers
|-heal|p1a: Clefable|383\/383|[from] item: Leftovers
|-damage|p2a: Talonflame|95\/360 tox|[from] psn
|turn|7
|
|move|p2a: Talonflame|Roost|p2a: Talonflame
|-heal|p2a: Talonflame|275\/360 tox
|move|p1a: Clefable|Heal Bell|p1a: Clefable
|-cureteam|p1a: Clefable|[from] move: HealBell
|
|-weather|Sandstorm|[upkeep]
|-damage|p2a: Talonflame|253\/360 tox|[from] sandstorm
|-damage|p1a: Clefable|360\/383|[from] sandstorm
|-heal|p2a: Talonflame|275\/360 tox|[from] item: Leftovers
|-heal|p1a: Clefable|383\/383|[from] item: Leftovers
|-damage|p2a: Talonflame|165\/360 tox|[from] psn
|turn|8
|
|switch|p2a: Zapdos|Zapdos|383\/383
|-damage|p2a: Zapdos|288\/383|[from] Stealth Rock
|-ability|p2a: Zapdos|Pressure
|move|p1a: Clefable|Moonblast|p2a: Zapdos
|-damage|p2a: Zapdos|180\/383
|
|-weather|Sandstorm|[upkeep]
|-damage|p2a: Zapdos|157\/383|[from] sandstorm
|-damage|p1a: Clefable|360\/383|[from] sandstorm
|-heal|p2a: Zapdos|180\/383|[from] item: Leftovers
|-heal|p1a: Clefable|383\/383|[from] item: Leftovers
|turn|9
|
|switch|p1a: Hippowdon|Hippowdon, M|245\/390
|move|p2a: Zapdos|Defog|p1a: Hippowdon
|-unboost|p1a: Hippowdon|evasion|1
|-sideend|p2: ZappyBoy|Spikes|[from] move: Defog|[of] p2a: Zapdos
|-sideend|p2: ZappyBoy|Stealth Rock|[from] move: Defog|[of] p2a: Zapdos
|
|-weather|none
|-heal|p2a: Zapdos|203\/383|[from] item: Leftovers
|turn|10
|
|switch|p2a: Talonflame|Talonflame, F|165\/360 tox
|move|p1a: Hippowdon|Stealth Rock|p2a: Talonflame
|-sidestart|p2: ZappyBoy|move: Stealth Rock
|
|-heal|p2a: Talonflame|187\/360 tox|[from] item: Leftovers
|-damage|p2a: Talonflame|165\/360 tox|[from] psn
|turn|11
|
|move|p2a: Talonflame|Swords Dance|p2a: Talonflame
|-boost|p2a: Talonflame|atk|2
|move|p1a: Hippowdon|Slack Off|p1a: Hippowdon
|-heal|p1a: Hippowdon|390\/390
|
|-heal|p2a: Talonflame|187\/360 tox|[from] item: Leftovers
|-damage|p2a: Talonflame|143\/360 tox|[from] psn
|turn|12
|
|switch|p1a: Clefable|Clefable, F|383\/383
|move|p2a: Talonflame|Brave Bird|p1a: Clefable
|-damage|p1a: Clefable|218\/383
|-damage|p2a: Talonflame|89\/360 tox|[from] recoil|[of] p1a: Clefable
|
|-heal|p2a: Talonflame|111\/360 tox|[from] item: Leftovers
|-heal|p1a: Clefable|241\/383|[from] item: Leftovers
|-damage|p2a: Talonflame|45\/360 tox|[from] psn
|turn|13
|
|move|p2a: Talonflame|Will-O-Wisp|p1a: Clefable
|-status|p1a: Clefable|brn
|move|p1a: Clefable|Moonlight|p1a: Clefable
|-heal|p1a: Clefable|383\/383 brn
|
|-heal|p2a: Talonflame|67\/360 tox|[from] item: Leftovers
|-damage|p2a: Talonflame|0 fnt|[from] psn
|-damage|p1a: Clefable|336\/383 brn|[from] brn
|faint|p2a: Talonflame
|
|switch|p2a: Thundurus-Therian|Thundurus-Therian, M|325\/325
|-damage|p2a: Thundurus-Therian|244\/325|[from] Stealth Rock
|turn|14
|
|switch|p1a: Venusaur|Venusaur, F|353\/353
|move|p2a: Thundurus-Therian|Sludge Bomb|p1a: Venusaur
|-damage|p1a: Venusaur|206\/353
|-damage|p2a: Thundurus-Therian|212\/325|[from] item: Life Orb
|
|turn|15
|
|-formechange|p1a: Venusaur|Venusaur-Mega
|message|Venusaur has Mega Evolved into Mega Venusaur!
|move|p2a: Thundurus-Therian|Sludge Bomb|p1a: Venusaur
|-damage|p1a: Venusaur|86\/353
|-damage|p2a: Thundurus-Therian|180\/325|[from] item: Life Orb
|move|p1a: Venusaur|Synthesis|p1a: Venusaur
|-heal|p1a: Venusaur|262\/353
|
|turn|16
|
|switch|p2a: Landorus-Therian|Landorus-Therian, M|267\/320
|-damage|p2a: Landorus-Therian|227\/320|[from] Stealth Rock
|-ability|p2a: Landorus-Therian|Intimidate|[of] p1a: Venusaur
|-unboost|p1a: Venusaur|atk|1
|move|p1a: Venusaur|Leech Seed|p2a: Landorus-Therian
|-start|p2a: Landorus-Therian|move: Leech Seed
|
|-damage|p2a: Landorus-Therian|187\/320|[from] Leech Seed|[of] p1a: Venusaur
|-heal|p1a: Venusaur|302\/353|[silent]
|turn|17
|
|move|p2a: Landorus-Therian|U-turn|p1a: Venusaur
|-damage|p1a: Venusaur|234\/353
|chat|ZappyBoy|now that i notice... your whole team is wall
|
|switch|p2a: Mandibuzz|Mandibuzz, F|424\/424
|-damage|p2a: Mandibuzz|318\/424|[from] Stealth Rock
|move|p1a: Venusaur|Roar|p2a: Mandibuzz
|drag|p2a: Landorus-Therian|Landorus-Therian, M|187\/320
|-damage|p2a: Landorus-Therian|147\/320|[from] Stealth Rock
|-ability|p2a: Landorus-Therian|Intimidate|[of] p1a: Venusaur
|-unboost|p1a: Venusaur|atk|1
|
|turn|18
|chat|MegaVenusaurWin|yup :)
|
|move|p2a: Landorus-Therian|Earthquake|p1a: Venusaur
|-damage|p1a: Venusaur|72\/353
|move|p1a: Venusaur|Synthesis|p1a: Venusaur
|-heal|p1a: Venusaur|248\/353
|
|turn|19
|chat|ZappyBoy|yeaa i dont have time for that
|-message|ZappyBoy forfeited.
|
|win|MegaVenusaurWin
|raw|Ladder updating...
|leave|ZappyBoy
|player|p2
|raw|MegaVenusaurWin's rating: 1000 &rarr; <strong>1045<\/strong><br \/>(+45 for winning)
|raw|ZappyBoy's rating: 1040 &rarr; <strong>1022<\/strong><br \/>(-18 for losing)