|join|ZappyBoy
|join|xXCarracostaXx
|player|p1|ZappyBoy|151
|player|p2|xXCarracostaXx|25
|gametype|singles
|gen|6
|tier|OU (suspect test)
|rated
|clearpoke
|poke|p1|Breloom, F
|poke|p1|Conkeldurr, M
|poke|p1|Infernape, M
|poke|p1|Terrakion
|poke|p1|Keldeo
|poke|p1|Lucario, F
|poke|p2|Mamoswine, M
|poke|p2|Aegislash, F
|poke|p2|Kyurem-Black
|poke|p2|Mawile, F
|poke|p2|Rotom-Wash
|poke|p2|Starmie
|rule|Sleep Clause Mod: Limit one foe put to sleep
|rule|Species Clause: Limit one of each Pokemon
|rule|OHKO Clause: OHKO moves are banned
|rule|Moody Clause: Moody is banned
|rule|Evasion Moves Clause: Evasion moves are banned
|rule|Endless Battle Clause: Forcing endless battles is banned.
|rule|HP Percentage Mod: HP is reported as percentages
|teampreview
|
|start
|switch|p1a: Infernape|Infernape, M|262\/262
|switch|p2a: Mamoswine|Mamoswine, M|424\/424
|turn|1
|
|move|p1a: Infernape|Stealth Rock|p2a: Mamoswine
|-sidestart|p2: xXCarracostaXx|move: Stealth Rock
|move|p2a: Mamoswine|Stealth Rock|p1a: Infernape
|-sidestart|p1: ZappyBoy|move: Stealth Rock
|
|turn|2
|
|switch|p1a: Conkeldurr|Conkeldurr, M|414\/414
|-damage|p1a: Conkeldurr|389\/414|[from] Stealth Rock
|move|p2a: Mamoswine|Earthquake|p1a: Conkeldurr
|-damage|p1a: Conkeldurr|176\/414
|
|turn|3
|
|move|p1a: Conkeldurr|Mach Punch|p2a: Mamoswine
|-supereffective|p2a: Mamoswine
|-damage|p2a: Mamoswine|220\/424
|move|p2a: Mamoswine|Earthquake|p1a: Conkeldurr
|-damage|p1a: Conkeldurr|0 fnt
|faint|p1a: Conkeldurr
|
|
|switch|p1a: Keldeo|Keldeo|386\/386
|-damage|p1a: Keldeo|362\/386|[from] Stealth Rock
|turn|4
|
|move|p1a: Keldeo|Calm Mind|p1a: Keldeo
|-boost|p1a: Keldeo|spa|1
|-boost|p1a: Keldeo|spd|1
|move|p2a: Mamoswine|Earthquake|p1a: Keldeo
|-damage|p1a: Keldeo|163\/386
|
|-heal|p1a: Keldeo|187\/386|[from] item: Leftovers
|turn|5
|
|move|p1a: Keldeo|Scald|p2a: Mamoswine
|-supereffective|p2a: Mamoswine
|-damage|p2a: Mamoswine|0 fnt
|faint|p2a: Mamoswine
|
|-heal|p1a: Keldeo|211\/386|[from] item: Leftovers
|
|switch|p2a: Rotom-Wash|Rotom-Wash|304\/304
|-damage|p2a: Rotom-Wash|266\/304|[from] Stealth Rock
|turn|6
|
|move|p1a: Keldeo|Focus Blast|p2a: Rotom-Wash|[miss]
|-miss|p1a: Keldeo|p2a: Rotom-Wash
|move|p2a: Rotom-Wash|Volt Switch|p1a: Keldeo
|-supereffective|p1a: Keldeo
|-damage|p1a: Keldeo|77\/386
|
|switch|p2a: Starmie|Starmie|261\/261
|-damage|p2a: Starmie|229\/261|[from] Stealth Rock
|
|-heal|p1a: Keldeo|101\/386|[from] item: Leftovers
|turn|7
|
|move|p2a: Starmie|Thunderbolt|p1a: Keldeo
|-supereffective|p1a: Keldeo
|-damage|p1a: Keldeo|0 fnt
|-damage|p2a: Starmie|203\/261|[from] item: Life Orb
|faint|p1a: Keldeo
|
|
|switch|p1a: Terrakion|Terrakion|324\/324
|-damage|p1a: Terrakion|304\/324|[from] Stealth Rock
|turn|8
|
|move|p2a: Starmie|Rapid Spin|p1a: Terrakion
|-resisted|p1a: Terrakion
|-damage|p1a: Terrakion|296\/324
|-sideend|p2: xXCarracostaXx|Stealth Rock|[from] move: Rapid Spin|[of] p2a: Starmie
|-damage|p2a: Starmie|177\/261|[from] item: Life Orb
|move|p1a: Terrakion|Stone Edge|p2a: Starmie
|-damage|p2a: Starmie|0 fnt
|-damage|p1a: Terrakion|264\/324|[from] item: Life Orb
|faint|p2a: Starmie
|
|
|switch|p2a: Aegislash|Aegislash, F|324\/324
|turn|9
|
|move|p1a: Terrakion|Earthquake|p2a: Aegislash
|-supereffective|p2a: Aegislash
|-damage|p2a: Aegislash|116\/324
|-enditem|p2a: Aegislash|Weakness Policy
|-boost|p2a: Aegislash|atk|2|[from] item: Weakness Policy
|-boost|p2a: Aegislash|spa|2|[from] item: Weakness Policy
|-damage|p1a: Terrakion|232\/324|[from] item: Life Orb
|-formechange|p2a: Aegislash|Aegislash-Blade
|move|p2a: Aegislash|Flash Cannon|p1a: Terrakion
|-supereffective|p1a: Terrakion
|-damage|p1a: Terrakion|0 fnt
|faint|p1a: Terrakion
|
|leave|ZappyBoy
|player|p1
|join|ZappyBoy
|player|p1|ZappyBoy|151
|
|switch|p1a: Lucario|Lucario, F|281\/281
|-damage|p1a: Lucario|273\/281|[from] Stealth Rock
|turn|10
|
|-formechange|p2a: Aegislash|Aegislash
|move|p2a: Aegislash|King's Shield|p2a: Aegislash
|-singleturn|p2a: Aegislash|Protect
|move|p1a: Lucario|Bullet Punch|p2a: Aegislash
|-activate|p2a: Aegislash|Protect
|-unboost|p1a: Lucario|atk|2
|
|turn|11
|
|switch|p1a: Infernape|Infernape, M|262\/262
|-damage|p1a: Infernape|230\/262|[from] Stealth Rock
|-formechange|p2a: Aegislash|Aegislash-Blade
|move|p2a: Aegislash|Shadow Ball|p1a: Infernape
|-damage|p1a: Infernape|0 fnt
|faint|p1a: Infernape
|
|
|switch|p1a: Breloom|Breloom, F|298\/298
|-damage|p1a: Breloom|280\/298|[from] Stealth Rock
|turn|12
|
|-formechange|p2a: Aegislash|Aegislash
|move|p2a: Aegislash|King's Shield|p2a: Aegislash
|-singleturn|p2a: Aegislash|Protect
|move|p1a: Breloom|Spore|p2a: Aegislash
|-status|p2a: Aegislash|slp
|
|-status|p1a: Breloom|tox|[from] item: Toxic Orb
|turn|13
|
|switch|p2a: Mawile|Mawile, F|304\/304
|-ability|p2a: Mawile|Intimidate|[of] p1a: Breloom
|-unboost|p1a: Breloom|atk|1
|move|p1a: Breloom|Leech Seed|p2a: Mawile
|-start|p2a: Mawile|move: Leech Seed
|
|-damage|p2a: Mawile|266\/304|[from] Leech Seed|[of] p1a: Breloom
|-heal|p1a: Breloom|298\/298 tox|[silent]
|turn|14
|
|-formechange|p2a: Mawile|Mawile-Mega
|message|Mawile has Mega Evolved into Mega Mawile!
|move|p1a: Breloom|Substitute|p1a: Breloom
|-start|p1a: Breloom|Substitute
|-damage|p1a: Breloom|224\/298 tox
|move|p2a: Mawile|Play Rough|p1a: Breloom
|-supereffective|p1a: Breloom
|-end|p1a: Breloom|Substitute
|
|-damage|p2a: Mawile|228\/304|[from] Leech Seed|[of] p1a: Breloom
|-heal|p1a: Breloom|262\/298 tox|[silent]
|-heal|p1a: Breloom|298\/298 tox|[from] ability: Poison Heal
|turn|15
|
|move|p1a: Breloom|Substitute|p1a: Breloom
|-start|p1a: Breloom|Substitute
|-damage|p1a: Breloom|224\/298 tox
|move|p2a: Mawile|Play Rough|p1a: Breloom
|-supereffective|p1a: Breloom
|-end|p1a: Breloom|Substitute
|
|-damage|p2a: Mawile|190\/304|[from] Leech Seed|[of] p1a: Breloom
|-heal|p1a: Breloom|262\/298 tox|[silent]
|-heal|p1a: Breloom|298\/298 tox|[from] ability: Poison Heal
|turn|16
|
|move|p1a: Breloom|Substitute|p1a: Breloom
|-start|p1a: Breloom|Substitute
|-damage|p1a: Breloom|224\/298 tox
|move|p2a: Mawile|Play Rough|p1a: Breloom
|-crit|p1a: Breloom
|-supereffective|p1a: Breloom
|-end|p1a: Breloom|Substitute
|
|-damage|p2a: Mawile|152\/304|[from] Leech Seed|[of] p1a: Breloom
|-heal|p1a: Breloom|262\/298 tox|[silent]
|-heal|p1a: Breloom|298\/298 tox|[from] ability: Poison Heal
|turn|17
|
|switch|p2a: Aegislash|Aegislash, F|116\/324 slp
|move|p1a: Breloom|Substitute|p1a: Breloom
|-start|p1a: Breloom|Substitute
|-damage|p1a: Breloom|224\/298 tox
|
|-heal|p1a: Breloom|261\/298 tox|[from] ability: Poison Heal
|turn|18
|
|move|p1a: Breloom|Leech Seed|p2a: Aegislash
|-start|p2a: Aegislash|move: Leech Seed
|-formechange|p2a: Aegislash|Aegislash-Blade
|cant|p2a: Aegislash|slp
|
|-damage|p2a: Aegislash|76\/324 slp|[from] Leech Seed|[of] p1a: Breloom
|-heal|p1a: Breloom|298\/298 tox|[silent]
|turn|19
|
|switch|p2a: Mawile|Mawile, F|152\/304
|-formechange|p2a: Mawile|Mawile-Mega
|move|p1a: Breloom|Substitute|p1a: Breloom
|-fail|p1a: Breloom|move: Substitute
|
|turn|20
|
|move|p1a: Breloom|Leech Seed|p2a: Mawile
|-start|p2a: Mawile|move: Leech Seed
|move|p2a: Mawile|Play Rough|p1a: Breloom|[miss]
|-miss|p2a: Mawile|p1a: Breloom
|
|-damage|p2a: Mawile|114\/304|[from] Leech Seed|[of] p1a: Breloom
|turn|21
|
|-singleturn|p1a: Breloom|move: Focus Punch
|move|p2a: Mawile|Play Rough|p1a: Breloom
|-supereffective|p1a: Breloom
|-end|p1a: Breloom|Substitute
|move|p1a: Breloom|Focus Punch|p2a: Mawile
|-damage|p2a: Mawile|0 fnt
|faint|p2a: Mawile
|
|
|switch|p2a: Kyurem-Black|Kyurem-Black|405\/405
|-ability|p2a: Kyurem-Black|Teravolt
|turn|22
|
|switch|p1a: Lucario|Lucario, F|273\/281
|-damage|p1a: Lucario|265\/281|[from] Stealth Rock
|move|p2a: Kyurem-Black|Ice Beam|p1a: Lucario
|-resisted|p1a: Lucario
|-damage|p1a: Lucario|155\/281
|
|turn|23
|
|move|p2a: Kyurem-Black|Earth Power|p1a: Lucario
|-supereffective|p1a: Lucario
|-damage|p1a: Lucario|0 fnt
|faint|p1a: Lucario
|
|
|switch|p1a: Breloom|Breloom, F|298\/298 tox
|-damage|p1a: Breloom|280\/298 tox|[from] Stealth Rock
|turn|24
|
|-singleturn|p1a: Breloom|move: Focus Punch
|move|p2a: Kyurem-Black|Ice Beam|p1a: Breloom
|-supereffective|p1a: Breloom
|-damage|p1a: Breloom|0 fnt
|faint|p1a: Breloom
|
|win|xXCarracostaXx
|raw|Ladder updating...
|raw|ZappyBoy's rating: 1105 &rarr; <strong>1089<\/strong><br \/>(-16 for losing)
|raw|xXCarracostaXx's rating: 1226 &rarr; <strong>1243<\/strong><br \/>(+17 for winning)
|chat|xXCarracostaXx|gg
|leave|ZappyBoy
|player|p1