|join|RandomlyBattlin3.0
|join|ZappyBoy
|player|p1|RandomlyBattlin3.0|102
|player|p2|ZappyBoy|156
|gametype|doubles
|gen|6
|tier|Smogon Doubles
|rated
|clearpoke
|poke|p1|Chesnaught, M, shiny
|poke|p1|Heatran, F, shiny
|poke|p1|Ludicolo, M, shiny
|poke|p1|Politoed, M, shiny
|poke|p1|Genesect-*, shiny
|poke|p1|Manectric, F, shiny
|poke|p2|Cresselia, F, shiny
|poke|p2|Conkeldurr, F
|poke|p2|Rhyperior, M, shiny
|poke|p2|Clawitzer, F, shiny
|poke|p2|Aromatisse, F, shiny
|poke|p2|Mawile, F
|rule|Species Clause: Limit one of each PokÃ©mon
|rule|OHKO Clause: OHKO moves are banned
|rule|Moody Clause: Moody is banned
|rule|Evasion Abilities Clause: Evasion abilities are banned
|rule|Evasion Moves Clause: Evasion moves are banned
|rule|Endless Battle Clause: Forcing endless battles is banned
|rule|HP Percentage Mod: HP is shown in percentages
|teampreview
|
|start
|switch|p1a: Genesect|Genesect, shiny|283\/283
|switch|p1b: Manectric|Manectric, F, shiny|282\/282
|switch|p2a: SailorMoon|Cresselia, F, shiny|444\/444
|switch|p2b: Amazon|Conkeldurr, F|351\/351
|-boost|p1a: Genesect|spa|1|[from] ability: Download
|turn|1
|
|switch|p2a: MiniDevil|Aromatisse, F, shiny|406\/406
|switch|p2b: GoldenArmor|Rhyperior, M, shiny|434\/434
|detailschange|p1b: Manectric|Manectric-Mega, F, shiny
|message|Manectric has Mega Evolved into Mega Manectric!
|-ability|p1b: Manectric|Intimidate|[of] p2a: MiniDevil
|-unboost|p2a: MiniDevil|atk|1
|-ability|p1b: Manectric|Intimidate|[of] p2b: GoldenArmor
|-unboost|p2b: GoldenArmor|atk|1
|move|p1a: Genesect|U-turn|p2a: MiniDevil
|-resisted|p2a: MiniDevil
|-damage|p2a: MiniDevil|338\/406
|
|switch|p1a: Politoed|Politoed, M, shiny|384\/384
|-weather|RainDance
|move|p1b: Manectric|Thunder|p2a: MiniDevil
|-damage|p2a: MiniDevil|149\/406
|-status|p2a: MiniDevil|par
|
|-weather|RainDance|[upkeep]
|-heal|p2a: MiniDevil|174\/406 par|[from] item: Leftovers
|turn|2
|
|move|p2b: GoldenArmor|Protect|p2b: GoldenArmor
|-singleturn|p2b: GoldenArmor|Protect
|move|p1b: Manectric|Thunder|p2a: MiniDevil
|-damage|p2a: MiniDevil|0 fnt
|faint|p2a: MiniDevil
|move|p1a: Politoed|Scald|p2b: GoldenArmor
|-activate|p2b: GoldenArmor|Protect
|
|-weather|RainDance|[upkeep]
|
|switch|p2a: Amazon|Conkeldurr, F|351\/351
|turn|3
|
|switch|p2b: SailorMoon|Cresselia, F, shiny|444\/444
|move|p1b: Manectric|Electric Terrain|p1b: Manectric
|-fieldstart|move: Electric Terrain
|move|p1a: Politoed|Encore|p2b: SailorMoon
|-fail|p2b: SailorMoon
|move|p2a: Amazon|Drain Punch|p1b: Manectric
|-damage|p1b: Manectric|108\/282
|
|-weather|RainDance|[upkeep]
|turn|4
|
|move|p2b: SailorMoon|Helping Hand|p2a: Amazon
|-singleturn|p2a: Amazon|Helping Hand|[of] p2b: SailorMoon
|move|p2a: Amazon|Mach Punch|p1b: Manectric
|-damage|p1b: Manectric|0 fnt
|faint|p1b: Manectric
|move|p1a: Politoed|Toxic|p2b: SailorMoon
|-status|p2b: SailorMoon|tox
|
|-weather|RainDance|[upkeep]
|-damage|p2b: SailorMoon|417\/444 tox|[from] psn
|
|switch|p1b: Genesect|Genesect, shiny|283\/283
|-boost|p1b: Genesect|spa|1|[from] ability: Download
|turn|5
|
|move|p1b: Genesect|Iron Head|p2a: Amazon
|-damage|p2a: Amazon|242\/351
|move|p1a: Politoed|Scald|p2a: Amazon
|-damage|p2a: Amazon|143\/351
|move|p2a: Amazon|Drain Punch|p1a: Politoed
|-damage|p1a: Politoed|237\/384
|-heal|p2a: Amazon|217\/351|[from] drain|[of] p1a: Politoed
|move|p2b: SailorMoon|Trick Room|p2b: SailorMoon
|-fieldstart|move: Trick Room|[of] p2b: SailorMoon
|
|-weather|none
|-damage|p2b: SailorMoon|363\/444 tox|[from] psn
|turn|6
|
|switch|p1a: Ludicolo|Ludicolo, M, shiny|327\/327
|switch|p1b: Chesnaught|Chesnaught, M, shiny|368\/368
|move|p2b: SailorMoon|Helping Hand|p2a: Amazon
|-singleturn|p2a: Amazon|Helping Hand|[of] p2b: SailorMoon
|move|p2a: Amazon|Drain Punch|p1b: Chesnaught
|-damage|p1b: Chesnaught|197\/368
|-heal|p2a: Amazon|303\/351|[from] drain|[of] p1b: Chesnaught
|
|-damage|p2b: SailorMoon|282\/444 tox|[from] psn
|turn|7
|
|move|p1a: Ludicolo|Fake Out|p2b: SailorMoon
|-damage|p2b: SailorMoon|266\/444 tox
|move|p2a: Amazon|Drain Punch|p1a: Ludicolo
|-damage|p1a: Ludicolo|102\/327
|-heal|p2a: Amazon|351\/351|[from] drain|[of] p1a: Ludicolo
|cant|p2b: SailorMoon|flinch
|move|p1b: Chesnaught|Leech Seed|p2a: Amazon
|-start|p2a: Amazon|move: Leech Seed
|
|-damage|p2a: Amazon|308\/351|[from] Leech Seed|[of] p1b: Chesnaught
|-heal|p1b: Chesnaught|240\/368|[silent]
|-damage|p2b: SailorMoon|158\/444 tox|[from] psn
|-fieldend|move: Electric Terrain
|turn|8
|
|switch|p2b: DragonTrap|Mawile, F|304\/304
|-ability|p2b: DragonTrap|Intimidate|[of] p1a: Ludicolo
|-unboost|p1a: Ludicolo|atk|1
|-ability|p2b: DragonTrap|Intimidate|[of] p1b: Chesnaught
|-unboost|p1b: Chesnaught|atk|1
|switch|p1a: Genesect|Genesect, shiny|283\/283
|-boost|p1a: Genesect|spa|1|[from] ability: Download
|move|p1b: Chesnaught|Spiky Shield|p1b: Chesnaught
|-singleturn|p1b: Chesnaught|move: Protect
|move|p2a: Amazon|Poison Jab|p1a: Genesect
|-immune|p1a: Genesect|[msg]
|
|-damage|p2a: Amazon|265\/351|[from] Leech Seed|[of] p1b: Chesnaught
|-heal|p1b: Chesnaught|283\/368|[silent]
|turn|9
|
|switch|p1a: Heatran|Heatran, F, shiny|335\/335
|detailschange|p2b: DragonTrap|Mawile-Mega, F
|message|Mawile has Mega Evolved into Mega Mawile!
|move|p2a: Amazon|Poison Jab|p1b: Chesnaught
|-supereffective|p1b: Chesnaught
|-damage|p1b: Chesnaught|127\/368
|move|p2b: DragonTrap|Fire Fang|p1a: Heatran
|-start|p1a: Heatran|ability: Flash Fire
|move|p1b: Chesnaught|Leech Seed|p2b: DragonTrap|[miss]
|-miss|p1b: Chesnaught|p2b: DragonTrap
|
|-damage|p2a: Amazon|222\/351|[from] Leech Seed|[of] p1b: Chesnaught
|-heal|p1b: Chesnaught|170\/368|[silent]
|-fieldend|move: Trick Room
|turn|10
|
|switch|p2b: GoldenArmor|Rhyperior, M, shiny|434\/434
|move|p2a: Amazon|Mach Punch|p1a: Heatran
|-supereffective|p1a: Heatran
|-damage|p1a: Heatran|213\/335
|move|p1a: Heatran|Heat Wave|p2b: GoldenArmor
|-damage|p2a: Amazon|72\/351
|-resisted|p2b: GoldenArmor
|-damage|p2b: GoldenArmor|288\/434
|-status|p2b: GoldenArmor|brn
|move|p1b: Chesnaught|Leech Seed|p2b: GoldenArmor
|-start|p2b: GoldenArmor|move: Leech Seed
|
|-damage|p2a: Amazon|29\/351|[from] Leech Seed|[of] p1b: Chesnaught
|-heal|p1b: Chesnaught|213\/368|[silent]
|-damage|p2b: GoldenArmor|234\/434 brn|[from] Leech Seed|[of] p1b: Chesnaught
|-heal|p1b: Chesnaught|267\/368|[silent]
|-damage|p2b: GoldenArmor|180\/434 brn|[from] brn
|turn|11
|
|switch|p1a: Politoed|Politoed, M, shiny|237\/384
|-weather|RainDance
|move|p1b: Chesnaught|Spiky Shield|p1b: Chesnaught
|-singleturn|p1b: Chesnaught|move: Protect
|move|p2a: Amazon|Mach Punch|p1a: Politoed
|-damage|p1a: Politoed|170\/384
|-enditem|p1a: Politoed|Sitrus Berry|[eat]
|-heal|p1a: Politoed|266\/384|[from] item: Sitrus Berry
|move|p2b: GoldenArmor|Stealth Rock|p1b: Chesnaught
|-sidestart|p1: RandomlyBattlin3.0|move: Stealth Rock
|
|-weather|RainDance|[upkeep]
|-damage|p2a: Amazon|0 fnt|[from] Leech Seed|[of] p1b: Chesnaught
|-heal|p1b: Chesnaught|296\/368|[silent]
|-damage|p2b: GoldenArmor|126\/434 brn|[from] Leech Seed|[of] p1b: Chesnaught
|-heal|p1b: Chesnaught|350\/368|[silent]
|-damage|p2b: GoldenArmor|72\/434 brn|[from] brn
|faint|p2a: Amazon
|
|switch|p2a: SailorMoon|Cresselia, F, shiny|158\/444 tox
|turn|12
|
|move|p1a: Politoed|Scald|p2a: SailorMoon
|-damage|p2a: SailorMoon|68\/444 tox
|move|p1b: Chesnaught|Wood Hammer|p2a: SailorMoon
|-damage|p2a: SailorMoon|0 fnt
|-damage|p1b: Chesnaught|328\/368|[from] recoil|[of] p2a: SailorMoon
|faint|p2a: SailorMoon
|move|p2b: GoldenArmor|Earthquake|p1b: Chesnaught
|-damage|p1a: Politoed|203\/384
|-resisted|p1b: Chesnaught
|-damage|p1b: Chesnaught|301\/368
|
|-weather|RainDance|[upkeep]
|-damage|p2b: GoldenArmor|18\/434 brn|[from] Leech Seed|[of] p1b: Chesnaught
|-heal|p1b: Chesnaught|355\/368|[silent]
|-damage|p2b: GoldenArmor|0 fnt|[from] brn
|faint|p2b: GoldenArmor
|
|switch|p2a: STD|Clawitzer, F, shiny|346\/346
|switch|p2b: DragonTrap|Mawile-Mega, F|304\/304
|turn|13
|
|move|p1a: Politoed|Scald|p2b: DragonTrap
|-damage|p2b: DragonTrap|160\/304
|-status|p2b: DragonTrap|brn
|move|p1b: Chesnaught|Leech Seed|p2a: STD
|-start|p2a: STD|move: Leech Seed
|move|p2a: STD|Sludge Wave|p1b: Chesnaught
|-immune|p2b: DragonTrap|[msg]
|-damage|p1a: Politoed|81\/384
|-supereffective|p1b: Chesnaught
|-damage|p1b: Chesnaught|33\/368
|move|p2b: DragonTrap|Play Rough|p1b: Chesnaught
|-supereffective|p1b: Chesnaught
|-damage|p1b: Chesnaught|0 fnt
|faint|p1b: Chesnaught
|
|-weather|RainDance|[upkeep]
|-damage|p2b: DragonTrap|122\/304 brn|[from] brn
|-message|ZappyBoy forfeited.
|
|win|RandomlyBattlin3.0
|raw|Ladder updating...
|leave|ZappyBoy
|player|p2
|raw|RandomlyBattlin3.0's rating: 1368 &rarr; <strong>1393<\/strong><br \/>(+25 for winning)
|raw|ZappyBoy's rating: 1450 &rarr; <strong>1425<\/strong><br \/>(-25 for losing)