|join|u got klefkied
|join|Judo Black Belt
|player|p1|u got klefkied|290
|player|p2|Judo Black Belt|151
|gametype|singles
|gen|6
|tier|OU
|rated
|clearpoke
|poke|p1|Aerodactyl, M
|poke|p1|Crawdaunt, M
|poke|p1|Raikou
|poke|p1|Diancie
|poke|p1|Heatran, F
|poke|p1|Latias, F
|poke|p2|Diancie
|poke|p2|Gothitelle, M, shiny
|poke|p2|Breloom, F
|poke|p2|Celebi
|poke|p2|Garchomp, M
|poke|p2|Bisharp, M
|rule|Swagger Clause: Swagger is banned
|rule|Baton Pass Clause: Limit one PokÃ©mon knowing Baton Pass
|rule|Sleep Clause Mod: Limit one foe put to sleep
|rule|Species Clause: Limit one of each PokÃ©mon
|rule|OHKO Clause: OHKO moves are banned
|rule|Moody Clause: Moody is banned
|rule|Evasion Moves Clause: Evasion moves are banned
|rule|Endless Battle Clause: Forcing endless battles is banned
|rule|HP Percentage Mod: HP is shown in percentages
|teampreview
|
|start
|switch|p1a: Aerodactyl|Aerodactyl, M|301\/301
|switch|p2a: Garchomp|Garchomp, M|420\/420
|-ability|p1a: Aerodactyl|Unnerve|p2: Judo Black Belt
|turn|1
|
|move|p1a: Aerodactyl|Taunt|p2a: Garchomp
|-start|p2a: Garchomp|move: Taunt
|move|p2a: Garchomp|Dragon Tail|p1a: Aerodactyl
|-damage|p1a: Aerodactyl|178\/301
|drag|p1a: Raikou|Raikou|321\/321
|-ability|p1a: Raikou|Pressure
|
|turn|2
|
|switch|p1a: Aerodactyl|Aerodactyl, M|178\/301
|-ability|p1a: Aerodactyl|Unnerve|p2: Judo Black Belt
|switch|p2a: Celebi|Celebi|403\/403
|
|turn|3
|
|move|p1a: Aerodactyl|Stealth Rock|p2a: Celebi
|-sidestart|p2: Judo Black Belt|move: Stealth Rock
|move|p2a: Celebi|Seed Bomb|p1a: Aerodactyl
|-damage|p1a: Aerodactyl|64\/301
|
|turn|4
|
|move|p1a: Aerodactyl|Tailwind|p1a: Aerodactyl
|-sidestart|p1: u got klefkied|move: Tailwind
|move|p2a: Celebi|Seed Bomb|p1a: Aerodactyl
|-damage|p1a: Aerodactyl|0 fnt
|faint|p1a: Aerodactyl
|
|
|switch|p1a: Crawdaunt|Crawdaunt, M|269\/269
|turn|5
|
|switch|p2a: Garchomp|Garchomp, M|420\/420
|-damage|p2a: Garchomp|394\/420|[from] Stealth Rock
|move|p1a: Crawdaunt|Knock Off|p2a: Garchomp
|-damage|p2a: Garchomp|181\/420
|-damage|p1a: Crawdaunt|236\/269|[from] ability: Rough Skin|[of] p2a: Garchomp
|-damage|p1a: Crawdaunt|192\/269|[from] item: Rocky Helmet|[of] p2a: Garchomp
|-enditem|p2a: Garchomp|Rocky Helmet|[from] move: Knock Off|[of] p1a: Crawdaunt
|-damage|p1a: Crawdaunt|166\/269|[from] item: Life Orb
|
|turn|6
|
|move|p1a: Crawdaunt|Crabhammer|p2a: Garchomp
|-damage|p2a: Garchomp|0 fnt
|-damage|p1a: Crawdaunt|133\/269|[from] ability: Rough Skin|[of] p2a: Garchomp
|-damage|p1a: Crawdaunt|107\/269|[from] item: Life Orb
|faint|p2a: Garchomp
|
|
|switch|p2a: Mrs. Jones|Gothitelle, M, shiny|281\/281
|-damage|p2a: Mrs. Jones|246\/281|[from] Stealth Rock
|turn|7
|
|switch|p2a: Emily|Diancie|241\/241
|-damage|p2a: Emily|211\/241|[from] Stealth Rock
|move|p1a: Crawdaunt|Knock Off|p2a: Emily
|-resisted|p2a: Emily
|-damage|p2a: Emily|147\/241
|-damage|p1a: Crawdaunt|81\/269|[from] item: Life Orb
|
|-sideend|p1: u got klefkied|move: Tailwind
|turn|8
|
|switch|p2a: Celebi|Celebi|403\/403
|-damage|p2a: Celebi|353\/403|[from] Stealth Rock
|move|p1a: Crawdaunt|Aqua Jet|p2a: Celebi
|-resisted|p2a: Celebi
|-damage|p2a: Celebi|297\/403
|-damage|p1a: Crawdaunt|55\/269|[from] item: Life Orb
|
|-heal|p2a: Celebi|322\/403|[from] item: Leftovers
|turn|9
|
|move|p2a: Celebi|Baton Pass|p2a: Celebi
|
|switch|p2a: Super Sentai|Bisharp, M|271\/271
|-damage|p2a: Super Sentai|255\/271|[from] Stealth Rock
|move|p1a: Crawdaunt|Knock Off|p2a: Super Sentai
|-resisted|p2a: Super Sentai
|-damage|p2a: Super Sentai|104\/271
|-enditem|p2a: Super Sentai|Life Orb|[from] move: Knock Off|[of] p1a: Crawdaunt
|-damage|p1a: Crawdaunt|29\/269|[from] item: Life Orb
|
|turn|10
|
|move|p2a: Super Sentai|Sucker Punch|p1a: Crawdaunt
|-resisted|p1a: Crawdaunt
|-damage|p1a: Crawdaunt|0 fnt
|faint|p1a: Crawdaunt
|
|
|switch|p1a: Raikou|Raikou|321\/321
|-ability|p1a: Raikou|Pressure
|turn|11
|
|move|p2a: Super Sentai|Sucker Punch|p1a: Raikou
|-fail|p1a: Raikou
|move|p1a: Raikou|Substitute|p1a: Raikou
|-start|p1a: Raikou|Substitute
|-damage|p1a: Raikou|241\/321
|
|-heal|p1a: Raikou|261\/321|[from] item: Leftovers
|turn|12
|
|move|p2a: Super Sentai|Sucker Punch|p1a: Raikou
|-fail|p1a: Raikou
|move|p1a: Raikou|Calm Mind|p1a: Raikou
|-boost|p1a: Raikou|spa|1
|-boost|p1a: Raikou|spd|1
|
|-heal|p1a: Raikou|281\/321|[from] item: Leftovers
|turn|13
|
|move|p2a: Super Sentai|Sucker Punch|p1a: Raikou
|-end|p1a: Raikou|Substitute
|move|p1a: Raikou|Thunderbolt|p2a: Super Sentai
|-damage|p2a: Super Sentai|0 fnt
|faint|p2a: Super Sentai
|
|-heal|p1a: Raikou|301\/321|[from] item: Leftovers
|
|switch|p2a: Holyfield|Breloom, F|261\/261
|-damage|p2a: Holyfield|245\/261|[from] Stealth Rock
|turn|14
|
|move|p1a: Raikou|Shadow Ball|p2a: Holyfield
|-crit|p2a: Holyfield
|-damage|p2a: Holyfield|0 fnt
|faint|p2a: Holyfield
|
|-heal|p1a: Raikou|321\/321|[from] item: Leftovers
|c|âJudo Black Belt|arf
|c|âJudo Black Belt|crit mattered
|c|âJudo Black Belt|ff
|c|âJudo Black Belt|gg
|-message|Judo Black Belt forfeited.
|
|win|u got klefkied
|raw|Ladder updating...
|c|âu got klefkied|did not matter
|leave|Judo Black Belt
|player|p2
|raw|u got klefkied's rating: 1501 &rarr; <strong>1525<\/strong><br \/>(+24 for winning)
|raw|Judo Black Belt's rating: 1564 &rarr; <strong>1540<\/strong><br \/>(-24 for losing)
|c|âu got klefkied|i know your spread