|join|u got klefkied
|join|DaisukeLight
|player|p1|u got klefkied|136
|player|p2|DaisukeLight|169
|gametype|singles
|gen|6
|tier|OU
|rated
|clearpoke
|poke|p1|Aerodactyl, F
|poke|p1|Raikou
|poke|p1|Crawdaunt, F
|poke|p1|Diancie
|poke|p1|Heatran, F
|poke|p1|Latias, F
|poke|p2|Heracross, M
|poke|p2|Heatran, M
|poke|p2|Thundurus, M
|poke|p2|Bisharp, M
|poke|p2|Clefable, M
|poke|p2|Keldeo
|rule|Swagger Clause: Swagger is banned
|rule|Baton Pass Clause: Limit one PokÃ©mon knowing Baton Pass
|rule|Sleep Clause Mod: Limit one foe put to sleep
|rule|Species Clause: Limit one of each PokÃ©mon
|rule|OHKO Clause: OHKO moves are banned
|rule|Moody Clause: Moody is banned
|rule|Evasion Moves Clause: Evasion moves are banned
|rule|Endless Battle Clause: Forcing endless battles is banned
|rule|HP Percentage Mod: HP is shown in percentages
|teampreview
|
|start
|switch|p1a: Aerodactyl|Aerodactyl, F|301\/301
|switch|p2a: Keldeo|Keldeo|323\/323
|turn|1
|
|move|p2a: Keldeo|Hydro Pump|p1a: Aerodactyl
|-supereffective|p1a: Aerodactyl
|-enditem|p1a: Aerodactyl|Focus Sash
|-damage|p1a: Aerodactyl|1\/301
|move|p1a: Aerodactyl|Stealth Rock|p2a: Keldeo
|-sidestart|p2: DaisukeLight|move: Stealth Rock
|
|turn|2
|
|switch|p1a: Latias|Latias, F|301\/301
|move|p2a: Keldeo|Hydro Pump|p1a: Latias|[miss]
|-miss|p2a: Keldeo|p1a: Latias
|
|turn|3
|
|switch|p1a: Heatran|Heatran, F|323\/323
|switch|p2a: Heatran|Heatran, M|385\/385
|-damage|p2a: Heatran|337\/385|[from] Stealth Rock
|
|-heal|p2a: Heatran|361\/385|[from] item: Leftovers
|turn|4
|
|move|p1a: Heatran|Taunt|p2a: Heatran
|-start|p2a: Heatran|move: Taunt
|cant|p2a: Heatran|move: Taunt|Stealth Rock
|
|-heal|p2a: Heatran|385\/385|[from] item: Leftovers
|turn|5
|
|switch|p2a: Keldeo|Keldeo|323\/323
|-damage|p2a: Keldeo|303\/323|[from] Stealth Rock
|move|p1a: Heatran|Substitute|p1a: Heatran
|-start|p1a: Heatran|Substitute
|-damage|p1a: Heatran|243\/323
|
|-heal|p1a: Heatran|263\/323|[from] item: Leftovers
|turn|6
|
|move|p2a: Keldeo|Secret Sword|p1a: Heatran
|-supereffective|p1a: Heatran
|-end|p1a: Heatran|Substitute
|move|p1a: Heatran|Fire Blast|p2a: Keldeo
|-resisted|p2a: Keldeo
|-damage|p2a: Keldeo|188\/323
|
|-heal|p1a: Heatran|283\/323|[from] item: Leftovers
|turn|7
|
|switch|p1a: Latias|Latias, F|301\/301
|move|p2a: Keldeo|Secret Sword|p1a: Latias
|-resisted|p1a: Latias
|-damage|p1a: Latias|225\/301
|
|turn|8
|
|switch|p1a: Aerodactyl|Aerodactyl, F|1\/301
|switch|p2a: Bisharp|Bisharp, M|272\/272
|-damage|p2a: Bisharp|255\/272|[from] Stealth Rock
|
|turn|9
|
|move|p2a: Bisharp|Sucker Punch|p1a: Aerodactyl
|-fail|p1a: Aerodactyl
|move|p1a: Aerodactyl|Taunt|p2a: Bisharp
|-start|p2a: Bisharp|move: Taunt
|
|turn|10
|
|move|p1a: Aerodactyl|Tailwind|p1a: Aerodactyl
|-sidestart|p1: u got klefkied|move: Tailwind
|move|p2a: Bisharp|Pursuit|p1a: Aerodactyl
|-damage|p1a: Aerodactyl|0 fnt
|-damage|p2a: Bisharp|228\/272|[from] item: Life Orb
|faint|p1a: Aerodactyl
|
|
|switch|p1a: Diancie|Diancie|261\/261
|turn|11
|
|detailschange|p1a: Diancie|Diancie-Mega
|-mega|p1a: Diancie|Diancie|Diancite
|move|p1a: Diancie|Moonblast|p2a: Bisharp
|-damage|p2a: Bisharp|0 fnt
|faint|p2a: Bisharp
|
|
|switch|p2a: Keldeo|Keldeo|188\/323
|-damage|p2a: Keldeo|168\/323|[from] Stealth Rock
|turn|12
|
|move|p1a: Diancie|Moonblast|p2a: Keldeo
|-supereffective|p2a: Keldeo
|-damage|p2a: Keldeo|0 fnt
|faint|p2a: Keldeo
|
|c|âu got klefkied|tailwind bitch
|
|switch|p2a: Thundurus|Thundurus, M|299\/299
|-damage|p2a: Thundurus|225\/299|[from] Stealth Rock
|turn|13
|
|move|p2a: Thundurus|Thunder Wave|p1a: Diancie
|move|p1a: Diancie|Thunder Wave|p2a: Thundurus|[from]Magic Bounce
|-fail|p2a: Thundurus
|move|p1a: Diancie|Diamond Storm|p2a: Thundurus
|-supereffective|p2a: Thundurus
|-damage|p2a: Thundurus|0 fnt
|-boost|p1a: Diancie|def|1
|faint|p2a: Thundurus
|
|-sideend|p1: u got klefkied|move: Tailwind
|-message|DaisukeLight forfeited.
|
|win|u got klefkied
|raw|Ladder updating...
|leave|DaisukeLight
|player|p2
|raw|u got klefkied's rating: 1444 &rarr; <strong>1459<\/strong><br \/>(+15 for winning)
|raw|DaisukeLight's rating: 1340 &rarr; <strong>1326<\/strong><br \/>(-14 for losing)