|J|u got klefkied
|J|Josito
|player|p1|u got klefkied|290
|player|p2|Josito|266
|gametype|singles
|gen|4
|tier|[Gen 4] OU
|rule|Sleep Clause Mod: Limit one foe put to sleep
|rule|Species Clause: Limit one of each PokÃ©mon
|rule|OHKO Clause: OHKO moves are banned
|rule|Moody Clause: Moody is banned
|rule|Evasion Moves Clause: Evasion moves are banned
|rule|Endless Battle Clause: Forcing endless battles is banned
|rule|HP Percentage Mod: HP is shown in percentages
|
|start
|switch|p1a: Skarmory|Skarmory, M|334\/334
|switch|p2a: Glaiscor|Gliscor, M|354\/354
|turn|1
|
|move|p2a: Glaiscor|Taunt|p1a: Skarmory
|-start|p1a: Skarmory|move: Taunt
|cant|p1a: Skarmory|move: Taunt|Spikes
|
|turn|2
|
|switch|p1a: Starmie|Starmie|323\/323
|move|p2a: Glaiscor|Stealth Rock|p1a: Starmie
|-sidestart|p1: u got klefkied|move: Stealth Rock
|
|turn|3
|
|switch|p2a: Girachi|Jirachi|341\/341
|move|p1a: Starmie|Hydro Pump|p2a: Girachi
|-damage|p2a: Girachi|205\/341
|
|turn|4
|
|move|p2a: Girachi|Thunder Punch|p1a: Starmie
|-supereffective|p1a: Starmie
|-damage|p1a: Starmie|157\/323
|-status|p1a: Starmie|par
|move|p1a: Starmie|Rapid Spin|p2a: Girachi
|-resisted|p2a: Girachi
|-damage|p2a: Girachi|200\/341
|-sideend|p1: u got klefkied|Stealth Rock|[from] move: Rapid Spin|[of] p1a: Starmie
|
|-heal|p1a: Starmie|177\/323 par|[from] item: Leftovers
|turn|5
|
|switch|p1a: Heatran|Heatran, M|375\/375
|move|p2a: Girachi|Thunder Punch|p1a: Heatran
|-damage|p1a: Heatran|302\/375
|
|-heal|p1a: Heatran|325\/375|[from] item: Leftovers
|turn|6
|
|switch|p2a: Glaiscor|Gliscor, M|354\/354
|switch|p1a: Starmie|Starmie|177\/323
|
|-heal|p1a: Starmie|197\/323|[from] item: Leftovers
|turn|7
|
|switch|p2a: Xaimin|Shaymin|341\/341
|move|p1a: Starmie|Hydro Pump|p2a: Xaimin
|-resisted|p2a: Xaimin
|-damage|p2a: Xaimin|273\/341
|
|-heal|p1a: Starmie|217\/323|[from] item: Leftovers
|turn|8
|
|switch|p1a: Dragonite|Dragonite, M|323\/323
|move|p2a: Xaimin|Earth Power|p1a: Dragonite
|-immune|p1a: Dragonite|[msg]
|
|turn|9
|
|switch|p2a: Girachi|Jirachi|200\/341
|switch|p1a: Starmie|Starmie|217\/323
|
|-heal|p1a: Starmie|237\/323|[from] item: Leftovers
|turn|10
|
|switch|p1a: Celebi|Celebi|403\/403
|move|p2a: Girachi|U-turn|p1a: Celebi
|-supereffective|p1a: Celebi
|-damage|p1a: Celebi|111\/403
|
|switch|p2a: Tiranitar|Tyranitar, M|341\/341
|-weather|Sandstorm|[from] ability: Sand Stream|[of] p2a: Tiranitar
|
|-weather|Sandstorm|[upkeep]
|-damage|p1a: Celebi|86\/403|[from] sandstorm
|-heal|p1a: Celebi|111\/403|[from] item: Leftovers
|turn|11
|
|move|p2a: Tiranitar|Pursuit|p1a: Celebi
|-supereffective|p1a: Celebi
|-damage|p1a: Celebi|0 fnt
|faint|p1a: Celebi
|
|-weather|Sandstorm|[upkeep]
|
|switch|p1a: Weavile|Weavile, F|281\/281
|-ability|p1a: Weavile|Pressure
|turn|12
|
|switch|p2a: Inferneip|Infernape, M|293\/293
|move|p1a: Weavile|Low Kick|p2a: Inferneip
|-damage|p2a: Inferneip|127\/293
|-damage|p1a: Weavile|253\/281|[from] item: Life Orb
|
|-weather|Sandstorm|[upkeep]
|-damage|p1a: Weavile|236\/281|[from] sandstorm
|-damage|p2a: Inferneip|109\/293|[from] sandstorm
|turn|13
|
|switch|p1a: Starmie|Starmie|237\/323
|switch|p2a: Glaiscor|Gliscor, M|354\/354
|
|-weather|Sandstorm|[upkeep]
|-damage|p1a: Starmie|217\/323|[from] sandstorm
|-heal|p1a: Starmie|237\/323|[from] item: Leftovers
|turn|14
|
|switch|p2a: Girachi|Jirachi|200\/341
|move|p1a: Starmie|Hydro Pump|p2a: Girachi
|-damage|p2a: Girachi|68\/341
|
|-weather|Sandstorm|[upkeep]
|-damage|p1a: Starmie|217\/323|[from] sandstorm
|-heal|p1a: Starmie|237\/323|[from] item: Leftovers
|turn|15
|
|switch|p1a: Skarmory|Skarmory, M|334\/334
|move|p2a: Girachi|U-turn|p1a: Skarmory
|-resisted|p1a: Skarmory
|-damage|p1a: Skarmory|324\/334
|
|switch|p2a: Inferneip|Infernape, M|109\/293
|
|-weather|Sandstorm|[upkeep]
|-damage|p2a: Inferneip|91\/293|[from] sandstorm
|-heal|p1a: Skarmory|334\/334|[from] item: Leftovers
|turn|16
|
|switch|p1a: Starmie|Starmie|237\/323
|move|p2a: Inferneip|U-turn|p1a: Starmie
|-supereffective|p1a: Starmie
|-damage|p1a: Starmie|31\/323
|-damage|p2a: Inferneip|62\/293|[from] item: Life Orb
|
|switch|p2a: Girachi|Jirachi|68\/341
|
|-weather|Sandstorm|[upkeep]
|-damage|p1a: Starmie|11\/323|[from] sandstorm
|-heal|p1a: Starmie|31\/323|[from] item: Leftovers
|turn|17
|J|angel0mike
|
|switch|p1a: Heatran|Heatran, M|325\/375
|move|p2a: Girachi|U-turn|p1a: Heatran
|-resisted|p1a: Heatran
|-damage|p1a: Heatran|309\/375
|
|switch|p2a: Glaiscor|Gliscor, M|354\/354
|
|-weather|Sandstorm|[upkeep]
|-heal|p1a: Heatran|332\/375|[from] item: Leftovers
|turn|18
|
|switch|p1a: Skarmory|Skarmory, M|334\/334
|move|p2a: Glaiscor|Stealth Rock|p1a: Skarmory
|-sidestart|p1: u got klefkied|move: Stealth Rock
|
|-weather|Sandstorm|[upkeep]
|turn|19
|c|âu got klefkied|ahÃ­ no eran tocar xD
|c|âu got klefkied|si metes rocas me dejas hacer recover con starmie
|
|switch|p1a: Starmie|Starmie|31\/323
|-damage|p1a: Starmie|0 fnt|[from] Stealth Rock
|faint|p1a: Starmie
|move|p2a: Glaiscor|Taunt|p1: Starmie|[notarget]
|-notarget
|
|-weather|Sandstorm|[upkeep]
|
|switch|p1a: Weavile|Weavile, F|236\/281
|-damage|p1a: Weavile|166\/281|[from] Stealth Rock
|-ability|p1a: Weavile|Pressure
|turn|20
|c|âJosito|se veia que no sacabas a starmie
|c|âu got klefkied|claro xD
|c|âJosito|quita un momento el timer plz
|c|âJosito|que tengo que hacer una cosa
|c|âJosito|1 min
|c|âu got klefkied|sigue siendo una jugada totalmente estÃºpida , si meto s starmie ( que es lo que mÃ¡s daÃ±o le hace a tu equipo ) lo vuelvo a poner a tope+
|c|âu got klefkied|tengo prisa , me tengo que ir a comer
|c|âJosito|ok
|c|âu got klefkied|ya te he dicho que esto es solo para ver , no hay problema
|
|move|p1a: Weavile|Night Slash|p2a: Glaiscor
|-damage|p2a: Glaiscor|230\/354
|-damage|p1a: Weavile|138\/281|[from] item: Life Orb
|move|p2a: Glaiscor|Earthquake|p1a: Weavile
|-damage|p1a: Weavile|0 fnt
|faint|p1a: Weavile
|
|-weather|Sandstorm|[upkeep]
|-heal|p2a: Glaiscor|252\/354|[from] item: Leftovers
|c| angel0mike|dafak
|c|âu got klefkied|pero alma deÂ´cÃ¡ntaro , tu a que juegas xD
|c| angel0mike|esto de que es btw?
|c|âJosito|tengo evs en def para aguantar ice shard
|c|âu got klefkied|pero si tengo ice punch xD
|c| angel0mike|madreeeeeee
|c|âu got klefkied|y tienes un ttar scarf ahÃ­ aparte xd
|c|âJosito|angel conoce mis predicts extraÃ±as
|c|âu got klefkied|he visto suficiente
|c|âJosito|y siempre funcionan
|c| angel0mike|son randomplays que salen bien 
|c| angel0mike|casi pierdo por eso xd
|c|âu got klefkied|son jugadas innecesarias , yo porq dpp no juego 
|c|âJosito|randomplays no, preveo la doble predict
|c| angel0mike|cuando es arriesgar por arriesgar no es buena jugada
|c|âu got klefkied|no hay que predecir sino es necesario lol
|c| angel0mike|klefky
|c| angel0mike|esto para que es?
|c|âJosito|mi lema es si no arriesgas no ganas
|c| angel0mike|pero es que no necesitas arriesgar lmao
|c|âu got klefkied|estaba mirando como juega para lo de pxp
|c|âu got klefkied|soy guilas btw
|c|âJosito|me esperaba el low kick
|c|âJosito|por eso no saque a tyranitar
|c| angel0mike|ah
|c| angel0mike|pensaba que eras klefka xdd
|c| angel0mike|hola guilas
|c|âu got klefkied|que va , este es mi alt de cuanto ladeo
|c|âJosito|y lo de ice punch no me acorde XD
|c|âu got klefkied|weavile no suele llevar ice shard xd
|c|âu got klefkied|en esta gen
|c| angel0mike|el torneo ese de pxp tiene pinta de molar
|c|âu got klefkied|yep , estÃ¡ bien
|c| angel0mike|yo estoy con guille chano seirle y filethe
|c| angel0mike|un poco 4fun la verdad
|c|âJosito|el atacante fisico lleva ice shard
|c| angel0mike|acaso hay un weavile no atacante fisico?
|c|âu got klefkied|xDDDD
|c|âu got klefkied|Esta noche hablo con Odon y ya te dirÃ©
|c|âJosito|pero hay el sword dance y el lead
|c| angel0mike|y todos son fisicos xd
|c|âu got klefkied|que lleva ice punch , no te ralles xD
|c|âu got klefkied|ice shard en esta gen no hace falta para nada xD
|c|âJosito|y llevan todos menos el lead
|c|âJosito|ice shard
|-message|u got klefkied lost due to inactivity.
|
|win|Josito
|c|âJosito|y lead no era
|c|âu got klefkied|este set tiene pursuit 
|c|âu got klefkied|pero ice punch siempre xD
|L|u got klefkied
|player|p1
|c|âJosito|pero el physical attacker tambien lleva pursuit
|c|âJosito|lo que no esperaba era el ice shard
|c|âJosito|que dices, me coges?
|c|âJosito|iba 6-0 o 5-0 anaba yo el combate
|c|âJosito|tenia ice punch con celebi, earth power con shaymin, eq con gliscor, overheat con infernape, hp fire con shaymin
|c|âJosito|y el otro pokemon era gyarados que me servia para heatran tambien
|L|angel0mike
|J|angel0mike