|join|hide rock
|join|ag09g
|player|p1|hide rock|264
|player|p2|ag09g|263
|gametype|singles
|gen|6
|tier|UU
|rated
|rule|Sleep Clause Mod: Limit one foe put to sleep
|rule|Species Clause: Limit one of each PokÃ©mon
|rule|OHKO Clause: OHKO moves are banned
|rule|Moody Clause: Moody is banned
|rule|Evasion Moves Clause: Evasion moves are banned
|rule|Endless Battle Clause: Forcing endless battles is banned
|rule|HP Percentage Mod: HP is shown in percentages
|clearpoke
|poke|p1|Cresselia, F
|poke|p1|Blissey, F
|poke|p1|Crobat, M
|poke|p1|Vaporeon, F
|poke|p1|Hydreigon, M
|poke|p1|Medicham, F
|poke|p2|Dragalge, M
|poke|p2|Arcanine, M
|poke|p2|Aerodactyl, M
|poke|p2|Scrafty, F
|poke|p2|Empoleon, M
|poke|p2|Azelf
|rule|Swagger Clause: Swagger is banned
|rule|Baton Pass Clause: Limit one PokÃ©mon knowing Baton Pass
|teampreview
|
|start
|switch|p1a: Pikkon|Medicham, F|261\/261
|switch|p2a: Arcanine|Arcanine, M|384\/384
|-ability|p2a: Arcanine|Intimidate|[of] p1a: Pikkon
|-unboost|p1a: Pikkon|atk|1
|turn|1
|
|detailschange|p1a: Pikkon|Medicham-Mega, F
|-mega|p1a: Pikkon|Medicham|Medichamite
|move|p1a: Pikkon|Substitute|p1a: Pikkon
|-start|p1a: Pikkon|Substitute
|-damage|p1a: Pikkon|196\/261
|move|p2a: Arcanine|Will-O-Wisp|p1a: Pikkon
|
|turn|2
|
|move|p1a: Pikkon|Drain Punch|p2a: Arcanine
|-damage|p2a: Arcanine|263\/384
|-heal|p1a: Pikkon|257\/261|[from] drain|[of] p2a: Arcanine
|-damage|p1a: Pikkon|214\/261|[from] item: Rocky Helmet|[of] p2a: Arcanine
|move|p2a: Arcanine|Flare Blitz|p1a: Pikkon
|-end|p1a: Pikkon|Substitute
|-damage|p2a: Arcanine|242\/384|[from] recoil|[of] p1a: Pikkon
|
|turn|3
|
|switch|p1a: LOTION|Vaporeon, F|464\/464
|move|p2a: Arcanine|Extreme Speed|p1a: LOTION
|-damage|p1a: LOTION|394\/464
|
|-heal|p1a: LOTION|423\/464|[from] item: Leftovers
|turn|4
|join|6 agility
|
|switch|p2a: Empoleon|Empoleon, M|372\/372
|switch|p1a: Pikkon|Medicham-Mega, F|214\/261
|
|turn|5
|
|switch|p2a: Arcanine|Arcanine, M|242\/384
|-ability|p2a: Arcanine|Intimidate|[of] p1a: Pikkon
|-unboost|p1a: Pikkon|atk|1
|move|p1a: Pikkon|Drain Punch|p2a: Arcanine
|-damage|p2a: Arcanine|121\/384
|-heal|p1a: Pikkon|261\/261|[from] drain|[of] p2a: Arcanine
|-damage|p1a: Pikkon|218\/261|[from] item: Rocky Helmet|[of] p2a: Arcanine
|
|turn|6
|
|move|p1a: Pikkon|Drain Punch|p2a: Arcanine
|-damage|p2a: Arcanine|0 fnt
|-heal|p1a: Pikkon|261\/261|[from] drain|[of] p2a: Arcanine
|-damage|p1a: Pikkon|218\/261|[from] item: Rocky Helmet|[of] p2a: Arcanine
|faint|p2a: Arcanine
|
|
|switch|p2a: Aerodactyl|Aerodactyl, M|302\/302
|turn|7
|
|switch|p1a: Bonjour|Cresselia, F|444\/444
|detailschange|p2a: Aerodactyl|Aerodactyl-Mega, M
|-mega|p2a: Aerodactyl|Aerodactyl|Aerodactylite
|move|p2a: Aerodactyl|Aerial Ace|p1a: Bonjour
|-damage|p1a: Bonjour|353\/444
|
|-heal|p1a: Bonjour|380\/444|[from] item: Leftovers
|turn|8
|
|switch|p2a: Empoleon|Empoleon, M|372\/372
|move|p1a: Bonjour|Thunder Wave|p2a: Empoleon
|-status|p2a: Empoleon|par
|
|-heal|p1a: Bonjour|407\/444|[from] item: Leftovers
|turn|9
|
|switch|p1a: LOTION|Vaporeon, F|423\/464
|move|p2a: Empoleon|Stealth Rock|p1a: LOTION
|-sidestart|p1: hide rock|move: Stealth Rock
|
|-heal|p1a: LOTION|452\/464|[from] item: Leftovers
|turn|10
|
|switch|p2a: Dragalge|Dragalge, M|334\/334
|move|p1a: LOTION|Wish|p1a: LOTION
|
|-heal|p1a: LOTION|464\/464|[from] item: Leftovers
|turn|11
|
|switch|p1a: SMOOTH|Blissey, F|714\/714
|-damage|p1a: SMOOTH|625\/714|[from] Stealth Rock
|move|p2a: Dragalge|Sludge Wave|p1a: SMOOTH
|-damage|p1a: SMOOTH|375\/714
|-status|p1a: SMOOTH|psn
|
|-heal|p1a: SMOOTH|607\/714 psn|[from] move: Wish|[wisher] LOTION
|-heal|p1a: SMOOTH|651\/714 psn|[from] item: Leftovers
|-damage|p1a: SMOOTH|562\/714 psn|[from] psn
|turn|12
|
|move|p1a: SMOOTH|Soft-Boiled|p1a: SMOOTH
|-heal|p1a: SMOOTH|714\/714 psn
|move|p2a: Dragalge|Sludge Wave|p1a: SMOOTH
|-damage|p1a: SMOOTH|492\/714 psn
|
|-heal|p1a: SMOOTH|536\/714 psn|[from] item: Leftovers
|-damage|p1a: SMOOTH|447\/714 psn|[from] psn
|turn|13
|
|switch|p2a: Scrafty|Scrafty, F|272\/272
|move|p1a: SMOOTH|Thunder Wave|p2a: Scrafty
|-status|p2a: Scrafty|par
|-enditem|p2a: Scrafty|Lum Berry|[eat]
|-curestatus|p2a: Scrafty|par
|
|-heal|p1a: SMOOTH|491\/714 psn|[from] item: Leftovers
|-damage|p1a: SMOOTH|402\/714 psn|[from] psn
|turn|14
|
|switch|p1a: I.D. CRISIS|Crobat, M|341\/341
|-damage|p1a: I.D. CRISIS|256\/341|[from] Stealth Rock
|move|p2a: Scrafty|Knock Off|p1a: I.D. CRISIS
|-damage|p1a: I.D. CRISIS|87\/341
|-enditem|p1a: I.D. CRISIS|Leftovers|[from] move: Knock Off|[of] p2a: Scrafty
|
|turn|15
|
|switch|p2a: Empoleon|Empoleon, M|372\/372 par
|move|p1a: I.D. CRISIS|Roost|p1a: I.D. CRISIS
|-heal|p1a: I.D. CRISIS|258\/341
|
|turn|16
|
|move|p1a: I.D. CRISIS|Defog|p2a: Empoleon
|-unboost|p2a: Empoleon|evasion|1
|-sideend|p1: hide rock|Stealth Rock|[from] move: Defog|[of] p1a: I.D. CRISIS
|cant|p2a: Empoleon|par
|
|turn|17
|
|move|p1a: I.D. CRISIS|Taunt|p2a: Empoleon
|-start|p2a: Empoleon|move: Taunt
|cant|p2a: Empoleon|move: Taunt|Stealth Rock
|
|turn|18
|
|switch|p1a: LOTION|Vaporeon, F|464\/464
|cant|p2a: Empoleon|par
|
|turn|19
|
|switch|p1a: Pikkon|Medicham-Mega, F|218\/261
|switch|p2a: Dragalge|Dragalge, M|334\/334
|
|turn|20
|
|switch|p2a: Empoleon|Empoleon, M|372\/372 par
|move|p1a: Pikkon|Zen Headbutt|p2a: Empoleon
|-crit|p2a: Empoleon
|-resisted|p2a: Empoleon
|-damage|p2a: Empoleon|226\/372 par
|
|-heal|p2a: Empoleon|249\/372 par|[from] item: Leftovers
|turn|21
|
|move|p1a: Pikkon|Drain Punch|p2a: Empoleon
|-supereffective|p2a: Empoleon
|-damage|p2a: Empoleon|0 fnt
|-heal|p1a: Pikkon|261\/261|[from] drain|[of] p2a: Empoleon
|faint|p2a: Empoleon
|
|
|switch|p2a: Aerodactyl|Aerodactyl-Mega, M|302\/302
|turn|22
|
|switch|p1a: Bonjour|Cresselia, F|407\/444
|move|p2a: Aerodactyl|Aerial Ace|p1a: Bonjour
|-crit|p1a: Bonjour
|-damage|p1a: Bonjour|268\/444
|
|-heal|p1a: Bonjour|295\/444|[from] item: Leftovers
|turn|23
|
|switch|p2a: Dragalge|Dragalge, M|334\/334
|move|p1a: Bonjour|Thunder Wave|p2a: Dragalge
|-status|p2a: Dragalge|par
|
|-heal|p1a: Bonjour|322\/444|[from] item: Leftovers
|turn|24
|
|switch|p1a: SMOOTH|Blissey, F|402\/714
|cant|p2a: Dragalge|par
|
|-heal|p1a: SMOOTH|446\/714|[from] item: Leftovers
|turn|25
|
|move|p1a: SMOOTH|Soft-Boiled|p1a: SMOOTH
|-heal|p1a: SMOOTH|714\/714
|move|p2a: Dragalge|Sludge Wave|p1a: SMOOTH
|-damage|p1a: SMOOTH|472\/714
|
|-heal|p1a: SMOOTH|516\/714|[from] item: Leftovers
|turn|26
|
|move|p1a: SMOOTH|Seismic Toss|p2a: Dragalge
|-damage|p2a: Dragalge|234\/334 par
|move|p2a: Dragalge|Sludge Wave|p1a: SMOOTH
|-damage|p1a: SMOOTH|270\/714
|
|-heal|p1a: SMOOTH|314\/714|[from] item: Leftovers
|turn|27
|
|move|p1a: SMOOTH|Soft-Boiled|p1a: SMOOTH
|-heal|p1a: SMOOTH|671\/714
|cant|p2a: Dragalge|par
|
|-heal|p1a: SMOOTH|714\/714|[from] item: Leftovers
|turn|28
|
|move|p1a: SMOOTH|Thunder Wave|p2a: Dragalge
|-fail|p2a: Dragalge|par
|move|p2a: Dragalge|Sludge Wave|p1a: SMOOTH
|-damage|p1a: SMOOTH|492\/714
|
|-heal|p1a: SMOOTH|536\/714|[from] item: Leftovers
|turn|29
|
|move|p1a: SMOOTH|Stealth Rock|p2a: Dragalge
|-sidestart|p2: ag09g|move: Stealth Rock
|cant|p2a: Dragalge|par
|
|-heal|p1a: SMOOTH|580\/714|[from] item: Leftovers
|turn|30
|
|move|p1a: SMOOTH|Seismic Toss|p2a: Dragalge
|-damage|p2a: Dragalge|134\/334 par
|move|p2a: Dragalge|Sludge Wave|p1a: SMOOTH
|-damage|p1a: SMOOTH|342\/714
|-status|p1a: SMOOTH|psn
|
|-heal|p1a: SMOOTH|386\/714 psn|[from] item: Leftovers
|-damage|p1a: SMOOTH|297\/714 psn|[from] psn
|turn|31
|
|switch|p1a: I.D. CRISIS|Crobat, M|258\/341
|cant|p2a: Dragalge|par
|
|turn|32
|
|move|p1a: I.D. CRISIS|Brave Bird|p2a: Dragalge
|-damage|p2a: Dragalge|0 fnt
|-damage|p1a: I.D. CRISIS|214\/341|[from] recoil|[of] p2a: Dragalge
|faint|p2a: Dragalge
|
|
|switch|p2a: Azelf|Azelf|292\/292
|-damage|p2a: Azelf|256\/292|[from] Stealth Rock
|turn|33
|
|switch|p1a: Bonjour|Cresselia, F|322\/444
|move|p2a: Azelf|Dazzling Gleam|p1a: Bonjour
|-damage|p1a: Bonjour|246\/444
|
|-heal|p1a: Bonjour|273\/444|[from] item: Leftovers
|turn|34
|
|switch|p2a: Scrafty|Scrafty, F|272\/272
|-damage|p2a: Scrafty|255\/272|[from] Stealth Rock
|move|p1a: Bonjour|Moonlight|p1a: Bonjour
|-heal|p1a: Bonjour|444\/444
|
|turn|35
|
|switch|p1a: I.D. CRISIS|Crobat, M|214\/341
|move|p2a: Scrafty|Dragon Dance|p2a: Scrafty
|-boost|p2a: Scrafty|atk|1
|-boost|p2a: Scrafty|spe|1
|
|turn|36
|
|move|p1a: I.D. CRISIS|Brave Bird|p2a: Scrafty
|-supereffective|p2a: Scrafty
|-damage|p2a: Scrafty|0 fnt
|-damage|p1a: I.D. CRISIS|130\/341|[from] recoil|[of] p2a: Scrafty
|faint|p2a: Scrafty
|
|
|switch|p2a: Azelf|Azelf|256\/292
|-damage|p2a: Azelf|220\/292|[from] Stealth Rock
|turn|37
|
|move|p2a: Azelf|Shadow Ball|p1a: I.D. CRISIS
|-damage|p1a: I.D. CRISIS|3\/341
|move|p1a: I.D. CRISIS|Brave Bird|p2a: Azelf
|-damage|p2a: Azelf|12\/292
|-damage|p1a: I.D. CRISIS|0 fnt|[from] recoil|[of] p2a: Azelf
|faint|p1a: I.D. CRISIS
|
|
|switch|p1a: Pikkon|Medicham-Mega, F|261\/261
|turn|38
|
|move|p1a: Pikkon|Bullet Punch|p2a: Azelf
|-damage|p2a: Azelf|0 fnt
|faint|p2a: Azelf
|
|
|switch|p2a: Aerodactyl|Aerodactyl-Mega, M|302\/302
|-damage|p2a: Aerodactyl|227\/302|[from] Stealth Rock
|turn|39
|
|move|p1a: Pikkon|Bullet Punch|p2a: Aerodactyl
|-supereffective|p2a: Aerodactyl
|-damage|p2a: Aerodactyl|33\/302
|move|p2a: Aerodactyl|Stone Edge|p1a: Pikkon
|-resisted|p1a: Pikkon
|-damage|p1a: Pikkon|153\/261
|
|turn|40
|c|âag09g|gg
|c|âhide rock|gg
|
|move|p1a: Pikkon|Bullet Punch|p2a: Aerodactyl
|-supereffective|p2a: Aerodactyl
|-damage|p2a: Aerodactyl|0 fnt
|faint|p2a: Aerodactyl
|
|win|hide rock
|raw|Ladder updating...
|raw|hide rock's rating: 1512 &rarr; <strong>1520<\/strong><br \/>(+8 for winning)
|raw|ag09g's rating: 1285 &rarr; <strong>1274<\/strong><br \/>(-11 for losing)