|join|hide rock
|join|edware32
|player|p1|hide rock|265
|player|p2|edware32|131
|gametype|singles
|gen|6
|tier|UU
|rated
|rule|Sleep Clause Mod: Limit one foe put to sleep
|rule|Species Clause: Limit one of each PokÃ©mon
|rule|OHKO Clause: OHKO moves are banned
|rule|Moody Clause: Moody is banned
|rule|Evasion Moves Clause: Evasion moves are banned
|rule|Endless Battle Clause: Forcing endless battles is banned
|rule|HP Percentage Mod: HP is shown in percentages
|clearpoke
|poke|p1|Medicham, F
|poke|p1|Hydreigon, M
|poke|p1|Blissey, F
|poke|p1|Gligar, F
|poke|p1|Jirachi
|poke|p1|Cresselia, F
|poke|p2|Scrafty, M
|poke|p2|Raikou
|poke|p2|Crobat, F
|poke|p2|Rotom-Heat
|poke|p2|Swampert, M
|poke|p2|Sharpedo, F
|rule|Swagger Clause: Swagger is banned
|rule|Baton Pass Clause: Limit one PokÃ©mon knowing Baton Pass
|teampreview
|
|start
|switch|p1a: Versace|Hydreigon, M|325\/325
|switch|p2a: Swampert|Swampert, M|404\/404
|turn|1
|
|move|p1a: Versace|Dark Pulse|p2a: Swampert
|-damage|p2a: Swampert|256\/404
|-damage|p1a: Versace|293\/325|[from] item: Life Orb
|move|p2a: Swampert|Stealth Rock|p1a: Versace
|-sidestart|p1: hide rock|move: Stealth Rock
|
|-heal|p2a: Swampert|281\/404|[from] item: Leftovers
|turn|2
|
|move|p1a: Versace|Draco Meteor|p2a: Swampert
|-damage|p2a: Swampert|47\/404
|-unboost|p1a: Versace|spa|2
|-damage|p1a: Versace|261\/325|[from] item: Life Orb
|move|p2a: Swampert|Toxic|p1a: Versace
|-status|p1a: Versace|tox
|
|-heal|p2a: Swampert|72\/404|[from] item: Leftovers
|-damage|p1a: Versace|241\/325 tox|[from] psn
|turn|3
|
|switch|p1a: Pikkon|Medicham, F|262\/262
|-damage|p1a: Pikkon|246\/262|[from] Stealth Rock
|switch|p2a: Scrafty|Scrafty, M|294\/294
|
|turn|4
|
|switch|p2a: Crobat|Crobat, F|311\/311
|detailschange|p1a: Pikkon|Medicham-Mega, F
|-mega|p1a: Pikkon|Medicham|Medichamite
|move|p1a: Pikkon|Zen Headbutt|p2a: Crobat
|-supereffective|p2a: Crobat
|-damage|p2a: Crobat|0 fnt
|faint|p2a: Crobat
|
|
|switch|p2a: Sharpedo|Sharpedo, F|281\/281
|turn|5
|
|move|p2a: Sharpedo|Protect|p2a: Sharpedo
|-singleturn|p2a: Sharpedo|Protect
|move|p1a: Pikkon|Substitute|p1a: Pikkon
|-start|p1a: Pikkon|Substitute
|-damage|p1a: Pikkon|181\/262
|
|-boost|p2a: Sharpedo|spe|1|[from] ability: Speed Boost
|turn|6
|
|switch|p2a: Rotom-Heat|Rotom-Heat|259\/259
|move|p1a: Pikkon|Drain Punch|p2a: Rotom-Heat
|-damage|p2a: Rotom-Heat|76\/259
|-heal|p1a: Pikkon|262\/262|[from] drain|[of] p2a: Rotom-Heat
|
|-heal|p2a: Rotom-Heat|92\/259|[from] item: Leftovers
|turn|7
|-message|edware32 forfeited.
|leave|edware32
|
|win|hide rock
|raw|Ladder updating...
|player|p2
|raw|hide rock's rating: 1513 &rarr; <strong>1524<\/strong><br \/>(+11 for winning)
|raw|edware32's rating: 1331 &rarr; <strong>1320<\/strong><br \/>(-11 for losing)