|join|Key
|join|hide rock
|player|p1|Key|242
|player|p2|hide rock|264
|gametype|singles
|gen|6
|tier|UU
|rated
|rule|Sleep Clause Mod: Limit one foe put to sleep
|rule|Species Clause: Limit one of each PokÃ©mon
|rule|OHKO Clause: OHKO moves are banned
|rule|Moody Clause: Moody is banned
|rule|Evasion Moves Clause: Evasion moves are banned
|rule|Endless Battle Clause: Forcing endless battles is banned
|rule|HP Percentage Mod: HP is shown in percentages
|clearpoke
|poke|p1|Krookodile, M
|poke|p1|Jirachi
|poke|p1|Tentacruel, M
|poke|p1|Kyurem
|poke|p1|Noivern, M
|poke|p1|Medicham, M
|poke|p2|Medicham, F
|poke|p2|Hydreigon, M
|poke|p2|Blissey, F
|poke|p2|Empoleon, M
|poke|p2|Toxicroak, F
|poke|p2|Cresselia, F
|rule|Swagger Clause: Swagger is banned
|rule|Baton Pass Clause: Limit one PokÃ©mon knowing Baton Pass
|teampreview
|
|start
|switch|p1a: Medicham|Medicham, M|261\/261
|switch|p2a: Pikkon|Medicham, F|261\/261
|turn|1
|
|switch|p2a: Bonjour|Cresselia, F|444\/444
|detailschange|p1a: Medicham|Medicham-Mega, M
|-mega|p1a: Medicham|Medicham|Medichamite
|move|p1a: Medicham|Fake Out|p2a: Bonjour
|-damage|p2a: Bonjour|393\/444
|
|-heal|p2a: Bonjour|420\/444|[from] item: Leftovers
|turn|2
|
|switch|p1a: Krookodile|Krookodile, M|331\/331
|-ability|p1a: Krookodile|Intimidate|[of] p2a: Bonjour
|-unboost|p2a: Bonjour|atk|1
|switch|p2a: Pikkon|Medicham, F|261\/261
|
|turn|3
|
|switch|p1a: Noivern|Noivern, M|311\/311
|detailschange|p2a: Pikkon|Medicham-Mega, F
|-mega|p2a: Pikkon|Medicham|Medichamite
|move|p2a: Pikkon|Fake Out|p1a: Noivern
|-damage|p1a: Noivern|222\/311
|
|turn|4
|
|switch|p1a: Medicham|Medicham-Mega, M|261\/261
|switch|p2a: GILLETTE|Empoleon, M|372\/372
|
|turn|5
|
|move|p1a: Medicham|High Jump Kick|p2a: GILLETTE
|-supereffective|p2a: GILLETTE
|-damage|p2a: GILLETTE|0 fnt
|faint|p2a: GILLETTE
|
|
|switch|p2a: Bonjour|Cresselia, F|420\/444
|turn|6
|
|switch|p1a: Krookodile|Krookodile, M|331\/331
|-ability|p1a: Krookodile|Intimidate|[of] p2a: Bonjour
|-unboost|p2a: Bonjour|atk|1
|switch|p2a: Pikkon|Medicham-Mega, F|261\/261
|
|turn|7
|
|switch|p1a: Tentacruel|Tentacruel, M|363\/363
|move|p2a: Pikkon|High Jump Kick|p1a: Tentacruel
|-resisted|p1a: Tentacruel
|-damage|p1a: Tentacruel|168\/363
|
|-heal|p1a: Tentacruel|190\/363|[from] item: Black Sludge
|turn|8
|
|switch|p1a: Jirachi|Jirachi|404\/404
|move|p2a: Pikkon|Zen Headbutt|p1a: Jirachi
|-resisted|p1a: Jirachi
|-damage|p1a: Jirachi|348\/404
|
|-heal|p1a: Jirachi|373\/404|[from] item: Leftovers
|turn|9
|
|switch|p2a: SMOOTH|Blissey, F|714\/714
|move|p1a: Jirachi|Body Slam|p2a: SMOOTH
|-damage|p2a: SMOOTH|585\/714
|-status|p2a: SMOOTH|par
|
|-heal|p1a: Jirachi|398\/404|[from] item: Leftovers
|-heal|p2a: SMOOTH|629\/714 par|[from] item: Leftovers
|turn|10
|
|switch|p2a: Versace|Hydreigon, M|325\/325
|move|p1a: Jirachi|Stealth Rock|p2a: Versace
|-sidestart|p2: hide rock|move: Stealth Rock
|
|-heal|p1a: Jirachi|404\/404|[from] item: Leftovers
|turn|11
|
|move|p2a: Versace|Dark Pulse|p1a: Jirachi
|-supereffective|p1a: Jirachi
|-damage|p1a: Jirachi|123\/404
|-damage|p2a: Versace|293\/325|[from] item: Life Orb
|move|p1a: Jirachi|U-turn|p2a: Versace
|-supereffective|p2a: Versace
|-damage|p2a: Versace|153\/325
|
|switch|p1a: Medicham|Medicham-Mega, M|261\/261
|
|turn|12
|
|switch|p2a: Bonjour|Cresselia, F|420\/444
|-damage|p2a: Bonjour|365\/444|[from] Stealth Rock
|move|p1a: Medicham|Fake Out|p2a: Bonjour
|-damage|p2a: Bonjour|312\/444
|
|-heal|p2a: Bonjour|339\/444|[from] item: Leftovers
|turn|13
|
|switch|p1a: Jirachi|Jirachi|123\/404
|move|p2a: Bonjour|Toxic|p1a: Jirachi
|-fail|p1a: Jirachi
|
|-heal|p1a: Jirachi|148\/404|[from] item: Leftovers
|-heal|p2a: Bonjour|366\/444|[from] item: Leftovers
|turn|14
|
|move|p1a: Jirachi|Body Slam|p2a: Bonjour
|-damage|p2a: Bonjour|318\/444
|-status|p2a: Bonjour|par
|move|p2a: Bonjour|Thunder Wave|p1a: Jirachi
|-status|p1a: Jirachi|par
|
|-heal|p1a: Jirachi|173\/404 par|[from] item: Leftovers
|-heal|p2a: Bonjour|345\/444 par|[from] item: Leftovers
|turn|15
|
|switch|p2a: SMOOTH|Blissey, F|629\/714
|-damage|p2a: SMOOTH|540\/714|[from] Stealth Rock
|move|p1a: Jirachi|U-turn|p2a: SMOOTH
|-damage|p2a: SMOOTH|432\/714
|
|switch|p1a: Medicham|Medicham-Mega, M|261\/261
|
|-heal|p2a: SMOOTH|476\/714|[from] item: Leftovers
|turn|16
|
|switch|p1a: Krookodile|Krookodile, M|331\/331
|-ability|p1a: Krookodile|Intimidate|[of] p2a: SMOOTH
|-unboost|p2a: SMOOTH|atk|1
|switch|p2a: Bonjour|Cresselia, F|345\/444 par
|-damage|p2a: Bonjour|290\/444 par|[from] Stealth Rock
|
|-heal|p2a: Bonjour|317\/444 par|[from] item: Leftovers
|turn|17
|
|move|p1a: Krookodile|Pursuit|p2a: Bonjour|[from]Pursuit
|-supereffective|p2a: Bonjour
|-damage|p2a: Bonjour|99\/444 par
|switch|p2a: Versace|Hydreigon, M|153\/325
|-damage|p2a: Versace|113\/325|[from] Stealth Rock
|
|turn|18
|
|switch|p1a: Tentacruel|Tentacruel, M|190\/363
|move|p2a: Versace|Roost|p2a: Versace
|-heal|p2a: Versace|276\/325
|
|-heal|p1a: Tentacruel|212\/363|[from] item: Black Sludge
|turn|19
|
|switch|p1a: Jirachi|Jirachi|173\/404 par
|move|p2a: Versace|Dark Pulse|p1a: Jirachi
|-supereffective|p1a: Jirachi
|-damage|p1a: Jirachi|0 fnt
|-damage|p2a: Versace|244\/325|[from] item: Life Orb
|faint|p1a: Jirachi
|
|
|switch|p1a: Medicham|Medicham-Mega, M|261\/261
|turn|20
|
|switch|p2a: Bonjour|Cresselia, F|99\/444 par
|-damage|p2a: Bonjour|44\/444 par|[from] Stealth Rock
|move|p1a: Medicham|High Jump Kick|p2a: Bonjour
|-resisted|p2a: Bonjour
|-damage|p2a: Bonjour|0 fnt
|faint|p2a: Bonjour
|
|
|switch|p2a: Pikkon|Medicham-Mega, F|261\/261
|-damage|p2a: Pikkon|245\/261|[from] Stealth Rock
|turn|21
|
|switch|p1a: Krookodile|Krookodile, M|331\/331
|-ability|p1a: Krookodile|Intimidate|[of] p2a: Pikkon
|-unboost|p2a: Pikkon|atk|1
|move|p2a: Pikkon|Zen Headbutt|p1a: Krookodile
|-immune|p1a: Krookodile|[msg]
|
|turn|22
|
|switch|p1a: Noivern|Noivern, M|222\/311
|move|p2a: Pikkon|Zen Headbutt|p1a: Noivern
|-damage|p1a: Noivern|23\/311
|
|turn|23
|
|switch|p2a: SMOOTH|Blissey, F|476\/714
|-damage|p2a: SMOOTH|387\/714|[from] Stealth Rock
|move|p1a: Noivern|Switcheroo|p2a: SMOOTH
|-activate|p1a: Noivern|move: Trick|[of] p2a: SMOOTH
|-item|p2a: SMOOTH|Choice Scarf|[from] Trick
|-item|p1a: Noivern|Leftovers|[from] Trick
|
|-heal|p1a: Noivern|42\/311|[from] item: Leftovers
|turn|24
|
|switch|p1a: Krookodile|Krookodile, M|331\/331
|-ability|p1a: Krookodile|Intimidate|[of] p2a: SMOOTH
|-unboost|p2a: SMOOTH|atk|1
|switch|p2a: Pikkon|Medicham-Mega, F|245\/261
|-damage|p2a: Pikkon|229\/261|[from] Stealth Rock
|
|turn|25
|
|switch|p1a: Tentacruel|Tentacruel, M|212\/363
|move|p2a: Pikkon|High Jump Kick|p1a: Tentacruel|[miss]
|-miss|p2a: Pikkon|p1a: Tentacruel
|-damage|p2a: Pikkon|99\/261|[from] highjumpkick
|
|-heal|p1a: Tentacruel|234\/363|[from] item: Black Sludge
|turn|26
|
|move|p2a: Pikkon|Zen Headbutt|p1a: Tentacruel
|-supereffective|p1a: Tentacruel
|-damage|p1a: Tentacruel|0 fnt
|faint|p1a: Tentacruel
|
|
|switch|p1a: Medicham|Medicham-Mega, M|261\/261
|turn|27
|
|switch|p2a: SMOOTH|Blissey, F|387\/714
|-damage|p2a: SMOOTH|298\/714|[from] Stealth Rock
|move|p1a: Medicham|Fake Out|p2a: SMOOTH
|-damage|p2a: SMOOTH|157\/714
|
|turn|28
|
|switch|p1a: Krookodile|Krookodile, M|331\/331
|-ability|p1a: Krookodile|Intimidate|[of] p2a: SMOOTH
|-unboost|p2a: SMOOTH|atk|1
|move|p2a: SMOOTH|Seismic Toss|p1a: Krookodile
|-damage|p1a: Krookodile|231\/331
|
|turn|29
|
|move|p1a: Krookodile|Knock Off|p2a: SMOOTH
|-damage|p2a: SMOOTH|0 fnt
|-enditem|p2a: SMOOTH|Choice Scarf|[from] move: Knock Off|[of] p1a: Krookodile
|faint|p2a: SMOOTH
|
|
|switch|p2a: Pikkon|Medicham-Mega, F|99\/261
|-damage|p2a: Pikkon|83\/261|[from] Stealth Rock
|turn|30
|
|switch|p1a: Kyurem|Kyurem|391\/391
|-ability|p1a: Kyurem|Pressure
|move|p2a: Pikkon|Ice Punch|p1a: Kyurem
|-damage|p1a: Kyurem|225\/391
|
|turn|31
|
|move|p2a: Pikkon|Zen Headbutt|p1a: Kyurem
|-damage|p1a: Kyurem|0 fnt
|faint|p1a: Kyurem
|
|
|switch|p1a: Medicham|Medicham-Mega, M|261\/261
|turn|32
|
|switch|p2a: LOTION|Toxicroak, F|307\/307
|-damage|p2a: LOTION|288\/307|[from] Stealth Rock
|move|p1a: Medicham|Fake Out|p2a: LOTION
|-damage|p2a: LOTION|172\/307
|
|-heal|p2a: LOTION|191\/307|[from] item: Leftovers
|turn|33
|
|move|p2a: LOTION|Sucker Punch|p1a: Medicham
|-damage|p1a: Medicham|153\/261
|move|p1a: Medicham|Zen Headbutt|p2a: LOTION
|-supereffective|p2a: LOTION
|-damage|p2a: LOTION|0 fnt
|faint|p2a: LOTION
|
|
|switch|p2a: Pikkon|Medicham-Mega, F|83\/261
|-damage|p2a: Pikkon|67\/261|[from] Stealth Rock
|turn|34
|
|switch|p1a: Krookodile|Krookodile, M|231\/331
|-ability|p1a: Krookodile|Intimidate|[of] p2a: Pikkon
|-unboost|p2a: Pikkon|atk|1
|move|p2a: Pikkon|Ice Punch|p1a: Krookodile
|-supereffective|p1a: Krookodile
|-damage|p1a: Krookodile|3\/331
|
|turn|35
|
|switch|p2a: Versace|Hydreigon, M|244\/325
|-damage|p2a: Versace|204\/325|[from] Stealth Rock
|move|p1a: Krookodile|Knock Off|p2a: Versace
|-resisted|p2a: Versace
|-damage|p2a: Versace|84\/325
|-enditem|p2a: Versace|Life Orb|[from] move: Knock Off|[of] p1a: Krookodile
|
|turn|36
|
|move|p2a: Versace|Roost|p2a: Versace
|-heal|p2a: Versace|247\/325
|move|p1a: Krookodile|Taunt|p2a: Versace
|-start|p2a: Versace|move: Taunt
|
|turn|37
|
|move|p2a: Versace|Dark Pulse|p1a: Krookodile
|-resisted|p1a: Krookodile
|-damage|p1a: Krookodile|0 fnt
|faint|p1a: Krookodile
|
|
|switch|p1a: Noivern|Noivern, M|42\/311
|turn|38
|
|move|p1a: Noivern|Draco Meteor|p2a: Versace
|-supereffective|p2a: Versace
|-damage|p2a: Versace|0 fnt
|-unboost|p1a: Noivern|spa|2
|faint|p2a: Versace
|
|-heal|p1a: Noivern|61\/311|[from] item: Leftovers
|
|switch|p2a: Pikkon|Medicham-Mega, F|67\/261
|-damage|p2a: Pikkon|51\/261|[from] Stealth Rock
|turn|39
|
|move|p2a: Pikkon|Fake Out|p1a: Noivern
|-damage|p1a: Noivern|0 fnt
|faint|p1a: Noivern
|
|
|switch|p1a: Medicham|Medicham-Mega, M|153\/261
|turn|40
|c|âKey|lol
|c|âKey|thanks douche
|-message|hide rock lost due to inactivity.
|
|win|Key
|raw|Ladder updating...