|join|Zhero
|join|hide rock
|player|p1|Zhero|282
|player|p2|hide rock|1
|gametype|singles
|gen|6
|tier|UU
|rated
|rule|Sleep Clause Mod: Limit one foe put to sleep
|rule|Species Clause: Limit one of each PokÃ©mon
|rule|OHKO Clause: OHKO moves are banned
|rule|Moody Clause: Moody is banned
|rule|Evasion Moves Clause: Evasion moves are banned
|rule|Endless Battle Clause: Forcing endless battles is banned
|rule|HP Percentage Mod: HP is shown in percentages
|clearpoke
|poke|p1|Ampharos, F
|poke|p1|Crobat, F
|poke|p1|Jirachi
|poke|p1|Lucario, M
|poke|p1|Starmie
|poke|p1|Krookodile, F
|poke|p2|Toxicroak, M
|poke|p2|Donphan, M
|poke|p2|Swampert, F
|poke|p2|Blissey, F
|poke|p2|Alomomola, M
|poke|p2|Jirachi
|rule|Swagger Clause: Swagger is banned
|rule|Baton Pass Clause: Limit one PokÃ©mon knowing Baton Pass
|teampreview
|
|start
|switch|p1a: Starmie|Starmie|323\/323
|switch|p2a: Swampert|Swampert, F|341\/341
|turn|1
|
|detailschange|p2a: Swampert|Swampert-Mega, F
|-mega|p2a: Swampert|Swampert|Swampertite
|move|p1a: Starmie|Scald|p2a: Swampert
|-damage|p2a: Swampert|265\/341
|move|p2a: Swampert|Earthquake|p1a: Starmie
|-damage|p1a: Starmie|152\/323
|
|-heal|p1a: Starmie|172\/323|[from] item: Leftovers
|turn|2
|
|switch|p1a: Krookodile|Krookodile, F|331\/331
|-ability|p1a: Krookodile|Intimidate|[of] p2a: Swampert
|-unboost|p2a: Swampert|atk|1
|move|p2a: Swampert|Earthquake|p1a: Krookodile
|-damage|p1a: Krookodile|189\/331
|
|turn|3
|
|move|p1a: Krookodile|Earthquake|p2a: Swampert
|-damage|p2a: Swampert|138\/341
|move|p2a: Swampert|Scald|p1a: Krookodile
|-supereffective|p1a: Krookodile
|-damage|p1a: Krookodile|0 fnt
|faint|p1a: Krookodile
|
|
|switch|p1a: Lucario|Lucario, M|281\/281
|turn|4
|
|switch|p2a: Alomomola|Alomomola, M|534\/534
|move|p1a: Lucario|Close Combat|p2a: Alomomola
|-damage|p2a: Alomomola|323\/534
|-unboost|p1a: Lucario|def|1
|-unboost|p1a: Lucario|spd|1
|-damage|p1a: Lucario|253\/281|[from] item: Life Orb
|
|-heal|p2a: Alomomola|356\/534|[from] item: Leftovers
|turn|5
|
|move|p1a: Lucario|Swords Dance|p1a: Lucario
|-boost|p1a: Lucario|atk|2
|move|p2a: Alomomola|Scald|p1a: Lucario
|-damage|p1a: Lucario|151\/281
|
|-heal|p2a: Alomomola|389\/534|[from] item: Leftovers
|turn|6
|
|move|p2a: Alomomola|Protect|p2a: Alomomola
|-singleturn|p2a: Alomomola|Protect
|move|p1a: Lucario|Close Combat|p2a: Alomomola
|-activate|p2a: Alomomola|Protect
|
|-heal|p2a: Alomomola|422\/534|[from] item: Leftovers
|turn|7
|
|move|p1a: Lucario|Close Combat|p2a: Alomomola
|-damage|p2a: Alomomola|0 fnt
|-unboost|p1a: Lucario|def|1
|-unboost|p1a: Lucario|spd|1
|-damage|p1a: Lucario|123\/281|[from] item: Life Orb
|faint|p2a: Alomomola
|
|
|switch|p2a: Donphan|Donphan, M|384\/384
|turn|8
|
|move|p1a: Lucario|Close Combat|p2a: Donphan
|-crit|p2a: Donphan
|-activate|p2a: Donphan|Sturdy
|-damage|p2a: Donphan|1\/384
|-unboost|p1a: Lucario|def|1
|-unboost|p1a: Lucario|spd|1
|-damage|p1a: Lucario|95\/281|[from] item: Life Orb
|move|p2a: Donphan|Knock Off|p1a: Lucario
|-resisted|p1a: Lucario
|-damage|p1a: Lucario|0 fnt
|-enditem|p1a: Lucario|Life Orb|[from] move: Knock Off|[of] p2a: Donphan
|faint|p1a: Lucario
|
|-heal|p2a: Donphan|25\/384|[from] item: Leftovers
|
|switch|p1a: Crobat|Crobat, F|373\/373
|turn|9
|
|switch|p2a: Jirachi|Jirachi|397\/397
|move|p1a: Crobat|Acrobatics|p2a: Jirachi
|-resisted|p2a: Jirachi
|-damage|p2a: Jirachi|343\/397
|
|-heal|p2a: Jirachi|367\/397|[from] item: Leftovers
|turn|10
|
|move|p1a: Crobat|U-turn|p2a: Jirachi
|-damage|p2a: Jirachi|317\/397
|
|switch|p1a: Ampharos|Ampharos, F|383\/383
|move|p2a: Jirachi|Body Slam|p1a: Ampharos
|-damage|p1a: Ampharos|312\/383
|
|-heal|p2a: Jirachi|341\/397|[from] item: Leftovers
|turn|11
|
|detailschange|p1a: Ampharos|Ampharos-Mega, F
|-mega|p1a: Ampharos|Ampharos|Ampharosite
|-ability|p1a: Ampharos|Mold Breaker
|move|p2a: Jirachi|Toxic|p1a: Ampharos
|-status|p1a: Ampharos|tox
|move|p1a: Ampharos|Dragon Pulse|p2a: Jirachi
|-resisted|p2a: Jirachi
|-damage|p2a: Jirachi|270\/397
|
|-heal|p2a: Jirachi|294\/397|[from] item: Leftovers
|-damage|p1a: Ampharos|289\/383 tox|[from] psn
|turn|12
|
|move|p2a: Jirachi|Iron Head|p1a: Ampharos
|-resisted|p1a: Ampharos
|-damage|p1a: Ampharos|244\/383 tox
|cant|p1a: Ampharos|flinch
|
|-heal|p2a: Jirachi|318\/397|[from] item: Leftovers
|-damage|p1a: Ampharos|198\/383 tox|[from] psn
|turn|13
|
|move|p2a: Jirachi|U-turn|p1a: Ampharos
|-damage|p1a: Ampharos|147\/383 tox
|
|switch|p2a: Swampert|Swampert-Mega, F|138\/341
|move|p1a: Ampharos|Rest|p1a: Ampharos
|-status|p1a: Ampharos|slp
|-heal|p1a: Ampharos|383\/383 slp|[silent]
|-status|p1a: Ampharos|slp|[from] move: Rest
|
|turn|14
|
|switch|p1a: Crobat|Crobat, F|373\/373
|move|p2a: Swampert|Scald|p1a: Crobat
|-damage|p1a: Crobat|271\/373
|
|turn|15
|
|switch|p2a: Jirachi|Jirachi|318\/397
|move|p1a: Crobat|U-turn|p2a: Jirachi
|-damage|p2a: Jirachi|268\/397
|
|switch|p1a: Ampharos|Ampharos-Mega, F|383\/383 slp
|-ability|p1a: Ampharos|Mold Breaker
|
|-heal|p2a: Jirachi|292\/397|[from] item: Leftovers
|turn|16
|
|move|p2a: Jirachi|U-turn|p1a: Ampharos
|-damage|p1a: Ampharos|330\/383 slp
|
|switch|p2a: Swampert|Swampert-Mega, F|138\/341
|cant|p1a: Ampharos|slp
|move|p1a: Ampharos|Sleep Talk|p1a: Ampharos
|move|p1a: Ampharos|Volt Switch|p2a: Swampert|[from]Sleep Talk
|-immune|p2a: Swampert|[msg]
|
|turn|17
|
|move|p2a: Swampert|Earthquake|p1a: Ampharos
|-supereffective|p1a: Ampharos
|-damage|p1a: Ampharos|72\/383 slp
|cant|p1a: Ampharos|slp
|move|p1a: Ampharos|Sleep Talk|p1a: Ampharos
|move|p1a: Ampharos|Rest|p1a: Ampharos|[from]Sleep Talk
|-fail|p1a: Ampharos
|
|turn|18
|
|move|p2a: Swampert|Earthquake|p1a: Ampharos
|-supereffective|p1a: Ampharos
|-damage|p1a: Ampharos|0 fnt
|faint|p1a: Ampharos
|
|
|switch|p1a: Crobat|Crobat, F|271\/373
|turn|19
|
|switch|p2a: Jirachi|Jirachi|292\/397
|move|p1a: Crobat|Acrobatics|p2a: Jirachi
|-resisted|p2a: Jirachi
|-damage|p2a: Jirachi|229\/397
|
|-heal|p2a: Jirachi|253\/397|[from] item: Leftovers
|turn|20
|
|move|p1a: Crobat|U-turn|p2a: Jirachi
|-damage|p2a: Jirachi|202\/397
|
|switch|p1a: Starmie|Starmie|172\/323
|move|p2a: Jirachi|Body Slam|p1a: Starmie
|-damage|p1a: Starmie|73\/323
|-status|p1a: Starmie|par
|
|-heal|p2a: Jirachi|226\/397|[from] item: Leftovers
|-heal|p1a: Starmie|93\/323 par|[from] item: Leftovers
|turn|21
|
|switch|p1a: Jirachi|Jirachi|341\/341
|move|p2a: Jirachi|U-turn|p1a: Jirachi
|-damage|p1a: Jirachi|268\/341
|
|switch|p2a: Swampert|Swampert-Mega, F|138\/341
|
|turn|22
|
|move|p1a: Jirachi|U-turn|p2a: Swampert
|-damage|p2a: Swampert|74\/341
|
|switch|p1a: Crobat|Crobat, F|271\/373
|move|p2a: Swampert|Earthquake|p1a: Crobat
|-immune|p1a: Crobat|[msg]
|
|turn|23
|
|switch|p2a: Donphan|Donphan, M|25\/384
|move|p1a: Crobat|U-turn|p2a: Donphan
|-damage|p2a: Donphan|0 fnt
|faint|p2a: Donphan
|
|switch|p1a: Jirachi|Jirachi|268\/341
|
|
|switch|p2a: Swampert|Swampert-Mega, F|74\/341
|turn|24
|
|move|p1a: Jirachi|U-turn|p2a: Swampert
|-damage|p2a: Swampert|12\/341
|
|switch|p1a: Starmie|Starmie|93\/323
|move|p2a: Swampert|Rest|p2a: Swampert
|-status|p2a: Swampert|slp
|-heal|p2a: Swampert|341\/341 slp|[silent]
|-status|p2a: Swampert|slp|[from] move: Rest
|
|-heal|p1a: Starmie|113\/323|[from] item: Leftovers
|turn|25
|
|move|p1a: Starmie|Recover|p1a: Starmie
|-heal|p1a: Starmie|275\/323
|cant|p2a: Swampert|slp
|move|p2a: Swampert|Sleep Talk|p2a: Swampert
|move|p2a: Swampert|Earthquake|p1a: Starmie|[from]Sleep Talk
|-damage|p1a: Starmie|83\/323
|
|-heal|p1a: Starmie|103\/323|[from] item: Leftovers
|turn|26
|
|move|p1a: Starmie|Recover|p1a: Starmie
|-heal|p1a: Starmie|265\/323
|cant|p2a: Swampert|slp
|move|p2a: Swampert|Sleep Talk|p2a: Swampert
|move|p2a: Swampert|Scald|p1a: Starmie|[from]Sleep Talk
|-resisted|p1a: Starmie
|-damage|p1a: Starmie|213\/323
|-status|p1a: Starmie|brn
|
|-heal|p1a: Starmie|233\/323 brn|[from] item: Leftovers
|-damage|p1a: Starmie|193\/323 brn|[from] brn
|turn|27
|
|switch|p1a: Crobat|Crobat, F|271\/373
|-curestatus|p2a: Swampert|slp
|move|p2a: Swampert|Earthquake|p1a: Crobat
|-immune|p1a: Crobat|[msg]
|
|turn|28
|
|move|p1a: Crobat|Acrobatics|p2a: Swampert
|-damage|p2a: Swampert|236\/341
|move|p2a: Swampert|Scald|p1a: Crobat
|-damage|p1a: Crobat|169\/373
|
|turn|29
|
|move|p1a: Crobat|Roost|p1a: Crobat
|-heal|p1a: Crobat|356\/373
|move|p2a: Swampert|Earthquake|p1a: Crobat
|-supereffective|p1a: Crobat
|-damage|p1a: Crobat|2\/373
|
|turn|30
|-message|Zhero forfeited.
|
|win|hide rock
|raw|Ladder updating...
|leave|Zhero
|player|p1
|raw|Zhero's rating: 1217 &rarr; <strong>1192<\/strong><br \/>(-25 for losing)
|raw|hide rock's rating: 1222 &rarr; <strong>1247<\/strong><br \/>(+25 for winning)