|join|Allen709
|join|hide rock
|player|p1|Allen709|102
|player|p2|hide rock|266
|gametype|singles
|gen|6
|tier|UU
|rated
|rule|Sleep Clause Mod: Limit one foe put to sleep
|rule|Species Clause: Limit one of each PokÃ©mon
|rule|OHKO Clause: OHKO moves are banned
|rule|Moody Clause: Moody is banned
|rule|Evasion Moves Clause: Evasion moves are banned
|rule|Endless Battle Clause: Forcing endless battles is banned
|rule|HP Percentage Mod: HP is shown in percentages
|clearpoke
|poke|p1|Alakazam, M
|poke|p1|Absol, M
|poke|p1|Chesnaught, F
|poke|p1|Aerodactyl, F
|poke|p1|Infernape, F
|poke|p1|Forretress, F
|poke|p2|Toxicroak, M
|poke|p2|Quagsire, F
|poke|p2|Forretress, M
|poke|p2|Florges, F
|poke|p2|Alomomola, F
|poke|p2|Celebi
|rule|Swagger Clause: Swagger is banned
|rule|Baton Pass Clause: Limit one PokÃ©mon knowing Baton Pass
|teampreview
|
|start
|switch|p1a: Forretress|Forretress, F|354\/354
|switch|p2a: Alomomola|Alomomola, F|534\/534
|turn|1
|
|move|p2a: Alomomola|Scald|p1a: Forretress
|-damage|p1a: Forretress|282\/354
|move|p1a: Forretress|Stealth Rock|p2a: Alomomola
|-sidestart|p2: hide rock|move: Stealth Rock
|
|-heal|p1a: Forretress|304\/354|[from] item: Leftovers
|turn|2
|
|move|p2a: Alomomola|Scald|p1a: Forretress
|-damage|p1a: Forretress|231\/354
|-status|p1a: Forretress|brn
|move|p1a: Forretress|Toxic|p2a: Alomomola|[miss]
|-miss|p1a: Forretress|p2a: Alomomola
|
|-heal|p1a: Forretress|253\/354 brn|[from] item: Leftovers
|-damage|p1a: Forretress|209\/354 brn|[from] brn
|turn|3
|
|switch|p2a: Forretress|Forretress, M|354\/354
|-damage|p2a: Forretress|310\/354|[from] Stealth Rock
|move|p1a: Forretress|Toxic|p2a: Forretress|[miss]
|-miss|p1a: Forretress|p2a: Forretress
|
|-heal|p2a: Forretress|332\/354|[from] item: Leftovers
|-heal|p1a: Forretress|231\/354 brn|[from] item: Leftovers
|-damage|p1a: Forretress|187\/354 brn|[from] brn
|turn|4
|
|move|p2a: Forretress|Rapid Spin|p1a: Forretress
|-resisted|p1a: Forretress
|-damage|p1a: Forretress|183\/354 brn
|-sideend|p2: hide rock|Stealth Rock|[from] move: Rapid Spin|[of] p2a: Forretress
|move|p1a: Forretress|Volt Switch|p2a: Forretress
|-damage|p2a: Forretress|280\/354
|
|switch|p1a: Infernape|Infernape, F|293\/293
|
|-heal|p2a: Forretress|302\/354|[from] item: Leftovers
|turn|5
|
|switch|p2a: Alomomola|Alomomola, F|534\/534
|move|p1a: Infernape|Close Combat|p2a: Alomomola
|-damage|p2a: Alomomola|381\/534
|-unboost|p1a: Infernape|def|1
|-unboost|p1a: Infernape|spd|1
|
|-heal|p2a: Alomomola|414\/534|[from] item: Leftovers
|turn|6
|
|switch|p1a: Chesnaught|Chesnaught, F|380\/380
|move|p2a: Alomomola|Scald|p1a: Chesnaught
|-resisted|p1a: Chesnaught
|-damage|p1a: Chesnaught|351\/380
|
|-heal|p2a: Alomomola|447\/534|[from] item: Leftovers
|-heal|p1a: Chesnaught|374\/380|[from] item: Leftovers
|turn|7
|
|move|p2a: Alomomola|Toxic|p1a: Chesnaught
|-status|p1a: Chesnaught|tox
|move|p1a: Chesnaught|Leech Seed|p2a: Alomomola
|-start|p2a: Alomomola|move: Leech Seed
|
|-heal|p2a: Alomomola|480\/534|[from] item: Leftovers
|-heal|p1a: Chesnaught|380\/380 tox|[from] item: Leftovers
|-damage|p2a: Alomomola|414\/534|[from] Leech Seed|[of] p1a: Chesnaught
|-damage|p1a: Chesnaught|357\/380 tox|[from] psn
|turn|8
|
|switch|p2a: Celebi|Celebi|396\/396
|move|p1a: Chesnaught|Spikes|p2a: Celebi
|-sidestart|p2: hide rock|Spikes
|
|-heal|p1a: Chesnaught|380\/380 tox|[from] item: Leftovers
|-damage|p1a: Chesnaught|334\/380 tox|[from] psn
|turn|9
|
|move|p2a: Celebi|Giga Drain|p1a: Chesnaught
|-resisted|p1a: Chesnaught
|-damage|p1a: Chesnaught|277\/380 tox
|move|p1a: Chesnaught|Toxic|p2a: Celebi
|-status|p2a: Celebi|tox
|
|-heal|p1a: Chesnaught|300\/380 tox|[from] item: Leftovers
|-damage|p2a: Celebi|372\/396 tox|[from] psn
|-damage|p1a: Chesnaught|231\/380 tox|[from] psn
|turn|10
|
|move|p2a: Celebi|Hidden Power|p1a: Chesnaught
|-supereffective|p1a: Chesnaught
|-damage|p1a: Chesnaught|113\/380 tox
|move|p1a: Chesnaught|Leech Seed|p2a: Celebi|[miss]
|-miss|p1a: Chesnaught|p2a: Celebi
|
|-heal|p2a: Celebi|396\/396 tox|[from] item: Leftovers
|-heal|p1a: Chesnaught|136\/380 tox|[from] item: Leftovers
|-damage|p2a: Celebi|348\/396 tox|[from] psn
|-damage|p1a: Chesnaught|44\/380 tox|[from] psn
|turn|11
|
|switch|p2a: Alomomola|Alomomola, F|534\/534
|-damage|p2a: Alomomola|468\/534|[from] Spikes
|move|p1a: Chesnaught|Leech Seed|p2a: Alomomola
|-start|p2a: Alomomola|move: Leech Seed
|
|-heal|p2a: Alomomola|501\/534|[from] item: Leftovers
|-heal|p1a: Chesnaught|67\/380 tox|[from] item: Leftovers
|-damage|p2a: Alomomola|435\/534|[from] Leech Seed|[of] p1a: Chesnaught
|-heal|p1a: Chesnaught|133\/380 tox|[silent]
|-damage|p1a: Chesnaught|18\/380 tox|[from] psn
|turn|12
|
|switch|p2a: Toxicroak|Toxicroak, M|307\/307
|-damage|p2a: Toxicroak|269\/307|[from] Spikes
|move|p1a: Chesnaught|Spiky Shield|p1a: Chesnaught
|-fail|p1a: Chesnaught
|
|-heal|p2a: Toxicroak|288\/307|[from] item: Black Sludge
|-heal|p1a: Chesnaught|41\/380 tox|[from] item: Leftovers
|-damage|p1a: Chesnaught|0 fnt|[from] psn
|faint|p1a: Chesnaught
|
|switch|p1a: Aerodactyl|Aerodactyl, F|301\/301
|turn|13
|
|switch|p2a: Alomomola|Alomomola, F|534\/534
|-damage|p2a: Alomomola|468\/534|[from] Spikes
|detailschange|p1a: Aerodactyl|Aerodactyl-Mega, F
|-mega|p1a: Aerodactyl|Aerodactyl|Aerodactylite
|move|p1a: Aerodactyl|Earthquake|p2a: Alomomola
|-damage|p2a: Alomomola|363\/534
|
|-heal|p2a: Alomomola|396\/534|[from] item: Leftovers
|turn|14
|
|move|p1a: Aerodactyl|Thunder Fang|p2a: Alomomola
|-supereffective|p2a: Alomomola
|-damage|p2a: Alomomola|234\/534
|move|p2a: Alomomola|Scald|p1a: Aerodactyl
|-crit|p1a: Aerodactyl
|-supereffective|p1a: Aerodactyl
|-damage|p1a: Aerodactyl|151\/301
|
|-heal|p2a: Alomomola|267\/534|[from] item: Leftovers
|turn|15
|
|move|p1a: Aerodactyl|Thunder Fang|p2a: Alomomola
|-supereffective|p2a: Alomomola
|-damage|p2a: Alomomola|101\/534
|move|p2a: Alomomola|Wish|p2a: Alomomola
|
|-heal|p2a: Alomomola|134\/534|[from] item: Leftovers
|turn|16
|
|move|p2a: Alomomola|Protect|p2a: Alomomola
|-singleturn|p2a: Alomomola|Protect
|move|p1a: Aerodactyl|Thunder Fang|p2a: Alomomola
|-activate|p2a: Alomomola|Protect
|
|-heal|p2a: Alomomola|401\/534|[from] move: Wish|[wisher] Alomomola
|-heal|p2a: Alomomola|434\/534|[from] item: Leftovers
|turn|17
|
|move|p1a: Aerodactyl|Thunder Fang|p2a: Alomomola|[miss]
|-miss|p1a: Aerodactyl|p2a: Alomomola
|move|p2a: Alomomola|Scald|p1a: Aerodactyl
|-supereffective|p1a: Aerodactyl
|-damage|p1a: Aerodactyl|49\/301
|
|-heal|p2a: Alomomola|467\/534|[from] item: Leftovers
|turn|18
|
|move|p1a: Aerodactyl|Thunder Fang|p2a: Alomomola
|-supereffective|p2a: Alomomola
|-damage|p2a: Alomomola|303\/534
|move|p2a: Alomomola|Toxic|p1a: Aerodactyl
|-status|p1a: Aerodactyl|tox
|
|-heal|p2a: Alomomola|336\/534|[from] item: Leftovers
|-damage|p1a: Aerodactyl|31\/301 tox|[from] psn
|turn|19
|
|switch|p1a: Alakazam|Alakazam, M|251\/251
|move|p2a: Alomomola|Wish|p2a: Alomomola
|
|-heal|p2a: Alomomola|369\/534|[from] item: Leftovers
|turn|20
|
|switch|p2a: Florges|Florges, F|360\/360
|-damage|p2a: Florges|315\/360|[from] Spikes
|move|p1a: Alakazam|Energy Ball|p2a: Florges
|-damage|p2a: Florges|250\/360
|
|-heal|p2a: Florges|360\/360|[from] move: Wish|[wisher] Alomomola
|turn|21
|
|move|p1a: Alakazam|Calm Mind|p1a: Alakazam
|-boost|p1a: Alakazam|spa|1
|-boost|p1a: Alakazam|spd|1
|move|p2a: Florges|Moonblast|p1a: Alakazam
|-damage|p1a: Alakazam|170\/251
|
|turn|22
|
|move|p1a: Alakazam|Psychic|p2a: Florges
|-damage|p2a: Florges|219\/360
|move|p2a: Florges|Moonblast|p1a: Alakazam
|-damage|p1a: Alakazam|91\/251
|
|-heal|p2a: Florges|241\/360|[from] item: Leftovers
|turn|23
|
|move|p1a: Alakazam|Psychic|p2a: Florges
|-damage|p2a: Florges|91\/360
|move|p2a: Florges|Moonblast|p1a: Alakazam
|-damage|p1a: Alakazam|0 fnt
|faint|p1a: Alakazam
|
|-heal|p2a: Florges|113\/360|[from] item: Leftovers
|
|switch|p1a: Absol|Absol, M|271\/271
|turn|24
|
|move|p2a: Florges|Protect|p2a: Florges
|-singleturn|p2a: Florges|Protect
|move|p1a: Absol|Psycho Cut|p2a: Florges
|-activate|p2a: Florges|Protect
|
|-heal|p2a: Florges|135\/360|[from] item: Leftovers
|turn|25
|
|move|p1a: Absol|Psycho Cut|p2a: Florges
|-crit|p2a: Florges
|-damage|p2a: Florges|0 fnt
|faint|p2a: Florges
|
|
|switch|p2a: Alomomola|Alomomola, F|534\/534
|-damage|p2a: Alomomola|468\/534|[from] Spikes
|turn|26
|
|move|p1a: Absol|Psycho Cut|p2a: Alomomola
|-damage|p2a: Alomomola|400\/534
|move|p2a: Alomomola|Toxic|p1a: Absol|[miss]
|-miss|p2a: Alomomola|p1a: Absol
|
|-heal|p2a: Alomomola|433\/534|[from] item: Leftovers
|turn|27
|
|move|p1a: Absol|Psycho Cut|p2a: Alomomola
|-crit|p2a: Alomomola
|-damage|p2a: Alomomola|334\/534
|move|p2a: Alomomola|Scald|p1a: Absol
|-damage|p1a: Absol|204\/271
|
|-heal|p2a: Alomomola|367\/534|[from] item: Leftovers
|turn|28
|
|switch|p1a: Forretress|Forretress, F|183\/354 brn
|move|p2a: Alomomola|Wish|p2a: Alomomola
|
|-heal|p2a: Alomomola|400\/534|[from] item: Leftovers
|-heal|p1a: Forretress|205\/354 brn|[from] item: Leftovers
|-damage|p1a: Forretress|161\/354 brn|[from] brn
|turn|29
|
|switch|p2a: Forretress|Forretress, M|302\/354
|-damage|p2a: Forretress|258\/354|[from] Spikes
|move|p1a: Forretress|Toxic|p2a: Forretress
|-fail|p2a: Forretress
|
|-heal|p2a: Forretress|354\/354|[from] move: Wish|[wisher] Alomomola
|-heal|p1a: Forretress|183\/354 brn|[from] item: Leftovers
|-damage|p1a: Forretress|139\/354 brn|[from] brn
|turn|30
|
|move|p2a: Forretress|Rapid Spin|p1a: Forretress
|-resisted|p1a: Forretress
|-damage|p1a: Forretress|135\/354 brn
|-sideend|p2: hide rock|Spikes|[from] move: Rapid Spin|[of] p2a: Forretress
|move|p1a: Forretress|Stealth Rock|p2a: Forretress
|-sidestart|p2: hide rock|move: Stealth Rock
|
|-heal|p1a: Forretress|157\/354 brn|[from] item: Leftovers
|-damage|p1a: Forretress|113\/354 brn|[from] brn
|turn|31
|
|move|p1a: Forretress|Stealth Rock|p2a: Forretress
|-fail|p2a: Forretress
|move|p2a: Forretress|Stealth Rock|p1a: Forretress
|-sidestart|p1: Allen709|move: Stealth Rock
|
|-heal|p1a: Forretress|135\/354 brn|[from] item: Leftovers
|-damage|p1a: Forretress|91\/354 brn|[from] brn
|turn|32
|
|move|p1a: Forretress|Rapid Spin|p2a: Forretress
|-resisted|p2a: Forretress
|-damage|p2a: Forretress|352\/354
|-sideend|p1: Allen709|Stealth Rock|[from] move: Rapid Spin|[of] p1a: Forretress
|move|p2a: Forretress|Toxic|p1a: Forretress
|-fail|p1a: Forretress
|
|-heal|p2a: Forretress|354\/354|[from] item: Leftovers
|-heal|p1a: Forretress|113\/354 brn|[from] item: Leftovers
|-damage|p1a: Forretress|69\/354 brn|[from] brn
|turn|33
|
|switch|p1a: Infernape|Infernape, F|293\/293
|move|p2a: Forretress|Rapid Spin|p1a: Infernape
|-damage|p1a: Infernape|275\/293
|-sideend|p2: hide rock|Stealth Rock|[from] move: Rapid Spin|[of] p2a: Forretress
|
|turn|34
|
|switch|p2a: Alomomola|Alomomola, F|534\/534
|move|p1a: Infernape|U-turn|p2a: Alomomola
|-damage|p2a: Alomomola|475\/534
|
|switch|p1a: Aerodactyl|Aerodactyl-Mega, F|31\/301 tox
|
|-heal|p2a: Alomomola|508\/534|[from] item: Leftovers
|-damage|p1a: Aerodactyl|13\/301 tox|[from] psn
|turn|35
|
|move|p1a: Aerodactyl|Earthquake|p2a: Alomomola
|-damage|p2a: Alomomola|397\/534
|move|p2a: Alomomola|Wish|p2a: Alomomola
|
|-heal|p2a: Alomomola|430\/534|[from] item: Leftovers
|-damage|p1a: Aerodactyl|0 fnt|[from] psn
|faint|p1a: Aerodactyl
|c|âAllen709|gg
|-message|Allen709 forfeited.
|
|win|hide rock
|raw|Ladder updating...
|leave|Allen709
|raw|Allen709's rating: 1102 &rarr; <strong>1077<\/strong><br \/>(-25 for losing)
|raw|hide rock's rating: 1110 &rarr; <strong>1134<\/strong><br \/>(+24 for winning)
|player|p1