|join|sdarbzzz
|join|hide rock
|player|p1|sdarbzzz|265
|player|p2|hide rock|265
|gametype|singles
|gen|6
|tier|UU
|rated
|rule|Sleep Clause Mod: Limit one foe put to sleep
|rule|Species Clause: Limit one of each PokÃ©mon
|rule|OHKO Clause: OHKO moves are banned
|rule|Moody Clause: Moody is banned
|rule|Evasion Moves Clause: Evasion moves are banned
|rule|Endless Battle Clause: Forcing endless battles is banned
|rule|HP Percentage Mod: HP is shown in percentages
|clearpoke
|poke|p1|Chandelure, F
|poke|p1|Crobat, M
|poke|p1|Chesnaught, M
|poke|p1|Forretress, F
|poke|p1|Empoleon, M
|poke|p1|Hydreigon, M
|poke|p2|Medicham, F
|poke|p2|Hydreigon, M
|poke|p2|Blissey, F
|poke|p2|Gligar, M
|poke|p2|Jirachi
|poke|p2|Cresselia, F
|rule|Swagger Clause: Swagger is banned
|rule|Baton Pass Clause: Limit one PokÃ©mon knowing Baton Pass
|teampreview
|
|start
|switch|p1a: Fluffy|Hydreigon, M|325\/325
|switch|p2a: Pikkon|Medicham, F|262\/262
|turn|1
|
|switch|p1a: Eternity|Forretress, F|344\/344
|switch|p2a: SMOOTH|Blissey, F|714\/714
|
|turn|2
|
|switch|p2a: Versace|Hydreigon, M|325\/325
|move|p1a: Eternity|Stealth Rock|p2a: Versace
|-sidestart|p2: hide rock|move: Stealth Rock
|
|turn|3
|
|switch|p1a: Bonaparte|Empoleon, M|344\/344
|move|p2a: Versace|Dark Pulse|p1a: Bonaparte
|-damage|p1a: Bonaparte|227\/344
|-damage|p2a: Versace|293\/325|[from] item: Life Orb
|
|turn|4
|
|move|p2a: Versace|Superpower|p1a: Bonaparte
|-supereffective|p1a: Bonaparte
|-damage|p1a: Bonaparte|0 fnt
|-unboost|p2a: Versace|atk|1
|-unboost|p2a: Versace|def|1
|-damage|p2a: Versace|261\/325|[from] item: Life Orb
|faint|p1a: Bonaparte
|
|
|switch|p1a: Trevelyan|Crobat, M|312\/312
|turn|5
|
|switch|p2a: Jirachi|Jirachi|341\/341
|-damage|p2a: Jirachi|320\/341|[from] Stealth Rock
|move|p1a: Trevelyan|U-turn|p2a: Jirachi
|-damage|p2a: Jirachi|225\/341
|
|switch|p1a: Eternity|Forretress, F|344\/344
|
|turn|6
|
|switch|p2a: Gillette|Gligar, M|333\/333
|-damage|p2a: Gillette|292\/333|[from] Stealth Rock
|switch|p1a: Lumos|Chandelure, F|261\/261
|
|turn|7
|
|switch|p2a: SMOOTH|Blissey, F|714\/714
|-damage|p2a: SMOOTH|625\/714|[from] Stealth Rock
|move|p1a: Lumos|Fire Blast|p2a: SMOOTH
|-damage|p2a: SMOOTH|401\/714
|-damage|p1a: Lumos|235\/261|[from] item: Life Orb
|
|-heal|p2a: SMOOTH|445\/714|[from] item: Leftovers
|turn|8
|
|switch|p1a: Eternity|Forretress, F|344\/344
|move|p2a: SMOOTH|Soft-Boiled|p2a: SMOOTH
|-heal|p2a: SMOOTH|714\/714
|
|turn|9
|
|switch|p2a: Gillette|Gligar, M|292\/333
|-damage|p2a: Gillette|251\/333|[from] Stealth Rock
|move|p1a: Eternity|Spikes|p2a: Gillette
|-sidestart|p2: hide rock|Spikes
|
|turn|10
|
|switch|p1a: Knuckles|Chesnaught, M|376\/376
|move|p2a: Gillette|Defog|p1a: Knuckles
|-unboost|p1a: Knuckles|evasion|1
|-sideend|p2: hide rock|Spikes|[from] move: Defog|[of] p2a: Gillette
|-sideend|p2: hide rock|Stealth Rock|[from] move: Defog|[of] p2a: Gillette
|
|turn|11
|
|move|p2a: Gillette|Stealth Rock|p1a: Knuckles
|-sidestart|p1: sdarbzzz|move: Stealth Rock
|move|p1a: Knuckles|Leech Seed|p2a: Gillette
|-start|p2a: Gillette|move: Leech Seed
|
|-damage|p2a: Gillette|210\/333|[from] Leech Seed|[of] p1a: Knuckles
|turn|12
|
|move|p2a: Gillette|Roost|p2a: Gillette
|-heal|p2a: Gillette|333\/333
|move|p1a: Knuckles|Leech Seed|p2a: Gillette
|-fail|p2a: Gillette
|
|-damage|p2a: Gillette|292\/333|[from] Leech Seed|[of] p1a: Knuckles
|turn|13
|
|switch|p2a: Pikkon|Medicham, F|262\/262
|move|p1a: Knuckles|Substitute|p1a: Knuckles
|-start|p1a: Knuckles|Substitute
|-damage|p1a: Knuckles|282\/376
|
|-heal|p1a: Knuckles|305\/376|[from] item: Leftovers
|turn|14
|
|detailschange|p2a: Pikkon|Medicham-Mega, F
|-mega|p2a: Pikkon|Medicham|Medichamite
|move|p2a: Pikkon|Substitute|p2a: Pikkon
|-start|p2a: Pikkon|Substitute
|-damage|p2a: Pikkon|197\/262
|move|p1a: Knuckles|Leech Seed|p2a: Pikkon
|
|-heal|p1a: Knuckles|328\/376|[from] item: Leftovers
|turn|15
|
|switch|p1a: Trevelyan|Crobat, M|312\/312
|-damage|p1a: Trevelyan|234\/312|[from] Stealth Rock
|move|p2a: Pikkon|Drain Punch|p1a: Trevelyan
|-resisted|p1a: Trevelyan
|-damage|p1a: Trevelyan|163\/312
|-heal|p2a: Pikkon|233\/262|[from] drain|[of] p1a: Trevelyan
|
|turn|16
|
|switch|p2a: Gillette|Gligar, M|292\/333
|move|p1a: Trevelyan|Brave Bird|p2a: Gillette
|-damage|p2a: Gillette|171\/333
|-damage|p1a: Trevelyan|123\/312|[from] recoil|[of] p2a: Gillette
|
|turn|17
|
|switch|p1a: Eternity|Forretress, F|344\/344
|-damage|p1a: Eternity|301\/344|[from] Stealth Rock
|switch|p2a: Versace|Hydreigon, M|261\/325
|
|turn|18
|
|move|p2a: Versace|Dark Pulse|p1a: Eternity
|-damage|p1a: Eternity|19\/344
|-damage|p2a: Versace|229\/325|[from] item: Life Orb
|cant|p1a: Eternity|flinch
|
|turn|19
|
|switch|p1a: Fluffy|Hydreigon, M|325\/325
|-damage|p1a: Fluffy|285\/325|[from] Stealth Rock
|move|p2a: Versace|Dark Pulse|p1a: Fluffy
|-resisted|p1a: Fluffy
|-damage|p1a: Fluffy|195\/325
|-damage|p2a: Versace|197\/325|[from] item: Life Orb
|
|turn|20
|
|switch|p2a: SMOOTH|Blissey, F|714\/714
|move|p1a: Fluffy|Draco Meteor|p2a: SMOOTH|[miss]
|-miss|p1a: Fluffy|p2a: SMOOTH
|
|turn|21
|
|switch|p1a: Knuckles|Chesnaught, M|328\/376
|-damage|p1a: Knuckles|305\/376|[from] Stealth Rock
|move|p2a: SMOOTH|Thunder Wave|p1a: Knuckles
|-status|p1a: Knuckles|par
|
|-heal|p1a: Knuckles|328\/376 par|[from] item: Leftovers
|turn|22
|
|switch|p2a: Bonjour|Cresselia, F|444\/444
|move|p1a: Knuckles|Leech Seed|p2a: Bonjour
|-start|p2a: Bonjour|move: Leech Seed
|
|-heal|p1a: Knuckles|351\/376 par|[from] item: Leftovers
|-damage|p2a: Bonjour|389\/444|[from] Leech Seed|[of] p1a: Knuckles
|-heal|p1a: Knuckles|376\/376 par|[silent]
|turn|23
|
|switch|p2a: Pikkon|Medicham-Mega, F|233\/262
|switch|p1a: Lumos|Chandelure, F|235\/261
|-damage|p1a: Lumos|170\/261|[from] Stealth Rock
|
|turn|24
|
|move|p2a: Pikkon|Zen Headbutt|p1a: Lumos
|-damage|p1a: Lumos|0 fnt
|faint|p1a: Lumos
|
|-message|sdarbzzz forfeited.
|leave|sdarbzzz
|
|win|hide rock
|raw|Ladder updating...
|player|p1
|raw|sdarbzzz's rating: 1524 &rarr; <strong>1502<\/strong><br \/>(-22 for losing)
|raw|hide rock's rating: 1492 &rarr; <strong>1513<\/strong><br \/>(+21 for winning)