|join|Patodragon.v2
|join|Magalli Presidente
|player|p1|Patodragon.v2|265
|player|p2|Magalli Presidente|2
|gametype|singles
|gen|6
|tier|OU
|rated
|clearpoke
|poke|p1|Lopunny, M
|poke|p1|Skarmory, M
|poke|p1|Breloom, F
|poke|p1|Azumarill, M
|poke|p1|Bisharp, F
|poke|p1|Gengar, F
|poke|p2|Scizor, M
|poke|p2|Dugtrio, M
|poke|p2|Celebi
|poke|p2|Heatran, M
|poke|p2|Talonflame, M
|poke|p2|Keldeo-Resolute
|rule|Swagger Clause: Swagger is banned
|rule|Baton Pass Clause: Limit one PokÃ©mon knowing Baton Pass
|rule|Sleep Clause Mod: Limit one foe put to sleep
|rule|Species Clause: Limit one of each PokÃ©mon
|rule|OHKO Clause: OHKO moves are banned
|rule|Moody Clause: Moody is banned
|rule|Evasion Moves Clause: Evasion moves are banned
|rule|Endless Battle Clause: Forcing endless battles is banned
|rule|HP Percentage Mod: HP is shown in percentages
|teampreview
|
|start
|switch|p1a: Skarmory|Skarmory, M|271\/271
|switch|p2a: Heatran|Heatran, M|385\/385
|turn|1
|
|move|p1a: Skarmory|Stealth Rock|p2a: Heatran
|-sidestart|p2: Magalli Presidente|move: Stealth Rock
|move|p2a: Heatran|Lava Plume|p1a: Skarmory
|-crit|p1a: Skarmory
|-supereffective|p1a: Skarmory
|-activate|p1a: Skarmory|Sturdy
|-damage|p1a: Skarmory|1\/271
|-enditem|p1a: Skarmory|Salac Berry|[eat]
|-boost|p1a: Skarmory|spe|1|[from] item: Salac Berry
|
|turn|2
|
|move|p1a: Skarmory|Spikes|p2a: Heatran
|-sidestart|p2: Magalli Presidente|Spikes
|move|p2a: Heatran|Stealth Rock|p1a: Skarmory
|-sidestart|p1: Patodragon.v2|move: Stealth Rock
|
|turn|3
|
|switch|p2a: Scizor|Scizor, M|343\/343
|-damage|p2a: Scizor|301\/343|[from] Spikes
|-damage|p2a: Scizor|259\/343|[from] Stealth Rock
|move|p1a: Skarmory|Spikes|p2a: Scizor
|-sidestart|p2: Magalli Presidente|Spikes
|
|turn|4
|
|detailschange|p2a: Scizor|Scizor-Mega, M
|-mega|p2a: Scizor|Scizor|Scizorite
|move|p1a: Skarmory|Taunt|p2a: Scizor
|-start|p2a: Scizor|move: Taunt
|cant|p2a: Scizor|move: Taunt|Defog
|
|turn|5
|
|move|p2a: Scizor|Bullet Punch|p1a: Skarmory
|-resisted|p1a: Skarmory
|-damage|p1a: Skarmory|0 fnt
|faint|p1a: Skarmory
|
|
|switch|p1a: Breloom|Breloom, F|261\/261
|-damage|p1a: Breloom|245\/261|[from] Stealth Rock
|turn|6
|
|switch|p2a: Celebi|Celebi|403\/403
|-damage|p2a: Celebi|336\/403|[from] Spikes
|-damage|p2a: Celebi|286\/403|[from] Stealth Rock
|move|p1a: Breloom|Rock Tomb|p2a: Celebi
|-damage|p2a: Celebi|187\/403
|-unboost|p2a: Celebi|spe|1
|
|-heal|p2a: Celebi|212\/403|[from] item: Leftovers
|turn|7
|
|switch|p1a: Bisharp|Bisharp, F|289\/289
|-damage|p1a: Bisharp|271\/289|[from] Stealth Rock
|move|p2a: Celebi|Recover|p2a: Celebi
|-heal|p2a: Celebi|403\/403
|
|turn|8
|
|switch|p2a: Keldeo-Resolute|Keldeo-Resolute|323\/323
|-damage|p2a: Keldeo-Resolute|270\/323|[from] Spikes
|-damage|p2a: Keldeo-Resolute|250\/323|[from] Stealth Rock
|move|p1a: Bisharp|Knock Off|p2a: Keldeo-Resolute
|-resisted|p2a: Keldeo-Resolute
|-damage|p2a: Keldeo-Resolute|129\/323
|-boost|p2a: Keldeo-Resolute|atk|1|[from] ability: Justified
|-enditem|p2a: Keldeo-Resolute|Choice Scarf|[from] move: Knock Off|[of] p1a: Bisharp
|-damage|p1a: Bisharp|243\/289|[from] item: Life Orb
|
|turn|9
|
|switch|p1a: Breloom|Breloom, F|245\/261
|-damage|p1a: Breloom|229\/261|[from] Stealth Rock
|move|p2a: Keldeo-Resolute|Scald|p1a: Breloom
|-resisted|p1a: Breloom
|-damage|p1a: Breloom|131\/261
|
|turn|10
|
|move|p1a: Breloom|Mach Punch|p2a: Keldeo-Resolute
|-crit|p2a: Keldeo-Resolute
|-damage|p2a: Keldeo-Resolute|0 fnt
|faint|p2a: Keldeo-Resolute
|
|
|switch|p2a: Celebi|Celebi|403\/403
|-damage|p2a: Celebi|353\/403|[from] Stealth Rock
|-damage|p2a: Celebi|286\/403|[from] Spikes
|turn|11
|
|move|p1a: Breloom|Rock Tomb|p2a: Celebi
|-damage|p2a: Celebi|185\/403
|-unboost|p2a: Celebi|spe|1
|move|p2a: Celebi|Baton Pass|p2a: Celebi
|
|switch|p2a: Talonflame|Talonflame, M|359\/359
|-damage|p2a: Talonflame|180\/359|[from] Stealth Rock
|
|-heal|p2a: Talonflame|202\/359|[from] item: Leftovers
|turn|12
|
|move|p2a: Talonflame|Brave Bird|p1a: Breloom
|-supereffective|p1a: Breloom
|-damage|p1a: Breloom|0 fnt
|-damage|p2a: Talonflame|159\/359|[from] recoil|[of] p1a: Breloom
|faint|p1a: Breloom
|
|-heal|p2a: Talonflame|181\/359|[from] item: Leftovers
|
|switch|p1a: Bisharp|Bisharp, F|243\/289
|-damage|p1a: Bisharp|225\/289|[from] Stealth Rock
|turn|13
|
|switch|p2a: Celebi|Celebi|185\/403
|-damage|p2a: Celebi|118\/403|[from] Spikes
|-damage|p2a: Celebi|68\/403|[from] Stealth Rock
|move|p1a: Bisharp|Knock Off|p2a: Celebi
|-supereffective|p2a: Celebi
|-damage|p2a: Celebi|0 fnt
|-enditem|p2a: Celebi|Leftovers|[from] move: Knock Off|[of] p1a: Bisharp
|-damage|p1a: Bisharp|197\/289|[from] item: Life Orb
|faint|p2a: Celebi
|
|
|switch|p2a: Scizor|Scizor-Mega, M|259\/343
|-damage|p2a: Scizor|202\/343|[from] Spikes
|-damage|p2a: Scizor|160\/343|[from] Stealth Rock
|turn|14
|
|move|p1a: Bisharp|Swords Dance|p1a: Bisharp
|-boost|p1a: Bisharp|atk|2
|move|p2a: Scizor|Defog|p1a: Bisharp
|-unboost|p1a: Bisharp|evasion|1
|-boost|p1a: Bisharp|atk|2|[from] ability: Defiant
|-sideend|p1: Patodragon.v2|Stealth Rock|[from] move: Defog|[of] p1a: Bisharp
|-sideend|p2: Magalli Presidente|Spikes|[from] move: Defog|[of] p2a: Scizor
|-sideend|p2: Magalli Presidente|Stealth Rock|[from] move: Defog|[of] p2a: Scizor
|
|turn|15
|
|switch|p2a: Heatran|Heatran, M|385\/385
|move|p1a: Bisharp|Knock Off|p2a: Heatran
|-damage|p2a: Heatran|0 fnt
|-enditem|p2a: Heatran|Leftovers|[from] move: Knock Off|[of] p1a: Bisharp
|-damage|p1a: Bisharp|169\/289|[from] item: Life Orb
|faint|p2a: Heatran
|
|
|switch|p2a: Dugtrio|Dugtrio, M|211\/211
|turn|16
|
|move|p1a: Bisharp|Sucker Punch|p2a: Dugtrio
|-enditem|p2a: Dugtrio|Focus Sash
|-damage|p2a: Dugtrio|1\/211
|-damage|p1a: Bisharp|141\/289|[from] item: Life Orb
|move|p2a: Dugtrio|Earthquake|p1a: Bisharp
|-supereffective|p1a: Bisharp
|-damage|p1a: Bisharp|0 fnt
|faint|p1a: Bisharp
|
|
|switch|p1a: Lopunny|Lopunny, M|271\/271
|turn|17
|
|detailschange|p1a: Lopunny|Lopunny-Mega, M
|-mega|p1a: Lopunny|Lopunny|Lopunnite
|move|p1a: Lopunny|Fake Out|p2a: Dugtrio
|-damage|p2a: Dugtrio|0 fnt
|faint|p2a: Dugtrio
|
|
|switch|p2a: Talonflame|Talonflame, M|181\/359
|turn|18
|
|move|p2a: Talonflame|Brave Bird|p1a: Lopunny
|-crit|p1a: Lopunny
|-supereffective|p1a: Lopunny
|-damage|p1a: Lopunny|0 fnt
|-damage|p2a: Talonflame|92\/359|[from] recoil|[of] p1a: Lopunny
|faint|p1a: Lopunny
|
|-heal|p2a: Talonflame|114\/359|[from] item: Leftovers
|
|switch|p1a: Azumarill|Azumarill, M|358\/358
|turn|19
|
|move|p2a: Talonflame|Roost|p2a: Talonflame
|-heal|p2a: Talonflame|294\/359
|move|p1a: Azumarill|Knock Off|p2a: Talonflame
|-damage|p2a: Talonflame|108\/359
|-enditem|p2a: Talonflame|Leftovers|[from] move: Knock Off|[of] p1a: Azumarill
|
|turn|20
|
|switch|p2a: Scizor|Scizor-Mega, M|160\/343
|move|p1a: Azumarill|Aqua Jet|p2a: Scizor
|-damage|p2a: Scizor|111\/343
|
|turn|21
|
|move|p2a: Scizor|Roost|p2a: Scizor
|-heal|p2a: Scizor|283\/343
|move|p1a: Azumarill|Belly Drum|p1a: Azumarill
|-damage|p1a: Azumarill|179\/358
|-setboost|p1a: Azumarill|atk|6|[from] move: Belly Drum
|-enditem|p1a: Azumarill|Sitrus Berry|[eat]
|-heal|p1a: Azumarill|268\/358|[from] item: Sitrus Berry
|
|turn|22
|
|move|p2a: Scizor|Bullet Punch|p1a: Azumarill
|-damage|p1a: Azumarill|153\/358
|move|p1a: Azumarill|Knock Off|p2a: Scizor
|-damage|p2a: Scizor|76\/343
|
|turn|23
|
|move|p2a: Scizor|Bullet Punch|p1a: Azumarill
|-damage|p1a: Azumarill|35\/358
|move|p1a: Azumarill|Aqua Jet|p2a: Scizor
|-damage|p2a: Scizor|0 fnt
|faint|p2a: Scizor
|
|
|switch|p2a: Talonflame|Talonflame, M|108\/359
|turn|24
|
|move|p2a: Talonflame|Brave Bird|p1a: Azumarill
|-damage|p1a: Azumarill|0 fnt
|-damage|p2a: Talonflame|96\/359|[from] recoil|[of] p1a: Azumarill
|faint|p1a: Azumarill
|
|
|switch|p1a: Gengar|Gengar, F|261\/261
|turn|25
|
|move|p2a: Talonflame|Roost|p2a: Talonflame
|-heal|p2a: Talonflame|276\/359
|move|p1a: Gengar|Shadow Ball|p2a: Talonflame
|-damage|p2a: Talonflame|93\/359
|-damage|p1a: Gengar|235\/261|[from] item: Life Orb
|
|turn|26
|
|move|p2a: Talonflame|Roost|p2a: Talonflame
|-heal|p2a: Talonflame|273\/359
|move|p1a: Gengar|Sludge Wave|p2a: Talonflame
|-damage|p2a: Talonflame|77\/359
|-damage|p1a: Gengar|209\/261|[from] item: Life Orb
|
|turn|27
|
|move|p2a: Talonflame|Roost|p2a: Talonflame
|-heal|p2a: Talonflame|257\/359
|move|p1a: Gengar|Sludge Wave|p2a: Talonflame
|-damage|p2a: Talonflame|49\/359
|-damage|p1a: Gengar|183\/261|[from] item: Life Orb
|
|turn|28
|
|move|p2a: Talonflame|Roost|p2a: Talonflame
|-heal|p2a: Talonflame|229\/359
|move|p1a: Gengar|Sludge Wave|p2a: Talonflame
|-damage|p2a: Talonflame|41\/359
|-damage|p1a: Gengar|157\/261|[from] item: Life Orb
|
|turn|29
|
|move|p2a: Talonflame|Brave Bird|p1a: Gengar
|-damage|p1a: Gengar|0 fnt
|-damage|p2a: Talonflame|0 fnt|[from] recoil|[of] p1a: Gengar
|faint|p1a: Gengar
|faint|p2a: Talonflame
|
|win|Magalli Presidente
|raw|Ladder updating...
|raw|Patodragon.v2's rating: 1652 &rarr; <strong>1626<\/strong><br \/>(-26 for losing)
|raw|Magalli Presidente's rating: 1546 &rarr; <strong>1572<\/strong><br \/>(+26 for winning)
|leave|Patodragon.v2
|player|p1
|leave|Magalli Presidente
|player|p2
|join|Magalli Presidente