|join|Magalli Presidente
|join|andrea medicham
|join|PoF Gianluigi
|player|p1|Magalli Presidente|265
|player|p2|andrea medicham|290
|gametype|singles
|gen|6
|tier|OU
|clearpoke
|poke|p1|Terrakion
|poke|p1|Magnezone
|poke|p1|Altaria, M
|poke|p1|Landorus-Therian, M
|poke|p1|Starmie
|poke|p1|Thundurus, M
|poke|p2|Lopunny, M
|poke|p2|Raikou
|poke|p2|Ferrothorn, F
|poke|p2|Latias, F
|poke|p2|Landorus-Therian, M
|poke|p2|Azumarill, M
|rule|Swagger Clause: Swagger is banned
|rule|Baton Pass Clause: Limit one PokÃ©mon knowing Baton Pass
|rule|Sleep Clause Mod: Limit one foe put to sleep
|rule|Species Clause: Limit one of each PokÃ©mon
|rule|OHKO Clause: OHKO moves are banned
|rule|Moody Clause: Moody is banned
|rule|Evasion Moves Clause: Evasion moves are banned
|rule|Endless Battle Clause: Forcing endless battles is banned
|rule|HP Percentage Mod: HP is shown in percentages
|teampreview
|c|âandrea medicham|gl
|c|âMagalli Presidente|u2
|join|PoF Coti
|c| PoF Gianluigi|questo team me lo sono giÃ  ritrovato contro
|
|start
|switch|p1a: Landorus-Therian|Landorus-Therian, M|319\/319
|switch|p2a: Lopunny|Lopunny, M|271\/271
|-ability|p1a: Landorus-Therian|Intimidate|[of] p2a: Lopunny
|-unboost|p2a: Lopunny|atk|1
|turn|1
|c| PoF Gianluigi|me lo ricordo xD
|c|âMagalli Presidente|il mio?
|c| PoF Gianluigi|y
|
|detailschange|p2a: Lopunny|Lopunny-Mega, M
|-mega|p2a: Lopunny|Lopunny|Lopunnite
|move|p2a: Lopunny|Fake Out|p1a: Landorus-Therian
|-damage|p1a: Landorus-Therian|270\/319
|cant|p1a: Landorus-Therian|flinch
|
|turn|2
|c|âMagalli Presidente|y l' ho usato qualche volta
|
|switch|p2a: Landorus-Therian|Landorus-Therian, M|327\/327
|-ability|p2a: Landorus-Therian|Intimidate|[of] p1a: Landorus-Therian
|-unboost|p1a: Landorus-Therian|atk|1
|move|p1a: Landorus-Therian|U-turn|p2a: Landorus-Therian
|-resisted|p2a: Landorus-Therian
|-damage|p2a: Landorus-Therian|294\/327
|leave|PoF Coti
|
|switch|p1a: Terrakion|Terrakion|323\/323
|
|turn|3
|join|Lord Insanity
|
|move|p2a: Landorus-Therian|U-turn|p1a: Terrakion
|-resisted|p1a: Terrakion
|-damage|p1a: Terrakion|273\/323
|c|âMagalli Presidente|drama mi porti sfiga
|c| Lord Insanity|Dovevo giocare con coti ma deve andare
|
|switch|p2a: Ferrothorn|Ferrothorn, F|351\/351
|move|p1a: Terrakion|Stealth Rock|p2a: Ferrothorn
|-sidestart|p2: andrea medicham|move: Stealth Rock
|
|turn|4
|c| Lord Insanity|Qualcuno vuole giocare per il tour?
|
|switch|p2a: Landorus-Therian|Landorus-Therian, M|294\/327
|-damage|p2a: Landorus-Therian|254\/327|[from] Stealth Rock
|-ability|p2a: Landorus-Therian|Intimidate|[of] p1a: Terrakion
|-unboost|p1a: Terrakion|atk|1
|move|p1a: Terrakion|Taunt|p2a: Landorus-Therian
|-start|p2a: Landorus-Therian|move: Taunt
|
|turn|5
|
|move|p2a: Landorus-Therian|U-turn|p1a: Terrakion
|-resisted|p1a: Terrakion
|-damage|p1a: Terrakion|227\/323
|leave|Lord Insanity
|
|switch|p2a: Ferrothorn|Ferrothorn, F|351\/351
|-damage|p2a: Ferrothorn|330\/351|[from] Stealth Rock
|move|p1a: Terrakion|Stone Edge|p2a: Ferrothorn
|-crit|p2a: Ferrothorn
|-resisted|p2a: Ferrothorn
|-damage|p2a: Ferrothorn|228\/351
|
|-heal|p2a: Ferrothorn|249\/351|[from] item: Leftovers
|turn|6
|c|âMagalli Presidente|wut avevo fatto cancel
|c|âMagalli Presidente|ah giusto sd merda
|c|âandrea medicham|^
|
|move|p1a: Terrakion|Close Combat|p2a: Ferrothorn
|-supereffective|p2a: Ferrothorn
|-damage|p2a: Ferrothorn|43\/351
|-damage|p1a: Terrakion|187\/323|[from] ability: Iron Barbs|[of] p2a: Ferrothorn
|-unboost|p1a: Terrakion|def|1
|-unboost|p1a: Terrakion|spd|1
|move|p2a: Ferrothorn|Leech Seed|p1a: Terrakion
|-start|p1a: Terrakion|move: Leech Seed
|
|-heal|p2a: Ferrothorn|64\/351|[from] item: Leftovers
|-damage|p1a: Terrakion|147\/323|[from] Leech Seed|[of] p2a: Ferrothorn
|-heal|p2a: Ferrothorn|104\/351|[silent]
|turn|7
|
|switch|p2a: Landorus-Therian|Landorus-Therian, M|254\/327
|-damage|p2a: Landorus-Therian|214\/327|[from] Stealth Rock
|-ability|p2a: Landorus-Therian|Intimidate|[of] p1a: Terrakion
|-unboost|p1a: Terrakion|atk|1
|move|p1a: Terrakion|Close Combat|p2a: Landorus-Therian
|-resisted|p2a: Landorus-Therian
|-damage|p2a: Landorus-Therian|160\/327
|-unboost|p1a: Terrakion|def|1
|-unboost|p1a: Terrakion|spd|1
|
|-damage|p1a: Terrakion|107\/323|[from] Leech Seed|[of] p2a: Landorus-Therian
|-heal|p2a: Landorus-Therian|200\/327|[silent]
|turn|8
|
|switch|p1a: Landorus-Therian|Landorus-Therian, M|270\/319
|-ability|p1a: Landorus-Therian|Intimidate|[of] p2a: Landorus-Therian
|-unboost|p2a: Landorus-Therian|atk|1
|move|p2a: Landorus-Therian|U-turn|p1a: Landorus-Therian
|-resisted|p1a: Landorus-Therian
|-damage|p1a: Landorus-Therian|238\/319
|
|switch|p2a: Azumarill|Azumarill, M|402\/402
|-damage|p2a: Azumarill|352\/402|[from] Stealth Rock
|
|turn|9
|
|switch|p1a: Magnezone|Magnezone|281\/281
|move|p2a: Azumarill|Knock Off|p1a: Magnezone
|-damage|p1a: Magnezone|155\/281
|-enditem|p1a: Magnezone|Choice Specs|[from] move: Knock Off|[of] p2a: Azumarill
|
|turn|10
|
|switch|p2a: Ferrothorn|Ferrothorn, F|104\/351
|-damage|p2a: Ferrothorn|83\/351|[from] Stealth Rock
|move|p1a: Magnezone|Volt Switch|p2a: Ferrothorn
|-resisted|p2a: Ferrothorn
|-damage|p2a: Ferrothorn|38\/351
|c|âandrea medicham|mi aspettavo un flash cannon
|c|âMagalli Presidente|eheh
|c|âandrea medicham|kek
|
|switch|p1a: Terrakion|Terrakion|107\/323
|
|-heal|p2a: Ferrothorn|59\/351|[from] item: Leftovers
|turn|11
|
|move|p1a: Terrakion|Close Combat|p2a: Ferrothorn
|-supereffective|p2a: Ferrothorn
|-damage|p2a: Ferrothorn|0 fnt
|-damage|p1a: Terrakion|67\/323|[from] ability: Iron Barbs|[of] p2a: Ferrothorn
|-unboost|p1a: Terrakion|def|1
|-unboost|p1a: Terrakion|spd|1
|faint|p2a: Ferrothorn
|
|
|switch|p2a: Azumarill|Azumarill, M|352\/402
|-damage|p2a: Azumarill|302\/402|[from] Stealth Rock
|turn|12
|
|move|p2a: Azumarill|Aqua Jet|p1a: Terrakion
|-supereffective|p1a: Terrakion
|-damage|p1a: Terrakion|0 fnt
|faint|p1a: Terrakion
|
|
|switch|p1a: Magnezone|Magnezone|155\/281
|turn|13
|
|move|p1a: Magnezone|Volt Switch|p2a: Azumarill
|-supereffective|p2a: Azumarill
|-damage|p2a: Azumarill|74\/402
|
|switch|p1a: Starmie|Starmie|262\/262
|move|p2a: Azumarill|Play Rough|p1a: Starmie
|-damage|p1a: Starmie|22\/262
|
|turn|14
|c|âandrea medicham|mannaccia
|
|move|p2a: Azumarill|Aqua Jet|p1a: Starmie
|-resisted|p1a: Starmie
|-damage|p1a: Starmie|0 fnt
|faint|p1a: Starmie
|
|
|switch|p1a: Altaria|Altaria, M|307\/307
|turn|15
|
|switch|p2a: Latias|Latias, F|319\/319
|-damage|p2a: Latias|280\/319|[from] Stealth Rock
|detailschange|p1a: Altaria|Altaria-Mega, M
|-mega|p1a: Altaria|Altaria|Altarianite
|move|p1a: Altaria|Return|p2a: Latias
|-supereffective|p2a: Latias
|-damage|p2a: Latias|0 fnt
|faint|p2a: Latias
|
|
|switch|p2a: Azumarill|Azumarill, M|74\/402
|-damage|p2a: Azumarill|24\/402|[from] Stealth Rock
|turn|16
|
|move|p2a: Azumarill|Aqua Jet|p1a: Altaria
|-resisted|p1a: Altaria
|-damage|p1a: Altaria|269\/307
|move|p1a: Altaria|Return|p2a: Azumarill
|-damage|p2a: Azumarill|0 fnt
|faint|p2a: Azumarill
|
|
|switch|p2a: Lopunny|Lopunny-Mega, M|271\/271
|-damage|p2a: Lopunny|255\/271|[from] Stealth Rock
|turn|17
|c|âandrea medicham|mado che errori
|c|âandrea medicham|che ho fatto
|
|switch|p1a: Landorus-Therian|Landorus-Therian, M|238\/319
|-ability|p1a: Landorus-Therian|Intimidate|[of] p2a: Lopunny
|-unboost|p2a: Lopunny|atk|1
|move|p2a: Lopunny|Fake Out|p1a: Landorus-Therian
|-damage|p1a: Landorus-Therian|187\/319
|
|turn|18
|
|switch|p2a: Landorus-Therian|Landorus-Therian, M|200\/327
|-damage|p2a: Landorus-Therian|160\/327|[from] Stealth Rock
|-ability|p2a: Landorus-Therian|Intimidate|[of] p1a: Landorus-Therian
|-unboost|p1a: Landorus-Therian|atk|1
|move|p1a: Landorus-Therian|U-turn|p2a: Landorus-Therian
|-resisted|p2a: Landorus-Therian
|-damage|p2a: Landorus-Therian|126\/327
|
|switch|p1a: Altaria|Altaria-Mega, M|269\/307
|
|turn|19
|
|move|p2a: Landorus-Therian|Earthquake|p1a: Altaria
|-damage|p1a: Altaria|95\/307
|move|p1a: Altaria|Dragon Dance|p1a: Altaria
|-boost|p1a: Altaria|atk|1
|-boost|p1a: Altaria|spe|1
|
|turn|20
|c|âMagalli Presidente|sono stupido
|
|switch|p1a: Thundurus|Thundurus, M|299\/299
|move|p2a: Landorus-Therian|Earthquake|p1a: Thundurus
|-immune|p1a: Thundurus|[msg]
|
|turn|21
|
|switch|p2a: Raikou|Raikou|321\/321
|-damage|p2a: Raikou|281\/321|[from] Stealth Rock
|-ability|p2a: Raikou|Pressure
|move|p1a: Thundurus|Hidden Power|p2a: Raikou
|-damage|p2a: Raikou|226\/321
|-damage|p1a: Thundurus|270\/299|[from] item: Life Orb
|
|turn|22
|c|âandrea medicham|cavolo pero
|c|âandrea medicham|hai una debolezza all'ice
|c|âandrea medicham|3 pkm
|
|switch|p1a: Magnezone|Magnezone|155\/281
|move|p2a: Raikou|Volt Switch|p1a: Magnezone
|-resisted|p1a: Magnezone
|-damage|p1a: Magnezone|89\/281
|
|switch|p2a: Landorus-Therian|Landorus-Therian, M|126\/327
|-damage|p2a: Landorus-Therian|86\/327|[from] Stealth Rock
|-ability|p2a: Landorus-Therian|Intimidate|[of] p1a: Magnezone
|-unboost|p1a: Magnezone|atk|1
|
|turn|23
|
|move|p2a: Landorus-Therian|Earthquake|p1a: Magnezone
|-supereffective|p1a: Magnezone
|-damage|p1a: Magnezone|0 fnt
|faint|p1a: Magnezone
|
|
|switch|p1a: Landorus-Therian|Landorus-Therian, M|187\/319
|-ability|p1a: Landorus-Therian|Intimidate|[of] p2a: Landorus-Therian
|-unboost|p2a: Landorus-Therian|atk|1
|turn|24
|
|move|p1a: Landorus-Therian|U-turn|p2a: Landorus-Therian
|-resisted|p2a: Landorus-Therian
|-damage|p2a: Landorus-Therian|38\/327
|
|switch|p1a: Thundurus|Thundurus, M|270\/299
|move|p2a: Landorus-Therian|Earthquake|p1a: Thundurus
|-immune|p1a: Thundurus|[msg]
|
|turn|25
|
|switch|p2a: Raikou|Raikou|226\/321
|-damage|p2a: Raikou|186\/321|[from] Stealth Rock
|-ability|p2a: Raikou|Pressure
|switch|p1a: Landorus-Therian|Landorus-Therian, M|187\/319
|-ability|p1a: Landorus-Therian|Intimidate|[of] p2a: Raikou
|-unboost|p2a: Raikou|atk|1
|
|turn|26
|
|move|p1a: Landorus-Therian|Earthquake|p2a: Raikou
|-supereffective|p2a: Raikou
|-damage|p2a: Raikou|0 fnt
|faint|p2a: Raikou
|
|c|âMagalli Presidente|sono stato stupido a danzare su lando
|
|switch|p2a: Lopunny|Lopunny-Mega, M|255\/271
|-damage|p2a: Lopunny|239\/271|[from] Stealth Rock
|turn|27
|c|âandrea medicham|si
|
|move|p2a: Lopunny|Fake Out|p1a: Landorus-Therian
|-damage|p1a: Landorus-Therian|103\/319
|cant|p1a: Landorus-Therian|flinch
|
|turn|28
|
|switch|p2a: Landorus-Therian|Landorus-Therian, M|38\/327
|-damage|p2a: Landorus-Therian|0 fnt|[from] Stealth Rock
|faint|p2a: Landorus-Therian
|move|p1a: Landorus-Therian|Earthquake|p2: Landorus-Therian|[notarget]
|-notarget
|
|
|switch|p2a: Lopunny|Lopunny-Mega, M|239\/271
|-damage|p2a: Lopunny|223\/271|[from] Stealth Rock
|turn|29
|
|move|p2a: Lopunny|Fake Out|p1a: Landorus-Therian
|-damage|p1a: Landorus-Therian|27\/319
|cant|p1a: Landorus-Therian|flinch
|
|turn|30
|c|âandrea medicham|gg
|c|âMagalli Presidente|gg
|
|move|p1a: Landorus-Therian|Earthquake|p2a: Lopunny
|-damage|p2a: Lopunny|10\/271
|move|p2a: Lopunny|Ice Punch|p1a: Landorus-Therian
|-supereffective|p1a: Landorus-Therian
|-damage|p1a: Landorus-Therian|0 fnt
|faint|p1a: Landorus-Therian
|
|c|âandrea medicham|COS
|c|âandrea medicham|LOL
|c|âMagalli Presidente|;)
|
|switch|p1a: Thundurus|Thundurus, M|270\/299
|turn|31
|
|move|p2a: Lopunny|Ice Punch|p1a: Thundurus
|-supereffective|p1a: Thundurus
|-damage|p1a: Thundurus|28\/299
|move|p1a: Thundurus|Thunder Wave|p2a: Lopunny
|-status|p2a: Lopunny|par
|
|turn|32
|c|âandrea medicham|kek
|c|âMagalli Presidente|NON HO DATO PRANKSTER
|c|âandrea medicham|lol
|
|move|p1a: Thundurus|Thunderbolt|p2a: Lopunny
|-damage|p2a: Lopunny|0 fnt
|-damage|p1a: Thundurus|0 fnt|[from] item: Life Orb
|faint|p2a: Lopunny
|faint|p1a: Thundurus
|
|win|Magalli Presidente
|c|âandrea medicham|very gg
|c|âMagalli Presidente|yes