|join|Magalli Presidente
|join|RomarioMaon
|player|p1|Magalli Presidente|1
|player|p2|RomarioMaon|165
|gametype|singles
|gen|6
|tier|OU (suspect test)
|rated
|clearpoke
|poke|p1|Lopunny, M
|poke|p1|Diggersby, M
|poke|p1|Keldeo-Resolute
|poke|p1|Landorus-Therian, M
|poke|p1|Latios, M
|poke|p1|Thundurus, M
|poke|p2|Sylveon, F
|poke|p2|Metagross, shiny
|poke|p2|Gliscor, F
|poke|p2|Gothitelle, F
|poke|p2|Gyarados, M, shiny
|poke|p2|Raikou, shiny
|rule|Swagger Clause: Swagger is banned
|rule|Baton Pass Clause: Limit one PokÃ©mon knowing Baton Pass
|rule|Sleep Clause Mod: Limit one foe put to sleep
|rule|Species Clause: Limit one of each PokÃ©mon
|rule|OHKO Clause: OHKO moves are banned
|rule|Moody Clause: Moody is banned
|rule|Evasion Moves Clause: Evasion moves are banned
|rule|Endless Battle Clause: Forcing endless battles is banned
|rule|HP Percentage Mod: HP is shown in percentages
|teampreview
|
|start
|switch|p1a: Diggersby|Diggersby, M|311\/311
|switch|p2a: Metagross|Metagross, shiny|333\/333
|turn|1
|
|switch|p2a: Gliscor|Gliscor, F|353\/353
|move|p1a: Diggersby|Knock Off|p2a: Gliscor
|-damage|p2a: Gliscor|226\/353
|-enditem|p2a: Gliscor|Toxic Orb|[from] move: Knock Off|[of] p1a: Diggersby
|-damage|p1a: Diggersby|280\/311|[from] item: Life Orb
|
|turn|2
|
|move|p1a: Diggersby|Return|p2a: Gliscor
|-damage|p2a: Gliscor|34\/353
|-damage|p1a: Diggersby|249\/311|[from] item: Life Orb
|move|p2a: Gliscor|Stealth Rock|p1a: Diggersby
|-sidestart|p1: Magalli Presidente|move: Stealth Rock
|
|turn|3
|
|switch|p2a: Metagross|Metagross, shiny|333\/333
|move|p1a: Diggersby|Knock Off|p2a: Metagross
|-supereffective|p2a: Metagross
|-damage|p2a: Metagross|130\/333
|-damage|p1a: Diggersby|218\/311|[from] item: Life Orb
|
|turn|4
|
|detailschange|p2a: Metagross|Metagross-Mega, shiny
|-mega|p2a: Metagross|Metagross|Metagrossite
|move|p2a: Metagross|Ice Punch|p1a: Diggersby
|-supereffective|p1a: Diggersby
|-damage|p1a: Diggersby|0 fnt
|faint|p1a: Diggersby
|
|
|switch|p1a: Lopunny|Lopunny, M|271\/271
|-damage|p1a: Lopunny|238\/271|[from] Stealth Rock
|turn|5
|
|switch|p2a: Gyarados|Gyarados, M, shiny|331\/331
|-ability|p2a: Gyarados|Intimidate|[of] p1a: Lopunny
|-unboost|p1a: Lopunny|atk|1
|detailschange|p1a: Lopunny|Lopunny-Mega, M
|-mega|p1a: Lopunny|Lopunny|Lopunnite
|move|p1a: Lopunny|Fake Out|p2a: Gyarados
|-damage|p2a: Gyarados|276\/331
|
|-heal|p2a: Gyarados|296\/331|[from] item: Leftovers
|turn|6
|
|switch|p1a: Latios|Latios, M|301\/301
|-damage|p1a: Latios|264\/301|[from] Stealth Rock
|move|p2a: Gyarados|Waterfall|p1a: Latios
|-resisted|p1a: Latios
|-damage|p1a: Latios|191\/301
|
|-heal|p2a: Gyarados|316\/331|[from] item: Leftovers
|turn|7
|
|switch|p2a: Sylveon|Sylveon, F|394\/394
|move|p1a: Latios|Defog|p2a: Sylveon
|-unboost|p2a: Sylveon|evasion|1
|-sideend|p1: Magalli Presidente|Stealth Rock|[from] move: Defog|[of] p1a: Latios
|
|turn|8
|
|move|p1a: Latios|Psyshock|p2a: Sylveon
|-damage|p2a: Sylveon|120\/394
|-damage|p1a: Latios|161\/301|[from] item: Life Orb
|move|p2a: Sylveon|Yawn|p1a: Latios
|-start|p1a: Latios|move: Yawn|[of] p2a: Sylveon
|
|-heal|p2a: Sylveon|144\/394|[from] item: Leftovers
|turn|9
|
|switch|p1a: Lopunny|Lopunny-Mega, M|238\/271
|switch|p2a: Metagross|Metagross-Mega, shiny|130\/333
|
|turn|10
|
|switch|p2a: Gyarados|Gyarados, M, shiny|316\/331
|-ability|p2a: Gyarados|Intimidate|[of] p1a: Lopunny
|-unboost|p1a: Lopunny|atk|1
|move|p1a: Lopunny|High Jump Kick|p2a: Gyarados
|-resisted|p2a: Gyarados
|-damage|p2a: Gyarados|226\/331
|
|-heal|p2a: Gyarados|246\/331|[from] item: Leftovers
|turn|11
|
|switch|p1a: Keldeo-Resolute|Keldeo-Resolute|323\/323
|move|p2a: Gyarados|Substitute|p2a: Gyarados
|-start|p2a: Gyarados|Substitute
|-damage|p2a: Gyarados|164\/331
|
|-heal|p2a: Gyarados|184\/331|[from] item: Leftovers
|turn|12
|
|move|p1a: Keldeo-Resolute|Secret Sword|p2a: Gyarados
|-resisted|p2a: Gyarados
|-end|p2a: Gyarados|Substitute
|move|p2a: Gyarados|Dragon Dance|p2a: Gyarados
|-boost|p2a: Gyarados|atk|1
|-boost|p2a: Gyarados|spe|1
|
|-heal|p2a: Gyarados|204\/331|[from] item: Leftovers
|turn|13
|
|move|p2a: Gyarados|Bounce|p1a: Keldeo-Resolute|[still]
|-prepare|p2a: Gyarados|Bounce|p1a: Keldeo-Resolute
|move|p1a: Keldeo-Resolute|Secret Sword|p2a: Gyarados|[miss]
|-miss|p1a: Keldeo-Resolute|p2a: Gyarados
|
|-heal|p2a: Gyarados|224\/331|[from] item: Leftovers
|turn|14
|
|switch|p1a: Thundurus|Thundurus, M|299\/299
|move|p2a: Gyarados|Bounce|p1a: Thundurus
|-crit|p1a: Thundurus
|-resisted|p1a: Thundurus
|-damage|p1a: Thundurus|92\/299
|
|-heal|p2a: Gyarados|244\/331|[from] item: Leftovers
|-heal|p1a: Thundurus|110\/299|[from] item: Leftovers
|turn|15
|
|switch|p2a: Raikou|Raikou, shiny|321\/321
|-ability|p2a: Raikou|Pressure
|move|p1a: Thundurus|Thunder Wave|p2a: Raikou
|-fail|p2a: Raikou
|
|-heal|p1a: Thundurus|128\/299|[from] item: Leftovers
|turn|16
|
|switch|p1a: Lopunny|Lopunny-Mega, M|238\/271
|move|p2a: Raikou|Hidden Power|p1a: Lopunny
|-damage|p1a: Lopunny|168\/271
|
|turn|17
|
|switch|p2a: Gliscor|Gliscor, F|34\/353
|move|p1a: Lopunny|Fake Out|p2a: Gliscor
|-damage|p2a: Gliscor|0 fnt
|faint|p2a: Gliscor
|
|
|switch|p2a: Gyarados|Gyarados, M, shiny|244\/331
|-ability|p2a: Gyarados|Intimidate|[of] p1a: Lopunny
|-unboost|p1a: Lopunny|atk|1
|turn|18
|
|switch|p1a: Landorus-Therian|Landorus-Therian, M|381\/381
|-ability|p1a: Landorus-Therian|Intimidate|[of] p2a: Gyarados
|-unboost|p2a: Gyarados|atk|1
|move|p2a: Gyarados|Waterfall|p1a: Landorus-Therian
|-supereffective|p1a: Landorus-Therian
|-damage|p1a: Landorus-Therian|231\/381
|
|-heal|p1a: Landorus-Therian|254\/381|[from] item: Leftovers
|-heal|p2a: Gyarados|264\/331|[from] item: Leftovers
|turn|19
|
|switch|p2a: Metagross|Metagross-Mega, shiny|130\/333
|move|p1a: Landorus-Therian|Stealth Rock|p2a: Metagross
|-sidestart|p2: RomarioMaon|move: Stealth Rock
|
|-heal|p1a: Landorus-Therian|277\/381|[from] item: Leftovers
|turn|20
|
|move|p2a: Metagross|Ice Punch|p1a: Landorus-Therian
|-supereffective|p1a: Landorus-Therian
|-damage|p1a: Landorus-Therian|0 fnt
|faint|p1a: Landorus-Therian
|
|
|switch|p1a: Thundurus|Thundurus, M|128\/299
|turn|21
|
|switch|p2a: Sylveon|Sylveon, F|144\/394
|-damage|p2a: Sylveon|95\/394|[from] Stealth Rock
|move|p1a: Thundurus|Thunderbolt|p2a: Sylveon
|-damage|p2a: Sylveon|1\/394
|
|-heal|p1a: Thundurus|146\/299|[from] item: Leftovers
|-heal|p2a: Sylveon|25\/394|[from] item: Leftovers
|turn|22
|
|move|p1a: Thundurus|Thunderbolt|p2a: Sylveon
|-damage|p2a: Sylveon|0 fnt
|faint|p2a: Sylveon
|
|-heal|p1a: Thundurus|164\/299|[from] item: Leftovers
|
|switch|p2a: Raikou|Raikou, shiny|321\/321
|-damage|p2a: Raikou|281\/321|[from] Stealth Rock
|-ability|p2a: Raikou|Pressure
|turn|23
|
|switch|p1a: Latios|Latios, M|161\/301
|move|p2a: Raikou|Volt Switch|p1a: Latios
|-resisted|p1a: Latios
|-damage|p1a: Latios|104\/301
|
|switch|p2a: Metagross|Metagross-Mega, shiny|130\/333
|-damage|p2a: Metagross|110\/333|[from] Stealth Rock
|
|turn|24
|
|move|p2a: Metagross|Ice Punch|p1a: Latios
|-supereffective|p1a: Latios
|-damage|p1a: Latios|0 fnt
|faint|p1a: Latios
|
|
|switch|p1a: Keldeo-Resolute|Keldeo-Resolute|323\/323
|turn|25
|
|move|p2a: Metagross|Zen Headbutt|p1a: Keldeo-Resolute
|-supereffective|p1a: Keldeo-Resolute
|-damage|p1a: Keldeo-Resolute|0 fnt
|faint|p1a: Keldeo-Resolute
|
|
|switch|p1a: Thundurus|Thundurus, M|164\/299
|turn|26
|
|move|p1a: Thundurus|Thunderbolt|p2a: Metagross
|-damage|p2a: Metagross|0 fnt
|faint|p2a: Metagross
|
|-heal|p1a: Thundurus|182\/299|[from] item: Leftovers
|
|switch|p2a: Raikou|Raikou, shiny|281\/321
|-damage|p2a: Raikou|241\/321|[from] Stealth Rock
|-ability|p2a: Raikou|Pressure
|turn|27
|
|switch|p1a: Lopunny|Lopunny-Mega, M|168\/271
|move|p2a: Raikou|Discharge|p1a: Lopunny
|-damage|p1a: Lopunny|24\/271
|
|turn|28
|
|switch|p2a: Gyarados|Gyarados, M, shiny|264\/331
|-damage|p2a: Gyarados|182\/331|[from] Stealth Rock
|-ability|p2a: Gyarados|Intimidate|[of] p1a: Lopunny
|-unboost|p1a: Lopunny|atk|1
|move|p1a: Lopunny|High Jump Kick|p2a: Gyarados
|-resisted|p2a: Gyarados
|-damage|p2a: Gyarados|92\/331
|
|-heal|p2a: Gyarados|112\/331|[from] item: Leftovers
|turn|29
|
|move|p1a: Lopunny|Return|p2a: Gyarados
|-damage|p2a: Gyarados|0 fnt
|faint|p2a: Gyarados
|
|
|switch|p2a: Raikou|Raikou, shiny|241\/321
|-damage|p2a: Raikou|201\/321|[from] Stealth Rock
|-ability|p2a: Raikou|Pressure
|turn|30
|
|move|p2a: Raikou|Discharge|p1a: Lopunny
|-damage|p1a: Lopunny|0 fnt
|faint|p1a: Lopunny
|
|
|switch|p1a: Thundurus|Thundurus, M|182\/299
|turn|31
|
|move|p1a: Thundurus|Nasty Plot|p1a: Thundurus
|-boost|p1a: Thundurus|spa|2
|move|p2a: Raikou|Discharge|p1a: Thundurus
|-crit|p1a: Thundurus
|-damage|p1a: Thundurus|0 fnt
|faint|p1a: Thundurus
|
|win|RomarioMaon
|raw|Ladder updating...
|raw|Magalli Presidente's rating: 1388 &rarr; <strong>1365<\/strong><br \/>(-23 for losing)
|raw|RomarioMaon's rating: 1333 &rarr; <strong>1356<\/strong><br \/>(+23 for winning)
|leave|Magalli Presidente