|join|celery27
|join|DracoNinja
|join|fllepter
|player|p1|celery27|1
|player|p2|DracoNinja|2
|gametype|singles
|gen|5
|tier|[Gen 5] OU
|rule|Evasion Abilities Clause: Evasion abilities are banned
|clearpoke
|poke|p1|Ninetales, F
|poke|p1|Dugtrio, M
|poke|p1|Volcarona, F
|poke|p1|Forretress, F
|poke|p1|Snorlax, M
|poke|p1|Victreebel, M
|poke|p2|Politoed, F
|poke|p2|Tentacruel, M
|poke|p2|Ferrothorn, F
|poke|p2|Kyurem
|poke|p2|Jirachi
|poke|p2|Chansey, F
|rule|Sleep Clause Mod: Limit one foe put to sleep
|rule|Species Clause: Limit one of each PokÃ©mon
|rule|OHKO Clause: OHKO moves are banned
|rule|Moody Clause: Moody is banned
|rule|Evasion Moves Clause: Evasion moves are banned
|rule|Endless Battle Clause: Forcing endless battles is banned
|rule|HP Percentage Mod: HP is shown in percentages
|teampreview
|join|Too much swog
|join|Hoole Suspect
|join|rawfl97
|join|mlah
|join|Zamrock
|join|myumbdfvdfdfvvf
|join|TheNiceOne
|join|Jon the Fool
|join|Zylectric
|join|Tokyo Tom
|c| Jon the Fool|vegetable battle incoming
|join|slim mattie
|
|start
|switch|p1a: Volcarona|Volcarona, F|312\/312
|switch|p2a: Chansey|Chansey, F|704\/704
|turn|1
|join|ser slaking
|
|switch|p1a: Forretress|Forretress, F|354\/354
|move|p2a: Chansey|Stealth Rock|p1a: Forretress
|-sidestart|p1: celery27|move: Stealth Rock
|
|turn|2
|
|switch|p2a: Ferrothorn|Ferrothorn, F|352\/352
|move|p1a: Forretress|Rapid Spin|p2a: Ferrothorn
|-resisted|p2a: Ferrothorn
|-damage|p2a: Ferrothorn|348\/352
|-damage|p1a: Forretress|310\/354|[from] ability: Iron Barbs|[of] p2a: Ferrothorn
|-damage|p1a: Forretress|251\/354|[from] item: Rocky Helmet|[of] p2a: Ferrothorn
|-sideend|p1: celery27|Stealth Rock|[from] move: Rapid Spin|[of] p1a: Forretress
|
|-heal|p1a: Forretress|273\/354|[from] item: Leftovers
|turn|3
|join|anphonic
|c| Tokyo Tom|What's this Draconinja dude got for Fire Blast Snorlax
|join|QuagGod
|
|move|p1a: Forretress|Spikes|p2a: Ferrothorn
|-sidestart|p2: DracoNinja|Spikes
|move|p2a: Ferrothorn|Spikes|p1a: Forretress
|-sidestart|p1: celery27|Spikes
|
|-heal|p1a: Forretress|295\/354|[from] item: Leftovers
|turn|4
|
|move|p1a: Forretress|Volt Switch|p2a: Ferrothorn
|-crit|p2a: Ferrothorn
|-resisted|p2a: Ferrothorn
|-damage|p2a: Ferrothorn|317\/352
|c| Jon the Fool|lets give away moves
|
|switch|p1a: Ninetales|Ninetales, F|350\/350
|-damage|p1a: Ninetales|307\/350|[from] Spikes
|-weather|SunnyDay|[from] ability: Drought|[of] p1a: Ninetales
|move|p2a: Ferrothorn|Spikes|p1a: Ninetales
|-sidestart|p1: celery27|Spikes
|
|-weather|SunnyDay|[upkeep]
|-heal|p1a: Ninetales|328\/350|[from] item: Leftovers
|turn|5
|join|LadderSoTall
|
|switch|p1a: Snorlax|Snorlax, M|479\/479
|-damage|p1a: Snorlax|400\/479|[from] Spikes
|switch|p2a: Politoed|Politoed, F|384\/384
|-damage|p2a: Politoed|336\/384|[from] Spikes
|-weather|RainDance|[from] ability: Drizzle|[of] p2a: Politoed
|
|-weather|RainDance|[upkeep]
|-heal|p2a: Politoed|360\/384|[from] item: Leftovers
|turn|6
|join|l213
|
|move|p2a: Politoed|Perish Song|p2a: Politoed
|-fieldactivate|move: Perish Song
|move|p1a: Snorlax|Superpower|p2a: Politoed
|-damage|p2a: Politoed|173\/384
|-unboost|p1a: Snorlax|atk|1
|-unboost|p1a: Snorlax|def|1
|
|-start|p2a: Politoed|perish3
|-start|p1a: Snorlax|perish3
|-weather|RainDance|[upkeep]
|-heal|p2a: Politoed|197\/384|[from] item: Leftovers
|turn|7
|leave|LadderSoTall
|c| anphonic|damn
|
|switch|p2a: Jirachi|Jirachi|404\/404
|-damage|p2a: Jirachi|354\/404|[from] Spikes
|switch|p1a: Victreebel|Victreebel, M|302\/302
|-damage|p1a: Victreebel|252\/302|[from] Spikes
|
|-weather|RainDance|[upkeep]
|-heal|p2a: Jirachi|379\/404|[from] item: Leftovers
|turn|8
|c| anphonic|what you got
|c| anphonic|for this snorlax
|
|switch|p1a: Volcarona|Volcarona, F|312\/312
|-damage|p1a: Volcarona|260\/312|[from] Spikes
|move|p2a: Jirachi|Wish|p2a: Jirachi
|
|-weather|RainDance|[upkeep]
|-heal|p2a: Jirachi|404\/404|[from] item: Leftovers
|turn|9
|
|move|p1a: Volcarona|Fire Blast|p2a: Jirachi
|-supereffective|p2a: Jirachi
|-damage|p2a: Jirachi|126\/404
|move|p2a: Jirachi|Toxic|p1a: Volcarona
|-status|p1a: Volcarona|tox
|
|-weather|RainDance|[upkeep]
|-heal|p2a: Jirachi|328\/404|[from] move: Wish|[wisher] Jirachi
|-heal|p2a: Jirachi|353\/404|[from] item: Leftovers
|-damage|p1a: Volcarona|241\/312 tox|[from] psn
|turn|10
|
|switch|p2a: Kyurem|Kyurem|404\/404
|-damage|p2a: Kyurem|354\/404|[from] Spikes
|-ability|p2a: Kyurem|Pressure
|move|p1a: Volcarona|Fire Blast|p2a: Kyurem
|-damage|p2a: Kyurem|159\/404
|
|-weather|RainDance|[upkeep]
|-heal|p2a: Kyurem|184\/404|[from] item: Leftovers
|-damage|p1a: Volcarona|203\/312 tox|[from] psn
|turn|11
|join|CrystalNinetales
|join|suhnny
|c| Jon the Fool|rain 3good4fireblast
|c| Zamrock|you have a chansey
|leave|suhnny
|c| Zamrock|why did you go to this
|c| Tokyo Tom|Toxic Rachi...I hope you get swept by Agility Drapion someday
|c|âDracoNinja|n
|
|switch|p2a: Chansey|Chansey, F|704\/704
|-damage|p2a: Chansey|616\/704|[from] Spikes
|move|p1a: Volcarona|Fire Blast|p2a: Chansey
|-damage|p2a: Chansey|498\/704
|
|-weather|RainDance|[upkeep]
|-damage|p1a: Volcarona|146\/312 tox|[from] psn
|turn|12
|join|suhnny
|
|switch|p1a: Forretress|Forretress, F|295\/354
|-damage|p1a: Forretress|236\/354|[from] Spikes
|move|p2a: Chansey|Seismic Toss|p1a: Forretress
|-damage|p1a: Forretress|136\/354
|
|-weather|RainDance|[upkeep]
|-heal|p1a: Forretress|158\/354|[from] item: Leftovers
|turn|13
|c| just a vegetable|:]
|leave|Too much swog
|
|switch|p2a: Ferrothorn|Ferrothorn, F|317\/352
|-damage|p2a: Ferrothorn|273\/352|[from] Spikes
|move|p1a: Forretress|Rapid Spin|p2a: Ferrothorn
|-resisted|p2a: Ferrothorn
|-damage|p2a: Ferrothorn|268\/352
|-damage|p1a: Forretress|114\/354|[from] ability: Iron Barbs|[of] p2a: Ferrothorn
|-damage|p1a: Forretress|55\/354|[from] item: Rocky Helmet|[of] p2a: Ferrothorn
|-sideend|p1: celery27|Spikes|[from] move: Rapid Spin|[of] p1a: Forretress
|
|-weather|RainDance|[upkeep]
|-heal|p1a: Forretress|77\/354|[from] item: Leftovers
|turn|14
|leave|Tokyo Tom
|
|move|p1a: Forretress|Spikes|p2a: Ferrothorn
|-sidestart|p2: DracoNinja|Spikes
|move|p2a: Ferrothorn|Spikes|p1a: Forretress
|-sidestart|p1: celery27|Spikes
|
|-weather|RainDance|[upkeep]
|-heal|p1a: Forretress|99\/354|[from] item: Leftovers
|turn|15
|
|move|p1a: Forretress|Volt Switch|p2a: Ferrothorn
|-resisted|p2a: Ferrothorn
|-damage|p2a: Ferrothorn|253\/352
|
|switch|p1a: Ninetales|Ninetales, F|328\/350
|-damage|p1a: Ninetales|285\/350|[from] Spikes
|-weather|SunnyDay|[from] ability: Drought|[of] p1a: Ninetales
|move|p2a: Ferrothorn|Spikes|p1a: Ninetales
|-sidestart|p1: celery27|Spikes
|
|-weather|SunnyDay|[upkeep]
|-heal|p1a: Ninetales|306\/350|[from] item: Leftovers
|turn|16
|
|move|p2a: Ferrothorn|Protect|p2a: Ferrothorn
|-singleturn|p2a: Ferrothorn|Protect
|move|p1a: Ninetales|Roar|p2a: Ferrothorn
|-activate|p2a: Ferrothorn|Protect
|
|-weather|SunnyDay|[upkeep]
|-heal|p1a: Ninetales|327\/350|[from] item: Leftovers
|turn|17
|join|FNH
|
|switch|p2a: Kyurem|Kyurem|184\/404
|-damage|p2a: Kyurem|117\/404|[from] Spikes
|-ability|p2a: Kyurem|Pressure
|move|p1a: Ninetales|Will-O-Wisp|p2a: Kyurem
|-status|p2a: Kyurem|brn
|
|-weather|SunnyDay|[upkeep]
|-heal|p1a: Ninetales|348\/350|[from] item: Leftovers
|-heal|p2a: Kyurem|142\/404 brn|[from] item: Leftovers
|-damage|p2a: Kyurem|92\/404 brn|[from] brn
|turn|18
|leave|QuagGod
|
|switch|p1a: Forretress|Forretress, F|99\/354
|-damage|p1a: Forretress|40\/354|[from] Spikes
|move|p2a: Kyurem|Roost|p2a: Kyurem
|-heal|p2a: Kyurem|294\/404 brn
|
|-weather|SunnyDay|[upkeep]
|-heal|p2a: Kyurem|319\/404 brn|[from] item: Leftovers
|-heal|p1a: Forretress|62\/354|[from] item: Leftovers
|-damage|p2a: Kyurem|269\/404 brn|[from] brn
|turn|19
|leave|fllepter
|
|move|p2a: Kyurem|Earth Power|p1a: Forretress
|-damage|p1a: Forretress|0 fnt
|faint|p1a: Forretress
|
|-weather|SunnyDay|[upkeep]
|-heal|p2a: Kyurem|294\/404 brn|[from] item: Leftovers
|-damage|p2a: Kyurem|244\/404 brn|[from] brn
|
|switch|p1a: Snorlax|Snorlax, M|400\/479
|-damage|p1a: Snorlax|321\/479|[from] Spikes
|turn|20
|
|move|p2a: Kyurem|Substitute|p2a: Kyurem
|-start|p2a: Kyurem|Substitute
|-damage|p2a: Kyurem|143\/404 brn
|move|p1a: Snorlax|Return|p2a: Kyurem
|-end|p2a: Kyurem|Substitute
|
|-weather|SunnyDay|[upkeep]
|-heal|p2a: Kyurem|168\/404 brn|[from] item: Leftovers
|-damage|p2a: Kyurem|118\/404 brn|[from] brn
|turn|21
|
|switch|p2a: Ferrothorn|Ferrothorn, F|253\/352
|-damage|p2a: Ferrothorn|195\/352|[from] Spikes
|move|p1a: Snorlax|Return|p2a: Ferrothorn
|-resisted|p2a: Ferrothorn
|-damage|p2a: Ferrothorn|111\/352
|-damage|p1a: Snorlax|262\/479|[from] ability: Iron Barbs|[of] p2a: Ferrothorn
|-damage|p1a: Snorlax|183\/479|[from] item: Rocky Helmet|[of] p2a: Ferrothorn
|
|-weather|SunnyDay|[upkeep]
|turn|22
|
|switch|p1a: Ninetales|Ninetales, F|348\/350
|-damage|p1a: Ninetales|290\/350|[from] Spikes
|move|p2a: Ferrothorn|Leech Seed|p1a: Ninetales
|-start|p1a: Ninetales|move: Leech Seed
|
|-weather|SunnyDay|[upkeep]
|-heal|p1a: Ninetales|311\/350|[from] item: Leftovers
|-damage|p1a: Ninetales|268\/350|[from] Leech Seed|[of] p2a: Ferrothorn
|-heal|p2a: Ferrothorn|154\/352|[silent]
|turn|23
|leave|l213
|
|switch|p1a: Victreebel|Victreebel, M|252\/302
|-damage|p1a: Victreebel|202\/302|[from] Spikes
|move|p2a: Ferrothorn|Protect|p2a: Ferrothorn
|-fail|p2a: Ferrothorn
|
|-weather|SunnyDay|[upkeep]
|turn|24
|join|my name is moxie
|
|switch|p2a: Kyurem|Kyurem|118\/404 brn
|-damage|p2a: Kyurem|51\/404 brn|[from] Spikes
|-ability|p2a: Kyurem|Pressure
|move|p1a: Victreebel|Weather Ball|p2a: Kyurem
|-damage|p2a: Kyurem|0 fnt
|-damage|p1a: Victreebel|172\/302|[from] item: Life Orb
|faint|p2a: Kyurem
|
|-weather|SunnyDay|[upkeep]
|join|habajiga
|
|switch|p2a: Politoed|Politoed, F|197\/384
|-damage|p2a: Politoed|133\/384|[from] Spikes
|-weather|RainDance|[from] ability: Drizzle|[of] p2a: Politoed
|turn|25
|join|Churmp Eevee
|
|switch|p1a: Dugtrio|Dugtrio, M|211\/211
|-damage|p1a: Dugtrio|176\/211|[from] Spikes
|switch|p2a: Tentacruel|Tentacruel, M|364\/364
|-damage|p2a: Tentacruel|304\/364|[from] Spikes
|
|-weather|RainDance|[upkeep]
|-heal|p2a: Tentacruel|326\/364|[from] ability: Rain Dish
|-heal|p2a: Tentacruel|348\/364|[from] item: Black Sludge
|turn|26
|c| Churmp Eevee|perdicted
|c| Zamrock|it won't die
|
|move|p1a: Dugtrio|Earthquake|p2a: Tentacruel
|-supereffective|p2a: Tentacruel
|-damage|p2a: Tentacruel|10\/364
|move|p2a: Tentacruel|Rapid Spin|p1a: Dugtrio
|-damage|p1a: Dugtrio|160\/211
|-sideend|p2: DracoNinja|Spikes|[from] move: Rapid Spin|[of] p2a: Tentacruel
|
|-weather|RainDance|[upkeep]
|-heal|p2a: Tentacruel|32\/364|[from] ability: Rain Dish
|-heal|p2a: Tentacruel|54\/364|[from] item: Black Sludge
|turn|27
|c| Zamrock|wait why did
|c| Zamrock|you spin
|c| Zamrock|?
|
|move|p1a: Dugtrio|Earthquake|p2a: Tentacruel
|-supereffective|p2a: Tentacruel
|-damage|p2a: Tentacruel|0 fnt
|faint|p2a: Tentacruel
|
|-weather|RainDance|[upkeep]
|c|âDracoNinja|i want chansey at better health
|c|âDracoNinja|at this point it gets 2hko'd by volc fire blast under sun with spikes up
|c| Zamrock|don't you have tect on tenta?
|leave|Hoole Suspect
|c|âDracoNinja|no point going for protect
|c| Zamrock|cuz now duggy would be a threat
|
|switch|p2a: Ferrothorn|Ferrothorn, F|154\/352
|turn|28
|c| Churmp Eevee|CB duggy
|c| Churmp Eevee|imo
|c|âDracoNinja|as long as i dont let poli stay in
|
|switch|p1a: Ninetales|Ninetales, F|268\/350
|-damage|p1a: Ninetales|210\/350|[from] Spikes
|-weather|SunnyDay|[from] ability: Drought|[of] p1a: Ninetales
|move|p2a: Ferrothorn|Leech Seed|p1a: Ninetales
|-start|p1a: Ninetales|move: Leech Seed
|
|-weather|SunnyDay|[upkeep]
|-heal|p1a: Ninetales|231\/350|[from] item: Leftovers
|-damage|p1a: Ninetales|188\/350|[from] Leech Seed|[of] p2a: Ferrothorn
|-heal|p2a: Ferrothorn|197\/352|[silent]
|turn|29
|c|âDracoNinja|dug cant do much
|c|âDracoNinja|meanwhile im slowly wearing ninetales down
|
|switch|p1a: Volcarona|Volcarona, F|146\/312 tox
|-damage|p1a: Volcarona|94\/312 tox|[from] Spikes
|move|p2a: Ferrothorn|Protect|p2a: Ferrothorn
|-fail|p2a: Ferrothorn
|
|-weather|SunnyDay|[upkeep]
|-damage|p1a: Volcarona|75\/312 tox|[from] psn
|turn|30
|
|move|p2a: Ferrothorn|Protect|p2a: Ferrothorn
|-singleturn|p2a: Ferrothorn|Protect
|move|p1a: Volcarona|Fire Blast|p2a: Ferrothorn
|-activate|p2a: Ferrothorn|Protect
|
|-weather|SunnyDay|[upkeep]
|-damage|p1a: Volcarona|37\/312 tox|[from] psn
|turn|31
|c| Churmp Eevee|roost roost roost
|
|switch|p2a: Chansey|Chansey, F|498\/704
|move|p1a: Volcarona|Fire Blast|p2a: Chansey
|-damage|p2a: Chansey|146\/704
|
|-weather|SunnyDay|[upkeep]
|-damage|p1a: Volcarona|0 fnt|[from] psn
|faint|p1a: Volcarona
|c| mlah|wow
|c| Churmp Eevee|holy
|
|switch|p1a: Dugtrio|Dugtrio, M|160\/211
|-damage|p1a: Dugtrio|125\/211|[from] Spikes
|turn|32
|c|âDracoNinja|o
|c| Jon the Fool|50%
|c|âDracoNinja|rip
|c| Churmp Eevee|is that specs
|c| Jon the Fool|easy on the offense holy damn
|c|âDracoNinja|nvm ur right zam
|c| Zamrock|lol
|
|move|p1a: Dugtrio|Earthquake|p2a: Chansey
|-damage|p2a: Chansey|0 fnt
|faint|p2a: Chansey
|
|-weather|SunnyDay|[upkeep]
|
|switch|p2a: Ferrothorn|Ferrothorn, F|197\/352
|turn|33
|c| Zamrock|you still have a chance
|c| Zamrock|somewhat
|c|âDracoNinja|reminds me of
|c|âDracoNinja|kland's sun offense
|
|switch|p1a: Snorlax|Snorlax, M|183\/479
|-damage|p1a: Snorlax|104\/479|[from] Spikes
|move|p2a: Ferrothorn|Leech Seed|p1a: Snorlax
|-start|p1a: Snorlax|move: Leech Seed
|
|-weather|SunnyDay|[upkeep]
|-damage|p1a: Snorlax|45\/479|[from] Leech Seed|[of] p2a: Ferrothorn
|-heal|p2a: Ferrothorn|256\/352|[silent]
|turn|34
|c| anphonic|The opposing Chansey lost 50% of its health!
|c| anphonic|wait what
|
|move|p2a: Ferrothorn|Protect|p2a: Ferrothorn
|-singleturn|p2a: Ferrothorn|Protect
|move|p1a: Snorlax|Superpower|p2a: Ferrothorn
|-activate|p2a: Ferrothorn|Protect
|
|-weather|SunnyDay|[upkeep]
|-damage|p1a: Snorlax|0 fnt|[from] Leech Seed|[of] p2a: Ferrothorn
|-heal|p2a: Ferrothorn|301\/352|[silent]
|faint|p1a: Snorlax
|c| Zamrock|rest
|join|Bluwing
|
|switch|p1a: Victreebel|Victreebel, M|172\/302
|-damage|p1a: Victreebel|122\/302|[from] Spikes
|turn|35
|c| Zamrock|oh
|c| Zamrock|wtf
|c| Churmp Eevee|252+ SpA Choice Specs Volcarona Fire Blast vs. 4 HP \/ 252 SpD Eviolite Chansey in Sun: 234-276 (36.4 - 42.9%) -- guaranteed 3HKO
|c| Churmp Eevee|how did that
|c| Churmp Eevee|do so much
|join|5ge6r7t
|c| Jon the Fool|did you insert sun
|c|âDracoNinja|im running 252hp\/252def bold
|join|AlldaAlts
|c| Zamrock|it's not specs
|c| mlah|it has higher base pwoer in gen 5
|c| Churmp Eevee|yeah
|
|switch|p2a: Politoed|Politoed, F|133\/384
|-weather|RainDance|[from] ability: Drizzle|[of] p2a: Politoed
|move|p1a: Victreebel|Weather Ball|p2a: Politoed
|-resisted|p2a: Politoed
|-damage|p2a: Politoed|32\/384
|-damage|p1a: Victreebel|92\/302|[from] item: Life Orb
|
|-weather|RainDance|[upkeep]
|-heal|p2a: Politoed|56\/384|[from] item: Leftovers
|turn|36
|c| Jon the Fool|huh yea
|c| Zamrock|you still have
|c| Zamrock|a chance
|c| Zamrock|lol
|join|racingkiller88
|c|âDracoNinja|y
|c| Jon the Fool|celery's outro
|
|switch|p1a: Ninetales|Ninetales, F|188\/350
|-damage|p1a: Ninetales|130\/350|[from] Spikes
|-weather|SunnyDay|[from] ability: Drought|[of] p1a: Ninetales
|switch|p2a: Ferrothorn|Ferrothorn, F|301\/352
|
|-weather|SunnyDay|[upkeep]
|-heal|p1a: Ninetales|151\/350|[from] item: Leftovers
|turn|37
|c| Jon the Fool|"you lost to a vegetable :["
|c| my name is moxie|....
|
|switch|p2a: Jirachi|Jirachi|353\/404
|move|p1a: Ninetales|Will-O-Wisp|p2a: Jirachi
|-status|p2a: Jirachi|brn
|
|-weather|SunnyDay|[upkeep]
|-heal|p1a: Ninetales|172\/350|[from] item: Leftovers
|-heal|p2a: Jirachi|378\/404 brn|[from] item: Leftovers
|-damage|p2a: Jirachi|328\/404 brn|[from] brn
|turn|38
|c| Churmp Eevee|it has to be choice specs
|leave|my name is moxie
|
|move|p1a: Ninetales|Flamethrower|p2a: Jirachi
|-supereffective|p2a: Jirachi
|-damage|p2a: Jirachi|134\/404 brn
|move|p2a: Jirachi|Toxic|p1a: Ninetales
|-status|p1a: Ninetales|tox
|
|-weather|SunnyDay|[upkeep]
|-heal|p1a: Ninetales|193\/350 tox|[from] item: Leftovers
|-heal|p2a: Jirachi|159\/404 brn|[from] item: Leftovers
|-damage|p1a: Ninetales|172\/350 tox|[from] psn
|-damage|p2a: Jirachi|109\/404 brn|[from] brn
|turn|39
|c| Zamrock|i swear if you win this
|c| Zamrock|lol
|c| Churmp Eevee|252+ SpA Choice Specs Volcarona Fire Blast vs. 252 HP \/ 0 SpD Eviolite Chansey in Sun: 318-375 (45.1 - 53.2%) -- 33.2% chance to 2HKO
|c| Churmp Eevee|this is the bw calc
|
|switch|p1a: Dugtrio|Dugtrio, M|125\/211
|-damage|p1a: Dugtrio|90\/211|[from] Spikes
|move|p2a: Jirachi|Protect|p2a: Jirachi
|-fail|p2a: Jirachi
|
|-weather|SunnyDay|[upkeep]
|-heal|p2a: Jirachi|134\/404 brn|[from] item: Leftovers
|-damage|p2a: Jirachi|84\/404 brn|[from] brn
|turn|40
|c| Zamrock|stop doing calcs....
|c| Jon the Fool|lol..
|join|parivard
|c| Churmp Eevee|i do what i wan
|
|move|p1a: Dugtrio|Earthquake|p2a: Jirachi
|-supereffective|p2a: Jirachi
|-damage|p2a: Jirachi|0 fnt
|faint|p2a: Jirachi
|
|-weather|SunnyDay|[upkeep]
|leave|parivard
|
|switch|p2a: Ferrothorn|Ferrothorn, F|301\/352
|turn|41
|c| Jon the Fool|uah  oh
|c| Zamrock|yeah this is
|c| Bluwing|he can't win this
|c| Zamrock|a tough stop
|
|move|p1a: Dugtrio|Stealth Rock|p2a: Ferrothorn
|-sidestart|p2: DracoNinja|move: Stealth Rock
|move|p2a: Ferrothorn|Leech Seed|p1a: Dugtrio
|-start|p1a: Dugtrio|move: Leech Seed
|
|-weather|SunnyDay|[upkeep]
|-damage|p1a: Dugtrio|64\/211|[from] Leech Seed|[of] p2a: Ferrothorn
|-heal|p2a: Ferrothorn|327\/352|[silent]
|turn|42
|join|Bloody alfa
|c| Churmp Eevee|bop
|join|Insane Pigmask
|c| Jon the Fool|yea nope
|leave|5ge6r7t
|
|move|p1a: Dugtrio|Reversal|p2a: Ferrothorn
|-supereffective|p2a: Ferrothorn
|-damage|p2a: Ferrothorn|239\/352
|-damage|p1a: Dugtrio|38\/211|[from] ability: Iron Barbs|[of] p2a: Ferrothorn
|-damage|p1a: Dugtrio|3\/211|[from] item: Rocky Helmet|[of] p2a: Ferrothorn
|move|p2a: Ferrothorn|Power Whip|p1a: Dugtrio
|-supereffective|p1a: Dugtrio
|-damage|p1a: Dugtrio|0 fnt
|faint|p1a: Dugtrio
|
|-weather|SunnyDay|[upkeep]
|c| Churmp Eevee|the amount of nothing that did
|
|switch|p1a: Victreebel|Victreebel, M|92\/302
|-damage|p1a: Victreebel|42\/302|[from] Spikes
|turn|43
|c| Jon the Fool|this is incredible..
|c| Zamrock|yeah if you
|
|switch|p2a: Politoed|Politoed, F|56\/384
|-damage|p2a: Politoed|8\/384|[from] Stealth Rock
|-weather|RainDance|[from] ability: Drizzle|[of] p2a: Politoed
|move|p1a: Victreebel|Weather Ball|p2a: Politoed
|-resisted|p2a: Politoed
|-damage|p2a: Politoed|0 fnt
|-damage|p1a: Victreebel|12\/302|[from] item: Life Orb
|faint|p2a: Politoed
|
|-weather|RainDance|[upkeep]
|c| Zamrock|scald' w\/ tenta
|c| Bluwing|he needs a tripple protect i think lol
|c| Zamrock|you probabaly would have won this
|c|âDracoNinja|ye
|
|switch|p2a: Ferrothorn|Ferrothorn, F|239\/352
|-damage|p2a: Ferrothorn|217\/352|[from] Stealth Rock
|turn|44
|c|âDracoNinja|didnt think dug would bug me that much
|c| Bluwing|spike
|c| Bluwing|one more time
|
|move|p1a: Victreebel|Weather Ball|p2a: Ferrothorn
|-resisted|p2a: Ferrothorn
|-damage|p2a: Ferrothorn|130\/352
|-damage|p1a: Victreebel|0 fnt|[from] item: Life Orb
|faint|p1a: Victreebel
|move|p2a: Ferrothorn|Spikes|p1: Victreebel
|-sidestart|p1: celery27|Spikes
|
|-weather|RainDance|[upkeep]
|
|switch|p1a: Ninetales|Ninetales, F|172\/350 tox
|-damage|p1a: Ninetales|85\/350 tox|[from] Spikes
|-weather|SunnyDay|[from] ability: Drought|[of] p1a: Ninetales
|turn|45
|c| Jon the Fool|okokokok
|c| Jon the Fool|omgogomgm
|c| Zamrock|not you tect stall
|c| Jon the Fool|spam prot
|c| Bluwing|now be lucky af lol
|c| Zamrock|good luck
|c| Jon the Fool|lololol
|c| Jon the Fool|GOGOGOGO
|c| Jon the Fool|GOOOOOOOOO
|
|move|p2a: Ferrothorn|Protect|p2a: Ferrothorn
|-singleturn|p2a: Ferrothorn|Protect
|move|p1a: Ninetales|Flamethrower|p2a: Ferrothorn
|-activate|p2a: Ferrothorn|Protect
|
|-weather|SunnyDay|[upkeep]
|-heal|p1a: Ninetales|106\/350 tox|[from] item: Leftovers
|-damage|p1a: Ninetales|85\/350 tox|[from] psn
|turn|46
|c| mlah|hope for misses
|join|l213
|c| mlah|oh it has flamethrower
|c| mlah|rip
|c| Zamrock|BELIEVE
|
|move|p2a: Ferrothorn|Protect|p2a: Ferrothorn
|-singleturn|p2a: Ferrothorn|Protect
|move|p1a: Ninetales|Flamethrower|p2a: Ferrothorn
|-activate|p2a: Ferrothorn|Protect
|
|-weather|SunnyDay|[upkeep]
|-heal|p1a: Ninetales|106\/350 tox|[from] item: Leftovers
|-damage|p1a: Ninetales|64\/350 tox|[from] psn
|turn|47
|c| Jon the Fool|LOL
|c| Zamrock|2 MORE
|c| Bluwing|two more!
|c| Zamrock|YES
|c| Jon the Fool|BELIEVE IN JESUS
|c| anphonic|here we go
|c| Jon the Fool|THATS TWO DOWN
|c| Jon the Fool|@@@@@@@@@@2
|c|âDracoNinja|ye
|c| Zamrock|1 MORE
|c| Churmp Eevee|NIGGA NIGGA NIGGA IM 100% NIGGA
|c| Bloody alfa|lol
|
|move|p2a: Ferrothorn|Protect|p2a: Ferrothorn
|-singleturn|p2a: Ferrothorn|Protect
|move|p1a: Ninetales|Flamethrower|p2a: Ferrothorn
|-activate|p2a: Ferrothorn|Protect
|
|-weather|SunnyDay|[upkeep]
|-heal|p1a: Ninetales|85\/350 tox|[from] item: Leftovers
|-damage|p1a: Ninetales|22\/350 tox|[from] psn
|turn|48
|c|âDracoNinja|2 more
|c| Jon the Fool|INTENSE AS FUCK
|c| Bluwing|no he needs two
|c| Jon the Fool|OFG
|c| Churmp Eevee|OMG
|c| Jon the Fool|3
|c| Bluwing|LOL
|c| myumbdfvdfdfvvf|hjvfnjkdfjk
|c| Jon the Fool|LOOOOOOOOOOLLLLLLL
|c| Zamrock|LOOOOOOOOOOOOOOOOOOOOOOL
|c| Jon the Fool|LOOOOOOOOOOOLLLLLLLL
|c| Churmp Eevee|1 MORE
|c| mlah|omg
|c| Bloody alfa|xD
|c| anphonic|...
|c| Bluwing|LOL
|c| Zamrock|damn, not enough
|c| Jon the Fool|GOOOOOOOOOOOOOOOOOOOOOO
|c| Churmp Eevee|13%
|c| Jon the Fool|GOOOOOOOOOOO
|c| Bluwing|CAN HE GET THE LAST
|c| Jon the Fool|GOOOOOOOOOOOOOOOOOOOOOOO
|c| Zamrock|1 MORE
|c| Jon the Fool|GOOOOOOOOOOOOOO
|c| Jon the Fool|GOOOOOOOOOOOO
|
|move|p2a: Ferrothorn|Protect|p2a: Ferrothorn
|-fail|p2a: Ferrothorn
|move|p1a: Ninetales|Flamethrower|p2a: Ferrothorn
|-supereffective|p2a: Ferrothorn
|-damage|p2a: Ferrothorn|0 fnt
|faint|p2a: Ferrothorn
|
|win|celery27
|c| Bloody alfa|seriously???
|c| Jon the Fool|NOOO
|c|âDracoNinja|rip
|c| Bloody alfa|wow
|c| Jon the Fool|PIECE OF SHIT
|c| Bluwing|:(
|c| habajiga|:\/
|c| Churmp Eevee|12.5%
|c| habajiga|wow
|c| Jon the Fool|PIECE OF SHIT
|leave|anphonic
|c| Jon the Fool|V
|c| Churmp Eevee|smh
|leave|Zamrock
|c| Jon the Fool|V
|c| Jon the Fool|V
|leave|DracoNinja
|c| Jon the Fool|atestteamklelelel:atestteamklelelel:
|c| Jon the Fool|atestteamklelelel:
|c| Jon the Fool|atestteamklelelel:
|c| Jon the Fool|V
|player|p2
|leave|racingkiller88
|leave|habajiga
|c| Jon the Fool|###############
|c| Jon the Fool|##################33
|leave|rawfl97
|c| Jon the Fool|DAMNNNNNNNN
|leave|Bloody alfa
|leave|FNH
|leave|Churmp Eevee
|leave|TheNiceOne
|leave|Bluwing