|join|Zenzo
|join|DracoNinja
|player|p1|Zenzo|265
|player|p2|DracoNinja|2
|gametype|singles
|gen|5
|tier|[Gen 5] OU
|rule|Evasion Abilities Clause: Evasion abilities are banned
|clearpoke
|poke|p1|Politoed, F
|poke|p1|Ferrothorn, F
|poke|p1|Dragonite, F
|poke|p1|Sableye, F
|poke|p1|Tentacruel, F
|poke|p1|Chansey, F
|poke|p2|Politoed, F
|poke|p2|Tentacruel, M
|poke|p2|Ferrothorn, F
|poke|p2|Kyurem
|poke|p2|Jirachi
|poke|p2|Chansey, F
|rule|Sleep Clause Mod: Limit one foe put to sleep
|rule|Species Clause: Limit one of each PokÃ©mon
|rule|OHKO Clause: OHKO moves are banned
|rule|Moody Clause: Moody is banned
|rule|Evasion Moves Clause: Evasion moves are banned
|rule|Endless Battle Clause: Forcing endless battles is banned
|rule|HP Percentage Mod: HP is shown in percentages
|teampreview
|join|The Fog
|join|TheNiceOne
|join|Too much swog
|join|mlah
|
|start
|switch|p1a: Ferrothorn|Ferrothorn, F|352\/352
|switch|p2a: Tentacruel|Tentacruel, M|364\/364
|turn|1
|join|TheJFrenzy1
|join|king of spycrabs
|
|switch|p2a: Kyurem|Kyurem|404\/404
|-ability|p2a: Kyurem|Pressure
|move|p1a: Ferrothorn|Spikes|p2a: Kyurem
|-sidestart|p2: DracoNinja|Spikes
|
|turn|2
|leave|king of spycrabs
|
|switch|p1a: Chansey|Chansey, F|703\/703
|move|p2a: Kyurem|Substitute|p2a: Kyurem
|-start|p2a: Kyurem|Substitute
|-damage|p2a: Kyurem|303\/404
|
|-heal|p2a: Kyurem|328\/404|[from] item: Leftovers
|turn|3
|
|move|p2a: Kyurem|Ice Beam|p1a: Chansey
|-damage|p1a: Chansey|592\/703
|move|p1a: Chansey|Seismic Toss|p2a: Kyurem
|-activate|p2a: Kyurem|Substitute|[damage]
|
|-heal|p2a: Kyurem|353\/404|[from] item: Leftovers
|turn|4
|
|move|p2a: Kyurem|Ice Beam|p1a: Chansey
|-damage|p1a: Chansey|477\/703
|move|p1a: Chansey|Seismic Toss|p2a: Kyurem
|-end|p2a: Kyurem|Substitute
|
|-heal|p2a: Kyurem|378\/404|[from] item: Leftovers
|turn|5
|
|move|p2a: Kyurem|Substitute|p2a: Kyurem
|-start|p2a: Kyurem|Substitute
|-damage|p2a: Kyurem|277\/404
|move|p1a: Chansey|Wish|p1a: Chansey
|
|-heal|p2a: Kyurem|302\/404|[from] item: Leftovers
|turn|6
|
|move|p2a: Kyurem|Ice Beam|p1a: Chansey
|-damage|p1a: Chansey|362\/703
|move|p1a: Chansey|Seismic Toss|p2a: Kyurem
|-activate|p2a: Kyurem|Substitute|[damage]
|
|-heal|p1a: Chansey|703\/703|[from] move: Wish|[wisher] Chansey
|-heal|p2a: Kyurem|327\/404|[from] item: Leftovers
|turn|7
|
|move|p2a: Kyurem|Earth Power|p1a: Chansey
|-crit|p1a: Chansey
|-damage|p1a: Chansey|547\/703
|move|p1a: Chansey|Wish|p1a: Chansey
|
|-heal|p2a: Kyurem|352\/404|[from] item: Leftovers
|turn|8
|
|switch|p1a: Ferrothorn|Ferrothorn, F|352\/352
|move|p2a: Kyurem|Earth Power|p1a: Ferrothorn
|-damage|p1a: Ferrothorn|257\/352
|
|-heal|p1a: Ferrothorn|352\/352|[from] move: Wish|[wisher] Chansey
|-heal|p2a: Kyurem|377\/404|[from] item: Leftovers
|turn|9
|leave|TheJFrenzy1
|
|move|p2a: Kyurem|Ice Beam|p1a: Ferrothorn
|-damage|p1a: Ferrothorn|183\/352
|-status|p1a: Ferrothorn|frz
|cant|p1a: Ferrothorn|frz
|
|-heal|p2a: Kyurem|402\/404|[from] item: Leftovers
|-heal|p1a: Ferrothorn|205\/352 frz|[from] item: Leftovers
|turn|10
|join|FNH
|leave|FNH
|c|âDracoNinja|sorry =\/
|
|switch|p1a: Chansey|Chansey, F|547\/703
|move|p2a: Kyurem|Ice Beam|p1a: Chansey
|-damage|p1a: Chansey|426\/703
|-status|p1a: Chansey|frz
|
|-heal|p2a: Kyurem|404\/404|[from] item: Leftovers
|turn|11
|c|âDracoNinja|,
|c| TheNiceOne|lol
|c| Too much swog|i need a kyurem like that
|
|switch|p1a: Tentacruel|Tentacruel, F|331\/331
|move|p2a: Kyurem|Earth Power|p1a: Tentacruel
|-supereffective|p1a: Tentacruel
|-damage|p1a: Tentacruel|171\/331
|
|-heal|p1a: Tentacruel|191\/331|[from] item: Black Sludge
|turn|12
|
|switch|p1a: Chansey|Chansey, F|426\/703
|move|p2a: Kyurem|Ice Beam|p1a: Chansey
|-damage|p1a: Chansey|302\/703
|
|turn|13
|
|move|p2a: Kyurem|Ice Beam|p1a: Chansey
|-damage|p1a: Chansey|184\/703
|move|p1a: Chansey|Wish|p1a: Chansey
|
|turn|14
|
|move|p2a: Kyurem|Earth Power|p1a: Chansey
|-damage|p1a: Chansey|116\/703
|-unboost|p1a: Chansey|spd|1
|move|p1a: Chansey|Heal Bell|p1a: Chansey
|-cureteam|p1a: Chansey|[from] move: HealBell
|
|-heal|p1a: Chansey|467\/703|[from] move: Wish|[wisher] Chansey
|turn|15
|c|âZenzo|...
|
|switch|p1a: Politoed|Politoed, F|384\/384
|-weather|RainDance|[from] ability: Drizzle|[of] p1a: Politoed
|move|p2a: Kyurem|Ice Beam|p1a: Politoed
|-resisted|p1a: Politoed
|-damage|p1a: Politoed|296\/384
|
|-weather|RainDance|[upkeep]
|-heal|p1a: Politoed|320\/384|[from] item: Leftovers
|turn|16
|join|i came from leddit
|c| i came from leddit|go zenzo
|join|FNH
|
|move|p2a: Kyurem|Earth Power|p1a: Politoed
|-damage|p1a: Politoed|199\/384
|move|p1a: Politoed|Perish Song|p1a: Politoed
|-fieldactivate|move: Perish Song
|
|-start|p2a: Kyurem|perish3
|-start|p1a: Politoed|perish3
|-weather|RainDance|[upkeep]
|-heal|p1a: Politoed|223\/384|[from] item: Leftovers
|turn|17
|
|switch|p2a: Tentacruel|Tentacruel, M|364\/364
|-damage|p2a: Tentacruel|319\/364|[from] Spikes
|switch|p1a: Chansey|Chansey, F|467\/703
|
|-weather|RainDance|[upkeep]
|-heal|p2a: Tentacruel|341\/364|[from] ability: Rain Dish
|-heal|p2a: Tentacruel|363\/364|[from] item: Black Sludge
|turn|18
|c| The Fog|LOL
|
|switch|p1a: Ferrothorn|Ferrothorn, F|205\/352
|move|p2a: Tentacruel|Scald|p1a: Ferrothorn
|-resisted|p1a: Ferrothorn
|-damage|p1a: Ferrothorn|150\/352
|
|-weather|RainDance|[upkeep]
|-heal|p2a: Tentacruel|364\/364|[from] ability: Rain Dish
|-heal|p1a: Ferrothorn|172\/352|[from] item: Leftovers
|turn|19
|
|move|p2a: Tentacruel|Toxic Spikes|p1a: Ferrothorn
|-sidestart|p1: Zenzo|move: Toxic Spikes
|move|p1a: Ferrothorn|Spikes|p2a: Tentacruel
|-sidestart|p2: DracoNinja|Spikes
|
|-weather|RainDance|[upkeep]
|-heal|p1a: Ferrothorn|194\/352|[from] item: Leftovers
|turn|20
|
|move|p2a: Tentacruel|Scald|p1a: Ferrothorn
|-resisted|p1a: Ferrothorn
|-damage|p1a: Ferrothorn|138\/352
|-status|p1a: Ferrothorn|brn
|move|p1a: Ferrothorn|Power Whip|p2a: Tentacruel
|-damage|p2a: Tentacruel|273\/364
|
|-weather|RainDance|[upkeep]
|-heal|p2a: Tentacruel|295\/364|[from] ability: Rain Dish
|-heal|p2a: Tentacruel|317\/364|[from] item: Black Sludge
|-heal|p1a: Ferrothorn|160\/352 brn|[from] item: Leftovers
|-damage|p1a: Ferrothorn|116\/352 brn|[from] brn
|turn|21
|leave|FNH
|
|switch|p1a: Dragonite|Dragonite, F|359\/359
|move|p2a: Tentacruel|Scald|p1a: Dragonite
|-resisted|p1a: Dragonite
|-damage|p1a: Dragonite|335\/359
|
|-weather|RainDance|[upkeep]
|-heal|p2a: Tentacruel|339\/364|[from] ability: Rain Dish
|-heal|p2a: Tentacruel|361\/364|[from] item: Black Sludge
|-heal|p1a: Dragonite|357\/359|[from] item: Leftovers
|turn|22
|
|switch|p1a: Tentacruel|Tentacruel, F|191\/331
|-sideend|p1: Zenzo|move: Toxic Spikes|[of] p1a: Tentacruel
|move|p2a: Tentacruel|Rapid Spin|p1a: Tentacruel
|-damage|p1a: Tentacruel|181\/331
|-sideend|p2: DracoNinja|Spikes|[from] move: Rapid Spin|[of] p2a: Tentacruel
|
|-weather|RainDance|[upkeep]
|-heal|p1a: Tentacruel|201\/331|[from] ability: Rain Dish
|-heal|p2a: Tentacruel|364\/364|[from] ability: Rain Dish
|-heal|p1a: Tentacruel|221\/331|[from] item: Black Sludge
|turn|23
|
|move|p1a: Tentacruel|Scald|p2a: Tentacruel
|-resisted|p2a: Tentacruel
|-damage|p2a: Tentacruel|324\/364
|-status|p2a: Tentacruel|brn
|move|p2a: Tentacruel|Toxic Spikes|p1a: Tentacruel
|-sidestart|p1: Zenzo|move: Toxic Spikes
|
|-weather|RainDance|[upkeep]
|-heal|p1a: Tentacruel|241\/331|[from] ability: Rain Dish
|-heal|p2a: Tentacruel|346\/364 brn|[from] ability: Rain Dish
|-heal|p1a: Tentacruel|261\/331|[from] item: Black Sludge
|-heal|p2a: Tentacruel|364\/364 brn|[from] item: Black Sludge
|-damage|p2a: Tentacruel|319\/364 brn|[from] brn
|turn|24
|
|switch|p2a: Ferrothorn|Ferrothorn, F|352\/352
|move|p1a: Tentacruel|Rapid Spin|p2a: Ferrothorn
|-crit|p2a: Ferrothorn
|-resisted|p2a: Ferrothorn
|-damage|p2a: Ferrothorn|346\/352
|-damage|p1a: Tentacruel|220\/331|[from] ability: Iron Barbs|[of] p2a: Ferrothorn
|-damage|p1a: Tentacruel|165\/331|[from] item: Rocky Helmet|[of] p2a: Ferrothorn
|-sideend|p1: Zenzo|Toxic Spikes|[from] move: Rapid Spin|[of] p1a: Tentacruel
|
|-weather|RainDance|[upkeep]
|-heal|p1a: Tentacruel|185\/331|[from] ability: Rain Dish
|-heal|p1a: Tentacruel|205\/331|[from] item: Black Sludge
|turn|25
|join|anphonic
|
|move|p1a: Tentacruel|Scald|p2a: Ferrothorn
|-resisted|p2a: Ferrothorn
|-damage|p2a: Ferrothorn|298\/352
|move|p2a: Ferrothorn|Spikes|p1a: Tentacruel
|-sidestart|p1: Zenzo|Spikes
|
|-weather|RainDance|[upkeep]
|-heal|p1a: Tentacruel|225\/331|[from] ability: Rain Dish
|-heal|p1a: Tentacruel|245\/331|[from] item: Black Sludge
|turn|26
|c| i came from leddit|wheres the burn
|
|move|p1a: Tentacruel|Scald|p2a: Ferrothorn
|-resisted|p2a: Ferrothorn
|-damage|p2a: Ferrothorn|244\/352
|-status|p2a: Ferrothorn|brn
|move|p2a: Ferrothorn|Power Whip|p1a: Tentacruel
|-damage|p1a: Tentacruel|163\/331
|
|-weather|RainDance|[upkeep]
|-heal|p1a: Tentacruel|183\/331|[from] ability: Rain Dish
|-heal|p1a: Tentacruel|203\/331|[from] item: Black Sludge
|-damage|p2a: Ferrothorn|200\/352 brn|[from] brn
|turn|27
|c| i came from leddit|ok
|
|move|p1a: Tentacruel|Ice Beam|p2a: Ferrothorn
|-damage|p2a: Ferrothorn|140\/352 brn
|move|p2a: Ferrothorn|Leech Seed|p1a: Tentacruel
|-start|p1a: Tentacruel|move: Leech Seed
|
|-weather|RainDance|[upkeep]
|-heal|p1a: Tentacruel|223\/331|[from] ability: Rain Dish
|-heal|p1a: Tentacruel|243\/331|[from] item: Black Sludge
|-damage|p1a: Tentacruel|202\/331|[from] Leech Seed|[of] p2a: Ferrothorn
|-heal|p2a: Ferrothorn|181\/352 brn|[silent]
|-damage|p2a: Ferrothorn|137\/352 brn|[from] brn
|turn|28
|
|move|p1a: Tentacruel|Rapid Spin|p2a: Ferrothorn
|-resisted|p2a: Ferrothorn
|-damage|p2a: Ferrothorn|134\/352 brn
|-damage|p1a: Tentacruel|161\/331|[from] ability: Iron Barbs|[of] p2a: Ferrothorn
|-damage|p1a: Tentacruel|106\/331|[from] item: Rocky Helmet|[of] p2a: Ferrothorn
|-end|p1a: Tentacruel|Leech Seed|[from] move: Rapid Spin|[of] p1a: Tentacruel
|-sideend|p1: Zenzo|Spikes|[from] move: Rapid Spin|[of] p1a: Tentacruel
|move|p2a: Ferrothorn|Power Whip|p1a: Tentacruel
|-damage|p1a: Tentacruel|27\/331
|
|-weather|RainDance|[upkeep]
|-heal|p1a: Tentacruel|47\/331|[from] ability: Rain Dish
|-heal|p1a: Tentacruel|67\/331|[from] item: Black Sludge
|-damage|p2a: Ferrothorn|90\/352 brn|[from] brn
|turn|29
|join|BreastPlayer
|
|move|p1a: Tentacruel|Scald|p2a: Ferrothorn
|-resisted|p2a: Ferrothorn
|-damage|p2a: Ferrothorn|35\/352 brn
|move|p2a: Ferrothorn|Spikes|p1a: Tentacruel
|-sidestart|p1: Zenzo|Spikes
|
|-weather|RainDance|[upkeep]
|-heal|p1a: Tentacruel|87\/331|[from] ability: Rain Dish
|-heal|p1a: Tentacruel|107\/331|[from] item: Black Sludge
|-damage|p2a: Ferrothorn|0 fnt|[from] brn
|faint|p2a: Ferrothorn
|
|switch|p2a: Kyurem|Kyurem|404\/404
|-ability|p2a: Kyurem|Pressure
|turn|30
|
|switch|p1a: Chansey|Chansey, F|467\/703
|-damage|p1a: Chansey|380\/703|[from] Spikes
|move|p2a: Kyurem|Earth Power|p1a: Chansey
|-damage|p1a: Chansey|308\/703
|
|-weather|RainDance|[upkeep]
|turn|31
|
|move|p2a: Kyurem|Substitute|p2a: Kyurem
|-start|p2a: Kyurem|Substitute
|-damage|p2a: Kyurem|303\/404
|move|p1a: Chansey|Wish|p1a: Chansey
|
|-weather|RainDance|[upkeep]
|-heal|p2a: Kyurem|328\/404|[from] item: Leftovers
|turn|32
|
|switch|p1a: Politoed|Politoed, F|223\/384
|-damage|p1a: Politoed|175\/384|[from] Spikes
|move|p2a: Kyurem|Earth Power|p1a: Politoed
|-damage|p1a: Politoed|67\/384
|
|-weather|RainDance|[upkeep]
|-heal|p1a: Politoed|384\/384|[from] move: Wish|[wisher] Chansey
|-heal|p2a: Kyurem|353\/404|[from] item: Leftovers
|turn|33
|leave|The Fog
|
|switch|p2a: Chansey|Chansey, F|704\/704
|move|p1a: Politoed|Perish Song|p1a: Politoed
|-fieldactivate|move: Perish Song
|
|-start|p1a: Politoed|perish3
|-start|p2a: Chansey|perish3
|-weather|RainDance|[upkeep]
|turn|34
|join|rawfl97
|join|Zylectric
|
|switch|p1a: Chansey|Chansey, F|308\/703
|-damage|p1a: Chansey|221\/703|[from] Spikes
|move|p2a: Chansey|Seismic Toss|p1a: Chansey
|-damage|p1a: Chansey|121\/703
|
|-start|p2a: Chansey|perish2
|-weather|RainDance|[upkeep]
|turn|35
|join|QuagGod
|join|A1d0g
|
|switch|p2a: Kyurem|Kyurem|353\/404
|-ability|p2a: Kyurem|Pressure
|move|p1a: Chansey|Wish|p1a: Chansey
|
|-weather|RainDance|[upkeep]
|-heal|p2a: Kyurem|378\/404|[from] item: Leftovers
|turn|36
|join|Muk God
|join|Jon the Fool
|
|move|p2a: Kyurem|Earth Power|p1a: Chansey
|-damage|p1a: Chansey|47\/703
|move|p1a: Chansey|Heal Bell|p1a: Chansey
|-cureteam|p1a: Chansey|[from] move: HealBell
|
|-weather|RainDance|[upkeep]
|-heal|p1a: Chansey|398\/703|[from] move: Wish|[wisher] Chansey
|-heal|p2a: Kyurem|403\/404|[from] item: Leftovers
|turn|37
|c| i came from leddit|...
|
|switch|p2a: Chansey|Chansey, F|704\/704
|move|p1a: Chansey|Wish|p1a: Chansey
|
|-weather|RainDance|[upkeep]
|turn|38
|c| Jon the Fool|why do i see a chansey under a ferro
|c| A1d0g|same here lol
|c| Muk God|i see ferro get anal with chansey
|c| Muk God|dafuq
|c| Jon the Fool|yea ikr
|c| Jon the Fool|lolowtf
|c| rawfl97|they're breeding
|leave|Jon the Fool
|c| Muk God|rofl
|
|switch|p1a: Sableye|Sableye, F|304\/304
|-damage|p1a: Sableye|266\/304|[from] Spikes
|move|p2a: Chansey|Seismic Toss|p1a: Sableye
|-immune|p1a: Sableye|[msg]
|
|-weather|RainDance|[upkeep]
|-heal|p1a: Sableye|304\/304|[from] move: Wish|[wisher] Chansey
|turn|39
|join|Jon the Fool
|c| Jon the Fool|now its a sableye
|
|switch|p2a: Politoed|Politoed, F|384\/384
|move|p1a: Sableye|Taunt|p2a: Politoed
|-start|p2a: Politoed|move: Taunt
|
|-weather|RainDance|[upkeep]
|turn|40
|c| Jon the Fool|ferro be pimping
|c| Muk God|threesome
|c| Muk God|ferroporn
|join|ser slaking
|c| Jon the Fool|^
|c| Jon the Fool|you sir
|c| Jon the Fool|win the internet
|
|switch|p2a: Chansey|Chansey, F|704\/704
|move|p1a: Sableye|Will-O-Wisp|p2a: Chansey
|-status|p2a: Chansey|brn
|
|-weather|RainDance|[upkeep]
|-damage|p2a: Chansey|616\/704 brn|[from] brn
|turn|41
|c| i came from leddit|nice sableye counter
|
|switch|p2a: Politoed|Politoed, F|384\/384
|move|p1a: Sableye|Will-O-Wisp|p2a: Politoed
|-status|p2a: Politoed|brn
|
|-weather|RainDance|[upkeep]
|-damage|p2a: Politoed|336\/384 brn|[from] brn
|turn|42
|c| Muk God|ferro deserve a premium xvideos channel
|c| Jon the Fool|rofl
|c| Jon the Fool|"ill show u my power whip"
|c| Jon the Fool|"you can leech my seed"
|
|switch|p1a: Chansey|Chansey, F|398\/703
|-damage|p1a: Chansey|311\/703|[from] Spikes
|move|p2a: Politoed|Scald|p1a: Chansey
|-damage|p1a: Chansey|229\/703
|-status|p1a: Chansey|brn
|
|-weather|RainDance|[upkeep]
|-heal|p2a: Politoed|360\/384 brn|[from] item: Leftovers
|-damage|p2a: Politoed|312\/384 brn|[from] brn
|-damage|p1a: Chansey|142\/703 brn|[from] brn
|turn|43
|c| Jon the Fool|-____-
|c| Muk God|ahahaa
|c| Muk God|suck my hazards
|c| Muk God|bitch
|
|move|p2a: Politoed|Perish Song|p2a: Politoed
|-fieldactivate|move: Perish Song
|move|p1a: Chansey|Wish|p1a: Chansey
|
|-start|p2a: Politoed|perish3
|-start|p1a: Chansey|perish3
|-weather|RainDance|[upkeep]
|-heal|p2a: Politoed|336\/384 brn|[from] item: Leftovers
|-damage|p2a: Politoed|288\/384 brn|[from] brn
|-damage|p1a: Chansey|55\/703 brn|[from] brn
|turn|44
|c|âZenzo|jdsalfjklghladsfj'd
|c| Muk God|spikes insertions
|
|move|p1a: Chansey|Protect|p1a: Chansey
|-singleturn|p1a: Chansey|Protect
|move|p2a: Politoed|Scald|p1a: Chansey
|-activate|p1a: Chansey|Protect
|
|-start|p2a: Politoed|perish2
|-start|p1a: Chansey|perish2
|-weather|RainDance|[upkeep]
|-heal|p1a: Chansey|406\/703 brn|[from] move: Wish|[wisher] Chansey
|-heal|p2a: Politoed|312\/384 brn|[from] item: Leftovers
|-damage|p2a: Politoed|264\/384 brn|[from] brn
|-damage|p1a: Chansey|319\/703 brn|[from] brn
|turn|45
|join|l213
|
|switch|p2a: Chansey|Chansey, F|616\/704
|switch|p1a: Politoed|Politoed, F|384\/384
|-damage|p1a: Politoed|336\/384|[from] Spikes
|
|-weather|RainDance|[upkeep]
|-heal|p1a: Politoed|360\/384|[from] item: Leftovers
|turn|46
|join|Mistaken
|
|move|p1a: Politoed|Toxic|p2a: Chansey|[miss]
|-miss|p1a: Politoed|p2a: Chansey
|move|p2a: Chansey|Stealth Rock|p1a: Politoed
|-sidestart|p1: Zenzo|move: Stealth Rock
|
|-weather|RainDance|[upkeep]
|-heal|p1a: Politoed|384\/384|[from] item: Leftovers
|turn|47
|c| Muk God|so wel'll have a chansey with iron barbs
|c|âZenzo|nice man
|c| Mistaken|**Go Bloody**
|
|move|p1a: Politoed|Scald|p2a: Chansey
|-damage|p2a: Chansey|529\/704
|move|p2a: Chansey|Heal Bell|p2a: Chansey
|-cureteam|p2a: Chansey|[from] move: HealBell
|
|-weather|RainDance|[upkeep]
|turn|48
|c| i came from leddit|fuck off mistaken
|c| i came from leddit|pathetic scouter
|c| Muk God|REVEAL BELLY DRUM
|c| Muk God|ZENZO
|
|move|p1a: Politoed|Scald|p2a: Chansey
|-damage|p2a: Chansey|450\/704
|move|p2a: Chansey|Seismic Toss|p1a: Politoed
|-damage|p1a: Politoed|284\/384
|
|-weather|RainDance|[upkeep]
|-heal|p1a: Politoed|308\/384|[from] item: Leftovers
|turn|49
|join|Lange98
|join|UrsaReign
|c| Muk God|is time
|leave|rawfl97
|
|move|p1a: Politoed|Scald|p2a: Chansey
|-damage|p2a: Chansey|362\/704
|move|p2a: Chansey|Soft-Boiled|p2a: Chansey
|-heal|p2a: Chansey|704\/704
|
|-weather|RainDance|[upkeep]
|-heal|p1a: Politoed|332\/384|[from] item: Leftovers
|turn|50
|join|Zamrock
|
|switch|p1a: Sableye|Sableye, F|304\/304
|-damage|p1a: Sableye|266\/304|[from] Spikes
|-damage|p1a: Sableye|228\/304|[from] Stealth Rock
|move|p2a: Chansey|Seismic Toss|p1a: Sableye
|-immune|p1a: Sableye|[msg]
|
|-weather|RainDance|[upkeep]
|-heal|p1a: Sableye|247\/304|[from] item: Leftovers
|turn|51
|
|switch|p2a: Tentacruel|Tentacruel, M|319\/364
|move|p1a: Sableye|Will-O-Wisp|p2a: Tentacruel|[miss]
|-miss|p1a: Sableye|p2a: Tentacruel
|
|-weather|RainDance|[upkeep]
|-heal|p2a: Tentacruel|341\/364|[from] ability: Rain Dish
|-heal|p2a: Tentacruel|363\/364|[from] item: Black Sludge
|-heal|p1a: Sableye|266\/304|[from] item: Leftovers
|turn|52
|leave|Too much swog
|leave|Lange98
|
|switch|p2a: Chansey|Chansey, F|704\/704
|move|p1a: Sableye|Will-O-Wisp|p2a: Chansey
|-status|p2a: Chansey|brn
|
|-weather|RainDance|[upkeep]
|-heal|p1a: Sableye|285\/304|[from] item: Leftovers
|-damage|p2a: Chansey|616\/704 brn|[from] brn
|turn|53
|c| Jon the Fool|longas battle
|c| Muk God|500 turns
|
|switch|p2a: Politoed|Politoed, F|264\/384
|move|p1a: Sableye|Taunt|p2a: Politoed
|-start|p2a: Politoed|move: Taunt
|
|-weather|RainDance|[upkeep]
|-heal|p2a: Politoed|288\/384|[from] item: Leftovers
|-heal|p1a: Sableye|304\/304|[from] item: Leftovers
|turn|54
|c| Jon the Fool|LOL..
|c| Muk God|of anal sex
|c| i came from leddit|bloody >>>> u
|c| Muk God|next on brazzers
|
|switch|p1a: Politoed|Politoed, F|332\/384
|-damage|p1a: Politoed|284\/384|[from] Stealth Rock
|-damage|p1a: Politoed|236\/384|[from] Spikes
|move|p2a: Politoed|Scald|p1a: Politoed
|-resisted|p1a: Politoed
|-damage|p1a: Politoed|177\/384
|
|-weather|RainDance|[upkeep]
|-heal|p2a: Politoed|312\/384|[from] item: Leftovers
|-heal|p1a: Politoed|201\/384|[from] item: Leftovers
|turn|55
|leave|A1d0g
|leave|Jon the Fool
|
|switch|p2a: Tentacruel|Tentacruel, M|363\/364
|move|p1a: Politoed|Toxic|p2a: Tentacruel|[miss]
|-miss|p1a: Politoed|p2a: Tentacruel
|
|-weather|RainDance|[upkeep]
|-heal|p2a: Tentacruel|364\/364|[from] ability: Rain Dish
|-heal|p1a: Politoed|225\/384|[from] item: Leftovers
|turn|56
|c| i came from leddit|...
|
|move|p2a: Tentacruel|Toxic Spikes|p1a: Politoed
|-sidestart|p1: Zenzo|move: Toxic Spikes
|move|p1a: Politoed|Perish Song|p1a: Politoed
|-fieldactivate|move: Perish Song
|
|-start|p2a: Tentacruel|perish3
|-start|p1a: Politoed|perish3
|-weather|RainDance|[upkeep]
|-heal|p1a: Politoed|249\/384|[from] item: Leftovers
|turn|57
|
|move|p2a: Tentacruel|Scald|p1a: Politoed
|-resisted|p1a: Politoed
|-damage|p1a: Politoed|192\/384
|move|p1a: Politoed|Toxic|p2a: Tentacruel
|-fail|p2a: Tentacruel
|
|-start|p2a: Tentacruel|perish2
|-start|p1a: Politoed|perish2
|-weather|RainDance|[upkeep]
|-heal|p1a: Politoed|216\/384|[from] item: Leftovers
|turn|58
|join|Phlipadelphia
|
|switch|p2a: Chansey|Chansey, F|616\/704
|move|p1a: Politoed|Toxic|p2a: Chansey
|-status|p2a: Chansey|tox
|
|-start|p1a: Politoed|perish1
|-weather|RainDance|[upkeep]
|-heal|p1a: Politoed|240\/384|[from] item: Leftovers
|-damage|p2a: Chansey|572\/704 tox|[from] psn
|turn|59
|leave|Zylectric
|join|rawfl97
|join|Zylectric
|
|switch|p1a: Tentacruel|Tentacruel, F|107\/331
|-sideend|p1: Zenzo|move: Toxic Spikes|[of] p1a: Tentacruel
|-damage|p1a: Tentacruel|66\/331|[from] Spikes
|-damage|p1a: Tentacruel|25\/331|[from] Stealth Rock
|switch|p2a: Tentacruel|Tentacruel, M|364\/364
|
|-weather|RainDance|[upkeep]
|-heal|p1a: Tentacruel|45\/331|[from] ability: Rain Dish
|-heal|p1a: Tentacruel|65\/331|[from] item: Black Sludge
|turn|60
|join|fllepter
|join|Hoole Suspect
|
|move|p1a: Tentacruel|Rapid Spin|p2a: Tentacruel
|-damage|p2a: Tentacruel|350\/364
|-sideend|p1: Zenzo|Spikes|[from] move: Rapid Spin|[of] p1a: Tentacruel
|-sideend|p1: Zenzo|Stealth Rock|[from] move: Rapid Spin|[of] p1a: Tentacruel
|move|p2a: Tentacruel|Scald|p1a: Tentacruel
|-resisted|p1a: Tentacruel
|-damage|p1a: Tentacruel|30\/331
|
|-weather|RainDance|[upkeep]
|-heal|p1a: Tentacruel|50\/331|[from] ability: Rain Dish
|-heal|p2a: Tentacruel|364\/364|[from] ability: Rain Dish
|-heal|p1a: Tentacruel|70\/331|[from] item: Black Sludge
|turn|61
|c| Muk God|tentacol rape
|join|Jefo
|
|move|p1a: Tentacruel|Scald|p2a: Tentacruel
|-resisted|p2a: Tentacruel
|-damage|p2a: Tentacruel|328\/364
|-status|p2a: Tentacruel|brn
|move|p2a: Tentacruel|Scald|p1a: Tentacruel
|-resisted|p1a: Tentacruel
|-damage|p1a: Tentacruel|30\/331
|-status|p1a: Tentacruel|brn
|
|-weather|RainDance|[upkeep]
|-heal|p1a: Tentacruel|50\/331 brn|[from] ability: Rain Dish
|-heal|p2a: Tentacruel|350\/364 brn|[from] ability: Rain Dish
|-heal|p1a: Tentacruel|70\/331 brn|[from] item: Black Sludge
|-heal|p2a: Tentacruel|364\/364 brn|[from] item: Black Sludge
|-damage|p1a: Tentacruel|29\/331 brn|[from] brn
|-damage|p2a: Tentacruel|319\/364 brn|[from] brn
|turn|62
|c|âZenzo|hi jefo!
|leave|ser slaking
|join|ser slaking
|join|Jon the Fool
|
|switch|p1a: Chansey|Chansey, F|319\/703
|move|p2a: Tentacruel|Toxic Spikes|p1a: Chansey
|-sidestart|p1: Zenzo|move: Toxic Spikes
|
|-weather|RainDance|[upkeep]
|-heal|p2a: Tentacruel|341\/364 brn|[from] ability: Rain Dish
|-heal|p2a: Tentacruel|363\/364 brn|[from] item: Black Sludge
|-damage|p2a: Tentacruel|318\/364 brn|[from] brn
|turn|63
|c| i came from leddit|welcome jefo
|leave|BreastPlayer
|join|Too much swog
|join|fuck christmas
|
|switch|p2a: Chansey|Chansey, F|572\/704
|move|p1a: Chansey|Wish|p1a: Chansey
|
|-weather|RainDance|[upkeep]
|turn|64
|join|nhkjhk
|
|move|p2a: Chansey|Seismic Toss|p1a: Chansey
|-damage|p1a: Chansey|219\/703
|move|p1a: Chansey|Seismic Toss|p2a: Chansey
|-damage|p2a: Chansey|472\/704
|
|-weather|RainDance|[upkeep]
|-heal|p1a: Chansey|570\/703|[from] move: Wish|[wisher] Chansey
|turn|65
|join|Maiora
|c| QuagGod|lol
|join|Keldeo
|leave|nhkjhk
|c| Jon the Fool|this will never fucking end
|leave|TheNiceOne
|join|TheNiceOne
|join|THE MAYO
|
|move|p1a: Chansey|Wish|p1a: Chansey
|move|p2a: Chansey|Stealth Rock|p1a: Chansey
|-sidestart|p1: Zenzo|move: Stealth Rock
|
|-weather|RainDance|[upkeep]
|turn|66
|c| mlah|they'll run out of wish pp eventually
|c| Jon the Fool|lolol
|c| UrsaReign|gg
|
|switch|p1a: Ferrothorn|Ferrothorn, F|116\/352
|-damage|p1a: Ferrothorn|94\/352|[from] Stealth Rock
|move|p2a: Chansey|Seismic Toss|p1a: Ferrothorn
|-damage|p1a: Ferrothorn|0 fnt
|-damage|p2a: Chansey|384\/704|[from] ability: Iron Barbs|[of] p1a: Ferrothorn
|faint|p1a: Ferrothorn
|
|-weather|RainDance|[upkeep]
|-message|Zenzo forfeited.
|c| Jon the Fool|omg
|leave|Zenzo
|leave|Jefo
|
|win|DracoNinja
|c| Jon the Fool|the anal is gone
|player|p1
|leave|rawfl97
|c| Jon the Fool|;-;
|leave|DracoNinja
|leave|TheNiceOne
|leave|THE MAYO
|leave|Zylectric
|player|p2
|c| i came from leddit|.....
|leave|mlah
|leave|i came from leddit
|leave|Hoole Suspect
|leave|Zamrock
|leave|Too much swog
|c| Jon the Fool|why did he forf
|leave|fuck christmas
|c| Jon the Fool|wth
|c| Muk God|in the end
|c| Muk God|ferro came
|c| Jon the Fool|LOOOOOOOOOLLLL
|leave|QuagGod
|leave|fllepter
|c| Jon the Fool|a fitting conclusion
|leave|Jon the Fool
|leave|Muk God
|leave|Mistaken
|leave|UrsaReign
|leave|ser slaking