|join|Skuukzky Wish
|join|DracoNinja
|player|p1|Skuukzky Wish|265
|player|p2|DracoNinja|2
|gametype|singles
|gen|6
|tier|OU
|clearpoke
|poke|p1|Bisharp, F, shiny
|poke|p1|Diggersby, M
|poke|p1|Azelf, shiny
|poke|p1|Thundurus, M, shiny
|poke|p1|Azumarill, F, shiny
|poke|p1|Pinsir, M, shiny
|poke|p2|Sharpedo, M
|poke|p2|Azelf
|poke|p2|Klefki, M
|poke|p2|Diggersby, M
|poke|p2|Dragonite, M
|poke|p2|Breloom, M
|rule|Swagger Clause: Swagger is banned
|rule|Baton Pass Clause: Limit one PokÃ©mon knowing Baton Pass
|rule|Sleep Clause Mod: Limit one foe put to sleep
|rule|Species Clause: Limit one of each PokÃ©mon
|rule|OHKO Clause: OHKO moves are banned
|rule|Moody Clause: Moody is banned
|rule|Evasion Moves Clause: Evasion moves are banned
|rule|Endless Battle Clause: Forcing endless battles is banned
|rule|HP Percentage Mod: HP is shown in percentages
|teampreview
|join|The Siegfried
|join|riraiteu
|join|Luck O' the Irish
|join|zed lepplin
|
|start
|switch|p1a: Azelf|Azelf, shiny|291\/291
|switch|p2a: Azelf|Azelf|291\/291
|turn|1
|join|FatalDesire
|join|Cholera90
|join|SharkNinja
|
|move|p1a: Azelf|Taunt|p2a: Azelf
|-start|p2a: Azelf|move: Taunt
|cant|p2a: Azelf|move: Taunt|Stealth Rock
|
|turn|2
|join|Alakabamm
|c| zed lepplin|got heem
|
|switch|p2a: Klefki|Klefki, M|318\/318
|move|p1a: Azelf|Stealth Rock|p2a: Klefki
|-sidestart|p2: DracoNinja|move: Stealth Rock
|
|turn|3
|c| FatalDesire|semifinals?
|join|y-Rex
|c|âDracoNinja|man i keep losing the speed tie
|
|move|p2a: Klefki|Spikes|p1a: Azelf
|-sidestart|p1: Skuukzky Wish|Spikes
|move|p1a: Azelf|Taunt|p2a: Klefki
|-start|p2a: Klefki|move: Taunt
|
|turn|4
|c| FatalDesire|dual screens :)
|
|move|p1a: Azelf|Knock Off|p2a: Klefki
|-resisted|p2a: Klefki
|-damage|p2a: Klefki|271\/318
|-enditem|p2a: Klefki|Leftovers|[from] move: Knock Off|[of] p1a: Azelf
|move|p2a: Klefki|Dazzling Gleam|p1a: Azelf
|-damage|p1a: Azelf|191\/291
|
|turn|5
|c| FatalDesire|aw man
|join|bigboycupcakes
|
|move|p1a: Azelf|Explosion|p2a: Klefki
|-resisted|p2a: Klefki
|-damage|p2a: Klefki|160\/318
|faint|p1a: Azelf
|move|p2a: Klefki|Dazzling Gleam|p1: Azelf|[notarget]
|-notarget
|
|c| FatalDesire|oh shit skuukzy is top 5 OU
|
|switch|p1a: Diggersby|Diggersby, M|311\/311
|-damage|p1a: Diggersby|273\/311|[from] Spikes
|turn|6
|c| FatalDesire|LOLOLOL
|c| FatalDesire|RIP draconinja.
|join|TyranitarTerror
|
|move|p1a: Diggersby|Swords Dance|p1a: Diggersby
|-boost|p1a: Diggersby|atk|2
|move|p2a: Klefki|Dazzling Gleam|p1a: Diggersby
|-crit|p1a: Diggersby
|-damage|p1a: Diggersby|123\/311
|
|-end|p2a: Klefki|move: Taunt
|turn|7
|
|move|p1a: Diggersby|Earthquake|p2a: Klefki
|-supereffective|p2a: Klefki
|-damage|p2a: Klefki|0 fnt
|faint|p2a: Klefki
|
|
|switch|p2a: Dragonite|Dragonite, M|323\/323
|-damage|p2a: Dragonite|243\/323|[from] Stealth Rock
|turn|8
|c| Luck O' the Irish|why not another layer?
|
|move|p2a: Dragonite|Extreme Speed|p1a: Diggersby
|-damage|p1a: Diggersby|0 fnt
|faint|p1a: Diggersby
|
|c| FatalDesire|because fuk dot.
|join|gina lisa86
|
|switch|p1a: Azumarill|Azumarill, F, shiny|342\/342
|-damage|p1a: Azumarill|300\/342|[from] Spikes
|turn|9
|
|move|p2a: Dragonite|Extreme Speed|p1a: Azumarill
|-damage|p1a: Azumarill|106\/342
|-enditem|p1a: Azumarill|Sitrus Berry|[eat]
|-heal|p1a: Azumarill|191\/342|[from] item: Sitrus Berry
|move|p1a: Azumarill|Play Rough|p2a: Dragonite
|-supereffective|p2a: Dragonite
|-damage|p2a: Dragonite|0 fnt
|faint|p2a: Dragonite
|
|
|switch|p2a: Azelf|Azelf|291\/291
|-damage|p2a: Azelf|255\/291|[from] Stealth Rock
|turn|10
|
|move|p2a: Azelf|Stealth Rock|p1a: Azumarill
|-sidestart|p1: Skuukzky Wish|move: Stealth Rock
|move|p1a: Azumarill|Knock Off|p2a: Azelf
|-supereffective|p2a: Azelf
|-damage|p2a: Azelf|0 fnt
|-enditem|p2a: Azelf|Focus Sash|[from] move: Knock Off|[of] p1a: Azumarill
|faint|p2a: Azelf
|
|
|switch|p2a: Breloom|Breloom, M|261\/261
|-damage|p2a: Breloom|245\/261|[from] Stealth Rock
|turn|11
|
|move|p1a: Azumarill|Aqua Jet|p2a: Breloom
|-resisted|p2a: Breloom
|-damage|p2a: Breloom|201\/261
|move|p2a: Breloom|Bullet Seed|p1a: Azumarill
|-supereffective|p1a: Azumarill
|-damage|p1a: Azumarill|0 fnt
|-hitcount|p1a: Azumarill|1
|-damage|p2a: Breloom|175\/261|[from] item: Life Orb
|faint|p1a: Azumarill
|
|c| FatalDesire|le pinsir sweep
|c| FatalDesire|gg
|
|switch|p1a: Pinsir|Pinsir, M, shiny|271\/271
|-damage|p1a: Pinsir|238\/271|[from] Spikes
|-damage|p1a: Pinsir|171\/271|[from] Stealth Rock
|turn|12
|c| Alakabamm|can mega sharpedo take one at 75%?
|
|switch|p2a: Diggersby|Diggersby, M|311\/311
|-damage|p2a: Diggersby|292\/311|[from] Stealth Rock
|detailschange|p1a: Pinsir|Pinsir-Mega, M, shiny
|-mega|p1a: Pinsir|Pinsir|Pinsirite
|move|p1a: Pinsir|Quick Attack|p2a: Diggersby
|-damage|p2a: Diggersby|163\/311
|
|turn|13
|
|switch|p1a: Bisharp|Bisharp, F, shiny|271\/271
|-damage|p1a: Bisharp|255\/271|[from] Stealth Rock
|-damage|p1a: Bisharp|222\/271|[from] Spikes
|move|p2a: Diggersby|Quick Attack|p1a: Bisharp
|-resisted|p1a: Bisharp
|-damage|p1a: Bisharp|158\/271
|-damage|p2a: Diggersby|132\/311|[from] item: Life Orb
|
|turn|14
|c| FatalDesire|NO
|c| FatalDesire|now pinsir is dead
|c| FatalDesire|cuz 50%
|c| FatalDesire|SR
|
|switch|p2a: Breloom|Breloom, M|175\/261
|-damage|p2a: Breloom|159\/261|[from] Stealth Rock
|move|p1a: Bisharp|Sucker Punch|p2a: Breloom
|-fail|p2a: Breloom
|
|turn|15
|join|zBless
|c| Alakabamm|he's at 64%
|
|move|p2a: Breloom|Spore|p1a: Bisharp
|-status|p1a: Bisharp|slp
|cant|p1a: Bisharp|slp
|
|turn|16
|
|move|p2a: Breloom|Rock Tomb|p1a: Bisharp
|-crit|p1a: Bisharp
|-resisted|p1a: Bisharp
|-damage|p1a: Bisharp|49\/271 slp
|-unboost|p1a: Bisharp|spe|1
|-boost|p1a: Bisharp|atk|2|[from] ability: Defiant
|-damage|p2a: Breloom|133\/261|[from] item: Life Orb
|cant|p1a: Bisharp|slp
|
|turn|17
|c| FatalDesire|oh nvm then
|
|move|p2a: Breloom|Mach Punch|p1a: Bisharp
|-supereffective|p1a: Bisharp
|-damage|p1a: Bisharp|0 fnt
|-damage|p2a: Breloom|107\/261|[from] item: Life Orb
|faint|p1a: Bisharp
|
|
|switch|p1a: Pinsir|Pinsir-Mega, M, shiny|171\/271
|-damage|p1a: Pinsir|36\/271|[from] Stealth Rock
|turn|18
|
|move|p1a: Pinsir|Quick Attack|p2a: Breloom
|-supereffective|p2a: Breloom
|-damage|p2a: Breloom|0 fnt
|faint|p2a: Breloom
|
|join|The Dancing Lion
|c| FatalDesire|y no sucker punch attempt?
|
|switch|p2a: Sharpedo|Sharpedo, M|281\/281
|-damage|p2a: Sharpedo|246\/281|[from] Stealth Rock
|turn|19
|c| Alakabamm|the sharpedo is a 50\/50 possibly
|c| Alakabamm|oh, I meant 88%
|
|move|p2a: Sharpedo|Protect|p2a: Sharpedo
|-singleturn|p2a: Sharpedo|Protect
|move|p1a: Pinsir|Swords Dance|p1a: Pinsir
|-boost|p1a: Pinsir|atk|2
|
|-boost|p2a: Sharpedo|spe|1|[from] ability: Speed Boost
|turn|20
|c| Alakabamm|yep over
|c| Luck O' the Irish|yep
|c| FatalDesire|thats game
|
|detailschange|p2a: Sharpedo|Sharpedo-Mega, M
|-mega|p2a: Sharpedo|Sharpedo|Sharpedonite
|move|p1a: Pinsir|Quick Attack|p2a: Sharpedo
|-damage|p2a: Sharpedo|0 fnt
|faint|p2a: Sharpedo
|
|c| Luck O' the Irish|the sd was coming
|c|âDracoNinja|ye gg
|c| Alakabamm|if he didnt protect
|
|switch|p2a: Diggersby|Diggersby, M|132\/311
|-damage|p2a: Diggersby|113\/311|[from] Stealth Rock
|turn|21
|c| y-Rex|gg m8
|c| Alakabamm|he could have killed
|
|move|p1a: Pinsir|Quick Attack|p2a: Diggersby
|-damage|p2a: Diggersby|0 fnt
|faint|p2a: Diggersby
|
|win|Skuukzky Wish
|c| Luck O' the Irish|you really should have attacked there
|leave|DracoNinja
|player|p2
|leave|zBless
|leave|Skuukzky Wish
|player|p1
|c| Alakabamm|it was 50\/50 so you can't blame him
|leave|y-Rex
|c| Luck O' the Irish|idk
|c| Luck O' the Irish|depends on how much quick attack does to diggersby
|leave|FatalDesire
|c| Alakabamm|that wasn't a factor
|c| Alakabamm|diggersby was in kill range
|c| Luck O' the Irish|but every sharpedo protects, made sense that he would predict the tect
|c| Alakabamm|ye
|c| Luck O' the Irish|oh well
|leave|Luck O' the Irish
|leave|Alakabamm
|leave|The Dancing Lion
|leave|gina lisa86
|leave|bigboycupcakes
|leave|Cholera90
|leave|TyranitarTerror
|leave|zed lepplin
|leave|SharkNinja
|leave|The Siegfried