|join|word on da street
|join|DracoNinja
|player|p1|word on da street|114
|player|p2|DracoNinja|2
|gametype|singles
|gen|6
|tier|OU
|clearpoke
|poke|p1|Politoed, F
|poke|p1|Kabutops, M
|poke|p1|Scizor, F
|poke|p1|Seismitoad, M
|poke|p1|Kingdra, F
|poke|p1|Kyurem-Black
|poke|p2|Sharpedo, M
|poke|p2|Azelf
|poke|p2|Klefki, M
|poke|p2|Diggersby, M
|poke|p2|Dragonite, M
|poke|p2|Breloom, M
|rule|Swagger Clause: Swagger is banned
|rule|Baton Pass Clause: Limit one PokÃ©mon knowing Baton Pass
|rule|Sleep Clause Mod: Limit one foe put to sleep
|rule|Species Clause: Limit one of each PokÃ©mon
|rule|OHKO Clause: OHKO moves are banned
|rule|Moody Clause: Moody is banned
|rule|Evasion Moves Clause: Evasion moves are banned
|rule|Endless Battle Clause: Forcing endless battles is banned
|rule|HP Percentage Mod: HP is shown in percentages
|teampreview
|join|LeCoqGrande
|join|TyranitarTerror
|join|76tbyuj
|c| LeCoqGrande|rain team <3
|
|start
|switch|p1a: Politoed|Politoed, F|359\/359
|switch|p2a: Azelf|Azelf|291\/291
|-weather|RainDance
|turn|1
|
|move|p2a: Azelf|Stealth Rock|p1a: Politoed
|-sidestart|p1: word on da street|move: Stealth Rock
|move|p1a: Politoed|Scald|p2a: Azelf
|-damage|p2a: Azelf|38\/291
|-status|p2a: Azelf|brn
|
|-weather|RainDance|[upkeep]
|-damage|p2a: Azelf|2\/291 brn|[from] brn
|turn|2
|join|riraiteu
|
|switch|p1a: Kabutops|Kabutops, M|261\/261
|-damage|p1a: Kabutops|229\/261|[from] Stealth Rock
|move|p2a: Azelf|Fire Blast|p1a: Kabutops
|-resisted|p1a: Kabutops
|-damage|p1a: Kabutops|208\/261
|
|-weather|RainDance|[upkeep]
|-damage|p2a: Azelf|0 fnt|[from] brn
|faint|p2a: Azelf
|join|Mollete
|
|switch|p2a: Breloom|Breloom, M|261\/261
|turn|3
|
|move|p1a: Kabutops|Aqua Jet|p2a: Breloom
|-resisted|p2a: Breloom
|-damage|p2a: Breloom|171\/261
|-damage|p1a: Kabutops|182\/261|[from] item: Life Orb
|move|p2a: Breloom|Mach Punch|p1a: Kabutops
|-supereffective|p1a: Kabutops
|-damage|p1a: Kabutops|0 fnt
|-damage|p2a: Breloom|145\/261|[from] item: Life Orb
|faint|p1a: Kabutops
|
|-weather|RainDance|[upkeep]
|
|switch|p1a: Kingdra|Kingdra, F|291\/291
|-damage|p1a: Kingdra|255\/291|[from] Stealth Rock
|turn|4
|
|switch|p2a: Diggersby|Diggersby, M|311\/311
|move|p1a: Kingdra|Scald|p2a: Diggersby
|-supereffective|p2a: Diggersby
|-damage|p2a: Diggersby|0 fnt
|faint|p2a: Diggersby
|
|-weather|RainDance|[upkeep]
|
|switch|p2a: Klefki|Klefki, M|318\/318
|turn|5
|
|switch|p1a: Seismitoad|Seismitoad, M|365\/365
|-damage|p1a: Seismitoad|343\/365|[from] Stealth Rock
|move|p2a: Klefki|Spikes|p1a: Seismitoad
|-sidestart|p1: word on da street|Spikes
|
|-weather|RainDance|[upkeep]
|turn|6
|
|switch|p2a: Dragonite|Dragonite, M|323\/323
|move|p1a: Seismitoad|Stealth Rock|p2a: Dragonite
|-sidestart|p2: DracoNinja|move: Stealth Rock
|
|-weather|RainDance|[upkeep]
|turn|7
|
|switch|p1a: Scizor|Scizor, F|343\/343
|-damage|p1a: Scizor|301\/343|[from] Spikes
|-damage|p1a: Scizor|259\/343|[from] Stealth Rock
|move|p2a: Dragonite|Outrage|p1a: Scizor
|-resisted|p1a: Scizor
|-damage|p1a: Scizor|133\/343
|
|-weather|RainDance|[upkeep]
|turn|8
|
|detailschange|p1a: Scizor|Scizor-Mega, F
|-mega|p1a: Scizor|Scizor|Scizorite
|move|p2a: Dragonite|Outrage|p1a: Scizor
|-resisted|p1a: Scizor
|-damage|p1a: Scizor|34\/343
|move|p1a: Scizor|Roost|p1a: Scizor
|-heal|p1a: Scizor|206\/343
|
|-weather|none
|turn|9
|
|move|p2a: Dragonite|Outrage|p1a: Scizor
|-resisted|p1a: Scizor
|-damage|p1a: Scizor|101\/343
|move|p1a: Scizor|U-turn|p2a: Dragonite
|-resisted|p2a: Dragonite
|-damage|p2a: Dragonite|293\/323
|
|switch|p1a: Politoed|Politoed, F|359\/359
|-damage|p1a: Politoed|315\/359|[from] Stealth Rock
|-damage|p1a: Politoed|271\/359|[from] Spikes
|-weather|RainDance
|
|-end|p2a: Dragonite|rampage
|-start|p2a: Dragonite|confusion
|-weather|RainDance|[upkeep]
|turn|10
|
|-activate|p2a: Dragonite|confusion
|move|p2a: Dragonite|Outrage|p1a: Politoed
|-crit|p1a: Politoed
|-damage|p1a: Politoed|0 fnt
|faint|p1a: Politoed
|
|-weather|RainDance|[upkeep]
|
|switch|p1a: Kyurem-Black|Kyurem-Black|391\/391
|-damage|p1a: Kyurem-Black|294\/391|[from] Stealth Rock
|-damage|p1a: Kyurem-Black|246\/391|[from] Spikes
|-ability|p1a: Kyurem-Black|Teravolt
|turn|11
|
|move|p1a: Kyurem-Black|Ice Beam|p2a: Dragonite
|-supereffective|p2a: Dragonite
|-damage|p2a: Dragonite|0 fnt
|faint|p2a: Dragonite
|
|-weather|RainDance|[upkeep]
|
|switch|p2a: Breloom|Breloom, M|145\/261
|-damage|p2a: Breloom|129\/261|[from] Stealth Rock
|turn|12
|join|moabinsearch
|
|move|p2a: Breloom|Mach Punch|p1a: Kyurem-Black
|-supereffective|p1a: Kyurem-Black
|-damage|p1a: Kyurem-Black|0 fnt
|-damage|p2a: Breloom|103\/261|[from] item: Life Orb
|faint|p1a: Kyurem-Black
|
|-weather|RainDance|[upkeep]
|
|switch|p1a: Seismitoad|Seismitoad, M|343\/365
|-damage|p1a: Seismitoad|298\/365|[from] Spikes
|-damage|p1a: Seismitoad|276\/365|[from] Stealth Rock
|turn|13
|
|switch|p2a: Klefki|Klefki, M|318\/318
|-damage|p2a: Klefki|299\/318|[from] Stealth Rock
|move|p1a: Seismitoad|Earth Power|p2a: Klefki
|-supereffective|p2a: Klefki
|-damage|p2a: Klefki|0 fnt
|-damage|p1a: Seismitoad|240\/365|[from] item: Life Orb
|faint|p2a: Klefki
|
|-weather|RainDance|[upkeep]
|
|switch|p2a: Sharpedo|Sharpedo, M|281\/281
|-damage|p2a: Sharpedo|246\/281|[from] Stealth Rock
|turn|14
|
|move|p2a: Sharpedo|Protect|p2a: Sharpedo
|-singleturn|p2a: Sharpedo|Protect
|move|p1a: Seismitoad|Earth Power|p2a: Sharpedo
|-activate|p2a: Sharpedo|Protect
|
|-weather|RainDance|[upkeep]
|-boost|p2a: Sharpedo|spe|1|[from] ability: Speed Boost
|turn|15
|join|zed lepplin
|
|switch|p2a: Breloom|Breloom, M|103\/261
|-damage|p2a: Breloom|87\/261|[from] Stealth Rock
|move|p1a: Seismitoad|Earth Power|p2a: Breloom
|-resisted|p2a: Breloom
|-damage|p2a: Breloom|0 fnt
|-damage|p1a: Seismitoad|204\/365|[from] item: Life Orb
|faint|p2a: Breloom
|
|-weather|RainDance|[upkeep]
|
|switch|p2a: Sharpedo|Sharpedo, M|246\/281
|-damage|p2a: Sharpedo|211\/281|[from] Stealth Rock
|turn|16
|
|move|p2a: Sharpedo|Protect|p2a: Sharpedo
|-singleturn|p2a: Sharpedo|Protect
|move|p1a: Seismitoad|Earth Power|p2a: Sharpedo
|-activate|p2a: Sharpedo|Protect
|
|-weather|none
|-boost|p2a: Sharpedo|spe|1|[from] ability: Speed Boost
|turn|17
|
|detailschange|p2a: Sharpedo|Sharpedo-Mega, M
|-mega|p2a: Sharpedo|Sharpedo|Sharpedonite
|move|p2a: Sharpedo|Crunch|p1a: Seismitoad
|-damage|p1a: Seismitoad|0 fnt
|faint|p1a: Seismitoad
|
|
|switch|p1a: Scizor|Scizor-Mega, F|101\/343
|-damage|p1a: Scizor|59\/343|[from] Spikes
|-damage|p1a: Scizor|17\/343|[from] Stealth Rock
|turn|18
|
|move|p1a: Scizor|Bullet Punch|p2a: Sharpedo
|-crit|p2a: Sharpedo
|-resisted|p2a: Sharpedo
|-damage|p2a: Sharpedo|112\/281
|move|p2a: Sharpedo|Crunch|p1a: Scizor
|-damage|p1a: Scizor|0 fnt
|faint|p1a: Scizor
|
|
|switch|p1a: Kingdra|Kingdra, F|255\/291
|-damage|p1a: Kingdra|219\/291|[from] Spikes
|-damage|p1a: Kingdra|183\/291|[from] Stealth Rock
|turn|19
|
|move|p2a: Sharpedo|Crunch|p1a: Kingdra
|-damage|p1a: Kingdra|0 fnt
|faint|p1a: Kingdra
|
|win|DracoNinja
|leave|LeCoqGrande
|leave|DracoNinja
|player|p2
|leave|word on da street
|player|p1
|leave|moabinsearch
|leave|Mollete
|leave|zed lepplin
|leave|76tbyuj
|leave|TyranitarTerror