|join|mattybrollic-
|join|DracoNinja
|player|p1|mattybrollic-|102
|player|p2|DracoNinja|2
|gametype|singles
|gen|6
|tier|OU
|clearpoke
|poke|p1|Sceptile, M
|poke|p1|Azumarill, M
|poke|p1|Gliscor, M
|poke|p1|Klefki, M
|poke|p1|Bisharp, M
|poke|p1|Rotom-Wash
|poke|p2|Metagross
|poke|p2|Hydreigon, F
|poke|p2|Keldeo
|poke|p2|Landorus-Therian, M
|poke|p2|Rotom-Wash
|poke|p2|Sylveon, M
|rule|Swagger Clause: Swagger is banned
|rule|Baton Pass Clause: Limit one PokÃ©mon knowing Baton Pass
|rule|Sleep Clause Mod: Limit one foe put to sleep
|rule|Species Clause: Limit one of each PokÃ©mon
|rule|OHKO Clause: OHKO moves are banned
|rule|Moody Clause: Moody is banned
|rule|Evasion Moves Clause: Evasion moves are banned
|rule|Endless Battle Clause: Forcing endless battles is banned
|rule|HP Percentage Mod: HP is shown in percentages
|teampreview
|c|âmattybrollic-|gl man
|
|start
|switch|p1a: Gliscor|Gliscor, M|353\/353
|switch|p2a: Rotom-Wash|Rotom-Wash|304\/304
|turn|1
|
|move|p1a: Gliscor|Stealth Rock|p2a: Rotom-Wash
|-sidestart|p2: DracoNinja|move: Stealth Rock
|move|p2a: Rotom-Wash|Hydro Pump|p1a: Gliscor
|-supereffective|p1a: Gliscor
|-damage|p1a: Gliscor|11\/353
|
|-status|p1a: Gliscor|tox|[from] item: Toxic Orb
|turn|2
|
|move|p1a: Gliscor|Roost|p1a: Gliscor
|-heal|p1a: Gliscor|188\/353 tox
|move|p2a: Rotom-Wash|Hydro Pump|p1a: Gliscor
|-supereffective|p1a: Gliscor
|-damage|p1a: Gliscor|0 fnt
|faint|p1a: Gliscor
|
|
|switch|p1a: Sceptile|Sceptile, M|281\/281
|turn|3
|
|switch|p2a: Metagross|Metagross|345\/345
|-damage|p2a: Metagross|324\/345|[from] Stealth Rock
|detailschange|p1a: Sceptile|Sceptile-Mega, M
|-mega|p1a: Sceptile|Sceptile|Sceptilite
|move|p1a: Sceptile|Leaf Storm|p2a: Metagross
|-resisted|p2a: Metagross
|-damage|p2a: Metagross|186\/345
|-unboost|p1a: Sceptile|spa|2
|
|turn|4
|
|switch|p1a: Rotom-Wash|Rotom-Wash|303\/303
|detailschange|p2a: Metagross|Metagross-Mega
|-mega|p2a: Metagross|Metagross|Metagrossite
|move|p2a: Metagross|Zen Headbutt|p1a: Rotom-Wash|[miss]
|-miss|p2a: Metagross|p1a: Rotom-Wash
|
|turn|5
|
|switch|p2a: Rotom-Wash|Rotom-Wash|304\/304
|-damage|p2a: Rotom-Wash|266\/304|[from] Stealth Rock
|move|p1a: Rotom-Wash|Volt Switch|p2a: Rotom-Wash
|-damage|p2a: Rotom-Wash|185\/304
|
|switch|p1a: Klefki|Klefki, M|318\/318
|
|-heal|p2a: Rotom-Wash|204\/304|[from] item: Leftovers
|turn|6
|
|switch|p2a: Landorus-Therian|Landorus-Therian, M|357\/357
|-damage|p2a: Landorus-Therian|313\/357|[from] Stealth Rock
|-ability|p2a: Landorus-Therian|Intimidate|[of] p1a: Klefki
|-unboost|p1a: Klefki|atk|1
|move|p1a: Klefki|Spikes|p2a: Landorus-Therian
|-sidestart|p2: DracoNinja|Spikes
|
|turn|7
|
|switch|p1a: Rotom-Wash|Rotom-Wash|303\/303
|move|p2a: Landorus-Therian|Stealth Rock|p1a: Rotom-Wash
|-sidestart|p1: mattybrollic-|move: Stealth Rock
|
|turn|8
|
|move|p2a: Landorus-Therian|U-turn|p1a: Rotom-Wash
|-damage|p1a: Rotom-Wash|230\/303
|
|switch|p2a: Rotom-Wash|Rotom-Wash|204\/304
|-damage|p2a: Rotom-Wash|166\/304|[from] Stealth Rock
|move|p1a: Rotom-Wash|Will-O-Wisp|p2a: Rotom-Wash
|-status|p2a: Rotom-Wash|brn
|
|-heal|p2a: Rotom-Wash|185\/304 brn|[from] item: Leftovers
|-damage|p2a: Rotom-Wash|147\/304 brn|[from] brn
|turn|9
|
|move|p2a: Rotom-Wash|Will-O-Wisp|p1a: Rotom-Wash
|-status|p1a: Rotom-Wash|brn
|move|p1a: Rotom-Wash|Volt Switch|p2a: Rotom-Wash
|-damage|p2a: Rotom-Wash|62\/304 brn
|
|switch|p1a: Sceptile|Sceptile-Mega, M|281\/281
|-damage|p1a: Sceptile|246\/281|[from] Stealth Rock
|
|-heal|p2a: Rotom-Wash|81\/304 brn|[from] item: Leftovers
|-damage|p2a: Rotom-Wash|43\/304 brn|[from] brn
|turn|10
|
|switch|p2a: Sylveon|Sylveon, M|394\/394
|-damage|p2a: Sylveon|345\/394|[from] Spikes
|-damage|p2a: Sylveon|296\/394|[from] Stealth Rock
|move|p1a: Sceptile|Giga Drain|p2a: Sylveon
|-damage|p2a: Sylveon|212\/394
|-heal|p1a: Sceptile|281\/281|[from] drain|[of] p2a: Sylveon
|
|-heal|p2a: Sylveon|236\/394|[from] item: Leftovers
|turn|11
|
|switch|p1a: Klefki|Klefki, M|318\/318
|-damage|p1a: Klefki|299\/318|[from] Stealth Rock
|move|p2a: Sylveon|Wish|p2a: Sylveon
|
|-heal|p1a: Klefki|318\/318|[from] item: Leftovers
|-heal|p2a: Sylveon|260\/394|[from] item: Leftovers
|turn|12
|
|switch|p2a: Metagross|Metagross-Mega|186\/345
|-damage|p2a: Metagross|143\/345|[from] Spikes
|-damage|p2a: Metagross|122\/345|[from] Stealth Rock
|move|p1a: Klefki|Foul Play|p2a: Metagross
|-supereffective|p2a: Metagross
|-damage|p2a: Metagross|0 fnt
|faint|p2a: Metagross
|
|
|switch|p2a: Landorus-Therian|Landorus-Therian, M|313\/357
|-damage|p2a: Landorus-Therian|269\/357|[from] Stealth Rock
|-ability|p2a: Landorus-Therian|Intimidate|[of] p1a: Klefki
|-unboost|p1a: Klefki|atk|1
|turn|13
|
|switch|p1a: Rotom-Wash|Rotom-Wash|230\/303 brn
|-damage|p1a: Rotom-Wash|193\/303 brn|[from] Stealth Rock
|move|p2a: Landorus-Therian|Earthquake|p1a: Rotom-Wash
|-immune|p1a: Rotom-Wash|[msg]
|
|-damage|p1a: Rotom-Wash|156\/303 brn|[from] brn
|turn|14
|
|move|p2a: Landorus-Therian|U-turn|p1a: Rotom-Wash
|-damage|p1a: Rotom-Wash|92\/303 brn
|
|switch|p2a: Rotom-Wash|Rotom-Wash|43\/304 brn
|-damage|p2a: Rotom-Wash|5\/304 brn|[from] Stealth Rock
|move|p1a: Rotom-Wash|Rest|p1a: Rotom-Wash
|-status|p1a: Rotom-Wash|slp
|-heal|p1a: Rotom-Wash|303\/303 slp|[silent]
|-status|p1a: Rotom-Wash|slp|[from] move: Rest
|-enditem|p1a: Rotom-Wash|Chesto Berry|[eat]
|-curestatus|p1a: Rotom-Wash|slp
|
|-heal|p2a: Rotom-Wash|24\/304 brn|[from] item: Leftovers
|-damage|p2a: Rotom-Wash|0 fnt|[from] brn
|faint|p2a: Rotom-Wash
|
|switch|p2a: Sylveon|Sylveon, M|260\/394
|-damage|p2a: Sylveon|211\/394|[from] Spikes
|-damage|p2a: Sylveon|162\/394|[from] Stealth Rock
|turn|15
|
|move|p1a: Rotom-Wash|Will-O-Wisp|p2a: Sylveon
|-status|p2a: Sylveon|brn
|move|p2a: Sylveon|Wish|p2a: Sylveon
|
|-heal|p2a: Sylveon|186\/394 brn|[from] item: Leftovers
|-damage|p2a: Sylveon|137\/394 brn|[from] brn
|turn|16
|
|move|p1a: Rotom-Wash|Volt Switch|p2a: Sylveon
|-damage|p2a: Sylveon|86\/394 brn
|
|switch|p1a: Klefki|Klefki, M|318\/318
|-damage|p1a: Klefki|299\/318|[from] Stealth Rock
|move|p2a: Sylveon|Heal Bell|p2a: Sylveon
|-cureteam|p2a: Sylveon|[from] move: HealBell
|
|-heal|p2a: Sylveon|283\/394|[from] move: Wish|[wisher] Sylveon
|-heal|p1a: Klefki|318\/318|[from] item: Leftovers
|-heal|p2a: Sylveon|307\/394|[from] item: Leftovers
|turn|17
|
|move|p1a: Klefki|Spikes|p2a: Sylveon
|-sidestart|p2: DracoNinja|Spikes
|move|p2a: Sylveon|Wish|p2a: Sylveon
|
|-heal|p2a: Sylveon|331\/394|[from] item: Leftovers
|turn|18
|
|switch|p1a: Rotom-Wash|Rotom-Wash|303\/303
|-damage|p1a: Rotom-Wash|266\/303|[from] Stealth Rock
|switch|p2a: Landorus-Therian|Landorus-Therian, M|269\/357
|-damage|p2a: Landorus-Therian|225\/357|[from] Stealth Rock
|-ability|p2a: Landorus-Therian|Intimidate|[of] p1a: Rotom-Wash
|-unboost|p1a: Rotom-Wash|atk|1
|
|-heal|p2a: Landorus-Therian|357\/357|[from] move: Wish|[wisher] Sylveon
|turn|19
|
|move|p2a: Landorus-Therian|U-turn|p1a: Rotom-Wash
|-damage|p1a: Rotom-Wash|192\/303
|
|switch|p2a: Sylveon|Sylveon, M|331\/394
|-damage|p2a: Sylveon|266\/394|[from] Spikes
|-damage|p2a: Sylveon|217\/394|[from] Stealth Rock
|move|p1a: Rotom-Wash|Hydro Pump|p2a: Sylveon
|-damage|p2a: Sylveon|132\/394
|
|-heal|p2a: Sylveon|156\/394|[from] item: Leftovers
|turn|20
|
|move|p1a: Rotom-Wash|Volt Switch|p2a: Sylveon
|-damage|p2a: Sylveon|99\/394
|
|switch|p1a: Klefki|Klefki, M|318\/318
|-damage|p1a: Klefki|299\/318|[from] Stealth Rock
|move|p2a: Sylveon|Wish|p2a: Sylveon
|
|-heal|p1a: Klefki|318\/318|[from] item: Leftovers
|-heal|p2a: Sylveon|123\/394|[from] item: Leftovers
|turn|21
|
|move|p2a: Sylveon|Protect|p2a: Sylveon
|-singleturn|p2a: Sylveon|Protect
|move|p1a: Klefki|Spikes|p2a: Sylveon
|-sidestart|p2: DracoNinja|Spikes
|
|-heal|p2a: Sylveon|320\/394|[from] move: Wish|[wisher] Sylveon
|-heal|p2a: Sylveon|344\/394|[from] item: Leftovers
|turn|22
|
|move|p1a: Klefki|Play Rough|p2a: Sylveon
|-damage|p2a: Sylveon|224\/394
|-unboost|p2a: Sylveon|atk|1
|move|p2a: Sylveon|Hyper Voice|p1a: Klefki
|-resisted|p1a: Klefki
|-damage|p1a: Klefki|258\/318
|
|-heal|p1a: Klefki|277\/318|[from] item: Leftovers
|-heal|p2a: Sylveon|248\/394|[from] item: Leftovers
|turn|23
|
|switch|p1a: Bisharp|Bisharp, M|281\/281
|-damage|p1a: Bisharp|264\/281|[from] Stealth Rock
|move|p2a: Sylveon|Wish|p2a: Sylveon
|
|-heal|p2a: Sylveon|272\/394|[from] item: Leftovers
|turn|24
|
|switch|p2a: Keldeo|Keldeo|323\/323
|-damage|p2a: Keldeo|303\/323|[from] Stealth Rock
|-damage|p2a: Keldeo|223\/323|[from] Spikes
|move|p1a: Bisharp|Knock Off|p2a: Keldeo
|-resisted|p2a: Keldeo
|-damage|p2a: Keldeo|109\/323
|-boost|p2a: Keldeo|atk|1|[from] ability: Justified
|-enditem|p2a: Keldeo|Leftovers|[from] move: Knock Off|[of] p1a: Bisharp
|
|-heal|p2a: Keldeo|306\/323|[from] move: Wish|[wisher] Sylveon
|turn|25
|
|switch|p1a: Klefki|Klefki, M|277\/318
|-damage|p1a: Klefki|258\/318|[from] Stealth Rock
|move|p2a: Keldeo|Secret Sword|p1a: Klefki
|-damage|p1a: Klefki|96\/318
|
|-heal|p1a: Klefki|115\/318|[from] item: Leftovers
|turn|26
|
|switch|p2a: Landorus-Therian|Landorus-Therian, M|357\/357
|-damage|p2a: Landorus-Therian|313\/357|[from] Stealth Rock
|-ability|p2a: Landorus-Therian|Intimidate|[of] p1a: Klefki
|-unboost|p1a: Klefki|atk|1
|move|p1a: Klefki|Thunder Wave|p2a: Landorus-Therian
|-immune|p2a: Landorus-Therian|[msg]
|
|-heal|p1a: Klefki|134\/318|[from] item: Leftovers
|turn|27
|
|switch|p1a: Rotom-Wash|Rotom-Wash|192\/303
|-damage|p1a: Rotom-Wash|155\/303|[from] Stealth Rock
|move|p2a: Landorus-Therian|Earthquake|p1a: Rotom-Wash
|-immune|p1a: Rotom-Wash|[msg]
|
|turn|28
|
|move|p2a: Landorus-Therian|U-turn|p1a: Rotom-Wash
|-damage|p1a: Rotom-Wash|81\/303
|
|switch|p2a: Hydreigon|Hydreigon, F|325\/325
|-damage|p2a: Hydreigon|285\/325|[from] Stealth Rock
|move|p1a: Rotom-Wash|Volt Switch|p2a: Hydreigon
|-resisted|p2a: Hydreigon
|-damage|p2a: Hydreigon|236\/325
|
|switch|p1a: Azumarill|Azumarill, M|403\/403
|-damage|p1a: Azumarill|353\/403|[from] Stealth Rock
|
|turn|29
|
|move|p2a: Hydreigon|U-turn|p1a: Azumarill
|-resisted|p1a: Azumarill
|-damage|p1a: Azumarill|322\/403
|
|switch|p2a: Sylveon|Sylveon, M|272\/394
|-damage|p2a: Sylveon|174\/394|[from] Spikes
|-damage|p2a: Sylveon|125\/394|[from] Stealth Rock
|move|p1a: Azumarill|Play Rough|p2a: Sylveon
|-damage|p2a: Sylveon|0 fnt
|faint|p2a: Sylveon
|
|
|switch|p2a: Landorus-Therian|Landorus-Therian, M|313\/357
|-damage|p2a: Landorus-Therian|269\/357|[from] Stealth Rock
|-ability|p2a: Landorus-Therian|Intimidate|[of] p1a: Azumarill
|-unboost|p1a: Azumarill|atk|1
|turn|30
|
|switch|p1a: Rotom-Wash|Rotom-Wash|81\/303
|-damage|p1a: Rotom-Wash|44\/303|[from] Stealth Rock
|move|p2a: Landorus-Therian|Earthquake|p1a: Rotom-Wash
|-immune|p1a: Rotom-Wash|[msg]
|
|turn|31
|
|move|p2a: Landorus-Therian|Stone Edge|p1a: Rotom-Wash
|-damage|p1a: Rotom-Wash|0 fnt
|faint|p1a: Rotom-Wash
|
|
|switch|p1a: Sceptile|Sceptile-Mega, M|281\/281
|-damage|p1a: Sceptile|246\/281|[from] Stealth Rock
|turn|32
|
|switch|p2a: Hydreigon|Hydreigon, F|236\/325
|-damage|p2a: Hydreigon|196\/325|[from] Stealth Rock
|move|p1a: Sceptile|Leaf Storm|p2a: Hydreigon
|-resisted|p2a: Hydreigon
|-damage|p2a: Hydreigon|50\/325
|-unboost|p1a: Sceptile|spa|2
|
|turn|33
|
|switch|p1a: Klefki|Klefki, M|134\/318
|-damage|p1a: Klefki|115\/318|[from] Stealth Rock
|move|p2a: Hydreigon|U-turn|p1a: Klefki
|-resisted|p1a: Klefki
|-damage|p1a: Klefki|102\/318
|
|switch|p2a: Landorus-Therian|Landorus-Therian, M|269\/357
|-damage|p2a: Landorus-Therian|225\/357|[from] Stealth Rock
|-ability|p2a: Landorus-Therian|Intimidate|[of] p1a: Klefki
|-unboost|p1a: Klefki|atk|1
|
|-heal|p1a: Klefki|121\/318|[from] item: Leftovers
|turn|34
|
|move|p2a: Landorus-Therian|Earthquake|p1a: Klefki
|-supereffective|p1a: Klefki
|-damage|p1a: Klefki|0 fnt
|faint|p1a: Klefki
|
|
|switch|p1a: Sceptile|Sceptile-Mega, M|246\/281
|-damage|p1a: Sceptile|211\/281|[from] Stealth Rock
|turn|35
|
|move|p1a: Sceptile|Leaf Storm|p2a: Landorus-Therian
|-damage|p2a: Landorus-Therian|0 fnt
|-unboost|p1a: Sceptile|spa|2
|faint|p2a: Landorus-Therian
|
|
|switch|p2a: Keldeo|Keldeo|306\/323
|-damage|p2a: Keldeo|286\/323|[from] Stealth Rock
|-damage|p2a: Keldeo|206\/323|[from] Spikes
|turn|36
|
|move|p1a: Sceptile|Leaf Storm|p2a: Keldeo
|-supereffective|p2a: Keldeo
|-damage|p2a: Keldeo|0 fnt
|-unboost|p1a: Sceptile|spa|2
|faint|p2a: Keldeo
|
|
|switch|p2a: Hydreigon|Hydreigon, F|50\/325
|-damage|p2a: Hydreigon|10\/325|[from] Stealth Rock
|turn|37
|
|switch|p1a: Azumarill|Azumarill, M|322\/403
|-damage|p1a: Azumarill|272\/403|[from] Stealth Rock
|move|p2a: Hydreigon|Draco Meteor|p1a: Azumarill
|-immune|p1a: Azumarill|[msg]
|
|turn|38
|c|âmattybrollic-|gg dude
|
|move|p1a: Azumarill|Aqua Jet|p2a: Hydreigon
|-resisted|p2a: Hydreigon
|-damage|p2a: Hydreigon|0 fnt
|faint|p2a: Hydreigon
|
|win|mattybrollic-
|c|âDracoNinja|yer gg
|leave|DracoNinja