|join|Void
|join|DracoNinja
|player|p1|Void|189
|player|p2|DracoNinja|2
|gametype|singles
|gen|6
|tier|OU
|clearpoke
|poke|p1|Charizard, F
|poke|p1|Keldeo
|poke|p1|Tyranitar, M
|poke|p1|Slowbro, F
|poke|p1|Latios, M
|poke|p1|Clefable, F
|poke|p2|Latias, F
|poke|p2|Clefable, M
|poke|p2|Skarmory, M
|poke|p2|Jirachi
|poke|p2|Suicune
|poke|p2|Victini
|rule|Swagger Clause: Swagger is banned
|rule|Baton Pass Clause: Limit one PokÃ©mon knowing Baton Pass
|rule|Sleep Clause Mod: Limit one foe put to sleep
|rule|Species Clause: Limit one of each PokÃ©mon
|rule|OHKO Clause: OHKO moves are banned
|rule|Moody Clause: Moody is banned
|rule|Evasion Moves Clause: Evasion moves are banned
|rule|Endless Battle Clause: Forcing endless battles is banned
|rule|HP Percentage Mod: HP is shown in percentages
|teampreview
|
|start
|switch|p1a: Charizard|Charizard, F|301\/301
|switch|p2a: Jirachi|Jirachi|404\/404
|turn|1
|
|switch|p2a: Latias|Latias, F|363\/363
|detailschange|p1a: Charizard|Charizard-Mega-Y, F
|-mega|p1a: Charizard|Charizard|Charizardite Y
|-weather|SunnyDay
|move|p1a: Charizard|Flamethrower|p2a: Latias
|-crit|p2a: Latias
|-resisted|p2a: Latias
|-damage|p2a: Latias|173\/363
|-status|p2a: Latias|brn
|
|-weather|SunnyDay|[upkeep]
|-damage|p2a: Latias|128\/363 brn|[from] brn
|turn|2
|c|âDracoNinja|,
|
|switch|p2a: Clefable|Clefable, M|393\/393
|move|p1a: Charizard|Roost|p1a: Charizard
|-fail|p1a: Charizard
|
|-weather|SunnyDay|[upkeep]
|turn|3
|c|âVoid|strong strong
|c|âVoid|start*
|
|move|p1a: Charizard|Flamethrower|p2a: Clefable
|-damage|p2a: Clefable|59\/393
|move|p2a: Clefable|Heal Bell|p2a: Clefable
|-cureteam|p2a: Clefable|[from] move: HealBell
|
|-weather|SunnyDay|[upkeep]
|-heal|p2a: Clefable|83\/393|[from] item: Leftovers
|turn|4
|
|move|p2a: Clefable|Protect|p2a: Clefable
|-singleturn|p2a: Clefable|Protect
|move|p1a: Charizard|Flamethrower|p2a: Clefable
|-activate|p2a: Clefable|Protect
|
|-weather|SunnyDay|[upkeep]
|-heal|p2a: Clefable|107\/393|[from] item: Leftovers
|turn|5
|
|switch|p2a: Victini|Victini|403\/403
|move|p1a: Charizard|Flamethrower|p2a: Victini
|-resisted|p2a: Victini
|-damage|p2a: Victini|241\/403
|
|-weather|none
|-heal|p2a: Victini|266\/403|[from] item: Leftovers
|turn|6
|
|switch|p1a: Slowbro|Slowbro, F|394\/394
|move|p2a: Victini|Will-O-Wisp|p1a: Slowbro
|-status|p1a: Slowbro|brn
|
|-heal|p2a: Victini|291\/403|[from] item: Leftovers
|-damage|p1a: Slowbro|345\/394 brn|[from] brn
|turn|7
|
|switch|p2a: Suicune|Suicune|404\/404
|-ability|p2a: Suicune|Pressure
|move|p1a: Slowbro|Thunder Wave|p2a: Suicune
|-status|p2a: Suicune|par
|
|-heal|p1a: Slowbro|369\/394 brn|[from] item: Leftovers
|-damage|p1a: Slowbro|320\/394 brn|[from] brn
|turn|8
|
|move|p1a: Slowbro|Grass Knot|p2a: Suicune
|-supereffective|p2a: Suicune
|-damage|p2a: Suicune|286\/404 par
|cant|p2a: Suicune|par
|
|-heal|p1a: Slowbro|344\/394 brn|[from] item: Leftovers
|-heal|p2a: Suicune|311\/404 par|[from] item: Leftovers
|-damage|p1a: Slowbro|295\/394 brn|[from] brn
|turn|9
|
|switch|p1a: Charizard|Charizard-Mega-Y, F|301\/301
|-weather|SunnyDay
|switch|p2a: Victini|Victini|291\/403
|
|-weather|SunnyDay|[upkeep]
|-heal|p2a: Victini|316\/403|[from] item: Leftovers
|turn|10
|
|switch|p1a: Slowbro|Slowbro, F|394\/394 brn
|move|p2a: Victini|Bolt Strike|p1a: Slowbro
|-supereffective|p1a: Slowbro
|-damage|p1a: Slowbro|230\/394 brn
|
|-weather|SunnyDay|[upkeep]
|-heal|p2a: Victini|341\/403|[from] item: Leftovers
|-heal|p1a: Slowbro|254\/394 brn|[from] item: Leftovers
|-damage|p1a: Slowbro|205\/394 brn|[from] brn
|turn|11
|
|move|p2a: Victini|Bolt Strike|p1a: Slowbro
|-supereffective|p1a: Slowbro
|-damage|p1a: Slowbro|47\/394 brn
|move|p1a: Slowbro|Thunder Wave|p2a: Victini
|-status|p2a: Victini|par
|
|-weather|SunnyDay|[upkeep]
|-heal|p1a: Slowbro|71\/394 brn|[from] item: Leftovers
|-heal|p2a: Victini|366\/403 par|[from] item: Leftovers
|-damage|p1a: Slowbro|22\/394 brn|[from] brn
|turn|12
|
|switch|p2a: Clefable|Clefable, M|107\/393
|move|p1a: Slowbro|Slack Off|p1a: Slowbro
|-heal|p1a: Slowbro|219\/394 brn
|
|-weather|SunnyDay|[upkeep]
|-heal|p2a: Clefable|131\/393|[from] item: Leftovers
|-heal|p1a: Slowbro|243\/394 brn|[from] item: Leftovers
|-damage|p1a: Slowbro|194\/394 brn|[from] brn
|turn|13
|
|switch|p1a: Tyranitar|Tyranitar, M|403\/403
|-weather|Sandstorm
|move|p2a: Clefable|Heal Bell|p2a: Clefable
|-cureteam|p2a: Clefable|[from] move: HealBell
|
|-weather|Sandstorm|[upkeep]
|-damage|p2a: Clefable|107\/393|[from] sandstorm
|-heal|p2a: Clefable|131\/393|[from] item: Leftovers
|turn|14
|
|switch|p2a: Skarmory|Skarmory, M|333\/333
|move|p1a: Tyranitar|Stealth Rock|p2a: Skarmory
|-sidestart|p2: DracoNinja|move: Stealth Rock
|
|-weather|Sandstorm|[upkeep]
|turn|15
|
|switch|p1a: Charizard|Charizard-Mega-Y, F|301\/301
|-weather|SunnyDay
|move|p2a: Skarmory|Defog|p1a: Charizard
|-unboost|p1a: Charizard|evasion|1
|-sideend|p2: DracoNinja|Stealth Rock|[from] move: Defog|[of] p2a: Skarmory
|
|-weather|SunnyDay|[upkeep]
|turn|16
|
|switch|p2a: Victini|Victini|366\/403
|move|p1a: Charizard|Flamethrower|p2a: Victini
|-resisted|p2a: Victini
|-damage|p2a: Victini|209\/403
|
|-weather|SunnyDay|[upkeep]
|-heal|p2a: Victini|234\/403|[from] item: Leftovers
|turn|17
|
|switch|p1a: Latios|Latios, M|301\/301
|move|p2a: Victini|Bolt Strike|p1a: Latios
|-resisted|p1a: Latios
|-damage|p1a: Latios|235\/301
|-status|p1a: Latios|par
|
|-weather|SunnyDay|[upkeep]
|-heal|p2a: Victini|259\/403|[from] item: Leftovers
|turn|18
|
|switch|p2a: Jirachi|Jirachi|404\/404
|switch|p1a: Charizard|Charizard-Mega-Y, F|301\/301
|
|-weather|SunnyDay|[upkeep]
|turn|19
|
|switch|p2a: Clefable|Clefable, M|131\/393
|move|p1a: Charizard|Flamethrower|p2a: Clefable
|-damage|p2a: Clefable|0 fnt
|faint|p2a: Clefable
|
|-weather|none
|
|switch|p2a: Latias|Latias, F|128\/363
|turn|20
|
|switch|p1a: Tyranitar|Tyranitar, M|403\/403
|-weather|Sandstorm
|detailschange|p2a: Latias|Latias-Mega, F
|-mega|p2a: Latias|Latias|Latiasite
|move|p2a: Latias|Whirlpool|p1a: Tyranitar
|-supereffective|p1a: Tyranitar
|-damage|p1a: Tyranitar|367\/403
|-activate|p1a: Tyranitar|move: Whirlpool|[of] p2a: Latias
|
|-weather|Sandstorm|[upkeep]
|-damage|p2a: Latias|106\/363|[from] sandstorm
|-damage|p1a: Tyranitar|317\/403|[from] move: Whirlpool|[partiallytrapped]
|turn|21
|c|âVoid|what is this
|c|âVoid|im scared
|
|move|p2a: Latias|Reflect Type|p1a: Tyranitar
|-start|p2a: Latias|typechange|[from] move: Reflect Type|[of] p1a: Tyranitar
|move|p1a: Tyranitar|Pursuit|p2a: Latias
|-resisted|p2a: Latias
|-damage|p2a: Latias|87\/363
|
|-weather|Sandstorm|[upkeep]
|-damage|p1a: Tyranitar|267\/403|[from] move: Whirlpool|[partiallytrapped]
|turn|22
|
|move|p2a: Latias|Roost|p2a: Latias
|-heal|p2a: Latias|269\/363
|move|p1a: Tyranitar|Stone Edge|p2a: Latias
|-damage|p2a: Latias|169\/363
|
|-weather|Sandstorm|[upkeep]
|-damage|p1a: Tyranitar|217\/403|[from] move: Whirlpool|[partiallytrapped]
|turn|23
|
|move|p2a: Latias|Roost|p2a: Latias
|-heal|p2a: Latias|351\/363
|move|p1a: Tyranitar|Stealth Rock|p2a: Latias
|-sidestart|p2: DracoNinja|move: Stealth Rock
|
|-weather|Sandstorm|[upkeep]
|-damage|p1a: Tyranitar|167\/403|[from] move: Whirlpool|[partiallytrapped]
|turn|24
|
|move|p2a: Latias|Dragon Pulse|p1a: Tyranitar
|-damage|p1a: Tyranitar|127\/403
|move|p1a: Tyranitar|Stone Edge|p2a: Latias
|-damage|p2a: Latias|240\/363
|
|-weather|none
|-end|p1a: Tyranitar|Whirlpool|[partiallytrapped]
|turn|25
|
|switch|p1a: Clefable|Clefable, F|394\/394
|move|p2a: Latias|Roost|p2a: Latias
|-heal|p2a: Latias|363\/363
|
|turn|26
|
|switch|p2a: Jirachi|Jirachi|404\/404
|-damage|p2a: Jirachi|379\/404|[from] Stealth Rock
|move|p1a: Clefable|Thunder Wave|p2a: Jirachi
|-status|p2a: Jirachi|par
|
|turn|27
|c|âVoid|abt 2 go full jaja
|c|âVoid|w\/ clef gone
|
|switch|p1a: Slowbro|Slowbro, F|325\/394 brn
|move|p2a: Jirachi|Stealth Rock|p1a: Slowbro
|-sidestart|p1: Void|move: Stealth Rock
|
|-heal|p1a: Slowbro|349\/394 brn|[from] item: Leftovers
|-damage|p1a: Slowbro|300\/394 brn|[from] brn
|turn|28
|c|âDracoNinja|yer fucking crit+burn turn 1
|
|switch|p2a: Suicune|Suicune|311\/404
|-damage|p2a: Suicune|261\/404|[from] Stealth Rock
|-ability|p2a: Suicune|Pressure
|move|p1a: Slowbro|Scald|p2a: Suicune
|-resisted|p2a: Suicune
|-damage|p2a: Suicune|224\/404
|
|-heal|p2a: Suicune|249\/404|[from] item: Leftovers
|-heal|p1a: Slowbro|324\/394 brn|[from] item: Leftovers
|-damage|p1a: Slowbro|275\/394 brn|[from] brn
|turn|29
|
|switch|p1a: Charizard|Charizard-Mega-Y, F|301\/301
|-damage|p1a: Charizard|151\/301|[from] Stealth Rock
|-weather|SunnyDay
|move|p2a: Suicune|Calm Mind|p2a: Suicune
|-boost|p2a: Suicune|spa|1
|-boost|p2a: Suicune|spd|1
|
|-weather|SunnyDay|[upkeep]
|-heal|p2a: Suicune|274\/404|[from] item: Leftovers
|turn|30
|
|move|p1a: Charizard|Roost|p1a: Charizard
|-heal|p1a: Charizard|301\/301
|move|p2a: Suicune|Rest|p2a: Suicune
|-status|p2a: Suicune|slp
|-heal|p2a: Suicune|404\/404 slp|[silent]
|-status|p2a: Suicune|slp|[from] move: Rest
|
|-weather|SunnyDay|[upkeep]
|turn|31
|c|âDracoNinja|latias the one man army
|c|âVoid|ya the para on my latios is a prob
|
|switch|p2a: Latias|Latias-Mega, F|363\/363
|-damage|p2a: Latias|318\/363|[from] Stealth Rock
|move|p1a: Charizard|Flamethrower|p2a: Latias
|-resisted|p2a: Latias
|-damage|p2a: Latias|211\/363
|
|-weather|SunnyDay|[upkeep]
|turn|32
|
|switch|p1a: Clefable|Clefable, F|394\/394
|move|p2a: Latias|Roost|p2a: Latias
|-heal|p2a: Latias|363\/363
|
|-weather|SunnyDay|[upkeep]
|turn|33
|c|âDracoNinja|mexican clefable
|c|âDracoNinja|, _ ,
|
|switch|p2a: Jirachi|Jirachi|379\/404 par
|-damage|p2a: Jirachi|354\/404 par|[from] Stealth Rock
|switch|p1a: Tyranitar|Tyranitar, M|127\/403
|-damage|p1a: Tyranitar|77\/403|[from] Stealth Rock
|-weather|Sandstorm
|
|-weather|Sandstorm|[upkeep]
|turn|34
|
|move|p1a: Tyranitar|Crunch|p2a: Jirachi
|-supereffective|p2a: Jirachi
|-damage|p2a: Jirachi|114\/404 par
|-unboost|p2a: Jirachi|def|1
|cant|p2a: Jirachi|par
|
|-weather|Sandstorm|[upkeep]
|turn|35
|c|âDracoNinja|,
|
|move|p1a: Tyranitar|Pursuit|p2a: Jirachi
|-supereffective|p2a: Jirachi
|-damage|p2a: Jirachi|0 fnt
|faint|p2a: Jirachi
|
|-weather|Sandstorm|[upkeep]
|
|switch|p2a: Suicune|Suicune|404\/404 slp
|-damage|p2a: Suicune|354\/404 slp|[from] Stealth Rock
|-ability|p2a: Suicune|Pressure
|turn|36
|c|âVoid|nice n clean game
|c|âDracoNinja|lol
|
|cant|p2a: Suicune|slp
|move|p2a: Suicune|Sleep Talk|p2a: Suicune
|move|p2a: Suicune|Rest|p2a: Suicune|[from]Sleep Talk
|-fail|p2a: Suicune
|move|p1a: Tyranitar|Stone Edge|p2a: Suicune
|-damage|p2a: Suicune|242\/404 slp
|
|-weather|Sandstorm|[upkeep]
|-damage|p2a: Suicune|217\/404 slp|[from] sandstorm
|-heal|p2a: Suicune|242\/404 slp|[from] item: Leftovers
|turn|37
|c|âDracoNinja|i got haxed
|c|âDracoNinja|so hard
|c|âDracoNinja|sigh,,,
|
|switch|p1a: Charizard|Charizard-Mega-Y, F|301\/301
|-damage|p1a: Charizard|151\/301|[from] Stealth Rock
|-weather|SunnyDay
|cant|p2a: Suicune|slp
|move|p2a: Suicune|Sleep Talk|p2a: Suicune
|move|p2a: Suicune|Calm Mind|p2a: Suicune|[from]Sleep Talk
|-boost|p2a: Suicune|spa|1
|-boost|p2a: Suicune|spd|1
|
|-weather|SunnyDay|[upkeep]
|-heal|p2a: Suicune|267\/404 slp|[from] item: Leftovers
|turn|38
|
|move|p1a: Charizard|Roost|p1a: Charizard
|-heal|p1a: Charizard|301\/301
|-curestatus|p2a: Suicune|slp
|move|p2a: Suicune|Rest|p2a: Suicune
|-status|p2a: Suicune|slp
|-heal|p2a: Suicune|404\/404 slp|[silent]
|-status|p2a: Suicune|slp|[from] move: Rest
|
|-weather|SunnyDay|[upkeep]
|turn|39
|
|move|p1a: Charizard|Solar Beam|p2a: Suicune|[still]
|-prepare|p1a: Charizard|Solar Beam|p2a: Suicune
|-anim|p1a: Charizard|Solar Beam|p2a: Suicune
|-supereffective|p2a: Suicune
|-damage|p2a: Suicune|198\/404 slp
|cant|p2a: Suicune|slp
|move|p2a: Suicune|Sleep Talk|p2a: Suicune
|move|p2a: Suicune|Rest|p2a: Suicune|[from]Sleep Talk
|-fail|p2a: Suicune
|
|-weather|SunnyDay|[upkeep]
|-heal|p2a: Suicune|223\/404 slp|[from] item: Leftovers
|turn|40
|c|âDracoNinja|cm
|c|âDracoNinja|go
|c|âDracoNinja|,
|
|switch|p2a: Latias|Latias-Mega, F|363\/363
|-damage|p2a: Latias|318\/363|[from] Stealth Rock
|move|p1a: Charizard|Solar Beam|p2a: Latias|[still]
|-prepare|p1a: Charizard|Solar Beam|p2a: Latias
|-anim|p1a: Charizard|Solar Beam|p2a: Latias
|-resisted|p2a: Latias
|-damage|p2a: Latias|250\/363
|
|-weather|SunnyDay|[upkeep]
|turn|41
|
|switch|p1a: Clefable|Clefable, F|394\/394
|switch|p2a: Suicune|Suicune|223\/404 slp
|-damage|p2a: Suicune|173\/404 slp|[from] Stealth Rock
|-ability|p2a: Suicune|Pressure
|
|-weather|none
|-heal|p2a: Suicune|198\/404 slp|[from] item: Leftovers
|turn|42
|
|switch|p1a: Latios|Latios, M|235\/301 par
|-damage|p1a: Latios|198\/301 par|[from] Stealth Rock
|cant|p2a: Suicune|slp
|move|p2a: Suicune|Sleep Talk|p2a: Suicune
|move|p2a: Suicune|Calm Mind|p2a: Suicune|[from]Sleep Talk
|-boost|p2a: Suicune|spa|1
|-boost|p2a: Suicune|spd|1
|
|-heal|p2a: Suicune|223\/404 slp|[from] item: Leftovers
|turn|43
|
|-curestatus|p2a: Suicune|slp
|move|p2a: Suicune|Calm Mind|p2a: Suicune
|-boost|p2a: Suicune|spa|1
|-boost|p2a: Suicune|spd|1
|move|p1a: Latios|Defog|p2a: Suicune
|-unboost|p2a: Suicune|evasion|1
|-sideend|p2: DracoNinja|Stealth Rock|[from] move: Defog|[of] p2a: Suicune
|-sideend|p1: Void|Stealth Rock|[from] move: Defog|[of] p1a: Latios
|
|-heal|p2a: Suicune|248\/404|[from] item: Leftovers
|turn|44
|
|move|p2a: Suicune|Calm Mind|p2a: Suicune
|-boost|p2a: Suicune|spa|1
|-boost|p2a: Suicune|spd|1
|move|p1a: Latios|Psyshock|p2a: Suicune
|-damage|p2a: Suicune|119\/404
|-damage|p1a: Latios|168\/301 par|[from] item: Life Orb
|
|-heal|p2a: Suicune|144\/404|[from] item: Leftovers
|turn|45
|
|switch|p1a: Charizard|Charizard-Mega-Y, F|301\/301
|-weather|SunnyDay
|move|p2a: Suicune|Rest|p2a: Suicune
|-status|p2a: Suicune|slp
|-heal|p2a: Suicune|404\/404 slp|[silent]
|-status|p2a: Suicune|slp|[from] move: Rest
|
|-weather|SunnyDay|[upkeep]
|turn|46
|
|move|p1a: Charizard|Solar Beam|p2a: Suicune|[still]
|-prepare|p1a: Charizard|Solar Beam|p2a: Suicune
|-anim|p1a: Charizard|Solar Beam|p2a: Suicune
|-supereffective|p2a: Suicune
|-damage|p2a: Suicune|282\/404 slp
|cant|p2a: Suicune|slp
|move|p2a: Suicune|Sleep Talk|p2a: Suicune
|move|p2a: Suicune|Rest|p2a: Suicune|[from]Sleep Talk
|-fail|p2a: Suicune
|
|-weather|SunnyDay|[upkeep]
|-heal|p2a: Suicune|307\/404 slp|[from] item: Leftovers
|turn|47
|c|âDracoNinja|stop
|c|âDracoNinja|clicking
|c|âDracoNinja|rest
|c|âDracoNinja|for god's sake
|
|move|p1a: Charizard|Solar Beam|p2a: Suicune|[still]
|-prepare|p1a: Charizard|Solar Beam|p2a: Suicune
|-anim|p1a: Charizard|Solar Beam|p2a: Suicune
|-supereffective|p2a: Suicune
|-damage|p2a: Suicune|191\/404 slp
|cant|p2a: Suicune|slp
|move|p2a: Suicune|Sleep Talk|p2a: Suicune
|move|p2a: Suicune|Rest|p2a: Suicune|[from]Sleep Talk
|-fail|p2a: Suicune
|
|-weather|SunnyDay|[upkeep]
|-heal|p2a: Suicune|216\/404 slp|[from] item: Leftovers
|turn|48
|c|âDracoNinja|Q_Q
|
|move|p1a: Charizard|Solar Beam|p2a: Suicune|[still]
|-prepare|p1a: Charizard|Solar Beam|p2a: Suicune
|-anim|p1a: Charizard|Solar Beam|p2a: Suicune
|-supereffective|p2a: Suicune
|-damage|p2a: Suicune|102\/404 slp
|-curestatus|p2a: Suicune|slp
|move|p2a: Suicune|Rest|p2a: Suicune
|-status|p2a: Suicune|slp
|-heal|p2a: Suicune|404\/404 slp|[silent]
|-status|p2a: Suicune|slp|[from] move: Rest
|
|-weather|SunnyDay|[upkeep]
|turn|49
|
|move|p1a: Charizard|Solar Beam|p2a: Suicune|[still]
|-prepare|p1a: Charizard|Solar Beam|p2a: Suicune
|-anim|p1a: Charizard|Solar Beam|p2a: Suicune
|-supereffective|p2a: Suicune
|-damage|p2a: Suicune|286\/404 slp
|cant|p2a: Suicune|slp
|move|p2a: Suicune|Sleep Talk|p2a: Suicune
|move|p2a: Suicune|Scald|p1a: Charizard|[from]Sleep Talk
|-supereffective|p1a: Charizard
|-damage|p1a: Charizard|113\/301
|
|-weather|none
|-heal|p2a: Suicune|311\/404 slp|[from] item: Leftovers
|turn|50
|c|âVoid|lol i fucked up
|c|âDracoNinja|n_n
|
|switch|p1a: Tyranitar|Tyranitar, M|77\/403
|-weather|Sandstorm
|cant|p2a: Suicune|slp
|move|p2a: Suicune|Sleep Talk|p2a: Suicune
|move|p2a: Suicune|Rest|p2a: Suicune|[from]Sleep Talk
|-fail|p2a: Suicune
|
|-weather|Sandstorm|[upkeep]
|-damage|p2a: Suicune|286\/404 slp|[from] sandstorm
|-heal|p2a: Suicune|311\/404 slp|[from] item: Leftovers
|turn|51
|
|-curestatus|p2a: Suicune|slp
|move|p2a: Suicune|Scald|p1a: Tyranitar
|-supereffective|p1a: Tyranitar
|-damage|p1a: Tyranitar|0 fnt
|faint|p1a: Tyranitar
|
|-weather|Sandstorm|[upkeep]
|-damage|p2a: Suicune|286\/404|[from] sandstorm
|-heal|p2a: Suicune|311\/404|[from] item: Leftovers
|
|switch|p1a: Charizard|Charizard-Mega-Y, F|113\/301
|-weather|SunnyDay
|turn|52
|
|move|p1a: Charizard|Solar Beam|p2a: Suicune|[still]
|-prepare|p1a: Charizard|Solar Beam|p2a: Suicune
|-anim|p1a: Charizard|Solar Beam|p2a: Suicune
|-supereffective|p2a: Suicune
|-damage|p2a: Suicune|197\/404
|move|p2a: Suicune|Scald|p1a: Charizard
|-supereffective|p1a: Charizard
|-damage|p1a: Charizard|0 fnt
|faint|p1a: Charizard
|
|-weather|SunnyDay|[upkeep]
|-heal|p2a: Suicune|222\/404|[from] item: Leftovers
|
|switch|p1a: Clefable|Clefable, F|394\/394
|turn|53
|
|move|p2a: Suicune|Rest|p2a: Suicune
|-status|p2a: Suicune|slp
|-heal|p2a: Suicune|404\/404 slp|[silent]
|-status|p2a: Suicune|slp|[from] move: Rest
|move|p1a: Clefable|Calm Mind|p1a: Clefable
|-boost|p1a: Clefable|spa|1
|-boost|p1a: Clefable|spd|1
|
|-weather|SunnyDay|[upkeep]
|turn|54
|
|cant|p2a: Suicune|slp
|move|p2a: Suicune|Sleep Talk|p2a: Suicune
|move|p2a: Suicune|Rest|p2a: Suicune|[from]Sleep Talk
|-fail|p2a: Suicune
|move|p1a: Clefable|Calm Mind|p1a: Clefable
|-boost|p1a: Clefable|spa|1
|-boost|p1a: Clefable|spd|1
|
|-weather|SunnyDay|[upkeep]
|turn|55
|c|âDracoNinja|cm\/soft boiled\/moonblast\/twave
|c|âDracoNinja|???
|c|âVoid|y
|
|switch|p2a: Victini|Victini|259\/403
|move|p1a: Clefable|Calm Mind|p1a: Clefable
|-boost|p1a: Clefable|spa|1
|-boost|p1a: Clefable|spd|1
|
|-weather|SunnyDay|[upkeep]
|-heal|p2a: Victini|284\/403|[from] item: Leftovers
|turn|56
|c|âDracoNinja|fucking
|c|âDracoNinja|mexican
|c|âDracoNinja|100%
|c|âVoid|lmao
|
|switch|p1a: Slowbro|Slowbro, F|394\/394 brn
|move|p2a: Victini|V-create|p1a: Slowbro
|-resisted|p1a: Slowbro
|-damage|p1a: Slowbro|281\/394 brn
|-unboost|p2a: Victini|def|1
|-unboost|p2a: Victini|spd|1
|-unboost|p2a: Victini|spe|1
|
|-weather|none
|-heal|p2a: Victini|309\/403|[from] item: Leftovers
|-heal|p1a: Slowbro|305\/394 brn|[from] item: Leftovers
|-damage|p1a: Slowbro|256\/394 brn|[from] brn
|turn|57
|c|âDracoNinja|boom
|c|âDracoNinja|lol
|c|âDracoNinja|are you kidding me
|c|âDracoNinja|thats a sun boosted v create
|c|âDracoNinja|and it did 28%
|c|âDracoNinja|q_q
|
|switch|p2a: Suicune|Suicune|404\/404 slp
|-ability|p2a: Suicune|Pressure
|move|p1a: Slowbro|Thunder Wave|p2a: Suicune
|-fail|p2a: Suicune
|
|-heal|p1a: Slowbro|280\/394 brn|[from] item: Leftovers
|-damage|p1a: Slowbro|231\/394 brn|[from] brn
|turn|58
|
|switch|p2a: Victini|Victini|309\/403
|switch|p1a: Clefable|Clefable, F|394\/394
|
|-heal|p2a: Victini|334\/403|[from] item: Leftovers
|turn|59
|
|move|p2a: Victini|Bolt Strike|p1a: Clefable
|-crit|p1a: Clefable
|-damage|p1a: Clefable|199\/394
|move|p1a: Clefable|Thunder Wave|p2a: Victini
|-status|p2a: Victini|par
|
|-heal|p1a: Clefable|223\/394|[from] item: Leftovers
|-heal|p2a: Victini|359\/403 par|[from] item: Leftovers
|turn|60
|
|move|p1a: Clefable|Soft-Boiled|p1a: Clefable
|-heal|p1a: Clefable|394\/394
|move|p2a: Victini|Taunt|p1a: Clefable
|-start|p1a: Clefable|move: Taunt
|
|-heal|p2a: Victini|384\/403 par|[from] item: Leftovers
|turn|61
|
|switch|p1a: Slowbro|Slowbro, F|362\/394 brn
|move|p2a: Victini|Bolt Strike|p1a: Slowbro
|-supereffective|p1a: Slowbro
|-damage|p1a: Slowbro|190\/394 brn
|
|-heal|p1a: Slowbro|214\/394 brn|[from] item: Leftovers
|-heal|p2a: Victini|403\/403 par|[from] item: Leftovers
|-damage|p1a: Slowbro|165\/394 brn|[from] brn
|turn|62
|
|move|p1a: Slowbro|Slack Off|p1a: Slowbro
|-heal|p1a: Slowbro|362\/394 brn
|cant|p2a: Victini|par
|
|-heal|p1a: Slowbro|386\/394 brn|[from] item: Leftovers
|-damage|p1a: Slowbro|337\/394 brn|[from] brn
|turn|63
|
|switch|p2a: Latias|Latias-Mega, F|250\/363
|move|p1a: Slowbro|Scald|p2a: Latias
|-resisted|p2a: Latias
|-damage|p2a: Latias|216\/363
|
|-heal|p1a: Slowbro|361\/394 brn|[from] item: Leftovers
|-damage|p1a: Slowbro|312\/394 brn|[from] brn
|turn|64
|
|move|p2a: Latias|Whirlpool|p1a: Slowbro
|-resisted|p1a: Slowbro
|-damage|p1a: Slowbro|290\/394 brn
|-activate|p1a: Slowbro|move: Whirlpool|[of] p2a: Latias
|move|p1a: Slowbro|Thunder Wave|p2a: Latias
|-status|p2a: Latias|par
|
|-heal|p1a: Slowbro|314\/394 brn|[from] item: Leftovers
|-damage|p1a: Slowbro|265\/394 brn|[from] brn
|-damage|p1a: Slowbro|216\/394 brn|[from] move: Whirlpool|[partiallytrapped]
|turn|65
|
|move|p1a: Slowbro|Slack Off|p1a: Slowbro
|-heal|p1a: Slowbro|394\/394 brn
|cant|p2a: Latias|par
|
|-damage|p1a: Slowbro|345\/394 brn|[from] brn
|-damage|p1a: Slowbro|296\/394 brn|[from] move: Whirlpool|[partiallytrapped]
|turn|66
|
|move|p1a: Slowbro|Slack Off|p1a: Slowbro
|-heal|p1a: Slowbro|394\/394 brn
|cant|p2a: Latias|par
|
|-damage|p1a: Slowbro|345\/394 brn|[from] brn
|-damage|p1a: Slowbro|296\/394 brn|[from] move: Whirlpool|[partiallytrapped]
|turn|67
|
|move|p1a: Slowbro|Slack Off|p1a: Slowbro
|-heal|p1a: Slowbro|394\/394 brn
|move|p2a: Latias|Dragon Pulse|p1a: Slowbro
|-damage|p1a: Slowbro|249\/394 brn
|
|-heal|p1a: Slowbro|273\/394 brn|[from] item: Leftovers
|-damage|p1a: Slowbro|224\/394 brn|[from] brn
|-damage|p1a: Slowbro|175\/394 brn|[from] move: Whirlpool|[partiallytrapped]
|turn|68
|
|move|p1a: Slowbro|Slack Off|p1a: Slowbro
|-heal|p1a: Slowbro|372\/394 brn
|move|p2a: Latias|Dragon Pulse|p1a: Slowbro
|-damage|p1a: Slowbro|225\/394 brn
|
|-heal|p1a: Slowbro|249\/394 brn|[from] item: Leftovers
|-damage|p1a: Slowbro|200\/394 brn|[from] brn
|-end|p1a: Slowbro|Whirlpool|[partiallytrapped]
|turn|69
|
|switch|p1a: Clefable|Clefable, F|394\/394
|switch|p2a: Victini|Victini|403\/403 par
|
|turn|70
|
|switch|p1a: Slowbro|Slowbro, F|331\/394 brn
|move|p2a: Victini|V-create|p1a: Slowbro
|-resisted|p1a: Slowbro
|-damage|p1a: Slowbro|253\/394 brn
|-unboost|p2a: Victini|def|1
|-unboost|p2a: Victini|spd|1
|-unboost|p2a: Victini|spe|1
|
|-heal|p1a: Slowbro|277\/394 brn|[from] item: Leftovers
|-damage|p1a: Slowbro|228\/394 brn|[from] brn
|turn|71
|
|switch|p2a: Latias|Latias-Mega, F|216\/363 par
|move|p1a: Slowbro|Scald|p2a: Latias
|-resisted|p2a: Latias
|-damage|p2a: Latias|184\/363 par
|
|-heal|p1a: Slowbro|252\/394 brn|[from] item: Leftovers
|-damage|p1a: Slowbro|203\/394 brn|[from] brn
|turn|72
|c|âDracoNinja|man i choked
|c|âDracoNinja|should have taunted
|
|switch|p1a: Clefable|Clefable, F|394\/394
|switch|p2a: Victini|Victini|403\/403 par
|
|turn|73
|c|âDracoNinja|vs clef
|c|âVoid|ya i thought you didnt have it
|
|switch|p1a: Slowbro|Slowbro, F|334\/394 brn
|cant|p2a: Victini|par
|
|-heal|p1a: Slowbro|358\/394 brn|[from] item: Leftovers
|-damage|p1a: Slowbro|309\/394 brn|[from] brn
|turn|74
|c|âDracoNinja|thought you would switch
|c|âDracoNinja|but o well
|c|âDracoNinja|god
|c|âDracoNinja|stop the paras
|
|switch|p2a: Suicune|Suicune|404\/404 slp
|-ability|p2a: Suicune|Pressure
|move|p1a: Slowbro|Scald|p2a: Suicune
|-resisted|p2a: Suicune
|-damage|p2a: Suicune|368\/404 slp
|
|-heal|p2a: Suicune|393\/404 slp|[from] item: Leftovers
|-heal|p1a: Slowbro|333\/394 brn|[from] item: Leftovers
|-damage|p1a: Slowbro|284\/394 brn|[from] brn
|turn|75
|
|switch|p1a: Clefable|Clefable, F|394\/394
|cant|p2a: Suicune|slp
|
|-heal|p2a: Suicune|404\/404 slp|[from] item: Leftovers
|turn|76
|
|-curestatus|p2a: Suicune|slp
|move|p2a: Suicune|Calm Mind|p2a: Suicune
|-boost|p2a: Suicune|spa|1
|-boost|p2a: Suicune|spd|1
|move|p1a: Clefable|Calm Mind|p1a: Clefable
|-boost|p1a: Clefable|spa|1
|-boost|p1a: Clefable|spd|1
|
|turn|77
|
|move|p2a: Suicune|Calm Mind|p2a: Suicune
|-boost|p2a: Suicune|spa|1
|-boost|p2a: Suicune|spd|1
|move|p1a: Clefable|Calm Mind|p1a: Clefable
|-boost|p1a: Clefable|spa|1
|-boost|p1a: Clefable|spd|1
|
|turn|78
|
|move|p2a: Suicune|Calm Mind|p2a: Suicune
|-boost|p2a: Suicune|spa|1
|-boost|p2a: Suicune|spd|1
|move|p1a: Clefable|Calm Mind|p1a: Clefable
|-boost|p1a: Clefable|spa|1
|-boost|p1a: Clefable|spd|1
|
|turn|79
|
|move|p2a: Suicune|Calm Mind|p2a: Suicune
|-boost|p2a: Suicune|spa|1
|-boost|p2a: Suicune|spd|1
|move|p1a: Clefable|Calm Mind|p1a: Clefable
|-boost|p1a: Clefable|spa|1
|-boost|p1a: Clefable|spd|1
|
|turn|80
|
|move|p2a: Suicune|Calm Mind|p2a: Suicune
|-boost|p2a: Suicune|spa|1
|-boost|p2a: Suicune|spd|1
|move|p1a: Clefable|Calm Mind|p1a: Clefable
|-boost|p1a: Clefable|spa|1
|-boost|p1a: Clefable|spd|1
|
|turn|81
|
|move|p2a: Suicune|Calm Mind|p2a: Suicune
|-boost|p2a: Suicune|spa|1
|-boost|p2a: Suicune|spd|1
|move|p1a: Clefable|Calm Mind|p1a: Clefable
|-boost|p1a: Clefable|spa|1
|-boost|p1a: Clefable|spd|1
|
|turn|82
|
|move|p2a: Suicune|Scald|p1a: Clefable
|-damage|p1a: Clefable|319\/394
|move|p1a: Clefable|Thunder Wave|p2a: Suicune
|-status|p2a: Suicune|par
|
|-heal|p1a: Clefable|343\/394|[from] item: Leftovers
|turn|83
|
|move|p1a: Clefable|Moonblast|p2a: Suicune
|-damage|p2a: Suicune|314\/404 par
|move|p2a: Suicune|Scald|p1a: Clefable
|-damage|p1a: Clefable|268\/394
|-status|p1a: Clefable|brn
|
|-heal|p1a: Clefable|292\/394 brn|[from] item: Leftovers
|-heal|p2a: Suicune|339\/404 par|[from] item: Leftovers
|turn|84
|c|âDracoNinja|can you do me a favour
|c|âDracoNinja|how much moonblast pp left
|c|âVoid|that was
|c|âVoid|my first moonblast
|c|âVoid|lol
|
|move|p1a: Clefable|Moonblast|p2a: Suicune
|-damage|p2a: Suicune|255\/404 par
|move|p2a: Suicune|Rest|p2a: Suicune
|-status|p2a: Suicune|slp
|-heal|p2a: Suicune|404\/404 slp|[silent]
|-status|p2a: Suicune|slp|[from] move: Rest
|
|-heal|p1a: Clefable|316\/394 brn|[from] item: Leftovers
|turn|85
|
|cant|p2a: Suicune|slp
|move|p1a: Clefable|Moonblast|p2a: Suicune
|-damage|p2a: Suicune|311\/404 slp
|-unboost|p2a: Suicune|spa|1
|
|-heal|p2a: Suicune|336\/404 slp|[from] item: Leftovers
|-heal|p1a: Clefable|340\/394 brn|[from] item: Leftovers
|turn|86
|
|cant|p2a: Suicune|slp
|move|p1a: Clefable|Moonblast|p2a: Suicune
|-damage|p2a: Suicune|242\/404 slp
|-unboost|p2a: Suicune|spa|1
|
|-heal|p2a: Suicune|267\/404 slp|[from] item: Leftovers
|-heal|p1a: Clefable|364\/394 brn|[from] item: Leftovers
|turn|87
|
|-curestatus|p2a: Suicune|slp
|move|p2a: Suicune|Calm Mind|p2a: Suicune
|-boost|p2a: Suicune|spa|1
|move|p1a: Clefable|Moonblast|p2a: Suicune
|-damage|p2a: Suicune|188\/404
|
|-heal|p2a: Suicune|213\/404|[from] item: Leftovers
|-heal|p1a: Clefable|388\/394 brn|[from] item: Leftovers
|turn|88
|
|move|p2a: Suicune|Rest|p2a: Suicune
|-status|p2a: Suicune|slp
|-heal|p2a: Suicune|404\/404 slp|[silent]
|-status|p2a: Suicune|slp|[from] move: Rest
|move|p1a: Clefable|Moonblast|p2a: Suicune
|-damage|p2a: Suicune|319\/404 slp
|
|-heal|p2a: Suicune|344\/404 slp|[from] item: Leftovers
|-heal|p1a: Clefable|394\/394 brn|[from] item: Leftovers
|turn|89
|
|cant|p2a: Suicune|slp
|move|p1a: Clefable|Thunder Wave|p2a: Suicune
|-fail|p2a: Suicune
|
|-heal|p2a: Suicune|369\/404 slp|[from] item: Leftovers
|turn|90
|
|cant|p2a: Suicune|slp
|move|p1a: Clefable|Thunder Wave|p2a: Suicune
|-fail|p2a: Suicune
|
|-heal|p2a: Suicune|394\/404 slp|[from] item: Leftovers
|turn|91
|c|âVoid|man i legit thought i was sub cm keld
|c|âVoid|for most of this
|
|-curestatus|p2a: Suicune|slp
|move|p2a: Suicune|Calm Mind|p2a: Suicune
|-boost|p2a: Suicune|spa|1
|move|p1a: Clefable|Thunder Wave|p2a: Suicune
|-status|p2a: Suicune|par
|
|-heal|p2a: Suicune|404\/404 par|[from] item: Leftovers
|turn|92
|
|move|p1a: Clefable|Moonblast|p2a: Suicune
|-damage|p2a: Suicune|311\/404 par
|-unboost|p2a: Suicune|spa|1
|move|p2a: Suicune|Scald|p1a: Clefable
|-damage|p1a: Clefable|324\/394 brn
|
|-heal|p1a: Clefable|348\/394 brn|[from] item: Leftovers
|-heal|p2a: Suicune|336\/404 par|[from] item: Leftovers
|turn|93
|
|move|p1a: Clefable|Moonblast|p2a: Suicune
|-damage|p2a: Suicune|254\/404 par
|move|p2a: Suicune|Calm Mind|p2a: Suicune
|-boost|p2a: Suicune|spa|1
|
|-heal|p1a: Clefable|372\/394 brn|[from] item: Leftovers
|-heal|p2a: Suicune|279\/404 par|[from] item: Leftovers
|turn|94
|
|move|p1a: Clefable|Moonblast|p2a: Suicune
|-damage|p2a: Suicune|195\/404 par
|-unboost|p2a: Suicune|spa|1
|cant|p2a: Suicune|par
|
|-heal|p1a: Clefable|394\/394 brn|[from] item: Leftovers
|-heal|p2a: Suicune|220\/404 par|[from] item: Leftovers
|turn|95
|c|âVoid|come on para
|
|move|p1a: Clefable|Moonblast|p2a: Suicune
|-damage|p2a: Suicune|133\/404 par
|cant|p2a: Suicune|par
|
|-heal|p2a: Suicune|158\/404 par|[from] item: Leftovers
|turn|96
|c|âDracoNinja|oh my god
|c|âDracoNinja|dont
|
|move|p1a: Clefable|Moonblast|p2a: Suicune
|-damage|p2a: Suicune|67\/404 par
|move|p2a: Suicune|Rest|p2a: Suicune
|-status|p2a: Suicune|slp
|-heal|p2a: Suicune|404\/404 slp|[silent]
|-status|p2a: Suicune|slp|[from] move: Rest
|
|turn|97
|c|âVoid|ah
|c|âDracoNinja|THANK THE LORD
|c|âVoid|so close
|
|cant|p2a: Suicune|slp
|move|p1a: Clefable|Thunder Wave|p2a: Suicune
|-fail|p2a: Suicune
|
|turn|98
|
|cant|p2a: Suicune|slp
|move|p1a: Clefable|Calm Mind|p1a: Clefable
|-fail|p1a: Clefable
|
|turn|99
|
|-curestatus|p2a: Suicune|slp
|move|p2a: Suicune|Calm Mind|p2a: Suicune
|-boost|p2a: Suicune|spa|1
|move|p1a: Clefable|Thunder Wave|p2a: Suicune
|-status|p2a: Suicune|par
|
|turn|100
|c|âDracoNinja|er
|c|âDracoNinja|can you
|c|âDracoNinja|tell me your pp
|c|âVoid|low a_a
|c|âDracoNinja|im really dont want to count all of those twaves
|c|âDracoNinja|e_E
|
|switch|p1a: Keldeo|Keldeo|323\/323
|move|p2a: Suicune|Calm Mind|p2a: Suicune
|-fail|p2a: Suicune
|
|turn|101
|c|âVoid|twave pp?
|c|âVoid|idr
|
|move|p1a: Keldeo|Secret Sword|p2a: Suicune
|-damage|p2a: Suicune|292\/404 par
|move|p2a: Suicune|Scald|p1a: Keldeo
|-resisted|p1a: Keldeo
|-damage|p1a: Keldeo|141\/323
|-status|p1a: Keldeo|brn
|
|-heal|p2a: Suicune|317\/404 par|[from] item: Leftovers
|-damage|p1a: Keldeo|101\/323 brn|[from] brn
|turn|102
|c|âVoid|not that low
|
|move|p1a: Keldeo|Secret Sword|p2a: Suicune
|-damage|p2a: Suicune|212\/404 par
|cant|p2a: Suicune|par
|
|-heal|p2a: Suicune|237\/404 par|[from] item: Leftovers
|-damage|p1a: Keldeo|61\/323 brn|[from] brn
|turn|103
|c|âDracoNinja|god
|
|move|p1a: Keldeo|Secret Sword|p2a: Suicune
|-damage|p2a: Suicune|132\/404 par
|move|p2a: Suicune|Rest|p2a: Suicune
|-status|p2a: Suicune|slp
|-heal|p2a: Suicune|404\/404 slp|[silent]
|-status|p2a: Suicune|slp|[from] move: Rest
|
|-damage|p1a: Keldeo|21\/323 brn|[from] brn
|turn|104
|c|âDracoNinja|dont para
|
|move|p1a: Keldeo|Secret Sword|p2a: Suicune
|-damage|p2a: Suicune|289\/404 slp
|cant|p2a: Suicune|slp
|
|-heal|p2a: Suicune|314\/404 slp|[from] item: Leftovers
|-damage|p1a: Keldeo|0 fnt|[from] brn
|faint|p1a: Keldeo
|
|switch|p1a: Clefable|Clefable, F|394\/394 brn
|turn|105
|
|cant|p2a: Suicune|slp
|move|p2a: Suicune|Sleep Talk|p2a: Suicune
|move|p2a: Suicune|Rest|p2a: Suicune|[from]Sleep Talk
|-fail|p2a: Suicune
|move|p1a: Clefable|Calm Mind|p1a: Clefable
|-boost|p1a: Clefable|spa|1
|-boost|p1a: Clefable|spd|1
|
|-heal|p2a: Suicune|339\/404 slp|[from] item: Leftovers
|turn|106
|
|-curestatus|p2a: Suicune|slp
|move|p2a: Suicune|Scald|p1a: Clefable
|-damage|p1a: Clefable|190\/394 brn
|move|p1a: Clefable|Calm Mind|p1a: Clefable
|-boost|p1a: Clefable|spa|1
|-boost|p1a: Clefable|spd|1
|
|-heal|p2a: Suicune|364\/404|[from] item: Leftovers
|-heal|p1a: Clefable|214\/394 brn|[from] item: Leftovers
|turn|107
|
|move|p2a: Suicune|Scald|p1a: Clefable
|-damage|p1a: Clefable|51\/394 brn
|move|p1a: Clefable|Soft-Boiled|p1a: Clefable
|-heal|p1a: Clefable|248\/394 brn
|
|-heal|p2a: Suicune|389\/404|[from] item: Leftovers
|-heal|p1a: Clefable|272\/394 brn|[from] item: Leftovers
|turn|108
|
|move|p2a: Suicune|Rest|p2a: Suicune
|-status|p2a: Suicune|slp
|-heal|p2a: Suicune|404\/404 slp|[silent]
|-status|p2a: Suicune|slp|[from] move: Rest
|move|p1a: Clefable|Soft-Boiled|p1a: Clefable
|-heal|p1a: Clefable|394\/394 brn
|
|turn|109
|
|cant|p2a: Suicune|slp
|move|p1a: Clefable|Calm Mind|p1a: Clefable
|-boost|p1a: Clefable|spa|1
|-boost|p1a: Clefable|spd|1
|
|turn|110
|
|cant|p2a: Suicune|slp
|move|p1a: Clefable|Calm Mind|p1a: Clefable
|-boost|p1a: Clefable|spa|1
|-boost|p1a: Clefable|spd|1
|
|turn|111
|
|-curestatus|p2a: Suicune|slp
|move|p2a: Suicune|Calm Mind|p2a: Suicune
|-fail|p2a: Suicune
|move|p1a: Clefable|Calm Mind|p1a: Clefable
|-boost|p1a: Clefable|spa|1
|-boost|p1a: Clefable|spd|1
|
|turn|112
|
|move|p2a: Suicune|Calm Mind|p2a: Suicune
|-fail|p2a: Suicune
|move|p1a: Clefable|Calm Mind|p1a: Clefable
|-boost|p1a: Clefable|spa|1
|-boost|p1a: Clefable|spd|1
|
|turn|113
|
|move|p2a: Suicune|Calm Mind|p2a: Suicune
|-fail|p2a: Suicune
|move|p1a: Clefable|Moonblast|p2a: Suicune
|-damage|p2a: Suicune|320\/404
|
|-heal|p2a: Suicune|345\/404|[from] item: Leftovers
|turn|114
|
|move|p2a: Suicune|Rest|p2a: Suicune
|-status|p2a: Suicune|slp
|-heal|p2a: Suicune|404\/404 slp|[silent]
|-status|p2a: Suicune|slp|[from] move: Rest
|move|p1a: Clefable|Thunder Wave|p2a: Suicune
|-fail|p2a: Suicune
|
|turn|115
|
|cant|p2a: Suicune|slp
|move|p1a: Clefable|Calm Mind|p1a: Clefable
|-fail|p1a: Clefable
|
|turn|116
|
|cant|p2a: Suicune|slp
|move|p1a: Clefable|Calm Mind|p1a: Clefable
|-fail|p1a: Clefable
|
|turn|117
|
|-curestatus|p2a: Suicune|slp
|move|p2a: Suicune|Calm Mind|p2a: Suicune
|-fail|p2a: Suicune
|move|p1a: Clefable|Thunder Wave|p2a: Suicune
|-status|p2a: Suicune|par
|
|turn|118
|
|switch|p1a: Latios|Latios, M|168\/301 par
|cant|p2a: Suicune|par
|
|turn|119
|
|cant|p1a: Latios|par
|move|p2a: Suicune|Scald|p1a: Latios
|-resisted|p1a: Latios
|-damage|p1a: Latios|5\/301 par
|
|turn|120
|
|move|p1a: Latios|Roost|p1a: Latios
|-heal|p1a: Latios|156\/301 par
|move|p2a: Suicune|Rest|p2a: Suicune
|-fail|p2a: Suicune
|
|turn|121
|
|cant|p1a: Latios|par
|cant|p2a: Suicune|par
|
|turn|122
|
|move|p1a: Latios|Psyshock|p2a: Suicune
|-damage|p2a: Suicune|260\/404 par
|-damage|p1a: Latios|126\/301 par|[from] item: Life Orb
|move|p2a: Suicune|Scald|p1a: Latios
|-resisted|p1a: Latios
|-damage|p1a: Latios|0 fnt
|faint|p1a: Latios
|
|-heal|p2a: Suicune|285\/404 par|[from] item: Leftovers
|
|switch|p1a: Slowbro|Slowbro, F|394\/394 brn
|turn|123
|
|move|p1a: Slowbro|Grass Knot|p2a: Suicune
|-supereffective|p2a: Suicune
|-damage|p2a: Suicune|249\/404 par
|move|p2a: Suicune|Scald|p1a: Slowbro
|-resisted|p1a: Slowbro
|-damage|p1a: Slowbro|189\/394 brn
|
|-heal|p1a: Slowbro|213\/394 brn|[from] item: Leftovers
|-heal|p2a: Suicune|274\/404 par|[from] item: Leftovers
|-damage|p1a: Slowbro|164\/394 brn|[from] brn
|turn|124
|
|move|p1a: Slowbro|Slack Off|p1a: Slowbro
|-heal|p1a: Slowbro|361\/394 brn
|move|p2a: Suicune|Scald|p1a: Slowbro
|-resisted|p1a: Slowbro
|-damage|p1a: Slowbro|156\/394 brn
|
|-heal|p1a: Slowbro|180\/394 brn|[from] item: Leftovers
|-heal|p2a: Suicune|299\/404 par|[from] item: Leftovers
|-damage|p1a: Slowbro|131\/394 brn|[from] brn
|turn|125
|
|move|p1a: Slowbro|Slack Off|p1a: Slowbro
|-heal|p1a: Slowbro|328\/394 brn
|move|p2a: Suicune|Scald|p1a: Slowbro
|-resisted|p1a: Slowbro
|-damage|p1a: Slowbro|138\/394 brn
|
|-heal|p1a: Slowbro|162\/394 brn|[from] item: Leftovers
|-heal|p2a: Suicune|324\/404 par|[from] item: Leftovers
|-damage|p1a: Slowbro|113\/394 brn|[from] brn
|turn|126
|
|move|p1a: Slowbro|Slack Off|p1a: Slowbro
|-heal|p1a: Slowbro|310\/394 brn
|move|p2a: Suicune|Scald|p1a: Slowbro
|-resisted|p1a: Slowbro
|-damage|p1a: Slowbro|96\/394 brn
|
|-heal|p1a: Slowbro|120\/394 brn|[from] item: Leftovers
|-heal|p2a: Suicune|349\/404 par|[from] item: Leftovers
|-damage|p1a: Slowbro|71\/394 brn|[from] brn
|turn|127
|
|move|p1a: Slowbro|Slack Off|p1a: Slowbro
|-heal|p1a: Slowbro|268\/394 brn
|move|p2a: Suicune|Scald|p1a: Slowbro
|-resisted|p1a: Slowbro
|-damage|p1a: Slowbro|56\/394 brn
|
|-heal|p1a: Slowbro|80\/394 brn|[from] item: Leftovers
|-heal|p2a: Suicune|374\/404 par|[from] item: Leftovers
|-damage|p1a: Slowbro|31\/394 brn|[from] brn
|turn|128
|
|switch|p1a: Clefable|Clefable, F|394\/394 brn
|cant|p2a: Suicune|par
|
|-heal|p2a: Suicune|399\/404 par|[from] item: Leftovers
|turn|129
|
|move|p1a: Clefable|Calm Mind|p1a: Clefable
|-boost|p1a: Clefable|spa|1
|-boost|p1a: Clefable|spd|1
|move|p2a: Suicune|Rest|p2a: Suicune
|-status|p2a: Suicune|slp
|-heal|p2a: Suicune|404\/404 slp|[silent]
|-status|p2a: Suicune|slp|[from] move: Rest
|
|turn|130
|c|âVoid|yea this is useless i'm outta mb pp
|c|âVoid|gg
|-message|Void forfeited.
|
|win|DracoNinja
|leave|Void
|player|p1