|join|DracoNinja
|join|Metal Sonic
|player|p1|DracoNinja|2
|player|p2|Metal Sonic|1
|gametype|singles
|gen|6
|tier|OU
|clearpoke
|poke|p1|Metagross
|poke|p1|Hydreigon, F
|poke|p1|Keldeo
|poke|p1|Landorus-Therian, M
|poke|p1|Rotom-Wash
|poke|p1|Serperior, F
|poke|p2|Landorus-Therian, M
|poke|p2|Bisharp, M
|poke|p2|Ferrothorn, F
|poke|p2|Noivern, F
|poke|p2|Volcarona, F
|poke|p2|Lopunny, F
|rule|Swagger Clause: Swagger is banned
|rule|Baton Pass Clause: Limit one PokÃ©mon knowing Baton Pass
|rule|Sleep Clause Mod: Limit one foe put to sleep
|rule|Species Clause: Limit one of each PokÃ©mon
|rule|OHKO Clause: OHKO moves are banned
|rule|Moody Clause: Moody is banned
|rule|Evasion Moves Clause: Evasion moves are banned
|rule|Endless Battle Clause: Forcing endless battles is banned
|rule|HP Percentage Mod: HP is shown in percentages
|teampreview
|c|âDracoNinja|kland's squad
|c|âDracoNinja|-
|
|start
|switch|p1a: ZAMROCK|Landorus-Therian, M|357\/357
|switch|p2a: Landorus-Therian|Landorus-Therian, M|364\/364
|-ability|p1a: ZAMROCK|Intimidate|[of] p2a: Landorus-Therian
|-unboost|p2a: Landorus-Therian|atk|1
|-ability|p2a: Landorus-Therian|Intimidate|[of] p1a: ZAMROCK
|-unboost|p1a: ZAMROCK|atk|1
|turn|1
|c|âMetal Sonic|how u know
|c|âMetal Sonic|gah
|
|move|p1a: ZAMROCK|Stealth Rock|p2a: Landorus-Therian
|-sidestart|p2: Metal Sonic|move: Stealth Rock
|move|p2a: Landorus-Therian|Stealth Rock|p1a: ZAMROCK
|-sidestart|p1: DracoNinja|move: Stealth Rock
|
|turn|2
|c|âDracoNinja|we played a lot
|
|move|p1a: ZAMROCK|Stone Edge|p2a: Landorus-Therian
|-damage|p2a: Landorus-Therian|269\/364
|move|p2a: Landorus-Therian|U-turn|p1a: ZAMROCK
|-resisted|p1a: ZAMROCK
|-damage|p1a: ZAMROCK|320\/357
|
|switch|p2a: Noivern|Noivern, F|311\/311
|-damage|p2a: Noivern|234\/311|[from] Stealth Rock
|
|turn|3
|c|âMetal Sonic|oh well
|c|âDracoNinja|this team was honestly better in gren meta
|
|switch|p1a: Z+V|Rotom-Wash|304\/304
|-damage|p1a: Z+V|266\/304|[from] Stealth Rock
|move|p2a: Noivern|Hurricane|p1a: Z+V
|-resisted|p1a: Z+V
|-damage|p1a: Z+V|161\/304
|-start|p1a: Z+V|confusion
|-damage|p2a: Noivern|203\/311|[from] item: Life Orb
|
|-heal|p1a: Z+V|180\/304|[from] item: Leftovers
|turn|4
|join|Cyndequil
|
|move|p2a: Noivern|Draco Meteor|p1a: Z+V|[miss]
|-miss|p2a: Noivern|p1a: Z+V
|-activate|p1a: Z+V|confusion
|-damage|p1a: Z+V|168\/304|[from] confusion
|
|-heal|p1a: Z+V|187\/304|[from] item: Leftovers
|turn|5
|
|switch|p2a: Landorus-Therian|Landorus-Therian, M|269\/364
|-damage|p2a: Landorus-Therian|224\/364|[from] Stealth Rock
|-ability|p2a: Landorus-Therian|Intimidate|[of] p1a: Z+V
|-unboost|p1a: Z+V|atk|1
|-activate|p1a: Z+V|confusion
|move|p1a: Z+V|Will-O-Wisp|p2a: Landorus-Therian
|-status|p2a: Landorus-Therian|brn
|
|-heal|p1a: Z+V|206\/304|[from] item: Leftovers
|-damage|p2a: Landorus-Therian|179\/364 brn|[from] brn
|turn|6
|
|move|p2a: Landorus-Therian|U-turn|p1a: Z+V
|-damage|p1a: Z+V|173\/304
|
|switch|p2a: Ferrothorn|Ferrothorn, F|352\/352
|-damage|p2a: Ferrothorn|330\/352|[from] Stealth Rock
|-end|p1a: Z+V|confusion
|move|p1a: Z+V|Hydro Pump|p2a: Ferrothorn
|-resisted|p2a: Ferrothorn
|-damage|p2a: Ferrothorn|267\/352
|
|-heal|p1a: Z+V|192\/304|[from] item: Leftovers
|turn|7
|join|Zamrock
|
|move|p1a: Z+V|Will-O-Wisp|p2a: Ferrothorn
|-status|p2a: Ferrothorn|brn
|move|p2a: Ferrothorn|Spikes|p1a: Z+V
|-sidestart|p1: DracoNinja|Spikes
|
|-heal|p1a: Z+V|211\/304|[from] item: Leftovers
|-damage|p2a: Ferrothorn|223\/352 brn|[from] brn
|turn|8
|c|âMetal Sonic|ah, zamrock
|c| Zamrock|:]
|join|ORAS UU Testing
|join|Alkov
|
|move|p1a: Z+V|Volt Switch|p2a: Ferrothorn
|-resisted|p2a: Ferrothorn
|-damage|p2a: Ferrothorn|189\/352 brn
|
|switch|p1a: SNOWCRISTAL|Keldeo|323\/323
|-damage|p1a: SNOWCRISTAL|283\/323|[from] Spikes
|-damage|p1a: SNOWCRISTAL|263\/323|[from] Stealth Rock
|move|p2a: Ferrothorn|Spikes|p1a: SNOWCRISTAL
|-sidestart|p1: DracoNinja|Spikes
|
|-heal|p1a: SNOWCRISTAL|283\/323|[from] item: Leftovers
|-damage|p2a: Ferrothorn|145\/352 brn|[from] brn
|turn|9
|
|switch|p2a: Noivern|Noivern, F|203\/311
|-damage|p2a: Noivern|126\/311|[from] Stealth Rock
|move|p1a: SNOWCRISTAL|Substitute|p1a: SNOWCRISTAL
|-start|p1a: SNOWCRISTAL|Substitute
|-damage|p1a: SNOWCRISTAL|203\/323
|
|-heal|p1a: SNOWCRISTAL|223\/323|[from] item: Leftovers
|turn|10
|join|Praj.pran
|
|switch|p1a: METALGROSS|Metagross|345\/345
|-damage|p1a: METALGROSS|324\/345|[from] Stealth Rock
|-damage|p1a: METALGROSS|267\/345|[from] Spikes
|move|p2a: Noivern|Draco Meteor|p1a: METALGROSS
|-resisted|p1a: METALGROSS
|-damage|p1a: METALGROSS|133\/345
|-unboost|p2a: Noivern|spa|2
|-damage|p2a: Noivern|95\/311|[from] item: Life Orb
|
|turn|11
|join|Latias tho
|join|daftmau5
|
|detailschange|p1a: METALGROSS|Metagross-Mega
|-mega|p1a: METALGROSS|Metagross|Metagrossite
|move|p2a: Noivern|Focus Blast|p1a: METALGROSS
|-damage|p1a: METALGROSS|65\/345
|-damage|p2a: Noivern|64\/311|[from] item: Life Orb
|move|p1a: METALGROSS|Hammer Arm|p2a: Noivern
|-resisted|p2a: Noivern
|-damage|p2a: Noivern|0 fnt
|-unboost|p1a: METALGROSS|spe|1
|faint|p2a: Noivern
|
|join|Draeden
|
|switch|p2a: Bisharp|Bisharp, M|278\/278
|-damage|p2a: Bisharp|261\/278|[from] Stealth Rock
|turn|12
|
|move|p2a: Bisharp|Knock Off|p1a: METALGROSS
|-supereffective|p1a: METALGROSS
|-damage|p1a: METALGROSS|0 fnt
|faint|p1a: METALGROSS
|
|
|switch|p1a: SNOWCRISTAL|Keldeo|223\/323
|-damage|p1a: SNOWCRISTAL|203\/323|[from] Stealth Rock
|-damage|p1a: SNOWCRISTAL|150\/323|[from] Spikes
|turn|13
|join|SunnyORAS
|leave|SunnyORAS
|
|move|p1a: SNOWCRISTAL|Secret Sword|p2a: Bisharp
|-supereffective|p2a: Bisharp
|-damage|p2a: Bisharp|0 fnt
|faint|p2a: Bisharp
|
|-heal|p1a: SNOWCRISTAL|170\/323|[from] item: Leftovers
|
|switch|p2a: Lopunny|Lopunny, F|272\/272
|-damage|p2a: Lopunny|238\/272|[from] Stealth Rock
|turn|14
|
|switch|p1a: ZAMROCK|Landorus-Therian, M|320\/357
|-damage|p1a: ZAMROCK|276\/357|[from] Stealth Rock
|-ability|p1a: ZAMROCK|Intimidate|[of] p2a: Lopunny
|-unboost|p2a: Lopunny|atk|1
|detailschange|p2a: Lopunny|Lopunny-Mega, F
|-mega|p2a: Lopunny|Lopunny|Lopunnite
|move|p2a: Lopunny|Frustration|p1a: ZAMROCK
|-damage|p1a: ZAMROCK|137\/357
|
|turn|15
|c| Latias tho|hmm
|
|move|p2a: Lopunny|Frustration|p1a: ZAMROCK
|-damage|p1a: ZAMROCK|0 fnt
|faint|p1a: ZAMROCK
|
|c| Latias tho|volc with no hazard control
|c| Latias tho|:o
|
|switch|p1a: Z+V|Rotom-Wash|211\/304
|-damage|p1a: Z+V|173\/304|[from] Stealth Rock
|turn|16
|
|switch|p2a: Ferrothorn|Ferrothorn, F|145\/352 brn
|-damage|p2a: Ferrothorn|123\/352 brn|[from] Stealth Rock
|move|p1a: Z+V|Volt Switch|p2a: Ferrothorn
|-resisted|p2a: Ferrothorn
|-damage|p2a: Ferrothorn|88\/352 brn
|
|switch|p1a: SNOWCRISTAL|Keldeo|170\/323
|-damage|p1a: SNOWCRISTAL|150\/323|[from] Stealth Rock
|-damage|p1a: SNOWCRISTAL|97\/323|[from] Spikes
|
|-heal|p1a: SNOWCRISTAL|117\/323|[from] item: Leftovers
|-damage|p2a: Ferrothorn|44\/352 brn|[from] brn
|turn|17
|
|move|p1a: SNOWCRISTAL|Substitute|p1a: SNOWCRISTAL
|-start|p1a: SNOWCRISTAL|Substitute
|-damage|p1a: SNOWCRISTAL|37\/323
|move|p2a: Ferrothorn|Gyro Ball|p1a: SNOWCRISTAL
|-resisted|p1a: SNOWCRISTAL
|-activate|p1a: SNOWCRISTAL|Substitute|[damage]
|
|-heal|p1a: SNOWCRISTAL|57\/323|[from] item: Leftovers
|-damage|p2a: Ferrothorn|0 fnt|[from] brn
|faint|p2a: Ferrothorn
|
|switch|p2a: Volcarona|Volcarona, F|311\/311
|-damage|p2a: Volcarona|156\/311|[from] Stealth Rock
|turn|18
|join|AllAttack
|c| Latias tho|rip
|
|move|p1a: SNOWCRISTAL|Hydro Pump|p2a: Volcarona
|-supereffective|p2a: Volcarona
|-enditem|p2a: Volcarona|Passho Berry|[eat]
|-damage|p2a: Volcarona|0 fnt
|faint|p2a: Volcarona
|
|-heal|p1a: SNOWCRISTAL|77\/323|[from] item: Leftovers
|c| Latias tho|lol
|c|âMetal Sonic|shit
|c| Latias tho|>passho
|
|switch|p2a: Lopunny|Lopunny-Mega, F|238\/272
|-damage|p2a: Lopunny|221\/272|[from] Stealth Rock
|turn|19
|c|âDracoNinja|sry bud ik this team inside out
|c| Latias tho|no fake out?
|
|move|p2a: Lopunny|Fake Out|p1a: SNOWCRISTAL
|-end|p1a: SNOWCRISTAL|Substitute
|move|p1a: SNOWCRISTAL|Secret Sword|p2a: Lopunny
|-crit|p2a: Lopunny
|-supereffective|p2a: Lopunny
|-damage|p2a: Lopunny|0 fnt
|faint|p2a: Lopunny
|
|-heal|p1a: SNOWCRISTAL|97\/323|[from] item: Leftovers
|c| Latias tho|:\/
|
|switch|p2a: Landorus-Therian|Landorus-Therian, M|179\/364 brn
|-damage|p2a: Landorus-Therian|134\/364 brn|[from] Stealth Rock
|-ability|p2a: Landorus-Therian|Intimidate|[of] p1a: SNOWCRISTAL
|-unboost|p1a: SNOWCRISTAL|atk|1
|turn|20
|c|âDracoNinja|gg
|
|move|p1a: SNOWCRISTAL|Secret Sword|p2a: Landorus-Therian
|-resisted|p2a: Landorus-Therian
|-damage|p2a: Landorus-Therian|55\/364 brn
|move|p2a: Landorus-Therian|Earthquake|p1a: SNOWCRISTAL
|-damage|p1a: SNOWCRISTAL|0 fnt
|faint|p1a: SNOWCRISTAL
|
|-damage|p2a: Landorus-Therian|10\/364 brn|[from] brn
|c| AllAttack|subcm puts in work
|
|switch|p1a: KLAND|Serperior, F|291\/291
|-damage|p1a: KLAND|255\/291|[from] Stealth Rock
|-damage|p1a: KLAND|207\/291|[from] Spikes
|turn|21
|c|âDracoNinja|gotta end with
|c|âDracoNinja|kland
|
|move|p1a: KLAND|Dragon Pulse|p2a: Landorus-Therian
|-damage|p2a: Landorus-Therian|0 fnt
|faint|p2a: Landorus-Therian
|
|win|DracoNinja
|leave|Metal Sonic
|player|p2
|leave|Latias tho