|join|WECAMEASROMANS
|join|Jukain
|player|p1|WECAMEASROMANS|170
|player|p2|Jukain|291
|gametype|singles
|gen|6
|tier|OU
|clearpoke
|poke|p1|Victini
|poke|p1|Altaria, F
|poke|p1|Starmie
|poke|p1|Hippowdon, F
|poke|p1|Tangrowth, M
|poke|p1|Zapdos
|poke|p2|Chesnaught, M
|poke|p2|Swampert, F
|poke|p2|Magnezone
|poke|p2|Latios, M
|poke|p2|Landorus-Therian, M
|poke|p2|Talonflame, F
|rule|Swagger Clause: Swagger is banned
|rule|Baton Pass Clause: Limit one PokÃ©mon knowing Baton Pass
|rule|Sleep Clause Mod: Limit one foe put to sleep
|rule|Species Clause: Limit one of each PokÃ©mon
|rule|OHKO Clause: OHKO moves are banned
|rule|Moody Clause: Moody is banned
|rule|Evasion Moves Clause: Evasion moves are banned
|rule|Endless Battle Clause: Forcing endless battles is banned
|rule|HP Percentage Mod: HP is shown in percentages
|teampreview
|c|âJukain|a butt
|c|âWECAMEASROMANS|its not stall
|join|asdfCookie
|c|âJukain|ahh
|c|âJukain|ok
|c|âWECAMEASROMANS|its balanced i swer
|c|âJukain|:]
|
|start
|switch|p1a: Zapdos|Zapdos|371\/371
|switch|p2a: Talonflame|Talonflame, F|359\/359
|-ability|p1a: Zapdos|Pressure
|turn|1
|
|move|p2a: Talonflame|Will-O-Wisp|p1a: Zapdos
|-status|p1a: Zapdos|brn
|move|p1a: Zapdos|Thunderbolt|p2a: Talonflame
|-supereffective|p2a: Talonflame
|-damage|p2a: Talonflame|51\/359
|
|-heal|p2a: Talonflame|73\/359|[from] item: Leftovers
|-damage|p1a: Zapdos|325\/371 brn|[from] brn
|turn|2
|
|move|p2a: Talonflame|Roost|p2a: Talonflame
|-heal|p2a: Talonflame|253\/359
|move|p1a: Zapdos|Thunderbolt|p2a: Talonflame
|-damage|p2a: Talonflame|100\/359
|
|-heal|p2a: Talonflame|122\/359|[from] item: Leftovers
|-heal|p1a: Zapdos|348\/371 brn|[from] item: Leftovers
|-damage|p1a: Zapdos|302\/371 brn|[from] brn
|turn|3
|
|move|p2a: Talonflame|Roost|p2a: Talonflame
|-heal|p2a: Talonflame|302\/359
|move|p1a: Zapdos|Thunderbolt|p2a: Talonflame
|-damage|p2a: Talonflame|140\/359
|
|-heal|p2a: Talonflame|162\/359|[from] item: Leftovers
|-heal|p1a: Zapdos|325\/371 brn|[from] item: Leftovers
|-damage|p1a: Zapdos|279\/371 brn|[from] brn
|turn|4
|
|move|p2a: Talonflame|Roost|p2a: Talonflame
|-heal|p2a: Talonflame|342\/359
|move|p1a: Zapdos|Thunderbolt|p2a: Talonflame
|-damage|p2a: Talonflame|177\/359
|
|-heal|p2a: Talonflame|199\/359|[from] item: Leftovers
|-heal|p1a: Zapdos|302\/371 brn|[from] item: Leftovers
|-damage|p1a: Zapdos|256\/371 brn|[from] brn
|turn|5
|join|jp-ps
|c|âWECAMEASROMANS|why is that doing 0 wtf
|
|switch|p2a: Swampert|Swampert, F|341\/341
|move|p1a: Zapdos|Thunderbolt|p2a: Swampert
|-immune|p2a: Swampert|[msg]
|
|-heal|p1a: Zapdos|279\/371 brn|[from] item: Leftovers
|-damage|p1a: Zapdos|233\/371 brn|[from] brn
|turn|6
|join|Bloodz
|
|switch|p1a: Tangrowth|Tangrowth, M|403\/403
|switch|p2a: Talonflame|Talonflame, F|199\/359
|
|-heal|p2a: Talonflame|221\/359|[from] item: Leftovers
|turn|7
|
|switch|p2a: Landorus-Therian|Landorus-Therian, M|382\/382
|-ability|p2a: Landorus-Therian|Intimidate|[of] p1a: Tangrowth
|-unboost|p1a: Tangrowth|atk|1
|switch|p1a: Victini|Victini|404\/404
|
|turn|8
|
|switch|p1a: Hippowdon|Hippowdon, F|416\/416
|-weather|Sandstorm
|move|p2a: Landorus-Therian|Stealth Rock|p1a: Hippowdon
|-sidestart|p1: WECAMEASROMANS|move: Stealth Rock
|
|-weather|Sandstorm|[upkeep]
|turn|9
|join|Polarance
|
|move|p2a: Landorus-Therian|U-turn|p1a: Hippowdon
|-damage|p1a: Hippowdon|366\/416
|
|switch|p2a: Swampert|Swampert, F|341\/341
|move|p1a: Hippowdon|Stealth Rock|p2a: Swampert
|-sidestart|p2: Jukain|move: Stealth Rock
|
|-weather|Sandstorm|[upkeep]
|-heal|p1a: Hippowdon|392\/416|[from] item: Leftovers
|turn|10
|
|switch|p1a: Tangrowth|Tangrowth, M|403\/403
|-damage|p1a: Tangrowth|353\/403|[from] Stealth Rock
|detailschange|p2a: Swampert|Swampert-Mega, F
|-mega|p2a: Swampert|Swampert|Swampertite
|move|p2a: Swampert|Waterfall|p1a: Tangrowth
|-resisted|p1a: Tangrowth
|-damage|p1a: Tangrowth|309\/403
|
|-weather|Sandstorm|[upkeep]
|-damage|p1a: Tangrowth|284\/403|[from] sandstorm
|turn|11
|
|switch|p2a: Talonflame|Talonflame, F|221\/359
|-damage|p2a: Talonflame|42\/359|[from] Stealth Rock
|move|p1a: Tangrowth|Knock Off|p2a: Talonflame
|-damage|p2a: Talonflame|0 fnt
|-enditem|p2a: Talonflame|Leftovers|[from] move: Knock Off|[of] p1a: Tangrowth
|faint|p2a: Talonflame
|
|-weather|Sandstorm|[upkeep]
|-damage|p1a: Tangrowth|259\/403|[from] sandstorm
|c|âJukain|oh FUCK
|c|âJukain|i forgot about rocks
|c|âJukain|lmao
|c|âJukain|i need sleep
|c|âJukain|whatever ok
|
|switch|p2a: Latios|Latios, M|301\/301
|-damage|p2a: Latios|264\/301|[from] Stealth Rock
|turn|12
|
|move|p2a: Latios|Draco Meteor|p1a: Tangrowth
|-damage|p1a: Tangrowth|20\/403
|-unboost|p2a: Latios|spa|2
|-damage|p2a: Latios|234\/301|[from] item: Life Orb
|move|p1a: Tangrowth|Knock Off|p2a: Latios
|-supereffective|p2a: Latios
|-damage|p2a: Latios|14\/301
|-enditem|p2a: Latios|Life Orb|[from] move: Knock Off|[of] p1a: Tangrowth
|
|-weather|none
|turn|13
|
|switch|p2a: Chesnaught|Chesnaught, M|317\/317
|-damage|p2a: Chesnaught|298\/317|[from] Stealth Rock
|switch|p1a: Starmie|Starmie|323\/323
|-damage|p1a: Starmie|283\/323|[from] Stealth Rock
|
|-heal|p1a: Starmie|303\/323|[from] item: Leftovers
|turn|14
|join|time0ut
|
|move|p1a: Starmie|Rapid Spin|p2a: Chesnaught
|-damage|p2a: Chesnaught|290\/317
|-sideend|p1: WECAMEASROMANS|Stealth Rock|[from] move: Rapid Spin|[of] p1a: Starmie
|move|p2a: Chesnaught|Substitute|p2a: Chesnaught
|-start|p2a: Chesnaught|Substitute
|-damage|p2a: Chesnaught|211\/317
|
|-heal|p1a: Starmie|323\/323|[from] item: Leftovers
|turn|15
|c| time0ut|0
|
|switch|p1a: Altaria|Altaria, F|353\/353
|move|p2a: Chesnaught|Belly Drum|p2a: Chesnaught
|-damage|p2a: Chesnaught|53\/317
|-setboost|p2a: Chesnaught|atk|6|[from] move: Belly Drum
|-enditem|p2a: Chesnaught|Salac Berry|[eat]
|-boost|p2a: Chesnaught|spe|1|[from] item: Salac Berry
|
|turn|16
|c|âJukain|i honestly just
|c|âJukain|wanna see
|c|âJukain|how much this does
|
|detailschange|p1a: Altaria|Altaria-Mega, F
|-mega|p1a: Altaria|Altaria|Altarianite
|move|p2a: Chesnaught|Seed Bomb|p1a: Altaria
|-crit|p1a: Altaria
|-resisted|p1a: Altaria
|-damage|p1a: Altaria|0 fnt
|faint|p1a: Altaria
|
|c|âWECAMEASROMANS|FUK DAT
|c| asdfCookie|LOL
|c|âJukain|oops
|c|âJukain|hehe
|c|âJukain|wats ur spread
|c|âWECAMEASROMANS|lol thats gg
|c|âJukain|jw
|c|âWECAMEASROMANS|im max hp impish
|c|âJukain|lol
|c|âJukain|damn
|c|âJukain|thats unfortunate
|c| time0ut|wtf
|c| time0ut|is that
|c|âJukain|also i think u can still win
|c|âJukain|l0l
|c| time0ut|jukain
|c|âWECAMEASROMANS|oh wait
|c|âJukain|u have like
|c|âWECAMEASROMANS|248 hp 4 def
|c|âJukain|3 counters to this
|c|âWECAMEASROMANS|impish
|c|âWECAMEASROMANS|not rly
|
|switch|p1a: Zapdos|Zapdos|233\/371 brn
|-ability|p1a: Zapdos|Pressure
|turn|17
|c| time0ut|drain
|c|âWECAMEASROMANS|this zapdos is offensive
|c|âWECAMEASROMANS|it dies
|c|âJukain|this definitely kills
|c|âJukain|yea
|
|move|p2a: Chesnaught|Seed Bomb|p1a: Zapdos
|-resisted|p1a: Zapdos
|-damage|p1a: Zapdos|0 fnt
|faint|p1a: Zapdos
|
|c|âJukain|im not concerned about killing this
|
|switch|p1a: Victini|Victini|404\/404
|turn|18
|c|âJukain|espec with overgrow
|
|move|p2a: Chesnaught|Seed Bomb|p1a: Victini
|-resisted|p1a: Victini
|-damage|p1a: Victini|87\/404
|move|p1a: Victini|V-create|p2a: Chesnaught
|-supereffective|p2a: Chesnaught
|-end|p2a: Chesnaught|Substitute
|-unboost|p1a: Victini|def|1
|-unboost|p1a: Victini|spd|1
|-unboost|p1a: Victini|spe|1
|
|-heal|p1a: Victini|112\/404|[from] item: Leftovers
|turn|19
|join|req'd by crobro
|
|switch|p1a: Hippowdon|Hippowdon, F|392\/416
|-weather|Sandstorm
|move|p2a: Chesnaught|Drain Punch|p1a: Hippowdon
|-damage|p1a: Hippowdon|82\/416
|-heal|p2a: Chesnaught|208\/317|[from] drain|[of] p1a: Hippowdon
|
|-weather|Sandstorm|[upkeep]
|-damage|p2a: Chesnaught|189\/317|[from] sandstorm
|-heal|p1a: Hippowdon|108\/416|[from] item: Leftovers
|turn|20
|c| time0ut|oh ye
|c| time0ut|overgrow
|c| time0ut|looool
|
|move|p2a: Chesnaught|Drain Punch|p1a: Hippowdon
|-damage|p1a: Hippowdon|0 fnt
|-heal|p2a: Chesnaught|243\/317|[from] drain|[of] p1a: Hippowdon
|faint|p1a: Hippowdon
|
|-weather|Sandstorm|[upkeep]
|-damage|p2a: Chesnaught|224\/317|[from] sandstorm
|
|switch|p1a: Tangrowth|Tangrowth, M|154\/403
|turn|21
|
|switch|p1a: Victini|Victini|112\/404
|move|p2a: Chesnaught|Drain Punch|p1a: Victini
|-resisted|p1a: Victini
|-damage|p1a: Victini|0 fnt
|-heal|p2a: Chesnaught|280\/317|[from] drain|[of] p1a: Victini
|faint|p1a: Victini
|
|-weather|Sandstorm|[upkeep]
|-damage|p2a: Chesnaught|261\/317|[from] sandstorm
|
|switch|p1a: Tangrowth|Tangrowth, M|288\/403
|turn|22
|
|switch|p1a: Starmie|Starmie|323\/323
|move|p2a: Chesnaught|Drain Punch|p1a: Starmie
|-resisted|p1a: Starmie
|-damage|p1a: Starmie|53\/323
|-heal|p2a: Chesnaught|317\/317|[from] drain|[of] p1a: Starmie
|
|-weather|Sandstorm|[upkeep]
|-damage|p2a: Chesnaught|298\/317|[from] sandstorm
|-damage|p1a: Starmie|33\/323|[from] sandstorm
|-heal|p1a: Starmie|53\/323|[from] item: Leftovers
|turn|23
|
|move|p2a: Chesnaught|Drain Punch|p1a: Starmie
|-resisted|p1a: Starmie
|-damage|p1a: Starmie|0 fnt
|-heal|p2a: Chesnaught|317\/317|[from] drain|[of] p1a: Starmie
|faint|p1a: Starmie
|
|-weather|none
|
|switch|p1a: Tangrowth|Tangrowth, M|403\/403
|turn|24
|
|move|p2a: Chesnaught|Drain Punch|p1a: Tangrowth
|-damage|p1a: Tangrowth|52\/403
|move|p1a: Tangrowth|Hidden Power|p2a: Chesnaught
|-supereffective|p2a: Chesnaught
|-damage|p2a: Chesnaught|181\/317
|
|turn|25
|leave|Bloodz
|c|âJukain|gg
|c|âWECAMEASROMANS|gg
|c|âJukain|no1 randomly save replays pls
|leave|req'd by crobro
|
|move|p2a: Chesnaught|Drain Punch|p1a: Tangrowth
|-damage|p1a: Tangrowth|0 fnt
|-heal|p2a: Chesnaught|207\/317|[from] drain|[of] p1a: Tangrowth
|faint|p1a: Tangrowth
|
|win|Jukain
|leave|WECAMEASROMANS
|player|p1
|leave|Jukain
|player|p2
|leave|time0ut