|join|Jukain
|join|TFL
|join|daftmau5
|player|p1|Jukain|291
|player|p2|TFL|70
|gametype|singles
|gen|6
|tier|OU
|clearpoke
|poke|p1|Diancie
|poke|p1|Keldeo
|poke|p1|Latios, M
|poke|p1|Gengar, M
|poke|p1|Gliscor, F
|poke|p1|Ferrothorn, M
|poke|p2|Garchomp, M
|poke|p2|Slowking, M
|poke|p2|Magnezone
|poke|p2|Gliscor, M
|poke|p2|Keldeo
|poke|p2|Tyranitar, M
|rule|Swagger Clause: Swagger is banned
|rule|Baton Pass Clause: Limit one PokÃ©mon knowing Baton Pass
|rule|Sleep Clause Mod: Limit one foe put to sleep
|rule|Species Clause: Limit one of each PokÃ©mon
|rule|OHKO Clause: OHKO moves are banned
|rule|Moody Clause: Moody is banned
|rule|Evasion Moves Clause: Evasion moves are banned
|rule|Endless Battle Clause: Forcing endless battles is banned
|rule|HP Percentage Mod: HP is shown in percentages
|teampreview
|
|start
|switch|p1a: Diancie|Diancie|241\/241
|switch|p2a: Slowking|Slowking, M|389\/389
|turn|1
|join|I'm Virus (~'o')~
|join|Prankster
|c| I'm Virus (~'o')~|tiffle
|c| I'm Virus (~'o')~|if you lose
|
|detailschange|p1a: Diancie|Diancie-Mega
|-mega|p1a: Diancie|Diancie|Diancite
|move|p1a: Diancie|Protect|p1a: Diancie
|-singleturn|p1a: Diancie|Protect
|move|p2a: Slowking|Surf|p1a: Diancie
|-activate|p1a: Diancie|Protect
|
|turn|2
|c| I'm Virus (~'o')~|to jewkain
|c| I'm Virus (~'o')~|i will not care
|c| I'm Virus (~'o')~|._.
|join|Ox the Box
|c|âTFL|kay .-.
|join|Alkov
|
|switch|p1a: Latios|Latios, M|301\/301
|move|p2a: Slowking|Surf|p1a: Latios
|-resisted|p1a: Latios
|-damage|p1a: Latios|215\/301
|-damage|p2a: Slowking|351\/389|[from] item: Life Orb
|
|turn|3
|
|switch|p1a: Ferrothorn|Ferrothorn, M|352\/352
|switch|p2a: Garchomp|Garchomp, M|358\/358
|
|turn|4
|c| Ox the Box|jukain are u in spl
|
|move|p2a: Garchomp|Swords Dance|p2a: Garchomp
|-boost|p2a: Garchomp|atk|2
|move|p1a: Ferrothorn|Spikes|p2a: Garchomp
|-sidestart|p2: TFL|Spikes
|
|turn|5
|join|Bluwing
|
|switch|p1a: Latios|Latios, M|215\/301
|move|p2a: Garchomp|Stealth Rock|p1a: Latios
|-sidestart|p1: Jukain|move: Stealth Rock
|
|turn|6
|
|move|p1a: Latios|Draco Meteor|p2a: Garchomp
|-supereffective|p2a: Garchomp
|-damage|p2a: Garchomp|0 fnt
|-unboost|p1a: Latios|spa|2
|-damage|p1a: Latios|185\/301|[from] item: Life Orb
|faint|p2a: Garchomp
|
|c|âJukain|LOL
|
|switch|p2a: Tyranitar|Tyranitar, M|386\/386
|-damage|p2a: Tyranitar|338\/386|[from] Spikes
|-weather|Sandstorm
|turn|7
|c|âJukain|THAT'S
|c|âJukain|MEGA TTAR
|
|move|p2a: Tyranitar|Pursuit|p1a: Latios|[from]Pursuit
|-supereffective|p1a: Latios
|-damage|p1a: Latios|0 fnt
|faint|p1a: Latios
|
|-weather|Sandstorm|[upkeep]
|c|âTFL|im band
|c|âTFL|:)
|c|âJukain|why tf
|c|âJukain|rnt u using
|c|âJukain|megachomp
|c|âTFL|mega where
|c|âJukain|then
|c| Ox the Box|he don't use mega on an alt
|
|switch|p1a: Gliscor|Gliscor, F|354\/354
|-damage|p1a: Gliscor|310\/354|[from] Stealth Rock
|turn|8
|
|switch|p2a: Keldeo|Keldeo|324\/324
|-damage|p2a: Keldeo|284\/324|[from] Spikes
|move|p1a: Gliscor|U-turn|p2a: Keldeo
|-resisted|p2a: Keldeo
|-damage|p2a: Keldeo|255\/324
|join|Savage Alby
|
|switch|p1a: Diancie|Diancie-Mega|241\/241
|-damage|p1a: Diancie|211\/241|[from] Stealth Rock
|
|-weather|Sandstorm|[upkeep]
|-damage|p2a: Keldeo|235\/324|[from] sandstorm
|turn|9
|c|âJukain|dont be
|c|âJukain|scarf
|
|move|p2a: Keldeo|Hydro Pump|p1a: Diancie
|-crit|p1a: Diancie
|-supereffective|p1a: Diancie
|-damage|p1a: Diancie|0 fnt
|faint|p1a: Diancie
|
|-weather|Sandstorm|[upkeep]
|-damage|p2a: Keldeo|215\/324|[from] sandstorm
|c|âTFL|weeee
|c|âJukain|die
|
|switch|p1a: Keldeo|Keldeo|323\/323
|-damage|p1a: Keldeo|303\/323|[from] Stealth Rock
|turn|10
|
|switch|p2a: Slowking|Slowking, M|389\/389
|-damage|p2a: Slowking|341\/389|[from] Spikes
|move|p1a: Keldeo|Hidden Power|p2a: Slowking
|-crit|p2a: Slowking
|-supereffective|p2a: Slowking
|-damage|p2a: Slowking|51\/389
|
|-weather|Sandstorm|[upkeep]
|-damage|p1a: Keldeo|283\/323|[from] sandstorm
|-damage|p2a: Slowking|27\/389|[from] sandstorm
|turn|11
|c|âTFL|nice crit fig
|
|switch|p1a: Gengar|Gengar, M|261\/261
|-damage|p1a: Gengar|229\/261|[from] Stealth Rock
|switch|p2a: Gliscor|Gliscor, M|352\/352
|
|-weather|none
|-status|p2a: Gliscor|tox|[from] item: Toxic Orb
|turn|12
|c|âJukain|shit.
|join|craing
|
|move|p1a: Gengar|Hidden Power|p2a: Gliscor
|-supereffective|p2a: Gliscor
|-damage|p2a: Gliscor|0 fnt
|-damage|p1a: Gengar|203\/261|[from] item: Life Orb
|faint|p2a: Gliscor
|
|c|âJukain|psych
|c| craing|:O
|c| craing|does hp ice get certain ohkos that icy wind doesnt?
|c|âTFL|nigga u gay
|c|âJukain|um
|c|âJukain|i just used hp ice
|
|switch|p2a: Keldeo|Keldeo|215\/324
|-damage|p2a: Keldeo|175\/324|[from] Spikes
|turn|13
|c|âJukain|idk bro
|c| craing|id prob go icy wind :x
|c| craing|catching ttar is nice and preventing dd set up
|c| craing|if u lack taunt
|c|âJukain|yea thats
|
|switch|p1a: Keldeo|Keldeo|283\/323
|-damage|p1a: Keldeo|263\/323|[from] Stealth Rock
|move|p2a: Keldeo|Hydro Pump|p1a: Keldeo|[miss]
|-miss|p2a: Keldeo|p1a: Keldeo
|
|turn|14
|c|âJukain|p cool
|
|switch|p2a: Tyranitar|Tyranitar, M|338\/386
|-damage|p2a: Tyranitar|290\/386|[from] Spikes
|-weather|Sandstorm
|move|p1a: Keldeo|Secret Sword|p2a: Tyranitar
|-supereffective|p2a: Tyranitar
|-damage|p2a: Tyranitar|0 fnt
|faint|p2a: Tyranitar
|
|-weather|Sandstorm|[upkeep]
|-damage|p1a: Keldeo|243\/323|[from] sandstorm
|
|switch|p2a: Slowking|Slowking, M|156\/389
|-damage|p2a: Slowking|108\/389|[from] Spikes
|turn|15
|
|switch|p2a: Keldeo|Keldeo|175\/324
|-damage|p2a: Keldeo|135\/324|[from] Spikes
|move|p1a: Keldeo|Secret Sword|p2a: Keldeo
|-damage|p2a: Keldeo|0 fnt
|faint|p2a: Keldeo
|
|-weather|Sandstorm|[upkeep]
|-damage|p1a: Keldeo|223\/323|[from] sandstorm
|c|âTFL|bg :[
|
|switch|p2a: Slowking|Slowking, M|237\/389
|-damage|p2a: Slowking|189\/389|[from] Spikes
|turn|16
|leave|Ox the Box
|
|move|p1a: Keldeo|Secret Sword|p2a: Slowking
|-resisted|p2a: Slowking
|-damage|p2a: Slowking|50\/389
|move|p2a: Slowking|Trick Room|p2a: Slowking
|-fieldstart|move: Trick Room|[of] p2a: Slowking
|
|-weather|Sandstorm|[upkeep]
|-damage|p2a: Slowking|26\/389|[from] sandstorm
|-damage|p1a: Keldeo|203\/323|[from] sandstorm
|turn|17
|
|move|p2a: Slowking|Psyshock|p1a: Keldeo
|-supereffective|p1a: Keldeo
|-damage|p1a: Keldeo|0 fnt
|-damage|p2a: Slowking|0 fnt|[from] item: Life Orb
|faint|p1a: Keldeo
|faint|p2a: Slowking
|
|-weather|Sandstorm|[upkeep]
|join|Mistaken
|
|switch|p2a: Magnezone|Magnezone|323\/323
|switch|p1a: Ferrothorn|Ferrothorn, M|352\/352
|-damage|p1a: Ferrothorn|330\/352|[from] Stealth Rock
|-damage|p2a: Magnezone|283\/323|[from] Spikes
|turn|18
|c|âJukain|o shit
|c|âJukain|this could be classified as a chok
|c|âJukain|e
|
|move|p1a: Ferrothorn|Leech Seed|p2a: Magnezone
|-start|p2a: Magnezone|move: Leech Seed
|move|p2a: Magnezone|Hidden Power|p1a: Ferrothorn
|-supereffective|p1a: Ferrothorn
|-damage|p1a: Ferrothorn|0 fnt
|faint|p1a: Ferrothorn
|
|-weather|none
|c|âJukain|if ur
|c|âTFL|nah
|c|âTFL|specs
|c|âJukain|o rite im slower anyways
|c|âJukain|jaja
|c|âJukain|i didnt even think!
|
|switch|p1a: Gliscor|Gliscor, F|310\/354
|-damage|p1a: Gliscor|266\/354|[from] Stealth Rock
|turn|19
|
|move|p2a: Magnezone|Hidden Power|p1a: Gliscor
|-damage|p1a: Gliscor|112\/354
|move|p1a: Gliscor|Earthquake|p2a: Magnezone
|-crit|p2a: Magnezone
|-supereffective|p2a: Magnezone
|-damage|p2a: Magnezone|0 fnt
|faint|p2a: Magnezone
|
|win|Jukain
|c|âJukain|ill use icy wind now thnx bengy
|c|âJukain|^^
|leave|TFL
|leave|Jukain
|player|p2
|player|p1
|leave|craing
|leave|Prankster
|leave|Alkov
|leave|Savage Alby
|join|gayyyborr
|leave|gayyyborr
|leave|Bluwing
|join|Escavalier
|leave|Escavalier
|join|Jefo
|leave|Jefo
|join|oml it's too ez
|join|Bluwing
|leave|oml it's too ez
|leave|Bluwing
|join|Nebraska Jones
|leave|Nebraska Jones
|join|gizmo
|leave|daftmau5
|leave|gizmo
|leave|I'm Virus (~'o')~
|join|heartfield
|leave|heartfield
|join|LUmiose 1 last