|join|Jukain
|join|Dayanne
|player|p1|Jukain|291
|player|p2|Dayanne|37
|gametype|singles
|gen|6
|tier|OU
|rated
|clearpoke
|poke|p1|Diancie
|poke|p1|Raikou
|poke|p1|Bisharp, M
|poke|p1|Azelf
|poke|p1|Landorus-Therian, M
|poke|p1|Keldeo
|poke|p2|Chansey, F
|poke|p2|Zapdos
|poke|p2|Scizor, M
|poke|p2|Clefable, F
|poke|p2|Gliscor, M
|poke|p2|Slowbro, M
|rule|Swagger Clause: Swagger is banned
|rule|Baton Pass Clause: Limit one PokÃ©mon knowing Baton Pass
|rule|Sleep Clause Mod: Limit one foe put to sleep
|rule|Species Clause: Limit one of each PokÃ©mon
|rule|OHKO Clause: OHKO moves are banned
|rule|Moody Clause: Moody is banned
|rule|Evasion Moves Clause: Evasion moves are banned
|rule|Endless Battle Clause: Forcing endless battles is banned
|rule|HP Percentage Mod: HP is shown in percentages
|teampreview
|c|âJukain|hf
|c|âDayanne|gl
|
|start
|switch|p1a: Azelf|Azelf|291\/291
|switch|p2a: Slowbro|Slowbro, M|394\/394
|turn|1
|
|move|p1a: Azelf|Stealth Rock|p2a: Slowbro
|-sidestart|p2: Dayanne|move: Stealth Rock
|move|p2a: Slowbro|Scald|p1a: Azelf
|-damage|p1a: Azelf|152\/291
|-status|p1a: Azelf|brn
|
|-damage|p1a: Azelf|116\/291 brn|[from] brn
|turn|2
|
|move|p1a: Azelf|Explosion|p2a: Slowbro
|-damage|p2a: Slowbro|299\/394
|faint|p1a: Azelf
|move|p2a: Slowbro|Scald|p1: Azelf|[notarget]
|-notarget
|
|-heal|p2a: Slowbro|323\/394|[from] item: Leftovers
|
|switch|p1a: Raikou|Raikou|321\/321
|-ability|p1a: Raikou|Pressure
|turn|3
|join|ryzed
|
|switch|p2a: Gliscor|Gliscor, M|352\/352
|-damage|p2a: Gliscor|308\/352|[from] Stealth Rock
|move|p1a: Raikou|Volt Switch|p2a: Gliscor
|-immune|p2a: Gliscor|[msg]
|
|-status|p2a: Gliscor|tox|[from] item: Toxic Orb
|turn|4
|
|switch|p1a: Keldeo|Keldeo|323\/323
|switch|p2a: Chansey|Chansey, F|704\/704
|-damage|p2a: Chansey|616\/704|[from] Stealth Rock
|
|turn|5
|
|switch|p1a: Bisharp|Bisharp, M|271\/271
|switch|p2a: Slowbro|Slowbro, M|394\/394
|-damage|p2a: Slowbro|345\/394|[from] Stealth Rock
|
|-heal|p2a: Slowbro|369\/394|[from] item: Leftovers
|turn|6
|
|move|p1a: Bisharp|Pursuit|p2a: Slowbro|[from]Pursuit
|-supereffective|p2a: Slowbro
|-damage|p2a: Slowbro|112\/394
|-damage|p1a: Bisharp|244\/271|[from] item: Life Orb
|switch|p2a: Scizor|Scizor, M|344\/344
|-damage|p2a: Scizor|301\/344|[from] Stealth Rock
|
|turn|7
|
|switch|p1a: Raikou|Raikou|321\/321
|-ability|p1a: Raikou|Pressure
|switch|p2a: Slowbro|Slowbro, M|243\/394
|-damage|p2a: Slowbro|194\/394|[from] Stealth Rock
|
|-heal|p2a: Slowbro|218\/394|[from] item: Leftovers
|turn|8
|join|gay af
|
|switch|p1a: Keldeo|Keldeo|323\/323
|switch|p2a: Gliscor|Gliscor, M|308\/352 tox
|-damage|p2a: Gliscor|264\/352 tox|[from] Stealth Rock
|
|-heal|p2a: Gliscor|308\/352 tox|[from] ability: Poison Heal
|turn|9
|
|switch|p2a: Chansey|Chansey, F|616\/704
|-damage|p2a: Chansey|528\/704|[from] Stealth Rock
|move|p1a: Keldeo|Scald|p2a: Chansey
|-damage|p2a: Chansey|387\/704
|
|turn|10
|
|switch|p1a: Bisharp|Bisharp, M|244\/271
|move|p2a: Chansey|Stealth Rock|p1a: Bisharp
|-sidestart|p1: Jukain|move: Stealth Rock
|
|turn|11
|
|move|p1a: Bisharp|Knock Off|p2a: Chansey
|-damage|p2a: Chansey|102\/704
|-enditem|p2a: Chansey|Eviolite|[from] move: Knock Off|[of] p1a: Bisharp
|-damage|p1a: Bisharp|217\/271|[from] item: Life Orb
|move|p2a: Chansey|Soft-Boiled|p2a: Chansey
|-heal|p2a: Chansey|454\/704
|
|turn|12
|
|move|p1a: Bisharp|Pursuit|p2a: Chansey|[from]Pursuit
|-damage|p2a: Chansey|82\/704
|-damage|p1a: Bisharp|190\/271|[from] item: Life Orb
|switch|p2a: Scizor|Scizor, M|301\/344
|-damage|p2a: Scizor|258\/344|[from] Stealth Rock
|
|turn|13
|
|detailschange|p2a: Scizor|Scizor-Mega, M
|-mega|p2a: Scizor|Scizor|Scizorite
|move|p1a: Bisharp|Knock Off|p2a: Scizor
|-damage|p2a: Scizor|180\/344
|-damage|p1a: Bisharp|163\/271|[from] item: Life Orb
|move|p2a: Scizor|Roost|p2a: Scizor
|-heal|p2a: Scizor|344\/344
|
|turn|14
|
|switch|p1a: Keldeo|Keldeo|323\/323
|-damage|p1a: Keldeo|303\/323|[from] Stealth Rock
|move|p2a: Scizor|Swords Dance|p2a: Scizor
|-boost|p2a: Scizor|atk|2
|
|turn|15
|
|switch|p2a: Slowbro|Slowbro, M|349\/394
|-damage|p2a: Slowbro|300\/394|[from] Stealth Rock
|move|p1a: Keldeo|Scald|p2a: Slowbro
|-resisted|p2a: Slowbro
|-damage|p2a: Slowbro|180\/394
|
|-heal|p2a: Slowbro|204\/394|[from] item: Leftovers
|turn|16
|
|move|p1a: Keldeo|Scald|p2a: Slowbro
|-resisted|p2a: Slowbro
|-damage|p2a: Slowbro|72\/394
|move|p2a: Slowbro|Slack Off|p2a: Slowbro
|-heal|p2a: Slowbro|269\/394
|
|-heal|p2a: Slowbro|293\/394|[from] item: Leftovers
|turn|17
|
|move|p1a: Keldeo|Scald|p2a: Slowbro
|-resisted|p2a: Slowbro
|-damage|p2a: Slowbro|165\/394
|-status|p2a: Slowbro|brn
|move|p2a: Slowbro|Scald|p1a: Keldeo
|-resisted|p1a: Keldeo
|-damage|p1a: Keldeo|251\/323
|
|-heal|p2a: Slowbro|189\/394 brn|[from] item: Leftovers
|-damage|p2a: Slowbro|140\/394 brn|[from] brn
|turn|18
|
|switch|p1a: Bisharp|Bisharp, M|163\/271
|-damage|p1a: Bisharp|147\/271|[from] Stealth Rock
|move|p2a: Slowbro|Slack Off|p2a: Slowbro
|-heal|p2a: Slowbro|337\/394 brn
|
|-heal|p2a: Slowbro|361\/394 brn|[from] item: Leftovers
|-damage|p2a: Slowbro|312\/394 brn|[from] brn
|turn|19
|
|switch|p2a: Scizor|Scizor-Mega, M|344\/344
|-damage|p2a: Scizor|301\/344|[from] Stealth Rock
|move|p1a: Bisharp|Knock Off|p2a: Scizor
|-damage|p2a: Scizor|218\/344
|-damage|p1a: Bisharp|120\/271|[from] item: Life Orb
|
|turn|20
|
|switch|p1a: Landorus-Therian|Landorus-Therian, M|319\/319
|-damage|p1a: Landorus-Therian|280\/319|[from] Stealth Rock
|-ability|p1a: Landorus-Therian|Intimidate|[of] p2a: Scizor
|-unboost|p2a: Scizor|atk|1
|move|p2a: Scizor|Roost|p2a: Scizor
|-heal|p2a: Scizor|344\/344
|
|turn|21
|
|move|p1a: Landorus-Therian|U-turn|p2a: Scizor
|-resisted|p2a: Scizor
|-damage|p2a: Scizor|320\/344
|
|switch|p1a: Keldeo|Keldeo|251\/323
|-damage|p1a: Keldeo|231\/323|[from] Stealth Rock
|move|p2a: Scizor|Swords Dance|p2a: Scizor
|-boost|p2a: Scizor|atk|2
|
|turn|22
|
|move|p1a: Keldeo|Hydro Pump|p2a: Scizor|[miss]
|-miss|p1a: Keldeo|p2a: Scizor
|move|p2a: Scizor|Superpower|p1a: Keldeo
|-damage|p1a: Keldeo|19\/323
|-unboost|p2a: Scizor|atk|1
|-unboost|p2a: Scizor|def|1
|
|turn|23
|c|âJukain|._.
|c|âJukain|come on
|c|âJukain|that's bs
|
|move|p2a: Scizor|Bullet Punch|p1a: Keldeo
|-resisted|p1a: Keldeo
|-damage|p1a: Keldeo|0 fnt
|faint|p1a: Keldeo
|
|c|âJukain|i
|c|âJukain|had the game won
|
|switch|p1a: Raikou|Raikou|321\/321
|-damage|p1a: Raikou|281\/321|[from] Stealth Rock
|-ability|p1a: Raikou|Pressure
|turn|24
|c| ryzed|gg
|c|âDayanne|no
|c|âJukain|shut the fuck up
|c|âJukain|ryzed
|c|âJukain|also
|c|âJukain|this game was over man
|c|âJukain|lmao
|c| ryzed|i know
|c|âJukain|completely over
|
|switch|p2a: Gliscor|Gliscor, M|308\/352 tox
|-damage|p2a: Gliscor|264\/352 tox|[from] Stealth Rock
|move|p1a: Raikou|Thunderbolt|p2a: Gliscor
|-immune|p2a: Gliscor|[msg]
|
|-heal|p2a: Gliscor|308\/352 tox|[from] ability: Poison Heal
|turn|25
|c| ryzed|keldeo wouldve swept
|c|âJukain|and u haxed me
|c|âJukain|sigh...
|c| ryzed|85 15
|c|âJukain|lucky n bad players abound
|c|âDayanne|im a girl
|-message|Jukain forfeited.
|
|win|Dayanne
|raw|Ladder updating...
|leave|ryzed
|raw|Jukain's rating: 1791 &rarr; <strong>1765<\/strong><br \/>(-26 for losing)
|raw|Dayanne's rating: 1683 &rarr; <strong>1709<\/strong><br \/>(+26 for winning)
|join|ryzed
|leave|Jukain
|player|p1
|c|âDayanne|ok
|leave|ryzed
|c|âDayanne|thanks
|leave|Dayanne
|player|p2
|join|3y3brows on fleek
|join|Dayanne