|J|Jukain
|J|Genesis7
|player|p1|Jukain|291
|player|p2|Genesis7|65
|gametype|singles
|gen|6
|tier|OU
|clearpoke
|poke|p1|Charizard, M
|poke|p1|Tentacruel, F
|poke|p1|Tyranitar, F
|poke|p1|Celebi
|poke|p1|Gliscor, F
|poke|p1|Clefable, M
|poke|p2|Gallade, M
|poke|p2|Raikou
|poke|p2|Bisharp, M
|poke|p2|Ferrothorn, F
|poke|p2|Keldeo
|poke|p2|Slowbro, M
|rule|Swagger Clause: Swagger is banned
|rule|Baton Pass Clause: Limit one PokÃ©mon knowing Baton Pass
|rule|Sleep Clause Mod: Limit one foe put to sleep
|rule|Species Clause: Limit one of each PokÃ©mon
|rule|OHKO Clause: OHKO moves are banned
|rule|Moody Clause: Moody is banned
|rule|Evasion Moves Clause: Evasion moves are banned
|rule|Endless Battle Clause: Forcing endless battles is banned
|rule|HP Percentage Mod: HP is shown in percentages
|teampreview
|c|âGenesis7|glhf
|c|âJukain|same
|J|MonoConvergence
|
|start
|switch|p1a: Clefable|Clefable, M|393\/393
|switch|p2a: Raikou|Raikou|321\/321
|-ability|p2a: Raikou|Pressure
|turn|1
|J|Santuga
|J|Croven
|J|Fireburn
|
|move|p2a: Raikou|Thunderbolt|p1a: Clefable
|-damage|p1a: Clefable|266\/393
|move|p1a: Clefable|Stealth Rock|p2a: Raikou
|-sidestart|p2: Genesis7|move: Stealth Rock
|
|-heal|p1a: Clefable|290\/393|[from] item: Leftovers
|turn|2
|J|River Martini
|
|move|p2a: Raikou|Thunderbolt|p1a: Clefable
|-damage|p1a: Clefable|166\/393
|move|p1a: Clefable|Soft-Boiled|p1a: Clefable
|-heal|p1a: Clefable|363\/393
|
|-heal|p1a: Clefable|387\/393|[from] item: Leftovers
|turn|3
|
|switch|p1a: Celebi|Celebi|404\/404
|move|p2a: Raikou|Volt Switch|p1a: Celebi
|-resisted|p1a: Celebi
|-damage|p1a: Celebi|351\/404
|J|Sadfthadsf
|J|Henry
|J|Artemisa
|
|switch|p2a: Bisharp|Bisharp, M|271\/271
|-damage|p2a: Bisharp|255\/271|[from] Stealth Rock
|
|-heal|p1a: Celebi|376\/404|[from] item: Leftovers
|turn|4
|J|Rodri18
|
|move|p2a: Bisharp|Knock Off|p1a: Celebi
|-supereffective|p1a: Celebi
|-damage|p1a: Celebi|54\/404
|-enditem|p1a: Celebi|Leftovers|[from] move: Knock Off|[of] p2a: Bisharp
|-damage|p2a: Bisharp|228\/271|[from] item: Life Orb
|move|p1a: Celebi|Thunder Wave|p2a: Bisharp
|-status|p2a: Bisharp|par
|
|turn|5
|L|Sadfthadsf
|
|move|p1a: Celebi|Recover|p1a: Celebi
|-heal|p1a: Celebi|256\/404
|move|p2a: Bisharp|Knock Off|p1a: Celebi
|-supereffective|p1a: Celebi
|-damage|p1a: Celebi|45\/404
|-damage|p2a: Bisharp|201\/271 par|[from] item: Life Orb
|
|turn|6
|J|altercation
|
|switch|p2a: Ferrothorn|Ferrothorn, F|352\/352
|-damage|p2a: Ferrothorn|330\/352|[from] Stealth Rock
|move|p1a: Celebi|Recover|p1a: Celebi
|-heal|p1a: Celebi|247\/404
|
|-heal|p2a: Ferrothorn|352\/352|[from] item: Leftovers
|turn|7
|
|switch|p1a: Charizard|Charizard, M|297\/297
|move|p2a: Ferrothorn|Stealth Rock|p1a: Charizard
|-sidestart|p1: Jukain|move: Stealth Rock
|
|turn|8
|J|the jaiho
|J|BLUNDERR
|
|switch|p2a: Slowbro|Slowbro, M|394\/394
|-damage|p2a: Slowbro|345\/394|[from] Stealth Rock
|detailschange|p1a: Charizard|Charizard-Mega-Y, M
|-mega|p1a: Charizard|Charizard|Charizardite Y
|-weather|SunnyDay
|move|p1a: Charizard|Solar Beam|p2a: Slowbro|[still]
|-prepare|p1a: Charizard|Solar Beam|p2a: Slowbro
|-anim|p1a: Charizard|Solar Beam|p2a: Slowbro
|-supereffective|p2a: Slowbro
|-damage|p2a: Slowbro|0 fnt
|faint|p2a: Slowbro
|
|-weather|SunnyDay|[upkeep]
|
|switch|p2a: Raikou|Raikou|321\/321
|-damage|p2a: Raikou|281\/321|[from] Stealth Rock
|-ability|p2a: Raikou|Pressure
|turn|9
|
|switch|p1a: Gliscor|Gliscor, F|354\/354
|-damage|p1a: Gliscor|310\/354|[from] Stealth Rock
|move|p2a: Raikou|Thunderbolt|p1a: Gliscor
|-immune|p1a: Gliscor|[msg]
|
|-weather|SunnyDay|[upkeep]
|-status|p1a: Gliscor|tox|[from] item: Toxic Orb
|turn|10
|
|switch|p2a: Gallade|Gallade, M|339\/339
|-damage|p2a: Gallade|318\/339|[from] Stealth Rock
|switch|p1a: Clefable|Clefable, M|387\/393
|
|-weather|SunnyDay|[upkeep]
|-heal|p1a: Clefable|393\/393|[from] item: Leftovers
|turn|11
|
|switch|p2a: Raikou|Raikou|281\/321
|-damage|p2a: Raikou|241\/321|[from] Stealth Rock
|-ability|p2a: Raikou|Pressure
|move|p1a: Clefable|Moonblast|p2a: Raikou
|-damage|p2a: Raikou|165\/321
|
|-weather|SunnyDay|[upkeep]
|turn|12
|
|switch|p1a: Tyranitar|Tyranitar, F|341\/341
|-damage|p1a: Tyranitar|299\/341|[from] Stealth Rock
|-weather|Sandstorm
|move|p2a: Raikou|Thunderbolt|p1a: Tyranitar
|-damage|p1a: Tyranitar|206\/341
|-status|p1a: Tyranitar|par
|
|-weather|Sandstorm|[upkeep]
|-damage|p2a: Raikou|145\/321|[from] sandstorm
|turn|13
|J|BKC
|
|move|p2a: Raikou|Thunderbolt|p1a: Tyranitar
|-damage|p1a: Tyranitar|115\/341 par
|move|p1a: Tyranitar|Crunch|p2a: Raikou
|-damage|p2a: Raikou|0 fnt
|faint|p2a: Raikou
|
|-weather|Sandstorm|[upkeep]
|
|switch|p2a: Gallade|Gallade, M|318\/339
|-damage|p2a: Gallade|297\/339|[from] Stealth Rock
|turn|14
|
|detailschange|p2a: Gallade|Gallade-Mega, M
|-mega|p2a: Gallade|Gallade|Galladite
|move|p2a: Gallade|Swords Dance|p2a: Gallade
|-boost|p2a: Gallade|atk|2
|move|p1a: Tyranitar|Crunch|p2a: Gallade
|-damage|p2a: Gallade|150\/339
|
|-weather|Sandstorm|[upkeep]
|-damage|p2a: Gallade|129\/339|[from] sandstorm
|turn|15
|J|Cnorth26
|
|move|p2a: Gallade|Close Combat|p1a: Tyranitar
|-supereffective|p1a: Tyranitar
|-damage|p1a: Tyranitar|0 fnt
|-unboost|p2a: Gallade|def|1
|-unboost|p2a: Gallade|spd|1
|faint|p1a: Tyranitar
|
|-weather|Sandstorm|[upkeep]
|-damage|p2a: Gallade|108\/339|[from] sandstorm
|J|The DragonKnight
|
|switch|p1a: Gliscor|Gliscor, F|310\/354 tox
|-damage|p1a: Gliscor|266\/354 tox|[from] Stealth Rock
|turn|16
|
|move|p2a: Gallade|Ice Punch|p1a: Gliscor
|-supereffective|p1a: Gliscor
|-damage|p1a: Gliscor|0 fnt
|faint|p1a: Gliscor
|
|-weather|none
|
|switch|p1a: Clefable|Clefable, M|393\/393
|turn|17
|
|move|p2a: Gallade|Zen Headbutt|p1a: Clefable
|-damage|p1a: Clefable|24\/393
|move|p1a: Clefable|Moonblast|p2a: Gallade
|-supereffective|p2a: Gallade
|-damage|p2a: Gallade|0 fnt
|faint|p2a: Gallade
|
|-heal|p1a: Clefable|48\/393|[from] item: Leftovers
|
|switch|p2a: Keldeo|Keldeo|323\/323
|-damage|p2a: Keldeo|303\/323|[from] Stealth Rock
|turn|18
|
|move|p2a: Keldeo|Scald|p1a: Clefable
|-damage|p1a: Clefable|0 fnt
|faint|p1a: Clefable
|
|
|switch|p1a: Tentacruel|Tentacruel, F|364\/364
|-damage|p1a: Tentacruel|319\/364|[from] Stealth Rock
|turn|19
|
|move|p2a: Keldeo|Scald|p1a: Tentacruel
|-resisted|p1a: Tentacruel
|-damage|p1a: Tentacruel|226\/364
|move|p1a: Tentacruel|Rapid Spin|p2a: Keldeo
|-damage|p2a: Keldeo|291\/323
|-sideend|p1: Jukain|Stealth Rock|[from] move: Rapid Spin|[of] p1a: Tentacruel
|
|-heal|p1a: Tentacruel|248\/364|[from] item: Black Sludge
|turn|20
|
|switch|p2a: Bisharp|Bisharp, M|201\/271 par
|-damage|p2a: Bisharp|185\/271 par|[from] Stealth Rock
|move|p1a: Tentacruel|Acid Spray|p2a: Bisharp
|-immune|p2a: Bisharp|[msg]
|
|-heal|p1a: Tentacruel|270\/364|[from] item: Black Sludge
|turn|21
|
|move|p1a: Tentacruel|Hidden Power|p2a: Bisharp
|-supereffective|p2a: Bisharp
|-damage|p2a: Bisharp|59\/271 par
|move|p2a: Bisharp|Knock Off|p1a: Tentacruel
|-damage|p1a: Tentacruel|0 fnt
|-enditem|p1a: Tentacruel|Black Sludge|[from] move: Knock Off|[of] p2a: Bisharp
|-damage|p2a: Bisharp|32\/271 par|[from] item: Life Orb
|faint|p1a: Tentacruel
|
|
|switch|p1a: Celebi|Celebi|247\/404
|turn|22
|c|âGenesis7|do you have that glitch where the mega sprites don't show in the team matchup?
|J|I'm a Pixel Girl
|c|âJukain|yes
|
|cant|p2a: Bisharp|par
|move|p1a: Celebi|Recover|p1a: Celebi
|-heal|p1a: Celebi|404\/404
|
|turn|23
|c|âGenesis7|ok
|
|move|p1a: Celebi|Thunder Wave|p2a: Bisharp
|-fail|p2a: Bisharp|par
|cant|p2a: Bisharp|par
|
|turn|24
|J|habajiga
|
|move|p2a: Bisharp|Sucker Punch|p1a: Celebi
|-supereffective|p1a: Celebi
|-damage|p1a: Celebi|160\/404
|-damage|p2a: Bisharp|5\/271 par|[from] item: Life Orb
|move|p1a: Celebi|Earth Power|p2a: Bisharp
|-supereffective|p2a: Bisharp
|-damage|p2a: Bisharp|0 fnt
|faint|p2a: Bisharp
|
|J|Sweep
|
|switch|p2a: Keldeo|Keldeo|291\/323
|-damage|p2a: Keldeo|271\/323|[from] Stealth Rock
|turn|25
|
|switch|p1a: Charizard|Charizard-Mega-Y, M|297\/297
|-weather|SunnyDay
|move|p2a: Keldeo|Icy Wind|p1a: Charizard
|-damage|p1a: Charizard|209\/297
|-unboost|p1a: Charizard|spe|1
|
|-weather|SunnyDay|[upkeep]
|turn|26
|
|switch|p2a: Ferrothorn|Ferrothorn, F|352\/352
|-damage|p2a: Ferrothorn|330\/352|[from] Stealth Rock
|move|p1a: Charizard|Solar Beam|p2a: Ferrothorn|[still]
|-prepare|p1a: Charizard|Solar Beam|p2a: Ferrothorn
|-anim|p1a: Charizard|Solar Beam|p2a: Ferrothorn
|-resisted|p2a: Ferrothorn
|-damage|p2a: Ferrothorn|290\/352
|
|-weather|SunnyDay|[upkeep]
|-heal|p2a: Ferrothorn|312\/352|[from] item: Leftovers
|turn|27
|
|move|p1a: Charizard|Solar Beam|p2a: Ferrothorn|[still]
|-prepare|p1a: Charizard|Solar Beam|p2a: Ferrothorn
|-anim|p1a: Charizard|Solar Beam|p2a: Ferrothorn
|-resisted|p2a: Ferrothorn
|-damage|p2a: Ferrothorn|274\/352
|move|p2a: Ferrothorn|Gyro Ball|p1a: Charizard
|-resisted|p1a: Charizard
|-damage|p1a: Charizard|122\/297
|
|-weather|SunnyDay|[upkeep]
|-heal|p2a: Ferrothorn|296\/352|[from] item: Leftovers
|turn|28
|c|+Henry|why...
|
|move|p1a: Charizard|Roost|p1a: Charizard
|-heal|p1a: Charizard|271\/297
|move|p2a: Ferrothorn|Gyro Ball|p1a: Charizard
|-resisted|p1a: Charizard
|-damage|p1a: Charizard|193\/297
|
|-weather|SunnyDay|[upkeep]
|-heal|p2a: Ferrothorn|318\/352|[from] item: Leftovers
|turn|29
|
|move|p2a: Ferrothorn|Protect|p2a: Ferrothorn
|-singleturn|p2a: Ferrothorn|Protect
|move|p1a: Charizard|Flamethrower|p2a: Ferrothorn
|-activate|p2a: Ferrothorn|Protect
|
|-weather|none
|-heal|p2a: Ferrothorn|340\/352|[from] item: Leftovers
|turn|30
|
|switch|p1a: Celebi|Celebi|160\/404
|move|p2a: Ferrothorn|Gyro Ball|p1a: Celebi
|-damage|p1a: Celebi|31\/404
|
|-heal|p2a: Ferrothorn|352\/352|[from] item: Leftovers
|turn|31
|L|Henry
|
|move|p1a: Celebi|Recover|p1a: Celebi
|-heal|p1a: Celebi|233\/404
|move|p2a: Ferrothorn|Stealth Rock|p1a: Celebi
|-sidestart|p1: Jukain|move: Stealth Rock
|
|turn|32
|
|move|p1a: Celebi|Recover|p1a: Celebi
|-heal|p1a: Celebi|404\/404
|move|p2a: Ferrothorn|Gyro Ball|p1a: Celebi
|-crit|p1a: Celebi
|-damage|p1a: Celebi|202\/404
|
|turn|33
|
|switch|p2a: Keldeo|Keldeo|271\/323
|-damage|p2a: Keldeo|251\/323|[from] Stealth Rock
|move|p1a: Celebi|Recover|p1a: Celebi
|-heal|p1a: Celebi|404\/404
|
|turn|34
|J|Qubae
|J|AM
|L|AM
|
|switch|p2a: Ferrothorn|Ferrothorn, F|352\/352
|-damage|p2a: Ferrothorn|330\/352|[from] Stealth Rock
|move|p1a: Celebi|Giga Drain|p2a: Ferrothorn
|-resisted|p2a: Ferrothorn
|-damage|p2a: Ferrothorn|312\/352
|
|-heal|p2a: Ferrothorn|334\/352|[from] item: Leftovers
|turn|35
|
|move|p1a: Celebi|Earth Power|p2a: Ferrothorn
|-damage|p2a: Ferrothorn|273\/352
|move|p2a: Ferrothorn|Leech Seed|p1a: Celebi
|-immune|p1a: Celebi|[msg]
|
|-heal|p2a: Ferrothorn|295\/352|[from] item: Leftovers
|turn|36
|
|move|p1a: Celebi|Earth Power|p2a: Ferrothorn
|-damage|p2a: Ferrothorn|230\/352
|move|p2a: Ferrothorn|Gyro Ball|p1a: Celebi
|-damage|p1a: Celebi|275\/404
|
|-heal|p2a: Ferrothorn|252\/352|[from] item: Leftovers
|turn|37
|
|move|p1a: Celebi|Earth Power|p2a: Ferrothorn
|-damage|p2a: Ferrothorn|185\/352
|move|p2a: Ferrothorn|Leech Seed|p1a: Celebi|[miss]
|-miss|p2a: Ferrothorn|p1a: Celebi
|
|-heal|p2a: Ferrothorn|207\/352|[from] item: Leftovers
|turn|38
|
|move|p1a: Celebi|Earth Power|p2a: Ferrothorn
|-damage|p2a: Ferrothorn|148\/352
|-unboost|p2a: Ferrothorn|spd|1
|move|p2a: Ferrothorn|Gyro Ball|p1a: Celebi
|-damage|p1a: Celebi|149\/404
|
|-heal|p2a: Ferrothorn|170\/352|[from] item: Leftovers
|turn|39
|L|River Martini
|
|switch|p2a: Keldeo|Keldeo|251\/323
|-damage|p2a: Keldeo|231\/323|[from] Stealth Rock
|move|p1a: Celebi|Recover|p1a: Celebi
|-heal|p1a: Celebi|351\/404
|
|turn|40
|
|move|p2a: Keldeo|Icy Wind|p1a: Celebi
|-supereffective|p1a: Celebi
|-damage|p1a: Celebi|169\/404
|-unboost|p1a: Celebi|spe|1
|move|p1a: Celebi|Thunder Wave|p2a: Keldeo
|-status|p2a: Keldeo|par
|
|turn|41
|
|move|p1a: Celebi|Giga Drain|p2a: Keldeo
|-supereffective|p2a: Keldeo
|-damage|p2a: Keldeo|27\/323 par
|-heal|p1a: Celebi|271\/404|[from] drain|[of] p2a: Keldeo
|move|p2a: Keldeo|Icy Wind|p1a: Celebi
|-supereffective|p1a: Celebi
|-damage|p1a: Celebi|87\/404
|-unboost|p1a: Celebi|spe|1
|
|turn|42
|
|move|p1a: Celebi|Earth Power|p2a: Keldeo
|-damage|p2a: Keldeo|0 fnt
|faint|p2a: Keldeo
|
|c|âGenesis7|gg
|c|âJukain|gg
|-message|Genesis7 forfeited.
|
|win|Jukain