|inactive|Battle timer is ON: inactive players will automatically lose when time's up.
|J|Jukain
|J|xtraDOLLARshine
|player|p1|Jukain|291
|player|p2|xtraDOLLARshine|68
|gametype|singles
|gen|6
|tier|OU
|clearpoke
|poke|p1|Serperior, M
|poke|p1|Gyarados, F
|poke|p1|Latias, F
|poke|p1|Metagross
|poke|p1|Garchomp, F
|poke|p1|Talonflame, F
|poke|p2|Garchomp, M
|poke|p2|Magnezone
|poke|p2|Pinsir, M
|poke|p2|Azumarill, M
|poke|p2|Tornadus-Therian, M
|poke|p2|Bisharp, F
|rule|Swagger Clause: Swagger is banned
|rule|Baton Pass Clause: Limit one PokÃ©mon knowing Baton Pass
|rule|Sleep Clause Mod: Limit one foe put to sleep
|rule|Species Clause: Limit one of each PokÃ©mon
|rule|OHKO Clause: OHKO moves are banned
|rule|Moody Clause: Moody is banned
|rule|Evasion Moves Clause: Evasion moves are banned
|rule|Endless Battle Clause: Forcing endless battles is banned
|rule|HP Percentage Mod: HP is shown in percentages
|teampreview
|J|L'Kebap
|J|Starmei
|J|Bowlart84
|J|Korby
|J|Ah Yueah
|J|Fedayi
|
|start
|switch|p1a: Latias|Latias, F|301\/301
|switch|p2a: Tornadus-Therian|Tornadus-Therian, M|299\/299
|turn|1
|J|the jaiho
|J|Aurious
|J|Le Austin
|L|the jaiho
|J|boudouche
|L|boudouche
|J|daftmau5
|J|River Martini
|J|Marky B
|J|I Iike Squirtles
|J|RedKingAlmighty
|J|gizmo
|J|craing ;_;
|J|steelphoenix
|
|move|p2a: Tornadus-Therian|U-turn|p1a: Latias
|-supereffective|p1a: Latias
|-damage|p1a: Latias|155\/301
|J|WECAMEASROMANS
|J|Mistaken
|
|switch|p2a: Bisharp|Bisharp, F|271\/271
|move|p1a: Latias|Draco Meteor|p2a: Bisharp
|-resisted|p2a: Bisharp
|-damage|p2a: Bisharp|103\/271
|-unboost|p1a: Latias|spa|2
|-damage|p1a: Latias|125\/301|[from] item: Life Orb
|
|turn|2
|L|gizmo
|J|Ernes
|J|gizmo
|
|switch|p1a: Garchomp|Garchomp, F|420\/420
|move|p2a: Bisharp|Knock Off|p1a: Garchomp
|-damage|p1a: Garchomp|302\/420
|-damage|p2a: Bisharp|70\/271|[from] ability: Rough Skin|[of] p1a: Garchomp
|-damage|p2a: Bisharp|25\/271|[from] item: Rocky Helmet|[of] p1a: Garchomp
|-enditem|p1a: Garchomp|Rocky Helmet|[from] move: Knock Off|[of] p2a: Bisharp
|
|turn|3
|c|+gizmo|holy fuck
|c|+RedKingAlmighty|balk
|
|switch|p2a: Garchomp|Garchomp, M|357\/357
|move|p1a: Garchomp|Stealth Rock|p2a: Garchomp
|-sidestart|p2: xtraDOLLARshine|move: Stealth Rock
|
|turn|4
|
|move|p2a: Garchomp|Stealth Rock|p1a: Garchomp
|-sidestart|p1: Jukain|move: Stealth Rock
|move|p1a: Garchomp|Dragon Tail|p2a: Garchomp
|-supereffective|p2a: Garchomp
|-damage|p2a: Garchomp|183\/357
|-damage|p1a: Garchomp|250\/420|[from] ability: Rough Skin|[of] p2a: Garchomp
|drag|p2a: Tornadus-Therian|Tornadus-Therian, M|299\/299
|-damage|p2a: Tornadus-Therian|225\/299|[from] Stealth Rock
|
|turn|5
|J|chimpact
|J|Yuttt.ttttt
|J|volcarno129
|
|move|p2a: Tornadus-Therian|U-turn|p1a: Garchomp
|-damage|p1a: Garchomp|201\/420
|-damage|p2a: Tornadus-Therian|188\/299|[from] ability: Rough Skin|[of] p1a: Garchomp
|
|switch|p2a: Azumarill|Azumarill, M|342\/342
|-damage|p2a: Azumarill|300\/342|[from] Stealth Rock
|move|p1a: Garchomp|Toxic|p2a: Azumarill
|-status|p2a: Azumarill|tox
|
|-damage|p2a: Azumarill|279\/342 tox|[from] psn
|turn|6
|J|Stathakis
|
|move|p1a: Garchomp|Earthquake|p2a: Azumarill
|-damage|p2a: Azumarill|89\/342 tox
|-enditem|p2a: Azumarill|Sitrus Berry|[eat]
|-heal|p2a: Azumarill|174\/342 tox|[from] item: Sitrus Berry
|move|p2a: Azumarill|Play Rough|p1a: Garchomp
|-supereffective|p1a: Garchomp
|-damage|p1a: Garchomp|0 fnt
|-damage|p2a: Azumarill|132\/342 tox|[from] ability: Rough Skin|[of] p1a: Garchomp
|faint|p1a: Garchomp
|
|-damage|p2a: Azumarill|90\/342 tox|[from] psn
|c|+gizmo|what kind of booty set is this
|J|FAJI
|J|metmaver
|J|MonoConvergence
|
|switch|p1a: Metagross|Metagross|301\/301
|-damage|p1a: Metagross|283\/301|[from] Stealth Rock
|turn|7
|
|detailschange|p1a: Metagross|Metagross-Mega
|-mega|p1a: Metagross|Metagross|Metagrossite
|move|p2a: Azumarill|Aqua Jet|p1a: Metagross
|-damage|p1a: Metagross|226\/301
|move|p1a: Metagross|Meteor Mash|p2a: Azumarill
|-damage|p2a: Azumarill|0 fnt
|faint|p2a: Azumarill
|
|
|switch|p2a: Bisharp|Bisharp, F|25\/271
|-damage|p2a: Bisharp|9\/271|[from] Stealth Rock
|turn|8
|J|yuy
|J|Quadrant
|J|gyarad0site
|
|switch|p1a: Latias|Latias, F|125\/301
|-damage|p1a: Latias|88\/301|[from] Stealth Rock
|move|p2a: Bisharp|Knock Off|p1a: Latias
|-supereffective|p1a: Latias
|-damage|p1a: Latias|0 fnt
|-enditem|p1a: Latias|Life Orb|[from] move: Knock Off|[of] p2a: Bisharp
|faint|p1a: Latias
|
|J|phil
|
|switch|p1a: Talonflame|Talonflame, F|359\/359
|-damage|p1a: Talonflame|180\/359|[from] Stealth Rock
|turn|9
|L|phil
|L|daftmau5
|
|move|p1a: Talonflame|Acrobatics|p2a: Bisharp
|-resisted|p2a: Bisharp
|-damage|p2a: Bisharp|0 fnt
|faint|p2a: Bisharp
|
|
|switch|p2a: Magnezone|Magnezone|321\/321
|-damage|p2a: Magnezone|301\/321|[from] Stealth Rock
|turn|10
|J|Booty Masseur
|J|El-Soldier
|J|Fireburn
|
|move|p1a: Talonflame|Roost|p1a: Talonflame
|-heal|p1a: Talonflame|359\/359
|move|p2a: Magnezone|Thunderbolt|p1a: Talonflame
|-damage|p1a: Talonflame|133\/359
|
|turn|11
|L|Korby
|J|Pat Lab
|J|bugzinator RC
|L|bugzinator RC
|
|move|p1a: Talonflame|Acrobatics|p2a: Magnezone
|-resisted|p2a: Magnezone
|-damage|p2a: Magnezone|265\/321
|move|p2a: Magnezone|Thunderbolt|p1a: Talonflame
|-supereffective|p1a: Talonflame
|-damage|p1a: Talonflame|0 fnt
|faint|p1a: Talonflame
|
|
|switch|p1a: Metagross|Metagross-Mega|226\/301
|-damage|p1a: Metagross|208\/301|[from] Stealth Rock
|turn|12
|L|Mistaken
|J|Living So Zambian
|J|Jefo
|
|switch|p2a: Garchomp|Garchomp, M|183\/357
|-damage|p2a: Garchomp|161\/357|[from] Stealth Rock
|move|p1a: Metagross|Hammer Arm|p2a: Garchomp
|-damage|p2a: Garchomp|0 fnt
|-damage|p1a: Metagross|171\/301|[from] ability: Rough Skin|[of] p2a: Garchomp
|-unboost|p1a: Metagross|spe|1
|faint|p2a: Garchomp
|
|L|L'Kebap
|J|Time Stall
|J|L'Kebap
|
|switch|p2a: Pinsir|Pinsir, M|271\/271
|-damage|p2a: Pinsir|204\/271|[from] Stealth Rock
|turn|13
|J|Zamrock
|J|A2tehBR
|
|detailschange|p2a: Pinsir|Pinsir-Mega, M
|-mega|p2a: Pinsir|Pinsir|Pinsirite
|move|p2a: Pinsir|Earthquake|p1a: Metagross
|-supereffective|p1a: Metagross
|-damage|p1a: Metagross|0 fnt
|faint|p1a: Metagross
|
|J|daftmau5
|J|dedic
|J|sugarhigh
|L|Stathakis
|J|Pomman
|J|hero of pein
|L|Pomman
|
|switch|p1a: Serperior|Serperior, M|289\/289
|-damage|p1a: Serperior|253\/289|[from] Stealth Rock
|turn|14
|J|Stathakis
|
|move|p1a: Serperior|Dragon Pulse|p2a: Pinsir
|-damage|p2a: Pinsir|101\/271
|-damage|p1a: Serperior|225\/289|[from] item: Life Orb
|move|p2a: Pinsir|Swords Dance|p2a: Pinsir
|-boost|p2a: Pinsir|atk|2
|
|turn|15
|
|move|p2a: Pinsir|Quick Attack|p1a: Serperior
|-supereffective|p1a: Serperior
|-damage|p1a: Serperior|0 fnt
|faint|p1a: Serperior
|
|
|switch|p1a: Gyarados|Gyarados, F|333\/333
|-damage|p1a: Gyarados|250\/333|[from] Stealth Rock
|-ability|p1a: Gyarados|Intimidate|[of] p2a: Pinsir
|-unboost|p2a: Pinsir|atk|1
|turn|16
|c|âxtraDOLLARshine|gangsta gee gee
|c|âxtraDOLLARshine|or skarf 
|
|move|p2a: Pinsir|Frustration|p1a: Gyarados
|-crit|p1a: Gyarados
|-damage|p1a: Gyarados|0 fnt
|faint|p1a: Gyarados
|
|win|xtraDOLLARshine
|L|Jukain
|player|p1
|L|Living So Zambian
|L|WECAMEASROMANS
|J|galactico
|c|âxtraDOLLARshine|phew
|c|âxtraDOLLARshine|that almost tooted my horn
|L|Ah Yueah
|L|Aurious
|L|galactico
|c|âxtraDOLLARshine|gg breh
|J|galactico
|L|Le Austin
|L|Yuttt.ttttt
|L|A2tehBR
|L|galactico
|L|Zamrock
|L|xtraDOLLARshine
|player|p2
|L|Marky B
|L|Booty Masseur
|L|Starmei
|c|+gizmo|gg
|L|Fedayi
|L|craing ;_;
|L|El-Soldier
|L|gizmo
|J|PoweredByRevenge
|L|Quadrant
|L|gyarad0site
|J|Quadrant
|L|Quadrant
|L|Stathakis
|L|dedic
|L|PoweredByRevenge
|L|L'Kebap
|L|metmaver
|L|FAJI
|J|Cosine180
|L|chimpact