|join|DD-sixer
|join|Miss Noob
|player|p1|DD-sixer|160
|player|p2|Miss Noob|266
|gametype|singles
|gen|6
|tier|OU
|rated
|clearpoke
|poke|p1|Skarmory, F
|poke|p1|Mamoswine, M
|poke|p1|Keldeo
|poke|p1|Pinsir, F
|poke|p1|Blissey, F
|poke|p1|Celebi
|poke|p2|Talonflame, F
|poke|p2|Breloom, M
|poke|p2|Klefki, M
|poke|p2|Gyarados, F
|poke|p2|Greninja, M
|poke|p2|Latias, F
|rule|Swagger Clause: Swagger is banned
|rule|Baton Pass Clause: Limit one PokÃ©mon knowing Baton Pass
|rule|Sleep Clause Mod: Limit one foe put to sleep
|rule|Species Clause: Limit one of each PokÃ©mon
|rule|OHKO Clause: OHKO moves are banned
|rule|Moody Clause: Moody is banned
|rule|Evasion Moves Clause: Evasion moves are banned
|rule|Endless Battle Clause: Forcing endless battles is banned
|rule|HP Percentage Mod: HP is shown in percentages
|teampreview
|
|start
|switch|p1a: Skarmory|Skarmory, F|329\/329
|switch|p2a: Klefki|Klefki, M|318\/318
|turn|1
|
|switch|p2a: Latias|Latias, F|301\/301
|move|p1a: Skarmory|Iron Head|p2a: Latias
|-damage|p2a: Latias|166\/301
|
|turn|2
|
|switch|p1a: Mamoswine|Mamoswine, M|362\/362
|move|p2a: Latias|Trick|p1a: Mamoswine
|-activate|p2a: Latias|move: Trick|[of] p1a: Mamoswine
|-item|p1a: Mamoswine|Choice Specs|[from] move: Trick
|-item|p2a: Latias|Focus Sash|[from] move: Trick
|
|turn|3
|
|switch|p2a: Klefki|Klefki, M|318\/318
|move|p1a: Mamoswine|Icicle Crash|p2a: Klefki
|-resisted|p2a: Klefki
|-damage|p2a: Klefki|245\/318
|
|turn|4
|
|move|p2a: Klefki|Reflect|p2a: Klefki
|-sidestart|p2: Miss Noob|Reflect
|move|p1a: Mamoswine|Icicle Crash|p2a: Klefki|[miss]
|-miss|p1a: Mamoswine|p2a: Klefki
|
|turn|5
|
|switch|p1a: Blissey|Blissey, F|714\/714
|move|p2a: Klefki|Toxic|p1a: Blissey
|-status|p1a: Blissey|tox
|
|-damage|p1a: Blissey|670\/714 tox|[from] psn
|turn|6
|
|switch|p2a: Breloom|Breloom, M|287\/287
|move|p1a: Blissey|Fire Blast|p2a: Breloom|[miss]
|-miss|p1a: Blissey|p2a: Breloom
|
|-heal|p1a: Blissey|714\/714 tox|[from] item: Leftovers
|-damage|p1a: Blissey|626\/714 tox|[from] psn
|-status|p2a: Breloom|tox|[from] item: Toxic Orb
|turn|7
|
|switch|p1a: Pinsir|Pinsir, F|301\/301
|move|p2a: Breloom|Substitute|p2a: Breloom
|-start|p2a: Breloom|Substitute
|-damage|p2a: Breloom|216\/287 tox
|
|-heal|p2a: Breloom|251\/287 tox|[from] ability: Poison Heal
|turn|8
|
|detailschange|p1a: Pinsir|Pinsir-Mega, F
|message|Pinsir has Mega Evolved into Mega Pinsir!
|move|p1a: Pinsir|Quick Attack|p2a: Breloom
|-supereffective|p2a: Breloom
|-end|p2a: Breloom|Substitute
|move|p2a: Breloom|Spore|p1a: Pinsir
|-status|p1a: Pinsir|slp
|
|-heal|p2a: Breloom|286\/287 tox|[from] ability: Poison Heal
|turn|9
|
|switch|p2a: Talonflame|Talonflame, F|319\/319
|cant|p1a: Pinsir|slp
|
|turn|10
|
|switch|p1a: Skarmory|Skarmory, F|329\/329
|move|p2a: Talonflame|Flare Blitz|p1a: Skarmory
|-supereffective|p1a: Skarmory
|-damage|p1a: Skarmory|123\/329
|-damage|p2a: Talonflame|251\/319|[from] recoil|[of] p1a: Skarmory
|
|-heal|p1a: Skarmory|143\/329|[from] item: Leftovers
|turn|11
|
|move|p2a: Talonflame|Flare Blitz|p1a: Skarmory
|-supereffective|p1a: Skarmory
|-damage|p1a: Skarmory|0 fnt
|-damage|p2a: Talonflame|204\/319|[from] recoil|[of] p1a: Skarmory
|faint|p1a: Skarmory
|
|-sideend|p2: Miss Noob|Reflect
|
|switch|p1a: Mamoswine|Mamoswine, M|362\/362
|turn|12
|
|switch|p2a: Klefki|Klefki, M|245\/318
|move|p1a: Mamoswine|Icicle Crash|p2a: Klefki
|-resisted|p2a: Klefki
|-damage|p2a: Klefki|181\/318
|
|turn|13
|
|move|p2a: Klefki|Reflect|p2a: Klefki
|-sidestart|p2: Miss Noob|Reflect
|move|p1a: Mamoswine|Icicle Crash|p2a: Klefki|[miss]
|-miss|p1a: Mamoswine|p2a: Klefki
|
|turn|14
|
|switch|p2a: Gyarados|Gyarados, F|331\/331
|-ability|p2a: Gyarados|Intimidate|[of] p1a: Mamoswine
|-unboost|p1a: Mamoswine|atk|1
|move|p1a: Mamoswine|Icicle Crash|p2a: Gyarados
|-damage|p2a: Gyarados|258\/331
|
|turn|15
|
|detailschange|p2a: Gyarados|Gyarados-Mega, F
|message|Gyarados has Mega Evolved into Mega Gyarados!
|-ability|p2a: Gyarados|Mold Breaker
|move|p2a: Gyarados|Substitute|p2a: Gyarados
|-start|p2a: Gyarados|Substitute
|-damage|p2a: Gyarados|176\/331
|move|p1a: Mamoswine|Icicle Crash|p2a: Gyarados
|-resisted|p2a: Gyarados
|-activate|p2a: Gyarados|Substitute|[damage]
|
|turn|16
|
|switch|p1a: Pinsir|Pinsir-Mega, F|301\/301 slp
|move|p2a: Gyarados|Dragon Dance|p2a: Gyarados
|-boost|p2a: Gyarados|atk|1
|-boost|p2a: Gyarados|spe|1
|
|turn|17
|
|move|p2a: Gyarados|Waterfall|p1a: Pinsir
|-damage|p1a: Pinsir|96\/301 slp
|-curestatus|p1a: Pinsir|slp
|move|p1a: Pinsir|Return|p2a: Gyarados
|-end|p2a: Gyarados|Substitute
|
|turn|18
|-message|DD-sixer forfeited.
|
|win|Miss Noob
|raw|Ladder updating...
|leave|DD-sixer
|player|p1
|raw|DD-sixer's rating: 1451 &rarr; <strong>1435<\/strong><br \/>(-16 for losing)
|raw|Miss Noob's rating: 1505 &rarr; <strong>1522<\/strong><br \/>(+17 for winning)