|join|Miss Noob
|join|In Your Window
|player|p1|Miss Noob|283
|player|p2|In Your Window|169
|gametype|singles
|gen|6
|tier|OU
|rated
|clearpoke
|poke|p1|Talonflame, M
|poke|p1|Gyarados, F
|poke|p1|Breloom, M
|poke|p1|Uxie
|poke|p1|Scolipede, F
|poke|p1|Raikou
|poke|p2|Tyranitar, M
|poke|p2|Altaria, F
|poke|p2|Excadrill, M
|poke|p2|Kyurem-Black
|poke|p2|Ferrothorn, M
|poke|p2|Talonflame, M
|rule|Swagger Clause: Swagger is banned
|rule|Baton Pass Clause: Limit one PokÃ©mon knowing Baton Pass
|rule|Sleep Clause Mod: Limit one foe put to sleep
|rule|Species Clause: Limit one of each PokÃ©mon
|rule|OHKO Clause: OHKO moves are banned
|rule|Moody Clause: Moody is banned
|rule|Evasion Moves Clause: Evasion moves are banned
|rule|Endless Battle Clause: Forcing endless battles is banned
|rule|HP Percentage Mod: HP is shown in percentages
|teampreview
|
|start
|switch|p1a: Uxie|Uxie|353\/353
|switch|p2a: Tyranitar|Tyranitar, M|365\/365
|-weather|Sandstorm
|turn|1
|
|move|p1a: Uxie|Stealth Rock|p2a: Tyranitar
|-sidestart|p2: In Your Window|move: Stealth Rock
|move|p2a: Tyranitar|Stealth Rock|p1a: Uxie
|-sidestart|p1: Miss Noob|move: Stealth Rock
|
|-weather|Sandstorm|[upkeep]
|-damage|p1a: Uxie|331\/353|[from] sandstorm
|-heal|p1a: Uxie|353\/353|[from] item: Leftovers
|turn|2
|
|move|p1a: Uxie|Yawn|p2a: Tyranitar
|-start|p2a: Tyranitar|move: Yawn|[of] p1a: Uxie
|move|p2a: Tyranitar|Pursuit|p1a: Uxie
|-supereffective|p1a: Uxie
|-damage|p1a: Uxie|245\/353
|
|-weather|Sandstorm|[upkeep]
|-damage|p1a: Uxie|223\/353|[from] sandstorm
|-heal|p1a: Uxie|245\/353|[from] item: Leftovers
|turn|3
|
|switch|p2a: Excadrill|Excadrill, M|385\/385
|-damage|p2a: Excadrill|373\/385|[from] Stealth Rock
|move|p1a: Uxie|Yawn|p2a: Excadrill
|-start|p2a: Excadrill|move: Yawn|[of] p1a: Uxie
|
|-weather|Sandstorm|[upkeep]
|-damage|p1a: Uxie|223\/353|[from] sandstorm
|-heal|p1a: Uxie|245\/353|[from] item: Leftovers
|turn|4
|
|switch|p2a: Ferrothorn|Ferrothorn, M|352\/352
|-damage|p2a: Ferrothorn|330\/352|[from] Stealth Rock
|move|p1a: Uxie|U-turn|p2a: Ferrothorn
|-damage|p2a: Ferrothorn|304\/352
|-damage|p1a: Uxie|201\/353|[from] ability: Iron Barbs|[of] p2a: Ferrothorn
|
|switch|p1a: Scolipede|Scolipede, F|323\/323
|-damage|p1a: Scolipede|243\/323|[from] Stealth Rock
|
|-weather|Sandstorm|[upkeep]
|-damage|p1a: Scolipede|223\/323|[from] sandstorm
|-heal|p1a: Scolipede|243\/323|[from] item: Black Sludge
|-heal|p2a: Ferrothorn|326\/352|[from] item: Leftovers
|turn|5
|
|move|p1a: Scolipede|Substitute|p1a: Scolipede
|-start|p1a: Scolipede|Substitute
|-damage|p1a: Scolipede|163\/323
|move|p2a: Ferrothorn|Spikes|p1a: Scolipede
|-sidestart|p1: Miss Noob|Spikes
|
|-weather|Sandstorm|[upkeep]
|-damage|p1a: Scolipede|143\/323|[from] sandstorm
|-heal|p1a: Scolipede|163\/323|[from] item: Black Sludge
|-heal|p2a: Ferrothorn|348\/352|[from] item: Leftovers
|-boost|p1a: Scolipede|spe|1|[from] ability: Speed Boost
|turn|6
|
|move|p1a: Scolipede|Iron Defense|p1a: Scolipede
|-boost|p1a: Scolipede|def|2
|move|p2a: Ferrothorn|Gyro Ball|p1a: Scolipede
|-end|p1a: Scolipede|Substitute
|
|-weather|Sandstorm|[upkeep]
|-damage|p1a: Scolipede|143\/323|[from] sandstorm
|-heal|p1a: Scolipede|163\/323|[from] item: Black Sludge
|-heal|p2a: Ferrothorn|352\/352|[from] item: Leftovers
|-boost|p1a: Scolipede|spe|1|[from] ability: Speed Boost
|turn|7
|
|switch|p2a: Talonflame|Talonflame, M|321\/321
|-damage|p2a: Talonflame|161\/321|[from] Stealth Rock
|move|p1a: Scolipede|Iron Defense|p1a: Scolipede
|-boost|p1a: Scolipede|def|2
|
|-weather|Sandstorm|[upkeep]
|-damage|p1a: Scolipede|143\/323|[from] sandstorm
|-damage|p2a: Talonflame|141\/321|[from] sandstorm
|-heal|p1a: Scolipede|163\/323|[from] item: Black Sludge
|-boost|p1a: Scolipede|spe|1|[from] ability: Speed Boost
|turn|8
|
|move|p1a: Scolipede|Baton Pass|p1a: Scolipede
|
|switch|p1a: Raikou|Raikou|321\/321
|-damage|p1a: Raikou|281\/321|[from] Spikes
|-damage|p1a: Raikou|241\/321|[from] Stealth Rock
|-ability|p1a: Raikou|Pressure
|move|p2a: Talonflame|Taunt|p1a: Raikou
|-start|p1a: Raikou|move: Taunt
|
|-weather|none
|-heal|p1a: Raikou|261\/321|[from] item: Leftovers
|turn|9
|
|switch|p2a: Tyranitar|Tyranitar, M|365\/365
|-damage|p2a: Tyranitar|320\/365|[from] Stealth Rock
|-weather|Sandstorm
|move|p1a: Raikou|Thunderbolt|p2a: Tyranitar
|-damage|p2a: Tyranitar|235\/365
|
|-weather|Sandstorm|[upkeep]
|-damage|p1a: Raikou|241\/321|[from] sandstorm
|-heal|p1a: Raikou|261\/321|[from] item: Leftovers
|turn|10
|
|move|p1a: Raikou|Thunderbolt|p2a: Tyranitar
|-damage|p2a: Tyranitar|144\/365
|-status|p2a: Tyranitar|par
|move|p2a: Tyranitar|Stone Edge|p1a: Raikou|[miss]
|-miss|p2a: Tyranitar|p1a: Raikou
|
|-weather|Sandstorm|[upkeep]
|-damage|p1a: Raikou|241\/321|[from] sandstorm
|-heal|p1a: Raikou|261\/321|[from] item: Leftovers
|turn|11
|c|âMiss Noob|sorry
|
|switch|p2a: Excadrill|Excadrill, M|373\/385
|-damage|p2a: Excadrill|361\/385|[from] Stealth Rock
|move|p1a: Raikou|Thunderbolt|p2a: Excadrill
|-immune|p2a: Excadrill|[msg]
|
|-weather|Sandstorm|[upkeep]
|-damage|p1a: Raikou|241\/321|[from] sandstorm
|-heal|p1a: Raikou|261\/321|[from] item: Leftovers
|-end|p1a: Raikou|move: Taunt
|turn|12
|c|âIn Your Window|it's fine
|
|move|p1a: Raikou|Hidden Power|p2a: Excadrill
|-damage|p2a: Excadrill|264\/385
|move|p2a: Excadrill|Earthquake|p1a: Raikou
|-supereffective|p1a: Raikou
|-damage|p1a: Raikou|40\/321
|-damage|p2a: Excadrill|226\/385|[from] item: Life Orb
|
|-weather|Sandstorm|[upkeep]
|-damage|p1a: Raikou|20\/321|[from] sandstorm
|-heal|p1a: Raikou|40\/321|[from] item: Leftovers
|turn|13
|
|move|p1a: Raikou|Hidden Power|p2a: Excadrill
|-damage|p2a: Excadrill|131\/385
|move|p2a: Excadrill|Rapid Spin|p1a: Raikou
|-damage|p1a: Raikou|26\/321
|-sideend|p2: In Your Window|Stealth Rock|[from] move: Rapid Spin|[of] p2a: Excadrill
|-damage|p2a: Excadrill|93\/385|[from] item: Life Orb
|
|-weather|Sandstorm|[upkeep]
|-damage|p1a: Raikou|6\/321|[from] sandstorm
|-heal|p1a: Raikou|26\/321|[from] item: Leftovers
|turn|14
|
|switch|p2a: Kyurem-Black|Kyurem-Black|403\/403
|-ability|p2a: Kyurem-Black|Teravolt
|move|p1a: Raikou|Hidden Power|p2a: Kyurem-Black
|-damage|p2a: Kyurem-Black|356\/403
|
|-weather|Sandstorm|[upkeep]
|-damage|p1a: Raikou|6\/321|[from] sandstorm
|-damage|p2a: Kyurem-Black|331\/403|[from] sandstorm
|-heal|p1a: Raikou|26\/321|[from] item: Leftovers
|turn|15
|
|move|p1a: Raikou|Thunderbolt|p2a: Kyurem-Black
|-resisted|p2a: Kyurem-Black
|-damage|p2a: Kyurem-Black|279\/403
|move|p2a: Kyurem-Black|Earth Power|p1a: Raikou
|-supereffective|p1a: Raikou
|-damage|p1a: Raikou|0 fnt
|faint|p1a: Raikou
|
|-weather|Sandstorm|[upkeep]
|-damage|p2a: Kyurem-Black|254\/403|[from] sandstorm
|
|switch|p1a: Uxie|Uxie|201\/353
|-damage|p1a: Uxie|157\/353|[from] Stealth Rock
|turn|16
|
|move|p2a: Kyurem-Black|Ice Beam|p1a: Uxie
|-damage|p1a: Uxie|43\/353
|move|p1a: Uxie|Stealth Rock|p2a: Kyurem-Black
|-sidestart|p2: In Your Window|move: Stealth Rock
|
|-weather|none
|-heal|p1a: Uxie|65\/353|[from] item: Leftovers
|turn|17
|
|move|p2a: Kyurem-Black|Ice Beam|p1a: Uxie
|-damage|p1a: Uxie|0 fnt
|faint|p1a: Uxie
|
|
|switch|p1a: Gyarados|Gyarados, F|331\/331
|-damage|p1a: Gyarados|249\/331|[from] Stealth Rock
|-ability|p1a: Gyarados|Intimidate|[of] p2a: Kyurem-Black
|-unboost|p2a: Kyurem-Black|atk|1
|turn|18
|
|detailschange|p1a: Gyarados|Gyarados-Mega, F
|message|Gyarados has Mega Evolved into Mega Gyarados!
|-ability|p1a: Gyarados|Mold Breaker
|move|p1a: Gyarados|Dragon Dance|p1a: Gyarados
|-boost|p1a: Gyarados|atk|1
|-boost|p1a: Gyarados|spe|1
|move|p2a: Kyurem-Black|Fusion Bolt|p1a: Gyarados
|-supereffective|p1a: Gyarados
|-damage|p1a: Gyarados|107\/331
|
|turn|19
|
|move|p1a: Gyarados|Crunch|p2a: Kyurem-Black
|-damage|p2a: Kyurem-Black|0 fnt
|faint|p2a: Kyurem-Black
|
|
|switch|p2a: Tyranitar|Tyranitar, M|144\/365 par
|-damage|p2a: Tyranitar|99\/365 par|[from] Stealth Rock
|-weather|Sandstorm
|turn|20
|
|switch|p1a: Breloom|Breloom, M|287\/287
|-damage|p1a: Breloom|252\/287|[from] Spikes
|-damage|p1a: Breloom|235\/287|[from] Stealth Rock
|switch|p2a: Ferrothorn|Ferrothorn, M|352\/352
|-damage|p2a: Ferrothorn|330\/352|[from] Stealth Rock
|
|-weather|Sandstorm|[upkeep]
|-damage|p1a: Breloom|218\/287|[from] sandstorm
|-heal|p2a: Ferrothorn|352\/352|[from] item: Leftovers
|-status|p1a: Breloom|tox|[from] item: Toxic Orb
|turn|21
|
|move|p1a: Breloom|Substitute|p1a: Breloom
|-start|p1a: Breloom|Substitute
|-damage|p1a: Breloom|147\/287 tox
|move|p2a: Ferrothorn|Gyro Ball|p1a: Breloom
|-end|p1a: Breloom|Substitute
|
|-weather|Sandstorm|[upkeep]
|-damage|p1a: Breloom|130\/287 tox|[from] sandstorm
|-heal|p1a: Breloom|165\/287 tox|[from] ability: Poison Heal
|turn|22
|
|move|p1a: Breloom|Substitute|p1a: Breloom
|-start|p1a: Breloom|Substitute
|-damage|p1a: Breloom|94\/287 tox
|move|p2a: Ferrothorn|Gyro Ball|p1a: Breloom
|-end|p1a: Breloom|Substitute
|
|-weather|Sandstorm|[upkeep]
|-damage|p1a: Breloom|77\/287 tox|[from] sandstorm
|-heal|p1a: Breloom|112\/287 tox|[from] ability: Poison Heal
|turn|23
|
|switch|p1a: Scolipede|Scolipede, F|163\/323
|-damage|p1a: Scolipede|123\/323|[from] Spikes
|-damage|p1a: Scolipede|43\/323|[from] Stealth Rock
|move|p2a: Ferrothorn|Gyro Ball|p1a: Scolipede
|-damage|p1a: Scolipede|0 fnt
|faint|p1a: Scolipede
|
|-weather|Sandstorm|[upkeep]
|
|switch|p1a: Talonflame|Talonflame, M|315\/315
|-damage|p1a: Talonflame|158\/315|[from] Stealth Rock
|turn|24
|
|move|p1a: Talonflame|Swords Dance|p1a: Talonflame
|-boost|p1a: Talonflame|atk|2
|move|p2a: Ferrothorn|Leech Seed|p1a: Talonflame
|-start|p1a: Talonflame|move: Leech Seed
|
|-weather|Sandstorm|[upkeep]
|-damage|p1a: Talonflame|139\/315|[from] sandstorm
|-damage|p1a: Talonflame|100\/315|[from] Leech Seed|[of] p2a: Ferrothorn
|turn|25
|
|move|p1a: Talonflame|Roost|p1a: Talonflame
|-heal|p1a: Talonflame|258\/315
|move|p2a: Ferrothorn|Gyro Ball|p1a: Talonflame
|-resisted|p1a: Talonflame
|-damage|p1a: Talonflame|154\/315
|
|-weather|Sandstorm|[upkeep]
|-damage|p1a: Talonflame|135\/315|[from] sandstorm
|-damage|p1a: Talonflame|96\/315|[from] Leech Seed|[of] p2a: Ferrothorn
|turn|26
|
|move|p1a: Talonflame|Roost|p1a: Talonflame
|-heal|p1a: Talonflame|254\/315
|move|p2a: Ferrothorn|Gyro Ball|p1a: Talonflame
|-resisted|p1a: Talonflame
|-damage|p1a: Talonflame|150\/315
|
|-weather|Sandstorm|[upkeep]
|-damage|p1a: Talonflame|131\/315|[from] sandstorm
|-damage|p1a: Talonflame|92\/315|[from] Leech Seed|[of] p2a: Ferrothorn
|turn|27
|
|move|p1a: Talonflame|Roost|p1a: Talonflame
|-heal|p1a: Talonflame|250\/315
|move|p2a: Ferrothorn|Spikes|p1a: Talonflame
|-sidestart|p1: Miss Noob|Spikes
|
|-weather|none
|-damage|p1a: Talonflame|211\/315|[from] Leech Seed|[of] p2a: Ferrothorn
|turn|28
|
|move|p2a: Ferrothorn|Protect|p2a: Ferrothorn
|-singleturn|p2a: Ferrothorn|Protect
|move|p1a: Talonflame|Swords Dance|p1a: Talonflame
|-boost|p1a: Talonflame|atk|2
|
|-damage|p1a: Talonflame|172\/315|[from] Leech Seed|[of] p2a: Ferrothorn
|turn|29
|-message|In Your Window forfeited.
|
|win|Miss Noob
|raw|Ladder updating...
|leave|In Your Window
|player|p2