|join|Miss Noob
|join|The TurtleLord
|player|p1|Miss Noob|283
|player|p2|The TurtleLord|294
|gametype|singles
|gen|6
|tier|OU
|rated
|clearpoke
|poke|p1|Talonflame, M
|poke|p1|Gyarados, F
|poke|p1|Breloom, M
|poke|p1|Uxie
|poke|p1|Scolipede, F
|poke|p1|Raikou
|poke|p2|Lopunny, F
|poke|p2|Gengar, M, shiny
|poke|p2|Ferrothorn, M
|poke|p2|Latios, M
|poke|p2|Slowbro, M
|poke|p2|Clefable, F
|rule|Swagger Clause: Swagger is banned
|rule|Baton Pass Clause: Limit one PokÃ©mon knowing Baton Pass
|rule|Sleep Clause Mod: Limit one foe put to sleep
|rule|Species Clause: Limit one of each PokÃ©mon
|rule|OHKO Clause: OHKO moves are banned
|rule|Moody Clause: Moody is banned
|rule|Evasion Moves Clause: Evasion moves are banned
|rule|Endless Battle Clause: Forcing endless battles is banned
|rule|HP Percentage Mod: HP is shown in percentages
|teampreview
|c|âThe TurtleLord|gl
|
|start
|switch|p1a: Scolipede|Scolipede, F|323\/323
|switch|p2a: Gengar|Gengar, M, shiny|261\/261
|turn|1
|
|switch|p2a: Ferrothorn|Ferrothorn, M|351\/351
|move|p1a: Scolipede|Protect|p1a: Scolipede
|-fail|p1a: Scolipede
|
|-boost|p1a: Scolipede|spe|1|[from] ability: Speed Boost
|turn|2
|
|move|p1a: Scolipede|Substitute|p1a: Scolipede
|-start|p1a: Scolipede|Substitute
|-damage|p1a: Scolipede|243\/323
|move|p2a: Ferrothorn|Stealth Rock|p1a: Scolipede
|-sidestart|p1: Miss Noob|move: Stealth Rock
|
|-heal|p1a: Scolipede|263\/323|[from] item: Black Sludge
|-boost|p1a: Scolipede|spe|1|[from] ability: Speed Boost
|turn|3
|
|move|p1a: Scolipede|Iron Defense|p1a: Scolipede
|-boost|p1a: Scolipede|def|2
|move|p2a: Ferrothorn|Gyro Ball|p1a: Scolipede
|-end|p1a: Scolipede|Substitute
|
|-heal|p1a: Scolipede|283\/323|[from] item: Black Sludge
|-boost|p1a: Scolipede|spe|1|[from] ability: Speed Boost
|turn|4
|
|move|p1a: Scolipede|Substitute|p1a: Scolipede
|-start|p1a: Scolipede|Substitute
|-damage|p1a: Scolipede|203\/323
|move|p2a: Ferrothorn|Gyro Ball|p1a: Scolipede
|-end|p1a: Scolipede|Substitute
|
|-heal|p1a: Scolipede|223\/323|[from] item: Black Sludge
|-boost|p1a: Scolipede|spe|1|[from] ability: Speed Boost
|turn|5
|
|move|p1a: Scolipede|Iron Defense|p1a: Scolipede
|-boost|p1a: Scolipede|def|2
|move|p2a: Ferrothorn|Leech Seed|p1a: Scolipede|[miss]
|-miss|p2a: Ferrothorn|p1a: Scolipede
|
|-heal|p1a: Scolipede|243\/323|[from] item: Black Sludge
|-boost|p1a: Scolipede|spe|1|[from] ability: Speed Boost
|turn|6
|c|âThe TurtleLord|ugh
|c|âThe TurtleLord|srsly
|c|âMiss Noob|sorry
|c|âThe TurtleLord|:\/
|
|move|p1a: Scolipede|Substitute|p1a: Scolipede
|-start|p1a: Scolipede|Substitute
|-damage|p1a: Scolipede|163\/323
|move|p2a: Ferrothorn|Gyro Ball|p1a: Scolipede
|-activate|p1a: Scolipede|Substitute|[damage]
|
|-heal|p1a: Scolipede|183\/323|[from] item: Black Sludge
|-boost|p1a: Scolipede|spe|1|[from] ability: Speed Boost
|turn|7
|
|move|p1a: Scolipede|Baton Pass|p1a: Scolipede
|
|switch|p1a: Raikou|Raikou|321\/321
|-damage|p1a: Raikou|281\/321|[from] Stealth Rock
|-ability|p1a: Raikou|Pressure
|move|p2a: Ferrothorn|Gyro Ball|p1a: Raikou
|-resisted|p1a: Raikou
|-end|p1a: Raikou|Substitute
|
|-heal|p1a: Raikou|301\/321|[from] item: Leftovers
|turn|8
|
|move|p1a: Raikou|Substitute|p1a: Raikou
|-start|p1a: Raikou|Substitute
|-damage|p1a: Raikou|221\/321
|move|p2a: Ferrothorn|Leech Seed|p1a: Raikou
|
|-heal|p1a: Raikou|241\/321|[from] item: Leftovers
|turn|9
|
|move|p1a: Raikou|Calm Mind|p1a: Raikou
|-boost|p1a: Raikou|spa|1
|-boost|p1a: Raikou|spd|1
|move|p2a: Ferrothorn|Gyro Ball|p1a: Raikou
|-resisted|p1a: Raikou
|-activate|p1a: Raikou|Substitute|[damage]
|
|-heal|p1a: Raikou|261\/321|[from] item: Leftovers
|turn|10
|c|âThe TurtleLord|that leech seed miss is rlly annoying
|c|âThe TurtleLord|o well
|
|move|p1a: Raikou|Calm Mind|p1a: Raikou
|-boost|p1a: Raikou|spa|1
|-boost|p1a: Raikou|spd|1
|move|p2a: Ferrothorn|Gyro Ball|p1a: Raikou
|-resisted|p1a: Raikou
|-activate|p1a: Raikou|Substitute|[damage]
|
|-heal|p1a: Raikou|281\/321|[from] item: Leftovers
|turn|11
|c|âMiss Noob|yea
|c|âMiss Noob|sorry
|c|âMiss Noob|i to predict
|
|move|p1a: Raikou|Calm Mind|p1a: Raikou
|-boost|p1a: Raikou|spa|1
|-boost|p1a: Raikou|spd|1
|move|p2a: Ferrothorn|Power Whip|p1a: Raikou
|-end|p1a: Raikou|Substitute
|
|-heal|p1a: Raikou|301\/321|[from] item: Leftovers
|turn|12
|
|move|p1a: Raikou|Substitute|p1a: Raikou
|-start|p1a: Raikou|Substitute
|-damage|p1a: Raikou|221\/321
|move|p2a: Ferrothorn|Leech Seed|p1a: Raikou
|
|-heal|p1a: Raikou|241\/321|[from] item: Leftovers
|turn|13
|
|move|p1a: Raikou|Hidden Power|p2a: Ferrothorn
|-damage|p2a: Ferrothorn|235\/351
|move|p2a: Ferrothorn|Power Whip|p1a: Raikou
|-activate|p1a: Raikou|Substitute|[damage]
|
|-heal|p1a: Raikou|261\/321|[from] item: Leftovers
|-heal|p2a: Ferrothorn|256\/351|[from] item: Leftovers
|turn|14
|
|move|p1a: Raikou|Calm Mind|p1a: Raikou
|-boost|p1a: Raikou|spa|1
|-boost|p1a: Raikou|spd|1
|move|p2a: Ferrothorn|Power Whip|p1a: Raikou
|-end|p1a: Raikou|Substitute
|
|-heal|p1a: Raikou|281\/321|[from] item: Leftovers
|-heal|p2a: Ferrothorn|277\/351|[from] item: Leftovers
|turn|15
|
|move|p1a: Raikou|Substitute|p1a: Raikou
|-start|p1a: Raikou|Substitute
|-damage|p1a: Raikou|201\/321
|move|p2a: Ferrothorn|Power Whip|p1a: Raikou
|-activate|p1a: Raikou|Substitute|[damage]
|
|-heal|p1a: Raikou|221\/321|[from] item: Leftovers
|-heal|p2a: Ferrothorn|298\/351|[from] item: Leftovers
|turn|16
|
|move|p1a: Raikou|Calm Mind|p1a: Raikou
|-boost|p1a: Raikou|spa|1
|-boost|p1a: Raikou|spd|1
|move|p2a: Ferrothorn|Power Whip|p1a: Raikou
|-end|p1a: Raikou|Substitute
|
|-heal|p1a: Raikou|241\/321|[from] item: Leftovers
|-heal|p2a: Ferrothorn|319\/351|[from] item: Leftovers
|turn|17
|
|move|p1a: Raikou|Substitute|p1a: Raikou
|-start|p1a: Raikou|Substitute
|-damage|p1a: Raikou|161\/321
|move|p2a: Ferrothorn|Power Whip|p1a: Raikou
|-activate|p1a: Raikou|Substitute|[damage]
|
|-heal|p1a: Raikou|181\/321|[from] item: Leftovers
|-heal|p2a: Ferrothorn|340\/351|[from] item: Leftovers
|turn|18
|
|move|p1a: Raikou|Calm Mind|p1a: Raikou
|-boost|p1a: Raikou|spa|1
|-boost|p1a: Raikou|spd|1
|move|p2a: Ferrothorn|Power Whip|p1a: Raikou
|-end|p1a: Raikou|Substitute
|
|-heal|p1a: Raikou|201\/321|[from] item: Leftovers
|-heal|p2a: Ferrothorn|351\/351|[from] item: Leftovers
|turn|19
|
|move|p1a: Raikou|Substitute|p1a: Raikou
|-start|p1a: Raikou|Substitute
|-damage|p1a: Raikou|121\/321
|move|p2a: Ferrothorn|Power Whip|p1a: Raikou
|-activate|p1a: Raikou|Substitute|[damage]
|
|-heal|p1a: Raikou|141\/321|[from] item: Leftovers
|turn|20
|-message|The TurtleLord forfeited.
|
|win|Miss Noob
|raw|Ladder updating...
|leave|The TurtleLord
|player|p2
|raw|Miss Noob's rating: 1558 &rarr; <strong>1577<\/strong><br \/>(+19 for winning)
|raw|The TurtleLord's rating: 1544 &rarr; <strong>1525<\/strong><br \/>(-19 for losing)
|leave|Miss Noob
|player|p1