|join|Signet of Souls
|join|Miss Noob
|player|p1|Signet of Souls|217
|player|p2|Miss Noob|283
|gametype|singles
|gen|6
|tier|OU
|rated
|clearpoke
|poke|p1|Alakazam, M
|poke|p1|Forretress, M
|poke|p1|Bisharp, M
|poke|p1|Garchomp, F
|poke|p1|Toxicroak, M
|poke|p1|Zapdos
|poke|p2|Talonflame, F
|poke|p2|Gyarados, M
|poke|p2|Breloom, F
|poke|p2|Uxie
|poke|p2|Scolipede, M
|poke|p2|Raikou
|rule|Swagger Clause: Swagger is banned
|rule|Baton Pass Clause: Limit one PokÃ©mon knowing Baton Pass
|rule|Sleep Clause Mod: Limit one foe put to sleep
|rule|Species Clause: Limit one of each PokÃ©mon
|rule|OHKO Clause: OHKO moves are banned
|rule|Moody Clause: Moody is banned
|rule|Evasion Moves Clause: Evasion moves are banned
|rule|Endless Battle Clause: Forcing endless battles is banned
|rule|HP Percentage Mod: HP is shown in percentages
|teampreview
|
|start
|switch|p1a: Forretress|Forretress, M|354\/354
|switch|p2a: Scolipede|Scolipede, M|323\/323
|turn|1
|
|move|p2a: Scolipede|Substitute|p2a: Scolipede
|-start|p2a: Scolipede|Substitute
|-damage|p2a: Scolipede|243\/323
|move|p1a: Forretress|Spikes|p2a: Scolipede
|-sidestart|p2: Miss Noob|Spikes
|
|-heal|p2a: Scolipede|263\/323|[from] item: Black Sludge
|-boost|p2a: Scolipede|spe|1|[from] ability: Speed Boost
|turn|2
|
|move|p2a: Scolipede|Iron Defense|p2a: Scolipede
|-boost|p2a: Scolipede|def|2
|move|p1a: Forretress|Gyro Ball|p2a: Scolipede
|-end|p2a: Scolipede|Substitute
|
|-heal|p2a: Scolipede|283\/323|[from] item: Black Sludge
|-boost|p2a: Scolipede|spe|1|[from] ability: Speed Boost
|turn|3
|
|move|p2a: Scolipede|Substitute|p2a: Scolipede
|-start|p2a: Scolipede|Substitute
|-damage|p2a: Scolipede|203\/323
|move|p1a: Forretress|Gyro Ball|p2a: Scolipede
|-end|p2a: Scolipede|Substitute
|
|-heal|p2a: Scolipede|223\/323|[from] item: Black Sludge
|-boost|p2a: Scolipede|spe|1|[from] ability: Speed Boost
|turn|4
|
|move|p2a: Scolipede|Iron Defense|p2a: Scolipede
|-boost|p2a: Scolipede|def|2
|move|p1a: Forretress|Gyro Ball|p2a: Scolipede
|-damage|p2a: Scolipede|163\/323
|
|-heal|p2a: Scolipede|183\/323|[from] item: Black Sludge
|-boost|p2a: Scolipede|spe|1|[from] ability: Speed Boost
|turn|5
|
|move|p2a: Scolipede|Iron Defense|p2a: Scolipede
|-boost|p2a: Scolipede|def|2
|move|p1a: Forretress|Volt Switch|p2a: Scolipede
|-damage|p2a: Scolipede|141\/323
|
|switch|p1a: Alakazam|Alakazam, M|314\/314
|
|-heal|p2a: Scolipede|161\/323|[from] item: Black Sludge
|-boost|p2a: Scolipede|spe|1|[from] ability: Speed Boost
|turn|6
|
|detailschange|p1a: Alakazam|Alakazam-Mega, M
|message|Alakazam has Mega Evolved into Mega Alakazam!
|-ability|p1a: Alakazam|Speed Boost|[from] ability: Trace|[of] p2a: Scolipede
|move|p2a: Scolipede|Protect|p2a: Scolipede
|-singleturn|p2a: Scolipede|Protect
|move|p1a: Alakazam|Psychic|p2a: Scolipede
|-activate|p2a: Scolipede|Protect
|
|-heal|p2a: Scolipede|181\/323|[from] item: Black Sludge
|-boost|p2a: Scolipede|spe|1|[from] ability: Speed Boost
|-boost|p1a: Alakazam|spe|1|[from] ability: Speed Boost
|turn|7
|
|move|p2a: Scolipede|Baton Pass|p2a: Scolipede
|
|switch|p2a: Gyarados|Gyarados, M|331\/331
|-ability|p2a: Gyarados|Intimidate|[of] p1a: Alakazam
|-unboost|p1a: Alakazam|atk|1
|move|p1a: Alakazam|Psychic|p2a: Gyarados
|-damage|p2a: Gyarados|145\/331
|
|-boost|p1a: Alakazam|spe|1|[from] ability: Speed Boost
|turn|8
|
|switch|p1a: Toxicroak|Toxicroak, M|368\/368
|detailschange|p2a: Gyarados|Gyarados-Mega, M
|message|Gyarados has Mega Evolved into Mega Gyarados!
|-ability|p2a: Gyarados|Mold Breaker
|move|p2a: Gyarados|Crunch|p1a: Toxicroak
|-resisted|p1a: Toxicroak
|-damage|p1a: Toxicroak|261\/368
|
|-heal|p1a: Toxicroak|284\/368|[from] item: Black Sludge
|turn|9
|
|move|p2a: Gyarados|Earthquake|p1a: Toxicroak
|-supereffective|p1a: Toxicroak
|-damage|p1a: Toxicroak|0 fnt
|faint|p1a: Toxicroak
|
|
|switch|p1a: Zapdos|Zapdos|321\/321
|-ability|p1a: Zapdos|Pressure
|turn|10
|
|switch|p2a: Uxie|Uxie|353\/353
|move|p1a: Zapdos|Thunderbolt|p2a: Uxie
|-damage|p2a: Uxie|245\/353
|
|-heal|p2a: Uxie|267\/353|[from] item: Leftovers
|turn|11
|
|switch|p1a: Bisharp|Bisharp, M|334\/334
|move|p2a: Uxie|Stealth Rock|p1a: Bisharp
|-sidestart|p1: Signet of Souls|move: Stealth Rock
|
|-heal|p2a: Uxie|289\/353|[from] item: Leftovers
|turn|12
|
|move|p2a: Uxie|U-turn|p1a: Bisharp
|-damage|p1a: Bisharp|287\/334
|
|switch|p2a: Talonflame|Talonflame, F|315\/315
|move|p1a: Bisharp|Stealth Rock|p2a: Talonflame
|-sidestart|p2: Miss Noob|move: Stealth Rock
|
|-heal|p1a: Bisharp|307\/334|[from] item: Leftovers
|turn|13
|
|move|p1a: Bisharp|Sucker Punch|p2a: Talonflame
|-fail|p2a: Talonflame
|move|p2a: Talonflame|Swords Dance|p2a: Talonflame
|-boost|p2a: Talonflame|atk|2
|
|-heal|p1a: Bisharp|327\/334|[from] item: Leftovers
|turn|14
|
|move|p2a: Talonflame|Acrobatics|p1a: Bisharp
|-resisted|p1a: Bisharp
|-damage|p1a: Bisharp|178\/334
|move|p1a: Bisharp|Sucker Punch|p2a: Talonflame
|-fail|p2a: Talonflame
|
|-heal|p1a: Bisharp|198\/334|[from] item: Leftovers
|turn|15
|
|move|p1a: Bisharp|Sucker Punch|p2a: Talonflame
|-damage|p2a: Talonflame|105\/315
|move|p2a: Talonflame|Flare Blitz|p1a: Bisharp
|-supereffective|p1a: Bisharp
|-damage|p1a: Bisharp|0 fnt
|-damage|p2a: Talonflame|40\/315|[from] recoil|[of] p1a: Bisharp
|faint|p1a: Bisharp
|
|
|switch|p1a: Garchomp|Garchomp, F|357\/357
|-damage|p1a: Garchomp|335\/357|[from] Stealth Rock
|turn|16
|
|move|p2a: Talonflame|Acrobatics|p1a: Garchomp
|-damage|p1a: Garchomp|46\/357
|-damage|p2a: Talonflame|1\/315|[from] ability: Rough Skin|[of] p1a: Garchomp
|move|p1a: Garchomp|Outrage|p2a: Talonflame
|-crit|p2a: Talonflame
|-damage|p2a: Talonflame|0 fnt
|faint|p2a: Talonflame
|
|
|switch|p2a: Uxie|Uxie|289\/353
|-damage|p2a: Uxie|245\/353|[from] Stealth Rock
|turn|17
|
|move|p1a: Garchomp|Outrage|p2a: Uxie
|-damage|p2a: Uxie|4\/353
|move|p2a: Uxie|Knock Off|p1a: Garchomp
|-damage|p1a: Garchomp|0 fnt
|-damage|p2a: Uxie|0 fnt|[from] ability: Rough Skin|[of] p1a: Garchomp
|faint|p2a: Uxie
|faint|p1a: Garchomp
|
|
|switch|p1a: Alakazam|Alakazam-Mega, M|314\/314
|switch|p2a: Raikou|Raikou|321\/321
|-damage|p1a: Alakazam|275\/314|[from] Stealth Rock
|-ability|p1a: Alakazam|Pressure|[from] ability: Trace|[of] p2a: Raikou
|-ability|p1a: Alakazam|Pressure
|-damage|p2a: Raikou|281\/321|[from] Spikes
|-damage|p2a: Raikou|241\/321|[from] Stealth Rock
|-ability|p2a: Raikou|Pressure
|turn|18
|
|move|p1a: Alakazam|Psychic|p2a: Raikou
|-damage|p2a: Raikou|51\/321
|move|p2a: Raikou|Calm Mind|p2a: Raikou
|-boost|p2a: Raikou|spa|1
|-boost|p2a: Raikou|spd|1
|
|-heal|p2a: Raikou|71\/321|[from] item: Leftovers
|turn|19
|
|switch|p2a: Gyarados|Gyarados-Mega, M|145\/331
|-damage|p2a: Gyarados|104\/331|[from] Spikes
|-damage|p2a: Gyarados|63\/331|[from] Stealth Rock
|-ability|p2a: Gyarados|Mold Breaker
|move|p1a: Alakazam|Psychic|p2a: Gyarados
|-immune|p2a: Gyarados|[msg]
|
|turn|20
|
|move|p1a: Alakazam|Dazzling Gleam|p2a: Gyarados
|-supereffective|p2a: Gyarados
|-damage|p2a: Gyarados|0 fnt
|faint|p2a: Gyarados
|
|
|switch|p2a: Scolipede|Scolipede, M|181\/323
|-damage|p2a: Scolipede|141\/323|[from] Spikes
|-damage|p2a: Scolipede|61\/323|[from] Stealth Rock
|turn|21
|
|move|p2a: Scolipede|Protect|p2a: Scolipede
|-singleturn|p2a: Scolipede|Protect
|move|p1a: Alakazam|Psychic|p2a: Scolipede
|-activate|p2a: Scolipede|Protect
|
|-heal|p2a: Scolipede|81\/323|[from] item: Black Sludge
|-boost|p2a: Scolipede|spe|1|[from] ability: Speed Boost
|turn|22
|-message|Miss Noob forfeited.
|
|win|Signet of Souls
|raw|Ladder updating...
|leave|Miss Noob
|player|p2
|raw|Signet of Souls's rating: 1479 &rarr; <strong>1497<\/strong><br \/>(+18 for winning)
|raw|Miss Noob's rating: 1456 &rarr; <strong>1438<\/strong><br \/>(-18 for losing)