|join|gurkirat
|join|Miss Noob
|player|p1|gurkirat|265
|player|p2|Miss Noob|283
|gametype|singles
|gen|6
|tier|OU
|rated
|clearpoke
|poke|p1|Grumpig, M
|poke|p1|Tyranitar, F
|poke|p1|Clefable, M
|poke|p1|Sableye, M
|poke|p1|Aerodactyl, M
|poke|p1|Alomomola, M
|poke|p2|Talonflame, F
|poke|p2|Gyarados, M
|poke|p2|Breloom, M
|poke|p2|Uxie
|poke|p2|Scolipede, F
|poke|p2|Raikou
|rule|Swagger Clause: Swagger is banned
|rule|Baton Pass Clause: Limit one PokÃ©mon knowing Baton Pass
|rule|Sleep Clause Mod: Limit one foe put to sleep
|rule|Species Clause: Limit one of each PokÃ©mon
|rule|OHKO Clause: OHKO moves are banned
|rule|Moody Clause: Moody is banned
|rule|Evasion Moves Clause: Evasion moves are banned
|rule|Endless Battle Clause: Forcing endless battles is banned
|rule|HP Percentage Mod: HP is shown in percentages
|teampreview
|
|start
|switch|p1a: Grumpig|Grumpig, M|364\/364
|switch|p2a: Uxie|Uxie|353\/353
|turn|1
|
|move|p1a: Grumpig|Magic Coat|p1a: Grumpig
|-singleturn|p1a: Grumpig|move: Magic Coat
|move|p2a: Uxie|Knock Off|p1a: Grumpig
|-supereffective|p1a: Grumpig
|-damage|p1a: Grumpig|188\/364
|-enditem|p1a: Grumpig|Choice Specs|[from] move: Knock Off|[of] p2a: Uxie
|
|turn|2
|c|âMiss Noob|choice spec and magic coat??????
|c|âgurkirat|surprise
|c|âgurkirat|XD
|c|âMiss Noob|lol
|
|move|p2a: Uxie|U-turn|p1a: Grumpig
|-supereffective|p1a: Grumpig
|-damage|p1a: Grumpig|74\/364
|
|switch|p2a: Raikou|Raikou|321\/321
|-ability|p2a: Raikou|Pressure
|move|p1a: Grumpig|Shadow Ball|p2a: Raikou
|-damage|p2a: Raikou|241\/321
|
|-heal|p2a: Raikou|261\/321|[from] item: Leftovers
|turn|3
|
|switch|p1a: Tyranitar|Tyranitar, F|404\/404
|-weather|Sandstorm
|move|p2a: Raikou|Calm Mind|p2a: Raikou
|-boost|p2a: Raikou|spa|1
|-boost|p2a: Raikou|spd|1
|
|-weather|Sandstorm|[upkeep]
|-damage|p2a: Raikou|241\/321|[from] sandstorm
|-heal|p2a: Raikou|261\/321|[from] item: Leftovers
|turn|4
|
|move|p1a: Tyranitar|Pursuit|p2a: Raikou|[from]Pursuit
|-damage|p2a: Raikou|71\/321
|switch|p2a: Breloom|Breloom, M|287\/287
|
|-weather|Sandstorm|[upkeep]
|-damage|p2a: Breloom|270\/287|[from] sandstorm
|-status|p2a: Breloom|tox|[from] item: Toxic Orb
|turn|5
|
|move|p2a: Breloom|Substitute|p2a: Breloom
|-start|p2a: Breloom|Substitute
|-damage|p2a: Breloom|199\/287 tox
|move|p1a: Tyranitar|Ice Punch|p2a: Breloom
|-supereffective|p2a: Breloom
|-end|p2a: Breloom|Substitute
|
|-weather|Sandstorm|[upkeep]
|-damage|p2a: Breloom|182\/287 tox|[from] sandstorm
|-heal|p2a: Breloom|217\/287 tox|[from] ability: Poison Heal
|turn|6
|
|switch|p1a: Sableye|Sableye, M|304\/304
|move|p2a: Breloom|Spore|p1a: Sableye
|-fail|p1a: Sableye
|
|-weather|Sandstorm|[upkeep]
|-damage|p2a: Breloom|200\/287 tox|[from] sandstorm
|-heal|p2a: Breloom|235\/287 tox|[from] ability: Poison Heal
|turn|7
|c|âMiss Noob|wtf????
|c|âMiss Noob|shit
|c|âgurkirat|safety goggles
|c|âMiss Noob|bright powder?
|c|âMiss Noob|lol
|
|move|p1a: Sableye|Taunt|p2a: Breloom
|-start|p2a: Breloom|move: Taunt
|cant|p2a: Breloom|move: Taunt|Leech Seed
|
|-weather|none
|-heal|p2a: Breloom|270\/287 tox|[from] ability: Poison Heal
|turn|8
|
|switch|p2a: Uxie|Uxie|353\/353
|move|p1a: Sableye|Knock Off|p2a: Uxie
|-supereffective|p2a: Uxie
|-damage|p2a: Uxie|219\/353
|-enditem|p2a: Uxie|Leftovers|[from] move: Knock Off|[of] p1a: Sableye
|
|turn|9
|
|switch|p2a: Talonflame|Talonflame, F|315\/315
|move|p1a: Sableye|Taunt|p2a: Talonflame
|-start|p2a: Talonflame|move: Taunt
|
|turn|10
|
|switch|p2a: Breloom|Breloom, M|270\/287 tox
|move|p1a: Sableye|Knock Off|p2a: Breloom
|-resisted|p2a: Breloom
|-damage|p2a: Breloom|222\/287 tox
|-enditem|p2a: Breloom|Toxic Orb|[from] move: Knock Off|[of] p1a: Sableye
|
|-heal|p2a: Breloom|257\/287 tox|[from] ability: Poison Heal
|turn|11
|
|switch|p2a: Gyarados|Gyarados, M|331\/331
|-ability|p2a: Gyarados|Intimidate|[of] p1a: Sableye
|-unboost|p1a: Sableye|atk|1
|move|p1a: Sableye|Taunt|p2a: Gyarados
|-start|p2a: Gyarados|move: Taunt
|
|turn|12
|
|switch|p2a: Talonflame|Talonflame, F|315\/315
|move|p1a: Sableye|Will-O-Wisp|p2a: Talonflame
|-fail|p2a: Talonflame
|
|turn|13
|
|switch|p1a: Alomomola|Alomomola, M|534\/534
|move|p2a: Talonflame|Acrobatics|p1a: Alomomola
|-damage|p1a: Alomomola|398\/534
|
|-heal|p1a: Alomomola|431\/534|[from] item: Leftovers
|turn|14
|
|switch|p2a: Uxie|Uxie|219\/353
|move|p1a: Alomomola|Wish|p1a: Alomomola
|
|-heal|p1a: Alomomola|464\/534|[from] item: Leftovers
|turn|15
|
|switch|p1a: Grumpig|Grumpig, M|74\/364
|move|p2a: Uxie|Stealth Rock|p1a: Grumpig
|-sidestart|p1: gurkirat|move: Stealth Rock
|
|-heal|p1a: Grumpig|341\/364|[from] move: Wish|[wisher] Alomomola
|turn|16
|
|move|p2a: Uxie|Yawn|p1a: Grumpig
|-start|p1a: Grumpig|move: Yawn|[of] p2a: Uxie
|move|p1a: Grumpig|Shadow Ball|p2a: Uxie
|-supereffective|p2a: Uxie
|-damage|p2a: Uxie|119\/353
|
|turn|17
|
|switch|p1a: Tyranitar|Tyranitar, F|404\/404
|-damage|p1a: Tyranitar|354\/404|[from] Stealth Rock
|-weather|Sandstorm
|move|p2a: Uxie|Yawn|p1a: Tyranitar
|-start|p1a: Tyranitar|move: Yawn|[of] p2a: Uxie
|
|-weather|Sandstorm|[upkeep]
|-damage|p2a: Uxie|97\/353|[from] sandstorm
|turn|18
|
|move|p2a: Uxie|U-turn|p1a: Tyranitar
|-supereffective|p1a: Tyranitar
|-damage|p1a: Tyranitar|278\/404
|
|move|p1a: Tyranitar|Pursuit|p2a: Uxie|[from]Pursuit
|-supereffective|p2a: Uxie
|-damage|p2a: Uxie|0 fnt
|faint|p2a: Uxie
|
|-status|p1a: Tyranitar|slp
|-weather|Sandstorm|[upkeep]
|
|switch|p2a: Scolipede|Scolipede, F|323\/323
|turn|19
|
|switch|p1a: Sableye|Sableye, M|304\/304
|-damage|p1a: Sableye|266\/304|[from] Stealth Rock
|move|p2a: Scolipede|Substitute|p2a: Scolipede
|-start|p2a: Scolipede|Substitute
|-damage|p2a: Scolipede|243\/323
|
|-weather|Sandstorm|[upkeep]
|-damage|p2a: Scolipede|223\/323|[from] sandstorm
|-heal|p2a: Scolipede|243\/323|[from] item: Black Sludge
|-boost|p2a: Scolipede|spe|1|[from] ability: Speed Boost
|turn|20
|
|move|p2a: Scolipede|Baton Pass|p2a: Scolipede
|
|switch|p2a: Talonflame|Talonflame, F|315\/315
|move|p1a: Sableye|Knock Off|p2a: Talonflame
|-end|p2a: Talonflame|Substitute
|
|-weather|Sandstorm|[upkeep]
|-damage|p2a: Talonflame|296\/315|[from] sandstorm
|turn|21
|
|move|p2a: Talonflame|Swords Dance|p2a: Talonflame
|-boost|p2a: Talonflame|atk|2
|move|p1a: Sableye|Knock Off|p2a: Talonflame
|-damage|p2a: Talonflame|208\/315
|
|-weather|none
|turn|22
|
|move|p2a: Talonflame|Acrobatics|p1a: Sableye
|-damage|p1a: Sableye|5\/304
|move|p1a: Sableye|Taunt|p2a: Talonflame
|-start|p2a: Talonflame|move: Taunt
|
|turn|23
|
|switch|p1a: Tyranitar|Tyranitar, F|278\/404 slp
|-damage|p1a: Tyranitar|228\/404 slp|[from] Stealth Rock
|-weather|Sandstorm
|move|p2a: Talonflame|Acrobatics|p1a: Tyranitar
|-resisted|p1a: Tyranitar
|-damage|p1a: Tyranitar|93\/404 slp
|
|-weather|Sandstorm|[upkeep]
|-damage|p2a: Talonflame|189\/315|[from] sandstorm
|turn|24
|
|switch|p1a: Alomomola|Alomomola, M|534\/534
|-damage|p1a: Alomomola|468\/534|[from] Stealth Rock
|move|p2a: Talonflame|Acrobatics|p1a: Alomomola
|-damage|p1a: Alomomola|189\/534
|
|-weather|Sandstorm|[upkeep]
|-damage|p2a: Talonflame|170\/315|[from] sandstorm
|-damage|p1a: Alomomola|156\/534|[from] sandstorm
|-heal|p1a: Alomomola|189\/534|[from] item: Leftovers
|turn|25
|
|move|p1a: Alomomola|Protect|p1a: Alomomola
|-singleturn|p1a: Alomomola|Protect
|move|p2a: Talonflame|Acrobatics|p1a: Alomomola
|-activate|p1a: Alomomola|Protect
|
|-weather|Sandstorm|[upkeep]
|-damage|p2a: Talonflame|151\/315|[from] sandstorm
|-damage|p1a: Alomomola|156\/534|[from] sandstorm
|-heal|p1a: Alomomola|189\/534|[from] item: Leftovers
|-end|p2a: Talonflame|move: Taunt
|turn|26
|
|move|p2a: Talonflame|Roost|p2a: Talonflame
|-heal|p2a: Talonflame|309\/315
|move|p1a: Alomomola|Wish|p1a: Alomomola
|
|-weather|Sandstorm|[upkeep]
|-damage|p2a: Talonflame|290\/315|[from] sandstorm
|-damage|p1a: Alomomola|156\/534|[from] sandstorm
|-heal|p1a: Alomomola|189\/534|[from] item: Leftovers
|turn|27
|
|move|p1a: Alomomola|Protect|p1a: Alomomola
|-singleturn|p1a: Alomomola|Protect
|move|p2a: Talonflame|Swords Dance|p2a: Talonflame
|-boost|p2a: Talonflame|atk|2
|
|-weather|none
|-heal|p1a: Alomomola|456\/534|[from] move: Wish|[wisher] Alomomola
|-heal|p1a: Alomomola|489\/534|[from] item: Leftovers
|turn|28
|
|switch|p1a: Tyranitar|Tyranitar, F|93\/404 slp
|-damage|p1a: Tyranitar|43\/404 slp|[from] Stealth Rock
|-weather|Sandstorm
|move|p2a: Talonflame|Acrobatics|p1a: Tyranitar
|-resisted|p1a: Tyranitar
|-damage|p1a: Tyranitar|0 fnt
|faint|p1a: Tyranitar
|
|-weather|Sandstorm|[upkeep]
|-damage|p2a: Talonflame|271\/315|[from] sandstorm
|
|switch|p1a: Aerodactyl|Aerodactyl, M|302\/302
|-damage|p1a: Aerodactyl|227\/302|[from] Stealth Rock
|-ability|p1a: Aerodactyl|Pressure
|turn|29
|
|detailschange|p1a: Aerodactyl|Aerodactyl-Mega, M
|message|Aerodactyl has Mega Evolved into Mega Aerodactyl!
|move|p2a: Talonflame|Acrobatics|p1a: Aerodactyl
|-resisted|p1a: Aerodactyl
|-damage|p1a: Aerodactyl|0 fnt
|faint|p1a: Aerodactyl
|
|-weather|Sandstorm|[upkeep]
|-damage|p2a: Talonflame|252\/315|[from] sandstorm
|
|switch|p1a: Alomomola|Alomomola, M|534\/534
|-damage|p1a: Alomomola|468\/534|[from] Stealth Rock
|turn|30
|
|move|p2a: Talonflame|Acrobatics|p1a: Alomomola
|-damage|p1a: Alomomola|65\/534
|move|p1a: Alomomola|Scald|p2a: Talonflame
|-supereffective|p2a: Talonflame
|-damage|p2a: Talonflame|130\/315
|
|-weather|Sandstorm|[upkeep]
|-damage|p2a: Talonflame|111\/315|[from] sandstorm
|-damage|p1a: Alomomola|32\/534|[from] sandstorm
|-heal|p1a: Alomomola|65\/534|[from] item: Leftovers
|turn|31
|
|move|p2a: Talonflame|Acrobatics|p1a: Alomomola
|-damage|p1a: Alomomola|0 fnt
|faint|p1a: Alomomola
|
|-weather|Sandstorm|[upkeep]
|-damage|p2a: Talonflame|92\/315|[from] sandstorm
|c|âgurkirat|gg
|c|âMiss Noob|gg
|-message|gurkirat forfeited.
|
|win|Miss Noob
|raw|Ladder updating...
|leave|gurkirat
|player|p1
|raw|gurkirat's rating: 1186 &rarr; <strong>1165<\/strong><br \/>(-21 for losing)
|raw|Miss Noob's rating: 1234 &rarr; <strong>1256<\/strong><br \/>(+22 for winning)