|join|Alohomora a
|join|Miss Noob
|player|p1|Alohomora a|266
|player|p2|Miss Noob|283
|gametype|singles
|gen|6
|tier|OU
|rated
|clearpoke
|poke|p1|Infernape, F
|poke|p1|Azumarill, F
|poke|p1|Metagross
|poke|p1|Thundurus, M
|poke|p1|Landorus, M
|poke|p1|Lucario, M
|poke|p2|Talonflame, F, shiny
|poke|p2|Raikou, shiny
|poke|p2|Absol, F
|poke|p2|Donphan, M
|poke|p2|Zygarde
|poke|p2|Uxie
|rule|Swagger Clause: Swagger is banned
|rule|Baton Pass Clause: Limit one PokÃ©mon knowing Baton Pass
|rule|Sleep Clause Mod: Limit one foe put to sleep
|rule|Species Clause: Limit one of each PokÃ©mon
|rule|OHKO Clause: OHKO moves are banned
|rule|Moody Clause: Moody is banned
|rule|Evasion Moves Clause: Evasion moves are banned
|rule|Endless Battle Clause: Forcing endless battles is banned
|rule|HP Percentage Mod: HP is shown in percentages
|teampreview
|
|start
|switch|p1a: Infernape|Infernape, F|294\/294
|switch|p2a: Angela|Absol, F|271\/271
|turn|1
|join|We23Do4
|
|detailschange|p2a: Angela|Absol-Mega, F
|-mega|p2a: Angela|Absol|Absolite
|move|p2a: Angela|Protect|p2a: Angela
|-singleturn|p2a: Angela|Protect
|move|p1a: Infernape|Vacuum Wave|p2a: Angela
|-activate|p2a: Angela|Protect
|
|turn|2
|
|switch|p2a: Uzzi|Uxie|353\/353
|move|p1a: Infernape|Vacuum Wave|p2a: Uzzi
|-resisted|p2a: Uzzi
|-damage|p2a: Uzzi|335\/353
|
|-heal|p2a: Uzzi|353\/353|[from] item: Leftovers
|turn|3
|
|move|p1a: Infernape|Stealth Rock|p2a: Uzzi
|-sidestart|p2: Miss Noob|move: Stealth Rock
|move|p2a: Uzzi|Stealth Rock|p1a: Infernape
|-sidestart|p1: Alohomora a|move: Stealth Rock
|
|turn|4
|
|move|p1a: Infernape|Fire Blast|p2a: Uzzi
|-damage|p2a: Uzzi|241\/353
|move|p2a: Uzzi|U-turn|p1a: Infernape
|-resisted|p1a: Infernape
|-damage|p1a: Infernape|280\/294
|
|switch|p2a: Rodolfo|Donphan, M|383\/383
|-damage|p2a: Rodolfo|360\/383|[from] Stealth Rock
|
|-heal|p2a: Rodolfo|383\/383|[from] item: Leftovers
|turn|5
|
|move|p1a: Infernape|Fire Blast|p2a: Rodolfo
|-damage|p2a: Rodolfo|151\/383
|move|p2a: Rodolfo|Rapid Spin|p1a: Infernape
|-damage|p1a: Infernape|255\/294
|-sideend|p2: Miss Noob|Stealth Rock|[from] move: Rapid Spin|[of] p2a: Rodolfo
|
|-heal|p2a: Rodolfo|174\/383|[from] item: Leftovers
|turn|6
|
|move|p1a: Infernape|Fire Blast|p2a: Rodolfo
|-damage|p2a: Rodolfo|0 fnt
|faint|p2a: Rodolfo
|
|
|switch|p2a: 5|Talonflame, F, shiny|317\/317
|turn|7
|
|switch|p1a: Thundurus|Thundurus, M|299\/299
|-damage|p1a: Thundurus|225\/299|[from] Stealth Rock
|move|p2a: 5|Acrobatics|p1a: Thundurus
|-resisted|p1a: Thundurus
|-damage|p1a: Thundurus|121\/299
|
|turn|8
|
|switch|p2a: Uzzi|Uxie|241\/353
|switch|p1a: Infernape|Infernape, F|255\/294
|-damage|p1a: Infernape|219\/294|[from] Stealth Rock
|
|-heal|p2a: Uzzi|263\/353|[from] item: Leftovers
|turn|9
|
|switch|p2a: Angela|Absol-Mega, F|271\/271
|move|p1a: Infernape|Fire Blast|p2a: Angela
|-damage|p2a: Angela|1\/271
|
|turn|10
|
|move|p2a: Angela|Protect|p2a: Angela
|-singleturn|p2a: Angela|Protect
|move|p1a: Infernape|Vacuum Wave|p2a: Angela
|-activate|p2a: Angela|Protect
|
|turn|11
|
|switch|p2a: 5|Talonflame, F, shiny|317\/317
|move|p1a: Infernape|Stealth Rock|p2a: 5
|-sidestart|p2: Miss Noob|move: Stealth Rock
|
|turn|12
|
|switch|p1a: Thundurus|Thundurus, M|121\/299
|-damage|p1a: Thundurus|47\/299|[from] Stealth Rock
|move|p2a: 5|Swords Dance|p2a: 5
|-boost|p2a: 5|atk|2
|
|turn|13
|
|move|p2a: 5|Acrobatics|p1a: Thundurus
|-resisted|p1a: Thundurus
|-damage|p1a: Thundurus|0 fnt
|faint|p1a: Thundurus
|
|
|switch|p1a: Azumarill|Azumarill, F|364\/364
|-damage|p1a: Azumarill|319\/364|[from] Stealth Rock
|turn|14
|
|move|p2a: 5|Acrobatics|p1a: Azumarill
|-damage|p1a: Azumarill|4\/364
|-enditem|p1a: Azumarill|Sitrus Berry|[eat]
|-heal|p1a: Azumarill|95\/364|[from] item: Sitrus Berry
|move|p1a: Azumarill|Aqua Jet|p2a: 5
|-supereffective|p2a: 5
|-damage|p2a: 5|99\/317
|
|turn|15
|leave|We23Do4
|c|âMiss Noob|lol
|c|âMiss Noob|minimunm damage!"
|
|switch|p1a: Metagross|Metagross|301\/301
|-damage|p1a: Metagross|283\/301|[from] Stealth Rock
|move|p2a: 5|Acrobatics|p1a: Metagross
|-resisted|p1a: Metagross
|-damage|p1a: Metagross|178\/301
|
|turn|16
|
|detailschange|p1a: Metagross|Metagross-Mega
|-mega|p1a: Metagross|Metagross|Metagrossite
|move|p1a: Metagross|Bullet Punch|p2a: 5
|-resisted|p2a: 5
|-damage|p2a: 5|35\/317
|move|p2a: 5|Flare Blitz|p1a: Metagross
|-supereffective|p1a: Metagross
|-damage|p1a: Metagross|0 fnt
|-damage|p2a: 5|0 fnt|[from] recoil|[of] p1a: Metagross
|faint|p1a: Metagross
|faint|p2a: 5
|
|
|switch|p1a: Infernape|Infernape, F|219\/294
|switch|p2a: Uzzi|Uxie|263\/353
|-damage|p1a: Infernape|183\/294|[from] Stealth Rock
|-damage|p2a: Uzzi|219\/353|[from] Stealth Rock
|turn|17
|
|move|p1a: Infernape|Fire Blast|p2a: Uzzi
|-damage|p2a: Uzzi|110\/353
|move|p2a: Uzzi|U-turn|p1a: Infernape
|-resisted|p1a: Infernape
|-damage|p1a: Infernape|169\/294
|
|switch|p2a: Lagarton|Zygarde|419\/419
|-damage|p2a: Lagarton|393\/419|[from] Stealth Rock
|-ability|p2a: Lagarton|Aura Break
|
|-heal|p2a: Lagarton|419\/419|[from] item: Leftovers
|turn|18
|
|move|p1a: Infernape|Endeavor|p2a: Lagarton
|-damage|p2a: Lagarton|169\/419
|move|p2a: Lagarton|Substitute|p2a: Lagarton
|-start|p2a: Lagarton|Substitute
|-damage|p2a: Lagarton|65\/419
|
|-heal|p2a: Lagarton|91\/419|[from] item: Leftovers
|turn|19
|
|move|p1a: Infernape|Vacuum Wave|p2a: Lagarton
|-activate|p2a: Lagarton|Substitute|[damage]
|move|p2a: Lagarton|Earthquake|p1a: Infernape
|-supereffective|p1a: Infernape
|-damage|p1a: Infernape|0 fnt
|faint|p1a: Infernape
|
|-heal|p2a: Lagarton|117\/419|[from] item: Leftovers
|
|switch|p1a: Azumarill|Azumarill, F|95\/364
|-damage|p1a: Azumarill|50\/364|[from] Stealth Rock
|turn|20
|
|move|p1a: Azumarill|Aqua Jet|p2a: Lagarton
|-end|p2a: Lagarton|Substitute
|move|p2a: Lagarton|Earthquake|p1a: Azumarill
|-damage|p1a: Azumarill|0 fnt
|faint|p1a: Azumarill
|
|-heal|p2a: Lagarton|143\/419|[from] item: Leftovers
|
|switch|p1a: Landorus|Landorus, M|319\/319
|-damage|p1a: Landorus|280\/319|[from] Stealth Rock
|turn|21
|
|switch|p2a: Angela|Absol-Mega, F|1\/271
|-damage|p2a: Angela|0 fnt|[from] Stealth Rock
|faint|p2a: Angela
|move|p1a: Landorus|Rock Polish|p1a: Landorus
|-boost|p1a: Landorus|spe|2
|
|
|switch|p2a: Uzzi|Uxie|110\/353
|-damage|p2a: Uzzi|66\/353|[from] Stealth Rock
|turn|22
|c|âMiss Noob|.......
|
|move|p1a: Landorus|Psychic|p2a: Uzzi
|-resisted|p2a: Uzzi
|-damage|p2a: Uzzi|9\/353
|move|p2a: Uzzi|Yawn|p1a: Landorus
|-start|p1a: Landorus|move: Yawn|[of] p2a: Uzzi
|
|-heal|p2a: Uzzi|31\/353|[from] item: Leftovers
|turn|23
|c|âAlohomora a|oh damn
|
|move|p1a: Landorus|Psychic|p2a: Uzzi
|-resisted|p2a: Uzzi
|-damage|p2a: Uzzi|0 fnt
|faint|p2a: Uzzi
|
|-status|p1a: Landorus|slp
|
|switch|p2a: Musho|Raikou, shiny|322\/322
|-damage|p2a: Musho|282\/322|[from] Stealth Rock
|-ability|p2a: Musho|Pressure
|turn|24
|
|cant|p1a: Landorus|slp
|move|p2a: Musho|Substitute|p2a: Musho
|-start|p2a: Musho|Substitute
|-damage|p2a: Musho|202\/322
|
|-heal|p2a: Musho|222\/322|[from] item: Leftovers
|turn|25
|c|âAlohomora a|wake up
|
|cant|p1a: Landorus|slp
|move|p2a: Musho|Hidden Power|p1a: Landorus
|-supereffective|p1a: Landorus
|-damage|p1a: Landorus|0 fnt
|faint|p1a: Landorus
|
|-heal|p2a: Musho|242\/322|[from] item: Leftovers
|
|switch|p1a: Lucario|Lucario, M|282\/282
|-damage|p1a: Lucario|274\/282|[from] Stealth Rock
|turn|26
|c|âMiss Noob|why psichic?
|
|move|p1a: Lucario|Extreme Speed|p2a: Musho
|-end|p2a: Musho|Substitute
|-damage|p1a: Lucario|246\/282|[from] item: Life Orb
|move|p2a: Musho|Thunderbolt|p1a: Lucario
|-crit|p1a: Lucario
|-damage|p1a: Lucario|0 fnt
|faint|p1a: Lucario
|
|win|Miss Noob
|raw|Ladder updating...
|raw|Alohomora a's rating: 1738 &rarr; <strong>1714<\/strong><br \/>(-24 for losing)
|raw|Miss Noob's rating: 1665 &rarr; <strong>1689<\/strong><br \/>(+24 for winning)
|c|âAlohomora a|i should have fb
|c|âMiss Noob|yea
|leave|Alohomora a
|player|p1