|join|Miss Noob
|join|madhat555
|player|p1|Miss Noob|283
|player|p2|madhat555|125
|gametype|singles
|gen|6
|tier|OU
|rated
|clearpoke
|poke|p1|Talonflame, F, shiny
|poke|p1|Raikou, shiny
|poke|p1|Absol, F
|poke|p1|Donphan, M
|poke|p1|Zygarde
|poke|p1|Uxie
|poke|p2|Scizor, M
|poke|p2|Heatran, F
|poke|p2|Keldeo
|poke|p2|Landorus-Therian, M
|poke|p2|Clefable, F
|poke|p2|Breloom, M
|rule|Swagger Clause: Swagger is banned
|rule|Baton Pass Clause: Limit one PokÃ©mon knowing Baton Pass
|rule|Sleep Clause Mod: Limit one foe put to sleep
|rule|Species Clause: Limit one of each PokÃ©mon
|rule|OHKO Clause: OHKO moves are banned
|rule|Moody Clause: Moody is banned
|rule|Evasion Moves Clause: Evasion moves are banned
|rule|Endless Battle Clause: Forcing endless battles is banned
|rule|HP Percentage Mod: HP is shown in percentages
|teampreview
|
|start
|switch|p1a: Uzzi|Uxie|353\/353
|switch|p2a: Breloom|Breloom, M|323\/323
|turn|1
|
|move|p1a: Uzzi|U-turn|p2a: Breloom
|-damage|p2a: Breloom|272\/323
|
|switch|p1a: Lagarton|Zygarde|419\/419
|-ability|p1a: Lagarton|Aura Break
|move|p2a: Breloom|Leech Seed|p1a: Lagarton
|-start|p1a: Lagarton|move: Leech Seed
|
|-damage|p1a: Lagarton|367\/419|[from] Leech Seed|[of] p2a: Breloom
|-heal|p2a: Breloom|323\/323|[silent]
|-status|p2a: Breloom|tox|[from] item: Toxic Orb
|turn|2
|
|switch|p1a: Uzzi|Uxie|353\/353
|move|p2a: Breloom|Drain Punch|p1a: Uzzi
|-crit|p1a: Uzzi
|-resisted|p1a: Uzzi
|-damage|p1a: Uzzi|293\/353
|
|-heal|p1a: Uzzi|315\/353|[from] item: Leftovers
|turn|3
|
|move|p1a: Uzzi|Stealth Rock|p2a: Breloom
|-sidestart|p2: madhat555|move: Stealth Rock
|move|p2a: Breloom|Leech Seed|p1a: Uzzi
|-start|p1a: Uzzi|move: Leech Seed
|
|-heal|p1a: Uzzi|337\/353|[from] item: Leftovers
|-damage|p1a: Uzzi|293\/353|[from] Leech Seed|[of] p2a: Breloom
|turn|4
|
|move|p1a: Uzzi|Knock Off|p2a: Breloom
|-resisted|p2a: Breloom
|-damage|p2a: Breloom|287\/323 tox
|-enditem|p2a: Breloom|Toxic Orb|[from] move: Knock Off|[of] p1a: Uzzi
|move|p2a: Breloom|Leech Seed|p1a: Uzzi|[miss]
|-miss|p2a: Breloom|p1a: Uzzi
|
|-heal|p1a: Uzzi|315\/353|[from] item: Leftovers
|-damage|p1a: Uzzi|271\/353|[from] Leech Seed|[of] p2a: Breloom
|-heal|p2a: Breloom|323\/323 tox|[silent]
|turn|5
|
|move|p2a: Breloom|Protect|p2a: Breloom
|-singleturn|p2a: Breloom|Protect
|move|p1a: Uzzi|U-turn|p2a: Breloom
|-activate|p2a: Breloom|Protect
|
|-heal|p1a: Uzzi|293\/353|[from] item: Leftovers
|-damage|p1a: Uzzi|249\/353|[from] Leech Seed|[of] p2a: Breloom
|turn|6
|
|move|p1a: Uzzi|Knock Off|p2a: Breloom
|-resisted|p2a: Breloom
|-damage|p2a: Breloom|297\/323 tox
|move|p2a: Breloom|Leech Seed|p1a: Uzzi
|-fail|p1a: Uzzi
|
|-heal|p1a: Uzzi|271\/353|[from] item: Leftovers
|-damage|p1a: Uzzi|227\/353|[from] Leech Seed|[of] p2a: Breloom
|-heal|p2a: Breloom|323\/323 tox|[silent]
|turn|7
|
|switch|p1a: Lagarton|Zygarde|367\/419
|-ability|p1a: Lagarton|Aura Break
|move|p2a: Breloom|Protect|p2a: Breloom
|-fail|p2a: Breloom
|
|-heal|p1a: Lagarton|393\/419|[from] item: Leftovers
|turn|8
|
|move|p1a: Lagarton|Substitute|p1a: Lagarton
|-start|p1a: Lagarton|Substitute
|-damage|p1a: Lagarton|289\/419
|move|p2a: Breloom|Leech Seed|p1a: Lagarton
|
|-heal|p1a: Lagarton|315\/419|[from] item: Leftovers
|turn|9
|
|move|p1a: Lagarton|Coil|p1a: Lagarton
|-boost|p1a: Lagarton|atk|1
|-boost|p1a: Lagarton|def|1
|-boost|p1a: Lagarton|accuracy|1
|move|p2a: Breloom|Drain Punch|p1a: Lagarton
|-activate|p1a: Lagarton|Substitute|[damage]
|
|-heal|p1a: Lagarton|341\/419|[from] item: Leftovers
|turn|10
|
|move|p1a: Lagarton|Coil|p1a: Lagarton
|-boost|p1a: Lagarton|atk|1
|-boost|p1a: Lagarton|def|1
|-boost|p1a: Lagarton|accuracy|1
|move|p2a: Breloom|Drain Punch|p1a: Lagarton
|-crit|p1a: Lagarton
|-end|p1a: Lagarton|Substitute
|
|-heal|p1a: Lagarton|367\/419|[from] item: Leftovers
|turn|11
|
|switch|p2a: Landorus-Therian|Landorus-Therian, M|319\/319
|-damage|p2a: Landorus-Therian|280\/319|[from] Stealth Rock
|-ability|p2a: Landorus-Therian|Intimidate|[of] p1a: Lagarton
|-unboost|p1a: Lagarton|atk|1
|move|p1a: Lagarton|Substitute|p1a: Lagarton
|-start|p1a: Lagarton|Substitute
|-damage|p1a: Lagarton|263\/419
|
|-heal|p1a: Lagarton|289\/419|[from] item: Leftovers
|turn|12
|
|move|p2a: Landorus-Therian|Earthquake|p1a: Lagarton
|-activate|p1a: Lagarton|Substitute|[damage]
|move|p1a: Lagarton|Coil|p1a: Lagarton
|-boost|p1a: Lagarton|atk|1
|-boost|p1a: Lagarton|def|1
|-boost|p1a: Lagarton|accuracy|1
|
|-heal|p1a: Lagarton|315\/419|[from] item: Leftovers
|turn|13
|
|move|p2a: Landorus-Therian|Earthquake|p1a: Lagarton
|-end|p1a: Lagarton|Substitute
|move|p1a: Lagarton|Substitute|p1a: Lagarton
|-start|p1a: Lagarton|Substitute
|-damage|p1a: Lagarton|211\/419
|
|-heal|p1a: Lagarton|237\/419|[from] item: Leftovers
|turn|14
|
|move|p2a: Landorus-Therian|Earthquake|p1a: Lagarton
|-activate|p1a: Lagarton|Substitute|[damage]
|move|p1a: Lagarton|Coil|p1a: Lagarton
|-boost|p1a: Lagarton|atk|1
|-boost|p1a: Lagarton|def|1
|-boost|p1a: Lagarton|accuracy|1
|
|-heal|p1a: Lagarton|263\/419|[from] item: Leftovers
|turn|15
|
|move|p2a: Landorus-Therian|Earthquake|p1a: Lagarton
|-end|p1a: Lagarton|Substitute
|move|p1a: Lagarton|Coil|p1a: Lagarton
|-boost|p1a: Lagarton|atk|1
|-boost|p1a: Lagarton|def|1
|-boost|p1a: Lagarton|accuracy|1
|
|-heal|p1a: Lagarton|289\/419|[from] item: Leftovers
|turn|16
|
|move|p2a: Landorus-Therian|Earthquake|p1a: Lagarton
|-damage|p1a: Lagarton|228\/419
|move|p1a: Lagarton|Substitute|p1a: Lagarton
|-start|p1a: Lagarton|Substitute
|-damage|p1a: Lagarton|124\/419
|
|-heal|p1a: Lagarton|150\/419|[from] item: Leftovers
|turn|17
|
|move|p2a: Landorus-Therian|Earthquake|p1a: Lagarton
|-activate|p1a: Lagarton|Substitute|[damage]
|move|p1a: Lagarton|Dragon Tail|p2a: Landorus-Therian
|-damage|p2a: Landorus-Therian|31\/319
|drag|p2a: Heatran|Heatran, F|324\/324
|-damage|p2a: Heatran|284\/324|[from] Stealth Rock
|
|-heal|p1a: Lagarton|176\/419|[from] item: Leftovers
|turn|18
|
|switch|p2a: Landorus-Therian|Landorus-Therian, M|31\/319
|-damage|p2a: Landorus-Therian|0 fnt|[from] Stealth Rock
|faint|p2a: Landorus-Therian
|move|p1a: Lagarton|Earthquake|p2: Landorus-Therian|[notarget]
|-notarget
|
|-heal|p1a: Lagarton|202\/419|[from] item: Leftovers
|
|switch|p2a: Keldeo|Keldeo|323\/323
|-damage|p2a: Keldeo|303\/323|[from] Stealth Rock
|turn|19
|
|move|p2a: Keldeo|Scald|p1a: Lagarton
|-end|p1a: Lagarton|Substitute
|move|p1a: Lagarton|Earthquake|p2a: Keldeo
|-damage|p2a: Keldeo|0 fnt
|faint|p2a: Keldeo
|
|-heal|p1a: Lagarton|228\/419|[from] item: Leftovers
|
|switch|p2a: Heatran|Heatran, F|284\/324
|-damage|p2a: Heatran|244\/324|[from] Stealth Rock
|turn|20
|
|move|p2a: Heatran|Hidden Power|p1a: Lagarton
|-supereffective|p1a: Lagarton
|-damage|p1a: Lagarton|16\/419
|move|p1a: Lagarton|Earthquake|p2a: Heatran
|-supereffective|p2a: Heatran
|-damage|p2a: Heatran|0 fnt
|faint|p2a: Heatran
|
|-heal|p1a: Lagarton|42\/419|[from] item: Leftovers
|
|switch|p2a: Scizor|Scizor, M|343\/343
|-damage|p2a: Scizor|301\/343|[from] Stealth Rock
|turn|21
|
|detailschange|p2a: Scizor|Scizor-Mega, M
|-mega|p2a: Scizor|Scizor|Scizorite
|move|p2a: Scizor|Bullet Punch|p1a: Lagarton
|-damage|p1a: Lagarton|14\/419
|move|p1a: Lagarton|Earthquake|p2a: Scizor
|-damage|p2a: Scizor|94\/343
|
|-heal|p1a: Lagarton|40\/419|[from] item: Leftovers
|turn|22
|
|move|p2a: Scizor|Bullet Punch|p1a: Lagarton
|-damage|p1a: Lagarton|13\/419
|move|p1a: Lagarton|Earthquake|p2a: Scizor
|-damage|p2a: Scizor|0 fnt
|faint|p2a: Scizor
|
|-heal|p1a: Lagarton|39\/419|[from] item: Leftovers
|
|switch|p2a: Breloom|Breloom, M|323\/323 tox
|-damage|p2a: Breloom|303\/323 tox|[from] Stealth Rock
|turn|23
|
|move|p1a: Lagarton|Earthquake|p2a: Breloom
|-resisted|p2a: Breloom
|-damage|p2a: Breloom|75\/323 tox
|move|p2a: Breloom|Leech Seed|p1a: Lagarton
|-start|p1a: Lagarton|move: Leech Seed
|
|-heal|p1a: Lagarton|65\/419|[from] item: Leftovers
|-damage|p1a: Lagarton|13\/419|[from] Leech Seed|[of] p2a: Breloom
|-heal|p2a: Breloom|127\/323 tox|[silent]
|-heal|p2a: Breloom|167\/323 tox|[from] ability: Poison Heal
|turn|24
|
|switch|p1a: 5|Talonflame, F, shiny|317\/317
|move|p2a: Breloom|Protect|p2a: Breloom
|-fail|p2a: Breloom
|
|-heal|p2a: Breloom|207\/323 tox|[from] ability: Poison Heal
|turn|25
|
|move|p2a: Breloom|Protect|p2a: Breloom
|-singleturn|p2a: Breloom|Protect
|move|p1a: 5|Acrobatics|p2a: Breloom
|-activate|p2a: Breloom|Protect
|
|-heal|p2a: Breloom|247\/323 tox|[from] ability: Poison Heal
|turn|26
|
|switch|p2a: Clefable|Clefable, F|394\/394
|move|p1a: 5|Acrobatics|p2a: Clefable
|-damage|p2a: Clefable|207\/394
|
|-heal|p2a: Clefable|231\/394|[from] item: Leftovers
|turn|27
|
|move|p1a: 5|Acrobatics|p2a: Clefable
|-damage|p2a: Clefable|33\/394
|move|p2a: Clefable|Soft-Boiled|p2a: Clefable
|-heal|p2a: Clefable|230\/394
|
|-heal|p2a: Clefable|254\/394|[from] item: Leftovers
|turn|28
|
|move|p1a: 5|Swords Dance|p1a: 5
|-boost|p1a: 5|atk|2
|move|p2a: Clefable|Soft-Boiled|p2a: Clefable
|-heal|p2a: Clefable|394\/394
|
|turn|29
|
|move|p1a: 5|Acrobatics|p2a: Clefable
|-damage|p2a: Clefable|46\/394
|move|p2a: Clefable|Moonblast|p1a: 5
|-crit|p1a: 5
|-resisted|p1a: 5
|-damage|p1a: 5|201\/317
|
|-heal|p2a: Clefable|70\/394|[from] item: Leftovers
|turn|30
|c|âMiss Noob|gg
|-message|madhat555 forfeited.
|c|âmadhat555|gg
|
|win|Miss Noob
|raw|Ladder updating...
|raw|Miss Noob's rating: 1619 &rarr; <strong>1638<\/strong><br \/>(+19 for winning)
|raw|madhat555's rating: 1613 &rarr; <strong>1594<\/strong><br \/>(-19 for losing)
|leave|madhat555
|player|p2