|join|andrewdude
|join|BallinAssNikka
|player|p1|andrewdude|60
|player|p2|BallinAssNikka|274
|gametype|singles
|gen|6
|tier|OU
|rated
|clearpoke
|poke|p1|Mandibuzz, F
|poke|p1|Ferrothorn, F, shiny
|poke|p1|Cofagrigus, F
|poke|p1|Tyranitar, F, shiny
|poke|p1|Conkeldurr, M, shiny
|poke|p1|Heatran, F, shiny
|poke|p2|Medicham, F
|poke|p2|Ditto
|poke|p2|Landorus-Therian, M
|poke|p2|Heatran, M
|poke|p2|Breloom, F
|poke|p2|Excadrill, M
|rule|Swagger Clause: Swagger is banned
|rule|Baton Pass Clause: Limit one PokÃ©mon knowing Baton Pass
|rule|Sleep Clause Mod: Limit one foe put to sleep
|rule|Species Clause: Limit one of each PokÃ©mon
|rule|OHKO Clause: OHKO moves are banned
|rule|Moody Clause: Moody is banned
|rule|Evasion Moves Clause: Evasion moves are banned
|rule|Endless Battle Clause: Forcing endless battles is banned
|rule|HP Percentage Mod: HP is shown in percentages
|teampreview
|
|start
|switch|p1a: Tyranitar|Tyranitar, F, shiny|342\/342
|switch|p2a: Medicham|Medicham, F|262\/262
|-weather|Sandstorm
|turn|1
|
|switch|p2a: Landorus-Therian|Landorus-Therian, M|382\/382
|-ability|p2a: Landorus-Therian|Intimidate|[of] p1a: Tyranitar
|-unboost|p1a: Tyranitar|atk|1
|switch|p1a: Cofagrigus|Cofagrigus, F|320\/320
|
|-weather|Sandstorm|[upkeep]
|-damage|p1a: Cofagrigus|300\/320|[from] sandstorm
|-heal|p1a: Cofagrigus|320\/320|[from] item: Leftovers
|turn|2
|
|move|p2a: Landorus-Therian|U-turn|p1a: Cofagrigus
|-resisted|p1a: Cofagrigus
|-damage|p1a: Cofagrigus|294\/320
|-endability|p2a: Landorus-Therian|intimidate|[from] Mummy
|-ability|p2a: Landorus-Therian|Mummy|[from] Mummy
|
|switch|p2a: Heatran|Heatran, M|323\/323
|move|p1a: Cofagrigus|Will-O-Wisp|p2a: Heatran
|-start|p2a: Heatran|ability: Flash Fire
|
|-weather|Sandstorm|[upkeep]
|-damage|p1a: Cofagrigus|274\/320|[from] sandstorm
|-heal|p1a: Cofagrigus|294\/320|[from] item: Leftovers
|turn|3
|
|switch|p1a: My mom|Heatran, F, shiny|337\/337
|move|p2a: Heatran|Earth Power|p1a: My mom
|-supereffective|p1a: My mom
|-damage|p1a: My mom|0 fnt
|faint|p1a: My mom
|
|-weather|Sandstorm|[upkeep]
|c|âandrewdude|:(
|
|switch|p1a: Suck my dick|Conkeldurr, M, shiny|414\/414
|turn|4
|
|switch|p2a: Landorus-Therian|Landorus-Therian, M|382\/382
|-ability|p2a: Landorus-Therian|Intimidate|[of] p1a: Suck my dick
|-unboost|p1a: Suck my dick|atk|1
|move|p1a: Suck my dick|Drain Punch|p2a: Landorus-Therian
|-resisted|p2a: Landorus-Therian
|-damage|p2a: Landorus-Therian|331\/382
|
|-weather|Sandstorm|[upkeep]
|-damage|p1a: Suck my dick|389\/414|[from] sandstorm
|-heal|p2a: Landorus-Therian|354\/382|[from] item: Leftovers
|turn|5
|
|move|p2a: Landorus-Therian|Stealth Rock|p1a: Suck my dick
|-sidestart|p1: andrewdude|move: Stealth Rock
|move|p1a: Suck my dick|Ice Punch|p2a: Landorus-Therian
|-supereffective|p2a: Landorus-Therian
|-damage|p2a: Landorus-Therian|90\/382
|
|-weather|none
|-heal|p2a: Landorus-Therian|113\/382|[from] item: Leftovers
|turn|6
|
|switch|p1a: poopi|Ferrothorn, F, shiny|352\/352
|-damage|p1a: poopi|330\/352|[from] Stealth Rock
|move|p2a: Landorus-Therian|U-turn|p1a: poopi
|-damage|p1a: poopi|283\/352
|-damage|p2a: Landorus-Therian|66\/382|[from] ability: Iron Barbs|[of] p1a: poopi
|
|switch|p2a: Heatran|Heatran, M|323\/323
|
|-heal|p1a: poopi|305\/352|[from] item: Leftovers
|turn|7
|
|switch|p1a: Suck my dick|Conkeldurr, M, shiny|389\/414
|-damage|p1a: Suck my dick|364\/414|[from] Stealth Rock
|move|p2a: Heatran|Flamethrower|p1a: Suck my dick
|-damage|p1a: Suck my dick|109\/414
|
|turn|8
|
|move|p1a: Suck my dick|Mach Punch|p2a: Heatran
|-supereffective|p2a: Heatran
|-damage|p2a: Heatran|117\/323
|move|p2a: Heatran|Flamethrower|p1a: Suck my dick
|-damage|p1a: Suck my dick|0 fnt
|faint|p1a: Suck my dick
|
|
|switch|p1a: Tyranitar|Tyranitar, F, shiny|342\/342
|-damage|p1a: Tyranitar|300\/342|[from] Stealth Rock
|-weather|Sandstorm
|turn|9
|
|switch|p2a: Landorus-Therian|Landorus-Therian, M|66\/382
|-ability|p2a: Landorus-Therian|Intimidate|[of] p1a: Tyranitar
|-unboost|p1a: Tyranitar|atk|1
|detailschange|p1a: Tyranitar|Tyranitar-Mega, F, shiny
|message|Tyranitar has Mega Evolved into Mega Tyranitar!
|move|p1a: Tyranitar|Crunch|p2a: Landorus-Therian
|-damage|p2a: Landorus-Therian|0 fnt
|faint|p2a: Landorus-Therian
|
|-weather|Sandstorm|[upkeep]
|
|switch|p2a: Excadrill|Excadrill, M|362\/362
|turn|10
|
|move|p2a: Excadrill|Earthquake|p1a: Tyranitar
|-supereffective|p1a: Tyranitar
|-damage|p1a: Tyranitar|0 fnt
|faint|p1a: Tyranitar
|
|-weather|Sandstorm|[upkeep]
|
|switch|p1a: Mandibuzz|Mandibuzz, F|423\/423
|-damage|p1a: Mandibuzz|318\/423|[from] Stealth Rock
|turn|11
|
|switch|p2a: Heatran|Heatran, M|117\/323
|move|p1a: Mandibuzz|Foul Play|p2a: Heatran
|-crit|p2a: Heatran
|-damage|p2a: Heatran|0 fnt
|faint|p2a: Heatran
|
|-weather|Sandstorm|[upkeep]
|-heal|p1a: Mandibuzz|344\/423|[from] item: Leftovers
|c|âBallinAssNikka|psshhh
|c|âandrewdude|wow
|c|âBallinAssNikka|what a crit
|c|âandrewdude|high atk stat
|
|switch|p2a: Excadrill|Excadrill, M|362\/362
|turn|12
|
|move|p2a: Excadrill|Rock Tomb|p1a: Mandibuzz
|-supereffective|p1a: Mandibuzz
|-damage|p1a: Mandibuzz|184\/423
|-unboost|p1a: Mandibuzz|spe|1
|move|p1a: Mandibuzz|Foul Play|p2a: Excadrill
|-damage|p2a: Excadrill|77\/362
|
|-weather|Sandstorm|[upkeep]
|-heal|p1a: Mandibuzz|210\/423|[from] item: Leftovers
|turn|13
|
|move|p2a: Excadrill|Rock Tomb|p1a: Mandibuzz
|-supereffective|p1a: Mandibuzz
|-damage|p1a: Mandibuzz|36\/423
|-unboost|p1a: Mandibuzz|spe|1
|move|p1a: Mandibuzz|Foul Play|p2a: Excadrill
|-crit|p2a: Excadrill
|-damage|p2a: Excadrill|0 fnt
|faint|p2a: Excadrill
|
|-weather|none
|-heal|p1a: Mandibuzz|62\/423|[from] item: Leftovers
|
|switch|p2a: Breloom|Breloom, F|262\/262
|turn|14
|
|move|p2a: Breloom|Rock Tomb|p1a: Mandibuzz
|-supereffective|p1a: Mandibuzz
|-damage|p1a: Mandibuzz|0 fnt
|faint|p1a: Mandibuzz
|
|
|switch|p1a: Cofagrigus|Cofagrigus, F|294\/320
|-damage|p1a: Cofagrigus|254\/320|[from] Stealth Rock
|turn|15
|
|move|p2a: Breloom|Spore|p1a: Cofagrigus
|-status|p1a: Cofagrigus|slp
|cant|p1a: Cofagrigus|slp
|
|-heal|p1a: Cofagrigus|274\/320 slp|[from] item: Leftovers
|turn|16
|
|switch|p2a: Ditto|Ditto|299\/299
|-transform|p2a: Ditto|p1a: Cofagrigus
|-curestatus|p1a: Cofagrigus|slp
|move|p1a: Cofagrigus|Will-O-Wisp|p2a: Ditto
|-status|p2a: Ditto|brn
|
|-heal|p1a: Cofagrigus|294\/320|[from] item: Leftovers
|-damage|p2a: Ditto|262\/299 brn|[from] brn
|turn|17
|
|move|p2a: Ditto|Hex|p1a: Cofagrigus
|-supereffective|p1a: Cofagrigus
|-damage|p1a: Cofagrigus|168\/320
|move|p1a: Cofagrigus|Hex|p2a: Ditto
|-supereffective|p2a: Ditto
|-damage|p2a: Ditto|10\/299 brn
|
|-heal|p1a: Cofagrigus|188\/320|[from] item: Leftovers
|-damage|p2a: Ditto|0 fnt|[from] brn
|faint|p2a: Ditto
|
|switch|p2a: Breloom|Breloom, F|262\/262
|turn|18
|
|move|p2a: Breloom|Spore|p1a: Cofagrigus
|-status|p1a: Cofagrigus|slp
|cant|p1a: Cofagrigus|slp
|
|-heal|p1a: Cofagrigus|208\/320 slp|[from] item: Leftovers
|turn|19
|
|move|p2a: Breloom|Bullet Seed|p1a: Cofagrigus
|-damage|p1a: Cofagrigus|166\/320 slp
|-damage|p1a: Cofagrigus|120\/320 slp
|-hitcount|p1a: Cofagrigus|2
|-curestatus|p1a: Cofagrigus|slp
|move|p1a: Cofagrigus|Will-O-Wisp|p2a: Breloom
|-status|p2a: Breloom|brn
|
|-heal|p1a: Cofagrigus|140\/320|[from] item: Leftovers
|-damage|p2a: Breloom|230\/262 brn|[from] brn
|turn|20
|c|âBallinAssNikka|lol
|c|âBallinAssNikka|i hate showdown
|c|âandrewdude|lol
|
|move|p2a: Breloom|Bullet Seed|p1a: Cofagrigus
|-damage|p1a: Cofagrigus|118\/320
|-damage|p1a: Cofagrigus|96\/320
|-damage|p1a: Cofagrigus|72\/320
|-damage|p1a: Cofagrigus|50\/320
|-damage|p1a: Cofagrigus|26\/320
|-hitcount|p1a: Cofagrigus|5
|move|p1a: Cofagrigus|Hex|p2a: Breloom
|-damage|p2a: Breloom|0 fnt
|faint|p2a: Breloom
|
|-heal|p1a: Cofagrigus|46\/320|[from] item: Leftovers
|c|âBallinAssNikka|because it hates me apparentyl
|c|âandrewdude|u almost won
|
|switch|p2a: Medicham|Medicham, F|262\/262
|turn|21
|
|detailschange|p2a: Medicham|Medicham-Mega, F
|message|Medicham has Mega Evolved into Mega Medicham!
|move|p2a: Medicham|Substitute|p2a: Medicham
|-start|p2a: Medicham|Substitute
|-damage|p2a: Medicham|197\/262
|move|p1a: Cofagrigus|Will-O-Wisp|p2a: Medicham
|
|-heal|p1a: Cofagrigus|66\/320|[from] item: Leftovers
|turn|22
|
|move|p2a: Medicham|Ice Punch|p1a: Cofagrigus
|-damage|p1a: Cofagrigus|0 fnt
|-endability|p2a: Medicham|purepower|[from] Mummy
|-ability|p2a: Medicham|Mummy|[from] Mummy
|faint|p1a: Cofagrigus
|
|
|switch|p1a: poopi|Ferrothorn, F, shiny|305\/352
|-damage|p1a: poopi|283\/352|[from] Stealth Rock
|turn|23
|
|-singleturn|p2a: Medicham|move: Focus Punch
|move|p1a: poopi|Power Whip|p2a: Medicham
|-end|p2a: Medicham|Substitute
|move|p2a: Medicham|Focus Punch|p1a: poopi
|-supereffective|p1a: poopi
|-damage|p1a: poopi|0 fnt
|-damage|p2a: Medicham|165\/262|[from] ability: Iron Barbs|[of] p1a: poopi
|faint|p1a: poopi
|
|win|BallinAssNikka
|raw|Ladder updating...
|raw|andrewdude's rating: 1440 &rarr; <strong>1424<\/strong><br \/>(-16 for losing)
|raw|BallinAssNikka's rating: 1505 &rarr; <strong>1521<\/strong><br \/>(+16 for winning)
|c|âBallinAssNikka|lol
|c|âBallinAssNikka|didnt need the pure power
|c|âandrewdude|wow
|c|âandrewdude|yeah