|join|Best Pussy NA
|join|BallinAssNikka
|player|p1|Best Pussy NA|115
|player|p2|BallinAssNikka|274
|gametype|singles
|gen|6
|tier|OU
|rated
|clearpoke
|poke|p1|Pinsir, M, shiny
|poke|p1|Magnezone, shiny
|poke|p1|Greninja, F, shiny
|poke|p1|Landorus-Therian, M
|poke|p1|Azumarill, M, shiny
|poke|p1|Latios, M
|poke|p2|Tyranitar, F
|poke|p2|Conkeldurr, F
|poke|p2|Mandibuzz, F
|poke|p2|Venusaur, M
|poke|p2|Landorus-Therian, M
|poke|p2|Heatran, M
|rule|Swagger Clause: Swagger is banned
|rule|Baton Pass Clause: Limit one PokÃ©mon knowing Baton Pass
|rule|Sleep Clause Mod: Limit one foe put to sleep
|rule|Species Clause: Limit one of each PokÃ©mon
|rule|OHKO Clause: OHKO moves are banned
|rule|Moody Clause: Moody is banned
|rule|Evasion Moves Clause: Evasion moves are banned
|rule|Endless Battle Clause: Forcing endless battles is banned
|rule|HP Percentage Mod: HP is shown in percentages
|teampreview
|
|start
|switch|p1a: Landorus-Therian|Landorus-Therian, M|381\/381
|switch|p2a: Venusaur|Venusaur, M|364\/364
|-ability|p1a: Landorus-Therian|Intimidate|[of] p2a: Venusaur
|-unboost|p2a: Venusaur|atk|1
|turn|1
|
|detailschange|p2a: Venusaur|Venusaur-Mega, M
|message|Venusaur has Mega Evolved into Mega Venusaur!
|move|p1a: Landorus-Therian|Stealth Rock|p2a: Venusaur
|-sidestart|p2: BallinAssNikka|move: Stealth Rock
|move|p2a: Venusaur|Giga Drain|p1a: Landorus-Therian
|-damage|p1a: Landorus-Therian|245\/381
|
|-heal|p1a: Landorus-Therian|268\/381|[from] item: Leftovers
|turn|2
|
|move|p1a: Landorus-Therian|U-turn|p2a: Venusaur
|-damage|p2a: Venusaur|304\/364
|
|switch|p1a: Latios|Latios, M|301\/301
|move|p2a: Venusaur|Leech Seed|p1a: Latios
|-start|p1a: Latios|move: Leech Seed
|
|-damage|p1a: Latios|264\/301|[from] Leech Seed|[of] p2a: Venusaur
|-heal|p2a: Venusaur|341\/364|[silent]
|turn|3
|
|switch|p1a: Azumarill|Azumarill, M, shiny|341\/341
|switch|p2a: Heatran|Heatran, M|386\/386
|-damage|p2a: Heatran|338\/386|[from] Stealth Rock
|
|-heal|p2a: Heatran|362\/386|[from] item: Leftovers
|turn|4
|
|move|p2a: Heatran|Protect|p2a: Heatran
|-singleturn|p2a: Heatran|Protect
|move|p1a: Azumarill|Waterfall|p2a: Heatran
|-activate|p2a: Heatran|Protect
|
|-heal|p2a: Heatran|386\/386|[from] item: Leftovers
|turn|5
|
|switch|p2a: Venusaur|Venusaur-Mega, M|341\/364
|-damage|p2a: Venusaur|296\/364|[from] Stealth Rock
|move|p1a: Azumarill|Waterfall|p2a: Venusaur
|-resisted|p2a: Venusaur
|-damage|p2a: Venusaur|230\/364
|
|turn|6
|
|switch|p1a: Magnezone|Magnezone, shiny|281\/281
|move|p2a: Venusaur|Sludge Bomb|p1a: Magnezone
|-immune|p1a: Magnezone|[msg]
|
|turn|7
|
|move|p1a: Magnezone|Volt Switch|p2a: Venusaur
|-resisted|p2a: Venusaur
|-damage|p2a: Venusaur|191\/364
|
|switch|p1a: Latios|Latios, M|264\/301
|move|p2a: Venusaur|Synthesis|p2a: Venusaur
|-heal|p2a: Venusaur|364\/364
|
|turn|8
|
|switch|p2a: Tyranitar|Tyranitar, F|341\/341
|-damage|p2a: Tyranitar|299\/341|[from] Stealth Rock
|-weather|Sandstorm
|move|p1a: Latios|Psyshock|p2a: Tyranitar
|-immune|p2a: Tyranitar|[msg]
|
|-weather|Sandstorm|[upkeep]
|-damage|p1a: Latios|246\/301|[from] sandstorm
|turn|9
|
|switch|p1a: Landorus-Therian|Landorus-Therian, M|268\/381
|-ability|p1a: Landorus-Therian|Intimidate|[of] p2a: Tyranitar
|-unboost|p2a: Tyranitar|atk|1
|move|p2a: Tyranitar|Crunch|p1a: Landorus-Therian
|-damage|p1a: Landorus-Therian|144\/381
|-unboost|p1a: Landorus-Therian|def|1
|
|-weather|Sandstorm|[upkeep]
|-heal|p1a: Landorus-Therian|167\/381|[from] item: Leftovers
|turn|10
|
|switch|p2a: Landorus-Therian|Landorus-Therian, M|320\/320
|-damage|p2a: Landorus-Therian|280\/320|[from] Stealth Rock
|-ability|p2a: Landorus-Therian|Intimidate|[of] p1a: Landorus-Therian
|-unboost|p1a: Landorus-Therian|atk|1
|move|p1a: Landorus-Therian|Earthquake|p2a: Landorus-Therian
|-immune|p2a: Landorus-Therian|[msg]
|
|-weather|Sandstorm|[upkeep]
|-heal|p1a: Landorus-Therian|190\/381|[from] item: Leftovers
|turn|11
|
|move|p2a: Landorus-Therian|Knock Off|p1a: Landorus-Therian
|-damage|p1a: Landorus-Therian|0 fnt
|-enditem|p1a: Landorus-Therian|Leftovers|[from] move: Knock Off|[of] p2a: Landorus-Therian
|faint|p1a: Landorus-Therian
|
|-weather|Sandstorm|[upkeep]
|
|switch|p1a: Pinsir|Pinsir, M, shiny|271\/271
|turn|12
|
|switch|p2a: Heatran|Heatran, M|386\/386
|-damage|p2a: Heatran|338\/386|[from] Stealth Rock
|detailschange|p1a: Pinsir|Pinsir-Mega, M, shiny
|message|Pinsir has Mega Evolved into Mega Pinsir!
|move|p1a: Pinsir|Frustration|p2a: Heatran
|-crit|p2a: Heatran
|-resisted|p2a: Heatran
|-damage|p2a: Heatran|152\/386
|
|-weather|none
|-heal|p2a: Heatran|176\/386|[from] item: Leftovers
|turn|13
|
|move|p1a: Pinsir|Close Combat|p2a: Heatran
|-supereffective|p2a: Heatran
|-damage|p2a: Heatran|0 fnt
|-unboost|p1a: Pinsir|def|1
|-unboost|p1a: Pinsir|spd|1
|faint|p2a: Heatran
|
|
|switch|p2a: Mandibuzz|Mandibuzz, F|424\/424
|-damage|p2a: Mandibuzz|318\/424|[from] Stealth Rock
|turn|14
|
|move|p1a: Pinsir|Frustration|p2a: Mandibuzz
|-damage|p2a: Mandibuzz|123\/424
|move|p2a: Mandibuzz|Defog|p1a: Pinsir
|-unboost|p1a: Pinsir|evasion|1
|-sideend|p2: BallinAssNikka|Stealth Rock|[from] move: Defog|[of] p2a: Mandibuzz
|
|-heal|p2a: Mandibuzz|149\/424|[from] item: Leftovers
|turn|15
|
|switch|p2a: Landorus-Therian|Landorus-Therian, M|280\/320
|-ability|p2a: Landorus-Therian|Intimidate|[of] p1a: Pinsir
|-unboost|p1a: Pinsir|atk|1
|move|p1a: Pinsir|Frustration|p2a: Landorus-Therian
|-damage|p2a: Landorus-Therian|91\/320
|
|turn|16
|
|switch|p1a: Azumarill|Azumarill, M, shiny|341\/341
|switch|p2a: Tyranitar|Tyranitar, F|299\/341
|-weather|Sandstorm
|
|-weather|Sandstorm|[upkeep]
|-damage|p1a: Azumarill|320\/341|[from] sandstorm
|turn|17
|
|switch|p2a: Venusaur|Venusaur-Mega, M|364\/364
|move|p1a: Azumarill|Play Rough|p2a: Venusaur
|-resisted|p2a: Venusaur
|-damage|p2a: Venusaur|278\/364
|
|-weather|Sandstorm|[upkeep]
|-damage|p2a: Venusaur|256\/364|[from] sandstorm
|-damage|p1a: Azumarill|299\/341|[from] sandstorm
|turn|18
|
|switch|p1a: Magnezone|Magnezone, shiny|281\/281
|move|p2a: Venusaur|Leech Seed|p1a: Magnezone
|-start|p1a: Magnezone|move: Leech Seed
|
|-weather|Sandstorm|[upkeep]
|-damage|p2a: Venusaur|234\/364|[from] sandstorm
|-damage|p1a: Magnezone|246\/281|[from] Leech Seed|[of] p2a: Venusaur
|-heal|p2a: Venusaur|269\/364|[silent]
|turn|19
|
|switch|p2a: Conkeldurr|Conkeldurr, F|351\/351
|move|p1a: Magnezone|Flash Cannon|p2a: Conkeldurr
|-damage|p2a: Conkeldurr|246\/351
|
|-weather|Sandstorm|[upkeep]
|-damage|p2a: Conkeldurr|225\/351|[from] sandstorm
|-damage|p1a: Magnezone|211\/281|[from] Leech Seed|[of] p2a: Conkeldurr
|-heal|p2a: Conkeldurr|260\/351|[silent]
|turn|20
|
|switch|p1a: Azumarill|Azumarill, M, shiny|299\/341
|move|p2a: Conkeldurr|Ice Punch|p1a: Azumarill
|-resisted|p1a: Azumarill
|-damage|p1a: Azumarill|241\/341
|
|-weather|none
|turn|21
|
|switch|p1a: Pinsir|Pinsir-Mega, M, shiny|271\/271
|switch|p2a: Venusaur|Venusaur-Mega, M|269\/364
|
|turn|22
|
|switch|p2a: Landorus-Therian|Landorus-Therian, M|91\/320
|-ability|p2a: Landorus-Therian|Intimidate|[of] p1a: Pinsir
|-unboost|p1a: Pinsir|atk|1
|move|p1a: Pinsir|Frustration|p2a: Landorus-Therian
|-damage|p2a: Landorus-Therian|0 fnt
|faint|p2a: Landorus-Therian
|
|
|switch|p2a: Mandibuzz|Mandibuzz, F|149\/424
|turn|23
|
|switch|p1a: Azumarill|Azumarill, M, shiny|241\/341
|move|p2a: Mandibuzz|Roost|p2a: Mandibuzz
|-heal|p2a: Mandibuzz|361\/424
|
|-heal|p2a: Mandibuzz|387\/424|[from] item: Leftovers
|turn|24
|
|move|p2a: Mandibuzz|Foul Play|p1a: Azumarill
|-resisted|p1a: Azumarill
|-damage|p1a: Azumarill|181\/341
|move|p1a: Azumarill|Play Rough|p2a: Mandibuzz
|-supereffective|p2a: Mandibuzz
|-damage|p2a: Mandibuzz|99\/424
|
|-heal|p2a: Mandibuzz|125\/424|[from] item: Leftovers
|turn|25
|
|move|p2a: Mandibuzz|Roost|p2a: Mandibuzz
|-heal|p2a: Mandibuzz|337\/424
|move|p1a: Azumarill|Play Rough|p2a: Mandibuzz
|-supereffective|p2a: Mandibuzz
|-damage|p2a: Mandibuzz|41\/424
|
|-heal|p2a: Mandibuzz|67\/424|[from] item: Leftovers
|turn|26
|
|switch|p2a: Venusaur|Venusaur-Mega, M|269\/364
|move|p1a: Azumarill|Play Rough|p2a: Venusaur
|-resisted|p2a: Venusaur
|-damage|p2a: Venusaur|190\/364
|
|turn|27
|
|switch|p1a: Latios|Latios, M|246\/301
|move|p2a: Venusaur|Synthesis|p2a: Venusaur
|-heal|p2a: Venusaur|364\/364
|
|turn|28
|
|switch|p1a: Pinsir|Pinsir-Mega, M, shiny|271\/271
|move|p2a: Venusaur|Leech Seed|p1a: Pinsir
|-start|p1a: Pinsir|move: Leech Seed
|
|-damage|p1a: Pinsir|238\/271|[from] Leech Seed|[of] p2a: Venusaur
|turn|29
|
|switch|p2a: Mandibuzz|Mandibuzz, F|67\/424
|move|p1a: Pinsir|Frustration|p2a: Mandibuzz
|-damage|p2a: Mandibuzz|0 fnt
|faint|p2a: Mandibuzz
|
|
|switch|p2a: Tyranitar|Tyranitar, F|299\/341
|-weather|Sandstorm
|turn|30
|
|switch|p2a: Venusaur|Venusaur-Mega, M|364\/364
|move|p1a: Pinsir|Close Combat|p2a: Venusaur
|-resisted|p2a: Venusaur
|-damage|p2a: Venusaur|297\/364
|-unboost|p1a: Pinsir|def|1
|-unboost|p1a: Pinsir|spd|1
|
|-weather|Sandstorm|[upkeep]
|-damage|p1a: Pinsir|222\/271|[from] sandstorm
|-damage|p2a: Venusaur|275\/364|[from] sandstorm
|-damage|p1a: Pinsir|189\/271|[from] Leech Seed|[of] p2a: Venusaur
|-heal|p2a: Venusaur|308\/364|[silent]
|turn|31
|
|switch|p1a: Latios|Latios, M|246\/301
|switch|p2a: Tyranitar|Tyranitar, F|299\/341
|
|-weather|Sandstorm|[upkeep]
|-damage|p1a: Latios|228\/301|[from] sandstorm
|turn|32
|
|move|p1a: Latios|Draco Meteor|p2a: Tyranitar
|-damage|p2a: Tyranitar|127\/341
|-unboost|p1a: Latios|spa|2
|-damage|p1a: Latios|198\/301|[from] item: Life Orb
|move|p2a: Tyranitar|Crunch|p1a: Latios
|-supereffective|p1a: Latios
|-damage|p1a: Latios|0 fnt
|faint|p1a: Latios
|
|-weather|Sandstorm|[upkeep]
|
|switch|p1a: Pinsir|Pinsir-Mega, M, shiny|189\/271
|turn|33
|
|move|p1a: Pinsir|Close Combat|p2a: Tyranitar
|-supereffective|p2a: Tyranitar
|-damage|p2a: Tyranitar|0 fnt
|-unboost|p1a: Pinsir|def|1
|-unboost|p1a: Pinsir|spd|1
|faint|p2a: Tyranitar
|
|-weather|Sandstorm|[upkeep]
|-damage|p1a: Pinsir|173\/271|[from] sandstorm
|
|switch|p2a: Conkeldurr|Conkeldurr, F|260\/351
|turn|34
|
|move|p1a: Pinsir|Frustration|p2a: Conkeldurr
|-supereffective|p2a: Conkeldurr
|-damage|p2a: Conkeldurr|0 fnt
|faint|p2a: Conkeldurr
|
|-weather|none
|leave|BallinAssNikka
|player|p2
|chat|Best Pussy NA|salty ass nigga lol
|chat|Best Pussy NA|s\/o to death
|-message|ballinassnikka lost due to inactivity.
|
|win|Best Pussy NA
|raw|Ladder updating...
|raw|Best Pussy NA's rating: 1673 &rarr; <strong>1694<\/strong><br \/>(+21 for winning)
|raw|BallinAssNikka's rating: 1696 &rarr; <strong>1675<\/strong><br \/>(-21 for losing)