|join|Virdelet
|join|BallinAssNikka
|player|p1|Virdelet|256
|player|p2|BallinAssNikka|274
|gametype|singles
|gen|6
|tier|OU
|rated
|clearpoke
|poke|p1|Dugtrio, M
|poke|p1|Venusaur, M
|poke|p1|Magnezone
|poke|p1|Swellow, F
|poke|p1|Tyranitar, F
|poke|p1|Cofagrigus, F
|poke|p2|Greninja, M
|poke|p2|Hawlucha, F, shiny
|poke|p2|Latios, M
|poke|p2|Landorus-Therian, M
|poke|p2|Heatran, M
|poke|p2|Manectric, F
|rule|Swagger Clause: Swagger is banned
|rule|Baton Pass Clause: Limit one PokÃ©mon knowing Baton Pass
|rule|Sleep Clause Mod: Limit one foe put to sleep
|rule|Species Clause: Limit one of each PokÃ©mon
|rule|OHKO Clause: OHKO moves are banned
|rule|Moody Clause: Moody is banned
|rule|Evasion Moves Clause: Evasion moves are banned
|rule|Endless Battle Clause: Forcing endless battles is banned
|rule|HP Percentage Mod: HP is shown in percentages
|teampreview
|
|start
|switch|p1a: Tyranitar|Tyranitar, F|404\/404
|switch|p2a: Landorus-Therian|Landorus-Therian, M|319\/319
|-ability|p2a: Landorus-Therian|Intimidate|[of] p1a: Tyranitar
|-unboost|p1a: Tyranitar|atk|1
|-weather|Sandstorm
|turn|1
|
|move|p2a: Landorus-Therian|U-turn|p1a: Tyranitar
|-crit|p1a: Tyranitar
|-supereffective|p1a: Tyranitar
|-damage|p1a: Tyranitar|172\/404
|
|switch|p2a: Heatran|Heatran, M|333\/333
|-item|p2a: Heatran|Air Balloon
|move|p1a: Tyranitar|Avalanche|p2a: Heatran
|-resisted|p2a: Heatran
|-damage|p2a: Heatran|320\/333
|-enditem|p2a: Heatran|Air Balloon
|
|-weather|Sandstorm|[upkeep]
|turn|2
|
|move|p2a: Heatran|Taunt|p1a: Tyranitar
|-start|p1a: Tyranitar|move: Taunt
|move|p1a: Tyranitar|Earthquake|p2a: Heatran
|-supereffective|p2a: Heatran
|-damage|p2a: Heatran|0 fnt
|faint|p2a: Heatran
|
|-weather|Sandstorm|[upkeep]
|c|âBallinAssNikka|lol
|
|switch|p2a: Landorus-Therian|Landorus-Therian, M|319\/319
|-ability|p2a: Landorus-Therian|Intimidate|[of] p1a: Tyranitar
|-unboost|p1a: Tyranitar|atk|1
|turn|3
|
|switch|p1a: Swellow|Swellow, F|262\/262
|move|p2a: Landorus-Therian|Earthquake|p1a: Swellow
|-immune|p1a: Swellow|[msg]
|
|-weather|Sandstorm|[upkeep]
|-damage|p1a: Swellow|246\/262|[from] sandstorm
|turn|4
|
|switch|p2a: Manectric|Manectric, F|281\/281
|move|p1a: Swellow|Brave Bird|p2a: Manectric
|-resisted|p2a: Manectric
|-damage|p2a: Manectric|104\/281
|-damage|p1a: Swellow|188\/262|[from] recoil|[of] p2a: Manectric
|
|-weather|Sandstorm|[upkeep]
|-damage|p1a: Swellow|172\/262|[from] sandstorm
|-damage|p2a: Manectric|87\/281|[from] sandstorm
|turn|5
|
|switch|p1a: Tyranitar|Tyranitar, F|172\/404
|detailschange|p2a: Manectric|Manectric-Mega, F
|message|Manectric has Mega Evolved into Mega Manectric!
|-ability|p2a: Manectric|Intimidate|[of] p1a: Tyranitar
|-unboost|p1a: Tyranitar|atk|1
|move|p2a: Manectric|Hidden Power|p1a: Tyranitar
|-damage|p1a: Tyranitar|138\/404
|
|-weather|none
|turn|6
|
|switch|p1a: Dugtrio|Dugtrio, M|212\/212
|move|p2a: Manectric|Volt Switch|p1a: Dugtrio
|-immune|p1a: Dugtrio|[msg]
|
|turn|7
|
|move|p2a: Manectric|Hidden Power|p1a: Dugtrio
|-supereffective|p1a: Dugtrio
|-damage|p1a: Dugtrio|10\/212
|move|p1a: Dugtrio|Earthquake|p2a: Manectric
|-supereffective|p2a: Manectric
|-damage|p2a: Manectric|0 fnt
|faint|p2a: Manectric
|
|
|switch|p2a: Landorus-Therian|Landorus-Therian, M|319\/319
|-ability|p2a: Landorus-Therian|Intimidate|[of] p1a: Dugtrio
|-unboost|p1a: Dugtrio|atk|1
|turn|8
|
|move|p1a: Dugtrio|Sucker Punch|p2a: Landorus-Therian
|-damage|p2a: Landorus-Therian|273\/319
|move|p2a: Landorus-Therian|U-turn|p1a: Dugtrio
|-damage|p1a: Dugtrio|0 fnt
|faint|p1a: Dugtrio
|
|switch|p2a: Latios|Latios, M|299\/299
|
|
|switch|p1a: Swellow|Swellow, F|172\/262
|turn|9
|
|move|p1a: Swellow|U-turn|p2a: Latios
|-supereffective|p2a: Latios
|-damage|p2a: Latios|61\/299
|
|switch|p1a: Magnezone|Magnezone|313\/313
|move|p2a: Latios|Psyshock|p1a: Magnezone
|-resisted|p1a: Magnezone
|-damage|p1a: Magnezone|238\/313
|-damage|p2a: Latios|32\/299|[from] item: Life Orb
|
|turn|10
|
|move|p2a: Latios|Surf|p1a: Magnezone
|-damage|p1a: Magnezone|99\/313
|-damage|p2a: Latios|3\/299|[from] item: Life Orb
|move|p1a: Magnezone|Flash Cannon|p2a: Latios
|-damage|p2a: Latios|0 fnt
|faint|p2a: Latios
|
|
|switch|p2a: Greninja|Greninja, M|285\/285
|turn|11
|
|move|p2a: Greninja|Dark Pulse|p1a: Magnezone
|-start|p2a: Greninja|typechange|Dark|[from] Protean
|-damage|p1a: Magnezone|0 fnt
|-damage|p2a: Greninja|257\/285|[from] item: Life Orb
|faint|p1a: Magnezone
|
|
|switch|p1a: Swellow|Swellow, F|172\/262
|turn|12
|
|switch|p2a: Landorus-Therian|Landorus-Therian, M|273\/319
|-ability|p2a: Landorus-Therian|Intimidate|[of] p1a: Swellow
|-unboost|p1a: Swellow|atk|1
|move|p1a: Swellow|U-turn|p2a: Landorus-Therian
|-resisted|p2a: Landorus-Therian
|-damage|p2a: Landorus-Therian|239\/319
|
|switch|p1a: Cofagrigus|Cofagrigus, F|320\/320
|
|turn|13
|
|move|p2a: Landorus-Therian|Knock Off|p1a: Cofagrigus
|-supereffective|p1a: Cofagrigus
|-damage|p1a: Cofagrigus|190\/320
|-endability|p2a: Landorus-Therian|intimidate|[from] Mummy
|-ability|p2a: Landorus-Therian|Mummy|[from] Mummy
|-enditem|p1a: Cofagrigus|Leftovers|[from] move: Knock Off|[of] p2a: Landorus-Therian
|move|p1a: Cofagrigus|Will-O-Wisp|p2a: Landorus-Therian
|-status|p2a: Landorus-Therian|brn
|
|-damage|p2a: Landorus-Therian|200\/319 brn|[from] brn
|turn|14
|
|switch|p2a: Greninja|Greninja, M|257\/285
|switch|p1a: Tyranitar|Tyranitar, F|138\/404
|-weather|Sandstorm
|
|-weather|Sandstorm|[upkeep]
|-damage|p2a: Greninja|240\/285|[from] sandstorm
|turn|15
|
|move|p2a: Greninja|Hydro Pump|p1a: Tyranitar
|-start|p2a: Greninja|typechange|Water|[from] Protean
|-crit|p1a: Tyranitar
|-supereffective|p1a: Tyranitar
|-damage|p1a: Tyranitar|0 fnt
|-damage|p2a: Greninja|212\/285|[from] item: Life Orb
|faint|p1a: Tyranitar
|
|-weather|Sandstorm|[upkeep]
|-damage|p2a: Greninja|195\/285|[from] sandstorm
|
|switch|p1a: Swellow|Swellow, F|172\/262
|turn|16
|
|move|p1a: Swellow|Brave Bird|p2a: Greninja
|-damage|p2a: Greninja|0 fnt
|-damage|p1a: Swellow|108\/262|[from] recoil|[of] p2a: Greninja
|faint|p2a: Greninja
|
|-weather|Sandstorm|[upkeep]
|-damage|p1a: Swellow|92\/262|[from] sandstorm
|
|switch|p2a: Landorus-Therian|Landorus-Therian, M|200\/319 brn
|-ability|p2a: Landorus-Therian|Intimidate|[of] p1a: Swellow
|-unboost|p1a: Swellow|atk|1
|turn|17
|
|switch|p1a: Venusaur|Venusaur, M|364\/364
|move|p2a: Landorus-Therian|U-turn|p1a: Venusaur
|-damage|p1a: Venusaur|316\/364
|
|switch|p2a: Hawlucha|Hawlucha, F, shiny|312\/312
|
|-weather|Sandstorm|[upkeep]
|-damage|p2a: Hawlucha|293\/312|[from] sandstorm
|-damage|p1a: Venusaur|294\/364|[from] sandstorm
|turn|18
|
|switch|p1a: Cofagrigus|Cofagrigus, F|190\/320
|move|p2a: Hawlucha|Substitute|p2a: Hawlucha
|-start|p2a: Hawlucha|Substitute
|-damage|p2a: Hawlucha|215\/312
|
|-weather|none
|turn|19
|
|move|p2a: Hawlucha|Swords Dance|p2a: Hawlucha
|-boost|p2a: Hawlucha|atk|2
|move|p1a: Cofagrigus|Hex|p2a: Hawlucha
|-end|p2a: Hawlucha|Substitute
|
|turn|20
|
|move|p2a: Hawlucha|Substitute|p2a: Hawlucha
|-start|p2a: Hawlucha|Substitute
|-damage|p2a: Hawlucha|137\/312
|-enditem|p2a: Hawlucha|Sitrus Berry|[eat]
|-heal|p2a: Hawlucha|215\/312|[from] item: Sitrus Berry
|move|p1a: Cofagrigus|Hex|p2a: Hawlucha
|-end|p2a: Hawlucha|Substitute
|
|turn|21
|
|move|p2a: Hawlucha|Acrobatics|p1a: Cofagrigus
|-damage|p1a: Cofagrigus|10\/320
|-endability|p2a: Hawlucha|unburden|[from] Mummy
|-ability|p2a: Hawlucha|Mummy|[from] Mummy
|move|p1a: Cofagrigus|Will-O-Wisp|p2a: Hawlucha|[miss]
|-miss|p1a: Cofagrigus|p2a: Hawlucha
|
|turn|22
|
|move|p2a: Hawlucha|Acrobatics|p1a: Cofagrigus
|-damage|p1a: Cofagrigus|0 fnt
|faint|p1a: Cofagrigus
|
|
|switch|p1a: Swellow|Swellow, F|92\/262
|turn|23
|
|switch|p2a: Landorus-Therian|Landorus-Therian, M|200\/319 brn
|-ability|p2a: Landorus-Therian|Intimidate|[of] p1a: Swellow
|-unboost|p1a: Swellow|atk|1
|move|p1a: Swellow|Brave Bird|p2a: Landorus-Therian
|-damage|p2a: Landorus-Therian|16\/319 brn
|-damage|p1a: Swellow|31\/262|[from] recoil|[of] p2a: Landorus-Therian
|
|-damage|p2a: Landorus-Therian|0 fnt|[from] brn
|faint|p2a: Landorus-Therian
|
|switch|p2a: Hawlucha|Hawlucha, F, shiny|215\/312
|turn|24
|
|move|p1a: Swellow|Brave Bird|p2a: Hawlucha
|-supereffective|p2a: Hawlucha
|-damage|p2a: Hawlucha|0 fnt
|-damage|p1a: Swellow|0 fnt|[from] recoil|[of] p2a: Hawlucha
|faint|p2a: Hawlucha
|faint|p1a: Swellow
|
|win|Virdelet
|raw|Ladder updating...
|raw|Virdelet's rating: 1569 &rarr; <strong>1589<\/strong><br \/>(+20 for winning)
|raw|BallinAssNikka's rating: 1558 &rarr; <strong>1538<\/strong><br \/>(-20 for losing)
|c|âVirdelet|gg
|c|âBallinAssNikka|gg
|c|âBallinAssNikka|fackin mummy
|c|âBallinAssNikka|lol
|leave|BallinAssNikka
|player|p2
|c|âVirdelet|haha! saved me