|join|u got slowbro'ed
|join|BallinAssNikka
|player|p1|u got slowbro'ed|167
|player|p2|BallinAssNikka|274
|gametype|singles
|gen|6
|tier|OU
|rated
|clearpoke
|poke|p1|Slowbro, F
|poke|p1|Latios, M
|poke|p1|Heatran, F
|poke|p1|Scizor, M
|poke|p1|Clefable, F
|poke|p1|Terrakion
|poke|p2|Tyranitar, F
|poke|p2|Conkeldurr, M
|poke|p2|Keldeo
|poke|p2|Venusaur, F
|poke|p2|Excadrill, M
|poke|p2|Heatran, F
|rule|Swagger Clause: Swagger is banned
|rule|Baton Pass Clause: Limit one PokÃ©mon knowing Baton Pass
|rule|Sleep Clause Mod: Limit one foe put to sleep
|rule|Species Clause: Limit one of each PokÃ©mon
|rule|OHKO Clause: OHKO moves are banned
|rule|Moody Clause: Moody is banned
|rule|Evasion Moves Clause: Evasion moves are banned
|rule|Endless Battle Clause: Forcing endless battles is banned
|rule|HP Percentage Mod: HP is shown in percentages
|teampreview
|
|start
|switch|p1a: Slowbro|Slowbro, F|394\/394
|switch|p2a: Conkeldurr|Conkeldurr, M|351\/351
|turn|1
|
|switch|p1a: Scizor|Scizor, M|342\/342
|move|p2a: Conkeldurr|Knock Off|p1a: Scizor
|-damage|p1a: Scizor|280\/342
|
|turn|2
|
|detailschange|p1a: Scizor|Scizor-Mega, M
|message|Scizor has Mega Evolved into Mega Scizor!
|move|p1a: Scizor|Knock Off|p2a: Conkeldurr
|-resisted|p2a: Conkeldurr
|-damage|p2a: Conkeldurr|296\/351
|-enditem|p2a: Conkeldurr|Assault Vest|[from] move: Knock Off|[of] p1a: Scizor
|move|p2a: Conkeldurr|Drain Punch|p1a: Scizor
|-damage|p1a: Scizor|192\/342
|-heal|p2a: Conkeldurr|340\/351|[from] drain|[of] p1a: Scizor
|
|turn|3
|
|switch|p2a: Heatran|Heatran, F|386\/386
|move|p1a: Scizor|Knock Off|p2a: Heatran
|-crit|p2a: Heatran
|-damage|p2a: Heatran|236\/386
|-enditem|p2a: Heatran|Leftovers|[from] move: Knock Off|[of] p1a: Scizor
|
|turn|4
|
|switch|p1a: Heatran|Heatran, F|385\/385
|move|p2a: Heatran|Stealth Rock|p1a: Heatran
|-sidestart|p1: u got slowbro'ed|move: Stealth Rock
|
|turn|5
|
|switch|p2a: Keldeo|Keldeo|323\/323
|move|p1a: Heatran|Stealth Rock|p2a: Keldeo
|-sidestart|p2: BallinAssNikka|move: Stealth Rock
|
|turn|6
|
|move|p1a: Heatran|Protect|p1a: Heatran
|-singleturn|p1a: Heatran|Protect
|move|p2a: Keldeo|Hidden Power|p1a: Heatran
|-activate|p1a: Heatran|Protect
|
|turn|7
|
|switch|p2a: Conkeldurr|Conkeldurr, M|340\/351
|-damage|p2a: Conkeldurr|319\/351|[from] Stealth Rock
|switch|p1a: Clefable|Clefable, F|394\/394
|
|turn|8
|
|switch|p1a: Scizor|Scizor-Mega, M|192\/342
|-damage|p1a: Scizor|150\/342|[from] Stealth Rock
|move|p2a: Conkeldurr|Knock Off|p1a: Scizor
|-crit|p1a: Scizor
|-damage|p1a: Scizor|70\/342
|
|turn|9
|
|switch|p2a: Tyranitar|Tyranitar, F|341\/341
|-damage|p2a: Tyranitar|299\/341|[from] Stealth Rock
|-weather|Sandstorm
|move|p1a: Scizor|Roost|p1a: Scizor
|-heal|p1a: Scizor|241\/342
|
|-weather|Sandstorm|[upkeep]
|turn|10
|
|switch|p1a: Terrakion|Terrakion|324\/324
|-damage|p1a: Terrakion|304\/324|[from] Stealth Rock
|move|p2a: Tyranitar|Stone Edge|p1a: Terrakion
|-crit|p1a: Terrakion
|-resisted|p1a: Terrakion
|-damage|p1a: Terrakion|45\/324
|
|-weather|Sandstorm|[upkeep]
|turn|11
|
|move|p1a: Terrakion|Close Combat|p2a: Tyranitar
|-supereffective|p2a: Tyranitar
|-damage|p2a: Tyranitar|0 fnt
|-unboost|p1a: Terrakion|def|1
|-unboost|p1a: Terrakion|spd|1
|faint|p2a: Tyranitar
|
|-weather|Sandstorm|[upkeep]
|
|switch|p2a: Excadrill|Excadrill, M|362\/362
|-damage|p2a: Excadrill|351\/362|[from] Stealth Rock
|turn|12
|
|move|p2a: Excadrill|Rapid Spin|p1a: Terrakion
|-crit|p1a: Terrakion
|-resisted|p1a: Terrakion
|-damage|p1a: Terrakion|0 fnt
|-sideend|p2: BallinAssNikka|Stealth Rock|[from] move: Rapid Spin|[of] p2a: Excadrill
|faint|p1a: Terrakion
|
|-weather|Sandstorm|[upkeep]
|
|switch|p1a: Slowbro|Slowbro, F|394\/394
|-damage|p1a: Slowbro|345\/394|[from] Stealth Rock
|turn|13
|
|switch|p2a: Heatran|Heatran, F|236\/386
|move|p1a: Slowbro|Scald|p2a: Heatran
|-supereffective|p2a: Heatran
|-damage|p2a: Heatran|92\/386
|
|-weather|none
|-heal|p1a: Slowbro|369\/394|[from] item: Leftovers
|turn|14
|
|move|p1a: Slowbro|Scald|p2a: Heatran
|-supereffective|p2a: Heatran
|-damage|p2a: Heatran|0 fnt
|faint|p2a: Heatran
|
|-heal|p1a: Slowbro|393\/394|[from] item: Leftovers
|
|switch|p2a: Venusaur|Venusaur, F|364\/364
|turn|15
|
|detailschange|p2a: Venusaur|Venusaur-Mega, F
|message|Venusaur has Mega Evolved into Mega Venusaur!
|move|p2a: Venusaur|Leech Seed|p1a: Slowbro
|-start|p1a: Slowbro|move: Leech Seed
|move|p1a: Slowbro|Thunder Wave|p2a: Venusaur
|-status|p2a: Venusaur|par
|
|-heal|p1a: Slowbro|394\/394|[from] item: Leftovers
|-damage|p1a: Slowbro|345\/394|[from] Leech Seed|[of] p2a: Venusaur
|turn|16
|
|switch|p1a: Heatran|Heatran, F|385\/385
|-damage|p1a: Heatran|337\/385|[from] Stealth Rock
|switch|p2a: Excadrill|Excadrill, M|351\/362
|
|-heal|p1a: Heatran|361\/385|[from] item: Leftovers
|turn|17
|
|switch|p1a: Slowbro|Slowbro, F|394\/394
|-damage|p1a: Slowbro|345\/394|[from] Stealth Rock
|move|p2a: Excadrill|Earthquake|p1a: Slowbro
|-damage|p1a: Slowbro|159\/394
|
|-heal|p1a: Slowbro|183\/394|[from] item: Leftovers
|turn|18
|
|switch|p2a: Conkeldurr|Conkeldurr, M|319\/351
|switch|p1a: Latios|Latios, M|302\/302
|-damage|p1a: Latios|265\/302|[from] Stealth Rock
|
|turn|19
|
|switch|p1a: Scizor|Scizor-Mega, M|241\/342
|-damage|p1a: Scizor|199\/342|[from] Stealth Rock
|move|p2a: Conkeldurr|Ice Punch|p1a: Scizor
|-resisted|p1a: Scizor
|-damage|p1a: Scizor|170\/342
|
|turn|20
|
|switch|p2a: Keldeo|Keldeo|323\/323
|move|p1a: Scizor|Roost|p1a: Scizor
|-heal|p1a: Scizor|341\/342
|
|turn|21
|
|switch|p1a: Clefable|Clefable, F|394\/394
|move|p2a: Keldeo|Hydro Pump|p1a: Clefable
|-damage|p1a: Clefable|121\/394
|
|-heal|p1a: Clefable|145\/394|[from] item: Leftovers
|turn|22
|
|switch|p1a: Slowbro|Slowbro, F|314\/394
|-damage|p1a: Slowbro|265\/394|[from] Stealth Rock
|move|p2a: Keldeo|Hydro Pump|p1a: Slowbro|[miss]
|-miss|p2a: Keldeo|p1a: Slowbro
|
|-heal|p1a: Slowbro|289\/394|[from] item: Leftovers
|turn|23
|
|switch|p2a: Venusaur|Venusaur-Mega, F|364\/364 par
|move|p1a: Slowbro|Slack Off|p1a: Slowbro
|-heal|p1a: Slowbro|394\/394
|
|turn|24
|
|switch|p1a: Heatran|Heatran, F|361\/385
|-damage|p1a: Heatran|313\/385|[from] Stealth Rock
|move|p2a: Venusaur|Leech Seed|p1a: Heatran
|-start|p1a: Heatran|move: Leech Seed
|
|-heal|p1a: Heatran|337\/385|[from] item: Leftovers
|-damage|p1a: Heatran|289\/385|[from] Leech Seed|[of] p2a: Venusaur
|turn|25
|
|switch|p2a: Keldeo|Keldeo|323\/323
|move|p1a: Heatran|Lava Plume|p2a: Keldeo
|-resisted|p2a: Keldeo
|-damage|p2a: Keldeo|263\/323
|
|-heal|p1a: Heatran|313\/385|[from] item: Leftovers
|-damage|p1a: Heatran|265\/385|[from] Leech Seed|[of] p2a: Keldeo
|-heal|p2a: Keldeo|311\/323|[silent]
|turn|26
|
|switch|p1a: Slowbro|Slowbro, F|394\/394
|-damage|p1a: Slowbro|345\/394|[from] Stealth Rock
|move|p2a: Keldeo|Hydro Pump|p1a: Slowbro
|-resisted|p1a: Slowbro
|-damage|p1a: Slowbro|159\/394
|
|-heal|p1a: Slowbro|183\/394|[from] item: Leftovers
|turn|27
|
|move|p2a: Keldeo|Hydro Pump|p1a: Slowbro
|-resisted|p1a: Slowbro
|-damage|p1a: Slowbro|12\/394
|move|p1a: Slowbro|Thunder Wave|p2a: Keldeo
|-status|p2a: Keldeo|par
|
|-heal|p1a: Slowbro|36\/394|[from] item: Leftovers
|turn|28
|chat|BallinAssNikka|fml
|chat|BallinAssNikka|right there
|chat|u got slowbro'ed|the first hit
|chat|u got slowbro'ed|was almost a max dam
|
|switch|p2a: Conkeldurr|Conkeldurr, M|319\/351
|move|p1a: Slowbro|Slack Off|p1a: Slowbro
|-heal|p1a: Slowbro|233\/394
|
|-heal|p1a: Slowbro|257\/394|[from] item: Leftovers
|turn|29
|
|switch|p1a: Clefable|Clefable, F|145\/394
|move|p2a: Conkeldurr|Knock Off|p1a: Clefable
|-resisted|p1a: Clefable
|-damage|p1a: Clefable|72\/394
|-enditem|p1a: Clefable|Leftovers|[from] move: Knock Off|[of] p2a: Conkeldurr
|
|turn|30
|
|switch|p2a: Excadrill|Excadrill, M|351\/362
|move|p1a: Clefable|Soft-Boiled|p1a: Clefable
|-heal|p1a: Clefable|269\/394
|
|turn|31
|
|switch|p1a: Slowbro|Slowbro, F|388\/394
|-damage|p1a: Slowbro|339\/394|[from] Stealth Rock
|move|p2a: Excadrill|Earthquake|p1a: Slowbro
|-damage|p1a: Slowbro|153\/394
|
|-heal|p1a: Slowbro|177\/394|[from] item: Leftovers
|turn|32
|
|switch|p2a: Conkeldurr|Conkeldurr, M|319\/351
|switch|p1a: Latios|Latios, M|265\/302
|-damage|p1a: Latios|228\/302|[from] Stealth Rock
|
|turn|33
|chat|u got slowbro'ed|how can it do so much
|chat|u got slowbro'ed|u dont have orb
|chat|u got slowbro'ed|band?
|chat|u got slowbro'ed|lol
|chat|BallinAssNikka|maybe hes just strong :)
|
|switch|p1a: Clefable|Clefable, F|269\/394
|move|p2a: Conkeldurr|Ice Punch|p1a: Clefable
|-damage|p1a: Clefable|151\/394
|
|turn|34
|chat|u got slowbro'ed|slowbro stronger
|chat|u got slowbro'ed|:)
|chat|BallinAssNikka|this is true :(
|
|move|p1a: Clefable|Soft-Boiled|p1a: Clefable
|-heal|p1a: Clefable|348\/394
|move|p2a: Conkeldurr|Ice Punch|p1a: Clefable
|-damage|p1a: Clefable|234\/394
|
|turn|35
|chat|u got slowbro'ed|^^
|
|switch|p2a: Venusaur|Venusaur-Mega, F|364\/364 par
|move|p1a: Clefable|Soft-Boiled|p1a: Clefable
|-heal|p1a: Clefable|394\/394
|
|turn|36
|
|switch|p1a: Heatran|Heatran, F|265\/385
|-damage|p1a: Heatran|217\/385|[from] Stealth Rock
|move|p2a: Venusaur|Sludge Bomb|p1a: Heatran
|-immune|p1a: Heatran|[msg]
|
|-heal|p1a: Heatran|241\/385|[from] item: Leftovers
|turn|37
|
|switch|p2a: Conkeldurr|Conkeldurr, M|319\/351
|move|p1a: Heatran|Lava Plume|p2a: Conkeldurr
|-damage|p2a: Conkeldurr|207\/351
|
|-heal|p1a: Heatran|265\/385|[from] item: Leftovers
|turn|38
|
|move|p1a: Heatran|Protect|p1a: Heatran
|-singleturn|p1a: Heatran|Protect
|move|p2a: Conkeldurr|Drain Punch|p1a: Heatran
|-activate|p1a: Heatran|Protect
|
|-heal|p1a: Heatran|289\/385|[from] item: Leftovers
|turn|39
|
|switch|p1a: Clefable|Clefable, F|394\/394
|move|p2a: Conkeldurr|Ice Punch|p1a: Clefable
|-damage|p1a: Clefable|291\/394
|
|turn|40
|chat|BallinAssNikka|freeze someone conk
|chat|BallinAssNikka|u douche
|chat|BallinAssNikka|lol
|
|switch|p2a: Excadrill|Excadrill, M|351\/362
|move|p1a: Clefable|Moonblast|p2a: Excadrill
|-resisted|p2a: Excadrill
|-damage|p2a: Excadrill|279\/362
|
|turn|41
|
|switch|p1a: Latios|Latios, M|228\/302
|-damage|p1a: Latios|191\/302|[from] Stealth Rock
|move|p2a: Excadrill|Iron Head|p1a: Latios
|-damage|p1a: Latios|0 fnt
|faint|p1a: Latios
|
|
|switch|p1a: Scizor|Scizor-Mega, M|341\/342
|-damage|p1a: Scizor|299\/342|[from] Stealth Rock
|turn|42
|chat|BallinAssNikka|;)
|
|switch|p2a: Venusaur|Venusaur-Mega, F|364\/364 par
|move|p1a: Scizor|Knock Off|p2a: Venusaur
|-damage|p2a: Venusaur|320\/364 par
|
|turn|43
|
|switch|p1a: Heatran|Heatran, F|289\/385
|-damage|p1a: Heatran|241\/385|[from] Stealth Rock
|move|p2a: Venusaur|Leech Seed|p1a: Heatran
|-start|p1a: Heatran|move: Leech Seed
|
|-heal|p1a: Heatran|265\/385|[from] item: Leftovers
|-damage|p1a: Heatran|217\/385|[from] Leech Seed|[of] p2a: Venusaur
|-heal|p2a: Venusaur|364\/364 par|[silent]
|turn|44
|chat|u got slowbro'ed|micclick
|
|switch|p1a: Scizor|Scizor-Mega, M|299\/342
|-damage|p1a: Scizor|257\/342|[from] Stealth Rock
|move|p2a: Venusaur|Sludge Bomb|p1a: Scizor
|-immune|p1a: Scizor|[msg]
|
|turn|45
|
|move|p1a: Scizor|Roost|p1a: Scizor
|-heal|p1a: Scizor|342\/342
|move|p2a: Venusaur|Leech Seed|p1a: Scizor
|-start|p1a: Scizor|move: Leech Seed
|
|-damage|p1a: Scizor|300\/342|[from] Leech Seed|[of] p2a: Venusaur
|turn|46
|
|switch|p2a: Keldeo|Keldeo|311\/323 par
|move|p1a: Scizor|Knock Off|p2a: Keldeo
|-crit|p2a: Keldeo
|-resisted|p2a: Keldeo
|-damage|p2a: Keldeo|215\/323 par
|-boost|p2a: Keldeo|atk|1|[from] ability: Justified
|-enditem|p2a: Keldeo|Choice Specs|[from] move: Knock Off|[of] p1a: Scizor
|
|-damage|p1a: Scizor|258\/342|[from] Leech Seed|[of] p2a: Keldeo
|-heal|p2a: Keldeo|257\/323 par|[silent]
|turn|47
|
|switch|p1a: Slowbro|Slowbro, F|308\/394
|-damage|p1a: Slowbro|259\/394|[from] Stealth Rock
|move|p2a: Keldeo|Hidden Power|p1a: Slowbro
|-supereffective|p1a: Slowbro
|-damage|p1a: Slowbro|75\/394
|
|-heal|p1a: Slowbro|99\/394|[from] item: Leftovers
|turn|48
|chat|u got slowbro'ed|u know my team
|
|move|p1a: Slowbro|Slack Off|p1a: Slowbro
|-heal|p1a: Slowbro|296\/394
|cant|p2a: Keldeo|par
|
|-heal|p1a: Slowbro|320\/394|[from] item: Leftovers
|turn|49
|
|move|p1a: Slowbro|Psyshock|p2a: Keldeo
|-supereffective|p2a: Keldeo
|-damage|p2a: Keldeo|59\/323 par
|cant|p2a: Keldeo|par
|
|-heal|p1a: Slowbro|344\/394|[from] item: Leftovers
|turn|50
|chat|BallinAssNikka|damnit
|chat|BallinAssNikka|thats unlucky
|
|move|p1a: Slowbro|Psyshock|p2a: Keldeo
|-supereffective|p2a: Keldeo
|-damage|p2a: Keldeo|0 fnt
|faint|p2a: Keldeo
|
|-heal|p1a: Slowbro|368\/394|[from] item: Leftovers
|chat|u got slowbro'ed|yes
|
|switch|p2a: Conkeldurr|Conkeldurr, M|207\/351
|turn|51
|join|Omegasization
|
|switch|p1a: Clefable|Clefable, F|291\/394
|move|p2a: Conkeldurr|Ice Punch|p1a: Clefable
|-damage|p1a: Clefable|182\/394
|-status|p1a: Clefable|frz
|
|turn|52
|chat|u got slowbro'ed|o.o
|chat|BallinAssNikka|there it is
|chat|BallinAssNikka|finally lol
|chat|BallinAssNikka|9 ice punches in haha
|
|switch|p2a: Excadrill|Excadrill, M|279\/362
|cant|p1a: Clefable|frz
|
|turn|53
|
|move|p2a: Excadrill|Earthquake|p1a: Clefable
|-damage|p1a: Clefable|0 fnt
|faint|p1a: Clefable
|
|
|switch|p1a: Slowbro|Slowbro, F|394\/394
|-damage|p1a: Slowbro|345\/394|[from] Stealth Rock
|turn|54
|
|switch|p2a: Conkeldurr|Conkeldurr, M|207\/351
|move|p1a: Slowbro|Scald|p2a: Conkeldurr
|-damage|p2a: Conkeldurr|108\/351
|
|-heal|p1a: Slowbro|369\/394|[from] item: Leftovers
|turn|55
|
|move|p2a: Conkeldurr|Drain Punch|p1a: Slowbro
|-resisted|p1a: Slowbro
|-damage|p1a: Slowbro|318\/394
|-heal|p2a: Conkeldurr|134\/351|[from] drain|[of] p1a: Slowbro
|move|p1a: Slowbro|Psyshock|p2a: Conkeldurr
|-supereffective|p2a: Conkeldurr
|-damage|p2a: Conkeldurr|0 fnt
|faint|p2a: Conkeldurr
|
|-heal|p1a: Slowbro|342\/394|[from] item: Leftovers
|
|switch|p2a: Venusaur|Venusaur-Mega, F|364\/364 par
|turn|56
|
|switch|p1a: Heatran|Heatran, F|217\/385
|-damage|p1a: Heatran|169\/385|[from] Stealth Rock
|move|p2a: Venusaur|Leech Seed|p1a: Heatran
|-start|p1a: Heatran|move: Leech Seed
|
|-heal|p1a: Heatran|193\/385|[from] item: Leftovers
|-damage|p1a: Heatran|145\/385|[from] Leech Seed|[of] p2a: Venusaur
|turn|57
|
|move|p1a: Heatran|Stealth Rock|p2a: Venusaur
|-sidestart|p2: BallinAssNikka|move: Stealth Rock
|move|p2a: Venusaur|Giga Drain|p1a: Heatran
|-resisted|p1a: Heatran
|-damage|p1a: Heatran|128\/385
|
|-heal|p1a: Heatran|152\/385|[from] item: Leftovers
|-damage|p1a: Heatran|104\/385|[from] Leech Seed|[of] p2a: Venusaur
|turn|58
|
|switch|p1a: Scizor|Scizor-Mega, M|258\/342
|-damage|p1a: Scizor|216\/342|[from] Stealth Rock
|cant|p2a: Venusaur|par
|
|turn|59
|
|switch|p2a: Excadrill|Excadrill, M|279\/362
|-damage|p2a: Excadrill|268\/362|[from] Stealth Rock
|move|p1a: Scizor|Roost|p1a: Scizor
|-heal|p1a: Scizor|342\/342
|
|turn|60
|chat|u got slowbro'ed|u have hp fire
|chat|u got slowbro'ed|lol k
|
|move|p2a: Excadrill|Earthquake|p1a: Scizor
|-damage|p1a: Scizor|168\/342
|move|p1a: Scizor|Swords Dance|p1a: Scizor
|-boost|p1a: Scizor|atk|2
|
|turn|61
|
|switch|p1a: Heatran|Heatran, F|104\/385
|-damage|p1a: Heatran|56\/385|[from] Stealth Rock
|move|p2a: Excadrill|Earthquake|p1a: Heatran
|-supereffective|p1a: Heatran
|-damage|p1a: Heatran|0 fnt
|faint|p1a: Heatran
|
|chat|Omegasization|woa\
|chat|u got slowbro'ed|fucking shit
|chat|u got slowbro'ed|banded exca
|chat|u got slowbro'ed|oml
|chat|Omegasization|is that banded
|
|switch|p1a: Slowbro|Slowbro, F|394\/394
|-damage|p1a: Slowbro|345\/394|[from] Stealth Rock
|turn|62
|join|Funnelby
|chat|Omegasization|lol
|
|move|p2a: Excadrill|Earthquake|p1a: Slowbro
|-damage|p1a: Slowbro|155\/394
|move|p1a: Slowbro|Scald|p2a: Excadrill
|-supereffective|p2a: Excadrill
|-damage|p2a: Excadrill|16\/362
|-status|p2a: Excadrill|brn
|
|-heal|p1a: Slowbro|179\/394|[from] item: Leftovers
|-damage|p2a: Excadrill|0 fnt|[from] brn
|faint|p2a: Excadrill
|chat|u got slowbro'ed|oml
|chat|BallinAssNikka|FAAAACCKK
|chat|BallinAssNikka|gotta be kiddin
|chat|BallinAssNikka|fml
|
|switch|p2a: Venusaur|Venusaur-Mega, F|364\/364 par
|-damage|p2a: Venusaur|319\/364 par|[from] Stealth Rock
|turn|63
|chat|u got slowbro'ed|u know what
|chat|u got slowbro'ed|i thought i clicked psyschock
|chat|u got slowbro'ed|lol
|chat|BallinAssNikka|i really expected a psyshock
|
|move|p1a: Slowbro|Psyshock|p2a: Venusaur
|-supereffective|p2a: Venusaur
|-damage|p2a: Venusaur|211\/364 par
|move|p2a: Venusaur|Giga Drain|p1a: Slowbro
|-supereffective|p1a: Slowbro
|-damage|p1a: Slowbro|0 fnt
|-heal|p2a: Venusaur|301\/364 par|[from] drain|[of] p1a: Slowbro
|faint|p1a: Slowbro
|
|
|switch|p1a: Scizor|Scizor-Mega, M|168\/342
|-damage|p1a: Scizor|126\/342|[from] Stealth Rock
|turn|64
|chat|u got slowbro'ed|rveal
|chat|u got slowbro'ed|hp fire
|chat|u got slowbro'ed|pls
|chat|u got slowbro'ed|lol
|chat|BallinAssNikka|i wish
|
|move|p1a: Scizor|Roost|p1a: Scizor
|-heal|p1a: Scizor|297\/342
|move|p2a: Venusaur|Leech Seed|p1a: Scizor
|-start|p1a: Scizor|move: Leech Seed
|
|-damage|p1a: Scizor|255\/342|[from] Leech Seed|[of] p2a: Venusaur
|-heal|p2a: Venusaur|343\/364 par|[silent]
|turn|65
|
|move|p1a: Scizor|Swords Dance|p1a: Scizor
|-boost|p1a: Scizor|atk|2
|move|p2a: Venusaur|Giga Drain|p1a: Scizor
|-resisted|p1a: Scizor
|-damage|p1a: Scizor|229\/342
|-heal|p2a: Venusaur|356\/364 par|[from] drain|[of] p1a: Scizor
|
|-damage|p1a: Scizor|187\/342|[from] Leech Seed|[of] p2a: Venusaur
|-heal|p2a: Venusaur|364\/364 par|[silent]
|turn|66
|chat|u got slowbro'ed|ok then i win lol
|chat|BallinAssNikka|gg tho bro
|chat|BallinAssNikka|yeah
|chat|u got slowbro'ed|gg
|chat|BallinAssNikka|ima save this replay x_x
|
|move|p1a: Scizor|Swords Dance|p1a: Scizor
|-boost|p1a: Scizor|atk|2
|cant|p2a: Venusaur|par
|
|-damage|p1a: Scizor|145\/342|[from] Leech Seed|[of] p2a: Venusaur
|turn|67
|chat|u got slowbro'ed|lol
|chat|BallinAssNikka|70 turns
|chat|u got slowbro'ed|dat band exca
|
|move|p1a: Scizor|Swords Dance|p1a: Scizor
|-boost|p1a: Scizor|atk|2
|move|p2a: Venusaur|Giga Drain|p1a: Scizor
|-resisted|p1a: Scizor
|-damage|p1a: Scizor|120\/342
|
|-damage|p1a: Scizor|78\/342|[from] Leech Seed|[of] p2a: Venusaur
|turn|68
|join|JTangarang (Â°?Â°)
|chat|BallinAssNikka|band exca in sand is silly
|chat|u got slowbro'ed|should be the 2nd band exca i ever found
|
|move|p1a: Scizor|Roost|p1a: Scizor
|-heal|p1a: Scizor|249\/342
|move|p2a: Venusaur|Giga Drain|p1a: Scizor
|-resisted|p1a: Scizor
|-damage|p1a: Scizor|225\/342
|
|-damage|p1a: Scizor|183\/342|[from] Leech Seed|[of] p2a: Venusaur
|turn|69
|
|move|p1a: Scizor|Bullet Punch|p2a: Venusaur
|-damage|p2a: Venusaur|109\/364 par
|move|p2a: Venusaur|Giga Drain|p1a: Scizor
|-crit|p1a: Scizor
|-resisted|p1a: Scizor
|-damage|p1a: Scizor|146\/342
|-heal|p2a: Venusaur|128\/364 par|[from] drain|[of] p1a: Scizor
|
|-damage|p1a: Scizor|104\/342|[from] Leech Seed|[of] p2a: Venusaur
|-heal|p2a: Venusaur|170\/364 par|[silent]
|turn|70
|
|move|p1a: Scizor|Bullet Punch|p2a: Venusaur
|-damage|p2a: Venusaur|0 fnt
|faint|p2a: Venusaur
|
|win|u got slowbro'ed
|raw|Ladder updating...
|chat|u got slowbro'ed|gg
|raw|u got slowbro&apos;ed's rating: 1978 &rarr; <strong>1985<\/strong><br \/>(+7 for winning)
|raw|BallinAssNikka's rating: 1698 &rarr; <strong>1692<\/strong><br \/>(-6 for losing)
|leave|u got slowbro'ed
|player|p1
|chat|BallinAssNikka|gg