|join|ZyFlux
|join|BallinAssNikka
|player|p1|ZyFlux|80
|player|p2|BallinAssNikka|274
|gametype|singles
|gen|6
|tier|OU
|rated
|clearpoke
|poke|p1|Medicham, F
|poke|p1|Bisharp, M
|poke|p1|Latios, M
|poke|p1|Landorus-Therian, M
|poke|p1|Rotom-Wash
|poke|p1|Chandelure, F
|poke|p2|Greninja, M
|poke|p2|Hawlucha, M, shiny
|poke|p2|Latios, M
|poke|p2|Landorus-Therian, M
|poke|p2|Heatran, M
|poke|p2|Manectric, F
|rule|Swagger Clause: Swagger is banned
|rule|Baton Pass Clause: Limit one PokÃ©mon knowing Baton Pass
|rule|Sleep Clause Mod: Limit one foe put to sleep
|rule|Species Clause: Limit one of each PokÃ©mon
|rule|OHKO Clause: OHKO moves are banned
|rule|Moody Clause: Moody is banned
|rule|Evasion Moves Clause: Evasion moves are banned
|rule|Endless Battle Clause: Forcing endless battles is banned
|rule|HP Percentage Mod: HP is shown in percentages
|teampreview
|
|start
|switch|p1a: Medicham|Medicham, F|261\/261
|switch|p2a: Landorus-Therian|Landorus-Therian, M|319\/319
|-ability|p2a: Landorus-Therian|Intimidate|[of] p1a: Medicham
|-unboost|p1a: Medicham|atk|1
|turn|1
|
|detailschange|p1a: Medicham|Medicham-Mega, F
|message|Medicham has Mega Evolved into Mega Medicham!
|move|p1a: Medicham|Fake Out|p2a: Landorus-Therian
|-damage|p2a: Landorus-Therian|258\/319
|cant|p2a: Landorus-Therian|flinch
|
|turn|2
|
|switch|p1a: Landorus-Therian|Landorus-Therian, M|382\/382
|-ability|p1a: Landorus-Therian|Intimidate|[of] p2a: Landorus-Therian
|-unboost|p2a: Landorus-Therian|atk|1
|move|p2a: Landorus-Therian|U-turn|p1a: Landorus-Therian
|-resisted|p1a: Landorus-Therian
|-damage|p1a: Landorus-Therian|360\/382
|-damage|p2a: Landorus-Therian|205\/319|[from] item: Rocky Helmet|[of] p1a: Landorus-Therian
|
|switch|p2a: Manectric|Manectric, F|281\/281
|
|turn|3
|
|switch|p1a: Bisharp|Bisharp, M|272\/272
|detailschange|p2a: Manectric|Manectric-Mega, F
|message|Manectric has Mega Evolved into Mega Manectric!
|-ability|p2a: Manectric|Intimidate|[of] p1a: Bisharp
|-unboost|p1a: Bisharp|atk|1
|-boost|p1a: Bisharp|atk|2|[from] ability: Defiant
|move|p2a: Manectric|Hidden Power|p1a: Bisharp
|-resisted|p1a: Bisharp
|-damage|p1a: Bisharp|227\/272
|
|turn|4
|
|move|p1a: Bisharp|Sucker Punch|p2a: Manectric
|-damage|p2a: Manectric|0 fnt
|-damage|p1a: Bisharp|200\/272|[from] item: Life Orb
|faint|p2a: Manectric
|
|
|switch|p2a: Hawlucha|Hawlucha, M, shiny|312\/312
|turn|5
|
|switch|p1a: Landorus-Therian|Landorus-Therian, M|360\/382
|-ability|p1a: Landorus-Therian|Intimidate|[of] p2a: Hawlucha
|-unboost|p2a: Hawlucha|atk|1
|move|p2a: Hawlucha|Substitute|p2a: Hawlucha
|-start|p2a: Hawlucha|Substitute
|-damage|p2a: Hawlucha|234\/312
|
|turn|6
|
|move|p2a: Hawlucha|Swords Dance|p2a: Hawlucha
|-boost|p2a: Hawlucha|atk|2
|move|p1a: Landorus-Therian|Stone Edge|p2a: Hawlucha
|-end|p2a: Hawlucha|Substitute
|
|turn|7
|
|move|p2a: Hawlucha|Swords Dance|p2a: Hawlucha
|-boost|p2a: Hawlucha|atk|2
|move|p1a: Landorus-Therian|Stone Edge|p2a: Hawlucha|[miss]
|-miss|p1a: Landorus-Therian|p2a: Hawlucha
|
|turn|8
|
|move|p2a: Hawlucha|Substitute|p2a: Hawlucha
|-start|p2a: Hawlucha|Substitute
|-damage|p2a: Hawlucha|156\/312
|-enditem|p2a: Hawlucha|Sitrus Berry|[eat]
|-heal|p2a: Hawlucha|234\/312|[from] item: Sitrus Berry
|move|p1a: Landorus-Therian|Knock Off|p2a: Hawlucha
|-resisted|p2a: Hawlucha
|-activate|p2a: Hawlucha|Substitute|[damage]
|
|turn|9
|
|move|p2a: Hawlucha|Acrobatics|p1a: Landorus-Therian
|-damage|p1a: Landorus-Therian|57\/382
|-damage|p2a: Hawlucha|182\/312|[from] item: Rocky Helmet|[of] p1a: Landorus-Therian
|move|p1a: Landorus-Therian|Stone Edge|p2a: Hawlucha|[miss]
|-miss|p1a: Landorus-Therian|p2a: Hawlucha
|
|turn|10
|c|âBallinAssNikka|lol
|c|âBallinAssNikka|not a good situation to be in
|
|move|p2a: Hawlucha|Acrobatics|p1a: Landorus-Therian
|-damage|p1a: Landorus-Therian|0 fnt
|-damage|p2a: Hawlucha|130\/312|[from] item: Rocky Helmet|[of] p1a: Landorus-Therian
|faint|p1a: Landorus-Therian
|
|
|switch|p1a: Bisharp|Bisharp, M|200\/272
|turn|11
|
|switch|p1a: Chandelure|Chandelure, F|261\/261
|move|p2a: Hawlucha|High Jump Kick|p1a: Chandelure
|-immune|p1a: Chandelure|[msg]
|-damage|p2a: Hawlucha|0 fnt|[from] highjumpkick
|faint|p2a: Hawlucha
|
|c|âBallinAssNikka|lol...i cancelled that
|c|âBallinAssNikka|so quickly
|c|âBallinAssNikka|bleh
|
|switch|p2a: Greninja|Greninja, M|285\/285
|turn|12
|
|move|p1a: Chandelure|Energy Ball|p2a: Greninja
|-supereffective|p2a: Greninja
|-damage|p2a: Greninja|0 fnt
|faint|p2a: Greninja
|
|
|switch|p2a: Heatran|Heatran, M|333\/333
|-item|p2a: Heatran|Air Balloon
|turn|13
|
|move|p1a: Chandelure|Energy Ball|p2a: Heatran
|-resisted|p2a: Heatran
|-damage|p2a: Heatran|307\/333
|-enditem|p2a: Heatran|Air Balloon
|move|p2a: Heatran|Stealth Rock|p1a: Chandelure
|-sidestart|p1: ZyFlux|move: Stealth Rock
|
|turn|14
|
|switch|p1a: Rotom-Wash|Rotom-Wash|304\/304
|-damage|p1a: Rotom-Wash|266\/304|[from] Stealth Rock
|move|p2a: Heatran|Will-O-Wisp|p1a: Rotom-Wash
|-status|p1a: Rotom-Wash|brn
|
|-heal|p1a: Rotom-Wash|285\/304 brn|[from] item: Leftovers
|-damage|p1a: Rotom-Wash|247\/304 brn|[from] brn
|turn|15
|
|switch|p2a: Latios|Latios, M|299\/299
|move|p1a: Rotom-Wash|Hydro Pump|p2a: Latios
|-resisted|p2a: Latios
|-damage|p2a: Latios|234\/299
|
|-heal|p1a: Rotom-Wash|266\/304 brn|[from] item: Leftovers
|-damage|p1a: Rotom-Wash|228\/304 brn|[from] brn
|turn|16
|
|move|p2a: Latios|Psyshock|p1a: Rotom-Wash
|-damage|p1a: Rotom-Wash|49\/304 brn
|-damage|p2a: Latios|205\/299|[from] item: Life Orb
|move|p1a: Rotom-Wash|Pain Split|p2a: Latios
|-sethp|p2a: Latios|127\/299|p1a: Rotom-Wash|127\/304 brn|[from] move: Pain Split
|
|-heal|p1a: Rotom-Wash|146\/304 brn|[from] item: Leftovers
|-damage|p1a: Rotom-Wash|108\/304 brn|[from] brn
|turn|17
|
|switch|p1a: Bisharp|Bisharp, M|200\/272
|-damage|p1a: Bisharp|183\/272|[from] Stealth Rock
|move|p2a: Latios|Surf|p1a: Bisharp
|-damage|p1a: Bisharp|0 fnt
|-damage|p2a: Latios|98\/299|[from] item: Life Orb
|faint|p1a: Bisharp
|
|
|switch|p1a: Medicham|Medicham-Mega, F|261\/261
|-damage|p1a: Medicham|245\/261|[from] Stealth Rock
|turn|18
|
|switch|p2a: Landorus-Therian|Landorus-Therian, M|205\/319
|-ability|p2a: Landorus-Therian|Intimidate|[of] p1a: Medicham
|-unboost|p1a: Medicham|atk|1
|move|p1a: Medicham|Fake Out|p2a: Landorus-Therian
|-damage|p2a: Landorus-Therian|144\/319
|
|turn|19
|
|switch|p1a: Rotom-Wash|Rotom-Wash|108\/304 brn
|-damage|p1a: Rotom-Wash|70\/304 brn|[from] Stealth Rock
|move|p2a: Landorus-Therian|U-turn|p1a: Rotom-Wash
|-damage|p1a: Rotom-Wash|0 fnt
|faint|p1a: Rotom-Wash
|
|switch|p2a: Heatran|Heatran, M|307\/333
|
|
|switch|p1a: Medicham|Medicham-Mega, F|245\/261
|-damage|p1a: Medicham|229\/261|[from] Stealth Rock
|turn|20
|
|move|p1a: Medicham|Drain Punch|p2a: Heatran
|-supereffective|p2a: Heatran
|-damage|p2a: Heatran|0 fnt
|-heal|p1a: Medicham|261\/261|[from] drain|[of] p2a: Heatran
|faint|p2a: Heatran
|
|
|switch|p2a: Latios|Latios, M|98\/299
|turn|21
|
|move|p2a: Latios|Draco Meteor|p1a: Medicham
|-damage|p1a: Medicham|0 fnt
|-unboost|p2a: Latios|spa|2
|-damage|p2a: Latios|69\/299|[from] item: Life Orb
|faint|p1a: Medicham
|
|
|switch|p1a: Chandelure|Chandelure, F|261\/261
|-damage|p1a: Chandelure|196\/261|[from] Stealth Rock
|turn|22
|
|move|p1a: Chandelure|Shadow Ball|p2a: Latios
|-supereffective|p2a: Latios
|-damage|p2a: Latios|0 fnt
|faint|p2a: Latios
|
|
|switch|p2a: Landorus-Therian|Landorus-Therian, M|144\/319
|-ability|p2a: Landorus-Therian|Intimidate|[of] p1a: Chandelure
|-unboost|p1a: Chandelure|atk|1
|turn|23
|
|move|p2a: Landorus-Therian|Knock Off|p1a: Chandelure
|-supereffective|p1a: Chandelure
|-damage|p1a: Chandelure|0 fnt
|-enditem|p1a: Chandelure|Choice Scarf|[from] move: Knock Off|[of] p2a: Landorus-Therian
|faint|p1a: Chandelure
|
|
|switch|p1a: Latios|Latios, M|302\/302
|-damage|p1a: Latios|265\/302|[from] Stealth Rock
|turn|24
|
|move|p2a: Landorus-Therian|Knock Off|p1a: Latios
|-supereffective|p1a: Latios
|-damage|p1a: Latios|0 fnt
|-enditem|p1a: Latios|Life Orb|[from] move: Knock Off|[of] p2a: Landorus-Therian
|faint|p1a: Latios
|
|win|BallinAssNikka
|raw|Ladder updating...
|raw|ZyFlux's rating: 1618 &rarr; <strong>1593<\/strong><br \/>(-25 for losing)
|raw|BallinAssNikka's rating: 1527 &rarr; <strong>1552<\/strong><br \/>(+25 for winning)
|c|âBallinAssNikka|that power