|join|BallinAssNikka
|join|nganchu
|player|p1|BallinAssNikka|274
|player|p2|nganchu|101
|gametype|singles
|gen|6
|tier|OU
|rated
|clearpoke
|poke|p1|Landorus-Therian, M
|poke|p1|Bisharp, M
|poke|p1|Smeargle, F
|poke|p1|Gyarados, F
|poke|p1|Magnezone
|poke|p1|Conkeldurr, M
|poke|p2|Gengar, F
|poke|p2|Snorlax, F
|poke|p2|Arcanine, M
|poke|p2|Weezing, M
|poke|p2|Cloyster, M
|poke|p2|Aerodactyl, F
|rule|Baton Pass Clause: Limit 3 pokemon knowing Baton Pass
|rule|Sleep Clause Mod: Limit one foe put to sleep
|rule|Species Clause: Limit one of each Pokemon
|rule|OHKO Clause: OHKO moves are banned
|rule|Moody Clause: Moody is banned
|rule|Evasion Moves Clause: Evasion moves are banned
|rule|Endless Battle Clause: Forcing endless battles is banned
|rule|HP Percentage Mod: HP is reported as percentages
|teampreview
|
|start
|switch|p1a: Landorus-Therian|Landorus-Therian, M|334\/334
|switch|p2a: Aerodactyl|Aerodactyl, F|302\/302
|-ability|p2a: Aerodactyl|Unnerve|p1: BallinAssNikka
|-ability|p1a: Landorus-Therian|Intimidate|[of] p2a: Aerodactyl
|-unboost|p2a: Aerodactyl|atk|1
|turn|1
|
|move|p2a: Aerodactyl|Taunt|p1a: Landorus-Therian
|-start|p1a: Landorus-Therian|move: Taunt
|cant|p1a: Landorus-Therian|move: Taunt|Stealth Rock
|
|turn|2
|
|move|p2a: Aerodactyl|Stealth Rock|p1a: Landorus-Therian
|-sidestart|p1: BallinAssNikka|move: Stealth Rock
|move|p1a: Landorus-Therian|U-turn|p2a: Aerodactyl
|-resisted|p2a: Aerodactyl
|-damage|p2a: Aerodactyl|237\/302
|
|switch|p1a: Bisharp|Bisharp, M|271\/271
|-damage|p1a: Bisharp|255\/271|[from] Stealth Rock
|
|turn|3
|
|switch|p2a: Weezing|Weezing, M|271\/271
|move|p1a: Bisharp|Swords Dance|p1a: Bisharp
|-boost|p1a: Bisharp|atk|2
|
|turn|4
|
|move|p1a: Bisharp|Knock Off|p2a: Weezing
|-damage|p2a: Weezing|6\/271
|-enditem|p2a: Weezing|Black Sludge|[from] move: Knock Off|[of] p1a: Bisharp
|move|p2a: Weezing|Will-O-Wisp|p1a: Bisharp
|-status|p1a: Bisharp|brn
|
|-damage|p1a: Bisharp|222\/271 brn|[from] brn
|turn|5
|
|move|p1a: Bisharp|Knock Off|p2a: Weezing
|-damage|p2a: Weezing|0 fnt
|faint|p2a: Weezing
|
|-damage|p1a: Bisharp|189\/271 brn|[from] brn
|
|switch|p2a: Arcanine|Arcanine, M|321\/321
|-ability|p2a: Arcanine|Intimidate|[of] p1a: Bisharp
|-unboost|p1a: Bisharp|atk|1
|-boost|p1a: Bisharp|atk|2|[from] ability: Defiant
|turn|6
|
|move|p2a: Arcanine|Extreme Speed|p1a: Bisharp
|-resisted|p1a: Bisharp
|-damage|p1a: Bisharp|129\/271 brn
|-damage|p2a: Arcanine|289\/321|[from] item: Life Orb
|move|p1a: Bisharp|Sucker Punch|p2a: Arcanine
|-fail|p2a: Arcanine
|
|-damage|p1a: Bisharp|96\/271 brn|[from] brn
|turn|7
|
|move|p1a: Bisharp|Sucker Punch|p2a: Arcanine
|-damage|p2a: Arcanine|30\/321
|move|p2a: Arcanine|Flare Blitz|p1a: Bisharp
|-supereffective|p1a: Bisharp
|-damage|p1a: Bisharp|0 fnt
|-damage|p2a: Arcanine|0 fnt|[from] recoil|[of] p1a: Bisharp
|faint|p1a: Bisharp
|faint|p2a: Arcanine
|
|
|switch|p2a: Aerodactyl|Aerodactyl, F|237\/302
|switch|p1a: Magnezone|Magnezone|343\/343
|-damage|p1a: Magnezone|322\/343|[from] Stealth Rock
|-ability|p2a: Aerodactyl|Unnerve|p1: BallinAssNikka
|turn|8
|
|move|p2a: Aerodactyl|Earthquake|p1a: Magnezone
|-supereffective|p1a: Magnezone
|-damage|p1a: Magnezone|0 fnt
|faint|p1a: Magnezone
|
|
|switch|p1a: Gyarados|Gyarados, F|332\/332
|-damage|p1a: Gyarados|249\/332|[from] Stealth Rock
|-ability|p1a: Gyarados|Intimidate|[of] p2a: Aerodactyl
|-unboost|p2a: Aerodactyl|atk|1
|turn|9
|
|detailschange|p1a: Gyarados|Gyarados-Mega, F
|message|Gyarados has Mega Evolved into Mega Gyarados!
|-ability|p1a: Gyarados|Mold Breaker
|move|p2a: Aerodactyl|Stone Edge|p1a: Gyarados|[miss]
|-miss|p2a: Aerodactyl|p1a: Gyarados
|move|p1a: Gyarados|Dragon Dance|p1a: Gyarados
|-boost|p1a: Gyarados|atk|1
|-boost|p1a: Gyarados|spe|1
|
|turn|10
|
|move|p2a: Aerodactyl|Stone Edge|p1a: Gyarados
|-damage|p1a: Gyarados|152\/332
|move|p1a: Gyarados|Waterfall|p2a: Aerodactyl
|-supereffective|p2a: Aerodactyl
|-damage|p2a: Aerodactyl|0 fnt
|faint|p2a: Aerodactyl
|
|
|switch|p2a: Cloyster|Cloyster, M|241\/241
|turn|11
|
|move|p1a: Gyarados|Taunt|p2a: Cloyster
|-start|p2a: Cloyster|move: Taunt
|cant|p2a: Cloyster|move: Taunt|Shell Smash
|
|turn|12
|
|move|p1a: Gyarados|Waterfall|p2a: Cloyster
|-resisted|p2a: Cloyster
|-damage|p2a: Cloyster|164\/241
|move|p2a: Cloyster|Rock Blast|p1a: Gyarados
|-damage|p1a: Gyarados|125\/332
|-damage|p1a: Gyarados|101\/332
|-damage|p1a: Gyarados|74\/332
|-damage|p1a: Gyarados|46\/332
|-damage|p1a: Gyarados|19\/332
|-hitcount|p1a: Gyarados|5
|
|turn|13
|
|move|p1a: Gyarados|Waterfall|p2a: Cloyster
|-resisted|p2a: Cloyster
|-damage|p2a: Cloyster|86\/241
|move|p2a: Cloyster|Rock Blast|p1a: Gyarados
|-damage|p1a: Gyarados|0 fnt
|-hitcount|p1a: Gyarados|1
|faint|p1a: Gyarados
|
|-end|p2a: Cloyster|move: Taunt
|
|switch|p1a: Conkeldurr|Conkeldurr, M|371\/371
|-damage|p1a: Conkeldurr|348\/371|[from] Stealth Rock
|turn|14
|
|move|p2a: Cloyster|Shell Smash|p2a: Cloyster
|-boost|p2a: Cloyster|atk|2
|-boost|p2a: Cloyster|spa|2
|-boost|p2a: Cloyster|spe|2
|-unboost|p2a: Cloyster|def|1
|-unboost|p2a: Cloyster|spd|1
|move|p1a: Conkeldurr|Drain Punch|p2a: Cloyster
|-supereffective|p2a: Cloyster
|-damage|p2a: Cloyster|0 fnt
|-heal|p1a: Conkeldurr|371\/371|[from] drain|[of] p2a: Cloyster
|faint|p2a: Cloyster
|
|
|switch|p2a: Snorlax|Snorlax, F|519\/519
|turn|15
|
|move|p1a: Conkeldurr|Drain Punch|p2a: Snorlax
|-supereffective|p2a: Snorlax
|-damage|p2a: Snorlax|181\/519
|move|p2a: Snorlax|Counter|p1a: Conkeldurr
|-damage|p1a: Conkeldurr|0 fnt
|faint|p1a: Conkeldurr
|
|-heal|p2a: Snorlax|213\/519|[from] item: Leftovers
|
|switch|p1a: Landorus-Therian|Landorus-Therian, M|334\/334
|-damage|p1a: Landorus-Therian|293\/334|[from] Stealth Rock
|-ability|p1a: Landorus-Therian|Intimidate|[of] p2a: Snorlax
|-unboost|p2a: Snorlax|atk|1
|turn|16
|
|switch|p2a: Gengar|Gengar, F|262\/262
|move|p1a: Landorus-Therian|Earthquake|p2a: Gengar
|-immune|p2a: Gengar|[msg]
|
|-heal|p1a: Landorus-Therian|313\/334|[from] item: Leftovers
|turn|17
|
|move|p2a: Gengar|Shadow Ball|p1a: Landorus-Therian
|-damage|p1a: Landorus-Therian|138\/334
|move|p1a: Landorus-Therian|Knock Off|p2a: Gengar
|-supereffective|p2a: Gengar
|-damage|p2a: Gengar|0 fnt
|faint|p2a: Gengar
|
|-heal|p1a: Landorus-Therian|158\/334|[from] item: Leftovers
|
|switch|p2a: Snorlax|Snorlax, F|213\/519
|turn|18
|
|switch|p1a: Smeargle|Smeargle, F|314\/314
|-damage|p1a: Smeargle|275\/314|[from] Stealth Rock
|move|p2a: Snorlax|Return|p1a: Smeargle
|-damage|p1a: Smeargle|0 fnt
|faint|p1a: Smeargle
|
|-heal|p2a: Snorlax|245\/519|[from] item: Leftovers
|
|switch|p1a: Landorus-Therian|Landorus-Therian, M|158\/334
|-damage|p1a: Landorus-Therian|117\/334|[from] Stealth Rock
|-ability|p1a: Landorus-Therian|Intimidate|[of] p2a: Snorlax
|-unboost|p2a: Snorlax|atk|1
|turn|19
|
|move|p1a: Landorus-Therian|Earthquake|p2a: Snorlax
|-damage|p2a: Snorlax|8\/519
|move|p2a: Snorlax|Return|p1a: Landorus-Therian
|-crit|p1a: Landorus-Therian
|-damage|p1a: Landorus-Therian|0 fnt
|faint|p1a: Landorus-Therian
|
|win|nganchu
|raw|Ladder updating...
|raw|BallinAssNikka's rating: 1133 &rarr; <strong>1109<\/strong><br \/>(-24 for losing)
|raw|nganchu's rating: 1152 &rarr; <strong>1176<\/strong><br \/>(+24 for winning)
|leave|BallinAssNikka
|player|p1