|join|SnoringLikeLax
|join|BallinAssNikka
|player|p1|SnoringLikeLax|264
|player|p2|BallinAssNikka|274
|gametype|singles
|gen|6
|tier|OU
|rated
|clearpoke
|poke|p1|Landorus-Therian, M
|poke|p1|Gardevoir, M, shiny
|poke|p1|Azumarill, M
|poke|p1|Mandibuzz, F
|poke|p1|Rotom-Heat
|poke|p1|Ferrothorn, M
|poke|p2|Infernape, M
|poke|p2|Excadrill, M
|poke|p2|Skarmory, F
|poke|p2|Milotic, F
|poke|p2|Sylveon, M
|poke|p2|Thundurus, M
|rule|Swagger Clause: Swagger is banned
|rule|Baton Pass Clause: Limit one PokÃ©mon knowing Baton Pass
|rule|Sleep Clause Mod: Limit one foe put to sleep
|rule|Species Clause: Limit one of each PokÃ©mon
|rule|OHKO Clause: OHKO moves are banned
|rule|Moody Clause: Moody is banned
|rule|Evasion Moves Clause: Evasion moves are banned
|rule|Endless Battle Clause: Forcing endless battles is banned
|rule|HP Percentage Mod: HP is shown in percentages
|teampreview
|
|start
|switch|p1a: Sic Semper Tyranni|Landorus-Therian, M|320\/320
|switch|p2a: Skarmory|Skarmory, F|334\/334
|-ability|p1a: Sic Semper Tyranni|Intimidate|[of] p2a: Skarmory
|-unboost|p2a: Skarmory|atk|1
|turn|1
|
|move|p1a: Sic Semper Tyranni|Knock Off|p2a: Skarmory
|-damage|p2a: Skarmory|257\/334
|-damage|p1a: Sic Semper Tyranni|267\/320|[from] item: Rocky Helmet|[of] p2a: Skarmory
|-enditem|p2a: Skarmory|Rocky Helmet|[from] move: Knock Off|[of] p1a: Sic Semper Tyranni
|move|p2a: Skarmory|Spikes|p1a: Sic Semper Tyranni
|-sidestart|p1: SnoringLikeLax|Spikes
|
|turn|2
|
|switch|p1a: Utile Dulci|Mandibuzz, F|424\/424
|move|p2a: Skarmory|Spikes|p1a: Utile Dulci
|-sidestart|p1: SnoringLikeLax|Spikes
|
|turn|3
|
|switch|p2a: Milotic|Milotic, F|332\/332
|move|p1a: Utile Dulci|Defog|p2a: Milotic
|-unboost|p2a: Milotic|evasion|1
|-boost|p2a: Milotic|spa|2|[from] ability: Competitive
|-sideend|p1: SnoringLikeLax|Spikes|[from] move: Defog|[of] p1a: Utile Dulci
|
|turn|4
|
|move|p2a: Milotic|Ice Beam|p1a: Utile Dulci
|-supereffective|p1a: Utile Dulci
|-damage|p1a: Utile Dulci|0 fnt
|faint|p1a: Utile Dulci
|
|
|switch|p1a: Semper Fidelis|Azumarill, M|404\/404
|turn|5
|
|move|p2a: Milotic|Ice Beam|p1a: Semper Fidelis
|-resisted|p1a: Semper Fidelis
|-damage|p1a: Semper Fidelis|331\/404
|move|p1a: Semper Fidelis|Play Rough|p2a: Milotic
|-damage|p2a: Milotic|82\/332
|
|turn|6
|
|switch|p2a: Skarmory|Skarmory, F|257\/334
|move|p1a: Semper Fidelis|Play Rough|p2a: Skarmory
|-resisted|p2a: Skarmory
|-damage|p2a: Skarmory|197\/334
|
|turn|7
|
|switch|p1a: Carpe Diem|Rotom-Heat|241\/241
|move|p2a: Skarmory|Roost|p2a: Skarmory
|-heal|p2a: Skarmory|334\/334
|
|turn|8
|
|switch|p2a: Milotic|Milotic, F|82\/332
|move|p1a: Carpe Diem|Overheat|p2a: Milotic
|-resisted|p2a: Milotic
|-damage|p2a: Milotic|0 fnt
|-unboost|p1a: Carpe Diem|spa|2
|faint|p2a: Milotic
|
|
|switch|p2a: Infernape|Infernape, M|293\/293
|turn|9
|
|switch|p1a: Sic Semper Tyranni|Landorus-Therian, M|267\/320
|-ability|p1a: Sic Semper Tyranni|Intimidate|[of] p2a: Infernape
|-unboost|p2a: Infernape|atk|1
|move|p2a: Infernape|Stealth Rock|p1a: Sic Semper Tyranni
|-sidestart|p1: SnoringLikeLax|move: Stealth Rock
|
|turn|10
|
|switch|p2a: Skarmory|Skarmory, F|334\/334
|move|p1a: Sic Semper Tyranni|U-turn|p2a: Skarmory
|-resisted|p2a: Skarmory
|-damage|p2a: Skarmory|321\/334
|
|switch|p1a: Carpe Diem|Rotom-Heat|241\/241
|-damage|p1a: Carpe Diem|181\/241|[from] Stealth Rock
|
|turn|11
|
|switch|p2a: Sylveon|Sylveon, M|394\/394
|move|p1a: Carpe Diem|Overheat|p2a: Sylveon
|-damage|p2a: Sylveon|244\/394
|-unboost|p1a: Carpe Diem|spa|2
|
|-heal|p2a: Sylveon|268\/394|[from] item: Leftovers
|turn|12
|
|switch|p1a: Semper Fidelis|Azumarill, M|331\/404
|-damage|p1a: Semper Fidelis|281\/404|[from] Stealth Rock
|switch|p2a: Infernape|Infernape, M|293\/293
|
|turn|13
|
|switch|p2a: Skarmory|Skarmory, F|321\/334
|move|p1a: Semper Fidelis|Waterfall|p2a: Skarmory
|-damage|p2a: Skarmory|213\/334
|
|turn|14
|
|switch|p1a: Amor Vincit Omnia|Gardevoir, M, shiny|277\/277
|-damage|p1a: Amor Vincit Omnia|243\/277|[from] Stealth Rock
|-ability|p1a: Amor Vincit Omnia|Sturdy|[from] ability: Trace|[of] p2a: Skarmory
|move|p2a: Skarmory|Spikes|p1a: Amor Vincit Omnia
|-sidestart|p1: SnoringLikeLax|Spikes
|
|turn|15
|
|detailschange|p1a: Amor Vincit Omnia|Gardevoir-Mega, M, shiny
|message|Gardevoir has Mega Evolved into Mega Gardevoir!
|move|p1a: Amor Vincit Omnia|Will-O-Wisp|p2a: Skarmory
|-status|p2a: Skarmory|brn
|move|p2a: Skarmory|Whirlwind|p1a: Amor Vincit Omnia
|drag|p1a: Carpe Diem|Rotom-Heat|181\/241
|-damage|p1a: Carpe Diem|121\/241|[from] Stealth Rock
|
|-damage|p2a: Skarmory|172\/334 brn|[from] brn
|turn|16
|
|switch|p2a: Sylveon|Sylveon, M|268\/394
|move|p1a: Carpe Diem|Volt Switch|p2a: Sylveon
|-damage|p2a: Sylveon|180\/394
|
|switch|p1a: Sic Semper Tyranni|Landorus-Therian, M|267\/320
|-damage|p1a: Sic Semper Tyranni|227\/320|[from] Stealth Rock
|-ability|p1a: Sic Semper Tyranni|Intimidate|[of] p2a: Sylveon
|-unboost|p2a: Sylveon|atk|1
|
|-heal|p2a: Sylveon|204\/394|[from] item: Leftovers
|turn|17
|
|move|p1a: Sic Semper Tyranni|U-turn|p2a: Sylveon
|-resisted|p2a: Sylveon
|-damage|p2a: Sylveon|160\/394
|
|switch|p1a: Semper Fidelis|Azumarill, M|281\/404
|-damage|p1a: Semper Fidelis|231\/404|[from] Spikes
|-damage|p1a: Semper Fidelis|181\/404|[from] Stealth Rock
|move|p2a: Sylveon|Hyper Voice|p1a: Semper Fidelis
|-damage|p1a: Semper Fidelis|58\/404
|
|-heal|p2a: Sylveon|184\/394|[from] item: Leftovers
|turn|18
|
|move|p2a: Sylveon|Hyper Voice|p1a: Semper Fidelis
|-damage|p1a: Semper Fidelis|0 fnt
|faint|p1a: Semper Fidelis
|
|-heal|p2a: Sylveon|208\/394|[from] item: Leftovers
|
|switch|p1a: Aere Perennius|Ferrothorn, M|352\/352
|-damage|p1a: Aere Perennius|308\/352|[from] Spikes
|-damage|p1a: Aere Perennius|286\/352|[from] Stealth Rock
|turn|19
|
|switch|p2a: Infernape|Infernape, M|293\/293
|move|p1a: Aere Perennius|Gyro Ball|p2a: Infernape
|-resisted|p2a: Infernape
|-damage|p2a: Infernape|162\/293
|
|-heal|p1a: Aere Perennius|308\/352|[from] item: Leftovers
|turn|20
|
|switch|p1a: Sic Semper Tyranni|Landorus-Therian, M|227\/320
|-damage|p1a: Sic Semper Tyranni|187\/320|[from] Stealth Rock
|-ability|p1a: Sic Semper Tyranni|Intimidate|[of] p2a: Infernape
|-unboost|p2a: Infernape|atk|1
|move|p2a: Infernape|Overheat|p1a: Sic Semper Tyranni
|-damage|p1a: Sic Semper Tyranni|0 fnt
|-unboost|p2a: Infernape|spa|2
|faint|p1a: Sic Semper Tyranni
|
|-message|SnoringLikeLax forfeited.
|
|win|BallinAssNikka
|raw|Ladder updating...
|leave|SnoringLikeLax
|player|p1
|raw|SnoringLikeLax's rating: 1586 &rarr; <strong>1565<\/strong><br \/>(-21 for losing)
|raw|BallinAssNikka's rating: 1554 &rarr; <strong>1576<\/strong><br \/>(+22 for winning)