|join|BallinAssNikka
|join|A4Aragones
|player|p1|BallinAssNikka|265
|player|p2|A4Aragones|124
|gametype|singles
|gen|6
|tier|OU (suspect test)
|rated
|clearpoke
|poke|p1|Manaphy
|poke|p1|Tangrowth, F
|poke|p1|Landorus-Therian, M
|poke|p1|Gothitelle, F
|poke|p1|Scizor, M
|poke|p1|Heatran, M
|poke|p2|Dugtrio, F
|poke|p2|Muk, M
|poke|p2|Purrloin, M
|poke|p2|Fletchinder, F
|poke|p2|Charizard, M, shiny
|poke|p2|Cresselia, F
|rule|Swagger Clause: Swagger is banned
|rule|Baton Pass Clause: Limit one PokÃ©mon knowing Baton Pass
|rule|Sleep Clause Mod: Limit one foe put to sleep
|rule|Species Clause: Limit one of each PokÃ©mon
|rule|OHKO Clause: OHKO moves are banned
|rule|Moody Clause: Moody is banned
|rule|Evasion Moves Clause: Evasion moves are banned
|rule|Endless Battle Clause: Forcing endless battles is banned
|rule|HP Percentage Mod: HP is shown in percentages
|teampreview
|
|start
|switch|p1a: Landorus-Therian|Landorus-Therian, M|319\/319
|switch|p2a: El Visius|Purrloin, M|244\/244
|-ability|p1a: Landorus-Therian|Intimidate|[of] p2a: El Visius
|-unboost|p2a: El Visius|atk|1
|turn|1
|
|move|p2a: El Visius|Trick|p1a: Landorus-Therian
|-activate|p2a: El Visius|move: Trick|[of] p1a: Landorus-Therian
|-item|p1a: Landorus-Therian|Black Sludge|[from] move: Trick
|-item|p2a: El Visius|Choice Scarf|[from] move: Trick
|move|p1a: Landorus-Therian|U-turn|p2a: El Visius
|-supereffective|p2a: El Visius
|-damage|p2a: El Visius|0 fnt
|faint|p2a: El Visius
|
|switch|p1a: Gothitelle|Gothitelle, F|321\/321
|
|
|switch|p2a: Triple P|Dugtrio, F|211\/211
|turn|2
|
|move|p2a: Triple P|Night Slash|p1a: Gothitelle
|-supereffective|p1a: Gothitelle
|-damage|p1a: Gothitelle|145\/321
|move|p1a: Gothitelle|Trick|p2a: Triple P
|-activate|p1a: Gothitelle|move: Trick|[of] p2a: Triple P
|-item|p2a: Triple P|Choice Specs|[from] move: Trick
|-item|p1a: Gothitelle|Choice Band|[from] move: Trick
|
|turn|3
|
|move|p2a: Triple P|Night Slash|p1a: Gothitelle
|-supereffective|p1a: Gothitelle
|-damage|p1a: Gothitelle|9\/321
|move|p1a: Gothitelle|Psychic|p2a: Triple P
|-damage|p2a: Triple P|36\/211
|
|turn|4
|
|move|p2a: Triple P|Night Slash|p1a: Gothitelle
|-supereffective|p1a: Gothitelle
|-damage|p1a: Gothitelle|0 fnt
|faint|p1a: Gothitelle
|
|
|switch|p1a: Heatran|Heatran, M|386\/386
|turn|5
|
|switch|p2a: Mortadela Mix|Cresselia, F|444\/444
|move|p1a: Heatran|Stealth Rock|p2a: Mortadela Mix
|-sidestart|p2: A4Aragones|move: Stealth Rock
|
|turn|6
|
|move|p2a: Mortadela Mix|Thunder Wave|p1a: Heatran
|-status|p1a: Heatran|par
|move|p1a: Heatran|Will-O-Wisp|p2a: Mortadela Mix
|-status|p2a: Mortadela Mix|brn
|
|-damage|p2a: Mortadela Mix|389\/444 brn|[from] brn
|turn|7
|
|switch|p1a: Manaphy|Manaphy|341\/341
|move|p2a: Mortadela Mix|Moonblast|p1a: Manaphy
|-damage|p1a: Manaphy|281\/341
|
|-heal|p2a: Mortadela Mix|416\/444 brn|[from] item: Leftovers
|-damage|p2a: Mortadela Mix|361\/444 brn|[from] brn
|turn|8
|
|move|p1a: Manaphy|Rain Dance|p1a: Manaphy
|-weather|RainDance
|move|p2a: Mortadela Mix|Psycho Shift|p1a: Manaphy
|-status|p1a: Manaphy|brn
|-curestatus|p2a: Mortadela Mix|brn
|
|-weather|RainDance|[upkeep]
|-curestatus|p1a: Manaphy|brn
|-heal|p2a: Mortadela Mix|388\/444|[from] item: Leftovers
|turn|9
|
|switch|p2a: El Porta|Muk, M|414\/414
|-damage|p2a: El Porta|363\/414|[from] Stealth Rock
|move|p1a: Manaphy|Tail Glow|p1a: Manaphy
|-boost|p1a: Manaphy|spa|3
|
|-weather|RainDance|[upkeep]
|turn|10
|
|move|p1a: Manaphy|Scald|p2a: El Porta
|-damage|p2a: El Porta|75\/414
|move|p2a: El Porta|Thunder Punch|p1a: Manaphy
|-supereffective|p1a: Manaphy
|-damage|p1a: Manaphy|105\/341
|
|-weather|RainDance|[upkeep]
|turn|11
|
|move|p1a: Manaphy|Scald|p2a: El Porta
|-damage|p2a: El Porta|0 fnt
|faint|p2a: El Porta
|
|-weather|RainDance|[upkeep]
|
|switch|p2a: It's Shiny|Charizard, M, shiny|298\/298
|-damage|p2a: It's Shiny|149\/298|[from] Stealth Rock
|turn|12
|
|detailschange|p2a: It's Shiny|Charizard-Mega-Y, M, shiny
|-mega|p2a: It's Shiny|Charizard|Charizardite Y
|-weather|SunnyDay
|move|p2a: It's Shiny|Focus Blast|p1a: Manaphy
|-crit|p1a: Manaphy
|-damage|p1a: Manaphy|0 fnt
|faint|p1a: Manaphy
|
|-weather|SunnyDay|[upkeep]
|
|switch|p1a: Landorus-Therian|Landorus-Therian, M|319\/319
|-ability|p1a: Landorus-Therian|Intimidate|[of] p2a: It's Shiny
|-unboost|p2a: It's Shiny|atk|1
|turn|13
|
|move|p2a: It's Shiny|Fire Blast|p1a: Landorus-Therian
|-damage|p1a: Landorus-Therian|0 fnt
|faint|p1a: Landorus-Therian
|
|-weather|SunnyDay|[upkeep]
|
|switch|p1a: Heatran|Heatran, M|386\/386 par
|turn|14
|
|move|p2a: It's Shiny|Roost|p2a: It's Shiny
|-heal|p2a: It's Shiny|298\/298
|move|p1a: Heatran|Flamethrower|p2a: It's Shiny
|-resisted|p2a: It's Shiny
|-damage|p2a: It's Shiny|204\/298
|
|-weather|SunnyDay|[upkeep]
|turn|15
|
|move|p2a: It's Shiny|Focus Blast|p1a: Heatran
|-supereffective|p1a: Heatran
|-damage|p1a: Heatran|156\/386 par
|move|p1a: Heatran|Flamethrower|p2a: It's Shiny
|-resisted|p2a: It's Shiny
|-damage|p2a: It's Shiny|117\/298
|
|-weather|SunnyDay|[upkeep]
|-heal|p1a: Heatran|180\/386 par|[from] item: Leftovers
|turn|16
|
|move|p2a: It's Shiny|Roost|p2a: It's Shiny
|-heal|p2a: It's Shiny|266\/298
|cant|p1a: Heatran|par
|
|-weather|none
|-heal|p1a: Heatran|204\/386 par|[from] item: Leftovers
|turn|17
|
|move|p2a: It's Shiny|Focus Blast|p1a: Heatran
|-supereffective|p1a: Heatran
|-damage|p1a: Heatran|0 fnt
|faint|p1a: Heatran
|
|
|switch|p1a: Tangrowth|Tangrowth, F|404\/404
|turn|18
|
|move|p2a: It's Shiny|Fire Blast|p1a: Tangrowth
|-supereffective|p1a: Tangrowth
|-damage|p1a: Tangrowth|80\/404
|move|p1a: Tangrowth|Infestation|p2a: It's Shiny
|-resisted|p2a: It's Shiny
|-damage|p2a: It's Shiny|263\/298
|-activate|p2a: It's Shiny|move: Infestation|[of] p1a: Tangrowth
|
|-damage|p2a: It's Shiny|226\/298|[from] move: Infestation|[partiallytrapped]
|turn|19
|
|move|p2a: It's Shiny|Fire Blast|p1a: Tangrowth
|-crit|p1a: Tangrowth
|-supereffective|p1a: Tangrowth
|-damage|p1a: Tangrowth|0 fnt
|faint|p1a: Tangrowth
|
|-end|p2a: It's Shiny|Infestation|[partiallytrapped]
|
|switch|p1a: Scizor|Scizor, M|330\/330
|turn|20
|
|detailschange|p1a: Scizor|Scizor-Mega, M
|-mega|p1a: Scizor|Scizor|Scizorite
|move|p2a: It's Shiny|Fire Blast|p1a: Scizor
|-supereffective|p1a: Scizor
|-damage|p1a: Scizor|0 fnt
|faint|p1a: Scizor
|
|win|A4Aragones
|raw|Ladder updating...
|leave|BallinAssNikka
|player|p1
|raw|BallinAssNikka's rating: 1000 &rarr; <strong>1000<\/strong><br \/>(+0 for losing)
|raw|A4Aragones's rating: 1000 &rarr; <strong>1040<\/strong><br \/>(+40 for winning)
|c|âA4Aragones|good game