|join|Dark Side of Moon
|join|mataj
|player|p1|Dark Side of Moon|161
|player|p2|mataj|234
|gametype|singles
|gen|6
|tier|ORAS OU
|rated
|rule|Sleep Clause Mod: Limit one foe put to sleep
|rule|Species Clause: Limit one of each PokÃ©mon
|rule|OHKO Clause: OHKO moves are banned
|rule|Moody Clause: Moody is banned
|rule|Evasion Moves Clause: Evasion moves are banned
|rule|Endless Battle Clause: Forcing endless battles is banned
|rule|HP Percentage Mod: HP is shown in percentages
|clearpoke
|poke|p1|Sharpedo, M
|poke|p1|Landorus-Therian, M
|poke|p1|Zapdos
|poke|p1|Gengar, M, shiny
|poke|p1|Azumarill, M
|poke|p1|Heatran, F, shiny
|poke|p2|Landorus-Therian, M
|poke|p2|Ferrothorn, M
|poke|p2|Rotom-Wash
|poke|p2|Latias, F
|poke|p2|Greninja, M
|poke|p2|Talonflame, F
|rule|Swagger Clause: Swagger is banned
|rule|Baton Pass Clause: Limit one PokÃ©mon knowing Baton Pass
|teampreview
|
|start
|switch|p1a: Heatran|Heatran, F, shiny|386\/386
|switch|p2a: Flying Dugtrio|Landorus-Therian, M|320\/320
|-ability|p2a: Flying Dugtrio|Intimidate|[of] p1a: Heatran
|-unboost|p1a: Heatran|atk|1
|turn|1
|
|move|p2a: Flying Dugtrio|Superpower|p1a: Heatran
|-supereffective|p1a: Heatran
|-damage|p1a: Heatran|50\/386
|-unboost|p2a: Flying Dugtrio|atk|1
|-unboost|p2a: Flying Dugtrio|def|1
|move|p1a: Heatran|Will-O-Wisp|p2a: Flying Dugtrio
|-status|p2a: Flying Dugtrio|brn
|
|-heal|p1a: Heatran|74\/386|[from] item: Leftovers
|-damage|p2a: Flying Dugtrio|280\/320 brn|[from] brn
|turn|2
|
|switch|p1a: Landorus-Therian|Landorus-Therian, M|319\/319
|-ability|p1a: Landorus-Therian|Intimidate|[of] p2a: Flying Dugtrio
|-unboost|p2a: Flying Dugtrio|atk|1
|move|p2a: Flying Dugtrio|Superpower|p1a: Landorus-Therian
|-resisted|p1a: Landorus-Therian
|-damage|p1a: Landorus-Therian|297\/319
|-unboost|p2a: Flying Dugtrio|atk|1
|-unboost|p2a: Flying Dugtrio|def|1
|
|-damage|p2a: Flying Dugtrio|240\/320 brn|[from] brn
|turn|3
|
|switch|p2a: Wash Machine|Rotom-Wash|304\/304
|move|p1a: Landorus-Therian|U-turn|p2a: Wash Machine
|-damage|p2a: Wash Machine|213\/304
|
|switch|p1a: Gengar|Gengar, M, shiny|261\/261
|
|-heal|p2a: Wash Machine|232\/304|[from] item: Leftovers
|turn|4
|
|move|p1a: Gengar|Sludge Wave|p2a: Wash Machine
|-damage|p2a: Wash Machine|84\/304
|-damage|p1a: Gengar|235\/261|[from] item: Life Orb
|move|p2a: Wash Machine|Will-O-Wisp|p1a: Gengar
|-status|p1a: Gengar|brn
|
|-heal|p2a: Wash Machine|103\/304|[from] item: Leftovers
|-damage|p1a: Gengar|203\/261 brn|[from] brn
|turn|5
|
|switch|p2a: Ferrothorn|Ferrothorn, M|352\/352
|move|p1a: Gengar|Shadow Ball|p2a: Ferrothorn
|-damage|p2a: Ferrothorn|206\/352
|-unboost|p2a: Ferrothorn|spd|1
|-damage|p1a: Gengar|177\/261 brn|[from] item: Life Orb
|
|-heal|p2a: Ferrothorn|228\/352|[from] item: Leftovers
|-damage|p1a: Gengar|145\/261 brn|[from] brn
|turn|6
|
|move|p1a: Gengar|Shadow Ball|p2a: Ferrothorn
|-damage|p2a: Ferrothorn|0 fnt
|-damage|p1a: Gengar|119\/261 brn|[from] item: Life Orb
|faint|p2a: Ferrothorn
|
|-damage|p1a: Gengar|87\/261 brn|[from] brn
|
|switch|p2a: Greninja|Greninja, M|285\/285
|turn|7
|
|switch|p1a: Azumarill|Azumarill, M|401\/401
|move|p2a: Greninja|Dark Pulse|p1a: Azumarill
|-start|p2a: Greninja|typechange|Dark|[from] Protean
|-resisted|p1a: Azumarill
|-damage|p1a: Azumarill|356\/401
|
|turn|8
|
|move|p2a: Greninja|Ice Beam|p1a: Azumarill
|-start|p2a: Greninja|typechange|Ice|[from] Protean
|-resisted|p1a: Azumarill
|-damage|p1a: Azumarill|298\/401
|move|p1a: Azumarill|Knock Off|p2a: Greninja
|-damage|p2a: Greninja|86\/285
|-enditem|p2a: Greninja|Expert Belt|[from] move: Knock Off|[of] p1a: Azumarill
|
|turn|9
|
|move|p2a: Greninja|Surf|p1a: Azumarill
|-start|p2a: Greninja|typechange|Water|[from] Protean
|-resisted|p1a: Azumarill
|-damage|p1a: Azumarill|244\/401
|move|p1a: Azumarill|Play Rough|p2a: Greninja
|-damage|p2a: Greninja|0 fnt
|faint|p2a: Greninja
|
|
|switch|p2a: Wash Machine|Rotom-Wash|103\/304
|turn|10
|join|Liem A
|
|move|p2a: Wash Machine|Volt Switch|p1a: Azumarill
|-crit|p1a: Azumarill
|-supereffective|p1a: Azumarill
|-damage|p1a: Azumarill|32\/401
|
|switch|p2a: Flying Dugtrio|Landorus-Therian, M|240\/320 brn
|-ability|p2a: Flying Dugtrio|Intimidate|[of] p1a: Azumarill
|-unboost|p1a: Azumarill|atk|1
|move|p1a: Azumarill|Knock Off|p2a: Flying Dugtrio
|-damage|p2a: Flying Dugtrio|142\/320 brn
|-enditem|p2a: Flying Dugtrio|Choice Scarf|[from] move: Knock Off|[of] p1a: Azumarill
|
|-damage|p2a: Flying Dugtrio|102\/320 brn|[from] brn
|turn|11
|
|switch|p1a: Landorus-Therian|Landorus-Therian, M|297\/319
|-ability|p1a: Landorus-Therian|Intimidate|[of] p2a: Flying Dugtrio
|-unboost|p2a: Flying Dugtrio|atk|1
|move|p2a: Flying Dugtrio|U-turn|p1a: Landorus-Therian
|-resisted|p1a: Landorus-Therian
|-damage|p1a: Landorus-Therian|278\/319
|
|switch|p2a: MrembA|Latias, F|341\/341
|
|turn|12
|
|detailschange|p2a: MrembA|Latias-Mega, F
|message|Latias has Mega Evolved into Mega Latias!
|move|p1a: Landorus-Therian|U-turn|p2a: MrembA
|-supereffective|p2a: MrembA
|-damage|p2a: MrembA|183\/341
|
|switch|p1a: Gengar|Gengar, M, shiny|87\/261 brn
|move|p2a: MrembA|Shadow Ball|p1a: Gengar
|-supereffective|p1a: Gengar
|-damage|p1a: Gengar|0 fnt
|faint|p1a: Gengar
|
|
|switch|p1a: Sharpedo|Sharpedo, M|281\/281
|turn|13
|
|move|p1a: Sharpedo|Protect|p1a: Sharpedo
|-singleturn|p1a: Sharpedo|Protect
|move|p2a: MrembA|Thunderbolt|p1a: Sharpedo
|-activate|p1a: Sharpedo|Protect
|
|-boost|p1a: Sharpedo|spe|1|[from] ability: Speed Boost
|turn|14
|
|detailschange|p1a: Sharpedo|Sharpedo-Mega, M
|message|Sharpedo has Mega Evolved into Mega Sharpedo!
|move|p1a: Sharpedo|Crunch|p2a: MrembA
|-supereffective|p2a: MrembA
|-damage|p2a: MrembA|0 fnt
|faint|p2a: MrembA
|
|
|switch|p2a: Talonflame|Talonflame, F|298\/298
|turn|15
|
|move|p1a: Sharpedo|Waterfall|p2a: Talonflame
|-supereffective|p2a: Talonflame
|-damage|p2a: Talonflame|0 fnt
|faint|p2a: Talonflame
|
|
|switch|p2a: Flying Dugtrio|Landorus-Therian, M|102\/320 brn
|-ability|p2a: Flying Dugtrio|Intimidate|[of] p1a: Sharpedo
|-unboost|p1a: Sharpedo|atk|1
|turn|16
|
|move|p1a: Sharpedo|Crunch|p2a: Flying Dugtrio
|-damage|p2a: Flying Dugtrio|0 fnt
|faint|p2a: Flying Dugtrio
|
|
|switch|p2a: Wash Machine|Rotom-Wash|103\/304
|turn|17
|
|move|p1a: Sharpedo|Crunch|p2a: Wash Machine
|-damage|p2a: Wash Machine|0 fnt
|faint|p2a: Wash Machine
|
|win|Dark Side of Moon
|raw|Ladder updating...
|raw|Dark Side of Moon's rating: 1189 &rarr; <strong>1216<\/strong><br \/>(+27 for winning)
|raw|mataj's rating: 1213 &rarr; <strong>1186<\/strong><br \/>(-27 for losing)
|c|âmataj|gg
|leave|mataj
|player|p2