|join|Sodaz
|join|Dark Side of Moon
|player|p1|Sodaz|102
|player|p2|Dark Side of Moon|161
|gametype|singles
|gen|6
|tier|ORAS OU
|rated
|rule|Sleep Clause Mod: Limit one foe put to sleep
|rule|Species Clause: Limit one of each PokÃ©mon
|rule|OHKO Clause: OHKO moves are banned
|rule|Moody Clause: Moody is banned
|rule|Evasion Moves Clause: Evasion moves are banned
|rule|Endless Battle Clause: Forcing endless battles is banned
|rule|HP Percentage Mod: HP is shown in percentages
|clearpoke
|poke|p1|Ditto, shiny
|poke|p1|Scizor, M
|poke|p1|Slowbro, F
|poke|p1|Chansey, F
|poke|p1|Rotom-Wash
|poke|p1|Lopunny, M
|poke|p2|Sharpedo, M
|poke|p2|Landorus-Therian, M
|poke|p2|Zapdos
|poke|p2|Gengar, M, shiny
|poke|p2|Azumarill, M
|poke|p2|Heatran, M, shiny
|rule|Swagger Clause: Swagger is banned
|rule|Baton Pass Clause: Limit one PokÃ©mon knowing Baton Pass
|teampreview
|
|start
|switch|p1a: Rotom-Wash|Rotom-Wash|304\/304
|switch|p2a: Landorus-Therian|Landorus-Therian, M|319\/319
|-ability|p2a: Landorus-Therian|Intimidate|[of] p1a: Rotom-Wash
|-unboost|p1a: Rotom-Wash|atk|1
|turn|1
|
|move|p2a: Landorus-Therian|U-turn|p1a: Rotom-Wash
|-damage|p1a: Rotom-Wash|211\/304
|
|switch|p2a: Heatran|Heatran, M, shiny|386\/386
|move|p1a: Rotom-Wash|Will-O-Wisp|p2a: Heatran
|-start|p2a: Heatran|ability: Flash Fire
|
|-heal|p1a: Rotom-Wash|230\/304|[from] item: Leftovers
|turn|2
|
|move|p2a: Heatran|Stealth Rock|p1a: Rotom-Wash
|-sidestart|p1: Sodaz|move: Stealth Rock
|move|p1a: Rotom-Wash|Hydro Pump|p2a: Heatran
|-supereffective|p2a: Heatran
|-damage|p2a: Heatran|180\/386
|
|-heal|p2a: Heatran|204\/386|[from] item: Leftovers
|-heal|p1a: Rotom-Wash|249\/304|[from] item: Leftovers
|turn|3
|
|switch|p2a: Zapdos|Zapdos|383\/383
|-ability|p2a: Zapdos|Pressure
|move|p1a: Rotom-Wash|Will-O-Wisp|p2a: Zapdos
|-status|p2a: Zapdos|brn
|
|-heal|p1a: Rotom-Wash|268\/304|[from] item: Leftovers
|-damage|p2a: Zapdos|336\/383 brn|[from] brn
|turn|4
|
|move|p2a: Zapdos|Thunderbolt|p1a: Rotom-Wash
|-damage|p1a: Rotom-Wash|186\/304
|move|p1a: Rotom-Wash|Volt Switch|p2a: Zapdos
|-damage|p2a: Zapdos|240\/383 brn
|
|switch|p1a: Chansey|Chansey, F|704\/704
|-damage|p1a: Chansey|616\/704|[from] Stealth Rock
|
|-heal|p2a: Zapdos|263\/383 brn|[from] item: Leftovers
|-damage|p2a: Zapdos|216\/383 brn|[from] brn
|turn|5
|
|switch|p2a: Gengar|Gengar, M, shiny|261\/261
|move|p1a: Chansey|Stealth Rock|p2a: Gengar
|-sidestart|p2: Dark Side of Moon|move: Stealth Rock
|
|turn|6
|
|switch|p1a: Lopunny|Lopunny, M|272\/272
|-damage|p1a: Lopunny|238\/272|[from] Stealth Rock
|move|p2a: Gengar|Will-O-Wisp|p1a: Lopunny
|-status|p1a: Lopunny|brn
|
|-damage|p1a: Lopunny|204\/272 brn|[from] brn
|turn|7
|
|detailschange|p1a: Lopunny|Lopunny-Mega, M
|message|Lopunny has Mega Evolved into Mega Lopunny!
|move|p1a: Lopunny|Fake Out|p2a: Gengar
|-damage|p2a: Gengar|204\/261
|cant|p2a: Gengar|flinch
|
|-damage|p1a: Lopunny|170\/272 brn|[from] brn
|turn|8
|
|move|p1a: Lopunny|Return|p2a: Gengar
|-damage|p2a: Gengar|60\/261
|move|p2a: Gengar|Sludge Wave|p1a: Lopunny
|-damage|p1a: Lopunny|0 fnt
|-damage|p2a: Gengar|34\/261|[from] item: Life Orb
|faint|p1a: Lopunny
|
|
|switch|p1a: Scizor|Scizor, M|344\/344
|-damage|p1a: Scizor|301\/344|[from] Stealth Rock
|turn|9
|
|switch|p2a: Heatran|Heatran, M, shiny|204\/386
|-damage|p2a: Heatran|156\/386|[from] Stealth Rock
|move|p1a: Scizor|Bullet Punch|p2a: Heatran
|-resisted|p2a: Heatran
|-damage|p2a: Heatran|112\/386
|
|-heal|p2a: Heatran|136\/386|[from] item: Leftovers
|turn|10
|
|switch|p1a: Ditto|Ditto, shiny|300\/300
|-damage|p1a: Ditto|263\/300|[from] Stealth Rock
|-transform|p1a: Ditto|p2a: Heatran
|move|p2a: Heatran|Will-O-Wisp|p1a: Ditto
|-start|p1a: Ditto|ability: Flash Fire
|
|-heal|p2a: Heatran|160\/386|[from] item: Leftovers
|turn|11
|
|move|p1a: Ditto|Taunt|p2a: Heatran
|-start|p2a: Heatran|move: Taunt
|cant|p2a: Heatran|move: Taunt|Will-O-Wisp
|
|-heal|p2a: Heatran|184\/386|[from] item: Leftovers
|turn|12
|
|switch|p1a: Chansey|Chansey, F|616\/704
|-damage|p1a: Chansey|528\/704|[from] Stealth Rock
|switch|p2a: Gengar|Gengar, M, shiny|34\/261
|-damage|p2a: Gengar|2\/261|[from] Stealth Rock
|
|turn|13
|
|move|p2a: Gengar|Pain Split|p1a: Chansey
|-sethp|p1a: Chansey|265\/704|p2a: Gengar|261\/261|[from] move: Pain Split
|move|p1a: Chansey|Thunder Wave|p2a: Gengar
|-status|p2a: Gengar|par
|
|turn|14
|
|move|p1a: Chansey|Soft-Boiled|p1a: Chansey
|-heal|p1a: Chansey|617\/704
|move|p2a: Gengar|Will-O-Wisp|p1a: Chansey
|-status|p1a: Chansey|brn
|
|-damage|p1a: Chansey|529\/704 brn|[from] brn
|turn|15
|
|switch|p1a: Scizor|Scizor, M|301\/344
|-damage|p1a: Scizor|258\/344|[from] Stealth Rock
|switch|p2a: Azumarill|Azumarill, M|401\/401
|-damage|p2a: Azumarill|351\/401|[from] Stealth Rock
|
|turn|16
|
|switch|p1a: Slowbro|Slowbro, F|394\/394
|-damage|p1a: Slowbro|345\/394|[from] Stealth Rock
|move|p2a: Azumarill|Knock Off|p1a: Slowbro
|-supereffective|p1a: Slowbro
|-damage|p1a: Slowbro|167\/394
|-damage|p2a: Azumarill|285\/401|[from] item: Rocky Helmet|[of] p1a: Slowbro
|-enditem|p1a: Slowbro|Rocky Helmet|[from] move: Knock Off|[of] p2a: Azumarill
|
|turn|17
|join|Liem A
|
|switch|p2a: Gengar|Gengar, M, shiny|261\/261 par
|-damage|p2a: Gengar|229\/261 par|[from] Stealth Rock
|move|p1a: Slowbro|Slack Off|p1a: Slowbro
|-heal|p1a: Slowbro|364\/394
|
|turn|18
|
|move|p1a: Slowbro|Scald|p2a: Gengar
|-damage|p2a: Gengar|109\/261 par
|cant|p2a: Gengar|par
|
|turn|19
|
|switch|p2a: Zapdos|Zapdos|216\/383 brn
|-damage|p2a: Zapdos|121\/383 brn|[from] Stealth Rock
|-ability|p2a: Zapdos|Pressure
|move|p1a: Slowbro|Scald|p2a: Zapdos
|-damage|p2a: Zapdos|12\/383 brn
|
|-heal|p2a: Zapdos|35\/383 brn|[from] item: Leftovers
|-damage|p2a: Zapdos|0 fnt|[from] brn
|faint|p2a: Zapdos
|
|switch|p2a: Sharpedo|Sharpedo, M|281\/281
|-damage|p2a: Sharpedo|246\/281|[from] Stealth Rock
|turn|20
|
|move|p2a: Sharpedo|Protect|p2a: Sharpedo
|-singleturn|p2a: Sharpedo|Protect
|move|p1a: Slowbro|Thunder Wave|p2a: Sharpedo
|-activate|p2a: Sharpedo|Protect
|
|-boost|p2a: Sharpedo|spe|1|[from] ability: Speed Boost
|turn|21
|
|detailschange|p2a: Sharpedo|Sharpedo-Mega, M
|message|Sharpedo has Mega Evolved into Mega Sharpedo!
|move|p2a: Sharpedo|Crunch|p1a: Slowbro
|-supereffective|p1a: Slowbro
|-damage|p1a: Slowbro|44\/394
|move|p1a: Slowbro|Grass Knot|p2a: Sharpedo
|-supereffective|p2a: Sharpedo
|-damage|p2a: Sharpedo|12\/281
|
|turn|22
|
|move|p2a: Sharpedo|Crunch|p1a: Slowbro
|-supereffective|p1a: Slowbro
|-damage|p1a: Slowbro|0 fnt
|faint|p1a: Slowbro
|
|
|switch|p1a: Ditto|Ditto, shiny|263\/300
|-damage|p1a: Ditto|226\/300|[from] Stealth Rock
|-transform|p1a: Ditto|p2a: Sharpedo
|turn|23
|
|move|p2a: Sharpedo|Protect|p2a: Sharpedo
|-singleturn|p2a: Sharpedo|Protect
|move|p1a: Ditto|Waterfall|p2a: Sharpedo
|-activate|p2a: Sharpedo|Protect
|
|turn|24
|
|move|p1a: Ditto|Waterfall|p2a: Sharpedo
|-resisted|p2a: Sharpedo
|-damage|p2a: Sharpedo|0 fnt
|faint|p2a: Sharpedo
|
|
|switch|p2a: Azumarill|Azumarill, M|285\/401
|-damage|p2a: Azumarill|235\/401|[from] Stealth Rock
|turn|25
|
|switch|p1a: Rotom-Wash|Rotom-Wash|186\/304
|-damage|p1a: Rotom-Wash|148\/304|[from] Stealth Rock
|move|p2a: Azumarill|Play Rough|p1a: Rotom-Wash
|-damage|p1a: Rotom-Wash|0 fnt
|faint|p1a: Rotom-Wash
|
|
|switch|p1a: Scizor|Scizor, M|258\/344
|-damage|p1a: Scizor|215\/344|[from] Stealth Rock
|turn|26
|
|switch|p2a: Heatran|Heatran, M, shiny|184\/386
|-damage|p2a: Heatran|136\/386|[from] Stealth Rock
|move|p1a: Scizor|Superpower|p2a: Heatran
|-supereffective|p2a: Heatran
|-damage|p2a: Heatran|0 fnt
|-unboost|p1a: Scizor|atk|1
|-unboost|p1a: Scizor|def|1
|faint|p2a: Heatran
|
|
|switch|p2a: Azumarill|Azumarill, M|235\/401
|-damage|p2a: Azumarill|185\/401|[from] Stealth Rock
|turn|27
|
|switch|p1a: Chansey|Chansey, F|529\/704
|-damage|p1a: Chansey|441\/704|[from] Stealth Rock
|move|p2a: Azumarill|Play Rough|p1a: Chansey
|-damage|p1a: Chansey|179\/704
|
|turn|28
|
|move|p2a: Azumarill|Knock Off|p1a: Chansey
|-damage|p1a: Chansey|1\/704
|-enditem|p1a: Chansey|Eviolite|[from] move: Knock Off|[of] p2a: Azumarill
|move|p1a: Chansey|Soft-Boiled|p1a: Chansey
|-heal|p1a: Chansey|353\/704
|
|turn|29
|
|move|p2a: Azumarill|Play Rough|p1a: Chansey
|-damage|p1a: Chansey|0 fnt
|faint|p1a: Chansey
|
|
|switch|p1a: Scizor|Scizor, M|215\/344
|-damage|p1a: Scizor|172\/344|[from] Stealth Rock
|turn|30
|
|switch|p2a: Gengar|Gengar, M, shiny|109\/261 par
|-damage|p2a: Gengar|77\/261 par|[from] Stealth Rock
|move|p1a: Scizor|Bullet Punch|p2a: Gengar
|-damage|p2a: Gengar|0 fnt
|faint|p2a: Gengar
|
|
|switch|p2a: Landorus-Therian|Landorus-Therian, M|319\/319
|-damage|p2a: Landorus-Therian|280\/319|[from] Stealth Rock
|-ability|p2a: Landorus-Therian|Intimidate|[of] p1a: Scizor
|-unboost|p1a: Scizor|atk|1
|turn|31
|
|switch|p1a: Ditto|Ditto, shiny|226\/300
|-damage|p1a: Ditto|189\/300|[from] Stealth Rock
|-transform|p1a: Ditto|p2a: Landorus-Therian
|-ability|p1a: Ditto|Intimidate|[of] p2a: Landorus-Therian
|-unboost|p2a: Landorus-Therian|atk|1
|move|p2a: Landorus-Therian|Stone Edge|p1a: Ditto
|-damage|p1a: Ditto|87\/300
|
|turn|32
|
|move|p2a: Landorus-Therian|Stone Edge|p1a: Ditto
|-damage|p1a: Ditto|0 fnt
|faint|p1a: Ditto
|
|c|âSodaz|speed tie ;[
|
|switch|p1a: Scizor|Scizor, M|172\/344
|-damage|p1a: Scizor|129\/344|[from] Stealth Rock
|turn|33
|c|âDark Side of Moon|gg
|
|switch|p2a: Azumarill|Azumarill, M|185\/401
|-damage|p2a: Azumarill|135\/401|[from] Stealth Rock
|move|p1a: Scizor|Knock Off|p2a: Azumarill
|-resisted|p2a: Azumarill
|-damage|p2a: Azumarill|26\/401
|-enditem|p2a: Azumarill|Assault Vest|[from] move: Knock Off|[of] p1a: Scizor
|
|turn|34
|c|âSodaz|gg
|
|move|p2a: Azumarill|Aqua Jet|p1a: Scizor
|-damage|p1a: Scizor|36\/344
|move|p1a: Scizor|Knock Off|p2a: Azumarill
|-resisted|p2a: Azumarill
|-damage|p2a: Azumarill|0 fnt
|faint|p2a: Azumarill
|
|
|switch|p2a: Landorus-Therian|Landorus-Therian, M|280\/319
|-damage|p2a: Landorus-Therian|241\/319|[from] Stealth Rock
|-ability|p2a: Landorus-Therian|Intimidate|[of] p1a: Scizor
|-unboost|p1a: Scizor|atk|1
|turn|35
|
|move|p2a: Landorus-Therian|Earthquake|p1a: Scizor
|-damage|p1a: Scizor|0 fnt
|faint|p1a: Scizor
|
|win|Dark Side of Moon
|raw|Ladder updating...
|raw|Sodaz's rating: 1143 &rarr; <strong>1120<\/strong><br \/>(-23 for losing)
|raw|Dark Side of Moon's rating: 1166 &rarr; <strong>1189<\/strong><br \/>(+23 for winning)
|leave|Sodaz
|player|p1
|leave|Dark Side of Moon
|player|p2