|join|mtfcker
|join|Dark Side of Moon
|player|p1|mtfcker|2
|player|p2|Dark Side of Moon|161
|gametype|singles
|gen|6
|tier|ORAS OU
|rated
|rule|Sleep Clause Mod: Limit one foe put to sleep
|rule|Species Clause: Limit one of each PokÃ©mon
|rule|OHKO Clause: OHKO moves are banned
|rule|Moody Clause: Moody is banned
|rule|Evasion Moves Clause: Evasion moves are banned
|rule|Endless Battle Clause: Forcing endless battles is banned
|rule|HP Percentage Mod: HP is shown in percentages
|clearpoke
|poke|p1|Metagross, shiny
|poke|p1|Clefable, F, shiny
|poke|p1|Sableye, F
|poke|p1|Landorus-Therian, M
|poke|p1|Greninja, F, shiny
|poke|p1|Latias, F, shiny
|poke|p2|Diancie
|poke|p2|Ferrothorn, M
|poke|p2|Landorus-Therian, M, shiny
|poke|p2|Slowbro, M, shiny
|poke|p2|Conkeldurr, M, shiny
|poke|p2|Greninja, M, shiny
|rule|Swagger Clause: Swagger is banned
|rule|Baton Pass Clause: Limit one PokÃ©mon knowing Baton Pass
|teampreview
|
|start
|switch|p1a: Sableye|Sableye, F|303\/303
|switch|p2a: Landorus-Therian|Landorus-Therian, M, shiny|319\/319
|-ability|p2a: Landorus-Therian|Intimidate|[of] p1a: Sableye
|-unboost|p1a: Sableye|atk|1
|turn|1
|
|switch|p2a: Conkeldurr|Conkeldurr, M, shiny|361\/361
|move|p1a: Sableye|Will-O-Wisp|p2a: Conkeldurr
|-status|p2a: Conkeldurr|brn
|
|-damage|p2a: Conkeldurr|316\/361 brn|[from] brn
|turn|2
|
|switch|p2a: Diancie|Diancie|241\/241
|move|p1a: Sableye|Confuse Ray|p2a: Diancie
|-start|p2a: Diancie|confusion
|
|turn|3
|
|switch|p1a: Metagross|Metagross, shiny|301\/301
|detailschange|p2a: Diancie|Diancie-Mega
|message|Diancie has Mega Evolved into Mega Diancie!
|-activate|p2a: Diancie|confusion
|move|p2a: Diancie|Moonblast|p1a: Metagross
|-resisted|p1a: Metagross
|-damage|p1a: Metagross|184\/301
|
|turn|4
|
|switch|p2a: Ferrothorn|Ferrothorn, M|352\/352
|detailschange|p1a: Metagross|Metagross-Mega, shiny
|message|Metagross has Mega Evolved into Mega Metagross!
|move|p1a: Metagross|Meteor Mash|p2a: Ferrothorn
|-resisted|p2a: Ferrothorn
|-damage|p2a: Ferrothorn|273\/352
|-damage|p1a: Metagross|147\/301|[from] ability: Iron Barbs|[of] p2a: Ferrothorn
|
|-heal|p2a: Ferrothorn|295\/352|[from] item: Leftovers
|turn|5
|
|switch|p1a: Landorus-Therian|Landorus-Therian, M|319\/319
|-ability|p1a: Landorus-Therian|Intimidate|[of] p2a: Ferrothorn
|-unboost|p2a: Ferrothorn|atk|1
|move|p2a: Ferrothorn|Stealth Rock|p1a: Landorus-Therian
|-sidestart|p1: mtfcker|move: Stealth Rock
|
|-heal|p2a: Ferrothorn|317\/352|[from] item: Leftovers
|turn|6
|
|move|p1a: Landorus-Therian|U-turn|p2a: Ferrothorn
|-damage|p2a: Ferrothorn|264\/352
|-damage|p1a: Landorus-Therian|280\/319|[from] ability: Iron Barbs|[of] p2a: Ferrothorn
|
|switch|p1a: Latias|Latias, F, shiny|359\/359
|-damage|p1a: Latias|315\/359|[from] Stealth Rock
|move|p2a: Ferrothorn|Leech Seed|p1a: Latias
|-start|p1a: Latias|move: Leech Seed
|
|-heal|p1a: Latias|337\/359|[from] item: Leftovers
|-heal|p2a: Ferrothorn|286\/352|[from] item: Leftovers
|-damage|p1a: Latias|293\/359|[from] Leech Seed|[of] p2a: Ferrothorn
|-heal|p2a: Ferrothorn|330\/352|[silent]
|turn|7
|join|Liem A
|
|move|p1a: Latias|Defog|p2a: Ferrothorn
|-unboost|p2a: Ferrothorn|evasion|1
|-sideend|p1: mtfcker|Stealth Rock|[from] move: Defog|[of] p1a: Latias
|move|p2a: Ferrothorn|Gyro Ball|p1a: Latias
|-damage|p1a: Latias|173\/359
|
|-heal|p1a: Latias|195\/359|[from] item: Leftovers
|-heal|p2a: Ferrothorn|352\/352|[from] item: Leftovers
|-damage|p1a: Latias|151\/359|[from] Leech Seed|[of] p2a: Ferrothorn
|turn|8
|
|switch|p1a: Sableye|Sableye, F|303\/303
|move|p2a: Ferrothorn|Stealth Rock|p1a: Sableye
|-sidestart|p1: mtfcker|move: Stealth Rock
|
|turn|9
|
|switch|p2a: Diancie|Diancie-Mega|241\/241
|move|p1a: Sableye|Will-O-Wisp|p2a: Diancie
|move|p2a: Diancie|Will-O-Wisp|p1a: Sableye|[from]Magic Bounce
|-status|p1a: Sableye|brn
|
|-damage|p1a: Sableye|266\/303 brn|[from] brn
|turn|10
|
|switch|p1a: Metagross|Metagross-Mega, shiny|147\/301
|-damage|p1a: Metagross|129\/301|[from] Stealth Rock
|move|p2a: Diancie|Moonblast|p1a: Metagross
|-resisted|p1a: Metagross
|-damage|p1a: Metagross|38\/301
|-unboost|p1a: Metagross|spa|1
|
|turn|11
|
|switch|p2a: Slowbro|Slowbro, M, shiny|394\/394
|move|p1a: Metagross|Earthquake|p2a: Slowbro
|-damage|p2a: Slowbro|311\/394
|
|-heal|p2a: Slowbro|335\/394|[from] item: Leftovers
|turn|12
|
|switch|p1a: Latias|Latias, F, shiny|151\/359
|-damage|p1a: Latias|107\/359|[from] Stealth Rock
|move|p2a: Slowbro|Scald|p1a: Latias
|-resisted|p1a: Latias
|-damage|p1a: Latias|78\/359
|
|-heal|p1a: Latias|100\/359|[from] item: Leftovers
|-heal|p2a: Slowbro|359\/394|[from] item: Leftovers
|turn|13
|
|move|p1a: Latias|Defog|p2a: Slowbro
|-unboost|p2a: Slowbro|evasion|1
|-sideend|p1: mtfcker|Stealth Rock|[from] move: Defog|[of] p1a: Latias
|move|p2a: Slowbro|Toxic|p1a: Latias
|-status|p1a: Latias|tox
|
|-heal|p1a: Latias|122\/359 tox|[from] item: Leftovers
|-heal|p2a: Slowbro|383\/394|[from] item: Leftovers
|-damage|p1a: Latias|100\/359 tox|[from] psn
|turn|14
|
|switch|p2a: Ferrothorn|Ferrothorn, M|352\/352
|move|p1a: Latias|Healing Wish|p1a: Latias
|faint|p1a: Latias
|
|
|switch|p1a: Metagross|Metagross-Mega, shiny|38\/301
|-heal|p1a: Metagross|301\/301|[from] move: Healing Wish
|turn|15
|
|switch|p1a: Greninja|Greninja, F, shiny|285\/285
|move|p2a: Ferrothorn|Stealth Rock|p1a: Greninja
|-sidestart|p1: mtfcker|move: Stealth Rock
|
|turn|16
|
|switch|p2a: Greninja|Greninja, M, shiny|285\/285
|move|p1a: Greninja|Ice Beam|p2a: Greninja
|-start|p1a: Greninja|typechange|Ice|[from] Protean
|-resisted|p2a: Greninja
|-damage|p2a: Greninja|147\/285
|-damage|p1a: Greninja|257\/285|[from] item: Life Orb
|
|turn|17
|
|switch|p2a: Ferrothorn|Ferrothorn, M|352\/352
|move|p1a: Greninja|Gunk Shot|p2a: Ferrothorn
|-start|p1a: Greninja|typechange|Poison|[from] Protean
|-immune|p2a: Ferrothorn|[msg]
|
|turn|18
|
|move|p1a: Greninja|Ice Beam|p2a: Ferrothorn
|-start|p1a: Greninja|typechange|Ice|[from] Protean
|-crit|p2a: Ferrothorn
|-damage|p2a: Ferrothorn|144\/352
|-damage|p1a: Greninja|229\/285|[from] item: Life Orb
|move|p2a: Ferrothorn|Gyro Ball|p1a: Greninja
|-supereffective|p1a: Greninja
|-damage|p1a: Greninja|0 fnt
|faint|p1a: Greninja
|
|-heal|p2a: Ferrothorn|166\/352|[from] item: Leftovers
|
|switch|p1a: Clefable|Clefable, F, shiny|389\/389
|turn|19
|
|switch|p2a: Landorus-Therian|Landorus-Therian, M, shiny|319\/319
|-ability|p2a: Landorus-Therian|Intimidate|[of] p1a: Clefable
|-unboost|p1a: Clefable|atk|1
|move|p1a: Clefable|Flamethrower|p2a: Landorus-Therian
|-damage|p2a: Landorus-Therian|239\/319
|
|turn|20
|
|move|p2a: Landorus-Therian|U-turn|p1a: Clefable
|-resisted|p1a: Clefable
|-damage|p1a: Clefable|348\/389
|
|switch|p2a: Diancie|Diancie-Mega|241\/241
|move|p1a: Clefable|Calm Mind|p1a: Clefable
|-boost|p1a: Clefable|spa|1
|-boost|p1a: Clefable|spd|1
|
|-heal|p1a: Clefable|372\/389|[from] item: Leftovers
|turn|21
|
|move|p2a: Diancie|Calm Mind|p2a: Diancie
|-boost|p2a: Diancie|spa|1
|-boost|p2a: Diancie|spd|1
|move|p1a: Clefable|Moonblast|p2a: Diancie
|-damage|p2a: Diancie|138\/241
|
|-heal|p1a: Clefable|389\/389|[from] item: Leftovers
|turn|22
|
|move|p2a: Diancie|Moonblast|p1a: Clefable
|-crit|p1a: Clefable
|-damage|p1a: Clefable|0 fnt
|faint|p1a: Clefable
|
|
|switch|p1a: Metagross|Metagross-Mega, shiny|301\/301
|-damage|p1a: Metagross|283\/301|[from] Stealth Rock
|turn|23
|
|move|p1a: Metagross|Meteor Mash|p2a: Diancie|[miss]
|-miss|p1a: Metagross|p2a: Diancie
|move|p2a: Diancie|Earth Power|p1a: Metagross
|-supereffective|p1a: Metagross
|-damage|p1a: Metagross|0 fnt
|faint|p1a: Metagross
|
|c|âDark Side of Moon|sux to suk
|c|âmtfcker|bad luck -.-
|c|âDark Side of Moon|ik
|
|switch|p1a: Landorus-Therian|Landorus-Therian, M|280\/319
|-damage|p1a: Landorus-Therian|241\/319|[from] Stealth Rock
|-ability|p1a: Landorus-Therian|Intimidate|[of] p2a: Diancie
|-unboost|p2a: Diancie|atk|1
|turn|24
|c|âDark Side of Moon|gg
|
|switch|p2a: Landorus-Therian|Landorus-Therian, M, shiny|239\/319
|-ability|p2a: Landorus-Therian|Intimidate|[of] p1a: Landorus-Therian
|-unboost|p1a: Landorus-Therian|atk|1
|move|p1a: Landorus-Therian|Earthquake|p2a: Landorus-Therian
|-immune|p2a: Landorus-Therian|[msg]
|
|turn|25
|
|switch|p1a: Sableye|Sableye, F|266\/303 brn
|-damage|p1a: Sableye|229\/303 brn|[from] Stealth Rock
|move|p2a: Landorus-Therian|U-turn|p1a: Sableye
|-damage|p1a: Sableye|138\/303 brn
|
|switch|p2a: Diancie|Diancie-Mega|138\/241
|
|-damage|p1a: Sableye|101\/303 brn|[from] brn
|turn|26
|
|move|p1a: Sableye|Confuse Ray|p2a: Diancie
|move|p2a: Diancie|Confuse Ray|p1a: Sableye|[from]Magic Bounce
|-start|p1a: Sableye|confusion
|move|p2a: Diancie|Moonblast|p1a: Sableye
|-supereffective|p1a: Sableye
|-damage|p1a: Sableye|0 fnt
|faint|p1a: Sableye
|
|-message|mtfcker forfeited.
|
|win|Dark Side of Moon
|raw|Ladder updating...
|leave|mtfcker
|player|p1
|raw|mtfcker's rating: 1331 &rarr; <strong>1311<\/strong><br \/>(-20 for losing)
|raw|Dark Side of Moon's rating: 1324 &rarr; <strong>1344<\/strong><br \/>(+20 for winning)
|leave|Dark Side of Moon
|player|p2