|join|beppityboopbop
|join|Dark Side of Moon
|player|p1|beppityboopbop|34
|player|p2|Dark Side of Moon|161
|gametype|singles
|gen|6
|tier|ORAS OU
|rule|Sleep Clause Mod: Limit one foe put to sleep
|rule|Species Clause: Limit one of each PokÃ©mon
|rule|OHKO Clause: OHKO moves are banned
|rule|Moody Clause: Moody is banned
|rule|Evasion Moves Clause: Evasion moves are banned
|rule|Endless Battle Clause: Forcing endless battles is banned
|rule|HP Percentage Mod: HP is shown in percentages
|clearpoke
|poke|p1|Skarmory, M
|poke|p1|Keldeo
|poke|p1|Rotom-Wash
|poke|p1|Excadrill, F
|poke|p1|Weavile, F
|poke|p1|Gardevoir, F
|poke|p2|Audino, F, shiny
|poke|p2|Poliwrath, M
|poke|p2|Gengar, M, shiny
|poke|p2|Zapdos
|poke|p2|Ferrothorn, M, shiny
|poke|p2|Infernape, M, shiny
|rule|Swagger Clause: Swagger is banned
|rule|Baton Pass Clause: Limit one PokÃ©mon knowing Baton Pass
|teampreview
|c|âbeppityboopbop|So you won't exactly see how well you do against the new threats
|c|âbeppityboopbop|gl hf
|c|âbeppityboopbop|the poli tho
|
|start
|switch|p1a: Rotom-Wash|Rotom-Wash|293\/293
|switch|p2a: Infernape|Infernape, M, shiny|356\/356
|turn|1
|
|switch|p2a: Angelic|Audino, F, shiny|410\/410
|move|p1a: Rotom-Wash|Will-O-Wisp|p2a: Angelic
|-status|p2a: Angelic|brn
|
|-damage|p2a: Angelic|359\/410 brn|[from] brn
|turn|2
|
|move|p1a: Rotom-Wash|Volt Switch|p2a: Angelic
|-damage|p2a: Angelic|268\/410 brn
|
|switch|p1a: Excadrill|Excadrill, F|361\/361
|-ability|p1a: Excadrill|Mold Breaker
|move|p2a: Angelic|Heal Bell|p2a: Angelic
|-cureteam|p2a: Angelic|[from] move: HealBell
|
|turn|3
|
|switch|p1a: Gardevoir|Gardevoir, F|277\/277
|-ability|p1a: Gardevoir|Regenerator|[from] ability: Trace|[of] p2a: Angelic
|switch|p2a: Zapdos|Zapdos|383\/383
|-ability|p2a: Zapdos|Pressure
|
|turn|4
|
|switch|p2a: Ferrothorn|Ferrothorn, M, shiny|352\/352
|detailschange|p1a: Gardevoir|Gardevoir-Mega, F
|message|Gardevoir has Mega Evolved into Mega Gardevoir!
|move|p1a: Gardevoir|Psyshock|p2a: Ferrothorn
|-resisted|p2a: Ferrothorn
|-damage|p2a: Ferrothorn|292\/352
|
|-heal|p2a: Ferrothorn|314\/352|[from] item: Leftovers
|turn|5
|
|move|p1a: Gardevoir|Hidden Power|p2a: Ferrothorn
|-supereffective|p2a: Ferrothorn
|-damage|p2a: Ferrothorn|86\/352
|move|p2a: Ferrothorn|Stealth Rock|p1a: Gardevoir
|-sidestart|p1: beppityboopbop|move: Stealth Rock
|
|-heal|p2a: Ferrothorn|108\/352|[from] item: Leftovers
|turn|6
|
|move|p2a: Ferrothorn|Protect|p2a: Ferrothorn
|-singleturn|p2a: Ferrothorn|Protect
|move|p1a: Gardevoir|Hidden Power|p2a: Ferrothorn
|-activate|p2a: Ferrothorn|Protect
|
|-heal|p2a: Ferrothorn|130\/352|[from] item: Leftovers
|turn|7
|
|switch|p2a: Gengar|Gengar, M, shiny|268\/268
|move|p1a: Gardevoir|Hidden Power|p2a: Gengar
|-damage|p2a: Gengar|171\/268
|
|-heal|p2a: Gengar|187\/268|[from] item: Black Sludge
|turn|8
|
|move|p2a: Gengar|Hex|p1a: Gardevoir
|-supereffective|p1a: Gardevoir
|-damage|p1a: Gardevoir|119\/277
|move|p1a: Gardevoir|Psyshock|p2a: Gengar
|-supereffective|p2a: Gengar
|-damage|p2a: Gengar|0 fnt
|faint|p2a: Gengar
|
|
|switch|p2a: Zapdos|Zapdos|383\/383
|-ability|p2a: Zapdos|Pressure
|turn|9
|c|âbeppityboopbop|It seems MegaGarde threatens your team quite a bit, bar Ferro
|c|âDark Side of Moon|no answer for this
|c|âbeppityboopbop|But then again, HP Fire is really weird
|
|move|p1a: Gardevoir|Hyper Voice|p2a: Zapdos
|-damage|p2a: Zapdos|110\/383
|move|p2a: Zapdos|Thunderbolt|p1a: Gardevoir
|-damage|p1a: Gardevoir|22\/277
|
|-heal|p2a: Zapdos|133\/383|[from] item: Leftovers
|turn|10
|
|switch|p1a: Rotom-Wash|Rotom-Wash|293\/293
|-damage|p1a: Rotom-Wash|257\/293|[from] Stealth Rock
|move|p2a: Zapdos|Thunderbolt|p1a: Rotom-Wash
|-damage|p1a: Rotom-Wash|133\/293
|
|-heal|p2a: Zapdos|156\/383|[from] item: Leftovers
|-heal|p1a: Rotom-Wash|151\/293|[from] item: Leftovers
|turn|11
|
|move|p2a: Zapdos|Roost|p2a: Zapdos
|-heal|p2a: Zapdos|348\/383
|move|p1a: Rotom-Wash|Volt Switch|p2a: Zapdos
|-resisted|p2a: Zapdos
|-damage|p2a: Zapdos|301\/383
|
|switch|p1a: Keldeo|Keldeo|323\/323
|-damage|p1a: Keldeo|303\/323|[from] Stealth Rock
|
|-heal|p2a: Zapdos|324\/383|[from] item: Leftovers
|turn|12
|c|âbeppityboopbop|What's your spread on this thing
|c|âDark Side of Moon|its defensive
|c|âbeppityboopbop|physically?
|c|âbeppityboopbop|Any speed EV's?
|c|âDark Side of Moon|a bit
|c|âbeppityboopbop|You should run speed, if only to creep other Zapdos
|
|switch|p2a: Poli King|Poliwrath, M|384\/384
|move|p1a: Keldeo|Hydro Pump|p2a: Poli King
|-immune|p2a: Poli King|[msg]
|
|turn|13
|
|switch|p1a: Skarmory|Skarmory, M|333\/333
|-damage|p1a: Skarmory|292\/333|[from] Stealth Rock
|move|p2a: Poli King|Circle Throw|p1a: Skarmory
|-damage|p1a: Skarmory|253\/333
|drag|p1a: Gardevoir|Gardevoir-Mega, F|22\/277
|-damage|p1a: Gardevoir|0 fnt|[from] Stealth Rock
|faint|p1a: Gardevoir
|
|c|âbeppityboopbop|the one poke i needed that not to happen on
|c|âbeppityboopbop|lol
|
|switch|p1a: Rotom-Wash|Rotom-Wash|151\/293
|-damage|p1a: Rotom-Wash|115\/293|[from] Stealth Rock
|turn|14
|
|switch|p2a: Angelic|Audino, F, shiny|404\/410
|move|p1a: Rotom-Wash|Pain Split|p2a: Angelic
|-sethp|p2a: Angelic|259\/410|p1a: Rotom-Wash|259\/293|[from] move: Pain Split
|
|-heal|p1a: Rotom-Wash|277\/293|[from] item: Leftovers
|turn|15
|
|move|p1a: Rotom-Wash|Hydro Pump|p2a: Angelic
|-damage|p2a: Angelic|121\/410
|move|p2a: Angelic|Wish|p2a: Angelic
|
|-heal|p1a: Rotom-Wash|293\/293|[from] item: Leftovers
|turn|16
|
|switch|p2a: Ferrothorn|Ferrothorn, M, shiny|130\/352
|move|p1a: Rotom-Wash|Volt Switch|p2a: Ferrothorn
|-resisted|p2a: Ferrothorn
|-damage|p2a: Ferrothorn|100\/352
|
|switch|p1a: Keldeo|Keldeo|303\/323
|-damage|p1a: Keldeo|283\/323|[from] Stealth Rock
|
|-heal|p2a: Ferrothorn|305\/352|[from] move: Wish|[wisher] Angelic
|-heal|p2a: Ferrothorn|327\/352|[from] item: Leftovers
|turn|17
|
|switch|p1a: Weavile|Weavile, F|281\/281
|-damage|p1a: Weavile|211\/281|[from] Stealth Rock
|-ability|p1a: Weavile|Pressure
|switch|p2a: Poli King|Poliwrath, M|384\/384
|
|turn|18
|c|âbeppityboopbop|why did you bring this in on a keldeo?
|c|âbeppityboopbop|did you expect this switch?
|c|âDark Side of Moon|bc it counters
|c|âbeppityboopbop|I could've gone for a Secret Sword and 2HKO'd
|c|âbeppityboopbop|That's probably what I was going to do, because Ferro was out
|
|switch|p1a: Rotom-Wash|Rotom-Wash|293\/293
|-damage|p1a: Rotom-Wash|257\/293|[from] Stealth Rock
|move|p2a: Poli King|Circle Throw|p1a: Rotom-Wash
|-damage|p1a: Rotom-Wash|208\/293
|drag|p1a: Weavile|Weavile, F|211\/281
|-damage|p1a: Weavile|141\/281|[from] Stealth Rock
|-ability|p1a: Weavile|Pressure
|
|turn|19
|c|âDark Side of Moon|252 SpA Choice Specs Keldeo Secret Sword vs. 252 HP \/ 252+ Def Poliwrath: 154-183 (40.1 - 47.6%) -- guaranteed 3HKO after Leftovers recovery
|c|âDark Side of Moon|sorry no
|c|âbeppityboopbop|oh wow
|c|âbeppityboopbop|counter indeed
|
|move|p1a: Weavile|Knock Off|p2a: Poli King
|-resisted|p2a: Poli King
|-damage|p2a: Poli King|328\/384
|-enditem|p2a: Poli King|Leftovers|[from] move: Knock Off|[of] p1a: Weavile
|move|p2a: Poli King|Circle Throw|p1a: Weavile
|-supereffective|p1a: Weavile
|-damage|p1a: Weavile|0 fnt
|faint|p1a: Weavile
|
|
|switch|p1a: Rotom-Wash|Rotom-Wash|208\/293
|-damage|p1a: Rotom-Wash|172\/293|[from] Stealth Rock
|turn|20
|
|switch|p2a: Angelic|Audino, F, shiny|257\/410
|move|p1a: Rotom-Wash|Volt Switch|p2a: Angelic
|-damage|p2a: Angelic|164\/410
|
|switch|p1a: Keldeo|Keldeo|283\/323
|-damage|p1a: Keldeo|263\/323|[from] Stealth Rock
|
|turn|21
|c|âbeppityboopbop|What could you do in return, tho?
|
|switch|p2a: Zapdos|Zapdos|324\/383
|-ability|p2a: Zapdos|Pressure
|move|p1a: Keldeo|Secret Sword|p2a: Zapdos
|-crit|p2a: Zapdos
|-resisted|p2a: Zapdos
|-damage|p2a: Zapdos|174\/383
|
|-heal|p2a: Zapdos|197\/383|[from] item: Leftovers
|turn|22
|c|âDark Side of Moon|circle throw scald rest talk
|c|âbeppityboopbop|Waterfall IMO
|c|âDark Side of Moon|no
|c|âDark Side of Moon|scalds way better
|c|âbeppityboopbop|Because you have enough physical bulk
|c|âDark Side of Moon|!data poliwrath
|c|~|\/data-pokemon Poliwrath

|
|switch|p1a: Rotom-Wash|Rotom-Wash|172\/293
|-damage|p1a: Rotom-Wash|136\/293|[from] Stealth Rock
|move|p2a: Zapdos|Heat Wave|p1a: Rotom-Wash
|-resisted|p1a: Rotom-Wash
|-damage|p1a: Rotom-Wash|95\/293
|
|-heal|p2a: Zapdos|220\/383|[from] item: Leftovers
|-heal|p1a: Rotom-Wash|113\/293|[from] item: Leftovers
|turn|23
|c|âDark Side of Moon|circle throws for phazing
|c|âDark Side of Moon|scalds for burns
|
|move|p2a: Zapdos|Thunderbolt|p1a: Rotom-Wash
|-crit|p1a: Rotom-Wash
|-damage|p1a: Rotom-Wash|0 fnt
|faint|p1a: Rotom-Wash
|
|-heal|p2a: Zapdos|243\/383|[from] item: Leftovers
|c|âbeppityboopbop|I've run that set before
|c|âbeppityboopbop|But it was SpDef, and in PU
|
|switch|p1a: Keldeo|Keldeo|263\/323
|-damage|p1a: Keldeo|243\/323|[from] Stealth Rock
|turn|24
|
|move|p1a: Keldeo|Hydro Pump|p2a: Zapdos
|-damage|p2a: Zapdos|0 fnt
|faint|p2a: Zapdos
|
|
|switch|p2a: Ferrothorn|Ferrothorn, M, shiny|327\/352
|turn|25
|
|switch|p1a: Skarmory|Skarmory, M|253\/333
|-damage|p1a: Skarmory|212\/333|[from] Stealth Rock
|move|p2a: Ferrothorn|Spikes|p1a: Skarmory
|-sidestart|p1: beppityboopbop|Spikes
|
|-heal|p2a: Ferrothorn|349\/352|[from] item: Leftovers
|turn|26
|
|switch|p2a: Infernape|Infernape, M, shiny|356\/356
|move|p1a: Skarmory|Defog|p2a: Infernape
|-unboost|p2a: Infernape|evasion|1
|-sideend|p1: beppityboopbop|Spikes|[from] move: Defog|[of] p1a: Skarmory
|-sideend|p1: beppityboopbop|Stealth Rock|[from] move: Defog|[of] p1a: Skarmory
|
|turn|27
|
|move|p2a: Infernape|Will-O-Wisp|p1a: Skarmory
|-status|p1a: Skarmory|brn
|move|p1a: Skarmory|Roost|p1a: Skarmory
|-heal|p1a: Skarmory|333\/333 brn
|
|-damage|p1a: Skarmory|292\/333 brn|[from] brn
|turn|28
|
|move|p2a: Infernape|Taunt|p1a: Skarmory
|-start|p1a: Skarmory|move: Taunt
|move|p1a: Skarmory|Brave Bird|p2a: Infernape
|-crit|p2a: Infernape
|-supereffective|p2a: Infernape
|-damage|p2a: Infernape|104\/356
|-damage|p1a: Skarmory|209\/333 brn|[from] recoil|[of] p2a: Infernape
|
|-heal|p2a: Infernape|126\/356|[from] item: Leftovers
|-damage|p1a: Skarmory|168\/333 brn|[from] brn
|turn|29
|
|move|p2a: Infernape|Slack Off|p2a: Infernape
|-heal|p2a: Infernape|304\/356
|move|p1a: Skarmory|Brave Bird|p2a: Infernape
|-supereffective|p2a: Infernape
|-damage|p2a: Infernape|146\/356
|-damage|p1a: Skarmory|116\/333 brn|[from] recoil|[of] p2a: Infernape
|
|-heal|p2a: Infernape|168\/356|[from] item: Leftovers
|-damage|p1a: Skarmory|75\/333 brn|[from] brn
|turn|30
|
|move|p2a: Infernape|Slack Off|p2a: Infernape
|-heal|p2a: Infernape|346\/356
|move|p1a: Skarmory|Brave Bird|p2a: Infernape
|-supereffective|p2a: Infernape
|-damage|p2a: Infernape|196\/356
|-damage|p1a: Skarmory|25\/333 brn|[from] recoil|[of] p2a: Infernape
|
|-heal|p2a: Infernape|218\/356|[from] item: Leftovers
|-damage|p1a: Skarmory|0 fnt|[from] brn
|faint|p1a: Skarmory
|
|switch|p1a: Keldeo|Keldeo|243\/323
|turn|31
|
|move|p1a: Keldeo|Secret Sword|p2a: Infernape
|-damage|p2a: Infernape|0 fnt
|faint|p2a: Infernape
|
|
|switch|p2a: Angelic|Audino, F, shiny|300\/410
|turn|32
|
|detailschange|p2a: Angelic|Audino-Mega, F, shiny
|message|Audino has Mega Evolved into Mega Audino!
|move|p1a: Keldeo|Secret Sword|p2a: Angelic
|-crit|p2a: Angelic
|-damage|p2a: Angelic|89\/410
|move|p2a: Angelic|Wish|p2a: Angelic
|
|turn|33
|
|move|p2a: Angelic|Protect|p2a: Angelic
|-singleturn|p2a: Angelic|Protect
|move|p1a: Keldeo|Secret Sword|p2a: Angelic
|-activate|p2a: Angelic|Protect
|
|-heal|p2a: Angelic|294\/410|[from] move: Wish|[wisher] Angelic
|turn|34
|c|âbeppityboopbop|Why Mega Audino?
|
|move|p1a: Keldeo|Secret Sword|p2a: Angelic
|-damage|p2a: Angelic|152\/410
|move|p2a: Angelic|Wish|p2a: Angelic
|
|turn|35
|
|move|p2a: Angelic|Protect|p2a: Angelic
|-singleturn|p2a: Angelic|Protect
|move|p1a: Keldeo|Secret Sword|p2a: Angelic
|-activate|p2a: Angelic|Protect
|
|-heal|p2a: Angelic|357\/410|[from] move: Wish|[wisher] Angelic
|turn|36
|c|âDark Side of Moon|I'm just testing stuff out
|
|switch|p1a: Excadrill|Excadrill, F|361\/361
|-ability|p1a: Excadrill|Mold Breaker
|move|p2a: Angelic|Dazzling Gleam|p1a: Excadrill
|-resisted|p1a: Excadrill
|-damage|p1a: Excadrill|307\/361
|
|turn|37
|
|switch|p2a: Ferrothorn|Ferrothorn, M, shiny|349\/352
|move|p1a: Excadrill|Earthquake|p2a: Ferrothorn
|-damage|p2a: Ferrothorn|210\/352
|
|-heal|p2a: Ferrothorn|232\/352|[from] item: Leftovers
|turn|38
|
|move|p1a: Excadrill|Earthquake|p2a: Ferrothorn
|-damage|p2a: Ferrothorn|102\/352
|move|p2a: Ferrothorn|Spikes|p1a: Excadrill
|-sidestart|p1: beppityboopbop|Spikes
|
|-heal|p2a: Ferrothorn|124\/352|[from] item: Leftovers
|turn|39
|
|switch|p2a: Poli King|Poliwrath, M|328\/384
|move|p1a: Excadrill|Earthquake|p2a: Poli King
|-crit|p2a: Poli King
|-damage|p2a: Poli King|123\/384
|
|turn|40
|c|âbeppityboopbop|sorry for hax
|
|move|p1a: Excadrill|Earthquake|p2a: Poli King
|-damage|p2a: Poli King|0 fnt
|faint|p2a: Poli King
|
|
|switch|p2a: Angelic|Audino-Mega, F, shiny|357\/410
|turn|41
|c|âbeppityboopbop|exca is power tho
|
|move|p1a: Excadrill|Earthquake|p2a: Angelic
|-crit|p2a: Angelic
|-damage|p2a: Angelic|170\/410
|move|p2a: Angelic|Dazzling Gleam|p1a: Excadrill
|-resisted|p1a: Excadrill
|-damage|p1a: Excadrill|256\/361
|
|turn|42
|
|move|p1a: Excadrill|Earthquake|p2a: Angelic
|-damage|p2a: Angelic|56\/410
|move|p2a: Angelic|Wish|p2a: Angelic
|
|turn|43
|
|switch|p1a: Keldeo|Keldeo|243\/323
|-damage|p1a: Keldeo|203\/323|[from] Spikes
|move|p2a: Angelic|Protect|p2a: Angelic
|-fail|p2a: Angelic
|
|-heal|p2a: Angelic|261\/410|[from] move: Wish|[wisher] Angelic
|turn|44
|
|move|p1a: Keldeo|Scald|p2a: Angelic
|-damage|p2a: Angelic|99\/410
|-status|p2a: Angelic|brn
|move|p2a: Angelic|Wish|p2a: Angelic
|
|-damage|p2a: Angelic|48\/410 brn|[from] brn
|turn|45
|
|move|p2a: Angelic|Protect|p2a: Angelic
|-singleturn|p2a: Angelic|Protect
|move|p1a: Keldeo|Scald|p2a: Angelic
|-activate|p2a: Angelic|Protect
|
|-heal|p2a: Angelic|253\/410 brn|[from] move: Wish|[wisher] Angelic
|-damage|p2a: Angelic|202\/410 brn|[from] brn
|turn|46
|
|switch|p1a: Excadrill|Excadrill, F|256\/361
|-damage|p1a: Excadrill|211\/361|[from] Spikes
|-ability|p1a: Excadrill|Mold Breaker
|move|p2a: Angelic|Wish|p2a: Angelic
|
|-damage|p2a: Angelic|151\/410 brn|[from] brn
|turn|47
|
|switch|p1a: Keldeo|Keldeo|203\/323
|-damage|p1a: Keldeo|163\/323|[from] Spikes
|move|p2a: Angelic|Protect|p2a: Angelic
|-fail|p2a: Angelic
|
|-heal|p2a: Angelic|356\/410 brn|[from] move: Wish|[wisher] Angelic
|-damage|p2a: Angelic|305\/410 brn|[from] brn
|turn|48
|
|move|p1a: Keldeo|Hydro Pump|p2a: Angelic|[miss]
|-miss|p1a: Keldeo|p2a: Angelic
|move|p2a: Angelic|Heal Bell|p2a: Angelic
|-cureteam|p2a: Angelic|[from] move: HealBell
|
|turn|49
|
|move|p1a: Keldeo|Hydro Pump|p2a: Angelic
|-damage|p2a: Angelic|83\/410
|move|p2a: Angelic|Dazzling Gleam|p1a: Keldeo
|-supereffective|p1a: Keldeo
|-damage|p1a: Keldeo|0 fnt
|faint|p1a: Keldeo
|
|
|switch|p1a: Excadrill|Excadrill, F|211\/361
|-damage|p1a: Excadrill|166\/361|[from] Spikes
|-ability|p1a: Excadrill|Mold Breaker
|turn|50
|c|âDark Side of Moon|could've stalled u out but
|c|âDark Side of Moon|doesn't matter
|
|move|p1a: Excadrill|Earthquake|p2a: Angelic
|-crit|p2a: Angelic
|-damage|p2a: Angelic|0 fnt
|faint|p2a: Angelic
|
|c|âbeppityboopbop|that's exactly what you were doing
|
|switch|p2a: Ferrothorn|Ferrothorn, M, shiny|124\/352
|turn|51
|
|move|p1a: Excadrill|Earthquake|p2a: Ferrothorn
|-damage|p2a: Ferrothorn|0 fnt
|faint|p2a: Ferrothorn
|
|win|beppityboopbop
|c|âbeppityboopbop|gg
|c|âDark Side of Moon|gg
|leave|Dark Side of Moon
|player|p2
|leave|beppityboopbop
|player|p1