|join|Sharpteeth
|join|Dark Side of Moon
|player|p1|Sharpteeth|226
|player|p2|Dark Side of Moon|161
|gametype|singles
|gen|6
|tier|OU
|rated
|clearpoke
|poke|p1|Weavile, M
|poke|p1|Azelf
|poke|p1|Skarmory, M
|poke|p1|Pinsir, M
|poke|p1|Raikou
|poke|p1|Garchomp, M
|poke|p2|Terrakion, shiny
|poke|p2|Scizor, M
|poke|p2|Manectric, M, shiny
|poke|p2|Landorus-Therian, M, shiny
|poke|p2|Latias, F, shiny
|poke|p2|Bisharp, M, shiny
|rule|Swagger Clause: Swagger is banned
|rule|Baton Pass Clause: Limit one PokÃ©mon knowing Baton Pass
|rule|Sleep Clause Mod: Limit one foe put to sleep
|rule|Species Clause: Limit one of each PokÃ©mon
|rule|OHKO Clause: OHKO moves are banned
|rule|Moody Clause: Moody is banned
|rule|Evasion Moves Clause: Evasion moves are banned
|rule|Endless Battle Clause: Forcing endless battles is banned
|rule|HP Percentage Mod: HP is shown in percentages
|teampreview
|c|âDark Side of Moon|gl
|c|âSharpteeth|gl
|
|start
|switch|p1a: Trash Talker|Azelf|291\/291
|switch|p2a: Manectric|Manectric, M, shiny|281\/281
|turn|1
|
|detailschange|p2a: Manectric|Manectric-Mega, M, shiny
|message|Manectric has Mega Evolved into Mega Manectric!
|-ability|p2a: Manectric|Intimidate|[of] p1a: Trash Talker
|-unboost|p1a: Trash Talker|atk|1
|move|p1a: Trash Talker|Explosion|p2a: Manectric
|-damage|p2a: Manectric|64\/281
|faint|p1a: Trash Talker
|move|p2a: Manectric|Volt Switch|p1: Trash Talker|[notarget]
|-notarget
|
|
|switch|p1a: Panic Button|Skarmory, M|334\/334
|turn|2
|
|move|p2a: Manectric|Volt Switch|p1a: Panic Button
|-supereffective|p1a: Panic Button
|-activate|p1a: Panic Button|Sturdy
|-damage|p1a: Panic Button|1\/334
|-enditem|p1a: Panic Button|Red Card|[of] p2a: Manectric
|drag|p2a: Terrakion|Terrakion, shiny|323\/323
|move|p1a: Panic Button|Stealth Rock|p2a: Terrakion
|-sidestart|p2: Dark Side of Moon|move: Stealth Rock
|
|turn|3
|
|move|p2a: Terrakion|Stealth Rock|p1a: Panic Button
|-sidestart|p1: Sharpteeth|move: Stealth Rock
|move|p1a: Panic Button|Drill Peck|p2a: Terrakion
|-damage|p2a: Terrakion|242\/323
|
|turn|4
|
|move|p2a: Terrakion|Close Combat|p1a: Panic Button
|-damage|p1a: Panic Button|0 fnt
|-unboost|p2a: Terrakion|def|1
|-unboost|p2a: Terrakion|spd|1
|faint|p1a: Panic Button
|
|
|switch|p1a: Broom Head|Weavile, M|282\/282
|-damage|p1a: Broom Head|212\/282|[from] Stealth Rock
|-ability|p1a: Broom Head|Pressure
|turn|5
|
|move|p1a: Broom Head|Low Kick|p2a: Terrakion
|-supereffective|p2a: Terrakion
|-damage|p2a: Terrakion|0 fnt
|-damage|p1a: Broom Head|184\/282|[from] item: Life Orb
|faint|p2a: Terrakion
|
|
|switch|p2a: Scizor|Scizor, M|281\/281
|-damage|p2a: Scizor|246\/281|[from] Stealth Rock
|turn|6
|
|move|p2a: Scizor|Pursuit|p1a: Broom Head|[from]Pursuit
|-resisted|p1a: Broom Head
|-damage|p1a: Broom Head|77\/282
|switch|p1a: Hot Stove|Garchomp, M|420\/420
|-damage|p1a: Hot Stove|394\/420|[from] Stealth Rock
|
|turn|7
|
|switch|p2a: Manectric|Manectric-Mega, M, shiny|64\/281
|-damage|p2a: Manectric|29\/281|[from] Stealth Rock
|-ability|p2a: Manectric|Intimidate|[of] p1a: Hot Stove
|-unboost|p1a: Hot Stove|atk|1
|move|p1a: Hot Stove|Dragon Tail|p2a: Manectric
|-damage|p2a: Manectric|0 fnt
|faint|p2a: Manectric
|
|
|switch|p2a: Latias|Latias, F, shiny|301\/301
|-damage|p2a: Latias|264\/301|[from] Stealth Rock
|turn|8
|
|switch|p1a: Phone Charger|Raikou|322\/322
|-damage|p1a: Phone Charger|282\/322|[from] Stealth Rock
|-ability|p1a: Phone Charger|Pressure
|move|p2a: Latias|Draco Meteor|p1a: Phone Charger
|-damage|p1a: Phone Charger|95\/322
|-unboost|p2a: Latias|spa|2
|-damage|p2a: Latias|234\/301|[from] item: Life Orb
|
|turn|9
|
|move|p1a: Phone Charger|Hidden Power|p2a: Latias
|-supereffective|p2a: Latias
|-damage|p2a: Latias|122\/301
|move|p2a: Latias|Psyshock|p1a: Phone Charger
|-crit|p1a: Phone Charger
|-damage|p1a: Phone Charger|0 fnt
|-damage|p2a: Latias|92\/301|[from] item: Life Orb
|faint|p1a: Phone Charger
|
|
|switch|p1a: Tweezers|Pinsir, M|271\/271
|-damage|p1a: Tweezers|204\/271|[from] Stealth Rock
|turn|10
|
|detailschange|p1a: Tweezers|Pinsir-Mega, M
|message|Pinsir has Mega Evolved into Mega Pinsir!
|move|p2a: Latias|Draco Meteor|p1a: Tweezers
|-damage|p1a: Tweezers|55\/271
|-unboost|p2a: Latias|spa|2
|-damage|p2a: Latias|62\/301|[from] item: Life Orb
|move|p1a: Tweezers|Frustration|p2a: Latias
|-damage|p2a: Latias|0 fnt
|faint|p2a: Latias
|
|
|switch|p2a: Scizor|Scizor, M|246\/281
|-damage|p2a: Scizor|211\/281|[from] Stealth Rock
|turn|11
|
|move|p1a: Tweezers|Quick Attack|p2a: Scizor
|-damage|p2a: Scizor|97\/281
|move|p2a: Scizor|Bullet Punch|p1a: Tweezers
|-damage|p1a: Tweezers|0 fnt
|faint|p1a: Tweezers
|
|
|switch|p1a: Hot Stove|Garchomp, M|394\/420
|-damage|p1a: Hot Stove|368\/420|[from] Stealth Rock
|turn|12
|
|move|p2a: Scizor|Bullet Punch|p1a: Hot Stove
|-damage|p1a: Hot Stove|242\/420
|-damage|p2a: Scizor|62\/281|[from] ability: Rough Skin|[of] p1a: Hot Stove
|-damage|p2a: Scizor|16\/281|[from] item: Rocky Helmet|[of] p1a: Hot Stove
|move|p1a: Hot Stove|Fire Blast|p2a: Scizor
|-supereffective|p2a: Scizor
|-damage|p2a: Scizor|0 fnt
|faint|p2a: Scizor
|
|
|switch|p2a: Landorus-Therian|Landorus-Therian, M, shiny|319\/319
|-damage|p2a: Landorus-Therian|280\/319|[from] Stealth Rock
|-ability|p2a: Landorus-Therian|Intimidate|[of] p1a: Hot Stove
|-unboost|p1a: Hot Stove|atk|1
|turn|13
|
|move|p2a: Landorus-Therian|Earthquake|p1a: Hot Stove
|-damage|p1a: Hot Stove|101\/420
|move|p1a: Hot Stove|Dragon Tail|p2a: Landorus-Therian
|-crit|p2a: Landorus-Therian
|-damage|p2a: Landorus-Therian|144\/319
|drag|p2a: Bisharp|Bisharp, M, shiny|271\/271
|-damage|p2a: Bisharp|255\/271|[from] Stealth Rock
|
|turn|14
|
|move|p2a: Bisharp|Sucker Punch|p1a: Hot Stove
|-damage|p1a: Hot Stove|0 fnt
|-damage|p2a: Bisharp|222\/271|[from] ability: Rough Skin|[of] p1a: Hot Stove
|-damage|p2a: Bisharp|177\/271|[from] item: Rocky Helmet|[of] p1a: Hot Stove
|-damage|p2a: Bisharp|150\/271|[from] item: Life Orb
|faint|p1a: Hot Stove
|
|-message|Sharpteeth forfeited.
|
|win|Dark Side of Moon
|raw|Ladder updating...
|leave|Sharpteeth
|player|p1
|raw|Sharpteeth's rating: 1893 &rarr; <strong>1866<\/strong><br \/>(-27 for losing)
|raw|Dark Side of Moon's rating: 1777 &rarr; <strong>1803<\/strong><br \/>(+26 for winning)
|leave|Dark Side of Moon
|player|p2