|join|Olivia Tremors
|join|Dark Side of Moon
|player|p1|Olivia Tremors|96
|player|p2|Dark Side of Moon|161
|gametype|singles
|gen|6
|tier|OU
|rated
|clearpoke
|poke|p1|Heracross, M
|poke|p1|Suicune
|poke|p1|Ferrothorn, F
|poke|p1|Landorus-Therian, M
|poke|p1|Latios, M
|poke|p1|Heatran, M
|poke|p2|Absol, M, shiny
|poke|p2|Nidoking, M, shiny
|poke|p2|Latios, M
|poke|p2|Landorus-Therian, M
|poke|p2|Scizor, M
|poke|p2|Greninja, M, shiny
|rule|Swagger Clause: Swagger is banned
|rule|Baton Pass Clause: Limit one PokÃ©mon knowing Baton Pass
|rule|Sleep Clause Mod: Limit one foe put to sleep
|rule|Species Clause: Limit one of each PokÃ©mon
|rule|OHKO Clause: OHKO moves are banned
|rule|Moody Clause: Moody is banned
|rule|Evasion Moves Clause: Evasion moves are banned
|rule|Endless Battle Clause: Forcing endless battles is banned
|rule|HP Percentage Mod: HP is shown in percentages
|teampreview
|
|start
|switch|p1a: Landorus-Therian|Landorus-Therian, M|337\/337
|switch|p2a: Landorus-Therian|Landorus-Therian, M|319\/319
|-ability|p2a: Landorus-Therian|Intimidate|[of] p1a: Landorus-Therian
|-unboost|p1a: Landorus-Therian|atk|1
|-ability|p1a: Landorus-Therian|Intimidate|[of] p2a: Landorus-Therian
|-unboost|p2a: Landorus-Therian|atk|1
|turn|1
|
|move|p2a: Landorus-Therian|U-turn|p1a: Landorus-Therian
|-resisted|p1a: Landorus-Therian
|-damage|p1a: Landorus-Therian|305\/337
|
|switch|p2a: Scizor|Scizor, M|281\/281
|move|p1a: Landorus-Therian|Stealth Rock|p2a: Scizor
|-sidestart|p2: Dark Side of Moon|move: Stealth Rock
|
|-heal|p1a: Landorus-Therian|326\/337|[from] item: Leftovers
|turn|2
|
|switch|p1a: Ferrothorn|Ferrothorn, F|352\/352
|move|p2a: Scizor|U-turn|p1a: Ferrothorn
|-damage|p1a: Ferrothorn|204\/352
|-damage|p2a: Scizor|246\/281|[from] ability: Iron Barbs|[of] p1a: Ferrothorn
|-damage|p2a: Scizor|200\/281|[from] item: Rocky Helmet|[of] p1a: Ferrothorn
|
|switch|p2a: Latios|Latios, M|301\/301
|-damage|p2a: Latios|264\/301|[from] Stealth Rock
|
|turn|3
|c|âOlivia Tremors|why is everyone using banded scizor again
|c|âOlivia Tremors|idgi
|
|switch|p1a: Heatran|Heatran, M|323\/323
|move|p2a: Latios|Defog|p1a: Heatran
|-unboost|p1a: Heatran|evasion|1
|-sideend|p2: Dark Side of Moon|Stealth Rock|[from] move: Defog|[of] p2a: Latios
|
|turn|4
|c|âDark Side of Moon|bc its good
|c|âDark Side of Moon|duh
|
|switch|p2a: Nidoking|Nidoking, M, shiny|304\/304
|move|p1a: Heatran|Flash Cannon|p2a: Nidoking
|-damage|p2a: Nidoking|132\/304
|
|turn|5
|
|switch|p2a: Greninja|Greninja, M, shiny|285\/285
|move|p1a: Heatran|Flash Cannon|p2a: Greninja
|-resisted|p2a: Greninja
|-damage|p2a: Greninja|190\/285
|
|turn|6
|
|switch|p1a: Suicune|Suicune|401\/401
|-ability|p1a: Suicune|Pressure
|switch|p2a: Scizor|Scizor, M|200\/281
|
|turn|7
|
|move|p2a: Scizor|U-turn|p1a: Suicune
|-damage|p1a: Suicune|257\/401
|
|switch|p2a: Latios|Latios, M|264\/301
|move|p1a: Suicune|Scald|p2a: Latios
|-resisted|p2a: Latios
|-damage|p2a: Latios|228\/301
|
|-heal|p1a: Suicune|282\/401|[from] item: Leftovers
|turn|8
|
|switch|p2a: Scizor|Scizor, M|200\/281
|move|p1a: Suicune|Rest|p1a: Suicune
|-status|p1a: Suicune|slp
|-heal|p1a: Suicune|401\/401 slp|[silent]
|-status|p1a: Suicune|slp|[from] move: Rest
|
|turn|9
|
|switch|p1a: Heatran|Heatran, M|323\/323
|move|p2a: Scizor|U-turn|p1a: Heatran
|-resisted|p1a: Heatran
|-damage|p1a: Heatran|272\/323
|
|switch|p2a: Landorus-Therian|Landorus-Therian, M|319\/319
|-ability|p2a: Landorus-Therian|Intimidate|[of] p1a: Heatran
|-unboost|p1a: Heatran|atk|1
|
|turn|10
|
|move|p2a: Landorus-Therian|Earthquake|p1a: Heatran
|-supereffective|p1a: Heatran
|-damage|p1a: Heatran|0 fnt
|faint|p1a: Heatran
|
|
|switch|p1a: Landorus-Therian|Landorus-Therian, M|326\/337
|-ability|p1a: Landorus-Therian|Intimidate|[of] p2a: Landorus-Therian
|-unboost|p2a: Landorus-Therian|atk|1
|turn|11
|
|switch|p2a: Scizor|Scizor, M|200\/281
|move|p1a: Landorus-Therian|Knock Off|p2a: Scizor
|-damage|p2a: Scizor|60\/281
|-enditem|p2a: Scizor|Choice Band|[from] move: Knock Off|[of] p1a: Landorus-Therian
|
|-heal|p1a: Landorus-Therian|337\/337|[from] item: Leftovers
|turn|12
|
|move|p2a: Scizor|Bullet Punch|p1a: Landorus-Therian
|-damage|p1a: Landorus-Therian|222\/337
|move|p1a: Landorus-Therian|Earthquake|p2a: Scizor
|-damage|p2a: Scizor|0 fnt
|faint|p2a: Scizor
|
|-heal|p1a: Landorus-Therian|243\/337|[from] item: Leftovers
|
|switch|p2a: Nidoking|Nidoking, M, shiny|132\/304
|turn|13
|
|switch|p1a: Suicune|Suicune|401\/401 slp
|-ability|p1a: Suicune|Pressure
|move|p2a: Nidoking|Ice Beam|p1a: Suicune
|-crit|p1a: Suicune
|-resisted|p1a: Suicune
|-damage|p1a: Suicune|318\/401 slp
|
|-heal|p1a: Suicune|343\/401 slp|[from] item: Leftovers
|turn|14
|
|move|p2a: Nidoking|Sludge Wave|p1a: Suicune
|-damage|p1a: Suicune|148\/401 slp
|cant|p1a: Suicune|slp
|move|p1a: Suicune|Sleep Talk|p1a: Suicune
|move|p1a: Suicune|Calm Mind|p1a: Suicune|[from]Sleep Talk
|-boost|p1a: Suicune|spa|1
|-boost|p1a: Suicune|spd|1
|
|-heal|p1a: Suicune|173\/401 slp|[from] item: Leftovers
|turn|15
|
|move|p2a: Nidoking|Sludge Wave|p1a: Suicune
|-damage|p1a: Suicune|39\/401 slp
|cant|p1a: Suicune|slp
|move|p1a: Suicune|Sleep Talk|p1a: Suicune
|move|p1a: Suicune|Calm Mind|p1a: Suicune|[from]Sleep Talk
|-boost|p1a: Suicune|spa|1
|-boost|p1a: Suicune|spd|1
|
|-heal|p1a: Suicune|64\/401 slp|[from] item: Leftovers
|turn|16
|
|move|p2a: Nidoking|Sludge Wave|p1a: Suicune
|-damage|p1a: Suicune|0 fnt
|faint|p1a: Suicune
|
|
|switch|p1a: Latios|Latios, M|301\/301
|turn|17
|
|move|p1a: Latios|Draco Meteor|p2a: Nidoking
|-damage|p2a: Nidoking|0 fnt
|-unboost|p1a: Latios|spa|2
|-damage|p1a: Latios|271\/301|[from] item: Life Orb
|faint|p2a: Nidoking
|
|
|switch|p2a: Absol|Absol, M, shiny|271\/271
|turn|18
|
|switch|p1a: Ferrothorn|Ferrothorn, F|204\/352
|detailschange|p2a: Absol|Absol-Mega, M, shiny
|message|Absol has Mega Evolved into Mega Absol!
|move|p2a: Absol|Swords Dance|p2a: Absol
|-boost|p2a: Absol|atk|2
|
|turn|19
|
|move|p2a: Absol|Knock Off|p1a: Ferrothorn
|-damage|p1a: Ferrothorn|0 fnt
|-damage|p2a: Absol|238\/271|[from] ability: Iron Barbs|[of] p1a: Ferrothorn
|-damage|p2a: Absol|193\/271|[from] item: Rocky Helmet|[of] p1a: Ferrothorn
|-enditem|p1a: Ferrothorn|Rocky Helmet|[from] move: Knock Off|[of] p2a: Absol
|faint|p1a: Ferrothorn
|
|
|switch|p1a: Landorus-Therian|Landorus-Therian, M|243\/337
|-ability|p1a: Landorus-Therian|Intimidate|[of] p2a: Absol
|-unboost|p2a: Absol|atk|1
|turn|20
|
|move|p2a: Absol|Knock Off|p1a: Landorus-Therian
|-damage|p1a: Landorus-Therian|0 fnt
|-enditem|p1a: Landorus-Therian|Leftovers|[from] move: Knock Off|[of] p2a: Absol
|faint|p1a: Landorus-Therian
|
|
|switch|p1a: Heracross|Heracross, M|301\/301
|turn|21
|
|detailschange|p1a: Heracross|Heracross-Mega, M
|message|Heracross has Mega Evolved into Mega Heracross!
|move|p2a: Absol|Play Rough|p1a: Heracross
|-supereffective|p1a: Heracross
|-damage|p1a: Heracross|0 fnt
|faint|p1a: Heracross
|
|-message|Olivia Tremors forfeited.
|
|win|Dark Side of Moon
|raw|Ladder updating...
|leave|Olivia Tremors
|player|p1
|raw|Olivia Tremors's rating: 1590 &rarr; <strong>1567<\/strong><br \/>(-23 for losing)
|raw|Dark Side of Moon's rating: 1536 &rarr; <strong>1559<\/strong><br \/>(+23 for winning)