|join|Dark Side of Moon
|join|will i lose
|player|p1|Dark Side of Moon|161
|player|p2|will i lose|92
|gametype|singles
|gen|6
|tier|OU
|rated
|clearpoke
|poke|p1|Heracross, M
|poke|p1|Heatran, F, shiny
|poke|p1|Azumarill, M
|poke|p1|Landorus, M, shiny
|poke|p1|Mew
|poke|p1|Tyranitar, M
|poke|p2|Bisharp, F
|poke|p2|Venusaur, M
|poke|p2|Heatran, M
|poke|p2|Keldeo
|poke|p2|Chansey, F
|poke|p2|Skarmory, F
|rule|Swagger Clause: Swagger is banned
|rule|Baton Pass Clause: Limit one PokÃ©mon knowing Baton Pass
|rule|Sleep Clause Mod: Limit one foe put to sleep
|rule|Species Clause: Limit one of each PokÃ©mon
|rule|OHKO Clause: OHKO moves are banned
|rule|Moody Clause: Moody is banned
|rule|Evasion Moves Clause: Evasion moves are banned
|rule|Endless Battle Clause: Forcing endless battles is banned
|rule|HP Percentage Mod: HP is shown in percentages
|teampreview
|c|âwill i lose|hi mob
|c|âDark Side of Moon|gl
|
|start
|switch|p1a: Water Bomb|Azumarill, M|401\/401
|switch|p2a: Keldeo|Keldeo|322\/322
|turn|1
|
|switch|p2a: Heatran|Heatran, M|386\/386
|-item|p2a: Heatran|Air Balloon
|move|p1a: Water Bomb|Knock Off|p2a: Heatran
|-damage|p2a: Heatran|260\/386
|-enditem|p2a: Heatran|Air Balloon
|
|turn|2
|
|switch|p2a: Venusaur|Venusaur, M|364\/364
|move|p1a: Water Bomb|Waterfall|p2a: Venusaur
|-resisted|p2a: Venusaur
|-damage|p2a: Venusaur|292\/364
|
|turn|3
|
|switch|p1a: Genetics|Mew|404\/404
|detailschange|p2a: Venusaur|Venusaur-Mega, M
|message|Venusaur has Mega Evolved into Mega Venusaur!
|move|p2a: Venusaur|Leech Seed|p1a: Genetics
|-start|p1a: Genetics|move: Leech Seed
|
|-damage|p1a: Genetics|354\/404|[from] Leech Seed|[of] p2a: Venusaur
|-heal|p2a: Venusaur|342\/364|[silent]
|turn|4
|
|switch|p1a: Nimbus|Landorus, M, shiny|319\/319
|switch|p2a: Chansey|Chansey, F|704\/704
|
|turn|5
|
|switch|p2a: Skarmory|Skarmory, F|334\/334
|move|p1a: Nimbus|Stealth Rock|p2a: Skarmory
|-sidestart|p2: will i lose|move: Stealth Rock
|
|turn|6
|
|switch|p1a: Genetics|Mew|354\/404
|move|p2a: Skarmory|Spikes|p1a: Genetics
|-sidestart|p1: Dark Side of Moon|Spikes
|
|-heal|p1a: Genetics|379\/404|[from] item: Leftovers
|turn|7
|
|switch|p2a: Heatran|Heatran, M|260\/386
|-damage|p2a: Heatran|212\/386|[from] Stealth Rock
|move|p1a: Genetics|Knock Off|p2a: Heatran
|-damage|p2a: Heatran|162\/386
|
|-heal|p1a: Genetics|404\/404|[from] item: Leftovers
|turn|8
|
|move|p2a: Heatran|Toxic|p1a: Genetics
|-status|p1a: Genetics|tox
|move|p1a: Genetics|Defog|p2a: Heatran
|-unboost|p2a: Heatran|evasion|1
|-sideend|p2: will i lose|Stealth Rock|[from] move: Defog|[of] p2a: Heatran
|-sideend|p1: Dark Side of Moon|Spikes|[from] move: Defog|[of] p1a: Genetics
|
|-damage|p1a: Genetics|379\/404 tox|[from] psn
|turn|9
|
|switch|p1a: Nimbus|Landorus, M, shiny|319\/319
|move|p2a: Heatran|Taunt|p1a: Nimbus
|-start|p1a: Nimbus|move: Taunt
|
|turn|10
|
|switch|p1a: Water Bomb|Azumarill, M|401\/401
|switch|p2a: Skarmory|Skarmory, F|334\/334
|
|turn|11
|
|move|p2a: Skarmory|Spikes|p1a: Water Bomb
|-sidestart|p1: Dark Side of Moon|Spikes
|move|p1a: Water Bomb|Knock Off|p2a: Skarmory
|-damage|p2a: Skarmory|256\/334
|-damage|p1a: Water Bomb|335\/401|[from] item: Rocky Helmet|[of] p2a: Skarmory
|-enditem|p2a: Skarmory|Rocky Helmet|[from] move: Knock Off|[of] p1a: Water Bomb
|
|turn|12
|
|switch|p1a: Nimbus|Landorus, M, shiny|319\/319
|move|p2a: Skarmory|Whirlwind|p1a: Nimbus
|drag|p1a: Water Bomb|Azumarill, M|335\/401
|-damage|p1a: Water Bomb|285\/401|[from] Spikes
|
|turn|13
|
|move|p2a: Skarmory|Spikes|p1a: Water Bomb
|-sidestart|p1: Dark Side of Moon|Spikes
|move|p1a: Water Bomb|Waterfall|p2a: Skarmory
|-damage|p2a: Skarmory|153\/334
|
|turn|14
|
|switch|p1a: Genetics|Mew|379\/404 tox
|-damage|p1a: Genetics|312\/404 tox|[from] Spikes
|move|p2a: Skarmory|Roost|p2a: Skarmory
|-heal|p2a: Skarmory|320\/334
|
|-heal|p1a: Genetics|337\/404 tox|[from] item: Leftovers
|-damage|p1a: Genetics|312\/404 tox|[from] psn
|turn|15
|
|switch|p2a: Bisharp|Bisharp, F|296\/296
|move|p1a: Genetics|Defog|p2a: Bisharp
|-unboost|p2a: Bisharp|evasion|1
|-boost|p2a: Bisharp|atk|2|[from] ability: Defiant
|-sideend|p1: Dark Side of Moon|Spikes|[from] move: Defog|[of] p1a: Genetics
|
|-heal|p1a: Genetics|337\/404 tox|[from] item: Leftovers
|-damage|p1a: Genetics|287\/404 tox|[from] psn
|turn|16
|
|move|p1a: Genetics|Will-O-Wisp|p2a: Bisharp
|-status|p2a: Bisharp|brn
|move|p2a: Bisharp|Knock Off|p1a: Genetics
|-supereffective|p1a: Genetics
|-damage|p1a: Genetics|0 fnt
|-enditem|p1a: Genetics|Leftovers|[from] move: Knock Off|[of] p2a: Bisharp
|faint|p1a: Genetics
|
|-damage|p2a: Bisharp|259\/296 brn|[from] brn
|
|switch|p1a: Sgt Pepper|Heracross, M|308\/308
|turn|17
|
|switch|p2a: Heatran|Heatran, M|162\/386
|detailschange|p1a: Sgt Pepper|Heracross-Mega, M
|message|Heracross has Mega Evolved into Mega Heracross!
|move|p1a: Sgt Pepper|Close Combat|p2a: Heatran
|-supereffective|p2a: Heatran
|-damage|p2a: Heatran|0 fnt
|-unboost|p1a: Sgt Pepper|def|1
|-unboost|p1a: Sgt Pepper|spd|1
|faint|p2a: Heatran
|
|
|switch|p2a: Skarmory|Skarmory, F|320\/334
|turn|18
|
|switch|p1a: Nimbus|Landorus, M, shiny|319\/319
|move|p2a: Skarmory|Spikes|p1a: Nimbus
|-sidestart|p1: Dark Side of Moon|Spikes
|
|turn|19
|
|switch|p2a: Chansey|Chansey, F|704\/704
|move|p1a: Nimbus|Stealth Rock|p2a: Chansey
|-sidestart|p2: will i lose|move: Stealth Rock
|
|turn|20
|
|switch|p1a: Dinomite|Tyranitar, M|341\/341
|-damage|p1a: Dinomite|299\/341|[from] Spikes
|-weather|Sandstorm
|move|p2a: Chansey|Aromatherapy|p2a: Chansey
|-cureteam|p2a: Chansey|[from] move: Aromatherapy
|
|-weather|Sandstorm|[upkeep]
|-damage|p2a: Chansey|660\/704|[from] sandstorm
|turn|21
|
|move|p1a: Dinomite|Stone Edge|p2a: Chansey
|-damage|p2a: Chansey|404\/704
|move|p2a: Chansey|Thunder Wave|p1a: Dinomite
|-status|p1a: Dinomite|par
|
|-weather|Sandstorm|[upkeep]
|-damage|p2a: Chansey|360\/704|[from] sandstorm
|turn|22
|
|switch|p1a: Sgt Pepper|Heracross-Mega, M|308\/308
|-damage|p1a: Sgt Pepper|270\/308|[from] Spikes
|move|p2a: Chansey|Soft-Boiled|p2a: Chansey
|-heal|p2a: Chansey|704\/704
|
|-weather|Sandstorm|[upkeep]
|-damage|p1a: Sgt Pepper|251\/308|[from] sandstorm
|-damage|p2a: Chansey|660\/704|[from] sandstorm
|turn|23
|
|switch|p2a: Skarmory|Skarmory, F|320\/334
|-damage|p2a: Skarmory|279\/334|[from] Stealth Rock
|move|p1a: Sgt Pepper|Close Combat|p2a: Skarmory
|-damage|p2a: Skarmory|99\/334
|-unboost|p1a: Sgt Pepper|def|1
|-unboost|p1a: Sgt Pepper|spd|1
|
|-weather|Sandstorm|[upkeep]
|-damage|p1a: Sgt Pepper|232\/308|[from] sandstorm
|turn|24
|
|move|p1a: Sgt Pepper|Close Combat|p2a: Skarmory
|-damage|p2a: Skarmory|0 fnt
|-unboost|p1a: Sgt Pepper|def|1
|-unboost|p1a: Sgt Pepper|spd|1
|faint|p2a: Skarmory
|
|-weather|none
|
|switch|p2a: Keldeo|Keldeo|322\/322
|-damage|p2a: Keldeo|302\/322|[from] Stealth Rock
|turn|25
|
|switch|p1a: Dinomite|Tyranitar, M|299\/341 par
|-damage|p1a: Dinomite|257\/341 par|[from] Spikes
|-weather|Sandstorm
|move|p2a: Keldeo|Scald|p1a: Dinomite
|-supereffective|p1a: Dinomite
|-damage|p1a: Dinomite|59\/341 par
|
|-weather|Sandstorm|[upkeep]
|-damage|p2a: Keldeo|282\/322|[from] sandstorm
|-heal|p2a: Keldeo|302\/322|[from] item: Leftovers
|turn|26
|
|move|p2a: Keldeo|Scald|p1a: Dinomite
|-supereffective|p1a: Dinomite
|-damage|p1a: Dinomite|0 fnt
|faint|p1a: Dinomite
|
|-weather|Sandstorm|[upkeep]
|-damage|p2a: Keldeo|282\/322|[from] sandstorm
|-heal|p2a: Keldeo|302\/322|[from] item: Leftovers
|
|switch|p1a: Water Bomb|Azumarill, M|285\/401
|-damage|p1a: Water Bomb|235\/401|[from] Spikes
|turn|27
|
|switch|p2a: Venusaur|Venusaur-Mega, M|342\/364
|-damage|p2a: Venusaur|297\/364|[from] Stealth Rock
|switch|p1a: Nimbus|Landorus, M, shiny|319\/319
|
|-weather|Sandstorm|[upkeep]
|-damage|p2a: Venusaur|275\/364|[from] sandstorm
|turn|28
|
|switch|p2a: Chansey|Chansey, F|660\/704
|-damage|p2a: Chansey|572\/704|[from] Stealth Rock
|move|p1a: Nimbus|Earth Power|p2a: Chansey
|-crit|p2a: Chansey
|-damage|p2a: Chansey|326\/704
|
|-weather|Sandstorm|[upkeep]
|-damage|p2a: Chansey|282\/704|[from] sandstorm
|turn|29
|
|switch|p1a: Sgt Pepper|Heracross-Mega, M|232\/308
|-damage|p1a: Sgt Pepper|194\/308|[from] Spikes
|move|p2a: Chansey|Thunder Wave|p1a: Sgt Pepper
|-status|p1a: Sgt Pepper|par
|
|-weather|none
|turn|30
|
|switch|p2a: Venusaur|Venusaur-Mega, M|275\/364
|-damage|p2a: Venusaur|230\/364|[from] Stealth Rock
|cant|p1a: Sgt Pepper|par
|
|turn|31
|
|move|p2a: Venusaur|Leech Seed|p1a: Sgt Pepper
|-start|p1a: Sgt Pepper|move: Leech Seed
|cant|p1a: Sgt Pepper|par
|
|-damage|p1a: Sgt Pepper|156\/308 par|[from] Leech Seed|[of] p2a: Venusaur
|-heal|p2a: Venusaur|268\/364|[silent]
|turn|32
|
|switch|p1a: Nimbus|Landorus, M, shiny|319\/319
|move|p2a: Venusaur|Hidden Power|p1a: Nimbus
|-damage|p1a: Nimbus|252\/319
|
|turn|33
|
|switch|p2a: Chansey|Chansey, F|282\/704
|-damage|p2a: Chansey|194\/704|[from] Stealth Rock
|move|p1a: Nimbus|Psychic|p2a: Chansey
|-crit|p2a: Chansey
|-damage|p2a: Chansey|32\/704
|
|turn|34
|
|move|p1a: Nimbus|Earth Power|p2a: Chansey
|-damage|p2a: Chansey|0 fnt
|faint|p2a: Chansey
|
|join|Zenzo
|
|switch|p2a: Keldeo|Keldeo|302\/322
|-damage|p2a: Keldeo|282\/322|[from] Stealth Rock
|turn|35
|
|switch|p1a: Sgt Pepper|Heracross-Mega, M|156\/308 par
|-damage|p1a: Sgt Pepper|118\/308 par|[from] Spikes
|move|p2a: Keldeo|Scald|p1a: Sgt Pepper
|-damage|p1a: Sgt Pepper|0 fnt
|faint|p1a: Sgt Pepper
|
|-heal|p2a: Keldeo|302\/322|[from] item: Leftovers
|
|switch|p1a: Water Bomb|Azumarill, M|235\/401
|-damage|p1a: Water Bomb|185\/401|[from] Spikes
|turn|36
|
|switch|p2a: Venusaur|Venusaur-Mega, M|268\/364
|-damage|p2a: Venusaur|223\/364|[from] Stealth Rock
|switch|p1a: Nimbus|Landorus, M, shiny|252\/319
|
|turn|37
|c|âwill i lose|damn it
|c|âwill i lose|i clicked cancel on scald
|
|switch|p2a: Bisharp|Bisharp, F|259\/296
|-damage|p2a: Bisharp|241\/296|[from] Stealth Rock
|move|p1a: Nimbus|Psychic|p2a: Bisharp
|-immune|p2a: Bisharp|[msg]
|
|-heal|p2a: Bisharp|259\/296|[from] item: Leftovers
|turn|38
|
|move|p2a: Bisharp|Sucker Punch|p1a: Nimbus
|-damage|p1a: Nimbus|93\/319
|move|p1a: Nimbus|Earth Power|p2a: Bisharp
|-supereffective|p2a: Bisharp
|-damage|p2a: Bisharp|0 fnt
|faint|p2a: Bisharp
|
|
|switch|p2a: Keldeo|Keldeo|302\/322
|-damage|p2a: Keldeo|282\/322|[from] Stealth Rock
|turn|39
|
|switch|p1a: Lava Golem|Heatran, F, shiny|323\/323
|-damage|p1a: Lava Golem|283\/323|[from] Spikes
|move|p2a: Keldeo|Scald|p1a: Lava Golem
|-supereffective|p1a: Lava Golem
|-damage|p1a: Lava Golem|0 fnt
|faint|p1a: Lava Golem
|
|-heal|p2a: Keldeo|302\/322|[from] item: Leftovers
|
|switch|p1a: Water Bomb|Azumarill, M|185\/401
|-damage|p1a: Water Bomb|135\/401|[from] Spikes
|turn|40
|c| Zenzo|ew
|c| Zenzo|coinflip
|
|switch|p2a: Venusaur|Venusaur-Mega, M|223\/364
|-damage|p2a: Venusaur|178\/364|[from] Stealth Rock
|switch|p1a: Nimbus|Landorus, M, shiny|93\/319
|
|turn|41
|
|move|p1a: Nimbus|Psychic|p2a: Venusaur
|-supereffective|p2a: Venusaur
|-damage|p2a: Venusaur|0 fnt
|faint|p2a: Venusaur
|
|c|âDark Side of Moon|gg
|
|switch|p2a: Keldeo|Keldeo|302\/322
|-damage|p2a: Keldeo|282\/322|[from] Stealth Rock
|turn|42
|c|âwill i lose|gg fren
|
|move|p2a: Keldeo|Scald|p1a: Nimbus
|-supereffective|p1a: Nimbus
|-damage|p1a: Nimbus|0 fnt
|faint|p1a: Nimbus
|
|-heal|p2a: Keldeo|302\/322|[from] item: Leftovers
|
|switch|p1a: Water Bomb|Azumarill, M|135\/401
|-damage|p1a: Water Bomb|85\/401|[from] Spikes
|turn|43
|
|move|p2a: Keldeo|Secret Sword|p1a: Water Bomb
|-resisted|p1a: Water Bomb
|-damage|p1a: Water Bomb|0 fnt
|faint|p1a: Water Bomb
|
|win|will i lose
|raw|Ladder updating...
|raw|Dark Side of Moon's rating: 1735 &rarr; <strong>1711<\/strong><br \/>(-24 for losing)
|raw|will i lose's rating: 1660 &rarr; <strong>1685<\/strong><br \/>(+25 for winning)
|leave|Dark Side of Moon
|player|p1
|c| Zenzo|gg
|leave|Zenzo