|join|Dark Side of Moon
|join|LT4Y Cronenberg
|player|p1|Dark Side of Moon|161
|player|p2|LT4Y Cronenberg|224
|gametype|singles
|gen|6
|tier|OU
|rated
|clearpoke
|poke|p1|Garchomp, M, shiny
|poke|p1|Tyranitar, M
|poke|p1|Azumarill, M, shiny
|poke|p1|Thundurus, M
|poke|p1|Excadrill, M, shiny
|poke|p1|Heatran, M, shiny
|poke|p2|Garchomp, M
|poke|p2|Crawdaunt, F
|poke|p2|Gengar, M
|poke|p2|Landorus-Therian, M
|poke|p2|Azumarill, M
|poke|p2|Manectric, M
|rule|Swagger Clause: Swagger is banned
|rule|Baton Pass Clause: Limit one PokÃ©mon knowing Baton Pass
|rule|Sleep Clause Mod: Limit one foe put to sleep
|rule|Species Clause: Limit one of each PokÃ©mon
|rule|OHKO Clause: OHKO moves are banned
|rule|Moody Clause: Moody is banned
|rule|Evasion Moves Clause: Evasion moves are banned
|rule|Endless Battle Clause: Forcing endless battles is banned
|rule|HP Percentage Mod: HP is shown in percentages
|teampreview
|
|start
|switch|p1a: Heatran|Heatran, M, shiny|323\/323
|switch|p2a: Landorus-Therian|Landorus-Therian, M|319\/319
|-ability|p2a: Landorus-Therian|Intimidate|[of] p1a: Heatran
|-unboost|p1a: Heatran|atk|1
|-item|p1a: Heatran|Air Balloon
|turn|1
|
|move|p2a: Landorus-Therian|U-turn|p1a: Heatran
|-resisted|p1a: Heatran
|-damage|p1a: Heatran|304\/323
|-enditem|p1a: Heatran|Air Balloon
|
|switch|p2a: Garchomp|Garchomp, M|358\/358
|move|p1a: Heatran|Stealth Rock|p2a: Garchomp
|-sidestart|p2: LT4Y Cronenberg|move: Stealth Rock
|
|turn|2
|
|move|p2a: Garchomp|Stealth Rock|p1a: Heatran
|-sidestart|p1: Dark Side of Moon|move: Stealth Rock
|move|p1a: Heatran|Hidden Power|p2a: Garchomp
|-supereffective|p2a: Garchomp
|-damage|p2a: Garchomp|38\/358
|
|turn|3
|
|switch|p1a: Thundurus|Thundurus, M|299\/299
|-damage|p1a: Thundurus|225\/299|[from] Stealth Rock
|move|p2a: Garchomp|Outrage|p1a: Thundurus
|-damage|p1a: Thundurus|0 fnt
|faint|p1a: Thundurus
|
|
|switch|p1a: Heatran|Heatran, M, shiny|304\/323
|-damage|p1a: Heatran|264\/323|[from] Stealth Rock
|turn|4
|
|move|p2a: Garchomp|Outrage|p1a: Heatran
|-crit|p1a: Heatran
|-resisted|p1a: Heatran
|-damage|p1a: Heatran|102\/323
|move|p1a: Heatran|Hidden Power|p2a: Garchomp
|-supereffective|p2a: Garchomp
|-damage|p2a: Garchomp|0 fnt
|faint|p2a: Garchomp
|
|
|switch|p2a: Gengar|Gengar, M|261\/261
|-damage|p2a: Gengar|229\/261|[from] Stealth Rock
|turn|5
|
|move|p2a: Gengar|Shadow Ball|p1a: Heatran
|-damage|p1a: Heatran|0 fnt
|-damage|p2a: Gengar|203\/261|[from] item: Life Orb
|faint|p1a: Heatran
|
|
|switch|p1a: Tyranitar|Tyranitar, M|341\/341
|-damage|p1a: Tyranitar|299\/341|[from] Stealth Rock
|-weather|Sandstorm
|turn|6
|
|move|p1a: Tyranitar|Crunch|p2a: Gengar
|-supereffective|p2a: Gengar
|-damage|p2a: Gengar|0 fnt
|faint|p2a: Gengar
|
|-weather|Sandstorm|[upkeep]
|
|switch|p2a: Crawdaunt|Crawdaunt, F|267\/267
|-damage|p2a: Crawdaunt|234\/267|[from] Stealth Rock
|turn|7
|
|move|p1a: Tyranitar|Crunch|p2a: Crawdaunt
|-resisted|p2a: Crawdaunt
|-damage|p2a: Crawdaunt|152\/267
|move|p2a: Crawdaunt|Swords Dance|p2a: Crawdaunt
|-boost|p2a: Crawdaunt|atk|2
|
|-weather|Sandstorm|[upkeep]
|-damage|p2a: Crawdaunt|136\/267|[from] sandstorm
|turn|8
|
|switch|p1a: Azumarill|Azumarill, M, shiny|381\/381
|-damage|p1a: Azumarill|334\/381|[from] Stealth Rock
|move|p2a: Crawdaunt|Aqua Jet|p1a: Azumarill
|-resisted|p1a: Azumarill
|-damage|p1a: Azumarill|198\/381
|-damage|p2a: Crawdaunt|110\/267|[from] item: Life Orb
|
|-weather|Sandstorm|[upkeep]
|-damage|p2a: Crawdaunt|94\/267|[from] sandstorm
|-damage|p1a: Azumarill|175\/381|[from] sandstorm
|turn|9
|
|move|p1a: Azumarill|Aqua Jet|p2a: Crawdaunt
|-resisted|p2a: Crawdaunt
|-damage|p2a: Crawdaunt|13\/267
|move|p2a: Crawdaunt|Crabhammer|p1a: Azumarill|[miss]
|-miss|p2a: Crawdaunt|p1a: Azumarill
|
|-weather|Sandstorm|[upkeep]
|-damage|p2a: Crawdaunt|0 fnt|[from] sandstorm
|-damage|p1a: Azumarill|152\/381|[from] sandstorm
|faint|p2a: Crawdaunt
|
|switch|p2a: Manectric|Manectric, M|281\/281
|-damage|p2a: Manectric|246\/281|[from] Stealth Rock
|turn|10
|
|detailschange|p2a: Manectric|Manectric-Mega, M
|message|Manectric has Mega Evolved into Mega Manectric!
|-ability|p2a: Manectric|Intimidate|[of] p1a: Azumarill
|-unboost|p1a: Azumarill|atk|1
|move|p1a: Azumarill|Aqua Jet|p2a: Manectric
|-damage|p2a: Manectric|144\/281
|move|p2a: Manectric|Volt Switch|p1a: Azumarill
|-supereffective|p1a: Azumarill
|-damage|p1a: Azumarill|0 fnt
|faint|p1a: Azumarill
|
|switch|p2a: Landorus-Therian|Landorus-Therian, M|319\/319
|-damage|p2a: Landorus-Therian|280\/319|[from] Stealth Rock
|
|-weather|none
|
|switch|p1a: Tyranitar|Tyranitar, M|299\/341
|-damage|p1a: Tyranitar|257\/341|[from] Stealth Rock
|-weather|Sandstorm
|turn|11
|
|move|p2a: Landorus-Therian|U-turn|p1a: Tyranitar
|-supereffective|p1a: Tyranitar
|-damage|p1a: Tyranitar|89\/341
|
|switch|p2a: Azumarill|Azumarill, M|385\/385
|-damage|p2a: Azumarill|337\/385|[from] Stealth Rock
|move|p1a: Tyranitar|Stone Edge|p2a: Azumarill
|-damage|p2a: Azumarill|102\/385
|
|-weather|Sandstorm|[upkeep]
|-damage|p2a: Azumarill|78\/385|[from] sandstorm
|turn|12
|
|switch|p1a: Garchomp|Garchomp, M, shiny|358\/358
|-damage|p1a: Garchomp|336\/358|[from] Stealth Rock
|move|p2a: Azumarill|Aqua Jet|p1a: Garchomp
|-damage|p1a: Garchomp|198\/358
|-damage|p2a: Azumarill|30\/385|[from] ability: Rough Skin|[of] p1a: Garchomp
|
|-weather|Sandstorm|[upkeep]
|-damage|p2a: Azumarill|6\/385|[from] sandstorm
|turn|13
|
|detailschange|p1a: Garchomp|Garchomp-Mega, M, shiny
|message|Garchomp has Mega Evolved into Mega Garchomp!
|move|p2a: Azumarill|Aqua Jet|p1a: Garchomp
|-damage|p1a: Garchomp|75\/358
|move|p1a: Garchomp|Stone Edge|p2a: Azumarill
|-crit|p2a: Azumarill
|-damage|p2a: Azumarill|0 fnt
|faint|p2a: Azumarill
|
|-weather|Sandstorm|[upkeep]
|
|switch|p2a: Landorus-Therian|Landorus-Therian, M|280\/319
|-damage|p2a: Landorus-Therian|241\/319|[from] Stealth Rock
|-ability|p2a: Landorus-Therian|Intimidate|[of] p1a: Garchomp
|-unboost|p1a: Garchomp|atk|1
|turn|14
|
|move|p2a: Landorus-Therian|Earthquake|p1a: Garchomp
|-damage|p1a: Garchomp|0 fnt
|faint|p1a: Garchomp
|
|-weather|Sandstorm|[upkeep]
|
|switch|p1a: Excadrill|Excadrill, M, shiny|361\/361
|-damage|p1a: Excadrill|350\/361|[from] Stealth Rock
|turn|15
|
|switch|p2a: Manectric|Manectric-Mega, M|144\/281
|-damage|p2a: Manectric|109\/281|[from] Stealth Rock
|-ability|p2a: Manectric|Intimidate|[of] p1a: Excadrill
|-unboost|p1a: Excadrill|atk|1
|move|p1a: Excadrill|Iron Head|p2a: Manectric
|-resisted|p2a: Manectric
|-damage|p2a: Manectric|18\/281
|-damage|p1a: Excadrill|314\/361|[from] item: Life Orb
|
|-weather|none
|turn|16
|
|switch|p1a: Tyranitar|Tyranitar, M|89\/341
|-damage|p1a: Tyranitar|47\/341|[from] Stealth Rock
|-weather|Sandstorm
|move|p2a: Manectric|Thunderbolt|p1a: Tyranitar
|-damage|p1a: Tyranitar|0 fnt
|faint|p1a: Tyranitar
|
|-weather|Sandstorm|[upkeep]
|-damage|p2a: Manectric|1\/281|[from] sandstorm
|
|switch|p1a: Excadrill|Excadrill, M, shiny|314\/361
|-damage|p1a: Excadrill|303\/361|[from] Stealth Rock
|turn|17
|
|move|p1a: Excadrill|Iron Head|p2a: Manectric
|-resisted|p2a: Manectric
|-damage|p2a: Manectric|0 fnt
|-damage|p1a: Excadrill|267\/361|[from] item: Life Orb
|faint|p2a: Manectric
|
|-weather|Sandstorm|[upkeep]
|
|switch|p2a: Landorus-Therian|Landorus-Therian, M|241\/319
|-damage|p2a: Landorus-Therian|202\/319|[from] Stealth Rock
|-ability|p2a: Landorus-Therian|Intimidate|[of] p1a: Excadrill
|-unboost|p1a: Excadrill|atk|1
|turn|18
|
|move|p1a: Excadrill|Iron Head|p2a: Landorus-Therian
|-damage|p2a: Landorus-Therian|60\/319
|-damage|p1a: Excadrill|231\/361|[from] item: Life Orb
|move|p2a: Landorus-Therian|Earthquake|p1a: Excadrill
|-supereffective|p1a: Excadrill
|-damage|p1a: Excadrill|0 fnt
|faint|p1a: Excadrill
|
|win|LT4Y Cronenberg
|raw|Ladder updating...
|raw|Dark Side of Moon's rating: 1750 &rarr; <strong>1728<\/strong><br \/>(-22 for losing)
|raw|LT4Y Cronenberg's rating: 1720 &rarr; <strong>1741<\/strong><br \/>(+21 for winning)
|c|âDark Side of Moon|gg nub
|leave|Dark Side of Moon
|player|p1