|join|MoB Barley
|join|just forfeit dude
|player|p1|MoB Barley|161
|player|p2|just forfeit dude|265
|gametype|singles
|gen|6
|tier|OU
|rated
|clearpoke
|poke|p1|Heracross, M
|poke|p1|Heatran, F, shiny
|poke|p1|Azumarill, M
|poke|p1|Landorus, M, shiny
|poke|p1|Mew
|poke|p1|Tyranitar, M
|poke|p2|Talonflame, F
|poke|p2|Keldeo
|poke|p2|Ferrothorn, F
|poke|p2|Latias, F
|poke|p2|Manectric, M
|poke|p2|Clefable, M
|rule|Swagger Clause: Swagger is banned
|rule|Baton Pass Clause: Limit one PokÃ©mon knowing Baton Pass
|rule|Sleep Clause Mod: Limit one foe put to sleep
|rule|Species Clause: Limit one of each PokÃ©mon
|rule|OHKO Clause: OHKO moves are banned
|rule|Moody Clause: Moody is banned
|rule|Evasion Moves Clause: Evasion moves are banned
|rule|Endless Battle Clause: Forcing endless battles is banned
|rule|HP Percentage Mod: HP is shown in percentages
|teampreview
|
|start
|switch|p1a: Water Bomb|Azumarill, M|401\/401
|switch|p2a: Manectric|Manectric, M|281\/281
|turn|1
|
|switch|p1a: Nimbus|Landorus, M, shiny|319\/319
|detailschange|p2a: Manectric|Manectric-Mega, M
|message|Manectric has Mega Evolved into Mega Manectric!
|-ability|p2a: Manectric|Intimidate|[of] p1a: Nimbus
|-unboost|p1a: Nimbus|atk|1
|move|p2a: Manectric|Volt Switch|p1a: Nimbus
|-immune|p1a: Nimbus|[msg]
|
|turn|2
|join|iplaytennislol
|
|switch|p2a: Latias|Latias, F|301\/301
|switch|p1a: Dinomite|Tyranitar, M|341\/341
|-weather|Sandstorm
|
|-weather|Sandstorm|[upkeep]
|-damage|p2a: Latias|283\/301|[from] sandstorm
|turn|3
|
|move|p1a: Dinomite|Pursuit|p2a: Latias|[from]Pursuit
|-supereffective|p2a: Latias
|-damage|p2a: Latias|0 fnt
|faint|p2a: Latias
|
|-weather|Sandstorm|[upkeep]
|
|switch|p2a: Keldeo|Keldeo|323\/323
|turn|4
|c| iplaytennislol|hey mob's opponent
|
|switch|p1a: Water Bomb|Azumarill, M|401\/401
|move|p2a: Keldeo|Substitute|p2a: Keldeo
|-start|p2a: Keldeo|Substitute
|-damage|p2a: Keldeo|243\/323
|
|-weather|Sandstorm|[upkeep]
|-damage|p2a: Keldeo|223\/323|[from] sandstorm
|-damage|p1a: Water Bomb|376\/401|[from] sandstorm
|-heal|p2a: Keldeo|243\/323|[from] item: Leftovers
|turn|5
|c| iplaytennislol|just forfeit dude
|c|âjust forfeit dude|?
|c|âjust forfeit dude|haha epic
|
|move|p2a: Keldeo|Scald|p1a: Water Bomb
|-resisted|p1a: Water Bomb
|-damage|p1a: Water Bomb|316\/401
|move|p1a: Water Bomb|Play Rough|p2a: Keldeo
|-crit|p2a: Keldeo
|-supereffective|p2a: Keldeo
|-end|p2a: Keldeo|Substitute
|
|-weather|Sandstorm|[upkeep]
|-damage|p2a: Keldeo|223\/323|[from] sandstorm
|-damage|p1a: Water Bomb|291\/401|[from] sandstorm
|-heal|p2a: Keldeo|243\/323|[from] item: Leftovers
|turn|6
|
|switch|p2a: Ferrothorn|Ferrothorn, F|337\/337
|move|p1a: Water Bomb|Play Rough|p2a: Ferrothorn
|-resisted|p2a: Ferrothorn
|-damage|p2a: Ferrothorn|277\/337
|-damage|p1a: Water Bomb|241\/401|[from] ability: Iron Barbs|[of] p2a: Ferrothorn
|
|-weather|none
|-heal|p2a: Ferrothorn|298\/337|[from] item: Leftovers
|turn|7
|
|switch|p1a: Genetics|Mew|404\/404
|move|p2a: Ferrothorn|Stealth Rock|p1a: Genetics
|-sidestart|p1: MoB Barley|move: Stealth Rock
|
|-heal|p2a: Ferrothorn|319\/337|[from] item: Leftovers
|turn|8
|
|switch|p2a: Talonflame|Talonflame, F|353\/353
|move|p1a: Genetics|Will-O-Wisp|p2a: Talonflame
|-fail|p2a: Talonflame
|
|turn|9
|
|move|p2a: Talonflame|Taunt|p1a: Genetics
|-start|p1a: Genetics|move: Taunt
|cant|p1a: Genetics|move: Taunt|Defog
|
|turn|10
|
|switch|p2a: Keldeo|Keldeo|243\/323
|move|p1a: Genetics|Knock Off|p2a: Keldeo
|-resisted|p2a: Keldeo
|-damage|p2a: Keldeo|198\/323
|-boost|p2a: Keldeo|atk|1|[from] ability: Justified
|-enditem|p2a: Keldeo|Leftovers|[from] move: Knock Off|[of] p1a: Genetics
|
|turn|11
|
|switch|p1a: Sgt Pepper|Heracross, M|308\/308
|-damage|p1a: Sgt Pepper|270\/308|[from] Stealth Rock
|move|p2a: Keldeo|Substitute|p2a: Keldeo
|-start|p2a: Keldeo|Substitute
|-damage|p2a: Keldeo|118\/323
|
|turn|12
|
|detailschange|p1a: Sgt Pepper|Heracross-Mega, M
|message|Heracross has Mega Evolved into Mega Heracross!
|move|p2a: Keldeo|Scald|p1a: Sgt Pepper
|-damage|p1a: Sgt Pepper|126\/308
|move|p1a: Sgt Pepper|Bullet Seed|p2a: Keldeo
|-supereffective|p2a: Keldeo
|-end|p2a: Keldeo|Substitute
|-supereffective|p2a: Keldeo
|-damage|p2a: Keldeo|26\/323
|-supereffective|p2a: Keldeo
|-damage|p2a: Keldeo|0 fnt
|-hitcount|p2a: Keldeo|3
|faint|p2a: Keldeo
|
|
|switch|p2a: Manectric|Manectric-Mega, M|281\/281
|-ability|p2a: Manectric|Intimidate|[of] p1a: Sgt Pepper
|-unboost|p1a: Sgt Pepper|atk|1
|turn|13
|
|switch|p1a: Genetics|Mew|404\/404
|-damage|p1a: Genetics|354\/404|[from] Stealth Rock
|move|p2a: Manectric|Thunderbolt|p1a: Genetics
|-damage|p1a: Genetics|201\/404
|
|-heal|p1a: Genetics|226\/404|[from] item: Leftovers
|turn|14
|
|switch|p2a: Talonflame|Talonflame, F|353\/353
|move|p1a: Genetics|Defog|p2a: Talonflame
|-unboost|p2a: Talonflame|evasion|1
|-sideend|p1: MoB Barley|Stealth Rock|[from] move: Defog|[of] p1a: Genetics
|
|-heal|p1a: Genetics|251\/404|[from] item: Leftovers
|turn|15
|join|Murkrow Saturn
|
|switch|p1a: Lava Golem|Heatran, F, shiny|323\/323
|move|p2a: Talonflame|Will-O-Wisp|p1a: Lava Golem
|-start|p1a: Lava Golem|ability: Flash Fire
|
|turn|16
|join|Time Stall
|
|move|p1a: Lava Golem|Ancient Power|p2a: Talonflame
|-supereffective|p2a: Talonflame
|-damage|p2a: Talonflame|0 fnt
|faint|p2a: Talonflame
|
|c|âMoB Barley|BOP
|
|switch|p2a: Clefable|Clefable, M|384\/384
|turn|17
|c| Time Stall|Oh no
|c| Time Stall|Mob plzzz
|c| iplaytennislol|lol
|join|Ol'DirtyHabastard
|
|switch|p1a: Nimbus|Landorus, M, shiny|319\/319
|move|p2a: Clefable|Calm Mind|p2a: Clefable
|-boost|p2a: Clefable|spa|1
|-boost|p2a: Clefable|spd|1
|
|turn|18
|
|switch|p1a: Lava Golem|Heatran, F, shiny|323\/323
|move|p2a: Clefable|Calm Mind|p2a: Clefable
|-boost|p2a: Clefable|spa|1
|-boost|p2a: Clefable|spd|1
|
|turn|19
|join|araceil
|
|move|p1a: Lava Golem|Flash Cannon|p2a: Clefable
|-supereffective|p2a: Clefable
|-damage|p2a: Clefable|220\/384
|move|p2a: Clefable|Stored Power|p1a: Lava Golem
|-resisted|p1a: Lava Golem
|-damage|p1a: Lava Golem|252\/323
|
|-heal|p2a: Clefable|244\/384|[from] item: Leftovers
|turn|20
|c| araceil|0
|
|move|p1a: Lava Golem|Flash Cannon|p2a: Clefable
|-supereffective|p2a: Clefable
|-damage|p2a: Clefable|104\/384
|move|p2a: Clefable|Soft-Boiled|p2a: Clefable
|-heal|p2a: Clefable|296\/384
|
|-heal|p2a: Clefable|320\/384|[from] item: Leftovers
|turn|21
|c| araceil|go ahead 
|
|move|p1a: Lava Golem|Flash Cannon|p2a: Clefable
|-supereffective|p2a: Clefable
|-damage|p2a: Clefable|170\/384
|move|p2a: Clefable|Soft-Boiled|p2a: Clefable
|-heal|p2a: Clefable|362\/384
|
|-heal|p2a: Clefable|384\/384|[from] item: Leftovers
|turn|22
|
|switch|p2a: Ferrothorn|Ferrothorn, F|319\/337
|move|p1a: Lava Golem|Flash Cannon|p2a: Ferrothorn
|-resisted|p2a: Ferrothorn
|-damage|p2a: Ferrothorn|262\/337
|
|-heal|p2a: Ferrothorn|283\/337|[from] item: Leftovers
|turn|23
|
|switch|p1a: Sgt Pepper|Heracross-Mega, M|126\/308
|move|p2a: Ferrothorn|Leech Seed|p1a: Sgt Pepper
|-start|p1a: Sgt Pepper|move: Leech Seed
|
|-heal|p2a: Ferrothorn|304\/337|[from] item: Leftovers
|-damage|p1a: Sgt Pepper|88\/308|[from] Leech Seed|[of] p2a: Ferrothorn
|-heal|p2a: Ferrothorn|337\/337|[silent]
|turn|24
|
|switch|p1a: Lava Golem|Heatran, F, shiny|252\/323
|move|p2a: Ferrothorn|Stealth Rock|p1a: Lava Golem
|-sidestart|p1: MoB Barley|move: Stealth Rock
|
|turn|25
|
|move|p2a: Ferrothorn|Protect|p2a: Ferrothorn
|-singleturn|p2a: Ferrothorn|Protect
|move|p1a: Lava Golem|Overheat|p2a: Ferrothorn
|-activate|p2a: Ferrothorn|Protect
|
|turn|26
|join|Dokkerich
|c| araceil|nigga 
|
|switch|p2a: Clefable|Clefable, M|384\/384
|move|p1a: Lava Golem|Overheat|p2a: Clefable
|-damage|p2a: Clefable|141\/384
|-unboost|p1a: Lava Golem|spa|2
|
|-heal|p2a: Clefable|165\/384|[from] item: Leftovers
|turn|27
|c| araceil|that's a free set up 
|
|switch|p1a: Nimbus|Landorus, M, shiny|319\/319
|-damage|p1a: Nimbus|280\/319|[from] Stealth Rock
|move|p2a: Clefable|Soft-Boiled|p2a: Clefable
|-heal|p2a: Clefable|357\/384
|
|-heal|p2a: Clefable|381\/384|[from] item: Leftovers
|turn|28
|
|switch|p2a: Ferrothorn|Ferrothorn, F|337\/337
|move|p1a: Nimbus|Earth Power|p2a: Ferrothorn
|-crit|p2a: Ferrothorn
|-damage|p2a: Ferrothorn|47\/337
|
|-heal|p2a: Ferrothorn|68\/337|[from] item: Leftovers
|turn|29
|c| araceil|yum
|
|move|p1a: Nimbus|Stealth Rock|p2a: Ferrothorn
|-sidestart|p2: just forfeit dude|move: Stealth Rock
|move|p2a: Ferrothorn|Leech Seed|p1a: Nimbus
|-start|p1a: Nimbus|move: Leech Seed
|
|-heal|p2a: Ferrothorn|89\/337|[from] item: Leftovers
|-damage|p1a: Nimbus|241\/319|[from] Leech Seed|[of] p2a: Ferrothorn
|-heal|p2a: Ferrothorn|128\/337|[silent]
|turn|30
|
|move|p1a: Nimbus|Earth Power|p2a: Ferrothorn
|-damage|p2a: Ferrothorn|0 fnt
|faint|p2a: Ferrothorn
|
|
|switch|p2a: Manectric|Manectric-Mega, M|281\/281
|-damage|p2a: Manectric|246\/281|[from] Stealth Rock
|-ability|p2a: Manectric|Intimidate|[of] p1a: Nimbus
|-unboost|p1a: Nimbus|atk|1
|turn|31
|join|Omegasization
|
|move|p2a: Manectric|Hidden Power|p1a: Nimbus
|-supereffective|p1a: Nimbus
|-damage|p1a: Nimbus|0 fnt
|faint|p1a: Nimbus
|
|
|switch|p1a: Dinomite|Tyranitar, M|341\/341
|-damage|p1a: Dinomite|299\/341|[from] Stealth Rock
|-weather|Sandstorm
|turn|32
|
|move|p2a: Manectric|Thunderbolt|p1a: Dinomite
|-damage|p1a: Dinomite|193\/341
|move|p1a: Dinomite|Pursuit|p2a: Manectric
|-damage|p2a: Manectric|158\/281
|
|-weather|Sandstorm|[upkeep]
|-damage|p2a: Manectric|141\/281|[from] sandstorm
|turn|33
|
|move|p2a: Manectric|Thunderbolt|p1a: Dinomite
|-crit|p1a: Dinomite
|-damage|p1a: Dinomite|36\/341
|move|p1a: Dinomite|Pursuit|p2a: Manectric
|-damage|p2a: Manectric|57\/281
|
|-weather|Sandstorm|[upkeep]
|-damage|p2a: Manectric|40\/281|[from] sandstorm
|turn|34
|
|switch|p1a: Water Bomb|Azumarill, M|241\/401
|-damage|p1a: Water Bomb|191\/401|[from] Stealth Rock
|move|p2a: Manectric|Thunderbolt|p1a: Water Bomb
|-supereffective|p1a: Water Bomb
|-damage|p1a: Water Bomb|0 fnt
|faint|p1a: Water Bomb
|
|-weather|Sandstorm|[upkeep]
|-damage|p2a: Manectric|23\/281|[from] sandstorm
|
|switch|p1a: Lava Golem|Heatran, F, shiny|252\/323
|-damage|p1a: Lava Golem|212\/323|[from] Stealth Rock
|turn|35
|c| Murkrow Saturn|outplayed
|c| Murkrow Saturn|#rip2014
|
|move|p1a: Lava Golem|Flash Cannon|p2a: Manectric
|-resisted|p2a: Manectric
|-damage|p2a: Manectric|0 fnt
|faint|p2a: Manectric
|
|-weather|Sandstorm|[upkeep]
|
|switch|p2a: Clefable|Clefable, M|381\/384
|turn|36
|
|move|p1a: Lava Golem|Flash Cannon|p2a: Clefable
|-supereffective|p2a: Clefable
|-damage|p2a: Clefable|63\/384
|move|p2a: Clefable|Calm Mind|p2a: Clefable
|-boost|p2a: Clefable|spa|1
|-boost|p2a: Clefable|spd|1
|
|-weather|none
|-heal|p2a: Clefable|87\/384|[from] item: Leftovers
|turn|37
|
|move|p1a: Lava Golem|Flash Cannon|p2a: Clefable
|-supereffective|p2a: Clefable
|-damage|p2a: Clefable|0 fnt
|faint|p2a: Clefable
|
|win|MoB Barley
|raw|Ladder updating...
|raw|MoB Barley's rating: 1859 &rarr; <strong>1871<\/strong><br \/>(+12 for winning)
|raw|just forfeit dude's rating: 1710 &rarr; <strong>1698<\/strong><br \/>(-12 for losing)
|c|âMoB Barley|gg
|leave|MoB Barley
|player|p1
|leave|iplaytennislol
|leave|Murkrow Saturn
|leave|araceil
|leave|just forfeit dude
|player|p2
|leave|Dokkerich
|leave|Time Stall
|leave|Ol'DirtyHabastard
|leave|Omegasization