|join|Dark Side of Moon
|join|lt8a d0nut
|player|p1|Dark Side of Moon|161
|player|p2|lt8a d0nut|102
|gametype|singles
|gen|6
|tier|OU
|rated
|clearpoke
|poke|p1|Heracross, M
|poke|p1|Heatran, F, shiny
|poke|p1|Azumarill, M
|poke|p1|Landorus, M, shiny
|poke|p1|Mew
|poke|p1|Tyranitar, M
|poke|p2|Azumarill, F
|poke|p2|Landorus-Therian, M
|poke|p2|Greninja, F
|poke|p2|Gengar, M
|poke|p2|Mamoswine, F
|poke|p2|Manectric, M
|rule|Swagger Clause: Swagger is banned
|rule|Baton Pass Clause: Limit one PokÃ©mon knowing Baton Pass
|rule|Sleep Clause Mod: Limit one foe put to sleep
|rule|Species Clause: Limit one of each PokÃ©mon
|rule|OHKO Clause: OHKO moves are banned
|rule|Moody Clause: Moody is banned
|rule|Evasion Moves Clause: Evasion moves are banned
|rule|Endless Battle Clause: Forcing endless battles is banned
|rule|HP Percentage Mod: HP is shown in percentages
|teampreview
|
|start
|switch|p1a: Sgt Pepper|Heracross, M|308\/308
|switch|p2a: Mamoswine|Mamoswine, F|362\/362
|turn|1
|
|detailschange|p1a: Sgt Pepper|Heracross-Mega, M
|message|Heracross has Mega Evolved into Mega Heracross!
|move|p2a: Mamoswine|Stealth Rock|p1a: Sgt Pepper
|-sidestart|p1: Dark Side of Moon|move: Stealth Rock
|move|p1a: Sgt Pepper|Bullet Seed|p2a: Mamoswine
|-supereffective|p2a: Mamoswine
|-damage|p2a: Mamoswine|250\/362
|-supereffective|p2a: Mamoswine
|-damage|p2a: Mamoswine|142\/362
|-supereffective|p2a: Mamoswine
|-damage|p2a: Mamoswine|42\/362
|-supereffective|p2a: Mamoswine
|-damage|p2a: Mamoswine|0 fnt
|-hitcount|p2a: Mamoswine|4
|faint|p2a: Mamoswine
|
|
|switch|p2a: Manectric|Manectric, M|281\/281
|turn|2
|join|Liem A
|
|detailschange|p2a: Manectric|Manectric-Mega, M
|message|Manectric has Mega Evolved into Mega Manectric!
|-ability|p2a: Manectric|Intimidate|[of] p1a: Sgt Pepper
|-unboost|p1a: Sgt Pepper|atk|1
|move|p2a: Manectric|Volt Switch|p1a: Sgt Pepper
|-damage|p1a: Sgt Pepper|193\/308
|
|switch|p2a: Landorus-Therian|Landorus-Therian, M|325\/325
|-ability|p2a: Landorus-Therian|Intimidate|[of] p1a: Sgt Pepper
|-unboost|p1a: Sgt Pepper|atk|1
|move|p1a: Sgt Pepper|Rock Blast|p2a: Landorus-Therian
|-damage|p2a: Landorus-Therian|303\/325
|-damage|p2a: Landorus-Therian|280\/325
|-damage|p2a: Landorus-Therian|254\/325
|-damage|p2a: Landorus-Therian|232\/325
|-damage|p2a: Landorus-Therian|210\/325
|-hitcount|p2a: Landorus-Therian|5
|
|turn|3
|
|switch|p1a: Lava Golem|Heatran, F, shiny|323\/323
|-damage|p1a: Lava Golem|283\/323|[from] Stealth Rock
|move|p2a: Landorus-Therian|Stone Edge|p1a: Lava Golem
|-damage|p1a: Lava Golem|162\/323
|
|turn|4
|
|switch|p2a: Azumarill|Azumarill, F|399\/399
|switch|p1a: Genetics|Mew|404\/404
|-damage|p1a: Genetics|354\/404|[from] Stealth Rock
|
|-heal|p1a: Genetics|379\/404|[from] item: Leftovers
|turn|5
|
|move|p1a: Genetics|Will-O-Wisp|p2a: Azumarill
|-status|p2a: Azumarill|brn
|move|p2a: Azumarill|Knock Off|p1a: Genetics
|-supereffective|p1a: Genetics
|-damage|p1a: Genetics|255\/404
|-enditem|p1a: Genetics|Leftovers|[from] move: Knock Off|[of] p2a: Azumarill
|
|-damage|p2a: Azumarill|350\/399 brn|[from] brn
|turn|6
|
|switch|p2a: Greninja|Greninja, F|285\/285
|move|p1a: Genetics|Defog|p2a: Greninja
|-unboost|p2a: Greninja|evasion|1
|-sideend|p1: Dark Side of Moon|Stealth Rock|[from] move: Defog|[of] p1a: Genetics
|
|turn|7
|
|switch|p1a: Water Bomb|Azumarill, M|401\/401
|move|p2a: Greninja|Dark Pulse|p1a: Water Bomb
|-start|p2a: Greninja|typechange|Dark|[from] Protean
|-resisted|p1a: Water Bomb
|-damage|p1a: Water Bomb|343\/401
|-damage|p2a: Greninja|257\/285|[from] item: Life Orb
|
|turn|8
|
|move|p2a: Greninja|Hidden Power|p1a: Water Bomb
|-start|p2a: Greninja|typechange|Grass|[from] Protean
|-supereffective|p1a: Water Bomb
|-damage|p1a: Water Bomb|148\/401
|-damage|p2a: Greninja|229\/285|[from] item: Life Orb
|move|p1a: Water Bomb|Play Rough|p2a: Greninja
|-damage|p2a: Greninja|0 fnt
|faint|p2a: Greninja
|
|
|switch|p2a: Gengar|Gengar, M|259\/259
|turn|9
|
|switch|p1a: Dinomite|Tyranitar, M|341\/341
|-weather|Sandstorm
|move|p2a: Gengar|Sludge Wave|p1a: Dinomite
|-resisted|p1a: Dinomite
|-damage|p1a: Dinomite|266\/341
|-damage|p2a: Gengar|234\/259|[from] item: Life Orb
|
|-weather|Sandstorm|[upkeep]
|-damage|p2a: Gengar|218\/259|[from] sandstorm
|turn|10
|
|move|p1a: Dinomite|Pursuit|p2a: Gengar
|-supereffective|p2a: Gengar
|-damage|p2a: Gengar|12\/259
|move|p2a: Gengar|Focus Blast|p1a: Dinomite
|-supereffective|p1a: Dinomite
|-damage|p1a: Dinomite|0 fnt
|-damage|p2a: Gengar|0 fnt|[from] item: Life Orb
|faint|p1a: Dinomite
|faint|p2a: Gengar
|
|-weather|Sandstorm|[upkeep]
|
|switch|p1a: Lava Golem|Heatran, F, shiny|162\/323
|switch|p2a: Manectric|Manectric-Mega, M|281\/281
|-ability|p2a: Manectric|Intimidate|[of] p1a: Lava Golem
|-unboost|p1a: Lava Golem|atk|1
|turn|11
|
|move|p1a: Lava Golem|Overheat|p2a: Manectric
|-damage|p2a: Manectric|17\/281
|-unboost|p1a: Lava Golem|spa|2
|move|p2a: Manectric|Volt Switch|p1a: Lava Golem
|-damage|p1a: Lava Golem|33\/323
|
|switch|p2a: Azumarill|Azumarill, F|350\/399 brn
|
|-weather|Sandstorm|[upkeep]
|-damage|p2a: Azumarill|326\/399 brn|[from] sandstorm
|-damage|p2a: Azumarill|277\/399 brn|[from] brn
|turn|12
|
|switch|p1a: Genetics|Mew|255\/404
|move|p2a: Azumarill|Play Rough|p1a: Genetics|[miss]
|-miss|p2a: Azumarill|p1a: Genetics
|
|-weather|Sandstorm|[upkeep]
|-damage|p1a: Genetics|230\/404|[from] sandstorm
|-damage|p2a: Azumarill|253\/399 brn|[from] sandstorm
|-damage|p2a: Azumarill|204\/399 brn|[from] brn
|turn|13
|
|switch|p2a: Landorus-Therian|Landorus-Therian, M|210\/325
|-ability|p2a: Landorus-Therian|Intimidate|[of] p1a: Genetics
|-unboost|p1a: Genetics|atk|1
|move|p1a: Genetics|Roost|p1a: Genetics
|-heal|p1a: Genetics|404\/404
|
|-weather|none
|turn|14
|
|move|p2a: Landorus-Therian|U-turn|p1a: Genetics
|-supereffective|p1a: Genetics
|-damage|p1a: Genetics|260\/404
|
|switch|p2a: Azumarill|Azumarill, F|204\/399 brn
|move|p1a: Genetics|Knock Off|p2a: Azumarill
|-resisted|p2a: Azumarill
|-damage|p2a: Azumarill|173\/399 brn
|-enditem|p2a: Azumarill|Assault Vest|[from] move: Knock Off|[of] p1a: Genetics
|
|-damage|p2a: Azumarill|124\/399 brn|[from] brn
|turn|15
|
|move|p1a: Genetics|Roost|p1a: Genetics
|-heal|p1a: Genetics|404\/404
|move|p2a: Azumarill|Play Rough|p1a: Genetics
|-damage|p1a: Genetics|319\/404
|
|-damage|p2a: Azumarill|75\/399 brn|[from] brn
|turn|16
|
|switch|p1a: Nimbus|Landorus, M, shiny|319\/319
|move|p2a: Azumarill|Play Rough|p1a: Nimbus
|-damage|p1a: Nimbus|208\/319
|
|-damage|p2a: Azumarill|26\/399 brn|[from] brn
|turn|17
|
|move|p2a: Azumarill|Aqua Jet|p1a: Nimbus
|-supereffective|p1a: Nimbus
|-damage|p1a: Nimbus|110\/319
|move|p1a: Nimbus|Stealth Rock|p2a: Azumarill
|-sidestart|p2: lt8a d0nut|move: Stealth Rock
|
|-damage|p2a: Azumarill|0 fnt|[from] brn
|faint|p2a: Azumarill
|
|switch|p2a: Landorus-Therian|Landorus-Therian, M|210\/325
|-damage|p2a: Landorus-Therian|170\/325|[from] Stealth Rock
|-ability|p2a: Landorus-Therian|Intimidate|[of] p1a: Nimbus
|-unboost|p1a: Nimbus|atk|1
|turn|18
|
|move|p2a: Landorus-Therian|Stone Edge|p1a: Nimbus
|-damage|p1a: Nimbus|0 fnt
|faint|p1a: Nimbus
|
|
|switch|p1a: Sgt Pepper|Heracross-Mega, M|193\/308
|turn|19
|
|move|p2a: Landorus-Therian|Stone Edge|p1a: Sgt Pepper
|-damage|p1a: Sgt Pepper|79\/308
|move|p1a: Sgt Pepper|Bullet Seed|p2a: Landorus-Therian
|-damage|p2a: Landorus-Therian|125\/325
|-damage|p2a: Landorus-Therian|78\/325
|-damage|p2a: Landorus-Therian|31\/325
|-damage|p2a: Landorus-Therian|0 fnt
|-hitcount|p2a: Landorus-Therian|4
|faint|p2a: Landorus-Therian
|
|-message|lt8a d0nut forfeited.
|
|win|Dark Side of Moon
|raw|Ladder updating...
|leave|lt8a d0nut
|player|p2
|raw|Dark Side of Moon's rating: 1784 &rarr; <strong>1803<\/strong><br \/>(+19 for winning)
|raw|lt8a d0nut's rating: 1760 &rarr; <strong>1741<\/strong><br \/>(-19 for losing)
|leave|Dark Side of Moon
|player|p1