|join|good blunts
|join|Dark Side of Moon
|player|p1|good blunts|125
|player|p2|Dark Side of Moon|161
|gametype|singles
|gen|6
|tier|OU
|rated
|clearpoke
|poke|p1|Magnezone
|poke|p1|Garchomp, M
|poke|p1|Azumarill, M, shiny
|poke|p1|Pinsir, F, shiny
|poke|p1|Latias, F, shiny
|poke|p1|Diggersby, F, shiny
|poke|p2|Diggersby, M
|poke|p2|Gyarados, M, shiny
|poke|p2|Magnezone
|poke|p2|Heatran, F
|poke|p2|Cloyster, M, shiny
|poke|p2|Gengar, M, shiny
|rule|Swagger Clause: Swagger is banned
|rule|Baton Pass Clause: Limit one PokÃ©mon knowing Baton Pass
|rule|Sleep Clause Mod: Limit one foe put to sleep
|rule|Species Clause: Limit one of each PokÃ©mon
|rule|OHKO Clause: OHKO moves are banned
|rule|Moody Clause: Moody is banned
|rule|Evasion Moves Clause: Evasion moves are banned
|rule|Endless Battle Clause: Forcing endless battles is banned
|rule|HP Percentage Mod: HP is shown in percentages
|teampreview
|
|start
|switch|p1a: Azumarill|Azumarill, M, shiny|345\/345
|switch|p2a: Gyarados|Gyarados, M, shiny|353\/353
|-ability|p2a: Gyarados|Intimidate|[of] p1a: Azumarill
|-unboost|p1a: Azumarill|atk|1
|turn|1
|
|switch|p2a: Heatran|Heatran, F|386\/386
|move|p1a: Azumarill|Play Rough|p2a: Heatran|[miss]
|-miss|p1a: Azumarill|p2a: Heatran
|
|turn|2
|
|move|p2a: Heatran|Will-O-Wisp|p1a: Azumarill
|-status|p1a: Azumarill|brn
|move|p1a: Azumarill|Waterfall|p2a: Heatran
|-supereffective|p2a: Heatran
|-damage|p2a: Heatran|276\/386
|
|-heal|p2a: Heatran|300\/386|[from] item: Leftovers
|-damage|p1a: Azumarill|302\/345 brn|[from] brn
|turn|3
|
|move|p2a: Heatran|Stealth Rock|p1a: Azumarill
|-sidestart|p1: good blunts|move: Stealth Rock
|move|p1a: Azumarill|Knock Off|p2a: Heatran
|-damage|p2a: Heatran|253\/386
|-enditem|p2a: Heatran|Leftovers|[from] move: Knock Off|[of] p1a: Azumarill
|
|-damage|p1a: Azumarill|259\/345 brn|[from] brn
|turn|4
|
|switch|p2a: Gyarados|Gyarados, M, shiny|353\/353
|-ability|p2a: Gyarados|Intimidate|[of] p1a: Azumarill
|-unboost|p1a: Azumarill|atk|1
|move|p1a: Azumarill|Waterfall|p2a: Gyarados
|-resisted|p2a: Gyarados
|-damage|p2a: Gyarados|326\/353
|
|-damage|p1a: Azumarill|216\/345 brn|[from] brn
|turn|5
|
|switch|p1a: Latias|Latias, F, shiny|301\/301
|-damage|p1a: Latias|264\/301|[from] Stealth Rock
|move|p2a: Gyarados|Dragon Dance|p2a: Gyarados
|-boost|p2a: Gyarados|atk|1
|-boost|p2a: Gyarados|spe|1
|
|turn|6
|
|detailschange|p2a: Gyarados|Gyarados-Mega, M, shiny
|message|Gyarados has Mega Evolved into Mega Gyarados!
|-ability|p2a: Gyarados|Mold Breaker
|move|p2a: Gyarados|Ice Fang|p1a: Latias
|-supereffective|p1a: Latias
|-damage|p1a: Latias|0 fnt
|faint|p1a: Latias
|
|c|âDark Side of Moon|gg no re
|c|âgood blunts|D;
|
|switch|p1a: Garchomp|Garchomp, M|357\/357
|-damage|p1a: Garchomp|335\/357|[from] Stealth Rock
|turn|7
|c|âgood blunts|funny thing, i got rekt by mega gyrados last game too
|
|move|p2a: Gyarados|Ice Fang|p1a: Garchomp
|-supereffective|p1a: Garchomp
|-damage|p1a: Garchomp|0 fnt
|-damage|p2a: Gyarados|282\/353|[from] ability: Rough Skin|[of] p1a: Garchomp
|faint|p1a: Garchomp
|
|c|âDark Side of Moon|the biggest flaw
|c|âDark Side of Moon|to ur team
|
|switch|p1a: GOOD BLUNTS|Magnezone|281\/281
|-damage|p1a: GOOD BLUNTS|264\/281|[from] Stealth Rock
|turn|8
|c|âDark Side of Moon|is rotom w
|
|move|p2a: Gyarados|Earthquake|p1a: GOOD BLUNTS
|-supereffective|p1a: GOOD BLUNTS
|-damage|p1a: GOOD BLUNTS|0 fnt
|faint|p1a: GOOD BLUNTS
|
|
|switch|p1a: Diggersby|Diggersby, F, shiny|311\/311
|-damage|p1a: Diggersby|292\/311|[from] Stealth Rock
|turn|9
|
|move|p2a: Gyarados|Waterfall|p1a: Diggersby
|-supereffective|p1a: Diggersby
|-damage|p1a: Diggersby|0 fnt
|faint|p1a: Diggersby
|
|
|switch|p1a: Pinsir|Pinsir, F, shiny|275\/275
|-damage|p1a: Pinsir|207\/275|[from] Stealth Rock
|turn|10
|c|âgood blunts|wtf is this
|c|âgood blunts|too powerful
|
|detailschange|p1a: Pinsir|Pinsir-Mega, F, shiny
|message|Pinsir has Mega Evolved into Mega Pinsir!
|move|p2a: Gyarados|Waterfall|p1a: Pinsir
|-damage|p1a: Pinsir|0 fnt
|faint|p1a: Pinsir
|
|
|switch|p1a: Azumarill|Azumarill, M, shiny|216\/345 brn
|-damage|p1a: Azumarill|173\/345 brn|[from] Stealth Rock
|turn|11
|
|move|p2a: Gyarados|Earthquake|p1a: Azumarill
|-damage|p1a: Azumarill|0 fnt
|faint|p1a: Azumarill
|
|win|Dark Side of Moon
|raw|Ladder updating...
|raw|good blunts's rating: 1586 &rarr; <strong>1566<\/strong><br \/>(-20 for losing)
|raw|Dark Side of Moon's rating: 1600 &rarr; <strong>1619<\/strong><br \/>(+19 for winning)
|c|âgood blunts|gg?
|c|âDark Side of Moon|i guess