|join|Dark Side of Moon
|join|MaskedMan
|player|p1|Dark Side of Moon|161
|player|p2|MaskedMan|273
|gametype|singles
|gen|6
|tier|OU
|rated
|clearpoke
|poke|p1|Celebi
|poke|p1|Conkeldurr, M, shiny
|poke|p1|Zapdos
|poke|p1|Scizor, M
|poke|p1|Keldeo-Resolute
|poke|p1|Landorus, M, shiny
|poke|p2|Sceptile, M
|poke|p2|Milotic, F
|poke|p2|Entei, shiny
|poke|p2|Excadrill, M
|poke|p2|Togekiss, F, shiny
|poke|p2|Mew, shiny
|rule|Swagger Clause: Swagger is banned
|rule|Baton Pass Clause: Limit one PokÃ©mon knowing Baton Pass
|rule|Sleep Clause Mod: Limit one foe put to sleep
|rule|Species Clause: Limit one of each PokÃ©mon
|rule|OHKO Clause: OHKO moves are banned
|rule|Moody Clause: Moody is banned
|rule|Evasion Moves Clause: Evasion moves are banned
|rule|Endless Battle Clause: Forcing endless battles is banned
|rule|HP Percentage Mod: HP is shown in percentages
|teampreview
|
|start
|switch|p1a: Landorus|Landorus, M, shiny|319\/319
|switch|p2a: Ace|Entei, shiny|371\/371
|-ability|p2a: Ace|Pressure
|turn|1
|
|switch|p2a: Daichi|Mew, shiny|404\/404
|move|p1a: Landorus|Stealth Rock|p2a: Daichi
|-sidestart|p2: MaskedMan|move: Stealth Rock
|
|turn|2
|
|switch|p1a: Celebi|Celebi|404\/404
|move|p2a: Daichi|Knock Off|p1a: Celebi
|-supereffective|p1a: Celebi
|-damage|p1a: Celebi|262\/404
|-enditem|p1a: Celebi|Leftovers|[from] move: Knock Off|[of] p2a: Daichi
|
|turn|3
|
|move|p1a: Celebi|Nasty Plot|p1a: Celebi
|-boost|p1a: Celebi|spa|2
|move|p2a: Daichi|Stealth Rock|p1a: Celebi
|-sidestart|p1: Dark Side of Moon|move: Stealth Rock
|
|turn|4
|
|move|p1a: Celebi|Baton Pass|p1a: Celebi
|
|switch|p1a: Zapdos|Zapdos|383\/383
|-damage|p1a: Zapdos|288\/383|[from] Stealth Rock
|-ability|p1a: Zapdos|Pressure
|move|p2a: Daichi|Will-O-Wisp|p1a: Zapdos
|-status|p1a: Zapdos|brn
|
|-heal|p1a: Zapdos|311\/383 brn|[from] item: Leftovers
|-damage|p1a: Zapdos|264\/383 brn|[from] brn
|turn|5
|
|switch|p2a: Bason|Excadrill, M|361\/361
|-damage|p2a: Bason|350\/361|[from] Stealth Rock
|-ability|p2a: Bason|Mold Breaker
|move|p1a: Zapdos|Thunderbolt|p2a: Bason
|-immune|p2a: Bason|[msg]
|
|-heal|p1a: Zapdos|287\/383 brn|[from] item: Leftovers
|-damage|p1a: Zapdos|240\/383 brn|[from] brn
|turn|6
|
|move|p2a: Bason|Rock Slide|p1a: Zapdos
|-supereffective|p1a: Zapdos
|-damage|p1a: Zapdos|80\/383 brn
|move|p1a: Zapdos|Roost|p1a: Zapdos
|-heal|p1a: Zapdos|272\/383 brn
|
|-heal|p1a: Zapdos|295\/383 brn|[from] item: Leftovers
|-damage|p1a: Zapdos|248\/383 brn|[from] brn
|turn|7
|
|move|p2a: Bason|Rock Slide|p1a: Zapdos
|-supereffective|p1a: Zapdos
|-damage|p1a: Zapdos|94\/383 brn
|move|p1a: Zapdos|Heat Wave|p2a: Bason
|-supereffective|p2a: Bason
|-damage|p2a: Bason|0 fnt
|faint|p2a: Bason
|
|-heal|p1a: Zapdos|117\/383 brn|[from] item: Leftovers
|-damage|p1a: Zapdos|70\/383 brn|[from] brn
|join|Murkrow Jupiter
|
|switch|p2a: Colonel|Sceptile, M|281\/281
|-damage|p2a: Colonel|246\/281|[from] Stealth Rock
|turn|8
|
|detailschange|p2a: Colonel|Sceptile-Mega, M
|-mega|p2a: Colonel|Sceptile|Sceptilite
|move|p2a: Colonel|Dragon Pulse|p1a: Zapdos
|-damage|p1a: Zapdos|0 fnt
|faint|p1a: Zapdos
|
|
|switch|p1a: Celebi|Celebi|262\/404
|-damage|p1a: Celebi|212\/404|[from] Stealth Rock
|turn|9
|
|move|p2a: Colonel|Dragon Pulse|p1a: Celebi
|-damage|p1a: Celebi|85\/404
|move|p1a: Celebi|Recover|p1a: Celebi
|-heal|p1a: Celebi|287\/404
|
|turn|10
|
|switch|p2a: Ace|Entei, shiny|371\/371
|-damage|p2a: Ace|279\/371|[from] Stealth Rock
|-ability|p2a: Ace|Pressure
|move|p1a: Celebi|Baton Pass|p1a: Celebi
|c|âMaskedMan|Jesus
|
|switch|p1a: Keldeo-Resolute|Keldeo-Resolute|323\/323
|-damage|p1a: Keldeo-Resolute|303\/323|[from] Stealth Rock
|
|turn|11
|
|switch|p2a: Karin|Milotic, F|393\/393
|-damage|p2a: Karin|344\/393|[from] Stealth Rock
|move|p1a: Keldeo-Resolute|Scald|p2a: Karin
|-crit|p2a: Karin
|-resisted|p2a: Karin
|-damage|p2a: Karin|254\/393
|
|-heal|p2a: Karin|278\/393|[from] item: Leftovers
|turn|12
|
|switch|p1a: Conkeldurr|Conkeldurr, M, shiny|361\/361
|-damage|p1a: Conkeldurr|339\/361|[from] Stealth Rock
|move|p2a: Karin|Toxic|p1a: Conkeldurr
|-status|p1a: Conkeldurr|tox
|
|-heal|p2a: Karin|302\/393|[from] item: Leftovers
|-damage|p1a: Conkeldurr|317\/361 tox|[from] psn
|turn|13
|c|âMaskedMan|bro
|c|âMaskedMan|my balls
|c|âDark Side of Moon|lmao
|
|move|p2a: Karin|Recover|p2a: Karin
|-heal|p2a: Karin|393\/393
|move|p1a: Conkeldurr|Knock Off|p2a: Karin
|-damage|p2a: Karin|233\/393
|-enditem|p2a: Karin|Leftovers|[from] move: Knock Off|[of] p1a: Conkeldurr
|
|-damage|p1a: Conkeldurr|273\/361 tox|[from] psn
|turn|14
|
|move|p2a: Karin|Recover|p2a: Karin
|-heal|p2a: Karin|393\/393
|move|p1a: Conkeldurr|Drain Punch|p2a: Karin
|-damage|p2a: Karin|204\/393
|-heal|p1a: Conkeldurr|361\/361 tox|[from] drain|[of] p2a: Karin
|
|-damage|p1a: Conkeldurr|295\/361 tox|[from] psn
|turn|15
|
|switch|p1a: Celebi|Celebi|287\/404
|-damage|p1a: Celebi|237\/404|[from] Stealth Rock
|move|p2a: Karin|Recover|p2a: Karin
|-heal|p2a: Karin|393\/393
|
|turn|16
|
|switch|p2a: Ace|Entei, shiny|279\/371
|-damage|p2a: Ace|187\/371|[from] Stealth Rock
|-ability|p2a: Ace|Pressure
|move|p1a: Celebi|Recover|p1a: Celebi
|-heal|p1a: Celebi|404\/404
|
|turn|17
|c|âMaskedMan|yasssss
|c|âMaskedMan|eat this
|
|switch|p1a: Keldeo-Resolute|Keldeo-Resolute|303\/323
|-damage|p1a: Keldeo-Resolute|283\/323|[from] Stealth Rock
|move|p2a: Ace|Sacred Fire|p1a: Keldeo-Resolute
|-resisted|p1a: Keldeo-Resolute
|-damage|p1a: Keldeo-Resolute|161\/323
|-status|p1a: Keldeo-Resolute|brn
|-damage|p2a: Ace|150\/371|[from] item: Life Orb
|
|-damage|p1a: Keldeo-Resolute|121\/323 brn|[from] brn
|turn|18
|
|switch|p1a: Landorus|Landorus, M, shiny|319\/319
|-damage|p1a: Landorus|280\/319|[from] Stealth Rock
|move|p2a: Ace|Extreme Speed|p1a: Landorus
|-damage|p1a: Landorus|146\/319
|-damage|p2a: Ace|113\/371|[from] item: Life Orb
|
|turn|19
|
|switch|p2a: Daichi|Mew, shiny|404\/404
|-damage|p2a: Daichi|354\/404|[from] Stealth Rock
|move|p1a: Landorus|Psychic|p2a: Daichi
|-resisted|p2a: Daichi
|-damage|p2a: Daichi|296\/404
|
|-heal|p2a: Daichi|321\/404|[from] item: Leftovers
|turn|20
|
|move|p1a: Landorus|Earth Power|p2a: Daichi
|-damage|p2a: Daichi|133\/404
|move|p2a: Daichi|Knock Off|p1a: Landorus
|-damage|p1a: Landorus|69\/319
|-enditem|p1a: Landorus|Life Orb|[from] move: Knock Off|[of] p2a: Daichi
|
|-heal|p2a: Daichi|158\/404|[from] item: Leftovers
|turn|21
|
|move|p1a: Landorus|Earth Power|p2a: Daichi
|-damage|p2a: Daichi|26\/404
|move|p2a: Daichi|Soft-Boiled|p2a: Daichi
|-heal|p2a: Daichi|228\/404
|
|-heal|p2a: Daichi|253\/404|[from] item: Leftovers
|turn|22
|
|switch|p1a: Conkeldurr|Conkeldurr, M, shiny|295\/361 tox
|-damage|p1a: Conkeldurr|273\/361 tox|[from] Stealth Rock
|move|p2a: Daichi|Soft-Boiled|p2a: Daichi
|-heal|p2a: Daichi|404\/404
|
|-damage|p1a: Conkeldurr|251\/361 tox|[from] psn
|turn|23
|
|switch|p2a: Karin|Milotic, F|393\/393
|-damage|p2a: Karin|344\/393|[from] Stealth Rock
|move|p1a: Conkeldurr|Drain Punch|p2a: Karin
|-damage|p2a: Karin|148\/393
|-heal|p1a: Conkeldurr|349\/361 tox|[from] drain|[of] p2a: Karin
|
|-damage|p1a: Conkeldurr|305\/361 tox|[from] psn
|turn|24
|
|switch|p1a: Celebi|Celebi|404\/404
|-damage|p1a: Celebi|354\/404|[from] Stealth Rock
|move|p2a: Karin|Recover|p2a: Karin
|-heal|p2a: Karin|345\/393
|
|turn|25
|c|âMaskedMan|This boy
|c|âMaskedMan|oh man
|
|switch|p2a: Daichi|Mew, shiny|404\/404
|-damage|p2a: Daichi|354\/404|[from] Stealth Rock
|move|p1a: Celebi|Baton Pass|p1a: Celebi
|
|switch|p1a: Conkeldurr|Conkeldurr, M, shiny|305\/361 tox
|-damage|p1a: Conkeldurr|283\/361 tox|[from] Stealth Rock
|
|-heal|p2a: Daichi|379\/404|[from] item: Leftovers
|-damage|p1a: Conkeldurr|261\/361 tox|[from] psn
|turn|26
|
|switch|p2a: Karin|Milotic, F|345\/393
|-damage|p2a: Karin|296\/393|[from] Stealth Rock
|move|p1a: Conkeldurr|Knock Off|p2a: Karin
|-damage|p2a: Karin|178\/393
|
|-damage|p1a: Conkeldurr|217\/361 tox|[from] psn
|turn|27
|
|move|p2a: Karin|Recover|p2a: Karin
|-heal|p2a: Karin|375\/393
|move|p1a: Conkeldurr|Drain Punch|p2a: Karin
|-damage|p2a: Karin|189\/393
|-heal|p1a: Conkeldurr|310\/361 tox|[from] drain|[of] p2a: Karin
|
|-damage|p1a: Conkeldurr|244\/361 tox|[from] psn
|turn|28
|
|switch|p1a: Celebi|Celebi|354\/404
|-damage|p1a: Celebi|304\/404|[from] Stealth Rock
|move|p2a: Karin|Recover|p2a: Karin
|-heal|p2a: Karin|386\/393
|
|turn|29
|c|âMaskedMan|stop this celebi madness
|
|switch|p2a: Daichi|Mew, shiny|379\/404
|-damage|p2a: Daichi|329\/404|[from] Stealth Rock
|move|p1a: Celebi|Nasty Plot|p1a: Celebi
|-boost|p1a: Celebi|spa|2
|
|-heal|p2a: Daichi|354\/404|[from] item: Leftovers
|turn|30
|
|move|p1a: Celebi|Giga Drain|p2a: Daichi
|-damage|p2a: Daichi|213\/404
|-heal|p1a: Celebi|375\/404|[from] drain|[of] p2a: Daichi
|move|p2a: Daichi|Knock Off|p1a: Celebi
|-supereffective|p1a: Celebi
|-damage|p1a: Celebi|271\/404
|
|-heal|p2a: Daichi|238\/404|[from] item: Leftovers
|turn|31
|
|move|p1a: Celebi|Nasty Plot|p1a: Celebi
|-boost|p1a: Celebi|spa|2
|move|p2a: Daichi|Soft-Boiled|p2a: Daichi
|-heal|p2a: Daichi|404\/404
|
|turn|32
|c| Murkrow Jupiter|he's about to bop u
|
|move|p1a: Celebi|Giga Drain|p2a: Daichi
|-damage|p2a: Daichi|212\/404
|-heal|p1a: Celebi|367\/404|[from] drain|[of] p2a: Daichi
|move|p2a: Daichi|Will-O-Wisp|p1a: Celebi|[miss]
|-miss|p2a: Daichi|p1a: Celebi
|
|-heal|p2a: Daichi|237\/404|[from] item: Leftovers
|turn|33
|c| Murkrow Jupiter|lmao
|
|move|p1a: Celebi|Nasty Plot|p1a: Celebi
|-boost|p1a: Celebi|spa|2
|move|p2a: Daichi|Soft-Boiled|p2a: Daichi
|-heal|p2a: Daichi|404\/404
|
|turn|34
|
|switch|p2a: Colonel|Sceptile-Mega, M|246\/281
|-damage|p2a: Colonel|211\/281|[from] Stealth Rock
|move|p1a: Celebi|Giga Drain|p2a: Colonel
|-resisted|p2a: Colonel
|-damage|p2a: Colonel|105\/281
|-heal|p1a: Celebi|404\/404|[from] drain|[of] p2a: Colonel
|
|turn|35
|c| Murkrow Jupiter|and mob wins
|c|âMaskedMan|GOOD LORD
|c|âDark Side of Moon|murk
|
|move|p2a: Colonel|Dragon Pulse|p1a: Celebi
|-damage|p1a: Celebi|286\/404
|move|p1a: Celebi|Giga Drain|p2a: Colonel
|-resisted|p2a: Colonel
|-damage|p2a: Colonel|10\/281
|-heal|p1a: Celebi|334\/404|[from] drain|[of] p2a: Colonel
|
|turn|36
|c|âDark Side of Moon|who's number 1
|
|move|p2a: Colonel|Dragon Pulse|p1a: Celebi
|-damage|p1a: Celebi|193\/404
|move|p1a: Celebi|Recover|p1a: Celebi
|-heal|p1a: Celebi|395\/404
|
|turn|37
|
|move|p2a: Colonel|Dragon Pulse|p1a: Celebi
|-damage|p1a: Celebi|254\/404
|move|p1a: Celebi|Giga Drain|p2a: Colonel
|-resisted|p2a: Colonel
|-damage|p2a: Colonel|0 fnt
|-heal|p1a: Celebi|259\/404|[from] drain|[of] p2a: Colonel
|faint|p2a: Colonel
|
|c| Murkrow Jupiter|lmao
|c| Murkrow Jupiter|nice
|
|switch|p2a: Ace|Entei, shiny|113\/371
|-damage|p2a: Ace|21\/371|[from] Stealth Rock
|-ability|p2a: Ace|Pressure
|turn|38
|c| Murkrow Jupiter|nb at all
|
|switch|p1a: Keldeo-Resolute|Keldeo-Resolute|121\/323 brn
|-damage|p1a: Keldeo-Resolute|101\/323 brn|[from] Stealth Rock
|move|p2a: Ace|Sacred Fire|p1a: Keldeo-Resolute
|-crit|p1a: Keldeo-Resolute
|-resisted|p1a: Keldeo-Resolute
|-damage|p1a: Keldeo-Resolute|0 fnt
|-damage|p2a: Ace|0 fnt|[from] item: Life Orb
|faint|p1a: Keldeo-Resolute
|faint|p2a: Ace
|
|
|switch|p1a: Scizor|Scizor, M|344\/344
|switch|p2a: Togekiss|Togekiss, F, shiny|373\/373
|-damage|p1a: Scizor|301\/344|[from] Stealth Rock
|-damage|p2a: Togekiss|280\/373|[from] Stealth Rock
|turn|39
|
|switch|p2a: Karin|Milotic, F|386\/393
|-damage|p2a: Karin|337\/393|[from] Stealth Rock
|detailschange|p1a: Scizor|Scizor-Mega, M
|-mega|p1a: Scizor|Scizor|Scizorite
|move|p1a: Scizor|Bullet Punch|p2a: Karin
|-resisted|p2a: Karin
|-damage|p2a: Karin|294\/393
|
|turn|40
|
|switch|p1a: Celebi|Celebi|259\/404
|-damage|p1a: Celebi|209\/404|[from] Stealth Rock
|move|p2a: Karin|Scald|p1a: Celebi
|-resisted|p1a: Celebi
|-damage|p1a: Celebi|172\/404
|
|turn|41
|
|switch|p2a: Togekiss|Togekiss, F, shiny|280\/373
|-damage|p2a: Togekiss|187\/373|[from] Stealth Rock
|move|p1a: Celebi|Recover|p1a: Celebi
|-heal|p1a: Celebi|374\/404
|
|-heal|p2a: Togekiss|210\/373|[from] item: Leftovers
|turn|42
|c| Murkrow Jupiter|i've been toying around with the celebi bp idea for awhile
|c| Murkrow Jupiter|just never followed through
|
|switch|p1a: Scizor|Scizor-Mega, M|301\/344
|-damage|p1a: Scizor|258\/344|[from] Stealth Rock
|move|p2a: Togekiss|Thunder Wave|p1a: Scizor
|-status|p1a: Scizor|par
|
|-heal|p2a: Togekiss|233\/373|[from] item: Leftovers
|turn|43
|c| Murkrow Jupiter|nice team
|c|âMaskedMan|Shit
|c|âMaskedMan|Shit
|c|âMaskedMan|Shit
|c|âMaskedMan|Shit
|c|âDark Side of Moon|my 1st game with it
|c|âMaskedMan|CHOKE
|
|switch|p2a: Karin|Milotic, F|294\/393
|-damage|p2a: Karin|245\/393|[from] Stealth Rock
|cant|p1a: Scizor|par
|
|turn|44
|c| Murkrow Jupiter|ggggg
|c|âMaskedMan|not yet
|c| Murkrow Jupiter|booooooo
|
|move|p2a: Karin|Recover|p2a: Karin
|-heal|p2a: Karin|393\/393
|move|p1a: Scizor|Swords Dance|p1a: Scizor
|-boost|p1a: Scizor|atk|2
|
|turn|45
|c| Murkrow Jupiter|sd
|
|move|p2a: Karin|Haze|p2a: Karin
|-clearallboost
|move|p1a: Scizor|Roost|p1a: Scizor
|-heal|p1a: Scizor|344\/344 par
|
|turn|46
|c| Murkrow Jupiter|gggggg
|c| Murkrow Jupiter|oh
|c| Murkrow Jupiter|wow
|
|switch|p1a: Celebi|Celebi|374\/404
|-damage|p1a: Celebi|324\/404|[from] Stealth Rock
|move|p2a: Karin|Scald|p1a: Celebi
|-resisted|p1a: Celebi
|-damage|p1a: Celebi|288\/404
|
|turn|47
|
|switch|p2a: Togekiss|Togekiss, F, shiny|233\/373
|-damage|p2a: Togekiss|140\/373|[from] Stealth Rock
|move|p1a: Celebi|Nasty Plot|p1a: Celebi
|-boost|p1a: Celebi|spa|2
|
|-heal|p2a: Togekiss|163\/373|[from] item: Leftovers
|turn|48
|
|move|p1a: Celebi|Giga Drain|p2a: Togekiss
|-resisted|p2a: Togekiss
|-damage|p2a: Togekiss|88\/373
|-heal|p1a: Celebi|326\/404|[from] drain|[of] p2a: Togekiss
|move|p2a: Togekiss|Roost|p2a: Togekiss
|-heal|p2a: Togekiss|275\/373
|
|-heal|p2a: Togekiss|298\/373|[from] item: Leftovers
|turn|49
|c|âMaskedMan|yass
|
|move|p1a: Celebi|Nasty Plot|p1a: Celebi
|-boost|p1a: Celebi|spa|2
|move|p2a: Togekiss|Air Slash|p1a: Celebi|[miss]
|-miss|p2a: Togekiss|p1a: Celebi
|
|-heal|p2a: Togekiss|321\/373|[from] item: Leftovers
|turn|50
|c|âMaskedMan|-_-
|
|move|p1a: Celebi|Nasty Plot|p1a: Celebi
|-boost|p1a: Celebi|spa|2
|move|p2a: Togekiss|Thunder Wave|p1a: Celebi
|-status|p1a: Celebi|par
|
|-heal|p2a: Togekiss|344\/373|[from] item: Leftovers
|turn|51
|
|move|p2a: Togekiss|Air Slash|p1a: Celebi
|-crit|p1a: Celebi
|-supereffective|p1a: Celebi
|-damage|p1a: Celebi|98\/404 par
|cant|p1a: Celebi|par
|
|-heal|p2a: Togekiss|367\/373|[from] item: Leftovers
|turn|52
|c|âDark Side of Moon|lucky
|c|âDark Side of Moon|n
|c|âDark Side of Moon|b
|c|âMaskedMan|nb
|c|âMaskedMan|nb at all
|
|switch|p1a: Scizor|Scizor-Mega, M|344\/344 par
|-damage|p1a: Scizor|301\/344 par|[from] Stealth Rock
|move|p2a: Togekiss|Air Slash|p1a: Scizor
|-damage|p1a: Scizor|193\/344 par
|
|-heal|p2a: Togekiss|373\/373|[from] item: Leftovers
|turn|53
|
|move|p2a: Togekiss|Air Slash|p1a: Scizor
|-damage|p1a: Scizor|91\/344 par
|cant|p1a: Scizor|par
|
|turn|54
|c| Murkrow Jupiter|damn
|
|move|p1a: Scizor|Bullet Punch|p2a: Togekiss
|-supereffective|p2a: Togekiss
|-damage|p2a: Togekiss|215\/373
|move|p2a: Togekiss|Air Slash|p1a: Scizor
|-damage|p1a: Scizor|0 fnt
|faint|p1a: Scizor
|
|-heal|p2a: Togekiss|238\/373|[from] item: Leftovers
|c| Murkrow Jupiter|...
|c|âMaskedMan|yass
|c|âDark Side of Moon|lucky\/bad
|
|switch|p1a: Landorus|Landorus, M, shiny|69\/319
|-damage|p1a: Landorus|30\/319|[from] Stealth Rock
|turn|55
|-message|Dark Side of Moon forfeited.
|
|win|MaskedMan
|raw|Ladder updating...
|leave|Dark Side of Moon
|player|p1
|raw|Dark Side of Moon's rating: 1740 &rarr; <strong>1711<\/strong><br \/>(-29 for losing)
|raw|MaskedMan's rating: 1573 &rarr; <strong>1602<\/strong><br \/>(+29 for winning)
|c|âMaskedMan|^_
|leave|Murkrow Jupiter