|join|Okita Souji
|join|Dark Side of Moon
|player|p1|Okita Souji|277
|player|p2|Dark Side of Moon|161
|gametype|singles
|gen|6
|tier|OU
|rated
|clearpoke
|poke|p1|Lopunny, F, shiny
|poke|p1|Azumarill, F, shiny
|poke|p1|Gothitelle, F
|poke|p1|Rotom-Wash
|poke|p1|Landorus-Therian, M
|poke|p1|Scizor, M
|poke|p2|Lopunny, M, shiny
|poke|p2|Gengar, M
|poke|p2|Landorus-Therian, M
|poke|p2|Latios, M
|poke|p2|Bisharp, M
|poke|p2|Keldeo-Resolute
|rule|Swagger Clause: Swagger is banned
|rule|Baton Pass Clause: Limit one PokÃ©mon knowing Baton Pass
|rule|Sleep Clause Mod: Limit one foe put to sleep
|rule|Species Clause: Limit one of each PokÃ©mon
|rule|OHKO Clause: OHKO moves are banned
|rule|Moody Clause: Moody is banned
|rule|Evasion Moves Clause: Evasion moves are banned
|rule|Endless Battle Clause: Forcing endless battles is banned
|rule|HP Percentage Mod: HP is shown in percentages
|teampreview
Dark Side of Moon made this room hidden.
|
|start
|switch|p1a: Lopunny|Lopunny, F, shiny|271\/271
|switch|p2a: Landorus-Therian|Landorus-Therian, M|319\/319
|-ability|p2a: Landorus-Therian|Intimidate|[of] p1a: Lopunny
|-unboost|p1a: Lopunny|atk|1
|turn|1
|
|detailschange|p1a: Lopunny|Lopunny-Mega, F, shiny
|-mega|p1a: Lopunny|Lopunny|Lopunnite
|move|p1a: Lopunny|Fake Out|p2a: Landorus-Therian
|-damage|p2a: Landorus-Therian|264\/319
|cant|p2a: Landorus-Therian|flinch
|
|turn|2
|
|switch|p1a: Scizor|Scizor, M|344\/344
|move|p2a: Landorus-Therian|U-turn|p1a: Scizor
|-resisted|p1a: Scizor
|-damage|p1a: Scizor|300\/344
|
|switch|p2a: Keldeo-Resolute|Keldeo-Resolute|324\/324
|
|turn|3
|
|switch|p1a: Rotom-Wash|Rotom-Wash|304\/304
|move|p2a: Keldeo-Resolute|Scald|p1a: Rotom-Wash
|-resisted|p1a: Rotom-Wash
|-damage|p1a: Rotom-Wash|238\/304
|-status|p1a: Rotom-Wash|brn
|
|-heal|p1a: Rotom-Wash|257\/304 brn|[from] item: Leftovers
|-damage|p1a: Rotom-Wash|219\/304 brn|[from] brn
|turn|4
|
|switch|p2a: Landorus-Therian|Landorus-Therian, M|264\/319
|-ability|p2a: Landorus-Therian|Intimidate|[of] p1a: Rotom-Wash
|-unboost|p1a: Rotom-Wash|atk|1
|move|p1a: Rotom-Wash|Hydro Pump|p2a: Landorus-Therian
|-supereffective|p2a: Landorus-Therian
|-damage|p2a: Landorus-Therian|0 fnt
|faint|p2a: Landorus-Therian
|
|-heal|p1a: Rotom-Wash|238\/304 brn|[from] item: Leftovers
|-damage|p1a: Rotom-Wash|200\/304 brn|[from] brn
|c|âDark Side of Moon|kk
|
|switch|p2a: Latios|Latios, M|301\/301
|turn|5
|
|switch|p1a: Scizor|Scizor, M|300\/344
|move|p2a: Latios|Psyshock|p1a: Scizor
|-resisted|p1a: Scizor
|-damage|p1a: Scizor|203\/344
|-damage|p2a: Latios|271\/301|[from] item: Life Orb
|
|turn|6
|
|switch|p1a: Landorus-Therian|Landorus-Therian, M|382\/382
|-ability|p1a: Landorus-Therian|Intimidate|[of] p2a: Latios
|-unboost|p2a: Latios|atk|1
|move|p2a: Latios|Hidden Power|p1a: Landorus-Therian
|-damage|p1a: Landorus-Therian|261\/382
|-damage|p2a: Latios|241\/301|[from] item: Life Orb
|
|-heal|p1a: Landorus-Therian|284\/382|[from] item: Leftovers
|turn|7
|
|switch|p1a: Azumarill|Azumarill, F, shiny|404\/404
|move|p2a: Latios|Draco Meteor|p1a: Azumarill
|-immune|p1a: Azumarill|[msg]
|
|turn|8
|
|switch|p2a: Bisharp|Bisharp, M|271\/271
|move|p1a: Azumarill|Play Rough|p2a: Bisharp
|-damage|p2a: Bisharp|60\/271
|
|turn|9
|
|move|p2a: Bisharp|Stealth Rock|p1a: Azumarill
|-sidestart|p1: Okita Souji|move: Stealth Rock
|move|p1a: Azumarill|Waterfall|p2a: Bisharp
|-damage|p2a: Bisharp|0 fnt
|faint|p2a: Bisharp
|
|
|switch|p2a: Gengar|Gengar, M|261\/261
|turn|10
|
|switch|p1a: Gothitelle|Gothitelle, F|281\/281
|-damage|p1a: Gothitelle|246\/281|[from] Stealth Rock
|move|p2a: Gengar|Will-O-Wisp|p1a: Gothitelle
|-status|p1a: Gothitelle|brn
|
|-damage|p1a: Gothitelle|211\/281 brn|[from] brn
|turn|11
|
|move|p2a: Gengar|Shadow Ball|p1a: Gothitelle
|-supereffective|p1a: Gothitelle
|-damage|p1a: Gothitelle|0 fnt
|-damage|p2a: Gengar|235\/261|[from] item: Life Orb
|faint|p1a: Gothitelle
|
|
|switch|p1a: Lopunny|Lopunny-Mega, F, shiny|271\/271
|-damage|p1a: Lopunny|255\/271|[from] Stealth Rock
|turn|12
|
|switch|p2a: Lopunny|Lopunny, M, shiny|271\/271
|move|p1a: Lopunny|Fake Out|p2a: Lopunny
|-damage|p2a: Lopunny|192\/271
|
|turn|13
|
|switch|p1a: Landorus-Therian|Landorus-Therian, M|284\/382
|-damage|p1a: Landorus-Therian|237\/382|[from] Stealth Rock
|-ability|p1a: Landorus-Therian|Intimidate|[of] p2a: Lopunny
|-unboost|p2a: Lopunny|atk|1
|detailschange|p2a: Lopunny|Lopunny-Mega, M, shiny
|-mega|p2a: Lopunny|Lopunny|Lopunnite
|move|p2a: Lopunny|Fake Out|p1a: Landorus-Therian
|-damage|p1a: Landorus-Therian|194\/382
|
|-heal|p1a: Landorus-Therian|217\/382|[from] item: Leftovers
|turn|14
|
|switch|p1a: Azumarill|Azumarill, F, shiny|404\/404
|-damage|p1a: Azumarill|354\/404|[from] Stealth Rock
|move|p2a: Lopunny|Ice Punch|p1a: Azumarill
|-resisted|p1a: Azumarill
|-damage|p1a: Azumarill|317\/404
|
|turn|15
|
|switch|p2a: Gengar|Gengar, M|235\/261
|move|p1a: Azumarill|Play Rough|p2a: Gengar
|-resisted|p2a: Gengar
|-damage|p2a: Gengar|84\/261
|
|turn|16
|
|move|p1a: Azumarill|Aqua Jet|p2a: Gengar
|-damage|p2a: Gengar|0 fnt
|faint|p2a: Gengar
|
|
|switch|p2a: Lopunny|Lopunny-Mega, M, shiny|192\/271
|turn|17
|
|switch|p1a: Landorus-Therian|Landorus-Therian, M|217\/382
|-damage|p1a: Landorus-Therian|170\/382|[from] Stealth Rock
|-ability|p1a: Landorus-Therian|Intimidate|[of] p2a: Lopunny
|-unboost|p2a: Lopunny|atk|1
|move|p2a: Lopunny|Fake Out|p1a: Landorus-Therian
|-damage|p1a: Landorus-Therian|128\/382
|
|-heal|p1a: Landorus-Therian|151\/382|[from] item: Leftovers
|turn|18
|
|move|p2a: Lopunny|Ice Punch|p1a: Landorus-Therian
|-supereffective|p1a: Landorus-Therian
|-damage|p1a: Landorus-Therian|0 fnt
|faint|p1a: Landorus-Therian
|
|
|switch|p1a: Azumarill|Azumarill, F, shiny|317\/404
|-damage|p1a: Azumarill|267\/404|[from] Stealth Rock
|turn|19
|
|switch|p2a: Latios|Latios, M|241\/301
|move|p1a: Azumarill|Play Rough|p2a: Latios
|-supereffective|p2a: Latios
|-damage|p2a: Latios|0 fnt
|faint|p2a: Latios
|
|
|switch|p2a: Lopunny|Lopunny-Mega, M, shiny|192\/271
|turn|20
|
|switch|p1a: Rotom-Wash|Rotom-Wash|200\/304 brn
|-damage|p1a: Rotom-Wash|162\/304 brn|[from] Stealth Rock
|move|p2a: Lopunny|Fake Out|p1a: Rotom-Wash
|-damage|p1a: Rotom-Wash|110\/304 brn
|
|-heal|p1a: Rotom-Wash|129\/304 brn|[from] item: Leftovers
|-damage|p1a: Rotom-Wash|91\/304 brn|[from] brn
|turn|21
|
|move|p2a: Lopunny|Return|p1a: Rotom-Wash
|-damage|p1a: Rotom-Wash|0 fnt
|faint|p1a: Rotom-Wash
|
|
|switch|p1a: Scizor|Scizor, M|203\/344
|-damage|p1a: Scizor|160\/344|[from] Stealth Rock
|turn|22
|
|switch|p2a: Keldeo-Resolute|Keldeo-Resolute|324\/324
|move|p1a: Scizor|Bullet Punch|p2a: Keldeo-Resolute
|-resisted|p2a: Keldeo-Resolute
|-damage|p2a: Keldeo-Resolute|228\/324
|
|-heal|p2a: Keldeo-Resolute|248\/324|[from] item: Leftovers
|turn|23
|
|switch|p1a: Azumarill|Azumarill, F, shiny|267\/404
|-damage|p1a: Azumarill|217\/404|[from] Stealth Rock
|move|p2a: Keldeo-Resolute|Scald|p1a: Azumarill
|-resisted|p1a: Azumarill
|-damage|p1a: Azumarill|127\/404
|-enditem|p1a: Azumarill|Sitrus Berry|[eat]
|-heal|p1a: Azumarill|228\/404|[from] item: Sitrus Berry
|
|-heal|p2a: Keldeo-Resolute|268\/324|[from] item: Leftovers
|turn|24
|
|move|p2a: Keldeo-Resolute|Scald|p1a: Azumarill
|-resisted|p1a: Azumarill
|-damage|p1a: Azumarill|145\/404
|move|p1a: Azumarill|Play Rough|p2a: Keldeo-Resolute
|-supereffective|p2a: Keldeo-Resolute
|-damage|p2a: Keldeo-Resolute|0 fnt
|faint|p2a: Keldeo-Resolute
|
|
|switch|p2a: Lopunny|Lopunny-Mega, M, shiny|192\/271
|turn|25
|
|switch|p1a: Lopunny|Lopunny-Mega, F, shiny|255\/271
|-damage|p1a: Lopunny|239\/271|[from] Stealth Rock
|move|p2a: Lopunny|Fake Out|p1a: Lopunny
|-damage|p1a: Lopunny|155\/271
|
|turn|26
|c|âDark Side of Moon|your not even good
|c|âDark Side of Moon|js
|
|move|p1a: Lopunny|Fake Out|p2a: Lopunny
|-damage|p2a: Lopunny|110\/271
|cant|p2a: Lopunny|flinch
|
|turn|27
|c|âOkita Souji|yeah
|-message|Dark Side of Moon forfeited.
|
|win|Okita Souji
|raw|Ladder updating...
|leave|Dark Side of Moon
|player|p2
|raw|Okita Souji's rating: 1497 &rarr; <strong>1524<\/strong><br \/>(+27 for winning)
|raw|Dark Side of Moon's rating: 1632 &rarr; <strong>1605<\/strong><br \/>(-27 for losing)