|join|Dark Side of Moon
|join|DestinyDarkrai
|player|p1|Dark Side of Moon|161
|player|p2|DestinyDarkrai|266
|gametype|singles
|gen|6
|tier|OU (suspect test)
|rated
|clearpoke
|poke|p1|Metagross, shiny
|poke|p1|Landorus, M, shiny
|poke|p1|Garchomp, M, shiny
|poke|p1|Azumarill, M
|poke|p1|Latias, F
|poke|p1|Keldeo-Resolute, shiny
|poke|p2|Metagross
|poke|p2|Clefable, M
|poke|p2|Landorus-Therian, M
|poke|p2|Keldeo-Resolute
|poke|p2|Rotom-Wash
|poke|p2|Heatran, F
|rule|Swagger Clause: Swagger is banned
|rule|Baton Pass Clause: Limit one PokÃ©mon knowing Baton Pass
|rule|Sleep Clause Mod: Limit one foe put to sleep
|rule|Species Clause: Limit one of each PokÃ©mon
|rule|OHKO Clause: OHKO moves are banned
|rule|Moody Clause: Moody is banned
|rule|Evasion Moves Clause: Evasion moves are banned
|rule|Endless Battle Clause: Forcing endless battles is banned
|rule|HP Percentage Mod: HP is shown in percentages
|teampreview
|
|start
|switch|p1a: Keldeo-Resolute|Keldeo-Resolute, shiny|323\/323
|switch|p2a: Metagross|Metagross|301\/301
|turn|1
|
|detailschange|p2a: Metagross|Metagross-Mega
|-mega|p2a: Metagross|Metagross|Metagrossite
|move|p1a: Keldeo-Resolute|Scald|p2a: Metagross
|-damage|p2a: Metagross|112\/301
|move|p2a: Metagross|Zen Headbutt|p1a: Keldeo-Resolute
|-supereffective|p1a: Keldeo-Resolute
|-damage|p1a: Keldeo-Resolute|0 fnt
|faint|p1a: Keldeo-Resolute
|
|join|iFenrear
|
|switch|p1a: Metagross|Metagross, shiny|301\/301
|turn|2
|
|detailschange|p1a: Metagross|Metagross-Mega, shiny
|-mega|p1a: Metagross|Metagross|Metagrossite
|move|p2a: Metagross|Earthquake|p1a: Metagross
|-supereffective|p1a: Metagross
|-damage|p1a: Metagross|103\/301
|move|p1a: Metagross|Hammer Arm|p2a: Metagross
|-damage|p2a: Metagross|0 fnt
|-unboost|p1a: Metagross|spe|1
|faint|p2a: Metagross
|
|c| iFenrear|Mob i just fought this guy
|join|Arcanine is Regal
|
|switch|p2a: Landorus-Therian|Landorus-Therian, M|319\/319
|-ability|p2a: Landorus-Therian|Intimidate|[of] p1a: Metagross
|-unboost|p1a: Metagross|atk|1
|turn|3
|join|GizmoGreninjaTest
|
|switch|p1a: Garchomp|Garchomp, M, shiny|358\/358
|move|p2a: Landorus-Therian|Knock Off|p1a: Garchomp
|-damage|p1a: Garchomp|221\/358
|-damage|p2a: Landorus-Therian|280\/319|[from] ability: Rough Skin|[of] p1a: Garchomp
|-enditem|p1a: Garchomp|Choice Scarf|[from] move: Knock Off|[of] p2a: Landorus-Therian
|
|turn|4
|c|âDestinyDarkrai|whom is MOB
|c|âDark Side of Moon|whats a mob
|c|âDark Side of Moon|like mafia?
|c| iFenrear|No its you ..
|c|âDark Side of Moon|I'm dark side
|c|âDark Side of Moon|who are you
|c| iFenrear|destinydarkrai.. do \/user mob barley
|c| iFenrear|and pm him
|c|âDark Side of Moon|haha
|c|âDark Side of Moon|f u
|
|switch|p2a: Clefable|Clefable, M|394\/394
|switch|p1a: Landorus|Landorus, M, shiny|319\/319
|
|turn|5
|c| iFenrear|lol
|leave|Arcanine is Regal
|c|âDark Side of Moon|he did it
|c|âDark Side of Moon|wow
|c| iFenrear|LOL
|
|move|p1a: Landorus|Stealth Rock|p2a: Clefable
|-sidestart|p2: DestinyDarkrai|move: Stealth Rock
|move|p2a: Clefable|Calm Mind|p2a: Clefable
|-boost|p2a: Clefable|spa|1
|-boost|p2a: Clefable|spd|1
|
|turn|6
|c|âDestinyDarkrai|fair enough didn't know what it was
|
|move|p1a: Landorus|Earth Power|p2a: Clefable
|-damage|p2a: Clefable|219\/394
|move|p2a: Clefable|Moonblast|p1a: Landorus
|-damage|p1a: Landorus|93\/319
|
|-heal|p2a: Clefable|243\/394|[from] item: Leftovers
|turn|7
|
|move|p1a: Landorus|Knock Off|p2a: Clefable
|-resisted|p2a: Clefable
|-damage|p2a: Clefable|195\/394
|-enditem|p2a: Clefable|Leftovers|[from] move: Knock Off|[of] p1a: Landorus
|-damage|p1a: Landorus|62\/319|[from] item: Life Orb
|move|p2a: Clefable|Wish|p2a: Clefable
|
|turn|8
|
|move|p1a: Landorus|Earth Power|p2a: Clefable
|-damage|p2a: Clefable|16\/394
|move|p2a: Clefable|Calm Mind|p2a: Clefable
|-boost|p2a: Clefable|spa|1
|-boost|p2a: Clefable|spd|1
|
|-heal|p2a: Clefable|213\/394|[from] move: Wish|[wisher] Clefable
|turn|9
|
|move|p1a: Landorus|Earth Power|p2a: Clefable
|-damage|p2a: Clefable|71\/394
|move|p2a: Clefable|Wish|p2a: Clefable
|
|turn|10
|
|switch|p1a: Metagross|Metagross-Mega, shiny|103\/301
|move|p2a: Clefable|Protect|p2a: Clefable
|-fail|p2a: Clefable
|
|-heal|p2a: Clefable|268\/394|[from] move: Wish|[wisher] Clefable
|turn|11
|
|switch|p2a: Landorus-Therian|Landorus-Therian, M|280\/319
|-damage|p2a: Landorus-Therian|241\/319|[from] Stealth Rock
|-ability|p2a: Landorus-Therian|Intimidate|[of] p1a: Metagross
|-unboost|p1a: Metagross|atk|1
|move|p1a: Metagross|Meteor Mash|p2a: Landorus-Therian
|-damage|p2a: Landorus-Therian|79\/319
|
|turn|12
|
|switch|p1a: Latias|Latias, F|301\/301
|move|p2a: Landorus-Therian|Knock Off|p1a: Latias
|-supereffective|p1a: Latias
|-damage|p1a: Latias|47\/301
|-enditem|p1a: Latias|Life Orb|[from] move: Knock Off|[of] p2a: Landorus-Therian
|
|turn|13
|
|switch|p1a: Garchomp|Garchomp, M, shiny|221\/358
|move|p2a: Landorus-Therian|Knock Off|p1a: Garchomp
|-damage|p1a: Garchomp|127\/358
|-damage|p2a: Landorus-Therian|40\/319|[from] ability: Rough Skin|[of] p1a: Garchomp
|
|turn|14
|join|PuddlesA1
|
|move|p2a: Landorus-Therian|Knock Off|p1a: Garchomp
|-damage|p1a: Garchomp|37\/358
|-damage|p2a: Landorus-Therian|1\/319|[from] ability: Rough Skin|[of] p1a: Garchomp
|move|p1a: Garchomp|Earthquake|p2a: Landorus-Therian
|-immune|p2a: Landorus-Therian|[msg]
|
|turn|15
|c|âDestinyDarkrai|ahhh the plays
|
|move|p2a: Landorus-Therian|Knock Off|p1a: Garchomp
|-damage|p1a: Garchomp|0 fnt
|-damage|p2a: Landorus-Therian|0 fnt|[from] ability: Rough Skin|[of] p1a: Garchomp
|faint|p2a: Landorus-Therian
|faint|p1a: Garchomp
|
|
|switch|p1a: Latias|Latias, F|47\/301
|switch|p2a: Heatran|Heatran, F|332\/332
|-damage|p2a: Heatran|291\/332|[from] Stealth Rock
|-item|p2a: Heatran|Air Balloon
|turn|16
|c| iFenrear|reveal subcm hpfighting psyshock latias
|
|move|p1a: Latias|Healing Wish|p1a: Latias
|faint|p1a: Latias
|move|p2a: Heatran|Fire Blast|p1: Latias|[notarget]
|-notarget
|
|c| iFenrear|:]
|
|switch|p1a: Metagross|Metagross-Mega, shiny|103\/301
|-heal|p1a: Metagross|301\/301|[from] move: Healing Wish
|turn|17
|
|move|p1a: Metagross|Hammer Arm|p2a: Heatran
|-supereffective|p2a: Heatran
|-damage|p2a: Heatran|0 fnt
|-enditem|p2a: Heatran|Air Balloon
|-unboost|p1a: Metagross|spe|1
|faint|p2a: Heatran
|
|
|switch|p2a: Keldeo-Resolute|Keldeo-Resolute|323\/323
|-damage|p2a: Keldeo-Resolute|303\/323|[from] Stealth Rock
|turn|18
|
|switch|p1a: Landorus|Landorus, M, shiny|62\/319
|move|p2a: Keldeo-Resolute|Scald|p1a: Landorus
|-supereffective|p1a: Landorus
|-damage|p1a: Landorus|0 fnt
|faint|p1a: Landorus
|
|
|switch|p1a: Metagross|Metagross-Mega, shiny|301\/301
|turn|19
|
|move|p1a: Metagross|Zen Headbutt|p2a: Keldeo-Resolute
|-crit|p2a: Keldeo-Resolute
|-supereffective|p2a: Keldeo-Resolute
|-damage|p2a: Keldeo-Resolute|0 fnt
|faint|p2a: Keldeo-Resolute
|
|c|âDestinyDarkrai|scarf keldeo
|c|âDestinyDarkrai|or nah
|
|switch|p2a: Rotom-Wash|Rotom-Wash|293\/293
|-damage|p2a: Rotom-Wash|257\/293|[from] Stealth Rock
|turn|20
|c| iFenrear|burn him with rotom and setup with clefable
|
|switch|p1a: Azumarill|Azumarill, M|360\/360
|move|p2a: Rotom-Wash|Will-O-Wisp|p1a: Azumarill|[miss]
|-miss|p2a: Rotom-Wash|p1a: Azumarill
|
|-heal|p2a: Rotom-Wash|275\/293|[from] item: Leftovers
|turn|21
|
|move|p2a: Rotom-Wash|Will-O-Wisp|p1a: Azumarill
|-status|p1a: Azumarill|brn
|move|p1a: Azumarill|Play Rough|p2a: Rotom-Wash
|-damage|p2a: Rotom-Wash|184\/293
|
|-heal|p2a: Rotom-Wash|202\/293|[from] item: Leftovers
|-damage|p1a: Azumarill|315\/360 brn|[from] brn
|turn|22
|leave|PuddlesA1
|c|âDestinyDarkrai|its fine my rotom speed creeps max speed azu
|join|PuddlesA1
|
|switch|p1a: Metagross|Metagross-Mega, shiny|301\/301
|move|p2a: Rotom-Wash|Volt Switch|p1a: Metagross
|-damage|p1a: Metagross|216\/301
|c| GizmoGreninjaTest|meta wins unless it misses
|c| iFenrear|why didn't u wisp again
|c|âDark Side of Moon|i knew he wouldnt
|
|switch|p2a: Clefable|Clefable, M|268\/394
|
|turn|23
|c| iFenrear|he couldve
|c| GizmoGreninjaTest|he didn't have a real reason to
|c| iFenrear|5050 imo
|c|âDark Side of Moon|ik but
|c|âDestinyDarkrai|I was temped
|c|âDark Side of Moon|u can tell peoples
|c|âDark Side of Moon|playstyles
|c| GizmoGreninjaTest|he was already primed into making a certain set of plays
|c| iFenrear|his playstyle is predictable a'f.. -_-
|
|move|p1a: Metagross|Zen Headbutt|p2a: Clefable
|-damage|p2a: Clefable|88\/394
|move|p2a: Clefable|Moonblast|p1a: Metagross
|-resisted|p1a: Metagross
|-damage|p1a: Metagross|165\/301
|
|turn|24
|c|âDestinyDarkrai|fucking lag I clicked cancle and wish
|
|move|p1a: Metagross|Meteor Mash|p2a: Clefable
|-supereffective|p2a: Clefable
|-damage|p2a: Clefable|0 fnt
|-boost|p1a: Metagross|atk|1
|faint|p2a: Clefable
|
|c|âDark Side of Moon|nice
|c|âDestinyDarkrai|gg
|c| iFenrear|gg
|c|âDark Side of Moon|gg
|
|switch|p2a: Rotom-Wash|Rotom-Wash|202\/293
|-damage|p2a: Rotom-Wash|166\/293|[from] Stealth Rock
|turn|25
|
|move|p1a: Metagross|Zen Headbutt|p2a: Rotom-Wash
|-damage|p2a: Rotom-Wash|0 fnt
|faint|p2a: Rotom-Wash
|
|win|Dark Side of Moon
|raw|Ladder updating...
|raw|Dark Side of Moon's rating: 1414 &rarr; <strong>1429<\/strong><br \/>(+15 for winning)
|raw|DestinyDarkrai's rating: 1337 &rarr; <strong>1321<\/strong><br \/>(-16 for losing)
|leave|Dark Side of Moon
|player|p1
|leave|DestinyDarkrai
|leave|iFenrear
|player|p2
|leave|GizmoGreninjaTest