|join|Dark Side of Moon
|join|Dem Wolf
|player|p1|Dark Side of Moon|161
|player|p2|Dem Wolf|262
|gametype|singles
|gen|6
|tier|OU (suspect test)
|rated
|clearpoke
|poke|p1|Slowbro, M, shiny
|poke|p1|Tyranitar, M
|poke|p1|Sylveon, F
|poke|p1|Scizor, M
|poke|p1|Thundurus, M
|poke|p1|Skarmory, F
|poke|p2|Sableye, M, shiny
|poke|p2|Excadrill, M, shiny
|poke|p2|Manaphy
|poke|p2|Gliscor, M, shiny
|poke|p2|Talonflame, F, shiny
|poke|p2|Clefable, F, shiny
|rule|Swagger Clause: Swagger is banned
|rule|Baton Pass Clause: Limit one PokÃ©mon knowing Baton Pass
|rule|Sleep Clause Mod: Limit one foe put to sleep
|rule|Species Clause: Limit one of each PokÃ©mon
|rule|OHKO Clause: OHKO moves are banned
|rule|Moody Clause: Moody is banned
|rule|Evasion Moves Clause: Evasion moves are banned
|rule|Endless Battle Clause: Forcing endless battles is banned
|rule|HP Percentage Mod: HP is shown in percentages
|teampreview
|
|start
|switch|p1a: Slowbro|Slowbro, M, shiny|394\/394
|switch|p2a: Excadrill|Excadrill, M, shiny|424\/424
|-ability|p2a: Excadrill|Mold Breaker
|turn|1
|
|move|p2a: Excadrill|Toxic|p1a: Slowbro
|-status|p1a: Slowbro|tox
|move|p1a: Slowbro|Scald|p2a: Excadrill
|-crit|p2a: Excadrill
|-supereffective|p2a: Excadrill
|-damage|p2a: Excadrill|146\/424
|
|-heal|p2a: Excadrill|172\/424|[from] item: Leftovers
|-damage|p1a: Slowbro|370\/394 tox|[from] psn
|turn|2
|
|switch|p2a: Sableye|Sableye, M, shiny|303\/303
|move|p1a: Slowbro|Scald|p2a: Sableye
|-damage|p2a: Sableye|209\/303
|
|-damage|p1a: Slowbro|322\/394 tox|[from] psn
|turn|3
|
|detailschange|p2a: Sableye|Sableye-Mega, M, shiny
|-mega|p2a: Sableye|Sableye|Sablenite
|move|p2a: Sableye|Knock Off|p1a: Slowbro
|-crit|p1a: Slowbro
|-supereffective|p1a: Slowbro
|-damage|p1a: Slowbro|178\/394 tox
|move|p1a: Slowbro|Scald|p2a: Sableye
|-damage|p2a: Sableye|145\/303
|-status|p2a: Sableye|brn
|
|-damage|p1a: Slowbro|106\/394 tox|[from] psn
|-damage|p2a: Sableye|108\/303 brn|[from] brn
|turn|4
|
|switch|p1a: Sylveon|Sylveon, F|394\/394
|move|p2a: Sableye|Recover|p2a: Sableye
|-heal|p2a: Sableye|260\/303 brn
|
|-damage|p2a: Sableye|223\/303 brn|[from] brn
|turn|5
|
|switch|p2a: Clefable|Clefable, F, shiny|393\/393
|move|p1a: Sylveon|Wish|p1a: Sylveon
|
|turn|6
|
|switch|p1a: Slowbro|Slowbro, M, shiny|237\/394 tox
|move|p2a: Clefable|Aromatherapy|p2a: Clefable
|-cureteam|p2a: Clefable|[from] move: Aromatherapy
|
|-heal|p1a: Slowbro|394\/394 tox|[from] move: Wish|[wisher] Sylveon
|-damage|p1a: Slowbro|370\/394 tox|[from] psn
|turn|7
|
|switch|p2a: Sableye|Sableye-Mega, M, shiny|223\/303
|switch|p1a: Scizor|Scizor, M|281\/281
|
|turn|8
|
|move|p1a: Scizor|U-turn|p2a: Sableye
|-damage|p2a: Sableye|39\/303
|
|switch|p1a: Sylveon|Sylveon, F|394\/394
|move|p2a: Sableye|Will-O-Wisp|p1a: Sylveon
|-status|p1a: Sylveon|brn
|
|-damage|p1a: Sylveon|345\/394 brn|[from] brn
|turn|9
|
|switch|p1a: Scizor|Scizor, M|281\/281
|switch|p2a: Excadrill|Excadrill, M, shiny|172\/424
|-ability|p2a: Excadrill|Mold Breaker
|
|-heal|p2a: Excadrill|198\/424|[from] item: Leftovers
|turn|10
|
|switch|p2a: Gliscor|Gliscor, M, shiny|353\/353
|move|p1a: Scizor|U-turn|p2a: Gliscor
|-resisted|p2a: Gliscor
|-damage|p2a: Gliscor|291\/353
|
|switch|p1a: Thundurus|Thundurus, M|299\/299
|
|-status|p2a: Gliscor|tox|[from] item: Toxic Orb
|turn|11
|join|Alkov
|
|switch|p2a: Clefable|Clefable, F, shiny|393\/393
|move|p1a: Thundurus|Thunderbolt|p2a: Clefable
|-damage|p2a: Clefable|194\/393
|-damage|p1a: Thundurus|270\/299|[from] item: Life Orb
|
|-heal|p2a: Clefable|218\/393|[from] item: Leftovers
|turn|12
|
|move|p1a: Thundurus|Knock Off|p2a: Clefable
|-resisted|p2a: Clefable
|-damage|p2a: Clefable|162\/393
|-enditem|p2a: Clefable|Leftovers|[from] move: Knock Off|[of] p1a: Thundurus
|-damage|p1a: Thundurus|241\/299|[from] item: Life Orb
|move|p2a: Clefable|Moonlight|p2a: Clefable
|-heal|p2a: Clefable|358\/393
|
|turn|13
|
|switch|p1a: Sylveon|Sylveon, F|345\/394 brn
|switch|p2a: Gliscor|Gliscor, M, shiny|291\/353 tox
|
|-heal|p1a: Sylveon|369\/394 brn|[from] item: Leftovers
|-heal|p2a: Gliscor|335\/353 tox|[from] ability: Poison Heal
|-damage|p1a: Sylveon|320\/394 brn|[from] brn
|turn|14
|
|move|p2a: Gliscor|Stealth Rock|p1a: Sylveon
|-sidestart|p1: Dark Side of Moon|move: Stealth Rock
|move|p1a: Sylveon|Heal Bell|p1a: Sylveon
|-cureteam|p1a: Sylveon|[from] move: HealBell
|
|-heal|p1a: Sylveon|344\/394|[from] item: Leftovers
|-heal|p2a: Gliscor|353\/353 tox|[from] ability: Poison Heal
|turn|15
|
|switch|p1a: Skarmory|Skarmory, F|334\/334
|-damage|p1a: Skarmory|293\/334|[from] Stealth Rock
|move|p2a: Gliscor|U-turn|p1a: Skarmory
|-resisted|p1a: Skarmory
|-damage|p1a: Skarmory|286\/334
|
|switch|p2a: Talonflame|Talonflame, F, shiny|345\/345
|
|-heal|p1a: Skarmory|306\/334|[from] item: Leftovers
|turn|16
|join|Praj.pran
|
|move|p2a: Talonflame|Taunt|p1a: Skarmory
|-start|p1a: Skarmory|move: Taunt
|cant|p1a: Skarmory|move: Taunt|Defog
|
|-heal|p1a: Skarmory|326\/334|[from] item: Leftovers
|turn|17
|join|Wanna Be A Baller
|
|switch|p1a: Slowbro|Slowbro, M, shiny|394\/394
|-damage|p1a: Slowbro|345\/394|[from] Stealth Rock
|move|p2a: Talonflame|Will-O-Wisp|p1a: Slowbro
|-status|p1a: Slowbro|brn
|
|-damage|p1a: Slowbro|296\/394 brn|[from] brn
|turn|18
|
|switch|p2a: Clefable|Clefable, F, shiny|358\/393
|move|p1a: Slowbro|Scald|p2a: Clefable
|-damage|p2a: Clefable|261\/393
|
|-damage|p1a: Slowbro|247\/394 brn|[from] brn
|turn|19
|join|gobosox
|
|switch|p2a: Gliscor|Gliscor, M, shiny|353\/353 tox
|switch|p1a: Scizor|Scizor, M|281\/281
|-damage|p1a: Scizor|246\/281|[from] Stealth Rock
|
|turn|20
|
|switch|p1a: Skarmory|Skarmory, F|326\/334
|-damage|p1a: Skarmory|285\/334|[from] Stealth Rock
|move|p2a: Gliscor|Taunt|p1a: Skarmory
|-start|p1a: Skarmory|move: Taunt
|
|-heal|p1a: Skarmory|305\/334|[from] item: Leftovers
|turn|21
|
|switch|p1a: Slowbro|Slowbro, M, shiny|378\/394 brn
|-damage|p1a: Slowbro|329\/394 brn|[from] Stealth Rock
|move|p2a: Gliscor|U-turn|p1a: Slowbro
|-supereffective|p1a: Slowbro
|-damage|p1a: Slowbro|255\/394 brn
|join|Samuel (Foxy)
|
|switch|p2a: Clefable|Clefable, F, shiny|261\/393
|
|-damage|p1a: Slowbro|206\/394 brn|[from] brn
|turn|22
|
|switch|p2a: Gliscor|Gliscor, M, shiny|353\/353 tox
|switch|p1a: Skarmory|Skarmory, F|305\/334
|-damage|p1a: Skarmory|264\/334|[from] Stealth Rock
|
|-heal|p1a: Skarmory|284\/334|[from] item: Leftovers
|turn|23
|
|move|p2a: Gliscor|Taunt|p1a: Skarmory
|-start|p1a: Skarmory|move: Taunt
|cant|p1a: Skarmory|move: Taunt|Defog
|
|-heal|p1a: Skarmory|304\/334|[from] item: Leftovers
|turn|24
|
|switch|p1a: Slowbro|Slowbro, M, shiny|337\/394 brn
|-damage|p1a: Slowbro|288\/394 brn|[from] Stealth Rock
|move|p2a: Gliscor|U-turn|p1a: Slowbro
|-supereffective|p1a: Slowbro
|-damage|p1a: Slowbro|214\/394 brn
|
|switch|p2a: Clefable|Clefable, F, shiny|261\/393
|
|-damage|p1a: Slowbro|165\/394 brn|[from] brn
|turn|25
|
|switch|p2a: Gliscor|Gliscor, M, shiny|353\/353 tox
|switch|p1a: Skarmory|Skarmory, F|304\/334
|-damage|p1a: Skarmory|263\/334|[from] Stealth Rock
|
|-heal|p1a: Skarmory|283\/334|[from] item: Leftovers
|turn|26
|
|switch|p1a: Slowbro|Slowbro, M, shiny|296\/394 brn
|-damage|p1a: Slowbro|247\/394 brn|[from] Stealth Rock
|move|p2a: Gliscor|Taunt|p1a: Slowbro
|-start|p1a: Slowbro|move: Taunt
|
|-damage|p1a: Slowbro|198\/394 brn|[from] brn
|turn|27
|
|move|p2a: Gliscor|U-turn|p1a: Slowbro
|-supereffective|p1a: Slowbro
|-damage|p1a: Slowbro|126\/394 brn
|
|switch|p2a: Manaphy|Manaphy|401\/401
|move|p1a: Slowbro|Scald|p2a: Manaphy
|-resisted|p2a: Manaphy
|-damage|p2a: Manaphy|367\/401
|
|-heal|p2a: Manaphy|392\/401|[from] item: Leftovers
|-damage|p1a: Slowbro|77\/394 brn|[from] brn
|turn|28
|
|switch|p1a: Scizor|Scizor, M|246\/281
|-damage|p1a: Scizor|211\/281|[from] Stealth Rock
|move|p2a: Manaphy|U-turn|p1a: Scizor
|-crit|p1a: Scizor
|-resisted|p1a: Scizor
|-damage|p1a: Scizor|173\/281
|c|âDark Side of Moon|ew
|c|âDark Side of Moon|pls stop with shit sets
|
|switch|p2a: Talonflame|Talonflame, F, shiny|345\/345
|
|turn|29
|
|move|p2a: Talonflame|Brave Bird|p1a: Scizor
|-damage|p1a: Scizor|0 fnt
|-damage|p2a: Talonflame|288\/345|[from] recoil|[of] p1a: Scizor
|faint|p1a: Scizor
|
|-heal|p2a: Talonflame|309\/345|[from] item: Leftovers
|c|âDem Wolf|cry me A RVER
|c|âDem Wolf|river*
|
|switch|p1a: Thundurus|Thundurus, M|241\/299
|-damage|p1a: Thundurus|167\/299|[from] Stealth Rock
|turn|30
|
|switch|p2a: Excadrill|Excadrill, M, shiny|198\/424
|-ability|p2a: Excadrill|Mold Breaker
|move|p1a: Thundurus|Thunderbolt|p2a: Excadrill
|-immune|p2a: Excadrill|[msg]
|
|-heal|p2a: Excadrill|224\/424|[from] item: Leftovers
|turn|31
|
|switch|p2a: Clefable|Clefable, F, shiny|261\/393
|move|p1a: Thundurus|Knock Off|p2a: Clefable
|-resisted|p2a: Clefable
|-damage|p2a: Clefable|221\/393
|-damage|p1a: Thundurus|138\/299|[from] item: Life Orb
|
|turn|32
|c|âDark Side of Moon|i bet u think ur good
|c|âDark Side of Moon|dumbass pleb
|
|move|p1a: Thundurus|Thunderbolt|p2a: Clefable
|-damage|p2a: Clefable|17\/393
|-damage|p1a: Thundurus|109\/299|[from] item: Life Orb
|move|p2a: Clefable|Moonlight|p2a: Clefable
|-heal|p2a: Clefable|213\/393
|
|turn|33
|c| gobosox|geeze
|c|âDem Wolf|get predicted
|c| gobosox|he's got your number man
|
|switch|p1a: Skarmory|Skarmory, F|283\/334
|-damage|p1a: Skarmory|242\/334|[from] Stealth Rock
|move|p2a: Clefable|Moonlight|p2a: Clefable
|-heal|p2a: Clefable|393\/393
|
|-heal|p1a: Skarmory|262\/334|[from] item: Leftovers
|turn|34
|
|switch|p2a: Gliscor|Gliscor, M, shiny|353\/353 tox
|move|p1a: Skarmory|Defog|p2a: Gliscor
|-unboost|p2a: Gliscor|evasion|1
|-sideend|p1: Dark Side of Moon|Stealth Rock|[from] move: Defog|[of] p1a: Skarmory
|
|-heal|p1a: Skarmory|282\/334|[from] item: Leftovers
|turn|35
|
|switch|p1a: Thundurus|Thundurus, M|109\/299
|move|p2a: Gliscor|Stealth Rock|p1a: Thundurus
|-sidestart|p1: Dark Side of Moon|move: Stealth Rock
|
|turn|36
|
|switch|p2a: Sableye|Sableye-Mega, M, shiny|39\/303
|move|p1a: Thundurus|Thunderbolt|p2a: Sableye
|-damage|p2a: Sableye|0 fnt
|-damage|p1a: Thundurus|80\/299|[from] item: Life Orb
|faint|p2a: Sableye
|
|
|switch|p2a: Clefable|Clefable, F, shiny|393\/393
|turn|37
|leave|Praj.pran
|
|switch|p1a: Skarmory|Skarmory, F|282\/334
|-damage|p1a: Skarmory|241\/334|[from] Stealth Rock
|switch|p2a: Gliscor|Gliscor, M, shiny|353\/353 tox
|
|-heal|p1a: Skarmory|261\/334|[from] item: Leftovers
|turn|38
|
|move|p2a: Gliscor|Taunt|p1a: Skarmory
|-start|p1a: Skarmory|move: Taunt
|cant|p1a: Skarmory|move: Taunt|Defog
|
|-heal|p1a: Skarmory|281\/334|[from] item: Leftovers
|turn|39
|
|switch|p1a: Sylveon|Sylveon, F|344\/394
|-damage|p1a: Sylveon|295\/394|[from] Stealth Rock
|move|p2a: Gliscor|U-turn|p1a: Sylveon
|-resisted|p1a: Sylveon
|-damage|p1a: Sylveon|261\/394
|
|switch|p2a: Excadrill|Excadrill, M, shiny|224\/424
|-ability|p2a: Excadrill|Mold Breaker
|
|-heal|p2a: Excadrill|250\/424|[from] item: Leftovers
|-heal|p1a: Sylveon|285\/394|[from] item: Leftovers
|turn|40
|
|switch|p2a: Talonflame|Talonflame, F, shiny|309\/345
|move|p1a: Sylveon|Hyper Voice|p2a: Talonflame
|-resisted|p2a: Talonflame
|-damage|p2a: Talonflame|214\/345
|
|-heal|p2a: Talonflame|235\/345|[from] item: Leftovers
|-heal|p1a: Sylveon|309\/394|[from] item: Leftovers
|turn|41
|
|move|p2a: Talonflame|Will-O-Wisp|p1a: Sylveon
|-status|p1a: Sylveon|brn
|move|p1a: Sylveon|Hyper Voice|p2a: Talonflame
|-resisted|p2a: Talonflame
|-damage|p2a: Talonflame|136\/345
|
|-heal|p2a: Talonflame|157\/345|[from] item: Leftovers
|-heal|p1a: Sylveon|333\/394 brn|[from] item: Leftovers
|-damage|p1a: Sylveon|284\/394 brn|[from] brn
|turn|42
|
|switch|p1a: Tyranitar|Tyranitar, M|341\/341
|-damage|p1a: Tyranitar|299\/341|[from] Stealth Rock
|-weather|Sandstorm
|move|p2a: Talonflame|Taunt|p1a: Tyranitar
|-start|p1a: Tyranitar|move: Taunt
|
|-weather|Sandstorm|[upkeep]
|-damage|p2a: Talonflame|136\/345|[from] sandstorm
|-heal|p2a: Talonflame|157\/345|[from] item: Leftovers
|turn|43
|
|switch|p2a: Gliscor|Gliscor, M, shiny|353\/353 tox
|move|p1a: Tyranitar|Crunch|p2a: Gliscor
|-damage|p2a: Gliscor|257\/353 tox
|
|-weather|Sandstorm|[upkeep]
|-heal|p2a: Gliscor|301\/353 tox|[from] ability: Poison Heal
|turn|44
|
|switch|p1a: Skarmory|Skarmory, F|281\/334
|-damage|p1a: Skarmory|240\/334|[from] Stealth Rock
|move|p2a: Gliscor|U-turn|p1a: Skarmory
|-resisted|p1a: Skarmory
|-damage|p1a: Skarmory|232\/334
|
|switch|p2a: Talonflame|Talonflame, F, shiny|157\/345
|
|-weather|Sandstorm|[upkeep]
|-damage|p2a: Talonflame|136\/345|[from] sandstorm
|-heal|p2a: Talonflame|157\/345|[from] item: Leftovers
|-heal|p1a: Skarmory|252\/334|[from] item: Leftovers
|turn|45
|
|switch|p1a: Tyranitar|Tyranitar, M|299\/341
|-damage|p1a: Tyranitar|257\/341|[from] Stealth Rock
|move|p2a: Talonflame|Roost|p2a: Talonflame
|-heal|p2a: Talonflame|330\/345
|
|-weather|Sandstorm|[upkeep]
|-damage|p2a: Talonflame|309\/345|[from] sandstorm
|-heal|p2a: Talonflame|330\/345|[from] item: Leftovers
|turn|46
|
|move|p1a: Tyranitar|Pursuit|p2a: Talonflame|[from]Pursuit
|-damage|p2a: Talonflame|143\/345
|switch|p2a: Manaphy|Manaphy|392\/401
|
|-weather|none
|-heal|p2a: Manaphy|401\/401|[from] item: Leftovers
|turn|47
|
|switch|p1a: Skarmory|Skarmory, F|252\/334
|-damage|p1a: Skarmory|211\/334|[from] Stealth Rock
|move|p2a: Manaphy|U-turn|p1a: Skarmory
|-resisted|p1a: Skarmory
|-damage|p1a: Skarmory|204\/334
|
|switch|p2a: Talonflame|Talonflame, F, shiny|143\/345
|
|-heal|p2a: Talonflame|164\/345|[from] item: Leftovers
|-heal|p1a: Skarmory|224\/334|[from] item: Leftovers
|turn|48
|c|âDark Side of Moon|so retarded hahahahah
|
|move|p2a: Talonflame|Will-O-Wisp|p1a: Skarmory
|-status|p1a: Skarmory|brn
|move|p1a: Skarmory|Defog|p2a: Talonflame
|-unboost|p2a: Talonflame|evasion|1
|-sideend|p1: Dark Side of Moon|Stealth Rock|[from] move: Defog|[of] p1a: Skarmory
|
|-heal|p2a: Talonflame|185\/345|[from] item: Leftovers
|-heal|p1a: Skarmory|244\/334 brn|[from] item: Leftovers
|-damage|p1a: Skarmory|203\/334 brn|[from] brn
|turn|49
|c|âDark Side of Moon|"get predicted"
|c|âDark Side of Moon|I'm good aren't i
|
|switch|p1a: Slowbro|Slowbro, M, shiny|208\/394 brn
|move|p2a: Talonflame|Will-O-Wisp|p1a: Slowbro
|-fail|p1a: Slowbro|brn
|
|-heal|p2a: Talonflame|206\/345|[from] item: Leftovers
|-damage|p1a: Slowbro|159\/394 brn|[from] brn
|turn|50
|
|switch|p2a: Clefable|Clefable, F, shiny|393\/393
|switch|p1a: Sylveon|Sylveon, F|284\/394 brn
|
|-heal|p1a: Sylveon|308\/394 brn|[from] item: Leftovers
|-damage|p1a: Sylveon|259\/394 brn|[from] brn
|turn|51
|c|âDark Side of Moon|"get predicted"
|
|switch|p2a: Talonflame|Talonflame, F, shiny|206\/345
|move|p1a: Sylveon|Heal Bell|p1a: Sylveon
|-cureteam|p1a: Sylveon|[from] move: HealBell
|
|-heal|p2a: Talonflame|227\/345|[from] item: Leftovers
|-heal|p1a: Sylveon|283\/394|[from] item: Leftovers
|turn|52
|
|move|p1a: Sylveon|Protect|p1a: Sylveon
|-singleturn|p1a: Sylveon|Protect
|move|p2a: Talonflame|Brave Bird|p1a: Sylveon
|-activate|p1a: Sylveon|Protect
|
|-heal|p2a: Talonflame|248\/345|[from] item: Leftovers
|-heal|p1a: Sylveon|307\/394|[from] item: Leftovers
|turn|53
|
|move|p2a: Talonflame|Taunt|p1a: Sylveon
|-start|p1a: Sylveon|move: Taunt
|cant|p1a: Sylveon|move: Taunt|Wish
|
|-heal|p2a: Talonflame|269\/345|[from] item: Leftovers
|-heal|p1a: Sylveon|331\/394|[from] item: Leftovers
|turn|54
|
|switch|p1a: Slowbro|Slowbro, M, shiny|290\/394
|move|p2a: Talonflame|Will-O-Wisp|p1a: Slowbro
|-status|p1a: Slowbro|brn
|
|-heal|p2a: Talonflame|290\/345|[from] item: Leftovers
|-damage|p1a: Slowbro|241\/394 brn|[from] brn
|turn|55
|
|switch|p2a: Clefable|Clefable, F, shiny|393\/393
|move|p1a: Slowbro|Slack Off|p1a: Slowbro
|-heal|p1a: Slowbro|394\/394 brn
|
|-damage|p1a: Slowbro|345\/394 brn|[from] brn
|turn|56
|
|move|p2a: Clefable|Moonblast|p1a: Slowbro
|-damage|p1a: Slowbro|209\/394 brn
|move|p1a: Slowbro|Scald|p2a: Clefable
|-damage|p2a: Clefable|306\/393
|
|-damage|p1a: Slowbro|160\/394 brn|[from] brn
|turn|57
|
|switch|p2a: Manaphy|Manaphy|401\/401
|switch|p1a: Skarmory|Skarmory, F|203\/334
|
|-heal|p1a: Skarmory|223\/334|[from] item: Leftovers
|turn|58
|
|move|p2a: Manaphy|Scald|p1a: Skarmory
|-damage|p1a: Skarmory|105\/334
|move|p1a: Skarmory|Stealth Rock|p2a: Manaphy
|-sidestart|p2: Dem Wolf|move: Stealth Rock
|
|-heal|p1a: Skarmory|125\/334|[from] item: Leftovers
|turn|59
|
|switch|p1a: Sylveon|Sylveon, F|331\/394
|move|p2a: Manaphy|Scald|p1a: Sylveon
|-damage|p1a: Sylveon|271\/394
|
|-heal|p1a: Sylveon|295\/394|[from] item: Leftovers
|turn|60
|
|move|p2a: Manaphy|U-turn|p1a: Sylveon
|-resisted|p1a: Sylveon
|-damage|p1a: Sylveon|264\/394
|
|switch|p2a: Excadrill|Excadrill, M, shiny|250\/424
|-damage|p2a: Excadrill|237\/424|[from] Stealth Rock
|-ability|p2a: Excadrill|Mold Breaker
|move|p1a: Sylveon|Wish|p1a: Sylveon
|
|-heal|p2a: Excadrill|263\/424|[from] item: Leftovers
|-heal|p1a: Sylveon|288\/394|[from] item: Leftovers
|turn|61
|join|cosine180
|
|switch|p1a: Thundurus|Thundurus, M|80\/299
|move|p2a: Excadrill|Rapid Spin|p1a: Thundurus
|-damage|p1a: Thundurus|54\/299
|-sideend|p2: Dem Wolf|Stealth Rock|[from] move: Rapid Spin|[of] p2a: Excadrill
|
|-heal|p1a: Thundurus|251\/299|[from] move: Wish|[wisher] Sylveon
|-heal|p2a: Excadrill|289\/424|[from] item: Leftovers
|turn|62
|
|switch|p1a: Skarmory|Skarmory, F|125\/334
|move|p2a: Excadrill|Iron Head|p1a: Skarmory
|-resisted|p1a: Skarmory
|-damage|p1a: Skarmory|89\/334
|
|-heal|p2a: Excadrill|315\/424|[from] item: Leftovers
|-heal|p1a: Skarmory|109\/334|[from] item: Leftovers
|turn|63
|
|switch|p2a: Talonflame|Talonflame, F, shiny|290\/345
|move|p1a: Skarmory|Roost|p1a: Skarmory
|-heal|p1a: Skarmory|276\/334
|
|-heal|p2a: Talonflame|311\/345|[from] item: Leftovers
|-heal|p1a: Skarmory|296\/334|[from] item: Leftovers
|turn|64
|
|switch|p1a: Slowbro|Slowbro, M, shiny|291\/394 brn
|move|p2a: Talonflame|Will-O-Wisp|p1a: Slowbro|[miss]
|-miss|p2a: Talonflame|p1a: Slowbro
|
|-heal|p2a: Talonflame|332\/345|[from] item: Leftovers
|-damage|p1a: Slowbro|242\/394 brn|[from] brn
|turn|65
|
|move|p2a: Talonflame|Brave Bird|p1a: Slowbro
|-damage|p1a: Slowbro|122\/394 brn
|-damage|p2a: Talonflame|292\/345|[from] recoil|[of] p1a: Slowbro
|move|p1a: Slowbro|Scald|p2a: Talonflame
|-supereffective|p2a: Talonflame
|-damage|p2a: Talonflame|50\/345
|
|-heal|p2a: Talonflame|71\/345|[from] item: Leftovers
|-damage|p1a: Slowbro|73\/394 brn|[from] brn
|turn|66
|
|switch|p1a: Tyranitar|Tyranitar, M|257\/341
|-weather|Sandstorm
|move|p2a: Talonflame|Will-O-Wisp|p1a: Tyranitar
|-status|p1a: Tyranitar|brn
|
|-weather|Sandstorm|[upkeep]
|-damage|p2a: Talonflame|50\/345|[from] sandstorm
|-heal|p2a: Talonflame|71\/345|[from] item: Leftovers
|-damage|p1a: Tyranitar|215\/341 brn|[from] brn
|turn|67
|
|move|p2a: Talonflame|Roost|p2a: Talonflame
|-heal|p2a: Talonflame|244\/345
|move|p1a: Tyranitar|Stone Edge|p2a: Talonflame
|-crit|p2a: Talonflame
|-supereffective|p2a: Talonflame
|-damage|p2a: Talonflame|0 fnt
|faint|p2a: Talonflame
|
|-weather|Sandstorm|[upkeep]
|-damage|p1a: Tyranitar|173\/341 brn|[from] brn
|
|switch|p2a: Gliscor|Gliscor, M, shiny|301\/353 tox
|turn|68
|c|âDark Side of Moon|sit down
|
|switch|p1a: Skarmory|Skarmory, F|296\/334
|move|p2a: Gliscor|Stealth Rock|p1a: Skarmory
|-sidestart|p1: Dark Side of Moon|move: Stealth Rock
|
|-weather|Sandstorm|[upkeep]
|-heal|p1a: Skarmory|316\/334|[from] item: Leftovers
|-heal|p2a: Gliscor|345\/353 tox|[from] ability: Poison Heal
|turn|69
|
|switch|p1a: Thundurus|Thundurus, M|251\/299
|-damage|p1a: Thundurus|177\/299|[from] Stealth Rock
|move|p2a: Gliscor|Taunt|p1a: Thundurus
|-start|p1a: Thundurus|move: Taunt
|
|-weather|Sandstorm|[upkeep]
|-damage|p1a: Thundurus|159\/299|[from] sandstorm
|-heal|p2a: Gliscor|353\/353 tox|[from] ability: Poison Heal
|turn|70
|
|move|p1a: Thundurus|Knock Off|p2a: Gliscor
|-damage|p2a: Gliscor|278\/353 tox
|-enditem|p2a: Gliscor|Toxic Orb|[from] move: Knock Off|[of] p1a: Thundurus
|-damage|p1a: Thundurus|130\/299|[from] item: Life Orb
|move|p2a: Gliscor|U-turn|p1a: Thundurus
|-resisted|p1a: Thundurus
|-damage|p1a: Thundurus|97\/299
|
|switch|p2a: Clefable|Clefable, F, shiny|306\/393
|
|-weather|none
|turn|71
|
|switch|p2a: Gliscor|Gliscor, M, shiny|278\/353 tox
|move|p1a: Thundurus|Hidden Power|p2a: Gliscor
|-supereffective|p2a: Gliscor
|-damage|p2a: Gliscor|0 fnt
|-damage|p1a: Thundurus|68\/299|[from] item: Life Orb
|faint|p2a: Gliscor
|
|
|switch|p2a: Manaphy|Manaphy|401\/401
|turn|72
|c|âDark Side of Moon|"get predicted"
|c|âDem Wolf|dude
|c|âDark Side of Moon|not so cocky now
|c|âDark Side of Moon|are you
|c|âDem Wolf|u got angry lol
|c|âDark Side of Moon|pls bro
|c|âDem Wolf|not your bro
|
|move|p1a: Thundurus|Thunderbolt|p2a: Manaphy
|-crit|p2a: Manaphy
|-supereffective|p2a: Manaphy
|-damage|p2a: Manaphy|0 fnt
|-damage|p1a: Thundurus|39\/299|[from] item: Life Orb
|faint|p2a: Manaphy
|
|-end|p1a: Thundurus|move: Taunt
|c|âDark Side of Moon|w.e get rekt
|c|âDem Wolf|weido
|c|âDark Side of Moon|and outplayed
|c|âDem Wolf|weirdo
|c|âDem Wolf|yeah
|c|âDem Wolf|w.e man
|c|âDem Wolf|;p
|
|switch|p2a: Excadrill|Excadrill, M, shiny|315\/424
|-ability|p2a: Excadrill|Mold Breaker
|turn|73
|c|âDem Wolf|get mad
|
|move|p1a: Thundurus|Knock Off|p2a: Excadrill
|-damage|p2a: Excadrill|142\/424
|-enditem|p2a: Excadrill|Leftovers|[from] move: Knock Off|[of] p1a: Thundurus
|-damage|p1a: Thundurus|10\/299|[from] item: Life Orb
|move|p2a: Excadrill|Iron Head|p1a: Thundurus
|-resisted|p1a: Thundurus
|-damage|p1a: Thundurus|0 fnt
|faint|p1a: Thundurus
|
|c|âDark Side of Moon|I'm good bro, i won
|c|âDem Wolf|gratz
|
|switch|p1a: Skarmory|Skarmory, F|316\/334
|-damage|p1a: Skarmory|275\/334|[from] Stealth Rock
|turn|74
|c|âDem Wolf|didnt say ur not
|
|move|p2a: Excadrill|Iron Head|p1a: Skarmory
|-resisted|p1a: Skarmory
|-damage|p1a: Skarmory|238\/334
|move|p1a: Skarmory|Defog|p2a: Excadrill
|-unboost|p2a: Excadrill|evasion|1
|-sideend|p1: Dark Side of Moon|Stealth Rock|[from] move: Defog|[of] p1a: Skarmory
|
|-heal|p1a: Skarmory|258\/334|[from] item: Leftovers
|turn|75
|
|move|p2a: Excadrill|Iron Head|p1a: Skarmory
|-resisted|p1a: Skarmory
|-damage|p1a: Skarmory|225\/334
|move|p1a: Skarmory|Whirlwind|p2a: Excadrill
|drag|p2a: Clefable|Clefable, F, shiny|306\/393
|
|-heal|p1a: Skarmory|245\/334|[from] item: Leftovers
|turn|76
|
|move|p1a: Skarmory|Stealth Rock|p2a: Clefable
|-sidestart|p2: Dem Wolf|move: Stealth Rock
|move|p2a: Clefable|Calm Mind|p2a: Clefable
|-boost|p2a: Clefable|spa|1
|-boost|p2a: Clefable|spd|1
|
|-heal|p1a: Skarmory|265\/334|[from] item: Leftovers
|turn|77
|
|move|p2a: Clefable|Moonblast|p1a: Skarmory
|-crit|p1a: Skarmory
|-resisted|p1a: Skarmory
|-damage|p1a: Skarmory|115\/334
|move|p1a: Skarmory|Whirlwind|p2a: Clefable
|drag|p2a: Excadrill|Excadrill, M, shiny|142\/424
|-damage|p2a: Excadrill|129\/424|[from] Stealth Rock
|-ability|p2a: Excadrill|Mold Breaker
|
|-heal|p1a: Skarmory|135\/334|[from] item: Leftovers
|turn|78
|
|move|p2a: Excadrill|Iron Head|p1a: Skarmory
|-resisted|p1a: Skarmory
|-damage|p1a: Skarmory|102\/334
|move|p1a: Skarmory|Whirlwind|p2a: Excadrill
|drag|p2a: Clefable|Clefable, F, shiny|306\/393
|-damage|p2a: Clefable|257\/393|[from] Stealth Rock
|
|-heal|p1a: Skarmory|122\/334|[from] item: Leftovers
|turn|79
|
|switch|p1a: Sylveon|Sylveon, F|288\/394
|move|p2a: Clefable|Moonblast|p1a: Sylveon
|-damage|p1a: Sylveon|219\/394
|
|-heal|p1a: Sylveon|243\/394|[from] item: Leftovers
|turn|80
|
|move|p2a: Clefable|Calm Mind|p2a: Clefable
|-boost|p2a: Clefable|spa|1
|-boost|p2a: Clefable|spd|1
|move|p1a: Sylveon|Heal Bell|p1a: Sylveon
|-cureteam|p1a: Sylveon|[from] move: HealBell
|
|-heal|p1a: Sylveon|267\/394|[from] item: Leftovers
|turn|81
|
|move|p2a: Clefable|Calm Mind|p2a: Clefable
|-boost|p2a: Clefable|spa|1
|-boost|p2a: Clefable|spd|1
|move|p1a: Sylveon|Wish|p1a: Sylveon
|
|-heal|p1a: Sylveon|291\/394|[from] item: Leftovers
|turn|82
|
|switch|p1a: Tyranitar|Tyranitar, M|173\/341
|-weather|Sandstorm
|move|p2a: Clefable|Moonblast|p1a: Tyranitar
|-supereffective|p1a: Tyranitar
|-damage|p1a: Tyranitar|0 fnt
|faint|p1a: Tyranitar
|
|-weather|Sandstorm|[upkeep]
|-damage|p2a: Clefable|233\/393|[from] sandstorm
|
|switch|p1a: Skarmory|Skarmory, F|122\/334
|turn|83
|
|move|p1a: Skarmory|Roost|p1a: Skarmory
|-heal|p1a: Skarmory|289\/334
|move|p2a: Clefable|Moonblast|p1a: Skarmory
|-resisted|p1a: Skarmory
|-damage|p1a: Skarmory|145\/334
|
|-weather|Sandstorm|[upkeep]
|-damage|p2a: Clefable|209\/393|[from] sandstorm
|-heal|p1a: Skarmory|165\/334|[from] item: Leftovers
|turn|84
|
|move|p1a: Skarmory|Roost|p1a: Skarmory
|-heal|p1a: Skarmory|332\/334
|move|p2a: Clefable|Moonlight|p2a: Clefable
|-heal|p2a: Clefable|307\/393
|
|-weather|Sandstorm|[upkeep]
|-damage|p2a: Clefable|283\/393|[from] sandstorm
|-heal|p1a: Skarmory|334\/334|[from] item: Leftovers
|turn|85
|
|move|p2a: Clefable|Moonblast|p1a: Skarmory
|-resisted|p1a: Skarmory
|-damage|p1a: Skarmory|202\/334
|move|p1a: Skarmory|Whirlwind|p2a: Clefable
|drag|p2a: Excadrill|Excadrill, M, shiny|129\/424
|-damage|p2a: Excadrill|116\/424|[from] Stealth Rock
|-ability|p2a: Excadrill|Mold Breaker
|
|-weather|Sandstorm|[upkeep]
|-heal|p1a: Skarmory|222\/334|[from] item: Leftovers
|turn|86
|
|switch|p1a: Slowbro|Slowbro, M, shiny|204\/394
|move|p2a: Excadrill|Rapid Spin|p1a: Slowbro
|-damage|p1a: Slowbro|191\/394
|-sideend|p2: Dem Wolf|Stealth Rock|[from] move: Rapid Spin|[of] p2a: Excadrill
|
|-weather|none
|turn|87
|
|detailschange|p1a: Slowbro|Slowbro-Mega, M, shiny
|-mega|p1a: Slowbro|Slowbro|Slowbronite
|move|p2a: Excadrill|Toxic|p1a: Slowbro
|-status|p1a: Slowbro|tox
|move|p1a: Slowbro|Slack Off|p1a: Slowbro
|-heal|p1a: Slowbro|388\/394 tox
|
|-damage|p1a: Slowbro|364\/394 tox|[from] psn
|turn|88
|
|move|p2a: Excadrill|Earthquake|p1a: Slowbro
|-damage|p1a: Slowbro|292\/394 tox
|move|p1a: Slowbro|Scald|p2a: Excadrill
|-supereffective|p2a: Excadrill
|-damage|p2a: Excadrill|0 fnt
|faint|p2a: Excadrill
|
|-damage|p1a: Slowbro|244\/394 tox|[from] psn
|
|switch|p2a: Clefable|Clefable, F, shiny|283\/393
|turn|89
|
|move|p2a: Clefable|Calm Mind|p2a: Clefable
|-boost|p2a: Clefable|spa|1
|-boost|p2a: Clefable|spd|1
|move|p1a: Slowbro|Scald|p2a: Clefable
|-damage|p2a: Clefable|207\/393
|
|-damage|p1a: Slowbro|172\/394 tox|[from] psn
|turn|90
|
|move|p2a: Clefable|Calm Mind|p2a: Clefable
|-boost|p2a: Clefable|spa|1
|-boost|p2a: Clefable|spd|1
|move|p1a: Slowbro|Scald|p2a: Clefable
|-damage|p2a: Clefable|150\/393
|
|-damage|p1a: Slowbro|76\/394 tox|[from] psn
|turn|91
|
|move|p2a: Clefable|Moonlight|p2a: Clefable
|-heal|p2a: Clefable|346\/393
|move|p1a: Slowbro|Scald|p2a: Clefable
|-damage|p2a: Clefable|294\/393
|-status|p2a: Clefable|brn
|
|-damage|p2a: Clefable|245\/393 brn|[from] brn
|-damage|p1a: Slowbro|0 fnt|[from] psn
|faint|p1a: Slowbro
|c|âDem Wolf|hmm lets see who wins
|c|âDem Wolf|:)
|
|switch|p1a: Sylveon|Sylveon, F|291\/394
|turn|92
|
|move|p2a: Clefable|Aromatherapy|p2a: Clefable
|-cureteam|p2a: Clefable|[from] move: Aromatherapy
|move|p1a: Sylveon|Hyper Voice|p2a: Clefable
|-damage|p2a: Clefable|170\/393
|
|-heal|p1a: Sylveon|315\/394|[from] item: Leftovers
|turn|93
|
|move|p2a: Clefable|Calm Mind|p2a: Clefable
|-boost|p2a: Clefable|spa|1
|-boost|p2a: Clefable|spd|1
|move|p1a: Sylveon|Hyper Voice|p2a: Clefable
|-damage|p2a: Clefable|110\/393
|
|-heal|p1a: Sylveon|339\/394|[from] item: Leftovers
|turn|94
|
|move|p2a: Clefable|Moonlight|p2a: Clefable
|-heal|p2a: Clefable|306\/393
|move|p1a: Sylveon|Hyper Voice|p2a: Clefable
|-damage|p2a: Clefable|251\/393
|
|-heal|p1a: Sylveon|363\/394|[from] item: Leftovers
|turn|95
|
|move|p2a: Clefable|Calm Mind|p2a: Clefable
|-boost|p2a: Clefable|spa|1
|-boost|p2a: Clefable|spd|1
|move|p1a: Sylveon|Hyper Voice|p2a: Clefable
|-damage|p2a: Clefable|203\/393
|
|-heal|p1a: Sylveon|387\/394|[from] item: Leftovers
|turn|96
|c|âDark Side of Moon|w.e good luck ur shit sets
|c|âDem Wolf|dude
|
|move|p2a: Clefable|Calm Mind|p2a: Clefable
|-boost|p2a: Clefable|spa|1
|-boost|p2a: Clefable|spd|1
|move|p1a: Sylveon|Hyper Voice|p2a: Clefable
|-damage|p2a: Clefable|166\/393
|
|-heal|p1a: Sylveon|394\/394|[from] item: Leftovers
|turn|97
|c|âDem Wolf|GET REKT
|c| Alkov|errr mob
|c| Alkov|this team was rmt'ed
|c| Alkov|stall-turn
|
|move|p2a: Clefable|Moonlight|p2a: Clefable
|-heal|p2a: Clefable|362\/393
|move|p1a: Sylveon|Hyper Voice|p2a: Clefable
|-damage|p2a: Clefable|322\/393
|
|turn|98
|c|âDark Side of Moon|83-51
|c|âDem Wolf|get rekt
|c|âDark Side of Moon|good position to be talking shit in
|c|âDem Wolf|:D
|c|âDark Side of Moon|obviously
|c| cosine180|isnt that uturn manaphy + gliscor
|c|âDark Side of Moon|haha
|c|âDem Wolf|lose that elo
|-message|Dark Side of Moon forfeited.
|
|win|Dem Wolf
|raw|Ladder updating...
|c| Alkov|i mean i think it was branflake's team
|leave|Dark Side of Moon
|player|p1
|raw|Dark Side of Moon's rating: 1626 &rarr; <strong>1601<\/strong><br \/>(-25 for losing)
|raw|Dem Wolf's rating: 1526 &rarr; <strong>1551<\/strong><br \/>(+25 for winning)
|c| Alkov|or something
|c|âDem Wolf|bye fag
|leave|Alkov
|c|âDem Wolf|:)
|leave|cosine180
|c|âDem Wolf|bossy shit