|join|Dark Side of Moon
|join|RestePaisible
|player|p1|Dark Side of Moon|161
|player|p2|RestePaisible|23
|gametype|singles
|gen|6
|tier|OU (suspect test)
|rated
|clearpoke
|poke|p1|Slowbro, M, shiny
|poke|p1|Tyranitar, M
|poke|p1|Sylveon, F
|poke|p1|Scizor, M
|poke|p1|Thundurus, M
|poke|p1|Skarmory, F
|poke|p2|Diancie
|poke|p2|Crawdaunt, M
|poke|p2|Conkeldurr, F
|poke|p2|Landorus-Therian, M
|poke|p2|Ferrothorn, M
|poke|p2|Rotom-Wash
|rule|Swagger Clause: Swagger is banned
|rule|Baton Pass Clause: Limit one PokÃ©mon knowing Baton Pass
|rule|Sleep Clause Mod: Limit one foe put to sleep
|rule|Species Clause: Limit one of each PokÃ©mon
|rule|OHKO Clause: OHKO moves are banned
|rule|Moody Clause: Moody is banned
|rule|Evasion Moves Clause: Evasion moves are banned
|rule|Endless Battle Clause: Forcing endless battles is banned
|rule|HP Percentage Mod: HP is shown in percentages
|teampreview
|
|start
|switch|p1a: Scizor|Scizor, M|281\/281
|switch|p2a: Diancie|Diancie|241\/241
|turn|1
|
|switch|p2a: Landorus-Therian|Landorus-Therian, M|319\/319
|-ability|p2a: Landorus-Therian|Intimidate|[of] p1a: Scizor
|-unboost|p1a: Scizor|atk|1
|move|p1a: Scizor|U-turn|p2a: Landorus-Therian
|-resisted|p2a: Landorus-Therian
|-damage|p2a: Landorus-Therian|247\/319
|
|switch|p1a: Skarmory|Skarmory, F|334\/334
|
|turn|2
|
|switch|p2a: Ferrothorn|Ferrothorn, M|352\/352
|move|p1a: Skarmory|Stealth Rock|p2a: Ferrothorn
|-sidestart|p2: RestePaisible|move: Stealth Rock
|
|turn|3
|
|switch|p1a: Scizor|Scizor, M|281\/281
|move|p2a: Ferrothorn|Stealth Rock|p1a: Scizor
|-sidestart|p1: Dark Side of Moon|move: Stealth Rock
|
|turn|4
|
|switch|p2a: Landorus-Therian|Landorus-Therian, M|247\/319
|-damage|p2a: Landorus-Therian|208\/319|[from] Stealth Rock
|-ability|p2a: Landorus-Therian|Intimidate|[of] p1a: Scizor
|-unboost|p1a: Scizor|atk|1
|move|p1a: Scizor|Superpower|p2a: Landorus-Therian
|-resisted|p2a: Landorus-Therian
|-damage|p2a: Landorus-Therian|117\/319
|-unboost|p1a: Scizor|atk|1
|-unboost|p1a: Scizor|def|1
|
|turn|5
|
|switch|p1a: Sylveon|Sylveon, F|394\/394
|-damage|p1a: Sylveon|345\/394|[from] Stealth Rock
|move|p2a: Landorus-Therian|U-turn|p1a: Sylveon
|-resisted|p1a: Sylveon
|-damage|p1a: Sylveon|287\/394
|
|switch|p2a: Ferrothorn|Ferrothorn, M|352\/352
|-damage|p2a: Ferrothorn|330\/352|[from] Stealth Rock
|
|-heal|p1a: Sylveon|311\/394|[from] item: Leftovers
|-heal|p2a: Ferrothorn|352\/352|[from] item: Leftovers
|turn|6
|
|move|p1a: Sylveon|Hyper Voice|p2a: Ferrothorn
|-resisted|p2a: Ferrothorn
|-damage|p2a: Ferrothorn|292\/352
|move|p2a: Ferrothorn|Gyro Ball|p1a: Sylveon
|-supereffective|p1a: Sylveon
|-damage|p1a: Sylveon|47\/394
|
|-heal|p1a: Sylveon|71\/394|[from] item: Leftovers
|-heal|p2a: Ferrothorn|314\/352|[from] item: Leftovers
|turn|7
|
|switch|p1a: Scizor|Scizor, M|281\/281
|-damage|p1a: Scizor|246\/281|[from] Stealth Rock
|move|p2a: Ferrothorn|Leech Seed|p1a: Scizor
|-start|p1a: Scizor|move: Leech Seed
|
|-heal|p2a: Ferrothorn|336\/352|[from] item: Leftovers
|-damage|p1a: Scizor|211\/281|[from] Leech Seed|[of] p2a: Ferrothorn
|-heal|p2a: Ferrothorn|352\/352|[silent]
|turn|8
|
|move|p1a: Scizor|U-turn|p2a: Ferrothorn
|-damage|p2a: Ferrothorn|219\/352
|-damage|p1a: Scizor|176\/281|[from] ability: Iron Barbs|[of] p2a: Ferrothorn
|
|switch|p1a: Sylveon|Sylveon, F|71\/394
|-damage|p1a: Sylveon|22\/394|[from] Stealth Rock
|move|p2a: Ferrothorn|Thunder Wave|p1a: Sylveon
|-status|p1a: Sylveon|par
|
|-heal|p2a: Ferrothorn|241\/352|[from] item: Leftovers
|-heal|p1a: Sylveon|46\/394 par|[from] item: Leftovers
|turn|9
|
|move|p2a: Ferrothorn|Gyro Ball|p1a: Sylveon
|-supereffective|p1a: Sylveon
|-damage|p1a: Sylveon|0 fnt
|faint|p1a: Sylveon
|
|-heal|p2a: Ferrothorn|263\/352|[from] item: Leftovers
|
|switch|p1a: Scizor|Scizor, M|176\/281
|-damage|p1a: Scizor|141\/281|[from] Stealth Rock
|turn|10
|
|switch|p2a: Rotom-Wash|Rotom-Wash|304\/304
|-damage|p2a: Rotom-Wash|266\/304|[from] Stealth Rock
|move|p1a: Scizor|Superpower|p2a: Rotom-Wash
|-damage|p2a: Rotom-Wash|41\/304
|-unboost|p1a: Scizor|atk|1
|-unboost|p1a: Scizor|def|1
|
|-heal|p2a: Rotom-Wash|60\/304|[from] item: Leftovers
|turn|11
|
|move|p1a: Scizor|Superpower|p2a: Rotom-Wash
|-crit|p2a: Rotom-Wash
|-damage|p2a: Rotom-Wash|0 fnt
|-unboost|p1a: Scizor|atk|1
|-unboost|p1a: Scizor|def|1
|faint|p2a: Rotom-Wash
|
|
|switch|p2a: Diancie|Diancie|241\/241
|-damage|p2a: Diancie|211\/241|[from] Stealth Rock
|turn|12
|
|switch|p1a: Skarmory|Skarmory, F|334\/334
|-damage|p1a: Skarmory|293\/334|[from] Stealth Rock
|detailschange|p2a: Diancie|Diancie-Mega
|-mega|p2a: Diancie|Diancie|Diancite
|move|p2a: Diancie|Diamond Storm|p1a: Skarmory
|-damage|p1a: Skarmory|196\/334
|-boost|p2a: Diancie|def|1
|
|-heal|p1a: Skarmory|216\/334|[from] item: Leftovers
|turn|13
|
|move|p2a: Diancie|Moonblast|p1a: Skarmory
|-resisted|p1a: Skarmory
|-damage|p1a: Skarmory|87\/334
|move|p1a: Skarmory|Roost|p1a: Skarmory
|-heal|p1a: Skarmory|254\/334
|
|-heal|p1a: Skarmory|274\/334|[from] item: Leftovers
|turn|14
|
|move|p2a: Diancie|Moonblast|p1a: Skarmory
|-resisted|p1a: Skarmory
|-damage|p1a: Skarmory|152\/334
|move|p1a: Skarmory|Roost|p1a: Skarmory
|-heal|p1a: Skarmory|319\/334
|
|-heal|p1a: Skarmory|334\/334|[from] item: Leftovers
|turn|15
|
|move|p2a: Diancie|Diamond Storm|p1a: Skarmory
|-damage|p1a: Skarmory|238\/334
|-boost|p2a: Diancie|def|1
|move|p1a: Skarmory|Defog|p2a: Diancie
|move|p2a: Diancie|Defog|p1a: Skarmory|[from]Magic Bounce
|-unboost|p1a: Skarmory|evasion|1
|-sideend|p1: Dark Side of Moon|Stealth Rock|[from] move: Defog|[of] p1a: Skarmory
|-sideend|p2: RestePaisible|Stealth Rock|[from] move: Defog|[of] p2a: Diancie
|
|-heal|p1a: Skarmory|258\/334|[from] item: Leftovers
|turn|16
|
|move|p2a: Diancie|Moonblast|p1a: Skarmory
|-resisted|p1a: Skarmory
|-damage|p1a: Skarmory|136\/334
|move|p1a: Skarmory|Roost|p1a: Skarmory
|-heal|p1a: Skarmory|303\/334
|
|-heal|p1a: Skarmory|323\/334|[from] item: Leftovers
|turn|17
|
|move|p2a: Diancie|Moonblast|p1a: Skarmory
|-resisted|p1a: Skarmory
|-damage|p1a: Skarmory|203\/334
|move|p1a: Skarmory|Whirlwind|p2a: Diancie
|move|p2a: Diancie|Whirlwind|p1a: Skarmory|[from]Magic Bounce
|drag|p1a: Slowbro|Slowbro, M, shiny|394\/394
|
|turn|18
|
|switch|p2a: Ferrothorn|Ferrothorn, M|263\/352
|move|p1a: Slowbro|Scald|p2a: Ferrothorn
|-resisted|p2a: Ferrothorn
|-damage|p2a: Ferrothorn|221\/352
|-status|p2a: Ferrothorn|brn
|
|-heal|p2a: Ferrothorn|243\/352 brn|[from] item: Leftovers
|-damage|p2a: Ferrothorn|199\/352 brn|[from] brn
|turn|19
|
|switch|p1a: Skarmory|Skarmory, F|203\/334
|move|p2a: Ferrothorn|Stealth Rock|p1a: Skarmory
|-sidestart|p1: Dark Side of Moon|move: Stealth Rock
|
|-heal|p1a: Skarmory|223\/334|[from] item: Leftovers
|-heal|p2a: Ferrothorn|221\/352 brn|[from] item: Leftovers
|-damage|p2a: Ferrothorn|177\/352 brn|[from] brn
|turn|20
|
|move|p1a: Skarmory|Stealth Rock|p2a: Ferrothorn
|-sidestart|p2: RestePaisible|move: Stealth Rock
|move|p2a: Ferrothorn|Leech Seed|p1a: Skarmory
|-start|p1a: Skarmory|move: Leech Seed
|
|-heal|p1a: Skarmory|243\/334|[from] item: Leftovers
|-heal|p2a: Ferrothorn|199\/352 brn|[from] item: Leftovers
|-damage|p1a: Skarmory|202\/334|[from] Leech Seed|[of] p2a: Ferrothorn
|-heal|p2a: Ferrothorn|240\/352 brn|[silent]
|-damage|p2a: Ferrothorn|196\/352 brn|[from] brn
|turn|21
|
|switch|p2a: Crawdaunt|Crawdaunt, M|267\/267
|-damage|p2a: Crawdaunt|234\/267|[from] Stealth Rock
|move|p1a: Skarmory|Roost|p1a: Skarmory
|-heal|p1a: Skarmory|334\/334
|
|-damage|p1a: Skarmory|293\/334|[from] Leech Seed|[of] p2a: Crawdaunt
|-heal|p2a: Crawdaunt|267\/267|[silent]
|turn|22
|
|move|p2a: Crawdaunt|Knock Off|p1a: Skarmory
|-damage|p1a: Skarmory|108\/334
|-enditem|p1a: Skarmory|Leftovers|[from] move: Knock Off|[of] p2a: Crawdaunt
|-damage|p2a: Crawdaunt|241\/267|[from] item: Life Orb
|move|p1a: Skarmory|Whirlwind|p2a: Crawdaunt
|drag|p2a: Diancie|Diancie-Mega|211\/241
|-damage|p2a: Diancie|181\/241|[from] Stealth Rock
|
|-damage|p1a: Skarmory|67\/334|[from] Leech Seed|[of] p2a: Diancie
|-heal|p2a: Diancie|222\/241|[silent]
|turn|23
|
|move|p2a: Diancie|Moonblast|p1a: Skarmory
|-resisted|p1a: Skarmory
|-damage|p1a: Skarmory|0 fnt
|faint|p1a: Skarmory
|
|
|switch|p1a: Scizor|Scizor, M|141\/281
|-damage|p1a: Scizor|106\/281|[from] Stealth Rock
|turn|24
|
|switch|p2a: Conkeldurr|Conkeldurr, F|413\/413
|-damage|p2a: Conkeldurr|388\/413|[from] Stealth Rock
|move|p1a: Scizor|Bullet Punch|p2a: Conkeldurr
|-damage|p2a: Conkeldurr|201\/413
|
|turn|25
|
|switch|p1a: Slowbro|Slowbro, M, shiny|394\/394
|-damage|p1a: Slowbro|345\/394|[from] Stealth Rock
|move|p2a: Conkeldurr|Drain Punch|p1a: Slowbro
|-resisted|p1a: Slowbro
|-damage|p1a: Slowbro|295\/394
|-heal|p2a: Conkeldurr|226\/413|[from] drain|[of] p1a: Slowbro
|
|turn|26
|
|switch|p2a: Ferrothorn|Ferrothorn, M|196\/352 brn
|-damage|p2a: Ferrothorn|174\/352 brn|[from] Stealth Rock
|move|p1a: Slowbro|Psyshock|p2a: Ferrothorn
|-resisted|p2a: Ferrothorn
|-damage|p2a: Ferrothorn|147\/352 brn
|
|-heal|p2a: Ferrothorn|169\/352 brn|[from] item: Leftovers
|-damage|p2a: Ferrothorn|125\/352 brn|[from] brn
|turn|27
|
|switch|p1a: Tyranitar|Tyranitar, M|341\/341
|-damage|p1a: Tyranitar|299\/341|[from] Stealth Rock
|-weather|Sandstorm
|move|p2a: Ferrothorn|Leech Seed|p1a: Tyranitar
|-start|p1a: Tyranitar|move: Leech Seed
|
|-weather|Sandstorm|[upkeep]
|-heal|p2a: Ferrothorn|147\/352 brn|[from] item: Leftovers
|-damage|p1a: Tyranitar|257\/341|[from] Leech Seed|[of] p2a: Ferrothorn
|-heal|p2a: Ferrothorn|189\/352 brn|[silent]
|-damage|p2a: Ferrothorn|145\/352 brn|[from] brn
|turn|28
|
|switch|p2a: Landorus-Therian|Landorus-Therian, M|117\/319
|-damage|p2a: Landorus-Therian|78\/319|[from] Stealth Rock
|-ability|p2a: Landorus-Therian|Intimidate|[of] p1a: Tyranitar
|-unboost|p1a: Tyranitar|atk|1
|move|p1a: Tyranitar|Superpower|p2a: Landorus-Therian
|-resisted|p2a: Landorus-Therian
|-damage|p2a: Landorus-Therian|22\/319
|-unboost|p1a: Tyranitar|atk|1
|-unboost|p1a: Tyranitar|def|1
|
|-weather|Sandstorm|[upkeep]
|-damage|p1a: Tyranitar|215\/341|[from] Leech Seed|[of] p2a: Landorus-Therian
|-heal|p2a: Landorus-Therian|64\/319|[silent]
|turn|29
|
|switch|p1a: Slowbro|Slowbro, M, shiny|394\/394
|-damage|p1a: Slowbro|345\/394|[from] Stealth Rock
|move|p2a: Landorus-Therian|U-turn|p1a: Slowbro
|-supereffective|p1a: Slowbro
|-damage|p1a: Slowbro|229\/394
|
|switch|p2a: Crawdaunt|Crawdaunt, M|241\/267
|-damage|p2a: Crawdaunt|208\/267|[from] Stealth Rock
|
|-weather|Sandstorm|[upkeep]
|-damage|p2a: Crawdaunt|192\/267|[from] sandstorm
|-damage|p1a: Slowbro|205\/394|[from] sandstorm
|turn|30
|
|switch|p1a: Tyranitar|Tyranitar, M|215\/341
|-damage|p1a: Tyranitar|173\/341|[from] Stealth Rock
|move|p2a: Crawdaunt|Knock Off|p1a: Tyranitar
|-resisted|p1a: Tyranitar
|-damage|p1a: Tyranitar|33\/341
|-enditem|p1a: Tyranitar|Choice Scarf|[from] move: Knock Off|[of] p2a: Crawdaunt
|-damage|p2a: Crawdaunt|166\/267|[from] item: Life Orb
|
|-weather|Sandstorm|[upkeep]
|-damage|p2a: Crawdaunt|150\/267|[from] sandstorm
|turn|31
|
|move|p2a: Crawdaunt|Aqua Jet|p1a: Tyranitar
|-supereffective|p1a: Tyranitar
|-damage|p1a: Tyranitar|0 fnt
|-damage|p2a: Crawdaunt|124\/267|[from] item: Life Orb
|faint|p1a: Tyranitar
|
|-weather|none
|
|switch|p1a: Thundurus|Thundurus, M|299\/299
|-damage|p1a: Thundurus|225\/299|[from] Stealth Rock
|turn|32
|
|switch|p2a: Landorus-Therian|Landorus-Therian, M|64\/319
|-damage|p2a: Landorus-Therian|25\/319|[from] Stealth Rock
|-ability|p2a: Landorus-Therian|Intimidate|[of] p1a: Thundurus
|-unboost|p1a: Thundurus|atk|1
|move|p1a: Thundurus|Thunderbolt|p2a: Landorus-Therian
|-immune|p2a: Landorus-Therian|[msg]
|
|turn|33
|
|switch|p1a: Slowbro|Slowbro, M, shiny|336\/394
|-damage|p1a: Slowbro|287\/394|[from] Stealth Rock
|move|p2a: Landorus-Therian|Explosion|p1a: Slowbro
|-damage|p1a: Slowbro|60\/394
|faint|p2a: Landorus-Therian
|
|
|switch|p2a: Diancie|Diancie-Mega|222\/241
|-damage|p2a: Diancie|192\/241|[from] Stealth Rock
|turn|34
|
|move|p2a: Diancie|Moonblast|p1a: Slowbro
|-damage|p1a: Slowbro|0 fnt
|faint|p1a: Slowbro
|
|
|switch|p1a: Scizor|Scizor, M|106\/281
|-damage|p1a: Scizor|71\/281|[from] Stealth Rock
|turn|35
|
|move|p2a: Diancie|Protect|p2a: Diancie
|-singleturn|p2a: Diancie|Protect
|move|p1a: Scizor|Superpower|p2a: Diancie
|-activate|p2a: Diancie|Protect
|
|turn|36
|c|âDark Side of Moon|ew]
|c|âDark Side of Moon|gtfo u garbage kid
|
|move|p2a: Diancie|Moonblast|p1a: Scizor
|-crit|p1a: Scizor
|-resisted|p1a: Scizor
|-damage|p1a: Scizor|0 fnt
|faint|p1a: Scizor
|
|
|switch|p1a: Thundurus|Thundurus, M|225\/299
|-damage|p1a: Thundurus|151\/299|[from] Stealth Rock
|turn|37
|c|âDark Side of Moon|dumbass noob
|-message|Dark Side of Moon forfeited.
|
|win|RestePaisible
|raw|Ladder updating...
|leave|Dark Side of Moon
|player|p1
|raw|Dark Side of Moon's rating: 1653 &rarr; <strong>1626<\/strong><br \/>(-27 for losing)
|raw|RestePaisible's rating: 1542 &rarr; <strong>1568<\/strong><br \/>(+26 for winning)