|join|Dark Side of Moon
|join|Aka DH
|join|greninja free zone
|player|p1|Dark Side of Moon|161
|player|p2|Aka DH|1
|gametype|singles
|gen|6
|tier|OU (suspect test)
|rated
|clearpoke
|poke|p1|Azumarill, M
|poke|p1|Gallade, M, shiny
|poke|p1|Tyranitar, M
|poke|p1|Latios, M
|poke|p1|Landorus, M, shiny
|poke|p1|Gengar, M
|poke|p2|Bisharp, F
|poke|p2|Venusaur, M
|poke|p2|Heatran, F
|poke|p2|Keldeo
|poke|p2|Chansey, F
|poke|p2|Skarmory, M
|rule|Swagger Clause: Swagger is banned
|rule|Baton Pass Clause: Limit one PokÃ©mon knowing Baton Pass
|rule|Sleep Clause Mod: Limit one foe put to sleep
|rule|Species Clause: Limit one of each PokÃ©mon
|rule|OHKO Clause: OHKO moves are banned
|rule|Moody Clause: Moody is banned
|rule|Evasion Moves Clause: Evasion moves are banned
|rule|Endless Battle Clause: Forcing endless battles is banned
|rule|HP Percentage Mod: HP is shown in percentages
|teampreview
|c| greninja free zone|but bloody
|join|Zenzo
|join|i came from leddit
|c| greninja free zone|we were ur best frens
|join|Stazler
|c| Zenzo|who hacked you bloody
|c| greninja free zone|we did nothing?
|c| Zenzo|who do you suspect
|c| i came from leddit|we weren't the ones who did it
|c| Zenzo|you said it was me before
|c| Zenzo|i can guarantee it wasn't
|c|âDark Side of Moon|why do you guys hype him up so much
|c|âDark Side of Moon|really wierd
|c| Zenzo|hi mob
|c| greninja free zone|mob
|c| greninja free zone|is that u lol
|c| i came from leddit|y
|c|âDark Side of Moon|gl bloody
|c|âDark Side of Moon|have fun with this match up
|
|start
|switch|p1a: Landorus|Landorus, M, shiny|319\/319
|switch|p2a: Keldeo|Keldeo|323\/323
|turn|1
|join|jake5
|c| jake5|lol mega gallade
|
|switch|p1a: Latios|Latios, M|301\/301
|move|p2a: Keldeo|Scald|p1a: Latios
|-resisted|p1a: Latios
|-damage|p1a: Latios|231\/301
|-status|p1a: Latios|brn
|
|-damage|p1a: Latios|194\/301 brn|[from] brn
|turn|2
|
|move|p1a: Latios|Draco Meteor|p2a: Keldeo|[miss]
|-miss|p1a: Latios|p2a: Keldeo
|move|p2a: Keldeo|Icy Wind|p1a: Latios
|-supereffective|p1a: Latios
|-damage|p1a: Latios|84\/301 brn
|-unboost|p1a: Latios|spe|1
|
|-damage|p1a: Latios|47\/301 brn|[from] brn
|turn|3
|c|âDark Side of Moon|oml
|
|switch|p1a: Azumarill|Azumarill, M|381\/381
|move|p2a: Keldeo|Scald|p1a: Azumarill
|-resisted|p1a: Azumarill
|-damage|p1a: Azumarill|302\/381
|
|turn|4
|
|switch|p2a: Heatran|Heatran, F|340\/340
|-item|p2a: Heatran|Air Balloon
|move|p1a: Azumarill|Play Rough|p2a: Heatran
|-resisted|p2a: Heatran
|-damage|p2a: Heatran|286\/340
|-enditem|p2a: Heatran|Air Balloon
|
|turn|5
|
|switch|p1a: Landorus|Landorus, M, shiny|319\/319
|move|p2a: Heatran|Stealth Rock|p1a: Landorus
|-sidestart|p1: Dark Side of Moon|move: Stealth Rock
|
|turn|6
|
|switch|p2a: Chansey|Chansey, F|684\/684
|move|p1a: Landorus|Stealth Rock|p2a: Chansey
|-sidestart|p2: Aka DH|move: Stealth Rock
|
|turn|7
|
|switch|p1a: Gengar|Gengar, M|261\/261
|-damage|p1a: Gengar|229\/261|[from] Stealth Rock
|move|p2a: Chansey|Thunder Wave|p1a: Gengar
|-status|p1a: Gengar|par
|
|turn|8
|join|iFenrear
|
|switch|p2a: Heatran|Heatran, F|286\/340
|-damage|p2a: Heatran|244\/340|[from] Stealth Rock
|move|p1a: Gengar|Will-O-Wisp|p2a: Heatran
|-start|p2a: Heatran|ability: Flash Fire
|
|turn|9
|
|switch|p1a: Tyranitar|Tyranitar, M|341\/341
|-damage|p1a: Tyranitar|299\/341|[from] Stealth Rock
|-weather|Sandstorm
|move|p2a: Heatran|Fire Blast|p1a: Tyranitar
|-resisted|p1a: Tyranitar
|-damage|p1a: Tyranitar|223\/341
|
|-weather|Sandstorm|[upkeep]
|turn|10
|
|move|p1a: Tyranitar|Superpower|p2a: Heatran
|-supereffective|p2a: Heatran
|-damage|p2a: Heatran|0 fnt
|-unboost|p1a: Tyranitar|atk|1
|-unboost|p1a: Tyranitar|def|1
|faint|p2a: Heatran
|
|-weather|Sandstorm|[upkeep]
|
|switch|p2a: Skarmory|Skarmory, M|334\/334
|-damage|p2a: Skarmory|293\/334|[from] Stealth Rock
|turn|11
|
|switch|p1a: Gengar|Gengar, M|229\/261 par
|-damage|p1a: Gengar|197\/261 par|[from] Stealth Rock
|move|p2a: Skarmory|Spikes|p1a: Gengar
|-sidestart|p1: Dark Side of Moon|Spikes
|
|-weather|Sandstorm|[upkeep]
|-damage|p1a: Gengar|181\/261 par|[from] sandstorm
|turn|12
|
|switch|p2a: Keldeo|Keldeo|323\/323
|-damage|p2a: Keldeo|303\/323|[from] Stealth Rock
|move|p1a: Gengar|Will-O-Wisp|p2a: Keldeo|[miss]
|-miss|p1a: Gengar|p2a: Keldeo
|
|-weather|Sandstorm|[upkeep]
|-damage|p2a: Keldeo|283\/323|[from] sandstorm
|-damage|p1a: Gengar|165\/261 par|[from] sandstorm
|-heal|p2a: Keldeo|303\/323|[from] item: Leftovers
|turn|13
|c|âDark Side of Moon|this keldeo shouldn't even be alive lol
|
|move|p2a: Keldeo|Scald|p1a: Gengar
|-crit|p1a: Gengar
|-damage|p1a: Gengar|0 fnt
|faint|p1a: Gengar
|
|-weather|none
|-heal|p2a: Keldeo|323\/323|[from] item: Leftovers
|
|switch|p1a: Gallade|Gallade, M, shiny|277\/277
|-damage|p1a: Gallade|243\/277|[from] Spikes
|-damage|p1a: Gallade|226\/277|[from] Stealth Rock
|turn|14
|
|detailschange|p1a: Gallade|Gallade-Mega, M, shiny
|-mega|p1a: Gallade|Gallade|Galladite
|move|p2a: Keldeo|Scald|p1a: Gallade
|-damage|p1a: Gallade|100\/277
|-status|p1a: Gallade|brn
|move|p1a: Gallade|Zen Headbutt|p2a: Keldeo
|-supereffective|p2a: Keldeo
|-damage|p2a: Keldeo|137\/323
|
|-heal|p2a: Keldeo|157\/323|[from] item: Leftovers
|-damage|p1a: Gallade|66\/277 brn|[from] brn
|turn|15
|c| jake5|hmm
|c|âDark Side of Moon|nice win you autistic fuck
|c|âAka DH|âDark Side of Moon: have fun with this match up
|
|move|p1a: Gallade|Swords Dance|p1a: Gallade
|-boost|p1a: Gallade|atk|2
|move|p2a: Keldeo|Scald|p1a: Gallade
|-damage|p1a: Gallade|0 fnt
|faint|p1a: Gallade
|
|-heal|p2a: Keldeo|177\/323|[from] item: Leftovers
|-message|Dark Side of Moon forfeited.
|leave|Dark Side of Moon
|c| jake5|lel
|
|win|Aka DH
|raw|Ladder updating...
|player|p1
|c| iFenrear|Aka dh: Dark side of moon: have fun with this match up
|join|9938598234s
|join|Spazzy Dog
|join|Shots Are Fired
|c| iFenrear|:x
|raw|Dark Side of Moon's rating: 1529 &rarr; <strong>1514<\/strong><br \/>(-15 for losing)
|raw|Aka DH's rating: 1602 &rarr; <strong>1617<\/strong><br \/>(+15 for winning)
|join|Collision Chaos
|leave|Spazzy Dog
|join|I am Nikki Mirai
|leave|Stazler
|join|Venancio12
|leave|Collision Chaos
|leave|I am Nikki Mirai
|join|Collision Chaos
|join|genIIwasmyjam
|join|Kama Sutra
|join|I am sick
|leave|Venancio12
|join|Stazler
|leave|Stazler