|join|evoX
|join|JohnOrigins
|player|p1|evoX|162
|player|p2|JohnOrigins|92
|gametype|singles
|gen|6
|tier|UU
|rated
|rule|Sleep Clause Mod: Limit one foe put to sleep
|rule|Species Clause: Limit one of each PokÃ©mon
|rule|OHKO Clause: OHKO moves are banned
|rule|Moody Clause: Moody is banned
|rule|Evasion Moves Clause: Evasion moves are banned
|rule|Endless Battle Clause: Forcing endless battles is banned
|rule|HP Percentage Mod: HP is shown in percentages
|clearpoke
|poke|p1|Vaporeon, F
|poke|p1|Porygon2
|poke|p1|Nidoking, M
|poke|p1|Lucario, M
|poke|p1|Forretress, F
|poke|p1|Arcanine, M
|poke|p2|Chesnaught, M
|poke|p2|Chandelure, F
|poke|p2|Starmie
|poke|p2|Flygon, F
|poke|p2|Florges, F
|poke|p2|Mienshao, M
|rule|Swagger Clause: Swagger is banned
|rule|Baton Pass Clause: Limit one PokÃ©mon knowing Baton Pass
|teampreview
|
|start
|switch|p1a: Nidoking|Nidoking, M|303\/303
|switch|p2a: mike aka Terrible|Flygon, F|301\/301
|turn|1
|
|switch|p1a: Forretress|Forretress, F|354\/354
|move|p2a: mike aka Terrible|U-turn|p1a: Forretress
|-resisted|p1a: Forretress
|-damage|p1a: Forretress|334\/354
|
|switch|p2a: Chandy|Chandelure, F|261\/261
|
|-heal|p1a: Forretress|354\/354|[from] item: Leftovers
|turn|2
|
|move|p2a: Chandy|Trick|p1a: Forretress
|-activate|p2a: Chandy|move: Trick|[of] p1a: Forretress
|-item|p1a: Forretress|Choice Specs|[from] move: Trick
|-item|p2a: Chandy|Leftovers|[from] move: Trick
|move|p1a: Forretress|Stealth Rock|p2a: Chandy
|-sidestart|p2: JohnOrigins|move: Stealth Rock
|
|turn|3
|
|switch|p1a: Vaporeon|Vaporeon, F|464\/464
|move|p2a: Chandy|Fire Blast|p1a: Vaporeon
|-resisted|p1a: Vaporeon
|-damage|p1a: Vaporeon|383\/464
|
|-heal|p1a: Vaporeon|412\/464|[from] item: Leftovers
|turn|4
|
|switch|p2a: Naughty Boi|Chesnaught, M|380\/380
|-damage|p2a: Naughty Boi|357\/380|[from] Stealth Rock
|move|p1a: Vaporeon|Baton Pass|p1a: Vaporeon
|
|switch|p1a: Nidoking|Nidoking, M|303\/303
|
|-heal|p2a: Naughty Boi|380\/380|[from] item: Leftovers
|turn|5
|
|move|p2a: Naughty Boi|Spiky Shield|p2a: Naughty Boi
|-singleturn|p2a: Naughty Boi|move: Protect
|move|p1a: Nidoking|Sludge Wave|p2a: Naughty Boi
|-activate|p2a: Naughty Boi|move: Protect
|
|turn|6
|
|switch|p2a: mike aka Terrible|Flygon, F|301\/301
|-damage|p2a: mike aka Terrible|283\/301|[from] Stealth Rock
|move|p1a: Nidoking|Sludge Wave|p2a: mike aka Terrible
|-resisted|p2a: mike aka Terrible
|-damage|p2a: mike aka Terrible|163\/301
|
|turn|7
|
|switch|p1a: Forretress|Forretress, F|354\/354
|move|p2a: mike aka Terrible|Earthquake|p1a: Forretress
|-damage|p1a: Forretress|267\/354
|
|turn|8
|
|switch|p2a: Naughty Boi|Chesnaught, M|380\/380
|-damage|p2a: Naughty Boi|357\/380|[from] Stealth Rock
|switch|p1a: Arcanine|Arcanine, M|321\/321
|-ability|p1a: Arcanine|Intimidate|[of] p2a: Naughty Boi
|-unboost|p2a: Naughty Boi|atk|1
|
|-heal|p2a: Naughty Boi|380\/380|[from] item: Leftovers
|turn|9
|
|move|p1a: Arcanine|Fire Blast|p2a: Naughty Boi
|-supereffective|p2a: Naughty Boi
|-damage|p2a: Naughty Boi|60\/380
|move|p2a: Naughty Boi|Spikes|p1a: Arcanine
|-sidestart|p1: evoX|Spikes
|
|-heal|p2a: Naughty Boi|83\/380|[from] item: Leftovers
|turn|10
|
|switch|p1a: Nidoking|Nidoking, M|303\/303
|-damage|p1a: Nidoking|266\/303|[from] Spikes
|switch|p2a: Glamour|Starmie|324\/324
|-damage|p2a: Glamour|284\/324|[from] Stealth Rock
|
|-heal|p2a: Glamour|304\/324|[from] item: Leftovers
|turn|11
|
|move|p1a: Nidoking|Thunderbolt|p2a: Glamour
|-supereffective|p2a: Glamour
|-damage|p2a: Glamour|0 fnt
|faint|p2a: Glamour
|
|
|switch|p2a: mike aka Terrible|Flygon, F|163\/301
|-damage|p2a: mike aka Terrible|145\/301|[from] Stealth Rock
|turn|12
|
|switch|p1a: Forretress|Forretress, F|267\/354
|-damage|p1a: Forretress|223\/354|[from] Spikes
|move|p2a: mike aka Terrible|Earthquake|p1a: Forretress
|-damage|p1a: Forretress|141\/354
|
|turn|13
|
|move|p2a: mike aka Terrible|Earthquake|p1a: Forretress
|-damage|p1a: Forretress|54\/354
|move|p1a: Forretress|Spikes|p2a: mike aka Terrible
|-sidestart|p2: JohnOrigins|Spikes
|
|turn|14
|
|move|p2a: mike aka Terrible|Earthquake|p1a: Forretress
|-damage|p1a: Forretress|0 fnt
|faint|p1a: Forretress
|
|
|switch|p1a: Porygon2|Porygon2|374\/374
|-damage|p1a: Porygon2|328\/374|[from] Spikes
|turn|15
|
|switch|p2a: Bubbles|Florges, F|360\/360
|-damage|p2a: Bubbles|315\/360|[from] Spikes
|-damage|p2a: Bubbles|270\/360|[from] Stealth Rock
|move|p1a: Porygon2|Tri Attack|p2a: Bubbles
|-damage|p2a: Bubbles|204\/360
|
|-heal|p2a: Bubbles|226\/360|[from] item: Leftovers
|turn|16
|
|move|p2a: Bubbles|Moonblast|p1a: Porygon2
|-damage|p1a: Porygon2|247\/374
|-unboost|p1a: Porygon2|spa|1
|move|p1a: Porygon2|Toxic|p2a: Bubbles
|-status|p2a: Bubbles|tox
|
|-heal|p2a: Bubbles|248\/360 tox|[from] item: Leftovers
|-damage|p2a: Bubbles|226\/360 tox|[from] psn
|turn|17
|
|switch|p1a: Vaporeon|Vaporeon, F|412\/464
|-damage|p1a: Vaporeon|354\/464|[from] Spikes
|move|p2a: Bubbles|Wish|p2a: Bubbles
|
|-heal|p2a: Bubbles|248\/360 tox|[from] item: Leftovers
|-heal|p1a: Vaporeon|383\/464|[from] item: Leftovers
|-damage|p2a: Bubbles|204\/360 tox|[from] psn
|turn|18
|
|move|p2a: Bubbles|Moonblast|p1a: Vaporeon
|-damage|p1a: Vaporeon|284\/464
|move|p1a: Vaporeon|Baton Pass|p1a: Vaporeon
|
|switch|p1a: Porygon2|Porygon2|247\/374
|-damage|p1a: Porygon2|201\/374|[from] Spikes
|
|-heal|p2a: Bubbles|360\/360 tox|[from] move: Wish|[wisher] Bubbles
|-damage|p2a: Bubbles|294\/360 tox|[from] psn
|turn|19
|
|switch|p2a: Chandy|Chandelure, F|261\/261
|-damage|p2a: Chandy|229\/261|[from] Spikes
|-damage|p2a: Chandy|164\/261|[from] Stealth Rock
|move|p1a: Porygon2|Recover|p1a: Porygon2
|-heal|p1a: Porygon2|374\/374
|
|-heal|p2a: Chandy|180\/261|[from] item: Leftovers
|turn|20
|
|move|p2a: Chandy|Fire Blast|p1a: Porygon2|[miss]
|-miss|p2a: Chandy|p1a: Porygon2
|move|p1a: Porygon2|Toxic|p2a: Chandy
|-status|p2a: Chandy|tox
|
|-heal|p2a: Chandy|196\/261 tox|[from] item: Leftovers
|-damage|p2a: Chandy|180\/261 tox|[from] psn
|turn|21
|
|move|p2a: Chandy|Trick|p1a: Porygon2
|-activate|p2a: Chandy|move: Trick|[of] p1a: Porygon2
|-item|p1a: Porygon2|Leftovers|[from] move: Trick
|-item|p2a: Chandy|Eviolite|[from] move: Trick
|move|p1a: Porygon2|Charge Beam|p2a: Chandy
|-damage|p2a: Chandy|127\/261 tox
|-boost|p1a: Porygon2|spa|1
|
|-damage|p2a: Chandy|95\/261 tox|[from] psn
|turn|22
|
|move|p2a: Chandy|Fire Blast|p1a: Porygon2
|-damage|p1a: Porygon2|113\/374
|move|p1a: Porygon2|Charge Beam|p2a: Chandy
|-damage|p2a: Chandy|10\/261 tox
|
|-heal|p1a: Porygon2|136\/374|[from] item: Leftovers
|-damage|p2a: Chandy|0 fnt|[from] psn
|faint|p2a: Chandy
|
|switch|p2a: Naughty Boi|Chesnaught, M|83\/380
|-damage|p2a: Naughty Boi|36\/380|[from] Spikes
|-damage|p2a: Naughty Boi|13\/380|[from] Stealth Rock
|turn|23
|
|move|p2a: Naughty Boi|Drain Punch|p1a: Porygon2
|-supereffective|p1a: Porygon2
|-damage|p1a: Porygon2|0 fnt
|-heal|p2a: Naughty Boi|81\/380|[from] drain|[of] p1a: Porygon2
|faint|p1a: Porygon2
|
|-heal|p2a: Naughty Boi|104\/380|[from] item: Leftovers
|
|switch|p1a: Nidoking|Nidoking, M|266\/303
|-damage|p1a: Nidoking|229\/303|[from] Spikes
|turn|24
|
|move|p1a: Nidoking|Sludge Wave|p2a: Naughty Boi
|-supereffective|p2a: Naughty Boi
|-damage|p2a: Naughty Boi|0 fnt
|faint|p2a: Naughty Boi
|
|
|switch|p2a: mike aka Terrible|Flygon, F|145\/301
|-damage|p2a: mike aka Terrible|127\/301|[from] Stealth Rock
|turn|25
|
|switch|p1a: Vaporeon|Vaporeon, F|284\/464
|-damage|p1a: Vaporeon|226\/464|[from] Spikes
|move|p2a: mike aka Terrible|Earthquake|p1a: Vaporeon
|-damage|p1a: Vaporeon|7\/464
|
|-heal|p1a: Vaporeon|36\/464|[from] item: Leftovers
|turn|26
|
|move|p2a: mike aka Terrible|Earthquake|p1a: Vaporeon
|-crit|p1a: Vaporeon
|-damage|p1a: Vaporeon|0 fnt
|faint|p1a: Vaporeon
|
|
|switch|p1a: Arcanine|Arcanine, M|321\/321
|-damage|p1a: Arcanine|281\/321|[from] Spikes
|-ability|p1a: Arcanine|Intimidate|[of] p2a: mike aka Terrible
|-unboost|p2a: mike aka Terrible|atk|1
|turn|27
|
|switch|p2a: Bubbles|Florges, F|294\/360 tox
|-damage|p2a: Bubbles|249\/360 tox|[from] Spikes
|-damage|p2a: Bubbles|204\/360 tox|[from] Stealth Rock
|move|p1a: Arcanine|Flare Blitz|p2a: Bubbles
|-damage|p2a: Bubbles|0 fnt
|-damage|p1a: Arcanine|214\/321|[from] recoil|[of] p2a: Bubbles
|faint|p2a: Bubbles
|
|
|switch|p2a: mike aka Terrible|Flygon, F|127\/301
|-damage|p2a: mike aka Terrible|109\/301|[from] Stealth Rock
|turn|28
|
|move|p2a: mike aka Terrible|Earthquake|p1a: Arcanine
|-supereffective|p1a: Arcanine
|-damage|p1a: Arcanine|0 fnt
|faint|p1a: Arcanine
|
|
|switch|p1a: Lucario|Lucario, M|281\/281
|-damage|p1a: Lucario|246\/281|[from] Spikes
|turn|29
|
|move|p1a: Lucario|Extreme Speed|p2a: mike aka Terrible
|-damage|p2a: mike aka Terrible|0 fnt
|-damage|p1a: Lucario|218\/281|[from] item: Life Orb
|faint|p2a: mike aka Terrible
|
|
|switch|p2a: Shao me ya tits|Mienshao, M|271\/271
|-damage|p2a: Shao me ya tits|255\/271|[from] Stealth Rock
|-damage|p2a: Shao me ya tits|222\/271|[from] Spikes
|turn|30
|
|move|p1a: Lucario|Extreme Speed|p2a: Shao me ya tits
|-damage|p2a: Shao me ya tits|53\/271
|-damage|p1a: Lucario|190\/281|[from] item: Life Orb
|move|p2a: Shao me ya tits|High Jump Kick|p1a: Lucario
|-supereffective|p1a: Lucario
|-damage|p1a: Lucario|0 fnt
|faint|p1a: Lucario
|
|
|switch|p1a: Nidoking|Nidoking, M|229\/303
|-damage|p1a: Nidoking|192\/303|[from] Spikes
|turn|31
|
|move|p2a: Shao me ya tits|High Jump Kick|p1a: Nidoking
|-crit|p1a: Nidoking
|-resisted|p1a: Nidoking
|-damage|p1a: Nidoking|0 fnt
|faint|p1a: Nidoking
|
|win|JohnOrigins
|raw|Ladder updating...
|raw|evoX's rating: 1289 &rarr; <strong>1272<\/strong><br \/>(-17 for losing)
|raw|JohnOrigins's rating: 1415 &rarr; <strong>1428<\/strong><br \/>(+13 for winning)
|c|âevoX|damn
|c|âevoX|gg
|c|âJohnOrigins|gg
|c|âJohnOrigins|sorry
|c|âJohnOrigins|that cruit so matter
|c|âJohnOrigins|:[[
|c|âevoX|it cool
|c|âevoX|lol
|c|âJohnOrigins|alw
|c|âJohnOrigins|ur core is dusgisting
|c|âJohnOrigins|:D
|c|âevoX|ty
|c|âevoX|:)