|join|JohnOrigins
|join|ausdojamanfresh
|player|p1|JohnOrigins|92
|player|p2|ausdojamanfresh|65
|gametype|singles
|gen|6
|tier|UU
|rated
|rule|Sleep Clause Mod: Limit one foe put to sleep
|rule|Species Clause: Limit one of each PokÃ©mon
|rule|OHKO Clause: OHKO moves are banned
|rule|Moody Clause: Moody is banned
|rule|Evasion Moves Clause: Evasion moves are banned
|rule|Endless Battle Clause: Forcing endless battles is banned
|rule|HP Percentage Mod: HP is shown in percentages
|clearpoke
|poke|p1|Ampharos, F
|poke|p1|Jirachi
|poke|p1|Honchkrow, M
|poke|p1|Azelf
|poke|p1|Mienshao, F
|poke|p1|Kingdra, M
|poke|p2|Blastoise, F, shiny
|poke|p2|Galvantula, F, shiny
|poke|p2|Lucario, M, shiny
|poke|p2|Trevenant, M, shiny
|poke|p2|Diancie, shiny
|poke|p2|Entei, shiny
|rule|Swagger Clause: Swagger is banned
|rule|Baton Pass Clause: Limit one PokÃ©mon knowing Baton Pass
|teampreview
|
|start
|switch|p1a: Azelf|Azelf|292\/292
|switch|p2a: Galvantula|Galvantula, F, shiny|282\/282
|turn|1
|
|move|p1a: Azelf|Taunt|p2a: Galvantula
|-start|p2a: Galvantula|move: Taunt
|move|p2a: Galvantula|Thunder|p1a: Azelf|[miss]
|-miss|p2a: Galvantula|p1a: Azelf
|
|turn|2
|c|âausdojamanfresh|really now
|
|switch|p2a: Diancie|Diancie, shiny|304\/304
|move|p1a: Azelf|Stealth Rock|p2a: Diancie
|-sidestart|p2: ausdojamanfresh|move: Stealth Rock
|
|turn|3
|
|move|p1a: Azelf|Taunt|p2a: Diancie
|-start|p2a: Diancie|move: Taunt
|move|p2a: Diancie|Moonblast|p1a: Azelf
|-damage|p1a: Azelf|70\/292
|
|turn|4
|
|move|p1a: Azelf|Explosion|p2a: Diancie
|-resisted|p2a: Diancie
|-damage|p2a: Diancie|209\/304
|faint|p1a: Azelf
|move|p2a: Diancie|Diamond Storm|p1: Azelf|[notarget]
|-notarget
|
|-heal|p2a: Diancie|228\/304|[from] item: Leftovers
|
|switch|p1a: Kingdra|Kingdra, M|307\/307
|turn|5
|
|switch|p2a: Trevenant|Trevenant, M, shiny|374\/374
|-damage|p2a: Trevenant|328\/374|[from] Stealth Rock
|move|p1a: Kingdra|Scald|p2a: Trevenant
|-resisted|p2a: Trevenant
|-damage|p2a: Trevenant|253\/374
|-status|p2a: Trevenant|brn
|
|-damage|p2a: Trevenant|207\/374 brn|[from] brn
|turn|6
|
|switch|p1a: Ampharos|Ampharos, F|354\/354
|move|p2a: Trevenant|Leech Seed|p1a: Ampharos
|-start|p1a: Ampharos|move: Leech Seed
|
|-damage|p1a: Ampharos|310\/354|[from] Leech Seed|[of] p2a: Trevenant
|-heal|p2a: Trevenant|251\/374 brn|[silent]
|-damage|p2a: Trevenant|205\/374 brn|[from] brn
|turn|7
|
|detailschange|p1a: Ampharos|Ampharos-Mega, F
|message|Ampharos has Mega Evolved into Mega Ampharos!
|-ability|p1a: Ampharos|Mold Breaker
|move|p1a: Ampharos|Volt Switch|p2a: Trevenant
|-resisted|p2a: Trevenant
|-damage|p2a: Trevenant|140\/374 brn
|
|switch|p1a: Honchkrow|Honchkrow, M|341\/341
|-enditem|p2a: Trevenant|Sitrus Berry|[eat]
|-heal|p2a: Trevenant|233\/374 brn|[from] item: Sitrus Berry
|move|p2a: Trevenant|Horn Leech|p1a: Honchkrow
|-resisted|p1a: Honchkrow
|-damage|p1a: Honchkrow|302\/341
|-heal|p2a: Trevenant|253\/374 brn|[from] drain|[of] p1a: Honchkrow
|
|-damage|p2a: Trevenant|207\/374 brn|[from] brn
|turn|8
|
|switch|p2a: Diancie|Diancie, shiny|228\/304
|-damage|p2a: Diancie|190\/304|[from] Stealth Rock
|move|p1a: Honchkrow|Brave Bird|p2a: Diancie
|-crit|p2a: Diancie
|-resisted|p2a: Diancie
|-damage|p2a: Diancie|42\/304
|-damage|p1a: Honchkrow|253\/341|[from] recoil|[of] p2a: Diancie
|-damage|p1a: Honchkrow|219\/341|[from] item: Life Orb
|
|-heal|p2a: Diancie|61\/304|[from] item: Leftovers
|turn|9
|c|âausdojamanfresh|damn bruh u gettin some luck this game
|
|move|p1a: Honchkrow|Brave Bird|p2a: Diancie
|-resisted|p2a: Diancie
|-damage|p2a: Diancie|0 fnt
|-damage|p1a: Honchkrow|199\/341|[from] recoil|[of] p2a: Diancie
|-damage|p1a: Honchkrow|165\/341|[from] item: Life Orb
|faint|p2a: Diancie
|-boost|p1a: Honchkrow|atk|1|[from] ability: Moxie
|
|
|switch|p2a: Galvantula|Galvantula, F, shiny|282\/282
|-damage|p2a: Galvantula|212\/282|[from] Stealth Rock
|turn|10
|
|move|p2a: Galvantula|Thunder Wave|p1a: Honchkrow
|-status|p1a: Honchkrow|par
|cant|p1a: Honchkrow|par
|
|turn|11
|
|move|p1a: Honchkrow|Sucker Punch|p2a: Galvantula
|-fail|p2a: Galvantula
|move|p2a: Galvantula|Sticky Web|p1a: Honchkrow
|-sidestart|p1: JohnOrigins|move: Sticky Web
|
|turn|12
|
|move|p2a: Galvantula|Thunder|p1a: Honchkrow|[miss]
|-miss|p2a: Galvantula|p1a: Honchkrow
|move|p1a: Honchkrow|Brave Bird|p2a: Galvantula
|-damage|p2a: Galvantula|0 fnt
|-damage|p1a: Honchkrow|95\/341 par|[from] recoil|[of] p2a: Galvantula
|-damage|p1a: Honchkrow|61\/341 par|[from] item: Life Orb
|faint|p2a: Galvantula
|-boost|p1a: Honchkrow|atk|1|[from] ability: Moxie
|
|c|âausdojamanfresh|another one tho
|c|âausdojamanfresh|hahaha
|
|switch|p2a: Lucario|Lucario, M, shiny|282\/282
|-damage|p2a: Lucario|274\/282|[from] Stealth Rock
|turn|13
|
|move|p2a: Lucario|Extreme Speed|p1a: Honchkrow
|-damage|p1a: Honchkrow|0 fnt
|-damage|p2a: Lucario|246\/282|[from] item: Life Orb
|faint|p1a: Honchkrow
|
|
|switch|p1a: Ampharos|Ampharos-Mega, F|310\/354
|-activate|p1a: Ampharos|move: Sticky Web
|-unboost|p1a: Ampharos|spe|1
|-ability|p1a: Ampharos|Mold Breaker
|turn|14
|
|switch|p2a: Trevenant|Trevenant, M, shiny|207\/374 brn
|-damage|p2a: Trevenant|161\/374 brn|[from] Stealth Rock
|move|p1a: Ampharos|Volt Switch|p2a: Trevenant
|-resisted|p2a: Trevenant
|-damage|p2a: Trevenant|98\/374 brn
|
|switch|p1a: Jirachi|Jirachi|404\/404
|-activate|p1a: Jirachi|move: Sticky Web
|-unboost|p1a: Jirachi|spe|1
|
|-damage|p2a: Trevenant|52\/374 brn|[from] brn
|turn|15
|
|move|p1a: Jirachi|Substitute|p1a: Jirachi
|-start|p1a: Jirachi|Substitute
|-damage|p1a: Jirachi|303\/404
|move|p2a: Trevenant|Leech Seed|p1a: Jirachi|[miss]
|-miss|p2a: Trevenant|p1a: Jirachi
|
|-heal|p1a: Jirachi|328\/404|[from] item: Leftovers
|-damage|p2a: Trevenant|6\/374 brn|[from] brn
|turn|16
|
|move|p1a: Jirachi|Fire Punch|p2a: Trevenant
|-supereffective|p2a: Trevenant
|-damage|p2a: Trevenant|0 fnt
|faint|p2a: Trevenant
|
|-heal|p1a: Jirachi|353\/404|[from] item: Leftovers
|
|switch|p2a: Blastoise|Blastoise, F, shiny|362\/362
|-damage|p2a: Blastoise|317\/362|[from] Stealth Rock
|turn|17
|
|detailschange|p2a: Blastoise|Blastoise-Mega, F, shiny
|message|Blastoise has Mega Evolved into Mega Blastoise!
|move|p1a: Jirachi|Toxic|p2a: Blastoise
|-status|p2a: Blastoise|tox
|move|p2a: Blastoise|Dark Pulse|p1a: Jirachi
|-supereffective|p1a: Jirachi
|-end|p1a: Jirachi|Substitute
|
|-heal|p1a: Jirachi|378\/404|[from] item: Leftovers
|-damage|p2a: Blastoise|295\/362 tox|[from] psn
|turn|18
|
|move|p1a: Jirachi|Iron Head|p2a: Blastoise
|-resisted|p2a: Blastoise
|-damage|p2a: Blastoise|248\/362 tox
|move|p2a: Blastoise|Rapid Spin|p1a: Jirachi
|-resisted|p1a: Jirachi
|-damage|p1a: Jirachi|371\/404
|-sideend|p2: ausdojamanfresh|Stealth Rock|[from] move: Rapid Spin|[of] p2a: Blastoise
|
|-heal|p1a: Jirachi|396\/404|[from] item: Leftovers
|-damage|p2a: Blastoise|204\/362 tox|[from] psn
|turn|19
|
|move|p1a: Jirachi|Iron Head|p2a: Blastoise
|-resisted|p2a: Blastoise
|-damage|p2a: Blastoise|162\/362 tox
|cant|p2a: Blastoise|flinch
|
|-heal|p1a: Jirachi|404\/404|[from] item: Leftovers
|-damage|p2a: Blastoise|96\/362 tox|[from] psn
|turn|20
|
|move|p1a: Jirachi|Iron Head|p2a: Blastoise
|-resisted|p2a: Blastoise
|-damage|p2a: Blastoise|54\/362 tox
|cant|p2a: Blastoise|flinch
|
|-damage|p2a: Blastoise|0 fnt|[from] psn
|faint|p2a: Blastoise
|c|âausdojamanfresh|god you have a gay team
|
|switch|p2a: Entei|Entei, shiny|371\/371
|-ability|p2a: Entei|Pressure
|turn|21
|
|switch|p1a: Ampharos|Ampharos-Mega, F|310\/354
|-activate|p1a: Ampharos|move: Sticky Web
|-unboost|p1a: Ampharos|spe|1
|-ability|p1a: Ampharos|Mold Breaker
|move|p2a: Entei|Sacred Fire|p1a: Ampharos
|-resisted|p1a: Ampharos
|-damage|p1a: Ampharos|175\/354
|-status|p1a: Ampharos|brn
|
|-damage|p1a: Ampharos|131\/354 brn|[from] brn
|turn|22
|
|move|p2a: Entei|Sacred Fire|p1a: Ampharos
|-resisted|p1a: Ampharos
|-damage|p1a: Ampharos|6\/354 brn
|move|p1a: Ampharos|Dragon Pulse|p2a: Entei
|-damage|p2a: Entei|122\/371
|
|-damage|p1a: Ampharos|0 fnt|[from] brn
|faint|p1a: Ampharos
|
|switch|p1a: Mienshao|Mienshao, F|271\/271
|-activate|p1a: Mienshao|move: Sticky Web
|-unboost|p1a: Mienshao|spe|1
|turn|23
|
|switch|p2a: Lucario|Lucario, M, shiny|246\/282
|move|p1a: Mienshao|High Jump Kick|p2a: Lucario
|-supereffective|p2a: Lucario
|-damage|p2a: Lucario|0 fnt
|faint|p2a: Lucario
|
|-message|ausdojamanfresh forfeited.
|
|win|JohnOrigins
|raw|Ladder updating...
|leave|ausdojamanfresh
|player|p2
|raw|JohnOrigins's rating: 1538 &rarr; <strong>1550<\/strong><br \/>(+12 for winning)
|raw|ausdojamanfresh's rating: 1388 &rarr; <strong>1376<\/strong><br \/>(-12 for losing)
|c|âJohnOrigins|gg