|join|feng
|join|JohnOrigins
|player|p1|feng|23
|player|p2|JohnOrigins|92
|gametype|singles
|gen|6
|tier|UU
|rated
|rule|Sleep Clause Mod: Limit one foe put to sleep
|rule|Species Clause: Limit one of each PokÃ©mon
|rule|OHKO Clause: OHKO moves are banned
|rule|Moody Clause: Moody is banned
|rule|Evasion Moves Clause: Evasion moves are banned
|rule|Endless Battle Clause: Forcing endless battles is banned
|rule|HP Percentage Mod: HP is shown in percentages
|clearpoke
|poke|p1|Kingdra, M
|poke|p1|Crobat, M
|poke|p1|Aggron, M
|poke|p1|Blissey, F
|poke|p1|Alomomola, M
|poke|p1|Krookodile, F
|poke|p2|Ampharos, F
|poke|p2|Jirachi
|poke|p2|Honchkrow, M
|poke|p2|Azelf
|poke|p2|Mienshao, F
|poke|p2|Kingdra, M
|rule|Swagger Clause: Swagger is banned
|rule|Baton Pass Clause: Limit one PokÃ©mon knowing Baton Pass
|teampreview
|
|start
|switch|p1a: Rho|Aggron, M|344\/344
|switch|p2a: Azelf|Azelf|292\/292
|turn|1
|
|detailschange|p1a: Rho|Aggron-Mega, M
|message|Aggron has Mega Evolved into Mega Aggron!
|move|p2a: Azelf|Taunt|p1a: Rho
|-start|p1a: Rho|move: Taunt
|move|p1a: Rho|Heavy Slam|p2a: Azelf
|-damage|p2a: Azelf|25\/292
|
|turn|2
|
|move|p2a: Azelf|Stealth Rock|p1a: Rho
|-sidestart|p1: feng|move: Stealth Rock
|move|p1a: Rho|Heavy Slam|p2a: Azelf
|-crit|p2a: Azelf
|-damage|p2a: Azelf|0 fnt
|faint|p2a: Azelf
|
|
|switch|p2a: Kingdra|Kingdra, M|307\/307
|turn|3
|
|move|p2a: Kingdra|Hydro Pump|p1a: Rho
|-damage|p1a: Rho|137\/344
|move|p1a: Rho|Heavy Slam|p2a: Kingdra
|-crit|p2a: Kingdra
|-resisted|p2a: Kingdra
|-damage|p2a: Kingdra|228\/307
|
|-end|p1a: Rho|move: Taunt
|turn|4
|
|switch|p1a: Tau|Blissey, F|714\/714
|-damage|p1a: Tau|625\/714|[from] Stealth Rock
|move|p2a: Kingdra|Hydro Pump|p1a: Tau
|-damage|p1a: Tau|427\/714
|
|-heal|p1a: Tau|471\/714|[from] item: Leftovers
|turn|5
|
|switch|p2a: Jirachi|Jirachi|404\/404
|move|p1a: Tau|Wish|p1a: Tau
|
|-heal|p1a: Tau|515\/714|[from] item: Leftovers
|turn|6
|
|switch|p1a: Rho|Aggron-Mega, M|137\/344
|-damage|p1a: Rho|116\/344|[from] Stealth Rock
|move|p2a: Jirachi|Fire Punch|p1a: Rho
|-supereffective|p1a: Rho
|-damage|p1a: Rho|67\/344
|
|-heal|p1a: Rho|344\/344|[from] move: Wish|[wisher] Tau
|turn|7
|
|switch|p1a: Delta|Alomomola, M|534\/534
|-damage|p1a: Delta|468\/534|[from] Stealth Rock
|move|p2a: Jirachi|Fire Punch|p1a: Delta
|-resisted|p1a: Delta
|-damage|p1a: Delta|439\/534
|-damage|p2a: Jirachi|337\/404|[from] item: Rocky Helmet|[of] p1a: Delta
|-status|p1a: Delta|brn
|
|-heal|p2a: Jirachi|362\/404|[from] item: Leftovers
|-damage|p1a: Delta|373\/534 brn|[from] brn
|turn|8
|join|boozinator
|join|chekm8
|
|switch|p2a: Ampharos|Ampharos, F|354\/354
|move|p1a: Delta|Knock Off|p2a: Ampharos
|-damage|p2a: Ampharos|332\/354
|
|-damage|p1a: Delta|307\/534 brn|[from] brn
|turn|9
|
|switch|p1a: Tau|Blissey, F|515\/714
|-damage|p1a: Tau|426\/714|[from] Stealth Rock
|detailschange|p2a: Ampharos|Ampharos-Mega, F
|message|Ampharos has Mega Evolved into Mega Ampharos!
|-ability|p2a: Ampharos|Mold Breaker
|move|p2a: Ampharos|Focus Blast|p1a: Tau
|-supereffective|p1a: Tau
|-damage|p1a: Tau|136\/714
|
|-heal|p1a: Tau|180\/714|[from] item: Leftovers
|turn|10
|
|move|p1a: Tau|Protect|p1a: Tau
|-singleturn|p1a: Tau|Protect
|move|p2a: Ampharos|Focus Blast|p1a: Tau
|-activate|p1a: Tau|Protect
|
|-heal|p1a: Tau|224\/714|[from] item: Leftovers
|turn|11
|
|move|p2a: Ampharos|Focus Blast|p1a: Tau
|-crit|p1a: Tau
|-supereffective|p1a: Tau
|-damage|p1a: Tau|0 fnt
|faint|p1a: Tau
|
|
|switch|p1a: Phi|Krookodile, F|331\/331
|-damage|p1a: Phi|311\/331|[from] Stealth Rock
|-ability|p1a: Phi|Intimidate|[of] p2a: Ampharos
|-unboost|p2a: Ampharos|atk|1
|turn|12
|
|switch|p2a: Honchkrow|Honchkrow, M|341\/341
|move|p1a: Phi|Earthquake|p2a: Honchkrow
|-immune|p2a: Honchkrow|[msg]
|
|turn|13
|
|switch|p1a: Delta|Alomomola, M|485\/534 brn
|-damage|p1a: Delta|419\/534 brn|[from] Stealth Rock
|switch|p2a: Mienshao|Mienshao, F|271\/271
|
|-damage|p1a: Delta|353\/534 brn|[from] brn
|turn|14
|
|move|p2a: Mienshao|U-turn|p1a: Delta
|-damage|p1a: Delta|288\/534 brn
|-damage|p2a: Mienshao|226\/271|[from] item: Rocky Helmet|[of] p1a: Delta
|
|switch|p2a: Ampharos|Ampharos-Mega, F|332\/354
|-ability|p2a: Ampharos|Mold Breaker
|move|p1a: Delta|Wish|p1a: Delta
|
|-damage|p1a: Delta|222\/534 brn|[from] brn
|turn|15
|
|switch|p1a: Rho|Aggron-Mega, M|344\/344
|-damage|p1a: Rho|323\/344|[from] Stealth Rock
|move|p2a: Ampharos|Volt Switch|p1a: Rho
|-damage|p1a: Rho|188\/344
|
|switch|p2a: Kingdra|Kingdra, M|228\/307
|
|-heal|p1a: Rho|344\/344|[from] move: Wish|[wisher] Delta
|turn|16
|
|move|p2a: Kingdra|Scald|p1a: Rho
|-damage|p1a: Rho|182\/344
|move|p1a: Rho|Metal Burst|p2a: Kingdra
|-damage|p2a: Kingdra|0 fnt
|faint|p2a: Kingdra
|
|
|switch|p2a: Mienshao|Mienshao, F|226\/271
|turn|17
|
|switch|p1a: Beta|Crobat, M|325\/325
|-damage|p1a: Beta|244\/325|[from] Stealth Rock
|move|p2a: Mienshao|Stone Edge|p1a: Beta
|-supereffective|p1a: Beta
|-damage|p1a: Beta|0 fnt
|faint|p1a: Beta
|
|
|switch|p1a: Phi|Krookodile, F|311\/331
|-damage|p1a: Phi|291\/331|[from] Stealth Rock
|-ability|p1a: Phi|Intimidate|[of] p2a: Mienshao
|-unboost|p2a: Mienshao|atk|1
|turn|18
|
|switch|p2a: Honchkrow|Honchkrow, M|341\/341
|move|p1a: Phi|Knock Off|p2a: Honchkrow
|-resisted|p2a: Honchkrow
|-damage|p2a: Honchkrow|148\/341
|-enditem|p2a: Honchkrow|Life Orb|[from] move: Knock Off|[of] p1a: Phi
|
|turn|19
|
|switch|p1a: Delta|Alomomola, M|400\/534 brn
|-damage|p1a: Delta|334\/534 brn|[from] Stealth Rock
|move|p2a: Honchkrow|Superpower|p1a: Delta
|-damage|p1a: Delta|203\/534 brn
|-damage|p2a: Honchkrow|92\/341|[from] item: Rocky Helmet|[of] p1a: Delta
|-unboost|p2a: Honchkrow|atk|1
|-unboost|p2a: Honchkrow|def|1
|
|-damage|p1a: Delta|137\/534 brn|[from] brn
|turn|20
|
|switch|p2a: Ampharos|Ampharos-Mega, F|332\/354
|-ability|p2a: Ampharos|Mold Breaker
|move|p1a: Delta|Wish|p1a: Delta
|
|-damage|p1a: Delta|71\/534 brn|[from] brn
|turn|21
|
|switch|p1a: Kingdra|Kingdra, M|291\/291
|-damage|p1a: Kingdra|255\/291|[from] Stealth Rock
|move|p2a: Ampharos|Focus Blast|p1a: Kingdra|[miss]
|-miss|p2a: Ampharos|p1a: Kingdra
|
|-heal|p1a: Kingdra|291\/291|[from] move: Wish|[wisher] Delta
|turn|22
|
|move|p1a: Kingdra|Draco Meteor|p2a: Ampharos
|-supereffective|p2a: Ampharos
|-damage|p2a: Ampharos|0 fnt
|-unboost|p1a: Kingdra|spa|2
|faint|p2a: Ampharos
|
|
|switch|p2a: Mienshao|Mienshao, F|226\/271
|turn|23
|
|switch|p1a: Delta|Alomomola, M|249\/534 brn
|-damage|p1a: Delta|183\/534 brn|[from] Stealth Rock
|move|p2a: Mienshao|High Jump Kick|p1a: Delta
|-damage|p1a: Delta|0 fnt
|-damage|p2a: Mienshao|181\/271|[from] item: Rocky Helmet|[of] p1a: Delta
|faint|p1a: Delta
|
|
|switch|p1a: Phi|Krookodile, F|291\/331
|-damage|p1a: Phi|271\/331|[from] Stealth Rock
|-ability|p1a: Phi|Intimidate|[of] p2a: Mienshao
|-unboost|p2a: Mienshao|atk|1
|turn|24
|
|switch|p1a: Rho|Aggron-Mega, M|182\/344
|-damage|p1a: Rho|161\/344|[from] Stealth Rock
|move|p2a: Mienshao|High Jump Kick|p1a: Rho
|-supereffective|p1a: Rho
|-damage|p1a: Rho|38\/344
|
|turn|25
|
|switch|p2a: Honchkrow|Honchkrow, M|92\/341
|move|p1a: Rho|Heavy Slam|p2a: Honchkrow
|-damage|p2a: Honchkrow|0 fnt
|faint|p2a: Honchkrow
|
|
|switch|p2a: Jirachi|Jirachi|362\/404
|turn|26
|
|move|p2a: Jirachi|Substitute|p2a: Jirachi
|-start|p2a: Jirachi|Substitute
|-damage|p2a: Jirachi|261\/404
|move|p1a: Rho|Heavy Slam|p2a: Jirachi
|-resisted|p2a: Jirachi
|-activate|p2a: Jirachi|Substitute|[damage]
|
|-heal|p2a: Jirachi|286\/404|[from] item: Leftovers
|turn|27
|
|move|p2a: Jirachi|Fire Punch|p1a: Rho
|-supereffective|p1a: Rho
|-damage|p1a: Rho|0 fnt
|faint|p1a: Rho
|
|-heal|p2a: Jirachi|311\/404|[from] item: Leftovers
|
|switch|p1a: Phi|Krookodile, F|271\/331
|-damage|p1a: Phi|251\/331|[from] Stealth Rock
|-activate|p2a: Jirachi|Substitute|ability: Intimidate|[of] p1a: Phi
|turn|28
|
|move|p1a: Phi|Knock Off|p2a: Jirachi
|-supereffective|p2a: Jirachi
|-end|p2a: Jirachi|Substitute
|move|p2a: Jirachi|Iron Head|p1a: Phi
|-damage|p1a: Phi|121\/331
|
|-heal|p2a: Jirachi|336\/404|[from] item: Leftovers
|turn|29
|
|move|p1a: Phi|Knock Off|p2a: Jirachi
|-supereffective|p2a: Jirachi
|-damage|p2a: Jirachi|0 fnt
|-enditem|p2a: Jirachi|Leftovers|[from] move: Knock Off|[of] p1a: Phi
|faint|p2a: Jirachi
|
|
|switch|p2a: Mienshao|Mienshao, F|181\/271
|turn|30
|
|move|p2a: Mienshao|High Jump Kick|p1a: Phi
|-supereffective|p1a: Phi
|-damage|p1a: Phi|0 fnt
|faint|p1a: Phi
|
|
|switch|p1a: Kingdra|Kingdra, M|291\/291
|-damage|p1a: Kingdra|255\/291|[from] Stealth Rock
|turn|31
|
|move|p2a: Mienshao|High Jump Kick|p1a: Kingdra
|-damage|p1a: Kingdra|0 fnt
|faint|p1a: Kingdra
|
|win|JohnOrigins
|raw|Ladder updating...
|raw|feng's rating: 1726 &rarr; <strong>1695<\/strong><br \/>(-31 for losing)
|raw|JohnOrigins's rating: 1507 &rarr; <strong>1538<\/strong><br \/>(+31 for winning)
|c|âJohnOrigins|gg
|leave|feng
|player|p1
|leave|chekm8