|join|jaymart123
|join|JohnOrigins
|player|p1|jaymart123|214
|player|p2|JohnOrigins|92
|gametype|singles
|gen|6
|tier|UU
|rated
|rule|Sleep Clause Mod: Limit one foe put to sleep
|rule|Species Clause: Limit one of each PokÃ©mon
|rule|OHKO Clause: OHKO moves are banned
|rule|Moody Clause: Moody is banned
|rule|Evasion Moves Clause: Evasion moves are banned
|rule|Endless Battle Clause: Forcing endless battles is banned
|rule|HP Percentage Mod: HP is shown in percentages
|clearpoke
|poke|p1|Dusclops, F
|poke|p1|Donphan, M
|poke|p1|Starmie
|poke|p1|Swellow, M
|poke|p1|Metagross
|poke|p1|Porygon-Z
|poke|p2|Houndoom, M
|poke|p2|Froslass, F
|poke|p2|Scrafty, F
|poke|p2|Swampert, F
|poke|p2|Florges, F
|poke|p2|Roserade, M
|rule|Swagger Clause: Swagger is banned
|rule|Baton Pass Clause: Limit one PokÃ©mon knowing Baton Pass
|teampreview
|
|start
|switch|p1a: Starmie|Starmie|262\/262
|switch|p2a: Froslass|Froslass, F|281\/281
|turn|1
|
|move|p1a: Starmie|Cosmic Power|p1a: Starmie
|-boost|p1a: Starmie|def|1
|-boost|p1a: Starmie|spd|1
|move|p2a: Froslass|Spikes|p1a: Starmie
|-sidestart|p1: jaymart123|Spikes
|
|turn|2
|
|move|p1a: Starmie|Cosmic Power|p1a: Starmie
|-boost|p1a: Starmie|def|1
|-boost|p1a: Starmie|spd|1
|move|p2a: Froslass|Taunt|p1a: Starmie
|-start|p1a: Starmie|move: Taunt
|
|turn|3
|
|move|p1a: Starmie|Surf|p2a: Froslass
|-damage|p2a: Froslass|98\/281
|move|p2a: Froslass|Destiny Bond|p2a: Froslass
|-singlemove|p2a: Froslass|Destiny Bond
|
|turn|4
|
|switch|p1a: Swellow|Swellow, M|262\/262
|move|p2a: Froslass|Spikes|p1a: Swellow
|-sidestart|p1: jaymart123|Spikes
|
|-status|p1a: Swellow|tox|[from] item: Toxic Orb
|turn|5
|
|move|p1a: Swellow|Brave Bird|p2a: Froslass
|-damage|p2a: Froslass|0 fnt
|-damage|p1a: Swellow|230\/262 tox|[from] recoil|[of] p2a: Froslass
|faint|p2a: Froslass
|
|-damage|p1a: Swellow|214\/262 tox|[from] psn
|
|switch|p2a: Swampert|Swampert, F|404\/404
|turn|6
|
|move|p1a: Swellow|U-turn|p2a: Swampert
|-damage|p2a: Swampert|326\/404
|
|switch|p1a: Dusclops|Dusclops, F|284\/284
|-damage|p1a: Dusclops|237\/284|[from] Spikes
|-item|p2a: Swampert|Leftovers|[from] ability: Frisk|[of] p1a: Dusclops|[identify]
|move|p2a: Swampert|Scald|p1a: Dusclops
|-damage|p1a: Dusclops|203\/284
|-status|p1a: Dusclops|brn
|
|-heal|p2a: Swampert|351\/404|[from] item: Leftovers
|-damage|p1a: Dusclops|168\/284 brn|[from] brn
|turn|7
|
|switch|p2a: Houndoom|Houndoom, M|291\/291
|move|p1a: Dusclops|Rest|p1a: Dusclops
|-status|p1a: Dusclops|slp
|-heal|p1a: Dusclops|284\/284 slp|[silent]
|-status|p1a: Dusclops|slp|[from] move: Rest
|
|turn|8
|
|detailschange|p2a: Houndoom|Houndoom-Mega, M
|message|Houndoom has Mega Evolved into Mega Houndoom!
|move|p2a: Houndoom|Nasty Plot|p2a: Houndoom
|-boost|p2a: Houndoom|spa|2
|cant|p1a: Dusclops|slp
|move|p1a: Dusclops|Sleep Talk|p1a: Dusclops
|move|p1a: Dusclops|Night Shade|p2a: Houndoom|[from]Sleep Talk
|-damage|p2a: Houndoom|191\/291
|
|turn|9
|
|switch|p1a: Starmie|Starmie|262\/262
|-damage|p1a: Starmie|219\/262|[from] Spikes
|move|p2a: Houndoom|Dark Pulse|p1a: Starmie
|-supereffective|p1a: Starmie
|-damage|p1a: Starmie|0 fnt
|faint|p1a: Starmie
|
|
|switch|p1a: Swellow|Swellow, M|214\/262 tox
|turn|10
|
|switch|p2a: Roserade|Roserade, M|261\/261
|move|p1a: Swellow|Facade|p2a: Roserade
|-damage|p2a: Roserade|0 fnt
|faint|p2a: Roserade
|
|-damage|p1a: Swellow|198\/262 tox|[from] psn
|
|switch|p2a: Swampert|Swampert, F|351\/404
|turn|11
|
|switch|p1a: Dusclops|Dusclops, F|284\/284 slp
|-damage|p1a: Dusclops|237\/284 slp|[from] Spikes
|-item|p2a: Swampert|Leftovers|[from] ability: Frisk|[of] p1a: Dusclops|[identify]
|move|p2a: Swampert|Stealth Rock|p1a: Dusclops
|-sidestart|p1: jaymart123|move: Stealth Rock
|
|-heal|p2a: Swampert|376\/404|[from] item: Leftovers
|turn|12
|
|switch|p2a: Scrafty|Scrafty, F|271\/271
|cant|p1a: Dusclops|slp
|move|p1a: Dusclops|Sleep Talk|p1a: Dusclops
|move|p1a: Dusclops|Night Shade|p2a: Scrafty|[from]Sleep Talk
|-damage|p2a: Scrafty|171\/271
|
|turn|13
|
|switch|p1a: Donphan|Donphan, M|384\/384
|-damage|p1a: Donphan|320\/384|[from] Spikes
|-damage|p1a: Donphan|296\/384|[from] Stealth Rock
|move|p2a: Scrafty|Dragon Dance|p2a: Scrafty
|-boost|p2a: Scrafty|atk|1
|-boost|p2a: Scrafty|spe|1
|
|-heal|p1a: Donphan|320\/384|[from] item: Leftovers
|turn|14
|
|move|p2a: Scrafty|Drain Punch|p1a: Donphan
|-damage|p1a: Donphan|191\/384
|-heal|p2a: Scrafty|236\/271|[from] drain|[of] p1a: Donphan
|-damage|p2a: Scrafty|209\/271|[from] item: Life Orb
|move|p1a: Donphan|Rapid Spin|p2a: Scrafty
|-damage|p2a: Scrafty|191\/271
|-sideend|p1: jaymart123|Spikes|[from] move: Rapid Spin|[of] p1a: Donphan
|-sideend|p1: jaymart123|Stealth Rock|[from] move: Rapid Spin|[of] p1a: Donphan
|
|-heal|p1a: Donphan|215\/384|[from] item: Leftovers
|turn|15
|
|move|p2a: Scrafty|Dragon Dance|p2a: Scrafty
|-boost|p2a: Scrafty|atk|1
|-boost|p2a: Scrafty|spe|1
|move|p1a: Donphan|Stealth Rock|p2a: Scrafty
|-sidestart|p2: JohnOrigins|move: Stealth Rock
|
|-heal|p1a: Donphan|239\/384|[from] item: Leftovers
|turn|16
|
|move|p2a: Scrafty|Drain Punch|p1a: Donphan
|-damage|p1a: Donphan|58\/384
|-heal|p2a: Scrafty|271\/271|[from] drain|[of] p1a: Donphan
|-damage|p2a: Scrafty|244\/271|[from] item: Life Orb
|move|p1a: Donphan|Earthquake|p2a: Scrafty
|-damage|p2a: Scrafty|112\/271
|
|-heal|p1a: Donphan|82\/384|[from] item: Leftovers
|turn|17
|
|move|p2a: Scrafty|Drain Punch|p1a: Donphan
|-damage|p1a: Donphan|0 fnt
|-heal|p2a: Scrafty|153\/271|[from] drain|[of] p1a: Donphan
|-damage|p2a: Scrafty|126\/271|[from] item: Life Orb
|faint|p1a: Donphan
|-boost|p2a: Scrafty|atk|1|[from] ability: Moxie
|
|
|switch|p1a: Swellow|Swellow, M|198\/262 tox
|turn|18
|
|move|p2a: Scrafty|Drain Punch|p1a: Swellow
|-damage|p1a: Swellow|0 fnt
|-heal|p2a: Scrafty|225\/271|[from] drain|[of] p1a: Swellow
|-damage|p2a: Scrafty|198\/271|[from] item: Life Orb
|faint|p1a: Swellow
|-boost|p2a: Scrafty|atk|1|[from] ability: Moxie
|
|
|switch|p1a: Dusclops|Dusclops, F|237\/284 slp
|-item|p2a: Scrafty|Life Orb|[from] ability: Frisk|[of] p1a: Dusclops|[identify]
|turn|19
|
|move|p2a: Scrafty|Knock Off|p1a: Dusclops
|-supereffective|p1a: Dusclops
|-damage|p1a: Dusclops|0 fnt
|-enditem|p1a: Dusclops|Eviolite|[from] move: Knock Off|[of] p2a: Scrafty
|-damage|p2a: Scrafty|171\/271|[from] item: Life Orb
|faint|p1a: Dusclops
|-boost|p2a: Scrafty|atk|1|[from] ability: Moxie
|
|
|switch|p1a: Metagross|Metagross|364\/364
|turn|20
|
|move|p1a: Metagross|Bullet Punch|p2a: Scrafty
|-damage|p2a: Scrafty|93\/271
|move|p2a: Scrafty|Knock Off|p1a: Metagross
|-supereffective|p1a: Metagross
|-damage|p1a: Metagross|0 fnt
|-enditem|p1a: Metagross|Assault Vest|[from] move: Knock Off|[of] p2a: Scrafty
|-damage|p2a: Scrafty|66\/271|[from] item: Life Orb
|faint|p1a: Metagross
|-boost|p2a: Scrafty|atk|1|[from] ability: Moxie
|
|-message|jaymart123 forfeited.
|
|win|JohnOrigins
|raw|Ladder updating...
|leave|jaymart123
|player|p1
|raw|jaymart123's rating: 1474 &rarr; <strong>1449<\/strong><br \/>(-25 for losing)
|raw|JohnOrigins's rating: 1399 &rarr; <strong>1424<\/strong><br \/>(+25 for winning)