|join|Mangekyo Pain
|join|JohnOrigins
|player|p1|Mangekyo Pain|105
|player|p2|JohnOrigins|92
|gametype|singles
|gen|6
|tier|UU
|rated
|rule|Sleep Clause Mod: Limit one foe put to sleep
|rule|Species Clause: Limit one of each PokÃ©mon
|rule|OHKO Clause: OHKO moves are banned
|rule|Moody Clause: Moody is banned
|rule|Evasion Moves Clause: Evasion moves are banned
|rule|Endless Battle Clause: Forcing endless battles is banned
|rule|HP Percentage Mod: HP is shown in percentages
|clearpoke
|poke|p1|Entei, shiny
|poke|p1|Toxicroak, F
|poke|p1|Rhydon, F
|poke|p1|Blastoise, F
|poke|p1|Florges, F
|poke|p1|Hydreigon, F
|poke|p2|Braviary, M
|poke|p2|Porygon-Z
|poke|p2|Haunter, F
|poke|p2|Toxicroak, M
|poke|p2|Ampharos, F
|poke|p2|Gligar, M
|rule|Swagger Clause: Swagger is banned
|rule|Baton Pass Clause: Limit one PokÃ©mon knowing Baton Pass
|teampreview
|
|start
|switch|p1a: dicke bezzi|Blastoise, F|362\/362
|switch|p2a: Canada|Braviary, M|360\/360
|turn|1
|
|detailschange|p1a: dicke bezzi|Blastoise-Mega, F
|message|Blastoise has Mega Evolved into Mega Blastoise!
|move|p2a: Canada|U-turn|p1a: dicke bezzi
|-damage|p1a: dicke bezzi|244\/362
|
|switch|p2a: Zed|Toxicroak, M|336\/336
|move|p1a: dicke bezzi|Scald|p2a: Zed
|-immune|p2a: Zed|[msg]
|
|turn|2
|
|switch|p1a: physicalatts?|Rhydon, F|414\/414
|move|p2a: Zed|Swords Dance|p2a: Zed
|-boost|p2a: Zed|atk|2
|
|turn|3
|
|move|p2a: Zed|Drain Punch|p1a: physicalatts?
|-supereffective|p1a: physicalatts?
|-damage|p1a: physicalatts?|172\/414
|move|p1a: physicalatts?|Earthquake|p2a: Zed
|-supereffective|p2a: Zed
|-enditem|p2a: Zed|Focus Sash
|-damage|p2a: Zed|1\/336
|
|turn|4
|
|move|p2a: Zed|Drain Punch|p1a: physicalatts?
|-supereffective|p1a: physicalatts?
|-damage|p1a: physicalatts?|0 fnt
|-heal|p2a: Zed|87\/336|[from] drain|[of] p1a: physicalatts?
|faint|p1a: physicalatts?
|
|
|switch|p1a: Fireee|Entei, shiny|372\/372
|-ability|p1a: Fireee|Pressure
|turn|5
|
|switch|p2a: Lemon|Gligar, M|333\/333
|move|p1a: Fireee|Extreme Speed|p2a: Lemon
|-damage|p2a: Lemon|250\/333
|-damage|p1a: Fireee|335\/372|[from] item: Life Orb
|
|turn|6
|
|switch|p1a: gl hercules|Hydreigon, F|325\/325
|move|p2a: Lemon|Stealth Rock|p1a: gl hercules
|-sidestart|p1: Mangekyo Pain|move: Stealth Rock
|
|turn|7
|
|move|p1a: gl hercules|Dark Pulse|p2a: Lemon
|-damage|p2a: Lemon|163\/333
|cant|p2a: Lemon|flinch
|
|turn|8
|
|move|p1a: gl hercules|Dark Pulse|p2a: Lemon
|-damage|p2a: Lemon|73\/333
|move|p2a: Lemon|Roost|p2a: Lemon
|-heal|p2a: Lemon|240\/333
|
|turn|9
|
|switch|p1a: dicke bezzi|Blastoise-Mega, F|244\/362
|-damage|p1a: dicke bezzi|199\/362|[from] Stealth Rock
|move|p2a: Lemon|U-turn|p1a: dicke bezzi
|-damage|p1a: dicke bezzi|164\/362
|
|switch|p2a: Canada|Braviary, M|360\/360
|
|turn|10
|
|move|p2a: Canada|Brave Bird|p1a: dicke bezzi
|-damage|p1a: dicke bezzi|0 fnt
|-damage|p2a: Canada|306\/360|[from] recoil|[of] p1a: dicke bezzi
|faint|p1a: dicke bezzi
|
|
|switch|p1a: gl hercules|Hydreigon, F|325\/325
|-damage|p1a: gl hercules|285\/325|[from] Stealth Rock
|turn|11
|
|move|p1a: gl hercules|Draco Meteor|p2a: Canada
|-damage|p2a: Canada|2\/360
|-unboost|p1a: gl hercules|spa|2
|move|p2a: Canada|Brave Bird|p1a: gl hercules
|-damage|p1a: gl hercules|0 fnt
|-damage|p2a: Canada|0 fnt|[from] recoil|[of] p1a: gl hercules
|faint|p1a: gl hercules
|faint|p2a: Canada
|
|-message|Mangekyo Pain forfeited.
|
|win|JohnOrigins
|raw|Ladder updating...
|leave|Mangekyo Pain
|player|p1
|raw|Mangekyo Pain's rating: 1395 &rarr; <strong>1380<\/strong><br \/>(-15 for losing)
|raw|JohnOrigins's rating: 1482 &rarr; <strong>1497<\/strong><br \/>(+15 for winning)