|join|JohnOrigins
|join|Akai-kun
|player|p1|JohnOrigins|92
|player|p2|Akai-kun|40
|gametype|singles
|gen|6
|tier|UU
|rated
|rule|Sleep Clause Mod: Limit one foe put to sleep
|rule|Species Clause: Limit one of each PokÃ©mon
|rule|OHKO Clause: OHKO moves are banned
|rule|Moody Clause: Moody is banned
|rule|Evasion Moves Clause: Evasion moves are banned
|rule|Endless Battle Clause: Forcing endless battles is banned
|rule|HP Percentage Mod: HP is shown in percentages
|clearpoke
|poke|p1|Medicham, F, shiny
|poke|p1|Hydreigon, M
|poke|p1|Jirachi
|poke|p1|Suicune
|poke|p1|Hippowdon, M
|poke|p1|Crobat, M
|poke|p2|Aggron, M
|poke|p2|Crobat, M
|poke|p2|Donphan, M, shiny
|poke|p2|Serperior, M, shiny
|poke|p2|Hydreigon, M
|poke|p2|Florges, F
|rule|Swagger Clause: Swagger is banned
|rule|Baton Pass Clause: Limit one PokÃ©mon knowing Baton Pass
|teampreview
|
|start
|switch|p1a: Skill.|Jirachi|341\/341
|switch|p2a: Titan|Aggron, M|344\/344
|turn|1
|
|detailschange|p2a: Titan|Aggron-Mega, M
|-mega|p2a: Titan|Aggron|Aggronite
|move|p1a: Skill.|U-turn|p2a: Titan
|-resisted|p2a: Titan
|-damage|p2a: Titan|328\/344
|
|switch|p1a: Yip Yip|Hippowdon, M|420\/420
|move|p2a: Titan|Earthquake|p1a: Yip Yip
|-damage|p1a: Yip Yip|332\/420
|
|-heal|p1a: Yip Yip|358\/420|[from] item: Leftovers
|turn|2
|
|switch|p2a: Timberus|Serperior, M, shiny|292\/292
|move|p1a: Yip Yip|Stealth Rock|p2a: Timberus
|-sidestart|p2: Akai-kun|move: Stealth Rock
|
|-heal|p1a: Yip Yip|384\/420|[from] item: Leftovers
|turn|3
|
|switch|p1a: Talibat|Crobat, M|373\/373
|move|p2a: Timberus|Glare|p1a: Talibat
|-status|p1a: Talibat|par
|
|turn|4
|
|switch|p2a: Gold|Donphan, M, shiny|384\/384
|-damage|p2a: Gold|360\/384|[from] Stealth Rock
|cant|p1a: Talibat|par
|
|-heal|p2a: Gold|384\/384|[from] item: Leftovers
|turn|5
|
|switch|p1a: Cody Licks Ass|Hydreigon, M|325\/325
|move|p2a: Gold|Stealth Rock|p1a: Cody Licks Ass
|-sidestart|p1: JohnOrigins|move: Stealth Rock
|
|turn|6
|
|switch|p2a: Titania|Florges, F|360\/360
|-damage|p2a: Titania|315\/360|[from] Stealth Rock
|move|p1a: Cody Licks Ass|U-turn|p2a: Titania
|-resisted|p2a: Titania
|-damage|p2a: Titania|289\/360
|
|switch|p1a: Skill.|Jirachi|341\/341
|-damage|p1a: Skill.|320\/341|[from] Stealth Rock
|
|-heal|p2a: Titania|311\/360|[from] item: Leftovers
|turn|7
|
|switch|p2a: Gold|Donphan, M, shiny|384\/384
|-damage|p2a: Gold|360\/384|[from] Stealth Rock
|move|p1a: Skill.|Iron Head|p2a: Gold
|-damage|p2a: Gold|285\/384
|
|-heal|p2a: Gold|309\/384|[from] item: Leftovers
|turn|8
|
|switch|p1a: Suicresselia|Suicune|404\/404
|-damage|p1a: Suicresselia|354\/404|[from] Stealth Rock
|-ability|p1a: Suicresselia|Pressure
|move|p2a: Gold|Rapid Spin|p1a: Suicresselia
|-damage|p1a: Suicresselia|340\/404
|-sideend|p2: Akai-kun|Stealth Rock|[from] move: Rapid Spin|[of] p2a: Gold
|
|-heal|p1a: Suicresselia|365\/404|[from] item: Leftovers
|-heal|p2a: Gold|333\/384|[from] item: Leftovers
|turn|9
|
|switch|p2a: Timberus|Serperior, M, shiny|292\/292
|move|p1a: Suicresselia|Scald|p2a: Timberus
|-resisted|p2a: Timberus
|-damage|p2a: Timberus|248\/292
|-status|p2a: Timberus|brn
|
|-heal|p2a: Timberus|266\/292 brn|[from] item: Leftovers
|-heal|p1a: Suicresselia|390\/404|[from] item: Leftovers
|-damage|p2a: Timberus|230\/292 brn|[from] brn
|turn|10
|
|switch|p1a: Skill.|Jirachi|320\/341
|-damage|p1a: Skill.|299\/341|[from] Stealth Rock
|move|p2a: Timberus|Leaf Storm|p1a: Skill.
|-resisted|p1a: Skill.
|-damage|p1a: Skill.|217\/341
|-boost|p2a: Timberus|spa|2
|
|-heal|p2a: Timberus|248\/292 brn|[from] item: Leftovers
|-damage|p2a: Timberus|212\/292 brn|[from] brn
|turn|11
|
|move|p1a: Skill.|Iron Head|p2a: Timberus
|-damage|p2a: Timberus|88\/292 brn
|cant|p2a: Timberus|flinch
|
|-heal|p2a: Timberus|106\/292 brn|[from] item: Leftovers
|-damage|p2a: Timberus|70\/292 brn|[from] brn
|turn|12
|
|switch|p2a: Doom|Hydreigon, M|325\/325
|move|p1a: Skill.|Iron Head|p2a: Doom
|-damage|p2a: Doom|184\/325
|
|turn|13
|
|move|p1a: Skill.|Iron Head|p2a: Doom
|-damage|p2a: Doom|45\/325
|move|p2a: Doom|Roost|p2a: Doom
|-heal|p2a: Doom|208\/325
|
|turn|14
|
|move|p1a: Skill.|Iron Head|p2a: Doom
|-damage|p2a: Doom|55\/325
|cant|p2a: Doom|flinch
|
|turn|15
|
|switch|p2a: Gold|Donphan, M, shiny|333\/384
|move|p1a: Skill.|Iron Head|p2a: Gold
|-damage|p2a: Gold|260\/384
|
|-heal|p2a: Gold|284\/384|[from] item: Leftovers
|turn|16
|
|switch|p1a: Talibat|Crobat, M|373\/373 par
|-damage|p1a: Talibat|280\/373 par|[from] Stealth Rock
|move|p2a: Gold|Earthquake|p1a: Talibat
|-immune|p1a: Talibat|[msg]
|
|-heal|p2a: Gold|308\/384|[from] item: Leftovers
|-heal|p1a: Talibat|303\/373 par|[from] item: Black Sludge
|turn|17
|
|move|p2a: Gold|Ice Shard|p1a: Talibat
|-supereffective|p1a: Talibat
|-damage|p1a: Talibat|205\/373 par
|cant|p1a: Talibat|par
|
|-heal|p2a: Gold|332\/384|[from] item: Leftovers
|-heal|p1a: Talibat|228\/373 par|[from] item: Black Sludge
|turn|18
|
|move|p2a: Gold|Ice Shard|p1a: Talibat
|-supereffective|p1a: Talibat
|-damage|p1a: Talibat|132\/373 par
|move|p1a: Talibat|Roost|p1a: Talibat
|-heal|p1a: Talibat|319\/373 par
|
|-heal|p2a: Gold|356\/384|[from] item: Leftovers
|-heal|p1a: Talibat|342\/373 par|[from] item: Black Sludge
|turn|19
|
|move|p2a: Gold|Ice Shard|p1a: Talibat
|-supereffective|p1a: Talibat
|-damage|p1a: Talibat|244\/373 par
|move|p1a: Talibat|Defog|p2a: Gold
|-unboost|p2a: Gold|evasion|1
|-sideend|p1: JohnOrigins|Stealth Rock|[from] move: Defog|[of] p1a: Talibat
|
|-heal|p2a: Gold|380\/384|[from] item: Leftovers
|-heal|p1a: Talibat|267\/373 par|[from] item: Black Sludge
|turn|20
|
|switch|p1a: Suicresselia|Suicune|390\/404
|-ability|p1a: Suicresselia|Pressure
|move|p2a: Gold|Stealth Rock|p1a: Suicresselia
|-sidestart|p1: JohnOrigins|move: Stealth Rock
|
|-heal|p1a: Suicresselia|404\/404|[from] item: Leftovers
|-heal|p2a: Gold|384\/384|[from] item: Leftovers
|turn|21
|
|switch|p2a: Titania|Florges, F|311\/360
|move|p1a: Suicresselia|Scald|p2a: Titania
|-damage|p2a: Titania|247\/360
|
|-heal|p2a: Titania|269\/360|[from] item: Leftovers
|turn|22
|
|move|p1a: Suicresselia|Calm Mind|p1a: Suicresselia
|-boost|p1a: Suicresselia|spa|1
|-boost|p1a: Suicresselia|spd|1
|move|p2a: Titania|Aromatherapy|p2a: Titania
|-cureteam|p2a: Titania|[from] move: Aromatherapy
|
|-heal|p2a: Titania|291\/360|[from] item: Leftovers
|turn|23
|
|move|p1a: Suicresselia|Calm Mind|p1a: Suicresselia
|-boost|p1a: Suicresselia|spa|1
|-boost|p1a: Suicresselia|spd|1
|move|p2a: Titania|Calm Mind|p2a: Titania
|-boost|p2a: Titania|spa|1
|-boost|p2a: Titania|spd|1
|
|-heal|p2a: Titania|313\/360|[from] item: Leftovers
|turn|24
|
|move|p1a: Suicresselia|Scald|p2a: Titania
|-damage|p2a: Titania|226\/360
|-status|p2a: Titania|brn
|move|p2a: Titania|Calm Mind|p2a: Titania
|-boost|p2a: Titania|spa|1
|-boost|p2a: Titania|spd|1
|
|-heal|p2a: Titania|248\/360 brn|[from] item: Leftovers
|-damage|p2a: Titania|203\/360 brn|[from] brn
|turn|25
|
|switch|p1a: Skill.|Jirachi|217\/341
|-damage|p1a: Skill.|196\/341|[from] Stealth Rock
|move|p2a: Titania|Aromatherapy|p2a: Titania
|-cureteam|p2a: Titania|[from] move: Aromatherapy
|
|-heal|p2a: Titania|225\/360|[from] item: Leftovers
|turn|26
|
|switch|p2a: Gold|Donphan, M, shiny|384\/384
|move|p1a: Skill.|U-turn|p2a: Gold
|-damage|p2a: Gold|341\/384
|
|switch|p1a: Talibat|Crobat, M|267\/373 par
|-damage|p1a: Talibat|174\/373 par|[from] Stealth Rock
|
|-heal|p2a: Gold|365\/384|[from] item: Leftovers
|-heal|p1a: Talibat|197\/373 par|[from] item: Black Sludge
|turn|27
|
|switch|p2a: Doom|Hydreigon, M|55\/325
|cant|p1a: Talibat|par
|
|-heal|p1a: Talibat|220\/373 par|[from] item: Black Sludge
|turn|28
|
|move|p2a: Doom|Draco Meteor|p1a: Talibat
|-damage|p1a: Talibat|0 fnt
|-unboost|p2a: Doom|spa|2
|-damage|p2a: Doom|23\/325|[from] item: Life Orb
|faint|p1a: Talibat
|
|
|switch|p1a: Skill.|Jirachi|196\/341
|-damage|p1a: Skill.|175\/341|[from] Stealth Rock
|turn|29
|
|switch|p2a: Gold|Donphan, M, shiny|365\/384
|move|p1a: Skill.|Iron Head|p2a: Gold
|-damage|p2a: Gold|292\/384
|
|-heal|p2a: Gold|316\/384|[from] item: Leftovers
|turn|30
|
|switch|p1a: Suicresselia|Suicune|404\/404
|-damage|p1a: Suicresselia|354\/404|[from] Stealth Rock
|-ability|p1a: Suicresselia|Pressure
|move|p2a: Gold|Earthquake|p1a: Suicresselia
|-damage|p1a: Suicresselia|260\/404
|
|-heal|p1a: Suicresselia|285\/404|[from] item: Leftovers
|-heal|p2a: Gold|340\/384|[from] item: Leftovers
|turn|31
|
|switch|p2a: Timberus|Serperior, M, shiny|70\/292
|move|p1a: Suicresselia|Scald|p2a: Timberus
|-resisted|p2a: Timberus
|-damage|p2a: Timberus|22\/292
|-status|p2a: Timberus|brn
|
|-heal|p2a: Timberus|40\/292 brn|[from] item: Leftovers
|-heal|p1a: Suicresselia|310\/404|[from] item: Leftovers
|-damage|p2a: Timberus|4\/292 brn|[from] brn
|turn|32
|
|switch|p1a: Cody Licks Ass|Hydreigon, M|325\/325
|-damage|p1a: Cody Licks Ass|285\/325|[from] Stealth Rock
|move|p2a: Timberus|Glare|p1a: Cody Licks Ass
|-status|p1a: Cody Licks Ass|par
|
|-heal|p2a: Timberus|22\/292 brn|[from] item: Leftovers
|-damage|p2a: Timberus|0 fnt|[from] brn
|faint|p2a: Timberus
|
|switch|p2a: Titania|Florges, F|225\/360
|turn|33
|
|switch|p1a: Skill.|Jirachi|175\/341
|-damage|p1a: Skill.|154\/341|[from] Stealth Rock
|move|p2a: Titania|Synthesis|p2a: Titania
|-heal|p2a: Titania|360\/360
|
|turn|34
|
|switch|p2a: Gold|Donphan, M, shiny|340\/384
|move|p1a: Skill.|U-turn|p2a: Gold
|-damage|p2a: Gold|297\/384
|
|switch|p1a: My 1st|Medicham, F, shiny|261\/261
|-damage|p1a: My 1st|245\/261|[from] Stealth Rock
|
|-heal|p2a: Gold|321\/384|[from] item: Leftovers
|turn|35
|
|detailschange|p1a: My 1st|Medicham-Mega, F, shiny
|-mega|p1a: My 1st|Medicham|Medichamite
|move|p1a: My 1st|Ice Punch|p2a: Gold
|-supereffective|p2a: Gold
|-damage|p2a: Gold|123\/384
|move|p2a: Gold|Earthquake|p1a: My 1st
|-damage|p1a: My 1st|77\/261
|
|-heal|p2a: Gold|147\/384|[from] item: Leftovers
|turn|36
|
|move|p2a: Gold|Ice Shard|p1a: My 1st
|-damage|p1a: My 1st|37\/261
|move|p1a: My 1st|Ice Punch|p2a: Gold
|-supereffective|p2a: Gold
|-damage|p2a: Gold|0 fnt
|faint|p2a: Gold
|
|
|switch|p2a: Hassan|Crobat, M|341\/341
|turn|37
|
|switch|p1a: Yip Yip|Hippowdon, M|384\/420
|-damage|p1a: Yip Yip|358\/420|[from] Stealth Rock
|move|p2a: Hassan|U-turn|p1a: Yip Yip
|-crit|p1a: Yip Yip
|-damage|p1a: Yip Yip|241\/420
|
|switch|p2a: Doom|Hydreigon, M|23\/325
|
|-heal|p1a: Yip Yip|267\/420|[from] item: Leftovers
|turn|38
|
|move|p2a: Doom|Roost|p2a: Doom
|-heal|p2a: Doom|186\/325
|move|p1a: Yip Yip|Stealth Rock|p2a: Doom
|-sidestart|p2: Akai-kun|move: Stealth Rock
|
|-heal|p1a: Yip Yip|293\/420|[from] item: Leftovers
|turn|39
|
|switch|p1a: Cody Licks Ass|Hydreigon, M|285\/325 par
|-damage|p1a: Cody Licks Ass|245\/325 par|[from] Stealth Rock
|move|p2a: Doom|Dark Pulse|p1a: Cody Licks Ass
|-resisted|p1a: Cody Licks Ass
|-damage|p1a: Cody Licks Ass|138\/325 par
|-damage|p2a: Doom|154\/325|[from] item: Life Orb
|
|turn|40
|
|move|p2a: Doom|Superpower|p1a: Cody Licks Ass
|-supereffective|p1a: Cody Licks Ass
|-damage|p1a: Cody Licks Ass|0 fnt
|-unboost|p2a: Doom|atk|1
|-unboost|p2a: Doom|def|1
|-damage|p2a: Doom|122\/325|[from] item: Life Orb
|faint|p1a: Cody Licks Ass
|
|
|switch|p1a: My 1st|Medicham-Mega, F, shiny|37\/261
|-damage|p1a: My 1st|21\/261|[from] Stealth Rock
|turn|41
|
|switch|p2a: Titan|Aggron-Mega, M|328\/344
|-damage|p2a: Titan|307\/344|[from] Stealth Rock
|move|p1a: My 1st|Ice Punch|p2a: Titan
|-resisted|p2a: Titan
|-damage|p2a: Titan|279\/344
|
|turn|42
|
|switch|p1a: Yip Yip|Hippowdon, M|293\/420
|-damage|p1a: Yip Yip|267\/420|[from] Stealth Rock
|move|p2a: Titan|Earthquake|p1a: Yip Yip
|-damage|p1a: Yip Yip|171\/420
|
|-heal|p1a: Yip Yip|197\/420|[from] item: Leftovers
|turn|43
|
|switch|p2a: Doom|Hydreigon, M|122\/325
|-damage|p2a: Doom|82\/325|[from] Stealth Rock
|move|p1a: Yip Yip|Roar|p2a: Doom
|drag|p2a: Titan|Aggron-Mega, M|279\/344
|-damage|p2a: Titan|258\/344|[from] Stealth Rock
|
|-heal|p1a: Yip Yip|223\/420|[from] item: Leftovers
|turn|44
|
|move|p1a: Yip Yip|Slack Off|p1a: Yip Yip
|-heal|p1a: Yip Yip|420\/420
|move|p2a: Titan|Dragon Tail|p1a: Yip Yip
|-damage|p1a: Yip Yip|365\/420
|drag|p1a: My 1st|Medicham-Mega, F, shiny|21\/261
|-damage|p1a: My 1st|5\/261|[from] Stealth Rock
|
|turn|45
|
|move|p1a: My 1st|High Jump Kick|p2a: Titan
|-supereffective|p2a: Titan
|-damage|p2a: Titan|9\/344
|move|p2a: Titan|Earthquake|p1a: My 1st
|-damage|p1a: My 1st|0 fnt
|faint|p1a: My 1st
|
|
|switch|p1a: Yip Yip|Hippowdon, M|365\/420
|-damage|p1a: Yip Yip|339\/420|[from] Stealth Rock
|turn|46
|
|move|p2a: Titan|Earthquake|p1a: Yip Yip
|-damage|p1a: Yip Yip|240\/420
|move|p1a: Yip Yip|Roar|p2a: Titan
|drag|p2a: Titania|Florges, F|360\/360
|-damage|p2a: Titania|315\/360|[from] Stealth Rock
|
|-heal|p2a: Titania|337\/360|[from] item: Leftovers
|-heal|p1a: Yip Yip|266\/420|[from] item: Leftovers
|turn|47
|
|move|p2a: Titania|Moonblast|p1a: Yip Yip
|-damage|p1a: Yip Yip|157\/420
|move|p1a: Yip Yip|Roar|p2a: Titania
|drag|p2a: Hassan|Crobat, M|341\/341
|-damage|p2a: Hassan|256\/341|[from] Stealth Rock
|
|-heal|p1a: Yip Yip|183\/420|[from] item: Leftovers
|turn|48
|
|move|p2a: Hassan|Brave Bird|p1a: Yip Yip
|-damage|p1a: Yip Yip|0 fnt
|-damage|p2a: Hassan|196\/341|[from] recoil|[of] p1a: Yip Yip
|faint|p1a: Yip Yip
|
|
|switch|p1a: Skill.|Jirachi|154\/341
|-damage|p1a: Skill.|133\/341|[from] Stealth Rock
|turn|49
|
|move|p1a: Skill.|Iron Head|p2a: Hassan
|-damage|p2a: Hassan|57\/341
|move|p2a: Hassan|Brave Bird|p1a: Skill.
|-resisted|p1a: Skill.
|-damage|p1a: Skill.|10\/341
|-damage|p2a: Hassan|16\/341|[from] recoil|[of] p1a: Skill.
|
|turn|50
|
|move|p1a: Skill.|Iron Head|p2a: Hassan
|-damage|p2a: Hassan|0 fnt
|faint|p2a: Hassan
|
|
|switch|p2a: Titan|Aggron-Mega, M|9\/344
|-damage|p2a: Titan|0 fnt|[from] Stealth Rock
|faint|p2a: Titan
|c|âAkai-kun|gg
|
|switch|p2a: Doom|Hydreigon, M|82\/325
|-damage|p2a: Doom|42\/325|[from] Stealth Rock
|turn|51
|c|âJohnOrigins|gg
|
|move|p1a: Skill.|Iron Head|p2a: Doom
|-damage|p2a: Doom|0 fnt
|faint|p2a: Doom
|
|
|switch|p2a: Titania|Florges, F|337\/360
|-damage|p2a: Titania|292\/360|[from] Stealth Rock
|turn|52
|
|move|p1a: Skill.|Iron Head|p2a: Titania
|-supereffective|p2a: Titania
|-damage|p2a: Titania|56\/360
|cant|p2a: Titania|flinch
|
|-heal|p2a: Titania|78\/360|[from] item: Leftovers
|turn|53
|
|move|p1a: Skill.|Iron Head|p2a: Titania
|-supereffective|p2a: Titania
|-damage|p2a: Titania|0 fnt
|faint|p2a: Titania
|
|win|JohnOrigins
|raw|Ladder updating...
|raw|JohnOrigins's rating: 1461 &rarr; <strong>1477<\/strong><br \/>(+16 for winning)
|raw|Akai-kun's rating: 1393 &rarr; <strong>1377<\/strong><br \/>(-16 for losing)
|leave|Akai-kun
|player|p2