|join|JohnOrigins
|join|T0kidoki
|player|p1|JohnOrigins|92
|player|p2|T0kidoki|80
|gametype|singles
|gen|6
|tier|UU
|rated
|rule|Sleep Clause Mod: Limit one foe put to sleep
|rule|Species Clause: Limit one of each PokÃ©mon
|rule|OHKO Clause: OHKO moves are banned
|rule|Moody Clause: Moody is banned
|rule|Evasion Moves Clause: Evasion moves are banned
|rule|Endless Battle Clause: Forcing endless battles is banned
|rule|HP Percentage Mod: HP is shown in percentages
|clearpoke
|poke|p1|Starmie
|poke|p1|Infernape, F
|poke|p1|Hippowdon, M
|poke|p1|Chesnaught, F
|poke|p1|Hydreigon, M
|poke|p1|Aerodactyl, M
|poke|p2|Sharpedo, F
|poke|p2|Alomomola, M
|poke|p2|Toxicroak, F
|poke|p2|Galvantula, M
|poke|p2|Jirachi, shiny
|poke|p2|Rotom-Heat
|rule|Swagger Clause: Swagger is banned
|rule|Baton Pass Clause: Limit one PokÃ©mon knowing Baton Pass
|teampreview
|
|start
|switch|p1a: Starmie|Starmie|261\/261
|switch|p2a: Rotom-Heat|Rotom-Heat|241\/241
|turn|1
|join|Fire-Slash
|c| Fire-Slash|gl & hf
|
|move|p2a: Rotom-Heat|Volt Switch|p1a: Starmie
|-supereffective|p1a: Starmie
|-damage|p1a: Starmie|19\/261
|c|âT0kidoki|Same
|
|switch|p2a: Jirachi|Jirachi, shiny|404\/404
|move|p1a: Starmie|Scald|p2a: Jirachi
|-damage|p2a: Jirachi|287\/404
|-damage|p1a: Starmie|0 fnt|[from] item: Life Orb
|faint|p1a: Starmie
|
|-heal|p2a: Jirachi|312\/404|[from] item: Leftovers
|
|switch|p1a: Hydreigon|Hydreigon, M|325\/325
|turn|2
|
|move|p1a: Hydreigon|Dark Pulse|p2a: Jirachi
|-supereffective|p2a: Jirachi
|-damage|p2a: Jirachi|0 fnt
|faint|p2a: Jirachi
|
|
|switch|p2a: Galvantula|Galvantula, M|281\/281
|turn|3
|
|switch|p1a: Hippowdon|Hippowdon, M|420\/420
|-weather|Sandstorm
|move|p2a: Galvantula|Bug Buzz|p1a: Hippowdon
|-damage|p1a: Hippowdon|294\/420
|
|-weather|Sandstorm|[upkeep]
|-damage|p2a: Galvantula|264\/281|[from] sandstorm
|-heal|p1a: Hippowdon|320\/420|[from] item: Leftovers
|turn|4
|
|move|p2a: Galvantula|Sticky Web|p1a: Hippowdon
|-sidestart|p1: JohnOrigins|move: Sticky Web
|move|p1a: Hippowdon|Stealth Rock|p2a: Galvantula
|-sidestart|p2: T0kidoki|move: Stealth Rock
|
|-weather|Sandstorm|[upkeep]
|-damage|p2a: Galvantula|247\/281|[from] sandstorm
|-heal|p1a: Hippowdon|346\/420|[from] item: Leftovers
|turn|5
|
|switch|p2a: Alomomola|Alomomola, M|534\/534
|-damage|p2a: Alomomola|468\/534|[from] Stealth Rock
|move|p1a: Hippowdon|Earthquake|p2a: Alomomola
|-damage|p2a: Alomomola|368\/534
|
|-weather|Sandstorm|[upkeep]
|-damage|p2a: Alomomola|335\/534|[from] sandstorm
|-heal|p2a: Alomomola|368\/534|[from] item: Leftovers
|-heal|p1a: Hippowdon|372\/420|[from] item: Leftovers
|turn|6
|
|switch|p1a: Hydreigon|Hydreigon, M|325\/325
|move|p2a: Alomomola|Wish|p2a: Alomomola
|
|-weather|Sandstorm|[upkeep]
|-damage|p1a: Hydreigon|305\/325|[from] sandstorm
|-damage|p2a: Alomomola|335\/534|[from] sandstorm
|-heal|p2a: Alomomola|368\/534|[from] item: Leftovers
|turn|7
|
|move|p2a: Alomomola|Protect|p2a: Alomomola
|-singleturn|p2a: Alomomola|Protect
|move|p1a: Hydreigon|Draco Meteor|p2a: Alomomola
|-activate|p2a: Alomomola|Protect
|
|-weather|none
|-heal|p2a: Alomomola|534\/534|[from] move: Wish|[wisher] Alomomola
|turn|8
|
|switch|p2a: Galvantula|Galvantula, M|247\/281
|-damage|p2a: Galvantula|177\/281|[from] Stealth Rock
|move|p1a: Hydreigon|Draco Meteor|p2a: Galvantula
|-damage|p2a: Galvantula|0 fnt
|-unboost|p1a: Hydreigon|spa|2
|faint|p2a: Galvantula
|
|
|switch|p2a: Toxicroak|Toxicroak, F|307\/307
|-damage|p2a: Toxicroak|288\/307|[from] Stealth Rock
|turn|9
|
|switch|p1a: Infernape|Infernape, F|293\/293
|-activate|p1a: Infernape|move: Sticky Web
|-unboost|p1a: Infernape|spe|1
|move|p2a: Toxicroak|Swords Dance|p2a: Toxicroak
|-boost|p2a: Toxicroak|atk|2
|
|turn|10
|
|move|p1a: Infernape|Flare Blitz|p2a: Toxicroak
|-damage|p2a: Toxicroak|0 fnt
|-damage|p1a: Infernape|198\/293|[from] recoil|[of] p2a: Toxicroak
|faint|p2a: Toxicroak
|
|-message|T0kidoki forfeited.
|leave|T0kidoki
|leave|Fire-Slash
|
|win|JohnOrigins
|raw|Ladder updating...
|player|p2
|raw|JohnOrigins's rating: 1437 &rarr; <strong>1450<\/strong><br \/>(+13 for winning)
|raw|T0kidoki's rating: 1321 &rarr; <strong>1307<\/strong><br \/>(-14 for losing)