|join|All Of That
|join|JohnOrigins
|player|p1|All Of That|170
|player|p2|JohnOrigins|92
|gametype|singles
|gen|6
|tier|UU
|rated
|rule|Sleep Clause Mod: Limit one foe put to sleep
|rule|Species Clause: Limit one of each PokÃ©mon
|rule|OHKO Clause: OHKO moves are banned
|rule|Moody Clause: Moody is banned
|rule|Evasion Moves Clause: Evasion moves are banned
|rule|Endless Battle Clause: Forcing endless battles is banned
|rule|HP Percentage Mod: HP is shown in percentages
|clearpoke
|poke|p1|Noivern, M
|poke|p1|Raikou
|poke|p1|Jirachi
|poke|p1|Blastoise, M
|poke|p1|Donphan, M
|poke|p1|Beedrill, M
|poke|p2|Medicham, F
|poke|p2|Jirachi
|poke|p2|Hippowdon, F
|poke|p2|Hydreigon, F
|poke|p2|Suicune
|poke|p2|Crobat, F
|rule|Swagger Clause: Swagger is banned
|rule|Baton Pass Clause: Limit one PokÃ©mon knowing Baton Pass
|teampreview
|join|WumboRick
|leave|WumboRick
|
|start
|switch|p1a: Blastoise|Blastoise, M|361\/361
|switch|p2a: Crobat|Crobat, F|373\/373
|turn|1
|
|move|p2a: Crobat|U-turn|p1a: Blastoise
|-damage|p1a: Blastoise|306\/361
|
|switch|p2a: Suicune|Suicune|404\/404
|-ability|p2a: Suicune|Pressure
|move|p1a: Blastoise|Scald|p2a: Suicune
|-resisted|p2a: Suicune
|-damage|p2a: Suicune|368\/404
|
|-heal|p2a: Suicune|393\/404|[from] item: Leftovers
|-heal|p1a: Blastoise|328\/361|[from] item: Leftovers
|turn|2
|
|move|p2a: Suicune|Scald|p1a: Blastoise
|-resisted|p1a: Blastoise
|-damage|p1a: Blastoise|300\/361
|move|p1a: Blastoise|Toxic|p2a: Suicune
|-status|p2a: Suicune|tox
|
|-heal|p2a: Suicune|404\/404 tox|[from] item: Leftovers
|-heal|p1a: Blastoise|322\/361|[from] item: Leftovers
|-damage|p2a: Suicune|379\/404 tox|[from] psn
|turn|3
|
|switch|p1a: Raikou|Raikou|321\/321
|-ability|p1a: Raikou|Pressure
|move|p2a: Suicune|Scald|p1a: Raikou
|-damage|p1a: Raikou|242\/321
|
|-heal|p2a: Suicune|404\/404 tox|[from] item: Leftovers
|-damage|p2a: Suicune|354\/404 tox|[from] psn
|turn|4
|
|switch|p2a: Hippowdon|Hippowdon, F|420\/420
|move|p1a: Raikou|Hidden Power|p2a: Hippowdon
|-supereffective|p2a: Hippowdon
|-damage|p2a: Hippowdon|238\/420
|
|-heal|p2a: Hippowdon|264\/420|[from] item: Leftovers
|turn|5
|
|switch|p1a: Blastoise|Blastoise, M|322\/361
|move|p2a: Hippowdon|Stealth Rock|p1a: Blastoise
|-sidestart|p1: All Of That|move: Stealth Rock
|
|-heal|p1a: Blastoise|344\/361|[from] item: Leftovers
|-heal|p2a: Hippowdon|290\/420|[from] item: Leftovers
|turn|6
|
|switch|p2a: Hydreigon|Hydreigon, F|325\/325
|move|p1a: Blastoise|Rapid Spin|p2a: Hydreigon
|-damage|p2a: Hydreigon|309\/325
|-sideend|p1: All Of That|Stealth Rock|[from] move: Rapid Spin|[of] p1a: Blastoise
|
|-heal|p1a: Blastoise|361\/361|[from] item: Leftovers
|turn|7
|
|move|p2a: Hydreigon|Dark Pulse|p1a: Blastoise
|-damage|p1a: Blastoise|222\/361
|move|p1a: Blastoise|Toxic|p2a: Hydreigon
|-status|p2a: Hydreigon|tox
|
|-heal|p1a: Blastoise|244\/361|[from] item: Leftovers
|-damage|p2a: Hydreigon|289\/325 tox|[from] psn
|turn|8
|
|move|p2a: Hydreigon|Dark Pulse|p1a: Blastoise
|-damage|p1a: Blastoise|109\/361
|move|p1a: Blastoise|Ice Beam|p2a: Hydreigon
|-crit|p2a: Hydreigon
|-supereffective|p2a: Hydreigon
|-damage|p2a: Hydreigon|97\/325 tox
|
|-heal|p1a: Blastoise|131\/361|[from] item: Leftovers
|-damage|p2a: Hydreigon|57\/325 tox|[from] psn
|turn|9
|
|switch|p1a: Noivern|Noivern, M|311\/311
|move|p2a: Hydreigon|Dark Pulse|p1a: Noivern
|-damage|p1a: Noivern|82\/311
|
|-damage|p2a: Hydreigon|0 fnt|[from] psn
|faint|p2a: Hydreigon
|
|switch|p2a: Jirachi|Jirachi|341\/341
|turn|10
|
|move|p2a: Jirachi|Iron Head|p1a: Noivern
|-damage|p1a: Noivern|0 fnt
|faint|p1a: Noivern
|
|
|switch|p1a: Donphan|Donphan, M|383\/383
|turn|11
|
|switch|p2a: Suicune|Suicune|354\/404 tox
|-ability|p2a: Suicune|Pressure
|move|p1a: Donphan|Earthquake|p2a: Suicune
|-damage|p2a: Suicune|258\/404 tox
|
|-heal|p2a: Suicune|283\/404 tox|[from] item: Leftovers
|-damage|p2a: Suicune|258\/404 tox|[from] psn
|turn|12
|
|switch|p1a: Raikou|Raikou|242\/321
|-ability|p1a: Raikou|Pressure
|move|p2a: Suicune|Scald|p1a: Raikou
|-damage|p1a: Raikou|154\/321
|
|-heal|p2a: Suicune|283\/404 tox|[from] item: Leftovers
|-damage|p2a: Suicune|233\/404 tox|[from] psn
|turn|13
|
|switch|p2a: Jirachi|Jirachi|341\/341
|move|p1a: Raikou|Shadow Ball|p2a: Jirachi
|-supereffective|p2a: Jirachi
|-damage|p2a: Jirachi|59\/341
|-unboost|p2a: Jirachi|spd|1
|
|turn|14
|
|switch|p1a: Donphan|Donphan, M|383\/383
|move|p2a: Jirachi|U-turn|p1a: Donphan
|-damage|p1a: Donphan|340\/383
|
|switch|p2a: Suicune|Suicune|233\/404 tox
|-ability|p2a: Suicune|Pressure
|
|-heal|p2a: Suicune|258\/404 tox|[from] item: Leftovers
|-heal|p1a: Donphan|363\/383|[from] item: Leftovers
|-damage|p2a: Suicune|233\/404 tox|[from] psn
|turn|15
|
|switch|p1a: Raikou|Raikou|154\/321
|-ability|p1a: Raikou|Pressure
|move|p2a: Suicune|Scald|p1a: Raikou
|-damage|p1a: Raikou|67\/321
|
|-heal|p2a: Suicune|258\/404 tox|[from] item: Leftovers
|-damage|p2a: Suicune|208\/404 tox|[from] psn
|turn|16
|
|switch|p2a: Hippowdon|Hippowdon, F|290\/420
|move|p1a: Raikou|Volt Switch|p2a: Hippowdon
|-immune|p2a: Hippowdon|[msg]
|
|-heal|p2a: Hippowdon|316\/420|[from] item: Leftovers
|turn|17
|
|switch|p1a: Blastoise|Blastoise, M|131\/361
|move|p2a: Hippowdon|Stealth Rock|p1a: Blastoise
|-sidestart|p1: All Of That|move: Stealth Rock
|
|-heal|p1a: Blastoise|153\/361|[from] item: Leftovers
|-heal|p2a: Hippowdon|342\/420|[from] item: Leftovers
|turn|18
|
|switch|p2a: Medicham|Medicham, F|261\/261
|move|p1a: Blastoise|Rapid Spin|p2a: Medicham
|-damage|p2a: Medicham|245\/261
|-sideend|p1: All Of That|Stealth Rock|[from] move: Rapid Spin|[of] p1a: Blastoise
|
|-heal|p1a: Blastoise|175\/361|[from] item: Leftovers
|turn|19
|
|switch|p1a: Donphan|Donphan, M|363\/383
|detailschange|p2a: Medicham|Medicham-Mega, F
|-mega|p2a: Medicham|Medicham|Medichamite
|move|p2a: Medicham|High Jump Kick|p1a: Donphan|[miss]
|-miss|p2a: Medicham|p1a: Donphan
|-damage|p2a: Medicham|115\/261|[from] highjumpkick
|
|-heal|p1a: Donphan|383\/383|[from] item: Leftovers
|turn|20
|
|move|p2a: Medicham|High Jump Kick|p1a: Donphan
|-damage|p1a: Donphan|142\/383
|move|p1a: Donphan|Earthquake|p2a: Medicham
|-damage|p2a: Medicham|0 fnt
|faint|p2a: Medicham
|
|-heal|p1a: Donphan|165\/383|[from] item: Leftovers
|
|switch|p2a: Suicune|Suicune|208\/404 tox
|-ability|p2a: Suicune|Pressure
|turn|21
|
|move|p2a: Suicune|Rest|p2a: Suicune
|-status|p2a: Suicune|slp
|-heal|p2a: Suicune|404\/404 slp|[silent]
|-status|p2a: Suicune|slp|[from] move: Rest
|move|p1a: Donphan|Earthquake|p2a: Suicune
|-damage|p2a: Suicune|305\/404 slp
|
|-heal|p2a: Suicune|330\/404 slp|[from] item: Leftovers
|-heal|p1a: Donphan|188\/383|[from] item: Leftovers
|turn|22
|
|cant|p2a: Suicune|slp
|move|p2a: Suicune|Sleep Talk|p2a: Suicune
|move|p2a: Suicune|Scald|p1a: Donphan|[from]Sleep Talk
|-supereffective|p1a: Donphan
|-damage|p1a: Donphan|0 fnt
|faint|p1a: Donphan
|
|-heal|p2a: Suicune|355\/404 slp|[from] item: Leftovers
|
|switch|p1a: Raikou|Raikou|67\/321
|-ability|p1a: Raikou|Pressure
|turn|23
|
|switch|p2a: Hippowdon|Hippowdon, F|342\/420
|move|p1a: Raikou|Shadow Ball|p2a: Hippowdon
|-damage|p2a: Hippowdon|224\/420
|-unboost|p2a: Hippowdon|spd|1
|
|-heal|p2a: Hippowdon|250\/420|[from] item: Leftovers
|turn|24
|
|switch|p1a: Blastoise|Blastoise, M|175\/361
|move|p2a: Hippowdon|Earthquake|p1a: Blastoise
|-damage|p1a: Blastoise|51\/361
|
|-heal|p1a: Blastoise|73\/361|[from] item: Leftovers
|-heal|p2a: Hippowdon|276\/420|[from] item: Leftovers
|turn|25
|
|switch|p1a: Raikou|Raikou|67\/321
|-ability|p1a: Raikou|Pressure
|switch|p2a: Crobat|Crobat, F|373\/373
|
|turn|26
|
|switch|p1a: Blastoise|Blastoise, M|73\/361
|move|p2a: Crobat|Brave Bird|p1a: Blastoise
|-damage|p1a: Blastoise|0 fnt
|-damage|p2a: Crobat|349\/373|[from] recoil|[of] p1a: Blastoise
|faint|p1a: Blastoise
|
|-heal|p2a: Crobat|372\/373|[from] item: Black Sludge
|
|switch|p1a: Jirachi|Jirachi|342\/342
|turn|27
|
|move|p2a: Crobat|U-turn|p1a: Jirachi
|-damage|p1a: Jirachi|287\/342
|
|switch|p2a: Hippowdon|Hippowdon, F|276\/420
|move|p1a: Jirachi|Substitute|p1a: Jirachi
|-start|p1a: Jirachi|Substitute
|-damage|p1a: Jirachi|202\/342
|
|-heal|p1a: Jirachi|223\/342|[from] item: Leftovers
|-heal|p2a: Hippowdon|302\/420|[from] item: Leftovers
|turn|28
|
|move|p1a: Jirachi|Toxic|p2a: Hippowdon
|-status|p2a: Hippowdon|tox
|move|p2a: Hippowdon|Stealth Rock|p1a: Jirachi
|-sidestart|p1: All Of That|move: Stealth Rock
|
|-heal|p1a: Jirachi|244\/342|[from] item: Leftovers
|-heal|p2a: Hippowdon|328\/420 tox|[from] item: Leftovers
|-damage|p2a: Hippowdon|302\/420 tox|[from] psn
|turn|29
|
|move|p1a: Jirachi|Iron Head|p2a: Hippowdon
|-damage|p2a: Hippowdon|191\/420 tox
|cant|p2a: Hippowdon|flinch
|
|-heal|p1a: Jirachi|265\/342|[from] item: Leftovers
|-heal|p2a: Hippowdon|217\/420 tox|[from] item: Leftovers
|-damage|p2a: Hippowdon|165\/420 tox|[from] psn
|turn|30
|
|switch|p2a: Suicune|Suicune|355\/404 slp
|-ability|p2a: Suicune|Pressure
|move|p1a: Jirachi|Iron Head|p2a: Suicune
|-resisted|p2a: Suicune
|-damage|p2a: Suicune|316\/404 slp
|
|-heal|p1a: Jirachi|286\/342|[from] item: Leftovers
|-heal|p2a: Suicune|341\/404 slp|[from] item: Leftovers
|turn|31
|
|move|p1a: Jirachi|Iron Head|p2a: Suicune
|-resisted|p2a: Suicune
|-damage|p2a: Suicune|305\/404 slp
|cant|p2a: Suicune|slp
|cant|p2a: Suicune|flinch
|
|-heal|p1a: Jirachi|307\/342|[from] item: Leftovers
|-heal|p2a: Suicune|330\/404 slp|[from] item: Leftovers
|turn|32
|
|move|p1a: Jirachi|Iron Head|p2a: Suicune
|-resisted|p2a: Suicune
|-damage|p2a: Suicune|291\/404 slp
|-curestatus|p2a: Suicune|slp
|cant|p2a: Suicune|flinch
|
|-heal|p1a: Jirachi|328\/342|[from] item: Leftovers
|-heal|p2a: Suicune|316\/404|[from] item: Leftovers
|turn|33
|
|move|p1a: Jirachi|Toxic|p2a: Suicune
|-status|p2a: Suicune|tox
|move|p2a: Suicune|Calm Mind|p2a: Suicune
|-boost|p2a: Suicune|spa|1
|-boost|p2a: Suicune|spd|1
|
|-heal|p1a: Jirachi|342\/342|[from] item: Leftovers
|-heal|p2a: Suicune|341\/404 tox|[from] item: Leftovers
|-damage|p2a: Suicune|316\/404 tox|[from] psn
|turn|34
|
|move|p1a: Jirachi|Iron Head|p2a: Suicune
|-resisted|p2a: Suicune
|-damage|p2a: Suicune|274\/404 tox
|move|p2a: Suicune|Scald|p1a: Jirachi
|-end|p1a: Jirachi|Substitute
|
|-heal|p2a: Suicune|299\/404 tox|[from] item: Leftovers
|-damage|p2a: Suicune|249\/404 tox|[from] psn
|turn|35
|join|SnivyOP
|
|move|p1a: Jirachi|Iron Head|p2a: Suicune
|-resisted|p2a: Suicune
|-damage|p2a: Suicune|213\/404 tox
|cant|p2a: Suicune|flinch
|
|-heal|p2a: Suicune|238\/404 tox|[from] item: Leftovers
|-damage|p2a: Suicune|163\/404 tox|[from] psn
|turn|36
|
|move|p1a: Jirachi|Iron Head|p2a: Suicune
|-resisted|p2a: Suicune
|-damage|p2a: Suicune|123\/404 tox
|move|p2a: Suicune|Rest|p2a: Suicune
|-status|p2a: Suicune|slp
|-heal|p2a: Suicune|404\/404 slp|[silent]
|-status|p2a: Suicune|slp|[from] move: Rest
|
|turn|37
|
|move|p1a: Jirachi|Substitute|p1a: Jirachi
|-start|p1a: Jirachi|Substitute
|-damage|p1a: Jirachi|257\/342
|cant|p2a: Suicune|slp
|move|p2a: Suicune|Sleep Talk|p2a: Suicune
|move|p2a: Suicune|Scald|p1a: Jirachi|[from]Sleep Talk
|-end|p1a: Jirachi|Substitute
|
|-heal|p1a: Jirachi|278\/342|[from] item: Leftovers
|turn|38
|leave|SnivyOP
|
|move|p1a: Jirachi|Substitute|p1a: Jirachi
|-start|p1a: Jirachi|Substitute
|-damage|p1a: Jirachi|193\/342
|cant|p2a: Suicune|slp
|move|p2a: Suicune|Sleep Talk|p2a: Suicune
|move|p2a: Suicune|Calm Mind|p2a: Suicune|[from]Sleep Talk
|-boost|p2a: Suicune|spa|1
|-boost|p2a: Suicune|spd|1
|
|-heal|p1a: Jirachi|214\/342|[from] item: Leftovers
|turn|39
|
|move|p1a: Jirachi|Iron Head|p2a: Suicune
|-resisted|p2a: Suicune
|-damage|p2a: Suicune|362\/404 slp
|-curestatus|p2a: Suicune|slp
|cant|p2a: Suicune|flinch
|
|-heal|p1a: Jirachi|235\/342|[from] item: Leftovers
|-heal|p2a: Suicune|387\/404|[from] item: Leftovers
|turn|40
|
|move|p1a: Jirachi|Toxic|p2a: Suicune
|-status|p2a: Suicune|tox
|move|p2a: Suicune|Rest|p2a: Suicune
|-status|p2a: Suicune|slp
|-heal|p2a: Suicune|404\/404 slp|[silent]
|-status|p2a: Suicune|slp|[from] move: Rest
|
|-heal|p1a: Jirachi|256\/342|[from] item: Leftovers
|turn|41
|
|move|p1a: Jirachi|Fire Punch|p2a: Suicune
|-resisted|p2a: Suicune
|-damage|p2a: Suicune|379\/404 slp
|cant|p2a: Suicune|slp
|move|p2a: Suicune|Sleep Talk|p2a: Suicune
|move|p2a: Suicune|Calm Mind|p2a: Suicune|[from]Sleep Talk
|-boost|p2a: Suicune|spa|1
|-boost|p2a: Suicune|spd|1
|
|-heal|p1a: Jirachi|277\/342|[from] item: Leftovers
|-heal|p2a: Suicune|404\/404 slp|[from] item: Leftovers
|turn|42
|-message|All Of That forfeited.
|leave|All Of That
|
|move|p1a: Jirachi|Iron Head|p2a: Suicune
|-resisted|p2a: Suicune
|-damage|p2a: Suicune|362\/404 slp
|cant|p2a: Suicune|slp
|cant|p2a: Suicune|flinch
|
|-heal|p1a: Jirachi|298\/342|[from] item: Leftovers
|-heal|p2a: Suicune|387\/404 slp|[from] item: Leftovers
|turn|43
|
|win|JohnOrigins
|raw|Ladder updating...
|player|p1
|raw|All Of That's rating: 1311 &rarr; <strong>1299<\/strong><br \/>(-12 for losing)
|raw|JohnOrigins's rating: 1449 &rarr; <strong>1461<\/strong><br \/>(+12 for winning)