|join|DreamScream
|join|POCHOLO
|player|p1|DreamScream|2
|player|p2|POCHOLO|264
|gametype|singles
|gen|6
|tier|OU
|rated
|clearpoke
|poke|p1|Charizard, M
|poke|p1|Azumarill, F
|poke|p1|Landorus, M
|poke|p1|Gardevoir, M
|poke|p1|Scizor, F
|poke|p1|Sylveon, M
|poke|p2|Landorus-Therian, M
|poke|p2|Manectric, M, shiny
|poke|p2|Cobalion
|poke|p2|Heatran, M
|poke|p2|Latios, M
|poke|p2|Greninja, F
|rule|Swagger Clause: Swagger is banned
|rule|Baton Pass Clause: Limit one PokÃ©mon knowing Baton Pass
|rule|Sleep Clause Mod: Limit one foe put to sleep
|rule|Species Clause: Limit one of each PokÃ©mon
|rule|OHKO Clause: OHKO moves are banned
|rule|Moody Clause: Moody is banned
|rule|Evasion Moves Clause: Evasion moves are banned
|rule|Endless Battle Clause: Forcing endless battles is banned
|rule|HP Percentage Mod: HP is shown in percentages
|teampreview
|c|âDreamScream|gl hf
|
|start
|switch|p1a: Azumarill|Azumarill, F|404\/404
|switch|p2a: Manectric|Manectric, M, shiny|281\/281
|turn|1
|
|switch|p1a: Sylveon|Sylveon, M|394\/394
|detailschange|p2a: Manectric|Manectric-Mega, M, shiny
|message|Manectric has Mega Evolved into Mega Manectric!
|-ability|p2a: Manectric|Intimidate|[of] p1a: Sylveon
|-unboost|p1a: Sylveon|atk|1
|move|p2a: Manectric|Volt Switch|p1a: Sylveon
|-damage|p1a: Sylveon|312\/394
|
|switch|p2a: Heatran|Heatran, M|385\/385
|
|-heal|p1a: Sylveon|336\/394|[from] item: Leftovers
|turn|2
|
|switch|p1a: Charizard|Charizard, M|298\/298
|move|p2a: Heatran|Stealth Rock|p1a: Charizard
|-sidestart|p1: DreamScream|move: Stealth Rock
|
|turn|3
|
|detailschange|p1a: Charizard|Charizard-Mega-X, M
|message|Charizard has Mega Evolved into Mega Charizard!
|move|p1a: Charizard|Dragon Dance|p1a: Charizard
|-boost|p1a: Charizard|atk|1
|-boost|p1a: Charizard|spe|1
|move|p2a: Heatran|Taunt|p1a: Charizard
|-start|p1a: Charizard|move: Taunt
|
|turn|4
|
|switch|p2a: Landorus-Therian|Landorus-Therian, M|322\/322
|-ability|p2a: Landorus-Therian|Intimidate|[of] p1a: Charizard
|-unboost|p1a: Charizard|atk|1
|move|p1a: Charizard|Earthquake|p2a: Landorus-Therian
|-immune|p2a: Landorus-Therian|[msg]
|
|turn|5
|
|switch|p1a: Scizor|Scizor, F|344\/344
|-damage|p1a: Scizor|301\/344|[from] Stealth Rock
|move|p2a: Landorus-Therian|U-turn|p1a: Scizor
|-resisted|p1a: Scizor
|-damage|p1a: Scizor|271\/344
|
|switch|p2a: Manectric|Manectric-Mega, M, shiny|281\/281
|-ability|p2a: Manectric|Intimidate|[of] p1a: Scizor
|-unboost|p1a: Scizor|atk|1
|
|-heal|p1a: Scizor|292\/344|[from] item: Leftovers
|turn|6
|
|switch|p1a: Sylveon|Sylveon, M|336\/394
|-damage|p1a: Sylveon|287\/394|[from] Stealth Rock
|move|p2a: Manectric|Volt Switch|p1a: Sylveon
|-damage|p1a: Sylveon|205\/394
|
|switch|p2a: Heatran|Heatran, M|385\/385
|
|-heal|p1a: Sylveon|229\/394|[from] item: Leftovers
|turn|7
|
|move|p2a: Heatran|Toxic|p1a: Sylveon|[miss]
|-miss|p2a: Heatran|p1a: Sylveon
|move|p1a: Sylveon|Wish|p1a: Sylveon
|
|-heal|p1a: Sylveon|253\/394|[from] item: Leftovers
|turn|8
|
|switch|p1a: Charizard|Charizard-Mega-X, M|298\/298
|-damage|p1a: Charizard|224\/298|[from] Stealth Rock
|move|p2a: Heatran|Toxic|p1a: Charizard
|-status|p1a: Charizard|tox
|
|-heal|p1a: Charizard|298\/298 tox|[from] move: Wish|[wisher] Sylveon
|-damage|p1a: Charizard|280\/298 tox|[from] psn
|turn|9
|
|move|p1a: Charizard|Dragon Claw|p2a: Heatran
|-resisted|p2a: Heatran
|-damage|p2a: Heatran|297\/385
|move|p2a: Heatran|Taunt|p1a: Charizard
|-start|p1a: Charizard|move: Taunt
|
|-heal|p2a: Heatran|321\/385|[from] item: Leftovers
|-damage|p1a: Charizard|244\/298 tox|[from] psn
|turn|10
|
|switch|p1a: Azumarill|Azumarill, F|404\/404
|-damage|p1a: Azumarill|354\/404|[from] Stealth Rock
|switch|p2a: Landorus-Therian|Landorus-Therian, M|322\/322
|-ability|p2a: Landorus-Therian|Intimidate|[of] p1a: Azumarill
|-unboost|p1a: Azumarill|atk|1
|
|turn|11
|
|switch|p2a: Manectric|Manectric-Mega, M, shiny|281\/281
|-ability|p2a: Manectric|Intimidate|[of] p1a: Azumarill
|-unboost|p1a: Azumarill|atk|1
|move|p1a: Azumarill|Knock Off|p2a: Manectric
|-damage|p2a: Manectric|229\/281
|
|turn|12
|
|switch|p1a: Scizor|Scizor, F|292\/344
|-damage|p1a: Scizor|249\/344|[from] Stealth Rock
|move|p2a: Manectric|Volt Switch|p1a: Scizor
|-crit|p1a: Scizor
|-damage|p1a: Scizor|36\/344
|
|switch|p2a: Landorus-Therian|Landorus-Therian, M|322\/322
|-ability|p2a: Landorus-Therian|Intimidate|[of] p1a: Scizor
|-unboost|p1a: Scizor|atk|1
|
|-heal|p1a: Scizor|57\/344|[from] item: Leftovers
|turn|13
|
|move|p2a: Landorus-Therian|Earthquake|p1a: Scizor
|-damage|p1a: Scizor|0 fnt
|faint|p1a: Scizor
|
|
|switch|p1a: Landorus|Landorus, M|320\/320
|-damage|p1a: Landorus|280\/320|[from] Stealth Rock
|turn|14
|
|switch|p2a: Latios|Latios, M|302\/302
|move|p1a: Landorus|Rock Polish|p1a: Landorus
|-boost|p1a: Landorus|spe|2
|
|turn|15
|
|move|p1a: Landorus|Sludge Wave|p2a: Latios
|-damage|p2a: Latios|133\/302
|move|p2a: Latios|Draco Meteor|p1a: Landorus
|-damage|p1a: Landorus|0 fnt
|-unboost|p2a: Latios|spa|2
|-damage|p2a: Latios|103\/302|[from] item: Life Orb
|faint|p1a: Landorus
|
|
|switch|p1a: Gardevoir|Gardevoir, M|278\/278
|-damage|p1a: Gardevoir|244\/278|[from] Stealth Rock
|-ability|p1a: Gardevoir|Levitate|[from] ability: Trace|[of] p2a: Latios
|turn|16
|
|move|p1a: Gardevoir|Shadow Ball|p2a: Latios
|-supereffective|p2a: Latios
|-damage|p2a: Latios|0 fnt
|faint|p2a: Latios
|
|
|switch|p2a: Landorus-Therian|Landorus-Therian, M|322\/322
|-ability|p2a: Landorus-Therian|Intimidate|[of] p1a: Gardevoir
|-unboost|p1a: Gardevoir|atk|1
|turn|17
|
|move|p2a: Landorus-Therian|Earthquake|p1a: Gardevoir
|-immune|p1a: Gardevoir|[msg]
|move|p1a: Gardevoir|Shadow Ball|p2a: Landorus-Therian
|-damage|p2a: Landorus-Therian|208\/322
|
|turn|18
|
|switch|p2a: Heatran|Heatran, M|321\/385
|move|p1a: Gardevoir|Shadow Ball|p2a: Heatran
|-damage|p2a: Heatran|248\/385
|
|-heal|p2a: Heatran|272\/385|[from] item: Leftovers
|turn|19
|
|switch|p1a: Sylveon|Sylveon, M|253\/394
|-damage|p1a: Sylveon|204\/394|[from] Stealth Rock
|move|p2a: Heatran|Lava Plume|p1a: Sylveon
|-crit|p1a: Sylveon
|-damage|p1a: Sylveon|104\/394
|-status|p1a: Sylveon|brn
|
|-heal|p2a: Heatran|296\/385|[from] item: Leftovers
|-heal|p1a: Sylveon|128\/394 brn|[from] item: Leftovers
|-damage|p1a: Sylveon|79\/394 brn|[from] brn
|turn|20
|
|move|p2a: Heatran|Taunt|p1a: Sylveon
|-start|p1a: Sylveon|move: Taunt
|cant|p1a: Sylveon|move: Taunt|Heal Bell
|
|-heal|p2a: Heatran|320\/385|[from] item: Leftovers
|-heal|p1a: Sylveon|103\/394 brn|[from] item: Leftovers
|-damage|p1a: Sylveon|54\/394 brn|[from] brn
|turn|21
|
|move|p2a: Heatran|Lava Plume|p1a: Sylveon
|-damage|p1a: Sylveon|0 fnt
|faint|p1a: Sylveon
|
|-heal|p2a: Heatran|344\/385|[from] item: Leftovers
|
|switch|p1a: Azumarill|Azumarill, F|354\/404
|-damage|p1a: Azumarill|304\/404|[from] Stealth Rock
|turn|22
|
|move|p2a: Heatran|Lava Plume|p1a: Azumarill
|-resisted|p1a: Azumarill
|-damage|p1a: Azumarill|255\/404
|-status|p1a: Azumarill|brn
|move|p1a: Azumarill|Aqua Tail|p2a: Heatran
|-crit|p2a: Heatran
|-supereffective|p2a: Heatran
|-damage|p2a: Heatran|74\/385
|
|-heal|p2a: Heatran|98\/385|[from] item: Leftovers
|-damage|p1a: Azumarill|205\/404 brn|[from] brn
|turn|23
|
|switch|p2a: Manectric|Manectric-Mega, M, shiny|229\/281
|-ability|p2a: Manectric|Intimidate|[of] p1a: Azumarill
|-unboost|p1a: Azumarill|atk|1
|move|p1a: Azumarill|Aqua Tail|p2a: Manectric
|-damage|p2a: Manectric|156\/281
|
|-damage|p1a: Azumarill|155\/404 brn|[from] brn
|turn|24
|
|switch|p1a: Gardevoir|Gardevoir, M|244\/278
|-damage|p1a: Gardevoir|210\/278|[from] Stealth Rock
|-ability|p1a: Gardevoir|Intimidate|[from] ability: Trace|[of] p2a: Manectric
|-ability|p1a: Gardevoir|Intimidate|[of] p2a: Manectric
|-unboost|p2a: Manectric|atk|1
|move|p2a: Manectric|Thunderbolt|p1a: Gardevoir
|-damage|p1a: Gardevoir|63\/278
|
|turn|25
|
|move|p1a: Gardevoir|Moonblast|p2a: Manectric
|-damage|p2a: Manectric|0 fnt
|faint|p2a: Manectric
|
|
|switch|p2a: Heatran|Heatran, M|98\/385
|turn|26
|
|move|p1a: Gardevoir|Moonblast|p2a: Heatran
|-resisted|p2a: Heatran
|-damage|p2a: Heatran|71\/385
|move|p2a: Heatran|Lava Plume|p1a: Gardevoir
|-damage|p1a: Gardevoir|0 fnt
|faint|p1a: Gardevoir
|
|-heal|p2a: Heatran|95\/385|[from] item: Leftovers
|
|switch|p1a: Azumarill|Azumarill, F|155\/404 brn
|-damage|p1a: Azumarill|105\/404 brn|[from] Stealth Rock
|turn|27
|
|move|p2a: Heatran|Lava Plume|p1a: Azumarill
|-resisted|p1a: Azumarill
|-damage|p1a: Azumarill|56\/404 brn
|move|p1a: Azumarill|Aqua Tail|p2a: Heatran
|-supereffective|p2a: Heatran
|-damage|p2a: Heatran|0 fnt
|faint|p2a: Heatran
|
|-damage|p1a: Azumarill|6\/404 brn|[from] brn
|
|switch|p2a: Cobalion|Cobalion|348\/348
|turn|28
|
|move|p2a: Cobalion|Volt Switch|p1a: Azumarill
|-supereffective|p1a: Azumarill
|-damage|p1a: Azumarill|0 fnt
|faint|p1a: Azumarill
|
|switch|p2a: Landorus-Therian|Landorus-Therian, M|208\/322
|
|
|switch|p1a: Charizard|Charizard-Mega-X, M|244\/298 tox
|-damage|p1a: Charizard|170\/298 tox|[from] Stealth Rock
|turn|29
|c|âDreamScream|gg
|
|move|p2a: Landorus-Therian|Earthquake|p1a: Charizard
|-supereffective|p1a: Charizard
|-damage|p1a: Charizard|0 fnt
|faint|p1a: Charizard
|
|win|POCHOLO
|raw|Ladder updating...
|raw|DreamScream's rating: 1400 &rarr; <strong>1380<\/strong><br \/>(-20 for losing)
|raw|POCHOLO's rating: 1401 &rarr; <strong>1421<\/strong><br \/>(+20 for winning)
|leave|DreamScream
|player|p1