|join|perezfkr
|join|DreamScream
|player|p1|perezfkr|290
|player|p2|DreamScream|170
|gametype|singles
|gen|6
|tier|OU
|rated
|clearpoke
|poke|p1|Florges, F
|poke|p1|Heatran, M
|poke|p1|Latias, F
|poke|p1|Scizor, F
|poke|p1|Breloom, F
|poke|p1|Greninja, M
|poke|p2|Charizard, M
|poke|p2|Keldeo
|poke|p2|Blissey, F
|poke|p2|Ferrothorn, F
|poke|p2|Weavile, M
|poke|p2|Landorus, M
|rule|Sleep Clause Mod: Limit one foe put to sleep
|rule|Species Clause: Limit one of each Pokemon
|rule|OHKO Clause: OHKO moves are banned
|rule|Moody Clause: Moody is banned
|rule|Evasion Moves Clause: Evasion moves are banned
|rule|Endless Battle Clause: Forcing endless battles is banned.
|rule|HP Percentage Mod: HP is reported as percentages
|teampreview
|chat|DreamScream|gl hf
|join|hitmonlee\/top\/chan
|chat|perezfkr|same 
|leave|hitmonlee\/top\/chan
|
|start
|switch|p1a: Breloom|Breloom, F|324\/324
|switch|p2a: Hax God|Weavile, M|281\/281
|-ability|p2a: Hax God|Pressure
|turn|1
|
|switch|p2a: Ferrothorn|Ferrothorn, F|352\/352
|switch|p1a: Heatran|Heatran, M|386\/386
|
|turn|2
|
|switch|p2a: Charizard|Charizard, M|297\/297
|move|p1a: Heatran|Lava Plume|p2a: Charizard
|-resisted|p2a: Charizard
|-damage|p2a: Charizard|228\/297
|
|turn|3
|
|switch|p1a: Greninja|Greninja, M|286\/286
|-formechange|p2a: Charizard|Charizard-Mega-X
|message|Charizard has Mega Evolved into Mega Charizard!
|move|p2a: Charizard|Dragon Dance|p2a: Charizard
|-boost|p2a: Charizard|atk|1
|-boost|p2a: Charizard|spe|1
|
|turn|4
|
|switch|p1a: Latias|Latias, F|364\/364
|move|p2a: Charizard|Dragon Claw|p1a: Latias
|-supereffective|p1a: Latias
|-damage|p1a: Latias|0 fnt
|faint|p1a: Latias
|
|
|switch|p1a: Florges|Florges, F|360\/360
|turn|5
|
|move|p2a: Charizard|Fire Punch|p1a: Florges
|-damage|p1a: Florges|87\/360
|move|p1a: Florges|Moonblast|p2a: Charizard
|-damage|p2a: Charizard|86\/297
|
|-heal|p1a: Florges|109\/360|[from] item: Leftovers
|turn|6
|
|move|p2a: Charizard|Fire Punch|p1a: Florges
|-damage|p1a: Florges|0 fnt
|faint|p1a: Florges
|
|
|switch|p1a: Scizor|Scizor, F|344\/344
|turn|7
|
|-formechange|p1a: Scizor|Scizor-Mega
|message|Scizor has Mega Evolved into Mega Scizor!
|move|p1a: Scizor|Bullet Punch|p2a: Charizard
|-resisted|p2a: Charizard
|-damage|p2a: Charizard|39\/297
|move|p2a: Charizard|Fire Punch|p1a: Scizor
|-crit|p1a: Scizor
|-supereffective|p1a: Scizor
|-damage|p1a: Scizor|0 fnt
|faint|p1a: Scizor
|
|
|switch|p1a: Heatran|Heatran, M|386\/386
|turn|8
|
|move|p2a: Charizard|Earthquake|p1a: Heatran
|-supereffective|p1a: Heatran
|-damage|p1a: Heatran|0 fnt
|faint|p1a: Heatran
|
|
|switch|p1a: Greninja|Greninja, M|286\/286
|turn|9
|chat|DreamScream|why run y
|
|move|p2a: Charizard|Dragon Claw|p1a: Greninja
|-damage|p1a: Greninja|0 fnt
|faint|p1a: Greninja
|
|
|switch|p1a: Breloom|Breloom, F|324\/324
|turn|10
|chat|DreamScream|when x can sweep
|
|move|p2a: Charizard|Fire Punch|p1a: Breloom
|-supereffective|p1a: Breloom
|-damage|p1a: Breloom|0 fnt
|faint|p1a: Breloom
|
|win|DreamScream
|raw|Ladder updating...
|raw|perezfkr's rating: 1393 &rarr; <strong>1364<\/strong><br \/>(-29 for losing)
|raw|DreamScream's rating: 1332 &rarr; <strong>1361<\/strong><br \/>(+29 for winning)
|chat|DreamScream|gg
|leave|perezfkr
|player|p1