|join|DreamScream
|join|helly88
|player|p1|DreamScream|1
|player|p2|helly88|169
|gametype|singles
|gen|6
|tier|OU
|rated
|clearpoke
|poke|p1|Scrafty, M
|poke|p1|Cloyster, F
|poke|p1|Rotom-Heat
|poke|p1|Mew
|poke|p1|Absol, F
|poke|p1|Nidoking, M
|poke|p2|Quagsire, F
|poke|p2|Clefable, M
|poke|p2|Rotom-Heat
|poke|p2|Celebi
|poke|p2|Medicham, M
|poke|p2|Togekiss, F
|rule|Sleep Clause Mod: Limit one foe put to sleep
|rule|Species Clause: Limit one of each Pokemon
|rule|OHKO Clause: OHKO moves are banned
|rule|Moody Clause: Moody is banned
|rule|Evasion Moves Clause: Evasion moves are banned
|rule|Endless Battle Clause: Forcing endless battles is banned.
|rule|HP Percentage Mod: HP is reported as percentages
|teampreview
|chat|DreamScream|gl hf
|
|start
|switch|p1a: Nidoking|Nidoking, M|303\/303
|switch|p2a: Celebi|Celebi|359\/359
|turn|1
|
|switch|p1a: Scrafty|Scrafty, M|334\/334
|move|p2a: Celebi|Seed Bomb|p1a: Scrafty
|-damage|p1a: Scrafty|264\/334
|
|turn|2
|
|move|p2a: Celebi|U-turn|p1a: Scrafty
|-damage|p1a: Scrafty|224\/334
|
|switch|p2a: Whatever|Quagsire, F|380\/380
|move|p1a: Scrafty|Knock Off|p2a: Whatever
|-damage|p2a: Whatever|289\/380
|-enditem|p2a: Whatever|Leftovers|[from] move: Knock Off|[of] p1a: Scrafty
|
|turn|3
|
|switch|p1a: Mew|Mew|342\/342
|move|p2a: Whatever|Scald|p1a: Mew
|-damage|p1a: Mew|281\/342
|
|turn|4
|
|switch|p2a: Gordinha|Clefable, M|332\/332
|move|p1a: Mew|Psychic|p2a: Gordinha
|-damage|p2a: Gordinha|172\/332
|-damage|p1a: Mew|247\/342|[from] item: Life Orb
|
|-heal|p2a: Gordinha|192\/332|[from] item: Leftovers
|turn|5
|
|move|p1a: Mew|Nasty Plot|p1a: Mew
|-boost|p1a: Mew|spa|2
|move|p2a: Gordinha|Moonlight|p2a: Gordinha
|-heal|p2a: Gordinha|332\/332
|
|turn|6
|
|move|p1a: Mew|Psychic|p2a: Gordinha
|-damage|p2a: Gordinha|167\/332
|-damage|p1a: Mew|213\/342|[from] item: Life Orb
|move|p2a: Gordinha|Thunder Wave|p1a: Mew
|-status|p1a: Mew|par
|-status|p2a: Gordinha|par
|
|-heal|p2a: Gordinha|187\/332 par|[from] item: Leftovers
|turn|7
|
|switch|p1a: Absol|Absol, F|271\/271
|move|p2a: Gordinha|Calm Mind|p2a: Gordinha
|-boost|p2a: Gordinha|spa|1
|-boost|p2a: Gordinha|spd|1
|
|-heal|p2a: Gordinha|207\/332 par|[from] item: Leftovers
|turn|8
|
|-formechange|p1a: Absol|Absol-Mega
|message|Absol has Mega Evolved into Mega Absol!
|move|p1a: Absol|Iron Tail|p2a: Gordinha
|-supereffective|p2a: Gordinha
|-damage|p2a: Gordinha|0 fnt
|faint|p2a: Gordinha
|
|
|switch|p2a: Whatever|Quagsire, F|289\/380
|turn|9
|
|switch|p1a: Mew|Mew|213\/342 par
|move|p2a: Whatever|Counter|p1a: Mew
|-fail|p1a: Mew
|
|turn|10
|
|switch|p2a: Celebi|Celebi|359\/359
|move|p1a: Mew|Psychic|p2a: Celebi
|-resisted|p2a: Celebi
|-damage|p2a: Celebi|281\/359
|-damage|p1a: Mew|179\/342 par|[from] item: Life Orb
|
|-heal|p2a: Celebi|303\/359|[from] item: Leftovers
|turn|11
|
|move|p2a: Celebi|Seed Bomb|p1a: Mew
|-damage|p1a: Mew|71\/342 par
|move|p1a: Mew|Sludge Wave|p2a: Celebi
|-supereffective|p2a: Celebi
|-damage|p2a: Celebi|74\/359
|-damage|p1a: Mew|37\/342 par|[from] item: Life Orb
|
|-heal|p2a: Celebi|96\/359|[from] item: Leftovers
|turn|12
|
|move|p2a: Celebi|U-turn|p1a: Mew
|-supereffective|p1a: Mew
|-damage|p1a: Mew|0 fnt
|faint|p1a: Mew
|
|switch|p2a: Rotom-Heat|Rotom-Heat|302\/302
|
|
|switch|p1a: Rotom-Heat|Rotom-Heat|241\/241
|turn|13
|
|move|p1a: Rotom-Heat|Volt Switch|p2a: Rotom-Heat
|-resisted|p2a: Rotom-Heat
|-damage|p2a: Rotom-Heat|256\/302
|
|switch|p1a: Nidoking|Nidoking, M|303\/303
|move|p2a: Rotom-Heat|Volt Switch|p1a: Nidoking
|-immune|p1a: Nidoking|[msg]
|
|-heal|p2a: Rotom-Heat|274\/302|[from] item: Leftovers
|turn|14
|
|move|p1a: Nidoking|Sludge Wave|p2a: Rotom-Heat
|-damage|p2a: Rotom-Heat|86\/302
|move|p2a: Rotom-Heat|Will-O-Wisp|p1a: Nidoking
|-status|p1a: Nidoking|brn
|
|-heal|p2a: Rotom-Heat|104\/302|[from] item: Leftovers
|-damage|p1a: Nidoking|266\/303 brn|[from] brn
|turn|15
|
|move|p1a: Nidoking|Sludge Wave|p2a: Rotom-Heat
|-damage|p2a: Rotom-Heat|0 fnt
|faint|p2a: Rotom-Heat
|
|-damage|p1a: Nidoking|229\/303 brn|[from] brn
|
|switch|p2a: Medicham|Medicham, M|261\/261
|turn|16
|
|switch|p1a: Scrafty|Scrafty, M|224\/334
|-formechange|p2a: Medicham|Medicham-Mega
|message|Medicham has Mega Evolved into Mega Medicham!
|move|p2a: Medicham|Ice Punch|p1a: Scrafty
|-damage|p1a: Scrafty|120\/334
|
|turn|17
|
|move|p2a: Medicham|Drain Punch|p1a: Scrafty
|-supereffective|p1a: Scrafty
|-damage|p1a: Scrafty|0 fnt
|faint|p1a: Scrafty
|
|
|switch|p1a: Rotom-Heat|Rotom-Heat|241\/241
|turn|18
|
|switch|p2a: Celebi|Celebi|96\/359
|move|p1a: Rotom-Heat|Will-O-Wisp|p2a: Celebi
|-status|p2a: Celebi|brn
|
|-heal|p2a: Celebi|118\/359 brn|[from] item: Leftovers
|-damage|p2a: Celebi|74\/359 brn|[from] brn
|turn|19
|
|switch|p1a: Cloyster|Cloyster, F|241\/241
|move|p2a: Celebi|U-turn|p1a: Cloyster
|-damage|p1a: Cloyster|220\/241
|
|switch|p2a: Whatever|Quagsire, F|289\/380
|
|turn|20
|
|move|p1a: Cloyster|Icicle Spear|p2a: Whatever
|-damage|p2a: Whatever|253\/380
|-damage|p2a: Whatever|216\/380
|-damage|p2a: Whatever|180\/380
|-damage|p2a: Whatever|146\/380
|-damage|p2a: Whatever|109\/380
|-hitcount|p2a: Whatever|5
|move|p2a: Whatever|Scald|p1a: Cloyster
|-crit|p1a: Cloyster
|-resisted|p1a: Cloyster
|-damage|p1a: Cloyster|133\/241
|
|turn|21
|
|move|p1a: Cloyster|Icicle Spear|p2a: Whatever
|-damage|p2a: Whatever|76\/380
|-damage|p2a: Whatever|39\/380
|-damage|p2a: Whatever|0 fnt
|-hitcount|p2a: Whatever|3
|faint|p2a: Whatever
|
|
|switch|p2a: Medicham|Medicham, M|261\/261
|-formechange|p2a: Medicham|Medicham-Mega
|turn|22
|
|move|p1a: Cloyster|Ice Shard|p2a: Medicham
|-damage|p2a: Medicham|185\/261
|move|p2a: Medicham|Drain Punch|p1a: Cloyster
|-supereffective|p1a: Cloyster
|-damage|p1a: Cloyster|0 fnt
|-heal|p2a: Medicham|252\/261|[from] drain|[of] p1a: Cloyster
|faint|p1a: Cloyster
|
|
|switch|p1a: Rotom-Heat|Rotom-Heat|241\/241
|turn|23
|
|switch|p2a: Celebi|Celebi|74\/359
|move|p1a: Rotom-Heat|Volt Switch|p2a: Celebi
|-resisted|p2a: Celebi
|-damage|p2a: Celebi|23\/359
|
|switch|p1a: Absol|Absol, F|271\/271
|-formechange|p1a: Absol|Absol-Mega
|
|-heal|p2a: Celebi|45\/359|[from] item: Leftovers
|turn|24
|
|move|p1a: Absol|Megahorn|p2a: Celebi
|-supereffective|p2a: Celebi
|-damage|p2a: Celebi|0 fnt
|faint|p2a: Celebi
|
|
|switch|p2a: Medicham|Medicham, M|252\/261
|-formechange|p2a: Medicham|Medicham-Mega
|turn|25
|
|switch|p1a: Nidoking|Nidoking, M|229\/303 brn
|move|p2a: Medicham|Drain Punch|p1a: Nidoking
|-resisted|p1a: Nidoking
|-damage|p1a: Nidoking|73\/303 brn
|-heal|p2a: Medicham|261\/261|[from] drain|[of] p1a: Nidoking
|
|-damage|p1a: Nidoking|36\/303 brn|[from] brn
|turn|26
|
|move|p2a: Medicham|Psycho Cut|p1a: Nidoking
|-supereffective|p1a: Nidoking
|-damage|p1a: Nidoking|0 fnt
|faint|p1a: Nidoking
|
|
|switch|p1a: Rotom-Heat|Rotom-Heat|241\/241
|turn|27
|
|switch|p2a: Togekiss|Togekiss, F|374\/374
|move|p1a: Rotom-Heat|Overheat|p2a: Togekiss|[miss]
|-miss|p1a: Rotom-Heat|p2a: Togekiss
|
|turn|28
|
|switch|p1a: Absol|Absol, F|271\/271
|-formechange|p1a: Absol|Absol-Mega
|move|p2a: Togekiss|Air Slash|p1a: Absol
|-damage|p1a: Absol|111\/271
|
|turn|29
|
|move|p1a: Absol|Iron Tail|p2a: Togekiss
|-supereffective|p2a: Togekiss
|-damage|p2a: Togekiss|74\/374
|move|p2a: Togekiss|Air Slash|p1a: Absol
|-damage|p1a: Absol|0 fnt
|faint|p1a: Absol
|
|-heal|p2a: Togekiss|97\/374|[from] item: Leftovers
|
|switch|p1a: Rotom-Heat|Rotom-Heat|241\/241
|turn|30
|
|move|p1a: Rotom-Heat|Trick|p2a: Togekiss
|-activate|p1a: Rotom-Heat|move: Trick|[of] p2a: Togekiss
|-item|p2a: Togekiss|Choice Scarf|[from] move: Trick
|-item|p1a: Rotom-Heat|Leftovers|[from] move: Trick
|move|p2a: Togekiss|Air Slash|p1a: Rotom-Heat
|-resisted|p1a: Rotom-Heat
|-damage|p1a: Rotom-Heat|187\/241
|
|-heal|p1a: Rotom-Heat|202\/241|[from] item: Leftovers
|turn|31
|
|move|p2a: Togekiss|Air Slash|p1a: Rotom-Heat
|-resisted|p1a: Rotom-Heat
|-damage|p1a: Rotom-Heat|149\/241
|cant|p1a: Rotom-Heat|flinch
|
|-heal|p1a: Rotom-Heat|164\/241|[from] item: Leftovers
|turn|32
|
|move|p2a: Togekiss|Air Slash|p1a: Rotom-Heat
|-resisted|p1a: Rotom-Heat
|-damage|p1a: Rotom-Heat|110\/241
|move|p1a: Rotom-Heat|Volt Switch|p2a: Togekiss
|-supereffective|p2a: Togekiss
|-damage|p2a: Togekiss|0 fnt
|faint|p2a: Togekiss
|
|-heal|p1a: Rotom-Heat|125\/241|[from] item: Leftovers
|chat|DreamScream|gg
|
|switch|p2a: Medicham|Medicham, M|261\/261
|-formechange|p2a: Medicham|Medicham-Mega
|turn|33
|
|move|p2a: Medicham|Drain Punch|p1a: Rotom-Heat
|-damage|p1a: Rotom-Heat|0 fnt
|faint|p1a: Rotom-Heat
|
|win|helly88
|raw|Ladder updating...
|raw|DreamScream's rating: 1448 &rarr; <strong>1424<\/strong><br \/>(-24 for losing)
|raw|helly88's rating: 1377 &rarr; <strong>1401<\/strong><br \/>(+24 for winning)
|leave|DreamScream
|player|p1