|join|Sandra
|join|DreamScream
|player|p1|Sandra|102
|player|p2|DreamScream|170
|gametype|singles
|tier|Pokebank OU (beta)
|rated
|clearpoke
|poke|p1|Porygon-Z
|poke|p1|Volcarona, M
|poke|p1|Togekiss, F
|poke|p1|Gyarados, F
|poke|p1|Lucario, F
|poke|p1|Scolipede, M
|poke|p2|Vivillon, M
|poke|p2|Scizor, M
|poke|p2|Pangoro, M
|poke|p2|Gengar, F
|poke|p2|Delphox, M
|poke|p2|Hitmontop, M
|rule|Sleep Clause Mod: Limit one foe put to sleep
|rule|Species Clause: Limit one of each Pokemon
|rule|Moody Clause: Moody is banned
|rule|OHKO Clause: OHKO moves are banned
|rule|Evasion Moves Clause: Evasion moves are banned
|rule|HP Percentage Mod: HP is reported as percentages
|teampreview
|callback|decision
|chat|DreamScream|gl hf
|chat|Sandra|Gl
|
|start
|switch|p1a: Scolipede|Scolipede, M|262\/262
|switch|p2a: Papillon|Vivillon, M|301\/301
|turn|1
|callback|decision
|
|move|p1a: Scolipede|Swords Dance|p1a: Scolipede
|-boost|p1a: Scolipede|atk|2
|move|p2a: Papillon|Sleep Powder|p1a: Scolipede
|-status|p1a: Scolipede|slp
|
|-boost|p1a: Scolipede|spe|1|[from] ability: Speed Boost
|turn|2
|callback|decision
|
|cant|p1a: Scolipede|slp
|move|p2a: Papillon|Quiver Dance|p2a: Papillon
|-boost|p2a: Papillon|spa|1
|-boost|p2a: Papillon|spd|1
|-boost|p2a: Papillon|spe|1
|
|-boost|p1a: Scolipede|spe|1|[from] ability: Speed Boost
|turn|3
|callback|decision
|
|cant|p1a: Scolipede|slp
|move|p2a: Papillon|Hurricane|p1a: Scolipede
|-supereffective|p1a: Scolipede
|-enditem|p1a: Scolipede|Focus Sash
|-damage|p1a: Scolipede|1\/262 slp
|
|-boost|p1a: Scolipede|spe|1|[from] ability: Speed Boost
|turn|4
|callback|decision
|
|-curestatus|p1a: Scolipede|slp
|move|p1a: Scolipede|Superpower|p2a: Papillon
|-crit|p2a: Papillon
|-resisted|p2a: Papillon
|-damage|p2a: Papillon|125\/301
|-unboost|p1a: Scolipede|atk|1
|-unboost|p1a: Scolipede|def|1
|move|p2a: Papillon|Bug Buzz|p1a: Scolipede
|-resisted|p1a: Scolipede
|-damage|p1a: Scolipede|0 fnt
|faint|p1a: Scolipede
|
|callback|decision
|
|switch|p1a: Lucario|Lucario, F|282\/282
|turn|5
|callback|decision
|
|move|p1a: Lucario|Extreme Speed|p2a: Papillon
|-damage|p2a: Papillon|0 fnt
|faint|p2a: Papillon
|
|callback|decision
|
|switch|p2a: Gengar|Gengar, F|261\/261
|turn|6
|callback|decision
|
|-formechange|p1a: Lucario|Lucario-Mega
|message|Lucario has Mega Evolved into Mega Lucario!
|move|p2a: Gengar|Shadow Ball|p1a: Lucario
|-damage|p1a: Lucario|89\/282
|move|p1a: Lucario|Ice Punch|p2a: Gengar
|-damage|p2a: Gengar|87\/261
|
|turn|7
|callback|decision
|
|switch|p1a: Gyarados|Gyarados, F|332\/332
|move|p2a: Gengar|Shadow Ball|p1a: Gyarados
|-crit|p1a: Gyarados
|-damage|p1a: Gyarados|133\/332
|
|turn|8
|callback|decision
|
|switch|p2a: Breakdancer|Hitmontop, M|304\/304
|-ability|p2a: Breakdancer|Intimidate|[of] p1a: Gyarados
|-unboost|p1a: Gyarados|atk|1
|move|p1a: Gyarados|Waterfall|p2a: Breakdancer
|-damage|p2a: Breakdancer|160\/304
|-damage|p1a: Gyarados|100\/332|[from] item: Life Orb
|
|-heal|p2a: Breakdancer|179\/304|[from] item: Leftovers
|turn|9
|callback|decision
|
|move|p2a: Breakdancer|Sucker Punch|p1a: Gyarados
|-damage|p1a: Gyarados|20\/332
|move|p1a: Gyarados|Outrage|p2a: Breakdancer
|-damage|p2a: Breakdancer|53\/304
|-damage|p1a: Gyarados|0 fnt|[from] item: Life Orb
|faint|p1a: Gyarados
|
|-heal|p2a: Breakdancer|72\/304|[from] item: Leftovers
|callback|decision
|
|switch|p1a: Lucario|Lucario, F|89\/282
|-formechange|p1a: Lucario|Lucario-Mega
|turn|10
|callback|decision
|
|switch|p1a: Porygon-Z|Porygon-Z|311\/311
|switch|p2a: Gengar|Gengar, F|87\/261
|
|turn|11
|callback|decision
|
|move|p2a: Gengar|Giga Drain|p1a: Porygon-Z
|-damage|p1a: Porygon-Z|200\/311
|-heal|p2a: Gengar|143\/261|[from] drain|[of] p1a: Porygon-Z
|move|p1a: Porygon-Z|Dark Pulse|p2a: Gengar
|-supereffective|p2a: Gengar
|-damage|p2a: Gengar|0 fnt
|faint|p2a: Gengar
|
|callback|decision
|
|switch|p2a: Breakdancer|Hitmontop, M|72\/304
|-ability|p2a: Breakdancer|Intimidate|[of] p1a: Porygon-Z
|-unboost|p1a: Porygon-Z|atk|1
|turn|12
|callback|decision
|
|move|p1a: Porygon-Z|Dark Pulse|p2a: Breakdancer
|-resisted|p2a: Breakdancer
|-damage|p2a: Breakdancer|45\/304
|move|p2a: Breakdancer|High Jump Kick|p1a: Porygon-Z
|-crit|p1a: Porygon-Z
|-supereffective|p1a: Porygon-Z
|-damage|p1a: Porygon-Z|0 fnt
|faint|p1a: Porygon-Z
|
|-heal|p2a: Breakdancer|64\/304|[from] item: Leftovers
|callback|decision
|
|switch|p1a: Lucario|Lucario, F|89\/282
|-formechange|p1a: Lucario|Lucario-Mega
|turn|13
|callback|decision
|
|move|p1a: Lucario|Extreme Speed|p2a: Breakdancer
|-damage|p2a: Breakdancer|0 fnt
|faint|p2a: Breakdancer
|
|callback|decision
|
|switch|p2a: Po|Pangoro, M|394\/394
|-ability|p2a: Po|Mold Breaker
|turn|14
|callback|decision
|
|switch|p2a: Oracle|Delphox, M|291\/291
|move|p1a: Lucario|Close Combat|p2a: Oracle
|-resisted|p2a: Oracle
|-damage|p2a: Oracle|55\/291
|-unboost|p1a: Lucario|def|1
|-unboost|p1a: Lucario|spd|1
|
|turn|15
|callback|decision
|
|move|p1a: Lucario|Extreme Speed|p2a: Oracle
|-damage|p2a: Oracle|0 fnt
|faint|p2a: Oracle
|
|callback|decision
|
|switch|p2a: Skizerz|Scizor, M|344\/344
|turn|16
|callback|decision
|
|switch|p1a: Togekiss|Togekiss, F|373\/373
|-formechange|p2a: Skizerz|Scizor-Mega
|message|Scizor has Mega Evolved into Mega Scizor!
|move|p2a: Skizerz|Bullet Punch|p1a: Togekiss
|-supereffective|p1a: Togekiss
|-damage|p1a: Togekiss|79\/373
|
|-heal|p1a: Togekiss|102\/373|[from] item: Leftovers
|turn|17
|callback|decision
|
|move|p2a: Skizerz|Bullet Punch|p1a: Togekiss
|-crit|p1a: Togekiss
|-supereffective|p1a: Togekiss
|-damage|p1a: Togekiss|0 fnt
|faint|p1a: Togekiss
|
|callback|decision
|
|switch|p1a: Volcarona|Volcarona, M|312\/312
|turn|18
|callback|decision
|
|switch|p2a: Po|Pangoro, M|394\/394
|-ability|p2a: Po|Mold Breaker
|move|p1a: Volcarona|Fiery Dance|p2a: Po
|-damage|p2a: Po|210\/394
|
|turn|19
|callback|decision
|
|switch|p1a: Lucario|Lucario, F|89\/282
|-formechange|p1a: Lucario|Lucario-Mega
|move|p2a: Po|Crunch|p1a: Lucario
|-resisted|p1a: Lucario
|-damage|p1a: Lucario|0 fnt
|faint|p1a: Lucario
|
|callback|decision
|
|switch|p1a: Volcarona|Volcarona, M|312\/312
|turn|20
|callback|decision
|
|move|p1a: Volcarona|Bug Buzz|p2a: Po
|-damage|p2a: Po|2\/394
|move|p2a: Po|Crunch|p1a: Volcarona
|-damage|p1a: Volcarona|0 fnt
|faint|p1a: Volcarona
|
|win|DreamScream
|raw|Ladder updating...
|raw|Sandra's rating: 1184 &rarr; <strong>1181<\/strong><br \/>(-3 for losing)
|raw|DreamScream's rating: 1357 &rarr; <strong>1359<\/strong><br \/>(+2 for winning)
|chat|Sandra|FFFFFFFFFF
|chat|DreamScream|gg
|chat|Sandra|brb
|chat|Sandra|rage quit