|join|gladheateher
|join|MTVJam
|player|p1|gladheateher|80
|player|p2|MTVJam|169
|gametype|singles
|gen|6
|tier|UU
|rated
|rule|Sleep Clause Mod: Limit one foe put to sleep
|rule|Species Clause: Limit one of each PokÃ©mon
|rule|OHKO Clause: OHKO moves are banned
|rule|Moody Clause: Moody is banned
|rule|Evasion Moves Clause: Evasion moves are banned
|rule|Endless Battle Clause: Forcing endless battles is banned
|rule|HP Percentage Mod: HP is shown in percentages
|clearpoke
|poke|p1|Jirachi, shiny
|poke|p1|Rotom-Heat, shiny
|poke|p1|Crobat, M
|poke|p1|Machamp, M
|poke|p1|Raikou, shiny
|poke|p1|Shaymin, shiny
|poke|p2|Pidgeot, F
|poke|p2|Tentacruel, M
|poke|p2|Zygarde
|poke|p2|Swampert, F
|poke|p2|Reuniclus, F
|poke|p2|Jirachi
|rule|Swagger Clause: Swagger is banned
|rule|Baton Pass Clause: Limit one PokÃ©mon knowing Baton Pass
|teampreview
|
|start
|switch|p1a: Rotom-Heat|Rotom-Heat, shiny|304\/304
|switch|p2a: Pidgeot|Pidgeot, F|307\/307
|turn|1
|
|detailschange|p2a: Pidgeot|Pidgeot-Mega, F
|-mega|p2a: Pidgeot|Pidgeot|Pidgeotite
|move|p2a: Pidgeot|U-turn|p1a: Rotom-Heat
|-resisted|p1a: Rotom-Heat
|-damage|p1a: Rotom-Heat|285\/304
|
|switch|p2a: Zygarde|Zygarde|357\/357
|-ability|p2a: Zygarde|Aura Break
|move|p1a: Rotom-Heat|Will-O-Wisp|p2a: Zygarde
|-status|p2a: Zygarde|brn
|
|-heal|p1a: Rotom-Heat|304\/304|[from] item: Leftovers
|-damage|p2a: Zygarde|313\/357 brn|[from] brn
|turn|2
|
|switch|p2a: Reuniclus|Reuniclus, F|424\/424
|switch|p1a: Shaymin|Shaymin, shiny|341\/341
|
|turn|3
|
|switch|p2a: Pidgeot|Pidgeot-Mega, F|307\/307
|move|p1a: Shaymin|Seed Flare|p2a: Pidgeot
|-resisted|p2a: Pidgeot
|-damage|p2a: Pidgeot|202\/307
|
|turn|4
|
|switch|p1a: Rotom-Heat|Rotom-Heat, shiny|304\/304
|move|p2a: Pidgeot|U-turn|p1a: Rotom-Heat
|-resisted|p1a: Rotom-Heat
|-damage|p1a: Rotom-Heat|285\/304
|
|switch|p2a: Tentacruel|Tentacruel, M|364\/364
|
|-heal|p1a: Rotom-Heat|304\/304|[from] item: Leftovers
|turn|5
|
|move|p2a: Tentacruel|Toxic|p1a: Rotom-Heat
|-status|p1a: Rotom-Heat|tox
|move|p1a: Rotom-Heat|Volt Switch|p2a: Tentacruel
|-supereffective|p2a: Tentacruel
|-damage|p2a: Tentacruel|226\/364
|
|switch|p1a: Raikou|Raikou, shiny|321\/321
|-ability|p1a: Raikou|Pressure
|
|-heal|p2a: Tentacruel|248\/364|[from] item: Leftovers
|turn|6
|
|switch|p2a: Zygarde|Zygarde|313\/357 brn
|-ability|p2a: Zygarde|Aura Break
|move|p1a: Raikou|Hidden Power|p2a: Zygarde
|-supereffective|p2a: Zygarde
|-damage|p2a: Zygarde|0 fnt
|faint|p2a: Zygarde
|
|
|switch|p2a: Swampert|Swampert, F|404\/404
|turn|7
|
|switch|p1a: Rotom-Heat|Rotom-Heat, shiny|304\/304 tox
|move|p2a: Swampert|Stealth Rock|p1a: Rotom-Heat
|-sidestart|p1: gladheateher|move: Stealth Rock
|
|-damage|p1a: Rotom-Heat|285\/304 tox|[from] psn
|turn|8
|
|switch|p2a: Reuniclus|Reuniclus, F|424\/424
|move|p1a: Rotom-Heat|Will-O-Wisp|p2a: Reuniclus
|-status|p2a: Reuniclus|brn
|
|-heal|p1a: Rotom-Heat|304\/304 tox|[from] item: Leftovers
|-damage|p1a: Rotom-Heat|266\/304 tox|[from] psn
|turn|9
|
|switch|p2a: Swampert|Swampert, F|404\/404
|move|p1a: Rotom-Heat|Volt Switch|p2a: Swampert
|-immune|p2a: Swampert|[msg]
|
|-heal|p1a: Rotom-Heat|285\/304 tox|[from] item: Leftovers
|-damage|p1a: Rotom-Heat|228\/304 tox|[from] psn
|turn|10
|
|switch|p2a: Reuniclus|Reuniclus, F|424\/424 brn
|move|p1a: Rotom-Heat|Will-O-Wisp|p2a: Reuniclus
|-fail|p2a: Reuniclus|brn
|
|-heal|p1a: Rotom-Heat|247\/304 tox|[from] item: Leftovers
|-damage|p1a: Rotom-Heat|171\/304 tox|[from] psn
|turn|11
|
|switch|p1a: Shaymin|Shaymin, shiny|341\/341
|-damage|p1a: Shaymin|299\/341|[from] Stealth Rock
|move|p2a: Reuniclus|Calm Mind|p2a: Reuniclus
|-boost|p2a: Reuniclus|spa|1
|-boost|p2a: Reuniclus|spd|1
|
|-heal|p1a: Shaymin|320\/341|[from] item: Leftovers
|turn|12
|
|move|p1a: Shaymin|Seed Flare|p2a: Reuniclus
|-damage|p2a: Reuniclus|279\/424 brn
|move|p2a: Reuniclus|Psyshock|p1a: Shaymin
|-damage|p1a: Shaymin|155\/341
|
|-heal|p1a: Shaymin|176\/341|[from] item: Leftovers
|-heal|p2a: Reuniclus|305\/424 brn|[from] item: Leftovers
|turn|13
|
|switch|p2a: Pidgeot|Pidgeot-Mega, F|202\/307
|move|p1a: Shaymin|Seed Flare|p2a: Pidgeot
|-resisted|p2a: Pidgeot
|-damage|p2a: Pidgeot|87\/307
|
|-heal|p1a: Shaymin|197\/341|[from] item: Leftovers
|turn|14
|
|move|p2a: Pidgeot|Roost|p2a: Pidgeot
|-heal|p2a: Pidgeot|241\/307
|move|p1a: Shaymin|Seed Flare|p2a: Pidgeot
|-damage|p2a: Pidgeot|30\/307
|
|-heal|p1a: Shaymin|218\/341|[from] item: Leftovers
|turn|15
|
|switch|p1a: Jirachi|Jirachi, shiny|341\/341
|-damage|p1a: Jirachi|320\/341|[from] Stealth Rock
|move|p2a: Pidgeot|Hurricane|p1a: Jirachi
|-resisted|p1a: Jirachi
|-damage|p1a: Jirachi|222\/341
|-start|p1a: Jirachi|confusion
|
|turn|16
|c|âgladheateher|I hate everythibg
|
|switch|p2a: Jirachi|Jirachi|341\/341
|-activate|p1a: Jirachi|confusion
|move|p1a: Jirachi|Iron Head|p2a: Jirachi
|-resisted|p2a: Jirachi
|-damage|p2a: Jirachi|283\/341
|
|turn|17
|
|switch|p1a: Raikou|Raikou, shiny|321\/321
|-damage|p1a: Raikou|281\/321|[from] Stealth Rock
|-ability|p1a: Raikou|Pressure
|move|p2a: Jirachi|U-turn|p1a: Raikou
|-damage|p1a: Raikou|197\/321
|
|switch|p2a: Pidgeot|Pidgeot-Mega, F|30\/307
|
|turn|18
|
|move|p2a: Pidgeot|U-turn|p1a: Raikou
|-damage|p1a: Raikou|144\/321
|
|switch|p2a: Swampert|Swampert, F|404\/404
|move|p1a: Raikou|Extrasensory|p2a: Swampert
|-damage|p2a: Swampert|250\/404
|
|-heal|p2a: Swampert|275\/404|[from] item: Leftovers
|turn|19
|
|switch|p1a: Machamp|Machamp, M|363\/363
|-damage|p1a: Machamp|341\/363|[from] Stealth Rock
|switch|p2a: Reuniclus|Reuniclus, F|305\/424 brn
|
|-heal|p2a: Reuniclus|331\/424 brn|[from] item: Leftovers
|turn|20
|
|move|p1a: Machamp|Knock Off|p2a: Reuniclus
|-supereffective|p2a: Reuniclus
|-damage|p2a: Reuniclus|109\/424 brn
|-enditem|p2a: Reuniclus|Leftovers|[from] move: Knock Off|[of] p1a: Machamp
|move|p2a: Reuniclus|Recover|p2a: Reuniclus
|-heal|p2a: Reuniclus|321\/424 brn
|
|turn|21
|
|switch|p1a: Jirachi|Jirachi, shiny|222\/341
|-damage|p1a: Jirachi|201\/341|[from] Stealth Rock
|move|p2a: Reuniclus|Recover|p2a: Reuniclus
|-heal|p2a: Reuniclus|424\/424 brn
|
|turn|22
|
|switch|p2a: Jirachi|Jirachi|283\/341
|move|p1a: Jirachi|Iron Head|p2a: Jirachi
|-resisted|p2a: Jirachi
|-damage|p2a: Jirachi|224\/341
|
|turn|23
|
|move|p2a: Jirachi|U-turn|p1a: Jirachi
|-damage|p1a: Jirachi|135\/341
|
|switch|p2a: Tentacruel|Tentacruel, M|248\/364
|move|p1a: Jirachi|Iron Head|p2a: Tentacruel
|-resisted|p2a: Tentacruel
|-damage|p2a: Tentacruel|189\/364
|
|-heal|p2a: Tentacruel|211\/364|[from] item: Leftovers
|turn|24
|
|move|p1a: Jirachi|Iron Head|p2a: Tentacruel
|-resisted|p2a: Tentacruel
|-damage|p2a: Tentacruel|157\/364
|cant|p2a: Tentacruel|flinch
|
|-heal|p2a: Tentacruel|179\/364|[from] item: Leftovers
|turn|25
|
|switch|p1a: Crobat|Crobat, M|353\/353
|-damage|p1a: Crobat|265\/353|[from] Stealth Rock
|move|p2a: Tentacruel|Toxic Spikes|p1a: Crobat
|-sidestart|p1: gladheateher|move: Toxic Spikes
|
|-heal|p1a: Crobat|287\/353|[from] item: Black Sludge
|-heal|p2a: Tentacruel|201\/364|[from] item: Leftovers
|turn|26
|
|move|p1a: Crobat|Defog|p2a: Tentacruel
|-unboost|p2a: Tentacruel|evasion|1
|-sideend|p1: gladheateher|Toxic Spikes|[from] move: Defog|[of] p1a: Crobat
|-sideend|p1: gladheateher|Stealth Rock|[from] move: Defog|[of] p1a: Crobat
|move|p2a: Tentacruel|Scald|p1a: Crobat
|-damage|p1a: Crobat|184\/353
|
|-heal|p1a: Crobat|206\/353|[from] item: Black Sludge
|-heal|p2a: Tentacruel|223\/364|[from] item: Leftovers
|turn|27
|
|move|p1a: Crobat|Brave Bird|p2a: Tentacruel
|-damage|p2a: Tentacruel|76\/364
|-damage|p1a: Crobat|157\/353|[from] recoil|[of] p2a: Tentacruel
|move|p2a: Tentacruel|Toxic Spikes|p1a: Crobat
|-sidestart|p1: gladheateher|move: Toxic Spikes
|
|-heal|p1a: Crobat|179\/353|[from] item: Black Sludge
|-heal|p2a: Tentacruel|98\/364|[from] item: Leftovers
|turn|28
|
|move|p1a: Crobat|Brave Bird|p2a: Tentacruel
|-damage|p2a: Tentacruel|0 fnt
|-damage|p1a: Crobat|147\/353|[from] recoil|[of] p2a: Tentacruel
|faint|p2a: Tentacruel
|
|-heal|p1a: Crobat|169\/353|[from] item: Black Sludge
|
|switch|p2a: Jirachi|Jirachi|224\/341
|turn|29
|
|switch|p1a: Rotom-Heat|Rotom-Heat, shiny|171\/304 tox
|move|p2a: Jirachi|Iron Head|p1a: Rotom-Heat
|-resisted|p1a: Rotom-Heat
|-damage|p1a: Rotom-Heat|143\/304 tox
|
|-heal|p1a: Rotom-Heat|162\/304 tox|[from] item: Leftovers
|-damage|p1a: Rotom-Heat|143\/304 tox|[from] psn
|turn|30
|
|switch|p2a: Swampert|Swampert, F|275\/404
|move|p1a: Rotom-Heat|Will-O-Wisp|p2a: Swampert
|-status|p2a: Swampert|brn
|
|-heal|p1a: Rotom-Heat|162\/304 tox|[from] item: Leftovers
|-heal|p2a: Swampert|300\/404 brn|[from] item: Leftovers
|-damage|p1a: Rotom-Heat|124\/304 tox|[from] psn
|-damage|p2a: Swampert|250\/404 brn|[from] brn
|turn|31
|
|switch|p1a: Machamp|Machamp, M|341\/363
|-status|p1a: Machamp|psn
|switch|p2a: Pidgeot|Pidgeot-Mega, F|30\/307
|
|-damage|p1a: Machamp|296\/363 psn|[from] psn
|turn|32
|
|switch|p2a: Reuniclus|Reuniclus, F|424\/424 brn
|move|p1a: Machamp|Bullet Punch|p2a: Reuniclus
|-damage|p2a: Reuniclus|355\/424 brn
|
|-damage|p1a: Machamp|251\/363 psn|[from] psn
|turn|33
|
|switch|p1a: Jirachi|Jirachi, shiny|135\/341
|move|p2a: Reuniclus|Psyshock|p1a: Jirachi
|-crit|p1a: Jirachi
|-resisted|p1a: Jirachi
|-damage|p1a: Jirachi|92\/341
|
|turn|34
|
|move|p1a: Jirachi|Iron Head|p2a: Reuniclus
|-damage|p2a: Reuniclus|250\/424 brn
|move|p2a: Reuniclus|Recover|p2a: Reuniclus
|-heal|p2a: Reuniclus|424\/424 brn
|
|turn|35
|
|move|p1a: Jirachi|Iron Head|p2a: Reuniclus
|-damage|p2a: Reuniclus|321\/424 brn
|cant|p2a: Reuniclus|flinch
|
|turn|36
|
|move|p1a: Jirachi|Iron Head|p2a: Reuniclus
|-damage|p2a: Reuniclus|216\/424 brn
|cant|p2a: Reuniclus|flinch
|
|turn|37
|
|switch|p1a: Crobat|Crobat, M|169\/353
|switch|p2a: Swampert|Swampert, F|250\/404 brn
|
|-heal|p1a: Crobat|191\/353|[from] item: Black Sludge
|-heal|p2a: Swampert|275\/404 brn|[from] item: Leftovers
|-damage|p2a: Swampert|225\/404 brn|[from] brn
|turn|38
|
|move|p1a: Crobat|Defog|p2a: Swampert
|-unboost|p2a: Swampert|evasion|1
|-sideend|p1: gladheateher|Toxic Spikes|[from] move: Defog|[of] p1a: Crobat
|move|p2a: Swampert|Scald|p1a: Crobat
|-damage|p1a: Crobat|98\/353
|-status|p1a: Crobat|brn
|
|-heal|p1a: Crobat|120\/353 brn|[from] item: Black Sludge
|-heal|p2a: Swampert|250\/404 brn|[from] item: Leftovers
|-damage|p1a: Crobat|76\/353 brn|[from] brn
|-damage|p2a: Swampert|200\/404 brn|[from] brn
|turn|39
|c|âgladheateher|...
|
|move|p1a: Crobat|Roost|p1a: Crobat
|-heal|p1a: Crobat|253\/353 brn
|move|p2a: Swampert|Stealth Rock|p1a: Crobat
|-sidestart|p1: gladheateher|move: Stealth Rock
|
|-heal|p1a: Crobat|275\/353 brn|[from] item: Black Sludge
|-heal|p2a: Swampert|225\/404 brn|[from] item: Leftovers
|-damage|p1a: Crobat|231\/353 brn|[from] brn
|-damage|p2a: Swampert|175\/404 brn|[from] brn
|turn|40
|
|move|p1a: Crobat|Defog|p2a: Swampert
|-unboost|p2a: Swampert|evasion|1
|-sideend|p1: gladheateher|Stealth Rock|[from] move: Defog|[of] p1a: Crobat
|move|p2a: Swampert|Stealth Rock|p1a: Crobat
|-sidestart|p1: gladheateher|move: Stealth Rock
|
|-heal|p1a: Crobat|253\/353 brn|[from] item: Black Sludge
|-heal|p2a: Swampert|200\/404 brn|[from] item: Leftovers
|-damage|p1a: Crobat|209\/353 brn|[from] brn
|-damage|p2a: Swampert|150\/404 brn|[from] brn
|turn|41
|
|move|p1a: Crobat|Taunt|p2a: Swampert
|-start|p2a: Swampert|move: Taunt
|cant|p2a: Swampert|move: Taunt|Stealth Rock
|
|-heal|p1a: Crobat|231\/353 brn|[from] item: Black Sludge
|-heal|p2a: Swampert|175\/404 brn|[from] item: Leftovers
|-damage|p1a: Crobat|187\/353 brn|[from] brn
|-damage|p2a: Swampert|125\/404 brn|[from] brn
|turn|42
|
|move|p1a: Crobat|Defog|p2a: Swampert
|-unboost|p2a: Swampert|evasion|1
|-sideend|p1: gladheateher|Stealth Rock|[from] move: Defog|[of] p1a: Crobat
|move|p2a: Swampert|Ice Beam|p1a: Crobat
|-supereffective|p1a: Crobat
|-damage|p1a: Crobat|29\/353 brn
|
|-heal|p1a: Crobat|51\/353 brn|[from] item: Black Sludge
|-heal|p2a: Swampert|150\/404 brn|[from] item: Leftovers
|-damage|p1a: Crobat|7\/353 brn|[from] brn
|-damage|p2a: Swampert|100\/404 brn|[from] brn
|turn|43
|
|move|p1a: Crobat|Roost|p1a: Crobat
|-heal|p1a: Crobat|184\/353 brn
|move|p2a: Swampert|Earthquake|p1a: Crobat
|-supereffective|p1a: Crobat
|-damage|p1a: Crobat|34\/353 brn
|
|-heal|p1a: Crobat|56\/353 brn|[from] item: Black Sludge
|-heal|p2a: Swampert|125\/404 brn|[from] item: Leftovers
|-damage|p1a: Crobat|12\/353 brn|[from] brn
|-damage|p2a: Swampert|75\/404 brn|[from] brn
|-end|p2a: Swampert|move: Taunt
|turn|44
|
|move|p1a: Crobat|Roost|p1a: Crobat
|-heal|p1a: Crobat|189\/353 brn
|move|p2a: Swampert|Stealth Rock|p1a: Crobat
|-sidestart|p1: gladheateher|move: Stealth Rock
|
|-heal|p1a: Crobat|211\/353 brn|[from] item: Black Sludge
|-heal|p2a: Swampert|100\/404 brn|[from] item: Leftovers
|-damage|p1a: Crobat|167\/353 brn|[from] brn
|-damage|p2a: Swampert|50\/404 brn|[from] brn
|turn|45
|
|move|p1a: Crobat|Taunt|p2a: Swampert
|-start|p2a: Swampert|move: Taunt
|move|p2a: Swampert|Ice Beam|p1a: Crobat
|-supereffective|p1a: Crobat
|-damage|p1a: Crobat|15\/353 brn
|
|-heal|p1a: Crobat|37\/353 brn|[from] item: Black Sludge
|-heal|p2a: Swampert|75\/404 brn|[from] item: Leftovers
|-damage|p1a: Crobat|0 fnt|[from] brn
|-damage|p2a: Swampert|25\/404 brn|[from] brn
|faint|p1a: Crobat
|
|switch|p1a: Shaymin|Shaymin, shiny|218\/341
|-damage|p1a: Shaymin|176\/341|[from] Stealth Rock
|turn|46
|
|move|p1a: Shaymin|Psychic|p2a: Swampert
|-damage|p2a: Swampert|0 fnt
|faint|p2a: Swampert
|
|-heal|p1a: Shaymin|197\/341|[from] item: Leftovers
|
|switch|p2a: Pidgeot|Pidgeot-Mega, F|30\/307
|turn|47
|
|switch|p1a: Jirachi|Jirachi, shiny|92\/341
|-damage|p1a: Jirachi|71\/341|[from] Stealth Rock
|move|p2a: Pidgeot|Hurricane|p1a: Jirachi
|-resisted|p1a: Jirachi
|-damage|p1a: Jirachi|0 fnt
|faint|p1a: Jirachi
|
|
|switch|p1a: Machamp|Machamp, M|251\/363 psn
|-damage|p1a: Machamp|229\/363 psn|[from] Stealth Rock
|turn|48
|
|switch|p2a: Reuniclus|Reuniclus, F|216\/424 brn
|move|p1a: Machamp|Bullet Punch|p2a: Reuniclus
|-damage|p2a: Reuniclus|154\/424 brn
|
|-damage|p1a: Machamp|184\/363 psn|[from] psn
|turn|49
|
|move|p1a: Machamp|Knock Off|p2a: Reuniclus
|-supereffective|p2a: Reuniclus
|-damage|p2a: Reuniclus|0 fnt
|faint|p2a: Reuniclus
|
|-damage|p1a: Machamp|139\/363 psn|[from] psn
|
|switch|p2a: Jirachi|Jirachi|224\/341
|turn|50
|
|move|p2a: Jirachi|Healing Wish|p2a: Jirachi
|faint|p2a: Jirachi
|move|p1a: Machamp|Knock Off|p2: Jirachi|[notarget]
|-notarget
|
|-damage|p1a: Machamp|94\/363 psn|[from] psn
|
|switch|p2a: Pidgeot|Pidgeot-Mega, F|30\/307
|-heal|p2a: Pidgeot|307\/307|[from] move: Healing Wish
|turn|51
|
|move|p1a: Machamp|Bullet Punch|p2a: Pidgeot
|-damage|p2a: Pidgeot|219\/307
|move|p2a: Pidgeot|Hurricane|p1a: Machamp
|-supereffective|p1a: Machamp
|-damage|p1a: Machamp|0 fnt
|faint|p1a: Machamp
|
|
|switch|p1a: Raikou|Raikou, shiny|144\/321
|-damage|p1a: Raikou|104\/321|[from] Stealth Rock
|-ability|p1a: Raikou|Pressure
|turn|52
|
|move|p2a: Pidgeot|Heat Wave|p1a: Raikou
|-damage|p1a: Raikou|0 fnt
|faint|p1a: Raikou
|
|
|switch|p1a: Rotom-Heat|Rotom-Heat, shiny|124\/304 tox
|-damage|p1a: Rotom-Heat|48\/304 tox|[from] Stealth Rock
|turn|53
|
|move|p2a: Pidgeot|Hurricane|p1a: Rotom-Heat
|-resisted|p1a: Rotom-Heat
|-damage|p1a: Rotom-Heat|0 fnt
|faint|p1a: Rotom-Heat
|
|
|switch|p1a: Shaymin|Shaymin, shiny|197\/341
|-damage|p1a: Shaymin|155\/341|[from] Stealth Rock
|turn|54
|c|âMTVJam|gg
|c|âgladheateher|gg wp
|
|move|p2a: Pidgeot|Hurricane|p1a: Shaymin
|-supereffective|p1a: Shaymin
|-damage|p1a: Shaymin|0 fnt
|faint|p1a: Shaymin
|
|win|MTVJam
|raw|Ladder updating...
|raw|gladheateher's rating: 1393 &rarr; <strong>1380<\/strong><br \/>(-13 for losing)
|raw|MTVJam's rating: 1533 &rarr; <strong>1545<\/strong><br \/>(+12 for winning)