|join|Mtvjam
|join|Smashed To Hell
|player|p1|Mtvjam|265
|player|p2|Smashed To Hell|66
|gametype|singles
|gen|6
|tier|UU
|rated
|rule|Sleep Clause Mod: Limit one foe put to sleep
|rule|Species Clause: Limit one of each PokÃ©mon
|rule|OHKO Clause: OHKO moves are banned
|rule|Moody Clause: Moody is banned
|rule|Evasion Moves Clause: Evasion moves are banned
|rule|Endless Battle Clause: Forcing endless battles is banned
|rule|HP Percentage Mod: HP is shown in percentages
|clearpoke
|poke|p1|Pidgeot, M
|poke|p1|Tentacruel, F
|poke|p1|Zygarde
|poke|p1|Swampert, M
|poke|p1|Reuniclus, M
|poke|p1|Jirachi
|poke|p2|Toxicroak, M, shiny
|poke|p2|Milotic, F
|poke|p2|Hydreigon, M
|poke|p2|Banette, F
|poke|p2|Blissey, F
|poke|p2|Alakazam, M
|rule|Swagger Clause: Swagger is banned
|rule|Baton Pass Clause: Limit one PokÃ©mon knowing Baton Pass
|teampreview
|
|start
|switch|p1a: Jirachi|Jirachi|341\/341
|switch|p2a: Banette|Banette, F|331\/331
|-item|p1a: Jirachi|Choice Scarf|[from] ability: Frisk|[of] p2a: Banette|[identify]
|turn|1
|
|switch|p1a: Pidgeot|Pidgeot, M|307\/307
|detailschange|p2a: Banette|Banette-Mega, F
|-mega|p2a: Banette|Banette|Banettite
|move|p2a: Banette|Knock Off|p1a: Pidgeot
|-damage|p1a: Pidgeot|180\/307
|
|turn|2
|
|detailschange|p1a: Pidgeot|Pidgeot-Mega, M
|-mega|p1a: Pidgeot|Pidgeot|Pidgeotite
|move|p2a: Banette|Will-O-Wisp|p1a: Pidgeot
|-status|p1a: Pidgeot|brn
|move|p1a: Pidgeot|Roost|p1a: Pidgeot
|-heal|p1a: Pidgeot|307\/307 brn
|
|-damage|p1a: Pidgeot|269\/307 brn|[from] brn
|turn|3
|
|switch|p2a: Blissey|Blissey, F|651\/651
|move|p1a: Pidgeot|Hurricane|p2a: Blissey
|-damage|p2a: Blissey|516\/651
|-start|p2a: Blissey|confusion
|
|-heal|p2a: Blissey|556\/651|[from] item: Leftovers
|-damage|p1a: Pidgeot|231\/307 brn|[from] brn
|turn|4
|
|move|p1a: Pidgeot|U-turn|p2a: Blissey
|-damage|p2a: Blissey|519\/651
|
|switch|p1a: Swampert|Swampert, M|404\/404
|-activate|p2a: Blissey|confusion
|move|p2a: Blissey|Seismic Toss|p1a: Swampert
|-damage|p1a: Swampert|304\/404
|
|-heal|p2a: Blissey|559\/651|[from] item: Leftovers
|-heal|p1a: Swampert|329\/404|[from] item: Leftovers
|turn|5
|
|switch|p2a: Hydreigon|Hydreigon, M|325\/325
|move|p1a: Swampert|Stealth Rock|p2a: Hydreigon
|-sidestart|p2: Smashed To Hell|move: Stealth Rock
|
|-heal|p1a: Swampert|354\/404|[from] item: Leftovers
|turn|6
|
|switch|p1a: Tentacruel|Tentacruel, F|364\/364
|move|p2a: Hydreigon|Draco Meteor|p1a: Tentacruel
|-damage|p1a: Tentacruel|154\/364
|-unboost|p2a: Hydreigon|spa|2
|
|-heal|p1a: Tentacruel|176\/364|[from] item: Leftovers
|turn|7
|
|switch|p2a: Blissey|Blissey, F|559\/651
|-damage|p2a: Blissey|478\/651|[from] Stealth Rock
|move|p1a: Tentacruel|Toxic Spikes|p2a: Blissey
|-sidestart|p2: Smashed To Hell|move: Toxic Spikes
|
|-heal|p1a: Tentacruel|198\/364|[from] item: Leftovers
|-heal|p2a: Blissey|518\/651|[from] item: Leftovers
|turn|8
|
|move|p1a: Tentacruel|Toxic|p2a: Blissey
|-status|p2a: Blissey|tox
|move|p2a: Blissey|Seismic Toss|p1a: Tentacruel
|-damage|p1a: Tentacruel|98\/364
|
|-heal|p1a: Tentacruel|120\/364|[from] item: Leftovers
|-heal|p2a: Blissey|558\/651 tox|[from] item: Leftovers
|-damage|p2a: Blissey|518\/651 tox|[from] psn
|turn|9
|
|switch|p1a: Zygarde|Zygarde|357\/357
|-ability|p1a: Zygarde|Aura Break
|move|p2a: Blissey|Seismic Toss|p1a: Zygarde
|-damage|p1a: Zygarde|257\/357
|
|-heal|p2a: Blissey|558\/651 tox|[from] item: Leftovers
|-damage|p2a: Blissey|478\/651 tox|[from] psn
|turn|10
|
|switch|p2a: Hydreigon|Hydreigon, M|325\/325
|-damage|p2a: Hydreigon|285\/325|[from] Stealth Rock
|move|p1a: Zygarde|Extreme Speed|p2a: Hydreigon
|-damage|p2a: Hydreigon|171\/325
|-damage|p1a: Zygarde|222\/357|[from] item: Life Orb
|
|turn|11
|
|switch|p1a: Tentacruel|Tentacruel, F|120\/364
|move|p2a: Hydreigon|Draco Meteor|p1a: Tentacruel
|-damage|p1a: Tentacruel|0 fnt
|-unboost|p2a: Hydreigon|spa|2
|faint|p1a: Tentacruel
|
|
|switch|p1a: Pidgeot|Pidgeot-Mega, M|231\/307 brn
|turn|12
|
|switch|p2a: Toxicroak|Toxicroak, M, shiny|307\/307
|-damage|p2a: Toxicroak|288\/307|[from] Stealth Rock
|-sideend|p2: Smashed To Hell|move: Toxic Spikes|[of] p2a: Toxicroak
|move|p1a: Pidgeot|U-turn|p2a: Toxicroak
|-resisted|p2a: Toxicroak
|-damage|p2a: Toxicroak|281\/307
|
|switch|p1a: Reuniclus|Reuniclus, M|424\/424
|
|turn|13
|
|move|p2a: Toxicroak|Gunk Shot|p1a: Reuniclus
|-damage|p1a: Reuniclus|181\/424
|-damage|p2a: Toxicroak|251\/307|[from] item: Life Orb
|move|p1a: Reuniclus|Psyshock|p2a: Toxicroak
|-supereffective|p2a: Toxicroak
|-damage|p2a: Toxicroak|0 fnt
|faint|p2a: Toxicroak
|
|-heal|p1a: Reuniclus|207\/424|[from] item: Leftovers
|
|switch|p2a: Banette|Banette-Mega, F|331\/331
|-damage|p2a: Banette|290\/331|[from] Stealth Rock
|turn|14
|
|switch|p1a: Swampert|Swampert, M|354\/404
|move|p2a: Banette|Knock Off|p1a: Swampert
|-damage|p1a: Swampert|247\/404
|-enditem|p1a: Swampert|Leftovers|[from] move: Knock Off|[of] p2a: Banette
|
|turn|15
|
|switch|p1a: Pidgeot|Pidgeot-Mega, M|231\/307 brn
|move|p2a: Banette|Will-O-Wisp|p1a: Pidgeot
|-fail|p1a: Pidgeot|brn
|
|-damage|p1a: Pidgeot|193\/307 brn|[from] brn
|turn|16
|
|move|p2a: Banette|Destiny Bond|p2a: Banette
|-singlemove|p2a: Banette|Destiny Bond
|move|p1a: Pidgeot|U-turn|p2a: Banette
|-resisted|p2a: Banette
|-damage|p2a: Banette|277\/331
|
|switch|p1a: Jirachi|Jirachi|341\/341
|
|turn|17
|
|switch|p1a: Pidgeot|Pidgeot-Mega, M|193\/307 brn
|move|p2a: Banette|Knock Off|p1a: Pidgeot
|-damage|p1a: Pidgeot|67\/307 brn
|
|-damage|p1a: Pidgeot|29\/307 brn|[from] brn
|turn|18
|
|move|p1a: Pidgeot|Roost|p1a: Pidgeot
|-heal|p1a: Pidgeot|183\/307 brn
|move|p2a: Banette|Knock Off|p1a: Pidgeot
|-damage|p1a: Pidgeot|69\/307 brn
|
|-damage|p1a: Pidgeot|31\/307 brn|[from] brn
|turn|19
|
|move|p1a: Pidgeot|Roost|p1a: Pidgeot
|-heal|p1a: Pidgeot|185\/307 brn
|move|p2a: Banette|Knock Off|p1a: Pidgeot
|-damage|p1a: Pidgeot|55\/307 brn
|
|-damage|p1a: Pidgeot|17\/307 brn|[from] brn
|turn|20
|
|switch|p2a: Blissey|Blissey, F|478\/651
|-damage|p2a: Blissey|397\/651|[from] Stealth Rock
|move|p1a: Pidgeot|Hurricane|p2a: Blissey
|-damage|p2a: Blissey|265\/651
|
|-heal|p2a: Blissey|305\/651|[from] item: Leftovers
|-damage|p1a: Pidgeot|0 fnt|[from] brn
|faint|p1a: Pidgeot
|
|switch|p1a: Zygarde|Zygarde|222\/357
|-ability|p1a: Zygarde|Aura Break
|turn|21
|
|switch|p2a: Milotic|Milotic, F|393\/393
|-damage|p2a: Milotic|344\/393|[from] Stealth Rock
|move|p1a: Zygarde|Dragon Dance|p1a: Zygarde
|-boost|p1a: Zygarde|atk|1
|-boost|p1a: Zygarde|spe|1
|
|-heal|p2a: Milotic|368\/393|[from] item: Leftovers
|turn|22
|
|switch|p1a: Reuniclus|Reuniclus, M|207\/424
|move|p2a: Milotic|Ice Beam|p1a: Reuniclus
|-damage|p1a: Reuniclus|124\/424
|
|-heal|p2a: Milotic|392\/393|[from] item: Leftovers
|-heal|p1a: Reuniclus|150\/424|[from] item: Leftovers
|turn|23
|
|move|p2a: Milotic|Scald|p1a: Reuniclus
|-damage|p1a: Reuniclus|50\/424
|move|p1a: Reuniclus|Recover|p1a: Reuniclus
|-heal|p1a: Reuniclus|262\/424
|
|-heal|p2a: Milotic|393\/393|[from] item: Leftovers
|-heal|p1a: Reuniclus|288\/424|[from] item: Leftovers
|turn|24
|
|switch|p2a: Banette|Banette-Mega, F|277\/331
|-damage|p2a: Banette|236\/331|[from] Stealth Rock
|move|p1a: Reuniclus|Psyshock|p2a: Banette
|-damage|p2a: Banette|86\/331
|
|-heal|p1a: Reuniclus|314\/424|[from] item: Leftovers
|turn|25
|
|move|p2a: Banette|Knock Off|p1a: Reuniclus
|-supereffective|p1a: Reuniclus
|-damage|p1a: Reuniclus|70\/424
|-enditem|p1a: Reuniclus|Leftovers|[from] move: Knock Off|[of] p2a: Banette
|move|p1a: Reuniclus|Recover|p1a: Reuniclus
|-heal|p1a: Reuniclus|282\/424
|
|turn|26
|
|switch|p2a: Hydreigon|Hydreigon, M|171\/325
|-damage|p2a: Hydreigon|131\/325|[from] Stealth Rock
|move|p1a: Reuniclus|Recover|p1a: Reuniclus
|-heal|p1a: Reuniclus|424\/424
|
|turn|27
|
|move|p2a: Hydreigon|Dark Pulse|p1a: Reuniclus
|-supereffective|p1a: Reuniclus
|-damage|p1a: Reuniclus|100\/424
|cant|p1a: Reuniclus|flinch
|
|turn|28
|
|switch|p1a: Swampert|Swampert, M|247\/404
|move|p2a: Hydreigon|Dark Pulse|p1a: Swampert
|-damage|p1a: Swampert|82\/404
|
|turn|29
|
|move|p2a: Hydreigon|Dark Pulse|p1a: Swampert
|-damage|p1a: Swampert|0 fnt
|faint|p1a: Swampert
|
|
|switch|p1a: Jirachi|Jirachi|341\/341
|turn|30
|
|switch|p2a: Milotic|Milotic, F|393\/393
|-damage|p2a: Milotic|344\/393|[from] Stealth Rock
|move|p1a: Jirachi|U-turn|p2a: Milotic
|-damage|p2a: Milotic|284\/393
|
|switch|p1a: Zygarde|Zygarde|222\/357
|-ability|p1a: Zygarde|Aura Break
|
|-heal|p2a: Milotic|308\/393|[from] item: Leftovers
|turn|31
|
|switch|p1a: Jirachi|Jirachi|341\/341
|move|p2a: Milotic|Scald|p1a: Jirachi
|-damage|p1a: Jirachi|244\/341
|
|-heal|p2a: Milotic|332\/393|[from] item: Leftovers
|turn|32
|
|move|p1a: Jirachi|Healing Wish|p1a: Jirachi
|faint|p1a: Jirachi
|move|p2a: Milotic|Scald|p1: Jirachi|[notarget]
|-notarget
|
|-heal|p2a: Milotic|356\/393|[from] item: Leftovers
|
|switch|p1a: Reuniclus|Reuniclus, M|100\/424
|-heal|p1a: Reuniclus|424\/424|[from] move: Healing Wish
|turn|33
|
|switch|p2a: Blissey|Blissey, F|305\/651
|-damage|p2a: Blissey|224\/651|[from] Stealth Rock
|move|p1a: Reuniclus|Calm Mind|p1a: Reuniclus
|-boost|p1a: Reuniclus|spa|1
|-boost|p1a: Reuniclus|spd|1
|
|-heal|p2a: Blissey|264\/651|[from] item: Leftovers
|turn|34
|
|move|p2a: Blissey|Seismic Toss|p1a: Reuniclus
|-damage|p1a: Reuniclus|324\/424
|move|p1a: Reuniclus|Calm Mind|p1a: Reuniclus
|-boost|p1a: Reuniclus|spa|1
|-boost|p1a: Reuniclus|spd|1
|
|-heal|p2a: Blissey|304\/651|[from] item: Leftovers
|turn|35
|
|move|p2a: Blissey|Thunder Wave|p1a: Reuniclus
|-status|p1a: Reuniclus|par
|move|p1a: Reuniclus|Recover|p1a: Reuniclus
|-heal|p1a: Reuniclus|424\/424 par
|
|-heal|p2a: Blissey|344\/651|[from] item: Leftovers
|turn|36
|
|move|p2a: Blissey|Seismic Toss|p1a: Reuniclus
|-damage|p1a: Reuniclus|324\/424 par
|move|p1a: Reuniclus|Psyshock|p2a: Blissey
|-damage|p2a: Blissey|0 fnt
|faint|p2a: Blissey
|
|
|switch|p2a: Hydreigon|Hydreigon, M|131\/325
|-damage|p2a: Hydreigon|91\/325|[from] Stealth Rock
|turn|37
|
|move|p2a: Hydreigon|Dark Pulse|p1a: Reuniclus
|-supereffective|p1a: Reuniclus
|-damage|p1a: Reuniclus|166\/424 par
|move|p1a: Reuniclus|Recover|p1a: Reuniclus
|-heal|p1a: Reuniclus|378\/424 par
|
|turn|38
|
|move|p2a: Hydreigon|Dark Pulse|p1a: Reuniclus
|-supereffective|p1a: Reuniclus
|-damage|p1a: Reuniclus|226\/424 par
|move|p1a: Reuniclus|Recover|p1a: Reuniclus
|-heal|p1a: Reuniclus|424\/424 par
|
|turn|39
|
|move|p2a: Hydreigon|Dark Pulse|p1a: Reuniclus
|-supereffective|p1a: Reuniclus
|-damage|p1a: Reuniclus|268\/424 par
|move|p1a: Reuniclus|Focus Blast|p2a: Hydreigon|[miss]
|-miss|p1a: Reuniclus|p2a: Hydreigon
|
|turn|40
|
|move|p2a: Hydreigon|Dark Pulse|p1a: Reuniclus
|-supereffective|p1a: Reuniclus
|-damage|p1a: Reuniclus|118\/424 par
|cant|p1a: Reuniclus|par
|
|turn|41
|-message|Mtvjam forfeited.
|leave|Mtvjam
|
|win|Smashed To Hell
|raw|Ladder updating...
|player|p1
|raw|Mtvjam's rating: 1561 &rarr; <strong>1528<\/strong><br \/>(-33 for losing)
|raw|Smashed To Hell's rating: 1305 &rarr; <strong>1338<\/strong><br \/>(+33 for winning)