|join|warzoid
|join|kenkj
|player|p1|warzoid|188
|player|p2|kenkj|63
|gametype|singles
|gen|6
|tier|UU
|rated
|rule|Sleep Clause Mod: Limit one foe put to sleep
|rule|Species Clause: Limit one of each Pokemon
|rule|OHKO Clause: OHKO moves are banned
|rule|Moody Clause: Moody is banned
|rule|Evasion Moves Clause: Evasion moves are banned
|rule|Endless Battle Clause: Forcing endless battles is banned
|rule|HP Percentage Mod: HP is reported as percentages
|clearpoke
|poke|p1|Hydreigon, F
|poke|p1|Braviary, M
|poke|p1|Infernape, M
|poke|p1|Doublade, M
|poke|p1|Darmanitan, M
|poke|p1|Staraptor, M
|poke|p2|Honchkrow, M
|poke|p2|Victini
|poke|p2|Florges, F, shiny
|poke|p2|Toxicroak, M
|poke|p2|Blastoise, M
|poke|p2|Forretress, F
|rule|Baton Pass Clause: Limit 3 pokemon knowing Baton Pass
|teampreview
|
|start
|switch|p1a: Infernape|Infernape, M|293\/293
|switch|p2a: Forretress|Forretress, F|354\/354
|turn|1
|
|move|p1a: Infernape|Fake Out|p2a: Forretress
|-resisted|p2a: Forretress
|-damage|p2a: Forretress|339\/354
|cant|p2a: Forretress|flinch
|
|-heal|p2a: Forretress|354\/354|[from] item: Leftovers
|turn|2
|
|move|p1a: Infernape|Overheat|p2a: Forretress
|-supereffective|p2a: Forretress
|-activate|p2a: Forretress|Sturdy
|-damage|p2a: Forretress|1\/354
|-unboost|p1a: Infernape|spa|2
|move|p2a: Forretress|Stealth Rock|p1a: Infernape
|-sidestart|p1: warzoid|move: Stealth Rock
|
|-heal|p2a: Forretress|23\/354|[from] item: Leftovers
|turn|3
|
|switch|p2a: Victini|Victini|341\/341
|move|p1a: Infernape|Close Combat|p2a: Victini
|-resisted|p2a: Victini
|-damage|p2a: Victini|233\/341
|-unboost|p1a: Infernape|def|1
|-unboost|p1a: Infernape|spd|1
|
|turn|4
|
|move|p1a: Infernape|Stealth Rock|p2a: Victini
|-sidestart|p2: kenkj|move: Stealth Rock
|move|p2a: Victini|U-turn|p1a: Infernape
|-resisted|p1a: Infernape
|-damage|p1a: Infernape|257\/293
|-damage|p2a: Victini|199\/341|[from] item: Life Orb
|
|switch|p2a: Honchkrow|Honchkrow, M|341\/341
|-damage|p2a: Honchkrow|256\/341|[from] Stealth Rock
|
|turn|5
|
|switch|p2a: Blastoise|Blastoise, M|353\/353
|-damage|p2a: Blastoise|309\/353|[from] Stealth Rock
|move|p1a: Infernape|Close Combat|p2a: Blastoise
|-damage|p2a: Blastoise|116\/353
|-unboost|p1a: Infernape|def|1
|-unboost|p1a: Infernape|spd|1
|
|turn|6
|
|detailschange|p2a: Blastoise|Blastoise-Mega, M
|message|Blastoise has Mega Evolved into Mega Blastoise!
|move|p1a: Infernape|Close Combat|p2a: Blastoise
|-damage|p2a: Blastoise|0 fnt
|-unboost|p1a: Infernape|def|1
|-unboost|p1a: Infernape|spd|1
|faint|p2a: Blastoise
|
|
|switch|p2a: Florges|Florges, F, shiny|360\/360
|-damage|p2a: Florges|315\/360|[from] Stealth Rock
|turn|7
|
|switch|p1a: Doublade|Doublade, M|322\/322
|-damage|p1a: Doublade|302\/322|[from] Stealth Rock
|move|p2a: Florges|Moonblast|p1a: Doublade
|-resisted|p1a: Doublade
|-damage|p1a: Doublade|235\/322
|
|-heal|p2a: Florges|337\/360|[from] item: Leftovers
|turn|8
|
|switch|p2a: Toxicroak|Toxicroak, M|307\/307
|-damage|p2a: Toxicroak|288\/307|[from] Stealth Rock
|move|p1a: Doublade|Gyro Ball|p2a: Toxicroak
|-damage|p2a: Toxicroak|29\/307
|
|turn|9
|
|move|p2a: Toxicroak|Sucker Punch|p1a: Doublade
|-fail|p1a: Doublade
|move|p1a: Doublade|Swords Dance|p1a: Doublade
|-boost|p1a: Doublade|atk|2
|
|turn|10
|
|move|p2a: Toxicroak|Sucker Punch|p1a: Doublade
|-supereffective|p1a: Doublade
|-damage|p1a: Doublade|131\/322
|-damage|p2a: Toxicroak|0 fnt|[from] item: Life Orb
|faint|p2a: Toxicroak
|move|p1a: Doublade|Shadow Sneak|p2: Toxicroak|[notarget]
|-notarget
|
|
|switch|p2a: Honchkrow|Honchkrow, M|256\/341
|-damage|p2a: Honchkrow|171\/341|[from] Stealth Rock
|turn|11
|
|move|p2a: Honchkrow|Roost|p2a: Honchkrow
|-heal|p2a: Honchkrow|341\/341
|move|p1a: Doublade|Gyro Ball|p2a: Honchkrow
|-damage|p2a: Honchkrow|0 fnt
|faint|p2a: Honchkrow
|
|
|switch|p2a: Victini|Victini|199\/341
|-damage|p2a: Victini|114\/341|[from] Stealth Rock
|turn|12
|
|move|p1a: Doublade|Shadow Sneak|p2a: Victini
|-supereffective|p2a: Victini
|-damage|p2a: Victini|0 fnt
|faint|p2a: Victini
|
|-message|kenkj forfeited.
|
|win|warzoid
|raw|Ladder updating...
|leave|kenkj
|player|p2
|raw|warzoid's rating: 1483 &rarr; <strong>1501<\/strong><br \/>(+18 for winning)
|raw|kenkj's rating: 1435 &rarr; <strong>1418<\/strong><br \/>(-17 for losing)
|chat|warzoid|gg