|join|shedinja lmoa
|join|warzoid
|player|p1|shedinja lmoa|282
|player|p2|warzoid|188
|gametype|singles
|gen|6
|tier|UU
|rule|Sleep Clause Mod: Limit one foe put to sleep
|rule|Species Clause: Limit one of each PokÃ©mon
|rule|OHKO Clause: OHKO moves are banned
|rule|Moody Clause: Moody is banned
|rule|Evasion Moves Clause: Evasion moves are banned
|rule|Endless Battle Clause: Forcing endless battles is banned
|rule|HP Percentage Mod: HP is shown in percentages
|clearpoke
|poke|p1|Shedinja
|poke|p1|Aggron, F
|poke|p1|Tentacruel, M
|poke|p1|Florges, F
|poke|p1|Xatu, M
|poke|p1|Snorlax, M
|poke|p2|Amoonguss, F
|poke|p2|Krookodile, F
|poke|p2|Lopunny, M
|poke|p2|Swampert, M
|poke|p2|Crobat, M
|poke|p2|Umbreon, M
|rule|Swagger Clause: Swagger is banned
|rule|Baton Pass Clause: Limit one PokÃ©mon knowing Baton Pass
|teampreview
|join|Doctor Ciel
|join|NateTheHater
|join|SuperSonic364
|join|Starmie Sweep
|join|Buuskeri
|leave|SuperSonic364
|join|AnglesEverywhere
|c| Buuskeri|Shroom>any other pokemon
|
|start
|switch|p1a: Aggron|Aggron, F|344\/344
|switch|p2a: rocks|Swampert, M|404\/404
|turn|1
|c| AnglesEverywhere|I dunno, theres a Xatu here
|join|braintender
|
|switch|p1a: Xatu|Xatu, M|333\/333
|move|p2a: rocks|Scald|p1a: Xatu
|-damage|p1a: Xatu|233\/333
|-status|p1a: Xatu|brn
|
|-damage|p1a: Xatu|192\/333 brn|[from] brn
|turn|2
|c| AnglesEverywhere|Xatu > all
|c| Buuskeri|Shroom>Xatu
|join|firemelonium
|
|switch|p2a: wall|Umbreon, M|394\/394
|move|p1a: Xatu|Giga Drain|p2a: wall
|-damage|p2a: wall|362\/394
|-heal|p1a: Xatu|208\/333 brn|[from] drain|[of] p2a: wall
|
|-heal|p2a: wall|386\/394|[from] item: Leftovers
|-damage|p1a: Xatu|167\/333 brn|[from] brn
|turn|3
|join|BurstStream
|
|switch|p1a: Aggron|Aggron, F|344\/344
|move|p2a: wall|Wish|p2a: wall
|
|-heal|p2a: wall|394\/394|[from] item: Leftovers
|turn|4
|c| NateTheHater|bidoof > god
|
|switch|p2a: fast bat|Crobat, M|373\/373
|detailschange|p1a: Aggron|Aggron-Mega, F
|message|Aggron has Mega Evolved into Mega Aggron!
|move|p1a: Aggron|Stealth Rock|p2a: fast bat
|-sidestart|p2: warzoid|move: Stealth Rock
|
|turn|5
|
|move|p2a: fast bat|Defog|p1a: Aggron
|-unboost|p1a: Aggron|evasion|1
|-sideend|p2: warzoid|Stealth Rock|[from] move: Defog|[of] p2a: fast bat
|move|p1a: Aggron|Heavy Slam|p2a: fast bat
|-damage|p2a: fast bat|139\/373
|
|-heal|p2a: fast bat|162\/373|[from] item: Black Sludge
|turn|6
|c|âshedinja lmoa|nice
|c| Buuskeri|trust me I know this stuff... Why els would I be no ladder narb?
|
|switch|p2a: rocks|Swampert, M|404\/404
|move|p1a: Aggron|Stealth Rock|p2a: rocks
|-sidestart|p2: warzoid|move: Stealth Rock
|
|turn|7
|
|switch|p1a: Xatu|Xatu, M|167\/333 brn
|move|p2a: rocks|Scald|p1a: Xatu
|-damage|p1a: Xatu|56\/333 brn
|
|-damage|p1a: Xatu|15\/333 brn|[from] brn
|turn|8
|join|Who's Sonny Chiba
|
|switch|p2a: die|Krookodile, F|344\/344
|-damage|p2a: die|323\/344|[from] Stealth Rock
|-ability|p2a: die|Intimidate|[of] p1a: Xatu
|-unboost|p1a: Xatu|atk|1
|move|p1a: Xatu|Roost|p1a: Xatu
|-heal|p1a: Xatu|182\/333 brn
|
|-damage|p1a: Xatu|141\/333 brn|[from] brn
|turn|9
|
|move|p2a: die|Pursuit|p1a: Xatu
|-crit|p1a: Xatu
|-supereffective|p1a: Xatu
|-damage|p1a: Xatu|0 fnt
|-damage|p2a: die|266\/344|[from] item: Rocky Helmet|[of] p1a: Xatu
|faint|p1a: Xatu
|
|c| Doctor Ciel|Get
|c| Doctor Ciel|Bopped
|join|LiberalLucario
|
|switch|p1a: Aggron|Aggron-Mega, F|344\/344
|turn|10
|
|switch|p2a: rocks|Swampert, M|404\/404
|-damage|p2a: rocks|379\/404|[from] Stealth Rock
|move|p1a: Aggron|Toxic|p2a: rocks
|-status|p2a: rocks|tox
|
|-heal|p2a: rocks|404\/404 tox|[from] item: Leftovers
|-damage|p2a: rocks|379\/404 tox|[from] psn
|turn|11
|
|switch|p1a: Shedinja|Shedinja|1\/1
|move|p2a: rocks|Stealth Rock|p1a: Shedinja
|-sidestart|p1: shedinja lmoa|move: Stealth Rock
|
|-heal|p2a: rocks|404\/404 tox|[from] item: Leftovers
|-damage|p2a: rocks|354\/404 tox|[from] psn
|turn|12
|c| LiberalLucario|mfw avi change
|
|switch|p1a: Aggron|Aggron-Mega, F|344\/344
|-damage|p1a: Aggron|323\/344|[from] Stealth Rock
|move|p2a: rocks|Roar|p1a: Aggron
|drag|p1a: Florges|Florges, F|360\/360
|-damage|p1a: Florges|315\/360|[from] Stealth Rock
|
|-heal|p1a: Florges|337\/360|[from] item: Leftovers
|-heal|p2a: rocks|379\/404 tox|[from] item: Leftovers
|-damage|p2a: rocks|304\/404 tox|[from] psn
|turn|13
|c| Doctor Ciel|Ayy Lmao
|c|âshedinja lmoa|lol
|
|switch|p2a: keldeo counter|Amoonguss, F|400\/400
|-damage|p2a: keldeo counter|350\/400|[from] Stealth Rock
|move|p1a: Florges|Moonblast|p2a: keldeo counter
|-resisted|p2a: keldeo counter
|-damage|p2a: keldeo counter|278\/400
|
|-heal|p1a: Florges|359\/360|[from] item: Leftovers
|-heal|p2a: keldeo counter|303\/400|[from] item: Black Sludge
|turn|14
|
|switch|p1a: Snorlax|Snorlax, M|497\/497
|-damage|p1a: Snorlax|435\/497|[from] Stealth Rock
|move|p2a: keldeo counter|Spore|p1a: Snorlax
|-status|p1a: Snorlax|slp
|
|-heal|p1a: Snorlax|466\/497 slp|[from] item: Leftovers
|-heal|p2a: keldeo counter|328\/400|[from] item: Black Sludge
|turn|15
|c| LiberalLucario|go to sheddy here
|c| AnglesEverywhere|reveal sleep talk
|leave|Who's Sonny Chiba
|
|switch|p2a: wall|Umbreon, M|394\/394
|-damage|p2a: wall|345\/394|[from] Stealth Rock
|switch|p1a: Tentacruel|Tentacruel, M|364\/364
|-damage|p1a: Tentacruel|319\/364|[from] Stealth Rock
|
|-heal|p1a: Tentacruel|341\/364|[from] item: Black Sludge
|-heal|p2a: wall|369\/394|[from] item: Leftovers
|turn|16
|c|âshedinja lmoa|thx
|leave|Buuskeri
|join|Riches to Rags
|
|move|p1a: Tentacruel|Rapid Spin|p2a: wall
|-damage|p2a: wall|359\/394
|-sideend|p1: shedinja lmoa|Stealth Rock|[from] move: Rapid Spin|[of] p1a: Tentacruel
|move|p2a: wall|Heal Bell|p2a: wall
|-cureteam|p2a: wall|[from] move: HealBell
|
|-heal|p1a: Tentacruel|363\/364|[from] item: Black Sludge
|-heal|p2a: wall|383\/394|[from] item: Leftovers
|turn|17
|c| Starmie Sweep|Reveal: Mean Look.  trap his spinner.
|
|move|p1a: Tentacruel|Scald|p2a: wall
|-damage|p2a: wall|334\/394
|-status|p2a: wall|brn
|-status|p1a: Tentacruel|brn
|move|p2a: wall|Wish|p2a: wall
|
|-heal|p1a: Tentacruel|364\/364 brn|[from] item: Black Sludge
|-heal|p2a: wall|358\/394 brn|[from] item: Leftovers
|-damage|p1a: Tentacruel|319\/364 brn|[from] brn
|-damage|p2a: wall|309\/394 brn|[from] brn
|turn|18
|c| Starmie Sweep|NuMeta
|
|switch|p2a: rocks|Swampert, M|304\/404
|-damage|p2a: rocks|279\/404|[from] Stealth Rock
|move|p1a: Tentacruel|Toxic Spikes|p2a: rocks
|-sidestart|p2: warzoid|move: Toxic Spikes
|
|-heal|p2a: rocks|404\/404|[from] move: Wish|[wisher] wall
|-heal|p1a: Tentacruel|341\/364 brn|[from] item: Black Sludge
|-damage|p1a: Tentacruel|296\/364 brn|[from] brn
|turn|19
|
|move|p1a: Tentacruel|Scald|p2a: rocks
|-damage|p2a: rocks|311\/404
|move|p2a: rocks|Earthquake|p1a: Tentacruel
|-supereffective|p1a: Tentacruel
|-damage|p1a: Tentacruel|48\/364 brn
|
|-heal|p1a: Tentacruel|70\/364 brn|[from] item: Black Sludge
|-heal|p2a: rocks|336\/404|[from] item: Leftovers
|-damage|p1a: Tentacruel|25\/364 brn|[from] brn
|turn|20
|
|move|p1a: Tentacruel|Scald|p2a: rocks
|-damage|p2a: rocks|249\/404
|-status|p2a: rocks|brn
|move|p2a: rocks|Stealth Rock|p1a: Tentacruel
|-sidestart|p1: shedinja lmoa|move: Stealth Rock
|
|-heal|p1a: Tentacruel|47\/364 brn|[from] item: Black Sludge
|-heal|p2a: rocks|274\/404 brn|[from] item: Leftovers
|-damage|p1a: Tentacruel|2\/364 brn|[from] brn
|-damage|p2a: rocks|224\/404 brn|[from] brn
|turn|21
|leave|Riches to Rags
|
|move|p1a: Tentacruel|Rapid Spin|p2a: rocks
|-damage|p2a: rocks|219\/404 brn
|-sideend|p1: shedinja lmoa|Stealth Rock|[from] move: Rapid Spin|[of] p1a: Tentacruel
|move|p2a: rocks|Stealth Rock|p1a: Tentacruel
|-sidestart|p1: shedinja lmoa|move: Stealth Rock
|
|-heal|p1a: Tentacruel|24\/364 brn|[from] item: Black Sludge
|-heal|p2a: rocks|244\/404 brn|[from] item: Leftovers
|-damage|p1a: Tentacruel|0 fnt|[from] brn
|-damage|p2a: rocks|194\/404 brn|[from] brn
|faint|p1a: Tentacruel
|c| Starmie Sweep|#Just1PerfectThings
|
|switch|p1a: Florges|Florges, F|359\/360
|-damage|p1a: Florges|314\/360|[from] Stealth Rock
|turn|22
|
|switch|p2a: keldeo counter|Amoonguss, F|400\/400
|-sideend|p2: warzoid|move: Toxic Spikes|[of] p2a: keldeo counter
|-damage|p2a: keldeo counter|350\/400|[from] Stealth Rock
|move|p1a: Florges|Wish|p1a: Florges
|
|-heal|p1a: Florges|336\/360|[from] item: Leftovers
|-heal|p2a: keldeo counter|375\/400|[from] item: Black Sludge
|turn|23
|c| BurstStream|The Plays
|c| BurstStream|whoulda have went into nija
|
|switch|p1a: Aggron|Aggron-Mega, F|323\/344
|-damage|p1a: Aggron|302\/344|[from] Stealth Rock
|move|p2a: keldeo counter|Giga Drain|p1a: Aggron
|-resisted|p1a: Aggron
|-damage|p1a: Aggron|260\/344
|-heal|p2a: keldeo counter|396\/400|[from] drain|[of] p1a: Aggron
|
|-heal|p1a: Aggron|344\/344|[from] move: Wish|[wisher] Florges
|-heal|p2a: keldeo counter|400\/400|[from] item: Black Sludge
|turn|24
|
|move|p1a: Aggron|Heavy Slam|p2a: keldeo counter
|-damage|p2a: keldeo counter|235\/400
|move|p2a: keldeo counter|Foul Play|p1a: Aggron
|-damage|p1a: Aggron|299\/344
|
|-heal|p2a: keldeo counter|260\/400|[from] item: Black Sludge
|turn|25
|
|move|p1a: Aggron|Heavy Slam|p2a: keldeo counter
|-damage|p2a: keldeo counter|91\/400
|move|p2a: keldeo counter|Giga Drain|p1a: Aggron
|-resisted|p1a: Aggron
|-damage|p1a: Aggron|253\/344
|-heal|p2a: keldeo counter|114\/400|[from] drain|[of] p1a: Aggron
|
|-heal|p2a: keldeo counter|139\/400|[from] item: Black Sludge
|turn|26
|
|switch|p2a: die|Krookodile, F|266\/344
|-damage|p2a: die|245\/344|[from] Stealth Rock
|-ability|p2a: die|Intimidate|[of] p1a: Aggron
|-unboost|p1a: Aggron|atk|1
|move|p1a: Aggron|Heavy Slam|p2a: die
|-damage|p2a: die|110\/344
|
|turn|27
|
|move|p2a: die|Earthquake|p1a: Aggron
|-supereffective|p1a: Aggron
|-damage|p1a: Aggron|141\/344
|move|p1a: Aggron|Heavy Slam|p2a: die
|-damage|p2a: die|0 fnt
|faint|p2a: die
|
|
|switch|p2a: wall|Umbreon, M|309\/394 brn
|-damage|p2a: wall|260\/394 brn|[from] Stealth Rock
|turn|28
|
|switch|p1a: Florges|Florges, F|336\/360
|-damage|p1a: Florges|291\/360|[from] Stealth Rock
|move|p2a: wall|Heal Bell|p2a: wall
|-cureteam|p2a: wall|[from] move: HealBell
|
|-heal|p1a: Florges|313\/360|[from] item: Leftovers
|-heal|p2a: wall|284\/394|[from] item: Leftovers
|turn|29
|
|move|p1a: Florges|Wish|p1a: Florges
|move|p2a: wall|Wish|p2a: wall
|
|-heal|p1a: Florges|335\/360|[from] item: Leftovers
|-heal|p2a: wall|308\/394|[from] item: Leftovers
|turn|30
|
|switch|p1a: Aggron|Aggron-Mega, F|141\/344
|-damage|p1a: Aggron|120\/344|[from] Stealth Rock
|switch|p2a: rocks|Swampert, M|194\/404
|-damage|p2a: rocks|169\/404|[from] Stealth Rock
|
|-heal|p2a: rocks|366\/404|[from] move: Wish|[wisher] wall
|-heal|p1a: Aggron|300\/344|[from] move: Wish|[wisher] Florges
|-heal|p2a: rocks|391\/404|[from] item: Leftovers
|turn|31
|
|move|p1a: Aggron|Toxic|p2a: rocks
|-status|p2a: rocks|tox
|move|p2a: rocks|Roar|p1a: Aggron
|drag|p1a: Florges|Florges, F|335\/360
|-damage|p1a: Florges|290\/360|[from] Stealth Rock
|
|-heal|p1a: Florges|312\/360|[from] item: Leftovers
|-heal|p2a: rocks|404\/404 tox|[from] item: Leftovers
|-damage|p2a: rocks|379\/404 tox|[from] psn
|turn|32
|
|switch|p2a: keldeo counter|Amoonguss, F|272\/400
|-damage|p2a: keldeo counter|222\/400|[from] Stealth Rock
|move|p1a: Florges|Moonblast|p2a: keldeo counter
|-resisted|p2a: keldeo counter
|-damage|p2a: keldeo counter|150\/400
|-unboost|p2a: keldeo counter|spa|1
|
|-heal|p1a: Florges|334\/360|[from] item: Leftovers
|-heal|p2a: keldeo counter|175\/400|[from] item: Black Sludge
|turn|33
|
|switch|p1a: Aggron|Aggron-Mega, F|300\/344
|-damage|p1a: Aggron|279\/344|[from] Stealth Rock
|move|p2a: keldeo counter|Giga Drain|p1a: Aggron
|-resisted|p1a: Aggron
|-damage|p1a: Aggron|250\/344
|-heal|p2a: keldeo counter|190\/400|[from] drain|[of] p1a: Aggron
|
|-heal|p2a: keldeo counter|215\/400|[from] item: Black Sludge
|turn|34
|
|switch|p2a: rocks|Swampert, M|379\/404 tox
|-damage|p2a: rocks|354\/404 tox|[from] Stealth Rock
|move|p1a: Aggron|Heavy Slam|p2a: rocks
|-resisted|p2a: rocks
|-damage|p2a: rocks|292\/404 tox
|
|-heal|p2a: rocks|317\/404 tox|[from] item: Leftovers
|-damage|p2a: rocks|292\/404 tox|[from] psn
|turn|35
|leave|BurstStream
|
|switch|p1a: Florges|Florges, F|334\/360
|-damage|p1a: Florges|289\/360|[from] Stealth Rock
|move|p2a: rocks|Scald|p1a: Florges
|-damage|p1a: Florges|237\/360
|
|-heal|p1a: Florges|259\/360|[from] item: Leftovers
|-heal|p2a: rocks|317\/404 tox|[from] item: Leftovers
|-damage|p2a: rocks|267\/404 tox|[from] psn
|turn|36
|
|move|p1a: Florges|Wish|p1a: Florges
|move|p2a: rocks|Earthquake|p1a: Florges
|-damage|p1a: Florges|127\/360
|
|-heal|p1a: Florges|149\/360|[from] item: Leftovers
|-heal|p2a: rocks|292\/404 tox|[from] item: Leftovers
|-damage|p2a: rocks|217\/404 tox|[from] psn
|turn|37
|
|move|p1a: Florges|Moonblast|p2a: rocks
|-damage|p2a: rocks|91\/404 tox
|move|p2a: rocks|Roar|p1a: Florges
|drag|p1a: Aggron|Aggron-Mega, F|250\/344
|-damage|p1a: Aggron|229\/344|[from] Stealth Rock
|
|-heal|p1a: Aggron|344\/344|[from] move: Wish|[wisher] Florges
|-heal|p2a: rocks|116\/404 tox|[from] item: Leftovers
|-damage|p2a: rocks|16\/404 tox|[from] psn
|turn|38
|join|SuperSonic364
|
|move|p2a: rocks|Scald|p1a: Aggron
|-damage|p1a: Aggron|236\/344
|move|p1a: Aggron|Heavy Slam|p2a: rocks
|-resisted|p2a: rocks
|-damage|p2a: rocks|0 fnt
|faint|p2a: rocks
|
|leave|SuperSonic364
|join|trevor ellis
|
|switch|p2a: fast bat|Crobat, M|162\/373
|-damage|p2a: fast bat|69\/373|[from] Stealth Rock
|turn|39
|
|move|p2a: fast bat|Brave Bird|p1a: Aggron
|-resisted|p1a: Aggron
|-damage|p1a: Aggron|205\/344
|-damage|p2a: fast bat|59\/373|[from] recoil|[of] p1a: Aggron
|move|p1a: Aggron|Heavy Slam|p2a: fast bat
|-damage|p2a: fast bat|0 fnt
|faint|p2a: fast bat
|
|c| Starmie Sweep|Stronk play.
|
|switch|p2a: switchins where|Lopunny, M|271\/271
|-damage|p2a: switchins where|238\/271|[from] Stealth Rock
|turn|40
|c| AnglesEverywhere|reveal protect
|
|detailschange|p2a: switchins where|Lopunny-Mega, M
|message|Lopunny has Mega Evolved into Mega Lopunny!
|move|p2a: switchins where|Fake Out|p1a: Aggron
|-resisted|p1a: Aggron
|-damage|p1a: Aggron|190\/344
|cant|p1a: Aggron|flinch
|
|turn|41
|join|numbuh 274
|c|âshedinja lmoa|i chew this y\/n
|c| Doctor Ciel|y
|
|move|p2a: switchins where|High Jump Kick|p1a: Aggron
|-supereffective|p1a: Aggron
|-damage|p1a: Aggron|36\/344
|move|p1a: Aggron|Heavy Slam|p2a: switchins where
|-damage|p2a: switchins where|24\/271
|
|turn|42
|c| Starmie Sweep|WHAT A LORD
|leave|Doctor Ciel
|c|âwarzoid|so do I
|
|move|p2a: switchins where|Return|p1a: Aggron
|-resisted|p1a: Aggron
|-damage|p1a: Aggron|0 fnt
|faint|p1a: Aggron
|
|
|switch|p1a: Florges|Florges, F|149\/360
|-damage|p1a: Florges|104\/360|[from] Stealth Rock
|turn|43
|
|move|p1a: Florges|Protect|p1a: Florges
|-singleturn|p1a: Florges|Protect
|move|p2a: switchins where|Return|p1a: Florges
|-activate|p1a: Florges|Protect
|
|-heal|p1a: Florges|126\/360|[from] item: Leftovers
|turn|44
|
|move|p1a: Florges|Protect|p1a: Florges
|-fail|p1a: Florges
|move|p2a: switchins where|Return|p1a: Florges
|-damage|p1a: Florges|0 fnt
|faint|p1a: Florges
|
|
|switch|p1a: Snorlax|Snorlax, M|466\/497 slp
|-damage|p1a: Snorlax|404\/497 slp|[from] Stealth Rock
|turn|45
|
|move|p2a: switchins where|High Jump Kick|p1a: Snorlax
|-supereffective|p1a: Snorlax
|-damage|p1a: Snorlax|0 fnt
|faint|p1a: Snorlax
|
|c|âwarzoid|gg
|c|âshedinja lmoa|gg
|
|switch|p1a: Shedinja|Shedinja|1\/1
|-damage|p1a: Shedinja|0 fnt|[from] Stealth Rock
|faint|p1a: Shedinja
|
|win|warzoid
|leave|numbuh 274
|leave|shedinja lmoa
|player|p1
|leave|Starmie Sweep
|leave|LiberalLucario
|leave|firemelonium
|leave|NateTheHater
|leave|AnglesEverywhere
|join|NateTheHater