|join|LeFishyDerps
|join|warzoid
|player|p1|LeFishyDerps|1
|player|p2|warzoid|237
|gametype|singles
|gen|6
|tier|UU
|rated
|rule|Sleep Clause Mod: Limit one foe put to sleep
|rule|Species Clause: Limit one of each Pokemon
|rule|OHKO Clause: OHKO moves are banned
|rule|Moody Clause: Moody is banned
|rule|Evasion Moves Clause: Evasion moves are banned
|rule|Endless Battle Clause: Forcing endless battles is banned.
|rule|HP Percentage Mod: HP is reported as percentages
|clearpoke
|poke|p1|Hippowdon, F
|poke|p1|Empoleon, F
|poke|p1|Cradily, M
|poke|p1|Reuniclus, F
|poke|p1|Forretress, F
|poke|p1|Krookodile, F
|poke|p2|Weezing, M
|poke|p2|Umbreon, F
|poke|p2|Rhyperior, M
|poke|p2|Blissey, F
|poke|p2|Hydreigon, M
|poke|p2|Crobat, F
|teampreview
|
|start
|switch|p1a: Hippowdon|Hippowdon, F|420\/420
|switch|p2a: Hydreigon|Hydreigon, M|325\/325
|-weather|Sandstorm
|turn|1
|
|switch|p1a: Empoleon|Empoleon, F|372\/372
|move|p2a: Hydreigon|Dark Pulse|p1a: Empoleon
|-crit|p1a: Empoleon
|-damage|p1a: Empoleon|224\/372
|
|-weather|Sandstorm|[upkeep]
|-damage|p2a: Hydreigon|305\/325|[from] sandstorm
|turn|2
|
|move|p2a: Hydreigon|Dark Pulse|p1a: Empoleon
|-damage|p1a: Empoleon|137\/372
|move|p1a: Empoleon|Ice Beam|p2a: Hydreigon
|-supereffective|p2a: Hydreigon
|-damage|p2a: Hydreigon|47\/325
|
|-weather|Sandstorm|[upkeep]
|-damage|p2a: Hydreigon|27\/325|[from] sandstorm
|turn|3
|
|switch|p2a: Blissey|Blissey, F|714\/714
|move|p1a: Empoleon|Scald|p2a: Blissey
|-damage|p2a: Blissey|615\/714
|-status|p2a: Blissey|brn
|
|-weather|Sandstorm|[upkeep]
|-damage|p2a: Blissey|571\/714 brn|[from] sandstorm
|-heal|p2a: Blissey|615\/714 brn|[from] item: Leftovers
|-damage|p2a: Blissey|526\/714 brn|[from] brn
|turn|4
|
|switch|p1a: Cradily|Cradily, M|376\/376
|move|p2a: Blissey|Stealth Rock|p1a: Cradily
|-sidestart|p1: LeFishyDerps|move: Stealth Rock
|
|-weather|Sandstorm|[upkeep]
|-damage|p2a: Blissey|482\/714 brn|[from] sandstorm
|-heal|p2a: Blissey|526\/714 brn|[from] item: Leftovers
|-damage|p2a: Blissey|437\/714 brn|[from] brn
|turn|5
|
|move|p2a: Blissey|Wish|p2a: Blissey
|move|p1a: Cradily|Infestation|p2a: Blissey
|-damage|p2a: Blissey|428\/714 brn
|-activate|p2a: Blissey|move: Infestation|[of] p1a: Cradily
|
|-weather|Sandstorm|[upkeep]
|-damage|p2a: Blissey|384\/714 brn|[from] sandstorm
|-heal|p2a: Blissey|428\/714 brn|[from] item: Leftovers
|-damage|p2a: Blissey|339\/714 brn|[from] brn
|-damage|p2a: Blissey|250\/714 brn|[from] move: Infestation|[partiallytrapped]
|turn|6
|
|move|p2a: Blissey|Protect|p2a: Blissey
|-singleturn|p2a: Blissey|Protect
|move|p1a: Cradily|Stockpile|p1a: Cradily
|-start|p1a: Cradily|stockpile1
|-boost|p1a: Cradily|def|1
|-boost|p1a: Cradily|spd|1
|
|-weather|Sandstorm|[upkeep]
|-damage|p2a: Blissey|206\/714 brn|[from] sandstorm
|-heal|p2a: Blissey|563\/714 brn|[from] move: Wish|[wisher] Blissey
|-heal|p2a: Blissey|607\/714 brn|[from] item: Leftovers
|-damage|p2a: Blissey|518\/714 brn|[from] brn
|-damage|p2a: Blissey|429\/714 brn|[from] move: Infestation|[partiallytrapped]
|turn|7
|
|move|p2a: Blissey|Wish|p2a: Blissey
|move|p1a: Cradily|Stockpile|p1a: Cradily
|-start|p1a: Cradily|stockpile2
|-boost|p1a: Cradily|def|1
|-boost|p1a: Cradily|spd|1
|
|-weather|Sandstorm|[upkeep]
|-damage|p2a: Blissey|385\/714 brn|[from] sandstorm
|-heal|p2a: Blissey|429\/714 brn|[from] item: Leftovers
|-damage|p2a: Blissey|340\/714 brn|[from] brn
|-damage|p2a: Blissey|251\/714 brn|[from] move: Infestation|[partiallytrapped]
|turn|8
|
|move|p2a: Blissey|Seismic Toss|p1a: Cradily
|-damage|p1a: Cradily|276\/376
|move|p1a: Cradily|Stockpile|p1a: Cradily
|-start|p1a: Cradily|stockpile3
|-boost|p1a: Cradily|def|1
|-boost|p1a: Cradily|spd|1
|
|-weather|none
|-heal|p2a: Blissey|608\/714 brn|[from] move: Wish|[wisher] Blissey
|-heal|p2a: Blissey|652\/714 brn|[from] item: Leftovers
|-heal|p1a: Cradily|299\/376|[from] item: Leftovers
|-damage|p2a: Blissey|563\/714 brn|[from] brn
|-damage|p2a: Blissey|474\/714 brn|[from] move: Infestation|[partiallytrapped]
|turn|9
|
|move|p2a: Blissey|Wish|p2a: Blissey
|move|p1a: Cradily|Infestation|p2a: Blissey
|-damage|p2a: Blissey|464\/714 brn
|
|-heal|p2a: Blissey|508\/714 brn|[from] item: Leftovers
|-heal|p1a: Cradily|322\/376|[from] item: Leftovers
|-damage|p2a: Blissey|419\/714 brn|[from] brn
|-damage|p2a: Blissey|330\/714 brn|[from] move: Infestation|[partiallytrapped]
|turn|10
|
|move|p2a: Blissey|Seismic Toss|p1a: Cradily
|-damage|p1a: Cradily|222\/376
|move|p1a: Cradily|Recover|p1a: Cradily
|-heal|p1a: Cradily|376\/376
|
|-heal|p2a: Blissey|687\/714 brn|[from] move: Wish|[wisher] Blissey
|-heal|p2a: Blissey|714\/714 brn|[from] item: Leftovers
|-damage|p2a: Blissey|625\/714 brn|[from] brn
|-end|p2a: Blissey|Infestation|[partiallytrapped]
|turn|11
|
|switch|p2a: Weezing|Weezing, M|334\/334
|move|p1a: Cradily|Toxic|p2a: Weezing
|-fail|p2a: Weezing
|
|turn|12
|
|move|p2a: Weezing|Will-O-Wisp|p1a: Cradily
|-status|p1a: Cradily|brn
|move|p1a: Cradily|Infestation|p2a: Weezing
|-resisted|p2a: Weezing
|-damage|p2a: Weezing|326\/334
|-activate|p2a: Weezing|move: Infestation|[of] p1a: Cradily
|
|-heal|p2a: Weezing|334\/334|[from] item: Black Sludge
|-damage|p1a: Cradily|329\/376 brn|[from] brn
|-damage|p2a: Weezing|293\/334|[from] move: Infestation|[partiallytrapped]
|turn|13
|
|move|p2a: Weezing|Sludge Bomb|p1a: Cradily
|-damage|p1a: Cradily|295\/376 brn
|move|p1a: Cradily|Recover|p1a: Cradily
|-heal|p1a: Cradily|376\/376 brn
|
|-heal|p2a: Weezing|313\/334|[from] item: Black Sludge
|-damage|p1a: Cradily|329\/376 brn|[from] brn
|-damage|p2a: Weezing|272\/334|[from] move: Infestation|[partiallytrapped]
|turn|14
|
|move|p2a: Weezing|Sludge Bomb|p1a: Cradily
|-damage|p1a: Cradily|293\/376 brn
|move|p1a: Cradily|Infestation|p2a: Weezing
|-resisted|p2a: Weezing
|-damage|p2a: Weezing|263\/334
|
|-heal|p2a: Weezing|283\/334|[from] item: Black Sludge
|-heal|p1a: Cradily|316\/376 brn|[from] item: Leftovers
|-damage|p1a: Cradily|269\/376 brn|[from] brn
|-damage|p2a: Weezing|242\/334|[from] move: Infestation|[partiallytrapped]
|turn|15
|
|move|p2a: Weezing|Sludge Bomb|p1a: Cradily
|-damage|p1a: Cradily|236\/376 brn
|move|p1a: Cradily|Infestation|p2a: Weezing
|-crit|p2a: Weezing
|-resisted|p2a: Weezing
|-damage|p2a: Weezing|229\/334
|
|-heal|p2a: Weezing|249\/334|[from] item: Black Sludge
|-heal|p1a: Cradily|259\/376 brn|[from] item: Leftovers
|-damage|p1a: Cradily|212\/376 brn|[from] brn
|-damage|p2a: Weezing|208\/334|[from] move: Infestation|[partiallytrapped]
|turn|16
|
|move|p2a: Weezing|Flamethrower|p1a: Cradily
|-damage|p1a: Cradily|190\/376 brn
|move|p1a: Cradily|Recover|p1a: Cradily
|-heal|p1a: Cradily|376\/376 brn
|
|-heal|p2a: Weezing|228\/334|[from] item: Black Sludge
|-damage|p1a: Cradily|329\/376 brn|[from] brn
|-end|p2a: Weezing|Infestation|[partiallytrapped]
|turn|17
|
|move|p2a: Weezing|Pain Split|p1a: Cradily
|-sethp|p1a: Cradily|278\/376 brn|p2a: Weezing|278\/334|[from] move: Pain Split
|move|p1a: Cradily|Infestation|p2a: Weezing
|-resisted|p2a: Weezing
|-damage|p2a: Weezing|270\/334
|-activate|p2a: Weezing|move: Infestation|[of] p1a: Cradily
|
|-heal|p2a: Weezing|290\/334|[from] item: Black Sludge
|-heal|p1a: Cradily|301\/376 brn|[from] item: Leftovers
|-damage|p1a: Cradily|254\/376 brn|[from] brn
|-damage|p2a: Weezing|249\/334|[from] move: Infestation|[partiallytrapped]
|turn|18
|
|move|p2a: Weezing|Sludge Bomb|p1a: Cradily
|-damage|p1a: Cradily|221\/376 brn
|move|p1a: Cradily|Recover|p1a: Cradily
|-heal|p1a: Cradily|376\/376 brn
|
|-heal|p2a: Weezing|269\/334|[from] item: Black Sludge
|-damage|p1a: Cradily|329\/376 brn|[from] brn
|-damage|p2a: Weezing|228\/334|[from] move: Infestation|[partiallytrapped]
|turn|19
|
|switch|p1a: Forretress|Forretress, F|354\/354
|-damage|p1a: Forretress|310\/354|[from] Stealth Rock
|move|p2a: Weezing|Pain Split|p1a: Forretress
|-sethp|p1a: Forretress|269\/354|p2a: Weezing|269\/334|[from] move: Pain Split
|
|-heal|p2a: Weezing|289\/334|[from] item: Black Sludge
|-end|p2a: Weezing|Infestation|[partiallytrapped]
|turn|20
|
|move|p2a: Weezing|Flamethrower|p1a: Forretress
|-supereffective|p1a: Forretress
|-damage|p1a: Forretress|0 fnt
|faint|p1a: Forretress
|
|-heal|p2a: Weezing|309\/334|[from] item: Black Sludge
|
|switch|p1a: Reuniclus|Reuniclus, F|424\/424
|turn|21
|
|switch|p2a: Rhyperior|Rhyperior, M|434\/434
|move|p1a: Reuniclus|Trick Room|p1a: Reuniclus
|-fieldstart|move: Trick Room|[of] p1a: Reuniclus
|
|turn|22
|
|move|p1a: Reuniclus|Focus Blast|p2a: Rhyperior
|-supereffective|p2a: Rhyperior
|-damage|p2a: Rhyperior|200\/434
|-unboost|p2a: Rhyperior|spd|1
|move|p2a: Rhyperior|Megahorn|p1a: Reuniclus
|-supereffective|p1a: Reuniclus
|-damage|p1a: Reuniclus|42\/424
|
|turn|23
|
|move|p1a: Reuniclus|Focus Blast|p2a: Rhyperior
|-supereffective|p2a: Rhyperior
|-damage|p2a: Rhyperior|0 fnt
|faint|p2a: Rhyperior
|
|
|switch|p2a: Crobat|Crobat, F|355\/355
|turn|24
|
|switch|p2a: Umbreon|Umbreon, F|394\/394
|move|p1a: Reuniclus|Psychic|p2a: Umbreon
|-immune|p2a: Umbreon|[msg]
|
|turn|25
|
|move|p1a: Reuniclus|Focus Blast|p2a: Umbreon
|-supereffective|p2a: Umbreon
|-damage|p2a: Umbreon|142\/394
|move|p2a: Umbreon|Wish|p2a: Umbreon
|
|-heal|p2a: Umbreon|166\/394|[from] item: Leftovers
|-fieldend|move: Trick Room
|turn|26
|
|move|p2a: Umbreon|Foul Play|p1a: Reuniclus
|-crit|p1a: Reuniclus
|-supereffective|p1a: Reuniclus
|-damage|p1a: Reuniclus|0 fnt
|faint|p1a: Reuniclus
|
|-heal|p2a: Umbreon|363\/394|[from] move: Wish|[wisher] Umbreon
|-heal|p2a: Umbreon|387\/394|[from] item: Leftovers
|
|switch|p1a: Hippowdon|Hippowdon, F|420\/420
|-damage|p1a: Hippowdon|394\/420|[from] Stealth Rock
|-weather|Sandstorm
|turn|27
|
|move|p2a: Umbreon|Wish|p2a: Umbreon
|move|p1a: Hippowdon|Stealth Rock|p2a: Umbreon
|-sidestart|p2: warzoid|move: Stealth Rock
|
|-weather|Sandstorm|[upkeep]
|-damage|p2a: Umbreon|363\/394|[from] sandstorm
|-heal|p2a: Umbreon|387\/394|[from] item: Leftovers
|turn|28
|
|switch|p2a: Crobat|Crobat, F|355\/355
|-damage|p2a: Crobat|267\/355|[from] Stealth Rock
|move|p1a: Hippowdon|Whirlwind|p2a: Crobat
|drag|p2a: Hydreigon|Hydreigon, M|27\/325
|-damage|p2a: Hydreigon|0 fnt|[from] Stealth Rock
|faint|p2a: Hydreigon
|
|-weather|Sandstorm|[upkeep]
|
|switch|p2a: Weezing|Weezing, M|309\/334
|-damage|p2a: Weezing|268\/334|[from] Stealth Rock
|turn|29
|
|move|p2a: Weezing|Will-O-Wisp|p1a: Hippowdon
|-status|p1a: Hippowdon|brn
|move|p1a: Hippowdon|Whirlwind|p2a: Weezing
|drag|p2a: Crobat|Crobat, F|267\/355
|-damage|p2a: Crobat|179\/355|[from] Stealth Rock
|
|-weather|Sandstorm|[upkeep]
|-damage|p2a: Crobat|157\/355|[from] sandstorm
|-heal|p2a: Crobat|179\/355|[from] item: Black Sludge
|-damage|p1a: Hippowdon|342\/420 brn|[from] brn
|turn|30
|
|move|p2a: Crobat|Roost|p2a: Crobat
|-heal|p2a: Crobat|355\/355
|move|p1a: Hippowdon|Whirlwind|p2a: Crobat
|drag|p2a: Umbreon|Umbreon, F|387\/394
|-damage|p2a: Umbreon|338\/394|[from] Stealth Rock
|
|-weather|Sandstorm|[upkeep]
|-damage|p2a: Umbreon|314\/394|[from] sandstorm
|-heal|p2a: Umbreon|338\/394|[from] item: Leftovers
|-damage|p1a: Hippowdon|290\/420 brn|[from] brn
|turn|31
|
|move|p2a: Umbreon|Wish|p2a: Umbreon
|move|p1a: Hippowdon|Slack Off|p1a: Hippowdon
|-heal|p1a: Hippowdon|420\/420 brn
|
|-weather|Sandstorm|[upkeep]
|-damage|p2a: Umbreon|314\/394|[from] sandstorm
|-heal|p2a: Umbreon|338\/394|[from] item: Leftovers
|-damage|p1a: Hippowdon|368\/420 brn|[from] brn
|turn|32
|
|switch|p1a: Krookodile|Krookodile, F|331\/331
|-damage|p1a: Krookodile|311\/331|[from] Stealth Rock
|move|p2a: Umbreon|Foul Play|p1a: Krookodile
|-resisted|p1a: Krookodile
|-damage|p1a: Krookodile|215\/331
|
|-weather|Sandstorm|[upkeep]
|-damage|p2a: Umbreon|314\/394|[from] sandstorm
|-heal|p2a: Umbreon|394\/394|[from] move: Wish|[wisher] Umbreon
|turn|33
|
|move|p2a: Umbreon|Protect|p2a: Umbreon
|-singleturn|p2a: Umbreon|Protect
|move|p1a: Krookodile|Brick Break|p2a: Umbreon
|-activate|p2a: Umbreon|Protect
|
|-weather|Sandstorm|[upkeep]
|-damage|p2a: Umbreon|370\/394|[from] sandstorm
|-heal|p2a: Umbreon|394\/394|[from] item: Leftovers
|turn|34
|
|switch|p2a: Weezing|Weezing, M|268\/334
|-damage|p2a: Weezing|227\/334|[from] Stealth Rock
|move|p1a: Krookodile|Brick Break|p2a: Weezing
|-resisted|p2a: Weezing
|-damage|p2a: Weezing|202\/334
|
|-weather|none
|-heal|p2a: Weezing|222\/334|[from] item: Black Sludge
|turn|35
|
|switch|p1a: Cradily|Cradily, M|329\/376 brn
|-damage|p1a: Cradily|282\/376 brn|[from] Stealth Rock
|move|p2a: Weezing|Sludge Bomb|p1a: Cradily
|-damage|p1a: Cradily|192\/376 brn
|
|-heal|p2a: Weezing|242\/334|[from] item: Black Sludge
|-heal|p1a: Cradily|215\/376 brn|[from] item: Leftovers
|-damage|p1a: Cradily|168\/376 brn|[from] brn
|turn|36
|
|switch|p2a: Crobat|Crobat, F|355\/355
|-damage|p2a: Crobat|267\/355|[from] Stealth Rock
|move|p1a: Cradily|Recover|p1a: Cradily
|-heal|p1a: Cradily|356\/376 brn
|
|-heal|p2a: Crobat|289\/355|[from] item: Black Sludge
|-heal|p1a: Cradily|376\/376 brn|[from] item: Leftovers
|-damage|p1a: Cradily|329\/376 brn|[from] brn
|turn|37
|
|move|p2a: Crobat|Defog|p1a: Cradily
|-unboost|p1a: Cradily|evasion|1
|-sideend|p1: LeFishyDerps|Stealth Rock|[from] move: Defog|[of] p1a: Cradily
|-sideend|p2: warzoid|Stealth Rock|[from] move: Defog|[of] p2a: Crobat
|move|p1a: Cradily|Infestation|p2a: Crobat
|-resisted|p2a: Crobat
|-damage|p2a: Crobat|286\/355
|-activate|p2a: Crobat|move: Infestation|[of] p1a: Cradily
|
|-heal|p2a: Crobat|308\/355|[from] item: Black Sludge
|-heal|p1a: Cradily|352\/376 brn|[from] item: Leftovers
|-damage|p1a: Cradily|305\/376 brn|[from] brn
|-damage|p2a: Crobat|264\/355|[from] move: Infestation|[partiallytrapped]
|turn|38
|
|move|p2a: Crobat|Taunt|p1a: Cradily
|-start|p1a: Cradily|move: Taunt
|cant|p1a: Cradily|move: Taunt|Stockpile
|
|-heal|p2a: Crobat|286\/355|[from] item: Black Sludge
|-heal|p1a: Cradily|328\/376 brn|[from] item: Leftovers
|-damage|p1a: Cradily|281\/376 brn|[from] brn
|-damage|p2a: Crobat|242\/355|[from] move: Infestation|[partiallytrapped]
|turn|39
|
|switch|p1a: Empoleon|Empoleon, F|137\/372
|move|p2a: Crobat|Brave Bird|p1a: Empoleon
|-resisted|p1a: Empoleon
|-damage|p1a: Empoleon|44\/372
|-damage|p2a: Crobat|211\/355|[from] recoil|[of] p1a: Empoleon
|
|-heal|p2a: Crobat|233\/355|[from] item: Black Sludge
|-end|p2a: Crobat|Infestation|[partiallytrapped]
|turn|40
|
|move|p2a: Crobat|Brave Bird|p1a: Empoleon
|-resisted|p1a: Empoleon
|-damage|p1a: Empoleon|0 fnt
|-damage|p2a: Crobat|218\/355|[from] recoil|[of] p1a: Empoleon
|faint|p1a: Empoleon
|
|-heal|p2a: Crobat|240\/355|[from] item: Black Sludge
|
|switch|p1a: Krookodile|Krookodile, F|215\/331
|turn|41
|
|switch|p2a: Weezing|Weezing, M|242\/334
|move|p1a: Krookodile|Dragon Claw|p2a: Weezing
|-crit|p2a: Weezing
|-damage|p2a: Weezing|154\/334
|
|-heal|p2a: Weezing|174\/334|[from] item: Black Sludge
|turn|42
|chat|LeFishyDerps|Wp =)
|-message|LeFishyDerps forfeited.
|
|win|warzoid
|raw|Ladder updating...
|raw|LeFishyDerps's rating: 1305 &rarr; <strong>1291<\/strong><br \/>(-14 for losing)
|raw|warzoid's rating: 1416 &rarr; <strong>1430<\/strong><br \/>(+14 for winning)
|leave|LeFishyDerps
|player|p1
|chat|warzoid|gg