|join|warzoid
|join|COLBRUSHIE
|player|p1|warzoid|188
|player|p2|COLBRUSHIE|137
|gametype|singles
|gen|6
|tier|UU
|rated
|rule|Sleep Clause Mod: Limit one foe put to sleep
|rule|Species Clause: Limit one of each PokÃ©mon
|rule|OHKO Clause: OHKO moves are banned
|rule|Moody Clause: Moody is banned
|rule|Evasion Moves Clause: Evasion moves are banned
|rule|Endless Battle Clause: Forcing endless battles is banned
|rule|HP Percentage Mod: HP is shown in percentages
|clearpoke
|poke|p1|Cacturne, M
|poke|p1|Umbreon, M
|poke|p1|Qwilfish, M
|poke|p1|Sableye, F
|poke|p1|Slowbro, M
|poke|p1|Aggron, F
|poke|p2|Suicune
|poke|p2|Snorlax, M
|poke|p2|Crobat, M
|poke|p2|Aerodactyl, F
|poke|p2|Dugtrio, F
|poke|p2|Aromatisse, M
|rule|Swagger Clause: Swagger is banned
|rule|Baton Pass Clause: Limit one PokÃ©mon knowing Baton Pass
|teampreview
|
|start
|switch|p1a: Sableye|Sableye, F|304\/304
|switch|p2a: specs blastoise|Crobat, M|373\/373
|turn|1
|
|move|p2a: specs blastoise|Toxic|p1a: Sableye
|-status|p1a: Sableye|tox
|move|p1a: Sableye|Knock Off|p2a: specs blastoise
|-damage|p2a: specs blastoise|261\/373
|-enditem|p2a: specs blastoise|Black Sludge|[from] move: Knock Off|[of] p1a: Sableye
|
|-damage|p1a: Sableye|285\/304 tox|[from] psn
|turn|2
|
|switch|p2a: unwanted duckling|Aromatisse, M|406\/406
|move|p1a: Sableye|Will-O-Wisp|p2a: unwanted duckling
|-status|p2a: unwanted duckling|brn
|
|-heal|p1a: Sableye|304\/304 tox|[from] item: Leftovers
|-damage|p1a: Sableye|266\/304 tox|[from] psn
|-damage|p2a: unwanted duckling|356\/406 brn|[from] brn
|turn|3
|
|switch|p1a: Umbreon|Umbreon, M|394\/394
|move|p2a: unwanted duckling|Aromatherapy|p2a: unwanted duckling
|-cureteam|p2a: unwanted duckling|[from] move: Aromatherapy
|
|-heal|p2a: unwanted duckling|381\/406|[from] item: Leftovers
|turn|4
|
|switch|p2a: fat|Snorlax, M|497\/497
|move|p1a: Umbreon|Heal Bell|p1a: Umbreon
|-cureteam|p1a: Umbreon|[from] move: HealBell
|
|turn|5
|
|switch|p1a: Aggron|Aggron, F|344\/344
|move|p2a: fat|Curse|p2a: fat
|-boost|p2a: fat|atk|1
|-boost|p2a: fat|def|1
|-unboost|p2a: fat|spe|1
|
|turn|6
|
|detailschange|p1a: Aggron|Aggron-Mega, F
|message|Aggron has Mega Evolved into Mega Aggron!
|move|p1a: Aggron|Stealth Rock|p2a: fat
|-sidestart|p2: COLBRUSHIE|move: Stealth Rock
|move|p2a: fat|Body Slam|p1a: Aggron
|-resisted|p1a: Aggron
|-damage|p1a: Aggron|308\/344
|
|turn|7
|
|move|p1a: Aggron|Heavy Slam|p2a: fat
|-damage|p2a: fat|445\/497
|move|p2a: fat|Body Slam|p1a: Aggron
|-resisted|p1a: Aggron
|-damage|p1a: Aggron|269\/344
|-status|p1a: Aggron|par
|
|-heal|p2a: fat|476\/497|[from] item: Leftovers
|turn|8
|
|move|p2a: fat|Curse|p2a: fat
|-boost|p2a: fat|atk|1
|-boost|p2a: fat|def|1
|-unboost|p2a: fat|spe|1
|move|p1a: Aggron|Dragon Tail|p2a: fat
|-damage|p2a: fat|443\/497
|drag|p2a: wrong neighborhood|Dugtrio, F|212\/212
|-damage|p2a: wrong neighborhood|199\/212|[from] Stealth Rock
|
|turn|9
|
|move|p2a: wrong neighborhood|Earthquake|p1a: Aggron
|-supereffective|p1a: Aggron
|-damage|p1a: Aggron|133\/344 par
|move|p1a: Aggron|Heavy Slam|p2a: wrong neighborhood
|-damage|p2a: wrong neighborhood|0 fnt
|faint|p2a: wrong neighborhood
|
|
|switch|p2a: ntfs|Suicune|404\/404
|-damage|p2a: ntfs|354\/404|[from] Stealth Rock
|-ability|p2a: ntfs|Pressure
|turn|10
|
|switch|p2a: vroom|Aerodactyl, F|314\/314
|-damage|p2a: vroom|236\/314|[from] Stealth Rock
|-ability|p2a: vroom|Unnerve|p1: warzoid
|switch|p1a: Slowbro|Slowbro, M|394\/394
|
|turn|11
|
|detailschange|p2a: vroom|Aerodactyl-Mega, F
|message|Aerodactyl has Mega Evolved into Mega Aerodactyl!
|move|p2a: vroom|Defog|p1a: Slowbro
|-unboost|p1a: Slowbro|evasion|1
|-sideend|p2: COLBRUSHIE|Stealth Rock|[from] move: Defog|[of] p2a: vroom
|move|p1a: Slowbro|Scald|p2a: vroom
|-supereffective|p2a: vroom
|-damage|p2a: vroom|38\/314
|-status|p2a: vroom|brn
|
|-damage|p2a: vroom|0 fnt|[from] brn
|faint|p2a: vroom
|
|switch|p2a: unwanted duckling|Aromatisse, M|381\/406
|turn|12
|
|move|p1a: Slowbro|Calm Mind|p1a: Slowbro
|-boost|p1a: Slowbro|spa|1
|-boost|p1a: Slowbro|spd|1
|move|p2a: unwanted duckling|Moonblast|p1a: Slowbro
|-damage|p1a: Slowbro|297\/394
|
|-heal|p2a: unwanted duckling|406\/406|[from] item: Leftovers
|turn|13
|
|switch|p2a: specs blastoise|Crobat, M|261\/373
|move|p1a: Slowbro|Calm Mind|p1a: Slowbro
|-boost|p1a: Slowbro|spa|1
|-boost|p1a: Slowbro|spd|1
|
|turn|14
|
|move|p2a: specs blastoise|Toxic|p1a: Slowbro
|-status|p1a: Slowbro|tox
|move|p1a: Slowbro|Psyshock|p2a: specs blastoise
|-supereffective|p2a: specs blastoise
|-damage|p2a: specs blastoise|0 fnt
|faint|p2a: specs blastoise
|
|-damage|p1a: Slowbro|273\/394 tox|[from] psn
|
|switch|p2a: ntfs|Suicune|354\/404
|-ability|p2a: ntfs|Pressure
|turn|15
|
|move|p2a: ntfs|Scald|p1a: Slowbro
|-resisted|p1a: Slowbro
|-damage|p1a: Slowbro|249\/394 tox
|move|p1a: Slowbro|Psyshock|p2a: ntfs
|-damage|p2a: ntfs|237\/404
|
|-heal|p2a: ntfs|262\/404|[from] item: Leftovers
|-damage|p1a: Slowbro|201\/394 tox|[from] psn
|turn|16
|
|switch|p2a: unwanted duckling|Aromatisse, M|406\/406
|switch|p1a: Cacturne|Cacturne, M|281\/281
|
|turn|17
|
|switch|p1a: Umbreon|Umbreon, M|394\/394
|move|p2a: unwanted duckling|Moonblast|p1a: Umbreon
|-supereffective|p1a: Umbreon
|-damage|p1a: Umbreon|260\/394
|
|-heal|p1a: Umbreon|284\/394|[from] item: Leftovers
|turn|18
|
|move|p1a: Umbreon|Heal Bell|p1a: Umbreon
|-cureteam|p1a: Umbreon|[from] move: HealBell
|move|p2a: unwanted duckling|Moonblast|p1a: Umbreon
|-supereffective|p1a: Umbreon
|-damage|p1a: Umbreon|162\/394
|
|-heal|p1a: Umbreon|186\/394|[from] item: Leftovers
|turn|19
|
|move|p1a: Umbreon|Wish|p1a: Umbreon
|move|p2a: unwanted duckling|Moonblast|p1a: Umbreon
|-supereffective|p1a: Umbreon
|-damage|p1a: Umbreon|46\/394
|
|-heal|p1a: Umbreon|70\/394|[from] item: Leftovers
|turn|20
|
|switch|p2a: ntfs|Suicune|262\/404
|-ability|p2a: ntfs|Pressure
|move|p1a: Umbreon|Protect|p1a: Umbreon
|-fail|p1a: Umbreon
|
|-heal|p1a: Umbreon|267\/394|[from] move: Wish|[wisher] Umbreon
|-heal|p2a: ntfs|287\/404|[from] item: Leftovers
|-heal|p1a: Umbreon|291\/394|[from] item: Leftovers
|turn|21
|
|move|p2a: ntfs|Scald|p1a: Umbreon
|-damage|p1a: Umbreon|234\/394
|move|p1a: Umbreon|Wish|p1a: Umbreon
|
|-heal|p2a: ntfs|312\/404|[from] item: Leftovers
|-heal|p1a: Umbreon|258\/394|[from] item: Leftovers
|turn|22
|
|move|p2a: ntfs|Scald|p1a: Umbreon
|-damage|p1a: Umbreon|207\/394
|-status|p1a: Umbreon|brn
|-status|p2a: ntfs|brn
|move|p1a: Umbreon|Foul Play|p2a: ntfs
|-damage|p2a: ntfs|287\/404 brn
|
|-heal|p1a: Umbreon|394\/394 brn|[from] move: Wish|[wisher] Umbreon
|-heal|p2a: ntfs|312\/404 brn|[from] item: Leftovers
|-damage|p2a: ntfs|262\/404 brn|[from] brn
|-damage|p1a: Umbreon|345\/394 brn|[from] brn
|turn|23
|
|switch|p1a: Cacturne|Cacturne, M|281\/281
|move|p2a: ntfs|Scald|p1a: Cacturne
|-immune|p1a: Cacturne|[msg]
|
|-heal|p2a: ntfs|287\/404 brn|[from] item: Leftovers
|-damage|p2a: ntfs|237\/404 brn|[from] brn
|turn|24
|
|move|p1a: Cacturne|Seed Bomb|p2a: ntfs
|-supereffective|p2a: ntfs
|-damage|p2a: ntfs|8\/404 brn
|-damage|p1a: Cacturne|253\/281|[from] item: Life Orb
|move|p2a: ntfs|Scald|p1a: Cacturne
|-heal|p1a: Cacturne|281\/281|[from] ability: Water Absorb|[of] p2a: ntfs
|
|-heal|p2a: ntfs|33\/404 brn|[from] item: Leftovers
|-damage|p2a: ntfs|0 fnt|[from] brn
|faint|p2a: ntfs
|
|switch|p2a: unwanted duckling|Aromatisse, M|406\/406
|turn|25
|
|switch|p1a: Umbreon|Umbreon, M|345\/394 brn
|move|p2a: unwanted duckling|Moonblast|p1a: Umbreon
|-supereffective|p1a: Umbreon
|-damage|p1a: Umbreon|219\/394 brn
|
|-heal|p1a: Umbreon|243\/394 brn|[from] item: Leftovers
|-damage|p1a: Umbreon|194\/394 brn|[from] brn
|turn|26
|
|move|p1a: Umbreon|Wish|p1a: Umbreon
|move|p2a: unwanted duckling|Moonblast|p1a: Umbreon
|-supereffective|p1a: Umbreon
|-damage|p1a: Umbreon|68\/394 brn
|
|-heal|p1a: Umbreon|92\/394 brn|[from] item: Leftovers
|-damage|p1a: Umbreon|43\/394 brn|[from] brn
|turn|27
|
|move|p1a: Umbreon|Protect|p1a: Umbreon
|-singleturn|p1a: Umbreon|Protect
|move|p2a: unwanted duckling|Aromatherapy|p2a: unwanted duckling
|-cureteam|p2a: unwanted duckling|[from] move: Aromatherapy
|
|-heal|p1a: Umbreon|240\/394 brn|[from] move: Wish|[wisher] Umbreon
|-heal|p1a: Umbreon|264\/394 brn|[from] item: Leftovers
|-damage|p1a: Umbreon|215\/394 brn|[from] brn
|turn|28
|
|move|p1a: Umbreon|Wish|p1a: Umbreon
|move|p2a: unwanted duckling|Moonblast|p1a: Umbreon
|-crit|p1a: Umbreon
|-supereffective|p1a: Umbreon
|-damage|p1a: Umbreon|21\/394 brn
|
|-heal|p1a: Umbreon|45\/394 brn|[from] item: Leftovers
|-damage|p1a: Umbreon|0 fnt|[from] brn
|faint|p1a: Umbreon
|
|switch|p1a: Aggron|Aggron-Mega, F|133\/344
|turn|29
|
|move|p1a: Aggron|Stealth Rock|p2a: unwanted duckling
|-sidestart|p2: COLBRUSHIE|move: Stealth Rock
|move|p2a: unwanted duckling|Wish|p2a: unwanted duckling
|
|-heal|p1a: Aggron|330\/344|[from] move: Wish|[wisher] Umbreon
|turn|30
|
|move|p2a: unwanted duckling|Moonblast|p1a: Aggron
|-resisted|p1a: Aggron
|-damage|p1a: Aggron|286\/344
|move|p1a: Aggron|Dragon Tail|p2a: unwanted duckling
|-immune|p2a: unwanted duckling|[msg]
|
|turn|31
|
|move|p1a: Aggron|Heavy Slam|p2a: unwanted duckling
|-supereffective|p2a: unwanted duckling
|-damage|p2a: unwanted duckling|52\/406
|move|p2a: unwanted duckling|Wish|p2a: unwanted duckling
|
|-heal|p2a: unwanted duckling|77\/406|[from] item: Leftovers
|turn|32
|
|move|p1a: Aggron|Heavy Slam|p2a: unwanted duckling
|-supereffective|p2a: unwanted duckling
|-damage|p2a: unwanted duckling|0 fnt
|faint|p2a: unwanted duckling
|
|
|switch|p2a: fat|Snorlax, M|443\/497
|-damage|p2a: fat|381\/497|[from] Stealth Rock
|turn|33
|
|switch|p1a: Sableye|Sableye, F|266\/304
|move|p2a: fat|Curse|p2a: fat
|-boost|p2a: fat|atk|1
|-boost|p2a: fat|def|1
|-unboost|p2a: fat|spe|1
|
|-heal|p1a: Sableye|285\/304|[from] item: Leftovers
|-heal|p2a: fat|412\/497|[from] item: Leftovers
|turn|34
|-message|COLBRUSHIE forfeited.
|
|win|warzoid
|raw|Ladder updating...
|leave|COLBRUSHIE
|player|p2
|raw|warzoid's rating: 1477 &rarr; <strong>1499<\/strong><br \/>(+22 for winning)
|raw|COLBRUSHIE's rating: 1515 &rarr; <strong>1493<\/strong><br \/>(-22 for losing)
|chat|warzoid|gg