|join|The Scoott
|join|warzoid
|player|p1|The Scoott|274
|player|p2|warzoid|188
|gametype|singles
|gen|6
|tier|UU
|rated
|rule|Sleep Clause Mod: Limit one foe put to sleep
|rule|Species Clause: Limit one of each Pokemon
|rule|OHKO Clause: OHKO moves are banned
|rule|Moody Clause: Moody is banned
|rule|Evasion Moves Clause: Evasion moves are banned
|rule|Endless Battle Clause: Forcing endless battles is banned
|rule|HP Percentage Mod: HP is reported as percentages
|clearpoke
|poke|p1|Absol, F
|poke|p1|Arcanine, F
|poke|p1|Lucario, F
|poke|p1|Cresselia, F
|poke|p1|Milotic, M
|poke|p1|Nidoking, M
|poke|p2|Starmie
|poke|p2|Lucario, F
|poke|p2|Hydreigon, M
|poke|p2|Jirachi
|poke|p2|Rhyperior, M
|poke|p2|Lanturn, M
|rule|Baton Pass Clause: Limit 3 pokemon knowing Baton Pass
|teampreview
|
|start
|switch|p1a: Nidoking|Nidoking, M|323\/323
|switch|p2a: Starmie|Starmie|261\/261
|turn|1
|
|switch|p1a: Milotic|Milotic, M|394\/394
|move|p2a: Starmie|Hydro Pump|p1a: Milotic
|-resisted|p1a: Milotic
|-damage|p1a: Milotic|325\/394
|
|-heal|p1a: Milotic|349\/394|[from] item: Leftovers
|turn|2
|
|switch|p2a: Lanturn|Lanturn, M|454\/454
|move|p1a: Milotic|Toxic|p2a: Lanturn
|-status|p2a: Lanturn|tox
|
|-heal|p1a: Milotic|373\/394|[from] item: Leftovers
|-damage|p2a: Lanturn|426\/454 tox|[from] psn
|turn|3
|
|move|p1a: Milotic|Surf|p2a: Lanturn
|-resisted|p2a: Lanturn
|-damage|p2a: Lanturn|382\/454 tox
|move|p2a: Lanturn|Toxic|p1a: Milotic
|-status|p1a: Milotic|tox
|
|-heal|p1a: Milotic|394\/394 tox|[from] item: Leftovers
|-heal|p2a: Lanturn|410\/454 tox|[from] item: Leftovers
|-damage|p1a: Milotic|370\/394 tox|[from] psn
|-damage|p2a: Lanturn|354\/454 tox|[from] psn
|turn|4
|
|switch|p1a: Nidoking|Nidoking, M|323\/323
|move|p2a: Lanturn|Heal Bell|p2a: Lanturn
|-cureteam|p2a: Lanturn|[from] move: HealBell
|
|-heal|p2a: Lanturn|382\/454|[from] item: Leftovers
|turn|5
|
|switch|p2a: Hydreigon|Hydreigon, M|385\/385
|move|p1a: Nidoking|Earth Power|p2a: Hydreigon
|-immune|p2a: Hydreigon|[msg]
|
|turn|6
|
|move|p2a: Hydreigon|Draco Meteor|p1a: Nidoking|[miss]
|-miss|p2a: Hydreigon|p1a: Nidoking
|move|p1a: Nidoking|Ice Beam|p2a: Hydreigon
|-supereffective|p2a: Hydreigon
|-damage|p2a: Hydreigon|153\/385
|
|-heal|p2a: Hydreigon|177\/385|[from] item: Leftovers
|turn|7
|
|move|p2a: Hydreigon|Draco Meteor|p1a: Nidoking
|-damage|p1a: Nidoking|140\/323
|-unboost|p2a: Hydreigon|spa|2
|move|p1a: Nidoking|Ice Beam|p2a: Hydreigon
|-supereffective|p2a: Hydreigon
|-damage|p2a: Hydreigon|0 fnt
|faint|p2a: Hydreigon
|
|
|switch|p2a: Starmie|Starmie|261\/261
|turn|8
|
|switch|p1a: Absol|Absol, F|271\/271
|-ability|p1a: Absol|Pressure
|move|p2a: Starmie|Psyshock|p1a: Absol
|-immune|p1a: Absol|[msg]
|
|turn|9
|
|switch|p2a: Rhyperior|Rhyperior, M|433\/433
|detailschange|p1a: Absol|Absol-Mega, F
|message|Absol has Mega Evolved into Mega Absol!
|move|p1a: Absol|Swords Dance|p1a: Absol
|-boost|p1a: Absol|atk|2
|
|turn|10
|
|move|p1a: Absol|Night Slash|p2a: Rhyperior
|-damage|p2a: Rhyperior|258\/433
|move|p2a: Rhyperior|Earthquake|p1a: Absol
|-damage|p1a: Absol|30\/271
|
|-heal|p2a: Rhyperior|285\/433|[from] item: Leftovers
|turn|11
|
|move|p1a: Absol|Sucker Punch|p2a: Rhyperior
|-damage|p2a: Rhyperior|98\/433
|move|p2a: Rhyperior|Rock Blast|p1a: Absol
|-damage|p1a: Absol|0 fnt
|-hitcount|p1a: Absol|1
|faint|p1a: Absol
|
|-heal|p2a: Rhyperior|125\/433|[from] item: Leftovers
|
|switch|p1a: Nidoking|Nidoking, M|140\/323
|turn|12
|
|switch|p2a: Lucario|Lucario, F|281\/281
|-item|p2a: Lucario|Air Balloon
|move|p1a: Nidoking|Earth Power|p2a: Lucario
|-immune|p2a: Lucario|[msg]
|
|turn|13
|
|move|p2a: Lucario|Swords Dance|p2a: Lucario
|-boost|p2a: Lucario|atk|2
|move|p1a: Nidoking|Flamethrower|p2a: Lucario
|-supereffective|p2a: Lucario
|-damage|p2a: Lucario|1\/281
|-enditem|p2a: Lucario|Air Balloon
|
|turn|14
|
|switch|p1a: Cresselia|Cresselia, F|444\/444
|move|p2a: Lucario|Extreme Speed|p1a: Cresselia
|-damage|p1a: Cresselia|323\/444
|
|-heal|p1a: Cresselia|350\/444|[from] item: Leftovers
|turn|15
|
|move|p2a: Lucario|Close Combat|p1a: Cresselia
|-resisted|p1a: Cresselia
|-damage|p1a: Cresselia|227\/444
|-unboost|p2a: Lucario|def|1
|-unboost|p2a: Lucario|spd|1
|move|p1a: Cresselia|Moonblast|p2a: Lucario
|-damage|p2a: Lucario|0 fnt
|faint|p2a: Lucario
|
|-heal|p1a: Cresselia|254\/444|[from] item: Leftovers
|
|switch|p2a: Rhyperior|Rhyperior, M|125\/433
|turn|16
|
|move|p1a: Cresselia|Moonlight|p1a: Cresselia
|-heal|p1a: Cresselia|444\/444
|move|p2a: Rhyperior|Rest|p2a: Rhyperior
|-status|p2a: Rhyperior|slp
|-heal|p2a: Rhyperior|433\/433 slp|[silent]
|-status|p2a: Rhyperior|slp|[from] move: Rest
|
|turn|17
|
|switch|p1a: Milotic|Milotic, M|370\/394 tox
|switch|p2a: Lanturn|Lanturn, M|382\/454
|
|-heal|p1a: Milotic|394\/394 tox|[from] item: Leftovers
|-heal|p2a: Lanturn|410\/454|[from] item: Leftovers
|-damage|p1a: Milotic|370\/394 tox|[from] psn
|turn|18
|
|switch|p1a: Nidoking|Nidoking, M|140\/323
|move|p2a: Lanturn|Heal Bell|p2a: Lanturn
|-cureteam|p2a: Lanturn|[from] move: HealBell
|
|-heal|p2a: Lanturn|438\/454|[from] item: Leftovers
|turn|19
|
|switch|p2a: Starmie|Starmie|261\/261
|move|p1a: Nidoking|Earth Power|p2a: Starmie
|-damage|p2a: Starmie|63\/261
|
|turn|20
|
|switch|p1a: Milotic|Milotic, M|370\/394 tox
|move|p2a: Starmie|Hydro Pump|p1a: Milotic
|-resisted|p1a: Milotic
|-damage|p1a: Milotic|307\/394 tox
|
|-heal|p1a: Milotic|331\/394 tox|[from] item: Leftovers
|-damage|p1a: Milotic|307\/394 tox|[from] psn
|turn|21
|
|switch|p2a: Jirachi|Jirachi|404\/404
|move|p1a: Milotic|Toxic|p2a: Jirachi|[miss]
|-miss|p1a: Milotic|p2a: Jirachi
|
|-heal|p1a: Milotic|331\/394 tox|[from] item: Leftovers
|-damage|p1a: Milotic|283\/394 tox|[from] psn
|turn|22
|
|move|p2a: Jirachi|Iron Head|p1a: Milotic
|-resisted|p1a: Milotic
|-damage|p1a: Milotic|228\/394 tox
|move|p1a: Milotic|Surf|p2a: Jirachi
|-damage|p2a: Jirachi|296\/404
|
|-heal|p2a: Jirachi|321\/404|[from] item: Leftovers
|-heal|p1a: Milotic|252\/394 tox|[from] item: Leftovers
|-damage|p1a: Milotic|180\/394 tox|[from] psn
|turn|23
|
|move|p2a: Jirachi|Wish|p2a: Jirachi
|move|p1a: Milotic|Recover|p1a: Milotic
|-heal|p1a: Milotic|377\/394 tox
|
|-heal|p2a: Jirachi|346\/404|[from] item: Leftovers
|-heal|p1a: Milotic|394\/394 tox|[from] item: Leftovers
|-damage|p1a: Milotic|298\/394 tox|[from] psn
|turn|24
|
|switch|p1a: Lucario|Lucario, F|281\/281
|move|p2a: Jirachi|U-turn|p1a: Lucario
|-resisted|p1a: Lucario
|-damage|p1a: Lucario|256\/281
|
|switch|p2a: Starmie|Starmie|63\/261
|
|-heal|p2a: Starmie|261\/261|[from] move: Wish|[wisher] Jirachi
|turn|25
|
|switch|p1a: Cresselia|Cresselia, F|444\/444
|move|p2a: Starmie|Hydro Pump|p1a: Cresselia
|-damage|p1a: Cresselia|287\/444
|
|-heal|p1a: Cresselia|314\/444|[from] item: Leftovers
|turn|26
|
|switch|p2a: Lanturn|Lanturn, M|438\/454
|move|p1a: Cresselia|Calm Mind|p1a: Cresselia
|-boost|p1a: Cresselia|spa|1
|-boost|p1a: Cresselia|spd|1
|
|-heal|p1a: Cresselia|341\/444|[from] item: Leftovers
|-heal|p2a: Lanturn|454\/454|[from] item: Leftovers
|turn|27
|
|switch|p1a: Nidoking|Nidoking, M|140\/323
|move|p2a: Lanturn|Scald|p1a: Nidoking
|-supereffective|p1a: Nidoking
|-damage|p1a: Nidoking|30\/323
|
|turn|28
|
|move|p1a: Nidoking|Earth Power|p2a: Lanturn
|-supereffective|p2a: Lanturn
|-damage|p2a: Lanturn|166\/454
|move|p2a: Lanturn|Scald|p1a: Nidoking
|-supereffective|p1a: Nidoking
|-damage|p1a: Nidoking|0 fnt
|faint|p1a: Nidoking
|
|-heal|p2a: Lanturn|194\/454|[from] item: Leftovers
|
|switch|p1a: Arcanine|Arcanine, F|368\/368
|-ability|p1a: Arcanine|Intimidate|[of] p2a: Lanturn
|-unboost|p2a: Lanturn|atk|1
|turn|29
|
|switch|p2a: Rhyperior|Rhyperior, M|433\/433
|move|p1a: Arcanine|Close Combat|p2a: Rhyperior
|-supereffective|p2a: Rhyperior
|-damage|p2a: Rhyperior|267\/433
|-unboost|p1a: Arcanine|def|1
|-unboost|p1a: Arcanine|spd|1
|-damage|p1a: Arcanine|332\/368|[from] item: Life Orb
|
|-heal|p2a: Rhyperior|294\/433|[from] item: Leftovers
|turn|30
|
|switch|p1a: Milotic|Milotic, M|298\/394 tox
|move|p2a: Rhyperior|Rock Blast|p1a: Milotic|[miss]
|-miss|p2a: Rhyperior|p1a: Milotic
|
|-heal|p1a: Milotic|322\/394 tox|[from] item: Leftovers
|-heal|p2a: Rhyperior|321\/433|[from] item: Leftovers
|-damage|p1a: Milotic|298\/394 tox|[from] psn
|turn|31
|
|switch|p2a: Jirachi|Jirachi|346\/404
|move|p1a: Milotic|Surf|p2a: Jirachi
|-damage|p2a: Jirachi|235\/404
|
|-heal|p2a: Jirachi|260\/404|[from] item: Leftovers
|-heal|p1a: Milotic|322\/394 tox|[from] item: Leftovers
|-damage|p1a: Milotic|274\/394 tox|[from] psn
|turn|32
|
|move|p2a: Jirachi|Wish|p2a: Jirachi
|move|p1a: Milotic|Surf|p2a: Jirachi
|-damage|p2a: Jirachi|155\/404
|
|-heal|p2a: Jirachi|180\/404|[from] item: Leftovers
|-heal|p1a: Milotic|298\/394 tox|[from] item: Leftovers
|-damage|p1a: Milotic|226\/394 tox|[from] psn
|turn|33
|
|move|p2a: Jirachi|Iron Head|p1a: Milotic
|-resisted|p1a: Milotic
|-damage|p1a: Milotic|174\/394 tox
|move|p1a: Milotic|Recover|p1a: Milotic
|-heal|p1a: Milotic|371\/394 tox
|
|-heal|p2a: Jirachi|382\/404|[from] move: Wish|[wisher] Jirachi
|-heal|p2a: Jirachi|404\/404|[from] item: Leftovers
|-heal|p1a: Milotic|394\/394 tox|[from] item: Leftovers
|-damage|p1a: Milotic|298\/394 tox|[from] psn
|turn|34
|
|switch|p1a: Arcanine|Arcanine, F|332\/368
|-ability|p1a: Arcanine|Intimidate|[of] p2a: Jirachi
|-unboost|p2a: Jirachi|atk|1
|move|p2a: Jirachi|Thunder Wave|p1a: Arcanine
|-status|p1a: Arcanine|par
|
|turn|35
|
|move|p2a: Jirachi|U-turn|p1a: Arcanine
|-resisted|p1a: Arcanine
|-damage|p1a: Arcanine|302\/368 par
|
|switch|p2a: Rhyperior|Rhyperior, M|321\/433
|move|p1a: Arcanine|Flare Blitz|p2a: Rhyperior
|-resisted|p2a: Rhyperior
|-damage|p2a: Rhyperior|243\/433
|-damage|p1a: Arcanine|276\/368 par|[from] recoil|[of] p2a: Rhyperior
|-damage|p1a: Arcanine|240\/368 par|[from] item: Life Orb
|
|-heal|p2a: Rhyperior|270\/433|[from] item: Leftovers
|turn|36
|
|switch|p1a: Milotic|Milotic, M|298\/394 tox
|move|p2a: Rhyperior|Stealth Rock|p1a: Milotic
|-sidestart|p1: The Scoott|move: Stealth Rock
|
|-heal|p1a: Milotic|322\/394 tox|[from] item: Leftovers
|-heal|p2a: Rhyperior|297\/433|[from] item: Leftovers
|-damage|p1a: Milotic|298\/394 tox|[from] psn
|turn|37
|
|switch|p2a: Jirachi|Jirachi|404\/404
|move|p1a: Milotic|Surf|p2a: Jirachi
|-damage|p2a: Jirachi|295\/404
|
|-heal|p2a: Jirachi|320\/404|[from] item: Leftovers
|-heal|p1a: Milotic|322\/394 tox|[from] item: Leftovers
|-damage|p1a: Milotic|274\/394 tox|[from] psn
|turn|38
|
|switch|p1a: Arcanine|Arcanine, F|240\/368 par
|-damage|p1a: Arcanine|148\/368 par|[from] Stealth Rock
|-ability|p1a: Arcanine|Intimidate|[of] p2a: Jirachi
|-unboost|p2a: Jirachi|atk|1
|move|p2a: Jirachi|Wish|p2a: Jirachi
|
|-heal|p2a: Jirachi|345\/404|[from] item: Leftovers
|turn|39
|
|move|p2a: Jirachi|U-turn|p1a: Arcanine
|-resisted|p1a: Arcanine
|-damage|p1a: Arcanine|118\/368 par
|
|switch|p2a: Rhyperior|Rhyperior, M|297\/433
|move|p1a: Arcanine|Close Combat|p2a: Rhyperior
|-supereffective|p2a: Rhyperior
|-damage|p2a: Rhyperior|129\/433
|-unboost|p1a: Arcanine|def|1
|-unboost|p1a: Arcanine|spd|1
|-damage|p1a: Arcanine|82\/368 par|[from] item: Life Orb
|
|-heal|p2a: Rhyperior|331\/433|[from] move: Wish|[wisher] Jirachi
|-heal|p2a: Rhyperior|358\/433|[from] item: Leftovers
|turn|40
|
|switch|p1a: Cresselia|Cresselia, F|341\/444
|-damage|p1a: Cresselia|286\/444|[from] Stealth Rock
|move|p2a: Rhyperior|Earthquake|p1a: Cresselia
|-immune|p1a: Cresselia|[msg]
|
|-heal|p1a: Cresselia|313\/444|[from] item: Leftovers
|-heal|p2a: Rhyperior|385\/433|[from] item: Leftovers
|turn|41
|
|switch|p2a: Jirachi|Jirachi|345\/404
|move|p1a: Cresselia|Moonblast|p2a: Jirachi
|-resisted|p2a: Jirachi
|-damage|p2a: Jirachi|314\/404
|
|-heal|p2a: Jirachi|339\/404|[from] item: Leftovers
|-heal|p1a: Cresselia|340\/444|[from] item: Leftovers
|turn|42
|
|switch|p1a: Arcanine|Arcanine, F|82\/368 par
|-damage|p1a: Arcanine|0 fnt|[from] Stealth Rock
|faint|p1a: Arcanine
|move|p2a: Jirachi|Wish|p2a: Jirachi
|
|-heal|p2a: Jirachi|364\/404|[from] item: Leftovers
|
|switch|p1a: Lucario|Lucario, F|256\/281
|-damage|p1a: Lucario|248\/281|[from] Stealth Rock
|turn|43
|
|move|p1a: Lucario|Nasty Plot|p1a: Lucario
|-boost|p1a: Lucario|spa|2
|move|p2a: Jirachi|U-turn|p1a: Lucario
|-resisted|p1a: Lucario
|-damage|p1a: Lucario|224\/281
|
|switch|p2a: Lanturn|Lanturn, M|194\/454
|
|-heal|p2a: Lanturn|396\/454|[from] move: Wish|[wisher] Jirachi
|-heal|p2a: Lanturn|424\/454|[from] item: Leftovers
|turn|44
|
|move|p1a: Lucario|Aura Sphere|p2a: Lanturn
|-damage|p2a: Lanturn|142\/454
|move|p2a: Lanturn|Volt Switch|p1a: Lucario
|-damage|p1a: Lucario|133\/281
|
|switch|p2a: Starmie|Starmie|261\/261
|
|turn|45
|
|switch|p1a: Milotic|Milotic, M|274\/394 tox
|-damage|p1a: Milotic|225\/394 tox|[from] Stealth Rock
|move|p2a: Starmie|Psyshock|p1a: Milotic
|-damage|p1a: Milotic|108\/394 tox
|
|-heal|p1a: Milotic|132\/394 tox|[from] item: Leftovers
|-damage|p1a: Milotic|108\/394 tox|[from] psn
|turn|46
|
|move|p2a: Starmie|Psyshock|p1a: Milotic
|-damage|p1a: Milotic|9\/394 tox
|move|p1a: Milotic|Recover|p1a: Milotic
|-heal|p1a: Milotic|206\/394 tox
|
|-heal|p1a: Milotic|230\/394 tox|[from] item: Leftovers
|-damage|p1a: Milotic|182\/394 tox|[from] psn
|turn|47
|
|switch|p2a: Jirachi|Jirachi|364\/404
|move|p1a: Milotic|Recover|p1a: Milotic
|-heal|p1a: Milotic|379\/394 tox
|
|-heal|p2a: Jirachi|389\/404|[from] item: Leftovers
|-heal|p1a: Milotic|394\/394 tox|[from] item: Leftovers
|-damage|p1a: Milotic|322\/394 tox|[from] psn
|turn|48
|
|switch|p1a: Cresselia|Cresselia, F|340\/444
|-damage|p1a: Cresselia|285\/444|[from] Stealth Rock
|move|p2a: Jirachi|Wish|p2a: Jirachi
|
|-heal|p2a: Jirachi|404\/404|[from] item: Leftovers
|-heal|p1a: Cresselia|312\/444|[from] item: Leftovers
|turn|49
|
|move|p2a: Jirachi|U-turn|p1a: Cresselia
|-supereffective|p1a: Cresselia
|-damage|p1a: Cresselia|210\/444
|
|switch|p2a: Lanturn|Lanturn, M|142\/454
|move|p1a: Cresselia|Calm Mind|p1a: Cresselia
|-boost|p1a: Cresselia|spa|1
|-boost|p1a: Cresselia|spd|1
|
|-heal|p2a: Lanturn|344\/454|[from] move: Wish|[wisher] Jirachi
|-heal|p1a: Cresselia|237\/444|[from] item: Leftovers
|-heal|p2a: Lanturn|372\/454|[from] item: Leftovers
|turn|50
|
|move|p1a: Cresselia|Moonlight|p1a: Cresselia
|-heal|p1a: Cresselia|444\/444
|move|p2a: Lanturn|Toxic|p1a: Cresselia
|-status|p1a: Cresselia|tox
|
|-heal|p2a: Lanturn|400\/454|[from] item: Leftovers
|-damage|p1a: Cresselia|417\/444 tox|[from] psn
|turn|51
|
|move|p1a: Cresselia|Calm Mind|p1a: Cresselia
|-boost|p1a: Cresselia|spa|1
|-boost|p1a: Cresselia|spd|1
|move|p2a: Lanturn|Volt Switch|p1a: Cresselia
|-damage|p1a: Cresselia|392\/444 tox
|
|switch|p2a: Jirachi|Jirachi|404\/404
|
|-heal|p1a: Cresselia|419\/444 tox|[from] item: Leftovers
|-damage|p1a: Cresselia|365\/444 tox|[from] psn
|turn|52
|
|move|p2a: Jirachi|Iron Head|p1a: Cresselia
|-damage|p1a: Cresselia|281\/444 tox
|move|p1a: Cresselia|Moonblast|p2a: Jirachi
|-resisted|p2a: Jirachi
|-damage|p2a: Jirachi|345\/404
|
|-heal|p2a: Jirachi|370\/404|[from] item: Leftovers
|-heal|p1a: Cresselia|308\/444 tox|[from] item: Leftovers
|-damage|p1a: Cresselia|227\/444 tox|[from] psn
|turn|53
|
|switch|p1a: Milotic|Milotic, M|322\/394 tox
|-damage|p1a: Milotic|273\/394 tox|[from] Stealth Rock
|move|p2a: Jirachi|Iron Head|p1a: Milotic
|-resisted|p1a: Milotic
|-damage|p1a: Milotic|221\/394 tox
|
|-heal|p2a: Jirachi|395\/404|[from] item: Leftovers
|-heal|p1a: Milotic|245\/394 tox|[from] item: Leftovers
|-damage|p1a: Milotic|221\/394 tox|[from] psn
|turn|54
|
|move|p2a: Jirachi|Wish|p2a: Jirachi
|move|p1a: Milotic|Recover|p1a: Milotic
|-heal|p1a: Milotic|394\/394 tox
|
|-heal|p2a: Jirachi|404\/404|[from] item: Leftovers
|-damage|p1a: Milotic|346\/394 tox|[from] psn
|turn|55
|
|switch|p1a: Lucario|Lucario, F|133\/281
|-damage|p1a: Lucario|125\/281|[from] Stealth Rock
|move|p2a: Jirachi|U-turn|p1a: Lucario
|-resisted|p1a: Lucario
|-damage|p1a: Lucario|101\/281
|
|switch|p2a: Starmie|Starmie|261\/261
|
|turn|56
|
|move|p2a: Starmie|Psyshock|p1a: Lucario
|-damage|p1a: Lucario|0 fnt
|faint|p1a: Lucario
|
|-message|The Scoott forfeited.
|
|win|warzoid
|raw|Ladder updating...
|chat|The Scoott|gg
|raw|The Scoott's rating: 1347 &rarr; <strong>1334<\/strong><br \/>(-13 for losing)
|raw|warzoid's rating: 1465 &rarr; <strong>1479<\/strong><br \/>(+14 for winning)
|chat|warzoid|gg
|leave|The Scoott
|player|p1