|join|The Metal Clan
|join|warzoid
|player|p1|The Metal Clan|260
|player|p2|warzoid|247
|gametype|singles
|gen|6
|tier|UU
|rated
|rule|Sleep Clause Mod: Limit one foe put to sleep
|rule|Species Clause: Limit one of each PokÃ©mon
|rule|OHKO Clause: OHKO moves are banned
|rule|Moody Clause: Moody is banned
|rule|Evasion Moves Clause: Evasion moves are banned
|rule|Endless Battle Clause: Forcing endless battles is banned
|rule|HP Percentage Mod: HP is reported as percentages
|clearpoke
|poke|p1|Mew
|poke|p1|Toxicroak, M, shiny
|poke|p1|Rhyperior, M
|poke|p1|Florges, F, shiny
|poke|p1|Chandelure, M, shiny
|poke|p1|Absol, F
|poke|p2|Hydreigon, F
|poke|p2|Gligar, M
|poke|p2|Lucario, M
|poke|p2|Mienshao, F
|poke|p2|Cloyster, M
|poke|p2|Blissey, F
|rule|Swagger Clause: Swagger is banned
|rule|Baton Pass Clause: Limit one PokÃ©mon knowing Baton Pass
|teampreview
|
|start
|switch|p1a: Mew|Mew|404\/404
|switch|p2a: Mienshao|Mienshao, F|271\/271
|turn|1
|
|move|p2a: Mienshao|U-turn|p1a: Mew
|-supereffective|p1a: Mew
|-damage|p1a: Mew|292\/404
|
|switch|p2a: Gligar|Gligar, M|334\/334
|move|p1a: Mew|Will-O-Wisp|p2a: Gligar
|-status|p2a: Gligar|brn
|
|-damage|p2a: Gligar|293\/334 brn|[from] brn
|turn|2
|
|move|p1a: Mew|Knock Off|p2a: Gligar
|-damage|p2a: Gligar|256\/334 brn
|-enditem|p2a: Gligar|Eviolite|[from] move: Knock Off|[of] p1a: Mew
|move|p2a: Gligar|Stealth Rock|p1a: Mew
|-sidestart|p1: The Metal Clan|move: Stealth Rock
|
|-damage|p2a: Gligar|215\/334 brn|[from] brn
|turn|3
|
|move|p1a: Mew|Defog|p2a: Gligar
|-unboost|p2a: Gligar|evasion|1
|-sideend|p1: The Metal Clan|Stealth Rock|[from] move: Defog|[of] p1a: Mew
|move|p2a: Gligar|U-turn|p1a: Mew
|-supereffective|p1a: Mew
|-damage|p1a: Mew|260\/404
|
|switch|p2a: Lucario|Lucario, M|281\/281
|
|turn|4
|
|move|p2a: Lucario|Nasty Plot|p2a: Lucario
|-boost|p2a: Lucario|spa|2
|move|p1a: Mew|Will-O-Wisp|p2a: Lucario
|-status|p2a: Lucario|brn
|
|-damage|p2a: Lucario|246\/281 brn|[from] brn
|turn|5
|
|switch|p1a: Chandelure|Chandelure, M, shiny|261\/261
|move|p2a: Lucario|Dark Pulse|p1a: Chandelure
|-supereffective|p1a: Chandelure
|-damage|p1a: Chandelure|0 fnt
|faint|p1a: Chandelure
|
|-damage|p2a: Lucario|211\/281 brn|[from] brn
|
|switch|p1a: Toxicroak|Toxicroak, M, shiny|307\/307
|turn|6
|
|move|p2a: Lucario|Flash Cannon|p1a: Toxicroak
|-damage|p1a: Toxicroak|76\/307
|move|p1a: Toxicroak|Drain Punch|p2a: Lucario|[miss]
|-miss|p1a: Toxicroak|p2a: Lucario
|
|-damage|p2a: Lucario|176\/281 brn|[from] brn
|turn|7
|chat|The Metal Clan|......
|chat|The Metal Clan|my god fucking noobs
|chat|The Metal Clan|people on showdown is garbage
|
|move|p2a: Lucario|Flash Cannon|p1a: Toxicroak
|-damage|p1a: Toxicroak|0 fnt
|faint|p1a: Toxicroak
|
|-damage|p2a: Lucario|141\/281 brn|[from] brn
|-message|The Metal Clan forfeited.
|
|win|warzoid
|raw|Ladder updating...
|leave|The Metal Clan
|player|p1
|raw|The Metal Clan's rating: 1539 &rarr; <strong>1517<\/strong><br \/>(-22 for losing)
|raw|warzoid's rating: 1511 &rarr; <strong>1532<\/strong><br \/>(+21 for winning)
|chat|warzoid|gg