|join|warzoid
|join|mrbobzy
|player|p1|warzoid|106
|player|p2|mrbobzy|170
|gametype|singles
|gen|6
|tier|UU
|rated
|rule|Sleep Clause Mod: Limit one foe put to sleep
|rule|Species Clause: Limit one of each PokÃ©mon
|rule|OHKO Clause: OHKO moves are banned
|rule|Moody Clause: Moody is banned
|rule|Evasion Moves Clause: Evasion moves are banned
|rule|Endless Battle Clause: Forcing endless battles is banned
|rule|HP Percentage Mod: HP is reported as percentages
|clearpoke
|poke|p1|Hydreigon, F
|poke|p1|Gligar, M
|poke|p1|Lucario, M
|poke|p1|Mienshao, F
|poke|p1|Absol, F
|poke|p1|Blissey, F
|poke|p2|Galvantula, F
|poke|p2|Crobat, F
|poke|p2|Typhlosion, F
|poke|p2|Krookodile, F
|poke|p2|Cloyster, F
|poke|p2|Blastoise, M
|rule|Swagger Clause: Swagger is banned
|rule|Baton Pass Clause: Limit one PokÃ©mon knowing Baton Pass
|teampreview
|
|start
|switch|p1a: Absol|Absol, F|271\/271
|switch|p2a: Galvantula|Galvantula, F|281\/281
|turn|1
|
|detailschange|p1a: Absol|Absol-Mega, F
|message|Absol has Mega Evolved into Mega Absol!
|move|p2a: Galvantula|Bug Buzz|p1a: Absol
|-supereffective|p1a: Absol
|-damage|p1a: Absol|0 fnt
|faint|p1a: Absol
|
|
|switch|p1a: Mienshao|Mienshao, F|271\/271
|turn|2
|
|move|p1a: Mienshao|Stone Edge|p2a: Galvantula
|-supereffective|p2a: Galvantula
|-enditem|p2a: Galvantula|Focus Sash
|-damage|p2a: Galvantula|1\/281
|move|p2a: Galvantula|Sticky Web|p1a: Mienshao
|-sidestart|p1: warzoid|move: Sticky Web
|
|turn|3
|
|move|p1a: Mienshao|Stone Edge|p2a: Galvantula
|-supereffective|p2a: Galvantula
|-damage|p2a: Galvantula|0 fnt
|faint|p2a: Galvantula
|
|
|switch|p2a: Blastoise|Blastoise, M|299\/299
|turn|4
|
|detailschange|p2a: Blastoise|Blastoise-Mega, M
|message|Blastoise has Mega Evolved into Mega Blastoise!
|move|p1a: Mienshao|Stone Edge|p2a: Blastoise|[miss]
|-miss|p1a: Mienshao|p2a: Blastoise
|move|p2a: Blastoise|Aura Sphere|p1a: Mienshao
|-damage|p1a: Mienshao|12\/271
|
|turn|5
|
|switch|p1a: Blissey|Blissey, F|714\/714
|-activate|p1a: Blissey|move: Sticky Web
|-unboost|p1a: Blissey|spe|1
|move|p2a: Blastoise|Aura Sphere|p1a: Blissey
|-supereffective|p1a: Blissey
|-damage|p1a: Blissey|472\/714
|
|turn|6
|
|move|p2a: Blastoise|Aura Sphere|p1a: Blissey
|-supereffective|p1a: Blissey
|-damage|p1a: Blissey|234\/714
|move|p1a: Blissey|Wish|p1a: Blissey
|
|turn|7
|
|move|p2a: Blastoise|Aura Sphere|p1a: Blissey
|-supereffective|p1a: Blissey
|-damage|p1a: Blissey|0 fnt
|faint|p1a: Blissey
|
|
|switch|p1a: Hydreigon|Hydreigon, F|325\/325
|turn|8
|
|move|p1a: Hydreigon|Outrage|p2a: Blastoise
|-crit|p2a: Blastoise
|-damage|p2a: Blastoise|0 fnt
|faint|p2a: Blastoise
|
|
|switch|p2a: Cloyster|Cloyster, F|241\/241
|turn|9
|
|move|p1a: Hydreigon|Outrage|p2a: Cloyster
|-damage|p2a: Cloyster|73\/241
|move|p2a: Cloyster|Shell Smash|p2a: Cloyster
|-boost|p2a: Cloyster|atk|2
|-boost|p2a: Cloyster|spa|2
|-boost|p2a: Cloyster|spe|2
|-unboost|p2a: Cloyster|def|1
|-unboost|p2a: Cloyster|spd|1
|-enditem|p2a: Cloyster|White Herb
|-restoreboost|p2a: Cloyster|[silent]
|
|turn|10
|
|move|p2a: Cloyster|Icicle Spear|p1a: Hydreigon
|-supereffective|p1a: Hydreigon
|-damage|p1a: Hydreigon|161\/325
|-supereffective|p1a: Hydreigon
|-damage|p1a: Hydreigon|15\/325
|-supereffective|p1a: Hydreigon
|-damage|p1a: Hydreigon|0 fnt
|-hitcount|p1a: Hydreigon|3
|faint|p1a: Hydreigon
|
|
|switch|p1a: Lucario|Lucario, M|281\/281
|-activate|p1a: Lucario|move: Sticky Web
|-unboost|p1a: Lucario|spe|1
|turn|11
|
|move|p2a: Cloyster|Razor Shell|p1a: Lucario
|-damage|p1a: Lucario|0 fnt
|faint|p1a: Lucario
|
|-message|warzoid forfeited.
|
|win|mrbobzy
|raw|Ladder updating...
|raw|warzoid's rating: 1486 &rarr; <strong>1461<\/strong><br \/>(-25 for losing)
|raw|mrbobzy's rating: 1404 &rarr; <strong>1428<\/strong><br \/>(+24 for winning)
|chat|warzoid|gg
|chat|mrbobzy|gg