|join|warzoid
|join|ItalianEmpoleon
|player|p1|warzoid|188
|player|p2|ItalianEmpoleon|137
|gametype|singles
|gen|6
|tier|UU
|rated
|rule|Sleep Clause Mod: Limit one foe put to sleep
|rule|Species Clause: Limit one of each Pokemon
|rule|OHKO Clause: OHKO moves are banned
|rule|Moody Clause: Moody is banned
|rule|Evasion Moves Clause: Evasion moves are banned
|rule|Endless Battle Clause: Forcing endless battles is banned.
|rule|HP Percentage Mod: HP is reported as percentages
|clearpoke
|poke|p1|Nidoqueen, F
|poke|p1|Slowbro, M
|poke|p1|Florges, F
|poke|p1|Crobat, M
|poke|p1|Infernape, M
|poke|p1|Cloyster, M
|poke|p2|Volcarona, M, shiny
|poke|p2|Blissey, F
|poke|p2|Ampharos, F
|poke|p2|Azelf, shiny
|poke|p2|Pelipper, F
|poke|p2|Mienshao, F
|teampreview
|chat|ItalianEmpoleon|gl hf
|
|start
|switch|p1a: Slowbro|Slowbro, M|394\/394
|switch|p2a: Ace|Azelf, shiny|354\/354
|turn|1
|
|move|p2a: Ace|Stealth Rock|p1a: Slowbro
|-sidestart|p1: warzoid|move: Stealth Rock
|move|p1a: Slowbro|Thunder Wave|p2a: Ace
|-status|p2a: Ace|par
|
|turn|2
|
|move|p1a: Slowbro|Scald|p2a: Ace
|-damage|p2a: Ace|233\/354 par
|move|p2a: Ace|Thunder Wave|p1a: Slowbro
|-status|p1a: Slowbro|par
|
|-heal|p2a: Ace|255\/354 par|[from] item: Leftovers
|turn|3
|
|cant|p2a: Ace|par
|move|p1a: Slowbro|Scald|p2a: Ace
|-damage|p2a: Ace|132\/354 par
|
|-heal|p2a: Ace|154\/354 par|[from] item: Leftovers
|turn|4
|
|move|p2a: Ace|U-turn|p1a: Slowbro
|-supereffective|p1a: Slowbro
|-damage|p1a: Slowbro|296\/394 par
|-damage|p2a: Ace|95\/354 par|[from] item: Rocky Helmet|[of] p1a: Slowbro
|
|switch|p2a: FatShitCat|Blissey, F|714\/714
|move|p1a: Slowbro|Scald|p2a: FatShitCat
|-damage|p2a: FatShitCat|645\/714
|
|-heal|p2a: FatShitCat|689\/714|[from] item: Leftovers
|turn|5
|
|switch|p1a: Crobat|Crobat, M|311\/311
|-damage|p1a: Crobat|234\/311|[from] Stealth Rock
|move|p2a: FatShitCat|Wish|p2a: FatShitCat
|
|-heal|p1a: Crobat|253\/311|[from] item: Black Sludge
|-heal|p2a: FatShitCat|714\/714|[from] item: Leftovers
|turn|6
|
|switch|p2a: Derper|Pelipper, F|324\/324
|move|p1a: Crobat|Brave Bird|p2a: Derper
|-damage|p2a: Derper|222\/324
|-damage|p1a: Crobat|219\/311|[from] recoil|[of] p2a: Derper
|
|-heal|p2a: Derper|324\/324|[from] move: Wish|[wisher] FatShitCat
|-heal|p1a: Crobat|238\/311|[from] item: Black Sludge
|turn|7
|
|move|p1a: Crobat|Defog|p2a: Derper
|-unboost|p2a: Derper|evasion|1
|-sideend|p1: warzoid|Stealth Rock|[from] move: Defog|[of] p1a: Crobat
|move|p2a: Derper|Scald|p1a: Crobat
|-damage|p1a: Crobat|145\/311
|
|-heal|p1a: Crobat|164\/311|[from] item: Black Sludge
|turn|8
|
|move|p1a: Crobat|Roost|p1a: Crobat
|-heal|p1a: Crobat|311\/311
|move|p2a: Derper|Scald|p1a: Crobat
|-damage|p1a: Crobat|209\/311
|-status|p1a: Crobat|brn
|
|-heal|p1a: Crobat|228\/311 brn|[from] item: Black Sludge
|-damage|p1a: Crobat|190\/311 brn|[from] brn
|turn|9
|
|switch|p1a: Florges|Florges, F|298\/298
|switch|p2a: FatShitCat|Blissey, F|714\/714
|
|turn|10
|
|move|p1a: Florges|Aromatherapy|p1a: Florges
|-cureteam|p1a: Florges|[from] move: Aromatherapy
|move|p2a: FatShitCat|Wish|p2a: FatShitCat
|
|turn|11
|
|switch|p2a: Ace|Azelf, shiny|95\/354 par
|move|p1a: Florges|Moonblast|p2a: Ace
|-damage|p2a: Ace|0 fnt
|faint|p2a: Ace
|
|
|switch|p2a: Buggsy|Volcarona, M, shiny|311\/311
|turn|12
|
|switch|p1a: Cloyster|Cloyster, M|242\/242
|move|p2a: Buggsy|Quiver Dance|p2a: Buggsy
|-boost|p2a: Buggsy|spa|1
|-boost|p2a: Buggsy|spd|1
|-boost|p2a: Buggsy|spe|1
|
|turn|13
|
|move|p2a: Buggsy|Giga Drain|p1a: Cloyster
|-supereffective|p1a: Cloyster
|-enditem|p1a: Cloyster|Focus Sash
|-damage|p1a: Cloyster|1\/242
|move|p1a: Cloyster|Rock Blast|p2a: Buggsy
|-supereffective|p2a: Buggsy
|-damage|p2a: Buggsy|171\/311
|-supereffective|p2a: Buggsy
|-damage|p2a: Buggsy|3\/311
|-supereffective|p2a: Buggsy
|-damage|p2a: Buggsy|0 fnt
|-hitcount|p2a: Buggsy|3
|faint|p2a: Buggsy
|
|
|switch|p2a: Mienshao|Mienshao, F|271\/271
|turn|14
|
|switch|p1a: Slowbro|Slowbro, M|394\/394
|move|p2a: Mienshao|U-turn|p1a: Slowbro
|-supereffective|p1a: Slowbro
|-damage|p1a: Slowbro|290\/394
|-damage|p2a: Mienshao|226\/271|[from] item: Rocky Helmet|[of] p1a: Slowbro
|
|switch|p2a: Gloria|Ampharos, F|384\/384
|
|turn|15
|
|switch|p1a: Florges|Florges, F|298\/298
|detailschange|p2a: Gloria|Ampharos-Mega, F
|message|Ampharos has Mega Evolved into Mega Ampharos!
|-ability|p2a: Gloria|Mold Breaker
|move|p2a: Gloria|Dragon Pulse|p1a: Florges
|-immune|p1a: Florges|[msg]
|
|turn|16
|
|switch|p2a: FatShitCat|Blissey, F|714\/714
|move|p1a: Florges|Wish|p1a: Florges
|
|turn|17
|
|switch|p1a: Cloyster|Cloyster, M|1\/242
|move|p2a: FatShitCat|Toxic|p1a: Cloyster
|-status|p1a: Cloyster|tox
|
|-heal|p1a: Cloyster|150\/242 tox|[from] move: Wish|[wisher] Florges
|-damage|p1a: Cloyster|135\/242 tox|[from] psn
|turn|18
|
|move|p1a: Cloyster|Shell Smash|p1a: Cloyster
|-boost|p1a: Cloyster|atk|2
|-boost|p1a: Cloyster|spa|2
|-boost|p1a: Cloyster|spe|2
|-unboost|p1a: Cloyster|def|1
|-unboost|p1a: Cloyster|spd|1
|move|p2a: FatShitCat|Wish|p2a: FatShitCat
|
|-damage|p1a: Cloyster|105\/242 tox|[from] psn
|turn|19
|
|move|p2a: FatShitCat|Protect|p2a: FatShitCat
|-singleturn|p2a: FatShitCat|Protect
|move|p1a: Cloyster|Icicle Spear|p2a: FatShitCat
|-activate|p2a: FatShitCat|Protect
|
|-damage|p1a: Cloyster|60\/242 tox|[from] psn
|turn|20
|
|switch|p2a: Derper|Pelipper, F|324\/324
|move|p1a: Cloyster|Icicle Spear|p2a: Derper
|-damage|p2a: Derper|267\/324
|-damage|p2a: Derper|213\/324
|-damage|p2a: Derper|153\/324
|-damage|p2a: Derper|99\/324
|-damage|p2a: Derper|36\/324
|-hitcount|p2a: Derper|5
|
|-heal|p2a: Derper|56\/324|[from] item: Leftovers
|-damage|p1a: Cloyster|0 fnt|[from] psn
|faint|p1a: Cloyster
|
|switch|p1a: Crobat|Crobat, M|190\/311
|turn|21
|
|move|p1a: Crobat|Brave Bird|p2a: Derper
|-damage|p2a: Derper|0 fnt
|-damage|p1a: Crobat|172\/311|[from] recoil|[of] p2a: Derper
|faint|p2a: Derper
|
|-heal|p1a: Crobat|191\/311|[from] item: Black Sludge
|-message|ItalianEmpoleon forfeited.
|
|win|warzoid
|raw|Ladder updating...
|raw|warzoid's rating: 1401 &rarr; <strong>1419<\/strong><br \/>(+18 for winning)
|raw|ItalianEmpoleon's rating: 1360 &rarr; <strong>1342<\/strong><br \/>(-18 for losing)
|leave|ItalianEmpoleon
|player|p2
|chat|warzoid|gg