|join|Ajveno
|join|warzoid
|player|p1|Ajveno|101
|player|p2|warzoid|278
|gametype|singles
|gen|6
|tier|UU
|rated
|rule|Sleep Clause Mod: Limit one foe put to sleep
|rule|Species Clause: Limit one of each PokÃ©mon
|rule|OHKO Clause: OHKO moves are banned
|rule|Moody Clause: Moody is banned
|rule|Evasion Moves Clause: Evasion moves are banned
|rule|Endless Battle Clause: Forcing endless battles is banned
|rule|HP Percentage Mod: HP is reported as percentages
|clearpoke
|poke|p1|Blissey, F
|poke|p1|Chandelure, F
|poke|p1|Suicune
|poke|p1|Lucario, F
|poke|p1|Donphan, F
|poke|p1|Victini
|poke|p2|Tornadus-Therian, M
|poke|p2|Reuniclus, M
|poke|p2|Cloyster, F
|poke|p2|Flygon, F
|poke|p2|Florges, F
|poke|p2|Slowbro, F
|rule|Swagger Clause: Swagger is banned
|rule|Baton Pass Clause: Limit three PokÃ©mon knowing Baton Pass
|teampreview
|
|start
|switch|p1a: Victini|Victini|342\/342
|switch|p2a: Cloyster|Cloyster, F|241\/241
|turn|1
|
|move|p1a: Victini|Bolt Strike|p2a: Cloyster
|-supereffective|p2a: Cloyster
|-damage|p2a: Cloyster|85\/241
|move|p2a: Cloyster|Rock Blast|p1a: Victini
|-supereffective|p1a: Victini
|-damage|p1a: Victini|290\/342
|-supereffective|p1a: Victini
|-damage|p1a: Victini|242\/342
|-crit|p1a: Victini
|-supereffective|p1a: Victini
|-damage|p1a: Victini|170\/342
|-supereffective|p1a: Victini
|-damage|p1a: Victini|124\/342
|-supereffective|p1a: Victini
|-damage|p1a: Victini|78\/342
|-hitcount|p1a: Victini|5
|
|turn|2
|
|switch|p2a: Slowbro|Slowbro, F|394\/394
|move|p1a: Victini|Bolt Strike|p2a: Slowbro
|-supereffective|p2a: Slowbro
|-damage|p2a: Slowbro|206\/394
|-damage|p1a: Victini|21\/342|[from] item: Rocky Helmet|[of] p2a: Slowbro
|
|turn|3
|
|switch|p1a: Chandelure|Chandelure, F|262\/262
|move|p2a: Slowbro|Scald|p1a: Chandelure
|-supereffective|p1a: Chandelure
|-damage|p1a: Chandelure|58\/262
|
|turn|4
|
|switch|p2a: Cloyster|Cloyster, F|85\/241
|move|p1a: Chandelure|Trick|p2a: Cloyster
|-activate|p1a: Chandelure|move: Trick|[of] p2a: Cloyster
|-item|p2a: Cloyster|Choice Specs|[from] move: Trick
|-item|p1a: Chandelure|Choice Scarf|[from] move: Trick
|
|turn|5
|
|switch|p2a: Florges|Florges, F|360\/360
|move|p1a: Chandelure|Shadow Ball|p2a: Florges
|-damage|p2a: Florges|252\/360
|-unboost|p2a: Florges|spd|1
|
|-heal|p2a: Florges|274\/360|[from] item: Leftovers
|turn|6
|
|switch|p1a: Blissey|Blissey, F|714\/714
|move|p2a: Florges|Psychic|p1a: Blissey
|-crit|p1a: Blissey
|-damage|p1a: Blissey|587\/714
|-unboost|p1a: Blissey|spd|1
|
|-heal|p2a: Florges|296\/360|[from] item: Leftovers
|-heal|p1a: Blissey|631\/714|[from] item: Leftovers
|turn|7
|
|switch|p2a: Tornadus-Therian|Tornadus-Therian, M|299\/299
|move|p1a: Blissey|Stealth Rock|p2a: Tornadus-Therian
|-sidestart|p2: warzoid|move: Stealth Rock
|
|-heal|p1a: Blissey|675\/714|[from] item: Leftovers
|turn|8
|
|switch|p1a: Suicune|Suicune|404\/404
|-ability|p1a: Suicune|Pressure
|move|p2a: Tornadus-Therian|Knock Off|p1a: Suicune
|-damage|p1a: Suicune|333\/404
|-enditem|p1a: Suicune|Leftovers|[from] move: Knock Off|[of] p2a: Tornadus-Therian
|-damage|p2a: Tornadus-Therian|270\/299|[from] item: Life Orb
|
|turn|9
|
|move|p2a: Tornadus-Therian|Hurricane|p1a: Suicune
|-damage|p1a: Suicune|119\/404
|-start|p1a: Suicune|confusion
|-damage|p2a: Tornadus-Therian|241\/299|[from] item: Life Orb
|-activate|p1a: Suicune|confusion
|-damage|p1a: Suicune|103\/404|[from] confusion
|
|turn|10
|
|switch|p1a: Blissey|Blissey, F|675\/714
|move|p2a: Tornadus-Therian|Superpower|p1a: Blissey
|-supereffective|p1a: Blissey
|-damage|p1a: Blissey|210\/714
|-unboost|p2a: Tornadus-Therian|atk|1
|-unboost|p2a: Tornadus-Therian|def|1
|-damage|p2a: Tornadus-Therian|212\/299|[from] item: Life Orb
|
|-heal|p1a: Blissey|254\/714|[from] item: Leftovers
|turn|11
|
|move|p2a: Tornadus-Therian|Knock Off|p1a: Blissey
|-damage|p1a: Blissey|137\/714
|-enditem|p1a: Blissey|Leftovers|[from] move: Knock Off|[of] p2a: Tornadus-Therian
|-damage|p2a: Tornadus-Therian|183\/299|[from] item: Life Orb
|move|p1a: Blissey|Soft-Boiled|p1a: Blissey
|-heal|p1a: Blissey|494\/714
|
|turn|12
|
|move|p2a: Tornadus-Therian|Superpower|p1a: Blissey
|-supereffective|p1a: Blissey
|-damage|p1a: Blissey|218\/714
|-unboost|p2a: Tornadus-Therian|atk|1
|-unboost|p2a: Tornadus-Therian|def|1
|-damage|p2a: Tornadus-Therian|154\/299|[from] item: Life Orb
|move|p1a: Blissey|Toxic|p2a: Tornadus-Therian
|-status|p2a: Tornadus-Therian|tox
|
|-damage|p2a: Tornadus-Therian|136\/299 tox|[from] psn
|turn|13
|
|switch|p2a: Flygon|Flygon, F|301\/301
|-damage|p2a: Flygon|283\/301|[from] Stealth Rock
|move|p1a: Blissey|Soft-Boiled|p1a: Blissey
|-heal|p1a: Blissey|575\/714
|
|-heal|p2a: Flygon|301\/301|[from] item: Leftovers
|turn|14
|
|move|p2a: Flygon|Earthquake|p1a: Blissey
|-damage|p1a: Blissey|328\/714
|move|p1a: Blissey|Toxic|p2a: Flygon
|-status|p2a: Flygon|tox
|
|-damage|p2a: Flygon|283\/301 tox|[from] psn
|turn|15
|
|move|p2a: Flygon|Defog|p1a: Blissey
|-unboost|p1a: Blissey|evasion|1
|-sideend|p2: warzoid|Stealth Rock|[from] move: Defog|[of] p2a: Flygon
|move|p1a: Blissey|Soft-Boiled|p1a: Blissey
|-heal|p1a: Blissey|685\/714
|
|-heal|p2a: Flygon|301\/301 tox|[from] item: Leftovers
|-damage|p2a: Flygon|265\/301 tox|[from] psn
|turn|16
|
|move|p2a: Flygon|U-turn|p1a: Blissey
|-damage|p1a: Blissey|551\/714
|
|switch|p2a: Florges|Florges, F|296\/360
|move|p1a: Blissey|Stealth Rock|p2a: Florges
|-sidestart|p2: warzoid|move: Stealth Rock
|
|-heal|p2a: Florges|318\/360|[from] item: Leftovers
|turn|17
|
|move|p2a: Florges|Aromatherapy|p2a: Florges
|-cureteam|p2a: Florges|[from] move: Aromatherapy
|move|p1a: Blissey|Toxic|p2a: Florges
|-status|p2a: Florges|tox
|
|-heal|p2a: Florges|340\/360 tox|[from] item: Leftovers
|-damage|p2a: Florges|318\/360 tox|[from] psn
|turn|18
|
|switch|p2a: Reuniclus|Reuniclus, M|424\/424
|switch|p1a: Suicune|Suicune|103\/404
|-ability|p1a: Suicune|Pressure
|
|turn|19
|
|move|p1a: Suicune|Rest|p1a: Suicune
|-status|p1a: Suicune|slp
|-heal|p1a: Suicune|404\/404 slp|[silent]
|-status|p1a: Suicune|slp|[from] move: Rest
|move|p2a: Reuniclus|Psyshock|p1a: Suicune
|-damage|p1a: Suicune|328\/404 slp
|
|turn|20
|
|switch|p1a: Chandelure|Chandelure, F|58\/262
|move|p2a: Reuniclus|Calm Mind|p2a: Reuniclus
|-boost|p2a: Reuniclus|spa|1
|-boost|p2a: Reuniclus|spd|1
|
|turn|21
|
|switch|p2a: Florges|Florges, F|318\/360 tox
|-damage|p2a: Florges|273\/360 tox|[from] Stealth Rock
|move|p1a: Chandelure|Trick|p2a: Florges
|-activate|p1a: Chandelure|move: Trick|[of] p2a: Florges
|-item|p2a: Florges|Choice Scarf|[from] move: Trick
|-item|p1a: Chandelure|Leftovers|[from] move: Trick
|
|-heal|p1a: Chandelure|74\/262|[from] item: Leftovers
|-damage|p2a: Florges|251\/360 tox|[from] psn
|turn|22
|
|switch|p1a: Blissey|Blissey, F|551\/714
|move|p2a: Florges|Psychic|p1a: Blissey
|-crit|p1a: Blissey
|-damage|p1a: Blissey|430\/714
|
|-damage|p2a: Florges|207\/360 tox|[from] psn
|turn|23
|
|switch|p2a: Reuniclus|Reuniclus, M|424\/424
|move|p1a: Blissey|Seismic Toss|p2a: Reuniclus
|-damage|p2a: Reuniclus|324\/424
|
|-heal|p2a: Reuniclus|350\/424|[from] item: Leftovers
|turn|24
|
|switch|p1a: Donphan|Donphan, F|384\/384
|move|p2a: Reuniclus|Calm Mind|p2a: Reuniclus
|-boost|p2a: Reuniclus|spa|1
|-boost|p2a: Reuniclus|spd|1
|
|-heal|p2a: Reuniclus|376\/424|[from] item: Leftovers
|turn|25
|
|move|p1a: Donphan|Knock Off|p2a: Reuniclus
|-supereffective|p2a: Reuniclus
|-damage|p2a: Reuniclus|228\/424
|-enditem|p2a: Reuniclus|Leftovers|[from] move: Knock Off|[of] p1a: Donphan
|move|p2a: Reuniclus|Calm Mind|p2a: Reuniclus
|-boost|p2a: Reuniclus|spa|1
|-boost|p2a: Reuniclus|spd|1
|
|turn|26
|
|switch|p1a: Chandelure|Chandelure, F|74\/262
|move|p2a: Reuniclus|Recover|p2a: Reuniclus
|-heal|p2a: Reuniclus|424\/424
|
|-heal|p1a: Chandelure|90\/262|[from] item: Leftovers
|turn|27
|
|move|p1a: Chandelure|Shadow Ball|p2a: Reuniclus
|-supereffective|p2a: Reuniclus
|-damage|p2a: Reuniclus|244\/424
|-unboost|p2a: Reuniclus|spd|1
|move|p2a: Reuniclus|Psyshock|p1a: Chandelure
|-damage|p1a: Chandelure|0 fnt
|faint|p1a: Chandelure
|
|
|switch|p1a: Victini|Victini|21\/342
|turn|28
|
|switch|p2a: Slowbro|Slowbro, F|337\/394
|-damage|p2a: Slowbro|288\/394|[from] Stealth Rock
|move|p1a: Victini|V-create|p2a: Slowbro
|-resisted|p2a: Slowbro
|-damage|p2a: Slowbro|189\/394
|-damage|p1a: Victini|0 fnt|[from] item: Rocky Helmet|[of] p2a: Slowbro
|faint|p1a: Victini
|
|
|switch|p1a: Lucario|Lucario, F|282\/282
|turn|29
|
|move|p1a: Lucario|Crunch|p2a: Slowbro
|-supereffective|p2a: Slowbro
|-damage|p2a: Slowbro|23\/394
|-damage|p1a: Lucario|235\/282|[from] item: Rocky Helmet|[of] p2a: Slowbro
|-damage|p1a: Lucario|207\/282|[from] item: Life Orb
|move|p2a: Slowbro|Thunder Wave|p1a: Lucario
|-status|p1a: Lucario|par
|
|turn|30
|
|switch|p2a: Flygon|Flygon, F|265\/301
|-damage|p2a: Flygon|247\/301|[from] Stealth Rock
|move|p1a: Lucario|Extreme Speed|p2a: Flygon
|-damage|p2a: Flygon|108\/301
|-damage|p1a: Lucario|179\/282 par|[from] item: Life Orb
|
|-heal|p2a: Flygon|126\/301|[from] item: Leftovers
|turn|31
|
|move|p1a: Lucario|Extreme Speed|p2a: Flygon
|-damage|p2a: Flygon|0 fnt
|-damage|p1a: Lucario|151\/282 par|[from] item: Life Orb
|faint|p2a: Flygon
|
|
|switch|p2a: Tornadus-Therian|Tornadus-Therian, M|235\/299
|-damage|p2a: Tornadus-Therian|161\/299|[from] Stealth Rock
|turn|32
|
|cant|p1a: Lucario|par
|move|p2a: Tornadus-Therian|Superpower|p1a: Lucario
|-supereffective|p1a: Lucario
|-damage|p1a: Lucario|0 fnt
|-unboost|p2a: Tornadus-Therian|atk|1
|-unboost|p2a: Tornadus-Therian|def|1
|-damage|p2a: Tornadus-Therian|132\/299|[from] item: Life Orb
|faint|p1a: Lucario
|
|
|switch|p1a: Blissey|Blissey, F|430\/714
|turn|33
|
|switch|p2a: Reuniclus|Reuniclus, M|244\/424
|move|p1a: Blissey|Soft-Boiled|p1a: Blissey
|-heal|p1a: Blissey|714\/714
|
|turn|34
|
|switch|p1a: Suicune|Suicune|328\/404 slp
|-ability|p1a: Suicune|Pressure
|move|p2a: Reuniclus|Calm Mind|p2a: Reuniclus
|-boost|p2a: Reuniclus|spa|1
|-boost|p2a: Reuniclus|spd|1
|
|turn|35
|
|cant|p1a: Suicune|slp
|move|p1a: Suicune|Sleep Talk|p1a: Suicune
|move|p1a: Suicune|Calm Mind|p1a: Suicune|[from]Sleep Talk
|-boost|p1a: Suicune|spa|1
|-boost|p1a: Suicune|spd|1
|move|p2a: Reuniclus|Calm Mind|p2a: Reuniclus
|-boost|p2a: Reuniclus|spa|1
|-boost|p2a: Reuniclus|spd|1
|
|turn|36
|
|cant|p1a: Suicune|slp
|move|p1a: Suicune|Sleep Talk|p1a: Suicune
|move|p1a: Suicune|Rest|p1a: Suicune|[from]Sleep Talk
|-fail|p1a: Suicune
|move|p2a: Reuniclus|Recover|p2a: Reuniclus
|-heal|p2a: Reuniclus|424\/424
|
|turn|37
|
|-curestatus|p1a: Suicune|slp
|move|p1a: Suicune|Calm Mind|p1a: Suicune
|-boost|p1a: Suicune|spa|1
|-boost|p1a: Suicune|spd|1
|move|p2a: Reuniclus|Calm Mind|p2a: Reuniclus
|-boost|p2a: Reuniclus|spa|1
|-boost|p2a: Reuniclus|spd|1
|
|turn|38
|
|move|p1a: Suicune|Calm Mind|p1a: Suicune
|-boost|p1a: Suicune|spa|1
|-boost|p1a: Suicune|spd|1
|move|p2a: Reuniclus|Calm Mind|p2a: Reuniclus
|-boost|p2a: Reuniclus|spa|1
|-boost|p2a: Reuniclus|spd|1
|
|turn|39
|
|move|p1a: Suicune|Calm Mind|p1a: Suicune
|-boost|p1a: Suicune|spa|1
|-boost|p1a: Suicune|spd|1
|move|p2a: Reuniclus|Psyshock|p1a: Suicune
|-damage|p1a: Suicune|96\/404
|
|turn|40
|
|move|p1a: Suicune|Scald|p2a: Reuniclus
|-damage|p2a: Reuniclus|318\/424
|move|p2a: Reuniclus|Psyshock|p1a: Suicune
|-damage|p1a: Suicune|0 fnt
|faint|p1a: Suicune
|
|-message|Ajveno forfeited.
|
|win|warzoid
|raw|Ladder updating...
|raw|Ajveno's rating: 1577 &rarr; <strong>1553<\/strong><br \/>(-24 for losing)
|raw|warzoid's rating: 1504 &rarr; <strong>1528<\/strong><br \/>(+24 for winning)
|leave|Ajveno
|player|p1
|chat|warzoid|gg