|join|warzoid
|join|Dudeman130498
|player|p1|warzoid|188
|player|p2|Dudeman130498|171
|gametype|singles
|gen|6
|tier|UU
|rule|Sleep Clause Mod: Limit one foe put to sleep
|rule|Species Clause: Limit one of each PokÃ©mon
|rule|OHKO Clause: OHKO moves are banned
|rule|Moody Clause: Moody is banned
|rule|Evasion Moves Clause: Evasion moves are banned
|rule|Endless Battle Clause: Forcing endless battles is banned
|rule|HP Percentage Mod: HP is shown in percentages
|clearpoke
|poke|p1|Amoonguss, F
|poke|p1|Krookodile, M
|poke|p1|Lopunny, M
|poke|p1|Swampert, M
|poke|p1|Crobat, F
|poke|p1|Umbreon, F
|poke|p2|Beedrill, F
|poke|p2|Magneton
|poke|p2|Hydreigon, M
|poke|p2|Swampert, F
|poke|p2|Virizion
|poke|p2|Crobat, M
|rule|Swagger Clause: Swagger is banned
|rule|Baton Pass Clause: Limit one PokÃ©mon knowing Baton Pass
|teampreview
|join|Buuskeri
|join|thymetime
|join|LiberalLucario
|join|New Album
|c| Buuskeri|O.o
|join|DrReuniclus100
|c| Buuskeri|SHROOOOOOOOOOOOOOOOOOOOOOOOOOOOOOOOOOOOOOOOOOOM!
|join|Doctor Ciel
|c| LiberalLucario|oh
|join|SuperSonic364
|
|start
|switch|p1a: keldeo counter|Amoonguss, F|400\/400
|switch|p2a: Crobat|Crobat, M|321\/321
|turn|1
|c| SuperSonic364|Wreck him Dude
|join|THE_iTodd
|
|switch|p1a: rocks|Swampert, M|404\/404
|move|p2a: Crobat|Brave Bird|p1a: rocks
|-damage|p1a: rocks|278\/404
|-damage|p2a: Crobat|279\/321|[from] recoil|[of] p1a: rocks
|
|-heal|p2a: Crobat|299\/321|[from] item: Black Sludge
|-heal|p1a: rocks|303\/404|[from] item: Leftovers
|turn|2
|c| New Album|taunt u-turn incoming
|c| Buuskeri|I believe in you shoorm!
|
|move|p2a: Crobat|Taunt|p1a: rocks
|-start|p1a: rocks|move: Taunt
|move|p1a: rocks|Scald|p2a: Crobat
|-damage|p2a: Crobat|203\/321
|
|-heal|p2a: Crobat|223\/321|[from] item: Black Sludge
|-heal|p1a: rocks|328\/404|[from] item: Leftovers
|turn|3
|join|AnglesEverywhere
|c| Buuskeri|shoorm :S
|c| Buuskeri|I can't write anymore
|
|move|p2a: Crobat|U-turn|p1a: rocks
|-damage|p1a: rocks|281\/404
|
|switch|p2a: Virizion|Virizion|323\/323
|move|p1a: rocks|Scald|p2a: Virizion
|-resisted|p2a: Virizion
|-damage|p2a: Virizion|292\/323
|
|-heal|p1a: rocks|306\/404|[from] item: Leftovers
|turn|4
|
|switch|p2a: Beedrill|Beedrill, F|271\/271
|switch|p1a: keldeo counter|Amoonguss, F|400\/400
|
|turn|5
|
|detailschange|p2a: Beedrill|Beedrill-Mega, F
|message|Beedrill has Mega Evolved into Mega Beedrill!
|move|p2a: Beedrill|U-turn|p1a: keldeo counter
|-damage|p1a: keldeo counter|218\/400
|
|switch|p2a: Virizion|Virizion|292\/323
|move|p1a: keldeo counter|Spore|p2a: Virizion
|-fail|p2a: Virizion
|
|-heal|p1a: keldeo counter|243\/400|[from] item: Black Sludge
|turn|6
|c| SuperSonic364|Good prediction
|
|switch|p2a: Crobat|Crobat, M|223\/321
|move|p1a: keldeo counter|Clear Smog|p2a: Crobat
|-resisted|p2a: Crobat
|-damage|p2a: Crobat|187\/321
|-clearboost|p2a: Crobat
|
|-heal|p2a: Crobat|207\/321|[from] item: Black Sludge
|-heal|p1a: keldeo counter|268\/400|[from] item: Black Sludge
|turn|7
|join|Adel Dazim
|c| SuperSonic364|Good predictions*
|leave|Doctor Ciel
|
|switch|p1a: rocks|Swampert, M|306\/404
|move|p2a: Crobat|Brave Bird|p1a: rocks
|-damage|p1a: rocks|179\/404
|-damage|p2a: Crobat|165\/321|[from] recoil|[of] p1a: rocks
|
|-heal|p2a: Crobat|185\/321|[from] item: Black Sludge
|-heal|p1a: rocks|204\/404|[from] item: Leftovers
|turn|8
|leave|Adel Dazim
|join|Eyan
|
|move|p2a: Crobat|U-turn|p1a: rocks
|-damage|p1a: rocks|153\/404
|join|xMarth
|
|switch|p2a: Virizion|Virizion|292\/323
|move|p1a: rocks|Stealth Rock|p2a: Virizion
|-sidestart|p2: Dudeman130498|move: Stealth Rock
|
|-heal|p1a: rocks|178\/404|[from] item: Leftovers
|turn|9
|
|switch|p1a: fast bat|Crobat, F|373\/373
|move|p2a: Virizion|Leaf Blade|p1a: fast bat
|-resisted|p1a: fast bat
|-damage|p1a: fast bat|337\/373
|
|-heal|p1a: fast bat|360\/373|[from] item: Black Sludge
|turn|10
|
|switch|p2a: Magneton|Magneton|261\/261
|-damage|p2a: Magneton|245\/261|[from] Stealth Rock
|move|p1a: fast bat|Brave Bird|p2a: Magneton
|-resisted|p2a: Magneton
|-damage|p2a: Magneton|222\/261
|-damage|p1a: fast bat|352\/373|[from] recoil|[of] p2a: Magneton
|
|-heal|p1a: fast bat|373\/373|[from] item: Black Sludge
|turn|11
|
|switch|p1a: die|Krookodile, M|344\/344
|-ability|p1a: die|Intimidate|[of] p2a: Magneton
|-unboost|p2a: Magneton|atk|1
|move|p2a: Magneton|Flash Cannon|p1a: die
|-crit|p1a: die
|-damage|p1a: die|20\/344
|
|turn|12
|
|move|p1a: die|Pursuit|p2a: Magneton|[from]Pursuit
|-damage|p2a: Magneton|120\/261
|switch|p2a: Hydreigon|Hydreigon, M|325\/325
|-damage|p2a: Hydreigon|285\/325|[from] Stealth Rock
|
|turn|13
|
|switch|p1a: wall|Umbreon, F|394\/394
|move|p2a: Hydreigon|U-turn|p1a: wall
|-supereffective|p1a: wall
|-damage|p1a: wall|292\/394
|
|switch|p2a: Swampert|Swampert, F|401\/401
|-damage|p2a: Swampert|376\/401|[from] Stealth Rock
|
|-heal|p1a: wall|316\/394|[from] item: Leftovers
|-heal|p2a: Swampert|401\/401|[from] item: Leftovers
|turn|14
|join|Alldaalts
|
|move|p1a: wall|Wish|p1a: wall
|move|p2a: Swampert|Stealth Rock|p1a: wall
|-sidestart|p1: warzoid|move: Stealth Rock
|
|-heal|p1a: wall|340\/394|[from] item: Leftovers
|turn|15
|
|switch|p1a: rocks|Swampert, M|178\/404
|-damage|p1a: rocks|153\/404|[from] Stealth Rock
|move|p2a: Swampert|Earthquake|p1a: rocks
|-damage|p1a: rocks|53\/404
|
|-heal|p1a: rocks|250\/404|[from] move: Wish|[wisher] wall
|-heal|p1a: rocks|275\/404|[from] item: Leftovers
|turn|16
|
|move|p2a: Swampert|Scald|p1a: rocks
|-damage|p1a: rocks|182\/404
|move|p1a: rocks|Scald|p2a: Swampert
|-damage|p2a: Swampert|311\/401
|-status|p2a: Swampert|brn
|
|-heal|p2a: Swampert|336\/401 brn|[from] item: Leftovers
|-heal|p1a: rocks|207\/404|[from] item: Leftovers
|-damage|p2a: Swampert|286\/401 brn|[from] brn
|turn|17
|c| SuperSonic364|Swamp fight! Yes!
|c| LiberalLucario|rip
|
|switch|p1a: keldeo counter|Amoonguss, F|400\/400
|-damage|p1a: keldeo counter|350\/400|[from] Stealth Rock
|move|p2a: Swampert|Scald|p1a: keldeo counter
|-crit|p1a: keldeo counter
|-resisted|p1a: keldeo counter
|-damage|p1a: keldeo counter|273\/400
|
|-heal|p2a: Swampert|311\/401 brn|[from] item: Leftovers
|-heal|p1a: keldeo counter|298\/400|[from] item: Black Sludge
|-damage|p2a: Swampert|261\/401 brn|[from] brn
|turn|18
|c| New Album|burn battle: warzoid wins!
|join|Colbrushie
|c|âDudeman130498|fucking swampert...
|
|switch|p2a: Crobat|Crobat, M|185\/321
|-damage|p2a: Crobat|105\/321|[from] Stealth Rock
|move|p1a: keldeo counter|Spore|p2a: Crobat
|-status|p2a: Crobat|slp
|
|-heal|p2a: Crobat|125\/321 slp|[from] item: Black Sludge
|-heal|p1a: keldeo counter|323\/400|[from] item: Black Sludge
|turn|19
|
|cant|p2a: Crobat|slp
|move|p1a: keldeo counter|Foul Play|p2a: Crobat
|-damage|p2a: Crobat|10\/321 slp
|
|-heal|p2a: Crobat|30\/321 slp|[from] item: Black Sludge
|-heal|p1a: keldeo counter|348\/400|[from] item: Black Sludge
|turn|20
|c| LiberalLucario|rip dudeman
|
|switch|p1a: die|Krookodile, M|20\/344
|-damage|p1a: die|0 fnt|[from] Stealth Rock
|faint|p1a: die
|cant|p2a: Crobat|slp
|
|-heal|p2a: Crobat|50\/321 slp|[from] item: Black Sludge
|c| Buuskeri|sweet shroom
|c| Buuskeri|*drools*
|c|âDudeman130498|simply epic
|
|switch|p1a: switchins where|Lopunny, M|271\/271
|-damage|p1a: switchins where|238\/271|[from] Stealth Rock
|turn|21
|
|detailschange|p1a: switchins where|Lopunny-Mega, M
|message|Lopunny has Mega Evolved into Mega Lopunny!
|move|p1a: switchins where|Fake Out|p2a: Crobat
|-damage|p2a: Crobat|0 fnt
|faint|p2a: Crobat
|
|
|switch|p2a: Beedrill|Beedrill-Mega, F|271\/271
|-damage|p2a: Beedrill|204\/271|[from] Stealth Rock
|turn|22
|c| New Album|quick attack lop is better than fake out imo
|
|switch|p1a: keldeo counter|Amoonguss, F|400\/400
|-damage|p1a: keldeo counter|350\/400|[from] Stealth Rock
|move|p2a: Beedrill|Poison Jab|p1a: keldeo counter
|-damage|p1a: keldeo counter|146\/400
|
|-heal|p1a: keldeo counter|171\/400|[from] item: Black Sludge
|turn|23
|c| LiberalLucario|neither are good
|c| xMarth|^
|
|switch|p1a: fast bat|Crobat, F|373\/373
|-damage|p1a: fast bat|280\/373|[from] Stealth Rock
|move|p2a: Beedrill|Poison Jab|p1a: fast bat
|-resisted|p1a: fast bat
|-damage|p1a: fast bat|147\/373
|
|-heal|p1a: fast bat|170\/373|[from] item: Black Sludge
|turn|24
|
|move|p2a: Beedrill|Knock Off|p1a: fast bat
|-damage|p1a: fast bat|9\/373
|-enditem|p1a: fast bat|Black Sludge|[from] move: Knock Off|[of] p2a: Beedrill
|move|p1a: fast bat|Roost|p1a: fast bat
|-heal|p1a: fast bat|196\/373
|
|turn|25
|join|Cell in a Hell
|c|âDudeman130498|fuck
|
|move|p2a: Beedrill|U-turn|p1a: fast bat
|-resisted|p1a: fast bat
|-damage|p1a: fast bat|143\/373
|
|switch|p2a: Magneton|Magneton|120\/261
|-damage|p2a: Magneton|104\/261|[from] Stealth Rock
|move|p1a: fast bat|Roost|p1a: fast bat
|-heal|p1a: fast bat|330\/373
|
|turn|26
|
|switch|p1a: wall|Umbreon, F|340\/394
|-damage|p1a: wall|291\/394|[from] Stealth Rock
|move|p2a: Magneton|Hidden Power|p1a: wall
|-crit|p1a: wall
|-damage|p1a: wall|222\/394
|
|-heal|p1a: wall|246\/394|[from] item: Leftovers
|turn|27
|leave|LiberalLucario
|join|LiberalLucario
|
|move|p2a: Magneton|Volt Switch|p1a: wall
|-damage|p1a: wall|164\/394
|
|switch|p2a: Virizion|Virizion|292\/323
|-damage|p2a: Virizion|272\/323|[from] Stealth Rock
|move|p1a: wall|Wish|p1a: wall
|
|-heal|p1a: wall|188\/394|[from] item: Leftovers
|turn|28
|join|ZvZ
|c| ZvZ|nice team
|
|switch|p1a: keldeo counter|Amoonguss, F|304\/400
|-damage|p1a: keldeo counter|254\/400|[from] Stealth Rock
|move|p2a: Virizion|Swords Dance|p2a: Virizion
|-boost|p2a: Virizion|atk|2
|
|-heal|p1a: keldeo counter|400\/400|[from] move: Wish|[wisher] wall
|turn|29
|c| ZvZ|dudboy
|
|move|p2a: Virizion|Stone Edge|p1a: keldeo counter|[miss]
|-miss|p2a: Virizion|p1a: keldeo counter
|move|p1a: keldeo counter|Clear Smog|p2a: Virizion
|-supereffective|p2a: Virizion
|-damage|p2a: Virizion|168\/323
|-clearboost|p2a: Virizion
|
|turn|30
|c| LiberalLucario|rip
|c|âDudeman130498|i love this game
|
|switch|p2a: Swampert|Swampert, F|261\/401 brn
|-damage|p2a: Swampert|236\/401 brn|[from] Stealth Rock
|move|p1a: keldeo counter|Giga Drain|p2a: Swampert
|-supereffective|p2a: Swampert
|-damage|p2a: Swampert|0 fnt
|faint|p2a: Swampert
|
|c| LiberalLucario|tfw
|c| LiberalLucario|dudeman loses to warzoid
|join|Specs Cranidos
|c|âDudeman130498|amazing
|-message|Dudeman130498 forfeited.
|
|win|warzoid
|leave|Dudeman130498
|player|p2
|c|âwarzoid|gg
|leave|Eyan
|leave|LiberalLucario
|leave|New Album
|c| SuperSonic364|Aw
|leave|SuperSonic364
|leave|Specs Cranidos
|leave|xMarth
|leave|AnglesEverywhere
|leave|ZvZ
|leave|thymetime
|leave|Cell in a Hell