|join|Sage of the keks
|join|warzoid
|player|p1|Sage of the keks|108
|player|p2|warzoid|188
|gametype|singles
|gen|6
|tier|UU
|rated
|rule|Sleep Clause Mod: Limit one foe put to sleep
|rule|Species Clause: Limit one of each PokÃ©mon
|rule|OHKO Clause: OHKO moves are banned
|rule|Moody Clause: Moody is banned
|rule|Evasion Moves Clause: Evasion moves are banned
|rule|Endless Battle Clause: Forcing endless battles is banned
|rule|HP Percentage Mod: HP is shown in percentages
|clearpoke
|poke|p1|Victini
|poke|p1|Abomasnow, M
|poke|p1|Escavalier, F
|poke|p1|Whimsicott, M
|poke|p1|Slowking, M
|poke|p1|Froslass, F
|poke|p2|Heracross, F
|poke|p2|Ampharos, M
|poke|p2|Suicune
|poke|p2|Jirachi
|poke|p2|Mew
|poke|p2|Victini
|rule|Swagger Clause: Swagger is banned
|rule|Baton Pass Clause: Limit one PokÃ©mon knowing Baton Pass
|teampreview
|
|start
|switch|p1a: Froslass|Froslass, F|281\/281
|switch|p2a: Jirachi|Jirachi|341\/341
|turn|1
|
|move|p2a: Jirachi|Iron Head|p1a: Froslass
|-supereffective|p1a: Froslass
|-enditem|p1a: Froslass|Focus Sash
|-damage|p1a: Froslass|1\/281
|move|p1a: Froslass|Taunt|p2a: Jirachi
|-start|p2a: Jirachi|move: Taunt
|
|turn|2
|
|move|p2a: Jirachi|Iron Head|p1a: Froslass
|-supereffective|p1a: Froslass
|-damage|p1a: Froslass|0 fnt
|faint|p1a: Froslass
|
|
|switch|p1a: Victini|Victini|404\/404
|turn|3
|join|WATFOR
|
|switch|p2a: Suicune|Suicune|404\/404
|-ability|p2a: Suicune|Pressure
|move|p1a: Victini|Grass Knot|p2a: Suicune
|-supereffective|p2a: Suicune
|-damage|p2a: Suicune|266\/404
|
|-heal|p2a: Suicune|291\/404|[from] item: Leftovers
|turn|4
|chat|WATFOR|are we in
|
|move|p2a: Suicune|Scald|p1a: Victini
|-supereffective|p1a: Victini
|-damage|p1a: Victini|242\/404
|-enditem|p1a: Victini|Weakness Policy
|-boost|p1a: Victini|atk|2|[from] item: Weakness Policy
|-boost|p1a: Victini|spa|2|[from] item: Weakness Policy
|move|p1a: Victini|Trick Room|p1a: Victini
|-fieldstart|move: Trick Room|[of] p1a: Victini
|
|-heal|p2a: Suicune|316\/404|[from] item: Leftovers
|turn|5
|chat|WATFOR|ys we are
|chat|WATFOR|lol
|chat|Sage of the keks|we in
|
|move|p1a: Victini|Bolt Strike|p2a: Suicune
|-supereffective|p2a: Suicune
|-damage|p2a: Suicune|0 fnt
|faint|p2a: Suicune
|
|
|switch|p2a: Ampharos|Ampharos, M|384\/384
|turn|6
|
|detailschange|p2a: Ampharos|Ampharos-Mega, M
|message|Ampharos has Mega Evolved into Mega Ampharos!
|-ability|p2a: Ampharos|Mold Breaker
|move|p2a: Ampharos|Thunderbolt|p1a: Victini
|-damage|p1a: Victini|43\/404
|move|p1a: Victini|V-create|p2a: Ampharos
|-resisted|p2a: Ampharos
|-damage|p2a: Ampharos|126\/384
|-unboost|p1a: Victini|def|1
|-unboost|p1a: Victini|spd|1
|-unboost|p1a: Victini|spe|1
|
|turn|7
|chat|WATFOR|aww do we underspeed
|chat|Sage of the keks|after 1 create yeah
|
|move|p1a: Victini|V-create|p2a: Ampharos
|-resisted|p2a: Ampharos
|-damage|p2a: Ampharos|0 fnt
|-unboost|p1a: Victini|def|1
|-unboost|p1a: Victini|spd|1
|-unboost|p1a: Victini|spe|1
|faint|p2a: Ampharos
|
|chat|WATFOR|:D
|chat|Sage of the keks|thats what kitten said
|
|switch|p2a: Mew|Mew|404\/404
|turn|8
|
|move|p1a: Victini|V-create|p2a: Mew
|-damage|p2a: Mew|0 fnt
|-unboost|p1a: Victini|def|1
|-unboost|p1a: Victini|spd|1
|-unboost|p1a: Victini|spe|1
|faint|p2a: Mew
|
|-fieldend|move: Trick Room
|chat|WATFOR|keep creatin btw 
|chat|WATFOR|resisted v-create does more than neutral bstrike
|chat|Sage of the keks|ik
|
|switch|p2a: Jirachi|Jirachi|341\/341
|turn|9
|
|move|p2a: Jirachi|U-turn|p1a: Victini
|-damage|p1a: Victini|0 fnt
|faint|p1a: Victini
|chat|WATFOR|dude practically sacked half his team :^)
|
|switch|p2a: Victini|Victini|341\/341
|
|
|switch|p1a: Slowking|Slowking, M|394\/394
|turn|10
|
|move|p2a: Victini|Bolt Strike|p1a: Slowking|[miss]
|-miss|p2a: Victini|p1a: Slowking
|move|p1a: Slowking|Trick Room|p1a: Slowking
|-fieldstart|move: Trick Room|[of] p1a: Slowking
|
|turn|11
|chat|Sage of the keks|i live one
|
|move|p1a: Slowking|Surf|p2a: Victini
|-supereffective|p2a: Victini
|-damage|p2a: Victini|27\/341
|move|p2a: Victini|Bolt Strike|p1a: Slowking
|-supereffective|p1a: Slowking
|-damage|p1a: Slowking|0 fnt
|faint|p1a: Slowking
|
|chat|Sage of the keks|or not
|chat|WATFOR|nope
|chat|WATFOR|you don't
|
|switch|p1a: Escavalier|Escavalier, F|344\/344
|turn|12
|chat|WATFOR|lol
|
|switch|p2a: Heracross|Heracross, F|301\/301
|move|p1a: Escavalier|Knock Off|p2a: Heracross
|-resisted|p2a: Heracross
|-damage|p2a: Heracross|197\/301
|-enditem|p2a: Heracross|Choice Band|[from] move: Knock Off|[of] p1a: Escavalier
|-damage|p1a: Escavalier|310\/344|[from] item: Life Orb
|
|turn|13
|
|move|p1a: Escavalier|Iron Head|p2a: Heracross
|-damage|p2a: Heracross|0 fnt
|-damage|p1a: Escavalier|276\/344|[from] item: Life Orb
|faint|p2a: Heracross
|
|
|switch|p2a: Victini|Victini|27\/341
|turn|14
|chat|WATFOR|- not AV
|chat|Sage of the keks|nah
|chat|Sage of the keks|LO is power
|
|move|p1a: Escavalier|Knock Off|p2a: Victini
|-supereffective|p2a: Victini
|-damage|p2a: Victini|0 fnt
|-enditem|p2a: Victini|Muscle Band|[from] move: Knock Off|[of] p1a: Escavalier
|-damage|p1a: Escavalier|242\/344|[from] item: Life Orb
|faint|p2a: Victini
|
|-fieldend|move: Trick Room
|chat|WATFOR|trooo
|
|switch|p2a: Jirachi|Jirachi|341\/341
|turn|15
|chat|WATFOR|wot
|chat|WATFOR|wot
|chat|Sage of the keks|scarf fire punch incoming
|chat|WATFOR|muscle band
|
|move|p2a: Jirachi|Fire Punch|p1a: Escavalier
|-supereffective|p1a: Escavalier
|-damage|p1a: Escavalier|0 fnt
|faint|p1a: Escavalier
|
|join|Dracp
|
|switch|p1a: Whimsicott|Whimsicott, M|324\/324
|turn|16
|
|move|p2a: Jirachi|Fire Punch|p1a: Whimsicott
|-supereffective|p1a: Whimsicott
|-damage|p1a: Whimsicott|142\/324
|move|p1a: Whimsicott|Trick Room|p1a: Whimsicott
|-fieldstart|move: Trick Room|[of] p1a: Whimsicott
|
|-heal|p1a: Whimsicott|162\/324|[from] item: Leftovers
|turn|17
|chat|WATFOR|aboma lives it iirc
|
|move|p1a: Whimsicott|Memento|p2a: Jirachi
|-unboost|p2a: Jirachi|atk|2
|-unboost|p2a: Jirachi|spa|2
|faint|p1a: Whimsicott
|move|p2a: Jirachi|Fire Punch|p1: Whimsicott|[notarget]
|-notarget
|
|chat|Sage of the keks|dont worry
|chat|Sage of the keks|ace in the whole
|
|switch|p1a: Abomasnow|Abomasnow, M|384\/384
|-weather|Hail
|turn|18
|chat|WATFOR|kek
|
|detailschange|p1a: Abomasnow|Abomasnow-Mega, M
|message|Abomasnow has Mega Evolved into Mega Abomasnow!
|move|p1a: Abomasnow|Earthquake|p2a: Jirachi
|-supereffective|p2a: Jirachi
|-damage|p2a: Jirachi|71\/341
|move|p2a: Jirachi|Fire Punch|p1a: Abomasnow
|-supereffective|p1a: Abomasnow
|-damage|p1a: Abomasnow|228\/384
|
|-weather|Hail|[upkeep]
|-damage|p2a: Jirachi|50\/341|[from] hail
|turn|19
|chat|Sage of the keks|gg
|
|move|p1a: Abomasnow|Earthquake|p2a: Jirachi
|-supereffective|p2a: Jirachi
|-damage|p2a: Jirachi|0 fnt
|faint|p2a: Jirachi
|
|win|Sage of the keks
|raw|Ladder updating...
|chat|warzoid|gg
|raw|Sage of the keks's rating: 1388 &rarr; <strong>1413<\/strong><br \/>(+25 for winning)
|raw|warzoid's rating: 1477 &rarr; <strong>1452<\/strong><br \/>(-25 for losing)