|join|warzoid
|join|Admin Giovanni
|player|p1|warzoid|188
|player|p2|Admin Giovanni|165
|gametype|singles
|gen|6
|tier|UU
|rated
|rule|Sleep Clause Mod: Limit one foe put to sleep
|rule|Species Clause: Limit one of each Pokemon
|rule|OHKO Clause: OHKO moves are banned
|rule|Moody Clause: Moody is banned
|rule|Evasion Moves Clause: Evasion moves are banned
|rule|Endless Battle Clause: Forcing endless battles is banned
|rule|HP Percentage Mod: HP is reported as percentages
|clearpoke
|poke|p1|Drapion, F
|poke|p1|Braviary, M
|poke|p1|Infernape, F
|poke|p1|Doublade, M
|poke|p1|Arcanine, F
|poke|p1|Staraptor, F
|poke|p2|Azelf
|poke|p2|Sableye, F
|poke|p2|Tornadus, M
|poke|p2|Kabutops, F
|poke|p2|Ludicolo, F
|poke|p2|Goodra, F
|rule|Baton Pass Clause: Limit 3 pokemon knowing Baton Pass
|teampreview
|
|start
|switch|p1a: Infernape|Infernape, F|293\/293
|switch|p2a: ã¢ã°ãã |Azelf|291\/291
|turn|1
|
|move|p1a: Infernape|Fake Out|p2a: ã¢ã°ãã 
|-damage|p2a: ã¢ã°ãã |235\/291
|cant|p2a: ã¢ã°ãã |flinch
|
|turn|2
|
|move|p2a: ã¢ã°ãã |Stealth Rock|p1a: Infernape
|-sidestart|p1: warzoid|move: Stealth Rock
|move|p1a: Infernape|Stealth Rock|p2a: ã¢ã°ãã 
|-sidestart|p2: Admin Giovanni|move: Stealth Rock
|
|turn|3
|
|move|p2a: ã¢ã°ãã |Explosion|p1a: Infernape
|-enditem|p1a: Infernape|Focus Sash
|-damage|p1a: Infernape|1\/293
|faint|p2a: ã¢ã°ãã 
|move|p1a: Infernape|Close Combat|p2: ã¢ã°ãã |[notarget]
|-notarget
|
|
|switch|p2a: ãã«ãã­ã¹|Tornadus, M|299\/299
|-damage|p2a: ãã«ãã­ã¹|225\/299|[from] Stealth Rock
|turn|4
|
|move|p2a: ãã«ãã­ã¹|Hurricane|p1a: Infernape
|-supereffective|p1a: Infernape
|-damage|p1a: Infernape|0 fnt
|faint|p1a: Infernape
|
|
|switch|p1a: Doublade|Doublade, M|322\/322
|-damage|p1a: Doublade|302\/322|[from] Stealth Rock
|turn|5
|
|move|p2a: ãã«ãã­ã¹|Taunt|p1a: Doublade
|-start|p1a: Doublade|move: Taunt
|move|p1a: Doublade|Iron Head|p2a: ãã«ãã­ã¹
|-damage|p2a: ãã«ãã­ã¹|50\/299
|
|turn|6
|
|move|p2a: ãã«ãã­ã¹|Rain Dance|p2a: ãã«ãã­ã¹
|-weather|RainDance
|move|p1a: Doublade|Shadow Sneak|p2a: ãã«ãã­ã¹
|-damage|p2a: ãã«ãã­ã¹|0 fnt
|faint|p2a: ãã«ãã­ã¹
|
|-weather|RainDance|[upkeep]
|
|switch|p2a: ãã¡ã«ã´ã³|Goodra, F|384\/384
|-damage|p2a: ãã¡ã«ã´ã³|336\/384|[from] Stealth Rock
|turn|7
|
|move|p2a: ãã¡ã«ã´ã³|Curse|p2a: ãã¡ã«ã´ã³
|-boost|p2a: ãã¡ã«ã´ã³|atk|1
|-boost|p2a: ãã¡ã«ã´ã³|def|1
|-unboost|p2a: ãã¡ã«ã´ã³|spe|1
|move|p1a: Doublade|Iron Head|p2a: ãã¡ã«ã´ã³
|-damage|p2a: ãã¡ã«ã´ã³|219\/384
|
|-weather|RainDance|[upkeep]
|-heal|p2a: ãã¡ã«ã´ã³|243\/384|[from] item: Leftovers
|-end|p1a: Doublade|move: Taunt
|turn|8
|
|move|p2a: ãã¡ã«ã´ã³|Curse|p2a: ãã¡ã«ã´ã³
|-boost|p2a: ãã¡ã«ã´ã³|atk|1
|-boost|p2a: ãã¡ã«ã´ã³|def|1
|-unboost|p2a: ãã¡ã«ã´ã³|spe|1
|move|p1a: Doublade|Swords Dance|p1a: Doublade
|-boost|p1a: Doublade|atk|2
|
|-weather|RainDance|[upkeep]
|-heal|p2a: ãã¡ã«ã´ã³|267\/384|[from] item: Leftovers
|turn|9
|
|move|p1a: Doublade|Sacred Sword|p2a: ãã¡ã«ã´ã³
|-damage|p2a: ãã¡ã«ã´ã³|9\/384
|move|p2a: ãã¡ã«ã´ã³|Dragon Tail|p1a: Doublade
|-resisted|p1a: Doublade
|-damage|p1a: Doublade|269\/322
|drag|p1a: Staraptor|Staraptor, F|311\/311
|-damage|p1a: Staraptor|234\/311|[from] Stealth Rock
|
|-weather|RainDance|[upkeep]
|-heal|p2a: ãã¡ã«ã´ã³|33\/384|[from] item: Leftovers
|turn|10
|
|move|p1a: Staraptor|Return|p2a: ãã¡ã«ã´ã³
|-damage|p2a: ãã¡ã«ã´ã³|0 fnt
|faint|p2a: ãã¡ã«ã´ã³
|
|-weather|RainDance|[upkeep]
|
|switch|p2a: ã«ãããã¹|Kabutops, F|262\/262
|-damage|p2a: ã«ãããã¹|230\/262|[from] Stealth Rock
|turn|11
|
|switch|p1a: Doublade|Doublade, M|269\/322
|-damage|p1a: Doublade|249\/322|[from] Stealth Rock
|move|p2a: ã«ãããã¹|Swords Dance|p2a: ã«ãããã¹
|-boost|p2a: ã«ãããã¹|atk|2
|
|-weather|RainDance|[upkeep]
|turn|12
|
|move|p2a: ã«ãããã¹|Waterfall|p1a: Doublade
|-damage|p1a: Doublade|0 fnt
|-damage|p2a: ã«ãããã¹|204\/262|[from] item: Life Orb
|faint|p1a: Doublade
|
|-weather|RainDance|[upkeep]
|
|switch|p1a: Staraptor|Staraptor, F|234\/311
|-damage|p1a: Staraptor|157\/311|[from] Stealth Rock
|turn|13
|
|move|p2a: ã«ãããã¹|Waterfall|p1a: Staraptor
|-damage|p1a: Staraptor|0 fnt
|-damage|p2a: ã«ãããã¹|178\/262|[from] item: Life Orb
|faint|p1a: Staraptor
|
|-weather|none
|
|switch|p1a: Arcanine|Arcanine, F|339\/339
|-damage|p1a: Arcanine|255\/339|[from] Stealth Rock
|-ability|p1a: Arcanine|Intimidate|[of] p2a: ã«ãããã¹
|-unboost|p2a: ã«ãããã¹|atk|1
|turn|14
|
|move|p2a: ã«ãããã¹|Aqua Jet|p1a: Arcanine
|-supereffective|p1a: Arcanine
|-damage|p1a: Arcanine|0 fnt
|-damage|p2a: ã«ãããã¹|135\/262|[from] item: Rocky Helmet|[of] p1a: Arcanine
|-damage|p2a: ã«ãããã¹|109\/262|[from] item: Life Orb
|faint|p1a: Arcanine
|
|
|switch|p1a: Braviary|Braviary, M|341\/341
|-damage|p1a: Braviary|256\/341|[from] Stealth Rock
|turn|15
|
|move|p1a: Braviary|Brave Bird|p2a: ã«ãããã¹
|-resisted|p2a: ã«ãããã¹
|-damage|p2a: ã«ãããã¹|0 fnt
|-damage|p1a: Braviary|220\/341|[from] recoil|[of] p2a: ã«ãããã¹
|faint|p2a: ã«ãããã¹
|
|
|switch|p2a: ã¤ãã©ã|Sableye, F|298\/298
|-damage|p2a: ã¤ãã©ã|261\/298|[from] Stealth Rock
|turn|16
|
|move|p2a: ã¤ãã©ã|Will-O-Wisp|p1a: Braviary
|-status|p1a: Braviary|brn
|move|p1a: Braviary|Brave Bird|p2a: ã¤ãã©ã
|-damage|p2a: ã¤ãã©ã|128\/298
|-damage|p1a: Braviary|176\/341 brn|[from] recoil|[of] p2a: ã¤ãã©ã
|
|-damage|p1a: Braviary|134\/341 brn|[from] brn
|turn|17
|
|move|p2a: ã¤ãã©ã|Recover|p2a: ã¤ãã©ã
|-heal|p2a: ã¤ãã©ã|277\/298
|move|p1a: Braviary|Brave Bird|p2a: ã¤ãã©ã
|-damage|p2a: ã¤ãã©ã|126\/298
|-damage|p1a: Braviary|84\/341 brn|[from] recoil|[of] p2a: ã¤ãã©ã
|
|-damage|p1a: Braviary|42\/341 brn|[from] brn
|turn|18
|
|move|p2a: ã¤ãã©ã|Recover|p2a: ã¤ãã©ã
|-heal|p2a: ã¤ãã©ã|275\/298
|move|p1a: Braviary|Brave Bird|p2a: ã¤ãã©ã
|-damage|p2a: ã¤ãã©ã|134\/298
|-damage|p1a: Braviary|0 fnt|[from] recoil|[of] p2a: ã¤ãã©ã
|faint|p1a: Braviary
|
|
|switch|p1a: Drapion|Drapion, F|311\/311
|-damage|p1a: Drapion|273\/311|[from] Stealth Rock
|turn|19
|
|move|p2a: ã¤ãã©ã|Will-O-Wisp|p1a: Drapion
|-status|p1a: Drapion|brn
|move|p1a: Drapion|Swords Dance|p1a: Drapion
|-boost|p1a: Drapion|atk|2
|
|-damage|p1a: Drapion|235\/311 brn|[from] brn
|turn|20
|
|move|p2a: ã¤ãã©ã|Taunt|p1a: Drapion
|-start|p1a: Drapion|move: Taunt
|move|p1a: Drapion|Night Slash|p2a: ã¤ãã©ã
|-crit|p2a: ã¤ãã©ã
|-damage|p2a: ã¤ãã©ã|0 fnt
|faint|p2a: ã¤ãã©ã
|
|-damage|p1a: Drapion|197\/311 brn|[from] brn
|
|switch|p2a: ã«ãããã¹|Ludicolo, F|302\/302
|-damage|p2a: ã«ãããã¹|265\/302|[from] Stealth Rock
|turn|21
|
|move|p2a: ã«ãããã¹|Waterfall|p1a: Drapion
|-damage|p1a: Drapion|88\/311 brn
|-damage|p2a: ã«ãããã¹|235\/302|[from] item: Life Orb
|move|p1a: Drapion|Cross Poison|p2a: ã«ãããã¹
|-crit|p2a: ã«ãããã¹
|-supereffective|p2a: ã«ãããã¹
|-damage|p2a: ã«ãããã¹|0 fnt
|faint|p2a: ã«ãããã¹
|
|win|warzoid
|raw|Ladder updating...
|raw|warzoid's rating: 1516 &rarr; <strong>1537<\/strong><br \/>(+21 for winning)
|raw|Admin Giovanni's rating: 1544 &rarr; <strong>1522<\/strong><br \/>(-22 for losing)
|chat|warzoid|gg
|leave|Admin Giovanni
|player|p2