|join|warzoid
|join|xWally
|player|p1|warzoid|188
|player|p2|xWally|288
|gametype|singles
|gen|6
|tier|UU
|rated
|rule|Sleep Clause Mod: Limit one foe put to sleep
|rule|Species Clause: Limit one of each PokÃ©mon
|rule|OHKO Clause: OHKO moves are banned
|rule|Moody Clause: Moody is banned
|rule|Evasion Moves Clause: Evasion moves are banned
|rule|Endless Battle Clause: Forcing endless battles is banned
|rule|HP Percentage Mod: HP is reported as percentages
|clearpoke
|poke|p1|Heracross, F
|poke|p1|Ampharos, F
|poke|p1|Suicune
|poke|p1|Jirachi
|poke|p1|Mew
|poke|p1|Victini
|poke|p2|Slowbro, F
|poke|p2|Hydreigon, M
|poke|p2|Umbreon, M
|poke|p2|Victini
|poke|p2|Forretress, M
|poke|p2|Swampert, F
|rule|Swagger Clause: Swagger is banned
|rule|Baton Pass Clause: Limit one PokÃ©mon knowing Baton Pass
|teampreview
|
|start
|switch|p1a: Jirachi|Jirachi|341\/341
|switch|p2a: Sam|Swampert, F|404\/404
|turn|1
|
|move|p1a: Jirachi|U-turn|p2a: Sam
|-damage|p2a: Sam|346\/404
|
|switch|p1a: Mew|Mew|404\/404
|move|p2a: Sam|Earthquake|p1a: Mew
|-crit|p1a: Mew
|-damage|p1a: Mew|217\/404
|
|-heal|p1a: Mew|242\/404|[from] item: Leftovers
|-heal|p2a: Sam|371\/404|[from] item: Leftovers
|turn|2
|
|switch|p2a: Talent|Hydreigon, M|325\/325
|move|p1a: Mew|Will-O-Wisp|p2a: Talent
|-status|p2a: Talent|brn
|
|-heal|p1a: Mew|267\/404|[from] item: Leftovers
|-damage|p2a: Talent|285\/325 brn|[from] brn
|turn|3
|
|switch|p1a: Suicune|Suicune|404\/404
|-ability|p1a: Suicune|Pressure
|move|p2a: Talent|Draco Meteor|p1a: Suicune
|-crit|p1a: Suicune
|-damage|p1a: Suicune|55\/404
|-unboost|p2a: Talent|spa|2
|
|-heal|p1a: Suicune|80\/404|[from] item: Leftovers
|-damage|p2a: Talent|245\/325 brn|[from] brn
|turn|4
|
|switch|p1a: Jirachi|Jirachi|341\/341
|move|p2a: Talent|Draco Meteor|p1a: Jirachi
|-resisted|p1a: Jirachi
|-damage|p1a: Jirachi|278\/341
|-unboost|p2a: Talent|spa|2
|
|-damage|p2a: Talent|205\/325 brn|[from] brn
|turn|5
|
|switch|p2a: Hazard|Forretress, M|354\/354
|move|p1a: Jirachi|U-turn|p2a: Hazard
|-resisted|p2a: Hazard
|-damage|p2a: Hazard|335\/354
|-damage|p1a: Jirachi|222\/341|[from] item: Rocky Helmet|[of] p2a: Hazard
|
|switch|p1a: Victini|Victini|341\/341
|
|turn|6
|
|switch|p2a: Not Paul|Slowbro, F|394\/394
|move|p1a: Victini|V-create|p2a: Not Paul
|-resisted|p2a: Not Paul
|-damage|p2a: Not Paul|278\/394
|-unboost|p1a: Victini|def|1
|-unboost|p1a: Victini|spd|1
|-unboost|p1a: Victini|spe|1
|
|-heal|p2a: Not Paul|302\/394|[from] item: Leftovers
|turn|7
|
|switch|p1a: Ampharos|Ampharos, F|384\/384
|move|p2a: Not Paul|Psyshock|p1a: Ampharos
|-damage|p1a: Ampharos|273\/384
|
|-heal|p2a: Not Paul|326\/394|[from] item: Leftovers
|turn|8
|
|switch|p2a: Sam|Swampert, F|371\/404
|detailschange|p1a: Ampharos|Ampharos-Mega, F
|message|Ampharos has Mega Evolved into Mega Ampharos!
|-ability|p1a: Ampharos|Mold Breaker
|move|p1a: Ampharos|Dragon Pulse|p2a: Sam
|-damage|p2a: Sam|152\/404
|
|-heal|p2a: Sam|177\/404|[from] item: Leftovers
|turn|9
|
|switch|p1a: Heracross|Heracross, F|301\/301
|move|p2a: Sam|Earthquake|p1a: Heracross
|-resisted|p1a: Heracross
|-damage|p1a: Heracross|223\/301
|
|-heal|p2a: Sam|202\/404|[from] item: Leftovers
|turn|10
|
|switch|p2a: Hazard|Forretress, M|335\/354
|move|p1a: Heracross|Close Combat|p2a: Hazard
|-damage|p2a: Hazard|157\/354
|-damage|p1a: Heracross|173\/301|[from] item: Rocky Helmet|[of] p2a: Hazard
|-unboost|p1a: Heracross|def|1
|-unboost|p1a: Heracross|spd|1
|
|turn|11
|
|switch|p1a: Suicune|Suicune|80\/404
|-ability|p1a: Suicune|Pressure
|move|p2a: Hazard|Volt Switch|p1a: Suicune
|-supereffective|p1a: Suicune
|-damage|p1a: Suicune|20\/404
|
|switch|p2a: Bring The Wall|Victini|341\/341
|
|-heal|p1a: Suicune|45\/404|[from] item: Leftovers
|turn|12
|
|switch|p1a: Victini|Victini|341\/341
|move|p2a: Bring The Wall|U-turn|p1a: Victini
|-damage|p1a: Victini|245\/341
|
|switch|p2a: Not Paul|Slowbro, F|394\/394
|
|turn|13
|
|move|p1a: Victini|Bolt Strike|p2a: Not Paul
|-supereffective|p2a: Not Paul
|-damage|p2a: Not Paul|188\/394
|-status|p2a: Not Paul|par
|move|p2a: Not Paul|Scald|p1a: Victini
|-supereffective|p1a: Victini
|-damage|p1a: Victini|33\/341
|
|-heal|p2a: Not Paul|212\/394 par|[from] item: Leftovers
|turn|14
|
|switch|p2a: Hazard|Forretress, M|157\/354
|move|p1a: Victini|Bolt Strike|p2a: Hazard
|-damage|p2a: Hazard|75\/354
|-damage|p1a: Victini|0 fnt|[from] item: Rocky Helmet|[of] p2a: Hazard
|faint|p1a: Victini
|
|
|switch|p1a: Suicune|Suicune|45\/404
|-ability|p1a: Suicune|Pressure
|turn|15
|
|move|p1a: Suicune|Rest|p1a: Suicune
|-status|p1a: Suicune|slp
|-heal|p1a: Suicune|404\/404 slp|[silent]
|-status|p1a: Suicune|slp|[from] move: Rest
|move|p2a: Hazard|Volt Switch|p1a: Suicune
|-supereffective|p1a: Suicune
|-damage|p1a: Suicune|338\/404 slp
|
|switch|p2a: Bring The Wall|Victini|341\/341
|
|-heal|p1a: Suicune|363\/404 slp|[from] item: Leftovers
|turn|16
|
|move|p2a: Bring The Wall|U-turn|p1a: Suicune
|-damage|p1a: Suicune|295\/404 slp
|
|switch|p2a: Cleric|Umbreon, M|394\/394
|cant|p1a: Suicune|slp
|move|p1a: Suicune|Sleep Talk|p1a: Suicune
|move|p1a: Suicune|Rest|p1a: Suicune|[from]Sleep Talk
|-fail|p1a: Suicune
|
|-heal|p1a: Suicune|320\/404 slp|[from] item: Leftovers
|turn|17
|
|switch|p1a: Mew|Mew|267\/404
|move|p2a: Cleric|Heal Bell|p2a: Cleric
|-cureteam|p2a: Cleric|[from] move: HealBell
|
|-heal|p1a: Mew|292\/404|[from] item: Leftovers
|turn|18
|
|move|p1a: Mew|Stealth Rock|p2a: Cleric
|-sidestart|p2: xWally|move: Stealth Rock
|move|p2a: Cleric|Foul Play|p1a: Mew
|-supereffective|p1a: Mew
|-damage|p1a: Mew|52\/404
|
|-heal|p1a: Mew|77\/404|[from] item: Leftovers
|turn|19
|
|switch|p1a: Heracross|Heracross, F|173\/301
|switch|p2a: Bring The Wall|Victini|341\/341
|-damage|p2a: Bring The Wall|256\/341|[from] Stealth Rock
|
|turn|20
|
|switch|p1a: Suicune|Suicune|320\/404 slp
|-ability|p1a: Suicune|Pressure
|move|p2a: Bring The Wall|Zen Headbutt|p1a: Suicune
|-damage|p1a: Suicune|194\/404 slp
|
|-heal|p1a: Suicune|219\/404 slp|[from] item: Leftovers
|turn|21
|
|move|p2a: Bring The Wall|Zen Headbutt|p1a: Suicune
|-damage|p1a: Suicune|99\/404 slp
|cant|p1a: Suicune|slp
|move|p1a: Suicune|Sleep Talk|p1a: Suicune
|move|p1a: Suicune|Rest|p1a: Suicune|[from]Sleep Talk
|-fail|p1a: Suicune
|
|-heal|p1a: Suicune|124\/404 slp|[from] item: Leftovers
|turn|22
|
|switch|p1a: Jirachi|Jirachi|222\/341
|move|p2a: Bring The Wall|Zen Headbutt|p1a: Jirachi
|-resisted|p1a: Jirachi
|-damage|p1a: Jirachi|180\/341
|
|turn|23
|
|switch|p2a: Not Paul|Slowbro, F|343\/394
|-damage|p2a: Not Paul|294\/394|[from] Stealth Rock
|move|p1a: Jirachi|U-turn|p2a: Not Paul
|-supereffective|p2a: Not Paul
|-damage|p2a: Not Paul|200\/394
|
|switch|p1a: Ampharos|Ampharos-Mega, F|273\/384
|-ability|p1a: Ampharos|Mold Breaker
|
|-heal|p2a: Not Paul|224\/394|[from] item: Leftovers
|turn|24
|
|switch|p2a: Cleric|Umbreon, M|394\/394
|-damage|p2a: Cleric|345\/394|[from] Stealth Rock
|move|p1a: Ampharos|Dragon Pulse|p2a: Cleric
|-damage|p2a: Cleric|230\/394
|
|-heal|p2a: Cleric|254\/394|[from] item: Leftovers
|turn|25
|
|move|p2a: Cleric|Wish|p2a: Cleric
|move|p1a: Ampharos|Volt Switch|p2a: Cleric
|-damage|p2a: Cleric|155\/394
|
|switch|p1a: Heracross|Heracross, F|173\/301
|
|-heal|p2a: Cleric|179\/394|[from] item: Leftovers
|turn|26
|
|move|p2a: Cleric|Protect|p2a: Cleric
|-singleturn|p2a: Cleric|Protect
|move|p1a: Heracross|Megahorn|p2a: Cleric
|-activate|p2a: Cleric|Protect
|
|-heal|p2a: Cleric|376\/394|[from] move: Wish|[wisher] Cleric
|-heal|p2a: Cleric|394\/394|[from] item: Leftovers
|turn|27
|
|switch|p2a: Hazard|Forretress, M|75\/354
|-damage|p2a: Hazard|31\/354|[from] Stealth Rock
|move|p1a: Heracross|Megahorn|p2a: Hazard|[miss]
|-miss|p1a: Heracross|p2a: Hazard
|
|turn|28
|
|move|p1a: Heracross|Megahorn|p2a: Hazard
|-resisted|p2a: Hazard
|-damage|p2a: Hazard|0 fnt
|-damage|p1a: Heracross|123\/301|[from] item: Rocky Helmet|[of] p2a: Hazard
|faint|p2a: Hazard
|
|
|switch|p2a: Bring The Wall|Victini|256\/341
|-damage|p2a: Bring The Wall|171\/341|[from] Stealth Rock
|turn|29
|
|switch|p1a: Mew|Mew|77\/404
|move|p2a: Bring The Wall|Bolt Strike|p1a: Mew|[miss]
|-miss|p2a: Bring The Wall|p1a: Mew
|
|-heal|p1a: Mew|102\/404|[from] item: Leftovers
|turn|30
|
|switch|p1a: Ampharos|Ampharos-Mega, F|273\/384
|-ability|p1a: Ampharos|Mold Breaker
|move|p2a: Bring The Wall|Bolt Strike|p1a: Ampharos
|-resisted|p1a: Ampharos
|-damage|p1a: Ampharos|226\/384
|
|turn|31
|
|switch|p2a: Cleric|Umbreon, M|394\/394
|-damage|p2a: Cleric|345\/394|[from] Stealth Rock
|move|p1a: Ampharos|Volt Switch|p2a: Cleric
|-damage|p2a: Cleric|252\/394
|
|switch|p1a: Heracross|Heracross, F|123\/301
|
|-heal|p2a: Cleric|276\/394|[from] item: Leftovers
|turn|32
|
|move|p1a: Heracross|Megahorn|p2a: Cleric
|-supereffective|p2a: Cleric
|-damage|p2a: Cleric|0 fnt
|faint|p2a: Cleric
|
|
|switch|p2a: Bring The Wall|Victini|171\/341
|-damage|p2a: Bring The Wall|86\/341|[from] Stealth Rock
|turn|33
|
|switch|p1a: Mew|Mew|102\/404
|move|p2a: Bring The Wall|V-create|p1a: Mew
|-damage|p1a: Mew|0 fnt
|-unboost|p2a: Bring The Wall|def|1
|-unboost|p2a: Bring The Wall|spd|1
|-unboost|p2a: Bring The Wall|spe|1
|faint|p1a: Mew
|
|
|switch|p1a: Jirachi|Jirachi|180\/341
|turn|34
|
|switch|p2a: Sam|Swampert, F|202\/404
|-damage|p2a: Sam|177\/404|[from] Stealth Rock
|move|p1a: Jirachi|U-turn|p2a: Sam
|-crit|p2a: Sam
|-damage|p2a: Sam|98\/404
|
|switch|p1a: Heracross|Heracross, F|123\/301
|
|-heal|p2a: Sam|123\/404|[from] item: Leftovers
|turn|35
|
|move|p1a: Heracross|Close Combat|p2a: Sam
|-damage|p2a: Sam|0 fnt
|-unboost|p1a: Heracross|def|1
|-unboost|p1a: Heracross|spd|1
|faint|p2a: Sam
|
|
|switch|p2a: Talent|Hydreigon, M|205\/325
|-damage|p2a: Talent|165\/325|[from] Stealth Rock
|turn|36
|
|switch|p1a: Suicune|Suicune|124\/404 slp
|-ability|p1a: Suicune|Pressure
|move|p2a: Talent|Draco Meteor|p1a: Suicune|[miss]
|-miss|p2a: Talent|p1a: Suicune
|
|-heal|p1a: Suicune|149\/404 slp|[from] item: Leftovers
|turn|37
|
|move|p2a: Talent|Draco Meteor|p1a: Suicune
|-damage|p1a: Suicune|0 fnt
|-unboost|p2a: Talent|spa|2
|faint|p1a: Suicune
|
|
|switch|p1a: Jirachi|Jirachi|180\/341
|turn|38
|
|switch|p2a: Not Paul|Slowbro, F|355\/394
|-damage|p2a: Not Paul|306\/394|[from] Stealth Rock
|move|p1a: Jirachi|U-turn|p2a: Not Paul
|-supereffective|p2a: Not Paul
|-damage|p2a: Not Paul|214\/394
|
|switch|p1a: Ampharos|Ampharos-Mega, F|226\/384
|-ability|p1a: Ampharos|Mold Breaker
|
|-heal|p2a: Not Paul|238\/394|[from] item: Leftovers
|turn|39
|
|switch|p2a: Bring The Wall|Victini|86\/341
|-damage|p2a: Bring The Wall|1\/341|[from] Stealth Rock
|move|p1a: Ampharos|Volt Switch|p2a: Bring The Wall
|-damage|p2a: Bring The Wall|0 fnt
|faint|p2a: Bring The Wall
|
|switch|p1a: Jirachi|Jirachi|180\/341
|
|
|switch|p2a: Not Paul|Slowbro, F|369\/394
|-damage|p2a: Not Paul|320\/394|[from] Stealth Rock
|turn|40
|
|move|p1a: Jirachi|U-turn|p2a: Not Paul
|-supereffective|p2a: Not Paul
|-damage|p2a: Not Paul|232\/394
|
|switch|p1a: Ampharos|Ampharos-Mega, F|226\/384
|-ability|p1a: Ampharos|Mold Breaker
|move|p2a: Not Paul|Psyshock|p1a: Ampharos
|-damage|p1a: Ampharos|142\/384
|
|-heal|p2a: Not Paul|256\/394|[from] item: Leftovers
|turn|41
|
|move|p1a: Ampharos|Volt Switch|p2a: Not Paul
|-supereffective|p2a: Not Paul
|-damage|p2a: Not Paul|0 fnt
|faint|p2a: Not Paul
|
|switch|p1a: Jirachi|Jirachi|180\/341
|
|
|switch|p2a: Talent|Hydreigon, M|165\/325
|-damage|p2a: Talent|125\/325|[from] Stealth Rock
|turn|42
|
|move|p1a: Jirachi|U-turn|p2a: Talent
|-supereffective|p2a: Talent
|-damage|p2a: Talent|0 fnt
|faint|p2a: Talent
|
|win|warzoid
|raw|Ladder updating...
|raw|warzoid's rating: 1476 &rarr; <strong>1502<\/strong><br \/>(+26 for winning)
|raw|xWally's rating: 1584 &rarr; <strong>1558<\/strong><br \/>(-26 for losing)
|chat|warzoid|gg
|leave|xWally
|player|p2