|join|warzoid
|join|Asitseems
|player|p1|warzoid|188
|player|p2|Asitseems|164
|gametype|singles
|gen|6
|tier|UU
|rated
|rule|Sleep Clause Mod: Limit one foe put to sleep
|rule|Species Clause: Limit one of each PokÃ©mon
|rule|OHKO Clause: OHKO moves are banned
|rule|Moody Clause: Moody is banned
|rule|Evasion Moves Clause: Evasion moves are banned
|rule|Endless Battle Clause: Forcing endless battles is banned
|rule|HP Percentage Mod: HP is reported as percentages
|clearpoke
|poke|p1|Heracross, M
|poke|p1|Ampharos, F
|poke|p1|Suicune
|poke|p1|Jirachi
|poke|p1|Mew
|poke|p1|Victini
|poke|p2|Raikou
|poke|p2|Donphan, M
|poke|p2|Aerodactyl, F
|poke|p2|Suicune
|poke|p2|Entei, shiny
|poke|p2|Trevenant, F
|rule|Swagger Clause: Swagger is banned
|rule|Baton Pass Clause: Limit one PokÃ©mon knowing Baton Pass
|teampreview
|
|start
|switch|p1a: Jirachi|Jirachi|341\/341
|switch|p2a: Raikou|Raikou|327\/327
|-ability|p2a: Raikou|Pressure
|turn|1
|
|move|p1a: Jirachi|U-turn|p2a: Raikou
|-damage|p2a: Raikou|234\/327
|
|switch|p1a: Ampharos|Ampharos, F|384\/384
|move|p2a: Raikou|Shadow Ball|p1a: Ampharos
|-damage|p1a: Ampharos|290\/384
|
|turn|2
|
|detailschange|p1a: Ampharos|Ampharos-Mega, F
|message|Ampharos has Mega Evolved into Mega Ampharos!
|-ability|p1a: Ampharos|Mold Breaker
|move|p2a: Raikou|Hidden Power|p1a: Ampharos
|-supereffective|p1a: Ampharos
|-damage|p1a: Ampharos|170\/384
|move|p1a: Ampharos|Dragon Pulse|p2a: Raikou
|-damage|p2a: Raikou|90\/327
|
|turn|3
|
|move|p2a: Raikou|Volt Switch|p1a: Ampharos
|-resisted|p1a: Ampharos
|-damage|p1a: Ampharos|144\/384
|
|switch|p2a: Trevenant|Trevenant, F|374\/374
|move|p1a: Ampharos|Dragon Pulse|p2a: Trevenant
|-damage|p2a: Trevenant|220\/374
|
|turn|4
|
|move|p2a: Trevenant|Leech Seed|p1a: Ampharos
|-start|p1a: Ampharos|move: Leech Seed
|move|p1a: Ampharos|Dragon Pulse|p2a: Trevenant
|-damage|p2a: Trevenant|66\/374
|-enditem|p2a: Trevenant|Sitrus Berry|[eat]
|-heal|p2a: Trevenant|159\/374|[from] item: Sitrus Berry
|
|-damage|p1a: Ampharos|96\/384|[from] Leech Seed|[of] p2a: Trevenant
|-heal|p2a: Trevenant|207\/374|[silent]
|-item|p2a: Trevenant|Sitrus Berry|[from] ability: Harvest
|turn|5
|
|switch|p1a: Victini|Victini|341\/341
|move|p2a: Trevenant|Will-O-Wisp|p1a: Victini
|-fail|p1a: Victini
|
|turn|6
|
|switch|p2a: Suicune|Suicune|403\/403
|-ability|p2a: Suicune|Pressure
|move|p1a: Victini|Bolt Strike|p2a: Suicune
|-supereffective|p2a: Suicune
|-damage|p2a: Suicune|227\/403
|
|-heal|p2a: Suicune|252\/403|[from] item: Leftovers
|turn|7
|
|move|p1a: Victini|Bolt Strike|p2a: Suicune
|-supereffective|p2a: Suicune
|-damage|p2a: Suicune|64\/403
|move|p2a: Suicune|Scald|p1a: Victini
|-crit|p1a: Victini
|-supereffective|p1a: Victini
|-damage|p1a: Victini|27\/341
|
|-heal|p2a: Suicune|89\/403|[from] item: Leftovers
|turn|8
|
|switch|p2a: Donphan|Donphan, M|383\/383
|move|p1a: Victini|Bolt Strike|p2a: Donphan
|-immune|p2a: Donphan|[msg]
|
|turn|9
|
|switch|p1a: Mew|Mew|404\/404
|move|p2a: Donphan|Stealth Rock|p1a: Mew
|-sidestart|p1: warzoid|move: Stealth Rock
|
|turn|10
|
|switch|p2a: Raikou|Raikou|90\/327
|-ability|p2a: Raikou|Pressure
|move|p1a: Mew|Will-O-Wisp|p2a: Raikou
|-status|p2a: Raikou|brn
|
|-damage|p2a: Raikou|50\/327 brn|[from] brn
|turn|11
|
|move|p2a: Raikou|Volt Switch|p1a: Mew
|-damage|p1a: Mew|320\/404
|
|switch|p2a: Trevenant|Trevenant, F|207\/374
|move|p1a: Mew|Defog|p2a: Trevenant
|-unboost|p2a: Trevenant|evasion|1
|-sideend|p1: warzoid|Stealth Rock|[from] move: Defog|[of] p1a: Mew
|
|-heal|p1a: Mew|345\/404|[from] item: Leftovers
|turn|12
|
|move|p1a: Mew|Will-O-Wisp|p2a: Trevenant
|-status|p2a: Trevenant|brn
|move|p2a: Trevenant|Leech Seed|p1a: Mew
|-start|p1a: Mew|move: Leech Seed
|
|-heal|p1a: Mew|370\/404|[from] item: Leftovers
|-damage|p1a: Mew|320\/404|[from] Leech Seed|[of] p2a: Trevenant
|-heal|p2a: Trevenant|257\/374 brn|[silent]
|-damage|p2a: Trevenant|211\/374 brn|[from] brn
|turn|13
|
|move|p1a: Mew|Stealth Rock|p2a: Trevenant
|-sidestart|p2: Asitseems|move: Stealth Rock
|move|p2a: Trevenant|Leech Seed|p1a: Mew
|-fail|p1a: Mew
|
|-heal|p1a: Mew|345\/404|[from] item: Leftovers
|-damage|p1a: Mew|295\/404|[from] Leech Seed|[of] p2a: Trevenant
|-heal|p2a: Trevenant|261\/374 brn|[silent]
|-damage|p2a: Trevenant|215\/374 brn|[from] brn
|turn|14
|
|move|p1a: Mew|Knock Off|p2a: Trevenant
|-supereffective|p2a: Trevenant
|-damage|p2a: Trevenant|25\/374 brn
|-enditem|p2a: Trevenant|Sitrus Berry|[from] move: Knock Off|[of] p1a: Mew
|move|p2a: Trevenant|Shadow Claw|p1a: Mew
|-supereffective|p1a: Mew
|-damage|p1a: Mew|209\/404
|
|-heal|p1a: Mew|234\/404|[from] item: Leftovers
|-damage|p1a: Mew|184\/404|[from] Leech Seed|[of] p2a: Trevenant
|-heal|p2a: Trevenant|75\/374 brn|[silent]
|-damage|p2a: Trevenant|29\/374 brn|[from] brn
|turn|15
|
|move|p1a: Mew|Knock Off|p2a: Trevenant
|-supereffective|p2a: Trevenant
|-damage|p2a: Trevenant|0 fnt
|faint|p2a: Trevenant
|
|-heal|p1a: Mew|209\/404|[from] item: Leftovers
|
|switch|p2a: Entei|Entei, shiny|372\/372
|-damage|p2a: Entei|279\/372|[from] Stealth Rock
|-ability|p2a: Entei|Pressure
|turn|16
|
|switch|p1a: Suicune|Suicune|404\/404
|-ability|p1a: Suicune|Pressure
|move|p2a: Entei|Sacred Fire|p1a: Suicune
|-resisted|p1a: Suicune
|-damage|p1a: Suicune|311\/404
|-status|p1a: Suicune|brn
|
|-heal|p1a: Suicune|336\/404 brn|[from] item: Leftovers
|-damage|p1a: Suicune|286\/404 brn|[from] brn
|turn|17
|
|switch|p2a: Donphan|Donphan, M|383\/383
|-damage|p2a: Donphan|360\/383|[from] Stealth Rock
|move|p1a: Suicune|Scald|p2a: Donphan
|-supereffective|p2a: Donphan
|-damage|p2a: Donphan|118\/383
|
|-heal|p1a: Suicune|311\/404 brn|[from] item: Leftovers
|-heal|p2a: Donphan|141\/383|[from] item: Leftovers
|-damage|p1a: Suicune|261\/404 brn|[from] brn
|turn|18
|
|move|p1a: Suicune|Scald|p2a: Donphan
|-supereffective|p2a: Donphan
|-damage|p2a: Donphan|0 fnt
|faint|p2a: Donphan
|
|-heal|p1a: Suicune|286\/404 brn|[from] item: Leftovers
|-damage|p1a: Suicune|236\/404 brn|[from] brn
|
|switch|p2a: Raikou|Raikou|50\/327 brn
|-damage|p2a: Raikou|10\/327 brn|[from] Stealth Rock
|-ability|p2a: Raikou|Pressure
|turn|19
|
|switch|p1a: Mew|Mew|209\/404
|move|p2a: Raikou|Volt Switch|p1a: Mew
|-damage|p1a: Mew|124\/404
|
|switch|p2a: Aerodactyl|Aerodactyl, F|302\/302
|-damage|p2a: Aerodactyl|227\/302|[from] Stealth Rock
|-ability|p2a: Aerodactyl|Pressure
|
|-heal|p1a: Mew|149\/404|[from] item: Leftovers
|turn|20
|
|detailschange|p2a: Aerodactyl|Aerodactyl-Mega, F
|message|Aerodactyl has Mega Evolved into Mega Aerodactyl!
|move|p2a: Aerodactyl|Stone Edge|p1a: Mew
|-damage|p1a: Mew|0 fnt
|faint|p1a: Mew
|
|
|switch|p1a: Jirachi|Jirachi|341\/341
|turn|21
|
|switch|p2a: Raikou|Raikou|10\/327 brn
|-damage|p2a: Raikou|0 fnt|[from] Stealth Rock
|faint|p2a: Raikou
|move|p1a: Jirachi|Iron Head|p2: Raikou|[notarget]
|-notarget
|
|
|switch|p2a: Entei|Entei, shiny|279\/372
|-damage|p2a: Entei|186\/372|[from] Stealth Rock
|-ability|p2a: Entei|Pressure
|turn|22
|
|switch|p1a: Suicune|Suicune|236\/404 brn
|-ability|p1a: Suicune|Pressure
|move|p2a: Entei|Sacred Fire|p1a: Suicune
|-resisted|p1a: Suicune
|-damage|p1a: Suicune|146\/404 brn
|
|-heal|p1a: Suicune|171\/404 brn|[from] item: Leftovers
|-damage|p1a: Suicune|121\/404 brn|[from] brn
|turn|23
|
|move|p2a: Entei|Sacred Fire|p1a: Suicune
|-resisted|p1a: Suicune
|-damage|p1a: Suicune|41\/404 brn
|move|p1a: Suicune|Rest|p1a: Suicune
|-status|p1a: Suicune|slp
|-heal|p1a: Suicune|404\/404 slp|[silent]
|-status|p1a: Suicune|slp|[from] move: Rest
|
|turn|24
|
|switch|p2a: Suicune|Suicune|89\/403
|-damage|p2a: Suicune|39\/403|[from] Stealth Rock
|-ability|p2a: Suicune|Pressure
|cant|p1a: Suicune|slp
|move|p1a: Suicune|Sleep Talk|p1a: Suicune
|move|p1a: Suicune|Rest|p1a: Suicune|[from]Sleep Talk
|-fail|p1a: Suicune
|
|-heal|p2a: Suicune|64\/403|[from] item: Leftovers
|turn|25
|
|switch|p1a: Ampharos|Ampharos-Mega, F|96\/384
|-ability|p1a: Ampharos|Mold Breaker
|move|p2a: Suicune|Rest|p2a: Suicune
|-status|p2a: Suicune|slp
|-heal|p2a: Suicune|403\/403 slp|[silent]
|-status|p2a: Suicune|slp|[from] move: Rest
|
|turn|26
|
|switch|p2a: Entei|Entei, shiny|186\/372
|-damage|p2a: Entei|93\/372|[from] Stealth Rock
|-ability|p2a: Entei|Pressure
|move|p1a: Ampharos|Thunderbolt|p2a: Entei
|-damage|p2a: Entei|0 fnt
|faint|p2a: Entei
|
|
|switch|p2a: Aerodactyl|Aerodactyl-Mega, F|227\/302
|-damage|p2a: Aerodactyl|152\/302|[from] Stealth Rock
|turn|27
|
|switch|p1a: Suicune|Suicune|404\/404 slp
|-ability|p1a: Suicune|Pressure
|move|p2a: Aerodactyl|Hone Claws|p2a: Aerodactyl
|-boost|p2a: Aerodactyl|atk|1
|-boost|p2a: Aerodactyl|accuracy|1
|
|turn|28
|
|move|p2a: Aerodactyl|Stone Edge|p1a: Suicune
|-damage|p1a: Suicune|190\/404 slp
|cant|p1a: Suicune|slp
|move|p1a: Suicune|Sleep Talk|p1a: Suicune
|move|p1a: Suicune|Calm Mind|p1a: Suicune|[from]Sleep Talk
|-boost|p1a: Suicune|spa|1
|-boost|p1a: Suicune|spd|1
|
|-heal|p1a: Suicune|215\/404 slp|[from] item: Leftovers
|turn|29
|
|move|p2a: Aerodactyl|Stone Edge|p1a: Suicune
|-damage|p1a: Suicune|1\/404 slp
|-curestatus|p1a: Suicune|slp
|move|p1a: Suicune|Scald|p2a: Aerodactyl
|-supereffective|p2a: Aerodactyl
|-damage|p2a: Aerodactyl|0 fnt
|faint|p2a: Aerodactyl
|
|-heal|p1a: Suicune|26\/404|[from] item: Leftovers
|
|switch|p2a: Suicune|Suicune|403\/403 slp
|-damage|p2a: Suicune|353\/403 slp|[from] Stealth Rock
|-ability|p2a: Suicune|Pressure
|turn|30
|
|switch|p1a: Ampharos|Ampharos-Mega, F|96\/384
|-ability|p1a: Ampharos|Mold Breaker
|cant|p2a: Suicune|slp
|
|-heal|p2a: Suicune|378\/403 slp|[from] item: Leftovers
|turn|31
|-message|Asitseems forfeited.
|
|win|warzoid
|raw|Ladder updating...
|leave|Asitseems
|player|p2
|raw|warzoid's rating: 1478 &rarr; <strong>1491<\/strong><br \/>(+13 for winning)
|raw|Asitseems's rating: 1353 &rarr; <strong>1340<\/strong><br \/>(-13 for losing)
|chat|warzoid|gg