|join|LT2X gr8astard
|join|xhenryx
|player|p1|LT2X gr8astard|169
|player|p2|xhenryx|169
|gametype|singles
|gen|6
|tier|OU
|rated
|clearpoke
|poke|p1|Crawdaunt, M
|poke|p1|Garchomp, M
|poke|p1|Landorus-Therian, M
|poke|p1|Azumarill, M
|poke|p1|Gengar, M
|poke|p1|Manectric, F
|poke|p2|Jirachi
|poke|p2|Thundurus, M
|poke|p2|Rhyperior, F
|poke|p2|Conkeldurr, M
|poke|p2|Venusaur, M
|poke|p2|Azumarill, F
|rule|Swagger Clause: Swagger is banned
|rule|Baton Pass Clause: Limit one PokÃ©mon knowing Baton Pass
|rule|Sleep Clause Mod: Limit one foe put to sleep
|rule|Species Clause: Limit one of each PokÃ©mon
|rule|OHKO Clause: OHKO moves are banned
|rule|Moody Clause: Moody is banned
|rule|Evasion Moves Clause: Evasion moves are banned
|rule|Endless Battle Clause: Forcing endless battles is banned
|rule|HP Percentage Mod: HP is shown in percentages
|teampreview
|
|start
|switch|p1a: Garchomp|Garchomp, M|358\/358
|switch|p2a: Rhyperior|Rhyperior, F|434\/434
|turn|1
|
|move|p1a: Garchomp|Stealth Rock|p2a: Rhyperior
|-sidestart|p2: xhenryx|move: Stealth Rock
|move|p2a: Rhyperior|Stealth Rock|p1a: Garchomp
|-sidestart|p1: LT2X gr8astard|move: Stealth Rock
|
|turn|2
|
|move|p1a: Garchomp|Earthquake|p2a: Rhyperior
|-supereffective|p2a: Rhyperior
|-damage|p2a: Rhyperior|268\/434
|move|p2a: Rhyperior|Earthquake|p1a: Garchomp
|-damage|p1a: Garchomp|187\/358
|
|-heal|p2a: Rhyperior|295\/434|[from] item: Leftovers
|turn|3
|
|move|p1a: Garchomp|Earthquake|p2a: Rhyperior
|-supereffective|p2a: Rhyperior
|-damage|p2a: Rhyperior|129\/434
|move|p2a: Rhyperior|Earthquake|p1a: Garchomp
|-damage|p1a: Garchomp|25\/358
|
|-heal|p2a: Rhyperior|156\/434|[from] item: Leftovers
|turn|4
|join|MiniiZanbaku
|
|move|p1a: Garchomp|Earthquake|p2a: Rhyperior
|-supereffective|p2a: Rhyperior
|-damage|p2a: Rhyperior|2\/434
|move|p2a: Rhyperior|Earthquake|p1a: Garchomp
|-damage|p1a: Garchomp|0 fnt
|faint|p1a: Garchomp
|
|-heal|p2a: Rhyperior|29\/434|[from] item: Leftovers
|
|switch|p1a: Manectric|Manectric, F|281\/281
|-damage|p1a: Manectric|246\/281|[from] Stealth Rock
|turn|5
|
|detailschange|p1a: Manectric|Manectric-Mega, F
|message|Manectric has Mega Evolved into Mega Manectric!
|-ability|p1a: Manectric|Intimidate|[of] p2a: Rhyperior
|-unboost|p2a: Rhyperior|atk|1
|move|p1a: Manectric|Hidden Power|p2a: Rhyperior
|-supereffective|p2a: Rhyperior
|-damage|p2a: Rhyperior|0 fnt
|faint|p2a: Rhyperior
|
|
|switch|p2a: Venusaur|Venusaur, M|359\/359
|-damage|p2a: Venusaur|315\/359|[from] Stealth Rock
|turn|6
|
|detailschange|p2a: Venusaur|Venusaur-Mega, M
|message|Venusaur has Mega Evolved into Mega Venusaur!
|move|p1a: Manectric|Volt Switch|p2a: Venusaur
|-resisted|p2a: Venusaur
|-damage|p2a: Venusaur|262\/359
|
|switch|p1a: Gengar|Gengar, M|262\/262
|-damage|p1a: Gengar|230\/262|[from] Stealth Rock
|move|p2a: Venusaur|Petal Blizzard|p1a: Gengar
|-resisted|p1a: Gengar
|-damage|p1a: Gengar|113\/262
|
|turn|7
|
|switch|p2a: Conkeldurr|Conkeldurr, M|381\/381
|-damage|p2a: Conkeldurr|358\/381|[from] Stealth Rock
|move|p1a: Gengar|Sludge Wave|p2a: Conkeldurr
|-damage|p2a: Conkeldurr|76\/381
|-damage|p1a: Gengar|87\/262|[from] item: Life Orb
|
|-heal|p2a: Conkeldurr|99\/381|[from] item: Leftovers
|turn|8
|
|move|p1a: Gengar|Shadow Ball|p2a: Conkeldurr
|-damage|p2a: Conkeldurr|0 fnt
|-damage|p1a: Gengar|61\/262|[from] item: Life Orb
|faint|p2a: Conkeldurr
|
|
|switch|p2a: Jirachi|Jirachi|341\/341
|-damage|p2a: Jirachi|320\/341|[from] Stealth Rock
|turn|9
|
|switch|p1a: Manectric|Manectric-Mega, F|246\/281
|-damage|p1a: Manectric|211\/281|[from] Stealth Rock
|-ability|p1a: Manectric|Intimidate|[of] p2a: Jirachi
|-unboost|p2a: Jirachi|atk|1
|move|p2a: Jirachi|Ice Punch|p1a: Manectric
|-damage|p1a: Manectric|164\/281
|-status|p1a: Manectric|frz
|
|turn|10
|
|move|p2a: Jirachi|Ice Punch|p1a: Manectric
|-damage|p1a: Manectric|119\/281 frz
|cant|p1a: Manectric|frz
|
|turn|11
|
|move|p2a: Jirachi|Ice Punch|p1a: Manectric
|-damage|p1a: Manectric|73\/281 frz
|cant|p1a: Manectric|frz
|
|turn|12
|
|move|p2a: Jirachi|Ice Punch|p1a: Manectric
|-damage|p1a: Manectric|26\/281 frz
|cant|p1a: Manectric|frz
|
|turn|13
|
|move|p2a: Jirachi|Ice Punch|p1a: Manectric
|-damage|p1a: Manectric|0 fnt
|faint|p1a: Manectric
|
|
|switch|p1a: Crawdaunt|Crawdaunt, M|267\/267
|-damage|p1a: Crawdaunt|234\/267|[from] Stealth Rock
|turn|14
|
|switch|p2a: Azumarill|Azumarill, F|403\/403
|-damage|p2a: Azumarill|353\/403|[from] Stealth Rock
|move|p1a: Crawdaunt|Swords Dance|p1a: Crawdaunt
|-boost|p1a: Crawdaunt|atk|2
|
|turn|15
|
|move|p1a: Crawdaunt|Crabhammer|p2a: Azumarill
|-crit|p2a: Azumarill
|-resisted|p2a: Azumarill
|-damage|p2a: Azumarill|0 fnt
|-damage|p1a: Crawdaunt|208\/267|[from] item: Life Orb
|faint|p2a: Azumarill
|
|c| MiniiZanbaku|hugo you be attracting dem hax today
|c|âLT2X gr8astard|indeed
|
|switch|p2a: Venusaur|Venusaur-Mega, M|262\/359
|-damage|p2a: Venusaur|218\/359|[from] Stealth Rock
|turn|16
|
|move|p1a: Crawdaunt|Knock Off|p2a: Venusaur
|-damage|p2a: Venusaur|0 fnt
|-damage|p1a: Crawdaunt|182\/267|[from] item: Life Orb
|faint|p2a: Venusaur
|
|
|switch|p2a: Thundurus|Thundurus, M|299\/299
|-damage|p2a: Thundurus|225\/299|[from] Stealth Rock
|turn|17
|
|move|p2a: Thundurus|Thunder Wave|p1a: Crawdaunt
|-status|p1a: Crawdaunt|par
|move|p1a: Crawdaunt|Aqua Jet|p2a: Thundurus
|-damage|p2a: Thundurus|0 fnt
|-damage|p1a: Crawdaunt|156\/267 par|[from] item: Life Orb
|faint|p2a: Thundurus
|
|
|switch|p2a: Jirachi|Jirachi|320\/341
|-damage|p2a: Jirachi|299\/341|[from] Stealth Rock
|turn|18
|
|cant|p1a: Crawdaunt|par
|move|p2a: Jirachi|Iron Head|p1a: Crawdaunt
|-resisted|p1a: Crawdaunt
|-damage|p1a: Crawdaunt|99\/267 par
|
|turn|19
|
|move|p1a: Crawdaunt|Aqua Jet|p2a: Jirachi
|-damage|p2a: Jirachi|60\/341
|-damage|p1a: Crawdaunt|73\/267 par|[from] item: Life Orb
|move|p2a: Jirachi|Iron Head|p1a: Crawdaunt
|-resisted|p1a: Crawdaunt
|-damage|p1a: Crawdaunt|15\/267 par
|
|turn|20
|c| MiniiZanbaku|lol
|
|cant|p1a: Crawdaunt|par
|move|p2a: Jirachi|Iron Head|p1a: Crawdaunt
|-resisted|p1a: Crawdaunt
|-damage|p1a: Crawdaunt|0 fnt
|faint|p1a: Crawdaunt
|
|
|switch|p1a: Azumarill|Azumarill, M|399\/399
|-damage|p1a: Azumarill|350\/399|[from] Stealth Rock
|turn|21
|leave|xhenryx
|player|p2
|c|âLT2X gr8astard|really
|-message|xhenryx lost due to inactivity.
|
|win|LT2X gr8astard
|raw|Ladder updating...
|raw|LT2X gr8astard's rating: 1955 &rarr; <strong>1962<\/strong><br \/>(+7 for winning)
|raw|xhenryx's rating: 1690 &rarr; <strong>1683<\/strong><br \/>(-7 for losing)
|join|sofa king cool
|leave|MiniiZanbaku
|leave|sofa king cool
|leave|LT2X gr8astard
|player|p1