|join|quiladinftw
|join|xhenryx
|player|p1|quiladinftw|266
|player|p2|xhenryx|1
|gametype|singles
|gen|6
|tier|OU
|rated
|clearpoke
|poke|p1|Latios, M
|poke|p1|Raikou
|poke|p1|Venusaur, F
|poke|p1|Bisharp, M
|poke|p1|Landorus-Therian, M
|poke|p1|Hawlucha, M
|poke|p2|Tyranitar, M
|poke|p2|Excadrill, F
|poke|p2|Venusaur, M
|poke|p2|Suicune
|poke|p2|Magnezone
|poke|p2|Azelf
|rule|Swagger Clause: Swagger is banned
|rule|Baton Pass Clause: Limit one PokÃ©mon knowing Baton Pass
|rule|Sleep Clause Mod: Limit one foe put to sleep
|rule|Species Clause: Limit one of each PokÃ©mon
|rule|OHKO Clause: OHKO moves are banned
|rule|Moody Clause: Moody is banned
|rule|Evasion Moves Clause: Evasion moves are banned
|rule|Endless Battle Clause: Forcing endless battles is banned
|rule|HP Percentage Mod: HP is shown in percentages
|teampreview
|
|start
|switch|p1a: Checkmate|Bisharp, M|272\/272
|switch|p2a: Suicune|Suicune|404\/404
|-ability|p2a: Suicune|Pressure
|turn|1
|
|move|p1a: Checkmate|Knock Off|p2a: Suicune
|-damage|p2a: Suicune|290\/404
|-enditem|p2a: Suicune|Leftovers|[from] move: Knock Off|[of] p1a: Checkmate
|move|p2a: Suicune|Scald|p1a: Checkmate
|-damage|p1a: Checkmate|155\/272
|
|turn|2
|
|switch|p1a: ZAPPP|Raikou|327\/327
|-ability|p1a: ZAPPP|Pressure
|move|p2a: Suicune|Scald|p1a: ZAPPP
|-damage|p1a: ZAPPP|246\/327
|-status|p1a: ZAPPP|brn
|
|-heal|p1a: ZAPPP|266\/327 brn|[from] item: Leftovers
|-damage|p1a: ZAPPP|226\/327 brn|[from] brn
|turn|3
|
|switch|p1a: Itimidation|Landorus-Therian, M|375\/375
|-ability|p1a: Itimidation|Intimidate|[of] p2a: Suicune
|-unboost|p2a: Suicune|atk|1
|switch|p2a: Excadrill|Excadrill, F|362\/362
|-ability|p2a: Excadrill|Mold Breaker
|
|turn|4
|
|switch|p2a: Suicune|Suicune|290\/404
|-ability|p2a: Suicune|Pressure
|move|p1a: Itimidation|U-turn|p2a: Suicune
|-damage|p2a: Suicune|242\/404
|
|switch|p1a: Penusaur|Venusaur, F|359\/359
|
|turn|5
|
|switch|p2a: Venusaur|Venusaur, M|364\/364
|detailschange|p1a: Penusaur|Venusaur-Mega, F
|message|Venusaur has Mega Evolved into Mega Venusaur!
|move|p1a: Penusaur|Sludge Bomb|p2a: Venusaur
|-damage|p2a: Venusaur|232\/364
|
|turn|6
|
|switch|p1a: Itimidation|Landorus-Therian, M|375\/375
|-ability|p1a: Itimidation|Intimidate|[of] p2a: Venusaur
|-unboost|p2a: Venusaur|atk|1
|detailschange|p2a: Venusaur|Venusaur-Mega, M
|message|Venusaur has Mega Evolved into Mega Venusaur!
|move|p2a: Venusaur|Synthesis|p2a: Venusaur
|-heal|p2a: Venusaur|364\/364
|
|turn|7
|
|move|p1a: Itimidation|Stealth Rock|p2a: Venusaur
|-sidestart|p2: xhenryx|move: Stealth Rock
|move|p2a: Venusaur|Sludge Bomb|p1a: Itimidation
|-resisted|p1a: Itimidation
|-damage|p1a: Itimidation|306\/375
|-status|p1a: Itimidation|psn
|
|-heal|p1a: Itimidation|329\/375 psn|[from] item: Leftovers
|-damage|p1a: Itimidation|283\/375 psn|[from] psn
|turn|8
|
|move|p1a: Itimidation|U-turn|p2a: Venusaur
|-damage|p2a: Venusaur|320\/364
|
|switch|p1a: BOPPP|Latios, M|302\/302
|move|p2a: Venusaur|Leech Seed|p1a: BOPPP
|-start|p1a: BOPPP|move: Leech Seed
|
|-damage|p1a: BOPPP|265\/302|[from] Leech Seed|[of] p2a: Venusaur
|-heal|p2a: Venusaur|357\/364|[silent]
|turn|9
|
|switch|p1a: Swaglucha|Hawlucha, M|308\/308
|switch|p2a: Tyranitar|Tyranitar, M|404\/404
|-damage|p2a: Tyranitar|354\/404|[from] Stealth Rock
|-weather|Sandstorm
|
|-weather|Sandstorm|[upkeep]
|-damage|p1a: Swaglucha|289\/308|[from] sandstorm
|-heal|p2a: Tyranitar|379\/404|[from] item: Leftovers
|turn|10
|
|move|p1a: Swaglucha|High Jump Kick|p2a: Tyranitar
|-supereffective|p2a: Tyranitar
|-damage|p2a: Tyranitar|0 fnt
|faint|p2a: Tyranitar
|
|-weather|Sandstorm|[upkeep]
|-damage|p1a: Swaglucha|270\/308|[from] sandstorm
|
|switch|p2a: Suicune|Suicune|242\/404
|-damage|p2a: Suicune|192\/404|[from] Stealth Rock
|-ability|p2a: Suicune|Pressure
|turn|11
|
|move|p1a: Swaglucha|Swords Dance|p1a: Swaglucha
|-boost|p1a: Swaglucha|atk|2
|move|p2a: Suicune|Scald|p1a: Swaglucha
|-crit|p1a: Swaglucha
|-damage|p1a: Swaglucha|71\/308
|-enditem|p1a: Swaglucha|Sitrus Berry|[eat]
|-heal|p1a: Swaglucha|148\/308|[from] item: Sitrus Berry
|
|-weather|Sandstorm|[upkeep]
|-damage|p1a: Swaglucha|129\/308|[from] sandstorm
|-damage|p2a: Suicune|167\/404|[from] sandstorm
|turn|12
|join|0VERHEAT
|join|DEIN0
|
|move|p1a: Swaglucha|Acrobatics|p2a: Suicune
|-damage|p2a: Suicune|0 fnt
|faint|p2a: Suicune
|
|-weather|Sandstorm|[upkeep]
|-damage|p1a: Swaglucha|110\/308|[from] sandstorm
|
|switch|p2a: Excadrill|Excadrill, F|362\/362
|-damage|p2a: Excadrill|351\/362|[from] Stealth Rock
|-ability|p2a: Excadrill|Mold Breaker
|turn|13
|leave|0VERHEAT
|
|move|p1a: Swaglucha|High Jump Kick|p2a: Excadrill
|-supereffective|p2a: Excadrill
|-damage|p2a: Excadrill|0 fnt
|faint|p2a: Excadrill
|
|-weather|none
|
|switch|p2a: Magnezone|Magnezone|281\/281
|-damage|p2a: Magnezone|264\/281|[from] Stealth Rock
|turn|14
|
|move|p1a: Swaglucha|High Jump Kick|p2a: Magnezone
|-supereffective|p2a: Magnezone
|-damage|p2a: Magnezone|0 fnt
|faint|p2a: Magnezone
|
|-message|xhenryx forfeited.
|
|win|quiladinftw
|raw|Ladder updating...
|leave|xhenryx
|player|p2
|raw|quiladinftw's rating: 1495 &rarr; <strong>1510<\/strong><br \/>(+15 for winning)
|raw|xhenryx's rating: 1405 &rarr; <strong>1390<\/strong><br \/>(-15 for losing)
|leave|DEIN0
|join|DEIN0