|join|xhenryx
|join|CGEN2LA
|player|p1|xhenryx|169
|player|p2|CGEN2LA|265
|gametype|singles
|gen|6
|tier|OU
|rated
|clearpoke
|poke|p1|Ninetales, M
|poke|p1|Charizard, F
|poke|p1|Venusaur, F
|poke|p1|Slowbro, F
|poke|p1|Chansey, F
|poke|p1|Donphan, M
|poke|p2|Ditto
|poke|p2|Vaporeon, M
|poke|p2|Medicham, M
|poke|p2|Mew
|poke|p2|Talonflame, F
|poke|p2|Noivern, F
|rule|Swagger Clause: Swagger is banned
|rule|Baton Pass Clause: Limit one PokÃ©mon knowing Baton Pass
|rule|Sleep Clause Mod: Limit one foe put to sleep
|rule|Species Clause: Limit one of each PokÃ©mon
|rule|OHKO Clause: OHKO moves are banned
|rule|Moody Clause: Moody is banned
|rule|Evasion Moves Clause: Evasion moves are banned
|rule|Endless Battle Clause: Forcing endless battles is banned
|rule|HP Percentage Mod: HP is shown in percentages
|teampreview
|
|start
|switch|p1a: Slowbro|Slowbro, F|394\/394
|switch|p2a: Noivern|Noivern, F|311\/311
|-item|p1a: Slowbro|Leftovers|[from] ability: Frisk|[of] p2a: Noivern|[identify]
|turn|1
|
|switch|p1a: Chansey|Chansey, F|641\/641
|move|p2a: Noivern|Draco Meteor|p1a: Chansey
|-damage|p1a: Chansey|496\/641
|-unboost|p2a: Noivern|spa|2
|
|turn|2
|
|switch|p2a: Mew|Mew|356\/356
|switch|p1a: Slowbro|Slowbro, F|394\/394
|
|turn|3
|
|move|p2a: Mew|Knock Off|p1a: Slowbro
|-supereffective|p1a: Slowbro
|-damage|p1a: Slowbro|288\/394
|-enditem|p1a: Slowbro|Leftovers|[from] move: Knock Off|[of] p2a: Mew
|move|p1a: Slowbro|Scald|p2a: Mew
|-damage|p2a: Mew|284\/356
|
|-heal|p2a: Mew|306\/356|[from] item: Leftovers
|turn|4
|
|switch|p2a: Vaporeon|Vaporeon, M|464\/464
|move|p1a: Slowbro|Scald|p2a: Vaporeon
|-immune|p2a: Vaporeon|[msg]
|
|turn|5
|
|switch|p1a: Venusaur|Venusaur, F|301\/301
|move|p2a: Vaporeon|Toxic|p1a: Venusaur
|-fail|p1a: Venusaur
|
|turn|6
|
|switch|p2a: Talonflame|Talonflame, F|301\/301
|move|p1a: Venusaur|Sludge Bomb|p2a: Talonflame
|-damage|p2a: Talonflame|94\/301
|-damage|p1a: Venusaur|271\/301|[from] item: Life Orb
|
|turn|7
|
|switch|p1a: Slowbro|Slowbro, F|394\/394
|move|p2a: Talonflame|Brave Bird|p1a: Slowbro
|-damage|p1a: Slowbro|234\/394
|-damage|p2a: Talonflame|41\/301|[from] recoil|[of] p1a: Slowbro
|-damage|p2a: Talonflame|11\/301|[from] item: Life Orb
|
|turn|8
|
|move|p2a: Talonflame|Brave Bird|p1a: Slowbro
|-damage|p1a: Slowbro|96\/394
|-damage|p2a: Talonflame|0 fnt|[from] recoil|[of] p1a: Slowbro
|faint|p2a: Talonflame
|move|p1a: Slowbro|Psychic|p2: Talonflame|[notarget]
|-notarget
|
|
|switch|p2a: Noivern|Noivern, F|311\/311
|turn|9
|
|switch|p1a: Chansey|Chansey, F|496\/641
|move|p2a: Noivern|Switcheroo|p1a: Chansey
|-activate|p2a: Noivern|move: Trick|[of] p1a: Chansey
|-item|p1a: Chansey|Choice Specs|[from] Trick
|-item|p2a: Noivern|Eviolite|[from] Trick
|
|turn|10
|
|switch|p2a: Mew|Mew|306\/356
|move|p1a: Chansey|Seismic Toss|p2a: Mew
|-damage|p2a: Mew|206\/356
|
|-heal|p2a: Mew|228\/356|[from] item: Leftovers
|turn|11
|
|switch|p1a: Slowbro|Slowbro, F|227\/394
|move|p2a: Mew|Roost|p2a: Mew
|-heal|p2a: Mew|356\/356
|
|turn|12
|
|move|p2a: Mew|Knock Off|p1a: Slowbro
|-supereffective|p1a: Slowbro
|-damage|p1a: Slowbro|163\/394
|move|p1a: Slowbro|Scald|p2a: Mew
|-damage|p2a: Mew|289\/356
|
|-heal|p2a: Mew|311\/356|[from] item: Leftovers
|turn|13
|
|move|p2a: Mew|Knock Off|p1a: Slowbro
|-supereffective|p1a: Slowbro
|-damage|p1a: Slowbro|89\/394
|move|p1a: Slowbro|Scald|p2a: Mew
|-crit|p2a: Mew
|-damage|p2a: Mew|208\/356
|-status|p2a: Mew|brn
|-status|p1a: Slowbro|brn
|
|-heal|p2a: Mew|230\/356 brn|[from] item: Leftovers
|-damage|p2a: Mew|186\/356 brn|[from] brn
|-damage|p1a: Slowbro|40\/394 brn|[from] brn
|turn|14
|
|switch|p2a: Medicham|Medicham, M|261\/261
|switch|p1a: Chansey|Chansey, F|496\/641
|
|turn|15
|
|switch|p1a: Slowbro|Slowbro, F|171\/394 brn
|detailschange|p2a: Medicham|Medicham-Mega, M
|message|Medicham has Mega Evolved into Mega Medicham!
|move|p2a: Medicham|High Jump Kick|p1a: Slowbro|[miss]
|-miss|p2a: Medicham|p1a: Slowbro
|-damage|p2a: Medicham|131\/261|[from] highjumpkick
|
|-damage|p1a: Slowbro|122\/394 brn|[from] brn
|turn|16
|c|âCGEN2LA|wtf
|c|âCGEN2LA|damn
|
|move|p2a: Medicham|High Jump Kick|p1a: Slowbro
|-resisted|p1a: Slowbro
|-damage|p1a: Slowbro|0 fnt
|faint|p1a: Slowbro
|
|
|switch|p1a: Ninetales|Ninetales, M|287\/287
|-weather|SunnyDay
|turn|17
|
|move|p2a: Medicham|High Jump Kick|p1a: Ninetales
|-damage|p1a: Ninetales|0 fnt
|faint|p1a: Ninetales
|
|-weather|SunnyDay|[upkeep]
|
|switch|p1a: Venusaur|Venusaur, F|271\/301
|turn|18
|
|switch|p2a: Mew|Mew|186\/356 brn
|move|p1a: Venusaur|Sludge Bomb|p2a: Mew
|-crit|p2a: Mew
|-damage|p2a: Mew|0 fnt
|-damage|p1a: Venusaur|241\/301|[from] item: Life Orb
|faint|p2a: Mew
|
|-weather|SunnyDay|[upkeep]
|
|switch|p2a: Vaporeon|Vaporeon, M|464\/464
|turn|19
|
|move|p2a: Vaporeon|Protect|p2a: Vaporeon
|-singleturn|p2a: Vaporeon|Protect
|move|p1a: Venusaur|Giga Drain|p2a: Vaporeon
|-activate|p2a: Vaporeon|Protect
|
|-weather|SunnyDay|[upkeep]
|turn|20
|
|switch|p2a: Ditto|Ditto|300\/300
|-transform|p2a: Ditto|p1a: Venusaur
|move|p1a: Venusaur|Giga Drain|p2a: Ditto
|-resisted|p2a: Ditto
|-damage|p2a: Ditto|257\/300
|-heal|p1a: Venusaur|263\/301|[from] drain|[of] p2a: Ditto
|-damage|p1a: Venusaur|233\/301|[from] item: Life Orb
|
|-weather|SunnyDay|[upkeep]
|turn|21
|
|switch|p1a: Chansey|Chansey, F|496\/641
|move|p2a: Ditto|Sludge Bomb|p1a: Chansey
|-damage|p1a: Chansey|381\/641
|
|-weather|SunnyDay|[upkeep]
|turn|22
|
|move|p2a: Ditto|Earthquake|p1a: Chansey
|-damage|p1a: Chansey|256\/641
|move|p1a: Chansey|Seismic Toss|p2a: Ditto
|-damage|p2a: Ditto|157\/300
|
|-weather|SunnyDay|[upkeep]
|turn|23
|
|switch|p2a: Vaporeon|Vaporeon, M|464\/464
|move|p1a: Chansey|Seismic Toss|p2a: Vaporeon
|-damage|p2a: Vaporeon|364\/464
|
|-weather|SunnyDay|[upkeep]
|-heal|p2a: Vaporeon|393\/464|[from] item: Leftovers
|turn|24
|
|switch|p1a: Venusaur|Venusaur, F|233\/301
|move|p2a: Vaporeon|Wish|p2a: Vaporeon
|
|-weather|none
|-heal|p2a: Vaporeon|422\/464|[from] item: Leftovers
|turn|25
|
|switch|p2a: Noivern|Noivern, F|311\/311
|-item|p1a: Venusaur|Life Orb|[from] ability: Frisk|[of] p2a: Noivern|[identify]
|move|p1a: Venusaur|Sludge Bomb|p2a: Noivern
|-damage|p2a: Noivern|64\/311
|-damage|p1a: Venusaur|203\/301|[from] item: Life Orb
|
|-heal|p2a: Noivern|296\/311|[from] move: Wish|[wisher] Vaporeon
|turn|26
|
|switch|p1a: Chansey|Chansey, F|256\/641
|move|p2a: Noivern|Draco Meteor|p1a: Chansey
|-damage|p1a: Chansey|112\/641
|-unboost|p2a: Noivern|spa|2
|
|turn|27
|
|switch|p2a: Vaporeon|Vaporeon, M|422\/464
|move|p1a: Chansey|Seismic Toss|p2a: Vaporeon
|-damage|p2a: Vaporeon|322\/464
|
|-heal|p2a: Vaporeon|351\/464|[from] item: Leftovers
|turn|28
|
|switch|p2a: Medicham|Medicham-Mega, M|131\/261
|switch|p1a: Venusaur|Venusaur, F|203\/301
|
|turn|29
|
|switch|p1a: Chansey|Chansey, F|112\/641
|move|p2a: Medicham|Ice Punch|p1a: Chansey
|-damage|p1a: Chansey|0 fnt
|faint|p1a: Chansey
|
|
|switch|p1a: Donphan|Donphan, M|384\/384
|turn|30
|
|switch|p2a: Noivern|Noivern, F|296\/311
|-item|p1a: Donphan|Leftovers|[from] ability: Frisk|[of] p2a: Noivern|[identify]
|move|p1a: Donphan|Earthquake|p2a: Noivern
|-immune|p2a: Noivern|[msg]
|
|turn|31
|
|move|p1a: Donphan|Ice Shard|p2a: Noivern
|-supereffective|p2a: Noivern
|-damage|p2a: Noivern|68\/311
|move|p2a: Noivern|Draco Meteor|p1a: Donphan
|-crit|p1a: Donphan
|-activate|p1a: Donphan|Sturdy
|-damage|p1a: Donphan|1\/384
|-unboost|p2a: Noivern|spa|2
|
|-heal|p1a: Donphan|25\/384|[from] item: Leftovers
|turn|32
|
|move|p2a: Noivern|Boomburst|p1a: Donphan
|-damage|p1a: Donphan|0 fnt
|faint|p1a: Donphan
|
|
|switch|p1a: Charizard|Charizard, F|323\/323
|turn|33
|
|move|p2a: Noivern|Draco Meteor|p1a: Charizard
|-damage|p1a: Charizard|212\/323
|-unboost|p2a: Noivern|spa|2
|move|p1a: Charizard|Dragon Dance|p1a: Charizard
|-boost|p1a: Charizard|atk|1
|-boost|p1a: Charizard|spe|1
|
|turn|34
|c|âCGEN2LA|oh noooo
|
|move|p1a: Charizard|Dragon Claw|p2a: Noivern
|-supereffective|p2a: Noivern
|-damage|p2a: Noivern|0 fnt
|faint|p2a: Noivern
|
|
|switch|p2a: Medicham|Medicham-Mega, M|131\/261
|turn|35
|
|move|p2a: Medicham|Fake Out|p1a: Charizard
|-damage|p1a: Charizard|110\/323
|cant|p1a: Charizard|flinch
|
|turn|36
|
|switch|p2a: Ditto|Ditto|157\/300
|-transform|p2a: Ditto|p1a: Charizard
|move|p1a: Charizard|Dragon Claw|p2a: Ditto
|-damage|p2a: Ditto|18\/300
|
|turn|37
|
|move|p1a: Charizard|Dragon Claw|p2a: Ditto
|-damage|p2a: Ditto|0 fnt
|faint|p2a: Ditto
|
|
|switch|p2a: Medicham|Medicham-Mega, M|131\/261
|turn|38
|
|detailschange|p1a: Charizard|Charizard-Mega-X, F
|message|Charizard has Mega Evolved into Mega Charizard!
|move|p2a: Medicham|Fake Out|p1a: Charizard
|-damage|p1a: Charizard|39\/323
|cant|p1a: Charizard|flinch
|
|turn|39
|
|switch|p2a: Vaporeon|Vaporeon, M|351\/464
|move|p1a: Charizard|Dragon Claw|p2a: Vaporeon
|-damage|p2a: Vaporeon|47\/464
|
|-heal|p2a: Vaporeon|76\/464|[from] item: Leftovers
|turn|40
|
|move|p1a: Charizard|Roost|p1a: Charizard
|-heal|p1a: Charizard|201\/323
|move|p2a: Vaporeon|Scald|p1a: Charizard
|-damage|p1a: Charizard|83\/323
|
|-heal|p2a: Vaporeon|105\/464|[from] item: Leftovers
|turn|41
|
|move|p1a: Charizard|Roost|p1a: Charizard
|-heal|p1a: Charizard|245\/323
|move|p2a: Vaporeon|Toxic|p1a: Charizard
|-status|p1a: Charizard|tox
|
|-heal|p2a: Vaporeon|134\/464|[from] item: Leftovers
|-damage|p1a: Charizard|225\/323 tox|[from] psn
|turn|42
|
|move|p2a: Vaporeon|Protect|p2a: Vaporeon
|-singleturn|p2a: Vaporeon|Protect
|move|p1a: Charizard|Dragon Claw|p2a: Vaporeon
|-activate|p2a: Vaporeon|Protect
|
|-heal|p2a: Vaporeon|163\/464|[from] item: Leftovers
|-damage|p1a: Charizard|185\/323 tox|[from] psn
|turn|43
|
|move|p2a: Vaporeon|Protect|p2a: Vaporeon
|-fail|p2a: Vaporeon
|move|p1a: Charizard|Dragon Claw|p2a: Vaporeon
|-damage|p2a: Vaporeon|0 fnt
|faint|p2a: Vaporeon
|
|-damage|p1a: Charizard|125\/323 tox|[from] psn
|
|switch|p2a: Medicham|Medicham-Mega, M|131\/261
|turn|44
|
|move|p2a: Medicham|Fake Out|p1a: Charizard
|-damage|p1a: Charizard|47\/323 tox
|cant|p1a: Charizard|flinch
|
|-damage|p1a: Charizard|0 fnt|[from] psn
|faint|p1a: Charizard
|c|âCGEN2LA|gg
|
|switch|p1a: Venusaur|Venusaur, F|203\/301
|turn|45
|
|move|p2a: Medicham|Ice Punch|p1a: Venusaur
|-supereffective|p1a: Venusaur
|-damage|p1a: Venusaur|0 fnt
|faint|p1a: Venusaur
|
|win|CGEN2LA
|raw|Ladder updating...
|raw|xhenryx's rating: 1504 &rarr; <strong>1481<\/strong><br \/>(-23 for losing)
|raw|CGEN2LA's rating: 1442 &rarr; <strong>1466<\/strong><br \/>(+24 for winning)
|c|âxhenryx|gg
|leave|xhenryx
|player|p1