|join|xhenryx
|join|Reddragonn
|player|p1|xhenryx|265
|player|p2|Reddragonn|266
|gametype|singles
|gen|6
|tier|OU
|rated
|clearpoke
|poke|p1|Ninetales, F
|poke|p1|Charizard, M
|poke|p1|Venusaur, F
|poke|p1|Quagsire, F
|poke|p1|Cradily, F
|poke|p1|Donphan, F
|poke|p2|Landorus-Therian, M
|poke|p2|Ferrothorn, F
|poke|p2|Slowbro, F
|poke|p2|Terrakion
|poke|p2|Venusaur, F
|poke|p2|Raikou
|rule|Swagger Clause: Swagger is banned
|rule|Baton Pass Clause: Limit one PokÃ©mon knowing Baton Pass
|rule|Sleep Clause Mod: Limit one foe put to sleep
|rule|Species Clause: Limit one of each PokÃ©mon
|rule|OHKO Clause: OHKO moves are banned
|rule|Moody Clause: Moody is banned
|rule|Evasion Moves Clause: Evasion moves are banned
|rule|Endless Battle Clause: Forcing endless battles is banned
|rule|HP Percentage Mod: HP is shown in percentages
|teampreview
|
|start
|switch|p1a: Donphan|Donphan, F|384\/384
|switch|p2a: Terrakion|Terrakion|323\/323
|turn|1
|
|switch|p2a: Ferrothorn|Ferrothorn, F|352\/352
|move|p1a: Donphan|Earthquake|p2a: Ferrothorn
|-damage|p2a: Ferrothorn|240\/352
|
|turn|2
|
|switch|p1a: Ninetales|Ninetales, F|287\/287
|-weather|SunnyDay
|move|p2a: Ferrothorn|Knock Off|p1a: Ninetales
|-damage|p1a: Ninetales|192\/287
|-enditem|p1a: Ninetales|Heat Rock|[from] move: Knock Off|[of] p2a: Ferrothorn
|
|-weather|SunnyDay|[upkeep]
|turn|3
|
|switch|p2a: Slowbro|Slowbro, F|394\/394
|move|p1a: Ninetales|Will-O-Wisp|p2a: Slowbro
|-status|p2a: Slowbro|brn
|
|-weather|SunnyDay|[upkeep]
|-damage|p2a: Slowbro|345\/394 brn|[from] brn
|turn|4
|
|move|p1a: Ninetales|Energy Ball|p2a: Slowbro
|-supereffective|p2a: Slowbro
|-damage|p2a: Slowbro|137\/394 brn
|move|p2a: Slowbro|Thunder Wave|p1a: Ninetales
|-status|p1a: Ninetales|par
|
|-weather|SunnyDay|[upkeep]
|-heal|p2a: Slowbro|161\/394 brn|[from] item: Leftovers
|-damage|p2a: Slowbro|112\/394 brn|[from] brn
|turn|5
|
|move|p2a: Slowbro|Scald|p1a: Ninetales
|-supereffective|p1a: Ninetales
|-damage|p1a: Ninetales|102\/287 par
|move|p1a: Ninetales|Fire Blast|p2a: Slowbro
|-resisted|p2a: Slowbro
|-damage|p2a: Slowbro|0 fnt
|faint|p2a: Slowbro
|
|-weather|SunnyDay|[upkeep]
|
|switch|p2a: Landorus-Therian|Landorus-Therian, M|382\/382
|-ability|p2a: Landorus-Therian|Intimidate|[of] p1a: Ninetales
|-unboost|p1a: Ninetales|atk|1
|turn|6
|
|switch|p1a: Cradily|Cradily, F|376\/376
|move|p2a: Landorus-Therian|Stealth Rock|p1a: Cradily
|-sidestart|p1: xhenryx|move: Stealth Rock
|
|-weather|SunnyDay|[upkeep]
|turn|7
|
|move|p2a: Landorus-Therian|U-turn|p1a: Cradily
|-supereffective|p1a: Cradily
|-damage|p1a: Cradily|222\/376
|
|switch|p2a: Ferrothorn|Ferrothorn, F|240\/352
|move|p1a: Cradily|Stealth Rock|p2a: Ferrothorn
|-sidestart|p2: Reddragonn|move: Stealth Rock
|
|-weather|SunnyDay|[upkeep]
|-heal|p1a: Cradily|245\/376|[from] item: Leftovers
|turn|8
|
|switch|p1a: Donphan|Donphan, F|384\/384
|-damage|p1a: Donphan|360\/384|[from] Stealth Rock
|move|p2a: Ferrothorn|Spikes|p1a: Donphan
|-sidestart|p1: xhenryx|Spikes
|
|-weather|SunnyDay|[upkeep]
|-heal|p1a: Donphan|384\/384|[from] item: Leftovers
|turn|9
|
|move|p1a: Donphan|Rapid Spin|p2a: Ferrothorn
|-resisted|p2a: Ferrothorn
|-damage|p2a: Ferrothorn|233\/352
|-damage|p1a: Donphan|336\/384|[from] ability: Iron Barbs|[of] p2a: Ferrothorn
|-damage|p1a: Donphan|272\/384|[from] item: Rocky Helmet|[of] p2a: Ferrothorn
|-sideend|p1: xhenryx|Spikes|[from] move: Rapid Spin|[of] p1a: Donphan
|-sideend|p1: xhenryx|Stealth Rock|[from] move: Rapid Spin|[of] p1a: Donphan
|move|p2a: Ferrothorn|Leech Seed|p1a: Donphan|[miss]
|-miss|p2a: Ferrothorn|p1a: Donphan
|
|-weather|none
|-heal|p1a: Donphan|296\/384|[from] item: Leftovers
|turn|10
|
|move|p1a: Donphan|Knock Off|p2a: Ferrothorn
|-damage|p2a: Ferrothorn|165\/352
|-damage|p1a: Donphan|248\/384|[from] ability: Iron Barbs|[of] p2a: Ferrothorn
|-damage|p1a: Donphan|184\/384|[from] item: Rocky Helmet|[of] p2a: Ferrothorn
|-enditem|p2a: Ferrothorn|Rocky Helmet|[from] move: Knock Off|[of] p1a: Donphan
|move|p2a: Ferrothorn|Leech Seed|p1a: Donphan
|-start|p1a: Donphan|move: Leech Seed
|
|-heal|p1a: Donphan|208\/384|[from] item: Leftovers
|-damage|p1a: Donphan|160\/384|[from] Leech Seed|[of] p2a: Ferrothorn
|-heal|p2a: Ferrothorn|213\/352|[silent]
|turn|11
|
|switch|p1a: Ninetales|Ninetales, F|102\/287 par
|-weather|SunnyDay
|switch|p2a: Landorus-Therian|Landorus-Therian, M|382\/382
|-damage|p2a: Landorus-Therian|335\/382|[from] Stealth Rock
|-ability|p2a: Landorus-Therian|Intimidate|[of] p1a: Ninetales
|-unboost|p1a: Ninetales|atk|1
|
|-weather|SunnyDay|[upkeep]
|-heal|p2a: Landorus-Therian|358\/382|[from] item: Leftovers
|turn|12
|
|move|p2a: Landorus-Therian|Stone Edge|p1a: Ninetales
|-supereffective|p1a: Ninetales
|-damage|p1a: Ninetales|0 fnt
|faint|p1a: Ninetales
|
|-weather|SunnyDay|[upkeep]
|-heal|p2a: Landorus-Therian|381\/382|[from] item: Leftovers
|
|switch|p1a: Charizard|Charizard, M|323\/323
|turn|13
|
|detailschange|p1a: Charizard|Charizard-Mega-X, M
|message|Charizard has Mega Evolved into Mega Charizard!
|move|p1a: Charizard|Flare Blitz|p2a: Landorus-Therian
|-damage|p2a: Landorus-Therian|15\/382
|-damage|p1a: Charizard|202\/323|[from] recoil|[of] p2a: Landorus-Therian
|move|p2a: Landorus-Therian|Stone Edge|p1a: Charizard
|-supereffective|p1a: Charizard
|-damage|p1a: Charizard|8\/323
|
|-weather|SunnyDay|[upkeep]
|-heal|p2a: Landorus-Therian|38\/382|[from] item: Leftovers
|turn|14
|
|move|p1a: Charizard|Dragon Claw|p2a: Landorus-Therian
|-damage|p2a: Landorus-Therian|0 fnt
|faint|p2a: Landorus-Therian
|
|-weather|SunnyDay|[upkeep]
|
|switch|p2a: Terrakion|Terrakion|323\/323
|-damage|p2a: Terrakion|303\/323|[from] Stealth Rock
|turn|15
|
|switch|p1a: Donphan|Donphan, F|160\/384
|move|p2a: Terrakion|Close Combat|p1a: Donphan
|-damage|p1a: Donphan|0 fnt
|-unboost|p2a: Terrakion|def|1
|-unboost|p2a: Terrakion|spd|1
|faint|p1a: Donphan
|
|-weather|none
|
|switch|p1a: Venusaur|Venusaur, F|301\/301
|turn|16
|
|switch|p2a: Venusaur|Venusaur, F|359\/359
|-damage|p2a: Venusaur|315\/359|[from] Stealth Rock
|move|p1a: Venusaur|Giga Drain|p2a: Venusaur
|-resisted|p2a: Venusaur
|-damage|p2a: Venusaur|280\/359
|-damage|p1a: Venusaur|271\/301|[from] item: Life Orb
|
|turn|17
|
|detailschange|p2a: Venusaur|Venusaur-Mega, F
|message|Venusaur has Mega Evolved into Mega Venusaur!
|move|p1a: Venusaur|Sludge Bomb|p2a: Venusaur
|-damage|p2a: Venusaur|131\/359
|-damage|p1a: Venusaur|241\/301|[from] item: Life Orb
|move|p2a: Venusaur|Sludge Bomb|p1a: Venusaur
|-damage|p1a: Venusaur|72\/301
|
|turn|18
|
|move|p1a: Venusaur|Sludge Bomb|p2a: Venusaur
|-damage|p2a: Venusaur|0 fnt
|-damage|p1a: Venusaur|42\/301|[from] item: Life Orb
|faint|p2a: Venusaur
|
|
|switch|p2a: Raikou|Raikou|321\/321
|-damage|p2a: Raikou|281\/321|[from] Stealth Rock
|-ability|p2a: Raikou|Pressure
|turn|19
|
|switch|p1a: Quagsire|Quagsire, F|394\/394
|move|p2a: Raikou|Shadow Ball|p1a: Quagsire
|-damage|p1a: Quagsire|279\/394
|
|-heal|p1a: Quagsire|303\/394|[from] item: Leftovers
|turn|20
|
|move|p2a: Raikou|Shadow Ball|p1a: Quagsire
|-damage|p1a: Quagsire|176\/394
|move|p1a: Quagsire|Scald|p2a: Raikou
|-damage|p2a: Raikou|241\/321
|
|-heal|p1a: Quagsire|200\/394|[from] item: Leftovers
|turn|21
|
|move|p2a: Raikou|Shadow Ball|p1a: Quagsire
|-damage|p1a: Quagsire|80\/394
|move|p1a: Quagsire|Recover|p1a: Quagsire
|-heal|p1a: Quagsire|277\/394
|
|-heal|p1a: Quagsire|301\/394|[from] item: Leftovers
|turn|22
|
|move|p2a: Raikou|Shadow Ball|p1a: Quagsire
|-damage|p1a: Quagsire|177\/394
|-unboost|p1a: Quagsire|spd|1
|move|p1a: Quagsire|Earthquake|p2a: Raikou
|-supereffective|p2a: Raikou
|-damage|p2a: Raikou|0 fnt
|faint|p2a: Raikou
|
|-heal|p1a: Quagsire|201\/394|[from] item: Leftovers
|
|switch|p2a: Ferrothorn|Ferrothorn, F|213\/352
|-damage|p2a: Ferrothorn|191\/352|[from] Stealth Rock
|turn|23
|
|switch|p1a: Venusaur|Venusaur, F|42\/301
|move|p2a: Ferrothorn|Knock Off|p1a: Venusaur
|-damage|p1a: Venusaur|0 fnt
|-enditem|p1a: Venusaur|Life Orb|[from] move: Knock Off|[of] p2a: Ferrothorn
|faint|p1a: Venusaur
|
|
|switch|p1a: Charizard|Charizard-Mega-X, M|8\/323
|turn|24
|
|switch|p2a: Terrakion|Terrakion|303\/323
|-damage|p2a: Terrakion|283\/323|[from] Stealth Rock
|move|p1a: Charizard|Roost|p1a: Charizard
|-heal|p1a: Charizard|170\/323
|
|turn|25
|
|switch|p1a: Cradily|Cradily, F|245\/376
|move|p2a: Terrakion|Close Combat|p1a: Cradily
|-supereffective|p1a: Cradily
|-damage|p1a: Cradily|0 fnt
|-unboost|p2a: Terrakion|def|1
|-unboost|p2a: Terrakion|spd|1
|faint|p1a: Cradily
|
|
|switch|p1a: Quagsire|Quagsire, F|201\/394
|turn|26
|
|move|p2a: Terrakion|Close Combat|p1a: Quagsire
|-damage|p1a: Quagsire|0 fnt
|-unboost|p2a: Terrakion|def|1
|-unboost|p2a: Terrakion|spd|1
|faint|p1a: Quagsire
|
|
|switch|p1a: Charizard|Charizard-Mega-X, M|170\/323
|turn|27
|
|move|p2a: Terrakion|Close Combat|p1a: Charizard
|-damage|p1a: Charizard|0 fnt
|-unboost|p2a: Terrakion|def|1
|-unboost|p2a: Terrakion|spd|1
|faint|p1a: Charizard
|
|win|Reddragonn
|raw|Ladder updating...
|raw|xhenryx's rating: 1630 &rarr; <strong>1608<\/strong><br \/>(-22 for losing)
|raw|Reddragonn's rating: 1580 &rarr; <strong>1603<\/strong><br \/>(+23 for winning)
|c|âReddragonn|gg