|join|xhenryx
|join|Murkrow Jupiter
|player|p1|xhenryx|101
|player|p2|Murkrow Jupiter|129
|gametype|singles
|gen|6
|tier|OU
|rated
|clearpoke
|poke|p1|Landorus, M
|poke|p1|Dugtrio, F
|poke|p1|Scizor, F
|poke|p1|Charizard, F
|poke|p1|Venusaur, F
|poke|p1|Rhyperior, F
|poke|p2|Abomasnow, M
|poke|p2|Keldeo-Resolute
|poke|p2|Heatran, M
|poke|p2|Landorus-Therian, M, shiny
|poke|p2|Tornadus-Therian, M, shiny
|poke|p2|Starmie, shiny
|rule|Swagger Clause: Swagger is banned
|rule|Baton Pass Clause: Limit one PokÃ©mon knowing Baton Pass
|rule|Sleep Clause Mod: Limit one foe put to sleep
|rule|Species Clause: Limit one of each PokÃ©mon
|rule|OHKO Clause: OHKO moves are banned
|rule|Moody Clause: Moody is banned
|rule|Evasion Moves Clause: Evasion moves are banned
|rule|Endless Battle Clause: Forcing endless battles is banned
|rule|HP Percentage Mod: HP is shown in percentages
|teampreview
|
|start
|switch|p1a: Charizard|Charizard, F|297\/297
|switch|p2a: Avalanche|Landorus-Therian, M, shiny|354\/354
|-ability|p2a: Avalanche|Intimidate|[of] p1a: Charizard
|-unboost|p1a: Charizard|atk|1
|turn|1
|
|switch|p1a: Rhyperior|Rhyperior, F|434\/434
|move|p2a: Avalanche|Stone Edge|p1a: Rhyperior
|-resisted|p1a: Rhyperior
|-damage|p1a: Rhyperior|393\/434
|
|-heal|p1a: Rhyperior|420\/434|[from] item: Leftovers
|turn|2
|
|switch|p2a: North Star|Starmie, shiny|323\/323
|switch|p1a: Charizard|Charizard, F|297\/297
|
|turn|3
|
|switch|p2a: Snow Mobile|Heatran, M|385\/385
|detailschange|p1a: Charizard|Charizard-Mega-Y, F
|message|Charizard has Mega Evolved into Mega Charizard!
|-weather|SunnyDay
|move|p1a: Charizard|Solar Beam|p2a: Snow Mobile|[still]
|-prepare|p1a: Charizard|Solar Beam|p2a: Snow Mobile
|-anim|p1a: Charizard|Solar Beam|p2a: Snow Mobile
|-resisted|p2a: Snow Mobile
|-damage|p2a: Snow Mobile|349\/385
|
|-weather|SunnyDay|[upkeep]
|-heal|p2a: Snow Mobile|373\/385|[from] item: Leftovers
|turn|4
|
|move|p1a: Charizard|Focus Blast|p2a: Snow Mobile|[miss]
|-miss|p1a: Charizard|p2a: Snow Mobile
|move|p2a: Snow Mobile|Magma Storm|p1a: Charizard
|-resisted|p1a: Charizard
|-damage|p1a: Charizard|195\/297
|-activate|p1a: Charizard|move: Magma Storm|[of] p2a: Snow Mobile
|
|-weather|SunnyDay|[upkeep]
|-heal|p2a: Snow Mobile|385\/385|[from] item: Leftovers
|-damage|p1a: Charizard|158\/297|[from] move: Magma Storm|[partiallytrapped]
|turn|5
|
|move|p1a: Charizard|Focus Blast|p2a: Snow Mobile
|-supereffective|p2a: Snow Mobile
|-damage|p2a: Snow Mobile|115\/385
|move|p2a: Snow Mobile|Stealth Rock|p1a: Charizard
|-sidestart|p1: xhenryx|move: Stealth Rock
|
|-weather|SunnyDay|[upkeep]
|-heal|p2a: Snow Mobile|139\/385|[from] item: Leftovers
|-damage|p1a: Charizard|121\/297|[from] move: Magma Storm|[partiallytrapped]
|turn|6
|
|switch|p2a: Aurora Borealis|Tornadus-Therian, M, shiny|332\/332
|move|p1a: Charizard|Fire Blast|p2a: Aurora Borealis
|-damage|p2a: Aurora Borealis|79\/332
|
|-weather|SunnyDay|[upkeep]
|-end|p1a: Charizard|Magma Storm|[partiallytrapped]
|turn|7
|
|switch|p1a: Rhyperior|Rhyperior, F|420\/434
|-damage|p1a: Rhyperior|393\/434|[from] Stealth Rock
|move|p2a: Aurora Borealis|U-turn|p1a: Rhyperior
|-damage|p1a: Rhyperior|360\/434
|c|âxhenryx|no dye?
|
|switch|p2a: Narwhal|Keldeo-Resolute|323\/323
|
|-weather|none
|-heal|p1a: Rhyperior|387\/434|[from] item: Leftovers
|turn|8
|
|switch|p1a: Venusaur|Venusaur, F|301\/301
|-damage|p1a: Venusaur|264\/301|[from] Stealth Rock
|move|p2a: Narwhal|Scald|p1a: Venusaur
|-resisted|p1a: Venusaur
|-damage|p1a: Venusaur|189\/301
|
|turn|9
|
|switch|p2a: Snow Mobile|Heatran, M|139\/385
|move|p1a: Venusaur|Giga Drain|p2a: Snow Mobile
|-resisted|p2a: Snow Mobile
|-damage|p2a: Snow Mobile|107\/385
|-heal|p1a: Venusaur|205\/301|[from] drain|[of] p2a: Snow Mobile
|-damage|p1a: Venusaur|175\/301|[from] item: Life Orb
|
|-heal|p2a: Snow Mobile|131\/385|[from] item: Leftovers
|turn|10
|
|move|p1a: Venusaur|Earthquake|p2a: Snow Mobile
|-supereffective|p2a: Snow Mobile
|-damage|p2a: Snow Mobile|0 fnt
|-damage|p1a: Venusaur|145\/301|[from] item: Life Orb
|faint|p2a: Snow Mobile
|
|
|switch|p2a: Aurora Borealis|Tornadus-Therian, M, shiny|189\/332
|turn|11
|
|move|p2a: Aurora Borealis|Knock Off|p1a: Venusaur
|-damage|p1a: Venusaur|58\/301
|-enditem|p1a: Venusaur|Life Orb|[from] move: Knock Off|[of] p2a: Aurora Borealis
|move|p1a: Venusaur|Giga Drain|p2a: Aurora Borealis
|-resisted|p2a: Aurora Borealis
|-damage|p2a: Aurora Borealis|141\/332
|-heal|p1a: Venusaur|82\/301|[from] drain|[of] p2a: Aurora Borealis
|
|turn|12
|
|switch|p1a: Scizor|Scizor, F|342\/342
|-damage|p1a: Scizor|300\/342|[from] Stealth Rock
|move|p2a: Aurora Borealis|Hurricane|p1a: Scizor|[miss]
|-miss|p2a: Aurora Borealis|p1a: Scizor
|
|-heal|p1a: Scizor|321\/342|[from] item: Leftovers
|turn|13
|
|switch|p2a: Narwhal|Keldeo-Resolute|323\/323
|move|p1a: Scizor|Defog|p2a: Narwhal
|-unboost|p2a: Narwhal|evasion|1
|-sideend|p1: xhenryx|Stealth Rock|[from] move: Defog|[of] p1a: Scizor
|
|-heal|p1a: Scizor|342\/342|[from] item: Leftovers
|turn|14
|
|switch|p1a: Charizard|Charizard-Mega-Y, F|121\/297
|-weather|SunnyDay
|move|p2a: Narwhal|Substitute|p2a: Narwhal
|-start|p2a: Narwhal|Substitute
|-damage|p2a: Narwhal|243\/323
|
|-weather|SunnyDay|[upkeep]
|-heal|p2a: Narwhal|263\/323|[from] item: Leftovers
|turn|15
|
|move|p2a: Narwhal|Scald|p1a: Charizard
|-supereffective|p1a: Charizard
|-damage|p1a: Charizard|0 fnt
|faint|p1a: Charizard
|
|-weather|SunnyDay|[upkeep]
|-heal|p2a: Narwhal|283\/323|[from] item: Leftovers
|
|switch|p1a: Venusaur|Venusaur, F|82\/301
|turn|16
|
|move|p1a: Venusaur|Giga Drain|p2a: Narwhal
|-supereffective|p2a: Narwhal
|-end|p2a: Narwhal|Substitute
|-heal|p1a: Venusaur|122\/301|[from] drain|[of] p2a: Narwhal
|move|p2a: Narwhal|Scald|p1a: Venusaur
|-resisted|p1a: Venusaur
|-damage|p1a: Venusaur|89\/301
|
|-weather|SunnyDay|[upkeep]
|-heal|p2a: Narwhal|303\/323|[from] item: Leftovers
|turn|17
|
|switch|p2a: Aurora Borealis|Tornadus-Therian, M, shiny|251\/332
|move|p1a: Venusaur|Sludge Bomb|p2a: Aurora Borealis
|-damage|p2a: Aurora Borealis|143\/332
|
|-weather|SunnyDay|[upkeep]
|turn|18
|
|move|p1a: Venusaur|Sludge Bomb|p2a: Aurora Borealis
|-damage|p2a: Aurora Borealis|41\/332
|-status|p2a: Aurora Borealis|psn
|move|p2a: Aurora Borealis|U-turn|p1a: Venusaur
|-damage|p1a: Venusaur|30\/301
|
|switch|p2a: Abominable|Abomasnow, M|351\/351
|-weather|Hail
|
|-weather|Hail|[upkeep]
|-damage|p1a: Venusaur|12\/301|[from] hail
|turn|19
|
|switch|p1a: Scizor|Scizor, F|342\/342
|detailschange|p2a: Abominable|Abomasnow-Mega, M
|message|Abomasnow has Mega Evolved into Mega Abomasnow!
|move|p2a: Abominable|Ice Shard|p1a: Scizor
|-resisted|p1a: Scizor
|-damage|p1a: Scizor|309\/342
|
|-weather|Hail|[upkeep]
|-damage|p1a: Scizor|288\/342|[from] hail
|-heal|p1a: Scizor|309\/342|[from] item: Leftovers
|turn|20
|
|switch|p2a: Avalanche|Landorus-Therian, M, shiny|354\/354
|-ability|p2a: Avalanche|Intimidate|[of] p1a: Scizor
|-unboost|p1a: Scizor|atk|1
|move|p1a: Scizor|Bullet Punch|p2a: Avalanche
|-damage|p2a: Avalanche|273\/354
|
|-weather|Hail|[upkeep]
|-damage|p2a: Avalanche|251\/354|[from] hail
|-damage|p1a: Scizor|288\/342|[from] hail
|-heal|p1a: Scizor|309\/342|[from] item: Leftovers
|turn|21
|
|switch|p1a: Venusaur|Venusaur, F|12\/301
|move|p2a: Avalanche|U-turn|p1a: Venusaur
|-damage|p1a: Venusaur|0 fnt
|faint|p1a: Venusaur
|
|switch|p2a: North Star|Starmie, shiny|323\/323
|
|-weather|Hail|[upkeep]
|-damage|p2a: North Star|303\/323|[from] hail
|-heal|p2a: North Star|323\/323|[from] item: Leftovers
|
|switch|p1a: Scizor|Scizor, F|309\/342
|turn|22
|
|move|p2a: North Star|Reflect Type|p1a: Scizor
|-start|p2a: North Star|typechange|Bug\/Steel|[from] move: Reflect Type|[of] p1a: Scizor
|move|p1a: Scizor|Knock Off|p2a: North Star
|-damage|p2a: North Star|189\/323
|-enditem|p2a: North Star|Leftovers|[from] move: Knock Off|[of] p1a: Scizor
|
|-weather|none
|-heal|p1a: Scizor|330\/342|[from] item: Leftovers
|turn|23
|
|move|p1a: Scizor|Bullet Punch|p2a: North Star
|-resisted|p2a: North Star
|-damage|p2a: North Star|122\/323
|move|p2a: North Star|Recover|p2a: North Star
|-heal|p2a: North Star|284\/323
|
|-heal|p1a: Scizor|342\/342|[from] item: Leftovers
|turn|24
|
|switch|p1a: Dugtrio|Dugtrio, F|211\/211
|move|p2a: North Star|Scald|p1a: Dugtrio
|-supereffective|p1a: Dugtrio
|-damage|p1a: Dugtrio|35\/211
|-status|p1a: Dugtrio|brn
|
|-damage|p1a: Dugtrio|9\/211 brn|[from] brn
|turn|25
|
|move|p1a: Dugtrio|Earthquake|p2a: North Star
|-damage|p2a: North Star|206\/323
|move|p2a: North Star|Recover|p2a: North Star
|-heal|p2a: North Star|323\/323
|
|-damage|p1a: Dugtrio|0 fnt|[from] brn
|faint|p1a: Dugtrio
|
|switch|p1a: Landorus|Landorus, M|319\/319
|turn|26
|c|âxhenryx|is it hack?
|c|âMurkrow Jupiter|?
|c|âMurkrow Jupiter|hack?
|c|âMurkrow Jupiter|what's that
|
|move|p2a: North Star|Scald|p1a: Landorus
|-supereffective|p1a: Landorus
|-damage|p1a: Landorus|181\/319
|move|p1a: Landorus|Earth Power|p2a: North Star
|-damage|p2a: North Star|25\/323
|
|turn|27
|
|move|p2a: North Star|Scald|p1a: Landorus
|-supereffective|p1a: Landorus
|-damage|p1a: Landorus|39\/319
|move|p1a: Landorus|Earth Power|p2a: North Star
|-damage|p2a: North Star|0 fnt
|faint|p2a: North Star
|
|
|switch|p2a: Narwhal|Keldeo-Resolute|303\/323
|turn|28
|
|move|p2a: Narwhal|Scald|p1a: Landorus
|-supereffective|p1a: Landorus
|-damage|p1a: Landorus|0 fnt
|faint|p1a: Landorus
|
|-heal|p2a: Narwhal|323\/323|[from] item: Leftovers
|
|switch|p1a: Scizor|Scizor, F|342\/342
|turn|29
|
|move|p1a: Scizor|Bullet Punch|p2a: Narwhal
|-resisted|p2a: Narwhal
|-damage|p2a: Narwhal|254\/323
|move|p2a: Narwhal|Substitute|p2a: Narwhal
|-start|p2a: Narwhal|Substitute
|-damage|p2a: Narwhal|174\/323
|
|-heal|p2a: Narwhal|194\/323|[from] item: Leftovers
|turn|30
|
|move|p2a: Narwhal|Calm Mind|p2a: Narwhal
|-boost|p2a: Narwhal|spa|1
|-boost|p2a: Narwhal|spd|1
|move|p1a: Scizor|Swords Dance|p1a: Scizor
|-boost|p1a: Scizor|atk|2
|
|-heal|p2a: Narwhal|214\/323|[from] item: Leftovers
|turn|31
|c|âMurkrow Jupiter|sun vs hail
|c|âMurkrow Jupiter|just realized 
|
|move|p1a: Scizor|Bullet Punch|p2a: Narwhal
|-resisted|p2a: Narwhal
|-end|p2a: Narwhal|Substitute
|move|p2a: Narwhal|Scald|p1a: Scizor
|-damage|p1a: Scizor|102\/342
|
|-heal|p2a: Narwhal|234\/323|[from] item: Leftovers
|-heal|p1a: Scizor|123\/342|[from] item: Leftovers
|turn|32
|
|move|p1a: Scizor|Bullet Punch|p2a: Narwhal
|-resisted|p2a: Narwhal
|-damage|p2a: Narwhal|110\/323
|move|p2a: Narwhal|Scald|p1a: Scizor
|-damage|p1a: Scizor|0 fnt
|faint|p1a: Scizor
|
|-heal|p2a: Narwhal|130\/323|[from] item: Leftovers
|c|âMurkrow Jupiter|ggggggg
|-message|xhenryx lost due to inactivity.
|
|win|Murkrow Jupiter
|raw|Ladder updating...
|raw|xhenryx's rating: 1639 &rarr; <strong>1619<\/strong><br \/>(-20 for losing)
|raw|Murkrow Jupiter's rating: 1633 &rarr; <strong>1653<\/strong><br \/>(+20 for winning)