|join|kidgotowned
|join|xhenryx
|player|p1|kidgotowned|68
|player|p2|xhenryx|265
|gametype|singles
|gen|6
|tier|OU
|rated
|clearpoke
|poke|p1|Scizor, M
|poke|p1|Azelf
|poke|p1|Landorus, M
|poke|p1|Azumarill, M
|poke|p1|Breloom, F
|poke|p1|Greninja, F
|poke|p2|Bisharp, M
|poke|p2|Gliscor, F
|poke|p2|Skarmory, M
|poke|p2|Charizard, F
|poke|p2|Venusaur, F
|poke|p2|Rhyperior, F
|rule|Swagger Clause: Swagger is banned
|rule|Baton Pass Clause: Limit one PokÃ©mon knowing Baton Pass
|rule|Sleep Clause Mod: Limit one foe put to sleep
|rule|Species Clause: Limit one of each PokÃ©mon
|rule|OHKO Clause: OHKO moves are banned
|rule|Moody Clause: Moody is banned
|rule|Evasion Moves Clause: Evasion moves are banned
|rule|Endless Battle Clause: Forcing endless battles is banned
|rule|HP Percentage Mod: HP is shown in percentages
|teampreview
|
|start
|switch|p1a: Azelf|Azelf|291\/291
|switch|p2a: Charizard|Charizard, F|297\/297
|turn|1
|
|detailschange|p2a: Charizard|Charizard-Mega-Y, F
|message|Charizard has Mega Evolved into Mega Charizard!
|-weather|SunnyDay
|move|p1a: Azelf|Stealth Rock|p2a: Charizard
|-sidestart|p2: xhenryx|move: Stealth Rock
|move|p2a: Charizard|Fire Blast|p1a: Azelf
|-enditem|p1a: Azelf|Focus Sash
|-damage|p1a: Azelf|1\/291
|
|-weather|SunnyDay|[upkeep]
|turn|2
|
|switch|p2a: Rhyperior|Rhyperior, F|434\/434
|-damage|p2a: Rhyperior|407\/434|[from] Stealth Rock
|move|p1a: Azelf|Explosion|p2a: Rhyperior
|-resisted|p2a: Rhyperior
|-damage|p2a: Rhyperior|325\/434
|faint|p1a: Azelf
|
|-weather|SunnyDay|[upkeep]
|-heal|p2a: Rhyperior|352\/434|[from] item: Leftovers
|
|switch|p1a: Landorus|Landorus, M|320\/320
|turn|3
|
|switch|p2a: Gliscor|Gliscor, F|354\/354
|-damage|p2a: Gliscor|310\/354|[from] Stealth Rock
|move|p1a: Landorus|Focus Blast|p2a: Gliscor|[miss]
|-miss|p1a: Landorus|p2a: Gliscor
|
|-weather|SunnyDay|[upkeep]
|-status|p2a: Gliscor|tox|[from] item: Toxic Orb
|turn|4
|
|move|p1a: Landorus|Calm Mind|p1a: Landorus
|-boost|p1a: Landorus|spa|1
|-boost|p1a: Landorus|spd|1
|move|p2a: Gliscor|Knock Off|p1a: Landorus
|-damage|p1a: Landorus|242\/320
|-enditem|p1a: Landorus|Life Orb|[from] move: Knock Off|[of] p2a: Gliscor
|
|-weather|SunnyDay|[upkeep]
|-heal|p2a: Gliscor|354\/354 tox|[from] ability: Poison Heal
|turn|5
|
|move|p1a: Landorus|Psychic|p2a: Gliscor
|-damage|p2a: Gliscor|92\/354 tox
|move|p2a: Gliscor|Toxic|p1a: Landorus
|-status|p1a: Landorus|tox
|
|-weather|none
|-damage|p1a: Landorus|222\/320 tox|[from] psn
|-heal|p2a: Gliscor|136\/354 tox|[from] ability: Poison Heal
|turn|6
|
|move|p2a: Gliscor|Protect|p2a: Gliscor
|-singleturn|p2a: Gliscor|Protect
|move|p1a: Landorus|Focus Blast|p2a: Gliscor
|-activate|p2a: Gliscor|Protect
|
|-damage|p1a: Landorus|182\/320 tox|[from] psn
|-heal|p2a: Gliscor|180\/354 tox|[from] ability: Poison Heal
|turn|7
|
|move|p1a: Landorus|Psychic|p2a: Gliscor
|-damage|p2a: Gliscor|0 fnt
|faint|p2a: Gliscor
|
|-damage|p1a: Landorus|122\/320 tox|[from] psn
|
|switch|p2a: Bisharp|Bisharp, M|307\/307
|-damage|p2a: Bisharp|288\/307|[from] Stealth Rock
|turn|8
|
|switch|p1a: Breloom|Breloom, F|262\/262
|move|p2a: Bisharp|Sucker Punch|p1a: Breloom
|-fail|p1a: Breloom
|
|-heal|p2a: Bisharp|307\/307|[from] item: Leftovers
|turn|9
|
|switch|p1a: Landorus|Landorus, M|122\/320 tox
|switch|p2a: Venusaur|Venusaur, F|301\/301
|-damage|p2a: Venusaur|264\/301|[from] Stealth Rock
|
|-damage|p1a: Landorus|102\/320 tox|[from] psn
|turn|10
|
|switch|p2a: Skarmory|Skarmory, M|334\/334
|-damage|p2a: Skarmory|293\/334|[from] Stealth Rock
|move|p1a: Landorus|Focus Blast|p2a: Skarmory
|-damage|p2a: Skarmory|82\/334
|
|-heal|p2a: Skarmory|102\/334|[from] item: Leftovers
|-damage|p1a: Landorus|62\/320 tox|[from] psn
|turn|11
|
|move|p1a: Landorus|Focus Blast|p2a: Skarmory|[miss]
|-miss|p1a: Landorus|p2a: Skarmory
|move|p2a: Skarmory|Whirlwind|p1a: Landorus
|drag|p1a: Scizor|Scizor, M|311\/311
|
|-heal|p2a: Skarmory|122\/334|[from] item: Leftovers
|turn|12
|
|detailschange|p1a: Scizor|Scizor-Mega, M
|message|Scizor has Mega Evolved into Mega Scizor!
|move|p1a: Scizor|Superpower|p2a: Skarmory
|-damage|p2a: Skarmory|28\/334
|-unboost|p1a: Scizor|atk|1
|-unboost|p1a: Scizor|def|1
|move|p2a: Skarmory|Defog|p1a: Scizor
|-unboost|p1a: Scizor|evasion|1
|-sideend|p2: xhenryx|Stealth Rock|[from] move: Defog|[of] p2a: Skarmory
|
|-heal|p2a: Skarmory|48\/334|[from] item: Leftovers
|turn|13
|
|switch|p2a: Rhyperior|Rhyperior, F|352\/434
|move|p1a: Scizor|Superpower|p2a: Rhyperior
|-supereffective|p2a: Rhyperior
|-damage|p2a: Rhyperior|246\/434
|-unboost|p1a: Scizor|atk|1
|-unboost|p1a: Scizor|def|1
|
|-heal|p2a: Rhyperior|273\/434|[from] item: Leftovers
|turn|14
|
|switch|p1a: Landorus|Landorus, M|62\/320 tox
|move|p2a: Rhyperior|Stealth Rock|p1a: Landorus
|-sidestart|p1: kidgotowned|move: Stealth Rock
|
|-heal|p2a: Rhyperior|300\/434|[from] item: Leftovers
|-damage|p1a: Landorus|42\/320 tox|[from] psn
|turn|15
|
|switch|p2a: Skarmory|Skarmory, M|48\/334
|move|p1a: Landorus|Focus Blast|p2a: Skarmory
|-damage|p2a: Skarmory|0 fnt
|faint|p2a: Skarmory
|
|-damage|p1a: Landorus|2\/320 tox|[from] psn
|
|switch|p2a: Bisharp|Bisharp, M|307\/307
|turn|16
|
|move|p2a: Bisharp|Sucker Punch|p1a: Landorus
|-damage|p1a: Landorus|0 fnt
|faint|p1a: Landorus
|
|
|switch|p1a: Greninja|Greninja, F|286\/286
|-damage|p1a: Greninja|251\/286|[from] Stealth Rock
|turn|17
|
|move|p1a: Greninja|Hidden Power|p2a: Bisharp
|-start|p1a: Greninja|typechange|Fire|[from] Protean
|-supereffective|p2a: Bisharp
|-damage|p2a: Bisharp|0 fnt
|-damage|p1a: Greninja|223\/286|[from] item: Life Orb
|faint|p2a: Bisharp
|
|
|switch|p2a: Charizard|Charizard-Mega-Y, F|297\/297
|-weather|SunnyDay
|turn|18
|
|switch|p1a: Azumarill|Azumarill, M|401\/401
|-damage|p1a: Azumarill|351\/401|[from] Stealth Rock
|move|p2a: Charizard|Solar Beam|p1a: Azumarill|[still]
|-prepare|p2a: Charizard|Solar Beam|p1a: Azumarill
|-anim|p2a: Charizard|Solar Beam|p1a: Azumarill
|-supereffective|p1a: Azumarill
|-damage|p1a: Azumarill|55\/401
|
|-weather|SunnyDay|[upkeep]
|turn|19
|
|move|p1a: Azumarill|Aqua Jet|p2a: Charizard
|-supereffective|p2a: Charizard
|-damage|p2a: Charizard|183\/297
|move|p2a: Charizard|Solar Beam|p1a: Azumarill|[still]
|-prepare|p2a: Charizard|Solar Beam|p1a: Azumarill
|-anim|p2a: Charizard|Solar Beam|p1a: Azumarill
|-supereffective|p1a: Azumarill
|-damage|p1a: Azumarill|0 fnt
|faint|p1a: Azumarill
|
|-weather|SunnyDay|[upkeep]
|
|switch|p1a: Greninja|Greninja, F|223\/286
|-damage|p1a: Greninja|188\/286|[from] Stealth Rock
|turn|20
|
|move|p1a: Greninja|Dark Pulse|p2a: Charizard
|-start|p1a: Greninja|typechange|Dark|[from] Protean
|-damage|p2a: Charizard|53\/297
|-damage|p1a: Greninja|160\/286|[from] item: Life Orb
|move|p2a: Charizard|Solar Beam|p1a: Greninja|[still]
|-prepare|p2a: Charizard|Solar Beam|p1a: Greninja
|-anim|p2a: Charizard|Solar Beam|p1a: Greninja
|-damage|p1a: Greninja|0 fnt
|faint|p1a: Greninja
|
|-weather|SunnyDay|[upkeep]
|
|switch|p1a: Scizor|Scizor-Mega, M|311\/311
|-damage|p1a: Scizor|273\/311|[from] Stealth Rock
|turn|21
|
|switch|p2a: Rhyperior|Rhyperior, F|300\/434
|move|p1a: Scizor|Bullet Punch|p2a: Rhyperior
|-supereffective|p2a: Rhyperior
|-damage|p2a: Rhyperior|191\/434
|
|-weather|SunnyDay|[upkeep]
|-heal|p2a: Rhyperior|218\/434|[from] item: Leftovers
|turn|22
|
|move|p1a: Scizor|Swords Dance|p1a: Scizor
|-boost|p1a: Scizor|atk|2
|move|p2a: Rhyperior|Earthquake|p1a: Scizor
|-damage|p1a: Scizor|153\/311
|
|-weather|none
|-heal|p2a: Rhyperior|245\/434|[from] item: Leftovers
|turn|23
|
|move|p1a: Scizor|Swords Dance|p1a: Scizor
|-boost|p1a: Scizor|atk|2
|move|p2a: Rhyperior|Earthquake|p1a: Scizor
|-damage|p1a: Scizor|29\/311
|
|-heal|p2a: Rhyperior|272\/434|[from] item: Leftovers
|turn|24
|
|move|p1a: Scizor|Bullet Punch|p2a: Rhyperior
|-supereffective|p2a: Rhyperior
|-damage|p2a: Rhyperior|0 fnt
|faint|p2a: Rhyperior
|
|
|switch|p2a: Venusaur|Venusaur, F|264\/301
|turn|25
|
|move|p1a: Scizor|Bullet Punch|p2a: Venusaur
|-damage|p2a: Venusaur|0 fnt
|faint|p2a: Venusaur
|
|-message|xhenryx forfeited.
|
|win|kidgotowned
|raw|Ladder updating...
|leave|xhenryx
|player|p2
|raw|kidgotowned's rating: 1807 &rarr; <strong>1817<\/strong><br \/>(+10 for winning)
|raw|xhenryx's rating: 1601 &rarr; <strong>1592<\/strong><br \/>(-9 for losing)