|join|subzeromkx
|join|xhenryx
|player|p1|subzeromkx|20
|player|p2|xhenryx|1
|gametype|singles
|gen|6
|tier|OU
|rated
|clearpoke
|poke|p1|Celebi
|poke|p1|Gardevoir, F
|poke|p1|Bisharp, M
|poke|p1|Azumarill, F
|poke|p1|Latias, F
|poke|p1|Garchomp, M
|poke|p2|Venusaur, M
|poke|p2|Heatran, M
|poke|p2|Whimsicott, M
|poke|p2|Thundurus, M
|poke|p2|Garchomp, M
|poke|p2|Dugtrio, F
|rule|Swagger Clause: Swagger is banned
|rule|Baton Pass Clause: Limit one PokÃ©mon knowing Baton Pass
|rule|Sleep Clause Mod: Limit one foe put to sleep
|rule|Species Clause: Limit one of each PokÃ©mon
|rule|OHKO Clause: OHKO moves are banned
|rule|Moody Clause: Moody is banned
|rule|Evasion Moves Clause: Evasion moves are banned
|rule|Endless Battle Clause: Forcing endless battles is banned
|rule|HP Percentage Mod: HP is shown in percentages
|teampreview
|join|Pk-Kaiser
|
|start
|switch|p1a: Gardevoir|Gardevoir, F|314\/314
|switch|p2a: Whimsicott|Whimsicott, M|324\/324
|-ability|p1a: Gardevoir|Prankster|[from] ability: Trace|[of] p2a: Whimsicott
|turn|1
|
|detailschange|p1a: Gardevoir|Gardevoir-Mega, F
|-mega|p1a: Gardevoir|Gardevoir|Gardevoirite
|move|p2a: Whimsicott|U-turn|p1a: Gardevoir
|-damage|p1a: Gardevoir|252\/314
|c|âsubzeromkx|i hate gimmicky teams like these
|c|âsubzeromkx|I seriously dont know what to expect
|c| Pk-Kaiser|:l
|
|switch|p2a: Dugtrio|Dugtrio, F|211\/211
|move|p1a: Gardevoir|Hyper Voice|p2a: Dugtrio
|-enditem|p2a: Dugtrio|Focus Sash
|-damage|p2a: Dugtrio|1\/211
|
|turn|2
|
|move|p2a: Dugtrio|Earthquake|p1a: Gardevoir
|-crit|p1a: Gardevoir
|-damage|p1a: Gardevoir|0 fnt
|faint|p1a: Gardevoir
|
|
|switch|p1a: Kisame|Garchomp, M|420\/420
|turn|3
|
|move|p2a: Dugtrio|Earthquake|p1a: Kisame
|-crit|p1a: Kisame
|-damage|p1a: Kisame|282\/420
|move|p1a: Kisame|Stealth Rock|p2a: Dugtrio
|-sidestart|p2: xhenryx|move: Stealth Rock
|
|turn|4
|c|âsubzeromkx|wtf..
|
|move|p2a: Dugtrio|Earthquake|p1a: Kisame
|-damage|p1a: Kisame|182\/420
|move|p1a: Kisame|Hidden Power|p2a: Dugtrio
|-supereffective|p2a: Dugtrio
|-damage|p2a: Dugtrio|0 fnt
|faint|p2a: Dugtrio
|
|c|âsubzeromkx|I think the higher you are on the ladder the more bs you have to deal with
|
|switch|p2a: Venusaur|Venusaur, M|364\/364
|-damage|p2a: Venusaur|319\/364|[from] Stealth Rock
|turn|5
|
|switch|p1a: Celebi|Celebi|403\/403
|detailschange|p2a: Venusaur|Venusaur-Mega, M
|-mega|p2a: Venusaur|Venusaur|Venusaurite
|move|p2a: Venusaur|Giga Drain|p1a: Celebi
|-resisted|p1a: Celebi
|-damage|p1a: Celebi|342\/403
|-heal|p2a: Venusaur|350\/364|[from] drain|[of] p1a: Celebi
|
|-heal|p1a: Celebi|367\/403|[from] item: Leftovers
|turn|6
|
|move|p1a: Celebi|Thunder Wave|p2a: Venusaur
|-status|p2a: Venusaur|par
|move|p2a: Venusaur|Sludge Bomb|p1a: Celebi
|-supereffective|p1a: Celebi
|-damage|p1a: Celebi|65\/403
|-status|p1a: Celebi|psn
|
|-heal|p1a: Celebi|90\/403 psn|[from] item: Leftovers
|-damage|p1a: Celebi|40\/403 psn|[from] psn
|turn|7
|
|switch|p1a: Latias|Latias, F|319\/319
|move|p2a: Venusaur|Giga Drain|p1a: Latias
|-resisted|p1a: Latias
|-damage|p1a: Latias|262\/319
|-heal|p2a: Venusaur|364\/364 par|[from] drain|[of] p1a: Latias
|
|turn|8
|
|switch|p1a: Azumarill|Azumarill, F|363\/363
|switch|p2a: Whimsicott|Whimsicott, M|324\/324
|-damage|p2a: Whimsicott|284\/324|[from] Stealth Rock
|
|-heal|p2a: Whimsicott|304\/324|[from] item: Leftovers
|turn|9
|
|switch|p1a: Kisame|Garchomp, M|182\/420
|move|p2a: Whimsicott|Stun Spore|p1a: Kisame
|-status|p1a: Kisame|par
|
|-heal|p2a: Whimsicott|324\/324|[from] item: Leftovers
|turn|10
|
|move|p2a: Whimsicott|Leech Seed|p1a: Kisame
|-start|p1a: Kisame|move: Leech Seed
|move|p1a: Kisame|Fire Blast|p2a: Whimsicott|[miss]
|-miss|p1a: Kisame|p2a: Whimsicott
|
|-damage|p1a: Kisame|130\/420 par|[from] Leech Seed|[of] p2a: Whimsicott
|turn|11
|
|switch|p1a: Azumarill|Azumarill, F|363\/363
|move|p2a: Whimsicott|U-turn|p1a: Azumarill
|-resisted|p1a: Azumarill
|-damage|p1a: Azumarill|341\/363
|
|switch|p2a: Venusaur|Venusaur-Mega, M|364\/364 par
|-damage|p2a: Venusaur|319\/364 par|[from] Stealth Rock
|
|turn|12
|
|switch|p1a: Bisharp|Bisharp, M|272\/272
|move|p2a: Venusaur|Hidden Power|p1a: Bisharp
|-supereffective|p1a: Bisharp
|-damage|p1a: Bisharp|68\/272
|
|turn|13
|
|switch|p2a: Garchomp|Garchomp, M|357\/357
|-damage|p2a: Garchomp|335\/357|[from] Stealth Rock
|move|p1a: Bisharp|Swords Dance|p1a: Bisharp
|-boost|p1a: Bisharp|atk|2
|
|turn|14
|
|move|p1a: Bisharp|Sucker Punch|p2a: Garchomp
|-damage|p2a: Garchomp|0 fnt
|-damage|p1a: Bisharp|34\/272|[from] ability: Rough Skin|[of] p2a: Garchomp
|-damage|p1a: Bisharp|7\/272|[from] item: Life Orb
|faint|p2a: Garchomp
|
|
|switch|p2a: Whimsicott|Whimsicott, M|324\/324
|-damage|p2a: Whimsicott|284\/324|[from] Stealth Rock
|turn|15
|
|switch|p1a: Kisame|Garchomp, M|130\/420 par
|move|p2a: Whimsicott|Encore|p1a: Kisame
|-fail|p1a: Kisame
|
|-heal|p2a: Whimsicott|304\/324|[from] item: Leftovers
|turn|16
|
|move|p2a: Whimsicott|Leech Seed|p1a: Kisame
|-start|p1a: Kisame|move: Leech Seed
|move|p1a: Kisame|Fire Blast|p2a: Whimsicott
|-supereffective|p2a: Whimsicott
|-damage|p2a: Whimsicott|118\/324
|
|-heal|p2a: Whimsicott|138\/324|[from] item: Leftovers
|-damage|p1a: Kisame|78\/420 par|[from] Leech Seed|[of] p2a: Whimsicott
|-heal|p2a: Whimsicott|190\/324|[silent]
|turn|17
|
|switch|p1a: Azumarill|Azumarill, F|341\/363
|move|p2a: Whimsicott|U-turn|p1a: Azumarill
|-resisted|p1a: Azumarill
|-damage|p1a: Azumarill|316\/363
|
|switch|p2a: Venusaur|Venusaur-Mega, M|319\/364 par
|-damage|p2a: Venusaur|274\/364 par|[from] Stealth Rock
|
|turn|18
|
|switch|p1a: Kisame|Garchomp, M|78\/420 par
|cant|p2a: Venusaur|par
|
|turn|19
|
|move|p1a: Kisame|Earthquake|p2a: Venusaur
|-damage|p2a: Venusaur|154\/364 par
|move|p2a: Venusaur|Giga Drain|p1a: Kisame
|-damage|p1a: Kisame|0 fnt
|-heal|p2a: Venusaur|193\/364 par|[from] drain|[of] p1a: Kisame
|faint|p1a: Kisame
|
|
|switch|p1a: Azumarill|Azumarill, F|316\/363
|turn|20
|
|switch|p1a: Celebi|Celebi|40\/403
|move|p2a: Venusaur|Giga Drain|p1a: Celebi
|-resisted|p1a: Celebi
|-damage|p1a: Celebi|0 fnt
|-heal|p2a: Venusaur|213\/364 par|[from] drain|[of] p1a: Celebi
|faint|p1a: Celebi
|
|
|switch|p1a: Latias|Latias, F|262\/319
|turn|21
|
|switch|p2a: Heatran|Heatran, M|386\/386
|-damage|p2a: Heatran|338\/386|[from] Stealth Rock
|move|p1a: Latias|Healing Wish|p1a: Latias
|faint|p1a: Latias
|
|-heal|p2a: Heatran|362\/386|[from] item: Leftovers
|
|switch|p1a: Bisharp|Bisharp, M|7\/272
|-heal|p1a: Bisharp|272\/272|[from] move: Healing Wish
|turn|22
|
|switch|p1a: Azumarill|Azumarill, F|316\/363
|move|p2a: Heatran|Lava Plume|p1a: Azumarill
|-crit|p1a: Azumarill
|-resisted|p1a: Azumarill
|-damage|p1a: Azumarill|219\/363
|
|-heal|p2a: Heatran|386\/386|[from] item: Leftovers
|turn|23
|
|switch|p2a: Whimsicott|Whimsicott, M|190\/324
|-damage|p2a: Whimsicott|150\/324|[from] Stealth Rock
|move|p1a: Azumarill|Waterfall|p2a: Whimsicott
|-resisted|p2a: Whimsicott
|-damage|p2a: Whimsicott|42\/324
|
|-heal|p2a: Whimsicott|62\/324|[from] item: Leftovers
|turn|24
|
|move|p2a: Whimsicott|Stun Spore|p1a: Azumarill|[miss]
|-miss|p2a: Whimsicott|p1a: Azumarill
|move|p1a: Azumarill|Waterfall|p2a: Whimsicott
|-resisted|p2a: Whimsicott
|-damage|p2a: Whimsicott|0 fnt
|faint|p2a: Whimsicott
|
|c| Pk-Kaiser|yesss
|
|switch|p2a: Thundurus|Thundurus, M|299\/299
|-damage|p2a: Thundurus|225\/299|[from] Stealth Rock
|turn|25
|c|âsubzeromkx|nah
|c|âsubzeromkx|everything is gone
|c| Pk-Kaiser|oh yea..
|
|move|p2a: Thundurus|Thunderbolt|p1a: Azumarill
|-supereffective|p1a: Azumarill
|-damage|p1a: Azumarill|0 fnt
|faint|p1a: Azumarill
|
|-heal|p2a: Thundurus|243\/299|[from] item: Leftovers
|
|switch|p1a: Bisharp|Bisharp, M|272\/272
|turn|26
|
|move|p2a: Thundurus|Thunderbolt|p1a: Bisharp
|-damage|p1a: Bisharp|65\/272
|move|p1a: Bisharp|Swords Dance|p1a: Bisharp
|-boost|p1a: Bisharp|atk|2
|
|-heal|p2a: Thundurus|261\/299|[from] item: Leftovers
|turn|27
|c|âsubzeromkx|still not enough
|
|move|p2a: Thundurus|Thunder Wave|p1a: Bisharp
|-status|p1a: Bisharp|par
|move|p1a: Bisharp|Sucker Punch|p2a: Thundurus
|-fail|p2a: Thundurus
|
|-heal|p2a: Thundurus|279\/299|[from] item: Leftovers
|turn|28
|
|move|p1a: Bisharp|Sucker Punch|p2a: Thundurus
|-damage|p2a: Thundurus|0 fnt
|-damage|p1a: Bisharp|38\/272 par|[from] item: Life Orb
|faint|p2a: Thundurus
|
|
|switch|p2a: Heatran|Heatran, M|386\/386
|-damage|p2a: Heatran|338\/386|[from] Stealth Rock
|turn|29
|
|move|p2a: Heatran|Protect|p2a: Heatran
|-singleturn|p2a: Heatran|Protect
|move|p1a: Bisharp|Sucker Punch|p2a: Heatran
|-fail|p2a: Heatran
|
|-heal|p2a: Heatran|362\/386|[from] item: Leftovers
|turn|30
|
|move|p1a: Bisharp|Sucker Punch|p2a: Heatran
|-damage|p2a: Heatran|0 fnt
|-damage|p1a: Bisharp|11\/272 par|[from] item: Life Orb
|faint|p2a: Heatran
|
|c| Pk-Kaiser|omg
|
|switch|p2a: Venusaur|Venusaur-Mega, M|213\/364 par
|-damage|p2a: Venusaur|168\/364 par|[from] Stealth Rock
|turn|31
|c|âsubzeromkx|inbefore i get parad but he doesnt
|
|move|p1a: Bisharp|Iron Head|p2a: Venusaur
|-damage|p2a: Venusaur|0 fnt
|-damage|p1a: Bisharp|0 fnt|[from] item: Life Orb
|faint|p2a: Venusaur
|faint|p1a: Bisharp
|
|win|subzeromkx
|raw|Ladder updating...
|c| Pk-Kaiser|GG
|raw|subzeromkx's rating: 1899 &rarr; <strong>1905<\/strong><br \/>(+6 for winning)
|raw|xhenryx's rating: 1622 &rarr; <strong>1615<\/strong><br \/>(-7 for losing)
|c|âsubzeromkx|no
|c| Pk-Kaiser|YES
|c| Pk-Kaiser|YES
|c|âsubzeromkx|fuck that
|c|âsubzeromkx|BS game
|c| Pk-Kaiser|LOL
|c| Pk-Kaiser|your the best <3
|c|âsubzeromkx|bad fucking game
|c|âsubzeromkx|gave me a heart attack
|c|âxhenryx|???
|c| Pk-Kaiser|ik
|leave|subzeromkx
|c|âxhenryx|nice
|player|p1
|leave|xhenryx
|player|p2
|join|subzeromkx
|leave|subzeromkx