|join|xhenryx
|join|N4f33z
|player|p1|xhenryx|266
|player|p2|N4f33z|52
|gametype|singles
|gen|6
|tier|OU
|rated
|clearpoke
|poke|p1|Venusaur, M
|poke|p1|Heatran, F
|poke|p1|Whimsicott, M
|poke|p1|Thundurus, M
|poke|p1|Garchomp, M
|poke|p1|Dugtrio, F
|poke|p2|Cloyster, M
|poke|p2|Wobbuffet, F
|poke|p2|Rotom-Wash
|poke|p2|Espeon, M
|poke|p2|Pinsir, M
|poke|p2|Zygarde
|rule|Swagger Clause: Swagger is banned
|rule|Baton Pass Clause: Limit one PokÃ©mon knowing Baton Pass
|rule|Sleep Clause Mod: Limit one foe put to sleep
|rule|Species Clause: Limit one of each PokÃ©mon
|rule|OHKO Clause: OHKO moves are banned
|rule|Moody Clause: Moody is banned
|rule|Evasion Moves Clause: Evasion moves are banned
|rule|Endless Battle Clause: Forcing endless battles is banned
|rule|HP Percentage Mod: HP is shown in percentages
|teampreview
|
|start
|switch|p1a: Thundurus|Thundurus, M|299\/299
|switch|p2a: Rotom-Wash|Rotom-Wash|276\/276
|turn|1
|
|move|p2a: Rotom-Wash|Hydro Pump|p1a: Thundurus
|-damage|p1a: Thundurus|79\/299
|move|p1a: Thundurus|Thunderbolt|p2a: Rotom-Wash
|-damage|p2a: Rotom-Wash|138\/276
|
|-heal|p1a: Thundurus|97\/299|[from] item: Leftovers
|turn|2
|
|switch|p2a: Espeon|Espeon, M|271\/271
|switch|p1a: Venusaur|Venusaur, M|364\/364
|
|turn|3
|
|switch|p1a: Heatran|Heatran, F|386\/386
|move|p2a: Espeon|Psychic|p1a: Heatran
|-resisted|p1a: Heatran
|-damage|p1a: Heatran|298\/386
|
|-heal|p1a: Heatran|322\/386|[from] item: Leftovers
|turn|4
|
|move|p2a: Espeon|Psychic|p1a: Heatran
|-resisted|p1a: Heatran
|-damage|p1a: Heatran|241\/386
|move|p1a: Heatran|Lava Plume|p2a: Espeon
|-damage|p2a: Espeon|141\/271
|
|-heal|p1a: Heatran|265\/386|[from] item: Leftovers
|turn|5
|
|switch|p2a: Rotom-Wash|Rotom-Wash|138\/276
|move|p1a: Heatran|Lava Plume|p2a: Rotom-Wash
|-resisted|p2a: Rotom-Wash
|-damage|p2a: Rotom-Wash|87\/276
|
|-heal|p1a: Heatran|289\/386|[from] item: Leftovers
|turn|6
|
|move|p1a: Heatran|Protect|p1a: Heatran
|-singleturn|p1a: Heatran|Protect
|move|p2a: Rotom-Wash|Hydro Pump|p1a: Heatran
|-activate|p1a: Heatran|Protect
|
|-heal|p1a: Heatran|313\/386|[from] item: Leftovers
|turn|7
|
|move|p2a: Rotom-Wash|Hydro Pump|p1a: Heatran
|-supereffective|p1a: Heatran
|-damage|p1a: Heatran|59\/386
|move|p1a: Heatran|Toxic|p2a: Rotom-Wash
|-status|p2a: Rotom-Wash|tox
|
|-heal|p1a: Heatran|83\/386|[from] item: Leftovers
|-damage|p2a: Rotom-Wash|70\/276 tox|[from] psn
|turn|8
|
|switch|p2a: Espeon|Espeon, M|141\/271
|move|p1a: Heatran|Protect|p1a: Heatran
|-fail|p1a: Heatran
|
|-heal|p1a: Heatran|107\/386|[from] item: Leftovers
|turn|9
|
|switch|p1a: Dugtrio|Dugtrio, F|211\/211
|move|p2a: Espeon|Heal Bell|p2a: Espeon
|-cureteam|p2a: Espeon|[from] move: HealBell
|
|turn|10
|
|move|p1a: Dugtrio|Earthquake|p2a: Espeon
|-damage|p2a: Espeon|0 fnt
|faint|p2a: Espeon
|
|
|switch|p2a: Cloyster|Cloyster, M|242\/242
|turn|11
|
|switch|p1a: Whimsicott|Whimsicott, M|324\/324
|move|p2a: Cloyster|Shell Smash|p2a: Cloyster
|-boost|p2a: Cloyster|atk|2
|-boost|p2a: Cloyster|spa|2
|-boost|p2a: Cloyster|spe|2
|-unboost|p2a: Cloyster|def|1
|-unboost|p2a: Cloyster|spd|1
|
|turn|12
|
|switch|p2a: Pinsir|Pinsir, M|272\/272
|move|p1a: Whimsicott|Encore|p2a: Pinsir
|-fail|p2a: Pinsir
|
|turn|13
|
|switch|p1a: Heatran|Heatran, F|107\/386
|detailschange|p2a: Pinsir|Pinsir-Mega, M
|-mega|p2a: Pinsir|Pinsir|Pinsirite
|move|p2a: Pinsir|Return|p1a: Heatran
|-resisted|p1a: Heatran
|-damage|p1a: Heatran|0 fnt
|faint|p1a: Heatran
|
|
|switch|p1a: Dugtrio|Dugtrio, F|211\/211
|turn|14
|
|move|p1a: Dugtrio|Stone Edge|p2a: Pinsir|[miss]
|-miss|p1a: Dugtrio|p2a: Pinsir
|move|p2a: Pinsir|Return|p1a: Dugtrio
|-enditem|p1a: Dugtrio|Focus Sash
|-damage|p1a: Dugtrio|1\/211
|
|turn|15
|c|âxhenryx|KKKKKKKKKK
|
|switch|p1a: Garchomp|Garchomp, M|357\/357
|move|p2a: Pinsir|Quick Attack|p1a: Garchomp
|-damage|p1a: Garchomp|255\/357
|-damage|p2a: Pinsir|238\/272|[from] ability: Rough Skin|[of] p1a: Garchomp
|
|turn|16
|
|move|p2a: Pinsir|Return|p1a: Garchomp
|-damage|p1a: Garchomp|0 fnt
|-damage|p2a: Pinsir|204\/272|[from] ability: Rough Skin|[of] p1a: Garchomp
|faint|p1a: Garchomp
|
|c|âxhenryx|how did attack first?
|c|âxhenryx|is it a hack?
|c|âxhenryx|answer
|c|âxhenryx|are you a hacker?
|c|âxhenryx|i was recording it
|c|âxhenryx|i will show to everyone here
|-message|xhenryx forfeited.
|leave|xhenryx
|
|win|N4f33z
|raw|Ladder updating...
|player|p1
|raw|xhenryx's rating: 1661 &rarr; <strong>1633<\/strong><br \/>(-28 for losing)
|raw|N4f33z's rating: 1524 &rarr; <strong>1551<\/strong><br \/>(+27 for winning)