|join|shasso
|join|crazybones
|player|p1|shasso|169
|player|p2|crazybones|211
|gametype|singles
|gen|6
|tier|OU
|rated
|clearpoke
|poke|p1|Bisharp, M
|poke|p1|Chesnaught, F
|poke|p1|Azumarill, F
|poke|p1|Rotom-Wash
|poke|p1|Landorus-Therian, M
|poke|p1|Gardevoir, M
|poke|p2|Victini
|poke|p2|Staraptor, M, shiny
|poke|p2|Scolipede, M, shiny
|poke|p2|Latias, F, shiny
|poke|p2|Infernape, M, shiny
|poke|p2|Suicune, shiny
|rule|Swagger Clause: Swagger is banned
|rule|Baton Pass Clause: Limit one PokÃ©mon knowing Baton Pass
|rule|Sleep Clause Mod: Limit one foe put to sleep
|rule|Species Clause: Limit one of each PokÃ©mon
|rule|OHKO Clause: OHKO moves are banned
|rule|Moody Clause: Moody is banned
|rule|Evasion Moves Clause: Evasion moves are banned
|rule|Endless Battle Clause: Forcing endless battles is banned
|rule|HP Percentage Mod: HP is shown in percentages
|teampreview
|
|start
|switch|p1a: Landorus-Therian|Landorus-Therian, M|382\/382
|switch|p2a: Infernape|Infernape, M, shiny|355\/355
|-ability|p1a: Landorus-Therian|Intimidate|[of] p2a: Infernape
|-unboost|p2a: Infernape|atk|1
|turn|1
|
|move|p2a: Infernape|Fake Out|p1a: Landorus-Therian
|-damage|p1a: Landorus-Therian|362\/382
|cant|p1a: Landorus-Therian|flinch
|
|-heal|p1a: Landorus-Therian|382\/382|[from] item: Leftovers
|turn|2
|
|move|p2a: Infernape|Taunt|p1a: Landorus-Therian
|-start|p1a: Landorus-Therian|move: Taunt
|cant|p1a: Landorus-Therian|move: Taunt|Stealth Rock
|
|turn|3
|
|move|p2a: Infernape|Stealth Rock|p1a: Landorus-Therian
|-sidestart|p1: shasso|move: Stealth Rock
|move|p1a: Landorus-Therian|Earthquake|p2a: Infernape
|-supereffective|p2a: Infernape
|-enditem|p2a: Infernape|Focus Sash
|-damage|p2a: Infernape|1\/355
|
|turn|4
|
|move|p2a: Infernape|Overheat|p1a: Landorus-Therian
|-damage|p1a: Landorus-Therian|81\/382
|-unboost|p2a: Infernape|spa|2
|move|p1a: Landorus-Therian|Earthquake|p2a: Infernape
|-supereffective|p2a: Infernape
|-damage|p2a: Infernape|0 fnt
|faint|p2a: Infernape
|
|-heal|p1a: Landorus-Therian|104\/382|[from] item: Leftovers
|-end|p1a: Landorus-Therian|move: Taunt
|
|switch|p2a: Suicune|Suicune, shiny|403\/403
|-ability|p2a: Suicune|Pressure
|turn|5
|
|move|p1a: Landorus-Therian|Stealth Rock|p2a: Suicune
|-sidestart|p2: crazybones|move: Stealth Rock
|move|p2a: Suicune|Scald|p1a: Landorus-Therian
|-supereffective|p1a: Landorus-Therian
|-damage|p1a: Landorus-Therian|0 fnt
|faint|p1a: Landorus-Therian
|
|
|switch|p1a: Rotom-Wash|Rotom-Wash|304\/304
|-damage|p1a: Rotom-Wash|266\/304|[from] Stealth Rock
|turn|6
|
|move|p1a: Rotom-Wash|Volt Switch|p2a: Suicune
|-supereffective|p2a: Suicune
|-damage|p2a: Suicune|253\/403
|
|switch|p1a: Chesnaught|Chesnaught, F|380\/380
|-damage|p1a: Chesnaught|357\/380|[from] Stealth Rock
|move|p2a: Suicune|Calm Mind|p2a: Suicune
|-boost|p2a: Suicune|spa|1
|-boost|p2a: Suicune|spd|1
|
|-heal|p2a: Suicune|278\/403|[from] item: Leftovers
|-heal|p1a: Chesnaught|380\/380|[from] item: Leftovers
|turn|7
|
|move|p2a: Suicune|Scald|p1a: Chesnaught
|-resisted|p1a: Chesnaught
|-damage|p1a: Chesnaught|294\/380
|move|p1a: Chesnaught|Leech Seed|p2a: Suicune
|-start|p2a: Suicune|move: Leech Seed
|
|-heal|p2a: Suicune|303\/403|[from] item: Leftovers
|-heal|p1a: Chesnaught|317\/380|[from] item: Leftovers
|-damage|p2a: Suicune|253\/403|[from] Leech Seed|[of] p1a: Chesnaught
|-heal|p1a: Chesnaught|367\/380|[silent]
|turn|8
|
|switch|p1a: Rotom-Wash|Rotom-Wash|266\/304
|-damage|p1a: Rotom-Wash|228\/304|[from] Stealth Rock
|move|p2a: Suicune|Scald|p1a: Rotom-Wash
|-resisted|p1a: Rotom-Wash
|-damage|p1a: Rotom-Wash|168\/304
|
|-heal|p1a: Rotom-Wash|187\/304|[from] item: Leftovers
|-heal|p2a: Suicune|278\/403|[from] item: Leftovers
|-damage|p2a: Suicune|228\/403|[from] Leech Seed|[of] p1a: Rotom-Wash
|-heal|p1a: Rotom-Wash|237\/304|[silent]
|turn|9
|
|move|p1a: Rotom-Wash|Volt Switch|p2a: Suicune
|-supereffective|p2a: Suicune
|-damage|p2a: Suicune|126\/403
|
|switch|p1a: Gardevoir|Gardevoir, M|277\/277
|-damage|p1a: Gardevoir|243\/277|[from] Stealth Rock
|-ability|p1a: Gardevoir|Pressure|[from] ability: Trace|[of] p2a: Suicune
|-ability|p1a: Gardevoir|Pressure
|move|p2a: Suicune|Scald|p1a: Gardevoir
|-damage|p1a: Gardevoir|137\/277
|
|-heal|p2a: Suicune|151\/403|[from] item: Leftovers
|-damage|p2a: Suicune|101\/403|[from] Leech Seed|[of] p1a: Gardevoir
|-heal|p1a: Gardevoir|187\/277|[silent]
|turn|10
|
|detailschange|p1a: Gardevoir|Gardevoir-Mega, M
|-mega|p1a: Gardevoir|Gardevoir|Gardevoirite
|move|p1a: Gardevoir|Hyper Voice|p2a: Suicune
|-damage|p2a: Suicune|0 fnt
|faint|p2a: Suicune
|
|
|switch|p2a: Staraptor|Staraptor, M, shiny|374\/374
|-damage|p2a: Staraptor|281\/374|[from] Stealth Rock
|-ability|p2a: Staraptor|Intimidate|[of] p1a: Gardevoir
|-unboost|p1a: Gardevoir|atk|1
|turn|11
|
|switch|p1a: Rotom-Wash|Rotom-Wash|237\/304
|-damage|p1a: Rotom-Wash|199\/304|[from] Stealth Rock
|move|p2a: Staraptor|Final Gambit|p1a: Rotom-Wash
|-damage|p1a: Rotom-Wash|0 fnt
|faint|p2a: Staraptor
|faint|p1a: Rotom-Wash
|
|
|switch|p2a: Victini|Victini|404\/404
|switch|p1a: Chesnaught|Chesnaught, F|367\/380
|-damage|p2a: Victini|303\/404|[from] Stealth Rock
|-damage|p1a: Chesnaught|344\/380|[from] Stealth Rock
|turn|12
|
|move|p1a: Chesnaught|Spiky Shield|p1a: Chesnaught
|-singleturn|p1a: Chesnaught|move: Protect
|move|p2a: Victini|Final Gambit|p1a: Chesnaught
|-activate|p1a: Chesnaught|move: Protect
|
|-heal|p1a: Chesnaught|367\/380|[from] item: Leftovers
|turn|13
|
|move|p2a: Victini|Final Gambit|p1a: Chesnaught
|-damage|p1a: Chesnaught|64\/380
|faint|p2a: Victini
|move|p1a: Chesnaught|Spikes|p2: Victini
|-sidestart|p2: crazybones|Spikes
|
|-heal|p1a: Chesnaught|87\/380|[from] item: Leftovers
|
|switch|p2a: Scolipede|Scolipede, M, shiny|315\/315
|-damage|p2a: Scolipede|276\/315|[from] Spikes
|-damage|p2a: Scolipede|198\/315|[from] Stealth Rock
|turn|14
|
|move|p2a: Scolipede|Substitute|p2a: Scolipede
|-start|p2a: Scolipede|Substitute
|-damage|p2a: Scolipede|120\/315
|move|p1a: Chesnaught|Leech Seed|p2a: Scolipede
|
|-heal|p1a: Chesnaught|110\/380|[from] item: Leftovers
|-boost|p2a: Scolipede|spe|1|[from] ability: Speed Boost
|turn|15
|
|move|p2a: Scolipede|Iron Defense|p2a: Scolipede
|-boost|p2a: Scolipede|def|2
|move|p1a: Chesnaught|Drain Punch|p2a: Scolipede
|-resisted|p2a: Scolipede
|-activate|p2a: Scolipede|Substitute|[damage]
|-heal|p1a: Chesnaught|115\/380|[from] drain|[of] p2a: Scolipede
|
|-heal|p1a: Chesnaught|138\/380|[from] item: Leftovers
|-boost|p2a: Scolipede|spe|1|[from] ability: Speed Boost
|turn|16
|
|switch|p1a: Gardevoir|Gardevoir-Mega, M|187\/277
|-damage|p1a: Gardevoir|153\/277|[from] Stealth Rock
|move|p2a: Scolipede|Baton Pass|p2a: Scolipede
|
|switch|p2a: Latias|Latias, F, shiny|364\/364
|-damage|p2a: Latias|319\/364|[from] Stealth Rock
|
|turn|17
|
|detailschange|p2a: Latias|Latias-Mega, F, shiny
|-mega|p2a: Latias|Latias|Latiasite
|move|p2a: Latias|Calm Mind|p2a: Latias
|-boost|p2a: Latias|spa|1
|-boost|p2a: Latias|spd|1
|move|p1a: Gardevoir|Hyper Voice|p2a: Latias
|-supereffective|p2a: Latias
|-damage|p2a: Latias|145\/364
|
|turn|18
|
|move|p2a: Latias|Roost|p2a: Latias
|-heal|p2a: Latias|327\/364
|move|p1a: Gardevoir|Hyper Voice|p2a: Latias
|-supereffective|p2a: Latias
|-damage|p2a: Latias|145\/364
|
|turn|19
|
|move|p2a: Latias|Roost|p2a: Latias
|-heal|p2a: Latias|327\/364
|move|p1a: Gardevoir|Calm Mind|p1a: Gardevoir
|-boost|p1a: Gardevoir|spa|1
|-boost|p1a: Gardevoir|spd|1
|
|turn|20
|
|move|p2a: Latias|Calm Mind|p2a: Latias
|-boost|p2a: Latias|spa|1
|-boost|p2a: Latias|spd|1
|move|p1a: Gardevoir|Hyper Voice|p2a: Latias
|-supereffective|p2a: Latias
|-damage|p2a: Latias|139\/364
|
|turn|21
|
|move|p2a: Latias|Roost|p2a: Latias
|-heal|p2a: Latias|321\/364
|move|p1a: Gardevoir|Hyper Voice|p2a: Latias
|-supereffective|p2a: Latias
|-damage|p2a: Latias|127\/364
|
|turn|22
|
|move|p2a: Latias|Roost|p2a: Latias
|-heal|p2a: Latias|309\/364
|move|p1a: Gardevoir|Hyper Voice|p2a: Latias
|-supereffective|p2a: Latias
|-damage|p2a: Latias|105\/364
|
|turn|23
|
|move|p2a: Latias|Stored Power|p1a: Gardevoir
|-resisted|p1a: Gardevoir
|-damage|p1a: Gardevoir|8\/277
|move|p1a: Gardevoir|Hyper Voice|p2a: Latias
|-supereffective|p2a: Latias
|-damage|p2a: Latias|0 fnt
|faint|p2a: Latias
|
|leave|crazybones
|player|p2
|-message|crazybones lost due to inactivity.
|
|win|shasso
|raw|Ladder updating...
|raw|shasso's rating: 1658 &rarr; <strong>1677<\/strong><br \/>(+19 for winning)
|raw|crazybones's rating: 1644 &rarr; <strong>1625<\/strong><br \/>(-19 for losing)