|join|crazybones
|join|Like me 2
|player|p1|crazybones|211
|player|p2|Like me 2|265
|gametype|singles
|gen|6
|tier|OU
|rated
|clearpoke
|poke|p1|Gardevoir, F, shiny
|poke|p1|Chansey, F
|poke|p1|Landorus-Therian, M
|poke|p1|Gothitelle, M
|poke|p1|Mandibuzz, F
|poke|p1|Jirachi
|poke|p2|Clefable, F
|poke|p2|Keldeo-Resolute
|poke|p2|Latias, F
|poke|p2|Raikou
|poke|p2|Tornadus-Therian, M
|poke|p2|Metagross
|rule|Swagger Clause: Swagger is banned
|rule|Baton Pass Clause: Limit one PokÃ©mon knowing Baton Pass
|rule|Sleep Clause Mod: Limit one foe put to sleep
|rule|Species Clause: Limit one of each PokÃ©mon
|rule|OHKO Clause: OHKO moves are banned
|rule|Moody Clause: Moody is banned
|rule|Evasion Moves Clause: Evasion moves are banned
|rule|Endless Battle Clause: Forcing endless battles is banned
|rule|HP Percentage Mod: HP is shown in percentages
|teampreview
|join|MVDW
|join|Drummy
|
|start
|switch|p1a: Jirachi|Jirachi|341\/341
|switch|p2a: Tornadus-Therian|Tornadus-Therian, M|299\/299
|turn|1
|
|move|p1a: Jirachi|Iron Head|p2a: Tornadus-Therian
|-damage|p2a: Tornadus-Therian|128\/299
|move|p2a: Tornadus-Therian|Heat Wave|p1a: Jirachi
|-supereffective|p1a: Jirachi
|-damage|p1a: Jirachi|155\/341
|
|turn|2
|
|switch|p2a: Keldeo-Resolute|Keldeo-Resolute|324\/324
|move|p1a: Jirachi|Iron Head|p2a: Keldeo-Resolute
|-resisted|p2a: Keldeo-Resolute
|-damage|p2a: Keldeo-Resolute|263\/324
|
|-heal|p2a: Keldeo-Resolute|283\/324|[from] item: Leftovers
|turn|3
|
|switch|p1a: Mandibuzz|Mandibuzz, F|423\/423
|move|p2a: Keldeo-Resolute|Substitute|p2a: Keldeo-Resolute
|-start|p2a: Keldeo-Resolute|Substitute
|-damage|p2a: Keldeo-Resolute|202\/324
|
|-heal|p2a: Keldeo-Resolute|222\/324|[from] item: Leftovers
|turn|4
|
|move|p2a: Keldeo-Resolute|Scald|p1a: Mandibuzz
|-damage|p1a: Mandibuzz|285\/423
|move|p1a: Mandibuzz|Whirlwind|p2a: Keldeo-Resolute
|drag|p2a: Metagross|Metagross|301\/301
|
|-heal|p1a: Mandibuzz|311\/423|[from] item: Leftovers
|turn|5
|
|switch|p2a: Clefable|Clefable, F|394\/394
|move|p1a: Mandibuzz|Foul Play|p2a: Clefable
|-resisted|p2a: Clefable
|-damage|p2a: Clefable|360\/394
|
|-heal|p1a: Mandibuzz|337\/423|[from] item: Leftovers
|-heal|p2a: Clefable|384\/394|[from] item: Leftovers
|turn|6
|
|move|p1a: Mandibuzz|U-turn|p2a: Clefable
|-resisted|p2a: Clefable
|-damage|p2a: Clefable|368\/394
|
|switch|p1a: Gothitelle|Gothitelle, M|343\/343
|move|p2a: Clefable|Stealth Rock|p1a: Gothitelle
|-sidestart|p1: crazybones|move: Stealth Rock
|
|-heal|p2a: Clefable|392\/394|[from] item: Leftovers
|turn|7
|
|move|p1a: Gothitelle|Trick|p2a: Clefable
|-activate|p1a: Gothitelle|move: Trick|[of] p2a: Clefable
|-item|p2a: Clefable|Choice Scarf|[from] move: Trick
|-item|p1a: Gothitelle|Leftovers|[from] move: Trick
|move|p2a: Clefable|Moonblast|p1a: Gothitelle
|-damage|p1a: Gothitelle|244\/343
|
|-heal|p1a: Gothitelle|265\/343|[from] item: Leftovers
|turn|8
|
|move|p2a: Clefable|Moonblast|p1a: Gothitelle
|-damage|p1a: Gothitelle|174\/343
|-unboost|p1a: Gothitelle|spa|1
|move|p1a: Gothitelle|Hidden Power|p2a: Clefable
|-damage|p2a: Clefable|348\/394
|
|-heal|p1a: Gothitelle|195\/343|[from] item: Leftovers
|turn|9
|
|move|p2a: Clefable|Moonblast|p1a: Gothitelle
|-damage|p1a: Gothitelle|89\/343
|move|p1a: Gothitelle|Rest|p1a: Gothitelle
|-status|p1a: Gothitelle|slp
|-heal|p1a: Gothitelle|343\/343 slp|[silent]
|-status|p1a: Gothitelle|slp|[from] move: Rest
|
|turn|10
|
|move|p2a: Clefable|Moonblast|p1a: Gothitelle
|-damage|p1a: Gothitelle|238\/343 slp
|cant|p1a: Gothitelle|slp
|
|-heal|p1a: Gothitelle|259\/343 slp|[from] item: Leftovers
|turn|11
|
|move|p2a: Clefable|Moonblast|p1a: Gothitelle
|-damage|p1a: Gothitelle|154\/343 slp
|cant|p1a: Gothitelle|slp
|
|-heal|p1a: Gothitelle|175\/343 slp|[from] item: Leftovers
|turn|12
|c| MVDW|skip turn
|c| MVDW|each time pls
|
|move|p2a: Clefable|Moonblast|p1a: Gothitelle
|-damage|p1a: Gothitelle|69\/343 slp
|-curestatus|p1a: Gothitelle|slp
|move|p1a: Gothitelle|Rest|p1a: Gothitelle
|-status|p1a: Gothitelle|slp
|-heal|p1a: Gothitelle|343\/343 slp|[silent]
|-status|p1a: Gothitelle|slp|[from] move: Rest
|
|turn|13
|
|move|p2a: Clefable|Moonblast|p1a: Gothitelle
|-damage|p1a: Gothitelle|235\/343 slp
|cant|p1a: Gothitelle|slp
|
|-heal|p1a: Gothitelle|256\/343 slp|[from] item: Leftovers
|turn|14
|c|âLike me 2|zzzz
|
|move|p2a: Clefable|Moonblast|p1a: Gothitelle
|-damage|p1a: Gothitelle|154\/343 slp
|cant|p1a: Gothitelle|slp
|
|-heal|p1a: Gothitelle|175\/343 slp|[from] item: Leftovers
|turn|15
|
|move|p2a: Clefable|Moonblast|p1a: Gothitelle
|-damage|p1a: Gothitelle|76\/343 slp
|-unboost|p1a: Gothitelle|spa|1
|-curestatus|p1a: Gothitelle|slp
|move|p1a: Gothitelle|Rest|p1a: Gothitelle
|-status|p1a: Gothitelle|slp
|-heal|p1a: Gothitelle|343\/343 slp|[silent]
|-status|p1a: Gothitelle|slp|[from] move: Rest
|
|turn|16
|join|ryzed
|
|move|p2a: Clefable|Moonblast|p1a: Gothitelle
|-damage|p1a: Gothitelle|252\/343 slp
|cant|p1a: Gothitelle|slp
|
|-heal|p1a: Gothitelle|273\/343 slp|[from] item: Leftovers
|turn|17
|
|move|p2a: Clefable|Moonblast|p1a: Gothitelle
|-crit|p1a: Gothitelle
|-damage|p1a: Gothitelle|114\/343 slp
|-unboost|p1a: Gothitelle|spa|1
|cant|p1a: Gothitelle|slp
|
|-heal|p1a: Gothitelle|135\/343 slp|[from] item: Leftovers
|turn|18
|
|move|p2a: Clefable|Moonblast|p1a: Gothitelle
|-damage|p1a: Gothitelle|39\/343 slp
|-unboost|p1a: Gothitelle|spa|1
|-curestatus|p1a: Gothitelle|slp
|move|p1a: Gothitelle|Rest|p1a: Gothitelle
|-status|p1a: Gothitelle|slp
|-heal|p1a: Gothitelle|343\/343 slp|[silent]
|-status|p1a: Gothitelle|slp|[from] move: Rest
|
|turn|19
|
|move|p2a: Clefable|Moonblast|p1a: Gothitelle
|-damage|p1a: Gothitelle|240\/343 slp
|-unboost|p1a: Gothitelle|spa|1
|cant|p1a: Gothitelle|slp
|
|-heal|p1a: Gothitelle|261\/343 slp|[from] item: Leftovers
|turn|20
|
|move|p2a: Clefable|Moonblast|p1a: Gothitelle
|-damage|p1a: Gothitelle|165\/343 slp
|cant|p1a: Gothitelle|slp
|
|-heal|p1a: Gothitelle|186\/343 slp|[from] item: Leftovers
|turn|21
|
|move|p2a: Clefable|Moonblast|p1a: Gothitelle
|-damage|p1a: Gothitelle|81\/343 slp
|-unboost|p1a: Gothitelle|spa|1
|-curestatus|p1a: Gothitelle|slp
|move|p1a: Gothitelle|Rest|p1a: Gothitelle
|-status|p1a: Gothitelle|slp
|-heal|p1a: Gothitelle|343\/343 slp|[silent]
|-status|p1a: Gothitelle|slp|[from] move: Rest
|
|turn|22
|c|âLike me 2|why i play cancer all the time
|
|move|p2a: Clefable|Moonblast|p1a: Gothitelle
|-crit|p1a: Gothitelle
|-damage|p1a: Gothitelle|190\/343 slp
|cant|p1a: Gothitelle|slp
|
|-heal|p1a: Gothitelle|211\/343 slp|[from] item: Leftovers
|turn|23
|
|move|p2a: Clefable|Moonblast|p1a: Gothitelle
|-damage|p1a: Gothitelle|120\/343 slp
|cant|p1a: Gothitelle|slp
|
|-heal|p1a: Gothitelle|141\/343 slp|[from] item: Leftovers
|turn|24
|
|move|p2a: Clefable|Moonblast|p1a: Gothitelle
|-crit|p1a: Gothitelle
|-damage|p1a: Gothitelle|0 fnt
|faint|p1a: Gothitelle
|
|
|switch|p1a: Chansey|Chansey, F|703\/703
|-damage|p1a: Chansey|616\/703|[from] Stealth Rock
|turn|25
|
|switch|p2a: Latias|Latias, F|319\/319
|move|p1a: Chansey|Thunder Wave|p2a: Latias
|-status|p2a: Latias|par
|
|turn|26
|
|move|p1a: Chansey|Thunder Wave|p2a: Latias
|-fail|p2a: Latias|par
|move|p2a: Latias|Psyshock|p1a: Chansey
|-damage|p1a: Chansey|392\/703
|-damage|p2a: Latias|288\/319 par|[from] item: Life Orb
|
|turn|27
|
|switch|p2a: Raikou|Raikou|321\/321
|-ability|p2a: Raikou|Pressure
|move|p1a: Chansey|Soft-Boiled|p1a: Chansey
|-heal|p1a: Chansey|703\/703
|
|turn|28
|
|move|p2a: Raikou|Volt Switch|p1a: Chansey
|-damage|p1a: Chansey|592\/703
|
|switch|p2a: Clefable|Clefable, F|348\/394
|move|p1a: Chansey|Thunder Wave|p2a: Clefable
|-status|p2a: Clefable|par
|
|turn|29
|
|move|p1a: Chansey|Seismic Toss|p2a: Clefable
|-damage|p2a: Clefable|248\/394 par
|cant|p2a: Clefable|par
|
|turn|30
|
|switch|p2a: Metagross|Metagross|301\/301
|move|p1a: Chansey|Seismic Toss|p2a: Metagross
|-damage|p2a: Metagross|201\/301
|
|turn|31
|
|switch|p1a: Landorus-Therian|Landorus-Therian, M|381\/381
|-damage|p1a: Landorus-Therian|334\/381|[from] Stealth Rock
|-ability|p1a: Landorus-Therian|Intimidate|[of] p2a: Metagross
|-fail|p2a: Metagross|unboost|[from] ability: Clear Body|[of] p2a: Metagross
|detailschange|p2a: Metagross|Metagross-Mega
|-mega|p2a: Metagross|Metagross|Metagrossite
|move|p2a: Metagross|Meteor Mash|p1a: Landorus-Therian|[miss]
|-miss|p2a: Metagross|p1a: Landorus-Therian
|
|-heal|p1a: Landorus-Therian|357\/381|[from] item: Leftovers
|turn|32
|
|move|p2a: Metagross|Meteor Mash|p1a: Landorus-Therian
|-damage|p1a: Landorus-Therian|167\/381
|move|p1a: Landorus-Therian|Stealth Rock|p2a: Metagross
|-sidestart|p2: Like me 2|move: Stealth Rock
|
|-heal|p1a: Landorus-Therian|190\/381|[from] item: Leftovers
|turn|33
|
|move|p2a: Metagross|Meteor Mash|p1a: Landorus-Therian
|-damage|p1a: Landorus-Therian|4\/381
|move|p1a: Landorus-Therian|Earthquake|p2a: Metagross
|-supereffective|p2a: Metagross
|-damage|p2a: Metagross|0 fnt
|faint|p2a: Metagross
|
|-heal|p1a: Landorus-Therian|27\/381|[from] item: Leftovers
|
|switch|p2a: Tornadus-Therian|Tornadus-Therian, M|227\/299
|-damage|p2a: Tornadus-Therian|153\/299|[from] Stealth Rock
|turn|34
|
|move|p2a: Tornadus-Therian|Heat Wave|p1a: Landorus-Therian
|-damage|p1a: Landorus-Therian|0 fnt
|faint|p1a: Landorus-Therian
|
|
|switch|p1a: Jirachi|Jirachi|155\/341
|-damage|p1a: Jirachi|134\/341|[from] Stealth Rock
|turn|35
|
|switch|p2a: Raikou|Raikou|321\/321
|-damage|p2a: Raikou|281\/321|[from] Stealth Rock
|-ability|p2a: Raikou|Pressure
|move|p1a: Jirachi|Iron Head|p2a: Raikou
|-resisted|p2a: Raikou
|-damage|p2a: Raikou|203\/321
|
|turn|36
|
|switch|p1a: Chansey|Chansey, F|592\/703
|-damage|p1a: Chansey|505\/703|[from] Stealth Rock
|move|p2a: Raikou|Volt Switch|p1a: Chansey
|-damage|p1a: Chansey|397\/703
|
|switch|p2a: Keldeo-Resolute|Keldeo-Resolute|222\/324
|-damage|p2a: Keldeo-Resolute|202\/324|[from] Stealth Rock
|
|-heal|p2a: Keldeo-Resolute|222\/324|[from] item: Leftovers
|turn|37
|
|switch|p1a: Mandibuzz|Mandibuzz, F|337\/423
|-damage|p1a: Mandibuzz|232\/423|[from] Stealth Rock
|move|p2a: Keldeo-Resolute|Secret Sword|p1a: Mandibuzz
|-damage|p1a: Mandibuzz|123\/423
|
|-heal|p2a: Keldeo-Resolute|242\/324|[from] item: Leftovers
|-heal|p1a: Mandibuzz|149\/423|[from] item: Leftovers
|turn|38
|
|move|p2a: Keldeo-Resolute|Scald|p1a: Mandibuzz
|-damage|p1a: Mandibuzz|11\/423
|move|p1a: Mandibuzz|U-turn|p2a: Keldeo-Resolute
|-resisted|p2a: Keldeo-Resolute
|-damage|p2a: Keldeo-Resolute|223\/324
|
|switch|p1a: Gardevoir|Gardevoir, F, shiny|339\/339
|-damage|p1a: Gardevoir|297\/339|[from] Stealth Rock
|
|-heal|p2a: Keldeo-Resolute|243\/324|[from] item: Leftovers
|turn|39
|
|switch|p2a: Clefable|Clefable, F|248\/394 par
|detailschange|p1a: Gardevoir|Gardevoir-Mega, F, shiny
|-mega|p1a: Gardevoir|Gardevoir|Gardevoirite
|move|p1a: Gardevoir|Hyper Voice|p2a: Clefable
|-damage|p2a: Clefable|0 fnt
|faint|p2a: Clefable
|
|
|switch|p2a: Raikou|Raikou|203\/321
|-damage|p2a: Raikou|163\/321|[from] Stealth Rock
|-ability|p2a: Raikou|Pressure
|turn|40
|
|move|p2a: Raikou|Volt Switch|p1a: Gardevoir
|-damage|p1a: Gardevoir|170\/339
|
|switch|p2a: Latias|Latias, F|288\/319 par
|-damage|p2a: Latias|249\/319 par|[from] Stealth Rock
|move|p1a: Gardevoir|Hyper Voice|p2a: Latias
|-supereffective|p2a: Latias
|-damage|p2a: Latias|0 fnt
|faint|p2a: Latias
|
|
|switch|p2a: Raikou|Raikou|163\/321
|-damage|p2a: Raikou|123\/321|[from] Stealth Rock
|-ability|p2a: Raikou|Pressure
|turn|41
|
|switch|p1a: Mandibuzz|Mandibuzz, F|11\/423
|-damage|p1a: Mandibuzz|0 fnt|[from] Stealth Rock
|faint|p1a: Mandibuzz
|move|p2a: Raikou|Shadow Ball|p1: Mandibuzz|[notarget]
|-notarget
|
|
|switch|p1a: Chansey|Chansey, F|397\/703
|-damage|p1a: Chansey|310\/703|[from] Stealth Rock
|turn|42
|
|switch|p2a: Keldeo-Resolute|Keldeo-Resolute|243\/324
|-damage|p2a: Keldeo-Resolute|223\/324|[from] Stealth Rock
|move|p1a: Chansey|Thunder Wave|p2a: Keldeo-Resolute
|-status|p2a: Keldeo-Resolute|par
|
|-heal|p2a: Keldeo-Resolute|243\/324 par|[from] item: Leftovers
|turn|43
|
|move|p1a: Chansey|Soft-Boiled|p1a: Chansey
|-heal|p1a: Chansey|662\/703
|move|p2a: Keldeo-Resolute|Secret Sword|p1a: Chansey
|-supereffective|p1a: Chansey
|-damage|p1a: Chansey|234\/703
|
|-heal|p2a: Keldeo-Resolute|263\/324 par|[from] item: Leftovers
|turn|44
|
|move|p1a: Chansey|Soft-Boiled|p1a: Chansey
|-heal|p1a: Chansey|586\/703
|move|p2a: Keldeo-Resolute|Scald|p1a: Chansey
|-damage|p1a: Chansey|502\/703
|
|-heal|p2a: Keldeo-Resolute|283\/324 par|[from] item: Leftovers
|turn|45
|
|switch|p1a: Gardevoir|Gardevoir-Mega, F, shiny|170\/339
|-damage|p1a: Gardevoir|128\/339|[from] Stealth Rock
|move|p2a: Keldeo-Resolute|Secret Sword|p1a: Gardevoir
|-resisted|p1a: Gardevoir
|-damage|p1a: Gardevoir|71\/339
|
|-heal|p2a: Keldeo-Resolute|303\/324 par|[from] item: Leftovers
|turn|46
|
|switch|p2a: Raikou|Raikou|123\/321
|-damage|p2a: Raikou|83\/321|[from] Stealth Rock
|-ability|p2a: Raikou|Pressure
|move|p1a: Gardevoir|Hyper Voice|p2a: Raikou
|-damage|p2a: Raikou|0 fnt
|faint|p2a: Raikou
|
|
|switch|p2a: Tornadus-Therian|Tornadus-Therian, M|252\/299
|-damage|p2a: Tornadus-Therian|178\/299|[from] Stealth Rock
|turn|47
|
|switch|p1a: Chansey|Chansey, F|502\/703
|-damage|p1a: Chansey|415\/703|[from] Stealth Rock
|move|p2a: Tornadus-Therian|U-turn|p1a: Chansey
|-damage|p1a: Chansey|331\/703
|
|switch|p2a: Keldeo-Resolute|Keldeo-Resolute|303\/324 par
|-damage|p2a: Keldeo-Resolute|283\/324 par|[from] Stealth Rock
|
|-heal|p2a: Keldeo-Resolute|303\/324 par|[from] item: Leftovers
|turn|48
|
|move|p1a: Chansey|Seismic Toss|p2a: Keldeo-Resolute
|-damage|p2a: Keldeo-Resolute|203\/324 par
|move|p2a: Keldeo-Resolute|Secret Sword|p1a: Chansey
|-supereffective|p1a: Chansey
|-damage|p1a: Chansey|0 fnt
|faint|p1a: Chansey
|
|-heal|p2a: Keldeo-Resolute|223\/324 par|[from] item: Leftovers
|
|switch|p1a: Jirachi|Jirachi|134\/341
|-damage|p1a: Jirachi|113\/341|[from] Stealth Rock
|turn|49
|
|move|p1a: Jirachi|Healing Wish|p1a: Jirachi
|faint|p1a: Jirachi
|move|p2a: Keldeo-Resolute|Secret Sword|p1: Jirachi|[notarget]
|-notarget
|
|-heal|p2a: Keldeo-Resolute|243\/324 par|[from] item: Leftovers
|
|switch|p1a: Gardevoir|Gardevoir-Mega, F, shiny|71\/339
|-heal|p1a: Gardevoir|339\/339|[from] move: Healing Wish
|-damage|p1a: Gardevoir|297\/339|[from] Stealth Rock
|turn|50
|c|âLike me 2|jirachi scarf with healing wish
|
|move|p1a: Gardevoir|Hyper Voice|p2a: Keldeo-Resolute
|-supereffective|p2a: Keldeo-Resolute
|-damage|p2a: Keldeo-Resolute|0 fnt
|faint|p2a: Keldeo-Resolute
|
|c|âLike me 2|you are so high
|
|switch|p2a: Tornadus-Therian|Tornadus-Therian, M|277\/299
|-damage|p2a: Tornadus-Therian|203\/299|[from] Stealth Rock
|turn|51
|
|move|p2a: Tornadus-Therian|Hurricane|p1a: Gardevoir
|-damage|p1a: Gardevoir|171\/339
|-start|p1a: Gardevoir|confusion
|-activate|p1a: Gardevoir|confusion
|move|p1a: Gardevoir|Hyper Voice|p2a: Tornadus-Therian
|-damage|p2a: Tornadus-Therian|0 fnt
|faint|p2a: Tornadus-Therian
|
|win|crazybones
|raw|Ladder updating...
|leave|Like me 2
|raw|crazybones's rating: 1624 &rarr; <strong>1642<\/strong><br \/>(+18 for winning)
|raw|Like me 2's rating: 1578 &rarr; <strong>1561<\/strong><br \/>(-17 for losing)
|player|p2