|join|crazybones
|join|im gud hbu
|player|p1|crazybones|211
|player|p2|im gud hbu|265
|gametype|singles
|gen|6
|tier|OU
|rated
|clearpoke
|poke|p1|Keldeo-Resolute
|poke|p1|Latios, M
|poke|p1|Scolipede, M
|poke|p1|Kyurem
|poke|p1|Ditto
|poke|p1|Klefki, F
|poke|p2|Skarmory, M
|poke|p2|Bisharp, F
|poke|p2|Gengar, M
|poke|p2|Thundurus, M
|poke|p2|Victini
|poke|p2|Lopunny, F
|rule|Swagger Clause: Swagger is banned
|rule|Baton Pass Clause: Limit one PokÃ©mon knowing Baton Pass
|rule|Sleep Clause Mod: Limit one foe put to sleep
|rule|Species Clause: Limit one of each PokÃ©mon
|rule|OHKO Clause: OHKO moves are banned
|rule|Moody Clause: Moody is banned
|rule|Evasion Moves Clause: Evasion moves are banned
|rule|Endless Battle Clause: Forcing endless battles is banned
|rule|HP Percentage Mod: HP is shown in percentages
|teampreview
|join|Triggerfish
|
|start
|switch|p1a: Klefki|Klefki, F|317\/317
|switch|p2a: Skarmory|Skarmory, M|271\/271
|turn|1
|
|move|p1a: Klefki|Spikes|p2a: Skarmory
|-sidestart|p2: im gud hbu|Spikes
|move|p2a: Skarmory|Taunt|p1a: Klefki
|-start|p1a: Klefki|move: Taunt
|
|turn|2
|
|switch|p1a: Keldeo-Resolute|Keldeo-Resolute|323\/323
|move|p2a: Skarmory|Stealth Rock|p1a: Keldeo-Resolute
|-sidestart|p1: crazybones|move: Stealth Rock
|
|turn|3
|
|move|p1a: Keldeo-Resolute|Scald|p2a: Skarmory
|-damage|p2a: Skarmory|76\/271
|move|p2a: Skarmory|Spikes|p1a: Keldeo-Resolute
|-sidestart|p1: crazybones|Spikes
|
|turn|4
|
|move|p1a: Keldeo-Resolute|Substitute|p1a: Keldeo-Resolute
|-start|p1a: Keldeo-Resolute|Substitute
|-damage|p1a: Keldeo-Resolute|243\/323
|move|p2a: Skarmory|Spikes|p1a: Keldeo-Resolute
|-sidestart|p1: crazybones|Spikes
|
|-heal|p1a: Keldeo-Resolute|263\/323|[from] item: Leftovers
|turn|5
|
|move|p1a: Keldeo-Resolute|Scald|p2a: Skarmory
|-damage|p2a: Skarmory|0 fnt
|faint|p2a: Skarmory
|
|-heal|p1a: Keldeo-Resolute|283\/323|[from] item: Leftovers
|
|switch|p2a: Gengar|Gengar, M|261\/261
|turn|6
|
|move|p2a: Gengar|Shadow Ball|p1a: Keldeo-Resolute
|-end|p1a: Keldeo-Resolute|Substitute
|-damage|p2a: Gengar|235\/261|[from] item: Life Orb
|move|p1a: Keldeo-Resolute|Scald|p2a: Gengar
|-damage|p2a: Gengar|58\/261
|
|-heal|p1a: Keldeo-Resolute|303\/323|[from] item: Leftovers
|turn|7
|
|switch|p1a: Klefki|Klefki, F|317\/317
|-damage|p1a: Klefki|298\/317|[from] Stealth Rock
|-damage|p1a: Klefki|246\/317|[from] Spikes
|move|p2a: Gengar|Shadow Ball|p1a: Klefki
|-damage|p1a: Klefki|112\/317
|-damage|p2a: Gengar|32\/261|[from] item: Life Orb
|
|turn|8
|
|move|p1a: Klefki|Substitute|p1a: Klefki
|-start|p1a: Klefki|Substitute
|-damage|p1a: Klefki|33\/317
|move|p2a: Gengar|Shadow Ball|p1a: Klefki
|-end|p1a: Klefki|Substitute
|-damage|p2a: Gengar|6\/261|[from] item: Life Orb
|
|turn|9
|
|move|p1a: Klefki|Spikes|p2a: Gengar
|-sidestart|p2: im gud hbu|Spikes
|move|p2a: Gengar|Shadow Ball|p1a: Klefki
|-damage|p1a: Klefki|0 fnt
|-damage|p2a: Gengar|0 fnt|[from] item: Life Orb
|faint|p1a: Klefki
|faint|p2a: Gengar
|
|
|switch|p2a: Thundurus|Thundurus, M|299\/299
|switch|p1a: Scolipede|Scolipede, M|323\/323
|-damage|p1a: Scolipede|270\/323|[from] Spikes
|-damage|p1a: Scolipede|190\/323|[from] Stealth Rock
|turn|10
|
|move|p1a: Scolipede|Protect|p1a: Scolipede
|-singleturn|p1a: Scolipede|Protect
|move|p2a: Thundurus|Nasty Plot|p2a: Thundurus
|-boost|p2a: Thundurus|spa|2
|
|-boost|p1a: Scolipede|spe|1|[from] ability: Speed Boost
|turn|11
|
|move|p2a: Thundurus|Thunder Wave|p1a: Scolipede
|-status|p1a: Scolipede|par
|cant|p1a: Scolipede|par
|
|-boost|p1a: Scolipede|spe|1|[from] ability: Speed Boost
|turn|12
|
|move|p2a: Thundurus|Thunderbolt|p1a: Scolipede
|-damage|p1a: Scolipede|0 fnt
|faint|p1a: Scolipede
|
|
|switch|p1a: Ditto|Ditto|299\/299
|-damage|p1a: Ditto|250\/299|[from] Spikes
|-damage|p1a: Ditto|213\/299|[from] Stealth Rock
|-transform|p1a: Ditto|p2a: Thundurus
|turn|13
|
|move|p1a: Ditto|Thunderbolt|p2a: Thundurus
|-damage|p2a: Thundurus|0 fnt
|faint|p2a: Thundurus
|
|
|switch|p2a: Bisharp|Bisharp, F|271\/271
|-damage|p2a: Bisharp|226\/271|[from] Spikes
|turn|14
|
|switch|p1a: Keldeo-Resolute|Keldeo-Resolute|303\/323
|-damage|p1a: Keldeo-Resolute|250\/323|[from] Spikes
|-damage|p1a: Keldeo-Resolute|230\/323|[from] Stealth Rock
|move|p2a: Bisharp|Sucker Punch|p1a: Keldeo-Resolute
|-fail|p1a: Keldeo-Resolute
|
|-heal|p1a: Keldeo-Resolute|250\/323|[from] item: Leftovers
|turn|15
|
|move|p1a: Keldeo-Resolute|Substitute|p1a: Keldeo-Resolute
|-start|p1a: Keldeo-Resolute|Substitute
|-damage|p1a: Keldeo-Resolute|170\/323
|move|p2a: Bisharp|Knock Off|p1a: Keldeo-Resolute
|-resisted|p1a: Keldeo-Resolute
|-end|p1a: Keldeo-Resolute|Substitute
|
|-heal|p1a: Keldeo-Resolute|190\/323|[from] item: Leftovers
|turn|16
|
|move|p1a: Keldeo-Resolute|Secret Sword|p2a: Bisharp
|-supereffective|p2a: Bisharp
|-damage|p2a: Bisharp|0 fnt
|faint|p2a: Bisharp
|
|-heal|p1a: Keldeo-Resolute|210\/323|[from] item: Leftovers
|
|switch|p2a: Victini|Victini|341\/341
|-damage|p2a: Victini|285\/341|[from] Spikes
|turn|17
|
|move|p2a: Victini|Bolt Strike|p1a: Keldeo-Resolute
|-supereffective|p1a: Keldeo-Resolute
|-damage|p1a: Keldeo-Resolute|0 fnt
|faint|p1a: Keldeo-Resolute
|
|
|switch|p1a: Latios|Latios, M|301\/301
|-damage|p1a: Latios|264\/301|[from] Stealth Rock
|turn|18
|
|detailschange|p1a: Latios|Latios-Mega, M
|-mega|p1a: Latios|Latios|Latiosite
|move|p2a: Victini|Bolt Strike|p1a: Latios
|-crit|p1a: Latios
|-resisted|p1a: Latios
|-damage|p1a: Latios|174\/301
|-status|p1a: Latios|par
|move|p1a: Latios|Substitute|p1a: Latios
|-start|p1a: Latios|Substitute
|-damage|p1a: Latios|99\/301 par
|
|turn|19
|
|switch|p2a: Lopunny|Lopunny, F|271\/271
|-damage|p2a: Lopunny|226\/271|[from] Spikes
|move|p1a: Latios|Calm Mind|p1a: Latios
|-boost|p1a: Latios|spa|1
|-boost|p1a: Latios|spd|1
|
|turn|20
|
|detailschange|p2a: Lopunny|Lopunny-Mega, F
|-mega|p2a: Lopunny|Lopunny|Lopunnite
|move|p2a: Lopunny|Power-Up Punch|p1a: Latios
|-resisted|p1a: Latios
|-activate|p1a: Latios|Substitute|[damage]
|-boost|p2a: Lopunny|atk|1
|move|p1a: Latios|Stored Power|p2a: Lopunny
|-supereffective|p2a: Lopunny
|-damage|p2a: Lopunny|0 fnt
|faint|p2a: Lopunny
|
|
|switch|p2a: Victini|Victini|285\/341
|-damage|p2a: Victini|229\/341|[from] Spikes
|turn|21
|leave|Triggerfish
|
|move|p2a: Victini|Glaciate|p1a: Latios
|-supereffective|p1a: Latios
|-end|p1a: Latios|Substitute
|move|p1a: Latios|Stored Power|p2a: Victini
|-resisted|p2a: Victini
|-damage|p2a: Victini|111\/341
|
|turn|22
|
|move|p2a: Victini|Glaciate|p1a: Latios
|-supereffective|p1a: Latios
|-damage|p1a: Latios|41\/301 par
|-unboost|p1a: Latios|spe|1
|move|p1a: Latios|Stored Power|p2a: Victini
|-resisted|p2a: Victini
|-damage|p2a: Victini|6\/341
|
|turn|23
|
|move|p2a: Victini|Glaciate|p1a: Latios
|-supereffective|p1a: Latios
|-damage|p1a: Latios|0 fnt
|faint|p1a: Latios
|
|
|switch|p1a: Kyurem|Kyurem|391\/391
|-damage|p1a: Kyurem|294\/391|[from] Stealth Rock
|-damage|p1a: Kyurem|229\/391|[from] Spikes
|-ability|p1a: Kyurem|Pressure
|turn|24
|
|move|p2a: Victini|Glaciate|p1a: Kyurem
|-damage|p1a: Kyurem|176\/391
|-unboost|p1a: Kyurem|spe|1
|move|p1a: Kyurem|Dragon Pulse|p2a: Victini
|-crit|p2a: Victini
|-damage|p2a: Victini|0 fnt
|-damage|p1a: Kyurem|137\/391|[from] item: Life Orb
|faint|p2a: Victini
|
|win|crazybones
|raw|Ladder updating...
|raw|crazybones's rating: 1498 &rarr; <strong>1520<\/strong><br \/>(+22 for winning)
|raw|im gud hbu's rating: 1527 &rarr; <strong>1506<\/strong><br \/>(-21 for losing)