|join|Reverb
|join|crazybones
|player|p1|Reverb|#reverb
|player|p2|crazybones|211
|gametype|singles
|gen|6
|tier|OU
|rated
|clearpoke
|poke|p1|Skarmory, M
|poke|p1|Chansey, F
|poke|p1|Sableye, M
|poke|p1|Quagsire, M
|poke|p1|Cresselia, F
|poke|p1|Gothitelle, F
|poke|p2|Victini
|poke|p2|Staraptor, M, shiny
|poke|p2|Scolipede, M, shiny
|poke|p2|Latias, F, shiny
|poke|p2|Weavile, M
|poke|p2|Suicune, shiny
|rule|Swagger Clause: Swagger is banned
|rule|Baton Pass Clause: Limit one PokÃ©mon knowing Baton Pass
|rule|Sleep Clause Mod: Limit one foe put to sleep
|rule|Species Clause: Limit one of each PokÃ©mon
|rule|OHKO Clause: OHKO moves are banned
|rule|Moody Clause: Moody is banned
|rule|Evasion Moves Clause: Evasion moves are banned
|rule|Endless Battle Clause: Forcing endless battles is banned
|rule|HP Percentage Mod: HP is shown in percentages
|teampreview
|join|CleanerThanRotom-W
|
|start
|switch|p1a: Chansey|Chansey, F|642\/642
|switch|p2a: Weavile|Weavile, M|281\/281
|-ability|p2a: Weavile|Pressure
|turn|1
|
|switch|p1a: Sableye|Sableye, M|304\/304
|move|p2a: Weavile|Taunt|p1a: Sableye
|-start|p1a: Sableye|move: Taunt
|
|turn|2
|join|noobtony
|
|switch|p2a: Suicune|Suicune, shiny|403\/403
|-ability|p2a: Suicune|Pressure
|switch|p1a: Quagsire|Quagsire, M|394\/394
|
|turn|3
|
|switch|p2a: Weavile|Weavile, M|281\/281
|-ability|p2a: Weavile|Pressure
|move|p1a: Quagsire|Encore|p2a: Weavile
|-fail|p2a: Weavile
|
|turn|4
|
|move|p2a: Weavile|Taunt|p1a: Quagsire
|-start|p1a: Quagsire|move: Taunt
|move|p1a: Quagsire|Earthquake|p2a: Weavile
|-damage|p2a: Weavile|130\/281
|
|turn|5
|
|switch|p2a: Suicune|Suicune, shiny|403\/403
|-ability|p2a: Suicune|Pressure
|move|p1a: Quagsire|Scald|p2a: Suicune
|-resisted|p2a: Suicune
|-damage|p2a: Suicune|373\/403
|
|-heal|p2a: Suicune|398\/403|[from] item: Leftovers
|turn|6
|join|hand relief
|
|move|p2a: Suicune|Calm Mind|p2a: Suicune
|-boost|p2a: Suicune|spa|1
|-boost|p2a: Suicune|spd|1
|move|p1a: Quagsire|Earthquake|p2a: Suicune
|-damage|p2a: Suicune|334\/403
|
|-heal|p2a: Suicune|359\/403|[from] item: Leftovers
|-end|p1a: Quagsire|move: Taunt
|turn|7
|join|daftmau5
|
|move|p2a: Suicune|Scald|p1a: Quagsire
|-damage|p1a: Quagsire|265\/394
|move|p1a: Quagsire|Encore|p2a: Suicune
|-start|p2a: Suicune|Encore
|
|-heal|p2a: Suicune|384\/403|[from] item: Leftovers
|-heal|p1a: Quagsire|289\/394|[from] item: Leftovers
|turn|8
|
|switch|p1a: Chansey|Chansey, F|642\/642
|move|p2a: Suicune|Scald|p1a: Chansey
|-damage|p1a: Chansey|570\/642
|
|-heal|p2a: Suicune|403\/403|[from] item: Leftovers
|turn|9
|
|move|p2a: Suicune|Scald|p1a: Chansey
|-damage|p1a: Chansey|507\/642
|move|p1a: Chansey|Stealth Rock|p2a: Suicune
|-sidestart|p2: crazybones|move: Stealth Rock
|
|turn|10
|
|switch|p1a: Gothitelle|Gothitelle, F|301\/301
|move|p2a: Suicune|Scald|p1a: Gothitelle
|-crit|p1a: Gothitelle
|-damage|p1a: Gothitelle|150\/301
|-status|p1a: Gothitelle|brn
|
|-damage|p1a: Gothitelle|113\/301 brn|[from] brn
|-end|p2a: Suicune|Encore
|turn|11
|
|move|p1a: Gothitelle|Trick|p2a: Suicune
|-activate|p1a: Gothitelle|move: Trick|[of] p2a: Suicune
|-item|p2a: Suicune|Choice Scarf|[from] move: Trick
|-item|p1a: Gothitelle|Leftovers|[from] move: Trick
|move|p2a: Suicune|Scald|p1a: Gothitelle
|-damage|p1a: Gothitelle|16\/301 brn
|
|-heal|p1a: Gothitelle|34\/301 brn|[from] item: Leftovers
|-damage|p1a: Gothitelle|0 fnt|[from] brn
|faint|p1a: Gothitelle
|
|switch|p1a: Cresselia|Cresselia, F|444\/444
|turn|12
|
|switch|p2a: Weavile|Weavile, M|130\/281
|-damage|p2a: Weavile|60\/281|[from] Stealth Rock
|-ability|p2a: Weavile|Pressure
|switch|p1a: Chansey|Chansey, F|507\/642
|
|turn|13
|
|switch|p1a: Skarmory|Skarmory, M|334\/334
|move|p2a: Weavile|Toxic|p1a: Skarmory
|-fail|p1a: Skarmory
|
|turn|14
|
|move|p2a: Weavile|Taunt|p1a: Skarmory
|-start|p1a: Skarmory|move: Taunt
|cant|p1a: Skarmory|move: Taunt|Whirlwind
|
|turn|15
|
|move|p2a: Weavile|Toxic|p1a: Skarmory
|-fail|p1a: Skarmory
|move|p1a: Skarmory|Counter|p2a: Weavile
|-fail|p2a: Weavile
|
|turn|16
|
|move|p2a: Weavile|Toxic|p1a: Skarmory
|-fail|p1a: Skarmory
|move|p1a: Skarmory|Counter|p2a: Weavile
|-fail|p2a: Weavile
|
|-end|p1a: Skarmory|move: Taunt
|turn|17
|
|move|p2a: Weavile|Taunt|p1a: Skarmory
|-start|p1a: Skarmory|move: Taunt
|move|p1a: Skarmory|Counter|p2a: Weavile
|-fail|p2a: Weavile
|
|turn|18
|
|move|p2a: Weavile|Toxic|p1a: Skarmory
|-fail|p1a: Skarmory
|move|p1a: Skarmory|Counter|p2a: Weavile
|-fail|p2a: Weavile
|
|turn|19
|
|move|p2a: Weavile|Toxic|p1a: Skarmory|[miss]
|-miss|p2a: Weavile|p1a: Skarmory
|move|p1a: Skarmory|Counter|p2a: Weavile
|-fail|p2a: Weavile
|
|-end|p1a: Skarmory|move: Taunt
|turn|20
|
|switch|p1a: Sableye|Sableye, M|304\/304
|move|p2a: Weavile|Taunt|p1a: Sableye
|-start|p1a: Sableye|move: Taunt
|
|turn|21
|join|Appreciation
|join|I Iike Squirtles
|leave|I Iike Squirtles
|
|detailschange|p1a: Sableye|Sableye-Mega, M
|-mega|p1a: Sableye|Sableye|Sablenite
|move|p2a: Weavile|Ice Shard|p1a: Sableye
|-damage|p1a: Sableye|262\/304
|move|p1a: Sableye|Snarl|p2a: Weavile
|-resisted|p2a: Weavile
|-damage|p2a: Weavile|28\/281
|-unboost|p2a: Weavile|spa|1
|
|turn|22
|
|move|p2a: Weavile|Ice Shard|p1a: Sableye
|-damage|p1a: Sableye|216\/304
|move|p1a: Sableye|Snarl|p2a: Weavile
|-resisted|p2a: Weavile
|-damage|p2a: Weavile|0 fnt
|faint|p2a: Weavile
|
|
|switch|p2a: Suicune|Suicune, shiny|403\/403
|-damage|p2a: Suicune|353\/403|[from] Stealth Rock
|-ability|p2a: Suicune|Pressure
|turn|23
|join|Alvadora
|
|switch|p1a: Chansey|Chansey, F|507\/642
|move|p2a: Suicune|Scald|p1a: Chansey
|-damage|p1a: Chansey|462\/642
|
|turn|24
|leave|Appreciation
|join|I Iike Squirtles
|leave|noobtony
|
|switch|p2a: Staraptor|Staraptor, M, shiny|374\/374
|-damage|p2a: Staraptor|281\/374|[from] Stealth Rock
|-ability|p2a: Staraptor|Intimidate|[of] p1a: Chansey
|-unboost|p1a: Chansey|atk|1
|move|p1a: Chansey|Soft-Boiled|p1a: Chansey
|-heal|p1a: Chansey|642\/642
|
|turn|25
|
|switch|p1a: Skarmory|Skarmory, M|334\/334
|move|p2a: Staraptor|Final Gambit|p1a: Skarmory
|-damage|p1a: Skarmory|53\/334
|faint|p2a: Staraptor
|
|
|switch|p2a: Victini|Victini|404\/404
|-damage|p2a: Victini|303\/404|[from] Stealth Rock
|turn|26
|
|move|p2a: Victini|Final Gambit|p1a: Skarmory
|-damage|p1a: Skarmory|0 fnt
|faint|p2a: Victini
|faint|p1a: Skarmory
|
|
|switch|p2a: Scolipede|Scolipede, M, shiny|315\/315
|switch|p1a: Cresselia|Cresselia, F|444\/444
|-damage|p2a: Scolipede|237\/315|[from] Stealth Rock
|turn|27
|join|AdityaKhuntia
|
|move|p2a: Scolipede|Substitute|p2a: Scolipede
|-start|p2a: Scolipede|Substitute
|-damage|p2a: Scolipede|159\/315
|move|p1a: Cresselia|Skill Swap|p2a: Scolipede
|-activate|p1a: Cresselia|move: Skill Swap|Speed Boost|Levitate|[of] p2a: Scolipede
|
|-boost|p1a: Cresselia|spe|1|[from] ability: Speed Boost
|turn|28
|
|move|p1a: Cresselia|Psyshock|p2a: Scolipede
|-supereffective|p2a: Scolipede
|-end|p2a: Scolipede|Substitute
|move|p2a: Scolipede|Iron Defense|p2a: Scolipede
|-boost|p2a: Scolipede|def|2
|
|-boost|p1a: Cresselia|spe|1|[from] ability: Speed Boost
|turn|29
|c| AdityaKhuntia|Wow
|leave|AdityaKhuntia
|join|Glorious Advance
|join|Appreciation
|join|nathaaan
|leave|CleanerThanRotom-W
|
|move|p1a: Cresselia|Psyshock|p2a: Scolipede
|-supereffective|p2a: Scolipede
|-damage|p2a: Scolipede|99\/315
|move|p2a: Scolipede|Iron Defense|p2a: Scolipede
|-boost|p2a: Scolipede|def|2
|
|-boost|p1a: Cresselia|spe|1|[from] ability: Speed Boost
|turn|30
|
|move|p1a: Cresselia|Psyshock|p2a: Scolipede
|-supereffective|p2a: Scolipede
|-damage|p2a: Scolipede|55\/315
|move|p2a: Scolipede|Baton Pass|p2a: Scolipede
|
|switch|p2a: Latias|Latias, F, shiny|364\/364
|-damage|p2a: Latias|319\/364|[from] Stealth Rock
|
|-boost|p1a: Cresselia|spe|1|[from] ability: Speed Boost
|turn|31
|leave|daftmau5
|
|detailschange|p2a: Latias|Latias-Mega, F, shiny
|-mega|p2a: Latias|Latias|Latiasite
|move|p1a: Cresselia|Toxic|p2a: Latias
|-status|p2a: Latias|tox
|move|p2a: Latias|Calm Mind|p2a: Latias
|-boost|p2a: Latias|spa|1
|-boost|p2a: Latias|spd|1
|
|-damage|p2a: Latias|297\/364 tox|[from] psn
|-boost|p1a: Cresselia|spe|1|[from] ability: Speed Boost
|turn|32
|
|switch|p1a: Quagsire|Quagsire, M|289\/394
|move|p2a: Latias|Calm Mind|p2a: Latias
|-boost|p2a: Latias|spa|1
|-boost|p2a: Latias|spd|1
|
|-heal|p1a: Quagsire|313\/394|[from] item: Leftovers
|-damage|p2a: Latias|253\/364 tox|[from] psn
|turn|33
|c| Appreciation|reverb
|c| Appreciation|did u fake cleaners team
|c| Appreciation|or did he fake it from u
|c|âReverb|he made the team
|c| Appreciation|ah ok
|join|Ebinola
|
|move|p2a: Latias|Stored Power|p1a: Quagsire
|-damage|p1a: Quagsire|0 fnt
|faint|p1a: Quagsire
|
|-damage|p2a: Latias|187\/364 tox|[from] psn
|
|switch|p1a: Sableye|Sableye-Mega, M|216\/304
|turn|34
|join|ULT MushMunkey
|join|doge ebinest
|leave|doge ebinest
|c| ULT MushMunkey|who needs stall to ladder
|c| ULT MushMunkey|lmop
|leave|ULT MushMunkey
|
|move|p2a: Latias|Thunderbolt|p1a: Sableye
|-damage|p1a: Sableye|44\/304
|move|p1a: Sableye|Snarl|p2a: Latias
|-supereffective|p2a: Latias
|-damage|p2a: Latias|157\/364 tox
|-unboost|p2a: Latias|spa|1
|
|-damage|p2a: Latias|69\/364 tox|[from] psn
|turn|35
|
|move|p2a: Latias|Roost|p2a: Latias
|-heal|p2a: Latias|251\/364 tox
|move|p1a: Sableye|Recover|p1a: Sableye
|-heal|p1a: Sableye|196\/304
|
|-damage|p2a: Latias|141\/364 tox|[from] psn
|turn|36
|
|move|p2a: Latias|Thunderbolt|p1a: Sableye
|-damage|p1a: Sableye|71\/304
|-status|p1a: Sableye|par
|move|p1a: Sableye|Recover|p1a: Sableye
|-heal|p1a: Sableye|223\/304 par
|
|-damage|p2a: Latias|9\/364 tox|[from] psn
|turn|37
|
|move|p2a: Latias|Roost|p2a: Latias
|-heal|p2a: Latias|191\/364 tox
|move|p1a: Sableye|Snarl|p2a: Latias
|-crit|p2a: Latias
|-supereffective|p2a: Latias
|-damage|p2a: Latias|95\/364 tox
|-unboost|p2a: Latias|spa|1
|
|-damage|p2a: Latias|0 fnt|[from] psn
|faint|p2a: Latias
|
|switch|p2a: Suicune|Suicune, shiny|353\/403
|-damage|p2a: Suicune|303\/403|[from] Stealth Rock
|-ability|p2a: Suicune|Pressure
|turn|38
|
|move|p2a: Suicune|Scald|p1a: Sableye
|-damage|p1a: Sableye|153\/304 par
|move|p1a: Sableye|Calm Mind|p1a: Sableye
|-boost|p1a: Sableye|spa|1
|-boost|p1a: Sableye|spd|1
|
|turn|39
|
|move|p2a: Suicune|Scald|p1a: Sableye
|-crit|p1a: Sableye
|-damage|p1a: Sableye|27\/304 par
|move|p1a: Sableye|Recover|p1a: Sableye
|-heal|p1a: Sableye|179\/304 par
|
|turn|40
|
|move|p2a: Suicune|Scald|p1a: Sableye
|-damage|p1a: Sableye|128\/304 par
|move|p1a: Sableye|Recover|p1a: Sableye
|-heal|p1a: Sableye|280\/304 par
|
|turn|41
|
|move|p2a: Suicune|Scald|p1a: Sableye
|-damage|p1a: Sableye|232\/304 par
|move|p1a: Sableye|Snarl|p2a: Suicune
|-damage|p2a: Suicune|228\/403
|-unboost|p2a: Suicune|spa|1
|
|turn|42
|leave|Glorious Advance
|
|move|p2a: Suicune|Scald|p1a: Sableye
|-damage|p1a: Sableye|199\/304 par
|move|p1a: Sableye|Snarl|p2a: Suicune
|-damage|p2a: Suicune|149\/403
|-unboost|p2a: Suicune|spa|1
|
|turn|43
|
|move|p2a: Suicune|Scald|p1a: Sableye
|-damage|p1a: Sableye|171\/304 par
|cant|p1a: Sableye|par
|
|turn|44
|c| Ebinola|this kid isn't even running
|c| Ebinola|crocune!
|c|âReverb|he is
|c|âReverb|i tricked it a scarf
|c|âcrazybones|maybe cause i'm locked
|
|move|p2a: Suicune|Scald|p1a: Sableye
|-damage|p1a: Sableye|144\/304 par
|move|p1a: Sableye|Recover|p1a: Sableye
|-heal|p1a: Sableye|296\/304 par
|
|turn|45
|c| Ebinola|lmao
|leave|I Iike Squirtles
|
|switch|p2a: Scolipede|Scolipede, M, shiny|55\/315
|-damage|p2a: Scolipede|0 fnt|[from] Stealth Rock
|faint|p2a: Scolipede
|cant|p1a: Sableye|par
|
|
|switch|p2a: Suicune|Suicune, shiny|149\/403
|-damage|p2a: Suicune|99\/403|[from] Stealth Rock
|-ability|p2a: Suicune|Pressure
|turn|46
|
|move|p2a: Suicune|Rest|p2a: Suicune
|-status|p2a: Suicune|slp
|-heal|p2a: Suicune|403\/403 slp|[silent]
|-status|p2a: Suicune|slp|[from] move: Rest
|move|p1a: Sableye|Snarl|p2a: Suicune
|-damage|p2a: Suicune|322\/403 slp
|-unboost|p2a: Suicune|spa|1
|
|turn|47
|c|âcrazybones|gg
|c|âReverb|are you really gonna wait out the turns?
|c|âReverb|gg
|c| Alvadora|pressure rest stall
|c| Ebinola|oh boy here we go
|c| Alvadora|is real
|join|I Iike Squirtles
|leave|I Iike Squirtles
|-message|crazybones forfeited.
|
|win|Reverb
|raw|Ladder updating...
|leave|crazybones
|player|p2
|raw|Reverb's rating: 1579 &rarr; <strong>1602<\/strong><br \/>(+23 for winning)
|raw|crazybones's rating: 1629 &rarr; <strong>1606<\/strong><br \/>(-23 for losing)
|leave|Ebinola
|join|crazybones
|leave|Reverb
|player|p1
|leave|Appreciation
|leave|Alvadora