|join|crazybones
|join|N4f33z
|player|p1|crazybones|211
|player|p2|N4f33z|52
|gametype|singles
|gen|6
|tier|OU
|rated
|clearpoke
|poke|p1|Gardevoir, M, shiny
|poke|p1|Keldeo-Resolute
|poke|p1|Ferrothorn, F
|poke|p1|Hippowdon, M
|poke|p1|Latias, F
|poke|p1|Ditto
|poke|p2|Cloyster, M
|poke|p2|Wobbuffet, M
|poke|p2|Rotom-Wash
|poke|p2|Espeon, F
|poke|p2|Pinsir, M
|poke|p2|Zygarde
|rule|Swagger Clause: Swagger is banned
|rule|Baton Pass Clause: Limit one PokÃ©mon knowing Baton Pass
|rule|Sleep Clause Mod: Limit one foe put to sleep
|rule|Species Clause: Limit one of each PokÃ©mon
|rule|OHKO Clause: OHKO moves are banned
|rule|Moody Clause: Moody is banned
|rule|Evasion Moves Clause: Evasion moves are banned
|rule|Endless Battle Clause: Forcing endless battles is banned
|rule|HP Percentage Mod: HP is shown in percentages
|teampreview
|
|start
|switch|p1a: Hippowdon|Hippowdon, M|419\/419
|switch|p2a: Rotom-Wash|Rotom-Wash|276\/276
|-weather|Sandstorm
|turn|1
|
|switch|p2a: Espeon|Espeon, F|271\/271
|move|p1a: Hippowdon|Earthquake|p2a: Espeon
|-damage|p2a: Espeon|72\/271
|
|-weather|Sandstorm|[upkeep]
|-damage|p2a: Espeon|56\/271|[from] sandstorm
|turn|2
|
|move|p2a: Espeon|Trick|p1a: Hippowdon
|-activate|p2a: Espeon|move: Trick|[of] p1a: Hippowdon
|-item|p1a: Hippowdon|Choice Specs|[from] move: Trick
|-item|p2a: Espeon|Leftovers|[from] move: Trick
|move|p1a: Hippowdon|Whirlwind|p2a: Espeon
|move|p2a: Espeon|Whirlwind|p1a: Hippowdon|[from]Magic Bounce
|drag|p1a: Ditto|Ditto|299\/299
|-transform|p1a: Ditto|p2a: Espeon
|
|-weather|Sandstorm|[upkeep]
|-damage|p1a: Ditto|281\/299|[from] sandstorm
|-damage|p2a: Espeon|40\/271|[from] sandstorm
|-heal|p2a: Espeon|56\/271|[from] item: Leftovers
|turn|3
|
|move|p1a: Ditto|Signal Beam|p2a: Espeon
|-supereffective|p2a: Espeon
|-damage|p2a: Espeon|0 fnt
|faint|p2a: Espeon
|
|-weather|Sandstorm|[upkeep]
|-damage|p1a: Ditto|263\/299|[from] sandstorm
|
|switch|p2a: Wobbuffet|Wobbuffet, M|584\/584
|turn|4
|
|move|p1a: Ditto|Signal Beam|p2a: Wobbuffet
|-supereffective|p2a: Wobbuffet
|-damage|p2a: Wobbuffet|412\/584
|move|p2a: Wobbuffet|Mirror Coat|p1a: Ditto
|-damage|p1a: Ditto|0 fnt
|faint|p1a: Ditto
|
|-weather|Sandstorm|[upkeep]
|-damage|p2a: Wobbuffet|376\/584|[from] sandstorm
|-heal|p2a: Wobbuffet|412\/584|[from] item: Leftovers
|
|switch|p1a: Keldeo-Resolute|Keldeo-Resolute|323\/323
|turn|5
|
|move|p1a: Keldeo-Resolute|Substitute|p1a: Keldeo-Resolute
|-start|p1a: Keldeo-Resolute|Substitute
|-damage|p1a: Keldeo-Resolute|243\/323
|move|p2a: Wobbuffet|Encore|p1a: Keldeo-Resolute
|-start|p1a: Keldeo-Resolute|Encore
|
|-weather|none
|-heal|p1a: Keldeo-Resolute|263\/323|[from] item: Leftovers
|-heal|p2a: Wobbuffet|448\/584|[from] item: Leftovers
|turn|6
|
|switch|p2a: Cloyster|Cloyster, M|242\/242
|move|p1a: Keldeo-Resolute|Substitute|p1a: Keldeo-Resolute
|-fail|p1a: Keldeo-Resolute|move: Substitute
|
|-heal|p1a: Keldeo-Resolute|283\/323|[from] item: Leftovers
|turn|7
|
|switch|p1a: Ferrothorn|Ferrothorn, F|351\/351
|move|p2a: Cloyster|Shell Smash|p2a: Cloyster
|-boost|p2a: Cloyster|atk|2
|-boost|p2a: Cloyster|spa|2
|-boost|p2a: Cloyster|spe|2
|-unboost|p2a: Cloyster|def|1
|-unboost|p2a: Cloyster|spd|1
|
|turn|8
|
|move|p2a: Cloyster|Icicle Spear|p1a: Ferrothorn
|-damage|p1a: Ferrothorn|302\/351
|-damage|p1a: Ferrothorn|257\/351
|-damage|p1a: Ferrothorn|209\/351
|-damage|p1a: Ferrothorn|164\/351
|-damage|p1a: Ferrothorn|119\/351
|-hitcount|p1a: Ferrothorn|5
|move|p1a: Ferrothorn|Leech Seed|p2a: Cloyster
|-start|p2a: Cloyster|move: Leech Seed
|
|-heal|p1a: Ferrothorn|140\/351|[from] item: Leftovers
|-damage|p2a: Cloyster|212\/242|[from] Leech Seed|[of] p1a: Ferrothorn
|-heal|p1a: Ferrothorn|170\/351|[silent]
|turn|9
|
|move|p1a: Ferrothorn|Protect|p1a: Ferrothorn
|-singleturn|p1a: Ferrothorn|Protect
|move|p2a: Cloyster|Icicle Spear|p1a: Ferrothorn
|-activate|p1a: Ferrothorn|Protect
|
|-heal|p1a: Ferrothorn|191\/351|[from] item: Leftovers
|-damage|p2a: Cloyster|182\/242|[from] Leech Seed|[of] p1a: Ferrothorn
|-heal|p1a: Ferrothorn|221\/351|[silent]
|turn|10
|
|move|p1a: Ferrothorn|Protect|p1a: Ferrothorn
|-fail|p1a: Ferrothorn
|move|p2a: Cloyster|Icicle Spear|p1a: Ferrothorn
|-damage|p1a: Ferrothorn|175\/351
|-damage|p1a: Ferrothorn|130\/351
|-damage|p1a: Ferrothorn|82\/351
|-damage|p1a: Ferrothorn|33\/351
|-crit|p1a: Ferrothorn
|-damage|p1a: Ferrothorn|0 fnt
|-hitcount|p1a: Ferrothorn|5
|faint|p1a: Ferrothorn
|
|
|switch|p1a: Keldeo-Resolute|Keldeo-Resolute|283\/323
|turn|11
|
|move|p2a: Cloyster|Icicle Spear|p1a: Keldeo-Resolute
|-resisted|p1a: Keldeo-Resolute
|-damage|p1a: Keldeo-Resolute|243\/323
|-resisted|p1a: Keldeo-Resolute
|-damage|p1a: Keldeo-Resolute|203\/323
|-resisted|p1a: Keldeo-Resolute
|-damage|p1a: Keldeo-Resolute|158\/323
|-resisted|p1a: Keldeo-Resolute
|-damage|p1a: Keldeo-Resolute|111\/323
|-resisted|p1a: Keldeo-Resolute
|-damage|p1a: Keldeo-Resolute|64\/323
|-hitcount|p1a: Keldeo-Resolute|5
|move|p1a: Keldeo-Resolute|Scald|p2a: Cloyster
|-resisted|p2a: Cloyster
|-damage|p2a: Cloyster|0 fnt
|faint|p2a: Cloyster
|
|-heal|p1a: Keldeo-Resolute|84\/323|[from] item: Leftovers
|
|switch|p2a: Pinsir|Pinsir, M|272\/272
|turn|12
|
|switch|p1a: Hippowdon|Hippowdon, M|419\/419
|-weather|Sandstorm
|detailschange|p2a: Pinsir|Pinsir-Mega, M
|-mega|p2a: Pinsir|Pinsir|Pinsirite
|move|p2a: Pinsir|Swords Dance|p2a: Pinsir
|-boost|p2a: Pinsir|atk|2
|
|-weather|Sandstorm|[upkeep]
|-damage|p2a: Pinsir|255\/272|[from] sandstorm
|turn|13
|
|move|p2a: Pinsir|Return|p1a: Hippowdon
|-damage|p1a: Hippowdon|97\/419
|move|p1a: Hippowdon|Whirlwind|p2a: Pinsir
|drag|p2a: Wobbuffet|Wobbuffet, M|448\/584
|
|-weather|Sandstorm|[upkeep]
|-damage|p2a: Wobbuffet|412\/584|[from] sandstorm
|-heal|p2a: Wobbuffet|448\/584|[from] item: Leftovers
|turn|14
|
|move|p2a: Wobbuffet|Encore|p1a: Hippowdon
|-start|p1a: Hippowdon|Encore
|move|p1a: Hippowdon|Whirlwind|p2a: Wobbuffet
|drag|p2a: Zygarde|Zygarde|358\/358
|-ability|p2a: Zygarde|Aura Break
|
|-weather|Sandstorm|[upkeep]
|turn|15
|
|move|p2a: Zygarde|Dragon Dance|p2a: Zygarde
|-boost|p2a: Zygarde|atk|1
|-boost|p2a: Zygarde|spe|1
|move|p1a: Hippowdon|Whirlwind|p2a: Zygarde
|drag|p2a: Pinsir|Pinsir-Mega, M|255\/272
|
|-weather|Sandstorm|[upkeep]
|-damage|p2a: Pinsir|238\/272|[from] sandstorm
|turn|16
|
|move|p2a: Pinsir|Return|p1a: Hippowdon
|-damage|p1a: Hippowdon|0 fnt
|faint|p1a: Hippowdon
|
|-weather|none
|
|switch|p1a: Latias|Latias, F|301\/301
|turn|17
|
|move|p2a: Pinsir|Quick Attack|p1a: Latias
|-damage|p1a: Latias|193\/301
|move|p1a: Latias|Draco Meteor|p2a: Pinsir
|-damage|p2a: Pinsir|0 fnt
|-unboost|p1a: Latias|spa|2
|-damage|p1a: Latias|163\/301|[from] item: Life Orb
|faint|p2a: Pinsir
|
|
|switch|p2a: Wobbuffet|Wobbuffet, M|448\/584
|turn|18
|
|move|p1a: Latias|Healing Wish|p1a: Latias
|faint|p1a: Latias
|move|p2a: Wobbuffet|Mirror Coat|p1: Latias|[notarget]
|-notarget
|
|-heal|p2a: Wobbuffet|484\/584|[from] item: Leftovers
|
|switch|p1a: Keldeo-Resolute|Keldeo-Resolute|84\/323
|-heal|p1a: Keldeo-Resolute|323\/323|[from] move: Healing Wish
|turn|19
|
|move|p1a: Keldeo-Resolute|Scald|p2a: Wobbuffet
|-damage|p2a: Wobbuffet|342\/584
|-status|p2a: Wobbuffet|brn
|move|p2a: Wobbuffet|Mirror Coat|p1a: Keldeo-Resolute
|-damage|p1a: Keldeo-Resolute|39\/323
|
|-heal|p1a: Keldeo-Resolute|59\/323|[from] item: Leftovers
|-heal|p2a: Wobbuffet|378\/584 brn|[from] item: Leftovers
|-damage|p2a: Wobbuffet|305\/584 brn|[from] brn
|turn|20
|
|move|p1a: Keldeo-Resolute|Scald|p2a: Wobbuffet
|-damage|p2a: Wobbuffet|158\/584 brn
|move|p2a: Wobbuffet|Mirror Coat|p1a: Keldeo-Resolute
|-damage|p1a: Keldeo-Resolute|0 fnt
|faint|p1a: Keldeo-Resolute
|
|-heal|p2a: Wobbuffet|194\/584 brn|[from] item: Leftovers
|-damage|p2a: Wobbuffet|121\/584 brn|[from] brn
|
|switch|p1a: Gardevoir|Gardevoir, M, shiny|277\/277
|turn|21
|
|detailschange|p1a: Gardevoir|Gardevoir-Mega, M, shiny
|-mega|p1a: Gardevoir|Gardevoir|Gardevoirite
|move|p1a: Gardevoir|Hyper Voice|p2a: Wobbuffet
|-crit|p2a: Wobbuffet
|-damage|p2a: Wobbuffet|0 fnt
|faint|p2a: Wobbuffet
|
|
|switch|p2a: Zygarde|Zygarde|358\/358
|-ability|p2a: Zygarde|Aura Break
|turn|22
|
|move|p1a: Gardevoir|Hyper Voice|p2a: Zygarde
|-supereffective|p2a: Zygarde
|-damage|p2a: Zygarde|0 fnt
|faint|p2a: Zygarde
|
|
|switch|p2a: Rotom-Wash|Rotom-Wash|276\/276
|turn|23
|
|move|p2a: Rotom-Wash|Hydro Pump|p1a: Gardevoir|[miss]
|-miss|p2a: Rotom-Wash|p1a: Gardevoir
|move|p1a: Gardevoir|Hyper Voice|p2a: Rotom-Wash
|-damage|p2a: Rotom-Wash|39\/276
|
|turn|24
|
|move|p2a: Rotom-Wash|Hydro Pump|p1a: Gardevoir
|-crit|p1a: Gardevoir
|-damage|p1a: Gardevoir|93\/277
|move|p1a: Gardevoir|Hyper Voice|p2a: Rotom-Wash
|-damage|p2a: Rotom-Wash|0 fnt
|faint|p2a: Rotom-Wash
|
|win|crazybones
|raw|Ladder updating...
|raw|crazybones's rating: 1579 &rarr; <strong>1599<\/strong><br \/>(+20 for winning)
|raw|N4f33z's rating: 1566 &rarr; <strong>1547<\/strong><br \/>(-19 for losing)
|leave|N4f33z
|player|p2