|join|Simugo
|join|crazybones
|player|p1|Simugo|3
|player|p2|crazybones|211
|gametype|singles
|gen|6
|tier|OU
|rated
|clearpoke
|poke|p1|Politoed, M
|poke|p1|Gyarados, F
|poke|p1|Ferrothorn, M
|poke|p1|Tornadus-Therian, M
|poke|p1|Excadrill, F
|poke|p1|Kingdra, F
|poke|p2|Keldeo-Resolute
|poke|p2|Latios, M
|poke|p2|Scolipede, M
|poke|p2|Kyurem
|poke|p2|Ditto
|poke|p2|Klefki, F
|rule|Swagger Clause: Swagger is banned
|rule|Baton Pass Clause: Limit one PokÃ©mon knowing Baton Pass
|rule|Sleep Clause Mod: Limit one foe put to sleep
|rule|Species Clause: Limit one of each PokÃ©mon
|rule|OHKO Clause: OHKO moves are banned
|rule|Moody Clause: Moody is banned
|rule|Evasion Moves Clause: Evasion moves are banned
|rule|Endless Battle Clause: Forcing endless battles is banned
|rule|HP Percentage Mod: HP is shown in percentages
|teampreview
|
|start
|switch|p1a: Politoed|Politoed, M|383\/383
|switch|p2a: Kyurem|Kyurem|391\/391
|-ability|p2a: Kyurem|Pressure
|-weather|RainDance
|turn|1
|
|move|p2a: Kyurem|Dragon Pulse|p1a: Politoed
|-damage|p1a: Politoed|219\/383
|-damage|p2a: Kyurem|352\/391|[from] item: Life Orb
|move|p1a: Politoed|Encore|p2a: Kyurem
|-start|p2a: Kyurem|Encore
|
|-weather|RainDance|[upkeep]
|turn|2
|
|switch|p2a: Keldeo-Resolute|Keldeo-Resolute|323\/323
|switch|p1a: Ferrothorn|Ferrothorn, M|352\/352
|
|-weather|RainDance|[upkeep]
|turn|3
|
|move|p2a: Keldeo-Resolute|Substitute|p2a: Keldeo-Resolute
|-start|p2a: Keldeo-Resolute|Substitute
|-damage|p2a: Keldeo-Resolute|243\/323
|move|p1a: Ferrothorn|Power Whip|p2a: Keldeo-Resolute
|-crit|p2a: Keldeo-Resolute
|-supereffective|p2a: Keldeo-Resolute
|-end|p2a: Keldeo-Resolute|Substitute
|
|-weather|RainDance|[upkeep]
|-heal|p2a: Keldeo-Resolute|263\/323|[from] item: Leftovers
|turn|4
|
|move|p2a: Keldeo-Resolute|Substitute|p2a: Keldeo-Resolute
|-start|p2a: Keldeo-Resolute|Substitute
|-damage|p2a: Keldeo-Resolute|183\/323
|move|p1a: Ferrothorn|Power Whip|p2a: Keldeo-Resolute
|-supereffective|p2a: Keldeo-Resolute
|-end|p2a: Keldeo-Resolute|Substitute
|
|-weather|RainDance|[upkeep]
|-heal|p2a: Keldeo-Resolute|203\/323|[from] item: Leftovers
|turn|5
|
|move|p2a: Keldeo-Resolute|Substitute|p2a: Keldeo-Resolute
|-start|p2a: Keldeo-Resolute|Substitute
|-damage|p2a: Keldeo-Resolute|123\/323
|move|p1a: Ferrothorn|Power Whip|p2a: Keldeo-Resolute
|-supereffective|p2a: Keldeo-Resolute
|-end|p2a: Keldeo-Resolute|Substitute
|
|-weather|RainDance|[upkeep]
|-heal|p2a: Keldeo-Resolute|143\/323|[from] item: Leftovers
|turn|6
|
|switch|p2a: Kyurem|Kyurem|352\/391
|-ability|p2a: Kyurem|Pressure
|move|p1a: Ferrothorn|Power Whip|p2a: Kyurem|[miss]
|-miss|p1a: Ferrothorn|p2a: Kyurem
|
|-weather|RainDance|[upkeep]
|turn|7
|
|move|p2a: Kyurem|Hidden Power|p1a: Ferrothorn
|-supereffective|p1a: Ferrothorn
|-damage|p1a: Ferrothorn|175\/352
|-damage|p2a: Kyurem|313\/391|[from] item: Life Orb
|move|p1a: Ferrothorn|Leech Seed|p2a: Kyurem
|-start|p2a: Kyurem|move: Leech Seed
|
|-weather|RainDance|[upkeep]
|-heal|p1a: Ferrothorn|197\/352|[from] item: Leftovers
|-damage|p2a: Kyurem|265\/391|[from] Leech Seed|[of] p1a: Ferrothorn
|-heal|p1a: Ferrothorn|245\/352|[silent]
|turn|8
|
|switch|p2a: Klefki|Klefki, F|317\/317
|switch|p1a: Tornadus-Therian|Tornadus-Therian, M|299\/299
|
|-weather|none
|turn|9
|
|switch|p1a: Politoed|Politoed, M|219\/383
|-weather|RainDance
|move|p2a: Klefki|Toxic|p1a: Politoed
|-status|p1a: Politoed|tox
|
|-weather|RainDance|[upkeep]
|-damage|p1a: Politoed|196\/383 tox|[from] psn
|turn|10
|
|move|p2a: Klefki|Magic Coat|p2a: Klefki
|-singleturn|p2a: Klefki|move: Magic Coat
|move|p1a: Politoed|Scald|p2a: Klefki
|-damage|p2a: Klefki|179\/317
|-status|p2a: Klefki|brn
|
|-weather|RainDance|[upkeep]
|-damage|p1a: Politoed|150\/383 tox|[from] psn
|-damage|p2a: Klefki|140\/317 brn|[from] brn
|turn|11
|
|switch|p1a: Excadrill|Excadrill, F|361\/361
|-ability|p1a: Excadrill|Mold Breaker
|switch|p2a: Kyurem|Kyurem|265\/391
|-ability|p2a: Kyurem|Pressure
|
|-weather|RainDance|[upkeep]
|turn|12
|
|move|p1a: Excadrill|Iron Head|p2a: Kyurem
|-supereffective|p2a: Kyurem
|-damage|p2a: Kyurem|0 fnt
|faint|p2a: Kyurem
|
|-weather|RainDance|[upkeep]
|
|switch|p2a: Keldeo-Resolute|Keldeo-Resolute|143\/323
|turn|13
|
|switch|p1a: Kingdra|Kingdra, F|291\/291
|move|p2a: Keldeo-Resolute|Scald|p1a: Kingdra
|-resisted|p1a: Kingdra
|-damage|p1a: Kingdra|243\/291
|-status|p1a: Kingdra|brn
|
|-weather|RainDance|[upkeep]
|-heal|p2a: Keldeo-Resolute|163\/323|[from] item: Leftovers
|-damage|p1a: Kingdra|207\/291 brn|[from] brn
|turn|14
|
|switch|p2a: Klefki|Klefki, F|140\/317 brn
|move|p1a: Kingdra|Dragon Pulse|p2a: Klefki
|-immune|p2a: Klefki|[msg]
|
|-weather|RainDance|[upkeep]
|-damage|p1a: Kingdra|171\/291 brn|[from] brn
|-damage|p2a: Klefki|101\/317 brn|[from] brn
|turn|15
|
|switch|p1a: Excadrill|Excadrill, F|361\/361
|-ability|p1a: Excadrill|Mold Breaker
|switch|p2a: Ditto|Ditto|299\/299
|-transform|p2a: Ditto|p1a: Excadrill
|-ability|p2a: Ditto|Mold Breaker
|
|-weather|RainDance|[upkeep]
|turn|16
|
|switch|p1a: Gyarados|Gyarados, F|333\/333
|-ability|p1a: Gyarados|Intimidate|[of] p2a: Ditto
|-unboost|p2a: Ditto|atk|1
|move|p2a: Ditto|Rock Slide|p1a: Gyarados
|-supereffective|p1a: Gyarados
|-damage|p1a: Gyarados|183\/333
|
|-weather|none
|turn|17
|
|switch|p1a: Politoed|Politoed, M|150\/383 tox
|-weather|RainDance
|move|p2a: Ditto|Rock Slide|p1a: Politoed
|-damage|p1a: Politoed|70\/383 tox
|
|-weather|RainDance|[upkeep]
|-damage|p1a: Politoed|47\/383 tox|[from] psn
|turn|18
|
|switch|p1a: Ferrothorn|Ferrothorn, M|245\/352
|move|p2a: Ditto|Rock Slide|p1a: Ferrothorn
|-resisted|p1a: Ferrothorn
|-damage|p1a: Ferrothorn|224\/352
|
|-weather|RainDance|[upkeep]
|-heal|p1a: Ferrothorn|246\/352|[from] item: Leftovers
|turn|19
|
|switch|p2a: Klefki|Klefki, F|101\/317 brn
|move|p1a: Ferrothorn|Leech Seed|p2a: Klefki
|-start|p2a: Klefki|move: Leech Seed
|
|-weather|RainDance|[upkeep]
|-heal|p1a: Ferrothorn|268\/352|[from] item: Leftovers
|-damage|p2a: Klefki|62\/317 brn|[from] Leech Seed|[of] p1a: Ferrothorn
|-heal|p1a: Ferrothorn|307\/352|[silent]
|-damage|p2a: Klefki|23\/317 brn|[from] brn
|turn|20
|
|switch|p1a: Excadrill|Excadrill, F|361\/361
|-ability|p1a: Excadrill|Mold Breaker
|move|p2a: Klefki|Thunder Wave|p1a: Excadrill
|-immune|p1a: Excadrill|[msg]
|
|-weather|RainDance|[upkeep]
|-damage|p2a: Klefki|0 fnt|[from] Leech Seed|[of] p1a: Excadrill
|faint|p2a: Klefki
|
|switch|p2a: Keldeo-Resolute|Keldeo-Resolute|163\/323
|turn|21
|
|move|p1a: Excadrill|Earthquake|p2a: Keldeo-Resolute
|-damage|p2a: Keldeo-Resolute|0 fnt
|faint|p2a: Keldeo-Resolute
|
|-weather|RainDance|[upkeep]
|
|switch|p2a: Scolipede|Scolipede, M|323\/323
|turn|22
|
|switch|p1a: Tornadus-Therian|Tornadus-Therian, M|299\/299
|move|p2a: Scolipede|Iron Defense|p2a: Scolipede
|-boost|p2a: Scolipede|def|2
|
|-weather|RainDance|[upkeep]
|-boost|p2a: Scolipede|spe|1|[from] ability: Speed Boost
|turn|23
|
|move|p2a: Scolipede|Protect|p2a: Scolipede
|-singleturn|p2a: Scolipede|Protect
|move|p1a: Tornadus-Therian|Taunt|p2a: Scolipede
|-activate|p2a: Scolipede|Protect
|
|-weather|RainDance|[upkeep]
|-boost|p2a: Scolipede|spe|1|[from] ability: Speed Boost
|turn|24
|
|move|p2a: Scolipede|Substitute|p2a: Scolipede
|-start|p2a: Scolipede|Substitute
|-damage|p2a: Scolipede|243\/323
|move|p1a: Tornadus-Therian|Hurricane|p2a: Scolipede
|-supereffective|p2a: Scolipede
|-end|p2a: Scolipede|Substitute
|-damage|p1a: Tornadus-Therian|270\/299|[from] item: Life Orb
|
|-weather|none
|-boost|p2a: Scolipede|spe|1|[from] ability: Speed Boost
|turn|25
|
|move|p2a: Scolipede|Substitute|p2a: Scolipede
|-start|p2a: Scolipede|Substitute
|-damage|p2a: Scolipede|163\/323
|move|p1a: Tornadus-Therian|Hurricane|p2a: Scolipede
|-supereffective|p2a: Scolipede
|-end|p2a: Scolipede|Substitute
|-damage|p1a: Tornadus-Therian|241\/299|[from] item: Life Orb
|
|-boost|p2a: Scolipede|spe|1|[from] ability: Speed Boost
|turn|26
|
|move|p2a: Scolipede|Substitute|p2a: Scolipede
|-start|p2a: Scolipede|Substitute
|-damage|p2a: Scolipede|83\/323
|move|p1a: Tornadus-Therian|Hurricane|p2a: Scolipede|[miss]
|-miss|p1a: Tornadus-Therian|p2a: Scolipede
|
|-boost|p2a: Scolipede|spe|1|[from] ability: Speed Boost
|turn|27
|
|switch|p1a: Gyarados|Gyarados, F|183\/333
|-activate|p2a: Scolipede|Substitute|ability: Intimidate|[of] p1a: Gyarados
|move|p2a: Scolipede|Protect|p2a: Scolipede
|-fail|p2a: Scolipede
|
|-boost|p2a: Scolipede|spe|1|[from] ability: Speed Boost
|turn|28
|
|move|p2a: Scolipede|Baton Pass|p2a: Scolipede
|
|switch|p2a: Latios|Latios, M|301\/301
|move|p1a: Gyarados|Dragon Dance|p1a: Gyarados
|-boost|p1a: Gyarados|atk|1
|-boost|p1a: Gyarados|spe|1
|
|turn|29
|
|detailschange|p2a: Latios|Latios-Mega, M
|-mega|p2a: Latios|Latios|Latiosite
|detailschange|p1a: Gyarados|Gyarados-Mega, F
|-mega|p1a: Gyarados|Gyarados|Gyaradosite
|-ability|p1a: Gyarados|Mold Breaker
|move|p2a: Latios|Stored Power|p1a: Gyarados
|-immune|p1a: Gyarados|[msg]
|move|p1a: Gyarados|Earthquake|p2a: Latios
|-end|p2a: Latios|Substitute
|
|turn|30
|
|move|p2a: Latios|Hidden Power|p1a: Gyarados
|-supereffective|p1a: Gyarados
|-damage|p1a: Gyarados|45\/333
|move|p1a: Gyarados|Earthquake|p2a: Latios
|-damage|p2a: Latios|179\/301
|
|turn|31
|
|move|p2a: Latios|Hidden Power|p1a: Gyarados
|-supereffective|p1a: Gyarados
|-damage|p1a: Gyarados|0 fnt
|faint|p1a: Gyarados
|
|
|switch|p1a: Politoed|Politoed, M|47\/383 tox
|-weather|RainDance
|turn|32
|
|move|p2a: Latios|Stored Power|p1a: Politoed
|-damage|p1a: Politoed|0 fnt
|faint|p1a: Politoed
|
|-weather|RainDance|[upkeep]
|
|switch|p1a: Ferrothorn|Ferrothorn, M|307\/352
|turn|33
|
|move|p2a: Latios|Substitute|p2a: Latios
|-start|p2a: Latios|Substitute
|-damage|p2a: Latios|104\/301
|move|p1a: Ferrothorn|Leech Seed|p2a: Latios
|
|-weather|RainDance|[upkeep]
|-heal|p1a: Ferrothorn|329\/352|[from] item: Leftovers
|turn|34
|
|move|p2a: Latios|Stored Power|p1a: Ferrothorn
|-resisted|p1a: Ferrothorn
|-damage|p1a: Ferrothorn|168\/352
|move|p1a: Ferrothorn|Knock Off|p2a: Latios
|-crit|p2a: Latios
|-supereffective|p2a: Latios
|-end|p2a: Latios|Substitute
|
|-weather|RainDance|[upkeep]
|-heal|p1a: Ferrothorn|190\/352|[from] item: Leftovers
|turn|35
|
|move|p2a: Latios|Stored Power|p1a: Ferrothorn
|-resisted|p1a: Ferrothorn
|-damage|p1a: Ferrothorn|20\/352
|move|p1a: Ferrothorn|Knock Off|p2a: Latios
|-supereffective|p2a: Latios
|-damage|p2a: Latios|52\/301
|
|-weather|RainDance|[upkeep]
|-heal|p1a: Ferrothorn|42\/352|[from] item: Leftovers
|turn|36
|
|move|p2a: Latios|Stored Power|p1a: Ferrothorn
|-resisted|p1a: Ferrothorn
|-damage|p1a: Ferrothorn|0 fnt
|faint|p1a: Ferrothorn
|
|-weather|RainDance|[upkeep]
|
|switch|p1a: Kingdra|Kingdra, F|171\/291 brn
|turn|37
|
|move|p2a: Latios|Stored Power|p1a: Kingdra
|-damage|p1a: Kingdra|0 fnt
|faint|p1a: Kingdra
|
|-weather|RainDance|[upkeep]
|
|switch|p1a: Excadrill|Excadrill, F|361\/361
|-ability|p1a: Excadrill|Mold Breaker
|turn|38
|
|move|p2a: Latios|Stored Power|p1a: Excadrill
|-resisted|p1a: Excadrill
|-damage|p1a: Excadrill|55\/361
|move|p1a: Excadrill|Earthquake|p2a: Latios
|-damage|p2a: Latios|0 fnt
|faint|p2a: Latios
|
|-weather|RainDance|[upkeep]
|
|switch|p2a: Ditto|Ditto|299\/299
|-transform|p2a: Ditto|p1a: Excadrill
|-ability|p2a: Ditto|Mold Breaker
|turn|39
|
|move|p2a: Ditto|Iron Head|p1a: Excadrill
|-resisted|p1a: Excadrill
|-damage|p1a: Excadrill|0 fnt
|faint|p1a: Excadrill
|
|-weather|none
|
|switch|p1a: Tornadus-Therian|Tornadus-Therian, M|299\/299
|turn|40
|
|switch|p2a: Scolipede|Scolipede, M|83\/323
|move|p1a: Tornadus-Therian|Superpower|p2a: Scolipede
|-resisted|p2a: Scolipede
|-damage|p2a: Scolipede|56\/323
|-unboost|p1a: Tornadus-Therian|atk|1
|-unboost|p1a: Tornadus-Therian|def|1
|-damage|p1a: Tornadus-Therian|270\/299|[from] item: Life Orb
|
|turn|41
|
|move|p1a: Tornadus-Therian|Taunt|p2a: Scolipede
|-start|p2a: Scolipede|move: Taunt
|-enditem|p2a: Scolipede|Mental Herb
|-end|p2a: Scolipede|move: Taunt
|move|p2a: Scolipede|Iron Defense|p2a: Scolipede
|-boost|p2a: Scolipede|def|2
|
|-boost|p2a: Scolipede|spe|1|[from] ability: Speed Boost
|turn|42
|
|move|p2a: Scolipede|Protect|p2a: Scolipede
|-singleturn|p2a: Scolipede|Protect
|move|p1a: Tornadus-Therian|Hurricane|p2a: Scolipede
|-activate|p2a: Scolipede|Protect
|
|-boost|p2a: Scolipede|spe|1|[from] ability: Speed Boost
|turn|43
|
|move|p2a: Scolipede|Iron Defense|p2a: Scolipede
|-boost|p2a: Scolipede|def|2
|move|p1a: Tornadus-Therian|Hurricane|p2a: Scolipede
|-supereffective|p2a: Scolipede
|-damage|p2a: Scolipede|0 fnt
|-damage|p1a: Tornadus-Therian|241\/299|[from] item: Life Orb
|faint|p2a: Scolipede
|
|
|switch|p2a: Ditto|Ditto|299\/299
|-transform|p2a: Ditto|p1a: Tornadus-Therian
|turn|44
|
|move|p2a: Ditto|Hurricane|p1a: Tornadus-Therian
|-damage|p1a: Tornadus-Therian|45\/299
|move|p1a: Tornadus-Therian|Hurricane|p2a: Ditto
|-damage|p2a: Ditto|38\/299
|-start|p2a: Ditto|confusion
|-damage|p1a: Tornadus-Therian|16\/299|[from] item: Life Orb
|
|turn|45
|
|-activate|p2a: Ditto|confusion
|move|p2a: Ditto|Hurricane|p1a: Tornadus-Therian|[miss]
|-miss|p2a: Ditto|p1a: Tornadus-Therian
|move|p1a: Tornadus-Therian|Hurricane|p2a: Ditto
|-damage|p2a: Ditto|0 fnt
|-damage|p1a: Tornadus-Therian|0 fnt|[from] item: Life Orb
|faint|p2a: Ditto
|faint|p1a: Tornadus-Therian
|
|win|Simugo
|raw|Ladder updating...
|raw|Simugo's rating: 1519 &rarr; <strong>1538<\/strong><br \/>(+19 for winning)
|raw|crazybones's rating: 1502 &rarr; <strong>1483<\/strong><br \/>(-19 for losing)
|c|âcrazybones|ou
|c|âcrazybones|gg
|c|âSimugo|u too