|join|ImSUH
|join|crazybones
|player|p1|ImSUH|2
|player|p2|crazybones|211
|gametype|singles
|gen|6
|tier|OU
|rated
|clearpoke
|poke|p1|Venusaur, F
|poke|p1|Bisharp, M
|poke|p1|Conkeldurr, M
|poke|p1|Raikou
|poke|p1|Landorus-Therian, M
|poke|p1|Clefable, M
|poke|p2|Victini
|poke|p2|Staraptor, F
|poke|p2|Scolipede, F
|poke|p2|Latias, F
|poke|p2|Talonflame, F
|poke|p2|Dugtrio, M
|rule|Swagger Clause: Swagger is banned
|rule|Baton Pass Clause: Limit one PokÃ©mon knowing Baton Pass
|rule|Sleep Clause Mod: Limit one foe put to sleep
|rule|Species Clause: Limit one of each PokÃ©mon
|rule|OHKO Clause: OHKO moves are banned
|rule|Moody Clause: Moody is banned
|rule|Evasion Moves Clause: Evasion moves are banned
|rule|Endless Battle Clause: Forcing endless battles is banned
|rule|HP Percentage Mod: HP is shown in percentages
|teampreview
|
|start
|switch|p1a: Landorus-Therian|Landorus-Therian, M|319\/319
|switch|p2a: Staraptor|Staraptor, F|374\/374
|-ability|p2a: Staraptor|Intimidate|[of] p1a: Landorus-Therian
|-unboost|p1a: Landorus-Therian|atk|1
|-ability|p1a: Landorus-Therian|Intimidate|[of] p2a: Staraptor
|-unboost|p2a: Staraptor|atk|1
|turn|1
|c|âImSUH|Hmmm I dont have much for scarf staraptor
|
|move|p2a: Staraptor|Final Gambit|p1a: Landorus-Therian
|-damage|p1a: Landorus-Therian|0 fnt
|faint|p2a: Staraptor
|faint|p1a: Landorus-Therian
|
|c|âImSUH|Wait what haha
|
|switch|p2a: Victini|Victini|404\/404
|switch|p1a: Clefable|Clefable, M|394\/394
|turn|2
|
|move|p2a: Victini|Final Gambit|p1a: Clefable
|-damage|p1a: Clefable|0 fnt
|faint|p2a: Victini
|faint|p1a: Clefable
|
|c|âImSUH|What is this hahaha
|
|switch|p2a: Dugtrio|Dugtrio, M|211\/211
|switch|p1a: Conkeldurr|Conkeldurr, M|352\/352
|turn|3
|
|move|p2a: Dugtrio|Earthquake|p1a: Conkeldurr
|-damage|p1a: Conkeldurr|205\/352
|move|p1a: Conkeldurr|Ice Punch|p2a: Dugtrio
|-supereffective|p2a: Dugtrio
|-enditem|p2a: Dugtrio|Focus Sash
|-damage|p2a: Dugtrio|1\/211
|
|turn|4
|
|move|p2a: Dugtrio|Sucker Punch|p1a: Conkeldurr
|-resisted|p1a: Conkeldurr
|-damage|p1a: Conkeldurr|167\/352
|move|p1a: Conkeldurr|Mach Punch|p2a: Dugtrio
|-damage|p2a: Dugtrio|0 fnt
|faint|p2a: Dugtrio
|
|
|switch|p2a: Scolipede|Scolipede, F|323\/323
|turn|5
|
|move|p2a: Scolipede|Iron Defense|p2a: Scolipede
|-boost|p2a: Scolipede|def|2
|move|p1a: Conkeldurr|Ice Punch|p2a: Scolipede
|-damage|p2a: Scolipede|280\/323
|
|-boost|p2a: Scolipede|spe|1|[from] ability: Speed Boost
|turn|6
|
|switch|p1a: Raikou|Raikou|321\/321
|-ability|p1a: Raikou|Pressure
|move|p2a: Scolipede|Iron Defense|p2a: Scolipede
|-boost|p2a: Scolipede|def|2
|
|-boost|p2a: Scolipede|spe|1|[from] ability: Speed Boost
|turn|7
|
|move|p2a: Scolipede|Protect|p2a: Scolipede
|-singleturn|p2a: Scolipede|Protect
|move|p1a: Raikou|Thunderbolt|p2a: Scolipede
|-activate|p2a: Scolipede|Protect
|
|-boost|p2a: Scolipede|spe|1|[from] ability: Speed Boost
|turn|8
|
|move|p2a: Scolipede|Substitute|p2a: Scolipede
|-start|p2a: Scolipede|Substitute
|-damage|p2a: Scolipede|200\/323
|move|p1a: Raikou|Thunderbolt|p2a: Scolipede
|-end|p2a: Scolipede|Substitute
|
|-boost|p2a: Scolipede|spe|1|[from] ability: Speed Boost
|turn|9
|
|move|p2a: Scolipede|Protect|p2a: Scolipede
|-singleturn|p2a: Scolipede|Protect
|move|p1a: Raikou|Thunderbolt|p2a: Scolipede
|-activate|p2a: Scolipede|Protect
|
|-boost|p2a: Scolipede|spe|1|[from] ability: Speed Boost
|turn|10
|
|move|p2a: Scolipede|Substitute|p2a: Scolipede
|-start|p2a: Scolipede|Substitute
|-damage|p2a: Scolipede|120\/323
|move|p1a: Raikou|Thunderbolt|p2a: Scolipede
|-end|p2a: Scolipede|Substitute
|
|-boost|p2a: Scolipede|spe|1|[from] ability: Speed Boost
|turn|11
|
|move|p2a: Scolipede|Baton Pass|p2a: Scolipede
|
|switch|p2a: Latias|Latias, F|364\/364
|move|p1a: Raikou|Thunderbolt|p2a: Latias
|-resisted|p2a: Latias
|-damage|p2a: Latias|304\/364
|
|turn|12
|
|switch|p1a: Conkeldurr|Conkeldurr, M|167\/352
|detailschange|p2a: Latias|Latias-Mega, F
|-mega|p2a: Latias|Latias|Latiasite
|move|p2a: Latias|Stored Power|p1a: Conkeldurr
|-supereffective|p1a: Conkeldurr
|-damage|p1a: Conkeldurr|0 fnt
|faint|p1a: Conkeldurr
|
|
|switch|p1a: Bisharp|Bisharp, M|271\/271
|turn|13
|c|âImSUH|Thats really cool
|
|move|p1a: Bisharp|Sucker Punch|p2a: Latias
|-fail|p2a: Latias
|move|p2a: Latias|Calm Mind|p2a: Latias
|-boost|p2a: Latias|spa|1
|-boost|p2a: Latias|spd|1
|
|turn|14
|
|move|p2a: Latias|Thunderbolt|p1a: Bisharp
|-damage|p1a: Bisharp|76\/271
|move|p1a: Bisharp|Knock Off|p2a: Latias
|-supereffective|p2a: Latias
|-damage|p2a: Latias|226\/364
|-damage|p1a: Bisharp|49\/271|[from] item: Life Orb
|
|turn|15
|
|move|p1a: Bisharp|Sucker Punch|p2a: Latias
|-supereffective|p2a: Latias
|-damage|p2a: Latias|130\/364
|-damage|p1a: Bisharp|22\/271|[from] item: Life Orb
|move|p2a: Latias|Thunderbolt|p1a: Bisharp
|-damage|p1a: Bisharp|0 fnt
|faint|p1a: Bisharp
|
|
|switch|p1a: Raikou|Raikou|321\/321
|-ability|p1a: Raikou|Pressure
|turn|16
|
|move|p2a: Latias|Stored Power|p1a: Raikou
|-damage|p1a: Raikou|0 fnt
|faint|p1a: Raikou
|
|
|switch|p1a: Venusaur|Venusaur, F|360\/360
|turn|17
|c|âcrazybones|i know that this strategy sucks
|c|âcrazybones|my apologize
|c|âcrazybones|just testing
|c|âImSUH|It worked haha
|
|detailschange|p1a: Venusaur|Venusaur-Mega, F
|-mega|p1a: Venusaur|Venusaur|Venusaurite
|move|p2a: Latias|Stored Power|p1a: Venusaur
|-supereffective|p1a: Venusaur
|-damage|p1a: Venusaur|0 fnt
|faint|p1a: Venusaur
|
|win|crazybones
|raw|Ladder updating...
|raw|ImSUH's rating: 1482 &rarr; <strong>1459<\/strong><br \/>(-23 for losing)
|raw|crazybones's rating: 1439 &rarr; <strong>1461<\/strong><br \/>(+22 for winning)