|join|crazybones
|join|JSB15
|player|p1|crazybones|211
|player|p2|JSB15|161
|gametype|singles
|gen|6
|tier|OU
|rated
|clearpoke
|poke|p1|Gardevoir, F
|poke|p1|Keldeo-Resolute
|poke|p1|Ferrothorn, F
|poke|p1|Hippowdon, M
|poke|p1|Latias, F
|poke|p1|Ditto
|poke|p2|Lopunny, M
|poke|p2|Bisharp, M
|poke|p2|Azumarill, F
|poke|p2|Landorus-Therian, M
|poke|p2|Thundurus, M
|poke|p2|Heatran, M
|rule|Swagger Clause: Swagger is banned
|rule|Baton Pass Clause: Limit one PokÃ©mon knowing Baton Pass
|rule|Sleep Clause Mod: Limit one foe put to sleep
|rule|Species Clause: Limit one of each PokÃ©mon
|rule|OHKO Clause: OHKO moves are banned
|rule|Moody Clause: Moody is banned
|rule|Evasion Moves Clause: Evasion moves are banned
|rule|Endless Battle Clause: Forcing endless battles is banned
|rule|HP Percentage Mod: HP is shown in percentages
|teampreview
|
|start
|switch|p1a: Ferrothorn|Ferrothorn, F|351\/351
|switch|p2a: Heatran|Heatran, M|386\/386
|turn|1
|
|switch|p1a: Keldeo-Resolute|Keldeo-Resolute|323\/323
|move|p2a: Heatran|Earth Power|p1a: Keldeo-Resolute
|-damage|p1a: Keldeo-Resolute|234\/323
|
|-heal|p1a: Keldeo-Resolute|254\/323|[from] item: Leftovers
|turn|2
|
|switch|p2a: Azumarill|Azumarill, F|404\/404
|move|p1a: Keldeo-Resolute|Substitute|p1a: Keldeo-Resolute
|-start|p1a: Keldeo-Resolute|Substitute
|-damage|p1a: Keldeo-Resolute|174\/323
|
|-heal|p1a: Keldeo-Resolute|194\/323|[from] item: Leftovers
|turn|3
|
|move|p1a: Keldeo-Resolute|Scald|p2a: Azumarill
|-resisted|p2a: Azumarill
|-damage|p2a: Azumarill|323\/404
|move|p2a: Azumarill|Play Rough|p1a: Keldeo-Resolute
|-supereffective|p1a: Keldeo-Resolute
|-end|p1a: Keldeo-Resolute|Substitute
|
|-heal|p1a: Keldeo-Resolute|214\/323|[from] item: Leftovers
|turn|4
|
|switch|p1a: Ferrothorn|Ferrothorn, F|351\/351
|move|p2a: Azumarill|Play Rough|p1a: Ferrothorn|[miss]
|-miss|p2a: Azumarill|p1a: Ferrothorn
|
|turn|5
|
|switch|p2a: Heatran|Heatran, M|386\/386
|move|p1a: Ferrothorn|Spikes|p2a: Heatran
|-sidestart|p2: JSB15|Spikes
|
|turn|6
|
|switch|p1a: Keldeo-Resolute|Keldeo-Resolute|214\/323
|move|p2a: Heatran|Lava Plume|p1a: Keldeo-Resolute
|-resisted|p1a: Keldeo-Resolute
|-damage|p1a: Keldeo-Resolute|152\/323
|
|-heal|p1a: Keldeo-Resolute|172\/323|[from] item: Leftovers
|turn|7
|
|switch|p2a: Azumarill|Azumarill, F|323\/404
|-damage|p2a: Azumarill|273\/404|[from] Spikes
|move|p1a: Keldeo-Resolute|Scald|p2a: Azumarill
|-resisted|p2a: Azumarill
|-damage|p2a: Azumarill|186\/404
|
|-heal|p1a: Keldeo-Resolute|192\/323|[from] item: Leftovers
|turn|8
|
|switch|p1a: Ferrothorn|Ferrothorn, F|351\/351
|move|p2a: Azumarill|Knock Off|p1a: Ferrothorn
|-damage|p1a: Ferrothorn|236\/351
|-damage|p2a: Azumarill|136\/404|[from] ability: Iron Barbs|[of] p1a: Ferrothorn
|-enditem|p1a: Ferrothorn|Leftovers|[from] move: Knock Off|[of] p2a: Azumarill
|
|turn|9
|
|switch|p2a: Heatran|Heatran, M|386\/386
|-damage|p2a: Heatran|338\/386|[from] Spikes
|move|p1a: Ferrothorn|Spikes|p2a: Heatran
|-sidestart|p2: JSB15|Spikes
|
|-heal|p2a: Heatran|362\/386|[from] item: Leftovers
|turn|10
|
|switch|p1a: Keldeo-Resolute|Keldeo-Resolute|192\/323
|move|p2a: Heatran|Toxic|p1a: Keldeo-Resolute
|-status|p1a: Keldeo-Resolute|tox
|
|-heal|p1a: Keldeo-Resolute|212\/323 tox|[from] item: Leftovers
|-heal|p2a: Heatran|386\/386|[from] item: Leftovers
|-damage|p1a: Keldeo-Resolute|192\/323 tox|[from] psn
|turn|11
|
|switch|p2a: Azumarill|Azumarill, F|136\/404
|-damage|p2a: Azumarill|69\/404|[from] Spikes
|move|p1a: Keldeo-Resolute|Secret Sword|p2a: Azumarill
|-resisted|p2a: Azumarill
|-damage|p2a: Azumarill|0 fnt
|faint|p2a: Azumarill
|
|-heal|p1a: Keldeo-Resolute|212\/323 tox|[from] item: Leftovers
|-damage|p1a: Keldeo-Resolute|172\/323 tox|[from] psn
|
|switch|p2a: Lopunny|Lopunny, M|271\/271
|-damage|p2a: Lopunny|226\/271|[from] Spikes
|turn|12
|
|switch|p1a: Ferrothorn|Ferrothorn, F|236\/351
|detailschange|p2a: Lopunny|Lopunny-Mega, M
|-mega|p2a: Lopunny|Lopunny|Lopunnite
|move|p2a: Lopunny|Fake Out|p1a: Ferrothorn
|-resisted|p1a: Ferrothorn
|-damage|p1a: Ferrothorn|215\/351
|-damage|p2a: Lopunny|193\/271|[from] ability: Iron Barbs|[of] p1a: Ferrothorn
|
|turn|13
|
|move|p2a: Lopunny|Ice Punch|p1a: Ferrothorn
|-damage|p1a: Ferrothorn|162\/351
|-damage|p2a: Lopunny|160\/271|[from] ability: Iron Barbs|[of] p1a: Ferrothorn
|move|p1a: Ferrothorn|Spikes|p2a: Lopunny
|-sidestart|p2: JSB15|Spikes
|
|turn|14
|
|move|p1a: Ferrothorn|Protect|p1a: Ferrothorn
|-singleturn|p1a: Ferrothorn|Protect
|move|p2a: Lopunny|High Jump Kick|p1a: Ferrothorn
|-activate|p1a: Ferrothorn|Protect
|-damage|p2a: Lopunny|25\/271|[from] highjumpkick
|
|turn|15
|
|move|p2a: Lopunny|High Jump Kick|p1a: Ferrothorn
|-supereffective|p1a: Ferrothorn
|-damage|p1a: Ferrothorn|0 fnt
|-damage|p2a: Lopunny|0 fnt|[from] ability: Iron Barbs|[of] p1a: Ferrothorn
|faint|p2a: Lopunny
|faint|p1a: Ferrothorn
|
|
|switch|p2a: Thundurus|Thundurus, M|299\/299
|switch|p1a: Hippowdon|Hippowdon, M|419\/419
|-weather|Sandstorm
|turn|16
|
|move|p2a: Thundurus|Hidden Power|p1a: Hippowdon
|-supereffective|p1a: Hippowdon
|-damage|p1a: Hippowdon|190\/419
|-damage|p2a: Thundurus|270\/299|[from] item: Life Orb
|move|p1a: Hippowdon|Stealth Rock|p2a: Thundurus
|-sidestart|p2: JSB15|move: Stealth Rock
|
|-weather|Sandstorm|[upkeep]
|-damage|p2a: Thundurus|252\/299|[from] sandstorm
|-heal|p1a: Hippowdon|216\/419|[from] item: Leftovers
|turn|17
|
|move|p2a: Thundurus|Hidden Power|p1a: Hippowdon
|-supereffective|p1a: Hippowdon
|-damage|p1a: Hippowdon|0 fnt
|-damage|p2a: Thundurus|223\/299|[from] item: Life Orb
|faint|p1a: Hippowdon
|
|-weather|Sandstorm|[upkeep]
|-damage|p2a: Thundurus|205\/299|[from] sandstorm
|
|switch|p1a: Gardevoir|Gardevoir, F|277\/277
|turn|18
|
|detailschange|p1a: Gardevoir|Gardevoir-Mega, F
|-mega|p1a: Gardevoir|Gardevoir|Gardevoirite
|move|p2a: Thundurus|Thunder Wave|p1a: Gardevoir
|-status|p1a: Gardevoir|par
|move|p1a: Gardevoir|Hyper Voice|p2a: Thundurus
|-damage|p2a: Thundurus|0 fnt
|faint|p2a: Thundurus
|
|-weather|Sandstorm|[upkeep]
|-damage|p1a: Gardevoir|260\/277 par|[from] sandstorm
|
|switch|p2a: Heatran|Heatran, M|386\/386
|-damage|p2a: Heatran|290\/386|[from] Spikes
|-damage|p2a: Heatran|242\/386|[from] Stealth Rock
|turn|19
|
|move|p2a: Heatran|Flash Cannon|p1a: Gardevoir
|-supereffective|p1a: Gardevoir
|-damage|p1a: Gardevoir|78\/277 par
|move|p1a: Gardevoir|Focus Blast|p2a: Heatran|[miss]
|-miss|p1a: Gardevoir|p2a: Heatran
|
|-weather|Sandstorm|[upkeep]
|-damage|p1a: Gardevoir|61\/277 par|[from] sandstorm
|-heal|p2a: Heatran|266\/386|[from] item: Leftovers
|turn|20
|
|move|p2a: Heatran|Earth Power|p1a: Gardevoir
|-damage|p1a: Gardevoir|0 fnt
|faint|p1a: Gardevoir
|
|-weather|none
|-heal|p2a: Heatran|290\/386|[from] item: Leftovers
|
|switch|p1a: Latias|Latias, F|301\/301
|turn|21
|
|move|p1a: Latias|Healing Wish|p1a: Latias
|faint|p1a: Latias
|move|p2a: Heatran|Toxic|p1: Latias|[notarget]
|-notarget
|
|-heal|p2a: Heatran|314\/386|[from] item: Leftovers
|
|switch|p1a: Keldeo-Resolute|Keldeo-Resolute|172\/323 tox
|-heal|p1a: Keldeo-Resolute|323\/323|[from] move: Healing Wish
|turn|22
|
|move|p1a: Keldeo-Resolute|Substitute|p1a: Keldeo-Resolute
|-start|p1a: Keldeo-Resolute|Substitute
|-damage|p1a: Keldeo-Resolute|243\/323
|move|p2a: Heatran|Earth Power|p1a: Keldeo-Resolute
|-crit|p1a: Keldeo-Resolute
|-end|p1a: Keldeo-Resolute|Substitute
|
|-heal|p1a: Keldeo-Resolute|263\/323|[from] item: Leftovers
|-heal|p2a: Heatran|338\/386|[from] item: Leftovers
|turn|23
|
|move|p1a: Keldeo-Resolute|Substitute|p1a: Keldeo-Resolute
|-start|p1a: Keldeo-Resolute|Substitute
|-damage|p1a: Keldeo-Resolute|183\/323
|move|p2a: Heatran|Earth Power|p1a: Keldeo-Resolute
|-end|p1a: Keldeo-Resolute|Substitute
|
|-heal|p1a: Keldeo-Resolute|203\/323|[from] item: Leftovers
|-heal|p2a: Heatran|362\/386|[from] item: Leftovers
|turn|24
|
|move|p1a: Keldeo-Resolute|Substitute|p1a: Keldeo-Resolute
|-start|p1a: Keldeo-Resolute|Substitute
|-damage|p1a: Keldeo-Resolute|123\/323
|move|p2a: Heatran|Earth Power|p1a: Keldeo-Resolute
|-end|p1a: Keldeo-Resolute|Substitute
|
|-heal|p1a: Keldeo-Resolute|143\/323|[from] item: Leftovers
|-heal|p2a: Heatran|386\/386|[from] item: Leftovers
|turn|25
|
|move|p1a: Keldeo-Resolute|Secret Sword|p2a: Heatran
|-supereffective|p2a: Heatran
|-damage|p2a: Heatran|84\/386
|move|p2a: Heatran|Earth Power|p1a: Keldeo-Resolute
|-damage|p1a: Keldeo-Resolute|40\/323
|
|-heal|p1a: Keldeo-Resolute|60\/323|[from] item: Leftovers
|-heal|p2a: Heatran|108\/386|[from] item: Leftovers
|turn|26
|
|move|p1a: Keldeo-Resolute|Secret Sword|p2a: Heatran
|-supereffective|p2a: Heatran
|-damage|p2a: Heatran|0 fnt
|faint|p2a: Heatran
|
|-heal|p1a: Keldeo-Resolute|80\/323|[from] item: Leftovers
|
|switch|p2a: Bisharp|Bisharp, M|272\/272
|-damage|p2a: Bisharp|204\/272|[from] Spikes
|-damage|p2a: Bisharp|187\/272|[from] Stealth Rock
|turn|27
|
|switch|p2a: Landorus-Therian|Landorus-Therian, M|382\/382
|-damage|p2a: Landorus-Therian|335\/382|[from] Stealth Rock
|-ability|p2a: Landorus-Therian|Intimidate|[of] p1a: Keldeo-Resolute
|-unboost|p1a: Keldeo-Resolute|atk|1
|move|p1a: Keldeo-Resolute|Secret Sword|p2a: Landorus-Therian
|-resisted|p2a: Landorus-Therian
|-damage|p2a: Landorus-Therian|274\/382
|
|-heal|p1a: Keldeo-Resolute|100\/323|[from] item: Leftovers
|-heal|p2a: Landorus-Therian|297\/382|[from] item: Leftovers
|turn|28
|
|move|p1a: Keldeo-Resolute|Scald|p2a: Landorus-Therian
|-supereffective|p2a: Landorus-Therian
|-damage|p2a: Landorus-Therian|0 fnt
|faint|p2a: Landorus-Therian
|
|-heal|p1a: Keldeo-Resolute|120\/323|[from] item: Leftovers
|-message|JSB15 forfeited.
|leave|JSB15
|
|win|crazybones
|raw|Ladder updating...
|raw|crazybones's rating: 1496 &rarr; <strong>1510<\/strong><br \/>(+14 for winning)
|raw|JSB15's rating: 1394 &rarr; <strong>1380<\/strong><br \/>(-14 for losing)
|player|p2