|join|here to gg
|join|crazybones
|player|p1|here to gg|148
|player|p2|crazybones|211
|gametype|singles
|gen|6
|tier|OU
|rated
|clearpoke
|poke|p1|Gothitelle, F
|poke|p1|Charizard, M
|poke|p1|Keldeo
|poke|p1|Excadrill, M
|poke|p1|Tyranitar, F
|poke|p1|Gengar, M
|poke|p2|Gardevoir, M, shiny
|poke|p2|Jirachi, shiny
|poke|p2|Bisharp, F, shiny
|poke|p2|Chansey, F, shiny
|poke|p2|Mandibuzz, F, shiny
|poke|p2|Terrakion
|rule|Swagger Clause: Swagger is banned
|rule|Baton Pass Clause: Limit one PokÃ©mon knowing Baton Pass
|rule|Sleep Clause Mod: Limit one foe put to sleep
|rule|Species Clause: Limit one of each PokÃ©mon
|rule|OHKO Clause: OHKO moves are banned
|rule|Moody Clause: Moody is banned
|rule|Evasion Moves Clause: Evasion moves are banned
|rule|Endless Battle Clause: Forcing endless battles is banned
|rule|HP Percentage Mod: HP is shown in percentages
|teampreview
|
|start
|switch|p1a: Charizard|Charizard, M|297\/297
|switch|p2a: Terrakion|Terrakion|385\/385
|turn|1
|
|switch|p1a: Gothitelle|Gothitelle, F|344\/344
|move|p2a: Terrakion|Stealth Rock|p1a: Gothitelle
|-sidestart|p1: here to gg|move: Stealth Rock
|
|turn|2
|
|move|p1a: Gothitelle|Psychic|p2a: Terrakion
|-supereffective|p2a: Terrakion
|-damage|p2a: Terrakion|149\/385
|move|p2a: Terrakion|Taunt|p1a: Gothitelle
|-start|p1a: Gothitelle|move: Taunt
|
|turn|3
|
|move|p1a: Gothitelle|Psychic|p2a: Terrakion
|-supereffective|p2a: Terrakion
|-damage|p2a: Terrakion|0 fnt
|faint|p2a: Terrakion
|
|
|switch|p2a: Bisharp|Bisharp, F, shiny|271\/271
|turn|4
|
|switch|p1a: Keldeo|Keldeo|323\/323
|-damage|p1a: Keldeo|303\/323|[from] Stealth Rock
|move|p2a: Bisharp|Knock Off|p1a: Keldeo
|-resisted|p1a: Keldeo
|-damage|p1a: Keldeo|190\/323
|-boost|p1a: Keldeo|atk|1|[from] ability: Justified
|-enditem|p1a: Keldeo|Choice Specs|[from] move: Knock Off|[of] p2a: Bisharp
|-damage|p2a: Bisharp|244\/271|[from] item: Life Orb
|
|turn|5
|
|switch|p1a: Excadrill|Excadrill, M|361\/361
|-damage|p1a: Excadrill|350\/361|[from] Stealth Rock
|switch|p2a: Mandibuzz|Mandibuzz, F, shiny|423\/423
|
|turn|6
|
|move|p1a: Excadrill|Rapid Spin|p2a: Mandibuzz
|-damage|p2a: Mandibuzz|407\/423
|-sideend|p1: here to gg|Stealth Rock|[from] move: Rapid Spin|[of] p1a: Excadrill
|move|p2a: Mandibuzz|Foul Play|p1a: Excadrill
|-damage|p1a: Excadrill|91\/361
|
|-heal|p2a: Mandibuzz|423\/423|[from] item: Leftovers
|turn|7
|
|switch|p1a: Charizard|Charizard, M|297\/297
|move|p2a: Mandibuzz|Foul Play|p1a: Charizard
|-damage|p1a: Charizard|186\/297
|
|turn|8
|
|switch|p2a: Chansey|Chansey, F, shiny|703\/703
|detailschange|p1a: Charizard|Charizard-Mega-Y, M
|-mega|p1a: Charizard|Charizard|Charizardite Y
|-weather|SunnyDay
|move|p1a: Charizard|Flamethrower|p2a: Chansey
|-damage|p2a: Chansey|510\/703
|
|-weather|SunnyDay|[upkeep]
|turn|9
|
|move|p1a: Charizard|Flamethrower|p2a: Chansey
|-damage|p2a: Chansey|312\/703
|move|p2a: Chansey|Thunder Wave|p1a: Charizard
|-status|p1a: Charizard|par
|
|-weather|SunnyDay|[upkeep]
|turn|10
|
|switch|p1a: Gothitelle|Gothitelle, F|344\/344
|move|p2a: Chansey|Soft-Boiled|p2a: Chansey
|-heal|p2a: Chansey|664\/703
|
|-weather|SunnyDay|[upkeep]
|turn|11
|
|move|p1a: Gothitelle|Trick|p2a: Chansey
|-activate|p1a: Gothitelle|move: Trick|[of] p2a: Chansey
|-item|p2a: Chansey|Choice Scarf|[from] move: Trick
|-item|p1a: Gothitelle|Eviolite|[from] move: Trick
|move|p2a: Chansey|Seismic Toss|p1a: Gothitelle
|-damage|p1a: Gothitelle|244\/344
|
|-weather|SunnyDay|[upkeep]
|turn|12
|
|move|p1a: Gothitelle|Psychic|p2a: Chansey
|-damage|p2a: Chansey|564\/703
|move|p2a: Chansey|Seismic Toss|p1a: Gothitelle
|-damage|p1a: Gothitelle|144\/344
|
|-weather|none
|turn|13
|
|move|p1a: Gothitelle|Psychic|p2a: Chansey
|-damage|p2a: Chansey|464\/703
|move|p2a: Chansey|Seismic Toss|p1a: Gothitelle
|-damage|p1a: Gothitelle|44\/344
|
|turn|14
|
|move|p1a: Gothitelle|Rest|p1a: Gothitelle
|-status|p1a: Gothitelle|slp
|-heal|p1a: Gothitelle|344\/344 slp|[silent]
|-status|p1a: Gothitelle|slp|[from] move: Rest
|move|p2a: Chansey|Seismic Toss|p1a: Gothitelle
|-damage|p1a: Gothitelle|244\/344 slp
|
|turn|15
|
|cant|p1a: Gothitelle|slp
|move|p2a: Chansey|Seismic Toss|p1a: Gothitelle
|-damage|p1a: Gothitelle|144\/344 slp
|
|turn|16
|
|cant|p1a: Gothitelle|slp
|move|p2a: Chansey|Seismic Toss|p1a: Gothitelle
|-damage|p1a: Gothitelle|44\/344 slp
|
|turn|17
|
|-curestatus|p1a: Gothitelle|slp
|move|p1a: Gothitelle|Rest|p1a: Gothitelle
|-status|p1a: Gothitelle|slp
|-heal|p1a: Gothitelle|344\/344 slp|[silent]
|-status|p1a: Gothitelle|slp|[from] move: Rest
|move|p2a: Chansey|Seismic Toss|p1a: Gothitelle
|-damage|p1a: Gothitelle|244\/344 slp
|
|turn|18
|
|cant|p1a: Gothitelle|slp
|move|p2a: Chansey|Seismic Toss|p1a: Gothitelle
|-damage|p1a: Gothitelle|144\/344 slp
|
|turn|19
|
|cant|p1a: Gothitelle|slp
|move|p2a: Chansey|Seismic Toss|p1a: Gothitelle
|-damage|p1a: Gothitelle|44\/344 slp
|
|turn|20
|
|-curestatus|p1a: Gothitelle|slp
|move|p1a: Gothitelle|Rest|p1a: Gothitelle
|-status|p1a: Gothitelle|slp
|-heal|p1a: Gothitelle|344\/344 slp|[silent]
|-status|p1a: Gothitelle|slp|[from] move: Rest
|move|p2a: Chansey|Seismic Toss|p1a: Gothitelle
|-damage|p1a: Gothitelle|244\/344 slp
|
|turn|21
|
|cant|p1a: Gothitelle|slp
|move|p2a: Chansey|Seismic Toss|p1a: Gothitelle
|-damage|p1a: Gothitelle|144\/344 slp
|
|turn|22
|
|cant|p1a: Gothitelle|slp
|move|p2a: Chansey|Seismic Toss|p1a: Gothitelle
|-damage|p1a: Gothitelle|44\/344 slp
|
|turn|23
|
|-curestatus|p1a: Gothitelle|slp
|move|p1a: Gothitelle|Rest|p1a: Gothitelle
|-status|p1a: Gothitelle|slp
|-heal|p1a: Gothitelle|344\/344 slp|[silent]
|-status|p1a: Gothitelle|slp|[from] move: Rest
|move|p2a: Chansey|Seismic Toss|p1a: Gothitelle
|-damage|p1a: Gothitelle|244\/344 slp
|
|turn|24
|
|cant|p1a: Gothitelle|slp
|move|p2a: Chansey|Seismic Toss|p1a: Gothitelle
|-damage|p1a: Gothitelle|144\/344 slp
|
|turn|25
|
|cant|p1a: Gothitelle|slp
|move|p2a: Chansey|Seismic Toss|p1a: Gothitelle
|-damage|p1a: Gothitelle|44\/344 slp
|
|turn|26
|
|-curestatus|p1a: Gothitelle|slp
|move|p1a: Gothitelle|Rest|p1a: Gothitelle
|-status|p1a: Gothitelle|slp
|-heal|p1a: Gothitelle|344\/344 slp|[silent]
|-status|p1a: Gothitelle|slp|[from] move: Rest
|move|p2a: Chansey|Seismic Toss|p1a: Gothitelle
|-damage|p1a: Gothitelle|244\/344 slp
|
|turn|27
|
|cant|p1a: Gothitelle|slp
|move|p2a: Chansey|Seismic Toss|p1a: Gothitelle
|-damage|p1a: Gothitelle|144\/344 slp
|
|turn|28
|
|cant|p1a: Gothitelle|slp
|move|p2a: Chansey|Seismic Toss|p1a: Gothitelle
|-damage|p1a: Gothitelle|44\/344 slp
|
|turn|29
|
|-curestatus|p1a: Gothitelle|slp
|move|p1a: Gothitelle|Rest|p1a: Gothitelle
|-status|p1a: Gothitelle|slp
|-heal|p1a: Gothitelle|344\/344 slp|[silent]
|-status|p1a: Gothitelle|slp|[from] move: Rest
|move|p2a: Chansey|Seismic Toss|p1a: Gothitelle
|-damage|p1a: Gothitelle|244\/344 slp
|
|turn|30
|
|cant|p1a: Gothitelle|slp
|move|p2a: Chansey|Seismic Toss|p1a: Gothitelle
|-damage|p1a: Gothitelle|144\/344 slp
|
|turn|31
|
|cant|p1a: Gothitelle|slp
|move|p2a: Chansey|Seismic Toss|p1a: Gothitelle
|-damage|p1a: Gothitelle|44\/344 slp
|
|turn|32
|
|-curestatus|p1a: Gothitelle|slp
|move|p1a: Gothitelle|Rest|p1a: Gothitelle
|-status|p1a: Gothitelle|slp
|-heal|p1a: Gothitelle|344\/344 slp|[silent]
|-status|p1a: Gothitelle|slp|[from] move: Rest
|move|p2a: Chansey|Seismic Toss|p1a: Gothitelle
|-damage|p1a: Gothitelle|244\/344 slp
|
|turn|33
|
|cant|p1a: Gothitelle|slp
|move|p2a: Chansey|Seismic Toss|p1a: Gothitelle
|-damage|p1a: Gothitelle|144\/344 slp
|
|turn|34
|
|cant|p1a: Gothitelle|slp
|move|p2a: Chansey|Seismic Toss|p1a: Gothitelle
|-damage|p1a: Gothitelle|44\/344 slp
|
|turn|35
|
|-curestatus|p1a: Gothitelle|slp
|move|p1a: Gothitelle|Rest|p1a: Gothitelle
|-status|p1a: Gothitelle|slp
|-heal|p1a: Gothitelle|344\/344 slp|[silent]
|-status|p1a: Gothitelle|slp|[from] move: Rest
|move|p2a: Chansey|Seismic Toss|p1a: Gothitelle
|-damage|p1a: Gothitelle|244\/344 slp
|
|turn|36
|
|cant|p1a: Gothitelle|slp
|move|p2a: Chansey|Seismic Toss|p1a: Gothitelle
|-damage|p1a: Gothitelle|144\/344 slp
|
|turn|37
|join|BHARATHTHEBEST
|
|cant|p1a: Gothitelle|slp
|move|p2a: Chansey|Seismic Toss|p1a: Gothitelle
|-damage|p1a: Gothitelle|44\/344 slp
|
|turn|38
|
|-curestatus|p1a: Gothitelle|slp
|move|p1a: Gothitelle|Rest|p1a: Gothitelle
|-status|p1a: Gothitelle|slp
|-heal|p1a: Gothitelle|344\/344 slp|[silent]
|-status|p1a: Gothitelle|slp|[from] move: Rest
|move|p2a: Chansey|Seismic Toss|p1a: Gothitelle
|-damage|p1a: Gothitelle|244\/344 slp
|
|turn|39
|
|cant|p1a: Gothitelle|slp
|move|p2a: Chansey|Seismic Toss|p1a: Gothitelle
|-damage|p1a: Gothitelle|144\/344 slp
|
|turn|40
|
|cant|p1a: Gothitelle|slp
|move|p2a: Chansey|Seismic Toss|p1a: Gothitelle
|-damage|p1a: Gothitelle|44\/344 slp
|
|turn|41
|
|-curestatus|p1a: Gothitelle|slp
|move|p1a: Gothitelle|Rest|p1a: Gothitelle
|-status|p1a: Gothitelle|slp
|-heal|p1a: Gothitelle|344\/344 slp|[silent]
|-status|p1a: Gothitelle|slp|[from] move: Rest
|move|p2a: Chansey|Seismic Toss|p1a: Gothitelle
|-damage|p1a: Gothitelle|244\/344 slp
|
|turn|42
|
|cant|p1a: Gothitelle|slp
|move|p2a: Chansey|Seismic Toss|p1a: Gothitelle
|-damage|p1a: Gothitelle|144\/344 slp
|
|turn|43
|
|cant|p1a: Gothitelle|slp
|move|p2a: Chansey|Struggle|p1a: Gothitelle
|-damage|p1a: Gothitelle|137\/344 slp
|-damage|p2a: Chansey|289\/703
|
|turn|44
|
|switch|p1a: Tyranitar|Tyranitar, F|403\/403
|-weather|Sandstorm
|move|p2a: Chansey|Struggle|p1a: Tyranitar
|-damage|p1a: Tyranitar|398\/403
|-damage|p2a: Chansey|114\/703
|
|-weather|Sandstorm|[upkeep]
|-damage|p2a: Chansey|71\/703|[from] sandstorm
|turn|45
|join|Seeker1911
|
|switch|p2a: Mandibuzz|Mandibuzz, F, shiny|423\/423
|move|p1a: Tyranitar|Stealth Rock|p2a: Mandibuzz
|-sidestart|p2: crazybones|move: Stealth Rock
|
|-weather|Sandstorm|[upkeep]
|turn|46
|
|switch|p1a: Gothitelle|Gothitelle, F|137\/344 slp
|move|p2a: Mandibuzz|Defog|p1a: Gothitelle
|-unboost|p1a: Gothitelle|evasion|1
|-sideend|p2: crazybones|Stealth Rock|[from] move: Defog|[of] p2a: Mandibuzz
|
|-weather|Sandstorm|[upkeep]
|-damage|p1a: Gothitelle|116\/344 slp|[from] sandstorm
|turn|47
|
|-curestatus|p1a: Gothitelle|slp
|move|p1a: Gothitelle|Trick|p2a: Mandibuzz
|-activate|p1a: Gothitelle|move: Trick|[of] p2a: Mandibuzz
|-item|p2a: Mandibuzz|Eviolite|[from] move: Trick
|-item|p1a: Gothitelle|Leftovers|[from] move: Trick
|move|p2a: Mandibuzz|Foul Play|p1a: Gothitelle
|-supereffective|p1a: Gothitelle
|-damage|p1a: Gothitelle|0 fnt
|faint|p1a: Gothitelle
|
|-weather|Sandstorm|[upkeep]
|
|switch|p1a: Charizard|Charizard-Mega-Y, M|186\/297 par
|-weather|SunnyDay
|turn|48
|
|move|p2a: Mandibuzz|Foul Play|p1a: Charizard
|-crit|p1a: Charizard
|-damage|p1a: Charizard|0 fnt
|faint|p1a: Charizard
|
|-weather|SunnyDay|[upkeep]
|c|âcrazybones|that sucks
|c|âcrazybones|sorry
|c|âhere to gg|yeah i think i lose
|c|âhere to gg|but its good
|c|âhere to gg|gg
|
|switch|p1a: Tyranitar|Tyranitar, F|398\/403
|-weather|Sandstorm
|turn|49
|
|move|p2a: Mandibuzz|Foul Play|p1a: Tyranitar
|-resisted|p1a: Tyranitar
|-damage|p1a: Tyranitar|351\/403
|move|p1a: Tyranitar|Stealth Rock|p2a: Mandibuzz
|-sidestart|p2: crazybones|move: Stealth Rock
|
|-weather|Sandstorm|[upkeep]
|turn|50
|
|switch|p1a: Keldeo|Keldeo|190\/323
|move|p2a: Mandibuzz|Defog|p1a: Keldeo
|-unboost|p1a: Keldeo|evasion|1
|-sideend|p2: crazybones|Stealth Rock|[from] move: Defog|[of] p2a: Mandibuzz
|
|-weather|Sandstorm|[upkeep]
|-damage|p1a: Keldeo|170\/323|[from] sandstorm
|turn|51
|
|move|p1a: Keldeo|Scald|p2a: Mandibuzz
|-damage|p2a: Mandibuzz|273\/423
|-status|p2a: Mandibuzz|brn
|move|p2a: Mandibuzz|Roost|p2a: Mandibuzz
|-heal|p2a: Mandibuzz|423\/423 brn
|
|-weather|Sandstorm|[upkeep]
|-damage|p1a: Keldeo|150\/323|[from] sandstorm
|-damage|p2a: Mandibuzz|371\/423 brn|[from] brn
|turn|52
|
|switch|p1a: Tyranitar|Tyranitar, F|351\/403
|move|p2a: Mandibuzz|Roost|p2a: Mandibuzz
|-heal|p2a: Mandibuzz|423\/423 brn
|
|-weather|Sandstorm|[upkeep]
|-damage|p2a: Mandibuzz|371\/423 brn|[from] brn
|turn|53
|
|move|p2a: Mandibuzz|Foul Play|p1a: Tyranitar
|-resisted|p1a: Tyranitar
|-damage|p1a: Tyranitar|327\/403
|move|p1a: Tyranitar|Stealth Rock|p2a: Mandibuzz
|-sidestart|p2: crazybones|move: Stealth Rock
|
|-weather|Sandstorm|[upkeep]
|-damage|p2a: Mandibuzz|319\/423 brn|[from] brn
|turn|54
|
|move|p2a: Mandibuzz|Defog|p1a: Tyranitar
|-unboost|p1a: Tyranitar|evasion|1
|-sideend|p2: crazybones|Stealth Rock|[from] move: Defog|[of] p2a: Mandibuzz
|move|p1a: Tyranitar|Rock Slide|p2a: Mandibuzz
|-miss|p1a: Tyranitar|p2a: Mandibuzz
|
|-weather|Sandstorm|[upkeep]
|-damage|p2a: Mandibuzz|267\/423 brn|[from] brn
|turn|55
|
|move|p2a: Mandibuzz|Roost|p2a: Mandibuzz
|-heal|p2a: Mandibuzz|423\/423 brn
|move|p1a: Tyranitar|Stealth Rock|p2a: Mandibuzz
|-sidestart|p2: crazybones|move: Stealth Rock
|
|-weather|Sandstorm|[upkeep]
|-damage|p2a: Mandibuzz|371\/423 brn|[from] brn
|turn|56
|
|move|p2a: Mandibuzz|Defog|p1a: Tyranitar
|-unboost|p1a: Tyranitar|evasion|1
|-sideend|p2: crazybones|Stealth Rock|[from] move: Defog|[of] p2a: Mandibuzz
|move|p1a: Tyranitar|Rock Slide|p2a: Mandibuzz
|-supereffective|p2a: Mandibuzz
|-damage|p2a: Mandibuzz|213\/423 brn
|
|-weather|none
|-damage|p2a: Mandibuzz|161\/423 brn|[from] brn
|turn|57
|
|switch|p2a: Gardevoir|Gardevoir, M, shiny|337\/337
|move|p1a: Tyranitar|Stealth Rock|p2a: Gardevoir
|-sidestart|p2: crazybones|move: Stealth Rock
|
|turn|58
|
|switch|p1a: Gengar|Gengar, M|261\/261
|detailschange|p2a: Gardevoir|Gardevoir-Mega, M, shiny
|-mega|p2a: Gardevoir|Gardevoir|Gardevoirite
|move|p2a: Gardevoir|Hyper Voice|p1a: Gengar
|-crit|p1a: Gengar
|-resisted|p1a: Gengar
|-damage|p1a: Gengar|18\/261
|
|turn|59
|
|switch|p1a: Tyranitar|Tyranitar, F|327\/403
|-weather|Sandstorm
|switch|p2a: Chansey|Chansey, F, shiny|71\/703
|-damage|p2a: Chansey|0 fnt|[from] Stealth Rock
|faint|p2a: Chansey
|
|-weather|Sandstorm|[upkeep]
|
|switch|p2a: Gardevoir|Gardevoir-Mega, M, shiny|337\/337
|-damage|p2a: Gardevoir|295\/337|[from] Stealth Rock
|turn|60
|
|move|p2a: Gardevoir|Hyper Voice|p1a: Tyranitar
|-supereffective|p1a: Tyranitar
|-damage|p1a: Tyranitar|0 fnt
|faint|p1a: Tyranitar
|
|-weather|Sandstorm|[upkeep]
|-damage|p2a: Gardevoir|274\/337|[from] sandstorm
|
|switch|p1a: Excadrill|Excadrill, M|91\/361
|turn|61
|
|switch|p2a: Mandibuzz|Mandibuzz, F, shiny|161\/423 brn
|-damage|p2a: Mandibuzz|56\/423 brn|[from] Stealth Rock
|move|p1a: Excadrill|Iron Head|p2a: Mandibuzz
|-damage|p2a: Mandibuzz|0 fnt
|faint|p2a: Mandibuzz
|
|-weather|Sandstorm|[upkeep]
|
|switch|p2a: Bisharp|Bisharp, F, shiny|244\/271
|-damage|p2a: Bisharp|228\/271|[from] Stealth Rock
|turn|62
|
|switch|p1a: Gengar|Gengar, M|18\/261
|move|p2a: Bisharp|Sucker Punch|p1a: Gengar
|-fail|p1a: Gengar
|
|-weather|Sandstorm|[upkeep]
|-damage|p1a: Gengar|2\/261|[from] sandstorm
|turn|63
|
|switch|p1a: Keldeo|Keldeo|150\/323
|switch|p2a: Gardevoir|Gardevoir-Mega, M, shiny|274\/337
|-damage|p2a: Gardevoir|232\/337|[from] Stealth Rock
|
|-weather|Sandstorm|[upkeep]
|-damage|p1a: Keldeo|130\/323|[from] sandstorm
|-damage|p2a: Gardevoir|211\/337|[from] sandstorm
|turn|64
|
|move|p1a: Keldeo|Hydro Pump|p2a: Gardevoir
|-damage|p2a: Gardevoir|55\/337
|move|p2a: Gardevoir|Hyper Voice|p1a: Keldeo
|-supereffective|p1a: Keldeo
|-damage|p1a: Keldeo|0 fnt
|faint|p1a: Keldeo
|
|-weather|Sandstorm|[upkeep]
|-damage|p2a: Gardevoir|34\/337|[from] sandstorm
|c|âhere to gg|gg
|c|âcrazybones|here tell me what's your rank right now?
|
|switch|p1a: Excadrill|Excadrill, M|91\/361
|turn|65
|c|âhere to gg|umm
|c|âhere to gg|my other acc is like 1810
|c|âhere to gg|but this is like 1725
|c|âcrazybones|do u need rank points?
|c|âcrazybones|cause i'm just testing
|c|âhere to gg|nah its fine
|c|âcrazybones|ok
|c|âhere to gg|same tbh
|c|âcrazybones|gg
|c|âhere to gg|gg
|
|move|p1a: Excadrill|Earthquake|p2a: Gardevoir
|-crit|p2a: Gardevoir
|-damage|p2a: Gardevoir|0 fnt
|faint|p2a: Gardevoir
|
|-weather|Sandstorm|[upkeep]
|
|switch|p2a: Bisharp|Bisharp, F, shiny|228\/271
|-damage|p2a: Bisharp|212\/271|[from] Stealth Rock
|turn|66
|
|switch|p1a: Gengar|Gengar, M|2\/261
|move|p2a: Bisharp|Sucker Punch|p1a: Gengar
|-fail|p1a: Gengar
|
|-weather|none
|turn|67
|
|switch|p1a: Excadrill|Excadrill, M|91\/361
|switch|p2a: Jirachi|Jirachi, shiny|341\/341
|-damage|p2a: Jirachi|320\/341|[from] Stealth Rock
|
|turn|68
|
|move|p2a: Jirachi|Iron Head|p1a: Excadrill
|-resisted|p1a: Excadrill
|-damage|p1a: Excadrill|3\/361
|cant|p1a: Excadrill|flinch
|
|turn|69
|c|âhere to gg|kk byee
|-message|here to gg forfeited.
|
|win|crazybones
|raw|Ladder updating...
|leave|here to gg
|player|p1
|raw|here to gg's rating: 1714 &rarr; <strong>1688<\/strong><br \/>(-26 for losing)
|raw|crazybones's rating: 1610 &rarr; <strong>1635<\/strong><br \/>(+25 for winning)
|leave|BHARATHTHEBEST
|leave|crazybones
|player|p2
|join|crazybones