|join|crazybones
|join|Kopanos
|player|p1|crazybones|211
|player|p2|Kopanos|43
|gametype|singles
|gen|6
|tier|OU
|rated
|clearpoke
|poke|p1|Victini
|poke|p1|Staraptor, M, shiny
|poke|p1|Scolipede, M, shiny
|poke|p1|Latias, F, shiny
|poke|p1|Infernape, M, shiny
|poke|p1|Suicune, shiny
|poke|p2|Talonflame, M
|poke|p2|Ferrothorn, M
|poke|p2|Latios, M
|poke|p2|Dragonite, M
|poke|p2|Metagross
|poke|p2|Landorus-Therian, M
|rule|Swagger Clause: Swagger is banned
|rule|Baton Pass Clause: Limit one PokÃ©mon knowing Baton Pass
|rule|Sleep Clause Mod: Limit one foe put to sleep
|rule|Species Clause: Limit one of each PokÃ©mon
|rule|OHKO Clause: OHKO moves are banned
|rule|Moody Clause: Moody is banned
|rule|Evasion Moves Clause: Evasion moves are banned
|rule|Endless Battle Clause: Forcing endless battles is banned
|rule|HP Percentage Mod: HP is shown in percentages
|teampreview
|
|start
|switch|p1a: Infernape|Infernape, M, shiny|355\/355
|switch|p2a: Talonflame|Talonflame, M|298\/298
|turn|1
|
|switch|p2a: Ferrothorn|Ferrothorn, M|352\/352
|move|p1a: Infernape|Fake Out|p2a: Ferrothorn
|-resisted|p2a: Ferrothorn
|-damage|p2a: Ferrothorn|343\/352
|-damage|p1a: Infernape|311\/355|[from] ability: Iron Barbs|[of] p2a: Ferrothorn
|-damage|p1a: Infernape|252\/355|[from] item: Rocky Helmet|[of] p2a: Ferrothorn
|
|turn|2
|
|move|p1a: Infernape|Stealth Rock|p2a: Ferrothorn
|-sidestart|p2: Kopanos|move: Stealth Rock
|move|p2a: Ferrothorn|Thunder Wave|p1a: Infernape
|-status|p1a: Infernape|par
|
|turn|3
|
|cant|p1a: Infernape|par
|move|p2a: Ferrothorn|Leech Seed|p1a: Infernape
|-start|p1a: Infernape|move: Leech Seed
|
|-damage|p1a: Infernape|208\/355 par|[from] Leech Seed|[of] p2a: Ferrothorn
|-heal|p2a: Ferrothorn|352\/352|[silent]
|turn|4
|
|move|p2a: Ferrothorn|Protect|p2a: Ferrothorn
|-singleturn|p2a: Ferrothorn|Protect
|move|p1a: Infernape|Flamethrower|p2a: Ferrothorn
|-activate|p2a: Ferrothorn|Protect
|
|-damage|p1a: Infernape|164\/355 par|[from] Leech Seed|[of] p2a: Ferrothorn
|turn|5
|
|switch|p2a: Landorus-Therian|Landorus-Therian, M|382\/382
|-damage|p2a: Landorus-Therian|335\/382|[from] Stealth Rock
|-ability|p2a: Landorus-Therian|Intimidate|[of] p1a: Infernape
|-unboost|p1a: Infernape|atk|1
|move|p1a: Infernape|Taunt|p2a: Landorus-Therian
|-start|p2a: Landorus-Therian|move: Taunt
|
|-heal|p2a: Landorus-Therian|358\/382|[from] item: Leftovers
|-damage|p1a: Infernape|120\/355 par|[from] Leech Seed|[of] p2a: Landorus-Therian
|-heal|p2a: Landorus-Therian|382\/382|[silent]
|turn|6
|
|move|p2a: Landorus-Therian|Rock Slide|p1a: Infernape
|-damage|p1a: Infernape|0 fnt
|faint|p1a: Infernape
|
|
|switch|p1a: Victini|Victini|404\/404
|turn|7
|
|move|p1a: Victini|Final Gambit|p2a: Landorus-Therian
|-damage|p2a: Landorus-Therian|0 fnt
|faint|p1a: Victini
|faint|p2a: Landorus-Therian
|
|
|switch|p2a: Latios|Latios, M|301\/301
|switch|p1a: Staraptor|Staraptor, M, shiny|374\/374
|-ability|p1a: Staraptor|Intimidate|[of] p2a: Latios
|-unboost|p2a: Latios|atk|1
|-damage|p2a: Latios|264\/301|[from] Stealth Rock
|turn|8
|
|move|p1a: Staraptor|Final Gambit|p2a: Latios
|-damage|p2a: Latios|0 fnt
|faint|p1a: Staraptor
|faint|p2a: Latios
|
|
|switch|p1a: Scolipede|Scolipede, M, shiny|315\/315
|switch|p2a: Metagross|Metagross|301\/301
|-damage|p2a: Metagross|283\/301|[from] Stealth Rock
|turn|9
|
|detailschange|p2a: Metagross|Metagross-Mega
|-mega|p2a: Metagross|Metagross|Metagrossite
|move|p1a: Scolipede|Iron Defense|p1a: Scolipede
|-boost|p1a: Scolipede|def|2
|move|p2a: Metagross|Zen Headbutt|p1a: Scolipede
|-supereffective|p1a: Scolipede
|-damage|p1a: Scolipede|147\/315
|
|-boost|p1a: Scolipede|spe|1|[from] ability: Speed Boost
|turn|10
|
|move|p1a: Scolipede|Protect|p1a: Scolipede
|-singleturn|p1a: Scolipede|Protect
|move|p2a: Metagross|Zen Headbutt|p1a: Scolipede
|-activate|p1a: Scolipede|Protect
|
|-boost|p1a: Scolipede|spe|1|[from] ability: Speed Boost
|turn|11
|
|move|p1a: Scolipede|Iron Defense|p1a: Scolipede
|-boost|p1a: Scolipede|def|2
|move|p2a: Metagross|Zen Headbutt|p1a: Scolipede|[miss]
|-miss|p2a: Metagross|p1a: Scolipede
|
|-boost|p1a: Scolipede|spe|1|[from] ability: Speed Boost
|turn|12
|
|move|p1a: Scolipede|Iron Defense|p1a: Scolipede
|-boost|p1a: Scolipede|def|2
|move|p2a: Metagross|Zen Headbutt|p1a: Scolipede
|-supereffective|p1a: Scolipede
|-damage|p1a: Scolipede|69\/315
|
|-boost|p1a: Scolipede|spe|1|[from] ability: Speed Boost
|turn|13
|
|move|p1a: Scolipede|Baton Pass|p1a: Scolipede
|
|switch|p1a: Latias|Latias, F, shiny|364\/364
|move|p2a: Metagross|Zen Headbutt|p1a: Latias
|-resisted|p1a: Latias
|-damage|p1a: Latias|338\/364
|
|turn|14
|
|detailschange|p1a: Latias|Latias-Mega, F, shiny
|-mega|p1a: Latias|Latias|Latiasite
|move|p1a: Latias|Calm Mind|p1a: Latias
|-boost|p1a: Latias|spa|1
|-boost|p1a: Latias|spd|1
|move|p2a: Metagross|Ice Punch|p1a: Latias
|-supereffective|p1a: Latias
|-damage|p1a: Latias|286\/364
|-status|p1a: Latias|frz
|
|turn|15
|
|switch|p2a: Ferrothorn|Ferrothorn, M|352\/352
|-damage|p2a: Ferrothorn|330\/352|[from] Stealth Rock
|cant|p1a: Latias|frz
|
|turn|16
|
|cant|p1a: Latias|frz
|move|p2a: Ferrothorn|Leech Seed|p1a: Latias
|-start|p1a: Latias|move: Leech Seed
|
|-damage|p1a: Latias|241\/364 frz|[from] Leech Seed|[of] p2a: Ferrothorn
|-heal|p2a: Ferrothorn|352\/352|[silent]
|turn|17
|
|cant|p1a: Latias|frz
|move|p2a: Ferrothorn|Power Whip|p1a: Latias|[miss]
|-miss|p2a: Ferrothorn|p1a: Latias
|
|-damage|p1a: Latias|196\/364 frz|[from] Leech Seed|[of] p2a: Ferrothorn
|turn|18
|
|cant|p1a: Latias|frz
|move|p2a: Ferrothorn|Power Whip|p1a: Latias|[miss]
|-miss|p2a: Ferrothorn|p1a: Latias
|
|-damage|p1a: Latias|151\/364 frz|[from] Leech Seed|[of] p2a: Ferrothorn
|turn|19
|
|cant|p1a: Latias|frz
|move|p2a: Ferrothorn|Power Whip|p1a: Latias
|-resisted|p1a: Latias
|-damage|p1a: Latias|136\/364 frz
|
|-damage|p1a: Latias|91\/364 frz|[from] Leech Seed|[of] p2a: Ferrothorn
|turn|20
|
|cant|p1a: Latias|frz
|move|p2a: Ferrothorn|Thunder Wave|p1a: Latias
|-fail|p1a: Latias
|
|-damage|p1a: Latias|46\/364 frz|[from] Leech Seed|[of] p2a: Ferrothorn
|turn|21
|
|-curestatus|p1a: Latias|frz
|move|p1a: Latias|Roost|p1a: Latias
|-heal|p1a: Latias|228\/364
|move|p2a: Ferrothorn|Power Whip|p1a: Latias
|-resisted|p1a: Latias
|-damage|p1a: Latias|214\/364
|
|-damage|p1a: Latias|169\/364|[from] Leech Seed|[of] p2a: Ferrothorn
|turn|22
|
|move|p1a: Latias|Calm Mind|p1a: Latias
|-boost|p1a: Latias|spa|1
|-boost|p1a: Latias|spd|1
|move|p2a: Ferrothorn|Thunder Wave|p1a: Latias
|-status|p1a: Latias|par
|
|-damage|p1a: Latias|124\/364 par|[from] Leech Seed|[of] p2a: Ferrothorn
|turn|23
|
|cant|p1a: Latias|par
|move|p2a: Ferrothorn|Power Whip|p1a: Latias
|-resisted|p1a: Latias
|-damage|p1a: Latias|109\/364 par
|
|-damage|p1a: Latias|64\/364 par|[from] Leech Seed|[of] p2a: Ferrothorn
|turn|24
|
|move|p1a: Latias|Roost|p1a: Latias
|-heal|p1a: Latias|246\/364 par
|move|p2a: Ferrothorn|Power Whip|p1a: Latias
|-resisted|p1a: Latias
|-damage|p1a: Latias|231\/364 par
|
|-damage|p1a: Latias|186\/364 par|[from] Leech Seed|[of] p2a: Ferrothorn
|turn|25
|
|move|p1a: Latias|Roost|p1a: Latias
|-heal|p1a: Latias|364\/364 par
|move|p2a: Ferrothorn|Power Whip|p1a: Latias
|-resisted|p1a: Latias
|-damage|p1a: Latias|350\/364 par
|
|-damage|p1a: Latias|305\/364 par|[from] Leech Seed|[of] p2a: Ferrothorn
|turn|26
|
|move|p1a: Latias|Calm Mind|p1a: Latias
|-boost|p1a: Latias|spa|1
|-boost|p1a: Latias|spd|1
|move|p2a: Ferrothorn|Power Whip|p1a: Latias
|-resisted|p1a: Latias
|-damage|p1a: Latias|291\/364 par
|
|-damage|p1a: Latias|246\/364 par|[from] Leech Seed|[of] p2a: Ferrothorn
|turn|27
|
|move|p1a: Latias|Roost|p1a: Latias
|-heal|p1a: Latias|364\/364 par
|move|p2a: Ferrothorn|Power Whip|p1a: Latias
|-resisted|p1a: Latias
|-damage|p1a: Latias|350\/364 par
|
|-damage|p1a: Latias|305\/364 par|[from] Leech Seed|[of] p2a: Ferrothorn
|turn|28
|
|move|p1a: Latias|Stored Power|p2a: Ferrothorn
|-resisted|p2a: Ferrothorn
|-damage|p2a: Ferrothorn|0 fnt
|faint|p2a: Ferrothorn
|
|
|switch|p2a: Dragonite|Dragonite, M|324\/324
|-damage|p2a: Dragonite|243\/324|[from] Stealth Rock
|turn|29
|
|move|p2a: Dragonite|Outrage|p1a: Latias
|-supereffective|p1a: Latias
|-damage|p1a: Latias|173\/364 par
|move|p1a: Latias|Stored Power|p2a: Dragonite
|-damage|p2a: Dragonite|0 fnt
|faint|p2a: Dragonite
|
|
|switch|p2a: Talonflame|Talonflame, M|298\/298
|-damage|p2a: Talonflame|149\/298|[from] Stealth Rock
|turn|30
|
|move|p2a: Talonflame|Brave Bird|p1a: Latias
|-damage|p1a: Latias|118\/364 par
|-damage|p2a: Talonflame|131\/298|[from] recoil|[of] p1a: Latias
|move|p1a: Latias|Roost|p1a: Latias
|-heal|p1a: Latias|300\/364 par
|
|-damage|p1a: Latias|255\/364 par|[from] Leech Seed|[of] p2a: Talonflame
|-heal|p2a: Talonflame|176\/298|[silent]
|turn|31
|
|move|p2a: Talonflame|Brave Bird|p1a: Latias
|-damage|p1a: Latias|204\/364 par
|-damage|p2a: Talonflame|159\/298|[from] recoil|[of] p1a: Latias
|cant|p1a: Latias|par
|
|-damage|p1a: Latias|159\/364 par|[from] Leech Seed|[of] p2a: Talonflame
|-heal|p2a: Talonflame|204\/298|[silent]
|turn|32
|
|move|p2a: Talonflame|Brave Bird|p1a: Latias
|-damage|p1a: Latias|105\/364 par
|-damage|p2a: Talonflame|186\/298|[from] recoil|[of] p1a: Latias
|cant|p1a: Latias|par
|
|-damage|p1a: Latias|60\/364 par|[from] Leech Seed|[of] p2a: Talonflame
|-heal|p2a: Talonflame|231\/298|[silent]
|turn|33
|
|move|p2a: Talonflame|Brave Bird|p1a: Latias
|-damage|p1a: Latias|5\/364 par
|-damage|p2a: Talonflame|213\/298|[from] recoil|[of] p1a: Latias
|move|p1a: Latias|Roost|p1a: Latias
|-heal|p1a: Latias|187\/364 par
|
|-damage|p1a: Latias|142\/364 par|[from] Leech Seed|[of] p2a: Talonflame
|-heal|p2a: Talonflame|258\/298|[silent]
|turn|34
|
|move|p2a: Talonflame|Brave Bird|p1a: Latias
|-damage|p1a: Latias|90\/364 par
|-damage|p2a: Talonflame|241\/298|[from] recoil|[of] p1a: Latias
|move|p1a: Latias|Roost|p1a: Latias
|-heal|p1a: Latias|272\/364 par
|
|-damage|p1a: Latias|227\/364 par|[from] Leech Seed|[of] p2a: Talonflame
|-heal|p2a: Talonflame|286\/298|[silent]
|turn|35
|
|move|p2a: Talonflame|Brave Bird|p1a: Latias
|-damage|p1a: Latias|172\/364 par
|-damage|p2a: Talonflame|268\/298|[from] recoil|[of] p1a: Latias
|move|p1a: Latias|Stored Power|p2a: Talonflame
|-damage|p2a: Talonflame|0 fnt
|faint|p2a: Talonflame
|
|
|switch|p2a: Metagross|Metagross-Mega|283\/301
|-damage|p2a: Metagross|265\/301|[from] Stealth Rock
|turn|36
|c|âcrazybones|u can still crit
|
|move|p2a: Metagross|Ice Punch|p1a: Latias
|-supereffective|p1a: Latias
|-damage|p1a: Latias|116\/364 par
|cant|p1a: Latias|par
|
|-damage|p1a: Latias|71\/364 par|[from] Leech Seed|[of] p2a: Metagross
|-heal|p2a: Metagross|301\/301|[silent]
|turn|37
|
|move|p2a: Metagross|Zen Headbutt|p1a: Latias
|-resisted|p1a: Latias
|-damage|p1a: Latias|50\/364 par
|cant|p1a: Latias|flinch
|
|-damage|p1a: Latias|5\/364 par|[from] Leech Seed|[of] p2a: Metagross
|turn|38
|
|move|p2a: Metagross|Bullet Punch|p1a: Latias
|-damage|p1a: Latias|0 fnt
|faint|p1a: Latias
|
|
|switch|p1a: Scolipede|Scolipede, M, shiny|69\/315
|turn|39
|
|move|p1a: Scolipede|Protect|p1a: Scolipede
|-singleturn|p1a: Scolipede|Protect
|move|p2a: Metagross|Zen Headbutt|p1a: Scolipede
|-activate|p1a: Scolipede|Protect
|
|-boost|p1a: Scolipede|spe|1|[from] ability: Speed Boost
|turn|40
|
|move|p1a: Scolipede|Protect|p1a: Scolipede
|-singleturn|p1a: Scolipede|Protect
|move|p2a: Metagross|Zen Headbutt|p1a: Scolipede
|-activate|p1a: Scolipede|Protect
|
|-boost|p1a: Scolipede|spe|1|[from] ability: Speed Boost
|turn|41
|
|move|p1a: Scolipede|Iron Defense|p1a: Scolipede
|-boost|p1a: Scolipede|def|2
|move|p2a: Metagross|Zen Headbutt|p1a: Scolipede
|-supereffective|p1a: Scolipede
|-damage|p1a: Scolipede|0 fnt
|faint|p1a: Scolipede
|
|
|switch|p1a: Suicune|Suicune, shiny|403\/403
|-ability|p1a: Suicune|Pressure
|turn|42
|
|move|p2a: Metagross|Zen Headbutt|p1a: Suicune
|-damage|p1a: Suicune|262\/403
|cant|p1a: Suicune|flinch
|
|-heal|p1a: Suicune|287\/403|[from] item: Leftovers
|turn|43
|
|move|p2a: Metagross|Zen Headbutt|p1a: Suicune
|-damage|p1a: Suicune|145\/403
|move|p1a: Suicune|Scald|p2a: Metagross
|-damage|p2a: Metagross|223\/301
|-status|p2a: Metagross|brn
|
|-heal|p1a: Suicune|170\/403|[from] item: Leftovers
|-damage|p2a: Metagross|186\/301 brn|[from] brn
|turn|44
|
|move|p2a: Metagross|Zen Headbutt|p1a: Suicune
|-damage|p1a: Suicune|101\/403
|move|p1a: Suicune|Rest|p1a: Suicune
|-status|p1a: Suicune|slp
|-heal|p1a: Suicune|403\/403 slp|[silent]
|-status|p1a: Suicune|slp|[from] move: Rest
|
|-damage|p2a: Metagross|149\/301 brn|[from] brn
|turn|45
|c|âKopanos|fuck u and everything u love. i hope every single member of ur family dies from cancer and then they r all reborn as jews in ww2 and get gased
|-message|Kopanos forfeited.
|
|win|crazybones
|raw|Ladder updating...
|leave|Kopanos
|player|p2
|raw|crazybones's rating: 1627 &rarr; <strong>1644<\/strong><br \/>(+17 for winning)
|raw|Kopanos's rating: 1570 &rarr; <strong>1553<\/strong><br \/>(-17 for losing)