|join|crazybones
|join|Cpt Shenanigans
|player|p1|crazybones|211
|player|p2|Cpt Shenanigans|184
|gametype|singles
|gen|6
|tier|OU
|rated
|clearpoke
|poke|p1|Victini
|poke|p1|Staraptor, M
|poke|p1|Scolipede, F
|poke|p1|Latias, F
|poke|p1|Talonflame, F
|poke|p1|Dugtrio, F
|poke|p2|Gyarados, F
|poke|p2|Gliscor, F
|poke|p2|Blissey, F
|poke|p2|Starmie
|poke|p2|Volcarona, F
|poke|p2|Garchomp, M
|rule|Swagger Clause: Swagger is banned
|rule|Baton Pass Clause: Limit one PokÃ©mon knowing Baton Pass
|rule|Sleep Clause Mod: Limit one foe put to sleep
|rule|Species Clause: Limit one of each PokÃ©mon
|rule|OHKO Clause: OHKO moves are banned
|rule|Moody Clause: Moody is banned
|rule|Evasion Moves Clause: Evasion moves are banned
|rule|Endless Battle Clause: Forcing endless battles is banned
|rule|HP Percentage Mod: HP is shown in percentages
|teampreview
|
|start
|switch|p1a: Staraptor|Staraptor, M|374\/374
|switch|p2a: Volcarona|Volcarona, F|311\/311
|-ability|p1a: Staraptor|Intimidate|[of] p2a: Volcarona
|-unboost|p2a: Volcarona|atk|1
|turn|1
|
|switch|p2a: Gliscor|Gliscor, F|353\/353
|move|p1a: Staraptor|Final Gambit|p2a: Gliscor
|-damage|p2a: Gliscor|0 fnt
|faint|p1a: Staraptor
|faint|p2a: Gliscor
|
|
|switch|p2a: Garchomp|Garchomp, M|357\/357
|switch|p1a: Victini|Victini|404\/404
|turn|2
|
|move|p1a: Victini|Final Gambit|p2a: Garchomp
|-damage|p2a: Garchomp|0 fnt
|faint|p1a: Victini
|faint|p2a: Garchomp
|
|
|switch|p1a: Scolipede|Scolipede, F|323\/323
|switch|p2a: Blissey|Blissey, F|714\/714
|turn|3
|
|move|p1a: Scolipede|Substitute|p1a: Scolipede
|-start|p1a: Scolipede|Substitute
|-damage|p1a: Scolipede|243\/323
|move|p2a: Blissey|Thunderbolt|p1a: Scolipede
|-activate|p1a: Scolipede|Substitute|[damage]
|
|-boost|p1a: Scolipede|spe|1|[from] ability: Speed Boost
|turn|4
|
|move|p1a: Scolipede|Iron Defense|p1a: Scolipede
|-boost|p1a: Scolipede|def|2
|move|p2a: Blissey|Seismic Toss|p1a: Scolipede
|-end|p1a: Scolipede|Substitute
|
|-boost|p1a: Scolipede|spe|1|[from] ability: Speed Boost
|turn|5
|
|switch|p2a: Gyarados|Gyarados, F|331\/331
|-ability|p2a: Gyarados|Intimidate|[of] p1a: Scolipede
|-unboost|p1a: Scolipede|atk|1
|move|p1a: Scolipede|Iron Defense|p1a: Scolipede
|-boost|p1a: Scolipede|def|2
|
|-boost|p1a: Scolipede|spe|1|[from] ability: Speed Boost
|turn|6
|
|detailschange|p2a: Gyarados|Gyarados-Mega, F
|-mega|p2a: Gyarados|Gyarados|Gyaradosite
|-ability|p2a: Gyarados|Mold Breaker
|move|p1a: Scolipede|Baton Pass|p1a: Scolipede
|
|switch|p1a: Latias|Latias, F|364\/364
|move|p2a: Gyarados|Dragon Dance|p2a: Gyarados
|-boost|p2a: Gyarados|atk|1
|-boost|p2a: Gyarados|spe|1
|
|turn|7
|
|detailschange|p1a: Latias|Latias-Mega, F
|-mega|p1a: Latias|Latias|Latiasite
|move|p1a: Latias|Thunderbolt|p2a: Gyarados
|-crit|p2a: Gyarados
|-supereffective|p2a: Gyarados
|-damage|p2a: Gyarados|95\/331
|move|p2a: Gyarados|Crunch|p1a: Latias
|-supereffective|p1a: Latias
|-damage|p1a: Latias|200\/364
|
|turn|8
|
|switch|p2a: Blissey|Blissey, F|714\/714
|move|p1a: Latias|Thunderbolt|p2a: Blissey
|-damage|p2a: Blissey|649\/714
|
|-heal|p2a: Blissey|693\/714|[from] item: Leftovers
|turn|9
|
|move|p1a: Latias|Calm Mind|p1a: Latias
|-boost|p1a: Latias|spa|1
|-boost|p1a: Latias|spd|1
|move|p2a: Blissey|Seismic Toss|p1a: Latias
|-damage|p1a: Latias|100\/364
|
|-heal|p2a: Blissey|714\/714|[from] item: Leftovers
|turn|10
|
|move|p1a: Latias|Roost|p1a: Latias
|-heal|p1a: Latias|282\/364
|move|p2a: Blissey|Seismic Toss|p1a: Latias
|-damage|p1a: Latias|182\/364
|
|turn|11
|
|move|p1a: Latias|Calm Mind|p1a: Latias
|-boost|p1a: Latias|spa|1
|-boost|p1a: Latias|spd|1
|move|p2a: Blissey|Seismic Toss|p1a: Latias
|-damage|p1a: Latias|82\/364
|
|turn|12
|
|move|p1a: Latias|Roost|p1a: Latias
|-heal|p1a: Latias|264\/364
|move|p2a: Blissey|Seismic Toss|p1a: Latias
|-damage|p1a: Latias|164\/364
|
|turn|13
|
|move|p1a: Latias|Stored Power|p2a: Blissey
|-damage|p2a: Blissey|225\/714
|move|p2a: Blissey|Seismic Toss|p1a: Latias
|-damage|p1a: Latias|64\/364
|
|-heal|p2a: Blissey|269\/714|[from] item: Leftovers
|turn|14
|
|move|p1a: Latias|Stored Power|p2a: Blissey
|-damage|p2a: Blissey|0 fnt
|faint|p2a: Blissey
|
|
|switch|p2a: Volcarona|Volcarona, F|311\/311
|turn|15
|
|move|p1a: Latias|Stored Power|p2a: Volcarona
|-damage|p2a: Volcarona|0 fnt
|faint|p2a: Volcarona
|
|
|switch|p2a: Starmie|Starmie|261\/261
|turn|16
|
|move|p1a: Latias|Thunderbolt|p2a: Starmie
|-supereffective|p2a: Starmie
|-damage|p2a: Starmie|0 fnt
|faint|p2a: Starmie
|
|
|switch|p2a: Gyarados|Gyarados-Mega, F|95\/331
|-ability|p2a: Gyarados|Mold Breaker
|turn|17
|
|move|p1a: Latias|Thunderbolt|p2a: Gyarados
|-supereffective|p2a: Gyarados
|-damage|p2a: Gyarados|0 fnt
|faint|p2a: Gyarados
|
|win|crazybones
|raw|Ladder updating...
|raw|crazybones's rating: 1415 &rarr; <strong>1435<\/strong><br \/>(+20 for winning)
|raw|Cpt Shenanigans's rating: 1408 &rarr; <strong>1389<\/strong><br \/>(-19 for losing)
|c|âCpt Shenanigans|gg
|c|âcrazybones|gg