|join|crazybones
|join|Bond 1383
|player|p1|crazybones|211
|player|p2|Bond 1383|214
|gametype|singles
|gen|6
|tier|OU
|rated
|clearpoke
|poke|p1|Victini
|poke|p1|Staraptor, M, shiny
|poke|p1|Scolipede, M, shiny
|poke|p1|Latias, F, shiny
|poke|p1|Talonflame, F, shiny
|poke|p1|Suicune, shiny
|poke|p2|Bisharp, F
|poke|p2|Slowbro, M
|poke|p2|Talonflame, M
|poke|p2|Sylveon, F
|poke|p2|Landorus-Therian, M
|poke|p2|Latios, M
|rule|Swagger Clause: Swagger is banned
|rule|Baton Pass Clause: Limit one PokÃ©mon knowing Baton Pass
|rule|Sleep Clause Mod: Limit one foe put to sleep
|rule|Species Clause: Limit one of each PokÃ©mon
|rule|OHKO Clause: OHKO moves are banned
|rule|Moody Clause: Moody is banned
|rule|Evasion Moves Clause: Evasion moves are banned
|rule|Endless Battle Clause: Forcing endless battles is banned
|rule|HP Percentage Mod: HP is shown in percentages
|teampreview
|
|start
|switch|p1a: Staraptor|Staraptor, M, shiny|374\/374
|switch|p2a: Landorus-Therian|Landorus-Therian, M|382\/382
|-ability|p1a: Staraptor|Intimidate|[of] p2a: Landorus-Therian
|-unboost|p2a: Landorus-Therian|atk|1
|-ability|p2a: Landorus-Therian|Intimidate|[of] p1a: Staraptor
|-unboost|p1a: Staraptor|atk|1
|turn|1
|
|move|p1a: Staraptor|Final Gambit|p2a: Landorus-Therian
|-damage|p2a: Landorus-Therian|8\/382
|faint|p1a: Staraptor
|move|p2a: Landorus-Therian|Stealth Rock|p1: Staraptor
|-sidestart|p1: crazybones|move: Stealth Rock
|
|-heal|p2a: Landorus-Therian|31\/382|[from] item: Leftovers
|
|switch|p1a: Scolipede|Scolipede, M, shiny|323\/323
|-damage|p1a: Scolipede|243\/323|[from] Stealth Rock
|turn|2
|
|move|p1a: Scolipede|Iron Defense|p1a: Scolipede
|-boost|p1a: Scolipede|def|2
|move|p2a: Landorus-Therian|Earthquake|p1a: Scolipede
|-damage|p1a: Scolipede|200\/323
|
|-heal|p2a: Landorus-Therian|54\/382|[from] item: Leftovers
|-boost|p1a: Scolipede|spe|1|[from] ability: Speed Boost
|turn|3
|
|move|p1a: Scolipede|Substitute|p1a: Scolipede
|-start|p1a: Scolipede|Substitute
|-damage|p1a: Scolipede|120\/323
|move|p2a: Landorus-Therian|U-turn|p1a: Scolipede
|-resisted|p1a: Scolipede
|-activate|p1a: Scolipede|Substitute|[damage]
|
|switch|p2a: Slowbro|Slowbro, M|368\/368
|
|-boost|p1a: Scolipede|spe|1|[from] ability: Speed Boost
|turn|4
|
|move|p1a: Scolipede|Iron Defense|p1a: Scolipede
|-boost|p1a: Scolipede|def|2
|move|p2a: Slowbro|Scald|p1a: Scolipede
|-end|p1a: Scolipede|Substitute
|
|-boost|p1a: Scolipede|spe|1|[from] ability: Speed Boost
|turn|5
|
|detailschange|p2a: Slowbro|Slowbro-Mega, M
|-mega|p2a: Slowbro|Slowbro|Slowbronite
|move|p1a: Scolipede|Baton Pass|p1a: Scolipede
|
|switch|p1a: Latias|Latias, F, shiny|364\/364
|-damage|p1a: Latias|319\/364|[from] Stealth Rock
|move|p2a: Slowbro|Calm Mind|p2a: Slowbro
|-boost|p2a: Slowbro|spa|1
|-boost|p2a: Slowbro|spd|1
|
|turn|6
|
|detailschange|p1a: Latias|Latias-Mega, F, shiny
|-mega|p1a: Latias|Latias|Latiasite
|move|p1a: Latias|Calm Mind|p1a: Latias
|-boost|p1a: Latias|spa|1
|-boost|p1a: Latias|spd|1
|move|p2a: Slowbro|Calm Mind|p2a: Slowbro
|-boost|p2a: Slowbro|spa|1
|-boost|p2a: Slowbro|spd|1
|
|turn|7
|
|move|p1a: Latias|Calm Mind|p1a: Latias
|-boost|p1a: Latias|spa|1
|-boost|p1a: Latias|spd|1
|move|p2a: Slowbro|Calm Mind|p2a: Slowbro
|-boost|p2a: Slowbro|spa|1
|-boost|p2a: Slowbro|spd|1
|
|turn|8
|
|move|p1a: Latias|Thunderbolt|p2a: Slowbro
|-supereffective|p2a: Slowbro
|-damage|p2a: Slowbro|216\/368
|move|p2a: Slowbro|Calm Mind|p2a: Slowbro
|-boost|p2a: Slowbro|spa|1
|-boost|p2a: Slowbro|spd|1
|
|turn|9
|
|move|p1a: Latias|Calm Mind|p1a: Latias
|-boost|p1a: Latias|spa|1
|-boost|p1a: Latias|spd|1
|move|p2a: Slowbro|Slack Off|p2a: Slowbro
|-heal|p2a: Slowbro|368\/368
|
|turn|10
|
|move|p1a: Latias|Calm Mind|p1a: Latias
|-boost|p1a: Latias|spa|1
|-boost|p1a: Latias|spd|1
|move|p2a: Slowbro|Psyshock|p1a: Latias
|-resisted|p1a: Latias
|-damage|p1a: Latias|267\/364
|
|turn|11
|
|move|p1a: Latias|Stored Power|p2a: Slowbro
|-resisted|p2a: Slowbro
|-damage|p2a: Slowbro|156\/368
|move|p2a: Slowbro|Scald|p1a: Latias
|-resisted|p1a: Latias
|-damage|p1a: Latias|234\/364
|
|turn|12
|
|move|p1a: Latias|Stored Power|p2a: Slowbro
|-resisted|p2a: Slowbro
|-damage|p2a: Slowbro|0 fnt
|faint|p2a: Slowbro
|
|
|switch|p2a: Bisharp|Bisharp, F|271\/271
|turn|13
|
|move|p1a: Latias|Thunderbolt|p2a: Bisharp
|-damage|p2a: Bisharp|0 fnt
|faint|p2a: Bisharp
|
|-message|Bond 1383 forfeited.
|
|win|crazybones
|raw|Ladder updating...
|leave|Bond 1383
|player|p2
|raw|crazybones's rating: 1482 &rarr; <strong>1501<\/strong><br \/>(+19 for winning)
|raw|Bond 1383's rating: 1459 &rarr; <strong>1440<\/strong><br \/>(-19 for losing)