|join|crazybones
|join|blast95
|player|p1|crazybones|211
|player|p2|blast95|154
|gametype|singles
|gen|6
|tier|OU
|rated
|clearpoke
|poke|p1|Keldeo-Resolute
|poke|p1|Latios, M
|poke|p1|Scolipede, M
|poke|p1|Kyurem
|poke|p1|Ditto
|poke|p1|Klefki, F
|poke|p2|Garchomp, M
|poke|p2|Metagross, shiny
|poke|p2|Keldeo-Resolute
|poke|p2|Bisharp, M, shiny
|poke|p2|Latias, F
|poke|p2|Thundurus, M
|rule|Swagger Clause: Swagger is banned
|rule|Baton Pass Clause: Limit one PokÃ©mon knowing Baton Pass
|rule|Sleep Clause Mod: Limit one foe put to sleep
|rule|Species Clause: Limit one of each PokÃ©mon
|rule|OHKO Clause: OHKO moves are banned
|rule|Moody Clause: Moody is banned
|rule|Evasion Moves Clause: Evasion moves are banned
|rule|Endless Battle Clause: Forcing endless battles is banned
|rule|HP Percentage Mod: HP is shown in percentages
|teampreview
|
|start
|switch|p1a: Klefki|Klefki, F|317\/317
|switch|p2a: Garchomp|Garchomp, M|357\/357
|turn|1
|c|âblast95|you play mixed?
|
|move|p1a: Klefki|Toxic|p2a: Garchomp
|-status|p2a: Garchomp|tox
|move|p2a: Garchomp|Fire Blast|p1a: Klefki
|-supereffective|p1a: Klefki
|-damage|p1a: Klefki|203\/317
|
|-damage|p2a: Garchomp|335\/357 tox|[from] psn
|turn|2
|
|move|p1a: Klefki|Substitute|p1a: Klefki
|-start|p1a: Klefki|Substitute
|-damage|p1a: Klefki|124\/317
|move|p2a: Garchomp|Stealth Rock|p1a: Klefki
|-sidestart|p1: crazybones|move: Stealth Rock
|
|-damage|p2a: Garchomp|291\/357 tox|[from] psn
|turn|3
|
|move|p1a: Klefki|Spikes|p2a: Garchomp
|-sidestart|p2: blast95|Spikes
|move|p2a: Garchomp|Earthquake|p1a: Klefki
|-supereffective|p1a: Klefki
|-end|p1a: Klefki|Substitute
|
|-damage|p2a: Garchomp|225\/357 tox|[from] psn
|turn|4
|
|move|p1a: Klefki|Magnet Rise|p1a: Klefki
|-start|p1a: Klefki|Magnet Rise
|move|p2a: Garchomp|Earthquake|p1a: Klefki
|-immune|p1a: Klefki|[msg]
|
|-damage|p2a: Garchomp|137\/357 tox|[from] psn
|turn|5
|
|move|p1a: Klefki|Spikes|p2a: Garchomp
|-sidestart|p2: blast95|Spikes
|move|p2a: Garchomp|Fire Blast|p1a: Klefki
|-supereffective|p1a: Klefki
|-damage|p1a: Klefki|18\/317
|
|-damage|p2a: Garchomp|27\/357 tox|[from] psn
|turn|6
|
|move|p1a: Klefki|Spikes|p2a: Garchomp
|-sidestart|p2: blast95|Spikes
|move|p2a: Garchomp|Fire Blast|p1a: Klefki
|-supereffective|p1a: Klefki
|-damage|p1a: Klefki|0 fnt
|faint|p1a: Klefki
|
|-damage|p2a: Garchomp|0 fnt|[from] psn
|faint|p2a: Garchomp
|
|switch|p2a: Latias|Latias, F|350\/350
|switch|p1a: Ditto|Ditto|299\/299
|-damage|p1a: Ditto|262\/299|[from] Stealth Rock
|-transform|p1a: Ditto|p2a: Latias
|turn|7
|
|switch|p2a: Bisharp|Bisharp, M, shiny|271\/271
|-damage|p2a: Bisharp|204\/271|[from] Spikes
|move|p1a: Ditto|Draco Meteor|p2a: Bisharp
|-resisted|p2a: Bisharp
|-damage|p2a: Bisharp|81\/271
|-unboost|p1a: Ditto|spa|2
|
|turn|8
|
|switch|p1a: Keldeo-Resolute|Keldeo-Resolute|323\/323
|-damage|p1a: Keldeo-Resolute|303\/323|[from] Stealth Rock
|move|p2a: Bisharp|Sucker Punch|p1a: Keldeo-Resolute
|-fail|p1a: Keldeo-Resolute
|
|-heal|p1a: Keldeo-Resolute|323\/323|[from] item: Leftovers
|turn|9
|
|move|p1a: Keldeo-Resolute|Substitute|p1a: Keldeo-Resolute
|-start|p1a: Keldeo-Resolute|Substitute
|-damage|p1a: Keldeo-Resolute|243\/323
|move|p2a: Bisharp|Swords Dance|p2a: Bisharp
|-boost|p2a: Bisharp|atk|2
|
|-heal|p1a: Keldeo-Resolute|263\/323|[from] item: Leftovers
|turn|10
|
|move|p1a: Keldeo-Resolute|Secret Sword|p2a: Bisharp
|-crit|p2a: Bisharp
|-supereffective|p2a: Bisharp
|-damage|p2a: Bisharp|0 fnt
|faint|p2a: Bisharp
|
|-heal|p1a: Keldeo-Resolute|283\/323|[from] item: Leftovers
|
|switch|p2a: Keldeo-Resolute|Keldeo-Resolute|323\/323
|-damage|p2a: Keldeo-Resolute|243\/323|[from] Spikes
|turn|11
|
|move|p2a: Keldeo-Resolute|Secret Sword|p1a: Keldeo-Resolute
|-end|p1a: Keldeo-Resolute|Substitute
|move|p1a: Keldeo-Resolute|Calm Mind|p1a: Keldeo-Resolute
|-boost|p1a: Keldeo-Resolute|spa|1
|-boost|p1a: Keldeo-Resolute|spd|1
|
|-heal|p1a: Keldeo-Resolute|303\/323|[from] item: Leftovers
|turn|12
|
|move|p2a: Keldeo-Resolute|Secret Sword|p1a: Keldeo-Resolute
|-damage|p1a: Keldeo-Resolute|147\/323
|move|p1a: Keldeo-Resolute|Secret Sword|p2a: Keldeo-Resolute
|-damage|p2a: Keldeo-Resolute|17\/323
|
|-heal|p1a: Keldeo-Resolute|167\/323|[from] item: Leftovers
|turn|13
|
|move|p2a: Keldeo-Resolute|Secret Sword|p1a: Keldeo-Resolute
|-damage|p1a: Keldeo-Resolute|0 fnt
|faint|p1a: Keldeo-Resolute
|
|
|switch|p1a: Scolipede|Scolipede, M|323\/323
|-damage|p1a: Scolipede|243\/323|[from] Stealth Rock
|turn|14
|
|switch|p2a: Latias|Latias, F|350\/350
|move|p1a: Scolipede|Substitute|p1a: Scolipede
|-start|p1a: Scolipede|Substitute
|-damage|p1a: Scolipede|163\/323
|
|-boost|p1a: Scolipede|spe|1|[from] ability: Speed Boost
|turn|15
|
|move|p1a: Scolipede|Iron Defense|p1a: Scolipede
|-boost|p1a: Scolipede|def|2
|move|p2a: Latias|Thunderbolt|p1a: Scolipede
|-end|p1a: Scolipede|Substitute
|-damage|p2a: Latias|315\/350|[from] item: Life Orb
|
|-boost|p1a: Scolipede|spe|1|[from] ability: Speed Boost
|turn|16
|
|move|p1a: Scolipede|Substitute|p1a: Scolipede
|-start|p1a: Scolipede|Substitute
|-damage|p1a: Scolipede|83\/323
|move|p2a: Latias|Thunderbolt|p1a: Scolipede
|-end|p1a: Scolipede|Substitute
|-damage|p2a: Latias|280\/350|[from] item: Life Orb
|
|-boost|p1a: Scolipede|spe|1|[from] ability: Speed Boost
|turn|17
|
|move|p1a: Scolipede|Substitute|p1a: Scolipede
|-start|p1a: Scolipede|Substitute
|-damage|p1a: Scolipede|3\/323
|move|p2a: Latias|Thunderbolt|p1a: Scolipede
|-end|p1a: Scolipede|Substitute
|-damage|p2a: Latias|245\/350|[from] item: Life Orb
|
|-boost|p1a: Scolipede|spe|1|[from] ability: Speed Boost
|turn|18
|
|move|p1a: Scolipede|Baton Pass|p1a: Scolipede
|
|switch|p1a: Latios|Latios, M|301\/301
|-damage|p1a: Latios|264\/301|[from] Stealth Rock
|move|p2a: Latias|Draco Meteor|p1a: Latios
|-supereffective|p1a: Latios
|-damage|p1a: Latios|0 fnt
|-unboost|p2a: Latias|spa|2
|-damage|p2a: Latias|210\/350|[from] item: Life Orb
|faint|p1a: Latios
|
|
|switch|p1a: Kyurem|Kyurem|391\/391
|-damage|p1a: Kyurem|294\/391|[from] Stealth Rock
|-ability|p1a: Kyurem|Pressure
|turn|19
|
|move|p2a: Latias|Draco Meteor|p1a: Kyurem
|-supereffective|p1a: Kyurem
|-damage|p1a: Kyurem|44\/391
|-unboost|p2a: Latias|spa|2
|-damage|p2a: Latias|175\/350|[from] item: Life Orb
|move|p1a: Kyurem|Dragon Pulse|p2a: Latias
|-supereffective|p2a: Latias
|-damage|p2a: Latias|0 fnt
|-damage|p1a: Kyurem|5\/391|[from] item: Life Orb
|faint|p2a: Latias
|
|
|switch|p2a: Thundurus|Thundurus, M|299\/299
|turn|20
|
|move|p2a: Thundurus|Thunderbolt|p1a: Kyurem
|-resisted|p1a: Kyurem
|-damage|p1a: Kyurem|0 fnt
|faint|p1a: Kyurem
|
|c|âblast95|gg
|
|switch|p1a: Ditto|Ditto|262\/299
|-damage|p1a: Ditto|225\/299|[from] Stealth Rock
|-transform|p1a: Ditto|p2a: Thundurus
|turn|21
|
|move|p2a: Thundurus|Nasty Plot|p2a: Thundurus
|-boost|p2a: Thundurus|spa|2
|move|p1a: Ditto|Thunderbolt|p2a: Thundurus
|-crit|p2a: Thundurus
|-damage|p2a: Thundurus|4\/299
|
|-heal|p2a: Thundurus|22\/299|[from] item: Leftovers
|turn|22
|
|move|p1a: Ditto|Thunderbolt|p2a: Thundurus
|-damage|p2a: Thundurus|0 fnt
|faint|p2a: Thundurus
|
|
|switch|p2a: Keldeo-Resolute|Keldeo-Resolute|17\/323
|-damage|p2a: Keldeo-Resolute|0 fnt|[from] Spikes
|faint|p2a: Keldeo-Resolute
|
|switch|p2a: Metagross|Metagross, shiny|301\/301
|-damage|p2a: Metagross|226\/301|[from] Spikes
|turn|23
|
|switch|p1a: Scolipede|Scolipede, M|3\/323
|-damage|p1a: Scolipede|0 fnt|[from] Stealth Rock
|faint|p1a: Scolipede
|detailschange|p2a: Metagross|Metagross-Mega, shiny
|-mega|p2a: Metagross|Metagross|Metagrossite
|move|p2a: Metagross|Meteor Mash|p1: Scolipede|[notarget]
|-notarget
|
|
|switch|p1a: Ditto|Ditto|225\/299
|-damage|p1a: Ditto|188\/299|[from] Stealth Rock
|-transform|p1a: Ditto|p2a: Metagross
|turn|24
|
|move|p1a: Ditto|Hammer Arm|p2a: Metagross
|-damage|p2a: Metagross|105\/301
|-unboost|p1a: Ditto|spe|1
|move|p2a: Metagross|Meteor Mash|p1a: Ditto|[miss]
|-miss|p2a: Metagross|p1a: Ditto
|
|turn|25
|
|move|p2a: Metagross|Hammer Arm|p1a: Ditto
|-damage|p1a: Ditto|71\/299
|-unboost|p2a: Metagross|spe|1
|move|p1a: Ditto|Hammer Arm|p2a: Metagross
|-damage|p2a: Metagross|0 fnt
|-unboost|p1a: Ditto|spe|1
|faint|p2a: Metagross
|
|win|crazybones
|raw|Ladder updating...
|raw|crazybones's rating: 1483 &rarr; <strong>1498<\/strong><br \/>(+15 for winning)
|raw|blast95's rating: 1395 &rarr; <strong>1380<\/strong><br \/>(-15 for losing)
|leave|blast95