|join|crazybones
|join|RealManu
|player|p1|crazybones|211
|player|p2|RealManu|93
|gametype|singles
|gen|6
|tier|OU
|rated
|clearpoke
|poke|p1|Gardevoir, M, shiny
|poke|p1|Latios, M
|poke|p1|Raikou
|poke|p1|Scizor, F
|poke|p1|Keldeo-Resolute
|poke|p1|Ferrothorn, M
|poke|p2|Lopunny, F
|poke|p2|Crawdaunt, M
|poke|p2|Clefable, F
|poke|p2|Gliscor, F
|poke|p2|Tentacruel, M
|poke|p2|Shaymin
|rule|Swagger Clause: Swagger is banned
|rule|Baton Pass Clause: Limit one PokÃ©mon knowing Baton Pass
|rule|Sleep Clause Mod: Limit one foe put to sleep
|rule|Species Clause: Limit one of each PokÃ©mon
|rule|OHKO Clause: OHKO moves are banned
|rule|Moody Clause: Moody is banned
|rule|Evasion Moves Clause: Evasion moves are banned
|rule|Endless Battle Clause: Forcing endless battles is banned
|rule|HP Percentage Mod: HP is shown in percentages
|teampreview
|
|start
|switch|p1a: Raikou|Raikou|321\/321
|switch|p2a: Clefable|Clefable, F|394\/394
|-ability|p1a: Raikou|Pressure
|turn|1
|
|move|p1a: Raikou|Volt Switch|p2a: Clefable
|-damage|p2a: Clefable|193\/394
|c|âRealManu|damn
|
|switch|p1a: Scizor|Scizor, F|343\/343
|move|p2a: Clefable|Flamethrower|p1a: Scizor
|-supereffective|p1a: Scizor
|-damage|p1a: Scizor|0 fnt
|faint|p1a: Scizor
|
|
|switch|p1a: Gardevoir|Gardevoir, M, shiny|277\/277
|turn|2
|
|detailschange|p1a: Gardevoir|Gardevoir-Mega, M, shiny
|-mega|p1a: Gardevoir|Gardevoir|Gardevoirite
|move|p1a: Gardevoir|Hyper Voice|p2a: Clefable
|-damage|p2a: Clefable|0 fnt
|faint|p2a: Clefable
|
|
|switch|p2a: Lopunny|Lopunny, F|272\/272
|turn|3
|
|switch|p1a: Ferrothorn|Ferrothorn, M|351\/351
|detailschange|p2a: Lopunny|Lopunny-Mega, F
|-mega|p2a: Lopunny|Lopunny|Lopunnite
|move|p2a: Lopunny|Fake Out|p1a: Ferrothorn
|-crit|p1a: Ferrothorn
|-resisted|p1a: Ferrothorn
|-damage|p1a: Ferrothorn|316\/351
|-damage|p2a: Lopunny|238\/272|[from] ability: Iron Barbs|[of] p1a: Ferrothorn
|-damage|p2a: Lopunny|193\/272|[from] item: Rocky Helmet|[of] p1a: Ferrothorn
|
|turn|4
|
|switch|p2a: Gliscor|Gliscor, F|354\/354
|move|p1a: Ferrothorn|Stealth Rock|p2a: Gliscor
|-sidestart|p2: RealManu|move: Stealth Rock
|
|-status|p2a: Gliscor|tox|[from] item: Toxic Orb
|turn|5
|
|move|p2a: Gliscor|Taunt|p1a: Ferrothorn
|-start|p1a: Ferrothorn|move: Taunt
|cant|p1a: Ferrothorn|move: Taunt|Leech Seed
|
|turn|6
|
|move|p2a: Gliscor|Toxic|p1a: Ferrothorn
|-fail|p1a: Ferrothorn
|move|p1a: Ferrothorn|Gyro Ball|p2a: Gliscor
|-damage|p2a: Gliscor|240\/354 tox
|
|-heal|p2a: Gliscor|284\/354 tox|[from] ability: Poison Heal
|turn|7
|
|move|p2a: Gliscor|Stealth Rock|p1a: Ferrothorn
|-sidestart|p1: crazybones|move: Stealth Rock
|move|p1a: Ferrothorn|Gyro Ball|p2a: Gliscor
|-crit|p2a: Gliscor
|-damage|p2a: Gliscor|104\/354 tox
|
|-heal|p2a: Gliscor|148\/354 tox|[from] ability: Poison Heal
|-end|p1a: Ferrothorn|move: Taunt
|turn|8
|
|switch|p1a: Keldeo-Resolute|Keldeo-Resolute|323\/323
|-damage|p1a: Keldeo-Resolute|303\/323|[from] Stealth Rock
|move|p2a: Gliscor|Taunt|p1a: Keldeo-Resolute
|-start|p1a: Keldeo-Resolute|move: Taunt
|
|-heal|p1a: Keldeo-Resolute|323\/323|[from] item: Leftovers
|-heal|p2a: Gliscor|192\/354 tox|[from] ability: Poison Heal
|turn|9
|
|move|p1a: Keldeo-Resolute|Scald|p2a: Gliscor
|-supereffective|p2a: Gliscor
|-damage|p2a: Gliscor|0 fnt
|faint|p2a: Gliscor
|
|
|switch|p2a: Tentacruel|Tentacruel, M|364\/364
|-damage|p2a: Tentacruel|319\/364|[from] Stealth Rock
|turn|10
|
|switch|p1a: Raikou|Raikou|321\/321
|-damage|p1a: Raikou|281\/321|[from] Stealth Rock
|-ability|p1a: Raikou|Pressure
|move|p2a: Tentacruel|Rapid Spin|p1a: Raikou
|-crit|p1a: Raikou
|-damage|p1a: Raikou|259\/321
|-sideend|p2: RealManu|Stealth Rock|[from] move: Rapid Spin|[of] p2a: Tentacruel
|
|-heal|p2a: Tentacruel|341\/364|[from] item: Black Sludge
|turn|11
|
|move|p1a: Raikou|Volt Switch|p2a: Tentacruel
|-supereffective|p2a: Tentacruel
|-damage|p2a: Tentacruel|107\/364
|
|switch|p1a: Latios|Latios, M|301\/301
|-damage|p1a: Latios|264\/301|[from] Stealth Rock
|move|p2a: Tentacruel|Knock Off|p1a: Latios
|-supereffective|p1a: Latios
|-damage|p1a: Latios|148\/301
|-enditem|p1a: Latios|Life Orb|[from] move: Knock Off|[of] p2a: Tentacruel
|
|-heal|p2a: Tentacruel|129\/364|[from] item: Black Sludge
|turn|12
|
|move|p1a: Latios|Draco Meteor|p2a: Tentacruel
|-damage|p2a: Tentacruel|0 fnt
|-unboost|p1a: Latios|spa|2
|faint|p2a: Tentacruel
|
|
|switch|p2a: Lopunny|Lopunny-Mega, F|193\/272
|turn|13
|
|move|p2a: Lopunny|High Jump Kick|p1a: Latios
|-resisted|p1a: Latios
|-damage|p1a: Latios|0 fnt
|faint|p1a: Latios
|
|
|switch|p1a: Keldeo-Resolute|Keldeo-Resolute|323\/323
|-damage|p1a: Keldeo-Resolute|303\/323|[from] Stealth Rock
|turn|14
|
|switch|p2a: Shaymin|Shaymin|341\/341
|move|p1a: Keldeo-Resolute|Secret Sword|p2a: Shaymin
|-damage|p2a: Shaymin|200\/341
|
|-heal|p1a: Keldeo-Resolute|323\/323|[from] item: Leftovers
|turn|15
|
|switch|p1a: Raikou|Raikou|259\/321
|-damage|p1a: Raikou|219\/321|[from] Stealth Rock
|-ability|p1a: Raikou|Pressure
|move|p2a: Shaymin|Air Slash|p1a: Raikou
|-resisted|p1a: Raikou
|-damage|p1a: Raikou|175\/321
|-damage|p2a: Shaymin|166\/341|[from] item: Life Orb
|
|turn|16
|
|move|p1a: Raikou|Volt Switch|p2a: Shaymin
|-resisted|p2a: Shaymin
|-damage|p2a: Shaymin|88\/341
|
|switch|p1a: Ferrothorn|Ferrothorn, M|316\/351
|-damage|p1a: Ferrothorn|295\/351|[from] Stealth Rock
|move|p2a: Shaymin|Rest|p2a: Shaymin
|-status|p2a: Shaymin|slp
|-heal|p2a: Shaymin|341\/341 slp|[silent]
|-status|p2a: Shaymin|slp|[from] move: Rest
|
|turn|17
|
|switch|p2a: Crawdaunt|Crawdaunt, M|269\/269
|move|p1a: Ferrothorn|Stealth Rock|p2a: Crawdaunt
|-sidestart|p2: RealManu|move: Stealth Rock
|
|turn|18
|
|move|p2a: Crawdaunt|Crunch|p1a: Ferrothorn
|-damage|p1a: Ferrothorn|127\/351
|-damage|p2a: Crawdaunt|236\/269|[from] ability: Iron Barbs|[of] p1a: Ferrothorn
|-damage|p2a: Crawdaunt|192\/269|[from] item: Rocky Helmet|[of] p1a: Ferrothorn
|move|p1a: Ferrothorn|Thunder Wave|p2a: Crawdaunt
|-status|p2a: Crawdaunt|par
|
|turn|19
|
|move|p2a: Crawdaunt|Crunch|p1a: Ferrothorn
|-damage|p1a: Ferrothorn|0 fnt
|-damage|p2a: Crawdaunt|159\/269 par|[from] ability: Iron Barbs|[of] p1a: Ferrothorn
|-damage|p2a: Crawdaunt|115\/269 par|[from] item: Rocky Helmet|[of] p1a: Ferrothorn
|faint|p1a: Ferrothorn
|
|
|switch|p1a: Keldeo-Resolute|Keldeo-Resolute|323\/323
|-damage|p1a: Keldeo-Resolute|303\/323|[from] Stealth Rock
|turn|20
|
|move|p1a: Keldeo-Resolute|Secret Sword|p2a: Crawdaunt
|-supereffective|p2a: Crawdaunt
|-damage|p2a: Crawdaunt|0 fnt
|faint|p2a: Crawdaunt
|
|-heal|p1a: Keldeo-Resolute|323\/323|[from] item: Leftovers
|
|switch|p2a: Shaymin|Shaymin|341\/341
|-damage|p2a: Shaymin|299\/341|[from] Stealth Rock
|turn|21
|
|switch|p1a: Raikou|Raikou|175\/321
|-damage|p1a: Raikou|135\/321|[from] Stealth Rock
|-ability|p1a: Raikou|Pressure
|move|p2a: Shaymin|Seed Flare|p1a: Raikou|[miss]
|-miss|p2a: Shaymin|p1a: Raikou
|
|turn|22
|c|âRealManu|great
|c|âRealManu|now hyper voice can kill me
|
|move|p1a: Raikou|Hidden Power|p2a: Shaymin
|-supereffective|p2a: Shaymin
|-damage|p2a: Shaymin|93\/341
|move|p2a: Shaymin|Seed Flare|p1a: Raikou|[miss]
|-miss|p2a: Shaymin|p1a: Raikou
|
|turn|23
|-message|RealManu forfeited.
|leave|RealManu
|
|win|crazybones
|raw|Ladder updating...
|player|p2
|raw|crazybones's rating: 1567 &rarr; <strong>1584<\/strong><br \/>(+17 for winning)
|raw|RealManu's rating: 1524 &rarr; <strong>1507<\/strong><br \/>(-17 for losing)