|join|crazybones
|join|burgerTeamTesting
|player|p1|crazybones|211
|player|p2|burgerTeamTesting|266
|gametype|singles
|gen|6
|tier|OU
|rated
|clearpoke
|poke|p1|Victini
|poke|p1|Scizor, M
|poke|p1|Scolipede, M, shiny
|poke|p1|Latias, F, shiny
|poke|p1|Infernape, M, shiny
|poke|p1|Suicune, shiny
|poke|p2|Medicham, F
|poke|p2|Amoonguss, F, shiny
|poke|p2|Chansey, F
|poke|p2|Rotom-Heat
|poke|p2|Latias, F
|poke|p2|Azumarill, M, shiny
|rule|Swagger Clause: Swagger is banned
|rule|Baton Pass Clause: Limit one PokÃ©mon knowing Baton Pass
|rule|Sleep Clause Mod: Limit one foe put to sleep
|rule|Species Clause: Limit one of each PokÃ©mon
|rule|OHKO Clause: OHKO moves are banned
|rule|Moody Clause: Moody is banned
|rule|Evasion Moves Clause: Evasion moves are banned
|rule|Endless Battle Clause: Forcing endless battles is banned
|rule|HP Percentage Mod: HP is shown in percentages
|teampreview
|
|start
|switch|p1a: Infernape|Infernape, M, shiny|355\/355
|switch|p2a: Rotom-Heat|Rotom-Heat|262\/262
|turn|1
|join|AdvanceShip
|
|move|p1a: Infernape|Fake Out|p2a: Rotom-Heat
|-damage|p2a: Rotom-Heat|227\/262
|cant|p2a: Rotom-Heat|flinch
|
|turn|2
|
|move|p2a: Rotom-Heat|Volt Switch|p1a: Infernape
|-damage|p1a: Infernape|213\/355
|
|switch|p2a: Latias|Latias, F|304\/304
|move|p1a: Infernape|Stealth Rock|p2a: Latias
|-sidestart|p2: burgerTeamTesting|move: Stealth Rock
|
|turn|3
|
|switch|p1a: Scizor|Scizor, M|281\/281
|move|p2a: Latias|Defog|p1a: Scizor
|-unboost|p1a: Scizor|evasion|1
|-sideend|p2: burgerTeamTesting|Stealth Rock|[from] move: Defog|[of] p2a: Latias
|
|turn|4
|
|move|p1a: Scizor|Pursuit|p2a: Latias|[from]Pursuit
|-crit|p2a: Latias
|-supereffective|p2a: Latias
|-damage|p2a: Latias|0 fnt
|faint|p2a: Latias
|
|
|switch|p2a: Rotom-Heat|Rotom-Heat|227\/262
|turn|5
|join|av Kakuna
|c| AdvanceShip|the counter stays in y\/n?
|
|switch|p1a: Infernape|Infernape, M, shiny|213\/355
|move|p2a: Rotom-Heat|Volt Switch|p1a: Infernape
|-damage|p1a: Infernape|80\/355
|
|switch|p2a: Medicham|Medicham, F|261\/261
|
|turn|6
|c|âburgerTeamTesting|why naut
|
|detailschange|p2a: Medicham|Medicham-Mega, F
|-mega|p2a: Medicham|Medicham|Medichamite
|move|p1a: Infernape|Fake Out|p2a: Medicham
|-damage|p2a: Medicham|221\/261
|cant|p2a: Medicham|flinch
|
|turn|7
|join|Kai Neahnung
|
|move|p1a: Infernape|Overheat|p2a: Medicham
|-damage|p2a: Medicham|0 fnt
|-unboost|p1a: Infernape|spa|2
|faint|p2a: Medicham
|
|
|switch|p2a: Super--Ei|Azumarill, M, shiny|404\/404
|turn|8
|
|switch|p1a: Suicune|Suicune, shiny|403\/403
|-ability|p1a: Suicune|Pressure
|move|p2a: Super--Ei|Play Rough|p1a: Suicune
|-damage|p1a: Suicune|217\/403
|
|turn|9
|
|move|p1a: Suicune|Scald|p2a: Super--Ei
|-resisted|p2a: Super--Ei
|-damage|p2a: Super--Ei|352\/404
|-status|p2a: Super--Ei|brn
|move|p2a: Super--Ei|Play Rough|p1a: Suicune
|-damage|p1a: Suicune|120\/403
|
|-damage|p2a: Super--Ei|302\/404 brn|[from] brn
|turn|10
|-message|burgerTeamTesting forfeited.
|leave|burgerTeamTesting
|leave|av Kakuna
|
|win|crazybones
|raw|Ladder updating...
|player|p2
|raw|crazybones's rating: 1630 &rarr; <strong>1651<\/strong><br \/>(+21 for winning)
|raw|burgerTeamTesting's rating: 1646 &rarr; <strong>1625<\/strong><br \/>(-21 for losing)