|join|crazybones
|join|Fairy Peak
|player|p1|crazybones|211
|player|p2|Fairy Peak|97
|gametype|singles
|gen|6
|tier|OU
|rated
|clearpoke
|poke|p1|Victini
|poke|p1|Staraptor, M, shiny
|poke|p1|Scolipede, F, shiny
|poke|p1|Latias, F, shiny
|poke|p1|Talonflame, F, shiny
|poke|p1|Suicune, shiny
|poke|p2|Breloom, M
|poke|p2|Landorus, M
|poke|p2|Metagross
|poke|p2|Rotom-Wash
|poke|p2|Starmie
|poke|p2|Dragonite, M
|rule|Swagger Clause: Swagger is banned
|rule|Baton Pass Clause: Limit one PokÃ©mon knowing Baton Pass
|rule|Sleep Clause Mod: Limit one foe put to sleep
|rule|Species Clause: Limit one of each PokÃ©mon
|rule|OHKO Clause: OHKO moves are banned
|rule|Moody Clause: Moody is banned
|rule|Evasion Moves Clause: Evasion moves are banned
|rule|Endless Battle Clause: Forcing endless battles is banned
|rule|HP Percentage Mod: HP is shown in percentages
|teampreview
|c|âFairy Peak|Gl, hf.
|c|âcrazybones|thx u 2
|
|start
|switch|p1a: Staraptor|Staraptor, M, shiny|374\/374
|switch|p2a: LandoREKT|Landorus, M|319\/319
|-ability|p1a: Staraptor|Intimidate|[of] p2a: LandoREKT
|-unboost|p2a: LandoREKT|atk|1
|turn|1
|
|move|p1a: Staraptor|Final Gambit|p2a: LandoREKT
|-damage|p2a: LandoREKT|0 fnt
|faint|p1a: Staraptor
|faint|p2a: LandoREKT
|
|
|switch|p2a: StaREKT|Starmie|323\/323
|switch|p1a: Victini|Victini|404\/404
|turn|2
|
|move|p1a: Victini|Final Gambit|p2a: StaREKT
|-damage|p2a: StaREKT|0 fnt
|faint|p1a: Victini
|faint|p2a: StaREKT
|
|
|switch|p1a: Scolipede|Scolipede, F, shiny|323\/323
|switch|p2a: DREKTnite|Dragonite, M|386\/386
|turn|3
|
|move|p2a: DREKTnite|Extreme Speed|p1a: Scolipede
|-damage|p1a: Scolipede|201\/323
|move|p1a: Scolipede|Iron Defense|p1a: Scolipede
|-boost|p1a: Scolipede|def|2
|
|-boost|p1a: Scolipede|spe|1|[from] ability: Speed Boost
|turn|4
|
|switch|p2a: TopkekLoom|Breloom, M|261\/261
|move|p1a: Scolipede|Protect|p1a: Scolipede
|-fail|p1a: Scolipede
|
|-boost|p1a: Scolipede|spe|1|[from] ability: Speed Boost
|turn|5
|
|switch|p2a: DREKTnite|Dragonite, M|386\/386
|move|p1a: Scolipede|Substitute|p1a: Scolipede
|-start|p1a: Scolipede|Substitute
|-damage|p1a: Scolipede|121\/323
|
|-boost|p1a: Scolipede|spe|1|[from] ability: Speed Boost
|turn|6
|
|move|p1a: Scolipede|Protect|p1a: Scolipede
|-singleturn|p1a: Scolipede|Protect
|move|p2a: DREKTnite|Fire Punch|p1a: Scolipede
|-activate|p1a: Scolipede|Protect
|
|-boost|p1a: Scolipede|spe|1|[from] ability: Speed Boost
|turn|7
|
|move|p1a: Scolipede|Baton Pass|p1a: Scolipede
|
|switch|p1a: Latias|Latias, F, shiny|364\/364
|move|p2a: DREKTnite|Fire Punch|p1a: Latias
|-resisted|p1a: Latias
|-activate|p1a: Latias|Substitute|[damage]
|
|turn|8
|
|switch|p2a: KekMachine|Metagross|302\/302
|detailschange|p1a: Latias|Latias-Mega, F, shiny
|-mega|p1a: Latias|Latias|Latiasite
|move|p1a: Latias|Stored Power|p2a: KekMachine
|-resisted|p2a: KekMachine
|-damage|p2a: KekMachine|246\/302
|
|turn|9
|
|detailschange|p2a: KekMachine|Metagross-Mega
|-mega|p2a: KekMachine|Metagross|Metagrossite
|move|p1a: Latias|Calm Mind|p1a: Latias
|-boost|p1a: Latias|spa|1
|-boost|p1a: Latias|spd|1
|move|p2a: KekMachine|Meteor Mash|p1a: Latias
|-end|p1a: Latias|Substitute
|
|turn|10
|
|move|p1a: Latias|Thunderbolt|p2a: KekMachine
|-damage|p2a: KekMachine|110\/302
|move|p2a: KekMachine|Meteor Mash|p1a: Latias|[miss]
|-miss|p2a: KekMachine|p1a: Latias
|
|turn|11
|c|âFairy Peak|Just
|c|âFairy Peak|Fuck haxx todau
|c|âFairy Peak|y*
|
|move|p2a: KekMachine|Bullet Punch|p1a: Latias
|-damage|p1a: Latias|319\/364
|move|p1a: Latias|Thunderbolt|p2a: KekMachine
|-damage|p2a: KekMachine|0 fnt
|faint|p2a: KekMachine
|
|
|switch|p2a: DREKTnite|Dragonite, M|386\/386
|turn|12
|c|âcrazybones|it's not over
|
|move|p1a: Latias|Stored Power|p2a: DREKTnite
|-damage|p2a: DREKTnite|190\/386
|move|p2a: DREKTnite|Outrage|p1a: Latias
|-supereffective|p1a: Latias
|-damage|p1a: Latias|31\/364
|
|turn|13
|
|move|p1a: Latias|Stored Power|p2a: DREKTnite
|-damage|p2a: DREKTnite|0 fnt
|faint|p2a: DREKTnite
|
|
|switch|p2a: TopkekLoom|Breloom, M|261\/261
|turn|14
|
|move|p2a: TopkekLoom|Mach Punch|p1a: Latias
|-crit|p1a: Latias
|-resisted|p1a: Latias
|-damage|p1a: Latias|0 fnt
|-damage|p2a: TopkekLoom|235\/261|[from] item: Life Orb
|faint|p1a: Latias
|
|
|switch|p1a: Talonflame|Talonflame, F, shiny|359\/359
|turn|15
|
|switch|p2a: Rotopkek|Rotom-Wash|304\/304
|move|p1a: Talonflame|Brave Bird|p2a: Rotopkek
|-resisted|p2a: Rotopkek
|-damage|p2a: Rotopkek|232\/304
|-damage|p1a: Talonflame|335\/359|[from] recoil|[of] p2a: Rotopkek
|
|-heal|p2a: Rotopkek|251\/304|[from] item: Leftovers
|turn|16
|
|switch|p1a: Scolipede|Scolipede, F, shiny|121\/323
|move|p2a: Rotopkek|Volt Switch|p1a: Scolipede
|-damage|p1a: Scolipede|13\/323
|
|switch|p2a: TopkekLoom|Breloom, M|235\/261
|
|turn|17
|
|move|p1a: Scolipede|Protect|p1a: Scolipede
|-singleturn|p1a: Scolipede|Protect
|move|p2a: TopkekLoom|Mach Punch|p1a: Scolipede
|-activate|p1a: Scolipede|Protect
|
|-boost|p1a: Scolipede|spe|1|[from] ability: Speed Boost
|turn|18
|
|move|p2a: TopkekLoom|Mach Punch|p1a: Scolipede
|-resisted|p1a: Scolipede
|-damage|p1a: Scolipede|0 fnt
|-damage|p2a: TopkekLoom|209\/261|[from] item: Life Orb
|faint|p1a: Scolipede
|
|
|switch|p1a: Talonflame|Talonflame, F, shiny|335\/359
|turn|19
|
|switch|p2a: Rotopkek|Rotom-Wash|251\/304
|move|p1a: Talonflame|Brave Bird|p2a: Rotopkek
|-resisted|p2a: Rotopkek
|-damage|p2a: Rotopkek|174\/304
|-damage|p1a: Talonflame|310\/359|[from] recoil|[of] p2a: Rotopkek
|
|-heal|p2a: Rotopkek|193\/304|[from] item: Leftovers
|turn|20
|
|move|p1a: Talonflame|Roost|p1a: Talonflame
|-heal|p1a: Talonflame|359\/359
|move|p2a: Rotopkek|Volt Switch|p1a: Talonflame
|-damage|p1a: Talonflame|232\/359
|
|switch|p2a: TopkekLoom|Breloom, M|209\/261
|
|turn|21
|
|switch|p2a: Rotopkek|Rotom-Wash|193\/304
|move|p1a: Talonflame|Swords Dance|p1a: Talonflame
|-boost|p1a: Talonflame|atk|2
|
|-heal|p2a: Rotopkek|212\/304|[from] item: Leftovers
|turn|22
|
|move|p1a: Talonflame|Roost|p1a: Talonflame
|-heal|p1a: Talonflame|359\/359
|move|p2a: Rotopkek|Hydro Pump|p1a: Talonflame|[miss]
|-miss|p2a: Rotopkek|p1a: Talonflame
|
|-heal|p2a: Rotopkek|231\/304|[from] item: Leftovers
|turn|23
|c|âFairy Peak|OMG
|
|switch|p1a: Suicune|Suicune, shiny|403\/403
|-ability|p1a: Suicune|Pressure
|move|p2a: Rotopkek|Hydro Pump|p1a: Suicune|[miss]
|-miss|p2a: Rotopkek|p1a: Suicune
|
|-heal|p2a: Rotopkek|250\/304|[from] item: Leftovers
|turn|24
|c|âFairy Peak|Open your eyes rotom
|
|move|p2a: Rotopkek|Will-O-Wisp|p1a: Suicune
|-status|p1a: Suicune|brn
|move|p1a: Suicune|Scald|p2a: Rotopkek
|-resisted|p2a: Rotopkek
|-damage|p2a: Rotopkek|211\/304
|-status|p2a: Rotopkek|brn
|
|-heal|p2a: Rotopkek|230\/304 brn|[from] item: Leftovers
|-damage|p2a: Rotopkek|192\/304 brn|[from] brn
|-damage|p1a: Suicune|353\/403 brn|[from] brn
|turn|25
|c|âFairy Peak|y ok
|
|move|p2a: Rotopkek|Pain Split|p1a: Suicune
|-sethp|p1a: Suicune|272\/403 brn|p2a: Rotopkek|272\/304 brn|[from] move: Pain Split
|move|p1a: Suicune|Scald|p2a: Rotopkek
|-resisted|p2a: Rotopkek
|-damage|p2a: Rotopkek|233\/304 brn
|
|-heal|p2a: Rotopkek|252\/304 brn|[from] item: Leftovers
|-heal|p1a: Suicune|297\/403 brn|[from] item: Leftovers
|-damage|p2a: Rotopkek|214\/304 brn|[from] brn
|-damage|p1a: Suicune|247\/403 brn|[from] brn
|turn|26
|
|move|p2a: Rotopkek|Volt Switch|p1a: Suicune
|-supereffective|p1a: Suicune
|-damage|p1a: Suicune|103\/403 brn
|
|switch|p2a: TopkekLoom|Breloom, M|209\/261
|move|p1a: Suicune|Calm Mind|p1a: Suicune
|-boost|p1a: Suicune|spa|1
|-boost|p1a: Suicune|spd|1
|
|-heal|p1a: Suicune|128\/403 brn|[from] item: Leftovers
|-damage|p1a: Suicune|78\/403 brn|[from] brn
|turn|27
|
|move|p2a: TopkekLoom|Bullet Seed|p1a: Suicune
|-supereffective|p1a: Suicune
|-damage|p1a: Suicune|0 fnt
|-hitcount|p1a: Suicune|1
|-damage|p2a: TopkekLoom|183\/261|[from] item: Life Orb
|faint|p1a: Suicune
|
|
|switch|p1a: Talonflame|Talonflame, F, shiny|359\/359
|turn|28
|
|move|p1a: Talonflame|Brave Bird|p2a: TopkekLoom
|-supereffective|p2a: TopkekLoom
|-damage|p2a: TopkekLoom|0 fnt
|-damage|p1a: Talonflame|299\/359|[from] recoil|[of] p2a: TopkekLoom
|faint|p2a: TopkekLoom
|
|
|switch|p2a: Rotopkek|Rotom-Wash|214\/304 brn
|turn|29
|c|âFairy Peak|Just
|
|move|p1a: Talonflame|Roost|p1a: Talonflame
|-heal|p1a: Talonflame|359\/359
|move|p2a: Rotopkek|Hydro Pump|p1a: Talonflame
|-supereffective|p1a: Talonflame
|-damage|p1a: Talonflame|0 fnt
|faint|p1a: Talonflame
|
|win|Fairy Peak
|raw|Ladder updating...
|c|âFairy Peak|No miss
|raw|crazybones's rating: 1596 &rarr; <strong>1582<\/strong><br \/>(-14 for losing)
|raw|Fairy Peak's rating: 1704 &rarr; <strong>1718<\/strong><br \/>(+14 for winning)
|c|âFairy Peak|Gg
|c|âcrazybones|gg
|leave|Fairy Peak
|player|p2