|join|Cienight
|join|crazybones
|player|p1|Cienight|75
|player|p2|crazybones|211
|gametype|singles
|gen|6
|tier|OU
|rated
|clearpoke
|poke|p1|Azumarill, F
|poke|p1|Ferrothorn, M
|poke|p1|Landorus-Therian, M, shiny
|poke|p1|Latias, F
|poke|p1|Charizard, M
|poke|p1|Mew
|poke|p2|Victini
|poke|p2|Staraptor, M, shiny
|poke|p2|Scolipede, M, shiny
|poke|p2|Latias, F, shiny
|poke|p2|Talonflame, F, shiny
|poke|p2|Suicune, shiny
|rule|Swagger Clause: Swagger is banned
|rule|Baton Pass Clause: Limit one PokÃ©mon knowing Baton Pass
|rule|Sleep Clause Mod: Limit one foe put to sleep
|rule|Species Clause: Limit one of each PokÃ©mon
|rule|OHKO Clause: OHKO moves are banned
|rule|Moody Clause: Moody is banned
|rule|Evasion Moves Clause: Evasion moves are banned
|rule|Endless Battle Clause: Forcing endless battles is banned
|rule|HP Percentage Mod: HP is shown in percentages
|teampreview
|
|start
|switch|p1a: Mew|Mew|400\/400
|switch|p2a: Victini|Victini|404\/404
|turn|1
|
|move|p2a: Victini|Final Gambit|p1a: Mew
|-damage|p1a: Mew|0 fnt
|faint|p2a: Victini
|faint|p1a: Mew
|
|
|switch|p2a: Staraptor|Staraptor, M, shiny|374\/374
|switch|p1a: Landorus-Therian|Landorus-Therian, M, shiny|325\/325
|-ability|p2a: Staraptor|Intimidate|[of] p1a: Landorus-Therian
|-unboost|p1a: Landorus-Therian|atk|1
|-ability|p1a: Landorus-Therian|Intimidate|[of] p2a: Staraptor
|-unboost|p2a: Staraptor|atk|1
|turn|2
|
|move|p2a: Staraptor|Final Gambit|p1a: Landorus-Therian
|-damage|p1a: Landorus-Therian|0 fnt
|faint|p2a: Staraptor
|faint|p1a: Landorus-Therian
|
|
|switch|p1a: Charizard|Charizard, M|297\/297
|switch|p2a: Talonflame|Talonflame, F, shiny|359\/359
|turn|3
|
|detailschange|p1a: Charizard|Charizard-Mega-X, M
|-mega|p1a: Charizard|Charizard|Charizardite X
|move|p1a: Charizard|Dragon Claw|p2a: Talonflame
|-damage|p2a: Talonflame|121\/359
|move|p2a: Talonflame|Swords Dance|p2a: Talonflame
|-boost|p2a: Talonflame|atk|2
|
|turn|4
|
|move|p2a: Talonflame|Brave Bird|p1a: Charizard
|-damage|p1a: Charizard|0 fnt
|-damage|p2a: Talonflame|23\/359|[from] recoil|[of] p1a: Charizard
|faint|p1a: Charizard
|
|
|switch|p1a: Latias|Latias, F|301\/301
|turn|5
|
|switch|p1a: Ferrothorn|Ferrothorn, M|349\/349
|move|p2a: Talonflame|Brave Bird|p1a: Ferrothorn
|-damage|p1a: Ferrothorn|96\/349
|-damage|p2a: Talonflame|0 fnt|[from] ability: Iron Barbs|[of] p1a: Ferrothorn
|faint|p2a: Talonflame
|
|-heal|p1a: Ferrothorn|117\/349|[from] item: Leftovers
|
|switch|p2a: Scolipede|Scolipede, M, shiny|323\/323
|turn|6
|
|move|p2a: Scolipede|Substitute|p2a: Scolipede
|-start|p2a: Scolipede|Substitute
|-damage|p2a: Scolipede|243\/323
|move|p1a: Ferrothorn|Gyro Ball|p2a: Scolipede
|-end|p2a: Scolipede|Substitute
|
|-heal|p1a: Ferrothorn|138\/349|[from] item: Leftovers
|-boost|p2a: Scolipede|spe|1|[from] ability: Speed Boost
|turn|7
|
|move|p2a: Scolipede|Iron Defense|p2a: Scolipede
|-boost|p2a: Scolipede|def|2
|move|p1a: Ferrothorn|Gyro Ball|p2a: Scolipede
|-damage|p2a: Scolipede|182\/323
|
|-heal|p1a: Ferrothorn|159\/349|[from] item: Leftovers
|-boost|p2a: Scolipede|spe|1|[from] ability: Speed Boost
|turn|8
|
|switch|p1a: Azumarill|Azumarill, F|381\/381
|move|p2a: Scolipede|Substitute|p2a: Scolipede
|-start|p2a: Scolipede|Substitute
|-damage|p2a: Scolipede|102\/323
|
|-boost|p2a: Scolipede|spe|1|[from] ability: Speed Boost
|turn|9
|
|move|p2a: Scolipede|Baton Pass|p2a: Scolipede
|
|switch|p2a: Latias|Latias, F, shiny|364\/364
|move|p1a: Azumarill|Play Rough|p2a: Latias
|-supereffective|p2a: Latias
|-end|p2a: Latias|Substitute
|
|turn|10
|
|detailschange|p2a: Latias|Latias-Mega, F, shiny
|-mega|p2a: Latias|Latias|Latiasite
|move|p2a: Latias|Calm Mind|p2a: Latias
|-boost|p2a: Latias|spa|1
|-boost|p2a: Latias|spd|1
|move|p1a: Azumarill|Play Rough|p2a: Latias
|-supereffective|p2a: Latias
|-damage|p2a: Latias|112\/364
|
|turn|11
|join|Shunz
|
|move|p2a: Latias|Stored Power|p1a: Azumarill
|-damage|p1a: Azumarill|0 fnt
|faint|p1a: Azumarill
|
|
|switch|p1a: Ferrothorn|Ferrothorn, M|159\/349
|turn|12
|
|move|p2a: Latias|Stored Power|p1a: Ferrothorn
|-resisted|p1a: Ferrothorn
|-damage|p1a: Ferrothorn|15\/349
|move|p1a: Ferrothorn|Gyro Ball|p2a: Latias
|-damage|p2a: Latias|40\/364
|
|-heal|p1a: Ferrothorn|36\/349|[from] item: Leftovers
|turn|13
|-message|Cienight forfeited.
|
|win|crazybones
|raw|Ladder updating...
|leave|Cienight
|player|p1
|raw|Cienight's rating: 1721 &rarr; <strong>1691<\/strong><br \/>(-30 for losing)
|raw|crazybones's rating: 1527 &rarr; <strong>1557<\/strong><br \/>(+30 for winning)