|join|qqqqw
|join|crazybones
|player|p1|qqqqw|52
|player|p2|crazybones|211
|gametype|singles
|gen|6
|tier|OU
|rated
|clearpoke
|poke|p1|Absol, M
|poke|p1|Azumarill, M
|poke|p1|Breloom, M
|poke|p1|Garchomp, F
|poke|p1|Gardevoir, M
|poke|p1|Scizor, M
|poke|p2|Victini
|poke|p2|Staraptor, F, shiny
|poke|p2|Scolipede, M, shiny
|poke|p2|Latias, F, shiny
|poke|p2|Talonflame, M, shiny
|poke|p2|Suicune, shiny
|rule|Swagger Clause: Swagger is banned
|rule|Baton Pass Clause: Limit one PokÃ©mon knowing Baton Pass
|rule|Sleep Clause Mod: Limit one foe put to sleep
|rule|Species Clause: Limit one of each PokÃ©mon
|rule|OHKO Clause: OHKO moves are banned
|rule|Moody Clause: Moody is banned
|rule|Evasion Moves Clause: Evasion moves are banned
|rule|Endless Battle Clause: Forcing endless battles is banned
|rule|HP Percentage Mod: HP is shown in percentages
|teampreview
|
|start
|switch|p1a: Scizor|Scizor, M|309\/309
|switch|p2a: Staraptor|Staraptor, F, shiny|374\/374
|-ability|p2a: Staraptor|Intimidate|[of] p1a: Scizor
|-unboost|p1a: Scizor|atk|1
|turn|1
|
|switch|p1a: Garchomp|Garchomp, F|415\/415
|move|p2a: Staraptor|Final Gambit|p1a: Garchomp
|-damage|p1a: Garchomp|41\/415
|faint|p2a: Staraptor
|
|c|âqqqqw|lol
|
|switch|p2a: Talonflame|Talonflame, M, shiny|359\/359
|turn|2
|
|move|p2a: Talonflame|Brave Bird|p1a: Garchomp
|-damage|p1a: Garchomp|0 fnt
|-damage|p2a: Talonflame|315\/359|[from] ability: Rough Skin|[of] p1a: Garchomp
|-damage|p2a: Talonflame|256\/359|[from] item: Rocky Helmet|[of] p1a: Garchomp
|-damage|p2a: Talonflame|242\/359|[from] recoil|[of] p1a: Garchomp
|faint|p1a: Garchomp
|
|
|switch|p1a: Azumarill|Azumarill, M|403\/403
|turn|3
|
|move|p1a: Azumarill|Aqua Jet|p2a: Talonflame
|-supereffective|p2a: Talonflame
|-damage|p2a: Talonflame|0 fnt
|faint|p2a: Talonflame
|
|
|switch|p2a: Victini|Victini|404\/404
|turn|4
|
|move|p1a: Azumarill|Aqua Jet|p2a: Victini
|-supereffective|p2a: Victini
|-damage|p2a: Victini|134\/404
|move|p2a: Victini|Final Gambit|p1a: Azumarill
|-damage|p1a: Azumarill|269\/403
|faint|p2a: Victini
|
|c|âqqqqw|lol
|
|switch|p2a: Scolipede|Scolipede, M, shiny|323\/323
|turn|5
|
|move|p1a: Azumarill|Aqua Jet|p2a: Scolipede
|-damage|p2a: Scolipede|223\/323
|move|p2a: Scolipede|Iron Defense|p2a: Scolipede
|-boost|p2a: Scolipede|def|2
|
|-boost|p2a: Scolipede|spe|1|[from] ability: Speed Boost
|turn|6
|
|move|p1a: Azumarill|Aqua Jet|p2a: Scolipede
|-damage|p2a: Scolipede|168\/323
|move|p2a: Scolipede|Substitute|p2a: Scolipede
|-start|p2a: Scolipede|Substitute
|-damage|p2a: Scolipede|88\/323
|
|-boost|p2a: Scolipede|spe|1|[from] ability: Speed Boost
|turn|7
|
|move|p2a: Scolipede|Protect|p2a: Scolipede
|-singleturn|p2a: Scolipede|Protect
|move|p1a: Azumarill|Aqua Jet|p2a: Scolipede
|-activate|p2a: Scolipede|Protect
|
|-boost|p2a: Scolipede|spe|1|[from] ability: Speed Boost
|turn|8
|
|move|p1a: Azumarill|Aqua Jet|p2a: Scolipede
|-activate|p2a: Scolipede|Substitute|[damage]
|move|p2a: Scolipede|Baton Pass|p2a: Scolipede
|
|switch|p2a: Latias|Latias, F, shiny|364\/364
|
|turn|9
|
|switch|p1a: Absol|Absol, M|271\/271
|-ability|p1a: Absol|Pressure
|detailschange|p2a: Latias|Latias-Mega, F, shiny
|-mega|p2a: Latias|Latias|Latiasite
|move|p2a: Latias|Calm Mind|p2a: Latias
|-boost|p2a: Latias|spa|1
|-boost|p2a: Latias|spd|1
|
|turn|10
|
|detailschange|p1a: Absol|Absol-Mega, M
|-mega|p1a: Absol|Absol|Absolite
|move|p2a: Latias|Thunderbolt|p1a: Absol
|-damage|p1a: Absol|47\/271
|move|p1a: Absol|Knock Off|p2a: Latias
|-supereffective|p2a: Latias
|-end|p2a: Latias|Substitute
|
|turn|11
|
|move|p2a: Latias|Thunderbolt|p1a: Absol
|-damage|p1a: Absol|0 fnt
|faint|p1a: Absol
|
|
|switch|p1a: Breloom|Breloom, M|261\/261
|turn|12
|
|move|p2a: Latias|Stored Power|p1a: Breloom
|-supereffective|p1a: Breloom
|-enditem|p1a: Breloom|Focus Sash
|-damage|p1a: Breloom|1\/261
|move|p1a: Breloom|Spore|p2a: Latias
|-status|p2a: Latias|slp
|
|turn|13
|
|switch|p1a: Gardevoir|Gardevoir, M|333\/333
|-ability|p1a: Gardevoir|Levitate|[from] ability: Trace|[of] p2a: Latias
|cant|p2a: Latias|slp
|
|turn|14
|
|cant|p2a: Latias|slp
|move|p1a: Gardevoir|Calm Mind|p1a: Gardevoir
|-boost|p1a: Gardevoir|spa|1
|-boost|p1a: Gardevoir|spd|1
|
|turn|15
|
|cant|p2a: Latias|slp
|move|p1a: Gardevoir|Calm Mind|p1a: Gardevoir
|-boost|p1a: Gardevoir|spa|1
|-boost|p1a: Gardevoir|spd|1
|
|turn|16
|
|-curestatus|p2a: Latias|slp
|move|p2a: Latias|Calm Mind|p2a: Latias
|-boost|p2a: Latias|spa|1
|-boost|p2a: Latias|spd|1
|move|p1a: Gardevoir|Draining Kiss|p2a: Latias
|-supereffective|p2a: Latias
|-damage|p2a: Latias|286\/364
|
|turn|17
|
|move|p2a: Latias|Calm Mind|p2a: Latias
|-boost|p2a: Latias|spa|1
|-boost|p2a: Latias|spd|1
|move|p1a: Gardevoir|Calm Mind|p1a: Gardevoir
|-boost|p1a: Gardevoir|spa|1
|-boost|p1a: Gardevoir|spd|1
|
|turn|18
|
|move|p2a: Latias|Calm Mind|p2a: Latias
|-boost|p2a: Latias|spa|1
|-boost|p2a: Latias|spd|1
|move|p1a: Gardevoir|Shadow Ball|p2a: Latias
|-supereffective|p2a: Latias
|-damage|p2a: Latias|216\/364
|-unboost|p2a: Latias|spd|1
|
|turn|19
|
|move|p2a: Latias|Stored Power|p1a: Gardevoir
|-resisted|p1a: Gardevoir
|-damage|p1a: Gardevoir|105\/333
|move|p1a: Gardevoir|Calm Mind|p1a: Gardevoir
|-boost|p1a: Gardevoir|spa|1
|-boost|p1a: Gardevoir|spd|1
|
|-heal|p1a: Gardevoir|125\/333|[from] item: Leftovers
|turn|20
|
|move|p2a: Latias|Stored Power|p1a: Gardevoir
|-resisted|p1a: Gardevoir
|-damage|p1a: Gardevoir|0 fnt
|faint|p1a: Gardevoir
|
|
|switch|p1a: Scizor|Scizor, M|309\/309
|turn|21
|
|move|p1a: Scizor|Bullet Punch|p2a: Latias
|-damage|p2a: Latias|146\/364
|move|p2a: Latias|Stored Power|p1a: Scizor
|-resisted|p1a: Scizor
|-damage|p1a: Scizor|0 fnt
|faint|p1a: Scizor
|
|
|switch|p1a: Azumarill|Azumarill, M|269\/403
|turn|22
|
|move|p2a: Latias|Stored Power|p1a: Azumarill
|-damage|p1a: Azumarill|0 fnt
|faint|p1a: Azumarill
|
|
|switch|p1a: Breloom|Breloom, M|1\/261
|turn|23
|
|move|p2a: Latias|Stored Power|p1a: Breloom
|-supereffective|p1a: Breloom
|-damage|p1a: Breloom|0 fnt
|faint|p1a: Breloom
|
|win|crazybones
|raw|Ladder updating...
|raw|qqqqw's rating: 1567 &rarr; <strong>1547<\/strong><br \/>(-20 for losing)
|raw|crazybones's rating: 1570 &rarr; <strong>1590<\/strong><br \/>(+20 for winning)