|join|F22ARAPT0R
|join|crazybones
|player|p1|F22ARAPT0R|30
|player|p2|crazybones|211
|gametype|singles
|gen|6
|tier|OU
|rated
|clearpoke
|poke|p1|Gyarados, M, shiny
|poke|p1|Cresselia, F, shiny
|poke|p1|Bisharp, M, shiny
|poke|p1|Landorus-Therian, M
|poke|p1|Heracross, M, shiny
|poke|p1|Heatran, M, shiny
|poke|p2|Gardevoir, M, shiny
|poke|p2|Latios, M
|poke|p2|Raikou
|poke|p2|Scizor, F
|poke|p2|Keldeo-Resolute
|poke|p2|Ferrothorn, M
|rule|Swagger Clause: Swagger is banned
|rule|Baton Pass Clause: Limit one PokÃ©mon knowing Baton Pass
|rule|Sleep Clause Mod: Limit one foe put to sleep
|rule|Species Clause: Limit one of each PokÃ©mon
|rule|OHKO Clause: OHKO moves are banned
|rule|Moody Clause: Moody is banned
|rule|Evasion Moves Clause: Evasion moves are banned
|rule|Endless Battle Clause: Forcing endless battles is banned
|rule|HP Percentage Mod: HP is shown in percentages
|teampreview
|
|start
|switch|p1a: CALRISSIAN|Landorus-Therian, M|330\/330
|switch|p2a: Keldeo-Resolute|Keldeo-Resolute|323\/323
|-ability|p1a: CALRISSIAN|Intimidate|[of] p2a: Keldeo-Resolute
|-unboost|p2a: Keldeo-Resolute|atk|1
|turn|1
|
|move|p1a: CALRISSIAN|U-turn|p2a: Keldeo-Resolute
|-resisted|p2a: Keldeo-Resolute
|-damage|p2a: Keldeo-Resolute|266\/323
|
|switch|p1a: GARRADOR|Gyarados, M, shiny|353\/353
|-ability|p1a: GARRADOR|Intimidate|[of] p2a: Keldeo-Resolute
|-unboost|p2a: Keldeo-Resolute|atk|1
|move|p2a: Keldeo-Resolute|Scald|p1a: GARRADOR
|-resisted|p1a: GARRADOR
|-damage|p1a: GARRADOR|281\/353
|-status|p1a: GARRADOR|brn
|
|-heal|p2a: Keldeo-Resolute|286\/323|[from] item: Leftovers
|-heal|p1a: GARRADOR|303\/353 brn|[from] item: Leftovers
|-damage|p1a: GARRADOR|259\/353 brn|[from] brn
|turn|2
|
|switch|p1a: GALADRIEL|Cresselia, F, shiny|444\/444
|move|p2a: Keldeo-Resolute|Calm Mind|p2a: Keldeo-Resolute
|-boost|p2a: Keldeo-Resolute|spa|1
|-boost|p2a: Keldeo-Resolute|spd|1
|
|-heal|p2a: Keldeo-Resolute|306\/323|[from] item: Leftovers
|turn|3
|
|move|p2a: Keldeo-Resolute|Scald|p1a: GALADRIEL
|-damage|p1a: GALADRIEL|299\/444
|-status|p1a: GALADRIEL|brn
|move|p1a: GALADRIEL|Psychic|p2a: Keldeo-Resolute
|-supereffective|p2a: Keldeo-Resolute
|-damage|p2a: Keldeo-Resolute|178\/323
|
|-heal|p2a: Keldeo-Resolute|198\/323|[from] item: Leftovers
|-heal|p1a: GALADRIEL|326\/444 brn|[from] item: Leftovers
|-damage|p1a: GALADRIEL|271\/444 brn|[from] brn
|turn|4
|
|switch|p2a: Scizor|Scizor, F|343\/343
|move|p1a: GALADRIEL|Thunder Wave|p2a: Scizor
|-status|p2a: Scizor|par
|
|-heal|p1a: GALADRIEL|298\/444 brn|[from] item: Leftovers
|-damage|p1a: GALADRIEL|243\/444 brn|[from] brn
|turn|5
|
|move|p2a: Scizor|Pursuit|p1a: GALADRIEL|[from]Pursuit
|-supereffective|p1a: GALADRIEL
|-damage|p1a: GALADRIEL|39\/444 brn
|switch|p1a: T-90|Heatran, M, shiny|385\/385
|
|turn|6
|
|switch|p2a: Latios|Latios, M|301\/301
|move|p1a: T-90|Lava Plume|p2a: Latios
|-resisted|p2a: Latios
|-damage|p2a: Latios|250\/301
|-status|p2a: Latios|brn
|
|-damage|p2a: Latios|213\/301 brn|[from] brn
|turn|7
|
|move|p2a: Latios|Draco Meteor|p1a: T-90
|-resisted|p1a: T-90
|-damage|p1a: T-90|276\/385
|-unboost|p2a: Latios|spa|2
|-damage|p2a: Latios|183\/301 brn|[from] item: Life Orb
|move|p1a: T-90|Stealth Rock|p2a: Latios
|-sidestart|p2: crazybones|move: Stealth Rock
|
|-heal|p1a: T-90|300\/385|[from] item: Leftovers
|-damage|p2a: Latios|146\/301 brn|[from] brn
|turn|8
|
|move|p2a: Latios|Roost|p2a: Latios
|-heal|p2a: Latios|297\/301 brn
|move|p1a: T-90|Roar|p2a: Latios
|drag|p2a: Ferrothorn|Ferrothorn, M|351\/351
|-damage|p2a: Ferrothorn|330\/351|[from] Stealth Rock
|
|-heal|p1a: T-90|324\/385|[from] item: Leftovers
|turn|9
|
|move|p1a: T-90|Lava Plume|p2a: Ferrothorn
|-supereffective|p2a: Ferrothorn
|-damage|p2a: Ferrothorn|0 fnt
|faint|p2a: Ferrothorn
|
|-heal|p1a: T-90|348\/385|[from] item: Leftovers
|
|switch|p2a: Keldeo-Resolute|Keldeo-Resolute|198\/323
|-damage|p2a: Keldeo-Resolute|178\/323|[from] Stealth Rock
|turn|10
|
|move|p2a: Keldeo-Resolute|Secret Sword|p1a: T-90
|-supereffective|p1a: T-90
|-damage|p1a: T-90|72\/385
|move|p1a: T-90|Toxic|p2a: Keldeo-Resolute
|-status|p2a: Keldeo-Resolute|tox
|
|-heal|p2a: Keldeo-Resolute|198\/323 tox|[from] item: Leftovers
|-heal|p1a: T-90|96\/385|[from] item: Leftovers
|-damage|p2a: Keldeo-Resolute|178\/323 tox|[from] psn
|turn|11
|
|move|p2a: Keldeo-Resolute|Scald|p1a: T-90
|-supereffective|p1a: T-90
|-damage|p1a: T-90|0 fnt
|faint|p1a: T-90
|
|-heal|p2a: Keldeo-Resolute|198\/323 tox|[from] item: Leftovers
|-damage|p2a: Keldeo-Resolute|158\/323 tox|[from] psn
|
|switch|p1a: CALRISSIAN|Landorus-Therian, M|330\/330
|-ability|p1a: CALRISSIAN|Intimidate|[of] p2a: Keldeo-Resolute
|-unboost|p2a: Keldeo-Resolute|atk|1
|turn|12
|
|switch|p2a: Scizor|Scizor, F|343\/343 par
|-damage|p2a: Scizor|301\/343 par|[from] Stealth Rock
|move|p1a: CALRISSIAN|U-turn|p2a: Scizor
|-resisted|p2a: Scizor
|-damage|p2a: Scizor|250\/343 par
|
|switch|p1a: SHARPIE|Bisharp, M, shiny|271\/271
|
|turn|13
|
|move|p1a: SHARPIE|Knock Off|p2a: Scizor
|-damage|p2a: Scizor|9\/343 par
|-enditem|p2a: Scizor|Choice Band|[from] move: Knock Off|[of] p1a: SHARPIE
|move|p2a: Scizor|Superpower|p1a: SHARPIE
|-supereffective|p1a: SHARPIE
|-damage|p1a: SHARPIE|0 fnt
|-unboost|p2a: Scizor|atk|1
|-unboost|p2a: Scizor|def|1
|faint|p1a: SHARPIE
|
|
|switch|p1a: GARRADOR|Gyarados, M, shiny|259\/353 brn
|-ability|p1a: GARRADOR|Intimidate|[of] p2a: Scizor
|-unboost|p2a: Scizor|atk|1
|turn|14
|
|switch|p2a: Latios|Latios, M|297\/301 brn
|-damage|p2a: Latios|260\/301 brn|[from] Stealth Rock
|move|p1a: GARRADOR|Dragon Dance|p1a: GARRADOR
|-boost|p1a: GARRADOR|atk|1
|-boost|p1a: GARRADOR|spe|1
|
|-heal|p1a: GARRADOR|281\/353 brn|[from] item: Leftovers
|-damage|p1a: GARRADOR|237\/353 brn|[from] brn
|-damage|p2a: Latios|223\/301 brn|[from] brn
|turn|15
|
|move|p1a: GARRADOR|Bounce|p2a: Latios|[still]
|-prepare|p1a: GARRADOR|Bounce|p2a: Latios
|move|p2a: Latios|Psyshock|p1a: GARRADOR|[miss]
|-miss|p2a: Latios|p1a: GARRADOR
|
|-heal|p1a: GARRADOR|259\/353 brn|[from] item: Leftovers
|-damage|p1a: GARRADOR|215\/353 brn|[from] brn
|-damage|p2a: Latios|186\/301 brn|[from] brn
|turn|16
|
|move|p1a: GARRADOR|Bounce|p2a: Latios
|-damage|p2a: Latios|45\/301 brn
|move|p2a: Latios|Draco Meteor|p1a: GARRADOR
|-damage|p1a: GARRADOR|0 fnt
|-unboost|p2a: Latios|spa|2
|-damage|p2a: Latios|15\/301 brn|[from] item: Life Orb
|faint|p1a: GARRADOR
|
|-damage|p2a: Latios|0 fnt|[from] brn
|faint|p2a: Latios
|
|switch|p1a: CALRISSIAN|Landorus-Therian, M|330\/330
|switch|p2a: Scizor|Scizor, F|9\/343 par
|-ability|p1a: CALRISSIAN|Intimidate|[of] p2a: Scizor
|-unboost|p2a: Scizor|atk|1
|-damage|p2a: Scizor|0 fnt|[from] Stealth Rock
|faint|p2a: Scizor
|
|switch|p2a: Keldeo-Resolute|Keldeo-Resolute|158\/323 tox
|-damage|p2a: Keldeo-Resolute|138\/323 tox|[from] Stealth Rock
|turn|17
|
|move|p1a: CALRISSIAN|Earthquake|p2a: Keldeo-Resolute
|-damage|p2a: Keldeo-Resolute|0 fnt
|faint|p2a: Keldeo-Resolute
|
|
|switch|p2a: Gardevoir|Gardevoir, M, shiny|277\/277
|-damage|p2a: Gardevoir|243\/277|[from] Stealth Rock
|turn|18
|
|detailschange|p2a: Gardevoir|Gardevoir-Mega, M, shiny
|-mega|p2a: Gardevoir|Gardevoir|Gardevoirite
|move|p1a: CALRISSIAN|Earthquake|p2a: Gardevoir
|-damage|p2a: Gardevoir|0 fnt
|faint|p2a: Gardevoir
|
|
|switch|p2a: Raikou|Raikou|321\/321
|-damage|p2a: Raikou|281\/321|[from] Stealth Rock
|-ability|p2a: Raikou|Pressure
|turn|19
|
|move|p1a: CALRISSIAN|Earthquake|p2a: Raikou
|-crit|p2a: Raikou
|-supereffective|p2a: Raikou
|-damage|p2a: Raikou|0 fnt
|faint|p2a: Raikou
|
|win|F22ARAPT0R
|raw|Ladder updating...
|raw|F22ARAPT0R's rating: 1572 &rarr; <strong>1593<\/strong><br \/>(+21 for winning)
|raw|crazybones's rating: 1584 &rarr; <strong>1563<\/strong><br \/>(-21 for losing)
|leave|F22ARAPT0R
|player|p1