|join|Coatay
|join|SH9
|player|p1|Coatay|1
|player|p2|SH9|101
|gametype|singles
|tier|[Gen 4] OU (beta)
|rated
|rule|Sleep Clause Mod: Limit one foe put to sleep
|rule|Species Clause: Limit one of each Pokemon
|rule|OHKO Clause: OHKO moves are banned
|rule|Moody Clause: Moody is banned
|rule|Evasion Moves Clause: Evasion moves are banned
|rule|HP Percentage Mod: HP is reported as percentages
|
|start
|switch|p1a: Metagross|Metagross|352\/352
|switch|p2a: Swampert|Swampert, F|401\/401
|turn|1
|callback|decision
|
|switch|p1a: Celebi|Celebi|404\/404
|move|p2a: Swampert|Stealth Rock|p1a: Celebi
|-sidestart|p1: Coatay|move: Stealth Rock
|
|turn|2
|callback|decision
|
|switch|p2a: Gyarados|Gyarados, M|369\/369
|-ability|p2a: Gyarados|Intimidate|[of] p1a: Celebi
|-unboost|p1a: Celebi|atk|1
|move|p1a: Celebi|Leech Seed|p2a: Gyarados
|-start|p2a: Gyarados|move: Leech Seed
|
|-damage|p2a: Gyarados|323\/369|[from] Leech Seed|[of] p1a: Celebi
|turn|3
|callback|decision
|
|switch|p2a: Forretress|Forretress, M, shiny|351\/351
|move|p1a: Celebi|Psychic|p2a: Forretress
|-resisted|p2a: Forretress
|-damage|p2a: Forretress|294\/351
|-unboost|p2a: Forretress|spd|1
|
|-heal|p2a: Forretress|315\/351|[from] item: Leftovers
|turn|4
|callback|decision
|
|switch|p1a: Togekiss|Togekiss, F|374\/374
|-damage|p1a: Togekiss|281\/374|[from] Stealth Rock
|switch|p2a: Gyarados|Gyarados, M|323\/369
|-ability|p2a: Gyarados|Intimidate|[of] p1a: Togekiss
|-unboost|p1a: Togekiss|atk|1
|
|-heal|p2a: Gyarados|346\/369|[from] item: Leftovers
|-heal|p1a: Togekiss|304\/374|[from] item: Leftovers
|turn|5
|callback|decision
|
|move|p2a: Gyarados|Taunt|p1a: Togekiss
|-start|p1a: Togekiss|move: Taunt
|cant|p1a: Togekiss|move: Taunt|Baton Pass
|
|-heal|p2a: Gyarados|369\/369|[from] item: Leftovers
|-heal|p1a: Togekiss|327\/374|[from] item: Leftovers
|turn|6
|callback|decision
|
|switch|p1a: Gyarados|Gyarados, M|351\/351
|-damage|p1a: Gyarados|264\/351|[from] Stealth Rock
|-ability|p1a: Gyarados|Intimidate|[of] p2a: Gyarados
|-unboost|p2a: Gyarados|atk|1
|move|p2a: Gyarados|Waterfall|p1a: Gyarados
|-resisted|p1a: Gyarados
|-damage|p1a: Gyarados|206\/351
|
|turn|7
|callback|decision
|
|switch|p2a: Rotom-Heat|Rotom-Heat|241\/241
|move|p1a: Gyarados|Stone Edge|p2a: Rotom-Heat
|-damage|p2a: Rotom-Heat|126\/241
|
|turn|8
|callback|decision
|
|move|p2a: Rotom-Heat|Thunderbolt|p1a: Gyarados
|-supereffective|p1a: Gyarados
|-damage|p1a: Gyarados|0 fnt
|faint|p1a: Gyarados
|
|callback|decision
|
|switch|p1a: Heatran|Heatran, M|323\/323
|-damage|p1a: Heatran|283\/323|[from] Stealth Rock
|turn|9
|callback|decision
|
|switch|p2a: Blissey|Blissey, F|667\/667
|move|p1a: Heatran|Substitute|p1a: Heatran
|-start|p1a: Heatran|Substitute
|-damage|p1a: Heatran|203\/323
|
|-heal|p1a: Heatran|223\/323|[from] item: Leftovers
|turn|10
|callback|decision
|
|move|p1a: Heatran|Fire Blast|p2a: Blissey
|-damage|p2a: Blissey|550\/667
|move|p2a: Blissey|Seismic Toss|p1a: Heatran
|-end|p1a: Heatran|Substitute
|
|-heal|p1a: Heatran|243\/323|[from] item: Leftovers
|-heal|p2a: Blissey|591\/667|[from] item: Leftovers
|turn|11
|callback|decision
|
|move|p1a: Heatran|Explosion|p2a: Blissey
|-damage|p2a: Blissey|0 fnt
|faint|p2a: Blissey
|faint|p1a: Heatran
|
|callback|decision
|
|switch|p1a: Metagross|Metagross|352\/352
|-damage|p1a: Metagross|330\/352|[from] Stealth Rock
|switch|p2a: Forretress|Forretress, M, shiny|315\/351
|turn|12
|callback|decision
|
|switch|p1a: Togekiss|Togekiss, F|327\/374
|-damage|p1a: Togekiss|234\/374|[from] Stealth Rock
|move|p2a: Forretress|Spikes|p1a: Togekiss
|-sidestart|p1: Coatay|Spikes
|
|-heal|p1a: Togekiss|257\/374|[from] item: Leftovers
|-heal|p2a: Forretress|336\/351|[from] item: Leftovers
|turn|13
|callback|decision
|
|switch|p2a: Swampert|Swampert, F|401\/401
|move|p1a: Togekiss|Nasty Plot|p1a: Togekiss
|-boost|p1a: Togekiss|spa|2
|
|-heal|p1a: Togekiss|280\/374|[from] item: Leftovers
|turn|14
|callback|decision
|
|move|p1a: Togekiss|Air Slash|p2a: Swampert
|-damage|p2a: Swampert|185\/401
|move|p2a: Swampert|Waterfall|p1a: Togekiss
|-damage|p1a: Togekiss|189\/374
|
|-heal|p1a: Togekiss|212\/374|[from] item: Leftovers
|-heal|p2a: Swampert|210\/401|[from] item: Leftovers
|turn|15
|callback|decision
|
|move|p1a: Togekiss|Air Slash|p2a: Swampert
|-damage|p2a: Swampert|3\/401
|move|p2a: Swampert|Waterfall|p1a: Togekiss
|-damage|p1a: Togekiss|71\/374
|
|-heal|p1a: Togekiss|94\/374|[from] item: Leftovers
|-heal|p2a: Swampert|28\/401|[from] item: Leftovers
|turn|16
|callback|decision
|
|move|p1a: Togekiss|Roost|p1a: Togekiss
|-heal|p1a: Togekiss|281\/374
|move|p2a: Swampert|Waterfall|p1a: Togekiss
|-damage|p1a: Togekiss|137\/374
|
|-heal|p1a: Togekiss|160\/374|[from] item: Leftovers
|-heal|p2a: Swampert|53\/401|[from] item: Leftovers
|turn|17
|callback|decision
|
|move|p1a: Togekiss|Roost|p1a: Togekiss
|-heal|p1a: Togekiss|347\/374
|move|p2a: Swampert|Roar|p1a: Togekiss
|drag|p1a: Empoleon|Empoleon, M|310\/310
|-damage|p1a: Empoleon|272\/310|[from] Spikes
|-damage|p1a: Empoleon|253\/310|[from] Stealth Rock
|
|-heal|p2a: Swampert|78\/401|[from] item: Leftovers
|turn|18
|callback|decision
|
|move|p1a: Empoleon|Surf|p2a: Swampert
|-damage|p2a: Swampert|0 fnt
|faint|p2a: Swampert
|
|callback|decision
|
|switch|p2a: Breloom|Breloom, M|261\/261
|turn|19
|callback|decision
|
|move|p2a: Breloom|Spore|p1a: Empoleon
|-status|p1a: Empoleon|slp
|cant|p1a: Empoleon|slp
|
|-activate|p2a: Breloom|item: Toxic Orb
|-status|p2a: Breloom|tox
|turn|20
|callback|decision
|
|switch|p1a: Celebi|Celebi|404\/404
|-damage|p1a: Celebi|354\/404|[from] Spikes
|-damage|p1a: Celebi|304\/404|[from] Stealth Rock
|move|p2a: Breloom|Substitute|p2a: Breloom
|-start|p2a: Breloom|Substitute
|-damage|p2a: Breloom|196\/261 tox
|
|-heal|p1a: Celebi|329\/404|[from] item: Leftovers
|-heal|p2a: Breloom|228\/261 tox|[from] ability: Poison Heal
|turn|21
|callback|decision
|
|-singleturn|p2a: Breloom|move: Focus Punch
|move|p1a: Celebi|Psychic|p2a: Breloom
|-crit|p2a: Breloom
|-supereffective|p2a: Breloom
|-end|p2a: Breloom|Substitute
|move|p2a: Breloom|Focus Punch|p1a: Celebi
|-resisted|p1a: Celebi
|-damage|p1a: Celebi|224\/404
|
|-heal|p1a: Celebi|249\/404|[from] item: Leftovers
|-heal|p2a: Breloom|260\/261 tox|[from] ability: Poison Heal
|turn|22
|callback|decision
|
|switch|p2a: Forretress|Forretress, M, shiny|336\/351
|move|p1a: Celebi|Recover|p1a: Celebi
|-heal|p1a: Celebi|404\/404
|
|-heal|p2a: Forretress|351\/351|[from] item: Leftovers
|turn|23
|callback|decision
|
|move|p1a: Celebi|Heal Bell|p1a: Celebi
|-cureteam|p1a: Celebi|[from] move: HealBell
|move|p2a: Forretress|Spikes|p1a: Celebi
|-sidestart|p1: Coatay|Spikes
|
|turn|24
|callback|decision
|
|switch|p1a: Togekiss|Togekiss, F|347\/374
|-damage|p1a: Togekiss|254\/374|[from] Stealth Rock
|move|p2a: Forretress|Spikes|p1a: Togekiss
|-sidestart|p1: Coatay|Spikes
|
|-heal|p1a: Togekiss|277\/374|[from] item: Leftovers
|turn|25
|callback|decision
|
|move|p1a: Togekiss|Nasty Plot|p1a: Togekiss
|-boost|p1a: Togekiss|spa|2
|move|p2a: Forretress|Explosion|p1a: Togekiss
|-damage|p1a: Togekiss|3\/374
|faint|p2a: Forretress
|
|-heal|p1a: Togekiss|26\/374|[from] item: Leftovers
|callback|decision
|
|switch|p2a: Rotom-Heat|Rotom-Heat|126\/241
|turn|26
|callback|decision
|
|move|p2a: Rotom-Heat|Thunderbolt|p1a: Togekiss
|-supereffective|p1a: Togekiss
|-damage|p1a: Togekiss|0 fnt
|faint|p1a: Togekiss
|
|callback|decision
|
|switch|p1a: Celebi|Celebi|404\/404
|-damage|p1a: Celebi|303\/404|[from] Spikes
|-damage|p1a: Celebi|253\/404|[from] Stealth Rock
|turn|27
|callback|decision
|
|switch|p2a: Gyarados|Gyarados, M|369\/369
|-ability|p2a: Gyarados|Intimidate|[of] p1a: Celebi
|-unboost|p1a: Celebi|atk|1
|move|p1a: Celebi|Recover|p1a: Celebi
|-heal|p1a: Celebi|404\/404
|
|turn|28
|callback|decision
|
|move|p1a: Celebi|Psychic|p2a: Gyarados
|-damage|p2a: Gyarados|257\/369
|move|p2a: Gyarados|Dragon Dance|p2a: Gyarados
|-boost|p2a: Gyarados|atk|1
|-boost|p2a: Gyarados|spe|1
|
|-heal|p2a: Gyarados|280\/369|[from] item: Leftovers
|turn|29
|callback|decision
|
|move|p2a: Gyarados|Bounce|p1a: Celebi|[still]
|-prepare|p2a: Gyarados|Bounce|p1a: Celebi
|move|p1a: Celebi|Leech Seed|p2a: Gyarados|[miss]
|-miss|p1a: Celebi|p2a: Gyarados
|
|-heal|p2a: Gyarados|303\/369|[from] item: Leftovers
|turn|30
|callback|decision
|
|move|p2a: Gyarados|Bounce|p1a: Celebi|[miss]
|-miss|p2a: Gyarados|p1a: Celebi
|move|p1a: Celebi|Leech Seed|p2a: Gyarados
|-start|p2a: Gyarados|move: Leech Seed
|
|-heal|p2a: Gyarados|326\/369|[from] item: Leftovers
|-damage|p2a: Gyarados|280\/369|[from] Leech Seed|[of] p1a: Celebi
|turn|31
|callback|decision
|
|switch|p2a: Breloom|Breloom, M|260\/261 tox
|move|p1a: Celebi|Psychic|p2a: Breloom
|-crit|p2a: Breloom
|-supereffective|p2a: Breloom
|-damage|p2a: Breloom|0 fnt
|faint|p2a: Breloom
|
|callback|decision
|
|switch|p2a: Rotom-Heat|Rotom-Heat|126\/241
|turn|32
|callback|decision
|
|move|p2a: Rotom-Heat|Overheat|p1a: Celebi
|-crit|p1a: Celebi
|-supereffective|p1a: Celebi
|-damage|p1a: Celebi|0 fnt
|-unboost|p2a: Rotom-Heat|spa|2
|faint|p1a: Celebi
|
|callback|decision
|
|switch|p1a: Empoleon|Empoleon, M|253\/310
|-damage|p1a: Empoleon|234\/310|[from] Stealth Rock
|-damage|p1a: Empoleon|157\/310|[from] Spikes
|turn|33
|callback|decision
|
|switch|p2a: Gyarados|Gyarados, M|280\/369
|-ability|p2a: Gyarados|Intimidate|[of] p1a: Empoleon
|-unboost|p1a: Empoleon|atk|1
|move|p1a: Empoleon|Agility|p1a: Empoleon
|-boost|p1a: Empoleon|spe|2
|
|-heal|p2a: Gyarados|303\/369|[from] item: Leftovers
|turn|34
|callback|decision
|
|move|p1a: Empoleon|Grass Knot|p2a: Gyarados
|-damage|p2a: Gyarados|159\/369
|move|p2a: Gyarados|Dragon Dance|p2a: Gyarados
|-boost|p2a: Gyarados|atk|1
|-boost|p2a: Gyarados|spe|1
|
|-heal|p2a: Gyarados|182\/369|[from] item: Leftovers
|turn|35
|callback|decision
|
|move|p1a: Empoleon|Substitute|p1a: Empoleon
|-start|p1a: Empoleon|Substitute
|-damage|p1a: Empoleon|80\/310
|move|p2a: Gyarados|Waterfall|p1a: Empoleon
|-resisted|p1a: Empoleon
|-end|p1a: Empoleon|Substitute
|
|-heal|p2a: Gyarados|205\/369|[from] item: Leftovers
|turn|36
|callback|decision
|
|move|p1a: Empoleon|Substitute|p1a: Empoleon
|-start|p1a: Empoleon|Substitute
|-damage|p1a: Empoleon|3\/310
|-enditem|p1a: Empoleon|Petaya Berry|[eat]
|-boost|p1a: Empoleon|spa|1|[from] item: Petaya Berry
|move|p2a: Gyarados|Waterfall|p1a: Empoleon
|-resisted|p1a: Empoleon
|-end|p1a: Empoleon|Substitute
|
|-heal|p2a: Gyarados|228\/369|[from] item: Leftovers
|turn|37
|callback|decision
|
|move|p1a: Empoleon|Grass Knot|p2a: Gyarados
|-damage|p2a: Gyarados|17\/369
|move|p2a: Gyarados|Waterfall|p1a: Empoleon
|-resisted|p1a: Empoleon
|-damage|p1a: Empoleon|0 fnt
|faint|p1a: Empoleon
|
|-heal|p2a: Gyarados|40\/369|[from] item: Leftovers
|callback|decision
|
|switch|p1a: Metagross|Metagross|330\/352
|-damage|p1a: Metagross|308\/352|[from] Stealth Rock
|-damage|p1a: Metagross|220\/352|[from] Spikes
|turn|38
|callback|decision
|
|move|p2a: Gyarados|Waterfall|p1a: Metagross
|-damage|p1a: Metagross|70\/352
|move|p1a: Metagross|Meteor Mash|p2a: Gyarados
|-resisted|p2a: Gyarados
|-damage|p2a: Gyarados|0 fnt
|faint|p2a: Gyarados
|
|-heal|p1a: Metagross|92\/352|[from] item: Leftovers
|callback|decision
|
|switch|p2a: Rotom-Heat|Rotom-Heat|126\/241
|turn|39
|callback|decision
|
|move|p2a: Rotom-Heat|Overheat|p1a: Metagross
|-supereffective|p1a: Metagross
|-damage|p1a: Metagross|0 fnt
|-unboost|p2a: Rotom-Heat|spa|2
|faint|p1a: Metagross
|
|win|SH9
|raw|Ladder updating...
|raw|Coatay's rating: 1647 &rarr; <strong>1639<\/strong><br \/>(-8 for losing)
|raw|SH9's rating: 1908 &rarr; <strong>1911<\/strong><br \/>(+3 for winning)
|chat|SH9|gg
|leave|Coatay
|player|p1