|join|LT7A HeIIraiser
|join|Coatay
|player|p1|LT7A HeIIraiser|169
|player|p2|Coatay|169
|gametype|singles
|gen|6
|tier|OU
|rated
|clearpoke
|poke|p1|Tyranitar, M
|poke|p1|Excadrill, F
|poke|p1|Greninja, F
|poke|p1|Talonflame, F
|poke|p1|Pinsir, F
|poke|p1|Dragonite, F
|poke|p2|Politoed, M
|poke|p2|Claydol
|poke|p2|Manaphy, shiny
|poke|p2|Amoonguss, F
|poke|p2|Kabutops, F
|poke|p2|Scizor, F
|rule|Swagger Clause: Swagger is banned
|rule|Baton Pass Clause: Limit one PokÃ©mon knowing Baton Pass
|rule|Sleep Clause Mod: Limit one foe put to sleep
|rule|Species Clause: Limit one of each PokÃ©mon
|rule|OHKO Clause: OHKO moves are banned
|rule|Moody Clause: Moody is banned
|rule|Evasion Moves Clause: Evasion moves are banned
|rule|Endless Battle Clause: Forcing endless battles is banned
|rule|HP Percentage Mod: HP is shown in percentages
|teampreview
|
|start
|switch|p1a: Talonflame|Talonflame, F|297\/297
|switch|p2a: Claydol|Claydol|324\/324
|turn|1
|
|move|p1a: Talonflame|Brave Bird|p2a: Claydol
|-damage|p2a: Claydol|138\/324
|-damage|p1a: Talonflame|236\/297|[from] recoil|[of] p2a: Claydol
|move|p2a: Claydol|Stealth Rock|p1a: Talonflame
|-sidestart|p1: LT7A HeIIraiser|move: Stealth Rock
|
|-heal|p2a: Claydol|158\/324|[from] item: Leftovers
|turn|2
|
|switch|p2a: Politoed|Politoed, M|384\/384
|-weather|RainDance
|move|p1a: Talonflame|Brave Bird|p2a: Politoed
|-damage|p2a: Politoed|147\/384
|-damage|p1a: Talonflame|158\/297|[from] recoil|[of] p2a: Politoed
|
|-weather|RainDance|[upkeep]
|turn|3
|
|switch|p2a: Claydol|Claydol|158\/324
|move|p1a: Talonflame|Brave Bird|p2a: Claydol
|-damage|p2a: Claydol|0 fnt
|-damage|p1a: Talonflame|106\/297|[from] recoil|[of] p2a: Claydol
|faint|p2a: Claydol
|
|-weather|RainDance|[upkeep]
|
|switch|p2a: Kabutops|Kabutops, F|262\/262
|turn|4
|
|switch|p1a: Dragonite|Dragonite, F|323\/323
|-damage|p1a: Dragonite|243\/323|[from] Stealth Rock
|move|p2a: Kabutops|Aqua Jet|p1a: Dragonite
|-resisted|p1a: Dragonite
|-damage|p1a: Dragonite|169\/323
|-damage|p2a: Kabutops|236\/262|[from] item: Life Orb
|
|-weather|RainDance|[upkeep]
|turn|5
|
|switch|p2a: Scizor|Scizor, F|344\/344
|move|p1a: Dragonite|Extreme Speed|p2a: Scizor
|-crit|p2a: Scizor
|-resisted|p2a: Scizor
|-damage|p2a: Scizor|215\/344
|
|-weather|RainDance|[upkeep]
|turn|6
|
|switch|p1a: Glorioso Xicao|Excadrill, F|361\/361
|-damage|p1a: Glorioso Xicao|350\/361|[from] Stealth Rock
|detailschange|p2a: Scizor|Scizor-Mega, F
|message|Scizor has Mega Evolved into Mega Scizor!
|move|p2a: Scizor|Superpower|p1a: Glorioso Xicao
|-supereffective|p1a: Glorioso Xicao
|-damage|p1a: Glorioso Xicao|0 fnt
|-unboost|p2a: Scizor|atk|1
|-unboost|p2a: Scizor|def|1
|faint|p1a: Glorioso Xicao
|
|-weather|RainDance|[upkeep]
|
|switch|p1a: Pinsir|Pinsir, F|271\/271
|-damage|p1a: Pinsir|204\/271|[from] Stealth Rock
|turn|7
|
|switch|p2a: Amoonguss|Amoonguss, F|432\/432
|detailschange|p1a: Pinsir|Pinsir-Mega, F
|message|Pinsir has Mega Evolved into Mega Pinsir!
|move|p1a: Pinsir|Swords Dance|p1a: Pinsir
|-boost|p1a: Pinsir|atk|2
|
|-weather|RainDance|[upkeep]
|turn|8
|
|move|p1a: Pinsir|Return|p2a: Amoonguss
|-supereffective|p2a: Amoonguss
|-damage|p2a: Amoonguss|0 fnt
|faint|p2a: Amoonguss
|
|-weather|RainDance|[upkeep]
|
|switch|p2a: Kabutops|Kabutops, F|236\/262
|turn|9
|join|LT7A Enki
|
|move|p1a: Pinsir|Quick Attack|p2a: Kabutops
|-resisted|p2a: Kabutops
|-damage|p2a: Kabutops|137\/262
|move|p2a: Kabutops|Waterfall|p1a: Pinsir
|-damage|p1a: Pinsir|0 fnt
|-damage|p2a: Kabutops|111\/262|[from] item: Life Orb
|faint|p1a: Pinsir
|
|-weather|none
|
|switch|p1a: Greninja|Greninja, F|286\/286
|-damage|p1a: Greninja|251\/286|[from] Stealth Rock
|turn|10
|join|LT7Z LoomMyHomie
|
|move|p2a: Kabutops|Aqua Jet|p1a: Greninja
|-resisted|p1a: Greninja
|-damage|p1a: Greninja|186\/286
|-damage|p2a: Kabutops|85\/262|[from] item: Life Orb
|move|p1a: Greninja|Hydro Pump|p2a: Kabutops
|-start|p1a: Greninja|typechange|Water|[from] Protean
|-damage|p2a: Kabutops|0 fnt
|-damage|p1a: Greninja|158\/286|[from] item: Life Orb
|faint|p2a: Kabutops
|
|join|LT7A BitBomber
|
|switch|p2a: Manaphy|Manaphy, shiny|404\/404
|turn|11
|
|move|p1a: Greninja|Hidden Power|p2a: Manaphy
|-start|p1a: Greninja|typechange|Grass|[from] Protean
|-supereffective|p2a: Manaphy
|-damage|p2a: Manaphy|170\/404
|-damage|p1a: Greninja|130\/286|[from] item: Life Orb
|move|p2a: Manaphy|Surf|p1a: Greninja
|-resisted|p1a: Greninja
|-damage|p1a: Greninja|52\/286
|
|-heal|p2a: Manaphy|195\/404|[from] item: Leftovers
|turn|12
|
|switch|p2a: Politoed|Politoed, M|147\/384
|-weather|RainDance
|move|p1a: Greninja|Hidden Power|p2a: Politoed
|-supereffective|p2a: Politoed
|-damage|p2a: Politoed|0 fnt
|-damage|p1a: Greninja|24\/286|[from] item: Life Orb
|faint|p2a: Politoed
|
|-weather|RainDance|[upkeep]
|
|switch|p2a: Scizor|Scizor-Mega, F|215\/344
|turn|13
|
|move|p2a: Scizor|Bullet Punch|p1a: Greninja
|-damage|p1a: Greninja|0 fnt
|faint|p1a: Greninja
|
|-weather|RainDance|[upkeep]
|
|switch|p1a: Bowser|Tyranitar, M|404\/404
|-damage|p1a: Bowser|354\/404|[from] Stealth Rock
|-weather|Sandstorm
|turn|14
|
|move|p2a: Scizor|Superpower|p1a: Bowser
|-crit|p1a: Bowser
|-supereffective|p1a: Bowser
|-damage|p1a: Bowser|0 fnt
|-unboost|p2a: Scizor|atk|1
|-unboost|p2a: Scizor|def|1
|faint|p1a: Bowser
|
|-weather|Sandstorm|[upkeep]
|
|switch|p1a: Dragonite|Dragonite, F|169\/323
|-damage|p1a: Dragonite|89\/323|[from] Stealth Rock
|turn|15
|join|DatJoint
|
|switch|p2a: Manaphy|Manaphy, shiny|195\/404
|move|p1a: Dragonite|Extreme Speed|p2a: Manaphy
|-damage|p2a: Manaphy|26\/404
|
|-weather|Sandstorm|[upkeep]
|-damage|p2a: Manaphy|1\/404|[from] sandstorm
|-damage|p1a: Dragonite|69\/323|[from] sandstorm
|-heal|p2a: Manaphy|26\/404|[from] item: Leftovers
|turn|16
|
|move|p1a: Dragonite|Extreme Speed|p2a: Manaphy
|-damage|p2a: Manaphy|0 fnt
|faint|p2a: Manaphy
|
|-weather|Sandstorm|[upkeep]
|-damage|p1a: Dragonite|49\/323|[from] sandstorm
|c|âCoatay|gggggg
|
|switch|p2a: Scizor|Scizor-Mega, F|215\/344
|turn|17
|
|move|p1a: Dragonite|Extreme Speed|p2a: Scizor
|-crit|p2a: Scizor
|-resisted|p2a: Scizor
|-damage|p2a: Scizor|125\/344
|move|p2a: Scizor|Bullet Punch|p1a: Dragonite
|-damage|p1a: Dragonite|0 fnt
|faint|p1a: Dragonite
|
|-weather|Sandstorm|[upkeep]
|
|switch|p1a: Talonflame|Talonflame, F|106\/297
|-damage|p1a: Talonflame|0 fnt|[from] Stealth Rock
|faint|p1a: Talonflame
|
|win|Coatay
|raw|Ladder updating...
|raw|LT7A HeIIraiser's rating: 1874 &rarr; <strong>1846<\/strong><br \/>(-28 for losing)
|raw|Coatay's rating: 1712 &rarr; <strong>1741<\/strong><br \/>(+29 for winning)