|join|Coatay
|join|goonsville
|player|p1|Coatay|265
|player|p2|goonsville|170
|gametype|singles
|tier|OU
|rated
|rule|Evasion Abilities Clause: Evasion abilities are banned
|clearpoke
|poke|p1|Crobat, M
|poke|p1|Breloom, M
|poke|p1|Terrakion
|poke|p1|Ferrothorn, M
|poke|p1|Rotom-Wash
|poke|p1|Dragonite, F
|poke|p2|Bronzong
|poke|p2|Tentacruel, M
|poke|p2|Politoed, M
|poke|p2|Jirachi
|poke|p2|Ferrothorn, M
|poke|p2|Gliscor, F
|rule|Sleep Clause: Limit one foe put to sleep
|rule|Species Clause: Limit one of each Pokemon
|rule|OHKO Clause: OHKO moves are banned
|rule|Moody Clause: Moody is banned
|rule|Evasion Moves Clause: Evasion moves are banned
|teampreview
|callback|decision
|
|start
|switch|p1a: Rotom-W|Rotom-Wash|242\/242
|switch|p2a: Gliscor|Gliscor, F|354\/354
|turn|1
|callback|decision
|join|sleptwither
|
|move|p2a: Gliscor|Protect|p2a: Gliscor
|-singleturn|p2a: Gliscor|Protect
|move|p1a: Rotom-W|Hydro Pump|p2a: Gliscor
|-activate|p2a: Gliscor|Protect
|
|-activate|p2a: Gliscor|item: Toxic Orb
|-status|p2a: Gliscor|tox
|turn|2
|callback|decision
|
|switch|p2a: Tentacruel|Tentacruel, M|364\/364
|move|p1a: Rotom-W|Hydro Pump|p2a: Tentacruel
|-resisted|p2a: Tentacruel
|-damage|p2a: Tentacruel|287\/364
|
|-heal|p2a: Tentacruel|309\/364|[from] item: Black Sludge
|turn|3
|callback|decision
|
|move|p1a: Rotom-W|Volt Switch|p2a: Tentacruel
|-supereffective|p2a: Tentacruel
|-damage|p2a: Tentacruel|111\/364
|callback|decision
|
|switch|p1a: Ferrothorn|Ferrothorn, M|352\/352
|move|p2a: Tentacruel|Toxic|p1a: Ferrothorn
|
|-heal|p2a: Tentacruel|133\/364|[from] item: Black Sludge
|turn|4
|callback|decision
|
|move|p2a: Tentacruel|Scald|p1a: Ferrothorn
|-resisted|p1a: Ferrothorn
|-damage|p1a: Ferrothorn|325\/352
|move|p1a: Ferrothorn|Stealth Rock|p2a: Tentacruel
|-sidestart|p2: goonsville|move: Stealth Rock
|
|-heal|p2a: Tentacruel|155\/364|[from] item: Black Sludge
|-heal|p1a: Ferrothorn|347\/352|[from] item: Leftovers
|turn|5
|callback|decision
|
|move|p2a: Tentacruel|Scald|p1a: Ferrothorn
|-resisted|p1a: Ferrothorn
|-damage|p1a: Ferrothorn|317\/352
|-status|p1a: Ferrothorn|brn
|move|p1a: Ferrothorn|Power Whip|p2a: Tentacruel
|-damage|p2a: Tentacruel|88\/364
|
|-heal|p2a: Tentacruel|110\/364|[from] item: Black Sludge
|-heal|p1a: Ferrothorn|339\/352 brn|[from] item: Leftovers
|-damage|p1a: Ferrothorn|295\/352 brn|[from] brn
|turn|6
|callback|decision
|
|move|p2a: Tentacruel|Protect|p2a: Tentacruel
|-singleturn|p2a: Tentacruel|Protect
|move|p1a: Ferrothorn|Thunder Wave|p2a: Tentacruel
|-activate|p2a: Tentacruel|Protect
|
|-heal|p2a: Tentacruel|132\/364|[from] item: Black Sludge
|-heal|p1a: Ferrothorn|317\/352 brn|[from] item: Leftovers
|-damage|p1a: Ferrothorn|273\/352 brn|[from] brn
|turn|7
|callback|decision
|
|switch|p2a: Ferrothorn|Ferrothorn, M|352\/352
|-damage|p2a: Ferrothorn|330\/352|[from] Stealth Rock
|move|p1a: Ferrothorn|Thunder Wave|p2a: Ferrothorn
|-status|p2a: Ferrothorn|par
|
|-heal|p1a: Ferrothorn|295\/352 brn|[from] item: Leftovers
|-heal|p2a: Ferrothorn|352\/352 par|[from] item: Leftovers
|-damage|p1a: Ferrothorn|251\/352 brn|[from] brn
|turn|8
|callback|decision
|
|switch|p1a: Rotom-W|Rotom-Wash|242\/242
|move|p2a: Ferrothorn|Spikes|p1a: Rotom-W
|-sidestart|p1: Coatay|Spikes
|
|turn|9
|callback|decision
|
|move|p1a: Rotom-W|Hidden Power|p2a: Ferrothorn
|-supereffective|p2a: Ferrothorn
|-damage|p2a: Ferrothorn|92\/352 par
|move|p2a: Ferrothorn|Leech Seed|p1a: Rotom-W
|-start|p1a: Rotom-W|move: Leech Seed
|
|-heal|p2a: Ferrothorn|114\/352 par|[from] item: Leftovers
|-damage|p1a: Rotom-W|212\/242|[from] Leech Seed|[of] p2a: Ferrothorn
|-heal|p2a: Ferrothorn|144\/352 par|[silent]
|turn|10
|callback|decision
|
|switch|p2a: Tentacruel|Tentacruel, M|132\/364
|-damage|p2a: Tentacruel|87\/364|[from] Stealth Rock
|move|p1a: Rotom-W|Hidden Power|p2a: Tentacruel
|-resisted|p2a: Tentacruel
|-damage|p2a: Tentacruel|59\/364
|
|-heal|p1a: Rotom-W|227\/242|[from] item: Leftovers
|-heal|p2a: Tentacruel|81\/364|[from] item: Black Sludge
|-damage|p1a: Rotom-W|197\/242|[from] Leech Seed|[of] p2a: Tentacruel
|-heal|p2a: Tentacruel|111\/364|[silent]
|turn|11
|callback|decision
|
|switch|p1a: Crobat|Crobat, M|374\/374
|move|p2a: Tentacruel|Rapid Spin|p1a: Crobat
|-damage|p1a: Crobat|360\/374
|-sideend|p2: goonsville|Stealth Rock|[from] move: Rapid Spin|[of] p2a: Tentacruel
|
|-heal|p1a: Crobat|374\/374|[from] item: Black Sludge
|-heal|p2a: Tentacruel|133\/364|[from] item: Black Sludge
|turn|12
|callback|decision
|
|switch|p2a: Bronzong|Bronzong|338\/338
|move|p1a: Crobat|Brave Bird|p2a: Bronzong
|-resisted|p2a: Bronzong
|-damage|p2a: Bronzong|293\/338
|-damage|p1a: Crobat|359\/374|[from] recoil|[of] p2a: Bronzong
|
|-heal|p1a: Crobat|374\/374|[from] item: Black Sludge
|-heal|p2a: Bronzong|314\/338|[from] item: Leftovers
|turn|13
|callback|decision
|
|move|p1a: Crobat|Taunt|p2a: Bronzong
|-start|p2a: Bronzong|move: Taunt
|cant|p2a: Bronzong|move: Taunt|Stealth Rock
|
|-heal|p2a: Bronzong|335\/338|[from] item: Leftovers
|turn|14
|callback|decision
|
|switch|p1a: Ferrothorn|Ferrothorn, M|251\/352 brn
|-damage|p1a: Ferrothorn|207\/352 brn|[from] Spikes
|switch|p2a: Politoed|Politoed, M|384\/384
|-weather|RainDance|[from] ability: Drizzle|[of] p2a: Politoed
|
|-weather|RainDance|[upkeep]
|-heal|p1a: Ferrothorn|229\/352 brn|[from] item: Leftovers
|-damage|p1a: Ferrothorn|185\/352 brn|[from] brn
|turn|15
|callback|decision
|
|move|p2a: Politoed|Protect|p2a: Politoed
|-singleturn|p2a: Politoed|Protect
|move|p1a: Ferrothorn|Stealth Rock|p2a: Politoed
|-sidestart|p2: goonsville|move: Stealth Rock
|
|-weather|RainDance|[upkeep]
|-heal|p1a: Ferrothorn|207\/352 brn|[from] item: Leftovers
|-damage|p1a: Ferrothorn|163\/352 brn|[from] brn
|turn|16
|callback|decision
|
|switch|p2a: Bronzong|Bronzong|335\/338
|-damage|p2a: Bronzong|314\/338|[from] Stealth Rock
|move|p1a: Ferrothorn|Leech Seed|p2a: Bronzong
|-start|p2a: Bronzong|move: Leech Seed
|
|-weather|RainDance|[upkeep]
|-heal|p1a: Ferrothorn|185\/352 brn|[from] item: Leftovers
|-heal|p2a: Bronzong|335\/338|[from] item: Leftovers
|-damage|p2a: Bronzong|293\/338|[from] Leech Seed|[of] p1a: Ferrothorn
|-heal|p1a: Ferrothorn|227\/352 brn|[silent]
|-damage|p1a: Ferrothorn|183\/352 brn|[from] brn
|turn|17
|callback|decision
|
|switch|p1a: Dragonite|Dragonite, F|368\/368
|switch|p2a: Ferrothorn|Ferrothorn, M|144\/352 par
|-damage|p2a: Ferrothorn|122\/352 par|[from] Stealth Rock
|
|-weather|RainDance|[upkeep]
|-heal|p2a: Ferrothorn|144\/352 par|[from] item: Leftovers
|turn|18
|callback|decision
|
|move|p2a: Ferrothorn|Protect|p2a: Ferrothorn
|-singleturn|p2a: Ferrothorn|Protect
|move|p1a: Dragonite|Earthquake|p2a: Ferrothorn
|-activate|p2a: Ferrothorn|Protect
|
|-weather|RainDance|[upkeep]
|-heal|p2a: Ferrothorn|166\/352 par|[from] item: Leftovers
|turn|19
|callback|decision
|
|switch|p2a: Bronzong|Bronzong|293\/338
|-damage|p2a: Bronzong|272\/338|[from] Stealth Rock
|move|p1a: Dragonite|Earthquake|p2a: Bronzong
|-immune|p2a: Bronzong|[msg]
|
|-weather|RainDance|[upkeep]
|-heal|p2a: Bronzong|293\/338|[from] item: Leftovers
|turn|20
|callback|decision
|
|switch|p1a: Rotom-W|Rotom-Wash|197\/242
|move|p2a: Bronzong|Stealth Rock|p1a: Rotom-W
|-sidestart|p1: Coatay|move: Stealth Rock
|
|-weather|RainDance|[upkeep]
|-heal|p1a: Rotom-W|212\/242|[from] item: Leftovers
|-heal|p2a: Bronzong|314\/338|[from] item: Leftovers
|turn|21
|callback|decision
|
|move|p1a: Rotom-W|Hydro Pump|p2a: Bronzong
|-damage|p2a: Bronzong|73\/338
|move|p2a: Bronzong|Toxic|p1a: Rotom-W
|-status|p1a: Rotom-W|tox
|
|-weather|RainDance|[upkeep]
|-heal|p1a: Rotom-W|227\/242 tox|[from] item: Leftovers
|-heal|p2a: Bronzong|94\/338|[from] item: Leftovers
|-damage|p1a: Rotom-W|212\/242 tox|[from] psn
|turn|22
|callback|decision
|leave|sleptwither
|
|switch|p2a: Jirachi|Jirachi|404\/404
|-damage|p2a: Jirachi|379\/404|[from] Stealth Rock
|move|p1a: Rotom-W|Hydro Pump|p2a: Jirachi|[miss]
|-miss|p1a: Rotom-W|p2a: Jirachi
|
|-weather|RainDance|[upkeep]
|-heal|p1a: Rotom-W|227\/242 tox|[from] item: Leftovers
|-heal|p2a: Jirachi|404\/404|[from] item: Leftovers
|-damage|p1a: Rotom-W|197\/242 tox|[from] psn
|turn|23
|callback|decision
|
|move|p2a: Jirachi|Protect|p2a: Jirachi
|-singleturn|p2a: Jirachi|Protect
|move|p1a: Rotom-W|Hydro Pump|p2a: Jirachi
|-activate|p2a: Jirachi|Protect
|
|-weather|RainDance|[upkeep]
|-heal|p1a: Rotom-W|212\/242 tox|[from] item: Leftovers
|-damage|p1a: Rotom-W|167\/242 tox|[from] psn
|turn|24
|callback|decision
|
|move|p1a: Rotom-W|Hydro Pump|p2a: Jirachi
|-damage|p2a: Jirachi|218\/404
|move|p2a: Jirachi|Wish|p2a: Jirachi
|
|-weather|RainDance|[upkeep]
|-heal|p1a: Rotom-W|182\/242 tox|[from] item: Leftovers
|-heal|p2a: Jirachi|243\/404|[from] item: Leftovers
|-damage|p1a: Rotom-W|122\/242 tox|[from] psn
|turn|25
|callback|decision
|
|move|p1a: Rotom-W|Volt Switch|p2a: Jirachi
|-damage|p2a: Jirachi|165\/404
|callback|decision
|
|switch|p1a: Ferrothorn|Ferrothorn, M|183\/352 brn
|-damage|p1a: Ferrothorn|139\/352 brn|[from] Spikes
|-damage|p1a: Ferrothorn|117\/352 brn|[from] Stealth Rock
|move|p2a: Jirachi|Thunder|p1a: Ferrothorn
|-resisted|p1a: Ferrothorn
|-damage|p1a: Ferrothorn|84\/352 brn
|
|-weather|RainDance|[upkeep]
|-heal|p2a: Jirachi|367\/404|[from] move: Wish|[wisher] Jirachi
|-heal|p2a: Jirachi|392\/404|[from] item: Leftovers
|-heal|p1a: Ferrothorn|106\/352 brn|[from] item: Leftovers
|-damage|p1a: Ferrothorn|62\/352 brn|[from] brn
|turn|26
|callback|decision
|
|move|p2a: Jirachi|Protect|p2a: Jirachi
|-singleturn|p2a: Jirachi|Protect
|move|p1a: Ferrothorn|Leech Seed|p2a: Jirachi
|-activate|p2a: Jirachi|Protect
|
|-weather|RainDance|[upkeep]
|-heal|p2a: Jirachi|404\/404|[from] item: Leftovers
|-heal|p1a: Ferrothorn|84\/352 brn|[from] item: Leftovers
|-damage|p1a: Ferrothorn|40\/352 brn|[from] brn
|turn|27
|callback|decision
|
|switch|p2a: Tentacruel|Tentacruel, M|133\/364
|-damage|p2a: Tentacruel|88\/364|[from] Stealth Rock
|move|p1a: Ferrothorn|Leech Seed|p2a: Tentacruel
|-start|p2a: Tentacruel|move: Leech Seed
|
|-weather|RainDance|[upkeep]
|-heal|p2a: Tentacruel|110\/364|[from] item: Black Sludge
|-heal|p1a: Ferrothorn|62\/352 brn|[from] item: Leftovers
|-damage|p2a: Tentacruel|65\/364|[from] Leech Seed|[of] p1a: Ferrothorn
|-damage|p1a: Ferrothorn|17\/352 brn|[from] ability: Liquid Ooze|[of] p2a: Tentacruel
|-damage|p1a: Ferrothorn|0 fnt|[from] brn
|faint|p1a: Ferrothorn
|callback|decision
|
|switch|p1a: Crobat|Crobat, M|374\/374
|-damage|p1a: Crobat|281\/374|[from] Stealth Rock
|turn|28
|callback|decision
|
|switch|p2a: Politoed|Politoed, M|384\/384
|-damage|p2a: Politoed|336\/384|[from] Stealth Rock
|move|p1a: Crobat|Brave Bird|p2a: Politoed
|-damage|p2a: Politoed|228\/384
|-damage|p1a: Crobat|245\/374|[from] recoil|[of] p2a: Politoed
|
|-weather|RainDance|[upkeep]
|-heal|p1a: Crobat|268\/374|[from] item: Black Sludge
|-heal|p2a: Politoed|252\/384|[from] item: Leftovers
|turn|29
|callback|decision
|
|move|p1a: Crobat|Brave Bird|p2a: Politoed
|-damage|p2a: Politoed|147\/384
|-damage|p1a: Crobat|233\/374|[from] recoil|[of] p2a: Politoed
|move|p2a: Politoed|Scald|p1a: Crobat
|-damage|p1a: Crobat|83\/374
|
|-weather|RainDance|[upkeep]
|-heal|p1a: Crobat|106\/374|[from] item: Black Sludge
|-heal|p2a: Politoed|171\/384|[from] item: Leftovers
|turn|30
|callback|decision
|
|move|p2a: Politoed|Protect|p2a: Politoed
|-singleturn|p2a: Politoed|Protect
|move|p1a: Crobat|Brave Bird|p2a: Politoed
|-activate|p2a: Politoed|Protect
|
|-weather|RainDance|[upkeep]
|-heal|p1a: Crobat|129\/374|[from] item: Black Sludge
|-heal|p2a: Politoed|195\/384|[from] item: Leftovers
|turn|31
|callback|decision
|
|switch|p2a: Ferrothorn|Ferrothorn, M|166\/352 par
|-damage|p2a: Ferrothorn|144\/352 par|[from] Stealth Rock
|move|p1a: Crobat|Brave Bird|p2a: Ferrothorn
|-damage|p2a: Ferrothorn|69\/352 par
|-damage|p1a: Crobat|104\/374|[from] recoil|[of] p2a: Ferrothorn
|-damage|p1a: Crobat|58\/374|[from] ability: Iron Barbs|[of] p2a: Ferrothorn
|
|-weather|RainDance|[upkeep]
|-heal|p1a: Crobat|81\/374|[from] item: Black Sludge
|-heal|p2a: Ferrothorn|91\/352 par|[from] item: Leftovers
|turn|32
|callback|decision
|
|move|p2a: Ferrothorn|Protect|p2a: Ferrothorn
|-singleturn|p2a: Ferrothorn|Protect
|move|p1a: Crobat|Confuse Ray|p2a: Ferrothorn
|-activate|p2a: Ferrothorn|Protect
|
|-weather|RainDance|[upkeep]
|-heal|p1a: Crobat|104\/374|[from] item: Black Sludge
|-heal|p2a: Ferrothorn|113\/352 par|[from] item: Leftovers
|turn|33
|callback|decision
|
|switch|p2a: Politoed|Politoed, M|195\/384
|-damage|p2a: Politoed|147\/384|[from] Stealth Rock
|move|p1a: Crobat|Taunt|p2a: Politoed
|-start|p2a: Politoed|move: Taunt
|
|-weather|RainDance|[upkeep]
|-heal|p1a: Crobat|127\/374|[from] item: Black Sludge
|-heal|p2a: Politoed|171\/384|[from] item: Leftovers
|turn|34
|callback|decision
|
|move|p1a: Crobat|Brave Bird|p2a: Politoed
|-damage|p2a: Politoed|50\/384
|-damage|p1a: Crobat|87\/374|[from] recoil|[of] p2a: Politoed
|move|p2a: Politoed|Scald|p1a: Crobat
|-damage|p1a: Crobat|0 fnt
|faint|p1a: Crobat
|
|-weather|RainDance|[upkeep]
|-heal|p2a: Politoed|74\/384|[from] item: Leftovers
|callback|decision
|
|switch|p1a: Breloom|Breloom, M|262\/262
|-damage|p1a: Breloom|230\/262|[from] Spikes
|-damage|p1a: Breloom|214\/262|[from] Stealth Rock
|turn|35
|callback|decision
|
|switch|p2a: Gliscor|Gliscor, F|354\/354 tox
|-damage|p2a: Gliscor|310\/354 tox|[from] Stealth Rock
|move|p1a: Breloom|Mach Punch|p2a: Gliscor
|-resisted|p2a: Gliscor
|-damage|p2a: Gliscor|274\/354 tox
|
|-weather|RainDance|[upkeep]
|-heal|p1a: Breloom|230\/262|[from] item: Leftovers
|-heal|p2a: Gliscor|318\/354 tox|[from] ability: Poison Heal
|turn|36
|callback|decision
|
|move|p2a: Gliscor|Taunt|p1a: Breloom
|-start|p1a: Breloom|move: Taunt
|cant|p1a: Breloom|move: Taunt|Swords Dance
|
|-weather|RainDance|[upkeep]
|-heal|p1a: Breloom|246\/262|[from] item: Leftovers
|-heal|p2a: Gliscor|354\/354 tox|[from] ability: Poison Heal
|turn|37
|callback|decision
|
|switch|p1a: Rotom-W|Rotom-Wash|122\/242 tox
|-damage|p1a: Rotom-W|92\/242 tox|[from] Stealth Rock
|move|p2a: Gliscor|Toxic|p1a: Rotom-W
|-fail|p1a: Rotom-W|tox
|
|-weather|RainDance|[upkeep]
|-heal|p1a: Rotom-W|107\/242 tox|[from] item: Leftovers
|-damage|p1a: Rotom-W|92\/242 tox|[from] psn
|turn|38
|callback|decision
|
|move|p2a: Gliscor|Protect|p2a: Gliscor
|-singleturn|p2a: Gliscor|Protect
|move|p1a: Rotom-W|Volt Switch|p2a: Gliscor
|-immune|p2a: Gliscor|[msg]
|
|-weather|RainDance|[upkeep]
|-heal|p1a: Rotom-W|107\/242 tox|[from] item: Leftovers
|-damage|p1a: Rotom-W|77\/242 tox|[from] psn
|turn|39
|callback|decision
|
|switch|p2a: Jirachi|Jirachi|404\/404
|-damage|p2a: Jirachi|379\/404|[from] Stealth Rock
|move|p1a: Rotom-W|Hydro Pump|p2a: Jirachi
|-damage|p2a: Jirachi|175\/404
|
|-weather|RainDance|[upkeep]
|-heal|p1a: Rotom-W|92\/242 tox|[from] item: Leftovers
|-heal|p2a: Jirachi|200\/404|[from] item: Leftovers
|-damage|p1a: Rotom-W|47\/242 tox|[from] psn
|turn|40
|callback|decision
|
|move|p2a: Jirachi|Protect|p2a: Jirachi
|-singleturn|p2a: Jirachi|Protect
|move|p1a: Rotom-W|Hydro Pump|p2a: Jirachi
|-activate|p2a: Jirachi|Protect
|
|-weather|RainDance|[upkeep]
|-heal|p1a: Rotom-W|62\/242 tox|[from] item: Leftovers
|-heal|p2a: Jirachi|225\/404|[from] item: Leftovers
|-damage|p1a: Rotom-W|2\/242 tox|[from] psn
|turn|41
|callback|decision
|
|switch|p2a: Tentacruel|Tentacruel, M|65\/364
|-damage|p2a: Tentacruel|20\/364|[from] Stealth Rock
|move|p1a: Rotom-W|Volt Switch|p2a: Tentacruel
|-supereffective|p2a: Tentacruel
|-damage|p2a: Tentacruel|0 fnt
|faint|p2a: Tentacruel
|callback|decision
|
|switch|p1a: Terrakion|Terrakion|323\/323
|-damage|p1a: Terrakion|303\/323|[from] Stealth Rock
|-damage|p1a: Terrakion|263\/323|[from] Spikes
|
|-weather|RainDance|[upkeep]
|callback|decision
|
|switch|p2a: Gliscor|Gliscor, F|354\/354 tox
|-damage|p2a: Gliscor|310\/354 tox|[from] Stealth Rock
|turn|42
|callback|decision
|
|switch|p1a: Rotom-W|Rotom-Wash|2\/242 tox
|-damage|p1a: Rotom-W|0 fnt|[from] Stealth Rock
|faint|p1a: Rotom-W
|move|p2a: Gliscor|Earthquake|p1: Rotom-W|[notarget]
|-notarget
|
|-weather|RainDance|[upkeep]
|-heal|p2a: Gliscor|354\/354 tox|[from] ability: Poison Heal
|callback|decision
|
|switch|p1a: Breloom|Breloom, M|246\/262
|-damage|p1a: Breloom|230\/262|[from] Stealth Rock
|-damage|p1a: Breloom|198\/262|[from] Spikes
|turn|43
|callback|decision
|
|move|p2a: Gliscor|Taunt|p1a: Breloom
|-start|p1a: Breloom|move: Taunt
|move|p1a: Breloom|Bullet Seed|p2a: Gliscor
|-damage|p2a: Gliscor|305\/354 tox
|-damage|p2a: Gliscor|259\/354 tox
|-damage|p2a: Gliscor|211\/354 tox
|-damage|p2a: Gliscor|162\/354 tox
|-hitcount|p2a: Gliscor|4
|
|-weather|RainDance|[upkeep]
|-heal|p1a: Breloom|214\/262|[from] item: Leftovers
|-heal|p2a: Gliscor|206\/354 tox|[from] ability: Poison Heal
|turn|44
|callback|decision
|
|move|p2a: Gliscor|Protect|p2a: Gliscor
|-singleturn|p2a: Gliscor|Protect
|move|p1a: Breloom|Bullet Seed|p2a: Gliscor
|-activate|p2a: Gliscor|Protect
|
|-weather|RainDance|[upkeep]
|-heal|p1a: Breloom|230\/262|[from] item: Leftovers
|-heal|p2a: Gliscor|250\/354 tox|[from] ability: Poison Heal
|turn|45
|callback|decision
|
|move|p2a: Gliscor|Toxic|p1a: Breloom
|-status|p1a: Breloom|tox
|move|p1a: Breloom|Bullet Seed|p2a: Gliscor
|-damage|p2a: Gliscor|202\/354 tox
|-damage|p2a: Gliscor|154\/354 tox
|-damage|p2a: Gliscor|111\/354 tox
|-damage|p2a: Gliscor|62\/354 tox
|-damage|p2a: Gliscor|16\/354 tox
|-hitcount|p2a: Gliscor|5
|
|-weather|RainDance|[upkeep]
|-heal|p1a: Breloom|246\/262 tox|[from] item: Leftovers
|-heal|p2a: Gliscor|60\/354 tox|[from] ability: Poison Heal
|-damage|p1a: Breloom|230\/262 tox|[from] psn
|-end|p1a: Breloom|move: Taunt
|turn|46
|callback|decision
|
|move|p2a: Gliscor|Taunt|p1a: Breloom
|-start|p1a: Breloom|move: Taunt
|cant|p1a: Breloom|move: Taunt|Swords Dance
|
|-weather|RainDance|[upkeep]
|-heal|p1a: Breloom|246\/262 tox|[from] item: Leftovers
|-heal|p2a: Gliscor|104\/354 tox|[from] ability: Poison Heal
|-damage|p1a: Breloom|214\/262 tox|[from] psn
|turn|47
|callback|decision
|
|move|p2a: Gliscor|Protect|p2a: Gliscor
|-singleturn|p2a: Gliscor|Protect
|move|p1a: Breloom|Bullet Seed|p2a: Gliscor
|-activate|p2a: Gliscor|Protect
|
|-weather|RainDance|[upkeep]
|-heal|p1a: Breloom|230\/262 tox|[from] item: Leftovers
|-heal|p2a: Gliscor|148\/354 tox|[from] ability: Poison Heal
|-damage|p1a: Breloom|182\/262 tox|[from] psn
|turn|48
|callback|decision
|
|move|p2a: Gliscor|Earthquake|p1a: Breloom
|-resisted|p1a: Breloom
|-damage|p1a: Breloom|112\/262 tox
|move|p1a: Breloom|Bullet Seed|p2a: Gliscor
|-damage|p2a: Gliscor|102\/354 tox
|-damage|p2a: Gliscor|51\/354 tox
|-hitcount|p2a: Gliscor|2
|
|-weather|RainDance|[upkeep]
|-heal|p1a: Breloom|128\/262 tox|[from] item: Leftovers
|-heal|p2a: Gliscor|95\/354 tox|[from] ability: Poison Heal
|-damage|p1a: Breloom|64\/262 tox|[from] psn
|-end|p1a: Breloom|move: Taunt
|turn|49
|callback|decision
|
|switch|p1a: Terrakion|Terrakion|263\/323
|-damage|p1a: Terrakion|243\/323|[from] Stealth Rock
|-damage|p1a: Terrakion|203\/323|[from] Spikes
|move|p2a: Gliscor|Earthquake|p1a: Terrakion
|-supereffective|p1a: Terrakion
|-damage|p1a: Terrakion|0 fnt
|faint|p1a: Terrakion
|
|-weather|RainDance|[upkeep]
|-heal|p2a: Gliscor|139\/354 tox|[from] ability: Poison Heal
|callback|decision
|
|switch|p1a: Dragonite|Dragonite, F|368\/368
|-damage|p1a: Dragonite|276\/368|[from] Stealth Rock
|turn|50
|callback|decision
|
|move|p2a: Gliscor|Protect|p2a: Gliscor
|-singleturn|p2a: Gliscor|Protect
|move|p1a: Dragonite|Dragon Dance|p1a: Dragonite
|-boost|p1a: Dragonite|atk|1
|-boost|p1a: Dragonite|spe|1
|
|-weather|RainDance|[upkeep]
|-heal|p1a: Dragonite|299\/368|[from] item: Leftovers
|-heal|p2a: Gliscor|183\/354 tox|[from] ability: Poison Heal
|turn|51
|callback|decision
|
|switch|p2a: Bronzong|Bronzong|94\/338
|-damage|p2a: Bronzong|73\/338|[from] Stealth Rock
|move|p1a: Dragonite|Dragon Claw|p2a: Bronzong
|-resisted|p2a: Bronzong
|-damage|p2a: Bronzong|4\/338
|
|-weather|RainDance|[upkeep]
|-heal|p1a: Dragonite|322\/368|[from] item: Leftovers
|-heal|p2a: Bronzong|25\/338|[from] item: Leftovers
|turn|52
|callback|decision
|
|move|p1a: Dragonite|Dragon Claw|p2a: Bronzong
|-crit|p2a: Bronzong
|-resisted|p2a: Bronzong
|-damage|p2a: Bronzong|0 fnt
|faint|p2a: Bronzong
|
|-weather|RainDance|[upkeep]
|-heal|p1a: Dragonite|345\/368|[from] item: Leftovers
|callback|decision
|
|switch|p2a: Ferrothorn|Ferrothorn, M|113\/352 par
|-damage|p2a: Ferrothorn|91\/352 par|[from] Stealth Rock
|turn|53
|callback|decision
|
|move|p1a: Dragonite|Earthquake|p2a: Ferrothorn
|-damage|p2a: Ferrothorn|0 fnt
|faint|p2a: Ferrothorn
|
|-weather|RainDance|[upkeep]
|-heal|p1a: Dragonite|368\/368|[from] item: Leftovers
|callback|decision
|
|switch|p2a: Jirachi|Jirachi|225\/404
|-damage|p2a: Jirachi|200\/404|[from] Stealth Rock
|turn|54
|callback|decision
|
|move|p2a: Jirachi|Protect|p2a: Jirachi
|-singleturn|p2a: Jirachi|Protect
|move|p1a: Dragonite|Earthquake|p2a: Jirachi
|-activate|p2a: Jirachi|Protect
|
|-weather|RainDance|[upkeep]
|-heal|p2a: Jirachi|225\/404|[from] item: Leftovers
|turn|55
|callback|decision
|join|OroAurum
|
|switch|p2a: Gliscor|Gliscor, F|183\/354 tox
|-damage|p2a: Gliscor|139\/354 tox|[from] Stealth Rock
|move|p1a: Dragonite|Earthquake|p2a: Gliscor
|-immune|p2a: Gliscor|[msg]
|
|-weather|RainDance|[upkeep]
|-heal|p2a: Gliscor|183\/354 tox|[from] ability: Poison Heal
|turn|56
|callback|decision
|
|move|p2a: Gliscor|Protect|p2a: Gliscor
|-singleturn|p2a: Gliscor|Protect
|move|p1a: Dragonite|Dragon Claw|p2a: Gliscor
|-activate|p2a: Gliscor|Protect
|
|-weather|RainDance|[upkeep]
|-heal|p2a: Gliscor|227\/354 tox|[from] ability: Poison Heal
|turn|57
|callback|decision
|
|move|p1a: Dragonite|Dragon Claw|p2a: Gliscor
|-damage|p2a: Gliscor|94\/354 tox
|move|p2a: Gliscor|Toxic|p1a: Dragonite
|-status|p1a: Dragonite|tox
|
|-weather|RainDance|[upkeep]
|-damage|p1a: Dragonite|345\/368 tox|[from] psn
|-heal|p2a: Gliscor|138\/354 tox|[from] ability: Poison Heal
|turn|58
|callback|decision
|
|move|p2a: Gliscor|Protect|p2a: Gliscor
|-singleturn|p2a: Gliscor|Protect
|move|p1a: Dragonite|Dragon Dance|p1a: Dragonite
|-boost|p1a: Dragonite|atk|1
|-boost|p1a: Dragonite|spe|1
|
|-weather|RainDance|[upkeep]
|-heal|p1a: Dragonite|368\/368 tox|[from] item: Leftovers
|-damage|p1a: Dragonite|322\/368 tox|[from] psn
|-heal|p2a: Gliscor|182\/354 tox|[from] ability: Poison Heal
|turn|59
|callback|decision
|chat|OroAurum|Uh oh
|chat|OroAurum|He is gonna sweep
|
|move|p2a: Gliscor|Protect|p2a: Gliscor
|-fail|p2a: Gliscor
|move|p1a: Dragonite|Dragon Claw|p2a: Gliscor
|-damage|p2a: Gliscor|10\/354 tox
|
|-weather|RainDance|[upkeep]
|-heal|p1a: Dragonite|345\/368 tox|[from] item: Leftovers
|-damage|p1a: Dragonite|276\/368 tox|[from] psn
|-heal|p2a: Gliscor|54\/354 tox|[from] ability: Poison Heal
|turn|60
|callback|decision
|
|switch|p2a: Politoed|Politoed, M|74\/384
|-damage|p2a: Politoed|26\/384|[from] Stealth Rock
|move|p1a: Dragonite|Dragon Claw|p2a: Politoed
|-damage|p2a: Politoed|0 fnt
|faint|p2a: Politoed
|
|-weather|RainDance|[upkeep]
|-heal|p1a: Dragonite|299\/368 tox|[from] item: Leftovers
|-damage|p1a: Dragonite|207\/368 tox|[from] psn
|callback|decision
|
|switch|p2a: Jirachi|Jirachi|225\/404
|-damage|p2a: Jirachi|200\/404|[from] Stealth Rock
|turn|61
|callback|decision
|
|move|p2a: Jirachi|Protect|p2a: Jirachi
|-singleturn|p2a: Jirachi|Protect
|move|p1a: Dragonite|Roost|p1a: Dragonite
|-heal|p1a: Dragonite|368\/368 tox
|
|-weather|RainDance|[upkeep]
|-heal|p2a: Jirachi|225\/404|[from] item: Leftovers
|-damage|p1a: Dragonite|253\/368 tox|[from] psn
|turn|62
|callback|decision
|
|switch|p2a: Gliscor|Gliscor, F|54\/354 tox
|-damage|p2a: Gliscor|10\/354 tox|[from] Stealth Rock
|move|p1a: Dragonite|Earthquake|p2a: Gliscor
|-immune|p2a: Gliscor|[msg]
|
|-weather|RainDance|[upkeep]
|-heal|p1a: Dragonite|276\/368 tox|[from] item: Leftovers
|-damage|p1a: Dragonite|138\/368 tox|[from] psn
|-heal|p2a: Gliscor|54\/354 tox|[from] ability: Poison Heal
|turn|63
|callback|decision
|
|switch|p1a: Breloom|Breloom, M|64\/262 tox
|-damage|p1a: Breloom|32\/262 tox|[from] Spikes
|-damage|p1a: Breloom|16\/262 tox|[from] Stealth Rock
|move|p2a: Gliscor|Protect|p2a: Gliscor
|-fail|p2a: Gliscor
|
|-weather|RainDance|[upkeep]
|-heal|p1a: Breloom|32\/262 tox|[from] item: Leftovers
|-heal|p2a: Gliscor|98\/354 tox|[from] ability: Poison Heal
|-damage|p1a: Breloom|16\/262 tox|[from] psn
|turn|64
|callback|decision
|
|move|p1a: Breloom|Mach Punch|p2a: Gliscor
|-resisted|p2a: Gliscor
|-damage|p2a: Gliscor|59\/354 tox
|move|p2a: Gliscor|Earthquake|p1a: Breloom
|-crit|p1a: Breloom
|-resisted|p1a: Breloom
|-damage|p1a: Breloom|0 fnt
|faint|p1a: Breloom
|
|-weather|RainDance|[upkeep]
|-heal|p2a: Gliscor|103\/354 tox|[from] ability: Poison Heal
|callback|decision
|chat|OroAurum|awww no sweep
|
|switch|p1a: Dragonite|Dragonite, F|138\/368 tox
|-damage|p1a: Dragonite|46\/368 tox|[from] Stealth Rock
|turn|65
|callback|decision
|chat|OroAurum|I want my money back
|
|move|p1a: Dragonite|Roost|p1a: Dragonite
|-heal|p1a: Dragonite|230\/368 tox
|move|p2a: Gliscor|Taunt|p1a: Dragonite
|-start|p1a: Dragonite|move: Taunt
|
|-weather|RainDance|[upkeep]
|-heal|p1a: Dragonite|253\/368 tox|[from] item: Leftovers
|-damage|p1a: Dragonite|230\/368 tox|[from] psn
|-heal|p2a: Gliscor|147\/354 tox|[from] ability: Poison Heal
|turn|66
|callback|decision
|
|move|p2a: Gliscor|Protect|p2a: Gliscor
|-singleturn|p2a: Gliscor|Protect
|move|p1a: Dragonite|Dragon Claw|p2a: Gliscor
|-activate|p2a: Gliscor|Protect
|
|-weather|RainDance|[upkeep]
|-heal|p1a: Dragonite|253\/368 tox|[from] item: Leftovers
|-damage|p1a: Dragonite|207\/368 tox|[from] psn
|-heal|p2a: Gliscor|191\/354 tox|[from] ability: Poison Heal
|turn|67
|callback|decision
|
|move|p1a: Dragonite|Dragon Claw|p2a: Gliscor
|-damage|p2a: Gliscor|106\/354 tox
|move|p2a: Gliscor|Toxic|p1a: Dragonite
|-fail|p1a: Dragonite|tox
|
|-weather|RainDance|[upkeep]
|-heal|p1a: Dragonite|230\/368 tox|[from] item: Leftovers
|-damage|p1a: Dragonite|161\/368 tox|[from] psn
|-heal|p2a: Gliscor|150\/354 tox|[from] ability: Poison Heal
|turn|68
|callback|decision
|-message|Coatay forfeited.
|
|win|goonsville
|raw|Ladder updating...
|raw|Coatay's rating: 1766 &rarr; <strong>1761<\/strong><br \/>(-5 for losing)
|raw|goonsville's rating: 1556 &rarr; <strong>1562<\/strong><br \/>(+6 for winning)
|leave|Coatay
|player|p1