|join|Hogback_fosh_men
|join|Coatay
|player|p1|Hogback_fosh_men|169
|player|p2|Coatay|2
|gametype|singles
|gen|6
|tier|OU
|rated
|clearpoke
|poke|p1|Pinsir, F
|poke|p1|Gengar, M, shiny
|poke|p1|Rotom-Wash
|poke|p1|Ferrothorn, F
|poke|p1|Heatran, M
|poke|p1|Conkeldurr, F, shiny
|poke|p2|Pinsir, M, shiny
|poke|p2|Latios, M
|poke|p2|Clefable, M
|poke|p2|Keldeo-Resolute, shiny
|poke|p2|Magnezone, shiny
|poke|p2|Landorus-Therian, M
|rule|Swagger Clause: Swagger is banned
|rule|Baton Pass Clause: Limit one PokÃ©mon knowing Baton Pass
|rule|Sleep Clause Mod: Limit one foe put to sleep
|rule|Species Clause: Limit one of each PokÃ©mon
|rule|OHKO Clause: OHKO moves are banned
|rule|Moody Clause: Moody is banned
|rule|Evasion Moves Clause: Evasion moves are banned
|rule|Endless Battle Clause: Forcing endless battles is banned
|rule|HP Percentage Mod: HP is shown in percentages
|teampreview
|
|start
|switch|p1a: Rotom-Wash|Rotom-Wash|242\/242
|switch|p2a: Cat|Landorus-Therian, M|319\/319
|-ability|p2a: Cat|Intimidate|[of] p1a: Rotom-Wash
|-unboost|p1a: Rotom-Wash|atk|1
|turn|1
|
|move|p2a: Cat|U-turn|p1a: Rotom-Wash
|-damage|p1a: Rotom-Wash|153\/242
|
|switch|p2a: G6|Latios, M|309\/309
|move|p1a: Rotom-Wash|Hydro Pump|p2a: G6
|-resisted|p2a: G6
|-damage|p2a: G6|231\/309
|
|turn|2
|
|switch|p1a: Heatran|Heatran, M|324\/324
|switch|p2a: Zone'd|Magnezone, shiny|281\/281
|
|turn|3
|
|move|p2a: Zone'd|Volt Switch|p1a: Heatran
|-damage|p1a: Heatran|210\/324
|
|switch|p2a: Horse|Keldeo-Resolute, shiny|323\/323
|move|p1a: Heatran|Lava Plume|p2a: Horse
|-resisted|p2a: Horse
|-damage|p2a: Horse|250\/323
|-status|p2a: Horse|brn
|
|-heal|p1a: Heatran|230\/324|[from] item: Leftovers
|-damage|p2a: Horse|210\/323 brn|[from] brn
|turn|4
|
|move|p1a: Heatran|Protect|p1a: Heatran
|-singleturn|p1a: Heatran|Protect
|move|p2a: Horse|Secret Sword|p1a: Heatran
|-activate|p1a: Heatran|Protect
|
|-heal|p1a: Heatran|250\/324|[from] item: Leftovers
|-damage|p2a: Horse|170\/323 brn|[from] brn
|turn|5
|
|switch|p2a: OG Mega Mence|Pinsir, M, shiny|271\/271
|-ability|p2a: OG Mega Mence|Mold Breaker
|switch|p1a: Nightmare|Gengar, M, shiny|262\/262
|
|turn|6
|
|detailschange|p2a: OG Mega Mence|Pinsir-Mega, M, shiny
|message|Pinsir has Mega Evolved into Mega Pinsir!
|move|p1a: Nightmare|Sludge Bomb|p2a: OG Mega Mence
|-damage|p2a: OG Mega Mence|15\/271
|move|p2a: OG Mega Mence|Frustration|p1a: Nightmare
|-damage|p1a: Nightmare|0 fnt
|faint|p1a: Nightmare
|
|
|switch|p1a: Rotom-Wash|Rotom-Wash|153\/242
|turn|7
|
|switch|p2a: G6|Latios, M|231\/309
|move|p1a: Rotom-Wash|Volt Switch|p2a: G6
|-resisted|p2a: G6
|-damage|p2a: G6|182\/309
|
|switch|p1a: Heatran|Heatran, M|250\/324
|
|-heal|p1a: Heatran|270\/324|[from] item: Leftovers
|turn|8
|
|move|p2a: G6|Recover|p2a: G6
|-heal|p2a: G6|309\/309
|move|p1a: Heatran|Lava Plume|p2a: G6
|-resisted|p2a: G6
|-damage|p2a: G6|243\/309
|-status|p2a: G6|brn
|
|-heal|p1a: Heatran|290\/324|[from] item: Leftovers
|-damage|p2a: G6|205\/309 brn|[from] brn
|turn|9
|
|move|p2a: G6|Psyshock|p1a: Heatran
|-crit|p1a: Heatran
|-resisted|p1a: Heatran
|-damage|p1a: Heatran|169\/324
|-damage|p2a: G6|175\/309 brn|[from] item: Life Orb
|move|p1a: Heatran|Flash Cannon|p2a: G6
|-damage|p2a: G6|55\/309 brn
|
|-heal|p1a: Heatran|189\/324|[from] item: Leftovers
|-damage|p2a: G6|17\/309 brn|[from] brn
|turn|10
|
|move|p2a: G6|Draco Meteor|p1a: Heatran
|-resisted|p1a: Heatran
|-damage|p1a: Heatran|49\/324
|-unboost|p2a: G6|spa|2
|-damage|p2a: G6|0 fnt|[from] item: Life Orb
|faint|p2a: G6
|move|p1a: Heatran|Flash Cannon|p2: G6|[notarget]
|-notarget
|
|-heal|p1a: Heatran|69\/324|[from] item: Leftovers
|
|switch|p2a: Zone'd|Magnezone, shiny|281\/281
|turn|11
|
|move|p1a: Heatran|Protect|p1a: Heatran
|-singleturn|p1a: Heatran|Protect
|move|p2a: Zone'd|Volt Switch|p1a: Heatran
|-activate|p1a: Heatran|Protect
|
|-heal|p1a: Heatran|89\/324|[from] item: Leftovers
|turn|12
|
|move|p2a: Zone'd|Volt Switch|p1a: Heatran
|-damage|p1a: Heatran|0 fnt
|faint|p1a: Heatran
|
|switch|p2a: Clef.|Clefable, M|390\/390
|
|
|switch|p1a: Pinsir|Pinsir, F|272\/272
|turn|13
|
|detailschange|p1a: Pinsir|Pinsir-Mega, F
|message|Pinsir has Mega Evolved into Mega Pinsir!
|move|p1a: Pinsir|Return|p2a: Clef.
|-damage|p2a: Clef.|90\/390
|move|p2a: Clef.|Fire Blast|p1a: Pinsir|[miss]
|-miss|p2a: Clef.|p1a: Pinsir
|
|-heal|p2a: Clef.|114\/390|[from] item: Leftovers
|turn|14
|
|move|p1a: Pinsir|Return|p2a: Clef.
|-damage|p2a: Clef.|0 fnt
|faint|p2a: Clef.
|
|
|switch|p2a: Zone'd|Magnezone, shiny|281\/281
|turn|15
|
|switch|p1a: Ferrothorn|Ferrothorn, F|352\/352
|move|p2a: Zone'd|Thunderbolt|p1a: Ferrothorn
|-resisted|p1a: Ferrothorn
|-damage|p1a: Ferrothorn|297\/352
|
|turn|16
|
|switch|p2a: Cat|Landorus-Therian, M|319\/319
|-ability|p2a: Cat|Intimidate|[of] p1a: Ferrothorn
|-unboost|p1a: Ferrothorn|atk|1
|move|p1a: Ferrothorn|Stealth Rock|p2a: Cat
|-sidestart|p2: Coatay|move: Stealth Rock
|
|turn|17
|
|move|p2a: Cat|U-turn|p1a: Ferrothorn
|-damage|p1a: Ferrothorn|232\/352
|-damage|p2a: Cat|280\/319|[from] ability: Iron Barbs|[of] p1a: Ferrothorn
|-damage|p2a: Cat|227\/319|[from] item: Rocky Helmet|[of] p1a: Ferrothorn
|
|switch|p2a: Zone'd|Magnezone, shiny|281\/281
|-damage|p2a: Zone'd|264\/281|[from] Stealth Rock
|move|p1a: Ferrothorn|Spikes|p2a: Zone'd
|-sidestart|p2: Coatay|Spikes
|
|turn|18
|
|move|p2a: Zone'd|Hidden Power|p1a: Ferrothorn
|-supereffective|p1a: Ferrothorn
|-damage|p1a: Ferrothorn|28\/352
|move|p1a: Ferrothorn|Spikes|p2a: Zone'd
|-sidestart|p2: Coatay|Spikes
|
|turn|19
|
|move|p2a: Zone'd|Hidden Power|p1a: Ferrothorn
|-supereffective|p1a: Ferrothorn
|-damage|p1a: Ferrothorn|0 fnt
|faint|p1a: Ferrothorn
|
|
|switch|p1a: UncleRucus|Conkeldurr, F, shiny|402\/402
|turn|20
|
|switch|p2a: OG Mega Mence|Pinsir-Mega, M, shiny|15\/271
|-damage|p2a: OG Mega Mence|0 fnt|[from] Stealth Rock
|faint|p2a: OG Mega Mence
|move|p1a: UncleRucus|Drain Punch|p2: OG Mega Mence|[notarget]
|-notarget
|
|
|switch|p2a: Cat|Landorus-Therian, M|227\/319
|-damage|p2a: Cat|188\/319|[from] Stealth Rock
|-ability|p2a: Cat|Intimidate|[of] p1a: UncleRucus
|-unboost|p1a: UncleRucus|atk|1
|turn|21
|
|move|p2a: Cat|Superpower|p1a: UncleRucus
|-damage|p1a: UncleRucus|248\/402
|-unboost|p2a: Cat|atk|1
|-unboost|p2a: Cat|def|1
|move|p1a: UncleRucus|Ice Punch|p2a: Cat
|-supereffective|p2a: Cat
|-damage|p2a: Cat|0 fnt
|faint|p2a: Cat
|
|
|switch|p2a: Horse|Keldeo-Resolute, shiny|170\/323 brn
|-damage|p2a: Horse|150\/323 brn|[from] Stealth Rock
|-damage|p2a: Horse|97\/323 brn|[from] Spikes
|turn|22
|
|move|p1a: UncleRucus|Mach Punch|p2a: Horse
|-damage|p2a: Horse|37\/323 brn
|move|p2a: Horse|Hydro Pump|p1a: UncleRucus
|-damage|p1a: UncleRucus|1\/402
|
|-damage|p2a: Horse|0 fnt|[from] brn
|faint|p2a: Horse
|
|switch|p2a: Zone'd|Magnezone, shiny|264\/281
|-damage|p2a: Zone'd|247\/281|[from] Stealth Rock
|-damage|p2a: Zone'd|201\/281|[from] Spikes
|turn|23
|
|move|p1a: UncleRucus|Mach Punch|p2a: Zone'd
|-supereffective|p2a: Zone'd
|-damage|p2a: Zone'd|103\/281
|move|p2a: Zone'd|Thunderbolt|p1a: UncleRucus
|-damage|p1a: UncleRucus|0 fnt
|faint|p1a: UncleRucus
|
|
|switch|p1a: Rotom-Wash|Rotom-Wash|153\/242
|turn|24
|
|move|p1a: Rotom-Wash|Hydro Pump|p2a: Zone'd
|-damage|p2a: Zone'd|0 fnt
|faint|p2a: Zone'd
|
|win|Hogback_fosh_men
|raw|Ladder updating...
|raw|Hogback_fosh_men's rating: 1816 &rarr; <strong>1829<\/strong><br \/>(+13 for winning)
|raw|Coatay's rating: 1684 &rarr; <strong>1671<\/strong><br \/>(-13 for losing)
|leave|Coatay
|player|p2