|join|ASTOUNDED
|join|Coatay
|player|p1|ASTOUNDED|52
|player|p2|Coatay|169
|gametype|singles
|gen|6
|tier|OU
|rated
|clearpoke
|poke|p1|Tyranitar, M
|poke|p1|Landorus-Therian, M
|poke|p1|Rotom-Wash
|poke|p1|Conkeldurr, F
|poke|p1|Manectric, M
|poke|p1|Gengar, F
|poke|p2|Politoed, M
|poke|p2|Claydol
|poke|p2|Manaphy, shiny
|poke|p2|Amoonguss, F
|poke|p2|Kabutops, M
|poke|p2|Scizor, M
|rule|Swagger Clause: Swagger is banned
|rule|Baton Pass Clause: Limit one PokÃ©mon knowing Baton Pass
|rule|Sleep Clause Mod: Limit one foe put to sleep
|rule|Species Clause: Limit one of each PokÃ©mon
|rule|OHKO Clause: OHKO moves are banned
|rule|Moody Clause: Moody is banned
|rule|Evasion Moves Clause: Evasion moves are banned
|rule|Endless Battle Clause: Forcing endless battles is banned
|rule|HP Percentage Mod: HP is shown in percentages
|teampreview
|
|start
|switch|p1a: Rotom-Wash|Rotom-Wash|304\/304
|switch|p2a: Politoed|Politoed, M|384\/384
|-weather|RainDance
|turn|1
|
|move|p1a: Rotom-Wash|Will-O-Wisp|p2a: Politoed
|-status|p2a: Politoed|brn
|move|p2a: Politoed|Toxic|p1a: Rotom-Wash
|-status|p1a: Rotom-Wash|tox
|
|-weather|RainDance|[upkeep]
|-damage|p1a: Rotom-Wash|285\/304 tox|[from] psn
|-damage|p2a: Politoed|336\/384 brn|[from] brn
|turn|2
|
|switch|p2a: Amoonguss|Amoonguss, F|432\/432
|move|p1a: Rotom-Wash|Volt Switch|p2a: Amoonguss
|-resisted|p2a: Amoonguss
|-damage|p2a: Amoonguss|384\/432
|
|switch|p1a: Landorus-Therian|Landorus-Therian, M|382\/382
|-ability|p1a: Landorus-Therian|Intimidate|[of] p2a: Amoonguss
|-unboost|p2a: Amoonguss|atk|1
|
|-weather|RainDance|[upkeep]
|-heal|p2a: Amoonguss|411\/432|[from] item: Black Sludge
|turn|3
|
|move|p1a: Landorus-Therian|Stealth Rock|p2a: Amoonguss
|-sidestart|p2: Coatay|move: Stealth Rock
|move|p2a: Amoonguss|Hidden Power|p1a: Landorus-Therian
|-supereffective|p1a: Landorus-Therian
|-damage|p1a: Landorus-Therian|174\/382
|
|-weather|RainDance|[upkeep]
|-heal|p1a: Landorus-Therian|197\/382|[from] item: Leftovers
|-heal|p2a: Amoonguss|432\/432|[from] item: Black Sludge
|turn|4
|
|move|p1a: Landorus-Therian|Knock Off|p2a: Amoonguss
|-crit|p2a: Amoonguss
|-damage|p2a: Amoonguss|278\/432
|-enditem|p2a: Amoonguss|Black Sludge|[from] move: Knock Off|[of] p1a: Landorus-Therian
|move|p2a: Amoonguss|Spore|p1a: Landorus-Therian
|-status|p1a: Landorus-Therian|slp
|
|-weather|RainDance|[upkeep]
|-heal|p1a: Landorus-Therian|220\/382 slp|[from] item: Leftovers
|turn|5
|
|switch|p1a: Conkeldurr|Conkeldurr, F|414\/414
|switch|p2a: Manaphy|Manaphy, shiny|404\/404
|-damage|p2a: Manaphy|354\/404|[from] Stealth Rock
|
|-weather|RainDance|[upkeep]
|-heal|p2a: Manaphy|379\/404|[from] item: Leftovers
|turn|6
|
|move|p2a: Manaphy|Tail Glow|p2a: Manaphy
|-boost|p2a: Manaphy|spa|3
|move|p1a: Conkeldurr|Knock Off|p2a: Manaphy
|-damage|p2a: Manaphy|255\/404
|-enditem|p2a: Manaphy|Leftovers|[from] move: Knock Off|[of] p1a: Conkeldurr
|
|-weather|RainDance|[upkeep]
|turn|7
|
|move|p2a: Manaphy|Surf|p1a: Conkeldurr
|-damage|p1a: Conkeldurr|0 fnt
|faint|p1a: Conkeldurr
|
|-weather|RainDance|[upkeep]
|
|switch|p1a: Manectric|Manectric, M|282\/282
|turn|8
|
|switch|p2a: Claydol|Claydol|324\/324
|-damage|p2a: Claydol|304\/324|[from] Stealth Rock
|detailschange|p1a: Manectric|Manectric-Mega, M
|message|Manectric has Mega Evolved into Mega Manectric!
|-ability|p1a: Manectric|Intimidate|[of] p2a: Claydol
|-unboost|p2a: Claydol|atk|1
|move|p1a: Manectric|Thunderbolt|p2a: Claydol
|-immune|p2a: Claydol|[msg]
|
|-weather|none
|-heal|p2a: Claydol|324\/324|[from] item: Leftovers
|turn|9
|
|switch|p1a: Gengar|Gengar, F|262\/262
|move|p2a: Claydol|Stealth Rock|p1a: Gengar
|-sidestart|p1: ASTOUNDED|move: Stealth Rock
|
|turn|10
|
|switch|p2a: Politoed|Politoed, M|336\/384 brn
|-damage|p2a: Politoed|288\/384 brn|[from] Stealth Rock
|-weather|RainDance
|move|p1a: Gengar|Substitute|p1a: Gengar
|-start|p1a: Gengar|Substitute
|-damage|p1a: Gengar|197\/262
|
|-weather|RainDance|[upkeep]
|-heal|p1a: Gengar|213\/262|[from] item: Black Sludge
|-damage|p2a: Politoed|240\/384 brn|[from] brn
|turn|11
|
|switch|p2a: Scizor|Scizor, M|344\/344
|-damage|p2a: Scizor|301\/344|[from] Stealth Rock
|move|p1a: Gengar|Sludge Wave|p2a: Scizor
|-immune|p2a: Scizor|[msg]
|
|-weather|RainDance|[upkeep]
|-heal|p1a: Gengar|229\/262|[from] item: Black Sludge
|turn|12
|
|detailschange|p2a: Scizor|Scizor-Mega, M
|message|Scizor has Mega Evolved into Mega Scizor!
|move|p2a: Scizor|Bullet Punch|p1a: Gengar
|-end|p1a: Gengar|Substitute
|move|p1a: Gengar|Shadow Ball|p2a: Scizor
|-damage|p2a: Scizor|151\/344
|
|-weather|RainDance|[upkeep]
|-heal|p1a: Gengar|245\/262|[from] item: Black Sludge
|turn|13
|
|move|p1a: Gengar|Shadow Ball|p2a: Scizor
|-damage|p2a: Scizor|0 fnt
|faint|p2a: Scizor
|
|-weather|RainDance|[upkeep]
|-heal|p1a: Gengar|261\/262|[from] item: Black Sludge
|
|switch|p2a: Kabutops|Kabutops, M|262\/262
|-damage|p2a: Kabutops|230\/262|[from] Stealth Rock
|turn|14
|
|switch|p1a: Landorus-Therian|Landorus-Therian, M|220\/382 slp
|-damage|p1a: Landorus-Therian|173\/382 slp|[from] Stealth Rock
|-ability|p1a: Landorus-Therian|Intimidate|[of] p2a: Kabutops
|-unboost|p2a: Kabutops|atk|1
|move|p2a: Kabutops|Stone Edge|p1a: Landorus-Therian|[miss]
|-miss|p2a: Kabutops|p1a: Landorus-Therian
|
|-weather|RainDance|[upkeep]
|-heal|p1a: Landorus-Therian|196\/382 slp|[from] item: Leftovers
|turn|15
|
|switch|p1a: Rotom-Wash|Rotom-Wash|285\/304 tox
|-damage|p1a: Rotom-Wash|247\/304 tox|[from] Stealth Rock
|move|p2a: Kabutops|Swords Dance|p2a: Kabutops
|-boost|p2a: Kabutops|atk|2
|
|-weather|RainDance|[upkeep]
|-heal|p1a: Rotom-Wash|266\/304 tox|[from] item: Leftovers
|-damage|p1a: Rotom-Wash|247\/304 tox|[from] psn
|turn|16
|
|switch|p1a: Landorus-Therian|Landorus-Therian, M|196\/382 slp
|-damage|p1a: Landorus-Therian|149\/382 slp|[from] Stealth Rock
|-ability|p1a: Landorus-Therian|Intimidate|[of] p2a: Kabutops
|-unboost|p2a: Kabutops|atk|1
|move|p2a: Kabutops|Stone Edge|p1a: Landorus-Therian
|-damage|p1a: Landorus-Therian|0 fnt
|-damage|p2a: Kabutops|204\/262|[from] item: Life Orb
|faint|p1a: Landorus-Therian
|
|-weather|RainDance|[upkeep]
|
|switch|p1a: Tyranitar|Tyranitar, M|342\/342
|-damage|p1a: Tyranitar|300\/342|[from] Stealth Rock
|-weather|Sandstorm
|turn|17
|
|move|p1a: Tyranitar|Pursuit|p2a: Kabutops|[from]Pursuit
|-damage|p2a: Kabutops|54\/262
|switch|p2a: Amoonguss|Amoonguss, F|422\/432
|-damage|p2a: Amoonguss|368\/432|[from] Stealth Rock
|
|-weather|Sandstorm|[upkeep]
|-damage|p2a: Amoonguss|341\/432|[from] sandstorm
|turn|18
|
|switch|p1a: Rotom-Wash|Rotom-Wash|247\/304 tox
|-damage|p1a: Rotom-Wash|209\/304 tox|[from] Stealth Rock
|move|p2a: Amoonguss|Spore|p1a: Rotom-Wash
|-fail|p1a: Rotom-Wash
|
|-weather|Sandstorm|[upkeep]
|-damage|p1a: Rotom-Wash|190\/304 tox|[from] sandstorm
|-damage|p2a: Amoonguss|314\/432|[from] sandstorm
|-heal|p1a: Rotom-Wash|209\/304 tox|[from] item: Leftovers
|-damage|p1a: Rotom-Wash|190\/304 tox|[from] psn
|turn|19
|
|move|p1a: Rotom-Wash|Will-O-Wisp|p2a: Amoonguss
|-status|p2a: Amoonguss|brn
|move|p2a: Amoonguss|Spore|p1a: Rotom-Wash
|-fail|p1a: Rotom-Wash
|
|-weather|Sandstorm|[upkeep]
|-damage|p1a: Rotom-Wash|171\/304 tox|[from] sandstorm
|-damage|p2a: Amoonguss|287\/432 brn|[from] sandstorm
|-heal|p1a: Rotom-Wash|190\/304 tox|[from] item: Leftovers
|-damage|p1a: Rotom-Wash|152\/304 tox|[from] psn
|-damage|p2a: Amoonguss|233\/432 brn|[from] brn
|turn|20
|
|move|p1a: Rotom-Wash|Hydro Pump|p2a: Amoonguss
|-resisted|p2a: Amoonguss
|-damage|p2a: Amoonguss|158\/432 brn
|move|p2a: Amoonguss|Sludge Bomb|p1a: Rotom-Wash
|-crit|p1a: Rotom-Wash
|-damage|p1a: Rotom-Wash|44\/304 tox
|
|-weather|Sandstorm|[upkeep]
|-damage|p1a: Rotom-Wash|25\/304 tox|[from] sandstorm
|-damage|p2a: Amoonguss|131\/432 brn|[from] sandstorm
|-heal|p1a: Rotom-Wash|44\/304 tox|[from] item: Leftovers
|-damage|p1a: Rotom-Wash|0 fnt|[from] psn
|-damage|p2a: Amoonguss|77\/432 brn|[from] brn
|faint|p1a: Rotom-Wash
|
|switch|p1a: Gengar|Gengar, F|261\/262
|-damage|p1a: Gengar|229\/262|[from] Stealth Rock
|turn|21
|
|switch|p2a: Politoed|Politoed, M|240\/384 brn
|-damage|p2a: Politoed|192\/384 brn|[from] Stealth Rock
|-weather|RainDance
|move|p1a: Gengar|Substitute|p1a: Gengar
|-start|p1a: Gengar|Substitute
|-damage|p1a: Gengar|164\/262
|
|-weather|RainDance|[upkeep]
|-heal|p1a: Gengar|180\/262|[from] item: Black Sludge
|-damage|p2a: Politoed|144\/384 brn|[from] brn
|turn|22
|
|switch|p2a: Amoonguss|Amoonguss, F|221\/432 brn
|-damage|p2a: Amoonguss|167\/432 brn|[from] Stealth Rock
|move|p1a: Gengar|Sludge Wave|p2a: Amoonguss
|-damage|p2a: Amoonguss|0 fnt
|faint|p2a: Amoonguss
|
|-weather|RainDance|[upkeep]
|-heal|p1a: Gengar|196\/262|[from] item: Black Sludge
|
|switch|p2a: Kabutops|Kabutops, M|54\/262
|-damage|p2a: Kabutops|22\/262|[from] Stealth Rock
|turn|23
|
|move|p2a: Kabutops|Waterfall|p1a: Gengar
|-end|p1a: Gengar|Substitute
|-damage|p2a: Kabutops|0 fnt|[from] item: Life Orb
|faint|p2a: Kabutops
|move|p1a: Gengar|Substitute|p1a: Gengar
|-start|p1a: Gengar|Substitute
|-damage|p1a: Gengar|131\/262
|
|-weather|RainDance|[upkeep]
|-heal|p1a: Gengar|147\/262|[from] item: Black Sludge
|
|switch|p2a: Manaphy|Manaphy, shiny|255\/404
|-damage|p2a: Manaphy|205\/404|[from] Stealth Rock
|turn|24
|
|move|p1a: Gengar|Sludge Wave|p2a: Manaphy
|-damage|p2a: Manaphy|34\/404
|move|p2a: Manaphy|Rest|p2a: Manaphy
|-status|p2a: Manaphy|slp
|-heal|p2a: Manaphy|404\/404 slp|[silent]
|-status|p2a: Manaphy|slp|[from] move: Rest
|
|-weather|RainDance|[upkeep]
|-heal|p1a: Gengar|163\/262|[from] item: Black Sludge
|-curestatus|p2a: Manaphy|slp
|turn|25
|
|move|p1a: Gengar|Shadow Ball|p2a: Manaphy
|-damage|p2a: Manaphy|271\/404
|move|p2a: Manaphy|Ice Beam|p1a: Gengar
|-end|p1a: Gengar|Substitute
|
|-weather|RainDance|[upkeep]
|-heal|p1a: Gengar|179\/262|[from] item: Black Sludge
|turn|26
|
|switch|p1a: Tyranitar|Tyranitar, M|300\/342
|-damage|p1a: Tyranitar|258\/342|[from] Stealth Rock
|-weather|Sandstorm
|move|p2a: Manaphy|Surf|p1a: Tyranitar
|-supereffective|p1a: Tyranitar
|-damage|p1a: Tyranitar|88\/342
|
|-weather|Sandstorm|[upkeep]
|-damage|p2a: Manaphy|246\/404|[from] sandstorm
|turn|27
|
|move|p1a: Tyranitar|Pursuit|p2a: Manaphy
|-damage|p2a: Manaphy|177\/404
|move|p2a: Manaphy|Surf|p1a: Tyranitar
|-supereffective|p1a: Tyranitar
|-damage|p1a: Tyranitar|0 fnt
|faint|p1a: Tyranitar
|
|-weather|Sandstorm|[upkeep]
|-damage|p2a: Manaphy|152\/404|[from] sandstorm
|
|switch|p1a: Gengar|Gengar, F|179\/262
|-damage|p1a: Gengar|147\/262|[from] Stealth Rock
|turn|28
|
|move|p1a: Gengar|Sludge Wave|p2a: Manaphy
|-damage|p2a: Manaphy|0 fnt
|faint|p2a: Manaphy
|
|-weather|Sandstorm|[upkeep]
|-damage|p1a: Gengar|131\/262|[from] sandstorm
|-heal|p1a: Gengar|147\/262|[from] item: Black Sludge
|
|switch|p2a: Claydol|Claydol|324\/324
|-damage|p2a: Claydol|304\/324|[from] Stealth Rock
|turn|29
|
|move|p1a: Gengar|Shadow Ball|p2a: Claydol
|-supereffective|p2a: Claydol
|-damage|p2a: Claydol|76\/324
|move|p2a: Claydol|Ice Beam|p1a: Gengar
|-damage|p1a: Gengar|85\/262
|
|-weather|Sandstorm|[upkeep]
|-damage|p1a: Gengar|69\/262|[from] sandstorm
|-heal|p1a: Gengar|85\/262|[from] item: Black Sludge
|-heal|p2a: Claydol|96\/324|[from] item: Leftovers
|turn|30
|-message|Coatay forfeited.
|
|win|ASTOUNDED
|raw|Ladder updating...
|leave|Coatay
|player|p2